|join|BenzMafia
|join|RowDog
|player|p1|BenzMafia|190
|player|p2|RowDog|80
|gametype|singles
|gen|6
|tier|UU
|rated
|rule|Sleep Clause Mod: Limit one foe put to sleep
|rule|Species Clause: Limit one of each PokÃ©mon
|rule|OHKO Clause: OHKO moves are banned
|rule|Moody Clause: Moody is banned
|rule|Evasion Moves Clause: Evasion moves are banned
|rule|Endless Battle Clause: Forcing endless battles is banned
|rule|HP Percentage Mod: HP is shown in percentages
|clearpoke
|poke|p1|Shaymin, shiny
|poke|p1|Empoleon, M
|poke|p1|Ampharos, F
|poke|p1|Honchkrow, M
|poke|p1|Gligar, F
|poke|p1|Victini
|poke|p2|Aromatisse, F
|poke|p2|Doublade, M
|poke|p2|Blissey, F
|poke|p2|Arcanine, F
|poke|p2|Crobat, F
|poke|p2|Gastrodon, F
|rule|Swagger Clause: Swagger is banned
|rule|Baton Pass Clause: Limit one PokÃ©mon knowing Baton Pass
|teampreview
|c|âRowDog|oh hello
|c|âBenzMafia|hi
|join|Bob the Bro
|
|start
|switch|p1a: Ampharos|Ampharos, F|383\/383
|switch|p2a: Crobat|Crobat, F|374\/374
|turn|1
|
|switch|p2a: Gastrodon|Gastrodon, F|426\/426
|move|p1a: Ampharos|Dragon Pulse|p2a: Gastrodon
|-damage|p2a: Gastrodon|346\/426
|
|-heal|p2a: Gastrodon|372\/426|[from] item: Leftovers
|turn|2
|c|âRowDog|kek
|c|âRowDog|nice mega
|c|âBenzMafia|:]
|
|switch|p1a: Shaymin|Shaymin, shiny|341\/341
|move|p2a: Gastrodon|Earthquake|p1a: Shaymin
|-resisted|p1a: Shaymin
|-damage|p1a: Shaymin|293\/341
|
|-heal|p2a: Gastrodon|398\/426|[from] item: Leftovers
|turn|3
|
|switch|p2a: Blissey|Blissey, F|714\/714
|move|p1a: Shaymin|Psychic|p2a: Blissey
|-damage|p2a: Blissey|632\/714
|-damage|p1a: Shaymin|259\/341|[from] item: Life Orb
|
|-heal|p2a: Blissey|676\/714|[from] item: Leftovers
|turn|4
|
|switch|p1a: Gligar|Gligar, F|333\/333
|move|p2a: Blissey|Stealth Rock|p1a: Gligar
|-sidestart|p1: BenzMafia|move: Stealth Rock
|
|-heal|p2a: Blissey|714\/714|[from] item: Leftovers
|turn|5
|
|switch|p2a: Arcanine|Arcanine, F|383\/383
|-ability|p2a: Arcanine|Intimidate|[of] p1a: Gligar
|-unboost|p1a: Gligar|atk|1
|move|p1a: Gligar|U-turn|p2a: Arcanine
|-crit|p2a: Arcanine
|-resisted|p2a: Arcanine
|-damage|p2a: Arcanine|353\/383
|-damage|p1a: Gligar|278\/333|[from] item: Rocky Helmet|[of] p2a: Arcanine
|
|switch|p1a: Ampharos|Ampharos, F|383\/383
|-damage|p1a: Ampharos|336\/383|[from] Stealth Rock
|
|turn|6
|
|switch|p2a: Blissey|Blissey, F|714\/714
|detailschange|p1a: Ampharos|Ampharos-Mega, F
|message|Ampharos has Mega Evolved into Mega Ampharos!
|-ability|p1a: Ampharos|Mold Breaker
|move|p1a: Ampharos|Volt Switch|p2a: Blissey
|-damage|p2a: Blissey|615\/714
|
|switch|p1a: Gligar|Gligar, F|278\/333
|-damage|p1a: Gligar|237\/333|[from] Stealth Rock
|
|-heal|p2a: Blissey|659\/714|[from] item: Leftovers
|turn|7
|
|switch|p2a: Arcanine|Arcanine, F|353\/383
|-ability|p2a: Arcanine|Intimidate|[of] p1a: Gligar
|-unboost|p1a: Gligar|atk|1
|move|p1a: Gligar|Toxic|p2a: Arcanine
|-status|p2a: Arcanine|tox
|
|-damage|p2a: Arcanine|330\/383 tox|[from] psn
|turn|8
|
|switch|p1a: Ampharos|Ampharos-Mega, F|336\/383
|-damage|p1a: Ampharos|289\/383|[from] Stealth Rock
|-ability|p1a: Ampharos|Mold Breaker
|move|p2a: Arcanine|Will-O-Wisp|p1a: Ampharos
|-status|p1a: Ampharos|brn
|
|-damage|p2a: Arcanine|284\/383 tox|[from] psn
|-damage|p1a: Ampharos|242\/383 brn|[from] brn
|turn|9
|
|switch|p2a: Gastrodon|Gastrodon, F|398\/426
|switch|p1a: Shaymin|Shaymin, shiny|259\/341
|-damage|p1a: Shaymin|217\/341|[from] Stealth Rock
|
|-heal|p2a: Gastrodon|424\/426|[from] item: Leftovers
|turn|10
|
|switch|p2a: Crobat|Crobat, F|374\/374
|move|p1a: Shaymin|Seed Flare|p2a: Crobat
|-resisted|p2a: Crobat
|-damage|p2a: Crobat|310\/374
|-damage|p1a: Shaymin|183\/341|[from] item: Life Orb
|
|-heal|p2a: Crobat|333\/374|[from] item: Black Sludge
|turn|11
|
|switch|p2a: Gastrodon|Gastrodon, F|424\/426
|switch|p1a: Ampharos|Ampharos-Mega, F|242\/383 brn
|-damage|p1a: Ampharos|195\/383 brn|[from] Stealth Rock
|-ability|p1a: Ampharos|Mold Breaker
|
|-heal|p2a: Gastrodon|426\/426|[from] item: Leftovers
|-damage|p1a: Ampharos|148\/383 brn|[from] brn
|turn|12
|
|move|p1a: Ampharos|Rest|p1a: Ampharos
|-status|p1a: Ampharos|slp
|-heal|p1a: Ampharos|383\/383 slp|[silent]
|-status|p1a: Ampharos|slp|[from] move: Rest
|move|p2a: Gastrodon|Earthquake|p1a: Ampharos
|-supereffective|p1a: Ampharos
|-damage|p1a: Ampharos|225\/383 slp
|
|turn|13
|
|switch|p1a: Shaymin|Shaymin, shiny|183\/341
|-damage|p1a: Shaymin|141\/341|[from] Stealth Rock
|move|p2a: Gastrodon|Scald|p1a: Shaymin
|-resisted|p1a: Shaymin
|-damage|p1a: Shaymin|94\/341
|-status|p1a: Shaymin|brn
|
|-damage|p1a: Shaymin|52\/341 brn|[from] brn
|turn|14
|
|switch|p2a: Crobat|Crobat, F|333\/374
|move|p1a: Shaymin|Synthesis|p1a: Shaymin
|-heal|p1a: Shaymin|222\/341 brn
|
|-heal|p2a: Crobat|356\/374|[from] item: Black Sludge
|-damage|p1a: Shaymin|180\/341 brn|[from] brn
|turn|15
|
|switch|p1a: Empoleon|Empoleon, M|371\/371
|-damage|p1a: Empoleon|348\/371|[from] Stealth Rock
|move|p2a: Crobat|Taunt|p1a: Empoleon
|-start|p1a: Empoleon|move: Taunt
|
|-heal|p2a: Crobat|374\/374|[from] item: Black Sludge
|-heal|p1a: Empoleon|371\/371|[from] item: Leftovers
|turn|16
|
|switch|p2a: Gastrodon|Gastrodon, F|426\/426
|move|p1a: Empoleon|Scald|p2a: Gastrodon
|-boost|p2a: Gastrodon|spa|1|[from] ability: Storm Drain
|
|turn|17
|
|switch|p1a: Shaymin|Shaymin, shiny|180\/341
|-damage|p1a: Shaymin|138\/341|[from] Stealth Rock
|move|p2a: Gastrodon|Scald|p1a: Shaymin
|-resisted|p1a: Shaymin
|-damage|p1a: Shaymin|75\/341
|-status|p1a: Shaymin|brn
|
|-damage|p1a: Shaymin|33\/341 brn|[from] brn
|turn|18
|c|âRowDog|sry :(
|
|switch|p2a: Crobat|Crobat, F|374\/374
|move|p1a: Shaymin|Synthesis|p1a: Shaymin
|-heal|p1a: Shaymin|203\/341 brn
|
|-damage|p1a: Shaymin|161\/341 brn|[from] brn
|turn|19
|
|switch|p1a: Gligar|Gligar, F|237\/333
|-damage|p1a: Gligar|196\/333|[from] Stealth Rock
|move|p2a: Crobat|Brave Bird|p1a: Gligar
|-damage|p1a: Gligar|103\/333
|-damage|p2a: Crobat|343\/374|[from] recoil|[of] p1a: Gligar
|
|-heal|p2a: Crobat|366\/374|[from] item: Black Sludge
|turn|20
|
|move|p2a: Crobat|Taunt|p1a: Gligar
|-start|p1a: Gligar|move: Taunt
|move|p1a: Gligar|U-turn|p2a: Crobat
|-resisted|p2a: Crobat
|-damage|p2a: Crobat|353\/374
|
|switch|p1a: Empoleon|Empoleon, M|371\/371
|-damage|p1a: Empoleon|348\/371|[from] Stealth Rock
|
|-heal|p2a: Crobat|374\/374|[from] item: Black Sludge
|-heal|p1a: Empoleon|371\/371|[from] item: Leftovers
|turn|21
|
|move|p2a: Crobat|Taunt|p1a: Empoleon
|-start|p1a: Empoleon|move: Taunt
|move|p1a: Empoleon|Ice Beam|p2a: Crobat
|-supereffective|p2a: Crobat
|-damage|p2a: Crobat|178\/374
|
|-heal|p2a: Crobat|201\/374|[from] item: Black Sludge
|turn|22
|
|move|p2a: Crobat|Roost|p2a: Crobat
|-heal|p2a: Crobat|374\/374
|move|p1a: Empoleon|Scald|p2a: Crobat
|-damage|p2a: Crobat|253\/374
|
|-heal|p2a: Crobat|276\/374|[from] item: Black Sludge
|turn|23
|
|switch|p2a: Aromatisse|Aromatisse, F|406\/406
|switch|p1a: Ampharos|Ampharos-Mega, F|225\/383 slp
|-damage|p1a: Ampharos|178\/383 slp|[from] Stealth Rock
|-ability|p1a: Ampharos|Mold Breaker
|
|turn|24
|
|switch|p1a: Empoleon|Empoleon, M|371\/371
|-damage|p1a: Empoleon|348\/371|[from] Stealth Rock
|move|p2a: Aromatisse|Aromatherapy|p2a: Aromatisse
|-cureteam|p2a: Aromatisse|[from] move: Aromatherapy
|
|-heal|p1a: Empoleon|371\/371|[from] item: Leftovers
|turn|25
|
|switch|p2a: Blissey|Blissey, F|659\/714
|move|p1a: Empoleon|Defog|p2a: Blissey
|-unboost|p2a: Blissey|evasion|1
|-sideend|p1: BenzMafia|Stealth Rock|[from] move: Defog|[of] p1a: Empoleon
|
|-heal|p2a: Blissey|703\/714|[from] item: Leftovers
|turn|26
|
|switch|p1a: Victini|Victini|403\/403
|switch|p2a: Crobat|Crobat, F|276\/374
|
|-heal|p2a: Crobat|299\/374|[from] item: Black Sludge
|turn|27
|
|switch|p2a: Arcanine|Arcanine, F|284\/383
|-ability|p2a: Arcanine|Intimidate|[of] p1a: Victini
|-unboost|p1a: Victini|atk|1
|move|p1a: Victini|Bolt Strike|p2a: Arcanine
|-damage|p2a: Arcanine|210\/383
|-damage|p1a: Victini|336\/403|[from] item: Rocky Helmet|[of] p2a: Arcanine
|-status|p2a: Arcanine|par
|
|turn|28
|
|move|p1a: Victini|Energy Ball|p2a: Arcanine
|-resisted|p2a: Arcanine
|-damage|p2a: Arcanine|168\/383 par
|move|p2a: Arcanine|Morning Sun|p2a: Arcanine
|-heal|p2a: Arcanine|359\/383 par
|
|turn|29
|
|switch|p1a: Ampharos|Ampharos-Mega, F|178\/383 slp
|-ability|p1a: Ampharos|Mold Breaker
|move|p2a: Arcanine|Flare Blitz|p1a: Ampharos
|-resisted|p1a: Ampharos
|-damage|p1a: Ampharos|121\/383 slp
|-damage|p2a: Arcanine|340\/383 par|[from] recoil|[of] p1a: Ampharos
|
|turn|30
|
|switch|p2a: Gastrodon|Gastrodon, F|426\/426
|cant|p1a: Ampharos|slp
|move|p1a: Ampharos|Sleep Talk|p1a: Ampharos
|move|p1a: Ampharos|Volt Switch|p2a: Gastrodon|[from]Sleep Talk
|-immune|p2a: Gastrodon|[msg]
|
|turn|31
|c|âBenzMafia|i am going nowhere this pressure is too much :(
|
|switch|p1a: Shaymin|Shaymin, shiny|161\/341
|switch|p2a: Blissey|Blissey, F|703\/714
|
|-heal|p2a: Blissey|714\/714|[from] item: Leftovers
|turn|32
|
|move|p1a: Shaymin|Synthesis|p1a: Shaymin
|-heal|p1a: Shaymin|331\/341
|move|p2a: Blissey|Stealth Rock|p1a: Shaymin
|-sidestart|p1: BenzMafia|move: Stealth Rock
|
|turn|33
|
|move|p1a: Shaymin|Psychic|p2a: Blissey
|-damage|p2a: Blissey|628\/714
|-damage|p1a: Shaymin|297\/341|[from] item: Life Orb
|move|p2a: Blissey|Seismic Toss|p1a: Shaymin
|-damage|p1a: Shaymin|197\/341
|
|-heal|p2a: Blissey|672\/714|[from] item: Leftovers
|turn|34
|
|move|p1a: Shaymin|Psychic|p2a: Blissey
|-damage|p2a: Blissey|578\/714
|-damage|p1a: Shaymin|163\/341|[from] item: Life Orb
|move|p2a: Blissey|Seismic Toss|p1a: Shaymin
|-damage|p1a: Shaymin|63\/341
|
|-heal|p2a: Blissey|622\/714|[from] item: Leftovers
|turn|35
|
|move|p1a: Shaymin|Psychic|p2a: Blissey
|-damage|p2a: Blissey|539\/714
|-damage|p1a: Shaymin|29\/341|[from] item: Life Orb
|move|p2a: Blissey|Seismic Toss|p1a: Shaymin
|-damage|p1a: Shaymin|0 fnt
|faint|p1a: Shaymin
|
|-heal|p2a: Blissey|583\/714|[from] item: Leftovers
|
|switch|p1a: Honchkrow|Honchkrow, M|341\/341
|-damage|p1a: Honchkrow|256\/341|[from] Stealth Rock
|turn|36
|
|move|p1a: Honchkrow|Pursuit|p2a: Blissey
|-damage|p2a: Blissey|411\/714
|-damage|p1a: Honchkrow|222\/341|[from] item: Life Orb
|move|p2a: Blissey|Soft-Boiled|p2a: Blissey
|-heal|p2a: Blissey|714\/714
|
|turn|37
|c| Bob the Bro|brave bird here
|c| Bob the Bro|lol
|c|âRowDog|suicide
|c|âRowDog|very brave indeed
|
|switch|p2a: Doublade|Doublade, M|319\/319
|move|p1a: Honchkrow|Brave Bird|p2a: Doublade
|-resisted|p2a: Doublade
|-damage|p2a: Doublade|244\/319
|-damage|p1a: Honchkrow|197\/341|[from] recoil|[of] p2a: Doublade
|-damage|p1a: Honchkrow|163\/341|[from] item: Life Orb
|
|turn|38
|
|switch|p1a: Ampharos|Ampharos-Mega, F|121\/383 slp
|-damage|p1a: Ampharos|74\/383 slp|[from] Stealth Rock
|-ability|p1a: Ampharos|Mold Breaker
|move|p2a: Doublade|Swords Dance|p2a: Doublade
|-boost|p2a: Doublade|atk|2
|
|turn|39
|
|move|p2a: Doublade|Shadow Sneak|p1a: Ampharos
|-damage|p1a: Ampharos|0 fnt
|faint|p1a: Ampharos
|
|
|switch|p1a: Empoleon|Empoleon, M|371\/371
|-damage|p1a: Empoleon|348\/371|[from] Stealth Rock
|turn|40
|
|move|p1a: Empoleon|Defog|p2a: Doublade
|-unboost|p2a: Doublade|evasion|1
|-sideend|p1: BenzMafia|Stealth Rock|[from] move: Defog|[of] p1a: Empoleon
|move|p2a: Doublade|Sacred Sword|p1a: Empoleon
|-supereffective|p1a: Empoleon
|-damage|p1a: Empoleon|0 fnt
|faint|p1a: Empoleon
|
|
|switch|p1a: Victini|Victini|336\/403
|turn|41
|
|switch|p2a: Arcanine|Arcanine, F|340\/383 par
|-ability|p2a: Arcanine|Intimidate|[of] p1a: Victini
|-unboost|p1a: Victini|atk|1
|move|p1a: Victini|V-create|p2a: Arcanine
|-resisted|p2a: Arcanine
|-damage|p2a: Arcanine|253\/383 par
|-damage|p1a: Victini|269\/403|[from] item: Rocky Helmet|[of] p2a: Arcanine
|-unboost|p1a: Victini|def|1
|-unboost|p1a: Victini|spd|1
|-unboost|p1a: Victini|spe|1
|
|turn|42
|c|âBenzMafia|now you will-o
|
|switch|p1a: Gligar|Gligar, F|103\/333
|move|p2a: Arcanine|Will-O-Wisp|p1a: Gligar
|-status|p1a: Gligar|brn
|
|-damage|p1a: Gligar|62\/333 brn|[from] brn
|turn|43
|c|âRowDog|you got me
|c|âBenzMafia|i have nothing to do at this point
|
|switch|p2a: Aromatisse|Aromatisse, F|406\/406
|move|p1a: Gligar|Earthquake|p2a: Aromatisse
|-damage|p2a: Aromatisse|367\/406
|
|-heal|p2a: Aromatisse|392\/406|[from] item: Leftovers
|-damage|p1a: Gligar|21\/333 brn|[from] brn
|turn|44
|
|move|p1a: Gligar|Earthquake|p2a: Aromatisse
|-damage|p2a: Aromatisse|349\/406
|move|p2a: Aromatisse|Aromatherapy|p2a: Aromatisse
|-cureteam|p2a: Aromatisse|[from] move: Aromatherapy
|
|-heal|p2a: Aromatisse|374\/406|[from] item: Leftovers
|-damage|p1a: Gligar|0 fnt|[from] brn
|faint|p1a: Gligar
|
|switch|p1a: Honchkrow|Honchkrow, M|163\/341
|turn|45
|
|move|p1a: Honchkrow|Brave Bird|p2a: Aromatisse
|-damage|p2a: Aromatisse|105\/406
|-damage|p1a: Honchkrow|74\/341|[from] recoil|[of] p2a: Aromatisse
|-damage|p1a: Honchkrow|40\/341|[from] item: Life Orb
|move|p2a: Aromatisse|Moonblast|p1a: Honchkrow
|-crit|p1a: Honchkrow
|-supereffective|p1a: Honchkrow
|-damage|p1a: Honchkrow|0 fnt
|faint|p1a: Honchkrow
|
|-heal|p2a: Aromatisse|130\/406|[from] item: Leftovers
|
|switch|p1a: Victini|Victini|269\/403
|turn|46
|
|move|p1a: Victini|V-create|p2a: Aromatisse
|-damage|p2a: Aromatisse|0 fnt
|-unboost|p1a: Victini|def|1
|-unboost|p1a: Victini|spd|1
|-unboost|p1a: Victini|spe|1
|faint|p2a: Aromatisse
|
|c|âRowDog|there, not a 6-0 :(
|c|âRowDog|:)
|
|switch|p2a: Arcanine|Arcanine, F|253\/383
|-ability|p2a: Arcanine|Intimidate|[of] p1a: Victini
|-unboost|p1a: Victini|atk|1
|turn|47
|c|âBenzMafia|at least that's something :P
|
|move|p2a: Arcanine|Morning Sun|p2a: Arcanine
|-heal|p2a: Arcanine|383\/383
|move|p1a: Victini|V-create|p2a: Arcanine
|-resisted|p2a: Arcanine
|-damage|p2a: Arcanine|302\/383
|-damage|p1a: Victini|202\/403|[from] item: Rocky Helmet|[of] p2a: Arcanine
|-unboost|p1a: Victini|def|1
|-unboost|p1a: Victini|spd|1
|-unboost|p1a: Victini|spe|1
|
|turn|48
|
|move|p2a: Arcanine|Extreme Speed|p1a: Victini
|-damage|p1a: Victini|77\/403
|move|p1a: Victini|V-create|p2a: Arcanine
|-resisted|p2a: Arcanine
|-damage|p2a: Arcanine|215\/383
|-damage|p1a: Victini|10\/403|[from] item: Rocky Helmet|[of] p2a: Arcanine
|-unboost|p1a: Victini|def|1
|-unboost|p1a: Victini|spd|1
|-unboost|p1a: Victini|spe|1
|
|turn|49
|c|âRowDog|gg
|c|âBenzMafia|gg
|
|move|p2a: Arcanine|Extreme Speed|p1a: Victini
|-damage|p1a: Victini|0 fnt
|faint|p1a: Victini
|
|win|RowDog
|raw|Ladder updating...
|raw|BenzMafia's rating: 1497 &rarr; <strong>1483<\/strong><br \/>(-14 for losing)
|raw|RowDog's rating: 1599 &rarr; <strong>1613<\/strong><br \/>(+14 for winning)