|join|Meruu
|join|RowDog
|player|p1|Meruu|174
|player|p2|RowDog|80
|gametype|singles
|gen|6
|tier|UU
|rated
|rule|Sleep Clause Mod: Limit one foe put to sleep
|rule|Species Clause: Limit one of each PokÃ©mon
|rule|OHKO Clause: OHKO moves are banned
|rule|Moody Clause: Moody is banned
|rule|Evasion Moves Clause: Evasion moves are banned
|rule|Endless Battle Clause: Forcing endless battles is banned
|rule|HP Percentage Mod: HP is shown in percentages
|clearpoke
|poke|p1|Pidgeot, M
|poke|p1|Starmie
|poke|p1|Florges, F
|poke|p1|Bronzong
|poke|p1|Roserade, F
|poke|p1|Entei, shiny
|poke|p2|Zygarde
|poke|p2|Tentacruel, F
|poke|p2|Fletchinder, F
|poke|p2|Audino, M
|poke|p2|Shaymin
|poke|p2|Bronzong
|rule|Swagger Clause: Swagger is banned
|rule|Baton Pass Clause: Limit one PokÃ©mon knowing Baton Pass
|teampreview
|c|âMeruu|o.o
|c|âRowDog|well fck
|
|start
|switch|p1a: Pidgeot|Pidgeot, M|317\/317
|switch|p2a: Tentacruel|Tentacruel, F|361\/361
|turn|1
|
|switch|p2a: Bronzong|Bronzong|296\/296
|detailschange|p1a: Pidgeot|Pidgeot-Mega, M
|message|Pidgeot has Mega Evolved into Mega Pidgeot!
|move|p1a: Pidgeot|Substitute|p1a: Pidgeot
|-start|p1a: Pidgeot|Substitute
|-damage|p1a: Pidgeot|238\/317
|
|turn|2
|
|move|p1a: Pidgeot|Heat Wave|p2a: Bronzong
|-crit|p2a: Bronzong
|-supereffective|p2a: Bronzong
|-damage|p2a: Bronzong|8\/296
|move|p2a: Bronzong|Gyro Ball|p1a: Pidgeot
|-end|p1a: Pidgeot|Substitute
|
|-heal|p2a: Bronzong|26\/296|[from] item: Leftovers
|turn|3
|c|âRowDog|:(
|c|âMeruu|lmao
|c|âMeruu|already dead
|c|âMeruu|rip
|
|switch|p2a: Audino|Audino, M|410\/410
|move|p1a: Pidgeot|Hurricane|p2a: Audino
|-damage|p2a: Audino|200\/410
|
|turn|4
|
|detailschange|p2a: Audino|Audino-Mega, M
|message|Audino has Mega Evolved into Mega Audino!
|move|p1a: Pidgeot|Substitute|p1a: Pidgeot
|-start|p1a: Pidgeot|Substitute
|-damage|p1a: Pidgeot|159\/317
|move|p2a: Audino|Wish|p2a: Audino
|
|turn|5
|
|move|p1a: Pidgeot|Hurricane|p2a: Audino
|-damage|p2a: Audino|29\/410
|-start|p2a: Audino|confusion
|-activate|p2a: Audino|confusion
|move|p2a: Audino|Dazzling Gleam|p1a: Pidgeot
|-end|p1a: Pidgeot|Substitute
|
|-heal|p2a: Audino|234\/410|[from] move: Wish|[wisher] Audino
|turn|6
|
|move|p1a: Pidgeot|Roost|p1a: Pidgeot
|-heal|p1a: Pidgeot|317\/317
|-activate|p2a: Audino|confusion
|-damage|p2a: Audino|224\/410|[from] confusion
|
|turn|7
|
|move|p1a: Pidgeot|Hurricane|p2a: Audino
|-damage|p2a: Audino|65\/410
|-end|p2a: Audino|confusion
|move|p2a: Audino|Wish|p2a: Audino
|
|turn|8
|c|âRowDog|and this thing is phys defensive O_o
|
|move|p2a: Audino|Protect|p2a: Audino
|-singleturn|p2a: Audino|Protect
|move|p1a: Pidgeot|Hurricane|p2a: Audino
|-activate|p2a: Audino|Protect
|
|-heal|p2a: Audino|270\/410|[from] move: Wish|[wisher] Audino
|turn|9
|
|move|p1a: Pidgeot|Hurricane|p2a: Audino
|-damage|p2a: Audino|113\/410
|move|p2a: Audino|Wish|p2a: Audino
|
|turn|10
|
|move|p2a: Audino|Protect|p2a: Audino
|-singleturn|p2a: Audino|Protect
|move|p1a: Pidgeot|Substitute|p1a: Pidgeot
|-start|p1a: Pidgeot|Substitute
|-damage|p1a: Pidgeot|238\/317
|
|-heal|p2a: Audino|318\/410|[from] move: Wish|[wisher] Audino
|turn|11
|
|move|p1a: Pidgeot|Hurricane|p2a: Audino
|-damage|p2a: Audino|159\/410
|move|p2a: Audino|Wish|p2a: Audino
|
|turn|12
|
|move|p2a: Audino|Protect|p2a: Audino
|-singleturn|p2a: Audino|Protect
|move|p1a: Pidgeot|Hurricane|p2a: Audino
|-activate|p2a: Audino|Protect
|
|-heal|p2a: Audino|364\/410|[from] move: Wish|[wisher] Audino
|turn|13
|c|âMeruu|zzz
|
|move|p1a: Pidgeot|Hurricane|p2a: Audino
|-damage|p2a: Audino|202\/410
|-start|p2a: Audino|confusion
|-activate|p2a: Audino|confusion
|-damage|p2a: Audino|192\/410|[from] confusion
|
|turn|14
|c|âMeruu|there we go
|
|move|p1a: Pidgeot|Hurricane|p2a: Audino
|-damage|p2a: Audino|12\/410
|-activate|p2a: Audino|confusion
|-damage|p2a: Audino|2\/410|[from] confusion
|
|turn|15
|c|âRowDog|no!
|c|âRowDog|:(
|
|-end|p2a: Audino|confusion
|move|p2a: Audino|Protect|p2a: Audino
|-singleturn|p2a: Audino|Protect
|move|p1a: Pidgeot|Heat Wave|p2a: Audino
|-activate|p2a: Audino|Protect
|
|turn|16
|c|âMeruu|6-0'd by the mega pidg
|
|move|p1a: Pidgeot|Hurricane|p2a: Audino
|-damage|p2a: Audino|0 fnt
|faint|p2a: Audino
|
|c|âRowDog|Iâve only been around for like 2 days in ORAS meta :(
|
|switch|p2a: Zygarde|Zygarde|404\/404
|-ability|p2a: Zygarde|Aura Break
|turn|17
|join|LiberalLucario
|
|move|p1a: Pidgeot|Hurricane|p2a: Zygarde
|-damage|p2a: Zygarde|259\/404
|move|p2a: Zygarde|Dragon Tail|p1a: Pidgeot
|-end|p1a: Pidgeot|Substitute
|
|-heal|p2a: Zygarde|284\/404|[from] item: Leftovers
|turn|18
|
|move|p1a: Pidgeot|Hurricane|p2a: Zygarde
|-damage|p2a: Zygarde|136\/404
|-start|p2a: Zygarde|confusion
|-activate|p2a: Zygarde|confusion
|-damage|p2a: Zygarde|109\/404|[from] confusion
|
|-heal|p2a: Zygarde|134\/404|[from] item: Leftovers
|turn|19
|c|âMeruu|yeah well
|c|âRowDog|:(
|c| LiberalLucario|haxin
|c|âMeruu|witness the cancer
|c|âMeruu|that is
|c| LiberalLucario|ur way to vivtory
|c|âMeruu|mega pidgeot
|
|move|p1a: Pidgeot|Substitute|p1a: Pidgeot
|-start|p1a: Pidgeot|Substitute
|-damage|p1a: Pidgeot|159\/317
|-activate|p2a: Zygarde|confusion
|-damage|p2a: Zygarde|106\/404|[from] confusion
|
|-heal|p2a: Zygarde|131\/404|[from] item: Leftovers
|turn|20
|c| LiberalLucario|oh lord
|c|âRowDog|why?
|
|move|p1a: Pidgeot|Hurricane|p2a: Zygarde
|-damage|p2a: Zygarde|0 fnt
|faint|p2a: Zygarde
|
|c|âRowDog|hax!
|c|âMeruu|lmao
|
|switch|p2a: Tentacruel|Tentacruel, F|361\/361
|turn|21
|
|move|p1a: Pidgeot|Hurricane|p2a: Tentacruel
|-damage|p2a: Tentacruel|192\/361
|-start|p2a: Tentacruel|confusion
|-activate|p2a: Tentacruel|confusion
|-damage|p2a: Tentacruel|172\/361|[from] confusion
|
|-heal|p2a: Tentacruel|194\/361|[from] item: Black Sludge
|turn|22
|c|âRowDog|plz stop
|c|âRowDog|this is rude
|
|move|p1a: Pidgeot|Hurricane|p2a: Tentacruel
|-damage|p2a: Tentacruel|25\/361
|-activate|p2a: Tentacruel|confusion
|-damage|p2a: Tentacruel|5\/361|[from] confusion
|
|-heal|p2a: Tentacruel|27\/361|[from] item: Black Sludge
|turn|23
|c| LiberalLucario|LOL
|c|âRowDog|wow
|c| LiberalLucario|meruu
|
|move|p1a: Pidgeot|Hurricane|p2a: Tentacruel
|-damage|p2a: Tentacruel|0 fnt
|faint|p2a: Tentacruel
|
|c| LiberalLucario|you're so skilled :o
|c|âRowDog|plz report
|c|âMeruu|sub roost mega pidgeot
|c|âMeruu|is fucking h0t
|
|switch|p2a: Fletchinder|Fletchinder, F|327\/327
|turn|24
|c|âMeruu|also im
|c|âMeruu|out of pp
|c|âRowDog|when it gets confuse :\/
|c|âMeruu|:[
|join|Kissed By Death
|
|move|p2a: Fletchinder|Acrobatics|p1a: Pidgeot
|-crit|p1a: Pidgeot
|-end|p1a: Pidgeot|Substitute
|move|p1a: Pidgeot|Roost|p1a: Pidgeot
|-heal|p1a: Pidgeot|317\/317
|
|turn|25
|
|switch|p1a: Bronzong|Bronzong|338\/338
|move|p2a: Fletchinder|Swords Dance|p2a: Fletchinder
|-boost|p2a: Fletchinder|atk|2
|
|turn|26
|join|watfor
|
|switch|p2a: Bronzong|Bronzong|26\/296
|move|p1a: Bronzong|Toxic|p2a: Bronzong
|-fail|p2a: Bronzong
|
|-heal|p2a: Bronzong|44\/296|[from] item: Leftovers
|turn|27
|
|move|p1a: Bronzong|Stealth Rock|p2a: Bronzong
|-sidestart|p2: RowDog|move: Stealth Rock
|move|p2a: Bronzong|Stealth Rock|p1a: Bronzong
|-sidestart|p1: Meruu|move: Stealth Rock
|
|-heal|p2a: Bronzong|62\/296|[from] item: Leftovers
|turn|28
|
|switch|p1a: Starmie|Starmie|261\/261
|-damage|p1a: Starmie|229\/261|[from] Stealth Rock
|move|p2a: Bronzong|Gyro Ball|p1a: Starmie
|-resisted|p1a: Starmie
|-damage|p1a: Starmie|160\/261
|
|-heal|p1a: Starmie|176\/261|[from] item: Leftovers
|-heal|p2a: Bronzong|80\/296|[from] item: Leftovers
|turn|29
|
|switch|p2a: Shaymin|Shaymin|341\/341
|-damage|p2a: Shaymin|299\/341|[from] Stealth Rock
|move|p1a: Starmie|Rapid Spin|p2a: Shaymin
|-damage|p2a: Shaymin|290\/341
|-sideend|p1: Meruu|Stealth Rock|[from] move: Rapid Spin|[of] p1a: Starmie
|
|-heal|p1a: Starmie|192\/261|[from] item: Leftovers
|turn|30
|
|switch|p1a: Pidgeot|Pidgeot-Mega, M|317\/317
|move|p2a: Shaymin|Psychic|p1a: Pidgeot
|-damage|p1a: Pidgeot|170\/317
|-damage|p2a: Shaymin|256\/341|[from] item: Life Orb
|
|turn|31
|
|move|p1a: Pidgeot|Heat Wave|p2a: Shaymin
|-supereffective|p2a: Shaymin
|-damage|p2a: Shaymin|22\/341
|move|p2a: Shaymin|Psychic|p1a: Pidgeot
|-damage|p1a: Pidgeot|23\/317
|-damage|p2a: Shaymin|0 fnt|[from] item: Life Orb
|faint|p2a: Shaymin
|
|
|switch|p2a: Fletchinder|Fletchinder, F|327\/327
|-damage|p2a: Fletchinder|164\/327|[from] Stealth Rock
|turn|32
|
|switch|p1a: Entei|Entei, shiny|371\/371
|-ability|p1a: Entei|Pressure
|move|p2a: Fletchinder|Acrobatics|p1a: Entei
|-damage|p1a: Entei|191\/371
|
|turn|33
|
|move|p1a: Entei|Extreme Speed|p2a: Fletchinder
|-damage|p2a: Fletchinder|0 fnt
|faint|p2a: Fletchinder
|
|c|âRowDog|so mean :(
|
|switch|p2a: Bronzong|Bronzong|80\/296
|-damage|p2a: Bronzong|62\/296|[from] Stealth Rock
|turn|34
|
|switch|p1a: Starmie|Starmie|192\/261
|move|p2a: Bronzong|Stealth Rock|p1a: Starmie
|-sidestart|p1: Meruu|move: Stealth Rock
|
|-heal|p1a: Starmie|208\/261|[from] item: Leftovers
|-heal|p2a: Bronzong|80\/296|[from] item: Leftovers
|turn|35
|
|move|p1a: Starmie|Scald|p2a: Bronzong
|-damage|p2a: Bronzong|0 fnt
|faint|p2a: Bronzong
|
|win|Meruu
|raw|Ladder updating...
|raw|Meruu's rating: 1528 &rarr; <strong>1540<\/strong><br \/>(+12 for winning)
|raw|RowDog's rating: 1386 &rarr; <strong>1374<\/strong><br \/>(-12 for losing)