|join|waivfu
|join|RowDog
|player|p1|waivfu|286
|player|p2|RowDog|80
|gametype|singles
|gen|6
|tier|UU
|rule|Sleep Clause Mod: Limit one foe put to sleep
|rule|Species Clause: Limit one of each PokÃ©mon
|rule|OHKO Clause: OHKO moves are banned
|rule|Moody Clause: Moody is banned
|rule|Evasion Moves Clause: Evasion moves are banned
|rule|Endless Battle Clause: Forcing endless battles is banned
|rule|HP Percentage Mod: HP is shown in percentages
|clearpoke
|poke|p1|Tornadus, M
|poke|p1|Nidoqueen, F
|poke|p1|Suicune
|poke|p1|Banette, M
|poke|p1|Zygarde
|poke|p1|Forretress, F
|poke|p2|Sharpedo, M
|poke|p2|Accelgor, F
|poke|p2|Spiritomb, F
|poke|p2|Swampert, F
|poke|p2|Roserade, M
|poke|p2|Jirachi
|rule|Swagger Clause: Swagger is banned
|rule|Baton Pass Clause: Limit one PokÃ©mon knowing Baton Pass
|teampreview
|c|âwaivfu|im goin bed after this :)
|join|feng
|c|âRowDog|right
|c| feng|not even ladder
|c|âRowDog|how long has this been here?
|c|âRowDog|oops
|c|âwaivfu|lul
|
|start
|switch|p1a: Nidoqueen|Nidoqueen, F|384\/384
|switch|p2a: Accelgor|Accelgor, F|364\/364
|turn|1
|c|âwaivfu|hi bobo
|
|move|p2a: Accelgor|Spikes|p1a: Nidoqueen
|-sidestart|p1: waivfu|Spikes
|move|p1a: Nidoqueen|Stealth Rock|p2a: Accelgor
|-sidestart|p2: RowDog|move: Stealth Rock
|
|turn|2
|c| feng|hi fgt
|
|switch|p1a: Forretress|Forretress, F|354\/354
|-damage|p1a: Forretress|310\/354|[from] Spikes
|move|p2a: Accelgor|Encore|p1a: Forretress
|-fail|p1a: Forretress
|
|-heal|p1a: Forretress|332\/354|[from] item: Leftovers
|turn|3
|
|move|p2a: Accelgor|Final Gambit|p1a: Forretress
|-damage|p1a: Forretress|0 fnt
|faint|p2a: Accelgor
|faint|p1a: Forretress
|
|c|âwaivfu|fuk
|c|âwaivfu|i hate you
|c|âRowDog|:(
|
|switch|p1a: Banette|Banette, M|332\/332
|switch|p2a: Spiritomb|Spiritomb, F|304\/304
|-damage|p1a: Banette|291\/332|[from] Spikes
|-item|p2a: Spiritomb|Black Glasses|[from] ability: Frisk|[of] p1a: Banette|[identify]
|-damage|p2a: Spiritomb|266\/304|[from] Stealth Rock
|turn|4
|
|detailschange|p1a: Banette|Banette-Mega, M
|message|Banette has Mega Evolved into Mega Banette!
|move|p1a: Banette|Will-O-Wisp|p2a: Spiritomb
|-status|p2a: Spiritomb|brn
|move|p2a: Spiritomb|Will-O-Wisp|p1a: Banette|[miss]
|-miss|p2a: Spiritomb|p1a: Banette
|
|-damage|p2a: Spiritomb|228\/304 brn|[from] brn
|turn|5
|c|âRowDog|wow, hax
|c|âwaivfu|rekkktttttt
|
|switch|p1a: Zygarde|Zygarde|420\/420
|-damage|p1a: Zygarde|368\/420|[from] Spikes
|-ability|p1a: Zygarde|Aura Break
|move|p2a: Spiritomb|Will-O-Wisp|p1a: Zygarde
|-status|p1a: Zygarde|brn
|
|-heal|p1a: Zygarde|394\/420 brn|[from] item: Leftovers
|-damage|p1a: Zygarde|342\/420 brn|[from] brn
|-damage|p2a: Spiritomb|190\/304 brn|[from] brn
|turn|6
|c|âwaivfu|fairy where
|
|switch|p2a: Swampert|Swampert, F|404\/404
|-damage|p2a: Swampert|379\/404|[from] Stealth Rock
|move|p1a: Zygarde|Coil|p1a: Zygarde
|-boost|p1a: Zygarde|atk|1
|-boost|p1a: Zygarde|def|1
|-boost|p1a: Zygarde|accuracy|1
|
|-heal|p1a: Zygarde|368\/420 brn|[from] item: Leftovers
|-heal|p2a: Swampert|404\/404|[from] item: Leftovers
|-damage|p1a: Zygarde|316\/420 brn|[from] brn
|turn|7
|
|move|p2a: Swampert|Stealth Rock|p1a: Zygarde
|-sidestart|p1: waivfu|move: Stealth Rock
|move|p1a: Zygarde|Dragon Tail|p2a: Swampert
|-damage|p2a: Swampert|356\/404
|drag|p2a: Jirachi|Jirachi|341\/341
|-damage|p2a: Jirachi|320\/341|[from] Stealth Rock
|
|-heal|p1a: Zygarde|342\/420 brn|[from] item: Leftovers
|-damage|p1a: Zygarde|290\/420 brn|[from] brn
|turn|8
|c|âRowDog|overrated
|c|âwaivfu|lol
|
|move|p2a: Jirachi|Trick|p1a: Zygarde
|-activate|p2a: Jirachi|move: Trick|[of] p1a: Zygarde
|-item|p1a: Zygarde|Choice Scarf|[from] move: Trick
|-item|p2a: Jirachi|Leftovers|[from] move: Trick
|move|p1a: Zygarde|Rest|p1a: Zygarde
|-status|p1a: Zygarde|slp
|-heal|p1a: Zygarde|420\/420 slp|[silent]
|-status|p1a: Zygarde|slp|[from] move: Rest
|
|-heal|p2a: Jirachi|341\/341|[from] item: Leftovers
|turn|9
|c|âwaivfu|ihy
|c|âRowDog|rekt
|c|âwaivfu|hahaha
|
|switch|p1a: Suicune|Suicune|403\/403
|-damage|p1a: Suicune|353\/403|[from] Stealth Rock
|-damage|p1a: Suicune|303\/403|[from] Spikes
|-ability|p1a: Suicune|Pressure
|move|p2a: Jirachi|U-turn|p1a: Suicune
|-damage|p1a: Suicune|257\/403
|
|switch|p2a: Roserade|Roserade, M|262\/262
|-damage|p2a: Roserade|230\/262|[from] Stealth Rock
|
|-heal|p1a: Suicune|282\/403|[from] item: Leftovers
|turn|10
|
|move|p2a: Roserade|Leaf Storm|p1a: Suicune
|-supereffective|p1a: Suicune
|-damage|p1a: Suicune|0 fnt
|-unboost|p2a: Roserade|spa|2
|faint|p1a: Suicune
|
|join|Bob the Bro
|
|switch|p1a: Tornadus|Tornadus, M|299\/299
|-damage|p1a: Tornadus|225\/299|[from] Stealth Rock
|turn|11
|
|switch|p2a: Swampert|Swampert, F|356\/404
|-damage|p2a: Swampert|331\/404|[from] Stealth Rock
|move|p1a: Tornadus|Bulk Up|p1a: Tornadus
|-boost|p1a: Tornadus|atk|1
|-boost|p1a: Tornadus|def|1
|
|-heal|p2a: Swampert|356\/404|[from] item: Leftovers
|turn|12
|c|âwaivfu|are you roar
|c|âwaivfu|smh
|join|oat meal slayer
|join|Tewmew alt
|join|crumbs and abuse
|c| oat meal slayer|bob get on feng and ladder u shit
|
|move|p1a: Tornadus|Bulk Up|p1a: Tornadus
|-boost|p1a: Tornadus|atk|1
|-boost|p1a: Tornadus|def|1
|move|p2a: Swampert|Scald|p1a: Tornadus
|-damage|p1a: Tornadus|135\/299
|-status|p1a: Tornadus|brn
|
|-heal|p2a: Swampert|381\/404|[from] item: Leftovers
|-damage|p1a: Tornadus|98\/299 brn|[from] brn
|turn|13
|c|âwaivfu|hax where
|
|move|p1a: Tornadus|Rest|p1a: Tornadus
|-status|p1a: Tornadus|slp
|-heal|p1a: Tornadus|299\/299 slp|[silent]
|-status|p1a: Tornadus|slp|[from] move: Rest
|-enditem|p1a: Tornadus|Chesto Berry|[eat]
|-curestatus|p1a: Tornadus|slp
|move|p2a: Swampert|Roar|p1a: Tornadus
|drag|p1a: Nidoqueen|Nidoqueen, F|384\/384
|-damage|p1a: Nidoqueen|336\/384|[from] Spikes
|-damage|p1a: Nidoqueen|312\/384|[from] Stealth Rock
|
|-heal|p1a: Nidoqueen|336\/384|[from] item: Black Sludge
|-heal|p2a: Swampert|404\/404|[from] item: Leftovers
|turn|14
|c| Tewmew alt|b-bulk up?
|c| Tewmew alt|oooooo
|c| Tewmew alt|ouch
|c|âwaivfu|i hate you
|c|âwaivfu|so much
|
|move|p1a: Nidoqueen|Toxic Spikes|p2a: Swampert
|-sidestart|p2: RowDog|move: Toxic Spikes
|move|p2a: Swampert|Scald|p1a: Nidoqueen
|-supereffective|p1a: Nidoqueen
|-damage|p1a: Nidoqueen|156\/384
|
|-heal|p1a: Nidoqueen|180\/384|[from] item: Black Sludge
|turn|15
|c| Tewmew alt|he has roserade
|
|move|p2a: Swampert|Scald|p1a: Nidoqueen
|-supereffective|p1a: Nidoqueen
|-damage|p1a: Nidoqueen|0 fnt
|faint|p1a: Nidoqueen
|
|c| Tewmew alt|:C
|
|switch|p1a: Banette|Banette-Mega, M|291\/332
|-damage|p1a: Banette|250\/332|[from] Spikes
|-damage|p1a: Banette|209\/332|[from] Stealth Rock
|turn|16
|
|move|p1a: Banette|Will-O-Wisp|p2a: Swampert
|-status|p2a: Swampert|brn
|move|p2a: Swampert|Scald|p1a: Banette
|-damage|p1a: Banette|142\/332
|-status|p1a: Banette|brn
|
|-damage|p1a: Banette|101\/332 brn|[from] brn
|-damage|p2a: Swampert|354\/404 brn|[from] brn
|turn|17
|leave|crumbs and abuse
|c|âRowDog|too ez m8
|c|âwaivfu|im just pressing
|
|move|p1a: Banette|Knock Off|p2a: Swampert
|-damage|p2a: Swampert|307\/404 brn
|-enditem|p2a: Swampert|Leftovers|[from] move: Knock Off|[of] p1a: Banette
|move|p2a: Swampert|Scald|p1a: Banette
|-damage|p1a: Banette|28\/332 brn
|
|-damage|p1a: Banette|0 fnt|[from] brn
|-damage|p2a: Swampert|257\/404 brn|[from] brn
|faint|p1a: Banette
|c|âwaivfu|random
|c|âwaivfu|things now
|c|âwaivfu|:p
|
|switch|p1a: Zygarde|Zygarde|420\/420 slp
|-damage|p1a: Zygarde|394\/420 slp|[from] Stealth Rock
|-damage|p1a: Zygarde|342\/420 slp|[from] Spikes
|-ability|p1a: Zygarde|Aura Break
|turn|18
|
|switch|p2a: Roserade|Roserade, M|230\/262
|-damage|p2a: Roserade|198\/262|[from] Stealth Rock
|-sideend|p2: RowDog|move: Toxic Spikes|[of] p2a: Roserade
|cant|p1a: Zygarde|slp
|
|turn|19
|
|move|p2a: Roserade|Dazzling Gleam|p1a: Zygarde
|-supereffective|p1a: Zygarde
|-damage|p1a: Zygarde|178\/420 slp
|cant|p1a: Zygarde|slp
|
|turn|20
|c|âwaivfu|keke gg
|
|move|p2a: Roserade|Dazzling Gleam|p1a: Zygarde
|-supereffective|p1a: Zygarde
|-damage|p1a: Zygarde|26\/420 slp
|-curestatus|p1a: Zygarde|slp
|move|p1a: Zygarde|Dragon Tail|p2a: Roserade
|-damage|p2a: Roserade|86\/262
|drag|p2a: Swampert|Swampert, F|257\/404 brn
|-damage|p2a: Swampert|232\/404 brn|[from] Stealth Rock
|
|-damage|p2a: Swampert|182\/404 brn|[from] brn
|turn|21
|c| oat meal slayer|what even kills pert on ur team
|c|âwaivfu|grass knot
|
|move|p2a: Swampert|Scald|p1a: Zygarde
|-damage|p1a: Zygarde|0 fnt
|faint|p1a: Zygarde
|
|-damage|p2a: Swampert|132\/404 brn|[from] brn
|
|switch|p1a: Tornadus|Tornadus, M|299\/299
|-damage|p1a: Tornadus|225\/299|[from] Stealth Rock
|turn|22
|c|âRowDog|what has Grass Knot?
|c| oat meal slayer|ur phys tornadus
|
|move|p1a: Tornadus|Bulk Up|p1a: Tornadus
|-boost|p1a: Tornadus|atk|1
|-boost|p1a: Tornadus|def|1
|move|p2a: Swampert|Scald|p1a: Tornadus
|-damage|p1a: Tornadus|69\/299
|
|-damage|p2a: Swampert|82\/404 brn|[from] brn
|turn|23
|c|âwaivfu|nothing
|c|âwaivfu|i have grass knot
|
|move|p1a: Tornadus|Acrobatics|p2a: Swampert
|-damage|p2a: Swampert|0 fnt
|faint|p2a: Swampert
|
|c| oat meal slayer|ye on nothing
|
|switch|p2a: Sharpedo|Sharpedo, M|282\/282
|-damage|p2a: Sharpedo|247\/282|[from] Stealth Rock
|turn|24
|
|move|p2a: Sharpedo|Protect|p2a: Sharpedo
|-singleturn|p2a: Sharpedo|Protect
|move|p1a: Tornadus|Rest|p1a: Tornadus
|-status|p1a: Tornadus|slp
|-heal|p1a: Tornadus|299\/299 slp|[silent]
|-status|p1a: Tornadus|slp|[from] move: Rest
|
|-boost|p2a: Sharpedo|spe|1|[from] ability: Speed Boost
|turn|25
|c| Bob the Bro|tailwind here
|c|âwaivfu|turn 1 wake up where
|
|detailschange|p2a: Sharpedo|Sharpedo-Mega, M
|message|Sharpedo has Mega Evolved into Mega Sharpedo!
|move|p2a: Sharpedo|Ice Fang|p1a: Tornadus
|-crit|p1a: Tornadus
|-supereffective|p1a: Tornadus
|-damage|p1a: Tornadus|0 fnt
|faint|p1a: Tornadus
|
|win|RowDog
|c|âwaivfu|rip
|c|âRowDog|lol
|c|âRowDog|gg
|leave|waivfu
|player|p1
|leave|Bob the Bro
|leave|oat meal slayer