|join|RowDog
|join|ThE0
|player|p1|RowDog|80
|player|p2|ThE0|169
|gametype|singles
|gen|6
|tier|UU
|rated
|rule|Sleep Clause Mod: Limit one foe put to sleep
|rule|Species Clause: Limit one of each PokÃ©mon
|rule|OHKO Clause: OHKO moves are banned
|rule|Moody Clause: Moody is banned
|rule|Evasion Moves Clause: Evasion moves are banned
|rule|Endless Battle Clause: Forcing endless battles is banned
|rule|HP Percentage Mod: HP is shown in percentages
|clearpoke
|poke|p1|Aromatisse, M
|poke|p1|Rotom-Heat
|poke|p1|Blissey, F
|poke|p1|Tentacruel, M
|poke|p1|Crobat, M
|poke|p1|Gastrodon, F
|poke|p2|Camerupt, M
|poke|p2|Jellicent, F
|poke|p2|Ferroseed, F
|poke|p2|Hitmonlee, M
|poke|p2|Hydreigon, M
|poke|p2|Aromatisse, M
|rule|Swagger Clause: Swagger is banned
|rule|Baton Pass Clause: Limit one PokÃ©mon knowing Baton Pass
|teampreview
|join|so dynamic
|
|start
|switch|p1a: Tentacruel|Tentacruel, M|364\/364
|switch|p2a: Hydreigon|Hydreigon, M|325\/325
|turn|1
|
|move|p2a: Hydreigon|U-turn|p1a: Tentacruel
|-resisted|p1a: Tentacruel
|-damage|p1a: Tentacruel|339\/364
|
|switch|p2a: Hitmonlee|Hitmonlee, M|243\/243
|move|p1a: Tentacruel|Toxic Spikes|p2a: Hitmonlee
|-sidestart|p2: ThE0|move: Toxic Spikes
|
|-heal|p1a: Tentacruel|361\/364|[from] item: Black Sludge
|turn|2
|c| so dynamic|camerupt what
|c|âThE0|it has it's uses
|c|âRowDog|this guy is 1589 rating O_o
|c|âRowDog|nb
|c| so dynamic|like what
|c| so dynamic|?
|c|âRowDog|Like water type counter
|c|âThE0|used to have to 1669 and then lost games to ultimate hax
|c|âThE0|with this team
|
|move|p2a: Hitmonlee|Rapid Spin|p1a: Tentacruel
|-damage|p1a: Tentacruel|339\/364
|-sideend|p2: ThE0|Toxic Spikes|[from] move: Rapid Spin|[of] p2a: Hitmonlee
|move|p1a: Tentacruel|Toxic Spikes|p2a: Hitmonlee
|-sidestart|p2: ThE0|move: Toxic Spikes
|
|-heal|p1a: Tentacruel|361\/364|[from] item: Black Sludge
|turn|3
|
|move|p2a: Hitmonlee|Rapid Spin|p1a: Tentacruel
|-damage|p1a: Tentacruel|341\/364
|-sideend|p2: ThE0|Toxic Spikes|[from] move: Rapid Spin|[of] p2a: Hitmonlee
|move|p1a: Tentacruel|Scald|p2a: Hitmonlee
|-damage|p2a: Hitmonlee|192\/243
|
|-heal|p1a: Tentacruel|363\/364|[from] item: Black Sludge
|turn|4
|
|switch|p1a: Aromatisse|Aromatisse, M|406\/406
|move|p2a: Hitmonlee|Knock Off|p1a: Aromatisse
|-resisted|p1a: Aromatisse
|-damage|p1a: Aromatisse|362\/406
|-enditem|p1a: Aromatisse|Leftovers|[from] move: Knock Off|[of] p2a: Hitmonlee
|
|turn|5
|
|switch|p2a: Ferroseed|Ferroseed, F|292\/292
|move|p1a: Aromatisse|Wish|p1a: Aromatisse
|
|turn|6
|
|switch|p1a: Tentacruel|Tentacruel, M|363\/364
|move|p2a: Ferroseed|Spikes|p1a: Tentacruel
|-sidestart|p1: RowDog|Spikes
|
|-heal|p1a: Tentacruel|364\/364|[from] move: Wish|[wisher] Aromatisse
|turn|7
|
|switch|p2a: Hitmonlee|Hitmonlee, M|192\/243
|move|p1a: Tentacruel|Toxic Spikes|p2a: Hitmonlee
|-sidestart|p2: ThE0|move: Toxic Spikes
|
|turn|8
|
|move|p2a: Hitmonlee|Knock Off|p1a: Tentacruel
|-damage|p1a: Tentacruel|261\/364
|-enditem|p1a: Tentacruel|Black Sludge|[from] move: Knock Off|[of] p2a: Hitmonlee
|move|p1a: Tentacruel|Scald|p2a: Hitmonlee
|-damage|p2a: Hitmonlee|144\/243
|
|turn|9
|
|move|p2a: Hitmonlee|High Jump Kick|p1a: Tentacruel
|-resisted|p1a: Tentacruel
|-damage|p1a: Tentacruel|141\/364
|move|p1a: Tentacruel|Scald|p2a: Hitmonlee
|-damage|p2a: Hitmonlee|98\/243
|
|turn|10
|c|âRowDog|still no burn :(
|
|move|p2a: Hitmonlee|Rapid Spin|p1a: Tentacruel
|-damage|p1a: Tentacruel|119\/364
|-sideend|p2: ThE0|Toxic Spikes|[from] move: Rapid Spin|[of] p2a: Hitmonlee
|move|p1a: Tentacruel|Rapid Spin|p2a: Hitmonlee
|-damage|p2a: Hitmonlee|81\/243
|-sideend|p1: RowDog|Spikes|[from] move: Rapid Spin|[of] p1a: Tentacruel
|
|turn|11
|c|âThE0|go to crobat man
|
|switch|p1a: Crobat|Crobat, M|373\/373
|move|p2a: Hitmonlee|High Jump Kick|p1a: Crobat
|-crit|p1a: Crobat
|-resisted|p1a: Crobat
|-damage|p1a: Crobat|250\/373
|
|-heal|p1a: Crobat|273\/373|[from] item: Black Sludge
|turn|12
|
|switch|p2a: Jellicent|Jellicent, F|404\/404
|move|p1a: Crobat|Taunt|p2a: Jellicent
|-start|p2a: Jellicent|move: Taunt
|
|-heal|p1a: Crobat|296\/373|[from] item: Black Sludge
|turn|13
|join|Duskt70
|
|switch|p1a: Blissey|Blissey, F|714\/714
|move|p2a: Jellicent|Shadow Ball|p1a: Blissey
|-immune|p1a: Blissey|[msg]
|
|turn|14
|join|munkieo
|
|switch|p2a: Ferroseed|Ferroseed, F|292\/292
|move|p1a: Blissey|Wish|p1a: Blissey
|
|turn|15
|
|switch|p1a: Tentacruel|Tentacruel, M|119\/364
|move|p2a: Ferroseed|Thunder Wave|p1a: Tentacruel
|-status|p1a: Tentacruel|par
|
|-heal|p1a: Tentacruel|364\/364 par|[from] move: Wish|[wisher] Blissey
|turn|16
|leave|Duskt70
|
|switch|p2a: Hydreigon|Hydreigon, M|325\/325
|cant|p1a: Tentacruel|par
|
|turn|17
|
|move|p2a: Hydreigon|Earth Power|p1a: Tentacruel
|-supereffective|p1a: Tentacruel
|-damage|p1a: Tentacruel|186\/364 par
|move|p1a: Tentacruel|Toxic Spikes|p2a: Hydreigon
|-sidestart|p2: ThE0|move: Toxic Spikes
|
|turn|18
|
|switch|p2a: Ferroseed|Ferroseed, F|292\/292
|switch|p1a: Blissey|Blissey, F|714\/714
|
|turn|19
|
|move|p1a: Blissey|Stealth Rock|p2a: Ferroseed
|-sidestart|p2: ThE0|move: Stealth Rock
|move|p2a: Ferroseed|Leech Seed|p1a: Blissey
|-start|p1a: Blissey|move: Leech Seed
|
|-damage|p1a: Blissey|625\/714|[from] Leech Seed|[of] p2a: Ferroseed
|turn|20
|
|switch|p1a: Crobat|Crobat, M|296\/373
|move|p2a: Ferroseed|Spikes|p1a: Crobat
|-sidestart|p1: RowDog|Spikes
|
|-heal|p1a: Crobat|319\/373|[from] item: Black Sludge
|turn|21
|
|switch|p2a: Hydreigon|Hydreigon, M|325\/325
|-damage|p2a: Hydreigon|285\/325|[from] Stealth Rock
|move|p1a: Crobat|Taunt|p2a: Hydreigon
|-start|p2a: Hydreigon|move: Taunt
|
|-heal|p1a: Crobat|342\/373|[from] item: Black Sludge
|turn|22
|
|switch|p1a: Aromatisse|Aromatisse, M|362\/406
|-damage|p1a: Aromatisse|312\/406|[from] Spikes
|move|p2a: Hydreigon|U-turn|p1a: Aromatisse
|-resisted|p1a: Aromatisse
|-damage|p1a: Aromatisse|289\/406
|
|switch|p2a: Ferroseed|Ferroseed, F|292\/292
|-damage|p2a: Ferroseed|274\/292|[from] Stealth Rock
|
|turn|23
|
|move|p2a: Ferroseed|Spikes|p1a: Aromatisse
|-sidestart|p1: RowDog|Spikes
|move|p1a: Aromatisse|Aromatherapy|p1a: Aromatisse
|-cureteam|p1a: Aromatisse|[from] move: Aromatherapy
|
|turn|24
|
|move|p1a: Aromatisse|Wish|p1a: Aromatisse
|move|p2a: Ferroseed|Thunder Wave|p1a: Aromatisse
|-status|p1a: Aromatisse|par
|
|turn|25
|
|switch|p1a: Tentacruel|Tentacruel, M|186\/364
|-damage|p1a: Tentacruel|126\/364|[from] Spikes
|move|p2a: Ferroseed|Thunder Wave|p1a: Tentacruel
|-status|p1a: Tentacruel|par
|
|-heal|p1a: Tentacruel|329\/364 par|[from] move: Wish|[wisher] Aromatisse
|turn|26
|
|switch|p2a: Jellicent|Jellicent, F|404\/404
|-damage|p2a: Jellicent|354\/404|[from] Stealth Rock
|-status|p2a: Jellicent|psn
|move|p1a: Tentacruel|Toxic Spikes|p2a: Jellicent
|-sidestart|p2: ThE0|move: Toxic Spikes
|
|-heal|p2a: Jellicent|379\/404 psn|[from] item: Leftovers
|-damage|p2a: Jellicent|329\/404 psn|[from] psn
|turn|27
|
|switch|p1a: Blissey|Blissey, F|625\/714
|-damage|p1a: Blissey|506\/714|[from] Spikes
|move|p2a: Jellicent|Will-O-Wisp|p1a: Blissey
|-status|p1a: Blissey|brn
|
|-heal|p2a: Jellicent|354\/404 psn|[from] item: Leftovers
|-heal|p1a: Blissey|550\/714 brn|[from] item: Leftovers
|-damage|p2a: Jellicent|304\/404 psn|[from] psn
|-damage|p1a: Blissey|461\/714 brn|[from] brn
|turn|28
|
|switch|p2a: Hitmonlee|Hitmonlee, M|81\/243
|-damage|p2a: Hitmonlee|66\/243|[from] Stealth Rock
|-status|p2a: Hitmonlee|tox
|move|p1a: Blissey|Wish|p1a: Blissey
|
|-heal|p1a: Blissey|505\/714 brn|[from] item: Leftovers
|-damage|p2a: Hitmonlee|51\/243 tox|[from] psn
|-damage|p1a: Blissey|416\/714 brn|[from] brn
|turn|29
|
|switch|p1a: Crobat|Crobat, M|342\/373
|move|p2a: Hitmonlee|Rapid Spin|p1a: Crobat
|-damage|p1a: Crobat|316\/373
|-sideend|p2: ThE0|Toxic Spikes|[from] move: Rapid Spin|[of] p2a: Hitmonlee
|-sideend|p2: ThE0|Stealth Rock|[from] move: Rapid Spin|[of] p2a: Hitmonlee
|
|-heal|p1a: Crobat|373\/373|[from] move: Wish|[wisher] Blissey
|-damage|p2a: Hitmonlee|21\/243 tox|[from] psn
|turn|30
|
|switch|p2a: Ferroseed|Ferroseed, F|274\/292
|move|p1a: Crobat|Defog|p2a: Ferroseed
|-unboost|p2a: Ferroseed|evasion|1
|-sideend|p1: RowDog|Spikes|[from] move: Defog|[of] p1a: Crobat
|
|turn|31
|c|âThE0|nice defog and rapid spin u really don't like hazrds
|c|âRowDog|Precautions
|
|move|p2a: Ferroseed|Protect|p2a: Ferroseed
|-singleturn|p2a: Ferroseed|Protect
|move|p1a: Crobat|Taunt|p2a: Ferroseed
|-activate|p2a: Ferroseed|Protect
|
|turn|32
|c|âRowDog|Crobat is for when I really need hazards gone
|
|move|p1a: Crobat|Brave Bird|p2a: Ferroseed
|-damage|p2a: Ferroseed|198\/292
|-damage|p1a: Crobat|327\/373|[from] ability: Iron Barbs|[of] p2a: Ferroseed
|-damage|p1a: Crobat|302\/373|[from] recoil|[of] p2a: Ferroseed
|move|p2a: Ferroseed|Spikes|p1a: Crobat
|-sidestart|p1: RowDog|Spikes
|
|-heal|p1a: Crobat|325\/373|[from] item: Black Sludge
|turn|33
|
|switch|p2a: Hydreigon|Hydreigon, M|285\/325
|move|p1a: Crobat|Taunt|p2a: Hydreigon
|-start|p2a: Hydreigon|move: Taunt
|
|-heal|p1a: Crobat|348\/373|[from] item: Black Sludge
|turn|34
|
|move|p2a: Hydreigon|Draco Meteor|p1a: Crobat
|-damage|p1a: Crobat|78\/373
|-unboost|p2a: Hydreigon|spa|2
|move|p1a: Crobat|Roost|p1a: Crobat
|-heal|p1a: Crobat|265\/373
|
|-heal|p1a: Crobat|288\/373|[from] item: Black Sludge
|turn|35
|
|switch|p2a: Camerupt|Camerupt, M|344\/344
|move|p1a: Crobat|Brave Bird|p2a: Camerupt
|-damage|p2a: Camerupt|211\/344
|-damage|p1a: Crobat|244\/373|[from] recoil|[of] p2a: Camerupt
|
|-heal|p1a: Crobat|267\/373|[from] item: Black Sludge
|-heal|p2a: Camerupt|232\/344|[from] item: Leftovers
|turn|36
|
|switch|p1a: Gastrodon|Gastrodon, F|426\/426
|-damage|p1a: Gastrodon|373\/426|[from] Spikes
|move|p2a: Camerupt|Lava Plume|p1a: Gastrodon
|-resisted|p1a: Gastrodon
|-damage|p1a: Gastrodon|322\/426
|
|-heal|p2a: Camerupt|253\/344|[from] item: Leftovers
|-heal|p1a: Gastrodon|348\/426|[from] item: Leftovers
|turn|37
|
|switch|p2a: Aromatisse|Aromatisse, M|406\/406
|move|p1a: Gastrodon|Earthquake|p2a: Aromatisse
|-damage|p2a: Aromatisse|268\/406
|
|-heal|p1a: Gastrodon|374\/426|[from] item: Leftovers
|-heal|p2a: Aromatisse|293\/406|[from] item: Leftovers
|turn|38
|
|move|p1a: Gastrodon|Curse|p1a: Gastrodon
|-boost|p1a: Gastrodon|atk|1
|-boost|p1a: Gastrodon|def|1
|-unboost|p1a: Gastrodon|spe|1
|move|p2a: Aromatisse|Aromatherapy|p2a: Aromatisse
|-cureteam|p2a: Aromatisse|[from] move: Aromatherapy
|
|-heal|p2a: Aromatisse|318\/406|[from] item: Leftovers
|-heal|p1a: Gastrodon|400\/426|[from] item: Leftovers
|turn|39
|
|switch|p2a: Jellicent|Jellicent, F|304\/404
|move|p1a: Gastrodon|Earthquake|p2a: Jellicent
|-damage|p2a: Jellicent|163\/404
|
|-heal|p2a: Jellicent|188\/404|[from] item: Leftovers
|-heal|p1a: Gastrodon|426\/426|[from] item: Leftovers
|turn|40
|
|switch|p1a: Rotom-Heat|Rotom-Heat|304\/304
|move|p2a: Jellicent|Recover|p2a: Jellicent
|-heal|p2a: Jellicent|390\/404
|
|-heal|p2a: Jellicent|404\/404|[from] item: Leftovers
|turn|41
|
|switch|p1a: Gastrodon|Gastrodon, F|426\/426
|-damage|p1a: Gastrodon|373\/426|[from] Spikes
|switch|p2a: Camerupt|Camerupt, M|253\/344
|
|-heal|p2a: Camerupt|274\/344|[from] item: Leftovers
|-heal|p1a: Gastrodon|399\/426|[from] item: Leftovers
|turn|42
|
|switch|p2a: Ferroseed|Ferroseed, F|198\/292
|move|p1a: Gastrodon|Earthquake|p2a: Ferroseed
|-damage|p2a: Ferroseed|146\/292
|
|-heal|p1a: Gastrodon|425\/426|[from] item: Leftovers
|turn|43
|
|switch|p1a: Rotom-Heat|Rotom-Heat|304\/304
|move|p2a: Ferroseed|Leech Seed|p1a: Rotom-Heat
|-start|p1a: Rotom-Heat|move: Leech Seed
|
|-damage|p1a: Rotom-Heat|266\/304|[from] Leech Seed|[of] p2a: Ferroseed
|-heal|p2a: Ferroseed|184\/292|[silent]
|turn|44
|
|switch|p1a: Tentacruel|Tentacruel, M|329\/364 par
|-damage|p1a: Tentacruel|284\/364 par|[from] Spikes
|move|p2a: Ferroseed|Protect|p2a: Ferroseed
|-fail|p2a: Ferroseed
|
|turn|45
|
|switch|p2a: Jellicent|Jellicent, F|404\/404
|cant|p1a: Tentacruel|par
|
|turn|46
|
|move|p2a: Jellicent|Shadow Ball|p1a: Tentacruel
|-damage|p1a: Tentacruel|215\/364 par
|-unboost|p1a: Tentacruel|spd|1
|move|p1a: Tentacruel|Toxic Spikes|p2a: Jellicent
|-sidestart|p2: ThE0|move: Toxic Spikes
|
|turn|47
|
|switch|p1a: Blissey|Blissey, F|416\/714
|-damage|p1a: Blissey|327\/714|[from] Spikes
|move|p2a: Jellicent|Shadow Ball|p1a: Blissey
|-immune|p1a: Blissey|[msg]
|
|-heal|p1a: Blissey|371\/714|[from] item: Leftovers
|turn|48
|
|switch|p2a: Ferroseed|Ferroseed, F|184\/292
|move|p1a: Blissey|Soft-Boiled|p1a: Blissey
|-heal|p1a: Blissey|714\/714
|
|turn|49
|
|move|p1a: Blissey|Stealth Rock|p2a: Ferroseed
|-sidestart|p2: ThE0|move: Stealth Rock
|move|p2a: Ferroseed|Spikes|p1a: Blissey
|-sidestart|p1: RowDog|Spikes
|
|turn|50
|
|move|p1a: Blissey|Wish|p1a: Blissey
|move|p2a: Ferroseed|Spikes|p1a: Blissey
|-sidestart|p1: RowDog|Spikes
|
|turn|51
|
|switch|p1a: Tentacruel|Tentacruel, M|215\/364 par
|-damage|p1a: Tentacruel|124\/364 par|[from] Spikes
|move|p2a: Ferroseed|Leech Seed|p1a: Tentacruel
|-start|p1a: Tentacruel|move: Leech Seed
|
|-heal|p1a: Tentacruel|364\/364 par|[from] move: Wish|[wisher] Blissey
|-damage|p1a: Tentacruel|319\/364 par|[from] Leech Seed|[of] p2a: Ferroseed
|-damage|p2a: Ferroseed|139\/292|[from] ability: Liquid Ooze|[of] p1a: Tentacruel
|turn|52
|
|switch|p2a: Jellicent|Jellicent, F|404\/404
|-status|p2a: Jellicent|psn
|-damage|p2a: Jellicent|354\/404 psn|[from] Stealth Rock
|move|p1a: Tentacruel|Toxic Spikes|p2a: Jellicent
|-sidestart|p2: ThE0|move: Toxic Spikes
|
|-heal|p2a: Jellicent|379\/404 psn|[from] item: Leftovers
|-damage|p1a: Tentacruel|274\/364 par|[from] Leech Seed|[of] p2a: Jellicent
|-damage|p2a: Jellicent|334\/404 psn|[from] ability: Liquid Ooze|[of] p1a: Tentacruel
|-damage|p2a: Jellicent|284\/404 psn|[from] psn
|turn|53
|
|switch|p1a: Aromatisse|Aromatisse, M|289\/406 par
|-damage|p1a: Aromatisse|188\/406 par|[from] Spikes
|move|p2a: Jellicent|Will-O-Wisp|p1a: Aromatisse
|-fail|p1a: Aromatisse
|
|-heal|p2a: Jellicent|309\/404 psn|[from] item: Leftovers
|-damage|p2a: Jellicent|259\/404 psn|[from] psn
|turn|54
|
|move|p2a: Jellicent|Recover|p2a: Jellicent
|-heal|p2a: Jellicent|404\/404 psn
|cant|p1a: Aromatisse|par
|
|-damage|p2a: Jellicent|354\/404 psn|[from] psn
|turn|55
|
|move|p2a: Jellicent|Shadow Ball|p1a: Aromatisse
|-damage|p1a: Aromatisse|95\/406 par
|move|p1a: Aromatisse|Aromatherapy|p1a: Aromatisse
|-cureteam|p1a: Aromatisse|[from] move: Aromatherapy
|
|-heal|p2a: Jellicent|379\/404 psn|[from] item: Leftovers
|-damage|p2a: Jellicent|329\/404 psn|[from] psn
|turn|56
|
|switch|p1a: Blissey|Blissey, F|714\/714
|-damage|p1a: Blissey|536\/714|[from] Spikes
|move|p2a: Jellicent|Shadow Ball|p1a: Blissey
|-immune|p1a: Blissey|[msg]
|
|-heal|p2a: Jellicent|354\/404 psn|[from] item: Leftovers
|-heal|p1a: Blissey|580\/714|[from] item: Leftovers
|-damage|p2a: Jellicent|304\/404 psn|[from] psn
|turn|57
|
|switch|p1a: Rotom-Heat|Rotom-Heat|266\/304
|move|p2a: Jellicent|Will-O-Wisp|p1a: Rotom-Heat
|-fail|p1a: Rotom-Heat
|
|-heal|p2a: Jellicent|329\/404 psn|[from] item: Leftovers
|-damage|p2a: Jellicent|279\/404 psn|[from] psn
|turn|58
|
|switch|p2a: Camerupt|Camerupt, M|274\/344
|-damage|p2a: Camerupt|231\/344|[from] Stealth Rock
|-status|p2a: Camerupt|tox
|move|p1a: Rotom-Heat|Thunderbolt|p2a: Camerupt
|-immune|p2a: Camerupt|[msg]
|
|-heal|p2a: Camerupt|252\/344 tox|[from] item: Leftovers
|-damage|p2a: Camerupt|231\/344 tox|[from] psn
|turn|59
|
|move|p1a: Rotom-Heat|Overheat|p2a: Camerupt
|-resisted|p2a: Camerupt
|-damage|p2a: Camerupt|131\/344 tox
|-unboost|p1a: Rotom-Heat|spa|2
|move|p2a: Camerupt|Roar|p1a: Rotom-Heat
|drag|p1a: Gastrodon|Gastrodon, F|425\/426
|-damage|p1a: Gastrodon|319\/426|[from] Spikes
|
|-heal|p2a: Camerupt|152\/344 tox|[from] item: Leftovers
|-heal|p1a: Gastrodon|345\/426|[from] item: Leftovers
|-damage|p2a: Camerupt|110\/344 tox|[from] psn
|turn|60
|
|move|p2a: Camerupt|Stealth Rock|p1a: Gastrodon
|-sidestart|p1: RowDog|move: Stealth Rock
|move|p1a: Gastrodon|Earthquake|p2a: Camerupt
|-supereffective|p2a: Camerupt
|-damage|p2a: Camerupt|0 fnt
|faint|p2a: Camerupt
|
|-heal|p1a: Gastrodon|371\/426|[from] item: Leftovers
|
|switch|p2a: Jellicent|Jellicent, F|279\/404 psn
|-damage|p2a: Jellicent|229\/404 psn|[from] Stealth Rock
|turn|61
|
|switch|p1a: Rotom-Heat|Rotom-Heat|266\/304
|-damage|p1a: Rotom-Heat|190\/304|[from] Stealth Rock
|move|p2a: Jellicent|Recover|p2a: Jellicent
|-heal|p2a: Jellicent|404\/404 psn
|
|-damage|p2a: Jellicent|354\/404 psn|[from] psn
|turn|62
|
|switch|p2a: Hydreigon|Hydreigon, M|285\/325
|-damage|p2a: Hydreigon|245\/325|[from] Stealth Rock
|move|p1a: Rotom-Heat|Thunderbolt|p2a: Hydreigon
|-resisted|p2a: Hydreigon
|-damage|p2a: Hydreigon|176\/325
|
|turn|63
|
|switch|p1a: Aromatisse|Aromatisse, M|95\/406
|-damage|p1a: Aromatisse|0 fnt|[from] Spikes
|faint|p1a: Aromatisse
|move|p2a: Hydreigon|U-turn|p1: Aromatisse|[notarget]
|-notarget
|
|
|switch|p1a: Crobat|Crobat, M|267\/373
|-damage|p1a: Crobat|174\/373|[from] Stealth Rock
|turn|64
|
|move|p2a: Hydreigon|U-turn|p1a: Crobat
|-resisted|p1a: Crobat
|-damage|p1a: Crobat|157\/373
|
|switch|p2a: Jellicent|Jellicent, F|354\/404 psn
|-damage|p2a: Jellicent|304\/404 psn|[from] Stealth Rock
|move|p1a: Crobat|Defog|p2a: Jellicent
|-unboost|p2a: Jellicent|evasion|1
|-sideend|p2: ThE0|Toxic Spikes|[from] move: Defog|[of] p2a: Jellicent
|-sideend|p2: ThE0|Stealth Rock|[from] move: Defog|[of] p2a: Jellicent
|-sideend|p1: RowDog|Spikes|[from] move: Defog|[of] p1a: Crobat
|-sideend|p1: RowDog|Stealth Rock|[from] move: Defog|[of] p1a: Crobat
|
|-heal|p1a: Crobat|180\/373|[from] item: Black Sludge
|-heal|p2a: Jellicent|329\/404 psn|[from] item: Leftovers
|-damage|p2a: Jellicent|279\/404 psn|[from] psn
|turn|65
|c|âThE0|so many hazards gone
|
|switch|p1a: Blissey|Blissey, F|580\/714
|move|p2a: Jellicent|Scald|p1a: Blissey
|-crit|p1a: Blissey
|-damage|p1a: Blissey|487\/714
|
|-heal|p2a: Jellicent|304\/404 psn|[from] item: Leftovers
|-heal|p1a: Blissey|531\/714|[from] item: Leftovers
|-damage|p2a: Jellicent|254\/404 psn|[from] psn
|turn|66
|
|switch|p2a: Aromatisse|Aromatisse, M|318\/406
|move|p1a: Blissey|Seismic Toss|p2a: Aromatisse
|-damage|p2a: Aromatisse|218\/406
|
|-heal|p1a: Blissey|575\/714|[from] item: Leftovers
|-heal|p2a: Aromatisse|243\/406|[from] item: Leftovers
|turn|67
|
|move|p1a: Blissey|Stealth Rock|p2a: Aromatisse
|-sidestart|p2: ThE0|move: Stealth Rock
|move|p2a: Aromatisse|Aromatherapy|p2a: Aromatisse
|-cureteam|p2a: Aromatisse|[from] move: Aromatherapy
|
|-heal|p1a: Blissey|619\/714|[from] item: Leftovers
|-heal|p2a: Aromatisse|268\/406|[from] item: Leftovers
|turn|68
|join|Duskt70
|
|move|p1a: Blissey|Wish|p1a: Blissey
|move|p2a: Aromatisse|Wish|p2a: Aromatisse
|
|-heal|p1a: Blissey|663\/714|[from] item: Leftovers
|-heal|p2a: Aromatisse|293\/406|[from] item: Leftovers
|turn|69
|leave|Duskt70
|
|switch|p2a: Ferroseed|Ferroseed, F|139\/292
|-damage|p2a: Ferroseed|121\/292|[from] Stealth Rock
|move|p1a: Blissey|Seismic Toss|p2a: Ferroseed
|-damage|p2a: Ferroseed|21\/292
|-damage|p1a: Blissey|574\/714|[from] ability: Iron Barbs|[of] p2a: Ferroseed
|
|-heal|p1a: Blissey|714\/714|[from] move: Wish|[wisher] Blissey
|-heal|p2a: Ferroseed|224\/292|[from] move: Wish|[wisher] Aromatisse
|turn|70
|
|switch|p1a: Tentacruel|Tentacruel, M|274\/364
|move|p2a: Ferroseed|Spikes|p1a: Tentacruel
|-sidestart|p1: RowDog|Spikes
|
|turn|71
|
|switch|p2a: Jellicent|Jellicent, F|254\/404
|-damage|p2a: Jellicent|204\/404|[from] Stealth Rock
|move|p1a: Tentacruel|Toxic Spikes|p2a: Jellicent
|-sidestart|p2: ThE0|move: Toxic Spikes
|
|-heal|p2a: Jellicent|229\/404|[from] item: Leftovers
|turn|72
|
|switch|p1a: Blissey|Blissey, F|714\/714
|-damage|p1a: Blissey|625\/714|[from] Spikes
|move|p2a: Jellicent|Recover|p2a: Jellicent
|-heal|p2a: Jellicent|404\/404
|
|-heal|p1a: Blissey|669\/714|[from] item: Leftovers
|turn|73
|
|switch|p2a: Ferroseed|Ferroseed, F|224\/292
|-damage|p2a: Ferroseed|206\/292|[from] Stealth Rock
|move|p1a: Blissey|Wish|p1a: Blissey
|
|-heal|p1a: Blissey|713\/714|[from] item: Leftovers
|turn|74
|
|switch|p1a: Rotom-Heat|Rotom-Heat|190\/304
|move|p2a: Ferroseed|Spikes|p1a: Rotom-Heat
|-sidestart|p1: RowDog|Spikes
|
|-heal|p1a: Rotom-Heat|304\/304|[from] move: Wish|[wisher] Blissey
|turn|75
|
|move|p2a: Ferroseed|Protect|p2a: Ferroseed
|-singleturn|p2a: Ferroseed|Protect
|move|p1a: Rotom-Heat|Trick|p2a: Ferroseed
|-activate|p2a: Ferroseed|Protect
|
|turn|76
|
|switch|p2a: Hitmonlee|Hitmonlee, M|21\/243
|-damage|p2a: Hitmonlee|6\/243|[from] Stealth Rock
|-status|p2a: Hitmonlee|psn
|move|p1a: Rotom-Heat|Trick|p2a: Hitmonlee
|-activate|p1a: Rotom-Heat|move: Trick|[of] p2a: Hitmonlee
|-item|p2a: Hitmonlee|Flame Orb|[from] move: Trick
|-item|p1a: Rotom-Heat|Assault Vest|[from] move: Trick
|
|-damage|p2a: Hitmonlee|0 fnt|[from] psn
|faint|p2a: Hitmonlee
|c|âRowDog|nb
|
|switch|p2a: Hydreigon|Hydreigon, M|176\/325
|-damage|p2a: Hydreigon|136\/325|[from] Stealth Rock
|turn|77
|
|switch|p1a: Blissey|Blissey, F|713\/714
|-damage|p1a: Blissey|594\/714|[from] Spikes
|move|p2a: Hydreigon|U-turn|p1a: Blissey
|-damage|p1a: Blissey|496\/714
|
|switch|p2a: Ferroseed|Ferroseed, F|206\/292
|-damage|p2a: Ferroseed|188\/292|[from] Stealth Rock
|
|-heal|p1a: Blissey|540\/714|[from] item: Leftovers
|turn|78
|
|move|p1a: Blissey|Wish|p1a: Blissey
|move|p2a: Ferroseed|Spikes|p1a: Blissey
|-sidestart|p1: RowDog|Spikes
|
|-heal|p1a: Blissey|584\/714|[from] item: Leftovers
|turn|79
|
|switch|p1a: Crobat|Crobat, M|180\/373
|switch|p2a: Jellicent|Jellicent, F|404\/404
|-damage|p2a: Jellicent|354\/404|[from] Stealth Rock
|-status|p2a: Jellicent|psn
|
|-heal|p1a: Crobat|373\/373|[from] move: Wish|[wisher] Blissey
|-heal|p2a: Jellicent|379\/404 psn|[from] item: Leftovers
|-damage|p2a: Jellicent|329\/404 psn|[from] psn
|turn|80
|
|move|p1a: Crobat|Taunt|p2a: Jellicent
|-start|p2a: Jellicent|move: Taunt
|move|p2a: Jellicent|Scald|p1a: Crobat
|-damage|p1a: Crobat|274\/373
|
|-heal|p1a: Crobat|297\/373|[from] item: Black Sludge
|-heal|p2a: Jellicent|354\/404 psn|[from] item: Leftovers
|-damage|p2a: Jellicent|304\/404 psn|[from] psn
|turn|81
|
|switch|p1a: Gastrodon|Gastrodon, F|371\/426
|-damage|p1a: Gastrodon|265\/426|[from] Spikes
|switch|p2a: Ferroseed|Ferroseed, F|188\/292
|-damage|p2a: Ferroseed|170\/292|[from] Stealth Rock
|
|-heal|p1a: Gastrodon|291\/426|[from] item: Leftovers
|turn|82
|
|switch|p1a: Tentacruel|Tentacruel, M|274\/364
|-damage|p1a: Tentacruel|183\/364|[from] Spikes
|move|p2a: Ferroseed|Leech Seed|p1a: Tentacruel
|-start|p1a: Tentacruel|move: Leech Seed
|
|-damage|p1a: Tentacruel|138\/364|[from] Leech Seed|[of] p2a: Ferroseed
|-damage|p2a: Ferroseed|125\/292|[from] ability: Liquid Ooze|[of] p1a: Tentacruel
|turn|83
|
|switch|p1a: Crobat|Crobat, M|297\/373
|switch|p2a: Jellicent|Jellicent, F|304\/404 psn
|-damage|p2a: Jellicent|254\/404 psn|[from] Stealth Rock
|
|-heal|p1a: Crobat|320\/373|[from] item: Black Sludge
|-heal|p2a: Jellicent|279\/404 psn|[from] item: Leftovers
|-damage|p2a: Jellicent|229\/404 psn|[from] psn
|turn|84
|
|switch|p1a: Blissey|Blissey, F|584\/714
|-damage|p1a: Blissey|406\/714|[from] Spikes
|move|p2a: Jellicent|Scald|p1a: Blissey
|-damage|p1a: Blissey|337\/714
|
|-heal|p2a: Jellicent|254\/404 psn|[from] item: Leftovers
|-heal|p1a: Blissey|381\/714|[from] item: Leftovers
|-damage|p2a: Jellicent|204\/404 psn|[from] psn
|turn|85
|
|move|p2a: Jellicent|Recover|p2a: Jellicent
|-heal|p2a: Jellicent|404\/404 psn
|move|p1a: Blissey|Soft-Boiled|p1a: Blissey
|-heal|p1a: Blissey|714\/714
|
|-damage|p2a: Jellicent|354\/404 psn|[from] psn
|turn|86
|
|switch|p2a: Hydreigon|Hydreigon, M|136\/325
|-damage|p2a: Hydreigon|96\/325|[from] Stealth Rock
|move|p1a: Blissey|Wish|p1a: Blissey
|
|turn|87
|
|move|p2a: Hydreigon|Earth Power|p1a: Blissey
|-damage|p1a: Blissey|630\/714
|move|p1a: Blissey|Seismic Toss|p2a: Hydreigon
|-damage|p2a: Hydreigon|0 fnt
|faint|p2a: Hydreigon
|
|-heal|p1a: Blissey|714\/714|[from] move: Wish|[wisher] Blissey
|
|switch|p2a: Ferroseed|Ferroseed, F|125\/292
|-damage|p2a: Ferroseed|107\/292|[from] Stealth Rock
|turn|88
|
|move|p1a: Blissey|Wish|p1a: Blissey
|move|p2a: Ferroseed|Leech Seed|p1a: Blissey
|-start|p1a: Blissey|move: Leech Seed
|
|-damage|p1a: Blissey|625\/714|[from] Leech Seed|[of] p2a: Ferroseed
|-heal|p2a: Ferroseed|196\/292|[silent]
|turn|89
|
|switch|p1a: Tentacruel|Tentacruel, M|138\/364
|-damage|p1a: Tentacruel|47\/364|[from] Spikes
|move|p2a: Ferroseed|Thunder Wave|p1a: Tentacruel
|-status|p1a: Tentacruel|par
|
|-heal|p1a: Tentacruel|364\/364 par|[from] move: Wish|[wisher] Blissey
|turn|90
|
|switch|p1a: Rotom-Heat|Rotom-Heat|304\/304
|switch|p2a: Jellicent|Jellicent, F|354\/404 psn
|-damage|p2a: Jellicent|304\/404 psn|[from] Stealth Rock
|
|-heal|p2a: Jellicent|329\/404 psn|[from] item: Leftovers
|-damage|p2a: Jellicent|279\/404 psn|[from] psn
|turn|91
|
|move|p1a: Rotom-Heat|Thunderbolt|p2a: Jellicent
|-supereffective|p2a: Jellicent
|-damage|p2a: Jellicent|91\/404 psn
|move|p2a: Jellicent|Recover|p2a: Jellicent
|-heal|p2a: Jellicent|293\/404 psn
|
|-heal|p2a: Jellicent|318\/404 psn|[from] item: Leftovers
|-damage|p2a: Jellicent|268\/404 psn|[from] psn
|turn|92
|
|move|p1a: Rotom-Heat|Thunderbolt|p2a: Jellicent
|-supereffective|p2a: Jellicent
|-damage|p2a: Jellicent|74\/404 psn
|move|p2a: Jellicent|Scald|p1a: Rotom-Heat
|-supereffective|p1a: Rotom-Heat
|-damage|p1a: Rotom-Heat|206\/304
|
|-heal|p2a: Jellicent|99\/404 psn|[from] item: Leftovers
|-damage|p2a: Jellicent|49\/404 psn|[from] psn
|turn|93
|c|âThE0|gg
|c|âRowDog|gg
|-message|ThE0 forfeited.
|
|win|RowDog
|raw|Ladder updating...
|raw|RowDog's rating: 1614 &rarr; <strong>1633<\/strong><br \/>(+19 for winning)
|raw|ThE0's rating: 1589 &rarr; <strong>1570<\/strong><br \/>(-19 for losing)
|leave|ThE0
|player|p2