|join|RowDog
|join|Zera Delta
|player|p1|RowDog|80
|player|p2|Zera Delta|52
|gametype|singles
|gen|6
|tier|UU
|rated
|rule|Sleep Clause Mod: Limit one foe put to sleep
|rule|Species Clause: Limit one of each PokÃ©mon
|rule|OHKO Clause: OHKO moves are banned
|rule|Moody Clause: Moody is banned
|rule|Evasion Moves Clause: Evasion moves are banned
|rule|Endless Battle Clause: Forcing endless battles is banned
|rule|HP Percentage Mod: HP is shown in percentages
|clearpoke
|poke|p1|Aromatisse, M
|poke|p1|Doublade, M
|poke|p1|Blissey, F
|poke|p1|Dragalge, M
|poke|p1|Crobat, F
|poke|p1|Gastrodon, M
|poke|p2|Raikou, shiny
|poke|p2|Gligar, M
|poke|p2|Vaporeon, M
|poke|p2|Roserade, M
|poke|p2|Rotom-Heat, shiny
|poke|p2|Cobalion, shiny
|rule|Swagger Clause: Swagger is banned
|rule|Baton Pass Clause: Limit one PokÃ©mon knowing Baton Pass
|teampreview
|
|start
|switch|p1a: Dragalge|Dragalge, M|334\/334
|switch|p2a: Rotom-Heat|Rotom-Heat, shiny|304\/304
|turn|1
|
|move|p2a: Rotom-Heat|Will-O-Wisp|p1a: Dragalge|[miss]
|-miss|p2a: Rotom-Heat|p1a: Dragalge
|move|p1a: Dragalge|Scald|p2a: Rotom-Heat
|-supereffective|p2a: Rotom-Heat
|-damage|p2a: Rotom-Heat|222\/304
|
|-heal|p2a: Rotom-Heat|241\/304|[from] item: Leftovers
|turn|2
|
|switch|p1a: Blissey|Blissey, F|714\/714
|move|p2a: Rotom-Heat|Will-O-Wisp|p1a: Blissey
|-status|p1a: Blissey|brn
|
|-heal|p2a: Rotom-Heat|260\/304|[from] item: Leftovers
|-damage|p1a: Blissey|625\/714 brn|[from] brn
|turn|3
|
|move|p2a: Rotom-Heat|Volt Switch|p1a: Blissey
|-damage|p1a: Blissey|553\/714 brn
|
|switch|p2a: Cobalion|Cobalion, shiny|323\/323
|move|p1a: Blissey|Stealth Rock|p2a: Cobalion
|-sidestart|p2: Zera Delta|move: Stealth Rock
|
|-heal|p1a: Blissey|597\/714 brn|[from] item: Leftovers
|-damage|p1a: Blissey|508\/714 brn|[from] brn
|turn|4
|
|switch|p1a: Doublade|Doublade, M|319\/319
|move|p2a: Cobalion|Iron Head|p1a: Doublade
|-resisted|p1a: Doublade
|-damage|p1a: Doublade|292\/319
|
|turn|5
|
|switch|p2a: Gligar|Gligar, M|334\/334
|-damage|p2a: Gligar|293\/334|[from] Stealth Rock
|move|p1a: Doublade|Toxic|p2a: Gligar
|-status|p2a: Gligar|tox
|
|-damage|p2a: Gligar|273\/334 tox|[from] psn
|turn|6
|
|switch|p1a: Gastrodon|Gastrodon, M|426\/426
|move|p2a: Gligar|Defog|p1a: Gastrodon
|-unboost|p1a: Gastrodon|evasion|1
|-sideend|p2: Zera Delta|Stealth Rock|[from] move: Defog|[of] p2a: Gligar
|
|-damage|p2a: Gligar|233\/334 tox|[from] psn
|turn|7
|
|switch|p2a: Vaporeon|Vaporeon, M|464\/464
|move|p1a: Gastrodon|Earthquake|p2a: Vaporeon
|-damage|p2a: Vaporeon|356\/464
|
|-heal|p2a: Vaporeon|385\/464|[from] item: Leftovers
|turn|8
|
|switch|p1a: Blissey|Blissey, F|508\/714
|move|p2a: Vaporeon|Heal Bell|p2a: Vaporeon
|-cureteam|p2a: Vaporeon|[from] move: HealBell
|
|-heal|p2a: Vaporeon|414\/464|[from] item: Leftovers
|-heal|p1a: Blissey|552\/714|[from] item: Leftovers
|turn|9
|
|switch|p2a: Gligar|Gligar, M|233\/334
|move|p1a: Blissey|Stealth Rock|p2a: Gligar
|-sidestart|p2: Zera Delta|move: Stealth Rock
|
|-heal|p1a: Blissey|596\/714|[from] item: Leftovers
|turn|10
|
|move|p2a: Gligar|Defog|p1a: Blissey
|-unboost|p1a: Blissey|evasion|1
|-sideend|p2: Zera Delta|Stealth Rock|[from] move: Defog|[of] p2a: Gligar
|move|p1a: Blissey|Seismic Toss|p2a: Gligar
|-damage|p2a: Gligar|133\/334
|
|-heal|p1a: Blissey|640\/714|[from] item: Leftovers
|turn|11
|
|move|p2a: Gligar|Roost|p2a: Gligar
|-heal|p2a: Gligar|300\/334
|move|p1a: Blissey|Stealth Rock|p2a: Gligar
|-sidestart|p2: Zera Delta|move: Stealth Rock
|
|-heal|p1a: Blissey|684\/714|[from] item: Leftovers
|turn|12
|
|move|p2a: Gligar|Defog|p1a: Blissey
|-unboost|p1a: Blissey|evasion|1
|-sideend|p2: Zera Delta|Stealth Rock|[from] move: Defog|[of] p2a: Gligar
|move|p1a: Blissey|Seismic Toss|p2a: Gligar
|-damage|p2a: Gligar|200\/334
|
|-heal|p1a: Blissey|714\/714|[from] item: Leftovers
|turn|13
|
|move|p2a: Gligar|Roost|p2a: Gligar
|-heal|p2a: Gligar|334\/334
|move|p1a: Blissey|Stealth Rock|p2a: Gligar
|-sidestart|p2: Zera Delta|move: Stealth Rock
|
|turn|14
|
|move|p2a: Gligar|Defog|p1a: Blissey
|-unboost|p1a: Blissey|evasion|1
|-sideend|p2: Zera Delta|Stealth Rock|[from] move: Defog|[of] p2a: Gligar
|move|p1a: Blissey|Seismic Toss|p2a: Gligar
|-damage|p2a: Gligar|234\/334
|
|turn|15
|
|move|p2a: Gligar|Earthquake|p1a: Blissey
|-damage|p1a: Blissey|554\/714
|move|p1a: Blissey|Seismic Toss|p2a: Gligar
|-damage|p2a: Gligar|134\/334
|
|-heal|p1a: Blissey|598\/714|[from] item: Leftovers
|turn|16
|
|switch|p1a: Gastrodon|Gastrodon, M|426\/426
|move|p2a: Gligar|Roost|p2a: Gligar
|-heal|p2a: Gligar|301\/334
|
|turn|17
|
|switch|p2a: Roserade|Roserade, M|261\/261
|move|p1a: Gastrodon|Scald|p2a: Roserade
|-resisted|p2a: Roserade
|-damage|p2a: Roserade|218\/261
|
|-heal|p2a: Roserade|234\/261|[from] item: Black Sludge
|turn|18
|
|switch|p1a: Crobat|Crobat, F|373\/373
|move|p2a: Roserade|Sleep Powder|p1a: Crobat
|-status|p1a: Crobat|slp
|
|-heal|p2a: Roserade|250\/261|[from] item: Black Sludge
|turn|19
|
|switch|p2a: Raikou|Raikou, shiny|321\/321
|-ability|p2a: Raikou|Pressure
|cant|p1a: Crobat|slp
|
|turn|20
|
|switch|p1a: Blissey|Blissey, F|598\/714
|move|p2a: Raikou|Thunderbolt|p1a: Blissey
|-damage|p1a: Blissey|477\/714
|
|-heal|p1a: Blissey|521\/714|[from] item: Leftovers
|turn|21
|
|switch|p2a: Gligar|Gligar, M|301\/334
|move|p1a: Blissey|Stealth Rock|p2a: Gligar
|-sidestart|p2: Zera Delta|move: Stealth Rock
|
|-heal|p1a: Blissey|565\/714|[from] item: Leftovers
|turn|22
|
|switch|p1a: Crobat|Crobat, F|373\/373 slp
|move|p2a: Gligar|Defog|p1a: Crobat
|-unboost|p1a: Crobat|evasion|1
|-sideend|p2: Zera Delta|Stealth Rock|[from] move: Defog|[of] p2a: Gligar
|
|turn|23
|
|switch|p1a: Gastrodon|Gastrodon, M|426\/426
|move|p2a: Gligar|Stealth Rock|p1a: Gastrodon
|-sidestart|p1: RowDog|move: Stealth Rock
|
|turn|24
|
|switch|p2a: Roserade|Roserade, M|250\/261
|move|p1a: Gastrodon|Earthquake|p2a: Roserade
|-damage|p2a: Roserade|117\/261
|
|-heal|p2a: Roserade|133\/261|[from] item: Black Sludge
|turn|25
|
|switch|p1a: Crobat|Crobat, F|373\/373 slp
|-damage|p1a: Crobat|280\/373 slp|[from] Stealth Rock
|move|p2a: Roserade|Sludge Bomb|p1a: Crobat
|-resisted|p1a: Crobat
|-damage|p1a: Crobat|178\/373 slp
|
|-heal|p1a: Crobat|201\/373 slp|[from] item: Black Sludge
|-heal|p2a: Roserade|149\/261|[from] item: Black Sludge
|turn|26
|
|switch|p2a: Rotom-Heat|Rotom-Heat, shiny|260\/304
|-curestatus|p1a: Crobat|slp
|move|p1a: Crobat|Roost|p1a: Crobat
|-heal|p1a: Crobat|373\/373
|
|-heal|p2a: Rotom-Heat|279\/304|[from] item: Leftovers
|turn|27
|
|switch|p1a: Blissey|Blissey, F|565\/714
|-damage|p1a: Blissey|476\/714|[from] Stealth Rock
|move|p2a: Rotom-Heat|Will-O-Wisp|p1a: Blissey
|-status|p1a: Blissey|brn
|
|-heal|p2a: Rotom-Heat|298\/304|[from] item: Leftovers
|-heal|p1a: Blissey|520\/714 brn|[from] item: Leftovers
|-damage|p1a: Blissey|431\/714 brn|[from] brn
|turn|28
|
|move|p2a: Rotom-Heat|Volt Switch|p1a: Blissey
|-damage|p1a: Blissey|368\/714 brn
|
|switch|p2a: Roserade|Roserade, M|149\/261
|move|p1a: Blissey|Stealth Rock|p2a: Roserade
|-sidestart|p2: Zera Delta|move: Stealth Rock
|
|-heal|p2a: Roserade|165\/261|[from] item: Black Sludge
|-heal|p1a: Blissey|412\/714 brn|[from] item: Leftovers
|-damage|p1a: Blissey|323\/714 brn|[from] brn
|turn|29
|
|move|p2a: Roserade|Giga Drain|p1a: Blissey
|-damage|p1a: Blissey|229\/714 brn
|-heal|p2a: Roserade|212\/261|[from] drain|[of] p1a: Blissey
|move|p1a: Blissey|Soft-Boiled|p1a: Blissey
|-heal|p1a: Blissey|586\/714 brn
|
|-heal|p2a: Roserade|228\/261|[from] item: Black Sludge
|-heal|p1a: Blissey|630\/714 brn|[from] item: Leftovers
|-damage|p1a: Blissey|541\/714 brn|[from] brn
|turn|30
|
|move|p2a: Roserade|Sludge Bomb|p1a: Blissey
|-damage|p1a: Blissey|415\/714 brn
|move|p1a: Blissey|Seismic Toss|p2a: Roserade
|-damage|p2a: Roserade|128\/261
|
|-heal|p2a: Roserade|144\/261|[from] item: Black Sludge
|-heal|p1a: Blissey|459\/714 brn|[from] item: Leftovers
|-damage|p1a: Blissey|370\/714 brn|[from] brn
|turn|31
|join|sirmagius
|
|move|p2a: Roserade|Giga Drain|p1a: Blissey
|-damage|p1a: Blissey|274\/714 brn
|-heal|p2a: Roserade|192\/261|[from] drain|[of] p1a: Blissey
|move|p1a: Blissey|Soft-Boiled|p1a: Blissey
|-heal|p1a: Blissey|631\/714 brn
|
|-heal|p2a: Roserade|208\/261|[from] item: Black Sludge
|-heal|p1a: Blissey|675\/714 brn|[from] item: Leftovers
|-damage|p1a: Blissey|586\/714 brn|[from] brn
|turn|32
|
|move|p2a: Roserade|Spikes|p1a: Blissey
|-sidestart|p1: RowDog|Spikes
|move|p1a: Blissey|Wish|p1a: Blissey
|
|-heal|p2a: Roserade|224\/261|[from] item: Black Sludge
|-heal|p1a: Blissey|630\/714 brn|[from] item: Leftovers
|-damage|p1a: Blissey|541\/714 brn|[from] brn
|turn|33
|
|switch|p1a: Dragalge|Dragalge, M|334\/334
|-damage|p1a: Dragalge|293\/334|[from] Stealth Rock
|-damage|p1a: Dragalge|252\/334|[from] Spikes
|move|p2a: Roserade|Sleep Powder|p1a: Dragalge
|-status|p1a: Dragalge|slp
|
|-heal|p1a: Dragalge|334\/334 slp|[from] move: Wish|[wisher] Blissey
|-heal|p2a: Roserade|240\/261|[from] item: Black Sludge
|turn|34
|c| sirmagius|dragalgae o.o
|c| sirmagius|what does he do in uu
|c|âRowDog|Basically a lot of the same as Tentacruel except no spin
|
|switch|p2a: Cobalion|Cobalion, shiny|323\/323
|-damage|p2a: Cobalion|313\/323|[from] Stealth Rock
|cant|p1a: Dragalge|slp
|
|-heal|p2a: Cobalion|323\/323|[from] item: Leftovers
|turn|35
|c|âRowDog|Phazing
|c| sirmagius|o
|c|âRowDog|and some handy resistances
|
|move|p2a: Cobalion|Iron Head|p1a: Dragalge
|-damage|p1a: Dragalge|246\/334 slp
|cant|p1a: Dragalge|slp
|
|-heal|p1a: Dragalge|266\/334 slp|[from] item: Black Sludge
|turn|36
|c|âRowDog|not too bad imo
|join|Yifeng
|
|move|p2a: Cobalion|Swords Dance|p2a: Cobalion
|-boost|p2a: Cobalion|atk|2
|cant|p1a: Dragalge|slp
|
|-heal|p1a: Dragalge|286\/334 slp|[from] item: Black Sludge
|turn|37
|c| sirmagius|wheres
|c| sirmagius|doublade
|
|move|p2a: Cobalion|Substitute|p2a: Cobalion
|-start|p2a: Cobalion|Substitute
|-damage|p2a: Cobalion|243\/323
|-curestatus|p1a: Dragalge|slp
|move|p1a: Dragalge|Dragon Tail|p2a: Cobalion
|-resisted|p2a: Cobalion
|-activate|p2a: Cobalion|Substitute|[damage]
|
|-heal|p2a: Cobalion|263\/323|[from] item: Leftovers
|-heal|p1a: Dragalge|306\/334|[from] item: Black Sludge
|turn|38
|c|âZera Delta|i was wondering that too
|
|switch|p1a: Doublade|Doublade, M|292\/319
|-damage|p1a: Doublade|273\/319|[from] Stealth Rock
|-damage|p1a: Doublade|234\/319|[from] Spikes
|move|p2a: Cobalion|Swords Dance|p2a: Cobalion
|-boost|p2a: Cobalion|atk|2
|
|-heal|p2a: Cobalion|283\/323|[from] item: Leftovers
|turn|39
|
|move|p2a: Cobalion|Iron Head|p1a: Doublade
|-resisted|p1a: Doublade
|-damage|p1a: Doublade|156\/319
|move|p1a: Doublade|Sacred Sword|p2a: Cobalion
|-supereffective|p2a: Cobalion
|-end|p2a: Cobalion|Substitute
|
|-heal|p2a: Cobalion|303\/323|[from] item: Leftovers
|turn|40
|
|move|p2a: Cobalion|Iron Head|p1a: Doublade
|-resisted|p1a: Doublade
|-damage|p1a: Doublade|84\/319
|move|p1a: Doublade|Sacred Sword|p2a: Cobalion
|-supereffective|p2a: Cobalion
|-damage|p2a: Cobalion|123\/323
|
|-heal|p2a: Cobalion|143\/323|[from] item: Leftovers
|turn|41
|
|move|p2a: Cobalion|Iron Head|p1a: Doublade
|-resisted|p1a: Doublade
|-damage|p1a: Doublade|5\/319
|move|p1a: Doublade|Sacred Sword|p2a: Cobalion
|-supereffective|p2a: Cobalion
|-damage|p2a: Cobalion|0 fnt
|faint|p2a: Cobalion
|
|c| sirmagius|no flinch
|c| sirmagius|bs
|
|switch|p2a: Rotom-Heat|Rotom-Heat, shiny|298\/304
|-damage|p2a: Rotom-Heat|222\/304|[from] Stealth Rock
|turn|42
|
|move|p1a: Doublade|Shadow Sneak|p2a: Rotom-Heat
|-damage|p2a: Rotom-Heat|153\/304
|move|p2a: Rotom-Heat|Volt Switch|p1a: Doublade
|-damage|p1a: Doublade|0 fnt
|faint|p1a: Doublade
|
|switch|p2a: Raikou|Raikou, shiny|321\/321
|-damage|p2a: Raikou|281\/321|[from] Stealth Rock
|-ability|p2a: Raikou|Pressure
|
|-heal|p2a: Raikou|301\/321|[from] item: Leftovers
|join|BenzMafia
|
|switch|p1a: Gastrodon|Gastrodon, M|426\/426
|-damage|p1a: Gastrodon|373\/426|[from] Spikes
|-damage|p1a: Gastrodon|347\/426|[from] Stealth Rock
|turn|43
|
|switch|p2a: Vaporeon|Vaporeon, M|414\/464
|-damage|p2a: Vaporeon|356\/464|[from] Stealth Rock
|switch|p1a: Dragalge|Dragalge, M|306\/334
|-damage|p1a: Dragalge|265\/334|[from] Stealth Rock
|-damage|p1a: Dragalge|224\/334|[from] Spikes
|
|-heal|p2a: Vaporeon|385\/464|[from] item: Leftovers
|-heal|p1a: Dragalge|244\/334|[from] item: Black Sludge
|turn|44
|c| sirmagius|hp grass here
|c| sirmagius|o
|c|âRowDog|that is handy information
|c|âZera Delta|nah, its subcm
|c|âRowDog|mhm
|
|move|p2a: Vaporeon|Wish|p2a: Vaporeon
|move|p1a: Dragalge|Dragon Tail|p2a: Vaporeon
|-damage|p2a: Vaporeon|333\/464
|drag|p2a: Raikou|Raikou, shiny|301\/321
|-damage|p2a: Raikou|261\/321|[from] Stealth Rock
|-ability|p2a: Raikou|Pressure
|
|-heal|p2a: Raikou|281\/321|[from] item: Leftovers
|-heal|p1a: Dragalge|264\/334|[from] item: Black Sludge
|turn|45
|
|switch|p1a: Gastrodon|Gastrodon, M|347\/426
|-damage|p1a: Gastrodon|294\/426|[from] Spikes
|-damage|p1a: Gastrodon|268\/426|[from] Stealth Rock
|move|p2a: Raikou|Hidden Power|p1a: Gastrodon
|-damage|p1a: Gastrodon|203\/426
|
|-heal|p2a: Raikou|321\/321|[from] move: Wish|[wisher] Vaporeon
|-heal|p1a: Gastrodon|229\/426|[from] item: Leftovers
|turn|46
|c| sirmagius|sub cm can run hp grass
|c|âZera Delta|well yeah
|c|âRowDog|nah pretty much always Ice
|c|âZera Delta|i prefer hp ice tho
|c|âRowDog|for Dreigon
|
|switch|p2a: Vaporeon|Vaporeon, M|333\/464
|-damage|p2a: Vaporeon|275\/464|[from] Stealth Rock
|move|p1a: Gastrodon|Scald|p2a: Vaporeon
|-heal|p2a: Vaporeon|391\/464|[from] ability: Water Absorb|[of] p1a: Gastrodon
|
|-heal|p2a: Vaporeon|420\/464|[from] item: Leftovers
|-heal|p1a: Gastrodon|255\/426|[from] item: Leftovers
|turn|47
|
|move|p2a: Vaporeon|Wish|p2a: Vaporeon
|move|p1a: Gastrodon|Recover|p1a: Gastrodon
|-heal|p1a: Gastrodon|426\/426
|
|-heal|p2a: Vaporeon|449\/464|[from] item: Leftovers
|turn|48
|join|Dirty Bae
|
|switch|p2a: Rotom-Heat|Rotom-Heat, shiny|153\/304
|-damage|p2a: Rotom-Heat|77\/304|[from] Stealth Rock
|move|p1a: Gastrodon|Earthquake|p2a: Rotom-Heat
|-immune|p2a: Rotom-Heat|[msg]
|
|-heal|p2a: Rotom-Heat|304\/304|[from] move: Wish|[wisher] Vaporeon
|turn|49
|c|âRowDog|nb
|c| Yifeng|rekt
|
|switch|p1a: Blissey|Blissey, F|541\/714
|-damage|p1a: Blissey|452\/714|[from] Spikes
|-damage|p1a: Blissey|363\/714|[from] Stealth Rock
|move|p2a: Rotom-Heat|Will-O-Wisp|p1a: Blissey
|-status|p1a: Blissey|brn
|
|-heal|p1a: Blissey|407\/714 brn|[from] item: Leftovers
|-damage|p1a: Blissey|318\/714 brn|[from] brn
|turn|50
|
|move|p2a: Rotom-Heat|Volt Switch|p1a: Blissey
|-damage|p1a: Blissey|246\/714 brn
|
|switch|p2a: Roserade|Roserade, M|240\/261
|-damage|p2a: Roserade|208\/261|[from] Stealth Rock
|move|p1a: Blissey|Soft-Boiled|p1a: Blissey
|-heal|p1a: Blissey|603\/714 brn
|
|-heal|p2a: Roserade|224\/261|[from] item: Black Sludge
|-heal|p1a: Blissey|647\/714 brn|[from] item: Leftovers
|-damage|p1a: Blissey|558\/714 brn|[from] brn
|turn|51
|c|âRowDog|He will struggle with Bliss now
|
|switch|p1a: Crobat|Crobat, F|373\/373
|-damage|p1a: Crobat|280\/373|[from] Stealth Rock
|move|p2a: Roserade|Spikes|p1a: Crobat
|-sidestart|p1: RowDog|Spikes
|
|-heal|p1a: Crobat|303\/373|[from] item: Black Sludge
|-heal|p2a: Roserade|240\/261|[from] item: Black Sludge
|turn|52
|
|switch|p2a: Gligar|Gligar, M|301\/334
|-damage|p2a: Gligar|260\/334|[from] Stealth Rock
|move|p1a: Crobat|Defog|p2a: Gligar
|-unboost|p2a: Gligar|evasion|1
|-sideend|p2: Zera Delta|Stealth Rock|[from] move: Defog|[of] p2a: Gligar
|-sideend|p1: RowDog|Spikes|[from] move: Defog|[of] p1a: Crobat
|-sideend|p1: RowDog|Stealth Rock|[from] move: Defog|[of] p1a: Crobat
|
|-heal|p1a: Crobat|326\/373|[from] item: Black Sludge
|turn|53
|leave|Dirty Bae
|c| sirmagius|yea u shouldnt have
|
|move|p1a: Crobat|Taunt|p2a: Gligar
|-start|p2a: Gligar|move: Taunt
|cant|p2a: Gligar|move: Taunt|Stealth Rock
|
|-heal|p1a: Crobat|349\/373|[from] item: Black Sludge
|turn|54
|c| sirmagius|relied on flinching doublade
|c|âZera Delta|:v
|c| Yifeng|btw row
|c| Yifeng|i got rank 1
|c|âZera Delta|i was actually relying on roles
|c| Yifeng|on bae
|c|âRowDog|I saw
|c|âRowDog|in the DH thread
|
|switch|p2a: Raikou|Raikou, shiny|321\/321
|-ability|p2a: Raikou|Pressure
|move|p1a: Crobat|Brave Bird|p2a: Raikou
|-resisted|p2a: Raikou
|-damage|p2a: Raikou|226\/321
|-damage|p1a: Crobat|318\/373|[from] recoil|[of] p2a: Raikou
|
|-heal|p1a: Crobat|341\/373|[from] item: Black Sludge
|-heal|p2a: Raikou|246\/321|[from] item: Leftovers
|turn|55
|c| Yifeng|need A+ or S rank
|c| sirmagius|gonna pass u when i ladder w\/ my dh
|c| sirmagius|yn
|
|switch|p1a: Blissey|Blissey, F|558\/714
|switch|p2a: Gligar|Gligar, M|260\/334
|
|-heal|p1a: Blissey|602\/714|[from] item: Leftovers
|turn|56
|
|move|p2a: Gligar|Stealth Rock|p1a: Blissey
|-sidestart|p1: RowDog|move: Stealth Rock
|move|p1a: Blissey|Stealth Rock|p2a: Gligar
|-sidestart|p2: Zera Delta|move: Stealth Rock
|
|-heal|p1a: Blissey|646\/714|[from] item: Leftovers
|turn|57
|
|move|p2a: Gligar|Roost|p2a: Gligar
|-heal|p2a: Gligar|334\/334
|move|p1a: Blissey|Seismic Toss|p2a: Gligar
|-damage|p2a: Gligar|234\/334
|
|-heal|p1a: Blissey|690\/714|[from] item: Leftovers
|turn|58
|c| sirmagius|ice beam bliss where
|c| Yifeng|is this clown dynamic
|c| Yifeng|?
|
|move|p2a: Gligar|Earthquake|p1a: Blissey
|-damage|p1a: Blissey|524\/714
|move|p1a: Blissey|Seismic Toss|p2a: Gligar
|-damage|p2a: Gligar|134\/334
|
|-heal|p1a: Blissey|568\/714|[from] item: Leftovers
|turn|59
|c| sirmagius|y
|
|move|p2a: Gligar|Roost|p2a: Gligar
|-heal|p2a: Gligar|301\/334
|move|p1a: Blissey|Seismic Toss|p2a: Gligar
|-damage|p2a: Gligar|201\/334
|
|-heal|p1a: Blissey|612\/714|[from] item: Leftovers
|turn|60
|c| sirmagius|clown wot
|c| Yifeng|you're a clown btw
|
|move|p2a: Gligar|Roost|p2a: Gligar
|-heal|p2a: Gligar|334\/334
|move|p1a: Blissey|Seismic Toss|p2a: Gligar
|-damage|p2a: Gligar|234\/334
|
|-heal|p1a: Blissey|656\/714|[from] item: Leftovers
|turn|61
|c| sirmagius|o
|c| sirmagius|i c
|
|move|p2a: Gligar|Roost|p2a: Gligar
|-heal|p2a: Gligar|334\/334
|move|p1a: Blissey|Wish|p1a: Blissey
|
|-heal|p1a: Blissey|700\/714|[from] item: Leftovers
|turn|62
|c| Yifeng|what dh mons you using?
|
|switch|p1a: Gastrodon|Gastrodon, M|426\/426
|-damage|p1a: Gastrodon|400\/426|[from] Stealth Rock
|move|p2a: Gligar|Earthquake|p1a: Gastrodon
|-damage|p1a: Gastrodon|291\/426
|
|-heal|p1a: Gastrodon|426\/426|[from] move: Wish|[wisher] Blissey
|turn|63
|c| sirmagius|mismag viriz perior
|c| Yifeng|o you're the clown with a kingdra sprite
|
|switch|p2a: Roserade|Roserade, M|240\/261
|-damage|p2a: Roserade|208\/261|[from] Stealth Rock
|move|p1a: Gastrodon|Earthquake|p2a: Roserade
|-damage|p2a: Roserade|57\/261
|
|-heal|p2a: Roserade|73\/261|[from] item: Black Sludge
|turn|64
|c| sirmagius|hence the name
|
|switch|p1a: Dragalge|Dragalge, M|264\/334
|-damage|p1a: Dragalge|223\/334|[from] Stealth Rock
|move|p2a: Roserade|Sleep Powder|p1a: Dragalge
|-status|p1a: Dragalge|slp
|
|-heal|p2a: Roserade|89\/261|[from] item: Black Sludge
|-heal|p1a: Dragalge|243\/334 slp|[from] item: Black Sludge
|turn|65
|
|switch|p1a: Crobat|Crobat, F|341\/373
|-damage|p1a: Crobat|248\/373|[from] Stealth Rock
|move|p2a: Roserade|Spikes|p1a: Crobat
|-sidestart|p1: RowDog|Spikes
|
|-heal|p1a: Crobat|271\/373|[from] item: Black Sludge
|-heal|p2a: Roserade|105\/261|[from] item: Black Sludge
|turn|66
|c|âRowDog|Dragalge is in Yifeng
|c| Yifeng|this thing actually walls rose for days
|
|switch|p2a: Vaporeon|Vaporeon, M|449\/464
|-damage|p2a: Vaporeon|391\/464|[from] Stealth Rock
|move|p1a: Crobat|Brave Bird|p2a: Vaporeon
|-damage|p2a: Vaporeon|261\/464
|-damage|p1a: Crobat|228\/373|[from] recoil|[of] p2a: Vaporeon
|
|-heal|p1a: Crobat|251\/373|[from] item: Black Sludge
|-heal|p2a: Vaporeon|290\/464|[from] item: Leftovers
|turn|67
|
|move|p1a: Crobat|Taunt|p2a: Vaporeon
|-start|p2a: Vaporeon|move: Taunt
|cant|p2a: Vaporeon|move: Taunt|Wish
|
|-heal|p1a: Crobat|274\/373|[from] item: Black Sludge
|-heal|p2a: Vaporeon|319\/464|[from] item: Leftovers
|turn|68
|
|switch|p2a: Rotom-Heat|Rotom-Heat, shiny|304\/304
|-damage|p2a: Rotom-Heat|228\/304|[from] Stealth Rock
|move|p1a: Crobat|Defog|p2a: Rotom-Heat
|-unboost|p2a: Rotom-Heat|evasion|1
|-sideend|p2: Zera Delta|Stealth Rock|[from] move: Defog|[of] p2a: Rotom-Heat
|-sideend|p1: RowDog|Spikes|[from] move: Defog|[of] p1a: Crobat
|-sideend|p1: RowDog|Stealth Rock|[from] move: Defog|[of] p1a: Crobat
|
|-heal|p1a: Crobat|297\/373|[from] item: Black Sludge
|-heal|p2a: Rotom-Heat|247\/304|[from] item: Leftovers
|turn|69
|
|switch|p1a: Dragalge|Dragalge, M|243\/334 slp
|move|p2a: Rotom-Heat|Will-O-Wisp|p1a: Dragalge
|-fail|p1a: Dragalge
|
|-heal|p2a: Rotom-Heat|266\/304|[from] item: Leftovers
|-heal|p1a: Dragalge|263\/334 slp|[from] item: Black Sludge
|turn|70
|
|move|p2a: Rotom-Heat|Volt Switch|p1a: Dragalge
|-crit|p1a: Dragalge
|-resisted|p1a: Dragalge
|-damage|p1a: Dragalge|205\/334 slp
|c|âRowDog|See Yifeng
|
|switch|p2a: Raikou|Raikou, shiny|246\/321
|-ability|p2a: Raikou|Pressure
|cant|p1a: Dragalge|slp
|
|-heal|p2a: Raikou|266\/321|[from] item: Leftovers
|-heal|p1a: Dragalge|225\/334 slp|[from] item: Black Sludge
|turn|71
|c| Yifeng|that did nothing
|c| Yifeng|wow
|c|âRowDog|not a bad set of resistances
|c|âRowDog|btw this is Phys Def too lol
|
|switch|p1a: Blissey|Blissey, F|700\/714
|move|p2a: Raikou|Substitute|p2a: Raikou
|-start|p2a: Raikou|Substitute
|-damage|p2a: Raikou|186\/321
|
|-heal|p2a: Raikou|206\/321|[from] item: Leftovers
|-heal|p1a: Blissey|714\/714|[from] item: Leftovers
|turn|72
|c| sirmagius|its a good check to ape
|c| Yifeng|power tho
|
|move|p2a: Raikou|Thunderbolt|p1a: Blissey
|-damage|p1a: Blissey|597\/714
|move|p1a: Blissey|Seismic Toss|p2a: Raikou
|-end|p2a: Raikou|Substitute
|
|-heal|p2a: Raikou|226\/321|[from] item: Leftovers
|-heal|p1a: Blissey|641\/714|[from] item: Leftovers
|turn|73
|
|switch|p2a: Gligar|Gligar, M|334\/334
|move|p1a: Blissey|Seismic Toss|p2a: Gligar
|-damage|p2a: Gligar|234\/334
|
|-heal|p1a: Blissey|685\/714|[from] item: Leftovers
|turn|74
|c| sirmagius|chesto rest raikou where
|
|move|p2a: Gligar|Stealth Rock|p1a: Blissey
|-sidestart|p1: RowDog|move: Stealth Rock
|move|p1a: Blissey|Stealth Rock|p2a: Gligar
|-sidestart|p2: Zera Delta|move: Stealth Rock
|
|-heal|p1a: Blissey|714\/714|[from] item: Leftovers
|turn|75
|
|move|p2a: Gligar|Defog|p1a: Blissey
|-unboost|p1a: Blissey|evasion|1
|-sideend|p1: RowDog|Stealth Rock|[from] move: Defog|[of] p1a: Blissey
|-sideend|p2: Zera Delta|Stealth Rock|[from] move: Defog|[of] p2a: Gligar
|move|p1a: Blissey|Seismic Toss|p2a: Gligar
|-damage|p2a: Gligar|134\/334
|
|turn|76
|c| Yifeng|dyn get 1900 DH if real
|c| sirmagius|kk
|
|move|p2a: Gligar|Roost|p2a: Gligar
|-heal|p2a: Gligar|301\/334
|move|p1a: Blissey|Seismic Toss|p2a: Gligar
|-damage|p2a: Gligar|201\/334
|
|turn|77
|
|move|p2a: Gligar|Stealth Rock|p1a: Blissey
|-sidestart|p1: RowDog|move: Stealth Rock
|move|p1a: Blissey|Stealth Rock|p2a: Gligar
|-sidestart|p2: Zera Delta|move: Stealth Rock
|
|turn|78
|c| sirmagius|im p sure
|
|move|p2a: Gligar|Defog|p1a: Blissey
|-unboost|p1a: Blissey|evasion|1
|-sideend|p1: RowDog|Stealth Rock|[from] move: Defog|[of] p1a: Blissey
|-sideend|p2: Zera Delta|Stealth Rock|[from] move: Defog|[of] p2a: Gligar
|move|p1a: Blissey|Seismic Toss|p2a: Gligar
|-damage|p2a: Gligar|101\/334
|
|turn|79
|c| sirmagius|i can get 1700 w\/ my team
|
|switch|p1a: Gastrodon|Gastrodon, M|426\/426
|move|p2a: Gligar|Roost|p2a: Gligar
|-heal|p2a: Gligar|268\/334
|
|turn|80
|c| sirmagius|but im hungry
|
|move|p2a: Gligar|Stealth Rock|p1a: Gastrodon
|-sidestart|p1: RowDog|move: Stealth Rock
|move|p1a: Gastrodon|Scald|p2a: Gligar
|-crit|p2a: Gligar
|-supereffective|p2a: Gligar
|-damage|p2a: Gligar|26\/334
|
|turn|81
|c| Yifeng|k i'll snipe you every time you try get past 1700
|
|move|p2a: Gligar|Roost|p2a: Gligar
|-heal|p2a: Gligar|193\/334
|move|p1a: Gastrodon|Earthquake|p2a: Gligar
|-damage|p2a: Gligar|141\/334
|
|turn|82
|c| sirmagius|nerd
|c| Yifeng|y?
|
|switch|p2a: Vaporeon|Vaporeon, M|319\/464
|move|p1a: Gastrodon|Curse|p1a: Gastrodon
|-boost|p1a: Gastrodon|atk|1
|-boost|p1a: Gastrodon|def|1
|-unboost|p1a: Gastrodon|spe|1
|
|-heal|p2a: Vaporeon|348\/464|[from] item: Leftovers
|turn|83
|c| sirmagius|in
|c|âZera Delta|oh shit
|c|âZera Delta|lol
|c| Yifeng|in
|
|move|p2a: Vaporeon|Wish|p2a: Vaporeon
|move|p1a: Gastrodon|Earthquake|p2a: Vaporeon
|-damage|p2a: Vaporeon|192\/464
|
|-heal|p2a: Vaporeon|221\/464|[from] item: Leftovers
|turn|84
|c| sirmagius|gg
|c| sirmagius|rindo berry gastro
|
|switch|p2a: Roserade|Roserade, M|105\/261
|move|p1a: Gastrodon|Scald|p2a: Roserade
|-resisted|p2a: Roserade
|-damage|p2a: Roserade|60\/261
|
|-heal|p2a: Roserade|261\/261|[from] move: Wish|[wisher] Vaporeon
|turn|85
|c|âRowDog|damn he got the predict
|c| Yifeng|wow
|c| Yifeng|you suck
|
|switch|p1a: Blissey|Blissey, F|714\/714
|-damage|p1a: Blissey|625\/714|[from] Stealth Rock
|move|p2a: Roserade|Giga Drain|p1a: Blissey
|-damage|p1a: Blissey|520\/714
|
|-heal|p1a: Blissey|564\/714|[from] item: Leftovers
|turn|86
|
|move|p2a: Roserade|Spikes|p1a: Blissey
|-sidestart|p1: RowDog|Spikes
|move|p1a: Blissey|Wish|p1a: Blissey
|
|-heal|p1a: Blissey|608\/714|[from] item: Leftovers
|turn|87
|c| Yifeng|out
|c| sirmagius|well he already won the game
|c| sirmagius|tbf
|c|âRowDog|soon my children
|
|switch|p1a: Crobat|Crobat, F|297\/373
|-damage|p1a: Crobat|204\/373|[from] Stealth Rock
|move|p2a: Roserade|Sludge Bomb|p1a: Crobat
|-resisted|p1a: Crobat
|-damage|p1a: Crobat|110\/373
|
|-heal|p1a: Crobat|373\/373|[from] move: Wish|[wisher] Blissey
|turn|88
|c| Yifeng|gtfo dad
|
|switch|p2a: Gligar|Gligar, M|141\/334
|move|p1a: Crobat|Defog|p2a: Gligar
|-unboost|p2a: Gligar|evasion|1
|-sideend|p1: RowDog|Spikes|[from] move: Defog|[of] p1a: Crobat
|-sideend|p1: RowDog|Stealth Rock|[from] move: Defog|[of] p1a: Crobat
|
|turn|89
|
|move|p1a: Crobat|Taunt|p2a: Gligar
|-start|p2a: Gligar|move: Taunt
|cant|p2a: Gligar|move: Taunt|Roost
|
|turn|90
|
|switch|p1a: Dragalge|Dragalge, M|225\/334 slp
|switch|p2a: Rotom-Heat|Rotom-Heat, shiny|266\/304
|
|-heal|p2a: Rotom-Heat|285\/304|[from] item: Leftovers
|-heal|p1a: Dragalge|245\/334 slp|[from] item: Black Sludge
|turn|91
|
|move|p2a: Rotom-Heat|Volt Switch|p1a: Dragalge
|-resisted|p1a: Dragalge
|-damage|p1a: Dragalge|212\/334 slp
|
|switch|p2a: Vaporeon|Vaporeon, M|221\/464
|-curestatus|p1a: Dragalge|slp
|move|p1a: Dragalge|Dragon Tail|p2a: Vaporeon
|-damage|p2a: Vaporeon|173\/464
|drag|p2a: Gligar|Gligar, M|141\/334
|
|-heal|p1a: Dragalge|232\/334|[from] item: Black Sludge
|turn|92
|
|move|p2a: Gligar|Roost|p2a: Gligar
|-heal|p2a: Gligar|308\/334
|move|p1a: Dragalge|Toxic Spikes|p2a: Gligar
|-sidestart|p2: Zera Delta|move: Toxic Spikes
|
|-heal|p1a: Dragalge|252\/334|[from] item: Black Sludge
|turn|93
|
|move|p2a: Gligar|Stealth Rock|p1a: Dragalge
|-sidestart|p1: RowDog|move: Stealth Rock
|move|p1a: Dragalge|Scald|p2a: Gligar
|-supereffective|p2a: Gligar
|-damage|p2a: Gligar|194\/334
|-status|p2a: Gligar|brn
|
|-heal|p1a: Dragalge|272\/334|[from] item: Black Sludge
|-damage|p2a: Gligar|153\/334 brn|[from] brn
|turn|94
|c| Yifeng|nb
|c|âRowDog|yep
|
|move|p2a: Gligar|Roost|p2a: Gligar
|-heal|p2a: Gligar|320\/334 brn
|move|p1a: Dragalge|Dragon Tail|p2a: Gligar
|-damage|p2a: Gligar|298\/334 brn
|drag|p2a: Raikou|Raikou, shiny|226\/321
|-status|p2a: Raikou|psn
|-ability|p2a: Raikou|Pressure
|
|-heal|p2a: Raikou|246\/321 psn|[from] item: Leftovers
|-heal|p1a: Dragalge|292\/334|[from] item: Black Sludge
|-damage|p2a: Raikou|206\/321 psn|[from] psn
|turn|95
|c| Yifeng|nb
|
|move|p2a: Raikou|Hidden Power|p1a: Dragalge
|-supereffective|p1a: Dragalge
|-damage|p1a: Dragalge|178\/334
|move|p1a: Dragalge|Draco Meteor|p2a: Raikou
|-damage|p2a: Raikou|64\/321 psn
|-unboost|p1a: Dragalge|spa|2
|
|-heal|p2a: Raikou|84\/321 psn|[from] item: Leftovers
|-heal|p1a: Dragalge|198\/334|[from] item: Black Sludge
|-damage|p2a: Raikou|44\/321 psn|[from] psn
|turn|96
|c|âZera Delta|oh nice
|
|switch|p2a: Roserade|Roserade, M|261\/261
|-sideend|p2: Zera Delta|move: Toxic Spikes|[of] p2a: Roserade
|move|p1a: Dragalge|Dragon Tail|p2a: Roserade
|-damage|p2a: Roserade|186\/261
|drag|p2a: Rotom-Heat|Rotom-Heat, shiny|285\/304
|
|-heal|p2a: Rotom-Heat|304\/304|[from] item: Leftovers
|-heal|p1a: Dragalge|218\/334|[from] item: Black Sludge
|turn|97
|c| sirmagius|kek
|
|switch|p1a: Blissey|Blissey, F|608\/714
|-damage|p1a: Blissey|519\/714|[from] Stealth Rock
|move|p2a: Rotom-Heat|Will-O-Wisp|p1a: Blissey
|-status|p1a: Blissey|brn
|
|-heal|p1a: Blissey|563\/714 brn|[from] item: Leftovers
|-damage|p1a: Blissey|474\/714 brn|[from] brn
|turn|98
|
|move|p2a: Rotom-Heat|Volt Switch|p1a: Blissey
|-damage|p1a: Blissey|404\/714 brn
|
|switch|p2a: Vaporeon|Vaporeon, M|173\/464
|move|p1a: Blissey|Stealth Rock|p2a: Vaporeon
|-sidestart|p2: Zera Delta|move: Stealth Rock
|
|-heal|p2a: Vaporeon|202\/464|[from] item: Leftovers
|-heal|p1a: Blissey|448\/714 brn|[from] item: Leftovers
|-damage|p1a: Blissey|359\/714 brn|[from] brn
|turn|99
|
|move|p2a: Vaporeon|Wish|p2a: Vaporeon
|move|p1a: Blissey|Seismic Toss|p2a: Vaporeon
|-damage|p2a: Vaporeon|102\/464
|
|-heal|p2a: Vaporeon|131\/464|[from] item: Leftovers
|-heal|p1a: Blissey|403\/714 brn|[from] item: Leftovers
|-damage|p1a: Blissey|314\/714 brn|[from] brn
|turn|100
|
|move|p2a: Vaporeon|Heal Bell|p2a: Vaporeon
|-cureteam|p2a: Vaporeon|[from] move: HealBell
|move|p1a: Blissey|Soft-Boiled|p1a: Blissey
|-heal|p1a: Blissey|671\/714 brn
|
|-heal|p2a: Vaporeon|363\/464|[from] move: Wish|[wisher] Vaporeon
|-heal|p2a: Vaporeon|392\/464|[from] item: Leftovers
|-heal|p1a: Blissey|714\/714 brn|[from] item: Leftovers
|-damage|p1a: Blissey|625\/714 brn|[from] brn
|turn|101
|
|move|p2a: Vaporeon|Wish|p2a: Vaporeon
|move|p1a: Blissey|Wish|p1a: Blissey
|
|-heal|p2a: Vaporeon|421\/464|[from] item: Leftovers
|-heal|p1a: Blissey|669\/714 brn|[from] item: Leftovers
|-damage|p1a: Blissey|580\/714 brn|[from] brn
|turn|102
|
|switch|p2a: Roserade|Roserade, M|186\/261
|-damage|p2a: Roserade|154\/261|[from] Stealth Rock
|switch|p1a: Dragalge|Dragalge, M|218\/334
|-damage|p1a: Dragalge|177\/334|[from] Stealth Rock
|
|-heal|p1a: Dragalge|334\/334|[from] move: Wish|[wisher] Blissey
|-heal|p2a: Roserade|261\/261|[from] move: Wish|[wisher] Vaporeon
|turn|103
|
|move|p2a: Roserade|Sleep Powder|p1a: Dragalge|[miss]
|-miss|p2a: Roserade|p1a: Dragalge
|move|p1a: Dragalge|Dragon Tail|p2a: Roserade
|-damage|p2a: Roserade|183\/261
|drag|p2a: Vaporeon|Vaporeon, M|421\/464
|-damage|p2a: Vaporeon|363\/464|[from] Stealth Rock
|
|-heal|p2a: Vaporeon|392\/464|[from] item: Leftovers
|turn|104
|c| Yifeng|rekt
|
|move|p2a: Vaporeon|Wish|p2a: Vaporeon
|move|p1a: Dragalge|Dragon Tail|p2a: Vaporeon
|-damage|p2a: Vaporeon|344\/464
|drag|p2a: Roserade|Roserade, M|183\/261
|-damage|p2a: Roserade|151\/261|[from] Stealth Rock
|
|-heal|p2a: Roserade|167\/261|[from] item: Black Sludge
|turn|105
|
|move|p2a: Roserade|Sleep Powder|p1a: Dragalge
|-status|p1a: Dragalge|slp
|cant|p1a: Dragalge|slp
|
|-heal|p2a: Roserade|261\/261|[from] move: Wish|[wisher] Vaporeon
|turn|106
|
|move|p2a: Roserade|Spikes|p1a: Dragalge
|-sidestart|p1: RowDog|Spikes
|cant|p1a: Dragalge|slp
|
|turn|107
|
|switch|p2a: Vaporeon|Vaporeon, M|344\/464
|-damage|p2a: Vaporeon|286\/464|[from] Stealth Rock
|switch|p1a: Crobat|Crobat, F|373\/373
|-damage|p1a: Crobat|280\/373|[from] Stealth Rock
|
|-heal|p1a: Crobat|303\/373|[from] item: Black Sludge
|-heal|p2a: Vaporeon|315\/464|[from] item: Leftovers
|turn|108
|
|move|p1a: Crobat|Brave Bird|p2a: Vaporeon
|-damage|p2a: Vaporeon|186\/464
|-damage|p1a: Crobat|260\/373|[from] recoil|[of] p2a: Vaporeon
|move|p2a: Vaporeon|Scald|p1a: Crobat
|-damage|p1a: Crobat|145\/373
|
|-heal|p1a: Crobat|168\/373|[from] item: Black Sludge
|-heal|p2a: Vaporeon|215\/464|[from] item: Leftovers
|turn|109
|
|switch|p1a: Gastrodon|Gastrodon, M|426\/426
|-damage|p1a: Gastrodon|373\/426|[from] Spikes
|-damage|p1a: Gastrodon|347\/426|[from] Stealth Rock
|move|p2a: Vaporeon|Wish|p2a: Vaporeon
|
|-heal|p2a: Vaporeon|244\/464|[from] item: Leftovers
|-heal|p1a: Gastrodon|373\/426|[from] item: Leftovers
|turn|110
|c| sirmagius|doesnt kill rose
|
|switch|p2a: Roserade|Roserade, M|261\/261
|-damage|p2a: Roserade|229\/261|[from] Stealth Rock
|move|p1a: Gastrodon|Earthquake|p2a: Roserade
|-damage|p2a: Roserade|78\/261
|
|-heal|p2a: Roserade|261\/261|[from] move: Wish|[wisher] Vaporeon
|-heal|p1a: Gastrodon|399\/426|[from] item: Leftovers
|turn|111
|
|switch|p1a: Blissey|Blissey, F|580\/714
|-damage|p1a: Blissey|491\/714|[from] Stealth Rock
|-damage|p1a: Blissey|402\/714|[from] Spikes
|move|p2a: Roserade|Spikes|p1a: Blissey
|-sidestart|p1: RowDog|Spikes
|
|-heal|p1a: Blissey|446\/714|[from] item: Leftovers
|turn|112
|
|move|p2a: Roserade|Giga Drain|p1a: Blissey
|-damage|p1a: Blissey|346\/714
|move|p1a: Blissey|Wish|p1a: Blissey
|
|-heal|p1a: Blissey|390\/714|[from] item: Leftovers
|turn|113
|
|move|p2a: Roserade|Sludge Bomb|p1a: Blissey
|-damage|p1a: Blissey|273\/714
|-status|p1a: Blissey|psn
|move|p1a: Blissey|Seismic Toss|p2a: Roserade
|-damage|p2a: Roserade|161\/261
|
|-heal|p1a: Blissey|630\/714 psn|[from] move: Wish|[wisher] Blissey
|-heal|p2a: Roserade|177\/261|[from] item: Black Sludge
|-heal|p1a: Blissey|674\/714 psn|[from] item: Leftovers
|-damage|p1a: Blissey|585\/714 psn|[from] psn
|turn|114
|
|move|p2a: Roserade|Giga Drain|p1a: Blissey
|-damage|p1a: Blissey|477\/714 psn
|-heal|p2a: Roserade|231\/261|[from] drain|[of] p1a: Blissey
|move|p1a: Blissey|Seismic Toss|p2a: Roserade
|-damage|p2a: Roserade|131\/261
|
|-heal|p2a: Roserade|147\/261|[from] item: Black Sludge
|-heal|p1a: Blissey|521\/714 psn|[from] item: Leftovers
|-damage|p1a: Blissey|432\/714 psn|[from] psn
|turn|115
|
|move|p2a: Roserade|Giga Drain|p1a: Blissey
|-damage|p1a: Blissey|327\/714 psn
|-heal|p2a: Roserade|200\/261|[from] drain|[of] p1a: Blissey
|move|p1a: Blissey|Soft-Boiled|p1a: Blissey
|-heal|p1a: Blissey|684\/714 psn
|
|-heal|p2a: Roserade|216\/261|[from] item: Black Sludge
|-heal|p1a: Blissey|714\/714 psn|[from] item: Leftovers
|-damage|p1a: Blissey|625\/714 psn|[from] psn
|turn|116
|
|move|p2a: Roserade|Spikes|p1a: Blissey
|-sidestart|p1: RowDog|Spikes
|move|p1a: Blissey|Wish|p1a: Blissey
|
|-heal|p2a: Roserade|232\/261|[from] item: Black Sludge
|-heal|p1a: Blissey|669\/714 psn|[from] item: Leftovers
|-damage|p1a: Blissey|580\/714 psn|[from] psn
|turn|117
|
|switch|p1a: Dragalge|Dragalge, M|334\/334 slp
|-damage|p1a: Dragalge|251\/334 slp|[from] Spikes
|-damage|p1a: Dragalge|210\/334 slp|[from] Stealth Rock
|move|p2a: Roserade|Sludge Bomb|p1a: Dragalge
|-resisted|p1a: Dragalge
|-damage|p1a: Dragalge|142\/334 slp
|
|-heal|p1a: Dragalge|334\/334 slp|[from] move: Wish|[wisher] Blissey
|-heal|p2a: Roserade|248\/261|[from] item: Black Sludge
|turn|118
|
|switch|p2a: Vaporeon|Vaporeon, M|244\/464
|-damage|p2a: Vaporeon|186\/464|[from] Stealth Rock
|cant|p1a: Dragalge|slp
|
|-heal|p2a: Vaporeon|215\/464|[from] item: Leftovers
|turn|119
|
|move|p2a: Vaporeon|Wish|p2a: Vaporeon
|-curestatus|p1a: Dragalge|slp
|move|p1a: Dragalge|Draco Meteor|p2a: Vaporeon|[miss]
|-miss|p1a: Dragalge|p2a: Vaporeon
|
|-heal|p2a: Vaporeon|244\/464|[from] item: Leftovers
|turn|120
|c|âRowDog|kekleon
|c|âZera Delta|]:
|
|move|p2a: Vaporeon|Protect|p2a: Vaporeon
|-singleturn|p2a: Vaporeon|Protect
|move|p1a: Dragalge|Draco Meteor|p2a: Vaporeon
|-activate|p2a: Vaporeon|Protect
|
|-heal|p2a: Vaporeon|464\/464|[from] move: Wish|[wisher] Vaporeon
|turn|121
|
|move|p2a: Vaporeon|Wish|p2a: Vaporeon
|move|p1a: Dragalge|Dragon Tail|p2a: Vaporeon
|-damage|p2a: Vaporeon|412\/464
|drag|p2a: Rotom-Heat|Rotom-Heat, shiny|304\/304
|-damage|p2a: Rotom-Heat|228\/304|[from] Stealth Rock
|
|-heal|p2a: Rotom-Heat|247\/304|[from] item: Leftovers
|turn|122
|
|move|p2a: Rotom-Heat|Will-O-Wisp|p1a: Dragalge
|-status|p1a: Dragalge|brn
|move|p1a: Dragalge|Draco Meteor|p2a: Rotom-Heat
|-damage|p2a: Rotom-Heat|141\/304
|-unboost|p1a: Dragalge|spa|2
|
|-heal|p2a: Rotom-Heat|304\/304|[from] move: Wish|[wisher] Vaporeon
|-damage|p1a: Dragalge|293\/334 brn|[from] brn
|turn|123
|leave|BenzMafia
|
|switch|p1a: Blissey|Blissey, F|580\/714
|-damage|p1a: Blissey|491\/714|[from] Stealth Rock
|-damage|p1a: Blissey|313\/714|[from] Spikes
|move|p2a: Rotom-Heat|Overheat|p1a: Blissey
|-damage|p1a: Blissey|199\/714
|-unboost|p2a: Rotom-Heat|spa|2
|
|-heal|p1a: Blissey|243\/714|[from] item: Leftovers
|turn|124
|
|move|p2a: Rotom-Heat|Volt Switch|p1a: Blissey
|-damage|p1a: Blissey|209\/714
|
|switch|p2a: Roserade|Roserade, M|248\/261
|-damage|p2a: Roserade|216\/261|[from] Stealth Rock
|move|p1a: Blissey|Soft-Boiled|p1a: Blissey
|-heal|p1a: Blissey|566\/714
|
|-heal|p2a: Roserade|232\/261|[from] item: Black Sludge
|-heal|p1a: Blissey|610\/714|[from] item: Leftovers
|turn|125
|
|move|p2a: Roserade|Sleep Powder|p1a: Blissey|[miss]
|-miss|p2a: Roserade|p1a: Blissey
|move|p1a: Blissey|Wish|p1a: Blissey
|
|-heal|p2a: Roserade|248\/261|[from] item: Black Sludge
|-heal|p1a: Blissey|654\/714|[from] item: Leftovers
|turn|126
|
|switch|p1a: Dragalge|Dragalge, M|293\/334 brn
|-damage|p1a: Dragalge|252\/334 brn|[from] Stealth Rock
|-damage|p1a: Dragalge|169\/334 brn|[from] Spikes
|move|p2a: Roserade|Sludge Bomb|p1a: Dragalge
|-resisted|p1a: Dragalge
|-damage|p1a: Dragalge|106\/334 brn
|
|-heal|p1a: Dragalge|334\/334 brn|[from] move: Wish|[wisher] Blissey
|-heal|p2a: Roserade|261\/261|[from] item: Black Sludge
|-damage|p1a: Dragalge|293\/334 brn|[from] brn
|turn|127
|
|switch|p2a: Vaporeon|Vaporeon, M|412\/464
|-damage|p2a: Vaporeon|354\/464|[from] Stealth Rock
|move|p1a: Dragalge|Scald|p2a: Vaporeon
|-heal|p2a: Vaporeon|464\/464|[from] ability: Water Absorb|[of] p1a: Dragalge
|
|-heal|p1a: Dragalge|313\/334 brn|[from] item: Black Sludge
|-damage|p1a: Dragalge|272\/334 brn|[from] brn
|turn|128
|c|âRowDog|kek
|
|switch|p1a: Gastrodon|Gastrodon, M|399\/426
|-damage|p1a: Gastrodon|293\/426|[from] Spikes
|-damage|p1a: Gastrodon|267\/426|[from] Stealth Rock
|move|p2a: Vaporeon|Wish|p2a: Vaporeon
|
|-heal|p1a: Gastrodon|293\/426|[from] item: Leftovers
|turn|129
|
|switch|p2a: Roserade|Roserade, M|261\/261
|-damage|p2a: Roserade|229\/261|[from] Stealth Rock
|switch|p1a: Crobat|Crobat, F|168\/373
|-damage|p1a: Crobat|75\/373|[from] Stealth Rock
|
|-heal|p2a: Roserade|261\/261|[from] move: Wish|[wisher] Vaporeon
|-heal|p1a: Crobat|98\/373|[from] item: Black Sludge
|turn|130
|
|switch|p2a: Rotom-Heat|Rotom-Heat, shiny|304\/304
|-damage|p2a: Rotom-Heat|228\/304|[from] Stealth Rock
|move|p1a: Crobat|Roost|p1a: Crobat
|-heal|p1a: Crobat|285\/373
|
|-heal|p1a: Crobat|308\/373|[from] item: Black Sludge
|-heal|p2a: Rotom-Heat|247\/304|[from] item: Leftovers
|turn|131
|
|switch|p1a: Blissey|Blissey, F|654\/714
|-damage|p1a: Blissey|476\/714|[from] Spikes
|-damage|p1a: Blissey|387\/714|[from] Stealth Rock
|move|p2a: Rotom-Heat|Will-O-Wisp|p1a: Blissey|[miss]
|-miss|p2a: Rotom-Heat|p1a: Blissey
|
|-heal|p2a: Rotom-Heat|266\/304|[from] item: Leftovers
|-heal|p1a: Blissey|431\/714|[from] item: Leftovers
|turn|132
|
|move|p2a: Rotom-Heat|Volt Switch|p1a: Blissey
|-crit|p1a: Blissey
|-damage|p1a: Blissey|338\/714
|
|switch|p2a: Roserade|Roserade, M|261\/261
|-damage|p2a: Roserade|229\/261|[from] Stealth Rock
|move|p1a: Blissey|Wish|p1a: Blissey
|
|-heal|p2a: Roserade|245\/261|[from] item: Black Sludge
|-heal|p1a: Blissey|382\/714|[from] item: Leftovers
|turn|133
|
|move|p2a: Roserade|Sleep Powder|p1a: Blissey
|-status|p1a: Blissey|slp
|cant|p1a: Blissey|slp
|
|-heal|p1a: Blissey|714\/714 slp|[from] move: Wish|[wisher] Blissey
|-heal|p2a: Roserade|261\/261|[from] item: Black Sludge
|turn|134
|
|switch|p2a: Rotom-Heat|Rotom-Heat, shiny|266\/304
|-damage|p2a: Rotom-Heat|190\/304|[from] Stealth Rock
|cant|p1a: Blissey|slp
|
|-heal|p2a: Rotom-Heat|209\/304|[from] item: Leftovers
|turn|135
|
|move|p2a: Rotom-Heat|Pain Split|p1a: Blissey
|-sethp|p1a: Blissey|461\/714 slp|p2a: Rotom-Heat|304\/304|[from] move: Pain Split
|cant|p1a: Blissey|slp
|
|-heal|p1a: Blissey|505\/714 slp|[from] item: Leftovers
|turn|136
|
|move|p2a: Rotom-Heat|Volt Switch|p1a: Blissey
|-damage|p1a: Blissey|433\/714 slp
|c|âRowDog|using sleep turns to PP stall
|
|switch|p2a: Roserade|Roserade, M|261\/261
|-damage|p2a: Roserade|229\/261|[from] Stealth Rock
|-curestatus|p1a: Blissey|slp
|move|p1a: Blissey|Seismic Toss|p2a: Roserade
|-damage|p2a: Roserade|129\/261
|
|-heal|p2a: Roserade|145\/261|[from] item: Black Sludge
|-heal|p1a: Blissey|477\/714|[from] item: Leftovers
|turn|137
|c|âRowDog|lel
|
|move|p2a: Roserade|Giga Drain|p1a: Blissey
|-damage|p1a: Blissey|371\/714
|-heal|p2a: Roserade|198\/261|[from] drain|[of] p1a: Blissey
|move|p1a: Blissey|Seismic Toss|p2a: Roserade
|-damage|p2a: Roserade|98\/261
|
|-heal|p2a: Roserade|114\/261|[from] item: Black Sludge
|-heal|p1a: Blissey|415\/714|[from] item: Leftovers
|turn|138
|
|move|p2a: Roserade|Sleep Powder|p1a: Blissey
|-status|p1a: Blissey|slp
|cant|p1a: Blissey|slp
|
|-heal|p2a: Roserade|130\/261|[from] item: Black Sludge
|-heal|p1a: Blissey|459\/714 slp|[from] item: Leftovers
|turn|139
|
|move|p2a: Roserade|Giga Drain|p1a: Blissey
|-damage|p1a: Blissey|359\/714 slp
|-heal|p2a: Roserade|180\/261|[from] drain|[of] p1a: Blissey
|-curestatus|p1a: Blissey|slp
|move|p1a: Blissey|Wish|p1a: Blissey
|
|-heal|p2a: Roserade|196\/261|[from] item: Black Sludge
|-heal|p1a: Blissey|403\/714|[from] item: Leftovers
|turn|140
|c| sirmagius|wouldve been ogre if u eq'd on the rose
|
|move|p2a: Roserade|Sludge Bomb|p1a: Blissey
|-crit|p1a: Blissey
|-damage|p1a: Blissey|220\/714
|move|p1a: Blissey|Seismic Toss|p2a: Roserade
|-damage|p2a: Roserade|96\/261
|
|-heal|p1a: Blissey|577\/714|[from] move: Wish|[wisher] Blissey
|-heal|p2a: Roserade|112\/261|[from] item: Black Sludge
|-heal|p1a: Blissey|621\/714|[from] item: Leftovers
|turn|141
|
|move|p2a: Roserade|Sleep Powder|p1a: Blissey|[miss]
|-miss|p2a: Roserade|p1a: Blissey
|move|p1a: Blissey|Seismic Toss|p2a: Roserade
|-damage|p2a: Roserade|12\/261
|
|-heal|p2a: Roserade|28\/261|[from] item: Black Sludge
|-heal|p1a: Blissey|665\/714|[from] item: Leftovers
|turn|142
|
|move|p2a: Roserade|Sleep Powder|p1a: Blissey|[miss]
|-miss|p2a: Roserade|p1a: Blissey
|move|p1a: Blissey|Seismic Toss|p2a: Roserade
|-damage|p2a: Roserade|0 fnt
|faint|p2a: Roserade
|
|-heal|p1a: Blissey|709\/714|[from] item: Leftovers
|c|âRowDog|kek
|c|âZera Delta|aww
|c|âZera Delta|gg
|c| Yifeng|ogre
|c| sirmagius|all ogre
|c|âRowDog|g_g
|
|switch|p2a: Gligar|Gligar, M|298\/334
|-damage|p2a: Gligar|257\/334|[from] Stealth Rock
|turn|143
|c|âRowDog|Ready for a Gastro sweep kids?
|
|move|p2a: Gligar|Defog|p1a: Blissey
|-unboost|p1a: Blissey|evasion|1
|-sideend|p1: RowDog|Spikes|[from] move: Defog|[of] p1a: Blissey
|-sideend|p1: RowDog|Stealth Rock|[from] move: Defog|[of] p1a: Blissey
|-sideend|p2: Zera Delta|Stealth Rock|[from] move: Defog|[of] p2a: Gligar
|move|p1a: Blissey|Wish|p1a: Blissey
|
|-heal|p1a: Blissey|714\/714|[from] item: Leftovers
|turn|144
|c| sirmagius|yes plz
|c|âZera Delta|go for it
|
|switch|p1a: Gastrodon|Gastrodon, M|293\/426
|move|p2a: Gligar|Earthquake|p1a: Gastrodon
|-damage|p1a: Gastrodon|187\/426
|
|-heal|p1a: Gastrodon|426\/426|[from] move: Wish|[wisher] Blissey
|turn|145
|
|move|p2a: Gligar|Earthquake|p1a: Gastrodon
|-damage|p1a: Gastrodon|323\/426
|move|p1a: Gastrodon|Curse|p1a: Gastrodon
|-boost|p1a: Gastrodon|atk|1
|-boost|p1a: Gastrodon|def|1
|-unboost|p1a: Gastrodon|spe|1
|
|-heal|p1a: Gastrodon|349\/426|[from] item: Leftovers
|turn|146
|
|move|p2a: Gligar|Earthquake|p1a: Gastrodon
|-damage|p1a: Gastrodon|276\/426
|move|p1a: Gastrodon|Scald|p2a: Gligar
|-supereffective|p2a: Gligar
|-damage|p2a: Gligar|105\/334
|
|-heal|p1a: Gastrodon|302\/426|[from] item: Leftovers
|turn|147
|
|move|p2a: Gligar|Earthquake|p1a: Gastrodon
|-damage|p1a: Gastrodon|229\/426
|move|p1a: Gastrodon|Scald|p2a: Gligar
|-supereffective|p2a: Gligar
|-damage|p2a: Gligar|0 fnt
|faint|p2a: Gligar
|
|-heal|p1a: Gastrodon|255\/426|[from] item: Leftovers
|
|switch|p2a: Rotom-Heat|Rotom-Heat, shiny|304\/304
|turn|148
|
|move|p2a: Rotom-Heat|Will-O-Wisp|p1a: Gastrodon
|-status|p1a: Gastrodon|brn
|move|p1a: Gastrodon|Scald|p2a: Rotom-Heat
|-supereffective|p2a: Rotom-Heat
|-damage|p2a: Rotom-Heat|188\/304
|
|-heal|p2a: Rotom-Heat|207\/304|[from] item: Leftovers
|-heal|p1a: Gastrodon|281\/426 brn|[from] item: Leftovers
|-damage|p1a: Gastrodon|228\/426 brn|[from] brn
|turn|149
|c|âRowDog|kek, this Rotom is tanky
|
|move|p2a: Rotom-Heat|Overheat|p1a: Gastrodon
|-resisted|p1a: Gastrodon
|-damage|p1a: Gastrodon|155\/426 brn
|-unboost|p2a: Rotom-Heat|spa|2
|move|p1a: Gastrodon|Scald|p2a: Rotom-Heat
|-supereffective|p2a: Rotom-Heat
|-damage|p2a: Rotom-Heat|97\/304
|
|-heal|p2a: Rotom-Heat|116\/304|[from] item: Leftovers
|-heal|p1a: Gastrodon|181\/426 brn|[from] item: Leftovers
|-damage|p1a: Gastrodon|128\/426 brn|[from] brn
|turn|150
|c| sirmagius|why are u stalling this out
|c| sirmagius|no point
|
|move|p2a: Rotom-Heat|Overheat|p1a: Gastrodon|[miss]
|-miss|p2a: Rotom-Heat|p1a: Gastrodon
|move|p1a: Gastrodon|Recover|p1a: Gastrodon
|-heal|p1a: Gastrodon|341\/426 brn
|
|-heal|p2a: Rotom-Heat|135\/304|[from] item: Leftovers
|-heal|p1a: Gastrodon|367\/426 brn|[from] item: Leftovers
|-damage|p1a: Gastrodon|314\/426 brn|[from] brn
|turn|151
|
|move|p2a: Rotom-Heat|Overheat|p1a: Gastrodon
|-resisted|p1a: Gastrodon
|-damage|p1a: Gastrodon|278\/426 brn
|-unboost|p2a: Rotom-Heat|spa|2
|move|p1a: Gastrodon|Scald|p2a: Rotom-Heat
|-supereffective|p2a: Rotom-Heat
|-damage|p2a: Rotom-Heat|21\/304
|
|-heal|p2a: Rotom-Heat|40\/304|[from] item: Leftovers
|-heal|p1a: Gastrodon|304\/426 brn|[from] item: Leftovers
|-damage|p1a: Gastrodon|251\/426 brn|[from] brn
|turn|152
|c|âZera Delta|cuz i can
|
|move|p2a: Rotom-Heat|Overheat|p1a: Gastrodon
|-resisted|p1a: Gastrodon
|-damage|p1a: Gastrodon|227\/426 brn
|-unboost|p2a: Rotom-Heat|spa|2
|move|p1a: Gastrodon|Scald|p2a: Rotom-Heat
|-supereffective|p2a: Rotom-Heat
|-damage|p2a: Rotom-Heat|0 fnt
|faint|p2a: Rotom-Heat
|
|-heal|p1a: Gastrodon|253\/426 brn|[from] item: Leftovers
|-damage|p1a: Gastrodon|200\/426 brn|[from] brn
|c| Yifeng|weaf af
|
|switch|p2a: Raikou|Raikou, shiny|44\/321
|-ability|p2a: Raikou|Pressure
|turn|153
|
|move|p2a: Raikou|Hidden Power|p1a: Gastrodon
|-damage|p1a: Gastrodon|135\/426 brn
|move|p1a: Gastrodon|Earthquake|p2a: Raikou
|-supereffective|p2a: Raikou
|-damage|p2a: Raikou|0 fnt
|faint|p2a: Raikou
|
|-heal|p1a: Gastrodon|161\/426 brn|[from] item: Leftovers
|-damage|p1a: Gastrodon|108\/426 brn|[from] brn
|
|switch|p2a: Vaporeon|Vaporeon, M|464\/464
|turn|154
|
|switch|p1a: Aromatisse|Aromatisse, M|406\/406
|move|p2a: Vaporeon|Scald|p1a: Aromatisse
|-damage|p1a: Aromatisse|289\/406
|-status|p1a: Aromatisse|brn
|
|-heal|p1a: Aromatisse|314\/406 brn|[from] item: Leftovers
|-damage|p1a: Aromatisse|264\/406 brn|[from] brn
|turn|155
|c|âZera Delta|wow
|c|âRowDog|need to get rid of that burn
|c| sirmagius|Turn 155
|c|âZera Delta|i just realized you had 6 mons
|c|âRowDog|in order to kill quicker
|
|move|p2a: Vaporeon|Scald|p1a: Aromatisse
|-damage|p1a: Aromatisse|150\/406 brn
|move|p1a: Aromatisse|Aromatherapy|p1a: Aromatisse
|-cureteam|p1a: Aromatisse|[from] move: Aromatherapy
|
|-heal|p1a: Aromatisse|175\/406|[from] item: Leftovers
|turn|156
|c|âRowDog|yeah, first time Aromatisse came out
|
|switch|p1a: Gastrodon|Gastrodon, M|108\/426
|move|p2a: Vaporeon|Scald|p1a: Gastrodon
|-boost|p1a: Gastrodon|spa|1|[from] ability: Storm Drain
|
|-heal|p1a: Gastrodon|134\/426|[from] item: Leftovers
|turn|157
|
|move|p2a: Vaporeon|Scald|p1a: Gastrodon
|-boost|p1a: Gastrodon|spa|1|[from] ability: Storm Drain
|move|p1a: Gastrodon|Curse|p1a: Gastrodon
|-boost|p1a: Gastrodon|atk|1
|-boost|p1a: Gastrodon|def|1
|-unboost|p1a: Gastrodon|spe|1
|
|-heal|p1a: Gastrodon|160\/426|[from] item: Leftovers
|turn|158
|
|move|p2a: Vaporeon|Scald|p1a: Gastrodon
|-boost|p1a: Gastrodon|spa|1|[from] ability: Storm Drain
|move|p1a: Gastrodon|Curse|p1a: Gastrodon
|-boost|p1a: Gastrodon|atk|1
|-boost|p1a: Gastrodon|def|1
|-unboost|p1a: Gastrodon|spe|1
|
|-heal|p1a: Gastrodon|186\/426|[from] item: Leftovers
|turn|159
|c| sirmagius|hp grass growth
|c| sirmagius|here
|c|âRowDog|Need the clean OHKO
|
|move|p2a: Vaporeon|Scald|p1a: Gastrodon
|-boost|p1a: Gastrodon|spa|1|[from] ability: Storm Drain
|move|p1a: Gastrodon|Curse|p1a: Gastrodon
|-boost|p1a: Gastrodon|atk|1
|-boost|p1a: Gastrodon|def|1
|-unboost|p1a: Gastrodon|spe|1
|
|-heal|p1a: Gastrodon|212\/426|[from] item: Leftovers
|turn|160
|c| Yifeng|gobo
|c|âRowDog|might not even OHKO lol
|
|move|p2a: Vaporeon|Scald|p1a: Gastrodon
|-boost|p1a: Gastrodon|spa|1|[from] ability: Storm Drain
|move|p1a: Gastrodon|Curse|p1a: Gastrodon
|-boost|p1a: Gastrodon|atk|1
|-boost|p1a: Gastrodon|def|1
|-unboost|p1a: Gastrodon|spe|1
|
|-heal|p1a: Gastrodon|238\/426|[from] item: Leftovers
|turn|161
|c| sirmagius|set up to +6
|c| sirmagius|imho
|c|âRowDog|I am bruv
|c|âRowDog|dw
|c| sirmagius|imo
|c| sirmagius|just
|c| sirmagius|swicth out
|
|move|p2a: Vaporeon|Scald|p1a: Gastrodon
|-boost|p1a: Gastrodon|spa|1|[from] ability: Storm Drain
|move|p1a: Gastrodon|Curse|p1a: Gastrodon
|-boost|p1a: Gastrodon|atk|1
|-boost|p1a: Gastrodon|def|1
|-unboost|p1a: Gastrodon|spe|1
|
|-heal|p1a: Gastrodon|264\/426|[from] item: Leftovers
|turn|162
|c|âRowDog|look at that Special Attack
|c|âZera Delta|hardly
|c| Yifeng|dynamic how old are you
|c| sirmagius|and bring everything to full
|c|âRowDog|Yifeng you pedo
|c|âZera Delta|+6 252 Atk Gastrodon Earthquake vs. 252 HP \/ 252+ Def Vaporeon: 475-559 (102.3 - 120.4%) -- guaranteed OHKO
|c| sirmagius|16
|c| Yifeng|soz
|c|âZera Delta|only if ur running attack evs
|c|âRowDog|yes
|c| sirmagius|why do u ask
|c| Yifeng|i touch lil boys
|c|âRowDog|oh wait
|
|move|p2a: Vaporeon|Scald|p1a: Gastrodon
|-immune|p1a: Gastrodon|[msg]
|move|p1a: Gastrodon|Curse|p1a: Gastrodon
|-boost|p1a: Gastrodon|atk|1
|-boost|p1a: Gastrodon|def|1
|-unboost|p1a: Gastrodon|spe|1
|
|-heal|p1a: Gastrodon|290\/426|[from] item: Leftovers
|turn|163
|c|âRowDog|this isnât max atk lol
|c| Yifeng|coz i keep thinking you're like 10
|
|move|p2a: Vaporeon|Wish|p2a: Vaporeon
|move|p1a: Gastrodon|Earthquake|p2a: Vaporeon
|-crit|p2a: Vaporeon
|-damage|p2a: Vaporeon|0 fnt
|faint|p2a: Vaporeon
|
|win|RowDog
|raw|Ladder updating...
|c| Yifeng|coz your avatar
|raw|RowDog's rating: 1656 &rarr; <strong>1674<\/strong><br \/>(+18 for winning)
|raw|Zera Delta's rating: 1612 &rarr; <strong>1594<\/strong><br \/>(-18 for losing)
|c|âZera Delta|o
|c| sirmagius|o
|c|âRowDog|LOL
|c| sirmagius|kek
|c|âRowDog|gg
|c|âZera Delta|gg
|leave|Zera Delta
|player|p2