|join|RowDog
|join|N Fury
|player|p1|RowDog|80
|player|p2|N Fury|168
|gametype|singles
|gen|6
|tier|UU
|rated
|rule|Sleep Clause Mod: Limit one foe put to sleep
|rule|Species Clause: Limit one of each PokÃ©mon
|rule|OHKO Clause: OHKO moves are banned
|rule|Moody Clause: Moody is banned
|rule|Evasion Moves Clause: Evasion moves are banned
|rule|Endless Battle Clause: Forcing endless battles is banned
|rule|HP Percentage Mod: HP is shown in percentages
|clearpoke
|poke|p1|Lopunny, M
|poke|p1|Crobat, M
|poke|p1|Klefki, M
|poke|p1|Tornadus, M
|poke|p1|Donphan, F
|poke|p1|Vaporeon, M
|poke|p2|Uxie
|poke|p2|Slurpuff, M
|poke|p2|Scrafty, F
|poke|p2|Gligar, F
|poke|p2|Kingdra, M
|poke|p2|Chesnaught, F
|rule|Swagger Clause: Swagger is banned
|rule|Baton Pass Clause: Limit one PokÃ©mon knowing Baton Pass
|teampreview
|
|start
|switch|p1a: Crobat|Crobat, M|325\/325
|switch|p2a: Uxie|Uxie|354\/354
|turn|1
|
|move|p2a: Uxie|Magic Coat|p2a: Uxie
|-singleturn|p2a: Uxie|move: Magic Coat
|move|p1a: Crobat|Taunt|p2a: Uxie
|move|p2a: Uxie|Taunt|p1a: Crobat|[from]Magic Coat
|-start|p1a: Crobat|move: Taunt
|
|turn|2
|
|move|p1a: Crobat|U-turn|p2a: Uxie
|-supereffective|p2a: Uxie
|-damage|p2a: Uxie|254\/354
|
|switch|p1a: Donphan|Donphan, F|384\/384
|move|p2a: Uxie|Reflect|p2a: Uxie
|-sidestart|p2: N Fury|Reflect
|
|turn|3
|
|move|p2a: Uxie|Magic Coat|p2a: Uxie
|-singleturn|p2a: Uxie|move: Magic Coat
|move|p1a: Donphan|Knock Off|p2a: Uxie
|-supereffective|p2a: Uxie
|-damage|p2a: Uxie|178\/354
|-enditem|p2a: Uxie|Mental Herb|[from] move: Knock Off|[of] p1a: Donphan
|
|turn|4
|
|move|p2a: Uxie|Light Screen|p2a: Uxie
|-sidestart|p2: N Fury|move: Light Screen
|move|p1a: Donphan|Stealth Rock|p2a: Uxie
|-sidestart|p2: N Fury|move: Stealth Rock
|
|turn|5
|
|move|p2a: Uxie|Memento|p1a: Donphan
|-unboost|p1a: Donphan|atk|2
|-unboost|p1a: Donphan|spa|2
|faint|p2a: Uxie
|move|p1a: Donphan|Knock Off|p2: Uxie|[notarget]
|-notarget
|
|
|switch|p2a: Slurpuff|Slurpuff, M|343\/343
|-damage|p2a: Slurpuff|301\/343|[from] Stealth Rock
|turn|6
|
|move|p2a: Slurpuff|Belly Drum|p2a: Slurpuff
|-damage|p2a: Slurpuff|130\/343
|-setboost|p2a: Slurpuff|atk|6|[from] move: Belly Drum
|-enditem|p2a: Slurpuff|Sitrus Berry|[eat]
|-heal|p2a: Slurpuff|215\/343|[from] item: Sitrus Berry
|move|p1a: Donphan|Knock Off|p2a: Slurpuff
|-resisted|p2a: Slurpuff
|-damage|p2a: Slurpuff|206\/343
|
|-sideend|p2: N Fury|Reflect
|turn|7
|
|move|p2a: Slurpuff|Drain Punch|p1a: Donphan
|-damage|p1a: Donphan|202\/384
|-heal|p2a: Slurpuff|297\/343|[from] drain|[of] p1a: Donphan
|move|p1a: Donphan|Earthquake|p2a: Slurpuff
|-damage|p2a: Slurpuff|215\/343
|
|-heal|p1a: Donphan|226\/384|[from] item: Leftovers
|turn|8
|
|move|p2a: Slurpuff|Drain Punch|p1a: Donphan
|-damage|p1a: Donphan|44\/384
|-heal|p2a: Slurpuff|306\/343|[from] drain|[of] p1a: Donphan
|move|p1a: Donphan|Earthquake|p2a: Slurpuff
|-damage|p2a: Slurpuff|233\/343
|
|-heal|p1a: Donphan|68\/384|[from] item: Leftovers
|-sideend|p2: N Fury|move: Light Screen
|turn|9
|
|move|p2a: Slurpuff|Drain Punch|p1a: Donphan
|-damage|p1a: Donphan|0 fnt
|-heal|p2a: Slurpuff|267\/343|[from] drain|[of] p1a: Donphan
|faint|p1a: Donphan
|
|
|switch|p1a: Klefki|Klefki, M|318\/318
|turn|10
|
|move|p1a: Klefki|Thunder Wave|p2a: Slurpuff
|-status|p2a: Slurpuff|par
|move|p2a: Slurpuff|Drain Punch|p1a: Klefki
|-damage|p1a: Klefki|88\/318
|-heal|p2a: Slurpuff|343\/343 par|[from] drain|[of] p1a: Klefki
|
|turn|11
|
|move|p1a: Klefki|Reflect|p1a: Klefki
|-sidestart|p1: RowDog|Reflect
|move|p2a: Slurpuff|Drain Punch|p1a: Klefki
|-damage|p1a: Klefki|0 fnt
|faint|p1a: Klefki
|
|
|switch|p1a: Crobat|Crobat, M|325\/325
|turn|12
|
|move|p1a: Crobat|Brave Bird|p2a: Slurpuff
|-damage|p2a: Slurpuff|127\/343 par
|-damage|p1a: Crobat|254\/325|[from] recoil|[of] p2a: Slurpuff
|move|p2a: Slurpuff|Return|p1a: Crobat
|-damage|p1a: Crobat|33\/325
|
|turn|13
|
|move|p1a: Crobat|Brave Bird|p2a: Slurpuff
|-damage|p2a: Slurpuff|0 fnt
|-damage|p1a: Crobat|0 fnt|[from] recoil|[of] p2a: Slurpuff
|faint|p2a: Slurpuff
|faint|p1a: Crobat
|
|
|switch|p1a: Lopunny|Lopunny, M|271\/271
|switch|p2a: Gligar|Gligar, F|334\/334
|-damage|p2a: Gligar|293\/334|[from] Stealth Rock
|turn|14
|
|detailschange|p1a: Lopunny|Lopunny-Mega, M
|message|Lopunny has Mega Evolved into Mega Lopunny!
|move|p1a: Lopunny|Power-Up Punch|p2a: Gligar
|-resisted|p2a: Gligar
|-damage|p2a: Gligar|270\/334
|-boost|p1a: Lopunny|atk|1
|move|p2a: Gligar|Defog|p1a: Lopunny
|-unboost|p1a: Lopunny|evasion|1
|-sideend|p1: RowDog|Reflect
|-sideend|p1: RowDog|Reflect|[from] move: Defog|[of] p1a: Lopunny
|-sideend|p2: N Fury|Stealth Rock|[from] move: Defog|[of] p2a: Gligar
|
|turn|15
|
|move|p1a: Lopunny|Power-Up Punch|p2a: Gligar
|-resisted|p2a: Gligar
|-damage|p2a: Gligar|233\/334
|-boost|p1a: Lopunny|atk|1
|move|p2a: Gligar|Earthquake|p1a: Lopunny
|-damage|p1a: Lopunny|130\/271
|
|turn|16
|
|move|p1a: Lopunny|Baton Pass|p1a: Lopunny
|
|switch|p1a: Tornadus|Tornadus, M|299\/299
|move|p2a: Gligar|Earthquake|p1a: Tornadus
|-immune|p1a: Tornadus|[msg]
|
|turn|17
|
|move|p1a: Tornadus|Acrobatics|p2a: Gligar
|-damage|p2a: Gligar|22\/334
|move|p2a: Gligar|Knock Off|p1a: Tornadus
|-damage|p1a: Tornadus|219\/299
|
|turn|18
|
|move|p1a: Tornadus|Acrobatics|p2a: Gligar
|-damage|p2a: Gligar|0 fnt
|faint|p2a: Gligar
|
|
|switch|p2a: Kingdra|Kingdra, M|292\/292
|turn|19
|
|move|p1a: Tornadus|Acrobatics|p2a: Kingdra
|-damage|p2a: Kingdra|0 fnt
|faint|p2a: Kingdra
|
|-message|N Fury forfeited.
|
|win|RowDog
|raw|Ladder updating...
|leave|N Fury
|player|p2
|raw|RowDog's rating: 1120 &rarr; <strong>1143<\/strong><br \/>(+23 for winning)
|raw|N Fury's rating: 1086 &rarr; <strong>1065<\/strong><br \/>(-21 for losing)