|join|Bob the Bae
|join|RowDog
|player|p1|Bob the Bae|23
|player|p2|RowDog|80
|gametype|singles
|gen|6
|tier|UU
|rated
|rule|Sleep Clause Mod: Limit one foe put to sleep
|rule|Species Clause: Limit one of each PokÃ©mon
|rule|OHKO Clause: OHKO moves are banned
|rule|Moody Clause: Moody is banned
|rule|Evasion Moves Clause: Evasion moves are banned
|rule|Endless Battle Clause: Forcing endless battles is banned
|rule|HP Percentage Mod: HP is shown in percentages
|clearpoke
|poke|p1|Blissey, F
|poke|p1|Noivern, F
|poke|p1|Qwilfish, F
|poke|p1|Arcanine, F
|poke|p1|Gligar, F
|poke|p1|Virizion
|poke|p2|Aromatisse, F
|poke|p2|Rotom-Heat
|poke|p2|Blissey, F
|poke|p2|Tentacruel, F
|poke|p2|Crobat, M
|poke|p2|Gastrodon, M
|rule|Swagger Clause: Swagger is banned
|rule|Baton Pass Clause: Limit one PokÃ©mon knowing Baton Pass
|teampreview
|c|âBob the Bae|kek
|c|âRowDog|oh wow lol
|c|âRowDog|dammit Bob this is your fault
|c|âBob the Bae|no u
|c|âBob the Bae|y u do this
|c|âRowDog|(ff so I can get to top 10)
|
|start
|switch|p1a: 3.98100|Noivern, F|315\/315
|switch|p2a: Aromatisse|Aromatisse, F|406\/406
|turn|1
|c|âBob the Bae|let me win ty
|c|âRowDog|no let me
|c|âBob the Bae|i need this more
|
|switch|p1a: 2.71406|Gligar, F|334\/334
|move|p2a: Aromatisse|Protect|p2a: Aromatisse
|-fail|p2a: Aromatisse
|
|turn|2
|c|âRowDog|no I need it more :(
|
|switch|p2a: Crobat|Crobat, M|373\/373
|move|p1a: 2.71406|Stealth Rock|p2a: Crobat
|-sidestart|p2: RowDog|move: Stealth Rock
|
|turn|3
|
|switch|p1a: 8.21179|Arcanine, F|383\/383
|-ability|p1a: 8.21179|Intimidate|[of] p2a: Crobat
|-unboost|p2a: Crobat|atk|1
|move|p2a: Crobat|Defog|p1a: 8.21179
|-unboost|p1a: 8.21179|evasion|1
|-sideend|p2: RowDog|Stealth Rock|[from] move: Defog|[of] p2a: Crobat
|
|turn|4
|
|switch|p2a: Rotom-Heat|Rotom-Heat|271\/271
|move|p1a: 8.21179|Will-O-Wisp|p2a: Rotom-Heat
|-fail|p2a: Rotom-Heat
|
|turn|5
|c|âRowDog|I need something to boast about on my RMT
|
|move|p2a: Rotom-Heat|Thunderbolt|p1a: 8.21179
|-damage|p1a: 8.21179|253\/383
|move|p1a: 8.21179|Flare Blitz|p2a: Rotom-Heat
|-resisted|p2a: Rotom-Heat
|-damage|p2a: Rotom-Heat|218\/271
|-damage|p1a: 8.21179|236\/383|[from] recoil|[of] p2a: Rotom-Heat
|
|-heal|p1a: 8.21179|259\/383|[from] item: Leftovers
|turn|6
|
|move|p2a: Rotom-Heat|Thunderbolt|p1a: 8.21179
|-damage|p1a: 8.21179|117\/383
|move|p1a: 8.21179|Flare Blitz|p2a: Rotom-Heat
|-resisted|p2a: Rotom-Heat
|-damage|p2a: Rotom-Heat|169\/271
|-damage|p1a: 8.21179|101\/383|[from] recoil|[of] p2a: Rotom-Heat
|
|-heal|p1a: 8.21179|124\/383|[from] item: Leftovers
|turn|7
|
|switch|p1a: 2.71406|Gligar, F|334\/334
|move|p2a: Rotom-Heat|Thunderbolt|p1a: 2.71406
|-immune|p1a: 2.71406|[msg]
|
|turn|8
|
|switch|p1a: 0.15517|Qwilfish, F|334\/334
|-ability|p1a: 0.15517|Intimidate|[of] p2a: Rotom-Heat
|-unboost|p2a: Rotom-Heat|atk|1
|move|p2a: Rotom-Heat|Overheat|p1a: 0.15517
|-resisted|p1a: 0.15517
|-damage|p1a: 0.15517|196\/334
|-unboost|p2a: Rotom-Heat|spa|2
|
|-heal|p1a: 0.15517|216\/334|[from] item: Black Sludge
|turn|9
|
|switch|p1a: 2.71406|Gligar, F|334\/334
|move|p2a: Rotom-Heat|Thunderbolt|p1a: 2.71406
|-immune|p1a: 2.71406|[msg]
|
|turn|10
|
|switch|p1a: 8.21179|Arcanine, F|124\/383
|-ability|p1a: 8.21179|Intimidate|[of] p2a: Rotom-Heat
|-unboost|p2a: Rotom-Heat|atk|1
|move|p2a: Rotom-Heat|Trick|p1a: 8.21179
|-activate|p2a: Rotom-Heat|move: Trick|[of] p1a: 8.21179
|-item|p1a: 8.21179|Flame Orb|[from] move: Trick
|-item|p2a: Rotom-Heat|Leftovers|[from] move: Trick
|
|-heal|p2a: Rotom-Heat|185\/271|[from] item: Leftovers
|turn|11
|
|move|p2a: Rotom-Heat|Trick|p1a: 8.21179
|-activate|p2a: Rotom-Heat|move: Trick|[of] p1a: 8.21179
|-item|p1a: 8.21179|Leftovers|[from] move: Trick
|-item|p2a: Rotom-Heat|Flame Orb|[from] move: Trick
|move|p1a: 8.21179|Morning Sun|p1a: 8.21179
|-heal|p1a: 8.21179|315\/383
|
|-heal|p1a: 8.21179|338\/383|[from] item: Leftovers
|turn|12
|
|switch|p2a: Tentacruel|Tentacruel, F|364\/364
|move|p1a: 8.21179|Will-O-Wisp|p2a: Tentacruel
|-status|p2a: Tentacruel|brn
|
|-heal|p1a: 8.21179|361\/383|[from] item: Leftovers
|-damage|p2a: Tentacruel|319\/364 brn|[from] brn
|turn|13
|
|switch|p1a: 9.58093|Blissey, F|714\/714
|move|p2a: Tentacruel|Scald|p1a: 9.58093
|-damage|p1a: 9.58093|654\/714
|
|-heal|p2a: Tentacruel|341\/364 brn|[from] item: Black Sludge
|-heal|p1a: 9.58093|698\/714|[from] item: Leftovers
|-damage|p2a: Tentacruel|296\/364 brn|[from] brn
|turn|14
|
|switch|p2a: Blissey|Blissey, F|714\/714
|move|p1a: 9.58093|Wish|p1a: 9.58093
|
|-heal|p1a: 9.58093|714\/714|[from] item: Leftovers
|turn|15
|
|switch|p1a: 0.15517|Qwilfish, F|216\/334
|-ability|p1a: 0.15517|Intimidate|[of] p2a: Blissey
|-unboost|p2a: Blissey|atk|1
|move|p2a: Blissey|Stealth Rock|p1a: 0.15517
|-sidestart|p1: Bob the Bae|move: Stealth Rock
|
|-heal|p1a: 0.15517|334\/334|[from] move: Wish|[wisher] 9.58093
|turn|16
|
|switch|p2a: Tentacruel|Tentacruel, F|296\/364 brn
|move|p1a: 0.15517|Spikes|p2a: Tentacruel
|-sidestart|p2: RowDog|Spikes
|
|-heal|p2a: Tentacruel|318\/364 brn|[from] item: Black Sludge
|-damage|p2a: Tentacruel|273\/364 brn|[from] brn
|turn|17
|
|switch|p1a: 2.71406|Gligar, F|334\/334
|-damage|p1a: 2.71406|293\/334|[from] Stealth Rock
|move|p2a: Tentacruel|Toxic Spikes|p1a: 2.71406
|-sidestart|p1: Bob the Bae|move: Toxic Spikes
|
|-heal|p2a: Tentacruel|295\/364 brn|[from] item: Black Sludge
|-damage|p2a: Tentacruel|250\/364 brn|[from] brn
|turn|18
|
|switch|p2a: Crobat|Crobat, M|373\/373
|move|p1a: 2.71406|Earthquake|p2a: Crobat
|-immune|p2a: Crobat|[msg]
|
|turn|19
|
|switch|p1a: 0.15517|Qwilfish, F|334\/334
|-sideend|p1: Bob the Bae|move: Toxic Spikes|[of] p1a: 0.15517
|-damage|p1a: 0.15517|293\/334|[from] Stealth Rock
|-ability|p1a: 0.15517|Intimidate|[of] p2a: Crobat
|-unboost|p2a: Crobat|atk|1
|move|p2a: Crobat|Taunt|p1a: 0.15517
|-start|p1a: 0.15517|move: Taunt
|
|-heal|p1a: 0.15517|313\/334|[from] item: Black Sludge
|turn|20
|
|switch|p2a: Blissey|Blissey, F|714\/714
|-damage|p2a: Blissey|625\/714|[from] Spikes
|switch|p1a: 2.71406|Gligar, F|293\/334
|-damage|p1a: 2.71406|252\/334|[from] Stealth Rock
|
|-heal|p2a: Blissey|669\/714|[from] item: Leftovers
|turn|21
|
|move|p1a: 2.71406|Stealth Rock|p2a: Blissey
|-sidestart|p2: RowDog|move: Stealth Rock
|move|p2a: Blissey|Wish|p2a: Blissey
|
|-heal|p2a: Blissey|713\/714|[from] item: Leftovers
|turn|22
|
|switch|p2a: Rotom-Heat|Rotom-Heat|185\/271
|-damage|p2a: Rotom-Heat|118\/271|[from] Stealth Rock
|move|p1a: 2.71406|Roost|p1a: 2.71406
|-heal|p1a: 2.71406|334\/334
|
|-heal|p2a: Rotom-Heat|271\/271|[from] move: Wish|[wisher] Blissey
|turn|23
|
|switch|p1a: 9.58093|Blissey, F|714\/714
|-damage|p1a: 9.58093|625\/714|[from] Stealth Rock
|move|p2a: Rotom-Heat|Thunderbolt|p1a: 9.58093
|-damage|p1a: 9.58093|546\/714
|
|-heal|p1a: 9.58093|590\/714|[from] item: Leftovers
|turn|24
|
|switch|p2a: Crobat|Crobat, M|373\/373
|-damage|p2a: Crobat|280\/373|[from] Stealth Rock
|switch|p1a: 8.21179|Arcanine, F|361\/383
|-damage|p1a: 8.21179|266\/383|[from] Stealth Rock
|-ability|p1a: 8.21179|Intimidate|[of] p2a: Crobat
|-unboost|p2a: Crobat|atk|1
|
|-heal|p2a: Crobat|303\/373|[from] item: Black Sludge
|-heal|p1a: 8.21179|289\/383|[from] item: Leftovers
|turn|25
|
|move|p2a: Crobat|Taunt|p1a: 8.21179
|-start|p1a: 8.21179|move: Taunt
|move|p1a: 8.21179|Flare Blitz|p2a: Crobat
|-damage|p2a: Crobat|119\/373
|-damage|p1a: 8.21179|228\/383|[from] recoil|[of] p2a: Crobat
|
|-heal|p2a: Crobat|142\/373|[from] item: Black Sludge
|-heal|p1a: 8.21179|251\/383|[from] item: Leftovers
|turn|26
|c|âBob the Bae|burn pls
|
|move|p2a: Crobat|Roost|p2a: Crobat
|-heal|p2a: Crobat|329\/373
|move|p1a: 8.21179|Flare Blitz|p2a: Crobat
|-damage|p2a: Crobat|152\/373
|-damage|p1a: 8.21179|193\/383|[from] recoil|[of] p2a: Crobat
|
|-heal|p2a: Crobat|175\/373|[from] item: Black Sludge
|-heal|p1a: 8.21179|216\/383|[from] item: Leftovers
|turn|27
|
|switch|p2a: Rotom-Heat|Rotom-Heat|271\/271
|-damage|p2a: Rotom-Heat|204\/271|[from] Stealth Rock
|move|p1a: 8.21179|Flare Blitz|p2a: Rotom-Heat
|-resisted|p2a: Rotom-Heat
|-damage|p2a: Rotom-Heat|153\/271
|-damage|p1a: 8.21179|199\/383|[from] recoil|[of] p2a: Rotom-Heat
|
|-heal|p1a: 8.21179|222\/383|[from] item: Leftovers
|-end|p1a: 8.21179|move: Taunt
|turn|28
|
|move|p2a: Rotom-Heat|Trick|p1a: 8.21179
|-activate|p2a: Rotom-Heat|move: Trick|[of] p1a: 8.21179
|-item|p1a: 8.21179|Flame Orb|[from] move: Trick
|-item|p2a: Rotom-Heat|Leftovers|[from] move: Trick
|move|p1a: 8.21179|Morning Sun|p1a: 8.21179
|-heal|p1a: 8.21179|383\/383
|
|-heal|p2a: Rotom-Heat|169\/271|[from] item: Leftovers
|turn|29
|
|switch|p1a: 9.58093|Blissey, F|590\/714
|-damage|p1a: 9.58093|501\/714|[from] Stealth Rock
|move|p2a: Rotom-Heat|Trick|p1a: 9.58093
|-activate|p2a: Rotom-Heat|move: Trick|[of] p1a: 9.58093
|-item|p1a: 9.58093|Leftovers|[from] move: Trick
|-item|p2a: Rotom-Heat|Leftovers|[from] move: Trick
|
|-heal|p2a: Rotom-Heat|185\/271|[from] item: Leftovers
|-heal|p1a: 9.58093|545\/714|[from] item: Leftovers
|turn|30
|c|âBob the Bae|my flame orb
|c|âBob the Bae|nigga
|c|âRowDog|nice trade
|
|switch|p2a: Aromatisse|Aromatisse, F|406\/406
|-damage|p2a: Aromatisse|356\/406|[from] Stealth Rock
|-damage|p2a: Aromatisse|306\/406|[from] Spikes
|move|p1a: 9.58093|Wish|p1a: 9.58093
|
|-heal|p1a: 9.58093|589\/714|[from] item: Leftovers
|-heal|p2a: Aromatisse|331\/406|[from] item: Leftovers
|turn|31
|
|switch|p1a: 0.15517|Qwilfish, F|313\/334
|-damage|p1a: 0.15517|272\/334|[from] Stealth Rock
|-ability|p1a: 0.15517|Intimidate|[of] p2a: Aromatisse
|-unboost|p2a: Aromatisse|atk|1
|move|p2a: Aromatisse|Wish|p2a: Aromatisse
|
|-heal|p1a: 0.15517|334\/334|[from] move: Wish|[wisher] 9.58093
|-heal|p2a: Aromatisse|356\/406|[from] item: Leftovers
|turn|32
|
|switch|p1a: 2.71406|Gligar, F|334\/334
|-damage|p1a: 2.71406|293\/334|[from] Stealth Rock
|switch|p2a: Tentacruel|Tentacruel, F|250\/364 brn
|-damage|p2a: Tentacruel|205\/364 brn|[from] Stealth Rock
|-damage|p2a: Tentacruel|160\/364 brn|[from] Spikes
|
|-heal|p2a: Tentacruel|363\/364 brn|[from] move: Wish|[wisher] Aromatisse
|-heal|p2a: Tentacruel|364\/364 brn|[from] item: Black Sludge
|-damage|p2a: Tentacruel|319\/364 brn|[from] brn
|turn|33
|
|move|p2a: Tentacruel|Ice Beam|p1a: 2.71406
|-supereffective|p1a: 2.71406
|-damage|p1a: 2.71406|129\/334
|move|p1a: 2.71406|Earthquake|p2a: Tentacruel
|-supereffective|p2a: Tentacruel
|-damage|p2a: Tentacruel|155\/364 brn
|
|-heal|p2a: Tentacruel|177\/364 brn|[from] item: Black Sludge
|-damage|p2a: Tentacruel|132\/364 brn|[from] brn
|turn|34
|
|switch|p1a: 1.21976|Virizion|323\/323
|-damage|p1a: 1.21976|303\/323|[from] Stealth Rock
|move|p2a: Tentacruel|Rapid Spin|p1a: 1.21976
|-damage|p1a: 1.21976|295\/323
|-sideend|p2: RowDog|Spikes|[from] move: Rapid Spin|[of] p2a: Tentacruel
|-sideend|p2: RowDog|Stealth Rock|[from] move: Rapid Spin|[of] p2a: Tentacruel
|
|-heal|p2a: Tentacruel|154\/364 brn|[from] item: Black Sludge
|-damage|p2a: Tentacruel|109\/364 brn|[from] brn
|turn|35
|
|switch|p2a: Aromatisse|Aromatisse, F|356\/406
|move|p1a: 1.21976|Zen Headbutt|p2a: Aromatisse
|-damage|p2a: Aromatisse|294\/406
|
|-heal|p2a: Aromatisse|319\/406|[from] item: Leftovers
|turn|36
|
|switch|p1a: 2.71406|Gligar, F|129\/334
|-damage|p1a: 2.71406|88\/334|[from] Stealth Rock
|move|p2a: Aromatisse|Moonblast|p1a: 2.71406
|-damage|p1a: 2.71406|15\/334
|-unboost|p1a: 2.71406|spa|1
|
|-heal|p2a: Aromatisse|344\/406|[from] item: Leftovers
|turn|37
|
|move|p1a: 2.71406|Roost|p1a: 2.71406
|-heal|p1a: 2.71406|182\/334
|move|p2a: Aromatisse|Wish|p2a: Aromatisse
|
|-heal|p2a: Aromatisse|369\/406|[from] item: Leftovers
|turn|38
|
|switch|p2a: Crobat|Crobat, M|175\/373
|move|p1a: 2.71406|Roost|p1a: 2.71406
|-heal|p1a: 2.71406|334\/334
|
|-heal|p2a: Crobat|373\/373|[from] move: Wish|[wisher] Aromatisse
|turn|39
|
|switch|p1a: 0.15517|Qwilfish, F|334\/334
|-damage|p1a: 0.15517|293\/334|[from] Stealth Rock
|-ability|p1a: 0.15517|Intimidate|[of] p2a: Crobat
|-unboost|p2a: Crobat|atk|1
|move|p2a: Crobat|Taunt|p1a: 0.15517
|-start|p1a: 0.15517|move: Taunt
|
|-heal|p1a: 0.15517|313\/334|[from] item: Black Sludge
|turn|40
|
|switch|p2a: Gastrodon|Gastrodon, M|426\/426
|switch|p1a: 3.98100|Noivern, F|315\/315
|-damage|p1a: 3.98100|237\/315|[from] Stealth Rock
|
|turn|41
|
|switch|p2a: Rotom-Heat|Rotom-Heat|185\/271
|move|p1a: 3.98100|Switcheroo|p2a: Rotom-Heat
|-activate|p1a: 3.98100|move: Trick|[of] p2a: Rotom-Heat
|-item|p2a: Rotom-Heat|Choice Scarf|[from] Trick
|-item|p1a: 3.98100|Leftovers|[from] Trick
|
|-heal|p1a: 3.98100|256\/315|[from] item: Leftovers
|turn|42
|
|switch|p2a: Aromatisse|Aromatisse, F|369\/406
|move|p1a: 3.98100|Draco Meteor|p2a: Aromatisse
|-immune|p2a: Aromatisse|[msg]
|
|-heal|p1a: 3.98100|275\/315|[from] item: Leftovers
|-heal|p2a: Aromatisse|394\/406|[from] item: Leftovers
|turn|43
|
|move|p1a: 3.98100|U-turn|p2a: Aromatisse
|-resisted|p2a: Aromatisse
|-damage|p2a: Aromatisse|378\/406
|
|switch|p1a: 2.71406|Gligar, F|334\/334
|-damage|p1a: 2.71406|293\/334|[from] Stealth Rock
|move|p2a: Aromatisse|Aromatherapy|p2a: Aromatisse
|-cureteam|p2a: Aromatisse|[from] move: Aromatherapy
|
|-heal|p2a: Aromatisse|403\/406|[from] item: Leftovers
|turn|44
|
|switch|p2a: Rotom-Heat|Rotom-Heat|185\/271
|move|p1a: 2.71406|Stealth Rock|p2a: Rotom-Heat
|-sidestart|p2: RowDog|move: Stealth Rock
|
|turn|45
|
|switch|p1a: 3.98100|Noivern, F|275\/315
|-damage|p1a: 3.98100|197\/315|[from] Stealth Rock
|move|p2a: Rotom-Heat|Thunderbolt|p1a: 3.98100
|-damage|p1a: 3.98100|70\/315
|
|-heal|p1a: 3.98100|89\/315|[from] item: Leftovers
|turn|46
|
|move|p1a: 3.98100|Draco Meteor|p2a: Rotom-Heat
|-crit|p2a: Rotom-Heat
|-damage|p2a: Rotom-Heat|0 fnt
|-unboost|p1a: 3.98100|spa|2
|faint|p2a: Rotom-Heat
|
|-heal|p1a: 3.98100|108\/315|[from] item: Leftovers
|c|âBob the Bae|rekt
|c|âRowDog|you are still faster fck me
|
|switch|p2a: Aromatisse|Aromatisse, F|403\/406
|-damage|p2a: Aromatisse|353\/406|[from] Stealth Rock
|turn|47
|c|âRowDog|not sure if crit counted but if it did...
|
|move|p1a: 3.98100|U-turn|p2a: Aromatisse
|-resisted|p2a: Aromatisse
|-damage|p2a: Aromatisse|338\/406
|
|switch|p1a: 0.15517|Qwilfish, F|313\/334
|-damage|p1a: 0.15517|272\/334|[from] Stealth Rock
|-ability|p1a: 0.15517|Intimidate|[of] p2a: Aromatisse
|-unboost|p2a: Aromatisse|atk|1
|move|p2a: Aromatisse|Wish|p2a: Aromatisse
|
|-heal|p1a: 0.15517|292\/334|[from] item: Black Sludge
|-heal|p2a: Aromatisse|363\/406|[from] item: Leftovers
|turn|48
|
|switch|p2a: Tentacruel|Tentacruel, F|109\/364
|-damage|p2a: Tentacruel|64\/364|[from] Stealth Rock
|move|p1a: 0.15517|Spikes|p2a: Tentacruel
|-sidestart|p2: RowDog|Spikes
|
|-heal|p2a: Tentacruel|267\/364|[from] move: Wish|[wisher] Aromatisse
|-heal|p2a: Tentacruel|289\/364|[from] item: Black Sludge
|-heal|p1a: 0.15517|312\/334|[from] item: Black Sludge
|turn|49
|
|switch|p1a: 9.58093|Blissey, F|589\/714
|-damage|p1a: 9.58093|500\/714|[from] Stealth Rock
|move|p2a: Tentacruel|Rapid Spin|p1a: 9.58093
|-crit|p1a: 9.58093
|-damage|p1a: 9.58093|470\/714
|-sideend|p2: RowDog|Spikes|[from] move: Rapid Spin|[of] p2a: Tentacruel
|-sideend|p2: RowDog|Stealth Rock|[from] move: Rapid Spin|[of] p2a: Tentacruel
|
|-heal|p2a: Tentacruel|311\/364|[from] item: Black Sludge
|-heal|p1a: 9.58093|514\/714|[from] item: Leftovers
|turn|50
|
|move|p2a: Tentacruel|Toxic Spikes|p1a: 9.58093
|-sidestart|p1: Bob the Bae|move: Toxic Spikes
|move|p1a: 9.58093|Wish|p1a: 9.58093
|
|-heal|p2a: Tentacruel|333\/364|[from] item: Black Sludge
|-heal|p1a: 9.58093|558\/714|[from] item: Leftovers
|turn|51
|
|switch|p1a: 0.15517|Qwilfish, F|312\/334
|-damage|p1a: 0.15517|271\/334|[from] Stealth Rock
|-sideend|p1: Bob the Bae|move: Toxic Spikes|[of] p1a: 0.15517
|-ability|p1a: 0.15517|Intimidate|[of] p2a: Tentacruel
|-unboost|p2a: Tentacruel|atk|1
|move|p2a: Tentacruel|Scald|p1a: 0.15517
|-resisted|p1a: 0.15517
|-damage|p1a: 0.15517|202\/334
|
|-heal|p1a: 0.15517|334\/334|[from] move: Wish|[wisher] 9.58093
|-heal|p2a: Tentacruel|355\/364|[from] item: Black Sludge
|turn|52
|c|âRowDog|ugh, surely Rotom-H should be faster with Scarf
|c|âRowDog|useless shit
|c|âBob the Bae|git gud
|c|âBob the Bae|imo
|join|poke'n'play
|c|âRowDog|bring it punk
|
|move|p2a: Tentacruel|Scald|p1a: 0.15517
|-resisted|p1a: 0.15517
|-damage|p1a: 0.15517|273\/334
|move|p1a: 0.15517|Spikes|p2a: Tentacruel
|-sidestart|p2: RowDog|Spikes
|
|-heal|p2a: Tentacruel|364\/364|[from] item: Black Sludge
|-heal|p1a: 0.15517|293\/334|[from] item: Black Sludge
|turn|53
|c|âRowDog|gay no burn
|
|switch|p1a: 9.58093|Blissey, F|558\/714
|-damage|p1a: 9.58093|469\/714|[from] Stealth Rock
|move|p2a: Tentacruel|Scald|p1a: 9.58093
|-damage|p1a: 9.58093|406\/714
|
|-heal|p1a: 9.58093|450\/714|[from] item: Leftovers
|turn|54
|
|move|p2a: Tentacruel|Rapid Spin|p1a: 9.58093
|-crit|p1a: 9.58093
|-damage|p1a: 9.58093|421\/714
|-sideend|p2: RowDog|Spikes|[from] move: Rapid Spin|[of] p2a: Tentacruel
|move|p1a: 9.58093|Wish|p1a: 9.58093
|
|-heal|p1a: 9.58093|465\/714|[from] item: Leftovers
|turn|55
|
|move|p2a: Tentacruel|Toxic Spikes|p1a: 9.58093
|-sidestart|p1: Bob the Bae|move: Toxic Spikes
|move|p1a: 9.58093|Seismic Toss|p2a: Tentacruel
|-damage|p2a: Tentacruel|264\/364
|
|-heal|p1a: 9.58093|714\/714|[from] move: Wish|[wisher] 9.58093
|-heal|p2a: Tentacruel|286\/364|[from] item: Black Sludge
|turn|56
|
|switch|p2a: Crobat|Crobat, M|373\/373
|move|p1a: 9.58093|Seismic Toss|p2a: Crobat
|-damage|p2a: Crobat|273\/373
|
|-heal|p2a: Crobat|296\/373|[from] item: Black Sludge
|turn|57
|
|switch|p1a: 0.15517|Qwilfish, F|293\/334
|-damage|p1a: 0.15517|252\/334|[from] Stealth Rock
|-sideend|p1: Bob the Bae|move: Toxic Spikes|[of] p1a: 0.15517
|-ability|p1a: 0.15517|Intimidate|[of] p2a: Crobat
|-unboost|p2a: Crobat|atk|1
|move|p2a: Crobat|Brave Bird|p1a: 0.15517
|-damage|p1a: 0.15517|165\/334
|-damage|p2a: Crobat|267\/373|[from] recoil|[of] p1a: 0.15517
|
|-heal|p2a: Crobat|290\/373|[from] item: Black Sludge
|-heal|p1a: 0.15517|185\/334|[from] item: Black Sludge
|turn|58
|
|switch|p1a: 2.71406|Gligar, F|293\/334
|-damage|p1a: 2.71406|252\/334|[from] Stealth Rock
|move|p2a: Crobat|Brave Bird|p1a: 2.71406
|-damage|p1a: 2.71406|194\/334
|-damage|p2a: Crobat|271\/373|[from] recoil|[of] p1a: 2.71406
|
|-heal|p2a: Crobat|294\/373|[from] item: Black Sludge
|turn|59
|
|switch|p1a: 9.58093|Blissey, F|714\/714
|-damage|p1a: 9.58093|625\/714|[from] Stealth Rock
|move|p2a: Crobat|Taunt|p1a: 9.58093
|-start|p1a: 9.58093|move: Taunt
|
|-heal|p2a: Crobat|317\/373|[from] item: Black Sludge
|-heal|p1a: 9.58093|669\/714|[from] item: Leftovers
|turn|60
|
|switch|p2a: Gastrodon|Gastrodon, M|426\/426
|move|p1a: 9.58093|Seismic Toss|p2a: Gastrodon
|-damage|p2a: Gastrodon|326\/426
|
|-heal|p1a: 9.58093|713\/714|[from] item: Leftovers
|-heal|p2a: Gastrodon|352\/426|[from] item: Leftovers
|turn|61
|
|switch|p1a: 1.21976|Virizion|295\/323
|-damage|p1a: 1.21976|275\/323|[from] Stealth Rock
|move|p2a: Gastrodon|Scald|p1a: 1.21976
|-resisted|p1a: 1.21976
|-damage|p1a: 1.21976|238\/323
|
|-heal|p2a: Gastrodon|378\/426|[from] item: Leftovers
|turn|62
|c|âRowDog|still no burn :(
|
|switch|p2a: Aromatisse|Aromatisse, F|363\/406
|move|p1a: 1.21976|Swords Dance|p1a: 1.21976
|-boost|p1a: 1.21976|atk|2
|
|-heal|p2a: Aromatisse|388\/406|[from] item: Leftovers
|turn|63
|c|âBob the Bae|coz viri is real af
|
|move|p1a: 1.21976|Leaf Blade|p2a: Aromatisse
|-damage|p2a: Aromatisse|169\/406
|move|p2a: Aromatisse|Moonblast|p1a: 1.21976
|-supereffective|p1a: 1.21976
|-damage|p1a: 1.21976|50\/323
|-unboost|p1a: 1.21976|spa|1
|
|-heal|p2a: Aromatisse|194\/406|[from] item: Leftovers
|turn|64
|
|move|p1a: 1.21976|Zen Headbutt|p2a: Aromatisse
|-damage|p2a: Aromatisse|72\/406
|move|p2a: Aromatisse|Moonblast|p1a: 1.21976
|-supereffective|p1a: 1.21976
|-damage|p1a: 1.21976|0 fnt
|faint|p1a: 1.21976
|
|-heal|p2a: Aromatisse|97\/406|[from] item: Leftovers
|c|âBob the Bae|wow fgt
|c|âRowDog|nice
|c|âRowDog|predicts
|
|switch|p1a: 8.21179|Arcanine, F|383\/383
|-damage|p1a: 8.21179|288\/383|[from] Stealth Rock
|-ability|p1a: 8.21179|Intimidate|[of] p2a: Aromatisse
|-unboost|p2a: Aromatisse|atk|1
|turn|65
|
|move|p2a: Aromatisse|Protect|p2a: Aromatisse
|-singleturn|p2a: Aromatisse|Protect
|move|p1a: 8.21179|Will-O-Wisp|p2a: Aromatisse
|-activate|p2a: Aromatisse|Protect
|
|-heal|p2a: Aromatisse|122\/406|[from] item: Leftovers
|turn|66
|
|switch|p2a: Blissey|Blissey, F|713\/714
|move|p1a: 8.21179|Will-O-Wisp|p2a: Blissey
|-status|p2a: Blissey|brn
|
|-heal|p2a: Blissey|714\/714 brn|[from] item: Leftovers
|-damage|p2a: Blissey|625\/714 brn|[from] brn
|turn|67
|
|switch|p1a: 9.58093|Blissey, F|713\/714
|-damage|p1a: 9.58093|624\/714|[from] Stealth Rock
|move|p2a: Blissey|Wish|p2a: Blissey
|
|-heal|p1a: 9.58093|668\/714|[from] item: Leftovers
|-heal|p2a: Blissey|669\/714 brn|[from] item: Leftovers
|-damage|p2a: Blissey|580\/714 brn|[from] brn
|turn|68
|
|switch|p2a: Aromatisse|Aromatisse, F|122\/406
|move|p1a: 9.58093|Wish|p1a: 9.58093
|
|-heal|p2a: Aromatisse|406\/406|[from] move: Wish|[wisher] Blissey
|-heal|p1a: 9.58093|712\/714|[from] item: Leftovers
|turn|69
|c|âRowDog|kek
|
|switch|p1a: 0.15517|Qwilfish, F|185\/334
|-damage|p1a: 0.15517|144\/334|[from] Stealth Rock
|-ability|p1a: 0.15517|Intimidate|[of] p2a: Aromatisse
|-unboost|p2a: Aromatisse|atk|1
|move|p2a: Aromatisse|Wish|p2a: Aromatisse
|
|-heal|p1a: 0.15517|334\/334|[from] move: Wish|[wisher] 9.58093
|turn|70
|
|switch|p1a: 9.58093|Blissey, F|712\/714
|-damage|p1a: 9.58093|623\/714|[from] Stealth Rock
|switch|p2a: Tentacruel|Tentacruel, F|286\/364
|
|-heal|p2a: Tentacruel|364\/364|[from] move: Wish|[wisher] Aromatisse
|-heal|p1a: 9.58093|667\/714|[from] item: Leftovers
|turn|71
|
|switch|p2a: Crobat|Crobat, M|317\/373
|move|p1a: 9.58093|Seismic Toss|p2a: Crobat
|-damage|p2a: Crobat|217\/373
|
|-heal|p2a: Crobat|240\/373|[from] item: Black Sludge
|-heal|p1a: 9.58093|711\/714|[from] item: Leftovers
|turn|72
|
|move|p2a: Crobat|Taunt|p1a: 9.58093
|-start|p1a: 9.58093|move: Taunt
|move|p1a: 9.58093|Seismic Toss|p2a: Crobat
|-damage|p2a: Crobat|140\/373
|
|-heal|p2a: Crobat|163\/373|[from] item: Black Sludge
|-heal|p1a: 9.58093|714\/714|[from] item: Leftovers
|turn|73
|
|move|p2a: Crobat|Roost|p2a: Crobat
|-heal|p2a: Crobat|350\/373
|move|p1a: 9.58093|Seismic Toss|p2a: Crobat
|-damage|p2a: Crobat|250\/373
|
|-heal|p2a: Crobat|273\/373|[from] item: Black Sludge
|turn|74
|
|move|p2a: Crobat|Brave Bird|p1a: 9.58093
|-damage|p1a: 9.58093|437\/714
|-damage|p2a: Crobat|182\/373|[from] recoil|[of] p1a: 9.58093
|move|p1a: 9.58093|Seismic Toss|p2a: Crobat
|-damage|p2a: Crobat|82\/373
|
|-heal|p2a: Crobat|105\/373|[from] item: Black Sludge
|-heal|p1a: 9.58093|481\/714|[from] item: Leftovers
|-end|p1a: 9.58093|move: Taunt
|turn|75
|
|move|p2a: Crobat|Taunt|p1a: 9.58093
|-start|p1a: 9.58093|move: Taunt
|move|p1a: 9.58093|Seismic Toss|p2a: Crobat
|-damage|p2a: Crobat|5\/373
|
|-heal|p2a: Crobat|28\/373|[from] item: Black Sludge
|-heal|p1a: 9.58093|525\/714|[from] item: Leftovers
|turn|76
|
|move|p2a: Crobat|Roost|p2a: Crobat
|-heal|p2a: Crobat|215\/373
|move|p1a: 9.58093|Seismic Toss|p2a: Crobat
|-damage|p2a: Crobat|115\/373
|
|-heal|p2a: Crobat|138\/373|[from] item: Black Sludge
|-heal|p1a: 9.58093|569\/714|[from] item: Leftovers
|turn|77
|c|âBob the Bae|bb here
|
|move|p2a: Crobat|Roost|p2a: Crobat
|-heal|p2a: Crobat|325\/373
|move|p1a: 9.58093|Seismic Toss|p2a: Crobat
|-damage|p2a: Crobat|225\/373
|
|-heal|p2a: Crobat|248\/373|[from] item: Black Sludge
|-heal|p1a: 9.58093|613\/714|[from] item: Leftovers
|-end|p1a: 9.58093|move: Taunt
|turn|78
|c|âRowDog|no
|
|switch|p2a: Gastrodon|Gastrodon, M|378\/426
|move|p1a: 9.58093|Seismic Toss|p2a: Gastrodon
|-damage|p2a: Gastrodon|278\/426
|
|-heal|p1a: 9.58093|657\/714|[from] item: Leftovers
|-heal|p2a: Gastrodon|304\/426|[from] item: Leftovers
|turn|79
|
|move|p1a: 9.58093|Wish|p1a: 9.58093
|move|p2a: Gastrodon|Curse|p2a: Gastrodon
|-boost|p2a: Gastrodon|atk|1
|-boost|p2a: Gastrodon|def|1
|-unboost|p2a: Gastrodon|spe|1
|
|-heal|p1a: 9.58093|701\/714|[from] item: Leftovers
|-heal|p2a: Gastrodon|330\/426|[from] item: Leftovers
|turn|80
|
|switch|p1a: 8.21179|Arcanine, F|288\/383
|-damage|p1a: 8.21179|193\/383|[from] Stealth Rock
|-ability|p1a: 8.21179|Intimidate|[of] p2a: Gastrodon
|-unboost|p2a: Gastrodon|atk|1
|move|p2a: Gastrodon|Scald|p1a: 8.21179
|-supereffective|p1a: 8.21179
|-damage|p1a: 8.21179|0 fnt
|faint|p1a: 8.21179
|
|-heal|p2a: Gastrodon|356\/426|[from] item: Leftovers
|c|âBob the Bae|not even real
|c|âBob the Bae|shit
|c|âRowDog|no
|c|âRowDog|too real
|
|switch|p1a: 3.98100|Noivern, F|108\/315
|-damage|p1a: 3.98100|30\/315|[from] Stealth Rock
|turn|81
|c|âBob the Bae|ok i think its ogre
|
|switch|p2a: Aromatisse|Aromatisse, F|406\/406
|move|p1a: 3.98100|Draco Meteor|p2a: Aromatisse
|-immune|p2a: Aromatisse|[msg]
|
|-heal|p1a: 3.98100|49\/315|[from] item: Leftovers
|turn|82
|
|move|p1a: 3.98100|U-turn|p2a: Aromatisse
|-resisted|p2a: Aromatisse
|-damage|p2a: Aromatisse|390\/406
|
|switch|p1a: 2.71406|Gligar, F|194\/334
|-damage|p1a: 2.71406|153\/334|[from] Stealth Rock
|move|p2a: Aromatisse|Moonblast|p1a: 2.71406
|-damage|p1a: 2.71406|86\/334
|
|-heal|p2a: Aromatisse|406\/406|[from] item: Leftovers
|turn|83
|
|switch|p2a: Tentacruel|Tentacruel, F|364\/364
|move|p1a: 2.71406|Defog|p2a: Tentacruel
|-unboost|p2a: Tentacruel|evasion|1
|-sideend|p1: Bob the Bae|Stealth Rock|[from] move: Defog|[of] p1a: 2.71406
|
|turn|84
|
|switch|p1a: 9.58093|Blissey, F|701\/714
|move|p2a: Tentacruel|Scald|p1a: 9.58093
|-damage|p1a: 9.58093|644\/714
|
|-heal|p1a: 9.58093|688\/714|[from] item: Leftovers
|turn|85
|
|switch|p2a: Blissey|Blissey, F|580\/714
|move|p1a: 9.58093|Seismic Toss|p2a: Blissey
|-damage|p2a: Blissey|480\/714
|
|-heal|p1a: 9.58093|714\/714|[from] item: Leftovers
|-heal|p2a: Blissey|524\/714|[from] item: Leftovers
|turn|86
|
|switch|p1a: 0.15517|Qwilfish, F|334\/334
|-ability|p1a: 0.15517|Intimidate|[of] p2a: Blissey
|-unboost|p2a: Blissey|atk|1
|move|p2a: Blissey|Stealth Rock|p1a: 0.15517
|-sidestart|p1: Bob the Bae|move: Stealth Rock
|
|-heal|p2a: Blissey|568\/714|[from] item: Leftovers
|turn|87
|
|move|p1a: 0.15517|Spikes|p2a: Blissey
|-sidestart|p2: RowDog|Spikes
|move|p2a: Blissey|Wish|p2a: Blissey
|
|-heal|p2a: Blissey|612\/714|[from] item: Leftovers
|turn|88
|
|switch|p2a: Tentacruel|Tentacruel, F|364\/364
|-damage|p2a: Tentacruel|319\/364|[from] Spikes
|move|p1a: 0.15517|Spikes|p2a: Tentacruel
|-sidestart|p2: RowDog|Spikes
|
|-heal|p2a: Tentacruel|364\/364|[from] move: Wish|[wisher] Blissey
|turn|89
|c|âRowDog|should be using the LO Noivern
|c|âRowDog|imo
|c|âRowDog|:P
|
|switch|p1a: 9.58093|Blissey, F|714\/714
|-damage|p1a: 9.58093|625\/714|[from] Stealth Rock
|move|p2a: Tentacruel|Rapid Spin|p1a: 9.58093
|-damage|p1a: 9.58093|604\/714
|-sideend|p2: RowDog|Spikes|[from] move: Rapid Spin|[of] p2a: Tentacruel
|
|-heal|p1a: 9.58093|648\/714|[from] item: Leftovers
|turn|90
|c|âBob the Bae|no thats shit
|
|switch|p2a: Gastrodon|Gastrodon, M|356\/426
|move|p1a: 9.58093|Wish|p1a: 9.58093
|
|-heal|p1a: 9.58093|692\/714|[from] item: Leftovers
|-heal|p2a: Gastrodon|382\/426|[from] item: Leftovers
|turn|91
|
|switch|p1a: 2.71406|Gligar, F|86\/334
|-damage|p1a: 2.71406|45\/334|[from] Stealth Rock
|move|p2a: Gastrodon|Scald|p1a: 2.71406
|-supereffective|p1a: 2.71406
|-damage|p1a: 2.71406|0 fnt
|faint|p1a: 2.71406
|
|-heal|p2a: Gastrodon|408\/426|[from] item: Leftovers
|c|âBob the Bae|ok its ogre
|c|âBob the Bae|you're a fgt
|c|âRowDog|:P
|-message|Bob the Bae forfeited.
|
|win|RowDog
|raw|Ladder updating...
|raw|Bob the Bae's rating: 1704 &rarr; <strong>1681<\/strong><br \/>(-23 for losing)
|raw|RowDog's rating: 1656 &rarr; <strong>1679<\/strong><br \/>(+23 for winning)
|c|âRowDog|should have forfeited from the get gi
|leave|Bob the Bae
|player|p1
|c|âRowDog|*go
|c|âRowDog|gg