|join|RowDog
|join|elenis
|player|p1|RowDog|80
|player|p2|elenis|128
|gametype|singles
|gen|6
|tier|UU
|rated
|rule|Sleep Clause Mod: Limit one foe put to sleep
|rule|Species Clause: Limit one of each PokÃ©mon
|rule|OHKO Clause: OHKO moves are banned
|rule|Moody Clause: Moody is banned
|rule|Evasion Moves Clause: Evasion moves are banned
|rule|Endless Battle Clause: Forcing endless battles is banned
|rule|HP Percentage Mod: HP is shown in percentages
|clearpoke
|poke|p1|Aromatisse, F
|poke|p1|Doublade, M
|poke|p1|Blissey, F
|poke|p1|Dragalge, M
|poke|p1|Crobat, M
|poke|p1|Gastrodon, M
|poke|p2|Krookodile, M
|poke|p2|Jirachi
|poke|p2|Tentacruel, M
|poke|p2|Whimsicott, M
|poke|p2|Zygarde
|poke|p2|Sableye, F
|rule|Swagger Clause: Swagger is banned
|rule|Baton Pass Clause: Limit one PokÃ©mon knowing Baton Pass
|teampreview
|
|start
|switch|p1a: Doublade|Doublade, M|319\/319
|switch|p2a: Krookodile|Krookodile, M|393\/393
|-ability|p2a: Krookodile|Intimidate|[of] p1a: Doublade
|-unboost|p1a: Doublade|atk|1
|turn|1
|
|switch|p1a: Aromatisse|Aromatisse, F|406\/406
|move|p2a: Krookodile|Knock Off|p1a: Aromatisse
|-resisted|p1a: Aromatisse
|-damage|p1a: Aromatisse|349\/406
|-enditem|p1a: Aromatisse|Leftovers|[from] move: Knock Off|[of] p2a: Krookodile
|
|turn|2
|join|Eyan
|leave|Eyan
|
|move|p2a: Krookodile|Stealth Rock|p1a: Aromatisse
|-sidestart|p1: RowDog|move: Stealth Rock
|move|p1a: Aromatisse|Moonblast|p2a: Krookodile
|-supereffective|p2a: Krookodile
|-damage|p2a: Krookodile|81\/393
|-unboost|p2a: Krookodile|spa|1
|
|-heal|p2a: Krookodile|105\/393|[from] item: Leftovers
|turn|3
|
|switch|p2a: Jirachi|Jirachi|341\/341
|move|p1a: Aromatisse|Wish|p1a: Aromatisse
|
|turn|4
|
|move|p1a: Aromatisse|Protect|p1a: Aromatisse
|-singleturn|p1a: Aromatisse|Protect
|move|p2a: Jirachi|Trick|p1a: Aromatisse
|-activate|p1a: Aromatisse|Protect
|
|-heal|p1a: Aromatisse|406\/406|[from] move: Wish|[wisher] Aromatisse
|turn|5
|
|switch|p1a: Dragalge|Dragalge, M|334\/334
|-damage|p1a: Dragalge|293\/334|[from] Stealth Rock
|move|p2a: Jirachi|Trick|p1a: Dragalge
|-activate|p2a: Jirachi|move: Trick|[of] p1a: Dragalge
|-item|p1a: Dragalge|Choice Scarf|[from] move: Trick
|-item|p2a: Jirachi|Black Sludge|[from] move: Trick
|
|-damage|p2a: Jirachi|299\/341|[from] item: Black Sludge
|turn|6
|
|move|p2a: Jirachi|Trick|p1a: Dragalge
|-activate|p2a: Jirachi|move: Trick|[of] p1a: Dragalge
|-item|p1a: Dragalge|Black Sludge|[from] move: Trick
|-item|p2a: Jirachi|Choice Scarf|[from] move: Trick
|move|p1a: Dragalge|Scald|p2a: Jirachi
|-damage|p2a: Jirachi|238\/341
|
|-heal|p1a: Dragalge|313\/334|[from] item: Black Sludge
|turn|7
|join|Bob the Bro
|
|move|p2a: Jirachi|U-turn|p1a: Dragalge
|-resisted|p1a: Dragalge
|-damage|p1a: Dragalge|286\/334
|
|switch|p2a: Tentacruel|Tentacruel, M|361\/361
|move|p1a: Dragalge|Scald|p2a: Tentacruel
|-resisted|p2a: Tentacruel
|-damage|p2a: Tentacruel|335\/361
|
|-heal|p2a: Tentacruel|357\/361|[from] item: Black Sludge
|-heal|p1a: Dragalge|306\/334|[from] item: Black Sludge
|turn|8
|join|JustB1az3
|
|move|p2a: Tentacruel|Acid Spray|p1a: Dragalge
|-resisted|p1a: Dragalge
|-damage|p1a: Dragalge|290\/334
|-unboost|p1a: Dragalge|spd|2
|move|p1a: Dragalge|Toxic Spikes|p2a: Tentacruel
|-sidestart|p2: elenis|move: Toxic Spikes
|
|-heal|p2a: Tentacruel|361\/361|[from] item: Black Sludge
|-heal|p1a: Dragalge|310\/334|[from] item: Black Sludge
|turn|9
|
|move|p2a: Tentacruel|Scald|p1a: Dragalge
|-resisted|p1a: Dragalge
|-damage|p1a: Dragalge|242\/334
|-status|p1a: Dragalge|brn
|move|p1a: Dragalge|Dragon Tail|p2a: Tentacruel
|-damage|p2a: Tentacruel|339\/361
|drag|p2a: Zygarde|Zygarde|407\/407
|-status|p2a: Zygarde|psn
|-ability|p2a: Zygarde|Aura Break
|
|-heal|p1a: Dragalge|262\/334 brn|[from] item: Black Sludge
|-damage|p2a: Zygarde|357\/407 psn|[from] psn
|-damage|p1a: Dragalge|221\/334 brn|[from] brn
|turn|10
|join|DGChuck
|c|âRowDog|:)
|c|âRowDog|planned tbh
|c| Bob the Bro|reveal healing wish rachi
|c|âRowDog|ugh, no
|c|âelenis|yea ik
|join|porrtal 2
|c|âRowDog|but it probs is :\/
|c| Bob the Bro|wheres your zyggy counter tho
|c|âelenis|toxic spikes best way to deal zy
|c| porrtal 2|rowdog is that your team?
|c|âRowDog|Aromatisse
|c|âRowDog|is best I got
|c| porrtal 2|did you make the RMT?
|c| Bob the Bro|oh
|c|âRowDog|this is my RMT team yeah
|c| Bob the Bro|run whirlwind bat or something
|
|switch|p1a: Aromatisse|Aromatisse, F|406\/406
|-damage|p1a: Aromatisse|356\/406|[from] Stealth Rock
|move|p2a: Zygarde|Dragon Tail|p1a: Aromatisse
|-immune|p1a: Aromatisse|[msg]
|
|-heal|p2a: Zygarde|382\/407 psn|[from] item: Leftovers
|-damage|p2a: Zygarde|332\/407 psn|[from] psn
|turn|11
|c| porrtal 2|looked at it its nice
|c|âRowDog|Pretty sure Aroma beats it
|
|switch|p2a: Tentacruel|Tentacruel, M|339\/361
|-sideend|p2: elenis|move: Toxic Spikes|[of] p2a: Tentacruel
|move|p1a: Aromatisse|Aromatherapy|p1a: Aromatisse
|-cureteam|p1a: Aromatisse|[from] move: Aromatherapy
|
|-heal|p2a: Tentacruel|361\/361|[from] item: Black Sludge
|turn|12
|c| porrtal 2|reveal HP poison
|c|âRowDog|Wha?
|
|move|p2a: Tentacruel|Scald|p1a: Aromatisse
|-damage|p1a: Aromatisse|274\/406
|-status|p1a: Aromatisse|brn
|move|p1a: Aromatisse|Wish|p1a: Aromatisse
|
|-damage|p1a: Aromatisse|224\/406 brn|[from] brn
|turn|13
|c| Bob the Bro|rip
|
|move|p2a: Tentacruel|Acid Spray|p1a: Aromatisse
|-crit|p1a: Aromatisse
|-supereffective|p1a: Aromatisse
|-damage|p1a: Aromatisse|102\/406 brn
|-unboost|p1a: Aromatisse|spd|2
|move|p1a: Aromatisse|Aromatherapy|p1a: Aromatisse
|-cureteam|p1a: Aromatisse|[from] move: Aromatherapy
|
|-heal|p1a: Aromatisse|305\/406|[from] move: Wish|[wisher] Aromatisse
|turn|14
|c|âRowDog|gay
|join|Technosis
|c|âRowDog|double gay
|
|switch|p1a: Gastrodon|Gastrodon, M|426\/426
|-damage|p1a: Gastrodon|400\/426|[from] Stealth Rock
|move|p2a: Tentacruel|Scald|p1a: Gastrodon
|-boost|p1a: Gastrodon|spa|1|[from] ability: Storm Drain
|
|-heal|p1a: Gastrodon|426\/426|[from] item: Leftovers
|turn|15
|c|âelenis|oh you
|c| DGChuck|playz
|c|âelenis|is it dark horse?
|c| DGChuck|"thats just an average play"
|
|switch|p2a: Whimsicott|Whimsicott, M|261\/261
|move|p1a: Gastrodon|Scald|p2a: Whimsicott
|-resisted|p2a: Whimsicott
|-damage|p2a: Whimsicott|165\/261
|
|turn|16
|c|âRowDog|nah lol
|c|âRowDog|this is just my team lol
|c| DGChuck|>has blissey
|c| DGChuck|obv dark horse
|
|switch|p1a: Blissey|Blissey, F|714\/714
|-damage|p1a: Blissey|625\/714|[from] Stealth Rock
|move|p2a: Whimsicott|Psychic|p1a: Blissey
|-damage|p1a: Blissey|538\/714
|
|-heal|p1a: Blissey|582\/714|[from] item: Leftovers
|turn|17
|c|âRowDog|Iâve had DH teams with Blissey before tbh
|c|âelenis|idk the usage stats and shit
|c| DGChuck|really?
|
|switch|p2a: Sableye|Sableye, F|304\/304
|move|p1a: Blissey|Wish|p1a: Blissey
|
|-heal|p1a: Blissey|626\/714|[from] item: Leftovers
|turn|18
|c| DGChuck|did u run everything else with like 0% usage?
|
|switch|p1a: Aromatisse|Aromatisse, F|305\/406
|-damage|p1a: Aromatisse|255\/406|[from] Stealth Rock
|move|p2a: Sableye|Knock Off|p1a: Aromatisse
|-resisted|p1a: Aromatisse
|-damage|p1a: Aromatisse|228\/406
|
|-heal|p1a: Aromatisse|406\/406|[from] move: Wish|[wisher] Blissey
|turn|19
|c|âRowDog|I did have 4 DHs
|
|switch|p2a: Jirachi|Jirachi|238\/341
|move|p1a: Aromatisse|Moonblast|p2a: Jirachi
|-resisted|p2a: Jirachi
|-damage|p2a: Jirachi|180\/341
|-unboost|p2a: Jirachi|spa|1
|
|turn|20
|c|âRowDog|and this team does too :\/
|c| DGChuck|its scarf
|c| Bob the Bro|not real enuf for 5 dh monsd
|
|move|p1a: Aromatisse|Protect|p1a: Aromatisse
|-singleturn|p1a: Aromatisse|Protect
|move|p2a: Jirachi|Iron Head|p1a: Aromatisse
|-activate|p1a: Aromatisse|Protect
|
|turn|21
|
|switch|p1a: Doublade|Doublade, M|319\/319
|-damage|p1a: Doublade|300\/319|[from] Stealth Rock
|move|p2a: Jirachi|Iron Head|p1a: Doublade
|-resisted|p1a: Doublade
|-damage|p1a: Doublade|273\/319
|
|turn|22
|
|switch|p2a: Sableye|Sableye, F|304\/304
|move|p1a: Doublade|Shadow Sneak|p2a: Sableye
|-damage|p2a: Sableye|220\/304
|
|-heal|p2a: Sableye|239\/304|[from] item: Leftovers
|turn|23
|c| Bob the Bro|toxic where
|c|âRowDog|I changed that remember
|c|âRowDog|:\/
|c| Bob the Bro|oh
|
|move|p2a: Sableye|Will-O-Wisp|p1a: Doublade
|-status|p1a: Doublade|brn
|move|p1a: Doublade|Toxic|p2a: Sableye
|-status|p2a: Sableye|tox
|
|-heal|p2a: Sableye|258\/304 tox|[from] item: Leftovers
|-damage|p2a: Sableye|239\/304 tox|[from] psn
|-damage|p1a: Doublade|234\/319 brn|[from] brn
|turn|24
|c| Bob the Bro|rip
|c|âRowDog|ruse
|c| Bob the Bro|ruse\/10
|join|BenzMafia
|
|switch|p1a: Aromatisse|Aromatisse, F|406\/406
|-damage|p1a: Aromatisse|356\/406|[from] Stealth Rock
|move|p2a: Sableye|Knock Off|p1a: Aromatisse
|-resisted|p1a: Aromatisse
|-damage|p1a: Aromatisse|329\/406
|
|-heal|p2a: Sableye|258\/304 tox|[from] item: Leftovers
|-damage|p2a: Sableye|220\/304 tox|[from] psn
|turn|25
|c| porrtal 2|DH?
|c|âelenis|rip
|c| porrtal 2|didnt you change to iron head rowdog?
|c| porrtal 2|lag
|
|switch|p2a: Jirachi|Jirachi|180\/341
|move|p1a: Aromatisse|Aromatherapy|p1a: Aromatisse
|-cureteam|p1a: Aromatisse|[from] move: Aromatherapy
|
|turn|26
|c|âRowDog|I was meant to lol
|
|move|p1a: Aromatisse|Protect|p1a: Aromatisse
|-singleturn|p1a: Aromatisse|Protect
|move|p2a: Jirachi|Iron Head|p1a: Aromatisse
|-activate|p1a: Aromatisse|Protect
|
|turn|27
|
|switch|p2a: Krookodile|Krookodile, M|105\/393
|-ability|p2a: Krookodile|Intimidate|[of] p1a: Aromatisse
|-unboost|p1a: Aromatisse|atk|1
|switch|p1a: Gastrodon|Gastrodon, M|426\/426
|-damage|p1a: Gastrodon|400\/426|[from] Stealth Rock
|
|-heal|p2a: Krookodile|129\/393|[from] item: Leftovers
|-heal|p1a: Gastrodon|426\/426|[from] item: Leftovers
|turn|28
|
|move|p2a: Krookodile|Knock Off|p1a: Gastrodon
|-damage|p1a: Gastrodon|282\/426
|-enditem|p1a: Gastrodon|Leftovers|[from] move: Knock Off|[of] p2a: Krookodile
|move|p1a: Gastrodon|Scald|p2a: Krookodile
|-supereffective|p2a: Krookodile
|-damage|p2a: Krookodile|0 fnt
|faint|p2a: Krookodile
|
|
|switch|p2a: Whimsicott|Whimsicott, M|165\/261
|turn|29
|
|switch|p1a: Doublade|Doublade, M|234\/319
|-damage|p1a: Doublade|215\/319|[from] Stealth Rock
|move|p2a: Whimsicott|U-turn|p1a: Doublade
|-resisted|p1a: Doublade
|-damage|p1a: Doublade|211\/319
|c| Bob the Bro|why the fk cant we use blue gastrodon
|
|switch|p2a: Sableye|Sableye, F|220\/304 tox
|
|-heal|p2a: Sableye|239\/304 tox|[from] item: Leftovers
|-damage|p2a: Sableye|220\/304 tox|[from] psn
|turn|30
|c|âRowDog|ikr :\/
|c| Bob the Bro|blue is bae
|
|switch|p2a: Jirachi|Jirachi|180\/341
|switch|p1a: Aromatisse|Aromatisse, F|329\/406
|-damage|p1a: Aromatisse|279\/406|[from] Stealth Rock
|
|turn|31
|
|move|p1a: Aromatisse|Protect|p1a: Aromatisse
|-singleturn|p1a: Aromatisse|Protect
|move|p2a: Jirachi|Iron Head|p1a: Aromatisse
|-activate|p1a: Aromatisse|Protect
|
|turn|32
|c| Bob the Bro|are you running counter on blis yet
|c| Bob the Bro|or are you not that real
|
|switch|p1a: Blissey|Blissey, F|626\/714
|-damage|p1a: Blissey|537\/714|[from] Stealth Rock
|move|p2a: Jirachi|Iron Head|p1a: Blissey
|-damage|p1a: Blissey|320\/714
|
|-heal|p1a: Blissey|364\/714|[from] item: Leftovers
|turn|33
|c|âRowDog|this Bliss has SR
|c| Bob the Bro|weak
|
|switch|p1a: Gastrodon|Gastrodon, M|282\/426
|-damage|p1a: Gastrodon|256\/426|[from] Stealth Rock
|move|p2a: Jirachi|Iron Head|p1a: Gastrodon
|-resisted|p1a: Gastrodon
|-damage|p1a: Gastrodon|191\/426
|
|turn|34
|c|âRowDog|so I canât :\/
|
|switch|p2a: Whimsicott|Whimsicott, M|165\/261
|move|p1a: Gastrodon|Recover|p1a: Gastrodon
|-heal|p1a: Gastrodon|404\/426
|
|turn|35
|
|switch|p1a: Crobat|Crobat, M|373\/373
|-damage|p1a: Crobat|280\/373|[from] Stealth Rock
|move|p2a: Whimsicott|Giga Drain|p1a: Crobat
|-resisted|p1a: Crobat
|-damage|p1a: Crobat|237\/373
|-heal|p2a: Whimsicott|187\/261|[from] drain|[of] p1a: Crobat
|
|-heal|p1a: Crobat|260\/373|[from] item: Black Sludge
|turn|36
|c| Bob the Bro|get a forry over bat
|c| Bob the Bro|then you can
|
|switch|p2a: Tentacruel|Tentacruel, M|361\/361
|move|p1a: Crobat|Defog|p2a: Tentacruel
|-unboost|p2a: Tentacruel|evasion|1
|-sideend|p1: RowDog|Stealth Rock|[from] move: Defog|[of] p1a: Crobat
|
|-heal|p1a: Crobat|283\/373|[from] item: Black Sludge
|turn|37
|
|switch|p1a: Gastrodon|Gastrodon, M|404\/426
|move|p2a: Tentacruel|Acid Spray|p1a: Gastrodon
|-resisted|p1a: Gastrodon
|-damage|p1a: Gastrodon|384\/426
|-unboost|p1a: Gastrodon|spd|2
|
|turn|38
|c|âRowDog|but I like bat :(
|
|switch|p2a: Whimsicott|Whimsicott, M|187\/261
|move|p1a: Gastrodon|Scald|p2a: Whimsicott
|-resisted|p2a: Whimsicott
|-damage|p2a: Whimsicott|127\/261
|
|turn|39
|join|NekoNecross
|
|switch|p1a: Blissey|Blissey, F|364\/714
|move|p2a: Whimsicott|Giga Drain|p1a: Blissey
|-damage|p1a: Blissey|244\/714
|-heal|p2a: Whimsicott|187\/261|[from] drain|[of] p1a: Blissey
|
|-heal|p1a: Blissey|288\/714|[from] item: Leftovers
|turn|40
|
|move|p2a: Whimsicott|Giga Drain|p1a: Blissey
|-crit|p1a: Blissey
|-damage|p1a: Blissey|114\/714
|-heal|p2a: Whimsicott|261\/261|[from] drain|[of] p1a: Blissey
|move|p1a: Blissey|Soft-Boiled|p1a: Blissey
|-heal|p1a: Blissey|471\/714
|
|-heal|p1a: Blissey|515\/714|[from] item: Leftovers
|turn|41
|
|switch|p2a: Jirachi|Jirachi|180\/341
|move|p1a: Blissey|Wish|p1a: Blissey
|
|-heal|p1a: Blissey|559\/714|[from] item: Leftovers
|turn|42
|
|switch|p1a: Dragalge|Dragalge, M|221\/334
|move|p2a: Jirachi|Trick|p1a: Dragalge
|-activate|p2a: Jirachi|move: Trick|[of] p1a: Dragalge
|-item|p1a: Dragalge|Choice Scarf|[from] move: Trick
|-item|p2a: Jirachi|Black Sludge|[from] move: Trick
|
|-heal|p1a: Dragalge|334\/334|[from] move: Wish|[wisher] Blissey
|-damage|p2a: Jirachi|138\/341|[from] item: Black Sludge
|turn|43
|c| Bob the Bro|does quag get rocks in oras
|
|move|p2a: Jirachi|U-turn|p1a: Dragalge
|-resisted|p1a: Dragalge
|-damage|p1a: Dragalge|306\/334
|c| Technosis|I don't think so...
|c|âRowDog|Quagsire?
|c| Bob the Bro|sad
|
|switch|p2a: Whimsicott|Whimsicott, M|261\/261
|move|p1a: Dragalge|Scald|p2a: Whimsicott
|-resisted|p2a: Whimsicott
|-damage|p2a: Whimsicott|220\/261
|
|turn|44
|c| Bob the Bro|y
|c| Technosis|I know barbacle does tho
|
|move|p2a: Whimsicott|Moonblast|p1a: Dragalge
|-damage|p1a: Dragalge|158\/334
|-unboost|p1a: Dragalge|spa|1
|move|p1a: Dragalge|Scald|p2a: Whimsicott
|-resisted|p2a: Whimsicott
|-damage|p2a: Whimsicott|190\/261
|
|turn|45
|c| NekoNecross|\/\/ weak dragalge
|c| Bob the Bro|+Bob the Bro: scald burn likelihood increases with skill level
|c| NekoNecross|oops
|
|switch|p2a: Sableye|Sableye, F|220\/304 tox
|switch|p1a: Crobat|Crobat, M|283\/373
|
|-heal|p1a: Crobat|306\/373|[from] item: Black Sludge
|-heal|p2a: Sableye|239\/304 tox|[from] item: Leftovers
|-damage|p2a: Sableye|220\/304 tox|[from] psn
|turn|46
|c|âRowDog|its a bloody non-stab not very effective Scald
|c| Bob the Bro|quag would be so gud if it got rocks tbh
|c|âRowDog|what did you expect?
|
|switch|p1a: Blissey|Blissey, F|559\/714
|move|p2a: Sableye|Will-O-Wisp|p1a: Blissey
|-status|p1a: Blissey|brn
|
|-heal|p1a: Blissey|603\/714 brn|[from] item: Leftovers
|-heal|p2a: Sableye|239\/304 tox|[from] item: Leftovers
|-damage|p1a: Blissey|514\/714 brn|[from] brn
|-damage|p2a: Sableye|201\/304 tox|[from] psn
|turn|47
|leave|porrtal 2
|
|switch|p1a: Aromatisse|Aromatisse, F|279\/406
|switch|p2a: Jirachi|Jirachi|138\/341
|
|-damage|p2a: Jirachi|96\/341|[from] item: Black Sludge
|turn|48
|
|move|p1a: Aromatisse|Protect|p1a: Aromatisse
|-singleturn|p1a: Aromatisse|Protect
|move|p2a: Jirachi|Trick|p1a: Aromatisse
|-activate|p1a: Aromatisse|Protect
|
|-damage|p2a: Jirachi|54\/341|[from] item: Black Sludge
|turn|49
|
|switch|p1a: Crobat|Crobat, M|306\/373
|move|p2a: Jirachi|Healing Wish|p2a: Jirachi
|faint|p2a: Jirachi
|
|-heal|p1a: Crobat|329\/373|[from] item: Black Sludge
|
|switch|p2a: Zygarde|Zygarde|332\/407 psn
|-heal|p2a: Zygarde|407\/407|[from] move: Healing Wish
|-ability|p2a: Zygarde|Aura Break
|turn|50
|c|âelenis|that inf toxic tho
|
|switch|p2a: Sableye|Sableye, F|201\/304 tox
|move|p1a: Crobat|Taunt|p2a: Sableye
|-start|p2a: Sableye|move: Taunt
|
|-heal|p1a: Crobat|352\/373|[from] item: Black Sludge
|-heal|p2a: Sableye|220\/304 tox|[from] item: Leftovers
|-damage|p2a: Sableye|201\/304 tox|[from] psn
|turn|51
|
|move|p1a: Crobat|Brave Bird|p2a: Sableye
|-damage|p2a: Sableye|21\/304 tox
|-damage|p1a: Crobat|293\/373|[from] recoil|[of] p2a: Sableye
|move|p2a: Sableye|Knock Off|p1a: Crobat
|-damage|p1a: Crobat|175\/373
|-enditem|p1a: Crobat|Black Sludge|[from] move: Knock Off|[of] p2a: Sableye
|
|-heal|p2a: Sableye|40\/304 tox|[from] item: Leftovers
|-damage|p2a: Sableye|2\/304 tox|[from] psn
|turn|52
|
|switch|p2a: Tentacruel|Tentacruel, M|361\/361
|move|p1a: Crobat|Roost|p1a: Crobat
|-heal|p1a: Crobat|362\/373
|
|turn|53
|
|switch|p1a: Gastrodon|Gastrodon, M|384\/426
|move|p2a: Tentacruel|Toxic Spikes|p1a: Gastrodon
|-sidestart|p1: RowDog|move: Toxic Spikes
|
|turn|54
|
|switch|p2a: Whimsicott|Whimsicott, M|190\/261
|move|p1a: Gastrodon|Scald|p2a: Whimsicott
|-resisted|p2a: Whimsicott
|-damage|p2a: Whimsicott|125\/261
|
|turn|55
|
|switch|p1a: Doublade|Doublade, M|211\/319
|move|p2a: Whimsicott|Psychic|p1a: Doublade
|-resisted|p1a: Doublade
|-damage|p1a: Doublade|146\/319
|
|turn|56
|
|switch|p2a: Tentacruel|Tentacruel, M|361\/361
|switch|p1a: Dragalge|Dragalge, M|158\/334
|-sideend|p1: RowDog|move: Toxic Spikes|[of] p1a: Dragalge
|
|turn|57
|
|switch|p1a: Gastrodon|Gastrodon, M|384\/426
|move|p2a: Tentacruel|Toxic Spikes|p1a: Gastrodon
|-sidestart|p1: RowDog|move: Toxic Spikes
|
|turn|58
|
|switch|p2a: Whimsicott|Whimsicott, M|125\/261
|move|p1a: Gastrodon|Scald|p2a: Whimsicott
|-resisted|p2a: Whimsicott
|-damage|p2a: Whimsicott|58\/261
|
|turn|59
|c|âRowDog|gimme burn
|c|âRowDog|fgts
|
|switch|p1a: Crobat|Crobat, M|362\/373
|move|p2a: Whimsicott|Psychic|p1a: Crobat
|-supereffective|p1a: Crobat
|-damage|p1a: Crobat|112\/373
|
|turn|60
|
|switch|p1a: Blissey|Blissey, F|514\/714
|-status|p1a: Blissey|psn
|switch|p2a: Tentacruel|Tentacruel, M|361\/361
|
|-heal|p1a: Blissey|558\/714 psn|[from] item: Leftovers
|-damage|p1a: Blissey|469\/714 psn|[from] psn
|turn|61
|c| Bob the Bro|+Bob the Bro: scald burn likelihood increases with skill level
|c| Bob the Bro|you get it when you git gud
|
|switch|p2a: Sableye|Sableye, F|2\/304 tox
|move|p1a: Blissey|Wish|p1a: Blissey
|
|-heal|p1a: Blissey|513\/714 psn|[from] item: Leftovers
|-heal|p2a: Sableye|21\/304 tox|[from] item: Leftovers
|-damage|p1a: Blissey|424\/714 psn|[from] psn
|-damage|p2a: Sableye|2\/304 tox|[from] psn
|turn|62
|
|switch|p1a: Dragalge|Dragalge, M|158\/334
|-sideend|p1: RowDog|move: Toxic Spikes|[of] p1a: Dragalge
|move|p2a: Sableye|Recover|p2a: Sableye
|-heal|p2a: Sableye|154\/304 tox
|
|-heal|p1a: Dragalge|334\/334|[from] move: Wish|[wisher] Blissey
|-heal|p2a: Sableye|173\/304 tox|[from] item: Leftovers
|-damage|p2a: Sableye|135\/304 tox|[from] psn
|turn|63
|
|move|p2a: Sableye|Will-O-Wisp|p1a: Dragalge
|-status|p1a: Dragalge|brn
|move|p1a: Dragalge|Toxic Spikes|p2a: Sableye
|-sidestart|p2: elenis|move: Toxic Spikes
|
|-heal|p2a: Sableye|154\/304 tox|[from] item: Leftovers
|-damage|p1a: Dragalge|293\/334 brn|[from] brn
|-damage|p2a: Sableye|97\/304 tox|[from] psn
|turn|64
|join|watfor
|
|switch|p1a: Gastrodon|Gastrodon, M|384\/426
|move|p2a: Sableye|Recover|p2a: Sableye
|-heal|p2a: Sableye|249\/304 tox
|
|-heal|p2a: Sableye|268\/304 tox|[from] item: Leftovers
|-damage|p2a: Sableye|192\/304 tox|[from] psn
|turn|65
|c| Bob the Bro|oml its wot5
|c| NekoNecross|+NekoNekross: scald burn likelihood increases with skill level
|c| watfor|hi frens
|c|âRowDog|hi buddy n_n
|c| watfor|oml it is rowbob
|c| RowBob|kek
|
|switch|p2a: Whimsicott|Whimsicott, M|58\/261
|-status|p2a: Whimsicott|psn
|switch|p1a: Dragalge|Dragalge, M|293\/334 brn
|
|-damage|p2a: Whimsicott|26\/261 psn|[from] psn
|-damage|p1a: Dragalge|252\/334 brn|[from] brn
|turn|66
|c| NekoNecross|:I
|c| Bob the Bro|pls i dont want to be associated with this pleb
|
|switch|p1a: Aromatisse|Aromatisse, F|279\/406
|move|p2a: Whimsicott|Psychic|p1a: Aromatisse
|-damage|p1a: Aromatisse|163\/406
|
|-damage|p2a: Whimsicott|0 fnt|[from] psn
|faint|p2a: Whimsicott
|
|switch|p2a: Tentacruel|Tentacruel, M|361\/361
|-sideend|p2: elenis|move: Toxic Spikes|[of] p2a: Tentacruel
|turn|67
|
|switch|p1a: Blissey|Blissey, F|424\/714
|move|p2a: Tentacruel|Acid Spray|p1a: Blissey
|-crit|p1a: Blissey
|-damage|p1a: Blissey|373\/714
|-unboost|p1a: Blissey|spd|2
|
|-heal|p1a: Blissey|417\/714|[from] item: Leftovers
|turn|68
|c| Bob the Bro|wow crit
|c| NekoNecross|who art ya calling a pleb
|
|switch|p2a: Zygarde|Zygarde|407\/407
|-ability|p2a: Zygarde|Aura Break
|move|p1a: Blissey|Wish|p1a: Blissey
|
|-heal|p1a: Blissey|461\/714|[from] item: Leftovers
|turn|69
|
|switch|p1a: Aromatisse|Aromatisse, F|163\/406
|move|p2a: Zygarde|Substitute|p2a: Zygarde
|-start|p2a: Zygarde|Substitute
|-damage|p2a: Zygarde|306\/407
|
|-heal|p1a: Aromatisse|406\/406|[from] move: Wish|[wisher] Blissey
|-heal|p2a: Zygarde|331\/407|[from] item: Leftovers
|turn|70
|c| Bob the Bro|oh so that thing did have healing wish
|c|âRowDog|yeah
|
|move|p2a: Zygarde|Coil|p2a: Zygarde
|-boost|p2a: Zygarde|atk|1
|-boost|p2a: Zygarde|def|1
|-boost|p2a: Zygarde|accuracy|1
|move|p1a: Aromatisse|Moonblast|p2a: Zygarde
|-supereffective|p2a: Zygarde
|-end|p2a: Zygarde|Substitute
|
|-heal|p2a: Zygarde|356\/407|[from] item: Leftovers
|turn|71
|
|move|p2a: Zygarde|Earthquake|p1a: Aromatisse
|-damage|p1a: Aromatisse|240\/406
|move|p1a: Aromatisse|Moonblast|p2a: Zygarde
|-supereffective|p2a: Zygarde
|-damage|p2a: Zygarde|194\/407
|
|-heal|p2a: Zygarde|219\/407|[from] item: Leftovers
|turn|72
|c| Bob the Bro|whirlwind bat go
|
|move|p2a: Zygarde|Earthquake|p1a: Aromatisse
|-damage|p1a: Aromatisse|86\/406
|move|p1a: Aromatisse|Moonblast|p2a: Zygarde
|-supereffective|p2a: Zygarde
|-damage|p2a: Zygarde|51\/407
|
|-heal|p2a: Zygarde|76\/407|[from] item: Leftovers
|turn|73
|c| Bob the Bro|fkn balk
|
|switch|p1a: Crobat|Crobat, M|112\/373
|move|p2a: Zygarde|Earthquake|p1a: Crobat
|-immune|p1a: Crobat|[msg]
|
|-heal|p2a: Zygarde|101\/407|[from] item: Leftovers
|turn|74
|c| Technosis|toxic infiltrator bat if real
|c|âelenis|almost click dtail 
|c|âelenis|gg
|
|switch|p2a: Sableye|Sableye, F|192\/304 tox
|move|p1a: Crobat|Taunt|p2a: Sableye
|-start|p2a: Sableye|move: Taunt
|
|-heal|p2a: Sableye|211\/304 tox|[from] item: Leftovers
|-damage|p2a: Sableye|192\/304 tox|[from] psn
|turn|75
|
|move|p1a: Crobat|Roost|p1a: Crobat
|-heal|p1a: Crobat|299\/373
|move|p2a: Sableye|Knock Off|p1a: Crobat
|-damage|p1a: Crobat|227\/373
|
|-heal|p2a: Sableye|211\/304 tox|[from] item: Leftovers
|-damage|p2a: Sableye|173\/304 tox|[from] psn
|turn|76
|c|âelenis|god i h8 u
|c|âRowDog|:(
|
|switch|p2a: Tentacruel|Tentacruel, M|361\/361
|move|p1a: Crobat|Brave Bird|p2a: Tentacruel
|-damage|p2a: Tentacruel|234\/361
|-damage|p1a: Crobat|185\/373|[from] recoil|[of] p2a: Tentacruel
|
|-heal|p2a: Tentacruel|256\/361|[from] item: Black Sludge
|turn|77
|c|âelenis|jk great plays
|c|âelenis|6-0
|
|switch|p1a: Gastrodon|Gastrodon, M|384\/426
|move|p2a: Tentacruel|Scald|p1a: Gastrodon
|-boost|p1a: Gastrodon|spa|1|[from] ability: Storm Drain
|
|-heal|p2a: Tentacruel|278\/361|[from] item: Black Sludge
|turn|78
|
|move|p2a: Tentacruel|Acid Spray|p1a: Gastrodon
|-resisted|p1a: Gastrodon
|-damage|p1a: Gastrodon|365\/426
|-unboost|p1a: Gastrodon|spd|2
|move|p1a: Gastrodon|Earthquake|p2a: Tentacruel
|-supereffective|p2a: Tentacruel
|-damage|p2a: Tentacruel|92\/361
|
|-heal|p2a: Tentacruel|114\/361|[from] item: Black Sludge
|turn|79
|
|move|p2a: Tentacruel|Acid Spray|p1a: Gastrodon
|-resisted|p1a: Gastrodon
|-damage|p1a: Gastrodon|325\/426
|-unboost|p1a: Gastrodon|spd|2
|move|p1a: Gastrodon|Earthquake|p2a: Tentacruel
|-supereffective|p2a: Tentacruel
|-damage|p2a: Tentacruel|0 fnt
|faint|p2a: Tentacruel
|
|
|switch|p2a: Sableye|Sableye, F|173\/304 tox
|turn|80
|
|move|p2a: Sableye|Will-O-Wisp|p1a: Gastrodon
|-status|p1a: Gastrodon|brn
|move|p1a: Gastrodon|Scald|p2a: Sableye
|-damage|p2a: Sableye|41\/304 tox
|
|-heal|p2a: Sableye|60\/304 tox|[from] item: Leftovers
|-damage|p2a: Sableye|41\/304 tox|[from] psn
|-damage|p1a: Gastrodon|272\/426 brn|[from] brn
|turn|81
|
|move|p2a: Sableye|Knock Off|p1a: Gastrodon
|-damage|p1a: Gastrodon|203\/426 brn
|move|p1a: Gastrodon|Recover|p1a: Gastrodon
|-heal|p1a: Gastrodon|416\/426 brn
|
|-heal|p2a: Sableye|60\/304 tox|[from] item: Leftovers
|-damage|p2a: Sableye|22\/304 tox|[from] psn
|-damage|p1a: Gastrodon|363\/426 brn|[from] brn
|turn|82
|
|move|p2a: Sableye|Recover|p2a: Sableye
|-heal|p2a: Sableye|174\/304 tox
|move|p1a: Gastrodon|Scald|p2a: Sableye
|-damage|p2a: Sableye|57\/304 tox
|
|-heal|p2a: Sableye|76\/304 tox|[from] item: Leftovers
|-damage|p2a: Sableye|19\/304 tox|[from] psn
|-damage|p1a: Gastrodon|310\/426 brn|[from] brn
|turn|83
|
|move|p2a: Sableye|Taunt|p1a: Gastrodon
|-start|p1a: Gastrodon|move: Taunt
|move|p1a: Gastrodon|Scald|p2a: Sableye
|-damage|p2a: Sableye|0 fnt
|faint|p2a: Sableye
|
|-damage|p1a: Gastrodon|257\/426 brn|[from] brn
|
|switch|p2a: Zygarde|Zygarde|101\/407
|-ability|p2a: Zygarde|Aura Break
|turn|84
|c| Bob the Bro|frens dont 6-0 frens
|
|move|p2a: Zygarde|Earthquake|p1a: Gastrodon
|-damage|p1a: Gastrodon|139\/426 brn
|move|p1a: Gastrodon|Scald|p2a: Zygarde
|-damage|p2a: Zygarde|10\/407
|
|-heal|p2a: Zygarde|35\/407|[from] item: Leftovers
|-damage|p1a: Gastrodon|86\/426 brn|[from] brn
|turn|85
|c|âRowDog|well I only just met elenis
|c| NekoNecross|u can forfeit here 
|c|âelenis|cant say we r friens
|c| NekoNecross|6\/1
|
|move|p2a: Zygarde|Earthquake|p1a: Gastrodon
|-damage|p1a: Gastrodon|0 fnt
|faint|p1a: Gastrodon
|
|-heal|p2a: Zygarde|60\/407|[from] item: Leftovers
|c| NekoNecross|oh
|c| Bob the Bro|nb
|c|âelenis|oh yea
|
|switch|p1a: Crobat|Crobat, M|185\/373
|turn|86
|
|move|p1a: Crobat|Brave Bird|p2a: Zygarde
|-damage|p2a: Zygarde|0 fnt
|-damage|p1a: Crobat|165\/373|[from] recoil|[of] p2a: Zygarde
|faint|p2a: Zygarde
|
|win|RowDog
|raw|Ladder updating...
|raw|RowDog's rating: 1618 &rarr; <strong>1632<\/strong><br \/>(+14 for winning)
|raw|elenis's rating: 1508 &rarr; <strong>1494<\/strong><br \/>(-14 for losing)
|c| Bob the Bro|real gentleman
|c|âRowDog|gg
|c|âelenis|gg 
|leave|NekoNecross
|leave|elenis
|player|p2
|leave|Technosis
|leave|Bob the Bro