|join|RowDog
|join|Scribbleking
|player|p1|RowDog|80
|player|p2|Scribbleking|222
|gametype|singles
|gen|6
|tier|UU
|rated
|rule|Sleep Clause Mod: Limit one foe put to sleep
|rule|Species Clause: Limit one of each PokÃ©mon
|rule|OHKO Clause: OHKO moves are banned
|rule|Moody Clause: Moody is banned
|rule|Evasion Moves Clause: Evasion moves are banned
|rule|Endless Battle Clause: Forcing endless battles is banned
|rule|HP Percentage Mod: HP is shown in percentages
|clearpoke
|poke|p1|Tentacruel, F
|poke|p1|Chesnaught, F
|poke|p1|Aggron, M
|poke|p1|Florges, F
|poke|p1|Goodra, F
|poke|p1|Gastrodon, F
|poke|p2|Infernape, F
|poke|p2|Metagross
|poke|p2|Blissey, F
|poke|p2|Cofagrigus, F
|poke|p2|Blastoise, F
|poke|p2|Hydreigon, M
|rule|Swagger Clause: Swagger is banned
|rule|Baton Pass Clause: Limit one PokÃ©mon knowing Baton Pass
|teampreview
|join|waiv
|
|start
|switch|p1a: Tentacruel|Tentacruel, F|363\/363
|switch|p2a: Metagross|Metagross|364\/364
|turn|1
|c| waiv|probs
|c| waiv|cause ur high ladder
|c|âRowDog|nah, it was actually stopping the search
|c| waiv|it took too long to find
|c| waiv|oh
|c|âRowDog|and telling me that there was a connection failure
|
|switch|p1a: Chesnaught|Chesnaught, F|380\/380
|move|p2a: Metagross|Earthquake|p1a: Chesnaught
|-resisted|p1a: Chesnaught
|-damage|p1a: Chesnaught|336\/380
|
|-heal|p1a: Chesnaught|359\/380|[from] item: Leftovers
|turn|2
|
|switch|p2a: Cofagrigus|Cofagrigus, F|320\/320
|move|p1a: Chesnaught|Spikes|p2a: Cofagrigus
|-sidestart|p2: Scribbleking|Spikes
|
|-heal|p1a: Chesnaught|380\/380|[from] item: Leftovers
|turn|3
|
|move|p1a: Chesnaught|Spikes|p2a: Cofagrigus
|-sidestart|p2: Scribbleking|Spikes
|move|p2a: Cofagrigus|Toxic|p1a: Chesnaught
|-status|p1a: Chesnaught|tox
|
|-damage|p1a: Chesnaught|357\/380 tox|[from] psn
|turn|4
|
|switch|p1a: Aggron|Aggron, M|344\/344
|move|p2a: Cofagrigus|Hex|p1a: Aggron
|-damage|p1a: Aggron|274\/344
|
|turn|5
|
|switch|p2a: Metagross|Metagross|364\/364
|-damage|p2a: Metagross|304\/364|[from] Spikes
|detailschange|p1a: Aggron|Aggron-Mega, M
|message|Aggron has Mega Evolved into Mega Aggron!
|move|p1a: Aggron|Stealth Rock|p2a: Metagross
|-sidestart|p2: Scribbleking|move: Stealth Rock
|
|turn|6
|
|move|p2a: Metagross|Earthquake|p1a: Aggron
|-supereffective|p1a: Aggron
|-damage|p1a: Aggron|175\/344
|move|p1a: Aggron|Earthquake|p2a: Metagross
|-supereffective|p2a: Metagross
|-damage|p2a: Metagross|130\/364
|-enditem|p2a: Metagross|Weakness Policy
|-boost|p2a: Metagross|atk|2|[from] item: Weakness Policy
|-boost|p2a: Metagross|spa|2|[from] item: Weakness Policy
|
|turn|7
|c|âRowDog|kek
|
|move|p2a: Metagross|Earthquake|p1a: Aggron
|-supereffective|p1a: Aggron
|-damage|p1a: Aggron|0 fnt
|faint|p1a: Aggron
|
|
|switch|p1a: Chesnaught|Chesnaught, F|357\/380 tox
|turn|8
|
|move|p2a: Metagross|Agility|p2a: Metagross
|-boost|p2a: Metagross|spe|2
|move|p1a: Chesnaught|Roar|p2a: Metagross
|drag|p2a: Hydreigon|Hydreigon, M|325\/325
|-damage|p2a: Hydreigon|285\/325|[from] Stealth Rock
|
|-heal|p1a: Chesnaught|380\/380 tox|[from] item: Leftovers
|-damage|p1a: Chesnaught|357\/380 tox|[from] psn
|turn|9
|
|switch|p1a: Florges|Florges, F|360\/360
|move|p2a: Hydreigon|Flamethrower|p1a: Florges
|-damage|p1a: Florges|295\/360
|-status|p1a: Florges|brn
|
|-heal|p1a: Florges|317\/360 brn|[from] item: Leftovers
|-damage|p1a: Florges|272\/360 brn|[from] brn
|turn|10
|
|switch|p2a: Metagross|Metagross|130\/364
|-damage|p2a: Metagross|108\/364|[from] Stealth Rock
|-damage|p2a: Metagross|48\/364|[from] Spikes
|move|p1a: Florges|Aromatherapy|p1a: Florges
|-cureteam|p1a: Florges|[from] move: Aromatherapy
|
|-heal|p1a: Florges|294\/360|[from] item: Leftovers
|turn|11
|
|switch|p1a: Chesnaught|Chesnaught, F|357\/380
|move|p2a: Metagross|Meteor Mash|p1a: Chesnaught
|-damage|p1a: Chesnaught|251\/380
|
|-heal|p1a: Chesnaught|274\/380|[from] item: Leftovers
|turn|12
|
|move|p1a: Chesnaught|Spiky Shield|p1a: Chesnaught
|-singleturn|p1a: Chesnaught|move: Protect
|move|p2a: Metagross|Earthquake|p1a: Chesnaught
|-activate|p1a: Chesnaught|move: Protect
|
|-heal|p1a: Chesnaught|297\/380|[from] item: Leftovers
|turn|13
|
|move|p2a: Metagross|Earthquake|p1a: Chesnaught
|-resisted|p1a: Chesnaught
|-damage|p1a: Chesnaught|257\/380
|move|p1a: Chesnaught|Roar|p2a: Metagross
|drag|p2a: Hydreigon|Hydreigon, M|285\/325
|-damage|p2a: Hydreigon|245\/325|[from] Stealth Rock
|
|-heal|p1a: Chesnaught|280\/380|[from] item: Leftovers
|turn|14
|
|move|p1a: Chesnaught|Spiky Shield|p1a: Chesnaught
|-singleturn|p1a: Chesnaught|move: Protect
|move|p2a: Hydreigon|Flash Cannon|p1a: Chesnaught
|-activate|p1a: Chesnaught|move: Protect
|
|-heal|p1a: Chesnaught|303\/380|[from] item: Leftovers
|turn|15
|
|move|p2a: Hydreigon|Flash Cannon|p1a: Chesnaught
|-damage|p1a: Chesnaught|192\/380
|move|p1a: Chesnaught|Spikes|p2a: Hydreigon
|-sidestart|p2: Scribbleking|Spikes
|
|-heal|p1a: Chesnaught|215\/380|[from] item: Leftovers
|turn|16
|
|switch|p2a: Cofagrigus|Cofagrigus, F|320\/320
|-damage|p2a: Cofagrigus|240\/320|[from] Spikes
|-damage|p2a: Cofagrigus|200\/320|[from] Stealth Rock
|move|p1a: Chesnaught|Spiky Shield|p1a: Chesnaught
|-fail|p1a: Chesnaught
|
|-heal|p1a: Chesnaught|238\/380|[from] item: Leftovers
|-heal|p2a: Cofagrigus|220\/320|[from] item: Leftovers
|turn|17
|join|Super Mario Kek
|
|move|p1a: Chesnaught|Seed Bomb|p2a: Cofagrigus
|-damage|p2a: Cofagrigus|163\/320
|move|p2a: Cofagrigus|Pain Split|p1a: Chesnaught
|-sethp|p1a: Chesnaught|200\/380|p2a: Cofagrigus|200\/320|[from] move: Pain Split
|
|-heal|p1a: Chesnaught|223\/380|[from] item: Leftovers
|-heal|p2a: Cofagrigus|220\/320|[from] item: Leftovers
|turn|18
|
|switch|p1a: Tentacruel|Tentacruel, F|363\/363
|move|p2a: Cofagrigus|Toxic|p1a: Tentacruel
|-fail|p1a: Tentacruel
|
|-heal|p2a: Cofagrigus|240\/320|[from] item: Leftovers
|turn|19
|leave|Super Mario Kek
|
|switch|p2a: Metagross|Metagross|48\/364
|-damage|p2a: Metagross|26\/364|[from] Stealth Rock
|-damage|p2a: Metagross|0 fnt|[from] Spikes
|faint|p2a: Metagross
|move|p1a: Tentacruel|Scald|p2: Metagross|[notarget]
|-notarget
|
|
|switch|p2a: Blissey|Blissey, F|714\/714
|-damage|p2a: Blissey|625\/714|[from] Stealth Rock
|-damage|p2a: Blissey|447\/714|[from] Spikes
|turn|20
|
|move|p1a: Tentacruel|Toxic Spikes|p2a: Blissey
|-sidestart|p2: Scribbleking|move: Toxic Spikes
|move|p2a: Blissey|Seismic Toss|p1a: Tentacruel
|-damage|p1a: Tentacruel|263\/363
|
|-heal|p1a: Tentacruel|285\/363|[from] item: Black Sludge
|-heal|p2a: Blissey|491\/714|[from] item: Leftovers
|turn|21
|
|move|p1a: Tentacruel|Acid Spray|p2a: Blissey
|-damage|p2a: Blissey|466\/714
|-unboost|p2a: Blissey|spd|2
|move|p2a: Blissey|Wish|p2a: Blissey
|
|-heal|p1a: Tentacruel|307\/363|[from] item: Black Sludge
|-heal|p2a: Blissey|510\/714|[from] item: Leftovers
|turn|22
|
|move|p1a: Tentacruel|Acid Spray|p2a: Blissey
|-damage|p2a: Blissey|464\/714
|-unboost|p2a: Blissey|spd|2
|move|p2a: Blissey|Seismic Toss|p1a: Tentacruel
|-damage|p1a: Tentacruel|207\/363
|
|-heal|p2a: Blissey|714\/714|[from] move: Wish|[wisher] Blissey
|-heal|p1a: Tentacruel|229\/363|[from] item: Black Sludge
|turn|23
|
|switch|p1a: Goodra|Goodra, F|373\/373
|switch|p2a: Blastoise|Blastoise, F|362\/362
|-damage|p2a: Blastoise|317\/362|[from] Stealth Rock
|-damage|p2a: Blastoise|227\/362|[from] Spikes
|-status|p2a: Blastoise|psn
|
|-damage|p2a: Blastoise|182\/362 psn|[from] psn
|turn|24
|leave|waiv
|
|detailschange|p2a: Blastoise|Blastoise-Mega, F
|message|Blastoise has Mega Evolved into Mega Blastoise!
|move|p1a: Goodra|Power Whip|p2a: Blastoise
|-supereffective|p2a: Blastoise
|-damage|p2a: Blastoise|0 fnt
|faint|p2a: Blastoise
|
|
|switch|p2a: Hydreigon|Hydreigon, M|245\/325
|-damage|p2a: Hydreigon|205\/325|[from] Stealth Rock
|turn|25
|
|switch|p1a: Florges|Florges, F|294\/360
|move|p2a: Hydreigon|Flash Cannon|p1a: Florges
|-supereffective|p1a: Florges
|-damage|p1a: Florges|178\/360
|
|-heal|p1a: Florges|200\/360|[from] item: Leftovers
|turn|26
|
|move|p2a: Hydreigon|Flash Cannon|p1a: Florges
|-supereffective|p1a: Florges
|-damage|p1a: Florges|70\/360
|move|p1a: Florges|Wish|p1a: Florges
|
|-heal|p1a: Florges|92\/360|[from] item: Leftovers
|turn|27
|
|move|p1a: Florges|Protect|p1a: Florges
|-singleturn|p1a: Florges|Protect
|move|p2a: Hydreigon|Flash Cannon|p1a: Florges
|-activate|p1a: Florges|Protect
|
|-heal|p1a: Florges|272\/360|[from] move: Wish|[wisher] Florges
|-heal|p1a: Florges|294\/360|[from] item: Leftovers
|turn|28
|
|move|p2a: Hydreigon|Flash Cannon|p1a: Florges
|-supereffective|p1a: Florges
|-damage|p1a: Florges|176\/360
|move|p1a: Florges|Moonblast|p2a: Hydreigon
|-crit|p2a: Hydreigon
|-supereffective|p2a: Hydreigon
|-damage|p2a: Hydreigon|0 fnt
|faint|p2a: Hydreigon
|
|-heal|p1a: Florges|198\/360|[from] item: Leftovers
|
|switch|p2a: Infernape|Infernape, F|293\/293
|-damage|p2a: Infernape|220\/293|[from] Spikes
|-damage|p2a: Infernape|184\/293|[from] Stealth Rock
|-status|p2a: Infernape|psn
|turn|29
|join|waiv
|
|move|p1a: Florges|Protect|p1a: Florges
|-singleturn|p1a: Florges|Protect
|move|p2a: Infernape|Close Combat|p1a: Florges
|-activate|p1a: Florges|Protect
|
|-heal|p1a: Florges|220\/360|[from] item: Leftovers
|-damage|p2a: Infernape|148\/293 psn|[from] psn
|turn|30
|c| waiv|hi again
|
|switch|p1a: Tentacruel|Tentacruel, F|229\/363
|move|p2a: Infernape|Overheat|p1a: Tentacruel
|-resisted|p1a: Tentacruel
|-damage|p1a: Tentacruel|143\/363
|-unboost|p2a: Infernape|spa|2
|-damage|p2a: Infernape|119\/293 psn|[from] item: Life Orb
|
|-heal|p1a: Tentacruel|165\/363|[from] item: Black Sludge
|-damage|p2a: Infernape|83\/293 psn|[from] psn
|turn|31
|c|âRowDog|n_n
|
|move|p2a: Infernape|Close Combat|p1a: Tentacruel
|-resisted|p1a: Tentacruel
|-damage|p1a: Tentacruel|45\/363
|-unboost|p2a: Infernape|def|1
|-unboost|p2a: Infernape|spd|1
|-damage|p2a: Infernape|54\/293 psn|[from] item: Life Orb
|move|p1a: Tentacruel|Toxic Spikes|p2a: Infernape
|-sidestart|p2: Scribbleking|move: Toxic Spikes
|
|-heal|p1a: Tentacruel|67\/363|[from] item: Black Sludge
|-damage|p2a: Infernape|18\/293 psn|[from] psn
|turn|32
|
|move|p2a: Infernape|Close Combat|p1a: Tentacruel
|-resisted|p1a: Tentacruel
|-damage|p1a: Tentacruel|0 fnt
|-unboost|p2a: Infernape|def|1
|-unboost|p2a: Infernape|spd|1
|-damage|p2a: Infernape|0 fnt|[from] item: Life Orb
|faint|p1a: Tentacruel
|faint|p2a: Infernape
|
|c|âRowDog|max hazards
|c|âRowDog|besides Sticky Web
|
|switch|p1a: Goodra|Goodra, F|373\/373
|switch|p2a: Cofagrigus|Cofagrigus, F|240\/320
|-damage|p2a: Cofagrigus|200\/320|[from] Stealth Rock
|-damage|p2a: Cofagrigus|120\/320|[from] Spikes
|-status|p2a: Cofagrigus|tox
|turn|33
|
|move|p1a: Goodra|Outrage|p2a: Cofagrigus
|-damage|p2a: Cofagrigus|0 fnt
|-endability|p1a: Goodra|sapsipper|[from] Mummy
|-ability|p1a: Goodra|Mummy|[from] Mummy
|faint|p2a: Cofagrigus
|
|c|âScribbleking|gg
|-message|Scribbleking forfeited.
|
|win|RowDog
|raw|Ladder updating...
|leave|Scribbleking
|c|âRowDog|gg
|player|p2
|raw|RowDog's rating: 1595 &rarr; <strong>1601<\/strong><br \/>(+6 for winning)
|raw|Scribbleking's rating: 1303 &rarr; <strong>1297<\/strong><br \/>(-6 for losing)
|c|âRowDog|lol