|join|RowDog
|join|Foolonthehill
|player|p1|RowDog|80
|player|p2|Foolonthehill|66
|gametype|singles
|gen|6
|tier|UU
|rated
|rule|Sleep Clause Mod: Limit one foe put to sleep
|rule|Species Clause: Limit one of each PokÃ©mon
|rule|OHKO Clause: OHKO moves are banned
|rule|Moody Clause: Moody is banned
|rule|Evasion Moves Clause: Evasion moves are banned
|rule|Endless Battle Clause: Forcing endless battles is banned
|rule|HP Percentage Mod: HP is shown in percentages
|clearpoke
|poke|p1|Aromatisse, F
|poke|p1|Doublade, F
|poke|p1|Blissey, F
|poke|p1|Arcanine, F
|poke|p1|Crobat, M
|poke|p1|Gastrodon, M
|poke|p2|Noivern, F
|poke|p2|Dugtrio, F
|poke|p2|Jirachi
|poke|p2|Whimsicott, F
|poke|p2|Mienshao, F
|poke|p2|Blastoise, F
|rule|Swagger Clause: Swagger is banned
|rule|Baton Pass Clause: Limit one PokÃ©mon knowing Baton Pass
|teampreview
|
|start
|switch|p1a: Crobat|Crobat, M|374\/374
|switch|p2a: Jirachi|Jirachi|371\/371
|turn|1
|join|Bob the Bro
|
|switch|p1a: Arcanine|Arcanine, F|383\/383
|-ability|p1a: Arcanine|Intimidate|[of] p2a: Jirachi
|-unboost|p2a: Jirachi|atk|1
|move|p2a: Jirachi|Stealth Rock|p1a: Arcanine
|-sidestart|p1: RowDog|move: Stealth Rock
|
|turn|2
|
|move|p2a: Jirachi|U-turn|p1a: Arcanine
|-resisted|p1a: Arcanine
|-damage|p1a: Arcanine|366\/383
|-damage|p2a: Jirachi|310\/371|[from] item: Rocky Helmet|[of] p1a: Arcanine
|
|switch|p2a: Blastoise|Blastoise, F|333\/333
|move|p1a: Arcanine|Will-O-Wisp|p2a: Blastoise
|-status|p2a: Blastoise|brn
|
|-damage|p2a: Blastoise|292\/333 brn|[from] brn
|turn|3
|
|switch|p1a: Gastrodon|Gastrodon, M|426\/426
|-damage|p1a: Gastrodon|400\/426|[from] Stealth Rock
|switch|p2a: Jirachi|Jirachi|310\/371
|
|-heal|p2a: Jirachi|333\/371|[from] item: Leftovers
|-heal|p1a: Gastrodon|426\/426|[from] item: Leftovers
|turn|4
|
|move|p2a: Jirachi|U-turn|p1a: Gastrodon
|-damage|p1a: Gastrodon|350\/426
|
|switch|p2a: Whimsicott|Whimsicott, F|261\/261
|move|p1a: Gastrodon|Earthquake|p2a: Whimsicott
|-resisted|p2a: Whimsicott
|-damage|p2a: Whimsicott|198\/261
|
|-heal|p1a: Gastrodon|376\/426|[from] item: Leftovers
|turn|5
|
|switch|p1a: Crobat|Crobat, M|374\/374
|-damage|p1a: Crobat|281\/374|[from] Stealth Rock
|move|p2a: Whimsicott|Switcheroo|p1a: Crobat
|-activate|p2a: Whimsicott|move: Trick|[of] p1a: Crobat
|-item|p1a: Crobat|Choice Specs|[from] Trick
|-item|p2a: Whimsicott|Black Sludge|[from] Trick
|
|-damage|p2a: Whimsicott|166\/261|[from] item: Black Sludge
|turn|6
|c|âRowDog|kek
|
|switch|p2a: Jirachi|Jirachi|333\/371
|move|p1a: Crobat|Defog|p2a: Jirachi
|-unboost|p2a: Jirachi|evasion|1
|-sideend|p1: RowDog|Stealth Rock|[from] move: Defog|[of] p1a: Crobat
|
|-heal|p2a: Jirachi|356\/371|[from] item: Leftovers
|turn|7
|c| Bob the Bro|rekt
|
|switch|p1a: Arcanine|Arcanine, F|366\/383
|-ability|p1a: Arcanine|Intimidate|[of] p2a: Jirachi
|-unboost|p2a: Jirachi|atk|1
|move|p2a: Jirachi|Stealth Rock|p1a: Arcanine
|-sidestart|p1: RowDog|move: Stealth Rock
|
|-heal|p2a: Jirachi|371\/371|[from] item: Leftovers
|turn|8
|
|switch|p1a: Gastrodon|Gastrodon, M|376\/426
|-damage|p1a: Gastrodon|350\/426|[from] Stealth Rock
|move|p2a: Jirachi|U-turn|p1a: Gastrodon
|-damage|p1a: Gastrodon|300\/426
|
|switch|p2a: Whimsicott|Whimsicott, F|166\/261
|
|-damage|p2a: Whimsicott|134\/261|[from] item: Black Sludge
|-heal|p1a: Gastrodon|326\/426|[from] item: Leftovers
|turn|9
|
|switch|p1a: Crobat|Crobat, M|281\/374
|-damage|p1a: Crobat|188\/374|[from] Stealth Rock
|move|p2a: Whimsicott|Psychic|p1a: Crobat
|-supereffective|p1a: Crobat
|-damage|p1a: Crobat|8\/374
|
|-damage|p2a: Whimsicott|102\/261|[from] item: Black Sludge
|turn|10
|
|switch|p2a: Jirachi|Jirachi|371\/371
|move|p1a: Crobat|Roost|p1a: Crobat
|-heal|p1a: Crobat|195\/374
|
|turn|11
|c|âRowDog|weak
|
|move|p1a: Crobat|Roost|p1a: Crobat
|-heal|p1a: Crobat|374\/374
|move|p2a: Jirachi|U-turn|p1a: Crobat
|-resisted|p1a: Crobat
|-damage|p1a: Crobat|337\/374
|c|âRowDog|is this IronBullet?
|c|âFoolonthehill|yeah :P
|c|âFoolonthehill|i really expected that
|c|âRowDog|we got him
|c|âFoolonthehill|to ko :(
|
|switch|p2a: Dugtrio|Dugtrio, F|211\/211
|
|turn|12
|c| Bob the Bro|lol dude you have so many alts
|c|âRowDog|Perhaps the set isnât as good as we had thought
|c|âFoolonthehill|haha
|
|switch|p1a: Aromatisse|Aromatisse, F|406\/406
|-damage|p1a: Aromatisse|356\/406|[from] Stealth Rock
|move|p2a: Dugtrio|Earthquake|p1a: Aromatisse
|-damage|p1a: Aromatisse|184\/406
|
|-heal|p1a: Aromatisse|209\/406|[from] item: Leftovers
|turn|13
|c|âFoolonthehill|this is my alt for the research week
|
|switch|p2a: Jirachi|Jirachi|371\/371
|move|p1a: Aromatisse|Wish|p1a: Aromatisse
|
|-heal|p1a: Aromatisse|234\/406|[from] item: Leftovers
|turn|14
|c| Bob the Bro|what is this research week
|
|move|p1a: Aromatisse|Protect|p1a: Aromatisse
|-singleturn|p1a: Aromatisse|Protect
|move|p2a: Jirachi|U-turn|p1a: Aromatisse
|-activate|p1a: Aromatisse|Protect
|
|-heal|p1a: Aromatisse|406\/406|[from] move: Wish|[wisher] Aromatisse
|turn|15
|c|âRowDog|test some Pokemon sets
|c|âFoolonthehill|this week is noivern duggy
|c|âFoolonthehill|well for me
|c| Bob the Bro|oh lol
|c|âRowDog|for the greater good of the community
|c|âFoolonthehill|hehe
|c|âFoolonthehill|its fun too!
|
|move|p2a: Jirachi|U-turn|p1a: Aromatisse
|-resisted|p1a: Aromatisse
|-damage|p1a: Aromatisse|379\/406
|c| Bob the Bro|well i guess i've been testing mixed PZ
|
|switch|p2a: Blastoise|Blastoise, F|292\/333 brn
|move|p1a: Aromatisse|Wish|p1a: Aromatisse
|
|-heal|p1a: Aromatisse|404\/406|[from] item: Leftovers
|-damage|p2a: Blastoise|251\/333 brn|[from] brn
|turn|16
|
|switch|p2a: Jirachi|Jirachi|371\/371
|move|p1a: Aromatisse|Moonblast|p2a: Jirachi
|-resisted|p2a: Jirachi
|-damage|p2a: Jirachi|316\/371
|-unboost|p2a: Jirachi|spa|1
|
|-heal|p1a: Aromatisse|406\/406|[from] move: Wish|[wisher] Aromatisse
|-heal|p2a: Jirachi|339\/371|[from] item: Leftovers
|turn|17
|c|âFoolonthehill|what the double edge?
|
|switch|p1a: Arcanine|Arcanine, F|366\/383
|-damage|p1a: Arcanine|271\/383|[from] Stealth Rock
|-ability|p1a: Arcanine|Intimidate|[of] p2a: Jirachi
|-unboost|p2a: Jirachi|atk|1
|move|p2a: Jirachi|Iron Head|p1a: Arcanine
|-resisted|p1a: Arcanine
|-damage|p1a: Arcanine|242\/383
|-damage|p2a: Jirachi|278\/371|[from] item: Rocky Helmet|[of] p1a: Arcanine
|
|-heal|p2a: Jirachi|301\/371|[from] item: Leftovers
|turn|18
|c| Bob the Bro|tri atk\/double edge\/giga impact\/dark pulse lol
|
|switch|p2a: Noivern|Noivern, F|311\/311
|move|p1a: Arcanine|Morning Sun|p1a: Arcanine
|-heal|p1a: Arcanine|383\/383
|
|turn|19
|c|âFoolonthehill|wow haha
|c|âFoolonthehill|giga impact
|c| Bob the Bro|for the lulz
|c|âFoolonthehill|does it like
|c|âFoolonthehill|ohko bliss 
|c|âRowDog|checking to see if this has Switcheroo lol
|c|âFoolonthehill|haha
|c| Bob the Bro|tri atk+double edge bops blis
|c|âRowDog|nope all g
|c| Bob the Bro|giga impact on its own does like 95%
|
|switch|p1a: Aromatisse|Aromatisse, F|406\/406
|-damage|p1a: Aromatisse|356\/406|[from] Stealth Rock
|move|p2a: Noivern|Air Slash|p1a: Aromatisse
|-crit|p1a: Aromatisse
|-damage|p1a: Aromatisse|106\/406
|-damage|p2a: Noivern|280\/311|[from] item: Life Orb
|
|-heal|p1a: Aromatisse|131\/406|[from] item: Leftovers
|turn|20
|c|âFoolonthehill|but double edge must almost kill pz anyway :p
|c|âRowDog|kek
|c| Bob the Bro|yea lol
|c|âFoolonthehill|woops soz
|c|âRowDog|it k
|
|move|p1a: Aromatisse|Protect|p1a: Aromatisse
|-singleturn|p1a: Aromatisse|Protect
|move|p2a: Noivern|Air Slash|p1a: Aromatisse
|-activate|p1a: Aromatisse|Protect
|
|-heal|p1a: Aromatisse|156\/406|[from] item: Leftovers
|turn|21
|
|switch|p1a: Blissey|Blissey, F|714\/714
|-damage|p1a: Blissey|625\/714|[from] Stealth Rock
|move|p2a: Noivern|Air Slash|p1a: Blissey
|-damage|p1a: Blissey|516\/714
|-damage|p2a: Noivern|249\/311|[from] item: Life Orb
|
|-heal|p1a: Blissey|560\/714|[from] item: Leftovers
|turn|22
|c| Bob the Bro|btw you're sexy sadie right?
|c|âFoolonthehill|yeah
|
|move|p2a: Noivern|Taunt|p1a: Blissey
|-start|p1a: Blissey|move: Taunt
|move|p1a: Blissey|Seismic Toss|p2a: Noivern
|-damage|p2a: Noivern|149\/311
|
|-heal|p1a: Blissey|604\/714|[from] item: Leftovers
|turn|23
|c|âFoolonthehill|all beatles alts
|c|âFoolonthehill|hehe
|
|move|p2a: Noivern|Roost|p2a: Noivern
|-heal|p2a: Noivern|305\/311
|move|p1a: Blissey|Seismic Toss|p2a: Noivern
|-damage|p2a: Noivern|205\/311
|
|-heal|p1a: Blissey|648\/714|[from] item: Leftovers
|turn|24
|c| Bob the Bro|kek
|
|move|p2a: Noivern|Roost|p2a: Noivern
|-heal|p2a: Noivern|311\/311
|move|p1a: Blissey|Seismic Toss|p2a: Noivern
|-damage|p2a: Noivern|211\/311
|
|-heal|p1a: Blissey|692\/714|[from] item: Leftovers
|-end|p1a: Blissey|move: Taunt
|turn|25
|
|switch|p1a: Doublade|Doublade, F|319\/319
|-damage|p1a: Doublade|300\/319|[from] Stealth Rock
|move|p2a: Noivern|Taunt|p1a: Doublade
|-start|p1a: Doublade|move: Taunt
|
|turn|26
|c|âFoolonthehill|sexy poke
|c|âFoolonthehill|rip me no ghost resist
|c|âRowDog|mhm
|
|switch|p2a: Blastoise|Blastoise, F|251\/333 brn
|move|p1a: Doublade|Shadow Claw|p2a: Blastoise
|-damage|p2a: Blastoise|124\/333 brn
|
|-damage|p2a: Blastoise|83\/333 brn|[from] brn
|turn|27
|c|âRowDog|kek, I have Claw instead of Sneak
|c|âFoolonthehill|yeah i thought you might :p
|
|switch|p1a: Blissey|Blissey, F|692\/714
|-damage|p1a: Blissey|603\/714|[from] Stealth Rock
|detailschange|p2a: Blastoise|Blastoise-Mega, F
|message|Blastoise has Mega Evolved into Mega Blastoise!
|move|p2a: Blastoise|Dark Pulse|p1a: Blissey
|-damage|p1a: Blissey|483\/714
|
|-heal|p1a: Blissey|527\/714|[from] item: Leftovers
|-damage|p2a: Blastoise|42\/333 brn|[from] brn
|turn|28
|c|âRowDog|that was an accident :\/
|c|âRowDog|and it has been fixed
|c|âFoolonthehill|fuk bliss
|c|âRowDog|hate that
|
|switch|p2a: Jirachi|Jirachi|301\/371
|move|p1a: Blissey|Wish|p1a: Blissey
|
|-heal|p2a: Jirachi|324\/371|[from] item: Leftovers
|-heal|p1a: Blissey|571\/714|[from] item: Leftovers
|turn|29
|
|move|p2a: Jirachi|Iron Head|p1a: Blissey
|-damage|p1a: Blissey|366\/714
|cant|p1a: Blissey|flinch
|
|-heal|p1a: Blissey|714\/714|[from] move: Wish|[wisher] Blissey
|-heal|p2a: Jirachi|347\/371|[from] item: Leftovers
|turn|30
|
|move|p2a: Jirachi|Iron Head|p1a: Blissey
|-damage|p1a: Blissey|494\/714
|cant|p1a: Blissey|flinch
|
|-heal|p2a: Jirachi|370\/371|[from] item: Leftovers
|-heal|p1a: Blissey|538\/714|[from] item: Leftovers
|turn|31
|c|âFoolonthehill|flinch to death
|
|switch|p1a: Doublade|Doublade, F|300\/319
|-damage|p1a: Doublade|281\/319|[from] Stealth Rock
|move|p2a: Jirachi|Iron Head|p1a: Doublade
|-resisted|p1a: Doublade
|-damage|p1a: Doublade|254\/319
|
|-heal|p2a: Jirachi|371\/371|[from] item: Leftovers
|turn|32
|c|âRowDog|:(
|c|âFoolonthehill|damn
|c|âFoolonthehill|bulky shit
|c|âRowDog|bulky af
|
|move|p2a: Jirachi|U-turn|p1a: Doublade
|-resisted|p1a: Doublade
|-damage|p1a: Doublade|246\/319
|
|switch|p2a: Blastoise|Blastoise-Mega, F|42\/333 brn
|move|p1a: Doublade|Shadow Claw|p2a: Blastoise
|-damage|p2a: Blastoise|0 fnt
|faint|p2a: Blastoise
|
|c|âRowDog|Shadow Claw pulling through
|c|âFoolonthehill|yuck
|c| Bob the Bro|rest talk doublade y\/n? lol
|c|âFoolonthehill|no thanks
|c| Bob the Bro|sad
|c|âRowDog|Probably outclassed by other sets in UU
|
|switch|p2a: Mienshao|Mienshao, F|271\/271
|turn|33
|
|switch|p1a: Crobat|Crobat, M|337\/374
|-damage|p1a: Crobat|244\/374|[from] Stealth Rock
|move|p2a: Mienshao|Knock Off|p1a: Crobat
|-damage|p1a: Crobat|102\/374
|-enditem|p1a: Crobat|Choice Specs|[from] move: Knock Off|[of] p2a: Mienshao
|
|turn|34
|c|âRowDog|I AM FREE!
|c|âFoolonthehill|lol noo
|join|BenzMafia
|
|switch|p2a: Jirachi|Jirachi|371\/371
|move|p1a: Crobat|Roost|p1a: Crobat
|-heal|p1a: Crobat|289\/374
|
|turn|35
|
|move|p1a: Crobat|Defog|p2a: Jirachi
|-unboost|p2a: Jirachi|evasion|1
|-sideend|p1: RowDog|Stealth Rock|[from] move: Defog|[of] p1a: Crobat
|move|p2a: Jirachi|Iron Head|p1a: Crobat
|-damage|p1a: Crobat|145\/374
|
|turn|36
|
|move|p1a: Crobat|Roost|p1a: Crobat
|-heal|p1a: Crobat|332\/374
|move|p2a: Jirachi|Stealth Rock|p1a: Crobat
|-sidestart|p1: RowDog|move: Stealth Rock
|
|turn|37
|
|move|p1a: Crobat|Defog|p2a: Jirachi
|-unboost|p2a: Jirachi|evasion|1
|-sideend|p1: RowDog|Stealth Rock|[from] move: Defog|[of] p1a: Crobat
|move|p2a: Jirachi|Fire Punch|p1a: Crobat
|-damage|p1a: Crobat|253\/374
|
|turn|38
|c|âFoolonthehill|burn that
|
|move|p1a: Crobat|Taunt|p2a: Jirachi
|-start|p2a: Jirachi|move: Taunt
|cant|p2a: Jirachi|move: Taunt|Stealth Rock
|
|turn|39
|c|âFoolonthehill|yikes
|
|switch|p1a: Arcanine|Arcanine, F|383\/383
|-ability|p1a: Arcanine|Intimidate|[of] p2a: Jirachi
|-unboost|p2a: Jirachi|atk|1
|move|p2a: Jirachi|U-turn|p1a: Arcanine
|-resisted|p1a: Arcanine
|-damage|p1a: Arcanine|364\/383
|-damage|p2a: Jirachi|310\/371|[from] item: Rocky Helmet|[of] p1a: Arcanine
|c|âFoolonthehill|this sucks
|
|switch|p2a: Dugtrio|Dugtrio, F|211\/211
|
|turn|40
|c|âFoolonthehill|kill that
|
|move|p1a: Arcanine|Extreme Speed|p2a: Dugtrio
|-damage|p2a: Dugtrio|93\/211
|move|p2a: Dugtrio|Earthquake|p1a: Arcanine
|-supereffective|p1a: Arcanine
|-damage|p1a: Arcanine|44\/383
|
|turn|41
|c|âFoolonthehill|nb
|c| Bob the Bro|bulk
|
|switch|p2a: Jirachi|Jirachi|310\/371
|move|p1a: Arcanine|Extreme Speed|p2a: Jirachi
|-resisted|p2a: Jirachi
|-damage|p2a: Jirachi|278\/371
|
|-heal|p2a: Jirachi|301\/371|[from] item: Leftovers
|turn|42
|
|move|p2a: Jirachi|Iron Head|p1a: Arcanine
|-crit|p1a: Arcanine
|-resisted|p1a: Arcanine
|-damage|p1a: Arcanine|0 fnt
|-damage|p2a: Jirachi|240\/371|[from] item: Rocky Helmet|[of] p1a: Arcanine
|faint|p1a: Arcanine
|
|-heal|p2a: Jirachi|263\/371|[from] item: Leftovers
|c|âRowDog|I wonder if crit matter lol
|c|âFoolonthehill|damn that
|
|switch|p1a: Doublade|Doublade, F|246\/319
|turn|43
|c|âFoolonthehill|yeah not sure
|c|âFoolonthehill|if it did soz
|
|move|p2a: Jirachi|U-turn|p1a: Doublade
|-resisted|p1a: Doublade
|-damage|p1a: Doublade|239\/319
|c|âRowDog|it would have flinched anyway ;)
|c|âFoolonthehill|haha
|
|switch|p2a: Mienshao|Mienshao, F|271\/271
|move|p1a: Doublade|Shadow Claw|p2a: Mienshao
|-damage|p2a: Mienshao|81\/271
|
|turn|44
|
|move|p2a: Mienshao|Knock Off|p1a: Doublade
|-supereffective|p1a: Doublade
|-damage|p1a: Doublade|137\/319
|-enditem|p1a: Doublade|Eviolite|[from] move: Knock Off|[of] p2a: Mienshao
|move|p1a: Doublade|Shadow Claw|p2a: Mienshao
|-damage|p2a: Mienshao|0 fnt
|faint|p2a: Mienshao
|
|c|âFoolonthehill|yay
|
|switch|p2a: Dugtrio|Dugtrio, F|93\/211
|turn|45
|
|switch|p1a: Crobat|Crobat, M|253\/374
|move|p2a: Dugtrio|Earthquake|p1a: Crobat
|-immune|p1a: Crobat|[msg]
|
|turn|46
|c|âFoolonthehill|dafuq
|c| Bob the Bro|ghost
|c|âRowDog|ghost OP
|c| Bob the Bro|cant be trapped
|c|âFoolonthehill|oh yeah
|c|âFoolonthehill|damn
|
|switch|p2a: Jirachi|Jirachi|263\/371
|move|p1a: Crobat|Taunt|p2a: Jirachi
|-start|p2a: Jirachi|move: Taunt
|
|-heal|p2a: Jirachi|286\/371|[from] item: Leftovers
|turn|47
|
|switch|p1a: Gastrodon|Gastrodon, M|326\/426
|move|p2a: Jirachi|Fire Punch|p1a: Gastrodon
|-resisted|p1a: Gastrodon
|-damage|p1a: Gastrodon|287\/426
|-status|p1a: Gastrodon|brn
|
|-heal|p2a: Jirachi|309\/371|[from] item: Leftovers
|-heal|p1a: Gastrodon|313\/426 brn|[from] item: Leftovers
|-damage|p1a: Gastrodon|260\/426 brn|[from] brn
|turn|48
|
|move|p2a: Jirachi|U-turn|p1a: Gastrodon
|-damage|p1a: Gastrodon|188\/426 brn
|
|switch|p2a: Whimsicott|Whimsicott, F|102\/261
|move|p1a: Gastrodon|Scald|p2a: Whimsicott
|-resisted|p2a: Whimsicott
|-damage|p2a: Whimsicott|45\/261
|
|-damage|p2a: Whimsicott|13\/261|[from] item: Black Sludge
|-heal|p1a: Gastrodon|214\/426 brn|[from] item: Leftovers
|-damage|p1a: Gastrodon|161\/426 brn|[from] brn
|turn|49
|c|âFoolonthehill|here have your stupid
|c|âFoolonthehill|sludeg
|
|switch|p1a: Crobat|Crobat, M|253\/374
|move|p2a: Whimsicott|Switcheroo|p1a: Crobat
|-activate|p2a: Whimsicott|move: Trick|[of] p1a: Crobat
|-item|p1a: Crobat|Black Sludge|[from] Trick
|
|-heal|p1a: Crobat|276\/374|[from] item: Black Sludge
|turn|50
|c|âRowDog|ty
|
|switch|p2a: Jirachi|Jirachi|309\/371
|move|p1a: Crobat|Brave Bird|p2a: Jirachi
|-resisted|p2a: Jirachi
|-damage|p2a: Jirachi|244\/371
|-damage|p1a: Crobat|255\/374|[from] recoil|[of] p2a: Jirachi
|
|-heal|p1a: Crobat|278\/374|[from] item: Black Sludge
|-heal|p2a: Jirachi|267\/371|[from] item: Leftovers
|turn|51
|
|switch|p1a: Blissey|Blissey, F|538\/714
|move|p2a: Jirachi|Iron Head|p1a: Blissey
|-damage|p1a: Blissey|312\/714
|
|-heal|p2a: Jirachi|290\/371|[from] item: Leftovers
|-heal|p1a: Blissey|356\/714|[from] item: Leftovers
|turn|52
|c| Bob the Bro|run leftovers bat if real
|
|move|p2a: Jirachi|Iron Head|p1a: Blissey
|-crit|p1a: Blissey
|-damage|p1a: Blissey|62\/714
|cant|p1a: Blissey|flinch
|
|-heal|p2a: Jirachi|313\/371|[from] item: Leftovers
|-heal|p1a: Blissey|106\/714|[from] item: Leftovers
|turn|53
|c|âFoolonthehill|ouch
|
|switch|p1a: Crobat|Crobat, M|278\/374
|move|p2a: Jirachi|Iron Head|p1a: Crobat
|-crit|p1a: Crobat
|-damage|p1a: Crobat|52\/374
|
|-heal|p1a: Crobat|75\/374|[from] item: Black Sludge
|-heal|p2a: Jirachi|336\/371|[from] item: Leftovers
|turn|54
|c|âFoolonthehill|why would you risk bliss though
|c|âRowDog|so I can get up Rocks :(
|c|âFoolonthehill|ah
|c|âRowDog|actually looking at it it wasnât a good idea
|
|move|p1a: Crobat|Roost|p1a: Crobat
|-heal|p1a: Crobat|262\/374
|move|p2a: Jirachi|Stealth Rock|p1a: Crobat
|-sidestart|p1: RowDog|move: Stealth Rock
|
|-heal|p1a: Crobat|285\/374|[from] item: Black Sludge
|-heal|p2a: Jirachi|359\/371|[from] item: Leftovers
|turn|55
|
|move|p1a: Crobat|Defog|p2a: Jirachi
|-unboost|p2a: Jirachi|evasion|1
|-sideend|p1: RowDog|Stealth Rock|[from] move: Defog|[of] p1a: Crobat
|move|p2a: Jirachi|Fire Punch|p1a: Crobat
|-damage|p1a: Crobat|191\/374
|
|-heal|p1a: Crobat|214\/374|[from] item: Black Sludge
|-heal|p2a: Jirachi|371\/371|[from] item: Leftovers
|turn|56
|
|switch|p1a: Doublade|Doublade, F|137\/319
|move|p2a: Jirachi|Fire Punch|p1a: Doublade
|-supereffective|p1a: Doublade
|-damage|p1a: Doublade|39\/319
|
|turn|57
|c|âRowDog|kek
|c| Bob the Bro|derp
|
|move|p2a: Jirachi|Fire Punch|p1a: Doublade
|-supereffective|p1a: Doublade
|-damage|p1a: Doublade|0 fnt
|faint|p1a: Doublade
|
|
|switch|p1a: Gastrodon|Gastrodon, M|161\/426 brn
|turn|58
|
|move|p2a: Jirachi|Stealth Rock|p1a: Gastrodon
|-sidestart|p1: RowDog|move: Stealth Rock
|move|p1a: Gastrodon|Recover|p1a: Gastrodon
|-heal|p1a: Gastrodon|374\/426 brn
|
|-heal|p1a: Gastrodon|400\/426 brn|[from] item: Leftovers
|-damage|p1a: Gastrodon|347\/426 brn|[from] brn
|turn|59
|
|move|p2a: Jirachi|U-turn|p1a: Gastrodon
|-damage|p1a: Gastrodon|272\/426 brn
|
|switch|p2a: Noivern|Noivern, F|211\/311
|move|p1a: Gastrodon|Scald|p2a: Noivern
|-resisted|p2a: Noivern
|-damage|p2a: Noivern|160\/311
|-status|p2a: Noivern|brn
|
|-heal|p1a: Gastrodon|298\/426 brn|[from] item: Leftovers
|-damage|p2a: Noivern|122\/311 brn|[from] brn
|-damage|p1a: Gastrodon|245\/426 brn|[from] brn
|turn|60
|
|move|p2a: Noivern|Roost|p2a: Noivern
|-heal|p2a: Noivern|278\/311 brn
|move|p1a: Gastrodon|Scald|p2a: Noivern
|-resisted|p2a: Noivern
|-damage|p2a: Noivern|224\/311 brn
|
|-heal|p1a: Gastrodon|271\/426 brn|[from] item: Leftovers
|-damage|p2a: Noivern|186\/311 brn|[from] brn
|-damage|p1a: Gastrodon|218\/426 brn|[from] brn
|turn|61
|c|âRowDog|ugh
|
|move|p2a: Noivern|Air Slash|p1a: Gastrodon
|-damage|p1a: Gastrodon|72\/426 brn
|-damage|p2a: Noivern|155\/311 brn|[from] item: Life Orb
|cant|p1a: Gastrodon|flinch
|
|-heal|p1a: Gastrodon|98\/426 brn|[from] item: Leftovers
|-damage|p2a: Noivern|117\/311 brn|[from] brn
|-damage|p1a: Gastrodon|45\/426 brn|[from] brn
|turn|62
|c|âRowDog|ugh x2
|c| Bob the Bro|the hax is real
|
|move|p2a: Noivern|Roost|p2a: Noivern
|-heal|p2a: Noivern|273\/311 brn
|move|p1a: Gastrodon|Earthquake|p2a: Noivern
|-damage|p2a: Noivern|216\/311 brn
|
|-heal|p1a: Gastrodon|71\/426 brn|[from] item: Leftovers
|-damage|p2a: Noivern|178\/311 brn|[from] brn
|-damage|p1a: Gastrodon|18\/426 brn|[from] brn
|turn|63
|c|âFoolonthehill|the flinches in this game tho :(
|
|move|p2a: Noivern|Air Slash|p1a: Gastrodon
|-damage|p1a: Gastrodon|0 fnt
|-damage|p2a: Noivern|147\/311 brn|[from] item: Life Orb
|faint|p1a: Gastrodon
|
|-damage|p2a: Noivern|109\/311 brn|[from] brn
|
|switch|p1a: Aromatisse|Aromatisse, F|156\/406
|-damage|p1a: Aromatisse|106\/406|[from] Stealth Rock
|turn|64
|
|move|p1a: Aromatisse|Protect|p1a: Aromatisse
|-singleturn|p1a: Aromatisse|Protect
|move|p2a: Noivern|Air Slash|p1a: Aromatisse
|-activate|p1a: Aromatisse|Protect
|
|-heal|p1a: Aromatisse|131\/406|[from] item: Leftovers
|-damage|p2a: Noivern|71\/311 brn|[from] brn
|turn|65
|
|move|p2a: Noivern|Air Slash|p1a: Aromatisse
|-damage|p1a: Aromatisse|0 fnt
|-damage|p2a: Noivern|40\/311 brn|[from] item: Life Orb
|faint|p1a: Aromatisse
|
|-damage|p2a: Noivern|2\/311 brn|[from] brn
|c|âRowDog|no miss :â(
|
|switch|p1a: Crobat|Crobat, M|214\/374
|-damage|p1a: Crobat|121\/374|[from] Stealth Rock
|turn|66
|
|move|p2a: Noivern|Draco Meteor|p1a: Crobat
|-damage|p1a: Crobat|0 fnt
|-unboost|p2a: Noivern|spa|2
|-damage|p2a: Noivern|0 fnt|[from] item: Life Orb
|faint|p1a: Crobat
|faint|p2a: Noivern
|
|
|switch|p2a: Jirachi|Jirachi|371\/371
|switch|p1a: Blissey|Blissey, F|106\/714
|-damage|p1a: Blissey|17\/714|[from] Stealth Rock
|turn|67
|c|âFoolonthehill|oh slow
|c|âRowDog|gg
|c| Bob the Bro|thats why you need 380 speed lol
|c|âFoolonthehill|sorry about all the flinch
|c|âFoolonthehill|gg
|
|move|p2a: Jirachi|Iron Head|p1a: Blissey
|-damage|p1a: Blissey|0 fnt
|faint|p1a: Blissey
|
|win|Foolonthehill
|raw|Ladder updating...
|raw|RowDog's rating: 1624 &rarr; <strong>1599<\/strong><br \/>(-25 for losing)
|raw|Foolonthehill's rating: 1534 &rarr; <strong>1559<\/strong><br \/>(+25 for winning)
|c|âRowDog|one case