|join|RowDog
|join|King UU
|player|p1|RowDog|80
|player|p2|King UU|29
|gametype|singles
|gen|6
|tier|UU
|rule|Sleep Clause Mod: Limit one foe put to sleep
|rule|Species Clause: Limit one of each PokÃ©mon
|rule|OHKO Clause: OHKO moves are banned
|rule|Moody Clause: Moody is banned
|rule|Evasion Moves Clause: Evasion moves are banned
|rule|Endless Battle Clause: Forcing endless battles is banned
|rule|HP Percentage Mod: HP is shown in percentages
|clearpoke
|poke|p1|Snorlax, F
|poke|p1|Magneton
|poke|p1|Musharna, F
|poke|p1|Dusknoir, M
|poke|p1|Uxie
|poke|p1|Camerupt, M
|poke|p2|Jolteon, M
|poke|p2|Accelgor, F
|poke|p2|Golbat, F
|poke|p2|Hitmonchan, M
|poke|p2|Mesprit
|poke|p2|Chandelure, M
|rule|Swagger Clause: Swagger is banned
|rule|Baton Pass Clause: Limit one PokÃ©mon knowing Baton Pass
|teampreview
|c|âRowDog|Need to lose my mons already lol
|join|YELLow SKARMORY!!!
|
|start
|switch|p1a: Dusknoir|Dusknoir, M|294\/294
|switch|p2a: Chandelure|Chandelure, M|261\/261
|-item|p2a: Chandelure|Flame Orb|[from] ability: Frisk|[of] p1a: Dusknoir|[identify]
|turn|1
|
|move|p1a: Dusknoir|Shadow Sneak|p2a: Chandelure
|-supereffective|p2a: Chandelure
|-damage|p2a: Chandelure|87\/261
|-damage|p1a: Dusknoir|265\/294|[from] item: Life Orb
|move|p2a: Chandelure|Shadow Ball|p1a: Dusknoir
|-supereffective|p1a: Dusknoir
|-damage|p1a: Dusknoir|0 fnt
|faint|p1a: Dusknoir
|
|join|viaw
|join|Colbrushie
|
|switch|p1a: Musharna|Musharna, F|436\/436
|turn|2
|
|move|p2a: Chandelure|Shadow Ball|p1a: Musharna
|-supereffective|p1a: Musharna
|-damage|p1a: Musharna|92\/436
|-enditem|p1a: Musharna|Weakness Policy
|-boost|p1a: Musharna|atk|2|[from] item: Weakness Policy
|-boost|p1a: Musharna|spa|2|[from] item: Weakness Policy
|move|p1a: Musharna|Trick Room|p1a: Musharna
|-fieldstart|move: Trick Room|[of] p1a: Musharna
|
|turn|3
|c| Colbrushie|o boy
|c| viaw|ooft
|
|move|p1a: Musharna|Psychic|p2a: Chandelure
|-damage|p2a: Chandelure|0 fnt
|faint|p2a: Chandelure
|
|
|switch|p2a: Accelgor|Accelgor, F|364\/364
|turn|4
|
|move|p1a: Musharna|Baton Pass|p1a: Musharna
|c| YELLow SKARMORY!!!|nice sweeper
|c| viaw|lol
|
|switch|p1a: Snorlax|Snorlax, F|524\/524
|move|p2a: Accelgor|Bug Buzz|p1a: Snorlax
|-damage|p1a: Snorlax|446\/524
|
|turn|5
|c| Colbrushie|nb
|c| viaw|nbnb
|
|switch|p2a: Golbat|Golbat, F|353\/353
|move|p1a: Snorlax|Frustration|p2a: Golbat
|-damage|p2a: Golbat|112\/353
|
|turn|6
|c| YELLow SKARMORY!!!|wow
|
|move|p1a: Snorlax|Frustration|p2a: Golbat
|-damage|p2a: Golbat|0 fnt
|faint|p2a: Golbat
|
|-fieldend|move: Trick Room
|
|switch|p2a: Hitmonchan|Hitmonchan, M|251\/251
|turn|7
|
|switch|p1a: Uxie|Uxie|354\/354
|move|p2a: Hitmonchan|Drain Punch|p1a: Uxie
|-resisted|p1a: Uxie
|-damage|p1a: Uxie|276\/354
|-damage|p2a: Hitmonchan|226\/251|[from] item: Life Orb
|
|-heal|p1a: Uxie|298\/354|[from] item: Leftovers
|turn|8
|c| YELLow SKARMORY!!!|why frustrationn instead  of return
|c| Colbrushie|tbh
|c| Colbrushie|chickenpass seems strong
|c| Colbrushie|bc ditto
|c|âRowDog|wynaut?
|c| YELLow SKARMORY!!!|lol
|c| YELLow SKARMORY!!!|i guess wobuffet is why
|c| viaw|frustration > return
|
|switch|p2a: Accelgor|Accelgor, F|364\/364
|move|p1a: Uxie|Trick Room|p1a: Uxie
|-fieldstart|move: Trick Room|[of] p1a: Uxie
|
|-heal|p1a: Uxie|320\/354|[from] item: Leftovers
|turn|9
|
|move|p1a: Uxie|Foul Play|p2a: Accelgor
|-damage|p2a: Accelgor|282\/364
|move|p2a: Accelgor|Spikes|p1a: Uxie
|-sidestart|p1: RowDog|Spikes
|
|-heal|p1a: Uxie|342\/354|[from] item: Leftovers
|turn|10
|
|move|p1a: Uxie|Stealth Rock|p2a: Accelgor
|-sidestart|p2: King UU|move: Stealth Rock
|move|p2a: Accelgor|Bug Buzz|p1a: Uxie
|-supereffective|p1a: Uxie
|-damage|p1a: Uxie|190\/354
|
|-heal|p1a: Uxie|212\/354|[from] item: Leftovers
|turn|11
|
|move|p1a: Uxie|Memento|p2a: Accelgor
|-unboost|p2a: Accelgor|atk|2
|-unboost|p2a: Accelgor|spa|2
|faint|p1a: Uxie
|move|p2a: Accelgor|Bug Buzz|p1: Uxie|[notarget]
|-notarget
|
|
|switch|p1a: Camerupt|Camerupt, M|344\/344
|-damage|p1a: Camerupt|301\/344|[from] Spikes
|turn|12
|
|switch|p2a: Hitmonchan|Hitmonchan, M|226\/251
|-damage|p2a: Hitmonchan|211\/251|[from] Stealth Rock
|move|p1a: Camerupt|Eruption|p2a: Hitmonchan
|-damage|p2a: Hitmonchan|0 fnt
|faint|p2a: Hitmonchan
|
|-fieldend|move: Trick Room
|join|Is King any good
|
|switch|p2a: Mesprit|Mesprit|364\/364
|-damage|p2a: Mesprit|319\/364|[from] Stealth Rock
|turn|13
|
|move|p2a: Mesprit|Psychic|p1a: Camerupt
|-damage|p1a: Camerupt|154\/344
|move|p1a: Camerupt|Eruption|p2a: Mesprit
|-damage|p2a: Mesprit|159\/364
|
|-heal|p2a: Mesprit|181\/364|[from] item: Leftovers
|turn|14
|
|move|p2a: Mesprit|Psychic|p1a: Camerupt
|-damage|p1a: Camerupt|18\/344
|-unboost|p1a: Camerupt|spd|1
|move|p1a: Camerupt|Eruption|p2a: Mesprit
|-damage|p2a: Mesprit|165\/364
|
|-heal|p2a: Mesprit|187\/364|[from] item: Leftovers
|turn|15
|c|âRowDog|lol
|
|switch|p1a: Snorlax|Snorlax, F|446\/524
|-damage|p1a: Snorlax|381\/524|[from] Spikes
|move|p2a: Mesprit|Substitute|p2a: Mesprit
|-start|p2a: Mesprit|Substitute
|-damage|p2a: Mesprit|96\/364
|
|-heal|p2a: Mesprit|118\/364|[from] item: Leftovers
|turn|16
|c| viaw|dayum
|
|move|p2a: Mesprit|Calm Mind|p2a: Mesprit
|-boost|p2a: Mesprit|spa|1
|-boost|p2a: Mesprit|spd|1
|move|p1a: Snorlax|Frustration|p2a: Mesprit
|-end|p2a: Mesprit|Substitute
|
|-heal|p2a: Mesprit|140\/364|[from] item: Leftovers
|turn|17
|
|move|p2a: Mesprit|Psychic|p1a: Snorlax
|-damage|p1a: Snorlax|275\/524
|move|p1a: Snorlax|Frustration|p2a: Mesprit
|-damage|p2a: Mesprit|11\/364
|
|-heal|p2a: Mesprit|33\/364|[from] item: Leftovers
|turn|18
|
|move|p2a: Mesprit|Psychic|p1a: Snorlax
|-damage|p1a: Snorlax|173\/524
|move|p1a: Snorlax|Frustration|p2a: Mesprit
|-damage|p2a: Mesprit|0 fnt
|faint|p2a: Mesprit
|
|
|switch|p2a: Accelgor|Accelgor, F|282\/364
|-damage|p2a: Accelgor|191\/364|[from] Stealth Rock
|turn|19
|c| YELLow SKARMORY!!!|that things bulk
|
|move|p2a: Accelgor|Final Gambit|p1a: Snorlax
|-damage|p1a: Snorlax|0 fnt
|faint|p2a: Accelgor
|faint|p1a: Snorlax
|
|c| Colbrushie|wat
|c| viaw|:|
|
|switch|p2a: Jolteon|Jolteon, M|271\/271
|-damage|p2a: Jolteon|238\/271|[from] Stealth Rock
|switch|p1a: Musharna|Musharna, F|92\/436
|-damage|p1a: Musharna|38\/436|[from] Spikes
|turn|20
|c| Colbrushie|54% of accelgor's hp
|
|move|p2a: Jolteon|Shadow Ball|p1a: Musharna
|-supereffective|p1a: Musharna
|-damage|p1a: Musharna|0 fnt
|faint|p1a: Musharna
|
|c| Colbrushie|is 34% of snorlax's?
|
|switch|p1a: Camerupt|Camerupt, M|18\/344
|-damage|p1a: Camerupt|0 fnt|[from] Spikes
|faint|p1a: Camerupt
|
|switch|p1a: Magneton|Magneton|304\/304
|-damage|p1a: Magneton|266\/304|[from] Spikes
|turn|21
|join|Bud Hertz
|c| YELLow SKARMORY!!!|Here is jolteon
|c| viaw|is that how it works tho colb
|
|move|p2a: Jolteon|Shadow Ball|p1a: Magneton
|-damage|p1a: Magneton|185\/304
|-unboost|p1a: Magneton|spd|1
|move|p1a: Magneton|Flash Cannon|p2a: Jolteon
|-resisted|p2a: Jolteon
|-damage|p2a: Jolteon|163\/271
|
|turn|22
|c|âRowDog|kek
|c| Colbrushie|oof
|c| Bud Hertz|big spdef drop
|
|move|p2a: Jolteon|Shadow Ball|p1a: Magneton
|-damage|p1a: Magneton|71\/304
|move|p1a: Magneton|Flash Cannon|p2a: Jolteon
|-resisted|p2a: Jolteon
|-damage|p2a: Jolteon|90\/271
|
|turn|23
|c|âKing UU|gg
|
|move|p2a: Jolteon|Shadow Ball|p1a: Magneton
|-damage|p1a: Magneton|0 fnt
|faint|p1a: Magneton
|
|win|King UU
|c| YELLow SKARMORY!!!|gg
|c|âKing UU|yay snorlax
|c|âRowDog|gg
|c| viaw|dayum
|c| YELLow SKARMORY!!!|wow