|join|RowDog
|join|food for thot
|player|p1|RowDog|80
|player|p2|food for thot|23
|gametype|singles
|gen|6
|tier|UU
|rated
|rule|Sleep Clause Mod: Limit one foe put to sleep
|rule|Species Clause: Limit one of each PokÃ©mon
|rule|OHKO Clause: OHKO moves are banned
|rule|Moody Clause: Moody is banned
|rule|Evasion Moves Clause: Evasion moves are banned
|rule|Endless Battle Clause: Forcing endless battles is banned
|rule|HP Percentage Mod: HP is shown in percentages
|clearpoke
|poke|p1|Tentacruel, F
|poke|p1|Chesnaught, F
|poke|p1|Aggron, F
|poke|p1|Florges, F
|poke|p1|Goodra, F
|poke|p1|Gastrodon, M
|poke|p2|Jirachi
|poke|p2|Dugtrio, F
|poke|p2|Forretress, F
|poke|p2|Vaporeon, M
|poke|p2|Hydreigon, M
|poke|p2|Celebi
|rule|Swagger Clause: Swagger is banned
|rule|Baton Pass Clause: Limit one PokÃ©mon knowing Baton Pass
|teampreview
|c|âfood for thot|sniped
|c|âRowDog|Sniping whom?
|
|start
|switch|p1a: Aggron|Aggron, F|344\/344
|switch|p2a: Hydreigon|Hydreigon, M|325\/325
|turn|1
|
|detailschange|p1a: Aggron|Aggron-Mega, F
|message|Aggron has Mega Evolved into Mega Aggron!
|move|p2a: Hydreigon|Dark Pulse|p1a: Aggron
|-damage|p1a: Aggron|227\/344
|move|p1a: Aggron|Stealth Rock|p2a: Hydreigon
|-sidestart|p2: food for thot|move: Stealth Rock
|
|turn|2
|
|switch|p2a: Maya|Jirachi|342\/342
|-damage|p2a: Maya|321\/342|[from] Stealth Rock
|switch|p1a: Chesnaught|Chesnaught, F|380\/380
|
|turn|3
|
|move|p2a: Maya|Doom Desire|p1a: Chesnaught
|-start|p2a: Maya|Doom Desire
|move|p1a: Chesnaught|Spikes|p2a: Maya
|-sidestart|p2: food for thot|Spikes
|
|turn|4
|
|switch|p2a: Salvador|Forretress, F|354\/354
|-damage|p2a: Salvador|310\/354|[from] Spikes
|-damage|p2a: Salvador|266\/354|[from] Stealth Rock
|move|p1a: Chesnaught|Roar|p2a: Salvador
|drag|p2a: Axton|Dugtrio, F|212\/212
|-damage|p2a: Axton|199\/212|[from] Stealth Rock
|-damage|p2a: Axton|173\/212|[from] Spikes
|
|turn|5
|
|switch|p2a: Gaige|Celebi|361\/361
|-damage|p2a: Gaige|316\/361|[from] Spikes
|-damage|p2a: Gaige|271\/361|[from] Stealth Rock
|move|p1a: Chesnaught|Spiky Shield|p1a: Chesnaught
|-fail|p1a: Chesnaught
|
|-message|Doom Desire hit! (placeholder)
|-damage|p1a: Chesnaught|0 fnt
|-heal|p2a: Gaige|293\/361|[from] item: Leftovers
|faint|p1a: Chesnaught
|c|âfood for thot|rip
|c|âRowDog|damn
|
|switch|p1a: Goodra|Goodra, F|373\/373
|turn|6
|
|move|p2a: Gaige|Recover|p2a: Gaige
|-heal|p2a: Gaige|361\/361
|move|p1a: Goodra|Dragon Tail|p2a: Gaige
|-damage|p2a: Gaige|217\/361
|drag|p2a: Salvador|Forretress, F|266\/354
|-damage|p2a: Salvador|222\/354|[from] Stealth Rock
|-damage|p2a: Salvador|178\/354|[from] Spikes
|
|-heal|p2a: Salvador|200\/354|[from] item: Leftovers
|turn|7
|
|move|p2a: Salvador|Rapid Spin|p1a: Goodra
|-damage|p1a: Goodra|357\/373
|-sideend|p2: food for thot|Spikes|[from] move: Rapid Spin|[of] p2a: Salvador
|-sideend|p2: food for thot|Stealth Rock|[from] move: Rapid Spin|[of] p2a: Salvador
|move|p1a: Goodra|Dragon Tail|p2a: Salvador|[miss]
|-miss|p1a: Goodra|p2a: Salvador
|
|-heal|p2a: Salvador|222\/354|[from] item: Leftovers
|turn|8
|c|âRowDog|oh comeon
|
|switch|p1a: Tentacruel|Tentacruel, F|363\/363
|move|p2a: Salvador|Stealth Rock|p1a: Tentacruel
|-sidestart|p1: RowDog|move: Stealth Rock
|
|-heal|p2a: Salvador|244\/354|[from] item: Leftovers
|turn|9
|
|move|p1a: Tentacruel|Toxic Spikes|p2a: Salvador
|-sidestart|p2: food for thot|move: Toxic Spikes
|move|p2a: Salvador|Volt Switch|p1a: Tentacruel
|-supereffective|p1a: Tentacruel
|-damage|p1a: Tentacruel|295\/363
|
|switch|p2a: Axton|Dugtrio, F|173\/212
|-status|p2a: Axton|psn
|
|-heal|p1a: Tentacruel|317\/363|[from] item: Black Sludge
|-damage|p2a: Axton|147\/212 psn|[from] psn
|turn|10
|c|âfood for thot|nice n ez
|c|âfood for thot|reveal shed shell
|
|move|p2a: Axton|Earthquake|p1a: Tentacruel
|-supereffective|p1a: Tentacruel
|-damage|p1a: Tentacruel|0 fnt
|faint|p1a: Tentacruel
|
|-damage|p2a: Axton|121\/212 psn|[from] psn
|
|switch|p1a: Florges|Florges, F|360\/360
|-damage|p1a: Florges|315\/360|[from] Stealth Rock
|turn|11
|c|âRowDog|Canât believe I roared you into bloody Duggy
|
|switch|p2a: Maya|Jirachi|321\/342
|move|p1a: Florges|Wish|p1a: Florges
|
|-heal|p1a: Florges|337\/360|[from] item: Leftovers
|turn|12
|
|switch|p1a: Aggron|Aggron-Mega, F|227\/344
|-damage|p1a: Aggron|206\/344|[from] Stealth Rock
|move|p2a: Maya|Doom Desire|p1a: Aggron
|-start|p2a: Maya|Doom Desire
|
|-heal|p1a: Aggron|344\/344|[from] move: Wish|[wisher] Florges
|turn|13
|
|switch|p2a: Hydreigon|Hydreigon, M|325\/325
|move|p1a: Aggron|Stealth Rock|p2a: Hydreigon
|-sidestart|p2: food for thot|move: Stealth Rock
|
|turn|14
|c|âfood for thot|eat this up
|
|switch|p1a: Gastrodon|Gastrodon, M|426\/426
|-damage|p1a: Gastrodon|400\/426|[from] Stealth Rock
|move|p2a: Hydreigon|Dark Pulse|p1a: Gastrodon
|-damage|p1a: Gastrodon|271\/426
|
|-message|Doom Desire hit! (placeholder)
|-resisted|p1a: Gastrodon
|-damage|p1a: Gastrodon|130\/426
|-heal|p1a: Gastrodon|156\/426|[from] item: Leftovers
|turn|15
|c|âRowDog|k
|
|switch|p2a: Salvador|Forretress, F|244\/354
|-damage|p2a: Salvador|200\/354|[from] Stealth Rock
|move|p1a: Gastrodon|Recover|p1a: Gastrodon
|-heal|p1a: Gastrodon|369\/426
|
|-heal|p2a: Salvador|222\/354|[from] item: Leftovers
|-heal|p1a: Gastrodon|395\/426|[from] item: Leftovers
|turn|16
|
|move|p2a: Salvador|Rapid Spin|p1a: Gastrodon
|-damage|p1a: Gastrodon|382\/426
|-sideend|p2: food for thot|Toxic Spikes|[from] move: Rapid Spin|[of] p2a: Salvador
|-sideend|p2: food for thot|Stealth Rock|[from] move: Rapid Spin|[of] p2a: Salvador
|move|p1a: Gastrodon|Scald|p2a: Salvador
|-damage|p2a: Salvador|101\/354
|
|-heal|p2a: Salvador|123\/354|[from] item: Leftovers
|-heal|p1a: Gastrodon|408\/426|[from] item: Leftovers
|turn|17
|
|switch|p2a: Gaige|Celebi|217\/361
|move|p1a: Gastrodon|Earthquake|p2a: Gaige
|-resisted|p2a: Gaige
|-damage|p2a: Gaige|171\/361
|
|-heal|p2a: Gaige|193\/361|[from] item: Leftovers
|-heal|p1a: Gastrodon|426\/426|[from] item: Leftovers
|turn|18
|
|switch|p1a: Goodra|Goodra, F|357\/373
|-damage|p1a: Goodra|311\/373|[from] Stealth Rock
|move|p2a: Gaige|Heal Bell|p2a: Gaige
|-cureteam|p2a: Gaige|[from] move: HealBell
|
|-heal|p2a: Gaige|215\/361|[from] item: Leftovers
|turn|19
|
|move|p2a: Gaige|Recover|p2a: Gaige
|-heal|p2a: Gaige|361\/361
|move|p1a: Goodra|Outrage|p2a: Gaige
|-damage|p2a: Gaige|88\/361
|
|-heal|p2a: Gaige|110\/361|[from] item: Leftovers
|turn|20
|
|move|p2a: Gaige|Recover|p2a: Gaige
|-heal|p2a: Gaige|291\/361
|move|p1a: Goodra|Outrage|p2a: Gaige
|-damage|p2a: Gaige|0 fnt
|faint|p2a: Gaige
|
|-end|p1a: Goodra|rampage
|-start|p1a: Goodra|confusion
|c|âRowDog|ouch
|c|âfood for thot|hax
|c|âfood for thot|wow
|
|switch|p2a: Axton|Dugtrio, F|121\/212
|turn|21
|
|move|p2a: Axton|Earthquake|p1a: Goodra
|-damage|p1a: Goodra|49\/373
|-activate|p1a: Goodra|confusion
|-damage|p1a: Goodra|0 fnt|[from] confusion
|faint|p1a: Goodra
|
|c|âRowDog|fck you
|
|switch|p1a: Gastrodon|Gastrodon, M|426\/426
|-damage|p1a: Gastrodon|400\/426|[from] Stealth Rock
|turn|22
|c|âRowDog|that last bit was haz
|c|âRowDog|*hax
|c|âfood for thot|ok how do i kill this
|
|switch|p2a: Maya|Jirachi|321\/342
|move|p1a: Gastrodon|Curse|p1a: Gastrodon
|-boost|p1a: Gastrodon|atk|1
|-boost|p1a: Gastrodon|def|1
|-unboost|p1a: Gastrodon|spe|1
|
|-heal|p1a: Gastrodon|426\/426|[from] item: Leftovers
|turn|23
|c|âRowDog|you don't
|
|switch|p1a: Aggron|Aggron-Mega, F|344\/344
|-damage|p1a: Aggron|323\/344|[from] Stealth Rock
|move|p2a: Maya|Doom Desire|p1a: Aggron
|-start|p2a: Maya|Doom Desire
|
|turn|24
|
|switch|p2a: Zero|Vaporeon, M|464\/464
|move|p1a: Aggron|Stealth Rock|p2a: Zero
|-sidestart|p2: food for thot|move: Stealth Rock
|
|turn|25
|
|switch|p1a: Gastrodon|Gastrodon, M|426\/426
|-damage|p1a: Gastrodon|400\/426|[from] Stealth Rock
|move|p2a: Zero|Wish|p2a: Zero
|
|-message|Doom Desire hit! (placeholder)
|-resisted|p1a: Gastrodon
|-damage|p1a: Gastrodon|244\/426
|-heal|p1a: Gastrodon|270\/426|[from] item: Leftovers
|turn|26
|
|move|p2a: Zero|Baton Pass|p2a: Zero
|
|switch|p2a: Hydreigon|Hydreigon, M|325\/325
|-damage|p2a: Hydreigon|285\/325|[from] Stealth Rock
|move|p1a: Gastrodon|Scald|p2a: Hydreigon
|-resisted|p2a: Hydreigon
|-damage|p2a: Hydreigon|237\/325
|
|-heal|p2a: Hydreigon|325\/325|[from] move: Wish|[wisher] Zero
|-heal|p1a: Gastrodon|296\/426|[from] item: Leftovers
|turn|27
|c|âRowDog|burn
|c|âRowDog|aids
|
|switch|p1a: Florges|Florges, F|337\/360
|-damage|p1a: Florges|292\/360|[from] Stealth Rock
|move|p2a: Hydreigon|Dark Pulse|p1a: Florges
|-resisted|p1a: Florges
|-damage|p1a: Florges|246\/360
|
|-heal|p1a: Florges|268\/360|[from] item: Leftovers
|turn|28
|
|switch|p2a: Salvador|Forretress, F|123\/354
|-damage|p2a: Salvador|79\/354|[from] Stealth Rock
|move|p1a: Florges|Wish|p1a: Florges
|
|-heal|p1a: Florges|290\/360|[from] item: Leftovers
|-heal|p2a: Salvador|101\/354|[from] item: Leftovers
|turn|29
|
|move|p1a: Florges|Moonblast|p2a: Salvador
|-resisted|p2a: Salvador
|-damage|p2a: Salvador|15\/354
|move|p2a: Salvador|Rapid Spin|p1a: Florges
|-damage|p1a: Florges|278\/360
|-sideend|p2: food for thot|Stealth Rock|[from] move: Rapid Spin|[of] p2a: Salvador
|
|-heal|p1a: Florges|360\/360|[from] move: Wish|[wisher] Florges
|-heal|p2a: Salvador|37\/354|[from] item: Leftovers
|turn|30
|
|move|p1a: Florges|Wish|p1a: Florges
|move|p2a: Salvador|Volt Switch|p1a: Florges
|-damage|p1a: Florges|333\/360
|
|switch|p2a: Axton|Dugtrio, F|121\/212
|
|-heal|p1a: Florges|355\/360|[from] item: Leftovers
|turn|31
|
|move|p2a: Axton|Earthquake|p1a: Florges
|-damage|p1a: Florges|163\/360
|move|p1a: Florges|Moonblast|p2a: Axton
|-damage|p2a: Axton|0 fnt
|faint|p2a: Axton
|
|-heal|p1a: Florges|343\/360|[from] move: Wish|[wisher] Florges
|-heal|p1a: Florges|360\/360|[from] item: Leftovers
|
|switch|p2a: Maya|Jirachi|321\/342
|turn|32
|
|move|p1a: Florges|Protect|p1a: Florges
|-singleturn|p1a: Florges|Protect
|move|p2a: Maya|Doom Desire|p1a: Florges
|-start|p2a: Maya|Doom Desire
|
|turn|33
|
|switch|p2a: Zero|Vaporeon, M|464\/464
|move|p1a: Florges|Wish|p1a: Florges
|
|turn|34
|
|switch|p1a: Gastrodon|Gastrodon, M|296\/426
|-damage|p1a: Gastrodon|270\/426|[from] Stealth Rock
|move|p2a: Zero|Baton Pass|p2a: Zero
|
|switch|p2a: Maya|Jirachi|321\/342
|
|-message|Doom Desire hit! (placeholder)
|-resisted|p1a: Gastrodon
|-damage|p1a: Gastrodon|113\/426
|-heal|p1a: Gastrodon|293\/426|[from] move: Wish|[wisher] Florges
|-heal|p1a: Gastrodon|319\/426|[from] item: Leftovers
|turn|35
|
|switch|p2a: Hydreigon|Hydreigon, M|325\/325
|switch|p1a: Aggron|Aggron-Mega, F|323\/344
|-damage|p1a: Aggron|302\/344|[from] Stealth Rock
|
|turn|36
|
|move|p2a: Hydreigon|Fire Blast|p1a: Aggron
|-supereffective|p1a: Aggron
|-damage|p1a: Aggron|145\/344
|move|p1a: Aggron|Stealth Rock|p2a: Hydreigon
|-sidestart|p2: food for thot|move: Stealth Rock
|
|turn|37
|
|switch|p2a: Salvador|Forretress, F|37\/354
|-damage|p2a: Salvador|0 fnt|[from] Stealth Rock
|faint|p2a: Salvador
|switch|p1a: Gastrodon|Gastrodon, M|319\/426
|-damage|p1a: Gastrodon|293\/426|[from] Stealth Rock
|
|-heal|p1a: Gastrodon|319\/426|[from] item: Leftovers
|
|switch|p2a: Maya|Jirachi|321\/342
|-damage|p2a: Maya|300\/342|[from] Stealth Rock
|turn|38
|
|switch|p1a: Aggron|Aggron-Mega, F|145\/344
|-damage|p1a: Aggron|124\/344|[from] Stealth Rock
|move|p2a: Maya|Psyshock|p1a: Aggron
|-resisted|p1a: Aggron
|-damage|p1a: Aggron|78\/344
|
|turn|39
|
|move|p2a: Maya|Psyshock|p1a: Aggron
|-resisted|p1a: Aggron
|-damage|p1a: Aggron|37\/344
|move|p1a: Aggron|Earthquake|p2a: Maya
|-supereffective|p2a: Maya
|-damage|p2a: Maya|82\/342
|
|turn|40
|
|move|p2a: Maya|Psyshock|p1a: Aggron
|-resisted|p1a: Aggron
|-damage|p1a: Aggron|0 fnt
|faint|p1a: Aggron
|
|
|switch|p1a: Gastrodon|Gastrodon, M|319\/426
|-damage|p1a: Gastrodon|293\/426|[from] Stealth Rock
|turn|41
|
|switch|p2a: Zero|Vaporeon, M|464\/464
|-damage|p2a: Zero|406\/464|[from] Stealth Rock
|move|p1a: Gastrodon|Recover|p1a: Gastrodon
|-heal|p1a: Gastrodon|426\/426
|
|-heal|p2a: Zero|435\/464|[from] item: Leftovers
|turn|42
|
|move|p2a: Zero|Wish|p2a: Zero
|move|p1a: Gastrodon|Curse|p1a: Gastrodon
|-boost|p1a: Gastrodon|atk|1
|-boost|p1a: Gastrodon|def|1
|-unboost|p1a: Gastrodon|spe|1
|
|-heal|p2a: Zero|464\/464|[from] item: Leftovers
|turn|43
|
|move|p2a: Zero|Baton Pass|p2a: Zero
|
|switch|p2a: Hydreigon|Hydreigon, M|325\/325
|-damage|p2a: Hydreigon|285\/325|[from] Stealth Rock
|move|p1a: Gastrodon|Earthquake|p2a: Hydreigon
|-immune|p2a: Hydreigon|[msg]
|
|-heal|p2a: Hydreigon|325\/325|[from] move: Wish|[wisher] Zero
|turn|44
|
|move|p2a: Hydreigon|Dark Pulse|p1a: Gastrodon
|-damage|p1a: Gastrodon|282\/426
|move|p1a: Gastrodon|Recover|p1a: Gastrodon
|-heal|p1a: Gastrodon|426\/426
|
|turn|45
|
|move|p2a: Hydreigon|Dark Pulse|p1a: Gastrodon
|-damage|p1a: Gastrodon|291\/426
|move|p1a: Gastrodon|Scald|p2a: Hydreigon
|-resisted|p2a: Hydreigon
|-damage|p2a: Hydreigon|278\/325
|-status|p2a: Hydreigon|brn
|
|-heal|p1a: Gastrodon|317\/426|[from] item: Leftovers
|-damage|p2a: Hydreigon|238\/325 brn|[from] brn
|turn|46
|c|âfood for thot|wow hax
|c|âRowDog|score
|
|move|p2a: Hydreigon|Dark Pulse|p1a: Gastrodon
|-crit|p1a: Gastrodon
|-damage|p1a: Gastrodon|113\/426
|move|p1a: Gastrodon|Recover|p1a: Gastrodon
|-heal|p1a: Gastrodon|326\/426
|
|-heal|p1a: Gastrodon|352\/426|[from] item: Leftovers
|-damage|p2a: Hydreigon|198\/325 brn|[from] brn
|turn|47
|
|move|p2a: Hydreigon|Dark Pulse|p1a: Gastrodon
|-damage|p1a: Gastrodon|208\/426
|move|p1a: Gastrodon|Recover|p1a: Gastrodon
|-heal|p1a: Gastrodon|421\/426
|
|-heal|p1a: Gastrodon|426\/426|[from] item: Leftovers
|-damage|p2a: Hydreigon|158\/325 brn|[from] brn
|turn|48
|c|âfood for thot|flinch where
|
|move|p2a: Hydreigon|Dark Pulse|p1a: Gastrodon
|-damage|p1a: Gastrodon|293\/426
|move|p1a: Gastrodon|Curse|p1a: Gastrodon
|-boost|p1a: Gastrodon|atk|1
|-boost|p1a: Gastrodon|def|1
|-unboost|p1a: Gastrodon|spe|1
|
|-heal|p1a: Gastrodon|319\/426|[from] item: Leftovers
|-damage|p2a: Hydreigon|118\/325 brn|[from] brn
|turn|49
|
|switch|p2a: Maya|Jirachi|82\/342
|-damage|p2a: Maya|61\/342|[from] Stealth Rock
|move|p1a: Gastrodon|Recover|p1a: Gastrodon
|-heal|p1a: Gastrodon|426\/426
|
|turn|50
|
|move|p2a: Maya|Trick|p1a: Gastrodon
|-activate|p2a: Maya|move: Trick|[of] p1a: Gastrodon
|-item|p1a: Gastrodon|Choice Specs|[from] move: Trick
|-item|p2a: Maya|Leftovers|[from] move: Trick
|move|p1a: Gastrodon|Earthquake|p2a: Maya
|-supereffective|p2a: Maya
|-damage|p2a: Maya|0 fnt
|faint|p2a: Maya
|
|
|switch|p2a: Zero|Vaporeon, M|464\/464
|-damage|p2a: Zero|406\/464|[from] Stealth Rock
|turn|51
|
|move|p2a: Zero|Wish|p2a: Zero
|move|p1a: Gastrodon|Earthquake|p2a: Zero
|-damage|p2a: Zero|156\/464
|
|-heal|p2a: Zero|185\/464|[from] item: Leftovers
|turn|52
|
|move|p2a: Zero|Protect|p2a: Zero
|-singleturn|p2a: Zero|Protect
|move|p1a: Gastrodon|Earthquake|p2a: Zero
|-activate|p2a: Zero|Protect
|
|-heal|p2a: Zero|417\/464|[from] move: Wish|[wisher] Zero
|-heal|p2a: Zero|446\/464|[from] item: Leftovers
|turn|53
|
|move|p2a: Zero|Wish|p2a: Zero
|move|p1a: Gastrodon|Earthquake|p2a: Zero
|-damage|p2a: Zero|160\/464
|
|-heal|p2a: Zero|189\/464|[from] item: Leftovers
|turn|54
|
|move|p2a: Zero|Protect|p2a: Zero
|-singleturn|p2a: Zero|Protect
|move|p1a: Gastrodon|Earthquake|p2a: Zero
|-activate|p2a: Zero|Protect
|
|-heal|p2a: Zero|421\/464|[from] move: Wish|[wisher] Zero
|-heal|p2a: Zero|450\/464|[from] item: Leftovers
|turn|55
|
|move|p2a: Zero|Wish|p2a: Zero
|move|p1a: Gastrodon|Earthquake|p2a: Zero
|-damage|p2a: Zero|170\/464
|
|-heal|p2a: Zero|199\/464|[from] item: Leftovers
|turn|56
|
|switch|p1a: Florges|Florges, F|360\/360
|-damage|p1a: Florges|315\/360|[from] Stealth Rock
|move|p2a: Zero|Baton Pass|p2a: Zero
|
|switch|p2a: Hydreigon|Hydreigon, M|118\/325 brn
|-damage|p2a: Hydreigon|78\/325 brn|[from] Stealth Rock
|
|-heal|p2a: Hydreigon|310\/325 brn|[from] move: Wish|[wisher] Zero
|-heal|p1a: Florges|337\/360|[from] item: Leftovers
|-damage|p2a: Hydreigon|270\/325 brn|[from] brn
|turn|57
|c|âfood for thot|rip
|
|move|p2a: Hydreigon|U-turn|p1a: Florges
|-resisted|p1a: Florges
|-damage|p1a: Florges|325\/360
|
|switch|p2a: Zero|Vaporeon, M|199\/464
|-damage|p2a: Zero|141\/464|[from] Stealth Rock
|move|p1a: Florges|Moonblast|p2a: Zero
|-crit|p2a: Zero
|-damage|p2a: Zero|0 fnt
|faint|p2a: Zero
|
|-heal|p1a: Florges|347\/360|[from] item: Leftovers
|c|âRowDog|:3
|
|switch|p2a: Hydreigon|Hydreigon, M|270\/325 brn
|-damage|p2a: Hydreigon|230\/325 brn|[from] Stealth Rock
|turn|58
|c|âRowDog|gg
|c|âRowDog|hacketr
|c|âfood for thot|should i reveal ebelt
|c|âfood for thot|and iron tail
|c|âRowDog|you should
|c|âRowDog|but you won't
|
|move|p2a: Hydreigon|Fire Blast|p1a: Florges
|-damage|p1a: Florges|259\/360
|move|p1a: Florges|Moonblast|p2a: Hydreigon
|-supereffective|p2a: Hydreigon
|-damage|p2a: Hydreigon|0 fnt
|faint|p2a: Hydreigon
|
|win|RowDog
|raw|Ladder updating...
|raw|RowDog's rating: 1616 &rarr; <strong>1637<\/strong><br \/>(+21 for winning)
|raw|food for thot's rating: 1647 &rarr; <strong>1625<\/strong><br \/>(-22 for losing)
|c|âfood for thot|nb peasant
|c|âRowDog|pfft