|join|RowDog
|join|waivfu
|player|p1|RowDog|80
|player|p2|waivfu|286
|gametype|singles
|gen|6
|tier|UU
|rated
|rule|Sleep Clause Mod: Limit one foe put to sleep
|rule|Species Clause: Limit one of each PokÃ©mon
|rule|OHKO Clause: OHKO moves are banned
|rule|Moody Clause: Moody is banned
|rule|Evasion Moves Clause: Evasion moves are banned
|rule|Endless Battle Clause: Forcing endless battles is banned
|rule|HP Percentage Mod: HP is shown in percentages
|clearpoke
|poke|p1|Zygarde
|poke|p1|Tentacruel, F
|poke|p1|Fletchinder, M
|poke|p1|Audino, F
|poke|p1|Shaymin
|poke|p1|Bronzong
|poke|p2|Dragalge, M
|poke|p2|Dugtrio, F
|poke|p2|Kyurem
|poke|p2|Jirachi
|poke|p2|Jellicent, F
|poke|p2|Chesnaught, F
|rule|Swagger Clause: Swagger is banned
|rule|Baton Pass Clause: Limit one PokÃ©mon knowing Baton Pass
|teampreview
|c|âwaivfu|o
|c|âwaivfu|rowan
|c|âwaivfu|:)
|c|âRowDog|hi lol
|c|âRowDog|hmm
|
|start
|switch|p1a: Audino|Audino, F|410\/410
|switch|p2a: Chesnaught|Chesnaught, F|380\/380
|turn|1
|
|detailschange|p1a: Audino|Audino-Mega, F
|message|Audino has Mega Evolved into Mega Audino!
|move|p2a: Chesnaught|Spikes|p1a: Audino
|-sidestart|p1: RowDog|Spikes
|move|p1a: Audino|Dazzling Gleam|p2a: Chesnaught
|-supereffective|p2a: Chesnaught
|-damage|p2a: Chesnaught|174\/380
|
|-heal|p2a: Chesnaught|197\/380|[from] item: Leftovers
|turn|2
|
|switch|p2a: Jirachi|Jirachi|341\/341
|move|p1a: Audino|Wish|p1a: Audino
|
|turn|3
|
|switch|p1a: Tentacruel|Tentacruel, F|361\/361
|-damage|p1a: Tentacruel|316\/361|[from] Spikes
|move|p2a: Jirachi|Body Slam|p1a: Tentacruel
|-damage|p1a: Tentacruel|234\/361
|-status|p1a: Tentacruel|par
|
|-heal|p1a: Tentacruel|361\/361 par|[from] move: Wish|[wisher] Audino
|turn|4
|c|âwaivfu|para here
|c|âwaivfu|for the win
|
|switch|p2a: Dugtrio|Dugtrio, F|211\/211
|cant|p1a: Tentacruel|par
|
|turn|5
|c|âRowDog|your a shit
|c|âwaivfu|HAHA
|
|move|p2a: Dugtrio|Earthquake|p1a: Tentacruel
|-supereffective|p1a: Tentacruel
|-damage|p1a: Tentacruel|0 fnt
|faint|p1a: Tentacruel
|
|c|âwaivfu|oh rowan
|c|âwaivfu|:)
|
|switch|p1a: Fletchinder|Fletchinder, M|327\/327
|turn|6
|
|switch|p2a: Kyurem|Kyurem|454\/454
|-ability|p2a: Kyurem|Pressure
|move|p1a: Fletchinder|Acrobatics|p2a: Kyurem
|-damage|p2a: Kyurem|297\/454
|
|turn|7
|
|switch|p1a: Bronzong|Bronzong|296\/296
|move|p2a: Kyurem|Roost|p2a: Kyurem
|-heal|p2a: Kyurem|454\/454
|
|turn|8
|
|switch|p2a: Dragalge|Dragalge, M|334\/334
|move|p1a: Bronzong|Stealth Rock|p2a: Dragalge
|-sidestart|p2: waivfu|move: Stealth Rock
|
|turn|9
|
|move|p2a: Dragalge|Toxic Spikes|p1a: Bronzong
|-sidestart|p1: RowDog|move: Toxic Spikes
|move|p1a: Bronzong|Earthquake|p2a: Dragalge
|-supereffective|p2a: Dragalge
|-damage|p2a: Dragalge|176\/334
|
|-heal|p2a: Dragalge|196\/334|[from] item: Black Sludge
|turn|10
|
|switch|p2a: Jellicent|Jellicent, F|404\/404
|-damage|p2a: Jellicent|354\/404|[from] Stealth Rock
|move|p1a: Bronzong|Earthquake|p2a: Jellicent
|-damage|p2a: Jellicent|268\/404
|
|-heal|p2a: Jellicent|293\/404|[from] item: Leftovers
|turn|11
|
|move|p2a: Jellicent|Scald|p1a: Bronzong
|-damage|p1a: Bronzong|223\/296
|move|p1a: Bronzong|Toxic|p2a: Jellicent
|-status|p2a: Jellicent|tox
|
|-heal|p2a: Jellicent|318\/404 tox|[from] item: Leftovers
|-heal|p1a: Bronzong|241\/296|[from] item: Leftovers
|-damage|p2a: Jellicent|293\/404 tox|[from] psn
|turn|12
|
|switch|p1a: Shaymin|Shaymin|341\/341
|-status|p1a: Shaymin|psn
|-damage|p1a: Shaymin|299\/341 psn|[from] Spikes
|move|p2a: Jellicent|Recover|p2a: Jellicent
|-heal|p2a: Jellicent|404\/404 tox
|
|-damage|p1a: Shaymin|257\/341 psn|[from] psn
|-damage|p2a: Jellicent|354\/404 tox|[from] psn
|turn|13
|
|switch|p2a: Dragalge|Dragalge, M|196\/334
|-damage|p2a: Dragalge|155\/334|[from] Stealth Rock
|move|p1a: Shaymin|Earth Power|p2a: Dragalge
|-supereffective|p2a: Dragalge
|-damage|p2a: Dragalge|0 fnt
|-damage|p1a: Shaymin|223\/341 psn|[from] item: Life Orb
|faint|p2a: Dragalge
|
|-damage|p1a: Shaymin|181\/341 psn|[from] psn
|
|switch|p2a: Dugtrio|Dugtrio, F|211\/211
|-damage|p2a: Dugtrio|198\/211|[from] Stealth Rock
|turn|14
|
|move|p2a: Dugtrio|Night Slash|p1a: Shaymin
|-damage|p1a: Shaymin|84\/341 psn
|move|p1a: Shaymin|Psychic|p2a: Dugtrio
|-damage|p2a: Dugtrio|34\/211
|-damage|p1a: Shaymin|50\/341 psn|[from] item: Life Orb
|
|-damage|p1a: Shaymin|8\/341 psn|[from] psn
|turn|15
|c|âRowDog|feck
|
|move|p2a: Dugtrio|Night Slash|p1a: Shaymin
|-damage|p1a: Shaymin|0 fnt
|faint|p1a: Shaymin
|
|
|switch|p1a: Fletchinder|Fletchinder, M|327\/327
|turn|16
|c|âwaivfu|g_g
|c|âwaivfu|fletch sweeps now probs
|
|move|p2a: Dugtrio|Night Slash|p1a: Fletchinder
|-damage|p1a: Fletchinder|185\/327
|move|p1a: Fletchinder|Swords Dance|p1a: Fletchinder
|-boost|p1a: Fletchinder|atk|2
|
|turn|17
|
|move|p2a: Dugtrio|Night Slash|p1a: Fletchinder
|-damage|p1a: Fletchinder|36\/327
|move|p1a: Fletchinder|Swords Dance|p1a: Fletchinder
|-boost|p1a: Fletchinder|atk|2
|
|turn|18
|
|move|p1a: Fletchinder|Acrobatics|p2a: Dugtrio
|-damage|p2a: Dugtrio|0 fnt
|faint|p2a: Dugtrio
|
|
|switch|p2a: Chesnaught|Chesnaught, F|197\/380
|-damage|p2a: Chesnaught|174\/380|[from] Stealth Rock
|turn|19
|
|move|p1a: Fletchinder|Roost|p1a: Fletchinder
|-heal|p1a: Fletchinder|200\/327
|move|p2a: Chesnaught|Drain Punch|p1a: Fletchinder
|-damage|p1a: Fletchinder|46\/327
|-heal|p2a: Chesnaught|251\/380|[from] drain|[of] p1a: Fletchinder
|
|-heal|p2a: Chesnaught|274\/380|[from] item: Leftovers
|turn|20
|
|move|p2a: Chesnaught|Spiky Shield|p2a: Chesnaught
|-singleturn|p2a: Chesnaught|move: Protect
|move|p1a: Fletchinder|Acrobatics|p2a: Chesnaught
|-activate|p2a: Chesnaught|move: Protect
|-damage|p1a: Fletchinder|6\/327|[from] Spiky Shield|[of] p2a: Chesnaught
|
|-heal|p2a: Chesnaught|297\/380|[from] item: Leftovers
|turn|21
|
|move|p1a: Fletchinder|Acrobatics|p2a: Chesnaught
|-supereffective|p2a: Chesnaught
|-damage|p2a: Chesnaught|0 fnt
|faint|p2a: Chesnaught
|
|c|âwaivfu|well
|c|âwaivfu|that plan didn't work
|c|âwaivfu|LOL
|
|switch|p2a: Jirachi|Jirachi|341\/341
|-damage|p2a: Jirachi|320\/341|[from] Stealth Rock
|turn|22
|
|move|p1a: Fletchinder|Roost|p1a: Fletchinder
|-heal|p1a: Fletchinder|170\/327
|move|p2a: Jirachi|Iron Head|p1a: Fletchinder
|-resisted|p1a: Fletchinder
|-damage|p1a: Fletchinder|66\/327
|
|turn|23
|
|move|p1a: Fletchinder|Roost|p1a: Fletchinder
|-heal|p1a: Fletchinder|230\/327
|move|p2a: Jirachi|Iron Head|p1a: Fletchinder
|-resisted|p1a: Fletchinder
|-damage|p1a: Fletchinder|135\/327
|
|turn|24
|
|move|p1a: Fletchinder|Roost|p1a: Fletchinder
|-heal|p1a: Fletchinder|299\/327
|move|p2a: Jirachi|Iron Head|p1a: Fletchinder
|-resisted|p1a: Fletchinder
|-damage|p1a: Fletchinder|203\/327
|
|turn|25
|
|move|p2a: Jirachi|Iron Head|p1a: Fletchinder
|-resisted|p1a: Fletchinder
|-damage|p1a: Fletchinder|111\/327
|cant|p1a: Fletchinder|flinch
|
|turn|26
|
|move|p1a: Fletchinder|Roost|p1a: Fletchinder
|-heal|p1a: Fletchinder|275\/327
|move|p2a: Jirachi|Iron Head|p1a: Fletchinder
|-resisted|p1a: Fletchinder
|-damage|p1a: Fletchinder|181\/327
|
|turn|27
|c|âwaivfu|g_g
|
|switch|p2a: Kyurem|Kyurem|454\/454
|-damage|p2a: Kyurem|341\/454|[from] Stealth Rock
|-ability|p2a: Kyurem|Pressure
|move|p1a: Fletchinder|Will-O-Wisp|p2a: Kyurem|[miss]
|-miss|p1a: Fletchinder|p2a: Kyurem
|
|turn|28
|
|move|p1a: Fletchinder|Acrobatics|p2a: Kyurem
|-damage|p2a: Kyurem|0 fnt
|faint|p2a: Kyurem
|
|
|switch|p2a: Jellicent|Jellicent, F|354\/404 tox
|-damage|p2a: Jellicent|304\/404 tox|[from] Stealth Rock
|turn|29
|
|move|p1a: Fletchinder|Acrobatics|p2a: Jellicent
|-damage|p2a: Jellicent|0 fnt
|faint|p2a: Jellicent
|
|c|âRowDog|Fletch is god
|c|âwaivfu|ye ahah
|
|switch|p2a: Jirachi|Jirachi|320\/341
|-damage|p2a: Jirachi|299\/341|[from] Stealth Rock
|turn|30
|
|move|p1a: Fletchinder|Roost|p1a: Fletchinder
|-heal|p1a: Fletchinder|327\/327
|move|p2a: Jirachi|Zen Headbutt|p1a: Fletchinder
|-crit|p1a: Fletchinder
|-damage|p1a: Fletchinder|35\/327
|
|turn|31
|
|move|p1a: Fletchinder|Acrobatics|p2a: Jirachi
|-resisted|p2a: Jirachi
|-damage|p2a: Jirachi|74\/341
|move|p2a: Jirachi|Zen Headbutt|p1a: Fletchinder
|-damage|p1a: Fletchinder|0 fnt
|faint|p1a: Fletchinder
|
|c|âRowDog|wow, wasnât expecting that much dmg
|
|switch|p1a: Bronzong|Bronzong|241\/296
|turn|32
|
|move|p2a: Jirachi|Zen Headbutt|p1a: Bronzong
|-resisted|p1a: Bronzong
|-damage|p1a: Bronzong|215\/296
|cant|p1a: Bronzong|flinch
|
|-heal|p1a: Bronzong|233\/296|[from] item: Leftovers
|turn|33
|-message|waivfu forfeited.
|
|win|RowDog
|raw|Ladder updating...
|raw|RowDog's rating: 1370 &rarr; <strong>1386<\/strong><br \/>(+16 for winning)
|raw|waivfu's rating: 1304 &rarr; <strong>1288<\/strong><br \/>(-16 for losing)
|c|âwaivfu|Y_Y
|c|âRowDog|gg
|leave|waivfu
|player|p2