|join|RowDog
|join|Itachifan15
|player|p1|RowDog|80
|player|p2|Itachifan15|169
|gametype|singles
|gen|6
|tier|UU
|rated
|rule|Sleep Clause Mod: Limit one foe put to sleep
|rule|Species Clause: Limit one of each PokÃ©mon
|rule|OHKO Clause: OHKO moves are banned
|rule|Moody Clause: Moody is banned
|rule|Evasion Moves Clause: Evasion moves are banned
|rule|Endless Battle Clause: Forcing endless battles is banned
|rule|HP Percentage Mod: HP is shown in percentages
|clearpoke
|poke|p1|Aromatisse, M
|poke|p1|Jirachi, shiny
|poke|p1|Blissey, F
|poke|p1|Chesnaught, F
|poke|p1|Tentacruel, M
|poke|p1|Gastrodon, M
|poke|p2|Entei
|poke|p2|Shaymin
|poke|p2|Starmie
|poke|p2|Hippowdon, F
|poke|p2|Mienshao, M
|poke|p2|Alakazam, F
|rule|Swagger Clause: Swagger is banned
|rule|Baton Pass Clause: Limit one PokÃ©mon knowing Baton Pass
|teampreview
|
|start
|switch|p1a: Tentacruel|Tentacruel, M|361\/361
|switch|p2a: Mienshao|Mienshao, M|271\/271
|turn|1
|
|move|p1a: Tentacruel|Protect|p1a: Tentacruel
|-singleturn|p1a: Tentacruel|Protect
|move|p2a: Mienshao|U-turn|p1a: Tentacruel
|-activate|p1a: Tentacruel|Protect
|
|turn|2
|
|move|p2a: Mienshao|U-turn|p1a: Tentacruel
|-resisted|p1a: Tentacruel
|-damage|p1a: Tentacruel|322\/361
|
|switch|p2a: Shaymin|Shaymin|341\/341
|move|p1a: Tentacruel|Toxic Spikes|p2a: Shaymin
|-sidestart|p2: Itachifan15|move: Toxic Spikes
|
|-heal|p1a: Tentacruel|344\/361|[from] item: Black Sludge
|turn|3
|
|switch|p1a: Blissey|Blissey, F|714\/714
|move|p2a: Shaymin|Earth Power|p1a: Blissey
|-damage|p1a: Blissey|620\/714
|-damage|p2a: Shaymin|307\/341|[from] item: Life Orb
|
|-heal|p1a: Blissey|664\/714|[from] item: Leftovers
|turn|4
|
|switch|p2a: Starmie|Starmie|324\/324
|-status|p2a: Starmie|psn
|move|p1a: Blissey|Stealth Rock|p2a: Starmie
|-sidestart|p2: Itachifan15|move: Stealth Rock
|
|-heal|p1a: Blissey|708\/714|[from] item: Leftovers
|-damage|p2a: Starmie|284\/324 psn|[from] psn
|turn|5
|
|move|p2a: Starmie|Rapid Spin|p1a: Blissey
|-damage|p1a: Blissey|687\/714
|-sideend|p2: Itachifan15|Toxic Spikes|[from] move: Rapid Spin|[of] p2a: Starmie
|-sideend|p2: Itachifan15|Stealth Rock|[from] move: Rapid Spin|[of] p2a: Starmie
|move|p1a: Blissey|Seismic Toss|p2a: Starmie
|-damage|p2a: Starmie|184\/324 psn
|
|-heal|p2a: Starmie|204\/324 psn|[from] item: Leftovers
|-heal|p1a: Blissey|714\/714|[from] item: Leftovers
|-damage|p2a: Starmie|164\/324 psn|[from] psn
|turn|6
|
|move|p2a: Starmie|Recover|p2a: Starmie
|-heal|p2a: Starmie|324\/324 psn
|move|p1a: Blissey|Stealth Rock|p2a: Starmie
|-sidestart|p2: Itachifan15|move: Stealth Rock
|
|-damage|p2a: Starmie|284\/324 psn|[from] psn
|turn|7
|
|switch|p2a: Mienshao|Mienshao, M|271\/271
|-damage|p2a: Mienshao|255\/271|[from] Stealth Rock
|move|p1a: Blissey|Seismic Toss|p2a: Mienshao
|-damage|p2a: Mienshao|155\/271
|
|turn|8
|
|switch|p1a: Aromatisse|Aromatisse, M|406\/406
|move|p2a: Mienshao|Knock Off|p1a: Aromatisse
|-resisted|p1a: Aromatisse
|-damage|p1a: Aromatisse|358\/406
|-enditem|p1a: Aromatisse|Leftovers|[from] move: Knock Off|[of] p2a: Mienshao
|
|turn|9
|
|switch|p2a: Starmie|Starmie|284\/324
|-damage|p2a: Starmie|244\/324|[from] Stealth Rock
|switch|p1a: Tentacruel|Tentacruel, M|344\/361
|
|-heal|p2a: Starmie|264\/324|[from] item: Leftovers
|-heal|p1a: Tentacruel|361\/361|[from] item: Black Sludge
|turn|10
|
|switch|p1a: Gastrodon|Gastrodon, M|426\/426
|move|p2a: Starmie|Psyshock|p1a: Gastrodon
|-damage|p1a: Gastrodon|326\/426
|
|-heal|p2a: Starmie|284\/324|[from] item: Leftovers
|-heal|p1a: Gastrodon|352\/426|[from] item: Leftovers
|turn|11
|
|move|p2a: Starmie|Rapid Spin|p1a: Gastrodon
|-damage|p1a: Gastrodon|340\/426
|-sideend|p2: Itachifan15|Stealth Rock|[from] move: Rapid Spin|[of] p2a: Starmie
|move|p1a: Gastrodon|Earthquake|p2a: Starmie
|-damage|p2a: Starmie|175\/324
|
|-heal|p2a: Starmie|195\/324|[from] item: Leftovers
|-heal|p1a: Gastrodon|366\/426|[from] item: Leftovers
|turn|12
|
|switch|p2a: Shaymin|Shaymin|307\/341
|switch|p1a: Blissey|Blissey, F|714\/714
|
|turn|13
|
|switch|p2a: Mienshao|Mienshao, M|155\/271
|move|p1a: Blissey|Stealth Rock|p2a: Mienshao
|-sidestart|p2: Itachifan15|move: Stealth Rock
|
|turn|14
|
|switch|p1a: Aromatisse|Aromatisse, M|358\/406
|move|p2a: Mienshao|High Jump Kick|p1a: Aromatisse
|-resisted|p1a: Aromatisse
|-damage|p1a: Aromatisse|248\/406
|
|turn|15
|
|switch|p2a: Starmie|Starmie|195\/324
|-damage|p2a: Starmie|155\/324|[from] Stealth Rock
|move|p1a: Aromatisse|Wish|p1a: Aromatisse
|
|-heal|p2a: Starmie|175\/324|[from] item: Leftovers
|turn|16
|
|move|p2a: Starmie|Rapid Spin|p1a: Aromatisse
|-damage|p1a: Aromatisse|238\/406
|-sideend|p2: Itachifan15|Stealth Rock|[from] move: Rapid Spin|[of] p2a: Starmie
|move|p1a: Aromatisse|Moonblast|p2a: Starmie
|-damage|p2a: Starmie|57\/324
|
|-heal|p1a: Aromatisse|406\/406|[from] move: Wish|[wisher] Aromatisse
|-heal|p2a: Starmie|77\/324|[from] item: Leftovers
|turn|17
|
|move|p2a: Starmie|Recover|p2a: Starmie
|-heal|p2a: Starmie|239\/324
|move|p1a: Aromatisse|Moonblast|p2a: Starmie
|-damage|p2a: Starmie|113\/324
|
|-heal|p2a: Starmie|133\/324|[from] item: Leftovers
|turn|18
|
|move|p2a: Starmie|Recover|p2a: Starmie
|-heal|p2a: Starmie|295\/324
|move|p1a: Aromatisse|Moonblast|p2a: Starmie
|-damage|p2a: Starmie|174\/324
|-unboost|p2a: Starmie|spa|1
|
|-heal|p2a: Starmie|194\/324|[from] item: Leftovers
|turn|19
|
|switch|p2a: Entei|Entei|433\/433
|-ability|p2a: Entei|Pressure
|move|p1a: Aromatisse|Wish|p1a: Aromatisse
|
|turn|20
|
|switch|p1a: Gastrodon|Gastrodon, M|366\/426
|move|p2a: Entei|Sacred Fire|p1a: Gastrodon
|-resisted|p1a: Gastrodon
|-damage|p1a: Gastrodon|299\/426
|-status|p1a: Gastrodon|brn
|
|-heal|p1a: Gastrodon|426\/426 brn|[from] move: Wish|[wisher] Aromatisse
|-damage|p1a: Gastrodon|373\/426 brn|[from] brn
|turn|21
|
|switch|p2a: Shaymin|Shaymin|307\/341
|move|p1a: Gastrodon|Scald|p2a: Shaymin
|-resisted|p2a: Shaymin
|-damage|p2a: Shaymin|262\/341
|
|-heal|p1a: Gastrodon|399\/426 brn|[from] item: Leftovers
|-damage|p1a: Gastrodon|346\/426 brn|[from] brn
|turn|22
|
|switch|p1a: Chesnaught|Chesnaught, F|380\/380
|move|p2a: Shaymin|Seed Flare|p1a: Chesnaught
|-resisted|p1a: Chesnaught
|-damage|p1a: Chesnaught|225\/380
|-unboost|p1a: Chesnaught|spd|2
|-damage|p2a: Shaymin|228\/341|[from] item: Life Orb
|
|-heal|p1a: Chesnaught|248\/380|[from] item: Leftovers
|turn|23
|
|switch|p1a: Blissey|Blissey, F|714\/714
|move|p2a: Shaymin|Air Slash|p1a: Blissey
|-damage|p1a: Blissey|639\/714
|-damage|p2a: Shaymin|194\/341|[from] item: Life Orb
|
|-heal|p1a: Blissey|683\/714|[from] item: Leftovers
|turn|24
|
|switch|p2a: Mienshao|Mienshao, M|155\/271
|move|p1a: Blissey|Seismic Toss|p2a: Mienshao
|-damage|p2a: Mienshao|55\/271
|
|-heal|p1a: Blissey|714\/714|[from] item: Leftovers
|turn|25
|
|switch|p1a: Aromatisse|Aromatisse, M|406\/406
|move|p2a: Mienshao|High Jump Kick|p1a: Aromatisse
|-resisted|p1a: Aromatisse
|-damage|p1a: Aromatisse|292\/406
|
|turn|26
|
|switch|p2a: Entei|Entei|433\/433
|-ability|p2a: Entei|Pressure
|move|p1a: Aromatisse|Wish|p1a: Aromatisse
|
|turn|27
|
|switch|p1a: Gastrodon|Gastrodon, M|346\/426 brn
|move|p2a: Entei|Sacred Fire|p1a: Gastrodon
|-resisted|p1a: Gastrodon
|-damage|p1a: Gastrodon|279\/426 brn
|
|-heal|p1a: Gastrodon|426\/426 brn|[from] move: Wish|[wisher] Aromatisse
|-damage|p1a: Gastrodon|373\/426 brn|[from] brn
|turn|28
|
|switch|p1a: Blissey|Blissey, F|714\/714
|move|p2a: Entei|Return|p1a: Blissey
|-damage|p1a: Blissey|553\/714
|
|-heal|p1a: Blissey|597\/714|[from] item: Leftovers
|turn|29
|
|switch|p2a: Hippowdon|Hippowdon, F|420\/420
|move|p1a: Blissey|Soft-Boiled|p1a: Blissey
|-heal|p1a: Blissey|714\/714
|
|turn|30
|
|move|p1a: Blissey|Stealth Rock|p2a: Hippowdon
|-sidestart|p2: Itachifan15|move: Stealth Rock
|move|p2a: Hippowdon|Stealth Rock|p1a: Blissey
|-sidestart|p1: RowDog|move: Stealth Rock
|
|turn|31
|
|switch|p2a: Starmie|Starmie|194\/324
|-damage|p2a: Starmie|154\/324|[from] Stealth Rock
|move|p1a: Blissey|Wish|p1a: Blissey
|
|-heal|p2a: Starmie|174\/324|[from] item: Leftovers
|turn|32
|
|switch|p1a: Chesnaught|Chesnaught, F|248\/380
|-damage|p1a: Chesnaught|225\/380|[from] Stealth Rock
|move|p2a: Starmie|Rapid Spin|p1a: Chesnaught
|-damage|p1a: Chesnaught|217\/380
|-sideend|p2: Itachifan15|Stealth Rock|[from] move: Rapid Spin|[of] p2a: Starmie
|
|-heal|p1a: Chesnaught|380\/380|[from] move: Wish|[wisher] Blissey
|-heal|p2a: Starmie|194\/324|[from] item: Leftovers
|turn|33
|
|switch|p2a: Entei|Entei|433\/433
|-ability|p2a: Entei|Pressure
|move|p1a: Chesnaught|Wood Hammer|p2a: Entei
|-crit|p2a: Entei
|-resisted|p2a: Entei
|-damage|p2a: Entei|339\/433
|-damage|p1a: Chesnaught|349\/380|[from] recoil|[of] p2a: Entei
|
|-heal|p1a: Chesnaught|372\/380|[from] item: Leftovers
|turn|34
|
|switch|p1a: Gastrodon|Gastrodon, M|373\/426 brn
|-damage|p1a: Gastrodon|347\/426 brn|[from] Stealth Rock
|move|p2a: Entei|Sacred Fire|p1a: Gastrodon
|-resisted|p1a: Gastrodon
|-damage|p1a: Gastrodon|272\/426 brn
|
|-heal|p1a: Gastrodon|298\/426 brn|[from] item: Leftovers
|-damage|p1a: Gastrodon|245\/426 brn|[from] brn
|turn|35
|
|move|p2a: Entei|Return|p1a: Gastrodon
|-damage|p1a: Gastrodon|150\/426 brn
|move|p1a: Gastrodon|Recover|p1a: Gastrodon
|-heal|p1a: Gastrodon|363\/426 brn
|
|-heal|p1a: Gastrodon|389\/426 brn|[from] item: Leftovers
|-damage|p1a: Gastrodon|336\/426 brn|[from] brn
|turn|36
|
|switch|p2a: Starmie|Starmie|194\/324
|move|p1a: Gastrodon|Scald|p2a: Starmie
|-resisted|p2a: Starmie
|-damage|p2a: Starmie|144\/324
|
|-heal|p2a: Starmie|164\/324|[from] item: Leftovers
|-heal|p1a: Gastrodon|362\/426 brn|[from] item: Leftovers
|-damage|p1a: Gastrodon|309\/426 brn|[from] brn
|turn|37
|
|move|p2a: Starmie|Psyshock|p1a: Gastrodon
|-damage|p1a: Gastrodon|215\/426 brn
|move|p1a: Gastrodon|Recover|p1a: Gastrodon
|-heal|p1a: Gastrodon|426\/426 brn
|
|-heal|p2a: Starmie|184\/324|[from] item: Leftovers
|-damage|p1a: Gastrodon|373\/426 brn|[from] brn
|turn|38
|
|switch|p2a: Shaymin|Shaymin|194\/341
|move|p1a: Gastrodon|Earthquake|p2a: Shaymin
|-resisted|p2a: Shaymin
|-damage|p2a: Shaymin|169\/341
|
|-heal|p1a: Gastrodon|399\/426 brn|[from] item: Leftovers
|-damage|p1a: Gastrodon|346\/426 brn|[from] brn
|turn|39
|
|switch|p1a: Jirachi|Jirachi, shiny|404\/404
|-damage|p1a: Jirachi|379\/404|[from] Stealth Rock
|move|p2a: Shaymin|Seed Flare|p1a: Jirachi
|-resisted|p1a: Jirachi
|-damage|p1a: Jirachi|270\/404
|-unboost|p1a: Jirachi|spd|2
|-damage|p2a: Shaymin|135\/341|[from] item: Life Orb
|
|-heal|p1a: Jirachi|295\/404|[from] item: Leftovers
|turn|40
|
|switch|p1a: Blissey|Blissey, F|714\/714
|-damage|p1a: Blissey|625\/714|[from] Stealth Rock
|move|p2a: Shaymin|Earth Power|p1a: Blissey
|-damage|p1a: Blissey|534\/714
|-damage|p2a: Shaymin|101\/341|[from] item: Life Orb
|
|-heal|p1a: Blissey|578\/714|[from] item: Leftovers
|turn|41
|
|move|p2a: Shaymin|Rest|p2a: Shaymin
|-status|p2a: Shaymin|slp
|-heal|p2a: Shaymin|341\/341 slp|[silent]
|-status|p2a: Shaymin|slp|[from] move: Rest
|move|p1a: Blissey|Wish|p1a: Blissey
|
|-heal|p1a: Blissey|622\/714|[from] item: Leftovers
|turn|42
|
|switch|p2a: Hippowdon|Hippowdon, F|420\/420
|move|p1a: Blissey|Stealth Rock|p2a: Hippowdon
|-sidestart|p2: Itachifan15|move: Stealth Rock
|
|-heal|p1a: Blissey|714\/714|[from] move: Wish|[wisher] Blissey
|turn|43
|
|move|p1a: Blissey|Wish|p1a: Blissey
|move|p2a: Hippowdon|Roar|p1a: Blissey
|drag|p1a: Gastrodon|Gastrodon, M|346\/426 brn
|-damage|p1a: Gastrodon|320\/426 brn|[from] Stealth Rock
|
|-heal|p1a: Gastrodon|346\/426 brn|[from] item: Leftovers
|-damage|p1a: Gastrodon|293\/426 brn|[from] brn
|turn|44
|
|switch|p2a: Starmie|Starmie|184\/324
|-damage|p2a: Starmie|144\/324|[from] Stealth Rock
|move|p1a: Gastrodon|Scald|p2a: Starmie
|-resisted|p2a: Starmie
|-damage|p2a: Starmie|98\/324
|
|-heal|p1a: Gastrodon|426\/426 brn|[from] move: Wish|[wisher] Blissey
|-heal|p2a: Starmie|118\/324|[from] item: Leftovers
|-damage|p1a: Gastrodon|373\/426 brn|[from] brn
|turn|45
|
|switch|p1a: Chesnaught|Chesnaught, F|372\/380
|-damage|p1a: Chesnaught|349\/380|[from] Stealth Rock
|move|p2a: Starmie|Recover|p2a: Starmie
|-heal|p2a: Starmie|280\/324
|
|-heal|p2a: Starmie|300\/324|[from] item: Leftovers
|-heal|p1a: Chesnaught|372\/380|[from] item: Leftovers
|turn|46
|
|switch|p2a: Shaymin|Shaymin|341\/341
|-damage|p2a: Shaymin|299\/341|[from] Stealth Rock
|move|p1a: Chesnaught|Roar|p2a: Shaymin
|drag|p2a: Starmie|Starmie|300\/324
|-damage|p2a: Starmie|260\/324|[from] Stealth Rock
|
|-heal|p2a: Starmie|280\/324|[from] item: Leftovers
|-heal|p1a: Chesnaught|380\/380|[from] item: Leftovers
|turn|47
|
|move|p2a: Starmie|Rapid Spin|p1a: Chesnaught
|-damage|p1a: Chesnaught|372\/380
|-sideend|p2: Itachifan15|Stealth Rock|[from] move: Rapid Spin|[of] p2a: Starmie
|move|p1a: Chesnaught|Wood Hammer|p2a: Starmie
|-supereffective|p2a: Starmie
|-damage|p2a: Starmie|0 fnt
|-damage|p1a: Chesnaught|280\/380|[from] recoil|[of] p2a: Starmie
|faint|p2a: Starmie
|
|-heal|p1a: Chesnaught|303\/380|[from] item: Leftovers
|
|switch|p2a: Alakazam|Alakazam, F|252\/252
|turn|48
|
|switch|p1a: Blissey|Blissey, F|714\/714
|-damage|p1a: Blissey|625\/714|[from] Stealth Rock
|move|p2a: Alakazam|Psyshock|p1a: Blissey
|-damage|p1a: Blissey|337\/714
|
|-heal|p1a: Blissey|381\/714|[from] item: Leftovers
|turn|49
|
|move|p2a: Alakazam|Psyshock|p1a: Blissey
|-damage|p1a: Blissey|107\/714
|move|p1a: Blissey|Soft-Boiled|p1a: Blissey
|-heal|p1a: Blissey|464\/714
|
|-heal|p1a: Blissey|508\/714|[from] item: Leftovers
|turn|50
|
|move|p2a: Alakazam|Focus Blast|p1a: Blissey
|-supereffective|p1a: Blissey
|-damage|p1a: Blissey|260\/714
|-unboost|p1a: Blissey|spd|1
|move|p1a: Blissey|Soft-Boiled|p1a: Blissey
|-heal|p1a: Blissey|617\/714
|
|-heal|p1a: Blissey|661\/714|[from] item: Leftovers
|turn|51
|
|switch|p1a: Aromatisse|Aromatisse, M|292\/406
|-damage|p1a: Aromatisse|242\/406|[from] Stealth Rock
|move|p2a: Alakazam|Focus Blast|p1a: Aromatisse|[miss]
|-miss|p2a: Alakazam|p1a: Aromatisse
|
|turn|52
|
|switch|p2a: Entei|Entei|339\/433
|-ability|p2a: Entei|Pressure
|move|p1a: Aromatisse|Wish|p1a: Aromatisse
|
|turn|53
|
|switch|p2a: Shaymin|Shaymin|299\/341
|switch|p1a: Tentacruel|Tentacruel, M|361\/361
|-damage|p1a: Tentacruel|316\/361|[from] Stealth Rock
|
|-heal|p1a: Tentacruel|361\/361|[from] move: Wish|[wisher] Aromatisse
|turn|54
|
|move|p2a: Shaymin|Earth Power|p1a: Tentacruel
|-supereffective|p1a: Tentacruel
|-damage|p1a: Tentacruel|156\/361
|-damage|p2a: Shaymin|265\/341|[from] item: Life Orb
|move|p1a: Tentacruel|Toxic Spikes|p2a: Shaymin
|-sidestart|p2: Itachifan15|move: Toxic Spikes
|
|-heal|p1a: Tentacruel|178\/361|[from] item: Black Sludge
|turn|55
|
|switch|p1a: Blissey|Blissey, F|661\/714
|-damage|p1a: Blissey|572\/714|[from] Stealth Rock
|move|p2a: Shaymin|Earth Power|p1a: Blissey
|-damage|p1a: Blissey|486\/714
|-damage|p2a: Shaymin|231\/341|[from] item: Life Orb
|
|-heal|p1a: Blissey|530\/714|[from] item: Leftovers
|turn|56
|
|move|p2a: Shaymin|Seed Flare|p1a: Blissey
|-damage|p1a: Blissey|335\/714
|-damage|p2a: Shaymin|197\/341|[from] item: Life Orb
|move|p1a: Blissey|Wish|p1a: Blissey
|
|-heal|p1a: Blissey|379\/714|[from] item: Leftovers
|turn|57
|
|switch|p2a: Mienshao|Mienshao, M|55\/271
|-status|p2a: Mienshao|psn
|move|p1a: Blissey|Stealth Rock|p2a: Mienshao
|-sidestart|p2: Itachifan15|move: Stealth Rock
|
|-heal|p1a: Blissey|714\/714|[from] move: Wish|[wisher] Blissey
|-damage|p2a: Mienshao|22\/271 psn|[from] psn
|turn|58
|
|switch|p1a: Jirachi|Jirachi, shiny|295\/404
|-damage|p1a: Jirachi|270\/404|[from] Stealth Rock
|move|p2a: Mienshao|Poison Jab|p1a: Jirachi
|-immune|p1a: Jirachi|[msg]
|
|-heal|p1a: Jirachi|295\/404|[from] item: Leftovers
|-damage|p2a: Mienshao|0 fnt|[from] psn
|faint|p2a: Mienshao
|-message|Itachifan15 forfeited.
|
|win|RowDog
|raw|Ladder updating...
|leave|Itachifan15
|player|p2
|raw|RowDog's rating: 1524 &rarr; <strong>1532<\/strong><br \/>(+8 for winning)
|raw|Itachifan15's rating: 1281 &rarr; <strong>1271<\/strong><br \/>(-10 for losing)