|join|blkppl
|join|RowDog
|player|p1|blkppl|262
|player|p2|RowDog|80
|gametype|singles
|gen|6
|tier|UU
|rated
|rule|Sleep Clause Mod: Limit one foe put to sleep
|rule|Species Clause: Limit one of each PokÃ©mon
|rule|OHKO Clause: OHKO moves are banned
|rule|Moody Clause: Moody is banned
|rule|Evasion Moves Clause: Evasion moves are banned
|rule|Endless Battle Clause: Forcing endless battles is banned
|rule|HP Percentage Mod: HP is shown in percentages
|clearpoke
|poke|p1|Metagross
|poke|p1|Celebi
|poke|p1|Crobat, F
|poke|p1|Lucario, M
|poke|p1|Swampert, F
|poke|p1|Hydreigon, F
|poke|p2|Tentacruel, F
|poke|p2|Chesnaught, F
|poke|p2|Aggron, M
|poke|p2|Florges, F
|poke|p2|Goodra, F
|poke|p2|Gastrodon, F
|rule|Swagger Clause: Swagger is banned
|rule|Baton Pass Clause: Limit one PokÃ©mon knowing Baton Pass
|teampreview
|join|yifeng
|join|DGChuck
|
|start
|switch|p1a: Swampert|Swampert, F|401\/401
|switch|p2a: Aggron|Aggron, M|344\/344
|turn|1
|join|Eyan
|
|detailschange|p2a: Aggron|Aggron-Mega, M
|message|Aggron has Mega Evolved into Mega Aggron!
|move|p1a: Swampert|Stealth Rock|p2a: Aggron
|-sidestart|p2: RowDog|move: Stealth Rock
|move|p2a: Aggron|Stealth Rock|p1a: Swampert
|-sidestart|p1: blkppl|move: Stealth Rock
|
|turn|2
|
|switch|p2a: Chesnaught|Chesnaught, F|380\/380
|-damage|p2a: Chesnaught|357\/380|[from] Stealth Rock
|move|p1a: Swampert|Scald|p2a: Chesnaught
|-resisted|p2a: Chesnaught
|-damage|p2a: Chesnaught|306\/380
|
|-heal|p2a: Chesnaught|329\/380|[from] item: Leftovers
|turn|3
|
|switch|p1a: Crobat|Crobat, F|343\/343
|-damage|p1a: Crobat|258\/343|[from] Stealth Rock
|move|p2a: Chesnaught|Roar|p1a: Crobat
|drag|p1a: Celebi|Celebi|401\/401
|-damage|p1a: Celebi|351\/401|[from] Stealth Rock
|
|-heal|p2a: Chesnaught|352\/380|[from] item: Leftovers
|turn|4
|
|switch|p1a: Crobat|Crobat, F|258\/343
|-damage|p1a: Crobat|173\/343|[from] Stealth Rock
|move|p2a: Chesnaught|Roar|p1a: Crobat
|drag|p1a: Metagross|Metagross|302\/302
|-damage|p1a: Metagross|284\/302|[from] Stealth Rock
|
|-heal|p2a: Chesnaught|375\/380|[from] item: Leftovers
|turn|5
|
|switch|p1a: Crobat|Crobat, F|173\/343
|-damage|p1a: Crobat|88\/343|[from] Stealth Rock
|switch|p2a: Aggron|Aggron-Mega, M|344\/344
|-damage|p2a: Aggron|323\/344|[from] Stealth Rock
|
|-heal|p1a: Crobat|109\/343|[from] item: Black Sludge
|turn|6
|
|move|p1a: Crobat|Roost|p1a: Crobat
|-heal|p1a: Crobat|281\/343
|move|p2a: Aggron|Heavy Slam|p1a: Crobat
|-damage|p1a: Crobat|61\/343
|
|-heal|p1a: Crobat|82\/343|[from] item: Black Sludge
|turn|7
|
|move|p1a: Crobat|Defog|p2a: Aggron
|-unboost|p2a: Aggron|evasion|1
|-sideend|p2: RowDog|Stealth Rock|[from] move: Defog|[of] p2a: Aggron
|-sideend|p1: blkppl|Stealth Rock|[from] move: Defog|[of] p1a: Crobat
|move|p2a: Aggron|Heavy Slam|p1a: Crobat
|-damage|p1a: Crobat|0 fnt
|faint|p1a: Crobat
|
|
|switch|p1a: Swampert|Swampert, F|401\/401
|turn|8
|
|switch|p2a: Gastrodon|Gastrodon, F|426\/426
|move|p1a: Swampert|Scald|p2a: Gastrodon
|-boost|p2a: Gastrodon|spa|1|[from] ability: Storm Drain
|
|turn|9
|
|switch|p1a: Celebi|Celebi|351\/401
|move|p2a: Gastrodon|Scald|p1a: Celebi
|-resisted|p1a: Celebi
|-damage|p1a: Celebi|305\/401
|
|turn|10
|
|switch|p2a: Goodra|Goodra, F|373\/373
|move|p1a: Celebi|Swords Dance|p1a: Celebi
|-boost|p1a: Celebi|atk|2
|
|turn|11
|
|move|p1a: Celebi|Recover|p1a: Celebi
|-heal|p1a: Celebi|401\/401
|move|p2a: Goodra|Outrage|p1a: Celebi
|-damage|p1a: Celebi|140\/401
|
|turn|12
|
|move|p1a: Celebi|Baton Pass|p1a: Celebi
|
|switch|p1a: Metagross|Metagross|284\/302
|move|p2a: Goodra|Outrage|p1a: Metagross
|-resisted|p1a: Metagross
|-damage|p1a: Metagross|167\/302
|
|-end|p2a: Goodra|rampage
|-start|p2a: Goodra|confusion
|turn|13
|
|switch|p2a: Tentacruel|Tentacruel, F|363\/363
|move|p1a: Metagross|Earthquake|p2a: Tentacruel
|-supereffective|p2a: Tentacruel
|-damage|p2a: Tentacruel|0 fnt
|-damage|p1a: Metagross|137\/302|[from] item: Life Orb
|faint|p2a: Tentacruel
|
|
|switch|p2a: Goodra|Goodra, F|373\/373
|turn|14
|
|move|p1a: Metagross|Meteor Mash|p2a: Goodra|[miss]
|-miss|p1a: Metagross|p2a: Goodra
|move|p2a: Goodra|Earthquake|p1a: Metagross
|-supereffective|p1a: Metagross
|-damage|p1a: Metagross|0 fnt
|faint|p1a: Metagross
|
|c|âRowDog|kek
|c| yifeng|rip
|c|âblkppl|yeah
|c|âblkppl|cool.
|c|âRowDog|lol
|
|switch|p1a: Celebi|Celebi|140\/401
|turn|15
|
|switch|p2a: Aggron|Aggron-Mega, M|323\/344
|move|p1a: Celebi|Recover|p1a: Celebi
|-heal|p1a: Celebi|341\/401
|
|turn|16
|c| yifeng|butt mchurt
|
|switch|p1a: Swampert|Swampert, F|401\/401
|move|p2a: Aggron|Heavy Slam|p1a: Swampert
|-resisted|p1a: Swampert
|-damage|p1a: Swampert|338\/401
|
|-heal|p1a: Swampert|363\/401|[from] item: Leftovers
|turn|17
|
|move|p1a: Swampert|Stealth Rock|p2a: Aggron
|-sidestart|p2: RowDog|move: Stealth Rock
|move|p2a: Aggron|Stealth Rock|p1a: Swampert
|-sidestart|p1: blkppl|move: Stealth Rock
|
|-heal|p1a: Swampert|388\/401|[from] item: Leftovers
|turn|18
|join|watfor
|c| watfor|hi frens
|c| watfor|n_n
|c| yifeng|hi wot5
|c|âRowDog|hi
|c| watfor|bob rowdog n_n
|
|switch|p2a: Florges|Florges, F|360\/360
|-damage|p2a: Florges|315\/360|[from] Stealth Rock
|move|p1a: Swampert|Earthquake|p2a: Florges
|-damage|p2a: Florges|203\/360
|
|-heal|p2a: Florges|225\/360|[from] item: Leftovers
|-heal|p1a: Swampert|401\/401|[from] item: Leftovers
|turn|19
|c| DGChuck|hi fren
|
|switch|p1a: Celebi|Celebi|341\/401
|-damage|p1a: Celebi|291\/401|[from] Stealth Rock
|move|p2a: Florges|Wish|p2a: Florges
|
|-heal|p2a: Florges|247\/360|[from] item: Leftovers
|turn|20
|c| yifeng|hi chuck fren
|c| watfor|hi chuck n-n
|
|switch|p2a: Aggron|Aggron-Mega, M|323\/344
|-damage|p2a: Aggron|302\/344|[from] Stealth Rock
|move|p1a: Celebi|Swords Dance|p1a: Celebi
|-boost|p1a: Celebi|atk|2
|
|-heal|p2a: Aggron|344\/344|[from] move: Wish|[wisher] Florges
|turn|21
|c| DGChuck|undefeated on this alt
|
|move|p1a: Celebi|Swords Dance|p1a: Celebi
|-boost|p1a: Celebi|atk|2
|move|p2a: Aggron|Roar|p1a: Celebi
|drag|p1a: Hydreigon|Hydreigon, F|325\/325
|-damage|p1a: Hydreigon|285\/325|[from] Stealth Rock
|
|turn|22
|
|move|p1a: Hydreigon|U-turn|p2a: Aggron
|-resisted|p2a: Aggron
|-damage|p2a: Aggron|331\/344
|
|switch|p1a: Swampert|Swampert, F|401\/401
|-damage|p1a: Swampert|376\/401|[from] Stealth Rock
|move|p2a: Aggron|Heavy Slam|p1a: Swampert
|-resisted|p1a: Swampert
|-damage|p1a: Swampert|316\/401
|
|-heal|p1a: Swampert|341\/401|[from] item: Leftovers
|turn|23
|
|switch|p2a: Chesnaught|Chesnaught, F|375\/380
|-damage|p2a: Chesnaught|352\/380|[from] Stealth Rock
|move|p1a: Swampert|Earthquake|p2a: Chesnaught
|-resisted|p2a: Chesnaught
|-damage|p2a: Chesnaught|313\/380
|
|-heal|p2a: Chesnaught|336\/380|[from] item: Leftovers
|-heal|p1a: Swampert|366\/401|[from] item: Leftovers
|turn|24
|-message|blkppl forfeited.
|
|win|RowDog
|raw|Ladder updating...
|leave|blkppl
|player|p1
|c| yifeng|spikes where
|raw|blkppl's rating: 1656 &rarr; <strong>1635<\/strong><br \/>(-21 for losing)
|raw|RowDog's rating: 1633 &rarr; <strong>1654<\/strong><br \/>(+21 for winning)