|join|RowDog
|join|Youlouuu
|player|p1|RowDog|80
|player|p2|Youlouuu|101
|gametype|singles
|gen|6
|tier|UU
|rated
|rule|Sleep Clause Mod: Limit one foe put to sleep
|rule|Species Clause: Limit one of each PokÃ©mon
|rule|OHKO Clause: OHKO moves are banned
|rule|Moody Clause: Moody is banned
|rule|Evasion Moves Clause: Evasion moves are banned
|rule|Endless Battle Clause: Forcing endless battles is banned
|rule|HP Percentage Mod: HP is shown in percentages
|clearpoke
|poke|p1|Aromatisse, M
|poke|p1|Doublade, M
|poke|p1|Blissey, F
|poke|p1|Arcanine, M
|poke|p1|Crobat, F
|poke|p1|Gastrodon, F
|poke|p2|Tentacruel, M, shiny
|poke|p2|Exploud, M
|poke|p2|Darmanitan, F, shiny
|poke|p2|Galvantula, M, shiny
|poke|p2|Bronzong, shiny
|poke|p2|Honchkrow, F
|rule|Swagger Clause: Swagger is banned
|rule|Baton Pass Clause: Limit one PokÃ©mon knowing Baton Pass
|teampreview
|join|Yifeng
|
|start
|switch|p1a: Arcanine|Arcanine, M|383\/383
|switch|p2a: LetsSticky|Galvantula, M, shiny|281\/281
|-ability|p1a: Arcanine|Intimidate|[of] p2a: LetsSticky
|-unboost|p2a: LetsSticky|atk|1
|turn|1
|c|âRowDog|how long has this battle been here?
|
|move|p2a: LetsSticky|Sticky Web|p1a: Arcanine
|-sidestart|p1: RowDog|move: Sticky Web
|move|p1a: Arcanine|Flare Blitz|p2a: LetsSticky
|-supereffective|p2a: LetsSticky
|-enditem|p2a: LetsSticky|Focus Sash
|-damage|p2a: LetsSticky|1\/281
|-status|p2a: LetsSticky|brn
|-damage|p1a: Arcanine|291\/383|[from] recoil|[of] p2a: LetsSticky
|
|-damage|p2a: LetsSticky|0 fnt|[from] brn
|faint|p2a: LetsSticky
|join|fun :'D
|c|âRowDog|kek
|c| Yifeng|nb
|
|switch|p2a: Spartanitan|Darmanitan, F, shiny|351\/351
|turn|2
|
|switch|p1a: Gastrodon|Gastrodon, F|426\/426
|-activate|p1a: Gastrodon|move: Sticky Web
|-unboost|p1a: Gastrodon|spe|1
|move|p2a: Spartanitan|Rock Slide|p1a: Gastrodon
|-resisted|p1a: Gastrodon
|-damage|p1a: Gastrodon|358\/426
|
|-heal|p1a: Gastrodon|384\/426|[from] item: Leftovers
|turn|3
|
|switch|p2a: Explouding|Exploud, M|349\/349
|move|p1a: Gastrodon|Scald|p2a: Explouding
|-damage|p2a: Explouding|225\/349
|-status|p2a: Explouding|brn
|
|-heal|p1a: Gastrodon|410\/426|[from] item: Leftovers
|-damage|p2a: Explouding|182\/349 brn|[from] brn
|turn|4
|
|switch|p2a: NotToday|Bronzong, shiny|338\/338
|switch|p1a: Blissey|Blissey, F|714\/714
|-activate|p1a: Blissey|move: Sticky Web
|-unboost|p1a: Blissey|spe|1
|
|turn|5
|
|move|p2a: NotToday|Stealth Rock|p1a: Blissey
|-sidestart|p1: RowDog|move: Stealth Rock
|move|p1a: Blissey|Stealth Rock|p2a: NotToday
|-sidestart|p2: Youlouuu|move: Stealth Rock
|
|turn|6
|
|move|p2a: NotToday|Toxic|p1a: Blissey
|-status|p1a: Blissey|tox
|move|p1a: Blissey|Seismic Toss|p2a: NotToday
|-damage|p2a: NotToday|238\/338
|
|-heal|p2a: NotToday|259\/338|[from] item: Leftovers
|-damage|p1a: Blissey|670\/714 tox|[from] psn
|turn|7
|
|move|p2a: NotToday|Earthquake|p1a: Blissey
|-damage|p1a: Blissey|540\/714 tox
|move|p1a: Blissey|Seismic Toss|p2a: NotToday
|-damage|p2a: NotToday|159\/338
|
|-heal|p2a: NotToday|180\/338|[from] item: Leftovers
|-heal|p1a: Blissey|584\/714 tox|[from] item: Leftovers
|-damage|p1a: Blissey|496\/714 tox|[from] psn
|turn|8
|
|switch|p1a: Doublade|Doublade, M|319\/319
|-damage|p1a: Doublade|300\/319|[from] Stealth Rock
|-activate|p1a: Doublade|move: Sticky Web
|-unboost|p1a: Doublade|spe|1
|move|p2a: NotToday|Earthquake|p1a: Doublade
|-supereffective|p1a: Doublade
|-damage|p1a: Doublade|238\/319
|
|-heal|p2a: NotToday|201\/338|[from] item: Leftovers
|turn|9
|c|âRowDog|weak
|
|switch|p2a: Explouding|Exploud, M|182\/349 brn
|-damage|p2a: Explouding|139\/349 brn|[from] Stealth Rock
|move|p1a: Doublade|Sacred Sword|p2a: Explouding
|-supereffective|p2a: Explouding
|-damage|p2a: Explouding|0 fnt
|faint|p2a: Explouding
|
|
|switch|p2a: Spartanitan|Darmanitan, F, shiny|351\/351
|-damage|p2a: Spartanitan|264\/351|[from] Stealth Rock
|turn|10
|c|âRowDog|pew pew
|
|switch|p1a: Arcanine|Arcanine, M|291\/383
|-activate|p1a: Arcanine|move: Sticky Web
|-unboost|p1a: Arcanine|spe|1
|-damage|p1a: Arcanine|196\/383|[from] Stealth Rock
|-ability|p1a: Arcanine|Intimidate|[of] p2a: Spartanitan
|-unboost|p2a: Spartanitan|atk|1
|move|p2a: Spartanitan|Flare Blitz|p1a: Arcanine
|-resisted|p1a: Arcanine
|-damage|p1a: Arcanine|114\/383
|-damage|p2a: Spartanitan|206\/351|[from] item: Rocky Helmet|[of] p1a: Arcanine
|-damage|p2a: Spartanitan|179\/351|[from] recoil|[of] p1a: Arcanine
|
|turn|11
|
|switch|p2a: Tentacruel|Tentacruel, M, shiny|357\/357
|-damage|p2a: Tentacruel|313\/357|[from] Stealth Rock
|move|p1a: Arcanine|Morning Sun|p1a: Arcanine
|-heal|p1a: Arcanine|305\/383
|
|-heal|p2a: Tentacruel|335\/357|[from] item: Black Sludge
|turn|12
|
|switch|p1a: Crobat|Crobat, F|374\/374
|-damage|p1a: Crobat|281\/374|[from] Stealth Rock
|move|p2a: Tentacruel|Scald|p1a: Crobat
|-damage|p1a: Crobat|191\/374
|-status|p1a: Crobat|brn
|
|-heal|p1a: Crobat|214\/374 brn|[from] item: Black Sludge
|-heal|p2a: Tentacruel|357\/357|[from] item: Black Sludge
|-damage|p1a: Crobat|168\/374 brn|[from] brn
|turn|13
|
|move|p1a: Crobat|Defog|p2a: Tentacruel
|-unboost|p2a: Tentacruel|evasion|1
|-sideend|p2: Youlouuu|Stealth Rock|[from] move: Defog|[of] p2a: Tentacruel
|-sideend|p1: RowDog|Stealth Rock|[from] move: Defog|[of] p1a: Crobat
|-sideend|p1: RowDog|Sticky Web|[from] move: Defog|[of] p1a: Crobat
|move|p2a: Tentacruel|Toxic Spikes|p1a: Crobat
|-sidestart|p1: RowDog|move: Toxic Spikes
|
|-heal|p1a: Crobat|191\/374 brn|[from] item: Black Sludge
|-damage|p1a: Crobat|145\/374 brn|[from] brn
|turn|14
|
|move|p1a: Crobat|Roost|p1a: Crobat
|-heal|p1a: Crobat|332\/374 brn
|move|p2a: Tentacruel|Ice Beam|p1a: Crobat
|-crit|p1a: Crobat
|-damage|p1a: Crobat|231\/374 brn
|
|-heal|p1a: Crobat|254\/374 brn|[from] item: Black Sludge
|-damage|p1a: Crobat|208\/374 brn|[from] brn
|turn|15
|
|move|p1a: Crobat|Roost|p1a: Crobat
|-heal|p1a: Crobat|374\/374 brn
|move|p2a: Tentacruel|Ice Beam|p1a: Crobat
|-damage|p1a: Crobat|299\/374 brn
|
|-heal|p1a: Crobat|322\/374 brn|[from] item: Black Sludge
|-damage|p1a: Crobat|276\/374 brn|[from] brn
|turn|16
|
|move|p1a: Crobat|Defog|p2a: Tentacruel
|-unboost|p2a: Tentacruel|evasion|1
|-sideend|p1: RowDog|Toxic Spikes|[from] move: Defog|[of] p1a: Crobat
|move|p2a: Tentacruel|Toxic Spikes|p1a: Crobat
|-sidestart|p1: RowDog|move: Toxic Spikes
|
|-heal|p1a: Crobat|299\/374 brn|[from] item: Black Sludge
|-damage|p1a: Crobat|253\/374 brn|[from] brn
|turn|17
|
|move|p1a: Crobat|Taunt|p2a: Tentacruel
|-start|p2a: Tentacruel|move: Taunt
|cant|p2a: Tentacruel|move: Taunt|Toxic Spikes
|
|-heal|p1a: Crobat|276\/374 brn|[from] item: Black Sludge
|-damage|p1a: Crobat|230\/374 brn|[from] brn
|turn|18
|
|switch|p2a: Pimpkrow|Honchkrow, F|341\/341
|move|p1a: Crobat|Defog|p2a: Pimpkrow
|-unboost|p2a: Pimpkrow|evasion|1
|-sideend|p1: RowDog|Toxic Spikes|[from] move: Defog|[of] p1a: Crobat
|
|-heal|p1a: Crobat|253\/374 brn|[from] item: Black Sludge
|-damage|p1a: Crobat|207\/374 brn|[from] brn
|turn|19
|join|Bob the Bro
|
|switch|p1a: Arcanine|Arcanine, M|305\/383
|-ability|p1a: Arcanine|Intimidate|[of] p2a: Pimpkrow
|-unboost|p2a: Pimpkrow|atk|1
|move|p2a: Pimpkrow|Brave Bird|p1a: Arcanine
|-damage|p1a: Arcanine|126\/383
|-damage|p2a: Pimpkrow|285\/341|[from] item: Rocky Helmet|[of] p1a: Arcanine
|-damage|p2a: Pimpkrow|226\/341|[from] recoil|[of] p1a: Arcanine
|-damage|p2a: Pimpkrow|192\/341|[from] item: Life Orb
|
|turn|20
|
|switch|p1a: Doublade|Doublade, M|238\/319
|move|p2a: Pimpkrow|Brave Bird|p1a: Doublade
|-resisted|p1a: Doublade
|-damage|p1a: Doublade|190\/319
|-damage|p2a: Pimpkrow|176\/341|[from] recoil|[of] p1a: Doublade
|-damage|p2a: Pimpkrow|142\/341|[from] item: Life Orb
|
|turn|21
|
|switch|p2a: Tentacruel|Tentacruel, M, shiny|357\/357
|move|p1a: Doublade|Toxic|p2a: Tentacruel
|-fail|p2a: Tentacruel
|
|turn|22
|
|switch|p1a: Gastrodon|Gastrodon, F|410\/426
|move|p2a: Tentacruel|Toxic Spikes|p1a: Gastrodon
|-sidestart|p1: RowDog|move: Toxic Spikes
|
|-heal|p1a: Gastrodon|426\/426|[from] item: Leftovers
|turn|23
|
|move|p2a: Tentacruel|Toxic Spikes|p1a: Gastrodon
|-sidestart|p1: RowDog|move: Toxic Spikes
|move|p1a: Gastrodon|Curse|p1a: Gastrodon
|-boost|p1a: Gastrodon|atk|1
|-boost|p1a: Gastrodon|def|1
|-unboost|p1a: Gastrodon|spe|1
|
|turn|24
|
|switch|p2a: NotToday|Bronzong, shiny|201\/338
|move|p1a: Gastrodon|Curse|p1a: Gastrodon
|-boost|p1a: Gastrodon|atk|1
|-boost|p1a: Gastrodon|def|1
|-unboost|p1a: Gastrodon|spe|1
|
|-heal|p2a: NotToday|222\/338|[from] item: Leftovers
|turn|25
|
|move|p2a: NotToday|Toxic|p1a: Gastrodon
|-status|p1a: Gastrodon|tox
|move|p1a: Gastrodon|Scald|p2a: NotToday
|-damage|p2a: NotToday|143\/338
|-status|p2a: NotToday|brn
|
|-heal|p2a: NotToday|164\/338 brn|[from] item: Leftovers
|-damage|p2a: NotToday|122\/338 brn|[from] brn
|-damage|p1a: Gastrodon|400\/426 tox|[from] psn
|turn|26
|
|switch|p1a: Crobat|Crobat, F|207\/374 brn
|move|p2a: NotToday|Stealth Rock|p1a: Crobat
|-sidestart|p1: RowDog|move: Stealth Rock
|
|-heal|p1a: Crobat|230\/374 brn|[from] item: Black Sludge
|-heal|p2a: NotToday|143\/338 brn|[from] item: Leftovers
|-damage|p1a: Crobat|184\/374 brn|[from] brn
|-damage|p2a: NotToday|101\/338 brn|[from] brn
|turn|27
|
|switch|p2a: Pimpkrow|Honchkrow, F|142\/341
|move|p1a: Crobat|Defog|p2a: Pimpkrow
|-unboost|p2a: Pimpkrow|evasion|1
|-sideend|p1: RowDog|Toxic Spikes|[from] move: Defog|[of] p1a: Crobat
|-sideend|p1: RowDog|Stealth Rock|[from] move: Defog|[of] p1a: Crobat
|
|-heal|p1a: Crobat|207\/374 brn|[from] item: Black Sludge
|-damage|p1a: Crobat|161\/374 brn|[from] brn
|turn|28
|c| Bob the Bro|row have you considered having a spinner and defogger
|
|move|p1a: Crobat|Roost|p1a: Crobat
|-heal|p1a: Crobat|348\/374 brn
|move|p2a: Pimpkrow|Roost|p2a: Pimpkrow
|-heal|p2a: Pimpkrow|313\/341
|
|-heal|p1a: Crobat|371\/374 brn|[from] item: Black Sludge
|-damage|p1a: Crobat|325\/374 brn|[from] brn
|turn|29
|c| Bob the Bro|because your team is so weak so hazards, once bat dies its ogre
|c|âRowDog|both?
|c|âRowDog|thats why I keep bat alive
|c|âRowDog|duh
|
|switch|p1a: Arcanine|Arcanine, M|126\/383
|-ability|p1a: Arcanine|Intimidate|[of] p2a: Pimpkrow
|-unboost|p2a: Pimpkrow|atk|1
|move|p2a: Pimpkrow|Brave Bird|p1a: Arcanine
|-damage|p1a: Arcanine|0 fnt
|-damage|p2a: Pimpkrow|257\/341|[from] item: Rocky Helmet|[of] p1a: Arcanine
|-damage|p2a: Pimpkrow|215\/341|[from] recoil|[of] p1a: Arcanine
|-damage|p2a: Pimpkrow|181\/341|[from] item: Life Orb
|faint|p1a: Arcanine
|-boost|p2a: Pimpkrow|atk|1|[from] ability: Moxie
|
|c| Bob the Bro|in case it dies
|
|switch|p1a: Aromatisse|Aromatisse, M|406\/406
|turn|30
|
|switch|p2a: NotToday|Bronzong, shiny|101\/338 brn
|move|p1a: Aromatisse|Moonblast|p2a: NotToday
|-resisted|p2a: NotToday
|-damage|p2a: NotToday|56\/338 brn
|-unboost|p2a: NotToday|spa|1
|
|-heal|p2a: NotToday|77\/338 brn|[from] item: Leftovers
|-damage|p2a: NotToday|35\/338 brn|[from] brn
|turn|31
|
|move|p2a: NotToday|Stealth Rock|p1a: Aromatisse
|-sidestart|p1: RowDog|move: Stealth Rock
|move|p1a: Aromatisse|Aromatherapy|p1a: Aromatisse
|-cureteam|p1a: Aromatisse|[from] move: Aromatherapy
|
|-heal|p2a: NotToday|56\/338 brn|[from] item: Leftovers
|-damage|p2a: NotToday|14\/338 brn|[from] brn
|turn|32
|
|move|p1a: Aromatisse|Protect|p1a: Aromatisse
|-singleturn|p1a: Aromatisse|Protect
|move|p2a: NotToday|Stealth Rock|p1a: Aromatisse
|-fail|p1a: Aromatisse
|
|-heal|p2a: NotToday|35\/338 brn|[from] item: Leftovers
|-damage|p2a: NotToday|0 fnt|[from] brn
|faint|p2a: NotToday
|
|switch|p2a: Spartanitan|Darmanitan, F, shiny|179\/351
|turn|33
|
|move|p2a: Spartanitan|Flare Blitz|p1a: Aromatisse
|-damage|p1a: Aromatisse|162\/406
|-damage|p2a: Spartanitan|98\/351|[from] recoil|[of] p1a: Aromatisse
|move|p1a: Aromatisse|Wish|p1a: Aromatisse
|
|-heal|p1a: Aromatisse|187\/406|[from] item: Leftovers
|turn|34
|
|switch|p1a: Gastrodon|Gastrodon, F|400\/426
|-damage|p1a: Gastrodon|374\/426|[from] Stealth Rock
|move|p2a: Spartanitan|Flare Blitz|p1a: Gastrodon
|-resisted|p1a: Gastrodon
|-damage|p1a: Gastrodon|226\/426
|-damage|p2a: Spartanitan|49\/351|[from] recoil|[of] p1a: Gastrodon
|
|-heal|p1a: Gastrodon|426\/426|[from] move: Wish|[wisher] Aromatisse
|turn|35
|
|move|p2a: Spartanitan|Flare Blitz|p1a: Gastrodon
|-resisted|p1a: Gastrodon
|-damage|p1a: Gastrodon|267\/426
|-damage|p2a: Spartanitan|0 fnt|[from] recoil|[of] p1a: Gastrodon
|faint|p2a: Spartanitan
|move|p1a: Gastrodon|Curse|p1a: Gastrodon
|-boost|p1a: Gastrodon|atk|1
|-boost|p1a: Gastrodon|def|1
|-unboost|p1a: Gastrodon|spe|1
|
|-heal|p1a: Gastrodon|293\/426|[from] item: Leftovers
|
|switch|p2a: Pimpkrow|Honchkrow, F|181\/341
|turn|36
|
|move|p2a: Pimpkrow|Brave Bird|p1a: Gastrodon
|-damage|p1a: Gastrodon|58\/426
|-damage|p2a: Pimpkrow|103\/341|[from] recoil|[of] p1a: Gastrodon
|-damage|p2a: Pimpkrow|69\/341|[from] item: Life Orb
|move|p1a: Gastrodon|Recover|p1a: Gastrodon
|-heal|p1a: Gastrodon|271\/426
|
|-heal|p1a: Gastrodon|297\/426|[from] item: Leftovers
|turn|37
|
|move|p2a: Pimpkrow|Roost|p2a: Pimpkrow
|-heal|p2a: Pimpkrow|240\/341
|move|p1a: Gastrodon|Earthquake|p2a: Pimpkrow
|-damage|p2a: Pimpkrow|0 fnt
|faint|p2a: Pimpkrow
|
|-heal|p1a: Gastrodon|323\/426|[from] item: Leftovers
|
|switch|p2a: Tentacruel|Tentacruel, M, shiny|357\/357
|turn|38
|c|âYoulouuu|nice one
|
|move|p2a: Tentacruel|Ice Beam|p1a: Gastrodon
|-damage|p1a: Gastrodon|266\/426
|move|p1a: Gastrodon|Earthquake|p2a: Tentacruel
|-supereffective|p2a: Tentacruel
|-damage|p2a: Tentacruel|0 fnt
|faint|p2a: Tentacruel
|
|win|RowDog
|raw|Ladder updating...
|c|âRowDog|ty
|raw|RowDog's rating: 1615 &rarr; <strong>1624<\/strong><br \/>(+9 for winning)
|raw|Youlouuu's rating: 1388 &rarr; <strong>1380<\/strong><br \/>(-8 for losing)
|c|âRowDog|gg
|c|âYoulouuu|hh
|c|âYoulouuu|gg*
|leave|Youlouuu
|player|p2
|c|âRowDog|lel
|leave|Bob the Bro