|join|bleutn
|join|RowDog
|player|p1|bleutn|231
|player|p2|RowDog|80
|gametype|singles
|gen|6
|tier|UU
|rated
|rule|Sleep Clause Mod: Limit one foe put to sleep
|rule|Species Clause: Limit one of each PokÃ©mon
|rule|OHKO Clause: OHKO moves are banned
|rule|Moody Clause: Moody is banned
|rule|Evasion Moves Clause: Evasion moves are banned
|rule|Endless Battle Clause: Forcing endless battles is banned
|rule|HP Percentage Mod: HP is shown in percentages
|clearpoke
|poke|p1|Druddigon, F
|poke|p1|Jirachi
|poke|p1|Tangela, M
|poke|p1|Celebi
|poke|p1|Porygon2
|poke|p1|Cloyster, M
|poke|p2|Aromatisse, F
|poke|p2|Jirachi, shiny
|poke|p2|Blissey, F
|poke|p2|Arcanine, M
|poke|p2|Crobat, F
|poke|p2|Gastrodon, F
|rule|Swagger Clause: Swagger is banned
|rule|Baton Pass Clause: Limit one PokÃ©mon knowing Baton Pass
|teampreview
|
|start
|switch|p1a: Druddigon|Druddigon, F|358\/358
|switch|p2a: Crobat|Crobat, F|374\/374
|turn|1
|
|switch|p2a: Arcanine|Arcanine, M|383\/383
|-ability|p2a: Arcanine|Intimidate|[of] p1a: Druddigon
|-unboost|p1a: Druddigon|atk|1
|move|p1a: Druddigon|Glare|p2a: Arcanine
|-status|p2a: Arcanine|par
|
|turn|2
|
|move|p1a: Druddigon|Stealth Rock|p2a: Arcanine
|-sidestart|p2: RowDog|move: Stealth Rock
|move|p2a: Arcanine|Will-O-Wisp|p1a: Druddigon
|-status|p1a: Druddigon|brn
|
|-damage|p1a: Druddigon|314\/358 brn|[from] brn
|turn|3
|
|move|p2a: Arcanine|Will-O-Wisp|p1a: Druddigon
|-fail|p1a: Druddigon|brn
|move|p1a: Druddigon|Dragon Tail|p2a: Arcanine
|-damage|p2a: Arcanine|359\/383 par
|-damage|p1a: Druddigon|255\/358 brn|[from] item: Rocky Helmet|[of] p2a: Arcanine
|drag|p2a: Crobat|Crobat, F|374\/374
|-damage|p2a: Crobat|281\/374|[from] Stealth Rock
|
|-heal|p2a: Crobat|304\/374|[from] item: Black Sludge
|-heal|p1a: Druddigon|277\/358 brn|[from] item: Leftovers
|-damage|p1a: Druddigon|233\/358 brn|[from] brn
|turn|4
|
|move|p2a: Crobat|Defog|p1a: Druddigon
|-unboost|p1a: Druddigon|evasion|1
|-sideend|p2: RowDog|Stealth Rock|[from] move: Defog|[of] p2a: Crobat
|move|p1a: Druddigon|Dragon Tail|p2a: Crobat
|-damage|p2a: Crobat|271\/374
|drag|p2a: Blissey|Blissey, F|714\/714
|
|-heal|p1a: Druddigon|255\/358 brn|[from] item: Leftovers
|-damage|p1a: Druddigon|211\/358 brn|[from] brn
|turn|5
|
|move|p2a: Blissey|Stealth Rock|p1a: Druddigon
|-sidestart|p1: bleutn|move: Stealth Rock
|move|p1a: Druddigon|Stealth Rock|p2a: Blissey
|-sidestart|p2: RowDog|move: Stealth Rock
|
|-heal|p1a: Druddigon|233\/358 brn|[from] item: Leftovers
|-damage|p1a: Druddigon|189\/358 brn|[from] brn
|turn|6
|
|move|p2a: Blissey|Wish|p2a: Blissey
|move|p1a: Druddigon|Dragon Tail|p2a: Blissey
|-damage|p2a: Blissey|657\/714
|drag|p2a: Jirachi|Jirachi, shiny|404\/404
|-damage|p2a: Jirachi|379\/404|[from] Stealth Rock
|
|-heal|p2a: Jirachi|404\/404|[from] item: Leftovers
|-heal|p1a: Druddigon|211\/358 brn|[from] item: Leftovers
|-damage|p1a: Druddigon|167\/358 brn|[from] brn
|turn|7
|
|move|p2a: Jirachi|Substitute|p2a: Jirachi
|-start|p2a: Jirachi|Substitute
|-damage|p2a: Jirachi|303\/404
|move|p1a: Druddigon|Glare|p2a: Jirachi
|
|-heal|p2a: Jirachi|404\/404|[from] move: Wish|[wisher] Blissey
|-heal|p1a: Druddigon|189\/358 brn|[from] item: Leftovers
|-damage|p1a: Druddigon|145\/358 brn|[from] brn
|turn|8
|
|move|p1a: Druddigon|Sucker Punch|p2a: Jirachi
|-fail|p2a: Jirachi
|move|p2a: Jirachi|Calm Mind|p2a: Jirachi
|-boost|p2a: Jirachi|spa|1
|-boost|p2a: Jirachi|spd|1
|
|-heal|p1a: Druddigon|167\/358 brn|[from] item: Leftovers
|-damage|p1a: Druddigon|123\/358 brn|[from] brn
|turn|9
|
|move|p1a: Druddigon|Sucker Punch|p2a: Jirachi
|-fail|p2a: Jirachi
|move|p2a: Jirachi|Calm Mind|p2a: Jirachi
|-boost|p2a: Jirachi|spa|1
|-boost|p2a: Jirachi|spd|1
|
|-heal|p1a: Druddigon|145\/358 brn|[from] item: Leftovers
|-damage|p1a: Druddigon|101\/358 brn|[from] brn
|turn|10
|
|switch|p1a: Celebi|Celebi|404\/404
|-damage|p1a: Celebi|354\/404|[from] Stealth Rock
|move|p2a: Jirachi|Calm Mind|p2a: Jirachi
|-boost|p2a: Jirachi|spa|1
|-boost|p2a: Jirachi|spd|1
|
|-heal|p1a: Celebi|379\/404|[from] item: Leftovers
|turn|11
|
|move|p2a: Jirachi|Moonblast|p1a: Celebi
|-damage|p1a: Celebi|206\/404
|move|p1a: Celebi|Leaf Storm|p2a: Jirachi
|-resisted|p2a: Jirachi
|-activate|p2a: Jirachi|Substitute|[damage]
|-unboost|p1a: Celebi|spa|2
|
|-heal|p1a: Celebi|231\/404|[from] item: Leftovers
|turn|12
|
|switch|p1a: Druddigon|Druddigon, F|101\/358 brn
|-damage|p1a: Druddigon|57\/358 brn|[from] Stealth Rock
|move|p2a: Jirachi|Calm Mind|p2a: Jirachi
|-boost|p2a: Jirachi|spa|1
|-boost|p2a: Jirachi|spd|1
|
|-heal|p1a: Druddigon|79\/358 brn|[from] item: Leftovers
|-damage|p1a: Druddigon|35\/358 brn|[from] brn
|turn|13
|
|move|p2a: Jirachi|Calm Mind|p2a: Jirachi
|-boost|p2a: Jirachi|spa|1
|-boost|p2a: Jirachi|spd|1
|move|p1a: Druddigon|Dragon Tail|p2a: Jirachi
|-resisted|p2a: Jirachi
|-activate|p2a: Jirachi|Substitute|[damage]
|
|-heal|p1a: Druddigon|57\/358 brn|[from] item: Leftovers
|-damage|p1a: Druddigon|13\/358 brn|[from] brn
|turn|14
|
|move|p1a: Druddigon|Sucker Punch|p2a: Jirachi
|-supereffective|p2a: Jirachi
|-end|p2a: Jirachi|Substitute
|move|p2a: Jirachi|Moonblast|p1a: Druddigon
|-crit|p1a: Druddigon
|-supereffective|p1a: Druddigon
|-damage|p1a: Druddigon|0 fnt
|faint|p1a: Druddigon
|
|
|switch|p1a: Jirachi|Jirachi|404\/404
|-damage|p1a: Jirachi|379\/404|[from] Stealth Rock
|turn|15
|
|move|p2a: Jirachi|Moonblast|p1a: Jirachi
|-resisted|p1a: Jirachi
|-damage|p1a: Jirachi|260\/404
|move|p1a: Jirachi|Thunder Wave|p2a: Jirachi
|-status|p2a: Jirachi|par
|
|-heal|p1a: Jirachi|285\/404|[from] item: Leftovers
|turn|16
|
|switch|p2a: Arcanine|Arcanine, M|359\/383 par
|-damage|p2a: Arcanine|264\/383 par|[from] Stealth Rock
|-ability|p2a: Arcanine|Intimidate|[of] p1a: Jirachi
|-unboost|p1a: Jirachi|atk|1
|move|p1a: Jirachi|Wish|p1a: Jirachi
|
|-heal|p1a: Jirachi|310\/404|[from] item: Leftovers
|turn|17
|
|switch|p1a: Porygon2|Porygon2|311\/311
|-damage|p1a: Porygon2|273\/311|[from] Stealth Rock
|-ability|p1a: Porygon2|Intimidate|[from] ability: Trace|[of] p2a: Arcanine
|-ability|p1a: Porygon2|Intimidate|[of] p2a: Arcanine
|-unboost|p2a: Arcanine|atk|1
|move|p2a: Arcanine|Morning Sun|p2a: Arcanine
|-heal|p2a: Arcanine|383\/383 par
|
|-heal|p1a: Porygon2|311\/311|[from] move: Wish|[wisher] Jirachi
|turn|18
|
|move|p1a: Porygon2|Tri Attack|p2a: Arcanine
|-damage|p2a: Arcanine|269\/383 par
|cant|p2a: Arcanine|par
|
|turn|19
|
|switch|p1a: Celebi|Celebi|231\/404
|-damage|p1a: Celebi|181\/404|[from] Stealth Rock
|cant|p2a: Arcanine|par
|
|-heal|p1a: Celebi|206\/404|[from] item: Leftovers
|turn|20
|
|switch|p2a: Blissey|Blissey, F|657\/714
|-damage|p2a: Blissey|568\/714|[from] Stealth Rock
|move|p1a: Celebi|Psychic|p2a: Blissey
|-damage|p2a: Blissey|456\/714
|
|-heal|p1a: Celebi|231\/404|[from] item: Leftovers
|-heal|p2a: Blissey|500\/714|[from] item: Leftovers
|turn|21
|
|move|p1a: Celebi|Leech Seed|p2a: Blissey
|-start|p2a: Blissey|move: Leech Seed
|move|p2a: Blissey|Wish|p2a: Blissey
|
|-heal|p1a: Celebi|256\/404|[from] item: Leftovers
|-heal|p2a: Blissey|544\/714|[from] item: Leftovers
|-damage|p2a: Blissey|455\/714|[from] Leech Seed|[of] p1a: Celebi
|-heal|p1a: Celebi|345\/404|[silent]
|turn|22
|
|switch|p2a: Aromatisse|Aromatisse, F|406\/406
|-damage|p2a: Aromatisse|356\/406|[from] Stealth Rock
|move|p1a: Celebi|Thunder Wave|p2a: Aromatisse
|-status|p2a: Aromatisse|par
|
|-heal|p2a: Aromatisse|406\/406 par|[from] move: Wish|[wisher] Blissey
|-heal|p1a: Celebi|370\/404|[from] item: Leftovers
|turn|23
|
|move|p1a: Celebi|Leech Seed|p2a: Aromatisse
|-start|p2a: Aromatisse|move: Leech Seed
|move|p2a: Aromatisse|Aromatherapy|p2a: Aromatisse
|-cureteam|p2a: Aromatisse|[from] move: Aromatherapy
|
|-heal|p1a: Celebi|395\/404|[from] item: Leftovers
|-damage|p2a: Aromatisse|356\/406|[from] Leech Seed|[of] p1a: Celebi
|-heal|p1a: Celebi|404\/404|[silent]
|turn|24
|
|switch|p2a: Jirachi|Jirachi, shiny|404\/404
|-damage|p2a: Jirachi|379\/404|[from] Stealth Rock
|move|p1a: Celebi|Thunder Wave|p2a: Jirachi
|-status|p2a: Jirachi|par
|
|-heal|p2a: Jirachi|404\/404 par|[from] item: Leftovers
|turn|25
|
|switch|p2a: Blissey|Blissey, F|455\/714
|-damage|p2a: Blissey|366\/714|[from] Stealth Rock
|move|p1a: Celebi|Leech Seed|p2a: Blissey
|-start|p2a: Blissey|move: Leech Seed
|
|-heal|p2a: Blissey|410\/714|[from] item: Leftovers
|-damage|p2a: Blissey|321\/714|[from] Leech Seed|[of] p1a: Celebi
|turn|26
|
|move|p1a: Celebi|Thunder Wave|p2a: Blissey
|-status|p2a: Blissey|par
|move|p2a: Blissey|Soft-Boiled|p2a: Blissey
|-heal|p2a: Blissey|678\/714 par
|
|-heal|p2a: Blissey|714\/714 par|[from] item: Leftovers
|-damage|p2a: Blissey|625\/714 par|[from] Leech Seed|[of] p1a: Celebi
|turn|27
|
|switch|p1a: Jirachi|Jirachi|310\/404
|-damage|p1a: Jirachi|285\/404|[from] Stealth Rock
|move|p2a: Blissey|Wish|p2a: Blissey
|
|-heal|p1a: Jirachi|310\/404|[from] item: Leftovers
|-heal|p2a: Blissey|669\/714 par|[from] item: Leftovers
|-damage|p2a: Blissey|580\/714 par|[from] Leech Seed|[of] p1a: Jirachi
|-heal|p1a: Jirachi|399\/404|[silent]
|turn|28
|
|switch|p2a: Arcanine|Arcanine, M|269\/383
|-damage|p2a: Arcanine|174\/383|[from] Stealth Rock
|-ability|p2a: Arcanine|Intimidate|[of] p1a: Jirachi
|-unboost|p1a: Jirachi|atk|1
|move|p1a: Jirachi|Thunder Wave|p2a: Arcanine
|-status|p2a: Arcanine|par
|
|-heal|p2a: Arcanine|383\/383 par|[from] move: Wish|[wisher] Blissey
|-heal|p1a: Jirachi|404\/404|[from] item: Leftovers
|turn|29
|
|switch|p1a: Celebi|Celebi|404\/404
|-damage|p1a: Celebi|354\/404|[from] Stealth Rock
|move|p2a: Arcanine|Will-O-Wisp|p1a: Celebi
|-status|p1a: Celebi|brn
|
|-heal|p1a: Celebi|379\/404 brn|[from] item: Leftovers
|-damage|p1a: Celebi|329\/404 brn|[from] brn
|turn|30
|join|DMT
|join|Bob the Bro
|join|meeowiekins
|
|move|p1a: Celebi|Psychic|p2a: Arcanine
|-damage|p2a: Arcanine|211\/383 par
|move|p2a: Arcanine|Flare Blitz|p1a: Celebi
|-supereffective|p1a: Celebi
|-damage|p1a: Celebi|45\/404 brn
|-damage|p2a: Arcanine|117\/383 par|[from] recoil|[of] p1a: Celebi
|
|-heal|p1a: Celebi|70\/404 brn|[from] item: Leftovers
|-damage|p1a: Celebi|20\/404 brn|[from] brn
|turn|31
|leave|meeowiekins
|
|cant|p2a: Arcanine|par
|move|p1a: Celebi|Psychic|p2a: Arcanine
|-damage|p2a: Arcanine|0 fnt
|faint|p2a: Arcanine
|
|-heal|p1a: Celebi|45\/404 brn|[from] item: Leftovers
|-damage|p1a: Celebi|0 fnt|[from] brn
|faint|p1a: Celebi
|c|âRowDog|...
|c|âRowDog|no extreme speed :â(
|
|switch|p1a: Porygon2|Porygon2|311\/311
|-damage|p1a: Porygon2|273\/311|[from] Stealth Rock
|switch|p2a: Gastrodon|Gastrodon, F|426\/426
|-damage|p2a: Gastrodon|400\/426|[from] Stealth Rock
|-ability|p1a: Porygon2|Storm Drain|[from] ability: Trace|[of] p2a: Gastrodon
|turn|32
|
|switch|p1a: Jirachi|Jirachi|404\/404
|-damage|p1a: Jirachi|379\/404|[from] Stealth Rock
|move|p2a: Gastrodon|Curse|p2a: Gastrodon
|-boost|p2a: Gastrodon|atk|1
|-boost|p2a: Gastrodon|def|1
|-unboost|p2a: Gastrodon|spe|1
|
|-heal|p1a: Jirachi|404\/404|[from] item: Leftovers
|-heal|p2a: Gastrodon|426\/426|[from] item: Leftovers
|turn|33
|leave|DMT
|
|move|p1a: Jirachi|Zen Headbutt|p2a: Gastrodon
|-damage|p2a: Gastrodon|339\/426
|cant|p2a: Gastrodon|flinch
|
|-heal|p2a: Gastrodon|365\/426|[from] item: Leftovers
|turn|34
|
|move|p1a: Jirachi|Zen Headbutt|p2a: Gastrodon
|-damage|p2a: Gastrodon|281\/426
|move|p2a: Gastrodon|Earthquake|p1a: Jirachi
|-supereffective|p1a: Jirachi
|-damage|p1a: Jirachi|128\/404
|
|-heal|p1a: Jirachi|153\/404|[from] item: Leftovers
|-heal|p2a: Gastrodon|307\/426|[from] item: Leftovers
|turn|35
|
|move|p1a: Jirachi|Iron Head|p2a: Gastrodon
|-resisted|p2a: Gastrodon
|-damage|p2a: Gastrodon|267\/426
|cant|p2a: Gastrodon|flinch
|
|-heal|p1a: Jirachi|178\/404|[from] item: Leftovers
|-heal|p2a: Gastrodon|293\/426|[from] item: Leftovers
|turn|36
|
|switch|p1a: Tangela|Tangela, M|334\/334
|-damage|p1a: Tangela|293\/334|[from] Stealth Rock
|move|p2a: Gastrodon|Earthquake|p1a: Tangela
|-resisted|p1a: Tangela
|-damage|p1a: Tangela|251\/334
|
|-heal|p2a: Gastrodon|319\/426|[from] item: Leftovers
|turn|37
|
|switch|p2a: Crobat|Crobat, F|271\/374
|-damage|p2a: Crobat|178\/374|[from] Stealth Rock
|move|p1a: Tangela|Leech Seed|p2a: Crobat
|-start|p2a: Crobat|move: Leech Seed
|
|-heal|p2a: Crobat|201\/374|[from] item: Black Sludge
|-damage|p2a: Crobat|155\/374|[from] Leech Seed|[of] p1a: Tangela
|-heal|p1a: Tangela|297\/334|[silent]
|turn|38
|
|move|p2a: Crobat|Defog|p1a: Tangela
|-unboost|p1a: Tangela|evasion|1
|-sideend|p1: bleutn|Stealth Rock|[from] move: Defog|[of] p1a: Tangela
|-sideend|p2: RowDog|Stealth Rock|[from] move: Defog|[of] p2a: Crobat
|move|p1a: Tangela|Infestation|p2a: Crobat
|-resisted|p2a: Crobat
|-damage|p2a: Crobat|150\/374
|-activate|p2a: Crobat|move: Infestation|[of] p1a: Tangela
|
|-heal|p2a: Crobat|173\/374|[from] item: Black Sludge
|-damage|p2a: Crobat|127\/374|[from] Leech Seed|[of] p1a: Tangela
|-heal|p1a: Tangela|334\/334|[silent]
|-damage|p2a: Crobat|81\/374|[from] move: Infestation|[partiallytrapped]
|turn|39
|
|move|p2a: Crobat|Roost|p2a: Crobat
|-heal|p2a: Crobat|268\/374
|move|p1a: Tangela|Synthesis|p1a: Tangela
|
|-heal|p2a: Crobat|291\/374|[from] item: Black Sludge
|-damage|p2a: Crobat|245\/374|[from] Leech Seed|[of] p1a: Tangela
|-damage|p2a: Crobat|199\/374|[from] move: Infestation|[partiallytrapped]
|turn|40
|
|switch|p1a: Cloyster|Cloyster, M|241\/241
|move|p2a: Crobat|Roost|p2a: Crobat
|-heal|p2a: Crobat|374\/374
|
|-damage|p2a: Crobat|328\/374|[from] Leech Seed|[of] p1a: Cloyster
|-end|p2a: Crobat|Infestation|[partiallytrapped]
|turn|41
|
|move|p2a: Crobat|U-turn|p1a: Cloyster
|-damage|p1a: Cloyster|209\/241
|
|switch|p2a: Jirachi|Jirachi, shiny|404\/404 par
|move|p1a: Cloyster|Shell Smash|p1a: Cloyster
|-boost|p1a: Cloyster|atk|2
|-boost|p1a: Cloyster|spa|2
|-boost|p1a: Cloyster|spe|2
|-unboost|p1a: Cloyster|def|1
|-unboost|p1a: Cloyster|spd|1
|
|turn|42
|c|âRowDog|and to tie it all up I bet this is Kings Rock
|
|move|p1a: Cloyster|Icicle Spear|p2a: Jirachi
|-resisted|p2a: Jirachi
|-damage|p2a: Jirachi|368\/404 par
|-resisted|p2a: Jirachi
|-damage|p2a: Jirachi|334\/404 par
|-resisted|p2a: Jirachi
|-damage|p2a: Jirachi|299\/404 par
|-resisted|p2a: Jirachi
|-damage|p2a: Jirachi|262\/404 par
|-resisted|p2a: Jirachi
|-damage|p2a: Jirachi|229\/404 par
|-hitcount|p2a: Jirachi|5
|cant|p2a: Jirachi|par
|
|-heal|p2a: Jirachi|254\/404 par|[from] item: Leftovers
|turn|43
|c|âbleutn|no razor claw , but i'm thinking about changing to kings rock
|c| Bob the Bro|serene grace cloyster
|
|move|p1a: Cloyster|Icicle Spear|p2a: Jirachi
|-resisted|p2a: Jirachi
|-damage|p2a: Jirachi|220\/404 par
|-resisted|p2a: Jirachi
|-damage|p2a: Jirachi|183\/404 par
|-resisted|p2a: Jirachi
|-damage|p2a: Jirachi|144\/404 par
|-resisted|p2a: Jirachi
|-damage|p2a: Jirachi|110\/404 par
|-resisted|p2a: Jirachi
|-damage|p2a: Jirachi|72\/404 par
|-hitcount|p2a: Jirachi|5
|move|p2a: Jirachi|Moonblast|p1a: Cloyster
|-damage|p1a: Cloyster|0 fnt
|faint|p1a: Cloyster
|
|-heal|p2a: Jirachi|97\/404 par|[from] item: Leftovers
|c|âRowDog|ty
|c| Bob the Bro|nb
|c|âRowDog|this team
|c|âRowDog|is aids
|c|âRowDog|l
|
|switch|p1a: Jirachi|Jirachi|178\/404
|turn|44
|
|switch|p2a: Gastrodon|Gastrodon, F|319\/426
|move|p1a: Jirachi|Wish|p1a: Jirachi
|
|-heal|p1a: Jirachi|203\/404|[from] item: Leftovers
|-heal|p2a: Gastrodon|345\/426|[from] item: Leftovers
|turn|45
|c|âbleutn|true
|
|move|p1a: Jirachi|Iron Head|p2a: Gastrodon
|-resisted|p2a: Gastrodon
|-damage|p2a: Gastrodon|289\/426
|move|p2a: Gastrodon|Scald|p1a: Jirachi
|-damage|p1a: Jirachi|128\/404
|
|-heal|p1a: Jirachi|330\/404|[from] move: Wish|[wisher] Jirachi
|-heal|p1a: Jirachi|355\/404|[from] item: Leftovers
|-heal|p2a: Gastrodon|315\/426|[from] item: Leftovers
|turn|46
|
|move|p1a: Jirachi|Zen Headbutt|p2a: Gastrodon
|-damage|p2a: Gastrodon|197\/426
|cant|p2a: Gastrodon|flinch
|
|-heal|p1a: Jirachi|380\/404|[from] item: Leftovers
|-heal|p2a: Gastrodon|223\/426|[from] item: Leftovers
|turn|47
|
|move|p1a: Jirachi|Zen Headbutt|p2a: Gastrodon
|-damage|p2a: Gastrodon|99\/426
|move|p2a: Gastrodon|Recover|p2a: Gastrodon
|-heal|p2a: Gastrodon|312\/426
|
|-heal|p1a: Jirachi|404\/404|[from] item: Leftovers
|-heal|p2a: Gastrodon|338\/426|[from] item: Leftovers
|turn|48
|
|move|p1a: Jirachi|Zen Headbutt|p2a: Gastrodon
|-damage|p2a: Gastrodon|226\/426
|move|p2a: Gastrodon|Curse|p2a: Gastrodon
|-boost|p2a: Gastrodon|atk|1
|-boost|p2a: Gastrodon|def|1
|-unboost|p2a: Gastrodon|spe|1
|
|-heal|p2a: Gastrodon|252\/426|[from] item: Leftovers
|turn|49
|
|move|p1a: Jirachi|Zen Headbutt|p2a: Gastrodon
|-damage|p2a: Gastrodon|167\/426
|move|p2a: Gastrodon|Recover|p2a: Gastrodon
|-heal|p2a: Gastrodon|380\/426
|
|-heal|p2a: Gastrodon|406\/426|[from] item: Leftovers
|turn|50
|
|switch|p1a: Tangela|Tangela, M|334\/334
|move|p2a: Gastrodon|Scald|p1a: Tangela
|-resisted|p1a: Tangela
|-damage|p1a: Tangela|300\/334
|
|-heal|p2a: Gastrodon|426\/426|[from] item: Leftovers
|turn|51
|
|switch|p2a: Crobat|Crobat, F|328\/374
|move|p1a: Tangela|Infestation|p2a: Crobat
|-resisted|p2a: Crobat
|-damage|p2a: Crobat|324\/374
|-activate|p2a: Crobat|move: Infestation|[of] p1a: Tangela
|
|-heal|p2a: Crobat|347\/374|[from] item: Black Sludge
|-damage|p2a: Crobat|301\/374|[from] move: Infestation|[partiallytrapped]
|turn|52
|
|move|p2a: Crobat|Brave Bird|p1a: Tangela
|-supereffective|p1a: Tangela
|-damage|p1a: Tangela|130\/334
|-damage|p2a: Crobat|245\/374|[from] recoil|[of] p1a: Tangela
|move|p1a: Tangela|Leech Seed|p2a: Crobat|[miss]
|-miss|p1a: Tangela|p2a: Crobat
|
|-heal|p2a: Crobat|268\/374|[from] item: Black Sludge
|-damage|p2a: Crobat|222\/374|[from] move: Infestation|[partiallytrapped]
|turn|53
|
|move|p1a: Tangela|Protect|p1a: Tangela
|-singleturn|p1a: Tangela|Protect
|move|p2a: Crobat|U-turn|p1a: Tangela
|-activate|p1a: Tangela|Protect
|
|-heal|p2a: Crobat|245\/374|[from] item: Black Sludge
|-damage|p2a: Crobat|199\/374|[from] move: Infestation|[partiallytrapped]
|turn|54
|
|switch|p1a: Porygon2|Porygon2|273\/311
|-ability|p1a: Porygon2|Infiltrator|[from] ability: Trace|[of] p2a: Crobat
|move|p2a: Crobat|Brave Bird|p1a: Porygon2
|-damage|p1a: Porygon2|198\/311
|-damage|p2a: Crobat|174\/374|[from] recoil|[of] p1a: Porygon2
|
|-heal|p2a: Crobat|197\/374|[from] item: Black Sludge
|-end|p2a: Crobat|Infestation|[partiallytrapped]
|turn|55
|
|move|p2a: Crobat|U-turn|p1a: Porygon2
|-damage|p1a: Porygon2|168\/311
|
|switch|p2a: Blissey|Blissey, F|580\/714
|move|p1a: Porygon2|Charge Beam|p2a: Blissey
|-damage|p2a: Blissey|551\/714
|-boost|p1a: Porygon2|spa|1
|
|-heal|p2a: Blissey|595\/714|[from] item: Leftovers
|turn|56
|
|switch|p2a: Gastrodon|Gastrodon, F|426\/426
|move|p1a: Porygon2|Tri Attack|p2a: Gastrodon
|-damage|p2a: Gastrodon|287\/426
|
|-heal|p2a: Gastrodon|313\/426|[from] item: Leftovers
|turn|57
|
|move|p1a: Porygon2|Tri Attack|p2a: Gastrodon
|-damage|p2a: Gastrodon|181\/426
|move|p2a: Gastrodon|Scald|p1a: Porygon2
|-damage|p1a: Porygon2|123\/311
|
|-heal|p2a: Gastrodon|207\/426|[from] item: Leftovers
|turn|58
|
|move|p1a: Porygon2|Tri Attack|p2a: Gastrodon
|-damage|p2a: Gastrodon|54\/426
|move|p2a: Gastrodon|Recover|p2a: Gastrodon
|-heal|p2a: Gastrodon|267\/426
|
|-heal|p2a: Gastrodon|293\/426|[from] item: Leftovers
|turn|59
|
|move|p1a: Porygon2|Tri Attack|p2a: Gastrodon
|-damage|p2a: Gastrodon|146\/426
|move|p2a: Gastrodon|Recover|p2a: Gastrodon
|-heal|p2a: Gastrodon|359\/426
|
|-heal|p2a: Gastrodon|385\/426|[from] item: Leftovers
|turn|60
|
|move|p1a: Porygon2|Tri Attack|p2a: Gastrodon
|-damage|p2a: Gastrodon|238\/426
|move|p2a: Gastrodon|Scald|p1a: Porygon2
|-damage|p1a: Porygon2|75\/311
|
|-heal|p2a: Gastrodon|264\/426|[from] item: Leftovers
|turn|61
|
|move|p1a: Porygon2|Recover|p1a: Porygon2
|-heal|p1a: Porygon2|231\/311
|move|p2a: Gastrodon|Recover|p2a: Gastrodon
|-heal|p2a: Gastrodon|426\/426
|
|turn|62
|
|move|p1a: Porygon2|Tri Attack|p2a: Gastrodon
|-crit|p2a: Gastrodon
|-damage|p2a: Gastrodon|209\/426
|move|p2a: Gastrodon|Scald|p1a: Porygon2
|-damage|p1a: Porygon2|180\/311
|
|-heal|p2a: Gastrodon|235\/426|[from] item: Leftovers
|turn|63
|c|âRowDog|burn plz
|
|move|p1a: Porygon2|Tri Attack|p2a: Gastrodon
|-damage|p2a: Gastrodon|79\/426
|move|p2a: Gastrodon|Recover|p2a: Gastrodon
|-heal|p2a: Gastrodon|292\/426
|
|-heal|p2a: Gastrodon|318\/426|[from] item: Leftovers
|turn|64
|c|âbleutn|i'm trying to status you as well
|
|switch|p1a: Tangela|Tangela, M|241\/334
|move|p2a: Gastrodon|Scald|p1a: Tangela
|-resisted|p1a: Tangela
|-damage|p1a: Tangela|205\/334
|-status|p1a: Tangela|brn
|
|-heal|p2a: Gastrodon|344\/426|[from] item: Leftovers
|-damage|p1a: Tangela|164\/334 brn|[from] brn
|turn|65
|c|âRowDog|ik
|c|âRowDog|ty
|
|switch|p2a: Crobat|Crobat, F|197\/374
|move|p1a: Tangela|Leech Seed|p2a: Crobat
|-start|p2a: Crobat|move: Leech Seed
|
|-heal|p2a: Crobat|220\/374|[from] item: Black Sludge
|-damage|p2a: Crobat|174\/374|[from] Leech Seed|[of] p1a: Tangela
|-heal|p1a: Tangela|210\/334 brn|[silent]
|-damage|p1a: Tangela|169\/334 brn|[from] brn
|turn|66
|
|move|p2a: Crobat|Roost|p2a: Crobat
|-heal|p2a: Crobat|361\/374
|move|p1a: Tangela|Synthesis|p1a: Tangela
|-heal|p1a: Tangela|334\/334 brn
|
|-heal|p2a: Crobat|374\/374|[from] item: Black Sludge
|-damage|p2a: Crobat|328\/374|[from] Leech Seed|[of] p1a: Tangela
|-damage|p1a: Tangela|293\/334 brn|[from] brn
|turn|67
|
|switch|p1a: Jirachi|Jirachi|404\/404
|move|p2a: Crobat|U-turn|p1a: Jirachi
|-damage|p1a: Jirachi|358\/404
|
|switch|p2a: Gastrodon|Gastrodon, F|344\/426
|
|-heal|p1a: Jirachi|383\/404|[from] item: Leftovers
|-heal|p2a: Gastrodon|370\/426|[from] item: Leftovers
|turn|68
|
|move|p1a: Jirachi|Zen Headbutt|p2a: Gastrodon
|-damage|p2a: Gastrodon|250\/426
|move|p2a: Gastrodon|Curse|p2a: Gastrodon
|-boost|p2a: Gastrodon|atk|1
|-boost|p2a: Gastrodon|def|1
|-unboost|p2a: Gastrodon|spe|1
|
|-heal|p1a: Jirachi|404\/404|[from] item: Leftovers
|-heal|p2a: Gastrodon|276\/426|[from] item: Leftovers
|turn|69
|
|move|p1a: Jirachi|Zen Headbutt|p2a: Gastrodon
|-crit|p2a: Gastrodon
|-damage|p2a: Gastrodon|93\/426
|move|p2a: Gastrodon|Earthquake|p1a: Jirachi
|-supereffective|p1a: Jirachi
|-damage|p1a: Jirachi|146\/404
|
|-heal|p1a: Jirachi|171\/404|[from] item: Leftovers
|-heal|p2a: Gastrodon|119\/426|[from] item: Leftovers
|turn|70
|
|switch|p2a: Blissey|Blissey, F|595\/714
|move|p1a: Jirachi|Zen Headbutt|p2a: Blissey
|-damage|p2a: Blissey|385\/714
|
|-heal|p1a: Jirachi|196\/404|[from] item: Leftovers
|-heal|p2a: Blissey|429\/714|[from] item: Leftovers
|turn|71
|
|move|p1a: Jirachi|Iron Head|p2a: Blissey
|-damage|p2a: Blissey|239\/714
|move|p2a: Blissey|Wish|p2a: Blissey
|
|-heal|p1a: Jirachi|221\/404|[from] item: Leftovers
|-heal|p2a: Blissey|283\/714|[from] item: Leftovers
|turn|72
|
|switch|p2a: Jirachi|Jirachi, shiny|97\/404 par
|move|p1a: Jirachi|Wish|p1a: Jirachi
|
|-heal|p2a: Jirachi|404\/404 par|[from] move: Wish|[wisher] Blissey
|-heal|p1a: Jirachi|246\/404|[from] item: Leftovers
|turn|73
|
|switch|p1a: Tangela|Tangela, M|334\/334 brn
|cant|p2a: Jirachi|par
|
|-damage|p1a: Tangela|293\/334 brn|[from] brn
|turn|74
|
|switch|p2a: Aromatisse|Aromatisse, F|356\/406
|move|p1a: Tangela|Leech Seed|p2a: Aromatisse
|-start|p2a: Aromatisse|move: Leech Seed
|
|-heal|p2a: Aromatisse|381\/406|[from] item: Leftovers
|-damage|p2a: Aromatisse|331\/406|[from] Leech Seed|[of] p1a: Tangela
|-heal|p1a: Tangela|334\/334 brn|[silent]
|-damage|p1a: Tangela|293\/334 brn|[from] brn
|turn|75
|
|switch|p1a: Porygon2|Porygon2|180\/311
|-ability|p1a: Porygon2|Aroma Veil|[from] ability: Trace|[of] p2a: Aromatisse
|move|p2a: Aromatisse|Aromatherapy|p2a: Aromatisse
|-cureteam|p2a: Aromatisse|[from] move: Aromatherapy
|
|-heal|p2a: Aromatisse|356\/406|[from] item: Leftovers
|-damage|p2a: Aromatisse|306\/406|[from] Leech Seed|[of] p1a: Porygon2
|-heal|p1a: Porygon2|230\/311|[silent]
|turn|76
|
|move|p1a: Porygon2|Charge Beam|p2a: Aromatisse
|-damage|p2a: Aromatisse|262\/406
|-boost|p1a: Porygon2|spa|1
|move|p2a: Aromatisse|Wish|p2a: Aromatisse
|
|-heal|p2a: Aromatisse|287\/406|[from] item: Leftovers
|-damage|p2a: Aromatisse|237\/406|[from] Leech Seed|[of] p1a: Porygon2
|-heal|p1a: Porygon2|280\/311|[silent]
|turn|77
|
|switch|p2a: Jirachi|Jirachi, shiny|404\/404
|move|p1a: Porygon2|Tri Attack|p2a: Jirachi
|-crit|p2a: Jirachi
|-resisted|p2a: Jirachi
|-damage|p2a: Jirachi|293\/404
|
|-heal|p2a: Jirachi|404\/404|[from] move: Wish|[wisher] Aromatisse
|turn|78
|
|move|p2a: Jirachi|Substitute|p2a: Jirachi
|-start|p2a: Jirachi|Substitute
|-damage|p2a: Jirachi|303\/404
|move|p1a: Porygon2|Thunder Wave|p2a: Jirachi
|
|-heal|p2a: Jirachi|328\/404|[from] item: Leftovers
|turn|79
|
|move|p2a: Jirachi|Calm Mind|p2a: Jirachi
|-boost|p2a: Jirachi|spa|1
|-boost|p2a: Jirachi|spd|1
|move|p1a: Porygon2|Charge Beam|p2a: Jirachi
|-activate|p2a: Jirachi|Substitute|[damage]
|-boost|p1a: Porygon2|spa|1
|
|-heal|p2a: Jirachi|353\/404|[from] item: Leftovers
|turn|80
|
|move|p2a: Jirachi|Calm Mind|p2a: Jirachi
|-boost|p2a: Jirachi|spa|1
|-boost|p2a: Jirachi|spd|1
|move|p1a: Porygon2|Charge Beam|p2a: Jirachi
|-crit|p2a: Jirachi
|-end|p2a: Jirachi|Substitute
|-boost|p1a: Porygon2|spa|1
|
|-heal|p2a: Jirachi|378\/404|[from] item: Leftovers
|turn|81
|c| Bob the Bro|oml
|c| Bob the Bro|still going
|c|âRowDog|;_;
|
|move|p2a: Jirachi|Substitute|p2a: Jirachi
|-start|p2a: Jirachi|Substitute
|-damage|p2a: Jirachi|277\/404
|move|p1a: Porygon2|Tri Attack|p2a: Jirachi
|-resisted|p2a: Jirachi
|-activate|p2a: Jirachi|Substitute|[damage]
|
|-heal|p2a: Jirachi|302\/404|[from] item: Leftovers
|turn|82
|
|move|p2a: Jirachi|Calm Mind|p2a: Jirachi
|-boost|p2a: Jirachi|spa|1
|-boost|p2a: Jirachi|spd|1
|move|p1a: Porygon2|Tri Attack|p2a: Jirachi
|-resisted|p2a: Jirachi
|-end|p2a: Jirachi|Substitute
|
|-heal|p2a: Jirachi|327\/404|[from] item: Leftovers
|turn|83
|
|move|p2a: Jirachi|Substitute|p2a: Jirachi
|-start|p2a: Jirachi|Substitute
|-damage|p2a: Jirachi|226\/404
|move|p1a: Porygon2|Charge Beam|p2a: Jirachi
|-activate|p2a: Jirachi|Substitute|[damage]
|
|-heal|p2a: Jirachi|251\/404|[from] item: Leftovers
|turn|84
|
|move|p2a: Jirachi|Calm Mind|p2a: Jirachi
|-boost|p2a: Jirachi|spa|1
|-boost|p2a: Jirachi|spd|1
|move|p1a: Porygon2|Tri Attack|p2a: Jirachi
|-resisted|p2a: Jirachi
|-activate|p2a: Jirachi|Substitute|[damage]
|
|-heal|p2a: Jirachi|276\/404|[from] item: Leftovers
|turn|85
|
|move|p2a: Jirachi|Calm Mind|p2a: Jirachi
|-boost|p2a: Jirachi|spa|1
|-boost|p2a: Jirachi|spd|1
|move|p1a: Porygon2|Tri Attack|p2a: Jirachi
|-resisted|p2a: Jirachi
|-end|p2a: Jirachi|Substitute
|
|-heal|p2a: Jirachi|301\/404|[from] item: Leftovers
|turn|86
|
|move|p2a: Jirachi|Substitute|p2a: Jirachi
|-start|p2a: Jirachi|Substitute
|-damage|p2a: Jirachi|200\/404
|move|p1a: Porygon2|Tri Attack|p2a: Jirachi
|-resisted|p2a: Jirachi
|-activate|p2a: Jirachi|Substitute|[damage]
|
|-heal|p2a: Jirachi|225\/404|[from] item: Leftovers
|turn|87
|
|move|p2a: Jirachi|Calm Mind|p2a: Jirachi
|-boost|p2a: Jirachi|spa|1
|-boost|p2a: Jirachi|spd|1
|move|p1a: Porygon2|Charge Beam|p2a: Jirachi
|-activate|p2a: Jirachi|Substitute|[damage]
|-boost|p1a: Porygon2|spa|1
|
|-heal|p2a: Jirachi|250\/404|[from] item: Leftovers
|turn|88
|
|move|p2a: Jirachi|Moonblast|p1a: Porygon2
|-damage|p1a: Porygon2|126\/311
|move|p1a: Porygon2|Recover|p1a: Porygon2
|-heal|p1a: Porygon2|282\/311
|
|-heal|p2a: Jirachi|275\/404|[from] item: Leftovers
|turn|89
|
|switch|p1a: Jirachi|Jirachi|246\/404
|move|p2a: Jirachi|Psyshock|p1a: Jirachi
|-resisted|p1a: Jirachi
|-damage|p1a: Jirachi|162\/404
|
|-heal|p2a: Jirachi|300\/404|[from] item: Leftovers
|-heal|p1a: Jirachi|187\/404|[from] item: Leftovers
|turn|90
|
|move|p2a: Jirachi|Moonblast|p1a: Jirachi
|-resisted|p1a: Jirachi
|-damage|p1a: Jirachi|48\/404
|-unboost|p1a: Jirachi|spa|1
|move|p1a: Jirachi|Wish|p1a: Jirachi
|
|-heal|p2a: Jirachi|325\/404|[from] item: Leftovers
|-heal|p1a: Jirachi|73\/404|[from] item: Leftovers
|turn|91
|-message|bleutn forfeited.
|
|win|RowDog
|raw|Ladder updating...
|leave|bleutn
|player|p1
|raw|bleutn's rating: 1436 &rarr; <strong>1423<\/strong><br \/>(-13 for losing)
|raw|RowDog's rating: 1547 &rarr; <strong>1561<\/strong><br \/>(+14 for winning)
|leave|Bob the Bro
|c|âRowDog|damn right