|join|KingâUU
|join|RowDog
|player|p1|KingâUU|22
|player|p2|RowDog|80
|gametype|singles
|gen|6
|tier|UU
|rated
|rule|Sleep Clause Mod: Limit one foe put to sleep
|rule|Species Clause: Limit one of each PokÃ©mon
|rule|OHKO Clause: OHKO moves are banned
|rule|Moody Clause: Moody is banned
|rule|Evasion Moves Clause: Evasion moves are banned
|rule|Endless Battle Clause: Forcing endless battles is banned
|rule|HP Percentage Mod: HP is shown in percentages
|clearpoke
|poke|p1|Yanmega, M
|poke|p1|Krookodile, F
|poke|p1|Machamp, F
|poke|p1|Jirachi
|poke|p1|Vaporeon, M
|poke|p1|Aerodactyl, F
|poke|p2|Zygarde
|poke|p2|Torkoal, M
|poke|p2|Forretress, F
|poke|p2|Jellicent, M
|poke|p2|Blissey, F
|poke|p2|Aromatisse, F
|rule|Swagger Clause: Swagger is banned
|rule|Baton Pass Clause: Limit one PokÃ©mon knowing Baton Pass
|teampreview
|join|Bob the Bro
|c| Bob the Bro|kek
|c|âRowDog|major kek
|c| Bob the Bro|top keks
|
|start
|switch|p1a: Aerodactyl|Aerodactyl, F|361\/361
|switch|p2a: Badaboom|Forretress, F|354\/354
|-ability|p1a: Aerodactyl|Pressure
|turn|1
|c| Bob the Bro|strongkek\/10
|
|detailschange|p1a: Aerodactyl|Aerodactyl-Mega, F
|message|Aerodactyl has Mega Evolved into Mega Aerodactyl!
|move|p1a: Aerodactyl|Taunt|p2a: Badaboom
|-start|p2a: Badaboom|move: Taunt
|move|p2a: Badaboom|Volt Switch|p1a: Aerodactyl
|-supereffective|p1a: Aerodactyl
|-damage|p1a: Aerodactyl|279\/361
|
|switch|p2a: Mongol|Jellicent, M|394\/394
|
|turn|2
|
|move|p1a: Aerodactyl|Stealth Rock|p2a: Mongol
|-sidestart|p2: RowDog|move: Stealth Rock
|move|p2a: Mongol|Will-O-Wisp|p1a: Aerodactyl
|-status|p1a: Aerodactyl|brn
|
|-damage|p1a: Aerodactyl|234\/361 brn|[from] brn
|turn|3
|
|move|p1a: Aerodactyl|Taunt|p2a: Mongol
|-start|p2a: Mongol|move: Taunt
|move|p2a: Mongol|Scald|p1a: Aerodactyl
|-supereffective|p1a: Aerodactyl
|-damage|p1a: Aerodactyl|58\/361 brn
|
|-damage|p1a: Aerodactyl|13\/361 brn|[from] brn
|turn|4
|
|move|p1a: Aerodactyl|Rock Slide|p2a: Mongol
|-miss|p1a: Aerodactyl|p2a: Mongol
|move|p2a: Mongol|Scald|p1a: Aerodactyl
|-supereffective|p1a: Aerodactyl
|-damage|p1a: Aerodactyl|0 fnt
|faint|p1a: Aerodactyl
|
|c| Bob the Bro|nice and dodge
|
|switch|p1a: Krookodile|Krookodile, F|393\/393
|-ability|p1a: Krookodile|Intimidate|[of] p2a: Mongol
|-unboost|p2a: Mongol|atk|1
|turn|5
|
|switch|p2a: Bunny|Aromatisse, F|406\/406
|-damage|p2a: Bunny|356\/406|[from] Stealth Rock
|move|p1a: Krookodile|Bulk Up|p1a: Krookodile
|-boost|p1a: Krookodile|atk|1
|-boost|p1a: Krookodile|def|1
|
|-heal|p2a: Bunny|381\/406|[from] item: Leftovers
|turn|6
|
|move|p1a: Krookodile|Earthquake|p2a: Bunny
|-damage|p2a: Bunny|174\/406
|move|p2a: Bunny|Moonblast|p1a: Krookodile
|-supereffective|p1a: Krookodile
|-damage|p1a: Krookodile|117\/393
|
|-heal|p1a: Krookodile|141\/393|[from] item: Leftovers
|-heal|p2a: Bunny|199\/406|[from] item: Leftovers
|turn|7
|
|move|p1a: Krookodile|Earthquake|p2a: Bunny
|-damage|p2a: Bunny|0 fnt
|faint|p2a: Bunny
|
|-heal|p1a: Krookodile|165\/393|[from] item: Leftovers
|c|âRowDog|need ground resist Q_Q
|
|switch|p2a: Norfleet|Zygarde|415\/415
|-damage|p2a: Norfleet|390\/415|[from] Stealth Rock
|-ability|p2a: Norfleet|Aura Break
|turn|8
|
|move|p1a: Krookodile|Knock Off|p2a: Norfleet
|-damage|p2a: Norfleet|200\/415
|-enditem|p2a: Norfleet|Leftovers|[from] move: Knock Off|[of] p1a: Krookodile
|move|p2a: Norfleet|Dragon Tail|p1a: Krookodile
|-crit|p1a: Krookodile
|-damage|p1a: Krookodile|35\/393
|drag|p1a: Yanmega|Yanmega, M|313\/313
|
|turn|9
|c| Bob the Bro|git gud 
|
|switch|p2a: Tunguska|Blissey, F|714\/714
|-damage|p2a: Tunguska|625\/714|[from] Stealth Rock
|move|p1a: Yanmega|Bug Buzz|p2a: Tunguska
|-damage|p2a: Tunguska|450\/714
|-damage|p1a: Yanmega|282\/313|[from] item: Life Orb
|
|-heal|p2a: Tunguska|494\/714|[from] item: Leftovers
|-boost|p1a: Yanmega|spe|1|[from] ability: Speed Boost
|turn|10
|
|switch|p1a: Krookodile|Krookodile, F|35\/393
|-ability|p1a: Krookodile|Intimidate|[of] p2a: Tunguska
|-unboost|p2a: Tunguska|atk|1
|move|p2a: Tunguska|Wish|p2a: Tunguska
|
|-heal|p1a: Krookodile|59\/393|[from] item: Leftovers
|-heal|p2a: Tunguska|538\/714|[from] item: Leftovers
|turn|11
|
|move|p1a: Krookodile|Earthquake|p2a: Tunguska
|-damage|p2a: Tunguska|216\/714
|move|p2a: Tunguska|Seismic Toss|p1a: Krookodile
|-damage|p1a: Krookodile|0 fnt
|faint|p1a: Krookodile
|
|-heal|p2a: Tunguska|573\/714|[from] move: Wish|[wisher] Tunguska
|-heal|p2a: Tunguska|617\/714|[from] item: Leftovers
|
|switch|p1a: Machamp|Machamp, F|321\/321
|turn|12
|join|I<3Magikarp
|
|switch|p2a: Badaboom|Forretress, F|354\/354
|-damage|p2a: Badaboom|310\/354|[from] Stealth Rock
|move|p1a: Machamp|Close Combat|p2a: Badaboom
|-damage|p2a: Badaboom|137\/354
|-unboost|p1a: Machamp|def|1
|-unboost|p1a: Machamp|spd|1
|-damage|p1a: Machamp|289\/321|[from] item: Life Orb
|
|-heal|p2a: Badaboom|159\/354|[from] item: Leftovers
|turn|13
|join|DatLatias
|
|move|p1a: Machamp|Close Combat|p2a: Badaboom
|-damage|p2a: Badaboom|0 fnt
|-unboost|p1a: Machamp|def|1
|-unboost|p1a: Machamp|spd|1
|-damage|p1a: Machamp|257\/321|[from] item: Life Orb
|faint|p2a: Badaboom
|
|
|switch|p2a: Nukem|Torkoal, M|344\/344
|-damage|p2a: Nukem|258\/344|[from] Stealth Rock
|turn|14
|
|switch|p1a: Yanmega|Yanmega, M|282\/313
|move|p2a: Nukem|Lava Plume|p1a: Yanmega
|-supereffective|p1a: Yanmega
|-damage|p1a: Yanmega|0 fnt
|faint|p1a: Yanmega
|
|-heal|p2a: Nukem|279\/344|[from] item: Leftovers
|
|switch|p1a: Machamp|Machamp, F|257\/321
|turn|15
|
|move|p1a: Machamp|Knock Off|p2a: Nukem
|-damage|p2a: Nukem|180\/344
|-enditem|p2a: Nukem|Leftovers|[from] move: Knock Off|[of] p1a: Machamp
|-damage|p1a: Machamp|225\/321|[from] item: Life Orb
|move|p2a: Nukem|Lava Plume|p1a: Machamp
|-damage|p1a: Machamp|138\/321
|
|turn|16
|
|move|p1a: Machamp|Close Combat|p2a: Nukem
|-damage|p2a: Nukem|0 fnt
|-unboost|p1a: Machamp|def|1
|-unboost|p1a: Machamp|spd|1
|-damage|p1a: Machamp|106\/321|[from] item: Life Orb
|faint|p2a: Nukem
|
|c|âRowDog|ugh
|
|switch|p2a: Norfleet|Zygarde|200\/415
|-damage|p2a: Norfleet|175\/415|[from] Stealth Rock
|-ability|p2a: Norfleet|Aura Break
|turn|17
|
|switch|p1a: Vaporeon|Vaporeon, M|464\/464
|move|p2a: Norfleet|Earthquake|p1a: Vaporeon
|-damage|p1a: Vaporeon|325\/464
|
|-heal|p1a: Vaporeon|354\/464|[from] item: Leftovers
|turn|18
|
|switch|p2a: Mongol|Jellicent, M|394\/394
|-damage|p2a: Mongol|345\/394|[from] Stealth Rock
|move|p1a: Vaporeon|Scald|p2a: Mongol
|-heal|p2a: Mongol|394\/394|[from] ability: Water Absorb|[of] p1a: Vaporeon
|
|-heal|p1a: Vaporeon|383\/464|[from] item: Leftovers
|turn|19
|
|move|p2a: Mongol|Taunt|p1a: Vaporeon
|-start|p1a: Vaporeon|move: Taunt
|cant|p1a: Vaporeon|move: Taunt|Wish
|
|-heal|p1a: Vaporeon|412\/464|[from] item: Leftovers
|turn|20
|
|move|p2a: Mongol|Scald|p1a: Vaporeon
|-heal|p1a: Vaporeon|464\/464|[from] ability: Water Absorb|[of] p2a: Mongol
|move|p1a: Vaporeon|Scald|p2a: Mongol
|-immune|p2a: Mongol|[msg]
|
|turn|21
|
|move|p2a: Mongol|Scald|p1a: Vaporeon
|-immune|p1a: Vaporeon|[msg]
|move|p1a: Vaporeon|Scald|p2a: Mongol
|-immune|p2a: Mongol|[msg]
|
|-end|p1a: Vaporeon|move: Taunt
|turn|22
|
|move|p2a: Mongol|Scald|p1a: Vaporeon
|-immune|p1a: Vaporeon|[msg]
|move|p1a: Vaporeon|Baton Pass|p1a: Vaporeon
|
|switch|p1a: Machamp|Machamp, F|106\/321
|
|turn|23
|
|move|p1a: Machamp|Knock Off|p2a: Mongol
|-supereffective|p2a: Mongol
|-damage|p2a: Mongol|53\/394
|-enditem|p2a: Mongol|Leftovers|[from] move: Knock Off|[of] p1a: Machamp
|-damage|p1a: Machamp|74\/321|[from] item: Life Orb
|move|p2a: Mongol|Scald|p1a: Machamp
|-damage|p1a: Machamp|0 fnt
|faint|p1a: Machamp
|
|c| Bob the Bro|wtf are you doing
|
|switch|p1a: Jirachi|Jirachi|341\/341
|turn|24
|c| Bob the Bro|oh
|c| Bob the Bro|ate it up
|c|âRowDog|getting rid of champ
|
|move|p1a: Jirachi|Zen Headbutt|p2a: Mongol
|-damage|p2a: Mongol|0 fnt
|faint|p2a: Mongol
|
|
|switch|p2a: Tunguska|Blissey, F|617\/714
|-damage|p2a: Tunguska|528\/714|[from] Stealth Rock
|turn|25
|
|move|p1a: Jirachi|Zen Headbutt|p2a: Tunguska
|-damage|p2a: Tunguska|318\/714
|move|p2a: Tunguska|Wish|p2a: Tunguska
|
|-heal|p2a: Tunguska|362\/714|[from] item: Leftovers
|turn|26
|
|switch|p1a: Vaporeon|Vaporeon, M|464\/464
|move|p2a: Tunguska|Counter|p1a: Vaporeon
|-fail|p1a: Vaporeon
|
|-heal|p2a: Tunguska|714\/714|[from] move: Wish|[wisher] Tunguska
|turn|27
|
|move|p1a: Vaporeon|Baton Pass|p1a: Vaporeon
|
|switch|p1a: Jirachi|Jirachi|341\/341
|move|p2a: Tunguska|Wish|p2a: Tunguska
|
|turn|28
|
|move|p2a: Tunguska|Protect|p2a: Tunguska
|-singleturn|p2a: Tunguska|Protect
|move|p1a: Jirachi|Trick|p2a: Tunguska
|-activate|p2a: Tunguska|Protect
|
|turn|29
|
|move|p1a: Jirachi|Trick|p2a: Tunguska
|-activate|p1a: Jirachi|move: Trick|[of] p2a: Tunguska
|-item|p2a: Tunguska|Choice Scarf|[from] move: Trick
|-item|p1a: Jirachi|Leftovers|[from] move: Trick
|move|p2a: Tunguska|Wish|p2a: Tunguska
|
|turn|30
|
|switch|p2a: Norfleet|Zygarde|175\/415
|-damage|p2a: Norfleet|150\/415|[from] Stealth Rock
|-ability|p2a: Norfleet|Aura Break
|move|p1a: Jirachi|U-turn|p2a: Norfleet
|-crit|p2a: Norfleet
|-damage|p2a: Norfleet|68\/415
|
|switch|p1a: Vaporeon|Vaporeon, M|464\/464
|
|-heal|p2a: Norfleet|415\/415|[from] move: Wish|[wisher] Tunguska
|turn|31
|
|move|p2a: Norfleet|Substitute|p2a: Norfleet
|-start|p2a: Norfleet|Substitute
|-damage|p2a: Norfleet|312\/415
|move|p1a: Vaporeon|Scald|p2a: Norfleet
|-activate|p2a: Norfleet|Substitute|[damage]
|
|turn|32
|
|move|p2a: Norfleet|Coil|p2a: Norfleet
|-boost|p2a: Norfleet|atk|1
|-boost|p2a: Norfleet|def|1
|-boost|p2a: Norfleet|accuracy|1
|move|p1a: Vaporeon|Scald|p2a: Norfleet
|-end|p2a: Norfleet|Substitute
|
|turn|33
|c| Bob the Bro|oh where tdid lefties go
|
|move|p2a: Norfleet|Substitute|p2a: Norfleet
|-start|p2a: Norfleet|Substitute
|-damage|p2a: Norfleet|209\/415
|move|p1a: Vaporeon|Scald|p2a: Norfleet
|-activate|p2a: Norfleet|Substitute|[damage]
|
|turn|34
|c|âRowDog|got Knocked Off
|c| Bob the Bro|kek
|
|move|p2a: Norfleet|Coil|p2a: Norfleet
|-boost|p2a: Norfleet|atk|1
|-boost|p2a: Norfleet|def|1
|-boost|p2a: Norfleet|accuracy|1
|move|p1a: Vaporeon|Scald|p2a: Norfleet
|-end|p2a: Norfleet|Substitute
|
|turn|35
|
|move|p2a: Norfleet|Substitute|p2a: Norfleet
|-start|p2a: Norfleet|Substitute
|-damage|p2a: Norfleet|106\/415
|move|p1a: Vaporeon|Scald|p2a: Norfleet
|-activate|p2a: Norfleet|Substitute|[damage]
|
|turn|36
|
|move|p2a: Norfleet|Earthquake|p1a: Vaporeon
|-damage|p1a: Vaporeon|176\/464
|move|p1a: Vaporeon|Scald|p2a: Norfleet
|-end|p2a: Norfleet|Substitute
|
|-heal|p1a: Vaporeon|205\/464|[from] item: Leftovers
|turn|37
|c| Bob the Bro|power
|
|move|p2a: Norfleet|Earthquake|p1a: Vaporeon
|-damage|p1a: Vaporeon|0 fnt
|faint|p1a: Vaporeon
|
|
|switch|p1a: Jirachi|Jirachi|341\/341
|turn|38
|
|move|p1a: Jirachi|Iron Head|p2a: Norfleet
|-damage|p2a: Norfleet|51\/415
|move|p2a: Norfleet|Earthquake|p1a: Jirachi
|-crit|p1a: Jirachi
|-supereffective|p1a: Jirachi
|-damage|p1a: Jirachi|0 fnt
|faint|p1a: Jirachi
|
|win|RowDog
|raw|Ladder updating...
|raw|KingâUU's rating: 1710 &rarr; <strong>1687<\/strong><br \/>(-23 for losing)
|raw|RowDog's rating: 1658 &rarr; <strong>1681<\/strong><br \/>(+23 for winning)
|c|âRowDog|gg
|leave|KingâUU
|player|p1
|leave|DatLatias