|join|zamogs shit teams
|join|RowDog
|player|p1|zamogs shit teams|279
|player|p2|RowDog|80
|gametype|singles
|gen|6
|tier|UU
|rated
|rule|Sleep Clause Mod: Limit one foe put to sleep
|rule|Species Clause: Limit one of each PokÃ©mon
|rule|OHKO Clause: OHKO moves are banned
|rule|Moody Clause: Moody is banned
|rule|Evasion Moves Clause: Evasion moves are banned
|rule|Endless Battle Clause: Forcing endless battles is banned
|rule|HP Percentage Mod: HP is shown in percentages
|clearpoke
|poke|p1|Crobat, F
|poke|p1|Azelf
|poke|p1|Infernape, M
|poke|p1|Krookodile, F
|poke|p1|Ampharos, M
|poke|p1|Jirachi
|poke|p2|Aromatisse, F
|poke|p2|Doublade, M
|poke|p2|Blissey, F
|poke|p2|Dragalge, F
|poke|p2|Crobat, F
|poke|p2|Gastrodon, M
|rule|Swagger Clause: Swagger is banned
|rule|Baton Pass Clause: Limit one PokÃ©mon knowing Baton Pass
|teampreview
|
|start
|switch|p1a: Azelf|Azelf|291\/291
|switch|p2a: Aromatisse|Aromatisse, F|406\/406
|turn|1
|
|move|p1a: Azelf|Stealth Rock|p2a: Aromatisse
|-sidestart|p2: RowDog|move: Stealth Rock
|move|p2a: Aromatisse|Moonblast|p1a: Azelf
|-damage|p1a: Azelf|137\/291
|
|turn|2
|
|move|p2a: Aromatisse|Protect|p2a: Aromatisse
|-singleturn|p2a: Aromatisse|Protect
|move|p1a: Azelf|Taunt|p2a: Aromatisse
|-activate|p2a: Aromatisse|Protect
|
|turn|3
|
|move|p1a: Azelf|Explosion|p2a: Aromatisse
|-damage|p2a: Aromatisse|142\/406
|faint|p1a: Azelf
|move|p2a: Aromatisse|Moonblast|p1: Azelf|[notarget]
|-notarget
|
|-heal|p2a: Aromatisse|167\/406|[from] item: Leftovers
|
|switch|p1a: Infernape|Infernape, M|293\/293
|turn|4
|
|switch|p2a: Dragalge|Dragalge, F|292\/292
|-damage|p2a: Dragalge|256\/292|[from] Stealth Rock
|move|p1a: Infernape|Flare Blitz|p2a: Dragalge
|-resisted|p2a: Dragalge
|-damage|p2a: Dragalge|147\/292
|-damage|p1a: Infernape|257\/293|[from] recoil|[of] p2a: Dragalge
|-damage|p1a: Infernape|228\/293|[from] item: Life Orb
|
|-heal|p2a: Dragalge|165\/292|[from] item: Black Sludge
|turn|5
|join|jasmohit
|
|move|p1a: Infernape|Close Combat|p2a: Dragalge
|-resisted|p2a: Dragalge
|-damage|p2a: Dragalge|56\/292
|-unboost|p1a: Infernape|def|1
|-unboost|p1a: Infernape|spd|1
|-damage|p1a: Infernape|199\/293|[from] item: Life Orb
|move|p2a: Dragalge|Scald|p1a: Infernape
|-supereffective|p1a: Infernape
|-damage|p1a: Infernape|0 fnt
|faint|p1a: Infernape
|
|-heal|p2a: Dragalge|74\/292|[from] item: Black Sludge
|
|switch|p1a: Krookodile|Krookodile, F|331\/331
|-ability|p1a: Krookodile|Intimidate|[of] p2a: Dragalge
|-unboost|p2a: Dragalge|atk|1
|turn|6
|leave|jasmohit
|
|move|p1a: Krookodile|Knock Off|p2a: Dragalge
|-damage|p2a: Dragalge|0 fnt
|-enditem|p2a: Dragalge|Black Sludge|[from] move: Knock Off|[of] p1a: Krookodile
|faint|p2a: Dragalge
|
|
|switch|p2a: Aromatisse|Aromatisse, F|167\/406
|-damage|p2a: Aromatisse|117\/406|[from] Stealth Rock
|turn|7
|
|move|p2a: Aromatisse|Protect|p2a: Aromatisse
|-singleturn|p2a: Aromatisse|Protect
|move|p1a: Krookodile|Knock Off|p2a: Aromatisse
|-activate|p2a: Aromatisse|Protect
|
|-heal|p2a: Aromatisse|142\/406|[from] item: Leftovers
|turn|8
|
|move|p1a: Krookodile|Knock Off|p2a: Aromatisse
|-resisted|p2a: Aromatisse
|-damage|p2a: Aromatisse|32\/406
|-enditem|p2a: Aromatisse|Leftovers|[from] move: Knock Off|[of] p1a: Krookodile
|move|p2a: Aromatisse|Wish|p2a: Aromatisse
|
|turn|9
|
|switch|p1a: Jirachi|Jirachi|341\/341
|move|p2a: Aromatisse|Protect|p2a: Aromatisse
|-fail|p2a: Aromatisse
|
|-heal|p2a: Aromatisse|235\/406|[from] move: Wish|[wisher] Aromatisse
|turn|10
|
|switch|p2a: Gastrodon|Gastrodon, M|426\/426
|-damage|p2a: Gastrodon|400\/426|[from] Stealth Rock
|move|p1a: Jirachi|Iron Head|p2a: Gastrodon
|-resisted|p2a: Gastrodon
|-damage|p2a: Gastrodon|333\/426
|
|-heal|p2a: Gastrodon|359\/426|[from] item: Leftovers
|turn|11
|
|move|p1a: Jirachi|Iron Head|p2a: Gastrodon
|-resisted|p2a: Gastrodon
|-damage|p2a: Gastrodon|292\/426
|cant|p2a: Gastrodon|flinch
|
|-heal|p2a: Gastrodon|318\/426|[from] item: Leftovers
|turn|12
|
|move|p1a: Jirachi|Iron Head|p2a: Gastrodon
|-resisted|p2a: Gastrodon
|-damage|p2a: Gastrodon|255\/426
|move|p2a: Gastrodon|Curse|p2a: Gastrodon
|-boost|p2a: Gastrodon|atk|1
|-boost|p2a: Gastrodon|def|1
|-unboost|p2a: Gastrodon|spe|1
|
|-heal|p2a: Gastrodon|281\/426|[from] item: Leftovers
|turn|13
|
|switch|p1a: Ampharos|Ampharos, M|373\/373
|move|p2a: Gastrodon|Recover|p2a: Gastrodon
|-heal|p2a: Gastrodon|426\/426
|
|turn|14
|
|detailschange|p1a: Ampharos|Ampharos-Mega, M
|message|Ampharos has Mega Evolved into Mega Ampharos!
|-ability|p1a: Ampharos|Mold Breaker
|move|p1a: Ampharos|Dragon Pulse|p2a: Gastrodon
|-damage|p2a: Gastrodon|219\/426
|move|p2a: Gastrodon|Earthquake|p1a: Ampharos
|-supereffective|p1a: Ampharos
|-damage|p1a: Ampharos|77\/373
|
|-heal|p2a: Gastrodon|245\/426|[from] item: Leftovers
|turn|15
|
|move|p1a: Ampharos|Dragon Pulse|p2a: Gastrodon
|-damage|p2a: Gastrodon|35\/426
|move|p2a: Gastrodon|Recover|p2a: Gastrodon
|-heal|p2a: Gastrodon|248\/426
|
|-heal|p2a: Gastrodon|274\/426|[from] item: Leftovers
|turn|16
|
|move|p1a: Ampharos|Dragon Pulse|p2a: Gastrodon
|-damage|p2a: Gastrodon|90\/426
|move|p2a: Gastrodon|Recover|p2a: Gastrodon
|-heal|p2a: Gastrodon|303\/426
|
|-heal|p2a: Gastrodon|329\/426|[from] item: Leftovers
|turn|17
|
|move|p1a: Ampharos|Dragon Pulse|p2a: Gastrodon
|-damage|p2a: Gastrodon|148\/426
|move|p2a: Gastrodon|Recover|p2a: Gastrodon
|-heal|p2a: Gastrodon|361\/426
|
|-heal|p2a: Gastrodon|387\/426|[from] item: Leftovers
|turn|18
|
|move|p1a: Ampharos|Dragon Pulse|p2a: Gastrodon
|-damage|p2a: Gastrodon|207\/426
|move|p2a: Gastrodon|Recover|p2a: Gastrodon
|-heal|p2a: Gastrodon|420\/426
|
|-heal|p2a: Gastrodon|426\/426|[from] item: Leftovers
|turn|19
|
|move|p1a: Ampharos|Dragon Pulse|p2a: Gastrodon
|-damage|p2a: Gastrodon|227\/426
|move|p2a: Gastrodon|Curse|p2a: Gastrodon
|-boost|p2a: Gastrodon|atk|1
|-boost|p2a: Gastrodon|def|1
|-unboost|p2a: Gastrodon|spe|1
|
|-heal|p2a: Gastrodon|253\/426|[from] item: Leftovers
|turn|20
|
|move|p1a: Ampharos|Dragon Pulse|p2a: Gastrodon
|-damage|p2a: Gastrodon|75\/426
|move|p2a: Gastrodon|Recover|p2a: Gastrodon
|-heal|p2a: Gastrodon|288\/426
|
|-heal|p2a: Gastrodon|314\/426|[from] item: Leftovers
|turn|21
|
|move|p1a: Ampharos|Dragon Pulse|p2a: Gastrodon
|-damage|p2a: Gastrodon|125\/426
|move|p2a: Gastrodon|Recover|p2a: Gastrodon
|-heal|p2a: Gastrodon|338\/426
|
|-heal|p2a: Gastrodon|364\/426|[from] item: Leftovers
|turn|22
|
|move|p1a: Ampharos|Dragon Pulse|p2a: Gastrodon
|-damage|p2a: Gastrodon|175\/426
|move|p2a: Gastrodon|Recover|p2a: Gastrodon
|-heal|p2a: Gastrodon|388\/426
|
|-heal|p2a: Gastrodon|414\/426|[from] item: Leftovers
|turn|23
|
|move|p1a: Ampharos|Dragon Pulse|p2a: Gastrodon
|-damage|p2a: Gastrodon|215\/426
|move|p2a: Gastrodon|Earthquake|p1a: Ampharos
|-supereffective|p1a: Ampharos
|-damage|p1a: Ampharos|0 fnt
|faint|p1a: Ampharos
|
|-heal|p2a: Gastrodon|241\/426|[from] item: Leftovers
|
|switch|p1a: Krookodile|Krookodile, F|331\/331
|-ability|p1a: Krookodile|Intimidate|[of] p2a: Gastrodon
|-unboost|p2a: Gastrodon|atk|1
|turn|24
|join|Meme Relief
|
|move|p1a: Krookodile|Earthquake|p2a: Gastrodon
|-damage|p2a: Gastrodon|87\/426
|move|p2a: Gastrodon|Recover|p2a: Gastrodon
|-heal|p2a: Gastrodon|300\/426
|
|-heal|p2a: Gastrodon|326\/426|[from] item: Leftovers
|turn|25
|-message|zamogs shit teams forfeited.
|
|win|RowDog
|raw|Ladder updating...
|raw|zamogs shit teams's rating: 1462 &rarr; <strong>1451<\/strong><br \/>(-11 for losing)
|raw|RowDog's rating: 1648 &rarr; <strong>1658<\/strong><br \/>(+10 for winning)
|leave|zamogs shit teams
|player|p1