|join|Eren Swaeger
|join|RowDog
|player|p1|Eren Swaeger|294
|player|p2|RowDog|80
|gametype|singles
|gen|6
|tier|UU
|rule|Sleep Clause Mod: Limit one foe put to sleep
|rule|Species Clause: Limit one of each PokÃ©mon
|rule|OHKO Clause: OHKO moves are banned
|rule|Moody Clause: Moody is banned
|rule|Evasion Moves Clause: Evasion moves are banned
|rule|Endless Battle Clause: Forcing endless battles is banned
|rule|HP Percentage Mod: HP is shown in percentages
|clearpoke
|poke|p1|Raikou
|poke|p1|Vaporeon, F
|poke|p1|Beedrill, F
|poke|p1|Gligar, M
|poke|p1|Snorlax, M
|poke|p1|Donphan, M
|poke|p2|Sharpedo, F
|poke|p2|Accelgor, M
|poke|p2|Spiritomb, F
|poke|p2|Swampert, M
|poke|p2|Roserade, M
|poke|p2|Jirachi
|rule|Swagger Clause: Swagger is banned
|rule|Baton Pass Clause: Limit one PokÃ©mon knowing Baton Pass
|teampreview
|c|âEren Swaeger|gl hf
|c|âRowDog|u2
|join|BusyJay
|
|start
|switch|p1a: Donphan|Donphan, M|384\/384
|switch|p2a: Bob the Boob|Accelgor, M|364\/364
|turn|1
|join|persona 13
|
|move|p2a: Bob the Boob|Spikes|p1a: Donphan
|-sidestart|p1: Eren Swaeger|Spikes
|move|p1a: Donphan|Earthquake|p2a: Bob the Boob
|-resisted|p2a: Bob the Boob
|-damage|p2a: Bob the Boob|186\/364
|
|turn|2
|
|move|p2a: Bob the Boob|Encore|p1a: Donphan
|-start|p1a: Donphan|Encore
|move|p1a: Donphan|Earthquake|p2a: Bob the Boob
|-resisted|p2a: Bob the Boob
|-damage|p2a: Bob the Boob|0 fnt
|faint|p2a: Bob the Boob
|
|
|switch|p2a: Bob the Bitch|Spiritomb, F|304\/304
|turn|3
|
|switch|p1a: Vaporeon|Vaporeon, F|451\/451
|-damage|p1a: Vaporeon|395\/451|[from] Spikes
|move|p2a: Bob the Bitch|Will-O-Wisp|p1a: Vaporeon
|-status|p1a: Vaporeon|brn
|
|-heal|p1a: Vaporeon|423\/451 brn|[from] item: Leftovers
|-damage|p1a: Vaporeon|367\/451 brn|[from] brn
|turn|4
|
|switch|p2a: Bob the Bub|Roserade, M|262\/262
|move|p1a: Vaporeon|Scald|p2a: Bob the Bub
|-resisted|p2a: Bob the Bub
|-damage|p2a: Bob the Bub|217\/262
|
|-heal|p1a: Vaporeon|395\/451 brn|[from] item: Leftovers
|-damage|p1a: Vaporeon|339\/451 brn|[from] brn
|turn|5
|
|switch|p1a: Buzzzz|Beedrill, F|271\/271
|-damage|p1a: Buzzzz|238\/271|[from] Spikes
|move|p2a: Bob the Bub|Leaf Storm|p1a: Buzzzz
|-resisted|p1a: Buzzzz
|-damage|p1a: Buzzzz|166\/271
|-unboost|p2a: Bob the Bub|spa|2
|
|turn|6
|
|switch|p2a: Haxy Bob|Jirachi|341\/341
|detailschange|p1a: Buzzzz|Beedrill-Mega, F
|-mega|p1a: Buzzzz|Beedrill|Beedrillite
|move|p1a: Buzzzz|Drill Run|p2a: Haxy Bob
|-supereffective|p2a: Haxy Bob
|-damage|p2a: Haxy Bob|111\/341
|
|turn|7
|
|switch|p1a: Vaporeon|Vaporeon, F|339\/451 brn
|-damage|p1a: Vaporeon|283\/451 brn|[from] Spikes
|move|p2a: Haxy Bob|Iron Head|p1a: Vaporeon
|-resisted|p1a: Vaporeon
|-damage|p1a: Vaporeon|216\/451 brn
|
|-heal|p1a: Vaporeon|244\/451 brn|[from] item: Leftovers
|-damage|p1a: Vaporeon|188\/451 brn|[from] brn
|turn|8
|
|switch|p2a: Fenggot|Swampert, M|404\/404
|move|p1a: Vaporeon|Wish|p1a: Vaporeon
|
|-heal|p1a: Vaporeon|216\/451 brn|[from] item: Leftovers
|-damage|p1a: Vaporeon|160\/451 brn|[from] brn
|turn|9
|
|switch|p1a: Donphan|Donphan, M|384\/384
|-damage|p1a: Donphan|336\/384|[from] Spikes
|move|p2a: Fenggot|Stealth Rock|p1a: Donphan
|-sidestart|p1: Eren Swaeger|move: Stealth Rock
|
|-heal|p1a: Donphan|384\/384|[from] move: Wish|[wisher] Vaporeon
|turn|10
|leave|persona 13
|
|switch|p2a: Bob the Bitch|Spiritomb, F|304\/304
|move|p1a: Donphan|Rapid Spin|p2a: Bob the Bitch
|-immune|p2a: Bob the Bitch|[msg]
|
|turn|11
|
|move|p2a: Bob the Bitch|Pursuit|p1a: Donphan|[from]Pursuit
|-damage|p1a: Donphan|264\/384
|switch|p1a: Vaporeon|Vaporeon, F|160\/451 brn
|-damage|p1a: Vaporeon|104\/451 brn|[from] Stealth Rock
|-damage|p1a: Vaporeon|48\/451 brn|[from] Spikes
|
|-heal|p1a: Vaporeon|76\/451 brn|[from] item: Leftovers
|-damage|p1a: Vaporeon|20\/451 brn|[from] brn
|turn|12
|
|move|p2a: Bob the Bitch|Shadow Sneak|p1a: Vaporeon
|-damage|p1a: Vaporeon|0 fnt
|faint|p1a: Vaporeon
|
|
|switch|p1a: Thundercat|Raikou|321\/321
|-damage|p1a: Thundercat|281\/321|[from] Stealth Rock
|-damage|p1a: Thundercat|241\/321|[from] Spikes
|-ability|p1a: Thundercat|Pressure
|turn|13
|
|switch|p2a: Fenggot|Swampert, M|404\/404
|move|p1a: Thundercat|Hidden Power|p2a: Fenggot
|-supereffective|p2a: Fenggot
|-damage|p2a: Fenggot|0 fnt
|faint|p2a: Fenggot
|
|
|switch|p2a: Bob the Bub|Roserade, M|217\/262
|turn|14
|
|switch|p1a: Snorlax|Snorlax, M|461\/461
|-damage|p1a: Snorlax|404\/461|[from] Spikes
|-damage|p1a: Snorlax|347\/461|[from] Stealth Rock
|move|p2a: Bob the Bub|Sludge Bomb|p1a: Snorlax
|-damage|p1a: Snorlax|208\/461
|
|-heal|p1a: Snorlax|236\/461|[from] item: Leftovers
|turn|15
|
|move|p2a: Bob the Bub|Sludge Bomb|p1a: Snorlax
|-damage|p1a: Snorlax|92\/461
|move|p1a: Snorlax|Body Slam|p2a: Bob the Bub
|-damage|p2a: Bob the Bub|0 fnt
|faint|p2a: Bob the Bub
|
|-heal|p1a: Snorlax|120\/461|[from] item: Leftovers
|
|switch|p2a: Bob the Bad|Sharpedo, F|281\/281
|turn|16
|
|move|p2a: Bob the Bad|Crunch|p1a: Snorlax
|-damage|p1a: Snorlax|0 fnt
|faint|p1a: Snorlax
|
|-boost|p2a: Bob the Bad|spe|1|[from] ability: Speed Boost
|
|switch|p1a: Buzzzz|Beedrill-Mega, F|166\/271
|-damage|p1a: Buzzzz|99\/271|[from] Stealth Rock
|-damage|p1a: Buzzzz|66\/271|[from] Spikes
|turn|17
|
|move|p2a: Bob the Bad|Protect|p2a: Bob the Bad
|-singleturn|p2a: Bob the Bad|Protect
|move|p1a: Buzzzz|Poison Jab|p2a: Bob the Bad
|-activate|p2a: Bob the Bad|Protect
|
|-boost|p2a: Bob the Bad|spe|1|[from] ability: Speed Boost
|turn|18
|-message|Eren Swaeger forfeited.
|
|win|RowDog
|leave|Eren Swaeger