|join|CoolStoryBrobat
|join|RowDog
|player|p1|CoolStoryBrobat|#coolstorybrobat
|player|p2|RowDog|80
|gametype|singles
|gen|6
|tier|UU
|rule|Sleep Clause Mod: Limit one foe put to sleep
|rule|Species Clause: Limit one of each PokÃ©mon
|rule|OHKO Clause: OHKO moves are banned
|rule|Moody Clause: Moody is banned
|rule|Evasion Moves Clause: Evasion moves are banned
|rule|Endless Battle Clause: Forcing endless battles is banned
|rule|HP Percentage Mod: HP is shown in percentages
|clearpoke
|poke|p1|Porygon-Z
|poke|p1|Nidoqueen, F
|poke|p1|Aerodactyl, M
|poke|p1|Florges, F
|poke|p1|Suicune
|poke|p1|Cobalion
|poke|p2|Tentacruel, F
|poke|p2|Chesnaught, F
|poke|p2|Aggron, M
|poke|p2|Florges, F
|poke|p2|Goodra, F
|poke|p2|Gastrodon, F
|rule|Swagger Clause: Swagger is banned
|rule|Baton Pass Clause: Limit one PokÃ©mon knowing Baton Pass
|teampreview
|join|ULT F4
|join|Slick-94
|join|malzee
|join|kemalthegod
|join|DatGuyChuck
|
|start
|switch|p1a: Nidoqueen|Nidoqueen, F|331\/331
|switch|p2a: Goodra|Goodra, F|373\/373
|turn|1
|c| DatGuyChuck|here we go
|c| DatGuyChuck|ice beam fr33ze
|c| DatGuyChuck|ezpz
|
|switch|p1a: Florges|Florges, F|360\/360
|move|p2a: Goodra|Earthquake|p1a: Florges
|-damage|p1a: Florges|207\/360
|
|-heal|p1a: Florges|229\/360|[from] item: Leftovers
|turn|2
|c| DatGuyChuck|cos you are sheer force right?
|
|switch|p2a: Aggron|Aggron, M|344\/344
|switch|p1a: Nidoqueen|Nidoqueen, F|331\/331
|
|turn|3
|
|switch|p2a: Gastrodon|Gastrodon, F|426\/426
|move|p1a: Nidoqueen|Taunt|p2a: Gastrodon
|-start|p2a: Gastrodon|move: Taunt
|
|turn|4
|
|move|p1a: Nidoqueen|Earth Power|p2a: Gastrodon
|-damage|p2a: Gastrodon|227\/426
|move|p2a: Gastrodon|Scald|p1a: Nidoqueen
|-supereffective|p1a: Nidoqueen
|-damage|p1a: Nidoqueen|145\/331
|
|-heal|p2a: Gastrodon|253\/426|[from] item: Leftovers
|turn|5
|
|move|p1a: Nidoqueen|Earth Power|p2a: Gastrodon
|-damage|p2a: Gastrodon|45\/426
|move|p2a: Gastrodon|Scald|p1a: Nidoqueen
|-supereffective|p1a: Nidoqueen
|-damage|p1a: Nidoqueen|0 fnt
|faint|p1a: Nidoqueen
|
|-heal|p2a: Gastrodon|71\/426|[from] item: Leftovers
|
|switch|p1a: Cobalion|Cobalion|323\/323
|turn|6
|
|switch|p2a: Chesnaught|Chesnaught, F|380\/380
|move|p1a: Cobalion|Close Combat|p2a: Chesnaught
|-damage|p2a: Chesnaught|272\/380
|-unboost|p1a: Cobalion|def|1
|-unboost|p1a: Cobalion|spd|1
|
|-heal|p2a: Chesnaught|295\/380|[from] item: Leftovers
|turn|7
|
|move|p1a: Cobalion|Volt Switch|p2a: Chesnaught
|-resisted|p2a: Chesnaught
|-damage|p2a: Chesnaught|264\/380
|
|switch|p1a: Florges|Florges, F|229\/360
|move|p2a: Chesnaught|Leech Seed|p1a: Florges
|-start|p1a: Florges|move: Leech Seed
|
|-heal|p1a: Florges|251\/360|[from] item: Leftovers
|-heal|p2a: Chesnaught|287\/380|[from] item: Leftovers
|-damage|p1a: Florges|206\/360|[from] Leech Seed|[of] p2a: Chesnaught
|-heal|p2a: Chesnaught|332\/380|[silent]
|turn|8
|
|switch|p1a: Porygon-Z|Porygon-Z|321\/321
|switch|p2a: Tentacruel|Tentacruel, F|363\/363
|
|turn|9
|c| DatGuyChuck|nice n
|c| DatGuyChuck|subseed
|join|SweetDelight
|
|move|p1a: Porygon-Z|Tri Attack|p2a: Tentacruel
|-damage|p2a: Tentacruel|139\/363
|-damage|p1a: Porygon-Z|289\/321|[from] item: Life Orb
|move|p2a: Tentacruel|Knock Off|p1a: Porygon-Z
|-crit|p1a: Porygon-Z
|-damage|p1a: Porygon-Z|190\/321
|-enditem|p1a: Porygon-Z|Life Orb|[from] move: Knock Off|[of] p2a: Tentacruel
|
|-heal|p2a: Tentacruel|161\/363|[from] item: Black Sludge
|turn|10
|c| SweetDelight|Brobat, did you get your thing?
|c|âCoolStoryBrobat|yeah
|
|move|p1a: Porygon-Z|Tri Attack|p2a: Tentacruel
|-damage|p2a: Tentacruel|7\/363
|move|p2a: Tentacruel|Toxic Spikes|p1a: Porygon-Z
|-sidestart|p1: CoolStoryBrobat|move: Toxic Spikes
|
|-heal|p2a: Tentacruel|29\/363|[from] item: Black Sludge
|turn|11
|leave|ULT F4
|c|âCoolStoryBrobat|you leave me no choice
|
|move|p1a: Porygon-Z|Substitute|p1a: Porygon-Z
|-start|p1a: Porygon-Z|Substitute
|-damage|p1a: Porygon-Z|110\/321
|move|p2a: Tentacruel|Scald|p1a: Porygon-Z
|-end|p1a: Porygon-Z|Substitute
|
|-heal|p2a: Tentacruel|51\/363|[from] item: Black Sludge
|turn|12
|c|âCoolStoryBrobat|nvm
|
|move|p1a: Porygon-Z|Tri Attack|p2a: Tentacruel
|-damage|p2a: Tentacruel|0 fnt
|faint|p2a: Tentacruel
|
|join|thecrystalonix
|
|switch|p2a: Aggron|Aggron, M|344\/344
|turn|13
|c| SweetDelight|Why were you trying to get it? Is there another vote thing coming up?
|c|âCoolStoryBrobat|yeah
|
|detailschange|p2a: Aggron|Aggron-Mega, M
|-mega|p2a: Aggron|Aggron|Aggronite
|move|p1a: Porygon-Z|Substitute|p1a: Porygon-Z
|-start|p1a: Porygon-Z|Substitute
|-damage|p1a: Porygon-Z|30\/321
|move|p2a: Aggron|Earthquake|p1a: Porygon-Z
|-end|p1a: Porygon-Z|Substitute
|
|turn|14
|c|âCoolStoryBrobat|I wanted to qualify
|c|âCoolStoryBrobat|I did that ish within 3 days
|
|move|p1a: Porygon-Z|Pain Split|p2a: Aggron
|-sethp|p2a: Aggron|187\/344|p1a: Porygon-Z|187\/321|[from] move: Pain Split
|move|p2a: Aggron|Heavy Slam|p1a: Porygon-Z
|-damage|p1a: Porygon-Z|0 fnt
|faint|p1a: Porygon-Z
|
|c| SweetDelight|Psh
|
|switch|p1a: Cobalion|Cobalion|323\/323
|turn|15
|
|switch|p2a: Chesnaught|Chesnaught, F|332\/380
|move|p1a: Cobalion|Stealth Rock|p2a: Chesnaught
|-sidestart|p2: RowDog|move: Stealth Rock
|
|-heal|p2a: Chesnaught|355\/380|[from] item: Leftovers
|turn|16
|
|move|p1a: Cobalion|Volt Switch|p2a: Chesnaught
|-resisted|p2a: Chesnaught
|-damage|p2a: Chesnaught|329\/380
|
|switch|p1a: Aerodactyl|Aerodactyl, M|311\/311
|move|p2a: Chesnaught|Leech Seed|p1a: Aerodactyl
|-start|p1a: Aerodactyl|move: Leech Seed
|
|-heal|p2a: Chesnaught|352\/380|[from] item: Leftovers
|-damage|p1a: Aerodactyl|273\/311|[from] Leech Seed|[of] p2a: Chesnaught
|-heal|p2a: Chesnaught|380\/380|[silent]
|turn|17
|c| SweetDelight|Hey Brobat, should I ask the UU room bout the two Megas I showed you?
|
|switch|p2a: Aggron|Aggron-Mega, M|187\/344
|-damage|p2a: Aggron|166\/344|[from] Stealth Rock
|detailschange|p1a: Aerodactyl|Aerodactyl-Mega, M
|-mega|p1a: Aerodactyl|Aerodactyl|Aerodactylite
|move|p1a: Aerodactyl|Defog|p2a: Aggron
|-unboost|p2a: Aggron|evasion|1
|-sideend|p2: RowDog|Stealth Rock|[from] move: Defog|[of] p2a: Aggron
|-sideend|p1: CoolStoryBrobat|Toxic Spikes|[from] move: Defog|[of] p1a: Aerodactyl
|
|-damage|p1a: Aerodactyl|235\/311|[from] Leech Seed|[of] p2a: Aggron
|-heal|p2a: Aggron|204\/344|[silent]
|turn|18
|c|âCoolStoryBrobat|What two
|c| SweetDelight|the Crobats
|c|âCoolStoryBrobat|no
|
|switch|p1a: Cobalion|Cobalion|323\/323
|move|p2a: Aggron|Stealth Rock|p1a: Cobalion
|-sidestart|p1: CoolStoryBrobat|move: Stealth Rock
|
|turn|19
|c|âCoolStoryBrobat|They are atrocious
|c| SweetDelight|i'm gonna do it
|c|âCoolStoryBrobat|your loss
|
|switch|p2a: Chesnaught|Chesnaught, F|380\/380
|move|p1a: Cobalion|Stealth Rock|p2a: Chesnaught
|-sidestart|p2: RowDog|move: Stealth Rock
|
|turn|20
|
|move|p1a: Cobalion|Iron Head|p2a: Chesnaught
|-damage|p2a: Chesnaught|310\/380
|move|p2a: Chesnaught|Drain Punch|p1a: Cobalion
|-supereffective|p1a: Cobalion
|-damage|p1a: Cobalion|183\/323
|-heal|p2a: Chesnaught|380\/380|[from] drain|[of] p1a: Cobalion
|
|-heal|p1a: Cobalion|203\/323|[from] item: Leftovers
|turn|21
|
|move|p1a: Cobalion|Volt Switch|p2a: Chesnaught
|-resisted|p2a: Chesnaught
|-damage|p2a: Chesnaught|353\/380
|
|switch|p1a: Florges|Florges, F|206\/360
|-damage|p1a: Florges|161\/360|[from] Stealth Rock
|move|p2a: Chesnaught|Leech Seed|p1a: Florges
|-start|p1a: Florges|move: Leech Seed
|
|-heal|p1a: Florges|183\/360|[from] item: Leftovers
|-heal|p2a: Chesnaught|376\/380|[from] item: Leftovers
|-damage|p1a: Florges|138\/360|[from] Leech Seed|[of] p2a: Chesnaught
|-heal|p2a: Chesnaught|380\/380|[silent]
|turn|22
|
|switch|p2a: Aggron|Aggron-Mega, M|204\/344
|-damage|p2a: Aggron|183\/344|[from] Stealth Rock
|move|p1a: Florges|Wish|p1a: Florges
|
|-heal|p1a: Florges|160\/360|[from] item: Leftovers
|-damage|p1a: Florges|115\/360|[from] Leech Seed|[of] p2a: Aggron
|-heal|p2a: Aggron|228\/344|[silent]
|turn|23
|join|Borismon12
|
|switch|p1a: Cobalion|Cobalion|203\/323
|-damage|p1a: Cobalion|193\/323|[from] Stealth Rock
|move|p2a: Aggron|Roar|p1a: Cobalion
|drag|p1a: Florges|Florges, F|115\/360
|-damage|p1a: Florges|70\/360|[from] Stealth Rock
|
|-heal|p1a: Florges|250\/360|[from] move: Wish|[wisher] Florges
|-heal|p1a: Florges|272\/360|[from] item: Leftovers
|turn|24
|leave|Borismon12
|c|âRowDog|damn
|
|switch|p1a: Cobalion|Cobalion|193\/323
|-damage|p1a: Cobalion|183\/323|[from] Stealth Rock
|move|p2a: Aggron|Heavy Slam|p1a: Cobalion
|-resisted|p1a: Cobalion
|-damage|p1a: Cobalion|159\/323
|
|-heal|p1a: Cobalion|179\/323|[from] item: Leftovers
|turn|25
|
|switch|p2a: Florges|Florges, F|360\/360
|-damage|p2a: Florges|315\/360|[from] Stealth Rock
|move|p1a: Cobalion|Volt Switch|p2a: Florges
|-damage|p2a: Florges|284\/360
|
|switch|p1a: Florges|Florges, F|272\/360
|-damage|p1a: Florges|227\/360|[from] Stealth Rock
|
|-heal|p1a: Florges|249\/360|[from] item: Leftovers
|-heal|p2a: Florges|306\/360|[from] item: Leftovers
|turn|26
|
|switch|p1a: Cobalion|Cobalion|179\/323
|-damage|p1a: Cobalion|169\/323|[from] Stealth Rock
|move|p2a: Florges|Wish|p2a: Florges
|
|-heal|p1a: Cobalion|189\/323|[from] item: Leftovers
|-heal|p2a: Florges|328\/360|[from] item: Leftovers
|turn|27
|
|switch|p2a: Aggron|Aggron-Mega, M|228\/344
|-damage|p2a: Aggron|207\/344|[from] Stealth Rock
|move|p1a: Cobalion|Close Combat|p2a: Aggron
|-supereffective|p2a: Aggron
|-damage|p2a: Aggron|102\/344
|-unboost|p1a: Cobalion|def|1
|-unboost|p1a: Cobalion|spd|1
|
|-heal|p2a: Aggron|282\/344|[from] move: Wish|[wisher] Florges
|-heal|p1a: Cobalion|209\/323|[from] item: Leftovers
|turn|28
|
|move|p1a: Cobalion|Volt Switch|p2a: Aggron
|-damage|p2a: Aggron|236\/344
|
|switch|p1a: Suicune|Suicune|403\/403
|-damage|p1a: Suicune|353\/403|[from] Stealth Rock
|-ability|p1a: Suicune|Pressure
|move|p2a: Aggron|Earthquake|p1a: Suicune
|-damage|p1a: Suicune|278\/403
|
|-heal|p1a: Suicune|303\/403|[from] item: Leftovers
|turn|29
|
|switch|p1a: Cobalion|Cobalion|209\/323
|-damage|p1a: Cobalion|199\/323|[from] Stealth Rock
|switch|p2a: Chesnaught|Chesnaught, F|380\/380
|-damage|p2a: Chesnaught|357\/380|[from] Stealth Rock
|
|-heal|p1a: Cobalion|219\/323|[from] item: Leftovers
|-heal|p2a: Chesnaught|380\/380|[from] item: Leftovers
|turn|30
|
|move|p1a: Cobalion|Volt Switch|p2a: Chesnaught
|-resisted|p2a: Chesnaught
|-damage|p2a: Chesnaught|353\/380
|
|switch|p1a: Aerodactyl|Aerodactyl-Mega, M|235\/311
|-damage|p1a: Aerodactyl|158\/311|[from] Stealth Rock
|move|p2a: Chesnaught|Drain Punch|p1a: Aerodactyl
|-damage|p1a: Aerodactyl|47\/311
|-heal|p2a: Chesnaught|380\/380|[from] drain|[of] p1a: Aerodactyl
|
|turn|31
|
|switch|p2a: Aggron|Aggron-Mega, M|236\/344
|-damage|p2a: Aggron|215\/344|[from] Stealth Rock
|move|p1a: Aerodactyl|Aerial Ace|p2a: Aggron
|-resisted|p2a: Aggron
|-damage|p2a: Aggron|184\/344
|
|turn|32
|
|move|p1a: Aerodactyl|Earthquake|p2a: Aggron
|-supereffective|p2a: Aggron
|-damage|p2a: Aggron|109\/344
|move|p2a: Aggron|Heavy Slam|p1a: Aerodactyl
|-supereffective|p1a: Aerodactyl
|-damage|p1a: Aerodactyl|0 fnt
|faint|p1a: Aerodactyl
|
|
|switch|p1a: Cobalion|Cobalion|219\/323
|-damage|p1a: Cobalion|209\/323|[from] Stealth Rock
|turn|33
|
|switch|p2a: Chesnaught|Chesnaught, F|380\/380
|-damage|p2a: Chesnaught|357\/380|[from] Stealth Rock
|move|p1a: Cobalion|Volt Switch|p2a: Chesnaught
|-resisted|p2a: Chesnaught
|-damage|p2a: Chesnaught|327\/380
|
|switch|p1a: Florges|Florges, F|249\/360
|-damage|p1a: Florges|204\/360|[from] Stealth Rock
|
|-heal|p1a: Florges|226\/360|[from] item: Leftovers
|-heal|p2a: Chesnaught|350\/380|[from] item: Leftovers
|turn|34
|join|Borismon12
|
|move|p1a: Florges|Moonblast|p2a: Chesnaught
|-supereffective|p2a: Chesnaught
|-damage|p2a: Chesnaught|12\/380
|move|p2a: Chesnaught|Spikes|p1a: Florges
|-sidestart|p1: CoolStoryBrobat|Spikes
|
|-heal|p1a: Florges|248\/360|[from] item: Leftovers
|-heal|p2a: Chesnaught|35\/380|[from] item: Leftovers
|turn|35
|leave|Borismon12
|c| SweetDelight|wow
|
|move|p2a: Chesnaught|Spiky Shield|p2a: Chesnaught
|-singleturn|p2a: Chesnaught|move: Protect
|move|p1a: Florges|Moonblast|p2a: Chesnaught
|-activate|p2a: Chesnaught|move: Protect
|
|-heal|p1a: Florges|270\/360|[from] item: Leftovers
|-heal|p2a: Chesnaught|58\/380|[from] item: Leftovers
|turn|36
|
|switch|p2a: Florges|Florges, F|328\/360
|-damage|p2a: Florges|283\/360|[from] Stealth Rock
|move|p1a: Florges|Moonblast|p2a: Florges
|-crit|p2a: Florges
|-damage|p2a: Florges|163\/360
|
|-heal|p2a: Florges|185\/360|[from] item: Leftovers
|-heal|p1a: Florges|292\/360|[from] item: Leftovers
|turn|37
|c| SweetDelight|Is there a Reflection move?
|join|ULT Lapraz
|c|âCoolStoryBrobat|Counter\/Mirror Coat kinda
|
|move|p1a: Florges|Wish|p1a: Florges
|move|p2a: Florges|Wish|p2a: Florges
|
|-heal|p1a: Florges|314\/360|[from] item: Leftovers
|-heal|p2a: Florges|207\/360|[from] item: Leftovers
|turn|38
|c|âCoolStoryBrobat|You have to tae the move and live it
|
|switch|p2a: Aggron|Aggron-Mega, M|109\/344
|-damage|p2a: Aggron|88\/344|[from] Stealth Rock
|move|p1a: Florges|Moonblast|p2a: Aggron
|-resisted|p2a: Aggron
|-damage|p2a: Aggron|28\/344
|-unboost|p2a: Aggron|spa|1
|
|-heal|p2a: Aggron|208\/344|[from] move: Wish|[wisher] Florges
|-heal|p1a: Florges|360\/360|[from] move: Wish|[wisher] Florges
|turn|39
|c|âRowDog|k
|c| SweetDelight|But there isnt one that you dont take any damage at all\/
|c|âCoolStoryBrobat|no
|
|switch|p1a: Cobalion|Cobalion|209\/323
|-damage|p1a: Cobalion|199\/323|[from] Stealth Rock
|-damage|p1a: Cobalion|159\/323|[from] Spikes
|move|p2a: Aggron|Earthquake|p1a: Cobalion
|-supereffective|p1a: Cobalion
|-damage|p1a: Cobalion|0 fnt
|faint|p1a: Cobalion
|
|
|switch|p1a: Suicune|Suicune|303\/403
|-damage|p1a: Suicune|253\/403|[from] Spikes
|-damage|p1a: Suicune|203\/403|[from] Stealth Rock
|-ability|p1a: Suicune|Pressure
|turn|40
|
|switch|p2a: Gastrodon|Gastrodon, F|71\/426
|-damage|p2a: Gastrodon|45\/426|[from] Stealth Rock
|move|p1a: Suicune|Roar|p2a: Gastrodon
|drag|p2a: Goodra|Goodra, F|373\/373
|-damage|p2a: Goodra|327\/373|[from] Stealth Rock
|
|-heal|p1a: Suicune|228\/403|[from] item: Leftovers
|turn|41
|
|switch|p1a: Florges|Florges, F|360\/360
|-damage|p1a: Florges|315\/360|[from] Stealth Rock
|-damage|p1a: Florges|270\/360|[from] Spikes
|move|p2a: Goodra|Power Whip|p1a: Florges
|-damage|p1a: Florges|64\/360
|
|-heal|p1a: Florges|86\/360|[from] item: Leftovers
|turn|42
|
|move|p2a: Goodra|Power Whip|p1a: Florges
|-crit|p1a: Florges
|-damage|p1a: Florges|0 fnt
|faint|p1a: Florges
|
|
|switch|p1a: Suicune|Suicune|228\/403
|-damage|p1a: Suicune|178\/403|[from] Spikes
|-damage|p1a: Suicune|128\/403|[from] Stealth Rock
|-ability|p1a: Suicune|Pressure
|turn|43
|
|move|p1a: Suicune|Scald|p2a: Goodra
|-resisted|p2a: Goodra
|-damage|p2a: Goodra|295\/373
|move|p2a: Goodra|Power Whip|p1a: Suicune|[miss]
|-miss|p2a: Goodra|p1a: Suicune
|
|-heal|p1a: Suicune|153\/403|[from] item: Leftovers
|turn|44
|
|move|p1a: Suicune|Scald|p2a: Goodra
|-resisted|p2a: Goodra
|-damage|p2a: Goodra|267\/373
|move|p2a: Goodra|Power Whip|p1a: Suicune
|-supereffective|p1a: Suicune
|-damage|p1a: Suicune|0 fnt
|faint|p1a: Suicune
|
|win|RowDog
|c| DatGuyChuck|nice hax
|c|âRowDog|gg
|c|âCoolStoryBrobat|well gg
|leave|DatGuyChuck
|leave|CoolStoryBrobat
|player|p1