|join|ult toenail
|join|RowDog
|player|p1|ult toenail|147
|player|p2|RowDog|80
|gametype|singles
|gen|6
|tier|UU
|rated
|rule|Sleep Clause Mod: Limit one foe put to sleep
|rule|Species Clause: Limit one of each PokÃ©mon
|rule|OHKO Clause: OHKO moves are banned
|rule|Moody Clause: Moody is banned
|rule|Evasion Moves Clause: Evasion moves are banned
|rule|Endless Battle Clause: Forcing endless battles is banned
|rule|HP Percentage Mod: HP is shown in percentages
|clearpoke
|poke|p1|Snorlax, F
|poke|p1|Whimsicott, F
|poke|p1|Hydreigon, M
|poke|p1|Doublade, F, shiny
|poke|p1|Cobalion
|poke|p1|Starmie
|poke|p2|Aromatisse, M
|poke|p2|Doublade, F
|poke|p2|Blissey, F
|poke|p2|Dragalge, M
|poke|p2|Crobat, F
|poke|p2|Gastrodon, M
|rule|Swagger Clause: Swagger is banned
|rule|Baton Pass Clause: Limit one PokÃ©mon knowing Baton Pass
|teampreview
|c|âult toenail|hf
|c|âRowDog|u2
|
|start
|switch|p1a: Cotton Pickin'|Whimsicott, F|261\/261
|switch|p2a: Crobat|Crobat, F|373\/373
|turn|1
|
|switch|p1a: Simba|Cobalion|370\/370
|move|p2a: Crobat|Brave Bird|p1a: Simba
|-damage|p1a: Simba|261\/370
|-damage|p2a: Crobat|337\/373|[from] recoil|[of] p1a: Simba
|
|-heal|p2a: Crobat|360\/373|[from] item: Black Sludge
|-heal|p1a: Simba|284\/370|[from] item: Leftovers
|turn|2
|
|switch|p1a: SlashinLikeAnAxew|Doublade, F, shiny|321\/321
|move|p2a: Crobat|Taunt|p1a: SlashinLikeAnAxew
|-start|p1a: SlashinLikeAnAxew|move: Taunt
|
|-heal|p2a: Crobat|373\/373|[from] item: Black Sludge
|turn|3
|
|switch|p2a: Gastrodon|Gastrodon, M|426\/426
|move|p1a: SlashinLikeAnAxew|Iron Head|p2a: Gastrodon
|-resisted|p2a: Gastrodon
|-damage|p2a: Gastrodon|346\/426
|
|-heal|p2a: Gastrodon|372\/426|[from] item: Leftovers
|turn|4
|
|switch|p1a: Rick|Starmie|323\/323
|switch|p2a: Dragalge|Dragalge, M|334\/334
|
|turn|5
|
|switch|p1a: Tu Madre|Snorlax, F|497\/497
|switch|p2a: Blissey|Blissey, F|714\/714
|
|turn|6
|
|switch|p2a: Doublade|Doublade, F|319\/319
|move|p1a: Tu Madre|Body Slam|p2a: Doublade
|-immune|p2a: Doublade|[msg]
|
|turn|7
|
|switch|p1a: SlashinLikeAnAxew|Doublade, F, shiny|321\/321
|move|p2a: Doublade|Sacred Sword|p1a: SlashinLikeAnAxew
|-immune|p1a: SlashinLikeAnAxew|[msg]
|
|turn|8
|
|switch|p2a: Dragalge|Dragalge, M|334\/334
|switch|p1a: Dr. Dreigon|Hydreigon, M|325\/325
|
|turn|9
|
|switch|p2a: Aromatisse|Aromatisse, M|406\/406
|move|p1a: Dr. Dreigon|U-turn|p2a: Aromatisse
|-resisted|p2a: Aromatisse
|-damage|p2a: Aromatisse|382\/406
|
|switch|p1a: Simba|Cobalion|284\/370
|
|-heal|p1a: Simba|307\/370|[from] item: Leftovers
|-heal|p2a: Aromatisse|406\/406|[from] item: Leftovers
|turn|10
|
|move|p1a: Simba|Stealth Rock|p2a: Aromatisse
|-sidestart|p2: RowDog|move: Stealth Rock
|move|p2a: Aromatisse|Moonblast|p1a: Simba
|-damage|p1a: Simba|163\/370
|
|-heal|p1a: Simba|186\/370|[from] item: Leftovers
|turn|11
|
|switch|p2a: Doublade|Doublade, F|319\/319
|-damage|p2a: Doublade|300\/319|[from] Stealth Rock
|move|p1a: Simba|Volt Switch|p2a: Doublade
|-damage|p2a: Doublade|246\/319
|
|switch|p1a: Dr. Dreigon|Hydreigon, M|325\/325
|
|turn|12
|
|switch|p2a: Gastrodon|Gastrodon, M|372\/426
|-damage|p2a: Gastrodon|346\/426|[from] Stealth Rock
|move|p1a: Dr. Dreigon|U-turn|p2a: Gastrodon
|-damage|p2a: Gastrodon|286\/426
|
|switch|p1a: Cotton Pickin'|Whimsicott, F|261\/261
|
|-heal|p2a: Gastrodon|312\/426|[from] item: Leftovers
|turn|13
|
|switch|p2a: Dragalge|Dragalge, M|334\/334
|-damage|p2a: Dragalge|293\/334|[from] Stealth Rock
|move|p1a: Cotton Pickin'|U-turn|p2a: Dragalge
|-resisted|p2a: Dragalge
|-damage|p2a: Dragalge|279\/334
|
|switch|p1a: Dr. Dreigon|Hydreigon, M|325\/325
|
|-heal|p2a: Dragalge|299\/334|[from] item: Black Sludge
|turn|14
|
|switch|p2a: Aromatisse|Aromatisse, M|406\/406
|-damage|p2a: Aromatisse|356\/406|[from] Stealth Rock
|move|p1a: Dr. Dreigon|Draco Meteor|p2a: Aromatisse
|-immune|p2a: Aromatisse|[msg]
|
|-heal|p2a: Aromatisse|381\/406|[from] item: Leftovers
|turn|15
|
|switch|p1a: Tu Madre|Snorlax, F|497\/497
|move|p2a: Aromatisse|Wish|p2a: Aromatisse
|
|-heal|p2a: Aromatisse|406\/406|[from] item: Leftovers
|turn|16
|
|switch|p1a: SlashinLikeAnAxew|Doublade, F, shiny|321\/321
|switch|p2a: Doublade|Doublade, F|246\/319
|-damage|p2a: Doublade|227\/319|[from] Stealth Rock
|
|-heal|p2a: Doublade|319\/319|[from] move: Wish|[wisher] Aromatisse
|turn|17
|
|switch|p2a: Gastrodon|Gastrodon, M|312\/426
|-damage|p2a: Gastrodon|286\/426|[from] Stealth Rock
|move|p1a: SlashinLikeAnAxew|Swords Dance|p1a: SlashinLikeAnAxew
|-boost|p1a: SlashinLikeAnAxew|atk|2
|
|-heal|p2a: Gastrodon|312\/426|[from] item: Leftovers
|turn|18
|
|switch|p1a: Rick|Starmie|323\/323
|move|p2a: Gastrodon|Scald|p1a: Rick
|-resisted|p1a: Rick
|-damage|p1a: Rick|271\/323
|
|-heal|p1a: Rick|291\/323|[from] item: Leftovers
|-heal|p2a: Gastrodon|338\/426|[from] item: Leftovers
|turn|19
|
|move|p1a: Rick|Scald|p2a: Gastrodon
|-boost|p2a: Gastrodon|spa|1|[from] ability: Storm Drain
|move|p2a: Gastrodon|Recover|p2a: Gastrodon
|-heal|p2a: Gastrodon|426\/426
|
|-heal|p1a: Rick|311\/323|[from] item: Leftovers
|turn|20
|
|move|p1a: Rick|Toxic|p2a: Gastrodon
|-status|p2a: Gastrodon|tox
|move|p2a: Gastrodon|Scald|p1a: Rick
|-resisted|p1a: Rick
|-damage|p1a: Rick|239\/323
|-status|p1a: Rick|brn
|
|-heal|p1a: Rick|259\/323 brn|[from] item: Leftovers
|-damage|p1a: Rick|219\/323 brn|[from] brn
|-damage|p2a: Gastrodon|400\/426 tox|[from] psn
|turn|21
|
|switch|p1a: Tu Madre|Snorlax, F|497\/497
|move|p2a: Gastrodon|Scald|p1a: Tu Madre
|-damage|p1a: Tu Madre|398\/497
|-status|p1a: Tu Madre|brn
|
|-heal|p2a: Gastrodon|426\/426 tox|[from] item: Leftovers
|-heal|p1a: Tu Madre|429\/497 brn|[from] item: Leftovers
|-damage|p2a: Gastrodon|374\/426 tox|[from] psn
|-damage|p1a: Tu Madre|367\/497 brn|[from] brn
|turn|22
|
|switch|p2a: Dragalge|Dragalge, M|299\/334
|-damage|p2a: Dragalge|258\/334|[from] Stealth Rock
|move|p1a: Tu Madre|Rest|p1a: Tu Madre
|-status|p1a: Tu Madre|slp
|-heal|p1a: Tu Madre|497\/497 slp|[silent]
|-status|p1a: Tu Madre|slp|[from] move: Rest
|
|-heal|p2a: Dragalge|278\/334|[from] item: Black Sludge
|turn|23
|
|move|p2a: Dragalge|Sludge Bomb|p1a: Tu Madre
|-damage|p1a: Tu Madre|395\/497 slp
|cant|p1a: Tu Madre|slp
|move|p1a: Tu Madre|Sleep Talk|p1a: Tu Madre
|move|p1a: Tu Madre|Rest|p1a: Tu Madre|[from]Sleep Talk
|-fail|p1a: Tu Madre
|
|-heal|p2a: Dragalge|298\/334|[from] item: Black Sludge
|-heal|p1a: Tu Madre|426\/497 slp|[from] item: Leftovers
|turn|24
|
|move|p2a: Dragalge|Toxic Spikes|p1a: Tu Madre
|-sidestart|p1: ult toenail|move: Toxic Spikes
|cant|p1a: Tu Madre|slp
|move|p1a: Tu Madre|Sleep Talk|p1a: Tu Madre
|move|p1a: Tu Madre|Body Slam|p2a: Dragalge|[from]Sleep Talk
|-damage|p2a: Dragalge|217\/334
|-status|p2a: Dragalge|par
|
|-heal|p1a: Tu Madre|457\/497 slp|[from] item: Leftovers
|-heal|p2a: Dragalge|237\/334 par|[from] item: Black Sludge
|turn|25
|
|switch|p1a: Dr. Dreigon|Hydreigon, M|325\/325
|cant|p2a: Dragalge|par
|
|-heal|p2a: Dragalge|257\/334 par|[from] item: Black Sludge
|turn|26
|
|switch|p2a: Aromatisse|Aromatisse, M|406\/406
|-damage|p2a: Aromatisse|356\/406|[from] Stealth Rock
|move|p1a: Dr. Dreigon|U-turn|p2a: Aromatisse
|-resisted|p2a: Aromatisse
|-damage|p2a: Aromatisse|332\/406
|
|switch|p1a: SlashinLikeAnAxew|Doublade, F, shiny|321\/321
|
|-heal|p2a: Aromatisse|357\/406|[from] item: Leftovers
|turn|27
|
|switch|p2a: Gastrodon|Gastrodon, M|374\/426 tox
|-damage|p2a: Gastrodon|348\/426 tox|[from] Stealth Rock
|move|p1a: SlashinLikeAnAxew|Swords Dance|p1a: SlashinLikeAnAxew
|-boost|p1a: SlashinLikeAnAxew|atk|2
|
|-heal|p2a: Gastrodon|374\/426 tox|[from] item: Leftovers
|-damage|p2a: Gastrodon|348\/426 tox|[from] psn
|turn|28
|
|move|p1a: SlashinLikeAnAxew|Shadow Sneak|p2a: Gastrodon
|-damage|p2a: Gastrodon|204\/426 tox
|move|p2a: Gastrodon|Scald|p1a: SlashinLikeAnAxew
|-crit|p1a: SlashinLikeAnAxew
|-damage|p1a: SlashinLikeAnAxew|173\/321
|
|-heal|p2a: Gastrodon|230\/426 tox|[from] item: Leftovers
|-damage|p2a: Gastrodon|178\/426 tox|[from] psn
|turn|29
|
|switch|p1a: Rick|Starmie|219\/323
|-status|p1a: Rick|psn
|move|p2a: Gastrodon|Scald|p1a: Rick
|-resisted|p1a: Rick
|-damage|p1a: Rick|173\/323 psn
|
|-heal|p1a: Rick|193\/323 psn|[from] item: Leftovers
|-heal|p2a: Gastrodon|204\/426 tox|[from] item: Leftovers
|-damage|p1a: Rick|153\/323 psn|[from] psn
|-damage|p2a: Gastrodon|126\/426 tox|[from] psn
|turn|30
|
|move|p1a: Rick|Rapid Spin|p2a: Gastrodon
|-damage|p2a: Gastrodon|114\/426 tox
|-sideend|p1: ult toenail|Toxic Spikes|[from] move: Rapid Spin|[of] p1a: Rick
|move|p2a: Gastrodon|Recover|p2a: Gastrodon
|-heal|p2a: Gastrodon|327\/426 tox
|
|-heal|p1a: Rick|173\/323 psn|[from] item: Leftovers
|-heal|p2a: Gastrodon|353\/426 tox|[from] item: Leftovers
|-damage|p1a: Rick|133\/323 psn|[from] psn
|-damage|p2a: Gastrodon|249\/426 tox|[from] psn
|turn|31
|
|switch|p2a: Blissey|Blissey, F|714\/714
|-damage|p2a: Blissey|625\/714|[from] Stealth Rock
|move|p1a: Rick|Recover|p1a: Rick
|-heal|p1a: Rick|295\/323 psn
|
|-heal|p1a: Rick|315\/323 psn|[from] item: Leftovers
|-heal|p2a: Blissey|669\/714|[from] item: Leftovers
|-damage|p1a: Rick|275\/323 psn|[from] psn
|turn|32
|
|switch|p1a: SlashinLikeAnAxew|Doublade, F, shiny|173\/321
|move|p2a: Blissey|Wish|p2a: Blissey
|
|-heal|p2a: Blissey|713\/714|[from] item: Leftovers
|turn|33
|
|switch|p2a: Gastrodon|Gastrodon, M|249\/426 tox
|-damage|p2a: Gastrodon|223\/426 tox|[from] Stealth Rock
|switch|p1a: Cotton Pickin'|Whimsicott, F|261\/261
|
|-heal|p2a: Gastrodon|426\/426 tox|[from] move: Wish|[wisher] Blissey
|-damage|p2a: Gastrodon|400\/426 tox|[from] psn
|turn|34
|
|switch|p2a: Crobat|Crobat, F|373\/373
|-damage|p2a: Crobat|280\/373|[from] Stealth Rock
|move|p1a: Cotton Pickin'|U-turn|p2a: Crobat
|-resisted|p2a: Crobat
|-damage|p2a: Crobat|269\/373
|
|switch|p1a: SlashinLikeAnAxew|Doublade, F, shiny|173\/321
|
|-heal|p2a: Crobat|292\/373|[from] item: Black Sludge
|turn|35
|
|move|p2a: Crobat|Taunt|p1a: SlashinLikeAnAxew
|-start|p1a: SlashinLikeAnAxew|move: Taunt
|move|p1a: SlashinLikeAnAxew|Iron Head|p2a: Crobat
|-damage|p2a: Crobat|126\/373
|
|-heal|p2a: Crobat|149\/373|[from] item: Black Sludge
|turn|36
|
|switch|p1a: Cotton Pickin'|Whimsicott, F|261\/261
|move|p2a: Crobat|Roost|p2a: Crobat
|-heal|p2a: Crobat|336\/373
|
|-heal|p2a: Crobat|359\/373|[from] item: Black Sludge
|turn|37
|
|move|p1a: Cotton Pickin'|Encore|p2a: Crobat
|-start|p2a: Crobat|Encore
|move|p2a: Crobat|Roost|p2a: Crobat
|-heal|p2a: Crobat|373\/373
|
|turn|38
|
|move|p2a: Crobat|Roost|p2a: Crobat
|-fail|p2a: Crobat
|move|p1a: Cotton Pickin'|U-turn|p2a: Crobat
|-resisted|p2a: Crobat
|-damage|p2a: Crobat|363\/373
|
|switch|p1a: SlashinLikeAnAxew|Doublade, F, shiny|173\/321
|
|-heal|p2a: Crobat|373\/373|[from] item: Black Sludge
|turn|39
|
|move|p1a: SlashinLikeAnAxew|Pursuit|p2a: Crobat|[from]Pursuit
|-damage|p2a: Crobat|269\/373
|switch|p2a: Doublade|Doublade, F|319\/319
|-damage|p2a: Doublade|300\/319|[from] Stealth Rock
|
|turn|40
|
|switch|p1a: Cotton Pickin'|Whimsicott, F|261\/261
|move|p2a: Doublade|Shadow Sneak|p1a: Cotton Pickin'
|-damage|p1a: Cotton Pickin'|183\/261
|
|-heal|p1a: Cotton Pickin'|199\/261|[from] item: Leftovers
|turn|41
|
|move|p1a: Cotton Pickin'|U-turn|p2a: Doublade
|-resisted|p2a: Doublade
|-damage|p2a: Doublade|296\/319
|
|switch|p1a: Dr. Dreigon|Hydreigon, M|325\/325
|move|p2a: Doublade|Iron Head|p1a: Dr. Dreigon
|-damage|p1a: Dr. Dreigon|184\/325
|
|turn|42
|
|switch|p2a: Aromatisse|Aromatisse, M|357\/406
|-damage|p2a: Aromatisse|307\/406|[from] Stealth Rock
|move|p1a: Dr. Dreigon|U-turn|p2a: Aromatisse
|-resisted|p2a: Aromatisse
|-damage|p2a: Aromatisse|284\/406
|
|switch|p1a: SlashinLikeAnAxew|Doublade, F, shiny|173\/321
|
|-heal|p2a: Aromatisse|309\/406|[from] item: Leftovers
|turn|43
|
|switch|p2a: Gastrodon|Gastrodon, M|400\/426 tox
|-damage|p2a: Gastrodon|374\/426 tox|[from] Stealth Rock
|move|p1a: SlashinLikeAnAxew|Iron Head|p2a: Gastrodon
|-resisted|p2a: Gastrodon
|-damage|p2a: Gastrodon|299\/426 tox
|
|-heal|p2a: Gastrodon|325\/426 tox|[from] item: Leftovers
|-damage|p2a: Gastrodon|299\/426 tox|[from] psn
|turn|44
|
|switch|p1a: Rick|Starmie|275\/323
|move|p2a: Gastrodon|Scald|p1a: Rick
|-resisted|p1a: Rick
|-damage|p1a: Rick|228\/323
|-status|p1a: Rick|brn
|
|-heal|p1a: Rick|248\/323 brn|[from] item: Leftovers
|-heal|p2a: Gastrodon|325\/426 tox|[from] item: Leftovers
|-damage|p1a: Rick|208\/323 brn|[from] brn
|-damage|p2a: Gastrodon|273\/426 tox|[from] psn
|turn|45
|
|switch|p1a: Dr. Dreigon|Hydreigon, M|184\/325
|switch|p2a: Blissey|Blissey, F|713\/714
|-damage|p2a: Blissey|624\/714|[from] Stealth Rock
|
|-heal|p2a: Blissey|668\/714|[from] item: Leftovers
|turn|46
|
|move|p1a: Dr. Dreigon|U-turn|p2a: Blissey
|-damage|p2a: Blissey|570\/714
|
|switch|p1a: SlashinLikeAnAxew|Doublade, F, shiny|173\/321
|move|p2a: Blissey|Wish|p2a: Blissey
|
|-heal|p2a: Blissey|614\/714|[from] item: Leftovers
|turn|47
|
|move|p1a: SlashinLikeAnAxew|Pursuit|p2a: Blissey|[from]Pursuit
|-damage|p2a: Blissey|454\/714
|switch|p2a: Gastrodon|Gastrodon, M|273\/426 tox
|-damage|p2a: Gastrodon|247\/426 tox|[from] Stealth Rock
|
|-heal|p2a: Gastrodon|426\/426 tox|[from] move: Wish|[wisher] Blissey
|-damage|p2a: Gastrodon|400\/426 tox|[from] psn
|turn|48
|
|switch|p1a: Rick|Starmie|208\/323
|move|p2a: Gastrodon|Earthquake|p1a: Rick
|-damage|p1a: Rick|108\/323
|
|-heal|p1a: Rick|128\/323|[from] item: Leftovers
|-heal|p2a: Gastrodon|426\/426 tox|[from] item: Leftovers
|-damage|p2a: Gastrodon|374\/426 tox|[from] psn
|turn|49
|
|switch|p2a: Aromatisse|Aromatisse, M|309\/406
|-damage|p2a: Aromatisse|259\/406|[from] Stealth Rock
|move|p1a: Rick|Recover|p1a: Rick
|-heal|p1a: Rick|290\/323
|
|-heal|p1a: Rick|310\/323|[from] item: Leftovers
|-heal|p2a: Aromatisse|284\/406|[from] item: Leftovers
|turn|50
|
|move|p1a: Rick|Scald|p2a: Aromatisse
|-damage|p2a: Aromatisse|179\/406
|move|p2a: Aromatisse|Wish|p2a: Aromatisse
|
|-heal|p1a: Rick|323\/323|[from] item: Leftovers
|-heal|p2a: Aromatisse|204\/406|[from] item: Leftovers
|turn|51
|
|move|p1a: Rick|Toxic|p2a: Aromatisse
|-status|p2a: Aromatisse|tox
|move|p2a: Aromatisse|Aromatherapy|p2a: Aromatisse
|-cureteam|p2a: Aromatisse|[from] move: Aromatherapy
|
|-heal|p2a: Aromatisse|406\/406|[from] move: Wish|[wisher] Aromatisse
|turn|52
|
|move|p1a: Rick|Toxic|p2a: Aromatisse
|-status|p2a: Aromatisse|tox
|move|p2a: Aromatisse|Wish|p2a: Aromatisse
|
|-damage|p2a: Aromatisse|381\/406 tox|[from] psn
|turn|53
|
|switch|p1a: SlashinLikeAnAxew|Doublade, F, shiny|173\/321
|switch|p2a: Dragalge|Dragalge, M|257\/334
|-damage|p2a: Dragalge|216\/334|[from] Stealth Rock
|
|-heal|p2a: Dragalge|334\/334|[from] move: Wish|[wisher] Aromatisse
|turn|54
|
|move|p2a: Dragalge|Scald|p1a: SlashinLikeAnAxew
|-damage|p1a: SlashinLikeAnAxew|103\/321
|move|p1a: SlashinLikeAnAxew|Iron Head|p2a: Dragalge
|-damage|p2a: Dragalge|232\/334
|
|-heal|p2a: Dragalge|252\/334|[from] item: Black Sludge
|turn|55
|
|switch|p1a: Tu Madre|Snorlax, F|457\/497 slp
|move|p2a: Dragalge|Dragon Tail|p1a: Tu Madre
|-damage|p1a: Tu Madre|373\/497 slp
|drag|p1a: SlashinLikeAnAxew|Doublade, F, shiny|103\/321
|
|-heal|p2a: Dragalge|272\/334|[from] item: Black Sludge
|turn|56
|
|switch|p1a: Tu Madre|Snorlax, F|373\/497 slp
|move|p2a: Dragalge|Scald|p1a: Tu Madre
|-damage|p1a: Tu Madre|330\/497 slp
|
|-heal|p2a: Dragalge|292\/334|[from] item: Black Sludge
|-heal|p1a: Tu Madre|361\/497 slp|[from] item: Leftovers
|turn|57
|
|move|p2a: Dragalge|Toxic Spikes|p1a: Tu Madre
|-sidestart|p1: ult toenail|move: Toxic Spikes
|-curestatus|p1a: Tu Madre|slp
|move|p1a: Tu Madre|Body Slam|p2a: Dragalge
|-damage|p2a: Dragalge|210\/334
|
|-heal|p2a: Dragalge|230\/334|[from] item: Black Sludge
|-heal|p1a: Tu Madre|392\/497|[from] item: Leftovers
|turn|58
|
|switch|p2a: Doublade|Doublade, F|296\/319
|-damage|p2a: Doublade|277\/319|[from] Stealth Rock
|switch|p1a: Dr. Dreigon|Hydreigon, M|184\/325
|
|turn|59
|
|switch|p2a: Gastrodon|Gastrodon, M|374\/426
|-damage|p2a: Gastrodon|348\/426|[from] Stealth Rock
|move|p1a: Dr. Dreigon|U-turn|p2a: Gastrodon
|-damage|p2a: Gastrodon|287\/426
|
|switch|p1a: Rick|Starmie|323\/323
|-status|p1a: Rick|psn
|
|-heal|p2a: Gastrodon|313\/426|[from] item: Leftovers
|-damage|p1a: Rick|283\/323 psn|[from] psn
|turn|60
|
|move|p1a: Rick|Scald|p2a: Gastrodon
|-boost|p2a: Gastrodon|spa|1|[from] ability: Storm Drain
|move|p2a: Gastrodon|Earthquake|p1a: Rick
|-damage|p1a: Rick|177\/323 psn
|
|-heal|p1a: Rick|197\/323 psn|[from] item: Leftovers
|-heal|p2a: Gastrodon|339\/426|[from] item: Leftovers
|-damage|p1a: Rick|157\/323 psn|[from] psn
|turn|61
|
|move|p1a: Rick|Recover|p1a: Rick
|-heal|p1a: Rick|319\/323 psn
|move|p2a: Gastrodon|Earthquake|p1a: Rick
|-damage|p1a: Rick|217\/323 psn
|
|-heal|p1a: Rick|237\/323 psn|[from] item: Leftovers
|-heal|p2a: Gastrodon|365\/426|[from] item: Leftovers
|-damage|p1a: Rick|197\/323 psn|[from] psn
|turn|62
|
|move|p1a: Rick|Toxic|p2a: Gastrodon
|-status|p2a: Gastrodon|tox
|move|p2a: Gastrodon|Curse|p2a: Gastrodon
|-boost|p2a: Gastrodon|atk|1
|-boost|p2a: Gastrodon|def|1
|-unboost|p2a: Gastrodon|spe|1
|
|-heal|p1a: Rick|217\/323 psn|[from] item: Leftovers
|-heal|p2a: Gastrodon|391\/426 tox|[from] item: Leftovers
|-damage|p1a: Rick|177\/323 psn|[from] psn
|-damage|p2a: Gastrodon|365\/426 tox|[from] psn
|turn|63
|
|move|p1a: Rick|Recover|p1a: Rick
|-heal|p1a: Rick|323\/323 psn
|move|p2a: Gastrodon|Earthquake|p1a: Rick
|-damage|p1a: Rick|151\/323 psn
|
|-heal|p1a: Rick|171\/323 psn|[from] item: Leftovers
|-heal|p2a: Gastrodon|391\/426 tox|[from] item: Leftovers
|-damage|p1a: Rick|131\/323 psn|[from] psn
|-damage|p2a: Gastrodon|339\/426 tox|[from] psn
|turn|64
|
|switch|p1a: Dr. Dreigon|Hydreigon, M|184\/325
|move|p2a: Gastrodon|Scald|p1a: Dr. Dreigon
|-resisted|p1a: Dr. Dreigon
|-damage|p1a: Dr. Dreigon|108\/325
|
|-heal|p2a: Gastrodon|365\/426 tox|[from] item: Leftovers
|-damage|p2a: Gastrodon|287\/426 tox|[from] psn
|turn|65
|
|switch|p2a: Aromatisse|Aromatisse, M|381\/406 tox
|-damage|p2a: Aromatisse|331\/406 tox|[from] Stealth Rock
|move|p1a: Dr. Dreigon|U-turn|p2a: Aromatisse
|-resisted|p2a: Aromatisse
|-damage|p2a: Aromatisse|308\/406 tox
|
|switch|p1a: SlashinLikeAnAxew|Doublade, F, shiny|103\/321
|
|-heal|p2a: Aromatisse|333\/406 tox|[from] item: Leftovers
|-damage|p2a: Aromatisse|308\/406 tox|[from] psn
|turn|66
|
|switch|p2a: Doublade|Doublade, F|277\/319
|-damage|p2a: Doublade|258\/319|[from] Stealth Rock
|move|p1a: SlashinLikeAnAxew|Iron Head|p2a: Doublade
|-resisted|p2a: Doublade
|-damage|p2a: Doublade|225\/319
|
|turn|67
|
|move|p1a: SlashinLikeAnAxew|Shadow Sneak|p2a: Doublade
|-supereffective|p2a: Doublade
|-damage|p2a: Doublade|157\/319
|move|p2a: Doublade|Shadow Sneak|p1a: SlashinLikeAnAxew
|-supereffective|p1a: SlashinLikeAnAxew
|-damage|p1a: SlashinLikeAnAxew|41\/321
|
|turn|68
|
|move|p1a: SlashinLikeAnAxew|Shadow Sneak|p2a: Doublade
|-supereffective|p2a: Doublade
|-damage|p2a: Doublade|95\/319
|move|p2a: Doublade|Shadow Sneak|p1a: SlashinLikeAnAxew
|-supereffective|p1a: SlashinLikeAnAxew
|-damage|p1a: SlashinLikeAnAxew|0 fnt
|faint|p1a: SlashinLikeAnAxew
|
|
|switch|p1a: Dr. Dreigon|Hydreigon, M|108\/325
|turn|69
|
|switch|p2a: Blissey|Blissey, F|454\/714
|-damage|p2a: Blissey|365\/714|[from] Stealth Rock
|move|p1a: Dr. Dreigon|U-turn|p2a: Blissey
|-damage|p2a: Blissey|266\/714
|
|switch|p1a: Simba|Cobalion|186\/370
|
|-heal|p1a: Simba|209\/370|[from] item: Leftovers
|-heal|p2a: Blissey|310\/714|[from] item: Leftovers
|turn|70
|
|switch|p2a: Dragalge|Dragalge, M|230\/334
|-damage|p2a: Dragalge|189\/334|[from] Stealth Rock
|move|p1a: Simba|Close Combat|p2a: Dragalge
|-resisted|p2a: Dragalge
|-damage|p2a: Dragalge|131\/334
|-unboost|p1a: Simba|def|1
|-unboost|p1a: Simba|spd|1
|
|-heal|p1a: Simba|232\/370|[from] item: Leftovers
|-heal|p2a: Dragalge|151\/334|[from] item: Black Sludge
|turn|71
|
|move|p1a: Simba|Volt Switch|p2a: Dragalge
|-resisted|p2a: Dragalge
|-damage|p2a: Dragalge|134\/334
|
|switch|p1a: Tu Madre|Snorlax, F|392\/497
|-status|p1a: Tu Madre|psn
|move|p2a: Dragalge|Scald|p1a: Tu Madre
|-damage|p1a: Tu Madre|346\/497 psn
|
|-heal|p2a: Dragalge|154\/334|[from] item: Black Sludge
|-heal|p1a: Tu Madre|377\/497 psn|[from] item: Leftovers
|-damage|p1a: Tu Madre|315\/497 psn|[from] psn
|turn|72
|
|move|p2a: Dragalge|Sludge Bomb|p1a: Tu Madre
|-damage|p1a: Tu Madre|213\/497 psn
|move|p1a: Tu Madre|Rest|p1a: Tu Madre
|-status|p1a: Tu Madre|slp
|-heal|p1a: Tu Madre|497\/497 slp|[silent]
|-status|p1a: Tu Madre|slp|[from] move: Rest
|
|-heal|p2a: Dragalge|174\/334|[from] item: Black Sludge
|turn|73
|
|switch|p2a: Aromatisse|Aromatisse, M|308\/406 tox
|-damage|p2a: Aromatisse|258\/406 tox|[from] Stealth Rock
|switch|p1a: Dr. Dreigon|Hydreigon, M|108\/325
|
|-heal|p2a: Aromatisse|283\/406 tox|[from] item: Leftovers
|-damage|p2a: Aromatisse|258\/406 tox|[from] psn
|turn|74
|
|move|p1a: Dr. Dreigon|Dark Pulse|p2a: Aromatisse
|-crit|p2a: Aromatisse
|-resisted|p2a: Aromatisse
|-damage|p2a: Aromatisse|145\/406 tox
|move|p2a: Aromatisse|Wish|p2a: Aromatisse
|
|-heal|p2a: Aromatisse|170\/406 tox|[from] item: Leftovers
|-damage|p2a: Aromatisse|120\/406 tox|[from] psn
|turn|75
|
|move|p1a: Dr. Dreigon|Dark Pulse|p2a: Aromatisse
|-resisted|p2a: Aromatisse
|-damage|p2a: Aromatisse|39\/406 tox
|move|p2a: Aromatisse|Aromatherapy|p2a: Aromatisse
|-cureteam|p2a: Aromatisse|[from] move: Aromatherapy
|
|-heal|p2a: Aromatisse|242\/406|[from] move: Wish|[wisher] Aromatisse
|-heal|p2a: Aromatisse|267\/406|[from] item: Leftovers
|turn|76
|join|nedor's brother
|
|switch|p1a: Rick|Starmie|131\/323
|-status|p1a: Rick|psn
|move|p2a: Aromatisse|Wish|p2a: Aromatisse
|
|-heal|p1a: Rick|151\/323 psn|[from] item: Leftovers
|-heal|p2a: Aromatisse|292\/406|[from] item: Leftovers
|-damage|p1a: Rick|111\/323 psn|[from] psn
|turn|77
|
|move|p1a: Rick|Scald|p2a: Aromatisse
|-damage|p2a: Aromatisse|196\/406
|move|p2a: Aromatisse|Moonblast|p1a: Rick
|-damage|p1a: Rick|0 fnt
|faint|p1a: Rick
|
|-heal|p2a: Aromatisse|399\/406|[from] move: Wish|[wisher] Aromatisse
|-heal|p2a: Aromatisse|406\/406|[from] item: Leftovers
|c|âult toenail|gg
|-message|ult toenail forfeited.
|leave|ult toenail
|
|win|RowDog
|raw|Ladder updating...
|player|p1
|raw|ult toenail's rating: 1639 &rarr; <strong>1611<\/strong><br \/>(-28 for losing)
|raw|RowDog's rating: 1504 &rarr; <strong>1531<\/strong><br \/>(+27 for winning)
|c|âRowDog|gg