|join|DrReuniclus8
|join|RowDog
|player|p1|DrReuniclus8|147
|player|p2|RowDog|80
|gametype|singles
|gen|6
|tier|UU
|rated
|rule|Sleep Clause Mod: Limit one foe put to sleep
|rule|Species Clause: Limit one of each PokÃ©mon
|rule|OHKO Clause: OHKO moves are banned
|rule|Moody Clause: Moody is banned
|rule|Evasion Moves Clause: Evasion moves are banned
|rule|Endless Battle Clause: Forcing endless battles is banned
|rule|HP Percentage Mod: HP is shown in percentages
|clearpoke
|poke|p1|Cofagrigus, F
|poke|p1|Rhyperior, F
|poke|p1|Slowking, M
|poke|p1|Diancie
|poke|p1|Escavalier, F
|poke|p1|Ampharos, F
|poke|p2|Aromatisse, F
|poke|p2|Doublade, M
|poke|p2|Blissey, F
|poke|p2|Dragalge, M
|poke|p2|Crobat, M
|poke|p2|Gastrodon, F
|rule|Swagger Clause: Swagger is banned
|rule|Baton Pass Clause: Limit one PokÃ©mon knowing Baton Pass
|teampreview
|c|âRowDog|welp
|c|âDrReuniclus8|welp
|c|âDrReuniclus8|idk
|c|âDrReuniclus8|what are you thinking rn
|c|âRowDog|lot of hard hitters and TR about to steam roll me probs lol
|c|âDrReuniclus8|nah
|c|âDrReuniclus8|I'm trash
|c|âDrReuniclus8|don't you worry
|c|âRowDog|Iâm not great either :(
|c|âDrReuniclus8|:(
|
|start
|switch|p1a: Diancie|Diancie|304\/304
|switch|p2a: Dragalge|Dragalge, M|334\/334
|turn|1
|
|move|p2a: Dragalge|Toxic Spikes|p1a: Diancie
|-sidestart|p1: DrReuniclus8|move: Toxic Spikes
|move|p1a: Diancie|Trick Room|p1a: Diancie
|-fieldstart|move: Trick Room|[of] p1a: Diancie
|
|turn|2
|
|move|p1a: Diancie|Diamond Storm|p2a: Dragalge
|-damage|p2a: Dragalge|240\/334
|-boost|p1a: Diancie|def|1
|move|p2a: Dragalge|Toxic Spikes|p1a: Diancie
|-sidestart|p1: DrReuniclus8|move: Toxic Spikes
|
|-heal|p2a: Dragalge|260\/334|[from] item: Black Sludge
|turn|3
|
|switch|p2a: Gastrodon|Gastrodon, F|426\/426
|move|p1a: Diancie|Diamond Storm|p2a: Gastrodon
|-resisted|p2a: Gastrodon
|-damage|p2a: Gastrodon|366\/426
|
|-heal|p2a: Gastrodon|392\/426|[from] item: Leftovers
|turn|4
|
|move|p1a: Diancie|Moonblast|p2a: Gastrodon
|-damage|p2a: Gastrodon|292\/426
|-unboost|p2a: Gastrodon|spa|1
|move|p2a: Gastrodon|Scald|p1a: Diancie
|-supereffective|p1a: Diancie
|-damage|p1a: Diancie|218\/304
|-enditem|p1a: Diancie|Weakness Policy
|-boost|p1a: Diancie|atk|2|[from] item: Weakness Policy
|-boost|p1a: Diancie|spa|2|[from] item: Weakness Policy
|-status|p1a: Diancie|brn
|
|-heal|p2a: Gastrodon|318\/426|[from] item: Leftovers
|-damage|p1a: Diancie|180\/304 brn|[from] brn
|turn|5
|
|switch|p2a: Blissey|Blissey, F|714\/714
|move|p1a: Diancie|Moonblast|p2a: Blissey
|-damage|p2a: Blissey|527\/714
|-unboost|p2a: Blissey|spa|1
|
|-heal|p2a: Blissey|571\/714|[from] item: Leftovers
|-damage|p1a: Diancie|142\/304 brn|[from] brn
|-fieldend|move: Trick Room
|turn|6
|
|move|p2a: Blissey|Stealth Rock|p1a: Diancie
|-sidestart|p1: DrReuniclus8|move: Stealth Rock
|move|p1a: Diancie|Stealth Rock|p2a: Blissey
|-sidestart|p2: RowDog|move: Stealth Rock
|
|-heal|p2a: Blissey|615\/714|[from] item: Leftovers
|-damage|p1a: Diancie|104\/304 brn|[from] brn
|turn|7
|
|move|p2a: Blissey|Seismic Toss|p1a: Diancie
|-damage|p1a: Diancie|4\/304 brn
|move|p1a: Diancie|Trick Room|p1a: Diancie
|-fieldstart|move: Trick Room|[of] p1a: Diancie
|
|-heal|p2a: Blissey|659\/714|[from] item: Leftovers
|-damage|p1a: Diancie|0 fnt|[from] brn
|faint|p1a: Diancie
|
|switch|p1a: Rhyperior|Rhyperior, F|434\/434
|-damage|p1a: Rhyperior|407\/434|[from] Stealth Rock
|-status|p1a: Rhyperior|tox
|turn|8
|
|move|p1a: Rhyperior|Swords Dance|p1a: Rhyperior
|-boost|p1a: Rhyperior|atk|2
|move|p2a: Blissey|Soft-Boiled|p2a: Blissey
|-heal|p2a: Blissey|714\/714
|
|-damage|p1a: Rhyperior|380\/434 tox|[from] psn
|turn|9
|c|âRowDog|rip RowDog
|
|switch|p2a: Gastrodon|Gastrodon, F|318\/426
|-damage|p2a: Gastrodon|292\/426|[from] Stealth Rock
|move|p1a: Rhyperior|Stone Edge|p2a: Gastrodon
|-crit|p2a: Gastrodon
|-resisted|p2a: Gastrodon
|-damage|p2a: Gastrodon|0 fnt
|-damage|p1a: Rhyperior|337\/434 tox|[from] item: Life Orb
|faint|p2a: Gastrodon
|
|-damage|p1a: Rhyperior|283\/434 tox|[from] psn
|c|âDrReuniclus8|sorry
|
|switch|p2a: Aromatisse|Aromatisse, F|406\/406
|-damage|p2a: Aromatisse|356\/406|[from] Stealth Rock
|turn|10
|
|move|p2a: Aromatisse|Protect|p2a: Aromatisse
|-singleturn|p2a: Aromatisse|Protect
|move|p1a: Rhyperior|Swords Dance|p1a: Rhyperior
|-boost|p1a: Rhyperior|atk|2
|
|-heal|p2a: Aromatisse|381\/406|[from] item: Leftovers
|-damage|p1a: Rhyperior|202\/434 tox|[from] psn
|turn|11
|
|move|p2a: Aromatisse|Moonblast|p1a: Rhyperior
|-damage|p1a: Rhyperior|21\/434 tox
|move|p1a: Rhyperior|Earthquake|p2a: Aromatisse
|-damage|p2a: Aromatisse|0 fnt
|-damage|p1a: Rhyperior|0 fnt|[from] item: Life Orb
|faint|p2a: Aromatisse
|faint|p1a: Rhyperior
|
|-fieldend|move: Trick Room
|
|switch|p1a: Slowking|Slowking, M|393\/393
|switch|p2a: Dragalge|Dragalge, M|260\/334
|-damage|p2a: Dragalge|219\/334|[from] Stealth Rock
|-status|p1a: Slowking|tox
|-damage|p1a: Slowking|344\/393 tox|[from] Stealth Rock
|turn|12
|
|move|p2a: Dragalge|Dragon Tail|p1a: Slowking
|-crit|p1a: Slowking
|-damage|p1a: Slowking|226\/393 tox
|drag|p1a: Cofagrigus|Cofagrigus, F|320\/320
|-damage|p1a: Cofagrigus|280\/320|[from] Stealth Rock
|-status|p1a: Cofagrigus|tox
|
|-heal|p2a: Dragalge|239\/334|[from] item: Black Sludge
|-heal|p1a: Cofagrigus|300\/320 tox|[from] item: Leftovers
|-damage|p1a: Cofagrigus|280\/320 tox|[from] psn
|turn|13
|c|âDrReuniclus8|rood
|
|switch|p2a: Blissey|Blissey, F|714\/714
|-damage|p2a: Blissey|625\/714|[from] Stealth Rock
|move|p1a: Cofagrigus|Trick Room|p1a: Cofagrigus
|-fieldstart|move: Trick Room|[of] p1a: Cofagrigus
|
|-heal|p1a: Cofagrigus|300\/320 tox|[from] item: Leftovers
|-heal|p2a: Blissey|669\/714|[from] item: Leftovers
|-damage|p1a: Cofagrigus|260\/320 tox|[from] psn
|turn|14
|
|switch|p1a: Escavalier|Escavalier, F|344\/344
|-damage|p1a: Escavalier|301\/344|[from] Stealth Rock
|move|p2a: Blissey|Wish|p2a: Blissey
|
|-heal|p2a: Blissey|713\/714|[from] item: Leftovers
|turn|15
|
|move|p1a: Escavalier|Knock Off|p2a: Blissey
|-damage|p2a: Blissey|351\/714
|-enditem|p2a: Blissey|Leftovers|[from] move: Knock Off|[of] p1a: Escavalier
|move|p2a: Blissey|Seismic Toss|p1a: Escavalier
|-damage|p1a: Escavalier|201\/344
|
|-heal|p2a: Blissey|708\/714|[from] move: Wish|[wisher] Blissey
|turn|16
|
|switch|p1a: Cofagrigus|Cofagrigus, F|260\/320 tox
|-damage|p1a: Cofagrigus|220\/320 tox|[from] Stealth Rock
|move|p2a: Blissey|Wish|p2a: Blissey
|
|-heal|p1a: Cofagrigus|240\/320 tox|[from] item: Leftovers
|-damage|p1a: Cofagrigus|220\/320 tox|[from] psn
|turn|17
|
|switch|p1a: Escavalier|Escavalier, F|201\/344
|-damage|p1a: Escavalier|158\/344|[from] Stealth Rock
|switch|p2a: Dragalge|Dragalge, M|239\/334
|-damage|p2a: Dragalge|198\/334|[from] Stealth Rock
|
|-heal|p2a: Dragalge|334\/334|[from] move: Wish|[wisher] Blissey
|-fieldend|move: Trick Room
|turn|18
|
|move|p2a: Dragalge|Scald|p1a: Escavalier
|-damage|p1a: Escavalier|101\/344
|move|p1a: Escavalier|Iron Head|p2a: Dragalge
|-damage|p2a: Dragalge|136\/334
|
|-heal|p2a: Dragalge|156\/334|[from] item: Black Sludge
|turn|19
|
|switch|p2a: Doublade|Doublade, M|319\/319
|-damage|p2a: Doublade|300\/319|[from] Stealth Rock
|switch|p1a: Slowking|Slowking, M|357\/393 tox
|-damage|p1a: Slowking|308\/393 tox|[from] Stealth Rock
|
|-damage|p1a: Slowking|284\/393 tox|[from] psn
|turn|20
|
|move|p2a: Doublade|Swords Dance|p2a: Doublade
|-boost|p2a: Doublade|atk|2
|move|p1a: Slowking|Trick Room|p1a: Slowking
|-fieldstart|move: Trick Room|[of] p1a: Slowking
|
|-damage|p1a: Slowking|236\/393 tox|[from] psn
|turn|21
|
|switch|p1a: Cofagrigus|Cofagrigus, F|220\/320 tox
|-damage|p1a: Cofagrigus|180\/320 tox|[from] Stealth Rock
|move|p2a: Doublade|Shadow Sneak|p1a: Cofagrigus
|-supereffective|p1a: Cofagrigus
|-damage|p1a: Cofagrigus|0 fnt
|-endability|p2a: Doublade|noguard|[from] Mummy
|-ability|p2a: Doublade|Mummy|[from] Mummy
|faint|p1a: Cofagrigus
|
|
|switch|p1a: Ampharos|Ampharos, F|384\/384
|-damage|p1a: Ampharos|336\/384|[from] Stealth Rock
|-status|p1a: Ampharos|tox
|turn|22
|
|switch|p2a: Blissey|Blissey, F|708\/714
|-damage|p2a: Blissey|619\/714|[from] Stealth Rock
|detailschange|p1a: Ampharos|Ampharos-Mega, F
|-mega|p1a: Ampharos|Ampharos|Ampharosite
|-ability|p1a: Ampharos|Mold Breaker
|move|p1a: Ampharos|Volt Switch|p2a: Blissey
|-damage|p2a: Blissey|499\/714
|
|switch|p1a: Escavalier|Escavalier, F|101\/344
|-damage|p1a: Escavalier|58\/344|[from] Stealth Rock
|
|turn|23
|
|switch|p2a: Crobat|Crobat, M|373\/373
|-damage|p2a: Crobat|280\/373|[from] Stealth Rock
|move|p1a: Escavalier|Megahorn|p2a: Crobat
|-resisted|p2a: Crobat
|-damage|p2a: Crobat|168\/373
|
|-heal|p2a: Crobat|191\/373|[from] item: Black Sludge
|turn|24
|join|watfor
|
|move|p1a: Escavalier|Megahorn|p2a: Crobat
|-resisted|p2a: Crobat
|-damage|p2a: Crobat|75\/373
|move|p2a: Crobat|Taunt|p1a: Escavalier
|-start|p1a: Escavalier|move: Taunt
|
|-heal|p2a: Crobat|98\/373|[from] item: Black Sludge
|-fieldend|move: Trick Room
|turn|25
|
|switch|p1a: Ampharos|Ampharos-Mega, F|336\/384 tox
|-damage|p1a: Ampharos|288\/384 tox|[from] Stealth Rock
|-ability|p1a: Ampharos|Mold Breaker
|move|p2a: Crobat|Brave Bird|p1a: Ampharos
|-resisted|p1a: Ampharos
|-damage|p1a: Ampharos|224\/384 tox
|-damage|p2a: Crobat|77\/373|[from] recoil|[of] p1a: Ampharos
|
|-heal|p2a: Crobat|100\/373|[from] item: Black Sludge
|-damage|p1a: Ampharos|200\/384 tox|[from] psn
|turn|26
|
|move|p2a: Crobat|Brave Bird|p1a: Ampharos
|-crit|p1a: Ampharos
|-resisted|p1a: Ampharos
|-damage|p1a: Ampharos|98\/384 tox
|-damage|p2a: Crobat|66\/373|[from] recoil|[of] p1a: Ampharos
|move|p1a: Ampharos|Volt Switch|p2a: Crobat
|-supereffective|p2a: Crobat
|-damage|p2a: Crobat|0 fnt
|faint|p2a: Crobat
|
|switch|p1a: Slowking|Slowking, M|367\/393 tox
|-damage|p1a: Slowking|318\/393 tox|[from] Stealth Rock
|
|-damage|p1a: Slowking|294\/393 tox|[from] psn
|
|switch|p2a: Dragalge|Dragalge, M|156\/334
|-damage|p2a: Dragalge|115\/334|[from] Stealth Rock
|turn|27
|
|move|p2a: Dragalge|Sludge Bomb|p1a: Slowking
|-crit|p1a: Slowking
|-damage|p1a: Slowking|110\/393 tox
|move|p1a: Slowking|Psyshock|p2a: Dragalge
|-supereffective|p2a: Dragalge
|-damage|p2a: Dragalge|0 fnt
|faint|p2a: Dragalge
|
|-damage|p1a: Slowking|62\/393 tox|[from] psn
|c|âRowDog|sry bout crits
|c|âRowDog|:(
|
|switch|p2a: Doublade|Doublade, M|300\/319
|-damage|p2a: Doublade|281\/319|[from] Stealth Rock
|turn|28
|c|âDrReuniclus8|:(
|
|switch|p1a: Ampharos|Ampharos-Mega, F|98\/384 tox
|-damage|p1a: Ampharos|50\/384 tox|[from] Stealth Rock
|-ability|p1a: Ampharos|Mold Breaker
|move|p2a: Doublade|Shadow Sneak|p1a: Ampharos
|-damage|p1a: Ampharos|0 fnt
|faint|p1a: Ampharos
|
|
|switch|p1a: Slowking|Slowking, M|193\/393 tox
|-damage|p1a: Slowking|144\/393 tox|[from] Stealth Rock
|turn|29
|
|move|p2a: Doublade|Shadow Sneak|p1a: Slowking
|-supereffective|p1a: Slowking
|-damage|p1a: Slowking|0 fnt
|faint|p1a: Slowking
|
|
|switch|p1a: Escavalier|Escavalier, F|58\/344
|-damage|p1a: Escavalier|15\/344|[from] Stealth Rock
|turn|30
|c|âRowDog|gg
|c|âDrReuniclus8|rip
|
|move|p2a: Doublade|Shadow Sneak|p1a: Escavalier
|-damage|p1a: Escavalier|0 fnt
|faint|p1a: Escavalier
|
|win|RowDog
|raw|Ladder updating...
|raw|DrReuniclus8's rating: 1379 &rarr; <strong>1365<\/strong><br \/>(-14 for losing)
|raw|RowDog's rating: 1470 &rarr; <strong>1485<\/strong><br \/>(+15 for winning)
|c|âDrReuniclus8|gg
|leave|DrReuniclus8
|player|p1