|join|Falchion12
|join|Capillz
|player|p1|Falchion12|269
|player|p2|Capillz|84
|gametype|singles
|gen|6
|tier|OU
|rated
|clearpoke
|poke|p1|Smeargle, M
|poke|p1|Whimsicott, F
|poke|p1|Thundurus, M
|poke|p1|Espeon, M
|poke|p1|Togekiss, F
|poke|p1|Azelf
|poke|p2|Gothitelle, M
|poke|p2|Whimsicott, M
|poke|p2|Cottonee, M
|poke|p2|Azelf
|poke|p2|Smeargle, M
|poke|p2|Espeon, F
|rule|Swagger Clause: Swagger is banned
|rule|Baton Pass Clause: Limit one PokÃ©mon knowing Baton Pass
|rule|Sleep Clause Mod: Limit one foe put to sleep
|rule|Species Clause: Limit one of each PokÃ©mon
|rule|OHKO Clause: OHKO moves are banned
|rule|Moody Clause: Moody is banned
|rule|Evasion Moves Clause: Evasion moves are banned
|rule|Endless Battle Clause: Forcing endless battles is banned
|rule|HP Percentage Mod: HP is shown in percentages
|teampreview
|
|start
|switch|p1a: Thundurus|Thundurus, M|300\/300
|switch|p2a: Gothitelle|Gothitelle, M|344\/344
|turn|1
|
|move|p1a: Thundurus|Taunt|p2a: Gothitelle
|-start|p2a: Gothitelle|move: Taunt
|move|p2a: Gothitelle|Psychic|p1a: Thundurus
|-crit|p1a: Thundurus
|-enditem|p1a: Thundurus|Focus Sash
|-damage|p1a: Thundurus|1\/300
|
|turn|2
|
|move|p1a: Thundurus|Thunderbolt|p2a: Gothitelle
|-damage|p2a: Gothitelle|205\/344
|-status|p2a: Gothitelle|par
|cant|p2a: Gothitelle|par
|
|turn|3
|
|move|p1a: Thundurus|Thunderbolt|p2a: Gothitelle
|-crit|p2a: Gothitelle
|-damage|p2a: Gothitelle|3\/344 par
|move|p2a: Gothitelle|Psychic|p1a: Thundurus
|-damage|p1a: Thundurus|0 fnt
|faint|p1a: Thundurus
|
|-end|p2a: Gothitelle|move: Taunt
|
|switch|p1a: Azelf|Azelf|354\/354
|turn|4
|
|switch|p2a: Cottonee|Cottonee, M|284\/284
|move|p1a: Azelf|Light Screen|p1a: Azelf
|-sidestart|p1: Falchion12|move: Light Screen
|
|turn|5
|
|switch|p1a: Togekiss|Togekiss, F|374\/374
|move|p2a: Cottonee|Taunt|p1a: Togekiss
|-start|p1a: Togekiss|move: Taunt
|
|turn|6
|
|move|p2a: Cottonee|Toxic|p1a: Togekiss
|-status|p1a: Togekiss|tox
|move|p1a: Togekiss|Air Slash|p2a: Cottonee
|-supereffective|p2a: Cottonee
|-enditem|p2a: Cottonee|Focus Sash
|-damage|p2a: Cottonee|1\/284
|
|-damage|p1a: Togekiss|351\/374 tox|[from] psn
|turn|7
|
|switch|p1a: Whimsicott|Whimsicott, F|324\/324
|move|p2a: Cottonee|Memento|p1a: Whimsicott
|-unboost|p1a: Whimsicott|atk|2
|-unboost|p1a: Whimsicott|spa|2
|faint|p2a: Cottonee
|
|
|switch|p2a: Gothitelle|Gothitelle, M|3\/344 par
|turn|8
|
|move|p1a: Whimsicott|Tailwind|p1a: Whimsicott
|-sidestart|p1: Falchion12|move: Tailwind
|move|p2a: Gothitelle|Psychic|p1a: Whimsicott
|-damage|p1a: Whimsicott|199\/324
|
|turn|9
|
|move|p1a: Whimsicott|Memento|p2a: Gothitelle
|-unboost|p2a: Gothitelle|atk|2
|-unboost|p2a: Gothitelle|spa|2
|faint|p1a: Whimsicott
|move|p2a: Gothitelle|Psychic|p1: Whimsicott|[notarget]
|-notarget
|
|
|switch|p1a: Smeargle|Smeargle, M|273\/273
|turn|10
|
|switch|p2a: Whimsicott|Whimsicott, M|324\/324
|move|p1a: Smeargle|Taunt|p2a: Whimsicott
|-start|p2a: Whimsicott|move: Taunt
|
|turn|11
|
|switch|p2a: Espeon|Espeon, F|334\/334
|move|p1a: Smeargle|Geomancy|p1a: Smeargle|[still]
|-prepare|p1a: Smeargle|Geomancy|p1a: Smeargle
|-enditem|p1a: Smeargle|Power Herb
|-anim|p1a: Smeargle|Geomancy|p1a: Smeargle
|-boost|p1a: Smeargle|spa|2
|-boost|p1a: Smeargle|spd|2
|-boost|p1a: Smeargle|spe|2
|
|-sideend|p1: Falchion12|move: Light Screen
|-sideend|p1: Falchion12|move: Tailwind
|turn|12
|
|switch|p2a: Whimsicott|Whimsicott, M|324\/324
|move|p1a: Smeargle|Baton Pass|p1a: Smeargle
|
|switch|p1a: Espeon|Espeon, M|321\/321
|
|turn|13
|
|move|p2a: Whimsicott|Memento|p1a: Espeon
|-unboost|p1a: Espeon|atk|2
|-unboost|p1a: Espeon|spa|2
|faint|p2a: Whimsicott
|move|p1a: Espeon|Substitute|p1a: Espeon
|-start|p1a: Espeon|Substitute
|-damage|p1a: Espeon|241\/321
|
|-heal|p1a: Espeon|261\/321|[from] item: Leftovers
|
|switch|p2a: Azelf|Azelf|354\/354
|turn|14
|
|move|p1a: Espeon|Dazzling Gleam|p2a: Azelf
|-damage|p2a: Azelf|252\/354
|move|p2a: Azelf|Light Screen|p2a: Azelf
|-sidestart|p2: Capillz|move: Light Screen
|
|-heal|p1a: Espeon|281\/321|[from] item: Leftovers
|turn|15
|
|move|p1a: Espeon|Stored Power|p2a: Azelf
|-resisted|p2a: Azelf
|-damage|p2a: Azelf|202\/354
|move|p2a: Azelf|Knock Off|p1a: Espeon
|-supereffective|p1a: Espeon
|-end|p1a: Espeon|Substitute
|
|-heal|p1a: Espeon|301\/321|[from] item: Leftovers
|turn|16
|-message|Falchion12 forfeited.
|
|win|Capillz
|raw|Ladder updating...
|leave|Falchion12
|player|p1
|raw|Falchion12's rating: 1641 &rarr; <strong>1621<\/strong><br \/>(-20 for losing)
|raw|Capillz's rating: 1655 &rarr; <strong>1674<\/strong><br \/>(+19 for winning)