|join|fortindin
|join|Falchion12
|player|p1|fortindin|102
|player|p2|Falchion12|269
|gametype|singles
|gen|6
|tier|OU
|rated
|clearpoke
|poke|p1|Azumarill, F
|poke|p1|Clefable, F
|poke|p1|Excadrill, M
|poke|p1|Tyranitar, M
|poke|p1|Breloom, M
|poke|p1|Latias, F
|poke|p2|Smeargle, M
|poke|p2|Whimsicott, M
|poke|p2|Thundurus, M
|poke|p2|Espeon, M
|poke|p2|Gothitelle, F
|poke|p2|Azelf
|rule|Swagger Clause: Swagger is banned
|rule|Baton Pass Clause: Limit one PokÃ©mon knowing Baton Pass
|rule|Sleep Clause Mod: Limit one foe put to sleep
|rule|Species Clause: Limit one of each PokÃ©mon
|rule|OHKO Clause: OHKO moves are banned
|rule|Moody Clause: Moody is banned
|rule|Evasion Moves Clause: Evasion moves are banned
|rule|Endless Battle Clause: Forcing endless battles is banned
|rule|HP Percentage Mod: HP is shown in percentages
|teampreview
|
|start
|switch|p1a: teemo|Breloom, M|262\/262
|switch|p2a: Thundurus|Thundurus, M|300\/300
|turn|1
|
|move|p2a: Thundurus|Taunt|p1a: teemo
|-start|p1a: teemo|move: Taunt
|cant|p1a: teemo|move: Taunt|Spore
|
|-status|p1a: teemo|tox|[from] item: Toxic Orb
|turn|2
|
|switch|p1a: angel fairy|Clefable, F|394\/394
|move|p2a: Thundurus|Hidden Power|p1a: angel fairy
|-damage|p1a: angel fairy|343\/394
|
|-heal|p1a: angel fairy|367\/394|[from] item: Leftovers
|turn|3
|
|move|p2a: Thundurus|Taunt|p1a: angel fairy
|-start|p1a: angel fairy|move: Taunt
|cant|p1a: angel fairy|move: Taunt|Toxic
|
|-heal|p1a: angel fairy|391\/394|[from] item: Leftovers
|turn|4
|
|move|p2a: Thundurus|Thunderbolt|p1a: angel fairy
|-damage|p1a: angel fairy|265\/394
|move|p1a: angel fairy|Moonblast|p2a: Thundurus
|-damage|p2a: Thundurus|170\/300
|
|-heal|p1a: angel fairy|289\/394|[from] item: Leftovers
|turn|5
|
|move|p2a: Thundurus|Thunderbolt|p1a: angel fairy
|-damage|p1a: angel fairy|165\/394
|move|p1a: angel fairy|Moonblast|p2a: Thundurus
|-damage|p2a: Thundurus|34\/300
|
|-heal|p1a: angel fairy|189\/394|[from] item: Leftovers
|-end|p1a: angel fairy|move: Taunt
|turn|6
|
|move|p2a: Thundurus|Taunt|p1a: angel fairy
|-start|p1a: angel fairy|move: Taunt
|move|p1a: angel fairy|Moonblast|p2a: Thundurus
|-damage|p2a: Thundurus|0 fnt
|faint|p2a: Thundurus
|
|-heal|p1a: angel fairy|213\/394|[from] item: Leftovers
|
|switch|p2a: Azelf|Azelf|354\/354
|turn|7
|
|move|p2a: Azelf|Light Screen|p2a: Azelf
|-sidestart|p2: Falchion12|move: Light Screen
|move|p1a: angel fairy|Moonblast|p2a: Azelf
|-damage|p2a: Azelf|284\/354
|
|-heal|p1a: angel fairy|237\/394|[from] item: Leftovers
|turn|8
|
|move|p2a: Azelf|Reflect|p2a: Azelf
|-sidestart|p2: Falchion12|Reflect
|move|p1a: angel fairy|Moonblast|p2a: Azelf
|-damage|p2a: Azelf|213\/354
|
|-heal|p1a: angel fairy|261\/394|[from] item: Leftovers
|-end|p1a: angel fairy|move: Taunt
|turn|9
|
|move|p2a: Azelf|Explosion|p1a: angel fairy
|-damage|p1a: angel fairy|0 fnt
|faint|p2a: Azelf
|faint|p1a: angel fairy
|
|
|switch|p2a: Whimsicott|Whimsicott, M|324\/324
|switch|p1a: teemo|Breloom, M|262\/262 tox
|turn|10
|
|move|p2a: Whimsicott|Taunt|p1a: teemo
|-start|p1a: teemo|move: Taunt
|move|p1a: teemo|Drain Punch|p2a: Whimsicott
|-resisted|p2a: Whimsicott
|-damage|p2a: Whimsicott|286\/324
|
|turn|11
|
|switch|p1a: monster sand|Tyranitar, M|342\/342
|-weather|Sandstorm
|move|p2a: Whimsicott|Tailwind|p2a: Whimsicott
|-sidestart|p2: Falchion12|move: Tailwind
|
|-weather|Sandstorm|[upkeep]
|-damage|p2a: Whimsicott|266\/324|[from] sandstorm
|turn|12
|
|switch|p1a: aqua girl|Azumarill, F|404\/404
|move|p2a: Whimsicott|Memento|p1a: aqua girl
|-unboost|p1a: aqua girl|atk|2
|-unboost|p1a: aqua girl|spa|2
|faint|p2a: Whimsicott
|
|-weather|Sandstorm|[upkeep]
|-damage|p1a: aqua girl|379\/404|[from] sandstorm
|-heal|p1a: aqua girl|404\/404|[from] item: Leftovers
|
|switch|p2a: Smeargle|Smeargle, M|273\/273
|turn|13
|
|switch|p1a: teemo|Breloom, M|262\/262 tox
|move|p2a: Smeargle|Geomancy|p2a: Smeargle|[still]
|-prepare|p2a: Smeargle|Geomancy|p2a: Smeargle
|-enditem|p2a: Smeargle|Power Herb
|-anim|p2a: Smeargle|Geomancy|p2a: Smeargle
|-boost|p2a: Smeargle|spa|2
|-boost|p2a: Smeargle|spd|2
|-boost|p2a: Smeargle|spe|2
|
|-weather|Sandstorm|[upkeep]
|-damage|p2a: Smeargle|256\/273|[from] sandstorm
|-damage|p1a: teemo|246\/262 tox|[from] sandstorm
|-heal|p1a: teemo|262\/262 tox|[from] ability: Poison Heal
|turn|14
|
|move|p2a: Smeargle|Taunt|p1a: teemo
|-start|p1a: teemo|move: Taunt
|cant|p1a: teemo|move: Taunt|Spore
|
|-weather|Sandstorm|[upkeep]
|-damage|p2a: Smeargle|239\/273|[from] sandstorm
|-damage|p1a: teemo|246\/262 tox|[from] sandstorm
|-heal|p1a: teemo|262\/262 tox|[from] ability: Poison Heal
|-sideend|p2: Falchion12|move: Light Screen
|-sideend|p2: Falchion12|move: Tailwind
|turn|15
|
|move|p2a: Smeargle|Cotton Guard|p2a: Smeargle
|-boost|p2a: Smeargle|def|3
|move|p1a: teemo|Drain Punch|p2a: Smeargle
|-supereffective|p2a: Smeargle
|-damage|p2a: Smeargle|166\/273
|
|-weather|none
|-sideend|p2: Falchion12|Reflect
|turn|16
|
|move|p2a: Smeargle|Baton Pass|p2a: Smeargle
|
|switch|p2a: Espeon|Espeon, M|321\/321
|move|p1a: teemo|Drain Punch|p2a: Espeon
|-resisted|p2a: Espeon
|-damage|p2a: Espeon|294\/321
|
|-heal|p2a: Espeon|314\/321|[from] item: Leftovers
|-end|p1a: teemo|move: Taunt
|turn|17
|
|move|p2a: Espeon|Substitute|p2a: Espeon
|-start|p2a: Espeon|Substitute
|-damage|p2a: Espeon|234\/321
|move|p1a: teemo|Spore|p2a: Espeon
|move|p2a: Espeon|Spore|p1a: teemo|[from]Magic Bounce
|-fail|p1a: teemo
|
|-heal|p2a: Espeon|254\/321|[from] item: Leftovers
|turn|18
|
|move|p2a: Espeon|Stored Power|p1a: teemo
|-crit|p1a: teemo
|-supereffective|p1a: teemo
|-damage|p1a: teemo|0 fnt
|faint|p1a: teemo
|
|-heal|p2a: Espeon|274\/321|[from] item: Leftovers
|
|switch|p1a: aqua girl|Azumarill, F|404\/404
|turn|19
|
|move|p1a: aqua girl|Aqua Jet|p2a: Espeon
|-activate|p2a: Espeon|Substitute|[damage]
|move|p2a: Espeon|Stored Power|p1a: aqua girl
|-damage|p1a: aqua girl|0 fnt
|faint|p1a: aqua girl
|
|-heal|p2a: Espeon|294\/321|[from] item: Leftovers
|
|switch|p1a: monster sand|Tyranitar, M|342\/342
|-weather|Sandstorm
|turn|20
|
|move|p2a: Espeon|Dazzling Gleam|p1a: monster sand
|-supereffective|p1a: monster sand
|-damage|p1a: monster sand|112\/342
|move|p1a: monster sand|Crunch|p2a: Espeon
|-supereffective|p2a: Espeon
|-end|p2a: Espeon|Substitute
|
|-weather|Sandstorm|[upkeep]
|-damage|p2a: Espeon|274\/321|[from] sandstorm
|-heal|p2a: Espeon|294\/321|[from] item: Leftovers
|-heal|p1a: monster sand|133\/342|[from] item: Leftovers
|turn|21
|
|move|p2a: Espeon|Dazzling Gleam|p1a: monster sand
|-supereffective|p1a: monster sand
|-damage|p1a: monster sand|0 fnt
|faint|p1a: monster sand
|
|-weather|Sandstorm|[upkeep]
|-damage|p2a: Espeon|274\/321|[from] sandstorm
|-heal|p2a: Espeon|294\/321|[from] item: Leftovers
|
|switch|p1a: gardian sand|Excadrill, M|361\/361
|-item|p1a: gardian sand|Air Balloon
|turn|22
|
|move|p1a: gardian sand|Earthquake|p2a: Espeon
|-damage|p2a: Espeon|209\/321
|move|p2a: Espeon|Stored Power|p1a: gardian sand
|-resisted|p1a: gardian sand
|-damage|p1a: gardian sand|0 fnt
|-enditem|p1a: gardian sand|Air Balloon
|faint|p1a: gardian sand
|
|-weather|Sandstorm|[upkeep]
|-damage|p2a: Espeon|189\/321|[from] sandstorm
|-heal|p2a: Espeon|209\/321|[from] item: Leftovers
|c|âfortindin|gg
|
|switch|p1a: red girl|Latias, F|301\/301
|turn|23
|
|move|p2a: Espeon|Substitute|p2a: Espeon
|-start|p2a: Espeon|Substitute
|-damage|p2a: Espeon|129\/321
|move|p1a: red girl|Calm Mind|p1a: red girl
|-boost|p1a: red girl|spa|1
|-boost|p1a: red girl|spd|1
|
|-weather|Sandstorm|[upkeep]
|-damage|p2a: Espeon|109\/321|[from] sandstorm
|-damage|p1a: red girl|283\/301|[from] sandstorm
|-heal|p2a: Espeon|129\/321|[from] item: Leftovers
|-heal|p1a: red girl|301\/301|[from] item: Leftovers
|turn|24
|
|move|p2a: Espeon|Stored Power|p1a: red girl
|-resisted|p1a: red girl
|-damage|p1a: red girl|130\/301
|move|p1a: red girl|Calm Mind|p1a: red girl
|-boost|p1a: red girl|spa|1
|-boost|p1a: red girl|spd|1
|
|-weather|none
|-heal|p2a: Espeon|149\/321|[from] item: Leftovers
|-heal|p1a: red girl|148\/301|[from] item: Leftovers
|turn|25
|
|move|p2a: Espeon|Stored Power|p1a: red girl
|-resisted|p1a: red girl
|-damage|p1a: red girl|32\/301
|move|p1a: red girl|Recover|p1a: red girl
|-heal|p1a: red girl|183\/301
|
|-heal|p2a: Espeon|169\/321|[from] item: Leftovers
|-heal|p1a: red girl|201\/301|[from] item: Leftovers
|turn|26
|
|move|p2a: Espeon|Stored Power|p1a: red girl
|-resisted|p1a: red girl
|-damage|p1a: red girl|69\/301
|move|p1a: red girl|Recover|p1a: red girl
|-heal|p1a: red girl|220\/301
|
|-heal|p2a: Espeon|189\/321|[from] item: Leftovers
|-heal|p1a: red girl|238\/301|[from] item: Leftovers
|turn|27
|
|move|p2a: Espeon|Stored Power|p1a: red girl
|-resisted|p1a: red girl
|-damage|p1a: red girl|106\/301
|move|p1a: red girl|Calm Mind|p1a: red girl
|-boost|p1a: red girl|spa|1
|-boost|p1a: red girl|spd|1
|
|-heal|p2a: Espeon|209\/321|[from] item: Leftovers
|-heal|p1a: red girl|124\/301|[from] item: Leftovers
|turn|28
|
|move|p2a: Espeon|Stored Power|p1a: red girl
|-resisted|p1a: red girl
|-damage|p1a: red girl|32\/301
|move|p1a: red girl|Recover|p1a: red girl
|-heal|p1a: red girl|183\/301
|
|-heal|p2a: Espeon|229\/321|[from] item: Leftovers
|-heal|p1a: red girl|201\/301|[from] item: Leftovers
|turn|29
|
|move|p2a: Espeon|Stored Power|p1a: red girl
|-resisted|p1a: red girl
|-damage|p1a: red girl|106\/301
|move|p1a: red girl|Calm Mind|p1a: red girl
|-boost|p1a: red girl|spa|1
|-boost|p1a: red girl|spd|1
|
|-heal|p2a: Espeon|249\/321|[from] item: Leftovers
|-heal|p1a: red girl|124\/301|[from] item: Leftovers
|turn|30
|
|move|p2a: Espeon|Stored Power|p1a: red girl
|-resisted|p1a: red girl
|-damage|p1a: red girl|36\/301
|move|p1a: red girl|Recover|p1a: red girl
|-heal|p1a: red girl|187\/301
|
|-heal|p2a: Espeon|269\/321|[from] item: Leftovers
|-heal|p1a: red girl|205\/301|[from] item: Leftovers
|turn|31
|
|move|p2a: Espeon|Stored Power|p1a: red girl
|-resisted|p1a: red girl
|-damage|p1a: red girl|117\/301
|move|p1a: red girl|Calm Mind|p1a: red girl
|-boost|p1a: red girl|spa|1
|-boost|p1a: red girl|spd|1
|
|-heal|p2a: Espeon|289\/321|[from] item: Leftovers
|-heal|p1a: red girl|135\/301|[from] item: Leftovers
|turn|32
|
|move|p2a: Espeon|Dazzling Gleam|p1a: red girl
|-supereffective|p1a: red girl
|-damage|p1a: red girl|61\/301
|move|p1a: red girl|Recover|p1a: red girl
|-heal|p1a: red girl|212\/301
|
|-heal|p2a: Espeon|309\/321|[from] item: Leftovers
|-heal|p1a: red girl|230\/301|[from] item: Leftovers
|turn|33
|
|move|p2a: Espeon|Dazzling Gleam|p1a: red girl
|-supereffective|p1a: red girl
|-damage|p1a: red girl|152\/301
|move|p1a: red girl|Calm Mind|p1a: red girl
|-boost|p1a: red girl|spa|1
|-boost|p1a: red girl|spd|1
|
|-heal|p2a: Espeon|321\/321|[from] item: Leftovers
|-heal|p1a: red girl|170\/301|[from] item: Leftovers
|turn|34
|
|move|p2a: Espeon|Dazzling Gleam|p1a: red girl
|-supereffective|p1a: red girl
|-damage|p1a: red girl|102\/301
|move|p1a: red girl|Recover|p1a: red girl
|-heal|p1a: red girl|253\/301
|
|-heal|p1a: red girl|271\/301|[from] item: Leftovers
|turn|35
|
|move|p2a: Espeon|Dazzling Gleam|p1a: red girl
|-supereffective|p1a: red girl
|-damage|p1a: red girl|209\/301
|move|p1a: red girl|Dragon Pulse|p2a: Espeon
|-end|p2a: Espeon|Substitute
|
|-heal|p1a: red girl|227\/301|[from] item: Leftovers
|turn|36
|
|move|p2a: Espeon|Dazzling Gleam|p1a: red girl
|-supereffective|p1a: red girl
|-damage|p1a: red girl|155\/301
|move|p1a: red girl|Dragon Pulse|p2a: Espeon
|-damage|p2a: Espeon|51\/321
|
|-heal|p2a: Espeon|71\/321|[from] item: Leftovers
|-heal|p1a: red girl|173\/301|[from] item: Leftovers
|turn|37
|
|move|p2a: Espeon|Dazzling Gleam|p1a: red girl
|-supereffective|p1a: red girl
|-damage|p1a: red girl|99\/301
|move|p1a: red girl|Recover|p1a: red girl
|-heal|p1a: red girl|250\/301
|
|-heal|p2a: Espeon|91\/321|[from] item: Leftovers
|-heal|p1a: red girl|268\/301|[from] item: Leftovers
|turn|38
|
|move|p2a: Espeon|Dazzling Gleam|p1a: red girl
|-supereffective|p1a: red girl
|-damage|p1a: red girl|196\/301
|move|p1a: red girl|Recover|p1a: red girl
|-heal|p1a: red girl|301\/301
|
|-heal|p2a: Espeon|111\/321|[from] item: Leftovers
|turn|39
|
|move|p2a: Espeon|Dazzling Gleam|p1a: red girl
|-supereffective|p1a: red girl
|-damage|p1a: red girl|227\/301
|move|p1a: red girl|Dragon Pulse|p2a: Espeon
|-damage|p2a: Espeon|0 fnt
|faint|p2a: Espeon
|
|-heal|p1a: red girl|245\/301|[from] item: Leftovers
|-message|Falchion12 forfeited.
|
|win|fortindin
|raw|Ladder updating...
|leave|Falchion12
|player|p2
|raw|fortindin's rating: 1379 &rarr; <strong>1398<\/strong><br \/>(+19 for winning)
|raw|Falchion12's rating: 1359 &rarr; <strong>1340<\/strong><br \/>(-19 for losing)