|join|1800Rekt
|join|subzeromk
|player|p1|1800Rekt|270
|player|p2|subzeromk|20
|gametype|singles
|gen|6
|tier|OU
|rated
|clearpoke
|poke|p1|Sceptile, F, shiny
|poke|p1|Rotom-Wash, shiny
|poke|p1|Landorus-Therian, M, shiny
|poke|p1|Empoleon, F, shiny
|poke|p1|Conkeldurr, F
|poke|p1|Victini
|poke|p2|Medicham, F
|poke|p2|Garchomp, M
|poke|p2|Sylveon, M
|poke|p2|Latios, M
|poke|p2|Bisharp, M
|poke|p2|Greninja, F
|rule|Swagger Clause: Swagger is banned
|rule|Baton Pass Clause: Limit one PokÃ©mon knowing Baton Pass
|rule|Sleep Clause Mod: Limit one foe put to sleep
|rule|Species Clause: Limit one of each PokÃ©mon
|rule|OHKO Clause: OHKO moves are banned
|rule|Moody Clause: Moody is banned
|rule|Evasion Moves Clause: Evasion moves are banned
|rule|Endless Battle Clause: Forcing endless battles is banned
|rule|HP Percentage Mod: HP is shown in percentages
|teampreview
|
|start
|switch|p1a: Conkeldurr|Conkeldurr, F|400\/400
|switch|p2a: Medicham|Medicham, F|261\/261
|turn|1
|
|detailschange|p2a: Medicham|Medicham-Mega, F
|message|Medicham has Mega Evolved into Mega Medicham!
|move|p2a: Medicham|Ice Punch|p1a: Conkeldurr
|-damage|p1a: Conkeldurr|253\/400
|move|p1a: Conkeldurr|Poison Jab|p2a: Medicham
|-damage|p2a: Medicham|130\/261
|
|turn|2
|
|switch|p1a: Rotom-Wash|Rotom-Wash, shiny|304\/304
|move|p2a: Medicham|Drain Punch|p1a: Rotom-Wash
|-damage|p1a: Rotom-Wash|156\/304
|-heal|p2a: Medicham|204\/261|[from] drain|[of] p1a: Rotom-Wash
|
|-heal|p1a: Rotom-Wash|175\/304|[from] item: Leftovers
|turn|3
|
|move|p2a: Medicham|Substitute|p2a: Medicham
|-start|p2a: Medicham|Substitute
|-damage|p2a: Medicham|139\/261
|move|p1a: Rotom-Wash|Volt Switch|p2a: Medicham
|-end|p2a: Medicham|Substitute
|
|switch|p1a: Sceptile|Sceptile, F, shiny|285\/285
|
|turn|4
|
|switch|p2a: Sylveon|Sylveon, M|390\/390
|detailschange|p1a: Sceptile|Sceptile-Mega, F, shiny
|message|Sceptile has Mega Evolved into Mega Sceptile!
|move|p1a: Sceptile|Dragon Pulse|p2a: Sylveon
|-immune|p2a: Sylveon|[msg]
|
|turn|5
|
|switch|p1a: Empoleon|Empoleon, F, shiny|372\/372
|move|p2a: Sylveon|Hyper Voice|p1a: Empoleon
|-resisted|p1a: Empoleon
|-damage|p1a: Empoleon|262\/372
|
|-heal|p1a: Empoleon|285\/372|[from] item: Leftovers
|turn|6
|
|switch|p2a: Medicham|Medicham-Mega, F|139\/261
|move|p1a: Empoleon|Scald|p2a: Medicham
|-damage|p2a: Medicham|21\/261
|
|-heal|p1a: Empoleon|308\/372|[from] item: Leftovers
|turn|7
|
|switch|p1a: Landorus-Therian|Landorus-Therian, M, shiny|327\/327
|-ability|p1a: Landorus-Therian|Intimidate|[of] p2a: Medicham
|-unboost|p2a: Medicham|atk|1
|move|p2a: Medicham|Drain Punch|p1a: Landorus-Therian
|-resisted|p1a: Landorus-Therian
|-damage|p1a: Landorus-Therian|241\/327
|-heal|p2a: Medicham|64\/261|[from] drain|[of] p1a: Landorus-Therian
|
|turn|8
|
|switch|p2a: Garchomp|Garchomp, M|420\/420
|move|p1a: Landorus-Therian|U-turn|p2a: Garchomp
|-crit|p2a: Garchomp
|-damage|p2a: Garchomp|320\/420
|-damage|p1a: Landorus-Therian|201\/327|[from] ability: Rough Skin|[of] p2a: Garchomp
|-damage|p1a: Landorus-Therian|147\/327|[from] item: Rocky Helmet|[of] p2a: Garchomp
|
|switch|p1a: Sceptile|Sceptile-Mega, F, shiny|285\/285
|
|turn|9
|
|move|p1a: Sceptile|Dragon Pulse|p2a: Garchomp
|-supereffective|p2a: Garchomp
|-damage|p2a: Garchomp|0 fnt
|faint|p2a: Garchomp
|
|
|switch|p2a: Sylveon|Sylveon, M|390\/390
|turn|10
|
|switch|p1a: Empoleon|Empoleon, F, shiny|308\/372
|switch|p2a: Medicham|Medicham-Mega, F|64\/261
|
|-heal|p1a: Empoleon|331\/372|[from] item: Leftovers
|turn|11
|
|switch|p1a: Landorus-Therian|Landorus-Therian, M, shiny|147\/327
|-ability|p1a: Landorus-Therian|Intimidate|[of] p2a: Medicham
|-unboost|p2a: Medicham|atk|1
|move|p2a: Medicham|Drain Punch|p1a: Landorus-Therian
|-resisted|p1a: Landorus-Therian
|-damage|p1a: Landorus-Therian|65\/327
|-heal|p2a: Medicham|105\/261|[from] drain|[of] p1a: Landorus-Therian
|
|turn|12
|
|move|p1a: Landorus-Therian|Earthquake|p2a: Medicham
|-damage|p2a: Medicham|0 fnt
|faint|p2a: Medicham
|
|
|switch|p2a: Latios|Latios, M|301\/301
|turn|13
|
|switch|p1a: Empoleon|Empoleon, F, shiny|331\/372
|move|p2a: Latios|Psyshock|p1a: Empoleon
|-resisted|p1a: Empoleon
|-damage|p1a: Empoleon|234\/372
|-damage|p2a: Latios|271\/301|[from] item: Life Orb
|
|-heal|p1a: Empoleon|257\/372|[from] item: Leftovers
|turn|14
|
|move|p2a: Latios|Thunderbolt|p1a: Empoleon
|-supereffective|p1a: Empoleon
|-damage|p1a: Empoleon|28\/372
|-status|p1a: Empoleon|par
|-damage|p2a: Latios|241\/301|[from] item: Life Orb
|move|p1a: Empoleon|Stealth Rock|p2a: Latios
|-sidestart|p2: subzeromk|move: Stealth Rock
|
|-heal|p1a: Empoleon|51\/372 par|[from] item: Leftovers
|turn|15
|
|move|p2a: Latios|Thunderbolt|p1a: Empoleon
|-supereffective|p1a: Empoleon
|-damage|p1a: Empoleon|0 fnt
|-damage|p2a: Latios|211\/301|[from] item: Life Orb
|faint|p1a: Empoleon
|
|
|switch|p1a: Landorus-Therian|Landorus-Therian, M, shiny|65\/327
|-ability|p1a: Landorus-Therian|Intimidate|[of] p2a: Latios
|-unboost|p2a: Latios|atk|1
|turn|16
|
|move|p1a: Landorus-Therian|U-turn|p2a: Latios
|-supereffective|p2a: Latios
|-damage|p2a: Latios|0 fnt
|faint|p2a: Latios
|
|switch|p1a: Rotom-Wash|Rotom-Wash, shiny|175\/304
|
|-heal|p1a: Rotom-Wash|194\/304|[from] item: Leftovers
|
|switch|p2a: Sylveon|Sylveon, M|390\/390
|-damage|p2a: Sylveon|342\/390|[from] Stealth Rock
|turn|17
|
|move|p1a: Rotom-Wash|Volt Switch|p2a: Sylveon
|-damage|p2a: Sylveon|269\/390
|c|â1800Rekt|Thought u r scep with speed
|c|â1800Rekt|i was sacking rotom
|
|switch|p1a: Victini|Victini|355\/355
|move|p2a: Sylveon|Hyper Voice|p1a: Victini
|-resisted|p1a: Victini
|-damage|p1a: Victini|196\/355
|
|turn|18
|
|switch|p2a: Kakashi|Greninja, F|285\/285
|-damage|p2a: Kakashi|250\/285|[from] Stealth Rock
|move|p1a: Victini|V-create|p2a: Kakashi
|-resisted|p2a: Kakashi
|-damage|p2a: Kakashi|0 fnt
|-unboost|p1a: Victini|def|1
|-unboost|p1a: Victini|spd|1
|-unboost|p1a: Victini|spe|1
|faint|p2a: Kakashi
|
|
|switch|p2a: Sylveon|Sylveon, M|269\/390
|-damage|p2a: Sylveon|221\/390|[from] Stealth Rock
|turn|19
|
|switch|p1a: Rotom-Wash|Rotom-Wash, shiny|194\/304
|move|p2a: Sylveon|Hyper Voice|p1a: Rotom-Wash
|-damage|p1a: Rotom-Wash|0 fnt
|faint|p1a: Rotom-Wash
|
|-message|subzeromk forfeited.
|
|win|1800Rekt
|raw|Ladder updating...
|leave|subzeromk
|player|p2
|raw|1800Rekt's rating: 1465 &rarr; <strong>1489<\/strong><br \/>(+24 for winning)
|raw|subzeromk's rating: 1546 &rarr; <strong>1521<\/strong><br \/>(-25 for losing)