|join|1800Rekt
|join|Only One Red
|player|p1|1800Rekt|270
|player|p2|Only One Red|162
|gametype|singles
|gen|6
|tier|OU
|rated
|clearpoke
|poke|p1|Sceptile, F, shiny
|poke|p1|Rotom-Wash, shiny
|poke|p1|Landorus-Therian, M, shiny
|poke|p1|Empoleon, M, shiny
|poke|p1|Conkeldurr, M
|poke|p1|Victini
|poke|p2|Gliscor, F
|poke|p2|Ferrothorn, M
|poke|p2|Rotom-Wash
|poke|p2|Gengar, F
|poke|p2|Azumarill, F
|poke|p2|Scizor, F
|rule|Swagger Clause: Swagger is banned
|rule|Baton Pass Clause: Limit one PokÃ©mon knowing Baton Pass
|rule|Sleep Clause Mod: Limit one foe put to sleep
|rule|Species Clause: Limit one of each PokÃ©mon
|rule|OHKO Clause: OHKO moves are banned
|rule|Moody Clause: Moody is banned
|rule|Evasion Moves Clause: Evasion moves are banned
|rule|Endless Battle Clause: Forcing endless battles is banned
|rule|HP Percentage Mod: HP is shown in percentages
|teampreview
|
|start
|switch|p1a: Sceptile|Sceptile, F, shiny|285\/285
|switch|p2a: Ferrothorn|Ferrothorn, M|352\/352
|turn|1
|
|detailschange|p1a: Sceptile|Sceptile-Mega, F, shiny
|message|Sceptile has Mega Evolved into Mega Sceptile!
|move|p1a: Sceptile|Hidden Power|p2a: Ferrothorn
|-supereffective|p2a: Ferrothorn
|-damage|p2a: Ferrothorn|160\/352
|move|p2a: Ferrothorn|Stealth Rock|p1a: Sceptile
|-sidestart|p1: 1800Rekt|move: Stealth Rock
|
|-heal|p2a: Ferrothorn|182\/352|[from] item: Leftovers
|turn|2
|
|move|p2a: Ferrothorn|Protect|p2a: Ferrothorn
|-singleturn|p2a: Ferrothorn|Protect
|move|p1a: Sceptile|Hidden Power|p2a: Ferrothorn
|-activate|p2a: Ferrothorn|Protect
|
|-heal|p2a: Ferrothorn|204\/352|[from] item: Leftovers
|turn|3
|
|move|p1a: Sceptile|Hidden Power|p2a: Ferrothorn
|-supereffective|p2a: Ferrothorn
|-damage|p2a: Ferrothorn|12\/352
|move|p2a: Ferrothorn|Power Whip|p1a: Sceptile
|-resisted|p1a: Sceptile
|-damage|p1a: Sceptile|239\/285
|
|-heal|p2a: Ferrothorn|34\/352|[from] item: Leftovers
|turn|4
|
|move|p2a: Ferrothorn|Protect|p2a: Ferrothorn
|-singleturn|p2a: Ferrothorn|Protect
|move|p1a: Sceptile|Dragon Pulse|p2a: Ferrothorn
|-activate|p2a: Ferrothorn|Protect
|
|-heal|p2a: Ferrothorn|56\/352|[from] item: Leftovers
|turn|5
|
|move|p1a: Sceptile|Hidden Power|p2a: Ferrothorn
|-supereffective|p2a: Ferrothorn
|-damage|p2a: Ferrothorn|0 fnt
|faint|p2a: Ferrothorn
|
|
|switch|p2a: Gengar|Gengar, F|262\/262
|turn|6
|
|switch|p1a: Conkeldurr|Conkeldurr, M|400\/400
|-damage|p1a: Conkeldurr|375\/400|[from] Stealth Rock
|move|p2a: Gengar|Sludge Wave|p1a: Conkeldurr
|-damage|p1a: Conkeldurr|230\/400
|
|turn|7
|
|move|p2a: Gengar|Substitute|p2a: Gengar
|-start|p2a: Gengar|Substitute
|-damage|p2a: Gengar|197\/262
|move|p1a: Conkeldurr|Ice Punch|p2a: Gengar
|-end|p2a: Gengar|Substitute
|
|-heal|p2a: Gengar|213\/262|[from] item: Black Sludge
|turn|8
|
|move|p2a: Gengar|Disable|p1a: Conkeldurr
|-start|p1a: Conkeldurr|Disable|Ice Punch
|cant|p1a: Conkeldurr|Disable|Ice Punch
|
|-heal|p2a: Gengar|229\/262|[from] item: Black Sludge
|turn|9
|
|switch|p1a: Empoleon|Empoleon, M, shiny|372\/372
|-damage|p1a: Empoleon|349\/372|[from] Stealth Rock
|move|p2a: Gengar|Shadow Ball|p1a: Empoleon
|-damage|p1a: Empoleon|247\/372
|
|-heal|p2a: Gengar|245\/262|[from] item: Black Sludge
|-heal|p1a: Empoleon|270\/372|[from] item: Leftovers
|turn|10
|
|move|p2a: Gengar|Shadow Ball|p1a: Empoleon
|-damage|p1a: Empoleon|164\/372
|-unboost|p1a: Empoleon|spd|1
|move|p1a: Empoleon|Defog|p2a: Gengar
|-unboost|p2a: Gengar|evasion|1
|-sideend|p1: 1800Rekt|Stealth Rock|[from] move: Defog|[of] p1a: Empoleon
|
|-heal|p2a: Gengar|261\/262|[from] item: Black Sludge
|-heal|p1a: Empoleon|187\/372|[from] item: Leftovers
|turn|11
|
|switch|p1a: Conkeldurr|Conkeldurr, M|230\/400
|move|p2a: Gengar|Shadow Ball|p1a: Conkeldurr
|-damage|p1a: Conkeldurr|103\/400
|
|-heal|p2a: Gengar|262\/262|[from] item: Black Sludge
|turn|12
|
|move|p2a: Gengar|Shadow Ball|p1a: Conkeldurr
|-damage|p1a: Conkeldurr|0 fnt
|faint|p1a: Conkeldurr
|
|
|switch|p1a: Empoleon|Empoleon, M, shiny|187\/372
|turn|13
|
|switch|p2a: Rotom-Wash|Rotom-Wash|304\/304
|move|p1a: Empoleon|Scald|p2a: Rotom-Wash
|-resisted|p2a: Rotom-Wash
|-damage|p2a: Rotom-Wash|268\/304
|
|-heal|p1a: Empoleon|210\/372|[from] item: Leftovers
|turn|14
|
|move|p2a: Rotom-Wash|Will-O-Wisp|p1a: Empoleon
|-status|p1a: Empoleon|brn
|move|p1a: Empoleon|Stealth Rock|p2a: Rotom-Wash
|-sidestart|p2: Only One Red|move: Stealth Rock
|
|-heal|p1a: Empoleon|233\/372 brn|[from] item: Leftovers
|-damage|p1a: Empoleon|187\/372 brn|[from] brn
|turn|15
|
|switch|p1a: Sceptile|Sceptile-Mega, F, shiny|239\/285
|move|p2a: Rotom-Wash|Volt Switch|p1a: Sceptile
|-boost|p1a: Sceptile|spa|1|[from] ability: Lightning Rod
|
|turn|16
|
|move|p1a: Sceptile|Giga Drain|p2a: Rotom-Wash
|-supereffective|p2a: Rotom-Wash
|-damage|p2a: Rotom-Wash|0 fnt
|-heal|p1a: Sceptile|285\/285|[from] drain|[of] p2a: Rotom-Wash
|faint|p2a: Rotom-Wash
|
|
|switch|p2a: Gengar|Gengar, F|262\/262
|-damage|p2a: Gengar|230\/262|[from] Stealth Rock
|turn|17
|
|move|p1a: Sceptile|Dragon Pulse|p2a: Gengar
|-damage|p2a: Gengar|0 fnt
|faint|p2a: Gengar
|
|
|switch|p2a: Gliscor|Gliscor, F|354\/354
|-damage|p2a: Gliscor|310\/354|[from] Stealth Rock
|turn|18
|
|move|p1a: Sceptile|Dragon Pulse|p2a: Gliscor
|-damage|p2a: Gliscor|0 fnt
|faint|p2a: Gliscor
|
|-message|Only One Red forfeited.
|
|win|1800Rekt
|raw|Ladder updating...
|leave|Only One Red
|player|p2
|raw|1800Rekt's rating: 1487 &rarr; <strong>1506<\/strong><br \/>(+19 for winning)
|raw|Only One Red's rating: 1468 &rarr; <strong>1449<\/strong><br \/>(-19 for losing)