|join|1800Rekt
|join|Scott24
|player|p1|1800Rekt|270
|player|p2|Scott24|278
|gametype|singles
|gen|6
|tier|OU
|rated
|clearpoke
|poke|p1|Scizor, M, shiny
|poke|p1|Heatran, M, shiny
|poke|p1|Breloom, F
|poke|p1|Latias, F
|poke|p1|Thundurus, M
|poke|p1|Serperior, M, shiny
|poke|p2|Landorus-Therian, M
|poke|p2|Gardevoir, F
|poke|p2|Metagross
|poke|p2|Garchomp, M
|poke|p2|Keldeo-Resolute
|poke|p2|Thundurus, M
|rule|Swagger Clause: Swagger is banned
|rule|Baton Pass Clause: Limit one PokÃ©mon knowing Baton Pass
|rule|Sleep Clause Mod: Limit one foe put to sleep
|rule|Species Clause: Limit one of each PokÃ©mon
|rule|OHKO Clause: OHKO moves are banned
|rule|Moody Clause: Moody is banned
|rule|Evasion Moves Clause: Evasion moves are banned
|rule|Endless Battle Clause: Forcing endless battles is banned
|rule|HP Percentage Mod: HP is shown in percentages
|teampreview
|
|start
|switch|p1a: Thundurus|Thundurus, M|299\/299
|switch|p2a: Garchomp|Garchomp, M|357\/357
|turn|1
|
|move|p1a: Thundurus|Hidden Power|p2a: Garchomp
|-supereffective|p2a: Garchomp
|-enditem|p2a: Garchomp|Focus Sash
|-damage|p2a: Garchomp|1\/357
|-damage|p1a: Thundurus|270\/299|[from] item: Life Orb
|move|p2a: Garchomp|Stealth Rock|p1a: Thundurus
|-sidestart|p1: 1800Rekt|move: Stealth Rock
|
|turn|2
|
|move|p1a: Thundurus|Hidden Power|p2a: Garchomp
|-supereffective|p2a: Garchomp
|-damage|p2a: Garchomp|0 fnt
|-damage|p1a: Thundurus|241\/299|[from] item: Life Orb
|faint|p2a: Garchomp
|
|
|switch|p2a: Landorus-Therian|Landorus-Therian, M|319\/319
|-ability|p2a: Landorus-Therian|Intimidate|[of] p1a: Thundurus
|-unboost|p1a: Thundurus|atk|1
|-boost|p1a: Thundurus|atk|2|[from] ability: Defiant
|turn|3
|
|move|p2a: Landorus-Therian|U-turn|p1a: Thundurus
|-resisted|p1a: Thundurus
|-damage|p1a: Thundurus|177\/299
|
|switch|p2a: Keldeo-Resolute|Keldeo-Resolute|323\/323
|move|p1a: Thundurus|Knock Off|p2a: Keldeo-Resolute
|-crit|p2a: Keldeo-Resolute
|-resisted|p2a: Keldeo-Resolute
|-damage|p2a: Keldeo-Resolute|177\/323
|-boost|p2a: Keldeo-Resolute|atk|1|[from] ability: Justified
|-enditem|p2a: Keldeo-Resolute|Choice Scarf|[from] move: Knock Off|[of] p1a: Thundurus
|-damage|p1a: Thundurus|148\/299|[from] item: Life Orb
|
|turn|4
|
|move|p1a: Thundurus|Knock Off|p2a: Keldeo-Resolute
|-resisted|p2a: Keldeo-Resolute
|-damage|p2a: Keldeo-Resolute|113\/323
|-boost|p2a: Keldeo-Resolute|atk|1|[from] ability: Justified
|-damage|p1a: Thundurus|119\/299|[from] item: Life Orb
|move|p2a: Keldeo-Resolute|Scald|p1a: Thundurus
|-damage|p1a: Thundurus|0 fnt
|faint|p1a: Thundurus
|
|
|switch|p1a: Latias|Latias, F|319\/319
|-damage|p1a: Latias|280\/319|[from] Stealth Rock
|turn|5
|
|switch|p2a: Metagross|Metagross|337\/337
|move|p1a: Latias|Defog|p2a: Metagross
|-fail|p2a: Metagross|unboost|[from] ability: Clear Body|[of] p2a: Metagross
|-sideend|p1: 1800Rekt|Stealth Rock|[from] move: Defog|[of] p1a: Latias
|
|turn|6
|
|switch|p1a: Scizor|Scizor, M, shiny|291\/291
|detailschange|p2a: Metagross|Metagross-Mega
|-mega|p2a: Metagross|Metagross|Metagrossite
|move|p2a: Metagross|Meteor Mash|p1a: Scizor
|-resisted|p1a: Scizor
|-damage|p1a: Scizor|180\/291
|
|turn|7
|
|switch|p1a: Breloom|Breloom, F|261\/261
|move|p2a: Metagross|Earthquake|p1a: Breloom
|-resisted|p1a: Breloom
|-damage|p1a: Breloom|188\/261
|
|turn|8
|
|move|p2a: Metagross|Zen Headbutt|p1a: Breloom
|-supereffective|p1a: Breloom
|-damage|p1a: Breloom|0 fnt
|faint|p1a: Breloom
|
|
|switch|p1a: Scizor|Scizor, M, shiny|180\/291
|turn|9
|
|switch|p2a: Landorus-Therian|Landorus-Therian, M|319\/319
|-ability|p2a: Landorus-Therian|Intimidate|[of] p1a: Scizor
|-unboost|p1a: Scizor|atk|1
|detailschange|p1a: Scizor|Scizor-Mega, M, shiny
|-mega|p1a: Scizor|Scizor|Scizorite
|move|p1a: Scizor|Bug Bite|p2a: Landorus-Therian
|-resisted|p2a: Landorus-Therian
|-damage|p2a: Landorus-Therian|244\/319
|
|turn|10
|
|switch|p2a: Keldeo-Resolute|Keldeo-Resolute|113\/323
|move|p1a: Scizor|Swords Dance|p1a: Scizor
|-boost|p1a: Scizor|atk|2
|
|turn|11
|
|switch|p1a: Latias|Latias, F|280\/319
|move|p2a: Keldeo-Resolute|Hydro Pump|p1a: Latias|[miss]
|-miss|p2a: Keldeo-Resolute|p1a: Latias
|
|turn|12
|
|switch|p1a: Scizor|Scizor-Mega, M, shiny|180\/291
|switch|p2a: Gardevoir|Gardevoir, F|277\/277
|-ability|p2a: Gardevoir|Technician|[from] ability: Trace|[of] p1a: Scizor
|
|turn|13
|
|move|p2a: Gardevoir|Taunt|p1a: Scizor
|-start|p1a: Scizor|move: Taunt
|cant|p1a: Scizor|move: Taunt|Swords Dance
|
|turn|14
|
|switch|p2a: Landorus-Therian|Landorus-Therian, M|244\/319
|-ability|p2a: Landorus-Therian|Intimidate|[of] p1a: Scizor
|-unboost|p1a: Scizor|atk|1
|move|p1a: Scizor|Bullet Punch|p2a: Landorus-Therian
|-damage|p2a: Landorus-Therian|151\/319
|
|turn|15
|
|move|p1a: Scizor|Bullet Punch|p2a: Landorus-Therian
|-damage|p2a: Landorus-Therian|63\/319
|move|p2a: Landorus-Therian|U-turn|p1a: Scizor
|-resisted|p1a: Scizor
|-damage|p1a: Scizor|146\/291
|
|switch|p2a: Thundurus|Thundurus, M|299\/299
|
|-end|p1a: Scizor|move: Taunt
|turn|16
|
|switch|p1a: Heatran|Heatran, M, shiny|386\/386
|move|p2a: Thundurus|Thunderbolt|p1a: Heatran
|-damage|p1a: Heatran|252\/386
|-damage|p2a: Thundurus|270\/299|[from] item: Life Orb
|
|-heal|p1a: Heatran|276\/386|[from] item: Leftovers
|turn|17
|
|switch|p2a: Gardevoir|Gardevoir, F|277\/277
|-ability|p2a: Gardevoir|Flash Fire|[from] ability: Trace|[of] p1a: Heatran
|move|p1a: Heatran|Stealth Rock|p2a: Gardevoir
|-sidestart|p2: Scott24|move: Stealth Rock
|
|-heal|p1a: Heatran|300\/386|[from] item: Leftovers
|turn|18
|
|move|p2a: Gardevoir|Focus Blast|p1a: Heatran|[miss]
|-miss|p2a: Gardevoir|p1a: Heatran
|move|p1a: Heatran|Earth Power|p2a: Gardevoir
|-damage|p2a: Gardevoir|199\/277
|
|-heal|p1a: Heatran|324\/386|[from] item: Leftovers
|turn|19
|
|switch|p1a: Scizor|Scizor-Mega, M, shiny|146\/291
|move|p2a: Gardevoir|Moonblast|p1a: Scizor
|-resisted|p1a: Scizor
|-damage|p1a: Scizor|45\/291
|-unboost|p1a: Scizor|spa|1
|-damage|p2a: Gardevoir|172\/277|[from] item: Life Orb
|
|turn|20
|
|move|p1a: Scizor|Bullet Punch|p2a: Gardevoir
|-supereffective|p2a: Gardevoir
|-damage|p2a: Gardevoir|0 fnt
|faint|p2a: Gardevoir
|
|
|switch|p2a: Metagross|Metagross-Mega|337\/337
|-damage|p2a: Metagross|316\/337|[from] Stealth Rock
|turn|21
|
|switch|p1a: Latias|Latias, F|280\/319
|move|p2a: Metagross|Earthquake|p1a: Latias
|-immune|p1a: Latias|[msg]
|
|turn|22
|
|move|p1a: Latias|Healing Wish|p1a: Latias
|faint|p1a: Latias
|move|p2a: Metagross|Meteor Mash|p1: Latias|[notarget]
|-notarget
|
|
|switch|p1a: Scizor|Scizor-Mega, M, shiny|45\/291
|-heal|p1a: Scizor|291\/291|[from] move: Healing Wish
|turn|23
|
|switch|p2a: Landorus-Therian|Landorus-Therian, M|63\/319
|-damage|p2a: Landorus-Therian|24\/319|[from] Stealth Rock
|-ability|p2a: Landorus-Therian|Intimidate|[of] p1a: Scizor
|-unboost|p1a: Scizor|atk|1
|move|p1a: Scizor|Swords Dance|p1a: Scizor
|-boost|p1a: Scizor|atk|2
|
|turn|24
|
|move|p1a: Scizor|Bullet Punch|p2a: Landorus-Therian
|-damage|p2a: Landorus-Therian|0 fnt
|faint|p2a: Landorus-Therian
|
|
|switch|p2a: Keldeo-Resolute|Keldeo-Resolute|113\/323
|-damage|p2a: Keldeo-Resolute|93\/323|[from] Stealth Rock
|turn|25
|
|move|p1a: Scizor|Bullet Punch|p2a: Keldeo-Resolute
|-resisted|p2a: Keldeo-Resolute
|-damage|p2a: Keldeo-Resolute|0 fnt
|faint|p2a: Keldeo-Resolute
|
|
|switch|p2a: Thundurus|Thundurus, M|270\/299
|-damage|p2a: Thundurus|196\/299|[from] Stealth Rock
|turn|26
|
|move|p1a: Scizor|Bullet Punch|p2a: Thundurus
|-resisted|p2a: Thundurus
|-damage|p2a: Thundurus|72\/299
|move|p2a: Thundurus|Thunderbolt|p1a: Scizor
|-damage|p1a: Scizor|71\/291
|-damage|p2a: Thundurus|43\/299|[from] item: Life Orb
|
|turn|27
|
|move|p1a: Scizor|Bullet Punch|p2a: Thundurus
|-resisted|p2a: Thundurus
|-damage|p2a: Thundurus|0 fnt
|faint|p2a: Thundurus
|
|
|switch|p2a: Metagross|Metagross-Mega|316\/337
|-damage|p2a: Metagross|295\/337|[from] Stealth Rock
|turn|28
|
|move|p1a: Scizor|Bullet Punch|p2a: Metagross
|-resisted|p2a: Metagross
|-damage|p2a: Metagross|227\/337
|move|p2a: Metagross|Earthquake|p1a: Scizor
|-damage|p1a: Scizor|0 fnt
|faint|p1a: Scizor
|
|
|switch|p1a: Serperior|Serperior, M, shiny|291\/291
|turn|29
|
|move|p1a: Serperior|Hidden Power|p2a: Metagross
|-supereffective|p2a: Metagross
|-damage|p2a: Metagross|115\/337
|-damage|p1a: Serperior|262\/291|[from] item: Life Orb
|move|p2a: Metagross|Meteor Mash|p1a: Serperior
|-damage|p1a: Serperior|42\/291
|
|turn|30
|
|move|p2a: Metagross|Bullet Punch|p1a: Serperior
|-damage|p1a: Serperior|0 fnt
|faint|p1a: Serperior
|
|-message|1800Rekt forfeited.
|leave|1800Rekt
|
|win|Scott24
|raw|Ladder updating...
|player|p1
|raw|1800Rekt's rating: 1630 &rarr; <strong>1603<\/strong><br \/>(-27 for losing)
|raw|Scott24's rating: 1501 &rarr; <strong>1528<\/strong><br \/>(+27 for winning)