|join|AnybodyAgrees
|join|JiaShengz
|player|p1|AnybodyAgrees|109
|player|p2|JiaShengz|1
|gametype|singles
|gen|6
|tier|OU
|rated
|clearpoke
|poke|p1|Altaria, M
|poke|p1|Magneton
|poke|p1|Bisharp, M
|poke|p1|Kyurem-Black
|poke|p1|Greninja, F
|poke|p1|Landorus, M
|poke|p2|Sableye, M
|poke|p2|Heatran, F
|poke|p2|Tentacruel, F
|poke|p2|Chesnaught, M
|poke|p2|Chansey, F
|poke|p2|Clefable, F
|rule|Swagger Clause: Swagger is banned
|rule|Baton Pass Clause: Limit one PokÃ©mon knowing Baton Pass
|rule|Sleep Clause Mod: Limit one foe put to sleep
|rule|Species Clause: Limit one of each PokÃ©mon
|rule|OHKO Clause: OHKO moves are banned
|rule|Moody Clause: Moody is banned
|rule|Evasion Moves Clause: Evasion moves are banned
|rule|Endless Battle Clause: Forcing endless battles is banned
|rule|HP Percentage Mod: HP is shown in percentages
|teampreview
|
|start
|switch|p1a: 4MSS at its finest|Landorus, M|319\/319
|switch|p2a: Sableye|Sableye, M|304\/304
|turn|1
|c|âAnybodyAgrees|yay, full stall
|
|detailschange|p2a: Sableye|Sableye-Mega, M
|message|Sableye has Mega Evolved into Mega Sableye!
|move|p2a: Sableye|Will-O-Wisp|p1a: 4MSS at its finest|[miss]
|-miss|p2a: Sableye|p1a: 4MSS at its finest
|move|p1a: 4MSS at its finest|Earth Power|p2a: Sableye
|-damage|p2a: Sableye|74\/304
|
|turn|2
|
|switch|p2a: Chansey|Chansey, F|703\/703
|move|p1a: 4MSS at its finest|Knock Off|p2a: Chansey
|-damage|p2a: Chansey|546\/703
|-enditem|p2a: Chansey|Eviolite|[from] move: Knock Off|[of] p1a: 4MSS at its finest
|-damage|p1a: 4MSS at its finest|288\/319|[from] item: Life Orb
|
|turn|3
|
|move|p1a: 4MSS at its finest|Stealth Rock|p2a: Chansey
|-sidestart|p2: JiaShengz|move: Stealth Rock
|move|p2a: Chansey|Wish|p2a: Chansey
|
|turn|4
|
|move|p1a: 4MSS at its finest|Focus Blast|p2a: Chansey
|-supereffective|p2a: Chansey
|-damage|p2a: Chansey|127\/703
|move|p2a: Chansey|Seismic Toss|p1a: 4MSS at its finest
|-damage|p1a: 4MSS at its finest|188\/319
|
|-heal|p2a: Chansey|478\/703|[from] move: Wish|[wisher] Chansey
|turn|5
|
|switch|p2a: Clefable|Clefable, F|394\/394
|-damage|p2a: Clefable|345\/394|[from] Stealth Rock
|move|p1a: 4MSS at its finest|Focus Blast|p2a: Clefable
|-resisted|p2a: Clefable
|-damage|p2a: Clefable|232\/394
|
|-heal|p2a: Clefable|256\/394|[from] item: Leftovers
|turn|6
|
|move|p2a: Clefable|Protect|p2a: Clefable
|-singleturn|p2a: Clefable|Protect
|move|p1a: 4MSS at its finest|Earth Power|p2a: Clefable
|-activate|p2a: Clefable|Protect
|
|-heal|p2a: Clefable|280\/394|[from] item: Leftovers
|turn|7
|
|move|p1a: 4MSS at its finest|Earth Power|p2a: Clefable
|-damage|p2a: Clefable|0 fnt
|faint|p2a: Clefable
|
|
|switch|p2a: Chansey|Chansey, F|478\/703
|-damage|p2a: Chansey|391\/703|[from] Stealth Rock
|turn|8
|
|move|p1a: 4MSS at its finest|Focus Blast|p2a: Chansey
|-supereffective|p2a: Chansey
|-damage|p2a: Chansey|0 fnt
|faint|p2a: Chansey
|
|
|switch|p2a: Chesnaught|Chesnaught, M|380\/380
|-damage|p2a: Chesnaught|357\/380|[from] Stealth Rock
|turn|9
|
|switch|p1a: Duckbird|Altaria, M|291\/291
|move|p2a: Chesnaught|Leech Seed|p1a: Duckbird
|-start|p1a: Duckbird|move: Leech Seed
|
|-heal|p2a: Chesnaught|380\/380|[from] item: Leftovers
|-damage|p1a: Duckbird|255\/291|[from] Leech Seed|[of] p2a: Chesnaught
|turn|10
|
|switch|p2a: Tentacruel|Tentacruel, F|361\/361
|-damage|p2a: Tentacruel|316\/361|[from] Stealth Rock
|detailschange|p1a: Duckbird|Altaria-Mega, M
|message|Altaria has Mega Evolved into Mega Altaria!
|move|p1a: Duckbird|Dragon Dance|p1a: Duckbird
|-boost|p1a: Duckbird|atk|1
|-boost|p1a: Duckbird|spe|1
|
|-heal|p2a: Tentacruel|338\/361|[from] item: Black Sludge
|-damage|p1a: Duckbird|219\/291|[from] Leech Seed|[of] p2a: Tentacruel
|-heal|p2a: Tentacruel|361\/361|[silent]
|turn|11
|
|move|p1a: Duckbird|Earthquake|p2a: Tentacruel
|-supereffective|p2a: Tentacruel
|-damage|p2a: Tentacruel|25\/361
|move|p2a: Tentacruel|Scald|p1a: Duckbird
|-resisted|p1a: Duckbird
|-damage|p1a: Duckbird|180\/291
|
|-heal|p2a: Tentacruel|47\/361|[from] item: Black Sludge
|-damage|p1a: Duckbird|144\/291|[from] Leech Seed|[of] p2a: Tentacruel
|-heal|p2a: Tentacruel|83\/361|[silent]
|turn|12
|
|switch|p2a: Chesnaught|Chesnaught, M|380\/380
|-damage|p2a: Chesnaught|357\/380|[from] Stealth Rock
|move|p1a: Duckbird|Return|p2a: Chesnaught
|-supereffective|p2a: Chesnaught
|-damage|p2a: Chesnaught|0 fnt
|faint|p2a: Chesnaught
|
|-message|JiaShengz forfeited.
|
|win|AnybodyAgrees
|raw|Ladder updating...
|leave|JiaShengz
|player|p2
|raw|AnybodyAgrees's rating: 1519 &rarr; <strong>1538<\/strong><br \/>(+19 for winning)
|raw|JiaShengz's rating: 1513 &rarr; <strong>1493<\/strong><br \/>(-20 for losing)