|join|JustTheFx
|join|AnybodyAgrees
|player|p1|JustTheFx|80
|player|p2|AnybodyAgrees|109
|gametype|singles
|gen|6
|tier|OU
|clearpoke
|poke|p1|Gallade, M
|poke|p1|Talonflame, M
|poke|p1|Zapdos
|poke|p1|Greninja, M
|poke|p1|Clefable, F
|poke|p1|Latios, M
|poke|p2|Altaria, M
|poke|p2|Magneton
|poke|p2|Bisharp, F
|poke|p2|Kyurem-Black
|poke|p2|Greninja, F
|poke|p2|Landorus, M
|rule|Swagger Clause: Swagger is banned
|rule|Baton Pass Clause: Limit one PokÃ©mon knowing Baton Pass
|rule|Sleep Clause Mod: Limit one foe put to sleep
|rule|Species Clause: Limit one of each PokÃ©mon
|rule|OHKO Clause: OHKO moves are banned
|rule|Moody Clause: Moody is banned
|rule|Evasion Moves Clause: Evasion moves are banned
|rule|Endless Battle Clause: Forcing endless battles is banned
|rule|HP Percentage Mod: HP is shown in percentages
|teampreview
|c|âJustTheFx|the finals finally D:
|
|start
|switch|p1a: Hectate|Zapdos|321\/321
|switch|p2a: Not a typo|Magneton|242\/242
|-ability|p1a: Hectate|Pressure
|turn|1
|
|move|p1a: Hectate|Heat Wave|p2a: Not a typo
|-supereffective|p2a: Not a typo
|-damage|p2a: Not a typo|0 fnt
|faint|p2a: Not a typo
|
|c|âAnybodyAgrees|wait, what the fudge
|c|âJustTheFx|?
|c|âAnybodyAgrees|scarfed zapdos
|c|âAnybodyAgrees|that's a new one
|
|switch|p2a: Duckbird|Altaria, M|291\/291
|turn|2
|c|âJustTheFx|not even! it works tho~
|
|switch|p1a: Sterben|Talonflame, M|297\/297
|detailschange|p2a: Duckbird|Altaria-Mega, M
|-mega|p2a: Duckbird|Altaria|Altarianite
|move|p2a: Duckbird|Dragon Dance|p2a: Duckbird
|-boost|p2a: Duckbird|atk|1
|-boost|p2a: Duckbird|spe|1
|
|turn|3
|
|switch|p2a: Fogged Power|Bisharp, F|272\/272
|move|p1a: Sterben|Brave Bird|p2a: Fogged Power
|-resisted|p2a: Fogged Power
|-damage|p2a: Fogged Power|165\/272
|-damage|p1a: Sterben|262\/297|[from] recoil|[of] p2a: Fogged Power
|
|turn|4
|
|switch|p1a: Kleph|Clefable, F|394\/394
|move|p2a: Fogged Power|Iron Head|p1a: Kleph
|-supereffective|p1a: Kleph
|-damage|p1a: Kleph|25\/394
|-damage|p2a: Fogged Power|138\/272|[from] item: Life Orb
|
|-heal|p1a: Kleph|49\/394|[from] item: Leftovers
|turn|5
|
|move|p2a: Fogged Power|Knock Off|p1a: Kleph
|-crit|p1a: Kleph
|-resisted|p1a: Kleph
|-damage|p1a: Kleph|0 fnt
|-enditem|p1a: Kleph|Leftovers|[from] move: Knock Off|[of] p2a: Fogged Power
|-damage|p2a: Fogged Power|111\/272|[from] item: Life Orb
|faint|p1a: Kleph
|
|c|âAnybodyAgrees|I really hope I'm not lagging
|c|âJustTheFx|mmmm....
|
|switch|p1a: Liberator|Greninja, M|285\/285
|turn|6
|
|move|p2a: Fogged Power|Sucker Punch|p1a: Liberator
|-crit|p1a: Liberator
|-resisted|p1a: Liberator
|-damage|p1a: Liberator|97\/285
|-damage|p2a: Fogged Power|84\/272|[from] item: Life Orb
|move|p1a: Liberator|Scald|p2a: Fogged Power
|-start|p1a: Liberator|typechange|Water|[from] Protean
|-damage|p2a: Fogged Power|0 fnt
|-damage|p1a: Liberator|69\/285|[from] item: Life Orb
|faint|p2a: Fogged Power
|
|
|switch|p2a: Confusion Fu|Greninja, F|285\/285
|turn|7
|
|move|p2a: Confusion Fu|Dark Pulse|p1a: Liberator
|-start|p2a: Confusion Fu|typechange|Dark|[from] Protean
|-damage|p1a: Liberator|0 fnt
|-damage|p2a: Confusion Fu|257\/285|[from] item: Life Orb
|faint|p1a: Liberator
|
|
|switch|p1a: Sterben|Talonflame, M|262\/297
|turn|8
|c|âAnybodyAgrees|that... is not banded.
|c|âJustTheFx|it is actually
|c|âJustTheFx|:)
|c|âAnybodyAgrees|Then it's jolly
|c|âJustTheFx|who knows rite? ;)
|c|âAnybodyAgrees|and a low roll as well
|
|switch|p2a: 4MSS at its finest|Landorus, M|319\/319
|move|p1a: Sterben|U-turn|p2a: 4MSS at its finest
|-resisted|p2a: 4MSS at its finest
|-damage|p2a: 4MSS at its finest|265\/319
|
|switch|p1a: Latios|Latios, M|302\/302
|
|turn|9
|
|switch|p2a: Duckbird|Altaria-Mega, M|291\/291
|move|p1a: Latios|Psyshock|p2a: Duckbird
|-damage|p2a: Duckbird|108\/291
|-damage|p1a: Latios|272\/302|[from] item: Life Orb
|
|turn|10
|c|âAnybodyAgrees|le ultimate 50\/50s
|
|switch|p1a: Sterben|Talonflame, M|262\/297
|move|p2a: Duckbird|Return|p1a: Sterben
|-resisted|p1a: Sterben
|-damage|p1a: Sterben|109\/297
|
|turn|11
|c|âJustTheFx|dam, no greninja switch in
|
|move|p1a: Sterben|Brave Bird|p2a: Duckbird
|-damage|p2a: Duckbird|0 fnt
|-damage|p1a: Sterben|73\/297|[from] recoil|[of] p2a: Duckbird
|faint|p2a: Duckbird
|
|c|âAnybodyAgrees|couldn't risk that
|
|switch|p2a: 4MSS at its finest|Landorus, M|265\/319
|turn|12
|
|switch|p1a: Latios|Latios, M|272\/302
|move|p2a: 4MSS at its finest|Knock Off|p1a: Latios
|-supereffective|p1a: Latios
|-damage|p1a: Latios|0 fnt
|-enditem|p1a: Latios|Life Orb|[from] move: Knock Off|[of] p2a: 4MSS at its finest
|-damage|p2a: 4MSS at its finest|234\/319|[from] item: Life Orb
|faint|p1a: Latios
|
|
|switch|p1a: Sterben|Talonflame, M|73\/297
|turn|13
|
|move|p1a: Sterben|Tailwind|p1a: Sterben
|-sidestart|p1: JustTheFx|move: Tailwind
|move|p2a: 4MSS at its finest|Stealth Rock|p1a: Sterben
|-sidestart|p1: JustTheFx|move: Stealth Rock
|
|turn|14
|
|switch|p1a: Hectate|Zapdos|321\/321
|-damage|p1a: Hectate|241\/321|[from] Stealth Rock
|-ability|p1a: Hectate|Pressure
|move|p2a: 4MSS at its finest|Earth Power|p1a: Hectate
|-immune|p1a: Hectate|[msg]
|
|turn|15
|
|move|p1a: Hectate|Heat Wave|p2a: 4MSS at its finest
|-damage|p2a: 4MSS at its finest|94\/319
|-status|p2a: 4MSS at its finest|brn
|move|p2a: 4MSS at its finest|Knock Off|p1a: Hectate
|-damage|p1a: Hectate|167\/321
|-enditem|p1a: Hectate|Choice Scarf|[from] move: Knock Off|[of] p2a: 4MSS at its finest
|-damage|p2a: 4MSS at its finest|63\/319 brn|[from] item: Life Orb
|
|-damage|p2a: 4MSS at its finest|24\/319 brn|[from] brn
|turn|16
|
|move|p1a: Hectate|Heat Wave|p2a: 4MSS at its finest
|-damage|p2a: 4MSS at its finest|0 fnt
|faint|p2a: 4MSS at its finest
|
|-sideend|p1: JustTheFx|move: Tailwind
|
|switch|p2a: Confusion Fu|Greninja, F|257\/285
|turn|17
|
|switch|p1a: Sterben|Talonflame, M|73\/297
|-damage|p1a: Sterben|0 fnt|[from] Stealth Rock
|faint|p1a: Sterben
|move|p2a: Confusion Fu|Dark Pulse|p1: Sterben|[notarget]
|-notarget
|
|
|switch|p1a: Hectate|Zapdos|167\/321
|-damage|p1a: Hectate|87\/321|[from] Stealth Rock
|-ability|p1a: Hectate|Pressure
|turn|18
|c|âAnybodyAgrees|I should have gone to kyub
|
|move|p2a: Confusion Fu|Gunk Shot|p1a: Hectate
|-start|p2a: Confusion Fu|typechange|Poison|[from] Protean
|-damage|p1a: Hectate|0 fnt
|-damage|p2a: Confusion Fu|229\/285|[from] item: Life Orb
|faint|p1a: Hectate
|
|c|âJustTheFx|lol, i thought u wrre going to do that
|c|âAnybodyAgrees|Had I actually did, I would have won
|c|âAnybodyAgrees|unless I get extremely lucky here
|c|âJustTheFx|how did u out speed?
|c|âAnybodyAgrees|I knocked off your scarf
|c|âJustTheFx|oh
|
|switch|p1a: A2 Pictures|Gallade, M|277\/277
|-damage|p1a: A2 Pictures|260\/277|[from] Stealth Rock
|turn|19
|
|detailschange|p1a: A2 Pictures|Gallade-Mega, M
|-mega|p1a: A2 Pictures|Gallade|Galladite
|move|p2a: Confusion Fu|Gunk Shot|p1a: A2 Pictures
|-damage|p1a: A2 Pictures|65\/277
|-status|p1a: A2 Pictures|psn
|-damage|p2a: Confusion Fu|201\/285|[from] item: Life Orb
|move|p1a: A2 Pictures|Close Combat|p2a: Confusion Fu
|-resisted|p2a: Confusion Fu
|-damage|p2a: Confusion Fu|10\/285
|-unboost|p1a: A2 Pictures|def|1
|-unboost|p1a: A2 Pictures|spd|1
|
|-damage|p1a: A2 Pictures|31\/277 psn|[from] psn
|turn|20
|c|âJustTheFx|._.
|c|âAnybodyAgrees|I should have gone to kyub there as well
|c|âJustTheFx|gg
|c|âAnybodyAgrees|I keep misclicking all day
|c|âAnybodyAgrees|gg
|c|âJustTheFx|that poison
|
|move|p1a: A2 Pictures|Shadow Sneak|p2a: Confusion Fu
|-damage|p2a: Confusion Fu|0 fnt
|faint|p2a: Confusion Fu
|
|-damage|p1a: A2 Pictures|0 fnt|[from] psn
|faint|p1a: A2 Pictures
|
|win|AnybodyAgrees
|c|âJustTheFx|so not a scarf kyub?