|join|AnybodyAgrees
|join|couka
|player|p1|AnybodyAgrees|109
|player|p2|couka|102
|gametype|singles
|gen|6
|tier|OU
|rated
|clearpoke
|poke|p1|Landorus, M
|poke|p1|Scizor, M
|poke|p1|Magneton
|poke|p1|Bisharp, F
|poke|p1|Kyurem-Black
|poke|p1|Thundurus, M
|poke|p2|Landorus-Therian, M
|poke|p2|Scolipede, F
|poke|p2|Gothitelle, F
|poke|p2|Metagross
|poke|p2|Manaphy
|poke|p2|Clefable, F
|rule|Swagger Clause: Swagger is banned
|rule|Baton Pass Clause: Limit one PokÃ©mon knowing Baton Pass
|rule|Sleep Clause Mod: Limit one foe put to sleep
|rule|Species Clause: Limit one of each PokÃ©mon
|rule|OHKO Clause: OHKO moves are banned
|rule|Moody Clause: Moody is banned
|rule|Evasion Moves Clause: Evasion moves are banned
|rule|Endless Battle Clause: Forcing endless battles is banned
|rule|HP Percentage Mod: HP is shown in percentages
|teampreview
|
|start
|switch|p1a: 4MSS at its finest|Landorus, M|319\/319
|switch|p2a: Scolipede|Scolipede, F|262\/262
|turn|1
|join|TossCheese
|leave|TossCheese
|
|move|p2a: Scolipede|Poison Jab|p1a: 4MSS at its finest
|-resisted|p1a: 4MSS at its finest
|-damage|p1a: 4MSS at its finest|257\/319
|move|p1a: 4MSS at its finest|Earth Power|p2a: Scolipede
|-enditem|p2a: Scolipede|Focus Sash
|-damage|p2a: Scolipede|1\/262
|
|-boost|p2a: Scolipede|spe|1|[from] ability: Speed Boost
|turn|2
|
|move|p2a: Scolipede|Protect|p2a: Scolipede
|-singleturn|p2a: Scolipede|Protect
|move|p1a: 4MSS at its finest|Stealth Rock|p2a: Scolipede
|-sidestart|p2: couka|move: Stealth Rock
|
|-boost|p2a: Scolipede|spe|1|[from] ability: Speed Boost
|turn|3
|
|move|p2a: Scolipede|Baton Pass|p2a: Scolipede
|
|switch|p2a: Manaphy|Manaphy|404\/404
|-damage|p2a: Manaphy|354\/404|[from] Stealth Rock
|move|p1a: 4MSS at its finest|Earth Power|p2a: Manaphy
|-damage|p2a: Manaphy|112\/404
|
|-heal|p2a: Manaphy|137\/404|[from] item: Leftovers
|turn|4
|
|move|p2a: Manaphy|Scald|p1a: 4MSS at its finest
|-supereffective|p1a: 4MSS at its finest
|-damage|p1a: 4MSS at its finest|0 fnt
|faint|p1a: 4MSS at its finest
|
|-heal|p2a: Manaphy|162\/404|[from] item: Leftovers
|
|switch|p1a: Bad Hair Day|Thundurus, M|299\/299
|turn|5
|
|move|p2a: Manaphy|Ice Beam|p1a: Bad Hair Day
|-supereffective|p1a: Bad Hair Day
|-damage|p1a: Bad Hair Day|49\/299
|move|p1a: Bad Hair Day|Thunderbolt|p2a: Manaphy
|-supereffective|p2a: Manaphy
|-damage|p2a: Manaphy|0 fnt
|-damage|p1a: Bad Hair Day|20\/299|[from] item: Life Orb
|faint|p2a: Manaphy
|
|
|switch|p2a: Landorus-Therian|Landorus-Therian, M|381\/381
|-damage|p2a: Landorus-Therian|334\/381|[from] Stealth Rock
|-ability|p2a: Landorus-Therian|Intimidate|[of] p1a: Bad Hair Day
|-unboost|p1a: Bad Hair Day|atk|1
|turn|6
|
|switch|p2a: Metagross|Metagross|301\/301
|-damage|p2a: Metagross|283\/301|[from] Stealth Rock
|move|p1a: Bad Hair Day|Hidden Power|p2a: Metagross
|-resisted|p2a: Metagross
|-damage|p2a: Metagross|234\/301
|-damage|p1a: Bad Hair Day|0 fnt|[from] item: Life Orb
|faint|p1a: Bad Hair Day
|
|
|switch|p1a: Fogged Power|Bisharp, F|272\/272
|turn|7
|
|detailschange|p2a: Metagross|Metagross-Mega
|-mega|p2a: Metagross|Metagross|Metagrossite
|move|p1a: Fogged Power|Sucker Punch|p2a: Metagross
|-supereffective|p2a: Metagross
|-damage|p2a: Metagross|0 fnt
|-damage|p1a: Fogged Power|245\/272|[from] item: Life Orb
|faint|p2a: Metagross
|
|
|switch|p2a: Landorus-Therian|Landorus-Therian, M|334\/381
|-damage|p2a: Landorus-Therian|287\/381|[from] Stealth Rock
|-ability|p2a: Landorus-Therian|Intimidate|[of] p1a: Fogged Power
|-unboost|p1a: Fogged Power|atk|1
|-boost|p1a: Fogged Power|atk|2|[from] ability: Defiant
|turn|8
|
|move|p1a: Fogged Power|Sucker Punch|p2a: Landorus-Therian
|-damage|p2a: Landorus-Therian|0 fnt
|-damage|p1a: Fogged Power|218\/272|[from] item: Life Orb
|faint|p2a: Landorus-Therian
|
|
|switch|p2a: Clefable|Clefable, F|394\/394
|turn|9
|
|move|p1a: Fogged Power|Iron Head|p2a: Clefable
|-supereffective|p2a: Clefable
|-damage|p2a: Clefable|0 fnt
|-damage|p1a: Fogged Power|191\/272|[from] item: Life Orb
|faint|p2a: Clefable
|
|-message|couka forfeited.
|leave|couka
|
|win|AnybodyAgrees
|raw|Ladder updating...
|player|p2
|raw|AnybodyAgrees's rating: 1669 &rarr; <strong>1683<\/strong><br \/>(+14 for winning)
|raw|couka's rating: 1554 &rarr; <strong>1541<\/strong><br \/>(-13 for losing)