|join|WebBowser
|join|AnybodyAgrees
|player|p1|WebBowser|92
|player|p2|AnybodyAgrees|109
|gametype|singles
|gen|6
|tier|OU
|rated
|clearpoke
|poke|p1|Scolipede, M
|poke|p1|Espeon, M
|poke|p1|Latios, M
|poke|p1|Terrakion
|poke|p1|Charizard, F
|poke|p1|Wobbuffet, F
|poke|p2|Landorus, M
|poke|p2|Altaria, F
|poke|p2|Magneton
|poke|p2|Bisharp, M
|poke|p2|Kyurem-Black
|poke|p2|Victini
|rule|Swagger Clause: Swagger is banned
|rule|Baton Pass Clause: Limit one PokÃ©mon knowing Baton Pass
|rule|Sleep Clause Mod: Limit one foe put to sleep
|rule|Species Clause: Limit one of each PokÃ©mon
|rule|OHKO Clause: OHKO moves are banned
|rule|Moody Clause: Moody is banned
|rule|Evasion Moves Clause: Evasion moves are banned
|rule|Endless Battle Clause: Forcing endless battles is banned
|rule|HP Percentage Mod: HP is shown in percentages
|teampreview
|c|âWebBowser|gl hf
|c|âAnybodyAgrees|ah, yay.
|
|start
|switch|p1a: Latios|Latios, M|364\/364
|switch|p2a: V-Splosions|Victini|341\/341
|turn|1
|c|âWebBowser|dw, you get awesome points for the magneton
|
|move|p2a: V-Splosions|U-turn|p1a: Latios
|-supereffective|p1a: Latios
|-damage|p1a: Latios|184\/364
|c|âAnybodyAgrees|been using it since OLT
|
|switch|p2a: 4MSS at its finest|Landorus, M|319\/319
|move|p1a: Latios|Reflect|p1a: Latios
|-sidestart|p1: WebBowser|Reflect
|
|turn|2
|
|move|p1a: Latios|Ice Beam|p2a: 4MSS at its finest
|-supereffective|p2a: 4MSS at its finest
|-damage|p2a: 4MSS at its finest|0 fnt
|faint|p2a: 4MSS at its finest
|
|c|âWebBowser|and that's why I run ice beam
|
|switch|p2a: Fogged Power|Bisharp, M|272\/272
|turn|3
|c|âAnybodyAgrees|expected screens + memento
|
|switch|p1a: Charizard|Charizard, F|359\/359
|move|p2a: Fogged Power|Knock Off|p1a: Charizard
|-damage|p1a: Charizard|258\/359
|-damage|p2a: Fogged Power|245\/272|[from] item: Life Orb
|
|turn|4
|
|switch|p2a: Le Overkill|Kyurem-Black|391\/391
|-ability|p2a: Le Overkill|Teravolt
|detailschange|p1a: Charizard|Charizard-Mega-X, F
|-mega|p1a: Charizard|Charizard|Charizardite X
|move|p1a: Charizard|Swords Dance|p1a: Charizard
|-boost|p1a: Charizard|atk|2
|
|turn|5
|
|move|p2a: Le Overkill|Outrage|p1a: Charizard
|-supereffective|p1a: Charizard
|-damage|p1a: Charizard|0 fnt
|faint|p1a: Charizard
|
|c|âAnybodyAgrees|haven't seen SD Tailwind since I last ran dragmag
|
|switch|p1a: Scolipede|Scolipede, M|323\/323
|turn|6
|
|move|p1a: Scolipede|Protect|p1a: Scolipede
|-singleturn|p1a: Scolipede|Protect
|move|p2a: Le Overkill|Outrage|p1a: Scolipede
|-activate|p1a: Scolipede|Protect
|
|-boost|p1a: Scolipede|spe|1|[from] ability: Speed Boost
|turn|7
|c|âWebBowser|that wasn't SD tailwind
|c|âWebBowser|that was bulky SD roost
|
|switch|p2a: Duckbird|Altaria, F|291\/291
|move|p1a: Scolipede|Iron Defense|p1a: Scolipede
|-boost|p1a: Scolipede|def|2
|
|-boost|p1a: Scolipede|spe|1|[from] ability: Speed Boost
|turn|8
|
|detailschange|p2a: Duckbird|Altaria-Mega, F
|-mega|p2a: Duckbird|Altaria|Altarianite
|move|p1a: Scolipede|Iron Defense|p1a: Scolipede
|-boost|p1a: Scolipede|def|2
|move|p2a: Duckbird|Dragon Dance|p2a: Duckbird
|-boost|p2a: Duckbird|atk|1
|-boost|p2a: Duckbird|spe|1
|
|-sideend|p1: WebBowser|Reflect
|-boost|p1a: Scolipede|spe|1|[from] ability: Speed Boost
|turn|9
|
|move|p1a: Scolipede|Substitute|p1a: Scolipede
|-start|p1a: Scolipede|Substitute
|-damage|p1a: Scolipede|243\/323
|move|p2a: Duckbird|Dragon Dance|p2a: Duckbird
|-boost|p2a: Duckbird|atk|1
|-boost|p2a: Duckbird|spe|1
|
|-boost|p1a: Scolipede|spe|1|[from] ability: Speed Boost
|turn|10
|
|move|p1a: Scolipede|Iron Defense|p1a: Scolipede
|-boost|p1a: Scolipede|def|2
|move|p2a: Duckbird|Dragon Dance|p2a: Duckbird
|-boost|p2a: Duckbird|atk|1
|-boost|p2a: Duckbird|spe|1
|
|-boost|p1a: Scolipede|spe|1|[from] ability: Speed Boost
|turn|11
|
|move|p1a: Scolipede|Baton Pass|p1a: Scolipede
|
|switch|p1a: Espeon|Espeon, M|334\/334
|move|p2a: Duckbird|Return|p1a: Espeon
|-end|p1a: Espeon|Substitute
|
|turn|12
|c|âWebBowser|wanna know a secret?
|c|âWebBowser|That latios was duel screens memento
|c|âAnybodyAgrees|sure
|c|âAnybodyAgrees|I know
|c|âWebBowser|it runs ice beam to troll genies
|c|âAnybodyAgrees|I could tell from turn 1
|
|move|p1a: Espeon|Calm Mind|p1a: Espeon
|-boost|p1a: Espeon|spa|1
|-boost|p1a: Espeon|spd|1
|move|p2a: Duckbird|Return|p1a: Espeon
|-damage|p1a: Espeon|186\/334
|
|-heal|p1a: Espeon|206\/334|[from] item: Leftovers
|turn|13
|c|âAnybodyAgrees|*from team preview*
|
|move|p1a: Espeon|Stored Power|p2a: Duckbird
|-damage|p2a: Duckbird|0 fnt
|faint|p2a: Duckbird
|
|-heal|p1a: Espeon|226\/334|[from] item: Leftovers
|c|âWebBowser|man, duckbird has power
|c|âAnybodyAgrees|just from looking at team preview I could tell what the latios was supposed to do
|
|switch|p2a: V-Splosions|Victini|341\/341
|turn|14
|c|âWebBowser|Hmmm, have you seen my RMT or did you just guess that on your own
|c|âWebBowser|?
|c|âAnybodyAgrees|was calcinc
|c|âWebBowser|fair enough
|c|âAnybodyAgrees|and I've faced you before
|c|âWebBowser|ahhhh, figured
|
|move|p1a: Espeon|Stored Power|p2a: V-Splosions
|-crit|p2a: V-Splosions
|-resisted|p2a: V-Splosions
|-damage|p2a: V-Splosions|0 fnt
|faint|p2a: V-Splosions
|
|-heal|p1a: Espeon|246\/334|[from] item: Leftovers
|c|âWebBowser|:(
|c|âAnybodyAgrees|iirc gleam kills sharp
|
|switch|p2a: Fogged Power|Bisharp, M|245\/272
|turn|15
|c|âAnybodyAgrees|+1 0 SpA Espeon Stored Power (280 BP) vs. 0 HP \/ 0 SpD Victini: 282-333 (82.6 - 97.6%) -- guaranteed 2HKO
|c|âAnybodyAgrees|I don't know your EVs, so I'm guessing
|
|move|p1a: Espeon|Dazzling Gleam|p2a: Fogged Power
|-damage|p2a: Fogged Power|97\/272
|move|p2a: Fogged Power|Knock Off|p1a: Espeon
|-supereffective|p1a: Espeon
|-damage|p1a: Espeon|113\/334
|-enditem|p1a: Espeon|Leftovers|[from] move: Knock Off|[of] p2a: Fogged Power
|-damage|p2a: Fogged Power|70\/272|[from] item: Life Orb
|
|turn|16
|c|âWebBowser|dang, and yes those are the EVs
|
|move|p1a: Espeon|Morning Sun|p1a: Espeon
|-heal|p1a: Espeon|280\/334
|move|p2a: Fogged Power|Swords Dance|p2a: Fogged Power
|-boost|p2a: Fogged Power|atk|2
|
|turn|17
|
|move|p2a: Fogged Power|Sucker Punch|p1a: Espeon
|-crit|p1a: Espeon
|-supereffective|p1a: Espeon
|-damage|p1a: Espeon|0 fnt
|-damage|p2a: Fogged Power|43\/272|[from] item: Life Orb
|faint|p1a: Espeon
|
|
|switch|p1a: Terrakion|Terrakion|323\/323
|turn|18
|c|âWebBowser|go go terrakion
|
|move|p2a: Fogged Power|Sucker Punch|p1a: Terrakion
|-resisted|p1a: Terrakion
|-damage|p1a: Terrakion|97\/323
|-boost|p1a: Terrakion|atk|1|[from] ability: Justified
|-damage|p2a: Fogged Power|16\/272|[from] item: Life Orb
|move|p1a: Terrakion|Close Combat|p2a: Fogged Power
|-supereffective|p2a: Fogged Power
|-damage|p2a: Fogged Power|0 fnt
|-unboost|p1a: Terrakion|def|1
|-unboost|p1a: Terrakion|spd|1
|faint|p2a: Fogged Power
|
|c|âAnybodyAgrees|if that's scarf
|c|âAnybodyAgrees|then gg
|
|switch|p2a: Not a typo|Magneton|242\/242
|turn|19
|
|switch|p1a: Latios|Latios, M|184\/364
|move|p2a: Not a typo|Volt Switch|p1a: Latios
|-resisted|p1a: Latios
|-damage|p1a: Latios|130\/364
|c|âWebBowser|but yah see... it's not
|
|switch|p2a: Le Overkill|Kyurem-Black|391\/391
|-ability|p2a: Le Overkill|Teravolt
|
|turn|20
|
|move|p1a: Latios|Memento|p2a: Le Overkill
|-unboost|p2a: Le Overkill|atk|2
|-unboost|p2a: Le Overkill|spa|2
|faint|p1a: Latios
|move|p2a: Le Overkill|Dragon Claw|p1: Latios|[notarget]
|-notarget
|
|c|âAnybodyAgrees|I misplayed
|
|switch|p1a: Terrakion|Terrakion|97\/323
|turn|21
|c|âWebBowser|still vgg
|
|move|p1a: Terrakion|Close Combat|p2a: Le Overkill
|-supereffective|p2a: Le Overkill
|-damage|p2a: Le Overkill|0 fnt
|-unboost|p1a: Terrakion|def|1
|-unboost|p1a: Terrakion|spd|1
|faint|p2a: Le Overkill
|
|c|âWebBowser|and you got haxed a bit
|
|switch|p2a: Not a typo|Magneton|242\/242
|turn|22
|c|âAnybodyAgrees|I can win if I para wobbuffet
|
|move|p2a: Not a typo|Thunderbolt|p1a: Terrakion
|-damage|p1a: Terrakion|0 fnt
|faint|p1a: Terrakion
|
|c|âWebBowser|can you even 2hko wobb?
|c|âAnybodyAgrees|no
|
|switch|p1a: Oh no it's|Wobbuffet, F|584\/584
|turn|23
|c|âWebBowser|that would be impressive
|c|âWebBowser|but I figured not
|c|âAnybodyAgrees|252 SpA Magneton Thunderbolt vs. 52 HP \/ 224 SpD Wobbuffet: 159-187 (29.7 - 35%) -- guaranteed 4HKO after Leftovers recovery
|
|move|p2a: Not a typo|Thunderbolt|p1a: Oh no it's
|-damage|p1a: Oh no it's|419\/584
|-status|p1a: Oh no it's|par
|cant|p1a: Oh no it's|par
|
|turn|24
|c|âWebBowser|yeah, you need mad hax to win
|c|âAnybodyAgrees|it begins
|
|move|p2a: Not a typo|Thunderbolt|p1a: Oh no it's
|-damage|p1a: Oh no it's|254\/584 par
|-enditem|p1a: Oh no it's|Sitrus Berry|[eat]
|-heal|p1a: Oh no it's|400\/584 par|[from] item: Sitrus Berry
|move|p1a: Oh no it's|Mirror Coat|p2a: Not a typo
|-damage|p2a: Not a typo|0 fnt
|faint|p2a: Not a typo
|
|win|WebBowser
|raw|Ladder updating...
|c|âWebBowser|and mad hax you may get
|raw|WebBowser's rating: 1586 &rarr; <strong>1610<\/strong><br \/>(+24 for winning)
|raw|AnybodyAgrees's rating: 1647 &rarr; <strong>1624<\/strong><br \/>(-23 for losing)
|c|âWebBowser|nope
|c|âWebBowser|vgg anyway
|leave|AnybodyAgrees
|player|p2