|join|sonyfan
|join|AnybodyAgrees
|player|p1|sonyfan|102
|player|p2|AnybodyAgrees|109
|gametype|singles
|gen|6
|tier|OU
|rated
|clearpoke
|poke|p1|Bisharp, F
|poke|p1|Latios, M
|poke|p1|Gengar, F
|poke|p1|Greninja, F
|poke|p1|Diancie
|poke|p1|Ferrothorn, F
|poke|p2|Landorus, M
|poke|p2|Altaria, M
|poke|p2|Magneton
|poke|p2|Bisharp, M
|poke|p2|Kyurem-Black
|poke|p2|Greninja, M
|rule|Swagger Clause: Swagger is banned
|rule|Baton Pass Clause: Limit one PokÃ©mon knowing Baton Pass
|rule|Sleep Clause Mod: Limit one foe put to sleep
|rule|Species Clause: Limit one of each PokÃ©mon
|rule|OHKO Clause: OHKO moves are banned
|rule|Moody Clause: Moody is banned
|rule|Evasion Moves Clause: Evasion moves are banned
|rule|Endless Battle Clause: Forcing endless battles is banned
|rule|HP Percentage Mod: HP is shown in percentages
|teampreview
|
|start
|switch|p1a: Greninja|Greninja, F|285\/285
|switch|p2a: 4MSS at its finest|Landorus, M|319\/319
|turn|1
|
|move|p1a: Greninja|Ice Beam|p2a: 4MSS at its finest
|-start|p1a: Greninja|typechange|Ice|[from] Protean
|-supereffective|p2a: 4MSS at its finest
|-damage|p2a: 4MSS at its finest|0 fnt
|-damage|p1a: Greninja|257\/285|[from] item: Life Orb
|faint|p2a: 4MSS at its finest
|
|
|switch|p2a: Not a typo|Magneton|242\/242
|turn|2
|
|switch|p1a: Ferrothorn|Ferrothorn, F|350\/350
|move|p2a: Not a typo|Volt Switch|p1a: Ferrothorn
|-resisted|p1a: Ferrothorn
|-damage|p1a: Ferrothorn|304\/350
|
|switch|p2a: Fogged Power|Bisharp, M|272\/272
|
|turn|3
|
|move|p2a: Fogged Power|Swords Dance|p2a: Fogged Power
|-boost|p2a: Fogged Power|atk|2
|move|p1a: Ferrothorn|Thunder Wave|p2a: Fogged Power
|-status|p2a: Fogged Power|par
|
|turn|4
|
|move|p1a: Ferrothorn|Stealth Rock|p2a: Fogged Power
|-sidestart|p2: AnybodyAgrees|move: Stealth Rock
|move|p2a: Fogged Power|Knock Off|p1a: Ferrothorn
|-damage|p1a: Ferrothorn|0 fnt
|-damage|p2a: Fogged Power|238\/272 par|[from] ability: Iron Barbs|[of] p1a: Ferrothorn
|-damage|p2a: Fogged Power|193\/272 par|[from] item: Rocky Helmet|[of] p1a: Ferrothorn
|-enditem|p1a: Ferrothorn|Rocky Helmet|[from] move: Knock Off|[of] p2a: Fogged Power
|-damage|p2a: Fogged Power|166\/272 par|[from] item: Life Orb
|faint|p1a: Ferrothorn
|
|c|âAnybodyAgrees|speed investment new meta
|c|âsonyfan|i have power whip XD
|
|switch|p1a: Diancie|Diancie|258\/258
|turn|5
|c|âAnybodyAgrees|even with power whip
|c|âAnybodyAgrees|uninvested is better
|
|detailschange|p1a: Diancie|Diancie-Mega
|-mega|p1a: Diancie|Diancie|Diancite
|move|p2a: Fogged Power|Sucker Punch|p1a: Diancie
|-resisted|p1a: Diancie
|-damage|p1a: Diancie|85\/258
|-damage|p2a: Fogged Power|139\/272 par|[from] item: Life Orb
|move|p1a: Diancie|Moonblast|p2a: Fogged Power
|-damage|p2a: Fogged Power|0 fnt
|faint|p2a: Fogged Power
|
|c|âsonyfan|I dont run speed
|c|âsonyfan|it just has 31 in speed
|c|âAnybodyAgrees|I meant running 0 IVs and a -speed nature
|c|âsonyfan|u need a defogger maybe after greninjas ban replace greninja wih latioes earthquake
|
|switch|p2a: Confusion Fu|Greninja, M|285\/285
|-damage|p2a: Confusion Fu|250\/285|[from] Stealth Rock
|turn|6
|c|âAnybodyAgrees|I don't really need a defogger
|c|âAnybodyAgrees|and I can't fit one onto my team
|
|switch|p1a: Bisharp|Bisharp, F|271\/271
|move|p2a: Confusion Fu|Low Kick|p1a: Bisharp
|-start|p2a: Confusion Fu|typechange|Fighting|[from] Protean
|-supereffective|p1a: Bisharp
|-damage|p1a: Bisharp|0 fnt
|-damage|p2a: Confusion Fu|222\/285|[from] item: Life Orb
|faint|p1a: Bisharp
|
|c|âsonyfan|Yes u need
|c|âsonyfan|greninja will get the ban hammer in some hours
|c|âAnybodyAgrees|What I actually need more than a defogger
|c|âAnybodyAgrees|is a good counter to lopunny
|c|âsonyfan|and Kyerum and altarias needs defog
|
|switch|p1a: Gengar|Gengar, F|261\/261
|turn|7
|
|switch|p2a: Not a typo|Magneton|242\/242
|-damage|p2a: Not a typo|227\/242|[from] Stealth Rock
|move|p1a: Gengar|Shadow Ball|p2a: Not a typo
|-damage|p2a: Not a typo|29\/242
|
|turn|8
|c|âsonyfan|Every team has problems with lopunni
|
|move|p1a: Gengar|Shadow Ball|p2a: Not a typo
|-damage|p2a: Not a typo|0 fnt
|faint|p2a: Not a typo
|
|c|âsonyfan|4 example this team is also weak to lopunni
|c|âsonyfan|but i dont care because i cant change nothing and if i change ferro to lando i become weaker to rain and fairys
|c|âsonyfan|But yeah latios can fit in ur team
|
|switch|p2a: Le Overkill|Kyurem-Black|391\/391
|-damage|p2a: Le Overkill|294\/391|[from] Stealth Rock
|-ability|p2a: Le Overkill|Teravolt
|turn|9
|c|âsonyfan|he provides defog a resistance to fighting and is a dragon
|c|âAnybodyAgrees|Who do I replace
|
|switch|p1a: Latios|Latios, M|301\/301
|move|p2a: Le Overkill|Iron Head|p1a: Latios
|-crit|p1a: Latios
|-damage|p1a: Latios|0 fnt
|faint|p1a: Latios
|
|c|âAnybodyAgrees|if you think he can fit on my team
|c|âsonyfan|Greninja will get the ban
|c|âAnybodyAgrees|yes, but before he does
|
|switch|p1a: Greninja|Greninja, F|257\/285
|turn|10
|c|âsonyfan|Bisharp
|
|switch|p2a: Duckbird?|Altaria, M|291\/291
|-damage|p2a: Duckbird?|219\/291|[from] Stealth Rock
|move|p1a: Greninja|Low Kick|p2a: Duckbird?
|-start|p1a: Greninja|typechange|Fighting|[from] Protean
|-resisted|p2a: Duckbird?
|-damage|p2a: Duckbird?|183\/291
|-damage|p1a: Greninja|229\/285|[from] item: Life Orb
|
|turn|11
|
|detailschange|p2a: Duckbird?|Altaria-Mega, M
|-mega|p2a: Duckbird?|Altaria|Altarianite
|move|p1a: Greninja|Ice Beam|p2a: Duckbird?
|-start|p1a: Greninja|typechange|Ice|[from] Protean
|-supereffective|p2a: Duckbird?
|-damage|p2a: Duckbird?|0 fnt
|-damage|p1a: Greninja|201\/285|[from] item: Life Orb
|faint|p2a: Duckbird?
|
|
|switch|p2a: Confusion Fu|Greninja, M|222\/285
|-damage|p2a: Confusion Fu|187\/285|[from] Stealth Rock
|turn|12
|
|switch|p1a: Diancie|Diancie-Mega|85\/258
|move|p2a: Confusion Fu|Dark Pulse|p1a: Diancie
|-start|p2a: Confusion Fu|typechange|Dark|[from] Protean
|-resisted|p1a: Diancie
|-damage|p1a: Diancie|2\/258
|-damage|p2a: Confusion Fu|159\/285|[from] item: Life Orb
|
|turn|13
|
|move|p2a: Confusion Fu|Dark Pulse|p1a: Diancie
|-resisted|p1a: Diancie
|-damage|p1a: Diancie|0 fnt
|-damage|p2a: Confusion Fu|131\/285|[from] item: Life Orb
|faint|p1a: Diancie
|
|
|switch|p1a: Gengar|Gengar, F|261\/261
|turn|14
|c|âAnybodyAgrees|gg
|c|âsonyfan|gg
|
|move|p1a: Gengar|Thunderbolt|p2a: Confusion Fu
|-damage|p2a: Confusion Fu|0 fnt
|faint|p2a: Confusion Fu
|
|
|switch|p2a: Le Overkill|Kyurem-Black|294\/391
|-damage|p2a: Le Overkill|197\/391|[from] Stealth Rock
|-ability|p2a: Le Overkill|Teravolt
|turn|15
|
|switch|p1a: Greninja|Greninja, F|201\/285
|move|p2a: Le Overkill|Fusion Bolt|p1a: Greninja
|-supereffective|p1a: Greninja
|-damage|p1a: Greninja|0 fnt
|faint|p1a: Greninja
|
|c|âAnybodyAgrees|oml
|c|âAnybodyAgrees|thanks for giving me a chance
|
|switch|p1a: Gengar|Gengar, F|261\/261
|turn|16
|c|âAnybodyAgrees|please miss
|c|âsonyfan|Fuck hahaha shadow ball doesnt kill
|c|âsonyfan|I could have go to focus miss with greninja and end the match but 2 in a row is impossible :S
|
|move|p1a: Gengar|Focus Blast|p2a: Le Overkill
|-supereffective|p2a: Le Overkill
|-damage|p2a: Le Overkill|0 fnt
|faint|p2a: Le Overkill
|
|win|sonyfan
|raw|Ladder updating...
|raw|sonyfan's rating: 1556 &rarr; <strong>1578<\/strong><br \/>(+22 for winning)
|raw|AnybodyAgrees's rating: 1595 &rarr; <strong>1572<\/strong><br \/>(-23 for losing)
|c|âsonyfan|thanks god