|join|overpowered mess
|join|Reverb
|player|p1|overpowered mess|92
|player|p2|Reverb|#reverb
|gametype|singles
|gen|6
|tier|OU
|rated
|clearpoke
|poke|p1|Scizor, F
|poke|p1|Gothitelle, F
|poke|p1|Landorus, M
|poke|p1|Azumarill, F
|poke|p1|Serperior, F
|poke|p1|Conkeldurr, F
|poke|p2|Charizard, F, shiny
|poke|p2|Venusaur, M, shiny
|poke|p2|Tyranitar, F
|poke|p2|Excadrill, M
|poke|p2|Ferrothorn, M
|poke|p2|Keldeo
|rule|Swagger Clause: Swagger is banned
|rule|Baton Pass Clause: Limit one PokÃ©mon knowing Baton Pass
|rule|Sleep Clause Mod: Limit one foe put to sleep
|rule|Species Clause: Limit one of each PokÃ©mon
|rule|OHKO Clause: OHKO moves are banned
|rule|Moody Clause: Moody is banned
|rule|Evasion Moves Clause: Evasion moves are banned
|rule|Endless Battle Clause: Forcing endless battles is banned
|rule|HP Percentage Mod: HP is shown in percentages
|teampreview
|join|Dragonite VII
|
|start
|switch|p1a: Conkeldurr|Conkeldurr, F|377\/377
|switch|p2a: Charizard|Charizard, F, shiny|297\/297
|turn|1
|join|Zamrock
|join|Jukain
|
|detailschange|p2a: Charizard|Charizard-Mega-Y, F, shiny
|-mega|p2a: Charizard|Charizard|Charizardite Y
|-weather|SunnyDay
|move|p2a: Charizard|Flamethrower|p1a: Conkeldurr
|-damage|p1a: Conkeldurr|152\/377
|move|p1a: Conkeldurr|Knock Off|p2a: Charizard
|-damage|p2a: Charizard|174\/297
|
|-weather|SunnyDay|[upkeep]
|turn|2
|join|nge
|join|weeslayer
|join|Yuttt.annual
|join|Bloodz
|join|fingerscrossed
|
|move|p2a: Charizard|Flamethrower|p1a: Conkeldurr
|-damage|p1a: Conkeldurr|0 fnt
|faint|p1a: Conkeldurr
|
|-weather|SunnyDay|[upkeep]
|c| weeslayer|so many spectators
|c|+fingerscrossed|mess
|
|switch|p1a: Landorus|Landorus, M|319\/319
|turn|3
|c|+fingerscrossed|i might suggest a zard y switch in
|
|move|p1a: Landorus|Sludge Wave|p2a: Charizard
|-damage|p2a: Charizard|8\/297
|move|p2a: Charizard|Flamethrower|p1a: Landorus
|-damage|p1a: Landorus|0 fnt
|faint|p1a: Landorus
|
|-weather|SunnyDay|[upkeep]
|c|+Jukain|yea
|
|switch|p1a: Azumarill|Azumarill, F|402\/402
|turn|4
|c|+Jukain|this is lookin like
|c|+Jukain|pokeaim ost
|
|switch|p2a: Ferrothorn|Ferrothorn, M|352\/352
|move|p1a: Azumarill|Aqua Jet|p2a: Ferrothorn
|-resisted|p2a: Ferrothorn
|-damage|p2a: Ferrothorn|337\/352
|-damage|p1a: Azumarill|352\/402|[from] ability: Iron Barbs|[of] p2a: Ferrothorn
|
|-weather|SunnyDay|[upkeep]
|-heal|p2a: Ferrothorn|352\/352|[from] item: Leftovers
|turn|5
|
|switch|p1a: Gothitelle|Gothitelle, F|343\/343
|move|p2a: Ferrothorn|Stealth Rock|p1a: Gothitelle
|-sidestart|p1: overpowered mess|move: Stealth Rock
|
|-weather|none
|turn|6
|c|+Jukain|replace force of nature with
|
|move|p2a: Ferrothorn|Protect|p2a: Ferrothorn
|-singleturn|p2a: Ferrothorn|Protect
|move|p1a: Gothitelle|Hidden Power|p2a: Ferrothorn
|-activate|p2a: Ferrothorn|Protect
|
|turn|7
|c|+Jukain|DOUBLE WEATHER: A TEAM BY TESUNG
|
|move|p1a: Gothitelle|Hidden Power|p2a: Ferrothorn
|-supereffective|p2a: Ferrothorn
|-damage|p2a: Ferrothorn|48\/352
|move|p2a: Ferrothorn|Gyro Ball|p1a: Gothitelle
|-damage|p1a: Gothitelle|219\/343
|
|-heal|p2a: Ferrothorn|70\/352|[from] item: Leftovers
|turn|8
|
|move|p2a: Ferrothorn|Protect|p2a: Ferrothorn
|-singleturn|p2a: Ferrothorn|Protect
|move|p1a: Gothitelle|Hidden Power|p2a: Ferrothorn
|-activate|p2a: Ferrothorn|Protect
|
|-heal|p2a: Ferrothorn|92\/352|[from] item: Leftovers
|turn|9
|
|move|p1a: Gothitelle|Hidden Power|p2a: Ferrothorn
|-supereffective|p2a: Ferrothorn
|-damage|p2a: Ferrothorn|0 fnt
|faint|p2a: Ferrothorn
|
|
|switch|p2a: Tyranitar|Tyranitar, F|382\/382
|-weather|Sandstorm
|turn|10
|join|I Iike Squirtles
|
|move|p2a: Tyranitar|Pursuit|p1a: Gothitelle
|-supereffective|p1a: Gothitelle
|-damage|p1a: Gothitelle|0 fnt
|faint|p1a: Gothitelle
|
|-weather|Sandstorm|[upkeep]
|
|switch|p1a: Serperior|Serperior, F|291\/291
|-damage|p1a: Serperior|255\/291|[from] Stealth Rock
|turn|11
|
|switch|p2a: Venusaur|Venusaur, M, shiny|319\/319
|move|p1a: Serperior|Leaf Storm|p2a: Venusaur|[miss]
|-miss|p1a: Serperior|p2a: Venusaur
|
|-weather|Sandstorm|[upkeep]
|-damage|p1a: Serperior|237\/291|[from] sandstorm
|-damage|p2a: Venusaur|300\/319|[from] sandstorm
|-heal|p1a: Serperior|255\/291|[from] item: Leftovers
|turn|12
|
|move|p1a: Serperior|Substitute|p1a: Serperior
|-start|p1a: Serperior|Substitute
|-damage|p1a: Serperior|183\/291
|move|p2a: Venusaur|Sludge Bomb|p1a: Serperior
|-supereffective|p1a: Serperior
|-end|p1a: Serperior|Substitute
|-damage|p2a: Venusaur|269\/319|[from] item: Life Orb
|
|-weather|Sandstorm|[upkeep]
|-damage|p1a: Serperior|165\/291|[from] sandstorm
|-damage|p2a: Venusaur|250\/319|[from] sandstorm
|-heal|p1a: Serperior|183\/291|[from] item: Leftovers
|turn|13
|c| Yuttt.annual|sub serperior
|c| Yuttt.annual|all around today
|join|req'd by crobro
|c|âReverb|..
|
|switch|p1a: Azumarill|Azumarill, F|352\/402
|-damage|p1a: Azumarill|302\/402|[from] Stealth Rock
|move|p2a: Venusaur|Sludge Bomb|p1a: Azumarill
|-supereffective|p1a: Azumarill
|-damage|p1a: Azumarill|0 fnt
|-damage|p2a: Venusaur|219\/319|[from] item: Life Orb
|faint|p1a: Azumarill
|
|-weather|Sandstorm|[upkeep]
|-damage|p2a: Venusaur|200\/319|[from] sandstorm
|
|switch|p1a: Scizor|Scizor, F|320\/320
|-damage|p1a: Scizor|280\/320|[from] Stealth Rock
|turn|14
|
|detailschange|p1a: Scizor|Scizor-Mega, F
|-mega|p1a: Scizor|Scizor|Scizorite
|move|p1a: Scizor|Bullet Punch|p2a: Venusaur
|-damage|p2a: Venusaur|53\/319
|move|p2a: Venusaur|Hidden Power|p1a: Scizor
|-supereffective|p1a: Scizor
|-damage|p1a: Scizor|0 fnt
|-damage|p2a: Venusaur|22\/319|[from] item: Life Orb
|faint|p1a: Scizor
|
|-weather|none
|
|switch|p1a: Serperior|Serperior, F|183\/291
|-damage|p1a: Serperior|147\/291|[from] Stealth Rock
|turn|15
|
|move|p1a: Serperior|Hidden Power|p2a: Venusaur
|-damage|p2a: Venusaur|0 fnt
|faint|p2a: Venusaur
|
|-heal|p1a: Serperior|165\/291|[from] item: Leftovers
|c| Yuttt.annual|rofl
|
|switch|p2a: Tyranitar|Tyranitar, F|382\/382
|-weather|Sandstorm
|turn|16
|
|move|p1a: Serperior|Leaf Storm|p2a: Tyranitar
|-supereffective|p2a: Tyranitar
|-damage|p2a: Tyranitar|158\/382
|-boost|p1a: Serperior|spa|2
|move|p2a: Tyranitar|Crunch|p1a: Serperior
|-damage|p1a: Serperior|0 fnt
|faint|p1a: Serperior
|
|win|Reverb
|raw|Ladder updating...
|raw|overpowered mess's rating: 1604 &rarr; <strong>1586<\/strong><br \/>(-18 for losing)
|raw|Reverb's rating: 1639 &rarr; <strong>1657<\/strong><br \/>(+18 for winning)
|c| Yuttt.annual|sub overgrow
|c| Yuttt.annual|imo
|leave|Yuttt.annual