|join|overpowered mess
|join|King0fKnights
|player|p1|overpowered mess|92
|player|p2|King0fKnights|249
|gametype|singles
|gen|6
|tier|OU
|rated
|clearpoke
|poke|p1|Scizor, M
|poke|p1|Gothitelle, F
|poke|p1|Landorus, M
|poke|p1|Rotom-Wash
|poke|p1|Serperior, F
|poke|p1|Heatran, F
|poke|p2|Bisharp, F, shiny
|poke|p2|Gallade, M, shiny
|poke|p2|Slowbro, F
|poke|p2|Clefable, F
|poke|p2|Excadrill, M
|poke|p2|Scizor, M
|rule|Swagger Clause: Swagger is banned
|rule|Baton Pass Clause: Limit one PokÃ©mon knowing Baton Pass
|rule|Sleep Clause Mod: Limit one foe put to sleep
|rule|Species Clause: Limit one of each PokÃ©mon
|rule|OHKO Clause: OHKO moves are banned
|rule|Moody Clause: Moody is banned
|rule|Evasion Moves Clause: Evasion moves are banned
|rule|Endless Battle Clause: Forcing endless battles is banned
|rule|HP Percentage Mod: HP is shown in percentages
|teampreview
|
|start
|switch|p1a: Heatran|Heatran, F|367\/367
|switch|p2a: Gallade|Gallade, M, shiny|277\/277
|turn|1
|
|detailschange|p2a: Gallade|Gallade-Mega, M, shiny
|-mega|p2a: Gallade|Gallade|Galladite
|move|p2a: Gallade|Skill Swap|p1a: Heatran
|-activate|p2a: Gallade|move: Skill Swap|Flash Fire|Inner Focus|[of] p1a: Heatran
|move|p1a: Heatran|Stealth Rock|p2a: Gallade
|-sidestart|p2: King0fKnights|move: Stealth Rock
|
|turn|2
|
|move|p2a: Gallade|Swords Dance|p2a: Gallade
|-boost|p2a: Gallade|atk|2
|move|p1a: Heatran|Earth Power|p2a: Gallade
|-damage|p2a: Gallade|179\/277
|
|turn|3
|
|move|p2a: Gallade|Knock Off|p1a: Heatran
|-damage|p1a: Heatran|107\/367
|-enditem|p1a: Heatran|Leftovers|[from] move: Knock Off|[of] p2a: Gallade
|move|p1a: Heatran|Earth Power|p2a: Gallade
|-damage|p2a: Gallade|77\/277
|
|turn|4
|
|move|p2a: Gallade|Knock Off|p1a: Heatran
|-damage|p1a: Heatran|0 fnt
|faint|p1a: Heatran
|
|
|switch|p1a: Scizor|Scizor, M|320\/320
|turn|5
|
|switch|p2a: Scizor|Scizor, M|343\/343
|-damage|p2a: Scizor|301\/343|[from] Stealth Rock
|detailschange|p1a: Scizor|Scizor-Mega, M
|-mega|p1a: Scizor|Scizor|Scizorite
|move|p1a: Scizor|Bullet Punch|p2a: Scizor
|-resisted|p2a: Scizor
|-damage|p2a: Scizor|238\/343
|
|turn|6
|
|move|p1a: Scizor|Swords Dance|p1a: Scizor
|-boost|p1a: Scizor|atk|2
|move|p2a: Scizor|U-turn|p1a: Scizor
|-resisted|p1a: Scizor
|-damage|p1a: Scizor|237\/320
|
|switch|p2a: Excadrill|Excadrill, M|361\/361
|-damage|p2a: Excadrill|350\/361|[from] Stealth Rock
|-ability|p2a: Excadrill|Mold Breaker
|
|turn|7
|
|move|p2a: Excadrill|Earthquake|p1a: Scizor
|-damage|p1a: Scizor|99\/320
|move|p1a: Scizor|Superpower|p2a: Excadrill
|-crit|p2a: Excadrill
|-supereffective|p2a: Excadrill
|-damage|p2a: Excadrill|0 fnt
|-unboost|p1a: Scizor|atk|1
|-unboost|p1a: Scizor|def|1
|faint|p2a: Excadrill
|
|
|switch|p2a: Bisharp|Bisharp, F, shiny|271\/271
|-damage|p2a: Bisharp|255\/271|[from] Stealth Rock
|turn|8
|
|switch|p1a: Rotom-Wash|Rotom-Wash|304\/304
|move|p2a: Bisharp|Knock Off|p1a: Rotom-Wash
|-damage|p1a: Rotom-Wash|115\/304
|-enditem|p1a: Rotom-Wash|Leftovers|[from] move: Knock Off|[of] p2a: Bisharp
|
|turn|9
|
|move|p2a: Bisharp|Swords Dance|p2a: Bisharp
|-boost|p2a: Bisharp|atk|2
|move|p1a: Rotom-Wash|Will-O-Wisp|p2a: Bisharp
|-status|p2a: Bisharp|brn
|-enditem|p2a: Bisharp|Lum Berry|[eat]
|-curestatus|p2a: Bisharp|brn
|
|turn|10
|
|move|p2a: Bisharp|Knock Off|p1a: Rotom-Wash
|-damage|p1a: Rotom-Wash|0 fnt
|faint|p1a: Rotom-Wash
|
|
|switch|p1a: Serperior|Serperior, F|291\/291
|turn|11
|
|move|p2a: Bisharp|Sucker Punch|p1a: Serperior
|-damage|p1a: Serperior|0 fnt
|faint|p1a: Serperior
|
|c|âKing0fKnights|gg
|
|switch|p1a: Landorus|Landorus, M|319\/319
|turn|12
|
|move|p2a: Bisharp|Sucker Punch|p1a: Landorus
|-damage|p1a: Landorus|0 fnt
|faint|p1a: Landorus
|
|
|switch|p1a: Scizor|Scizor-Mega, M|99\/320
|turn|13
|
|move|p2a: Bisharp|Knock Off|p1a: Scizor
|-damage|p1a: Scizor|0 fnt
|faint|p1a: Scizor
|
|
|switch|p1a: Gothitelle|Gothitelle, F|343\/343
|turn|14
|
|move|p2a: Bisharp|Knock Off|p1a: Gothitelle
|-supereffective|p1a: Gothitelle
|-damage|p1a: Gothitelle|0 fnt
|-enditem|p1a: Gothitelle|Choice Specs|[from] move: Knock Off|[of] p2a: Bisharp
|faint|p1a: Gothitelle
|
|win|King0fKnights
|raw|Ladder updating...
|raw|overpowered mess's rating: 1585 &rarr; <strong>1559<\/strong><br \/>(-26 for losing)
|raw|King0fKnights's rating: 1482 &rarr; <strong>1507<\/strong><br \/>(+25 for winning)