|join|Jafalx
|join|udhsroyals
|player|p1|Jafalx|135
|player|p2|udhsroyals|70
|gametype|singles
|gen|6
|tier|UU
|rated
|rule|Sleep Clause Mod: Limit one foe put to sleep
|rule|Species Clause: Limit one of each PokÃ©mon
|rule|OHKO Clause: OHKO moves are banned
|rule|Moody Clause: Moody is banned
|rule|Evasion Moves Clause: Evasion moves are banned
|rule|Endless Battle Clause: Forcing endless battles is banned
|rule|HP Percentage Mod: HP is shown in percentages
|clearpoke
|poke|p1|Mienshao, M
|poke|p1|Nidoking, M
|poke|p1|Entei, shiny
|poke|p1|Hydreigon, M
|poke|p1|Empoleon, F, shiny
|poke|p1|Florges, F
|poke|p2|Diancie
|poke|p2|Chesnaught, M
|poke|p2|Arcanine, M
|poke|p2|Blissey, F
|poke|p2|Forretress, F
|poke|p2|Suicune
|rule|Swagger Clause: Swagger is banned
|rule|Baton Pass Clause: Limit one PokÃ©mon knowing Baton Pass
|teampreview
|
|start
|switch|p1a: Mienshao|Mienshao, M|271\/271
|switch|p2a: Suicune|Suicune|404\/404
|-ability|p2a: Suicune|Pressure
|turn|1
|
|move|p1a: Mienshao|Knock Off|p2a: Suicune
|-damage|p2a: Suicune|316\/404
|-enditem|p2a: Suicune|Leftovers|[from] move: Knock Off|[of] p1a: Mienshao
|move|p2a: Suicune|Calm Mind|p2a: Suicune
|-boost|p2a: Suicune|spa|1
|-boost|p2a: Suicune|spd|1
|
|turn|2
|
|switch|p1a: Empoleon|Empoleon, F, shiny|372\/372
|move|p2a: Suicune|Calm Mind|p2a: Suicune
|-boost|p2a: Suicune|spa|1
|-boost|p2a: Suicune|spd|1
|
|turn|3
|
|move|p2a: Suicune|Scald|p1a: Empoleon
|-resisted|p1a: Empoleon
|-damage|p1a: Empoleon|287\/372
|-status|p1a: Empoleon|brn
|move|p1a: Empoleon|Roar|p2a: Suicune
|drag|p2a: Blissey|Blissey, F|714\/714
|
|-heal|p1a: Empoleon|310\/372 brn|[from] item: Leftovers
|-damage|p1a: Empoleon|264\/372 brn|[from] brn
|turn|4
|
|switch|p1a: Florges|Florges, F|360\/360
|switch|p2a: Forretress|Forretress, F|354\/354
|
|turn|5
|
|move|p1a: Florges|Aromatherapy|p1a: Florges
|-cureteam|p1a: Florges|[from] move: Aromatherapy
|move|p2a: Forretress|Stealth Rock|p1a: Florges
|-sidestart|p1: Jafalx|move: Stealth Rock
|
|turn|6
|
|switch|p1a: Empoleon|Empoleon, F, shiny|264\/372
|-damage|p1a: Empoleon|241\/372|[from] Stealth Rock
|move|p2a: Forretress|Spikes|p1a: Empoleon
|-sidestart|p1: Jafalx|Spikes
|
|-heal|p1a: Empoleon|264\/372|[from] item: Leftovers
|turn|7
|
|switch|p2a: Chesnaught|Chesnaught, M|380\/380
|move|p1a: Empoleon|Defog|p2a: Chesnaught
|-unboost|p2a: Chesnaught|evasion|1
|-sideend|p1: Jafalx|Spikes|[from] move: Defog|[of] p1a: Empoleon
|-sideend|p1: Jafalx|Stealth Rock|[from] move: Defog|[of] p1a: Empoleon
|
|-heal|p1a: Empoleon|287\/372|[from] item: Leftovers
|turn|8
|
|switch|p1a: Nidoking|Nidoking, M|304\/304
|move|p2a: Chesnaught|Seed Bomb|p1a: Nidoking
|-damage|p1a: Nidoking|132\/304
|
|turn|9
|
|switch|p1a: Mienshao|Mienshao, M|271\/271
|move|p2a: Chesnaught|Earthquake|p1a: Mienshao
|-damage|p1a: Mienshao|92\/271
|
|turn|10
|
|switch|p1a: Nidoking|Nidoking, M|132\/304
|move|p2a: Chesnaught|Drain Punch|p1a: Nidoking
|-resisted|p1a: Nidoking
|-damage|p1a: Nidoking|49\/304
|
|turn|11
|
|move|p1a: Nidoking|Sludge Wave|p2a: Chesnaught
|-supereffective|p2a: Chesnaught
|-damage|p2a: Chesnaught|0 fnt
|faint|p2a: Chesnaught
|
|
|switch|p2a: Arcanine|Arcanine, M|384\/384
|-ability|p2a: Arcanine|Intimidate|[of] p1a: Nidoking
|-unboost|p1a: Nidoking|atk|1
|turn|12
|
|switch|p1a: Florges|Florges, F|360\/360
|move|p2a: Arcanine|Extreme Speed|p1a: Florges
|-damage|p1a: Florges|297\/360
|
|-heal|p1a: Florges|319\/360|[from] item: Leftovers
|turn|13
|
|switch|p2a: Suicune|Suicune|316\/404
|-ability|p2a: Suicune|Pressure
|move|p1a: Florges|Protect|p1a: Florges
|-fail|p1a: Florges
|
|-heal|p1a: Florges|341\/360|[from] item: Leftovers
|turn|14
|
|switch|p1a: Nidoking|Nidoking, M|49\/304
|move|p2a: Suicune|Calm Mind|p2a: Suicune
|-boost|p2a: Suicune|spa|1
|-boost|p2a: Suicune|spd|1
|
|turn|15
|
|move|p1a: Nidoking|Thunderbolt|p2a: Suicune
|-supereffective|p2a: Suicune
|-damage|p2a: Suicune|129\/404
|move|p2a: Suicune|Scald|p1a: Nidoking
|-supereffective|p1a: Nidoking
|-damage|p1a: Nidoking|0 fnt
|faint|p1a: Nidoking
|
|
|switch|p1a: Mienshao|Mienshao, M|182\/271
|turn|16
|
|switch|p2a: Arcanine|Arcanine, M|384\/384
|-ability|p2a: Arcanine|Intimidate|[of] p1a: Mienshao
|-unboost|p1a: Mienshao|atk|1
|move|p1a: Mienshao|High Jump Kick|p2a: Arcanine
|-damage|p2a: Arcanine|237\/384
|
|-heal|p2a: Arcanine|261\/384|[from] item: Leftovers
|turn|17
|
|switch|p1a: Entei|Entei, shiny|372\/372
|-ability|p1a: Entei|Pressure
|move|p2a: Arcanine|Will-O-Wisp|p1a: Entei
|-fail|p1a: Entei
|
|-heal|p2a: Arcanine|285\/384|[from] item: Leftovers
|turn|18
|
|switch|p2a: Diancie|Diancie|241\/241
|move|p1a: Entei|Stone Edge|p2a: Diancie
|-damage|p2a: Diancie|103\/241
|
|turn|19
|
|switch|p1a: Florges|Florges, F|341\/360
|detailschange|p2a: Diancie|Diancie-Mega
|message|Diancie has Mega Evolved into Mega Diancie!
|move|p2a: Diancie|Diamond Storm|p1a: Florges
|-damage|p1a: Florges|170\/360
|
|-heal|p1a: Florges|192\/360|[from] item: Leftovers
|turn|20
|
|move|p2a: Diancie|Diamond Storm|p1a: Florges
|-miss|p2a: Diancie|p1a: Florges
|move|p1a: Florges|Wish|p1a: Florges
|
|-heal|p1a: Florges|214\/360|[from] item: Leftovers
|turn|21
|
|move|p2a: Diancie|Diamond Storm|p1a: Florges
|-damage|p1a: Florges|46\/360
|-boost|p2a: Diancie|def|1
|move|p1a: Florges|Moonblast|p2a: Diancie
|-damage|p2a: Diancie|0 fnt
|faint|p2a: Diancie
|
|-heal|p1a: Florges|226\/360|[from] move: Wish|[wisher] Florges
|-heal|p1a: Florges|248\/360|[from] item: Leftovers
|
|switch|p2a: Suicune|Suicune|129\/404
|-ability|p2a: Suicune|Pressure
|turn|22
|
|switch|p1a: Hydreigon|Hydreigon, M|325\/325
|move|p2a: Suicune|Rest|p2a: Suicune
|-status|p2a: Suicune|slp
|-heal|p2a: Suicune|404\/404 slp|[silent]
|-status|p2a: Suicune|slp|[from] move: Rest
|
|turn|23
|
|switch|p1a: Mienshao|Mienshao, M|271\/271
|cant|p2a: Suicune|slp
|move|p2a: Suicune|Sleep Talk|p2a: Suicune
|move|p2a: Suicune|Scald|p1a: Mienshao|[from]Sleep Talk
|-damage|p1a: Mienshao|130\/271
|-status|p1a: Mienshao|brn
|
|-damage|p1a: Mienshao|97\/271 brn|[from] brn
|turn|24
|
|switch|p1a: Hydreigon|Hydreigon, M|325\/325
|cant|p2a: Suicune|slp
|move|p2a: Suicune|Sleep Talk|p2a: Suicune
|move|p2a: Suicune|Calm Mind|p2a: Suicune|[from]Sleep Talk
|-boost|p2a: Suicune|spa|1
|-boost|p2a: Suicune|spd|1
|
|turn|25
|
|switch|p1a: Empoleon|Empoleon, F, shiny|287\/372
|-curestatus|p2a: Suicune|slp
|move|p2a: Suicune|Calm Mind|p2a: Suicune
|-boost|p2a: Suicune|spa|1
|-boost|p2a: Suicune|spd|1
|
|-heal|p1a: Empoleon|310\/372|[from] item: Leftovers
|turn|26
|
|move|p2a: Suicune|Scald|p1a: Empoleon
|-resisted|p1a: Empoleon
|-damage|p1a: Empoleon|232\/372
|move|p1a: Empoleon|Roar|p2a: Suicune
|drag|p2a: Blissey|Blissey, F|714\/714
|
|-heal|p1a: Empoleon|255\/372|[from] item: Leftovers
|turn|27
|
|switch|p1a: Florges|Florges, F|248\/360
|switch|p2a: Forretress|Forretress, F|354\/354
|
|-heal|p1a: Florges|270\/360|[from] item: Leftovers
|turn|28
|
|move|p1a: Florges|Aromatherapy|p1a: Florges
|-cureteam|p1a: Florges|[from] move: Aromatherapy
|move|p2a: Forretress|Spikes|p1a: Florges
|-sidestart|p1: Jafalx|Spikes
|
|-heal|p1a: Florges|292\/360|[from] item: Leftovers
|turn|29
|
|switch|p1a: Empoleon|Empoleon, F, shiny|255\/372
|-damage|p1a: Empoleon|209\/372|[from] Spikes
|move|p2a: Forretress|Toxic Spikes|p1a: Empoleon
|-sidestart|p1: Jafalx|move: Toxic Spikes
|
|-heal|p1a: Empoleon|232\/372|[from] item: Leftovers
|turn|30
|
|switch|p2a: Arcanine|Arcanine, M|285\/384
|-ability|p2a: Arcanine|Intimidate|[of] p1a: Empoleon
|-unboost|p1a: Empoleon|atk|1
|move|p1a: Empoleon|Defog|p2a: Arcanine
|-unboost|p2a: Arcanine|evasion|1
|-sideend|p1: Jafalx|Spikes|[from] move: Defog|[of] p1a: Empoleon
|-sideend|p1: Jafalx|Toxic Spikes|[from] move: Defog|[of] p1a: Empoleon
|
|-heal|p2a: Arcanine|309\/384|[from] item: Leftovers
|-heal|p1a: Empoleon|255\/372|[from] item: Leftovers
|turn|31
|
|move|p2a: Arcanine|Flare Blitz|p1a: Empoleon
|-damage|p1a: Empoleon|135\/372
|-damage|p2a: Arcanine|269\/384|[from] recoil|[of] p1a: Empoleon
|move|p1a: Empoleon|Scald|p2a: Arcanine
|-supereffective|p2a: Arcanine
|-damage|p2a: Arcanine|27\/384
|
|-heal|p2a: Arcanine|51\/384|[from] item: Leftovers
|-heal|p1a: Empoleon|158\/372|[from] item: Leftovers
|turn|32
|
|move|p2a: Arcanine|Will-O-Wisp|p1a: Empoleon
|-status|p1a: Empoleon|brn
|move|p1a: Empoleon|Scald|p2a: Arcanine
|-supereffective|p2a: Arcanine
|-damage|p2a: Arcanine|0 fnt
|faint|p2a: Arcanine
|
|-heal|p1a: Empoleon|181\/372 brn|[from] item: Leftovers
|-damage|p1a: Empoleon|135\/372 brn|[from] brn
|
|switch|p2a: Suicune|Suicune|404\/404
|-ability|p2a: Suicune|Pressure
|turn|33
|
|move|p2a: Suicune|Calm Mind|p2a: Suicune
|-boost|p2a: Suicune|spa|1
|-boost|p2a: Suicune|spd|1
|move|p1a: Empoleon|Roar|p2a: Suicune
|drag|p2a: Forretress|Forretress, F|354\/354
|
|-heal|p1a: Empoleon|158\/372 brn|[from] item: Leftovers
|-damage|p1a: Empoleon|112\/372 brn|[from] brn
|turn|34
|
|move|p1a: Empoleon|Scald|p2a: Forretress
|-damage|p2a: Forretress|119\/354
|-status|p2a: Forretress|brn
|move|p2a: Forretress|Spikes|p1a: Empoleon
|-sidestart|p1: Jafalx|Spikes
|
|-heal|p1a: Empoleon|135\/372 brn|[from] item: Leftovers
|-heal|p2a: Forretress|141\/354 brn|[from] item: Leftovers
|-damage|p1a: Empoleon|89\/372 brn|[from] brn
|-damage|p2a: Forretress|97\/354 brn|[from] brn
|turn|35
|
|move|p1a: Empoleon|Defog|p2a: Forretress
|-unboost|p2a: Forretress|evasion|1
|-sideend|p1: Jafalx|Spikes|[from] move: Defog|[of] p1a: Empoleon
|move|p2a: Forretress|Spikes|p1a: Empoleon
|-sidestart|p1: Jafalx|Spikes
|
|-heal|p1a: Empoleon|112\/372 brn|[from] item: Leftovers
|-heal|p2a: Forretress|119\/354 brn|[from] item: Leftovers
|-damage|p1a: Empoleon|66\/372 brn|[from] brn
|-damage|p2a: Forretress|75\/354 brn|[from] brn
|turn|36
|
|move|p1a: Empoleon|Scald|p2a: Forretress
|-damage|p2a: Forretress|0 fnt
|faint|p2a: Forretress
|
|-heal|p1a: Empoleon|89\/372 brn|[from] item: Leftovers
|-damage|p1a: Empoleon|43\/372 brn|[from] brn
|
|switch|p2a: Suicune|Suicune|404\/404
|-ability|p2a: Suicune|Pressure
|turn|37
|
|move|p2a: Suicune|Calm Mind|p2a: Suicune
|-boost|p2a: Suicune|spa|1
|-boost|p2a: Suicune|spd|1
|move|p1a: Empoleon|Roar|p2a: Suicune
|drag|p2a: Blissey|Blissey, F|714\/714
|
|-heal|p1a: Empoleon|66\/372 brn|[from] item: Leftovers
|-damage|p1a: Empoleon|20\/372 brn|[from] brn
|turn|38
|
|move|p2a: Blissey|Protect|p2a: Blissey
|-singleturn|p2a: Blissey|Protect
|move|p1a: Empoleon|Defog|p2a: Blissey
|-activate|p2a: Blissey|Protect
|
|-heal|p1a: Empoleon|43\/372 brn|[from] item: Leftovers
|-damage|p1a: Empoleon|0 fnt|[from] brn
|faint|p1a: Empoleon
|
|switch|p1a: Mienshao|Mienshao, M|187\/271
|-damage|p1a: Mienshao|154\/271|[from] Spikes
|turn|39
|
|move|p2a: Blissey|Protect|p2a: Blissey
|-fail|p2a: Blissey
|move|p1a: Mienshao|High Jump Kick|p2a: Blissey
|-supereffective|p2a: Blissey
|-damage|p2a: Blissey|0 fnt
|faint|p2a: Blissey
|
|
|switch|p2a: Suicune|Suicune|404\/404
|-ability|p2a: Suicune|Pressure
|turn|40
|
|move|p1a: Mienshao|High Jump Kick|p2a: Suicune
|-damage|p2a: Suicune|245\/404
|move|p2a: Suicune|Calm Mind|p2a: Suicune
|-boost|p2a: Suicune|spa|1
|-boost|p2a: Suicune|spd|1
|
|turn|41
|
|move|p1a: Mienshao|High Jump Kick|p2a: Suicune
|-damage|p2a: Suicune|70\/404
|move|p2a: Suicune|Rest|p2a: Suicune
|-status|p2a: Suicune|slp
|-heal|p2a: Suicune|404\/404 slp|[silent]
|-status|p2a: Suicune|slp|[from] move: Rest
|
|turn|42
|
|move|p1a: Mienshao|High Jump Kick|p2a: Suicune
|-damage|p2a: Suicune|248\/404 slp
|cant|p2a: Suicune|slp
|move|p2a: Suicune|Sleep Talk|p2a: Suicune
|move|p2a: Suicune|Scald|p1a: Mienshao|[from]Sleep Talk
|-damage|p1a: Mienshao|0 fnt
|faint|p1a: Mienshao
|
|
|switch|p1a: Hydreigon|Hydreigon, M|325\/325
|turn|43
|
|move|p1a: Hydreigon|Draco Meteor|p2a: Suicune
|-damage|p2a: Suicune|34\/404 slp
|-unboost|p1a: Hydreigon|spa|2
|cant|p2a: Suicune|slp
|move|p2a: Suicune|Sleep Talk|p2a: Suicune
|move|p2a: Suicune|Calm Mind|p2a: Suicune|[from]Sleep Talk
|-boost|p2a: Suicune|spa|1
|-boost|p2a: Suicune|spd|1
|
|turn|44
|
|move|p1a: Hydreigon|Draco Meteor|p2a: Suicune
|-damage|p2a: Suicune|0 fnt
|-unboost|p1a: Hydreigon|spa|2
|faint|p2a: Suicune
|
|win|Jafalx
|raw|Ladder updating...
|leave|udhsroyals
|player|p2
|raw|Jafalx's rating: 1278 &rarr; <strong>1302<\/strong><br \/>(+24 for winning)
|raw|udhsroyals's rating: 1259 &rarr; <strong>1235<\/strong><br \/>(-24 for losing)