|join|Artsandcrafts124
|join|Jafalx
|player|p1|Artsandcrafts124|59
|player|p2|Jafalx|135
|gametype|singles
|gen|6
|tier|UU
|rated
|rule|Sleep Clause Mod: Limit one foe put to sleep
|rule|Species Clause: Limit one of each PokÃ©mon
|rule|OHKO Clause: OHKO moves are banned
|rule|Moody Clause: Moody is banned
|rule|Evasion Moves Clause: Evasion moves are banned
|rule|Endless Battle Clause: Forcing endless battles is banned
|rule|HP Percentage Mod: HP is shown in percentages
|clearpoke
|poke|p1|Florges, F
|poke|p1|Suicune
|poke|p1|Beedrill, F
|poke|p1|Forretress, M
|poke|p1|Hydreigon, F
|poke|p1|Rotom-Heat
|poke|p2|Mienshao, F
|poke|p2|Nidoking, M
|poke|p2|Entei, shiny
|poke|p2|Hydreigon, M
|poke|p2|Empoleon, F, shiny
|poke|p2|Florges, F
|rule|Swagger Clause: Swagger is banned
|rule|Baton Pass Clause: Limit one PokÃ©mon knowing Baton Pass
|teampreview
|join|VideoSayg
|
|start
|switch|p1a: Rotom-Heat|Rotom-Heat|241\/241
|switch|p2a: Mienshao|Mienshao, F|271\/271
|turn|1
|join|RedzoneX
|
|move|p2a: Mienshao|Knock Off|p1a: Rotom-Heat
|-damage|p1a: Rotom-Heat|122\/241
|-enditem|p1a: Rotom-Heat|Choice Scarf|[from] move: Knock Off|[of] p2a: Mienshao
|move|p1a: Rotom-Heat|Overheat|p2a: Mienshao
|-damage|p2a: Mienshao|0 fnt
|-unboost|p1a: Rotom-Heat|spa|2
|faint|p2a: Mienshao
|
|
|switch|p2a: Nidoking|Nidoking, M|304\/304
|turn|2
|
|switch|p1a: Forretress|Forretress, M|353\/353
|move|p2a: Nidoking|Sludge Wave|p1a: Forretress
|-immune|p1a: Forretress|[msg]
|
|turn|3
|
|move|p2a: Nidoking|Earth Power|p1a: Forretress
|-damage|p1a: Forretress|135\/353
|move|p1a: Forretress|Stealth Rock|p2a: Nidoking
|-sidestart|p2: Jafalx|move: Stealth Rock
|
|-heal|p1a: Forretress|157\/353|[from] item: Leftovers
|turn|4
|
|switch|p1a: Hydreigon|Hydreigon, F|325\/325
|move|p2a: Nidoking|Ice Beam|p1a: Hydreigon
|-crit|p1a: Hydreigon
|-supereffective|p1a: Hydreigon
|-damage|p1a: Hydreigon|0 fnt
|faint|p1a: Hydreigon
|
|
|switch|p1a: Suicune|Suicune|404\/404
|-ability|p1a: Suicune|Pressure
|turn|5
|
|move|p2a: Nidoking|Thunderbolt|p1a: Suicune
|-supereffective|p1a: Suicune
|-damage|p1a: Suicune|136\/404
|move|p1a: Suicune|Calm Mind|p1a: Suicune
|-boost|p1a: Suicune|spa|1
|-boost|p1a: Suicune|spd|1
|
|-heal|p1a: Suicune|161\/404|[from] item: Leftovers
|turn|6
|
|move|p2a: Nidoking|Thunderbolt|p1a: Suicune
|-supereffective|p1a: Suicune
|-damage|p1a: Suicune|0 fnt
|faint|p1a: Suicune
|
|-message|Artsandcrafts124 forfeited.
|
|win|Jafalx
|raw|Ladder updating...
|leave|Artsandcrafts124
|player|p1
|leave|VideoSayg
|raw|Artsandcrafts124's rating: 1351 &rarr; <strong>1334<\/strong><br \/>(-17 for losing)
|raw|Jafalx's rating: 1405 &rarr; <strong>1422<\/strong><br \/>(+17 for winning)