|join|Jafalx
|join|asdfssd
|player|p1|Jafalx|135
|player|p2|asdfssd|43
|gametype|singles
|gen|6
|tier|UU
|rated
|rule|Sleep Clause Mod: Limit one foe put to sleep
|rule|Species Clause: Limit one of each PokÃ©mon
|rule|OHKO Clause: OHKO moves are banned
|rule|Moody Clause: Moody is banned
|rule|Evasion Moves Clause: Evasion moves are banned
|rule|Endless Battle Clause: Forcing endless battles is banned
|rule|HP Percentage Mod: HP is shown in percentages
|clearpoke
|poke|p1|Mienshao, M
|poke|p1|Nidoking, M
|poke|p1|Entei, shiny
|poke|p1|Hydreigon, M
|poke|p1|Empoleon, F, shiny
|poke|p1|Florges, F
|poke|p2|Mienshao, M, shiny
|poke|p2|Florges, F, shiny
|poke|p2|Chandelure, M, shiny
|poke|p2|Forretress, F
|poke|p2|Roserade, F, shiny
|poke|p2|Sharpedo, F
|rule|Swagger Clause: Swagger is banned
|rule|Baton Pass Clause: Limit one PokÃ©mon knowing Baton Pass
|teampreview
|
|start
|switch|p1a: Mienshao|Mienshao, M|271\/271
|switch|p2a: Mienshao|Mienshao, M, shiny|272\/272
|turn|1
|
|move|p2a: Mienshao|High Jump Kick|p1a: Mienshao
|-damage|p1a: Mienshao|0 fnt
|faint|p1a: Mienshao
|
|join|pokemontester20
|
|switch|p1a: Florges|Florges, F|360\/360
|turn|2
|
|switch|p2a: Chandelure|Chandelure, M, shiny|289\/289
|switch|p1a: Empoleon|Empoleon, F, shiny|372\/372
|
|turn|3
|
|switch|p2a: Roserade|Roserade, F, shiny|321\/321
|move|p1a: Empoleon|Scald|p2a: Roserade
|-resisted|p2a: Roserade
|-damage|p2a: Roserade|277\/321
|-status|p2a: Roserade|brn
|
|-heal|p2a: Roserade|297\/321 brn|[from] item: Black Sludge
|-damage|p2a: Roserade|257\/321 brn|[from] brn
|turn|4
|c| pokemontester20|dem predictions
|
|switch|p2a: Mienshao|Mienshao, M, shiny|272\/272
|move|p1a: Empoleon|Stealth Rock|p2a: Mienshao
|-sidestart|p2: asdfssd|move: Stealth Rock
|
|turn|5
|
|switch|p1a: Florges|Florges, F|360\/360
|move|p2a: Mienshao|U-turn|p1a: Florges
|-resisted|p1a: Florges
|-damage|p1a: Florges|322\/360
|
|switch|p2a: Forretress|Forretress, F|354\/354
|-damage|p2a: Forretress|310\/354|[from] Stealth Rock
|
|-heal|p1a: Florges|344\/360|[from] item: Leftovers
|-heal|p2a: Forretress|332\/354|[from] item: Leftovers
|turn|6
|
|switch|p1a: Empoleon|Empoleon, F, shiny|372\/372
|move|p2a: Forretress|Rapid Spin|p1a: Empoleon
|-resisted|p1a: Empoleon
|-damage|p1a: Empoleon|366\/372
|-sideend|p2: asdfssd|Stealth Rock|[from] move: Rapid Spin|[of] p2a: Forretress
|
|-heal|p1a: Empoleon|372\/372|[from] item: Leftovers
|-heal|p2a: Forretress|354\/354|[from] item: Leftovers
|turn|7
|
|move|p1a: Empoleon|Scald|p2a: Forretress
|-damage|p2a: Forretress|207\/354
|move|p2a: Forretress|Volt Switch|p1a: Empoleon
|-supereffective|p1a: Empoleon
|-damage|p1a: Empoleon|300\/372
|
|switch|p2a: Mienshao|Mienshao, M, shiny|272\/272
|
|-heal|p1a: Empoleon|323\/372|[from] item: Leftovers
|turn|8
|
|switch|p1a: Florges|Florges, F|344\/360
|move|p2a: Mienshao|High Jump Kick|p1a: Florges
|-crit|p1a: Florges
|-resisted|p1a: Florges
|-damage|p1a: Florges|174\/360
|
|-heal|p1a: Florges|196\/360|[from] item: Leftovers
|turn|9
|
|switch|p2a: Chandelure|Chandelure, M, shiny|289\/289
|move|p1a: Florges|Wish|p1a: Florges
|
|-heal|p1a: Florges|218\/360|[from] item: Leftovers
|turn|10
|
|move|p1a: Florges|Protect|p1a: Florges
|-singleturn|p1a: Florges|Protect
|move|p2a: Chandelure|Calm Mind|p2a: Chandelure
|-boost|p2a: Chandelure|spa|1
|-boost|p2a: Chandelure|spd|1
|
|-heal|p1a: Florges|360\/360|[from] move: Wish|[wisher] Florges
|turn|11
|
|switch|p1a: Entei|Entei, shiny|372\/372
|-ability|p1a: Entei|Pressure
|move|p2a: Chandelure|Substitute|p2a: Chandelure
|-start|p2a: Chandelure|Substitute
|-damage|p2a: Chandelure|217\/289
|
|-heal|p2a: Chandelure|235\/289|[from] item: Leftovers
|turn|12
|
|move|p1a: Entei|Stone Edge|p2a: Chandelure
|-supereffective|p2a: Chandelure
|-end|p2a: Chandelure|Substitute
|move|p2a: Chandelure|Shadow Ball|p1a: Entei
|-damage|p1a: Entei|80\/372
|
|-heal|p2a: Chandelure|253\/289|[from] item: Leftovers
|turn|13
|c| pokemontester20|oh snap
|
|switch|p1a: Nidoking|Nidoking, M|304\/304
|switch|p2a: Mienshao|Mienshao, M, shiny|272\/272
|
|turn|14
|
|move|p2a: Mienshao|Knock Off|p1a: Nidoking
|-damage|p1a: Nidoking|175\/304
|-enditem|p1a: Nidoking|Life Orb|[from] move: Knock Off|[of] p2a: Mienshao
|move|p1a: Nidoking|Earth Power|p2a: Mienshao
|-crit|p2a: Mienshao
|-damage|p2a: Mienshao|0 fnt
|faint|p2a: Mienshao
|
|
|switch|p2a: Sharpedo|Sharpedo, F|282\/282
|turn|15
|
|switch|p1a: Empoleon|Empoleon, F, shiny|323\/372
|move|p2a: Sharpedo|Earthquake|p1a: Empoleon
|-supereffective|p1a: Empoleon
|-damage|p1a: Empoleon|125\/372
|
|-heal|p1a: Empoleon|148\/372|[from] item: Leftovers
|-boost|p2a: Sharpedo|spe|1|[from] ability: Speed Boost
|turn|16
|
|switch|p1a: Florges|Florges, F|360\/360
|move|p2a: Sharpedo|Earthquake|p1a: Florges
|-crit|p1a: Florges
|-damage|p1a: Florges|199\/360
|
|-heal|p1a: Florges|221\/360|[from] item: Leftovers
|-boost|p2a: Sharpedo|spe|1|[from] ability: Speed Boost
|turn|17
|
|switch|p2a: Chandelure|Chandelure, M, shiny|253\/289
|move|p1a: Florges|Wish|p1a: Florges
|
|-heal|p2a: Chandelure|271\/289|[from] item: Leftovers
|-heal|p1a: Florges|243\/360|[from] item: Leftovers
|turn|18
|
|switch|p1a: Hydreigon|Hydreigon, M|325\/325
|move|p2a: Chandelure|Shadow Ball|p1a: Hydreigon
|-resisted|p1a: Hydreigon
|-damage|p1a: Hydreigon|243\/325
|-unboost|p1a: Hydreigon|spd|1
|
|-heal|p1a: Hydreigon|325\/325|[from] move: Wish|[wisher] Florges
|-heal|p2a: Chandelure|289\/289|[from] item: Leftovers
|turn|19
|
|switch|p2a: Florges|Florges, F, shiny|360\/360
|move|p1a: Hydreigon|Dark Pulse|p2a: Florges
|-crit|p2a: Florges
|-resisted|p2a: Florges
|-damage|p2a: Florges|252\/360
|
|-heal|p2a: Florges|274\/360|[from] item: Leftovers
|turn|20
|
|switch|p1a: Empoleon|Empoleon, F, shiny|148\/372
|switch|p2a: Sharpedo|Sharpedo, F|282\/282
|
|-heal|p1a: Empoleon|171\/372|[from] item: Leftovers
|turn|21
|
|switch|p1a: Hydreigon|Hydreigon, M|325\/325
|move|p2a: Sharpedo|Earthquake|p1a: Hydreigon
|-immune|p1a: Hydreigon|[msg]
|
|-boost|p2a: Sharpedo|spe|1|[from] ability: Speed Boost
|turn|22
|
|move|p2a: Sharpedo|Protect|p2a: Sharpedo
|-singleturn|p2a: Sharpedo|Protect
|move|p1a: Hydreigon|Draco Meteor|p2a: Sharpedo
|-activate|p2a: Sharpedo|Protect
|
|-boost|p2a: Sharpedo|spe|1|[from] ability: Speed Boost
|turn|23
|
|move|p2a: Sharpedo|Earthquake|p1a: Hydreigon
|-immune|p1a: Hydreigon|[msg]
|move|p1a: Hydreigon|Draco Meteor|p2a: Sharpedo|[miss]
|-miss|p1a: Hydreigon|p2a: Sharpedo
|
|-boost|p2a: Sharpedo|spe|1|[from] ability: Speed Boost
|turn|24
|
|switch|p2a: Florges|Florges, F, shiny|274\/360
|switch|p1a: Empoleon|Empoleon, F, shiny|171\/372
|
|-heal|p2a: Florges|296\/360|[from] item: Leftovers
|-heal|p1a: Empoleon|194\/372|[from] item: Leftovers
|turn|25
|
|switch|p2a: Roserade|Roserade, F, shiny|257\/321
|move|p1a: Empoleon|Stealth Rock|p2a: Roserade
|-sidestart|p2: asdfssd|move: Stealth Rock
|
|-heal|p2a: Roserade|277\/321|[from] item: Black Sludge
|-heal|p1a: Empoleon|217\/372|[from] item: Leftovers
|turn|26
|
|switch|p1a: Entei|Entei, shiny|80\/372
|-ability|p1a: Entei|Pressure
|move|p2a: Roserade|Energy Ball|p1a: Entei
|-resisted|p1a: Entei
|-damage|p1a: Entei|2\/372
|
|-heal|p2a: Roserade|297\/321|[from] item: Black Sludge
|turn|27
|
|switch|p2a: Forretress|Forretress, F|207\/354
|-damage|p2a: Forretress|163\/354|[from] Stealth Rock
|move|p1a: Entei|Stone Edge|p2a: Forretress
|-damage|p2a: Forretress|52\/354
|
|-heal|p2a: Forretress|74\/354|[from] item: Leftovers
|turn|28
|
|move|p1a: Entei|Stone Edge|p2a: Forretress
|-crit|p2a: Forretress
|-damage|p2a: Forretress|0 fnt
|faint|p2a: Forretress
|
|
|switch|p2a: Roserade|Roserade, F, shiny|297\/321
|-damage|p2a: Roserade|257\/321|[from] Stealth Rock
|turn|29
|
|move|p1a: Entei|Stone Edge|p2a: Roserade
|-damage|p2a: Roserade|50\/321
|move|p2a: Roserade|Energy Ball|p1a: Entei
|-resisted|p1a: Entei
|-damage|p1a: Entei|0 fnt
|faint|p1a: Entei
|
|-heal|p2a: Roserade|70\/321|[from] item: Black Sludge
|
|switch|p1a: Nidoking|Nidoking, M|175\/304
|turn|30
|
|move|p1a: Nidoking|Sludge Wave|p2a: Roserade
|-damage|p2a: Roserade|0 fnt
|faint|p2a: Roserade
|
|
|switch|p2a: Sharpedo|Sharpedo, F|282\/282
|-damage|p2a: Sharpedo|247\/282|[from] Stealth Rock
|turn|31
|
|switch|p1a: Florges|Florges, F|243\/360
|move|p2a: Sharpedo|Earthquake|p1a: Florges
|-damage|p1a: Florges|133\/360
|
|-heal|p1a: Florges|155\/360|[from] item: Leftovers
|-boost|p2a: Sharpedo|spe|1|[from] ability: Speed Boost
|turn|32
|
|switch|p2a: Chandelure|Chandelure, M, shiny|289\/289
|-damage|p2a: Chandelure|217\/289|[from] Stealth Rock
|move|p1a: Florges|Wish|p1a: Florges
|
|-heal|p2a: Chandelure|235\/289|[from] item: Leftovers
|-heal|p1a: Florges|177\/360|[from] item: Leftovers
|turn|33
|
|switch|p2a: Florges|Florges, F, shiny|296\/360
|-damage|p2a: Florges|251\/360|[from] Stealth Rock
|switch|p1a: Nidoking|Nidoking, M|175\/304
|
|-heal|p1a: Nidoking|304\/304|[from] move: Wish|[wisher] Florges
|-heal|p2a: Florges|273\/360|[from] item: Leftovers
|turn|34
|
|move|p1a: Nidoking|Earth Power|p2a: Florges
|-damage|p2a: Florges|159\/360
|move|p2a: Florges|Moonblast|p1a: Nidoking
|-resisted|p1a: Nidoking
|-damage|p1a: Nidoking|223\/304
|-unboost|p1a: Nidoking|spa|1
|
|-heal|p2a: Florges|181\/360|[from] item: Leftovers
|turn|35
|
|switch|p2a: Chandelure|Chandelure, M, shiny|235\/289
|-damage|p2a: Chandelure|163\/289|[from] Stealth Rock
|move|p1a: Nidoking|Earth Power|p2a: Chandelure
|-supereffective|p2a: Chandelure
|-damage|p2a: Chandelure|0 fnt
|faint|p2a: Chandelure
|
|
|switch|p2a: Sharpedo|Sharpedo, F|247\/282
|-damage|p2a: Sharpedo|212\/282|[from] Stealth Rock
|turn|36
|
|switch|p1a: Empoleon|Empoleon, F, shiny|217\/372
|move|p2a: Sharpedo|Protect|p2a: Sharpedo
|-fail|p2a: Sharpedo
|
|-heal|p1a: Empoleon|240\/372|[from] item: Leftovers
|-boost|p2a: Sharpedo|spe|1|[from] ability: Speed Boost
|turn|37
|
|detailschange|p2a: Sharpedo|Sharpedo-Mega, F
|message|Sharpedo has Mega Evolved into Mega Sharpedo!
|move|p2a: Sharpedo|Earthquake|p1a: Empoleon
|-supereffective|p1a: Empoleon
|-damage|p1a: Empoleon|14\/372
|move|p1a: Empoleon|Roar|p2a: Sharpedo
|drag|p2a: Florges|Florges, F, shiny|181\/360
|-damage|p2a: Florges|136\/360|[from] Stealth Rock
|
|-heal|p2a: Florges|158\/360|[from] item: Leftovers
|-heal|p1a: Empoleon|37\/372|[from] item: Leftovers
|turn|38
|
|move|p2a: Florges|Moonblast|p1a: Empoleon
|-resisted|p1a: Empoleon
|-damage|p1a: Empoleon|0 fnt
|faint|p1a: Empoleon
|
|-heal|p2a: Florges|180\/360|[from] item: Leftovers
|
|switch|p1a: Nidoking|Nidoking, M|223\/304
|turn|39
|
|move|p1a: Nidoking|Sludge Wave|p2a: Florges
|-supereffective|p2a: Florges
|-damage|p2a: Florges|0 fnt
|faint|p2a: Florges
|
|
|switch|p2a: Sharpedo|Sharpedo-Mega, F|212\/282
|-damage|p2a: Sharpedo|177\/282|[from] Stealth Rock
|turn|40
|
|move|p2a: Sharpedo|Earthquake|p1a: Nidoking
|-supereffective|p1a: Nidoking
|-damage|p1a: Nidoking|0 fnt
|faint|p1a: Nidoking
|
|
|switch|p1a: Hydreigon|Hydreigon, M|325\/325
|turn|41
|
|move|p2a: Sharpedo|Ice Fang|p1a: Hydreigon
|-supereffective|p1a: Hydreigon
|-damage|p1a: Hydreigon|9\/325
|move|p1a: Hydreigon|Draco Meteor|p2a: Sharpedo
|-damage|p2a: Sharpedo|0 fnt
|-unboost|p1a: Hydreigon|spa|2
|faint|p2a: Sharpedo
|
|win|Jafalx
|raw|Ladder updating...
|raw|Jafalx's rating: 1433 &rarr; <strong>1448<\/strong><br \/>(+15 for winning)
|raw|asdfssd's rating: 1331 &rarr; <strong>1317<\/strong><br \/>(-14 for losing)
|c|âJafalx|gg
|leave|asdfssd
|player|p2