|join|PiggK
|join|Jafalx
|player|p1|PiggK|125
|player|p2|Jafalx|135
|gametype|singles
|gen|6
|tier|UU
|rated
|rule|Sleep Clause Mod: Limit one foe put to sleep
|rule|Species Clause: Limit one of each PokÃ©mon
|rule|OHKO Clause: OHKO moves are banned
|rule|Moody Clause: Moody is banned
|rule|Evasion Moves Clause: Evasion moves are banned
|rule|Endless Battle Clause: Forcing endless battles is banned
|rule|HP Percentage Mod: HP is shown in percentages
|clearpoke
|poke|p1|Hippowdon, M
|poke|p1|Stoutland, F
|poke|p1|Diancie
|poke|p1|Crobat, M
|poke|p1|Vaporeon, M
|poke|p1|Klefki, M
|poke|p2|Mienshao, F
|poke|p2|Nidoking, M
|poke|p2|Entei, shiny
|poke|p2|Hydreigon, M
|poke|p2|Empoleon, M, shiny
|poke|p2|Florges, F
|rule|Swagger Clause: Swagger is banned
|rule|Baton Pass Clause: Limit one PokÃ©mon knowing Baton Pass
|teampreview
|
|start
|switch|p1a: Dance Dance Dance|Diancie|241\/241
|switch|p2a: Mienshao|Mienshao, F|271\/271
|turn|1
|
|detailschange|p1a: Dance Dance Dance|Diancie-Mega
|message|Diancie has Mega Evolved into Mega Diancie!
|move|p2a: Mienshao|U-turn|p1a: Dance Dance Dance
|-resisted|p1a: Dance Dance Dance
|-damage|p1a: Dance Dance Dance|199\/241
|
|switch|p2a: Florges|Florges, F|360\/360
|move|p1a: Dance Dance Dance|Moonblast|p2a: Florges
|-damage|p2a: Florges|228\/360
|-unboost|p2a: Florges|spa|1
|
|-heal|p2a: Florges|250\/360|[from] item: Leftovers
|turn|2
|
|move|p1a: Dance Dance Dance|Calm Mind|p1a: Dance Dance Dance
|-boost|p1a: Dance Dance Dance|spa|1
|-boost|p1a: Dance Dance Dance|spd|1
|move|p2a: Florges|Wish|p2a: Florges
|
|-heal|p2a: Florges|272\/360|[from] item: Leftovers
|turn|3
|join|KinSlayer
|leave|KinSlayer
|
|move|p1a: Dance Dance Dance|Calm Mind|p1a: Dance Dance Dance
|-boost|p1a: Dance Dance Dance|spa|1
|-boost|p1a: Dance Dance Dance|spd|1
|move|p2a: Florges|Moonblast|p1a: Dance Dance Dance
|-damage|p1a: Dance Dance Dance|159\/241
|
|-heal|p2a: Florges|360\/360|[from] move: Wish|[wisher] Florges
|turn|4
|
|move|p1a: Dance Dance Dance|Moonblast|p2a: Florges
|-damage|p2a: Florges|89\/360
|move|p2a: Florges|Moonblast|p1a: Dance Dance Dance
|-damage|p1a: Dance Dance Dance|122\/241
|
|-heal|p2a: Florges|111\/360|[from] item: Leftovers
|turn|5
|
|move|p1a: Dance Dance Dance|Moonblast|p2a: Florges
|-damage|p2a: Florges|0 fnt
|faint|p2a: Florges
|
|
|switch|p2a: Mienshao|Mienshao, F|271\/271
|turn|6
|
|switch|p1a: Yuki|Crobat, M|373\/373
|move|p2a: Mienshao|High Jump Kick|p1a: Yuki
|-resisted|p1a: Yuki
|-damage|p1a: Yuki|303\/373
|
|turn|7
|
|switch|p2a: Empoleon|Empoleon, M, shiny|372\/372
|switch|p1a: The Rat|Klefki, M|317\/317
|
|turn|8
|
|move|p1a: The Rat|Spikes|p2a: Empoleon
|-sidestart|p2: Jafalx|Spikes
|move|p2a: Empoleon|Scald|p1a: The Rat
|-damage|p1a: The Rat|203\/317
|
|-heal|p1a: The Rat|222\/317|[from] item: Leftovers
|turn|9
|
|move|p1a: The Rat|Thunder Wave|p2a: Empoleon
|-status|p2a: Empoleon|par
|move|p2a: Empoleon|Scald|p1a: The Rat
|-damage|p1a: The Rat|105\/317
|
|-heal|p1a: The Rat|124\/317|[from] item: Leftovers
|turn|10
|
|switch|p1a: Dolphin Hotel|Vaporeon, M|451\/451
|move|p2a: Empoleon|Scald|p1a: Dolphin Hotel
|-immune|p1a: Dolphin Hotel|[msg]
|
|turn|11
|
|move|p1a: Dolphin Hotel|Wish|p1a: Dolphin Hotel
|cant|p2a: Empoleon|par
|
|turn|12
|
|switch|p1a: Dance Dance Dance|Diancie-Mega|122\/241
|move|p2a: Empoleon|Roar|p1a: Dance Dance Dance
|move|p1a: Dance Dance Dance|Roar|p2a: Empoleon|[from]Magic Bounce
|drag|p2a: Hydreigon|Hydreigon, M|325\/325
|
|-heal|p1a: Dance Dance Dance|241\/241|[from] move: Wish|[wisher] Dolphin Hotel
|turn|13
|
|switch|p2a: Empoleon|Empoleon, M, shiny|372\/372 par
|-damage|p2a: Empoleon|326\/372 par|[from] Spikes
|move|p1a: Dance Dance Dance|Calm Mind|p1a: Dance Dance Dance
|-boost|p1a: Dance Dance Dance|spa|1
|-boost|p1a: Dance Dance Dance|spd|1
|
|-heal|p2a: Empoleon|349\/372 par|[from] item: Leftovers
|turn|14
|
|move|p1a: Dance Dance Dance|Earth Power|p2a: Empoleon
|-supereffective|p2a: Empoleon
|-damage|p2a: Empoleon|0 fnt
|faint|p2a: Empoleon
|
|-message|Jafalx forfeited.
|
|win|PiggK
|raw|Ladder updating...
|leave|Jafalx
|player|p2
|raw|PiggK's rating: 1506 &rarr; <strong>1520<\/strong><br \/>(+14 for winning)
|raw|Jafalx's rating: 1397 &rarr; <strong>1383<\/strong><br \/>(-14 for losing)