|join|meowiekings
|join|Jafalx
|player|p1|meowiekings|160
|player|p2|Jafalx|135
|gametype|singles
|gen|6
|tier|UU
|rated
|rule|Sleep Clause Mod: Limit one foe put to sleep
|rule|Species Clause: Limit one of each PokÃ©mon
|rule|OHKO Clause: OHKO moves are banned
|rule|Moody Clause: Moody is banned
|rule|Evasion Moves Clause: Evasion moves are banned
|rule|Endless Battle Clause: Forcing endless battles is banned
|rule|HP Percentage Mod: HP is shown in percentages
|clearpoke
|poke|p1|Krookodile, M
|poke|p1|Diancie
|poke|p1|Bronzong
|poke|p1|Salamence, F
|poke|p1|Vaporeon, F
|poke|p1|Togekiss, M
|poke|p2|Mienshao, F
|poke|p2|Nidoking, M
|poke|p2|Entei, shiny
|poke|p2|Hydreigon, M
|poke|p2|Empoleon, F, shiny
|poke|p2|Florges, F
|rule|Swagger Clause: Swagger is banned
|rule|Baton Pass Clause: Limit one PokÃ©mon knowing Baton Pass
|teampreview
|
|start
|switch|p1a: Togekiss|Togekiss, M|311\/311
|switch|p2a: Mienshao|Mienshao, F|271\/271
|turn|1
|
|move|p2a: Mienshao|U-turn|p1a: Togekiss
|-resisted|p1a: Togekiss
|-damage|p1a: Togekiss|288\/311
|
|switch|p2a: Empoleon|Empoleon, F, shiny|372\/372
|move|p1a: Togekiss|Thunder Wave|p2a: Empoleon
|-status|p2a: Empoleon|par
|
|-heal|p1a: Togekiss|307\/311|[from] item: Leftovers
|turn|2
|
|switch|p1a: Krookodile|Krookodile, M|331\/331
|-ability|p1a: Krookodile|Intimidate|[of] p2a: Empoleon
|-unboost|p2a: Empoleon|atk|1
|move|p2a: Empoleon|Stealth Rock|p1a: Krookodile
|-sidestart|p1: meowiekings|move: Stealth Rock
|
|turn|3
|
|move|p1a: Krookodile|Knock Off|p2a: Empoleon
|-damage|p2a: Empoleon|188\/372 par
|-enditem|p2a: Empoleon|Leftovers|[from] move: Knock Off|[of] p1a: Krookodile
|move|p2a: Empoleon|Scald|p1a: Krookodile
|-supereffective|p1a: Krookodile
|-damage|p1a: Krookodile|35\/331
|
|turn|4
|
|switch|p2a: Hydreigon|Hydreigon, M|325\/325
|move|p1a: Krookodile|Knock Off|p2a: Hydreigon
|-resisted|p2a: Hydreigon
|-damage|p2a: Hydreigon|186\/325
|-enditem|p2a: Hydreigon|Choice Specs|[from] move: Knock Off|[of] p1a: Krookodile
|
|turn|5
|
|switch|p1a: Vaporeon|Vaporeon, F|464\/464
|-damage|p1a: Vaporeon|406\/464|[from] Stealth Rock
|move|p2a: Hydreigon|Dark Pulse|p1a: Vaporeon
|-damage|p1a: Vaporeon|259\/464
|
|-heal|p1a: Vaporeon|288\/464|[from] item: Leftovers
|turn|6
|
|move|p2a: Hydreigon|Dark Pulse|p1a: Vaporeon
|-damage|p1a: Vaporeon|137\/464
|move|p1a: Vaporeon|Wish|p1a: Vaporeon
|
|-heal|p1a: Vaporeon|166\/464|[from] item: Leftovers
|turn|7
|
|switch|p2a: Florges|Florges, F|360\/360
|move|p1a: Vaporeon|Protect|p1a: Vaporeon
|-fail|p1a: Vaporeon
|
|-heal|p1a: Vaporeon|398\/464|[from] move: Wish|[wisher] Vaporeon
|-heal|p1a: Vaporeon|427\/464|[from] item: Leftovers
|turn|8
|
|move|p2a: Florges|Wish|p2a: Florges
|move|p1a: Vaporeon|Wish|p1a: Vaporeon
|
|-heal|p1a: Vaporeon|456\/464|[from] item: Leftovers
|turn|9
|
|move|p2a: Florges|Moonblast|p1a: Vaporeon
|-damage|p1a: Vaporeon|317\/464
|-unboost|p1a: Vaporeon|spa|1
|move|p1a: Vaporeon|Baton Pass|p1a: Vaporeon
|
|switch|p1a: Krookodile|Krookodile, M|35\/331
|-damage|p1a: Krookodile|15\/331|[from] Stealth Rock
|-ability|p1a: Krookodile|Intimidate|[of] p2a: Florges
|-unboost|p2a: Florges|atk|1
|
|-heal|p1a: Krookodile|247\/331|[from] move: Wish|[wisher] Vaporeon
|turn|10
|
|switch|p1a: Bronzong|Bronzong|338\/338
|-damage|p1a: Bronzong|317\/338|[from] Stealth Rock
|move|p2a: Florges|Moonblast|p1a: Bronzong
|-resisted|p1a: Bronzong
|-damage|p1a: Bronzong|261\/338
|
|-heal|p1a: Bronzong|282\/338|[from] item: Leftovers
|turn|11
|
|move|p2a: Florges|Wish|p2a: Florges
|move|p1a: Bronzong|Stealth Rock|p2a: Florges
|-sidestart|p2: Jafalx|move: Stealth Rock
|
|-heal|p1a: Bronzong|303\/338|[from] item: Leftovers
|turn|12
|
|switch|p2a: Empoleon|Empoleon, F, shiny|188\/372 par
|-damage|p2a: Empoleon|165\/372 par|[from] Stealth Rock
|move|p1a: Bronzong|Toxic|p2a: Empoleon
|-fail|p2a: Empoleon
|
|-heal|p2a: Empoleon|345\/372 par|[from] move: Wish|[wisher] Florges
|-heal|p1a: Bronzong|324\/338|[from] item: Leftovers
|turn|13
|
|switch|p1a: Vaporeon|Vaporeon, F|317\/464
|-damage|p1a: Vaporeon|259\/464|[from] Stealth Rock
|switch|p2a: Florges|Florges, F|360\/360
|-damage|p2a: Florges|315\/360|[from] Stealth Rock
|
|-heal|p2a: Florges|337\/360|[from] item: Leftovers
|-heal|p1a: Vaporeon|288\/464|[from] item: Leftovers
|turn|14
|
|move|p2a: Florges|Wish|p2a: Florges
|move|p1a: Vaporeon|Wish|p1a: Vaporeon
|
|-heal|p2a: Florges|359\/360|[from] item: Leftovers
|-heal|p1a: Vaporeon|317\/464|[from] item: Leftovers
|turn|15
|
|switch|p2a: Hydreigon|Hydreigon, M|186\/325
|-damage|p2a: Hydreigon|146\/325|[from] Stealth Rock
|move|p1a: Vaporeon|Scald|p2a: Hydreigon
|-crit|p2a: Hydreigon
|-resisted|p2a: Hydreigon
|-damage|p2a: Hydreigon|68\/325
|-status|p2a: Hydreigon|brn
|
|-heal|p1a: Vaporeon|464\/464|[from] move: Wish|[wisher] Vaporeon
|-heal|p2a: Hydreigon|248\/325 brn|[from] move: Wish|[wisher] Florges
|-damage|p2a: Hydreigon|208\/325 brn|[from] brn
|turn|16
|
|switch|p2a: Florges|Florges, F|359\/360
|-damage|p2a: Florges|314\/360|[from] Stealth Rock
|move|p1a: Vaporeon|Wish|p1a: Vaporeon
|
|-heal|p2a: Florges|336\/360|[from] item: Leftovers
|turn|17
|
|move|p2a: Florges|Aromatherapy|p2a: Florges
|-cureteam|p2a: Florges|[from] move: Aromatherapy
|move|p1a: Vaporeon|Baton Pass|p1a: Vaporeon
|
|switch|p1a: Krookodile|Krookodile, M|247\/331
|-damage|p1a: Krookodile|227\/331|[from] Stealth Rock
|-ability|p1a: Krookodile|Intimidate|[of] p2a: Florges
|-unboost|p2a: Florges|atk|1
|
|-heal|p1a: Krookodile|331\/331|[from] move: Wish|[wisher] Vaporeon
|-heal|p2a: Florges|358\/360|[from] item: Leftovers
|turn|18
|
|move|p1a: Krookodile|Earthquake|p2a: Florges
|-damage|p2a: Florges|142\/360
|move|p2a: Florges|Moonblast|p1a: Krookodile
|-supereffective|p1a: Krookodile
|-damage|p1a: Krookodile|7\/331
|
|-heal|p2a: Florges|164\/360|[from] item: Leftovers
|turn|19
|
|move|p2a: Florges|Protect|p2a: Florges
|-singleturn|p2a: Florges|Protect
|move|p1a: Krookodile|Earthquake|p2a: Florges
|-activate|p2a: Florges|Protect
|
|-heal|p2a: Florges|186\/360|[from] item: Leftovers
|turn|20
|
|switch|p2a: Hydreigon|Hydreigon, M|208\/325
|-damage|p2a: Hydreigon|168\/325|[from] Stealth Rock
|move|p1a: Krookodile|Earthquake|p2a: Hydreigon
|-immune|p2a: Hydreigon|[msg]
|
|turn|21
|
|move|p1a: Krookodile|Earthquake|p2a: Hydreigon
|-immune|p2a: Hydreigon|[msg]
|move|p2a: Hydreigon|Dark Pulse|p1a: Krookodile
|-resisted|p1a: Krookodile
|-damage|p1a: Krookodile|0 fnt
|faint|p1a: Krookodile
|
|
|switch|p1a: Diancie|Diancie|241\/241
|-damage|p1a: Diancie|211\/241|[from] Stealth Rock
|turn|22
|
|detailschange|p1a: Diancie|Diancie-Mega
|message|Diancie has Mega Evolved into Mega Diancie!
|move|p2a: Hydreigon|Earth Power|p1a: Diancie
|-supereffective|p1a: Diancie
|-damage|p1a: Diancie|3\/241
|move|p1a: Diancie|Rock Polish|p1a: Diancie
|-boost|p1a: Diancie|spe|2
|
|turn|23
|
|move|p1a: Diancie|Moonblast|p2a: Hydreigon
|-supereffective|p2a: Hydreigon
|-damage|p2a: Hydreigon|0 fnt
|faint|p2a: Hydreigon
|
|
|switch|p2a: Entei|Entei, shiny|372\/372
|-damage|p2a: Entei|279\/372|[from] Stealth Rock
|-ability|p2a: Entei|Pressure
|turn|24
|
|move|p2a: Entei|Extreme Speed|p1a: Diancie
|-resisted|p1a: Diancie
|-damage|p1a: Diancie|0 fnt
|faint|p1a: Diancie
|
|
|switch|p1a: Bronzong|Bronzong|324\/338
|-damage|p1a: Bronzong|303\/338|[from] Stealth Rock
|turn|25
|
|switch|p2a: Empoleon|Empoleon, F, shiny|345\/372
|-damage|p2a: Empoleon|322\/372|[from] Stealth Rock
|move|p1a: Bronzong|Earthquake|p2a: Empoleon
|-supereffective|p2a: Empoleon
|-damage|p2a: Empoleon|204\/372
|
|-heal|p1a: Bronzong|324\/338|[from] item: Leftovers
|turn|26
|
|move|p2a: Empoleon|Scald|p1a: Bronzong
|-damage|p1a: Bronzong|239\/338
|move|p1a: Bronzong|Earthquake|p2a: Empoleon
|-supereffective|p2a: Empoleon
|-damage|p2a: Empoleon|96\/372
|
|-heal|p1a: Bronzong|260\/338|[from] item: Leftovers
|turn|27
|
|move|p2a: Empoleon|Scald|p1a: Bronzong
|-crit|p1a: Bronzong
|-damage|p1a: Bronzong|70\/338
|-status|p1a: Bronzong|brn
|move|p1a: Bronzong|Earthquake|p2a: Empoleon
|-supereffective|p2a: Empoleon
|-damage|p2a: Empoleon|42\/372
|
|-heal|p1a: Bronzong|91\/338 brn|[from] item: Leftovers
|-damage|p1a: Bronzong|49\/338 brn|[from] brn
|turn|28
|
|move|p2a: Empoleon|Defog|p1a: Bronzong
|-unboost|p1a: Bronzong|evasion|1
|-sideend|p1: meowiekings|Stealth Rock|[from] move: Defog|[of] p1a: Bronzong
|-sideend|p2: Jafalx|Stealth Rock|[from] move: Defog|[of] p2a: Empoleon
|move|p1a: Bronzong|Earthquake|p2a: Empoleon
|-supereffective|p2a: Empoleon
|-damage|p2a: Empoleon|0 fnt
|faint|p2a: Empoleon
|
|-heal|p1a: Bronzong|70\/338 brn|[from] item: Leftovers
|-damage|p1a: Bronzong|28\/338 brn|[from] brn
|
|switch|p2a: Nidoking|Nidoking, M|304\/304
|turn|29
|
|move|p2a: Nidoking|Ice Beam|p1a: Bronzong
|-resisted|p1a: Bronzong
|-damage|p1a: Bronzong|0 fnt
|faint|p1a: Bronzong
|
|
|switch|p1a: Vaporeon|Vaporeon, F|464\/464
|turn|30
|
|move|p2a: Nidoking|Thunderbolt|p1a: Vaporeon
|-supereffective|p1a: Vaporeon
|-damage|p1a: Vaporeon|144\/464
|move|p1a: Vaporeon|Baton Pass|p1a: Vaporeon
|
|switch|p1a: Salamence|Salamence, F|331\/331
|-ability|p1a: Salamence|Intimidate|[of] p2a: Nidoking
|-unboost|p2a: Nidoking|atk|1
|
|turn|31
|
|switch|p2a: Florges|Florges, F|186\/360
|move|p1a: Salamence|Earthquake|p2a: Florges
|-damage|p2a: Florges|31\/360
|-damage|p1a: Salamence|298\/331|[from] item: Life Orb
|
|-heal|p2a: Florges|53\/360|[from] item: Leftovers
|turn|32
|
|move|p1a: Salamence|Earthquake|p2a: Florges
|-damage|p2a: Florges|0 fnt
|-damage|p1a: Salamence|265\/331|[from] item: Life Orb
|faint|p2a: Florges
|
|
|switch|p2a: Mienshao|Mienshao, F|271\/271
|turn|33
|
|switch|p1a: Vaporeon|Vaporeon, F|144\/464
|move|p2a: Mienshao|Poison Jab|p1a: Vaporeon
|-damage|p1a: Vaporeon|41\/464
|
|-heal|p1a: Vaporeon|70\/464|[from] item: Leftovers
|turn|34
|
|move|p1a: Vaporeon|Protect|p1a: Vaporeon
|-singleturn|p1a: Vaporeon|Protect
|move|p2a: Mienshao|Poison Jab|p1a: Vaporeon
|-activate|p1a: Vaporeon|Protect
|
|-heal|p1a: Vaporeon|99\/464|[from] item: Leftovers
|turn|35
|
|move|p2a: Mienshao|Poison Jab|p1a: Vaporeon
|-damage|p1a: Vaporeon|0 fnt
|faint|p1a: Vaporeon
|
|
|switch|p1a: Salamence|Salamence, F|265\/331
|-ability|p1a: Salamence|Intimidate|[of] p2a: Mienshao
|-unboost|p2a: Mienshao|atk|1
|turn|36
|
|move|p2a: Mienshao|Poison Jab|p1a: Salamence
|-damage|p1a: Salamence|178\/331
|move|p1a: Salamence|Dragon Dance|p1a: Salamence
|-boost|p1a: Salamence|atk|1
|-boost|p1a: Salamence|spe|1
|
|turn|37
|
|move|p2a: Mienshao|Poison Jab|p1a: Salamence
|-damage|p1a: Salamence|93\/331
|-status|p1a: Salamence|psn
|move|p1a: Salamence|Dragon Claw|p2a: Mienshao
|-damage|p2a: Mienshao|0 fnt
|-damage|p1a: Salamence|60\/331 psn|[from] item: Life Orb
|faint|p2a: Mienshao
|
|-damage|p1a: Salamence|19\/331 psn|[from] psn
|
|switch|p2a: Entei|Entei, shiny|279\/372
|-ability|p2a: Entei|Pressure
|turn|38
|
|switch|p1a: Togekiss|Togekiss, M|307\/311
|move|p2a: Entei|Extreme Speed|p1a: Togekiss
|-damage|p1a: Togekiss|147\/311
|
|-heal|p1a: Togekiss|166\/311|[from] item: Leftovers
|turn|39
|
|switch|p2a: Nidoking|Nidoking, M|304\/304
|move|p1a: Togekiss|Thunder Wave|p2a: Nidoking
|-immune|p2a: Nidoking|[msg]
|
|-heal|p1a: Togekiss|185\/311|[from] item: Leftovers
|turn|40
|-message|meowiekings forfeited.
|
|win|Jafalx
|raw|Ladder updating...
|leave|meowiekings
|player|p1
|raw|meowiekings's rating: 1302 &rarr; <strong>1286<\/strong><br \/>(-16 for losing)
|raw|Jafalx's rating: 1368 &rarr; <strong>1384<\/strong><br \/>(+16 for winning)