|join|sweg in the beg
|join|Jafalx
|player|p1|sweg in the beg|102
|player|p2|Jafalx|135
|gametype|singles
|gen|6
|tier|UU
|rated
|rule|Sleep Clause Mod: Limit one foe put to sleep
|rule|Species Clause: Limit one of each PokÃ©mon
|rule|OHKO Clause: OHKO moves are banned
|rule|Moody Clause: Moody is banned
|rule|Evasion Moves Clause: Evasion moves are banned
|rule|Endless Battle Clause: Forcing endless battles is banned
|rule|HP Percentage Mod: HP is shown in percentages
|clearpoke
|poke|p1|Klefki, F
|poke|p1|Salamence, M
|poke|p1|Jellicent, F
|poke|p1|Empoleon, F
|poke|p1|Zygarde
|poke|p1|Altaria, M
|poke|p2|Mienshao, M
|poke|p2|Nidoking, M
|poke|p2|Entei, shiny
|poke|p2|Hydreigon, M
|poke|p2|Empoleon, M, shiny
|poke|p2|Florges, F
|rule|Swagger Clause: Swagger is banned
|rule|Baton Pass Clause: Limit one PokÃ©mon knowing Baton Pass
|teampreview
|
|start
|switch|p1a: Klefki|Klefki, F|318\/318
|switch|p2a: Nidoking|Nidoking, M|304\/304
|turn|1
|
|switch|p1a: Altaria|Altaria, M|291\/291
|move|p2a: Nidoking|Earth Power|p1a: Altaria
|-immune|p1a: Altaria|[msg]
|
|turn|2
|
|switch|p1a: Klefki|Klefki, F|318\/318
|move|p2a: Nidoking|Sludge Wave|p1a: Klefki
|-immune|p1a: Klefki|[msg]
|
|turn|3
|
|switch|p1a: Jellicent|Jellicent, F|404\/404
|move|p2a: Nidoking|Earth Power|p1a: Jellicent
|-damage|p1a: Jellicent|239\/404
|
|-heal|p1a: Jellicent|264\/404|[from] item: Leftovers
|turn|4
|
|move|p2a: Nidoking|Thunderbolt|p1a: Jellicent
|-supereffective|p1a: Jellicent
|-damage|p1a: Jellicent|40\/404
|move|p1a: Jellicent|Scald|p2a: Nidoking
|-supereffective|p2a: Nidoking
|-damage|p2a: Nidoking|112\/304
|
|-heal|p1a: Jellicent|65\/404|[from] item: Leftovers
|turn|5
|
|move|p2a: Nidoking|Earth Power|p1a: Jellicent
|-damage|p1a: Jellicent|0 fnt
|faint|p1a: Jellicent
|
|
|switch|p1a: Salamence|Salamence, M|331\/331
|turn|6
|
|switch|p2a: Florges|Florges, F|360\/360
|move|p1a: Salamence|Dragon Claw|p2a: Florges
|-immune|p2a: Florges|[msg]
|
|turn|7
|
|switch|p1a: Klefki|Klefki, F|318\/318
|move|p2a: Florges|Wish|p2a: Florges
|
|turn|8
|
|switch|p2a: Nidoking|Nidoking, M|112\/304
|move|p1a: Klefki|Foul Play|p2a: Nidoking
|-damage|p2a: Nidoking|29\/304
|
|-heal|p2a: Nidoking|209\/304|[from] move: Wish|[wisher] Florges
|turn|9
|
|switch|p1a: Zygarde|Zygarde|420\/420
|-ability|p1a: Zygarde|Aura Break
|move|p2a: Nidoking|Earth Power|p1a: Zygarde
|-damage|p1a: Zygarde|267\/420
|
|-heal|p1a: Zygarde|293\/420|[from] item: Leftovers
|turn|10
|
|switch|p2a: Mienshao|Mienshao, M|271\/271
|move|p1a: Zygarde|Dragon Tail|p2a: Mienshao
|-damage|p2a: Mienshao|172\/271
|drag|p2a: Florges|Florges, F|360\/360
|
|-heal|p1a: Zygarde|319\/420|[from] item: Leftovers
|turn|11
|
|switch|p1a: Klefki|Klefki, F|318\/318
|move|p2a: Florges|Wish|p2a: Florges
|
|turn|12
|
|switch|p2a: Nidoking|Nidoking, M|209\/304
|move|p1a: Klefki|Spikes|p2a: Nidoking
|-sidestart|p2: Jafalx|Spikes
|
|-heal|p2a: Nidoking|304\/304|[from] move: Wish|[wisher] Florges
|turn|13
|
|switch|p1a: Zygarde|Zygarde|319\/420
|-ability|p1a: Zygarde|Aura Break
|move|p2a: Nidoking|Ice Beam|p1a: Zygarde
|-supereffective|p1a: Zygarde
|-damage|p1a: Zygarde|0 fnt
|faint|p1a: Zygarde
|
|
|switch|p1a: Salamence|Salamence, M|331\/331
|turn|14
|
|switch|p2a: Florges|Florges, F|360\/360
|-damage|p2a: Florges|315\/360|[from] Spikes
|move|p1a: Salamence|Earthquake|p2a: Florges
|-damage|p2a: Florges|209\/360
|
|-heal|p2a: Florges|231\/360|[from] item: Leftovers
|turn|15
|
|switch|p1a: Empoleon|Empoleon, F|372\/372
|move|p2a: Florges|Wish|p2a: Florges
|
|-heal|p2a: Florges|253\/360|[from] item: Leftovers
|turn|16
|
|switch|p2a: Empoleon|Empoleon, M, shiny|372\/372
|-damage|p2a: Empoleon|326\/372|[from] Spikes
|move|p1a: Empoleon|Roar|p2a: Empoleon
|drag|p2a: Nidoking|Nidoking, M|304\/304
|-damage|p2a: Nidoking|266\/304|[from] Spikes
|
|-heal|p2a: Nidoking|304\/304|[from] move: Wish|[wisher] Florges
|turn|17
|
|move|p2a: Nidoking|Earth Power|p1a: Empoleon
|-supereffective|p1a: Empoleon
|-damage|p1a: Empoleon|0 fnt
|faint|p1a: Empoleon
|
|
|switch|p1a: Salamence|Salamence, M|331\/331
|turn|18
|
|switch|p2a: Hydreigon|Hydreigon, M|325\/325
|move|p1a: Salamence|Earthquake|p2a: Hydreigon
|-immune|p2a: Hydreigon|[msg]
|
|turn|19
|
|switch|p1a: Klefki|Klefki, F|318\/318
|switch|p2a: Florges|Florges, F|253\/360
|-damage|p2a: Florges|208\/360|[from] Spikes
|
|-heal|p2a: Florges|230\/360|[from] item: Leftovers
|turn|20
|
|move|p1a: Klefki|Switcheroo|p2a: Florges
|-activate|p1a: Klefki|move: Trick|[of] p2a: Florges
|-item|p2a: Florges|Toxic Orb|[from] Trick
|-item|p1a: Klefki|Leftovers|[from] Trick
|move|p2a: Florges|Wish|p2a: Florges
|
|-status|p2a: Florges|tox|[from] item: Toxic Orb
|turn|21
|
|switch|p2a: Empoleon|Empoleon, M, shiny|326\/372
|-damage|p2a: Empoleon|280\/372|[from] Spikes
|move|p1a: Klefki|Spikes|p2a: Empoleon
|-sidestart|p2: Jafalx|Spikes
|
|-heal|p2a: Empoleon|372\/372|[from] move: Wish|[wisher] Florges
|turn|22
|
|move|p1a: Klefki|Thunder Wave|p2a: Empoleon
|-status|p2a: Empoleon|par
|cant|p2a: Empoleon|par
|
|turn|23
|
|switch|p1a: Altaria|Altaria, M|291\/291
|move|p2a: Empoleon|Defog|p1a: Altaria
|-unboost|p1a: Altaria|evasion|1
|-sideend|p2: Jafalx|Spikes|[from] move: Defog|[of] p2a: Empoleon
|
|turn|24
|
|detailschange|p1a: Altaria|Altaria-Mega, M
|message|Altaria has Mega Evolved into Mega Altaria!
|move|p1a: Altaria|Dragon Dance|p1a: Altaria
|-boost|p1a: Altaria|atk|1
|-boost|p1a: Altaria|spe|1
|cant|p2a: Empoleon|par
|
|turn|25
|
|move|p1a: Altaria|Earthquake|p2a: Empoleon
|-supereffective|p2a: Empoleon
|-damage|p2a: Empoleon|98\/372 par
|move|p2a: Empoleon|Roar|p1a: Altaria
|drag|p1a: Klefki|Klefki, F|318\/318
|
|-heal|p2a: Empoleon|121\/372 par|[from] item: Leftovers
|turn|26
|
|move|p1a: Klefki|Foul Play|p2a: Empoleon
|-damage|p2a: Empoleon|77\/372 par
|cant|p2a: Empoleon|par
|
|-heal|p2a: Empoleon|100\/372 par|[from] item: Leftovers
|turn|27
|
|move|p1a: Klefki|Foul Play|p2a: Empoleon
|-damage|p2a: Empoleon|51\/372 par
|cant|p2a: Empoleon|par
|
|-heal|p2a: Empoleon|74\/372 par|[from] item: Leftovers
|turn|28
|
|move|p1a: Klefki|Foul Play|p2a: Empoleon
|-damage|p2a: Empoleon|28\/372 par
|cant|p2a: Empoleon|par
|
|-heal|p2a: Empoleon|51\/372 par|[from] item: Leftovers
|turn|29
|
|move|p1a: Klefki|Foul Play|p2a: Empoleon
|-damage|p2a: Empoleon|7\/372 par
|move|p2a: Empoleon|Scald|p1a: Klefki
|-damage|p1a: Klefki|156\/318
|
|-heal|p1a: Klefki|175\/318|[from] item: Leftovers
|-heal|p2a: Empoleon|30\/372 par|[from] item: Leftovers
|turn|30
|
|move|p1a: Klefki|Foul Play|p2a: Empoleon
|-damage|p2a: Empoleon|0 fnt
|faint|p2a: Empoleon
|
|-heal|p1a: Klefki|194\/318|[from] item: Leftovers
|
|switch|p2a: Nidoking|Nidoking, M|304\/304
|turn|31
|
|move|p1a: Klefki|Switcheroo|p2a: Nidoking
|-activate|p1a: Klefki|move: Trick|[of] p2a: Nidoking
|-item|p2a: Nidoking|Leftovers|[from] Trick
|-item|p1a: Klefki|Life Orb|[from] Trick
|move|p2a: Nidoking|Earth Power|p1a: Klefki
|-supereffective|p1a: Klefki
|-damage|p1a: Klefki|0 fnt
|faint|p1a: Klefki
|
|
|switch|p1a: Salamence|Salamence, M|331\/331
|turn|32
|
|move|p1a: Salamence|Dragon Dance|p1a: Salamence
|-boost|p1a: Salamence|atk|1
|-boost|p1a: Salamence|spe|1
|move|p2a: Nidoking|Ice Beam|p1a: Salamence
|-supereffective|p1a: Salamence
|-damage|p1a: Salamence|0 fnt
|faint|p1a: Salamence
|
|
|switch|p1a: Altaria|Altaria-Mega, M|291\/291
|turn|33
|
|move|p2a: Nidoking|Sludge Wave|p1a: Altaria
|-supereffective|p1a: Altaria
|-damage|p1a: Altaria|0 fnt
|faint|p1a: Altaria
|
|win|Jafalx
|raw|Ladder updating...
|raw|sweg in the beg's rating: 1445 &rarr; <strong>1420<\/strong><br \/>(-25 for losing)
|raw|Jafalx's rating: 1342 &rarr; <strong>1368<\/strong><br \/>(+26 for winning)
|leave|sweg in the beg
|c|âJafalx|gg