|join|Cotton Picker Jim
|join|A player
|player|p1|Cotton Picker Jim|247
|player|p2|A player|266
|gametype|singles
|gen|6
|tier|UU
|rated
|rule|Sleep Clause Mod: Limit one foe put to sleep
|rule|Species Clause: Limit one of each PokÃ©mon
|rule|OHKO Clause: OHKO moves are banned
|rule|Moody Clause: Moody is banned
|rule|Evasion Moves Clause: Evasion moves are banned
|rule|Endless Battle Clause: Forcing endless battles is banned
|rule|HP Percentage Mod: HP is shown in percentages
|clearpoke
|poke|p1|Florges, F
|poke|p1|Magneton
|poke|p1|Abomasnow, F
|poke|p1|Zygarde
|poke|p1|Hydreigon, M
|poke|p1|Gligar, M
|poke|p2|Entei, shiny
|poke|p2|Porygon2
|poke|p2|Alakazam, M
|poke|p2|Blissey, F
|poke|p2|Jirachi
|poke|p2|Infernape, M
|rule|Swagger Clause: Swagger is banned
|rule|Baton Pass Clause: Limit one PokÃ©mon knowing Baton Pass
|teampreview
|c|âA player|gl
|c|âCotton Picker Jim|u2
|
|start
|switch|p1a: Hydreigon|Hydreigon, M|325\/325
|switch|p2a: Entei|Entei, shiny|410\/410
|-ability|p2a: Entei|Pressure
|turn|1
|
|move|p1a: Hydreigon|Superpower|p2a: Entei
|-damage|p2a: Entei|287\/410
|-unboost|p1a: Hydreigon|atk|1
|-unboost|p1a: Hydreigon|def|1
|-damage|p1a: Hydreigon|293\/325|[from] item: Life Orb
|move|p2a: Entei|Sacred Fire|p1a: Hydreigon
|-resisted|p1a: Hydreigon
|-damage|p1a: Hydreigon|158\/325
|
|turn|2
|
|move|p1a: Hydreigon|Roost|p1a: Hydreigon
|-heal|p1a: Hydreigon|321\/325
|move|p2a: Entei|Sacred Fire|p1a: Hydreigon
|-resisted|p1a: Hydreigon
|-damage|p1a: Hydreigon|179\/325
|
|turn|3
|
|move|p1a: Hydreigon|Draco Meteor|p2a: Entei
|-damage|p2a: Entei|26\/410
|-unboost|p1a: Hydreigon|spa|2
|-damage|p1a: Hydreigon|147\/325|[from] item: Life Orb
|move|p2a: Entei|Sacred Fire|p1a: Hydreigon
|-resisted|p1a: Hydreigon
|-damage|p1a: Hydreigon|6\/325
|-status|p1a: Hydreigon|brn
|
|-damage|p1a: Hydreigon|0 fnt|[from] brn
|faint|p1a: Hydreigon
|
|switch|p1a: Zygarde|Zygarde|404\/404
|-ability|p1a: Zygarde|Aura Break
|turn|4
|
|switch|p2a: Porygon2|Porygon2|374\/374
|-boost|p2a: Porygon2|spa|1|[from] ability: Download
|move|p1a: Zygarde|Substitute|p1a: Zygarde
|-start|p1a: Zygarde|Substitute
|-damage|p1a: Zygarde|303\/404
|
|-heal|p1a: Zygarde|328\/404|[from] item: Leftovers
|turn|5
|
|move|p1a: Zygarde|Earthquake|p2a: Porygon2
|-damage|p2a: Porygon2|310\/374
|move|p2a: Porygon2|Ice Beam|p1a: Zygarde
|-supereffective|p1a: Zygarde
|-end|p1a: Zygarde|Substitute
|
|-heal|p1a: Zygarde|353\/404|[from] item: Leftovers
|turn|6
|
|switch|p1a: Abomasnow|Abomasnow, F|383\/383
|-weather|Hail
|move|p2a: Porygon2|Ice Beam|p1a: Abomasnow
|-crit|p1a: Abomasnow
|-damage|p1a: Abomasnow|195\/383
|
|-weather|Hail|[upkeep]
|-damage|p2a: Porygon2|287\/374|[from] hail
|turn|7
|
|switch|p1a: Magneton|Magneton|241\/241
|move|p2a: Porygon2|Tri Attack|p1a: Magneton
|-resisted|p1a: Magneton
|-damage|p1a: Magneton|137\/241
|
|-weather|Hail|[upkeep]
|-damage|p1a: Magneton|122\/241|[from] hail
|-damage|p2a: Porygon2|264\/374|[from] hail
|turn|8
|
|move|p1a: Magneton|Volt Switch|p2a: Porygon2
|-damage|p2a: Porygon2|186\/374
|
|switch|p1a: Florges|Florges, F|359\/359
|move|p2a: Porygon2|Recover|p2a: Porygon2
|-heal|p2a: Porygon2|373\/374
|
|-weather|Hail|[upkeep]
|-damage|p1a: Florges|337\/359|[from] hail
|-damage|p2a: Porygon2|350\/374|[from] hail
|turn|9
|
|switch|p2a: Jirachi|Jirachi|341\/341
|move|p1a: Florges|Moonblast|p2a: Jirachi
|-resisted|p2a: Jirachi
|-damage|p2a: Jirachi|209\/341
|-unboost|p2a: Jirachi|spa|1
|
|-weather|Hail|[upkeep]
|-damage|p2a: Jirachi|188\/341|[from] hail
|-damage|p1a: Florges|315\/359|[from] hail
|-heal|p2a: Jirachi|209\/341|[from] item: Leftovers
|turn|10
|
|switch|p1a: Gligar|Gligar, M|334\/334
|move|p2a: Jirachi|Iron Head|p1a: Gligar
|-damage|p1a: Gligar|268\/334
|
|-weather|none
|-heal|p2a: Jirachi|230\/341|[from] item: Leftovers
|turn|11
|
|move|p2a: Jirachi|Ice Punch|p1a: Gligar
|-supereffective|p1a: Gligar
|-damage|p1a: Gligar|108\/334
|move|p1a: Gligar|U-turn|p2a: Jirachi
|-damage|p2a: Jirachi|186\/341
|
|switch|p1a: Magneton|Magneton|122\/241
|
|-heal|p2a: Jirachi|207\/341|[from] item: Leftovers
|turn|12
|
|move|p1a: Magneton|Thunderbolt|p2a: Jirachi
|-damage|p2a: Jirachi|62\/341
|move|p2a: Jirachi|U-turn|p1a: Magneton
|-resisted|p1a: Magneton
|-damage|p1a: Magneton|87\/241
|
|switch|p2a: Blissey|Blissey, F|714\/714
|
|turn|13
|
|switch|p1a: Gligar|Gligar, M|108\/334
|switch|p2a: Porygon2|Porygon2|350\/374
|-boost|p2a: Porygon2|spa|1|[from] ability: Download
|
|turn|14
|
|move|p1a: Gligar|Stealth Rock|p2a: Porygon2
|-sidestart|p2: A player|move: Stealth Rock
|move|p2a: Porygon2|Ice Beam|p1a: Gligar
|-supereffective|p1a: Gligar
|-damage|p1a: Gligar|0 fnt
|faint|p1a: Gligar
|
|
|switch|p1a: Florges|Florges, F|315\/359
|turn|15
|
|switch|p2a: Blissey|Blissey, F|714\/714
|-damage|p2a: Blissey|625\/714|[from] Stealth Rock
|move|p1a: Florges|Moonblast|p2a: Blissey
|-damage|p2a: Blissey|423\/714
|
|-heal|p2a: Blissey|467\/714|[from] item: Leftovers
|turn|16
|
|switch|p1a: Abomasnow|Abomasnow, F|195\/383
|-weather|Hail
|move|p2a: Blissey|Stealth Rock|p1a: Abomasnow
|-sidestart|p1: Cotton Picker Jim|move: Stealth Rock
|
|-weather|Hail|[upkeep]
|-damage|p2a: Blissey|423\/714|[from] hail
|-heal|p2a: Blissey|467\/714|[from] item: Leftovers
|turn|17
|
|switch|p2a: Entei|Entei, shiny|26\/410
|-damage|p2a: Entei|0 fnt|[from] Stealth Rock
|faint|p2a: Entei
|detailschange|p1a: Abomasnow|Abomasnow-Mega, F
|-mega|p1a: Abomasnow|Abomasnow|Abomasite
|move|p1a: Abomasnow|Swords Dance|p1a: Abomasnow
|-boost|p1a: Abomasnow|atk|2
|
|-weather|Hail|[upkeep]
|
|switch|p2a: Infernape|Infernape, M|293\/293
|-damage|p2a: Infernape|257\/293|[from] Stealth Rock
|turn|18
|
|move|p1a: Abomasnow|Ice Shard|p2a: Infernape
|-resisted|p2a: Infernape
|-damage|p2a: Infernape|152\/293
|move|p2a: Infernape|Close Combat|p1a: Abomasnow
|-supereffective|p1a: Abomasnow
|-damage|p1a: Abomasnow|0 fnt
|-unboost|p2a: Infernape|def|1
|-unboost|p2a: Infernape|spd|1
|faint|p1a: Abomasnow
|
|-weather|Hail|[upkeep]
|-damage|p2a: Infernape|134\/293|[from] hail
|
|switch|p1a: Magneton|Magneton|87\/241
|-damage|p1a: Magneton|72\/241|[from] Stealth Rock
|turn|19
|
|move|p2a: Infernape|Close Combat|p1a: Magneton
|-supereffective|p1a: Magneton
|-damage|p1a: Magneton|0 fnt
|-unboost|p2a: Infernape|def|1
|-unboost|p2a: Infernape|spd|1
|faint|p1a: Magneton
|
|-weather|Hail|[upkeep]
|-damage|p2a: Infernape|116\/293|[from] hail
|c|âCotton Picker Jim|omg scarf infernape is so bad
|c|âCotton Picker Jim|why?
|
|switch|p1a: Florges|Florges, F|315\/359
|-damage|p1a: Florges|271\/359|[from] Stealth Rock
|turn|20
|c|âA player|its working isn't it?
|c|âA player|why should I be predictable
|c|âCotton Picker Jim|ya bc a good player never expects such a shite set
|
|switch|p2a: Porygon2|Porygon2|350\/374
|-damage|p2a: Porygon2|304\/374|[from] Stealth Rock
|-boost|p2a: Porygon2|atk|1|[from] ability: Download
|move|p1a: Florges|Moonblast|p2a: Porygon2
|-damage|p2a: Porygon2|160\/374
|
|-weather|none
|turn|21
|
|move|p1a: Florges|Moonblast|p2a: Porygon2
|-damage|p2a: Porygon2|6\/374
|move|p2a: Porygon2|Recover|p2a: Porygon2
|-heal|p2a: Porygon2|193\/374
|
|turn|22
|c|âA player|that a matter of opinion
|
|move|p1a: Florges|Moonblast|p2a: Porygon2
|-crit|p2a: Porygon2
|-damage|p2a: Porygon2|0 fnt
|faint|p2a: Porygon2
|
|
|switch|p2a: Jirachi|Jirachi|62\/341
|-damage|p2a: Jirachi|41\/341|[from] Stealth Rock
|turn|23
|
|move|p2a: Jirachi|Iron Head|p1a: Florges
|-supereffective|p1a: Florges
|-damage|p1a: Florges|0 fnt
|faint|p1a: Florges
|
|-heal|p2a: Jirachi|62\/341|[from] item: Leftovers
|
|switch|p1a: Zygarde|Zygarde|353\/404
|-damage|p1a: Zygarde|328\/404|[from] Stealth Rock
|-ability|p1a: Zygarde|Aura Break
|turn|24
|
|move|p2a: Jirachi|Ice Punch|p1a: Zygarde
|-supereffective|p1a: Zygarde
|-damage|p1a: Zygarde|84\/404
|move|p1a: Zygarde|Dragon Dance|p1a: Zygarde
|-boost|p1a: Zygarde|atk|1
|-boost|p1a: Zygarde|spe|1
|
|-heal|p1a: Zygarde|109\/404|[from] item: Leftovers
|-heal|p2a: Jirachi|83\/341|[from] item: Leftovers
|turn|25
|
|move|p1a: Zygarde|Earthquake|p2a: Jirachi
|-supereffective|p2a: Jirachi
|-damage|p2a: Jirachi|0 fnt
|faint|p2a: Jirachi
|
|-heal|p1a: Zygarde|134\/404|[from] item: Leftovers
|
|switch|p2a: Infernape|Infernape, M|116\/293
|-damage|p2a: Infernape|80\/293|[from] Stealth Rock
|turn|26
|
|move|p1a: Zygarde|Extreme Speed|p2a: Infernape
|-damage|p2a: Infernape|0 fnt
|faint|p2a: Infernape
|
|-heal|p1a: Zygarde|159\/404|[from] item: Leftovers
|
|switch|p2a: Blissey|Blissey, F|467\/714
|-damage|p2a: Blissey|378\/714|[from] Stealth Rock
|turn|27
|
|move|p1a: Zygarde|Substitute|p1a: Zygarde
|-start|p1a: Zygarde|Substitute
|-damage|p1a: Zygarde|58\/404
|move|p2a: Blissey|Soft-Boiled|p2a: Blissey
|-heal|p2a: Blissey|714\/714
|
|-heal|p1a: Zygarde|83\/404|[from] item: Leftovers
|turn|28
|
|move|p1a: Zygarde|Dragon Dance|p1a: Zygarde
|-boost|p1a: Zygarde|atk|1
|-boost|p1a: Zygarde|spe|1
|move|p2a: Blissey|Seismic Toss|p1a: Zygarde
|-activate|p1a: Zygarde|Substitute|[damage]
|
|-heal|p1a: Zygarde|108\/404|[from] item: Leftovers
|turn|29
|
|move|p1a: Zygarde|Earthquake|p2a: Blissey
|-damage|p2a: Blissey|255\/714
|move|p2a: Blissey|Seismic Toss|p1a: Zygarde
|-end|p1a: Zygarde|Substitute
|
|-heal|p1a: Zygarde|133\/404|[from] item: Leftovers
|-heal|p2a: Blissey|299\/714|[from] item: Leftovers
|turn|30
|
|move|p1a: Zygarde|Substitute|p1a: Zygarde
|-start|p1a: Zygarde|Substitute
|-damage|p1a: Zygarde|32\/404
|move|p2a: Blissey|Seismic Toss|p1a: Zygarde
|-activate|p1a: Zygarde|Substitute|[damage]
|
|-heal|p1a: Zygarde|57\/404|[from] item: Leftovers
|-heal|p2a: Blissey|343\/714|[from] item: Leftovers
|turn|31
|c|âCotton Picker Jim|RIOT
|c|âCotton Picker Jim|RIOT
|c|âCotton Picker Jim|RIOT
|
|move|p1a: Zygarde|Earthquake|p2a: Blissey
|-damage|p2a: Blissey|0 fnt
|faint|p2a: Blissey
|
|-heal|p1a: Zygarde|82\/404|[from] item: Leftovers
|
|switch|p2a: Alakazam|Alakazam, M|252\/252
|turn|32
|c|âCotton Picker Jim|Its OGRE
|
|move|p1a: Zygarde|Earthquake|p2a: Alakazam
|-damage|p2a: Alakazam|0 fnt
|faint|p2a: Alakazam
|
|win|Cotton Picker Jim
|raw|Ladder updating...
|raw|Cotton Picker Jim's rating: 1439 &rarr; <strong>1453<\/strong><br \/>(+14 for winning)
|raw|A player's rating: 1339 &rarr; <strong>1325<\/strong><br \/>(-14 for losing)
|leave|A player
|player|p2