|join|Cotton Picker Jim
|join|Emblema de Fuego
|player|p1|Cotton Picker Jim|247
|player|p2|Emblema de Fuego|283
|gametype|singles
|gen|6
|tier|UU
|rated
|rule|Sleep Clause Mod: Limit one foe put to sleep
|rule|Species Clause: Limit one of each PokÃ©mon
|rule|OHKO Clause: OHKO moves are banned
|rule|Moody Clause: Moody is banned
|rule|Evasion Moves Clause: Evasion moves are banned
|rule|Endless Battle Clause: Forcing endless battles is banned
|rule|HP Percentage Mod: HP is shown in percentages
|clearpoke
|poke|p1|Florges, F
|poke|p1|Magneton
|poke|p1|Abomasnow, M
|poke|p1|Zygarde
|poke|p1|Hydreigon, M
|poke|p1|Gligar, M
|poke|p2|Fletchinder, F, shiny
|poke|p2|Raikou, shiny
|poke|p2|Absol, M
|poke|p2|Donphan, M
|poke|p2|Zygarde
|poke|p2|Uxie
|rule|Swagger Clause: Swagger is banned
|rule|Baton Pass Clause: Limit one PokÃ©mon knowing Baton Pass
|teampreview
|
|start
|switch|p1a: Magneton|Magneton|241\/241
|switch|p2a: D-Angelo|Absol, M|271\/271
|turn|1
|
|detailschange|p2a: D-Angelo|Absol-Mega, M
|-mega|p2a: D-Angelo|Absol|Absolite
|move|p2a: D-Angelo|Protect|p2a: D-Angelo
|-singleturn|p2a: D-Angelo|Protect
|move|p1a: Magneton|Volt Switch|p2a: D-Angelo
|-activate|p2a: D-Angelo|Protect
|
|turn|2
|
|switch|p1a: Abomasnow|Abomasnow, M|383\/383
|-weather|Hail
|switch|p2a: Rodolfo|Donphan, M|383\/383
|
|-weather|Hail|[upkeep]
|-damage|p2a: Rodolfo|360\/383|[from] hail
|-heal|p2a: Rodolfo|383\/383|[from] item: Leftovers
|turn|3
|
|switch|p2a: Uzzi|Uxie|353\/353
|detailschange|p1a: Abomasnow|Abomasnow-Mega, M
|-mega|p1a: Abomasnow|Abomasnow|Abomasite
|move|p1a: Abomasnow|Swords Dance|p1a: Abomasnow
|-boost|p1a: Abomasnow|atk|2
|
|-weather|Hail|[upkeep]
|-damage|p2a: Uzzi|331\/353|[from] hail
|-heal|p2a: Uzzi|353\/353|[from] item: Leftovers
|turn|4
|
|move|p2a: Uzzi|Yawn|p1a: Abomasnow
|-start|p1a: Abomasnow|move: Yawn|[of] p2a: Uzzi
|move|p1a: Abomasnow|Wood Hammer|p2a: Uzzi
|-damage|p2a: Uzzi|4\/353
|-damage|p1a: Abomasnow|268\/383|[from] recoil|[of] p2a: Uzzi
|
|-weather|Hail|[upkeep]
|-damage|p2a: Uzzi|0 fnt|[from] hail
|faint|p2a: Uzzi
|
|switch|p2a: Musho|Raikou, shiny|322\/322
|-ability|p2a: Musho|Pressure
|turn|5
|c|âCotton Picker Jim|\/\/ rank emblema de fuego
|c|âEmblema de Fuego|1530
|c|âCotton Picker Jim|lol thanks
|
|switch|p1a: Hydreigon|Hydreigon, M|325\/325
|move|p2a: Musho|Substitute|p2a: Musho
|-start|p2a: Musho|Substitute
|-damage|p2a: Musho|242\/322
|
|-weather|Hail|[upkeep]
|-damage|p2a: Musho|222\/322|[from] hail
|-damage|p1a: Hydreigon|305\/325|[from] hail
|-heal|p2a: Musho|242\/322|[from] item: Leftovers
|turn|6
|
|move|p2a: Musho|Calm Mind|p2a: Musho
|-boost|p2a: Musho|spa|1
|-boost|p2a: Musho|spd|1
|move|p1a: Hydreigon|Dark Pulse|p2a: Musho
|-end|p2a: Musho|Substitute
|-damage|p1a: Hydreigon|273\/325|[from] item: Life Orb
|
|-weather|none
|-heal|p2a: Musho|262\/322|[from] item: Leftovers
|turn|7
|
|switch|p1a: Abomasnow|Abomasnow-Mega, M|268\/383
|-weather|Hail
|move|p2a: Musho|Substitute|p2a: Musho
|-start|p2a: Musho|Substitute
|-damage|p2a: Musho|182\/322
|
|-weather|Hail|[upkeep]
|-damage|p2a: Musho|162\/322|[from] hail
|-heal|p2a: Musho|182\/322|[from] item: Leftovers
|turn|8
|
|move|p2a: Musho|Thunderbolt|p1a: Abomasnow
|-resisted|p1a: Abomasnow
|-damage|p1a: Abomasnow|163\/383
|move|p1a: Abomasnow|Earthquake|p2a: Musho
|-supereffective|p2a: Musho
|-end|p2a: Musho|Substitute
|
|-weather|Hail|[upkeep]
|-damage|p2a: Musho|162\/322|[from] hail
|-heal|p2a: Musho|182\/322|[from] item: Leftovers
|turn|9
|
|switch|p2a: 5|Fletchinder, F, shiny|327\/327
|move|p1a: Abomasnow|Swords Dance|p1a: Abomasnow
|-boost|p1a: Abomasnow|atk|2
|
|-weather|Hail|[upkeep]
|-damage|p2a: 5|307\/327|[from] hail
|turn|10
|
|switch|p1a: Magneton|Magneton|241\/241
|move|p2a: 5|Will-O-Wisp|p1a: Magneton
|-status|p1a: Magneton|brn
|
|-weather|Hail|[upkeep]
|-damage|p1a: Magneton|226\/241 brn|[from] hail
|-damage|p2a: 5|287\/327|[from] hail
|-damage|p1a: Magneton|196\/241 brn|[from] brn
|turn|11
|
|switch|p2a: Rodolfo|Donphan, M|383\/383
|move|p1a: Magneton|Hidden Power|p2a: Rodolfo
|-supereffective|p2a: Rodolfo
|-damage|p2a: Rodolfo|159\/383
|
|-weather|none
|-heal|p2a: Rodolfo|182\/383|[from] item: Leftovers
|-damage|p1a: Magneton|166\/241 brn|[from] brn
|turn|12
|
|switch|p1a: Hydreigon|Hydreigon, M|273\/325
|switch|p2a: 5|Fletchinder, F, shiny|287\/327
|
|turn|13
|
|switch|p2a: Rodolfo|Donphan, M|182\/383
|move|p1a: Hydreigon|Draco Meteor|p2a: Rodolfo
|-damage|p2a: Rodolfo|0 fnt
|-unboost|p1a: Hydreigon|spa|2
|-damage|p1a: Hydreigon|241\/325|[from] item: Life Orb
|faint|p2a: Rodolfo
|
|
|switch|p2a: 5|Fletchinder, F, shiny|287\/327
|turn|14
|
|switch|p1a: Magneton|Magneton|166\/241 brn
|move|p2a: 5|Acrobatics|p1a: Magneton
|-resisted|p1a: Magneton
|-damage|p1a: Magneton|127\/241 brn
|
|-damage|p1a: Magneton|97\/241 brn|[from] brn
|turn|15
|
|move|p2a: 5|Roost|p2a: 5
|-heal|p2a: 5|327\/327
|move|p1a: Magneton|Thunderbolt|p2a: 5
|-crit|p2a: 5
|-damage|p2a: 5|0 fnt
|faint|p2a: 5
|
|-damage|p1a: Magneton|67\/241 brn|[from] brn
|c|âEmblema de Fuego|lol
|c|âEmblema de Fuego|crit
|c|âCotton Picker Jim|idk if that mattered?
|
|switch|p2a: Lagarton|Zygarde|419\/419
|-ability|p2a: Lagarton|Aura Break
|turn|16
|c|âCotton Picker Jim|analytic and all
|
|switch|p1a: Florges|Florges, F|359\/359
|move|p2a: Lagarton|Substitute|p2a: Lagarton
|-start|p2a: Lagarton|Substitute
|-damage|p2a: Lagarton|315\/419
|
|-heal|p2a: Lagarton|341\/419|[from] item: Leftovers
|turn|17
|
|move|p2a: Lagarton|Earthquake|p1a: Florges
|-damage|p1a: Florges|185\/359
|move|p1a: Florges|Moonblast|p2a: Lagarton
|-supereffective|p2a: Lagarton
|-end|p2a: Lagarton|Substitute
|
|-heal|p2a: Lagarton|367\/419|[from] item: Leftovers
|turn|18
|
|switch|p2a: Musho|Raikou, shiny|182\/322
|-ability|p2a: Musho|Pressure
|move|p1a: Florges|Moonblast|p2a: Musho
|-damage|p2a: Musho|0 fnt
|faint|p2a: Musho
|
|
|switch|p2a: D-Angelo|Absol-Mega, M|271\/271
|turn|19
|
|move|p2a: D-Angelo|Play Rough|p1a: Florges
|-damage|p1a: Florges|10\/359
|-unboost|p1a: Florges|atk|1
|move|p1a: Florges|Moonblast|p2a: D-Angelo
|-supereffective|p2a: D-Angelo
|-damage|p2a: D-Angelo|0 fnt
|faint|p2a: D-Angelo
|
|
|switch|p2a: Lagarton|Zygarde|367\/419
|-ability|p2a: Lagarton|Aura Break
|turn|20
|
|move|p2a: Lagarton|Earthquake|p1a: Florges
|-damage|p1a: Florges|0 fnt
|faint|p1a: Florges
|
|-heal|p2a: Lagarton|393\/419|[from] item: Leftovers
|c|âEmblema de Fuego|gg
|c|âCotton Picker Jim|gg
|
|switch|p1a: Magneton|Magneton|67\/241 brn
|turn|21
|
|move|p1a: Magneton|Hidden Power|p2a: Lagarton
|-supereffective|p2a: Lagarton
|-damage|p2a: Lagarton|197\/419
|move|p2a: Lagarton|Coil|p2a: Lagarton
|-boost|p2a: Lagarton|atk|1
|-boost|p2a: Lagarton|def|1
|-boost|p2a: Lagarton|accuracy|1
|
|-heal|p2a: Lagarton|223\/419|[from] item: Leftovers
|-damage|p1a: Magneton|37\/241 brn|[from] brn
|turn|22
|
|move|p1a: Magneton|Hidden Power|p2a: Lagarton
|-supereffective|p2a: Lagarton
|-damage|p2a: Lagarton|27\/419
|move|p2a: Lagarton|Earthquake|p1a: Magneton
|-supereffective|p1a: Magneton
|-damage|p1a: Magneton|0 fnt
|faint|p1a: Magneton
|
|-heal|p2a: Lagarton|53\/419|[from] item: Leftovers
|
|switch|p1a: Abomasnow|Abomasnow-Mega, M|163\/383
|-weather|Hail
|turn|23
|c|âCotton Picker Jim|didnt want to miss a draco miss lol
|
|move|p1a: Abomasnow|Ice Shard|p2a: Lagarton
|-supereffective|p2a: Lagarton
|-damage|p2a: Lagarton|0 fnt
|faint|p2a: Lagarton
|
|win|Cotton Picker Jim
|raw|Ladder updating...
|raw|Cotton Picker Jim's rating: 1412 &rarr; <strong>1439<\/strong><br \/>(+27 for winning)
|raw|Emblema de Fuego's rating: 1530 &rarr; <strong>1504<\/strong><br \/>(-26 for losing)