|join|Cotton Picker Jim
|join|slow testing
|player|p1|Cotton Picker Jim|247
|player|p2|slow testing|284
|gametype|singles
|gen|6
|tier|UU
|rated
|rule|Sleep Clause Mod: Limit one foe put to sleep
|rule|Species Clause: Limit one of each PokÃ©mon
|rule|OHKO Clause: OHKO moves are banned
|rule|Moody Clause: Moody is banned
|rule|Evasion Moves Clause: Evasion moves are banned
|rule|Endless Battle Clause: Forcing endless battles is banned
|rule|HP Percentage Mod: HP is shown in percentages
|clearpoke
|poke|p1|Alakazam, F
|poke|p1|Arcanine, M
|poke|p1|Florges, F
|poke|p1|Doublade, F
|poke|p1|Hitmonlee, M
|poke|p1|Jirachi
|poke|p2|Pangoro, F
|poke|p2|Tentacruel, F
|poke|p2|Zygarde
|poke|p2|Aerodactyl, M
|poke|p2|Doublade, F
|poke|p2|Florges, F
|rule|Swagger Clause: Swagger is banned
|rule|Baton Pass Clause: Limit one PokÃ©mon knowing Baton Pass
|teampreview
|
|start
|switch|p1a: Lionheart|Arcanine, M|383\/383
|switch|p2a: Pangoro|Pangoro, F|376\/376
|-ability|p1a: Lionheart|Intimidate|[of] p2a: Pangoro
|-unboost|p2a: Pangoro|atk|1
|turn|1
|
|switch|p2a: Tentacruel|Tentacruel, F|363\/363
|move|p1a: Lionheart|Will-O-Wisp|p2a: Tentacruel
|-status|p2a: Tentacruel|brn
|
|-damage|p2a: Tentacruel|318\/363 brn|[from] brn
|turn|2
|
|switch|p1a: Stardust|Jirachi|341\/341
|move|p2a: Tentacruel|Toxic Spikes|p1a: Stardust
|-sidestart|p1: Cotton Picker Jim|move: Toxic Spikes
|
|-heal|p2a: Tentacruel|340\/363 brn|[from] item: Black Sludge
|-damage|p2a: Tentacruel|295\/363 brn|[from] brn
|turn|3
|
|switch|p2a: Doublade|Doublade, F|312\/312
|move|p1a: Stardust|Stealth Rock|p2a: Doublade
|-sidestart|p2: slow testing|move: Stealth Rock
|
|turn|4
|
|switch|p1a: Lionheart|Arcanine, M|383\/383
|-status|p1a: Lionheart|psn
|-ability|p1a: Lionheart|Intimidate|[of] p2a: Doublade
|-unboost|p2a: Doublade|atk|1
|move|p2a: Doublade|Shadow Claw|p1a: Lionheart
|-damage|p1a: Lionheart|317\/383 psn
|-damage|p2a: Doublade|260\/312|[from] item: Rocky Helmet|[of] p1a: Lionheart
|
|-damage|p1a: Lionheart|270\/383 psn|[from] psn
|turn|5
|
|switch|p1a: Stardust|Jirachi|341\/341
|switch|p2a: Tentacruel|Tentacruel, F|295\/363 brn
|-damage|p2a: Tentacruel|250\/363 brn|[from] Stealth Rock
|
|-heal|p2a: Tentacruel|272\/363 brn|[from] item: Black Sludge
|-damage|p2a: Tentacruel|227\/363 brn|[from] brn
|turn|6
|
|switch|p2a: Doublade|Doublade, F|260\/312
|-damage|p2a: Doublade|241\/312|[from] Stealth Rock
|move|p1a: Stardust|Psychic|p2a: Doublade
|-resisted|p2a: Doublade
|-damage|p2a: Doublade|156\/312
|
|turn|7
|
|switch|p1a: Lionheart|Arcanine, M|270\/383 psn
|-ability|p1a: Lionheart|Intimidate|[of] p2a: Doublade
|-unboost|p2a: Doublade|atk|1
|switch|p2a: Zygarde|Zygarde|405\/405
|-damage|p2a: Zygarde|380\/405|[from] Stealth Rock
|-ability|p2a: Zygarde|Aura Break
|
|-heal|p2a: Zygarde|405\/405|[from] item: Leftovers
|-damage|p1a: Lionheart|223\/383 psn|[from] psn
|turn|8
|
|switch|p1a: Freya|Florges, F|360\/360
|-status|p1a: Freya|psn
|move|p2a: Zygarde|Earthquake|p1a: Freya
|-damage|p1a: Freya|246\/360 psn
|
|-heal|p1a: Freya|268\/360 psn|[from] item: Leftovers
|-damage|p1a: Freya|223\/360 psn|[from] psn
|turn|9
|
|move|p2a: Zygarde|Earthquake|p1a: Freya
|-damage|p1a: Freya|109\/360 psn
|move|p1a: Freya|Wish|p1a: Freya
|
|-heal|p1a: Freya|131\/360 psn|[from] item: Leftovers
|-damage|p1a: Freya|86\/360 psn|[from] psn
|turn|10
|
|move|p2a: Zygarde|Coil|p2a: Zygarde
|-boost|p2a: Zygarde|atk|1
|-boost|p2a: Zygarde|def|1
|-boost|p2a: Zygarde|accuracy|1
|move|p1a: Freya|Moonblast|p2a: Zygarde
|-supereffective|p2a: Zygarde
|-damage|p2a: Zygarde|171\/405
|
|-heal|p1a: Freya|266\/360 psn|[from] move: Wish|[wisher] Freya
|-heal|p2a: Zygarde|196\/405|[from] item: Leftovers
|-heal|p1a: Freya|288\/360 psn|[from] item: Leftovers
|-damage|p1a: Freya|243\/360 psn|[from] psn
|turn|11
|
|move|p2a: Zygarde|Substitute|p2a: Zygarde
|-start|p2a: Zygarde|Substitute
|-damage|p2a: Zygarde|95\/405
|move|p1a: Freya|Moonblast|p2a: Zygarde
|-supereffective|p2a: Zygarde
|-end|p2a: Zygarde|Substitute
|
|-heal|p2a: Zygarde|120\/405|[from] item: Leftovers
|-heal|p1a: Freya|265\/360 psn|[from] item: Leftovers
|-damage|p1a: Freya|220\/360 psn|[from] psn
|turn|12
|
|move|p2a: Zygarde|Substitute|p2a: Zygarde
|-start|p2a: Zygarde|Substitute
|-damage|p2a: Zygarde|19\/405
|move|p1a: Freya|Moonblast|p2a: Zygarde
|-supereffective|p2a: Zygarde
|-end|p2a: Zygarde|Substitute
|
|-heal|p2a: Zygarde|44\/405|[from] item: Leftovers
|-heal|p1a: Freya|242\/360 psn|[from] item: Leftovers
|-damage|p1a: Freya|197\/360 psn|[from] psn
|turn|13
|
|move|p2a: Zygarde|Earthquake|p1a: Freya
|-crit|p1a: Freya
|-damage|p1a: Freya|0 fnt
|faint|p1a: Freya
|
|-heal|p2a: Zygarde|69\/405|[from] item: Leftovers
|c|âCotton Picker Jim|ok
|c|âCotton Picker Jim|.....
|c|âslow testing|31 * 1.5 = 56.5
|
|switch|p1a: Hagen-Dazs|Alakazam, F|251\/251
|-status|p1a: Hagen-Dazs|psn
|turn|14
|c|âslow testing|so I dunno if it mattered
|c|âslow testing|oh nvm
|c|âslow testing|lol
|c|âslow testing|46.5
|c|âCotton Picker Jim|ya
|c|âslow testing|I miscalced it the whole time
|c|âslow testing|otherwise I wouldn't have stayed in
|c|âslow testing|sorry
|c|âCotton Picker Jim|all good. its been that kind of day for me
|
|switch|p2a: Florges|Florges, F|359\/359
|-damage|p2a: Florges|315\/359|[from] Stealth Rock
|move|p1a: Hagen-Dazs|Shadow Ball|p2a: Florges
|-crit|p2a: Florges
|-damage|p2a: Florges|220\/359
|
|-heal|p2a: Florges|242\/359|[from] item: Leftovers
|turn|15
|
|move|p1a: Hagen-Dazs|Psyshock|p2a: Florges
|-damage|p2a: Florges|80\/359
|move|p2a: Florges|Synthesis|p2a: Florges
|-heal|p2a: Florges|259\/359
|
|-heal|p2a: Florges|281\/359|[from] item: Leftovers
|turn|16
|
|move|p1a: Hagen-Dazs|Psyshock|p2a: Florges
|-damage|p2a: Florges|106\/359
|move|p2a: Florges|Synthesis|p2a: Florges
|-heal|p2a: Florges|285\/359
|
|-heal|p2a: Florges|307\/359|[from] item: Leftovers
|turn|17
|
|move|p1a: Hagen-Dazs|Psyshock|p2a: Florges
|-damage|p2a: Florges|150\/359
|move|p2a: Florges|Synthesis|p2a: Florges
|-heal|p2a: Florges|329\/359
|
|-heal|p2a: Florges|351\/359|[from] item: Leftovers
|turn|18
|
|switch|p1a: Stardust|Jirachi|341\/341
|move|p2a: Florges|Moonblast|p1a: Stardust
|-resisted|p1a: Stardust
|-damage|p1a: Stardust|275\/341
|
|-heal|p2a: Florges|359\/359|[from] item: Leftovers
|turn|19
|
|switch|p2a: Pangoro|Pangoro, F|376\/376
|-damage|p2a: Pangoro|353\/376|[from] Stealth Rock
|move|p1a: Stardust|Iron Head|p2a: Pangoro
|-damage|p2a: Pangoro|241\/376
|
|turn|20
|
|move|p1a: Stardust|Iron Head|p2a: Pangoro
|-damage|p2a: Pangoro|145\/376
|cant|p2a: Pangoro|flinch
|
|turn|21
|
|move|p1a: Stardust|Iron Head|p2a: Pangoro
|-damage|p2a: Pangoro|43\/376
|cant|p2a: Pangoro|flinch
|
|turn|22
|c|âCotton Picker Jim|whats a good panda set? ive been meaning to test him out
|
|move|p1a: Stardust|Iron Head|p2a: Pangoro
|-damage|p2a: Pangoro|0 fnt
|faint|p2a: Pangoro
|
|c|âslow testing|cb, subpunch, sd
|c|âslow testing|I'm currently trying out av
|c|âCotton Picker Jim|isnt he too slow for sd?
|
|switch|p2a: Doublade|Doublade, F|156\/312
|-damage|p2a: Doublade|137\/312|[from] Stealth Rock
|turn|23
|c|âslow testing|with max speed it's a good wallbreaker
|c|âslow testing|kinda like a slower heracross from xy
|c|âCotton Picker Jim|!dt pangoro
|c|~|\/data-pokemon Pangoro
|raw|<font size="1"><font color=#585858>Dex#:<\/font> 675&nbsp;|&ThickSpace;<font color=#585858>Height:<\/font> 2.1 m&nbsp;|&ThickSpace;<font color=#585858>Weight:<\/font> 136 kg <em>(100 BP)<\/em>&nbsp;|&ThickSpace;<font color=#585858>Dex Colour:<\/font> White&nbsp;|&ThickSpace;<font color=#585858>Egg Group(s):<\/font> Field, Human-Like&nbsp;|&ThickSpace;<font color=#585858><font color=#585858>Does Not Evolve<\/font><\/font><\/font>
|c|âCotton Picker Jim|nb
|
|switch|p1a: Lionheart|Arcanine, M|223\/383 psn
|-ability|p1a: Lionheart|Intimidate|[of] p2a: Doublade
|-unboost|p2a: Doublade|atk|1
|move|p2a: Doublade|Shadow Claw|p1a: Lionheart
|-damage|p1a: Lionheart|157\/383 psn
|-damage|p2a: Doublade|85\/312|[from] item: Rocky Helmet|[of] p1a: Lionheart
|
|-damage|p1a: Lionheart|110\/383 psn|[from] psn
|turn|24
|
|switch|p2a: Aerodactyl|Aerodactyl, M|311\/311
|-damage|p2a: Aerodactyl|234\/311|[from] Stealth Rock
|-ability|p2a: Aerodactyl|Pressure
|move|p1a: Lionheart|Morning Sun|p1a: Lionheart
|-heal|p1a: Lionheart|301\/383 psn
|
|-damage|p1a: Lionheart|254\/383 psn|[from] psn
|turn|25
|
|detailschange|p2a: Aerodactyl|Aerodactyl-Mega, M
|-mega|p2a: Aerodactyl|Aerodactyl|Aerodactylite
|move|p2a: Aerodactyl|Aqua Tail|p1a: Lionheart
|-supereffective|p1a: Lionheart
|-damage|p1a: Lionheart|18\/383 psn
|-damage|p2a: Aerodactyl|183\/311|[from] item: Rocky Helmet|[of] p1a: Lionheart
|move|p1a: Lionheart|Will-O-Wisp|p2a: Aerodactyl
|-status|p2a: Aerodactyl|brn
|
|-damage|p2a: Aerodactyl|145\/311 brn|[from] brn
|-damage|p1a: Lionheart|0 fnt|[from] psn
|faint|p1a: Lionheart
|
|switch|p1a: Venetia Shield|Doublade, F|322\/322
|turn|26
|c|âslow testing|how did dog survive that ugh
|c|âslow testing|gg after panda died
|c|âslow testing|this sweeps
|-message|slow testing forfeited.
|leave|slow testing
|
|win|Cotton Picker Jim
|raw|Ladder updating...
|player|p2
|raw|Cotton Picker Jim's rating: 1481 &rarr; <strong>1494<\/strong><br \/>(+13 for winning)
|raw|slow testing's rating: 1363 &rarr; <strong>1349<\/strong><br \/>(-14 for losing)