|join|Cotton Picker Jim
|join|Julie3
|player|p1|Cotton Picker Jim|172
|player|p2|Julie3|170
|gametype|singles
|gen|6
|tier|UU
|rated
|rule|Sleep Clause Mod: Limit one foe put to sleep
|rule|Species Clause: Limit one of each PokÃ©mon
|rule|OHKO Clause: OHKO moves are banned
|rule|Moody Clause: Moody is banned
|rule|Evasion Moves Clause: Evasion moves are banned
|rule|Endless Battle Clause: Forcing endless battles is banned
|rule|HP Percentage Mod: HP is shown in percentages
|clearpoke
|poke|p1|Hippowdon, M
|poke|p1|Reuniclus, M
|poke|p1|Doublade, M, shiny
|poke|p1|Entei, shiny
|poke|p1|Virizion
|poke|p1|Blastoise, F
|poke|p2|Milotic, F
|poke|p2|Celebi
|poke|p2|Arcanine, M
|poke|p2|Pidgeot, F
|poke|p2|Cobalion
|poke|p2|Espeon, M
|rule|Swagger Clause: Swagger is banned
|rule|Baton Pass Clause: Limit one PokÃ©mon knowing Baton Pass
|teampreview
|
|start
|switch|p1a: Shellshock|Blastoise, F|322\/322
|switch|p2a: Pidgeot|Pidgeot, F|307\/307
|turn|1
|
|switch|p2a: Milotic|Milotic, F|393\/393
|detailschange|p1a: Shellshock|Blastoise-Mega, F
|-mega|p1a: Shellshock|Blastoise|Blastoisinite
|move|p1a: Shellshock|Hydro Pump|p2a: Milotic
|-resisted|p2a: Milotic
|-damage|p2a: Milotic|315\/393
|
|-heal|p2a: Milotic|339\/393|[from] item: Leftovers
|turn|2
|
|switch|p1a: Zim|Reuniclus, M|422\/422
|move|p2a: Milotic|Scald|p1a: Zim
|-damage|p1a: Zim|304\/422
|
|-heal|p2a: Milotic|363\/393|[from] item: Leftovers
|-heal|p1a: Zim|330\/422|[from] item: Leftovers
|turn|3
|
|switch|p2a: Celebi|Celebi|341\/341
|move|p1a: Zim|Calm Mind|p1a: Zim
|-boost|p1a: Zim|spa|1
|-boost|p1a: Zim|spd|1
|
|-heal|p1a: Zim|356\/422|[from] item: Leftovers
|turn|4
|
|move|p2a: Celebi|U-turn|p1a: Zim
|-supereffective|p1a: Zim
|-damage|p1a: Zim|172\/422
|
|switch|p2a: Milotic|Milotic, F|363\/393
|move|p1a: Zim|Calm Mind|p1a: Zim
|-boost|p1a: Zim|spa|1
|-boost|p1a: Zim|spd|1
|
|-heal|p2a: Milotic|387\/393|[from] item: Leftovers
|-heal|p1a: Zim|198\/422|[from] item: Leftovers
|turn|5
|
|switch|p2a: Espeon|Espeon, M|271\/271
|move|p1a: Zim|Recover|p1a: Zim
|-heal|p1a: Zim|409\/422
|
|-heal|p1a: Zim|422\/422|[from] item: Leftovers
|turn|6
|
|switch|p1a: Shellshock|Blastoise-Mega, F|322\/322
|move|p2a: Espeon|Trick|p1a: Shellshock
|-fail|p1a: Shellshock
|
|turn|7
|
|switch|p2a: Milotic|Milotic, F|387\/393
|switch|p1a: Virizion|Virizion|323\/323
|
|-heal|p2a: Milotic|393\/393|[from] item: Leftovers
|turn|8
|
|switch|p2a: Pidgeot|Pidgeot, F|307\/307
|move|p1a: Virizion|Stone Edge|p2a: Pidgeot
|-supereffective|p2a: Pidgeot
|-damage|p2a: Pidgeot|0 fnt
|-damage|p1a: Virizion|291\/323|[from] item: Life Orb
|faint|p2a: Pidgeot
|
|
|switch|p2a: Arcanine|Arcanine, M|384\/384
|-ability|p2a: Arcanine|Intimidate|[of] p1a: Virizion
|-unboost|p1a: Virizion|atk|1
|turn|9
|-message|Julie3 forfeited.
|
|win|Cotton Picker Jim
|raw|Ladder updating...
|leave|Julie3
|player|p2
|raw|Cotton Picker Jim's rating: 1445 &rarr; <strong>1470<\/strong><br \/>(+25 for winning)
|raw|Julie3's rating: 1528 &rarr; <strong>1503<\/strong><br \/>(-25 for losing)