|join|Cotton Picker Jim
|join|King UU
|player|p1|Cotton Picker Jim|247
|player|p2|King UU|#kinguu
|gametype|singles
|gen|6
|tier|UU
|rated
|rule|Sleep Clause Mod: Limit one foe put to sleep
|rule|Species Clause: Limit one of each PokÃ©mon
|rule|OHKO Clause: OHKO moves are banned
|rule|Moody Clause: Moody is banned
|rule|Evasion Moves Clause: Evasion moves are banned
|rule|Endless Battle Clause: Forcing endless battles is banned
|rule|HP Percentage Mod: HP is shown in percentages
|clearpoke
|poke|p1|Hippowdon, M
|poke|p1|Reuniclus, M
|poke|p1|Doublade, M, shiny
|poke|p1|Entei, shiny
|poke|p1|Virizion
|poke|p1|Blastoise, F
|poke|p2|Serperior, F
|poke|p2|Crobat, F
|poke|p2|Jirachi
|poke|p2|Florges, F
|poke|p2|Hydreigon, M
|poke|p2|Swampert, M
|rule|Swagger Clause: Swagger is banned
|rule|Baton Pass Clause: Limit one PokÃ©mon knowing Baton Pass
|teampreview
|
|start
|switch|p1a: Darude|Hippowdon, M|417\/417
|switch|p2a: Hydreigon|Hydreigon, M|325\/325
|-weather|Sandstorm
|turn|1
|
|move|p2a: Hydreigon|Draco Meteor|p1a: Darude
|-damage|p1a: Darude|122\/417
|-unboost|p2a: Hydreigon|spa|2
|move|p1a: Darude|Stealth Rock|p2a: Hydreigon
|-sidestart|p2: King UU|move: Stealth Rock
|
|-weather|Sandstorm|[upkeep]
|-damage|p2a: Hydreigon|305\/325|[from] sandstorm
|-heal|p1a: Darude|148\/417|[from] item: Leftovers
|turn|2
|
|move|p2a: Hydreigon|Draco Meteor|p1a: Darude
|-damage|p1a: Darude|0 fnt
|-unboost|p2a: Hydreigon|spa|2
|faint|p1a: Darude
|
|-weather|Sandstorm|[upkeep]
|-damage|p2a: Hydreigon|285\/325|[from] sandstorm
|join|Winter's Howl
|
|switch|p1a: Mufasa|Entei, shiny|371\/371
|-ability|p1a: Mufasa|Pressure
|turn|3
|
|switch|p2a: Swampert|Swampert, M|353\/353
|-damage|p2a: Swampert|331\/353|[from] Stealth Rock
|move|p1a: Mufasa|Sacred Fire|p2a: Swampert
|-resisted|p2a: Swampert
|-damage|p2a: Swampert|178\/353
|
|-weather|Sandstorm|[upkeep]
|-damage|p1a: Mufasa|348\/371|[from] sandstorm
|turn|4
|
|switch|p1a: Virizion|Virizion|323\/323
|detailschange|p2a: Swampert|Swampert-Mega, M
|-mega|p2a: Swampert|Swampert|Swampertite
|move|p2a: Swampert|Rain Dance|p2a: Swampert
|-weather|RainDance
|
|-weather|RainDance|[upkeep]
|turn|5
|
|move|p2a: Swampert|Stealth Rock|p1a: Virizion
|-sidestart|p1: Cotton Picker Jim|move: Stealth Rock
|move|p1a: Virizion|Leaf Blade|p2a: Swampert
|-supereffective|p2a: Swampert
|-damage|p2a: Swampert|0 fnt
|-damage|p1a: Virizion|291\/323|[from] item: Life Orb
|faint|p2a: Swampert
|
|-weather|RainDance|[upkeep]
|
|switch|p2a: Serperior|Serperior, F|341\/341
|-damage|p2a: Serperior|299\/341|[from] Stealth Rock
|turn|6
|
|move|p1a: Virizion|Close Combat|p2a: Serperior
|-crit|p2a: Serperior
|-damage|p2a: Serperior|18\/341
|-unboost|p1a: Virizion|def|1
|-unboost|p1a: Virizion|spd|1
|-damage|p1a: Virizion|259\/323|[from] item: Life Orb
|move|p2a: Serperior|Glare|p1a: Virizion
|-status|p1a: Virizion|par
|
|-weather|RainDance|[upkeep]
|-heal|p2a: Serperior|39\/341|[from] item: Leftovers
|turn|7
|
|move|p2a: Serperior|Leaf Storm|p1a: Virizion
|-resisted|p1a: Virizion
|-damage|p1a: Virizion|182\/323 par
|-boost|p2a: Serperior|spa|2
|move|p1a: Virizion|Stone Edge|p2a: Serperior
|-damage|p2a: Serperior|0 fnt
|-damage|p1a: Virizion|150\/323 par|[from] item: Life Orb
|faint|p2a: Serperior
|
|-weather|RainDance|[upkeep]
|
|switch|p2a: Hydreigon|Hydreigon, M|285\/325
|-damage|p2a: Hydreigon|245\/325|[from] Stealth Rock
|turn|8
|
|move|p2a: Hydreigon|Draco Meteor|p1a: Virizion
|-damage|p1a: Virizion|0 fnt
|-unboost|p2a: Hydreigon|spa|2
|faint|p1a: Virizion
|
|-weather|none
|
|switch|p1a: Shellshock|Blastoise, F|322\/322
|-damage|p1a: Shellshock|282\/322|[from] Stealth Rock
|turn|9
|
|switch|p2a: Florges|Florges, F|360\/360
|-damage|p2a: Florges|315\/360|[from] Stealth Rock
|detailschange|p1a: Shellshock|Blastoise-Mega, F
|-mega|p1a: Shellshock|Blastoise|Blastoisinite
|move|p1a: Shellshock|Rapid Spin|p2a: Florges
|-damage|p2a: Florges|301\/360
|-sideend|p1: Cotton Picker Jim|Stealth Rock|[from] move: Rapid Spin|[of] p1a: Shellshock
|
|-heal|p2a: Florges|323\/360|[from] item: Leftovers
|turn|10
|
|switch|p1a: Mufasa|Entei, shiny|348\/371
|-ability|p1a: Mufasa|Pressure
|move|p2a: Florges|Calm Mind|p2a: Florges
|-boost|p2a: Florges|spa|1
|-boost|p2a: Florges|spd|1
|
|-heal|p2a: Florges|345\/360|[from] item: Leftovers
|turn|11
|
|move|p1a: Mufasa|Sacred Fire|p2a: Florges
|-damage|p2a: Florges|116\/360
|move|p2a: Florges|Moonblast|p1a: Mufasa
|-crit|p1a: Mufasa
|-resisted|p1a: Mufasa
|-damage|p1a: Mufasa|171\/371
|
|-heal|p2a: Florges|138\/360|[from] item: Leftovers
|turn|12
|
|move|p1a: Mufasa|Sacred Fire|p2a: Florges
|-crit|p2a: Florges
|-damage|p2a: Florges|0 fnt
|faint|p2a: Florges
|
|
|switch|p2a: Hydreigon|Hydreigon, M|245\/325
|-damage|p2a: Hydreigon|205\/325|[from] Stealth Rock
|turn|13
|
|switch|p1a: Zim|Reuniclus, M|422\/422
|move|p2a: Hydreigon|Dark Pulse|p1a: Zim
|-supereffective|p1a: Zim
|-damage|p1a: Zim|0 fnt
|faint|p1a: Zim
|
|
|switch|p1a: Shellshock|Blastoise-Mega, F|282\/322
|turn|14
|
|switch|p2a: Jirachi|Jirachi|341\/341
|-damage|p2a: Jirachi|320\/341|[from] Stealth Rock
|move|p1a: Shellshock|Ice Beam|p2a: Jirachi
|-resisted|p2a: Jirachi
|-damage|p2a: Jirachi|258\/341
|
|turn|15
|
|move|p2a: Jirachi|Iron Head|p1a: Shellshock
|-resisted|p1a: Shellshock
|-damage|p1a: Shellshock|234\/322
|cant|p1a: Shellshock|flinch
|
|turn|16
|
|move|p2a: Jirachi|Iron Head|p1a: Shellshock
|-crit|p1a: Shellshock
|-resisted|p1a: Shellshock
|-damage|p1a: Shellshock|163\/322
|move|p1a: Shellshock|Dark Pulse|p2a: Jirachi
|-supereffective|p2a: Jirachi
|-damage|p2a: Jirachi|0 fnt
|faint|p2a: Jirachi
|
|
|switch|p2a: Hydreigon|Hydreigon, M|205\/325
|-damage|p2a: Hydreigon|165\/325|[from] Stealth Rock
|turn|17
|
|move|p2a: Hydreigon|Dark Pulse|p1a: Shellshock
|-damage|p1a: Shellshock|0 fnt
|faint|p1a: Shellshock
|
|
|switch|p1a: Mufasa|Entei, shiny|171\/371
|-ability|p1a: Mufasa|Pressure
|turn|18
|
|move|p1a: Mufasa|Extreme Speed|p2a: Hydreigon
|-crit|p2a: Hydreigon
|-damage|p2a: Hydreigon|0 fnt
|faint|p2a: Hydreigon
|
|c|âKing UU|ugh
|
|switch|p2a: Crobat|Crobat, F|323\/323
|-damage|p2a: Crobat|243\/323|[from] Stealth Rock
|turn|19
|c|âCotton Picker Jim|to be fair extreme speed plus sneak killed
|
|move|p1a: Mufasa|Extreme Speed|p2a: Crobat
|-damage|p2a: Crobat|77\/323
|move|p2a: Crobat|Brave Bird|p1a: Mufasa
|-damage|p1a: Mufasa|0 fnt
|-damage|p2a: Crobat|21\/323|[from] recoil|[of] p1a: Mufasa
|faint|p1a: Mufasa
|
|
|switch|p1a: Venetia Shield|Doublade, M, shiny|309\/309
|turn|20
|c|âCotton Picker Jim|gg
|
|move|p1a: Venetia Shield|Shadow Sneak|p2a: Crobat
|-damage|p2a: Crobat|0 fnt
|faint|p2a: Crobat
|
|win|Cotton Picker Jim
|raw|Ladder updating...
|raw|Cotton Picker Jim's rating: 1491 &rarr; <strong>1520<\/strong><br \/>(+29 for winning)
|raw|King UU's rating: 1650 &rarr; <strong>1621<\/strong><br \/>(-29 for losing)
|leave|King UU
|player|p2