|join|Cotton Picker Jim
|join|MyLittleDick
|player|p1|Cotton Picker Jim|172
|player|p2|MyLittleDick|1
|gametype|singles
|gen|6
|tier|UU
|rated
|rule|Sleep Clause Mod: Limit one foe put to sleep
|rule|Species Clause: Limit one of each PokÃ©mon
|rule|OHKO Clause: OHKO moves are banned
|rule|Moody Clause: Moody is banned
|rule|Evasion Moves Clause: Evasion moves are banned
|rule|Endless Battle Clause: Forcing endless battles is banned
|rule|HP Percentage Mod: HP is shown in percentages
|clearpoke
|poke|p1|Hippowdon, M
|poke|p1|Reuniclus, M
|poke|p1|Doublade, M, shiny
|poke|p1|Entei, shiny
|poke|p1|Virizion
|poke|p1|Blastoise, F
|poke|p2|Slurpuff, F
|poke|p2|Kingdra, F
|poke|p2|Aerodactyl, F
|poke|p2|Nidoqueen, F
|poke|p2|Cobalion
|poke|p2|Honchkrow, M
|rule|Swagger Clause: Swagger is banned
|rule|Baton Pass Clause: Limit one PokÃ©mon knowing Baton Pass
|teampreview
|
|start
|switch|p1a: Darude|Hippowdon, M|417\/417
|switch|p2a: Kingdra|Kingdra, F|301\/301
|-weather|Sandstorm
|turn|1
|
|move|p2a: Kingdra|Waterfall|p1a: Darude
|-supereffective|p1a: Darude
|-damage|p1a: Darude|211\/417
|cant|p1a: Darude|flinch
|
|-weather|Sandstorm|[upkeep]
|-damage|p2a: Kingdra|283\/301|[from] sandstorm
|-heal|p1a: Darude|237\/417|[from] item: Leftovers
|turn|2
|
|switch|p1a: Virizion|Virizion|323\/323
|move|p2a: Kingdra|Dragon Dance|p2a: Kingdra
|-boost|p2a: Kingdra|atk|1
|-boost|p2a: Kingdra|spe|1
|
|-weather|Sandstorm|[upkeep]
|-damage|p2a: Kingdra|265\/301|[from] sandstorm
|-damage|p1a: Virizion|303\/323|[from] sandstorm
|turn|3
|
|move|p2a: Kingdra|Outrage|p1a: Virizion
|-crit|p1a: Virizion
|-damage|p1a: Virizion|0 fnt
|faint|p1a: Virizion
|
|-weather|Sandstorm|[upkeep]
|-damage|p2a: Kingdra|247\/301|[from] sandstorm
|
|switch|p1a: Venetia Shield|Doublade, M, shiny|309\/309
|turn|4
|
|move|p2a: Kingdra|Outrage|p1a: Venetia Shield
|-resisted|p1a: Venetia Shield
|-damage|p1a: Venetia Shield|248\/309
|move|p1a: Venetia Shield|Swords Dance|p1a: Venetia Shield
|-boost|p1a: Venetia Shield|atk|2
|
|-weather|Sandstorm|[upkeep]
|-damage|p2a: Kingdra|229\/301|[from] sandstorm
|turn|5
|
|move|p2a: Kingdra|Outrage|p1a: Venetia Shield
|-resisted|p1a: Venetia Shield
|-damage|p1a: Venetia Shield|183\/309
|move|p1a: Venetia Shield|Swords Dance|p1a: Venetia Shield
|-boost|p1a: Venetia Shield|atk|2
|
|-end|p2a: Kingdra|rampage
|-start|p2a: Kingdra|confusion
|-weather|none
|-enditem|p2a: Kingdra|Lum Berry|[eat]
|-end|p2a: Kingdra|confusion
|turn|6
|
|move|p1a: Venetia Shield|Shadow Sneak|p2a: Kingdra
|-damage|p2a: Kingdra|4\/301
|move|p2a: Kingdra|Waterfall|p1a: Venetia Shield
|-damage|p1a: Venetia Shield|105\/309
|
|turn|7
|
|move|p1a: Venetia Shield|Shadow Sneak|p2a: Kingdra
|-damage|p2a: Kingdra|0 fnt
|faint|p2a: Kingdra
|
|
|switch|p2a: Honchkrow|Honchkrow, M|341\/341
|turn|8
|
|move|p2a: Honchkrow|Pursuit|p1a: Venetia Shield
|-supereffective|p1a: Venetia Shield
|-damage|p1a: Venetia Shield|4\/309
|-damage|p2a: Honchkrow|307\/341|[from] item: Life Orb
|move|p1a: Venetia Shield|Swords Dance|p1a: Venetia Shield
|-boost|p1a: Venetia Shield|atk|2
|
|turn|9
|
|switch|p1a: Darude|Hippowdon, M|237\/417
|-weather|Sandstorm
|move|p2a: Honchkrow|Sucker Punch|p1a: Darude
|-fail|p1a: Darude
|
|-weather|Sandstorm|[upkeep]
|-damage|p2a: Honchkrow|286\/341|[from] sandstorm
|-heal|p1a: Darude|263\/417|[from] item: Leftovers
|turn|10
|
|switch|p2a: Nidoqueen|Nidoqueen, F|345\/345
|move|p1a: Darude|Slack Off|p1a: Darude
|-heal|p1a: Darude|417\/417
|
|-weather|Sandstorm|[upkeep]
|turn|11
|
|move|p2a: Nidoqueen|Earth Power|p1a: Darude
|-damage|p1a: Darude|238\/417
|move|p1a: Darude|Earthquake|p2a: Nidoqueen
|-supereffective|p2a: Nidoqueen
|-damage|p2a: Nidoqueen|49\/345
|
|-weather|Sandstorm|[upkeep]
|-heal|p1a: Darude|264\/417|[from] item: Leftovers
|turn|12
|
|move|p2a: Nidoqueen|Ice Beam|p1a: Darude
|-supereffective|p1a: Darude
|-damage|p1a: Darude|38\/417
|move|p1a: Darude|Earthquake|p2a: Nidoqueen
|-supereffective|p2a: Nidoqueen
|-damage|p2a: Nidoqueen|0 fnt
|faint|p2a: Nidoqueen
|
|-weather|Sandstorm|[upkeep]
|-heal|p1a: Darude|64\/417|[from] item: Leftovers
|
|switch|p2a: Honchkrow|Honchkrow, M|286\/341
|turn|13
|
|move|p2a: Honchkrow|Brave Bird|p1a: Darude
|-damage|p1a: Darude|0 fnt
|-damage|p2a: Honchkrow|265\/341|[from] recoil|[of] p1a: Darude
|-damage|p2a: Honchkrow|231\/341|[from] item: Life Orb
|faint|p1a: Darude
|-boost|p2a: Honchkrow|atk|1|[from] ability: Moxie
|
|-weather|none
|
|switch|p1a: Mufasa|Entei, shiny|371\/371
|-ability|p1a: Mufasa|Pressure
|turn|14
|
|move|p1a: Mufasa|Extreme Speed|p2a: Honchkrow
|-damage|p2a: Honchkrow|7\/341
|move|p2a: Honchkrow|Brave Bird|p1a: Mufasa
|-damage|p1a: Mufasa|0 fnt
|-damage|p2a: Honchkrow|0 fnt|[from] recoil|[of] p1a: Mufasa
|faint|p1a: Mufasa
|faint|p2a: Honchkrow
|
|
|switch|p2a: Slurpuff|Slurpuff, F|316\/316
|switch|p1a: Shellshock|Blastoise, F|322\/322
|turn|15
|
|detailschange|p1a: Shellshock|Blastoise-Mega, F
|-mega|p1a: Shellshock|Blastoise|Blastoisinite
|move|p2a: Slurpuff|Belly Drum|p2a: Slurpuff
|-damage|p2a: Slurpuff|158\/316
|-setboost|p2a: Slurpuff|atk|6|[from] move: Belly Drum
|-enditem|p2a: Slurpuff|Sitrus Berry|[eat]
|-heal|p2a: Slurpuff|237\/316|[from] item: Sitrus Berry
|move|p1a: Shellshock|Hydro Pump|p2a: Slurpuff
|-damage|p2a: Slurpuff|0 fnt
|faint|p2a: Slurpuff
|
|c|âMyLittleDick|nb
|c|âMyLittleDick|i think i choked
|
|switch|p2a: Aerodactyl|Aerodactyl, F|301\/301
|turn|16
|
|detailschange|p2a: Aerodactyl|Aerodactyl-Mega, F
|-mega|p2a: Aerodactyl|Aerodactyl|Aerodactylite
|move|p2a: Aerodactyl|Stone Edge|p1a: Shellshock
|-damage|p1a: Shellshock|178\/322
|move|p1a: Shellshock|Hydro Pump|p2a: Aerodactyl|[miss]
|-miss|p1a: Shellshock|p2a: Aerodactyl
|
|turn|17
|
|move|p2a: Aerodactyl|Stone Edge|p1a: Shellshock
|-damage|p1a: Shellshock|27\/322
|move|p1a: Shellshock|Hydro Pump|p2a: Aerodactyl
|-supereffective|p2a: Aerodactyl
|-damage|p2a: Aerodactyl|0 fnt
|faint|p2a: Aerodactyl
|
|
|switch|p2a: Cobalion|Cobalion|323\/323
|turn|18
|
|move|p2a: Cobalion|Iron Head|p1a: Shellshock
|-resisted|p1a: Shellshock
|-damage|p1a: Shellshock|0 fnt
|faint|p1a: Shellshock
|
|
|switch|p1a: Zim|Reuniclus, M|422\/422
|turn|19
|
|move|p2a: Cobalion|Iron Head|p1a: Zim
|-damage|p1a: Zim|323\/422
|cant|p1a: Zim|flinch
|
|-heal|p1a: Zim|349\/422|[from] item: Leftovers
|turn|20
|
|move|p2a: Cobalion|Swords Dance|p2a: Cobalion
|-boost|p2a: Cobalion|atk|2
|move|p1a: Zim|Focus Blast|p2a: Cobalion
|-supereffective|p2a: Cobalion
|-damage|p2a: Cobalion|25\/323
|
|-heal|p1a: Zim|375\/422|[from] item: Leftovers
|turn|21
|
|move|p2a: Cobalion|Iron Head|p1a: Zim
|-damage|p1a: Zim|195\/422
|move|p1a: Zim|Psyshock|p2a: Cobalion
|-damage|p2a: Cobalion|0 fnt
|faint|p2a: Cobalion
|
|win|Cotton Picker Jim
|raw|Ladder updating...
|raw|Cotton Picker Jim's rating: 1485 &rarr; <strong>1504<\/strong><br \/>(+19 for winning)
|raw|MyLittleDick's rating: 1484 &rarr; <strong>1464<\/strong><br \/>(-20 for losing)
|leave|MyLittleDick
|player|p2