|join|Cotton Picker Jim
|join|imgoodatuu
|player|p1|Cotton Picker Jim|172
|player|p2|imgoodatuu|68
|gametype|singles
|gen|6
|tier|UU
|rated
|rule|Sleep Clause Mod: Limit one foe put to sleep
|rule|Species Clause: Limit one of each PokÃ©mon
|rule|OHKO Clause: OHKO moves are banned
|rule|Moody Clause: Moody is banned
|rule|Evasion Moves Clause: Evasion moves are banned
|rule|Endless Battle Clause: Forcing endless battles is banned
|rule|HP Percentage Mod: HP is shown in percentages
|clearpoke
|poke|p1|Medicham, F
|poke|p1|Escavalier, M
|poke|p1|Vaporeon, F
|poke|p1|Krookodile, F
|poke|p1|Forretress, M, shiny
|poke|p1|Blissey, F
|poke|p2|Medicham, F
|poke|p2|Jirachi
|poke|p2|Vaporeon, M
|poke|p2|Crobat, F
|poke|p2|Hydreigon, M
|poke|p2|Nidoqueen, F
|rule|Swagger Clause: Swagger is banned
|rule|Baton Pass Clause: Limit one PokÃ©mon knowing Baton Pass
|teampreview
|join|Stupid fuckin bug
|
|start
|switch|p1a: Krookodile|Krookodile, F|331\/331
|switch|p2a: Meghan Trainor|Nidoqueen, F|351\/351
|-ability|p1a: Krookodile|Intimidate|[of] p2a: Meghan Trainor
|-unboost|p2a: Meghan Trainor|atk|1
|turn|1
|join|Vaporeon for Ubers
|
|switch|p2a: rip politoed|Vaporeon, M|452\/452
|move|p1a: Krookodile|Earthquake|p2a: rip politoed
|-damage|p2a: rip politoed|268\/452
|
|-heal|p2a: rip politoed|296\/452|[from] item: Leftovers
|turn|2
|
|move|p1a: Krookodile|Stealth Rock|p2a: rip politoed
|-sidestart|p2: imgoodatuu|move: Stealth Rock
|move|p2a: rip politoed|Scald|p1a: Krookodile
|-supereffective|p1a: Krookodile
|-damage|p1a: Krookodile|79\/331
|
|-heal|p2a: rip politoed|324\/452|[from] item: Leftovers
|turn|3
|
|switch|p1a: Vaporeon|Vaporeon, F|451\/451
|move|p2a: rip politoed|Wish|p2a: rip politoed
|
|-heal|p2a: rip politoed|352\/452|[from] item: Leftovers
|turn|4
|
|move|p2a: rip politoed|Baton Pass|p2a: rip politoed
|
|switch|p2a: Meghan Trainor|Nidoqueen, F|351\/351
|-damage|p2a: Meghan Trainor|330\/351|[from] Stealth Rock
|move|p1a: Vaporeon|Baton Pass|p1a: Vaporeon
|
|switch|p1a: Krookodile|Krookodile, F|79\/331
|-ability|p1a: Krookodile|Intimidate|[of] p2a: Meghan Trainor
|-unboost|p2a: Meghan Trainor|atk|1
|
|-heal|p2a: Meghan Trainor|351\/351|[from] move: Wish|[wisher] rip politoed
|turn|5
|
|switch|p2a: wanna yiff|Hydreigon, M|325\/325
|-damage|p2a: wanna yiff|285\/325|[from] Stealth Rock
|move|p1a: Krookodile|Earthquake|p2a: wanna yiff
|-immune|p2a: wanna yiff|[msg]
|
|turn|6
|
|switch|p1a: Walnut|Forretress, M, shiny|353\/353
|move|p2a: wanna yiff|U-turn|p1a: Walnut
|-resisted|p1a: Walnut
|-damage|p1a: Walnut|338\/353
|
|switch|p2a: Meghan Trainor|Nidoqueen, F|351\/351
|-damage|p2a: Meghan Trainor|330\/351|[from] Stealth Rock
|
|-heal|p1a: Walnut|353\/353|[from] item: Leftovers
|turn|7
|
|switch|p1a: Krookodile|Krookodile, F|79\/331
|-ability|p1a: Krookodile|Intimidate|[of] p2a: Meghan Trainor
|-unboost|p2a: Meghan Trainor|atk|1
|move|p2a: Meghan Trainor|Stealth Rock|p1a: Krookodile
|-sidestart|p1: Cotton Picker Jim|move: Stealth Rock
|
|turn|8
|
|switch|p2a: wanna yiff|Hydreigon, M|285\/325
|-damage|p2a: wanna yiff|245\/325|[from] Stealth Rock
|move|p1a: Krookodile|Earthquake|p2a: wanna yiff
|-immune|p2a: wanna yiff|[msg]
|
|turn|9
|
|switch|p1a: Teen Mom|Blissey, F|714\/714
|-damage|p1a: Teen Mom|625\/714|[from] Stealth Rock
|move|p2a: wanna yiff|Dark Pulse|p1a: Teen Mom
|-damage|p1a: Teen Mom|471\/714
|
|-heal|p1a: Teen Mom|515\/714|[from] item: Leftovers
|turn|10
|
|switch|p2a: like why|Medicham, F|261\/261
|-damage|p2a: like why|245\/261|[from] Stealth Rock
|move|p1a: Teen Mom|Seismic Toss|p2a: like why
|-damage|p2a: like why|145\/261
|
|-heal|p1a: Teen Mom|559\/714|[from] item: Leftovers
|turn|11
|
|detailschange|p2a: like why|Medicham-Mega, F
|-mega|p2a: like why|Medicham|Medichamite
|move|p1a: Teen Mom|Protect|p1a: Teen Mom
|-singleturn|p1a: Teen Mom|Protect
|move|p2a: like why|Fake Out|p1a: Teen Mom
|-activate|p1a: Teen Mom|Protect
|
|-heal|p1a: Teen Mom|603\/714|[from] item: Leftovers
|turn|12
|join|MyLittleDick
|
|switch|p1a: Vaporeon|Vaporeon, F|451\/451
|-damage|p1a: Vaporeon|395\/451|[from] Stealth Rock
|move|p2a: like why|High Jump Kick|p1a: Vaporeon
|-damage|p1a: Vaporeon|0 fnt
|faint|p1a: Vaporeon
|
|
|switch|p1a: Sultan Nipple Knee|Medicham, F|261\/261
|-damage|p1a: Sultan Nipple Knee|245\/261|[from] Stealth Rock
|turn|13
|
|switch|p2a: im a douche|Jirachi|341\/341
|-damage|p2a: im a douche|320\/341|[from] Stealth Rock
|detailschange|p1a: Sultan Nipple Knee|Medicham-Mega, F
|-mega|p1a: Sultan Nipple Knee|Medicham|Medichamite
|move|p1a: Sultan Nipple Knee|High Jump Kick|p2a: im a douche
|-damage|p2a: im a douche|0 fnt
|faint|p2a: im a douche
|
|
|switch|p2a: Batman XDD|Crobat, F|369\/369
|-damage|p2a: Batman XDD|277\/369|[from] Stealth Rock
|turn|14
|
|switch|p1a: Walnut|Forretress, M, shiny|353\/353
|-damage|p1a: Walnut|309\/353|[from] Stealth Rock
|move|p2a: Batman XDD|Brave Bird|p1a: Walnut
|-damage|p1a: Walnut|225\/353
|-damage|p2a: Batman XDD|249\/369|[from] recoil|[of] p1a: Walnut
|
|-heal|p2a: Batman XDD|272\/369|[from] item: Black Sludge
|-heal|p1a: Walnut|247\/353|[from] item: Leftovers
|turn|15
|
|move|p2a: Batman XDD|Defog|p1a: Walnut
|-unboost|p1a: Walnut|evasion|1
|-sideend|p1: Cotton Picker Jim|Stealth Rock|[from] move: Defog|[of] p1a: Walnut
|-sideend|p2: imgoodatuu|Stealth Rock|[from] move: Defog|[of] p2a: Batman XDD
|move|p1a: Walnut|Rapid Spin|p2a: Batman XDD
|-damage|p2a: Batman XDD|257\/369
|
|-heal|p2a: Batman XDD|280\/369|[from] item: Black Sludge
|-heal|p1a: Walnut|269\/353|[from] item: Leftovers
|turn|16
|join|henry
|
|move|p2a: Batman XDD|U-turn|p1a: Walnut
|-resisted|p1a: Walnut
|-damage|p1a: Walnut|254\/353
|
|switch|p2a: Meghan Trainor|Nidoqueen, F|330\/351
|move|p1a: Walnut|Spikes|p2a: Meghan Trainor
|-sidestart|p2: imgoodatuu|Spikes
|
|-heal|p1a: Walnut|276\/353|[from] item: Leftovers
|turn|17
|
|switch|p1a: Teen Mom|Blissey, F|603\/714
|move|p2a: Meghan Trainor|Earth Power|p1a: Teen Mom
|-damage|p1a: Teen Mom|455\/714
|
|-heal|p1a: Teen Mom|499\/714|[from] item: Leftovers
|turn|18
|
|move|p2a: Meghan Trainor|Stealth Rock|p1a: Teen Mom
|-sidestart|p1: Cotton Picker Jim|move: Stealth Rock
|move|p1a: Teen Mom|Seismic Toss|p2a: Meghan Trainor
|-damage|p2a: Meghan Trainor|230\/351
|
|-heal|p1a: Teen Mom|543\/714|[from] item: Leftovers
|turn|19
|join|Angel Olsen
|
|switch|p2a: rip politoed|Vaporeon, M|352\/452
|-damage|p2a: rip politoed|296\/452|[from] Spikes
|move|p1a: Teen Mom|Seismic Toss|p2a: rip politoed
|-damage|p2a: rip politoed|196\/452
|
|-heal|p2a: rip politoed|224\/452|[from] item: Leftovers
|-heal|p1a: Teen Mom|587\/714|[from] item: Leftovers
|turn|20
|
|switch|p1a: Sultan Nipple Knee|Medicham-Mega, F|245\/261
|-damage|p1a: Sultan Nipple Knee|229\/261|[from] Stealth Rock
|move|p2a: rip politoed|Wish|p2a: rip politoed
|
|-heal|p2a: rip politoed|252\/452|[from] item: Leftovers
|turn|21
|
|move|p2a: rip politoed|Protect|p2a: rip politoed
|-singleturn|p2a: rip politoed|Protect
|move|p1a: Sultan Nipple Knee|Zen Headbutt|p2a: rip politoed
|-activate|p2a: rip politoed|Protect
|
|-heal|p2a: rip politoed|452\/452|[from] move: Wish|[wisher] rip politoed
|turn|22
|
|switch|p2a: Batman XDD|Crobat, F|280\/369
|move|p1a: Sultan Nipple Knee|High Jump Kick|p2a: Batman XDD
|-resisted|p2a: Batman XDD
|-damage|p2a: Batman XDD|164\/369
|
|-heal|p2a: Batman XDD|187\/369|[from] item: Black Sludge
|turn|23
|
|switch|p1a: Walnut|Forretress, M, shiny|276\/353
|-damage|p1a: Walnut|232\/353|[from] Stealth Rock
|move|p2a: Batman XDD|Brave Bird|p1a: Walnut
|-damage|p1a: Walnut|154\/353
|-damage|p2a: Batman XDD|161\/369|[from] recoil|[of] p1a: Walnut
|
|-heal|p2a: Batman XDD|184\/369|[from] item: Black Sludge
|-heal|p1a: Walnut|176\/353|[from] item: Leftovers
|turn|24
|
|move|p2a: Batman XDD|U-turn|p1a: Walnut
|-resisted|p1a: Walnut
|-damage|p1a: Walnut|161\/353
|
|switch|p2a: Meghan Trainor|Nidoqueen, F|230\/351
|-damage|p2a: Meghan Trainor|187\/351|[from] Spikes
|move|p1a: Walnut|Rapid Spin|p2a: Meghan Trainor
|-damage|p2a: Meghan Trainor|174\/351
|-sideend|p1: Cotton Picker Jim|Stealth Rock|[from] move: Rapid Spin|[of] p1a: Walnut
|
|-heal|p1a: Walnut|183\/353|[from] item: Leftovers
|turn|25
|
|switch|p1a: Krookodile|Krookodile, F|79\/331
|-ability|p1a: Krookodile|Intimidate|[of] p2a: Meghan Trainor
|-unboost|p2a: Meghan Trainor|atk|1
|move|p2a: Meghan Trainor|Stealth Rock|p1a: Krookodile
|-sidestart|p1: Cotton Picker Jim|move: Stealth Rock
|
|turn|26
|
|move|p1a: Krookodile|Knock Off|p2a: Meghan Trainor
|-damage|p2a: Meghan Trainor|0 fnt
|-enditem|p2a: Meghan Trainor|Life Orb|[from] move: Knock Off|[of] p1a: Krookodile
|faint|p2a: Meghan Trainor
|
|
|switch|p2a: wanna yiff|Hydreigon, M|245\/325
|turn|27
|
|move|p2a: wanna yiff|U-turn|p1a: Krookodile
|-supereffective|p1a: Krookodile
|-damage|p1a: Krookodile|0 fnt
|faint|p1a: Krookodile
|join|Winter's Howl
|
|switch|p2a: like why|Medicham-Mega, F|145\/261
|-damage|p2a: like why|113\/261|[from] Spikes
|
|
|switch|p1a: KnightsOfTheRound|Escavalier, M|323\/323
|-damage|p1a: KnightsOfTheRound|283\/323|[from] Stealth Rock
|turn|28
|
|move|p2a: like why|High Jump Kick|p1a: KnightsOfTheRound
|-damage|p1a: KnightsOfTheRound|0 fnt
|faint|p1a: KnightsOfTheRound
|
|
|switch|p1a: Sultan Nipple Knee|Medicham-Mega, F|229\/261
|-damage|p1a: Sultan Nipple Knee|213\/261|[from] Stealth Rock
|turn|29
|
|switch|p2a: wanna yiff|Hydreigon, M|245\/325
|move|p1a: Sultan Nipple Knee|Fake Out|p2a: wanna yiff
|-damage|p2a: wanna yiff|156\/325
|
|turn|30
|
|switch|p1a: Teen Mom|Blissey, F|587\/714
|-damage|p1a: Teen Mom|498\/714|[from] Stealth Rock
|move|p2a: wanna yiff|U-turn|p1a: Teen Mom
|-damage|p1a: Teen Mom|401\/714
|
|switch|p2a: like why|Medicham-Mega, F|113\/261
|-damage|p2a: like why|81\/261|[from] Spikes
|
|-heal|p1a: Teen Mom|445\/714|[from] item: Leftovers
|turn|31
|
|switch|p1a: Walnut|Forretress, M, shiny|183\/353
|-damage|p1a: Walnut|139\/353|[from] Stealth Rock
|move|p2a: like why|Fake Out|p1a: Walnut
|-resisted|p1a: Walnut
|-damage|p1a: Walnut|118\/353
|
|-heal|p1a: Walnut|140\/353|[from] item: Leftovers
|turn|32
|
|move|p2a: like why|High Jump Kick|p1a: Walnut
|-damage|p1a: Walnut|0 fnt
|faint|p1a: Walnut
|
|
|switch|p1a: Sultan Nipple Knee|Medicham-Mega, F|213\/261
|-damage|p1a: Sultan Nipple Knee|197\/261|[from] Stealth Rock
|turn|33
|
|switch|p2a: wanna yiff|Hydreigon, M|156\/325
|move|p1a: Sultan Nipple Knee|High Jump Kick|p2a: wanna yiff
|-supereffective|p2a: wanna yiff
|-damage|p2a: wanna yiff|0 fnt
|faint|p2a: wanna yiff
|
|
|switch|p2a: Batman XDD|Crobat, F|184\/369
|turn|34
|leave|Angel Olsen
|
|switch|p1a: Teen Mom|Blissey, F|445\/714
|-damage|p1a: Teen Mom|356\/714|[from] Stealth Rock
|move|p2a: Batman XDD|Brave Bird|p1a: Teen Mom
|-damage|p1a: Teen Mom|98\/714
|-damage|p2a: Batman XDD|99\/369|[from] recoil|[of] p1a: Teen Mom
|
|-heal|p2a: Batman XDD|122\/369|[from] item: Black Sludge
|-heal|p1a: Teen Mom|142\/714|[from] item: Leftovers
|turn|35
|
|move|p2a: Batman XDD|Roost|p2a: Batman XDD
|-heal|p2a: Batman XDD|307\/369
|move|p1a: Teen Mom|Wish|p1a: Teen Mom
|
|-heal|p2a: Batman XDD|330\/369|[from] item: Black Sludge
|-heal|p1a: Teen Mom|186\/714|[from] item: Leftovers
|turn|36
|
|move|p2a: Batman XDD|Brave Bird|p1a: Teen Mom
|-damage|p1a: Teen Mom|0 fnt
|-damage|p2a: Batman XDD|269\/369|[from] recoil|[of] p1a: Teen Mom
|faint|p1a: Teen Mom
|
|-heal|p2a: Batman XDD|292\/369|[from] item: Black Sludge
|c|âimgoodatuu|lmao
|c|âimgoodatuu|owned again
|c|âCotton Picker Jim|lol overpredicted. "owned" haha such fucking trash
|c|âimgoodatuu|forfeit
|c|âimgoodatuu|you lose
|c|âimgoodatuu|your bad
|c| MyLittleDick|ily
|c| MyLittleDick|ctc
|c|âimgoodatuu|:))
|c|âimgoodatuu|ok
|-message|Cotton Picker Jim lost due to inactivity.
|
|win|imgoodatuu
|raw|Ladder updating...
|c|âimgoodatuu|good timestall
|raw|Cotton Picker Jim's rating: 1487 &rarr; <strong>1473<\/strong><br \/>(-14 for losing)
|raw|imgoodatuu's rating: 1583 &rarr; <strong>1597<\/strong><br \/>(+14 for winning)