|join|ChaoticChrome
|join|h. zimmer
|player|p1|ChaoticChrome|102
|player|p2|h. zimmer|2
|gametype|singles
|gen|6
|tier|OU
|rated
|clearpoke
|poke|p1|Starmie
|poke|p1|Clefable, M
|poke|p1|Garchomp, M
|poke|p1|Galvantula, M
|poke|p1|Bisharp, F
|poke|p1|Weavile, F
|poke|p2|Rotom-Wash
|poke|p2|Mew
|poke|p2|Latios, M
|poke|p2|Scizor, F
|poke|p2|Landorus, M
|poke|p2|Victini
|rule|Swagger Clause: Swagger is banned
|rule|Baton Pass Clause: Limit one PokÃ©mon knowing Baton Pass
|rule|Sleep Clause Mod: Limit one foe put to sleep
|rule|Species Clause: Limit one of each PokÃ©mon
|rule|OHKO Clause: OHKO moves are banned
|rule|Moody Clause: Moody is banned
|rule|Evasion Moves Clause: Evasion moves are banned
|rule|Endless Battle Clause: Forcing endless battles is banned
|rule|HP Percentage Mod: HP is shown in percentages
|teampreview
|
|start
|switch|p1a: Galvantula|Galvantula, M|281\/281
|switch|p2a: Landorus|Landorus, M|319\/319
|turn|1
|
|move|p1a: Galvantula|Sticky Web|p2a: Landorus
|-sidestart|p2: h. zimmer|move: Sticky Web
|move|p2a: Landorus|Earth Power|p1a: Galvantula
|-enditem|p1a: Galvantula|Focus Sash
|-damage|p1a: Galvantula|1\/281
|
|turn|2
|
|move|p1a: Galvantula|Giga Drain|p2a: Landorus
|-damage|p2a: Landorus|223\/319
|-heal|p1a: Galvantula|49\/281|[from] drain|[of] p2a: Landorus
|move|p2a: Landorus|Earth Power|p1a: Galvantula
|-damage|p1a: Galvantula|0 fnt
|faint|p1a: Galvantula
|
|
|switch|p1a: Weavile|Weavile, F|281\/281
|-ability|p1a: Weavile|Pressure
|turn|3
|
|switch|p2a: Rotom-Wash|Rotom-Wash|303\/303
|move|p1a: Weavile|Knock Off|p2a: Rotom-Wash
|-damage|p2a: Rotom-Wash|126\/303
|-enditem|p2a: Rotom-Wash|Leftovers|[from] move: Knock Off|[of] p1a: Weavile
|-damage|p1a: Weavile|253\/281|[from] item: Life Orb
|
|turn|4
|
|switch|p1a: Clefable|Clefable, M|394\/394
|move|p2a: Rotom-Wash|Volt Switch|p1a: Clefable
|-damage|p1a: Clefable|309\/394
|
|switch|p2a: Landorus|Landorus, M|223\/319
|
|-heal|p1a: Clefable|333\/394|[from] item: Leftovers
|turn|5
|
|move|p2a: Landorus|Earth Power|p1a: Clefable
|-damage|p1a: Clefable|64\/394
|move|p1a: Clefable|Moonblast|p2a: Landorus
|-damage|p2a: Landorus|99\/319
|
|-heal|p1a: Clefable|88\/394|[from] item: Leftovers
|turn|6
|
|move|p2a: Landorus|Earth Power|p1a: Clefable
|-crit|p1a: Clefable
|-damage|p1a: Clefable|0 fnt
|faint|p1a: Clefable
|
|
|switch|p1a: Weavile|Weavile, F|253\/281
|-ability|p1a: Weavile|Pressure
|turn|7
|
|switch|p2a: Scizor|Scizor, F|343\/343
|-activate|p2a: Scizor|move: Sticky Web
|-unboost|p2a: Scizor|spe|1
|move|p1a: Weavile|Knock Off|p2a: Scizor
|-damage|p2a: Scizor|194\/343
|-damage|p1a: Weavile|225\/281|[from] item: Life Orb
|
|turn|8
|
|switch|p1a: Garchomp|Garchomp, M|402\/402
|detailschange|p2a: Scizor|Scizor-Mega, F
|-mega|p2a: Scizor|Scizor|Scizorite
|move|p2a: Scizor|U-turn|p1a: Garchomp
|-damage|p1a: Garchomp|239\/402
|
|switch|p2a: Landorus|Landorus, M|99\/319
|
|turn|9
|
|switch|p1a: Starmie|Starmie|300\/300
|move|p2a: Landorus|Earth Power|p1a: Starmie
|-damage|p1a: Starmie|27\/300
|
|-heal|p1a: Starmie|45\/300|[from] item: Leftovers
|turn|10
|
|switch|p2a: Rotom-Wash|Rotom-Wash|126\/303
|move|p1a: Starmie|Scald|p2a: Rotom-Wash
|-resisted|p2a: Rotom-Wash
|-damage|p2a: Rotom-Wash|79\/303
|
|-heal|p1a: Starmie|63\/300|[from] item: Leftovers
|turn|11
|
|move|p1a: Starmie|Recover|p1a: Starmie
|-heal|p1a: Starmie|213\/300
|move|p2a: Rotom-Wash|Will-O-Wisp|p1a: Starmie
|-status|p1a: Starmie|brn
|
|-heal|p1a: Starmie|231\/300 brn|[from] item: Leftovers
|-damage|p1a: Starmie|194\/300 brn|[from] brn
|turn|12
|
|move|p1a: Starmie|Toxic|p2a: Rotom-Wash
|-status|p2a: Rotom-Wash|tox
|move|p2a: Rotom-Wash|Pain Split|p1a: Starmie
|-sethp|p1a: Starmie|136\/300 brn|p2a: Rotom-Wash|136\/303 tox|[from] move: Pain Split
|
|-heal|p1a: Starmie|154\/300 brn|[from] item: Leftovers
|-damage|p1a: Starmie|117\/300 brn|[from] brn
|-damage|p2a: Rotom-Wash|118\/303 tox|[from] psn
|turn|13
|
|move|p1a: Starmie|Recover|p1a: Starmie
|-heal|p1a: Starmie|267\/300 brn
|move|p2a: Rotom-Wash|Volt Switch|p1a: Starmie
|-crit|p1a: Starmie
|-supereffective|p1a: Starmie
|-damage|p1a: Starmie|0 fnt
|faint|p1a: Starmie
|
|switch|p2a: Latios|Latios, M|301\/301
|
|
|switch|p1a: Weavile|Weavile, F|225\/281
|-ability|p1a: Weavile|Pressure
|turn|14
|
|move|p2a: Latios|Defog|p1a: Weavile
|-unboost|p1a: Weavile|evasion|1
|-sideend|p2: h. zimmer|Sticky Web|[from] move: Defog|[of] p2a: Latios
|move|p1a: Weavile|Knock Off|p2a: Latios
|-supereffective|p2a: Latios
|-damage|p2a: Latios|0 fnt
|-enditem|p2a: Latios|Choice Scarf|[from] move: Knock Off|[of] p1a: Weavile
|-damage|p1a: Weavile|197\/281|[from] item: Life Orb
|faint|p2a: Latios
|
|
|switch|p2a: Scizor|Scizor-Mega, F|194\/343
|turn|15
|
|switch|p1a: Bisharp|Bisharp, F|271\/271
|move|p2a: Scizor|Bullet Punch|p1a: Bisharp
|-resisted|p1a: Bisharp
|-damage|p1a: Bisharp|203\/271
|
|turn|16
|
|move|p1a: Bisharp|Knock Off|p2a: Scizor
|-damage|p2a: Scizor|101\/343
|move|p2a: Scizor|Roost|p2a: Scizor
|-heal|p2a: Scizor|273\/343
|
|turn|17
|
|switch|p1a: Garchomp|Garchomp, M|239\/402
|move|p2a: Scizor|U-turn|p1a: Garchomp
|-damage|p1a: Garchomp|73\/402
|
|switch|p2a: Victini|Victini|341\/341
|
|turn|18
|
|detailschange|p1a: Garchomp|Garchomp-Mega, M
|-mega|p1a: Garchomp|Garchomp|Garchompite
|move|p2a: Victini|Brick Break|p1a: Garchomp
|-damage|p1a: Garchomp|8\/402
|move|p1a: Garchomp|Earthquake|p2a: Victini
|-supereffective|p2a: Victini
|-damage|p2a: Victini|0 fnt
|faint|p2a: Victini
|
|c|âh. zimmer|what
|
|switch|p2a: Scizor|Scizor-Mega, F|273\/343
|turn|19
|c|âh. zimmer|is that a full defensive spread?
|
|move|p2a: Scizor|Bullet Punch|p1a: Garchomp
|-damage|p1a: Garchomp|0 fnt
|faint|p1a: Garchomp
|
|
|switch|p1a: Bisharp|Bisharp, F|203\/271
|turn|20
|
|move|p1a: Bisharp|Low Sweep|p2a: Scizor
|-damage|p2a: Scizor|213\/343
|-unboost|p2a: Scizor|spe|1
|move|p2a: Scizor|U-turn|p1a: Bisharp
|-damage|p1a: Bisharp|44\/271
|
|switch|p2a: Mew|Mew|403\/403
|
|turn|21
|
|move|p2a: Mew|Will-O-Wisp|p1a: Bisharp
|-status|p1a: Bisharp|brn
|move|p1a: Bisharp|Knock Off|p2a: Mew
|-supereffective|p2a: Mew
|-damage|p2a: Mew|223\/403
|-enditem|p2a: Mew|Leftovers|[from] move: Knock Off|[of] p1a: Bisharp
|
|-damage|p1a: Bisharp|11\/271 brn|[from] brn
|turn|22
|
|move|p2a: Mew|Soft-Boiled|p2a: Mew
|-heal|p2a: Mew|403\/403
|move|p1a: Bisharp|Knock Off|p2a: Mew
|-supereffective|p2a: Mew
|-damage|p2a: Mew|301\/403
|
|-damage|p1a: Bisharp|0 fnt|[from] brn
|faint|p1a: Bisharp
|
|switch|p1a: Weavile|Weavile, F|197\/281
|-ability|p1a: Weavile|Pressure
|turn|23
|
|move|p1a: Weavile|Knock Off|p2a: Mew
|-supereffective|p2a: Mew
|-damage|p2a: Mew|12\/403
|-damage|p1a: Weavile|169\/281|[from] item: Life Orb
|move|p2a: Mew|U-turn|p1a: Weavile
|-supereffective|p1a: Weavile
|-damage|p1a: Weavile|19\/281
|
|switch|p2a: Scizor|Scizor-Mega, F|213\/343
|
|turn|24
|-message|ChaoticChrome forfeited.
|
|win|h. zimmer
|raw|Ladder updating...
|leave|ChaoticChrome
|player|p1
|raw|ChaoticChrome's rating: 1517 &rarr; <strong>1497<\/strong><br \/>(-20 for losing)
|raw|h. zimmer's rating: 1522 &rarr; <strong>1542<\/strong><br \/>(+20 for winning)
|c|âh. zimmer|gg