|join|milotic125
|join|ChaoticChrome
|player|p1|milotic125|102
|player|p2|ChaoticChrome|161
|gametype|singles
|gen|6
|tier|OU
|rated
|clearpoke
|poke|p1|Milotic, F, shiny
|poke|p1|Diancie
|poke|p1|Landorus-Therian, M
|poke|p1|Latios, M
|poke|p1|Ferrothorn, M
|poke|p1|Talonflame, F
|poke|p2|Venusaur, M
|poke|p2|Landorus, M
|poke|p2|Scizor, F
|poke|p2|Gyarados, F
|poke|p2|Latios, M
|poke|p2|Donphan, M
|rule|Swagger Clause: Swagger is banned
|rule|Baton Pass Clause: Limit one PokÃ©mon knowing Baton Pass
|rule|Sleep Clause Mod: Limit one foe put to sleep
|rule|Species Clause: Limit one of each PokÃ©mon
|rule|OHKO Clause: OHKO moves are banned
|rule|Moody Clause: Moody is banned
|rule|Evasion Moves Clause: Evasion moves are banned
|rule|Endless Battle Clause: Forcing endless battles is banned
|rule|HP Percentage Mod: HP is shown in percentages
|teampreview
|
|start
|switch|p1a: Diancie|Diancie|241\/241
|switch|p2a: Scizor|Scizor, F|344\/344
|turn|1
|
|detailschange|p1a: Diancie|Diancie-Mega
|-mega|p1a: Diancie|Diancie|Diancite
|move|p1a: Diancie|Protect|p1a: Diancie
|-singleturn|p1a: Diancie|Protect
|move|p2a: Scizor|U-turn|p1a: Diancie
|-activate|p1a: Diancie|Protect
|
|turn|2
|
|switch|p1a: Landorus-Therian|Landorus-Therian, M|382\/382
|-ability|p1a: Landorus-Therian|Intimidate|[of] p2a: Scizor
|-unboost|p2a: Scizor|atk|1
|move|p2a: Scizor|U-turn|p1a: Landorus-Therian
|-resisted|p1a: Landorus-Therian
|-damage|p1a: Landorus-Therian|328\/382
|
|switch|p2a: Donphan|Donphan, M|384\/384
|
|-heal|p1a: Landorus-Therian|351\/382|[from] item: Leftovers
|turn|3
|
|move|p1a: Landorus-Therian|U-turn|p2a: Donphan
|-damage|p2a: Donphan|332\/384
|
|switch|p1a: Diancie|Diancie-Mega|241\/241
|move|p2a: Donphan|Stealth Rock|p1a: Diancie
|move|p1a: Diancie|Stealth Rock|p2a: Donphan|[from]Magic Bounce
|-sidestart|p2: ChaoticChrome|move: Stealth Rock
|
|-heal|p2a: Donphan|356\/384|[from] item: Leftovers
|turn|4
|
|move|p1a: Diancie|Moonblast|p2a: Donphan
|-damage|p2a: Donphan|40\/384
|move|p2a: Donphan|Earthquake|p1a: Diancie
|-supereffective|p1a: Diancie
|-damage|p1a: Diancie|0 fnt
|faint|p1a: Diancie
|
|-heal|p2a: Donphan|64\/384|[from] item: Leftovers
|
|switch|p1a: Landorus-Therian|Landorus-Therian, M|351\/382
|-ability|p1a: Landorus-Therian|Intimidate|[of] p2a: Donphan
|-unboost|p2a: Donphan|atk|1
|turn|5
|
|move|p2a: Donphan|Ice Shard|p1a: Landorus-Therian
|-supereffective|p1a: Landorus-Therian
|-damage|p1a: Landorus-Therian|263\/382
|move|p1a: Landorus-Therian|Knock Off|p2a: Donphan
|-damage|p2a: Donphan|0 fnt
|-enditem|p2a: Donphan|Leftovers|[from] move: Knock Off|[of] p1a: Landorus-Therian
|faint|p2a: Donphan
|
|-heal|p1a: Landorus-Therian|286\/382|[from] item: Leftovers
|
|switch|p2a: Gyarados|Gyarados, F|343\/343
|-damage|p2a: Gyarados|258\/343|[from] Stealth Rock
|-ability|p2a: Gyarados|Intimidate|[of] p1a: Landorus-Therian
|-unboost|p1a: Landorus-Therian|atk|1
|turn|6
|
|move|p2a: Gyarados|Waterfall|p1a: Landorus-Therian
|-supereffective|p1a: Landorus-Therian
|-damage|p1a: Landorus-Therian|62\/382
|cant|p1a: Landorus-Therian|flinch
|
|-heal|p2a: Gyarados|279\/343|[from] item: Leftovers
|-heal|p1a: Landorus-Therian|85\/382|[from] item: Leftovers
|turn|7
|
|switch|p1a: Ferrothorn|Ferrothorn, M|352\/352
|move|p2a: Gyarados|Waterfall|p1a: Ferrothorn
|-resisted|p1a: Ferrothorn
|-damage|p1a: Ferrothorn|291\/352
|-damage|p2a: Gyarados|237\/343|[from] ability: Iron Barbs|[of] p1a: Ferrothorn
|
|-heal|p2a: Gyarados|258\/343|[from] item: Leftovers
|turn|8
|
|move|p2a: Gyarados|Taunt|p1a: Ferrothorn
|-start|p1a: Ferrothorn|move: Taunt
|cant|p1a: Ferrothorn|move: Taunt|Thunder Wave
|
|-heal|p2a: Gyarados|279\/343|[from] item: Leftovers
|turn|9
|
|switch|p1a: Landorus-Therian|Landorus-Therian, M|85\/382
|-ability|p1a: Landorus-Therian|Intimidate|[of] p2a: Gyarados
|-unboost|p2a: Gyarados|atk|1
|move|p2a: Gyarados|Dragon Dance|p2a: Gyarados
|-boost|p2a: Gyarados|atk|1
|-boost|p2a: Gyarados|spe|1
|
|-heal|p2a: Gyarados|300\/343|[from] item: Leftovers
|-heal|p1a: Landorus-Therian|108\/382|[from] item: Leftovers
|turn|10
|
|switch|p1a: Milotic|Milotic, F, shiny|393\/393
|move|p2a: Gyarados|Waterfall|p1a: Milotic
|-resisted|p1a: Milotic
|-damage|p1a: Milotic|325\/393
|
|-heal|p2a: Gyarados|321\/343|[from] item: Leftovers
|-heal|p1a: Milotic|349\/393|[from] item: Leftovers
|turn|11
|
|switch|p2a: Venusaur|Venusaur, M|364\/364
|-damage|p2a: Venusaur|319\/364|[from] Stealth Rock
|move|p1a: Milotic|Scald|p2a: Venusaur
|-resisted|p2a: Venusaur
|-damage|p2a: Venusaur|272\/364
|
|-heal|p1a: Milotic|373\/393|[from] item: Leftovers
|turn|12
|
|detailschange|p2a: Venusaur|Venusaur-Mega, M
|-mega|p2a: Venusaur|Venusaur|Venusaurite
|move|p1a: Milotic|Scald|p2a: Venusaur
|-resisted|p2a: Venusaur
|-damage|p2a: Venusaur|235\/364
|move|p2a: Venusaur|Sludge Bomb|p1a: Milotic
|-damage|p1a: Milotic|223\/393
|-status|p1a: Milotic|psn
|
|-heal|p1a: Milotic|247\/393 psn|[from] item: Leftovers
|-damage|p1a: Milotic|198\/393 psn|[from] psn
|turn|13
|
|switch|p1a: Talonflame|Talonflame, F|297\/297
|move|p2a: Venusaur|Sludge Bomb|p1a: Talonflame
|-crit|p1a: Talonflame
|-damage|p1a: Talonflame|0 fnt
|faint|p1a: Talonflame
|
|c|âmilotic125|....
|c|âChaoticChrome|o yeeeah
|
|switch|p1a: Latios|Latios, M|309\/309
|turn|14
|
|switch|p2a: Scizor|Scizor, F|344\/344
|-damage|p2a: Scizor|301\/344|[from] Stealth Rock
|move|p1a: Latios|Psyshock|p2a: Scizor
|-resisted|p2a: Scizor
|-damage|p2a: Scizor|218\/344
|-damage|p1a: Latios|279\/309|[from] item: Life Orb
|
|turn|15
|
|move|p1a: Latios|Hidden Power|p2a: Scizor
|-supereffective|p2a: Scizor
|-damage|p2a: Scizor|0 fnt
|-damage|p1a: Latios|249\/309|[from] item: Life Orb
|faint|p2a: Scizor
|
|
|switch|p2a: Latios|Latios, M|302\/302
|-damage|p2a: Latios|265\/302|[from] Stealth Rock
|turn|16
|
|switch|p1a: Ferrothorn|Ferrothorn, M|291\/352
|move|p2a: Latios|Draco Meteor|p1a: Ferrothorn
|-resisted|p1a: Ferrothorn
|-damage|p1a: Ferrothorn|182\/352
|-unboost|p2a: Latios|spa|2
|-damage|p2a: Latios|235\/302|[from] item: Life Orb
|
|turn|17
|
|switch|p2a: Venusaur|Venusaur-Mega, M|235\/364
|-damage|p2a: Venusaur|190\/364|[from] Stealth Rock
|move|p1a: Ferrothorn|Gyro Ball|p2a: Venusaur
|-damage|p2a: Venusaur|82\/364
|
|turn|18
|
|switch|p1a: Latios|Latios, M|249\/309
|move|p2a: Venusaur|Synthesis|p2a: Venusaur
|-heal|p2a: Venusaur|264\/364
|
|turn|19
|
|switch|p2a: Gyarados|Gyarados, F|321\/343
|-damage|p2a: Gyarados|236\/343|[from] Stealth Rock
|-ability|p2a: Gyarados|Intimidate|[of] p1a: Latios
|-unboost|p1a: Latios|atk|1
|move|p1a: Latios|Psyshock|p2a: Gyarados
|-damage|p2a: Gyarados|6\/343
|-damage|p1a: Latios|219\/309|[from] item: Life Orb
|
|-heal|p2a: Gyarados|27\/343|[from] item: Leftovers
|turn|20
|
|move|p1a: Latios|Psyshock|p2a: Gyarados
|-damage|p2a: Gyarados|0 fnt
|-damage|p1a: Latios|189\/309|[from] item: Life Orb
|faint|p2a: Gyarados
|
|
|switch|p2a: Latios|Latios, M|235\/302
|-damage|p2a: Latios|198\/302|[from] Stealth Rock
|turn|21
|
|switch|p1a: Ferrothorn|Ferrothorn, M|182\/352
|move|p2a: Latios|Calm Mind|p2a: Latios
|-boost|p2a: Latios|spa|1
|-boost|p2a: Latios|spd|1
|
|turn|22
|
|move|p2a: Latios|Draco Meteor|p1a: Ferrothorn
|-resisted|p1a: Ferrothorn
|-damage|p1a: Ferrothorn|26\/352
|-unboost|p2a: Latios|spa|2
|-damage|p2a: Latios|168\/302|[from] item: Life Orb
|move|p1a: Ferrothorn|Gyro Ball|p2a: Latios
|-crit|p2a: Latios
|-damage|p2a: Latios|0 fnt
|faint|p2a: Latios
|
|
|switch|p2a: Landorus|Landorus, M|320\/320
|-damage|p2a: Landorus|280\/320|[from] Stealth Rock
|turn|23
|
|move|p2a: Landorus|Earth Power|p1a: Ferrothorn
|-damage|p1a: Ferrothorn|0 fnt
|faint|p1a: Ferrothorn
|
|
|switch|p1a: Latios|Latios, M|189\/309
|turn|24
|
|move|p1a: Latios|Draco Meteor|p2a: Landorus
|-damage|p2a: Landorus|0 fnt
|-unboost|p1a: Latios|spa|2
|-damage|p1a: Latios|159\/309|[from] item: Life Orb
|faint|p2a: Landorus
|
|-message|ChaoticChrome forfeited.
|leave|ChaoticChrome
|
|win|milotic125
|raw|Ladder updating...
|player|p2
|raw|milotic125's rating: 1405 &rarr; <strong>1429<\/strong><br \/>(+24 for winning)
|raw|ChaoticChrome's rating: 1469 &rarr; <strong>1445<\/strong><br \/>(-24 for losing)