|join|dark08
|join|ChaoticChrome
|player|p1|dark08|153
|player|p2|ChaoticChrome|161
|gametype|singles
|gen|6
|tier|OU
|rated
|clearpoke
|poke|p1|Lucario, F
|poke|p1|Latios, M
|poke|p1|Espeon, M
|poke|p1|Umbreon, M
|poke|p1|Infernape, M
|poke|p1|Scizor, M
|poke|p2|Metagross
|poke|p2|Tyranitar, F
|poke|p2|Garchomp, F
|poke|p2|Starmie
|poke|p2|Excadrill, F
|poke|p2|Thundurus, M
|rule|Swagger Clause: Swagger is banned
|rule|Baton Pass Clause: Limit one PokÃ©mon knowing Baton Pass
|rule|Sleep Clause Mod: Limit one foe put to sleep
|rule|Species Clause: Limit one of each PokÃ©mon
|rule|OHKO Clause: OHKO moves are banned
|rule|Moody Clause: Moody is banned
|rule|Evasion Moves Clause: Evasion moves are banned
|rule|Endless Battle Clause: Forcing endless battles is banned
|rule|HP Percentage Mod: HP is shown in percentages
|teampreview
|
|start
|switch|p1a: Infernape|Infernape, M|294\/294
|switch|p2a: Starmie|Starmie|262\/262
|turn|1
|
|switch|p1a: Umbreon|Umbreon, M|394\/394
|move|p2a: Starmie|Psyshock|p1a: Umbreon
|-immune|p1a: Umbreon|[msg]
|
|turn|2
|
|switch|p2a: Tyranitar|Tyranitar, F|404\/404
|-weather|Sandstorm
|move|p1a: Umbreon|Foul Play|p2a: Tyranitar
|-resisted|p2a: Tyranitar
|-damage|p2a: Tyranitar|311\/404
|
|-weather|Sandstorm|[upkeep]
|-damage|p1a: Umbreon|370\/394|[from] sandstorm
|-heal|p1a: Umbreon|394\/394|[from] item: Leftovers
|turn|3
|
|move|p1a: Umbreon|Toxic|p2a: Tyranitar
|-status|p2a: Tyranitar|tox
|move|p2a: Tyranitar|Stealth Rock|p1a: Umbreon
|-sidestart|p1: dark08|move: Stealth Rock
|
|-weather|Sandstorm|[upkeep]
|-damage|p1a: Umbreon|370\/394|[from] sandstorm
|-heal|p1a: Umbreon|394\/394|[from] item: Leftovers
|-damage|p2a: Tyranitar|286\/404 tox|[from] psn
|turn|4
|
|switch|p1a: Scizor|Scizor, M|343\/343
|-damage|p1a: Scizor|301\/343|[from] Stealth Rock
|move|p2a: Tyranitar|Stone Edge|p1a: Scizor
|-crit|p1a: Scizor
|-damage|p1a: Scizor|0 fnt
|faint|p1a: Scizor
|
|-weather|Sandstorm|[upkeep]
|-damage|p2a: Tyranitar|236\/404 tox|[from] psn
|
|switch|p1a: Lucario|Lucario, F|282\/282
|-damage|p1a: Lucario|274\/282|[from] Stealth Rock
|turn|5
|
|switch|p2a: Starmie|Starmie|262\/262
|move|p1a: Lucario|Close Combat|p2a: Starmie
|-crit|p2a: Starmie
|-resisted|p2a: Starmie
|-damage|p2a: Starmie|10\/262
|-unboost|p1a: Lucario|def|1
|-unboost|p1a: Lucario|spd|1
|-damage|p1a: Lucario|246\/282|[from] item: Life Orb
|
|-weather|Sandstorm|[upkeep]
|-damage|p2a: Starmie|0 fnt|[from] sandstorm
|faint|p2a: Starmie
|
|switch|p2a: Metagross|Metagross|302\/302
|turn|6
|
|detailschange|p2a: Metagross|Metagross-Mega
|-mega|p2a: Metagross|Metagross|Metagrossite
|move|p1a: Lucario|Close Combat|p2a: Metagross
|-damage|p2a: Metagross|99\/302
|-unboost|p1a: Lucario|def|1
|-unboost|p1a: Lucario|spd|1
|-damage|p1a: Lucario|218\/282|[from] item: Life Orb
|move|p2a: Metagross|Hone Claws|p2a: Metagross
|-boost|p2a: Metagross|atk|1
|-boost|p2a: Metagross|accuracy|1
|
|-weather|Sandstorm|[upkeep]
|turn|7
|
|move|p1a: Lucario|Extreme Speed|p2a: Metagross
|-resisted|p2a: Metagross
|-damage|p2a: Metagross|60\/302
|-damage|p1a: Lucario|190\/282|[from] item: Life Orb
|move|p2a: Metagross|Meteor Mash|p1a: Lucario
|-resisted|p1a: Lucario
|-damage|p1a: Lucario|0 fnt
|faint|p1a: Lucario
|
|-weather|Sandstorm|[upkeep]
|
|switch|p1a: Infernape|Infernape, M|294\/294
|-damage|p1a: Infernape|258\/294|[from] Stealth Rock
|turn|8
|
|move|p1a: Infernape|Mach Punch|p2a: Metagross
|-damage|p2a: Metagross|11\/302
|move|p2a: Metagross|Zen Headbutt|p1a: Infernape
|-supereffective|p1a: Infernape
|-damage|p1a: Infernape|0 fnt
|faint|p1a: Infernape
|
|-weather|Sandstorm|[upkeep]
|
|switch|p1a: Umbreon|Umbreon, M|394\/394
|-damage|p1a: Umbreon|345\/394|[from] Stealth Rock
|turn|9
|
|move|p1a: Umbreon|Protect|p1a: Umbreon
|-singleturn|p1a: Umbreon|Protect
|move|p2a: Metagross|Meteor Mash|p1a: Umbreon
|-activate|p1a: Umbreon|Protect
|
|-weather|none
|-heal|p1a: Umbreon|369\/394|[from] item: Leftovers
|turn|10
|
|move|p2a: Metagross|Meteor Mash|p1a: Umbreon
|-damage|p1a: Umbreon|149\/394
|move|p1a: Umbreon|Foul Play|p2a: Metagross
|-supereffective|p2a: Metagross
|-damage|p2a: Metagross|0 fnt
|faint|p2a: Metagross
|
|-heal|p1a: Umbreon|173\/394|[from] item: Leftovers
|
|switch|p2a: Garchomp|Garchomp, F|358\/358
|turn|11
|
|move|p2a: Garchomp|Substitute|p2a: Garchomp
|-start|p2a: Garchomp|Substitute
|-damage|p2a: Garchomp|269\/358
|move|p1a: Umbreon|Wish|p1a: Umbreon
|
|-heal|p1a: Umbreon|197\/394|[from] item: Leftovers
|turn|12
|
|move|p2a: Garchomp|Swords Dance|p2a: Garchomp
|-boost|p2a: Garchomp|atk|2
|move|p1a: Umbreon|Foul Play|p2a: Garchomp
|-end|p2a: Garchomp|Substitute
|
|-heal|p1a: Umbreon|394\/394|[from] move: Wish|[wisher] Umbreon
|turn|13
|
|switch|p1a: Espeon|Espeon, M|272\/272
|-damage|p1a: Espeon|238\/272|[from] Stealth Rock
|move|p2a: Garchomp|Substitute|p2a: Garchomp
|-start|p2a: Garchomp|Substitute
|-damage|p2a: Garchomp|180\/358
|
|turn|14
|
|move|p1a: Espeon|Dazzling Gleam|p2a: Garchomp
|-supereffective|p2a: Garchomp
|-end|p2a: Garchomp|Substitute
|-damage|p1a: Espeon|211\/272|[from] item: Life Orb
|move|p2a: Garchomp|Substitute|p2a: Garchomp
|-start|p2a: Garchomp|Substitute
|-damage|p2a: Garchomp|91\/358
|
|turn|15
|
|move|p1a: Espeon|Dazzling Gleam|p2a: Garchomp
|-supereffective|p2a: Garchomp
|-end|p2a: Garchomp|Substitute
|-damage|p1a: Espeon|184\/272|[from] item: Life Orb
|move|p2a: Garchomp|Substitute|p2a: Garchomp
|-start|p2a: Garchomp|Substitute
|-damage|p2a: Garchomp|2\/358
|-enditem|p2a: Garchomp|Salac Berry|[eat]
|-boost|p2a: Garchomp|spe|1|[from] item: Salac Berry
|
|turn|16
|
|move|p2a: Garchomp|Dragon Claw|p1a: Espeon
|-damage|p1a: Espeon|0 fnt
|faint|p1a: Espeon
|
|
|switch|p1a: Umbreon|Umbreon, M|394\/394
|-damage|p1a: Umbreon|345\/394|[from] Stealth Rock
|turn|17
|
|move|p2a: Garchomp|Swords Dance|p2a: Garchomp
|-boost|p2a: Garchomp|atk|2
|move|p1a: Umbreon|Foul Play|p2a: Garchomp
|-end|p2a: Garchomp|Substitute
|
|-heal|p1a: Umbreon|369\/394|[from] item: Leftovers
|turn|18
|
|move|p2a: Garchomp|Earthquake|p1a: Umbreon
|-damage|p1a: Umbreon|8\/394
|move|p1a: Umbreon|Foul Play|p2a: Garchomp
|-damage|p2a: Garchomp|0 fnt
|faint|p2a: Garchomp
|
|-heal|p1a: Umbreon|32\/394|[from] item: Leftovers
|c|âChaoticChrome|omg it lived hahah
|
|switch|p2a: Thundurus|Thundurus, M|299\/299
|turn|19
|c|âdark08|yeah im surprised haha
|c|âChaoticChrome|obviously max def
|
|move|p1a: Umbreon|Protect|p1a: Umbreon
|-singleturn|p1a: Umbreon|Protect
|move|p2a: Thundurus|Thunderbolt|p1a: Umbreon
|-activate|p1a: Umbreon|Protect
|
|-heal|p1a: Umbreon|56\/394|[from] item: Leftovers
|turn|20
|c|âChaoticChrome|must have gotten a low roll
|
|switch|p1a: Latios|Latios, M|302\/302
|-damage|p1a: Latios|265\/302|[from] Stealth Rock
|move|p2a: Thundurus|Thunderbolt|p1a: Latios
|-resisted|p1a: Latios
|-damage|p1a: Latios|191\/302
|
|turn|21
|c|âdark08|yeah lol
|
|move|p2a: Thundurus|Knock Off|p1a: Latios
|-supereffective|p1a: Latios
|-damage|p1a: Latios|17\/302
|-enditem|p1a: Latios|Choice Specs|[from] move: Knock Off|[of] p2a: Thundurus
|move|p1a: Latios|Draco Meteor|p2a: Thundurus
|-damage|p2a: Thundurus|28\/299
|-unboost|p1a: Latios|spa|2
|
|-heal|p2a: Thundurus|46\/299|[from] item: Leftovers
|turn|22
|c|âChaoticChrome|gg
|c|âdark08|gg
|
|move|p2a: Thundurus|Thunderbolt|p1a: Latios
|-resisted|p1a: Latios
|-damage|p1a: Latios|0 fnt
|faint|p1a: Latios
|
|-heal|p2a: Thundurus|64\/299|[from] item: Leftovers
|
|switch|p1a: Umbreon|Umbreon, M|56\/394
|-damage|p1a: Umbreon|7\/394|[from] Stealth Rock
|turn|23
|
|move|p2a: Thundurus|Thunderbolt|p1a: Umbreon
|-damage|p1a: Umbreon|0 fnt
|faint|p1a: Umbreon
|
|win|ChaoticChrome
|raw|Ladder updating...
|raw|dark08's rating: 1584 &rarr; <strong>1563<\/strong><br \/>(-21 for losing)
|raw|ChaoticChrome's rating: 1566 &rarr; <strong>1587<\/strong><br \/>(+21 for winning)