|join|BR Grilo PR
|join|Anjo Malicioso
|player|p1|BR Grilo PR|161
|player|p2|Anjo Malicioso|168
|gametype|singles
|gen|6
|tier|OU
|clearpoke
|poke|p1|Azumarill, M
|poke|p1|Ferrothorn, M
|poke|p1|Garchomp, F
|poke|p1|Greninja, M
|poke|p1|Talonflame, F
|poke|p1|Ambipom, F
|poke|p2|Absol, M, shiny
|poke|p2|Infernape, M
|poke|p2|Electivire, M, shiny
|poke|p2|Crobat, M
|poke|p2|Conkeldurr, M, shiny
|poke|p2|Cresselia, F, shiny
|rule|Swagger Clause: Swagger is banned
|rule|Baton Pass Clause: Limit one PokÃ©mon knowing Baton Pass
|rule|Sleep Clause Mod: Limit one foe put to sleep
|rule|Species Clause: Limit one of each PokÃ©mon
|rule|OHKO Clause: OHKO moves are banned
|rule|Moody Clause: Moody is banned
|rule|Evasion Moves Clause: Evasion moves are banned
|rule|Endless Battle Clause: Forcing endless battles is banned
|rule|HP Percentage Mod: HP is shown in percentages
|teampreview
|c|âBR Grilo PR|boa sorte
|
|start
|switch|p1a: Ambipom|Ambipom, F|292\/292
|switch|p2a: Infernape|Infernape, M|294\/294
|turn|1
|c|âAnjo Malicioso|boa sorte
|
|move|p1a: Ambipom|Fake Out|p2a: Infernape
|-damage|p2a: Infernape|147\/294
|cant|p2a: Infernape|flinch
|
|turn|2
|
|switch|p1a: Azumarill|Azumarill, M|345\/345
|switch|p2a: Conkeldurr|Conkeldurr, M, shiny|352\/352
|
|turn|3
|join|SaturatedTowel
|
|move|p1a: Azumarill|Play Rough|p2a: Conkeldurr
|-supereffective|p2a: Conkeldurr
|-damage|p2a: Conkeldurr|26\/352
|move|p2a: Conkeldurr|Thunder Punch|p1a: Azumarill
|-supereffective|p1a: Azumarill
|-damage|p1a: Azumarill|0 fnt
|-damage|p2a: Conkeldurr|0 fnt|[from] item: Life Orb
|faint|p1a: Azumarill
|faint|p2a: Conkeldurr
|
|
|switch|p1a: Greninja|Greninja, M|286\/286
|switch|p2a: Absol|Absol, M, shiny|272\/272
|-ability|p2a: Absol|Pressure
|turn|4
|
|detailschange|p2a: Absol|Absol-Mega, M, shiny
|message|Absol has Mega Evolved into Mega Absol!
|move|p1a: Greninja|Ice Beam|p2a: Absol
|-start|p1a: Greninja|typechange|Ice|[from] Protean
|-damage|p2a: Absol|6\/272
|-damage|p1a: Greninja|258\/286|[from] item: Life Orb
|move|p2a: Absol|Psycho Cut|p1a: Greninja
|-damage|p1a: Greninja|130\/286
|
|turn|5
|
|switch|p2a: Infernape|Infernape, M|147\/294
|move|p1a: Greninja|Ice Beam|p2a: Infernape
|-resisted|p2a: Infernape
|-damage|p2a: Infernape|34\/294
|-damage|p1a: Greninja|102\/286|[from] item: Life Orb
|
|turn|6
|
|switch|p1a: Ferrothorn|Ferrothorn, M|352\/352
|move|p2a: Infernape|Thunder Punch|p1a: Ferrothorn
|-crit|p1a: Ferrothorn
|-resisted|p1a: Ferrothorn
|-damage|p1a: Ferrothorn|306\/352
|-damage|p2a: Infernape|0 fnt|[from] ability: Iron Barbs|[of] p1a: Ferrothorn
|faint|p2a: Infernape
|
|-heal|p1a: Ferrothorn|328\/352|[from] item: Leftovers
|
|switch|p2a: Electivire|Electivire, M, shiny|292\/292
|turn|7
|
|move|p2a: Electivire|Fire Punch|p1a: Ferrothorn
|-supereffective|p1a: Ferrothorn
|-damage|p1a: Ferrothorn|0 fnt
|-damage|p2a: Electivire|256\/292|[from] ability: Iron Barbs|[of] p1a: Ferrothorn
|-damage|p2a: Electivire|227\/292|[from] item: Life Orb
|faint|p1a: Ferrothorn
|
|
|switch|p1a: Garchomp|Garchomp, F|357\/357
|turn|8
|
|switch|p2a: Cresselia|Cresselia, F, shiny|382\/382
|move|p1a: Garchomp|Earthquake|p2a: Cresselia
|-immune|p2a: Cresselia|[msg]
|
|turn|9
|
|move|p1a: Garchomp|Swords Dance|p1a: Garchomp
|-boost|p1a: Garchomp|atk|2
|move|p2a: Cresselia|Reflect|p2a: Cresselia
|-sidestart|p2: Anjo Malicioso|Reflect
|
|turn|10
|
|move|p1a: Garchomp|Swords Dance|p1a: Garchomp
|-boost|p1a: Garchomp|atk|2
|move|p2a: Cresselia|Trick Room|p2a: Cresselia
|-fieldstart|move: Trick Room|[of] p2a: Cresselia
|
|turn|11
|
|move|p2a: Cresselia|Light Screen|p2a: Cresselia
|-sidestart|p2: Anjo Malicioso|move: Light Screen
|move|p1a: Garchomp|Outrage|p2a: Cresselia
|-damage|p2a: Cresselia|156\/382
|
|-heal|p2a: Cresselia|179\/382|[from] item: Leftovers
|turn|12
|
|move|p2a: Cresselia|Lunar Dance|p2a: Cresselia
|faint|p2a: Cresselia
|move|p1a: Garchomp|Outrage|p2: Cresselia|[notarget]
|-notarget
|
|-end|p1a: Garchomp|rampage
|-start|p1a: Garchomp|confusion
|
|switch|p2a: Electivire|Electivire, M, shiny|227\/292
|-heal|p2a: Electivire|292\/292|[from] move: Lunar Dance
|-enditem|p1a: Garchomp|Lum Berry|[eat]
|-end|p1a: Garchomp|confusion
|turn|13
|
|move|p2a: Electivire|Ice Punch|p1a: Garchomp
|-supereffective|p1a: Garchomp
|-damage|p1a: Garchomp|0 fnt
|-damage|p2a: Electivire|263\/292|[from] item: Life Orb
|faint|p1a: Garchomp
|
|-sideend|p2: Anjo Malicioso|Reflect
|
|switch|p1a: Ambipom|Ambipom, F|292\/292
|turn|14
|
|move|p1a: Ambipom|Fake Out|p2a: Electivire
|-damage|p2a: Electivire|112\/292
|cant|p2a: Electivire|flinch
|
|-fieldend|move: Trick Room
|turn|15
|
|move|p1a: Ambipom|Pursuit|p2a: Electivire
|-damage|p2a: Electivire|35\/292
|move|p2a: Electivire|Cross Chop|p1a: Ambipom|[miss]
|-miss|p2a: Electivire|p1a: Ambipom
|
|-sideend|p2: Anjo Malicioso|move: Light Screen
|turn|16
|c|âBR Grilo PR|lol
|c|âBR Grilo PR|i luck
|
|move|p1a: Ambipom|Pursuit|p2a: Electivire
|-damage|p2a: Electivire|0 fnt
|faint|p2a: Electivire
|
|
|switch|p2a: Crobat|Crobat, M|312\/312
|turn|17
|
|move|p2a: Crobat|Cross Poison|p1a: Ambipom
|-damage|p1a: Ambipom|104\/292
|-status|p1a: Ambipom|psn
|-damage|p2a: Crobat|281\/312|[from] item: Life Orb
|move|p1a: Ambipom|Double Hit|p2a: Crobat|[miss]
|-miss|p1a: Ambipom|p2a: Crobat
|
|-damage|p1a: Ambipom|68\/292 psn|[from] psn
|turn|18
|
|move|p2a: Crobat|Cross Poison|p1a: Ambipom
|-damage|p1a: Ambipom|0 fnt
|-damage|p2a: Crobat|250\/312|[from] item: Life Orb
|faint|p1a: Ambipom
|
|
|switch|p1a: Greninja|Greninja, M|102\/286
|turn|19
|
|move|p2a: Crobat|Cross Poison|p1a: Greninja
|-crit|p1a: Greninja
|-damage|p1a: Greninja|0 fnt
|-damage|p2a: Crobat|219\/312|[from] item: Life Orb
|faint|p1a: Greninja
|
|
|switch|p1a: Talonflame|Talonflame, F|297\/297
|turn|20
|
|move|p1a: Talonflame|Brave Bird|p2a: Crobat
|-damage|p2a: Crobat|0 fnt
|-damage|p1a: Talonflame|225\/297|[from] recoil|[of] p2a: Crobat
|faint|p2a: Crobat
|
|
|switch|p2a: Absol|Absol-Mega, M, shiny|6\/272
|turn|21
|c|âBR Grilo PR|gg
|
|move|p2a: Absol|Sucker Punch|p1a: Talonflame
|-damage|p1a: Talonflame|14\/297
|move|p1a: Talonflame|Brave Bird|p2a: Absol
|-damage|p2a: Absol|0 fnt
|-damage|p1a: Talonflame|12\/297|[from] recoil|[of] p2a: Absol
|faint|p2a: Absol
|
|win|BR Grilo PR
|leave|BR Grilo PR
|player|p1
|leave|SaturatedTowel