|join|Xeexus
|join|BR Grilo PR
|player|p1|Xeexus|29
|player|p2|BR Grilo PR|161
|gametype|singles
|gen|6
|tier|OU
|rated
|clearpoke
|poke|p1|Mamoswine, F, shiny
|poke|p1|Dragonite, F, shiny
|poke|p1|Thundurus, M, shiny
|poke|p1|Latias, F, shiny
|poke|p1|Charizard, F, shiny
|poke|p1|Scizor, F, shiny
|poke|p2|Ambipom, M, shiny
|poke|p2|Azumarill, F, shiny
|poke|p2|Ferrothorn, M, shiny
|poke|p2|Garchomp, M, shiny
|poke|p2|Greninja, M, shiny
|poke|p2|Talonflame, M, shiny
|rule|Swagger Clause: Swagger is banned
|rule|Baton Pass Clause: Limit one PokÃ©mon knowing Baton Pass
|rule|Sleep Clause Mod: Limit one foe put to sleep
|rule|Species Clause: Limit one of each PokÃ©mon
|rule|OHKO Clause: OHKO moves are banned
|rule|Moody Clause: Moody is banned
|rule|Evasion Moves Clause: Evasion moves are banned
|rule|Endless Battle Clause: Forcing endless battles is banned
|rule|HP Percentage Mod: HP is shown in percentages
|teampreview
|
|start
|switch|p1a: Scizor|Scizor, F, shiny|344\/344
|switch|p2a: Risadinha|Ambipom, M, shiny|291\/291
|turn|1
|
|move|p2a: Risadinha|Fake Out|p1a: Scizor
|-resisted|p1a: Scizor
|-damage|p1a: Scizor|281\/344
|cant|p1a: Scizor|flinch
|
|turn|2
|
|switch|p2a: Brave Birde|Talonflame, M, shiny|297\/297
|move|p1a: Scizor|Bullet Punch|p2a: Brave Birde
|-resisted|p2a: Brave Birde
|-damage|p2a: Brave Birde|219\/297
|
|turn|3
|
|switch|p1a: Dragonite|Dragonite, F, shiny|323\/323
|move|p2a: Brave Birde|U-turn|p1a: Dragonite
|-resisted|p1a: Dragonite
|-damage|p1a: Dragonite|278\/323
|
|switch|p2a: Sub-Zero|Greninja, M, shiny|286\/286
|
|turn|4
|
|move|p1a: Dragonite|Extreme Speed|p2a: Sub-Zero
|-damage|p2a: Sub-Zero|98\/286
|move|p2a: Sub-Zero|Ice Beam|p1a: Dragonite
|-start|p2a: Sub-Zero|typechange|Ice|[from] Protean
|-supereffective|p1a: Dragonite
|-damage|p1a: Dragonite|0 fnt
|-damage|p2a: Sub-Zero|70\/286|[from] item: Life Orb
|faint|p1a: Dragonite
|
|
|switch|p1a: Scizor|Scizor, F, shiny|281\/344
|turn|5
|
|switch|p2a: Spike|Ferrothorn, M, shiny|352\/352
|move|p1a: Scizor|Bullet Punch|p2a: Spike
|-resisted|p2a: Spike
|-damage|p2a: Spike|304\/352
|-damage|p1a: Scizor|238\/344|[from] ability: Iron Barbs|[of] p2a: Spike
|
|-heal|p2a: Spike|326\/352|[from] item: Leftovers
|turn|6
|
|switch|p1a: Charizard|Charizard, F, shiny|297\/297
|move|p2a: Spike|Stealth Rock|p1a: Charizard
|-sidestart|p1: Xeexus|move: Stealth Rock
|
|-heal|p2a: Spike|348\/352|[from] item: Leftovers
|turn|7
|
|switch|p2a: Rolinha|Azumarill, F, shiny|345\/345
|detailschange|p1a: Charizard|Charizard-Mega-X, F, shiny
|message|Charizard has Mega Evolved into Mega Charizard!
|move|p1a: Charizard|Earthquake|p2a: Rolinha
|-damage|p2a: Rolinha|211\/345
|
|turn|8
|
|switch|p1a: Scizor|Scizor, F, shiny|238\/344
|-damage|p1a: Scizor|195\/344|[from] Stealth Rock
|move|p2a: Rolinha|Play Rough|p1a: Scizor
|-resisted|p1a: Scizor
|-damage|p1a: Scizor|96\/344
|
|turn|9
|
|move|p1a: Scizor|Bullet Punch|p2a: Rolinha
|-damage|p2a: Rolinha|66\/345
|move|p2a: Rolinha|Knock Off|p1a: Scizor
|-damage|p1a: Scizor|0 fnt
|-enditem|p1a: Scizor|Lum Berry|[from] move: Knock Off|[of] p2a: Rolinha
|faint|p1a: Scizor
|
|
|switch|p1a: Thundurus|Thundurus, M, shiny|299\/299
|-damage|p1a: Thundurus|225\/299|[from] Stealth Rock
|turn|10
|c|âBR Grilo PR|lum berry scisor?
|
|switch|p2a: Hammer|Garchomp, M, shiny|358\/358
|move|p1a: Thundurus|Thunderbolt|p2a: Hammer
|-immune|p2a: Hammer|[msg]
|
|-heal|p1a: Thundurus|243\/299|[from] item: Leftovers
|turn|11
|
|move|p1a: Thundurus|Hidden Power|p2a: Hammer
|-supereffective|p2a: Hammer
|-damage|p2a: Hammer|58\/358
|move|p2a: Hammer|Stone Edge|p1a: Thundurus
|-crit|p1a: Thundurus
|-supereffective|p1a: Thundurus
|-damage|p1a: Thundurus|0 fnt
|faint|p1a: Thundurus
|
|
|switch|p1a: Mamoswine|Mamoswine, F, shiny|361\/361
|-damage|p1a: Mamoswine|316\/361|[from] Stealth Rock
|turn|12
|
|switch|p2a: Rolinha|Azumarill, F, shiny|66\/345
|move|p1a: Mamoswine|Ice Shard|p2a: Rolinha
|-resisted|p2a: Rolinha
|-damage|p2a: Rolinha|26\/345
|
|turn|13
|
|move|p1a: Mamoswine|Ice Shard|p2a: Rolinha
|-resisted|p2a: Rolinha
|-damage|p2a: Rolinha|0 fnt
|faint|p2a: Rolinha
|
|
|switch|p2a: Spike|Ferrothorn, M, shiny|348\/352
|turn|14
|
|move|p1a: Mamoswine|Stealth Rock|p2a: Spike
|-sidestart|p2: BR Grilo PR|move: Stealth Rock
|move|p2a: Spike|Leech Seed|p1a: Mamoswine
|-start|p1a: Mamoswine|move: Leech Seed
|
|-heal|p2a: Spike|352\/352|[from] item: Leftovers
|-damage|p1a: Mamoswine|271\/361|[from] Leech Seed|[of] p2a: Spike
|turn|15
|
|switch|p1a: Charizard|Charizard-Mega-X, F, shiny|297\/297
|-damage|p1a: Charizard|223\/297|[from] Stealth Rock
|move|p2a: Spike|Leech Seed|p1a: Charizard
|-start|p1a: Charizard|move: Leech Seed
|
|-damage|p1a: Charizard|186\/297|[from] Leech Seed|[of] p2a: Spike
|turn|16
|
|switch|p2a: Hammer|Garchomp, M, shiny|58\/358
|-damage|p2a: Hammer|36\/358|[from] Stealth Rock
|move|p1a: Charizard|Dragon Dance|p1a: Charizard
|-boost|p1a: Charizard|atk|1
|-boost|p1a: Charizard|spe|1
|
|-damage|p1a: Charizard|149\/297|[from] Leech Seed|[of] p2a: Hammer
|-heal|p2a: Hammer|73\/358|[silent]
|turn|17
|
|switch|p2a: Spike|Ferrothorn, M, shiny|352\/352
|-damage|p2a: Spike|330\/352|[from] Stealth Rock
|move|p1a: Charizard|Earthquake|p2a: Spike
|-damage|p2a: Spike|184\/352
|
|-heal|p2a: Spike|206\/352|[from] item: Leftovers
|-damage|p1a: Charizard|112\/297|[from] Leech Seed|[of] p2a: Spike
|-heal|p2a: Spike|243\/352|[silent]
|turn|18
|
|switch|p2a: Brave Birde|Talonflame, M, shiny|219\/297
|-damage|p2a: Brave Birde|71\/297|[from] Stealth Rock
|move|p1a: Charizard|Fire Punch|p2a: Brave Birde
|-resisted|p2a: Brave Birde
|-damage|p2a: Brave Birde|0 fnt
|faint|p2a: Brave Birde
|
|
|switch|p2a: Risadinha|Ambipom, M, shiny|291\/291
|-damage|p2a: Risadinha|255\/291|[from] Stealth Rock
|turn|19
|
|move|p2a: Risadinha|Fake Out|p1a: Charizard
|-damage|p1a: Charizard|1\/297
|cant|p1a: Charizard|flinch
|
|-damage|p1a: Charizard|0 fnt|[from] Leech Seed|[of] p2a: Risadinha
|-heal|p2a: Risadinha|256\/291|[silent]
|faint|p1a: Charizard
|
|switch|p1a: Mamoswine|Mamoswine, F, shiny|271\/361
|-damage|p1a: Mamoswine|226\/361|[from] Stealth Rock
|turn|20
|
|move|p1a: Mamoswine|Ice Shard|p2a: Risadinha
|-damage|p2a: Risadinha|154\/291
|move|p2a: Risadinha|Double Hit|p1a: Mamoswine
|-damage|p1a: Mamoswine|100\/361
|-damage|p1a: Mamoswine|0 fnt
|-hitcount|p1a: Mamoswine|2
|faint|p1a: Mamoswine
|
|
|switch|p1a: Latias|Latias, F, shiny|319\/319
|-damage|p1a: Latias|280\/319|[from] Stealth Rock
|turn|21
|
|move|p1a: Latias|Hidden Power|p2a: Risadinha
|-damage|p2a: Risadinha|46\/291
|-damage|p1a: Latias|249\/319|[from] item: Life Orb
|move|p2a: Risadinha|Double Hit|p1a: Latias
|-damage|p1a: Latias|129\/319
|-damage|p1a: Latias|6\/319
|-hitcount|p1a: Latias|2
|
|turn|22
|
|switch|p2a: Hammer|Garchomp, M, shiny|73\/358
|-damage|p2a: Hammer|51\/358|[from] Stealth Rock
|move|p1a: Latias|Hidden Power|p2a: Hammer
|-resisted|p2a: Hammer
|-damage|p2a: Hammer|6\/358
|-damage|p1a: Latias|0 fnt|[from] item: Life Orb
|faint|p1a: Latias
|
|win|BR Grilo PR
|raw|Ladder updating...
|raw|Xeexus's rating: 1346 &rarr; <strong>1325<\/strong><br \/>(-21 for losing)
|raw|BR Grilo PR's rating: 1319 &rarr; <strong>1341<\/strong><br \/>(+22 for winning)
|c|âXeexus|gg
|c|âBR Grilo PR|gg