|join|BR Grilo PR
|join|TooOldForThisGame
|player|p1|BR Grilo PR|161
|player|p2|TooOldForThisGame|266
|gametype|singles
|gen|6
|tier|OU
|rated
|clearpoke
|poke|p1|Ambipom, M, shiny
|poke|p1|Azumarill, F, shiny
|poke|p1|Ferrothorn, M, shiny
|poke|p1|Garchomp, M, shiny
|poke|p1|Talonflame, M, shiny
|poke|p1|Tyranitar, M, shiny
|poke|p2|Greninja, M
|poke|p2|Conkeldurr, F
|poke|p2|Landorus-Therian, M
|poke|p2|Heatran, M
|poke|p2|Venusaur, F
|poke|p2|Tyranitar, M
|rule|Swagger Clause: Swagger is banned
|rule|Baton Pass Clause: Limit one PokÃ©mon knowing Baton Pass
|rule|Sleep Clause Mod: Limit one foe put to sleep
|rule|Species Clause: Limit one of each PokÃ©mon
|rule|OHKO Clause: OHKO moves are banned
|rule|Moody Clause: Moody is banned
|rule|Evasion Moves Clause: Evasion moves are banned
|rule|Endless Battle Clause: Forcing endless battles is banned
|rule|HP Percentage Mod: HP is shown in percentages
|teampreview
|
|start
|switch|p1a: Gordinha|Azumarill, F, shiny|345\/345
|switch|p2a: Conkeldurr|Conkeldurr, F|351\/351
|turn|1
|
|switch|p2a: Venusaur|Venusaur, F|364\/364
|move|p1a: Gordinha|Play Rough|p2a: Venusaur
|-resisted|p2a: Venusaur
|-damage|p2a: Venusaur|289\/364
|-unboost|p2a: Venusaur|atk|1
|
|turn|2
|
|detailschange|p2a: Venusaur|Venusaur-Mega, F
|message|Venusaur has Mega Evolved into Mega Venusaur!
|move|p2a: Venusaur|Sludge Bomb|p1a: Gordinha
|-supereffective|p1a: Gordinha
|-damage|p1a: Gordinha|187\/345
|move|p1a: Gordinha|Body Slam|p2a: Venusaur
|-damage|p2a: Venusaur|211\/364
|
|turn|3
|
|move|p2a: Venusaur|Giga Drain|p1a: Gordinha
|-supereffective|p1a: Gordinha
|-damage|p1a: Gordinha|53\/345
|-heal|p2a: Venusaur|278\/364|[from] drain|[of] p1a: Gordinha
|move|p1a: Gordinha|Body Slam|p2a: Venusaur
|-damage|p2a: Venusaur|198\/364
|
|turn|4
|
|move|p2a: Venusaur|Giga Drain|p1a: Gordinha
|-crit|p1a: Gordinha
|-supereffective|p1a: Gordinha
|-damage|p1a: Gordinha|0 fnt
|-heal|p2a: Venusaur|225\/364|[from] drain|[of] p1a: Gordinha
|faint|p1a: Gordinha
|
|
|switch|p1a: Risadinha|Ambipom, M, shiny|292\/292
|turn|5
|
|switch|p2a: Landorus-Therian|Landorus-Therian, M|320\/320
|-ability|p2a: Landorus-Therian|Intimidate|[of] p1a: Risadinha
|-unboost|p1a: Risadinha|atk|1
|move|p1a: Risadinha|Fake Out|p2a: Landorus-Therian
|-damage|p2a: Landorus-Therian|247\/320
|
|turn|6
|
|switch|p1a: Brave Bird|Talonflame, M, shiny|297\/297
|move|p2a: Landorus-Therian|U-turn|p1a: Brave Bird
|-resisted|p1a: Brave Bird
|-damage|p1a: Brave Bird|265\/297
|
|switch|p2a: Tyranitar|Tyranitar, M|404\/404
|-weather|Sandstorm
|
|-weather|Sandstorm|[upkeep]
|-damage|p1a: Brave Bird|247\/297|[from] sandstorm
|turn|7
|
|move|p1a: Brave Bird|U-turn|p2a: Tyranitar
|-supereffective|p2a: Tyranitar
|-damage|p2a: Tyranitar|298\/404
|
|move|p2a: Tyranitar|Pursuit|p1a: Brave Bird|[from]Pursuit
|-damage|p1a: Brave Bird|82\/297
|switch|p1a: Hammer|Garchomp, M, shiny|357\/357
|
|-weather|Sandstorm|[upkeep]
|turn|8
|
|switch|p2a: Landorus-Therian|Landorus-Therian, M|247\/320
|-ability|p2a: Landorus-Therian|Intimidate|[of] p1a: Hammer
|-unboost|p1a: Hammer|atk|1
|move|p1a: Hammer|Swords Dance|p1a: Hammer
|-boost|p1a: Hammer|atk|2
|
|-weather|Sandstorm|[upkeep]
|turn|9
|
|move|p2a: Landorus-Therian|Earthquake|p1a: Hammer
|-damage|p1a: Hammer|152\/357
|move|p1a: Hammer|Swords Dance|p1a: Hammer
|-boost|p1a: Hammer|atk|2
|
|-weather|Sandstorm|[upkeep]
|turn|10
|
|switch|p1a: Brave Bird|Talonflame, M, shiny|82\/297
|move|p2a: Landorus-Therian|Earthquake|p1a: Brave Bird
|-immune|p1a: Brave Bird|[msg]
|
|-weather|none
|turn|11
|
|move|p1a: Brave Bird|Roost|p1a: Brave Bird
|-heal|p1a: Brave Bird|231\/297
|move|p2a: Landorus-Therian|Earthquake|p1a: Brave Bird
|-supereffective|p1a: Brave Bird
|-damage|p1a: Brave Bird|0 fnt
|faint|p1a: Brave Bird
|
|c|âBR Grilo PR|what?
|c|âTooOldForThisGame|:]
|
|switch|p1a: Spike|Ferrothorn, M, shiny|352\/352
|turn|12
|join|Felipe002
|
|switch|p2a: Conkeldurr|Conkeldurr, F|351\/351
|move|p1a: Spike|Power Whip|p2a: Conkeldurr
|-damage|p2a: Conkeldurr|221\/351
|
|turn|13
|c| Felipe002|Ata
|c|âBR Grilo PR|foi
|c|âBR Grilo PR|no round anterior
|
|move|p2a: Conkeldurr|Drain Punch|p1a: Spike
|-supereffective|p1a: Spike
|-damage|p1a: Spike|110\/352
|-heal|p2a: Conkeldurr|342\/351|[from] drain|[of] p1a: Spike
|-damage|p2a: Conkeldurr|299\/351|[from] ability: Iron Barbs|[of] p1a: Spike
|move|p1a: Spike|Gyro Ball|p2a: Conkeldurr
|-damage|p2a: Conkeldurr|205\/351
|
|-heal|p1a: Spike|132\/352|[from] item: Leftovers
|turn|14
|c| Felipe002|Ja sei pq foi
|
|move|p2a: Conkeldurr|Drain Punch|p1a: Spike
|-supereffective|p1a: Spike
|-damage|p1a: Spike|0 fnt
|-heal|p2a: Conkeldurr|271\/351|[from] drain|[of] p1a: Spike
|-damage|p2a: Conkeldurr|228\/351|[from] ability: Iron Barbs|[of] p1a: Spike
|faint|p1a: Spike
|
|c| Felipe002|hehe
|
|switch|p1a: Risadinha|Ambipom, M, shiny|292\/292
|turn|15
|
|switch|p2a: Tyranitar|Tyranitar, M|298\/404
|-weather|Sandstorm
|move|p1a: Risadinha|Aerial Ace|p2a: Tyranitar
|-resisted|p2a: Tyranitar
|-damage|p2a: Tyranitar|257\/404
|
|-weather|Sandstorm|[upkeep]
|-damage|p1a: Risadinha|274\/292|[from] sandstorm
|turn|16
|c| Felipe002|Roost tira o tipo voador dos pokemons em campo
|
|move|p1a: Risadinha|Double Hit|p2a: Tyranitar
|-resisted|p2a: Tyranitar
|-damage|p2a: Tyranitar|210\/404
|-resisted|p2a: Tyranitar
|-damage|p2a: Tyranitar|163\/404
|-hitcount|p2a: Tyranitar|2
|move|p2a: Tyranitar|Pursuit|p1a: Risadinha
|-damage|p1a: Risadinha|178\/292
|
|-weather|Sandstorm|[upkeep]
|-damage|p1a: Risadinha|160\/292|[from] sandstorm
|turn|17
|
|move|p1a: Risadinha|Double Hit|p2a: Tyranitar
|-resisted|p2a: Tyranitar
|-damage|p2a: Tyranitar|123\/404
|-resisted|p2a: Tyranitar
|-damage|p2a: Tyranitar|79\/404
|-hitcount|p2a: Tyranitar|2
|move|p2a: Tyranitar|Crunch|p1a: Risadinha
|-damage|p1a: Risadinha|0 fnt
|faint|p1a: Risadinha
|
|-weather|Sandstorm|[upkeep]
|
|switch|p1a: Hammer|Garchomp, M, shiny|152\/357
|turn|18
|leave|Felipe002
|
|move|p1a: Hammer|Outrage|p2a: Tyranitar
|-damage|p2a: Tyranitar|0 fnt
|faint|p2a: Tyranitar
|
|-weather|Sandstorm|[upkeep]
|c|âBR Grilo PR|go man hack
|
|switch|p2a: Landorus-Therian|Landorus-Therian, M|247\/320
|-ability|p2a: Landorus-Therian|Intimidate|[of] p1a: Hammer
|-unboost|p1a: Hammer|atk|1
|turn|19
|
|move|p2a: Landorus-Therian|Earthquake|p1a: Hammer
|-crit|p1a: Hammer
|-damage|p1a: Hammer|0 fnt
|faint|p1a: Hammer
|
|-weather|none
|
|switch|p1a: Godzila|Tyranitar, M, shiny|341\/341
|-weather|Sandstorm
|turn|20
|c|âTooOldForThisGame|gg
|
|move|p2a: Landorus-Therian|Earthquake|p1a: Godzila
|-crit|p1a: Godzila
|-supereffective|p1a: Godzila
|-damage|p1a: Godzila|0 fnt
|faint|p1a: Godzila
|
|win|TooOldForThisGame
|raw|Ladder updating...
|raw|BR Grilo PR's rating: 1458 &rarr; <strong>1436<\/strong><br \/>(-22 for losing)
|raw|TooOldForThisGame's rating: 1417 &rarr; <strong>1439<\/strong><br \/>(+22 for winning)
|leave|TooOldForThisGame
|player|p2
|leave|BR Grilo PR
|player|p1
|join|BR Grilo PR
|join|Marcos000000002
|join|agfaiugfaui
|join|Alef-fernandes
|leave|agfaiugfaui
|join|mixmaxze
|leave|Marcos000000002
|join|dsilva1510
|leave|BR Grilo PR
|join|na sei meu nome):
|leave|dsilva1510