|join|BR Grilo PR
|join|pokemondavz
|player|p1|BR Grilo PR|161
|player|p2|pokemondavz|290
|gametype|singles
|gen|6
|tier|OU
|rated
|clearpoke
|poke|p1|Alakazam, M
|poke|p1|Azumarill, F
|poke|p1|Machamp, M
|poke|p1|Metagross, shiny
|poke|p1|Talonflame, F
|poke|p1|Shuckle, F
|poke|p2|Sceptile, F, shiny
|poke|p2|Rotom-Wash
|poke|p2|Scizor, M
|poke|p2|Keldeo
|poke|p2|Heatran, F
|poke|p2|Landorus-Therian, M
|rule|Swagger Clause: Swagger is banned
|rule|Baton Pass Clause: Limit one PokÃ©mon knowing Baton Pass
|rule|Sleep Clause Mod: Limit one foe put to sleep
|rule|Species Clause: Limit one of each PokÃ©mon
|rule|OHKO Clause: OHKO moves are banned
|rule|Moody Clause: Moody is banned
|rule|Evasion Moves Clause: Evasion moves are banned
|rule|Endless Battle Clause: Forcing endless battles is banned
|rule|HP Percentage Mod: HP is shown in percentages
|teampreview
|
|start
|switch|p1a: Alakazam|Alakazam, M|251\/251
|switch|p2a: Keldeo|Keldeo|323\/323
|turn|1
|
|switch|p2a: Heatran|Heatran, F|386\/386
|move|p1a: Alakazam|Dazzling Gleam|p2a: Heatran
|-resisted|p2a: Heatran
|-damage|p2a: Heatran|364\/386
|
|-heal|p2a: Heatran|386\/386|[from] item: Leftovers
|turn|2
|
|switch|p1a: Machamp|Machamp, M|321\/321
|move|p2a: Heatran|Stealth Rock|p1a: Machamp
|-sidestart|p1: BR Grilo PR|move: Stealth Rock
|
|turn|3
|
|switch|p2a: Landorus-Therian|Landorus-Therian, M|382\/382
|-ability|p2a: Landorus-Therian|Intimidate|[of] p1a: Machamp
|-unboost|p1a: Machamp|atk|1
|move|p1a: Machamp|Dynamic Punch|p2a: Landorus-Therian
|-resisted|p2a: Landorus-Therian
|-damage|p2a: Landorus-Therian|334\/382
|-damage|p1a: Machamp|268\/321|[from] item: Rocky Helmet|[of] p2a: Landorus-Therian
|-start|p2a: Landorus-Therian|confusion
|
|turn|4
|
|move|p1a: Machamp|Dynamic Punch|p2a: Landorus-Therian
|-resisted|p2a: Landorus-Therian
|-damage|p2a: Landorus-Therian|287\/382
|-damage|p1a: Machamp|215\/321|[from] item: Rocky Helmet|[of] p2a: Landorus-Therian
|-activate|p2a: Landorus-Therian|confusion
|move|p2a: Landorus-Therian|Earthquake|p1a: Machamp
|-damage|p1a: Machamp|25\/321
|
|turn|5
|
|move|p1a: Machamp|Dynamic Punch|p2a: Landorus-Therian
|-resisted|p2a: Landorus-Therian
|-damage|p2a: Landorus-Therian|237\/382
|-damage|p1a: Machamp|0 fnt|[from] item: Rocky Helmet|[of] p2a: Landorus-Therian
|faint|p1a: Machamp
|-end|p2a: Landorus-Therian|confusion
|move|p2a: Landorus-Therian|U-turn|p1: Machamp|[notarget]
|-notarget
|
|
|switch|p1a: Alakazam|Alakazam, M|251\/251
|turn|6
|
|switch|p2a: Heatran|Heatran, F|386\/386
|move|p1a: Alakazam|Psyshock|p2a: Heatran
|-resisted|p2a: Heatran
|-damage|p2a: Heatran|304\/386
|
|-heal|p2a: Heatran|328\/386|[from] item: Leftovers
|turn|7
|
|switch|p1a: Azumarill|Azumarill, F|345\/345
|-damage|p1a: Azumarill|302\/345|[from] Stealth Rock
|move|p2a: Heatran|Lava Plume|p1a: Azumarill
|-resisted|p1a: Azumarill
|-damage|p1a: Azumarill|265\/345
|
|-heal|p2a: Heatran|352\/386|[from] item: Leftovers
|turn|8
|
|switch|p2a: Rotom-Wash|Rotom-Wash|303\/303
|move|p1a: Azumarill|Knock Off|p2a: Rotom-Wash
|-damage|p2a: Rotom-Wash|199\/303
|-enditem|p2a: Rotom-Wash|Leftovers|[from] move: Knock Off|[of] p1a: Azumarill
|
|turn|9
|
|switch|p1a: Alakazam|Alakazam, M|251\/251
|move|p2a: Rotom-Wash|Will-O-Wisp|p1a: Alakazam
|-status|p1a: Alakazam|brn
|
|turn|10
|
|switch|p2a: Heatran|Heatran, F|352\/386
|move|p1a: Alakazam|Energy Ball|p2a: Heatran
|-resisted|p2a: Heatran
|-damage|p2a: Heatran|329\/386
|
|-heal|p2a: Heatran|353\/386|[from] item: Leftovers
|turn|11
|
|switch|p1a: Shuckle|Shuckle, F|244\/244
|-damage|p1a: Shuckle|183\/244|[from] Stealth Rock
|move|p2a: Heatran|Lava Plume|p1a: Shuckle
|-damage|p1a: Shuckle|128\/244
|
|-heal|p2a: Heatran|377\/386|[from] item: Leftovers
|-heal|p1a: Shuckle|143\/244|[from] item: Leftovers
|turn|12
|
|move|p2a: Heatran|Toxic|p1a: Shuckle
|-status|p1a: Shuckle|tox
|move|p1a: Shuckle|Stealth Rock|p2a: Heatran
|-sidestart|p2: pokemondavz|move: Stealth Rock
|
|-heal|p2a: Heatran|386\/386|[from] item: Leftovers
|-heal|p1a: Shuckle|158\/244 tox|[from] item: Leftovers
|-damage|p1a: Shuckle|143\/244 tox|[from] psn
|turn|13
|
|switch|p1a: Azumarill|Azumarill, F|265\/345
|-damage|p1a: Azumarill|222\/345|[from] Stealth Rock
|move|p2a: Heatran|Lava Plume|p1a: Azumarill
|-resisted|p1a: Azumarill
|-damage|p1a: Azumarill|187\/345
|
|turn|14
|
|move|p2a: Heatran|Toxic|p1a: Azumarill
|-status|p1a: Azumarill|tox
|move|p1a: Azumarill|Superpower|p2a: Heatran
|-supereffective|p2a: Heatran
|-damage|p2a: Heatran|36\/386
|-unboost|p1a: Azumarill|atk|1
|-unboost|p1a: Azumarill|def|1
|
|-heal|p2a: Heatran|60\/386|[from] item: Leftovers
|-damage|p1a: Azumarill|166\/345 tox|[from] psn
|turn|15
|
|switch|p1a: Metagross|Metagross, shiny|301\/301
|-damage|p1a: Metagross|283\/301|[from] Stealth Rock
|move|p2a: Heatran|Lava Plume|p1a: Metagross
|-supereffective|p1a: Metagross
|-damage|p1a: Metagross|7\/301
|
|-heal|p2a: Heatran|84\/386|[from] item: Leftovers
|turn|16
|c|âBR Grilo PR|vish
|
|switch|p2a: Landorus-Therian|Landorus-Therian, M|237\/382
|-damage|p2a: Landorus-Therian|190\/382|[from] Stealth Rock
|-ability|p2a: Landorus-Therian|Intimidate|[of] p1a: Metagross
|-fail|p1a: Metagross|unboost|[from] ability: Clear Body|[of] p1a: Metagross
|detailschange|p1a: Metagross|Metagross-Mega, shiny
|-mega|p1a: Metagross|Metagross|Metagrossite
|move|p1a: Metagross|Brick Break|p2a: Landorus-Therian
|-resisted|p2a: Landorus-Therian
|-damage|p2a: Landorus-Therian|141\/382
|-damage|p1a: Metagross|0 fnt|[from] item: Rocky Helmet|[of] p2a: Landorus-Therian
|faint|p1a: Metagross
|
|
|switch|p1a: Alakazam|Alakazam, M|251\/251 brn
|turn|17
|
|switch|p2a: Heatran|Heatran, F|84\/386
|-damage|p2a: Heatran|36\/386|[from] Stealth Rock
|move|p1a: Alakazam|Psyshock|p2a: Heatran
|-resisted|p2a: Heatran
|-damage|p2a: Heatran|0 fnt
|faint|p2a: Heatran
|
|
|switch|p2a: Sceptile|Sceptile, F, shiny|281\/281
|-damage|p2a: Sceptile|246\/281|[from] Stealth Rock
|turn|18
|
|detailschange|p2a: Sceptile|Sceptile-Mega, F, shiny
|-mega|p2a: Sceptile|Sceptile|Sceptilite
|move|p1a: Alakazam|Dazzling Gleam|p2a: Sceptile
|-supereffective|p2a: Sceptile
|-damage|p2a: Sceptile|0 fnt
|faint|p2a: Sceptile
|
|
|switch|p2a: Scizor|Scizor, M|343\/343
|-damage|p2a: Scizor|301\/343|[from] Stealth Rock
|turn|19
|
|switch|p1a: Shuckle|Shuckle, F|143\/244 tox
|-damage|p1a: Shuckle|82\/244 tox|[from] Stealth Rock
|move|p2a: Scizor|Bullet Punch|p1a: Shuckle
|-supereffective|p1a: Shuckle
|-damage|p1a: Shuckle|0 fnt
|faint|p1a: Shuckle
|
|
|switch|p1a: Talonflame|Talonflame, F|297\/297
|-damage|p1a: Talonflame|149\/297|[from] Stealth Rock
|turn|20
|
|switch|p2a: Landorus-Therian|Landorus-Therian, M|141\/382
|-damage|p2a: Landorus-Therian|94\/382|[from] Stealth Rock
|-ability|p2a: Landorus-Therian|Intimidate|[of] p1a: Talonflame
|-unboost|p1a: Talonflame|atk|1
|move|p1a: Talonflame|Brave Bird|p2a: Landorus-Therian
|-damage|p2a: Landorus-Therian|0 fnt
|-damage|p1a: Talonflame|100\/297|[from] item: Rocky Helmet|[of] p2a: Landorus-Therian
|-damage|p1a: Talonflame|69\/297|[from] recoil|[of] p2a: Landorus-Therian
|faint|p2a: Landorus-Therian
|
|
|switch|p2a: Rotom-Wash|Rotom-Wash|199\/303
|-damage|p2a: Rotom-Wash|162\/303|[from] Stealth Rock
|turn|21
|
|move|p1a: Talonflame|Brave Bird|p2a: Rotom-Wash
|-resisted|p2a: Rotom-Wash
|-damage|p2a: Rotom-Wash|101\/303
|-damage|p1a: Talonflame|49\/297|[from] recoil|[of] p2a: Rotom-Wash
|move|p2a: Rotom-Wash|Volt Switch|p1a: Talonflame
|-supereffective|p1a: Talonflame
|-damage|p1a: Talonflame|0 fnt
|faint|p1a: Talonflame
|
|switch|p2a: Keldeo|Keldeo|323\/323
|-damage|p2a: Keldeo|303\/323|[from] Stealth Rock
|
|
|switch|p1a: Alakazam|Alakazam, M|251\/251 brn
|turn|22
|c|âBR Grilo PR|gg
|
|move|p2a: Keldeo|Scald|p1a: Alakazam
|-damage|p1a: Alakazam|100\/251 brn
|move|p1a: Alakazam|Energy Ball|p2a: Keldeo
|-supereffective|p2a: Keldeo
|-damage|p2a: Keldeo|0 fnt
|faint|p2a: Keldeo
|
|
|switch|p2a: Scizor|Scizor, M|301\/343
|-damage|p2a: Scizor|259\/343|[from] Stealth Rock
|turn|23
|c|âpokemondavz|yeah gg
|
|move|p2a: Scizor|Bullet Punch|p1a: Alakazam
|-damage|p1a: Alakazam|0 fnt
|faint|p1a: Alakazam
|
|
|switch|p1a: Azumarill|Azumarill, F|166\/345 tox
|-damage|p1a: Azumarill|123\/345 tox|[from] Stealth Rock
|turn|24
|
|move|p2a: Scizor|Bullet Punch|p1a: Azumarill
|-crit|p1a: Azumarill
|-damage|p1a: Azumarill|0 fnt
|faint|p1a: Azumarill
|
|win|pokemondavz
|raw|Ladder updating...
|raw|BR Grilo PR's rating: 1384 &rarr; <strong>1360<\/strong><br \/>(-24 for losing)
|raw|pokemondavz's rating: 1303 &rarr; <strong>1327<\/strong><br \/>(+24 for winning)
|leave|BR Grilo PR
|player|p1