|join|BR Grilo PR
|join|Nemuru
|player|p1|BR Grilo PR|161
|player|p2|Nemuru|84
|gametype|singles
|gen|6
|tier|OU
|rated
|clearpoke
|poke|p1|Alakazam, M
|poke|p1|Azumarill, F
|poke|p1|Machamp, M
|poke|p1|Metagross, shiny
|poke|p1|Talonflame, F
|poke|p1|Shuckle, F
|poke|p2|Volcarona, F
|poke|p2|Tentacruel, F
|poke|p2|Umbreon, M
|poke|p2|Lopunny, F
|poke|p2|Alakazam, M
|poke|p2|Mamoswine, M
|rule|Swagger Clause: Swagger is banned
|rule|Baton Pass Clause: Limit one PokÃ©mon knowing Baton Pass
|rule|Sleep Clause Mod: Limit one foe put to sleep
|rule|Species Clause: Limit one of each PokÃ©mon
|rule|OHKO Clause: OHKO moves are banned
|rule|Moody Clause: Moody is banned
|rule|Evasion Moves Clause: Evasion moves are banned
|rule|Endless Battle Clause: Forcing endless battles is banned
|rule|HP Percentage Mod: HP is shown in percentages
|teampreview
|
|start
|switch|p1a: Metagross|Metagross, shiny|301\/301
|switch|p2a: Mamoswine|Mamoswine, M|361\/361
|turn|1
|
|detailschange|p1a: Metagross|Metagross-Mega, shiny
|-mega|p1a: Metagross|Metagross|Metagrossite
|move|p1a: Metagross|Meteor Mash|p2a: Mamoswine
|-supereffective|p2a: Mamoswine
|-enditem|p2a: Mamoswine|Focus Sash
|-damage|p2a: Mamoswine|1\/361
|move|p2a: Mamoswine|Earthquake|p1a: Metagross
|-supereffective|p1a: Metagross
|-damage|p1a: Metagross|17\/301
|
|turn|2
|
|switch|p1a: Azumarill|Azumarill, F|345\/345
|move|p2a: Mamoswine|Ice Shard|p1a: Azumarill
|-crit|p1a: Azumarill
|-resisted|p1a: Azumarill
|-damage|p1a: Azumarill|279\/345
|
|turn|3
|
|switch|p2a: Tentacruel|Tentacruel, F|361\/361
|move|p1a: Azumarill|Aqua Jet|p2a: Tentacruel
|-resisted|p2a: Tentacruel
|-damage|p2a: Tentacruel|319\/361
|
|-heal|p2a: Tentacruel|341\/361|[from] item: Black Sludge
|turn|4
|
|switch|p1a: Shuckle|Shuckle, F|244\/244
|move|p2a: Tentacruel|Scald|p1a: Shuckle
|-supereffective|p1a: Shuckle
|-damage|p1a: Shuckle|170\/244
|
|-heal|p2a: Tentacruel|361\/361|[from] item: Black Sludge
|-heal|p1a: Shuckle|185\/244|[from] item: Leftovers
|turn|5
|
|move|p2a: Tentacruel|Scald|p1a: Shuckle
|-supereffective|p1a: Shuckle
|-damage|p1a: Shuckle|107\/244
|-status|p1a: Shuckle|brn
|move|p1a: Shuckle|Toxic|p2a: Tentacruel
|-fail|p2a: Tentacruel
|
|-heal|p1a: Shuckle|122\/244 brn|[from] item: Leftovers
|-damage|p1a: Shuckle|92\/244 brn|[from] brn
|turn|6
|
|move|p2a: Tentacruel|Knock Off|p1a: Shuckle
|-damage|p1a: Shuckle|71\/244 brn
|-enditem|p1a: Shuckle|Leftovers|[from] move: Knock Off|[of] p2a: Tentacruel
|move|p1a: Shuckle|Stealth Rock|p2a: Tentacruel
|-sidestart|p2: Nemuru|move: Stealth Rock
|
|-damage|p1a: Shuckle|41\/244 brn|[from] brn
|turn|7
|
|move|p2a: Tentacruel|Rapid Spin|p1a: Shuckle
|-resisted|p1a: Shuckle
|-damage|p1a: Shuckle|39\/244 brn
|-sideend|p2: Nemuru|Stealth Rock|[from] move: Rapid Spin|[of] p2a: Tentacruel
|move|p1a: Shuckle|Stealth Rock|p2a: Tentacruel
|-sidestart|p2: Nemuru|move: Stealth Rock
|
|-damage|p1a: Shuckle|9\/244 brn|[from] brn
|turn|8
|
|move|p1a: Shuckle|Protect|p1a: Shuckle
|-singleturn|p1a: Shuckle|Protect
|move|p2a: Tentacruel|Rapid Spin|p1a: Shuckle
|-activate|p1a: Shuckle|Protect
|
|-damage|p1a: Shuckle|0 fnt|[from] brn
|faint|p1a: Shuckle
|
|switch|p1a: Metagross|Metagross-Mega, shiny|17\/301
|turn|9
|
|move|p1a: Metagross|Zen Headbutt|p2a: Tentacruel
|-supereffective|p2a: Tentacruel
|-damage|p2a: Tentacruel|0 fnt
|faint|p2a: Tentacruel
|
|
|switch|p2a: Alakazam|Alakazam, M|251\/251
|turn|10
|
|switch|p1a: Azumarill|Azumarill, F|279\/345
|move|p2a: Alakazam|Shadow Ball|p1a: Azumarill
|-damage|p1a: Azumarill|217\/345
|
|turn|11
|
|move|p2a: Alakazam|Thunder Wave|p1a: Azumarill
|-status|p1a: Azumarill|par
|move|p1a: Azumarill|Knock Off|p2a: Alakazam
|-supereffective|p2a: Alakazam
|-enditem|p2a: Alakazam|Focus Sash
|-damage|p2a: Alakazam|1\/251
|
|turn|12
|
|switch|p2a: Mamoswine|Mamoswine, M|1\/361
|-damage|p2a: Mamoswine|0 fnt|[from] Stealth Rock
|faint|p2a: Mamoswine
|cant|p1a: Azumarill|par
|
|
|switch|p2a: Umbreon|Umbreon, M|394\/394
|-damage|p2a: Umbreon|345\/394|[from] Stealth Rock
|turn|13
|
|move|p2a: Umbreon|Wish|p2a: Umbreon
|move|p1a: Azumarill|Knock Off|p2a: Umbreon
|-resisted|p2a: Umbreon
|-damage|p2a: Umbreon|276\/394
|-enditem|p2a: Umbreon|Leftovers|[from] move: Knock Off|[of] p1a: Azumarill
|
|turn|14
|
|switch|p2a: Volcarona|Volcarona, F|373\/373
|-damage|p2a: Volcarona|187\/373|[from] Stealth Rock
|move|p1a: Azumarill|Aqua Jet|p2a: Volcarona
|-supereffective|p2a: Volcarona
|-damage|p2a: Volcarona|23\/373
|
|-heal|p2a: Volcarona|220\/373|[from] move: Wish|[wisher] Umbreon
|turn|15
|
|move|p2a: Volcarona|Roost|p2a: Volcarona
|-heal|p2a: Volcarona|373\/373
|cant|p1a: Azumarill|par
|
|turn|16
|
|move|p2a: Volcarona|Giga Drain|p1a: Azumarill
|-supereffective|p1a: Azumarill
|-damage|p1a: Azumarill|125\/345 par
|move|p1a: Azumarill|Knock Off|p2a: Volcarona
|-damage|p2a: Volcarona|246\/373
|-enditem|p2a: Volcarona|Lum Berry|[from] move: Knock Off|[of] p1a: Azumarill
|
|turn|17
|
|switch|p1a: Machamp|Machamp, M|321\/321
|move|p2a: Volcarona|Fiery Dance|p1a: Machamp
|-damage|p1a: Machamp|176\/321
|
|turn|18
|
|move|p1a: Machamp|Dynamic Punch|p2a: Volcarona
|-resisted|p2a: Volcarona
|-damage|p2a: Volcarona|146\/373
|-status|p1a: Machamp|brn
|-start|p2a: Volcarona|confusion
|-activate|p2a: Volcarona|confusion
|move|p2a: Volcarona|Roost|p2a: Volcarona
|-heal|p2a: Volcarona|333\/373
|
|-damage|p1a: Machamp|136\/321 brn|[from] brn
|turn|19
|
|move|p1a: Machamp|Dynamic Punch|p2a: Volcarona
|-resisted|p2a: Volcarona
|-damage|p2a: Volcarona|283\/373
|-end|p2a: Volcarona|confusion
|move|p2a: Volcarona|Fiery Dance|p1a: Machamp
|-damage|p1a: Machamp|0 fnt
|-boost|p2a: Volcarona|spa|1
|faint|p1a: Machamp
|
|
|switch|p1a: Talonflame|Talonflame, F|297\/297
|turn|20
|
|move|p1a: Talonflame|Brave Bird|p2a: Volcarona
|-supereffective|p2a: Volcarona
|-damage|p2a: Volcarona|0 fnt
|-damage|p1a: Talonflame|204\/297|[from] recoil|[of] p2a: Volcarona
|faint|p2a: Volcarona
|
|
|switch|p2a: Umbreon|Umbreon, M|276\/394
|-damage|p2a: Umbreon|227\/394|[from] Stealth Rock
|turn|21
|
|move|p1a: Talonflame|Brave Bird|p2a: Umbreon
|-damage|p2a: Umbreon|0 fnt
|-damage|p1a: Talonflame|129\/297|[from] recoil|[of] p2a: Umbreon
|faint|p2a: Umbreon
|
|
|switch|p2a: Lopunny|Lopunny, F|271\/271
|-damage|p2a: Lopunny|238\/271|[from] Stealth Rock
|turn|22
|
|switch|p1a: Azumarill|Azumarill, F|125\/345 par
|detailschange|p2a: Lopunny|Lopunny-Mega, F
|-mega|p2a: Lopunny|Lopunny|Lopunnite
|move|p2a: Lopunny|Frustration|p1a: Azumarill
|-damage|p1a: Azumarill|0 fnt
|faint|p1a: Azumarill
|
|
|switch|p1a: Talonflame|Talonflame, F|129\/297
|turn|23
|
|switch|p2a: Alakazam|Alakazam, M|1\/251
|move|p1a: Talonflame|Brave Bird|p2a: Alakazam
|-damage|p2a: Alakazam|0 fnt
|-damage|p1a: Talonflame|128\/297|[from] recoil|[of] p2a: Alakazam
|faint|p2a: Alakazam
|
|
|switch|p2a: Lopunny|Lopunny-Mega, F|238\/271
|-damage|p2a: Lopunny|222\/271|[from] Stealth Rock
|turn|24
|
|switch|p1a: Metagross|Metagross-Mega, shiny|17\/301
|move|p2a: Lopunny|Substitute|p2a: Lopunny
|-start|p2a: Lopunny|Substitute
|-damage|p2a: Lopunny|155\/271
|
|turn|25
|
|move|p2a: Lopunny|Power-Up Punch|p1a: Metagross
|-crit|p1a: Metagross
|-damage|p1a: Metagross|0 fnt
|-boost|p2a: Lopunny|atk|1
|faint|p1a: Metagross
|
|c|âBR Grilo PR|god move
|c|âBR Grilo PR|good
|
|switch|p1a: Alakazam|Alakazam, M|251\/251
|turn|26
|c|âNemuru|But pointless
|join|Dragon Latios
|join|HimitsuFactory
|
|move|p2a: Lopunny|Frustration|p1a: Alakazam
|-damage|p1a: Alakazam|0 fnt
|faint|p1a: Alakazam
|
|c|âBR Grilo PR|Oo
|c|âNemuru|Wat
|c|âNemuru|No sash ?
|
|switch|p1a: Talonflame|Talonflame, F|128\/297
|turn|27
|c|âBR Grilo PR|no life orb
|join|BencandeiasPT
|
|move|p1a: Talonflame|Brave Bird|p2a: Lopunny
|-supereffective|p2a: Lopunny
|-end|p2a: Lopunny|Substitute
|-damage|p1a: Talonflame|106\/297|[from] recoil|[of] p2a: Lopunny
|move|p2a: Lopunny|Frustration|p1a: Talonflame
|-damage|p1a: Talonflame|0 fnt
|faint|p1a: Talonflame
|
|win|Nemuru
|raw|Ladder updating...
|raw|BR Grilo PR's rating: 1439 &rarr; <strong>1417<\/strong><br \/>(-22 for losing)
|raw|Nemuru's rating: 1399 &rarr; <strong>1421<\/strong><br \/>(+22 for winning)
|c|âNemuru|Oh. Ok then.
|c|âBR Grilo PR|gg
|c| HimitsuFactory|achei q sÃ³ eu usasse life orb nele
|leave|Dragon Latios
|leave|BencandeiasPT
|leave|HimitsuFactory
|leave|BR Grilo PR
|player|p1