|join|bRiAnA tEsT
|join|BR Grilo PR
|player|p1|bRiAnA tEsT|34
|player|p2|BR Grilo PR|161
|gametype|singles
|gen|6
|tier|OU
|rated
|clearpoke
|poke|p1|Gyarados, F
|poke|p1|Heatran, F
|poke|p1|Hippowdon, M
|poke|p1|Klefki, F
|poke|p1|Latias, F
|poke|p1|Serperior, F
|poke|p2|Alakazam, M
|poke|p2|Azumarill, F
|poke|p2|Machamp, M
|poke|p2|Metagross, shiny
|poke|p2|Talonflame, F
|poke|p2|Shuckle, F
|rule|Swagger Clause: Swagger is banned
|rule|Baton Pass Clause: Limit one PokÃ©mon knowing Baton Pass
|rule|Sleep Clause Mod: Limit one foe put to sleep
|rule|Species Clause: Limit one of each PokÃ©mon
|rule|OHKO Clause: OHKO moves are banned
|rule|Moody Clause: Moody is banned
|rule|Evasion Moves Clause: Evasion moves are banned
|rule|Endless Battle Clause: Forcing endless battles is banned
|rule|HP Percentage Mod: HP is shown in percentages
|teampreview
|join|HellFireAlien
|
|start
|switch|p1a: Latias|Latias, F|319\/319
|switch|p2a: Metagross|Metagross, shiny|301\/301
|turn|1
|
|switch|p1a: Klefki|Klefki, F|317\/317
|detailschange|p2a: Metagross|Metagross-Mega, shiny
|-mega|p2a: Metagross|Metagross|Metagrossite
|move|p2a: Metagross|Ice Punch|p1a: Klefki
|-resisted|p1a: Klefki
|-damage|p1a: Klefki|243\/317
|
|-heal|p1a: Klefki|262\/317|[from] item: Leftovers
|turn|2
|
|move|p1a: Klefki|Thunder Wave|p2a: Metagross
|-status|p2a: Metagross|par
|move|p2a: Metagross|Meteor Mash|p1a: Klefki
|-damage|p1a: Klefki|0 fnt
|faint|p1a: Klefki
|
|
|switch|p1a: Hippowdon|Hippowdon, M|417\/417
|-weather|Sandstorm
|turn|3
|
|switch|p2a: Shuckle|Shuckle, F|244\/244
|move|p1a: Hippowdon|Stealth Rock|p2a: Shuckle
|-sidestart|p2: BR Grilo PR|move: Stealth Rock
|
|-weather|Sandstorm|[upkeep]
|turn|4
|
|switch|p1a: Heatran|Heatran, F|323\/323
|move|p2a: Shuckle|Toxic|p1a: Heatran
|-fail|p1a: Heatran
|
|-weather|Sandstorm|[upkeep]
|turn|5
|
|move|p1a: Heatran|Taunt|p2a: Shuckle
|-start|p2a: Shuckle|move: Taunt
|cant|p2a: Shuckle|move: Taunt|Stealth Rock
|
|-weather|Sandstorm|[upkeep]
|turn|6
|
|switch|p2a: Azumarill|Azumarill, F|345\/345
|-damage|p2a: Azumarill|302\/345|[from] Stealth Rock
|move|p1a: Heatran|Toxic|p2a: Azumarill
|-status|p2a: Azumarill|tox
|
|-weather|Sandstorm|[upkeep]
|-damage|p2a: Azumarill|281\/345 tox|[from] sandstorm
|-damage|p2a: Azumarill|260\/345 tox|[from] psn
|turn|7
|
|switch|p1a: Serperior|Serperior, F|291\/291
|move|p2a: Azumarill|Knock Off|p1a: Serperior
|-damage|p1a: Serperior|132\/291
|-enditem|p1a: Serperior|Assault Vest|[from] move: Knock Off|[of] p2a: Azumarill
|
|-weather|none
|-damage|p2a: Azumarill|218\/345 tox|[from] psn
|turn|8
|
|switch|p2a: Metagross|Metagross-Mega, shiny|301\/301 par
|-damage|p2a: Metagross|283\/301 par|[from] Stealth Rock
|move|p1a: Serperior|Leaf Storm|p2a: Metagross
|-crit|p2a: Metagross
|-resisted|p2a: Metagross
|-damage|p2a: Metagross|169\/301 par
|-boost|p1a: Serperior|spa|2
|
|turn|9
|
|move|p1a: Serperior|Hidden Power|p2a: Metagross
|-supereffective|p2a: Metagross
|-damage|p2a: Metagross|0 fnt
|faint|p2a: Metagross
|
|
|switch|p2a: Alakazam|Alakazam, M|251\/251
|turn|10
|
|switch|p1a: Heatran|Heatran, F|323\/323
|move|p2a: Alakazam|Psyshock|p1a: Heatran
|-resisted|p1a: Heatran
|-damage|p1a: Heatran|233\/323
|
|-heal|p1a: Heatran|253\/323|[from] item: Leftovers
|turn|11
|
|move|p2a: Alakazam|Psyshock|p1a: Heatran
|-resisted|p1a: Heatran
|-damage|p1a: Heatran|163\/323
|move|p1a: Heatran|Magma Storm|p2a: Alakazam
|-damage|p2a: Alakazam|61\/251
|-activate|p2a: Alakazam|move: Magma Storm|[of] p1a: Heatran
|
|-heal|p1a: Heatran|183\/323|[from] item: Leftovers
|turn|12
|c|âBR Grilo PR|no
|
|move|p2a: Alakazam|Psyshock|p1a: Heatran
|-resisted|p1a: Heatran
|-damage|p1a: Heatran|92\/323
|move|p1a: Heatran|Earth Power|p2a: Alakazam
|-damage|p2a: Alakazam|0 fnt
|faint|p2a: Alakazam
|
|-heal|p1a: Heatran|112\/323|[from] item: Leftovers
|
|switch|p2a: Machamp|Machamp, M|321\/321
|-damage|p2a: Machamp|301\/321|[from] Stealth Rock
|turn|13
|
|move|p2a: Machamp|Dynamic Punch|p1a: Heatran
|-supereffective|p1a: Heatran
|-damage|p1a: Heatran|0 fnt
|faint|p1a: Heatran
|
|
|switch|p1a: Latias|Latias, F|319\/319
|turn|14
|c|âbRiAnA tEsT|scarf
|c|âBR Grilo PR|s
|
|switch|p2a: Shuckle|Shuckle, F|244\/244
|-damage|p2a: Shuckle|183\/244|[from] Stealth Rock
|move|p1a: Latias|Psyshock|p2a: Shuckle
|-damage|p2a: Shuckle|125\/244
|-damage|p1a: Latias|288\/319|[from] item: Life Orb
|
|-heal|p2a: Shuckle|140\/244|[from] item: Leftovers
|turn|15
|c|âBR Grilo PR|yes
|
|switch|p1a: Serperior|Serperior, F|132\/291
|move|p2a: Shuckle|Toxic|p1a: Serperior
|-status|p1a: Serperior|tox
|
|-heal|p2a: Shuckle|155\/244|[from] item: Leftovers
|-damage|p1a: Serperior|114\/291 tox|[from] psn
|turn|16
|
|move|p2a: Shuckle|Protect|p2a: Shuckle
|-singleturn|p2a: Shuckle|Protect
|move|p1a: Serperior|Leaf Storm|p2a: Shuckle
|-activate|p2a: Shuckle|Protect
|
|-heal|p2a: Shuckle|170\/244|[from] item: Leftovers
|-damage|p1a: Serperior|78\/291 tox|[from] psn
|turn|17
|
|move|p2a: Shuckle|Protect|p2a: Shuckle
|-fail|p2a: Shuckle
|move|p1a: Serperior|Leaf Storm|p2a: Shuckle
|-damage|p2a: Shuckle|92\/244
|-boost|p1a: Serperior|spa|2
|
|-heal|p2a: Shuckle|107\/244|[from] item: Leftovers
|-damage|p1a: Serperior|24\/291 tox|[from] psn
|turn|18
|
|move|p2a: Shuckle|Protect|p2a: Shuckle
|-singleturn|p2a: Shuckle|Protect
|move|p1a: Serperior|Leaf Storm|p2a: Shuckle
|-activate|p2a: Shuckle|Protect
|
|-heal|p2a: Shuckle|122\/244|[from] item: Leftovers
|-damage|p1a: Serperior|0 fnt|[from] psn
|faint|p1a: Serperior
|
|switch|p1a: Gyarados|Gyarados, F|331\/331
|-ability|p1a: Gyarados|Intimidate|[of] p2a: Shuckle
|-unboost|p2a: Shuckle|atk|1
|turn|19
|
|switch|p2a: Machamp|Machamp, M|301\/321
|-damage|p2a: Machamp|281\/321|[from] Stealth Rock
|move|p1a: Gyarados|Taunt|p2a: Machamp
|-start|p2a: Machamp|move: Taunt
|
|turn|20
|
|switch|p1a: Hippowdon|Hippowdon, M|417\/417
|-weather|Sandstorm
|move|p2a: Machamp|Stone Edge|p1a: Hippowdon
|-resisted|p1a: Hippowdon
|-damage|p1a: Hippowdon|371\/417
|
|-weather|Sandstorm|[upkeep]
|-damage|p2a: Machamp|261\/321|[from] sandstorm
|-heal|p1a: Hippowdon|397\/417|[from] item: Leftovers
|turn|21
|
|switch|p2a: Shuckle|Shuckle, F|122\/244
|-damage|p2a: Shuckle|61\/244|[from] Stealth Rock
|move|p1a: Hippowdon|Earthquake|p2a: Shuckle
|-damage|p2a: Shuckle|6\/244
|
|-weather|Sandstorm|[upkeep]
|-heal|p1a: Hippowdon|417\/417|[from] item: Leftovers
|-heal|p2a: Shuckle|21\/244|[from] item: Leftovers
|turn|22
|
|move|p1a: Hippowdon|Earthquake|p2a: Shuckle
|-damage|p2a: Shuckle|0 fnt
|faint|p2a: Shuckle
|
|-weather|Sandstorm|[upkeep]
|
|switch|p2a: Machamp|Machamp, M|261\/321
|-damage|p2a: Machamp|241\/321|[from] Stealth Rock
|turn|23
|
|move|p2a: Machamp|Dynamic Punch|p1a: Hippowdon
|-crit|p1a: Hippowdon
|-damage|p1a: Hippowdon|240\/417
|-start|p1a: Hippowdon|confusion
|-activate|p1a: Hippowdon|confusion
|-damage|p1a: Hippowdon|217\/417|[from] confusion
|
|-weather|Sandstorm|[upkeep]
|-damage|p2a: Machamp|221\/321|[from] sandstorm
|-heal|p1a: Hippowdon|243\/417|[from] item: Leftovers
|turn|24
|
|move|p2a: Machamp|Dynamic Punch|p1a: Hippowdon
|-crit|p1a: Hippowdon
|-damage|p1a: Hippowdon|53\/417
|-activate|p1a: Hippowdon|confusion
|move|p1a: Hippowdon|Slack Off|p1a: Hippowdon
|-heal|p1a: Hippowdon|262\/417
|
|-weather|none
|-heal|p1a: Hippowdon|288\/417|[from] item: Leftovers
|turn|25
|
|switch|p1a: Latias|Latias, F|288\/319
|move|p2a: Machamp|Dynamic Punch|p1a: Latias
|-resisted|p1a: Latias
|-damage|p1a: Latias|186\/319
|-start|p1a: Latias|confusion
|
|turn|26
|
|switch|p2a: Azumarill|Azumarill, F|218\/345 tox
|-damage|p2a: Azumarill|175\/345 tox|[from] Stealth Rock
|-activate|p1a: Latias|confusion
|-damage|p1a: Latias|155\/319|[from] confusion
|
|-damage|p2a: Azumarill|154\/345 tox|[from] psn
|turn|27
|
|-activate|p1a: Latias|confusion
|move|p1a: Latias|Psyshock|p2a: Azumarill
|-damage|p2a: Azumarill|0 fnt
|-damage|p1a: Latias|124\/319|[from] item: Life Orb
|faint|p2a: Azumarill
|
|
|switch|p2a: Talonflame|Talonflame, F|297\/297
|-damage|p2a: Talonflame|149\/297|[from] Stealth Rock
|turn|28
|
|move|p2a: Talonflame|U-turn|p1a: Latias
|-supereffective|p1a: Latias
|-damage|p1a: Latias|0 fnt
|faint|p1a: Latias
|
|switch|p2a: Machamp|Machamp, M|221\/321
|-damage|p2a: Machamp|201\/321|[from] Stealth Rock
|
|
|switch|p1a: Hippowdon|Hippowdon, M|288\/417
|-weather|Sandstorm
|turn|29
|c|âBR Grilo PR|battle hard
|
|move|p2a: Machamp|Dynamic Punch|p1a: Hippowdon
|-damage|p1a: Hippowdon|170\/417
|-start|p1a: Hippowdon|confusion
|-activate|p1a: Hippowdon|confusion
|move|p1a: Hippowdon|Earthquake|p2a: Machamp
|-damage|p2a: Machamp|36\/321
|
|-weather|Sandstorm|[upkeep]
|-damage|p2a: Machamp|16\/321|[from] sandstorm
|-heal|p1a: Hippowdon|196\/417|[from] item: Leftovers
|turn|30
|
|move|p2a: Machamp|Dynamic Punch|p1a: Hippowdon
|-damage|p1a: Hippowdon|61\/417
|-end|p1a: Hippowdon|confusion
|move|p1a: Hippowdon|Slack Off|p1a: Hippowdon
|-heal|p1a: Hippowdon|270\/417
|
|-weather|Sandstorm|[upkeep]
|-damage|p2a: Machamp|0 fnt|[from] sandstorm
|-heal|p1a: Hippowdon|296\/417|[from] item: Leftovers
|faint|p2a: Machamp
|
|switch|p2a: Talonflame|Talonflame, F|149\/297
|-damage|p2a: Talonflame|1\/297|[from] Stealth Rock
|turn|31
|c|âBR Grilo PR|gg
|
|move|p2a: Talonflame|Brave Bird|p1a: Hippowdon
|-damage|p1a: Hippowdon|115\/417
|-damage|p2a: Talonflame|0 fnt|[from] recoil|[of] p1a: Hippowdon
|faint|p2a: Talonflame
|
|win|bRiAnA tEsT
|raw|Ladder updating...
|raw|bRiAnA tEsT's rating: 1413 &rarr; <strong>1433<\/strong><br \/>(+20 for winning)
|raw|BR Grilo PR's rating: 1401 &rarr; <strong>1382<\/strong><br \/>(-19 for losing)
|leave|BR Grilo PR
|player|p2