|join|smeargon
|join|BR Grilo PR
|player|p1|smeargon|156
|player|p2|BR Grilo PR|161
|gametype|doubles
|gen|6
|tier|Smogon Doubles
|rated
|clearpoke
|poke|p1|Kangaskhan, F
|poke|p1|Metagross
|poke|p1|Heatran, M
|poke|p1|Tornadus, M
|poke|p1|Keldeo
|poke|p1|Vivillon, M
|poke|p2|Ambipom, M, shiny
|poke|p2|Azumarill, F, shiny
|poke|p2|Ferrothorn, M, shiny
|poke|p2|Gengar, F, shiny
|poke|p2|Kangaskhan, F, shiny
|poke|p2|Talonflame, M, shiny
|rule|Species Clause: Limit one of each PokÃ©mon
|rule|OHKO Clause: OHKO moves are banned
|rule|Moody Clause: Moody is banned
|rule|Evasion Abilities Clause: Evasion abilities are banned
|rule|Evasion Moves Clause: Evasion moves are banned
|rule|Endless Battle Clause: Forcing endless battles is banned
|rule|HP Percentage Mod: HP is shown in percentages
|teampreview
|
|start
|switch|p1a: Keldeo|Keldeo|323\/323
|switch|p1b: Vivillon|Vivillon, M|301\/301
|switch|p2a: Risadinha|Ambipom, M, shiny|292\/292
|switch|p2b: Kangaskhan|Kangaskhan, F, shiny|352\/352
|turn|1
|
|detailschange|p2b: Kangaskhan|Kangaskhan-Mega, F, shiny
|message|Kangaskhan has Mega Evolved into Mega Kangaskhan!
|move|p2a: Risadinha|Fake Out|p1a: Keldeo
|-damage|p1a: Keldeo|203\/323
|cant|p1a: Keldeo|flinch
|move|p2b: Kangaskhan|Rock Slide|p1b: Vivillon
|-resisted|p1a: Keldeo
|-damage|p1a: Keldeo|165\/323
|-supereffective|p1b: Vivillon
|-enditem|p1b: Vivillon|Focus Sash
|-damage|p1b: Vivillon|1\/301
|cant|p1b: Vivillon|flinch
|
|turn|2
|
|move|p1b: Vivillon|Protect|p1b: Vivillon
|-singleturn|p1b: Vivillon|Protect
|move|p2a: Risadinha|Aerial Ace|p1a: Keldeo
|-supereffective|p1a: Keldeo
|-damage|p1a: Keldeo|0 fnt
|faint|p1a: Keldeo
|move|p2b: Kangaskhan|Power-Up Punch|p1b: Vivillon
|-activate|p1b: Vivillon|Protect
|
|
|switch|p1a: Tornadus|Tornadus, M|362\/362
|turn|3
|
|move|p1b: Vivillon|Protect|p1b: Vivillon
|-fail|p1b: Vivillon
|move|p1a: Tornadus|Tailwind|p1a: Tornadus
|-sidestart|p1: smeargon|move: Tailwind
|move|p2a: Risadinha|Double Hit|p1a: Tornadus
|-damage|p1a: Tornadus|232\/362
|-damage|p1a: Tornadus|96\/362
|-hitcount|p1a: Tornadus|2
|move|p2b: Kangaskhan|Power-Up Punch|p1b: Vivillon
|-resisted|p1b: Vivillon
|-damage|p1b: Vivillon|0 fnt
|-boost|p2b: Kangaskhan|atk|1
|-hitcount|p1b: Vivillon|1
|faint|p1b: Vivillon
|
|
|switch|p1b: Metagross|Metagross|335\/335
|turn|4
|
|move|p1a: Tornadus|Swagger|p1b: Metagross|[miss]
|-miss|p1a: Tornadus|p1b: Metagross
|move|p1b: Metagross|Bullet Punch|p2a: Risadinha
|-damage|p2a: Risadinha|175\/292
|move|p2b: Kangaskhan|Sucker Punch|p1b: Metagross
|-fail|p1b: Metagross
|move|p2a: Risadinha|Pursuit|p1a: Tornadus
|-damage|p1a: Tornadus|14\/362
|
|turn|5
|
|move|p1a: Tornadus|Swagger|p1b: Metagross
|-boost|p1b: Metagross|atk|2
|-start|p1b: Metagross|confusion
|-enditem|p1b: Metagross|Lum Berry|[eat]
|-end|p1b: Metagross|confusion
|move|p1b: Metagross|Brick Break|p2b: Kangaskhan
|-supereffective|p2b: Kangaskhan
|-damage|p2b: Kangaskhan|0 fnt
|faint|p2b: Kangaskhan
|move|p2a: Risadinha|Pursuit|p1a: Tornadus
|-damage|p1a: Tornadus|0 fnt
|faint|p1a: Tornadus
|
|
|switch|p2b: Sombra|Gengar, F, shiny|261\/261
|switch|p1a: Heatran|Heatran, M|386\/386
|-item|p1a: Heatran|Air Balloon
|turn|6
|
|move|p1b: Metagross|Bullet Punch|p2b: Sombra
|-damage|p2b: Sombra|0 fnt
|faint|p2b: Sombra
|move|p1a: Heatran|Ancient Power|p2: Sombra
|-crit|p2a: Risadinha
|-damage|p2a: Risadinha|3\/292
|move|p2a: Risadinha|Pursuit|p1b: Metagross
|-supereffective|p1b: Metagross
|-damage|p1b: Metagross|235\/335
|
|-sideend|p1: smeargon|move: Tailwind
|
|switch|p2b: Gordinha|Azumarill, F, shiny|345\/345
|turn|7
|
|switch|p2a: Spike|Ferrothorn, M, shiny|352\/352
|move|p1b: Metagross|Bullet Punch|p2b: Gordinha
|-damage|p2b: Gordinha|167\/345
|move|p1a: Heatran|Flash Cannon|p2b: Gordinha
|-damage|p2b: Gordinha|74\/345
|move|p2b: Gordinha|Waterfall|p1a: Heatran
|-supereffective|p1a: Heatran
|-damage|p1a: Heatran|32\/386
|-enditem|p1a: Heatran|Air Balloon
|
|turn|8
|
|move|p1b: Metagross|Bullet Punch|p2b: Gordinha
|-damage|p2b: Gordinha|0 fnt
|faint|p2b: Gordinha
|move|p1a: Heatran|Flamethrower|p2a: Spike
|-supereffective|p2a: Spike
|-damage|p2a: Spike|0 fnt
|faint|p2a: Spike
|
|
|switch|p2a: Brave Bird|Talonflame, M, shiny|297\/297
|switch|p2b: Risadinha|Ambipom, M, shiny|3\/292
|turn|9
|
|move|p1b: Metagross|Protect|p1b: Metagross
|-singleturn|p1b: Metagross|Protect
|move|p1a: Heatran|Protect|p1a: Heatran
|-singleturn|p1a: Heatran|Protect
|move|p2b: Risadinha|Fake Out|p1b: Metagross
|-activate|p1b: Metagross|Protect
|move|p2a: Brave Bird|Flare Blitz|p1b: Metagross
|-activate|p1b: Metagross|Protect
|
|turn|10
|
|move|p1b: Metagross|Bullet Punch|p2b: Risadinha
|-damage|p2b: Risadinha|0 fnt
|faint|p2b: Risadinha
|move|p2a: Brave Bird|Flare Blitz|p1b: Metagross
|-supereffective|p1b: Metagross
|-damage|p1b: Metagross|0 fnt
|-damage|p2a: Brave Bird|219\/297|[from] recoil|[of] p1b: Metagross
|faint|p1b: Metagross
|move|p1a: Heatran|Ancient Power|p2a: Brave Bird
|-supereffective|p2a: Brave Bird
|-damage|p2a: Brave Bird|0 fnt
|-boost|p1a: Heatran|atk|1
|-boost|p1a: Heatran|def|1
|-boost|p1a: Heatran|spa|1
|-boost|p1a: Heatran|spd|1
|-boost|p1a: Heatran|spe|1
|faint|p2a: Brave Bird
|
|win|smeargon
|raw|Ladder updating...
|raw|smeargon's rating: 1518 &rarr; <strong>1530<\/strong><br \/>(+12 for winning)
|raw|BR Grilo PR's rating: 1371 &rarr; <strong>1359<\/strong><br \/>(-12 for losing)
|leave|BR Grilo PR
|player|p2