|join|BR Grilo PR
|join|Isaac343
|player|p1|BR Grilo PR|161
|player|p2|Isaac343|101
|gametype|doubles
|gen|6
|tier|Smogon Doubles Ubers
|rule|Species Clause: Limit one of each PokÃ©mon
|rule|Moody Clause: Moody is banned
|rule|OHKO Clause: OHKO moves are banned
|rule|Endless Battle Clause: Forcing endless battles is banned
|rule|HP Percentage Mod: HP is shown in percentages
|clearpoke
|poke|p1|Alakazam, M
|poke|p1|Conkeldurr, M
|poke|p1|Metagross, shiny
|poke|p1|Rotom-Frost
|poke|p1|Shuckle, F
|poke|p1|Talonflame, M
|poke|p2|Xerneas
|poke|p2|Giratina-Origin
|poke|p2|Arceus-*
|poke|p2|Darkrai
|poke|p2|Mewtwo
|poke|p2|Kyogre
|teampreview
|c|âBR Grilo PR|agr certesa q eu perco
|c|âIsaac343|depende
|
|start
|switch|p1a: Shuckle|Shuckle, F|244\/244
|switch|p1b: Alakazam|Alakazam, M|251\/251
|switch|p2a: Xerneas|Xerneas|455\/455
|switch|p2b: Giratina-Origin|Giratina-Origin|503\/503
|-ability|p2a: Xerneas|Fairy Aura
|turn|1
|
|move|p1b: Alakazam|Dazzling Gleam|p2b: Giratina-Origin
|-damage|p2a: Xerneas|337\/455
|-crit|p2b: Giratina-Origin
|-supereffective|p2b: Giratina-Origin
|-damage|p2b: Giratina-Origin|175\/503
|move|p2a: Xerneas|Geomancy|p2a: Xerneas|[still]
|-prepare|p2a: Xerneas|Geomancy|p2a: Xerneas
|-enditem|p2a: Xerneas|Power Herb
|-anim|p2a: Xerneas|Geomancy|p2a: Xerneas
|-boost|p2a: Xerneas|spa|2
|-boost|p2a: Xerneas|spd|2
|-boost|p2a: Xerneas|spe|2
|move|p2b: Giratina-Origin|Shadow Force|p1b: Alakazam|[still]
|-prepare|p2b: Giratina-Origin|Shadow Force|p1b: Alakazam
|move|p1a: Shuckle|Encore|p2a: Xerneas
|-start|p2a: Xerneas|Encore
|
|turn|2
|c|âBR Grilo PR|vc gosta de apela em
|c|âIsaac343|vc que gosta
|
|switch|p1b: Conkeldurr|Conkeldurr, M|352\/352
|move|p2a: Xerneas|Geomancy|p2a: Xerneas|[still]
|-prepare|p2a: Xerneas|Geomancy|p2a: Xerneas
|move|p2b: Giratina-Origin|Shadow Force|p1b: Conkeldurr
|-damage|p1b: Conkeldurr|51\/352
|move|p1a: Shuckle|Sticky Web|p2a: Xerneas
|-sidestart|p2: Isaac343|move: Sticky Web
|
|turn|3
|c|âIsaac343|com aquele metagross
|c|âIsaac343|ou eu apelo ou eu morro
|
|move|p2a: Xerneas|Geomancy|p2a: Xerneas
|-boost|p2a: Xerneas|spa|2
|-boost|p2a: Xerneas|spd|2
|-boost|p2a: Xerneas|spe|2
|move|p2b: Giratina-Origin|Outrage|p1b: Conkeldurr
|-crit|p1b: Conkeldurr
|-damage|p1b: Conkeldurr|0 fnt
|faint|p1b: Conkeldurr
|move|p1a: Shuckle|Stealth Rock|p2b: Giratina-Origin
|-sidestart|p2: Isaac343|move: Stealth Rock
|
|c|âBR Grilo PR|normal dele
|
|switch|p1b: Metagross|Metagross, shiny|301\/301
|turn|4
|
|detailschange|p1b: Metagross|Metagross-Mega, shiny
|-mega|p1b: Metagross|Metagross|Metagrossite
|move|p2a: Xerneas|Geomancy|p2a: Xerneas|[still]
|-prepare|p2a: Xerneas|Geomancy|p2a: Xerneas
|move|p1b: Metagross|Meteor Mash|p2a: Xerneas
|-supereffective|p2a: Xerneas
|-damage|p2a: Xerneas|0 fnt
|faint|p2a: Xerneas
|move|p2b: Giratina-Origin|Outrage|p1b: Metagross
|-resisted|p1b: Metagross
|-damage|p1b: Metagross|200\/301
|move|p1a: Shuckle|Toxic|p2b: Giratina-Origin
|-status|p2b: Giratina-Origin|tox
|
|-damage|p2b: Giratina-Origin|144\/503 tox|[from] psn
|
|switch|p2a: Mewtwo|Mewtwo|353\/353
|-activate|p2a: Mewtwo|move: Sticky Web
|-unboost|p2a: Mewtwo|spe|1
|-damage|p2a: Mewtwo|309\/353|[from] Stealth Rock
|-ability|p2a: Mewtwo|Pressure
|turn|5
|
|switch|p1b: Rotom-Frost|Rotom-Frost|241\/241
|detailschange|p2a: Mewtwo|Mewtwo-Mega-Y
|-mega|p2a: Mewtwo|Mewtwo|Mewtwonite Y
|move|p2a: Mewtwo|Shadow Ball|p1b: Rotom-Frost
|-damage|p1b: Rotom-Frost|121\/241
|move|p2b: Giratina-Origin|Outrage|p1b: Rotom-Frost
|-damage|p1b: Rotom-Frost|0 fnt
|faint|p1b: Rotom-Frost
|move|p1a: Shuckle|Encore|p2b: Giratina-Origin
|-start|p2b: Giratina-Origin|Encore
|
|-end|p2b: Giratina-Origin|rampage
|-start|p2b: Giratina-Origin|confusion
|-damage|p2b: Giratina-Origin|82\/503 tox|[from] psn
|
|switch|p1b: Talonflame|Talonflame, M|297\/297
|turn|6
|
|switch|p1a: Alakazam|Alakazam, M|251\/251
|move|p1b: Talonflame|U-turn|p2a: Mewtwo
|-supereffective|p2a: Mewtwo
|-damage|p2a: Mewtwo|25\/353
|
|switch|p1b: Metagross|Metagross-Mega, shiny|200\/301
|move|p2a: Mewtwo|Aqua Tail|p1b: Metagross
|-damage|p1b: Metagross|126\/301
|-activate|p2b: Giratina-Origin|confusion
|-damage|p2b: Giratina-Origin|24\/503 tox|[from] confusion
|
|-damage|p2b: Giratina-Origin|0 fnt|[from] psn
|faint|p2b: Giratina-Origin
|
|switch|p2b: Darkrai|Darkrai|281\/281
|-activate|p2b: Darkrai|move: Sticky Web
|-unboost|p2b: Darkrai|spe|1
|-damage|p2b: Darkrai|246\/281|[from] Stealth Rock
|turn|7
|
|move|p1b: Metagross|Meteor Mash|p2b: Darkrai
|-damage|p2b: Darkrai|5\/281
|move|p1a: Alakazam|Dazzling Gleam|p2b: Darkrai
|-damage|p2a: Mewtwo|0 fnt
|-supereffective|p2b: Darkrai
|-damage|p2b: Darkrai|0 fnt
|faint|p2a: Mewtwo
|faint|p2b: Darkrai
|
|
|switch|p2a: Arceus-Poison|Arceus-Poison|443\/443
|switch|p2b: Kyogre|Kyogre|403\/403
|-activate|p2a: Arceus-Poison|move: Sticky Web
|-unboost|p2a: Arceus-Poison|spe|1
|-damage|p2a: Arceus-Poison|388\/443|[from] Stealth Rock
|-damage|p2b: Kyogre|353\/403|[from] Stealth Rock
|-activate|p2b: Kyogre|move: Sticky Web
|-unboost|p2b: Kyogre|spe|1
|detailschange|p2b: Kyogre|Kyogre-Primal
|message|Kyogre's Primal Reversion! It reverted to its primal form!
|-weather|PrimordialSea
|turn|8
|c|âIsaac343|viu eu perdi
|c|âBR Grilo PR|mais kyogre Ã© do mau
|c|âBR Grilo PR|orion pluse atk todos
|
|move|p1b: Metagross|Zen Headbutt|p2a: Arceus-Poison
|-supereffective|p2a: Arceus-Poison
|-damage|p2a: Arceus-Poison|0 fnt
|faint|p2a: Arceus-Poison
|move|p1a: Alakazam|Energy Ball|p2b: Kyogre
|-supereffective|p2b: Kyogre
|-damage|p2b: Kyogre|201\/403
|move|p2b: Kyogre|Water Spout|p1b: Metagross
|-damage|p1a: Alakazam|22\/251
|-damage|p1b: Metagross|0 fnt
|faint|p1b: Metagross
|
|-weather|PrimordialSea|[upkeep]
|
|switch|p1b: Talonflame|Talonflame, M|297\/297
|turn|9
|
|move|p1b: Talonflame|Brave Bird|p2b: Kyogre
|-damage|p2b: Kyogre|0 fnt
|-damage|p1b: Talonflame|231\/297|[from] recoil|[of] p2b: Kyogre
|faint|p2b: Kyogre
|-weather|none
|
|win|BR Grilo PR
|c|âBR Grilo PR|lol
|c|âBR Grilo PR|gg
|c|âIsaac343|falei