|join|tigers
|join|Melkhior
|player|p1|tigers|93
|player|p2|Melkhior|52
|gametype|singles
|tier|OU
|rated
|rule|Evasion Abilities Clause: Evasion abilities are banned
|clearpoke
|poke|p1|Politoed, M
|poke|p1|Toxicroak, M
|poke|p1|Ferrothorn, M
|poke|p1|Tornadus, M
|poke|p1|Rotom-Wash
|poke|p1|Latios, M
|poke|p2|Landorus, M
|poke|p2|Latias, F
|poke|p2|Skarmory, F
|poke|p2|Lucario, M
|poke|p2|Heatran, M
|poke|p2|Alakazam, M
|rule|Sleep Clause Mod: Limit one foe put to sleep
|rule|Species Clause: Limit one of each Pokemon
|rule|OHKO Clause: OHKO moves are banned
|rule|Moody Clause: Moody is banned
|rule|Evasion Moves Clause: Evasion moves are banned
|rule|HP Percentage Mod: HP is reported as percentages
|teampreview
|callback|decision
|
|start
|switch|p1a: Rotom-Wash|Rotom-Wash|242\/242
|switch|p2a: Balls Of Steel|Skarmory, F|334\/334
|turn|1
|callback|decision
|
|move|p1a: Rotom-Wash|Volt Switch|p2a: Balls Of Steel
|-supereffective|p2a: Balls Of Steel
|-damage|p2a: Balls Of Steel|26\/334
|callback|decision
|
|switch|p1a: Ferrothorn|Ferrothorn, M|352\/352
|move|p2a: Balls Of Steel|Stealth Rock|p1a: Ferrothorn
|-sidestart|p1: tigers|move: Stealth Rock
|
|-heal|p2a: Balls Of Steel|46\/334|[from] item: Leftovers
|turn|2
|callback|decision
|
|switch|p2a: Oven|Heatran, M|386\/386
|move|p1a: Ferrothorn|Stealth Rock|p2a: Oven
|-sidestart|p2: Melkhior|move: Stealth Rock
|
|turn|3
|callback|decision
|
|switch|p1a: Politoed|Politoed, M|322\/322
|-damage|p1a: Politoed|282\/322|[from] Stealth Rock
|-weather|RainDance|[from] ability: Drizzle|[of] p1a: Politoed
|move|p2a: Oven|Substitute|p2a: Oven
|-start|p2a: Oven|Substitute
|-damage|p2a: Oven|290\/386
|
|-weather|RainDance|[upkeep]
|-heal|p2a: Oven|314\/386|[from] item: Leftovers
|turn|4
|callback|decision
|
|move|p1a: Politoed|Surf|p2a: Oven
|-supereffective|p2a: Oven
|-end|p2a: Oven|Substitute
|move|p2a: Oven|Toxic|p1a: Politoed
|-status|p1a: Politoed|tox
|
|-weather|RainDance|[upkeep]
|-heal|p2a: Oven|338\/386|[from] item: Leftovers
|-damage|p1a: Politoed|262\/322 tox|[from] psn
|turn|5
|callback|decision
|
|switch|p2a: Hey|Latias, F|364\/364
|-damage|p2a: Hey|319\/364|[from] Stealth Rock
|move|p1a: Politoed|Surf|p2a: Hey
|-resisted|p2a: Hey
|-damage|p2a: Hey|235\/364
|
|-weather|RainDance|[upkeep]
|-heal|p2a: Hey|257\/364|[from] item: Leftovers
|-damage|p1a: Politoed|222\/322 tox|[from] psn
|turn|6
|callback|decision
|
|switch|p1a: Ferrothorn|Ferrothorn, M|352\/352
|-damage|p1a: Ferrothorn|330\/352|[from] Stealth Rock
|move|p2a: Hey|Dragon Pulse|p1a: Ferrothorn
|-resisted|p1a: Ferrothorn
|-damage|p1a: Ferrothorn|283\/352
|
|-weather|RainDance|[upkeep]
|-heal|p2a: Hey|279\/364|[from] item: Leftovers
|-heal|p1a: Ferrothorn|305\/352|[from] item: Leftovers
|turn|7
|callback|decision
|
|switch|p2a: Oven|Heatran, M|338\/386
|-damage|p2a: Oven|290\/386|[from] Stealth Rock
|move|p1a: Ferrothorn|Spikes|p2a: Oven
|-sidestart|p2: Melkhior|Spikes
|
|-weather|RainDance|[upkeep]
|-heal|p2a: Oven|314\/386|[from] item: Leftovers
|-heal|p1a: Ferrothorn|327\/352|[from] item: Leftovers
|turn|8
|callback|decision
|
|switch|p1a: Toxicrap|Toxicroak, M|308\/308
|-damage|p1a: Toxicrap|289\/308|[from] Stealth Rock
|move|p2a: Oven|Substitute|p2a: Oven
|-start|p2a: Oven|Substitute
|-damage|p2a: Oven|218\/386
|
|-weather|RainDance|[upkeep]
|-heal|p1a: Toxicrap|308\/308|[from] ability: Dry Skin
|-heal|p2a: Oven|242\/386|[from] item: Leftovers
|turn|9
|callback|decision
|
|move|p1a: Toxicrap|Drain Punch|p2a: Oven
|-supereffective|p2a: Oven
|-end|p2a: Oven|Substitute
|-damage|p1a: Toxicrap|278\/308|[from] item: Life Orb
|move|p2a: Oven|Lava Plume|p1a: Toxicrap
|-damage|p1a: Toxicrap|172\/308
|-status|p1a: Toxicrap|brn
|
|-weather|RainDance|[upkeep]
|-heal|p1a: Toxicrap|210\/308 brn|[from] ability: Dry Skin
|-heal|p2a: Oven|266\/386|[from] item: Leftovers
|-damage|p1a: Toxicrap|172\/308 brn|[from] brn
|turn|10
|callback|decision
|
|switch|p2a: Hey|Latias, F|279\/364
|-damage|p2a: Hey|234\/364|[from] Stealth Rock
|move|p1a: Toxicrap|Ice Punch|p2a: Hey
|-supereffective|p2a: Hey
|-damage|p2a: Hey|120\/364
|-damage|p1a: Toxicrap|142\/308 brn|[from] item: Life Orb
|
|-weather|RainDance|[upkeep]
|-heal|p1a: Toxicrap|180\/308 brn|[from] ability: Dry Skin
|-heal|p2a: Hey|142\/364|[from] item: Leftovers
|-damage|p1a: Toxicrap|142\/308 brn|[from] brn
|turn|11
|callback|decision
|
|switch|p1a: Rotom-Wash|Rotom-Wash|242\/242
|-damage|p1a: Rotom-Wash|212\/242|[from] Stealth Rock
|move|p2a: Hey|Recover|p2a: Hey
|-heal|p2a: Hey|324\/364
|
|-weather|RainDance|[upkeep]
|-heal|p2a: Hey|346\/364|[from] item: Leftovers
|turn|12
|callback|decision
|
|move|p1a: Rotom-Wash|Hidden Power|p2a: Hey
|-supereffective|p2a: Hey
|-damage|p2a: Hey|234\/364
|move|p2a: Hey|Calm Mind|p2a: Hey
|-boost|p2a: Hey|spa|1
|-boost|p2a: Hey|spd|1
|
|-weather|RainDance|[upkeep]
|-heal|p2a: Hey|256\/364|[from] item: Leftovers
|turn|13
|callback|decision
|
|switch|p1a: Latios|Latios, M|302\/302
|-damage|p1a: Latios|265\/302|[from] Stealth Rock
|move|p2a: Hey|Dragon Pulse|p1a: Latios
|-supereffective|p1a: Latios
|-damage|p1a: Latios|0 fnt
|faint|p1a: Latios
|
|-weather|RainDance|[upkeep]
|-heal|p2a: Hey|278\/364|[from] item: Leftovers
|callback|decision
|
|switch|p1a: Ferrothorn|Ferrothorn, M|327\/352
|-damage|p1a: Ferrothorn|305\/352|[from] Stealth Rock
|turn|14
|callback|decision
|chat|Melkhior|overprediction xD
|
|move|p2a: Hey|Hidden Power|p1a: Ferrothorn
|-supereffective|p1a: Ferrothorn
|-damage|p1a: Ferrothorn|157\/352
|move|p1a: Ferrothorn|Leech Seed|p2a: Hey
|-start|p2a: Hey|move: Leech Seed
|
|-weather|RainDance|[upkeep]
|-heal|p2a: Hey|300\/364|[from] item: Leftovers
|-heal|p1a: Ferrothorn|179\/352|[from] item: Leftovers
|-damage|p2a: Hey|255\/364|[from] Leech Seed|[of] p1a: Ferrothorn
|-heal|p1a: Ferrothorn|224\/352|[silent]
|turn|15
|callback|decision
|
|switch|p2a: Oven|Heatran, M|266\/386
|-damage|p2a: Oven|218\/386|[from] Stealth Rock
|-damage|p2a: Oven|170\/386|[from] Spikes
|move|p1a: Ferrothorn|Spikes|p2a: Oven
|-sidestart|p2: Melkhior|Spikes
|
|-weather|RainDance|[upkeep]
|-heal|p2a: Oven|194\/386|[from] item: Leftovers
|-heal|p1a: Ferrothorn|246\/352|[from] item: Leftovers
|turn|16
|callback|decision
|
|switch|p1a: Rotom-Wash|Rotom-Wash|212\/242
|-damage|p1a: Rotom-Wash|182\/242|[from] Stealth Rock
|move|p2a: Oven|Substitute|p2a: Oven
|-start|p2a: Oven|Substitute
|-damage|p2a: Oven|98\/386
|
|-weather|RainDance|[upkeep]
|-heal|p2a: Oven|122\/386|[from] item: Leftovers
|turn|17
|callback|decision
|
|move|p1a: Rotom-Wash|Volt Switch|p2a: Oven
|-activate|p2a: Oven|Substitute|[damage]
|callback|decision
|
|switch|p1a: Toxicrap|Toxicroak, M|142\/308 brn
|-damage|p1a: Toxicrap|123\/308 brn|[from] Stealth Rock
|move|p2a: Oven|Toxic|p1a: Toxicrap
|-fail|p1a: Toxicrap
|
|-weather|RainDance|[upkeep]
|-heal|p1a: Toxicrap|161\/308 brn|[from] ability: Dry Skin
|-heal|p2a: Oven|146\/386|[from] item: Leftovers
|-damage|p1a: Toxicrap|123\/308 brn|[from] brn
|turn|18
|callback|decision
|
|move|p1a: Toxicrap|Drain Punch|p2a: Oven
|-supereffective|p2a: Oven
|-end|p2a: Oven|Substitute
|-heal|p1a: Toxicrap|135\/308 brn|[from] drain|[of] p2a: Oven
|-damage|p1a: Toxicrap|105\/308 brn|[from] item: Life Orb
|move|p2a: Oven|Lava Plume|p1a: Toxicrap
|-damage|p1a: Toxicrap|0 fnt
|faint|p1a: Toxicrap
|
|-weather|RainDance|[upkeep]
|-heal|p2a: Oven|170\/386|[from] item: Leftovers
|callback|decision
|
|switch|p1a: Rotom-Wash|Rotom-Wash|182\/242
|-damage|p1a: Rotom-Wash|152\/242|[from] Stealth Rock
|turn|19
|callback|decision
|
|switch|p2a: Hey|Latias, F|255\/364
|-damage|p2a: Hey|210\/364|[from] Stealth Rock
|move|p1a: Rotom-Wash|Hydro Pump|p2a: Hey
|-resisted|p2a: Hey
|-damage|p2a: Hey|103\/364
|
|-weather|RainDance|[upkeep]
|-heal|p2a: Hey|125\/364|[from] item: Leftovers
|turn|20
|callback|decision
|
|switch|p1a: Tornadus|Tornadus, M|300\/300
|-damage|p1a: Tornadus|225\/300|[from] Stealth Rock
|move|p2a: Hey|Recover|p2a: Hey
|-heal|p2a: Hey|307\/364
|
|-weather|RainDance|[upkeep]
|-heal|p2a: Hey|329\/364|[from] item: Leftovers
|turn|21
|callback|decision
|
|move|p1a: Tornadus|U-turn|p2a: Hey
|-crit|p2a: Hey
|-supereffective|p2a: Hey
|-damage|p2a: Hey|95\/364
|callback|decision
|
|switch|p1a: Ferrothorn|Ferrothorn, M|246\/352
|-damage|p1a: Ferrothorn|224\/352|[from] Stealth Rock
|move|p2a: Hey|Dragon Pulse|p1a: Ferrothorn
|-resisted|p1a: Ferrothorn
|-damage|p1a: Ferrothorn|176\/352
|
|-weather|RainDance|[upkeep]
|-heal|p2a: Hey|117\/364|[from] item: Leftovers
|-heal|p1a: Ferrothorn|198\/352|[from] item: Leftovers
|turn|22
|callback|decision
|
|move|p2a: Hey|Recover|p2a: Hey
|-heal|p2a: Hey|299\/364
|move|p1a: Ferrothorn|Leech Seed|p2a: Hey
|-start|p2a: Hey|move: Leech Seed
|
|-weather|RainDance|[upkeep]
|-heal|p2a: Hey|321\/364|[from] item: Leftovers
|-heal|p1a: Ferrothorn|220\/352|[from] item: Leftovers
|-damage|p2a: Hey|276\/364|[from] Leech Seed|[of] p1a: Ferrothorn
|-heal|p1a: Ferrothorn|265\/352|[silent]
|turn|23
|callback|decision
|
|switch|p2a: Oven|Heatran, M|170\/386
|-damage|p2a: Oven|122\/386|[from] Stealth Rock
|-damage|p2a: Oven|58\/386|[from] Spikes
|move|p1a: Ferrothorn|Leech Seed|p2a: Oven
|-start|p2a: Oven|move: Leech Seed
|
|-weather|RainDance|[upkeep]
|-heal|p2a: Oven|82\/386|[from] item: Leftovers
|-heal|p1a: Ferrothorn|287\/352|[from] item: Leftovers
|-damage|p2a: Oven|34\/386|[from] Leech Seed|[of] p1a: Ferrothorn
|-heal|p1a: Ferrothorn|335\/352|[silent]
|turn|24
|callback|decision
|
|switch|p1a: Politoed|Politoed, M|222\/322 tox
|-damage|p1a: Politoed|182\/322 tox|[from] Stealth Rock
|move|p2a: Oven|Lava Plume|p1a: Politoed
|-resisted|p1a: Politoed
|-damage|p1a: Politoed|151\/322 tox
|
|-weather|RainDance|[upkeep]
|-heal|p2a: Oven|58\/386|[from] item: Leftovers
|-damage|p2a: Oven|10\/386|[from] Leech Seed|[of] p1a: Politoed
|-heal|p1a: Politoed|199\/322 tox|[silent]
|-damage|p1a: Politoed|179\/322 tox|[from] psn
|turn|25
|callback|decision
|
|move|p1a: Politoed|Ice Beam|p2a: Oven
|-resisted|p2a: Oven
|-damage|p2a: Oven|0 fnt
|faint|p2a: Oven
|
|-weather|RainDance|[upkeep]
|-damage|p1a: Politoed|139\/322 tox|[from] psn
|callback|decision
|
|switch|p2a: Alakazam|Alakazam, M|252\/252
|turn|26
|callback|decision
|
|move|p1a: Politoed|Ice Beam|p2a: Alakazam
|-damage|p2a: Alakazam|158\/252
|move|p2a: Alakazam|Psyshock|p1a: Politoed
|-damage|p1a: Politoed|0 fnt
|faint|p1a: Politoed
|
|-weather|RainDance|[upkeep]
|callback|decision
|
|switch|p1a: Rotom-Wash|Rotom-Wash|152\/242
|-damage|p1a: Rotom-Wash|122\/242|[from] Stealth Rock
|turn|27
|callback|decision
|
|switch|p2a: Hey|Latias, F|276\/364
|-damage|p2a: Hey|231\/364|[from] Stealth Rock
|move|p1a: Rotom-Wash|Hydro Pump|p2a: Hey
|-resisted|p2a: Hey
|-damage|p2a: Hey|112\/364
|
|-weather|RainDance|[upkeep]
|-heal|p2a: Hey|134\/364|[from] item: Leftovers
|turn|28
|callback|decision
|
|switch|p1a: Ferrothorn|Ferrothorn, M|335\/352
|-damage|p1a: Ferrothorn|313\/352|[from] Stealth Rock
|move|p2a: Hey|Recover|p2a: Hey
|-heal|p2a: Hey|316\/364
|
|-weather|RainDance|[upkeep]
|-heal|p2a: Hey|338\/364|[from] item: Leftovers
|-heal|p1a: Ferrothorn|335\/352|[from] item: Leftovers
|turn|29
|callback|decision
|
|move|p2a: Hey|Hidden Power|p1a: Ferrothorn
|-supereffective|p1a: Ferrothorn
|-damage|p1a: Ferrothorn|239\/352
|move|p1a: Ferrothorn|Gyro Ball|p2a: Hey
|-damage|p2a: Hey|157\/364
|
|-weather|RainDance|[upkeep]
|-heal|p2a: Hey|179\/364|[from] item: Leftovers
|-heal|p1a: Ferrothorn|261\/352|[from] item: Leftovers
|turn|30
|callback|decision
|
|switch|p2a: Balls Of Steel|Skarmory, F|46\/334
|-damage|p2a: Balls Of Steel|5\/334|[from] Stealth Rock
|move|p1a: Ferrothorn|Leech Seed|p2a: Balls Of Steel
|-start|p2a: Balls Of Steel|move: Leech Seed
|
|-weather|RainDance|[upkeep]
|-heal|p2a: Balls Of Steel|25\/334|[from] item: Leftovers
|-heal|p1a: Ferrothorn|283\/352|[from] item: Leftovers
|-damage|p2a: Balls Of Steel|0 fnt|[from] Leech Seed|[of] p1a: Ferrothorn
|-heal|p1a: Ferrothorn|308\/352|[silent]
|faint|p2a: Balls Of Steel
|callback|decision
|
|switch|p2a: Moon Moon|Lucario, M|281\/281
|-damage|p2a: Moon Moon|235\/281|[from] Spikes
|-damage|p2a: Moon Moon|227\/281|[from] Stealth Rock
|turn|31
|callback|decision
|
|move|p2a: Moon Moon|Close Combat|p1a: Ferrothorn
|-supereffective|p1a: Ferrothorn
|-damage|p1a: Ferrothorn|0 fnt
|-damage|p2a: Moon Moon|192\/281|[from] ability: Iron Barbs|[of] p1a: Ferrothorn
|-unboost|p2a: Moon Moon|def|1
|-unboost|p2a: Moon Moon|spd|1
|-damage|p2a: Moon Moon|164\/281|[from] item: Life Orb
|faint|p1a: Ferrothorn
|
|-weather|RainDance|[upkeep]
|callback|decision
|
|switch|p1a: Tornadus|Tornadus, M|225\/300
|-damage|p1a: Tornadus|150\/300|[from] Stealth Rock
|turn|32
|callback|decision
|
|move|p2a: Moon Moon|ExtremeSpeed|p1a: Tornadus
|-damage|p1a: Tornadus|0 fnt
|-damage|p2a: Moon Moon|136\/281|[from] item: Life Orb
|faint|p1a: Tornadus
|
|-weather|RainDance|[upkeep]
|callback|decision
|
|switch|p1a: Rotom-Wash|Rotom-Wash|122\/242
|-damage|p1a: Rotom-Wash|92\/242|[from] Stealth Rock
|turn|33
|callback|decision
|
|move|p2a: Moon Moon|ExtremeSpeed|p1a: Rotom-Wash
|-damage|p1a: Rotom-Wash|0 fnt
|-damage|p2a: Moon Moon|108\/281|[from] item: Life Orb
|faint|p1a: Rotom-Wash
|
|win|Melkhior
|raw|Ladder updating...
|raw|tigers's rating: 1896 &rarr; <strong>1884<\/strong><br \/>(-12 for losing)
|raw|Melkhior's rating: 1888 &rarr; <strong>1895<\/strong><br \/>(+7 for winning)
|chat|Melkhior|gg