|join|RSMessiii
|join|NYChillen
|player|p1|RSMessiii|266
|player|p2|NYChillen|135
|gametype|singles
|gen|6
|tier|UU
|rule|Sleep Clause Mod: Limit one foe put to sleep
|rule|Species Clause: Limit one of each PokÃ©mon
|rule|OHKO Clause: OHKO moves are banned
|rule|Moody Clause: Moody is banned
|rule|Evasion Moves Clause: Evasion moves are banned
|rule|Endless Battle Clause: Forcing endless battles is banned
|rule|HP Percentage Mod: HP is shown in percentages
|clearpoke
|poke|p1|Azelf
|poke|p1|Lucario, M
|poke|p1|Darmanitan, F
|poke|p1|Hydreigon, F
|poke|p1|Beedrill, M
|poke|p1|Raikou
|poke|p2|Hydreigon, M, shiny
|poke|p2|Florges, F
|poke|p2|Empoleon, M
|poke|p2|Infernape, M
|poke|p2|Crobat, M
|poke|p2|Alakazam, M
|rule|Swagger Clause: Swagger is banned
|rule|Baton Pass Clause: Limit one PokÃ©mon knowing Baton Pass
|teampreview
|c|âNYChillen|mmmmmmmmm
|join|cliffdsixx
|c|âRSMessiii|trying ho for once now xD
|c|âNYChillen|volturn offense
|c|âNYChillen|lmao damn
|c|âNYChillen|hf
|c| cliffdsixx|no modchat this time?
|c|âNYChillen|nobody showed so it's cool
|c|âRSMessiii|^^
|
|start
|switch|p1a: Raikou|Raikou|322\/322
|switch|p2a: Hydreigon|Hydreigon, M, shiny|325\/325
|-ability|p1a: Raikou|Pressure
|turn|1
|
|move|p2a: Hydreigon|Draco Meteor|p1a: Raikou
|-damage|p1a: Raikou|85\/322
|-unboost|p2a: Hydreigon|spa|2
|move|p1a: Raikou|Volt Switch|p2a: Hydreigon
|-crit|p2a: Hydreigon
|-resisted|p2a: Hydreigon
|-damage|p2a: Hydreigon|194\/325
|
|switch|p1a: Lucario|Lucario, M|281\/281
|
|turn|2
|join|Dorenavant
|
|switch|p2a: Crobat|Crobat, M|373\/373
|move|p1a: Lucario|Swords Dance|p1a: Lucario
|-boost|p1a: Lucario|atk|2
|
|turn|3
|c| Dorenavant|I'm here?
|
|move|p1a: Lucario|Extreme Speed|p2a: Crobat
|-damage|p2a: Crobat|96\/373
|-damage|p1a: Lucario|253\/281|[from] item: Life Orb
|move|p2a: Crobat|Taunt|p1a: Lucario
|-start|p1a: Lucario|move: Taunt
|
|-heal|p2a: Crobat|119\/373|[from] item: Black Sludge
|turn|4
|c| Dorenavant|not gonna talk tho
|c| Dorenavant|modchat+
|
|move|p1a: Lucario|Extreme Speed|p2a: Crobat
|-damage|p2a: Crobat|0 fnt
|-damage|p1a: Lucario|225\/281|[from] item: Life Orb
|faint|p2a: Crobat
|
|
|switch|p2a: Infernape|Infernape, M|293\/293
|turn|5
|
|move|p1a: Lucario|Extreme Speed|p2a: Infernape
|-damage|p2a: Infernape|0 fnt
|-damage|p1a: Lucario|197\/281|[from] item: Life Orb
|faint|p2a: Infernape
|
|
|switch|p2a: Hydreigon|Hydreigon, M, shiny|194\/325
|turn|6
|c|âNYChillen|and there it is lol
|c|âRSMessiii|i think florges is ur best bet
|
|move|p1a: Lucario|Extreme Speed|p2a: Hydreigon
|-damage|p2a: Hydreigon|0 fnt
|-damage|p1a: Lucario|169\/281|[from] item: Life Orb
|faint|p2a: Hydreigon
|
|-end|p1a: Lucario|move: Taunt
|c|âNYChillen|yea
|
|switch|p2a: Florges|Florges, F|359\/359
|turn|7
|
|move|p1a: Lucario|Extreme Speed|p2a: Florges
|-damage|p2a: Florges|56\/359
|-damage|p1a: Lucario|141\/281|[from] item: Life Orb
|move|p2a: Florges|Moonblast|p1a: Lucario
|-damage|p1a: Lucario|0 fnt
|faint|p1a: Lucario
|
|-heal|p2a: Florges|78\/359|[from] item: Leftovers
|
|switch|p1a: Darmanitan|Darmanitan, F|351\/351
|turn|8
|
|move|p2a: Florges|Protect|p2a: Florges
|-singleturn|p2a: Florges|Protect
|move|p1a: Darmanitan|Flare Blitz|p2a: Florges
|-activate|p2a: Florges|Protect
|
|-heal|p2a: Florges|100\/359|[from] item: Leftovers
|turn|9
|
|switch|p2a: Empoleon|Empoleon, M|371\/371
|move|p1a: Darmanitan|Flare Blitz|p2a: Empoleon
|-crit|p2a: Empoleon
|-damage|p2a: Empoleon|0 fnt
|-damage|p1a: Darmanitan|229\/351|[from] recoil|[of] p2a: Empoleon
|faint|p2a: Empoleon
|
|
|switch|p2a: Alakazam|Alakazam, M|259\/259
|turn|10
|
|detailschange|p2a: Alakazam|Alakazam-Mega, M
|-mega|p2a: Alakazam|Alakazam|Alakazite
|-ability|p2a: Alakazam|Sheer Force|[from] ability: Trace|[of] p1a: Darmanitan
|move|p2a: Alakazam|Substitute|p2a: Alakazam
|-start|p2a: Alakazam|Substitute
|-damage|p2a: Alakazam|195\/259
|move|p1a: Darmanitan|U-turn|p2a: Alakazam
|-supereffective|p2a: Alakazam
|-end|p2a: Alakazam|Substitute
|-damage|p1a: Darmanitan|194\/351|[from] item: Life Orb
|
|switch|p1a: Hydreigon|Hydreigon, F|325\/325
|
|turn|11
|
|switch|p2a: Florges|Florges, F|100\/359
|move|p1a: Hydreigon|U-turn|p2a: Florges
|-resisted|p2a: Florges
|-damage|p2a: Florges|62\/359
|
|switch|p1a: Beedrill|Beedrill, M|272\/272
|
|-heal|p2a: Florges|84\/359|[from] item: Leftovers
|turn|12
|c|âNYChillen|gg
|
|detailschange|p1a: Beedrill|Beedrill-Mega, M
|-mega|p1a: Beedrill|Beedrill|Beedrillite
|move|p1a: Beedrill|Poison Jab|p2a: Florges
|-crit|p2a: Florges
|-supereffective|p2a: Florges
|-damage|p2a: Florges|0 fnt
|faint|p2a: Florges
|
|c|âRSMessiii|gg
|
|switch|p2a: Alakazam|Alakazam-Mega, M|195\/259
|-ability|p2a: Alakazam|Adaptability|[from] ability: Trace|[of] p1a: Beedrill
|turn|13
|
|move|p2a: Alakazam|Psychic|p1a: Beedrill
|-supereffective|p1a: Beedrill
|-damage|p1a: Beedrill|0 fnt
|faint|p1a: Beedrill
|
|
|switch|p1a: Azelf|Azelf|291\/291
|turn|14
|
|move|p2a: Alakazam|Substitute|p2a: Alakazam
|-start|p2a: Alakazam|Substitute
|-damage|p2a: Alakazam|131\/259
|move|p1a: Azelf|Explosion|p2a: Alakazam
|-end|p2a: Alakazam|Substitute
|faint|p1a: Azelf
|
|c|âNYChillen|swerve nigga
|c|âNYChillen|lmfaooooooo
|
|switch|p1a: Hydreigon|Hydreigon, F|325\/325
|turn|15
|c|âRSMessiii|^^
|c|âNYChillen|nah gg tho
|
|move|p1a: Hydreigon|Dark Pulse|p2a: Alakazam
|-supereffective|p2a: Alakazam
|-damage|p2a: Alakazam|0 fnt
|faint|p2a: Alakazam
|
|win|RSMessiii
|c|âRSMessiii|gg
|c| Dorenavant|wp