|join|Hummingbrook777
|join|RSMessiii
|player|p1|Hummingbrook777|136
|player|p2|RSMessiii|170
|gametype|singles
|gen|6
|tier|UU
|rule|Sleep Clause Mod: Limit one foe put to sleep
|rule|Species Clause: Limit one of each PokÃ©mon
|rule|OHKO Clause: OHKO moves are banned
|rule|Moody Clause: Moody is banned
|rule|Evasion Moves Clause: Evasion moves are banned
|rule|Endless Battle Clause: Forcing endless battles is banned
|rule|HP Percentage Mod: HP is shown in percentages
|clearpoke
|poke|p1|Slowking, M
|poke|p1|Machamp, M
|poke|p1|Trevenant, F
|poke|p1|Aromatisse, F
|poke|p1|Ampharos, M
|poke|p1|Empoleon, M
|poke|p2|Zygarde
|poke|p2|Florges, F
|poke|p2|Chesnaught, F
|poke|p2|Tentacruel, F
|poke|p2|Jirachi
|poke|p2|Cresselia, F
|rule|Swagger Clause: Swagger is banned
|rule|Baton Pass Clause: Limit one PokÃ©mon knowing Baton Pass
|teampreview
|c|âHummingbrook777|Backup team
|c|âRSMessiii|ah k
|c|âRSMessiii|gl
|
|start
|switch|p1a: Slowking|Slowking, M|394\/394
|switch|p2a: Jirachi|Jirachi|403\/403
|turn|1
|
|move|p2a: Jirachi|Stealth Rock|p1a: Slowking
|-sidestart|p1: Hummingbrook777|move: Stealth Rock
|move|p1a: Slowking|Trick Room|p1a: Slowking
|-fieldstart|move: Trick Room|[of] p1a: Slowking
|
|turn|2
|
|switch|p2a: Florges|Florges, F|359\/359
|move|p1a: Slowking|Flamethrower|p2a: Florges
|-damage|p2a: Florges|294\/359
|
|-heal|p2a: Florges|316\/359|[from] item: Leftovers
|turn|3
|
|switch|p1a: Empoleon|Empoleon, M|371\/371
|-damage|p1a: Empoleon|348\/371|[from] Stealth Rock
|move|p2a: Florges|Moonblast|p1a: Empoleon
|-resisted|p1a: Empoleon
|-damage|p1a: Empoleon|286\/371
|
|-heal|p2a: Florges|338\/359|[from] item: Leftovers
|turn|4
|
|switch|p2a: Tentacruel|Tentacruel, F|363\/363
|move|p1a: Empoleon|Flash Cannon|p2a: Tentacruel
|-resisted|p2a: Tentacruel
|-damage|p2a: Tentacruel|320\/363
|
|-heal|p2a: Tentacruel|342\/363|[from] item: Black Sludge
|turn|5
|
|move|p1a: Empoleon|Defog|p2a: Tentacruel
|-unboost|p2a: Tentacruel|evasion|1
|-sideend|p1: Hummingbrook777|Stealth Rock|[from] move: Defog|[of] p1a: Empoleon
|move|p2a: Tentacruel|Knock Off|p1a: Empoleon
|-damage|p1a: Empoleon|225\/371
|-damage|p2a: Tentacruel|282\/363|[from] item: Rocky Helmet|[of] p1a: Empoleon
|-enditem|p1a: Empoleon|Rocky Helmet|[from] move: Knock Off|[of] p2a: Tentacruel
|
|-heal|p2a: Tentacruel|304\/363|[from] item: Black Sludge
|-fieldend|move: Trick Room
|turn|6
|
|switch|p1a: Ampharos|Ampharos, M|384\/384
|move|p2a: Tentacruel|Scald|p1a: Ampharos
|-damage|p1a: Ampharos|303\/384
|-status|p1a: Ampharos|brn
|
|-heal|p2a: Tentacruel|326\/363|[from] item: Black Sludge
|-damage|p1a: Ampharos|255\/384 brn|[from] brn
|turn|7
|
|switch|p2a: Florges|Florges, F|338\/359
|detailschange|p1a: Ampharos|Ampharos-Mega, M
|-mega|p1a: Ampharos|Ampharos|Ampharosite
|-ability|p1a: Ampharos|Mold Breaker
|move|p1a: Ampharos|Volt Switch|p2a: Florges
|-damage|p2a: Florges|233\/359
|
|switch|p1a: Aromatisse|Aromatisse, F|406\/406
|
|-heal|p2a: Florges|255\/359|[from] item: Leftovers
|turn|8
|
|switch|p2a: Jirachi|Jirachi|403\/403
|move|p1a: Aromatisse|Moonblast|p2a: Jirachi
|-resisted|p2a: Jirachi
|-damage|p2a: Jirachi|343\/403
|
|-heal|p2a: Jirachi|368\/403|[from] item: Leftovers
|turn|9
|
|move|p2a: Jirachi|Stealth Rock|p1a: Aromatisse
|-sidestart|p1: Hummingbrook777|move: Stealth Rock
|move|p1a: Aromatisse|Trick Room|p1a: Aromatisse
|-fieldstart|move: Trick Room|[of] p1a: Aromatisse
|
|-heal|p2a: Jirachi|393\/403|[from] item: Leftovers
|turn|10
|
|switch|p1a: Empoleon|Empoleon, M|225\/371
|-damage|p1a: Empoleon|202\/371|[from] Stealth Rock
|move|p2a: Jirachi|Body Slam|p1a: Empoleon
|-crit|p1a: Empoleon
|-resisted|p1a: Empoleon
|-damage|p1a: Empoleon|142\/371
|
|-heal|p2a: Jirachi|403\/403|[from] item: Leftovers
|turn|11
|
|switch|p2a: Tentacruel|Tentacruel, F|326\/363
|move|p1a: Empoleon|Signal Beam|p2a: Tentacruel
|-resisted|p2a: Tentacruel
|-damage|p2a: Tentacruel|298\/363
|
|-heal|p2a: Tentacruel|320\/363|[from] item: Black Sludge
|turn|12
|
|move|p1a: Empoleon|Defog|p2a: Tentacruel
|-unboost|p2a: Tentacruel|evasion|1
|-sideend|p1: Hummingbrook777|Stealth Rock|[from] move: Defog|[of] p1a: Empoleon
|move|p2a: Tentacruel|Scald|p1a: Empoleon
|-resisted|p1a: Empoleon
|-damage|p1a: Empoleon|100\/371
|
|-heal|p2a: Tentacruel|342\/363|[from] item: Black Sludge
|turn|13
|
|switch|p1a: Trevenant|Trevenant, F|373\/373
|move|p2a: Tentacruel|Scald|p1a: Trevenant
|-resisted|p1a: Trevenant
|-damage|p1a: Trevenant|342\/373
|-status|p1a: Trevenant|brn
|
|-heal|p2a: Tentacruel|363\/363|[from] item: Black Sludge
|-damage|p1a: Trevenant|296\/373 brn|[from] brn
|-fieldend|move: Trick Room
|turn|14
|c|âHummingbrook777|You're going to discover my terrible secret
|c|âHummingbrook777|I'm terrible at battling
|
|move|p2a: Tentacruel|Knock Off|p1a: Trevenant
|-supereffective|p1a: Trevenant
|-damage|p1a: Trevenant|164\/373 brn
|-enditem|p1a: Trevenant|Sitrus Berry|[from] move: Knock Off|[of] p2a: Tentacruel
|move|p1a: Trevenant|Will-O-Wisp|p2a: Tentacruel
|-status|p2a: Tentacruel|brn
|
|-damage|p2a: Tentacruel|318\/363 brn|[from] brn
|-damage|p1a: Trevenant|118\/373 brn|[from] brn
|turn|15
|c|âRSMessiii|nah
|c|âRSMessiii|i just think that ur trick room team lacks a bit o power
|
|switch|p2a: Florges|Florges, F|255\/359
|move|p1a: Trevenant|Leech Seed|p2a: Florges
|-start|p2a: Florges|move: Leech Seed
|
|-heal|p2a: Florges|277\/359|[from] item: Leftovers
|-damage|p2a: Florges|233\/359|[from] Leech Seed|[of] p1a: Trevenant
|-heal|p1a: Trevenant|162\/373 brn|[silent]
|-damage|p1a: Trevenant|116\/373 brn|[from] brn
|turn|16
|c|âHummingbrook777|Well I converted it from ou earlier today
|
|move|p2a: Florges|Aromatherapy|p2a: Florges
|-cureteam|p2a: Florges|[from] move: Aromatherapy
|move|p1a: Trevenant|Rest|p1a: Trevenant
|-status|p1a: Trevenant|slp
|-heal|p1a: Trevenant|373\/373 slp|[silent]
|-status|p1a: Trevenant|slp|[from] move: Rest
|
|-heal|p2a: Florges|255\/359|[from] item: Leftovers
|-damage|p2a: Florges|211\/359|[from] Leech Seed|[of] p1a: Trevenant
|turn|17
|c|âRSMessiii|see iah
|c|âRSMessiii|*i see
|
|switch|p2a: Zygarde|Zygarde|407\/407
|-ability|p2a: Zygarde|Aura Break
|cant|p1a: Trevenant|slp
|
|turn|18
|
|move|p2a: Zygarde|Substitute|p2a: Zygarde
|-start|p2a: Zygarde|Substitute
|-damage|p2a: Zygarde|306\/407
|cant|p1a: Trevenant|slp
|
|-heal|p2a: Zygarde|331\/407|[from] item: Leftovers
|turn|19
|
|switch|p1a: Machamp|Machamp, M|383\/383
|move|p2a: Zygarde|Coil|p2a: Zygarde
|-boost|p2a: Zygarde|atk|1
|-boost|p2a: Zygarde|def|1
|-boost|p2a: Zygarde|accuracy|1
|
|-heal|p2a: Zygarde|356\/407|[from] item: Leftovers
|-status|p1a: Machamp|brn|[from] item: Flame Orb
|turn|20
|
|move|p2a: Zygarde|Earthquake|p1a: Machamp
|-damage|p1a: Machamp|169\/383 brn
|move|p1a: Machamp|Dual Chop|p2a: Zygarde
|-supereffective|p2a: Zygarde
|-activate|p2a: Zygarde|Substitute|[damage]
|-supereffective|p2a: Zygarde
|-end|p2a: Zygarde|Substitute
|-hitcount|p2a: Zygarde|2
|
|-heal|p2a: Zygarde|381\/407|[from] item: Leftovers
|-damage|p1a: Machamp|122\/383 brn|[from] brn
|turn|21
|
|move|p2a: Zygarde|Earthquake|p1a: Machamp
|-damage|p1a: Machamp|0 fnt
|faint|p1a: Machamp
|
|-heal|p2a: Zygarde|406\/407|[from] item: Leftovers
|
|switch|p1a: Aromatisse|Aromatisse, F|406\/406
|turn|22
|
|switch|p2a: Tentacruel|Tentacruel, F|318\/363
|move|p1a: Aromatisse|Aromatherapy|p1a: Aromatisse
|-cureteam|p1a: Aromatisse|[from] move: Aromatherapy
|
|-heal|p2a: Tentacruel|340\/363|[from] item: Black Sludge
|turn|23
|
|switch|p1a: Ampharos|Ampharos-Mega, M|255\/384
|-ability|p1a: Ampharos|Mold Breaker
|move|p2a: Tentacruel|Knock Off|p1a: Ampharos
|-damage|p1a: Ampharos|222\/384
|
|-heal|p2a: Tentacruel|362\/363|[from] item: Black Sludge
|turn|24
|
|switch|p2a: Jirachi|Jirachi|403\/403
|move|p1a: Ampharos|Dragon Pulse|p2a: Jirachi
|-crit|p2a: Jirachi
|-resisted|p2a: Jirachi
|-damage|p2a: Jirachi|299\/403
|
|-heal|p2a: Jirachi|324\/403|[from] item: Leftovers
|turn|25
|
|move|p2a: Jirachi|Stealth Rock|p1a: Ampharos
|-sidestart|p1: Hummingbrook777|move: Stealth Rock
|move|p1a: Ampharos|Volt Switch|p2a: Jirachi
|-damage|p2a: Jirachi|194\/403
|
|switch|p1a: Slowking|Slowking, M|394\/394
|-damage|p1a: Slowking|345\/394|[from] Stealth Rock
|
|-heal|p2a: Jirachi|219\/403|[from] item: Leftovers
|-heal|p1a: Slowking|369\/394|[from] item: Leftovers
|turn|26
|
|move|p2a: Jirachi|Wish|p2a: Jirachi
|move|p1a: Slowking|Trick Room|p1a: Slowking
|-fieldstart|move: Trick Room|[of] p1a: Slowking
|
|-heal|p1a: Slowking|393\/394|[from] item: Leftovers
|-heal|p2a: Jirachi|244\/403|[from] item: Leftovers
|turn|27
|
|switch|p2a: Florges|Florges, F|211\/359
|move|p1a: Slowking|Flamethrower|p2a: Florges
|-damage|p2a: Florges|147\/359
|
|-heal|p2a: Florges|348\/359|[from] move: Wish|[wisher] Jirachi
|-heal|p1a: Slowking|394\/394|[from] item: Leftovers
|-heal|p2a: Florges|359\/359|[from] item: Leftovers
|turn|28
|
|move|p1a: Slowking|Scald|p2a: Florges
|-damage|p2a: Florges|277\/359
|-status|p2a: Florges|brn
|move|p2a: Florges|Moonblast|p1a: Slowking
|-damage|p1a: Slowking|274\/394
|
|-heal|p1a: Slowking|298\/394|[from] item: Leftovers
|-heal|p2a: Florges|299\/359 brn|[from] item: Leftovers
|-damage|p2a: Florges|255\/359 brn|[from] brn
|turn|29
|
|move|p1a: Slowking|Scald|p2a: Florges
|-damage|p2a: Florges|176\/359 brn
|move|p2a: Florges|Aromatherapy|p2a: Florges
|-cureteam|p2a: Florges|[from] move: Aromatherapy
|
|-heal|p1a: Slowking|322\/394|[from] item: Leftovers
|-heal|p2a: Florges|198\/359|[from] item: Leftovers
|turn|30
|
|move|p1a: Slowking|Scald|p2a: Florges
|-damage|p2a: Florges|120\/359
|move|p2a: Florges|Wish|p2a: Florges
|
|-heal|p1a: Slowking|346\/394|[from] item: Leftovers
|-heal|p2a: Florges|142\/359|[from] item: Leftovers
|-fieldend|move: Trick Room
|turn|31
|
|move|p2a: Florges|Moonblast|p1a: Slowking
|-damage|p1a: Slowking|234\/394
|move|p1a: Slowking|Scald|p2a: Florges
|-damage|p2a: Florges|67\/359
|
|-heal|p2a: Florges|246\/359|[from] move: Wish|[wisher] Florges
|-heal|p2a: Florges|268\/359|[from] item: Leftovers
|-heal|p1a: Slowking|258\/394|[from] item: Leftovers
|turn|32
|
|move|p2a: Florges|Moonblast|p1a: Slowking
|-damage|p1a: Slowking|134\/394
|move|p1a: Slowking|Trick Room|p1a: Slowking
|-fieldstart|move: Trick Room|[of] p1a: Slowking
|
|-heal|p1a: Slowking|158\/394|[from] item: Leftovers
|-heal|p2a: Florges|290\/359|[from] item: Leftovers
|turn|33
|c|âHummingbrook777|Didn't ragequit promise
|
|move|p2a: Florges|Protect|p2a: Florges
|-singleturn|p2a: Florges|Protect
|move|p1a: Slowking|Scald|p2a: Florges
|-activate|p2a: Florges|Protect
|
|-heal|p1a: Slowking|182\/394|[from] item: Leftovers
|-heal|p2a: Florges|312\/359|[from] item: Leftovers
|turn|34
|
|move|p1a: Slowking|Scald|p2a: Florges
|-damage|p2a: Florges|236\/359
|move|p2a: Florges|Moonblast|p1a: Slowking
|-damage|p1a: Slowking|59\/394
|-unboost|p1a: Slowking|spa|1
|
|-heal|p1a: Slowking|83\/394|[from] item: Leftovers
|-heal|p2a: Florges|258\/359|[from] item: Leftovers
|turn|35
|
|move|p1a: Slowking|Slack Off|p1a: Slowking
|-heal|p1a: Slowking|280\/394
|move|p2a: Florges|Moonblast|p1a: Slowking
|-damage|p1a: Slowking|169\/394
|-unboost|p1a: Slowking|spa|1
|
|-heal|p1a: Slowking|193\/394|[from] item: Leftovers
|-heal|p2a: Florges|280\/359|[from] item: Leftovers
|turn|36
|
|switch|p1a: Trevenant|Trevenant, F|373\/373
|-damage|p1a: Trevenant|327\/373|[from] Stealth Rock
|move|p2a: Florges|Moonblast|p1a: Trevenant
|-damage|p1a: Trevenant|224\/373
|-unboost|p1a: Trevenant|spa|1
|
|-heal|p2a: Florges|302\/359|[from] item: Leftovers
|-fieldend|move: Trick Room
|turn|37
|
|move|p2a: Florges|Moonblast|p1a: Trevenant
|-damage|p1a: Trevenant|119\/373
|move|p1a: Trevenant|Leech Seed|p2a: Florges
|-start|p2a: Florges|move: Leech Seed
|
|-heal|p2a: Florges|324\/359|[from] item: Leftovers
|-damage|p2a: Florges|280\/359|[from] Leech Seed|[of] p1a: Trevenant
|-heal|p1a: Trevenant|163\/373|[silent]
|turn|38
|
|switch|p2a: Cresselia|Cresselia, F|441\/441
|move|p1a: Trevenant|Will-O-Wisp|p2a: Cresselia
|-status|p2a: Cresselia|brn
|
|-damage|p2a: Cresselia|386\/441 brn|[from] brn
|turn|39
|
|move|p2a: Cresselia|Toxic|p1a: Trevenant
|-status|p1a: Trevenant|tox
|move|p1a: Trevenant|Leech Seed|p2a: Cresselia
|-start|p2a: Cresselia|move: Leech Seed
|
|-heal|p2a: Cresselia|413\/441 brn|[from] item: Leftovers
|-damage|p2a: Cresselia|358\/441 brn|[from] Leech Seed|[of] p1a: Trevenant
|-heal|p1a: Trevenant|218\/373 tox|[silent]
|-damage|p2a: Cresselia|303\/441 brn|[from] brn
|-damage|p1a: Trevenant|195\/373 tox|[from] psn
|turn|40
|
|switch|p2a: Florges|Florges, F|280\/359
|move|p1a: Trevenant|Rest|p1a: Trevenant
|-status|p1a: Trevenant|slp
|-heal|p1a: Trevenant|373\/373 slp|[silent]
|-status|p1a: Trevenant|slp|[from] move: Rest
|
|-heal|p2a: Florges|302\/359|[from] item: Leftovers
|turn|41
|
|switch|p1a: Empoleon|Empoleon, M|100\/371
|-damage|p1a: Empoleon|77\/371|[from] Stealth Rock
|move|p2a: Florges|Aromatherapy|p2a: Florges
|-cureteam|p2a: Florges|[from] move: Aromatherapy
|
|-heal|p2a: Florges|324\/359|[from] item: Leftovers
|turn|42
|c|âHummingbrook777|Not gonna lie I think you have this one
|
|switch|p2a: Tentacruel|Tentacruel, F|362\/363
|move|p1a: Empoleon|Flash Cannon|p2a: Tentacruel
|-resisted|p2a: Tentacruel
|-damage|p2a: Tentacruel|320\/363
|
|-heal|p2a: Tentacruel|342\/363|[from] item: Black Sludge
|turn|43
|c|âRSMessiii|yea maybe
|
|move|p2a: Tentacruel|Scald|p1a: Empoleon
|-resisted|p1a: Empoleon
|-damage|p1a: Empoleon|39\/371
|-status|p1a: Empoleon|brn
|move|p1a: Empoleon|Defog|p2a: Tentacruel
|-unboost|p2a: Tentacruel|evasion|1
|-sideend|p1: Hummingbrook777|Stealth Rock|[from] move: Defog|[of] p1a: Empoleon
|
|-heal|p2a: Tentacruel|363\/363|[from] item: Black Sludge
|-damage|p1a: Empoleon|0 fnt|[from] brn
|faint|p1a: Empoleon
|
|switch|p1a: Ampharos|Ampharos-Mega, M|222\/384
|-ability|p1a: Ampharos|Mold Breaker
|turn|44
|
|switch|p2a: Florges|Florges, F|324\/359
|move|p1a: Ampharos|Volt Switch|p2a: Florges
|-damage|p2a: Florges|218\/359
|
|switch|p1a: Slowking|Slowking, M|324\/394
|
|-heal|p2a: Florges|240\/359|[from] item: Leftovers
|-heal|p1a: Slowking|348\/394|[from] item: Leftovers
|turn|45
|
|move|p2a: Florges|Moonblast|p1a: Slowking
|-damage|p1a: Slowking|239\/394
|move|p1a: Slowking|Trick Room|p1a: Slowking
|-fieldstart|move: Trick Room|[of] p1a: Slowking
|
|-heal|p1a: Slowking|263\/394|[from] item: Leftovers
|-heal|p2a: Florges|262\/359|[from] item: Leftovers
|turn|46
|
|move|p1a: Slowking|Slack Off|p1a: Slowking
|-heal|p1a: Slowking|394\/394
|move|p2a: Florges|Wish|p2a: Florges
|
|-heal|p2a: Florges|284\/359|[from] item: Leftovers
|turn|47
|
|move|p1a: Slowking|Flamethrower|p2a: Florges
|-damage|p2a: Florges|220\/359
|move|p2a: Florges|Moonblast|p1a: Slowking
|-damage|p1a: Slowking|283\/394
|
|-heal|p2a: Florges|359\/359|[from] move: Wish|[wisher] Florges
|-heal|p1a: Slowking|307\/394|[from] item: Leftovers
|turn|48
|
|move|p1a: Slowking|Flamethrower|p2a: Florges
|-damage|p2a: Florges|294\/359
|move|p2a: Florges|Moonblast|p1a: Slowking
|-damage|p1a: Slowking|192\/394
|
|-heal|p1a: Slowking|216\/394|[from] item: Leftovers
|-heal|p2a: Florges|316\/359|[from] item: Leftovers
|turn|49
|
|move|p1a: Slowking|Scald|p2a: Florges
|-damage|p2a: Florges|229\/359
|move|p2a: Florges|Moonblast|p1a: Slowking
|-damage|p1a: Slowking|104\/394
|
|-heal|p1a: Slowking|128\/394|[from] item: Leftovers
|-heal|p2a: Florges|251\/359|[from] item: Leftovers
|-fieldend|move: Trick Room
|turn|50
|c|âHummingbrook777|Yeah the one guy who can kill florges is dead
|
|move|p2a: Florges|Moonblast|p1a: Slowking
|-damage|p1a: Slowking|7\/394
|move|p1a: Slowking|Trick Room|p1a: Slowking
|-fieldstart|move: Trick Room|[of] p1a: Slowking
|
|-heal|p1a: Slowking|31\/394|[from] item: Leftovers
|-heal|p2a: Florges|273\/359|[from] item: Leftovers
|turn|51
|
|switch|p2a: Cresselia|Cresselia, F|303\/441
|move|p1a: Slowking|Slack Off|p1a: Slowking
|-heal|p1a: Slowking|228\/394
|
|-heal|p1a: Slowking|252\/394|[from] item: Leftovers
|-heal|p2a: Cresselia|330\/441|[from] item: Leftovers
|turn|52
|
|switch|p1a: Aromatisse|Aromatisse, F|406\/406
|move|p2a: Cresselia|Toxic|p1a: Aromatisse|[miss]
|-miss|p2a: Cresselia|p1a: Aromatisse
|
|-heal|p2a: Cresselia|357\/441|[from] item: Leftovers
|turn|53
|
|move|p1a: Aromatisse|Moonblast|p2a: Cresselia
|-damage|p2a: Cresselia|242\/441
|-unboost|p2a: Cresselia|spa|1
|move|p2a: Cresselia|Toxic|p1a: Aromatisse
|-status|p1a: Aromatisse|tox
|
|-heal|p2a: Cresselia|269\/441|[from] item: Leftovers
|-damage|p1a: Aromatisse|381\/406 tox|[from] psn
|turn|54
|
|move|p1a: Aromatisse|Moonblast|p2a: Cresselia
|-damage|p2a: Cresselia|157\/441
|move|p2a: Cresselia|Moonlight|p2a: Cresselia
|-heal|p2a: Cresselia|377\/441
|
|-heal|p1a: Aromatisse|406\/406 tox|[from] item: Leftovers
|-heal|p2a: Cresselia|404\/441|[from] item: Leftovers
|-damage|p1a: Aromatisse|356\/406 tox|[from] psn
|-fieldend|move: Trick Room
|turn|55
|
|switch|p2a: Jirachi|Jirachi|244\/403
|move|p1a: Aromatisse|Aromatherapy|p1a: Aromatisse
|-cureteam|p1a: Aromatisse|[from] move: Aromatherapy
|
|-heal|p2a: Jirachi|269\/403|[from] item: Leftovers
|-heal|p1a: Aromatisse|381\/406|[from] item: Leftovers
|turn|56
|
|switch|p1a: Slowking|Slowking, M|383\/394
|move|p2a: Jirachi|Stealth Rock|p1a: Slowking
|-sidestart|p1: Hummingbrook777|move: Stealth Rock
|
|-heal|p2a: Jirachi|294\/403|[from] item: Leftovers
|-heal|p1a: Slowking|394\/394|[from] item: Leftovers
|turn|57
|
|switch|p2a: Cresselia|Cresselia, F|404\/441
|move|p1a: Slowking|Trick Room|p1a: Slowking
|-fieldstart|move: Trick Room|[of] p1a: Slowking
|
|-heal|p2a: Cresselia|431\/441|[from] item: Leftovers
|turn|58
|
|move|p1a: Slowking|Scald|p2a: Cresselia
|-damage|p2a: Cresselia|325\/441
|-status|p2a: Cresselia|brn
|move|p2a: Cresselia|Toxic|p1a: Slowking
|-status|p1a: Slowking|tox
|
|-heal|p2a: Cresselia|352\/441 brn|[from] item: Leftovers
|-damage|p1a: Slowking|370\/394 tox|[from] psn
|-damage|p2a: Cresselia|297\/441 brn|[from] brn
|turn|59
|
|switch|p2a: Florges|Florges, F|273\/359
|move|p1a: Slowking|Flamethrower|p2a: Florges
|-crit|p2a: Florges
|-damage|p2a: Florges|175\/359
|
|-heal|p1a: Slowking|394\/394 tox|[from] item: Leftovers
|-heal|p2a: Florges|197\/359|[from] item: Leftovers
|-damage|p1a: Slowking|346\/394 tox|[from] psn
|turn|60
|
|move|p1a: Slowking|Scald|p2a: Florges
|-damage|p2a: Florges|122\/359
|move|p2a: Florges|Wish|p2a: Florges
|
|-heal|p1a: Slowking|370\/394 tox|[from] item: Leftovers
|-heal|p2a: Florges|144\/359|[from] item: Leftovers
|-damage|p1a: Slowking|298\/394 tox|[from] psn
|turn|61
|
|switch|p1a: Aromatisse|Aromatisse, F|381\/406
|-damage|p1a: Aromatisse|331\/406|[from] Stealth Rock
|move|p2a: Florges|Protect|p2a: Florges
|-fail|p2a: Florges
|
|-heal|p2a: Florges|323\/359|[from] move: Wish|[wisher] Florges
|-heal|p1a: Aromatisse|356\/406|[from] item: Leftovers
|-heal|p2a: Florges|345\/359|[from] item: Leftovers
|-fieldend|move: Trick Room
|turn|62
|
|switch|p2a: Jirachi|Jirachi|294\/403
|move|p1a: Aromatisse|Aromatherapy|p1a: Aromatisse
|-cureteam|p1a: Aromatisse|[from] move: Aromatherapy
|
|-heal|p2a: Jirachi|319\/403|[from] item: Leftovers
|-heal|p1a: Aromatisse|381\/406|[from] item: Leftovers
|turn|63
|
|switch|p1a: Ampharos|Ampharos-Mega, M|222\/384
|-damage|p1a: Ampharos|174\/384|[from] Stealth Rock
|-ability|p1a: Ampharos|Mold Breaker
|move|p2a: Jirachi|Iron Head|p1a: Ampharos
|-resisted|p1a: Ampharos
|-damage|p1a: Ampharos|132\/384
|
|-heal|p2a: Jirachi|344\/403|[from] item: Leftovers
|turn|64
|
|switch|p2a: Florges|Florges, F|345\/359
|move|p1a: Ampharos|Volt Switch|p2a: Florges
|-damage|p2a: Florges|236\/359
|
|switch|p1a: Trevenant|Trevenant, F|373\/373
|-damage|p1a: Trevenant|327\/373|[from] Stealth Rock
|
|-heal|p2a: Florges|258\/359|[from] item: Leftovers
|turn|65
|
|move|p2a: Florges|Moonblast|p1a: Trevenant
|-damage|p1a: Trevenant|227\/373
|move|p1a: Trevenant|Leech Seed|p2a: Florges
|-start|p2a: Florges|move: Leech Seed
|
|-heal|p2a: Florges|280\/359|[from] item: Leftovers
|-damage|p2a: Florges|236\/359|[from] Leech Seed|[of] p1a: Trevenant
|-heal|p1a: Trevenant|271\/373|[silent]
|turn|66
|
|move|p2a: Florges|Moonblast|p1a: Trevenant
|-damage|p1a: Trevenant|163\/373
|move|p1a: Trevenant|Will-O-Wisp|p2a: Florges
|-status|p2a: Florges|brn
|
|-heal|p2a: Florges|258\/359 brn|[from] item: Leftovers
|-damage|p2a: Florges|214\/359 brn|[from] Leech Seed|[of] p1a: Trevenant
|-heal|p1a: Trevenant|207\/373|[silent]
|-damage|p2a: Florges|170\/359 brn|[from] brn
|turn|67
|
|move|p2a: Florges|Aromatherapy|p2a: Florges
|-cureteam|p2a: Florges|[from] move: Aromatherapy
|move|p1a: Trevenant|Horn Leech|p2a: Florges
|-damage|p2a: Florges|71\/359
|-heal|p1a: Trevenant|257\/373|[from] drain|[of] p2a: Florges
|
|-heal|p2a: Florges|93\/359|[from] item: Leftovers
|-damage|p2a: Florges|49\/359|[from] Leech Seed|[of] p1a: Trevenant
|-heal|p1a: Trevenant|301\/373|[silent]
|turn|68
|
|move|p2a: Florges|Moonblast|p1a: Trevenant
|-damage|p1a: Trevenant|199\/373
|-unboost|p1a: Trevenant|spa|1
|move|p1a: Trevenant|Will-O-Wisp|p2a: Florges
|-status|p2a: Florges|brn
|
|-heal|p2a: Florges|71\/359 brn|[from] item: Leftovers
|-damage|p2a: Florges|27\/359 brn|[from] Leech Seed|[of] p1a: Trevenant
|-heal|p1a: Trevenant|243\/373|[silent]
|-damage|p2a: Florges|0 fnt|[from] brn
|faint|p2a: Florges
|c|âRSMessiii|it must die :P
|
|switch|p2a: Zygarde|Zygarde|406\/407
|-ability|p2a: Zygarde|Aura Break
|turn|69
|
|move|p2a: Zygarde|Substitute|p2a: Zygarde
|-start|p2a: Zygarde|Substitute
|-damage|p2a: Zygarde|305\/407
|move|p1a: Trevenant|Will-O-Wisp|p2a: Zygarde
|
|-heal|p2a: Zygarde|330\/407|[from] item: Leftovers
|turn|70
|
|move|p2a: Zygarde|Coil|p2a: Zygarde
|-boost|p2a: Zygarde|atk|1
|-boost|p2a: Zygarde|def|1
|-boost|p2a: Zygarde|accuracy|1
|move|p1a: Trevenant|Horn Leech|p2a: Zygarde
|-activate|p2a: Zygarde|Substitute|[damage]
|-heal|p1a: Trevenant|272\/373|[from] drain|[of] p2a: Zygarde
|
|-heal|p2a: Zygarde|355\/407|[from] item: Leftovers
|turn|71
|
|switch|p1a: Aromatisse|Aromatisse, F|381\/406
|-damage|p1a: Aromatisse|331\/406|[from] Stealth Rock
|move|p2a: Zygarde|Coil|p2a: Zygarde
|-boost|p2a: Zygarde|atk|1
|-boost|p2a: Zygarde|def|1
|-boost|p2a: Zygarde|accuracy|1
|
|-heal|p2a: Zygarde|380\/407|[from] item: Leftovers
|-heal|p1a: Aromatisse|356\/406|[from] item: Leftovers
|turn|72
|
|move|p2a: Zygarde|Earthquake|p1a: Aromatisse
|-damage|p1a: Aromatisse|71\/406
|move|p1a: Aromatisse|Trick Room|p1a: Aromatisse
|-fieldstart|move: Trick Room|[of] p1a: Aromatisse
|
|-heal|p1a: Aromatisse|96\/406|[from] item: Leftovers
|-heal|p2a: Zygarde|405\/407|[from] item: Leftovers
|turn|73
|
|move|p1a: Aromatisse|Moonblast|p2a: Zygarde
|-supereffective|p2a: Zygarde
|-end|p2a: Zygarde|Substitute
|move|p2a: Zygarde|Earthquake|p1a: Aromatisse
|-damage|p1a: Aromatisse|0 fnt
|faint|p1a: Aromatisse
|
|-heal|p2a: Zygarde|407\/407|[from] item: Leftovers
|
|switch|p1a: Ampharos|Ampharos-Mega, M|132\/384
|-damage|p1a: Ampharos|84\/384|[from] Stealth Rock
|-ability|p1a: Ampharos|Mold Breaker
|turn|74
|
|switch|p2a: Jirachi|Jirachi|344\/403
|move|p1a: Ampharos|Dragon Pulse|p2a: Jirachi
|-resisted|p2a: Jirachi
|-damage|p2a: Jirachi|272\/403
|
|-heal|p2a: Jirachi|297\/403|[from] item: Leftovers
|turn|75
|
|move|p1a: Ampharos|Focus Blast|p2a: Jirachi|[miss]
|-miss|p1a: Ampharos|p2a: Jirachi
|move|p2a: Jirachi|Iron Head|p1a: Ampharos
|-resisted|p1a: Ampharos
|-damage|p1a: Ampharos|41\/384
|
|-heal|p2a: Jirachi|322\/403|[from] item: Leftovers
|turn|76
|
|move|p1a: Ampharos|Focus Blast|p2a: Jirachi
|-damage|p2a: Jirachi|173\/403
|move|p2a: Jirachi|Body Slam|p1a: Ampharos
|-damage|p1a: Ampharos|0 fnt
|faint|p1a: Ampharos
|
|-heal|p2a: Jirachi|198\/403|[from] item: Leftovers
|-fieldend|move: Trick Room
|
|switch|p1a: Trevenant|Trevenant, F|272\/373
|-damage|p1a: Trevenant|226\/373|[from] Stealth Rock
|turn|77
|
|switch|p2a: Tentacruel|Tentacruel, F|363\/363
|move|p1a: Trevenant|Leech Seed|p2a: Tentacruel
|-start|p2a: Tentacruel|move: Leech Seed
|
|-damage|p2a: Tentacruel|318\/363|[from] Leech Seed|[of] p1a: Trevenant
|-damage|p1a: Trevenant|181\/373|[from] ability: Liquid Ooze|[of] p2a: Tentacruel
|turn|78
|
|move|p2a: Tentacruel|Acid Spray|p1a: Trevenant
|-damage|p1a: Trevenant|148\/373
|-unboost|p1a: Trevenant|spd|2
|move|p1a: Trevenant|Will-O-Wisp|p2a: Tentacruel
|-status|p2a: Tentacruel|brn
|
|-heal|p2a: Tentacruel|340\/363 brn|[from] item: Black Sludge
|-damage|p2a: Tentacruel|295\/363 brn|[from] Leech Seed|[of] p1a: Trevenant
|-damage|p1a: Trevenant|103\/373|[from] ability: Liquid Ooze|[of] p2a: Tentacruel
|-damage|p2a: Tentacruel|250\/363 brn|[from] brn
|turn|79
|
|switch|p1a: Slowking|Slowking, M|394\/394
|-damage|p1a: Slowking|345\/394|[from] Stealth Rock
|move|p2a: Tentacruel|Acid Spray|p1a: Slowking
|-damage|p1a: Slowking|306\/394
|-unboost|p1a: Slowking|spd|2
|
|-heal|p2a: Tentacruel|272\/363 brn|[from] item: Black Sludge
|-heal|p1a: Slowking|330\/394|[from] item: Leftovers
|-damage|p2a: Tentacruel|227\/363 brn|[from] Leech Seed|[of] p1a: Slowking
|-damage|p1a: Slowking|285\/394|[from] ability: Liquid Ooze|[of] p2a: Tentacruel
|-damage|p2a: Tentacruel|182\/363 brn|[from] brn
|turn|80
|
|move|p2a: Tentacruel|Knock Off|p1a: Slowking
|-crit|p1a: Slowking
|-supereffective|p1a: Slowking
|-damage|p1a: Slowking|185\/394
|-enditem|p1a: Slowking|Leftovers|[from] move: Knock Off|[of] p2a: Tentacruel
|move|p1a: Slowking|Scald|p2a: Tentacruel
|-resisted|p2a: Tentacruel
|-damage|p2a: Tentacruel|140\/363 brn
|
|-heal|p2a: Tentacruel|162\/363 brn|[from] item: Black Sludge
|-damage|p2a: Tentacruel|117\/363 brn|[from] Leech Seed|[of] p1a: Slowking
|-damage|p1a: Slowking|140\/394|[from] ability: Liquid Ooze|[of] p2a: Tentacruel
|-damage|p2a: Tentacruel|72\/363 brn|[from] brn
|turn|81
|
|move|p2a: Tentacruel|Scald|p1a: Slowking
|-resisted|p1a: Slowking
|-damage|p1a: Slowking|69\/394
|move|p1a: Slowking|Scald|p2a: Tentacruel
|-resisted|p2a: Tentacruel
|-damage|p2a: Tentacruel|32\/363 brn
|
|-heal|p2a: Tentacruel|54\/363 brn|[from] item: Black Sludge
|-damage|p2a: Tentacruel|9\/363 brn|[from] Leech Seed|[of] p1a: Slowking
|-damage|p1a: Slowking|24\/394|[from] ability: Liquid Ooze|[of] p2a: Tentacruel
|-damage|p2a: Tentacruel|0 fnt|[from] brn
|faint|p2a: Tentacruel
|c|âRSMessiii|gg
|
|switch|p2a: Zygarde|Zygarde|407\/407
|-ability|p2a: Zygarde|Aura Break
|turn|82
|c|âHummingbrook777|I got 2 this time!
|c|âHummingbrook777|Maybe in a few rounds I could give you a real run
|c|âRSMessiii|yup^^
|
|move|p2a: Zygarde|Earthquake|p1a: Slowking
|-damage|p1a: Slowking|0 fnt
|faint|p1a: Slowking
|
|c|âRSMessiii|yeah
|
|switch|p1a: Trevenant|Trevenant, F|103\/373
|-damage|p1a: Trevenant|57\/373|[from] Stealth Rock
|turn|83
|c|âHummingbrook777|I should have followed my heart and made empoleon a kecleon
|
|move|p2a: Zygarde|Substitute|p2a: Zygarde
|-start|p2a: Zygarde|Substitute
|-damage|p2a: Zygarde|306\/407
|move|p1a: Trevenant|Leech Seed|p2a: Zygarde
|
|-heal|p2a: Zygarde|331\/407|[from] item: Leftovers
|turn|84
|c|âRSMessiii|xD maybe yeah
|
|move|p2a: Zygarde|Earthquake|p1a: Trevenant
|-resisted|p1a: Trevenant
|-damage|p1a: Trevenant|0 fnt
|faint|p1a: Trevenant
|
|win|RSMessiii
|c|âHummingbrook777|He's basically a direct check to zygarde
|c|âRSMessiii|how if i may ask?
|c|âHummingbrook777|Cause snatch
|c|âHummingbrook777|You basically steal sub and\/or coil
|c|âHummingbrook777|And he's also quite good against wish protect
|c|âRSMessiii|ah i see