|join|RSMessiii
|join|Hummingbrook777
|player|p1|RSMessiii|170
|player|p2|Hummingbrook777|136
|gametype|singles
|gen|6
|tier|UU
|rule|Sleep Clause Mod: Limit one foe put to sleep
|rule|Species Clause: Limit one of each PokÃ©mon
|rule|OHKO Clause: OHKO moves are banned
|rule|Moody Clause: Moody is banned
|rule|Evasion Moves Clause: Evasion moves are banned
|rule|Endless Battle Clause: Forcing endless battles is banned
|rule|HP Percentage Mod: HP is shown in percentages
|clearpoke
|poke|p1|Beedrill, M
|poke|p1|Arcanine, F
|poke|p1|Empoleon, F
|poke|p1|Chesnaught, M
|poke|p1|Hydreigon, F
|poke|p1|Meloetta
|poke|p2|Aerodactyl, F
|poke|p2|Froslass, F
|poke|p2|Scrafty, M
|poke|p2|Muk, M
|poke|p2|Cloyster, M
|poke|p2|Florges, F
|rule|Swagger Clause: Swagger is banned
|rule|Baton Pass Clause: Limit one PokÃ©mon knowing Baton Pass
|teampreview
|
|start
|switch|p1a: Empoleon|Empoleon, F|371\/371
|switch|p2a: Froslass|Froslass, F|344\/344
|turn|1
|
|move|p2a: Froslass|Taunt|p1a: Empoleon
|-start|p1a: Empoleon|move: Taunt
|move|p1a: Empoleon|Scald|p2a: Froslass
|-damage|p2a: Froslass|197\/344
|
|turn|2
|
|move|p2a: Froslass|Spikes|p1a: Empoleon
|-sidestart|p1: RSMessiii|Spikes
|move|p1a: Empoleon|Knock Off|p2a: Froslass
|-supereffective|p2a: Froslass
|-damage|p2a: Froslass|27\/344
|-enditem|p2a: Froslass|Focus Sash|[from] move: Knock Off|[of] p1a: Empoleon
|
|turn|3
|
|switch|p1a: Meloetta|Meloetta|404\/404
|-damage|p1a: Meloetta|354\/404|[from] Spikes
|move|p2a: Froslass|Destiny Bond|p2a: Froslass
|-singlemove|p2a: Froslass|Destiny Bond
|
|-heal|p1a: Meloetta|379\/404|[from] item: Leftovers
|turn|4
|
|move|p2a: Froslass|Icy Wind|p1a: Meloetta
|-damage|p1a: Meloetta|333\/404
|-unboost|p1a: Meloetta|spe|1
|move|p1a: Meloetta|Calm Mind|p1a: Meloetta
|-boost|p1a: Meloetta|spa|1
|-boost|p1a: Meloetta|spd|1
|
|-heal|p1a: Meloetta|358\/404|[from] item: Leftovers
|turn|5
|
|move|p2a: Froslass|Taunt|p1a: Meloetta
|-start|p1a: Meloetta|move: Taunt
|move|p1a: Meloetta|Hyper Voice|p2a: Froslass
|-immune|p2a: Froslass|[msg]
|
|-heal|p1a: Meloetta|383\/404|[from] item: Leftovers
|turn|6
|
|move|p2a: Froslass|Spikes|p1a: Meloetta
|-sidestart|p1: RSMessiii|Spikes
|move|p1a: Meloetta|Hyper Voice|p2a: Froslass
|-immune|p2a: Froslass|[msg]
|
|-heal|p1a: Meloetta|404\/404|[from] item: Leftovers
|turn|7
|
|switch|p1a: Empoleon|Empoleon, F|371\/371
|-damage|p1a: Empoleon|310\/371|[from] Spikes
|move|p2a: Froslass|Destiny Bond|p2a: Froslass
|-singlemove|p2a: Froslass|Destiny Bond
|
|-heal|p1a: Empoleon|333\/371|[from] item: Leftovers
|turn|8
|
|move|p2a: Froslass|Taunt|p1a: Empoleon
|-start|p1a: Empoleon|move: Taunt
|cant|p1a: Empoleon|move: Taunt|Stealth Rock
|
|-heal|p1a: Empoleon|356\/371|[from] item: Leftovers
|turn|9
|
|switch|p1a: Arcanine|Arcanine, F|383\/383
|-damage|p1a: Arcanine|320\/383|[from] Spikes
|-ability|p1a: Arcanine|Intimidate|[of] p2a: Froslass
|-unboost|p2a: Froslass|atk|1
|move|p2a: Froslass|Destiny Bond|p2a: Froslass
|-singlemove|p2a: Froslass|Destiny Bond
|
|turn|10
|
|move|p2a: Froslass|Spikes|p1a: Arcanine
|-sidestart|p1: RSMessiii|Spikes
|move|p1a: Arcanine|Will-O-Wisp|p2a: Froslass
|-status|p2a: Froslass|brn
|
|-damage|p2a: Froslass|0 fnt|[from] brn
|faint|p2a: Froslass
|
|switch|p2a: Muk|Muk, M|414\/414
|turn|11
|
|move|p1a: Arcanine|Will-O-Wisp|p2a: Muk
|-status|p2a: Muk|brn
|move|p2a: Muk|Gunk Shot|p1a: Arcanine
|-damage|p1a: Arcanine|230\/383
|
|-damage|p2a: Muk|363\/414 brn|[from] brn
|turn|12
|
|switch|p2a: Scrafty|Scrafty, M|334\/334
|move|p1a: Arcanine|Morning Sun|p1a: Arcanine
|-heal|p1a: Arcanine|383\/383
|
|turn|13
|
|switch|p1a: Chesnaught|Chesnaught, M|379\/379
|-damage|p1a: Chesnaught|285\/379|[from] Spikes
|move|p2a: Scrafty|Bulk Up|p2a: Scrafty
|-boost|p2a: Scrafty|atk|1
|-boost|p2a: Scrafty|def|1
|
|-heal|p1a: Chesnaught|308\/379|[from] item: Leftovers
|turn|14
|
|move|p1a: Chesnaught|Leech Seed|p2a: Scrafty
|-start|p2a: Scrafty|move: Leech Seed
|move|p2a: Scrafty|Knock Off|p1a: Chesnaught
|-resisted|p1a: Chesnaught
|-damage|p1a: Chesnaught|260\/379
|-enditem|p1a: Chesnaught|Leftovers|[from] move: Knock Off|[of] p2a: Scrafty
|
|-damage|p2a: Scrafty|293\/334|[from] Leech Seed|[of] p1a: Chesnaught
|-heal|p1a: Chesnaught|301\/379|[silent]
|turn|15
|
|switch|p2a: Aerodactyl|Aerodactyl, F|302\/302
|-ability|p2a: Aerodactyl|Pressure
|move|p1a: Chesnaught|Drain Punch|p2a: Aerodactyl
|-damage|p2a: Aerodactyl|167\/302
|-heal|p1a: Chesnaught|369\/379|[from] drain|[of] p2a: Aerodactyl
|
|turn|16
|
|switch|p1a: Hydreigon|Hydreigon, F|325\/325
|detailschange|p2a: Aerodactyl|Aerodactyl-Mega, F
|-mega|p2a: Aerodactyl|Aerodactyl|Aerodactylite
|move|p2a: Aerodactyl|Roost|p2a: Aerodactyl
|-heal|p2a: Aerodactyl|302\/302
|
|turn|17
|
|move|p1a: Hydreigon|Draco Meteor|p2a: Aerodactyl
|-damage|p2a: Aerodactyl|56\/302
|-unboost|p1a: Hydreigon|spa|2
|move|p2a: Aerodactyl|Rock Slide|p1a: Hydreigon
|-damage|p1a: Hydreigon|169\/325
|
|turn|18
|
|switch|p1a: Empoleon|Empoleon, F|356\/371
|-damage|p1a: Empoleon|264\/371|[from] Spikes
|move|p2a: Aerodactyl|Roost|p2a: Aerodactyl
|-heal|p2a: Aerodactyl|207\/302
|
|-heal|p1a: Empoleon|287\/371|[from] item: Leftovers
|turn|19
|
|switch|p2a: Scrafty|Scrafty, M|293\/334
|move|p1a: Empoleon|Defog|p2a: Scrafty
|-unboost|p2a: Scrafty|evasion|1
|-sideend|p1: RSMessiii|Spikes|[from] move: Defog|[of] p1a: Empoleon
|
|-heal|p1a: Empoleon|310\/371|[from] item: Leftovers
|-heal|p2a: Scrafty|313\/334|[from] item: Leftovers
|turn|20
|
|switch|p1a: Chesnaught|Chesnaught, M|369\/379
|move|p2a: Scrafty|Bulk Up|p2a: Scrafty
|-boost|p2a: Scrafty|atk|1
|-boost|p2a: Scrafty|def|1
|
|-heal|p2a: Scrafty|333\/334|[from] item: Leftovers
|turn|21
|
|move|p1a: Chesnaught|Leech Seed|p2a: Scrafty
|-start|p2a: Scrafty|move: Leech Seed
|move|p2a: Scrafty|Drain Punch|p1a: Chesnaught
|-damage|p1a: Chesnaught|291\/379
|-heal|p2a: Scrafty|334\/334|[from] drain|[of] p1a: Chesnaught
|
|-damage|p2a: Scrafty|293\/334|[from] Leech Seed|[of] p1a: Chesnaught
|-heal|p1a: Chesnaught|332\/379|[silent]
|turn|22
|
|move|p1a: Chesnaught|Spikes|p2a: Scrafty
|-sidestart|p2: Hummingbrook777|Spikes
|move|p2a: Scrafty|Drain Punch|p1a: Chesnaught
|-damage|p1a: Chesnaught|251\/379
|-heal|p2a: Scrafty|334\/334|[from] drain|[of] p1a: Chesnaught
|
|-damage|p2a: Scrafty|293\/334|[from] Leech Seed|[of] p1a: Chesnaught
|-heal|p1a: Chesnaught|292\/379|[silent]
|turn|23
|
|move|p1a: Chesnaught|Drain Punch|p2a: Scrafty
|-supereffective|p2a: Scrafty
|-damage|p2a: Scrafty|185\/334
|-heal|p1a: Chesnaught|346\/379|[from] drain|[of] p2a: Scrafty
|move|p2a: Scrafty|Knock Off|p1a: Chesnaught
|-resisted|p1a: Chesnaught
|-damage|p1a: Chesnaught|315\/379
|
|-heal|p2a: Scrafty|205\/334|[from] item: Leftovers
|-damage|p2a: Scrafty|164\/334|[from] Leech Seed|[of] p1a: Chesnaught
|-heal|p1a: Chesnaught|356\/379|[silent]
|turn|24
|c|âHummingbrook777|Are we allowed to switch team between rounds?  I forget
|c|âRSMessiii|i think we are
|
|switch|p2a: Aerodactyl|Aerodactyl-Mega, F|207\/302
|move|p1a: Chesnaught|Spikes|p2a: Aerodactyl
|-sidestart|p2: Hummingbrook777|Spikes
|
|turn|25
|
|switch|p1a: Empoleon|Empoleon, F|310\/371
|move|p2a: Aerodactyl|Aerial Ace|p1a: Empoleon
|-resisted|p1a: Empoleon
|-damage|p1a: Empoleon|235\/371
|
|-heal|p1a: Empoleon|258\/371|[from] item: Leftovers
|turn|26
|
|move|p2a: Aerodactyl|Rock Slide|p1a: Empoleon
|-resisted|p1a: Empoleon
|-damage|p1a: Empoleon|187\/371
|move|p1a: Empoleon|Stealth Rock|p2a: Aerodactyl
|-sidestart|p2: Hummingbrook777|move: Stealth Rock
|
|-heal|p1a: Empoleon|210\/371|[from] item: Leftovers
|turn|27
|
|move|p2a: Aerodactyl|Rock Slide|p1a: Empoleon
|-resisted|p1a: Empoleon
|-damage|p1a: Empoleon|135\/371
|cant|p1a: Empoleon|flinch
|
|-heal|p1a: Empoleon|158\/371|[from] item: Leftovers
|turn|28
|
|switch|p2a: Scrafty|Scrafty, M|164\/334
|-damage|p2a: Scrafty|109\/334|[from] Spikes
|-damage|p2a: Scrafty|89\/334|[from] Stealth Rock
|move|p1a: Empoleon|Scald|p2a: Scrafty
|-damage|p2a: Scrafty|16\/334
|
|-heal|p1a: Empoleon|181\/371|[from] item: Leftovers
|-heal|p2a: Scrafty|36\/334|[from] item: Leftovers
|turn|29
|
|switch|p1a: Chesnaught|Chesnaught, M|356\/379
|move|p2a: Scrafty|Rest|p2a: Scrafty
|-status|p2a: Scrafty|slp
|-heal|p2a: Scrafty|334\/334 slp|[silent]
|-status|p2a: Scrafty|slp|[from] move: Rest
|
|turn|30
|
|switch|p2a: Florges|Florges, F|360\/360
|-damage|p2a: Florges|315\/360|[from] Stealth Rock
|-damage|p2a: Florges|255\/360|[from] Spikes
|move|p1a: Chesnaught|Leech Seed|p2a: Florges|[miss]
|-miss|p1a: Chesnaught|p2a: Florges
|
|-heal|p2a: Florges|277\/360|[from] item: Leftovers
|turn|31
|
|switch|p1a: Arcanine|Arcanine, F|383\/383
|-ability|p1a: Arcanine|Intimidate|[of] p2a: Florges
|-unboost|p2a: Florges|atk|1
|move|p2a: Florges|Wish|p2a: Florges
|
|-heal|p2a: Florges|299\/360|[from] item: Leftovers
|turn|32
|
|move|p1a: Arcanine|Will-O-Wisp|p2a: Florges|[miss]
|-miss|p1a: Arcanine|p2a: Florges
|move|p2a: Florges|Aromatherapy|p2a: Florges
|-cureteam|p2a: Florges|[from] move: Aromatherapy
|
|-heal|p2a: Florges|360\/360|[from] move: Wish|[wisher] Florges
|turn|33
|
|move|p1a: Arcanine|Will-O-Wisp|p2a: Florges|[miss]
|-miss|p1a: Arcanine|p2a: Florges
|move|p2a: Florges|Calm Mind|p2a: Florges
|-boost|p2a: Florges|spa|1
|-boost|p2a: Florges|spd|1
|
|turn|34
|
|move|p1a: Arcanine|Will-O-Wisp|p2a: Florges
|-status|p2a: Florges|brn
|move|p2a: Florges|Moonblast|p1a: Arcanine
|-resisted|p1a: Arcanine
|-damage|p1a: Arcanine|268\/383
|
|-damage|p2a: Florges|315\/360 brn|[from] brn
|turn|35
|
|move|p1a: Arcanine|Flare Blitz|p2a: Florges
|-damage|p2a: Florges|168\/360 brn
|-damage|p1a: Arcanine|219\/383|[from] recoil|[of] p2a: Florges
|move|p2a: Florges|Wish|p2a: Florges
|
|-heal|p2a: Florges|190\/360 brn|[from] item: Leftovers
|-damage|p2a: Florges|145\/360 brn|[from] brn
|turn|36
|
|move|p1a: Arcanine|Morning Sun|p1a: Arcanine
|-heal|p1a: Arcanine|383\/383
|move|p2a: Florges|Aromatherapy|p2a: Florges
|-cureteam|p2a: Florges|[from] move: Aromatherapy
|
|-heal|p2a: Florges|325\/360|[from] move: Wish|[wisher] Florges
|-heal|p2a: Florges|347\/360|[from] item: Leftovers
|turn|37
|
|switch|p1a: Beedrill|Beedrill, M|271\/271
|move|p2a: Florges|Calm Mind|p2a: Florges
|-boost|p2a: Florges|spa|1
|-boost|p2a: Florges|spd|1
|
|-heal|p2a: Florges|360\/360|[from] item: Leftovers
|turn|38
|
|switch|p2a: Scrafty|Scrafty, M|334\/334
|-damage|p2a: Scrafty|279\/334|[from] Spikes
|-damage|p2a: Scrafty|259\/334|[from] Stealth Rock
|detailschange|p1a: Beedrill|Beedrill-Mega, M
|-mega|p1a: Beedrill|Beedrill|Beedrillite
|move|p1a: Beedrill|Poison Jab|p2a: Scrafty
|-damage|p2a: Scrafty|47\/334
|-status|p2a: Scrafty|psn
|
|-heal|p2a: Scrafty|67\/334 psn|[from] item: Leftovers
|-damage|p2a: Scrafty|26\/334 psn|[from] psn
|turn|39
|
|move|p1a: Beedrill|U-turn|p2a: Scrafty
|-damage|p2a: Scrafty|0 fnt
|faint|p2a: Scrafty
|
|switch|p1a: Empoleon|Empoleon, F|181\/371
|
|-heal|p1a: Empoleon|204\/371|[from] item: Leftovers
|
|switch|p2a: Muk|Muk, M|363\/414
|-damage|p2a: Muk|312\/414|[from] Stealth Rock
|-damage|p2a: Muk|243\/414|[from] Spikes
|turn|40
|
|switch|p1a: Arcanine|Arcanine, F|383\/383
|-ability|p1a: Arcanine|Intimidate|[of] p2a: Muk
|-unboost|p2a: Muk|atk|1
|move|p2a: Muk|Payback|p1a: Arcanine
|-damage|p1a: Arcanine|350\/383
|-damage|p2a: Muk|174\/414|[from] item: Rocky Helmet|[of] p1a: Arcanine
|
|turn|41
|
|move|p1a: Arcanine|Flare Blitz|p2a: Muk
|-damage|p2a: Muk|0 fnt
|-damage|p1a: Arcanine|293\/383|[from] recoil|[of] p2a: Muk
|faint|p2a: Muk
|
|
|switch|p2a: Aerodactyl|Aerodactyl-Mega, F|207\/302
|-damage|p2a: Aerodactyl|132\/302|[from] Stealth Rock
|turn|42
|
|switch|p1a: Meloetta|Meloetta|404\/404
|move|p2a: Aerodactyl|Rock Slide|p1a: Meloetta
|-damage|p1a: Meloetta|293\/404
|
|-heal|p1a: Meloetta|318\/404|[from] item: Leftovers
|turn|43
|
|move|p2a: Aerodactyl|Aerial Ace|p1a: Meloetta
|-crit|p1a: Meloetta
|-damage|p1a: Meloetta|114\/404
|move|p1a: Meloetta|Hyper Voice|p2a: Aerodactyl
|-resisted|p2a: Aerodactyl
|-damage|p2a: Aerodactyl|64\/302
|
|-heal|p1a: Meloetta|139\/404|[from] item: Leftovers
|turn|44
|
|move|p2a: Aerodactyl|Roost|p2a: Aerodactyl
|-heal|p2a: Aerodactyl|215\/302
|move|p1a: Meloetta|Psyshock|p2a: Aerodactyl
|-damage|p2a: Aerodactyl|74\/302
|
|-heal|p1a: Meloetta|164\/404|[from] item: Leftovers
|turn|45
|
|move|p2a: Aerodactyl|Rock Slide|p1a: Meloetta
|-damage|p1a: Meloetta|38\/404
|move|p1a: Meloetta|Psyshock|p2a: Aerodactyl
|-crit|p2a: Aerodactyl
|-damage|p2a: Aerodactyl|0 fnt
|faint|p2a: Aerodactyl
|
|-heal|p1a: Meloetta|63\/404|[from] item: Leftovers
|
|switch|p2a: Cloyster|Cloyster, M|242\/242
|-damage|p2a: Cloyster|202\/242|[from] Spikes
|-damage|p2a: Cloyster|142\/242|[from] Stealth Rock
|turn|46
|
|move|p2a: Cloyster|Ice Shard|p1a: Meloetta
|-damage|p1a: Meloetta|11\/404
|move|p1a: Meloetta|Hyper Voice|p2a: Cloyster
|-damage|p2a: Cloyster|0 fnt
|faint|p2a: Cloyster
|
|-heal|p1a: Meloetta|36\/404|[from] item: Leftovers
|
|switch|p2a: Florges|Florges, F|360\/360
|-damage|p2a: Florges|315\/360|[from] Stealth Rock
|-damage|p2a: Florges|255\/360|[from] Spikes
|turn|47
|c|âRSMessiii|gg
|
|move|p1a: Meloetta|Calm Mind|p1a: Meloetta
|-boost|p1a: Meloetta|spa|1
|-boost|p1a: Meloetta|spd|1
|move|p2a: Florges|Calm Mind|p2a: Florges
|-boost|p2a: Florges|spa|1
|-boost|p2a: Florges|spd|1
|
|-heal|p1a: Meloetta|61\/404|[from] item: Leftovers
|-heal|p2a: Florges|277\/360|[from] item: Leftovers
|turn|48
|
|move|p1a: Meloetta|Psyshock|p2a: Florges
|-damage|p2a: Florges|130\/360
|move|p2a: Florges|Moonblast|p1a: Meloetta
|-crit|p1a: Meloetta
|-damage|p1a: Meloetta|0 fnt
|faint|p1a: Meloetta
|
|-heal|p2a: Florges|152\/360|[from] item: Leftovers
|
|switch|p1a: Beedrill|Beedrill-Mega, M|271\/271
|turn|49
|
|move|p1a: Beedrill|Poison Jab|p2a: Florges
|-supereffective|p2a: Florges
|-damage|p2a: Florges|0 fnt
|faint|p2a: Florges
|
|win|RSMessiii
|c|âHummingbrook777|Yeah well
|c|âHummingbrook777|I got one of yours
|c|âRSMessiii|yep^^ i couldnt handle froslass tho^^
|c|âHummingbrook777|Well you could
|c|âHummingbrook777|I'm gonna fiddle and rechallenge
|c|âRSMessiii|ok