|join|CollinAmbulance
|join|RSMessiii
|player|p1|CollinAmbulance|52
|player|p2|RSMessiii|265
|gametype|singles
|gen|6
|tier|UU
|rule|Sleep Clause Mod: Limit one foe put to sleep
|rule|Species Clause: Limit one of each PokÃ©mon
|rule|OHKO Clause: OHKO moves are banned
|rule|Moody Clause: Moody is banned
|rule|Evasion Moves Clause: Evasion moves are banned
|rule|Endless Battle Clause: Forcing endless battles is banned
|rule|HP Percentage Mod: HP is shown in percentages
|clearpoke
|poke|p1|Nidoqueen, F
|poke|p1|Suicune
|poke|p1|Espeon, M
|poke|p1|Diancie
|poke|p1|Crobat, M
|poke|p1|Tornadus, M
|poke|p2|Beedrill, M
|poke|p2|Arcanine, M
|poke|p2|Empoleon, F
|poke|p2|Chesnaught, F
|poke|p2|Hydreigon, F
|poke|p2|Meloetta
|rule|Swagger Clause: Swagger is banned
|rule|Baton Pass Clause: Limit one PokÃ©mon knowing Baton Pass
|teampreview
|c|âCollinAmbulance|gl hf
|c|âRSMessiii|u2
|
|start
|switch|p1a: Larry|Tornadus, M|300\/300
|switch|p2a: Meloetta|Meloetta|404\/404
|turn|1
|
|move|p1a: Larry|Hurricane|p2a: Meloetta
|-damage|p2a: Meloetta|213\/404
|-damage|p1a: Larry|270\/300|[from] item: Life Orb
|move|p2a: Meloetta|Calm Mind|p2a: Meloetta
|-boost|p2a: Meloetta|spa|1
|-boost|p2a: Meloetta|spd|1
|
|-heal|p2a: Meloetta|238\/404|[from] item: Leftovers
|turn|2
|
|switch|p1a: Hold me Im scared|Crobat, M|374\/374
|move|p2a: Meloetta|Psyshock|p1a: Hold me Im scared
|-supereffective|p1a: Hold me Im scared
|-damage|p1a: Hold me Im scared|0 fnt
|faint|p1a: Hold me Im scared
|
|-heal|p2a: Meloetta|263\/404|[from] item: Leftovers
|
|switch|p1a: Espeon|Espeon, M|271\/271
|turn|3
|
|move|p1a: Espeon|Toxic|p2a: Meloetta
|-status|p2a: Meloetta|tox
|move|p2a: Meloetta|Hyper Voice|p1a: Espeon
|-damage|p1a: Espeon|63\/271
|
|-heal|p1a: Espeon|79\/271|[from] item: Leftovers
|-heal|p2a: Meloetta|288\/404 tox|[from] item: Leftovers
|-damage|p2a: Meloetta|263\/404 tox|[from] psn
|turn|4
|
|switch|p1a: Beyonce|Diancie|304\/304
|move|p2a: Meloetta|Hyper Voice|p1a: Beyonce
|-resisted|p1a: Beyonce
|-damage|p1a: Beyonce|250\/304
|
|-heal|p2a: Meloetta|288\/404 tox|[from] item: Leftovers
|-heal|p1a: Beyonce|269\/304|[from] item: Leftovers
|-damage|p2a: Meloetta|238\/404 tox|[from] psn
|turn|5
|
|switch|p2a: Empoleon|Empoleon, F|371\/371
|move|p1a: Beyonce|Diamond Storm|p2a: Empoleon
|-resisted|p2a: Empoleon
|-damage|p2a: Empoleon|305\/371
|
|-heal|p2a: Empoleon|328\/371|[from] item: Leftovers
|-heal|p1a: Beyonce|288\/304|[from] item: Leftovers
|turn|6
|
|switch|p1a: Larry|Tornadus, M|270\/300
|move|p2a: Empoleon|Scald|p1a: Larry
|-damage|p1a: Larry|152\/300
|
|-heal|p2a: Empoleon|351\/371|[from] item: Leftovers
|turn|7
|
|move|p1a: Larry|Focus Blast|p2a: Empoleon
|-supereffective|p2a: Empoleon
|-damage|p2a: Empoleon|109\/371
|-unboost|p2a: Empoleon|spd|1
|-damage|p1a: Larry|122\/300|[from] item: Life Orb
|move|p2a: Empoleon|Scald|p1a: Larry
|-damage|p1a: Larry|0 fnt
|faint|p1a: Larry
|
|-heal|p2a: Empoleon|132\/371|[from] item: Leftovers
|
|switch|p1a: Rude|Suicune|404\/404
|-ability|p1a: Rude|Pressure
|turn|8
|
|move|p1a: Rude|Calm Mind|p1a: Rude
|-boost|p1a: Rude|spa|1
|-boost|p1a: Rude|spd|1
|move|p2a: Empoleon|Knock Off|p1a: Rude
|-damage|p1a: Rude|360\/404
|-enditem|p1a: Rude|Leftovers|[from] move: Knock Off|[of] p2a: Empoleon
|
|-heal|p2a: Empoleon|155\/371|[from] item: Leftovers
|turn|9
|
|switch|p2a: Chesnaught|Chesnaught, F|379\/379
|move|p1a: Rude|Scald|p2a: Chesnaught
|-resisted|p2a: Chesnaught
|-damage|p2a: Chesnaught|298\/379
|-status|p2a: Chesnaught|brn
|
|-heal|p2a: Chesnaught|321\/379 brn|[from] item: Leftovers
|-damage|p2a: Chesnaught|274\/379 brn|[from] brn
|turn|10
|
|switch|p1a: Lateefa|Nidoqueen, F|384\/384
|move|p2a: Chesnaught|Leech Seed|p1a: Lateefa
|-start|p1a: Lateefa|move: Leech Seed
|
|-heal|p2a: Chesnaught|297\/379 brn|[from] item: Leftovers
|-damage|p1a: Lateefa|336\/384|[from] Leech Seed|[of] p2a: Chesnaught
|-heal|p2a: Chesnaught|345\/379 brn|[silent]
|-damage|p2a: Chesnaught|298\/379 brn|[from] brn
|turn|11
|
|switch|p2a: Empoleon|Empoleon, F|155\/371
|move|p1a: Lateefa|Stealth Rock|p2a: Empoleon
|-sidestart|p2: RSMessiii|move: Stealth Rock
|
|-heal|p1a: Lateefa|360\/384|[from] item: Black Sludge
|-heal|p2a: Empoleon|178\/371|[from] item: Leftovers
|-damage|p1a: Lateefa|312\/384|[from] Leech Seed|[of] p2a: Empoleon
|-heal|p2a: Empoleon|226\/371|[silent]
|turn|12
|
|switch|p2a: Hydreigon|Hydreigon, F|325\/325
|-damage|p2a: Hydreigon|285\/325|[from] Stealth Rock
|move|p1a: Lateefa|Earth Power|p2a: Hydreigon
|-immune|p2a: Hydreigon|[msg]
|
|-heal|p1a: Lateefa|336\/384|[from] item: Black Sludge
|-damage|p1a: Lateefa|288\/384|[from] Leech Seed|[of] p2a: Hydreigon
|-heal|p2a: Hydreigon|325\/325|[silent]
|turn|13
|c|âCollinAmbulance|great plays
|
|switch|p1a: Beyonce|Diancie|288\/304
|move|p2a: Hydreigon|Dark Pulse|p1a: Beyonce
|-resisted|p1a: Beyonce
|-damage|p1a: Beyonce|249\/304
|
|-heal|p1a: Beyonce|268\/304|[from] item: Leftovers
|turn|14
|c|âRSMessiii|the sr tho^^
|
|switch|p2a: Empoleon|Empoleon, F|226\/371
|-damage|p2a: Empoleon|203\/371|[from] Stealth Rock
|move|p1a: Beyonce|Moonblast|p2a: Empoleon
|-resisted|p2a: Empoleon
|-damage|p2a: Empoleon|164\/371
|
|-heal|p2a: Empoleon|187\/371|[from] item: Leftovers
|-heal|p1a: Beyonce|287\/304|[from] item: Leftovers
|turn|15
|
|switch|p1a: Rude|Suicune|360\/404
|-ability|p1a: Rude|Pressure
|move|p2a: Empoleon|Defog|p1a: Rude
|-unboost|p1a: Rude|evasion|1
|-sideend|p2: RSMessiii|Stealth Rock|[from] move: Defog|[of] p2a: Empoleon
|
|-heal|p2a: Empoleon|210\/371|[from] item: Leftovers
|turn|16
|
|move|p1a: Rude|Scald|p2a: Empoleon
|-resisted|p2a: Empoleon
|-damage|p2a: Empoleon|180\/371
|move|p2a: Empoleon|Stealth Rock|p1a: Rude
|-sidestart|p1: CollinAmbulance|move: Stealth Rock
|
|-heal|p2a: Empoleon|203\/371|[from] item: Leftovers
|turn|17
|
|switch|p1a: Espeon|Espeon, M|79\/271
|-damage|p1a: Espeon|46\/271|[from] Stealth Rock
|switch|p2a: Chesnaught|Chesnaught, F|298\/379 brn
|
|-heal|p1a: Espeon|62\/271|[from] item: Leftovers
|-heal|p2a: Chesnaught|321\/379 brn|[from] item: Leftovers
|-damage|p2a: Chesnaught|274\/379 brn|[from] brn
|turn|18
|c|âCollinAmbulance|i screwed up my team
|c|âCollinAmbulance|had mega sharpedo
|c|âRSMessiii|how?
|
|switch|p2a: Empoleon|Empoleon, F|203\/371
|move|p1a: Espeon|Shadow Ball|p2a: Empoleon
|-damage|p2a: Empoleon|137\/371
|
|-heal|p1a: Espeon|78\/271|[from] item: Leftovers
|-heal|p2a: Empoleon|160\/371|[from] item: Leftovers
|turn|19
|c|âRSMessiii|oh
|c|âCollinAmbulance|took it out im mad now
|c|âCollinAmbulance|meloetta would have been done lol
|
|switch|p1a: Rude|Suicune|360\/404
|-damage|p1a: Rude|310\/404|[from] Stealth Rock
|-ability|p1a: Rude|Pressure
|move|p2a: Empoleon|Scald|p1a: Rude
|-resisted|p1a: Rude
|-damage|p1a: Rude|263\/404
|
|-heal|p2a: Empoleon|183\/371|[from] item: Leftovers
|turn|20
|
|switch|p2a: Chesnaught|Chesnaught, F|274\/379 brn
|move|p1a: Rude|Calm Mind|p1a: Rude
|-boost|p1a: Rude|spa|1
|-boost|p1a: Rude|spd|1
|
|-heal|p2a: Chesnaught|297\/379 brn|[from] item: Leftovers
|-damage|p2a: Chesnaught|250\/379 brn|[from] brn
|turn|21
|
|move|p1a: Rude|Scald|p2a: Chesnaught
|-resisted|p2a: Chesnaught
|-damage|p2a: Chesnaught|174\/379 brn
|move|p2a: Chesnaught|Leech Seed|p1a: Rude
|-start|p1a: Rude|move: Leech Seed
|
|-heal|p2a: Chesnaught|197\/379 brn|[from] item: Leftovers
|-damage|p1a: Rude|213\/404|[from] Leech Seed|[of] p2a: Chesnaught
|-heal|p2a: Chesnaught|247\/379 brn|[silent]
|-damage|p2a: Chesnaught|200\/379 brn|[from] brn
|turn|22
|
|switch|p2a: Meloetta|Meloetta|238\/404 tox
|move|p1a: Rude|Rest|p1a: Rude
|-status|p1a: Rude|slp
|-heal|p1a: Rude|404\/404 slp|[silent]
|-status|p1a: Rude|slp|[from] move: Rest
|
|-heal|p2a: Meloetta|263\/404 tox|[from] item: Leftovers
|-damage|p1a: Rude|354\/404 slp|[from] Leech Seed|[of] p2a: Meloetta
|-heal|p2a: Meloetta|313\/404 tox|[silent]
|-damage|p2a: Meloetta|288\/404 tox|[from] psn
|turn|23
|
|move|p2a: Meloetta|Calm Mind|p2a: Meloetta
|-boost|p2a: Meloetta|spa|1
|-boost|p2a: Meloetta|spd|1
|cant|p1a: Rude|slp
|move|p1a: Rude|Sleep Talk|p1a: Rude
|move|p1a: Rude|Scald|p2a: Meloetta|[from]Sleep Talk
|-damage|p2a: Meloetta|216\/404 tox
|
|-heal|p2a: Meloetta|241\/404 tox|[from] item: Leftovers
|-damage|p1a: Rude|304\/404 slp|[from] Leech Seed|[of] p2a: Meloetta
|-heal|p2a: Meloetta|291\/404 tox|[silent]
|-damage|p2a: Meloetta|241\/404 tox|[from] psn
|turn|24
|
|move|p2a: Meloetta|Psyshock|p1a: Rude
|-damage|p1a: Rude|180\/404 slp
|cant|p1a: Rude|slp
|move|p1a: Rude|Sleep Talk|p1a: Rude
|move|p1a: Rude|Rest|p1a: Rude|[from]Sleep Talk
|-fail|p1a: Rude
|
|-heal|p2a: Meloetta|266\/404 tox|[from] item: Leftovers
|-damage|p1a: Rude|130\/404 slp|[from] Leech Seed|[of] p2a: Meloetta
|-heal|p2a: Meloetta|316\/404 tox|[silent]
|-damage|p2a: Meloetta|241\/404 tox|[from] psn
|turn|25
|
|switch|p2a: Beedrill|Beedrill, M|271\/271
|-curestatus|p1a: Rude|slp
|move|p1a: Rude|Rest|p1a: Rude
|-status|p1a: Rude|slp
|-heal|p1a: Rude|404\/404 slp|[silent]
|-status|p1a: Rude|slp|[from] move: Rest
|
|-damage|p1a: Rude|354\/404 slp|[from] Leech Seed|[of] p2a: Beedrill
|turn|26
|
|detailschange|p2a: Beedrill|Beedrill-Mega, M
|-mega|p2a: Beedrill|Beedrill|Beedrillite
|move|p2a: Beedrill|U-turn|p1a: Rude
|-damage|p1a: Rude|216\/404 slp
|
|switch|p2a: Meloetta|Meloetta|241\/404 tox
|cant|p1a: Rude|slp
|move|p1a: Rude|Sleep Talk|p1a: Rude
|move|p1a: Rude|Calm Mind|p1a: Rude|[from]Sleep Talk
|-boost|p1a: Rude|spa|1
|-boost|p1a: Rude|spd|1
|
|-heal|p2a: Meloetta|266\/404 tox|[from] item: Leftovers
|-damage|p1a: Rude|166\/404 slp|[from] Leech Seed|[of] p2a: Meloetta
|-heal|p2a: Meloetta|316\/404 tox|[silent]
|-damage|p2a: Meloetta|291\/404 tox|[from] psn
|turn|27
|
|move|p2a: Meloetta|Calm Mind|p2a: Meloetta
|-boost|p2a: Meloetta|spa|1
|-boost|p2a: Meloetta|spd|1
|cant|p1a: Rude|slp
|move|p1a: Rude|Sleep Talk|p1a: Rude
|move|p1a: Rude|Rest|p1a: Rude|[from]Sleep Talk
|-fail|p1a: Rude
|
|-heal|p2a: Meloetta|316\/404 tox|[from] item: Leftovers
|-damage|p1a: Rude|116\/404 slp|[from] Leech Seed|[of] p2a: Meloetta
|-heal|p2a: Meloetta|366\/404 tox|[silent]
|-damage|p2a: Meloetta|316\/404 tox|[from] psn
|turn|28
|
|move|p2a: Meloetta|Psyshock|p1a: Rude
|-damage|p1a: Rude|7\/404 slp
|-curestatus|p1a: Rude|slp
|move|p1a: Rude|Rest|p1a: Rude
|-status|p1a: Rude|slp
|-heal|p1a: Rude|404\/404 slp|[silent]
|-status|p1a: Rude|slp|[from] move: Rest
|
|-heal|p2a: Meloetta|341\/404 tox|[from] item: Leftovers
|-damage|p1a: Rude|354\/404 slp|[from] Leech Seed|[of] p2a: Meloetta
|-heal|p2a: Meloetta|391\/404 tox|[silent]
|-damage|p2a: Meloetta|316\/404 tox|[from] psn
|turn|29
|
|switch|p2a: Empoleon|Empoleon, F|183\/371
|cant|p1a: Rude|slp
|move|p1a: Rude|Sleep Talk|p1a: Rude
|move|p1a: Rude|Rest|p1a: Rude|[from]Sleep Talk
|-fail|p1a: Rude
|
|-heal|p2a: Empoleon|206\/371|[from] item: Leftovers
|-damage|p1a: Rude|304\/404 slp|[from] Leech Seed|[of] p2a: Empoleon
|-heal|p2a: Empoleon|256\/371|[silent]
|turn|30
|
|switch|p2a: Chesnaught|Chesnaught, F|200\/379 brn
|cant|p1a: Rude|slp
|move|p1a: Rude|Sleep Talk|p1a: Rude
|move|p1a: Rude|Calm Mind|p1a: Rude|[from]Sleep Talk
|-boost|p1a: Rude|spa|1
|-boost|p1a: Rude|spd|1
|
|-heal|p2a: Chesnaught|223\/379 brn|[from] item: Leftovers
|-damage|p1a: Rude|254\/404 slp|[from] Leech Seed|[of] p2a: Chesnaught
|-heal|p2a: Chesnaught|273\/379 brn|[silent]
|-damage|p2a: Chesnaught|226\/379 brn|[from] brn
|turn|31
|
|-curestatus|p1a: Rude|slp
|move|p1a: Rude|Scald|p2a: Chesnaught
|-resisted|p2a: Chesnaught
|-damage|p2a: Chesnaught|98\/379 brn
|move|p2a: Chesnaught|Drain Punch|p1a: Rude
|-damage|p1a: Rude|221\/404
|-heal|p2a: Chesnaught|115\/379 brn|[from] drain|[of] p1a: Rude
|
|-heal|p2a: Chesnaught|138\/379 brn|[from] item: Leftovers
|-damage|p1a: Rude|171\/404|[from] Leech Seed|[of] p2a: Chesnaught
|-heal|p2a: Chesnaught|188\/379 brn|[silent]
|-damage|p2a: Chesnaught|141\/379 brn|[from] brn
|turn|32
|
|move|p1a: Rude|Calm Mind|p1a: Rude
|-boost|p1a: Rude|spa|1
|-boost|p1a: Rude|spd|1
|move|p2a: Chesnaught|Spikes|p1a: Rude
|-sidestart|p1: CollinAmbulance|Spikes
|
|-heal|p2a: Chesnaught|164\/379 brn|[from] item: Leftovers
|-damage|p1a: Rude|121\/404|[from] Leech Seed|[of] p2a: Chesnaught
|-heal|p2a: Chesnaught|214\/379 brn|[silent]
|-damage|p2a: Chesnaught|167\/379 brn|[from] brn
|turn|33
|
|switch|p2a: Meloetta|Meloetta|316\/404 tox
|move|p1a: Rude|Scald|p2a: Meloetta
|-damage|p2a: Meloetta|111\/404 tox
|
|-heal|p2a: Meloetta|136\/404 tox|[from] item: Leftovers
|-damage|p1a: Rude|71\/404|[from] Leech Seed|[of] p2a: Meloetta
|-heal|p2a: Meloetta|186\/404 tox|[silent]
|-damage|p2a: Meloetta|161\/404 tox|[from] psn
|turn|34
|
|switch|p1a: Beyonce|Diancie|287\/304
|-damage|p1a: Beyonce|249\/304|[from] Spikes
|-damage|p1a: Beyonce|211\/304|[from] Stealth Rock
|move|p2a: Meloetta|Psyshock|p1a: Beyonce
|-crit|p1a: Beyonce
|-damage|p1a: Beyonce|67\/304
|
|-heal|p2a: Meloetta|186\/404 tox|[from] item: Leftovers
|-heal|p1a: Beyonce|86\/304|[from] item: Leftovers
|-damage|p2a: Meloetta|136\/404 tox|[from] psn
|turn|35
|c|âRSMessiii|why?
|c|âRSMessiii|itmay not have killed
|c|âCollinAmbulance|its game
|c|âCollinAmbulance|lol
|
|move|p2a: Meloetta|Psyshock|p1a: Beyonce
|-damage|p1a: Beyonce|0 fnt
|faint|p1a: Beyonce
|
|-heal|p2a: Meloetta|161\/404 tox|[from] item: Leftovers
|-damage|p2a: Meloetta|86\/404 tox|[from] psn
|
|switch|p1a: Espeon|Espeon, M|78\/271
|-damage|p1a: Espeon|45\/271|[from] Spikes
|-damage|p1a: Espeon|12\/271|[from] Stealth Rock
|turn|36
|
|move|p1a: Espeon|Psyshock|p2a: Meloetta
|-resisted|p2a: Meloetta
|-damage|p2a: Meloetta|21\/404 tox
|move|p2a: Meloetta|Hyper Voice|p1a: Espeon
|-damage|p1a: Espeon|0 fnt
|faint|p1a: Espeon
|
|-heal|p2a: Meloetta|46\/404 tox|[from] item: Leftovers
|-damage|p2a: Meloetta|0 fnt|[from] psn
|faint|p2a: Meloetta
|
|switch|p2a: Beedrill|Beedrill-Mega, M|271\/271
|switch|p1a: Lateefa|Nidoqueen, F|288\/384
|-damage|p1a: Lateefa|240\/384|[from] Spikes
|-damage|p1a: Lateefa|216\/384|[from] Stealth Rock
|turn|37
|
|move|p2a: Beedrill|Drill Run|p1a: Lateefa
|-supereffective|p1a: Lateefa
|-damage|p1a: Lateefa|0 fnt
|faint|p1a: Lateefa
|
|c|âRSMessiii|gg
|c|âCollinAmbulance|gg
|
|switch|p1a: Rude|Suicune|71\/404
|-damage|p1a: Rude|21\/404|[from] Spikes
|-damage|p1a: Rude|0 fnt|[from] Stealth Rock
|faint|p1a: Rude
|
|win|RSMessiii
|c|âCollinAmbulance|u got replay?
|c|âRSMessiii|yes