|join|RSMessiii
|join|CollinAmbulance
|player|p1|RSMessiii|265
|player|p2|CollinAmbulance|52
|gametype|singles
|gen|6
|tier|UU
|rule|Sleep Clause Mod: Limit one foe put to sleep
|rule|Species Clause: Limit one of each PokÃ©mon
|rule|OHKO Clause: OHKO moves are banned
|rule|Moody Clause: Moody is banned
|rule|Evasion Moves Clause: Evasion moves are banned
|rule|Endless Battle Clause: Forcing endless battles is banned
|rule|HP Percentage Mod: HP is shown in percentages
|clearpoke
|poke|p1|Zygarde
|poke|p1|Florges, F
|poke|p1|Chesnaught, M
|poke|p1|Tentacruel, M
|poke|p1|Jirachi
|poke|p1|Cresselia, F
|poke|p2|Zygarde
|poke|p2|Swampert, M
|poke|p2|Tentacruel, M
|poke|p2|Darmanitan, F
|poke|p2|Shaymin
|poke|p2|Raikou, shiny
|rule|Swagger Clause: Swagger is banned
|rule|Baton Pass Clause: Limit one PokÃ©mon knowing Baton Pass
|teampreview
|c|âRSMessiii|gl  hf
|c|âCollinAmbulance|gl hf
|
|start
|switch|p1a: Chesnaught|Chesnaught, M|379\/379
|switch|p2a: Dahwmage|Darmanitan, F|351\/351
|turn|1
|
|move|p1a: Chesnaught|Spiky Shield|p1a: Chesnaught
|-singleturn|p1a: Chesnaught|move: Protect
|move|p2a: Dahwmage|Flare Blitz|p1a: Chesnaught
|-activate|p1a: Chesnaught|move: Protect
|-damage|p2a: Dahwmage|308\/351|[from] Spiky Shield|[of] p1a: Chesnaught
|
|turn|2
|
|switch|p2a: It's the cape|Raikou, shiny|342\/342
|-ability|p2a: It's the cape|Pressure
|switch|p1a: Zygarde|Zygarde|407\/407
|-ability|p1a: Zygarde|Aura Break
|
|turn|3
|
|switch|p1a: Jirachi|Jirachi|403\/403
|move|p2a: It's the cape|Hidden Power|p1a: Jirachi
|-resisted|p1a: Jirachi
|-damage|p1a: Jirachi|370\/403
|
|-heal|p1a: Jirachi|395\/403|[from] item: Leftovers
|turn|4
|
|switch|p2a: Hugzz|Swampert, M|341\/341
|move|p1a: Jirachi|Stealth Rock|p2a: Hugzz
|-sidestart|p2: CollinAmbulance|move: Stealth Rock
|
|-heal|p1a: Jirachi|403\/403|[from] item: Leftovers
|turn|5
|
|switch|p1a: Chesnaught|Chesnaught, M|379\/379
|detailschange|p2a: Hugzz|Swampert-Mega, M
|-mega|p2a: Hugzz|Swampert|Swampertite
|move|p2a: Hugzz|Rain Dance|p2a: Hugzz
|-weather|RainDance
|
|-weather|RainDance|[upkeep]
|turn|6
|
|switch|p2a: Kenny Sr.|Tentacruel, M|364\/364
|-damage|p2a: Kenny Sr.|319\/364|[from] Stealth Rock
|move|p1a: Chesnaught|Leech Seed|p2a: Kenny Sr.
|-start|p2a: Kenny Sr.|move: Leech Seed
|
|-weather|RainDance|[upkeep]
|-heal|p2a: Kenny Sr.|341\/364|[from] ability: Rain Dish
|-damage|p2a: Kenny Sr.|296\/364|[from] Leech Seed|[of] p1a: Chesnaught
|turn|7
|
|move|p2a: Kenny Sr.|Rapid Spin|p1a: Chesnaught
|-damage|p1a: Chesnaught|370\/379
|-end|p2a: Kenny Sr.|Leech Seed|[from] move: Rapid Spin|[of] p2a: Kenny Sr.
|-sideend|p2: CollinAmbulance|Stealth Rock|[from] move: Rapid Spin|[of] p2a: Kenny Sr.
|move|p1a: Chesnaught|Spikes|p2a: Kenny Sr.
|-sidestart|p2: CollinAmbulance|Spikes
|
|-weather|RainDance|[upkeep]
|-heal|p2a: Kenny Sr.|318\/364|[from] ability: Rain Dish
|-heal|p1a: Chesnaught|379\/379|[from] item: Leftovers
|turn|8
|
|move|p2a: Kenny Sr.|Knock Off|p1a: Chesnaught
|-resisted|p1a: Chesnaught
|-damage|p1a: Chesnaught|362\/379
|-enditem|p1a: Chesnaught|Leftovers|[from] move: Knock Off|[of] p2a: Kenny Sr.
|move|p1a: Chesnaught|Leech Seed|p2a: Kenny Sr.
|-start|p2a: Kenny Sr.|move: Leech Seed
|
|-weather|RainDance|[upkeep]
|-heal|p2a: Kenny Sr.|340\/364|[from] ability: Rain Dish
|-damage|p2a: Kenny Sr.|295\/364|[from] Leech Seed|[of] p1a: Chesnaught
|-heal|p1a: Chesnaught|379\/379|[silent]
|turn|9
|
|move|p2a: Kenny Sr.|Rapid Spin|p1a: Chesnaught
|-damage|p1a: Chesnaught|371\/379
|-end|p2a: Kenny Sr.|Leech Seed|[from] move: Rapid Spin|[of] p2a: Kenny Sr.
|-sideend|p2: CollinAmbulance|Spikes|[from] move: Rapid Spin|[of] p2a: Kenny Sr.
|move|p1a: Chesnaught|Spikes|p2a: Kenny Sr.
|-sidestart|p2: CollinAmbulance|Spikes
|
|-weather|none
|turn|10
|
|switch|p1a: Tentacruel|Tentacruel, M|363\/363
|move|p2a: Kenny Sr.|Rapid Spin|p1a: Tentacruel
|-damage|p1a: Tentacruel|346\/363
|-sideend|p2: CollinAmbulance|Spikes|[from] move: Rapid Spin|[of] p2a: Kenny Sr.
|
|-heal|p1a: Tentacruel|363\/363|[from] item: Black Sludge
|turn|11
|
|switch|p2a: It's the cape|Raikou, shiny|342\/342
|-ability|p2a: It's the cape|Pressure
|move|p1a: Tentacruel|Scald|p2a: It's the cape
|-damage|p2a: It's the cape|263\/342
|
|turn|12
|
|switch|p1a: Jirachi|Jirachi|403\/403
|move|p2a: It's the cape|Volt Switch|p1a: Jirachi
|-damage|p1a: Jirachi|283\/403
|
|switch|p2a: Dahwmage|Darmanitan, F|308\/351
|
|-heal|p1a: Jirachi|308\/403|[from] item: Leftovers
|turn|13
|
|switch|p1a: Zygarde|Zygarde|407\/407
|-ability|p1a: Zygarde|Aura Break
|move|p2a: Dahwmage|U-turn|p1a: Zygarde
|-damage|p1a: Zygarde|330\/407
|
|switch|p2a: Hugzz|Swampert-Mega, M|341\/341
|
|-heal|p1a: Zygarde|355\/407|[from] item: Leftovers
|turn|14
|
|switch|p1a: Cresselia|Cresselia, F|441\/441
|move|p2a: Hugzz|Ice Punch|p1a: Cresselia
|-damage|p1a: Cresselia|366\/441
|
|-heal|p1a: Cresselia|393\/441|[from] item: Leftovers
|turn|15
|
|switch|p2a: Into the Woods|Shaymin|341\/341
|move|p1a: Cresselia|Toxic|p2a: Into the Woods
|-status|p2a: Into the Woods|tox
|
|-heal|p1a: Cresselia|420\/441|[from] item: Leftovers
|-damage|p2a: Into the Woods|320\/341 tox|[from] psn
|turn|16
|
|move|p2a: Into the Woods|Seed Flare|p1a: Cresselia
|-damage|p1a: Cresselia|243\/441
|-damage|p2a: Into the Woods|286\/341 tox|[from] item: Life Orb
|move|p1a: Cresselia|Skill Swap|p2a: Into the Woods
|-activate|p1a: Cresselia|move: Skill Swap|Natural Cure|Levitate|[of] p2a: Into the Woods
|
|-heal|p1a: Cresselia|270\/441|[from] item: Leftovers
|-damage|p2a: Into the Woods|244\/341 tox|[from] psn
|turn|17
|
|move|p2a: Into the Woods|Rest|p2a: Into the Woods
|-status|p2a: Into the Woods|slp
|-heal|p2a: Into the Woods|341\/341 slp|[silent]
|-status|p2a: Into the Woods|slp|[from] move: Rest
|move|p1a: Cresselia|Moonlight|p1a: Cresselia
|-heal|p1a: Cresselia|441\/441
|
|turn|18
|
|switch|p2a: Dahwmage|Darmanitan, F|308\/351
|move|p1a: Cresselia|Psyshock|p2a: Dahwmage
|-damage|p2a: Dahwmage|191\/351
|
|turn|19
|
|switch|p1a: Tentacruel|Tentacruel, M|363\/363
|move|p2a: Dahwmage|U-turn|p1a: Tentacruel
|-resisted|p1a: Tentacruel
|-damage|p1a: Tentacruel|300\/363
|
|switch|p2a: Hugzz|Swampert-Mega, M|341\/341
|
|-heal|p1a: Tentacruel|322\/363|[from] item: Black Sludge
|turn|20
|
|switch|p1a: Chesnaught|Chesnaught, M|371\/379
|move|p2a: Hugzz|Earthquake|p1a: Chesnaught
|-resisted|p1a: Chesnaught
|-damage|p1a: Chesnaught|303\/379
|
|turn|21
|
|switch|p2a: Into the Woods|Shaymin|341\/341 slp
|move|p1a: Chesnaught|Spikes|p2a: Into the Woods
|-sidestart|p2: CollinAmbulance|Spikes
|
|turn|22
|
|switch|p2a: Kenny Sr.|Tentacruel, M|295\/364
|-damage|p2a: Kenny Sr.|250\/364|[from] Spikes
|switch|p1a: Tentacruel|Tentacruel, M|322\/363
|
|-heal|p1a: Tentacruel|344\/363|[from] item: Black Sludge
|turn|23
|
|move|p1a: Tentacruel|Scald|p2a: Kenny Sr.
|-resisted|p2a: Kenny Sr.
|-damage|p2a: Kenny Sr.|229\/364
|move|p2a: Kenny Sr.|Rapid Spin|p1a: Tentacruel
|-damage|p1a: Tentacruel|327\/363
|-sideend|p2: CollinAmbulance|Spikes|[from] move: Rapid Spin|[of] p2a: Kenny Sr.
|
|-heal|p1a: Tentacruel|349\/363|[from] item: Black Sludge
|turn|24
|
|switch|p2a: Into the Woods|Shaymin|341\/341
|move|p1a: Tentacruel|Scald|p2a: Into the Woods
|-resisted|p2a: Into the Woods
|-damage|p2a: Into the Woods|302\/341
|
|-heal|p1a: Tentacruel|363\/363|[from] item: Black Sludge
|turn|25
|
|move|p2a: Into the Woods|Seed Flare|p1a: Tentacruel
|-damage|p1a: Tentacruel|211\/363
|-unboost|p1a: Tentacruel|spd|2
|-damage|p2a: Into the Woods|268\/341|[from] item: Life Orb
|move|p1a: Tentacruel|Acid Spray|p2a: Into the Woods
|-supereffective|p2a: Into the Woods
|-damage|p2a: Into the Woods|190\/341
|-unboost|p2a: Into the Woods|spd|2
|
|-heal|p1a: Tentacruel|233\/363|[from] item: Black Sludge
|turn|26
|
|switch|p1a: Florges|Florges, F|359\/359
|move|p2a: Into the Woods|Earth Power|p1a: Florges
|-damage|p1a: Florges|285\/359
|-damage|p2a: Into the Woods|156\/341|[from] item: Life Orb
|
|-heal|p1a: Florges|307\/359|[from] item: Leftovers
|turn|27
|
|switch|p2a: Kenny Sr.|Tentacruel, M|229\/364
|move|p1a: Florges|Moonblast|p2a: Kenny Sr.
|-resisted|p2a: Kenny Sr.
|-damage|p2a: Kenny Sr.|193\/364
|
|-heal|p1a: Florges|329\/359|[from] item: Leftovers
|turn|28
|
|switch|p1a: Chesnaught|Chesnaught, M|303\/379
|move|p2a: Kenny Sr.|Knock Off|p1a: Chesnaught
|-resisted|p1a: Chesnaught
|-damage|p1a: Chesnaught|291\/379
|
|turn|29
|
|switch|p2a: Dahwmage|Darmanitan, F|191\/351
|move|p1a: Chesnaught|Leech Seed|p2a: Dahwmage
|-start|p2a: Dahwmage|move: Leech Seed
|
|-damage|p2a: Dahwmage|148\/351|[from] Leech Seed|[of] p1a: Chesnaught
|-heal|p1a: Chesnaught|334\/379|[silent]
|turn|30
|
|switch|p2a: It's the cape|Raikou, shiny|263\/342
|-ability|p2a: It's the cape|Pressure
|move|p1a: Chesnaught|Spiky Shield|p1a: Chesnaught
|-fail|p1a: Chesnaught
|
|turn|31
|
|move|p1a: Chesnaught|Spiky Shield|p1a: Chesnaught
|-singleturn|p1a: Chesnaught|move: Protect
|move|p2a: It's the cape|Volt Switch|p1a: Chesnaught
|-activate|p1a: Chesnaught|move: Protect
|
|turn|32
|
|move|p2a: It's the cape|Volt Switch|p1a: Chesnaught
|-resisted|p1a: Chesnaught
|-damage|p1a: Chesnaught|226\/379
|
|switch|p2a: Into the Woods|Shaymin|156\/341
|move|p1a: Chesnaught|Spikes|p2a: Into the Woods
|-sidestart|p2: CollinAmbulance|Spikes
|
|turn|33
|
|switch|p1a: Florges|Florges, F|329\/359
|move|p2a: Into the Woods|Air Slash|p1a: Florges
|-crit|p1a: Florges
|-damage|p1a: Florges|234\/359
|-damage|p2a: Into the Woods|122\/341|[from] item: Life Orb
|
|-heal|p1a: Florges|256\/359|[from] item: Leftovers
|turn|34
|
|move|p2a: Into the Woods|Rest|p2a: Into the Woods
|-status|p2a: Into the Woods|slp
|-heal|p2a: Into the Woods|341\/341 slp|[silent]
|-status|p2a: Into the Woods|slp|[from] move: Rest
|move|p1a: Florges|Wish|p1a: Florges
|
|-heal|p1a: Florges|278\/359|[from] item: Leftovers
|turn|35
|
|switch|p2a: Dahwmage|Darmanitan, F|148\/351
|-damage|p2a: Dahwmage|105\/351|[from] Spikes
|switch|p1a: Tentacruel|Tentacruel, M|233\/363
|
|-heal|p1a: Tentacruel|363\/363|[from] move: Wish|[wisher] Florges
|turn|36
|
|switch|p1a: Cresselia|Cresselia, F|441\/441
|move|p2a: Dahwmage|Earthquake|p1a: Cresselia
|-immune|p1a: Cresselia|[msg]
|
|turn|37
|
|switch|p2a: Kenny Sr.|Tentacruel, M|193\/364
|-damage|p2a: Kenny Sr.|148\/364|[from] Spikes
|move|p1a: Cresselia|Psyshock|p2a: Kenny Sr.
|-supereffective|p2a: Kenny Sr.
|-damage|p2a: Kenny Sr.|2\/364
|
|turn|38
|
|switch|p1a: Chesnaught|Chesnaught, M|226\/379
|move|p2a: Kenny Sr.|Scald|p1a: Chesnaught
|-resisted|p1a: Chesnaught
|-damage|p1a: Chesnaught|172\/379
|
|turn|39
|
|move|p2a: Kenny Sr.|Scald|p1a: Chesnaught
|-resisted|p1a: Chesnaught
|-damage|p1a: Chesnaught|118\/379
|move|p1a: Chesnaught|Drain Punch|p2a: Kenny Sr.
|-crit|p2a: Kenny Sr.
|-resisted|p2a: Kenny Sr.
|-damage|p2a: Kenny Sr.|0 fnt
|-heal|p1a: Chesnaught|119\/379|[from] drain|[of] p2a: Kenny Sr.
|faint|p2a: Kenny Sr.
|
|
|switch|p2a: Hugzz|Swampert-Mega, M|341\/341
|-damage|p2a: Hugzz|299\/341|[from] Spikes
|turn|40
|
|move|p1a: Chesnaught|Spiky Shield|p1a: Chesnaught
|-singleturn|p1a: Chesnaught|move: Protect
|move|p2a: Hugzz|Waterfall|p1a: Chesnaught
|-activate|p1a: Chesnaught|move: Protect
|-damage|p2a: Hugzz|257\/341|[from] Spiky Shield|[of] p1a: Chesnaught
|
|turn|41
|
|switch|p1a: Cresselia|Cresselia, F|441\/441
|move|p2a: Hugzz|Rain Dance|p2a: Hugzz
|-weather|RainDance
|
|-weather|RainDance|[upkeep]
|turn|42
|
|move|p2a: Hugzz|Waterfall|p1a: Cresselia
|-damage|p1a: Cresselia|284\/441
|cant|p1a: Cresselia|flinch
|
|-weather|RainDance|[upkeep]
|-heal|p1a: Cresselia|311\/441|[from] item: Leftovers
|turn|43
|
|move|p2a: Hugzz|Waterfall|p1a: Cresselia
|-damage|p1a: Cresselia|148\/441
|cant|p1a: Cresselia|flinch
|
|-weather|RainDance|[upkeep]
|-heal|p1a: Cresselia|175\/441|[from] item: Leftovers
|turn|44
|
|move|p2a: Hugzz|Waterfall|p1a: Cresselia
|-damage|p1a: Cresselia|16\/441
|move|p1a: Cresselia|Moonlight|p1a: Cresselia
|-heal|p1a: Cresselia|126\/441
|
|-weather|RainDance|[upkeep]
|-heal|p1a: Cresselia|153\/441|[from] item: Leftovers
|turn|45
|
|switch|p1a: Chesnaught|Chesnaught, M|119\/379
|move|p2a: Hugzz|Waterfall|p1a: Chesnaught
|-resisted|p1a: Chesnaught
|-damage|p1a: Chesnaught|41\/379
|
|-weather|none
|turn|46
|
|move|p2a: Hugzz|Earthquake|p1a: Chesnaught
|-resisted|p1a: Chesnaught
|-damage|p1a: Chesnaught|0 fnt
|faint|p1a: Chesnaught
|
|
|switch|p1a: Cresselia|Cresselia, F|153\/441
|turn|47
|
|switch|p2a: Into the Woods|Shaymin|341\/341
|-damage|p2a: Into the Woods|299\/341|[from] Spikes
|move|p1a: Cresselia|Moonlight|p1a: Cresselia
|-heal|p1a: Cresselia|373\/441
|
|-heal|p1a: Cresselia|400\/441|[from] item: Leftovers
|turn|48
|
|switch|p1a: Florges|Florges, F|278\/359
|move|p2a: Into the Woods|Seed Flare|p1a: Florges
|-damage|p1a: Florges|129\/359
|-damage|p2a: Into the Woods|265\/341|[from] item: Life Orb
|
|-heal|p1a: Florges|151\/359|[from] item: Leftovers
|turn|49
|
|move|p1a: Florges|Protect|p1a: Florges
|-singleturn|p1a: Florges|Protect
|move|p2a: Into the Woods|Seed Flare|p1a: Florges
|-activate|p1a: Florges|Protect
|
|-heal|p1a: Florges|173\/359|[from] item: Leftovers
|turn|50
|
|move|p2a: Into the Woods|Seed Flare|p1a: Florges
|-damage|p1a: Florges|25\/359
|-unboost|p1a: Florges|spd|2
|-damage|p2a: Into the Woods|231\/341|[from] item: Life Orb
|move|p1a: Florges|Wish|p1a: Florges
|
|-heal|p1a: Florges|47\/359|[from] item: Leftovers
|turn|51
|
|move|p1a: Florges|Protect|p1a: Florges
|-singleturn|p1a: Florges|Protect
|move|p2a: Into the Woods|Air Slash|p1a: Florges
|-activate|p1a: Florges|Protect
|
|-heal|p1a: Florges|226\/359|[from] move: Wish|[wisher] Florges
|-heal|p1a: Florges|248\/359|[from] item: Leftovers
|turn|52
|
|switch|p1a: Jirachi|Jirachi|308\/403
|move|p2a: Into the Woods|Seed Flare|p1a: Jirachi
|-resisted|p1a: Jirachi
|-damage|p1a: Jirachi|217\/403
|-unboost|p1a: Jirachi|spd|2
|-damage|p2a: Into the Woods|197\/341|[from] item: Life Orb
|
|-heal|p1a: Jirachi|242\/403|[from] item: Leftovers
|turn|53
|
|switch|p1a: Cresselia|Cresselia, F|400\/441
|move|p2a: Into the Woods|Earth Power|p1a: Cresselia
|-immune|p1a: Cresselia|[msg]
|
|-heal|p1a: Cresselia|427\/441|[from] item: Leftovers
|turn|54
|
|move|p2a: Into the Woods|Air Slash|p1a: Cresselia
|-crit|p1a: Cresselia
|-damage|p1a: Cresselia|307\/441
|-damage|p2a: Into the Woods|163\/341|[from] item: Life Orb
|move|p1a: Cresselia|Psyshock|p2a: Into the Woods
|-damage|p2a: Into the Woods|84\/341
|
|-heal|p1a: Cresselia|334\/441|[from] item: Leftovers
|turn|55
|
|move|p2a: Into the Woods|Rest|p2a: Into the Woods
|-status|p2a: Into the Woods|slp
|-heal|p2a: Into the Woods|341\/341 slp|[silent]
|-status|p2a: Into the Woods|slp|[from] move: Rest
|move|p1a: Cresselia|Moonlight|p1a: Cresselia
|-heal|p1a: Cresselia|441\/441
|
|turn|56
|
|switch|p2a: It's the cape|Raikou, shiny|263\/342
|-damage|p2a: It's the cape|221\/342|[from] Spikes
|-ability|p2a: It's the cape|Pressure
|switch|p1a: Tentacruel|Tentacruel, M|363\/363
|
|turn|57
|
|switch|p1a: Jirachi|Jirachi|242\/403
|move|p2a: It's the cape|Volt Switch|p1a: Jirachi
|-damage|p1a: Jirachi|131\/403
|
|switch|p2a: Dahwmage|Darmanitan, F|105\/351
|-damage|p2a: Dahwmage|62\/351|[from] Spikes
|
|-heal|p1a: Jirachi|156\/403|[from] item: Leftovers
|turn|58
|
|switch|p1a: Zygarde|Zygarde|355\/407
|-ability|p1a: Zygarde|Aura Break
|move|p2a: Dahwmage|Flare Blitz|p1a: Zygarde
|-resisted|p1a: Zygarde
|-damage|p1a: Zygarde|235\/407
|-damage|p2a: Dahwmage|22\/351|[from] recoil|[of] p1a: Zygarde
|
|-heal|p1a: Zygarde|260\/407|[from] item: Leftovers
|turn|59
|
|move|p2a: Dahwmage|Flare Blitz|p1a: Zygarde
|-resisted|p1a: Zygarde
|-damage|p1a: Zygarde|131\/407
|-damage|p2a: Dahwmage|0 fnt|[from] recoil|[of] p1a: Zygarde
|faint|p2a: Dahwmage
|move|p1a: Zygarde|Substitute|p1a: Zygarde
|-start|p1a: Zygarde|Substitute
|-damage|p1a: Zygarde|30\/407
|
|-heal|p1a: Zygarde|55\/407|[from] item: Leftovers
|
|switch|p2a: It's the cape|Raikou, shiny|221\/342
|-damage|p2a: It's the cape|179\/342|[from] Spikes
|-ability|p2a: It's the cape|Pressure
|turn|60
|
|move|p2a: It's the cape|Hidden Power|p1a: Zygarde
|-supereffective|p1a: Zygarde
|-end|p1a: Zygarde|Substitute
|move|p1a: Zygarde|Earthquake|p2a: It's the cape
|-supereffective|p2a: It's the cape
|-damage|p2a: It's the cape|0 fnt
|faint|p2a: It's the cape
|
|-heal|p1a: Zygarde|80\/407|[from] item: Leftovers
|
|switch|p2a: Hugzz|Swampert-Mega, M|257\/341
|-damage|p2a: Hugzz|215\/341|[from] Spikes
|turn|61
|
|switch|p1a: Cresselia|Cresselia, F|441\/441
|move|p2a: Hugzz|Ice Punch|p1a: Cresselia
|-damage|p1a: Cresselia|368\/441
|
|-heal|p1a: Cresselia|395\/441|[from] item: Leftovers
|turn|62
|
|switch|p2a: Into the Woods|Shaymin|341\/341
|-damage|p2a: Into the Woods|299\/341|[from] Spikes
|move|p1a: Cresselia|Toxic|p2a: Into the Woods
|-status|p2a: Into the Woods|tox
|
|-heal|p1a: Cresselia|422\/441|[from] item: Leftovers
|-damage|p2a: Into the Woods|278\/341 tox|[from] psn
|turn|63
|
|switch|p1a: Tentacruel|Tentacruel, M|363\/363
|move|p2a: Into the Woods|Seed Flare|p1a: Tentacruel
|-damage|p1a: Tentacruel|217\/363
|-damage|p2a: Into the Woods|244\/341 tox|[from] item: Life Orb
|
|-heal|p1a: Tentacruel|239\/363|[from] item: Black Sludge
|-damage|p2a: Into the Woods|202\/341 tox|[from] psn
|turn|64
|
|move|p2a: Into the Woods|Earth Power|p1a: Tentacruel
|-supereffective|p1a: Tentacruel
|-damage|p1a: Tentacruel|78\/363
|-damage|p2a: Into the Woods|168\/341 tox|[from] item: Life Orb
|move|p1a: Tentacruel|Acid Spray|p2a: Into the Woods
|-supereffective|p2a: Into the Woods
|-damage|p2a: Into the Woods|96\/341 tox
|-unboost|p2a: Into the Woods|spd|2
|
|-heal|p1a: Tentacruel|100\/363|[from] item: Black Sludge
|-damage|p2a: Into the Woods|33\/341 tox|[from] psn
|turn|65
|
|move|p2a: Into the Woods|Rest|p2a: Into the Woods
|-status|p2a: Into the Woods|slp
|-heal|p2a: Into the Woods|341\/341 slp|[silent]
|-status|p2a: Into the Woods|slp|[from] move: Rest
|move|p1a: Tentacruel|Acid Spray|p2a: Into the Woods
|-supereffective|p2a: Into the Woods
|-damage|p2a: Into the Woods|183\/341 slp
|-unboost|p2a: Into the Woods|spd|2
|
|-heal|p1a: Tentacruel|122\/363|[from] item: Black Sludge
|turn|66
|
|switch|p2a: Kaah|Zygarde|358\/358
|-damage|p2a: Kaah|314\/358|[from] Spikes
|-ability|p2a: Kaah|Aura Break
|move|p1a: Tentacruel|Scald|p2a: Kaah
|-damage|p2a: Kaah|229\/358
|
|-heal|p2a: Kaah|251\/358|[from] item: Leftovers
|-heal|p1a: Tentacruel|144\/363|[from] item: Black Sludge
|turn|67
|
|switch|p1a: Florges|Florges, F|248\/359
|move|p2a: Kaah|Dragon Dance|p2a: Kaah
|-boost|p2a: Kaah|atk|1
|-boost|p2a: Kaah|spe|1
|
|-heal|p2a: Kaah|273\/358|[from] item: Leftovers
|-heal|p1a: Florges|270\/359|[from] item: Leftovers
|turn|68
|
|move|p2a: Kaah|Earthquake|p1a: Florges
|-damage|p1a: Florges|18\/359
|move|p1a: Florges|Moonblast|p2a: Kaah
|-supereffective|p2a: Kaah
|-damage|p2a: Kaah|31\/358
|
|-heal|p2a: Kaah|53\/358|[from] item: Leftovers
|-heal|p1a: Florges|40\/359|[from] item: Leftovers
|turn|69
|
|move|p2a: Kaah|Earthquake|p1a: Florges
|-damage|p1a: Florges|0 fnt
|faint|p1a: Florges
|
|-heal|p2a: Kaah|75\/358|[from] item: Leftovers
|
|switch|p1a: Cresselia|Cresselia, F|422\/441
|turn|70
|
|move|p2a: Kaah|Stone Edge|p1a: Cresselia
|-crit|p1a: Cresselia
|-damage|p1a: Cresselia|257\/441
|move|p1a: Cresselia|Toxic|p2a: Kaah
|-status|p2a: Kaah|tox
|
|-heal|p2a: Kaah|97\/358 tox|[from] item: Leftovers
|-heal|p1a: Cresselia|284\/441|[from] item: Leftovers
|-damage|p2a: Kaah|75\/358 tox|[from] psn
|turn|71
|
|switch|p2a: Into the Woods|Shaymin|183\/341
|-damage|p2a: Into the Woods|141\/341|[from] Spikes
|move|p1a: Cresselia|Moonlight|p1a: Cresselia
|-heal|p1a: Cresselia|441\/441
|
|turn|72
|
|switch|p1a: Zygarde|Zygarde|80\/407
|-ability|p1a: Zygarde|Aura Break
|move|p2a: Into the Woods|Air Slash|p1a: Zygarde
|-damage|p1a: Zygarde|12\/407
|-damage|p2a: Into the Woods|107\/341|[from] item: Life Orb
|
|-heal|p1a: Zygarde|37\/407|[from] item: Leftovers
|turn|73
|
|move|p2a: Into the Woods|Air Slash|p1a: Zygarde
|-damage|p1a: Zygarde|0 fnt
|-damage|p2a: Into the Woods|73\/341|[from] item: Life Orb
|faint|p1a: Zygarde
|
|
|switch|p1a: Cresselia|Cresselia, F|441\/441
|turn|74
|
|move|p2a: Into the Woods|Rest|p2a: Into the Woods
|-status|p2a: Into the Woods|slp
|-heal|p2a: Into the Woods|341\/341 slp|[silent]
|-status|p2a: Into the Woods|slp|[from] move: Rest
|move|p1a: Cresselia|Psyshock|p2a: Into the Woods
|-damage|p2a: Into the Woods|269\/341 slp
|
|turn|75
|
|switch|p1a: Tentacruel|Tentacruel, M|144\/363
|cant|p2a: Into the Woods|slp
|
|-heal|p1a: Tentacruel|166\/363|[from] item: Black Sludge
|turn|76
|
|switch|p2a: Kaah|Zygarde|75\/358 tox
|-damage|p2a: Kaah|31\/358 tox|[from] Spikes
|-ability|p2a: Kaah|Aura Break
|move|p1a: Tentacruel|Acid Spray|p2a: Kaah
|-resisted|p2a: Kaah
|-damage|p2a: Kaah|10\/358 tox
|-unboost|p2a: Kaah|spd|2
|
|-heal|p2a: Kaah|32\/358 tox|[from] item: Leftovers
|-heal|p1a: Tentacruel|188\/363|[from] item: Black Sludge
|-damage|p2a: Kaah|10\/358 tox|[from] psn
|turn|77
|
|switch|p1a: Cresselia|Cresselia, F|441\/441
|move|p2a: Kaah|Stone Edge|p1a: Cresselia|[miss]
|-miss|p2a: Kaah|p1a: Cresselia
|
|-heal|p2a: Kaah|32\/358 tox|[from] item: Leftovers
|-damage|p2a: Kaah|0 fnt|[from] psn
|faint|p2a: Kaah
|
|switch|p2a: Into the Woods|Shaymin|269\/341
|-damage|p2a: Into the Woods|227\/341|[from] Spikes
|turn|78
|
|move|p2a: Into the Woods|Seed Flare|p1a: Cresselia|[miss]
|-miss|p2a: Into the Woods|p1a: Cresselia
|move|p1a: Cresselia|Toxic|p2a: Into the Woods
|-status|p2a: Into the Woods|tox
|
|-damage|p2a: Into the Woods|206\/341 tox|[from] psn
|turn|79
|c|âCollinAmbulance|i forfeit
|c|âCollinAmbulance|gg
|c|âRSMessiii|gg
|leave|CollinAmbulance
|player|p2
|-message|Player 2 lost due to inactivity.
|
|win|RSMessiii