|join|RSMessiii
|join|NYChillen
|join|cliffdsixx
|player|p1|RSMessiii|266
|player|p2|NYChillen|135
|gametype|singles
|gen|6
|tier|UU
|rule|Sleep Clause Mod: Limit one foe put to sleep
|rule|Species Clause: Limit one of each PokÃ©mon
|rule|OHKO Clause: OHKO moves are banned
|rule|Moody Clause: Moody is banned
|rule|Evasion Moves Clause: Evasion moves are banned
|rule|Endless Battle Clause: Forcing endless battles is banned
|rule|HP Percentage Mod: HP is shown in percentages
|clearpoke
|poke|p1|Azelf
|poke|p1|Lucario, M
|poke|p1|Darmanitan, F
|poke|p1|Hydreigon, M
|poke|p1|Beedrill, M
|poke|p1|Raikou
|poke|p2|Aerodactyl, F
|poke|p2|Raikou, shiny
|poke|p2|Infernape, M, shiny
|poke|p2|Froslass, F, shiny
|poke|p2|Nidoqueen, F
|poke|p2|Celebi
|rule|Swagger Clause: Swagger is banned
|rule|Baton Pass Clause: Limit one PokÃ©mon knowing Baton Pass
|teampreview
|
|start
|switch|p1a: Azelf|Azelf|291\/291
|switch|p2a: Yale|Froslass, F, shiny|343\/343
|turn|1
|
|move|p1a: Azelf|Stealth Rock|p2a: Yale
|-sidestart|p2: NYChillen|move: Stealth Rock
|move|p2a: Yale|Ice Beam|p1a: Azelf
|-damage|p1a: Azelf|162\/291
|
|turn|2
|
|switch|p2a: St Johns|Infernape, M, shiny|293\/293
|-damage|p2a: St Johns|257\/293|[from] Stealth Rock
|move|p1a: Azelf|Taunt|p2a: St Johns
|-start|p2a: St Johns|move: Taunt
|
|turn|3
|
|move|p2a: St Johns|U-turn|p1a: Azelf
|-supereffective|p1a: Azelf
|-damage|p1a: Azelf|0 fnt
|faint|p1a: Azelf
|
|switch|p2a: Air Force|Aerodactyl, F|301\/301
|-damage|p2a: Air Force|226\/301|[from] Stealth Rock
|
|c|âRSMessiii|i wonder f it has eq
|c|âNYChillen|it does
|
|switch|p1a: Hydreigon|Hydreigon, M|325\/325
|turn|4
|c|âNYChillen|:)
|
|detailschange|p2a: Air Force|Aerodactyl-Mega, F
|-mega|p2a: Air Force|Aerodactyl|Aerodactylite
|move|p1a: Hydreigon|Dark Pulse|p2a: Air Force
|-damage|p2a: Air Force|75\/301
|move|p2a: Air Force|Stone Edge|p1a: Hydreigon
|-damage|p1a: Hydreigon|79\/325
|
|turn|5
|
|move|p1a: Hydreigon|Dark Pulse|p2a: Air Force
|-damage|p2a: Air Force|0 fnt
|faint|p2a: Air Force
|
|
|switch|p2a: St Johns|Infernape, M, shiny|257\/293
|-damage|p2a: St Johns|221\/293|[from] Stealth Rock
|turn|6
|
|switch|p1a: Darmanitan|Darmanitan, F|351\/351
|move|p2a: St Johns|U-turn|p1a: Darmanitan
|-resisted|p1a: Darmanitan
|-damage|p1a: Darmanitan|292\/351
|
|switch|p2a: Yale|Froslass, F, shiny|343\/343
|-damage|p2a: Yale|258\/343|[from] Stealth Rock
|
|turn|7
|
|move|p2a: Yale|Spikes|p1a: Darmanitan
|-sidestart|p1: RSMessiii|Spikes
|move|p1a: Darmanitan|Rock Slide|p2a: Yale
|-supereffective|p2a: Yale
|-damage|p2a: Yale|0 fnt
|faint|p2a: Yale
|
|
|switch|p2a: Towson|Raikou, shiny|321\/321
|-damage|p2a: Towson|281\/321|[from] Stealth Rock
|-ability|p2a: Towson|Pressure
|turn|8
|
|switch|p1a: Raikou|Raikou|322\/322
|-damage|p1a: Raikou|282\/322|[from] Spikes
|-ability|p1a: Raikou|Pressure
|move|p2a: Towson|Volt Switch|p1a: Raikou
|-resisted|p1a: Raikou
|-damage|p1a: Raikou|203\/322
|
|switch|p2a: Loyola|Celebi|403\/403
|-damage|p2a: Loyola|353\/403|[from] Stealth Rock
|
|-heal|p2a: Loyola|378\/403|[from] item: Leftovers
|turn|9
|
|move|p1a: Raikou|Hidden Power|p2a: Loyola
|-supereffective|p2a: Loyola
|-damage|p2a: Loyola|192\/403
|move|p2a: Loyola|Baton Pass|p2a: Loyola
|join|Dorenavant
|
|switch|p2a: St Johns|Infernape, M, shiny|221\/293
|-damage|p2a: St Johns|185\/293|[from] Stealth Rock
|
|turn|10
|
|move|p2a: St Johns|Close Combat|p1a: Raikou
|-damage|p1a: Raikou|0 fnt
|-unboost|p2a: St Johns|def|1
|-unboost|p2a: St Johns|spd|1
|faint|p1a: Raikou
|
|
|switch|p1a: Lucario|Lucario, M|281\/281
|-damage|p1a: Lucario|246\/281|[from] Spikes
|turn|11
|
|switch|p2a: Hopkins|Nidoqueen, F|353\/353
|-damage|p2a: Hopkins|331\/353|[from] Stealth Rock
|move|p1a: Lucario|Extreme Speed|p2a: Hopkins
|-damage|p2a: Hopkins|213\/353
|-damage|p1a: Lucario|218\/281|[from] item: Life Orb
|
|turn|12
|
|switch|p1a: Hydreigon|Hydreigon, M|79\/325
|move|p2a: Hopkins|Ice Beam|p1a: Hydreigon
|-supereffective|p1a: Hydreigon
|-damage|p1a: Hydreigon|0 fnt
|faint|p1a: Hydreigon
|
|
|switch|p1a: Darmanitan|Darmanitan, F|292\/351
|-damage|p1a: Darmanitan|249\/351|[from] Spikes
|turn|13
|
|switch|p2a: Loyola|Celebi|192\/403
|-damage|p2a: Loyola|142\/403|[from] Stealth Rock
|move|p1a: Darmanitan|Flare Blitz|p2a: Loyola
|-supereffective|p2a: Loyola
|-damage|p2a: Loyola|0 fnt
|-damage|p1a: Darmanitan|202\/351|[from] recoil|[of] p2a: Loyola
|faint|p2a: Loyola
|
|
|switch|p2a: Towson|Raikou, shiny|281\/321
|-damage|p2a: Towson|241\/321|[from] Stealth Rock
|-ability|p2a: Towson|Pressure
|turn|14
|
|move|p2a: Towson|Volt Switch|p1a: Darmanitan
|-damage|p1a: Darmanitan|0 fnt
|faint|p1a: Darmanitan
|c| cliffdsixx|i think jonas is down for this one
|
|switch|p2a: St Johns|Infernape, M, shiny|185\/293
|-damage|p2a: St Johns|149\/293|[from] Stealth Rock
|
|c| Dorenavant|wp all
|
|switch|p1a: Lucario|Lucario, M|218\/281
|-damage|p1a: Lucario|183\/281|[from] Spikes
|turn|15
|
|move|p1a: Lucario|Extreme Speed|p2a: St Johns
|-damage|p2a: St Johns|0 fnt
|-damage|p1a: Lucario|155\/281|[from] item: Life Orb
|faint|p2a: St Johns
|
|c| cliffdsixx|maybe not yet tho
|c|âNYChillen|its over
|c|âNYChillen|jonas won
|
|switch|p2a: Towson|Raikou, shiny|241\/321
|-damage|p2a: Towson|201\/321|[from] Stealth Rock
|-ability|p2a: Towson|Pressure
|turn|16
|c| Dorenavant|I think RS has this ya
|c|âNYChillen|a 50\/50 -__-
|c|âNYChillen|lol
|c|âRSMessiii|yea
|c|âRSMessiii|unless sucker punch nidoqueeen lol
|c| Dorenavant|kek
|
|move|p1a: Lucario|Extreme Speed|p2a: Towson
|-damage|p2a: Towson|68\/321
|-damage|p1a: Lucario|127\/281|[from] item: Life Orb
|move|p2a: Towson|Thunderbolt|p1a: Lucario
|-damage|p1a: Lucario|0 fnt
|faint|p1a: Lucario
|
|c|âRSMessiii|or choice scarf raikou^^
|c|âNYChillen|if you SD'ed it was over
|c|âRSMessiii|true
|c|âRSMessiii|i didnt dare though
|
|switch|p1a: Beedrill|Beedrill, M|272\/272
|-damage|p1a: Beedrill|238\/272|[from] Spikes
|turn|17
|c| Dorenavant|inb4 scarf raikou
|
|detailschange|p1a: Beedrill|Beedrill-Mega, M
|-mega|p1a: Beedrill|Beedrill|Beedrillite
|move|p1a: Beedrill|Protect|p1a: Beedrill
|-singleturn|p1a: Beedrill|Protect
|move|p2a: Towson|Thunderbolt|p1a: Beedrill
|-activate|p1a: Beedrill|Protect
|
|turn|18
|
|move|p1a: Beedrill|Poison Jab|p2a: Towson
|-damage|p2a: Towson|0 fnt
|faint|p2a: Towson
|
|c|âRSMessiii|actually bright poweder rauikou
|c| Dorenavant|welp
|c|âRSMessiii|or not
|c| Dorenavant|lol
|c| cliffdsixx|fear the sucker queen
|c|âNYChillen|great game jonas
|
|switch|p2a: Hopkins|Nidoqueen, F|213\/353
|-damage|p2a: Hopkins|191\/353|[from] Stealth Rock
|turn|19
|c|âRSMessiii|yea gg man
|c|âRSMessiii|js
|c|âRSMessiii|u win
|c|âRSMessiii|i just see
|c| Dorenavant|inb4 mega nidoqueen
|c|âNYChillen|?
|c|âRSMessiii|dont have drill run this time
|c|âNYChillen|wat
|c| Dorenavant|drill run miss? XD
|c|âRSMessiii|lol i thought i did
|c|âNYChillen|you lying lol
|c|âRSMessiii|no i swear
|c|âRSMessiii|knock off
|c| Dorenavant|calc?
|c|âNYChillen|it kills i believe
|c|âNYChillen|knock
|
|move|p1a: Beedrill|Knock Off|p2a: Hopkins
|-crit|p2a: Hopkins
|-damage|p2a: Hopkins|0 fnt
|-enditem|p2a: Hopkins|Life Orb|[from] move: Knock Off|[of] p1a: Beedrill
|faint|p2a: Hopkins
|
|win|RSMessiii
|c| Dorenavant|OH
|c| Dorenavant|MY
|c| Dorenavant|DAMN
|c|âRSMessiii|welp
|c|âRSMessiii|we need to cacl that -_-
|c| Dorenavant|was your thing defensive?
|c| Dorenavant|Im' calcing
|c|âNYChillen|i'll calc real quick doubt it mattered
|c|âNYChillen|i have no investment
|c| Dorenavant|ohhh kk
|c|âRSMessiii|i am adamant
|c|âNYChillen|252+ Atk Beedrill Knock Off (97.5 BP) vs. 128 HP \/ 0 Def Nidoqueen: 221-261 (62.6 - 73.9%) -- guaranteed 2HKO
|c|âNYChillen|its 150 base atk right?
|c|âRSMessiii|i think so
|c| cliffdsixx|yup 150
|c|âNYChillen|252+ Atk Beedrill Knock Off (97.5 BP) vs. 128 HP \/ 0 Def Nidoqueen: 145-171 (41 - 48.4%) -- guaranteed 3HKO
|c|âNYChillen|WOOOW
|c|âNYChillen|lol
|c|âNYChillen|i made it 255 the first time ny mistake
|c|âRSMessiii|sorry that sucked
|c|âNYChillen|its cool man i had fun
|c|âRSMessiii|yea so did i
|c|âNYChillen|ima murk you in the next tourney tho
|c|âNYChillen|:)
|c|âRSMessiii|xD u better do ;)
|c|âRSMessiii|gg, see ya guys!
|c|âNYChillen|ight guys i'm out, i have the replays if cliff didn't already post
|c|âNYChillen|gg
|leave|RSMessiii
|c| cliffdsixx|i did but u can post