|join|RSMessiii
|join|NYChillen
|player|p1|RSMessiii|266
|player|p2|NYChillen|135
|gametype|singles
|gen|6
|tier|UU
|rule|Sleep Clause Mod: Limit one foe put to sleep
|rule|Species Clause: Limit one of each PokÃ©mon
|rule|OHKO Clause: OHKO moves are banned
|rule|Moody Clause: Moody is banned
|rule|Evasion Moves Clause: Evasion moves are banned
|rule|Endless Battle Clause: Forcing endless battles is banned
|rule|HP Percentage Mod: HP is shown in percentages
|clearpoke
|poke|p1|Beedrill, M
|poke|p1|Arcanine, F
|poke|p1|Empoleon, M
|poke|p1|Chesnaught, M
|poke|p1|Hydreigon, F
|poke|p1|Meloetta
|poke|p2|Aerodactyl, F
|poke|p2|Raikou, shiny
|poke|p2|Infernape, M, shiny
|poke|p2|Froslass, F, shiny
|poke|p2|Nidoqueen, F
|poke|p2|Celebi
|rule|Swagger Clause: Swagger is banned
|rule|Baton Pass Clause: Limit one PokÃ©mon knowing Baton Pass
|teampreview
|c|âRSMessiii|gl hf
|c|âNYChillen|hf
|join|cliffdsixx
|raw|<div class="broadcast-red"><b>Moderated chat was set to +!<\/b><br \/>Only users of rank + and higher can talk.<\/div>
cliffdsixx was promoted to Room Voice by NYChillen.
|c|+cliffdsixx|um
|c|+cliffdsixx|oh ok haha
|
|start
|switch|p1a: Empoleon|Empoleon, M|371\/371
|switch|p2a: Yale|Froslass, F, shiny|343\/343
|turn|1
|
|move|p2a: Yale|Taunt|p1a: Empoleon
|-start|p1a: Empoleon|move: Taunt
|move|p1a: Empoleon|Scald|p2a: Yale
|-damage|p2a: Yale|213\/343
|-start|p1a: Empoleon|Disable|Scald
|
|turn|2
|
|move|p2a: Yale|Spikes|p1a: Empoleon
|-sidestart|p1: RSMessiii|Spikes
|move|p1a: Empoleon|Knock Off|p2a: Yale
|-supereffective|p2a: Yale
|-damage|p2a: Yale|59\/343
|-enditem|p2a: Yale|Focus Sash|[from] move: Knock Off|[of] p1a: Empoleon
|
|turn|3
|
|switch|p1a: Arcanine|Arcanine, F|383\/383
|-damage|p1a: Arcanine|336\/383|[from] Spikes
|-ability|p1a: Arcanine|Intimidate|[of] p2a: Yale
|-unboost|p2a: Yale|atk|1
|move|p2a: Yale|Destiny Bond|p2a: Yale
|-singlemove|p2a: Yale|Destiny Bond
|
|turn|4
|
|move|p2a: Yale|Taunt|p1a: Arcanine
|-start|p1a: Arcanine|move: Taunt
|cant|p1a: Arcanine|move: Taunt|Will-O-Wisp
|
|turn|5
|
|switch|p1a: Empoleon|Empoleon, M|371\/371
|-damage|p1a: Empoleon|325\/371|[from] Spikes
|move|p2a: Yale|Destiny Bond|p2a: Yale
|-singlemove|p2a: Yale|Destiny Bond
|
|-heal|p1a: Empoleon|348\/371|[from] item: Leftovers
|turn|6
|
|move|p2a: Yale|Taunt|p1a: Empoleon
|-start|p1a: Empoleon|move: Taunt
|cant|p1a: Empoleon|move: Taunt|Stealth Rock
|
|-heal|p1a: Empoleon|371\/371|[from] item: Leftovers
|turn|7
|join|Dorenavant
|
|switch|p1a: Arcanine|Arcanine, F|336\/383
|-damage|p1a: Arcanine|289\/383|[from] Spikes
|-ability|p1a: Arcanine|Intimidate|[of] p2a: Yale
|-unboost|p2a: Yale|atk|1
|move|p2a: Yale|Spikes|p1a: Arcanine
|-sidestart|p1: RSMessiii|Spikes
|
|turn|8
|
|move|p2a: Yale|Ice Beam|p1a: Arcanine
|-resisted|p1a: Arcanine
|-damage|p1a: Arcanine|234\/383
|move|p1a: Arcanine|Will-O-Wisp|p2a: Yale|[miss]
|-miss|p1a: Arcanine|p2a: Yale
|
|turn|9
|
|move|p2a: Yale|Spikes|p1a: Arcanine
|-sidestart|p1: RSMessiii|Spikes
|move|p1a: Arcanine|Flare Blitz|p2a: Yale
|-supereffective|p2a: Yale
|-damage|p2a: Yale|0 fnt
|-start|p1a: Arcanine|Disable|Flare Blitz
|-damage|p1a: Arcanine|215\/383|[from] recoil|[of] p2a: Yale
|faint|p2a: Yale
|
|
|switch|p2a: Towson|Raikou, shiny|321\/321
|-ability|p2a: Towson|Pressure
|turn|10
|
|move|p1a: Arcanine|Extreme Speed|p2a: Towson
|-damage|p2a: Towson|228\/321
|move|p2a: Towson|Volt Switch|p1a: Arcanine
|-crit|p1a: Arcanine
|-damage|p1a: Arcanine|0 fnt
|faint|p1a: Arcanine
|
|switch|p2a: St Johns|Infernape, M, shiny|293\/293
|
|
|switch|p1a: Meloetta|Meloetta|404\/404
|-damage|p1a: Meloetta|303\/404|[from] Spikes
|turn|11
|
|move|p2a: St Johns|U-turn|p1a: Meloetta
|-supereffective|p1a: Meloetta
|-damage|p1a: Meloetta|189\/404
|
|switch|p2a: Loyola|Celebi|403\/403
|move|p1a: Meloetta|Psyshock|p2a: Loyola
|-resisted|p2a: Loyola
|-damage|p2a: Loyola|347\/403
|
|-heal|p2a: Loyola|372\/403|[from] item: Leftovers
|-heal|p1a: Meloetta|214\/404|[from] item: Leftovers
|turn|12
|
|move|p2a: Loyola|Swords Dance|p2a: Loyola
|-boost|p2a: Loyola|atk|2
|move|p1a: Meloetta|Hyper Voice|p2a: Loyola
|-crit|p2a: Loyola
|-damage|p2a: Loyola|174\/403
|
|-heal|p2a: Loyola|199\/403|[from] item: Leftovers
|-heal|p1a: Meloetta|239\/404|[from] item: Leftovers
|turn|13
|
|move|p2a: Loyola|Seed Bomb|p1a: Meloetta
|-damage|p1a: Meloetta|64\/404
|move|p1a: Meloetta|Hyper Voice|p2a: Loyola
|-damage|p2a: Loyola|60\/403
|
|-heal|p2a: Loyola|85\/403|[from] item: Leftovers
|-heal|p1a: Meloetta|89\/404|[from] item: Leftovers
|turn|14
|
|move|p2a: Loyola|Recover|p2a: Loyola
|-heal|p2a: Loyola|287\/403
|move|p1a: Meloetta|Hyper Voice|p2a: Loyola
|-damage|p2a: Loyola|151\/403
|
|-heal|p2a: Loyola|176\/403|[from] item: Leftovers
|-heal|p1a: Meloetta|114\/404|[from] item: Leftovers
|turn|15
|
|move|p2a: Loyola|Seed Bomb|p1a: Meloetta
|-damage|p1a: Meloetta|0 fnt
|faint|p1a: Meloetta
|
|-heal|p2a: Loyola|201\/403|[from] item: Leftovers
|
|switch|p1a: Hydreigon|Hydreigon, F|325\/325
|turn|16
|
|move|p1a: Hydreigon|U-turn|p2a: Loyola
|-supereffective|p2a: Loyola
|-damage|p2a: Loyola|13\/403
|
|switch|p1a: Chesnaught|Chesnaught, M|379\/379
|-damage|p1a: Chesnaught|285\/379|[from] Spikes
|move|p2a: Loyola|Baton Pass|p2a: Loyola
|
|switch|p2a: St Johns|Infernape, M, shiny|293\/293
|
|-heal|p1a: Chesnaught|308\/379|[from] item: Leftovers
|turn|17
|
|move|p1a: Chesnaught|Spiky Shield|p1a: Chesnaught
|-singleturn|p1a: Chesnaught|move: Protect
|move|p2a: St Johns|Flare Blitz|p1a: Chesnaught
|-activate|p1a: Chesnaught|move: Protect
|-damage|p2a: St Johns|257\/293|[from] Spiky Shield|[of] p1a: Chesnaught
|
|-heal|p1a: Chesnaught|331\/379|[from] item: Leftovers
|turn|18
|
|move|p2a: St Johns|Flare Blitz|p1a: Chesnaught
|-supereffective|p1a: Chesnaught
|-damage|p1a: Chesnaught|0 fnt
|-damage|p2a: St Johns|148\/293|[from] recoil|[of] p1a: Chesnaught
|faint|p1a: Chesnaught
|
|
|switch|p1a: Hydreigon|Hydreigon, F|325\/325
|turn|19
|
|switch|p2a: Loyola|Celebi|13\/403
|move|p1a: Hydreigon|Draco Meteor|p2a: Loyola
|-damage|p2a: Loyola|0 fnt
|-unboost|p1a: Hydreigon|spa|2
|faint|p2a: Loyola
|
|
|switch|p2a: Hopkins|Nidoqueen, F|353\/353
|turn|20
|
|move|p1a: Hydreigon|Draco Meteor|p2a: Hopkins
|-damage|p2a: Hopkins|209\/353
|-unboost|p1a: Hydreigon|spa|2
|move|p2a: Hopkins|Ice Beam|p1a: Hydreigon
|-supereffective|p1a: Hydreigon
|-damage|p1a: Hydreigon|26\/325
|
|turn|21
|c|+cliffdsixx|i think this one's been decided
|
|move|p1a: Hydreigon|Draco Meteor|p2a: Hopkins
|-damage|p2a: Hopkins|110\/353
|-unboost|p1a: Hydreigon|spa|2
|move|p2a: Hopkins|Ice Beam|p1a: Hydreigon
|-supereffective|p1a: Hydreigon
|-damage|p1a: Hydreigon|0 fnt
|faint|p1a: Hydreigon
|
|c|âNYChillen|i agree
|c|âRSMessiii|it was in turn  3
|
|switch|p1a: Beedrill|Beedrill, M|271\/271
|-damage|p1a: Beedrill|204\/271|[from] Spikes
|turn|22
|c|âRSMessiii|well lets say 8
|c|âNYChillen|lol
|
|detailschange|p1a: Beedrill|Beedrill-Mega, M
|-mega|p1a: Beedrill|Beedrill|Beedrillite
|move|p1a: Beedrill|Protect|p1a: Beedrill
|-singleturn|p1a: Beedrill|Protect
|move|p2a: Hopkins|Earth Power|p1a: Beedrill
|-activate|p1a: Beedrill|Protect
|
|turn|23
|c|âNYChillen|i had matchup imo
|
|move|p1a: Beedrill|Drill Run|p2a: Hopkins
|-supereffective|p2a: Hopkins
|-damage|p2a: Hopkins|0 fnt
|faint|p2a: Hopkins
|
|
|switch|p2a: St Johns|Infernape, M, shiny|148\/293
|turn|24
|
|move|p1a: Beedrill|Protect|p1a: Beedrill
|-singleturn|p1a: Beedrill|Protect
|move|p2a: St Johns|Flare Blitz|p1a: Beedrill
|-activate|p1a: Beedrill|Protect
|
|turn|25
|
|switch|p1a: Empoleon|Empoleon, M|371\/371
|-damage|p1a: Empoleon|279\/371|[from] Spikes
|move|p2a: St Johns|Flare Blitz|p1a: Empoleon
|-damage|p1a: Empoleon|89\/371
|-damage|p2a: St Johns|85\/293|[from] recoil|[of] p1a: Empoleon
|
|-heal|p1a: Empoleon|112\/371|[from] item: Leftovers
|turn|26
|
|move|p2a: St Johns|Flare Blitz|p1a: Empoleon
|-damage|p1a: Empoleon|0 fnt
|-damage|p2a: St Johns|48\/293|[from] recoil|[of] p1a: Empoleon
|faint|p1a: Empoleon
|
|
|switch|p1a: Beedrill|Beedrill-Mega, M|204\/271
|-damage|p1a: Beedrill|137\/271|[from] Spikes
|turn|27
|c|âRSMessiii|gg
|c|âNYChillen|gg
|
|move|p2a: St Johns|Flare Blitz|p1a: Beedrill
|-supereffective|p1a: Beedrill
|-damage|p1a: Beedrill|0 fnt
|-damage|p2a: St Johns|3\/293|[from] recoil|[of] p1a: Beedrill
|faint|p1a: Beedrill
|
|win|NYChillen
|c|âNYChillen|can you save cliff?
|c|+cliffdsixx|i guess
|c|âNYChillen|ty :D