|join|UrfTheManatee
|join|RSMessiii
|player|p1|UrfTheManatee|80
|player|p2|RSMessiii|101
|gametype|singles
|gen|6
|tier|UU
|rule|Sleep Clause Mod: Limit one foe put to sleep
|rule|Species Clause: Limit one of each PokÃ©mon
|rule|OHKO Clause: OHKO moves are banned
|rule|Moody Clause: Moody is banned
|rule|Evasion Moves Clause: Evasion moves are banned
|rule|Endless Battle Clause: Forcing endless battles is banned
|rule|HP Percentage Mod: HP is shown in percentages
|clearpoke
|poke|p1|Vaporeon, M
|poke|p1|Scrafty, F
|poke|p1|Arcanine, F
|poke|p1|Aerodactyl, M
|poke|p1|Raikou
|poke|p1|Azelf
|poke|p2|Beedrill, M
|poke|p2|Arcanine, F
|poke|p2|Empoleon, M
|poke|p2|Chesnaught, M
|poke|p2|Hydreigon, F
|poke|p2|Meloetta
|rule|Swagger Clause: Swagger is banned
|rule|Baton Pass Clause: Limit one PokÃ©mon knowing Baton Pass
|teampreview
|
|start
|switch|p1a: Raikou|Raikou|321\/321
|switch|p2a: Empoleon|Empoleon, M|371\/371
|-ability|p1a: Raikou|Pressure
|turn|1
|
|switch|p2a: Hydreigon|Hydreigon, F|325\/325
|move|p1a: Raikou|Volt Switch|p2a: Hydreigon
|-resisted|p2a: Hydreigon
|-damage|p2a: Hydreigon|240\/325
|
|switch|p1a: Vaporeon|Vaporeon, M|464\/464
|
|turn|2
|
|move|p1a: Vaporeon|Protect|p1a: Vaporeon
|-singleturn|p1a: Vaporeon|Protect
|move|p2a: Hydreigon|U-turn|p1a: Vaporeon
|-activate|p1a: Vaporeon|Protect
|
|turn|3
|
|move|p2a: Hydreigon|U-turn|p1a: Vaporeon
|-damage|p1a: Vaporeon|381\/464
|
|switch|p2a: Empoleon|Empoleon, M|371\/371
|move|p1a: Vaporeon|Scald|p2a: Empoleon
|-resisted|p2a: Empoleon
|-damage|p2a: Empoleon|333\/371
|
|-heal|p1a: Vaporeon|410\/464|[from] item: Leftovers
|-heal|p2a: Empoleon|356\/371|[from] item: Leftovers
|turn|4
|
|switch|p1a: Raikou|Raikou|321\/321
|-ability|p1a: Raikou|Pressure
|move|p2a: Empoleon|Stealth Rock|p1a: Raikou
|-sidestart|p1: UrfTheManatee|move: Stealth Rock
|
|-heal|p2a: Empoleon|371\/371|[from] item: Leftovers
|turn|5
|
|switch|p2a: Hydreigon|Hydreigon, F|240\/325
|move|p1a: Raikou|Volt Switch|p2a: Hydreigon
|-resisted|p2a: Hydreigon
|-damage|p2a: Hydreigon|155\/325
|
|switch|p1a: Vaporeon|Vaporeon, M|410\/464
|-damage|p1a: Vaporeon|352\/464|[from] Stealth Rock
|
|-heal|p1a: Vaporeon|381\/464|[from] item: Leftovers
|turn|6
|
|switch|p2a: Meloetta|Meloetta|404\/404
|move|p1a: Vaporeon|Protect|p1a: Vaporeon
|-fail|p1a: Vaporeon
|
|-heal|p1a: Vaporeon|410\/464|[from] item: Leftovers
|turn|7
|
|move|p2a: Meloetta|Substitute|p2a: Meloetta
|-start|p2a: Meloetta|Substitute
|-damage|p2a: Meloetta|303\/404
|move|p1a: Vaporeon|Toxic|p2a: Meloetta|[miss]
|-miss|p1a: Vaporeon|p2a: Meloetta
|
|-heal|p2a: Meloetta|328\/404|[from] item: Leftovers
|-heal|p1a: Vaporeon|439\/464|[from] item: Leftovers
|turn|8
|
|switch|p1a: Raikou|Raikou|321\/321
|-damage|p1a: Raikou|281\/321|[from] Stealth Rock
|-ability|p1a: Raikou|Pressure
|move|p2a: Meloetta|Calm Mind|p2a: Meloetta
|-boost|p2a: Meloetta|spa|1
|-boost|p2a: Meloetta|spd|1
|
|-heal|p2a: Meloetta|353\/404|[from] item: Leftovers
|turn|9
|
|move|p1a: Raikou|Thunderbolt|p2a: Meloetta
|-crit|p2a: Meloetta
|-end|p2a: Meloetta|Substitute
|move|p2a: Meloetta|Substitute|p2a: Meloetta
|-start|p2a: Meloetta|Substitute
|-damage|p2a: Meloetta|252\/404
|
|-heal|p2a: Meloetta|277\/404|[from] item: Leftovers
|turn|10
|
|move|p1a: Raikou|Thunderbolt|p2a: Meloetta
|-end|p2a: Meloetta|Substitute
|move|p2a: Meloetta|Calm Mind|p2a: Meloetta
|-boost|p2a: Meloetta|spa|1
|-boost|p2a: Meloetta|spd|1
|
|-heal|p2a: Meloetta|302\/404|[from] item: Leftovers
|turn|11
|
|move|p1a: Raikou|Thunderbolt|p2a: Meloetta
|-damage|p2a: Meloetta|209\/404
|move|p2a: Meloetta|Substitute|p2a: Meloetta
|-start|p2a: Meloetta|Substitute
|-damage|p2a: Meloetta|108\/404
|
|-heal|p2a: Meloetta|133\/404|[from] item: Leftovers
|turn|12
|
|move|p1a: Raikou|Thunderbolt|p2a: Meloetta
|-activate|p2a: Meloetta|Substitute|[damage]
|move|p2a: Meloetta|Calm Mind|p2a: Meloetta
|-boost|p2a: Meloetta|spa|1
|-boost|p2a: Meloetta|spd|1
|
|-heal|p2a: Meloetta|158\/404|[from] item: Leftovers
|turn|13
|
|move|p1a: Raikou|Thunderbolt|p2a: Meloetta
|-end|p2a: Meloetta|Substitute
|move|p2a: Meloetta|Substitute|p2a: Meloetta
|-start|p2a: Meloetta|Substitute
|-damage|p2a: Meloetta|57\/404
|
|-heal|p2a: Meloetta|82\/404|[from] item: Leftovers
|turn|14
|
|move|p1a: Raikou|Thunderbolt|p2a: Meloetta
|-activate|p2a: Meloetta|Substitute|[damage]
|move|p2a: Meloetta|Hyper Voice|p1a: Raikou
|-damage|p1a: Raikou|0 fnt
|faint|p1a: Raikou
|
|-heal|p2a: Meloetta|107\/404|[from] item: Leftovers
|
|switch|p1a: Azelf|Azelf|291\/291
|-damage|p1a: Azelf|255\/291|[from] Stealth Rock
|turn|15
|
|move|p1a: Azelf|Psyshock|p2a: Meloetta
|-resisted|p2a: Meloetta
|-end|p2a: Meloetta|Substitute
|-damage|p1a: Azelf|226\/291|[from] item: Life Orb
|move|p2a: Meloetta|Substitute|p2a: Meloetta
|-start|p2a: Meloetta|Substitute
|-damage|p2a: Meloetta|6\/404
|
|-heal|p2a: Meloetta|31\/404|[from] item: Leftovers
|turn|16
|
|move|p1a: Azelf|Psyshock|p2a: Meloetta
|-resisted|p2a: Meloetta
|-activate|p2a: Meloetta|Substitute|[damage]
|-damage|p1a: Azelf|197\/291|[from] item: Life Orb
|move|p2a: Meloetta|Hyper Voice|p1a: Azelf
|-damage|p1a: Azelf|0 fnt
|faint|p1a: Azelf
|
|-heal|p2a: Meloetta|56\/404|[from] item: Leftovers
|
|switch|p1a: Aerodactyl|Aerodactyl, M|341\/341
|-damage|p1a: Aerodactyl|256\/341|[from] Stealth Rock
|turn|17
|
|detailschange|p1a: Aerodactyl|Aerodactyl-Mega, M
|-mega|p1a: Aerodactyl|Aerodactyl|Aerodactylite
|move|p1a: Aerodactyl|Aerial Ace|p2a: Meloetta
|-end|p2a: Meloetta|Substitute
|move|p2a: Meloetta|Psyshock|p1a: Aerodactyl
|-damage|p1a: Aerodactyl|0 fnt
|faint|p1a: Aerodactyl
|
|-heal|p2a: Meloetta|81\/404|[from] item: Leftovers
|
|switch|p1a: Arcanine|Arcanine, F|382\/382
|-damage|p1a: Arcanine|287\/382|[from] Stealth Rock
|-ability|p1a: Arcanine|Intimidate|[of] p2a: Meloetta
|-unboost|p2a: Meloetta|atk|1
|turn|18
|
|switch|p2a: Empoleon|Empoleon, M|371\/371
|move|p1a: Arcanine|Extreme Speed|p2a: Empoleon
|-resisted|p2a: Empoleon
|-damage|p2a: Empoleon|334\/371
|
|-heal|p1a: Arcanine|310\/382|[from] item: Leftovers
|-heal|p2a: Empoleon|357\/371|[from] item: Leftovers
|turn|19
|
|move|p1a: Arcanine|Will-O-Wisp|p2a: Empoleon
|-status|p2a: Empoleon|brn
|move|p2a: Empoleon|Knock Off|p1a: Arcanine
|-damage|p1a: Arcanine|283\/382
|-enditem|p1a: Arcanine|Leftovers|[from] move: Knock Off|[of] p2a: Empoleon
|
|-heal|p2a: Empoleon|371\/371 brn|[from] item: Leftovers
|-damage|p2a: Empoleon|325\/371 brn|[from] brn
|turn|20
|
|move|p1a: Arcanine|Morning Sun|p1a: Arcanine
|-heal|p1a: Arcanine|382\/382
|move|p2a: Empoleon|Scald|p1a: Arcanine
|-supereffective|p1a: Arcanine
|-damage|p1a: Arcanine|116\/382
|
|-heal|p2a: Empoleon|348\/371 brn|[from] item: Leftovers
|-damage|p2a: Empoleon|302\/371 brn|[from] brn
|turn|21
|
|move|p1a: Arcanine|Morning Sun|p1a: Arcanine
|-heal|p1a: Arcanine|307\/382
|move|p2a: Empoleon|Scald|p1a: Arcanine
|-supereffective|p1a: Arcanine
|-damage|p1a: Arcanine|79\/382
|
|-heal|p2a: Empoleon|325\/371 brn|[from] item: Leftovers
|-damage|p2a: Empoleon|279\/371 brn|[from] brn
|turn|22
|
|move|p1a: Arcanine|Flare Blitz|p2a: Empoleon
|-damage|p2a: Empoleon|122\/371 brn
|-damage|p1a: Arcanine|27\/382|[from] recoil|[of] p2a: Empoleon
|move|p2a: Empoleon|Scald|p1a: Arcanine
|-supereffective|p1a: Arcanine
|-damage|p1a: Arcanine|0 fnt
|faint|p1a: Arcanine
|
|-heal|p2a: Empoleon|145\/371 brn|[from] item: Leftovers
|-damage|p2a: Empoleon|99\/371 brn|[from] brn
|
|switch|p1a: Scrafty|Scrafty, F|300\/300
|-damage|p1a: Scrafty|282\/300|[from] Stealth Rock
|turn|23
|
|switch|p2a: Chesnaught|Chesnaught, M|379\/379
|move|p1a: Scrafty|Bulk Up|p1a: Scrafty
|-boost|p1a: Scrafty|atk|1
|-boost|p1a: Scrafty|def|1
|
|-heal|p1a: Scrafty|300\/300|[from] item: Leftovers
|turn|24
|
|move|p1a: Scrafty|Bulk Up|p1a: Scrafty
|-boost|p1a: Scrafty|atk|1
|-boost|p1a: Scrafty|def|1
|move|p2a: Chesnaught|Leech Seed|p1a: Scrafty
|-start|p1a: Scrafty|move: Leech Seed
|
|-damage|p1a: Scrafty|263\/300|[from] Leech Seed|[of] p2a: Chesnaught
|turn|25
|
|move|p1a: Scrafty|Poison Jab|p2a: Chesnaught
|-crit|p2a: Chesnaught
|-supereffective|p2a: Chesnaught
|-damage|p2a: Chesnaught|113\/379
|-status|p2a: Chesnaught|psn
|move|p2a: Chesnaught|Drain Punch|p1a: Scrafty
|-supereffective|p1a: Scrafty
|-damage|p1a: Scrafty|177\/300
|-heal|p2a: Chesnaught|156\/379 psn|[from] drain|[of] p1a: Scrafty
|
|-heal|p1a: Scrafty|195\/300|[from] item: Leftovers
|-heal|p2a: Chesnaught|179\/379 psn|[from] item: Leftovers
|-damage|p1a: Scrafty|158\/300|[from] Leech Seed|[of] p2a: Chesnaught
|-heal|p2a: Chesnaught|216\/379 psn|[silent]
|-damage|p2a: Chesnaught|169\/379 psn|[from] psn
|turn|26
|
|switch|p2a: Arcanine|Arcanine, F|383\/383
|-ability|p2a: Arcanine|Intimidate|[of] p1a: Scrafty
|-unboost|p1a: Scrafty|atk|1
|move|p1a: Scrafty|Drain Punch|p2a: Arcanine
|-damage|p2a: Arcanine|247\/383
|-heal|p1a: Scrafty|226\/300|[from] drain|[of] p2a: Arcanine
|-damage|p1a: Scrafty|176\/300|[from] item: Rocky Helmet|[of] p2a: Arcanine
|
|-heal|p1a: Scrafty|194\/300|[from] item: Leftovers
|-damage|p1a: Scrafty|157\/300|[from] Leech Seed|[of] p2a: Arcanine
|-heal|p2a: Arcanine|284\/383|[silent]
|turn|27
|
|move|p2a: Arcanine|Will-O-Wisp|p1a: Scrafty
|-status|p1a: Scrafty|brn
|move|p1a: Scrafty|Knock Off|p2a: Arcanine
|-damage|p2a: Arcanine|203\/383
|-damage|p1a: Scrafty|107\/300 brn|[from] item: Rocky Helmet|[of] p2a: Arcanine
|-enditem|p2a: Arcanine|Rocky Helmet|[from] move: Knock Off|[of] p1a: Scrafty
|
|-heal|p1a: Scrafty|125\/300 brn|[from] item: Leftovers
|-damage|p1a: Scrafty|88\/300 brn|[from] Leech Seed|[of] p2a: Arcanine
|-heal|p2a: Arcanine|240\/383|[silent]
|-damage|p1a: Scrafty|51\/300 brn|[from] brn
|turn|28
|
|move|p2a: Arcanine|Flare Blitz|p1a: Scrafty
|-damage|p1a: Scrafty|0 fnt
|-damage|p2a: Arcanine|223\/383|[from] recoil|[of] p1a: Scrafty
|faint|p1a: Scrafty
|
|c|âUrfTheManatee|gg
|c|âRSMessiii|gg
|-message|UrfTheManatee forfeited.
|
|win|RSMessiii