|join|RSMessiii
|join|UrfTheManatee
|player|p1|RSMessiii|101
|player|p2|UrfTheManatee|80
|gametype|singles
|gen|6
|tier|UU
|rule|Sleep Clause Mod: Limit one foe put to sleep
|rule|Species Clause: Limit one of each PokÃ©mon
|rule|OHKO Clause: OHKO moves are banned
|rule|Moody Clause: Moody is banned
|rule|Evasion Moves Clause: Evasion moves are banned
|rule|Endless Battle Clause: Forcing endless battles is banned
|rule|HP Percentage Mod: HP is shown in percentages
|clearpoke
|poke|p1|Azelf
|poke|p1|Lucario, M
|poke|p1|Darmanitan, F
|poke|p1|Hydreigon, M
|poke|p1|Beedrill, M
|poke|p1|Raikou
|poke|p2|Absol, M
|poke|p2|Jellicent, M
|poke|p2|Nidoking, M
|poke|p2|Hydreigon, F
|poke|p2|Hitmontop, M
|poke|p2|Darmanitan, M
|rule|Swagger Clause: Swagger is banned
|rule|Baton Pass Clause: Limit one PokÃ©mon knowing Baton Pass
|teampreview
|c|âRSMessiii|gl hf
|c|âUrfTheManatee|You too.
|c|âRSMessiii|thanks
|
|start
|switch|p1a: Hydreigon|Hydreigon, M|325\/325
|switch|p2a: Hydreigon|Hydreigon, F|325\/325
|turn|1
|
|move|p2a: Hydreigon|Draco Meteor|p1a: Hydreigon
|-supereffective|p1a: Hydreigon
|-damage|p1a: Hydreigon|0 fnt
|-unboost|p2a: Hydreigon|spa|2
|faint|p1a: Hydreigon
|
|
|switch|p1a: Lucario|Lucario, M|281\/281
|turn|2
|c|âRSMessiii|ugh speed ties ^^
|
|switch|p2a: Hitmontop|Hitmontop, M|304\/304
|-ability|p2a: Hitmontop|Intimidate|[of] p1a: Lucario
|-unboost|p1a: Lucario|atk|1
|move|p1a: Lucario|Swords Dance|p1a: Lucario
|-boost|p1a: Lucario|atk|2
|
|turn|3
|
|move|p1a: Lucario|Close Combat|p2a: Hitmontop
|-damage|p2a: Hitmontop|0 fnt
|-unboost|p1a: Lucario|def|1
|-unboost|p1a: Lucario|spd|1
|-damage|p1a: Lucario|253\/281|[from] item: Life Orb
|faint|p2a: Hitmontop
|
|
|switch|p2a: Hydreigon|Hydreigon, F|325\/325
|turn|4
|
|move|p1a: Lucario|Extreme Speed|p2a: Hydreigon
|-damage|p2a: Hydreigon|116\/325
|-damage|p1a: Lucario|225\/281|[from] item: Life Orb
|move|p2a: Hydreigon|Flamethrower|p1a: Lucario
|-supereffective|p1a: Lucario
|-damage|p1a: Lucario|0 fnt
|faint|p1a: Lucario
|
|
|switch|p1a: Darmanitan|Darmanitan, F|351\/351
|turn|5
|
|switch|p2a: Jellicent|Jellicent, M|404\/404
|move|p1a: Darmanitan|U-turn|p2a: Jellicent
|-resisted|p2a: Jellicent
|-damage|p2a: Jellicent|352\/404
|-damage|p1a: Darmanitan|316\/351|[from] item: Life Orb
|
|switch|p1a: Azelf|Azelf|291\/291
|
|-heal|p2a: Jellicent|377\/404|[from] item: Leftovers
|turn|6
|
|move|p1a: Azelf|Stealth Rock|p2a: Jellicent
|-sidestart|p2: UrfTheManatee|move: Stealth Rock
|move|p2a: Jellicent|Scald|p1a: Azelf
|-damage|p1a: Azelf|168\/291
|
|-heal|p2a: Jellicent|402\/404|[from] item: Leftovers
|turn|7
|
|switch|p1a: Raikou|Raikou|322\/322
|-ability|p1a: Raikou|Pressure
|move|p2a: Jellicent|Scald|p1a: Raikou
|-damage|p1a: Raikou|244\/322
|-status|p1a: Raikou|brn
|
|-heal|p2a: Jellicent|404\/404|[from] item: Leftovers
|-damage|p1a: Raikou|204\/322 brn|[from] brn
|turn|8
|
|switch|p2a: Nidoking|Nidoking, M|303\/303
|-damage|p2a: Nidoking|285\/303|[from] Stealth Rock
|move|p1a: Raikou|Volt Switch|p2a: Nidoking
|-immune|p2a: Nidoking|[msg]
|
|-damage|p1a: Raikou|164\/322 brn|[from] brn
|turn|9
|
|switch|p1a: Azelf|Azelf|168\/291
|move|p2a: Nidoking|Stealth Rock|p1a: Azelf
|-sidestart|p1: RSMessiii|move: Stealth Rock
|
|turn|10
|c|âUrfTheManatee|I wasnt prepared for volt-turn :c
|c|âRSMessiii|im about to make a terrible mistake
|
|move|p1a: Azelf|Explosion|p2a: Nidoking
|-damage|p2a: Nidoking|0 fnt
|faint|p1a: Azelf
|faint|p2a: Nidoking
|
|c|âRSMessiii|oh thank god xD
|c|âRSMessiii|mh but absol already kills me ^^
|c|âUrfTheManatee|I didnt need it, It wasnt going to beat anything, at best it was pivot from jelli xD
|
|switch|p2a: Hydreigon|Hydreigon, F|116\/325
|switch|p1a: Raikou|Raikou|164\/322 brn
|-damage|p2a: Hydreigon|76\/325|[from] Stealth Rock
|-damage|p1a: Raikou|124\/322 brn|[from] Stealth Rock
|-ability|p1a: Raikou|Pressure
|turn|11
|
|move|p2a: Hydreigon|Dark Pulse|p1a: Raikou
|-crit|p1a: Raikou
|-damage|p1a: Raikou|0 fnt
|faint|p1a: Raikou
|
|
|switch|p1a: Beedrill|Beedrill, M|272\/272
|-damage|p1a: Beedrill|204\/272|[from] Stealth Rock
|turn|12
|c|âRSMessiii|yea true
|c|âRSMessiii|gg
|
|detailschange|p1a: Beedrill|Beedrill-Mega, M
|-mega|p1a: Beedrill|Beedrill|Beedrillite
|move|p2a: Hydreigon|Dark Pulse|p1a: Beedrill
|-damage|p1a: Beedrill|42\/272
|move|p1a: Beedrill|Poison Jab|p2a: Hydreigon
|-damage|p2a: Hydreigon|0 fnt
|faint|p2a: Hydreigon
|
|
|switch|p2a: Jellicent|Jellicent, M|404\/404
|-damage|p2a: Jellicent|354\/404|[from] Stealth Rock
|turn|13
|
|move|p1a: Beedrill|Knock Off|p2a: Jellicent
|-supereffective|p2a: Jellicent
|-damage|p2a: Jellicent|112\/404
|-enditem|p2a: Jellicent|Leftovers|[from] move: Knock Off|[of] p1a: Beedrill
|move|p2a: Jellicent|Scald|p1a: Beedrill
|-damage|p1a: Beedrill|0 fnt
|faint|p1a: Beedrill
|
|
|switch|p1a: Darmanitan|Darmanitan, F|316\/351
|-damage|p1a: Darmanitan|229\/351|[from] Stealth Rock
|turn|14
|
|move|p1a: Darmanitan|Zen Headbutt|p2a: Jellicent
|-damage|p2a: Jellicent|0 fnt
|faint|p2a: Jellicent
|
|
|switch|p2a: Absol|Absol, M|271\/271
|-damage|p2a: Absol|238\/271|[from] Stealth Rock
|-ability|p2a: Absol|Pressure
|turn|15
|
|detailschange|p2a: Absol|Absol-Mega, M
|-mega|p2a: Absol|Absol|Absolite
|move|p2a: Absol|Sucker Punch|p1a: Darmanitan
|-damage|p1a: Darmanitan|0 fnt
|faint|p1a: Darmanitan
|
|win|UrfTheManatee
|c|âUrfTheManatee|gg
|c|âRSMessiii|gg
|c|âUrfTheManatee|Just let me know when you're ready for the second game.
|join|Nychillen
|leave|Nychillen