|join|DawnGaming
|join|Chocolove
|player|p1|DawnGaming|262
|player|p2|Chocolove|29
|gametype|singles
|gen|6
|tier|OU
|rated
|clearpoke
|poke|p1|Gyarados, F
|poke|p1|Landorus-Therian, M
|poke|p1|Latios, M
|poke|p1|Talonflame, M
|poke|p1|Sylveon, M
|poke|p1|Bisharp, F
|poke|p2|Crawdaunt, M
|poke|p2|Raikou
|poke|p2|Heatran, M
|poke|p2|Starmie
|poke|p2|Landorus-Therian, M
|poke|p2|Metagross
|rule|Swagger Clause: Swagger is banned
|rule|Baton Pass Clause: Limit one PokÃ©mon knowing Baton Pass
|rule|Sleep Clause Mod: Limit one foe put to sleep
|rule|Species Clause: Limit one of each PokÃ©mon
|rule|OHKO Clause: OHKO moves are banned
|rule|Moody Clause: Moody is banned
|rule|Evasion Moves Clause: Evasion moves are banned
|rule|Endless Battle Clause: Forcing endless battles is banned
|rule|HP Percentage Mod: HP is shown in percentages
|teampreview
|
|start
|switch|p1a: Landorus-Therian|Landorus-Therian, M|382\/382
|switch|p2a: Starfall|Starmie|324\/324
|-ability|p1a: Landorus-Therian|Intimidate|[of] p2a: Starfall
|-unboost|p2a: Starfall|atk|1
|turn|1
|
|switch|p1a: Sylveon|Sylveon, M|394\/394
|move|p2a: Starfall|Scald|p1a: Sylveon
|-crit|p1a: Sylveon
|-damage|p1a: Sylveon|304\/394
|-status|p1a: Sylveon|brn
|
|-heal|p1a: Sylveon|328\/394 brn|[from] item: Leftovers
|-damage|p1a: Sylveon|279\/394 brn|[from] brn
|turn|2
|
|switch|p2a: Lightbringer|Heatran, M|371\/371
|move|p1a: Sylveon|Wish|p1a: Sylveon
|
|-heal|p1a: Sylveon|303\/394 brn|[from] item: Leftovers
|-damage|p1a: Sylveon|254\/394 brn|[from] brn
|turn|3
|
|switch|p1a: Gyarados|Gyarados, F|331\/331
|-ability|p1a: Gyarados|Intimidate|[of] p2a: Lightbringer
|-unboost|p2a: Lightbringer|atk|1
|move|p2a: Lightbringer|Stealth Rock|p1a: Gyarados
|-sidestart|p1: DawnGaming|move: Stealth Rock
|
|turn|4
|
|move|p1a: Gyarados|Crunch|p2a: Lightbringer
|-damage|p2a: Lightbringer|273\/371
|move|p2a: Lightbringer|Roar|p1a: Gyarados
|drag|p1a: Landorus-Therian|Landorus-Therian, M|382\/382
|-damage|p1a: Landorus-Therian|335\/382|[from] Stealth Rock
|-ability|p1a: Landorus-Therian|Intimidate|[of] p2a: Lightbringer
|-unboost|p2a: Lightbringer|atk|1
|
|-heal|p1a: Landorus-Therian|358\/382|[from] item: Leftovers
|-heal|p2a: Lightbringer|296\/371|[from] item: Leftovers
|turn|5
|
|switch|p2a: Starfall|Starmie|324\/324
|move|p1a: Landorus-Therian|Stealth Rock|p2a: Starfall
|-sidestart|p2: Chocolove|move: Stealth Rock
|
|-heal|p1a: Landorus-Therian|381\/382|[from] item: Leftovers
|turn|6
|
|switch|p1a: Sylveon|Sylveon, M|254\/394 brn
|-damage|p1a: Sylveon|205\/394 brn|[from] Stealth Rock
|move|p2a: Starfall|Scald|p1a: Sylveon
|-damage|p1a: Sylveon|147\/394 brn
|
|-heal|p1a: Sylveon|171\/394 brn|[from] item: Leftovers
|-damage|p1a: Sylveon|122\/394 brn|[from] brn
|turn|7
|
|move|p2a: Starfall|Psyshock|p1a: Sylveon
|-damage|p1a: Sylveon|0 fnt
|faint|p1a: Sylveon
|
|
|switch|p1a: Bisharp|Bisharp, F|271\/271
|-damage|p1a: Bisharp|255\/271|[from] Stealth Rock
|turn|8
|
|move|p2a: Starfall|Reflect Type|p1a: Bisharp
|-start|p2a: Starfall|typechange|[from] move: Reflect Type|[of] p1a: Bisharp
|move|p1a: Bisharp|Knock Off|p2a: Starfall
|-resisted|p2a: Starfall
|-damage|p2a: Starfall|177\/324
|-enditem|p2a: Starfall|Leftovers|[from] move: Knock Off|[of] p1a: Bisharp
|-damage|p1a: Bisharp|228\/271|[from] item: Life Orb
|
|turn|9
|
|move|p2a: Starfall|Rapid Spin|p1a: Bisharp
|-resisted|p1a: Bisharp
|-damage|p1a: Bisharp|223\/271
|-sideend|p2: Chocolove|Stealth Rock|[from] move: Rapid Spin|[of] p2a: Starfall
|move|p1a: Bisharp|Iron Head|p2a: Starfall
|-resisted|p2a: Starfall
|-damage|p2a: Starfall|73\/324
|-damage|p1a: Bisharp|196\/271|[from] item: Life Orb
|
|turn|10
|
|move|p2a: Starfall|Scald|p1a: Bisharp
|-damage|p1a: Bisharp|107\/271
|move|p1a: Bisharp|Knock Off|p2a: Starfall
|-resisted|p2a: Starfall
|-damage|p2a: Starfall|0 fnt
|-damage|p1a: Bisharp|80\/271|[from] item: Life Orb
|faint|p2a: Starfall
|
|
|switch|p2a: Not so based|Raikou|321\/321
|-ability|p2a: Not so based|Pressure
|turn|11
|
|switch|p1a: Latios|Latios, M|301\/301
|-damage|p1a: Latios|264\/301|[from] Stealth Rock
|move|p2a: Not so based|Thunderbolt|p1a: Latios
|-resisted|p1a: Latios
|-damage|p1a: Latios|201\/301
|
|turn|12
|
|move|p1a: Latios|Trick|p2a: Not so based
|-activate|p1a: Latios|move: Trick|[of] p2a: Not so based
|-item|p2a: Not so based|Choice Scarf|[from] move: Trick
|-item|p1a: Latios|Assault Vest|[from] move: Trick
|move|p2a: Not so based|Shadow Ball|p1a: Latios
|-supereffective|p1a: Latios
|-damage|p1a: Latios|97\/301
|
|turn|13
|
|switch|p2a: Bittersteel|Metagross|302\/302
|switch|p1a: Landorus-Therian|Landorus-Therian, M|381\/382
|-damage|p1a: Landorus-Therian|334\/382|[from] Stealth Rock
|-ability|p1a: Landorus-Therian|Intimidate|[of] p2a: Bittersteel
|-fail|p2a: Bittersteel|unboost|[from] ability: Clear Body|[of] p2a: Bittersteel
|
|-heal|p1a: Landorus-Therian|357\/382|[from] item: Leftovers
|turn|14
|
|detailschange|p2a: Bittersteel|Metagross-Mega
|-mega|p2a: Bittersteel|Metagross|Metagrossite
|move|p2a: Bittersteel|Meteor Mash|p1a: Landorus-Therian|[miss]
|-miss|p2a: Bittersteel|p1a: Landorus-Therian
|move|p1a: Landorus-Therian|U-turn|p2a: Bittersteel
|-damage|p2a: Bittersteel|249\/302
|
|switch|p1a: Gyarados|Gyarados, F|331\/331
|-damage|p1a: Gyarados|249\/331|[from] Stealth Rock
|-ability|p1a: Gyarados|Intimidate|[of] p2a: Bittersteel
|-unboost|p2a: Bittersteel|atk|1
|
|turn|15
|
|switch|p2a: Based Dog|Landorus-Therian, M|319\/319
|-ability|p2a: Based Dog|Intimidate|[of] p1a: Gyarados
|-unboost|p1a: Gyarados|atk|1
|detailschange|p1a: Gyarados|Gyarados-Mega, F
|-mega|p1a: Gyarados|Gyarados|Gyaradosite
|-ability|p1a: Gyarados|Mold Breaker
|move|p1a: Gyarados|Crunch|p2a: Based Dog
|-damage|p2a: Based Dog|198\/319
|
|turn|16
|
|switch|p1a: Landorus-Therian|Landorus-Therian, M|357\/382
|-damage|p1a: Landorus-Therian|310\/382|[from] Stealth Rock
|-ability|p1a: Landorus-Therian|Intimidate|[of] p2a: Based Dog
|-unboost|p2a: Based Dog|atk|1
|move|p2a: Based Dog|U-turn|p1a: Landorus-Therian
|-resisted|p1a: Landorus-Therian
|-damage|p1a: Landorus-Therian|287\/382
|
|switch|p2a: Euron|Crawdaunt, M|268\/268
|
|-heal|p1a: Landorus-Therian|310\/382|[from] item: Leftovers
|turn|17
|
|move|p1a: Landorus-Therian|U-turn|p2a: Euron
|-crit|p2a: Euron
|-supereffective|p2a: Euron
|-damage|p2a: Euron|0 fnt
|faint|p2a: Euron
|
|switch|p1a: Gyarados|Gyarados-Mega, F|249\/331
|-damage|p1a: Gyarados|208\/331|[from] Stealth Rock
|-ability|p1a: Gyarados|Mold Breaker
|
|
|switch|p2a: Based Dog|Landorus-Therian, M|198\/319
|-ability|p2a: Based Dog|Intimidate|[of] p1a: Gyarados
|-unboost|p1a: Gyarados|atk|1
|turn|18
|
|switch|p1a: Landorus-Therian|Landorus-Therian, M|310\/382
|-damage|p1a: Landorus-Therian|263\/382|[from] Stealth Rock
|-ability|p1a: Landorus-Therian|Intimidate|[of] p2a: Based Dog
|-unboost|p2a: Based Dog|atk|1
|move|p2a: Based Dog|U-turn|p1a: Landorus-Therian
|-crit|p1a: Landorus-Therian
|-resisted|p1a: Landorus-Therian
|-damage|p1a: Landorus-Therian|208\/382
|
|switch|p2a: Bittersteel|Metagross-Mega|249\/302
|
|-heal|p1a: Landorus-Therian|231\/382|[from] item: Leftovers
|turn|19
|
|move|p2a: Bittersteel|Meteor Mash|p1a: Landorus-Therian
|-damage|p1a: Landorus-Therian|47\/382
|move|p1a: Landorus-Therian|Earthquake|p2a: Bittersteel
|-supereffective|p2a: Bittersteel
|-damage|p2a: Bittersteel|31\/302
|
|-heal|p1a: Landorus-Therian|70\/382|[from] item: Leftovers
|turn|20
|
|move|p2a: Bittersteel|Meteor Mash|p1a: Landorus-Therian
|-damage|p1a: Landorus-Therian|0 fnt
|-boost|p2a: Bittersteel|atk|1
|faint|p1a: Landorus-Therian
|
|
|switch|p1a: Gyarados|Gyarados-Mega, F|208\/331
|-damage|p1a: Gyarados|167\/331|[from] Stealth Rock
|-ability|p1a: Gyarados|Mold Breaker
|turn|21
|
|move|p2a: Bittersteel|Earthquake|p1a: Gyarados
|-damage|p1a: Gyarados|0 fnt
|faint|p1a: Gyarados
|
|-message|DawnGaming forfeited.
|leave|DawnGaming
|
|win|Chocolove
|raw|Ladder updating...
|player|p1
|raw|DawnGaming's rating: 1400 &rarr; <strong>1384<\/strong><br \/>(-16 for losing)
|raw|Chocolove's rating: 1462 &rarr; <strong>1479<\/strong><br \/>(+17 for winning)