|join|Chocolove
|join|leckafreisch
|player|p1|Chocolove|29
|player|p2|leckafreisch|275
|gametype|singles
|gen|6
|tier|OU
|rated
|clearpoke
|poke|p1|Crawdaunt, M
|poke|p1|Raikou
|poke|p1|Heatran, M
|poke|p1|Starmie
|poke|p1|Landorus-Therian, M
|poke|p1|Metagross
|poke|p2|Charizard, M
|poke|p2|Latios, M
|poke|p2|Bisharp, M
|poke|p2|Slowbro, F
|poke|p2|Landorus-Therian, M
|poke|p2|Staraptor, M
|rule|Swagger Clause: Swagger is banned
|rule|Baton Pass Clause: Limit one PokÃ©mon knowing Baton Pass
|rule|Sleep Clause Mod: Limit one foe put to sleep
|rule|Species Clause: Limit one of each PokÃ©mon
|rule|OHKO Clause: OHKO moves are banned
|rule|Moody Clause: Moody is banned
|rule|Evasion Moves Clause: Evasion moves are banned
|rule|Endless Battle Clause: Forcing endless battles is banned
|rule|HP Percentage Mod: HP is shown in percentages
|teampreview
|
|start
|switch|p1a: Starfall|Starmie|324\/324
|switch|p2a: Staraptor|Staraptor, M|311\/311
|turn|1
|
|switch|p1a: Based Dog|Landorus-Therian, M|319\/319
|-ability|p1a: Based Dog|Intimidate|[of] p2a: Staraptor
|-unboost|p2a: Staraptor|atk|1
|move|p2a: Staraptor|Brave Bird|p1a: Based Dog
|-crit|p1a: Based Dog
|-damage|p1a: Based Dog|0 fnt
|-damage|p2a: Staraptor|206\/311|[from] recoil|[of] p1a: Based Dog
|faint|p1a: Based Dog
|
|
|switch|p1a: Lightbringer|Heatran, M|371\/371
|turn|2
|
|switch|p2a: Landorus-Therian|Landorus-Therian, M|381\/381
|-ability|p2a: Landorus-Therian|Intimidate|[of] p1a: Lightbringer
|-unboost|p1a: Lightbringer|atk|1
|move|p1a: Lightbringer|Stealth Rock|p2a: Landorus-Therian
|-sidestart|p2: leckafreisch|move: Stealth Rock
|
|turn|3
|
|move|p2a: Landorus-Therian|Stealth Rock|p1a: Lightbringer
|-sidestart|p1: Chocolove|move: Stealth Rock
|move|p1a: Lightbringer|Lava Plume|p2a: Landorus-Therian
|-damage|p2a: Landorus-Therian|231\/381
|-status|p2a: Landorus-Therian|brn
|
|-heal|p2a: Landorus-Therian|254\/381 brn|[from] item: Leftovers
|-damage|p2a: Landorus-Therian|207\/381 brn|[from] brn
|turn|4
|
|switch|p1a: Starfall|Starmie|324\/324
|-damage|p1a: Starfall|284\/324|[from] Stealth Rock
|move|p2a: Landorus-Therian|Earthquake|p1a: Starfall
|-damage|p1a: Starfall|199\/324
|
|-heal|p1a: Starfall|219\/324|[from] item: Leftovers
|-heal|p2a: Landorus-Therian|230\/381 brn|[from] item: Leftovers
|-damage|p2a: Landorus-Therian|183\/381 brn|[from] brn
|turn|5
|
|switch|p2a: Bisharp|Bisharp, M|271\/271
|-damage|p2a: Bisharp|255\/271|[from] Stealth Rock
|move|p1a: Starfall|Rapid Spin|p2a: Bisharp
|-resisted|p2a: Bisharp
|-damage|p2a: Bisharp|250\/271
|-sideend|p1: Chocolove|Stealth Rock|[from] move: Rapid Spin|[of] p1a: Starfall
|
|-heal|p1a: Starfall|239\/324|[from] item: Leftovers
|turn|6
|
|move|p1a: Starfall|Reflect Type|p2a: Bisharp
|-start|p1a: Starfall|typechange|[from] move: Reflect Type|[of] p2a: Bisharp
|move|p2a: Bisharp|Knock Off|p1a: Starfall
|-resisted|p1a: Starfall
|-damage|p1a: Starfall|105\/324
|-enditem|p1a: Starfall|Leftovers|[from] move: Knock Off|[of] p2a: Bisharp
|-damage|p2a: Bisharp|223\/271|[from] item: Life Orb
|
|turn|7
|
|move|p1a: Starfall|Scald|p2a: Bisharp
|-damage|p2a: Bisharp|134\/271
|move|p2a: Bisharp|Low Kick|p1a: Starfall
|-supereffective|p1a: Starfall
|-damage|p1a: Starfall|0 fnt
|-damage|p2a: Bisharp|107\/271|[from] item: Life Orb
|faint|p1a: Starfall
|
|
|switch|p1a: Not so based|Raikou|321\/321
|-ability|p1a: Not so based|Pressure
|turn|8
|
|move|p1a: Not so based|Thunderbolt|p2a: Bisharp
|-crit|p2a: Bisharp
|-damage|p2a: Bisharp|0 fnt
|faint|p2a: Bisharp
|
|
|switch|p2a: Latios|Latios, M|319\/319
|-damage|p2a: Latios|280\/319|[from] Stealth Rock
|turn|9
|
|move|p1a: Not so based|Shadow Ball|p2a: Latios
|-supereffective|p2a: Latios
|-damage|p2a: Latios|124\/319
|move|p2a: Latios|Draco Meteor|p1a: Not so based
|-damage|p1a: Not so based|130\/321
|-unboost|p2a: Latios|spa|2
|-damage|p2a: Latios|93\/319|[from] item: Life Orb
|
|turn|10
|
|switch|p2a: Staraptor|Staraptor, M|206\/311
|-damage|p2a: Staraptor|129\/311|[from] Stealth Rock
|move|p1a: Not so based|Hidden Power|p2a: Staraptor
|-crit|p2a: Staraptor
|-supereffective|p2a: Staraptor
|-damage|p2a: Staraptor|0 fnt
|faint|p2a: Staraptor
|
|
|switch|p2a: Charizard|Charizard, M|297\/297
|-damage|p2a: Charizard|149\/297|[from] Stealth Rock
|turn|11
|
|detailschange|p2a: Charizard|Charizard-Mega-X, M
|-mega|p2a: Charizard|Charizard|Charizardite X
|move|p1a: Not so based|Volt Switch|p2a: Charizard
|-resisted|p2a: Charizard
|-damage|p2a: Charizard|80\/297
|
|switch|p1a: Lightbringer|Heatran, M|371\/371
|move|p2a: Charizard|Roost|p2a: Charizard
|-heal|p2a: Charizard|229\/297
|
|turn|12
|
|switch|p2a: Landorus-Therian|Landorus-Therian, M|183\/381 brn
|-damage|p2a: Landorus-Therian|136\/381 brn|[from] Stealth Rock
|-ability|p2a: Landorus-Therian|Intimidate|[of] p1a: Lightbringer
|-unboost|p1a: Lightbringer|atk|1
|move|p1a: Lightbringer|Roar|p2a: Landorus-Therian
|drag|p2a: Latios|Latios, M|93\/319
|-damage|p2a: Latios|54\/319|[from] Stealth Rock
|
|turn|13
|
|switch|p1a: Not so based|Raikou|130\/321
|-ability|p1a: Not so based|Pressure
|move|p2a: Latios|Defog|p1a: Not so based
|-unboost|p1a: Not so based|evasion|1
|-sideend|p2: leckafreisch|Stealth Rock|[from] move: Defog|[of] p2a: Latios
|
|turn|14
|
|switch|p2a: Landorus-Therian|Landorus-Therian, M|136\/381 brn
|-ability|p2a: Landorus-Therian|Intimidate|[of] p1a: Not so based
|-unboost|p1a: Not so based|atk|1
|move|p1a: Not so based|Volt Switch|p2a: Landorus-Therian
|-immune|p2a: Landorus-Therian|[msg]
|
|-heal|p2a: Landorus-Therian|159\/381 brn|[from] item: Leftovers
|-damage|p2a: Landorus-Therian|112\/381 brn|[from] brn
|turn|15
|
|move|p1a: Not so based|Hidden Power|p2a: Landorus-Therian
|-supereffective|p2a: Landorus-Therian
|-damage|p2a: Landorus-Therian|0 fnt
|faint|p2a: Landorus-Therian
|
|
|switch|p2a: Charizard|Charizard-Mega-X, M|229\/297
|turn|16
|
|move|p1a: Not so based|Volt Switch|p2a: Charizard
|-resisted|p2a: Charizard
|-damage|p2a: Charizard|162\/297
|
|switch|p1a: Lightbringer|Heatran, M|371\/371
|move|p2a: Charizard|Dragon Dance|p2a: Charizard
|-boost|p2a: Charizard|atk|1
|-boost|p2a: Charizard|spe|1
|
|turn|17
|
|move|p2a: Charizard|Roost|p2a: Charizard
|-heal|p2a: Charizard|297\/297
|move|p1a: Lightbringer|Roar|p2a: Charizard
|drag|p2a: Latios|Latios, M|54\/319
|
|turn|18
|
|move|p2a: Latios|Earthquake|p1a: Lightbringer
|-supereffective|p1a: Lightbringer
|-damage|p1a: Lightbringer|33\/371
|-damage|p2a: Latios|23\/319|[from] item: Life Orb
|move|p1a: Lightbringer|Stealth Rock|p2a: Latios
|-sidestart|p2: leckafreisch|move: Stealth Rock
|
|-heal|p1a: Lightbringer|56\/371|[from] item: Leftovers
|turn|19
|
|switch|p1a: Bittersteel|Metagross|302\/302
|move|p2a: Latios|Defog|p1a: Bittersteel
|-fail|p1a: Bittersteel|unboost|[from] ability: Clear Body|[of] p1a: Bittersteel
|-sideend|p2: leckafreisch|Stealth Rock|[from] move: Defog|[of] p2a: Latios
|
|turn|20
|
|detailschange|p1a: Bittersteel|Metagross-Mega
|-mega|p1a: Bittersteel|Metagross|Metagrossite
|move|p2a: Latios|Earthquake|p1a: Bittersteel
|-supereffective|p1a: Bittersteel
|-damage|p1a: Bittersteel|172\/302
|-damage|p2a: Latios|0 fnt|[from] item: Life Orb
|faint|p2a: Latios
|move|p1a: Bittersteel|Meteor Mash|p2: Latios|[notarget]
|-notarget
|
|
|switch|p2a: Slowbro|Slowbro, F|394\/394
|turn|21
|
|switch|p1a: Not so based|Raikou|130\/321
|-ability|p1a: Not so based|Pressure
|move|p2a: Slowbro|Scald|p1a: Not so based
|-damage|p1a: Not so based|64\/321
|
|turn|22
|
|move|p1a: Not so based|Volt Switch|p2a: Slowbro
|-supereffective|p2a: Slowbro
|-damage|p2a: Slowbro|206\/394
|
|switch|p1a: Lightbringer|Heatran, M|56\/371
|move|p2a: Slowbro|Scald|p1a: Lightbringer
|-supereffective|p1a: Lightbringer
|-damage|p1a: Lightbringer|0 fnt
|faint|p1a: Lightbringer
|
|-heal|p2a: Slowbro|230\/394|[from] item: Leftovers
|
|switch|p1a: Euron|Crawdaunt, M|268\/268
|turn|23
|
|move|p1a: Euron|Swords Dance|p1a: Euron
|-boost|p1a: Euron|atk|2
|move|p2a: Slowbro|Thunder Wave|p1a: Euron
|-status|p1a: Euron|par
|
|-heal|p2a: Slowbro|254\/394|[from] item: Leftovers
|turn|24
|join|ByronT
|
|switch|p2a: Charizard|Charizard-Mega-X, M|297\/297
|move|p1a: Euron|Knock Off|p2a: Charizard
|-damage|p2a: Charizard|0 fnt
|-damage|p1a: Euron|242\/268 par|[from] item: Life Orb
|faint|p2a: Charizard
|
|c|âChocolove|lol
|-message|leckafreisch forfeited.
|
|win|Chocolove
|raw|Ladder updating...
|leave|leckafreisch
|player|p2
|c|âChocolove|rip
|raw|Chocolove's rating: 1498 &rarr; <strong>1516<\/strong><br \/>(+18 for winning)
|raw|leckafreisch's rating: 1452 &rarr; <strong>1435<\/strong><br \/>(-17 for losing)
|c|âChocolove|PORRA