|join|Chocolove
|join|ValleCula
|player|p1|Chocolove|29
|player|p2|ValleCula|25
|gametype|singles
|gen|6
|tier|OU
|rated
|clearpoke
|poke|p1|Mew
|poke|p1|Gyarados, M
|poke|p1|Latias, F
|poke|p1|Thundurus, M
|poke|p1|Mamoswine, M
|poke|p1|Scizor, F
|poke|p2|Azumarill, F
|poke|p2|Talonflame, M
|poke|p2|Latios, M
|poke|p2|Lopunny, F
|poke|p2|Heatran, F
|poke|p2|Gourgeist-*, F
|rule|Swagger Clause: Swagger is banned
|rule|Baton Pass Clause: Limit one PokÃ©mon knowing Baton Pass
|rule|Sleep Clause Mod: Limit one foe put to sleep
|rule|Species Clause: Limit one of each PokÃ©mon
|rule|OHKO Clause: OHKO moves are banned
|rule|Moody Clause: Moody is banned
|rule|Evasion Moves Clause: Evasion moves are banned
|rule|Endless Battle Clause: Forcing endless battles is banned
|rule|HP Percentage Mod: HP is shown in percentages
|teampreview
|
|start
|switch|p1a: Melisandre|Scizor, F|343\/343
|switch|p2a: Talonflame|Talonflame, M|298\/298
|turn|1
|
|move|p2a: Talonflame|U-turn|p1a: Melisandre
|-resisted|p1a: Melisandre
|-damage|p1a: Melisandre|289\/343
|
|switch|p2a: Heatran|Heatran, F|386\/386
|move|p1a: Melisandre|U-turn|p2a: Heatran
|-resisted|p2a: Heatran
|-damage|p2a: Heatran|340\/386
|join|Seeker1911
|
|switch|p1a: Mance|Mamoswine, M|361\/361
|
|-heal|p2a: Heatran|364\/386|[from] item: Leftovers
|turn|2
|
|switch|p2a: Talonflame|Talonflame, M|298\/298
|move|p1a: Mance|Stealth Rock|p2a: Talonflame
|-sidestart|p2: ValleCula|move: Stealth Rock
|
|turn|3
|
|switch|p1a: Theon|Gyarados, M|351\/351
|-ability|p1a: Theon|Intimidate|[of] p2a: Talonflame
|-unboost|p2a: Talonflame|atk|1
|move|p2a: Talonflame|U-turn|p1a: Theon
|-resisted|p1a: Theon
|-damage|p1a: Theon|309\/351
|
|switch|p2a: Latios|Latios, M|302\/302
|-damage|p2a: Latios|265\/302|[from] Stealth Rock
|
|turn|4
|
|detailschange|p1a: Theon|Gyarados-Mega, M
|-mega|p1a: Theon|Gyarados|Gyaradosite
|-ability|p1a: Theon|Mold Breaker
|move|p2a: Latios|Draco Meteor|p1a: Theon
|-damage|p1a: Theon|66\/351
|-unboost|p2a: Latios|spa|2
|-damage|p2a: Latios|235\/302|[from] item: Life Orb
|move|p1a: Theon|Dragon Dance|p1a: Theon
|-boost|p1a: Theon|atk|1
|-boost|p1a: Theon|spe|1
|
|turn|5
|
|switch|p2a: Azumarill|Azumarill, F|404\/404
|-damage|p2a: Azumarill|354\/404|[from] Stealth Rock
|move|p1a: Theon|Crunch|p2a: Azumarill
|-resisted|p2a: Azumarill
|-damage|p2a: Azumarill|194\/404
|
|turn|6
|
|move|p2a: Azumarill|Aqua Jet|p1a: Theon
|-resisted|p1a: Theon
|-damage|p1a: Theon|27\/351
|move|p1a: Theon|Waterfall|p2a: Azumarill
|-resisted|p2a: Azumarill
|-damage|p2a: Azumarill|21\/404
|
|turn|7
|
|move|p2a: Azumarill|Aqua Jet|p1a: Theon
|-resisted|p1a: Theon
|-damage|p1a: Theon|0 fnt
|faint|p1a: Theon
|
|
|switch|p1a: Melisandre|Scizor, F|289\/343
|turn|8
|
|move|p1a: Melisandre|U-turn|p2a: Azumarill
|-resisted|p2a: Azumarill
|-damage|p2a: Azumarill|0 fnt
|faint|p2a: Azumarill
|
|switch|p1a: Robert|Thundurus, M|299\/299
|
|
|switch|p2a: Latios|Latios, M|235\/302
|-damage|p2a: Latios|198\/302|[from] Stealth Rock
|turn|9
|
|switch|p1a: Melisandre|Scizor, F|289\/343
|move|p2a: Latios|Defog|p1a: Melisandre
|-unboost|p1a: Melisandre|evasion|1
|-sideend|p2: ValleCula|Stealth Rock|[from] move: Defog|[of] p2a: Latios
|
|turn|10
|
|move|p1a: Melisandre|Pursuit|p2a: Latios|[from]Pursuit
|-supereffective|p2a: Latios
|-damage|p2a: Latios|0 fnt
|faint|p2a: Latios
|
|
|switch|p2a: Heatran|Heatran, F|364\/386
|turn|11
|
|switch|p1a: Mance|Mamoswine, M|361\/361
|move|p2a: Heatran|Lava Plume|p1a: Mance
|-crit|p1a: Mance
|-supereffective|p1a: Mance
|-damage|p1a: Mance|91\/361
|
|-heal|p2a: Heatran|386\/386|[from] item: Leftovers
|turn|12
|
|move|p1a: Mance|Stealth Rock|p2a: Heatran
|-sidestart|p2: ValleCula|move: Stealth Rock
|move|p2a: Heatran|Lava Plume|p1a: Mance
|-supereffective|p1a: Mance
|-damage|p1a: Mance|0 fnt
|faint|p1a: Mance
|
|
|switch|p1a: Robert|Thundurus, M|299\/299
|turn|13
|
|move|p1a: Robert|Thunder Wave|p2a: Heatran
|-status|p2a: Heatran|par
|move|p2a: Heatran|Stealth Rock|p1a: Robert
|-sidestart|p1: Chocolove|move: Stealth Rock
|
|turn|14
|
|move|p1a: Robert|Nasty Plot|p1a: Robert
|-boost|p1a: Robert|spa|2
|move|p2a: Heatran|Lava Plume|p1a: Robert
|-damage|p1a: Robert|169\/299
|
|-heal|p1a: Robert|187\/299|[from] item: Leftovers
|turn|15
|
|move|p1a: Robert|Thunderbolt|p2a: Heatran
|-damage|p2a: Heatran|172\/386 par
|cant|p2a: Heatran|par
|
|-heal|p1a: Robert|205\/299|[from] item: Leftovers
|-heal|p2a: Heatran|196\/386 par|[from] item: Leftovers
|turn|16
|
|move|p2a: Heatran|Protect|p2a: Heatran
|-singleturn|p2a: Heatran|Protect
|move|p1a: Robert|Thunderbolt|p2a: Heatran
|-activate|p2a: Heatran|Protect
|
|-heal|p1a: Robert|223\/299|[from] item: Leftovers
|-heal|p2a: Heatran|220\/386 par|[from] item: Leftovers
|turn|17
|
|move|p1a: Robert|Thunderbolt|p2a: Heatran
|-damage|p2a: Heatran|9\/386 par
|move|p2a: Heatran|Roar|p1a: Robert
|drag|p1a: Daenerys|Latias, F|301\/301
|-damage|p1a: Daenerys|264\/301|[from] Stealth Rock
|
|-heal|p2a: Heatran|33\/386 par|[from] item: Leftovers
|turn|18
|
|move|p1a: Daenerys|Psyshock|p2a: Heatran
|-resisted|p2a: Heatran
|-damage|p2a: Heatran|0 fnt
|-damage|p1a: Daenerys|234\/301|[from] item: Life Orb
|faint|p2a: Heatran
|
|
|switch|p2a: Lopunny|Lopunny, F|271\/271
|-damage|p2a: Lopunny|238\/271|[from] Stealth Rock
|turn|19
|
|switch|p1a: Melisandre|Scizor, F|289\/343
|-damage|p1a: Melisandre|247\/343|[from] Stealth Rock
|detailschange|p2a: Lopunny|Lopunny-Mega, F
|-mega|p2a: Lopunny|Lopunny|Lopunnite
|move|p2a: Lopunny|Fake Out|p1a: Melisandre
|-resisted|p1a: Melisandre
|-damage|p1a: Melisandre|208\/343
|
|turn|20
|
|move|p2a: Lopunny|High Jump Kick|p1a: Melisandre
|-damage|p1a: Melisandre|0 fnt
|faint|p1a: Melisandre
|
|
|switch|p1a: Varys|Mew|404\/404
|-damage|p1a: Varys|354\/404|[from] Stealth Rock
|turn|21
|
|move|p2a: Lopunny|Return|p1a: Varys
|-damage|p1a: Varys|170\/404
|move|p1a: Varys|Will-O-Wisp|p2a: Lopunny
|-status|p2a: Lopunny|brn
|
|-heal|p1a: Varys|195\/404|[from] item: Leftovers
|-damage|p2a: Lopunny|205\/271 brn|[from] brn
|turn|22
|
|move|p2a: Lopunny|Return|p1a: Varys
|-damage|p1a: Varys|96\/404
|move|p1a: Varys|Soft-Boiled|p1a: Varys
|-heal|p1a: Varys|298\/404
|
|-heal|p1a: Varys|323\/404|[from] item: Leftovers
|-damage|p2a: Lopunny|172\/271 brn|[from] brn
|turn|23
|
|move|p2a: Lopunny|Ice Punch|p1a: Varys
|-damage|p1a: Varys|276\/404
|move|p1a: Varys|Soft-Boiled|p1a: Varys
|-heal|p1a: Varys|404\/404
|
|-damage|p2a: Lopunny|139\/271 brn|[from] brn
|turn|24
|
|move|p2a: Lopunny|Ice Punch|p1a: Varys
|-damage|p1a: Varys|354\/404
|move|p1a: Varys|Knock Off|p2a: Lopunny
|-resisted|p2a: Lopunny
|-damage|p2a: Lopunny|112\/271 brn
|
|-heal|p1a: Varys|379\/404|[from] item: Leftovers
|-damage|p2a: Lopunny|79\/271 brn|[from] brn
|turn|25
|
|move|p2a: Lopunny|Ice Punch|p1a: Varys
|-damage|p1a: Varys|329\/404
|move|p1a: Varys|Knock Off|p2a: Lopunny
|-resisted|p2a: Lopunny
|-damage|p2a: Lopunny|53\/271 brn
|
|-heal|p1a: Varys|354\/404|[from] item: Leftovers
|-damage|p2a: Lopunny|20\/271 brn|[from] brn
|turn|26
|
|move|p2a: Lopunny|Return|p1a: Varys
|-damage|p1a: Varys|266\/404
|move|p1a: Varys|Soft-Boiled|p1a: Varys
|-heal|p1a: Varys|404\/404
|
|-damage|p2a: Lopunny|0 fnt|[from] brn
|faint|p2a: Lopunny
|
|switch|p2a: Gourgeist-Super|Gourgeist-Super, F|374\/374
|-damage|p2a: Gourgeist-Super|328\/374|[from] Stealth Rock
|-item|p1a: Varys|Leftovers|[from] ability: Frisk|[of] p2a: Gourgeist-Super|[identify]
|turn|27
|
|move|p1a: Varys|Taunt|p2a: Gourgeist-Super
|-start|p2a: Gourgeist-Super|move: Taunt
|cant|p2a: Gourgeist-Super|move: Taunt|Leech Seed
|
|-heal|p2a: Gourgeist-Super|351\/374|[from] item: Leftovers
|turn|28
|
|switch|p2a: Talonflame|Talonflame, M|298\/298
|-damage|p2a: Talonflame|149\/298|[from] Stealth Rock
|move|p1a: Varys|Knock Off|p2a: Talonflame
|-damage|p2a: Talonflame|50\/298
|-enditem|p2a: Talonflame|Choice Band|[from] move: Knock Off|[of] p1a: Varys
|
|turn|29
|
|move|p2a: Talonflame|Roost|p2a: Talonflame
|-heal|p2a: Talonflame|199\/298
|move|p1a: Varys|Knock Off|p2a: Talonflame
|-damage|p2a: Talonflame|132\/298
|
|turn|30
|
|move|p2a: Talonflame|Roost|p2a: Talonflame
|-heal|p2a: Talonflame|281\/298
|move|p1a: Varys|Taunt|p2a: Talonflame
|-start|p2a: Talonflame|move: Taunt
|
|turn|31
|
|move|p2a: Talonflame|Brave Bird|p1a: Varys
|-damage|p1a: Varys|244\/404
|-damage|p2a: Talonflame|228\/298|[from] recoil|[of] p1a: Varys
|move|p1a: Varys|Knock Off|p2a: Talonflame
|-damage|p2a: Talonflame|154\/298
|
|-heal|p1a: Varys|269\/404|[from] item: Leftovers
|turn|32
|
|move|p2a: Talonflame|Brave Bird|p1a: Varys
|-damage|p1a: Varys|112\/404
|-damage|p2a: Talonflame|102\/298|[from] recoil|[of] p1a: Varys
|move|p1a: Varys|Knock Off|p2a: Talonflame
|-damage|p2a: Talonflame|31\/298
|
|-heal|p1a: Varys|137\/404|[from] item: Leftovers
|turn|33
|
|move|p2a: Talonflame|Brave Bird|p1a: Varys
|-damage|p1a: Varys|0 fnt
|-damage|p2a: Talonflame|0 fnt|[from] recoil|[of] p1a: Varys
|faint|p1a: Varys
|faint|p2a: Talonflame
|
|
|switch|p1a: Robert|Thundurus, M|223\/299
|switch|p2a: Gourgeist-Super|Gourgeist-Super, F|351\/374
|-damage|p1a: Robert|149\/299|[from] Stealth Rock
|-damage|p2a: Gourgeist-Super|305\/374|[from] Stealth Rock
|-item|p1a: Robert|Leftovers|[from] ability: Frisk|[of] p2a: Gourgeist-Super|[identify]
|turn|34
|
|move|p1a: Robert|Nasty Plot|p1a: Robert
|-boost|p1a: Robert|spa|2
|move|p2a: Gourgeist-Super|Leech Seed|p1a: Robert|[miss]
|-miss|p2a: Gourgeist-Super|p1a: Robert
|
|-heal|p1a: Robert|167\/299|[from] item: Leftovers
|-heal|p2a: Gourgeist-Super|328\/374|[from] item: Leftovers
|turn|35
|
|move|p1a: Robert|Hidden Power|p2a: Gourgeist-Super
|-supereffective|p2a: Gourgeist-Super
|-damage|p2a: Gourgeist-Super|0 fnt
|faint|p2a: Gourgeist-Super
|
|win|Chocolove
|raw|Ladder updating...
|raw|Chocolove's rating: 1570 &rarr; <strong>1587<\/strong><br \/>(+17 for winning)
|raw|ValleCula's rating: 1510 &rarr; <strong>1493<\/strong><br \/>(-17 for losing)
|leave|ValleCula
|player|p2