|join|Chocolove
|join|Jolbaart
|player|p1|Chocolove|29
|player|p2|Jolbaart|170
|gametype|singles
|gen|6
|tier|OU
|rated
|clearpoke
|poke|p1|Metagross
|poke|p1|Crawdaunt, F
|poke|p1|Heatran, F
|poke|p1|Starmie
|poke|p1|Landorus-Therian, M
|poke|p1|Raikou
|poke|p2|Diggersby, M
|poke|p2|Raikou
|poke|p2|Azelf
|poke|p2|Bisharp, F
|poke|p2|Slowbro, F
|poke|p2|Hydreigon, M
|rule|Swagger Clause: Swagger is banned
|rule|Baton Pass Clause: Limit one PokÃ©mon knowing Baton Pass
|rule|Sleep Clause Mod: Limit one foe put to sleep
|rule|Species Clause: Limit one of each PokÃ©mon
|rule|OHKO Clause: OHKO moves are banned
|rule|Moody Clause: Moody is banned
|rule|Evasion Moves Clause: Evasion moves are banned
|rule|Endless Battle Clause: Forcing endless battles is banned
|rule|HP Percentage Mod: HP is shown in percentages
|teampreview
|
|start
|switch|p1a: Based Dog|Landorus-Therian, M|319\/319
|switch|p2a: Azelf|Azelf|292\/292
|-ability|p1a: Based Dog|Intimidate|[of] p2a: Azelf
|-unboost|p2a: Azelf|atk|1
|turn|1
|
|move|p1a: Based Dog|U-turn|p2a: Azelf
|-crit|p2a: Azelf
|-supereffective|p2a: Azelf
|-enditem|p2a: Azelf|Focus Sash
|-damage|p2a: Azelf|1\/292
|
|switch|p1a: Misty|Starmie|324\/324
|move|p2a: Azelf|Stealth Rock|p1a: Misty
|-sidestart|p1: Chocolove|move: Stealth Rock
|
|turn|2
|
|move|p1a: Misty|Rapid Spin|p2a: Azelf
|-damage|p2a: Azelf|0 fnt
|-sideend|p1: Chocolove|Stealth Rock|[from] move: Rapid Spin|[of] p1a: Misty
|faint|p2a: Azelf
|
|
|switch|p2a: Bisharp|Bisharp, F|272\/272
|turn|3
|
|move|p1a: Misty|Reflect Type|p2a: Bisharp
|-start|p1a: Misty|typechange|[from] move: Reflect Type|[of] p2a: Bisharp
|move|p2a: Bisharp|Knock Off|p1a: Misty
|-resisted|p1a: Misty
|-damage|p1a: Misty|211\/324
|-enditem|p1a: Misty|Leftovers|[from] move: Knock Off|[of] p2a: Bisharp
|
|turn|4
|
|switch|p2a: Hydreigon|Hydreigon, M|326\/326
|move|p1a: Misty|Scald|p2a: Hydreigon
|-resisted|p2a: Hydreigon
|-damage|p2a: Hydreigon|289\/326
|-status|p2a: Hydreigon|brn
|
|-damage|p2a: Hydreigon|249\/326 brn|[from] brn
|turn|5
|
|switch|p1a: Floor is lava|Heatran, F|386\/386
|move|p2a: Hydreigon|Dark Pulse|p1a: Floor is lava
|-crit|p1a: Floor is lava
|-damage|p1a: Floor is lava|244\/386
|
|-heal|p1a: Floor is lava|268\/386|[from] item: Leftovers
|-damage|p2a: Hydreigon|209\/326 brn|[from] brn
|turn|6
|
|switch|p2a: Bisharp|Bisharp, F|272\/272
|move|p1a: Floor is lava|Stealth Rock|p2a: Bisharp
|-sidestart|p2: Jolbaart|move: Stealth Rock
|
|-heal|p1a: Floor is lava|292\/386|[from] item: Leftovers
|turn|7
|
|move|p2a: Bisharp|Knock Off|p1a: Floor is lava
|-damage|p1a: Floor is lava|93\/386
|-enditem|p1a: Floor is lava|Leftovers|[from] move: Knock Off|[of] p2a: Bisharp
|move|p1a: Floor is lava|Lava Plume|p2a: Bisharp
|-supereffective|p2a: Bisharp
|-damage|p2a: Bisharp|0 fnt
|faint|p2a: Bisharp
|
|
|switch|p2a: Slowbro|Slowbro, F|394\/394
|-damage|p2a: Slowbro|345\/394|[from] Stealth Rock
|turn|8
|
|move|p1a: Floor is lava|Taunt|p2a: Slowbro
|-start|p2a: Slowbro|move: Taunt
|move|p2a: Slowbro|Scald|p1a: Floor is lava
|-supereffective|p1a: Floor is lava
|-damage|p1a: Floor is lava|0 fnt
|faint|p1a: Floor is lava
|
|
|switch|p1a: Crab Battle|Crawdaunt, F|268\/268
|turn|9
|
|switch|p2a: Hydreigon|Hydreigon, M|209\/326 brn
|-damage|p2a: Hydreigon|169\/326 brn|[from] Stealth Rock
|move|p1a: Crab Battle|Knock Off|p2a: Hydreigon
|-resisted|p2a: Hydreigon
|-damage|p2a: Hydreigon|27\/326 brn
|-enditem|p2a: Hydreigon|Choice Scarf|[from] move: Knock Off|[of] p1a: Crab Battle
|-damage|p1a: Crab Battle|242\/268|[from] item: Life Orb
|
|-damage|p2a: Hydreigon|0 fnt|[from] brn
|faint|p2a: Hydreigon
|-message|Jolbaart lost due to inactivity.
|
|switch|p2a: Raikou|Raikou|321\/321
|-damage|p2a: Raikou|281\/321|[from] Stealth Rock
|-ability|p2a: Raikou|Pressure
|turn|10
|
|win|Chocolove
|raw|Ladder updating...
|raw|Ladder (probably) updated, but score could not be retrieved (Error: read ECONNRESET).
|leave|Jolbaart
|player|p2