|join|ThatFriendlyGuy
|join|Chocolove
|player|p1|ThatFriendlyGuy|292
|player|p2|Chocolove|29
|gametype|singles
|gen|6
|tier|OU
|rated
|clearpoke
|poke|p1|Latias, F
|poke|p1|Bisharp, F
|poke|p1|Excadrill, F
|poke|p1|Talonflame, F
|poke|p1|Scizor, F
|poke|p1|Infernape, F
|poke|p2|Crawdaunt, M
|poke|p2|Raikou
|poke|p2|Heatran, F
|poke|p2|Starmie
|poke|p2|Landorus-Therian, M
|poke|p2|Metagross
|rule|Swagger Clause: Swagger is banned
|rule|Baton Pass Clause: Limit one PokÃ©mon knowing Baton Pass
|rule|Sleep Clause Mod: Limit one foe put to sleep
|rule|Species Clause: Limit one of each PokÃ©mon
|rule|OHKO Clause: OHKO moves are banned
|rule|Moody Clause: Moody is banned
|rule|Evasion Moves Clause: Evasion moves are banned
|rule|Endless Battle Clause: Forcing endless battles is banned
|rule|HP Percentage Mod: HP is shown in percentages
|teampreview
|
|start
|switch|p1a: ScoutingScarfLando|Infernape, F|293\/293
|switch|p2a: Starfall|Starmie|324\/324
|turn|1
|
|move|p2a: Starfall|Scald|p1a: ScoutingScarfLando
|-supereffective|p1a: ScoutingScarfLando
|-damage|p1a: ScoutingScarfLando|21\/293
|move|p1a: ScoutingScarfLando|U-turn|p2a: Starfall
|-supereffective|p2a: Starfall
|-damage|p2a: Starfall|170\/324
|
|switch|p1a: TakeNotesGenesect|Scizor, F|323\/323
|
|-heal|p2a: Starfall|190\/324|[from] item: Leftovers
|turn|2
|
|detailschange|p1a: TakeNotesGenesect|Scizor-Mega, F
|-mega|p1a: TakeNotesGenesect|Scizor|Scizorite
|move|p2a: Starfall|Reflect Type|p1a: TakeNotesGenesect
|-start|p2a: Starfall|typechange|[from] move: Reflect Type|[of] p1a: TakeNotesGenesect
|move|p1a: TakeNotesGenesect|U-turn|p2a: Starfall
|-resisted|p2a: Starfall
|-damage|p2a: Starfall|101\/324
|
|switch|p1a: Skill whats that|Talonflame, F|360\/360
|
|-heal|p2a: Starfall|121\/324|[from] item: Leftovers
|turn|3
|
|switch|p2a: Lightbringer|Heatran, F|371\/371
|move|p1a: Skill whats that|Brave Bird|p2a: Lightbringer
|-resisted|p2a: Lightbringer
|-damage|p2a: Lightbringer|310\/371
|-damage|p1a: Skill whats that|340\/360|[from] recoil|[of] p2a: Lightbringer
|
|-heal|p1a: Skill whats that|360\/360|[from] item: Leftovers
|-heal|p2a: Lightbringer|333\/371|[from] item: Leftovers
|turn|4
|
|move|p1a: Skill whats that|Taunt|p2a: Lightbringer
|-start|p2a: Lightbringer|move: Taunt
|move|p2a: Lightbringer|Lava Plume|p1a: Skill whats that
|-resisted|p1a: Skill whats that
|-damage|p1a: Skill whats that|304\/360
|
|-heal|p1a: Skill whats that|326\/360|[from] item: Leftovers
|-heal|p2a: Lightbringer|356\/371|[from] item: Leftovers
|turn|5
|
|move|p1a: Skill whats that|Bulk Up|p1a: Skill whats that
|-boost|p1a: Skill whats that|atk|1
|-boost|p1a: Skill whats that|def|1
|move|p2a: Lightbringer|Lava Plume|p1a: Skill whats that
|-resisted|p1a: Skill whats that
|-damage|p1a: Skill whats that|271\/360
|
|-heal|p1a: Skill whats that|293\/360|[from] item: Leftovers
|-heal|p2a: Lightbringer|371\/371|[from] item: Leftovers
|turn|6
|
|move|p1a: Skill whats that|Bulk Up|p1a: Skill whats that
|-boost|p1a: Skill whats that|atk|1
|-boost|p1a: Skill whats that|def|1
|move|p2a: Lightbringer|Lava Plume|p1a: Skill whats that
|-resisted|p1a: Skill whats that
|-damage|p1a: Skill whats that|243\/360
|
|-heal|p1a: Skill whats that|265\/360|[from] item: Leftovers
|-end|p2a: Lightbringer|move: Taunt
|turn|7
|
|move|p1a: Skill whats that|Taunt|p2a: Lightbringer
|-start|p2a: Lightbringer|move: Taunt
|cant|p2a: Lightbringer|move: Taunt|Roar
|
|-heal|p1a: Skill whats that|287\/360|[from] item: Leftovers
|turn|8
|
|switch|p2a: Based Dog|Landorus-Therian, M|319\/319
|-ability|p2a: Based Dog|Intimidate|[of] p1a: Skill whats that
|-unboost|p1a: Skill whats that|atk|1
|move|p1a: Skill whats that|Bulk Up|p1a: Skill whats that
|-boost|p1a: Skill whats that|atk|1
|-boost|p1a: Skill whats that|def|1
|
|-heal|p1a: Skill whats that|309\/360|[from] item: Leftovers
|turn|9
|
|move|p1a: Skill whats that|Roost|p1a: Skill whats that
|-heal|p1a: Skill whats that|360\/360
|move|p2a: Based Dog|Stone Edge|p1a: Skill whats that
|-supereffective|p1a: Skill whats that
|-damage|p1a: Skill whats that|216\/360
|
|-heal|p1a: Skill whats that|238\/360|[from] item: Leftovers
|turn|10
|
|switch|p1a: ProstateExaminer|Bisharp, F|271\/271
|move|p2a: Based Dog|Stone Edge|p1a: ProstateExaminer
|-resisted|p1a: ProstateExaminer
|-damage|p1a: ProstateExaminer|205\/271
|
|turn|11
|
|switch|p2a: Lightbringer|Heatran, F|371\/371
|move|p1a: ProstateExaminer|Swords Dance|p1a: ProstateExaminer
|-boost|p1a: ProstateExaminer|atk|2
|
|turn|12
|
|move|p1a: ProstateExaminer|Knock Off|p2a: Lightbringer
|-damage|p2a: Lightbringer|5\/371
|-enditem|p2a: Lightbringer|Leftovers|[from] move: Knock Off|[of] p1a: ProstateExaminer
|move|p2a: Lightbringer|Lava Plume|p1a: ProstateExaminer
|-supereffective|p1a: ProstateExaminer
|-damage|p1a: ProstateExaminer|0 fnt
|faint|p1a: ProstateExaminer
|
|
|switch|p1a: ScoutingScarfLando|Infernape, F|21\/293
|turn|13
|
|move|p1a: ScoutingScarfLando|U-turn|p2a: Lightbringer
|-resisted|p2a: Lightbringer
|-damage|p2a: Lightbringer|0 fnt
|faint|p2a: Lightbringer
|
|switch|p1a: TakeNotesGenesect|Scizor-Mega, F|323\/323
|
|
|switch|p2a: Not so based|Raikou|321\/321
|-ability|p2a: Not so based|Pressure
|turn|14
|
|move|p2a: Not so based|Volt Switch|p1a: TakeNotesGenesect
|-damage|p1a: TakeNotesGenesect|214\/323
|
|switch|p2a: Based Dog|Landorus-Therian, M|319\/319
|-ability|p2a: Based Dog|Intimidate|[of] p1a: TakeNotesGenesect
|-unboost|p1a: TakeNotesGenesect|atk|1
|move|p1a: TakeNotesGenesect|U-turn|p2a: Based Dog
|-resisted|p2a: Based Dog
|-damage|p2a: Based Dog|265\/319
|
|switch|p1a: ScoutingScarfLando|Infernape, F|21\/293
|
|turn|15
|
|move|p1a: ScoutingScarfLando|Mach Punch|p2a: Based Dog
|-resisted|p2a: Based Dog
|-damage|p2a: Based Dog|229\/319
|move|p2a: Based Dog|U-turn|p1a: ScoutingScarfLando
|-resisted|p1a: ScoutingScarfLando
|-damage|p1a: ScoutingScarfLando|0 fnt
|faint|p1a: ScoutingScarfLando
|
|switch|p2a: Not so based|Raikou|321\/321
|-ability|p2a: Not so based|Pressure
|
|
|switch|p1a: GoAwayRotom|Excadrill, F|362\/362
|-ability|p1a: GoAwayRotom|Mold Breaker
|-item|p1a: GoAwayRotom|Air Balloon
|turn|16
|
|switch|p2a: Based Dog|Landorus-Therian, M|229\/319
|-ability|p2a: Based Dog|Intimidate|[of] p1a: GoAwayRotom
|-unboost|p1a: GoAwayRotom|atk|1
|move|p1a: GoAwayRotom|Iron Head|p2a: Based Dog
|-damage|p2a: Based Dog|124\/319
|
|turn|17
|
|move|p2a: Based Dog|U-turn|p1a: GoAwayRotom
|-resisted|p1a: GoAwayRotom
|-damage|p1a: GoAwayRotom|294\/362
|-enditem|p1a: GoAwayRotom|Air Balloon
|
|switch|p2a: Starfall|Starmie|121\/324
|move|p1a: GoAwayRotom|Earthquake|p2a: Starfall
|-damage|p2a: Starfall|0 fnt
|faint|p2a: Starfall
|
|
|switch|p2a: Bittersteel|Metagross|302\/302
|turn|18
|
|detailschange|p2a: Bittersteel|Metagross-Mega
|-mega|p2a: Bittersteel|Metagross|Metagrossite
|move|p1a: GoAwayRotom|Earthquake|p2a: Bittersteel
|-supereffective|p2a: Bittersteel
|-damage|p2a: Bittersteel|132\/302
|move|p2a: Bittersteel|Meteor Mash|p1a: GoAwayRotom
|-resisted|p1a: GoAwayRotom
|-damage|p1a: GoAwayRotom|124\/362
|
|turn|19
|
|move|p2a: Bittersteel|Meteor Mash|p1a: GoAwayRotom
|-resisted|p1a: GoAwayRotom
|-damage|p1a: GoAwayRotom|0 fnt
|faint|p1a: GoAwayRotom
|
|
|switch|p1a: Lati-no-ass|Latias, F|301\/301
|turn|20
|
|move|p2a: Bittersteel|Meteor Mash|p1a: Lati-no-ass
|-damage|p1a: Lati-no-ass|49\/301
|move|p1a: Lati-no-ass|Healing Wish|p1a: Lati-no-ass
|faint|p1a: Lati-no-ass
|
|
|switch|p1a: TakeNotesGenesect|Scizor-Mega, F|214\/323
|-heal|p1a: TakeNotesGenesect|323\/323|[from] move: Healing Wish
|turn|21
|
|move|p2a: Bittersteel|Meteor Mash|p1a: TakeNotesGenesect
|-crit|p1a: TakeNotesGenesect
|-resisted|p1a: TakeNotesGenesect
|-damage|p1a: TakeNotesGenesect|197\/323
|move|p1a: TakeNotesGenesect|Swords Dance|p1a: TakeNotesGenesect
|-boost|p1a: TakeNotesGenesect|atk|2
|
|turn|22
|
|move|p2a: Bittersteel|Meteor Mash|p1a: TakeNotesGenesect|[miss]
|-miss|p2a: Bittersteel|p1a: TakeNotesGenesect
|move|p1a: TakeNotesGenesect|Swords Dance|p1a: TakeNotesGenesect
|-boost|p1a: TakeNotesGenesect|atk|2
|
|turn|23
|
|move|p1a: TakeNotesGenesect|Bullet Punch|p2a: Bittersteel
|-resisted|p2a: Bittersteel
|-damage|p2a: Bittersteel|0 fnt
|faint|p2a: Bittersteel
|
|
|switch|p2a: Not so based|Raikou|321\/321
|-ability|p2a: Not so based|Pressure
|turn|24
|
|move|p2a: Not so based|Thunderbolt|p1a: TakeNotesGenesect
|-damage|p1a: TakeNotesGenesect|46\/323
|-status|p1a: TakeNotesGenesect|par
|move|p1a: TakeNotesGenesect|Superpower|p2a: Not so based
|-damage|p2a: Not so based|0 fnt
|-unboost|p1a: TakeNotesGenesect|atk|1
|-unboost|p1a: TakeNotesGenesect|def|1
|faint|p2a: Not so based
|
|
|switch|p2a: Euron|Crawdaunt, M|268\/268
|turn|25
|c|âThatFriendlyGuy|ah gg
|
|move|p2a: Euron|Aqua Jet|p1a: TakeNotesGenesect
|-damage|p1a: TakeNotesGenesect|0 fnt
|-damage|p2a: Euron|242\/268|[from] item: Life Orb
|faint|p1a: TakeNotesGenesect
|
|
|switch|p1a: Skill whats that|Talonflame, F|238\/360
|turn|26
|c|âThatFriendlyGuy|para cost me there
|c|âChocolove|sorry about that
|
|move|p1a: Skill whats that|Brave Bird|p2a: Euron
|-damage|p2a: Euron|100\/268
|-damage|p1a: Skill whats that|191\/360|[from] recoil|[of] p2a: Euron
|move|p2a: Euron|Aqua Jet|p1a: Skill whats that
|-supereffective|p1a: Skill whats that
|-damage|p1a: Skill whats that|0 fnt
|-damage|p2a: Euron|74\/268|[from] item: Life Orb
|faint|p1a: Skill whats that
|
|win|Chocolove
|raw|Ladder updating...
|raw|ThatFriendlyGuy's rating: 1590 &rarr; <strong>1568<\/strong><br \/>(-22 for losing)
|raw|Chocolove's rating: 1555 &rarr; <strong>1577<\/strong><br \/>(+22 for winning)
|c|âChocolove|actually not sorry I hate taunt smogonbird