|join|Better Call Staul
|join|Chocolove
|player|p1|Better Call Staul|39
|player|p2|Chocolove|29
|gametype|singles
|gen|6
|tier|OU
|rated
|clearpoke
|poke|p1|Heatran, M
|poke|p1|Chansey, F
|poke|p1|Bisharp, M
|poke|p1|Breloom, M
|poke|p1|Keldeo
|poke|p1|Lopunny, F
|poke|p2|Mew
|poke|p2|Gyarados, M
|poke|p2|Latias, F
|poke|p2|Thundurus, M
|poke|p2|Mamoswine, M
|poke|p2|Scizor, F
|rule|Swagger Clause: Swagger is banned
|rule|Baton Pass Clause: Limit one PokÃ©mon knowing Baton Pass
|rule|Sleep Clause Mod: Limit one foe put to sleep
|rule|Species Clause: Limit one of each PokÃ©mon
|rule|OHKO Clause: OHKO moves are banned
|rule|Moody Clause: Moody is banned
|rule|Evasion Moves Clause: Evasion moves are banned
|rule|Endless Battle Clause: Forcing endless battles is banned
|rule|HP Percentage Mod: HP is shown in percentages
|teampreview
|
|start
|switch|p1a: Heatran|Heatran, M|323\/323
|switch|p2a: Theon|Gyarados, M|351\/351
|-ability|p2a: Theon|Intimidate|[of] p1a: Heatran
|-unboost|p1a: Heatran|atk|1
|turn|1
|
|switch|p1a: Chansey|Chansey, F|642\/642
|move|p2a: Theon|Substitute|p2a: Theon
|-start|p2a: Theon|Substitute
|-damage|p2a: Theon|264\/351
|
|turn|2
|
|move|p2a: Theon|Dragon Dance|p2a: Theon
|-boost|p2a: Theon|atk|1
|-boost|p2a: Theon|spe|1
|move|p1a: Chansey|Seismic Toss|p2a: Theon
|-end|p2a: Theon|Substitute
|
|turn|3
|
|move|p2a: Theon|Waterfall|p1a: Chansey
|-damage|p1a: Chansey|336\/642
|move|p1a: Chansey|Seismic Toss|p2a: Theon
|-damage|p2a: Theon|164\/351
|
|turn|4
|
|detailschange|p2a: Theon|Gyarados-Mega, M
|-mega|p2a: Theon|Gyarados|Gyaradosite
|-ability|p2a: Theon|Mold Breaker
|move|p2a: Theon|Waterfall|p1a: Chansey
|-damage|p1a: Chansey|0 fnt
|faint|p1a: Chansey
|
|
|switch|p1a: Breloom|Breloom, M|261\/261
|turn|5
|
|switch|p2a: Robert|Thundurus, M|299\/299
|move|p1a: Breloom|Mach Punch|p2a: Robert
|-resisted|p2a: Robert
|-damage|p2a: Robert|233\/299
|
|-heal|p2a: Robert|251\/299|[from] item: Leftovers
|turn|6
|
|switch|p1a: Heatran|Heatran, M|323\/323
|move|p2a: Robert|Hidden Power|p1a: Heatran
|-resisted|p1a: Heatran
|-damage|p1a: Heatran|306\/323
|
|-heal|p2a: Robert|269\/299|[from] item: Leftovers
|turn|7
|
|move|p2a: Robert|Thunder Wave|p1a: Heatran
|-status|p1a: Heatran|par
|move|p1a: Heatran|Lava Plume|p2a: Robert
|-damage|p2a: Robert|112\/299
|
|-heal|p2a: Robert|130\/299|[from] item: Leftovers
|turn|8
|
|move|p2a: Robert|Thunderbolt|p1a: Heatran
|-damage|p1a: Heatran|146\/323 par
|move|p1a: Heatran|Lava Plume|p2a: Robert
|-damage|p2a: Robert|0 fnt
|faint|p2a: Robert
|
|
|switch|p2a: Mance|Mamoswine, M|361\/361
|turn|9
|
|move|p2a: Mance|Stealth Rock|p1a: Heatran
|-sidestart|p1: Better Call Staul|move: Stealth Rock
|move|p1a: Heatran|Lava Plume|p2a: Mance
|-supereffective|p2a: Mance
|-damage|p2a: Mance|127\/361
|
|turn|10
|
|move|p2a: Mance|Earthquake|p1a: Heatran
|-supereffective|p1a: Heatran
|-damage|p1a: Heatran|0 fnt
|faint|p1a: Heatran
|
|
|switch|p1a: Lopunny|Lopunny, F|271\/271
|-damage|p1a: Lopunny|238\/271|[from] Stealth Rock
|turn|11
|
|detailschange|p1a: Lopunny|Lopunny-Mega, F
|-mega|p1a: Lopunny|Lopunny|Lopunnite
|move|p2a: Mance|Ice Shard|p1a: Lopunny
|-damage|p1a: Lopunny|162\/271
|move|p1a: Lopunny|High Jump Kick|p2a: Mance
|-supereffective|p2a: Mance
|-damage|p2a: Mance|0 fnt
|faint|p2a: Mance
|
|
|switch|p2a: Melisandre|Scizor, F|343\/343
|turn|12
|
|switch|p1a: Keldeo|Keldeo|323\/323
|-damage|p1a: Keldeo|303\/323|[from] Stealth Rock
|move|p2a: Melisandre|U-turn|p1a: Keldeo
|-resisted|p1a: Keldeo
|-damage|p1a: Keldeo|182\/323
|
|switch|p2a: Daenerys|Latias, F|301\/301
|
|turn|13
|
|switch|p2a: Theon|Gyarados-Mega, M|164\/351
|-ability|p2a: Theon|Mold Breaker
|move|p1a: Keldeo|Icy Wind|p2a: Theon
|-resisted|p2a: Theon
|-damage|p2a: Theon|122\/351
|-unboost|p2a: Theon|spe|1
|
|turn|14
|
|move|p1a: Keldeo|Icy Wind|p2a: Theon
|-resisted|p2a: Theon
|-damage|p2a: Theon|83\/351
|-unboost|p2a: Theon|spe|1
|move|p2a: Theon|Dragon Dance|p2a: Theon
|-boost|p2a: Theon|atk|1
|-boost|p2a: Theon|spe|1
|
|turn|15
|
|move|p1a: Keldeo|Icy Wind|p2a: Theon
|-resisted|p2a: Theon
|-damage|p2a: Theon|42\/351
|-unboost|p2a: Theon|spe|1
|move|p2a: Theon|Crunch|p1a: Keldeo
|-resisted|p1a: Keldeo
|-damage|p1a: Keldeo|47\/323
|-boost|p1a: Keldeo|atk|1|[from] ability: Justified
|
|turn|16
|
|move|p1a: Keldeo|Icy Wind|p2a: Theon
|-resisted|p2a: Theon
|-damage|p2a: Theon|1\/351
|-unboost|p2a: Theon|spe|1
|move|p2a: Theon|Waterfall|p1a: Keldeo
|-resisted|p1a: Keldeo
|-damage|p1a: Keldeo|0 fnt
|faint|p1a: Keldeo
|
|
|switch|p1a: Breloom|Breloom, M|261\/261
|-damage|p1a: Breloom|245\/261|[from] Stealth Rock
|turn|17
|
|move|p1a: Breloom|Spore|p2a: Theon
|-status|p2a: Theon|slp
|cant|p2a: Theon|slp
|
|turn|18
|
|switch|p2a: Varys|Mew|404\/404
|move|p1a: Breloom|Bullet Seed|p2a: Varys
|-damage|p2a: Varys|332\/404
|-damage|p2a: Varys|263\/404
|-damage|p2a: Varys|200\/404
|-hitcount|p2a: Varys|3
|
|-heal|p2a: Varys|225\/404|[from] item: Leftovers
|turn|19
|
|move|p1a: Breloom|Bullet Seed|p2a: Varys
|-damage|p2a: Varys|162\/404
|-damage|p2a: Varys|96\/404
|-damage|p2a: Varys|27\/404
|-hitcount|p2a: Varys|3
|move|p2a: Varys|Will-O-Wisp|p1a: Breloom|[miss]
|-miss|p2a: Varys|p1a: Breloom
|
|-heal|p2a: Varys|52\/404|[from] item: Leftovers
|turn|20
|
|move|p1a: Breloom|Bullet Seed|p2a: Varys
|-damage|p2a: Varys|0 fnt
|-hitcount|p2a: Varys|1
|faint|p2a: Varys
|
|
|switch|p2a: Daenerys|Latias, F|301\/301
|turn|21
|
|move|p2a: Daenerys|Draco Meteor|p1a: Breloom
|-damage|p1a: Breloom|0 fnt
|-unboost|p2a: Daenerys|spa|2
|-damage|p2a: Daenerys|271\/301|[from] item: Life Orb
|faint|p1a: Breloom
|
|
|switch|p1a: Bisharp|Bisharp, M|271\/271
|-damage|p1a: Bisharp|255\/271|[from] Stealth Rock
|turn|22
|
|move|p2a: Daenerys|Healing Wish|p2a: Daenerys
|faint|p2a: Daenerys
|move|p1a: Bisharp|Swords Dance|p1a: Bisharp
|-boost|p1a: Bisharp|atk|2
|
|
|switch|p2a: Theon|Gyarados-Mega, M|1\/351 slp
|-heal|p2a: Theon|351\/351|[from] move: Healing Wish
|-ability|p2a: Theon|Mold Breaker
|turn|23
|
|move|p1a: Bisharp|Iron Head|p2a: Theon
|-resisted|p2a: Theon
|-damage|p2a: Theon|228\/351
|move|p2a: Theon|Waterfall|p1a: Bisharp
|-damage|p1a: Bisharp|62\/271
|
|turn|24
|
|move|p1a: Bisharp|Iron Head|p2a: Theon
|-resisted|p2a: Theon
|-damage|p2a: Theon|90\/351
|move|p2a: Theon|Waterfall|p1a: Bisharp
|-damage|p1a: Bisharp|0 fnt
|faint|p1a: Bisharp
|
|
|switch|p1a: Lopunny|Lopunny-Mega, F|162\/271
|-damage|p1a: Lopunny|146\/271|[from] Stealth Rock
|turn|25
|
|move|p1a: Lopunny|High Jump Kick|p2a: Theon
|-supereffective|p2a: Theon
|-damage|p2a: Theon|0 fnt
|faint|p2a: Theon
|
|
|switch|p2a: Melisandre|Scizor, F|343\/343
|turn|26
|
|move|p2a: Melisandre|Bullet Punch|p1a: Lopunny
|-crit|p1a: Lopunny
|-damage|p1a: Lopunny|0 fnt
|faint|p1a: Lopunny
|
|win|Chocolove
|raw|Ladder updating...
|leave|Better Call Staul
|raw|Better Call Staul's rating: 1553 &rarr; <strong>1530<\/strong><br \/>(-23 for losing)
|raw|Chocolove's rating: 1494 &rarr; <strong>1517<\/strong><br \/>(+23 for winning)
|player|p1