|join|masterkeks
|join|Chocolove
|player|p1|masterkeks|265
|player|p2|Chocolove|29
|gametype|singles
|gen|6
|tier|OU
|rated
|clearpoke
|poke|p1|Greninja, F
|poke|p1|Clefable, M
|poke|p1|Dragonite, F
|poke|p1|Ferrothorn, F
|poke|p1|Zapdos
|poke|p1|Terrakion
|poke|p2|Crawdaunt, M
|poke|p2|Raikou
|poke|p2|Heatran, M
|poke|p2|Starmie
|poke|p2|Landorus-Therian, M
|poke|p2|Metagross
|rule|Swagger Clause: Swagger is banned
|rule|Baton Pass Clause: Limit one PokÃ©mon knowing Baton Pass
|rule|Sleep Clause Mod: Limit one foe put to sleep
|rule|Species Clause: Limit one of each PokÃ©mon
|rule|OHKO Clause: OHKO moves are banned
|rule|Moody Clause: Moody is banned
|rule|Evasion Moves Clause: Evasion moves are banned
|rule|Endless Battle Clause: Forcing endless battles is banned
|rule|HP Percentage Mod: HP is shown in percentages
|teampreview
|
|start
|switch|p1a: Greninja|Greninja, F|285\/285
|switch|p2a: Starfall|Starmie|324\/324
|turn|1
|
|switch|p2a: Based Dog|Landorus-Therian, M|319\/319
|-ability|p2a: Based Dog|Intimidate|[of] p1a: Greninja
|-unboost|p1a: Greninja|atk|1
|move|p1a: Greninja|Spikes|p2a: Based Dog
|-start|p1a: Greninja|typechange|Ground|[from] Protean
|-sidestart|p2: Chocolove|Spikes
|
|turn|2
|
|switch|p1a: Ferrothorn|Ferrothorn, F|352\/352
|move|p2a: Based Dog|U-turn|p1a: Ferrothorn
|-damage|p1a: Ferrothorn|296\/352
|-damage|p2a: Based Dog|280\/319|[from] ability: Iron Barbs|[of] p1a: Ferrothorn
|
|switch|p2a: Lightbringer|Heatran, M|371\/371
|-damage|p2a: Lightbringer|325\/371|[from] Spikes
|
|-heal|p2a: Lightbringer|348\/371|[from] item: Leftovers
|-heal|p1a: Ferrothorn|318\/352|[from] item: Leftovers
|turn|3
|
|switch|p1a: Greninja|Greninja, F|285\/285
|move|p2a: Lightbringer|Lava Plume|p1a: Greninja
|-crit|p1a: Greninja
|-resisted|p1a: Greninja
|-damage|p1a: Greninja|163\/285
|
|-heal|p2a: Lightbringer|371\/371|[from] item: Leftovers
|turn|4
|
|move|p1a: Greninja|Surf|p2a: Lightbringer
|-start|p1a: Greninja|typechange|Water|[from] Protean
|-crit|p2a: Lightbringer
|-supereffective|p2a: Lightbringer
|-damage|p2a: Lightbringer|111\/371
|move|p2a: Lightbringer|Stealth Rock|p1a: Greninja
|-sidestart|p1: masterkeks|move: Stealth Rock
|
|-heal|p2a: Lightbringer|134\/371|[from] item: Leftovers
|turn|5
|
|move|p1a: Greninja|Spikes|p2a: Lightbringer
|-start|p1a: Greninja|typechange|Ground|[from] Protean
|-sidestart|p2: Chocolove|Spikes
|move|p2a: Lightbringer|Lava Plume|p1a: Greninja
|-damage|p1a: Greninja|9\/285
|
|-heal|p2a: Lightbringer|157\/371|[from] item: Leftovers
|turn|6
|
|move|p1a: Greninja|Surf|p2a: Lightbringer
|-start|p1a: Greninja|typechange|Water|[from] Protean
|-supereffective|p2a: Lightbringer
|-damage|p2a: Lightbringer|0 fnt
|faint|p2a: Lightbringer
|
|
|switch|p2a: Based Dog|Landorus-Therian, M|280\/319
|-ability|p2a: Based Dog|Intimidate|[of] p1a: Greninja
|-unboost|p1a: Greninja|atk|1
|turn|7
|
|move|p2a: Based Dog|U-turn|p1a: Greninja
|-damage|p1a: Greninja|0 fnt
|faint|p1a: Greninja
|
|switch|p2a: Starfall|Starmie|324\/324
|-damage|p2a: Starfall|270\/324|[from] Spikes
|
|-heal|p2a: Starfall|290\/324|[from] item: Leftovers
|
|switch|p1a: Terrakion|Terrakion|323\/323
|-damage|p1a: Terrakion|303\/323|[from] Stealth Rock
|turn|8
|
|switch|p2a: Based Dog|Landorus-Therian, M|280\/319
|-ability|p2a: Based Dog|Intimidate|[of] p1a: Terrakion
|-unboost|p1a: Terrakion|atk|1
|move|p1a: Terrakion|X-Scissor|p2a: Based Dog
|-resisted|p2a: Based Dog
|-damage|p2a: Based Dog|244\/319
|
|turn|9
|
|switch|p1a: Zapdos|Zapdos|384\/384
|-damage|p1a: Zapdos|288\/384|[from] Stealth Rock
|-ability|p1a: Zapdos|Pressure
|move|p2a: Based Dog|U-turn|p1a: Zapdos
|-resisted|p1a: Zapdos
|-damage|p1a: Zapdos|249\/384
|
|switch|p2a: Bittersteel|Metagross|302\/302
|-damage|p2a: Bittersteel|252\/302|[from] Spikes
|
|-heal|p1a: Zapdos|273\/384|[from] item: Leftovers
|turn|10
|
|detailschange|p2a: Bittersteel|Metagross-Mega
|-mega|p2a: Bittersteel|Metagross|Metagrossite
|move|p2a: Bittersteel|Zen Headbutt|p1a: Zapdos
|-damage|p1a: Zapdos|102\/384
|move|p1a: Zapdos|Heat Wave|p2a: Bittersteel
|-supereffective|p2a: Bittersteel
|-damage|p2a: Bittersteel|86\/302
|
|-heal|p1a: Zapdos|126\/384|[from] item: Leftovers
|turn|11
|
|switch|p1a: Ferrothorn|Ferrothorn, F|318\/352
|-damage|p1a: Ferrothorn|296\/352|[from] Stealth Rock
|move|p2a: Bittersteel|Earthquake|p1a: Ferrothorn
|-damage|p1a: Ferrothorn|223\/352
|
|-heal|p1a: Ferrothorn|245\/352|[from] item: Leftovers
|turn|12
|
|move|p2a: Bittersteel|Earthquake|p1a: Ferrothorn
|-damage|p1a: Ferrothorn|169\/352
|move|p1a: Ferrothorn|Leech Seed|p2a: Bittersteel
|-start|p2a: Bittersteel|move: Leech Seed
|
|-heal|p1a: Ferrothorn|191\/352|[from] item: Leftovers
|-damage|p2a: Bittersteel|49\/302|[from] Leech Seed|[of] p1a: Ferrothorn
|-heal|p1a: Ferrothorn|228\/352|[silent]
|turn|13
|
|move|p2a: Bittersteel|Earthquake|p1a: Ferrothorn
|-damage|p1a: Ferrothorn|145\/352
|move|p1a: Ferrothorn|Stealth Rock|p2a: Bittersteel
|-sidestart|p2: Chocolove|move: Stealth Rock
|
|-heal|p1a: Ferrothorn|167\/352|[from] item: Leftovers
|-damage|p2a: Bittersteel|12\/302|[from] Leech Seed|[of] p1a: Ferrothorn
|-heal|p1a: Ferrothorn|204\/352|[silent]
|turn|14
|
|switch|p1a: Zapdos|Zapdos|126\/384
|-damage|p1a: Zapdos|30\/384|[from] Stealth Rock
|-ability|p1a: Zapdos|Pressure
|move|p2a: Bittersteel|Meteor Mash|p1a: Zapdos
|-resisted|p1a: Zapdos
|-damage|p1a: Zapdos|0 fnt
|faint|p1a: Zapdos
|
|
|switch|p1a: Terrakion|Terrakion|303\/323
|-damage|p1a: Terrakion|283\/323|[from] Stealth Rock
|turn|15
|
|move|p2a: Bittersteel|Bullet Punch|p1a: Terrakion
|-crit|p1a: Terrakion
|-supereffective|p1a: Terrakion
|-damage|p1a: Terrakion|0 fnt
|faint|p1a: Terrakion
|
|
|switch|p1a: Ferrothorn|Ferrothorn, F|204\/352
|-damage|p1a: Ferrothorn|182\/352|[from] Stealth Rock
|turn|16
|c|âmasterkeks|ofc
|
|move|p2a: Bittersteel|Meteor Mash|p1a: Ferrothorn
|-crit|p1a: Ferrothorn
|-resisted|p1a: Ferrothorn
|-damage|p1a: Ferrothorn|85\/352
|-damage|p2a: Bittersteel|0 fnt|[from] ability: Iron Barbs|[of] p1a: Ferrothorn
|faint|p2a: Bittersteel
|move|p1a: Ferrothorn|Gyro Ball|p2: Bittersteel|[notarget]
|-notarget
|
|-heal|p1a: Ferrothorn|107\/352|[from] item: Leftovers
|
|switch|p2a: Starfall|Starmie|290\/324
|-damage|p2a: Starfall|250\/324|[from] Stealth Rock
|-damage|p2a: Starfall|196\/324|[from] Spikes
|turn|17
|
|move|p2a: Starfall|Reflect Type|p1a: Ferrothorn
|-start|p2a: Starfall|typechange|[from] move: Reflect Type|[of] p1a: Ferrothorn
|move|p1a: Ferrothorn|Power Whip|p2a: Starfall
|-resisted|p2a: Starfall
|-damage|p2a: Starfall|159\/324
|
|-heal|p2a: Starfall|179\/324|[from] item: Leftovers
|-heal|p1a: Ferrothorn|129\/352|[from] item: Leftovers
|turn|18
|
|switch|p1a: Dragonite|Dragonite, F|323\/323
|-damage|p1a: Dragonite|243\/323|[from] Stealth Rock
|move|p2a: Starfall|Rapid Spin|p1a: Dragonite
|-damage|p1a: Dragonite|230\/323
|-sideend|p2: Chocolove|Spikes|[from] move: Rapid Spin|[of] p2a: Starfall
|-sideend|p2: Chocolove|Stealth Rock|[from] move: Rapid Spin|[of] p2a: Starfall
|
|-heal|p2a: Starfall|199\/324|[from] item: Leftovers
|-heal|p1a: Dragonite|250\/323|[from] item: Leftovers
|turn|19
|
|switch|p2a: Based Dog|Landorus-Therian, M|244\/319
|-ability|p2a: Based Dog|Intimidate|[of] p1a: Dragonite
|-unboost|p1a: Dragonite|atk|1
|move|p1a: Dragonite|Dragon Dance|p1a: Dragonite
|-boost|p1a: Dragonite|atk|1
|-boost|p1a: Dragonite|spe|1
|
|-heal|p1a: Dragonite|270\/323|[from] item: Leftovers
|turn|20
|
|move|p2a: Based Dog|Stone Edge|p1a: Dragonite|[miss]
|-miss|p2a: Based Dog|p1a: Dragonite
|move|p1a: Dragonite|Dragon Dance|p1a: Dragonite
|-boost|p1a: Dragonite|atk|1
|-boost|p1a: Dragonite|spe|1
|
|-heal|p1a: Dragonite|290\/323|[from] item: Leftovers
|turn|21
|
|switch|p2a: Starfall|Starmie|199\/324
|move|p1a: Dragonite|Dragon Dance|p1a: Dragonite
|-boost|p1a: Dragonite|atk|1
|-boost|p1a: Dragonite|spe|1
|
|-heal|p1a: Dragonite|310\/323|[from] item: Leftovers
|-heal|p2a: Starfall|219\/324|[from] item: Leftovers
|turn|22
|
|move|p1a: Dragonite|Earthquake|p2a: Starfall
|-damage|p2a: Starfall|0 fnt
|faint|p2a: Starfall
|
|-heal|p1a: Dragonite|323\/323|[from] item: Leftovers
|
|switch|p2a: Based Dog|Landorus-Therian, M|244\/319
|-ability|p2a: Based Dog|Intimidate|[of] p1a: Dragonite
|-unboost|p1a: Dragonite|atk|1
|turn|23
|
|move|p1a: Dragonite|Dragon Claw|p2a: Based Dog
|-damage|p2a: Based Dog|0 fnt
|faint|p2a: Based Dog
|
|
|switch|p2a: Not so based|Raikou|321\/321
|-ability|p2a: Not so based|Pressure
|turn|24
|
|move|p1a: Dragonite|Earthquake|p2a: Not so based
|-supereffective|p2a: Not so based
|-damage|p2a: Not so based|0 fnt
|faint|p2a: Not so based
|
|
|switch|p2a: Euron|Crawdaunt, M|268\/268
|turn|25
|
|move|p1a: Dragonite|Dragon Claw|p2a: Euron
|-crit|p2a: Euron
|-damage|p2a: Euron|0 fnt
|faint|p2a: Euron
|
|win|masterkeks
|raw|Ladder updating...
|raw|masterkeks's rating: 1432 &rarr; <strong>1455<\/strong><br \/>(+23 for winning)
|raw|Chocolove's rating: 1500 &rarr; <strong>1476<\/strong><br \/>(-24 for losing)
|leave|masterkeks
|player|p1