|join|RAINMAN42069
|join|Chocolove
|player|p1|RAINMAN42069|10
|player|p2|Chocolove|29
|gametype|singles
|gen|6
|tier|OU
|rated
|clearpoke
|poke|p1|Gyarados, F
|poke|p1|Conkeldurr, M
|poke|p1|Heatran, F
|poke|p1|Mew
|poke|p1|Greninja, F
|poke|p1|Rotom-Wash
|poke|p2|Crawdaunt, M
|poke|p2|Raikou
|poke|p2|Heatran, F
|poke|p2|Starmie
|poke|p2|Landorus-Therian, M
|poke|p2|Metagross
|rule|Swagger Clause: Swagger is banned
|rule|Baton Pass Clause: Limit one PokÃ©mon knowing Baton Pass
|rule|Sleep Clause Mod: Limit one foe put to sleep
|rule|Species Clause: Limit one of each PokÃ©mon
|rule|OHKO Clause: OHKO moves are banned
|rule|Moody Clause: Moody is banned
|rule|Evasion Moves Clause: Evasion moves are banned
|rule|Endless Battle Clause: Forcing endless battles is banned
|rule|HP Percentage Mod: HP is shown in percentages
|teampreview
|
|start
|switch|p1a: Mew|Mew|342\/342
|switch|p2a: Lightbringer|Heatran, F|371\/371
|turn|1
|
|move|p1a: Mew|Volt Switch|p2a: Lightbringer
|-damage|p2a: Lightbringer|323\/371
|
|switch|p1a: Gyarados|Gyarados, F|331\/331
|-ability|p1a: Gyarados|Intimidate|[of] p2a: Lightbringer
|-unboost|p2a: Lightbringer|atk|1
|move|p2a: Lightbringer|Stealth Rock|p1a: Gyarados
|-sidestart|p1: RAINMAN42069|move: Stealth Rock
|
|-heal|p2a: Lightbringer|346\/371|[from] item: Leftovers
|turn|2
|
|detailschange|p1a: Gyarados|Gyarados-Mega, F
|-mega|p1a: Gyarados|Gyarados|Gyaradosite
|-ability|p1a: Gyarados|Mold Breaker
|move|p1a: Gyarados|Dragon Dance|p1a: Gyarados
|-boost|p1a: Gyarados|atk|1
|-boost|p1a: Gyarados|spe|1
|move|p2a: Lightbringer|Roar|p1a: Gyarados
|drag|p1a: Greninja|Greninja, F|285\/285
|-damage|p1a: Greninja|250\/285|[from] Stealth Rock
|
|-heal|p2a: Lightbringer|369\/371|[from] item: Leftovers
|turn|3
|
|switch|p1a: Gyarados|Gyarados-Mega, F|331\/331
|-damage|p1a: Gyarados|290\/331|[from] Stealth Rock
|-ability|p1a: Gyarados|Mold Breaker
|switch|p2a: Not so based|Raikou|321\/321
|-ability|p2a: Not so based|Pressure
|
|turn|4
|
|switch|p1a: Mew|Mew|342\/342
|-damage|p1a: Mew|300\/342|[from] Stealth Rock
|move|p2a: Not so based|Volt Switch|p1a: Mew
|-damage|p1a: Mew|185\/342
|
|switch|p2a: Based Dog|Landorus-Therian, M|319\/319
|-ability|p2a: Based Dog|Intimidate|[of] p1a: Mew
|-unboost|p1a: Mew|atk|1
|
|turn|5
|
|move|p1a: Mew|Ice Beam|p2a: Based Dog
|-supereffective|p2a: Based Dog
|-damage|p2a: Based Dog|0 fnt
|faint|p2a: Based Dog
|
|
|switch|p2a: Bittersteel|Metagross|302\/302
|turn|6
|
|switch|p1a: Rotom-Wash|Rotom-Wash|294\/294
|-damage|p1a: Rotom-Wash|258\/294|[from] Stealth Rock
|detailschange|p2a: Bittersteel|Metagross-Mega
|-mega|p2a: Bittersteel|Metagross|Metagrossite
|move|p2a: Bittersteel|Meteor Mash|p1a: Rotom-Wash
|-resisted|p1a: Rotom-Wash
|-damage|p1a: Rotom-Wash|214\/294
|-boost|p2a: Bittersteel|atk|1
|
|turn|7
|
|move|p2a: Bittersteel|Zen Headbutt|p1a: Rotom-Wash
|-damage|p1a: Rotom-Wash|0 fnt
|faint|p1a: Rotom-Wash
|
|
|switch|p1a: Gyarados|Gyarados-Mega, F|290\/331
|-damage|p1a: Gyarados|249\/331|[from] Stealth Rock
|-ability|p1a: Gyarados|Mold Breaker
|turn|8
|
|move|p2a: Bittersteel|Earthquake|p1a: Gyarados
|-damage|p1a: Gyarados|63\/331
|move|p1a: Gyarados|Crunch|p2a: Bittersteel
|-supereffective|p2a: Bittersteel
|-damage|p2a: Bittersteel|92\/302
|
|turn|9
|
|switch|p1a: Heatran|Heatran, F|385\/385
|-damage|p1a: Heatran|337\/385|[from] Stealth Rock
|-item|p1a: Heatran|Air Balloon
|move|p2a: Bittersteel|Earthquake|p1a: Heatran
|-immune|p1a: Heatran|[msg]
|
|turn|10
|
|move|p2a: Bittersteel|Zen Headbutt|p1a: Heatran
|-resisted|p1a: Heatran
|-damage|p1a: Heatran|197\/385
|-enditem|p1a: Heatran|Air Balloon
|move|p1a: Heatran|Lava Plume|p2a: Bittersteel
|-supereffective|p2a: Bittersteel
|-damage|p2a: Bittersteel|0 fnt
|faint|p2a: Bittersteel
|
|
|switch|p2a: Euron|Crawdaunt, M|268\/268
|turn|11
|
|move|p2a: Euron|Swords Dance|p2a: Euron
|-boost|p2a: Euron|atk|2
|move|p1a: Heatran|Toxic|p2a: Euron|[miss]
|-miss|p1a: Heatran|p2a: Euron
|
|turn|12
|
|move|p2a: Euron|Aqua Jet|p1a: Heatran
|-supereffective|p1a: Heatran
|-damage|p1a: Heatran|0 fnt
|-damage|p2a: Euron|242\/268|[from] item: Life Orb
|faint|p1a: Heatran
|
|
|switch|p1a: Conkeldurr|Conkeldurr, M|403\/403
|-damage|p1a: Conkeldurr|378\/403|[from] Stealth Rock
|turn|13
|
|move|p2a: Euron|Aqua Jet|p1a: Conkeldurr
|-damage|p1a: Conkeldurr|128\/403
|-damage|p2a: Euron|216\/268|[from] item: Life Orb
|move|p1a: Conkeldurr|Mach Punch|p2a: Euron
|-supereffective|p2a: Euron
|-damage|p2a: Euron|18\/268
|
|turn|14
|
|switch|p1a: Gyarados|Gyarados-Mega, F|63\/331
|-damage|p1a: Gyarados|22\/331|[from] Stealth Rock
|-ability|p1a: Gyarados|Mold Breaker
|move|p2a: Euron|Aqua Jet|p1a: Gyarados
|-resisted|p1a: Gyarados
|-damage|p1a: Gyarados|0 fnt
|-damage|p2a: Euron|0 fnt|[from] item: Life Orb
|faint|p1a: Gyarados
|faint|p2a: Euron
|
|
|switch|p1a: Mew|Mew|185\/342
|switch|p2a: Lightbringer|Heatran, F|369\/371
|-damage|p1a: Mew|143\/342|[from] Stealth Rock
|turn|15
|
|move|p1a: Mew|Volt Switch|p2a: Lightbringer
|-damage|p2a: Lightbringer|319\/371
|
|switch|p1a: Conkeldurr|Conkeldurr, M|128\/403
|-damage|p1a: Conkeldurr|103\/403|[from] Stealth Rock
|move|p2a: Lightbringer|Lava Plume|p1a: Conkeldurr
|-damage|p1a: Conkeldurr|0 fnt
|faint|p1a: Conkeldurr
|
|-heal|p2a: Lightbringer|342\/371|[from] item: Leftovers
|
|switch|p1a: Greninja|Greninja, F|250\/285
|-damage|p1a: Greninja|215\/285|[from] Stealth Rock
|turn|16
|-message|RAINMAN42069 forfeited.
|
|win|Chocolove
|raw|Ladder updating...
|leave|RAINMAN42069
|player|p1
|raw|RAINMAN42069's rating: 1405 &rarr; <strong>1391<\/strong><br \/>(-14 for losing)
|raw|Chocolove's rating: 1516 &rarr; <strong>1529<\/strong><br \/>(+13 for winning)