|join|Chocolove
|join|angel0mike
|player|p1|Chocolove|29
|player|p2|angel0mike|144
|gametype|singles
|gen|6
|tier|OU
|rated
|clearpoke
|poke|p1|Crawdaunt, M
|poke|p1|Raikou
|poke|p1|Heatran, F
|poke|p1|Starmie
|poke|p1|Landorus-Therian, M
|poke|p1|Metagross
|poke|p2|Dugtrio, M
|poke|p2|Volcarona, M
|poke|p2|Latias, F
|poke|p2|Pidgeot, M
|poke|p2|Rotom-Wash
|poke|p2|Jirachi
|rule|Swagger Clause: Swagger is banned
|rule|Baton Pass Clause: Limit one PokÃ©mon knowing Baton Pass
|rule|Sleep Clause Mod: Limit one foe put to sleep
|rule|Species Clause: Limit one of each PokÃ©mon
|rule|OHKO Clause: OHKO moves are banned
|rule|Moody Clause: Moody is banned
|rule|Evasion Moves Clause: Evasion moves are banned
|rule|Endless Battle Clause: Forcing endless battles is banned
|rule|HP Percentage Mod: HP is shown in percentages
|teampreview
|
|start
|switch|p1a: Starfall|Starmie|324\/324
|switch|p2a: Rotom-Mailowski|Rotom-Wash|301\/301
|turn|1
|
|move|p1a: Starfall|Reflect Type|p2a: Rotom-Mailowski
|-start|p1a: Starfall|typechange|[from] move: Reflect Type|[of] p2a: Rotom-Mailowski
|move|p2a: Rotom-Mailowski|Volt Switch|p1a: Starfall
|-damage|p1a: Starfall|231\/324
|join|Rai 3
|
|switch|p2a: OldmanJam|Dugtrio, M|201\/201
|
|-heal|p1a: Starfall|251\/324|[from] item: Leftovers
|turn|2
|
|move|p2a: OldmanJam|Earthquake|p1a: Starfall
|-crit|p1a: Starfall
|-supereffective|p1a: Starfall
|-damage|p1a: Starfall|0 fnt
|faint|p1a: Starfall
|
|
|switch|p1a: Based Dog|Landorus-Therian, M|319\/319
|-ability|p1a: Based Dog|Intimidate|[of] p2a: OldmanJam
|-unboost|p2a: OldmanJam|atk|1
|turn|3
|
|switch|p2a: LatiSoFresh|Latias, F|319\/319
|move|p1a: Based Dog|U-turn|p2a: LatiSoFresh
|-supereffective|p2a: LatiSoFresh
|-damage|p2a: LatiSoFresh|105\/319
|
|switch|p1a: Not so based|Raikou|321\/321
|-ability|p1a: Not so based|Pressure
|
|turn|4
|
|switch|p1a: Based Dog|Landorus-Therian, M|319\/319
|-ability|p1a: Based Dog|Intimidate|[of] p2a: LatiSoFresh
|-unboost|p2a: LatiSoFresh|atk|1
|switch|p2a: OldmanJam|Dugtrio, M|201\/201
|
|turn|5
|
|switch|p2a: LatiSoFresh|Latias, F|105\/319
|move|p1a: Based Dog|U-turn|p2a: LatiSoFresh
|-supereffective|p2a: LatiSoFresh
|-damage|p2a: LatiSoFresh|0 fnt
|faint|p2a: LatiSoFresh
|
|switch|p1a: Euron|Crawdaunt, M|268\/268
|
|
|switch|p2a: Dot Smith|Pidgeot, M|307\/307
|turn|6
|
|switch|p1a: Lightbringer|Heatran, F|371\/371
|detailschange|p2a: Dot Smith|Pidgeot-Mega, M
|-mega|p2a: Dot Smith|Pidgeot|Pidgeotite
|move|p2a: Dot Smith|Hurricane|p1a: Lightbringer
|-resisted|p1a: Lightbringer
|-damage|p1a: Lightbringer|305\/371
|-start|p1a: Lightbringer|confusion
|
|-heal|p1a: Lightbringer|328\/371|[from] item: Leftovers
|turn|7
|
|move|p2a: Dot Smith|U-turn|p1a: Lightbringer
|-crit|p1a: Lightbringer
|-resisted|p1a: Lightbringer
|-damage|p1a: Lightbringer|314\/371
|
|switch|p2a: Rotom-Mailowski|Rotom-Wash|301\/301
|-activate|p1a: Lightbringer|confusion
|move|p1a: Lightbringer|Stealth Rock|p2a: Rotom-Mailowski
|-sidestart|p2: angel0mike|move: Stealth Rock
|
|-heal|p1a: Lightbringer|337\/371|[from] item: Leftovers
|turn|8
|
|move|p2a: Rotom-Mailowski|Hydro Pump|p1a: Lightbringer
|-supereffective|p1a: Lightbringer
|-damage|p1a: Lightbringer|149\/371
|-activate|p1a: Lightbringer|confusion
|move|p1a: Lightbringer|Roar|p2a: Rotom-Mailowski
|drag|p2a: Ortegarona|Volcarona, M|329\/329
|-damage|p2a: Ortegarona|165\/329|[from] Stealth Rock
|
|-heal|p1a: Lightbringer|172\/371|[from] item: Leftovers
|turn|9
|c|âangel0mike|my luck
|c|âangel0mike|op
|
|move|p2a: Ortegarona|Giga Drain|p1a: Lightbringer
|-resisted|p1a: Lightbringer
|-damage|p1a: Lightbringer|156\/371
|-heal|p2a: Ortegarona|173\/329|[from] drain|[of] p1a: Lightbringer
|-end|p1a: Lightbringer|confusion
|move|p1a: Lightbringer|Roar|p2a: Ortegarona
|drag|p2a: OldmanJam|Dugtrio, M|201\/201
|-damage|p2a: OldmanJam|189\/201|[from] Stealth Rock
|
|-heal|p1a: Lightbringer|179\/371|[from] item: Leftovers
|turn|10
|c|âChocolove|implying you got no recovery move
|c| Rai 3|xdd
|
|move|p2a: OldmanJam|Earthquake|p1a: Lightbringer
|-supereffective|p1a: Lightbringer
|-damage|p1a: Lightbringer|0 fnt
|faint|p1a: Lightbringer
|
|
|switch|p1a: Euron|Crawdaunt, M|268\/268
|turn|11
|
|switch|p2a: Ortegarona|Volcarona, M|173\/329
|-damage|p2a: Ortegarona|9\/329|[from] Stealth Rock
|move|p1a: Euron|Knock Off|p2a: Ortegarona
|-damage|p2a: Ortegarona|0 fnt
|-enditem|p2a: Ortegarona|Lum Berry|[from] move: Knock Off|[of] p1a: Euron
|-damage|p1a: Euron|242\/268|[from] item: Life Orb
|faint|p2a: Ortegarona
|
|
|switch|p2a: Dot Smith|Pidgeot-Mega, M|307\/307
|-damage|p2a: Dot Smith|231\/307|[from] Stealth Rock
|turn|12
|
|switch|p1a: Not so based|Raikou|321\/321
|-ability|p1a: Not so based|Pressure
|move|p2a: Dot Smith|Hurricane|p1a: Not so based
|-resisted|p1a: Not so based
|-damage|p1a: Not so based|250\/321
|-start|p1a: Not so based|confusion
|
|turn|13
|
|move|p2a: Dot Smith|U-turn|p1a: Not so based
|-damage|p1a: Not so based|196\/321
|
|switch|p2a: DunkinMan|Jirachi|404\/404
|-damage|p2a: DunkinMan|379\/404|[from] Stealth Rock
|-activate|p1a: Not so based|confusion
|move|p1a: Not so based|Hidden Power|p2a: DunkinMan
|-resisted|p2a: DunkinMan
|-damage|p2a: DunkinMan|349\/404
|
|-heal|p2a: DunkinMan|374\/404|[from] item: Leftovers
|turn|14
|
|-activate|p1a: Not so based|confusion
|-damage|p1a: Not so based|169\/321|[from] confusion
|move|p2a: DunkinMan|Toxic|p1a: Not so based
|-status|p1a: Not so based|tox
|
|-heal|p2a: DunkinMan|399\/404|[from] item: Leftovers
|-damage|p1a: Not so based|149\/321 tox|[from] psn
|turn|15
|
|-activate|p1a: Not so based|confusion
|-damage|p1a: Not so based|120\/321 tox|[from] confusion
|move|p2a: DunkinMan|Substitute|p2a: DunkinMan
|-start|p2a: DunkinMan|Substitute
|-damage|p2a: DunkinMan|298\/404
|
|-heal|p2a: DunkinMan|323\/404|[from] item: Leftovers
|-damage|p1a: Not so based|80\/321 tox|[from] psn
|turn|16
|
|-end|p1a: Not so based|confusion
|move|p1a: Not so based|Shadow Ball|p2a: DunkinMan
|-crit|p2a: DunkinMan
|-supereffective|p2a: DunkinMan
|-end|p2a: DunkinMan|Substitute
|move|p2a: DunkinMan|Substitute|p2a: DunkinMan
|-start|p2a: DunkinMan|Substitute
|-damage|p2a: DunkinMan|222\/404
|
|-heal|p2a: DunkinMan|247\/404|[from] item: Leftovers
|-damage|p1a: Not so based|20\/321 tox|[from] psn
|turn|17
|
|move|p1a: Not so based|Shadow Ball|p2a: DunkinMan
|-supereffective|p2a: DunkinMan
|-end|p2a: DunkinMan|Substitute
|move|p2a: DunkinMan|Substitute|p2a: DunkinMan
|-start|p2a: DunkinMan|Substitute
|-damage|p2a: DunkinMan|146\/404
|
|-heal|p2a: DunkinMan|171\/404|[from] item: Leftovers
|-damage|p1a: Not so based|0 fnt|[from] psn
|faint|p1a: Not so based
|
|switch|p1a: Bittersteel|Metagross|302\/302
|turn|18
|
|detailschange|p1a: Bittersteel|Metagross-Mega
|-mega|p1a: Bittersteel|Metagross|Metagrossite
|move|p2a: DunkinMan|Fire Punch|p1a: Bittersteel
|-supereffective|p1a: Bittersteel
|-damage|p1a: Bittersteel|208\/302
|move|p1a: Bittersteel|Meteor Mash|p2a: DunkinMan
|-resisted|p2a: DunkinMan
|-end|p2a: DunkinMan|Substitute
|
|-heal|p2a: DunkinMan|196\/404|[from] item: Leftovers
|turn|19
|
|move|p1a: Bittersteel|Meteor Mash|p2a: DunkinMan
|-resisted|p2a: DunkinMan
|-damage|p2a: DunkinMan|81\/404
|move|p2a: DunkinMan|Fire Punch|p1a: Bittersteel
|-supereffective|p1a: Bittersteel
|-damage|p1a: Bittersteel|116\/302
|
|-heal|p2a: DunkinMan|106\/404|[from] item: Leftovers
|turn|20
|
|move|p1a: Bittersteel|Meteor Mash|p2a: DunkinMan
|-resisted|p2a: DunkinMan
|-damage|p2a: DunkinMan|0 fnt
|-boost|p1a: Bittersteel|atk|1
|faint|p2a: DunkinMan
|
|
|switch|p2a: OldmanJam|Dugtrio, M|189\/201
|-damage|p2a: OldmanJam|177\/201|[from] Stealth Rock
|turn|21
|
|move|p1a: Bittersteel|Bullet Punch|p2a: OldmanJam
|-damage|p2a: OldmanJam|0 fnt
|faint|p2a: OldmanJam
|
|c|âangel0mike|gg haxed so much
|
|switch|p2a: Rotom-Mailowski|Rotom-Wash|301\/301
|-damage|p2a: Rotom-Mailowski|264\/301|[from] Stealth Rock
|turn|22
|
|move|p1a: Bittersteel|Zen Headbutt|p2a: Rotom-Mailowski
|-damage|p2a: Rotom-Mailowski|33\/301
|move|p2a: Rotom-Mailowski|Hydro Pump|p1a: Bittersteel
|-damage|p1a: Bittersteel|0 fnt
|faint|p1a: Bittersteel
|
|-heal|p2a: Rotom-Mailowski|51\/301|[from] item: Leftovers
|
|switch|p1a: Based Dog|Landorus-Therian, M|319\/319
|-ability|p1a: Based Dog|Intimidate|[of] p2a: Rotom-Mailowski
|-unboost|p2a: Rotom-Mailowski|atk|1
|turn|23
|
|move|p1a: Based Dog|U-turn|p2a: Rotom-Mailowski
|-damage|p2a: Rotom-Mailowski|0 fnt
|faint|p2a: Rotom-Mailowski
|
|switch|p1a: Euron|Crawdaunt, M|242\/268
|
|
|switch|p2a: Dot Smith|Pidgeot-Mega, M|231\/307
|-damage|p2a: Dot Smith|155\/307|[from] Stealth Rock
|turn|24
|
|move|p1a: Euron|Aqua Jet|p2a: Dot Smith
|-damage|p2a: Dot Smith|12\/307
|-damage|p1a: Euron|216\/268|[from] item: Life Orb
|move|p2a: Dot Smith|Hurricane|p1a: Euron
|-damage|p1a: Euron|0 fnt
|faint|p1a: Euron
|
|
|switch|p1a: Based Dog|Landorus-Therian, M|319\/319
|-ability|p1a: Based Dog|Intimidate|[of] p2a: Dot Smith
|-unboost|p2a: Dot Smith|atk|1
|turn|25
|
|move|p1a: Based Dog|Stone Edge|p2a: Dot Smith
|-supereffective|p2a: Dot Smith
|-damage|p2a: Dot Smith|0 fnt
|faint|p2a: Dot Smith
|
|win|Chocolove
|raw|Ladder updating...
|raw|Chocolove's rating: 1515 &rarr; <strong>1536<\/strong><br \/>(+21 for winning)
|raw|angel0mike's rating: 1536 &rarr; <strong>1515<\/strong><br \/>(-21 for losing)
|leave|angel0mike
|player|p2