|join|arnelo2012
|join|Chocolove
|player|p1|arnelo2012|273
|player|p2|Chocolove|29
|gametype|singles
|gen|6
|tier|OU
|rated
|clearpoke
|poke|p1|Bisharp, F, shiny
|poke|p1|Lopunny, F, shiny
|poke|p1|Landorus-Therian, M, shiny
|poke|p1|Talonflame, M
|poke|p1|Latios, M
|poke|p1|Slowbro, M
|poke|p2|Keldeo
|poke|p2|Tyranitar, M
|poke|p2|Mew
|poke|p2|Scizor, F
|poke|p2|Zapdos
|poke|p2|Landorus-Therian, M
|rule|Swagger Clause: Swagger is banned
|rule|Baton Pass Clause: Limit one PokÃ©mon knowing Baton Pass
|rule|Sleep Clause Mod: Limit one foe put to sleep
|rule|Species Clause: Limit one of each PokÃ©mon
|rule|OHKO Clause: OHKO moves are banned
|rule|Moody Clause: Moody is banned
|rule|Evasion Moves Clause: Evasion moves are banned
|rule|Endless Battle Clause: Forcing endless battles is banned
|rule|HP Percentage Mod: HP is shown in percentages
|teampreview
|
|start
|switch|p1a: Landorus-Therian|Landorus-Therian, M, shiny|319\/319
|switch|p2a: Based Dog|Landorus-Therian, M|325\/325
|-ability|p2a: Based Dog|Intimidate|[of] p1a: Landorus-Therian
|-unboost|p1a: Landorus-Therian|atk|1
|-ability|p1a: Landorus-Therian|Intimidate|[of] p2a: Based Dog
|-unboost|p2a: Based Dog|atk|1
|turn|1
|
|move|p2a: Based Dog|U-turn|p1a: Landorus-Therian
|-resisted|p1a: Landorus-Therian
|-damage|p1a: Landorus-Therian|287\/319
|
|switch|p2a: Horse Penis|Keldeo|323\/323
|move|p1a: Landorus-Therian|Stealth Rock|p2a: Horse Penis
|-sidestart|p2: Chocolove|move: Stealth Rock
|
|turn|2
|
|switch|p1a: Slowbro|Slowbro, M|394\/394
|move|p2a: Horse Penis|Substitute|p2a: Horse Penis
|-start|p2a: Horse Penis|Substitute
|-damage|p2a: Horse Penis|243\/323
|
|-heal|p2a: Horse Penis|263\/323|[from] item: Leftovers
|turn|3
|
|move|p2a: Horse Penis|Calm Mind|p2a: Horse Penis
|-boost|p2a: Horse Penis|spa|1
|-boost|p2a: Horse Penis|spd|1
|move|p1a: Slowbro|Psyshock|p2a: Horse Penis
|-supereffective|p2a: Horse Penis
|-end|p2a: Horse Penis|Substitute
|
|-heal|p2a: Horse Penis|283\/323|[from] item: Leftovers
|turn|4
|
|switch|p2a: Gojira|Tyranitar, M|404\/404
|-damage|p2a: Gojira|354\/404|[from] Stealth Rock
|-weather|Sandstorm
|move|p1a: Slowbro|Psyshock|p2a: Gojira
|-immune|p2a: Gojira|[msg]
|
|-weather|Sandstorm|[upkeep]
|-damage|p1a: Slowbro|370\/394|[from] sandstorm
|-heal|p2a: Gojira|379\/404|[from] item: Leftovers
|-heal|p1a: Slowbro|394\/394|[from] item: Leftovers
|turn|5
|
|move|p2a: Gojira|Pursuit|p1a: Slowbro
|-supereffective|p1a: Slowbro
|-damage|p1a: Slowbro|296\/394
|move|p1a: Slowbro|Thunder Wave|p2a: Gojira
|-status|p2a: Gojira|par
|
|-weather|Sandstorm|[upkeep]
|-damage|p1a: Slowbro|272\/394|[from] sandstorm
|-heal|p1a: Slowbro|296\/394|[from] item: Leftovers
|-heal|p2a: Gojira|404\/404 par|[from] item: Leftovers
|turn|6
|
|switch|p1a: Landorus-Therian|Landorus-Therian, M, shiny|287\/319
|-ability|p1a: Landorus-Therian|Intimidate|[of] p2a: Gojira
|-unboost|p2a: Gojira|atk|1
|move|p2a: Gojira|Stealth Rock|p1a: Landorus-Therian
|-sidestart|p1: arnelo2012|move: Stealth Rock
|
|-weather|Sandstorm|[upkeep]
|turn|7
|
|switch|p2a: Based Dog|Landorus-Therian, M|325\/325
|-damage|p2a: Based Dog|285\/325|[from] Stealth Rock
|-ability|p2a: Based Dog|Intimidate|[of] p1a: Landorus-Therian
|-unboost|p1a: Landorus-Therian|atk|1
|move|p1a: Landorus-Therian|Earthquake|p2a: Based Dog
|-immune|p2a: Based Dog|[msg]
|
|-weather|Sandstorm|[upkeep]
|turn|8
|
|move|p2a: Based Dog|U-turn|p1a: Landorus-Therian
|-resisted|p1a: Landorus-Therian
|-damage|p1a: Landorus-Therian|236\/319
|
|switch|p2a: Duck Dodgers|Zapdos|384\/384
|-damage|p2a: Duck Dodgers|288\/384|[from] Stealth Rock
|-ability|p2a: Duck Dodgers|Pressure
|move|p1a: Landorus-Therian|Explosion|p2a: Duck Dodgers
|-damage|p2a: Duck Dodgers|49\/384
|faint|p1a: Landorus-Therian
|
|-weather|none
|-heal|p2a: Duck Dodgers|73\/384|[from] item: Leftovers
|
|switch|p1a: Lopunny|Lopunny, F, shiny|271\/271
|-damage|p1a: Lopunny|238\/271|[from] Stealth Rock
|turn|9
|
|detailschange|p1a: Lopunny|Lopunny-Mega, F, shiny
|-mega|p1a: Lopunny|Lopunny|Lopunnite
|move|p1a: Lopunny|Return|p2a: Duck Dodgers
|-damage|p2a: Duck Dodgers|0 fnt
|faint|p2a: Duck Dodgers
|
|
|switch|p2a: Transformer|Mew|404\/404
|-damage|p2a: Transformer|354\/404|[from] Stealth Rock
|turn|10
|
|switch|p1a: Latios|Latios, M|301\/301
|-damage|p1a: Latios|264\/301|[from] Stealth Rock
|move|p2a: Transformer|Will-O-Wisp|p1a: Latios|[miss]
|-miss|p2a: Transformer|p1a: Latios
|
|-heal|p2a: Transformer|379\/404|[from] item: Leftovers
|turn|11
|
|switch|p2a: Gojira|Tyranitar, M|404\/404 par
|-damage|p2a: Gojira|354\/404 par|[from] Stealth Rock
|-weather|Sandstorm
|move|p1a: Latios|Defog|p2a: Gojira
|-unboost|p2a: Gojira|evasion|1
|-sideend|p2: Chocolove|Stealth Rock|[from] move: Defog|[of] p2a: Gojira
|-sideend|p1: arnelo2012|Stealth Rock|[from] move: Defog|[of] p1a: Latios
|
|-weather|Sandstorm|[upkeep]
|-damage|p1a: Latios|246\/301|[from] sandstorm
|-heal|p2a: Gojira|379\/404 par|[from] item: Leftovers
|turn|12
|
|move|p2a: Gojira|Pursuit|p1a: Latios|[from]Pursuit
|-supereffective|p1a: Latios
|-damage|p1a: Latios|0 fnt
|faint|p1a: Latios
|
|-weather|Sandstorm|[upkeep]
|-heal|p2a: Gojira|404\/404 par|[from] item: Leftovers
|
|switch|p1a: Bisharp|Bisharp, F, shiny|271\/271
|turn|13
|
|move|p1a: Bisharp|Iron Head|p2a: Gojira
|-supereffective|p2a: Gojira
|-damage|p2a: Gojira|30\/404 par
|-damage|p1a: Bisharp|244\/271|[from] item: Life Orb
|move|p2a: Gojira|Stealth Rock|p1a: Bisharp
|-sidestart|p1: arnelo2012|move: Stealth Rock
|
|-weather|Sandstorm|[upkeep]
|-heal|p2a: Gojira|55\/404 par|[from] item: Leftovers
|turn|14
|
|switch|p2a: Horse Penis|Keldeo|283\/323
|move|p1a: Bisharp|Knock Off|p2a: Horse Penis
|-resisted|p2a: Horse Penis
|-damage|p2a: Horse Penis|153\/323
|-boost|p2a: Horse Penis|atk|1|[from] ability: Justified
|-enditem|p2a: Horse Penis|Leftovers|[from] move: Knock Off|[of] p1a: Bisharp
|-damage|p1a: Bisharp|217\/271|[from] item: Life Orb
|
|-weather|Sandstorm|[upkeep]
|-damage|p2a: Horse Penis|133\/323|[from] sandstorm
|turn|15
|
|move|p1a: Bisharp|Sucker Punch|p2a: Horse Penis
|-resisted|p2a: Horse Penis
|-damage|p2a: Horse Penis|19\/323
|-boost|p2a: Horse Penis|atk|1|[from] ability: Justified
|-damage|p1a: Bisharp|190\/271|[from] item: Life Orb
|move|p2a: Horse Penis|Scald|p1a: Bisharp
|-damage|p1a: Bisharp|0 fnt
|faint|p1a: Bisharp
|
|-weather|none
|
|switch|p1a: Lopunny|Lopunny-Mega, F, shiny|238\/271
|-damage|p1a: Lopunny|222\/271|[from] Stealth Rock
|turn|16
|
|switch|p2a: Based Dog|Landorus-Therian, M|285\/325
|-ability|p2a: Based Dog|Intimidate|[of] p1a: Lopunny
|-unboost|p1a: Lopunny|atk|1
|move|p1a: Lopunny|Return|p2a: Based Dog
|-damage|p2a: Based Dog|144\/325
|
|turn|17
|
|move|p2a: Based Dog|U-turn|p1a: Lopunny
|-resisted|p1a: Lopunny
|-damage|p1a: Lopunny|172\/271
|
|switch|p2a: Gojira|Tyranitar, M|55\/404 par
|-weather|Sandstorm
|move|p1a: Lopunny|Ice Punch|p2a: Gojira
|-damage|p2a: Gojira|0 fnt
|faint|p2a: Gojira
|
|-weather|Sandstorm|[upkeep]
|-damage|p1a: Lopunny|156\/271|[from] sandstorm
|
|switch|p2a: Iron Man|Scizor, F|343\/343
|turn|18
|
|detailschange|p2a: Iron Man|Scizor-Mega, F
|-mega|p2a: Iron Man|Scizor|Scizorite
|move|p1a: Lopunny|High Jump Kick|p2a: Iron Man
|-damage|p2a: Iron Man|234\/343
|move|p2a: Iron Man|Swords Dance|p2a: Iron Man
|-boost|p2a: Iron Man|atk|2
|
|-weather|Sandstorm|[upkeep]
|-damage|p1a: Lopunny|140\/271|[from] sandstorm
|turn|19
|
|move|p1a: Lopunny|High Jump Kick|p2a: Iron Man
|-damage|p2a: Iron Man|126\/343
|move|p2a: Iron Man|Roost|p2a: Iron Man
|-heal|p2a: Iron Man|298\/343
|
|-weather|Sandstorm|[upkeep]
|-damage|p1a: Lopunny|124\/271|[from] sandstorm
|turn|20
|
|move|p1a: Lopunny|High Jump Kick|p2a: Iron Man
|-damage|p2a: Iron Man|192\/343
|move|p2a: Iron Man|Swords Dance|p2a: Iron Man
|-boost|p2a: Iron Man|atk|2
|
|-weather|Sandstorm|[upkeep]
|-damage|p1a: Lopunny|108\/271|[from] sandstorm
|turn|21
|
|move|p1a: Lopunny|High Jump Kick|p2a: Iron Man
|-damage|p2a: Iron Man|77\/343
|move|p2a: Iron Man|Roost|p2a: Iron Man
|-heal|p2a: Iron Man|249\/343
|
|-weather|none
|turn|22
|
|switch|p1a: Talonflame|Talonflame, M|297\/297
|-damage|p1a: Talonflame|149\/297|[from] Stealth Rock
|move|p2a: Iron Man|Roost|p2a: Iron Man
|-heal|p2a: Iron Man|343\/343
|
|turn|23
|
|move|p1a: Talonflame|Brave Bird|p2a: Iron Man
|-damage|p2a: Iron Man|205\/343
|-damage|p1a: Talonflame|103\/297|[from] recoil|[of] p2a: Iron Man
|move|p2a: Iron Man|Bullet Punch|p1a: Talonflame
|-resisted|p1a: Talonflame
|-damage|p1a: Talonflame|0 fnt
|faint|p1a: Talonflame
|
|
|switch|p1a: Lopunny|Lopunny-Mega, F, shiny|108\/271
|-damage|p1a: Lopunny|92\/271|[from] Stealth Rock
|turn|24
|
|move|p1a: Lopunny|Fake Out|p2a: Iron Man
|-crit|p2a: Iron Man
|-resisted|p2a: Iron Man
|-damage|p2a: Iron Man|164\/343
|cant|p2a: Iron Man|flinch
|
|turn|25
|
|move|p2a: Iron Man|Bullet Punch|p1a: Lopunny
|-damage|p1a: Lopunny|0 fnt
|faint|p1a: Lopunny
|
|
|switch|p1a: Slowbro|Slowbro, M|394\/394
|-damage|p1a: Slowbro|345\/394|[from] Stealth Rock
|turn|26
|
|move|p2a: Iron Man|Knock Off|p1a: Slowbro
|-supereffective|p1a: Slowbro
|-damage|p1a: Slowbro|0 fnt
|-enditem|p1a: Slowbro|Leftovers|[from] move: Knock Off|[of] p2a: Iron Man
|faint|p1a: Slowbro
|
|win|Chocolove
|raw|Ladder updating...
|raw|arnelo2012's rating: 1607 &rarr; <strong>1580<\/strong><br \/>(-27 for losing)
|raw|Chocolove's rating: 1482 &rarr; <strong>1509<\/strong><br \/>(+27 for winning)
|leave|arnelo2012