|join|HellfireNJNP
|join|Chocolove
|player|p1|HellfireNJNP|170
|player|p2|Chocolove|29
|gametype|singles
|gen|6
|tier|OU
|rated
|clearpoke
|poke|p1|Beedrill, M
|poke|p1|Landorus-Therian, M
|poke|p1|Latios, M
|poke|p1|Azumarill, F
|poke|p1|Mamoswine, M
|poke|p1|Magnezone
|poke|p2|Crawdaunt, M
|poke|p2|Raikou
|poke|p2|Heatran, F
|poke|p2|Starmie
|poke|p2|Landorus-Therian, M
|poke|p2|Metagross
|rule|Swagger Clause: Swagger is banned
|rule|Baton Pass Clause: Limit one PokÃ©mon knowing Baton Pass
|rule|Sleep Clause Mod: Limit one foe put to sleep
|rule|Species Clause: Limit one of each PokÃ©mon
|rule|OHKO Clause: OHKO moves are banned
|rule|Moody Clause: Moody is banned
|rule|Evasion Moves Clause: Evasion moves are banned
|rule|Endless Battle Clause: Forcing endless battles is banned
|rule|HP Percentage Mod: HP is shown in percentages
|teampreview
|
|start
|switch|p1a: Beedrill|Beedrill, M|271\/271
|switch|p2a: Starfall|Starmie|324\/324
|turn|1
|
|switch|p2a: Based Dog|Landorus-Therian, M|319\/319
|-ability|p2a: Based Dog|Intimidate|[of] p1a: Beedrill
|-unboost|p1a: Beedrill|atk|1
|detailschange|p1a: Beedrill|Beedrill-Mega, M
|-mega|p1a: Beedrill|Beedrill|Beedrillite
|move|p1a: Beedrill|Knock Off|p2a: Based Dog
|-crit|p2a: Based Dog
|-damage|p2a: Based Dog|125\/319
|-enditem|p2a: Based Dog|Choice Scarf|[from] move: Knock Off|[of] p1a: Beedrill
|
|turn|2
|
|move|p1a: Beedrill|U-turn|p2a: Based Dog
|-resisted|p2a: Based Dog
|-damage|p2a: Based Dog|52\/319
|
|switch|p1a: Landorus-Therian|Landorus-Therian, M|319\/319
|-ability|p1a: Landorus-Therian|Intimidate|[of] p2a: Based Dog
|-unboost|p2a: Based Dog|atk|1
|move|p2a: Based Dog|U-turn|p1a: Landorus-Therian
|-resisted|p1a: Landorus-Therian
|-damage|p1a: Landorus-Therian|285\/319
|
|switch|p2a: Starfall|Starmie|324\/324
|
|turn|3
|
|move|p1a: Landorus-Therian|U-turn|p2a: Starfall
|-supereffective|p2a: Starfall
|-damage|p2a: Starfall|106\/324
|
|switch|p1a: Magnezone|Magnezone|282\/282
|move|p2a: Starfall|Scald|p1a: Magnezone
|-damage|p1a: Magnezone|183\/282
|
|-heal|p2a: Starfall|126\/324|[from] item: Leftovers
|turn|4
|
|switch|p2a: Not so based|Raikou|321\/321
|-ability|p2a: Not so based|Pressure
|move|p1a: Magnezone|Volt Switch|p2a: Not so based
|-resisted|p2a: Not so based
|-damage|p2a: Not so based|283\/321
|
|switch|p1a: Mamoswine|Mamoswine, M|361\/361
|
|turn|5
|
|move|p2a: Not so based|Shadow Ball|p1a: Mamoswine
|-damage|p1a: Mamoswine|214\/361
|-unboost|p1a: Mamoswine|spd|1
|move|p1a: Mamoswine|Earthquake|p2a: Not so based
|-supereffective|p2a: Not so based
|-damage|p2a: Not so based|0 fnt
|-damage|p1a: Mamoswine|178\/361|[from] item: Life Orb
|faint|p2a: Not so based
|
|
|switch|p2a: Starfall|Starmie|126\/324
|turn|6
|
|switch|p1a: Latios|Latios, M|302\/302
|move|p2a: Starfall|Scald|p1a: Latios
|-resisted|p1a: Latios
|-damage|p1a: Latios|259\/302
|-status|p1a: Latios|brn
|
|-heal|p2a: Starfall|146\/324|[from] item: Leftovers
|-damage|p1a: Latios|222\/302 brn|[from] brn
|turn|7
|
|switch|p2a: Lightbringer|Heatran, F|371\/371
|switch|p1a: Azumarill|Azumarill, F|342\/342
|
|turn|8
|
|move|p1a: Azumarill|Belly Drum|p1a: Azumarill
|-damage|p1a: Azumarill|171\/342
|-setboost|p1a: Azumarill|atk|6|[from] move: Belly Drum
|-enditem|p1a: Azumarill|Sitrus Berry|[eat]
|-heal|p1a: Azumarill|256\/342|[from] item: Sitrus Berry
|move|p2a: Lightbringer|Stealth Rock|p1a: Azumarill
|-sidestart|p1: HellfireNJNP|move: Stealth Rock
|
|turn|9
|
|move|p1a: Azumarill|Aqua Jet|p2a: Lightbringer
|-supereffective|p2a: Lightbringer
|-damage|p2a: Lightbringer|0 fnt
|faint|p2a: Lightbringer
|
|
|switch|p2a: Starfall|Starmie|146\/324
|turn|10
|
|move|p1a: Azumarill|Aqua Jet|p2a: Starfall
|-crit|p2a: Starfall
|-resisted|p2a: Starfall
|-damage|p2a: Starfall|0 fnt
|faint|p2a: Starfall
|
|
|switch|p2a: Bittersteel|Metagross|302\/302
|turn|11
|
|detailschange|p2a: Bittersteel|Metagross-Mega
|-mega|p2a: Bittersteel|Metagross|Metagrossite
|move|p1a: Azumarill|Aqua Jet|p2a: Bittersteel
|-damage|p2a: Bittersteel|98\/302
|move|p2a: Bittersteel|Meteor Mash|p1a: Azumarill
|-damage|p1a: Azumarill|0 fnt
|faint|p1a: Azumarill
|
|
|switch|p1a: Magnezone|Magnezone|183\/282
|-damage|p1a: Magnezone|166\/282|[from] Stealth Rock
|turn|12
|
|move|p1a: Magnezone|Volt Switch|p2a: Bittersteel
|-damage|p2a: Bittersteel|0 fnt
|faint|p2a: Bittersteel
|
|switch|p1a: Beedrill|Beedrill-Mega, M|271\/271
|-damage|p1a: Beedrill|204\/271|[from] Stealth Rock
|
|
|switch|p2a: Based Dog|Landorus-Therian, M|52\/319
|-ability|p2a: Based Dog|Intimidate|[of] p1a: Beedrill
|-unboost|p1a: Beedrill|atk|1
|turn|13
|
|move|p1a: Beedrill|Knock Off|p2a: Based Dog
|-crit|p2a: Based Dog
|-damage|p2a: Based Dog|0 fnt
|faint|p2a: Based Dog
|
|
|switch|p2a: Euron|Crawdaunt, M|268\/268
|turn|14
|c|âHellfireNJNP|sry
|c|âHellfireNJNP|for crits
|c|âChocolove|why?
|c|âChocolove|it's part of the game
|c|âChocolove|you win
|c|âChocolove|no sorry
|
|move|p1a: Beedrill|U-turn|p2a: Euron
|-supereffective|p2a: Euron
|-damage|p2a: Euron|4\/268
|c|âHellfireNJNP|id be livid lol
|
|switch|p1a: Landorus-Therian|Landorus-Therian, M|285\/319
|-damage|p1a: Landorus-Therian|246\/319|[from] Stealth Rock
|-ability|p1a: Landorus-Therian|Intimidate|[of] p2a: Euron
|-unboost|p2a: Euron|atk|1
|move|p2a: Euron|Swords Dance|p2a: Euron
|-boost|p2a: Euron|atk|2
|
|turn|15
|
|move|p2a: Euron|Aqua Jet|p1a: Landorus-Therian
|-supereffective|p1a: Landorus-Therian
|-damage|p1a: Landorus-Therian|0 fnt
|-damage|p2a: Euron|0 fnt|[from] item: Life Orb
|faint|p1a: Landorus-Therian
|faint|p2a: Euron
|
|win|HellfireNJNP
|raw|Ladder updating...
|raw|HellfireNJNP's rating: 1594 &rarr; <strong>1608<\/strong><br \/>(+14 for winning)
|raw|Chocolove's rating: 1495 &rarr; <strong>1480<\/strong><br \/>(-15 for losing)
|c|âChocolove|there's no real reason to be sorry
|c|âChocolove|gg
|c|âHellfireNJNP|gg