|join|Chocolove
|join|LookingForTheBest
|player|p1|Chocolove|29
|player|p2|LookingForTheBest|53
|gametype|singles
|gen|6
|tier|OU
|rated
|clearpoke
|poke|p1|Mew
|poke|p1|Gyarados, M
|poke|p1|Latias, F
|poke|p1|Thundurus, M
|poke|p1|Mamoswine, M
|poke|p1|Scizor, F
|poke|p2|Beedrill, M
|poke|p2|Donphan, F
|poke|p2|Rotom-Wash
|poke|p2|Dragonite, M
|poke|p2|Gardevoir, M
|poke|p2|Latios, M
|rule|Swagger Clause: Swagger is banned
|rule|Baton Pass Clause: Limit one PokÃ©mon knowing Baton Pass
|rule|Sleep Clause Mod: Limit one foe put to sleep
|rule|Species Clause: Limit one of each PokÃ©mon
|rule|OHKO Clause: OHKO moves are banned
|rule|Moody Clause: Moody is banned
|rule|Evasion Moves Clause: Evasion moves are banned
|rule|Endless Battle Clause: Forcing endless battles is banned
|rule|HP Percentage Mod: HP is shown in percentages
|teampreview
|
|start
|switch|p1a: Theon|Gyarados, M|351\/351
|switch|p2a: Gardevoir|Gardevoir, M|277\/277
|-ability|p2a: Gardevoir|Intimidate|[from] ability: Trace|[of] p1a: Theon
|-ability|p2a: Gardevoir|Intimidate|[of] p1a: Theon
|-unboost|p1a: Theon|atk|1
|-ability|p1a: Theon|Intimidate|[of] p2a: Gardevoir
|-unboost|p2a: Gardevoir|atk|1
|turn|1
|
|switch|p1a: Melisandre|Scizor, F|343\/343
|move|p2a: Gardevoir|Moonblast|p1a: Melisandre
|-resisted|p1a: Melisandre
|-damage|p1a: Melisandre|188\/343
|-unboost|p1a: Melisandre|spa|1
|
|turn|2
|
|switch|p2a: Donphan|Donphan, F|384\/384
|move|p1a: Melisandre|U-turn|p2a: Donphan
|-damage|p2a: Donphan|197\/384
|
|switch|p1a: Theon|Gyarados, M|351\/351
|-ability|p1a: Theon|Intimidate|[of] p2a: Donphan
|-unboost|p2a: Donphan|atk|1
|
|-heal|p2a: Donphan|221\/384|[from] item: Leftovers
|turn|3
|
|move|p1a: Theon|Substitute|p1a: Theon
|-start|p1a: Theon|Substitute
|-damage|p1a: Theon|264\/351
|move|p2a: Donphan|Roar|p1a: Theon
|drag|p1a: Varys|Mew|404\/404
|
|-heal|p2a: Donphan|245\/384|[from] item: Leftovers
|turn|4
|
|switch|p2a: Gardevoir|Gardevoir, M|277\/277
|-ability|p2a: Gardevoir|Synchronize|[from] ability: Trace|[of] p1a: Varys
|move|p1a: Varys|Taunt|p2a: Gardevoir
|-start|p2a: Gardevoir|move: Taunt
|
|turn|5
|
|move|p2a: Gardevoir|Moonblast|p1a: Varys
|-damage|p1a: Varys|221\/404
|move|p1a: Varys|Knock Off|p2a: Gardevoir
|-damage|p2a: Gardevoir|170\/277
|-enditem|p2a: Gardevoir|Choice Specs|[from] move: Knock Off|[of] p1a: Varys
|
|-heal|p1a: Varys|246\/404|[from] item: Leftovers
|turn|6
|
|move|p2a: Gardevoir|Moonblast|p1a: Varys
|-damage|p1a: Varys|104\/404
|-unboost|p1a: Varys|spa|1
|move|p1a: Varys|Soft-Boiled|p1a: Varys
|-heal|p1a: Varys|306\/404
|
|-heal|p1a: Varys|331\/404|[from] item: Leftovers
|turn|7
|
|move|p2a: Gardevoir|Moonblast|p1a: Varys
|-damage|p1a: Varys|204\/404
|move|p1a: Varys|Soft-Boiled|p1a: Varys
|-heal|p1a: Varys|404\/404
|
|-end|p2a: Gardevoir|move: Taunt
|turn|8
|
|move|p2a: Gardevoir|Trick|p1a: Varys
|-activate|p2a: Gardevoir|move: Trick|[of] p1a: Varys
|-item|p2a: Gardevoir|Leftovers|[from] move: Trick
|move|p1a: Varys|Knock Off|p2a: Gardevoir
|-damage|p2a: Gardevoir|53\/277
|-enditem|p2a: Gardevoir|Leftovers|[from] move: Knock Off|[of] p1a: Varys
|
|turn|9
|
|move|p2a: Gardevoir|Moonblast|p1a: Varys
|-damage|p1a: Varys|265\/404
|-unboost|p1a: Varys|spa|1
|move|p1a: Varys|Will-O-Wisp|p2a: Gardevoir
|-status|p2a: Gardevoir|brn
|-status|p1a: Varys|brn
|
|-damage|p2a: Gardevoir|19\/277 brn|[from] brn
|-damage|p1a: Varys|215\/404 brn|[from] brn
|turn|10
|
|move|p2a: Gardevoir|Moonblast|p1a: Varys
|-damage|p1a: Varys|85\/404 brn
|move|p1a: Varys|Soft-Boiled|p1a: Varys
|-heal|p1a: Varys|287\/404 brn
|
|-damage|p2a: Gardevoir|0 fnt|[from] brn
|-damage|p1a: Varys|237\/404 brn|[from] brn
|faint|p2a: Gardevoir
|
|switch|p2a: Latios|Latios, M|364\/364
|turn|11
|
|move|p2a: Latios|Reflect|p2a: Latios
|-sidestart|p2: LookingForTheBest|Reflect
|move|p1a: Varys|Soft-Boiled|p1a: Varys
|-heal|p1a: Varys|404\/404 brn
|
|-damage|p1a: Varys|354\/404 brn|[from] brn
|turn|12
|
|move|p2a: Latios|Light Screen|p2a: Latios
|-sidestart|p2: LookingForTheBest|move: Light Screen
|move|p1a: Varys|Taunt|p2a: Latios
|-start|p2a: Latios|move: Taunt
|
|-damage|p1a: Varys|304\/404 brn|[from] brn
|turn|13
|
|switch|p2a: Beedrill|Beedrill, M|271\/271
|move|p1a: Varys|Will-O-Wisp|p2a: Beedrill|[miss]
|-miss|p1a: Varys|p2a: Beedrill
|
|-damage|p1a: Varys|254\/404 brn|[from] brn
|turn|14
|
|detailschange|p2a: Beedrill|Beedrill-Mega, M
|-mega|p2a: Beedrill|Beedrill|Beedrillite
|move|p2a: Beedrill|Protect|p2a: Beedrill
|-singleturn|p2a: Beedrill|Protect
|move|p1a: Varys|Will-O-Wisp|p2a: Beedrill
|-activate|p2a: Beedrill|Protect
|
|-damage|p1a: Varys|204\/404 brn|[from] brn
|turn|15
|
|move|p2a: Beedrill|U-turn|p1a: Varys
|-supereffective|p1a: Varys
|-damage|p1a: Varys|0 fnt
|faint|p1a: Varys
|c|âChocolove|there is a god above
|
|switch|p2a: Donphan|Donphan, F|245\/384
|
|-heal|p2a: Donphan|269\/384|[from] item: Leftovers
|c|âChocolove|that hates me
|
|switch|p1a: Mance|Mamoswine, M|361\/361
|turn|16
|c|âLookingForTheBest|there isn't any god
|
|move|p1a: Mance|Stealth Rock|p2a: Donphan
|-sidestart|p2: LookingForTheBest|move: Stealth Rock
|move|p2a: Donphan|Stealth Rock|p1a: Mance
|-sidestart|p1: Chocolove|move: Stealth Rock
|
|-heal|p2a: Donphan|293\/384|[from] item: Leftovers
|turn|17
|
|move|p1a: Mance|Icicle Crash|p2a: Donphan
|-supereffective|p2a: Donphan
|-damage|p2a: Donphan|152\/384
|cant|p2a: Donphan|flinch
|
|-heal|p2a: Donphan|176\/384|[from] item: Leftovers
|turn|18
|c|âChocolove|rng is a god here
|
|move|p1a: Mance|Icicle Crash|p2a: Donphan
|-supereffective|p2a: Donphan
|-damage|p2a: Donphan|43\/384
|move|p2a: Donphan|Rapid Spin|p1a: Mance
|-damage|p1a: Mance|330\/361
|-sideend|p2: LookingForTheBest|Stealth Rock|[from] move: Rapid Spin|[of] p2a: Donphan
|
|-heal|p2a: Donphan|67\/384|[from] item: Leftovers
|-sideend|p2: LookingForTheBest|Reflect
|turn|19
|
|move|p1a: Mance|Stealth Rock|p2a: Donphan
|-sidestart|p2: LookingForTheBest|move: Stealth Rock
|move|p2a: Donphan|Rapid Spin|p1a: Mance
|-damage|p1a: Mance|301\/361
|-sideend|p2: LookingForTheBest|Stealth Rock|[from] move: Rapid Spin|[of] p2a: Donphan
|
|-heal|p2a: Donphan|91\/384|[from] item: Leftovers
|-sideend|p2: LookingForTheBest|move: Light Screen
|turn|20
|
|move|p1a: Mance|Stealth Rock|p2a: Donphan
|-sidestart|p2: LookingForTheBest|move: Stealth Rock
|move|p2a: Donphan|Rapid Spin|p1a: Mance
|-crit|p1a: Mance
|-damage|p1a: Mance|258\/361
|-sideend|p2: LookingForTheBest|Stealth Rock|[from] move: Rapid Spin|[of] p2a: Donphan
|
|-heal|p2a: Donphan|115\/384|[from] item: Leftovers
|turn|21
|
|move|p1a: Mance|Stealth Rock|p2a: Donphan
|-sidestart|p2: LookingForTheBest|move: Stealth Rock
|move|p2a: Donphan|Rapid Spin|p1a: Mance
|-crit|p1a: Mance
|-damage|p1a: Mance|212\/361
|-sideend|p2: LookingForTheBest|Stealth Rock|[from] move: Rapid Spin|[of] p2a: Donphan
|
|-heal|p2a: Donphan|139\/384|[from] item: Leftovers
|turn|22
|
|move|p1a: Mance|Stealth Rock|p2a: Donphan
|-sidestart|p2: LookingForTheBest|move: Stealth Rock
|move|p2a: Donphan|Rapid Spin|p1a: Mance
|-damage|p1a: Mance|182\/361
|-sideend|p2: LookingForTheBest|Stealth Rock|[from] move: Rapid Spin|[of] p2a: Donphan
|
|-heal|p2a: Donphan|163\/384|[from] item: Leftovers
|turn|23
|
|move|p1a: Mance|Stealth Rock|p2a: Donphan
|-sidestart|p2: LookingForTheBest|move: Stealth Rock
|move|p2a: Donphan|Rapid Spin|p1a: Mance
|-damage|p1a: Mance|150\/361
|-sideend|p2: LookingForTheBest|Stealth Rock|[from] move: Rapid Spin|[of] p2a: Donphan
|
|-heal|p2a: Donphan|187\/384|[from] item: Leftovers
|turn|24
|
|move|p1a: Mance|Stealth Rock|p2a: Donphan
|-sidestart|p2: LookingForTheBest|move: Stealth Rock
|move|p2a: Donphan|Rapid Spin|p1a: Mance
|-damage|p1a: Mance|122\/361
|-sideend|p2: LookingForTheBest|Stealth Rock|[from] move: Rapid Spin|[of] p2a: Donphan
|
|-heal|p2a: Donphan|211\/384|[from] item: Leftovers
|turn|25
|
|move|p1a: Mance|Stealth Rock|p2a: Donphan
|-sidestart|p2: LookingForTheBest|move: Stealth Rock
|move|p2a: Donphan|Rapid Spin|p1a: Mance
|-damage|p1a: Mance|90\/361
|-sideend|p2: LookingForTheBest|Stealth Rock|[from] move: Rapid Spin|[of] p2a: Donphan
|
|-heal|p2a: Donphan|235\/384|[from] item: Leftovers
|turn|26
|
|move|p1a: Mance|Icicle Crash|p2a: Donphan
|-supereffective|p2a: Donphan
|-damage|p2a: Donphan|0 fnt
|faint|p2a: Donphan
|
|
|switch|p2a: Beedrill|Beedrill-Mega, M|271\/271
|turn|27
|
|move|p2a: Beedrill|U-turn|p1a: Mance
|-damage|p1a: Mance|0 fnt
|faint|p1a: Mance
|
|switch|p2a: Latios|Latios, M|364\/364
|
|
|switch|p1a: Daenerys|Latias, F|301\/301
|-damage|p1a: Daenerys|264\/301|[from] Stealth Rock
|turn|28
|
|move|p2a: Latios|Light Screen|p2a: Latios
|-sidestart|p2: LookingForTheBest|move: Light Screen
|move|p1a: Daenerys|Defog|p2a: Latios
|-unboost|p2a: Latios|evasion|1
|-sideend|p2: LookingForTheBest|move: Light Screen
|-sideend|p2: LookingForTheBest|Light Screen|[from] move: Defog|[of] p2a: Latios
|-sideend|p1: Chocolove|Stealth Rock|[from] move: Defog|[of] p1a: Daenerys
|
|turn|29
|
|switch|p1a: Melisandre|Scizor, F|188\/343
|move|p2a: Latios|Memento|p1a: Melisandre
|-unboost|p1a: Melisandre|atk|2
|-unboost|p1a: Melisandre|spa|2
|faint|p2a: Latios
|
|
|switch|p2a: Dragonite|Dragonite, M|324\/324
|turn|30
|
|move|p2a: Dragonite|Dragon Dance|p2a: Dragonite
|-boost|p2a: Dragonite|atk|1
|-boost|p2a: Dragonite|spe|1
|move|p1a: Melisandre|U-turn|p2a: Dragonite
|-resisted|p2a: Dragonite
|-damage|p2a: Dragonite|297\/324
|
|switch|p1a: Theon|Gyarados, M|264\/351
|-ability|p1a: Theon|Intimidate|[of] p2a: Dragonite
|-unboost|p2a: Dragonite|atk|1
|
|turn|31
|
|detailschange|p1a: Theon|Gyarados-Mega, M
|-mega|p1a: Theon|Gyarados|Gyaradosite
|-ability|p1a: Theon|Mold Breaker
|move|p2a: Dragonite|Dragon Claw|p1a: Theon
|-damage|p1a: Theon|116\/351
|move|p1a: Theon|Crunch|p2a: Dragonite
|-damage|p2a: Dragonite|122\/324
|
|turn|32
|
|move|p2a: Dragonite|Dragon Claw|p1a: Theon
|-damage|p1a: Theon|0 fnt
|faint|p1a: Theon
|
|
|switch|p1a: Melisandre|Scizor, F|188\/343
|turn|33
|
|move|p1a: Melisandre|Bullet Punch|p2a: Dragonite
|-damage|p2a: Dragonite|0 fnt
|faint|p2a: Dragonite
|
|
|switch|p2a: Rotom-Wash|Rotom-Wash|304\/304
|turn|34
|
|switch|p1a: Daenerys|Latias, F|264\/301
|move|p2a: Rotom-Wash|Will-O-Wisp|p1a: Daenerys
|-status|p1a: Daenerys|brn
|
|-damage|p1a: Daenerys|227\/301 brn|[from] brn
|turn|35
|
|move|p1a: Daenerys|Draco Meteor|p2a: Rotom-Wash|[miss]
|-miss|p1a: Daenerys|p2a: Rotom-Wash
|move|p2a: Rotom-Wash|Pain Split|p1a: Daenerys
|-sethp|p1a: Daenerys|265\/301 brn|p2a: Rotom-Wash|265\/304|[from] move: Pain Split
|
|-heal|p2a: Rotom-Wash|284\/304|[from] item: Leftovers
|-damage|p1a: Daenerys|228\/301 brn|[from] brn
|turn|36
|
|move|p1a: Daenerys|Draco Meteor|p2a: Rotom-Wash
|-damage|p2a: Rotom-Wash|42\/304
|-unboost|p1a: Daenerys|spa|2
|-damage|p1a: Daenerys|198\/301 brn|[from] item: Life Orb
|move|p2a: Rotom-Wash|Pain Split|p1a: Daenerys
|-sethp|p1a: Daenerys|120\/301 brn|p2a: Rotom-Wash|120\/304|[from] move: Pain Split
|
|-heal|p2a: Rotom-Wash|139\/304|[from] item: Leftovers
|-damage|p1a: Daenerys|83\/301 brn|[from] brn
|turn|37
|
|move|p1a: Daenerys|Healing Wish|p1a: Daenerys
|faint|p1a: Daenerys
|move|p2a: Rotom-Wash|Hydro Pump|p1: Daenerys|[notarget]
|-notarget
|
|-heal|p2a: Rotom-Wash|158\/304|[from] item: Leftovers
|
|switch|p1a: Melisandre|Scizor, F|188\/343
|-heal|p1a: Melisandre|343\/343|[from] move: Healing Wish
|turn|38
|
|switch|p1a: Robert|Thundurus, M|299\/299
|move|p2a: Rotom-Wash|Will-O-Wisp|p1a: Robert
|-status|p1a: Robert|brn
|
|-heal|p2a: Rotom-Wash|177\/304|[from] item: Leftovers
|-damage|p1a: Robert|262\/299 brn|[from] brn
|turn|39
|
|move|p1a: Robert|Nasty Plot|p1a: Robert
|-boost|p1a: Robert|spa|2
|move|p2a: Rotom-Wash|Pain Split|p1a: Robert
|-sethp|p1a: Robert|219\/299 brn|p2a: Rotom-Wash|219\/304|[from] move: Pain Split
|
|-heal|p1a: Robert|237\/299 brn|[from] item: Leftovers
|-heal|p2a: Rotom-Wash|238\/304|[from] item: Leftovers
|-damage|p1a: Robert|200\/299 brn|[from] brn
|turn|40
|
|move|p1a: Robert|Thunderbolt|p2a: Rotom-Wash
|-damage|p2a: Rotom-Wash|0 fnt
|faint|p2a: Rotom-Wash
|
|-heal|p1a: Robert|218\/299 brn|[from] item: Leftovers
|-damage|p1a: Robert|181\/299 brn|[from] brn
|
|switch|p2a: Beedrill|Beedrill-Mega, M|271\/271
|turn|41
|
|move|p2a: Beedrill|Protect|p2a: Beedrill
|-singleturn|p2a: Beedrill|Protect
|move|p1a: Robert|Thunderbolt|p2a: Beedrill
|-activate|p2a: Beedrill|Protect
|
|-heal|p1a: Robert|199\/299 brn|[from] item: Leftovers
|-damage|p1a: Robert|162\/299 brn|[from] brn
|turn|42
|
|move|p2a: Beedrill|Poison Jab|p1a: Robert
|-damage|p1a: Robert|0 fnt
|faint|p1a: Robert
|
|
|switch|p1a: Melisandre|Scizor, F|343\/343
|turn|43
|
|move|p1a: Melisandre|Bullet Punch|p2a: Beedrill
|-damage|p2a: Beedrill|0 fnt
|faint|p2a: Beedrill
|
|win|Chocolove
|raw|Ladder updating...
|raw|Chocolove's rating: 1486 &rarr; <strong>1506<\/strong><br \/>(+20 for winning)
|raw|LookingForTheBest's rating: 1484 &rarr; <strong>1465<\/strong><br \/>(-19 for losing)
|leave|LookingForTheBest
|player|p2