|join|hunna mill
|join|Chocolove
|player|p1|hunna mill|102
|player|p2|Chocolove|29
|gametype|singles
|gen|6
|tier|OU (suspect test)
|rated
|clearpoke
|poke|p1|Metagross
|poke|p1|Kyurem-Black
|poke|p1|Keldeo
|poke|p1|Landorus-Therian, M
|poke|p1|Latias, F
|poke|p1|Sylveon, M
|poke|p2|Metagross
|poke|p2|Crawdaunt, F
|poke|p2|Heatran, M
|poke|p2|Starmie
|poke|p2|Landorus-Therian, M
|poke|p2|Raikou
|rule|Swagger Clause: Swagger is banned
|rule|Baton Pass Clause: Limit one PokÃ©mon knowing Baton Pass
|rule|Sleep Clause Mod: Limit one foe put to sleep
|rule|Species Clause: Limit one of each PokÃ©mon
|rule|OHKO Clause: OHKO moves are banned
|rule|Moody Clause: Moody is banned
|rule|Evasion Moves Clause: Evasion moves are banned
|rule|Endless Battle Clause: Forcing endless battles is banned
|rule|HP Percentage Mod: HP is shown in percentages
|teampreview
|
|start
|switch|p1a: Keldeo|Keldeo|323\/323
|switch|p2a: Misty|Starmie|324\/324
|turn|1
|
|switch|p1a: Sylveon|Sylveon, M|393\/393
|move|p2a: Misty|Scald|p1a: Sylveon
|-damage|p1a: Sylveon|315\/393
|
|turn|2
|
|switch|p2a: Floor is lava|Heatran, M|386\/386
|move|p1a: Sylveon|Hidden Power|p2a: Floor is lava
|-supereffective|p2a: Floor is lava
|-damage|p2a: Floor is lava|86\/386
|
|-heal|p2a: Floor is lava|110\/386|[from] item: Leftovers
|turn|3
|
|switch|p2a: Based Dog|Landorus-Therian, M|319\/319
|-ability|p2a: Based Dog|Intimidate|[of] p1a: Sylveon
|-unboost|p1a: Sylveon|atk|1
|move|p1a: Sylveon|Hidden Power|p2a: Based Dog
|-immune|p2a: Based Dog|[msg]
|
|turn|4
|
|switch|p1a: Landorus-Therian|Landorus-Therian, M|381\/381
|-ability|p1a: Landorus-Therian|Intimidate|[of] p2a: Based Dog
|-unboost|p2a: Based Dog|atk|1
|move|p2a: Based Dog|U-turn|p1a: Landorus-Therian
|-resisted|p1a: Landorus-Therian
|-damage|p1a: Landorus-Therian|358\/381
|leave|hunna mill
|
|switch|p2a: Misty|Starmie|324\/324
|
|-heal|p1a: Landorus-Therian|381\/381|[from] item: Leftovers
|turn|5
|player|p1
|join|hunna mill
|player|p1|hunna mill|102
|c|âhunna mill|why cant i join the battle
|c|âhunna mill|nvm
|
|switch|p1a: Latias|Latias, F|319\/319
|move|p2a: Misty|Scald|p1a: Latias
|-resisted|p1a: Latias
|-damage|p1a: Latias|283\/319
|-status|p1a: Latias|brn
|
|-damage|p1a: Latias|244\/319 brn|[from] brn
|turn|6
|
|switch|p2a: Not so based|Raikou|321\/321
|-ability|p2a: Not so based|Pressure
|move|p1a: Latias|Draco Meteor|p2a: Not so based
|-damage|p2a: Not so based|161\/321
|-unboost|p1a: Latias|spa|2
|-damage|p1a: Latias|213\/319 brn|[from] item: Life Orb
|
|-damage|p1a: Latias|174\/319 brn|[from] brn
|turn|7
|
|switch|p1a: Kyurem-Black|Kyurem-Black|391\/391
|-ability|p1a: Kyurem-Black|Teravolt
|move|p2a: Not so based|Volt Switch|p1a: Kyurem-Black
|-resisted|p1a: Kyurem-Black
|-damage|p1a: Kyurem-Black|326\/391
|
|switch|p2a: Bittersteel|Metagross|302\/302
|
|turn|8
|
|detailschange|p2a: Bittersteel|Metagross-Mega
|-mega|p2a: Bittersteel|Metagross|Metagrossite
|move|p1a: Kyurem-Black|Earth Power|p2a: Bittersteel
|-supereffective|p2a: Bittersteel
|-damage|p2a: Bittersteel|37\/302
|-damage|p1a: Kyurem-Black|287\/391|[from] item: Life Orb
|move|p2a: Bittersteel|Meteor Mash|p1a: Kyurem-Black
|-supereffective|p1a: Kyurem-Black
|-damage|p1a: Kyurem-Black|0 fnt
|faint|p1a: Kyurem-Black
|
|
|switch|p1a: Keldeo|Keldeo|323\/323
|turn|9
|
|move|p1a: Keldeo|Scald|p2a: Bittersteel
|-damage|p2a: Bittersteel|0 fnt
|faint|p2a: Bittersteel
|
|
|switch|p2a: Misty|Starmie|324\/324
|turn|10
|
|switch|p1a: Latias|Latias, F|174\/319 brn
|move|p2a: Misty|Scald|p1a: Latias
|-resisted|p1a: Latias
|-damage|p1a: Latias|136\/319 brn
|
|-damage|p1a: Latias|97\/319 brn|[from] brn
|turn|11
|
|switch|p2a: Not so based|Raikou|161\/321
|-ability|p2a: Not so based|Pressure
|move|p1a: Latias|Recover|p1a: Latias
|-heal|p1a: Latias|257\/319 brn
|
|-damage|p1a: Latias|218\/319 brn|[from] brn
|turn|12
|
|move|p2a: Not so based|Shadow Ball|p1a: Latias
|-supereffective|p1a: Latias
|-damage|p1a: Latias|88\/319 brn
|-unboost|p1a: Latias|spd|1
|move|p1a: Latias|Psyshock|p2a: Not so based
|-damage|p2a: Not so based|0 fnt
|-damage|p1a: Latias|57\/319 brn|[from] item: Life Orb
|faint|p2a: Not so based
|
|-damage|p1a: Latias|18\/319 brn|[from] brn
|
|switch|p2a: Floor is lava|Heatran, M|110\/386
|turn|13
|
|move|p1a: Latias|Recover|p1a: Latias
|-heal|p1a: Latias|178\/319 brn
|move|p2a: Floor is lava|Stealth Rock|p1a: Latias
|-sidestart|p1: hunna mill|move: Stealth Rock
|
|-heal|p2a: Floor is lava|134\/386|[from] item: Leftovers
|-damage|p1a: Latias|139\/319 brn|[from] brn
|turn|14
|
|move|p1a: Latias|Defog|p2a: Floor is lava
|-unboost|p2a: Floor is lava|evasion|1
|-sideend|p1: hunna mill|Stealth Rock|[from] move: Defog|[of] p1a: Latias
|move|p2a: Floor is lava|Taunt|p1a: Latias
|-start|p1a: Latias|move: Taunt
|
|-heal|p2a: Floor is lava|158\/386|[from] item: Leftovers
|-damage|p1a: Latias|100\/319 brn|[from] brn
|turn|15
|
|switch|p1a: Landorus-Therian|Landorus-Therian, M|381\/381
|-ability|p1a: Landorus-Therian|Intimidate|[of] p2a: Floor is lava
|-unboost|p2a: Floor is lava|atk|1
|move|p2a: Floor is lava|Stealth Rock|p1a: Landorus-Therian
|-sidestart|p1: hunna mill|move: Stealth Rock
|
|-heal|p2a: Floor is lava|182\/386|[from] item: Leftovers
|turn|16
|
|move|p1a: Landorus-Therian|Stealth Rock|p2a: Floor is lava
|-sidestart|p2: Chocolove|move: Stealth Rock
|move|p2a: Floor is lava|Lava Plume|p1a: Landorus-Therian
|-damage|p1a: Landorus-Therian|236\/381
|-status|p1a: Landorus-Therian|brn
|
|-heal|p1a: Landorus-Therian|259\/381 brn|[from] item: Leftovers
|-heal|p2a: Floor is lava|206\/386|[from] item: Leftovers
|-damage|p1a: Landorus-Therian|212\/381 brn|[from] brn
|turn|17
|c|âhunna mill|,,,
|c|âhunna mill|,,,
|c|âhunna mill|,,,
|c|âChocolove|?
|
|switch|p2a: Based Dog|Landorus-Therian, M|319\/319
|-damage|p2a: Based Dog|280\/319|[from] Stealth Rock
|-ability|p2a: Based Dog|Intimidate|[of] p1a: Landorus-Therian
|-unboost|p1a: Landorus-Therian|atk|1
|move|p1a: Landorus-Therian|U-turn|p2a: Based Dog
|-resisted|p2a: Based Dog
|-damage|p2a: Based Dog|266\/319
|
|switch|p1a: Keldeo|Keldeo|323\/323
|-damage|p1a: Keldeo|303\/323|[from] Stealth Rock
|
|turn|18
|
|switch|p1a: Sylveon|Sylveon, M|315\/393
|-damage|p1a: Sylveon|266\/393|[from] Stealth Rock
|switch|p2a: Misty|Starmie|324\/324
|-damage|p2a: Misty|284\/324|[from] Stealth Rock
|
|-heal|p2a: Misty|304\/324|[from] item: Leftovers
|turn|19
|
|switch|p2a: Floor is lava|Heatran, M|206\/386
|-damage|p2a: Floor is lava|158\/386|[from] Stealth Rock
|move|p1a: Sylveon|Hyper Voice|p2a: Floor is lava
|-resisted|p2a: Floor is lava
|-damage|p2a: Floor is lava|109\/386
|
|-heal|p2a: Floor is lava|133\/386|[from] item: Leftovers
|turn|20
|
|switch|p2a: Based Dog|Landorus-Therian, M|266\/319
|-damage|p2a: Based Dog|227\/319|[from] Stealth Rock
|-ability|p2a: Based Dog|Intimidate|[of] p1a: Sylveon
|-unboost|p1a: Sylveon|atk|1
|switch|p1a: Landorus-Therian|Landorus-Therian, M|212\/381 brn
|-damage|p1a: Landorus-Therian|165\/381 brn|[from] Stealth Rock
|-ability|p1a: Landorus-Therian|Intimidate|[of] p2a: Based Dog
|-unboost|p2a: Based Dog|atk|1
|
|-heal|p1a: Landorus-Therian|188\/381 brn|[from] item: Leftovers
|-damage|p1a: Landorus-Therian|141\/381 brn|[from] brn
|turn|21
|
|move|p2a: Based Dog|U-turn|p1a: Landorus-Therian
|-resisted|p1a: Landorus-Therian
|-damage|p1a: Landorus-Therian|118\/381 brn
|
|switch|p2a: Floor is lava|Heatran, M|133\/386
|-damage|p2a: Floor is lava|85\/386|[from] Stealth Rock
|move|p1a: Landorus-Therian|U-turn|p2a: Floor is lava
|-resisted|p2a: Floor is lava
|-damage|p2a: Floor is lava|76\/386
|
|switch|p1a: Metagross|Metagross|301\/301
|-damage|p1a: Metagross|283\/301|[from] Stealth Rock
|
|-heal|p2a: Floor is lava|100\/386|[from] item: Leftovers
|turn|22
|
|detailschange|p1a: Metagross|Metagross-Mega
|-mega|p1a: Metagross|Metagross|Metagrossite
|move|p1a: Metagross|Earthquake|p2a: Floor is lava
|-supereffective|p2a: Floor is lava
|-damage|p2a: Floor is lava|0 fnt
|faint|p2a: Floor is lava
|
|
|switch|p2a: Based Dog|Landorus-Therian, M|227\/319
|-damage|p2a: Based Dog|188\/319|[from] Stealth Rock
|-ability|p2a: Based Dog|Intimidate|[of] p1a: Metagross
|-unboost|p1a: Metagross|atk|1
|turn|23
|
|switch|p1a: Landorus-Therian|Landorus-Therian, M|118\/381 brn
|-damage|p1a: Landorus-Therian|71\/381 brn|[from] Stealth Rock
|-ability|p1a: Landorus-Therian|Intimidate|[of] p2a: Based Dog
|-unboost|p2a: Based Dog|atk|1
|move|p2a: Based Dog|U-turn|p1a: Landorus-Therian
|-resisted|p1a: Landorus-Therian
|-damage|p1a: Landorus-Therian|48\/381 brn
|
|switch|p2a: Misty|Starmie|304\/324
|-damage|p2a: Misty|264\/324|[from] Stealth Rock
|
|-heal|p2a: Misty|284\/324|[from] item: Leftovers
|-heal|p1a: Landorus-Therian|71\/381 brn|[from] item: Leftovers
|-damage|p1a: Landorus-Therian|24\/381 brn|[from] brn
|turn|24
|
|move|p2a: Misty|Rapid Spin|p1a: Landorus-Therian
|-damage|p1a: Landorus-Therian|14\/381 brn
|-sideend|p2: Chocolove|Stealth Rock|[from] move: Rapid Spin|[of] p2a: Misty
|move|p1a: Landorus-Therian|Stealth Rock|p2a: Misty
|-sidestart|p2: Chocolove|move: Stealth Rock
|
|-heal|p2a: Misty|304\/324|[from] item: Leftovers
|-heal|p1a: Landorus-Therian|37\/381 brn|[from] item: Leftovers
|-damage|p1a: Landorus-Therian|0 fnt|[from] brn
|faint|p1a: Landorus-Therian
|
|switch|p1a: Latias|Latias, F|100\/319 brn
|-damage|p1a: Latias|61\/319 brn|[from] Stealth Rock
|turn|25
|
|move|p2a: Misty|Rapid Spin|p1a: Latias
|-damage|p1a: Latias|49\/319 brn
|-sideend|p2: Chocolove|Stealth Rock|[from] move: Rapid Spin|[of] p2a: Misty
|move|p1a: Latias|Draco Meteor|p2a: Misty|[miss]
|-miss|p1a: Latias|p2a: Misty
|
|-heal|p2a: Misty|324\/324|[from] item: Leftovers
|-damage|p1a: Latias|10\/319 brn|[from] brn
|turn|26
|c|âhunna mill|,,,
|c|âhunna mill|i love lucky players
|
|move|p2a: Misty|Psyshock|p1a: Latias
|-resisted|p1a: Latias
|-damage|p1a: Latias|0 fnt
|faint|p1a: Latias
|
|
|switch|p1a: Sylveon|Sylveon, M|266\/393
|-damage|p1a: Sylveon|217\/393|[from] Stealth Rock
|turn|27
|
|move|p2a: Misty|Psyshock|p1a: Sylveon
|-damage|p1a: Sylveon|81\/393
|move|p1a: Sylveon|Hyper Voice|p2a: Misty
|-damage|p2a: Misty|0 fnt
|faint|p2a: Misty
|
|
|switch|p2a: Based Dog|Landorus-Therian, M|188\/319
|-ability|p2a: Based Dog|Intimidate|[of] p1a: Sylveon
|-unboost|p1a: Sylveon|atk|1
|turn|28
|
|move|p2a: Based Dog|Earthquake|p1a: Sylveon
|-damage|p1a: Sylveon|0 fnt
|faint|p1a: Sylveon
|
|
|switch|p1a: Keldeo|Keldeo|303\/323
|-damage|p1a: Keldeo|283\/323|[from] Stealth Rock
|turn|29
|
|move|p1a: Keldeo|Scald|p2a: Based Dog
|-supereffective|p2a: Based Dog
|-damage|p2a: Based Dog|0 fnt
|faint|p2a: Based Dog
|
|
|switch|p2a: Crab Battle|Crawdaunt, F|268\/268
|turn|30
|
|move|p1a: Keldeo|Scald|p2a: Crab Battle
|-resisted|p2a: Crab Battle
|-damage|p2a: Crab Battle|149\/268
|move|p2a: Crab Battle|Swords Dance|p2a: Crab Battle
|-boost|p2a: Crab Battle|atk|2
|
|turn|31
|
|move|p1a: Keldeo|Scald|p2a: Crab Battle
|-resisted|p2a: Crab Battle
|-damage|p2a: Crab Battle|41\/268
|-status|p2a: Crab Battle|brn
|move|p2a: Crab Battle|Knock Off|p1a: Keldeo
|-resisted|p1a: Keldeo
|-damage|p1a: Keldeo|128\/323
|-boost|p1a: Keldeo|atk|1|[from] ability: Justified
|-enditem|p1a: Keldeo|Choice Scarf|[from] move: Knock Off|[of] p2a: Crab Battle
|-damage|p2a: Crab Battle|15\/268 brn|[from] item: Life Orb
|
|-damage|p2a: Crab Battle|0 fnt|[from] brn
|faint|p2a: Crab Battle
|
|win|hunna mill
|raw|Ladder updating...
|raw|hunna mill's rating: 1522 &rarr; <strong>1535<\/strong><br \/>(+13 for winning)
|raw|Chocolove's rating: 1402 &rarr; <strong>1388<\/strong><br \/>(-14 for losing)
|leave|hunna mill
|player|p1