|join|Chocolove
|join|JaviMedina97
|player|p1|Chocolove|29
|player|p2|JaviMedina97|2
|gametype|doubles
|gen|6
|tier|Smogon Doubles
|rated
|clearpoke
|poke|p1|Charizard, F
|poke|p1|Venusaur, F
|poke|p1|Landorus-Therian, M
|poke|p1|Gengar, M
|poke|p1|Conkeldurr, M
|poke|p1|Sylveon, F
|poke|p2|Malamar, M, shiny
|poke|p2|Talonflame, F
|poke|p2|Darmanitan, M, shiny
|poke|p2|Alakazam, M
|poke|p2|Furret, F
|poke|p2|Whimsicott, M
|rule|Species Clause: Limit one of each PokÃ©mon
|rule|OHKO Clause: OHKO moves are banned
|rule|Moody Clause: Moody is banned
|rule|Evasion Abilities Clause: Evasion abilities are banned
|rule|Evasion Moves Clause: Evasion moves are banned
|rule|Endless Battle Clause: Forcing endless battles is banned
|rule|HP Percentage Mod: HP is shown in percentages
|teampreview
|
|start
|switch|p1a: Portgas D. Ace|Charizard, F|297\/297
|switch|p1b: Tropicaliente|Venusaur, F|350\/350
|switch|p2a: Furret|Furret, F|312\/312
|switch|p2b: Talonflame|Talonflame, F|297\/297
|-item|p1a: Portgas D. Ace|Charizardite Y|[from] ability: Frisk|[of] p2a: Furret|[identify]
|-item|p1b: Tropicaliente|Sitrus Berry|[from] ability: Frisk|[of] p2a: Furret|[identify]
|turn|1
|join|PatmanGaming
|leave|PatmanGaming
|
|switch|p1b: Based Dog|Landorus-Therian, M|320\/320
|-ability|p1b: Based Dog|Intimidate|[of] p2a: Furret
|-unboost|p2a: Furret|atk|1
|-ability|p1b: Based Dog|Intimidate|[of] p2b: Talonflame
|-unboost|p2b: Talonflame|atk|1
|detailschange|p1a: Portgas D. Ace|Charizard-Mega-Y, F
|-mega|p1a: Portgas D. Ace|Charizard|Charizardite Y
|-weather|SunnyDay
|move|p2a: Furret|Follow Me|p2a: Furret
|move|p2b: Talonflame|Swords Dance|p2b: Talonflame
|-boost|p2b: Talonflame|atk|2
|move|p1a: Portgas D. Ace|Heat Wave|p2b: Talonflame
|-crit|p2a: Furret
|-damage|p2a: Furret|0 fnt
|-resisted|p2b: Talonflame
|-damage|p2b: Talonflame|152\/297
|faint|p2a: Furret
|
|-weather|SunnyDay|[upkeep]
|-heal|p2b: Talonflame|170\/297|[from] item: Leftovers
|
|switch|p2a: Darmanitan|Darmanitan, M, shiny|351\/351
|turn|2
|
|move|p1a: Portgas D. Ace|Protect|p1a: Portgas D. Ace
|-singleturn|p1a: Portgas D. Ace|Protect
|move|p2b: Talonflame|Brave Bird|p1b: Based Dog
|-damage|p1b: Based Dog|64\/320
|-damage|p2b: Talonflame|86\/297|[from] recoil|[of] p1b: Based Dog
|move|p1b: Based Dog|Rock Slide|p2b: Talonflame
|-supereffective|p2a: Darmanitan
|-damage|p2a: Darmanitan|93\/351
|-supereffective|p2b: Talonflame
|-damage|p2b: Talonflame|0 fnt
|faint|p2b: Talonflame
|move|p2a: Darmanitan|Rock Slide|p1b: Based Dog
|-activate|p1a: Portgas D. Ace|Protect
|-damage|p1b: Based Dog|0 fnt
|faint|p1b: Based Dog
|
|-weather|SunnyDay|[upkeep]
|
|switch|p1b: Tropicaliente|Venusaur, F|350\/350
|switch|p2b: Malamar|Malamar, M, shiny|361\/361
|turn|3
|
|move|p1b: Tropicaliente|Sludge Bomb|p2a: Darmanitan
|-damage|p2a: Darmanitan|0 fnt
|faint|p2a: Darmanitan
|move|p1a: Portgas D. Ace|Heat Wave|p2b: Malamar
|-miss|p1a: Portgas D. Ace|p2b: Malamar
|move|p2b: Malamar|Rock Slide|p1a: Portgas D. Ace
|-supereffective|p1a: Portgas D. Ace
|-damage|p1a: Portgas D. Ace|9\/297
|-damage|p1b: Tropicaliente|281\/350
|
|-weather|SunnyDay|[upkeep]
|
|switch|p2a: Alakazam|Alakazam, M|251\/251
|turn|4
|
|detailschange|p2a: Alakazam|Alakazam-Mega, M
|-mega|p2a: Alakazam|Alakazam|Alakazite
|-ability|p2a: Alakazam|Drought|[from] ability: Trace|[of] p1a: Portgas D. Ace
|move|p1b: Tropicaliente|Sleep Powder|p2a: Alakazam
|-status|p2a: Alakazam|slp
|cant|p2a: Alakazam|slp
|move|p1a: Portgas D. Ace|Heat Wave|p2b: Malamar
|-damage|p2a: Alakazam|16\/251 slp
|-damage|p2b: Malamar|169\/361
|move|p2b: Malamar|Superpower|p1a: Portgas D. Ace
|-resisted|p1a: Portgas D. Ace
|-damage|p1a: Portgas D. Ace|0 fnt
|-boost|p2b: Malamar|atk|1
|-boost|p2b: Malamar|def|1
|faint|p1a: Portgas D. Ace
|
|-weather|SunnyDay|[upkeep]
|
|switch|p1a: Based Faggot|Sylveon, F|388\/388
|turn|5
|
|move|p1b: Tropicaliente|Giga Drain|p2b: Malamar
|-damage|p2b: Malamar|60\/361
|-heal|p1b: Tropicaliente|336\/350|[from] drain|[of] p2b: Malamar
|-curestatus|p2a: Alakazam|slp
|move|p2a: Alakazam|Psychic|p1b: Tropicaliente
|-supereffective|p1b: Tropicaliente
|-damage|p1b: Tropicaliente|0 fnt
|faint|p1b: Tropicaliente
|move|p2b: Malamar|Rock Slide|p1: Tropicaliente
|-crit|p1a: Based Faggot
|-damage|p1a: Based Faggot|162\/388
|move|p1a: Based Faggot|Hyper Voice|p2b: Malamar
|-damage|p2a: Alakazam|0 fnt
|-supereffective|p2b: Malamar
|-damage|p2b: Malamar|0 fnt
|faint|p2a: Alakazam
|faint|p2b: Malamar
|
|-weather|none
|-message|JaviMedina97 forfeited.
|leave|JaviMedina97
|
|win|Chocolove
|raw|Ladder updating...
|player|p2
|raw|Chocolove's rating: 1344 &rarr; <strong>1354<\/strong><br \/>(+10 for winning)
|raw|JaviMedina97's rating: 1149 &rarr; <strong>1137<\/strong><br \/>(-12 for losing)