|join|Chocolove
|join|greg the catfish
|player|p1|Chocolove|29
|player|p2|greg the catfish|290
|gametype|doubles
|gen|6
|tier|Smogon Doubles
|rated
|clearpoke
|poke|p1|Charizard, F
|poke|p1|Venusaur, F
|poke|p1|Landorus-Therian, M
|poke|p1|Gengar, F
|poke|p1|Conkeldurr, M
|poke|p1|Sylveon, F
|poke|p2|Nidoqueen, F
|poke|p2|Klefki, M, shiny
|poke|p2|Volcarona, M
|poke|p2|Absol, F
|poke|p2|Hawlucha, F
|poke|p2|Dunsparce, M
|rule|Species Clause: Limit one of each PokÃ©mon
|rule|OHKO Clause: OHKO moves are banned
|rule|Moody Clause: Moody is banned
|rule|Evasion Abilities Clause: Evasion abilities are banned
|rule|Evasion Moves Clause: Evasion moves are banned
|rule|Endless Battle Clause: Forcing endless battles is banned
|rule|HP Percentage Mod: HP is shown in percentages
|teampreview
|
|start
|switch|p1a: Portgas D. Ace|Charizard, F|297\/297
|switch|p1b: Tropicaliente|Venusaur, F|350\/350
|switch|p2a: Pam|Nidoqueen, F|321\/321
|switch|p2b: Sylvia|Klefki, M, shiny|317\/317
|turn|1
|
|detailschange|p1a: Portgas D. Ace|Charizard-Mega-Y, F
|-mega|p1a: Portgas D. Ace|Charizard|Charizardite Y
|-weather|SunnyDay
|move|p2b: Sylvia|Thunder Wave|p1a: Portgas D. Ace
|-status|p1a: Portgas D. Ace|par
|cant|p1a: Portgas D. Ace|par
|move|p2a: Pam|Sludge Wave|p1a: Portgas D. Ace
|-immune|p2b: Sylvia|[msg]
|-damage|p1a: Portgas D. Ace|167\/297 par
|-damage|p1b: Tropicaliente|208\/350
|move|p1b: Tropicaliente|Sleep Powder|p2a: Pam
|-status|p2a: Pam|slp
|
|-weather|SunnyDay|[upkeep]
|turn|2
|
|move|p2b: Sylvia|Thunder Wave|p1b: Tropicaliente
|-status|p1b: Tropicaliente|par
|move|p1b: Tropicaliente|Sleep Powder|p2b: Sylvia
|-status|p2b: Sylvia|slp
|cant|p2a: Pam|slp
|cant|p1a: Portgas D. Ace|par
|
|-weather|SunnyDay|[upkeep]
|turn|3
|
|cant|p2a: Pam|slp
|cant|p2b: Sylvia|slp
|cant|p1b: Tropicaliente|par
|cant|p1a: Portgas D. Ace|par
|
|-weather|SunnyDay|[upkeep]
|turn|4
|c|âgreg the catfish|that was a productive turn
|
|-curestatus|p2a: Pam|slp
|move|p2a: Pam|Sludge Wave|p1b: Tropicaliente
|-immune|p2b: Sylvia|[msg]
|-damage|p1a: Portgas D. Ace|41\/297 par
|-damage|p1b: Tropicaliente|70\/350 par
|-enditem|p1b: Tropicaliente|Sitrus Berry|[eat]
|-heal|p1b: Tropicaliente|157\/350 par|[from] item: Sitrus Berry
|-curestatus|p2b: Sylvia|slp
|move|p2b: Sylvia|Foul Play|p1a: Portgas D. Ace
|-damage|p1a: Portgas D. Ace|0 fnt
|faint|p1a: Portgas D. Ace
|move|p1b: Tropicaliente|Giga Drain|p2a: Pam
|-damage|p2a: Pam|185\/321
|-heal|p1b: Tropicaliente|225\/350 par|[from] drain|[of] p2a: Pam
|
|-weather|SunnyDay|[upkeep]
|
|switch|p1a: Based Dog|Landorus-Therian, M|320\/320
|-ability|p1a: Based Dog|Intimidate|[of] p2a: Pam
|-unboost|p2a: Pam|atk|1
|-ability|p1a: Based Dog|Intimidate|[of] p2b: Sylvia
|-unboost|p2b: Sylvia|atk|1
|turn|5
|
|switch|p1b: Trick or Treat|Gengar, F|261\/261
|move|p1a: Based Dog|Earthquake|p2b: Sylvia
|-immune|p1b: Trick or Treat|[msg]
|-supereffective|p2a: Pam
|-damage|p2a: Pam|0 fnt
|-supereffective|p2b: Sylvia
|-damage|p2b: Sylvia|39\/317
|faint|p2a: Pam
|-enditem|p2b: Sylvia|Sitrus Berry|[eat]
|-heal|p2b: Sylvia|118\/317|[from] item: Sitrus Berry
|move|p2b: Sylvia|Play Rough|p1b: Trick or Treat
|-resisted|p1b: Trick or Treat
|-damage|p1b: Trick or Treat|216\/261
|
|-weather|none
|
|switch|p2a: Dunsparce|Dunsparce, M|404\/404
|turn|6
|
|move|p2b: Sylvia|Thunder Wave|p1b: Trick or Treat
|-status|p1b: Trick or Treat|par
|move|p1a: Based Dog|Earthquake|p2b: Sylvia
|-immune|p1b: Trick or Treat|[msg]
|-damage|p2a: Dunsparce|200\/404
|-supereffective|p2b: Sylvia
|-damage|p2b: Sylvia|0 fnt
|faint|p2b: Sylvia
|move|p1b: Trick or Treat|Will-O-Wisp|p2a: Dunsparce
|-status|p2a: Dunsparce|brn
|move|p2a: Dunsparce|Ice Beam|p1a: Based Dog
|-supereffective|p1a: Based Dog
|-damage|p1a: Based Dog|0 fnt
|faint|p1a: Based Dog
|
|-heal|p2a: Dunsparce|225\/404 brn|[from] item: Leftovers
|-damage|p2a: Dunsparce|175\/404 brn|[from] brn
|
|switch|p2b: Absol|Absol, F|271\/271
|switch|p1a: Proletarian|Conkeldurr, M|378\/378
|-ability|p2b: Absol|Pressure
|turn|7
|
|detailschange|p2b: Absol|Absol-Mega, F
|-mega|p2b: Absol|Absol|Absolite
|move|p2b: Absol|Knock Off|p1b: Trick or Treat
|-supereffective|p1b: Trick or Treat
|-damage|p1b: Trick or Treat|0 fnt
|-enditem|p1b: Trick or Treat|Focus Sash|[from] move: Knock Off|[of] p2b: Absol
|faint|p1b: Trick or Treat
|move|p1a: Proletarian|Drain Punch|p2b: Absol
|-supereffective|p2b: Absol
|-damage|p2b: Absol|0 fnt
|faint|p2b: Absol
|move|p2a: Dunsparce|Roost|p2a: Dunsparce
|-heal|p2a: Dunsparce|377\/404 brn
|
|-heal|p2a: Dunsparce|402\/404 brn|[from] item: Leftovers
|-damage|p2a: Dunsparce|352\/404 brn|[from] brn
|
|switch|p2b: Hawlucha|Hawlucha, F|360\/360
|switch|p1b: Based Faggot|Sylveon, F|388\/388
|turn|8
|
|move|p2b: Hawlucha|Acrobatics|p1a: Proletarian
|-supereffective|p1a: Proletarian
|-damage|p1a: Proletarian|238\/378
|move|p1b: Based Faggot|Hyper Voice|p2b: Hawlucha
|-damage|p2a: Dunsparce|51\/404 brn
|-supereffective|p2b: Hawlucha
|-damage|p2b: Hawlucha|0 fnt
|faint|p2b: Hawlucha
|move|p1a: Proletarian|Drain Punch|p2a: Dunsparce
|-supereffective|p2a: Dunsparce
|-damage|p2a: Dunsparce|0 fnt
|-heal|p1a: Proletarian|264\/378|[from] drain|[of] p2a: Dunsparce
|faint|p2a: Dunsparce
|
|
|switch|p2a: Gerald|Volcarona, M|311\/311
|turn|9
|
|move|p2a: Gerald|Heat Wave|p1b: Based Faggot
|-damage|p1a: Proletarian|162\/378
|-miss|p2a: Gerald|p1b: Based Faggot
|move|p1b: Based Faggot|Hyper Voice|p2a: Gerald
|-resisted|p2a: Gerald
|-damage|p2a: Gerald|155\/311
|move|p1a: Proletarian|Knock Off|p2a: Gerald
|-damage|p2a: Gerald|0 fnt
|-enditem|p2a: Gerald|Big Root|[from] move: Knock Off|[of] p1a: Proletarian
|faint|p2a: Gerald
|
|win|Chocolove
|raw|Ladder updating...
|raw|Chocolove's rating: 1354 &rarr; <strong>1364<\/strong><br \/>(+10 for winning)
|raw|greg the catfish's rating: 1153 &rarr; <strong>1141<\/strong><br \/>(-12 for losing)
|leave|greg the catfish
|player|p2