|join|Chocolove
|join|Flatey
|player|p1|Chocolove|29
|player|p2|Flatey|2
|gametype|doubles
|gen|6
|tier|Smogon Doubles
|rated
|clearpoke
|poke|p1|Charizard, F
|poke|p1|Venusaur, F
|poke|p1|Landorus-Therian, M
|poke|p1|Gengar, M
|poke|p1|Conkeldurr, M
|poke|p1|Sylveon, F
|poke|p2|Sceptile, M
|poke|p2|Rotom-Wash
|poke|p2|Scizor, F
|poke|p2|Talonflame, M
|rule|Species Clause: Limit one of each PokÃ©mon
|rule|OHKO Clause: OHKO moves are banned
|rule|Moody Clause: Moody is banned
|rule|Evasion Abilities Clause: Evasion abilities are banned
|rule|Evasion Moves Clause: Evasion moves are banned
|rule|Endless Battle Clause: Forcing endless battles is banned
|rule|HP Percentage Mod: HP is shown in percentages
|teampreview
|join|ByronT
|
|start
|switch|p1a: Portgas D. Ace|Charizard, F|297\/297
|switch|p1b: Based Dog|Landorus-Therian, M|320\/320
|switch|p2a: Sceptile|Sceptile, M|281\/281
|switch|p2b: Rotom-Wash|Rotom-Wash|241\/241
|-ability|p1b: Based Dog|Intimidate|[of] p2a: Sceptile
|-unboost|p2a: Sceptile|atk|1
|-ability|p1b: Based Dog|Intimidate|[of] p2b: Rotom-Wash
|-unboost|p2b: Rotom-Wash|atk|1
|turn|1
|c|âChocolove|looking down on me that much
|
|detailschange|p2a: Sceptile|Sceptile-Mega, M
|-mega|p2a: Sceptile|Sceptile|Sceptilite
|detailschange|p1a: Portgas D. Ace|Charizard-Mega-Y, F
|-mega|p1a: Portgas D. Ace|Charizard|Charizardite Y
|-weather|SunnyDay
|move|p1a: Portgas D. Ace|Protect|p1a: Portgas D. Ace
|-singleturn|p1a: Portgas D. Ace|Protect
|move|p2b: Rotom-Wash|Discharge|p1b: Based Dog
|-boost|p2a: Sceptile|spa|1|[from] ability: Lightning Rod
|-activate|p1a: Portgas D. Ace|Protect
|-immune|p1b: Based Dog|[msg]
|move|p1b: Based Dog|U-turn|p2a: Sceptile
|-supereffective|p2a: Sceptile
|-damage|p2a: Sceptile|35\/281
|
|switch|p1b: Proletarian|Conkeldurr, M|378\/378
|move|p2a: Sceptile|Dragon Pulse|p1a: Portgas D. Ace
|-activate|p1a: Portgas D. Ace|Protect
|
|-weather|SunnyDay|[upkeep]
|turn|2
|
|move|p2a: Sceptile|Protect|p2a: Sceptile
|-singleturn|p2a: Sceptile|Protect
|move|p1b: Proletarian|Mach Punch|p2a: Sceptile
|-activate|p2a: Sceptile|Protect
|move|p2b: Rotom-Wash|Discharge|p1b: Proletarian
|-activate|p2a: Sceptile|Protect
|-supereffective|p1a: Portgas D. Ace
|-damage|p1a: Portgas D. Ace|181\/297
|-crit|p1b: Proletarian
|-damage|p1b: Proletarian|293\/378
|move|p1a: Portgas D. Ace|Solar Beam|p2b: Rotom-Wash|[still]
|-prepare|p1a: Portgas D. Ace|Solar Beam|p2b: Rotom-Wash
|-anim|p1a: Portgas D. Ace|Solar Beam|p2b: Rotom-Wash
|-supereffective|p2b: Rotom-Wash
|-damage|p2b: Rotom-Wash|0 fnt
|faint|p2b: Rotom-Wash
|
|-weather|SunnyDay|[upkeep]
|
|switch|p2b: Talonflame|Talonflame, M|297\/297
|turn|3
|
|switch|p1b: Based Dog|Landorus-Therian, M|320\/320
|-ability|p1b: Based Dog|Intimidate|[of] p2a: Sceptile
|-unboost|p2a: Sceptile|atk|1
|-ability|p1b: Based Dog|Intimidate|[of] p2b: Talonflame
|-unboost|p2b: Talonflame|atk|1
|move|p2b: Talonflame|Brave Bird|p1b: Based Dog
|-damage|p1b: Based Dog|211\/320
|-damage|p2b: Talonflame|261\/297|[from] recoil|[of] p1b: Based Dog
|move|p2a: Sceptile|Dragon Pulse|p1a: Portgas D. Ace
|-damage|p1a: Portgas D. Ace|0 fnt
|faint|p1a: Portgas D. Ace
|
|-weather|SunnyDay|[upkeep]
|-heal|p2b: Talonflame|279\/297|[from] item: Leftovers
|
|switch|p1a: Based Faggot|Sylveon, F|388\/388
|turn|4
|
|move|p2a: Sceptile|Leaf Storm|p1b: Based Dog
|-damage|p1b: Based Dog|0 fnt
|-unboost|p2a: Sceptile|spa|2
|faint|p1b: Based Dog
|move|p2b: Talonflame|U-turn|p1a: Based Faggot
|-resisted|p1a: Based Faggot
|-damage|p1a: Based Faggot|361\/388
|
|switch|p2b: Scizor|Scizor, F|343\/343
|move|p1a: Based Faggot|Hyper Voice|p2b: Scizor
|-supereffective|p2a: Sceptile
|-damage|p2a: Sceptile|0 fnt
|-resisted|p2b: Scizor
|-damage|p2b: Scizor|219\/343
|faint|p2a: Sceptile
|
|-weather|SunnyDay|[upkeep]
|
|switch|p1b: Trick or Treat|Gengar, M|261\/261
|switch|p2a: Talonflame|Talonflame, M|279\/297
|turn|5
|
|move|p2a: Talonflame|Brave Bird|p1b: Trick or Treat
|-damage|p1b: Trick or Treat|35\/261
|-damage|p2a: Talonflame|204\/297|[from] recoil|[of] p1b: Trick or Treat
|move|p1b: Trick or Treat|Shadow Ball|p2a: Talonflame
|-damage|p2a: Talonflame|14\/297
|move|p2b: Scizor|Swords Dance|p2b: Scizor
|-boost|p2b: Scizor|atk|2
|move|p1a: Based Faggot|Hyper Voice|p2b: Scizor
|-resisted|p2a: Talonflame
|-damage|p2a: Talonflame|0 fnt
|-resisted|p2b: Scizor
|-damage|p2b: Scizor|78\/343
|faint|p2a: Talonflame
|
|-weather|none
|turn|6
|
|move|p2b: Scizor|Bullet Punch|p1a: Based Faggot
|-supereffective|p1a: Based Faggot
|-damage|p1a: Based Faggot|0 fnt
|faint|p1a: Based Faggot
|move|p1b: Trick or Treat|Shadow Ball|false|[notarget]
|-notarget
|
|
|switch|p1a: Proletarian|Conkeldurr, M|293\/378
|turn|7
|
|move|p2b: Scizor|Bullet Punch|p1b: Trick or Treat
|-damage|p1b: Trick or Treat|0 fnt
|faint|p1b: Trick or Treat
|move|p1a: Proletarian|Drain Punch|p2b: Scizor
|-damage|p2b: Scizor|0 fnt
|-heal|p1a: Proletarian|332\/378|[from] drain|[of] p2b: Scizor
|faint|p2b: Scizor
|
|win|Chocolove
|raw|Ladder updating...
|raw|Chocolove's rating: 1097 &rarr; <strong>1121<\/strong><br \/>(+24 for winning)
|raw|Flatey's rating: 1079 &rarr; <strong>1058<\/strong><br \/>(-21 for losing)
|leave|ByronT
|leave|Flatey