|join|Chocolove
|join|adzaho
|player|p1|Chocolove|29
|player|p2|adzaho|266
|gametype|doubles
|gen|6
|tier|Smogon Doubles
|rated
|clearpoke
|poke|p1|Charizard, F
|poke|p1|Venusaur, F
|poke|p1|Landorus-Therian, M
|poke|p1|Gengar, F
|poke|p1|Conkeldurr, M
|poke|p1|Sylveon, F
|poke|p2|Swampert, F
|poke|p2|Seaking, M
|poke|p2|Ursaring, F
|poke|p2|Snorlax, F
|poke|p2|Ferrothorn, M
|poke|p2|Shedinja
|rule|Species Clause: Limit one of each PokÃ©mon
|rule|OHKO Clause: OHKO moves are banned
|rule|Moody Clause: Moody is banned
|rule|Evasion Abilities Clause: Evasion abilities are banned
|rule|Evasion Moves Clause: Evasion moves are banned
|rule|Endless Battle Clause: Forcing endless battles is banned
|rule|HP Percentage Mod: HP is shown in percentages
|teampreview
|
|start
|switch|p1a: Portgas D. Ace|Charizard, F|297\/297
|switch|p1b: Tropicaliente|Venusaur, F|350\/350
|switch|p2a: Swampert|Swampert, F|341\/341
|switch|p2b: Seaking|Seaking, M|301\/301
|turn|1
|
|detailschange|p1a: Portgas D. Ace|Charizard-Mega-Y, F
|-mega|p1a: Portgas D. Ace|Charizard|Charizardite Y
|-weather|SunnyDay
|detailschange|p2a: Swampert|Swampert-Mega, F
|-mega|p2a: Swampert|Swampert|Swampertite
|move|p2a: Swampert|Protect|p2a: Swampert
|-singleturn|p2a: Swampert|Protect
|move|p1a: Portgas D. Ace|Solar Beam|p2a: Swampert|[still]
|-prepare|p1a: Portgas D. Ace|Solar Beam|p2a: Swampert
|-anim|p1a: Portgas D. Ace|Solar Beam|p2a: Swampert
|-activate|p2a: Swampert|Protect
|move|p2b: Seaking|Rain Dance|p2b: Seaking
|-weather|RainDance
|move|p1b: Tropicaliente|Giga Drain|p2b: Seaking
|-supereffective|p2b: Seaking
|-damage|p2b: Seaking|11\/301
|
|-weather|RainDance|[upkeep]
|-heal|p2b: Seaking|29\/301|[from] item: Leftovers
|turn|2
|
|move|p1a: Portgas D. Ace|Protect|p1a: Portgas D. Ace
|-singleturn|p1a: Portgas D. Ace|Protect
|move|p2a: Swampert|Aqua Tail|p1a: Portgas D. Ace
|-activate|p1a: Portgas D. Ace|Protect
|move|p2b: Seaking|Blizzard|p1b: Tropicaliente
|-activate|p1a: Portgas D. Ace|Protect
|-supereffective|p1b: Tropicaliente
|-damage|p1b: Tropicaliente|222\/350
|-status|p1b: Tropicaliente|frz
|cant|p1b: Tropicaliente|frz
|
|-weather|RainDance|[upkeep]
|-heal|p2b: Seaking|47\/301|[from] item: Leftovers
|turn|3
|
|switch|p1a: Proletarian|Conkeldurr, M|378\/378
|move|p2a: Swampert|Aqua Tail|p1a: Proletarian
|-damage|p1a: Proletarian|140\/378
|move|p2b: Seaking|Aqua Ring|p2b: Seaking
|-start|p2b: Seaking|Aqua Ring
|-curestatus|p1b: Tropicaliente|frz
|move|p1b: Tropicaliente|Giga Drain|p2a: Swampert
|-crit|p2a: Swampert
|-supereffective|p2a: Swampert
|-damage|p2a: Swampert|0 fnt
|-heal|p1b: Tropicaliente|350\/350|[from] drain|[of] p2a: Swampert
|faint|p2a: Swampert
|
|-weather|RainDance|[upkeep]
|-heal|p2b: Seaking|65\/301|[from] item: Leftovers
|-heal|p2b: Seaking|83\/301|[from] Aqua Ring
|
|switch|p2a: Ferrothorn|Ferrothorn, M|289\/289
|turn|4
|
|switch|p1a: Portgas D. Ace|Charizard-Mega-Y, F|297\/297
|-weather|SunnyDay
|move|p2b: Seaking|Blizzard|p1b: Tropicaliente
|-damage|p1a: Portgas D. Ace|237\/297
|-crit|p1b: Tropicaliente
|-supereffective|p1b: Tropicaliente
|-damage|p1b: Tropicaliente|176\/350
|move|p1b: Tropicaliente|Giga Drain|p2b: Seaking
|-supereffective|p2b: Seaking
|-damage|p2b: Seaking|0 fnt
|-heal|p1b: Tropicaliente|218\/350|[from] drain|[of] p2b: Seaking
|faint|p2b: Seaking
|move|p2a: Ferrothorn|Stealth Rock|p1b: Tropicaliente
|-sidestart|p1: Chocolove|move: Stealth Rock
|
|-weather|SunnyDay|[upkeep]
|
|switch|p2b: Ursaring|Ursaring, F|322\/322
|turn|5
|
|move|p1b: Tropicaliente|Sleep Powder|p2b: Ursaring|[miss]
|-miss|p1b: Tropicaliente|p2b: Ursaring
|move|p1a: Portgas D. Ace|Heat Wave|p2b: Ursaring
|-supereffective|p2a: Ferrothorn
|-damage|p2a: Ferrothorn|0 fnt
|-damage|p2b: Ursaring|60\/322
|faint|p2a: Ferrothorn
|move|p2b: Ursaring|Fire Punch|p1b: Tropicaliente
|-supereffective|p1b: Tropicaliente
|-damage|p1b: Tropicaliente|0 fnt
|faint|p1b: Tropicaliente
|
|-weather|SunnyDay|[upkeep]
|-status|p2b: Ursaring|brn|[from] item: Flame Orb
|
|switch|p1b: Trick or Treat|Gengar, F|261\/261
|switch|p2a: Snorlax|Snorlax, F|524\/524
|-damage|p1b: Trick or Treat|229\/261|[from] Stealth Rock
|turn|6
|
|move|p1a: Portgas D. Ace|Protect|p1a: Portgas D. Ace
|-singleturn|p1a: Portgas D. Ace|Protect
|move|p1b: Trick or Treat|Will-O-Wisp|p2a: Snorlax
|-status|p2a: Snorlax|brn
|move|p2b: Ursaring|Facade|p1a: Portgas D. Ace
|-activate|p1a: Portgas D. Ace|Protect
|move|p2a: Snorlax|Curse|p2a: Snorlax
|-boost|p2a: Snorlax|atk|1
|-boost|p2a: Snorlax|def|1
|-unboost|p2a: Snorlax|spe|1
|
|-weather|SunnyDay|[upkeep]
|-damage|p2b: Ursaring|20\/322 brn|[from] brn
|-damage|p2a: Snorlax|459\/524 brn|[from] brn
|turn|7
|
|switch|p1a: Based Dog|Landorus-Therian, M|320\/320
|-damage|p1a: Based Dog|280\/320|[from] Stealth Rock
|-ability|p1a: Based Dog|Intimidate|[of] p2a: Snorlax
|-unboost|p2a: Snorlax|atk|1
|-ability|p1a: Based Dog|Intimidate|[of] p2b: Ursaring
|-unboost|p2b: Ursaring|atk|1
|move|p1b: Trick or Treat|Sludge Wave|p2b: Ursaring
|-resisted|p1a: Based Dog
|-damage|p1a: Based Dog|197\/320
|-damage|p2a: Snorlax|348\/524 brn
|-damage|p2b: Ursaring|0 fnt
|faint|p2b: Ursaring
|move|p2a: Snorlax|Heavy Slam|p1b: Trick or Treat
|-damage|p1b: Trick or Treat|123\/261
|
|-weather|SunnyDay|[upkeep]
|-damage|p2a: Snorlax|283\/524 brn|[from] brn
|
|switch|p2b: Shedinja|Shedinja|1\/1
|turn|8
|
|move|p1a: Based Dog|Rock Slide|p2b: Shedinja
|-damage|p2a: Snorlax|206\/524 brn
|-miss|p1a: Based Dog|p2b: Shedinja
|move|p1b: Trick or Treat|Will-O-Wisp|p2b: Shedinja
|-status|p2b: Shedinja|brn
|move|p2b: Shedinja|Shadow Claw|p1b: Trick or Treat
|-supereffective|p1b: Trick or Treat
|-damage|p1b: Trick or Treat|0 fnt
|faint|p1b: Trick or Treat
|cant|p2a: Snorlax|flinch
|
|-weather|none
|-damage|p2b: Shedinja|0 fnt|[from] brn
|-damage|p2a: Snorlax|141\/524 brn|[from] brn
|faint|p2b: Shedinja
|-message|adzaho forfeited.
|
|win|Chocolove
|raw|Ladder updating...
|leave|adzaho
|player|p2
|raw|Chocolove's rating: 1193 &rarr; <strong>1214<\/strong><br \/>(+21 for winning)
|raw|adzaho's rating: 1125 &rarr; <strong>1105<\/strong><br \/>(-20 for losing)