|join|Chocolove
|join|susy148
|player|p1|Chocolove|29
|player|p2|susy148|56
|gametype|doubles
|gen|6
|tier|Smogon Doubles
|rated
|clearpoke
|poke|p1|Charizard, F
|poke|p1|Venusaur, F
|poke|p1|Landorus-Therian, M
|poke|p1|Gengar, M
|poke|p1|Conkeldurr, M
|poke|p1|Sylveon, F
|poke|p2|Ninetales, M, shiny
|poke|p2|Venusaur, M
|poke|p2|Landorus-Therian, M, shiny
|poke|p2|Donphan, M
|poke|p2|Charizard, M, shiny
|poke|p2|Typhlosion, M
|rule|Species Clause: Limit one of each PokÃ©mon
|rule|OHKO Clause: OHKO moves are banned
|rule|Moody Clause: Moody is banned
|rule|Evasion Abilities Clause: Evasion abilities are banned
|rule|Evasion Moves Clause: Evasion moves are banned
|rule|Endless Battle Clause: Forcing endless battles is banned
|rule|HP Percentage Mod: HP is shown in percentages
|teampreview
|
|start
|switch|p1a: Tropicaliente|Venusaur, F|350\/350
|switch|p1b: Based Dog|Landorus-Therian, M|320\/320
|switch|p2a: Landorus-Therian|Landorus-Therian, M, shiny|319\/319
|switch|p2b: Donphan|Donphan, M|384\/384
|-ability|p1b: Based Dog|Intimidate|[of] p2a: Landorus-Therian
|-unboost|p2a: Landorus-Therian|atk|1
|-ability|p1b: Based Dog|Intimidate|[of] p2b: Donphan
|-unboost|p2b: Donphan|atk|1
|-ability|p2a: Landorus-Therian|Intimidate|[of] p1a: Tropicaliente
|-unboost|p1a: Tropicaliente|atk|1
|-ability|p2a: Landorus-Therian|Intimidate|[of] p1b: Based Dog
|-unboost|p1b: Based Dog|atk|1
|turn|1
|
|move|p1b: Based Dog|U-turn|p2b: Donphan
|-crit|p2b: Donphan
|-damage|p2b: Donphan|263\/384
|
|switch|p1b: Portgas D. Ace|Charizard, F|297\/297
|move|p2a: Landorus-Therian|Toxic|p1b: Portgas D. Ace
|-status|p1b: Portgas D. Ace|tox
|move|p1a: Tropicaliente|Sleep Powder|p2a: Landorus-Therian
|-status|p2a: Landorus-Therian|slp
|move|p2b: Donphan|Stealth Rock|p1b: Portgas D. Ace
|-sidestart|p1: Chocolove|move: Stealth Rock
|
|-heal|p2b: Donphan|287\/384|[from] item: Leftovers
|-damage|p1b: Portgas D. Ace|279\/297 tox|[from] psn
|turn|2
|
|switch|p2b: Ninetales|Ninetales, M, shiny|288\/288
|-weather|SunnyDay
|detailschange|p1b: Portgas D. Ace|Charizard-Mega-Y, F
|-mega|p1b: Portgas D. Ace|Charizard|Charizardite Y
|move|p1b: Portgas D. Ace|Heat Wave|p2b: Ninetales
|-miss|p1b: Portgas D. Ace|p2a: Landorus-Therian
|-resisted|p2b: Ninetales
|-damage|p2b: Ninetales|171\/288
|cant|p2a: Landorus-Therian|slp
|move|p1a: Tropicaliente|Sleep Powder|p2b: Ninetales
|-status|p2b: Ninetales|slp
|
|-weather|SunnyDay|[upkeep]
|-damage|p1b: Portgas D. Ace|243\/297 tox|[from] psn
|turn|3
|
|cant|p2b: Ninetales|slp
|move|p1a: Tropicaliente|Sludge Bomb|p2b: Ninetales
|-damage|p2b: Ninetales|18\/288 slp
|move|p1b: Portgas D. Ace|Heat Wave|p2b: Ninetales
|-damage|p2a: Landorus-Therian|43\/319 slp
|-miss|p1b: Portgas D. Ace|p2b: Ninetales
|cant|p2a: Landorus-Therian|slp
|
|-weather|SunnyDay|[upkeep]
|-damage|p1b: Portgas D. Ace|189\/297 tox|[from] psn
|turn|4
|
|move|p1a: Tropicaliente|Giga Drain|p2a: Landorus-Therian
|-damage|p2a: Landorus-Therian|0 fnt
|faint|p2a: Landorus-Therian
|move|p1b: Portgas D. Ace|Heat Wave|p2b: Ninetales
|-miss|p1b: Portgas D. Ace|p2b: Ninetales
|cant|p2b: Ninetales|slp
|
|-weather|SunnyDay|[upkeep]
|-damage|p1b: Portgas D. Ace|117\/297 tox|[from] psn
|
|switch|p2a: Venusaur|Venusaur, M|302\/302
|turn|5
|
|move|p2a: Venusaur|Sludge Bomb|p1b: Portgas D. Ace
|-damage|p1b: Portgas D. Ace|0 fnt
|faint|p1b: Portgas D. Ace
|move|p1a: Tropicaliente|Sludge Bomb|p2a: Venusaur
|-damage|p2a: Venusaur|164\/302
|cant|p2b: Ninetales|slp
|
|-weather|SunnyDay|[upkeep]
|-heal|p2a: Venusaur|182\/302|[from] item: Black Sludge
|
|switch|p1b: Based Dog|Landorus-Therian, M|320\/320
|-damage|p1b: Based Dog|280\/320|[from] Stealth Rock
|-ability|p1b: Based Dog|Intimidate|[of] p2a: Venusaur
|-unboost|p2a: Venusaur|atk|1
|-ability|p1b: Based Dog|Intimidate|[of] p2b: Ninetales
|-unboost|p2b: Ninetales|atk|1
|turn|6
|
|move|p2a: Venusaur|Sleep Powder|p1b: Based Dog
|-status|p1b: Based Dog|slp
|move|p1a: Tropicaliente|Sludge Bomb|p2a: Venusaur
|-damage|p2a: Venusaur|32\/302
|cant|p1b: Based Dog|slp
|-curestatus|p2b: Ninetales|slp
|move|p2b: Ninetales|Heat Wave|p1a: Tropicaliente
|-miss|p2b: Ninetales|p1a: Tropicaliente
|-damage|p1b: Based Dog|154\/320 slp
|
|-weather|SunnyDay|[upkeep]
|-heal|p2a: Venusaur|50\/302|[from] item: Black Sludge
|turn|7
|
|move|p2a: Venusaur|Sludge Bomb|p1a: Tropicaliente
|-crit|p1a: Tropicaliente
|-damage|p1a: Tropicaliente|146\/350
|-enditem|p1a: Tropicaliente|Sitrus Berry|[eat]
|-heal|p1a: Tropicaliente|233\/350|[from] item: Sitrus Berry
|move|p1a: Tropicaliente|Sludge Bomb|p2b: Ninetales
|-damage|p2b: Ninetales|0 fnt
|faint|p2b: Ninetales
|cant|p1b: Based Dog|slp
|
|-weather|SunnyDay|[upkeep]
|-heal|p2a: Venusaur|68\/302|[from] item: Black Sludge
|
|switch|p2b: Typhlosion|Typhlosion, M|298\/298
|turn|8
|
|move|p2a: Venusaur|Growth|p2a: Venusaur
|-boost|p2a: Venusaur|atk|2
|-boost|p2a: Venusaur|spa|2
|move|p2b: Typhlosion|Eruption|p1b: Based Dog
|-supereffective|p1a: Tropicaliente
|-damage|p1a: Tropicaliente|0 fnt
|-damage|p1b: Based Dog|0 fnt
|faint|p1a: Tropicaliente
|faint|p1b: Based Dog
|
|-weather|SunnyDay|[upkeep]
|-heal|p2a: Venusaur|86\/302|[from] item: Black Sludge
|
|switch|p1b: Trick or Treat|Gengar, M|261\/261
|switch|p1a: Proletarian|Conkeldurr, M|378\/378
|-damage|p1b: Trick or Treat|229\/261|[from] Stealth Rock
|-damage|p1a: Proletarian|355\/378|[from] Stealth Rock
|turn|9
|
|move|p1a: Proletarian|Mach Punch|p2b: Typhlosion
|-crit|p2b: Typhlosion
|-damage|p2b: Typhlosion|157\/298
|move|p2a: Venusaur|Solar Beam|p1a: Proletarian|[still]
|-prepare|p2a: Venusaur|Solar Beam|p1a: Proletarian
|-anim|p2a: Venusaur|Solar Beam|p1a: Proletarian
|-damage|p1a: Proletarian|33\/378
|move|p2b: Typhlosion|Eruption|p1b: Trick or Treat
|-damage|p1a: Proletarian|0 fnt
|-damage|p1b: Trick or Treat|39\/261
|faint|p1a: Proletarian
|move|p1b: Trick or Treat|Sludge Wave|p2b: Typhlosion
|-damage|p2a: Venusaur|0 fnt
|-damage|p2b: Typhlosion|9\/298
|faint|p2a: Venusaur
|
|-weather|none
|
|switch|p1a: Based Faggot|Sylveon, F|388\/388
|switch|p2a: Donphan|Donphan, M|287\/384
|-damage|p1a: Based Faggot|340\/388|[from] Stealth Rock
|turn|10
|
|move|p2a: Donphan|Ice Shard|p1b: Trick or Treat
|-damage|p1b: Trick or Treat|0 fnt
|faint|p1b: Trick or Treat
|move|p2b: Typhlosion|Eruption|p1: Trick or Treat
|-damage|p1a: Based Faggot|331\/388
|move|p1a: Based Faggot|Hyper Voice|p2b: Typhlosion
|-damage|p2a: Donphan|0 fnt
|-resisted|p2b: Typhlosion
|-damage|p2b: Typhlosion|0 fnt
|faint|p2a: Donphan
|faint|p2b: Typhlosion
|
|
|switch|p2a: Charizard|Charizard, M, shiny|298\/298
|turn|11
|
|detailschange|p2a: Charizard|Charizard-Mega-Y, M, shiny
|-mega|p2a: Charizard|Charizard|Charizardite Y
|-weather|SunnyDay
|move|p2a: Charizard|Air Slash|p1a: Based Faggot
|-damage|p1a: Based Faggot|198\/388
|move|p1a: Based Faggot|Hyper Voice|p2a: Charizard
|-resisted|p2a: Charizard
|-damage|p2a: Charizard|160\/298
|
|-weather|SunnyDay|[upkeep]
|turn|12
|
|move|p2a: Charizard|Air Slash|p1a: Based Faggot
|-damage|p1a: Based Faggot|71\/388
|move|p1a: Based Faggot|Hyper Voice|p2a: Charizard
|-resisted|p2a: Charizard
|-damage|p2a: Charizard|31\/298
|
|-weather|SunnyDay|[upkeep]
|turn|13
|
|move|p2a: Charizard|Air Slash|p1a: Based Faggot
|-damage|p1a: Based Faggot|0 fnt
|faint|p1a: Based Faggot
|
|win|susy148
|raw|Ladder updating...
|raw|Chocolove's rating: 1121 &rarr; <strong>1093<\/strong><br \/>(-28 for losing)
|raw|susy148's rating: 1080 &rarr; <strong>1111<\/strong><br \/>(+31 for winning)
|c|âsusy148|screw you for breaking the sleep clause
|c|âChocolove|it's doubles
|c|âsusy148|it's still a really lame way to play
|c|âsusy148|it's uncreative
|leave|susy148