|join|Lonelyblues
|join|Chocolove
|player|p1|Lonelyblues|250
|player|p2|Chocolove|29
|gametype|doubles
|gen|6
|tier|Smogon Doubles
|rated
|clearpoke
|poke|p1|Slowbro, M
|poke|p1|Dusclops, M
|poke|p1|Conkeldurr, M
|poke|p1|Machamp, F
|poke|p1|Eelektross, M
|poke|p1|Cofagrigus, M
|poke|p2|Charizard, F
|poke|p2|Venusaur, F
|poke|p2|Landorus-Therian, M
|poke|p2|Gengar, M
|poke|p2|Conkeldurr, M
|poke|p2|Sylveon, F
|rule|Species Clause: Limit one of each PokÃ©mon
|rule|OHKO Clause: OHKO moves are banned
|rule|Moody Clause: Moody is banned
|rule|Evasion Abilities Clause: Evasion abilities are banned
|rule|Evasion Moves Clause: Evasion moves are banned
|rule|Endless Battle Clause: Forcing endless battles is banned
|rule|HP Percentage Mod: HP is shown in percentages
|teampreview
|
|start
|switch|p1a: Dusclops|Dusclops, M|222\/222
|switch|p1b: Eelektross|Eelektross, M|374\/374
|switch|p2a: Portgas D. Ace|Charizard, F|297\/297
|switch|p2b: Tropicaliente|Venusaur, F|350\/350
|-ability|p1a: Dusclops|Pressure
|turn|1
|
|detailschange|p2a: Portgas D. Ace|Charizard-Mega-Y, F
|-mega|p2a: Portgas D. Ace|Charizard|Charizardite Y
|-weather|SunnyDay
|move|p2a: Portgas D. Ace|Heat Wave|p1b: Eelektross
|-damage|p1a: Dusclops|134\/222
|-status|p1a: Dusclops|brn
|-damage|p1b: Eelektross|106\/374
|move|p2b: Tropicaliente|Sleep Powder|p1b: Eelektross
|-status|p1b: Eelektross|slp
|cant|p1b: Eelektross|slp
|move|p1a: Dusclops|Trick Room|p1a: Dusclops
|-fieldstart|move: Trick Room|[of] p1a: Dusclops
|
|-weather|SunnyDay|[upkeep]
|-damage|p1a: Dusclops|107\/222 brn|[from] brn
|turn|2
|
|move|p1a: Dusclops|Pain Split|p2b: Tropicaliente
|-sethp|p2b: Tropicaliente|228\/350|p1a: Dusclops|222\/222 brn|[from] move: Pain Split
|-curestatus|p1b: Eelektross|slp
|move|p1b: Eelektross|Thunderbolt|p2a: Portgas D. Ace
|-supereffective|p2a: Portgas D. Ace
|-damage|p2a: Portgas D. Ace|0 fnt
|-damage|p1b: Eelektross|69\/374|[from] item: Life Orb
|faint|p2a: Portgas D. Ace
|move|p2b: Tropicaliente|Sludge Bomb|p1a: Dusclops
|-resisted|p1a: Dusclops
|-damage|p1a: Dusclops|194\/222 brn
|
|-weather|SunnyDay|[upkeep]
|-damage|p1a: Dusclops|167\/222 brn|[from] brn
|
|switch|p2a: Proletarian|Conkeldurr, M|378\/378
|turn|3
|
|move|p1a: Dusclops|Shadow Ball|p2a: Proletarian
|-damage|p2a: Proletarian|329\/378
|move|p1b: Eelektross|Flamethrower|p2b: Tropicaliente
|-supereffective|p2b: Tropicaliente
|-damage|p2b: Tropicaliente|0 fnt
|-damage|p1b: Eelektross|32\/374|[from] item: Life Orb
|faint|p2b: Tropicaliente
|move|p2a: Proletarian|Drain Punch|p1b: Eelektross
|-damage|p1b: Eelektross|0 fnt
|-heal|p2a: Proletarian|345\/378|[from] drain|[of] p1b: Eelektross
|faint|p1b: Eelektross
|
|-weather|SunnyDay|[upkeep]
|-damage|p1a: Dusclops|140\/222 brn|[from] brn
|
|switch|p2b: Based Faggot|Sylveon, F|388\/388
|switch|p1b: Cofagrigus|Cofagrigus, M|257\/257
|turn|4
|
|move|p1a: Dusclops|Confuse Ray|p2b: Based Faggot
|-start|p2b: Based Faggot|confusion
|move|p1b: Cofagrigus|Toxic|p2b: Based Faggot
|-status|p2b: Based Faggot|tox
|move|p2a: Proletarian|Knock Off|p1a: Dusclops
|-supereffective|p1a: Dusclops
|-damage|p1a: Dusclops|30\/222 brn
|-enditem|p1a: Dusclops|Eviolite|[from] move: Knock Off|[of] p2a: Proletarian
|-activate|p2b: Based Faggot|confusion
|move|p2b: Based Faggot|Hyper Voice|p1b: Cofagrigus
|-damage|p1a: Dusclops|0 fnt
|-damage|p1b: Cofagrigus|97\/257
|faint|p1a: Dusclops
|
|-weather|SunnyDay|[upkeep]
|-damage|p2b: Based Faggot|364\/388 tox|[from] psn
|
|switch|p1a: Slowbro|Slowbro, M|394\/394
|turn|5
|
|detailschange|p1a: Slowbro|Slowbro-Mega, M
|-mega|p1a: Slowbro|Slowbro|Slowbronite
|move|p1b: Cofagrigus|Shadow Ball|p2b: Based Faggot
|-damage|p2b: Based Faggot|277\/388 tox
|move|p1a: Slowbro|Psychic|p2a: Proletarian
|-supereffective|p2a: Proletarian
|-damage|p2a: Proletarian|51\/378
|move|p2a: Proletarian|Knock Off|p1a: Slowbro
|-supereffective|p1a: Slowbro
|-damage|p1a: Slowbro|284\/394
|-activate|p2b: Based Faggot|confusion
|-damage|p2b: Based Faggot|246\/388 tox|[from] confusion
|
|-weather|none
|-damage|p2b: Based Faggot|198\/388 tox|[from] psn
|-fieldend|move: Trick Room
|turn|6
|
|-end|p2b: Based Faggot|confusion
|move|p2b: Based Faggot|Hyper Voice|p1b: Cofagrigus
|-damage|p1a: Slowbro|0 fnt
|-damage|p1b: Cofagrigus|0 fnt
|faint|p1a: Slowbro
|faint|p1b: Cofagrigus
|move|p2a: Proletarian|Knock Off|p1: Cofagrigus|[notarget]
|-notarget
|
|-damage|p2b: Based Faggot|126\/388 tox|[from] psn
|
|switch|p1b: Machamp|Machamp, F|321\/321
|switch|p1a: Conkeldurr|Conkeldurr, M|351\/351
|turn|7
|
|move|p1b: Machamp|Protect|p1b: Machamp
|-singleturn|p1b: Machamp|Protect
|move|p1a: Conkeldurr|Mach Punch|p2a: Proletarian
|-damage|p2a: Proletarian|0 fnt
|-damage|p1a: Conkeldurr|316\/351|[from] item: Life Orb
|faint|p2a: Proletarian
|move|p2b: Based Faggot|Hyper Voice|p1b: Machamp
|-supereffective|p1a: Conkeldurr
|-damage|p1a: Conkeldurr|0 fnt
|-activate|p1b: Machamp|Protect
|faint|p1a: Conkeldurr
|
|-damage|p2b: Based Faggot|30\/388 tox|[from] psn
|
|switch|p2a: Based Dog|Landorus-Therian, M|320\/320
|-ability|p2a: Based Dog|Intimidate|[of] p1b: Machamp
|-unboost|p1b: Machamp|atk|1
|turn|8
|
|move|p1b: Machamp|Protect|p1b: Machamp
|-singleturn|p1b: Machamp|Protect
|move|p2a: Based Dog|U-turn|p1b: Machamp
|-activate|p1b: Machamp|Protect
|move|p2b: Based Faggot|Hyper Voice|p1b: Machamp
|-activate|p1b: Machamp|Protect
|
|-damage|p2b: Based Faggot|0 fnt|[from] psn
|faint|p2b: Based Faggot
|
|switch|p2b: Trick or Treat|Gengar, M|261\/261
|turn|9
|
|move|p2a: Based Dog|U-turn|p1b: Machamp
|-resisted|p1b: Machamp
|-damage|p1b: Machamp|263\/321
|move|p2b: Trick or Treat|Will-O-Wisp|p1b: Machamp
|-status|p1b: Machamp|brn
|move|p1b: Machamp|Dynamic Punch|p2a: Based Dog
|-resisted|p2a: Based Dog
|-damage|p2a: Based Dog|273\/320
|-start|p2a: Based Dog|confusion
|-damage|p1b: Machamp|231\/321 brn|[from] item: Life Orb
|
|-damage|p1b: Machamp|191\/321 brn|[from] brn
|turn|10
|
|-activate|p2a: Based Dog|confusion
|move|p2a: Based Dog|U-turn|p1b: Machamp
|-resisted|p1b: Machamp
|-damage|p1b: Machamp|135\/321 brn
|move|p2b: Trick or Treat|Sludge Wave|p1b: Machamp
|-resisted|p2a: Based Dog
|-damage|p2a: Based Dog|197\/320
|-damage|p1b: Machamp|26\/321 brn
|move|p1b: Machamp|Stone Edge|p2b: Trick or Treat
|-damage|p2b: Trick or Treat|178\/261
|-damage|p1b: Machamp|0 fnt|[from] item: Life Orb
|faint|p1b: Machamp
|
|win|Chocolove
|raw|Ladder updating...
|raw|Lonelyblues's rating: 1239 &rarr; <strong>1215<\/strong><br \/>(-24 for losing)
|raw|Chocolove's rating: 1257 &rarr; <strong>1280<\/strong><br \/>(+23 for winning)
|leave|Lonelyblues
|player|p1