|join|sexy foxy
|join|Chocolove
|player|p1|sexy foxy|2
|player|p2|Chocolove|29
|gametype|doubles
|gen|6
|tier|Smogon Doubles
|rated
|clearpoke
|poke|p1|Swampert, M
|poke|p1|Mantine, M
|poke|p1|Starmie
|poke|p1|Rotom-Wash
|poke|p1|Kingdra, M
|poke|p1|Seaking, M
|poke|p2|Charizard, F
|poke|p2|Venusaur, F
|poke|p2|Landorus-Therian, M
|poke|p2|Gengar, F
|poke|p2|Conkeldurr, M
|poke|p2|Sylveon, F
|rule|Species Clause: Limit one of each PokÃ©mon
|rule|OHKO Clause: OHKO moves are banned
|rule|Moody Clause: Moody is banned
|rule|Evasion Abilities Clause: Evasion abilities are banned
|rule|Evasion Moves Clause: Evasion moves are banned
|rule|Endless Battle Clause: Forcing endless battles is banned
|rule|HP Percentage Mod: HP is shown in percentages
|teampreview
|
|start
|switch|p1a: Mantine|Mantine, M|271\/271
|switch|p1b: Swampert|Swampert, M|341\/341
|switch|p2a: Portgas D. Ace|Charizard, F|297\/297
|switch|p2b: Tropicaliente|Venusaur, F|350\/350
|turn|1
|
|detailschange|p2a: Portgas D. Ace|Charizard-Mega-Y, F
|-mega|p2a: Portgas D. Ace|Charizard|Charizardite Y
|-weather|SunnyDay
|detailschange|p1b: Swampert|Swampert-Mega, M
|-mega|p1b: Swampert|Swampert|Swampertite
|move|p1b: Swampert|Protect|p1b: Swampert
|-singleturn|p1b: Swampert|Protect
|move|p2a: Portgas D. Ace|Solar Beam|p1b: Swampert|[still]
|-prepare|p2a: Portgas D. Ace|Solar Beam|p1b: Swampert
|-anim|p2a: Portgas D. Ace|Solar Beam|p1b: Swampert
|-activate|p1b: Swampert|Protect
|move|p2b: Tropicaliente|Sleep Powder|p1a: Mantine
|-status|p1a: Mantine|slp
|cant|p1a: Mantine|slp
|
|-weather|SunnyDay|[upkeep]
|turn|2
|
|move|p1b: Swampert|Protect|p1b: Swampert
|-fail|p1b: Swampert
|move|p2b: Tropicaliente|Giga Drain|p1a: Mantine
|-damage|p1a: Mantine|181\/271 slp
|move|p2a: Portgas D. Ace|Solar Beam|p1b: Swampert|[still]
|-prepare|p2a: Portgas D. Ace|Solar Beam|p1b: Swampert
|-anim|p2a: Portgas D. Ace|Solar Beam|p1b: Swampert
|-supereffective|p1b: Swampert
|-damage|p1b: Swampert|0 fnt
|faint|p1b: Swampert
|-curestatus|p1a: Mantine|slp
|move|p1a: Mantine|Rain Dance|p1a: Mantine
|-weather|RainDance
|
|-weather|RainDance|[upkeep]
|-heal|p1a: Mantine|197\/271|[from] item: Leftovers
|
|switch|p1b: Starmie|Starmie|261\/261
|turn|3
|
|switch|p2a: Based Faggot|Sylveon, F|388\/388
|move|p1a: Mantine|Scald|p2a: Based Faggot
|-damage|p2a: Based Faggot|258\/388
|-status|p2a: Based Faggot|brn
|move|p1b: Starmie|Psychic|p2b: Tropicaliente
|-supereffective|p2b: Tropicaliente
|-damage|p2b: Tropicaliente|12\/350
|-enditem|p2b: Tropicaliente|Sitrus Berry|[eat]
|-heal|p2b: Tropicaliente|99\/350|[from] item: Sitrus Berry
|move|p2b: Tropicaliente|Sleep Powder|p1a: Mantine
|-status|p1a: Mantine|slp
|
|-weather|RainDance|[upkeep]
|-heal|p1a: Mantine|213\/271 slp|[from] item: Leftovers
|-damage|p2a: Based Faggot|210\/388 brn|[from] brn
|turn|4
|
|switch|p2b: Proletarian|Conkeldurr, M|378\/378
|cant|p1a: Mantine|slp
|move|p1b: Starmie|Psychic|p2b: Proletarian
|-crit|p2b: Proletarian
|-supereffective|p2b: Proletarian
|-damage|p2b: Proletarian|16\/378
|move|p2a: Based Faggot|Hyper Voice|p1b: Starmie
|-damage|p1a: Mantine|41\/271 slp
|-damage|p1b: Starmie|14\/261
|
|-weather|RainDance|[upkeep]
|-heal|p1a: Mantine|57\/271 slp|[from] item: Leftovers
|-damage|p2a: Based Faggot|162\/388 brn|[from] brn
|turn|5
|
|move|p2b: Proletarian|Mach Punch|p1b: Starmie
|-resisted|p1b: Starmie
|-damage|p1b: Starmie|0 fnt
|faint|p1b: Starmie
|cant|p1a: Mantine|slp
|move|p2a: Based Faggot|Hyper Voice|p1: Starmie
|-damage|p1a: Mantine|0 fnt
|faint|p1a: Mantine
|
|-weather|RainDance|[upkeep]
|-damage|p2a: Based Faggot|114\/388 brn|[from] brn
|
|switch|p1a: Kingdra|Kingdra, M|291\/291
|switch|p1b: Rotom-Wash|Rotom-Wash|280\/280
|turn|6
|leave|sexy foxy
|player|p1
|-message|sexyfoxy lost due to inactivity.
|
|win|Chocolove
|raw|Ladder updating...
|raw|sexy foxy's rating: 1121 &rarr; <strong>1103<\/strong><br \/>(-18 for losing)
|raw|Chocolove's rating: 1219 &rarr; <strong>1238<\/strong><br \/>(+19 for winning)