|join|sdp1992
|join|Chocolove
|player|p1|sdp1992|1
|player|p2|Chocolove|29
|gametype|doubles
|gen|6
|tier|Smogon Doubles
|rated
|clearpoke
|poke|p1|Landorus-Therian, M
|poke|p1|Amoonguss, F
|poke|p1|Talonflame, M
|poke|p1|Sableye, M
|poke|p1|Sylveon, F
|poke|p1|Kangaskhan, F
|poke|p2|Zygarde
|poke|p2|Talonflame, M
|poke|p2|Bisharp, F
|poke|p2|Gardevoir, F
|poke|p2|Aerodactyl, F, shiny
|poke|p2|Rotom-Wash
|rule|Species Clause: Limit one of each PokÃ©mon
|rule|OHKO Clause: OHKO moves are banned
|rule|Moody Clause: Moody is banned
|rule|Evasion Abilities Clause: Evasion abilities are banned
|rule|Evasion Moves Clause: Evasion moves are banned
|rule|Endless Battle Clause: Forcing endless battles is banned
|rule|HP Percentage Mod: HP is shown in percentages
|teampreview
|
|start
|switch|p1a: Kangaskhan|Kangaskhan, F|352\/352
|switch|p1b: Sylveon|Sylveon, F|392\/392
|switch|p2a: Smogon Bird|Talonflame, M|360\/360
|switch|p2b: Pink Ranger|Aerodactyl, F, shiny|302\/302
|-ability|p2b: Pink Ranger|Pressure
|turn|1
|
|detailschange|p1a: Kangaskhan|Kangaskhan-Mega, F
|-mega|p1a: Kangaskhan|Kangaskhan|Kangaskhanite
|move|p1a: Kangaskhan|Fake Out|p2a: Smogon Bird
|-damage|p2a: Smogon Bird|263\/360
|-damage|p2a: Smogon Bird|218\/360
|-hitcount|p2a: Smogon Bird|2
|move|p2b: Pink Ranger|Stealth Rock|p1a: Kangaskhan
|-sidestart|p1: sdp1992|move: Stealth Rock
|cant|p2a: Smogon Bird|flinch
|move|p1b: Sylveon|Hyper Voice|p2b: Pink Ranger
|-resisted|p2a: Smogon Bird
|-damage|p2a: Smogon Bird|83\/360
|-damage|p2b: Pink Ranger|32\/302
|-damage|p1b: Sylveon|353\/392|[from] item: Life Orb
|
|-heal|p2a: Smogon Bird|105\/360|[from] item: Leftovers
|turn|2
|
|move|p2a: Smogon Bird|Roost|p2a: Smogon Bird
|-heal|p2a: Smogon Bird|285\/360
|move|p2b: Pink Ranger|Tailwind|p2b: Pink Ranger
|-sidestart|p2: Chocolove|move: Tailwind
|move|p1a: Kangaskhan|Power-Up Punch|p2a: Smogon Bird
|-damage|p2a: Smogon Bird|219\/360
|-boost|p1a: Kangaskhan|atk|1
|-crit|p2a: Smogon Bird
|-damage|p2a: Smogon Bird|153\/360
|-boost|p1a: Kangaskhan|atk|1
|-hitcount|p2a: Smogon Bird|2
|move|p1b: Sylveon|Hyper Voice|p2b: Pink Ranger
|-resisted|p2a: Smogon Bird
|-damage|p2a: Smogon Bird|24\/360
|-damage|p2b: Pink Ranger|0 fnt
|-damage|p1b: Sylveon|314\/392|[from] item: Life Orb
|faint|p2b: Pink Ranger
|
|-heal|p2a: Smogon Bird|46\/360|[from] item: Leftovers
|
|switch|p2b: Utility|Rotom-Wash|304\/304
|turn|3
|
|move|p2a: Smogon Bird|Brave Bird|p1b: Sylveon
|-damage|p1b: Sylveon|70\/392
|-damage|p2a: Smogon Bird|0 fnt|[from] recoil|[of] p1b: Sylveon
|faint|p2a: Smogon Bird
|move|p2b: Utility|Will-O-Wisp|p1a: Kangaskhan
|-status|p1a: Kangaskhan|brn
|move|p1a: Kangaskhan|Return|p2b: Utility
|-damage|p2b: Utility|162\/304
|-damage|p2b: Utility|80\/304
|-hitcount|p2b: Utility|2
|move|p1b: Sylveon|Hyper Voice|p2b: Utility
|-damage|p2b: Utility|0 fnt
|-damage|p1b: Sylveon|31\/392|[from] item: Life Orb
|faint|p2b: Utility
|
|-damage|p1a: Kangaskhan|308\/352 brn|[from] brn
|
|switch|p2b: Checkmate|Bisharp, F|272\/272
|switch|p2a: Green Lantern|Zygarde|420\/420
|-ability|p2a: Green Lantern|Aura Break
|turn|4
|
|move|p2b: Checkmate|Iron Head|p1b: Sylveon
|-supereffective|p1b: Sylveon
|-damage|p1b: Sylveon|0 fnt
|-damage|p2b: Checkmate|245\/272|[from] item: Life Orb
|faint|p1b: Sylveon
|move|p2a: Green Lantern|Coil|p2a: Green Lantern
|-boost|p2a: Green Lantern|atk|1
|-boost|p2a: Green Lantern|def|1
|-boost|p2a: Green Lantern|accuracy|1
|move|p1a: Kangaskhan|Return|p2b: Checkmate
|-resisted|p2b: Checkmate
|-damage|p2b: Checkmate|158\/272
|-crit|p2b: Checkmate
|-resisted|p2b: Checkmate
|-damage|p2b: Checkmate|96\/272
|-hitcount|p2b: Checkmate|2
|
|-damage|p1a: Kangaskhan|264\/352 brn|[from] brn
|
|switch|p1b: Sableye|Sableye, M|304\/304
|-damage|p1b: Sableye|266\/304|[from] Stealth Rock
|turn|5
|
|move|p1b: Sableye|Will-O-Wisp|p2a: Green Lantern|[miss]
|-miss|p1b: Sableye|p2a: Green Lantern
|move|p2b: Checkmate|Knock Off|p1b: Sableye
|-damage|p1b: Sableye|67\/304
|-enditem|p1b: Sableye|Leftovers|[from] move: Knock Off|[of] p2b: Checkmate
|-damage|p2b: Checkmate|69\/272|[from] item: Life Orb
|move|p2a: Green Lantern|Land's Wrath|p1b: Sableye
|-damage|p1a: Kangaskhan|86\/352 brn
|-damage|p1b: Sableye|0 fnt
|faint|p1b: Sableye
|move|p1a: Kangaskhan|Return|p2b: Checkmate
|-resisted|p2b: Checkmate
|-damage|p2b: Checkmate|0 fnt
|-hitcount|p2b: Checkmate|1
|faint|p2b: Checkmate
|
|-damage|p1a: Kangaskhan|42\/352 brn|[from] brn
|-sideend|p2: Chocolove|move: Tailwind
|
|switch|p1b: Talonflame|Talonflame, M|298\/298
|switch|p2b: Maiden|Gardevoir, F|340\/340
|-damage|p1b: Talonflame|149\/298|[from] Stealth Rock
|-ability|p2b: Maiden|Parental Bond|[from] ability: Trace|[of] p1a: Kangaskhan
|turn|6
|
|detailschange|p2b: Maiden|Gardevoir-Mega, F
|-mega|p2b: Maiden|Gardevoir|Gardevoirite
|move|p2b: Maiden|Protect|p2b: Maiden
|-singleturn|p2b: Maiden|Protect
|move|p2a: Green Lantern|Extreme Speed|p1b: Talonflame
|-damage|p1b: Talonflame|0 fnt
|faint|p1b: Talonflame
|move|p1a: Kangaskhan|Sucker Punch|p2b: Maiden
|-fail|p2b: Maiden
|
|-damage|p1a: Kangaskhan|0 fnt|[from] brn
|faint|p1a: Kangaskhan
|
|switch|p1a: Landorus-Therian|Landorus-Therian, M|330\/330
|switch|p1b: Amoonguss|Amoonguss, F|428\/428
|-damage|p1a: Landorus-Therian|289\/330|[from] Stealth Rock
|-ability|p1a: Landorus-Therian|Intimidate|[of] p2a: Green Lantern
|-unboost|p2a: Green Lantern|atk|1
|-ability|p1a: Landorus-Therian|Intimidate|[of] p2b: Maiden
|-unboost|p2b: Maiden|atk|1
|-damage|p1b: Amoonguss|375\/428|[from] Stealth Rock
|turn|7
|
|move|p1b: Amoonguss|Protect|p1b: Amoonguss
|-singleturn|p1b: Amoonguss|Protect
|move|p1a: Landorus-Therian|Earthquake|p2b: Maiden
|-activate|p1b: Amoonguss|Protect
|-damage|p2a: Green Lantern|333\/420
|-damage|p2b: Maiden|130\/340
|move|p2b: Maiden|Psyshock|p1b: Amoonguss
|-activate|p1b: Amoonguss|Protect
|move|p2a: Green Lantern|Coil|p2a: Green Lantern
|-boost|p2a: Green Lantern|atk|1
|-boost|p2a: Green Lantern|def|1
|-boost|p2a: Green Lantern|accuracy|1
|
|-heal|p2a: Green Lantern|359\/420|[from] item: Leftovers
|turn|8
|
|move|p2b: Maiden|Protect|p2b: Maiden
|-singleturn|p2b: Maiden|Protect
|move|p1a: Landorus-Therian|Earthquake|p2b: Maiden
|-damage|p1b: Amoonguss|185\/428
|-damage|p2a: Green Lantern|292\/420
|-activate|p2b: Maiden|Protect
|move|p1b: Amoonguss|Giga Drain|p2a: Green Lantern
|-damage|p2a: Green Lantern|214\/420
|-heal|p1b: Amoonguss|224\/428|[from] drain|[of] p2a: Green Lantern
|move|p2a: Green Lantern|Dragon Tail|p1a: Landorus-Therian
|-damage|p1a: Landorus-Therian|142\/330
|
|-heal|p2a: Green Lantern|240\/420|[from] item: Leftovers
|turn|9
|
|move|p1a: Landorus-Therian|Earthquake|p2b: Maiden
|-damage|p1b: Amoonguss|34\/428
|-crit|p2a: Green Lantern
|-damage|p2a: Green Lantern|50\/420
|-crit|p2b: Maiden
|-damage|p2b: Maiden|0 fnt
|faint|p2b: Maiden
|move|p1b: Amoonguss|Spore|p2a: Green Lantern
|-status|p2a: Green Lantern|slp
|cant|p2a: Green Lantern|slp
|
|-heal|p2a: Green Lantern|76\/420 slp|[from] item: Leftovers
|turn|10
|
|move|p1b: Amoonguss|Protect|p1b: Amoonguss
|-singleturn|p1b: Amoonguss|Protect
|cant|p2a: Green Lantern|slp
|move|p1a: Landorus-Therian|Earthquake|p2a: Green Lantern
|-activate|p1b: Amoonguss|Protect
|-damage|p2a: Green Lantern|12\/420 slp
|
|-heal|p2a: Green Lantern|38\/420 slp|[from] item: Leftovers
|turn|11
|
|-curestatus|p2a: Green Lantern|slp
|move|p2a: Green Lantern|Extreme Speed|p1a: Landorus-Therian
|-damage|p1a: Landorus-Therian|0 fnt
|faint|p1a: Landorus-Therian
|move|p1b: Amoonguss|Giga Drain|p2a: Green Lantern
|-damage|p2a: Green Lantern|0 fnt
|-heal|p1b: Amoonguss|53\/428|[from] drain|[of] p2a: Green Lantern
|faint|p2a: Green Lantern
|
|win|sdp1992
|raw|Ladder updating...
|raw|sdp1992's rating: 1318 &rarr; <strong>1329<\/strong><br \/>(+11 for winning)
|raw|Chocolove's rating: 1149 &rarr; <strong>1135<\/strong><br \/>(-14 for losing)
|c|âsdp1992|gg
|c|âChocolove|thanks but no thanks