|join|Chocolove
|join|LittleInspiration
|player|p1|Chocolove|29
|player|p2|LittleInspiration|2
|gametype|doubles
|gen|6
|tier|Smogon Doubles
|rated
|clearpoke
|poke|p1|Charizard, F
|poke|p1|Venusaur, F
|poke|p1|Landorus-Therian, M
|poke|p1|Gengar, F
|poke|p1|Conkeldurr, M
|poke|p1|Sylveon, F
|poke|p2|Gyarados, M
|poke|p2|Arcanine, M
|poke|p2|Landorus-Therian, M
|poke|p2|Salamence, M
|poke|p2|Manectric, M
|poke|p2|Hitmontop, M
|rule|Species Clause: Limit one of each PokÃ©mon
|rule|OHKO Clause: OHKO moves are banned
|rule|Moody Clause: Moody is banned
|rule|Evasion Abilities Clause: Evasion abilities are banned
|rule|Evasion Moves Clause: Evasion moves are banned
|rule|Endless Battle Clause: Forcing endless battles is banned
|rule|HP Percentage Mod: HP is shown in percentages
|teampreview
|c|âChocolove|intimidate'd
|
|start
|switch|p1a: Portgas D. Ace|Charizard, F|297\/297
|switch|p1b: Based Dog|Landorus-Therian, M|320\/320
|switch|p2a: Landorus-Therian|Landorus-Therian, M|340\/340
|switch|p2b: Gyarados|Gyarados, M|394\/394
|-ability|p1b: Based Dog|Intimidate|[of] p2a: Landorus-Therian
|-unboost|p2a: Landorus-Therian|atk|1
|-ability|p1b: Based Dog|Intimidate|[of] p2b: Gyarados
|-unboost|p2b: Gyarados|atk|1
|-ability|p2a: Landorus-Therian|Intimidate|[of] p1a: Portgas D. Ace
|-unboost|p1a: Portgas D. Ace|atk|1
|-ability|p2a: Landorus-Therian|Intimidate|[of] p1b: Based Dog
|-unboost|p1b: Based Dog|atk|1
|-ability|p2b: Gyarados|Intimidate|[of] p1a: Portgas D. Ace
|-unboost|p1a: Portgas D. Ace|atk|1
|-ability|p2b: Gyarados|Intimidate|[of] p1b: Based Dog
|-unboost|p1b: Based Dog|atk|1
|turn|1
|
|detailschange|p1a: Portgas D. Ace|Charizard-Mega-Y, F
|-mega|p1a: Portgas D. Ace|Charizard|Charizardite Y
|-weather|SunnyDay
|move|p1b: Based Dog|Rock Slide|p2b: Gyarados
|-crit|p2a: Landorus-Therian
|-damage|p2a: Landorus-Therian|222\/340
|-supereffective|p2b: Gyarados
|-damage|p2b: Gyarados|304\/394
|move|p2a: Landorus-Therian|Rock Slide|p1b: Based Dog
|-supereffective|p1a: Portgas D. Ace
|-damage|p1a: Portgas D. Ace|101\/297
|-damage|p1b: Based Dog|268\/320
|move|p1a: Portgas D. Ace|Heat Wave|p2b: Gyarados
|-damage|p2a: Landorus-Therian|0 fnt
|-miss|p1a: Portgas D. Ace|p2b: Gyarados
|faint|p2a: Landorus-Therian
|move|p2b: Gyarados|Ice Fang|p1b: Based Dog
|-supereffective|p1b: Based Dog
|-damage|p1b: Based Dog|20\/320
|
|-weather|SunnyDay|[upkeep]
|
|switch|p2a: Hitmontop|Hitmontop, M|304\/304
|-ability|p2a: Hitmontop|Intimidate|[of] p1a: Portgas D. Ace
|-unboost|p1a: Portgas D. Ace|atk|1
|-ability|p2a: Hitmontop|Intimidate|[of] p1b: Based Dog
|-unboost|p1b: Based Dog|atk|1
|turn|2
|
|move|p2a: Hitmontop|Fake Out|p1b: Based Dog
|-damage|p1b: Based Dog|0 fnt
|faint|p1b: Based Dog
|move|p1a: Portgas D. Ace|Heat Wave|p2b: Gyarados
|-damage|p2a: Hitmontop|117\/304
|-resisted|p2b: Gyarados
|-damage|p2b: Gyarados|234\/394
|move|p2b: Gyarados|Waterfall|p1a: Portgas D. Ace
|-supereffective|p1a: Portgas D. Ace
|-damage|p1a: Portgas D. Ace|0 fnt
|faint|p1a: Portgas D. Ace
|
|-weather|SunnyDay|[upkeep]
|-heal|p2a: Hitmontop|136\/304|[from] item: Leftovers
|
|switch|p1a: Tropicaliente|Venusaur, F|350\/350
|switch|p1b: Based Faggot|Sylveon, F|388\/388
|turn|3
|
|move|p2a: Hitmontop|Protect|p2a: Hitmontop
|-singleturn|p2a: Hitmontop|Protect
|move|p1a: Tropicaliente|Sleep Powder|p2b: Gyarados
|-status|p2b: Gyarados|slp
|cant|p2b: Gyarados|slp
|move|p1b: Based Faggot|Hyper Voice|p2a: Hitmontop
|-activate|p2a: Hitmontop|Protect
|-damage|p2b: Gyarados|78\/394 slp
|
|-weather|SunnyDay|[upkeep]
|-heal|p2a: Hitmontop|155\/304|[from] item: Leftovers
|turn|4
|
|move|p1a: Tropicaliente|Sleep Powder|p2a: Hitmontop|[miss]
|-miss|p1a: Tropicaliente|p2a: Hitmontop
|cant|p2b: Gyarados|slp
|move|p2a: Hitmontop|Close Combat|p1b: Based Faggot
|-resisted|p1b: Based Faggot
|-damage|p1b: Based Faggot|264\/388
|-unboost|p2a: Hitmontop|def|1
|-unboost|p2a: Hitmontop|spd|1
|move|p1b: Based Faggot|Hyper Voice|p2a: Hitmontop
|-supereffective|p2a: Hitmontop
|-damage|p2a: Hitmontop|0 fnt
|-damage|p2b: Gyarados|0 fnt
|faint|p2a: Hitmontop
|faint|p2b: Gyarados
|
|-weather|SunnyDay|[upkeep]
|
|switch|p2b: Manectric|Manectric, M|281\/281
|switch|p2a: Arcanine|Arcanine, M|321\/321
|-ability|p2a: Arcanine|Intimidate|[of] p1a: Tropicaliente
|-unboost|p1a: Tropicaliente|atk|1
|-ability|p2a: Arcanine|Intimidate|[of] p1b: Based Faggot
|-unboost|p1b: Based Faggot|atk|1
|turn|5
|
|detailschange|p2b: Manectric|Manectric-Mega, M
|-mega|p2b: Manectric|Manectric|Manectite
|-ability|p2b: Manectric|Intimidate|[of] p1a: Tropicaliente
|-unboost|p1a: Tropicaliente|atk|1
|-ability|p2b: Manectric|Intimidate|[of] p1b: Based Faggot
|-unboost|p1b: Based Faggot|atk|1
|move|p1a: Tropicaliente|Sleep Powder|p2a: Arcanine
|-status|p2a: Arcanine|slp
|move|p2b: Manectric|Flamethrower|p1a: Tropicaliente
|-supereffective|p1a: Tropicaliente
|-damage|p1a: Tropicaliente|8\/350
|-enditem|p1a: Tropicaliente|Sitrus Berry|[eat]
|-heal|p1a: Tropicaliente|95\/350|[from] item: Sitrus Berry
|cant|p2a: Arcanine|slp
|move|p1b: Based Faggot|Hyper Voice|p2a: Arcanine
|-resisted|p2a: Arcanine
|-damage|p2a: Arcanine|175\/321 slp
|-damage|p2b: Manectric|10\/281
|
|-weather|none
|-heal|p2a: Arcanine|195\/321 slp|[from] item: Leftovers
|turn|6
|c|âLittleInspiration|scarf? wtf
|c|âChocolove|sun was up
|c|âLittleInspiration|oh right
|
|move|p1a: Tropicaliente|Protect|p1a: Tropicaliente
|-singleturn|p1a: Tropicaliente|Protect
|move|p2b: Manectric|Flamethrower|p1a: Tropicaliente
|-activate|p1a: Tropicaliente|Protect
|cant|p2a: Arcanine|slp
|move|p1b: Based Faggot|Hyper Voice|p2b: Manectric
|-resisted|p2a: Arcanine
|-damage|p2a: Arcanine|66\/321 slp
|-damage|p2b: Manectric|0 fnt
|faint|p2b: Manectric
|
|-heal|p2a: Arcanine|86\/321 slp|[from] item: Leftovers
|
|switch|p2b: Salamence|Salamence, M|393\/393
|-ability|p2b: Salamence|Intimidate|[of] p1a: Tropicaliente
|-unboost|p1a: Tropicaliente|atk|1
|-ability|p2b: Salamence|Intimidate|[of] p1b: Based Faggot
|-unboost|p1b: Based Faggot|atk|1
|turn|7
|
|cant|p2a: Arcanine|slp
|move|p2b: Salamence|Dragon Dance|p2b: Salamence
|-boost|p2b: Salamence|atk|1
|-boost|p2b: Salamence|spe|1
|move|p1a: Tropicaliente|Sleep Powder|p2b: Salamence
|-status|p2b: Salamence|slp
|move|p1b: Based Faggot|Hyper Voice|p2b: Salamence
|-resisted|p2a: Arcanine
|-damage|p2a: Arcanine|0 fnt
|-supereffective|p2b: Salamence
|-damage|p2b: Salamence|0 fnt
|faint|p2a: Arcanine
|faint|p2b: Salamence
|
|win|Chocolove
|raw|Ladder updating...
|raw|Chocolove's rating: 1379 &rarr; <strong>1391<\/strong><br \/>(+12 for winning)
|raw|LittleInspiration's rating: 1237 &rarr; <strong>1222<\/strong><br \/>(-15 for losing)
|c|âChocolove|gg
|leave|LittleInspiration