|join|Chocolove
|join|Battleager
|player|p1|Chocolove|29
|player|p2|Battleager|102
|gametype|doubles
|gen|6
|tier|Smogon Doubles
|rated
|clearpoke
|poke|p1|Charizard, F
|poke|p1|Venusaur, F
|poke|p1|Landorus-Therian, M
|poke|p1|Gengar, M
|poke|p1|Conkeldurr, M
|poke|p1|Sylveon, F
|poke|p2|Floatzel, F
|poke|p2|Shedinja
|poke|p2|Marowak, F
|poke|p2|Politoed, F
|poke|p2|Electivire, F
|poke|p2|Heracross, F
|rule|Species Clause: Limit one of each PokÃ©mon
|rule|OHKO Clause: OHKO moves are banned
|rule|Moody Clause: Moody is banned
|rule|Evasion Abilities Clause: Evasion abilities are banned
|rule|Evasion Moves Clause: Evasion moves are banned
|rule|Endless Battle Clause: Forcing endless battles is banned
|rule|HP Percentage Mod: HP is shown in percentages
|teampreview
|
|start
|switch|p1a: Portgas D. Ace|Charizard, F|297\/297
|switch|p1b: Tropicaliente|Venusaur, F|350\/350
|switch|p2a: Politoed|Politoed, F|384\/384
|switch|p2b: Floatzel|Floatzel, F|311\/311
|-weather|RainDance
|turn|1
|join|Calydon
|
|detailschange|p1a: Portgas D. Ace|Charizard-Mega-Y, F
|-mega|p1a: Portgas D. Ace|Charizard|Charizardite Y
|-weather|SunnyDay
|move|p2b: Floatzel|Waterfall|p1a: Portgas D. Ace
|-supereffective|p1a: Portgas D. Ace
|-damage|p1a: Portgas D. Ace|117\/297
|cant|p1a: Portgas D. Ace|flinch
|move|p1b: Tropicaliente|Giga Drain|p2a: Politoed
|-supereffective|p2a: Politoed
|-damage|p2a: Politoed|130\/384
|move|p2a: Politoed|Blizzard|p1b: Tropicaliente
|-damage|p1a: Portgas D. Ace|45\/297
|-supereffective|p1b: Tropicaliente
|-damage|p1b: Tropicaliente|192\/350
|
|-weather|SunnyDay|[upkeep]
|turn|2
|
|move|p2b: Floatzel|Waterfall|p1a: Portgas D. Ace
|-supereffective|p1a: Portgas D. Ace
|-damage|p1a: Portgas D. Ace|0 fnt
|faint|p1a: Portgas D. Ace
|move|p1b: Tropicaliente|Giga Drain|p2a: Politoed
|-supereffective|p2a: Politoed
|-damage|p2a: Politoed|0 fnt
|-heal|p1b: Tropicaliente|257\/350|[from] drain|[of] p2a: Politoed
|faint|p2a: Politoed
|
|-weather|SunnyDay|[upkeep]
|
|switch|p1a: Trick or Treat|Gengar, M|261\/261
|switch|p2a: Heracross|Heracross, F|326\/326
|turn|3
|leave|Calydon
|
|detailschange|p2a: Heracross|Heracross-Mega, F
|-mega|p2a: Heracross|Heracross|Heracronite
|move|p2b: Floatzel|Waterfall|p1a: Trick or Treat
|-damage|p1a: Trick or Treat|165\/261
|move|p1b: Tropicaliente|Sleep Powder|p2a: Heracross
|-status|p2a: Heracross|slp
|cant|p1a: Trick or Treat|flinch
|cant|p2a: Heracross|slp
|
|-weather|SunnyDay|[upkeep]
|turn|4
|
|switch|p2b: Marowak|Marowak, F|262\/262
|switch|p1a: Based Faggot|Sylveon, F|388\/388
|move|p1b: Tropicaliente|Sleep Powder|p2b: Marowak
|-status|p2b: Marowak|slp
|cant|p2a: Heracross|slp
|
|-weather|SunnyDay|[upkeep]
|turn|5
|c|âBattleager|so fucking cheap
|
|switch|p1b: Based Dog|Landorus-Therian, M|320\/320
|-ability|p1b: Based Dog|Intimidate|[of] p2a: Heracross
|-unboost|p2a: Heracross|atk|1
|-ability|p1b: Based Dog|Intimidate|[of] p2b: Marowak
|-unboost|p2b: Marowak|atk|1
|cant|p2a: Heracross|slp
|cant|p2b: Marowak|slp
|move|p1a: Based Faggot|Hyper Voice|p2a: Heracross
|-supereffective|p2a: Heracross
|-damage|p2a: Heracross|0 fnt
|-damage|p2b: Marowak|0 fnt
|faint|p2a: Heracross
|faint|p2b: Marowak
|
|-weather|none
|c|âBattleager|this is some serious bullshit
|
|switch|p2a: Floatzel|Floatzel, F|311\/311
|switch|p2b: Shedinja|Shedinja|1\/1
|turn|6
|
|move|p2a: Floatzel|Soak|p2b: Shedinja
|-start|p2b: Shedinja|typechange|Water
|move|p1b: Based Dog|Rock Slide|p2b: Shedinja
|-miss|p1b: Based Dog|p2a: Floatzel
|-activate|p2b: Shedinja|ability: Wonder Guard
|move|p2b: Shedinja|Swords Dance|p2b: Shedinja
|-boost|p2b: Shedinja|atk|2
|move|p1a: Based Faggot|Hyper Voice|p2b: Shedinja
|-damage|p2a: Floatzel|0 fnt
|-activate|p2b: Shedinja|ability: Wonder Guard
|faint|p2a: Floatzel
|
|
|switch|p2a: Electivire|Electivire, F|291\/291
|-item|p2a: Electivire|Air Balloon
|turn|7
|c|âChocolove|talk about cheap
|c|âBattleager|....you used sleep powder twice
|c|âChocolove|there's no sleep clause in doubles, pal
|c|âBattleager|and it's people like you that are the reason why there is a sleep clause to begin with
|
|move|p1b: Based Dog|Rock Slide|p2b: Shedinja
|-damage|p2a: Electivire|187\/291
|-enditem|p2a: Electivire|Air Balloon
|-activate|p2b: Shedinja|ability: Wonder Guard
|move|p2a: Electivire|Ice Punch|p1b: Based Dog
|-supereffective|p1b: Based Dog
|-damage|p1b: Based Dog|0 fnt
|faint|p1b: Based Dog
|move|p2b: Shedinja|Swords Dance|p2b: Shedinja
|-boost|p2b: Shedinja|atk|2
|move|p1a: Based Faggot|Hyper Voice|p2a: Electivire
|-damage|p2a: Electivire|0 fnt
|-activate|p2b: Shedinja|ability: Wonder Guard
|faint|p2a: Electivire
|
|c|âChocolove|2 pokemon to hit the sleep inducer
|c|âChocolove|yet you complain
|
|switch|p1b: Trick or Treat|Gengar, M|165\/261
|turn|8
|
|move|p2b: Shedinja|Shadow Sneak|p1b: Trick or Treat
|-supereffective|p1b: Trick or Treat
|-damage|p1b: Trick or Treat|0 fnt
|faint|p1b: Trick or Treat
|move|p1a: Based Faggot|Hyper Voice|p2b: Shedinja
|-activate|p2b: Shedinja|ability: Wonder Guard
|
|
|switch|p1b: Tropicaliente|Venusaur, F|257\/350
|turn|9
|
|switch|p1a: Proletarian|Conkeldurr, M|378\/378
|move|p1b: Tropicaliente|Sleep Powder|p2b: Shedinja
|-status|p2b: Shedinja|slp
|cant|p2b: Shedinja|slp
|
|turn|10
|
|move|p1b: Tropicaliente|Sludge Bomb|p2b: Shedinja
|-activate|p2b: Shedinja|ability: Wonder Guard
|cant|p2b: Shedinja|slp
|move|p1a: Proletarian|Knock Off|p2b: Shedinja
|-activate|p2b: Shedinja|ability: Wonder Guard
|
|turn|11
|
|move|p1b: Tropicaliente|Giga Drain|p2b: Shedinja
|-supereffective|p2b: Shedinja
|-enditem|p2b: Shedinja|Focus Sash
|-damage|p2b: Shedinja|1\/1 slp
|cant|p2b: Shedinja|slp
|move|p1a: Proletarian|Drain Punch|p2b: Shedinja
|-activate|p2b: Shedinja|ability: Wonder Guard
|
|turn|12
|
|-curestatus|p2b: Shedinja|slp
|move|p2b: Shedinja|Shadow Sneak|p1b: Tropicaliente
|-damage|p1b: Tropicaliente|126\/350
|-enditem|p1b: Tropicaliente|Sitrus Berry|[eat]
|-heal|p1b: Tropicaliente|213\/350|[from] item: Sitrus Berry
|move|p1a: Proletarian|Mach Punch|p2b: Shedinja
|-activate|p2b: Shedinja|ability: Wonder Guard
|move|p1b: Tropicaliente|Giga Drain|p2b: Shedinja
|-supereffective|p2b: Shedinja
|-damage|p2b: Shedinja|0 fnt
|-heal|p1b: Tropicaliente|214\/350|[from] drain|[of] p2b: Shedinja
|faint|p2b: Shedinja
|
|win|Chocolove
|raw|Ladder updating...
|raw|Chocolove's rating: 1391 &rarr; <strong>1405<\/strong><br \/>(+14 for winning)
|raw|Battleager's rating: 1272 &rarr; <strong>1255<\/strong><br \/>(-17 for losing)
|leave|Battleager
|player|p2