|join|Fer1est
|join|Ysterix
|player|p1|Fer1est|65
|player|p2|Ysterix|266
|gametype|singles
|gen|6
|tier|OU
|rated
|clearpoke
|poke|p1|Swampert, M
|poke|p1|Klefki, F
|poke|p1|Politoed, M
|poke|p1|Manaphy
|poke|p1|Thundurus, M
|poke|p1|Celebi
|poke|p2|Charizard, M
|poke|p2|Terrakion
|poke|p2|Landorus-Therian, M
|poke|p2|Latios, M
|poke|p2|Crawdaunt, M
|poke|p2|Thundurus, M
|rule|Swagger Clause: Swagger is banned
|rule|Baton Pass Clause: Limit one PokÃ©mon knowing Baton Pass
|rule|Sleep Clause Mod: Limit one foe put to sleep
|rule|Species Clause: Limit one of each PokÃ©mon
|rule|OHKO Clause: OHKO moves are banned
|rule|Moody Clause: Moody is banned
|rule|Evasion Moves Clause: Evasion moves are banned
|rule|Endless Battle Clause: Forcing endless battles is banned
|rule|HP Percentage Mod: HP is shown in percentages
|teampreview
|
|start
|switch|p1a: Nessie|Swampert, M|367\/367
|switch|p2a: Crawdaunt|Crawdaunt, M|329\/329
|turn|1
|
|detailschange|p1a: Nessie|Swampert-Mega, M
|-mega|p1a: Nessie|Swampert|Swampertite
|move|p1a: Nessie|Earthquake|p2a: Crawdaunt
|-damage|p2a: Crawdaunt|89\/329
|move|p2a: Crawdaunt|Swords Dance|p2a: Crawdaunt
|-boost|p2a: Crawdaunt|atk|2
|
|turn|2
|
|move|p2a: Crawdaunt|Aqua Jet|p1a: Nessie
|-damage|p1a: Nessie|149\/367
|-damage|p2a: Crawdaunt|57\/329|[from] item: Life Orb
|move|p1a: Nessie|Waterfall|p2a: Crawdaunt
|-resisted|p2a: Crawdaunt
|-damage|p2a: Crawdaunt|0 fnt
|faint|p2a: Crawdaunt
|
|
|switch|p2a: Charizard|Charizard, M|297\/297
|turn|3
|
|switch|p1a: Celebi|Celebi|404\/404
|detailschange|p2a: Charizard|Charizard-Mega-X, M
|-mega|p2a: Charizard|Charizard|Charizardite X
|move|p2a: Charizard|Dragon Dance|p2a: Charizard
|-boost|p2a: Charizard|atk|1
|-boost|p2a: Charizard|spe|1
|
|turn|4
|
|switch|p1a: Rainbow|Politoed, M|384\/384
|-weather|RainDance
|move|p2a: Charizard|Flare Blitz|p1a: Rainbow
|-crit|p1a: Rainbow
|-resisted|p1a: Rainbow
|-damage|p1a: Rainbow|191\/384
|-damage|p2a: Charizard|233\/297|[from] recoil|[of] p1a: Rainbow
|
|-weather|RainDance|[upkeep]
|turn|5
|
|switch|p1a: Klefki|Klefki, F|318\/318
|move|p2a: Charizard|Flare Blitz|p1a: Klefki
|-supereffective|p1a: Klefki
|-damage|p1a: Klefki|0 fnt
|-damage|p2a: Charizard|128\/297|[from] recoil|[of] p1a: Klefki
|faint|p1a: Klefki
|
|-weather|RainDance|[upkeep]
|
|switch|p1a: Unleashed|Manaphy|404\/404
|turn|6
|leave|Fer1est
|player|p1
|join|Fer1est
|player|p1|Fer1est|65
|
|move|p2a: Charizard|Roost|p2a: Charizard
|-heal|p2a: Charizard|277\/297
|move|p1a: Unleashed|Scald|p2a: Charizard
|-damage|p2a: Charizard|70\/297
|
|-weather|RainDance|[upkeep]
|turn|7
|
|move|p2a: Charizard|Dragon Claw|p1a: Unleashed
|-damage|p1a: Unleashed|118\/404
|move|p1a: Unleashed|Scald|p2a: Charizard
|-damage|p2a: Charizard|0 fnt
|faint|p2a: Charizard
|
|-weather|RainDance|[upkeep]
|-heal|p1a: Unleashed|143\/404|[from] item: Leftovers
|c|âFer1est|jh
|
|switch|p2a: Latios|Latios, M|301\/301
|turn|8
|
|switch|p1a: Celebi|Celebi|404\/404
|move|p2a: Latios|Draco Meteor|p1a: Celebi
|-crit|p1a: Celebi
|-damage|p1a: Celebi|84\/404
|-unboost|p2a: Latios|spa|2
|-damage|p2a: Latios|271\/301|[from] item: Life Orb
|
|-weather|RainDance|[upkeep]
|-heal|p1a: Celebi|109\/404|[from] item: Leftovers
|turn|9
|
|move|p2a: Latios|Draco Meteor|p1a: Celebi
|-damage|p1a: Celebi|0 fnt
|-unboost|p2a: Latios|spa|2
|-damage|p2a: Latios|241\/301|[from] item: Life Orb
|faint|p1a: Celebi
|
|-weather|RainDance|[upkeep]
|
|switch|p1a: Nessie|Swampert-Mega, M|149\/367
|turn|10
|
|switch|p2a: Landorus-Therian|Landorus-Therian, M|382\/382
|-ability|p2a: Landorus-Therian|Intimidate|[of] p1a: Nessie
|-unboost|p1a: Nessie|atk|1
|move|p1a: Nessie|Ice Punch|p2a: Landorus-Therian
|-supereffective|p2a: Landorus-Therian
|-damage|p2a: Landorus-Therian|146\/382
|
|-weather|RainDance|[upkeep]
|-heal|p2a: Landorus-Therian|169\/382|[from] item: Leftovers
|turn|11
|
|move|p1a: Nessie|Ice Punch|p2a: Landorus-Therian
|-supereffective|p2a: Landorus-Therian
|-damage|p2a: Landorus-Therian|0 fnt
|faint|p2a: Landorus-Therian
|
|-weather|none
|
|switch|p2a: Latios|Latios, M|241\/301
|turn|12
|
|switch|p1a: Unleashed|Manaphy|143\/404
|move|p2a: Latios|Draco Meteor|p1a: Unleashed
|-damage|p1a: Unleashed|0 fnt
|-unboost|p2a: Latios|spa|2
|-damage|p2a: Latios|211\/301|[from] item: Life Orb
|faint|p1a: Unleashed
|
|
|switch|p1a: Rainbow|Politoed, M|191\/384
|-weather|RainDance
|turn|13
|
|switch|p1a: Thundurus|Thundurus, M|299\/299
|move|p2a: Latios|Draco Meteor|p1a: Thundurus
|-damage|p1a: Thundurus|122\/299
|-unboost|p2a: Latios|spa|2
|-damage|p2a: Latios|181\/301|[from] item: Life Orb
|
|-weather|RainDance|[upkeep]
|turn|14
|
|switch|p1a: Nessie|Swampert-Mega, M|149\/367
|move|p2a: Latios|Roost|p2a: Latios
|-heal|p2a: Latios|301\/301
|
|-weather|RainDance|[upkeep]
|turn|15
|
|switch|p2a: Terrakion|Terrakion|323\/323
|move|p1a: Nessie|Waterfall|p2a: Terrakion
|-supereffective|p2a: Terrakion
|-damage|p2a: Terrakion|0 fnt
|faint|p2a: Terrakion
|
|-weather|RainDance|[upkeep]
|
|switch|p2a: Latios|Latios, M|301\/301
|turn|16
|
|switch|p1a: Thundurus|Thundurus, M|122\/299
|move|p2a: Latios|Psyshock|p1a: Thundurus
|-damage|p1a: Thundurus|0 fnt
|-damage|p2a: Latios|271\/301|[from] item: Life Orb
|faint|p1a: Thundurus
|
|-weather|RainDance|[upkeep]
|
|switch|p1a: Rainbow|Politoed, M|191\/384
|turn|17
|
|move|p2a: Latios|Psyshock|p1a: Rainbow
|-damage|p1a: Rainbow|0 fnt
|-damage|p2a: Latios|241\/301|[from] item: Life Orb
|faint|p1a: Rainbow
|
|-weather|RainDance|[upkeep]
|
|switch|p1a: Nessie|Swampert-Mega, M|149\/367
|turn|18
|
|move|p1a: Nessie|Ice Punch|p2a: Latios
|-supereffective|p2a: Latios
|-damage|p2a: Latios|0 fnt
|faint|p2a: Latios
|
|-weather|RainDance|[upkeep]
|c|âYsterix|hum
|c|âFer1est|gg
|c|âYsterix|this is bad
|
|switch|p2a: Thundurus|Thundurus, M|299\/299
|turn|19
|
|move|p1a: Nessie|Waterfall|p2a: Thundurus
|-damage|p2a: Thundurus|0 fnt
|faint|p2a: Thundurus
|
|win|Fer1est
|raw|Ladder updating...
|raw|Fer1est's rating: 1422 &rarr; <strong>1441<\/strong><br \/>(+19 for winning)
|raw|Ysterix's rating: 1403 &rarr; <strong>1384<\/strong><br \/>(-19 for losing)
|c|âYsterix|gg