|join|Fagt
|join|Fer1est
|player|p1|Fagt|102
|player|p2|Fer1est|65
|gametype|singles
|gen|6
|tier|OU
|rated
|clearpoke
|poke|p1|Manectric, M, shiny
|poke|p1|Bisharp, F
|poke|p1|Heatran, F
|poke|p1|Landorus, M
|poke|p1|Crawdaunt, F
|poke|p1|Garchomp, F
|poke|p2|Swampert, M
|poke|p2|Politoed, M
|poke|p2|Manaphy
|poke|p2|Celebi
|poke|p2|Scizor, F
|poke|p2|Klefki, F
|rule|Swagger Clause: Swagger is banned
|rule|Baton Pass Clause: Limit one PokÃ©mon knowing Baton Pass
|rule|Sleep Clause Mod: Limit one foe put to sleep
|rule|Species Clause: Limit one of each PokÃ©mon
|rule|OHKO Clause: OHKO moves are banned
|rule|Moody Clause: Moody is banned
|rule|Evasion Moves Clause: Evasion moves are banned
|rule|Endless Battle Clause: Forcing endless battles is banned
|rule|HP Percentage Mod: HP is shown in percentages
|teampreview
|
|start
|switch|p1a: Garchomp|Garchomp, F|358\/358
|switch|p2a: Nessie|Swampert, M|342\/342
|turn|1
|
|detailschange|p2a: Nessie|Swampert-Mega, M
|-mega|p2a: Nessie|Swampert|Swampertite
|move|p1a: Garchomp|Swords Dance|p1a: Garchomp
|-boost|p1a: Garchomp|atk|2
|move|p2a: Nessie|Earthquake|p1a: Garchomp
|-damage|p1a: Garchomp|142\/358
|
|turn|2
|
|switch|p2a: Celebi|Celebi|396\/396
|move|p1a: Garchomp|Earthquake|p2a: Celebi
|-resisted|p2a: Celebi
|-damage|p2a: Celebi|213\/396
|
|-heal|p2a: Celebi|237\/396|[from] item: Leftovers
|turn|3
|
|move|p1a: Garchomp|Dragon Claw|p2a: Celebi
|-damage|p2a: Celebi|0 fnt
|faint|p2a: Celebi
|
|
|switch|p2a: Scizor|Scizor, F|344\/344
|turn|4
|
|move|p2a: Scizor|Bullet Punch|p1a: Garchomp
|-damage|p1a: Garchomp|0 fnt
|-damage|p2a: Scizor|301\/344|[from] ability: Rough Skin|[of] p1a: Garchomp
|faint|p1a: Garchomp
|
|
|switch|p1a: Manectric|Manectric, M, shiny|281\/281
|turn|5
|
|switch|p2a: Nessie|Swampert-Mega, M|342\/342
|detailschange|p1a: Manectric|Manectric-Mega, M, shiny
|-mega|p1a: Manectric|Manectric|Manectite
|-ability|p1a: Manectric|Intimidate|[of] p2a: Nessie
|-unboost|p2a: Nessie|atk|1
|move|p1a: Manectric|Flamethrower|p2a: Nessie
|-resisted|p2a: Nessie
|-damage|p2a: Nessie|293\/342
|
|turn|6
|
|switch|p1a: Landorus|Landorus, M|320\/320
|move|p2a: Nessie|Stealth Rock|p1a: Landorus
|-sidestart|p1: Fagt|move: Stealth Rock
|
|turn|7
|
|switch|p2a: Rainbow|Politoed, M|384\/384
|-weather|RainDance
|move|p1a: Landorus|Earth Power|p2a: Rainbow
|-damage|p2a: Rainbow|188\/384
|
|-weather|RainDance|[upkeep]
|turn|8
|
|switch|p2a: Scizor|Scizor, F|301\/344
|move|p1a: Landorus|Earth Power|p2a: Scizor
|-damage|p2a: Scizor|0 fnt
|faint|p2a: Scizor
|
|-weather|RainDance|[upkeep]
|
|switch|p2a: Nessie|Swampert-Mega, M|293\/342
|turn|9
|
|move|p2a: Nessie|Waterfall|p1a: Landorus
|-supereffective|p1a: Landorus
|-damage|p1a: Landorus|0 fnt
|faint|p1a: Landorus
|
|-weather|RainDance|[upkeep]
|
|switch|p1a: Crawdaunt|Crawdaunt, F|267\/267
|-damage|p1a: Crawdaunt|234\/267|[from] Stealth Rock
|turn|10
|
|move|p1a: Crawdaunt|Aqua Jet|p2a: Nessie
|-damage|p2a: Nessie|116\/342
|-damage|p1a: Crawdaunt|208\/267|[from] item: Life Orb
|move|p2a: Nessie|Waterfall|p1a: Crawdaunt
|-resisted|p1a: Crawdaunt
|-damage|p1a: Crawdaunt|59\/267
|
|-weather|RainDance|[upkeep]
|turn|11
|
|switch|p2a: Klefki|Klefki, F|318\/318
|move|p1a: Crawdaunt|Crabhammer|p2a: Klefki
|-damage|p2a: Klefki|0 fnt
|-damage|p1a: Crawdaunt|33\/267|[from] item: Life Orb
|faint|p2a: Klefki
|
|-weather|RainDance|[upkeep]
|
|switch|p2a: Unleashed|Manaphy|404\/404
|turn|12
|
|move|p2a: Unleashed|Rest|p2a: Unleashed
|-fail|p2a: Unleashed
|move|p1a: Crawdaunt|Knock Off|p2a: Unleashed
|-damage|p2a: Unleashed|71\/404
|-enditem|p2a: Unleashed|Leftovers|[from] move: Knock Off|[of] p1a: Crawdaunt
|-damage|p1a: Crawdaunt|7\/267|[from] item: Life Orb
|
|-weather|RainDance|[upkeep]
|turn|13
|
|move|p1a: Crawdaunt|Aqua Jet|p2a: Unleashed
|-resisted|p2a: Unleashed
|-damage|p2a: Unleashed|0 fnt
|-damage|p1a: Crawdaunt|0 fnt|[from] item: Life Orb
|faint|p2a: Unleashed
|faint|p1a: Crawdaunt
|
|-weather|RainDance|[upkeep]
|
|switch|p2a: Nessie|Swampert-Mega, M|116\/342
|switch|p1a: Manectric|Manectric-Mega, M, shiny|281\/281
|-damage|p1a: Manectric|246\/281|[from] Stealth Rock
|-ability|p1a: Manectric|Intimidate|[of] p2a: Nessie
|-unboost|p2a: Nessie|atk|1
|turn|14
|
|move|p2a: Nessie|Earthquake|p1a: Manectric
|-supereffective|p1a: Manectric
|-damage|p1a: Manectric|0 fnt
|faint|p1a: Manectric
|
|-weather|none
|
|switch|p1a: Heatran|Heatran, F|324\/324
|-damage|p1a: Heatran|284\/324|[from] Stealth Rock
|turn|15
|
|move|p1a: Heatran|Earth Power|p2a: Nessie
|-damage|p2a: Nessie|8\/342
|move|p2a: Nessie|Earthquake|p1a: Heatran
|-supereffective|p1a: Heatran
|-damage|p1a: Heatran|0 fnt
|faint|p1a: Heatran
|
|
|switch|p1a: Bisharp|Bisharp, F|272\/272
|-damage|p1a: Bisharp|255\/272|[from] Stealth Rock
|turn|16
|
|switch|p2a: Rainbow|Politoed, M|188\/384
|-weather|RainDance
|move|p1a: Bisharp|Sucker Punch|p2a: Rainbow
|-fail|p2a: Rainbow
|
|-weather|RainDance|[upkeep]
|turn|17
|
|move|p1a: Bisharp|Knock Off|p2a: Rainbow
|-damage|p2a: Rainbow|0 fnt
|-enditem|p2a: Rainbow|Damp Rock|[from] move: Knock Off|[of] p1a: Bisharp
|-damage|p1a: Bisharp|228\/272|[from] item: Life Orb
|faint|p2a: Rainbow
|
|-weather|RainDance|[upkeep]
|
|switch|p2a: Nessie|Swampert-Mega, M|8\/342
|turn|18
|
|move|p1a: Bisharp|Sucker Punch|p2a: Nessie
|-fail|p2a: Nessie
|move|p2a: Nessie|Stealth Rock|p1a: Bisharp
|-fail|p1a: Bisharp
|
|-weather|RainDance|[upkeep]
|turn|19
|
|move|p1a: Bisharp|Sucker Punch|p2a: Nessie
|-damage|p2a: Nessie|0 fnt
|-damage|p1a: Bisharp|201\/272|[from] item: Life Orb
|faint|p2a: Nessie
|
|win|Fagt
|raw|Ladder updating...
|raw|Fagt's rating: 1474 &rarr; <strong>1497<\/strong><br \/>(+23 for winning)
|raw|Fer1est's rating: 1529 &rarr; <strong>1506<\/strong><br \/>(-23 for losing)
|c|âFagt|gg
|c|âFer1est|gg
|leave|Fer1est
|player|p2