|join|A Sprite fan
|join|The drunk Spinda
|player|p1|A Sprite fan|9
|player|p2|The drunk Spinda|265
|gametype|singles
|gen|6
|tier|OU
|rated
|clearpoke
|poke|p1|Politoed, M
|poke|p1|Swampert, M
|poke|p1|Kabutops, M
|poke|p1|Ferrothorn, F
|poke|p1|Tornadus-Therian, M
|poke|p1|Latios, M
|poke|p2|Gallade, M
|poke|p2|Weavile, F
|poke|p2|Espeon, F
|poke|p2|Darmanitan, M
|poke|p2|Slowbro, F
|poke|p2|Rotom-Heat
|rule|Swagger Clause: Swagger is banned
|rule|Baton Pass Clause: Limit one PokÃ©mon knowing Baton Pass
|rule|Sleep Clause Mod: Limit one foe put to sleep
|rule|Species Clause: Limit one of each PokÃ©mon
|rule|OHKO Clause: OHKO moves are banned
|rule|Moody Clause: Moody is banned
|rule|Evasion Moves Clause: Evasion moves are banned
|rule|Endless Battle Clause: Forcing endless battles is banned
|rule|HP Percentage Mod: HP is shown in percentages
|teampreview
|
|start
|switch|p1a: Gamatatsu|Politoed, M|383\/383
|switch|p2a: Darmanitan|Darmanitan, M|351\/351
|-weather|RainDance
|turn|1
|
|move|p2a: Darmanitan|U-turn|p1a: Gamatatsu
|-crit|p1a: Gamatatsu
|-damage|p1a: Gamatatsu|276\/383
|
|switch|p2a: Slowsis|Slowbro, F|394\/394
|move|p1a: Gamatatsu|Scald|p2a: Slowsis
|-resisted|p2a: Slowsis
|-damage|p2a: Slowsis|309\/394
|
|-weather|RainDance|[upkeep]
|turn|2
|
|move|p1a: Gamatatsu|Hypnosis|p2a: Slowsis
|-status|p2a: Slowsis|slp
|cant|p2a: Slowsis|slp
|
|-weather|RainDance|[upkeep]
|turn|3
|
|switch|p1a: BluRay|Latios, M|301\/301
|cant|p2a: Slowsis|slp
|
|-weather|RainDance|[upkeep]
|turn|4
|
|switch|p2a: Samsung|Rotom-Heat|304\/304
|move|p1a: BluRay|Thunderbolt|p2a: Samsung
|-resisted|p2a: Samsung
|-damage|p2a: Samsung|255\/304
|-damage|p1a: BluRay|271\/301|[from] item: Life Orb
|
|-weather|RainDance|[upkeep]
|-heal|p2a: Samsung|274\/304|[from] item: Leftovers
|turn|5
|
|move|p1a: BluRay|Psyshock|p2a: Samsung
|-damage|p2a: Samsung|86\/304
|-damage|p1a: BluRay|241\/301|[from] item: Life Orb
|move|p2a: Samsung|Thunder Wave|p1a: BluRay
|-status|p1a: BluRay|par
|
|-weather|RainDance|[upkeep]
|-heal|p2a: Samsung|105\/304|[from] item: Leftovers
|turn|6
|
|move|p2a: Samsung|Volt Switch|p1a: BluRay
|-crit|p1a: BluRay
|-resisted|p1a: BluRay
|-damage|p1a: BluRay|178\/301 par
|
|switch|p2a: Nina|Weavile, F|282\/282
|-ability|p2a: Nina|Pressure
|move|p1a: BluRay|Draco Meteor|p2a: Nina
|-damage|p2a: Nina|0 fnt
|-unboost|p1a: BluRay|spa|2
|-damage|p1a: BluRay|148\/301 par|[from] item: Life Orb
|faint|p2a: Nina
|
|-weather|RainDance|[upkeep]
|
|switch|p2a: Musashi|Gallade, M|278\/278
|turn|7
|
|switch|p1a: Fujin|Tornadus-Therian, M|299\/299
|detailschange|p2a: Musashi|Gallade-Mega, M
|message|Gallade has Mega Evolved into Mega Gallade!
|move|p2a: Musashi|Knock Off|p1a: Fujin
|-damage|p1a: Fujin|145\/299
|-enditem|p1a: Fujin|Life Orb|[from] move: Knock Off|[of] p2a: Musashi
|
|-weather|RainDance|[upkeep]
|turn|8
|
|switch|p2a: Samsung|Rotom-Heat|105\/304
|move|p1a: Fujin|Hurricane|p2a: Samsung
|-resisted|p2a: Samsung
|-damage|p2a: Samsung|42\/304
|-start|p2a: Samsung|confusion
|
|-weather|none
|-heal|p2a: Samsung|61\/304|[from] item: Leftovers
|turn|9
|
|move|p1a: Fujin|Superpower|p2a: Samsung
|-damage|p2a: Samsung|0 fnt
|-unboost|p1a: Fujin|atk|1
|-unboost|p1a: Fujin|def|1
|faint|p2a: Samsung
|
|
|switch|p2a: Darmanitan|Darmanitan, M|351\/351
|turn|10
|
|switch|p1a: Gamatatsu|Politoed, M|276\/383
|-weather|RainDance
|move|p2a: Darmanitan|Rock Slide|p1a: Gamatatsu
|-damage|p1a: Gamatatsu|165\/383
|
|-weather|RainDance|[upkeep]
|turn|11
|
|switch|p2a: Espeon|Espeon, F|334\/334
|switch|p1a: Schwarzenegger|Swampert, M|347\/347
|
|-weather|RainDance|[upkeep]
|turn|12
|
|detailschange|p1a: Schwarzenegger|Swampert-Mega, M
|message|Swampert has Mega Evolved into Mega Swampert!
|move|p2a: Espeon|Psychic|p1a: Schwarzenegger
|-crit|p1a: Schwarzenegger
|-damage|p1a: Schwarzenegger|101\/347
|move|p1a: Schwarzenegger|Waterfall|p2a: Espeon
|-enditem|p2a: Espeon|Focus Sash
|-damage|p2a: Espeon|1\/334
|
|-weather|RainDance|[upkeep]
|turn|13
|
|move|p1a: Schwarzenegger|Earthquake|p2a: Espeon
|-damage|p2a: Espeon|0 fnt
|faint|p2a: Espeon
|
|-weather|RainDance|[upkeep]
|
|switch|p2a: Slowsis|Slowbro, F|394\/394 slp
|turn|14
|
|move|p1a: Schwarzenegger|Earthquake|p2a: Slowsis
|-damage|p2a: Slowsis|250\/394 slp
|cant|p2a: Slowsis|slp
|
|-weather|RainDance|[upkeep]
|turn|15
|
|move|p1a: Schwarzenegger|Earthquake|p2a: Slowsis
|-damage|p2a: Slowsis|112\/394 slp
|-curestatus|p2a: Slowsis|slp
|move|p2a: Slowsis|Slack Off|p2a: Slowsis
|-heal|p2a: Slowsis|309\/394
|
|-weather|RainDance|[upkeep]
|turn|16
|
|switch|p1a: Fujin|Tornadus-Therian, M|244\/299
|move|p2a: Slowsis|Scald|p1a: Fujin
|-damage|p1a: Fujin|64\/299
|
|-weather|RainDance|[upkeep]
|turn|17
|
|switch|p2a: Darmanitan|Darmanitan, M|351\/351
|move|p1a: Fujin|Hurricane|p2a: Darmanitan
|-damage|p2a: Darmanitan|84\/351
|
|-weather|none
|turn|18
|
|switch|p1a: Gamatatsu|Politoed, M|165\/383
|-weather|RainDance
|move|p2a: Darmanitan|Rock Slide|p1a: Gamatatsu
|-miss|p2a: Darmanitan|p1a: Gamatatsu
|
|-weather|RainDance|[upkeep]
|turn|19
|
|switch|p1a: Migi|Kabutops, M|261\/261
|move|p2a: Darmanitan|Rock Slide|p1a: Migi
|-damage|p1a: Migi|149\/261
|
|-weather|RainDance|[upkeep]
|turn|20
|
|move|p1a: Migi|Swords Dance|p1a: Migi
|-boost|p1a: Migi|atk|2
|move|p2a: Darmanitan|Rock Slide|p1a: Migi
|-damage|p1a: Migi|29\/261
|
|-weather|RainDance|[upkeep]
|turn|21
|
|switch|p2a: Slowsis|Slowbro, F|394\/394
|move|p1a: Migi|Waterfall|p2a: Slowsis
|-resisted|p2a: Slowsis
|-damage|p2a: Slowsis|206\/394
|-damage|p1a: Migi|0 fnt|[from] item: Rocky Helmet|[of] p2a: Slowsis
|faint|p1a: Migi
|
|-weather|RainDance|[upkeep]
|
|switch|p1a: Fujin|Tornadus-Therian, M|163\/299
|turn|22
|
|switch|p2a: Darmanitan|Darmanitan, M|84\/351
|move|p1a: Fujin|Hurricane|p2a: Darmanitan
|-damage|p2a: Darmanitan|0 fnt
|faint|p2a: Darmanitan
|
|-weather|RainDance|[upkeep]
|
|switch|p2a: Slowsis|Slowbro, F|337\/394
|turn|23
|
|move|p1a: Fujin|Taunt|p2a: Slowsis
|-start|p2a: Slowsis|move: Taunt
|move|p2a: Slowsis|Psyshock|p1a: Fujin
|-damage|p1a: Fujin|51\/299
|
|-weather|RainDance|[upkeep]
|turn|24
|
|move|p1a: Fujin|Hurricane|p2a: Slowsis
|-damage|p2a: Slowsis|129\/394
|move|p2a: Slowsis|Scald|p1a: Fujin
|-damage|p1a: Fujin|0 fnt
|faint|p1a: Fujin
|
|-weather|RainDance|[upkeep]
|
|switch|p1a: Schwarzenegger|Swampert-Mega, M|101\/347
|turn|25
|
|switch|p2a: Musashi|Gallade-Mega, M|278\/278
|move|p1a: Schwarzenegger|Earthquake|p2a: Musashi
|-damage|p2a: Musashi|65\/278
|
|-weather|none
|turn|26
|
|switch|p1a: Gamatatsu|Politoed, M|165\/383
|-weather|RainDance
|move|p2a: Musashi|Close Combat|p1a: Gamatatsu
|-damage|p1a: Gamatatsu|0 fnt
|-unboost|p2a: Musashi|def|1
|-unboost|p2a: Musashi|spd|1
|faint|p1a: Gamatatsu
|
|-weather|RainDance|[upkeep]
|
|switch|p1a: Schwarzenegger|Swampert-Mega, M|101\/347
|turn|27
|
|switch|p2a: Slowsis|Slowbro, F|260\/394
|move|p1a: Schwarzenegger|Waterfall|p2a: Slowsis
|-resisted|p2a: Slowsis
|-damage|p2a: Slowsis|170\/394
|-damage|p1a: Schwarzenegger|44\/347|[from] item: Rocky Helmet|[of] p2a: Slowsis
|
|-weather|RainDance|[upkeep]
|turn|28
|
|switch|p1a: Lady|Ferrothorn, F|352\/352
|move|p2a: Slowsis|Slack Off|p2a: Slowsis
|-heal|p2a: Slowsis|367\/394
|
|-weather|RainDance|[upkeep]
|turn|29
|
|move|p2a: Slowsis|Scald|p1a: Lady
|-resisted|p1a: Lady
|-damage|p1a: Lady|301\/352
|move|p1a: Lady|Power Whip|p2a: Slowsis
|-supereffective|p2a: Slowsis
|-damage|p2a: Slowsis|199\/394
|-damage|p1a: Lady|243\/352|[from] item: Rocky Helmet|[of] p2a: Slowsis
|
|-weather|RainDance|[upkeep]
|turn|30
|
|move|p2a: Slowsis|Slack Off|p2a: Slowsis
|-heal|p2a: Slowsis|394\/394
|move|p1a: Lady|Leech Seed|p2a: Slowsis
|-start|p2a: Slowsis|move: Leech Seed
|
|-weather|RainDance|[upkeep]
|-damage|p2a: Slowsis|345\/394|[from] Leech Seed|[of] p1a: Lady
|-heal|p1a: Lady|292\/352|[silent]
|turn|31
|
|switch|p2a: Musashi|Gallade-Mega, M|65\/278
|move|p1a: Lady|Power Whip|p2a: Musashi
|-damage|p2a: Musashi|0 fnt
|faint|p2a: Musashi
|
|-weather|RainDance|[upkeep]
|
|switch|p2a: Slowsis|Slowbro, F|394\/394
|turn|32
|
|move|p2a: Slowsis|Calm Mind|p2a: Slowsis
|-boost|p2a: Slowsis|spa|1
|-boost|p2a: Slowsis|spd|1
|move|p1a: Lady|Leech Seed|p2a: Slowsis
|-start|p2a: Slowsis|move: Leech Seed
|
|-weather|RainDance|[upkeep]
|-damage|p2a: Slowsis|345\/394|[from] Leech Seed|[of] p1a: Lady
|-heal|p1a: Lady|341\/352|[silent]
|turn|33
|
|move|p2a: Slowsis|Calm Mind|p2a: Slowsis
|-boost|p2a: Slowsis|spa|1
|-boost|p2a: Slowsis|spd|1
|move|p1a: Lady|Power Whip|p2a: Slowsis
|-supereffective|p2a: Slowsis
|-damage|p2a: Slowsis|165\/394
|-damage|p1a: Lady|283\/352|[from] item: Rocky Helmet|[of] p2a: Slowsis
|
|-weather|none
|-damage|p2a: Slowsis|116\/394|[from] Leech Seed|[of] p1a: Lady
|-heal|p1a: Lady|332\/352|[silent]
|turn|34
|
|move|p2a: Slowsis|Slack Off|p2a: Slowsis
|-heal|p2a: Slowsis|313\/394
|move|p1a: Lady|Power Whip|p2a: Slowsis
|-supereffective|p2a: Slowsis
|-damage|p2a: Slowsis|143\/394
|-damage|p1a: Lady|274\/352|[from] item: Rocky Helmet|[of] p2a: Slowsis
|
|-damage|p2a: Slowsis|94\/394|[from] Leech Seed|[of] p1a: Lady
|-heal|p1a: Lady|323\/352|[silent]
|turn|35
|
|switch|p1a: BluRay|Latios, M|148\/301 par
|move|p2a: Slowsis|Slack Off|p2a: Slowsis
|-heal|p2a: Slowsis|291\/394
|
|-damage|p2a: Slowsis|242\/394|[from] Leech Seed|[of] p1a: BluRay
|-heal|p1a: BluRay|197\/301 par|[silent]
|turn|36
|
|move|p2a: Slowsis|Psyshock|p1a: BluRay
|-resisted|p1a: BluRay
|-damage|p1a: BluRay|76\/301 par
|move|p1a: BluRay|Thunderbolt|p2a: Slowsis
|-supereffective|p2a: Slowsis
|-damage|p2a: Slowsis|73\/394
|-damage|p1a: BluRay|46\/301 par|[from] item: Life Orb
|
|-damage|p2a: Slowsis|24\/394|[from] Leech Seed|[of] p1a: BluRay
|-heal|p1a: BluRay|95\/301 par|[silent]
|turn|37
|
|move|p2a: Slowsis|Slack Off|p2a: Slowsis
|-heal|p2a: Slowsis|221\/394
|cant|p1a: BluRay|par
|
|-damage|p2a: Slowsis|172\/394|[from] Leech Seed|[of] p1a: BluRay
|-heal|p1a: BluRay|144\/301 par|[silent]
|turn|38
|
|move|p2a: Slowsis|Slack Off|p2a: Slowsis
|-heal|p2a: Slowsis|369\/394
|move|p1a: BluRay|Thunderbolt|p2a: Slowsis
|-supereffective|p2a: Slowsis
|-damage|p2a: Slowsis|197\/394
|-damage|p1a: BluRay|114\/301 par|[from] item: Life Orb
|
|-damage|p2a: Slowsis|148\/394|[from] Leech Seed|[of] p1a: BluRay
|-heal|p1a: BluRay|163\/301 par|[silent]
|turn|39
|
|move|p2a: Slowsis|Psyshock|p1a: BluRay
|-resisted|p1a: BluRay
|-damage|p1a: BluRay|58\/301 par
|move|p1a: BluRay|Thunderbolt|p2a: Slowsis
|-supereffective|p2a: Slowsis
|-damage|p2a: Slowsis|0 fnt
|-damage|p1a: BluRay|28\/301 par|[from] item: Life Orb
|faint|p2a: Slowsis
|
|win|A Sprite fan
|raw|Ladder updating...