|join|A Sprite fan
|join|doje
|player|p1|A Sprite fan|9
|player|p2|doje|160
|gametype|singles
|gen|6
|tier|OU
|rated
|clearpoke
|poke|p1|Azelf
|poke|p1|Metagross
|poke|p1|Greninja, M
|poke|p1|Thundurus, M
|poke|p1|Landorus-Therian, M
|poke|p1|Conkeldurr, M
|poke|p2|Dragalge, M
|poke|p2|Scizor, F
|poke|p2|Talonflame, F
|poke|p2|Rotom-Wash
|poke|p2|Keldeo
|poke|p2|Metagross
|rule|Swagger Clause: Swagger is banned
|rule|Baton Pass Clause: Limit one PokÃ©mon knowing Baton Pass
|rule|Sleep Clause Mod: Limit one foe put to sleep
|rule|Species Clause: Limit one of each PokÃ©mon
|rule|OHKO Clause: OHKO moves are banned
|rule|Moody Clause: Moody is banned
|rule|Evasion Moves Clause: Evasion moves are banned
|rule|Endless Battle Clause: Forcing endless battles is banned
|rule|HP Percentage Mod: HP is shown in percentages
|teampreview
|
|start
|switch|p1a: Azelf|Azelf|291\/291
|switch|p2a: Scizor|Scizor, F|289\/289
|turn|1
|
|move|p1a: Azelf|Fire Blast|p2a: Scizor
|-supereffective|p2a: Scizor
|-damage|p2a: Scizor|0 fnt
|faint|p2a: Scizor
|
|
|switch|p2a: Dragalge|Dragalge, M|299\/299
|turn|2
|
|move|p1a: Azelf|Taunt|p2a: Dragalge
|-start|p2a: Dragalge|move: Taunt
|move|p2a: Dragalge|Draco Meteor|p1a: Azelf
|-crit|p1a: Azelf
|-enditem|p1a: Azelf|Focus Sash
|-damage|p1a: Azelf|1\/291
|-unboost|p2a: Dragalge|spa|2
|
|turn|3
|
|switch|p2a: Metagross|Metagross|301\/301
|move|p1a: Azelf|Stealth Rock|p2a: Metagross
|-sidestart|p2: doje|move: Stealth Rock
|
|turn|4
|
|detailschange|p2a: Metagross|Metagross-Mega
|message|Metagross has Mega Evolved into Mega Metagross!
|move|p1a: Azelf|Fire Blast|p2a: Metagross
|-supereffective|p2a: Metagross
|-damage|p2a: Metagross|93\/301
|move|p2a: Metagross|Meteor Mash|p1a: Azelf
|-damage|p1a: Azelf|0 fnt
|faint|p1a: Azelf
|
|
|switch|p1a: Greninja|Greninja, M|285\/285
|turn|5
|
|switch|p2a: Keldeo|Keldeo|323\/323
|-damage|p2a: Keldeo|303\/323|[from] Stealth Rock
|move|p1a: Greninja|Dark Pulse|p2a: Keldeo
|-start|p1a: Greninja|typechange|Dark|[from] Protean
|-resisted|p2a: Keldeo
|-damage|p2a: Keldeo|212\/323
|-boost|p2a: Keldeo|atk|1|[from] ability: Justified
|-damage|p1a: Greninja|257\/285|[from] item: Life Orb
|
|turn|6
|
|move|p2a: Keldeo|Hydro Pump|p1a: Greninja
|-damage|p1a: Greninja|0 fnt
|faint|p1a: Greninja
|
|
|switch|p1a: Metagross|Metagross|343\/343
|turn|7
|
|switch|p2a: Rotom-Wash|Rotom-Wash|303\/303
|-damage|p2a: Rotom-Wash|266\/303|[from] Stealth Rock
|detailschange|p1a: Metagross|Metagross-Mega
|message|Metagross has Mega Evolved into Mega Metagross!
|move|p1a: Metagross|Agility|p1a: Metagross
|-boost|p1a: Metagross|spe|2
|
|-heal|p2a: Rotom-Wash|284\/303|[from] item: Leftovers
|turn|8
|
|move|p1a: Metagross|Zen Headbutt|p2a: Rotom-Wash
|-damage|p2a: Rotom-Wash|137\/303
|move|p2a: Rotom-Wash|Will-O-Wisp|p1a: Metagross
|-status|p1a: Metagross|brn
|
|-heal|p2a: Rotom-Wash|155\/303|[from] item: Leftovers
|-damage|p1a: Metagross|301\/343 brn|[from] brn
|turn|9
|
|move|p1a: Metagross|Zen Headbutt|p2a: Rotom-Wash
|-damage|p2a: Rotom-Wash|68\/303
|move|p2a: Rotom-Wash|Pain Split|p1a: Metagross
|-sethp|p1a: Metagross|184\/343 brn|p2a: Rotom-Wash|184\/303|[from] move: Pain Split
|
|-heal|p2a: Rotom-Wash|202\/303|[from] item: Leftovers
|-damage|p1a: Metagross|142\/343 brn|[from] brn
|turn|10
|
|move|p1a: Metagross|Zen Headbutt|p2a: Rotom-Wash|[miss]
|-miss|p1a: Metagross|p2a: Rotom-Wash
|move|p2a: Rotom-Wash|Volt Switch|p1a: Metagross
|-damage|p1a: Metagross|60\/343 brn
|
|switch|p2a: Talonflame|Talonflame, F|297\/297
|-damage|p2a: Talonflame|149\/297|[from] Stealth Rock
|
|-damage|p1a: Metagross|18\/343 brn|[from] brn
|turn|11
|
|move|p2a: Talonflame|Roost|p2a: Talonflame
|-heal|p2a: Talonflame|297\/297
|move|p1a: Metagross|Zen Headbutt|p2a: Talonflame
|-damage|p2a: Talonflame|138\/297
|
|-damage|p1a: Metagross|0 fnt|[from] brn
|faint|p1a: Metagross
|
|switch|p1a: Thundurus|Thundurus, M|299\/299
|turn|12
|
|move|p2a: Talonflame|Flare Blitz|p1a: Thundurus
|-damage|p1a: Thundurus|71\/299
|-damage|p2a: Talonflame|63\/297|[from] recoil|[of] p1a: Thundurus
|move|p1a: Thundurus|Thunderbolt|p2a: Talonflame
|-crit|p2a: Talonflame
|-supereffective|p2a: Talonflame
|-damage|p2a: Talonflame|0 fnt
|faint|p2a: Talonflame
|
|
|switch|p2a: Dragalge|Dragalge, M|299\/299
|-damage|p2a: Dragalge|262\/299|[from] Stealth Rock
|turn|13
|
|switch|p1a: Conkeldurr|Conkeldurr, M|409\/409
|move|p2a: Dragalge|Scald|p1a: Conkeldurr
|-damage|p1a: Conkeldurr|290\/409
|
|turn|14
|
|switch|p2a: Rotom-Wash|Rotom-Wash|202\/303
|-damage|p2a: Rotom-Wash|165\/303|[from] Stealth Rock
|move|p1a: Conkeldurr|Ice Punch|p2a: Rotom-Wash
|-resisted|p2a: Rotom-Wash
|-damage|p2a: Rotom-Wash|131\/303
|
|-heal|p2a: Rotom-Wash|149\/303|[from] item: Leftovers
|turn|15
|
|move|p2a: Rotom-Wash|Pain Split|p1a: Conkeldurr
|-sethp|p1a: Conkeldurr|219\/409|p2a: Rotom-Wash|219\/303|[from] move: Pain Split
|move|p1a: Conkeldurr|Drain Punch|p2a: Rotom-Wash
|-damage|p2a: Rotom-Wash|110\/303
|-heal|p1a: Conkeldurr|274\/409|[from] drain|[of] p2a: Rotom-Wash
|
|-heal|p2a: Rotom-Wash|128\/303|[from] item: Leftovers
|turn|16
|
|switch|p1a: Thundurus|Thundurus, M|71\/299
|move|p2a: Rotom-Wash|Hydro Pump|p1a: Thundurus
|-damage|p1a: Thundurus|0 fnt
|faint|p1a: Thundurus
|
|-heal|p2a: Rotom-Wash|146\/303|[from] item: Leftovers
|
|switch|p1a: Landorus-Therian|Landorus-Therian, M|319\/319
|-ability|p1a: Landorus-Therian|Intimidate|[of] p2a: Rotom-Wash
|-unboost|p2a: Rotom-Wash|atk|1
|turn|17
|
|move|p1a: Landorus-Therian|Stone Edge|p2a: Rotom-Wash
|-damage|p2a: Rotom-Wash|62\/303
|move|p2a: Rotom-Wash|Hydro Pump|p1a: Landorus-Therian
|-supereffective|p1a: Landorus-Therian
|-damage|p1a: Landorus-Therian|0 fnt
|faint|p1a: Landorus-Therian
|
|-heal|p2a: Rotom-Wash|80\/303|[from] item: Leftovers
|-message|A Sprite fan forfeited.
|
|win|doje
|raw|Ladder updating...
|leave|A Sprite fan
|player|p1
|raw|A Sprite fan's rating: 1268 &rarr; <strong>1242<\/strong><br \/>(-26 for losing)
|raw|doje's rating: 1259 &rarr; <strong>1285<\/strong><br \/>(+26 for winning)