|join|A Sprite fan
|join|eroinairaniana
|player|p1|A Sprite fan|261
|player|p2|eroinairaniana|265
|gametype|singles
|gen|6
|tier|OU
|rated
|clearpoke
|poke|p1|Scizor, M
|poke|p1|Thundurus, M
|poke|p1|Landorus-Therian, M
|poke|p1|Keldeo-Resolute
|poke|p1|Clefable, F
|poke|p1|Latios, M
|poke|p2|Garchomp, M
|poke|p2|Manectric, F
|poke|p2|Bisharp, F
|poke|p2|Talonflame, F
|poke|p2|Latios, M
|poke|p2|Keldeo
|rule|Swagger Clause: Swagger is banned
|rule|Baton Pass Clause: Limit one PokÃ©mon knowing Baton Pass
|rule|Sleep Clause Mod: Limit one foe put to sleep
|rule|Species Clause: Limit one of each PokÃ©mon
|rule|OHKO Clause: OHKO moves are banned
|rule|Moody Clause: Moody is banned
|rule|Evasion Moves Clause: Evasion moves are banned
|rule|Endless Battle Clause: Forcing endless battles is banned
|rule|HP Percentage Mod: HP is shown in percentages
|teampreview
|join|LT1A Sharingan
|
|start
|switch|p1a: Landorus-Therian|Landorus-Therian, M|319\/319
|switch|p2a: Garchomp|Garchomp, M|358\/358
|-ability|p1a: Landorus-Therian|Intimidate|[of] p2a: Garchomp
|-unboost|p2a: Garchomp|atk|1
|turn|1
|
|move|p1a: Landorus-Therian|Earthquake|p2a: Garchomp
|-damage|p2a: Garchomp|160\/358
|move|p2a: Garchomp|Swords Dance|p2a: Garchomp
|-boost|p2a: Garchomp|atk|2
|
|turn|2
|
|switch|p2a: Talonflame|Talonflame, F|339\/339
|move|p1a: Landorus-Therian|Earthquake|p2a: Talonflame
|-immune|p2a: Talonflame|[msg]
|
|turn|3
|
|switch|p1a: Clefable|Clefable, F|390\/390
|move|p2a: Talonflame|U-turn|p1a: Clefable
|-resisted|p1a: Clefable
|-damage|p1a: Clefable|342\/390
|
|switch|p2a: Garchomp|Garchomp, M|160\/358
|
|-heal|p1a: Clefable|366\/390|[from] item: Leftovers
|turn|4
|
|move|p2a: Garchomp|Stealth Rock|p1a: Clefable
|-sidestart|p1: A Sprite fan|move: Stealth Rock
|move|p1a: Clefable|Moonblast|p2a: Garchomp
|-supereffective|p2a: Garchomp
|-damage|p2a: Garchomp|0 fnt
|faint|p2a: Garchomp
|
|-heal|p1a: Clefable|390\/390|[from] item: Leftovers
|
|switch|p2a: Bisharp|Bisharp, F|271\/271
|turn|5
|
|switch|p1a: Keldeo-Resolute|Keldeo-Resolute|323\/323
|-damage|p1a: Keldeo-Resolute|303\/323|[from] Stealth Rock
|move|p2a: Bisharp|Knock Off|p1a: Keldeo-Resolute
|-resisted|p1a: Keldeo-Resolute
|-damage|p1a: Keldeo-Resolute|182\/323
|-boost|p1a: Keldeo-Resolute|atk|1|[from] ability: Justified
|-enditem|p1a: Keldeo-Resolute|Choice Specs|[from] move: Knock Off|[of] p2a: Bisharp
|-damage|p2a: Bisharp|244\/271|[from] item: Life Orb
|
|turn|6
|
|switch|p2a: Latios|Latios, M|302\/302
|move|p1a: Keldeo-Resolute|Secret Sword|p2a: Latios
|-resisted|p2a: Latios
|-damage|p2a: Latios|215\/302
|
|turn|7
|
|switch|p1a: Scizor|Scizor, M|343\/343
|-damage|p1a: Scizor|301\/343|[from] Stealth Rock
|move|p2a: Latios|Psyshock|p1a: Scizor
|-resisted|p1a: Scizor
|-damage|p1a: Scizor|205\/343
|-damage|p2a: Latios|185\/302|[from] item: Life Orb
|
|turn|8
|
|detailschange|p1a: Scizor|Scizor-Mega, M
|message|Scizor has Mega Evolved into Mega Scizor!
|move|p1a: Scizor|Pursuit|p2a: Latios|[from]Pursuit
|-supereffective|p2a: Latios
|-damage|p2a: Latios|0 fnt
|faint|p2a: Latios
|
|
|switch|p2a: Talonflame|Talonflame, F|339\/339
|turn|9
|
|move|p2a: Talonflame|Flare Blitz|p1a: Scizor
|-supereffective|p1a: Scizor
|-damage|p1a: Scizor|0 fnt
|-damage|p2a: Talonflame|271\/339|[from] recoil|[of] p1a: Scizor
|faint|p1a: Scizor
|
|
|switch|p1a: Landorus-Therian|Landorus-Therian, M|319\/319
|-damage|p1a: Landorus-Therian|280\/319|[from] Stealth Rock
|-ability|p1a: Landorus-Therian|Intimidate|[of] p2a: Talonflame
|-unboost|p2a: Talonflame|atk|1
|turn|10
|
|move|p1a: Landorus-Therian|Earthquake|p2a: Talonflame
|-immune|p2a: Talonflame|[msg]
|move|p2a: Talonflame|Flare Blitz|p1a: Landorus-Therian
|-damage|p1a: Landorus-Therian|90\/319
|-damage|p2a: Talonflame|208\/339|[from] recoil|[of] p1a: Landorus-Therian
|
|turn|11
|
|switch|p1a: Keldeo-Resolute|Keldeo-Resolute|182\/323
|-damage|p1a: Keldeo-Resolute|162\/323|[from] Stealth Rock
|move|p2a: Talonflame|Flare Blitz|p1a: Keldeo-Resolute
|-resisted|p1a: Keldeo-Resolute
|-damage|p1a: Keldeo-Resolute|69\/323
|-damage|p2a: Talonflame|177\/339|[from] recoil|[of] p1a: Keldeo-Resolute
|
|turn|12
|
|switch|p2a: Keldeo|Keldeo|323\/323
|move|p1a: Keldeo-Resolute|Scald|p2a: Keldeo
|-resisted|p2a: Keldeo
|-damage|p2a: Keldeo|249\/323
|
|turn|13
|
|move|p1a: Keldeo-Resolute|Secret Sword|p2a: Keldeo
|-damage|p2a: Keldeo|90\/323
|move|p2a: Keldeo|Scald|p1a: Keldeo-Resolute
|-crit|p1a: Keldeo-Resolute
|-resisted|p1a: Keldeo-Resolute
|-damage|p1a: Keldeo-Resolute|0 fnt
|faint|p1a: Keldeo-Resolute
|
|
|switch|p1a: Landorus-Therian|Landorus-Therian, M|90\/319
|-damage|p1a: Landorus-Therian|51\/319|[from] Stealth Rock
|-ability|p1a: Landorus-Therian|Intimidate|[of] p2a: Keldeo
|-unboost|p2a: Keldeo|atk|1
|turn|14
|join|tinydefence
|
|switch|p2a: Talonflame|Talonflame, F|177\/339
|move|p1a: Landorus-Therian|Stone Edge|p2a: Talonflame|[miss]
|-miss|p1a: Landorus-Therian|p2a: Talonflame
|
|turn|15
|
|move|p2a: Talonflame|Brave Bird|p1a: Landorus-Therian
|-damage|p1a: Landorus-Therian|0 fnt
|-damage|p2a: Talonflame|160\/339|[from] recoil|[of] p1a: Landorus-Therian
|faint|p1a: Landorus-Therian
|
|-message|A Sprite fan forfeited.
|
|win|eroinairaniana
|raw|Ladder updating...
|leave|A Sprite fan
|player|p1
|raw|A Sprite fan's rating: 1530 &rarr; <strong>1515<\/strong><br \/>(-15 for losing)
|raw|eroinairaniana's rating: 1624 &rarr; <strong>1638<\/strong><br \/>(+14 for winning)