|join|A Sprite fan
|join|valoreen
|player|p1|A Sprite fan|9
|player|p2|valoreen|1
|gametype|singles
|gen|6
|tier|OU
|rated
|clearpoke
|poke|p1|Azelf
|poke|p1|Metagross
|poke|p1|Greninja, F, shiny
|poke|p1|Thundurus, M
|poke|p1|Landorus-Therian, M
|poke|p1|Conkeldurr, F
|poke|p2|Altaria, F
|poke|p2|Rotom-Wash
|poke|p2|Clefable, F
|poke|p2|Landorus-Therian, M
|poke|p2|Empoleon, F
|poke|p2|Gothitelle, M
|rule|Swagger Clause: Swagger is banned
|rule|Baton Pass Clause: Limit one PokÃ©mon knowing Baton Pass
|rule|Sleep Clause Mod: Limit one foe put to sleep
|rule|Species Clause: Limit one of each PokÃ©mon
|rule|OHKO Clause: OHKO moves are banned
|rule|Moody Clause: Moody is banned
|rule|Evasion Moves Clause: Evasion moves are banned
|rule|Endless Battle Clause: Forcing endless battles is banned
|rule|HP Percentage Mod: HP is shown in percentages
|teampreview
|
|start
|switch|p1a: Boom|Azelf|291\/291
|switch|p2a: Landorus-Therian|Landorus-Therian, M|319\/319
|-ability|p2a: Landorus-Therian|Intimidate|[of] p1a: Boom
|-unboost|p1a: Boom|atk|1
|turn|1
|
|move|p2a: Landorus-Therian|Knock Off|p1a: Boom
|-supereffective|p1a: Boom
|-enditem|p1a: Boom|Focus Sash
|-damage|p1a: Boom|1\/291
|move|p1a: Boom|Taunt|p2a: Landorus-Therian
|-start|p2a: Landorus-Therian|move: Taunt
|
|turn|2
|
|switch|p1a: Conkkey Bro|Conkeldurr, F|409\/409
|move|p2a: Landorus-Therian|Knock Off|p1a: Conkkey Bro
|-resisted|p1a: Conkkey Bro
|-damage|p1a: Conkkey Bro|344\/409
|-enditem|p1a: Conkkey Bro|Assault Vest|[from] move: Knock Off|[of] p2a: Landorus-Therian
|
|turn|3
|
|switch|p2a: Clefable|Clefable, F|393\/393
|move|p1a: Conkkey Bro|Knock Off|p2a: Clefable
|-resisted|p2a: Clefable
|-damage|p2a: Clefable|331\/393
|-enditem|p2a: Clefable|Leftovers|[from] move: Knock Off|[of] p1a: Conkkey Bro
|
|turn|4
|
|switch|p2a: Landorus-Therian|Landorus-Therian, M|319\/319
|-ability|p2a: Landorus-Therian|Intimidate|[of] p1a: Conkkey Bro
|-unboost|p1a: Conkkey Bro|atk|1
|switch|p1a: X Porn|Metagross|343\/343
|
|turn|5
|
|detailschange|p1a: X Porn|Metagross-Mega
|message|Metagross has Mega Evolved into Mega Metagross!
|move|p2a: Landorus-Therian|U-turn|p1a: X Porn
|-damage|p1a: X Porn|278\/343
|
|switch|p2a: Rotom-Wash|Rotom-Wash|303\/303
|move|p1a: X Porn|Zen Headbutt|p2a: Rotom-Wash
|-damage|p2a: Rotom-Wash|135\/303
|
|-heal|p2a: Rotom-Wash|153\/303|[from] item: Leftovers
|turn|6
|
|switch|p2a: Empoleon|Empoleon, F|371\/371
|move|p1a: X Porn|Zen Headbutt|p2a: Empoleon|[miss]
|-miss|p1a: X Porn|p2a: Empoleon
|
|turn|7
|
|switch|p1a: Conkkey Bro|Conkeldurr, F|344\/409
|switch|p2a: Landorus-Therian|Landorus-Therian, M|319\/319
|-ability|p2a: Landorus-Therian|Intimidate|[of] p1a: Conkkey Bro
|-unboost|p1a: Conkkey Bro|atk|1
|
|turn|8
|
|move|p2a: Landorus-Therian|U-turn|p1a: Conkkey Bro
|-resisted|p1a: Conkkey Bro
|-damage|p1a: Conkkey Bro|294\/409
|
|switch|p2a: Clefable|Clefable, F|331\/393
|move|p1a: Conkkey Bro|Ice Punch|p2a: Clefable
|-damage|p2a: Clefable|270\/393
|
|turn|9
|
|switch|p1a: Grenigga|Greninja, F, shiny|285\/285
|move|p2a: Clefable|Moonblast|p1a: Grenigga
|-supereffective|p1a: Grenigga
|-damage|p1a: Grenigga|0 fnt
|faint|p1a: Grenigga
|
|
|switch|p1a: Boom|Azelf|1\/291
|turn|10
|
|move|p1a: Boom|Stealth Rock|p2a: Clefable
|-sidestart|p2: valoreen|move: Stealth Rock
|move|p2a: Clefable|Moonblast|p1a: Boom
|-damage|p1a: Boom|0 fnt
|faint|p1a: Boom
|
|
|switch|p1a: X Porn|Metagross-Mega|278\/343
|turn|11
|
|switch|p2a: Rotom-Wash|Rotom-Wash|153\/303
|-damage|p2a: Rotom-Wash|116\/303|[from] Stealth Rock
|move|p1a: X Porn|Meteor Mash|p2a: Rotom-Wash
|-resisted|p2a: Rotom-Wash
|-damage|p2a: Rotom-Wash|70\/303
|
|-heal|p2a: Rotom-Wash|88\/303|[from] item: Leftovers
|turn|12
|
|move|p1a: X Porn|Zen Headbutt|p2a: Rotom-Wash
|-damage|p2a: Rotom-Wash|0 fnt
|faint|p2a: Rotom-Wash
|
|
|switch|p2a: Landorus-Therian|Landorus-Therian, M|319\/319
|-damage|p2a: Landorus-Therian|280\/319|[from] Stealth Rock
|-ability|p2a: Landorus-Therian|Intimidate|[of] p1a: X Porn
|-unboost|p1a: X Porn|atk|1
|turn|13
|
|switch|p1a: MUFASA DIES|Landorus-Therian, M|319\/319
|-ability|p1a: MUFASA DIES|Intimidate|[of] p2a: Landorus-Therian
|-unboost|p2a: Landorus-Therian|atk|1
|move|p2a: Landorus-Therian|U-turn|p1a: MUFASA DIES
|-resisted|p1a: MUFASA DIES
|-damage|p1a: MUFASA DIES|285\/319
|
|switch|p2a: Clefable|Clefable, F|270\/393
|
|turn|14
|
|move|p1a: MUFASA DIES|Earthquake|p2a: Clefable
|-damage|p2a: Clefable|90\/393
|move|p2a: Clefable|Moonblast|p1a: MUFASA DIES
|-damage|p1a: MUFASA DIES|150\/319
|
|turn|15
|
|switch|p2a: Landorus-Therian|Landorus-Therian, M|280\/319
|-damage|p2a: Landorus-Therian|241\/319|[from] Stealth Rock
|-ability|p2a: Landorus-Therian|Intimidate|[of] p1a: MUFASA DIES
|-unboost|p1a: MUFASA DIES|atk|1
|move|p1a: MUFASA DIES|Earthquake|p2a: Landorus-Therian
|-immune|p2a: Landorus-Therian|[msg]
|
|turn|16
|
|switch|p1a: Conkkey Bro|Conkeldurr, F|294\/409
|move|p2a: Landorus-Therian|U-turn|p1a: Conkkey Bro
|-resisted|p1a: Conkkey Bro
|-damage|p1a: Conkkey Bro|249\/409
|
|switch|p2a: Gothitelle|Gothitelle, M|281\/281
|-damage|p2a: Gothitelle|246\/281|[from] Stealth Rock
|
|turn|17
|
|move|p2a: Gothitelle|Psychic|p1a: Conkkey Bro
|-supereffective|p1a: Conkkey Bro
|-damage|p1a: Conkkey Bro|0 fnt
|faint|p1a: Conkkey Bro
|
|
|switch|p1a: X Porn|Metagross-Mega|278\/343
|turn|18
|
|move|p1a: X Porn|Meteor Mash|p2a: Gothitelle
|-damage|p2a: Gothitelle|0 fnt
|faint|p2a: Gothitelle
|
|
|switch|p2a: Empoleon|Empoleon, F|371\/371
|-damage|p2a: Empoleon|348\/371|[from] Stealth Rock
|turn|19
|
|move|p1a: X Porn|Meteor Mash|p2a: Empoleon
|-resisted|p2a: Empoleon
|-damage|p2a: Empoleon|278\/371
|move|p2a: Empoleon|Scald|p1a: X Porn
|-damage|p1a: X Porn|188\/343
|
|-heal|p2a: Empoleon|301\/371|[from] item: Leftovers
|turn|20
|
|move|p1a: X Porn|Earthquake|p2a: Empoleon
|-supereffective|p2a: Empoleon
|-damage|p2a: Empoleon|0 fnt
|faint|p2a: Empoleon
|
|
|switch|p2a: Landorus-Therian|Landorus-Therian, M|241\/319
|-damage|p2a: Landorus-Therian|202\/319|[from] Stealth Rock
|-ability|p2a: Landorus-Therian|Intimidate|[of] p1a: X Porn
|-unboost|p1a: X Porn|atk|1
|turn|21
|
|switch|p1a: Raijin|Thundurus, M|299\/299
|move|p2a: Landorus-Therian|Earthquake|p1a: Raijin
|-immune|p1a: Raijin|[msg]
|
|turn|22
|
|switch|p2a: Clefable|Clefable, F|90\/393
|move|p1a: Raijin|Thunderbolt|p2a: Clefable
|-damage|p2a: Clefable|0 fnt
|faint|p2a: Clefable
|
|
|switch|p2a: Landorus-Therian|Landorus-Therian, M|202\/319
|-damage|p2a: Landorus-Therian|163\/319|[from] Stealth Rock
|-ability|p2a: Landorus-Therian|Intimidate|[of] p1a: Raijin
|-unboost|p1a: Raijin|atk|1
|-boost|p1a: Raijin|atk|2|[from] ability: Defiant
|turn|23
|
|switch|p1a: MUFASA DIES|Landorus-Therian, M|150\/319
|-ability|p1a: MUFASA DIES|Intimidate|[of] p2a: Landorus-Therian
|-unboost|p2a: Landorus-Therian|atk|1
|move|p2a: Landorus-Therian|U-turn|p1a: MUFASA DIES
|-resisted|p1a: MUFASA DIES
|-damage|p1a: MUFASA DIES|115\/319
|
|switch|p2a: Altaria|Altaria, F|323\/323
|-damage|p2a: Altaria|243\/323|[from] Stealth Rock
|
|turn|24
|
|detailschange|p2a: Altaria|Altaria-Mega, F
|message|Altaria has Mega Evolved into Mega Altaria!
|move|p1a: MUFASA DIES|Explosion|p2a: Altaria
|-damage|p2a: Altaria|0 fnt
|faint|p1a: MUFASA DIES
|faint|p2a: Altaria
|
|c|âvaloreen|...
|c|âA Sprite fan|nice
|-message|valoreen forfeited.
|
|win|A Sprite fan
|raw|Ladder updating...
|leave|valoreen
|player|p2
|raw|A Sprite fan's rating: 1460 &rarr; <strong>1481<\/strong><br \/>(+21 for winning)
|raw|valoreen's rating: 1475 &rarr; <strong>1454<\/strong><br \/>(-21 for losing)