|join|A Sprite fan
|join|Samourai
|player|p1|A Sprite fan|261
|player|p2|Samourai|124
|gametype|singles
|gen|6
|tier|OU
|rated
|clearpoke
|poke|p1|Chansey, F
|poke|p1|Quagsire, M
|poke|p1|Scizor, F
|poke|p1|Bronzong
|poke|p1|Cresselia, F
|poke|p1|Kyurem-Black
|poke|p2|Landorus, M
|poke|p2|Excadrill, M
|poke|p2|Talonflame, M
|poke|p2|Heatran, F
|poke|p2|Venusaur, F
|poke|p2|Rotom-Wash
|rule|Swagger Clause: Swagger is banned
|rule|Baton Pass Clause: Limit one PokÃ©mon knowing Baton Pass
|rule|Sleep Clause Mod: Limit one foe put to sleep
|rule|Species Clause: Limit one of each PokÃ©mon
|rule|OHKO Clause: OHKO moves are banned
|rule|Moody Clause: Moody is banned
|rule|Evasion Moves Clause: Evasion moves are banned
|rule|Endless Battle Clause: Forcing endless battles is banned
|rule|HP Percentage Mod: HP is shown in percentages
|teampreview
|
|start
|switch|p1a: Bronzong|Bronzong|338\/338
|switch|p2a: Landorus|Landorus, M|320\/320
|turn|1
|
|move|p2a: Landorus|Earth Power|p1a: Bronzong
|-immune|p1a: Bronzong|[msg]
|move|p1a: Bronzong|Stealth Rock|p2a: Landorus
|-sidestart|p2: Samourai|move: Stealth Rock
|
|turn|2
|
|move|p2a: Landorus|Stealth Rock|p1a: Bronzong
|-sidestart|p1: A Sprite fan|move: Stealth Rock
|move|p1a: Bronzong|Gyro Ball|p2a: Landorus
|-damage|p2a: Landorus|179\/320
|
|turn|3
|
|switch|p2a: Rotom-Wash|Rotom-Wash|304\/304
|-damage|p2a: Rotom-Wash|266\/304|[from] Stealth Rock
|move|p1a: Bronzong|Toxic|p2a: Rotom-Wash|[miss]
|-miss|p1a: Bronzong|p2a: Rotom-Wash
|
|turn|4
|
|move|p2a: Rotom-Wash|Trick|p1a: Bronzong
|-activate|p2a: Rotom-Wash|move: Trick|[of] p1a: Bronzong
|-item|p1a: Bronzong|Choice Scarf|[from] move: Trick
|-item|p2a: Rotom-Wash|Leftovers|[from] move: Trick
|move|p1a: Bronzong|Toxic|p2a: Rotom-Wash
|-status|p2a: Rotom-Wash|tox
|
|-heal|p2a: Rotom-Wash|285\/304 tox|[from] item: Leftovers
|-damage|p2a: Rotom-Wash|266\/304 tox|[from] psn
|turn|5
|
|switch|p1a: Cresselia|Cresselia, F|443\/443
|-damage|p1a: Cresselia|388\/443|[from] Stealth Rock
|move|p2a: Rotom-Wash|Volt Switch|p1a: Cresselia
|-damage|p1a: Cresselia|301\/443
|
|switch|p2a: Heatran|Heatran, F|324\/324
|-damage|p2a: Heatran|284\/324|[from] Stealth Rock
|
|turn|6
|
|move|p2a: Heatran|Dark Pulse|p1a: Cresselia
|-supereffective|p1a: Cresselia
|-damage|p1a: Cresselia|121\/443
|move|p1a: Cresselia|Light Screen|p1a: Cresselia
|-sidestart|p1: A Sprite fan|move: Light Screen
|
|turn|7
|
|move|p2a: Heatran|Dark Pulse|p1a: Cresselia
|-supereffective|p1a: Cresselia
|-damage|p1a: Cresselia|40\/443
|cant|p1a: Cresselia|flinch
|
|turn|8
|
|switch|p1a: Bronzong|Bronzong|338\/338
|-damage|p1a: Bronzong|317\/338|[from] Stealth Rock
|move|p2a: Heatran|Dark Pulse|p1a: Bronzong
|-supereffective|p1a: Bronzong
|-damage|p1a: Bronzong|230\/338
|
|turn|9
|
|move|p2a: Heatran|Flamethrower|p1a: Bronzong
|-supereffective|p1a: Bronzong
|-damage|p1a: Bronzong|49\/338
|move|p1a: Bronzong|Earthquake|p2a: Heatran
|-supereffective|p2a: Heatran
|-damage|p2a: Heatran|20\/324
|
|turn|10
|
|move|p2a: Heatran|Flamethrower|p1a: Bronzong
|-supereffective|p1a: Bronzong
|-damage|p1a: Bronzong|0 fnt
|faint|p1a: Bronzong
|
|
|switch|p1a: Quagsire|Quagsire, M|394\/394
|-damage|p1a: Quagsire|370\/394|[from] Stealth Rock
|turn|11
|
|switch|p2a: Venusaur|Venusaur, F|301\/301
|-damage|p2a: Venusaur|264\/301|[from] Stealth Rock
|move|p1a: Quagsire|Scald|p2a: Venusaur
|-crit|p2a: Venusaur
|-resisted|p2a: Venusaur
|-damage|p2a: Venusaur|227\/301
|
|-heal|p1a: Quagsire|394\/394|[from] item: Leftovers
|turn|12
|
|switch|p1a: Cresselia|Cresselia, F|40\/443
|-damage|p1a: Cresselia|0 fnt|[from] Stealth Rock
|faint|p1a: Cresselia
|detailschange|p2a: Venusaur|Venusaur-Mega, F
|message|Venusaur has Mega Evolved into Mega Venusaur!
|move|p2a: Venusaur|Leech Seed|p1: Cresselia|[notarget]
|-notarget
|
|
|switch|p1a: Scizor|Scizor, F|343\/343
|-damage|p1a: Scizor|301\/343|[from] Stealth Rock
|turn|13
|
|detailschange|p1a: Scizor|Scizor-Mega, F
|message|Scizor has Mega Evolved into Mega Scizor!
|move|p1a: Scizor|Bullet Punch|p2a: Venusaur
|-damage|p2a: Venusaur|163\/301
|move|p2a: Venusaur|Hidden Power|p1a: Scizor
|-supereffective|p1a: Scizor
|-damage|p1a: Scizor|197\/343
|
|-sideend|p1: A Sprite fan|move: Light Screen
|turn|14
|
|switch|p1a: Kyurem-Black|Kyurem-Black|405\/405
|-damage|p1a: Kyurem-Black|304\/405|[from] Stealth Rock
|-ability|p1a: Kyurem-Black|Teravolt
|move|p2a: Venusaur|Synthesis|p2a: Venusaur
|-heal|p2a: Venusaur|301\/301
|
|turn|15
|
|move|p1a: Kyurem-Black|Outrage|p2a: Venusaur
|-damage|p2a: Venusaur|46\/301
|move|p2a: Venusaur|Toxic|p1a: Kyurem-Black
|-status|p1a: Kyurem-Black|tox
|
|-damage|p1a: Kyurem-Black|279\/405 tox|[from] psn
|turn|16
|
|switch|p2a: Excadrill|Excadrill, M|362\/362
|-damage|p2a: Excadrill|351\/362|[from] Stealth Rock
|-ability|p2a: Excadrill|Mold Breaker
|move|p1a: Kyurem-Black|Outrage|p2a: Excadrill
|-resisted|p2a: Excadrill
|-damage|p2a: Excadrill|45\/362
|
|-end|p1a: Kyurem-Black|rampage
|-start|p1a: Kyurem-Black|confusion
|-damage|p1a: Kyurem-Black|229\/405 tox|[from] psn
|turn|17
|
|switch|p1a: Quagsire|Quagsire, M|394\/394
|-damage|p1a: Quagsire|370\/394|[from] Stealth Rock
|move|p2a: Excadrill|Iron Head|p1a: Quagsire
|-resisted|p1a: Quagsire
|-damage|p1a: Quagsire|302\/394
|
|-heal|p1a: Quagsire|326\/394|[from] item: Leftovers
|turn|18
|
|switch|p2a: Landorus|Landorus, M|179\/320
|-damage|p2a: Landorus|139\/320|[from] Stealth Rock
|move|p1a: Quagsire|Scald|p2a: Landorus
|-supereffective|p2a: Landorus
|-damage|p2a: Landorus|0 fnt
|faint|p2a: Landorus
|
|-heal|p1a: Quagsire|350\/394|[from] item: Leftovers
|
|switch|p2a: Excadrill|Excadrill, M|45\/362
|-damage|p2a: Excadrill|34\/362|[from] Stealth Rock
|-ability|p2a: Excadrill|Mold Breaker
|turn|19
|
|move|p2a: Excadrill|Rapid Spin|p1a: Quagsire
|-damage|p1a: Quagsire|328\/394
|-sideend|p2: Samourai|Stealth Rock|[from] move: Rapid Spin|[of] p2a: Excadrill
|move|p1a: Quagsire|Scald|p2a: Excadrill
|-supereffective|p2a: Excadrill
|-damage|p2a: Excadrill|0 fnt
|faint|p2a: Excadrill
|
|-heal|p1a: Quagsire|352\/394|[from] item: Leftovers
|
|switch|p2a: Venusaur|Venusaur-Mega, F|46\/301
|turn|20
|
|switch|p1a: Scizor|Scizor-Mega, F|197\/343
|-damage|p1a: Scizor|155\/343|[from] Stealth Rock
|move|p2a: Venusaur|Synthesis|p2a: Venusaur
|-heal|p2a: Venusaur|196\/301
|
|turn|21
|
|move|p2a: Venusaur|Hidden Power|p1a: Scizor
|-supereffective|p1a: Scizor
|-damage|p1a: Scizor|0 fnt
|faint|p1a: Scizor
|
|-message|A Sprite fan forfeited.
|
|win|Samourai
|raw|Ladder updating...
|leave|A Sprite fan
|player|p1
|raw|A Sprite fan's rating: 1425 &rarr; <strong>1407<\/strong><br \/>(-18 for losing)
|raw|Samourai's rating: 1453 &rarr; <strong>1471<\/strong><br \/>(+18 for winning)