|join|poketmoster
|join|A Sprite fan
|player|p1|poketmoster|144
|player|p2|A Sprite fan|9
|gametype|singles
|gen|6
|tier|OU
|clearpoke
|poke|p1|Ferrothorn, F
|poke|p1|Latias, F
|poke|p1|Snorlax, M
|poke|p1|Galvantula, F
|poke|p1|Exploud, M
|poke|p1|Lopunny, M
|poke|p2|Azelf
|poke|p2|Metagross
|poke|p2|Greninja, M, shiny
|poke|p2|Thundurus, M
|poke|p2|Landorus-Therian, M
|poke|p2|Conkeldurr, F
|rule|Swagger Clause: Swagger is banned
|rule|Baton Pass Clause: Limit one PokÃ©mon knowing Baton Pass
|rule|Sleep Clause Mod: Limit one foe put to sleep
|rule|Species Clause: Limit one of each PokÃ©mon
|rule|OHKO Clause: OHKO moves are banned
|rule|Moody Clause: Moody is banned
|rule|Evasion Moves Clause: Evasion moves are banned
|rule|Endless Battle Clause: Forcing endless battles is banned
|rule|HP Percentage Mod: HP is shown in percentages
|teampreview
|c|âpoketmoster|este equipo es muy bueno
|c|âA Sprite fan|falta water
|
|start
|switch|p1a: mrs.styki|Galvantula, F|281\/281
|switch|p2a: Boom|Azelf|291\/291
|turn|1
|c|âA Sprite fan|deberias revisar eso
|
|move|p2a: Boom|Taunt|p1a: mrs.styki
|-start|p1a: mrs.styki|move: Taunt
|cant|p1a: mrs.styki|move: Taunt|Sticky Web
|
|turn|2
|
|switch|p1a: puas (|Ferrothorn, F|352\/352
|move|p2a: Boom|Stealth Rock|p1a: puas (
|-sidestart|p1: poketmoster|move: Stealth Rock
|
|turn|3
|
|move|p2a: Boom|Fire Blast|p1a: puas (
|-supereffective|p1a: puas (
|-damage|p1a: puas (|0 fnt
|faint|p1a: puas (
|
|
|switch|p1a: La tia|Latias, F|364\/364
|-damage|p1a: La tia|319\/364|[from] Stealth Rock
|turn|4
|
|move|p2a: Boom|Taunt|p1a: La tia
|-start|p1a: La tia|move: Taunt
|cant|p1a: La tia|move: Taunt|Defog
|
|turn|5
|c|âA Sprite fan|por eso en el rain no decidi atacarte con Fire Blast directamente
|c|âA Sprite fan|la lluvia
|
|move|p2a: Boom|Explosion|p1a: La tia
|-damage|p1a: La tia|28\/364
|faint|p2a: Boom
|move|p1a: La tia|Draco Meteor|p2: Boom|[notarget]
|-notarget
|
|
|switch|p2a: X Porn|Metagross|343\/343
|turn|6
|
|detailschange|p2a: X Porn|Metagross-Mega
|message|Metagross has Mega Evolved into Mega Metagross!
|move|p1a: La tia|Draco Meteor|p2a: X Porn
|-resisted|p2a: X Porn
|-damage|p2a: X Porn|264\/343
|-unboost|p1a: La tia|spa|2
|move|p2a: X Porn|Agility|p2a: X Porn
|-boost|p2a: X Porn|spe|2
|
|-end|p1a: La tia|move: Taunt
|turn|7
|
|move|p2a: X Porn|Meteor Mash|p1a: La tia
|-damage|p1a: La tia|0 fnt
|-boost|p2a: X Porn|atk|1
|faint|p1a: La tia
|
|
|switch|p1a: mrs.styki|Galvantula, F|281\/281
|-damage|p1a: mrs.styki|211\/281|[from] Stealth Rock
|turn|8
|
|move|p2a: X Porn|Zen Headbutt|p1a: mrs.styki
|-damage|p1a: mrs.styki|0 fnt
|faint|p1a: mrs.styki
|
|
|switch|p1a: jump (|Lopunny, M|272\/272
|-damage|p1a: jump (|238\/272|[from] Stealth Rock
|turn|9
|
|detailschange|p1a: jump (|Lopunny-Mega, M
|message|Lopunny has Mega Evolved into Mega Lopunny!
|move|p1a: jump (|Fake Out|p2a: X Porn
|-resisted|p2a: X Porn
|-damage|p2a: X Porn|238\/343
|cant|p2a: X Porn|flinch
|
|turn|10
|
|move|p2a: X Porn|Meteor Mash|p1a: jump (|[miss]
|-miss|p2a: X Porn|p1a: jump (
|move|p1a: jump (|High Jump Kick|p2a: X Porn
|-damage|p2a: X Porn|66\/343
|
|turn|11
|
|move|p2a: X Porn|Meteor Mash|p1a: jump (
|-damage|p1a: jump (|0 fnt
|faint|p1a: jump (
|
|c|âA Sprite fan|lo bueno de jugar ahora hyperoffense es que le saco mucha ventaja a balance como esos
|c|âA Sprite fan|pero al jugar con climas es bastante dificil ganar
|
|switch|p1a: griton|Exploud, M|351\/351
|-damage|p1a: griton|308\/351|[from] Stealth Rock
|turn|12
|c|âpoketmoster|sip
|
|move|p2a: X Porn|Meteor Mash|p1a: griton
|-damage|p1a: griton|0 fnt
|-boost|p2a: X Porn|atk|1
|faint|p1a: griton
|
|
|switch|p1a: big food|Snorlax, M|465\/465
|-damage|p1a: big food|407\/465|[from] Stealth Rock
|turn|13
|
|move|p2a: X Porn|Meteor Mash|p1a: big food
|-damage|p1a: big food|0 fnt
|faint|p1a: big food
|
|win|A Sprite fan