|join|Molisaurus
|join|A Sprite fan
|player|p1|Molisaurus|124
|player|p2|A Sprite fan|124
|gametype|singles
|gen|6
|tier|OU
|rated
|clearpoke
|poke|p1|Landorus, M
|poke|p1|Azumarill, F
|poke|p1|Heatran, M
|poke|p1|Zapdos
|poke|p1|Metagross
|poke|p1|Raikou
|poke|p2|Terrakion
|poke|p2|Gallade, M
|poke|p2|Bisharp, M
|poke|p2|Greninja, M
|poke|p2|Landorus-Therian, M
|poke|p2|Thundurus, M
|rule|Swagger Clause: Swagger is banned
|rule|Baton Pass Clause: Limit one PokÃ©mon knowing Baton Pass
|rule|Sleep Clause Mod: Limit one foe put to sleep
|rule|Species Clause: Limit one of each PokÃ©mon
|rule|OHKO Clause: OHKO moves are banned
|rule|Moody Clause: Moody is banned
|rule|Evasion Moves Clause: Evasion moves are banned
|rule|Endless Battle Clause: Forcing endless battles is banned
|rule|HP Percentage Mod: HP is shown in percentages
|teampreview
|
|start
|switch|p1a: Raikou|Raikou|321\/321
|switch|p2a: Gallade|Gallade, M|277\/277
|-ability|p1a: Raikou|Pressure
|turn|1
|
|detailschange|p2a: Gallade|Gallade-Mega, M
|message|Gallade has Mega Evolved into Mega Gallade!
|move|p1a: Raikou|Thunderbolt|p2a: Gallade
|-damage|p2a: Gallade|144\/277
|move|p2a: Gallade|Zen Headbutt|p1a: Raikou|[miss]
|-miss|p2a: Gallade|p1a: Raikou
|
|turn|2
|c|âA Sprite fan|ostias moli, tu tmb eres de ss
|
|move|p1a: Raikou|Hidden Power|p2a: Gallade
|-damage|p2a: Gallade|90\/277
|move|p2a: Gallade|Close Combat|p1a: Raikou
|-damage|p1a: Raikou|12\/321
|-unboost|p2a: Gallade|def|1
|-unboost|p2a: Gallade|spd|1
|
|turn|3
|c|âMolisaurus|LOL
|c|âMolisaurus|quien eres xD
|c|âA Sprite fan|hyadain en 3djuegos
|
|switch|p2a: Bisharp|Bisharp, M|279\/279
|move|p1a: Raikou|Hidden Power|p2a: Bisharp
|-resisted|p2a: Bisharp
|-damage|p2a: Bisharp|249\/279
|
|turn|4
|
|move|p1a: Raikou|Thunderbolt|p2a: Bisharp
|-damage|p2a: Bisharp|131\/279
|move|p2a: Bisharp|Pursuit|p1a: Raikou
|-damage|p1a: Raikou|0 fnt
|faint|p1a: Raikou
|
|c|âMolisaurus|no me suena tu nombre xD
|
|switch|p1a: Azumarill|Azumarill, F|381\/381
|turn|5
|c|âA Sprite fan|me metiÃ³ seirla al clan la semana pasada
|c|âA Sprite fan|seirle*
|c|âMolisaurus|Seirla xdddddd
|
|move|p2a: Bisharp|Iron Head|p1a: Azumarill
|-damage|p1a: Azumarill|182\/381
|move|p1a: Azumarill|Knock Off|p2a: Bisharp
|-resisted|p2a: Bisharp
|-damage|p2a: Bisharp|59\/279
|-enditem|p2a: Bisharp|Assault Vest|[from] move: Knock Off|[of] p1a: Azumarill
|
|turn|6
|
|move|p1a: Azumarill|Aqua Jet|p2a: Bisharp
|-damage|p2a: Bisharp|0 fnt
|faint|p2a: Bisharp
|
|
|switch|p2a: Thundurus|Thundurus, M|299\/299
|turn|7
|
|switch|p1a: Heatran|Heatran, M|379\/379
|move|p2a: Thundurus|Thunderbolt|p1a: Heatran
|-damage|p1a: Heatran|239\/379
|-damage|p2a: Thundurus|270\/299|[from] item: Life Orb
|
|-heal|p1a: Heatran|262\/379|[from] item: Leftovers
|turn|8
|
|move|p2a: Thundurus|Nasty Plot|p2a: Thundurus
|-boost|p2a: Thundurus|spa|2
|move|p1a: Heatran|Magma Storm|p2a: Thundurus
|-damage|p2a: Thundurus|90\/299
|-activate|p2a: Thundurus|move: Magma Storm|[of] p1a: Heatran
|
|-heal|p1a: Heatran|285\/379|[from] item: Leftovers
|-damage|p2a: Thundurus|53\/299|[from] move: Magma Storm|[partiallytrapped]
|turn|9
|
|move|p1a: Heatran|Protect|p1a: Heatran
|-singleturn|p1a: Heatran|Protect
|move|p2a: Thundurus|Thunderbolt|p1a: Heatran
|-activate|p1a: Heatran|Protect
|
|-heal|p1a: Heatran|308\/379|[from] item: Leftovers
|-damage|p2a: Thundurus|16\/299|[from] move: Magma Storm|[partiallytrapped]
|turn|10
|c|âA Sprite fan|ese set
|
|switch|p1a: Landorus|Landorus, M|319\/319
|move|p2a: Thundurus|Thunderbolt|p1a: Landorus
|-immune|p1a: Landorus|[msg]
|
|-end|p2a: Thundurus|Magma Storm|[partiallytrapped]
|turn|11
|c|âMolisaurus|Es guarrete, losÃ©
|c|âMolisaurus|xD
|
|switch|p1a: Azumarill|Azumarill, F|182\/381
|move|p2a: Thundurus|Thunder Wave|p1a: Azumarill
|-status|p1a: Azumarill|par
|
|turn|12
|
|move|p1a: Azumarill|Aqua Jet|p2a: Thundurus
|-damage|p2a: Thundurus|0 fnt
|faint|p2a: Thundurus
|
|
|switch|p2a: Greninja|Greninja, M|285\/285
|turn|13
|
|move|p2a: Greninja|Gunk Shot|p1a: Azumarill
|-start|p2a: Greninja|typechange|Poison|[from] Protean
|-supereffective|p1a: Azumarill
|-damage|p1a: Azumarill|0 fnt
|-damage|p2a: Greninja|257\/285|[from] item: Life Orb
|faint|p1a: Azumarill
|
|
|switch|p1a: Metagross|Metagross|301\/301
|turn|14
|
|detailschange|p1a: Metagross|Metagross-Mega
|message|Metagross has Mega Evolved into Mega Metagross!
|move|p2a: Greninja|Hidden Power|p1a: Metagross
|-start|p2a: Greninja|typechange|Fire|[from] Protean
|-supereffective|p1a: Metagross
|-damage|p1a: Metagross|96\/301
|-damage|p2a: Greninja|229\/285|[from] item: Life Orb
|move|p1a: Metagross|Meteor Mash|p2a: Greninja
|-resisted|p2a: Greninja
|-damage|p2a: Greninja|38\/285
|
|turn|15
|
|switch|p2a: Landorus-Therian|Landorus-Therian, M|319\/319
|-ability|p2a: Landorus-Therian|Intimidate|[of] p1a: Metagross
|-unboost|p1a: Metagross|atk|1
|switch|p1a: Heatran|Heatran, M|308\/379
|
|-heal|p1a: Heatran|331\/379|[from] item: Leftovers
|turn|16
|
|switch|p2a: Terrakion|Terrakion|323\/323
|move|p1a: Heatran|Protect|p1a: Heatran
|-fail|p1a: Heatran
|
|-heal|p1a: Heatran|354\/379|[from] item: Leftovers
|turn|17
|
|move|p1a: Heatran|Protect|p1a: Heatran
|-singleturn|p1a: Heatran|Protect
|move|p2a: Terrakion|Taunt|p1a: Heatran
|-activate|p1a: Heatran|Protect
|
|-heal|p1a: Heatran|377\/379|[from] item: Leftovers
|turn|18
|c|âMolisaurus|pff
|c|âMolisaurus|no eschoice
|
|move|p2a: Terrakion|Close Combat|p1a: Heatran
|-supereffective|p1a: Heatran
|-damage|p1a: Heatran|0 fnt
|-unboost|p2a: Terrakion|def|1
|-unboost|p2a: Terrakion|spd|1
|faint|p1a: Heatran
|
|
|switch|p1a: Metagross|Metagross-Mega|96\/301
|turn|19
|c|âA Sprite fan|necesito suicide lead para estos teams
|
|switch|p2a: Greninja|Greninja, M|38\/285
|move|p1a: Metagross|Ice Punch|p2a: Greninja
|-resisted|p2a: Greninja
|-damage|p2a: Greninja|0 fnt
|faint|p2a: Greninja
|
|
|switch|p2a: Landorus-Therian|Landorus-Therian, M|319\/319
|-ability|p2a: Landorus-Therian|Intimidate|[of] p1a: Metagross
|-unboost|p1a: Metagross|atk|1
|turn|20
|
|switch|p1a: Zapdos|Zapdos|379\/379
|-ability|p1a: Zapdos|Pressure
|move|p2a: Landorus-Therian|U-turn|p1a: Zapdos
|-resisted|p1a: Zapdos
|-damage|p1a: Zapdos|346\/379
|
|switch|p2a: Gallade|Gallade-Mega, M|90\/277
|
|-heal|p1a: Zapdos|369\/379|[from] item: Leftovers
|turn|21
|
|move|p2a: Gallade|Ice Punch|p1a: Zapdos
|-supereffective|p1a: Zapdos
|-damage|p1a: Zapdos|183\/379
|move|p1a: Zapdos|Heat Wave|p2a: Gallade
|-damage|p2a: Gallade|2\/277
|
|-heal|p1a: Zapdos|206\/379|[from] item: Leftovers
|turn|22
|
|move|p2a: Gallade|Ice Punch|p1a: Zapdos
|-crit|p1a: Zapdos
|-supereffective|p1a: Zapdos
|-damage|p1a: Zapdos|0 fnt
|faint|p1a: Zapdos
|
|c|âMolisaurus|puto crit
|c|âA Sprite fan|oh, lo siento xd
|c|âMolisaurus|no mataba ni en max dam
|c|âMolisaurus|:8
|
|switch|p1a: Metagross|Metagross-Mega|96\/301
|turn|23
|
|move|p2a: Gallade|Close Combat|p1a: Metagross
|-damage|p1a: Metagross|0 fnt
|-unboost|p2a: Gallade|def|1
|-unboost|p2a: Gallade|spd|1
|faint|p1a: Metagross
|
|c|âA Sprite fan|gg
|
|switch|p1a: Landorus|Landorus, M|319\/319
|turn|24
|c|âMolisaurus|gg
|c|âMolisaurus|puta bida
|c|âMolisaurus|T-T
|
|move|p2a: Gallade|Ice Punch|p1a: Landorus
|-supereffective|p1a: Landorus
|-damage|p1a: Landorus|0 fnt
|faint|p1a: Landorus
|
|win|A Sprite fan
|raw|Ladder updating...
|raw|Molisaurus's rating: 1479 &rarr; <strong>1456<\/strong><br \/>(-23 for losing)
|raw|A Sprite fan's rating: 1441 &rarr; <strong>1463<\/strong><br \/>(+22 for winning)
|c|âA Sprite fan|subimos la replay a 3dj?
|c|âMolisaurus|como quieras