|join|A Sprite fan
|join|Vallosota
|player|p1|A Sprite fan|261
|player|p2|Vallosota|108
|gametype|singles
|gen|6
|tier|OU
|rated
|clearpoke
|poke|p1|Politoed, F
|poke|p1|Kingdra, M
|poke|p1|Kabutops, M
|poke|p1|Ampharos, F
|poke|p1|Ferrothorn, F
|poke|p1|Landorus-Therian, M
|poke|p2|Heatran, F
|poke|p2|Rotom-Wash
|poke|p2|Ferrothorn, M
|poke|p2|Venusaur, M
|poke|p2|Tyranitar, F
|poke|p2|Gliscor, F
|rule|Swagger Clause: Swagger is banned
|rule|Baton Pass Clause: Limit one PokÃ©mon knowing Baton Pass
|rule|Sleep Clause Mod: Limit one foe put to sleep
|rule|Species Clause: Limit one of each PokÃ©mon
|rule|OHKO Clause: OHKO moves are banned
|rule|Moody Clause: Moody is banned
|rule|Evasion Moves Clause: Evasion moves are banned
|rule|Endless Battle Clause: Forcing endless battles is banned
|rule|HP Percentage Mod: HP is shown in percentages
|teampreview
|
|start
|switch|p1a: Ampharos|Ampharos, F|321\/321
|switch|p2a: Ferrothorn|Ferrothorn, M|352\/352
|turn|1
|
|switch|p1a: Ferrothorn|Ferrothorn, F|352\/352
|move|p2a: Ferrothorn|Stealth Rock|p1a: Ferrothorn
|-sidestart|p1: A Sprite fan|move: Stealth Rock
|
|turn|2
|
|move|p1a: Ferrothorn|Stealth Rock|p2a: Ferrothorn
|-sidestart|p2: Vallosota|move: Stealth Rock
|move|p2a: Ferrothorn|Knock Off|p1a: Ferrothorn
|-damage|p1a: Ferrothorn|294\/352
|-damage|p2a: Ferrothorn|308\/352|[from] ability: Iron Barbs|[of] p1a: Ferrothorn
|-enditem|p1a: Ferrothorn|Leftovers|[from] move: Knock Off|[of] p2a: Ferrothorn
|
|turn|3
|
|switch|p2a: Heatran|Heatran, F|386\/386
|-damage|p2a: Heatran|338\/386|[from] Stealth Rock
|move|p1a: Ferrothorn|Leech Seed|p2a: Heatran
|-start|p2a: Heatran|move: Leech Seed
|
|-heal|p2a: Heatran|362\/386|[from] item: Leftovers
|-damage|p2a: Heatran|314\/386|[from] Leech Seed|[of] p1a: Ferrothorn
|-heal|p1a: Ferrothorn|342\/352|[silent]
|turn|4
|
|switch|p2a: Rotom-Wash|Rotom-Wash|304\/304
|-damage|p2a: Rotom-Wash|266\/304|[from] Stealth Rock
|switch|p1a: Politoed|Politoed, F|383\/383
|-damage|p1a: Politoed|336\/383|[from] Stealth Rock
|-weather|RainDance
|
|-weather|RainDance|[upkeep]
|-heal|p2a: Rotom-Wash|285\/304|[from] item: Leftovers
|turn|5
|
|switch|p1a: Landorus-Therian|Landorus-Therian, M|319\/319
|-damage|p1a: Landorus-Therian|280\/319|[from] Stealth Rock
|-ability|p1a: Landorus-Therian|Intimidate|[of] p2a: Rotom-Wash
|-unboost|p2a: Rotom-Wash|atk|1
|move|p2a: Rotom-Wash|Hydro Pump|p1a: Landorus-Therian
|-supereffective|p1a: Landorus-Therian
|-damage|p1a: Landorus-Therian|0 fnt
|faint|p1a: Landorus-Therian
|
|-weather|RainDance|[upkeep]
|-heal|p2a: Rotom-Wash|304\/304|[from] item: Leftovers
|
|switch|p1a: Kingdra|Kingdra, M|297\/297
|-damage|p1a: Kingdra|260\/297|[from] Stealth Rock
|turn|6
|
|move|p1a: Kingdra|Hydro Pump|p2a: Rotom-Wash
|-resisted|p2a: Rotom-Wash
|-damage|p2a: Rotom-Wash|166\/304
|move|p2a: Rotom-Wash|Volt Switch|p1a: Kingdra
|-damage|p1a: Kingdra|172\/297
|
|switch|p2a: Tyranitar|Tyranitar, F|404\/404
|-damage|p2a: Tyranitar|354\/404|[from] Stealth Rock
|-weather|Sandstorm
|
|-weather|Sandstorm|[upkeep]
|-damage|p1a: Kingdra|154\/297|[from] sandstorm
|turn|7
|
|move|p1a: Kingdra|Hydro Pump|p2a: Tyranitar
|-supereffective|p2a: Tyranitar
|-damage|p2a: Tyranitar|190\/404
|move|p2a: Tyranitar|Crunch|p1a: Kingdra
|-damage|p1a: Kingdra|31\/297
|-unboost|p1a: Kingdra|def|1
|
|-weather|Sandstorm|[upkeep]
|-damage|p1a: Kingdra|13\/297|[from] sandstorm
|turn|8
|-message|A Sprite fan forfeited.
|
|win|Vallosota
|raw|Ladder updating...
|leave|A Sprite fan
|player|p1
|raw|A Sprite fan's rating: 1429 &rarr; <strong>1404<\/strong><br \/>(-25 for losing)
|raw|Vallosota's rating: 1349 &rarr; <strong>1374<\/strong><br \/>(+25 for winning)