|join|A Sprite fan
|join|aquagle
|player|p1|A Sprite fan|261
|player|p2|aquagle|3
|gametype|singles
|gen|6
|tier|OU
|rated
|clearpoke
|poke|p1|Alakazam, M
|poke|p1|Landorus-Therian, M
|poke|p1|Skarmory, F
|poke|p1|Florges, F
|poke|p1|Azumarill, M
|poke|p1|Kyurem-Black
|poke|p2|Politoed, M, shiny
|poke|p2|Kingdra, M
|poke|p2|Blastoise, F
|poke|p2|Venomoth, F, shiny
|poke|p2|Drifblim, F
|poke|p2|Porygon2, shiny
|rule|Swagger Clause: Swagger is banned
|rule|Baton Pass Clause: Limit one PokÃ©mon knowing Baton Pass
|rule|Sleep Clause Mod: Limit one foe put to sleep
|rule|Species Clause: Limit one of each PokÃ©mon
|rule|OHKO Clause: OHKO moves are banned
|rule|Moody Clause: Moody is banned
|rule|Evasion Moves Clause: Evasion moves are banned
|rule|Endless Battle Clause: Forcing endless battles is banned
|rule|HP Percentage Mod: HP is shown in percentages
|teampreview
|
|start
|switch|p1a: Kyurem-Black|Kyurem-Black|405\/405
|switch|p2a: Drifblim|Drifblim, F|441\/441
|-ability|p1a: Kyurem-Black|Teravolt
|turn|1
|
|switch|p2a: Politoed|Politoed, M, shiny|383\/383
|-weather|RainDance
|move|p1a: Kyurem-Black|Substitute|p1a: Kyurem-Black
|-start|p1a: Kyurem-Black|Substitute
|-damage|p1a: Kyurem-Black|304\/405
|
|-weather|RainDance|[upkeep]
|-heal|p1a: Kyurem-Black|329\/405|[from] item: Leftovers
|turn|2
|
|move|p1a: Kyurem-Black|Fusion Bolt|p2a: Politoed
|-supereffective|p2a: Politoed
|-damage|p2a: Politoed|165\/383
|-enditem|p2a: Politoed|Eject Button
|
|switch|p2a: Porygon2|Porygon2, shiny|373\/373
|-ability|p2a: Porygon2|Teravolt|[from] ability: Trace|[of] p1a: Kyurem-Black
|-ability|p2a: Porygon2|Teravolt
|
|-weather|RainDance|[upkeep]
|-heal|p1a: Kyurem-Black|354\/405|[from] item: Leftovers
|turn|3
|
|move|p1a: Kyurem-Black|Fusion Bolt|p2a: Porygon2
|-damage|p2a: Porygon2|304\/373
|move|p2a: Porygon2|Foul Play|p1a: Kyurem-Black
|-end|p1a: Kyurem-Black|Substitute
|
|-weather|RainDance|[upkeep]
|-heal|p1a: Kyurem-Black|379\/405|[from] item: Leftovers
|turn|4
|
|switch|p1a: Azumarill|Azumarill, M|379\/379
|move|p2a: Porygon2|Discharge|p1a: Azumarill
|-supereffective|p1a: Azumarill
|-damage|p1a: Azumarill|233\/379
|-status|p1a: Azumarill|par
|
|-weather|RainDance|[upkeep]
|turn|5
|
|switch|p2a: Drifblim|Drifblim, F|441\/441
|move|p1a: Azumarill|Waterfall|p2a: Drifblim
|-damage|p2a: Drifblim|0 fnt
|-damage|p1a: Azumarill|139\/379 par|[from] ability: Aftermath|[of] p2a: Drifblim
|faint|p2a: Drifblim
|
|-weather|none
|
|switch|p2a: Venomoth|Venomoth, F, shiny|343\/343
|turn|6
|
|move|p2a: Venomoth|Quiver Dance|p2a: Venomoth
|-boost|p2a: Venomoth|spa|1
|-boost|p2a: Venomoth|spd|1
|-boost|p2a: Venomoth|spe|1
|cant|p1a: Azumarill|par
|
|turn|7
|
|switch|p1a: Skarmory|Skarmory, F|334\/334
|move|p2a: Venomoth|Quiver Dance|p2a: Venomoth
|-boost|p2a: Venomoth|spa|1
|-boost|p2a: Venomoth|spd|1
|-boost|p2a: Venomoth|spe|1
|
|turn|8
|
|move|p2a: Venomoth|Giga Drain|p1a: Skarmory
|-resisted|p1a: Skarmory
|-damage|p1a: Skarmory|282\/334
|move|p1a: Skarmory|Whirlwind|p2a: Venomoth
|drag|p2a: Kingdra|Kingdra, M|291\/291
|
|turn|9
|
|move|p2a: Kingdra|Hydro Pump|p1a: Skarmory|[miss]
|-miss|p2a: Kingdra|p1a: Skarmory
|move|p1a: Skarmory|Whirlwind|p2a: Kingdra
|drag|p2a: Politoed|Politoed, M, shiny|165\/383
|-weather|RainDance
|
|-weather|RainDance|[upkeep]
|turn|10
|
|switch|p1a: Florges|Florges, F|359\/359
|move|p2a: Politoed|Scald|p1a: Florges
|-damage|p1a: Florges|284\/359
|
|-weather|RainDance|[upkeep]
|-heal|p1a: Florges|306\/359|[from] item: Leftovers
|turn|11
|
|switch|p2a: Venomoth|Venomoth, F, shiny|343\/343
|move|p1a: Florges|Aromatherapy|p1a: Florges
|-cureteam|p1a: Florges|[from] move: Aromatherapy
|
|-weather|RainDance|[upkeep]
|-heal|p1a: Florges|328\/359|[from] item: Leftovers
|turn|12
|
|move|p2a: Venomoth|Quiver Dance|p2a: Venomoth
|-boost|p2a: Venomoth|spa|1
|-boost|p2a: Venomoth|spd|1
|-boost|p2a: Venomoth|spe|1
|move|p1a: Florges|Moonblast|p2a: Venomoth
|-resisted|p2a: Venomoth
|-damage|p2a: Venomoth|295\/343
|
|-weather|RainDance|[upkeep]
|-heal|p2a: Venomoth|316\/343|[from] item: Black Sludge
|-heal|p1a: Florges|350\/359|[from] item: Leftovers
|turn|13
|
|switch|p1a: Skarmory|Skarmory, F|282\/334
|move|p2a: Venomoth|Baton Pass|p2a: Venomoth
|
|switch|p2a: Kingdra|Kingdra, M|291\/291
|
|-weather|none
|turn|14
|
|move|p2a: Kingdra|Hydro Pump|p1a: Skarmory
|-damage|p1a: Skarmory|0 fnt
|faint|p1a: Skarmory
|
|
|switch|p1a: Alakazam|Alakazam, M|251\/251
|turn|15
|
|detailschange|p1a: Alakazam|Alakazam-Mega, M
|message|Alakazam has Mega Evolved into Mega Alakazam!
|-ability|p1a: Alakazam|Swift Swim|[from] ability: Trace|[of] p2a: Kingdra
|move|p2a: Kingdra|Hydro Pump|p1a: Alakazam
|-damage|p1a: Alakazam|0 fnt
|faint|p1a: Alakazam
|
|
|switch|p1a: Florges|Florges, F|350\/359
|turn|16
|
|switch|p2a: Venomoth|Venomoth, F, shiny|316\/343
|move|p1a: Florges|Moonblast|p2a: Venomoth
|-resisted|p2a: Venomoth
|-damage|p2a: Venomoth|242\/343
|-unboost|p2a: Venomoth|spa|1
|
|-heal|p2a: Venomoth|263\/343|[from] item: Black Sludge
|-heal|p1a: Florges|359\/359|[from] item: Leftovers
|turn|17
|
|switch|p1a: Kyurem-Black|Kyurem-Black|379\/405
|-ability|p1a: Kyurem-Black|Teravolt
|move|p2a: Venomoth|Quiver Dance|p2a: Venomoth
|-boost|p2a: Venomoth|spa|1
|-boost|p2a: Venomoth|spd|1
|-boost|p2a: Venomoth|spe|1
|
|-heal|p2a: Venomoth|284\/343|[from] item: Black Sludge
|-heal|p1a: Kyurem-Black|404\/405|[from] item: Leftovers
|turn|18
|
|move|p2a: Venomoth|Quiver Dance|p2a: Venomoth
|-boost|p2a: Venomoth|spa|1
|-boost|p2a: Venomoth|spd|1
|-boost|p2a: Venomoth|spe|1
|move|p1a: Kyurem-Black|Substitute|p1a: Kyurem-Black
|-start|p1a: Kyurem-Black|Substitute
|-damage|p1a: Kyurem-Black|303\/405
|
|-heal|p2a: Venomoth|305\/343|[from] item: Black Sludge
|-heal|p1a: Kyurem-Black|328\/405|[from] item: Leftovers
|turn|19
|
|move|p2a: Venomoth|Baton Pass|p2a: Venomoth
|
|switch|p2a: Porygon2|Porygon2, shiny|304\/373
|-ability|p2a: Porygon2|Teravolt|[from] ability: Trace|[of] p1a: Kyurem-Black
|-ability|p2a: Porygon2|Teravolt
|move|p1a: Kyurem-Black|Ice Beam|p2a: Porygon2
|-damage|p2a: Porygon2|244\/373
|
|-heal|p1a: Kyurem-Black|353\/405|[from] item: Leftovers
|turn|20
|
|move|p2a: Porygon2|Foul Play|p1a: Kyurem-Black
|-end|p1a: Kyurem-Black|Substitute
|move|p1a: Kyurem-Black|Fusion Bolt|p2a: Porygon2
|-damage|p2a: Porygon2|177\/373
|
|-heal|p1a: Kyurem-Black|378\/405|[from] item: Leftovers
|turn|21
|
|switch|p1a: Azumarill|Azumarill, M|139\/379
|move|p2a: Porygon2|Recover|p2a: Porygon2
|-heal|p2a: Porygon2|364\/373
|
|turn|22
|
|move|p2a: Porygon2|Discharge|p1a: Azumarill
|-supereffective|p1a: Azumarill
|-damage|p1a: Azumarill|0 fnt
|faint|p1a: Azumarill
|
|-message|A Sprite fan forfeited.
|
|win|aquagle
|raw|Ladder updating...
|leave|A Sprite fan
|player|p1
|raw|A Sprite fan's rating: 1377 &rarr; <strong>1354<\/strong><br \/>(-23 for losing)
|raw|aquagle's rating: 1328 &rarr; <strong>1351<\/strong><br \/>(+23 for winning)