|join|F-Fightah
|join|A Sprite fan
|player|p1|F-Fightah|3
|player|p2|A Sprite fan|124
|gametype|singles
|gen|6
|tier|OU
|rated
|clearpoke
|poke|p1|Charizard, F, shiny
|poke|p1|Ferrothorn, F, shiny
|poke|p1|Latias, F, shiny
|poke|p1|Bisharp, M, shiny
|poke|p1|Landorus-Therian, M
|poke|p1|Rotom-Wash, shiny
|poke|p2|Altaria, M
|poke|p2|Landorus, M
|poke|p2|Rotom-Wash
|poke|p2|Ferrothorn, M
|poke|p2|Latios, M
|poke|p2|Talonflame, F
|rule|Swagger Clause: Swagger is banned
|rule|Baton Pass Clause: Limit one PokÃ©mon knowing Baton Pass
|rule|Sleep Clause Mod: Limit one foe put to sleep
|rule|Species Clause: Limit one of each PokÃ©mon
|rule|OHKO Clause: OHKO moves are banned
|rule|Moody Clause: Moody is banned
|rule|Evasion Moves Clause: Evasion moves are banned
|rule|Endless Battle Clause: Forcing endless battles is banned
|rule|HP Percentage Mod: HP is shown in percentages
|teampreview
|
|start
|switch|p1a: America|Charizard, F, shiny|333\/333
|switch|p2a: Altaria|Altaria, M|345\/345
|turn|1
|
|detailschange|p1a: America|Charizard-Mega-X, F, shiny
|message|Charizard has Mega Evolved into Mega Charizard!
|detailschange|p2a: Altaria|Altaria-Mega, M
|message|Altaria has Mega Evolved into Mega Altaria!
|move|p1a: America|Earthquake|p2a: Altaria
|-damage|p2a: Altaria|225\/345
|move|p2a: Altaria|Hyper Voice|p1a: America
|-damage|p1a: America|92\/333
|
|turn|2
|
|switch|p1a: Brazil|Ferrothorn, F, shiny|352\/352
|move|p2a: Altaria|Roost|p2a: Altaria
|-heal|p2a: Altaria|345\/345
|
|turn|3
|c|âF-Fightah|Man
|c|âF-Fightah|That things for real
|
|move|p2a: Altaria|Fire Blast|p1a: Brazil|[miss]
|-miss|p2a: Altaria|p1a: Brazil
|move|p1a: Brazil|Leech Seed|p2a: Altaria
|-start|p2a: Altaria|move: Leech Seed
|
|-damage|p2a: Altaria|302\/345|[from] Leech Seed|[of] p1a: Brazil
|turn|4
|
|switch|p2a: Rotom-Wash|Rotom-Wash|303\/303
|move|p1a: Brazil|Protect|p1a: Brazil
|-fail|p1a: Brazil
|
|turn|5
|
|move|p1a: Brazil|Protect|p1a: Brazil
|-singleturn|p1a: Brazil|Protect
|move|p2a: Rotom-Wash|Will-O-Wisp|p1a: Brazil
|-activate|p1a: Brazil|Protect
|
|turn|6
|
|move|p2a: Rotom-Wash|Will-O-Wisp|p1a: Brazil
|-status|p1a: Brazil|brn
|move|p1a: Brazil|Leech Seed|p2a: Rotom-Wash
|-start|p2a: Rotom-Wash|move: Leech Seed
|
|-damage|p2a: Rotom-Wash|266\/303|[from] Leech Seed|[of] p1a: Brazil
|-damage|p1a: Brazil|308\/352 brn|[from] brn
|turn|7
|
|switch|p2a: Altaria|Altaria-Mega, M|302\/345
|move|p1a: Brazil|Leech Seed|p2a: Altaria
|-start|p2a: Altaria|move: Leech Seed
|
|-heal|p1a: Brazil|330\/352 brn|[from] item: Leftovers
|-damage|p2a: Altaria|259\/345|[from] Leech Seed|[of] p1a: Brazil
|-heal|p1a: Brazil|352\/352 brn|[silent]
|-damage|p1a: Brazil|308\/352 brn|[from] brn
|turn|8
|
|move|p1a: Brazil|Protect|p1a: Brazil
|-singleturn|p1a: Brazil|Protect
|move|p2a: Altaria|Roost|p2a: Altaria
|-heal|p2a: Altaria|345\/345
|
|-heal|p1a: Brazil|330\/352 brn|[from] item: Leftovers
|-damage|p2a: Altaria|302\/345|[from] Leech Seed|[of] p1a: Brazil
|-heal|p1a: Brazil|352\/352 brn|[silent]
|-damage|p1a: Brazil|308\/352 brn|[from] brn
|turn|9
|
|switch|p1a: America|Charizard-Mega-X, F, shiny|92\/333
|move|p2a: Altaria|Fire Blast|p1a: America
|-resisted|p1a: America
|-damage|p1a: America|56\/333
|
|-damage|p2a: Altaria|259\/345|[from] Leech Seed|[of] p1a: America
|-heal|p1a: America|99\/333|[silent]
|turn|10
|
|switch|p2a: Rotom-Wash|Rotom-Wash|266\/303
|move|p1a: America|Roost|p1a: America
|-heal|p1a: America|266\/333
|
|-heal|p2a: Rotom-Wash|284\/303|[from] item: Leftovers
|turn|11
|
|move|p1a: America|Dragon Claw|p2a: Rotom-Wash
|-damage|p2a: Rotom-Wash|143\/303
|move|p2a: Rotom-Wash|Hydro Pump|p1a: America
|-damage|p1a: America|119\/333
|
|-heal|p2a: Rotom-Wash|161\/303|[from] item: Leftovers
|turn|12
|
|switch|p2a: Altaria|Altaria-Mega, M|259\/345
|move|p1a: America|Roost|p1a: America
|-heal|p1a: America|286\/333
|
|turn|13
|
|switch|p1a: Brazil|Ferrothorn, F, shiny|308\/352 brn
|move|p2a: Altaria|Roost|p2a: Altaria
|-heal|p2a: Altaria|345\/345
|
|-heal|p1a: Brazil|330\/352 brn|[from] item: Leftovers
|-damage|p1a: Brazil|286\/352 brn|[from] brn
|turn|14
|
|move|p2a: Altaria|Fire Blast|p1a: Brazil
|-supereffective|p1a: Brazil
|-damage|p1a: Brazil|0 fnt
|faint|p1a: Brazil
|
|
|switch|p1a: Russia|Landorus-Therian, M|382\/382
|-ability|p1a: Russia|Intimidate|[of] p2a: Altaria
|-unboost|p2a: Altaria|atk|1
|turn|15
|
|move|p1a: Russia|Stealth Rock|p2a: Altaria
|-sidestart|p2: A Sprite fan|move: Stealth Rock
|move|p2a: Altaria|Hyper Voice|p1a: Russia
|-damage|p1a: Russia|132\/382
|
|-heal|p1a: Russia|155\/382|[from] item: Leftovers
|turn|16
|
|move|p1a: Russia|Earthquake|p2a: Altaria
|-damage|p2a: Altaria|186\/345
|move|p2a: Altaria|Hyper Voice|p1a: Russia
|-damage|p1a: Russia|0 fnt
|faint|p1a: Russia
|
|
|switch|p1a: Germany|Bisharp, M, shiny|271\/271
|turn|17
|
|switch|p2a: Ferrothorn|Ferrothorn, M|352\/352
|-damage|p2a: Ferrothorn|330\/352|[from] Stealth Rock
|move|p1a: Germany|Swords Dance|p1a: Germany
|-boost|p1a: Germany|atk|2
|
|turn|18
|-message|A Sprite fan forfeited.
|
|win|F-Fightah
|raw|Ladder updating...
|leave|A Sprite fan
|player|p2