|join|A Sprite fan
|join|The Last Hero
|player|p1|A Sprite fan|124
|player|p2|The Last Hero|54
|gametype|singles
|gen|6
|tier|OU
|rated
|clearpoke
|poke|p1|Azelf
|poke|p1|Metagross
|poke|p1|Greninja, F, shiny
|poke|p1|Thundurus, M
|poke|p1|Landorus-Therian, M
|poke|p1|Clefable, M
|poke|p2|Lopunny, F
|poke|p2|Victini
|poke|p2|Rotom-Mow
|poke|p2|Rhyperior, M
|poke|p2|Dragonite, M
|poke|p2|Empoleon, M
|rule|Swagger Clause: Swagger is banned
|rule|Baton Pass Clause: Limit one PokÃ©mon knowing Baton Pass
|rule|Sleep Clause Mod: Limit one foe put to sleep
|rule|Species Clause: Limit one of each PokÃ©mon
|rule|OHKO Clause: OHKO moves are banned
|rule|Moody Clause: Moody is banned
|rule|Evasion Moves Clause: Evasion moves are banned
|rule|Endless Battle Clause: Forcing endless battles is banned
|rule|HP Percentage Mod: HP is shown in percentages
|teampreview
|
|start
|switch|p1a: MUFASA DIES|Landorus-Therian, M|319\/319
|switch|p2a: Bunny|Lopunny, F|271\/271
|-ability|p1a: MUFASA DIES|Intimidate|[of] p2a: Bunny
|-unboost|p2a: Bunny|atk|1
|turn|1
|
|detailschange|p2a: Bunny|Lopunny-Mega, F
|message|Lopunny has Mega Evolved into Mega Lopunny!
|move|p2a: Bunny|Fake Out|p1a: MUFASA DIES
|-crit|p1a: MUFASA DIES
|-damage|p1a: MUFASA DIES|193\/319
|cant|p1a: MUFASA DIES|flinch
|
|turn|2
|c|âA Sprite fan|wow
|
|switch|p2a: Rhyno|Rhyperior, M|371\/371
|move|p1a: MUFASA DIES|U-turn|p2a: Rhyno
|-damage|p2a: Rhyno|300\/371
|
|switch|p1a: Brazzers|Metagross|343\/343
|
|turn|3
|
|detailschange|p1a: Brazzers|Metagross-Mega
|message|Metagross has Mega Evolved into Mega Metagross!
|move|p1a: Brazzers|Meteor Mash|p2a: Rhyno
|-supereffective|p2a: Rhyno
|-damage|p2a: Rhyno|21\/371
|move|p2a: Rhyno|Earthquake|p1a: Brazzers
|-supereffective|p1a: Brazzers
|-damage|p1a: Brazzers|47\/343
|
|turn|4
|
|move|p1a: Brazzers|Meteor Mash|p2a: Rhyno
|-supereffective|p2a: Rhyno
|-damage|p2a: Rhyno|0 fnt
|faint|p2a: Rhyno
|
|
|switch|p2a: Bunny|Lopunny-Mega, F|271\/271
|turn|5
|
|switch|p1a: Lefable|Clefable, M|389\/389
|move|p2a: Bunny|Return|p1a: Lefable
|-damage|p1a: Lefable|227\/389
|
|turn|6
|
|switch|p2a: Imperator|Empoleon, M|371\/371
|move|p1a: Lefable|Soft-Boiled|p1a: Lefable
|-heal|p1a: Lefable|389\/389
|
|turn|7
|
|move|p2a: Imperator|Stealth Rock|p1a: Lefable
|-sidestart|p1: A Sprite fan|move: Stealth Rock
|move|p1a: Lefable|Calm Mind|p1a: Lefable
|-boost|p1a: Lefable|spa|1
|-boost|p1a: Lefable|spd|1
|
|turn|8
|
|move|p1a: Lefable|Flamethrower|p2a: Imperator
|-damage|p2a: Imperator|277\/371
|move|p2a: Imperator|Roar|p1a: Lefable
|drag|p1a: Raijin|Thundurus, M|299\/299
|-damage|p1a: Raijin|225\/299|[from] Stealth Rock
|
|-heal|p2a: Imperator|300\/371|[from] item: Leftovers
|turn|9
|
|switch|p2a: Cortacabezas|Rotom-Mow|241\/241
|move|p1a: Raijin|Thunderbolt|p2a: Cortacabezas
|-resisted|p2a: Cortacabezas
|-damage|p2a: Cortacabezas|208\/241
|
|turn|10
|
|switch|p1a: Lefable|Clefable, M|389\/389
|move|p2a: Cortacabezas|Volt Switch|p1a: Lefable
|-damage|p1a: Lefable|263\/389
|
|switch|p2a: Victini|Victini|341\/341
|
|turn|11
|
|switch|p1a: Brazzers|Metagross-Mega|47\/343
|-damage|p1a: Brazzers|26\/343|[from] Stealth Rock
|move|p2a: Victini|Blue Flare|p1a: Brazzers
|-supereffective|p1a: Brazzers
|-damage|p1a: Brazzers|0 fnt
|faint|p1a: Brazzers
|
|
|switch|p1a: Boom|Azelf|291\/291
|-damage|p1a: Boom|255\/291|[from] Stealth Rock
|turn|12
|
|move|p1a: Boom|Stealth Rock|p2a: Victini
|-sidestart|p2: The Last Hero|move: Stealth Rock
|move|p2a: Victini|Blue Flare|p1a: Boom
|-crit|p1a: Boom
|-damage|p1a: Boom|0 fnt
|faint|p1a: Boom
|
|
|switch|p1a: MUFASA DIES|Landorus-Therian, M|193\/319
|-damage|p1a: MUFASA DIES|154\/319|[from] Stealth Rock
|-ability|p1a: MUFASA DIES|Intimidate|[of] p2a: Victini
|-unboost|p2a: Victini|atk|1
|turn|13
|
|move|p1a: MUFASA DIES|U-turn|p2a: Victini
|-damage|p2a: Victini|247\/341
|
|switch|p1a: fak empoleon|Greninja, F, shiny|285\/285
|-damage|p1a: fak empoleon|250\/285|[from] Stealth Rock
|move|p2a: Victini|Blue Flare|p1a: fak empoleon
|-resisted|p1a: fak empoleon
|-damage|p1a: fak empoleon|126\/285
|
|turn|14
|
|move|p1a: fak empoleon|Dark Pulse|p2a: Victini
|-start|p1a: fak empoleon|typechange|Dark|[from] Protean
|-supereffective|p2a: Victini
|-damage|p2a: Victini|0 fnt
|-damage|p1a: fak empoleon|98\/285|[from] item: Life Orb
|faint|p2a: Victini
|
|
|switch|p2a: Bunny|Lopunny-Mega, F|271\/271
|-damage|p2a: Bunny|255\/271|[from] Stealth Rock
|turn|15
|
|switch|p1a: MUFASA DIES|Landorus-Therian, M|154\/319
|-damage|p1a: MUFASA DIES|115\/319|[from] Stealth Rock
|-ability|p1a: MUFASA DIES|Intimidate|[of] p2a: Bunny
|-unboost|p2a: Bunny|atk|1
|move|p2a: Bunny|Return|p1a: MUFASA DIES
|-damage|p1a: MUFASA DIES|0 fnt
|faint|p1a: MUFASA DIES
|
|
|switch|p1a: Lefable|Clefable, M|263\/389
|turn|16
|
|switch|p2a: Imperator|Empoleon, M|300\/371
|-damage|p2a: Imperator|277\/371|[from] Stealth Rock
|move|p1a: Lefable|Soft-Boiled|p1a: Lefable
|-heal|p1a: Lefable|389\/389
|
|-heal|p2a: Imperator|300\/371|[from] item: Leftovers
|turn|17
|
|move|p2a: Imperator|Defog|p1a: Lefable
|-unboost|p1a: Lefable|evasion|1
|-sideend|p1: A Sprite fan|Stealth Rock|[from] move: Defog|[of] p1a: Lefable
|-sideend|p2: The Last Hero|Stealth Rock|[from] move: Defog|[of] p2a: Imperator
|move|p1a: Lefable|Calm Mind|p1a: Lefable
|-boost|p1a: Lefable|spa|1
|-boost|p1a: Lefable|spd|1
|
|-heal|p2a: Imperator|323\/371|[from] item: Leftovers
|turn|18
|
|move|p1a: Lefable|Calm Mind|p1a: Lefable
|-boost|p1a: Lefable|spa|1
|-boost|p1a: Lefable|spd|1
|move|p2a: Imperator|Stealth Rock|p1a: Lefable
|-sidestart|p1: A Sprite fan|move: Stealth Rock
|
|-heal|p2a: Imperator|346\/371|[from] item: Leftovers
|turn|19
|
|move|p1a: Lefable|Flamethrower|p2a: Imperator
|-damage|p2a: Imperator|212\/371
|move|p2a: Imperator|Roar|p1a: Lefable
|drag|p1a: fak empoleon|Greninja, F, shiny|98\/285
|-damage|p1a: fak empoleon|63\/285|[from] Stealth Rock
|
|-heal|p2a: Imperator|235\/371|[from] item: Leftovers
|turn|20
|
|move|p1a: fak empoleon|Dark Pulse|p2a: Imperator
|-start|p1a: fak empoleon|typechange|Dark|[from] Protean
|-damage|p2a: Imperator|122\/371
|-damage|p1a: fak empoleon|35\/285|[from] item: Life Orb
|move|p2a: Imperator|Scald|p1a: fak empoleon
|-damage|p1a: fak empoleon|0 fnt
|faint|p1a: fak empoleon
|
|-heal|p2a: Imperator|145\/371|[from] item: Leftovers
|
|switch|p1a: Raijin|Thundurus, M|225\/299
|-damage|p1a: Raijin|151\/299|[from] Stealth Rock
|turn|21
|
|switch|p2a: Bunny|Lopunny-Mega, F|255\/271
|move|p1a: Raijin|Superpower|p2a: Bunny
|-supereffective|p2a: Bunny
|-damage|p2a: Bunny|0 fnt
|-unboost|p1a: Raijin|atk|1
|-unboost|p1a: Raijin|def|1
|faint|p2a: Bunny
|
|
|switch|p2a: Cortacabezas|Rotom-Mow|208\/241
|turn|22
|
|switch|p1a: Lefable|Clefable, M|389\/389
|move|p2a: Cortacabezas|Volt Switch|p1a: Lefable
|-damage|p1a: Lefable|260\/389
|
|switch|p2a: Imperator|Empoleon, M|145\/371
|
|-heal|p2a: Imperator|168\/371|[from] item: Leftovers
|turn|23
|
|move|p1a: Lefable|Soft-Boiled|p1a: Lefable
|-heal|p1a: Lefable|389\/389
|move|p2a: Imperator|Roar|p1a: Lefable
|drag|p1a: Raijin|Thundurus, M|151\/299
|-damage|p1a: Raijin|77\/299|[from] Stealth Rock
|
|-heal|p2a: Imperator|191\/371|[from] item: Leftovers
|turn|24
|
|switch|p2a: Dragoran|Dragonite, M|323\/323
|move|p1a: Raijin|Superpower|p2a: Dragoran
|-resisted|p2a: Dragoran
|-damage|p2a: Dragoran|293\/323
|-unboost|p1a: Raijin|atk|1
|-unboost|p1a: Raijin|def|1
|
|turn|25
|
|move|p2a: Dragoran|Extreme Speed|p1a: Raijin
|-damage|p1a: Raijin|0 fnt
|faint|p1a: Raijin
|
|
|switch|p1a: Lefable|Clefable, M|389\/389
|turn|26
|
|switch|p2a: Cortacabezas|Rotom-Mow|208\/241
|move|p1a: Lefable|Calm Mind|p1a: Lefable
|-boost|p1a: Lefable|spa|1
|-boost|p1a: Lefable|spd|1
|
|turn|27
|
|move|p2a: Cortacabezas|Trick|p1a: Lefable
|-activate|p2a: Cortacabezas|move: Trick|[of] p1a: Lefable
|-item|p1a: Lefable|Choice Scarf|[from] move: Trick
|-item|p2a: Cortacabezas|Life Orb|[from] move: Trick
|move|p1a: Lefable|Moonblast|p2a: Cortacabezas
|-damage|p2a: Cortacabezas|57\/241
|
|turn|28
|
|move|p2a: Cortacabezas|Leaf Storm|p1a: Lefable
|-damage|p1a: Lefable|214\/389
|-unboost|p2a: Cortacabezas|spa|2
|-damage|p2a: Cortacabezas|33\/241|[from] item: Life Orb
|move|p1a: Lefable|Moonblast|p2a: Cortacabezas
|-damage|p2a: Cortacabezas|0 fnt
|faint|p2a: Cortacabezas
|
|
|switch|p2a: Dragoran|Dragonite, M|293\/323
|turn|29
|
|move|p2a: Dragoran|Earthquake|p1a: Lefable
|-damage|p1a: Lefable|36\/389
|move|p1a: Lefable|Moonblast|p2a: Dragoran
|-supereffective|p2a: Dragoran
|-damage|p2a: Dragoran|0 fnt
|faint|p2a: Dragoran
|
|
|switch|p2a: Imperator|Empoleon, M|191\/371
|turn|30
|
|move|p1a: Lefable|Moonblast|p2a: Imperator
|-resisted|p2a: Imperator
|-damage|p2a: Imperator|131\/371
|move|p2a: Imperator|Scald|p1a: Lefable
|-damage|p1a: Lefable|0 fnt
|faint|p1a: Lefable
|
|win|The Last Hero
|raw|Ladder updating...
|raw|A Sprite fan's rating: 1651 &rarr; <strong>1627<\/strong><br \/>(-24 for losing)
|raw|The Last Hero's rating: 1575 &rarr; <strong>1599<\/strong><br \/>(+24 for winning)
|c|âA Sprite fan|gg
|leave|A Sprite fan
|player|p1
|c|âThe Last Hero|gg