|join|Aozatem
|join|A Sprite fan
|player|p1|Aozatem|266
|player|p2|A Sprite fan|124
|gametype|singles
|gen|6
|tier|OU
|rated
|clearpoke
|poke|p1|Infernape, F
|poke|p1|Metagross
|poke|p1|Keldeo-Resolute
|poke|p1|Thundurus, M
|poke|p1|Dragonite, F
|poke|p1|Bisharp, M
|poke|p2|Azelf
|poke|p2|Gallade, M
|poke|p2|Bisharp, F
|poke|p2|Manaphy
|poke|p2|Landorus-Therian, M
|poke|p2|Thundurus, M
|rule|Swagger Clause: Swagger is banned
|rule|Baton Pass Clause: Limit one PokÃ©mon knowing Baton Pass
|rule|Sleep Clause Mod: Limit one foe put to sleep
|rule|Species Clause: Limit one of each PokÃ©mon
|rule|OHKO Clause: OHKO moves are banned
|rule|Moody Clause: Moody is banned
|rule|Evasion Moves Clause: Evasion moves are banned
|rule|Endless Battle Clause: Forcing endless battles is banned
|rule|HP Percentage Mod: HP is shown in percentages
|teampreview
|
|start
|switch|p1a: Keldeo-Resolute|Keldeo-Resolute|323\/323
|switch|p2a: Azelf|Azelf|291\/291
|turn|1
|
|move|p1a: Keldeo-Resolute|Scald|p2a: Azelf
|-damage|p2a: Azelf|90\/291
|-status|p2a: Azelf|brn
|move|p2a: Azelf|Taunt|p1a: Keldeo-Resolute
|-start|p1a: Keldeo-Resolute|move: Taunt
|
|-damage|p2a: Azelf|54\/291 brn|[from] brn
|turn|2
|
|switch|p2a: Manaphy|Manaphy|369\/369
|move|p1a: Keldeo-Resolute|Scald|p2a: Manaphy
|-resisted|p2a: Manaphy
|-damage|p2a: Manaphy|292\/369
|
|-heal|p2a: Manaphy|315\/369|[from] item: Leftovers
|turn|3
|
|switch|p1a: Thundurus|Thundurus, M|299\/299
|move|p2a: Manaphy|Scald|p1a: Thundurus
|-crit|p1a: Thundurus
|-damage|p1a: Thundurus|37\/299
|
|-heal|p2a: Manaphy|338\/369|[from] item: Leftovers
|turn|4
|
|switch|p2a: 2HKOed by Latios|Bisharp, F|279\/279
|move|p1a: Thundurus|Knock Off|p2a: 2HKOed by Latios
|-resisted|p2a: 2HKOed by Latios
|-damage|p2a: 2HKOed by Latios|226\/279
|-enditem|p2a: 2HKOed by Latios|Assault Vest|[from] move: Knock Off|[of] p1a: Thundurus
|-damage|p1a: Thundurus|8\/299|[from] item: Life Orb
|
|turn|5
|
|switch|p2a: MUFASA DIES|Landorus-Therian, M|319\/319
|-ability|p2a: MUFASA DIES|Intimidate|[of] p1a: Thundurus
|-unboost|p1a: Thundurus|atk|1
|move|p1a: Thundurus|Thunder Wave|p2a: MUFASA DIES
|-immune|p2a: MUFASA DIES|[msg]
|
|turn|6
|
|switch|p1a: Infernape|Infernape, F|293\/293
|move|p2a: MUFASA DIES|U-turn|p1a: Infernape
|-crit|p1a: Infernape
|-resisted|p1a: Infernape
|-damage|p1a: Infernape|249\/293
|
|switch|p2a: Azelf|Azelf|54\/291 brn
|
|-damage|p2a: Azelf|18\/291 brn|[from] brn
|turn|7
|
|move|p2a: Azelf|Stealth Rock|p1a: Infernape
|-sidestart|p1: Aozatem|move: Stealth Rock
|move|p1a: Infernape|Stealth Rock|p2a: Azelf
|-sidestart|p2: A Sprite fan|move: Stealth Rock
|
|-damage|p2a: Azelf|0 fnt|[from] brn
|faint|p2a: Azelf
|
|switch|p2a: Raijin|Thundurus, M|299\/299
|-damage|p2a: Raijin|225\/299|[from] Stealth Rock
|turn|8
|
|move|p2a: Raijin|Thunderbolt|p1a: Infernape
|-damage|p1a: Infernape|0 fnt
|-damage|p2a: Raijin|196\/299|[from] item: Life Orb
|faint|p1a: Infernape
|
|
|switch|p1a: Bisharp|Bisharp, M|271\/271
|-damage|p1a: Bisharp|255\/271|[from] Stealth Rock
|turn|9
|
|move|p2a: Raijin|Thunder Wave|p1a: Bisharp
|-status|p1a: Bisharp|par
|move|p1a: Bisharp|Sucker Punch|p2a: Raijin
|-fail|p2a: Raijin
|
|turn|10
|
|move|p1a: Bisharp|Sucker Punch|p2a: Raijin
|-damage|p2a: Raijin|0 fnt
|-damage|p1a: Bisharp|228\/271 par|[from] item: Life Orb
|faint|p2a: Raijin
|
|
|switch|p2a: Bulk Up|Gallade, M|277\/277
|-damage|p2a: Bulk Up|260\/277|[from] Stealth Rock
|turn|11
|
|detailschange|p2a: Bulk Up|Gallade-Mega, M
|-mega|p2a: Bulk Up|Gallade|Galladite
|move|p1a: Bisharp|Sucker Punch|p2a: Bulk Up
|-damage|p2a: Bulk Up|79\/277
|-damage|p1a: Bisharp|201\/271 par|[from] item: Life Orb
|move|p2a: Bulk Up|Close Combat|p1a: Bisharp
|-supereffective|p1a: Bisharp
|-damage|p1a: Bisharp|0 fnt
|-unboost|p2a: Bulk Up|def|1
|-unboost|p2a: Bulk Up|spd|1
|faint|p1a: Bisharp
|
|
|switch|p1a: Keldeo-Resolute|Keldeo-Resolute|323\/323
|-damage|p1a: Keldeo-Resolute|303\/323|[from] Stealth Rock
|turn|12
|
|move|p1a: Keldeo-Resolute|Scald|p2a: Bulk Up
|-damage|p2a: Bulk Up|0 fnt
|faint|p2a: Bulk Up
|
|
|switch|p2a: Manaphy|Manaphy|338\/369
|-damage|p2a: Manaphy|292\/369|[from] Stealth Rock
|turn|13
|
|switch|p1a: Thundurus|Thundurus, M|8\/299
|-damage|p1a: Thundurus|0 fnt|[from] Stealth Rock
|faint|p1a: Thundurus
|move|p2a: Manaphy|Tail Glow|p2a: Manaphy
|-boost|p2a: Manaphy|spa|3
|
|-heal|p2a: Manaphy|315\/369|[from] item: Leftovers
|
|switch|p1a: Metagross|Metagross|301\/301
|-damage|p1a: Metagross|283\/301|[from] Stealth Rock
|turn|14
|
|detailschange|p1a: Metagross|Metagross-Mega
|-mega|p1a: Metagross|Metagross|Metagrossite
|move|p2a: Manaphy|Scald|p1a: Metagross
|-damage|p1a: Metagross|0 fnt
|faint|p1a: Metagross
|
|-heal|p2a: Manaphy|338\/369|[from] item: Leftovers
|
|switch|p1a: Dragonite|Dragonite, F|323\/323
|-damage|p1a: Dragonite|243\/323|[from] Stealth Rock
|turn|15
|
|move|p2a: Manaphy|Ice Beam|p1a: Dragonite
|-supereffective|p1a: Dragonite
|-damage|p1a: Dragonite|0 fnt
|faint|p1a: Dragonite
|
|-heal|p2a: Manaphy|361\/369|[from] item: Leftovers
|c|âA Sprite fan|gg tho
|-message|Aozatem forfeited.
|
|win|A Sprite fan
|raw|Ladder updating...
|leave|Aozatem
|player|p1
|raw|Aozatem's rating: 1661 &rarr; <strong>1640<\/strong><br \/>(-21 for losing)
|raw|A Sprite fan's rating: 1642 &rarr; <strong>1663<\/strong><br \/>(+21 for winning)