|join|A Sprite fan
|join|juicyJordan
|player|p1|A Sprite fan|124
|player|p2|juicyJordan|290
|gametype|singles
|gen|6
|tier|OU
|rated
|clearpoke
|poke|p1|Diancie
|poke|p1|Serperior, F
|poke|p1|Keldeo-Resolute
|poke|p1|Heatran, F
|poke|p1|Landorus-Therian, M
|poke|p1|Thundurus, M
|poke|p2|Celebi
|poke|p2|Sableye, M
|poke|p2|Ferrothorn, M
|poke|p2|Gothitelle, F
|poke|p2|Wobbuffet, M
|poke|p2|Landorus-Therian, M
|rule|Swagger Clause: Swagger is banned
|rule|Baton Pass Clause: Limit one PokÃ©mon knowing Baton Pass
|rule|Sleep Clause Mod: Limit one foe put to sleep
|rule|Species Clause: Limit one of each PokÃ©mon
|rule|OHKO Clause: OHKO moves are banned
|rule|Moody Clause: Moody is banned
|rule|Evasion Moves Clause: Evasion moves are banned
|rule|Endless Battle Clause: Forcing endless battles is banned
|rule|HP Percentage Mod: HP is shown in percentages
|teampreview
|
|start
|switch|p1a: Heatran|Heatran, F|369\/369
|switch|p2a: Ferrothorn|Ferrothorn, M|352\/352
|turn|1
|
|switch|p2a: Wobbuffet|Wobbuffet, M|527\/527
|move|p1a: Heatran|Taunt|p2a: Wobbuffet
|-start|p2a: Wobbuffet|move: Taunt
|
|turn|2
|
|switch|p2a: Landorus-Therian|Landorus-Therian, M|382\/382
|-ability|p2a: Landorus-Therian|Intimidate|[of] p1a: Heatran
|-unboost|p1a: Heatran|atk|1
|move|p1a: Heatran|Taunt|p2a: Landorus-Therian
|-start|p2a: Landorus-Therian|move: Taunt
|
|turn|3
|c|âA Sprite fan|too many trappers
|
|switch|p1a: Landorus-Therian|Landorus-Therian, M|337\/337
|-ability|p1a: Landorus-Therian|Intimidate|[of] p2a: Landorus-Therian
|-unboost|p2a: Landorus-Therian|atk|1
|move|p2a: Landorus-Therian|Knock Off|p1a: Landorus-Therian
|-crit|p1a: Landorus-Therian
|-damage|p1a: Landorus-Therian|159\/337
|-enditem|p1a: Landorus-Therian|Earth Plate|[from] move: Knock Off|[of] p2a: Landorus-Therian
|
|turn|4
|c|âA Sprite fan|wowo calm down
|c|âjuicyJordan|half dam
|
|move|p1a: Landorus-Therian|U-turn|p2a: Landorus-Therian
|-resisted|p2a: Landorus-Therian
|-damage|p2a: Landorus-Therian|343\/382
|
|switch|p1a: Heatran|Heatran, F|369\/369
|move|p2a: Landorus-Therian|U-turn|p1a: Heatran
|-resisted|p1a: Heatran
|-damage|p1a: Heatran|358\/369
|c|âA Sprite fan|offensive too
|
|switch|p2a: Gothitelle|Gothitelle, F|281\/281
|
|-heal|p1a: Heatran|369\/369|[from] item: Leftovers
|turn|5
|
|move|p2a: Gothitelle|Trick|p1a: Heatran
|-activate|p2a: Gothitelle|move: Trick|[of] p1a: Heatran
|-item|p1a: Heatran|Choice Scarf|[from] move: Trick
|-item|p2a: Gothitelle|Leftovers|[from] move: Trick
|move|p1a: Heatran|Toxic|p2a: Gothitelle|[miss]
|-miss|p1a: Heatran|p2a: Gothitelle
|
|turn|6
|c|âA Sprite fan|come on
|c|âjuicyJordan|miss didn't matter
|
|move|p1a: Heatran|Toxic|p2a: Gothitelle
|-status|p2a: Gothitelle|tox
|move|p2a: Gothitelle|Thunderbolt|p1a: Heatran
|-damage|p1a: Heatran|305\/369
|
|-damage|p2a: Gothitelle|264\/281 tox|[from] psn
|turn|7
|
|move|p1a: Heatran|Toxic|p2a: Gothitelle
|-fail|p2a: Gothitelle|tox
|move|p2a: Gothitelle|Thunderbolt|p1a: Heatran
|-crit|p1a: Heatran
|-damage|p1a: Heatran|221\/369
|
|-heal|p2a: Gothitelle|281\/281 tox|[from] item: Leftovers
|-damage|p2a: Gothitelle|247\/281 tox|[from] psn
|turn|8
|c|âA Sprite fan|so many hax tho
|
|move|p1a: Heatran|Toxic|p2a: Gothitelle
|-fail|p2a: Gothitelle|tox
|move|p2a: Gothitelle|Thunderbolt|p1a: Heatran
|-damage|p1a: Heatran|157\/369
|
|-heal|p2a: Gothitelle|264\/281 tox|[from] item: Leftovers
|-damage|p2a: Gothitelle|213\/281 tox|[from] psn
|turn|9
|c|âjuicyJordan|what one on your lando?
|
|move|p1a: Heatran|Toxic|p2a: Gothitelle
|-fail|p2a: Gothitelle|tox
|move|p2a: Gothitelle|Rest|p2a: Gothitelle
|-status|p2a: Gothitelle|slp
|-heal|p2a: Gothitelle|281\/281 slp|[silent]
|-status|p2a: Gothitelle|slp|[from] move: Rest
|
|turn|10
|c|âA Sprite fan|...
|c|âA Sprite fan|pls make it longer
|
|move|p1a: Heatran|Toxic|p2a: Gothitelle
|-fail|p2a: Gothitelle
|cant|p2a: Gothitelle|slp
|
|turn|11
|
|move|p1a: Heatran|Toxic|p2a: Gothitelle
|-fail|p2a: Gothitelle
|cant|p2a: Gothitelle|slp
|
|turn|12
|
|move|p1a: Heatran|Toxic|p2a: Gothitelle
|-fail|p2a: Gothitelle
|-curestatus|p2a: Gothitelle|slp
|move|p2a: Gothitelle|Thunderbolt|p1a: Heatran
|-damage|p1a: Heatran|98\/369
|
|turn|13
|
|move|p1a: Heatran|Toxic|p2a: Gothitelle
|-status|p2a: Gothitelle|tox
|move|p2a: Gothitelle|Thunderbolt|p1a: Heatran
|-damage|p1a: Heatran|43\/369
|
|-damage|p2a: Gothitelle|264\/281 tox|[from] psn
|turn|14
|
|move|p1a: Heatran|Toxic|p2a: Gothitelle
|-fail|p2a: Gothitelle|tox
|move|p2a: Gothitelle|Rest|p2a: Gothitelle
|-status|p2a: Gothitelle|slp
|-heal|p2a: Gothitelle|281\/281 slp|[silent]
|-status|p2a: Gothitelle|slp|[from] move: Rest
|
|turn|15
|c|âA Sprite fan|...
|c|âA Sprite fan|joder en serio, no necestas para nada al puto gothitelle de mierda
|
|move|p1a: Heatran|Toxic|p2a: Gothitelle
|-fail|p2a: Gothitelle
|cant|p2a: Gothitelle|slp
|
|turn|16
|
|move|p1a: Heatran|Toxic|p2a: Gothitelle
|-fail|p2a: Gothitelle
|cant|p2a: Gothitelle|slp
|
|turn|17
|
|move|p1a: Heatran|Toxic|p2a: Gothitelle|[miss]
|-miss|p1a: Heatran|p2a: Gothitelle
|-curestatus|p2a: Gothitelle|slp
|move|p2a: Gothitelle|Thunderbolt|p1a: Heatran
|-damage|p1a: Heatran|0 fnt
|faint|p1a: Heatran
|
|
|switch|p1a: Thundurus|Thundurus, M|299\/299
|turn|18
|
|switch|p2a: Celebi|Celebi|386\/386
|move|p1a: Thundurus|Knock Off|p2a: Celebi
|-supereffective|p2a: Celebi
|-damage|p2a: Celebi|170\/386
|-enditem|p2a: Celebi|Leftovers|[from] move: Knock Off|[of] p1a: Thundurus
|
|turn|19
|
|move|p1a: Thundurus|Knock Off|p2a: Celebi
|-supereffective|p2a: Celebi
|-damage|p2a: Celebi|33\/386
|move|p2a: Celebi|Baton Pass|p2a: Celebi
|
|switch|p2a: Ferrothorn|Ferrothorn, M|352\/352
|
|turn|20
|
|move|p1a: Thundurus|Superpower|p2a: Ferrothorn
|-supereffective|p2a: Ferrothorn
|-damage|p2a: Ferrothorn|198\/352
|-damage|p1a: Thundurus|262\/299|[from] ability: Iron Barbs|[of] p2a: Ferrothorn
|-unboost|p1a: Thundurus|atk|1
|-unboost|p1a: Thundurus|def|1
|move|p2a: Ferrothorn|Stealth Rock|p1a: Thundurus
|-sidestart|p1: A Sprite fan|move: Stealth Rock
|
|-heal|p2a: Ferrothorn|220\/352|[from] item: Leftovers
|turn|21
|
|switch|p1a: Landorus-Therian|Landorus-Therian, M|159\/337
|-damage|p1a: Landorus-Therian|117\/337|[from] Stealth Rock
|-ability|p1a: Landorus-Therian|Intimidate|[of] p2a: Ferrothorn
|-unboost|p2a: Ferrothorn|atk|1
|move|p2a: Ferrothorn|Leech Seed|p1a: Landorus-Therian
|-start|p1a: Landorus-Therian|move: Leech Seed
|
|-heal|p2a: Ferrothorn|242\/352|[from] item: Leftovers
|-damage|p1a: Landorus-Therian|75\/337|[from] Leech Seed|[of] p2a: Ferrothorn
|-heal|p2a: Ferrothorn|284\/352|[silent]
|turn|22
|
|switch|p2a: Landorus-Therian|Landorus-Therian, M|343\/382
|-ability|p2a: Landorus-Therian|Intimidate|[of] p1a: Landorus-Therian
|-unboost|p1a: Landorus-Therian|atk|1
|move|p1a: Landorus-Therian|Stealth Rock|p2a: Landorus-Therian
|-sidestart|p2: juicyJordan|move: Stealth Rock
|
|-heal|p2a: Landorus-Therian|366\/382|[from] item: Leftovers
|-damage|p1a: Landorus-Therian|33\/337|[from] Leech Seed|[of] p2a: Landorus-Therian
|-heal|p2a: Landorus-Therian|382\/382|[silent]
|turn|23
|
|move|p1a: Landorus-Therian|Knock Off|p2a: Landorus-Therian
|-damage|p2a: Landorus-Therian|305\/382
|-enditem|p2a: Landorus-Therian|Leftovers|[from] move: Knock Off|[of] p1a: Landorus-Therian
|move|p2a: Landorus-Therian|U-turn|p1a: Landorus-Therian
|-resisted|p1a: Landorus-Therian
|-damage|p1a: Landorus-Therian|0 fnt
|faint|p1a: Landorus-Therian
|
|switch|p2a: Sableye|Sableye, M|304\/304
|-damage|p2a: Sableye|266\/304|[from] Stealth Rock
|
|
|switch|p1a: Serperior|Serperior, F|291\/291
|-damage|p1a: Serperior|255\/291|[from] Stealth Rock
|turn|24
|
|switch|p2a: Landorus-Therian|Landorus-Therian, M|305\/382
|-damage|p2a: Landorus-Therian|258\/382|[from] Stealth Rock
|-ability|p2a: Landorus-Therian|Intimidate|[of] p1a: Serperior
|-boost|p1a: Serperior|atk|1
|move|p1a: Serperior|Leaf Storm|p2a: Landorus-Therian
|-damage|p2a: Landorus-Therian|5\/382
|-boost|p1a: Serperior|spa|2
|-damage|p1a: Serperior|226\/291|[from] item: Life Orb
|
|turn|25
|
|move|p1a: Serperior|Leaf Storm|p2a: Landorus-Therian
|-damage|p2a: Landorus-Therian|0 fnt
|-boost|p1a: Serperior|spa|2
|-damage|p1a: Serperior|197\/291|[from] item: Life Orb
|faint|p2a: Landorus-Therian
|
|
|switch|p2a: Ferrothorn|Ferrothorn, M|284\/352
|-damage|p2a: Ferrothorn|262\/352|[from] Stealth Rock
|turn|26
|
|move|p1a: Serperior|Hidden Power|p2a: Ferrothorn
|-supereffective|p2a: Ferrothorn
|-damage|p2a: Ferrothorn|0 fnt
|-damage|p1a: Serperior|168\/291|[from] item: Life Orb
|faint|p2a: Ferrothorn
|
|
|switch|p2a: Wobbuffet|Wobbuffet, M|527\/527
|-damage|p2a: Wobbuffet|462\/527|[from] Stealth Rock
|turn|27
|
|move|p1a: Serperior|Glare|p2a: Wobbuffet
|-status|p2a: Wobbuffet|par
|move|p2a: Wobbuffet|Mirror Coat|p1a: Serperior
|-fail|p1a: Serperior
|
|turn|28
|
|move|p1a: Serperior|Leaf Storm|p2a: Wobbuffet
|-damage|p2a: Wobbuffet|0 fnt
|-boost|p1a: Serperior|spa|2
|-damage|p1a: Serperior|139\/291|[from] item: Life Orb
|faint|p2a: Wobbuffet
|
|-message|juicyJordan forfeited.
|leave|juicyJordan
|
|win|A Sprite fan
|raw|Ladder updating...
|player|p2
|raw|A Sprite fan's rating: 1496 &rarr; <strong>1514<\/strong><br \/>(+18 for winning)
|raw|juicyJordan's rating: 1465 &rarr; <strong>1447<\/strong><br \/>(-18 for losing)