|join|A Sprite fan
|join|Like me 2
|player|p1|A Sprite fan|124
|player|p2|Like me 2|170
|gametype|singles
|gen|6
|tier|OU
|rated
|clearpoke
|poke|p1|Azelf
|poke|p1|Gallade, M
|poke|p1|Bisharp, M
|poke|p1|Manaphy
|poke|p1|Landorus-Therian, M
|poke|p1|Thundurus, M
|poke|p2|Diancie
|poke|p2|Magnezone
|poke|p2|Chesnaught, M
|poke|p2|Heatran, F
|poke|p2|Latias, F
|poke|p2|Diggersby, F, shiny
|rule|Swagger Clause: Swagger is banned
|rule|Baton Pass Clause: Limit one PokÃ©mon knowing Baton Pass
|rule|Sleep Clause Mod: Limit one foe put to sleep
|rule|Species Clause: Limit one of each PokÃ©mon
|rule|OHKO Clause: OHKO moves are banned
|rule|Moody Clause: Moody is banned
|rule|Evasion Moves Clause: Evasion moves are banned
|rule|Endless Battle Clause: Forcing endless battles is banned
|rule|HP Percentage Mod: HP is shown in percentages
|teampreview
|c|âLike me 2|glhf
|
|start
|switch|p1a: MUFASA DIES|Landorus-Therian, M|319\/319
|switch|p2a: Diancie|Diancie|241\/241
|-ability|p1a: MUFASA DIES|Intimidate|[of] p2a: Diancie
|-fail|p2a: Diancie|unboost|[from] ability: Clear Body|[of] p2a: Diancie
|turn|1
|
|detailschange|p2a: Diancie|Diancie-Mega
|-mega|p2a: Diancie|Diancie|Diancite
|move|p2a: Diancie|Protect|p2a: Diancie
|-singleturn|p2a: Diancie|Protect
|move|p1a: MUFASA DIES|U-turn|p2a: Diancie
|-activate|p2a: Diancie|Protect
|
|turn|2
|
|move|p1a: MUFASA DIES|U-turn|p2a: Diancie
|-crit|p2a: Diancie
|-resisted|p2a: Diancie
|-damage|p2a: Diancie|179\/241
|
|switch|p1a: 2HKOed by Latios|Bisharp, M|279\/279
|move|p2a: Diancie|Moonblast|p1a: 2HKOed by Latios
|-crit|p1a: 2HKOed by Latios
|-damage|p1a: 2HKOed by Latios|50\/279
|-unboost|p1a: 2HKOed by Latios|spa|1
|-boost|p1a: 2HKOed by Latios|atk|2|[from] ability: Defiant
|
|turn|3
|c|âLike me 2|comeon
|
|switch|p2a: Chesnaught|Chesnaught, M|380\/380
|move|p1a: 2HKOed by Latios|Sucker Punch|p2a: Chesnaught
|-fail|p2a: Chesnaught
|
|turn|4
|c|âA Sprite fan|u crit me xd
|c|âLike me 2|man it's a 2ohko
|
|move|p1a: 2HKOed by Latios|Iron Head|p2a: Chesnaught
|-damage|p2a: Chesnaught|194\/380
|move|p2a: Chesnaught|Drain Punch|p1a: 2HKOed by Latios
|-supereffective|p1a: 2HKOed by Latios
|-damage|p1a: 2HKOed by Latios|0 fnt
|-heal|p2a: Chesnaught|219\/380|[from] drain|[of] p1a: 2HKOed by Latios
|faint|p1a: 2HKOed by Latios
|
|-heal|p2a: Chesnaught|242\/380|[from] item: Leftovers
|
|switch|p1a: Bulk Up|Gallade, M|277\/277
|turn|5
|
|detailschange|p1a: Bulk Up|Gallade-Mega, M
|-mega|p1a: Bulk Up|Gallade|Galladite
|move|p1a: Bulk Up|Zen Headbutt|p2a: Chesnaught
|-supereffective|p2a: Chesnaught
|-damage|p2a: Chesnaught|38\/380
|move|p2a: Chesnaught|Leech Seed|p1a: Bulk Up
|-start|p1a: Bulk Up|move: Leech Seed
|
|-heal|p2a: Chesnaught|61\/380|[from] item: Leftovers
|-damage|p1a: Bulk Up|243\/277|[from] Leech Seed|[of] p2a: Chesnaught
|-heal|p2a: Chesnaught|95\/380|[silent]
|turn|6
|
|move|p1a: Bulk Up|Swords Dance|p1a: Bulk Up
|-boost|p1a: Bulk Up|atk|2
|move|p2a: Chesnaught|Drain Punch|p1a: Bulk Up
|-resisted|p1a: Bulk Up
|-damage|p1a: Bulk Up|192\/277
|-heal|p2a: Chesnaught|121\/380|[from] drain|[of] p1a: Bulk Up
|
|-heal|p2a: Chesnaught|144\/380|[from] item: Leftovers
|-damage|p1a: Bulk Up|158\/277|[from] Leech Seed|[of] p2a: Chesnaught
|-heal|p2a: Chesnaught|178\/380|[silent]
|turn|7
|
|move|p2a: Chesnaught|Spiky Shield|p2a: Chesnaught
|-singleturn|p2a: Chesnaught|move: Protect
|move|p1a: Bulk Up|Zen Headbutt|p2a: Chesnaught
|-activate|p2a: Chesnaught|move: Protect
|-damage|p1a: Bulk Up|124\/277|[from] Spiky Shield|[of] p2a: Chesnaught
|
|-heal|p2a: Chesnaught|201\/380|[from] item: Leftovers
|-damage|p1a: Bulk Up|90\/277|[from] Leech Seed|[of] p2a: Chesnaught
|-heal|p2a: Chesnaught|235\/380|[silent]
|turn|8
|
|move|p2a: Chesnaught|Spiky Shield|p2a: Chesnaught
|-singleturn|p2a: Chesnaught|move: Protect
|move|p1a: Bulk Up|Close Combat|p2a: Chesnaught
|-activate|p2a: Chesnaught|move: Protect
|-damage|p1a: Bulk Up|56\/277|[from] Spiky Shield|[of] p2a: Chesnaught
|
|-heal|p2a: Chesnaught|258\/380|[from] item: Leftovers
|-damage|p1a: Bulk Up|22\/277|[from] Leech Seed|[of] p2a: Chesnaught
|-heal|p2a: Chesnaught|292\/380|[silent]
|turn|9
|
|switch|p2a: Latias|Latias, F|363\/363
|move|p1a: Bulk Up|Close Combat|p2a: Latias
|-resisted|p2a: Latias
|-damage|p2a: Latias|103\/363
|-unboost|p1a: Bulk Up|def|1
|-unboost|p1a: Bulk Up|spd|1
|
|-heal|p2a: Latias|125\/363|[from] item: Leftovers
|-damage|p1a: Bulk Up|0 fnt|[from] Leech Seed|[of] p2a: Latias
|-heal|p2a: Latias|147\/363|[silent]
|faint|p1a: Bulk Up
|
|switch|p1a: Raijin|Thundurus, M|299\/299
|turn|10
|
|move|p1a: Raijin|Hidden Power|p2a: Latias
|-supereffective|p2a: Latias
|-damage|p2a: Latias|30\/363
|-damage|p1a: Raijin|270\/299|[from] item: Life Orb
|move|p2a: Latias|Recover|p2a: Latias
|-heal|p2a: Latias|212\/363
|
|-heal|p2a: Latias|234\/363|[from] item: Leftovers
|turn|11
|
|switch|p1a: Manaphy|Manaphy|369\/369
|move|p2a: Latias|Recover|p2a: Latias
|-heal|p2a: Latias|363\/363
|
|turn|12
|
|switch|p2a: Magnezone|Magnezone|281\/281
|move|p1a: Manaphy|Tail Glow|p1a: Manaphy
|-boost|p1a: Manaphy|spa|3
|
|turn|13
|
|move|p2a: Magnezone|Thunderbolt|p1a: Manaphy
|-supereffective|p1a: Manaphy
|-damage|p1a: Manaphy|37\/369
|move|p1a: Manaphy|Scald|p2a: Magnezone
|-damage|p2a: Magnezone|0 fnt
|faint|p2a: Magnezone
|
|-heal|p1a: Manaphy|60\/369|[from] item: Leftovers
|
|switch|p2a: Diancie|Diancie-Mega|179\/241
|turn|14
|
|move|p2a: Diancie|Moonblast|p1a: Manaphy
|-damage|p1a: Manaphy|0 fnt
|faint|p1a: Manaphy
|
|
|switch|p1a: MUFASA DIES|Landorus-Therian, M|319\/319
|-ability|p1a: MUFASA DIES|Intimidate|[of] p2a: Diancie
|-unboost|p2a: Diancie|atk|1
|turn|15
|
|move|p2a: Diancie|Protect|p2a: Diancie
|-singleturn|p2a: Diancie|Protect
|move|p1a: MUFASA DIES|Earthquake|p2a: Diancie
|-activate|p2a: Diancie|Protect
|
|turn|16
|
|switch|p1a: Azelf|Azelf|291\/291
|switch|p2a: Chesnaught|Chesnaught, M|292\/380
|
|-heal|p2a: Chesnaught|315\/380|[from] item: Leftovers
|turn|17
|
|switch|p2a: Diancie|Diancie-Mega|179\/241
|move|p1a: Azelf|Fire Blast|p2a: Diancie
|-resisted|p2a: Diancie
|-damage|p2a: Diancie|125\/241
|
|turn|18
|
|move|p2a: Diancie|Protect|p2a: Diancie
|-singleturn|p2a: Diancie|Protect
|move|p1a: Azelf|Explosion|p2a: Diancie
|-activate|p2a: Diancie|Protect
|faint|p1a: Azelf
|
|-message|A Sprite fan forfeited.
|leave|A Sprite fan
|
|win|Like me 2
|raw|Ladder updating...
|player|p1
|raw|A Sprite fan's rating: 1658 &rarr; <strong>1635<\/strong><br \/>(-23 for losing)
|raw|Like me 2's rating: 1611 &rarr; <strong>1633<\/strong><br \/>(+22 for winning)