|join|MoB Barley
|join|A Sprite fan
|player|p1|MoB Barley|161
|player|p2|A Sprite fan|124
|gametype|singles
|gen|6
|tier|OU
|rated
|clearpoke
|poke|p1|Victini
|poke|p1|Keldeo-Resolute
|poke|p1|Bisharp, M, shiny
|poke|p1|Lopunny, F, shiny
|poke|p1|Azumarill, M
|poke|p1|Latios, M
|poke|p2|Azelf
|poke|p2|Gallade, M
|poke|p2|Bisharp, F
|poke|p2|Manaphy
|poke|p2|Landorus-Therian, M
|poke|p2|Thundurus, M
|rule|Swagger Clause: Swagger is banned
|rule|Baton Pass Clause: Limit one PokÃ©mon knowing Baton Pass
|rule|Sleep Clause Mod: Limit one foe put to sleep
|rule|Species Clause: Limit one of each PokÃ©mon
|rule|OHKO Clause: OHKO moves are banned
|rule|Moody Clause: Moody is banned
|rule|Evasion Moves Clause: Evasion moves are banned
|rule|Endless Battle Clause: Forcing endless battles is banned
|rule|HP Percentage Mod: HP is shown in percentages
|teampreview
|join|Khaliem
|
|start
|switch|p1a: Playboy|Lopunny, F, shiny|271\/271
|switch|p2a: Azelf|Azelf|291\/291
|turn|1
|
|switch|p2a: MUFASA DIES|Landorus-Therian, M|319\/319
|-ability|p2a: MUFASA DIES|Intimidate|[of] p1a: Playboy
|-unboost|p1a: Playboy|atk|1
|detailschange|p1a: Playboy|Lopunny-Mega, F, shiny
|-mega|p1a: Playboy|Lopunny|Lopunnite
|move|p1a: Playboy|Fake Out|p2a: MUFASA DIES
|-damage|p2a: MUFASA DIES|270\/319
|
|turn|2
|
|move|p2a: MUFASA DIES|U-turn|p1a: Playboy
|-resisted|p1a: Playboy
|-damage|p1a: Playboy|228\/271
|
|switch|p2a: Bulk Up|Gallade, M|277\/277
|move|p1a: Playboy|Return|p2a: Bulk Up
|-damage|p2a: Bulk Up|108\/277
|
|turn|3
|
|switch|p2a: Manaphy|Manaphy|369\/369
|move|p1a: Playboy|Return|p2a: Manaphy
|-damage|p2a: Manaphy|246\/369
|
|-heal|p2a: Manaphy|269\/369|[from] item: Leftovers
|turn|4
|join|Hiye
|join|Demandred
|
|switch|p1a: AC130|Latios, M|301\/301
|move|p2a: Manaphy|Scald|p1a: AC130
|-resisted|p1a: AC130
|-damage|p1a: AC130|238\/301
|
|-heal|p2a: Manaphy|292\/369|[from] item: Leftovers
|turn|5
|
|switch|p2a: 2HKOed by Latios|Bisharp, F|279\/279
|move|p1a: AC130|Draco Meteor|p2a: 2HKOed by Latios|[miss]
|-miss|p1a: AC130|p2a: 2HKOed by Latios
|
|turn|6
|
|move|p1a: AC130|Earthquake|p2a: 2HKOed by Latios
|-supereffective|p2a: 2HKOed by Latios
|-damage|p2a: 2HKOed by Latios|87\/279
|-damage|p1a: AC130|208\/301|[from] item: Life Orb
|move|p2a: 2HKOed by Latios|Pursuit|p1a: AC130
|-supereffective|p1a: AC130
|-damage|p1a: AC130|14\/301
|
|turn|7
|
|switch|p1a: Prioritize|Bisharp, M, shiny|271\/271
|move|p2a: 2HKOed by Latios|Sucker Punch|p1a: Prioritize
|-fail|p1a: Prioritize
|
|turn|8
|
|switch|p2a: Azelf|Azelf|291\/291
|move|p1a: Prioritize|Stealth Rock|p2a: Azelf
|-sidestart|p2: A Sprite fan|move: Stealth Rock
|
|turn|9
|
|move|p2a: Azelf|Fire Blast|p1a: Prioritize
|-supereffective|p1a: Prioritize
|-enditem|p1a: Prioritize|Focus Sash
|-damage|p1a: Prioritize|1\/271
|move|p1a: Prioritize|Knock Off|p2a: Azelf
|-supereffective|p2a: Azelf
|-enditem|p2a: Azelf|Focus Sash
|-damage|p2a: Azelf|1\/291
|
|turn|10
|
|move|p2a: Azelf|Stealth Rock|p1a: Prioritize
|-sidestart|p1: MoB Barley|move: Stealth Rock
|move|p1a: Prioritize|Knock Off|p2a: Azelf
|-supereffective|p2a: Azelf
|-damage|p2a: Azelf|0 fnt
|faint|p2a: Azelf
|
|
|switch|p2a: Manaphy|Manaphy|292\/369
|-damage|p2a: Manaphy|246\/369|[from] Stealth Rock
|turn|11
|
|move|p1a: Prioritize|Sucker Punch|p2a: Manaphy
|-damage|p2a: Manaphy|80\/369
|move|p2a: Manaphy|Scald|p1a: Prioritize
|-damage|p1a: Prioritize|0 fnt
|faint|p1a: Prioritize
|
|-heal|p2a: Manaphy|103\/369|[from] item: Leftovers
|
|switch|p1a: Playboy|Lopunny-Mega, F, shiny|228\/271
|-damage|p1a: Playboy|212\/271|[from] Stealth Rock
|turn|12
|join|Mega Magic Bounce
|join|Fabio96
|
|move|p1a: Playboy|Return|p2a: Manaphy
|-damage|p2a: Manaphy|0 fnt
|faint|p2a: Manaphy
|
|leave|Fabio96
|
|switch|p2a: Raijin|Thundurus, M|299\/299
|-damage|p2a: Raijin|225\/299|[from] Stealth Rock
|turn|13
|
|move|p2a: Raijin|Thunder Wave|p1a: Playboy
|-status|p1a: Playboy|par
|move|p1a: Playboy|Return|p2a: Raijin
|-damage|p2a: Raijin|0 fnt
|faint|p2a: Raijin
|
|join|haunter
|
|switch|p2a: Bulk Up|Gallade, M|108\/277
|-damage|p2a: Bulk Up|91\/277|[from] Stealth Rock
|turn|14
|
|detailschange|p2a: Bulk Up|Gallade-Mega, M
|-mega|p2a: Bulk Up|Gallade|Galladite
|move|p2a: Bulk Up|Zen Headbutt|p1a: Playboy
|-supereffective|p1a: Playboy
|-damage|p1a: Playboy|0 fnt
|faint|p1a: Playboy
|
|
|switch|p1a: Pwny|Keldeo-Resolute|323\/323
|-damage|p1a: Pwny|303\/323|[from] Stealth Rock
|turn|15
|
|move|p1a: Pwny|Scald|p2a: Bulk Up
|-damage|p2a: Bulk Up|0 fnt
|faint|p2a: Bulk Up
|
|c|âA Sprite fan|gg
|-message|A Sprite fan forfeited.
|leave|A Sprite fan
|join|Galbano
|
|win|MoB Barley
|raw|Ladder updating...
|player|p2
|raw|MoB Barley's rating: 1666 &rarr; <strong>1686<\/strong><br \/>(+20 for winning)
|raw|A Sprite fan's rating: 1665 &rarr; <strong>1646<\/strong><br \/>(-19 for losing)
|leave|MoB Barley
|player|p1
|leave|Galbano
|join|Galbano
|leave|Galbano