|join|lil manaphy
|join|A Sprite fan
|player|p1|lil manaphy|9
|player|p2|A Sprite fan|124
|gametype|singles
|gen|6
|tier|OU
|rated
|clearpoke
|poke|p1|Gardevoir, F
|poke|p1|Keldeo
|poke|p1|Amoonguss, F
|poke|p1|Chansey, F
|poke|p1|Mandibuzz, F
|poke|p1|Landorus-Therian, M
|poke|p2|Azelf
|poke|p2|Gallade, M
|poke|p2|Bisharp, F
|poke|p2|Manaphy
|poke|p2|Landorus-Therian, M
|poke|p2|Thundurus, M
|rule|Swagger Clause: Swagger is banned
|rule|Baton Pass Clause: Limit one PokÃ©mon knowing Baton Pass
|rule|Sleep Clause Mod: Limit one foe put to sleep
|rule|Species Clause: Limit one of each PokÃ©mon
|rule|OHKO Clause: OHKO moves are banned
|rule|Moody Clause: Moody is banned
|rule|Evasion Moves Clause: Evasion moves are banned
|rule|Endless Battle Clause: Forcing endless battles is banned
|rule|HP Percentage Mod: HP is shown in percentages
|teampreview
|
|start
|switch|p1a: Keldeo|Keldeo|323\/323
|switch|p2a: Azelf|Azelf|291\/291
|turn|1
|
|move|p2a: Azelf|Stealth Rock|p1a: Keldeo
|-sidestart|p1: lil manaphy|move: Stealth Rock
|move|p1a: Keldeo|Substitute|p1a: Keldeo
|-start|p1a: Keldeo|Substitute
|-damage|p1a: Keldeo|243\/323
|
|-heal|p1a: Keldeo|263\/323|[from] item: Leftovers
|turn|2
|
|move|p2a: Azelf|Fire Blast|p1a: Keldeo
|-resisted|p1a: Keldeo
|-activate|p1a: Keldeo|Substitute|[damage]
|move|p1a: Keldeo|Calm Mind|p1a: Keldeo
|-boost|p1a: Keldeo|spa|1
|-boost|p1a: Keldeo|spd|1
|
|-heal|p1a: Keldeo|283\/323|[from] item: Leftovers
|turn|3
|
|move|p2a: Azelf|Fire Blast|p1a: Keldeo
|-resisted|p1a: Keldeo
|-end|p1a: Keldeo|Substitute
|move|p1a: Keldeo|Scald|p2a: Azelf
|-enditem|p2a: Azelf|Focus Sash
|-damage|p2a: Azelf|1\/291
|
|-heal|p1a: Keldeo|303\/323|[from] item: Leftovers
|turn|4
|
|switch|p1a: Amoonguss|Amoonguss, F|432\/432
|-damage|p1a: Amoonguss|378\/432|[from] Stealth Rock
|move|p2a: Azelf|Explosion|p1a: Amoonguss
|-damage|p1a: Amoonguss|121\/432
|faint|p2a: Azelf
|
|-heal|p1a: Amoonguss|148\/432|[from] item: Black Sludge
|
|switch|p2a: Bulk Up|Gallade, M|277\/277
|turn|5
|
|detailschange|p2a: Bulk Up|Gallade-Mega, M
|-mega|p2a: Bulk Up|Gallade|Galladite
|move|p2a: Bulk Up|Swords Dance|p2a: Bulk Up
|-boost|p2a: Bulk Up|atk|2
|move|p1a: Amoonguss|Clear Smog|p2a: Bulk Up
|-damage|p2a: Bulk Up|232\/277
|-clearboost|p2a: Bulk Up
|
|-heal|p1a: Amoonguss|175\/432|[from] item: Black Sludge
|turn|6
|
|move|p2a: Bulk Up|Ice Punch|p1a: Amoonguss
|-crit|p1a: Amoonguss
|-supereffective|p1a: Amoonguss
|-damage|p1a: Amoonguss|0 fnt
|faint|p1a: Amoonguss
|
|
|switch|p1a: Gardevoir|Gardevoir, F|277\/277
|-damage|p1a: Gardevoir|243\/277|[from] Stealth Rock
|-ability|p1a: Gardevoir|Inner Focus|[from] ability: Trace|[of] p2a: Bulk Up
|turn|7
|c|âlil manaphy|fun fact you can pick a move
|
|switch|p2a: 2HKOed by Latios|Bisharp, F|279\/279
|detailschange|p1a: Gardevoir|Gardevoir-Mega, F
|-mega|p1a: Gardevoir|Gardevoir|Gardevoirite
|move|p1a: Gardevoir|Hyper Voice|p2a: 2HKOed by Latios
|-damage|p2a: 2HKOed by Latios|75\/279
|
|turn|8
|
|move|p2a: 2HKOed by Latios|Pursuit|p1a: Gardevoir|[from]Pursuit
|-damage|p1a: Gardevoir|44\/277
|switch|p1a: Keldeo|Keldeo|303\/323
|-damage|p1a: Keldeo|283\/323|[from] Stealth Rock
|
|-heal|p1a: Keldeo|303\/323|[from] item: Leftovers
|turn|9
|
|switch|p2a: Raijin|Thundurus, M|299\/299
|move|p1a: Keldeo|Substitute|p1a: Keldeo
|-start|p1a: Keldeo|Substitute
|-damage|p1a: Keldeo|223\/323
|
|-heal|p1a: Keldeo|243\/323|[from] item: Leftovers
|turn|10
|
|move|p2a: Raijin|Thunderbolt|p1a: Keldeo
|-supereffective|p1a: Keldeo
|-end|p1a: Keldeo|Substitute
|-damage|p2a: Raijin|270\/299|[from] item: Life Orb
|move|p1a: Keldeo|Scald|p2a: Raijin
|-damage|p2a: Raijin|92\/299
|
|-heal|p1a: Keldeo|263\/323|[from] item: Leftovers
|turn|11
|
|switch|p2a: Bulk Up|Gallade-Mega, M|232\/277
|switch|p1a: Chansey|Chansey, F|703\/703
|-damage|p1a: Chansey|616\/703|[from] Stealth Rock
|
|turn|12
|
|move|p2a: Bulk Up|Close Combat|p1a: Chansey
|-supereffective|p1a: Chansey
|-damage|p1a: Chansey|0 fnt
|-unboost|p2a: Bulk Up|def|1
|-unboost|p2a: Bulk Up|spd|1
|faint|p1a: Chansey
|
|
|switch|p1a: Mandibuzz|Mandibuzz, F|423\/423
|-damage|p1a: Mandibuzz|318\/423|[from] Stealth Rock
|turn|13
|-message|lil manaphy forfeited.
|leave|lil manaphy
|
|win|A Sprite fan
|raw|Ladder updating...
|player|p1
|raw|lil manaphy's rating: 1752 &rarr; <strong>1726<\/strong><br \/>(-26 for losing)
|raw|A Sprite fan's rating: 1630 &rarr; <strong>1657<\/strong><br \/>(+27 for winning)
|leave|A Sprite fan
|join|A Sprite fan
|leave|A Sprite fan
|player|p2