|join|Genre Police
|join|A Sprite fan
|unlink||clan
|player|p1|Genre Police|212
|player|p2|A Sprite fan|124
|gametype|singles
|gen|6
|tier|OU (suspect test)
|clearpoke
|poke|p1|Altaria, M, shiny|item
|poke|p1|Heatran, M|item
|poke|p1|Keldeo|item
|poke|p1|Latias, F, shiny|item
|poke|p1|Rotom-Wash, shiny|item
|poke|p1|Landorus-Therian, M|item
|poke|p2|Azelf|item
|poke|p2|Metagross|item
|poke|p2|Keldeo-Resolute|item
|poke|p2|Thundurus, M|item
|poke|p2|Landorus-Therian, M|item
|poke|p2|Clefable, M|item
|rule|ClÃ¡usula de Swagger: se prohibe el uso de Swagger
|rule|ClÃ¡usula de Baton Pass: se prohÃ­be mÃ¡s de 1 PokÃ©mon con Baton Pass
|rule|ClÃ¡usula-Mod de Dormir: solo puedes dormir a uno de tus oponentes a la vez.
|rule|ClÃ¡usula de Especie: Hasta un PokÃ©mon de cada especie
|rule|ClÃ¡usula de Golpe Fulminante: los movimientos fulminantes (OHKO) estan prohibidos
|rule|ClÃ¡usula de Moody: la habilidad Moody estÃ¡ prohibida
|rule|ClÃ¡usula de Movimientos Evasivos: los movimientos de evasion estan prohibidos
|rule|ClÃ¡usula de Batallas Eternas: forzar batallas eternas estÃ¡ prohibido
|rule|Modo de Porcentaje de HP: el HP es mostrado en porcentaje
|teampreview
|join|Seirle
|join|The Force Of Aries
|join|YucoYuco77
|join|lOrD pEÃ±A nIETO
|join|â¥ Romper â¥
|join|Seniel
|join|CHANO THE THUNDER
|c|âGenre Police|No me pongas timer
|join|Corn FlÎ±kes
|c| â¥ Romper â¥|ESE BUILDEO ES MÃO.
|join|AceV
|c| â¥ Romper â¥|:`)
|join|ShinigamiZet
|c|âA Sprite fan|no te preocupes
|join|gSoftShocks
|join|ImSNT
|join|(ATE)Seco
|join|Kneesocks 4 chu
|c| CHANO THE THUNDER|romper the based olord of lb himself,,,,
|leave|(ATE)Seco
|
|start
|switch|p1a: U got Landorus'ed|Landorus-Therian, M|319\/319
|switch|p2a: Boom|Azelf|291\/291
|-ability|p1a: U got Landorus'ed|Intimidate|[of] p2a: Boom
|-unboost|p2a: Boom|atk|1
|turn|1
|c| ImSNT|Chano
|c| ImSNT|que te parece el team de absol
|join|ZÂ¡ng
|
|move|p1a: U got Landorus'ed|U-turn|p2a: Boom
|-supereffective|p2a: Boom
|-damage|p2a: Boom|5\/291
|
|switch|p1a: Volcano|Heatran, M|385\/385
|move|p2a: Boom|Stealth Rock|p1a: Volcano
|-sidestart|p1: Genre Police|move: Stealth Rock
|
|turn|2
|
|move|p2a: Boom|Taunt|p1a: Volcano
|-start|p1a: Volcano|move: Taunt
|move|p1a: Volcano|Lava Plume|p2a: Boom
|-damage|p2a: Boom|0 fnt
|faint|p2a: Boom
|
|c| â¥ Romper â¥|:^)
|
|switch|p2a: Brazzers|Metagross|343\/343
|turn|3
|join|ORAS Bennard
|join|angel0mike
|c| Seniel|subpole
|
|switch|p1a: Redtom|Rotom-Wash, shiny|303\/303
|-damage|p1a: Redtom|266\/303|[from] Stealth Rock
|switch|p2a: Lefable|Clefable, M|389\/389
|
|-heal|p1a: Redtom|284\/303|[from] item: Leftovers
|turn|4
|join|CSS)bleachzxzx
|
|move|p1a: Redtom|Volt Switch|p2a: Lefable
|-damage|p2a: Lefable|299\/389
|
|switch|p1a: Volcano|Heatran, M|385\/385
|-damage|p1a: Volcano|337\/385|[from] Stealth Rock
|move|p2a: Lefable|Soft-Boiled|p2a: Lefable
|-heal|p2a: Lefable|389\/389
|
|-heal|p1a: Volcano|361\/385|[from] item: Leftovers
|turn|5
|
|switch|p2a: Brazzers|Metagross|343\/343
|move|p1a: Volcano|Stealth Rock|p2a: Brazzers
|-sidestart|p2: A Sprite fan|move: Stealth Rock
|
|-heal|p1a: Volcano|385\/385|[from] item: Leftovers
|turn|6
|join|Drimarvon
|
|switch|p1a: U got Landorus'ed|Landorus-Therian, M|319\/319
|-damage|p1a: U got Landorus'ed|280\/319|[from] Stealth Rock
|-ability|p1a: U got Landorus'ed|Intimidate|[of] p2a: Brazzers
|-fail|p2a: Brazzers|unboost|[from] ability: Clear Body|[of] p2a: Brazzers
|detailschange|p2a: Brazzers|Metagross-Mega
|-mega|p2a: Brazzers|Metagross|Metagrossite
|move|p2a: Brazzers|Zen Headbutt|p1a: U got Landorus'ed
|-damage|p1a: U got Landorus'ed|27\/319
|
|turn|7
|join|Hummingbird SS
|join|Arcaninseanps92
|join|Wakanox
|
|switch|p2a: MUFASA DIES|Landorus-Therian, M|319\/319
|-damage|p2a: MUFASA DIES|280\/319|[from] Stealth Rock
|-ability|p2a: MUFASA DIES|Intimidate|[of] p1a: U got Landorus'ed
|-unboost|p1a: U got Landorus'ed|atk|1
|move|p1a: U got Landorus'ed|Knock Off|p2a: MUFASA DIES
|-damage|p2a: MUFASA DIES|184\/319
|-enditem|p2a: MUFASA DIES|Choice Scarf|[from] move: Knock Off|[of] p1a: U got Landorus'ed
|
|turn|8
|
|move|p1a: U got Landorus'ed|Knock Off|p2a: MUFASA DIES
|-damage|p2a: MUFASA DIES|123\/319
|move|p2a: MUFASA DIES|U-turn|p1a: U got Landorus'ed
|-resisted|p1a: U got Landorus'ed
|-damage|p1a: U got Landorus'ed|0 fnt
|faint|p1a: U got Landorus'ed
|join|Edgar Salli
|
|switch|p2a: Not Greninja|Keldeo-Resolute|323\/323
|-damage|p2a: Not Greninja|303\/323|[from] Stealth Rock
|
|join|xMimo
|leave|xMimo
|c|$Seirle|...
|c|âA Sprite fan|tengo todo el tiempo del mundo lol
|c|âGenre Police|Perdona
|join|Yellowday
|c|$NEW ATTITUDE|esperen
|join|U Got SashaGrey'ed
|join|(ATE)Seco
|c|âGenre Police|Estoy pensando
|c|$NEW ATTITUDE|goder
|join|Noctur16
|join|Maestro CAMINANTE
|c|$Seirle|puta visa
|raw|<div class="broadcast-red"><b>Chat Moderado. Nivel: +!<\/b><br \/>Solo quienes tengan rango + o superior pueden hablar.<\/div>
|leave|Maestro CAMINANTE
|c|âA Sprite fan|xd
|c|âA Sprite fan|tomate tu tiempo
|c|âA Sprite fan|no tengo prisa
|join|Mandex
|join|(TRK)EL Abogado
|join|Maestro CAMINANTE
|
|switch|p1a: MyLittlePony|Keldeo|322\/322
|-damage|p1a: MyLittlePony|302\/322|[from] Stealth Rock
|turn|9
|join|Rai :3
|
|move|p2a: Not Greninja|Secret Sword|p1a: MyLittlePony
|-damage|p1a: MyLittlePony|50\/322
|move|p1a: MyLittlePony|Scald|p2a: Not Greninja
|-resisted|p2a: Not Greninja
|-damage|p2a: Not Greninja|178\/323
|
|turn|10
|c|âA Sprite fan|damage
|
|move|p2a: Not Greninja|Secret Sword|p1a: MyLittlePony
|-crit|p1a: MyLittlePony
|-damage|p1a: MyLittlePony|0 fnt
|faint|p1a: MyLittlePony
|
|
|switch|p1a: Cotton Candy|Altaria, M, shiny|291\/291
|-damage|p1a: Cotton Candy|219\/291|[from] Stealth Rock
|turn|11
|join|Neo-1
|join|Melody of Victory
|join|Billie Heisenberg
|leave|(ATE)Seco
|join|Senky
|join|Newalfonquest
|leave|Arcaninseanps92
|
|switch|p2a: MUFASA DIES|Landorus-Therian, M|123\/319
|-damage|p2a: MUFASA DIES|84\/319|[from] Stealth Rock
|-ability|p2a: MUFASA DIES|Intimidate|[of] p1a: Cotton Candy
|-unboost|p1a: Cotton Candy|atk|1
|detailschange|p1a: Cotton Candy|Altaria-Mega, M, shiny
|-mega|p1a: Cotton Candy|Altaria|Altarianite
|move|p1a: Cotton Candy|Dragon Dance|p1a: Cotton Candy
|-boost|p1a: Cotton Candy|atk|1
|-boost|p1a: Cotton Candy|spe|1
|
|turn|12
|join|Sam-Vil<3
|join|The MadGician
|join|(TRK) Dunkle
|leave|Maestro CAMINANTE
|join|eL GaNsO
|
|move|p1a: Cotton Candy|Dragon Dance|p1a: Cotton Candy
|-boost|p1a: Cotton Candy|atk|1
|-boost|p1a: Cotton Candy|spe|1
|move|p2a: MUFASA DIES|Explosion|p1a: Cotton Candy
|-damage|p1a: Cotton Candy|0 fnt
|faint|p2a: MUFASA DIES
|faint|p1a: Cotton Candy
|
|c|âA Sprite fan|no boost pls
|c|âGenre Police|aa
|c|âGenre Police|gg
|
|switch|p2a: Not Greninja|Keldeo-Resolute|178\/323
|switch|p1a: Redtom|Rotom-Wash, shiny|284\/303
|-damage|p2a: Not Greninja|158\/323|[from] Stealth Rock
|-damage|p1a: Redtom|247\/303|[from] Stealth Rock
|turn|13
|
|switch|p1a: Golden Bird|Latias, F, shiny|302\/302
|-damage|p1a: Golden Bird|265\/302|[from] Stealth Rock
|move|p2a: Not Greninja|Secret Sword|p1a: Golden Bird
|-resisted|p1a: Golden Bird
|-damage|p1a: Golden Bird|145\/302
|
|turn|14
|
|switch|p2a: Brazzers|Metagross-Mega|343\/343
|-damage|p2a: Brazzers|322\/343|[from] Stealth Rock
|move|p1a: Golden Bird|Psyshock|p2a: Brazzers
|-resisted|p2a: Brazzers
|-damage|p2a: Brazzers|293\/343
|-damage|p1a: Golden Bird|115\/302|[from] item: Life Orb
|
|turn|15
|
|move|p1a: Golden Bird|Draco Meteor|p2a: Brazzers
|-resisted|p2a: Brazzers
|-damage|p2a: Brazzers|171\/343
|-unboost|p1a: Golden Bird|spa|2
|-damage|p1a: Golden Bird|85\/302|[from] item: Life Orb
|move|p2a: Brazzers|Zen Headbutt|p1a: Golden Bird
|-crit|p1a: Golden Bird
|-resisted|p1a: Golden Bird
|-damage|p1a: Golden Bird|0 fnt
|faint|p1a: Golden Bird
|
|c|âA Sprite fan|lol
|
|switch|p1a: Redtom|Rotom-Wash, shiny|247\/303
|-damage|p1a: Redtom|210\/303|[from] Stealth Rock
|turn|16
|c|âA Sprite fan|no importa
|c|âA Sprite fan|ahora lo que necesito es daÃ±o
|c|âA Sprite fan|para cabar con keldeo
|
|move|p2a: Brazzers|Zen Headbutt|p1a: Redtom
|-damage|p1a: Redtom|54\/303
|cant|p1a: Redtom|flinch
|
|-heal|p1a: Redtom|72\/303|[from] item: Leftovers
|turn|17
|c|âA Sprite fan|ok
|c|âA Sprite fan|ya g
|c|âA Sprite fan|sorry
|
|move|p2a: Brazzers|Zen Headbutt|p1a: Redtom
|-damage|p1a: Redtom|0 fnt
|faint|p1a: Redtom
|
|c|âGenre Police|Np
|
|switch|p1a: Volcano|Heatran, M|385\/385
|-damage|p1a: Volcano|337\/385|[from] Stealth Rock
|turn|18
|
|move|p2a: Brazzers|Earthquake|p1a: Volcano
|-supereffective|p1a: Volcano
|-damage|p1a: Volcano|0 fnt
|faint|p1a: Volcano
|
|win|A Sprite fan
|leave|CHANO THE THUNDER
|leave|Genre Police
|player|p1
|leave|AceV
|leave|Billie Heisenberg
|leave|Hummingbird SS
|leave|lOrD pEÃ±A nIETO
|leave|â¥ Romper â¥
|leave|ORAS Bennard
|leave|ZÂ¡ng
|leave|NocturOP
|leave|angel0mike
|leave|Newalfonquest
|leave|The MadGician