|join|Jukain
|join|xtraDOLLARshine
|join|Six to Zero
|player|p1|Jukain|291
|player|p2|xtraDOLLARshine|68
|gametype|singles
|gen|6
|tier|OU
|clearpoke
|poke|p1|Scizor, F
|poke|p1|Garchomp, M
|poke|p1|Azumarill, F
|poke|p1|Raikou
|poke|p1|Landorus-Therian, M
|poke|p1|Tornadus-Therian, M
|poke|p2|Latios, M
|poke|p2|Azumarill, M
|poke|p2|Metagross
|poke|p2|Garchomp, F
|poke|p2|Thundurus, M
|poke|p2|Kyurem-Black
|rule|Swagger Clause: Swagger is banned
|rule|Baton Pass Clause: Limit one PokÃ©mon knowing Baton Pass
|rule|Sleep Clause Mod: Limit one foe put to sleep
|rule|Species Clause: Limit one of each PokÃ©mon
|rule|OHKO Clause: OHKO moves are banned
|rule|Moody Clause: Moody is banned
|rule|Evasion Moves Clause: Evasion moves are banned
|rule|Endless Battle Clause: Forcing endless battles is banned
|rule|HP Percentage Mod: HP is shown in percentages
|teampreview
|join|gizmo
|join|A2tehBR
|join|Ox the Box
|join|WECAMEASROMANS
|c|âxtraDOLLARshine|IM BLUE
|c|âxtraDOLLARshine|BADABEE
|join|Squirrelll
|join|gRWGH
|join|daftmau5
|c|âJukain|shit
|c|âJukain|this is what i get
|c|âJukain|for not goingn blue
|join|FUQ GLISCORE
|join|Son of Zeusss
|c| Son of Zeusss|monocolourrrrrr
|join|gyarad0site
|
|start
|switch|p1a: Tornadus-Therian|Tornadus-Therian, M|299\/299
|switch|p2a: Metagross|Metagross|301\/301
|turn|1
|join|Inflikted
|join|Time Stall
|join|Jefo
|join|Alexander
|
|detailschange|p2a: Metagross|Metagross-Mega
|-mega|p2a: Metagross|Metagross|Metagrossite
|move|p1a: Tornadus-Therian|U-turn|p2a: Metagross
|-damage|p2a: Metagross|249\/301
|-damage|p1a: Tornadus-Therian|270\/299|[from] item: Life Orb
|
|switch|p1a: Scizor|Scizor, F|291\/291
|move|p2a: Metagross|Meteor Mash|p1a: Scizor
|-resisted|p1a: Scizor
|-damage|p1a: Scizor|174\/291
|
|turn|2
|c| gizmo|time to lose your sciz to this hp fire
|join|Fedayi
|
|switch|p1a: Landorus-Therian|Landorus-Therian, M|319\/319
|-ability|p1a: Landorus-Therian|Intimidate|[of] p2a: Metagross
|-unboost|p2a: Metagross|atk|1
|move|p2a: Metagross|Hammer Arm|p1a: Landorus-Therian
|-resisted|p1a: Landorus-Therian
|-damage|p1a: Landorus-Therian|253\/319
|-unboost|p2a: Metagross|spe|1
|
|turn|3
|
|switch|p2a: Garchomp|Garchomp, F|357\/357
|move|p1a: Landorus-Therian|Earthquake|p2a: Garchomp
|-damage|p2a: Garchomp|158\/357
|
|turn|4
|c|âxtraDOLLARshine|SOFT SAND
|c| Son of Zeusss|xtra song
|c| Son of Zeusss|https:\/\/www.youtube.com\/watch?v=zA52uNzx7Y4
|
|switch|p2a: Latios|Latios, M|301\/301
|move|p1a: Landorus-Therian|Earthquake|p2a: Latios
|-immune|p2a: Latios|[msg]
|
|turn|5
|c|âxtraDOLLARshine|duh
|c|âxtraDOLLARshine|i named the team after that
|join|RedKingAlmighty
|
|switch|p1a: Azumarill|Azumarill, F|355\/355
|move|p2a: Latios|Psyshock|p1a: Azumarill
|-damage|p1a: Azumarill|82\/355
|
|turn|6
|leave|Squirrelll
|
|move|p1a: Azumarill|Aqua Jet|p2a: Latios
|-resisted|p2a: Latios
|-damage|p2a: Latios|221\/301
|move|p2a: Latios|Psyshock|p1a: Azumarill
|-damage|p1a: Azumarill|0 fnt
|faint|p1a: Azumarill
|
|join|Yuttt.ttttt
|
|switch|p1a: Garchomp|Garchomp, M|357\/357
|turn|7
|
|switch|p2a: Azumarill|Azumarill, M|341\/341
|move|p1a: Garchomp|Stealth Rock|p2a: Azumarill
|-sidestart|p2: xtraDOLLARshine|move: Stealth Rock
|
|turn|8
|c|âxtraDOLLARshine|eq here mans
|
|move|p1a: Garchomp|Earthquake|p2a: Azumarill
|-damage|p2a: Azumarill|145\/341
|move|p2a: Azumarill|Play Rough|p1a: Garchomp
|-supereffective|p1a: Garchomp
|-damage|p1a: Garchomp|0 fnt
|-damage|p2a: Azumarill|103\/341|[from] ability: Rough Skin|[of] p1a: Garchomp
|faint|p1a: Garchomp
|
|join|Odell Bitches Jr.
|join|boltsandbombers
|
|switch|p1a: Scizor|Scizor, F|174\/291
|turn|9
|join|Subtonix
|c| boltsandbombers|g1 I assume?
|c| RedKingAlmighty|g2
|c|âJukain|2
|c| boltsandbombers|ah ok
|join|Biz
|c| Yuttt.ttttt|what for?
|c|âxtraDOLLARshine|finaklz
|c| RedKingAlmighty|oras release
|
|switch|p2a: Thundurus|Thundurus, M|299\/299
|-damage|p2a: Thundurus|225\/299|[from] Stealth Rock
|detailschange|p1a: Scizor|Scizor-Mega, F
|-mega|p1a: Scizor|Scizor|Scizorite
|move|p1a: Scizor|Bug Bite|p2a: Thundurus
|-resisted|p2a: Thundurus
|-damage|p2a: Thundurus|83\/299
|
|-heal|p2a: Thundurus|101\/299|[from] item: Leftovers
|turn|10
|
|switch|p1a: Raikou|Raikou|323\/323
|-ability|p1a: Raikou|Pressure
|move|p2a: Thundurus|Volt Switch|p1a: Raikou
|-crit|p1a: Raikou
|-resisted|p1a: Raikou
|-damage|p1a: Raikou|232\/323
|
|switch|p2a: Kyurem-Black|Kyurem-Black|391\/391
|-damage|p2a: Kyurem-Black|294\/391|[from] Stealth Rock
|-ability|p2a: Kyurem-Black|Teravolt
|
|turn|11
|
|move|p2a: Kyurem-Black|Outrage|p1a: Raikou
|-damage|p1a: Raikou|0 fnt
|faint|p1a: Raikou
|
|
|switch|p1a: Landorus-Therian|Landorus-Therian, M|253\/319
|-ability|p1a: Landorus-Therian|Intimidate|[of] p2a: Kyurem-Black
|-unboost|p2a: Kyurem-Black|atk|1
|turn|12
|leave|Subtonix
|
|move|p1a: Landorus-Therian|Superpower|p2a: Kyurem-Black
|-crit|p2a: Kyurem-Black
|-supereffective|p2a: Kyurem-Black
|-damage|p2a: Kyurem-Black|0 fnt
|-unboost|p1a: Landorus-Therian|atk|1
|-unboost|p1a: Landorus-Therian|def|1
|faint|p2a: Kyurem-Black
|
|join|I'm kawaii
|
|switch|p2a: Latios|Latios, M|221\/301
|-damage|p2a: Latios|184\/301|[from] Stealth Rock
|turn|13
|
|switch|p1a: Tornadus-Therian|Tornadus-Therian, M|299\/299
|move|p2a: Latios|Draco Meteor|p1a: Tornadus-Therian
|-damage|p1a: Tornadus-Therian|0 fnt
|-unboost|p2a: Latios|spa|2
|faint|p1a: Tornadus-Therian
|
|c| Time Stall|Damage.
|
|switch|p1a: Scizor|Scizor-Mega, F|174\/291
|turn|14
|join|ThugLyfez
|
|move|p2a: Latios|Draco Meteor|p1a: Scizor
|-resisted|p1a: Scizor
|-damage|p1a: Scizor|78\/291
|-unboost|p2a: Latios|spa|2
|move|p1a: Scizor|Bug Bite|p2a: Latios
|-supereffective|p2a: Latios
|-damage|p2a: Latios|0 fnt
|faint|p2a: Latios
|
|c| boltsandbombers|specs?
|c|âxtraDOLLARshine|i guezz
|
|switch|p2a: Metagross|Metagross-Mega|249\/301
|-damage|p2a: Metagross|231\/301|[from] Stealth Rock
|turn|15
|c|âxtraDOLLARshine|dam
|c|âxtraDOLLARshine|sucks theres no 100% accuracy move
|join|jerry85
|c|âxtraDOLLARshine|on dis guy
|c| boltsandbombers|rip
|c| Time Stall|yep
|c| daftmau5|o hammer arm is 90%
|c| daftmau5|dicks
|join|Avarice87
|c| A2tehBR|its ok mash is gonna come thru
|c| RedKingAlmighty|lol
|c| boltsandbombers|does mash do 27%?
|join|All Together Now
|c| daftmau5|go for the safe grass knot
|c| A2tehBR|idk
|c| A2tehBR|it did 40
|
|switch|p1a: Landorus-Therian|Landorus-Therian, M|253\/319
|-ability|p1a: Landorus-Therian|Intimidate|[of] p2a: Metagross
|-unboost|p2a: Metagross|atk|1
|move|p2a: Metagross|Hammer Arm|p1a: Landorus-Therian
|-resisted|p1a: Landorus-Therian
|-damage|p1a: Landorus-Therian|196\/319
|-unboost|p2a: Metagross|spe|1
|
|turn|16
|c| A2tehBR|to non-mega
|c|âxtraDOLLARshine|mash does 28
|c| A2tehBR|i said mash :(
|c|âxtraDOLLARshine|its ok
|c|âxtraDOLLARshine|i can afford dis
|c| gizmo|well
|c| boltsandbombers|ah
|
|switch|p2a: Thundurus|Thundurus, M|101\/299
|-damage|p2a: Thundurus|27\/299|[from] Stealth Rock
|move|p1a: Landorus-Therian|Earthquake|p2a: Thundurus
|-immune|p2a: Thundurus|[msg]
|
|-heal|p2a: Thundurus|45\/299|[from] item: Leftovers
|turn|17
|c| gizmo|don't you just keep clicking t bolt
|c|âxtraDOLLARshine|duhhh
|
|move|p1a: Landorus-Therian|Earthquake|p2a: Thundurus
|-immune|p2a: Thundurus|[msg]
|move|p2a: Thundurus|Volt Switch|p1a: Landorus-Therian
|-immune|p1a: Landorus-Therian|[msg]
|
|-heal|p2a: Thundurus|63\/299|[from] item: Leftovers
|turn|18
|-message|Jukain forfeited.
|c|âJukain|gud game
|c|âxtraDOLLARshine|gg
|leave|WECAMEASROMANS
|leave|Jukain
|leave|A2tehBR
|leave|Yuttt.ttttt
|leave|Inflikted
|
|win|xtraDOLLARshine
|leave|boltsandbombers
|leave|Avarice87
|player|p1
|leave|Six to Zero