|join|Jukain
|join|Henry
|c|âJukain|GO
|c|âHenry|sotp
|player|p1|Jukain|291
|player|p2|Henry|56
|gametype|singles
|gen|6
|tier|OU
|clearpoke
|poke|p1|Diancie
|poke|p1|Keldeo
|poke|p1|Latios, M
|poke|p1|Gengar, F
|poke|p1|Gliscor, F
|poke|p1|Tangrowth, M
|poke|p2|Latios, M
|poke|p2|Togekiss, F
|poke|p2|Garchomp, F
|poke|p2|Metagross
|poke|p2|Keldeo
|poke|p2|Raikou
|rule|Swagger Clause: Swagger is banned
|rule|Baton Pass Clause: Limit one PokÃ©mon knowing Baton Pass
|rule|Sleep Clause Mod: Limit one foe put to sleep
|rule|Species Clause: Limit one of each PokÃ©mon
|rule|OHKO Clause: OHKO moves are banned
|rule|Moody Clause: Moody is banned
|rule|Evasion Moves Clause: Evasion moves are banned
|rule|Endless Battle Clause: Forcing endless battles is banned
|rule|HP Percentage Mod: HP is shown in percentages
|teampreview
|join|Ill leave
|c|âJukain|u fucking memer
|c|âJukain|hf
|c|âHenry|dont tell me what to do
|
|start
|switch|p1a: Diancie|Diancie|241\/241
|switch|p2a: Keldeo|Keldeo|323\/323
|turn|1
|c|âHenry|lol  u sure u wanna play this game
|join|CopyPast
|c|âJukain|haha
|c|âJukain|ur subbing
|
|detailschange|p1a: Diancie|Diancie-Mega
|-mega|p1a: Diancie|Diancie|Diancite
|move|p1a: Diancie|Protect|p1a: Diancie
|-singleturn|p1a: Diancie|Protect
|move|p2a: Keldeo|Scald|p1a: Diancie
|-activate|p1a: Diancie|Protect
|
|turn|2
|c|âJukain|i can tell
|c|âJukain|kek
|c|âHenry|im not sub anyway
|c|âHenry|i changed a lot from this team
|c|âJukain|yea its
|
|switch|p1a: Tangrowth|Tangrowth, M|404\/404
|move|p2a: Keldeo|Scald|p1a: Tangrowth
|-resisted|p1a: Tangrowth
|-damage|p1a: Tangrowth|341\/404
|
|turn|3
|c|âJukain|np leftovers togekiss
|c|âJukain|yn
|
|switch|p2a: Garchomp|Garchomp, F|419\/419
|move|p1a: Tangrowth|Knock Off|p2a: Garchomp
|-damage|p2a: Garchomp|350\/419
|-damage|p1a: Tangrowth|291\/404|[from] ability: Rough Skin|[of] p2a: Garchomp
|-damage|p1a: Tangrowth|224\/404|[from] item: Rocky Helmet|[of] p2a: Garchomp
|-enditem|p2a: Garchomp|Rocky Helmet|[from] move: Knock Off|[of] p1a: Tangrowth
|
|turn|4
|
|move|p2a: Garchomp|Stealth Rock|p1a: Tangrowth
|-sidestart|p1: Jukain|move: Stealth Rock
|move|p1a: Tangrowth|Hidden Power|p2a: Garchomp
|-supereffective|p2a: Garchomp
|-damage|p2a: Garchomp|106\/419
|
|turn|5
|
|switch|p1a: Gliscor|Gliscor, F|354\/354
|-damage|p1a: Gliscor|310\/354|[from] Stealth Rock
|move|p2a: Garchomp|Fire Blast|p1a: Gliscor|[miss]
|-miss|p2a: Garchomp|p1a: Gliscor
|
|-status|p1a: Gliscor|tox|[from] item: Toxic Orb
|turn|6
|join|Squirrelll
|join|MyLittleDick
|
|move|p1a: Gliscor|Stealth Rock|p2a: Garchomp
|-sidestart|p2: Henry|move: Stealth Rock
|move|p2a: Garchomp|Dragon Tail|p1a: Gliscor|[miss]
|-miss|p2a: Garchomp|p1a: Gliscor
|
|-heal|p1a: Gliscor|354\/354 tox|[from] ability: Poison Heal
|turn|7
|c|âHenry|oh
|
|move|p1a: Gliscor|Earthquake|p2a: Garchomp
|-damage|p2a: Garchomp|13\/419
|move|p2a: Garchomp|Dragon Tail|p1a: Gliscor
|-damage|p1a: Gliscor|290\/354 tox
|drag|p1a: Keldeo|Keldeo|323\/323
|-damage|p1a: Keldeo|303\/323|[from] Stealth Rock
|
|turn|8
|leave|CopyPast
|leave|Squirrelll
|
|move|p1a: Keldeo|Scald|p2a: Garchomp
|-damage|p2a: Garchomp|0 fnt
|faint|p2a: Garchomp
|
|
|switch|p2a: Latios|Latios, M|301\/301
|-damage|p2a: Latios|264\/301|[from] Stealth Rock
|turn|9
|join|Watch This Battle
|
|switch|p1a: Tangrowth|Tangrowth, M|358\/404
|-damage|p1a: Tangrowth|308\/404|[from] Stealth Rock
|move|p2a: Latios|Draco Meteor|p1a: Tangrowth|[miss]
|-miss|p2a: Latios|p1a: Tangrowth
|
|turn|10
|leave|Watch This Battle
|c|âHenry|oh
|c| MyLittleDick|bright powder man
|c| MyLittleDick|the whole team
|
|switch|p2a: Togekiss|Togekiss, F|373\/373
|-damage|p2a: Togekiss|280\/373|[from] Stealth Rock
|move|p1a: Tangrowth|Knock Off|p2a: Togekiss
|-resisted|p2a: Togekiss
|-damage|p2a: Togekiss|241\/373
|-enditem|p2a: Togekiss|Leftovers|[from] move: Knock Off|[of] p1a: Tangrowth
|
|turn|11
|
|switch|p1a: Diancie|Diancie-Mega|241\/241
|-damage|p1a: Diancie|211\/241|[from] Stealth Rock
|move|p2a: Togekiss|Air Slash|p1a: Diancie
|-resisted|p1a: Diancie
|-damage|p1a: Diancie|156\/241
|
|turn|12
|
|move|p1a: Diancie|Diamond Storm|p2a: Togekiss
|-supereffective|p2a: Togekiss
|-damage|p2a: Togekiss|0 fnt
|faint|p2a: Togekiss
|
|c|âHenry|finally i put this shit to use
|
|switch|p2a: Metagross|Metagross|302\/302
|-damage|p2a: Metagross|284\/302|[from] Stealth Rock
|turn|13
|
|switch|p1a: Keldeo|Keldeo|303\/323
|-damage|p1a: Keldeo|283\/323|[from] Stealth Rock
|detailschange|p2a: Metagross|Metagross-Mega
|-mega|p2a: Metagross|Metagross|Metagrossite
|move|p2a: Metagross|Meteor Mash|p1a: Keldeo|[miss]
|-miss|p2a: Metagross|p1a: Keldeo
|
|turn|14
|c|âHenry|??
|
|switch|p2a: Latios|Latios, M|264\/301
|-damage|p2a: Latios|227\/301|[from] Stealth Rock
|move|p1a: Keldeo|Hydro Pump|p2a: Latios
|-resisted|p2a: Latios
|-damage|p2a: Latios|100\/301
|
|turn|15
|join|Avarice87
|c|âHenry|how am i supposed to win if none of my attacks land
|
|switch|p1a: Tangrowth|Tangrowth, M|404\/404
|-damage|p1a: Tangrowth|354\/404|[from] Stealth Rock
|move|p2a: Latios|Draco Meteor|p1a: Tangrowth
|-damage|p1a: Tangrowth|85\/404
|-unboost|p2a: Latios|spa|2
|-damage|p2a: Latios|70\/301|[from] item: Life Orb
|
|turn|16
|c|âHenry|:(
|c|âJukain|ouch
|c|âJukain|this needs
|c|âJukain|max spdef
|c|âJukain|to work
|c|âJukain|fuck this
|
|switch|p1a: Diancie|Diancie-Mega|156\/241
|-damage|p1a: Diancie|126\/241|[from] Stealth Rock
|move|p2a: Latios|Earthquake|p1a: Diancie
|-supereffective|p1a: Diancie
|-damage|p1a: Diancie|0 fnt
|-damage|p2a: Latios|40\/301|[from] item: Life Orb
|faint|p1a: Diancie
|
|c|âJukain|i got
|c|âJukain|predicted.
|c|âHenry|god if only i could hit a move
|c|âHenry|tht wasnt 100% accurate
|
|switch|p1a: Gliscor|Gliscor, F|290\/354 tox
|-damage|p1a: Gliscor|246\/354 tox|[from] Stealth Rock
|turn|17
|c|âJukain|dam dude
|
|switch|p2a: Keldeo|Keldeo|323\/323
|-damage|p2a: Keldeo|303\/323|[from] Stealth Rock
|move|p1a: Gliscor|Roost|p1a: Gliscor
|-heal|p1a: Gliscor|354\/354 tox
|
|-heal|p2a: Keldeo|323\/323|[from] item: Leftovers
|turn|18
|c|âJukain|ud be impossible to stop
|c|âHenry|lol
|c|âJukain|LOL
|c|âHenry|totally !!!!
|c|âJukain|liar.
|
|switch|p1a: Latios|Latios, M|301\/301
|-damage|p1a: Latios|264\/301|[from] Stealth Rock
|move|p2a: Keldeo|Calm Mind|p2a: Keldeo
|-boost|p2a: Keldeo|spa|1
|-boost|p2a: Keldeo|spd|1
|
|turn|19
|join|etaoi
|c|âJukain|plays.
|c|âJukain|ha
|c|âHenry|im a good pokemon player
|c|âJukain|im hp firing g
|
|switch|p2a: Metagross|Metagross-Mega|284\/302
|-damage|p2a: Metagross|266\/302|[from] Stealth Rock
|move|p1a: Latios|Psyshock|p2a: Metagross
|-resisted|p2a: Metagross
|-damage|p2a: Metagross|234\/302
|-damage|p1a: Latios|234\/301|[from] item: Life Orb
|
|turn|20
|c|âJukain|lol
|
|move|p2a: Metagross|Pursuit|p1a: Latios|[from]Pursuit
|-supereffective|p1a: Latios
|-damage|p1a: Latios|0 fnt
|faint|p1a: Latios
|
|c|âHenry|shittttttt dude
|c|âJukain|HM
|c| etaoi|kid you
|c| etaoi|laughed at my pursuit meta
|c| etaoi|:\
|
|switch|p1a: Gliscor|Gliscor, F|354\/354 tox
|-damage|p1a: Gliscor|310\/354 tox|[from] Stealth Rock
|turn|21
|c|âJukain|im getting memed
|c|âJukain|in this instance
|c|âHenry|at this moment
|c|âHenry|i am meme
|
|switch|p2a: Keldeo|Keldeo|323\/323
|-damage|p2a: Keldeo|303\/323|[from] Stealth Rock
|move|p1a: Gliscor|Earthquake|p2a: Keldeo
|-damage|p2a: Keldeo|186\/323
|
|-heal|p2a: Keldeo|206\/323|[from] item: Leftovers
|-heal|p1a: Gliscor|354\/354 tox|[from] ability: Poison Heal
|turn|22
|c| etaoi|I am become meme
|c| Avarice87|Good battle thus far
|c| etaoi|kekker of lels
|
|switch|p2a: Latios|Latios, M|40\/301
|-damage|p2a: Latios|3\/301|[from] Stealth Rock
|switch|p1a: Tangrowth|Tangrowth, M|219\/404
|-damage|p1a: Tangrowth|169\/404|[from] Stealth Rock
|
|turn|23
|c|âHenry|ahhhh yes
|c|âHenry|what dies
|c|âHenry|perfect
|
|switch|p1a: Gengar|Gengar, F|261\/261
|-damage|p1a: Gengar|229\/261|[from] Stealth Rock
|move|p2a: Latios|Draco Meteor|p1a: Gengar
|-damage|p1a: Gengar|0 fnt
|-unboost|p2a: Latios|spa|2
|-damage|p2a: Latios|0 fnt|[from] item: Life Orb
|faint|p1a: Gengar
|faint|p2a: Latios
|
|c|âJukain|SHIT
|c|âJukain|I CLICKED
|c|âJukain|KELDEO
|c|âHenry|nah u clicked gengar
|c|âJukain|nice job showdown
|c|âJukain|,
|c|âJukain|well ok
|c|âJukain|this is lookin 2 be
|c|âJukain|slightly less of a snackwrap
|
|switch|p2a: Raikou|Raikou|321\/321
|switch|p1a: Gliscor|Gliscor, F|354\/354 tox
|-damage|p2a: Raikou|281\/321|[from] Stealth Rock
|-ability|p2a: Raikou|Pressure
|-damage|p1a: Gliscor|310\/354 tox|[from] Stealth Rock
|turn|24
|c|âJukain|based on the current situation
|
|switch|p1a: Keldeo|Keldeo|283\/323
|-damage|p1a: Keldeo|263\/323|[from] Stealth Rock
|move|p2a: Raikou|Hidden Power|p1a: Keldeo
|-resisted|p1a: Keldeo
|-damage|p1a: Keldeo|229\/323
|
|-heal|p2a: Raikou|301\/321|[from] item: Leftovers
|turn|25
|
|switch|p1a: Tangrowth|Tangrowth, M|303\/404
|-damage|p1a: Tangrowth|253\/404|[from] Stealth Rock
|move|p2a: Raikou|Thunderbolt|p1a: Tangrowth
|-resisted|p1a: Tangrowth
|-damage|p1a: Tangrowth|192\/404
|
|-heal|p2a: Raikou|321\/321|[from] item: Leftovers
|turn|26
|c|âJukain|ugh shit
|c|âJukain|ur calm mind
|
|move|p2a: Raikou|Substitute|p2a: Raikou
|-start|p2a: Raikou|Substitute
|-damage|p2a: Raikou|241\/321
|move|p1a: Tangrowth|Knock Off|p2a: Raikou
|-end|p2a: Raikou|Substitute
|
|-heal|p2a: Raikou|261\/321|[from] item: Leftovers
|turn|27
|
|move|p2a: Raikou|Calm Mind|p2a: Raikou
|-boost|p2a: Raikou|spa|1
|-boost|p2a: Raikou|spd|1
|move|p1a: Tangrowth|Knock Off|p2a: Raikou
|-damage|p2a: Raikou|163\/321
|-enditem|p2a: Raikou|Leftovers|[from] move: Knock Off|[of] p1a: Tangrowth
|
|turn|28
|
|move|p2a: Raikou|Substitute|p2a: Raikou
|-start|p2a: Raikou|Substitute
|-damage|p2a: Raikou|83\/321
|move|p1a: Tangrowth|Rock Slide|p2a: Raikou
|-end|p2a: Raikou|Substitute
|
|turn|29
|c|âHenry|why does that do so much
|
|move|p2a: Raikou|Hidden Power|p1a: Tangrowth
|-supereffective|p1a: Tangrowth
|-damage|p1a: Tangrowth|32\/404
|move|p1a: Tangrowth|Rock Slide|p2a: Raikou
|-miss|p1a: Tangrowth|p2a: Raikou
|
|turn|30
|c|âJukain|LOL
|c|âHenry|beautiful
|c|âJukain|die in a pit of fire
|c|âHenry|im not convinced
|c|âHenry|you didnt deserve that
|c| Avarice87|Does that thing learn Earthquake Jukain?
|
|switch|p1a: Keldeo|Keldeo|229\/323
|-damage|p1a: Keldeo|209\/323|[from] Stealth Rock
|move|p2a: Raikou|Thunderbolt|p1a: Keldeo
|-supereffective|p1a: Keldeo
|-damage|p1a: Keldeo|0 fnt
|faint|p1a: Keldeo
|
|c| Avarice87|No right?
|c|âHenry|BOOM
|c|âHenry|u thought u had this game didnt you
|
|switch|p1a: Tangrowth|Tangrowth, M|166\/404
|-damage|p1a: Tangrowth|116\/404|[from] Stealth Rock
|turn|31
|c|âJukain|i have been
|leave|Ill leave
|c|âJukain|outhaxed.
|c|âJukain|by the lord haxer himself
|c|âJukain|after haxing
|
|move|p2a: Raikou|Calm Mind|p2a: Raikou
|-boost|p2a: Raikou|spa|1
|-boost|p2a: Raikou|spd|1
|move|p1a: Tangrowth|Rock Slide|p2a: Raikou
|-damage|p2a: Raikou|1\/321
|
|turn|32
|c|âJukain|lol
|c|âHenry|see frend
|c|âJukain|u tryna let me think i have a chance
|c|âHenry|miss didnt matter
|
|move|p2a: Raikou|Hidden Power|p1a: Tangrowth
|-supereffective|p1a: Tangrowth
|-damage|p1a: Tangrowth|0 fnt
|faint|p1a: Tangrowth
|
|c|âJukain|or something
|c|âJukain|miss hp ice
|c|âJukain|im bright powder
|
|switch|p1a: Gliscor|Gliscor, F|310\/354 tox
|-damage|p1a: Gliscor|266\/354 tox|[from] Stealth Rock
|turn|33
|c|âHenry|rby miss
|
|move|p2a: Raikou|Hidden Power|p1a: Gliscor
|-crit|p1a: Gliscor
|-supereffective|p1a: Gliscor
|-damage|p1a: Gliscor|0 fnt
|faint|p1a: Gliscor
|
|win|Henry
|c|âHenry|:(
|c|âHenry|gg
|join|Professional 01
|c|âJukain|it appears
|c|âJukain|gg
|leave|Avarice87
|c|âJukain|i have managed
|c|âJukain|to make the most lati weak team
|c|âJukain|in the game of pokemon.
|c|âHenry|lololol
|c|âHenry|kinda
|c|âJukain|i should rectify this situation.