|inactive|Battle timer is ON: inactive players will automatically lose when time's up.
|J|Jukain
|J|WhiteQueen
|player|p1|Jukain|291
|player|p2|WhiteQueen|101
|gametype|singles
|gen|6
|tier|OU
|clearpoke
|poke|p1|Charizard, F
|poke|p1|Tentacruel, F
|poke|p1|Tyranitar, F
|poke|p1|Celebi
|poke|p1|Gliscor, F
|poke|p1|Clefable, M
|poke|p2|Garchomp, M
|poke|p2|Tornadus-Therian, M
|poke|p2|Skarmory, M
|poke|p2|Slowbro, F
|poke|p2|Raikou
|poke|p2|Clefable, F
|rule|Swagger Clause: Swagger is banned
|rule|Baton Pass Clause: Limit one PokÃ©mon knowing Baton Pass
|rule|Sleep Clause Mod: Limit one foe put to sleep
|rule|Species Clause: Limit one of each PokÃ©mon
|rule|OHKO Clause: OHKO moves are banned
|rule|Moody Clause: Moody is banned
|rule|Evasion Moves Clause: Evasion moves are banned
|rule|Endless Battle Clause: Forcing endless battles is banned
|rule|HP Percentage Mod: HP is shown in percentages
|teampreview
|J|Dice
|J|Qwilphish
|J|iMeridian
|J|Son of Zeusss
|J|iris
|c|âJukain|hf
|J|mael oo
|J|Reymedy
|J|Hack
|J|Zamrock
|c|âWhiteQueen|u2
|c|+Dice|omg wq
|c|+Dice|i luv u
|c|+Son of Zeusss|what is this for? 4fun?
|J|GGamer745
|J|MoxieInfinite
|J|FORTUNE
|J|craing ;_;
|c|âWhiteQueen|dice boo thang
|J|Tesung
|J|ULT Christo
|c|+MoxieInfinite|release isnt it?
|J|gizmo
|c|âJukain|y
|J|Mencemeat
|
|start
|switch|p1a: Clefable|Clefable, M|393\/393
|switch|p2a: Tornadus-Therian|Tornadus-Therian, M|351\/351
|turn|1
|J|bomber
|L|bomber
|J|McMeghan
|J|Quaggsterrr
|L|Zamrock
|J|Ginku
|J|BalloonRotom
|
|move|p2a: Tornadus-Therian|U-turn|p1a: Clefable
|-resisted|p1a: Clefable
|-damage|p1a: Clefable|368\/393
|J|HaxW.We R DNA
|
|switch|p2a: Clefable|Clefable, F|394\/394
|move|p1a: Clefable|Stealth Rock|p2a: Clefable
|-sidestart|p2: WhiteQueen|move: Stealth Rock
|
|-heal|p1a: Clefable|392\/393|[from] item: Leftovers
|turn|2
|J|the Jaiho
|
|switch|p1a: Tentacruel|Tentacruel, F|364\/364
|move|p2a: Clefable|Stealth Rock|p1a: Tentacruel
|-sidestart|p1: Jukain|move: Stealth Rock
|
|turn|3
|J|Rodri18
|c|+gizmo|if jukain wins round robin resets?
|J|Fireburn
|J|cum stockings
|J|4trackboy
|J|Piexplode
|
|move|p1a: Tentacruel|Rapid Spin|p2a: Clefable
|-crit|p2a: Clefable
|-damage|p2a: Clefable|376\/394
|-sideend|p1: Jukain|Stealth Rock|[from] move: Rapid Spin|[of] p1a: Tentacruel
|move|p2a: Clefable|Thunder Wave|p1a: Tentacruel
|-status|p1a: Tentacruel|par
|
|-heal|p2a: Clefable|394\/394|[from] item: Leftovers
|turn|4
|J|Praj.pran
|J|Goddess Martel
|
|move|p2a: Clefable|Stealth Rock|p1a: Tentacruel
|-sidestart|p1: Jukain|move: Stealth Rock
|move|p1a: Tentacruel|Toxic Spikes|p2a: Clefable
|-sidestart|p2: WhiteQueen|move: Toxic Spikes
|
|turn|5
|L|Fireburn
|
|switch|p2a: Tornadus-Therian|Tornadus-Therian, M|351\/351
|-damage|p2a: Tornadus-Therian|264\/351|[from] Stealth Rock
|cant|p1a: Tentacruel|par
|
|turn|6
|
|switch|p1a: Clefable|Clefable, M|392\/393
|move|p2a: Tornadus-Therian|Knock Off|p1a: Clefable
|-resisted|p1a: Clefable
|-damage|p1a: Clefable|354\/393
|-enditem|p1a: Clefable|Leftovers|[from] move: Knock Off|[of] p2a: Tornadus-Therian
|
|turn|7
|J|arnyyr
|J|Cosine180
|J|DennisEG
|J|silverbackkap
|
|move|p2a: Tornadus-Therian|U-turn|p1a: Clefable
|-resisted|p1a: Clefable
|-damage|p1a: Clefable|328\/393
|J|ampd302
|J|Brazilian Army
|J|NagariHO
|J|IAmGIngy
|L|Piexplode
|L|Qwilphish
|L|DennisEG
|J|c1one
|
|switch|p2a: Skarmory|Skarmory, M|333\/333
|-damage|p2a: Skarmory|292\/333|[from] Stealth Rock
|move|p1a: Clefable|Moonblast|p2a: Skarmory
|-resisted|p2a: Skarmory
|-damage|p2a: Skarmory|247\/333
|-unboost|p2a: Skarmory|spa|1
|
|turn|8
|J|leremyju
|J|Fedayi
|J|Henry
|J|yrs
|J|Qwilphish
|c|+Brazilian Army|is that for what?
|J|rob
|J|pistolero
|J|haunter
|
|move|p2a: Skarmory|Defog|p1a: Clefable
|-unboost|p1a: Clefable|evasion|1
|-sideend|p1: Jukain|Stealth Rock|[from] move: Defog|[of] p1a: Clefable
|-sideend|p2: WhiteQueen|Toxic Spikes|[from] move: Defog|[of] p2a: Skarmory
|-sideend|p2: WhiteQueen|Stealth Rock|[from] move: Defog|[of] p2a: Skarmory
|move|p1a: Clefable|Fire Blast|p2a: Skarmory
|-supereffective|p2a: Skarmory
|-damage|p2a: Skarmory|83\/333
|
|turn|9
|J|Stathakis
|c|+pistolero|nice team whitequeen
|c|+pistolero|:)
|J|fran17
|
|switch|p1a: Charizard|Charizard, F|297\/297
|move|p2a: Skarmory|Roost|p2a: Skarmory
|-heal|p2a: Skarmory|250\/333
|
|turn|10
|J|Yogiras
|
|switch|p2a: Garchomp|Garchomp, M|419\/419
|detailschange|p1a: Charizard|Charizard-Mega-Y, F
|-mega|p1a: Charizard|Charizard|Charizardite Y
|-weather|SunnyDay
|move|p1a: Charizard|Solar Beam|p2a: Garchomp|[still]
|-prepare|p1a: Charizard|Solar Beam|p2a: Garchomp
|-anim|p1a: Charizard|Solar Beam|p2a: Garchomp
|-crit|p2a: Garchomp
|-damage|p2a: Garchomp|206\/419
|
|-weather|SunnyDay|[upkeep]
|-heal|p2a: Garchomp|232\/419|[from] item: Leftovers
|turn|11
|J|fingerscrossed
|J|Yuttt.mackerel
|c|+Brazilian Army|that is the first time
|c|+Son of Zeusss|cool counter
|L|Yogiras
|
|move|p1a: Charizard|Solar Beam|p2a: Garchomp|[still]
|-prepare|p1a: Charizard|Solar Beam|p2a: Garchomp
|-anim|p1a: Charizard|Solar Beam|p2a: Garchomp
|-damage|p2a: Garchomp|95\/419
|move|p2a: Garchomp|Rest|p2a: Garchomp
|-status|p2a: Garchomp|slp
|-heal|p2a: Garchomp|419\/419 slp|[silent]
|-status|p2a: Garchomp|slp|[from] move: Rest
|
|-weather|SunnyDay|[upkeep]
|turn|12
|J|Noriya
|c|+Qwilphish|oml
|c|+gizmo|ah
|c| NagariHO|oml
|
|switch|p1a: Gliscor|Gliscor, F|354\/354
|cant|p2a: Garchomp|slp
|move|p2a: Garchomp|Sleep Talk|p2a: Garchomp
|move|p2a: Garchomp|Rest|p2a: Garchomp|[from]Sleep Talk
|-fail|p2a: Garchomp
|
|-weather|SunnyDay|[upkeep]
|-status|p1a: Gliscor|tox|[from] item: Toxic Orb
|turn|13
|J|cbt
|J|Fireburn
|
|switch|p1a: Charizard|Charizard-Mega-Y, F|297\/297
|switch|p2a: Skarmory|Skarmory, M|250\/333
|
|-weather|SunnyDay|[upkeep]
|turn|14
|c| NagariHO|pretty innovative
|c|+Brazilian Army|I See WQ using  a team
|
|switch|p1a: Clefable|Clefable, M|328\/393
|switch|p2a: Garchomp|Garchomp, M|419\/419 slp
|
|-weather|none
|turn|15
|c|+fingerscrossed|yum
|c|+fingerscrossed|god damn
|J|Omfuga
|
|switch|p2a: Skarmory|Skarmory, M|250\/333
|move|p1a: Clefable|Stealth Rock|p2a: Skarmory
|-sidestart|p2: WhiteQueen|move: Stealth Rock
|
|turn|16
|J|DennisEG
|c|+fingerscrossed|checked out the whitequeen book from the library 
|c|+Brazilian Army|without bad stuff like the Farm league ones
|c|+Brazilian Army|lol
|
|switch|p1a: Tentacruel|Tentacruel, F|364\/364 par
|move|p2a: Skarmory|Defog|p1a: Tentacruel
|-unboost|p1a: Tentacruel|evasion|1
|-sideend|p2: WhiteQueen|Stealth Rock|[from] move: Defog|[of] p2a: Skarmory
|
|turn|17
|J|bit.ly\/1yZr1oz
|J|Clockwatch
|
|switch|p2a: Tornadus-Therian|Tornadus-Therian, M|351\/351
|move|p1a: Tentacruel|Toxic Spikes|p2a: Tornadus-Therian
|-sidestart|p2: WhiteQueen|move: Toxic Spikes
|
|turn|18
|J|trash
|
|switch|p1a: Charizard|Charizard-Mega-Y, F|297\/297
|-weather|SunnyDay
|move|p2a: Tornadus-Therian|Hurricane|p1a: Charizard|[miss]
|-miss|p2a: Tornadus-Therian|p1a: Charizard
|
|-weather|SunnyDay|[upkeep]
|turn|19
|
|move|p2a: Tornadus-Therian|U-turn|p1a: Charizard
|-resisted|p1a: Charizard
|-damage|p1a: Charizard|282\/297
|
|switch|p2a: Garchomp|Garchomp, M|419\/419 slp
|move|p1a: Charizard|Flamethrower|p2a: Garchomp
|-resisted|p2a: Garchomp
|-damage|p2a: Garchomp|287\/419 slp
|
|-weather|SunnyDay|[upkeep]
|-heal|p2a: Garchomp|313\/419 slp|[from] item: Leftovers
|turn|20
|
|switch|p1a: Clefable|Clefable, M|328\/393
|cant|p2a: Garchomp|slp
|move|p2a: Garchomp|Sleep Talk|p2a: Garchomp
|move|p2a: Garchomp|Rest|p2a: Garchomp|[from]Sleep Talk
|-fail|p2a: Garchomp
|
|-weather|SunnyDay|[upkeep]
|-heal|p2a: Garchomp|339\/419 slp|[from] item: Leftovers
|turn|21
|J|Teremiare
|
|switch|p2a: Clefable|Clefable, F|394\/394
|-status|p2a: Clefable|psn
|move|p1a: Clefable|Stealth Rock|p2a: Clefable
|-sidestart|p2: WhiteQueen|move: Stealth Rock
|
|-weather|SunnyDay|[upkeep]
|turn|22
|
|switch|p1a: Tentacruel|Tentacruel, F|364\/364 par
|move|p2a: Clefable|Stealth Rock|p1a: Tentacruel
|-sidestart|p1: Jukain|move: Stealth Rock
|
|-weather|none
|turn|23
|J|Imanalt
|J|ZoroDark
|
|switch|p2a: Tornadus-Therian|Tornadus-Therian, M|351\/351
|-damage|p2a: Tornadus-Therian|264\/351|[from] Stealth Rock
|move|p1a: Tentacruel|Rapid Spin|p2a: Tornadus-Therian
|-damage|p2a: Tornadus-Therian|251\/351
|-sideend|p1: Jukain|Stealth Rock|[from] move: Rapid Spin|[of] p1a: Tentacruel
|
|turn|24
|J|Tom Bus
|L|Tom Bus
|L|Omfuga
|J|Dark_380
|
|switch|p1a: Charizard|Charizard-Mega-Y, F|282\/297
|-weather|SunnyDay
|move|p2a: Tornadus-Therian|Hurricane|p1a: Charizard
|-damage|p1a: Charizard|152\/297
|
|-weather|SunnyDay|[upkeep]
|turn|25
|
|move|p2a: Tornadus-Therian|Hurricane|p1a: Charizard|[miss]
|-miss|p2a: Tornadus-Therian|p1a: Charizard
|move|p1a: Charizard|Roost|p1a: Charizard
|-heal|p1a: Charizard|297\/297
|
|-weather|SunnyDay|[upkeep]
|turn|26
|c|+Son of Zeusss|weak dmg
|
|move|p2a: Tornadus-Therian|U-turn|p1a: Charizard
|-crit|p1a: Charizard
|-resisted|p1a: Charizard
|-damage|p1a: Charizard|274\/297
|L|the Jaiho
|J|Alth
|J|uufgjhf
|J|Thetwinmasters
|J|the Jaiho
|J|El-Soldier
|L|Thetwinmasters
|J|TRC
|J|Yogiras
|J|Mistaken
|J|vilest vileplume
|
|switch|p2a: Raikou|Raikou|321\/321
|-status|p2a: Raikou|psn
|-damage|p2a: Raikou|281\/321 psn|[from] Stealth Rock
|-ability|p2a: Raikou|Pressure
|move|p1a: Charizard|Flamethrower|p2a: Raikou
|-damage|p2a: Raikou|95\/321 psn
|
|-weather|SunnyDay|[upkeep]
|-damage|p2a: Raikou|55\/321 psn|[from] psn
|turn|27
|J|Dread Arceus
|J|RiCH HOMiE CHRiS
|L|TRC
|L|RiCH HOMiE CHRiS
|
|switch|p2a: Tornadus-Therian|Tornadus-Therian, M|351\/351
|-damage|p2a: Tornadus-Therian|264\/351|[from] Stealth Rock
|switch|p1a: Celebi|Celebi|404\/404
|
|-weather|SunnyDay|[upkeep]
|turn|28
|J|TRC
|
|switch|p1a: Clefable|Clefable, M|328\/393
|move|p2a: Tornadus-Therian|Hurricane|p1a: Clefable|[miss]
|-miss|p2a: Tornadus-Therian|p1a: Clefable
|
|-weather|none
|turn|29
|
|switch|p1a: Charizard|Charizard-Mega-Y, F|274\/297
|-weather|SunnyDay
|move|p2a: Tornadus-Therian|Hurricane|p1a: Charizard|[miss]
|-miss|p2a: Tornadus-Therian|p1a: Charizard
|
|-weather|SunnyDay|[upkeep]
|turn|30
|L|vilest vileplume
|J|Moony
|J|Ren-chon
|
|move|p2a: Tornadus-Therian|Hurricane|p1a: Charizard
|-damage|p1a: Charizard|154\/297
|move|p1a: Charizard|Flamethrower|p2a: Tornadus-Therian
|-damage|p2a: Tornadus-Therian|27\/351
|
|-weather|SunnyDay|[upkeep]
|turn|31
|J|KUNG FU TANGA
|L|TRC
|L|fran17
|
|move|p2a: Tornadus-Therian|Hurricane|p1a: Charizard
|-damage|p1a: Charizard|25\/297
|move|p1a: Charizard|Roost|p1a: Charizard
|-heal|p1a: Charizard|174\/297
|
|-weather|SunnyDay|[upkeep]
|turn|32
|
|move|p2a: Tornadus-Therian|Hurricane|p1a: Charizard
|-damage|p1a: Charizard|42\/297
|move|p1a: Charizard|Roost|p1a: Charizard
|-heal|p1a: Charizard|191\/297
|
|-weather|SunnyDay|[upkeep]
|turn|33
|
|move|p2a: Tornadus-Therian|Hurricane|p1a: Charizard
|-damage|p1a: Charizard|62\/297
|move|p1a: Charizard|Flamethrower|p2a: Tornadus-Therian
|-damage|p2a: Tornadus-Therian|0 fnt
|faint|p2a: Tornadus-Therian
|
|-weather|none
|c|+Son of Zeusss|no guard is here
|
|switch|p2a: Clefable|Clefable, F|394\/394 psn
|turn|34
|J|Le Austin
|
|switch|p1a: Tentacruel|Tentacruel, F|364\/364 par
|move|p2a: Clefable|Stealth Rock|p1a: Tentacruel
|-sidestart|p1: Jukain|move: Stealth Rock
|
|turn|35
|J|Novaray
|
|move|p2a: Clefable|Moonblast|p1a: Tentacruel
|-resisted|p1a: Tentacruel
|-damage|p1a: Tentacruel|317\/364 par
|move|p1a: Tentacruel|Rapid Spin|p2a: Clefable
|-damage|p2a: Clefable|381\/394 psn
|-sideend|p1: Jukain|Stealth Rock|[from] move: Rapid Spin|[of] p1a: Tentacruel
|
|-heal|p2a: Clefable|394\/394 psn|[from] item: Leftovers
|-heal|p1a: Tentacruel|339\/364 par|[from] item: Black Sludge
|turn|36
|J|Hawkstar
|c|+Dread Arceus|what is this for
|
|move|p2a: Clefable|Stealth Rock|p1a: Tentacruel
|-sidestart|p1: Jukain|move: Stealth Rock
|move|p1a: Tentacruel|Acid Spray|p2a: Clefable
|-supereffective|p2a: Clefable
|-damage|p2a: Clefable|320\/394 psn
|-unboost|p2a: Clefable|spd|2
|
|-heal|p2a: Clefable|344\/394 psn|[from] item: Leftovers
|-heal|p1a: Tentacruel|361\/364 par|[from] item: Black Sludge
|turn|37
|c|+c1one|oras release
|L|KUNG FU TANGA
|c|+Dread Arceus|o
|
|move|p2a: Clefable|Moonblast|p1a: Tentacruel
|-resisted|p1a: Tentacruel
|-damage|p1a: Tentacruel|313\/364 par
|move|p1a: Tentacruel|Rapid Spin|p2a: Clefable
|-damage|p2a: Clefable|331\/394 psn
|-sideend|p1: Jukain|Stealth Rock|[from] move: Rapid Spin|[of] p1a: Tentacruel
|
|-heal|p2a: Clefable|355\/394 psn|[from] item: Leftovers
|-heal|p1a: Tentacruel|335\/364 par|[from] item: Black Sludge
|turn|38
|
|move|p2a: Clefable|Moonblast|p1a: Tentacruel
|-crit|p1a: Tentacruel
|-resisted|p1a: Tentacruel
|-damage|p1a: Tentacruel|267\/364 par
|-unboost|p1a: Tentacruel|spa|1
|move|p1a: Tentacruel|Acid Spray|p2a: Clefable
|-supereffective|p2a: Clefable
|-damage|p2a: Clefable|259\/394 psn
|-unboost|p2a: Clefable|spd|2
|
|-heal|p2a: Clefable|283\/394 psn|[from] item: Leftovers
|-heal|p1a: Tentacruel|289\/364 par|[from] item: Black Sludge
|turn|39
|L|Novaray
|J|Lockheeed
|
|move|p2a: Clefable|Thunder Wave|p1a: Tentacruel
|-fail|p1a: Tentacruel|par
|move|p1a: Tentacruel|Acid Spray|p2a: Clefable
|-supereffective|p2a: Clefable
|-damage|p2a: Clefable|133\/394 psn
|-unboost|p2a: Clefable|spd|2
|
|-heal|p2a: Clefable|157\/394 psn|[from] item: Leftovers
|-heal|p1a: Tentacruel|311\/364 par|[from] item: Black Sludge
|turn|40
|
|switch|p2a: Skarmory|Skarmory, M|250\/333
|-damage|p2a: Skarmory|209\/333|[from] Stealth Rock
|move|p1a: Tentacruel|Acid Spray|p2a: Skarmory
|-immune|p2a: Skarmory|[msg]
|
|-heal|p1a: Tentacruel|333\/364 par|[from] item: Black Sludge
|turn|41
|L|Hawkstar
|
|move|p2a: Skarmory|Defog|p1a: Tentacruel
|-unboost|p1a: Tentacruel|evasion|1
|-sideend|p2: WhiteQueen|Toxic Spikes|[from] move: Defog|[of] p2a: Skarmory
|-sideend|p2: WhiteQueen|Stealth Rock|[from] move: Defog|[of] p2a: Skarmory
|cant|p1a: Tentacruel|par
|
|-heal|p1a: Tentacruel|355\/364 par|[from] item: Black Sludge
|turn|42
|
|switch|p2a: Slowbro|Slowbro, F|393\/393
|switch|p1a: Tyranitar|Tyranitar, F|341\/341
|-weather|Sandstorm
|
|-weather|Sandstorm|[upkeep]
|-damage|p2a: Slowbro|369\/393|[from] sandstorm
|turn|43
|L|Ren-chon
|L|BalloonRotom
|
|switch|p1a: Celebi|Celebi|404\/404
|detailschange|p2a: Slowbro|Slowbro-Mega, F
|-mega|p2a: Slowbro|Slowbro|Slowbronite
|move|p2a: Slowbro|Calm Mind|p2a: Slowbro
|-boost|p2a: Slowbro|spa|1
|-boost|p2a: Slowbro|spd|1
|
|-weather|Sandstorm|[upkeep]
|-damage|p1a: Celebi|379\/404|[from] sandstorm
|-damage|p2a: Slowbro|345\/393|[from] sandstorm
|-heal|p1a: Celebi|404\/404|[from] item: Leftovers
|turn|44
|
|move|p1a: Celebi|Nasty Plot|p1a: Celebi
|-boost|p1a: Celebi|spa|2
|move|p2a: Slowbro|Slack Off|p2a: Slowbro
|-heal|p2a: Slowbro|393\/393
|
|-weather|Sandstorm|[upkeep]
|-damage|p1a: Celebi|379\/404|[from] sandstorm
|-damage|p2a: Slowbro|369\/393|[from] sandstorm
|-heal|p1a: Celebi|404\/404|[from] item: Leftovers
|turn|45
|c|âWhiteQueen|lol damn
|c|âWhiteQueen|i can't beat this gg
|-message|WhiteQueen forfeited.
|
|win|Jukain
|L|WhiteQueen
|player|p2
|c|âJukain|gg
|L|craing ;_;
|L|Son of Zeusss
|L|silverbackkap
|L|cum stockings