|inactive|Battle timer is ON: inactive players will automatically lose when time's up.
|J|Jukain
|J|WhiteQueen
|player|p1|Jukain|291
|player|p2|WhiteQueen|101
|gametype|singles
|gen|6
|tier|OU
|clearpoke
|poke|p1|Politoed, M
|poke|p1|Swampert, F
|poke|p1|Latias, F
|poke|p1|Landorus-Therian, M
|poke|p1|Kingdra, F
|poke|p1|Ferrothorn, M
|poke|p2|Gothitelle, M
|poke|p2|Rotom-Wash
|poke|p2|Charizard, M
|poke|p2|Chansey, F
|poke|p2|Jirachi
|poke|p2|Mandibuzz, F
|rule|Swagger Clause: Swagger is banned
|rule|Baton Pass Clause: Limit one PokÃ©mon knowing Baton Pass
|rule|Sleep Clause Mod: Limit one foe put to sleep
|rule|Species Clause: Limit one of each PokÃ©mon
|rule|OHKO Clause: OHKO moves are banned
|rule|Moody Clause: Moody is banned
|rule|Evasion Moves Clause: Evasion moves are banned
|rule|Endless Battle Clause: Forcing endless battles is banned
|rule|HP Percentage Mod: HP is shown in percentages
|teampreview
|J|Imanalt
|J|trc
|J|Alth
|J|the Jaiho
|J|Praj.pran
|J|gizmo
|J|trash
|J|Son of Zeusss
|J|WECAMEASROMANS
|J|Dark_380
|J|Yogiras
|J|Qwilphish
|J|HaxW.We R DNA
|J|Rodri18
|J|DennisEG
|J|Fedayi
|L|the Jaiho
|c|+WECAMEASROMANS|g2?
|c|+trc|what game is this
|J|BalloonRotom
|c|+Son of Zeusss|y
|J|Mencemeat
|c|âJukain|2
|J|iris
|c|+trc|who won the first
|J|IAmGIngy
|c|âJukain|me
|J|rob
|J|pistolero
|c|+gizmo|the power up punch swampert
|J|Marshall.Law
|c|+gizmo|let's see it
|c|+trc|ok well
|J|Fireburn
|J|Yuttt
|J|user zf
|c|+pistolero|what are these
|J|4trackboy
|c|+pistolero|games for?
|c|+gizmo|coome throught jukain
|J|craing ;_;
|c|+trc|good luck both babes
|J|Updated Kanto
|J|Goddess Martel
|J|c1one
|J|Quaggsterrr
|J|Geotal
|c|+Updated Kanto|what is this for?
|J|silverbackkap
|J|mael oo
|c|+Yogiras|oras release
|
|start
|switch|p1a: Kingdra|Kingdra, F|291\/291
|switch|p2a: Mandibuzz|Mandibuzz, F|423\/423
|turn|1
|J|Stockings
|c|+trc|but if xtra beats wq this is irrelevant
|c|+trc|why didn't you play that first ;_;
|c|+pistolero|is this the final?
|J|GGamer745
|J|leremyju
|J|ULT TewMew
|J|FORTUNE
|L|Updated Kanto
|c|+leremyju|round robin
|L|Stockings
|J|A2tehBR
|J|Bluwing
|J|McMeghan
|L|silverbackkap
|L|leremyju
|c|+rob|xtra won't win
|c|+Bluwing|lol
|c|âWhiteQueen|time jukain
|J|elastico
|J|Xau Maicus
|L|FORTUNE
|J|haunter
|c|+IAmGIngy|hes obv dcd
|c|&McMeghan|timer off wq?
|c|âJukain|ok
|c|âWhiteQueen|i can't do it
|
|switch|p2a: Chansey|Chansey, F|703\/703
|move|p1a: Kingdra|Scald|p2a: Chansey
|-damage|p2a: Chansey|591\/703
|-status|p2a: Chansey|brn
|
|-damage|p2a: Chansey|504\/703 brn|[from] brn
|turn|2
|c|+pistolero|:\/
|c|+pistolero|:)
|c|+Yuttt|timerstalling
|c|âJukain|my internet
|c|âJukain|suicided
|
|switch|p1a: Ferrothorn|Ferrothorn, M|352\/352
|move|p2a: Chansey|Stealth Rock|p1a: Ferrothorn
|-sidestart|p1: Jukain|move: Stealth Rock
|
|-damage|p2a: Chansey|417\/703 brn|[from] brn
|turn|3
|c|+IAmGIngy|holy shit that was close
|c|+IAmGIngy|lmao
|c|+Yuttt|maybe he's RNGing for scald burns
|J|MiXXX
|
|switch|p2a: Charizard|Charizard, M|333\/333
|move|p1a: Ferrothorn|Stealth Rock|p2a: Charizard
|-sidestart|p2: WhiteQueen|move: Stealth Rock
|
|turn|4
|L|MiXXX
|
|switch|p1a: Latias|Latias, F|301\/301
|-damage|p1a: Latias|264\/301|[from] Stealth Rock
|detailschange|p2a: Charizard|Charizard-Mega-X, M
|-mega|p2a: Charizard|Charizard|Charizardite X
|move|p2a: Charizard|Dragon Claw|p1a: Latias
|-supereffective|p1a: Latias
|-damage|p1a: Latias|0 fnt
|faint|p1a: Latias
|
|c|+pistolero|mcmeghan
|c|+pistolero|have you ever talked to zarel about a battle recreator?
|c|+WECAMEASROMANS|oof
|
|switch|p1a: Kingdra|Kingdra, F|291\/291
|-damage|p1a: Kingdra|255\/291|[from] Stealth Rock
|turn|5
|c|+pistolero|like idk you could save the match to be reacreated, but only have leadrs be able to do it?
|L|BalloonRotom
|J|Da Raikage
|
|switch|p2a: Chansey|Chansey, F|417\/703
|-damage|p2a: Chansey|330\/703|[from] Stealth Rock
|switch|p1a: Landorus-Therian|Landorus-Therian, M|319\/319
|-damage|p1a: Landorus-Therian|280\/319|[from] Stealth Rock
|-ability|p1a: Landorus-Therian|Intimidate|[of] p2a: Chansey
|-unboost|p2a: Chansey|atk|1
|
|turn|6
|J|BalloonRotom
|L|BalloonRotom
|J|Laurel
|
|switch|p2a: Rotom-Wash|Rotom-Wash|303\/303
|-damage|p2a: Rotom-Wash|266\/303|[from] Stealth Rock
|move|p1a: Landorus-Therian|Earthquake|p2a: Rotom-Wash
|-immune|p2a: Rotom-Wash|[msg]
|
|-heal|p2a: Rotom-Wash|284\/303|[from] item: Leftovers
|turn|7
|J|BalloonRotom
|J|FORTUNE
|
|move|p1a: Landorus-Therian|Stone Edge|p2a: Rotom-Wash|[miss]
|-miss|p1a: Landorus-Therian|p2a: Rotom-Wash
|move|p2a: Rotom-Wash|Volt Switch|p1a: Landorus-Therian
|-immune|p1a: Landorus-Therian|[msg]
|
|-heal|p2a: Rotom-Wash|302\/303|[from] item: Leftovers
|turn|8
|
|move|p1a: Landorus-Therian|Stone Edge|p2a: Rotom-Wash|[miss]
|-miss|p1a: Landorus-Therian|p2a: Rotom-Wash
|move|p2a: Rotom-Wash|Hydro Pump|p1a: Landorus-Therian
|-supereffective|p1a: Landorus-Therian
|-damage|p1a: Landorus-Therian|0 fnt
|faint|p1a: Landorus-Therian
|
|-heal|p2a: Rotom-Wash|303\/303|[from] item: Leftovers
|c|âJukain|lol come on
|
|switch|p1a: Politoed|Politoed, M|383\/383
|-damage|p1a: Politoed|336\/383|[from] Stealth Rock
|-weather|RainDance
|turn|9
|c|âWhiteQueen|that's like my hurricane last game
|
|move|p2a: Rotom-Wash|Hydro Pump|p1a: Politoed
|-resisted|p1a: Politoed
|-damage|p1a: Politoed|263\/383
|move|p1a: Politoed|Scald|p2a: Rotom-Wash
|-resisted|p2a: Rotom-Wash
|-damage|p2a: Rotom-Wash|240\/303
|
|-weather|RainDance|[upkeep]
|-heal|p2a: Rotom-Wash|258\/303|[from] item: Leftovers
|turn|10
|c|+IAmGIngy|except ur hurricane
|c|âJukain|50% accuracy in sun
|c|+IAmGIngy|is 50% accurate
|c|+IAmGIngy|._.
|
|move|p2a: Rotom-Wash|Hydro Pump|p1a: Politoed|[miss]
|-miss|p2a: Rotom-Wash|p1a: Politoed
|move|p1a: Politoed|Scald|p2a: Rotom-Wash
|-crit|p2a: Rotom-Wash
|-resisted|p2a: Rotom-Wash
|-damage|p2a: Rotom-Wash|160\/303
|-status|p2a: Rotom-Wash|brn
|
|-weather|RainDance|[upkeep]
|-heal|p2a: Rotom-Wash|178\/303 brn|[from] item: Leftovers
|-damage|p2a: Rotom-Wash|141\/303 brn|[from] brn
|turn|11
|J|MetaPhysical
|
|switch|p1a: Kingdra|Kingdra, F|255\/291
|-damage|p1a: Kingdra|219\/291|[from] Stealth Rock
|move|p2a: Rotom-Wash|Hydro Pump|p1a: Kingdra
|-resisted|p1a: Kingdra
|-damage|p1a: Kingdra|168\/291
|
|-weather|RainDance|[upkeep]
|-heal|p2a: Rotom-Wash|159\/303 brn|[from] item: Leftovers
|-damage|p2a: Rotom-Wash|122\/303 brn|[from] brn
|turn|12
|c|+Son of Zeusss|whats wq doin^?
|
|move|p1a: Kingdra|Hydro Pump|p2a: Rotom-Wash
|-resisted|p2a: Rotom-Wash
|-damage|p2a: Rotom-Wash|0 fnt
|faint|p2a: Rotom-Wash
|
|-weather|RainDance|[upkeep]
|J|PURRL
|
|switch|p2a: Chansey|Chansey, F|330\/703
|-damage|p2a: Chansey|243\/703|[from] Stealth Rock
|turn|13
|c|+Son of Zeusss|first swamp counter down..
|
|switch|p1a: Swampert|Swampert, F|345\/345
|-damage|p1a: Swampert|324\/345|[from] Stealth Rock
|move|p2a: Chansey|Soft-Boiled|p2a: Chansey
|-heal|p2a: Chansey|595\/703
|
|-weather|RainDance|[upkeep]
|turn|14
|c|+gizmo|power up
|c|+gizmo|punch
|c|+gizmo|lgi
|c|+Son of Zeusss|y
|J|Henry
|
|detailschange|p1a: Swampert|Swampert-Mega, F
|-mega|p1a: Swampert|Swampert|Swampertite
|move|p1a: Swampert|Waterfall|p2a: Chansey
|-damage|p2a: Chansey|240\/703
|move|p2a: Chansey|Seismic Toss|p1a: Swampert
|-damage|p1a: Swampert|224\/345
|
|-weather|RainDance|[upkeep]
|turn|15
|L|BalloonRotom
|
|switch|p2a: Mandibuzz|Mandibuzz, F|423\/423
|-damage|p2a: Mandibuzz|318\/423|[from] Stealth Rock
|move|p1a: Swampert|Waterfall|p2a: Mandibuzz
|-damage|p2a: Mandibuzz|149\/423
|
|-weather|RainDance|[upkeep]
|-heal|p2a: Mandibuzz|175\/423|[from] item: Leftovers
|turn|16
|J|double01
|c|+Son of Zeusss|low roll?
|c|âJukain|y
|
|move|p1a: Swampert|Waterfall|p2a: Mandibuzz
|-damage|p2a: Mandibuzz|0 fnt
|faint|p2a: Mandibuzz
|
|-weather|none
|J|bit.ly\/IqT6zt
|
|switch|p2a: Gothitelle|Gothitelle, M|281\/281
|-damage|p2a: Gothitelle|246\/281|[from] Stealth Rock
|turn|17
|
|move|p1a: Swampert|Waterfall|p2a: Gothitelle
|-damage|p2a: Gothitelle|66\/281
|move|p2a: Gothitelle|Psychic|p1a: Swampert
|-damage|p1a: Swampert|31\/345
|
|turn|18
|L|Henry
|J|Moony
|L|Marshall.Law
|J|BalloonRotom
|L|Mencemeat
|c|+Son of Zeusss|whitequeen 7\/10, serious? lol
|
|move|p1a: Swampert|Earthquake|p2a: Gothitelle
|-crit|p2a: Gothitelle
|-damage|p2a: Gothitelle|0 fnt
|faint|p2a: Gothitelle
|
|c|+Geotal|7.8*
|c|+Son of Zeusss|jukain 9-\/10
|
|switch|p2a: Charizard|Charizard-Mega-X, M|333\/333
|-damage|p2a: Charizard|250\/333|[from] Stealth Rock
|turn|19
|J|ULT Christo
|c|+WECAMEASROMANS|hope to god your hydros dont miss jukain
|c|+trc|hhuh
|
|switch|p1a: Politoed|Politoed, M|263\/383
|-damage|p1a: Politoed|216\/383|[from] Stealth Rock
|-weather|RainDance
|move|p2a: Charizard|Dragon Claw|p1a: Politoed
|-damage|p1a: Politoed|0 fnt
|faint|p1a: Politoed
|
|-weather|RainDance|[upkeep]
|c|+trc|he doesnt need that
|c|+trc|to win
|
|switch|p1a: Swampert|Swampert-Mega, F|31\/345
|-damage|p1a: Swampert|10\/345|[from] Stealth Rock
|turn|20
|c|+Geotal|he just spams eq
|c|+Son of Zeusss|y he needs
|c|+WECAMEASROMANS|oh
|c|+Yuttt|quick attack charizard
|c|+trc|???
|c|+Son of Zeusss|ah alive
|c|+Praj.pran|lol
|c|+WECAMEASROMANS|i thought pert died on the switch in
|c|+Son of Zeusss|jukain 10\/10
|c|+WECAMEASROMANS|im retarded
|c|+Praj.pran|quick attack
|c|+Son of Zeusss|no chanches
|c|+Praj.pran|zard x
|c|âWhiteQueen|i was gonna dd but i chickened out lolz
|c|âJukain|lol
|c|+WECAMEASROMANS|does +1 zard outspeed pert?
|c|âWhiteQueen|dd then dd again, obvx
|c| A2tehBR|depends
|c| A2tehBR|ada doesnt
|c|+Yuttt|jolly yeah wcar
|c|âJukain|it didnt matter tho
|J|Stathakis
|c| A2tehBR|jolly does
|c|âJukain|toed has encore
|c|+WECAMEASROMANS|yeah
|c|+WECAMEASROMANS|but if zard x outspeeds the pert
|
|move|p1a: Swampert|Earthquake|p2a: Charizard
|-supereffective|p2a: Charizard
|-damage|p2a: Charizard|0 fnt
|faint|p2a: Charizard
|
|-weather|RainDance|[upkeep]
|c|+WECAMEASROMANS|at +!
|c|+Son of Zeusss|10\/10 u can do nothin
|c|+WECAMEASROMANS|1
|J|namehtmas
|
|switch|p2a: Jirachi|Jirachi|341\/341
|-damage|p2a: Jirachi|320\/341|[from] Stealth Rock
|turn|21
|L|BalloonRotom
|c|+double01|it doesnt
|c| A2tehBR|shuca rachi
|
|move|p2a: Jirachi|Healing Wish|p2a: Jirachi
|faint|p2a: Jirachi
|move|p1a: Swampert|Earthquake|p2: Jirachi|[notarget]
|-notarget
|
|-weather|RainDance|[upkeep]
|c|âWhiteQueen|oh
|c|âJukain|o dang
|c|âWhiteQueen|fuk
|
|switch|p2a: Chansey|Chansey, F|240\/703
|-heal|p2a: Chansey|703\/703|[from] move: Healing Wish
|-damage|p2a: Chansey|616\/703|[from] Stealth Rock
|turn|22
|c|âWhiteQueen|my butt
|c|âJukain|lol
|J|xtraDOLLARshine
|c|+Geotal|damn
|c|âJukain|hmm
|J|BalloonRotom
|c|+trc|flinch
|J|Lockheeed
|c|+Son of Zeusss|ferro still wins
|c|+Geotal|can chansey even beat forr
|c|+Praj.pran|chansy can stall out
|
|move|p1a: Swampert|Waterfall|p2a: Chansey
|-damage|p2a: Chansey|276\/703
|cant|p2a: Chansey|flinch
|
|-weather|RainDance|[upkeep]
|turn|23
|c|+Geotal|rip
|c|+Praj.pran|nvm
|c|+FORTUNE|lOL
|c|+xtraDOLLARshine|rofl
|c|+Praj.pran|gg
|c|+Son of Zeusss|lawl
|c|+WECAMEASROMANS|that sucks
|c|+Geotal|lmao
|c|+trc|LOL
|c|+Stathakis|jaja
|c|+Praj.pran|xtra
|c|+Praj.pran|:)
|c| A2tehBR|ferro won anyways
|c|+gizmo|well none of that matters now.
|c|+Praj.pran|win this tour
|c|+Geotal|riprip
|c|+xtraDOLLARshine|wattup
|c|âJukain|i dont think
|c|âJukain|it mattered
|c|âJukain|p sure ferro just won anyways.
|
|move|p1a: Swampert|Waterfall|p2a: Chansey
|-damage|p2a: Chansey|0 fnt
|faint|p2a: Chansey
|
|win|Jukain
|L|FORTUNE
|L|DennisEG
|L|Lockheeed
|L|WECAMEASROMANS
|L|Xau Maicus
|c|âJukain|ggs
|L|trc
|c|âWhiteQueen|ok let me beat xtra
|L|Son of Zeusss
|L|A2tehBR
|c|âJukain|y
|J|DennisEG
|J|Slimbolio
|c|âJukain|do it
|L|Alth
|c|âWhiteQueen|cause i play like shit this series
|c|âWhiteQueen|ggs
|L|xtraDOLLARshine
|L|DennisEG
|L|WhiteQueen
|player|p2
|L|trash
|L|HaxW.We R DNA
|L|Praj.pran
|L|Imanalt
|L|Jukain
|player|p1
|L|ULT TewMew
|L|Yuttt
|L|GGamer745
|J|Jukain
|L|Rodri18