|inactive|Battle timer is ON: inactive players will automatically lose when time's up.
|J|Rapture's Finest
|J|Jukain
|player|p1|Rapture's Finest|88
|player|p2|Jukain|291
|gametype|singles
|gen|6
|tier|Ubers
|rule|Swagger Clause: Swagger is banned
|clearpoke
|poke|p1|Heatran, M
|poke|p1|Gallade, M
|poke|p1|Porygon2
|poke|p1|Cofagrigus, F
|poke|p1|Azumarill, F
|poke|p1|Abomasnow, M
|poke|p2|Aegislash, F
|poke|p2|Genesect-*, shiny
|poke|p2|Manectric, F
|poke|p2|Latios, M
|poke|p2|Landorus-Therian, M
|poke|p2|Keldeo
|rule|Mega Rayquaza Ban Mod: You cannot mega evolve Rayquaza
|rule|Sleep Clause Mod: Limit one foe put to sleep
|rule|Species Clause: Limit one of each PokÃ©mon
|rule|Moody Clause: Moody is banned
|rule|OHKO Clause: OHKO moves are banned
|rule|Endless Battle Clause: Forcing endless battles is banned
|rule|HP Percentage Mod: HP is shown in percentages
|teampreview
|c|âJukain|hf
|c|âRapture's Finest|u2
|
|start
|switch|p1a: Cofagrigus|Cofagrigus, F|319\/319
|switch|p2a: Manectric|Manectric, F|281\/281
|turn|1
|
|switch|p1a: Porygon2|Porygon2|374\/374
|-ability|p1a: Porygon2|Static|[from] ability: Trace|[of] p2a: Manectric
|detailschange|p2a: Manectric|Manectric-Mega, F
|-mega|p2a: Manectric|Manectric|Manectite
|-ability|p2a: Manectric|Intimidate|[of] p1a: Porygon2
|-unboost|p1a: Porygon2|atk|1
|move|p2a: Manectric|Thunderbolt|p1a: Porygon2
|-damage|p1a: Porygon2|298\/374
|
|turn|2
|
|move|p2a: Manectric|Volt Switch|p1a: Porygon2
|-damage|p1a: Porygon2|228\/374
|
|switch|p2a: Aegislash|Aegislash, F|321\/321
|move|p1a: Porygon2|Trick Room|p1a: Porygon2
|-fieldstart|move: Trick Room|[of] p1a: Porygon2
|
|turn|3
|J|Luispako
|J|GuglioM
|
|switch|p1a: Cofagrigus|Cofagrigus, F|319\/319
|move|p2a: Aegislash|Substitute|p2a: Aegislash
|-start|p2a: Aegislash|Substitute
|-damage|p2a: Aegislash|241\/321
|
|-heal|p2a: Aegislash|261\/321|[from] item: Leftovers
|turn|4
|
|move|p2a: Aegislash|King's Shield|p2a: Aegislash
|-singleturn|p2a: Aegislash|Protect
|move|p1a: Cofagrigus|Nasty Plot|p1a: Cofagrigus
|-boost|p1a: Cofagrigus|spa|2
|
|-heal|p2a: Aegislash|281\/321|[from] item: Leftovers
|turn|5
|
|move|p1a: Cofagrigus|Shadow Ball|p2a: Aegislash
|-supereffective|p2a: Aegislash
|-end|p2a: Aegislash|Substitute
|-formechange|p2a: Aegislash|Aegislash-Blade
|move|p2a: Aegislash|Shadow Ball|p1a: Cofagrigus
|-supereffective|p1a: Cofagrigus
|-damage|p1a: Cofagrigus|1\/319
|
|-heal|p1a: Cofagrigus|20\/319|[from] item: Leftovers
|-heal|p2a: Aegislash|301\/321|[from] item: Leftovers
|turn|6
|
|-formechange|p2a: Aegislash|Aegislash
|move|p2a: Aegislash|King's Shield|p2a: Aegislash
|-singleturn|p2a: Aegislash|Protect
|move|p1a: Cofagrigus|Will-O-Wisp|p2a: Aegislash
|-status|p2a: Aegislash|brn
|
|-heal|p1a: Cofagrigus|39\/319|[from] item: Leftovers
|-heal|p2a: Aegislash|321\/321 brn|[from] item: Leftovers
|-damage|p2a: Aegislash|281\/321 brn|[from] brn
|-fieldend|move: Trick Room
|turn|7
|L|Luispako
|J|MushMunkey
|
|-formechange|p2a: Aegislash|Aegislash-Blade
|move|p2a: Aegislash|Shadow Ball|p1a: Cofagrigus
|-supereffective|p1a: Cofagrigus
|-damage|p1a: Cofagrigus|0 fnt
|faint|p1a: Cofagrigus
|
|-heal|p2a: Aegislash|301\/321 brn|[from] item: Leftovers
|-damage|p2a: Aegislash|261\/321 brn|[from] brn
|
|switch|p1a: Heatran|Heatran, M|386\/386
|turn|8
|c|+MushMunkey|gene is getting re tested to?
|
|switch|p2a: Keldeo|Keldeo|323\/323
|move|p1a: Heatran|Stealth Rock|p2a: Keldeo
|-sidestart|p2: Jukain|move: Stealth Rock
|
|turn|9
|
|switch|p1a: Azumarill|Azumarill, F|404\/404
|move|p2a: Keldeo|Substitute|p2a: Keldeo
|-start|p2a: Keldeo|Substitute
|-damage|p2a: Keldeo|243\/323
|
|-heal|p2a: Keldeo|263\/323|[from] item: Leftovers
|turn|10
|
|move|p2a: Keldeo|Scald|p1a: Azumarill
|-resisted|p1a: Azumarill
|-damage|p1a: Azumarill|314\/404
|-status|p1a: Azumarill|brn
|move|p1a: Azumarill|Play Rough|p2a: Keldeo
|-supereffective|p2a: Keldeo
|-end|p2a: Keldeo|Substitute
|
|-heal|p2a: Keldeo|283\/323|[from] item: Leftovers
|-damage|p1a: Azumarill|264\/404 brn|[from] brn
|turn|11
|
|switch|p1a: Heatran|Heatran, M|386\/386
|move|p2a: Keldeo|Substitute|p2a: Keldeo
|-start|p2a: Keldeo|Substitute
|-damage|p2a: Keldeo|203\/323
|
|-heal|p2a: Keldeo|223\/323|[from] item: Leftovers
|turn|12
|
|switch|p1a: Azumarill|Azumarill, F|264\/404 brn
|move|p2a: Keldeo|Secret Sword|p1a: Azumarill
|-resisted|p1a: Azumarill
|-damage|p1a: Azumarill|177\/404 brn
|
|-heal|p2a: Keldeo|243\/323|[from] item: Leftovers
|-damage|p1a: Azumarill|127\/404 brn|[from] brn
|turn|13
|J|moony
|
|move|p2a: Keldeo|Scald|p1a: Azumarill
|-resisted|p1a: Azumarill
|-damage|p1a: Azumarill|38\/404 brn
|move|p1a: Azumarill|Play Rough|p2a: Keldeo
|-supereffective|p2a: Keldeo
|-end|p2a: Keldeo|Substitute
|
|-heal|p2a: Keldeo|263\/323|[from] item: Leftovers
|-damage|p1a: Azumarill|0 fnt|[from] brn
|faint|p1a: Azumarill
|J|Lanueba
|
|switch|p1a: Gallade|Gallade, M|340\/340
|turn|14
|
|switch|p2a: Landorus-Therian|Landorus-Therian, M|382\/382
|-damage|p2a: Landorus-Therian|335\/382|[from] Stealth Rock
|-ability|p2a: Landorus-Therian|Intimidate|[of] p1a: Gallade
|-unboost|p1a: Gallade|atk|1
|move|p1a: Gallade|Trick Room|p1a: Gallade
|-fieldstart|move: Trick Room|[of] p1a: Gallade
|
|-heal|p2a: Landorus-Therian|358\/382|[from] item: Leftovers
|turn|15
|L|Lanueba
|
|move|p1a: Gallade|Knock Off|p2a: Landorus-Therian
|-damage|p2a: Landorus-Therian|280\/382
|-enditem|p2a: Landorus-Therian|Leftovers|[from] move: Knock Off|[of] p1a: Gallade
|-damage|p1a: Gallade|306\/340|[from] item: Life Orb
|move|p2a: Landorus-Therian|Stealth Rock|p1a: Gallade
|-sidestart|p1: Rapture's Finest|move: Stealth Rock
|
|turn|16
|
|switch|p1a: Porygon2|Porygon2|228\/374
|-damage|p1a: Porygon2|182\/374|[from] Stealth Rock
|-ability|p1a: Porygon2|Intimidate|[from] ability: Trace|[of] p2a: Landorus-Therian
|-ability|p1a: Porygon2|Intimidate|[of] p2a: Landorus-Therian
|-unboost|p2a: Landorus-Therian|atk|1
|move|p2a: Landorus-Therian|Earthquake|p1a: Porygon2
|-damage|p1a: Porygon2|98\/374
|
|turn|17
|
|switch|p2a: Genesect|Genesect, shiny|279\/279
|-damage|p2a: Genesect|245\/279|[from] Stealth Rock
|-boost|p2a: Genesect|atk|1|[from] ability: Download
|move|p1a: Porygon2|Recover|p1a: Porygon2
|-heal|p1a: Porygon2|285\/374
|
|turn|18
|
|move|p1a: Porygon2|Thunderbolt|p2a: Genesect
|-damage|p2a: Genesect|167\/279
|move|p2a: Genesect|Bug Buzz|p1a: Porygon2
|-crit|p1a: Porygon2
|-damage|p1a: Porygon2|149\/374
|-damage|p2a: Genesect|140\/279|[from] item: Life Orb
|
|-fieldend|move: Trick Room
|turn|19
|c|âJukain|christ that did
|c|âJukain|zero
|
|switch|p2a: Aegislash|Aegislash, F|261\/321 brn
|-damage|p2a: Aegislash|241\/321 brn|[from] Stealth Rock
|move|p1a: Porygon2|Trick Room|p1a: Porygon2
|-fieldstart|move: Trick Room|[of] p1a: Porygon2
|
|-heal|p2a: Aegislash|261\/321 brn|[from] item: Leftovers
|-damage|p2a: Aegislash|221\/321 brn|[from] brn
|turn|20
|
|move|p1a: Porygon2|Thunderbolt|p2a: Aegislash
|-damage|p2a: Aegislash|168\/321 brn
|move|p2a: Aegislash|Toxic|p1a: Porygon2
|-status|p1a: Porygon2|tox
|
|-heal|p2a: Aegislash|188\/321 brn|[from] item: Leftovers
|-damage|p1a: Porygon2|126\/374 tox|[from] psn
|-damage|p2a: Aegislash|148\/321 brn|[from] brn
|turn|21
|
|switch|p2a: Landorus-Therian|Landorus-Therian, M|280\/382
|-damage|p2a: Landorus-Therian|233\/382|[from] Stealth Rock
|-ability|p2a: Landorus-Therian|Intimidate|[of] p1a: Porygon2
|-unboost|p1a: Porygon2|atk|1
|move|p1a: Porygon2|Recover|p1a: Porygon2
|-heal|p1a: Porygon2|313\/374 tox
|
|-damage|p1a: Porygon2|267\/374 tox|[from] psn
|turn|22
|
|switch|p2a: Aegislash|Aegislash, F|148\/321 brn
|-damage|p2a: Aegislash|128\/321 brn|[from] Stealth Rock
|move|p1a: Porygon2|Ice Beam|p2a: Aegislash
|-resisted|p2a: Aegislash
|-damage|p2a: Aegislash|104\/321 brn
|
|-heal|p2a: Aegislash|124\/321 brn|[from] item: Leftovers
|-damage|p1a: Porygon2|198\/374 tox|[from] psn
|-damage|p2a: Aegislash|84\/321 brn|[from] brn
|turn|23
|
|switch|p1a: Heatran|Heatran, M|386\/386
|-damage|p1a: Heatran|338\/386|[from] Stealth Rock
|-formechange|p2a: Aegislash|Aegislash-Blade
|move|p2a: Aegislash|Shadow Ball|p1a: Heatran
|-damage|p1a: Heatran|158\/386
|
|-heal|p1a: Heatran|182\/386|[from] item: Leftovers
|-heal|p2a: Aegislash|104\/321 brn|[from] item: Leftovers
|-damage|p2a: Aegislash|64\/321 brn|[from] brn
|-fieldend|move: Trick Room
|turn|24
|
|move|p2a: Aegislash|Shadow Ball|p1a: Heatran
|-damage|p1a: Heatran|25\/386
|move|p1a: Heatran|Lava Plume|p2a: Aegislash
|-crit|p2a: Aegislash
|-supereffective|p2a: Aegislash
|-damage|p2a: Aegislash|0 fnt
|faint|p2a: Aegislash
|
|-heal|p1a: Heatran|49\/386|[from] item: Leftovers
|
|switch|p2a: Keldeo|Keldeo|263\/323
|-damage|p2a: Keldeo|243\/323|[from] Stealth Rock
|turn|25
|
|move|p2a: Keldeo|Scald|p1a: Heatran
|-crit|p1a: Heatran
|-supereffective|p1a: Heatran
|-damage|p1a: Heatran|0 fnt
|faint|p1a: Heatran
|
|-heal|p2a: Keldeo|263\/323|[from] item: Leftovers
|
|switch|p1a: Gallade|Gallade, M|306\/340
|-damage|p1a: Gallade|285\/340|[from] Stealth Rock
|turn|26
|
|move|p2a: Keldeo|Substitute|p2a: Keldeo
|-start|p2a: Keldeo|Substitute
|-damage|p2a: Keldeo|183\/323
|move|p1a: Gallade|Trick Room|p1a: Gallade
|-fieldstart|move: Trick Room|[of] p1a: Gallade
|
|-heal|p2a: Keldeo|203\/323|[from] item: Leftovers
|turn|27
|
|move|p1a: Gallade|Zen Headbutt|p2a: Keldeo
|-supereffective|p2a: Keldeo
|-end|p2a: Keldeo|Substitute
|-damage|p1a: Gallade|251\/340|[from] item: Life Orb
|move|p2a: Keldeo|Substitute|p2a: Keldeo
|-start|p2a: Keldeo|Substitute
|-damage|p2a: Keldeo|123\/323
|
|-heal|p2a: Keldeo|143\/323|[from] item: Leftovers
|turn|28
|
|move|p1a: Gallade|Zen Headbutt|p2a: Keldeo
|-supereffective|p2a: Keldeo
|-end|p2a: Keldeo|Substitute
|-damage|p1a: Gallade|217\/340|[from] item: Life Orb
|move|p2a: Keldeo|Scald|p1a: Gallade
|-damage|p1a: Gallade|81\/340
|
|-heal|p2a: Keldeo|163\/323|[from] item: Leftovers
|turn|29
|
|switch|p2a: Latios|Latios, M|301\/301
|-damage|p2a: Latios|264\/301|[from] Stealth Rock
|move|p1a: Gallade|Zen Headbutt|p2a: Latios
|-resisted|p2a: Latios
|-damage|p2a: Latios|135\/301
|-damage|p1a: Gallade|47\/340|[from] item: Life Orb
|
|turn|30
|
|move|p1a: Gallade|Knock Off|p2a: Latios
|-supereffective|p2a: Latios
|-damage|p2a: Latios|0 fnt
|-enditem|p2a: Latios|Life Orb|[from] move: Knock Off|[of] p1a: Gallade
|-damage|p1a: Gallade|13\/340|[from] item: Life Orb
|faint|p2a: Latios
|
|-fieldend|move: Trick Room
|
|switch|p2a: Keldeo|Keldeo|163\/323
|-damage|p2a: Keldeo|143\/323|[from] Stealth Rock
|turn|31
|
|move|p2a: Keldeo|Secret Sword|p1a: Gallade
|-resisted|p1a: Gallade
|-damage|p1a: Gallade|0 fnt
|faint|p1a: Gallade
|
|-heal|p2a: Keldeo|163\/323|[from] item: Leftovers
|
|switch|p1a: Porygon2|Porygon2|198\/374 tox
|-damage|p1a: Porygon2|152\/374 tox|[from] Stealth Rock
|-ability|p1a: Porygon2|Justified|[from] ability: Trace|[of] p2a: Keldeo
|turn|32
|L|GuglioM
|
|move|p2a: Keldeo|Secret Sword|p1a: Porygon2
|-supereffective|p1a: Porygon2
|-damage|p1a: Porygon2|0 fnt
|faint|p1a: Porygon2
|
|-heal|p2a: Keldeo|183\/323|[from] item: Leftovers
|
|switch|p1a: Abomasnow|Abomasnow, M|364\/364
|-damage|p1a: Abomasnow|273\/364|[from] Stealth Rock
|-weather|Hail
|turn|33
|
|detailschange|p1a: Abomasnow|Abomasnow-Mega, M
|-mega|p1a: Abomasnow|Abomasnow|Abomasite
|move|p2a: Keldeo|Secret Sword|p1a: Abomasnow
|-supereffective|p1a: Abomasnow
|-damage|p1a: Abomasnow|0 fnt
|faint|p1a: Abomasnow
|
|win|Jukain
|c|âJukain|gg
|c|âRapture's Finest|gg