|join|syx001
|join|Team Siren
|player|p1|syx001|170
|player|p2|Team Siren|217
|gametype|singles
|gen|6
|tier|OU
|rated
|clearpoke
|poke|p1|Ferrothorn, F
|poke|p1|Rotom-Heat
|poke|p1|Blissey, F
|poke|p1|Slowbro, M
|poke|p1|Excadrill, F
|poke|p1|Conkeldurr, F
|poke|p2|Slowbro, M, shiny
|poke|p2|Thundurus-Therian, M, shiny
|poke|p2|Gliscor, M
|poke|p2|Chansey, F, shiny
|poke|p2|Keldeo-Resolute, shiny
|poke|p2|Mew, shiny
|rule|Swagger Clause: Swagger is banned
|rule|Baton Pass Clause: Limit one PokÃ©mon knowing Baton Pass
|rule|Sleep Clause Mod: Limit one foe put to sleep
|rule|Species Clause: Limit one of each PokÃ©mon
|rule|OHKO Clause: OHKO moves are banned
|rule|Moody Clause: Moody is banned
|rule|Evasion Moves Clause: Evasion moves are banned
|rule|Endless Battle Clause: Forcing endless battles is banned
|rule|HP Percentage Mod: HP is shown in percentages
|teampreview
|
|start
|switch|p1a: Slowbro|Slowbro, M|343\/343
|switch|p2a: Click Click Boom|Thundurus-Therian, M, shiny|312\/312
|turn|1
|
|switch|p1a: Blissey|Blissey, F|714\/714
|move|p2a: Click Click Boom|Thunderbolt|p1a: Blissey
|-damage|p1a: Blissey|590\/714
|
|-heal|p1a: Blissey|634\/714|[from] item: Leftovers
|turn|2
|
|switch|p2a: Meow|Mew, shiny|403\/403
|move|p1a: Blissey|Protect|p1a: Blissey
|-fail|p1a: Blissey
|
|-heal|p1a: Blissey|678\/714|[from] item: Leftovers
|turn|3
|
|switch|p1a: Ferrothorn|Ferrothorn, F|304\/304
|move|p2a: Meow|Knock Off|p1a: Ferrothorn
|-damage|p1a: Ferrothorn|252\/304
|-damage|p2a: Meow|353\/403|[from] ability: Iron Barbs|[of] p1a: Ferrothorn
|-damage|p2a: Meow|286\/403|[from] item: Rocky Helmet|[of] p1a: Ferrothorn
|-enditem|p1a: Ferrothorn|Rocky Helmet|[from] move: Knock Off|[of] p2a: Meow
|
|-heal|p2a: Meow|311\/403|[from] item: Leftovers
|turn|4
|
|move|p2a: Meow|Will-O-Wisp|p1a: Ferrothorn|[miss]
|-miss|p2a: Meow|p1a: Ferrothorn
|move|p1a: Ferrothorn|Stealth Rock|p2a: Meow
|-sidestart|p2: Team Siren|move: Stealth Rock
|
|-heal|p2a: Meow|336\/403|[from] item: Leftovers
|turn|5
|
|move|p2a: Meow|Will-O-Wisp|p1a: Ferrothorn
|-status|p1a: Ferrothorn|brn
|move|p1a: Ferrothorn|Leech Seed|p2a: Meow
|-start|p2a: Meow|move: Leech Seed
|
|-heal|p2a: Meow|361\/403|[from] item: Leftovers
|-damage|p2a: Meow|311\/403|[from] Leech Seed|[of] p1a: Ferrothorn
|-heal|p1a: Ferrothorn|302\/304 brn|[silent]
|-damage|p1a: Ferrothorn|264\/304 brn|[from] brn
|turn|6
|
|switch|p1a: Blissey|Blissey, F|678\/714
|move|p2a: Meow|Defog|p1a: Blissey
|-unboost|p1a: Blissey|evasion|1
|-sideend|p2: Team Siren|Stealth Rock|[from] move: Defog|[of] p2a: Meow
|
|-heal|p2a: Meow|336\/403|[from] item: Leftovers
|-heal|p1a: Blissey|714\/714|[from] item: Leftovers
|-damage|p2a: Meow|286\/403|[from] Leech Seed|[of] p1a: Blissey
|turn|7
|
|switch|p2a: Batman|Gliscor, M|354\/354
|move|p1a: Blissey|Heal Bell|p1a: Blissey
|-cureteam|p1a: Blissey|[from] move: HealBell
|
|-status|p2a: Batman|tox|[from] item: Toxic Orb
|turn|8
|
|switch|p2a: Meow|Mew, shiny|286\/403
|switch|p1a: Ferrothorn|Ferrothorn, F|264\/304
|
|-heal|p2a: Meow|311\/403|[from] item: Leftovers
|turn|9
|
|move|p2a: Meow|Will-O-Wisp|p1a: Ferrothorn
|-status|p1a: Ferrothorn|brn
|move|p1a: Ferrothorn|Leech Seed|p2a: Meow
|-start|p2a: Meow|move: Leech Seed
|
|-heal|p2a: Meow|336\/403|[from] item: Leftovers
|-damage|p2a: Meow|286\/403|[from] Leech Seed|[of] p1a: Ferrothorn
|-heal|p1a: Ferrothorn|304\/304 brn|[silent]
|-damage|p1a: Ferrothorn|266\/304 brn|[from] brn
|turn|10
|
|switch|p2a: Meet Your Maker|Keldeo-Resolute, shiny|324\/324
|switch|p1a: Blissey|Blissey, F|714\/714
|
|turn|11
|
|switch|p1a: Slowbro|Slowbro, M|343\/343
|move|p2a: Meet Your Maker|Secret Sword|p1a: Slowbro
|-resisted|p1a: Slowbro
|-damage|p1a: Slowbro|253\/343
|
|turn|12
|
|switch|p2a: Meow|Mew, shiny|286\/403
|detailschange|p1a: Slowbro|Slowbro-Mega, M
|-mega|p1a: Slowbro|Slowbro|Slowbronite
|move|p1a: Slowbro|Slack Off|p1a: Slowbro
|-heal|p1a: Slowbro|343\/343
|
|-heal|p2a: Meow|311\/403|[from] item: Leftovers
|turn|13
|
|switch|p2a: Meet Your Maker|Keldeo-Resolute, shiny|324\/324
|switch|p1a: Blissey|Blissey, F|714\/714
|
|turn|14
|
|move|p1a: Blissey|Protect|p1a: Blissey
|-singleturn|p1a: Blissey|Protect
|move|p2a: Meet Your Maker|Scald|p1a: Blissey
|-activate|p1a: Blissey|Protect
|
|turn|15
|
|switch|p2a: Meow|Mew, shiny|311\/403
|switch|p1a: Slowbro|Slowbro-Mega, M|343\/343
|
|-heal|p2a: Meow|336\/403|[from] item: Leftovers
|turn|16
|
|move|p2a: Meow|Knock Off|p1a: Slowbro
|-supereffective|p1a: Slowbro
|-damage|p1a: Slowbro|291\/343
|move|p1a: Slowbro|Calm Mind|p1a: Slowbro
|-boost|p1a: Slowbro|spa|1
|-boost|p1a: Slowbro|spd|1
|
|-heal|p2a: Meow|361\/403|[from] item: Leftovers
|turn|17
|
|move|p2a: Meow|Will-O-Wisp|p1a: Slowbro|[miss]
|-miss|p2a: Meow|p1a: Slowbro
|move|p1a: Slowbro|Calm Mind|p1a: Slowbro
|-boost|p1a: Slowbro|spa|1
|-boost|p1a: Slowbro|spd|1
|
|-heal|p2a: Meow|386\/403|[from] item: Leftovers
|turn|18
|
|switch|p2a: Hyoga|Slowbro, M, shiny|394\/394
|move|p1a: Slowbro|Calm Mind|p1a: Slowbro
|-boost|p1a: Slowbro|spa|1
|-boost|p1a: Slowbro|spd|1
|
|turn|19
|
|detailschange|p2a: Hyoga|Slowbro-Mega, M, shiny
|-mega|p2a: Hyoga|Slowbro|Slowbronite
|move|p1a: Slowbro|Scald|p2a: Hyoga
|-resisted|p2a: Hyoga
|-damage|p2a: Hyoga|198\/394
|move|p2a: Hyoga|Toxic|p1a: Slowbro
|-status|p1a: Slowbro|tox
|
|-damage|p1a: Slowbro|270\/343 tox|[from] psn
|turn|20
|
|switch|p2a: Hyoga's Mom|Chansey, F, shiny|642\/642
|move|p1a: Slowbro|Scald|p2a: Hyoga's Mom
|-damage|p2a: Hyoga's Mom|494\/642
|-status|p2a: Hyoga's Mom|brn
|
|-damage|p2a: Hyoga's Mom|414\/642 brn|[from] brn
|-damage|p1a: Slowbro|228\/343 tox|[from] psn
|turn|21
|
|switch|p1a: Blissey|Blissey, F|714\/714
|move|p2a: Hyoga's Mom|Soft-Boiled|p2a: Hyoga's Mom
|-heal|p2a: Hyoga's Mom|642\/642 brn
|
|-damage|p2a: Hyoga's Mom|562\/642 brn|[from] brn
|turn|22
|
|switch|p2a: Hyoga|Slowbro-Mega, M, shiny|198\/394
|move|p1a: Blissey|Heal Bell|p1a: Blissey
|-cureteam|p1a: Blissey|[from] move: HealBell
|
|turn|23
|
|switch|p1a: Ferrothorn|Ferrothorn, F|266\/304
|move|p2a: Hyoga|Slack Off|p2a: Hyoga
|-heal|p2a: Hyoga|394\/394
|
|turn|24
|
|move|p2a: Hyoga|Flamethrower|p1a: Ferrothorn
|-supereffective|p1a: Ferrothorn
|-damage|p1a: Ferrothorn|0 fnt
|faint|p1a: Ferrothorn
|
|
|switch|p1a: Rotom-Heat|Rotom-Heat|242\/242
|turn|25
|
|switch|p2a: Hyoga's Mom|Chansey, F, shiny|562\/642
|move|p1a: Rotom-Heat|Overheat|p2a: Hyoga's Mom
|-damage|p2a: Hyoga's Mom|399\/642
|-unboost|p1a: Rotom-Heat|spa|2
|
|turn|26
|
|switch|p1a: Conkeldurr|Conkeldurr, F|351\/351
|move|p2a: Hyoga's Mom|Seismic Toss|p1a: Conkeldurr
|-damage|p1a: Conkeldurr|251\/351
|
|turn|27
|
|switch|p2a: Hyoga|Slowbro-Mega, M, shiny|394\/394
|move|p1a: Conkeldurr|Knock Off|p2a: Hyoga
|-supereffective|p2a: Hyoga
|-damage|p2a: Hyoga|310\/394
|
|turn|28
|
|switch|p1a: Blissey|Blissey, F|714\/714
|move|p2a: Hyoga|Toxic|p1a: Blissey|[miss]
|-miss|p2a: Hyoga|p1a: Blissey
|
|turn|29
|
|move|p1a: Blissey|Wish|p1a: Blissey
|move|p2a: Hyoga|Toxic|p1a: Blissey
|-status|p1a: Blissey|tox
|
|-damage|p1a: Blissey|670\/714 tox|[from] psn
|turn|30
|
|switch|p1a: Slowbro|Slowbro-Mega, M|228\/343
|move|p2a: Hyoga|Toxic|p1a: Slowbro
|-status|p1a: Slowbro|tox
|
|-heal|p1a: Slowbro|343\/343 tox|[from] move: Wish|[wisher] Blissey
|-damage|p1a: Slowbro|322\/343 tox|[from] psn
|turn|31
|
|switch|p2a: Meet Your Maker|Keldeo-Resolute, shiny|324\/324
|move|p1a: Slowbro|Scald|p2a: Meet Your Maker
|-resisted|p2a: Meet Your Maker
|-damage|p2a: Meet Your Maker|248\/324
|-status|p2a: Meet Your Maker|brn
|
|-damage|p2a: Meet Your Maker|208\/324 brn|[from] brn
|-damage|p1a: Slowbro|280\/343 tox|[from] psn
|turn|32
|
|switch|p2a: Meow|Mew, shiny|386\/403
|switch|p1a: Blissey|Blissey, F|670\/714
|
|-heal|p2a: Meow|403\/403|[from] item: Leftovers
|-heal|p1a: Blissey|714\/714|[from] item: Leftovers
|turn|33
|
|move|p2a: Meow|Knock Off|p1a: Blissey
|-damage|p1a: Blissey|599\/714
|-enditem|p1a: Blissey|Leftovers|[from] move: Knock Off|[of] p2a: Meow
|move|p1a: Blissey|Heal Bell|p1a: Blissey
|-cureteam|p1a: Blissey|[from] move: HealBell
|
|turn|34
|
|switch|p2a: Hyoga|Slowbro-Mega, M, shiny|310\/394
|move|p1a: Blissey|Wish|p1a: Blissey
|
|turn|35
|
|move|p1a: Blissey|Seismic Toss|p2a: Hyoga
|-damage|p2a: Hyoga|210\/394
|move|p2a: Hyoga|Toxic|p1a: Blissey
|-status|p1a: Blissey|tox
|
|-heal|p1a: Blissey|714\/714 tox|[from] move: Wish|[wisher] Blissey
|-damage|p1a: Blissey|670\/714 tox|[from] psn
|turn|36
|
|move|p1a: Blissey|Seismic Toss|p2a: Hyoga
|-damage|p2a: Hyoga|110\/394
|move|p2a: Hyoga|Slack Off|p2a: Hyoga
|-heal|p2a: Hyoga|307\/394
|
|-damage|p1a: Blissey|582\/714 tox|[from] psn
|turn|37
|
|move|p1a: Blissey|Heal Bell|p1a: Blissey
|-cureteam|p1a: Blissey|[from] move: HealBell
|move|p2a: Hyoga|Scald|p1a: Blissey
|-damage|p1a: Blissey|497\/714
|
|turn|38
|
|move|p1a: Blissey|Seismic Toss|p2a: Hyoga
|-damage|p2a: Hyoga|207\/394
|move|p2a: Hyoga|Toxic|p1a: Blissey
|-status|p1a: Blissey|tox
|
|-damage|p1a: Blissey|453\/714 tox|[from] psn
|turn|39
|
|move|p1a: Blissey|Wish|p1a: Blissey
|move|p2a: Hyoga|Slack Off|p2a: Hyoga
|-heal|p2a: Hyoga|394\/394
|
|-damage|p1a: Blissey|365\/714 tox|[from] psn
|turn|40
|
|move|p1a: Blissey|Heal Bell|p1a: Blissey
|-cureteam|p1a: Blissey|[from] move: HealBell
|move|p2a: Hyoga|Scald|p1a: Blissey
|-damage|p1a: Blissey|269\/714
|
|-heal|p1a: Blissey|626\/714|[from] move: Wish|[wisher] Blissey
|turn|41
|
|move|p1a: Blissey|Seismic Toss|p2a: Hyoga
|-damage|p2a: Hyoga|294\/394
|move|p2a: Hyoga|Toxic|p1a: Blissey
|-status|p1a: Blissey|tox
|
|-damage|p1a: Blissey|582\/714 tox|[from] psn
|turn|42
|
|move|p1a: Blissey|Seismic Toss|p2a: Hyoga
|-damage|p2a: Hyoga|194\/394
|move|p2a: Hyoga|Scald|p1a: Blissey
|-damage|p1a: Blissey|483\/714 tox
|
|-damage|p1a: Blissey|395\/714 tox|[from] psn
|turn|43
|
|switch|p1a: Rotom-Heat|Rotom-Heat|242\/242
|move|p2a: Hyoga|Slack Off|p2a: Hyoga
|-heal|p2a: Hyoga|391\/394
|
|turn|44
|
|switch|p2a: Hyoga's Mom|Chansey, F, shiny|399\/642
|move|p1a: Rotom-Heat|Trick|p2a: Hyoga's Mom
|-activate|p1a: Rotom-Heat|move: Trick|[of] p2a: Hyoga's Mom
|-item|p2a: Hyoga's Mom|Choice Specs|[from] move: Trick
|-item|p1a: Rotom-Heat|Eviolite|[from] move: Trick
|
|turn|45
|
|move|p1a: Rotom-Heat|Will-O-Wisp|p2a: Hyoga's Mom
|-status|p2a: Hyoga's Mom|brn
|move|p2a: Hyoga's Mom|Soft-Boiled|p2a: Hyoga's Mom
|-heal|p2a: Hyoga's Mom|642\/642 brn
|
|-damage|p2a: Hyoga's Mom|562\/642 brn|[from] brn
|turn|46
|
|switch|p2a: Batman|Gliscor, M|354\/354 tox
|move|p1a: Rotom-Heat|Overheat|p2a: Batman
|-damage|p2a: Batman|93\/354 tox
|-unboost|p1a: Rotom-Heat|spa|2
|
|-heal|p2a: Batman|137\/354 tox|[from] ability: Poison Heal
|turn|47
|
|move|p2a: Batman|Protect|p2a: Batman
|-singleturn|p2a: Batman|Protect
|move|p1a: Rotom-Heat|Overheat|p2a: Batman
|-activate|p2a: Batman|Protect
|
|-heal|p2a: Batman|181\/354 tox|[from] ability: Poison Heal
|turn|48
|
|switch|p1a: Slowbro|Slowbro-Mega, M|280\/343
|switch|p2a: Hyoga's Mom|Chansey, F, shiny|562\/642
|
|turn|49
|
|switch|p2a: Hyoga|Slowbro-Mega, M, shiny|391\/394
|move|p1a: Slowbro|Scald|p2a: Hyoga
|-resisted|p2a: Hyoga
|-damage|p2a: Hyoga|317\/394
|
|turn|50
|
|switch|p1a: Blissey|Blissey, F|395\/714
|move|p2a: Hyoga|Toxic|p1a: Blissey
|-status|p1a: Blissey|tox
|
|-damage|p1a: Blissey|351\/714 tox|[from] psn
|turn|51
|
|move|p1a: Blissey|Wish|p1a: Blissey
|move|p2a: Hyoga|Scald|p1a: Blissey
|-damage|p1a: Blissey|252\/714 tox
|
|-damage|p1a: Blissey|164\/714 tox|[from] psn
|turn|52
|
|move|p1a: Blissey|Protect|p1a: Blissey
|-singleturn|p1a: Blissey|Protect
|move|p2a: Hyoga|Scald|p1a: Blissey
|-activate|p1a: Blissey|Protect
|
|-heal|p1a: Blissey|521\/714 tox|[from] move: Wish|[wisher] Blissey
|-damage|p1a: Blissey|389\/714 tox|[from] psn
|turn|53
|
|switch|p1a: Slowbro|Slowbro-Mega, M|280\/343
|move|p2a: Hyoga|Toxic|p1a: Slowbro|[miss]
|-miss|p2a: Hyoga|p1a: Slowbro
|
|turn|54
|
|move|p1a: Slowbro|Scald|p2a: Hyoga
|-resisted|p2a: Hyoga
|-damage|p2a: Hyoga|242\/394
|move|p2a: Hyoga|Toxic|p1a: Slowbro
|-status|p1a: Slowbro|tox
|
|-damage|p1a: Slowbro|259\/343 tox|[from] psn
|turn|55
|
|switch|p2a: Hyoga's Mom|Chansey, F, shiny|562\/642
|move|p1a: Slowbro|Scald|p2a: Hyoga's Mom
|-damage|p2a: Hyoga's Mom|468\/642
|-status|p2a: Hyoga's Mom|brn
|
|-damage|p2a: Hyoga's Mom|388\/642 brn|[from] brn
|-damage|p1a: Slowbro|217\/343 tox|[from] psn
|turn|56
|
|move|p2a: Hyoga's Mom|Aromatherapy|p2a: Hyoga's Mom
|-cureteam|p2a: Hyoga's Mom|[from] move: Aromatherapy
|move|p1a: Slowbro|Slack Off|p1a: Slowbro
|-heal|p1a: Slowbro|343\/343 tox
|
|-damage|p1a: Slowbro|280\/343 tox|[from] psn
|turn|57
|
|switch|p2a: Meow|Mew, shiny|403\/403
|switch|p1a: Blissey|Blissey, F|389\/714
|
|turn|58
|
|move|p2a: Meow|Will-O-Wisp|p1a: Blissey
|-status|p1a: Blissey|brn
|move|p1a: Blissey|Wish|p1a: Blissey
|
|-damage|p1a: Blissey|300\/714 brn|[from] brn
|turn|59
|
|switch|p2a: Batman|Gliscor, M|181\/354
|move|p1a: Blissey|Heal Bell|p1a: Blissey
|-cureteam|p1a: Blissey|[from] move: HealBell
|
|-heal|p1a: Blissey|657\/714|[from] move: Wish|[wisher] Blissey
|-status|p2a: Batman|tox|[from] item: Toxic Orb
|turn|60
|
|switch|p1a: Rotom-Heat|Rotom-Heat|242\/242
|move|p2a: Batman|Earthquake|p1a: Rotom-Heat
|-immune|p1a: Rotom-Heat|[msg]
|
|-heal|p2a: Batman|225\/354 tox|[from] ability: Poison Heal
|turn|61
|
|switch|p2a: Hyoga's Mom|Chansey, F, shiny|388\/642
|move|p1a: Rotom-Heat|Overheat|p2a: Hyoga's Mom
|-damage|p2a: Hyoga's Mom|243\/642
|-unboost|p1a: Rotom-Heat|spa|2
|
|turn|62
|
|move|p1a: Rotom-Heat|Will-O-Wisp|p2a: Hyoga's Mom
|-status|p2a: Hyoga's Mom|brn
|move|p2a: Hyoga's Mom|Soft-Boiled|p2a: Hyoga's Mom
|-heal|p2a: Hyoga's Mom|564\/642 brn
|
|-damage|p2a: Hyoga's Mom|484\/642 brn|[from] brn
|turn|63
|
|switch|p2a: Batman|Gliscor, M|225\/354 tox
|move|p1a: Rotom-Heat|Overheat|p2a: Batman
|-damage|p2a: Batman|96\/354 tox
|-unboost|p1a: Rotom-Heat|spa|2
|
|-heal|p2a: Batman|140\/354 tox|[from] ability: Poison Heal
|turn|64
|
|switch|p1a: Conkeldurr|Conkeldurr, F|251\/351
|move|p2a: Batman|Knock Off|p1a: Conkeldurr
|-resisted|p1a: Conkeldurr
|-damage|p1a: Conkeldurr|215\/351
|-enditem|p1a: Conkeldurr|Assault Vest|[from] move: Knock Off|[of] p2a: Batman
|
|-heal|p2a: Batman|184\/354 tox|[from] ability: Poison Heal
|turn|65
|
|switch|p2a: Hyoga|Slowbro-Mega, M, shiny|242\/394
|move|p1a: Conkeldurr|Drain Punch|p2a: Hyoga
|-resisted|p2a: Hyoga
|-damage|p2a: Hyoga|204\/394
|-heal|p1a: Conkeldurr|234\/351|[from] drain|[of] p2a: Hyoga
|
|turn|66
|
|switch|p1a: Blissey|Blissey, F|657\/714
|move|p2a: Hyoga|Slack Off|p2a: Hyoga
|-heal|p2a: Hyoga|394\/394
|
|turn|67
|
|move|p1a: Blissey|Seismic Toss|p2a: Hyoga
|-damage|p2a: Hyoga|294\/394
|move|p2a: Hyoga|Toxic|p1a: Blissey
|-status|p1a: Blissey|tox
|
|-damage|p1a: Blissey|613\/714 tox|[from] psn
|turn|68
|
|move|p1a: Blissey|Seismic Toss|p2a: Hyoga
|-damage|p2a: Hyoga|194\/394
|move|p2a: Hyoga|Scald|p1a: Blissey
|-damage|p1a: Blissey|517\/714 tox
|
|-damage|p1a: Blissey|429\/714 tox|[from] psn
|turn|69
|
|move|p1a: Blissey|Wish|p1a: Blissey
|move|p2a: Hyoga|Slack Off|p2a: Hyoga
|-heal|p2a: Hyoga|391\/394
|
|-damage|p1a: Blissey|297\/714 tox|[from] psn
|turn|70
|
|move|p1a: Blissey|Protect|p1a: Blissey
|-singleturn|p1a: Blissey|Protect
|move|p2a: Hyoga|Scald|p1a: Blissey
|-activate|p1a: Blissey|Protect
|
|-heal|p1a: Blissey|654\/714 tox|[from] move: Wish|[wisher] Blissey
|-damage|p1a: Blissey|478\/714 tox|[from] psn
|turn|71
|
|move|p1a: Blissey|Heal Bell|p1a: Blissey
|-cureteam|p1a: Blissey|[from] move: HealBell
|move|p2a: Hyoga|Scald|p1a: Blissey
|-damage|p1a: Blissey|382\/714
|
|turn|72
|
|switch|p1a: Excadrill|Excadrill, F|362\/362
|-ability|p1a: Excadrill|Mold Breaker
|move|p2a: Hyoga|Toxic|p1a: Excadrill
|-fail|p1a: Excadrill
|
|turn|73
|
|switch|p1a: Blissey|Blissey, F|382\/714
|move|p2a: Hyoga|Scald|p1a: Blissey
|-damage|p1a: Blissey|295\/714
|
|turn|74
|
|move|p1a: Blissey|Wish|p1a: Blissey
|move|p2a: Hyoga|Scald|p1a: Blissey
|-damage|p1a: Blissey|204\/714
|-status|p1a: Blissey|brn
|
|-damage|p1a: Blissey|115\/714 brn|[from] brn
|turn|75
|
|switch|p2a: Click Click Boom|Thundurus-Therian, M, shiny|312\/312
|move|p1a: Blissey|Protect|p1a: Blissey
|-fail|p1a: Blissey
|
|-heal|p1a: Blissey|472\/714 brn|[from] move: Wish|[wisher] Blissey
|-damage|p1a: Blissey|383\/714 brn|[from] brn
|turn|76
|
|move|p2a: Click Click Boom|Volt Switch|p1a: Blissey
|-crit|p1a: Blissey
|-damage|p1a: Blissey|218\/714 brn
|
|switch|p2a: Batman|Gliscor, M|184\/354 tox
|move|p1a: Blissey|Wish|p1a: Blissey
|
|-heal|p2a: Batman|228\/354 tox|[from] ability: Poison Heal
|-damage|p1a: Blissey|129\/714 brn|[from] brn
|turn|77
|
|move|p1a: Blissey|Protect|p1a: Blissey
|-singleturn|p1a: Blissey|Protect
|move|p2a: Batman|Earthquake|p1a: Blissey
|-activate|p1a: Blissey|Protect
|
|-heal|p1a: Blissey|486\/714 brn|[from] move: Wish|[wisher] Blissey
|-heal|p2a: Batman|272\/354 tox|[from] ability: Poison Heal
|-damage|p1a: Blissey|397\/714 brn|[from] brn
|turn|78
|
|switch|p2a: Meet Your Maker|Keldeo-Resolute, shiny|208\/324
|switch|p1a: Rotom-Heat|Rotom-Heat|242\/242
|
|turn|79
|
|switch|p1a: Slowbro|Slowbro-Mega, M|280\/343
|move|p2a: Meet Your Maker|Scald|p1a: Slowbro
|-resisted|p1a: Slowbro
|-damage|p1a: Slowbro|169\/343
|
|turn|80
|
|move|p2a: Meet Your Maker|Scald|p1a: Slowbro
|-resisted|p1a: Slowbro
|-damage|p1a: Slowbro|70\/343
|move|p1a: Slowbro|Slack Off|p1a: Slowbro
|-heal|p1a: Slowbro|242\/343
|
|turn|81
|
|switch|p2a: Hyoga|Slowbro-Mega, M, shiny|391\/394
|move|p1a: Slowbro|Slack Off|p1a: Slowbro
|-heal|p1a: Slowbro|343\/343
|
|turn|82
|
|switch|p1a: Blissey|Blissey, F|397\/714
|move|p2a: Hyoga|Scald|p1a: Blissey
|-damage|p1a: Blissey|312\/714
|-status|p1a: Blissey|brn
|
|-damage|p1a: Blissey|223\/714 brn|[from] brn
|turn|83
|
|switch|p2a: Meet Your Maker|Keldeo-Resolute, shiny|208\/324
|move|p1a: Blissey|Wish|p1a: Blissey
|
|-damage|p1a: Blissey|134\/714 brn|[from] brn
|turn|84
|
|move|p1a: Blissey|Protect|p1a: Blissey
|-singleturn|p1a: Blissey|Protect
|move|p2a: Meet Your Maker|Hydro Pump|p1a: Blissey
|-activate|p1a: Blissey|Protect
|
|-heal|p1a: Blissey|491\/714 brn|[from] move: Wish|[wisher] Blissey
|-damage|p1a: Blissey|402\/714 brn|[from] brn
|turn|85
|
|switch|p2a: Hyoga's Mom|Chansey, F, shiny|484\/642
|move|p1a: Blissey|Wish|p1a: Blissey
|
|-damage|p1a: Blissey|313\/714 brn|[from] brn
|turn|86
|
|move|p1a: Blissey|Protect|p1a: Blissey
|-singleturn|p1a: Blissey|Protect
|move|p2a: Hyoga's Mom|Seismic Toss|p1a: Blissey
|-activate|p1a: Blissey|Protect
|
|-heal|p1a: Blissey|670\/714 brn|[from] move: Wish|[wisher] Blissey
|-damage|p1a: Blissey|581\/714 brn|[from] brn
|turn|87
|
|switch|p1a: Conkeldurr|Conkeldurr, F|234\/351
|switch|p2a: Batman|Gliscor, M|272\/354 tox
|
|-heal|p2a: Batman|316\/354 tox|[from] ability: Poison Heal
|turn|88
|c|âsyx001|I m tired
|
|switch|p2a: Hyoga|Slowbro-Mega, M, shiny|391\/394
|move|p1a: Conkeldurr|Ice Punch|p2a: Hyoga
|-resisted|p2a: Hyoga
|-damage|p2a: Hyoga|365\/394
|
|turn|89
|
|switch|p1a: Blissey|Blissey, F|581\/714
|move|p2a: Hyoga|Scald|p1a: Blissey
|-damage|p1a: Blissey|484\/714
|-status|p1a: Blissey|brn
|
|-damage|p1a: Blissey|395\/714 brn|[from] brn
|turn|90
|
|move|p1a: Blissey|Wish|p1a: Blissey
|move|p2a: Hyoga|Scald|p1a: Blissey
|-damage|p1a: Blissey|301\/714 brn
|
|-damage|p1a: Blissey|212\/714 brn|[from] brn
|turn|91
|
|move|p1a: Blissey|Seismic Toss|p2a: Hyoga
|-damage|p2a: Hyoga|265\/394
|move|p2a: Hyoga|Flamethrower|p1a: Blissey
|-damage|p1a: Blissey|140\/714 brn
|
|-heal|p1a: Blissey|497\/714 brn|[from] move: Wish|[wisher] Blissey
|-damage|p1a: Blissey|408\/714 brn|[from] brn
|turn|92
|
|move|p1a: Blissey|Wish|p1a: Blissey
|move|p2a: Hyoga|Slack Off|p2a: Hyoga
|-heal|p2a: Hyoga|394\/394
|
|-damage|p1a: Blissey|319\/714 brn|[from] brn
|turn|93
|
|move|p1a: Blissey|Seismic Toss|p2a: Hyoga
|-damage|p2a: Hyoga|294\/394
|move|p2a: Hyoga|Flamethrower|p1a: Blissey
|-damage|p1a: Blissey|255\/714 brn
|
|-heal|p1a: Blissey|612\/714 brn|[from] move: Wish|[wisher] Blissey
|-damage|p1a: Blissey|523\/714 brn|[from] brn
|turn|94
|
|move|p1a: Blissey|Wish|p1a: Blissey
|move|p2a: Hyoga|Flamethrower|p1a: Blissey
|-damage|p1a: Blissey|457\/714 brn
|
|-damage|p1a: Blissey|368\/714 brn|[from] brn
|turn|95
|
|switch|p2a: Meow|Mew, shiny|403\/403
|move|p1a: Blissey|Seismic Toss|p2a: Meow
|-damage|p2a: Meow|303\/403
|
|-heal|p1a: Blissey|714\/714 brn|[from] move: Wish|[wisher] Blissey
|-heal|p2a: Meow|328\/403|[from] item: Leftovers
|-damage|p1a: Blissey|625\/714 brn|[from] brn
|turn|96
|
|move|p2a: Meow|Knock Off|p1a: Blissey
|-damage|p1a: Blissey|537\/714 brn
|move|p1a: Blissey|Seismic Toss|p2a: Meow
|-damage|p2a: Meow|228\/403
|
|-heal|p2a: Meow|253\/403|[from] item: Leftovers
|-damage|p1a: Blissey|448\/714 brn|[from] brn
|turn|97
|
|switch|p1a: Rotom-Heat|Rotom-Heat|242\/242
|move|p2a: Meow|Knock Off|p1a: Rotom-Heat
|-crit|p1a: Rotom-Heat
|-damage|p1a: Rotom-Heat|136\/242
|-enditem|p1a: Rotom-Heat|Eviolite|[from] move: Knock Off|[of] p2a: Meow
|
|-heal|p2a: Meow|278\/403|[from] item: Leftovers
|turn|98
|
|switch|p2a: Hyoga's Mom|Chansey, F, shiny|484\/642
|move|p1a: Rotom-Heat|Will-O-Wisp|p2a: Hyoga's Mom
|-status|p2a: Hyoga's Mom|brn
|
|-damage|p2a: Hyoga's Mom|404\/642 brn|[from] brn
|turn|99
|
|move|p1a: Rotom-Heat|Volt Switch|p2a: Hyoga's Mom
|-damage|p2a: Hyoga's Mom|314\/642 brn
|
|switch|p1a: Conkeldurr|Conkeldurr, F|234\/351
|move|p2a: Hyoga's Mom|Seismic Toss|p1a: Conkeldurr
|-damage|p1a: Conkeldurr|134\/351
|
|-damage|p2a: Hyoga's Mom|234\/642 brn|[from] brn
|turn|100
|
|switch|p2a: Hyoga|Slowbro-Mega, M, shiny|294\/394
|switch|p1a: Blissey|Blissey, F|448\/714
|
|turn|101
|
|move|p1a: Blissey|Wish|p1a: Blissey
|move|p2a: Hyoga|Toxic|p1a: Blissey
|-status|p1a: Blissey|tox
|
|-damage|p1a: Blissey|404\/714 tox|[from] psn
|turn|102
|
|switch|p1a: Conkeldurr|Conkeldurr, F|134\/351
|switch|p2a: Hyoga's Mom|Chansey, F, shiny|234\/642
|
|-heal|p1a: Conkeldurr|351\/351|[from] move: Wish|[wisher] Blissey
|turn|103
|
|switch|p2a: Hyoga|Slowbro-Mega, M, shiny|294\/394
|move|p1a: Conkeldurr|Knock Off|p2a: Hyoga
|-supereffective|p2a: Hyoga
|-damage|p2a: Hyoga|202\/394
|
|turn|104
|
|switch|p1a: Blissey|Blissey, F|404\/714
|move|p2a: Hyoga|Slack Off|p2a: Hyoga
|-heal|p2a: Hyoga|394\/394
|
|turn|105
|
|move|p1a: Blissey|Wish|p1a: Blissey
|move|p2a: Hyoga|Scald|p1a: Blissey
|-damage|p1a: Blissey|308\/714
|-status|p1a: Blissey|brn
|
|-damage|p1a: Blissey|219\/714 brn|[from] brn
|turn|106
|
|switch|p2a: Hyoga's Mom|Chansey, F, shiny|234\/642
|move|p1a: Blissey|Seismic Toss|p2a: Hyoga's Mom
|-damage|p2a: Hyoga's Mom|134\/642
|
|-heal|p1a: Blissey|576\/714 brn|[from] move: Wish|[wisher] Blissey
|-damage|p1a: Blissey|487\/714 brn|[from] brn
|turn|107
|
|switch|p1a: Conkeldurr|Conkeldurr, F|351\/351
|move|p2a: Hyoga's Mom|Soft-Boiled|p2a: Hyoga's Mom
|-heal|p2a: Hyoga's Mom|455\/642
|
|turn|108
|
|switch|p2a: Hyoga|Slowbro-Mega, M, shiny|394\/394
|move|p1a: Conkeldurr|Knock Off|p2a: Hyoga
|-supereffective|p2a: Hyoga
|-damage|p2a: Hyoga|300\/394
|
|turn|109
|
|switch|p1a: Blissey|Blissey, F|487\/714
|move|p2a: Hyoga|Scald|p1a: Blissey
|-damage|p1a: Blissey|402\/714
|
|turn|110
|
|move|p1a: Blissey|Seismic Toss|p2a: Hyoga
|-damage|p2a: Hyoga|200\/394
|move|p2a: Hyoga|Toxic|p1a: Blissey
|-status|p1a: Blissey|tox
|
|-damage|p1a: Blissey|358\/714 tox|[from] psn
|turn|111
|
|switch|p1a: Slowbro|Slowbro-Mega, M|343\/343
|move|p2a: Hyoga|Slack Off|p2a: Hyoga
|-heal|p2a: Hyoga|394\/394
|
|turn|112
|
|switch|p2a: Click Click Boom|Thundurus-Therian, M, shiny|312\/312
|move|p1a: Slowbro|Scald|p2a: Click Click Boom
|-damage|p2a: Click Click Boom|162\/312
|-status|p2a: Click Click Boom|brn
|
|-damage|p2a: Click Click Boom|123\/312 brn|[from] brn
|turn|113
|
|switch|p1a: Excadrill|Excadrill, F|362\/362
|-ability|p1a: Excadrill|Mold Breaker
|move|p2a: Click Click Boom|Volt Switch|p1a: Excadrill
|-immune|p1a: Excadrill|[msg]
|
|-damage|p2a: Click Click Boom|84\/312 brn|[from] brn
|turn|114
|
|switch|p2a: Hyoga|Slowbro-Mega, M, shiny|394\/394
|move|p1a: Excadrill|Iron Head|p2a: Hyoga
|-resisted|p2a: Hyoga
|-damage|p2a: Hyoga|359\/394
|
|turn|115
|
|switch|p1a: Slowbro|Slowbro-Mega, M|343\/343
|move|p2a: Hyoga|Flamethrower|p1a: Slowbro
|-resisted|p1a: Slowbro
|-damage|p1a: Slowbro|302\/343
|
|turn|116
|
|move|p1a: Slowbro|Scald|p2a: Hyoga
|-resisted|p2a: Hyoga
|-damage|p2a: Hyoga|284\/394
|move|p2a: Hyoga|Toxic|p1a: Slowbro
|-status|p1a: Slowbro|tox
|
|-damage|p1a: Slowbro|281\/343 tox|[from] psn
|turn|117
|
|switch|p2a: Hyoga's Mom|Chansey, F, shiny|455\/642
|switch|p1a: Blissey|Blissey, F|358\/714
|
|turn|118
|
|move|p1a: Blissey|Heal Bell|p1a: Blissey
|-cureteam|p1a: Blissey|[from] move: HealBell
|move|p2a: Hyoga's Mom|Aromatherapy|p2a: Hyoga's Mom
|-cureteam|p2a: Hyoga's Mom|[from] move: Aromatherapy
|
|turn|119
|
|switch|p2a: Meow|Mew, shiny|278\/403
|move|p1a: Blissey|Seismic Toss|p2a: Meow
|-damage|p2a: Meow|178\/403
|
|-heal|p2a: Meow|203\/403|[from] item: Leftovers
|turn|120
|
|move|p2a: Meow|Will-O-Wisp|p1a: Blissey
|-status|p1a: Blissey|brn
|move|p1a: Blissey|Seismic Toss|p2a: Meow
|-damage|p2a: Meow|103\/403
|
|-heal|p2a: Meow|128\/403|[from] item: Leftovers
|-damage|p1a: Blissey|269\/714 brn|[from] brn
|turn|121
|
|move|p2a: Meow|Roost|p2a: Meow
|-heal|p2a: Meow|330\/403
|move|p1a: Blissey|Wish|p1a: Blissey
|
|-heal|p2a: Meow|355\/403|[from] item: Leftovers
|-damage|p1a: Blissey|180\/714 brn|[from] brn
|turn|122
|
|move|p2a: Meow|Knock Off|p1a: Blissey
|-damage|p1a: Blissey|98\/714 brn
|move|p1a: Blissey|Seismic Toss|p2a: Meow
|-damage|p2a: Meow|255\/403
|
|-heal|p1a: Blissey|455\/714 brn|[from] move: Wish|[wisher] Blissey
|-heal|p2a: Meow|280\/403|[from] item: Leftovers
|-damage|p1a: Blissey|366\/714 brn|[from] brn
|turn|123
|
|switch|p1a: Rotom-Heat|Rotom-Heat|136\/242
|move|p2a: Meow|Knock Off|p1a: Rotom-Heat
|-damage|p1a: Rotom-Heat|88\/242
|
|-heal|p2a: Meow|305\/403|[from] item: Leftovers
|turn|124
|
|switch|p2a: Hyoga's Mom|Chansey, F, shiny|455\/642
|move|p1a: Rotom-Heat|Volt Switch|p2a: Hyoga's Mom
|-damage|p2a: Hyoga's Mom|374\/642
|
|switch|p1a: Excadrill|Excadrill, F|362\/362
|-ability|p1a: Excadrill|Mold Breaker
|
|turn|125
|
|switch|p1a: Rotom-Heat|Rotom-Heat|88\/242
|switch|p2a: Batman|Gliscor, M|316\/354
|
|-status|p2a: Batman|tox|[from] item: Toxic Orb
|turn|126
|
|switch|p1a: Conkeldurr|Conkeldurr, F|351\/351
|move|p2a: Batman|Protect|p2a: Batman
|-fail|p2a: Batman
|
|-heal|p2a: Batman|354\/354 tox|[from] ability: Poison Heal
|turn|127
|
|switch|p2a: Hyoga|Slowbro-Mega, M, shiny|284\/394
|move|p1a: Conkeldurr|Drain Punch|p2a: Hyoga
|-resisted|p2a: Hyoga
|-damage|p2a: Hyoga|248\/394
|
|turn|128
|
|switch|p1a: Blissey|Blissey, F|366\/714
|move|p2a: Hyoga|Scald|p1a: Blissey
|-damage|p1a: Blissey|269\/714
|
|turn|129
|
|move|p1a: Blissey|Seismic Toss|p2a: Hyoga
|-damage|p2a: Hyoga|148\/394
|move|p2a: Hyoga|Slack Off|p2a: Hyoga
|-heal|p2a: Hyoga|345\/394
|
|turn|130
|
|move|p1a: Blissey|Seismic Toss|p2a: Hyoga
|-damage|p2a: Hyoga|245\/394
|move|p2a: Hyoga|Scald|p1a: Blissey
|-damage|p1a: Blissey|173\/714
|-status|p1a: Blissey|brn
|
|-damage|p1a: Blissey|84\/714 brn|[from] brn
|turn|131
|
|move|p1a: Blissey|Seismic Toss|p2a: Hyoga
|-damage|p2a: Hyoga|145\/394
|move|p2a: Hyoga|Slack Off|p2a: Hyoga
|-heal|p2a: Hyoga|342\/394
|
|-damage|p1a: Blissey|0 fnt|[from] brn
|faint|p1a: Blissey
|
|switch|p1a: Slowbro|Slowbro-Mega, M|281\/343
|turn|132
|
|move|p2a: Hyoga|Scald|p1a: Slowbro
|-resisted|p1a: Slowbro
|-damage|p1a: Slowbro|227\/343
|move|p1a: Slowbro|Scald|p2a: Hyoga
|-resisted|p2a: Hyoga
|-damage|p2a: Hyoga|261\/394
|
|turn|133
|
|move|p1a: Slowbro|Scald|p2a: Hyoga
|-resisted|p2a: Hyoga
|-damage|p2a: Hyoga|180\/394
|-status|p2a: Hyoga|brn
|move|p2a: Hyoga|Toxic|p1a: Slowbro
|-status|p1a: Slowbro|tox
|
|-damage|p1a: Slowbro|206\/343 tox|[from] psn
|-damage|p2a: Hyoga|131\/394 brn|[from] brn
|turn|134
|c|âTeam Siren|gg
|
|move|p2a: Hyoga|Slack Off|p2a: Hyoga
|-heal|p2a: Hyoga|328\/394 brn
|move|p1a: Slowbro|Slack Off|p1a: Slowbro
|-heal|p1a: Slowbro|343\/343 tox
|
|-damage|p2a: Hyoga|279\/394 brn|[from] brn
|-damage|p1a: Slowbro|301\/343 tox|[from] psn
|turn|135
|
|switch|p2a: Hyoga's Mom|Chansey, F, shiny|374\/642
|move|p1a: Slowbro|Scald|p2a: Hyoga's Mom
|-damage|p2a: Hyoga's Mom|280\/642
|
|-damage|p1a: Slowbro|238\/343 tox|[from] psn
|turn|136
|-message|syx001 forfeited.
|leave|syx001
|
|switch|p1a: Conkeldurr|Conkeldurr, F|351\/351
|move|p2a: Hyoga's Mom|Aromatherapy|p2a: Hyoga's Mom
|-cureteam|p2a: Hyoga's Mom|[from] move: Aromatherapy
|
|turn|137
|
|win|Team Siren
|raw|Ladder updating...
|player|p1
|raw|syx001's rating: 1446 &rarr; <strong>1424<\/strong><br \/>(-22 for losing)
|raw|Team Siren's rating: 1419 &rarr; <strong>1442<\/strong><br \/>(+23 for winning)