|join|Team Siren
|join|rice milk
|player|p1|Team Siren|217
|player|p2|rice milk|1
|gametype|singles
|gen|6
|tier|OU
|rated
|clearpoke
|poke|p1|Slowbro, M, shiny
|poke|p1|Thundurus, M, shiny
|poke|p1|Clefable, F, shiny
|poke|p1|Chansey, F
|poke|p1|Keldeo-Resolute, shiny
|poke|p1|Mew, shiny
|poke|p2|Conkeldurr, M
|poke|p2|Quagsire, M
|poke|p2|Clefable, M
|poke|p2|Skarmory, F
|poke|p2|Tyranitar, M
|poke|p2|Gengar, M
|rule|Swagger Clause: Swagger is banned
|rule|Baton Pass Clause: Limit one PokÃ©mon knowing Baton Pass
|rule|Sleep Clause Mod: Limit one foe put to sleep
|rule|Species Clause: Limit one of each PokÃ©mon
|rule|OHKO Clause: OHKO moves are banned
|rule|Moody Clause: Moody is banned
|rule|Evasion Moves Clause: Evasion moves are banned
|rule|Endless Battle Clause: Forcing endless battles is banned
|rule|HP Percentage Mod: HP is shown in percentages
|teampreview
|
|start
|switch|p1a: Nuvemzona|Thundurus, M, shiny|301\/301
|switch|p2a: Skarmory|Skarmory, F|327\/327
|turn|1
|
|switch|p2a: Tyranitar|Tyranitar, M|342\/342
|-weather|Sandstorm
|move|p1a: Nuvemzona|Knock Off|p2a: Tyranitar
|-resisted|p2a: Tyranitar
|-damage|p2a: Tyranitar|296\/342
|
|-weather|Sandstorm|[upkeep]
|-damage|p1a: Nuvemzona|283\/301|[from] Sandstorm
|turn|2
|
|switch|p1a: Hyoga|Slowbro, M, shiny|394\/394
|switch|p2a: Quagsire|Quagsire, M|394\/394
|
|-weather|Sandstorm|[upkeep]
|-damage|p1a: Hyoga|370\/394|[from] Sandstorm
|turn|3
|
|detailschange|p1a: Hyoga|Slowbro-Mega, M, shiny
|-mega|p1a: Hyoga|Slowbro|Slowbronite
|move|p2a: Quagsire|Toxic|p1a: Hyoga
|-status|p1a: Hyoga|tox
|move|p1a: Hyoga|Toxic|p2a: Quagsire
|-status|p2a: Quagsire|tox
|
|-weather|Sandstorm|[upkeep]
|-damage|p1a: Hyoga|346\/394 tox|[from] Sandstorm
|-damage|p2a: Quagsire|370\/394 tox|[from] psn
|-damage|p1a: Hyoga|322\/394 tox|[from] psn
|turn|4
|
|switch|p2a: Clefable|Clefable, M|394\/394
|switch|p1a: Hyoga's Mom|Chansey, F|641\/641
|
|-weather|Sandstorm|[upkeep]
|-damage|p1a: Hyoga's Mom|601\/641|[from] Sandstorm
|turn|5
|
|move|p1a: Hyoga's Mom|Aromatherapy|p1a: Hyoga's Mom
|-cureteam|p1a: Hyoga's Mom|[from] move: Aromatherapy
|move|p2a: Clefable|Wish|p2a: Clefable
|
|-weather|none
|turn|6
|
|move|p1a: Hyoga's Mom|Thunder Wave|p2a: Clefable
|-status|p2a: Clefable|par
|move|p2a: Clefable|Heal Bell|p2a: Clefable
|-cureteam|p2a: Clefable|[from] move: HealBell
|
|turn|7
|
|switch|p2a: Quagsire|Quagsire, M|370\/394
|move|p1a: Hyoga's Mom|Thunder Wave|p2a: Quagsire
|-immune|p2a: Quagsire|[msg]
|
|-heal|p2a: Quagsire|394\/394|[from] item: Leftovers
|turn|8
|
|switch|p1a: Meow|Mew, shiny|403\/403
|move|p2a: Quagsire|Toxic|p1a: Meow
|-status|p1a: Meow|tox
|-status|p2a: Quagsire|tox
|
|-damage|p1a: Meow|378\/403 tox|[from] psn
|-damage|p2a: Quagsire|370\/394 tox|[from] psn
|turn|9
|
|switch|p2a: Tyranitar|Tyranitar, M|296\/342
|-weather|Sandstorm
|move|p1a: Meow|Knock Off|p2a: Tyranitar
|-resisted|p2a: Tyranitar
|-damage|p2a: Tyranitar|275\/342
|
|-weather|Sandstorm|[upkeep]
|-damage|p1a: Meow|353\/403 tox|[from] Sandstorm
|-heal|p1a: Meow|378\/403 tox|[from] item: Leftovers
|-damage|p1a: Meow|328\/403 tox|[from] psn
|turn|10
|
|detailschange|p2a: Tyranitar|Tyranitar-Mega, M
|-mega|p2a: Tyranitar|Tyranitar|Tyranitarite
|move|p2a: Tyranitar|Dragon Dance|p2a: Tyranitar
|-boost|p2a: Tyranitar|atk|1
|-boost|p2a: Tyranitar|spe|1
|move|p1a: Meow|Will-O-Wisp|p2a: Tyranitar|[miss]
|-miss|p1a: Meow|p2a: Tyranitar
|
|-weather|Sandstorm|[upkeep]
|-damage|p1a: Meow|303\/403 tox|[from] Sandstorm
|-heal|p1a: Meow|328\/403 tox|[from] item: Leftovers
|-damage|p1a: Meow|253\/403 tox|[from] psn
|turn|11
|
|move|p2a: Tyranitar|Iron Head|p1a: Meow
|-damage|p1a: Meow|117\/403 tox
|move|p1a: Meow|Will-O-Wisp|p2a: Tyranitar
|-status|p2a: Tyranitar|brn
|
|-weather|Sandstorm|[upkeep]
|-damage|p1a: Meow|92\/403 tox|[from] Sandstorm
|-heal|p1a: Meow|117\/403 tox|[from] item: Leftovers
|-damage|p2a: Tyranitar|233\/342 brn|[from] brn
|-damage|p1a: Meow|17\/403 tox|[from] psn
|turn|12
|
|switch|p1a: Hyoga|Slowbro-Mega, M, shiny|322\/394
|move|p2a: Tyranitar|Iron Head|p1a: Hyoga
|-resisted|p1a: Hyoga
|-damage|p1a: Hyoga|302\/394
|
|-weather|Sandstorm|[upkeep]
|-damage|p1a: Hyoga|278\/394|[from] Sandstorm
|-damage|p2a: Tyranitar|191\/342 brn|[from] brn
|turn|13
|
|switch|p2a: Clefable|Clefable, M|394\/394
|move|p1a: Hyoga|Scald|p2a: Clefable
|-damage|p2a: Clefable|288\/394
|
|-weather|none
|-heal|p2a: Clefable|312\/394|[from] item: Leftovers
|turn|14
|
|switch|p1a: Nuvemzona|Thundurus, M, shiny|283\/301
|move|p2a: Clefable|Heal Bell|p2a: Clefable
|-cureteam|p2a: Clefable|[from] move: HealBell
|
|-heal|p2a: Clefable|336\/394|[from] item: Leftovers
|turn|15
|c|ârice milk|werent u top 500 an hr ago
|c|ârice milk|lol
|c|âTeam Siren|ya why
|c|ârice milk|jw
|
|switch|p2a: Tyranitar|Tyranitar-Mega, M|191\/342
|-weather|Sandstorm
|move|p1a: Nuvemzona|Knock Off|p2a: Tyranitar
|-resisted|p2a: Tyranitar
|-damage|p2a: Tyranitar|156\/342
|
|-weather|Sandstorm|[upkeep]
|-damage|p1a: Nuvemzona|265\/301|[from] Sandstorm
|turn|16
|
|switch|p1a: Hyoga|Slowbro-Mega, M, shiny|278\/394
|move|p2a: Tyranitar|Iron Head|p1a: Hyoga
|-resisted|p1a: Hyoga
|-damage|p1a: Hyoga|253\/394
|
|-weather|Sandstorm|[upkeep]
|-damage|p1a: Hyoga|229\/394|[from] Sandstorm
|turn|17
|
|switch|p2a: Clefable|Clefable, M|336\/394
|move|p1a: Hyoga|Slack Off|p1a: Hyoga
|-heal|p1a: Hyoga|394\/394
|
|-weather|Sandstorm|[upkeep]
|-damage|p1a: Hyoga|370\/394|[from] Sandstorm
|-heal|p2a: Clefable|360\/394|[from] item: Leftovers
|turn|18
|
|move|p2a: Clefable|Wish|p2a: Clefable
|move|p1a: Hyoga|Scald|p2a: Clefable
|-damage|p2a: Clefable|251\/394
|-status|p2a: Clefable|brn
|
|-weather|Sandstorm|[upkeep]
|-damage|p1a: Hyoga|346\/394|[from] Sandstorm
|-heal|p2a: Clefable|275\/394 brn|[from] item: Leftovers
|turn|19
|
|switch|p2a: Skarmory|Skarmory, F|327\/327
|move|p1a: Hyoga|Scald|p2a: Skarmory
|-damage|p2a: Skarmory|228\/327
|
|-weather|none
|-heal|p2a: Skarmory|327\/327|[from] move: Wish|[wisher] Clefable
|turn|20
|
|move|p2a: Skarmory|Stealth Rock|p1a: Hyoga
|-sidestart|p1: Team Siren|move: Stealth Rock
|move|p1a: Hyoga|Flamethrower|p2a: Skarmory
|-supereffective|p2a: Skarmory
|-damage|p2a: Skarmory|179\/327
|
|-heal|p2a: Skarmory|199\/327|[from] item: Leftovers
|turn|21
|
|switch|p2a: Clefable|Clefable, M|275\/394 brn
|move|p1a: Hyoga|Scald|p2a: Clefable
|-damage|p2a: Clefable|178\/394 brn
|
|-heal|p2a: Clefable|202\/394 brn|[from] item: Leftovers
|turn|22
|
|switch|p1a: Nuvemzona|Thundurus, M, shiny|265\/301
|-damage|p1a: Nuvemzona|190\/301|[from] Stealth Rock
|move|p2a: Clefable|Wish|p2a: Clefable
|
|-heal|p2a: Clefable|226\/394 brn|[from] item: Leftovers
|turn|23
|
|move|p2a: Clefable|Protect|p2a: Clefable
|-singleturn|p2a: Clefable|Protect
|move|p1a: Nuvemzona|Superpower|p2a: Clefable
|-activate|p2a: Clefable|Protect
|
|-heal|p2a: Clefable|394\/394 brn|[from] move: Wish|[wisher] Clefable
|turn|24
|
|switch|p1a: Meow|Mew, shiny|17\/403 tox
|-damage|p1a: Meow|0 fnt|[from] Stealth Rock
|faint|p1a: Meow
|move|p2a: Clefable|Moonblast|p1: Meow|[notarget]
|-notarget
|
|
|switch|p1a: CounterLogicGaming|Clefable, F, shiny|385\/385
|-damage|p1a: CounterLogicGaming|337\/385|[from] Stealth Rock
|turn|25
|c|ârice milk|love the green ears
|c|ârice milk|so hawt
|
|move|p2a: Clefable|Wish|p2a: Clefable
|move|p1a: CounterLogicGaming|Moonblast|p2a: Clefable
|-damage|p2a: Clefable|300\/394 brn
|
|-heal|p1a: CounterLogicGaming|361\/385|[from] item: Leftovers
|-heal|p2a: Clefable|324\/394 brn|[from] item: Leftovers
|turn|26
|
|switch|p2a: Quagsire|Quagsire, M|370\/394
|move|p1a: CounterLogicGaming|Calm Mind|p1a: CounterLogicGaming
|-boost|p1a: CounterLogicGaming|spa|1
|-boost|p1a: CounterLogicGaming|spd|1
|
|-heal|p2a: Quagsire|394\/394|[from] move: Wish|[wisher] Clefable
|-heal|p1a: CounterLogicGaming|385\/385|[from] item: Leftovers
|turn|27
|
|move|p1a: CounterLogicGaming|Moonblast|p2a: Quagsire
|-damage|p2a: Quagsire|244\/394
|move|p2a: Quagsire|Haze|p2a: Quagsire
|-clearallboost
|
|-heal|p2a: Quagsire|268\/394|[from] item: Leftovers
|turn|28
|
|move|p1a: CounterLogicGaming|Moonblast|p2a: Quagsire
|-damage|p2a: Quagsire|114\/394
|move|p2a: Quagsire|Toxic|p1a: CounterLogicGaming
|-status|p1a: CounterLogicGaming|tox
|
|-heal|p2a: Quagsire|138\/394|[from] item: Leftovers
|-damage|p1a: CounterLogicGaming|361\/385 tox|[from] psn
|turn|29
|
|switch|p2a: Clefable|Clefable, M|324\/394 brn
|move|p1a: CounterLogicGaming|Moonblast|p2a: Clefable
|-damage|p2a: Clefable|228\/394 brn
|-unboost|p2a: Clefable|spa|1
|
|-heal|p2a: Clefable|252\/394 brn|[from] item: Leftovers
|-heal|p1a: CounterLogicGaming|385\/385 tox|[from] item: Leftovers
|-damage|p1a: CounterLogicGaming|337\/385 tox|[from] psn
|turn|30
|
|switch|p1a: Hyoga's Mom|Chansey, F|601\/641
|-damage|p1a: Hyoga's Mom|521\/641|[from] Stealth Rock
|move|p2a: Clefable|Wish|p2a: Clefable
|
|-heal|p2a: Clefable|276\/394 brn|[from] item: Leftovers
|turn|31
|
|switch|p2a: Quagsire|Quagsire, M|138\/394
|move|p1a: Hyoga's Mom|Seismic Toss|p2a: Quagsire
|-damage|p2a: Quagsire|38\/394
|
|-heal|p2a: Quagsire|235\/394|[from] move: Wish|[wisher] Clefable
|-heal|p2a: Quagsire|259\/394|[from] item: Leftovers
|turn|32
|-message|Team Siren forfeited.
|
|win|rice milk
|raw|Ladder updating...
|raw|Team Siren's rating: 1584 &rarr; <strong>1556<\/strong><br \/>(-28 for losing)
|raw|rice milk's rating: 1434 &rarr; <strong>1462<\/strong><br \/>(+28 for winning)