|join|Team Siren
|join|kadecapohogan
|player|p1|Team Siren|217
|player|p2|kadecapohogan|25
|gametype|singles
|gen|6
|tier|OU
|rated
|clearpoke
|poke|p1|Slowbro, M, shiny
|poke|p1|Thundurus-Therian, M, shiny
|poke|p1|Gliscor, M
|poke|p1|Chansey, F, shiny
|poke|p1|Keldeo-Resolute, shiny
|poke|p1|Mew, shiny
|poke|p2|Medicham, F, shiny
|poke|p2|Magnezone
|poke|p2|Latios, M, shiny
|poke|p2|Thundurus, M
|poke|p2|Heatran, M
|poke|p2|Gyarados, M
|rule|Swagger Clause: Swagger is banned
|rule|Baton Pass Clause: Limit one PokÃ©mon knowing Baton Pass
|rule|Sleep Clause Mod: Limit one foe put to sleep
|rule|Species Clause: Limit one of each PokÃ©mon
|rule|OHKO Clause: OHKO moves are banned
|rule|Moody Clause: Moody is banned
|rule|Evasion Moves Clause: Evasion moves are banned
|rule|Endless Battle Clause: Forcing endless battles is banned
|rule|HP Percentage Mod: HP is shown in percentages
|teampreview
|
|start
|switch|p1a: Click Click Boom|Thundurus-Therian, M, shiny|312\/312
|switch|p2a: Chrome|Magnezone|282\/282
|turn|1
|
|move|p1a: Click Click Boom|Volt Switch|p2a: Chrome
|-resisted|p2a: Chrome
|-damage|p2a: Chrome|210\/282
|
|switch|p1a: Hyoga's Mom|Chansey, F, shiny|642\/642
|move|p2a: Chrome|Flash Cannon|p1a: Hyoga's Mom
|-damage|p1a: Hyoga's Mom|549\/642
|
|turn|2
|
|switch|p2a: Megatron|Heatran, M|354\/354
|-item|p2a: Megatron|Air Balloon
|move|p1a: Hyoga's Mom|Thunder Wave|p2a: Megatron
|-status|p2a: Megatron|par
|
|turn|3
|
|move|p1a: Hyoga's Mom|Seismic Toss|p2a: Megatron
|-damage|p2a: Megatron|254\/354 par
|-enditem|p2a: Megatron|Air Balloon
|move|p2a: Megatron|Toxic|p1a: Hyoga's Mom
|-status|p1a: Hyoga's Mom|tox
|
|-damage|p1a: Hyoga's Mom|509\/642 tox|[from] psn
|turn|4
|
|switch|p1a: Batman|Gliscor, M|354\/354
|move|p2a: Megatron|Stealth Rock|p1a: Batman
|-sidestart|p1: Team Siren|move: Stealth Rock
|
|-status|p1a: Batman|tox|[from] item: Toxic Orb
|turn|5
|
|move|p1a: Batman|Knock Off|p2a: Megatron
|-damage|p2a: Megatron|220\/354 par
|move|p2a: Megatron|Lava Plume|p1a: Batman
|-damage|p1a: Batman|216\/354 tox
|
|-heal|p1a: Batman|260\/354 tox|[from] ability: Poison Heal
|turn|6
|
|move|p1a: Batman|Substitute|p1a: Batman
|-start|p1a: Batman|Substitute
|-damage|p1a: Batman|172\/354 tox
|move|p2a: Megatron|Lava Plume|p1a: Batman
|-end|p1a: Batman|Substitute
|
|-heal|p1a: Batman|216\/354 tox|[from] ability: Poison Heal
|turn|7
|
|move|p1a: Batman|Earthquake|p2a: Megatron
|-supereffective|p2a: Megatron
|-damage|p2a: Megatron|0 fnt
|faint|p2a: Megatron
|
|-heal|p1a: Batman|260\/354 tox|[from] ability: Poison Heal
|
|switch|p2a: Jafar|Thundurus, M|300\/300
|turn|8
|
|switch|p1a: Hyoga's Mom|Chansey, F, shiny|509\/642
|-damage|p1a: Hyoga's Mom|429\/642|[from] Stealth Rock
|move|p2a: Jafar|Nasty Plot|p2a: Jafar
|-boost|p2a: Jafar|spa|2
|
|turn|9
|
|move|p2a: Jafar|Thunderbolt|p1a: Hyoga's Mom
|-damage|p1a: Hyoga's Mom|282\/642
|move|p1a: Hyoga's Mom|Seismic Toss|p2a: Jafar
|-damage|p2a: Jafar|200\/300
|
|-heal|p2a: Jafar|218\/300|[from] item: Leftovers
|turn|10
|
|move|p2a: Jafar|Nasty Plot|p2a: Jafar
|-boost|p2a: Jafar|spa|2
|move|p1a: Hyoga's Mom|Soft-Boiled|p1a: Hyoga's Mom
|-heal|p1a: Hyoga's Mom|603\/642
|
|-heal|p2a: Jafar|236\/300|[from] item: Leftovers
|turn|11
|
|move|p2a: Jafar|Thunderbolt|p1a: Hyoga's Mom
|-damage|p1a: Hyoga's Mom|387\/642
|move|p1a: Hyoga's Mom|Seismic Toss|p2a: Jafar
|-damage|p2a: Jafar|136\/300
|
|-heal|p2a: Jafar|154\/300|[from] item: Leftovers
|turn|12
|
|move|p2a: Jafar|Thunderbolt|p1a: Hyoga's Mom
|-damage|p1a: Hyoga's Mom|185\/642
|-status|p1a: Hyoga's Mom|par
|cant|p1a: Hyoga's Mom|par
|
|-heal|p2a: Jafar|172\/300|[from] item: Leftovers
|turn|13
|
|move|p2a: Jafar|Thunderbolt|p1a: Hyoga's Mom
|-damage|p1a: Hyoga's Mom|0 fnt
|faint|p1a: Hyoga's Mom
|
|-heal|p2a: Jafar|190\/300|[from] item: Leftovers
|
|switch|p1a: Click Click Boom|Thundurus-Therian, M, shiny|312\/312
|-damage|p1a: Click Click Boom|234\/312|[from] Stealth Rock
|turn|14
|
|move|p1a: Click Click Boom|Thunderbolt|p2a: Jafar
|-damage|p2a: Jafar|0 fnt
|faint|p2a: Jafar
|
|
|switch|p2a: Loafers|Medicham, F, shiny|261\/261
|turn|15
|
|switch|p1a: Meow|Mew, shiny|403\/403
|-damage|p1a: Meow|353\/403|[from] Stealth Rock
|detailschange|p2a: Loafers|Medicham-Mega, F, shiny
|-mega|p2a: Loafers|Medicham|Medichamite
|move|p2a: Loafers|Ice Punch|p1a: Meow
|-damage|p1a: Meow|230\/403
|
|-heal|p1a: Meow|255\/403|[from] item: Leftovers
|turn|16
|
|switch|p2a: CocoPuffs|Latios, M, shiny|332\/332
|move|p1a: Meow|Will-O-Wisp|p2a: CocoPuffs|[miss]
|-miss|p1a: Meow|p2a: CocoPuffs
|
|-heal|p1a: Meow|280\/403|[from] item: Leftovers
|turn|17
|
|move|p2a: CocoPuffs|Draco Meteor|p1a: Meow|[miss]
|-miss|p2a: CocoPuffs|p1a: Meow
|move|p1a: Meow|Roost|p1a: Meow
|-heal|p1a: Meow|403\/403
|
|turn|18
|
|move|p2a: CocoPuffs|Draco Meteor|p1a: Meow
|-damage|p1a: Meow|165\/403
|-unboost|p2a: CocoPuffs|spa|2
|-damage|p2a: CocoPuffs|299\/332|[from] item: Life Orb
|move|p1a: Meow|Roost|p1a: Meow
|-heal|p1a: Meow|367\/403
|
|-heal|p1a: Meow|392\/403|[from] item: Leftovers
|turn|19
|
|switch|p2a: Chrome|Magnezone|210\/282
|move|p1a: Meow|Defog|p2a: Chrome
|-unboost|p2a: Chrome|evasion|1
|-sideend|p1: Team Siren|Stealth Rock|[from] move: Defog|[of] p1a: Meow
|
|-heal|p1a: Meow|403\/403|[from] item: Leftovers
|turn|20
|
|move|p1a: Meow|Will-O-Wisp|p2a: Chrome
|-status|p2a: Chrome|brn
|move|p2a: Chrome|Thunderbolt|p1a: Meow
|-damage|p1a: Meow|207\/403
|
|-heal|p1a: Meow|232\/403|[from] item: Leftovers
|-damage|p2a: Chrome|175\/282 brn|[from] brn
|turn|21
|
|move|p1a: Meow|Roost|p1a: Meow
|-heal|p1a: Meow|403\/403
|move|p2a: Chrome|Thunderbolt|p1a: Meow
|-damage|p1a: Meow|208\/403
|
|-heal|p1a: Meow|233\/403|[from] item: Leftovers
|-damage|p2a: Chrome|140\/282 brn|[from] brn
|turn|22
|
|move|p1a: Meow|Roost|p1a: Meow
|-heal|p1a: Meow|403\/403
|move|p2a: Chrome|Thunderbolt|p1a: Meow
|-damage|p1a: Meow|214\/403
|
|-heal|p1a: Meow|239\/403|[from] item: Leftovers
|-damage|p2a: Chrome|105\/282 brn|[from] brn
|turn|23
|
|move|p1a: Meow|Roost|p1a: Meow
|-heal|p1a: Meow|403\/403
|move|p2a: Chrome|Thunderbolt|p1a: Meow
|-crit|p1a: Meow
|-damage|p1a: Meow|114\/403
|
|-heal|p1a: Meow|139\/403|[from] item: Leftovers
|-damage|p2a: Chrome|70\/282 brn|[from] brn
|turn|24
|
|move|p1a: Meow|Roost|p1a: Meow
|-heal|p1a: Meow|341\/403
|move|p2a: Chrome|Thunderbolt|p1a: Meow
|-damage|p1a: Meow|145\/403
|
|-heal|p1a: Meow|170\/403|[from] item: Leftovers
|-damage|p2a: Chrome|35\/282 brn|[from] brn
|turn|25
|
|move|p1a: Meow|Roost|p1a: Meow
|-heal|p1a: Meow|372\/403
|move|p2a: Chrome|Thunderbolt|p1a: Meow
|-damage|p1a: Meow|162\/403
|
|-heal|p1a: Meow|187\/403|[from] item: Leftovers
|-damage|p2a: Chrome|0 fnt|[from] brn
|faint|p2a: Chrome
|
|switch|p2a: Rage|Gyarados, M|332\/332
|turn|26
|
|move|p2a: Rage|Waterfall|p1a: Meow
|-damage|p1a: Meow|12\/403
|move|p1a: Meow|Will-O-Wisp|p2a: Rage
|-status|p2a: Rage|brn
|
|-heal|p1a: Meow|37\/403|[from] item: Leftovers
|-damage|p2a: Rage|291\/332 brn|[from] brn
|turn|27
|
|switch|p1a: Hyoga|Slowbro, M, shiny|394\/394
|move|p2a: Rage|Waterfall|p1a: Hyoga
|-resisted|p1a: Hyoga
|-damage|p1a: Hyoga|359\/394
|
|-damage|p2a: Rage|250\/332 brn|[from] brn
|turn|28
|
|switch|p2a: CocoPuffs|Latios, M, shiny|299\/332
|detailschange|p1a: Hyoga|Slowbro-Mega, M, shiny
|-mega|p1a: Hyoga|Slowbro|Slowbronite
|move|p1a: Hyoga|Scald|p2a: CocoPuffs
|-resisted|p2a: CocoPuffs
|-damage|p2a: CocoPuffs|257\/332
|
|turn|29
|
|switch|p1a: Meow|Mew, shiny|37\/403
|move|p2a: CocoPuffs|Draco Meteor|p1a: Meow
|-damage|p1a: Meow|0 fnt
|-unboost|p2a: CocoPuffs|spa|2
|-damage|p2a: CocoPuffs|224\/332|[from] item: Life Orb
|faint|p1a: Meow
|
|
|switch|p1a: Click Click Boom|Thundurus-Therian, M, shiny|234\/312
|turn|30
|
|switch|p2a: Rage|Gyarados, M|250\/332 brn
|move|p1a: Click Click Boom|Dark Pulse|p2a: Rage
|-damage|p2a: Rage|154\/332 brn
|
|-damage|p2a: Rage|113\/332 brn|[from] brn
|turn|31
|
|switch|p1a: Batman|Gliscor, M|260\/354 tox
|move|p2a: Rage|Ice Fang|p1a: Batman
|-supereffective|p1a: Batman
|-damage|p1a: Batman|104\/354 tox
|
|-damage|p2a: Rage|72\/332 brn|[from] brn
|-heal|p1a: Batman|148\/354 tox|[from] ability: Poison Heal
|turn|32
|
|move|p1a: Batman|Protect|p1a: Batman
|-singleturn|p1a: Batman|Protect
|move|p2a: Rage|Ice Fang|p1a: Batman
|-activate|p1a: Batman|Protect
|
|-damage|p2a: Rage|31\/332 brn|[from] brn
|-heal|p1a: Batman|192\/354 tox|[from] ability: Poison Heal
|turn|33
|
|switch|p1a: Hyoga|Slowbro-Mega, M, shiny|359\/394
|move|p2a: Rage|Ice Fang|p1a: Hyoga
|-resisted|p1a: Hyoga
|-damage|p1a: Hyoga|345\/394
|
|-damage|p2a: Rage|0 fnt|[from] brn
|faint|p2a: Rage
|
|switch|p2a: CocoPuffs|Latios, M, shiny|224\/332
|turn|34
|
|move|p2a: CocoPuffs|Draco Meteor|p1a: Hyoga
|-damage|p1a: Hyoga|20\/394
|-unboost|p2a: CocoPuffs|spa|2
|-damage|p2a: CocoPuffs|191\/332|[from] item: Life Orb
|move|p1a: Hyoga|Slack Off|p1a: Hyoga
|-heal|p1a: Hyoga|217\/394
|
|turn|35
|
|move|p2a: CocoPuffs|Roost|p2a: CocoPuffs
|-heal|p2a: CocoPuffs|332\/332
|move|p1a: Hyoga|Slack Off|p1a: Hyoga
|-heal|p1a: Hyoga|394\/394
|
|turn|36
|
|switch|p2a: Loafers|Medicham-Mega, F, shiny|261\/261
|move|p1a: Hyoga|Toxic|p2a: Loafers
|-status|p2a: Loafers|tox
|
|-damage|p2a: Loafers|245\/261 tox|[from] psn
|turn|37
|
|move|p2a: Loafers|Zen Headbutt|p1a: Hyoga
|-resisted|p1a: Hyoga
|-damage|p1a: Hyoga|342\/394
|move|p1a: Hyoga|Slack Off|p1a: Hyoga
|-heal|p1a: Hyoga|394\/394
|
|-damage|p2a: Loafers|213\/261 tox|[from] psn
|turn|38
|
|move|p2a: Loafers|Zen Headbutt|p1a: Hyoga
|-resisted|p1a: Hyoga
|-damage|p1a: Hyoga|340\/394
|move|p1a: Hyoga|Scald|p2a: Loafers
|-damage|p2a: Loafers|87\/261 tox
|
|-damage|p2a: Loafers|39\/261 tox|[from] psn
|turn|39
|
|move|p2a: Loafers|Zen Headbutt|p1a: Hyoga
|-resisted|p1a: Hyoga
|-damage|p1a: Hyoga|280\/394
|move|p1a: Hyoga|Slack Off|p1a: Hyoga
|-heal|p1a: Hyoga|394\/394
|
|-damage|p2a: Loafers|0 fnt|[from] psn
|faint|p2a: Loafers
|
|switch|p2a: CocoPuffs|Latios, M, shiny|332\/332
|turn|40
|
|move|p2a: CocoPuffs|Draco Meteor|p1a: Hyoga
|-damage|p1a: Hyoga|108\/394
|-unboost|p2a: CocoPuffs|spa|2
|-damage|p2a: CocoPuffs|299\/332|[from] item: Life Orb
|move|p1a: Hyoga|Slack Off|p1a: Hyoga
|-heal|p1a: Hyoga|305\/394
|
|turn|41
|
|move|p2a: CocoPuffs|Draco Meteor|p1a: Hyoga
|-damage|p1a: Hyoga|140\/394
|-unboost|p2a: CocoPuffs|spa|2
|-damage|p2a: CocoPuffs|266\/332|[from] item: Life Orb
|move|p1a: Hyoga|Toxic|p2a: CocoPuffs|[miss]
|-miss|p1a: Hyoga|p2a: CocoPuffs
|
|turn|42
|
|move|p2a: CocoPuffs|Draco Meteor|p1a: Hyoga|[miss]
|-miss|p2a: CocoPuffs|p1a: Hyoga
|move|p1a: Hyoga|Slack Off|p1a: Hyoga
|-heal|p1a: Hyoga|337\/394
|
|turn|43
|
|move|p2a: CocoPuffs|Draco Meteor|p1a: Hyoga
|-damage|p1a: Hyoga|232\/394
|-unboost|p2a: CocoPuffs|spa|2
|-damage|p2a: CocoPuffs|233\/332|[from] item: Life Orb
|move|p1a: Hyoga|Toxic|p2a: CocoPuffs|[miss]
|-miss|p1a: Hyoga|p2a: CocoPuffs
|
|turn|44
|c|âTeam Siren|my slowbro
|c|âTeam Siren|is blind
|c|âTeam Siren|sorry
|
|move|p2a: CocoPuffs|Psyshock|p1a: Hyoga
|-resisted|p1a: Hyoga
|-damage|p1a: Hyoga|220\/394
|-damage|p2a: CocoPuffs|200\/332|[from] item: Life Orb
|move|p1a: Hyoga|Slack Off|p1a: Hyoga
|-heal|p1a: Hyoga|394\/394
|
|turn|45
|
|move|p2a: CocoPuffs|Psyshock|p1a: Hyoga
|-resisted|p1a: Hyoga
|-damage|p1a: Hyoga|382\/394
|-damage|p2a: CocoPuffs|167\/332|[from] item: Life Orb
|move|p1a: Hyoga|Toxic|p2a: CocoPuffs
|-status|p2a: CocoPuffs|tox
|
|-damage|p2a: CocoPuffs|147\/332 tox|[from] psn
|turn|46
|
|move|p2a: CocoPuffs|Psyshock|p1a: Hyoga
|-resisted|p1a: Hyoga
|-damage|p1a: Hyoga|370\/394
|-damage|p2a: CocoPuffs|114\/332 tox|[from] item: Life Orb
|move|p1a: Hyoga|Scald|p2a: CocoPuffs
|-resisted|p2a: CocoPuffs
|-damage|p2a: CocoPuffs|75\/332 tox
|
|-damage|p2a: CocoPuffs|35\/332 tox|[from] psn
|turn|47
|
|move|p2a: CocoPuffs|Psyshock|p1a: Hyoga
|-resisted|p1a: Hyoga
|-damage|p1a: Hyoga|358\/394
|-damage|p2a: CocoPuffs|2\/332 tox|[from] item: Life Orb
|move|p1a: Hyoga|Slack Off|p1a: Hyoga
|-heal|p1a: Hyoga|394\/394
|
|-damage|p2a: CocoPuffs|0 fnt|[from] psn
|faint|p2a: CocoPuffs
|
|win|Team Siren
|raw|Ladder updating...
|raw|Team Siren's rating: 1402 &rarr; <strong>1419<\/strong><br \/>(+17 for winning)
|raw|kadecapohogan's rating: 1343 &rarr; <strong>1327<\/strong><br \/>(-16 for losing)
|c|âkadecapohogan|gg
|c|âTeam Siren|gg