|join|King D-Ssain
|join|Team Siren
|player|p1|King D-Ssain|269
|player|p2|Team Siren|217
|gametype|singles
|gen|6
|tier|OU
|rated
|clearpoke
|poke|p1|Darmanitan, M, shiny
|poke|p1|Latios, M
|poke|p1|Aerodactyl, F
|poke|p1|Rotom-Wash
|poke|p1|Scizor, F, shiny
|poke|p1|Thundurus, M
|poke|p2|Slowbro, M, shiny
|poke|p2|Thundurus, M, shiny
|poke|p2|Clefable, F, shiny
|poke|p2|Chansey, F
|poke|p2|Victini
|poke|p2|Mew, shiny
|rule|Swagger Clause: Swagger is banned
|rule|Baton Pass Clause: Limit one PokÃ©mon knowing Baton Pass
|rule|Sleep Clause Mod: Limit one foe put to sleep
|rule|Species Clause: Limit one of each PokÃ©mon
|rule|OHKO Clause: OHKO moves are banned
|rule|Moody Clause: Moody is banned
|rule|Evasion Moves Clause: Evasion moves are banned
|rule|Endless Battle Clause: Forcing endless battles is banned
|rule|HP Percentage Mod: HP is shown in percentages
|teampreview
|c|âKing D-Ssain|glhf
|
|start
|switch|p1a: Pedodactyl|Aerodactyl, F|301\/301
|switch|p2a: Nuvemzona|Thundurus, M, shiny|301\/301
|-ability|p1a: Pedodactyl|Pressure
|turn|1
|
|switch|p2a: Hyoga|Slowbro, M, shiny|394\/394
|move|p1a: Pedodactyl|Rock Slide|p2a: Hyoga
|-damage|p2a: Hyoga|319\/394
|
|turn|2
|join|Chululu
|
|detailschange|p2a: Hyoga|Slowbro-Mega, M, shiny
|-mega|p2a: Hyoga|Slowbro|Slowbronite
|move|p1a: Pedodactyl|Stealth Rock|p2a: Hyoga
|-sidestart|p2: Team Siren|move: Stealth Rock
|move|p2a: Hyoga|Toxic|p1a: Pedodactyl
|-status|p1a: Pedodactyl|tox
|
|-damage|p1a: Pedodactyl|283\/301 tox|[from] psn
|turn|3
|
|switch|p1a: Drogon|Latios, M|301\/301
|move|p2a: Hyoga|Toxic|p1a: Drogon
|-status|p1a: Drogon|tox
|
|-damage|p1a: Drogon|283\/301 tox|[from] psn
|turn|4
|
|switch|p1a: Lotis Apparatus|Rotom-Wash|303\/303
|switch|p2a: Meow|Mew, shiny|403\/403
|-damage|p2a: Meow|353\/403|[from] Stealth Rock
|
|-heal|p2a: Meow|378\/403|[from] item: Leftovers
|turn|5
|
|move|p2a: Meow|Defog|p1a: Lotis Apparatus
|-unboost|p1a: Lotis Apparatus|evasion|1
|-sideend|p2: Team Siren|Stealth Rock|[from] move: Defog|[of] p2a: Meow
|move|p1a: Lotis Apparatus|Volt Switch|p2a: Meow
|-damage|p2a: Meow|303\/403
|
|switch|p1a: Darm Kong|Darmanitan, M, shiny|351\/351
|
|-heal|p2a: Meow|328\/403|[from] item: Leftovers
|turn|6
|c| Chululu|aehooo
|
|switch|p2a: Hyoga|Slowbro-Mega, M, shiny|319\/394
|move|p1a: Darm Kong|Flare Blitz|p2a: Hyoga
|-resisted|p2a: Hyoga
|-damage|p2a: Hyoga|245\/394
|-damage|p1a: Darm Kong|327\/351|[from] recoil|[of] p2a: Hyoga
|
|turn|7
|c|âTeam Siren|aeho u say
|c| Chululu|lol nao Ã© band
|c| Chululu|isso ai
|
|switch|p1a: Lotis Apparatus|Rotom-Wash|303\/303
|move|p2a: Hyoga|Slack Off|p2a: Hyoga
|-heal|p2a: Hyoga|394\/394
|
|turn|8
|c|âTeam Siren|msm se for
|c| Chululu|scarf
|c|âTeam Siren|qual a diferenÃ§a entre 18 ou 27?
|c|âTeam Siren|lol
|
|switch|p2a: Meow|Mew, shiny|328\/403
|move|p1a: Lotis Apparatus|Volt Switch|p2a: Meow
|-damage|p2a: Meow|256\/403
|
|switch|p1a: Darm Kong|Darmanitan, M, shiny|327\/351
|
|-heal|p2a: Meow|281\/403|[from] item: Leftovers
|turn|9
|
|switch|p2a: Hyoga|Slowbro-Mega, M, shiny|394\/394
|move|p1a: Darm Kong|U-turn|p2a: Hyoga
|-supereffective|p2a: Hyoga
|-damage|p2a: Hyoga|298\/394
|
|switch|p1a: GOD|Thundurus, M|299\/299
|
|turn|10
|
|switch|p2a: Hyoga's Mom|Chansey, F|641\/641
|move|p1a: GOD|Superpower|p2a: Hyoga's Mom
|-supereffective|p2a: Hyoga's Mom
|-damage|p2a: Hyoga's Mom|246\/641
|-unboost|p1a: GOD|atk|1
|-unboost|p1a: GOD|def|1
|-damage|p1a: GOD|270\/299|[from] item: Life Orb
|
|turn|11
|c| Chululu|OPA
|c| Chululu|sounds oddly familiar
|c| Chululu|to me
|c|âTeam Siren|ne
|
|switch|p2a: CounterLogicGaming|Clefable, F, shiny|385\/385
|move|p1a: GOD|Superpower|p2a: CounterLogicGaming
|-resisted|p2a: CounterLogicGaming
|-damage|p2a: CounterLogicGaming|319\/385
|-unboost|p1a: GOD|atk|1
|-unboost|p1a: GOD|def|1
|-damage|p1a: GOD|241\/299|[from] item: Life Orb
|
|-heal|p2a: CounterLogicGaming|343\/385|[from] item: Leftovers
|turn|12
|
|switch|p1a: Pedodactyl|Aerodactyl, F|283\/301 tox
|-ability|p1a: Pedodactyl|Pressure
|move|p2a: CounterLogicGaming|Moonblast|p1a: Pedodactyl
|-damage|p1a: Pedodactyl|156\/301 tox
|
|-heal|p2a: CounterLogicGaming|367\/385|[from] item: Leftovers
|-damage|p1a: Pedodactyl|138\/301 tox|[from] psn
|turn|13
|
|switch|p2a: Meow|Mew, shiny|281\/403
|move|p1a: Pedodactyl|Stealth Rock|p2a: Meow
|-sidestart|p2: Team Siren|move: Stealth Rock
|
|-heal|p2a: Meow|306\/403|[from] item: Leftovers
|-damage|p1a: Pedodactyl|102\/301 tox|[from] psn
|turn|14
|c| Chululu|wtf
|
|move|p1a: Pedodactyl|Taunt|p2a: Meow
|-start|p2a: Meow|move: Taunt
|cant|p2a: Meow|move: Taunt|Defog
|
|-heal|p2a: Meow|331\/403|[from] item: Leftovers
|-damage|p1a: Pedodactyl|48\/301 tox|[from] psn
|turn|15
|c| Chululu|pq tu nao matou
|c| Chululu|ele ia por sr
|
|move|p1a: Pedodactyl|Rock Slide|p2a: Meow
|-damage|p2a: Meow|222\/403
|move|p2a: Meow|Knock Off|p1a: Pedodactyl
|-damage|p1a: Pedodactyl|0 fnt
|-enditem|p1a: Pedodactyl|Focus Sash|[from] move: Knock Off|[of] p2a: Meow
|faint|p1a: Pedodactyl
|
|-heal|p2a: Meow|247\/403|[from] item: Leftovers
|c| Chululu|no matter what
|
|switch|p1a: Darm Kong|Darmanitan, M, shiny|327\/351
|turn|16
|
|move|p1a: Darm Kong|U-turn|p2a: Meow
|-supereffective|p2a: Meow
|-damage|p2a: Meow|65\/403
|
|switch|p1a: Golden Bug|Scizor, F, shiny|343\/343
|move|p2a: Meow|Knock Off|p1a: Golden Bug
|-damage|p1a: Golden Bug|296\/343
|
|-heal|p2a: Meow|90\/403|[from] item: Leftovers
|-end|p2a: Meow|move: Taunt
|turn|17
|
|detailschange|p1a: Golden Bug|Scizor-Mega, F, shiny
|-mega|p1a: Golden Bug|Scizor|Scizorite
|move|p1a: Golden Bug|Bullet Punch|p2a: Meow
|-damage|p2a: Meow|0 fnt
|faint|p2a: Meow
|
|
|switch|p2a: V|Victini|342\/342
|-damage|p2a: V|257\/342|[from] Stealth Rock
|turn|18
|
|switch|p1a: Lotis Apparatus|Rotom-Wash|303\/303
|move|p2a: V|V-create|p1a: Lotis Apparatus
|-resisted|p1a: Lotis Apparatus
|-damage|p1a: Lotis Apparatus|106\/303
|-unboost|p2a: V|def|1
|-unboost|p2a: V|spd|1
|-unboost|p2a: V|spe|1
|
|turn|19
|
|switch|p2a: Hyoga's Mom|Chansey, F|246\/641
|-damage|p2a: Hyoga's Mom|166\/641|[from] Stealth Rock
|move|p1a: Lotis Apparatus|Rest|p1a: Lotis Apparatus
|-status|p1a: Lotis Apparatus|slp
|-heal|p1a: Lotis Apparatus|303\/303 slp|[silent]
|-status|p1a: Lotis Apparatus|slp|[from] move: Rest
|-enditem|p1a: Lotis Apparatus|Chesto Berry|[eat]
|-curestatus|p1a: Lotis Apparatus|slp
|
|turn|20
|c|âKing D-Ssain|powea
|
|move|p1a: Lotis Apparatus|Volt Switch|p2a: Hyoga's Mom
|-damage|p2a: Hyoga's Mom|117\/641
|
|switch|p1a: Darm Kong|Darmanitan, M, shiny|327\/351
|move|p2a: Hyoga's Mom|Soft-Boiled|p2a: Hyoga's Mom
|-heal|p2a: Hyoga's Mom|438\/641
|
|turn|21
|
|move|p1a: Darm Kong|U-turn|p2a: Hyoga's Mom
|-damage|p2a: Hyoga's Mom|309\/641
|
|switch|p1a: GOD|Thundurus, M|241\/299
|move|p2a: Hyoga's Mom|Thunder Wave|p1a: GOD
|-fail|p1a: GOD
|
|turn|22
|
|switch|p1a: Darm Kong|Darmanitan, M, shiny|327\/351
|move|p2a: Hyoga's Mom|Soft-Boiled|p2a: Hyoga's Mom
|-heal|p2a: Hyoga's Mom|630\/641
|
|turn|23
|
|move|p1a: Darm Kong|U-turn|p2a: Hyoga's Mom
|-damage|p2a: Hyoga's Mom|485\/641
|
|switch|p1a: Drogon|Latios, M|283\/301 tox
|move|p2a: Hyoga's Mom|Seismic Toss|p1a: Drogon
|-damage|p1a: Drogon|183\/301 tox
|
|-damage|p1a: Drogon|165\/301 tox|[from] psn
|turn|24
|
|move|p1a: Drogon|Trick|p2a: Hyoga's Mom
|-activate|p1a: Drogon|move: Trick|[of] p2a: Hyoga's Mom
|-item|p2a: Hyoga's Mom|Choice Scarf|[from] move: Trick
|-item|p1a: Drogon|Eviolite|[from] move: Trick
|move|p2a: Hyoga's Mom|Soft-Boiled|p2a: Hyoga's Mom
|-heal|p2a: Hyoga's Mom|641\/641
|
|-damage|p1a: Drogon|129\/301 tox|[from] psn
|turn|25
|
|switch|p1a: GOD|Thundurus, M|241\/299
|move|p2a: Hyoga's Mom|Soft-Boiled|p2a: Hyoga's Mom
|-fail|p2a: Hyoga's Mom
|
|turn|26
|
|switch|p1a: Darm Kong|Darmanitan, M, shiny|327\/351
|move|p2a: Hyoga's Mom|Soft-Boiled|p2a: Hyoga's Mom
|-fail|p2a: Hyoga's Mom
|
|turn|27
|c| Chululu|heh
|c| Chululu|primeiro
|c| Chululu|nego que usou scarf
|
|move|p1a: Darm Kong|U-turn|p2a: Hyoga's Mom
|-crit|p2a: Hyoga's Mom
|-damage|p2a: Hyoga's Mom|323\/641
|c| Chululu|do jeito que se Ã© pra usar
|
|switch|p1a: Lotis Apparatus|Rotom-Wash|303\/303
|move|p2a: Hyoga's Mom|Soft-Boiled|p2a: Hyoga's Mom
|-heal|p2a: Hyoga's Mom|641\/641
|
|turn|28
|
|move|p2a: Hyoga's Mom|Soft-Boiled|p2a: Hyoga's Mom
|-fail|p2a: Hyoga's Mom
|move|p1a: Lotis Apparatus|Volt Switch|p2a: Hyoga's Mom
|-damage|p2a: Hyoga's Mom|571\/641
|
|switch|p1a: Darm Kong|Darmanitan, M, shiny|327\/351
|
|turn|29
|
|move|p1a: Darm Kong|U-turn|p2a: Hyoga's Mom
|-damage|p2a: Hyoga's Mom|366\/641
|
|switch|p1a: GOD|Thundurus, M|241\/299
|move|p2a: Hyoga's Mom|Soft-Boiled|p2a: Hyoga's Mom
|-heal|p2a: Hyoga's Mom|641\/641
|
|turn|30
|
|switch|p1a: Darm Kong|Darmanitan, M, shiny|327\/351
|move|p2a: Hyoga's Mom|Soft-Boiled|p2a: Hyoga's Mom
|-fail|p2a: Hyoga's Mom
|
|turn|31
|
|move|p1a: Darm Kong|Rock Slide|p2a: Hyoga's Mom
|-damage|p2a: Hyoga's Mom|344\/641
|move|p2a: Hyoga's Mom|Soft-Boiled|p2a: Hyoga's Mom
|-heal|p2a: Hyoga's Mom|641\/641
|
|turn|32
|
|switch|p1a: GOD|Thundurus, M|241\/299
|move|p2a: Hyoga's Mom|Soft-Boiled|p2a: Hyoga's Mom
|-fail|p2a: Hyoga's Mom
|
|turn|33
|
|switch|p1a: Lotis Apparatus|Rotom-Wash|303\/303
|move|p2a: Hyoga's Mom|Soft-Boiled|p2a: Hyoga's Mom
|-fail|p2a: Hyoga's Mom
|
|turn|34
|
|move|p2a: Hyoga's Mom|Soft-Boiled|p2a: Hyoga's Mom
|-fail|p2a: Hyoga's Mom
|move|p1a: Lotis Apparatus|Volt Switch|p2a: Hyoga's Mom
|-damage|p2a: Hyoga's Mom|574\/641
|c| Chululu|scizor sem sd
|c| Chululu|pelo visto
|
|switch|p1a: Darm Kong|Darmanitan, M, shiny|327\/351
|
|turn|35
|
|move|p1a: Darm Kong|U-turn|p2a: Hyoga's Mom
|-damage|p2a: Hyoga's Mom|373\/641
|
|switch|p1a: Lotis Apparatus|Rotom-Wash|303\/303
|move|p2a: Hyoga's Mom|Soft-Boiled|p2a: Hyoga's Mom
|-heal|p2a: Hyoga's Mom|641\/641
|
|turn|36
|
|move|p2a: Hyoga's Mom|Soft-Boiled|p2a: Hyoga's Mom
|-fail|p2a: Hyoga's Mom
|move|p1a: Lotis Apparatus|Volt Switch|p2a: Hyoga's Mom
|-crit|p2a: Hyoga's Mom
|-damage|p2a: Hyoga's Mom|536\/641
|
|switch|p1a: Darm Kong|Darmanitan, M, shiny|327\/351
|
|turn|37
|
|move|p1a: Darm Kong|Rock Slide|p2a: Hyoga's Mom
|-damage|p2a: Hyoga's Mom|227\/641
|move|p2a: Hyoga's Mom|Soft-Boiled|p2a: Hyoga's Mom
|-heal|p2a: Hyoga's Mom|548\/641
|
|turn|38
|
|move|p1a: Darm Kong|Rock Slide|p2a: Hyoga's Mom
|-damage|p2a: Hyoga's Mom|270\/641
|move|p2a: Hyoga's Mom|Struggle|p1a: Darm Kong
|-damage|p1a: Darm Kong|323\/351
|-damage|p2a: Hyoga's Mom|110\/641
|
|turn|39
|
|move|p1a: Darm Kong|Rock Slide|p2a: Hyoga's Mom
|-damage|p2a: Hyoga's Mom|0 fnt
|faint|p2a: Hyoga's Mom
|
|c| Chululu|hmm
|c| Chululu|easily o thundy dele
|c| Chululu|entrava agora
|c| Chululu|e o jogo acabava
|
|switch|p2a: CounterLogicGaming|Clefable, F, shiny|367\/385
|-damage|p2a: CounterLogicGaming|319\/385|[from] Stealth Rock
|turn|40
|
|move|p1a: Darm Kong|Rock Slide|p2a: CounterLogicGaming
|-damage|p2a: CounterLogicGaming|195\/385
|move|p2a: CounterLogicGaming|Calm Mind|p2a: CounterLogicGaming
|-boost|p2a: CounterLogicGaming|spa|1
|-boost|p2a: CounterLogicGaming|spd|1
|
|-heal|p2a: CounterLogicGaming|219\/385|[from] item: Leftovers
|turn|41
|
|switch|p1a: Golden Bug|Scizor-Mega, F, shiny|296\/343
|move|p2a: CounterLogicGaming|Moonlight|p2a: CounterLogicGaming
|-heal|p2a: CounterLogicGaming|385\/385
|
|turn|42
|
|move|p1a: Golden Bug|Bullet Punch|p2a: CounterLogicGaming
|-supereffective|p2a: CounterLogicGaming
|-damage|p2a: CounterLogicGaming|113\/385
|move|p2a: CounterLogicGaming|Moonlight|p2a: CounterLogicGaming
|-heal|p2a: CounterLogicGaming|305\/385
|
|-heal|p2a: CounterLogicGaming|329\/385|[from] item: Leftovers
|turn|43
|c| Chululu|??????????????????????????????????????????????????????????????????
|
|move|p1a: Golden Bug|Bullet Punch|p2a: CounterLogicGaming
|-supereffective|p2a: CounterLogicGaming
|-damage|p2a: CounterLogicGaming|95\/385
|move|p2a: CounterLogicGaming|Flamethrower|p1a: Golden Bug
|-supereffective|p1a: Golden Bug
|-damage|p1a: Golden Bug|0 fnt
|faint|p1a: Golden Bug
|
|-heal|p2a: CounterLogicGaming|119\/385|[from] item: Leftovers
|
|switch|p1a: Darm Kong|Darmanitan, M, shiny|323\/351
|turn|44
|
|move|p1a: Darm Kong|Flare Blitz|p2a: CounterLogicGaming
|-damage|p2a: CounterLogicGaming|0 fnt
|-damage|p1a: Darm Kong|284\/351|[from] recoil|[of] p2a: CounterLogicGaming
|faint|p2a: CounterLogicGaming
|
|
|switch|p2a: V|Victini|257\/342
|-damage|p2a: V|172\/342|[from] Stealth Rock
|turn|45
|
|switch|p1a: Drogon|Latios, M|129\/301 tox
|move|p2a: V|Bolt Strike|p1a: Drogon
|-resisted|p1a: Drogon
|-damage|p1a: Drogon|16\/301 tox
|
|-damage|p1a: Drogon|0 fnt|[from] psn
|faint|p1a: Drogon
|
|switch|p1a: Lotis Apparatus|Rotom-Wash|303\/303
|turn|46
|
|move|p2a: V|Bolt Strike|p1a: Lotis Apparatus
|-damage|p1a: Lotis Apparatus|126\/303
|move|p1a: Lotis Apparatus|Hydro Pump|p2a: V
|-supereffective|p2a: V
|-damage|p2a: V|0 fnt
|faint|p2a: V
|
|
|switch|p2a: Nuvemzona|Thundurus, M, shiny|301\/301
|-damage|p2a: Nuvemzona|226\/301|[from] Stealth Rock
|turn|47
|
|move|p2a: Nuvemzona|Knock Off|p1a: Lotis Apparatus
|-damage|p1a: Lotis Apparatus|33\/303
|move|p1a: Lotis Apparatus|Volt Switch|p2a: Nuvemzona
|-damage|p2a: Nuvemzona|118\/301
|
|switch|p1a: Darm Kong|Darmanitan, M, shiny|284\/351
|
|turn|48
|
|switch|p2a: Hyoga|Slowbro-Mega, M, shiny|298\/394
|-damage|p2a: Hyoga|249\/394|[from] Stealth Rock
|move|p1a: Darm Kong|Flare Blitz|p2a: Hyoga
|-resisted|p2a: Hyoga
|-damage|p2a: Hyoga|171\/394
|-damage|p1a: Darm Kong|258\/351|[from] recoil|[of] p2a: Hyoga
|
|turn|49
|
|switch|p1a: Lotis Apparatus|Rotom-Wash|33\/303
|move|p2a: Hyoga|Scald|p1a: Lotis Apparatus
|-resisted|p1a: Lotis Apparatus
|-damage|p1a: Lotis Apparatus|0 fnt
|faint|p1a: Lotis Apparatus
|
|
|switch|p1a: GOD|Thundurus, M|241\/299
|turn|50
|
|move|p1a: GOD|Thunderbolt|p2a: Hyoga
|-supereffective|p2a: Hyoga
|-damage|p2a: Hyoga|0 fnt
|-damage|p1a: GOD|212\/299|[from] item: Life Orb
|faint|p2a: Hyoga
|
|
|switch|p2a: Nuvemzona|Thundurus, M, shiny|118\/301
|-damage|p2a: Nuvemzona|43\/301|[from] Stealth Rock
|turn|51
|
|move|p2a: Nuvemzona|Thunder Punch|p1a: GOD
|-damage|p1a: GOD|0 fnt
|faint|p1a: GOD
|
|
|switch|p1a: Darm Kong|Darmanitan, M, shiny|258\/351
|turn|52
|
|move|p1a: Darm Kong|Flare Blitz|p2a: Nuvemzona
|-damage|p2a: Nuvemzona|0 fnt
|-damage|p1a: Darm Kong|244\/351|[from] recoil|[of] p2a: Nuvemzona
|faint|p2a: Nuvemzona
|
|win|King D-Ssain
|raw|Ladder updating...
|raw|King D-Ssain's rating: 1605 &rarr; <strong>1625<\/strong><br \/>(+20 for winning)
|raw|Team Siren's rating: 1620 &rarr; <strong>1599<\/strong><br \/>(-21 for losing)
|leave|Team Siren
|c|âKing D-Ssain|ggwp
|player|p2