|join|lil manaphy
|join|Team Siren
|player|p1|lil manaphy|9
|player|p2|Team Siren|217
|gametype|singles
|gen|6
|tier|OU
|rated
|clearpoke
|poke|p1|Lopunny, F
|poke|p1|Rotom-Wash
|poke|p1|Gothitelle, M
|poke|p1|Celebi
|poke|p1|Heatran, M
|poke|p1|Mandibuzz, F
|poke|p2|Slowbro, M, shiny
|poke|p2|Thundurus, M, shiny
|poke|p2|Clefable, F, shiny
|poke|p2|Chansey, F
|poke|p2|Keldeo-Resolute, shiny
|poke|p2|Mew, shiny
|rule|Swagger Clause: Swagger is banned
|rule|Baton Pass Clause: Limit one PokÃ©mon knowing Baton Pass
|rule|Sleep Clause Mod: Limit one foe put to sleep
|rule|Species Clause: Limit one of each PokÃ©mon
|rule|OHKO Clause: OHKO moves are banned
|rule|Moody Clause: Moody is banned
|rule|Evasion Moves Clause: Evasion moves are banned
|rule|Endless Battle Clause: Forcing endless battles is banned
|rule|HP Percentage Mod: HP is shown in percentages
|teampreview
|
|start
|switch|p1a: Lopunny|Lopunny, F|271\/271
|switch|p2a: Nuvemzona|Thundurus, M, shiny|301\/301
|turn|1
|
|switch|p2a: Hyoga|Slowbro, M, shiny|394\/394
|detailschange|p1a: Lopunny|Lopunny-Mega, F
|-mega|p1a: Lopunny|Lopunny|Lopunnite
|move|p1a: Lopunny|Fake Out|p2a: Hyoga
|-damage|p2a: Hyoga|337\/394
|
|turn|2
|c|âTeam Siren|lil manaphy
|c|âTeam Siren|is this your main team?
|
|switch|p1a: Rotom-Wash|Rotom-Wash|303\/303
|detailschange|p2a: Hyoga|Slowbro-Mega, M, shiny
|-mega|p2a: Hyoga|Slowbro|Slowbronite
|move|p2a: Hyoga|Scald|p1a: Rotom-Wash
|-resisted|p1a: Rotom-Wash
|-damage|p1a: Rotom-Wash|246\/303
|
|-heal|p1a: Rotom-Wash|264\/303|[from] item: Leftovers
|turn|3
|
|move|p1a: Rotom-Wash|Volt Switch|p2a: Hyoga
|-supereffective|p2a: Hyoga
|-damage|p2a: Hyoga|155\/394
|
|switch|p1a: Heatran|Heatran, M|385\/385
|move|p2a: Hyoga|Slack Off|p2a: Hyoga
|-heal|p2a: Hyoga|352\/394
|
|turn|4
|c|âTeam Siren|yo?
|
|move|p1a: Heatran|Stealth Rock|p2a: Hyoga
|-sidestart|p2: Team Siren|move: Stealth Rock
|move|p2a: Hyoga|Scald|p1a: Heatran
|-supereffective|p1a: Heatran
|-damage|p1a: Heatran|215\/385
|
|-heal|p1a: Heatran|239\/385|[from] item: Leftovers
|turn|5
|
|move|p1a: Heatran|Protect|p1a: Heatran
|-singleturn|p1a: Heatran|Protect
|move|p2a: Hyoga|Scald|p1a: Heatran
|-activate|p1a: Heatran|Protect
|
|-heal|p1a: Heatran|263\/385|[from] item: Leftovers
|turn|6
|
|move|p1a: Heatran|Toxic|p2a: Hyoga
|-status|p2a: Hyoga|tox
|move|p2a: Hyoga|Scald|p1a: Heatran
|-supereffective|p1a: Heatran
|-damage|p1a: Heatran|101\/385
|
|-heal|p1a: Heatran|125\/385|[from] item: Leftovers
|-damage|p2a: Hyoga|328\/394 tox|[from] psn
|turn|7
|
|move|p1a: Heatran|Protect|p1a: Heatran
|-singleturn|p1a: Heatran|Protect
|move|p2a: Hyoga|Slack Off|p2a: Hyoga
|-heal|p2a: Hyoga|394\/394 tox
|
|-heal|p1a: Heatran|149\/385|[from] item: Leftovers
|-damage|p2a: Hyoga|346\/394 tox|[from] psn
|turn|8
|
|switch|p1a: Celebi|Celebi|404\/404
|move|p2a: Hyoga|Scald|p1a: Celebi
|-resisted|p1a: Celebi
|-damage|p1a: Celebi|358\/404
|
|-heal|p1a: Celebi|383\/404|[from] item: Leftovers
|-damage|p2a: Hyoga|274\/394 tox|[from] psn
|turn|9
|
|switch|p2a: Nuvemzona|Thundurus, M, shiny|301\/301
|-damage|p2a: Nuvemzona|226\/301|[from] Stealth Rock
|move|p1a: Celebi|Baton Pass|p1a: Celebi
|
|switch|p1a: Lopunny|Lopunny-Mega, F|271\/271
|
|turn|10
|
|switch|p2a: Hyoga|Slowbro-Mega, M, shiny|274\/394 tox
|-damage|p2a: Hyoga|225\/394 tox|[from] Stealth Rock
|move|p1a: Lopunny|Fake Out|p2a: Hyoga
|-damage|p2a: Hyoga|189\/394 tox
|
|-damage|p2a: Hyoga|165\/394 tox|[from] psn
|turn|11
|
|switch|p1a: Rotom-Wash|Rotom-Wash|264\/303
|move|p2a: Hyoga|Slack Off|p2a: Hyoga
|-heal|p2a: Hyoga|362\/394 tox
|
|-heal|p1a: Rotom-Wash|282\/303|[from] item: Leftovers
|-damage|p2a: Hyoga|314\/394 tox|[from] psn
|turn|12
|
|switch|p2a: Meow|Mew, shiny|403\/403
|-damage|p2a: Meow|353\/403|[from] Stealth Rock
|move|p1a: Rotom-Wash|Volt Switch|p2a: Meow
|-damage|p2a: Meow|277\/403
|
|switch|p1a: Gothitelle|Gothitelle, M|301\/301
|
|-heal|p2a: Meow|302\/403|[from] item: Leftovers
|turn|13
|
|move|p1a: Gothitelle|Trick|p2a: Meow
|-activate|p1a: Gothitelle|move: Trick|[of] p2a: Meow
|-item|p2a: Meow|Choice Scarf|[from] move: Trick
|-item|p1a: Gothitelle|Leftovers|[from] move: Trick
|move|p2a: Meow|Defog|p1a: Gothitelle
|-unboost|p1a: Gothitelle|evasion|1
|-sideend|p2: Team Siren|Stealth Rock|[from] move: Defog|[of] p2a: Meow
|
|turn|14
|
|move|p2a: Meow|Defog|p1a: Gothitelle
|-unboost|p1a: Gothitelle|evasion|1
|move|p1a: Gothitelle|Calm Mind|p1a: Gothitelle
|-boost|p1a: Gothitelle|spa|1
|-boost|p1a: Gothitelle|spd|1
|
|turn|15
|
|move|p2a: Meow|Defog|p1a: Gothitelle
|-unboost|p1a: Gothitelle|evasion|1
|move|p1a: Gothitelle|Calm Mind|p1a: Gothitelle
|-boost|p1a: Gothitelle|spa|1
|-boost|p1a: Gothitelle|spd|1
|
|turn|16
|
|move|p2a: Meow|Defog|p1a: Gothitelle
|-unboost|p1a: Gothitelle|evasion|1
|move|p1a: Gothitelle|Calm Mind|p1a: Gothitelle
|-boost|p1a: Gothitelle|spa|1
|-boost|p1a: Gothitelle|spd|1
|
|turn|17
|
|move|p2a: Meow|Defog|p1a: Gothitelle
|-unboost|p1a: Gothitelle|evasion|1
|move|p1a: Gothitelle|Calm Mind|p1a: Gothitelle
|-boost|p1a: Gothitelle|spa|1
|-boost|p1a: Gothitelle|spd|1
|
|turn|18
|
|move|p2a: Meow|Defog|p1a: Gothitelle
|-unboost|p1a: Gothitelle|evasion|1
|move|p1a: Gothitelle|Psychic|p2a: Meow
|-resisted|p2a: Meow
|-damage|p2a: Meow|141\/403
|
|turn|19
|
|move|p2a: Meow|Defog|p1a: Gothitelle
|move|p1a: Gothitelle|Calm Mind|p1a: Gothitelle
|-boost|p1a: Gothitelle|spa|1
|-boost|p1a: Gothitelle|spd|1
|
|turn|20
|
|move|p2a: Meow|Defog|p1a: Gothitelle
|move|p1a: Gothitelle|Calm Mind|p1a: Gothitelle
|-boost|p1a: Gothitelle|spa|1
|-boost|p1a: Gothitelle|spd|1
|
|turn|21
|
|move|p2a: Meow|Defog|p1a: Gothitelle
|move|p1a: Gothitelle|Trick|p2a: Meow
|-activate|p1a: Gothitelle|move: Trick|[of] p2a: Meow
|-item|p2a: Meow|Leftovers|[from] move: Trick
|-item|p1a: Gothitelle|Choice Scarf|[from] move: Trick
|
|-heal|p2a: Meow|166\/403|[from] item: Leftovers
|turn|22
|
|move|p1a: Gothitelle|Psychic|p2a: Meow
|-resisted|p2a: Meow
|-damage|p2a: Meow|0 fnt
|faint|p2a: Meow
|
|
|switch|p2a: Nuvemzona|Thundurus, M, shiny|226\/301
|turn|23
|
|move|p1a: Gothitelle|Psychic|p2a: Nuvemzona
|-damage|p2a: Nuvemzona|0 fnt
|faint|p2a: Nuvemzona
|
|
|switch|p2a: CounterLogicGaming|Clefable, F, shiny|385\/385
|turn|24
|
|switch|p1a: Heatran|Heatran, M|149\/385
|move|p2a: CounterLogicGaming|Calm Mind|p2a: CounterLogicGaming
|-boost|p2a: CounterLogicGaming|spa|1
|-boost|p2a: CounterLogicGaming|spd|1
|
|-heal|p1a: Heatran|173\/385|[from] item: Leftovers
|turn|25
|
|switch|p2a: Meet Your Maker|Keldeo-Resolute, shiny|324\/324
|move|p1a: Heatran|Toxic|p2a: Meet Your Maker
|-status|p2a: Meet Your Maker|tox
|
|-heal|p1a: Heatran|197\/385|[from] item: Leftovers
|-damage|p2a: Meet Your Maker|304\/324 tox|[from] psn
|turn|26
|
|move|p1a: Heatran|Protect|p1a: Heatran
|-singleturn|p1a: Heatran|Protect
|move|p2a: Meet Your Maker|Secret Sword|p1a: Heatran
|-activate|p1a: Heatran|Protect
|
|-heal|p1a: Heatran|221\/385|[from] item: Leftovers
|-damage|p2a: Meet Your Maker|264\/324 tox|[from] psn
|turn|27
|
|switch|p1a: Celebi|Celebi|383\/404
|move|p2a: Meet Your Maker|Secret Sword|p1a: Celebi
|-resisted|p1a: Celebi
|-damage|p1a: Celebi|280\/404
|
|-heal|p1a: Celebi|305\/404|[from] item: Leftovers
|-damage|p2a: Meet Your Maker|204\/324 tox|[from] psn
|turn|28
|
|switch|p2a: Hyoga's Mom|Chansey, F|642\/642
|move|p1a: Celebi|Baton Pass|p1a: Celebi
|
|switch|p1a: Gothitelle|Gothitelle, M|301\/301
|
|turn|29
|
|move|p1a: Gothitelle|Trick|p2a: Hyoga's Mom
|-activate|p1a: Gothitelle|move: Trick|[of] p2a: Hyoga's Mom
|-item|p2a: Hyoga's Mom|Choice Scarf|[from] move: Trick
|-item|p1a: Gothitelle|Eviolite|[from] move: Trick
|move|p2a: Hyoga's Mom|Seismic Toss|p1a: Gothitelle
|-damage|p1a: Gothitelle|201\/301
|
|turn|30
|
|move|p1a: Gothitelle|Calm Mind|p1a: Gothitelle
|-boost|p1a: Gothitelle|spa|1
|-boost|p1a: Gothitelle|spd|1
|move|p2a: Hyoga's Mom|Seismic Toss|p1a: Gothitelle
|-damage|p1a: Gothitelle|101\/301
|
|turn|31
|
|move|p1a: Gothitelle|Calm Mind|p1a: Gothitelle
|-boost|p1a: Gothitelle|spa|1
|-boost|p1a: Gothitelle|spd|1
|move|p2a: Hyoga's Mom|Seismic Toss|p1a: Gothitelle
|-damage|p1a: Gothitelle|1\/301
|
|turn|32
|
|move|p1a: Gothitelle|Rest|p1a: Gothitelle
|-status|p1a: Gothitelle|slp
|-heal|p1a: Gothitelle|301\/301 slp|[silent]
|-status|p1a: Gothitelle|slp|[from] move: Rest
|move|p2a: Hyoga's Mom|Seismic Toss|p1a: Gothitelle
|-damage|p1a: Gothitelle|201\/301 slp
|
|turn|33
|
|cant|p1a: Gothitelle|slp
|move|p2a: Hyoga's Mom|Seismic Toss|p1a: Gothitelle
|-damage|p1a: Gothitelle|101\/301 slp
|
|turn|34
|-message|Team Siren forfeited.
|
|win|lil manaphy
|raw|Ladder updating...
|raw|lil manaphy's rating: 1803 &rarr; <strong>1812<\/strong><br \/>(+9 for winning)
|raw|Team Siren's rating: 1593 &rarr; <strong>1584<\/strong><br \/>(-9 for losing)
|c|âTeam Siren|301 hp op