|join|joey193
|join|Team Siren
|player|p1|joey193|169
|player|p2|Team Siren|217
|gametype|singles
|gen|6
|tier|OU (suspect test)
|rated
|clearpoke
|poke|p1|Infernape, M
|poke|p1|Bisharp, M
|poke|p1|Thundurus, M
|poke|p1|Keldeo-Resolute
|poke|p1|Metagross
|poke|p1|Dragonite, M
|poke|p2|Scizor, M, shiny
|poke|p2|Keldeo-Resolute, shiny
|poke|p2|Clefable, F, shiny
|poke|p2|Chansey, F
|poke|p2|Gliscor, F, shiny
|poke|p2|Skarmory, F, shiny
|rule|Swagger Clause: Swagger is banned
|rule|Baton Pass Clause: Limit one PokÃ©mon knowing Baton Pass
|rule|Sleep Clause Mod: Limit one foe put to sleep
|rule|Species Clause: Limit one of each PokÃ©mon
|rule|OHKO Clause: OHKO moves are banned
|rule|Moody Clause: Moody is banned
|rule|Evasion Moves Clause: Evasion moves are banned
|rule|Endless Battle Clause: Forcing endless battles is banned
|rule|HP Percentage Mod: HP is shown in percentages
|teampreview
|
|start
|switch|p1a: Infernape|Infernape, M|293\/293
|switch|p2a: Meet Your Maker|Keldeo-Resolute, shiny|324\/324
|turn|1
|
|move|p2a: Meet Your Maker|Scald|p1a: Infernape
|-supereffective|p1a: Infernape
|-enditem|p1a: Infernape|Focus Sash
|-damage|p1a: Infernape|1\/293
|move|p1a: Infernape|Stealth Rock|p2a: Meet Your Maker
|-sidestart|p2: Team Siren|move: Stealth Rock
|
|turn|2
|
|move|p1a: Infernape|Endeavor|p2a: Meet Your Maker
|-damage|p2a: Meet Your Maker|1\/324
|move|p2a: Meet Your Maker|Scald|p1a: Infernape
|-supereffective|p1a: Infernape
|-damage|p1a: Infernape|0 fnt
|faint|p1a: Infernape
|
|
|switch|p1a: Metagross|Metagross|301\/301
|turn|3
|
|detailschange|p1a: Metagross|Metagross-Mega
|-mega|p1a: Metagross|Metagross|Metagrossite
|move|p1a: Metagross|Bullet Punch|p2a: Meet Your Maker
|-resisted|p2a: Meet Your Maker
|-damage|p2a: Meet Your Maker|0 fnt
|faint|p2a: Meet Your Maker
|
|
|switch|p2a: Pega Salsicha|Scizor, M, shiny|344\/344
|-damage|p2a: Pega Salsicha|301\/344|[from] Stealth Rock
|turn|4
|
|detailschange|p2a: Pega Salsicha|Scizor-Mega, M, shiny
|-mega|p2a: Pega Salsicha|Scizor|Scizorite
|move|p1a: Metagross|Hammer Arm|p2a: Pega Salsicha
|-damage|p2a: Pega Salsicha|199\/344
|-unboost|p1a: Metagross|spe|1
|move|p2a: Pega Salsicha|Roost|p2a: Pega Salsicha
|-heal|p2a: Pega Salsicha|344\/344
|
|turn|5
|
|switch|p1a: Thundurus|Thundurus, M|299\/299
|move|p2a: Pega Salsicha|Swords Dance|p2a: Pega Salsicha
|-boost|p2a: Pega Salsicha|atk|2
|
|turn|6
|
|move|p1a: Thundurus|Thunder Wave|p2a: Pega Salsicha
|-status|p2a: Pega Salsicha|par
|move|p2a: Pega Salsicha|Knock Off|p1a: Thundurus
|-damage|p1a: Thundurus|0 fnt
|-enditem|p1a: Thundurus|Life Orb|[from] move: Knock Off|[of] p2a: Pega Salsicha
|faint|p1a: Thundurus
|
|
|switch|p1a: Dragonite|Dragonite, M|323\/323
|turn|7
|
|switch|p2a: Hyoga's Mom|Chansey, F|642\/642
|-damage|p2a: Hyoga's Mom|562\/642|[from] Stealth Rock
|move|p1a: Dragonite|Fire Punch|p2a: Hyoga's Mom
|-crit|p2a: Hyoga's Mom
|-damage|p2a: Hyoga's Mom|218\/642
|
|turn|8
|
|switch|p1a: Keldeo-Resolute|Keldeo-Resolute|323\/323
|move|p2a: Hyoga's Mom|Thunder Wave|p1a: Keldeo-Resolute
|-status|p1a: Keldeo-Resolute|par
|
|turn|9
|
|move|p2a: Hyoga's Mom|Aromatherapy|p2a: Hyoga's Mom
|-cureteam|p2a: Hyoga's Mom|[from] move: Aromatherapy
|move|p1a: Keldeo-Resolute|Secret Sword|p2a: Hyoga's Mom
|-supereffective|p2a: Hyoga's Mom
|-damage|p2a: Hyoga's Mom|0 fnt
|faint|p2a: Hyoga's Mom
|
|
|switch|p2a: Gwaaah|Skarmory, F, shiny|334\/334
|-damage|p2a: Gwaaah|293\/334|[from] Stealth Rock
|turn|10
|
|switch|p1a: Dragonite|Dragonite, M|323\/323
|move|p2a: Gwaaah|Defog|p1a: Dragonite
|-unboost|p1a: Dragonite|evasion|1
|-sideend|p2: Team Siren|Stealth Rock|[from] move: Defog|[of] p2a: Gwaaah
|
|-heal|p2a: Gwaaah|313\/334|[from] item: Leftovers
|turn|11
|
|switch|p2a: Derp|Clefable, F, shiny|394\/394
|move|p1a: Dragonite|Fire Punch|p2a: Derp
|-damage|p2a: Derp|262\/394
|
|-heal|p2a: Derp|286\/394|[from] item: Leftovers
|turn|12
|
|switch|p1a: Keldeo-Resolute|Keldeo-Resolute|323\/323 par
|move|p2a: Derp|Flamethrower|p1a: Keldeo-Resolute
|-resisted|p1a: Keldeo-Resolute
|-damage|p1a: Keldeo-Resolute|285\/323 par
|
|-heal|p2a: Derp|310\/394|[from] item: Leftovers
|turn|13
|
|move|p2a: Derp|Moonlight|p2a: Derp
|-heal|p2a: Derp|394\/394
|move|p1a: Keldeo-Resolute|Scald|p2a: Derp
|-damage|p2a: Derp|180\/394
|-status|p2a: Derp|brn
|
|-heal|p2a: Derp|204\/394 brn|[from] item: Leftovers
|-damage|p2a: Derp|155\/394 brn|[from] brn
|turn|14
|c|âTeam Siren|god bless
|c|âTeam Siren|for cancel button
|c|âTeam Siren|not working
|c|âjoey193|It's the lag
|
|move|p2a: Derp|Moonblast|p1a: Keldeo-Resolute
|-supereffective|p1a: Keldeo-Resolute
|-damage|p1a: Keldeo-Resolute|33\/323 par
|move|p1a: Keldeo-Resolute|Scald|p2a: Derp
|-damage|p2a: Derp|0 fnt
|faint|p2a: Derp
|
|
|switch|p2a: Pega Salsicha|Scizor-Mega, M, shiny|344\/344
|turn|15
|
|move|p2a: Pega Salsicha|Knock Off|p1a: Keldeo-Resolute
|-resisted|p1a: Keldeo-Resolute
|-damage|p1a: Keldeo-Resolute|0 fnt
|-enditem|p1a: Keldeo-Resolute|Choice Specs|[from] move: Knock Off|[of] p2a: Pega Salsicha
|faint|p1a: Keldeo-Resolute
|
|
|switch|p1a: Dragonite|Dragonite, M|323\/323
|turn|16
|
|switch|p2a: Batman|Gliscor, F, shiny|354\/354
|move|p1a: Dragonite|Fire Punch|p2a: Batman
|-damage|p2a: Batman|246\/354
|
|-status|p2a: Batman|tox|[from] item: Toxic Orb
|turn|17
|
|switch|p1a: Metagross|Metagross-Mega|301\/301
|move|p2a: Batman|Knock Off|p1a: Metagross
|-supereffective|p1a: Metagross
|-damage|p1a: Metagross|227\/301
|
|-heal|p2a: Batman|290\/354 tox|[from] ability: Poison Heal
|turn|18
|
|move|p1a: Metagross|Meteor Mash|p2a: Batman|[miss]
|-miss|p1a: Metagross|p2a: Batman
|move|p2a: Batman|Earthquake|p1a: Metagross
|-supereffective|p1a: Metagross
|-damage|p1a: Metagross|65\/301
|
|-heal|p2a: Batman|334\/354 tox|[from] ability: Poison Heal
|turn|19
|c|âjoey193|I seem to land about 50% of those
|
|move|p1a: Metagross|Meteor Mash|p2a: Batman
|-damage|p2a: Batman|156\/354 tox
|move|p2a: Batman|Earthquake|p1a: Metagross
|-supereffective|p1a: Metagross
|-damage|p1a: Metagross|0 fnt
|faint|p1a: Metagross
|
|-heal|p2a: Batman|200\/354 tox|[from] ability: Poison Heal
|c|âTeam Siren|its what u have iron head for
|
|switch|p1a: Bisharp|Bisharp, M|271\/271
|turn|20
|c|âTeam Siren|just saying
|
|move|p1a: Bisharp|Knock Off|p2a: Batman
|-damage|p2a: Batman|52\/354 tox
|-enditem|p2a: Batman|Toxic Orb|[from] move: Knock Off|[of] p1a: Bisharp
|-damage|p1a: Bisharp|244\/271|[from] item: Life Orb
|move|p2a: Batman|Earthquake|p1a: Bisharp
|-supereffective|p1a: Bisharp
|-damage|p1a: Bisharp|4\/271
|
|-heal|p2a: Batman|96\/354 tox|[from] ability: Poison Heal
|turn|21
|
|move|p2a: Batman|Protect|p2a: Batman
|-singleturn|p2a: Batman|Protect
|move|p1a: Bisharp|Iron Head|p2a: Batman
|-activate|p2a: Batman|Protect
|
|-heal|p2a: Batman|140\/354 tox|[from] ability: Poison Heal
|turn|22
|
|move|p1a: Bisharp|Iron Head|p2a: Batman
|-damage|p2a: Batman|14\/354 tox
|-damage|p1a: Bisharp|0 fnt|[from] item: Life Orb
|faint|p1a: Bisharp
|move|p2a: Batman|Knock Off|p1: Bisharp|[notarget]
|-notarget
|
|-heal|p2a: Batman|58\/354 tox|[from] ability: Poison Heal
|
|switch|p1a: Dragonite|Dragonite, M|323\/323
|turn|23
|
|move|p1a: Dragonite|Fire Punch|p2a: Batman
|-crit|p2a: Batman
|-damage|p2a: Batman|0 fnt
|faint|p2a: Batman
|
|
|switch|p2a: Gwaaah|Skarmory, F, shiny|313\/334
|turn|24
|
|move|p1a: Dragonite|Fire Punch|p2a: Gwaaah
|-supereffective|p2a: Gwaaah
|-damage|p2a: Gwaaah|133\/334
|move|p2a: Gwaaah|Counter|p1a: Dragonite
|-damage|p1a: Dragonite|0 fnt
|faint|p1a: Dragonite
|
|win|Team Siren
|raw|Ladder updating...
|raw|joey193's rating: 1407 &rarr; <strong>1384<\/strong><br \/>(-23 for losing)
|raw|Team Siren's rating: 1359 &rarr; <strong>1382<\/strong><br \/>(+23 for winning)
|c|âjoey193|gg
|c|âTeam Siren|gg
|leave|joey193
|player|p1