|join|blamex
|join|Team Siren
|player|p1|blamex|291
|player|p2|Team Siren|217
|gametype|singles
|gen|6
|tier|OU (suspect test)
|rated
|clearpoke
|poke|p1|Azumarill, F
|poke|p1|Gardevoir, F, shiny
|poke|p1|Mandibuzz, F
|poke|p1|Sylveon, M
|poke|p1|Scolipede, F
|poke|p1|Scizor, M
|poke|p2|Scizor, M, shiny
|poke|p2|Keldeo-Resolute, shiny
|poke|p2|Clefable, M, shiny
|poke|p2|Chansey, F
|poke|p2|Gliscor, M, shiny
|poke|p2|Skarmory, M, shiny
|rule|Swagger Clause: Swagger is banned
|rule|Baton Pass Clause: Limit one PokÃ©mon knowing Baton Pass
|rule|Sleep Clause Mod: Limit one foe put to sleep
|rule|Species Clause: Limit one of each PokÃ©mon
|rule|OHKO Clause: OHKO moves are banned
|rule|Moody Clause: Moody is banned
|rule|Evasion Moves Clause: Evasion moves are banned
|rule|Endless Battle Clause: Forcing endless battles is banned
|rule|HP Percentage Mod: HP is shown in percentages
|teampreview
|
|start
|switch|p1a: Gardevoir|Gardevoir, F, shiny|278\/278
|switch|p2a: Meet Your Maker|Keldeo-Resolute, shiny|324\/324
|-ability|p1a: Gardevoir|Justified|[from] ability: Trace|[of] p2a: Meet Your Maker
|turn|1
|
|switch|p2a: Hyoga's Mom|Chansey, F|642\/642
|detailschange|p1a: Gardevoir|Gardevoir-Mega, F, shiny
|-mega|p1a: Gardevoir|Gardevoir|Gardevoirite
|move|p1a: Gardevoir|Hyper Voice|p2a: Hyoga's Mom
|-damage|p2a: Hyoga's Mom|509\/642
|
|turn|2
|
|switch|p1a: Scizor|Scizor, M|282\/282
|move|p2a: Hyoga's Mom|Thunder Wave|p1a: Scizor
|-status|p1a: Scizor|par
|
|turn|3
|
|move|p1a: Scizor|Pursuit|p2a: Hyoga's Mom|[from]Pursuit
|-damage|p2a: Hyoga's Mom|289\/642
|switch|p2a: Pega Salsicha|Scizor, M, shiny|344\/344
|
|turn|4
|
|switch|p1a: Mandibuzz|Mandibuzz, F|424\/424
|detailschange|p2a: Pega Salsicha|Scizor-Mega, M, shiny
|-mega|p2a: Pega Salsicha|Scizor|Scizorite
|move|p2a: Pega Salsicha|Swords Dance|p2a: Pega Salsicha
|-boost|p2a: Pega Salsicha|atk|2
|
|turn|5
|
|switch|p1a: Scolipede|Scolipede, F|323\/323
|move|p2a: Pega Salsicha|Knock Off|p1a: Scolipede
|-damage|p1a: Scolipede|79\/323
|-enditem|p1a: Scolipede|Black Sludge|[from] move: Knock Off|[of] p2a: Pega Salsicha
|
|turn|6
|
|move|p1a: Scolipede|Substitute|p1a: Scolipede
|-fail|p1a: Scolipede|move: Substitute|[weak]
|move|p2a: Pega Salsicha|Swords Dance|p2a: Pega Salsicha
|-boost|p2a: Pega Salsicha|atk|2
|
|-boost|p1a: Scolipede|spe|1|[from] ability: Speed Boost
|turn|7
|
|move|p1a: Scolipede|Baton Pass|p1a: Scolipede
|
|switch|p1a: Mandibuzz|Mandibuzz, F|424\/424
|move|p2a: Pega Salsicha|Swords Dance|p2a: Pega Salsicha
|-boost|p2a: Pega Salsicha|atk|2
|
|turn|8
|
|move|p1a: Mandibuzz|Knock Off|p2a: Pega Salsicha
|-damage|p2a: Pega Salsicha|311\/344
|move|p2a: Pega Salsicha|Knock Off|p1a: Mandibuzz
|-resisted|p1a: Mandibuzz
|-damage|p1a: Mandibuzz|262\/424
|-damage|p2a: Pega Salsicha|254\/344|[from] item: Rocky Helmet|[of] p1a: Mandibuzz
|-enditem|p1a: Mandibuzz|Rocky Helmet|[from] move: Knock Off|[of] p2a: Pega Salsicha
|
|turn|9
|
|move|p2a: Pega Salsicha|Bullet Punch|p1a: Mandibuzz
|-damage|p1a: Mandibuzz|0 fnt
|faint|p1a: Mandibuzz
|
|
|switch|p1a: Scizor|Scizor, M|282\/282 par
|turn|10
|
|move|p2a: Pega Salsicha|Knock Off|p1a: Scizor
|-damage|p1a: Scizor|0 fnt
|-enditem|p1a: Scizor|Choice Band|[from] move: Knock Off|[of] p2a: Pega Salsicha
|faint|p1a: Scizor
|
|-message|blamex forfeited.
|leave|blamex
|
|win|Team Siren
|raw|Ladder updating...
|player|p1
|raw|blamex's rating: 1193 &rarr; <strong>1175<\/strong><br \/>(-18 for losing)
|raw|Team Siren's rating: 1297 &rarr; <strong>1315<\/strong><br \/>(+18 for winning)