|join|luckperfect
|join|WhiteQueen
|player|p1|luckperfect|102
|player|p2|WhiteQueen|34
|gametype|singles
|gen|6
|tier|UU
|rated
|rule|Sleep Clause Mod: Limit one foe put to sleep
|rule|Species Clause: Limit one of each PokÃ©mon
|rule|OHKO Clause: OHKO moves are banned
|rule|Moody Clause: Moody is banned
|rule|Evasion Moves Clause: Evasion moves are banned
|rule|Endless Battle Clause: Forcing endless battles is banned
|rule|HP Percentage Mod: HP is shown in percentages
|clearpoke
|poke|p1|Abomasnow, F
|poke|p1|Starmie
|poke|p1|Hydreigon, F
|poke|p1|Jirachi
|poke|p1|Nidoqueen, F
|poke|p1|Blissey, F, shiny
|poke|p2|Infernape, F
|poke|p2|Ampharos, M
|poke|p2|Starmie
|poke|p2|Doublade, M
|poke|p2|Blissey, F
|poke|p2|Amoonguss, M
|rule|Swagger Clause: Swagger is banned
|rule|Baton Pass Clause: Limit one PokÃ©mon knowing Baton Pass
|teampreview
|
|start
|switch|p1a: Nidoqueen|Nidoqueen, F|383\/383
|switch|p2a: Infernape|Infernape, F|293\/293
|turn|1
|
|move|p2a: Infernape|U-turn|p1a: Nidoqueen
|-resisted|p1a: Nidoqueen
|-damage|p1a: Nidoqueen|352\/383
|
|switch|p2a: Blissey|Blissey, F|651\/651
|move|p1a: Nidoqueen|Toxic Spikes|p2a: Blissey
|-sidestart|p2: WhiteQueen|move: Toxic Spikes
|
|-heal|p1a: Nidoqueen|375\/383|[from] item: Black Sludge
|turn|2
|
|switch|p1a: Blissey|Blissey, F, shiny|713\/713
|move|p2a: Blissey|Stealth Rock|p1a: Blissey
|-sidestart|p1: luckperfect|move: Stealth Rock
|
|turn|3
|
|move|p2a: Blissey|Toxic|p1a: Blissey
|-status|p1a: Blissey|tox
|move|p1a: Blissey|Stealth Rock|p2a: Blissey
|-sidestart|p2: WhiteQueen|move: Stealth Rock
|
|-damage|p1a: Blissey|669\/713 tox|[from] psn
|turn|4
|
|switch|p2a: Amoonguss|Amoonguss, M|431\/431
|-sideend|p2: WhiteQueen|move: Toxic Spikes|[of] p2a: Amoonguss
|-damage|p2a: Amoonguss|378\/431|[from] Stealth Rock
|switch|p1a: Jirachi|Jirachi|404\/404
|-damage|p1a: Jirachi|379\/404|[from] Stealth Rock
|
|-heal|p1a: Jirachi|404\/404|[from] item: Leftovers
|-heal|p2a: Amoonguss|404\/431|[from] item: Black Sludge
|turn|5
|
|move|p1a: Jirachi|Substitute|p1a: Jirachi
|-start|p1a: Jirachi|Substitute
|-damage|p1a: Jirachi|303\/404
|move|p2a: Amoonguss|Spore|p1a: Jirachi
|
|-heal|p1a: Jirachi|328\/404|[from] item: Leftovers
|-heal|p2a: Amoonguss|430\/431|[from] item: Black Sludge
|turn|6
|
|switch|p2a: Blissey|Blissey, F|651\/651
|-damage|p2a: Blissey|570\/651|[from] Stealth Rock
|move|p1a: Jirachi|Fire Punch|p2a: Blissey
|-crit|p2a: Blissey
|-damage|p2a: Blissey|414\/651
|
|-heal|p1a: Jirachi|353\/404|[from] item: Leftovers
|-heal|p2a: Blissey|454\/651|[from] item: Leftovers
|turn|7
|
|switch|p2a: Starmie|Starmie|323\/323
|-damage|p2a: Starmie|283\/323|[from] Stealth Rock
|move|p1a: Jirachi|Iron Head|p2a: Starmie
|-resisted|p2a: Starmie
|-damage|p2a: Starmie|235\/323
|
|-heal|p2a: Starmie|255\/323|[from] item: Leftovers
|-heal|p1a: Jirachi|378\/404|[from] item: Leftovers
|turn|8
|
|move|p2a: Starmie|Scald|p1a: Jirachi
|-activate|p1a: Jirachi|Substitute|[damage]
|move|p1a: Jirachi|Toxic|p2a: Starmie
|-status|p2a: Starmie|tox
|
|-heal|p2a: Starmie|275\/323 tox|[from] item: Leftovers
|-heal|p1a: Jirachi|403\/404|[from] item: Leftovers
|-damage|p2a: Starmie|255\/323 tox|[from] psn
|turn|9
|
|move|p2a: Starmie|Rapid Spin|p1a: Jirachi
|-resisted|p1a: Jirachi
|-end|p1a: Jirachi|Substitute
|-sideend|p2: WhiteQueen|Stealth Rock|[from] move: Rapid Spin|[of] p2a: Starmie
|move|p1a: Jirachi|Substitute|p1a: Jirachi
|-start|p1a: Jirachi|Substitute
|-damage|p1a: Jirachi|302\/404
|
|-heal|p2a: Starmie|275\/323 tox|[from] item: Leftovers
|-heal|p1a: Jirachi|327\/404|[from] item: Leftovers
|-damage|p2a: Starmie|235\/323 tox|[from] psn
|turn|10
|
|switch|p2a: Ampharos|Ampharos, M|383\/383
|move|p1a: Jirachi|Fire Punch|p2a: Ampharos
|-damage|p2a: Ampharos|339\/383
|-status|p1a: Jirachi|par
|
|-heal|p1a: Jirachi|352\/404 par|[from] item: Leftovers
|turn|11
|
|detailschange|p2a: Ampharos|Ampharos-Mega, M
|message|Ampharos has Mega Evolved into Mega Ampharos!
|-ability|p2a: Ampharos|Mold Breaker
|move|p2a: Ampharos|Volt Switch|p1a: Jirachi
|-end|p1a: Jirachi|Substitute
|
|switch|p2a: Starmie|Starmie|235\/323
|cant|p1a: Jirachi|par
|
|-heal|p2a: Starmie|255\/323|[from] item: Leftovers
|-heal|p1a: Jirachi|377\/404 par|[from] item: Leftovers
|turn|12
|
|switch|p1a: Blissey|Blissey, F, shiny|669\/713
|-damage|p1a: Blissey|580\/713|[from] Stealth Rock
|move|p2a: Starmie|Scald|p1a: Blissey
|-damage|p1a: Blissey|502\/713
|
|-heal|p2a: Starmie|275\/323|[from] item: Leftovers
|-heal|p1a: Blissey|546\/713|[from] item: Leftovers
|turn|13
|
|move|p2a: Starmie|Scald|p1a: Blissey
|-damage|p1a: Blissey|468\/713
|move|p1a: Blissey|Thunder Wave|p2a: Starmie
|-status|p2a: Starmie|par
|
|-heal|p1a: Blissey|512\/713|[from] item: Leftovers
|-heal|p2a: Starmie|295\/323 par|[from] item: Leftovers
|turn|14
|
|move|p1a: Blissey|Stealth Rock|p2a: Starmie
|-sidestart|p2: WhiteQueen|move: Stealth Rock
|move|p2a: Starmie|Scald|p1a: Blissey
|-damage|p1a: Blissey|434\/713
|
|-heal|p1a: Blissey|478\/713|[from] item: Leftovers
|-heal|p2a: Starmie|315\/323 par|[from] item: Leftovers
|turn|15
|
|move|p1a: Blissey|Soft-Boiled|p1a: Blissey
|-heal|p1a: Blissey|713\/713
|move|p2a: Starmie|Rapid Spin|p1a: Blissey
|-damage|p1a: Blissey|695\/713
|-sideend|p2: WhiteQueen|Stealth Rock|[from] move: Rapid Spin|[of] p2a: Starmie
|
|-heal|p1a: Blissey|713\/713|[from] item: Leftovers
|-heal|p2a: Starmie|323\/323 par|[from] item: Leftovers
|turn|16
|
|move|p1a: Blissey|Stealth Rock|p2a: Starmie
|-sidestart|p2: WhiteQueen|move: Stealth Rock
|cant|p2a: Starmie|par
|
|turn|17
|
|switch|p1a: Starmie|Starmie|324\/324
|-damage|p1a: Starmie|284\/324|[from] Stealth Rock
|move|p2a: Starmie|Rapid Spin|p1a: Starmie
|-damage|p1a: Starmie|273\/324
|-sideend|p2: WhiteQueen|Stealth Rock|[from] move: Rapid Spin|[of] p2a: Starmie
|
|-heal|p1a: Starmie|293\/324|[from] item: Leftovers
|turn|18
|
|switch|p2a: Blissey|Blissey, F|454\/651
|move|p1a: Starmie|Scald|p2a: Blissey
|-damage|p2a: Blissey|394\/651
|
|-heal|p1a: Starmie|313\/324|[from] item: Leftovers
|-heal|p2a: Blissey|434\/651|[from] item: Leftovers
|turn|19
|
|move|p1a: Starmie|Rapid Spin|p2a: Blissey
|-damage|p2a: Blissey|418\/651
|-sideend|p1: luckperfect|Stealth Rock|[from] move: Rapid Spin|[of] p1a: Starmie
|move|p2a: Blissey|Toxic|p1a: Starmie
|-status|p1a: Starmie|tox
|
|-heal|p1a: Starmie|324\/324 tox|[from] item: Leftovers
|-heal|p2a: Blissey|458\/651|[from] item: Leftovers
|-damage|p1a: Starmie|304\/324 tox|[from] psn
|turn|20
|
|switch|p1a: Blissey|Blissey, F, shiny|713\/713
|move|p2a: Blissey|Stealth Rock|p1a: Blissey
|-sidestart|p1: luckperfect|move: Stealth Rock
|
|-heal|p2a: Blissey|498\/651|[from] item: Leftovers
|turn|21
|
|switch|p2a: Starmie|Starmie|323\/323
|move|p1a: Blissey|Thunder Wave|p2a: Starmie
|-status|p2a: Starmie|par
|
|turn|22
|
|move|p1a: Blissey|Stealth Rock|p2a: Starmie
|-sidestart|p2: WhiteQueen|move: Stealth Rock
|move|p2a: Starmie|Scald|p1a: Blissey
|-damage|p1a: Blissey|646\/713
|
|-heal|p1a: Blissey|690\/713|[from] item: Leftovers
|turn|23
|
|switch|p1a: Starmie|Starmie|304\/324
|-damage|p1a: Starmie|264\/324|[from] Stealth Rock
|cant|p2a: Starmie|par
|
|-heal|p1a: Starmie|284\/324|[from] item: Leftovers
|turn|24
|
|move|p1a: Starmie|Rapid Spin|p2a: Starmie
|-damage|p2a: Starmie|312\/323 par
|-sideend|p1: luckperfect|Stealth Rock|[from] move: Rapid Spin|[of] p1a: Starmie
|move|p2a: Starmie|Rapid Spin|p1a: Starmie
|-crit|p1a: Starmie
|-damage|p1a: Starmie|268\/324
|-sideend|p2: WhiteQueen|Stealth Rock|[from] move: Rapid Spin|[of] p2a: Starmie
|
|-heal|p1a: Starmie|288\/324|[from] item: Leftovers
|-heal|p2a: Starmie|323\/323 par|[from] item: Leftovers
|turn|25
|
|switch|p1a: Hydreigon|Hydreigon, F|325\/325
|move|p2a: Starmie|Scald|p1a: Hydreigon
|-resisted|p1a: Hydreigon
|-damage|p1a: Hydreigon|277\/325
|
|turn|26
|
|switch|p2a: Blissey|Blissey, F|498\/651
|move|p1a: Hydreigon|U-turn|p2a: Blissey
|-damage|p2a: Blissey|410\/651
|
|switch|p1a: Abomasnow|Abomasnow, F|373\/373
|-weather|Hail
|
|-weather|Hail|[upkeep]
|-damage|p2a: Blissey|370\/651|[from] hail
|-heal|p2a: Blissey|410\/651|[from] item: Leftovers
|turn|27
|
|detailschange|p1a: Abomasnow|Abomasnow-Mega, F
|message|Abomasnow has Mega Evolved into Mega Abomasnow!
|move|p1a: Abomasnow|Wood Hammer|p2a: Blissey
|-crit|p2a: Blissey
|-damage|p2a: Blissey|0 fnt
|-damage|p1a: Abomasnow|238\/373|[from] recoil|[of] p2a: Blissey
|faint|p2a: Blissey
|
|-weather|Hail|[upkeep]
|
|switch|p2a: Infernape|Infernape, F|293\/293
|turn|28
|
|switch|p1a: Jirachi|Jirachi|377\/404 par
|move|p2a: Infernape|U-turn|p1a: Jirachi
|-damage|p1a: Jirachi|311\/404 par
|
|switch|p2a: Ampharos|Ampharos-Mega, M|339\/383
|-ability|p2a: Ampharos|Mold Breaker
|
|-weather|Hail|[upkeep]
|-damage|p2a: Ampharos|316\/383|[from] hail
|-damage|p1a: Jirachi|286\/404 par|[from] hail
|-heal|p1a: Jirachi|311\/404 par|[from] item: Leftovers
|turn|29
|
|move|p2a: Ampharos|Dragon Pulse|p1a: Jirachi
|-resisted|p1a: Jirachi
|-damage|p1a: Jirachi|239\/404 par
|move|p1a: Jirachi|Toxic|p2a: Ampharos
|-status|p2a: Ampharos|tox
|
|-weather|Hail|[upkeep]
|-damage|p2a: Ampharos|293\/383 tox|[from] hail
|-damage|p1a: Jirachi|214\/404 par|[from] hail
|-heal|p1a: Jirachi|239\/404 par|[from] item: Leftovers
|-damage|p2a: Ampharos|270\/383 tox|[from] psn
|turn|30
|
|switch|p1a: Nidoqueen|Nidoqueen, F|375\/383
|move|p2a: Ampharos|Volt Switch|p1a: Nidoqueen
|-immune|p1a: Nidoqueen|[msg]
|
|-weather|none
|-heal|p1a: Nidoqueen|383\/383|[from] item: Black Sludge
|-damage|p2a: Ampharos|224\/383 tox|[from] psn
|turn|31
|
|switch|p2a: Amoonguss|Amoonguss, M|431\/431
|move|p1a: Nidoqueen|Earth Power|p2a: Amoonguss
|-damage|p2a: Amoonguss|332\/431
|
|-heal|p2a: Amoonguss|358\/431|[from] item: Black Sludge
|turn|32
|
|switch|p1a: Jirachi|Jirachi|239\/404 par
|move|p2a: Amoonguss|Giga Drain|p1a: Jirachi
|-resisted|p1a: Jirachi
|-damage|p1a: Jirachi|203\/404 par
|-heal|p2a: Amoonguss|376\/431|[from] drain|[of] p1a: Jirachi
|
|-heal|p2a: Amoonguss|402\/431|[from] item: Black Sludge
|-heal|p1a: Jirachi|228\/404 par|[from] item: Leftovers
|turn|33
|
|switch|p2a: Starmie|Starmie|323\/323
|cant|p1a: Jirachi|par
|
|-heal|p1a: Jirachi|253\/404 par|[from] item: Leftovers
|turn|34
|
|move|p2a: Starmie|Scald|p1a: Jirachi
|-damage|p1a: Jirachi|163\/404 par
|move|p1a: Jirachi|Toxic|p2a: Starmie
|-status|p2a: Starmie|tox
|
|-heal|p1a: Jirachi|188\/404 par|[from] item: Leftovers
|-damage|p2a: Starmie|303\/323 tox|[from] psn
|turn|35
|
|switch|p2a: Ampharos|Ampharos-Mega, M|224\/383 tox
|-ability|p2a: Ampharos|Mold Breaker
|move|p1a: Jirachi|Toxic|p2a: Ampharos
|-fail|p2a: Ampharos|tox
|
|-heal|p1a: Jirachi|213\/404 par|[from] item: Leftovers
|-damage|p2a: Ampharos|201\/383 tox|[from] psn
|turn|36
|
|switch|p1a: Blissey|Blissey, F, shiny|690\/713
|move|p2a: Ampharos|Rest|p2a: Ampharos
|-status|p2a: Ampharos|slp
|-heal|p2a: Ampharos|383\/383 slp|[silent]
|-status|p2a: Ampharos|slp|[from] move: Rest
|
|-heal|p1a: Blissey|713\/713|[from] item: Leftovers
|turn|37
|
|switch|p2a: Starmie|Starmie|303\/323
|move|p1a: Blissey|Stealth Rock|p2a: Starmie
|-sidestart|p2: WhiteQueen|move: Stealth Rock
|
|-heal|p2a: Starmie|323\/323|[from] item: Leftovers
|turn|38
|
|move|p2a: Starmie|Rapid Spin|p1a: Blissey
|-damage|p1a: Blissey|697\/713
|-sideend|p2: WhiteQueen|Stealth Rock|[from] move: Rapid Spin|[of] p2a: Starmie
|move|p1a: Blissey|Thunder Wave|p2a: Starmie
|-status|p2a: Starmie|par
|
|-heal|p1a: Blissey|713\/713|[from] item: Leftovers
|turn|39
|
|move|p1a: Blissey|Stealth Rock|p2a: Starmie
|-sidestart|p2: WhiteQueen|move: Stealth Rock
|move|p2a: Starmie|Scald|p1a: Blissey
|-damage|p1a: Blissey|635\/713
|
|-heal|p1a: Blissey|679\/713|[from] item: Leftovers
|turn|40
|
|switch|p1a: Abomasnow|Abomasnow-Mega, F|238\/373
|-weather|Hail
|move|p2a: Starmie|Rapid Spin|p1a: Abomasnow
|-damage|p1a: Abomasnow|228\/373
|-sideend|p2: WhiteQueen|Stealth Rock|[from] move: Rapid Spin|[of] p2a: Starmie
|
|-weather|Hail|[upkeep]
|-damage|p2a: Starmie|303\/323 par|[from] hail
|-heal|p2a: Starmie|323\/323 par|[from] item: Leftovers
|turn|41
|
|switch|p2a: Doublade|Doublade, M|319\/319
|move|p1a: Abomasnow|Earthquake|p2a: Doublade
|-supereffective|p2a: Doublade
|-damage|p2a: Doublade|191\/319
|
|-weather|Hail|[upkeep]
|-damage|p2a: Doublade|172\/319|[from] hail
|turn|42
|
|switch|p1a: Nidoqueen|Nidoqueen, F|383\/383
|move|p2a: Doublade|Gyro Ball|p1a: Nidoqueen
|-damage|p1a: Nidoqueen|290\/383
|
|-weather|Hail|[upkeep]
|-damage|p1a: Nidoqueen|267\/383|[from] hail
|-damage|p2a: Doublade|153\/319|[from] hail
|-heal|p1a: Nidoqueen|290\/383|[from] item: Black Sludge
|turn|43
|
|switch|p2a: Amoonguss|Amoonguss, M|431\/431
|move|p1a: Nidoqueen|Earth Power|p2a: Amoonguss
|-damage|p2a: Amoonguss|334\/431
|
|-weather|Hail|[upkeep]
|-damage|p1a: Nidoqueen|267\/383|[from] hail
|-damage|p2a: Amoonguss|308\/431|[from] hail
|-heal|p1a: Nidoqueen|290\/383|[from] item: Black Sludge
|-heal|p2a: Amoonguss|334\/431|[from] item: Black Sludge
|turn|44
|
|switch|p2a: Infernape|Infernape, F|293\/293
|move|p1a: Nidoqueen|Earth Power|p2a: Infernape
|-supereffective|p2a: Infernape
|-damage|p2a: Infernape|17\/293
|
|-weather|none
|-heal|p1a: Nidoqueen|313\/383|[from] item: Black Sludge
|turn|45
|c|âluckperfect|gg
|-message|WhiteQueen forfeited.
|
|win|luckperfect
|raw|Ladder updating...
|leave|WhiteQueen
|player|p2
|raw|luckperfect's rating: 1456 &rarr; <strong>1474<\/strong><br \/>(+18 for winning)
|raw|WhiteQueen's rating: 1421 &rarr; <strong>1403<\/strong><br \/>(-18 for losing)