|join|luckperfect
|join|Time Square
|player|p1|luckperfect|101
|player|p2|Time Square|152
|gametype|singles
|gen|6
|tier|UU
|rated
|rule|Sleep Clause Mod: Limit one foe put to sleep
|rule|Species Clause: Limit one of each PokÃ©mon
|rule|OHKO Clause: OHKO moves are banned
|rule|Moody Clause: Moody is banned
|rule|Evasion Moves Clause: Evasion moves are banned
|rule|Endless Battle Clause: Forcing endless battles is banned
|rule|HP Percentage Mod: HP is shown in percentages
|clearpoke
|poke|p1|Abomasnow, F
|poke|p1|Starmie
|poke|p1|Hydreigon, M
|poke|p1|Jirachi
|poke|p1|Nidoqueen, F
|poke|p1|Blissey, F, shiny
|poke|p2|Lopunny, F
|poke|p2|Forretress, F
|poke|p2|Swampert, M
|poke|p2|Aromatisse, F
|poke|p2|Zygarde
|poke|p2|Celebi
|rule|Swagger Clause: Swagger is banned
|rule|Baton Pass Clause: Limit one PokÃ©mon knowing Baton Pass
|teampreview
|
|start
|switch|p1a: Hydreigon|Hydreigon, M|325\/325
|switch|p2a: Lopunny|Lopunny, F|271\/271
|turn|1
|
|detailschange|p2a: Lopunny|Lopunny-Mega, F
|message|Lopunny has Mega Evolved into Mega Lopunny!
|move|p2a: Lopunny|Protect|p2a: Lopunny
|-singleturn|p2a: Lopunny|Protect
|move|p1a: Hydreigon|U-turn|p2a: Lopunny
|-activate|p2a: Lopunny|Protect
|
|turn|2
|
|move|p1a: Hydreigon|U-turn|p2a: Lopunny
|-resisted|p2a: Lopunny
|-damage|p2a: Lopunny|246\/271
|
|switch|p1a: Nidoqueen|Nidoqueen, F|383\/383
|move|p2a: Lopunny|Power-Up Punch|p1a: Nidoqueen
|-resisted|p1a: Nidoqueen
|-damage|p1a: Nidoqueen|356\/383
|-boost|p2a: Lopunny|atk|1
|
|-heal|p1a: Nidoqueen|379\/383|[from] item: Black Sludge
|turn|3
|
|move|p2a: Lopunny|Frustration|p1a: Nidoqueen
|-crit|p1a: Nidoqueen
|-damage|p1a: Nidoqueen|63\/383
|move|p1a: Nidoqueen|Earth Power|p2a: Lopunny
|-damage|p2a: Lopunny|138\/271
|
|-heal|p1a: Nidoqueen|86\/383|[from] item: Black Sludge
|turn|4
|
|move|p2a: Lopunny|High Jump Kick|p1a: Nidoqueen
|-resisted|p1a: Nidoqueen
|-damage|p1a: Nidoqueen|0 fnt
|faint|p1a: Nidoqueen
|
|
|switch|p1a: Hydreigon|Hydreigon, M|325\/325
|turn|5
|
|move|p2a: Lopunny|Protect|p2a: Lopunny
|-singleturn|p2a: Lopunny|Protect
|move|p1a: Hydreigon|Draco Meteor|p2a: Lopunny
|-activate|p2a: Lopunny|Protect
|
|turn|6
|
|switch|p1a: Blissey|Blissey, F, shiny|713\/713
|switch|p2a: Aromatisse|Aromatisse, F|405\/405
|
|turn|7
|
|move|p1a: Blissey|Thunder Wave|p2a: Aromatisse
|-status|p2a: Aromatisse|par
|move|p2a: Aromatisse|Wish|p2a: Aromatisse
|
|turn|8
|
|switch|p2a: Lopunny|Lopunny-Mega, F|138\/271
|move|p1a: Blissey|Thunder Wave|p2a: Lopunny
|-status|p2a: Lopunny|par
|
|-heal|p2a: Lopunny|271\/271 par|[from] move: Wish|[wisher] Aromatisse
|turn|9
|
|switch|p1a: Jirachi|Jirachi|404\/404
|cant|p2a: Lopunny|par
|
|turn|10
|
|switch|p2a: Swampert|Swampert, M|401\/401
|move|p1a: Jirachi|Substitute|p1a: Jirachi
|-start|p1a: Jirachi|Substitute
|-damage|p1a: Jirachi|303\/404
|
|-heal|p1a: Jirachi|328\/404|[from] item: Leftovers
|turn|11
|
|move|p1a: Jirachi|Toxic|p2a: Swampert
|-status|p2a: Swampert|tox
|move|p2a: Swampert|Stealth Rock|p1a: Jirachi
|-sidestart|p1: luckperfect|move: Stealth Rock
|
|-heal|p1a: Jirachi|353\/404|[from] item: Leftovers
|-damage|p2a: Swampert|376\/401 tox|[from] psn
|turn|12
|
|move|p1a: Jirachi|Iron Head|p2a: Swampert
|-resisted|p2a: Swampert
|-damage|p2a: Swampert|337\/401 tox
|move|p2a: Swampert|Roar|p1a: Jirachi
|drag|p1a: Hydreigon|Hydreigon, M|325\/325
|-damage|p1a: Hydreigon|285\/325|[from] Stealth Rock
|
|-heal|p2a: Swampert|362\/401 tox|[from] item: Leftovers
|-damage|p2a: Swampert|312\/401 tox|[from] psn
|turn|13
|
|move|p1a: Hydreigon|U-turn|p2a: Swampert
|-damage|p2a: Swampert|271\/401 tox
|
|switch|p1a: Starmie|Starmie|324\/324
|-damage|p1a: Starmie|284\/324|[from] Stealth Rock
|move|p2a: Swampert|Roar|p1a: Starmie
|drag|p1a: Hydreigon|Hydreigon, M|285\/325
|-damage|p1a: Hydreigon|245\/325|[from] Stealth Rock
|
|-heal|p2a: Swampert|296\/401 tox|[from] item: Leftovers
|-damage|p2a: Swampert|221\/401 tox|[from] psn
|turn|14
|
|move|p1a: Hydreigon|U-turn|p2a: Swampert
|-damage|p2a: Swampert|184\/401 tox
|
|switch|p1a: Starmie|Starmie|284\/324
|-damage|p1a: Starmie|244\/324|[from] Stealth Rock
|move|p2a: Swampert|Roar|p1a: Starmie
|drag|p1a: Blissey|Blissey, F, shiny|713\/713
|-damage|p1a: Blissey|624\/713|[from] Stealth Rock
|
|-heal|p1a: Blissey|668\/713|[from] item: Leftovers
|-heal|p2a: Swampert|209\/401 tox|[from] item: Leftovers
|-damage|p2a: Swampert|109\/401 tox|[from] psn
|turn|15
|
|switch|p2a: Aromatisse|Aromatisse, F|405\/405 par
|move|p1a: Blissey|Stealth Rock|p2a: Aromatisse
|-sidestart|p2: Time Square|move: Stealth Rock
|
|-heal|p1a: Blissey|712\/713|[from] item: Leftovers
|turn|16
|
|switch|p1a: Jirachi|Jirachi|353\/404
|-damage|p1a: Jirachi|328\/404|[from] Stealth Rock
|move|p2a: Aromatisse|Aromatherapy|p2a: Aromatisse
|-cureteam|p2a: Aromatisse|[from] move: Aromatherapy
|
|-heal|p1a: Jirachi|353\/404|[from] item: Leftovers
|turn|17
|
|switch|p2a: Celebi|Celebi|401\/401
|-damage|p2a: Celebi|351\/401|[from] Stealth Rock
|move|p1a: Jirachi|Iron Head|p2a: Celebi
|-damage|p2a: Celebi|257\/401
|
|-heal|p1a: Jirachi|378\/404|[from] item: Leftovers
|-heal|p2a: Celebi|282\/401|[from] item: Leftovers
|turn|18
|
|move|p1a: Jirachi|Substitute|p1a: Jirachi
|-start|p1a: Jirachi|Substitute
|-damage|p1a: Jirachi|277\/404
|move|p2a: Celebi|Nasty Plot|p2a: Celebi
|-boost|p2a: Celebi|spa|2
|
|-heal|p1a: Jirachi|302\/404|[from] item: Leftovers
|-heal|p2a: Celebi|307\/401|[from] item: Leftovers
|turn|19
|
|move|p1a: Jirachi|Iron Head|p2a: Celebi
|-damage|p2a: Celebi|214\/401
|cant|p2a: Celebi|flinch
|
|-heal|p1a: Jirachi|327\/404|[from] item: Leftovers
|-heal|p2a: Celebi|239\/401|[from] item: Leftovers
|turn|20
|
|move|p1a: Jirachi|Iron Head|p2a: Celebi
|-damage|p2a: Celebi|140\/401
|cant|p2a: Celebi|flinch
|
|-heal|p1a: Jirachi|352\/404|[from] item: Leftovers
|-heal|p2a: Celebi|165\/401|[from] item: Leftovers
|turn|21
|
|move|p1a: Jirachi|Iron Head|p2a: Celebi
|-damage|p2a: Celebi|71\/401
|move|p2a: Celebi|Recover|p2a: Celebi
|-heal|p2a: Celebi|272\/401
|
|-heal|p1a: Jirachi|377\/404|[from] item: Leftovers
|-heal|p2a: Celebi|297\/401|[from] item: Leftovers
|turn|22
|
|move|p1a: Jirachi|Iron Head|p2a: Celebi
|-damage|p2a: Celebi|206\/401
|cant|p2a: Celebi|flinch
|
|-heal|p1a: Jirachi|402\/404|[from] item: Leftovers
|-heal|p2a: Celebi|231\/401|[from] item: Leftovers
|turn|23
|
|move|p1a: Jirachi|Iron Head|p2a: Celebi
|-damage|p2a: Celebi|135\/401
|cant|p2a: Celebi|flinch
|
|-heal|p1a: Jirachi|404\/404|[from] item: Leftovers
|-heal|p2a: Celebi|160\/401|[from] item: Leftovers
|turn|24
|c|âTime Square|lol 2 games lost by lucky players
|c|âTime Square|hell-o
|
|move|p1a: Jirachi|Iron Head|p2a: Celebi
|-damage|p2a: Celebi|58\/401
|move|p2a: Celebi|Recover|p2a: Celebi
|-heal|p2a: Celebi|259\/401
|
|-heal|p2a: Celebi|284\/401|[from] item: Leftovers
|turn|25
|
|move|p1a: Jirachi|Toxic|p2a: Celebi
|-status|p2a: Celebi|tox
|move|p2a: Celebi|Earth Power|p1a: Jirachi
|-supereffective|p1a: Jirachi
|-end|p1a: Jirachi|Substitute
|
|-heal|p2a: Celebi|309\/401 tox|[from] item: Leftovers
|-damage|p2a: Celebi|284\/401 tox|[from] psn
|turn|26
|
|move|p1a: Jirachi|Iron Head|p2a: Celebi
|-damage|p2a: Celebi|191\/401 tox
|move|p2a: Celebi|Giga Drain|p1a: Jirachi
|-resisted|p1a: Jirachi
|-damage|p1a: Jirachi|309\/404
|-heal|p2a: Celebi|239\/401 tox|[from] drain|[of] p1a: Jirachi
|
|-heal|p1a: Jirachi|334\/404|[from] item: Leftovers
|-heal|p2a: Celebi|264\/401 tox|[from] item: Leftovers
|-damage|p2a: Celebi|214\/401 tox|[from] psn
|turn|27
|
|move|p1a: Jirachi|Toxic|p2a: Celebi
|-fail|p2a: Celebi|tox
|move|p2a: Celebi|Earth Power|p1a: Jirachi
|-supereffective|p1a: Jirachi
|-damage|p1a: Jirachi|52\/404
|
|-heal|p1a: Jirachi|77\/404|[from] item: Leftovers
|-heal|p2a: Celebi|239\/401 tox|[from] item: Leftovers
|-damage|p2a: Celebi|164\/401 tox|[from] psn
|turn|28
|
|switch|p2a: Zygarde|Zygarde|407\/407
|-damage|p2a: Zygarde|382\/407|[from] Stealth Rock
|-ability|p2a: Zygarde|Aura Break
|move|p1a: Jirachi|Toxic|p2a: Zygarde
|-status|p2a: Zygarde|tox
|
|-heal|p1a: Jirachi|102\/404|[from] item: Leftovers
|-heal|p2a: Zygarde|407\/407 tox|[from] item: Leftovers
|-damage|p2a: Zygarde|382\/407 tox|[from] psn
|turn|29
|
|move|p1a: Jirachi|Iron Head|p2a: Zygarde
|-damage|p2a: Zygarde|304\/407 tox
|cant|p2a: Zygarde|flinch
|
|-heal|p1a: Jirachi|127\/404|[from] item: Leftovers
|-heal|p2a: Zygarde|329\/407 tox|[from] item: Leftovers
|-damage|p2a: Zygarde|279\/407 tox|[from] psn
|turn|30
|
|switch|p1a: Starmie|Starmie|244\/324
|-damage|p1a: Starmie|204\/324|[from] Stealth Rock
|move|p2a: Zygarde|Earthquake|p1a: Starmie
|-damage|p1a: Starmie|57\/324
|
|-heal|p1a: Starmie|77\/324|[from] item: Leftovers
|-heal|p2a: Zygarde|304\/407 tox|[from] item: Leftovers
|-damage|p2a: Zygarde|229\/407 tox|[from] psn
|turn|31
|
|move|p1a: Starmie|Recover|p1a: Starmie
|-heal|p1a: Starmie|239\/324
|move|p2a: Zygarde|Earthquake|p1a: Starmie
|-damage|p1a: Starmie|101\/324
|
|-heal|p1a: Starmie|121\/324|[from] item: Leftovers
|-heal|p2a: Zygarde|254\/407 tox|[from] item: Leftovers
|-damage|p2a: Zygarde|154\/407 tox|[from] psn
|turn|32
|
|switch|p2a: Aromatisse|Aromatisse, F|405\/405
|-damage|p2a: Aromatisse|355\/405|[from] Stealth Rock
|move|p1a: Starmie|Recover|p1a: Starmie
|-heal|p1a: Starmie|283\/324
|
|-heal|p1a: Starmie|303\/324|[from] item: Leftovers
|-heal|p2a: Aromatisse|380\/405|[from] item: Leftovers
|turn|33
|
|move|p1a: Starmie|Rapid Spin|p2a: Aromatisse
|-damage|p2a: Aromatisse|371\/405
|-sideend|p1: luckperfect|Stealth Rock|[from] move: Rapid Spin|[of] p1a: Starmie
|move|p2a: Aromatisse|Wish|p2a: Aromatisse
|
|-heal|p1a: Starmie|323\/324|[from] item: Leftovers
|-heal|p2a: Aromatisse|396\/405|[from] item: Leftovers
|turn|34
|
|switch|p1a: Jirachi|Jirachi|127\/404
|switch|p2a: Celebi|Celebi|164\/401
|-damage|p2a: Celebi|114\/401|[from] Stealth Rock
|
|-heal|p2a: Celebi|316\/401|[from] move: Wish|[wisher] Aromatisse
|-heal|p1a: Jirachi|152\/404|[from] item: Leftovers
|-heal|p2a: Celebi|341\/401|[from] item: Leftovers
|turn|35
|
|switch|p1a: Hydreigon|Hydreigon, M|245\/325
|move|p2a: Celebi|Earth Power|p1a: Hydreigon
|-immune|p1a: Hydreigon|[msg]
|
|-heal|p2a: Celebi|366\/401|[from] item: Leftovers
|turn|36
|
|move|p1a: Hydreigon|U-turn|p2a: Celebi
|-supereffective|p2a: Celebi
|-damage|p2a: Celebi|166\/401
|
|switch|p1a: Abomasnow|Abomasnow, F|373\/373
|-weather|Hail
|move|p2a: Celebi|Nasty Plot|p2a: Celebi
|-boost|p2a: Celebi|spa|2
|
|-weather|Hail|[upkeep]
|-damage|p2a: Celebi|141\/401|[from] hail
|-heal|p2a: Celebi|166\/401|[from] item: Leftovers
|turn|37
|
|detailschange|p1a: Abomasnow|Abomasnow-Mega, F
|message|Abomasnow has Mega Evolved into Mega Abomasnow!
|move|p2a: Celebi|Giga Drain|p1a: Abomasnow
|-resisted|p1a: Abomasnow
|-damage|p1a: Abomasnow|286\/373
|-heal|p2a: Celebi|210\/401|[from] drain|[of] p1a: Abomasnow
|move|p1a: Abomasnow|Swords Dance|p1a: Abomasnow
|-boost|p1a: Abomasnow|atk|2
|
|-weather|Hail|[upkeep]
|-damage|p2a: Celebi|185\/401|[from] hail
|-heal|p2a: Celebi|210\/401|[from] item: Leftovers
|turn|38
|
|switch|p2a: Swampert|Swampert, M|109\/401
|-damage|p2a: Swampert|84\/401|[from] Stealth Rock
|move|p1a: Abomasnow|Earthquake|p2a: Swampert
|-damage|p2a: Swampert|0 fnt
|faint|p2a: Swampert
|
|-weather|Hail|[upkeep]
|
|switch|p2a: Lopunny|Lopunny-Mega, F|271\/271
|-damage|p2a: Lopunny|255\/271|[from] Stealth Rock
|turn|39
|
|switch|p1a: Starmie|Starmie|323\/324
|move|p2a: Lopunny|High Jump Kick|p1a: Starmie
|-resisted|p1a: Starmie
|-damage|p1a: Starmie|176\/324
|
|-weather|Hail|[upkeep]
|-damage|p2a: Lopunny|239\/271|[from] hail
|-damage|p1a: Starmie|156\/324|[from] hail
|-heal|p1a: Starmie|176\/324|[from] item: Leftovers
|turn|40
|
|move|p2a: Lopunny|Frustration|p1a: Starmie
|-damage|p1a: Starmie|0 fnt
|faint|p1a: Starmie
|
|-weather|none
|
|switch|p1a: Hydreigon|Hydreigon, M|245\/325
|turn|41
|
|switch|p2a: Aromatisse|Aromatisse, F|396\/405
|-damage|p2a: Aromatisse|346\/405|[from] Stealth Rock
|move|p1a: Hydreigon|Draco Meteor|p2a: Aromatisse
|-immune|p2a: Aromatisse|[msg]
|
|-heal|p2a: Aromatisse|371\/405|[from] item: Leftovers
|turn|42
|
|switch|p1a: Jirachi|Jirachi|152\/404
|move|p2a: Aromatisse|Wish|p2a: Aromatisse
|
|-heal|p1a: Jirachi|177\/404|[from] item: Leftovers
|-heal|p2a: Aromatisse|396\/405|[from] item: Leftovers
|turn|43
|
|switch|p2a: Celebi|Celebi|210\/401
|-damage|p2a: Celebi|160\/401|[from] Stealth Rock
|move|p1a: Jirachi|Substitute|p1a: Jirachi
|-start|p1a: Jirachi|Substitute
|-damage|p1a: Jirachi|76\/404
|
|-heal|p2a: Celebi|362\/401|[from] move: Wish|[wisher] Aromatisse
|-heal|p1a: Jirachi|101\/404|[from] item: Leftovers
|-heal|p2a: Celebi|387\/401|[from] item: Leftovers
|turn|44
|
|move|p1a: Jirachi|Toxic|p2a: Celebi
|-status|p2a: Celebi|tox
|move|p2a: Celebi|Earth Power|p1a: Jirachi
|-crit|p1a: Jirachi
|-supereffective|p1a: Jirachi
|-end|p1a: Jirachi|Substitute
|
|-heal|p1a: Jirachi|126\/404|[from] item: Leftovers
|-heal|p2a: Celebi|401\/401 tox|[from] item: Leftovers
|-damage|p2a: Celebi|376\/401 tox|[from] psn
|turn|45
|
|move|p1a: Jirachi|Iron Head|p2a: Celebi
|-damage|p2a: Celebi|283\/401 tox
|cant|p2a: Celebi|flinch
|
|-heal|p1a: Jirachi|151\/404|[from] item: Leftovers
|-heal|p2a: Celebi|308\/401 tox|[from] item: Leftovers
|-damage|p2a: Celebi|258\/401 tox|[from] psn
|turn|46
|
|move|p1a: Jirachi|Iron Head|p2a: Celebi
|-damage|p2a: Celebi|162\/401 tox
|move|p2a: Celebi|Earth Power|p1a: Jirachi
|-supereffective|p1a: Jirachi
|-damage|p1a: Jirachi|11\/404
|
|-heal|p1a: Jirachi|36\/404|[from] item: Leftovers
|-heal|p2a: Celebi|187\/401 tox|[from] item: Leftovers
|-damage|p2a: Celebi|112\/401 tox|[from] psn
|turn|47
|
|move|p1a: Jirachi|Fire Punch|p2a: Celebi
|-supereffective|p2a: Celebi
|-damage|p2a: Celebi|0 fnt
|faint|p2a: Celebi
|
|-heal|p1a: Jirachi|61\/404|[from] item: Leftovers
|
|switch|p2a: Lopunny|Lopunny-Mega, F|239\/271
|-damage|p2a: Lopunny|223\/271|[from] Stealth Rock
|turn|48
|
|switch|p1a: Blissey|Blissey, F, shiny|712\/713
|move|p2a: Lopunny|Frustration|p1a: Blissey
|-crit|p1a: Blissey
|-damage|p1a: Blissey|165\/713
|
|-heal|p1a: Blissey|209\/713|[from] item: Leftovers
|turn|49
|
|move|p2a: Lopunny|Frustration|p1a: Blissey
|-damage|p1a: Blissey|0 fnt
|faint|p1a: Blissey
|
|
|switch|p1a: Hydreigon|Hydreigon, M|245\/325
|turn|50
|
|move|p2a: Lopunny|Protect|p2a: Lopunny
|-singleturn|p2a: Lopunny|Protect
|move|p1a: Hydreigon|Draco Meteor|p2a: Lopunny
|-activate|p2a: Lopunny|Protect
|
|turn|51
|
|switch|p1a: Jirachi|Jirachi|61\/404
|switch|p2a: Zygarde|Zygarde|154\/407 tox
|-damage|p2a: Zygarde|129\/407 tox|[from] Stealth Rock
|-ability|p2a: Zygarde|Aura Break
|
|-heal|p1a: Jirachi|86\/404|[from] item: Leftovers
|-heal|p2a: Zygarde|154\/407 tox|[from] item: Leftovers
|-damage|p2a: Zygarde|129\/407 tox|[from] psn
|turn|52
|
|move|p1a: Jirachi|Iron Head|p2a: Zygarde
|-damage|p2a: Zygarde|48\/407 tox
|cant|p2a: Zygarde|flinch
|
|-heal|p1a: Jirachi|111\/404|[from] item: Leftovers
|-heal|p2a: Zygarde|73\/407 tox|[from] item: Leftovers
|-damage|p2a: Zygarde|23\/407 tox|[from] psn
|turn|53
|
|switch|p1a: Hydreigon|Hydreigon, M|245\/325
|move|p2a: Zygarde|Earthquake|p1a: Hydreigon
|-immune|p1a: Hydreigon|[msg]
|
|-heal|p2a: Zygarde|48\/407 tox|[from] item: Leftovers
|-damage|p2a: Zygarde|0 fnt|[from] psn
|faint|p2a: Zygarde
|
|switch|p2a: Forretress|Forretress, F|353\/353
|-damage|p2a: Forretress|309\/353|[from] Stealth Rock
|turn|54
|
|move|p1a: Hydreigon|Fire Blast|p2a: Forretress
|-supereffective|p2a: Forretress
|-damage|p2a: Forretress|0 fnt
|faint|p2a: Forretress
|
|
|switch|p2a: Lopunny|Lopunny-Mega, F|223\/271
|-damage|p2a: Lopunny|207\/271|[from] Stealth Rock
|turn|55
|
|move|p1a: Hydreigon|Fire Blast|p2a: Lopunny
|-damage|p2a: Lopunny|80\/271
|move|p2a: Lopunny|High Jump Kick|p1a: Hydreigon
|-supereffective|p1a: Hydreigon
|-damage|p1a: Hydreigon|0 fnt
|faint|p1a: Hydreigon
|
|
|switch|p1a: Abomasnow|Abomasnow-Mega, F|286\/373
|-weather|Hail
|turn|56
|
|switch|p2a: Aromatisse|Aromatisse, F|396\/405
|-damage|p2a: Aromatisse|346\/405|[from] Stealth Rock
|move|p1a: Abomasnow|Ice Shard|p2a: Aromatisse
|-damage|p2a: Aromatisse|280\/405
|
|-weather|Hail|[upkeep]
|-damage|p2a: Aromatisse|255\/405|[from] hail
|-heal|p2a: Aromatisse|280\/405|[from] item: Leftovers
|turn|57
|
|switch|p2a: Lopunny|Lopunny-Mega, F|80\/271
|-damage|p2a: Lopunny|64\/271|[from] Stealth Rock
|move|p1a: Abomasnow|Swords Dance|p1a: Abomasnow
|-boost|p1a: Abomasnow|atk|2
|
|-weather|Hail|[upkeep]
|-damage|p2a: Lopunny|48\/271|[from] hail
|turn|58
|c|âluckperfect|gg
|c|âluckperfect|rly was no luck either lol
|c|âluckperfect|u had quite a matchup
|c|âluckperfect|thnx
|c|âTime Square|nah, u flinched me
|c|âTime Square|in the
|c|âTime Square|right moments
|c|âTime Square|lol
|c|âluckperfect|sure
|c|âTime Square|:)
|c|âluckperfect|not like u hit me
|c|âluckperfect|with +2 earth power
|c|âluckperfect|and roared immediately
|c|âluckperfect|with pert
|c|âluckperfect|pce brah
|c|âTime Square|ciao ciaoooo
|c|âluckperfect|outclassed
|c|âTime Square|np breh
|c|âluckperfect|and outmanned
|c|âTime Square|i'm better
|c|âTime Square|xd
|c|âluckperfect|k
|
|move|p1a: Abomasnow|Ice Shard|p2a: Lopunny
|-damage|p2a: Lopunny|0 fnt
|faint|p2a: Lopunny
|
|-weather|Hail|[upkeep]
|c|âTime Square|gg :)
|
|switch|p2a: Aromatisse|Aromatisse, F|280\/405
|-damage|p2a: Aromatisse|230\/405|[from] Stealth Rock
|turn|59
|c|âluckperfect|well i obviously outplayed so
|c|âluckperfect|uploading
|c|âluckperfect|for world to see
|c|âTime Square|maybe but i'm better
|c|âTime Square|xd
|c|âluckperfect|u choked
|c|âluckperfect|on a couple plays
|c|âluckperfect|if i was in ur position
|c|âluckperfect|i couldnt have lost
|c|âluckperfect|lol
|c|âTime Square|yawn
|
|move|p2a: Aromatisse|Protect|p2a: Aromatisse
|-singleturn|p2a: Aromatisse|Protect
|move|p1a: Abomasnow|Wood Hammer|p2a: Aromatisse
|-activate|p2a: Aromatisse|Protect
|
|-weather|Hail|[upkeep]
|-damage|p2a: Aromatisse|205\/405|[from] hail
|-heal|p2a: Aromatisse|230\/405|[from] item: Leftovers
|turn|60
|c|âluckperfect|ill upload
|c|âluckperfect|so u can look back
|c|âluckperfect|and learn
|
|move|p1a: Abomasnow|Wood Hammer|p2a: Aromatisse
|-damage|p2a: Aromatisse|0 fnt
|-damage|p1a: Abomasnow|210\/373|[from] recoil|[of] p2a: Aromatisse
|faint|p2a: Aromatisse
|
|win|luckperfect
|raw|Ladder updating...
|raw|luckperfect's rating: 1597 &rarr; <strong>1611<\/strong><br \/>(+14 for winning)
|raw|Time Square's rating: 1489 &rarr; <strong>1475<\/strong><br \/>(-14 for losing)
|c|âTime Square|i'm better
|c|âTime Square|than you
|c|âTime Square|xD