|join|luckperfect
|join|CidZeroZero
|player|p1|luckperfect|266
|player|p2|CidZeroZero|274
|gametype|singles
|gen|6
|tier|UU
|rated
|rule|Sleep Clause Mod: Limit one foe put to sleep
|rule|Species Clause: Limit one of each PokÃ©mon
|rule|OHKO Clause: OHKO moves are banned
|rule|Moody Clause: Moody is banned
|rule|Evasion Moves Clause: Evasion moves are banned
|rule|Endless Battle Clause: Forcing endless battles is banned
|rule|HP Percentage Mod: HP is shown in percentages
|clearpoke
|poke|p1|Abomasnow, F
|poke|p1|Starmie
|poke|p1|Hydreigon, M
|poke|p1|Jirachi
|poke|p1|Nidoqueen, F
|poke|p1|Blissey, F, shiny
|poke|p2|Blastoise, M, shiny
|poke|p2|Zygarde
|poke|p2|Cresselia, F, shiny
|poke|p2|Nidoking, M
|poke|p2|Galvantula, M, shiny
|poke|p2|Umbreon, M
|rule|Swagger Clause: Swagger is banned
|rule|Baton Pass Clause: Limit one PokÃ©mon knowing Baton Pass
|teampreview
|
|start
|switch|p1a: Hydreigon|Hydreigon, M|325\/325
|switch|p2a: Web Spider|Galvantula, M, shiny|281\/281
|turn|1
|
|move|p1a: Hydreigon|U-turn|p2a: Web Spider
|-damage|p2a: Web Spider|192\/281
|
|switch|p1a: Blissey|Blissey, F, shiny|713\/713
|move|p2a: Web Spider|Bug Buzz|p1a: Blissey
|-damage|p1a: Blissey|607\/713
|
|-heal|p1a: Blissey|651\/713|[from] item: Leftovers
|turn|2
|
|move|p2a: Web Spider|Sticky Web|p1a: Blissey
|-sidestart|p1: luckperfect|move: Sticky Web
|move|p1a: Blissey|Stealth Rock|p2a: Web Spider
|-sidestart|p2: CidZeroZero|move: Stealth Rock
|
|-heal|p1a: Blissey|695\/713|[from] item: Leftovers
|turn|3
|
|move|p2a: Web Spider|Thunder|p1a: Blissey
|-damage|p1a: Blissey|565\/713
|move|p1a: Blissey|Seismic Toss|p2a: Web Spider
|-damage|p2a: Web Spider|92\/281
|
|-heal|p1a: Blissey|609\/713|[from] item: Leftovers
|turn|4
|
|switch|p2a: Shadow|Umbreon, M|394\/394
|-damage|p2a: Shadow|345\/394|[from] Stealth Rock
|move|p1a: Blissey|Soft-Boiled|p1a: Blissey
|-heal|p1a: Blissey|713\/713
|
|-heal|p2a: Shadow|369\/394|[from] item: Leftovers
|turn|5
|
|switch|p1a: Nidoqueen|Nidoqueen, F|383\/383
|-activate|p1a: Nidoqueen|move: Sticky Web
|-unboost|p1a: Nidoqueen|spe|1
|move|p2a: Shadow|Wish|p2a: Shadow
|
|-heal|p2a: Shadow|393\/394|[from] item: Leftovers
|turn|6
|
|switch|p2a: Vile|Blastoise, M, shiny|362\/362
|-damage|p2a: Vile|317\/362|[from] Stealth Rock
|move|p1a: Nidoqueen|Toxic Spikes|p2a: Vile
|-sidestart|p2: CidZeroZero|move: Toxic Spikes
|
|-heal|p2a: Vile|362\/362|[from] move: Wish|[wisher] Shadow
|turn|7
|
|switch|p1a: Blissey|Blissey, F, shiny|713\/713
|-activate|p1a: Blissey|move: Sticky Web
|-unboost|p1a: Blissey|spe|1
|detailschange|p2a: Vile|Blastoise-Mega, M, shiny
|message|Blastoise has Mega Evolved into Mega Blastoise!
|move|p2a: Vile|Dragon Pulse|p1a: Blissey
|-damage|p1a: Blissey|587\/713
|
|-heal|p1a: Blissey|631\/713|[from] item: Leftovers
|turn|8
|
|switch|p2a: Florges Eater|Nidoking, M|304\/304
|-sideend|p2: CidZeroZero|move: Toxic Spikes|[of] p2a: Florges Eater
|-damage|p2a: Florges Eater|285\/304|[from] Stealth Rock
|move|p1a: Blissey|Thunder Wave|p2a: Florges Eater
|-immune|p2a: Florges Eater|[msg]
|
|-heal|p1a: Blissey|675\/713|[from] item: Leftovers
|turn|9
|
|move|p2a: Florges Eater|Poison Jab|p1a: Blissey
|-damage|p1a: Blissey|332\/713
|move|p1a: Blissey|Seismic Toss|p2a: Florges Eater
|-damage|p2a: Florges Eater|185\/304
|
|-heal|p1a: Blissey|376\/713|[from] item: Leftovers
|turn|10
|
|move|p2a: Florges Eater|Poison Jab|p1a: Blissey
|-damage|p1a: Blissey|0 fnt
|faint|p1a: Blissey
|
|
|switch|p1a: Starmie|Starmie|324\/324
|-activate|p1a: Starmie|move: Sticky Web
|-unboost|p1a: Starmie|spe|1
|turn|11
|
|switch|p2a: Shadow|Umbreon, M|393\/394
|-damage|p2a: Shadow|344\/394|[from] Stealth Rock
|move|p1a: Starmie|Scald|p2a: Shadow
|-damage|p2a: Shadow|280\/394
|-status|p2a: Shadow|brn
|-status|p1a: Starmie|brn
|
|-heal|p2a: Shadow|304\/394 brn|[from] item: Leftovers
|-damage|p1a: Starmie|284\/324 brn|[from] brn
|-damage|p2a: Shadow|255\/394 brn|[from] brn
|turn|12
|
|switch|p1a: Abomasnow|Abomasnow, F|373\/373
|-activate|p1a: Abomasnow|move: Sticky Web
|-unboost|p1a: Abomasnow|spe|1
|-weather|Hail
|move|p2a: Shadow|Heal Bell|p2a: Shadow
|-cureteam|p2a: Shadow|[from] move: HealBell
|
|-weather|Hail|[upkeep]
|-damage|p2a: Shadow|231\/394|[from] hail
|-heal|p2a: Shadow|255\/394|[from] item: Leftovers
|turn|13
|
|detailschange|p1a: Abomasnow|Abomasnow-Mega, F
|message|Abomasnow has Mega Evolved into Mega Abomasnow!
|move|p2a: Shadow|Toxic|p1a: Abomasnow
|-status|p1a: Abomasnow|tox
|move|p1a: Abomasnow|Wood Hammer|p2a: Shadow
|-damage|p2a: Shadow|54\/394
|-damage|p1a: Abomasnow|307\/373 tox|[from] recoil|[of] p2a: Shadow
|
|-weather|Hail|[upkeep]
|-damage|p2a: Shadow|30\/394|[from] hail
|-heal|p2a: Shadow|54\/394|[from] item: Leftovers
|-damage|p1a: Abomasnow|284\/373 tox|[from] psn
|turn|14
|
|move|p2a: Shadow|Protect|p2a: Shadow
|-singleturn|p2a: Shadow|Protect
|move|p1a: Abomasnow|Ice Shard|p2a: Shadow
|-activate|p2a: Shadow|Protect
|
|-weather|Hail|[upkeep]
|-damage|p2a: Shadow|30\/394|[from] hail
|-heal|p2a: Shadow|54\/394|[from] item: Leftovers
|-damage|p1a: Abomasnow|238\/373 tox|[from] psn
|turn|15
|
|switch|p2a: Vile|Blastoise-Mega, M, shiny|362\/362
|-damage|p2a: Vile|317\/362|[from] Stealth Rock
|move|p1a: Abomasnow|Ice Shard|p2a: Vile
|-resisted|p2a: Vile
|-damage|p2a: Vile|282\/362
|
|-weather|Hail|[upkeep]
|-damage|p2a: Vile|260\/362|[from] hail
|-damage|p1a: Abomasnow|169\/373 tox|[from] psn
|turn|16
|
|switch|p1a: Jirachi|Jirachi|404\/404
|-activate|p1a: Jirachi|move: Sticky Web
|-unboost|p1a: Jirachi|spe|1
|move|p2a: Vile|Dark Pulse|p1a: Jirachi
|-supereffective|p1a: Jirachi
|-damage|p1a: Jirachi|92\/404
|
|-weather|none
|-heal|p1a: Jirachi|117\/404|[from] item: Leftovers
|turn|17
|
|move|p1a: Jirachi|Iron Head|p2a: Vile
|-resisted|p2a: Vile
|-damage|p2a: Vile|220\/362
|move|p2a: Vile|Aura Sphere|p1a: Jirachi
|-damage|p1a: Jirachi|0 fnt
|faint|p1a: Jirachi
|
|
|switch|p1a: Hydreigon|Hydreigon, M|325\/325
|turn|18
|
|move|p1a: Hydreigon|Draco Meteor|p2a: Vile
|-damage|p2a: Vile|24\/362
|-unboost|p1a: Hydreigon|spa|2
|move|p2a: Vile|Aura Sphere|p1a: Hydreigon
|-supereffective|p1a: Hydreigon
|-damage|p1a: Hydreigon|0 fnt
|faint|p1a: Hydreigon
|
|
|switch|p1a: Abomasnow|Abomasnow-Mega, F|169\/373 tox
|-activate|p1a: Abomasnow|move: Sticky Web
|-unboost|p1a: Abomasnow|spe|1
|-weather|Hail
|turn|19
|
|move|p1a: Abomasnow|Ice Shard|p2a: Vile
|-resisted|p2a: Vile
|-damage|p2a: Vile|0 fnt
|faint|p2a: Vile
|
|-weather|Hail|[upkeep]
|-damage|p1a: Abomasnow|146\/373 tox|[from] psn
|
|switch|p2a: Luna|Cresselia, F, shiny|444\/444
|-damage|p2a: Luna|389\/444|[from] Stealth Rock
|turn|20
|
|switch|p1a: Nidoqueen|Nidoqueen, F|383\/383
|-activate|p1a: Nidoqueen|move: Sticky Web
|-unboost|p1a: Nidoqueen|spe|1
|move|p2a: Luna|Calm Mind|p2a: Luna
|-boost|p2a: Luna|spa|1
|-boost|p2a: Luna|spd|1
|
|-weather|Hail|[upkeep]
|-damage|p2a: Luna|362\/444|[from] hail
|-damage|p1a: Nidoqueen|360\/383|[from] hail
|-heal|p2a: Luna|389\/444|[from] item: Leftovers
|-heal|p1a: Nidoqueen|383\/383|[from] item: Black Sludge
|turn|21
|
|move|p2a: Luna|Calm Mind|p2a: Luna
|-boost|p2a: Luna|spa|1
|-boost|p2a: Luna|spd|1
|move|p1a: Nidoqueen|Toxic Spikes|p2a: Luna
|-sidestart|p2: CidZeroZero|move: Toxic Spikes
|
|-weather|Hail|[upkeep]
|-damage|p2a: Luna|362\/444|[from] hail
|-damage|p1a: Nidoqueen|360\/383|[from] hail
|-heal|p2a: Luna|389\/444|[from] item: Leftovers
|-heal|p1a: Nidoqueen|383\/383|[from] item: Black Sludge
|turn|22
|
|move|p2a: Luna|Calm Mind|p2a: Luna
|-boost|p2a: Luna|spa|1
|-boost|p2a: Luna|spd|1
|move|p1a: Nidoqueen|Roar|p2a: Luna
|drag|p2a: Web Spider|Galvantula, M, shiny|92\/281
|-damage|p2a: Web Spider|22\/281|[from] Stealth Rock
|-status|p2a: Web Spider|psn
|
|-weather|Hail|[upkeep]
|-damage|p2a: Web Spider|5\/281 psn|[from] hail
|-damage|p1a: Nidoqueen|360\/383|[from] hail
|-heal|p1a: Nidoqueen|383\/383|[from] item: Black Sludge
|-damage|p2a: Web Spider|0 fnt|[from] psn
|faint|p2a: Web Spider
|
|switch|p2a: Florges Eater|Nidoking, M|185\/304
|-damage|p2a: Florges Eater|166\/304|[from] Stealth Rock
|-sideend|p2: CidZeroZero|move: Toxic Spikes|[of] p2a: Florges Eater
|turn|23
|
|move|p2a: Florges Eater|Bulldoze|p1a: Nidoqueen
|-supereffective|p1a: Nidoqueen
|-damage|p1a: Nidoqueen|146\/383
|move|p1a: Nidoqueen|Earth Power|p2a: Florges Eater
|-supereffective|p2a: Florges Eater
|-damage|p2a: Florges Eater|0 fnt
|faint|p2a: Florges Eater
|
|-weather|none
|-heal|p1a: Nidoqueen|169\/383|[from] item: Black Sludge
|
|switch|p2a: Snake Man|Zygarde|358\/358
|-damage|p2a: Snake Man|336\/358|[from] Stealth Rock
|-ability|p2a: Snake Man|Aura Break
|turn|24
|
|move|p2a: Snake Man|Earthquake|p1a: Nidoqueen
|-supereffective|p1a: Nidoqueen
|-damage|p1a: Nidoqueen|0 fnt
|faint|p1a: Nidoqueen
|
|
|switch|p1a: Starmie|Starmie|284\/324
|-activate|p1a: Starmie|move: Sticky Web
|-unboost|p1a: Starmie|spe|1
|turn|25
|
|move|p2a: Snake Man|Dragon Dance|p2a: Snake Man
|-boost|p2a: Snake Man|atk|1
|-boost|p2a: Snake Man|spe|1
|move|p1a: Starmie|Scald|p2a: Snake Man
|-damage|p2a: Snake Man|236\/358
|-status|p2a: Snake Man|brn
|-enditem|p2a: Snake Man|Lum Berry|[eat]
|-curestatus|p2a: Snake Man|brn
|
|-heal|p1a: Starmie|304\/324|[from] item: Leftovers
|turn|26
|
|move|p2a: Snake Man|Earthquake|p1a: Starmie
|-damage|p1a: Starmie|30\/324
|move|p1a: Starmie|Scald|p2a: Snake Man
|-damage|p2a: Snake Man|127\/358
|
|-heal|p1a: Starmie|50\/324|[from] item: Leftovers
|turn|27
|
|move|p2a: Snake Man|Extreme Speed|p1a: Starmie
|-damage|p1a: Starmie|0 fnt
|faint|p1a: Starmie
|
|
|switch|p1a: Abomasnow|Abomasnow-Mega, F|146\/373 tox
|-activate|p1a: Abomasnow|move: Sticky Web
|-unboost|p1a: Abomasnow|spe|1
|-weather|Hail
|turn|28
|
|move|p2a: Snake Man|Extreme Speed|p1a: Abomasnow
|-damage|p1a: Abomasnow|19\/373 tox
|move|p1a: Abomasnow|Ice Shard|p2a: Snake Man
|-crit|p2a: Snake Man
|-supereffective|p2a: Snake Man
|-damage|p2a: Snake Man|0 fnt
|faint|p2a: Snake Man
|
|-weather|Hail|[upkeep]
|-damage|p1a: Abomasnow|0 fnt|[from] psn
|faint|p1a: Abomasnow
|
|win|CidZeroZero
|raw|Ladder updating...
|c|âCidZeroZero|gg
|raw|luckperfect's rating: 1623 &rarr; <strong>1591<\/strong><br \/>(-32 for losing)
|raw|CidZeroZero's rating: 1385 &rarr; <strong>1417<\/strong><br \/>(+32 for winning)
|c|âluckperfect|bad loss lol
|c|âCidZeroZero|ok
|c|âluckperfect|wasnt an especially gg tbh
|c|âCidZeroZero|ok
|c|âluckperfect|the high roll on blissey
|c|âluckperfect|was big
|c|âCidZeroZero|ok
|c|âluckperfect|48 to 53
|c|âluckperfect|i shouldnt have lost to someone as bad as you but
|c|âluckperfect|shit happens in this game i guess
|c|âCidZeroZero|and u still somehow find a way to be a dick
|c|âluckperfect|yea i mean u do suck
|c|âluckperfect|pce
|leave|luckperfect
|player|p1