|join|DONKII
|join|millereliezer
|player|p1|DONKII|239
|player|p2|millereliezer|101
|gametype|singles
|gen|6
|tier|UU
|rated
|rule|Sleep Clause Mod: Limit one foe put to sleep
|rule|Species Clause: Limit one of each PokÃ©mon
|rule|OHKO Clause: OHKO moves are banned
|rule|Moody Clause: Moody is banned
|rule|Evasion Moves Clause: Evasion moves are banned
|rule|Endless Battle Clause: Forcing endless battles is banned
|rule|HP Percentage Mod: HP is shown in percentages
|clearpoke
|poke|p1|Nidoking, M, shiny
|poke|p1|Aerodactyl, F
|poke|p1|Hydreigon, M
|poke|p1|Empoleon, F
|poke|p1|Cofagrigus, M, shiny
|poke|p1|Whimsicott, M
|poke|p2|Vaporeon, F
|poke|p2|Aerodactyl, M
|poke|p2|Lucario, M
|poke|p2|Honchkrow, M
|poke|p2|Mismagius, F
|poke|p2|Kangaskhan, F
|rule|Swagger Clause: Swagger is banned
|rule|Baton Pass Clause: Limit one PokÃ©mon knowing Baton Pass
|teampreview
|
|start
|switch|p1a: Empoleon|Empoleon, F|371\/371
|switch|p2a: Lucario|Lucario, M|282\/282
|turn|1
|
|switch|p1a: Cofagrigus|Cofagrigus, M, shiny|319\/319
|move|p2a: Lucario|Drain Punch|p1a: Cofagrigus
|-immune|p1a: Cofagrigus|[msg]
|
|turn|2
|
|switch|p2a: Vaporeon|Vaporeon, F|451\/451
|move|p1a: Cofagrigus|Toxic Spikes|p2a: Vaporeon
|-sidestart|p2: millereliezer|move: Toxic Spikes
|
|turn|3
|
|switch|p1a: Empoleon|Empoleon, F|371\/371
|move|p2a: Vaporeon|Scald|p1a: Empoleon
|-resisted|p1a: Empoleon
|-damage|p1a: Empoleon|324\/371
|
|-heal|p1a: Empoleon|347\/371|[from] item: Leftovers
|turn|4
|
|move|p2a: Vaporeon|Scald|p1a: Empoleon
|-resisted|p1a: Empoleon
|-damage|p1a: Empoleon|302\/371
|move|p1a: Empoleon|Toxic|p2a: Vaporeon
|-status|p2a: Vaporeon|tox
|
|-heal|p1a: Empoleon|325\/371|[from] item: Leftovers
|-damage|p2a: Vaporeon|423\/451 tox|[from] psn
|turn|5
|
|move|p2a: Vaporeon|Heal Bell|p2a: Vaporeon
|-cureteam|p2a: Vaporeon|[from] move: HealBell
|move|p1a: Empoleon|Stealth Rock|p2a: Vaporeon
|-sidestart|p2: millereliezer|move: Stealth Rock
|
|-heal|p2a: Vaporeon|451\/451|[from] item: Leftovers
|-heal|p1a: Empoleon|348\/371|[from] item: Leftovers
|turn|6
|
|move|p2a: Vaporeon|Scald|p1a: Empoleon
|-resisted|p1a: Empoleon
|-damage|p1a: Empoleon|301\/371
|move|p1a: Empoleon|Toxic|p2a: Vaporeon
|-status|p2a: Vaporeon|tox
|
|-heal|p1a: Empoleon|324\/371|[from] item: Leftovers
|-damage|p2a: Vaporeon|423\/451 tox|[from] psn
|turn|7
|
|switch|p1a: Hydreigon|Hydreigon, M|325\/325
|move|p2a: Vaporeon|Wish|p2a: Vaporeon
|
|-heal|p2a: Vaporeon|451\/451 tox|[from] item: Leftovers
|-damage|p2a: Vaporeon|395\/451 tox|[from] psn
|turn|8
|
|move|p1a: Hydreigon|Dark Pulse|p2a: Vaporeon
|-damage|p2a: Vaporeon|263\/451 tox
|cant|p2a: Vaporeon|flinch
|
|-heal|p2a: Vaporeon|451\/451 tox|[from] move: Wish|[wisher] Vaporeon
|-damage|p2a: Vaporeon|367\/451 tox|[from] psn
|turn|9
|
|move|p1a: Hydreigon|Taunt|p2a: Vaporeon
|-start|p2a: Vaporeon|move: Taunt
|cant|p2a: Vaporeon|move: Taunt|Heal Bell
|
|-heal|p2a: Vaporeon|395\/451 tox|[from] item: Leftovers
|-damage|p2a: Vaporeon|283\/451 tox|[from] psn
|turn|10
|
|switch|p2a: Kangaskhan|Kangaskhan, F|351\/351
|-damage|p2a: Kangaskhan|308\/351|[from] Stealth Rock
|-status|p2a: Kangaskhan|psn
|move|p1a: Hydreigon|Draco Meteor|p2a: Kangaskhan
|-crit|p2a: Kangaskhan
|-damage|p2a: Kangaskhan|0 fnt
|-unboost|p1a: Hydreigon|spa|2
|faint|p2a: Kangaskhan
|
|
|switch|p2a: Mismagius|Mismagius, F|262\/262
|-damage|p2a: Mismagius|230\/262|[from] Stealth Rock
|turn|11
|
|switch|p1a: Empoleon|Empoleon, F|324\/371
|move|p2a: Mismagius|Dazzling Gleam|p1a: Empoleon
|-resisted|p1a: Empoleon
|-damage|p1a: Empoleon|286\/371
|
|-heal|p1a: Empoleon|309\/371|[from] item: Leftovers
|turn|12
|
|switch|p1a: Nidoking|Nidoking, M, shiny|303\/303
|move|p2a: Mismagius|Destiny Bond|p2a: Mismagius
|-singlemove|p2a: Mismagius|Destiny Bond
|
|turn|13
|
|move|p2a: Mismagius|Shadow Ball|p1a: Nidoking
|-damage|p1a: Nidoking|140\/303
|move|p1a: Nidoking|Ice Beam|p2a: Mismagius
|-damage|p2a: Mismagius|79\/262
|
|turn|14
|
|move|p2a: Mismagius|Dazzling Gleam|p1a: Nidoking
|-resisted|p1a: Nidoking
|-damage|p1a: Nidoking|92\/303
|move|p1a: Nidoking|Ice Beam|p2a: Mismagius
|-damage|p2a: Mismagius|0 fnt
|faint|p2a: Mismagius
|
|
|switch|p2a: Lucario|Lucario, M|282\/282
|-damage|p2a: Lucario|274\/282|[from] Stealth Rock
|turn|15
|
|move|p2a: Lucario|Ice Punch|p1a: Nidoking
|-supereffective|p1a: Nidoking
|-damage|p1a: Nidoking|0 fnt
|faint|p1a: Nidoking
|
|
|switch|p1a: Cofagrigus|Cofagrigus, M, shiny|319\/319
|turn|16
|
|switch|p2a: Aerodactyl|Aerodactyl, M|301\/301
|-damage|p2a: Aerodactyl|226\/301|[from] Stealth Rock
|switch|p1a: Hydreigon|Hydreigon, M|325\/325
|
|turn|17
|
|detailschange|p2a: Aerodactyl|Aerodactyl-Mega, M
|-mega|p2a: Aerodactyl|Aerodactyl|Aerodactylite
|move|p2a: Aerodactyl|Rock Slide|p1a: Hydreigon
|-damage|p1a: Hydreigon|177\/325
|cant|p1a: Hydreigon|flinch
|
|turn|18
|
|switch|p1a: Empoleon|Empoleon, F|309\/371
|move|p2a: Aerodactyl|Rock Slide|p1a: Empoleon
|-resisted|p1a: Empoleon
|-damage|p1a: Empoleon|249\/371
|
|-heal|p1a: Empoleon|272\/371|[from] item: Leftovers
|turn|19
|
|move|p2a: Aerodactyl|Earthquake|p1a: Empoleon
|-supereffective|p1a: Empoleon
|-damage|p1a: Empoleon|62\/371
|move|p1a: Empoleon|Scald|p2a: Aerodactyl
|-supereffective|p2a: Aerodactyl
|-damage|p2a: Aerodactyl|0 fnt
|faint|p2a: Aerodactyl
|
|-heal|p1a: Empoleon|85\/371|[from] item: Leftovers
|
|switch|p2a: Honchkrow|Honchkrow, M|342\/342
|-damage|p2a: Honchkrow|257\/342|[from] Stealth Rock
|turn|20
|
|move|p2a: Honchkrow|Brave Bird|p1a: Empoleon
|-resisted|p1a: Empoleon
|-damage|p1a: Empoleon|0 fnt
|-damage|p2a: Honchkrow|229\/342|[from] recoil|[of] p1a: Empoleon
|-damage|p2a: Honchkrow|195\/342|[from] item: Life Orb
|faint|p1a: Empoleon
|-boost|p2a: Honchkrow|atk|1|[from] ability: Moxie
|
|
|switch|p1a: Whimsicott|Whimsicott, M|261\/261
|turn|21
|
|move|p2a: Honchkrow|Sucker Punch|p1a: Whimsicott
|-resisted|p1a: Whimsicott
|-damage|p1a: Whimsicott|100\/261
|-damage|p2a: Honchkrow|161\/342|[from] item: Life Orb
|move|p1a: Whimsicott|Moonblast|p2a: Honchkrow
|-supereffective|p2a: Honchkrow
|-damage|p2a: Honchkrow|0 fnt
|-damage|p1a: Whimsicott|74\/261|[from] item: Life Orb
|faint|p2a: Honchkrow
|
|
|switch|p2a: Lucario|Lucario, M|274\/282
|-damage|p2a: Lucario|266\/282|[from] Stealth Rock
|turn|22
|
|move|p2a: Lucario|Bullet Punch|p1a: Whimsicott
|-supereffective|p1a: Whimsicott
|-damage|p1a: Whimsicott|0 fnt
|faint|p1a: Whimsicott
|
|
|switch|p1a: Aerodactyl|Aerodactyl, F|301\/301
|-ability|p1a: Aerodactyl|Unnerve|p2: millereliezer
|turn|23
|
|detailschange|p1a: Aerodactyl|Aerodactyl-Mega, F
|-mega|p1a: Aerodactyl|Aerodactyl|Aerodactylite
|move|p2a: Lucario|Bullet Punch|p1a: Aerodactyl
|-supereffective|p1a: Aerodactyl
|-damage|p1a: Aerodactyl|149\/301
|move|p1a: Aerodactyl|Earthquake|p2a: Lucario
|-supereffective|p2a: Lucario
|-damage|p2a: Lucario|0 fnt
|faint|p2a: Lucario
|
|
|switch|p2a: Vaporeon|Vaporeon, F|283\/451 tox
|-damage|p2a: Vaporeon|227\/451 tox|[from] Stealth Rock
|turn|24
|
|move|p1a: Aerodactyl|Taunt|p2a: Vaporeon
|-start|p2a: Vaporeon|move: Taunt
|cant|p2a: Vaporeon|move: Taunt|Heal Bell
|
|-heal|p2a: Vaporeon|255\/451 tox|[from] item: Leftovers
|-damage|p2a: Vaporeon|227\/451 tox|[from] psn
|turn|25
|
|move|p1a: Aerodactyl|Aerial Ace|p2a: Vaporeon
|-damage|p2a: Vaporeon|59\/451 tox
|move|p2a: Vaporeon|Scald|p1a: Aerodactyl
|-supereffective|p1a: Aerodactyl
|-damage|p1a: Aerodactyl|0 fnt
|faint|p1a: Aerodactyl
|
|-heal|p2a: Vaporeon|87\/451 tox|[from] item: Leftovers
|-damage|p2a: Vaporeon|31\/451 tox|[from] psn
|
|switch|p1a: Cofagrigus|Cofagrigus, M, shiny|319\/319
|turn|26
|c|âDONKII|gg
|c|âmillereliezer|gg
|
|move|p2a: Vaporeon|Scald|p1a: Cofagrigus
|-crit|p1a: Cofagrigus
|-damage|p1a: Cofagrigus|166\/319
|move|p1a: Cofagrigus|Shadow Ball|p2a: Vaporeon
|-damage|p2a: Vaporeon|0 fnt
|faint|p2a: Vaporeon
|
|win|DONKII
|raw|Ladder updating...
|raw|DONKII's rating: 1318 &rarr; <strong>1333<\/strong><br \/>(+15 for winning)
|raw|millereliezer's rating: 1226 &rarr; <strong>1208<\/strong><br \/>(-18 for losing)
|leave|DONKII
|player|p1