|join|not a pussy
|join|Donkii
|player|p1|not a pussy|29
|player|p2|Donkii|239
|gametype|singles
|gen|6
|tier|UU
|rated
|rule|Sleep Clause Mod: Limit one foe put to sleep
|rule|Species Clause: Limit one of each PokÃ©mon
|rule|OHKO Clause: OHKO moves are banned
|rule|Moody Clause: Moody is banned
|rule|Evasion Moves Clause: Evasion moves are banned
|rule|Endless Battle Clause: Forcing endless battles is banned
|rule|HP Percentage Mod: HP is shown in percentages
|clearpoke
|poke|p1|Azelf
|poke|p1|Chandelure, F
|poke|p1|Umbreon, F
|poke|p1|Hippowdon, M
|poke|p1|Blastoise, F
|poke|p1|Chesnaught, M
|poke|p2|Nidoking, M, shiny
|poke|p2|Aerodactyl, M
|poke|p2|Hydreigon, M
|poke|p2|Empoleon, F
|poke|p2|Cofagrigus, M, shiny
|poke|p2|Whimsicott, M
|rule|Swagger Clause: Swagger is banned
|rule|Baton Pass Clause: Limit one PokÃ©mon knowing Baton Pass
|teampreview
|
|start
|switch|p1a: Azelf|Azelf|291\/291
|switch|p2a: Empoleon|Empoleon, F|371\/371
|turn|1
|
|move|p1a: Azelf|U-turn|p2a: Empoleon
|-resisted|p2a: Empoleon
|-damage|p2a: Empoleon|336\/371
|
|switch|p1a: Blastoise|Blastoise, F|361\/361
|move|p2a: Empoleon|Scald|p1a: Blastoise
|-resisted|p1a: Blastoise
|-damage|p1a: Blastoise|312\/361
|
|-heal|p2a: Empoleon|359\/371|[from] item: Leftovers
|turn|2
|c|âDonkii|.rabj
|
|detailschange|p1a: Blastoise|Blastoise-Mega, F
|-mega|p1a: Blastoise|Blastoise|Blastoisinite
|move|p1a: Blastoise|Aura Sphere|p2a: Empoleon
|-supereffective|p2a: Empoleon
|-damage|p2a: Empoleon|97\/371
|move|p2a: Empoleon|Toxic|p1a: Blastoise
|-status|p1a: Blastoise|tox
|
|-heal|p2a: Empoleon|120\/371|[from] item: Leftovers
|-damage|p1a: Blastoise|290\/361 tox|[from] psn
|turn|3
|
|switch|p2a: Whimsicott|Whimsicott, M|261\/261
|move|p1a: Blastoise|Dark Pulse|p2a: Whimsicott
|-resisted|p2a: Whimsicott
|-damage|p2a: Whimsicott|167\/261
|
|-damage|p1a: Blastoise|246\/361 tox|[from] psn
|turn|4
|
|switch|p2a: Hydreigon|Hydreigon, M|325\/325
|switch|p1a: Chandelure|Chandelure, F|261\/261
|
|turn|5
|
|switch|p1a: Umbreon|Umbreon, F|394\/394
|move|p2a: Hydreigon|Dark Pulse|p1a: Umbreon
|-resisted|p1a: Umbreon
|-damage|p1a: Umbreon|352\/394
|
|-heal|p1a: Umbreon|376\/394|[from] item: Leftovers
|turn|6
|
|move|p2a: Hydreigon|Taunt|p1a: Umbreon
|-start|p1a: Umbreon|move: Taunt
|cant|p1a: Umbreon|move: Taunt|Heal Bell
|
|-heal|p1a: Umbreon|394\/394|[from] item: Leftovers
|turn|7
|
|switch|p2a: Empoleon|Empoleon, F|120\/371
|move|p1a: Umbreon|Foul Play|p2a: Empoleon
|-damage|p2a: Empoleon|35\/371
|
|-heal|p2a: Empoleon|58\/371|[from] item: Leftovers
|turn|8
|
|move|p1a: Umbreon|Foul Play|p2a: Empoleon
|-damage|p2a: Empoleon|0 fnt
|faint|p2a: Empoleon
|
|-end|p1a: Umbreon|move: Taunt
|
|switch|p2a: Cofagrigus|Cofagrigus, M, shiny|319\/319
|turn|9
|
|move|p1a: Umbreon|Wish|p1a: Umbreon
|move|p2a: Cofagrigus|Toxic Spikes|p1a: Umbreon
|-sidestart|p1: not a pussy|move: Toxic Spikes
|
|turn|10
|
|switch|p1a: Blastoise|Blastoise-Mega, F|246\/361 tox
|switch|p2a: Hydreigon|Hydreigon, M|325\/325
|
|-heal|p1a: Blastoise|361\/361 tox|[from] move: Wish|[wisher] Umbreon
|-damage|p1a: Blastoise|339\/361 tox|[from] psn
|turn|11
|
|switch|p2a: Cofagrigus|Cofagrigus, M, shiny|319\/319
|move|p1a: Blastoise|Aura Sphere|p2a: Cofagrigus
|-immune|p2a: Cofagrigus|[msg]
|
|-damage|p1a: Blastoise|295\/361 tox|[from] psn
|turn|12
|
|switch|p2a: Whimsicott|Whimsicott, M|167\/261
|move|p1a: Blastoise|Dark Pulse|p2a: Whimsicott
|-resisted|p2a: Whimsicott
|-damage|p2a: Whimsicott|74\/261
|
|-damage|p1a: Blastoise|229\/361 tox|[from] psn
|turn|13
|
|switch|p1a: Chandelure|Chandelure, F|261\/261
|-status|p1a: Chandelure|psn
|move|p2a: Whimsicott|Giga Drain|p1a: Chandelure
|-resisted|p1a: Chandelure
|-damage|p1a: Chandelure|197\/261 psn
|-heal|p2a: Whimsicott|106\/261|[from] drain|[of] p1a: Chandelure
|-damage|p2a: Whimsicott|80\/261|[from] item: Life Orb
|
|-damage|p1a: Chandelure|165\/261 psn|[from] psn
|turn|14
|
|switch|p2a: Hydreigon|Hydreigon, M|325\/325
|move|p1a: Chandelure|Fire Blast|p2a: Hydreigon
|-resisted|p2a: Hydreigon
|-damage|p2a: Hydreigon|202\/325
|
|-damage|p1a: Chandelure|133\/261 psn|[from] psn
|turn|15
|
|switch|p1a: Umbreon|Umbreon, F|394\/394
|-status|p1a: Umbreon|psn
|move|p2a: Hydreigon|Dark Pulse|p1a: Umbreon
|-resisted|p1a: Umbreon
|-damage|p1a: Umbreon|349\/394 psn
|
|-heal|p1a: Umbreon|373\/394 psn|[from] item: Leftovers
|-damage|p1a: Umbreon|324\/394 psn|[from] psn
|turn|16
|
|move|p2a: Hydreigon|Roost|p2a: Hydreigon
|-heal|p2a: Hydreigon|325\/325
|move|p1a: Umbreon|Foul Play|p2a: Hydreigon
|-crit|p2a: Hydreigon
|-resisted|p2a: Hydreigon
|-damage|p2a: Hydreigon|238\/325
|
|-heal|p1a: Umbreon|348\/394 psn|[from] item: Leftovers
|-damage|p1a: Umbreon|299\/394 psn|[from] psn
|turn|17
|
|switch|p1a: Azelf|Azelf|291\/291
|move|p2a: Hydreigon|Taunt|p1a: Azelf
|-start|p1a: Azelf|move: Taunt
|
|turn|18
|
|switch|p2a: Whimsicott|Whimsicott, M|80\/261
|move|p1a: Azelf|U-turn|p2a: Whimsicott
|-damage|p2a: Whimsicott|0 fnt
|faint|p2a: Whimsicott
|
|switch|p1a: Umbreon|Umbreon, F|299\/394 psn
|
|-heal|p1a: Umbreon|323\/394 psn|[from] item: Leftovers
|-damage|p1a: Umbreon|274\/394 psn|[from] psn
|
|switch|p2a: Hydreigon|Hydreigon, M|238\/325
|turn|19
|
|switch|p1a: Chesnaught|Chesnaught, M|379\/379
|-status|p1a: Chesnaught|psn
|move|p2a: Hydreigon|Taunt|p1a: Chesnaught
|-start|p1a: Chesnaught|move: Taunt
|
|-damage|p1a: Chesnaught|332\/379 psn|[from] psn
|turn|20
|
|switch|p2a: Nidoking|Nidoking, M, shiny|303\/303
|move|p1a: Chesnaught|Drain Punch|p2a: Nidoking
|-resisted|p2a: Nidoking
|-damage|p2a: Nidoking|209\/303
|-heal|p1a: Chesnaught|379\/379 psn|[from] drain|[of] p2a: Nidoking
|
|-damage|p1a: Chesnaught|332\/379 psn|[from] psn
|turn|21
|
|switch|p1a: Umbreon|Umbreon, F|274\/394 psn
|move|p2a: Nidoking|Sludge Wave|p1a: Umbreon
|-damage|p1a: Umbreon|134\/394 psn
|
|-heal|p1a: Umbreon|158\/394 psn|[from] item: Leftovers
|-damage|p1a: Umbreon|109\/394 psn|[from] psn
|turn|22
|
|move|p2a: Nidoking|Sludge Wave|p1a: Umbreon
|-damage|p1a: Umbreon|0 fnt
|faint|p1a: Umbreon
|
|
|switch|p1a: Hippowdon|Hippowdon, M|420\/420
|-status|p1a: Hippowdon|psn
|-weather|Sandstorm
|turn|23
|
|switch|p2a: Aerodactyl|Aerodactyl, M|301\/301
|-ability|p2a: Aerodactyl|Unnerve|p1: not a pussy
|move|p1a: Hippowdon|Earthquake|p2a: Aerodactyl
|-immune|p2a: Aerodactyl|[msg]
|
|-weather|Sandstorm|[upkeep]
|-damage|p1a: Hippowdon|368\/420 psn|[from] psn
|turn|24
|
|detailschange|p2a: Aerodactyl|Aerodactyl-Mega, M
|-mega|p2a: Aerodactyl|Aerodactyl|Aerodactylite
|move|p2a: Aerodactyl|Taunt|p1a: Hippowdon
|-start|p1a: Hippowdon|move: Taunt
|cant|p1a: Hippowdon|move: Taunt|Stealth Rock
|
|-weather|Sandstorm|[upkeep]
|-heal|p1a: Hippowdon|394\/420 psn|[from] item: Leftovers
|-damage|p1a: Hippowdon|342\/420 psn|[from] psn
|turn|25
|
|switch|p1a: Azelf|Azelf|291\/291
|move|p2a: Aerodactyl|Aerial Ace|p1a: Azelf
|-damage|p1a: Azelf|83\/291
|
|-weather|Sandstorm|[upkeep]
|-damage|p1a: Azelf|65\/291|[from] sandstorm
|turn|26
|
|move|p1a: Azelf|Zen Headbutt|p2a: Aerodactyl
|-damage|p2a: Aerodactyl|151\/301
|cant|p2a: Aerodactyl|flinch
|
|-weather|Sandstorm|[upkeep]
|-damage|p1a: Azelf|47\/291|[from] sandstorm
|turn|27
|
|switch|p1a: Chesnaught|Chesnaught, M|332\/379 psn
|move|p2a: Aerodactyl|Aerial Ace|p1a: Chesnaught
|-supereffective|p1a: Chesnaught
|-damage|p1a: Chesnaught|0 fnt
|faint|p1a: Chesnaught
|
|-weather|none
|
|switch|p1a: Azelf|Azelf|47\/291
|turn|28
|
|switch|p2a: Nidoking|Nidoking, M, shiny|209\/303
|move|p1a: Azelf|U-turn|p2a: Nidoking
|-resisted|p2a: Nidoking
|-damage|p2a: Nidoking|150\/303
|
|switch|p1a: Chandelure|Chandelure, F|133\/261 psn
|
|-damage|p1a: Chandelure|101\/261 psn|[from] psn
|turn|29
|
|move|p1a: Chandelure|Hidden Power|p2a: Nidoking
|-supereffective|p2a: Nidoking
|-damage|p2a: Nidoking|0 fnt
|faint|p2a: Nidoking
|
|-damage|p1a: Chandelure|69\/261 psn|[from] psn
|
|switch|p2a: Hydreigon|Hydreigon, M|238\/325
|turn|30
|
|move|p1a: Chandelure|Hidden Power|p2a: Hydreigon
|-crit|p2a: Hydreigon
|-supereffective|p2a: Hydreigon
|-damage|p2a: Hydreigon|0 fnt
|faint|p2a: Hydreigon
|
|-damage|p1a: Chandelure|37\/261 psn|[from] psn
|c|ânot a pussy|omg
|c|âDonkii|mhm
|c|âDonkii|was supposed to live that lol
|
|switch|p2a: Cofagrigus|Cofagrigus, M, shiny|319\/319
|turn|31
|c|ânot a pussy|i knew helping that old lady would pay off some day
|c|âDonkii|lol
|
|switch|p1a: Hippowdon|Hippowdon, M|342\/420 psn
|-weather|Sandstorm
|move|p2a: Cofagrigus|Shadow Ball|p1a: Hippowdon
|-damage|p1a: Hippowdon|218\/420 psn
|-unboost|p1a: Hippowdon|spd|1
|
|-weather|Sandstorm|[upkeep]
|-damage|p2a: Cofagrigus|300\/319|[from] sandstorm
|-heal|p1a: Hippowdon|244\/420 psn|[from] item: Leftovers
|-heal|p2a: Cofagrigus|319\/319|[from] item: Leftovers
|-damage|p1a: Hippowdon|192\/420 psn|[from] psn
|turn|32
|
|move|p1a: Hippowdon|Stealth Rock|p2a: Cofagrigus
|-sidestart|p2: Donkii|move: Stealth Rock
|move|p2a: Cofagrigus|Shadow Ball|p1a: Hippowdon
|-damage|p1a: Hippowdon|20\/420 psn
|
|-weather|Sandstorm|[upkeep]
|-damage|p2a: Cofagrigus|300\/319|[from] sandstorm
|-heal|p1a: Hippowdon|46\/420 psn|[from] item: Leftovers
|-heal|p2a: Cofagrigus|319\/319|[from] item: Leftovers
|-damage|p1a: Hippowdon|0 fnt|[from] psn
|faint|p1a: Hippowdon
|c|âDonkii|I should really stop insulting old ladies;p
|c|ânot a pussy|lol
|
|switch|p1a: Chandelure|Chandelure, F|37\/261 psn
|turn|33
|
|move|p1a: Chandelure|Shadow Ball|p2a: Cofagrigus
|-supereffective|p2a: Cofagrigus
|-damage|p2a: Cofagrigus|23\/319
|move|p2a: Cofagrigus|Shadow Ball|p1a: Chandelure
|-supereffective|p1a: Chandelure
|-damage|p1a: Chandelure|0 fnt
|faint|p1a: Chandelure
|
|-weather|Sandstorm|[upkeep]
|-damage|p2a: Cofagrigus|4\/319|[from] sandstorm
|-heal|p2a: Cofagrigus|23\/319|[from] item: Leftovers
|
|switch|p1a: Blastoise|Blastoise-Mega, F|229\/361 tox
|turn|34
|
|move|p1a: Blastoise|Water Pulse|p2a: Cofagrigus
|-damage|p2a: Cofagrigus|0 fnt
|faint|p2a: Cofagrigus
|
|-weather|Sandstorm|[upkeep]
|-damage|p1a: Blastoise|207\/361 tox|[from] sandstorm
|-damage|p1a: Blastoise|185\/361 tox|[from] psn
|
|switch|p2a: Aerodactyl|Aerodactyl-Mega, M|151\/301
|-damage|p2a: Aerodactyl|76\/301|[from] Stealth Rock
|turn|35
|
|move|p2a: Aerodactyl|Stone Edge|p1a: Blastoise|[miss]
|-miss|p2a: Aerodactyl|p1a: Blastoise
|move|p1a: Blastoise|Water Pulse|p2a: Aerodactyl
|-supereffective|p2a: Aerodactyl
|-damage|p2a: Aerodactyl|0 fnt
|faint|p2a: Aerodactyl
|
|win|not a pussy
|raw|Ladder updating...
|raw|not a pussy's rating: 1399 &rarr; <strong>1423<\/strong><br \/>(+24 for winning)
|raw|Donkii's rating: 1471 &rarr; <strong>1447<\/strong><br \/>(-24 for losing)
|c|âDonkii|gg
|c|ânot a pussy|gg