|join|Donkii
|join|DonFrancis
|player|p1|Donkii|239
|player|p2|DonFrancis|170
|gametype|singles
|gen|6
|tier|UU
|rated
|rule|Sleep Clause Mod: Limit one foe put to sleep
|rule|Species Clause: Limit one of each PokÃ©mon
|rule|OHKO Clause: OHKO moves are banned
|rule|Moody Clause: Moody is banned
|rule|Evasion Moves Clause: Evasion moves are banned
|rule|Endless Battle Clause: Forcing endless battles is banned
|rule|HP Percentage Mod: HP is shown in percentages
|clearpoke
|poke|p1|Nidoking, M, shiny
|poke|p1|Aerodactyl, F
|poke|p1|Hydreigon, M
|poke|p1|Empoleon, M
|poke|p1|Cofagrigus, M, shiny
|poke|p1|Whimsicott, M
|poke|p2|Beedrill, F
|poke|p2|Hydreigon, F
|poke|p2|Rotom-Heat
|poke|p2|Empoleon, F
|poke|p2|Zoroark, F
|poke|p2|Infernape, M
|rule|Swagger Clause: Swagger is banned
|rule|Baton Pass Clause: Limit one PokÃ©mon knowing Baton Pass
|teampreview
|
|start
|switch|p1a: Cofagrigus|Cofagrigus, M, shiny|319\/319
|switch|p2a: Empoleon|Empoleon, F|261\/261
|turn|1
|
|move|p2a: Empoleon|Knock Off|p1a: Cofagrigus
|-supereffective|p1a: Cofagrigus
|-damage|p1a: Cofagrigus|121\/319
|-endability|p2a: Empoleon|illusion|[from] Mummy
|-ability|p2a: Empoleon|Mummy|[from] Mummy
|-enditem|p1a: Cofagrigus|Leftovers|[from] move: Knock Off|[of] p2a: Empoleon
|-damage|p2a: Empoleon|235\/261|[from] item: Life Orb
|move|p1a: Cofagrigus|Will-O-Wisp|p2a: Empoleon|[miss]
|-miss|p1a: Cofagrigus|p2a: Empoleon
|
|turn|2
|
|move|p2a: Empoleon|Knock Off|p1a: Cofagrigus
|-supereffective|p1a: Cofagrigus
|-damage|p1a: Cofagrigus|0 fnt
|-damage|p2a: Empoleon|209\/261|[from] item: Life Orb
|faint|p1a: Cofagrigus
|
|
|switch|p1a: Aerodactyl|Aerodactyl, F|301\/301
|-ability|p1a: Aerodactyl|Unnerve|p2: DonFrancis
|turn|3
|
|switch|p2a: Rotom-Heat|Rotom-Heat|304\/304
|detailschange|p1a: Aerodactyl|Aerodactyl-Mega, F
|-mega|p1a: Aerodactyl|Aerodactyl|Aerodactylite
|move|p1a: Aerodactyl|Stone Edge|p2a: Rotom-Heat
|-supereffective|p2a: Rotom-Heat
|-damage|p2a: Rotom-Heat|64\/304
|
|-heal|p2a: Rotom-Heat|83\/304|[from] item: Leftovers
|turn|4
|
|switch|p2a: Empoleon|Empoleon, F|372\/372
|move|p1a: Aerodactyl|Stone Edge|p2a: Empoleon
|-resisted|p2a: Empoleon
|-damage|p2a: Empoleon|277\/372
|
|-heal|p2a: Empoleon|300\/372|[from] item: Leftovers
|turn|5
|
|switch|p1a: Empoleon|Empoleon, M|371\/371
|move|p2a: Empoleon|Stealth Rock|p1a: Empoleon
|-sidestart|p1: Donkii|move: Stealth Rock
|
|-heal|p2a: Empoleon|323\/372|[from] item: Leftovers
|turn|6
|
|switch|p2a: Infernape|Infernape, M|293\/293
|move|p1a: Empoleon|Defog|p2a: Infernape
|-unboost|p2a: Infernape|evasion|1
|-sideend|p1: Donkii|Stealth Rock|[from] move: Defog|[of] p1a: Empoleon
|
|turn|7
|
|move|p2a: Infernape|Close Combat|p1a: Empoleon
|-supereffective|p1a: Empoleon
|-damage|p1a: Empoleon|0 fnt
|-unboost|p2a: Infernape|def|1
|-unboost|p2a: Infernape|spd|1
|faint|p1a: Empoleon
|
|
|switch|p1a: Aerodactyl|Aerodactyl-Mega, F|301\/301
|turn|8
|
|switch|p2a: Rotom-Heat|Rotom-Heat|83\/304
|move|p1a: Aerodactyl|Aerial Ace|p2a: Rotom-Heat
|-resisted|p2a: Rotom-Heat
|-damage|p2a: Rotom-Heat|33\/304
|
|-heal|p2a: Rotom-Heat|52\/304|[from] item: Leftovers
|turn|9
|
|switch|p2a: Empoleon|Empoleon, F|323\/372
|move|p1a: Aerodactyl|Stone Edge|p2a: Empoleon|[miss]
|-miss|p1a: Aerodactyl|p2a: Empoleon
|
|-heal|p2a: Empoleon|346\/372|[from] item: Leftovers
|turn|10
|
|move|p1a: Aerodactyl|Earthquake|p2a: Empoleon
|-supereffective|p2a: Empoleon
|-damage|p2a: Empoleon|60\/372
|move|p2a: Empoleon|Stealth Rock|p1a: Aerodactyl
|-sidestart|p1: Donkii|move: Stealth Rock
|
|-heal|p2a: Empoleon|83\/372|[from] item: Leftovers
|turn|11
|
|switch|p2a: Hydreigon|Hydreigon, F|325\/325
|move|p1a: Aerodactyl|Earthquake|p2a: Hydreigon
|-immune|p2a: Hydreigon|[msg]
|
|turn|12
|
|switch|p1a: Whimsicott|Whimsicott, M|261\/261
|-damage|p1a: Whimsicott|229\/261|[from] Stealth Rock
|move|p2a: Hydreigon|Draco Meteor|p1a: Whimsicott
|-immune|p1a: Whimsicott|[msg]
|
|turn|13
|
|switch|p2a: Rotom-Heat|Rotom-Heat|52\/304
|move|p1a: Whimsicott|Moonblast|p2a: Rotom-Heat
|-resisted|p2a: Rotom-Heat
|-damage|p2a: Rotom-Heat|0 fnt
|-damage|p1a: Whimsicott|203\/261|[from] item: Life Orb
|faint|p2a: Rotom-Heat
|
|
|switch|p2a: Hydreigon|Hydreigon, F|325\/325
|turn|14
|
|switch|p1a: Hydreigon|Hydreigon, M|325\/325
|-damage|p1a: Hydreigon|285\/325|[from] Stealth Rock
|move|p2a: Hydreigon|Flamethrower|p1a: Hydreigon
|-resisted|p1a: Hydreigon
|-damage|p1a: Hydreigon|230\/325
|
|turn|15
|
|switch|p2a: Empoleon|Empoleon, F|83\/372
|move|p1a: Hydreigon|Dark Pulse|p2a: Empoleon
|-damage|p2a: Empoleon|0 fnt
|faint|p2a: Empoleon
|
|
|switch|p2a: Hydreigon|Hydreigon, F|325\/325
|turn|16
|
|move|p2a: Hydreigon|Draco Meteor|p1a: Hydreigon
|-supereffective|p1a: Hydreigon
|-damage|p1a: Hydreigon|0 fnt
|-unboost|p2a: Hydreigon|spa|2
|faint|p1a: Hydreigon
|
|
|switch|p1a: Nidoking|Nidoking, M, shiny|303\/303
|-damage|p1a: Nidoking|285\/303|[from] Stealth Rock
|turn|17
|
|switch|p2a: Infernape|Infernape, M|209\/261
|move|p1a: Nidoking|Ice Beam|p2a: Infernape
|replace|p2a: Zoroark|Zoroark, F|209\/261
|-damage|p2a: Zoroark|0 fnt
|faint|p2a: Zoroark
|
|
|switch|p2a: Hydreigon|Hydreigon, F|325\/325
|turn|18
|
|move|p2a: Hydreigon|Earth Power|p1a: Nidoking
|-supereffective|p1a: Nidoking
|-damage|p1a: Nidoking|5\/303
|move|p1a: Nidoking|Sludge Wave|p2a: Hydreigon
|-damage|p2a: Hydreigon|87\/325
|
|turn|19
|
|switch|p1a: Aerodactyl|Aerodactyl-Mega, F|301\/301
|-damage|p1a: Aerodactyl|226\/301|[from] Stealth Rock
|move|p2a: Hydreigon|Earth Power|p1a: Aerodactyl
|-immune|p1a: Aerodactyl|[msg]
|
|turn|20
|
|switch|p2a: Beedrill|Beedrill, F|271\/271
|move|p1a: Aerodactyl|Aerial Ace|p2a: Beedrill
|-supereffective|p2a: Beedrill
|-damage|p2a: Beedrill|0 fnt
|faint|p2a: Beedrill
|
|
|switch|p2a: Hydreigon|Hydreigon, F|87\/325
|turn|21
|
|switch|p1a: Nidoking|Nidoking, M, shiny|5\/303
|-damage|p1a: Nidoking|0 fnt|[from] Stealth Rock
|faint|p1a: Nidoking
|move|p2a: Hydreigon|Dark Pulse|p1: Nidoking|[notarget]
|-notarget
|
|
|switch|p1a: Whimsicott|Whimsicott, M|203\/261
|-damage|p1a: Whimsicott|171\/261|[from] Stealth Rock
|turn|22
|
|switch|p2a: Infernape|Infernape, M|293\/293
|move|p1a: Whimsicott|Moonblast|p2a: Infernape
|-damage|p2a: Infernape|98\/293
|-damage|p1a: Whimsicott|145\/261|[from] item: Life Orb
|
|turn|23
|
|move|p1a: Whimsicott|Tailwind|p1a: Whimsicott
|-sidestart|p1: Donkii|move: Tailwind
|move|p2a: Infernape|Flare Blitz|p1a: Whimsicott
|-supereffective|p1a: Whimsicott
|-damage|p1a: Whimsicott|0 fnt
|-damage|p2a: Infernape|50\/293|[from] recoil|[of] p1a: Whimsicott
|faint|p1a: Whimsicott
|
|
|switch|p1a: Aerodactyl|Aerodactyl-Mega, F|226\/301
|-damage|p1a: Aerodactyl|151\/301|[from] Stealth Rock
|turn|24
|
|move|p1a: Aerodactyl|Aerial Ace|p2a: Infernape
|-crit|p2a: Infernape
|-supereffective|p2a: Infernape
|-damage|p2a: Infernape|0 fnt
|faint|p2a: Infernape
|
|
|switch|p2a: Hydreigon|Hydreigon, F|87\/325
|turn|25
|
|move|p1a: Aerodactyl|Aerial Ace|p2a: Hydreigon
|-damage|p2a: Hydreigon|0 fnt
|faint|p2a: Hydreigon
|
|win|Donkii
|raw|Ladder updating...
|c|âDonkii|gg
|raw|Donkii's rating: 1492 &rarr; <strong>1506<\/strong><br \/>(+14 for winning)
|raw|DonFrancis's rating: 1373 &rarr; <strong>1360<\/strong><br \/>(-13 for losing)
|c|âDonFrancis|gg