|join|joelbarlow
|join|donkii
|player|p1|joelbarlow|10
|player|p2|donkii|239
|gametype|singles
|gen|6
|tier|UU
|rated
|rule|Sleep Clause Mod: Limit one foe put to sleep
|rule|Species Clause: Limit one of each PokÃ©mon
|rule|OHKO Clause: OHKO moves are banned
|rule|Moody Clause: Moody is banned
|rule|Evasion Moves Clause: Evasion moves are banned
|rule|Endless Battle Clause: Forcing endless battles is banned
|rule|HP Percentage Mod: HP is shown in percentages
|clearpoke
|poke|p1|Galvantula, F
|poke|p1|Blastoise, M
|poke|p1|Roserade, F
|poke|p1|Arcanine, M
|poke|p1|Krookodile, F
|poke|p1|Florges, F
|poke|p2|Nidoking, M, shiny
|poke|p2|Aerodactyl, M
|poke|p2|Hydreigon, F
|poke|p2|Empoleon, F
|poke|p2|Cofagrigus, M, shiny
|poke|p2|Whimsicott, M
|rule|Swagger Clause: Swagger is banned
|rule|Baton Pass Clause: Limit one PokÃ©mon knowing Baton Pass
|teampreview
|
|start
|switch|p1a: Galvantula|Galvantula, F|281\/281
|switch|p2a: Nidoking|Nidoking, M, shiny|303\/303
|turn|1
|
|move|p1a: Galvantula|Sticky Web|p2a: Nidoking
|-sidestart|p2: donkii|move: Sticky Web
|move|p2a: Nidoking|Sludge Wave|p1a: Galvantula
|-enditem|p1a: Galvantula|Focus Sash
|-damage|p1a: Galvantula|1\/281
|
|turn|2
|
|move|p1a: Galvantula|Bug Buzz|p2a: Nidoking
|-resisted|p2a: Nidoking
|-damage|p2a: Nidoking|220\/303
|move|p2a: Nidoking|Earth Power|p1a: Galvantula
|-damage|p1a: Galvantula|0 fnt
|faint|p1a: Galvantula
|
|
|switch|p1a: Roserade|Roserade, F|261\/261
|turn|3
|
|switch|p2a: Empoleon|Empoleon, F|371\/371
|-activate|p2a: Empoleon|move: Sticky Web
|-unboost|p2a: Empoleon|spe|1
|move|p1a: Roserade|Energy Ball|p2a: Empoleon
|-damage|p2a: Empoleon|198\/371
|-damage|p1a: Roserade|235\/261|[from] item: Life Orb
|
|-heal|p2a: Empoleon|221\/371|[from] item: Leftovers
|turn|4
|
|switch|p1a: Blastoise|Blastoise, M|362\/362
|move|p2a: Empoleon|Defog|p1a: Blastoise
|-unboost|p1a: Blastoise|evasion|1
|-sideend|p2: donkii|Sticky Web|[from] move: Defog|[of] p2a: Empoleon
|
|-heal|p2a: Empoleon|244\/371|[from] item: Leftovers
|turn|5
|
|detailschange|p1a: Blastoise|Blastoise-Mega, M
|-mega|p1a: Blastoise|Blastoise|Blastoisinite
|move|p1a: Blastoise|Aura Sphere|p2a: Empoleon
|-supereffective|p2a: Empoleon
|-damage|p2a: Empoleon|0 fnt
|faint|p2a: Empoleon
|
|
|switch|p2a: Hydreigon|Hydreigon, F|325\/325
|turn|6
|
|switch|p1a: Florges|Florges, F|360\/360
|move|p2a: Hydreigon|Dark Pulse|p1a: Florges
|-resisted|p1a: Florges
|-damage|p1a: Florges|321\/360
|
|-heal|p1a: Florges|343\/360|[from] item: Leftovers
|turn|7
|
|switch|p2a: Nidoking|Nidoking, M, shiny|220\/303
|move|p1a: Florges|Wish|p1a: Florges
|
|-heal|p1a: Florges|360\/360|[from] item: Leftovers
|turn|8
|
|move|p2a: Nidoking|Sludge Wave|p1a: Florges
|-supereffective|p1a: Florges
|-damage|p1a: Florges|95\/360
|move|p1a: Florges|Moonblast|p2a: Nidoking
|-resisted|p2a: Nidoking
|-damage|p2a: Nidoking|138\/303
|
|-heal|p1a: Florges|275\/360|[from] move: Wish|[wisher] Florges
|-heal|p1a: Florges|297\/360|[from] item: Leftovers
|turn|9
|
|move|p1a: Florges|Protect|p1a: Florges
|-singleturn|p1a: Florges|Protect
|move|p2a: Nidoking|Sludge Wave|p1a: Florges
|-activate|p1a: Florges|Protect
|
|-heal|p1a: Florges|319\/360|[from] item: Leftovers
|turn|10
|
|move|p2a: Nidoking|Earth Power|p1a: Florges
|-damage|p1a: Florges|198\/360
|move|p1a: Florges|Wish|p1a: Florges
|
|-heal|p1a: Florges|220\/360|[from] item: Leftovers
|turn|11
|
|move|p1a: Florges|Protect|p1a: Florges
|-singleturn|p1a: Florges|Protect
|move|p2a: Nidoking|Sludge Wave|p1a: Florges
|-activate|p1a: Florges|Protect
|
|-heal|p1a: Florges|360\/360|[from] move: Wish|[wisher] Florges
|turn|12
|
|move|p2a: Nidoking|Sludge Wave|p1a: Florges
|-supereffective|p1a: Florges
|-damage|p1a: Florges|110\/360
|move|p1a: Florges|Wish|p1a: Florges
|
|-heal|p1a: Florges|132\/360|[from] item: Leftovers
|turn|13
|
|move|p1a: Florges|Protect|p1a: Florges
|-singleturn|p1a: Florges|Protect
|move|p2a: Nidoking|Sludge Wave|p1a: Florges
|-activate|p1a: Florges|Protect
|
|-heal|p1a: Florges|312\/360|[from] move: Wish|[wisher] Florges
|-heal|p1a: Florges|334\/360|[from] item: Leftovers
|turn|14
|
|move|p2a: Nidoking|Sludge Wave|p1a: Florges
|-supereffective|p1a: Florges
|-damage|p1a: Florges|82\/360
|move|p1a: Florges|Wish|p1a: Florges
|
|-heal|p1a: Florges|104\/360|[from] item: Leftovers
|turn|15
|
|move|p1a: Florges|Protect|p1a: Florges
|-singleturn|p1a: Florges|Protect
|move|p2a: Nidoking|Earth Power|p1a: Florges
|-activate|p1a: Florges|Protect
|
|-heal|p1a: Florges|284\/360|[from] move: Wish|[wisher] Florges
|-heal|p1a: Florges|306\/360|[from] item: Leftovers
|turn|16
|
|move|p2a: Nidoking|Sludge Wave|p1a: Florges
|-supereffective|p1a: Florges
|-damage|p1a: Florges|69\/360
|move|p1a: Florges|Wish|p1a: Florges
|
|-heal|p1a: Florges|91\/360|[from] item: Leftovers
|turn|17
|
|move|p1a: Florges|Protect|p1a: Florges
|-singleturn|p1a: Florges|Protect
|move|p2a: Nidoking|Earth Power|p1a: Florges
|-activate|p1a: Florges|Protect
|
|-heal|p1a: Florges|271\/360|[from] move: Wish|[wisher] Florges
|-heal|p1a: Florges|293\/360|[from] item: Leftovers
|turn|18
|
|move|p2a: Nidoking|Sludge Wave|p1a: Florges
|-supereffective|p1a: Florges
|-damage|p1a: Florges|51\/360
|move|p1a: Florges|Wish|p1a: Florges
|
|-heal|p1a: Florges|73\/360|[from] item: Leftovers
|turn|19
|
|move|p1a: Florges|Protect|p1a: Florges
|-singleturn|p1a: Florges|Protect
|move|p2a: Nidoking|Earth Power|p1a: Florges
|-activate|p1a: Florges|Protect
|
|-heal|p1a: Florges|253\/360|[from] move: Wish|[wisher] Florges
|-heal|p1a: Florges|275\/360|[from] item: Leftovers
|turn|20
|
|move|p2a: Nidoking|Sludge Wave|p1a: Florges
|-supereffective|p1a: Florges
|-damage|p1a: Florges|41\/360
|move|p1a: Florges|Wish|p1a: Florges
|
|-heal|p1a: Florges|63\/360|[from] item: Leftovers
|turn|21
|
|switch|p1a: Blastoise|Blastoise-Mega, M|362\/362
|move|p2a: Nidoking|Earth Power|p1a: Blastoise
|-damage|p1a: Blastoise|177\/362
|
|-heal|p1a: Blastoise|357\/362|[from] move: Wish|[wisher] Florges
|turn|22
|
|switch|p2a: Hydreigon|Hydreigon, F|325\/325
|move|p1a: Blastoise|Water Pulse|p2a: Hydreigon
|-resisted|p2a: Hydreigon
|-damage|p2a: Hydreigon|235\/325
|
|turn|23
|
|move|p2a: Hydreigon|Dark Pulse|p1a: Blastoise
|-damage|p1a: Blastoise|240\/362
|move|p1a: Blastoise|Aura Sphere|p2a: Hydreigon
|-supereffective|p2a: Hydreigon
|-damage|p2a: Hydreigon|0 fnt
|faint|p2a: Hydreigon
|
|
|switch|p2a: Whimsicott|Whimsicott, M|261\/261
|turn|24
|
|switch|p2a: Aerodactyl|Aerodactyl, M|301\/301
|-ability|p2a: Aerodactyl|Pressure
|switch|p1a: Roserade|Roserade, F|235\/261
|
|turn|25
|
|detailschange|p2a: Aerodactyl|Aerodactyl-Mega, M
|-mega|p2a: Aerodactyl|Aerodactyl|Aerodactylite
|move|p2a: Aerodactyl|Stone Edge|p1a: Roserade
|-damage|p1a: Roserade|0 fnt
|faint|p1a: Roserade
|
|
|switch|p1a: Blastoise|Blastoise-Mega, M|240\/362
|turn|26
|
|switch|p2a: Whimsicott|Whimsicott, M|261\/261
|move|p1a: Blastoise|Water Pulse|p2a: Whimsicott
|-resisted|p2a: Whimsicott
|-damage|p2a: Whimsicott|150\/261
|
|turn|27
|
|switch|p1a: Arcanine|Arcanine, M|321\/321
|move|p2a: Whimsicott|Giga Drain|p1a: Arcanine
|-resisted|p1a: Arcanine
|-damage|p1a: Arcanine|240\/321
|-heal|p2a: Whimsicott|191\/261|[from] drain|[of] p1a: Arcanine
|-damage|p2a: Whimsicott|165\/261|[from] item: Life Orb
|
|turn|28
|
|switch|p2a: Cofagrigus|Cofagrigus, M, shiny|319\/319
|move|p1a: Arcanine|Flare Blitz|p2a: Cofagrigus
|-damage|p2a: Cofagrigus|138\/319
|-endability|p1a: Arcanine|flashfire|[from] Mummy
|-ability|p1a: Arcanine|Mummy|[from] Mummy
|-status|p2a: Cofagrigus|brn
|-damage|p1a: Arcanine|180\/321|[from] recoil|[of] p2a: Cofagrigus
|-damage|p1a: Arcanine|148\/321|[from] item: Life Orb
|
|-heal|p2a: Cofagrigus|157\/319 brn|[from] item: Leftovers
|-damage|p2a: Cofagrigus|118\/319 brn|[from] brn
|turn|29
|
|move|p1a: Arcanine|Flare Blitz|p2a: Cofagrigus
|-damage|p2a: Cofagrigus|0 fnt
|-damage|p1a: Arcanine|109\/321|[from] recoil|[of] p2a: Cofagrigus
|-damage|p1a: Arcanine|77\/321|[from] item: Life Orb
|faint|p2a: Cofagrigus
|
|
|switch|p2a: Aerodactyl|Aerodactyl-Mega, M|301\/301
|turn|30
|
|move|p1a: Arcanine|Extreme Speed|p2a: Aerodactyl
|-resisted|p2a: Aerodactyl
|-damage|p2a: Aerodactyl|233\/301
|-damage|p1a: Arcanine|45\/321|[from] item: Life Orb
|move|p2a: Aerodactyl|Aerial Ace|p1a: Arcanine
|-damage|p1a: Arcanine|0 fnt
|-endability|p2a: Aerodactyl|toughclaws|[from] Mummy
|-ability|p2a: Aerodactyl|Mummy|[from] Mummy
|faint|p1a: Arcanine
|
|
|switch|p1a: Krookodile|Krookodile, F|331\/331
|turn|31
|
|move|p2a: Aerodactyl|Aerial Ace|p1a: Krookodile
|-damage|p1a: Krookodile|205\/331
|move|p1a: Krookodile|Stone Edge|p2a: Aerodactyl|[miss]
|-miss|p1a: Krookodile|p2a: Aerodactyl
|
|turn|32
|
|move|p2a: Aerodactyl|Aerial Ace|p1a: Krookodile
|-damage|p1a: Krookodile|63\/331
|move|p1a: Krookodile|Stone Edge|p2a: Aerodactyl
|-supereffective|p2a: Aerodactyl
|-damage|p2a: Aerodactyl|0 fnt
|faint|p2a: Aerodactyl
|-boost|p1a: Krookodile|atk|1|[from] ability: Moxie
|
|
|switch|p2a: Whimsicott|Whimsicott, M|165\/261
|turn|33
|
|move|p2a: Whimsicott|Giga Drain|p1a: Krookodile
|-supereffective|p1a: Krookodile
|-damage|p1a: Krookodile|0 fnt
|-heal|p2a: Whimsicott|197\/261|[from] drain|[of] p1a: Krookodile
|-damage|p2a: Whimsicott|171\/261|[from] item: Life Orb
|faint|p1a: Krookodile
|
|
|switch|p1a: Florges|Florges, F|63\/360
|turn|34
|
|move|p1a: Florges|Protect|p1a: Florges
|-singleturn|p1a: Florges|Protect
|move|p2a: Whimsicott|Moonblast|p1a: Florges
|-activate|p1a: Florges|Protect
|
|-heal|p1a: Florges|85\/360|[from] item: Leftovers
|turn|35
|
|switch|p2a: Nidoking|Nidoking, M, shiny|138\/303
|move|p1a: Florges|Wish|p1a: Florges
|
|-heal|p1a: Florges|107\/360|[from] item: Leftovers
|turn|36
|
|move|p1a: Florges|Protect|p1a: Florges
|-singleturn|p1a: Florges|Protect
|move|p2a: Nidoking|Earth Power|p1a: Florges
|-activate|p1a: Florges|Protect
|
|-heal|p1a: Florges|287\/360|[from] move: Wish|[wisher] Florges
|-heal|p1a: Florges|309\/360|[from] item: Leftovers
|turn|37
|
|move|p2a: Nidoking|Sludge Wave|p1a: Florges
|-supereffective|p1a: Florges
|-damage|p1a: Florges|36\/360
|move|p1a: Florges|Wish|p1a: Florges
|
|-heal|p1a: Florges|58\/360|[from] item: Leftovers
|turn|38
|
|move|p1a: Florges|Protect|p1a: Florges
|-singleturn|p1a: Florges|Protect
|move|p2a: Nidoking|Earth Power|p1a: Florges
|-activate|p1a: Florges|Protect
|
|-heal|p1a: Florges|238\/360|[from] move: Wish|[wisher] Florges
|-heal|p1a: Florges|260\/360|[from] item: Leftovers
|turn|39
|
|move|p1a: Florges|Protect|p1a: Florges
|-fail|p1a: Florges
|move|p2a: Nidoking|Sludge Wave|p1a: Florges
|-supereffective|p1a: Florges
|-damage|p1a: Florges|18\/360
|
|-heal|p1a: Florges|40\/360|[from] item: Leftovers
|turn|40
|
|move|p1a: Florges|Protect|p1a: Florges
|-singleturn|p1a: Florges|Protect
|move|p2a: Nidoking|Earth Power|p1a: Florges
|-activate|p1a: Florges|Protect
|
|-heal|p1a: Florges|62\/360|[from] item: Leftovers
|turn|41
|
|move|p1a: Florges|Protect|p1a: Florges
|-fail|p1a: Florges
|move|p2a: Nidoking|Sludge Wave|p1a: Florges
|-crit|p1a: Florges
|-supereffective|p1a: Florges
|-damage|p1a: Florges|0 fnt
|faint|p1a: Florges
|
|
|switch|p1a: Blastoise|Blastoise-Mega, M|240\/362
|turn|42
|
|move|p2a: Nidoking|Sludge Wave|p1a: Blastoise
|-damage|p1a: Blastoise|44\/362
|move|p1a: Blastoise|Water Pulse|p2a: Nidoking
|-supereffective|p2a: Nidoking
|-damage|p2a: Nidoking|0 fnt
|faint|p2a: Nidoking
|
|c|âdonkii|gg
|
|switch|p2a: Whimsicott|Whimsicott, M|171\/261
|turn|43
|
|move|p2a: Whimsicott|Giga Drain|p1a: Blastoise
|-supereffective|p1a: Blastoise
|-damage|p1a: Blastoise|0 fnt
|-heal|p2a: Whimsicott|193\/261|[from] drain|[of] p1a: Blastoise
|-damage|p2a: Whimsicott|167\/261|[from] item: Life Orb
|faint|p1a: Blastoise
|
|win|donkii
|raw|Ladder updating...
|raw|joelbarlow's rating: 1198 &rarr; <strong>1172<\/strong><br \/>(-26 for losing)
|raw|donkii's rating: 1178 &rarr; <strong>1205<\/strong><br \/>(+27 for winning)