|join|Taylor Swift Me
|join|Donkii
|player|p1|Taylor Swift Me|37
|player|p2|Donkii|184
|gametype|singles
|gen|6
|tier|UU
|rated
|rule|Sleep Clause Mod: Limit one foe put to sleep
|rule|Species Clause: Limit one of each PokÃ©mon
|rule|OHKO Clause: OHKO moves are banned
|rule|Moody Clause: Moody is banned
|rule|Evasion Moves Clause: Evasion moves are banned
|rule|Endless Battle Clause: Forcing endless battles is banned
|rule|HP Percentage Mod: HP is shown in percentages
|clearpoke
|poke|p1|Electivire, F
|poke|p1|Tornadus, M
|poke|p1|Swampert, F
|poke|p1|Toxicroak, F
|poke|p1|Goodra, M
|poke|p1|Forretress, F
|poke|p2|Nidoking, M, shiny
|poke|p2|Aerodactyl, M
|poke|p2|Hydreigon, M
|poke|p2|Empoleon, M
|poke|p2|Machamp, F
|poke|p2|Azelf
|rule|Swagger Clause: Swagger is banned
|rule|Baton Pass Clause: Limit one PokÃ©mon knowing Baton Pass
|teampreview
|
|start
|switch|p1a: Goodra|Goodra, M|384\/384
|switch|p2a: Nidoking|Nidoking, M, shiny|303\/303
|turn|1
|
|move|p2a: Nidoking|Ice Beam|p1a: Goodra
|-supereffective|p1a: Goodra
|-damage|p1a: Goodra|168\/384
|move|p1a: Goodra|Rain Dance|p1a: Goodra
|-weather|RainDance
|
|-weather|RainDance|[upkeep]
|turn|2
|
|move|p2a: Nidoking|Ice Beam|p1a: Goodra
|-supereffective|p1a: Goodra
|-damage|p1a: Goodra|0 fnt
|faint|p1a: Goodra
|
|-weather|RainDance|[upkeep]
|
|switch|p1a: Swampert|Swampert, F|366\/366
|turn|3
|
|switch|p2a: Empoleon|Empoleon, M|371\/371
|detailschange|p1a: Swampert|Swampert-Mega, F
|-mega|p1a: Swampert|Swampert|Swampertite
|move|p1a: Swampert|Waterfall|p2a: Empoleon
|-resisted|p2a: Empoleon
|-damage|p2a: Empoleon|257\/371
|
|-weather|RainDance|[upkeep]
|-heal|p2a: Empoleon|280\/371|[from] item: Leftovers
|turn|4
|
|switch|p2a: Azelf|Azelf|291\/291
|move|p1a: Swampert|Earthquake|p2a: Azelf
|-immune|p2a: Azelf|[msg]
|
|-weather|RainDance|[upkeep]
|turn|5
|
|move|p2a: Azelf|U-turn|p1a: Swampert
|-damage|p1a: Swampert|294\/366
|
|switch|p2a: Empoleon|Empoleon, M|280\/371
|move|p1a: Swampert|Waterfall|p2a: Empoleon
|-resisted|p2a: Empoleon
|-damage|p2a: Empoleon|161\/371
|
|-weather|RainDance|[upkeep]
|-heal|p2a: Empoleon|184\/371|[from] item: Leftovers
|turn|6
|
|move|p1a: Swampert|Stealth Rock|p2a: Empoleon
|-sidestart|p2: Donkii|move: Stealth Rock
|move|p2a: Empoleon|Stealth Rock|p1a: Swampert
|-sidestart|p1: Taylor Swift Me|move: Stealth Rock
|
|-weather|RainDance|[upkeep]
|-heal|p2a: Empoleon|207\/371|[from] item: Leftovers
|turn|7
|
|move|p1a: Swampert|Earthquake|p2a: Empoleon
|-crit|p2a: Empoleon
|-supereffective|p2a: Empoleon
|-damage|p2a: Empoleon|0 fnt
|faint|p2a: Empoleon
|
|-weather|RainDance|[upkeep]
|
|switch|p2a: Azelf|Azelf|291\/291
|-damage|p2a: Azelf|255\/291|[from] Stealth Rock
|turn|8
|
|switch|p1a: Forretress|Forretress, F|354\/354
|-damage|p1a: Forretress|310\/354|[from] Stealth Rock
|move|p2a: Azelf|Zen Headbutt|p1a: Forretress
|-resisted|p1a: Forretress
|-damage|p1a: Forretress|266\/354
|
|-weather|none
|-heal|p1a: Forretress|288\/354|[from] item: Leftovers
|turn|9
|
|switch|p2a: Nidoking|Nidoking, M, shiny|303\/303
|-damage|p2a: Nidoking|285\/303|[from] Stealth Rock
|move|p1a: Forretress|Rapid Spin|p2a: Nidoking
|-damage|p2a: Nidoking|262\/303
|-sideend|p1: Taylor Swift Me|Stealth Rock|[from] move: Rapid Spin|[of] p1a: Forretress
|
|-heal|p1a: Forretress|310\/354|[from] item: Leftovers
|turn|10
|
|move|p2a: Nidoking|Earth Power|p1a: Forretress
|-damage|p1a: Forretress|0 fnt
|faint|p1a: Forretress
|
|
|switch|p1a: Tornadus|Tornadus, M|321\/321
|turn|11
|
|move|p1a: Tornadus|Rain Dance|p1a: Tornadus
|-weather|RainDance
|move|p2a: Nidoking|Ice Beam|p1a: Tornadus
|-supereffective|p1a: Tornadus
|-damage|p1a: Tornadus|0 fnt
|faint|p1a: Tornadus
|
|-weather|RainDance|[upkeep]
|
|switch|p1a: Swampert|Swampert-Mega, F|294\/366
|turn|12
|
|switch|p2a: Azelf|Azelf|255\/291
|-damage|p2a: Azelf|219\/291|[from] Stealth Rock
|move|p1a: Swampert|Waterfall|p2a: Azelf
|-damage|p2a: Azelf|0 fnt
|faint|p2a: Azelf
|
|-weather|RainDance|[upkeep]
|
|switch|p2a: Hydreigon|Hydreigon, M|325\/325
|-damage|p2a: Hydreigon|285\/325|[from] Stealth Rock
|turn|13
|
|switch|p1a: Electivire|Electivire, F|339\/339
|move|p2a: Hydreigon|Draco Meteor|p1a: Electivire
|-damage|p1a: Electivire|0 fnt
|-unboost|p2a: Hydreigon|spa|2
|faint|p1a: Electivire
|
|-weather|RainDance|[upkeep]
|
|switch|p1a: Swampert|Swampert-Mega, F|294\/366
|turn|14
|
|switch|p2a: Nidoking|Nidoking, M, shiny|262\/303
|-damage|p2a: Nidoking|244\/303|[from] Stealth Rock
|move|p1a: Swampert|Waterfall|p2a: Nidoking
|-supereffective|p2a: Nidoking
|-damage|p2a: Nidoking|0 fnt
|faint|p2a: Nidoking
|
|-weather|RainDance|[upkeep]
|
|switch|p2a: Machamp|Machamp, F|364\/364
|-damage|p2a: Machamp|342\/364|[from] Stealth Rock
|turn|15
|
|move|p1a: Swampert|Waterfall|p2a: Machamp
|-damage|p2a: Machamp|20\/364
|move|p2a: Machamp|Close Combat|p1a: Swampert
|-damage|p1a: Swampert|95\/366
|-unboost|p2a: Machamp|def|1
|-unboost|p2a: Machamp|spd|1
|
|-weather|RainDance|[upkeep]
|turn|16
|
|move|p2a: Machamp|Bullet Punch|p1a: Swampert
|-resisted|p1a: Swampert
|-damage|p1a: Swampert|73\/366
|move|p1a: Swampert|Waterfall|p2a: Machamp
|-crit|p2a: Machamp
|-damage|p2a: Machamp|0 fnt
|faint|p2a: Machamp
|
|-weather|RainDance|[upkeep]
|
|switch|p2a: Hydreigon|Hydreigon, M|285\/325
|-damage|p2a: Hydreigon|245\/325|[from] Stealth Rock
|turn|17
|
|move|p1a: Swampert|Ice Punch|p2a: Hydreigon
|-supereffective|p2a: Hydreigon
|-damage|p2a: Hydreigon|11\/325
|move|p2a: Hydreigon|Dark Pulse|p1a: Swampert
|-damage|p1a: Swampert|0 fnt
|faint|p1a: Swampert
|
|-weather|RainDance|[upkeep]
|
|switch|p1a: Toxicroak|Toxicroak, F|370\/370
|turn|18
|
|move|p2a: Hydreigon|Draco Meteor|p1a: Toxicroak
|-damage|p1a: Toxicroak|1\/370
|-unboost|p2a: Hydreigon|spa|2
|move|p1a: Toxicroak|Substitute|p1a: Toxicroak
|-fail|p1a: Toxicroak|move: Substitute|[weak]
|
|-weather|none
|-heal|p1a: Toxicroak|24\/370|[from] item: Leftovers
|turn|19
|-message|Taylor Swift Me forfeited.
|leave|Taylor Swift Me
|
|win|Donkii
|raw|Ladder updating...
|player|p1
|raw|Taylor Swift Me's rating: 1429 &rarr; <strong>1413<\/strong><br \/>(-16 for losing)
|raw|Donkii's rating: 1492 &rarr; <strong>1509<\/strong><br \/>(+17 for winning)