|join|Donkii
|join|FuckHaxx3
|player|p1|Donkii|239
|player|p2|FuckHaxx3|274
|gametype|singles
|gen|6
|tier|UU
|rated
|rule|Sleep Clause Mod: Limit one foe put to sleep
|rule|Species Clause: Limit one of each PokÃ©mon
|rule|OHKO Clause: OHKO moves are banned
|rule|Moody Clause: Moody is banned
|rule|Evasion Moves Clause: Evasion moves are banned
|rule|Endless Battle Clause: Forcing endless battles is banned
|rule|HP Percentage Mod: HP is shown in percentages
|clearpoke
|poke|p1|Nidoking, M, shiny
|poke|p1|Aerodactyl, F
|poke|p1|Hydreigon, F
|poke|p1|Empoleon, F
|poke|p1|Cofagrigus, F, shiny
|poke|p1|Whimsicott, M
|poke|p2|Alomomola, M
|poke|p2|Forretress, F
|poke|p2|Slowking, M
|poke|p2|Tangrowth, F
|poke|p2|Amoonguss, F
|poke|p2|Rotom-Heat
|rule|Swagger Clause: Swagger is banned
|rule|Baton Pass Clause: Limit one PokÃ©mon knowing Baton Pass
|teampreview
|
|start
|switch|p1a: Hydreigon|Hydreigon, F|325\/325
|switch|p2a: Rotom-Heat|Rotom-Heat|241\/241
|turn|1
|
|switch|p2a: Amoonguss|Amoonguss, F|432\/432
|move|p1a: Hydreigon|Dark Pulse|p2a: Amoonguss
|-damage|p2a: Amoonguss|317\/432
|
|-heal|p2a: Amoonguss|344\/432|[from] item: Black Sludge
|turn|2
|
|move|p1a: Hydreigon|Taunt|p2a: Amoonguss
|-start|p2a: Amoonguss|move: Taunt
|cant|p2a: Amoonguss|move: Taunt|Spore
|
|-heal|p2a: Amoonguss|371\/432|[from] item: Black Sludge
|turn|3
|
|switch|p2a: Rotom-Heat|Rotom-Heat|241\/241
|move|p1a: Hydreigon|Dark Pulse|p2a: Rotom-Heat
|-damage|p2a: Rotom-Heat|111\/241
|
|turn|4
|
|switch|p1a: Empoleon|Empoleon, F|371\/371
|move|p2a: Rotom-Heat|Volt Switch|p1a: Empoleon
|-supereffective|p1a: Empoleon
|-damage|p1a: Empoleon|189\/371
|
|switch|p2a: Tangrowth|Tangrowth, F|404\/404
|
|-heal|p1a: Empoleon|212\/371|[from] item: Leftovers
|turn|5
|
|move|p1a: Empoleon|Toxic|p2a: Tangrowth
|-status|p2a: Tangrowth|tox
|move|p2a: Tangrowth|Earthquake|p1a: Empoleon
|-supereffective|p1a: Empoleon
|-damage|p1a: Empoleon|80\/371
|
|-heal|p1a: Empoleon|103\/371|[from] item: Leftovers
|-damage|p2a: Tangrowth|379\/404 tox|[from] psn
|turn|6
|
|switch|p2a: Rotom-Heat|Rotom-Heat|111\/241
|move|p1a: Empoleon|Stealth Rock|p2a: Rotom-Heat
|-sidestart|p2: FuckHaxx3|move: Stealth Rock
|
|-heal|p1a: Empoleon|126\/371|[from] item: Leftovers
|turn|7
|
|move|p2a: Rotom-Heat|Overheat|p1a: Empoleon
|-damage|p1a: Empoleon|0 fnt
|-unboost|p2a: Rotom-Heat|spa|2
|faint|p1a: Empoleon
|
|
|switch|p1a: Hydreigon|Hydreigon, F|325\/325
|turn|8
|
|switch|p2a: Slowking|Slowking, M|393\/393
|-damage|p2a: Slowking|344\/393|[from] Stealth Rock
|move|p1a: Hydreigon|Dark Pulse|p2a: Slowking
|-supereffective|p2a: Slowking
|-damage|p2a: Slowking|164\/393
|
|turn|9
|
|switch|p2a: Amoonguss|Amoonguss, F|432\/432
|-damage|p2a: Amoonguss|378\/432|[from] Stealth Rock
|move|p1a: Hydreigon|Dark Pulse|p2a: Amoonguss
|-damage|p2a: Amoonguss|258\/432
|
|-heal|p2a: Amoonguss|285\/432|[from] item: Black Sludge
|turn|10
|
|switch|p2a: Slowking|Slowking, M|295\/393
|-damage|p2a: Slowking|246\/393|[from] Stealth Rock
|move|p1a: Hydreigon|Dark Pulse|p2a: Slowking
|-supereffective|p2a: Slowking
|-damage|p2a: Slowking|76\/393
|
|turn|11
|
|move|p1a: Hydreigon|Dark Pulse|p2a: Slowking
|-supereffective|p2a: Slowking
|-damage|p2a: Slowking|0 fnt
|faint|p2a: Slowking
|
|
|switch|p2a: Rotom-Heat|Rotom-Heat|111\/241
|-damage|p2a: Rotom-Heat|51\/241|[from] Stealth Rock
|turn|12
|
|switch|p1a: Whimsicott|Whimsicott, M|261\/261
|move|p2a: Rotom-Heat|Trick|p1a: Whimsicott
|-activate|p2a: Rotom-Heat|move: Trick|[of] p1a: Whimsicott
|-item|p1a: Whimsicott|Choice Scarf|[from] move: Trick
|-item|p2a: Rotom-Heat|Life Orb|[from] move: Trick
|
|turn|13
|
|switch|p2a: Amoonguss|Amoonguss, F|429\/432
|-damage|p2a: Amoonguss|375\/432|[from] Stealth Rock
|move|p1a: Whimsicott|Moonblast|p2a: Amoonguss
|-resisted|p2a: Amoonguss
|-damage|p2a: Amoonguss|323\/432
|-unboost|p2a: Amoonguss|spa|1
|
|-heal|p2a: Amoonguss|350\/432|[from] item: Black Sludge
|turn|14
|
|switch|p1a: Cofagrigus|Cofagrigus, F, shiny|319\/319
|move|p2a: Amoonguss|Spore|p1a: Cofagrigus
|-status|p1a: Cofagrigus|slp
|
|-heal|p2a: Amoonguss|377\/432|[from] item: Black Sludge
|turn|15
|
|switch|p2a: Rotom-Heat|Rotom-Heat|51\/241
|-damage|p2a: Rotom-Heat|0 fnt|[from] Stealth Rock
|faint|p2a: Rotom-Heat
|switch|p1a: Aerodactyl|Aerodactyl, F|301\/301
|-ability|p1a: Aerodactyl|Unnerve|p2: FuckHaxx3
|
|
|switch|p2a: Forretress|Forretress, F|354\/354
|-damage|p2a: Forretress|310\/354|[from] Stealth Rock
|turn|16
|
|switch|p1a: Nidoking|Nidoking, M, shiny|303\/303
|move|p2a: Forretress|Gyro Ball|p1a: Nidoking
|-damage|p1a: Nidoking|164\/303
|
|-heal|p2a: Forretress|332\/354|[from] item: Leftovers
|turn|17
|
|switch|p2a: Amoonguss|Amoonguss, F|432\/432
|-damage|p2a: Amoonguss|378\/432|[from] Stealth Rock
|move|p1a: Nidoking|Earth Power|p2a: Amoonguss
|-damage|p2a: Amoonguss|201\/432
|
|-heal|p2a: Amoonguss|228\/432|[from] item: Black Sludge
|turn|18
|
|move|p1a: Nidoking|Ice Beam|p2a: Amoonguss
|-supereffective|p2a: Amoonguss
|-damage|p2a: Amoonguss|0 fnt
|faint|p2a: Amoonguss
|
|-message|FuckHaxx3 forfeited.
|
|switch|p2a: Alomomola|Alomomola, M|533\/533
|-damage|p2a: Alomomola|467\/533|[from] Stealth Rock
|turn|19
|leave|FuckHaxx3
|
|win|Donkii
|raw|Ladder updating...
|player|p2
|raw|Donkii's rating: 1559 &rarr; <strong>1571<\/strong><br \/>(+12 for winning)
|raw|FuckHaxx3's rating: 1409 &rarr; <strong>1397<\/strong><br \/>(-12 for losing)