|join|Sacri'
|join|donkii
|player|p1|Sacri'|265
|player|p2|donkii|184
|gametype|singles
|gen|6
|tier|UU
|rated
|rule|Sleep Clause Mod: Limit one foe put to sleep
|rule|Species Clause: Limit one of each PokÃ©mon
|rule|OHKO Clause: OHKO moves are banned
|rule|Moody Clause: Moody is banned
|rule|Evasion Moves Clause: Evasion moves are banned
|rule|Endless Battle Clause: Forcing endless battles is banned
|rule|HP Percentage Mod: HP is shown in percentages
|clearpoke
|poke|p1|Absol, F
|poke|p1|Nidoqueen, F
|poke|p1|Suicune
|poke|p1|Roserade, F
|poke|p1|Mienshao, F
|poke|p1|Jirachi
|poke|p2|Nidoking, M, shiny
|poke|p2|Aerodactyl, M
|poke|p2|Hydreigon, M
|poke|p2|Empoleon, M
|poke|p2|Machamp, M
|poke|p2|Azelf
|rule|Swagger Clause: Swagger is banned
|rule|Baton Pass Clause: Limit one PokÃ©mon knowing Baton Pass
|teampreview
|
|start
|switch|p1a: Absol|Absol, F|271\/271
|switch|p2a: Azelf|Azelf|291\/291
|turn|1
|
|switch|p1a: Jirachi|Jirachi|341\/341
|move|p2a: Azelf|U-turn|p1a: Jirachi
|-damage|p1a: Jirachi|255\/341
|
|switch|p2a: Empoleon|Empoleon, M|371\/371
|
|-heal|p1a: Jirachi|276\/341|[from] item: Leftovers
|turn|2
|
|move|p1a: Jirachi|U-turn|p2a: Empoleon
|-resisted|p2a: Empoleon
|-damage|p2a: Empoleon|342\/371
|
|switch|p1a: Mienshao|Mienshao, F|271\/271
|move|p2a: Empoleon|Stealth Rock|p1a: Mienshao
|-sidestart|p1: Sacri'|move: Stealth Rock
|
|-heal|p2a: Empoleon|365\/371|[from] item: Leftovers
|turn|3
|
|switch|p2a: Nidoking|Nidoking, M, shiny|303\/303
|move|p1a: Mienshao|High Jump Kick|p2a: Nidoking
|-crit|p2a: Nidoking
|-resisted|p2a: Nidoking
|-damage|p2a: Nidoking|5\/303
|
|turn|4
|
|move|p1a: Mienshao|High Jump Kick|p2a: Nidoking
|-resisted|p2a: Nidoking
|-damage|p2a: Nidoking|0 fnt
|faint|p2a: Nidoking
|
|
|switch|p2a: Azelf|Azelf|291\/291
|turn|5
|
|switch|p1a: Jirachi|Jirachi|276\/341
|-damage|p1a: Jirachi|255\/341|[from] Stealth Rock
|move|p2a: Azelf|Knock Off|p1a: Jirachi
|-supereffective|p1a: Jirachi
|-damage|p1a: Jirachi|37\/341
|-enditem|p1a: Jirachi|Leftovers|[from] move: Knock Off|[of] p2a: Azelf
|
|turn|6
|
|move|p2a: Azelf|Knock Off|p1a: Jirachi
|-supereffective|p1a: Jirachi
|-damage|p1a: Jirachi|0 fnt
|faint|p1a: Jirachi
|
|
|switch|p1a: Absol|Absol, F|271\/271
|-damage|p1a: Absol|238\/271|[from] Stealth Rock
|turn|7
|
|switch|p2a: Empoleon|Empoleon, M|365\/371
|detailschange|p1a: Absol|Absol-Mega, F
|-mega|p1a: Absol|Absol|Absolite
|move|p1a: Absol|Knock Off|p2a: Empoleon
|-damage|p2a: Empoleon|202\/371
|-enditem|p2a: Empoleon|Leftovers|[from] move: Knock Off|[of] p1a: Absol
|
|turn|8
|
|move|p1a: Absol|Swords Dance|p1a: Absol
|-boost|p1a: Absol|atk|2
|move|p2a: Empoleon|Scald|p1a: Absol
|-damage|p1a: Absol|93\/271
|
|turn|9
|
|move|p1a: Absol|Sucker Punch|p2a: Empoleon
|-damage|p2a: Empoleon|0 fnt
|faint|p2a: Empoleon
|
|
|switch|p2a: Hydreigon|Hydreigon, M|325\/325
|turn|10
|
|move|p1a: Absol|Play Rough|p2a: Hydreigon
|-supereffective|p2a: Hydreigon
|-damage|p2a: Hydreigon|0 fnt
|faint|p2a: Hydreigon
|
|
|switch|p2a: Machamp|Machamp, M|364\/364
|turn|11
|
|move|p2a: Machamp|Bullet Punch|p1a: Absol
|-damage|p1a: Absol|9\/271
|move|p1a: Absol|Play Rough|p2a: Machamp
|-supereffective|p2a: Machamp
|-damage|p2a: Machamp|0 fnt
|faint|p2a: Machamp
|
|
|switch|p2a: Aerodactyl|Aerodactyl, M|301\/301
|-ability|p2a: Aerodactyl|Unnerve|p1: Sacri'
|turn|12
|
|switch|p2a: Azelf|Azelf|291\/291
|move|p1a: Absol|Sucker Punch|p2a: Azelf
|-fail|p2a: Azelf
|
|turn|13
|
|switch|p2a: Aerodactyl|Aerodactyl, M|301\/301
|-ability|p2a: Aerodactyl|Unnerve|p1: Sacri'
|move|p1a: Absol|Sucker Punch|p2a: Aerodactyl
|-fail|p2a: Aerodactyl
|
|turn|14
|
|switch|p2a: Azelf|Azelf|291\/291
|move|p1a: Absol|Sucker Punch|p2a: Azelf
|-fail|p2a: Azelf
|
|turn|15
|
|switch|p2a: Aerodactyl|Aerodactyl, M|301\/301
|-ability|p2a: Aerodactyl|Unnerve|p1: Sacri'
|move|p1a: Absol|Sucker Punch|p2a: Aerodactyl
|-fail|p2a: Aerodactyl
|
|turn|16
|
|switch|p2a: Azelf|Azelf|291\/291
|move|p1a: Absol|Sucker Punch|p2a: Azelf
|-fail|p2a: Azelf
|
|turn|17
|
|switch|p2a: Aerodactyl|Aerodactyl, M|301\/301
|-ability|p2a: Aerodactyl|Unnerve|p1: Sacri'
|move|p1a: Absol|Knock Off|p2a: Aerodactyl
|-damage|p2a: Aerodactyl|0 fnt
|faint|p2a: Aerodactyl
|
|
|switch|p2a: Azelf|Azelf|291\/291
|turn|18
|
|move|p1a: Absol|Sucker Punch|p2a: Azelf
|-supereffective|p2a: Azelf
|-damage|p2a: Azelf|0 fnt
|faint|p2a: Azelf
|
|win|Sacri'
|raw|Ladder updating...
|raw|Sacri&apos;'s rating: 1541 &rarr; <strong>1560<\/strong><br \/>(+19 for winning)
|raw|donkii's rating: 1510 &rarr; <strong>1492<\/strong><br \/>(-18 for losing)
|leave|donkii
|player|p2