|join|Donkii
|join|Catsarenice
|player|p1|Donkii|184
|player|p2|Catsarenice|161
|gametype|singles
|gen|6
|tier|UU
|rated
|rule|Sleep Clause Mod: Limit one foe put to sleep
|rule|Species Clause: Limit one of each PokÃ©mon
|rule|OHKO Clause: OHKO moves are banned
|rule|Moody Clause: Moody is banned
|rule|Evasion Moves Clause: Evasion moves are banned
|rule|Endless Battle Clause: Forcing endless battles is banned
|rule|HP Percentage Mod: HP is shown in percentages
|clearpoke
|poke|p1|Nidoking, M, shiny
|poke|p1|Aerodactyl, F
|poke|p1|Hydreigon, M
|poke|p1|Empoleon, F
|poke|p1|Cofagrigus, F, shiny
|poke|p1|Whimsicott, F
|poke|p2|Cresselia, F, shiny
|poke|p2|Umbreon, F, shiny
|poke|p2|Registeel
|poke|p2|Pidgeot, M
|poke|p2|Infernape, M
|poke|p2|Lucario, M
|rule|Swagger Clause: Swagger is banned
|rule|Baton Pass Clause: Limit one PokÃ©mon knowing Baton Pass
|teampreview
|
|start
|switch|p1a: Cofagrigus|Cofagrigus, F, shiny|319\/319
|switch|p2a: Pidgeot|Pidgeot, M|361\/361
|turn|1
|
|switch|p1a: Empoleon|Empoleon, F|371\/371
|detailschange|p2a: Pidgeot|Pidgeot-Mega, M
|-mega|p2a: Pidgeot|Pidgeot|Pidgeotite
|move|p2a: Pidgeot|Hurricane|p1a: Empoleon
|-resisted|p1a: Empoleon
|-damage|p1a: Empoleon|301\/371
|
|-heal|p1a: Empoleon|324\/371|[from] item: Leftovers
|turn|2
|
|switch|p2a: Umby|Umbreon, F, shiny|394\/394
|move|p1a: Empoleon|Stealth Rock|p2a: Umby
|-sidestart|p2: Catsarenice|move: Stealth Rock
|
|-heal|p1a: Empoleon|347\/371|[from] item: Leftovers
|turn|3
|
|switch|p1a: Whimsicott|Whimsicott, F|261\/261
|move|p2a: Umby|Foul Play|p1a: Whimsicott
|-crit|p1a: Whimsicott
|-resisted|p1a: Whimsicott
|-damage|p1a: Whimsicott|201\/261
|
|turn|4
|
|switch|p2a: Registy|Registeel|364\/364
|-damage|p2a: Registy|342\/364|[from] Stealth Rock
|move|p1a: Whimsicott|Leech Seed|p2a: Registy
|-start|p2a: Registy|move: Leech Seed
|
|-heal|p2a: Registy|364\/364|[from] item: Leftovers
|-damage|p2a: Registy|319\/364|[from] Leech Seed|[of] p1a: Whimsicott
|-heal|p1a: Whimsicott|246\/261|[silent]
|turn|5
|
|switch|p1a: Cofagrigus|Cofagrigus, F, shiny|319\/319
|move|p2a: Registy|Stealth Rock|p1a: Cofagrigus
|-sidestart|p1: Donkii|move: Stealth Rock
|
|-heal|p2a: Registy|341\/364|[from] item: Leftovers
|-damage|p2a: Registy|296\/364|[from] Leech Seed|[of] p1a: Cofagrigus
|turn|6
|
|move|p2a: Registy|Toxic|p1a: Cofagrigus
|-status|p1a: Cofagrigus|tox
|move|p1a: Cofagrigus|Toxic Spikes|p2a: Registy
|-sidestart|p2: Catsarenice|move: Toxic Spikes
|
|-heal|p2a: Registy|318\/364|[from] item: Leftovers
|-damage|p2a: Registy|273\/364|[from] Leech Seed|[of] p1a: Cofagrigus
|-damage|p1a: Cofagrigus|300\/319 tox|[from] psn
|turn|7
|
|switch|p2a: Pidgeot|Pidgeot-Mega, M|361\/361
|-damage|p2a: Pidgeot|271\/361|[from] Stealth Rock
|switch|p1a: Nidoking|Nidoking, M, shiny|303\/303
|-damage|p1a: Nidoking|285\/303|[from] Stealth Rock
|
|turn|8
|
|move|p2a: Pidgeot|Hurricane|p1a: Nidoking
|-damage|p1a: Nidoking|68\/303
|move|p1a: Nidoking|Sludge Wave|p2a: Pidgeot
|-damage|p2a: Pidgeot|0 fnt
|faint|p2a: Pidgeot
|
|
|switch|p2a: Napy|Infernape, M|293\/293
|-status|p2a: Napy|psn
|-damage|p2a: Napy|257\/293 psn|[from] Stealth Rock
|turn|9
|
|switch|p1a: Empoleon|Empoleon, F|347\/371
|-damage|p1a: Empoleon|324\/371|[from] Stealth Rock
|move|p2a: Napy|Flamethrower|p1a: Empoleon
|-damage|p1a: Empoleon|175\/371
|-damage|p2a: Napy|228\/293 psn|[from] item: Life Orb
|
|-heal|p1a: Empoleon|198\/371|[from] item: Leftovers
|-damage|p2a: Napy|192\/293 psn|[from] psn
|turn|10
|
|switch|p2a: Registy|Registeel|273\/364
|-damage|p2a: Registy|251\/364|[from] Stealth Rock
|move|p1a: Empoleon|Scald|p2a: Registy
|-damage|p2a: Registy|182\/364
|
|-heal|p1a: Empoleon|221\/371|[from] item: Leftovers
|-heal|p2a: Registy|204\/364|[from] item: Leftovers
|turn|11
|
|move|p1a: Empoleon|Scald|p2a: Registy
|-damage|p2a: Registy|144\/364
|move|p2a: Registy|Earthquake|p1a: Empoleon
|-supereffective|p1a: Empoleon
|-damage|p1a: Empoleon|107\/371
|
|-heal|p1a: Empoleon|130\/371|[from] item: Leftovers
|-heal|p2a: Registy|166\/364|[from] item: Leftovers
|turn|12
|
|move|p1a: Empoleon|Scald|p2a: Registy
|-damage|p2a: Registy|99\/364
|-status|p2a: Registy|brn
|move|p2a: Registy|Seismic Toss|p1a: Empoleon
|-damage|p1a: Empoleon|30\/371
|
|-heal|p1a: Empoleon|53\/371|[from] item: Leftovers
|-heal|p2a: Registy|121\/364 brn|[from] item: Leftovers
|-damage|p2a: Registy|76\/364 brn|[from] brn
|turn|13
|
|move|p1a: Empoleon|Toxic|p2a: Registy|[miss]
|-miss|p1a: Empoleon|p2a: Registy
|move|p2a: Registy|Earthquake|p1a: Empoleon
|-supereffective|p1a: Empoleon
|-damage|p1a: Empoleon|1\/371
|
|-heal|p1a: Empoleon|24\/371|[from] item: Leftovers
|-heal|p2a: Registy|98\/364 brn|[from] item: Leftovers
|-damage|p2a: Registy|53\/364 brn|[from] brn
|turn|14
|
|move|p1a: Empoleon|Toxic|p2a: Registy
|-fail|p2a: Registy
|move|p2a: Registy|Seismic Toss|p1a: Empoleon
|-damage|p1a: Empoleon|0 fnt
|faint|p1a: Empoleon
|
|-heal|p2a: Registy|75\/364 brn|[from] item: Leftovers
|-damage|p2a: Registy|30\/364 brn|[from] brn
|
|switch|p1a: Whimsicott|Whimsicott, F|246\/261
|-damage|p1a: Whimsicott|214\/261|[from] Stealth Rock
|turn|15
|
|move|p1a: Whimsicott|Leech Seed|p2a: Registy
|-start|p2a: Registy|move: Leech Seed
|move|p2a: Registy|Seismic Toss|p1a: Whimsicott
|-damage|p1a: Whimsicott|114\/261
|
|-heal|p2a: Registy|52\/364 brn|[from] item: Leftovers
|-damage|p2a: Registy|7\/364 brn|[from] Leech Seed|[of] p1a: Whimsicott
|-heal|p1a: Whimsicott|159\/261|[silent]
|-damage|p2a: Registy|0 fnt|[from] brn
|faint|p2a: Registy
|
|switch|p2a: Cressy|Cresselia, F, shiny|444\/444
|-damage|p2a: Cressy|389\/444|[from] Stealth Rock
|turn|16
|
|move|p1a: Whimsicott|Leech Seed|p2a: Cressy|[miss]
|-miss|p1a: Whimsicott|p2a: Cressy
|move|p2a: Cressy|Moonblast|p1a: Whimsicott
|-damage|p1a: Whimsicott|91\/261
|
|-heal|p2a: Cressy|416\/444|[from] item: Leftovers
|turn|17
|
|move|p1a: Whimsicott|Leech Seed|p2a: Cressy
|-start|p2a: Cressy|move: Leech Seed
|move|p2a: Cressy|Psyshock|p1a: Whimsicott
|-damage|p1a: Whimsicott|1\/261
|
|-heal|p2a: Cressy|443\/444|[from] item: Leftovers
|-damage|p2a: Cressy|388\/444|[from] Leech Seed|[of] p1a: Whimsicott
|-heal|p1a: Whimsicott|56\/261|[silent]
|turn|18
|
|switch|p1a: Cofagrigus|Cofagrigus, F, shiny|300\/319 tox
|-damage|p1a: Cofagrigus|261\/319 tox|[from] Stealth Rock
|move|p2a: Cressy|Moonblast|p1a: Cofagrigus
|-damage|p1a: Cofagrigus|208\/319 tox
|
|-heal|p2a: Cressy|415\/444|[from] item: Leftovers
|-heal|p1a: Cofagrigus|227\/319 tox|[from] item: Leftovers
|-damage|p2a: Cressy|360\/444|[from] Leech Seed|[of] p1a: Cofagrigus
|-heal|p1a: Cofagrigus|282\/319 tox|[silent]
|-damage|p1a: Cofagrigus|263\/319 tox|[from] psn
|turn|19
|
|switch|p2a: Umby|Umbreon, F, shiny|394\/394
|-status|p2a: Umby|psn
|-damage|p2a: Umby|345\/394 psn|[from] Stealth Rock
|switch|p1a: Hydreigon|Hydreigon, M|325\/325
|-damage|p1a: Hydreigon|285\/325|[from] Stealth Rock
|
|-heal|p2a: Umby|369\/394 psn|[from] item: Leftovers
|-damage|p2a: Umby|320\/394 psn|[from] psn
|turn|20
|
|move|p1a: Hydreigon|Taunt|p2a: Umby
|-start|p2a: Umby|move: Taunt
|move|p2a: Umby|Foul Play|p1a: Hydreigon
|-resisted|p1a: Hydreigon
|-damage|p1a: Hydreigon|228\/325
|
|-heal|p2a: Umby|344\/394 psn|[from] item: Leftovers
|-damage|p2a: Umby|295\/394 psn|[from] psn
|turn|21
|
|move|p1a: Hydreigon|Roost|p1a: Hydreigon
|-heal|p1a: Hydreigon|325\/325
|move|p2a: Umby|Foul Play|p1a: Hydreigon
|-resisted|p1a: Hydreigon
|-damage|p1a: Hydreigon|266\/325
|
|-heal|p2a: Umby|319\/394 psn|[from] item: Leftovers
|-damage|p2a: Umby|270\/394 psn|[from] psn
|turn|22
|
|move|p1a: Hydreigon|Dark Pulse|p2a: Umby
|-resisted|p2a: Umby
|-damage|p2a: Umby|226\/394 psn
|move|p2a: Umby|Foul Play|p1a: Hydreigon
|-resisted|p1a: Hydreigon
|-damage|p1a: Hydreigon|204\/325
|
|-heal|p2a: Umby|250\/394 psn|[from] item: Leftovers
|-damage|p2a: Umby|201\/394 psn|[from] psn
|-end|p2a: Umby|move: Taunt
|turn|23
|
|switch|p2a: Lucy|Lucario, M|281\/281
|-damage|p2a: Lucy|273\/281|[from] Stealth Rock
|move|p1a: Hydreigon|Draco Meteor|p2a: Lucy
|-resisted|p2a: Lucy
|-damage|p2a: Lucy|100\/281
|-unboost|p1a: Hydreigon|spa|2
|
|turn|24
|
|switch|p1a: Cofagrigus|Cofagrigus, F, shiny|263\/319 tox
|-damage|p1a: Cofagrigus|224\/319 tox|[from] Stealth Rock
|move|p2a: Lucy|Swords Dance|p2a: Lucy
|-boost|p2a: Lucy|atk|2
|
|-heal|p1a: Cofagrigus|243\/319 tox|[from] item: Leftovers
|-damage|p1a: Cofagrigus|224\/319 tox|[from] psn
|turn|25
|
|move|p2a: Lucy|Poison Jab|p1a: Cofagrigus
|-resisted|p1a: Cofagrigus
|-damage|p1a: Cofagrigus|173\/319 tox
|-endability|p2a: Lucy|innerfocus|[from] Mummy
|-ability|p2a: Lucy|Mummy|[from] Mummy
|move|p1a: Cofagrigus|Haze|p1a: Cofagrigus
|-clearallboost
|
|-heal|p1a: Cofagrigus|192\/319 tox|[from] item: Leftovers
|-damage|p1a: Cofagrigus|154\/319 tox|[from] psn
|turn|26
|
|move|p2a: Lucy|Swords Dance|p2a: Lucy
|-boost|p2a: Lucy|atk|2
|move|p1a: Cofagrigus|Shadow Ball|p2a: Lucy
|-damage|p2a: Lucy|0 fnt
|faint|p2a: Lucy
|
|-heal|p1a: Cofagrigus|173\/319 tox|[from] item: Leftovers
|-damage|p1a: Cofagrigus|116\/319 tox|[from] psn
|
|switch|p2a: Napy|Infernape, M|192\/293 psn
|-damage|p2a: Napy|156\/293 psn|[from] Stealth Rock
|turn|27
|
|move|p2a: Napy|Flamethrower|p1a: Cofagrigus
|-damage|p1a: Cofagrigus|0 fnt
|-damage|p2a: Napy|127\/293 psn|[from] item: Life Orb
|faint|p1a: Cofagrigus
|
|-damage|p2a: Napy|91\/293 psn|[from] psn
|
|switch|p1a: Aerodactyl|Aerodactyl, F|301\/301
|-damage|p1a: Aerodactyl|226\/301|[from] Stealth Rock
|-ability|p1a: Aerodactyl|Unnerve|p2: Catsarenice
|turn|28
|
|detailschange|p1a: Aerodactyl|Aerodactyl-Mega, F
|-mega|p1a: Aerodactyl|Aerodactyl|Aerodactylite
|move|p2a: Napy|Vacuum Wave|p1a: Aerodactyl
|-damage|p1a: Aerodactyl|151\/301
|-damage|p2a: Napy|62\/293 psn|[from] item: Life Orb
|move|p1a: Aerodactyl|Aerial Ace|p2a: Napy
|-supereffective|p2a: Napy
|-damage|p2a: Napy|0 fnt
|faint|p2a: Napy
|
|
|switch|p2a: Umby|Umbreon, F, shiny|201\/394 psn
|-damage|p2a: Umby|152\/394 psn|[from] Stealth Rock
|turn|29
|
|move|p1a: Aerodactyl|Taunt|p2a: Umby
|-start|p2a: Umby|move: Taunt
|move|p2a: Umby|Foul Play|p1a: Aerodactyl
|-damage|p1a: Aerodactyl|0 fnt
|faint|p1a: Aerodactyl
|
|-heal|p2a: Umby|176\/394 psn|[from] item: Leftovers
|-damage|p2a: Umby|127\/394 psn|[from] psn
|
|switch|p1a: Hydreigon|Hydreigon, M|204\/325
|-damage|p1a: Hydreigon|164\/325|[from] Stealth Rock
|turn|30
|
|move|p1a: Hydreigon|Roost|p1a: Hydreigon
|-heal|p1a: Hydreigon|325\/325
|move|p2a: Umby|Foul Play|p1a: Hydreigon
|-resisted|p1a: Hydreigon
|-damage|p1a: Hydreigon|266\/325
|
|-heal|p2a: Umby|151\/394 psn|[from] item: Leftovers
|-damage|p2a: Umby|102\/394 psn|[from] psn
|turn|31
|
|move|p1a: Hydreigon|Dark Pulse|p2a: Umby
|-resisted|p2a: Umby
|-damage|p2a: Umby|60\/394 psn
|move|p2a: Umby|Foul Play|p1a: Hydreigon
|-resisted|p1a: Hydreigon
|-damage|p1a: Hydreigon|214\/325
|
|-heal|p2a: Umby|84\/394 psn|[from] item: Leftovers
|-damage|p2a: Umby|35\/394 psn|[from] psn
|-end|p2a: Umby|move: Taunt
|turn|32
|
|move|p2a: Umby|Protect|p2a: Umby
|-singleturn|p2a: Umby|Protect
|move|p1a: Hydreigon|Dark Pulse|p2a: Umby
|-activate|p2a: Umby|Protect
|
|-heal|p2a: Umby|59\/394 psn|[from] item: Leftovers
|-damage|p2a: Umby|10\/394 psn|[from] psn
|turn|33
|
|move|p1a: Hydreigon|Dark Pulse|p2a: Umby
|-crit|p2a: Umby
|-resisted|p2a: Umby
|-damage|p2a: Umby|0 fnt
|faint|p2a: Umby
|
|
|switch|p2a: Cressy|Cresselia, F, shiny|360\/444
|-damage|p2a: Cressy|305\/444|[from] Stealth Rock
|turn|34
|
|move|p1a: Hydreigon|Dark Pulse|p2a: Cressy
|-supereffective|p2a: Cressy
|-damage|p2a: Cressy|89\/444
|move|p2a: Cressy|Moonblast|p1a: Hydreigon
|-supereffective|p1a: Hydreigon
|-damage|p1a: Hydreigon|0 fnt
|faint|p1a: Hydreigon
|
|-heal|p2a: Cressy|116\/444|[from] item: Leftovers
|c|âCatsarenice|Now you win
|
|switch|p1a: Nidoking|Nidoking, M, shiny|68\/303
|-damage|p1a: Nidoking|50\/303|[from] Stealth Rock
|turn|35
|c|âDonkii|gg
|
|move|p1a: Nidoking|Sludge Wave|p2a: Cressy
|-damage|p2a: Cressy|0 fnt
|faint|p2a: Cressy
|
|win|Donkii
|raw|Ladder updating...
|raw|Donkii's rating: 1569 &rarr; <strong>1586<\/strong><br \/>(+17 for winning)
|raw|Catsarenice's rating: 1529 &rarr; <strong>1512<\/strong><br \/>(-17 for losing)
|leave|Catsarenice
|player|p2