|join|Donkii
|join|UrNemesis357
|player|p1|Donkii|239
|player|p2|UrNemesis357|213
|gametype|singles
|gen|6
|tier|UU
|rated
|rule|Sleep Clause Mod: Limit one foe put to sleep
|rule|Species Clause: Limit one of each PokÃ©mon
|rule|OHKO Clause: OHKO moves are banned
|rule|Moody Clause: Moody is banned
|rule|Evasion Moves Clause: Evasion moves are banned
|rule|Endless Battle Clause: Forcing endless battles is banned
|rule|HP Percentage Mod: HP is shown in percentages
|clearpoke
|poke|p1|Nidoking, M, shiny
|poke|p1|Aerodactyl, F
|poke|p1|Hydreigon, M
|poke|p1|Empoleon, M
|poke|p1|Cofagrigus, F, shiny
|poke|p1|Whimsicott, F
|poke|p2|Cresselia, F
|poke|p2|Milotic, F
|poke|p2|Pidgeot, M
|poke|p2|Raikou
|poke|p2|Nidoqueen, F
|poke|p2|Lucario, F
|rule|Swagger Clause: Swagger is banned
|rule|Baton Pass Clause: Limit one PokÃ©mon knowing Baton Pass
|teampreview
|
|start
|switch|p1a: Nidoking|Nidoking, M, shiny|303\/303
|switch|p2a: Pidgeot|Pidgeot, M|307\/307
|turn|1
|
|detailschange|p2a: Pidgeot|Pidgeot-Mega, M
|-mega|p2a: Pidgeot|Pidgeot|Pidgeotite
|move|p2a: Pidgeot|U-turn|p1a: Nidoking
|-resisted|p1a: Nidoking
|-damage|p1a: Nidoking|276\/303
|
|switch|p2a: Milotic|Milotic, F|394\/394
|move|p1a: Nidoking|Sludge Wave|p2a: Milotic
|-damage|p2a: Milotic|203\/394
|
|-heal|p2a: Milotic|227\/394|[from] item: Leftovers
|turn|2
|
|switch|p1a: Empoleon|Empoleon, M|371\/371
|move|p2a: Milotic|Recover|p2a: Milotic
|-heal|p2a: Milotic|394\/394
|
|turn|3
|
|switch|p2a: Lucario|Lucario, F|281\/281
|move|p1a: Empoleon|Scald|p2a: Lucario
|-crit|p2a: Lucario
|-damage|p2a: Lucario|77\/281
|
|turn|4
|
|switch|p2a: Pidgeot|Pidgeot-Mega, M|307\/307
|switch|p1a: Cofagrigus|Cofagrigus, F, shiny|319\/319
|
|turn|5
|
|move|p2a: Pidgeot|U-turn|p1a: Cofagrigus
|-resisted|p1a: Cofagrigus
|-damage|p1a: Cofagrigus|307\/319
|-endability|p2a: Pidgeot|noguard|[from] Mummy
|-ability|p2a: Pidgeot|Mummy|[from] Mummy
|
|switch|p2a: Milotic|Milotic, F|394\/394
|move|p1a: Cofagrigus|Will-O-Wisp|p2a: Milotic
|-status|p2a: Milotic|brn
|
|-heal|p1a: Cofagrigus|319\/319|[from] item: Leftovers
|-damage|p2a: Milotic|345\/394 brn|[from] brn
|turn|6
|c|âUrNemesis357|lol
|c|âUrNemesis357|you know i could had sub
|c|âUrNemesis357|and you will-e-ed
|c|âUrNemesis357|*willoed
|
|switch|p1a: Hydreigon|Hydreigon, M|325\/325
|move|p2a: Milotic|Scald|p1a: Hydreigon
|-resisted|p1a: Hydreigon
|-damage|p1a: Hydreigon|275\/325
|
|-heal|p2a: Milotic|369\/394 brn|[from] item: Leftovers
|-damage|p2a: Milotic|320\/394 brn|[from] brn
|turn|7
|c|âDonkii|That'd be a problem for me yea
|
|move|p1a: Hydreigon|Dark Pulse|p2a: Milotic
|-damage|p2a: Milotic|220\/394 brn
|move|p2a: Milotic|Mirror Coat|p1a: Hydreigon
|-immune|p1a: Hydreigon|[msg]
|
|-heal|p2a: Milotic|244\/394 brn|[from] item: Leftovers
|-damage|p2a: Milotic|195\/394 brn|[from] brn
|turn|8
|c|âUrNemesis357|im stupid :(
|
|move|p1a: Hydreigon|Taunt|p2a: Milotic
|-start|p2a: Milotic|move: Taunt
|cant|p2a: Milotic|move: Taunt|Recover
|
|-heal|p2a: Milotic|219\/394 brn|[from] item: Leftovers
|-damage|p2a: Milotic|170\/394 brn|[from] brn
|turn|9
|c|âDonkii|:p
|c|âDonkii|I did not know that either if I am honest;p
|
|switch|p2a: Raikou|Raikou|321\/321
|-ability|p2a: Raikou|Pressure
|move|p1a: Hydreigon|Draco Meteor|p2a: Raikou
|-damage|p2a: Raikou|135\/321
|-unboost|p1a: Hydreigon|spa|2
|
|turn|10
|
|switch|p1a: Whimsicott|Whimsicott, F|261\/261
|move|p2a: Raikou|Volt Switch|p1a: Whimsicott
|-resisted|p1a: Whimsicott
|-damage|p1a: Whimsicott|188\/261
|
|switch|p2a: Nidoqueen|Nidoqueen, F|342\/342
|
|turn|11
|
|move|p1a: Whimsicott|Giga Drain|p2a: Nidoqueen
|-damage|p2a: Nidoqueen|224\/342
|-heal|p1a: Whimsicott|247\/261|[from] drain|[of] p2a: Nidoqueen
|-damage|p1a: Whimsicott|221\/261|[from] item: Life Orb
|move|p2a: Nidoqueen|Stealth Rock|p1a: Whimsicott
|-sidestart|p1: Donkii|move: Stealth Rock
|
|-heal|p2a: Nidoqueen|245\/342|[from] item: Black Sludge
|turn|12
|c|âUrNemesis357|!learn nidoqueen, sludge wave
|raw|<div class="infobox">Nidoqueen <span class="message-learn-canlearn">can<\/span> learn Sludge Wave<\/ul><\/div>
|c|âDonkii|I know:)
|c|âUrNemesis357|lol you making these ballsy plays
|c|âUrNemesis357|why
|c|âDonkii|I just needed some prior damage onthis
|
|switch|p1a: Empoleon|Empoleon, M|371\/371
|-damage|p1a: Empoleon|348\/371|[from] Stealth Rock
|move|p2a: Nidoqueen|Earth Power|p1a: Empoleon
|-supereffective|p1a: Empoleon
|-damage|p1a: Empoleon|150\/371
|
|-heal|p2a: Nidoqueen|266\/342|[from] item: Black Sludge
|-heal|p1a: Empoleon|173\/371|[from] item: Leftovers
|turn|13
|c|âUrNemesis357|fair enough
|c|âUrNemesis357|for drei
|c|âUrNemesis357|?
|c|âDonkii|or aero
|c|âUrNemesis357|im rusty in uu lol
|
|switch|p1a: Hydreigon|Hydreigon, M|275\/325
|-damage|p1a: Hydreigon|235\/325|[from] Stealth Rock
|move|p2a: Nidoqueen|Sludge Wave|p1a: Hydreigon
|-damage|p1a: Hydreigon|99\/325
|
|-heal|p2a: Nidoqueen|287\/342|[from] item: Black Sludge
|turn|14
|c|âDonkii|I am tilting a bit too so dw:p
|c|âUrNemesis357|xD
|c|âUrNemesis357|taunt draco dark
|c|âUrNemesis357|roost\/fire blast\/iron tail
|c|âUrNemesis357|you have
|c|âUrNemesis357|no problems with fairies
|c|âUrNemesis357|with nido
|c|âUrNemesis357|so no  iron tail
|
|move|p1a: Hydreigon|Roost|p1a: Hydreigon
|-heal|p1a: Hydreigon|262\/325
|move|p2a: Nidoqueen|Sludge Wave|p1a: Hydreigon
|-damage|p1a: Hydreigon|115\/325
|
|-heal|p2a: Nidoqueen|308\/342|[from] item: Black Sludge
|turn|15
|c|âUrNemesis357|shouldve put ice beam lol
|c|âUrNemesis357|i have flame
|
|switch|p2a: Pidgeot|Pidgeot-Mega, M|307\/307
|move|p1a: Hydreigon|Roost|p1a: Hydreigon
|-heal|p1a: Hydreigon|278\/325
|
|turn|16
|c|âDonkii|:p
|c|âDonkii|ice beam or tbolt are better imo
|c|âDonkii|but flamethrower could catch ppl off guard
|
|move|p2a: Pidgeot|U-turn|p1a: Hydreigon
|-crit|p1a: Hydreigon
|-supereffective|p1a: Hydreigon
|-damage|p1a: Hydreigon|154\/325
|c|âUrNemesis357|i know
|c|âUrNemesis357|i dont know why i have it
|c|âUrNemesis357|tbh
|c|âUrNemesis357|lol
|c|âUrNemesis357|its an old xy nido set
|
|switch|p2a: Lucario|Lucario, F|77\/281
|move|p1a: Hydreigon|Roost|p1a: Hydreigon
|-heal|p1a: Hydreigon|317\/325
|
|turn|17
|c|âDonkii|You have heat wave on pidgeot right?
|c|âUrNemesis357|y
|c|âUrNemesis357|i mean without it
|c|âUrNemesis357|what would you run?
|c|âDonkii|on queen or pigeot?
|
|switch|p1a: Cofagrigus|Cofagrigus, F, shiny|319\/319
|-damage|p1a: Cofagrigus|280\/319|[from] Stealth Rock
|switch|p2a: Cresselia|Cresselia, F|415\/415
|
|-heal|p1a: Cofagrigus|299\/319|[from] item: Leftovers
|turn|18
|c|âUrNemesis357|gotem
|
|move|p2a: Cresselia|Substitute|p2a: Cresselia
|-start|p2a: Cresselia|Substitute
|-damage|p2a: Cresselia|312\/415
|move|p1a: Cofagrigus|Shadow Ball|p2a: Cresselia
|-supereffective|p2a: Cresselia
|-end|p2a: Cresselia|Substitute
|
|-heal|p2a: Cresselia|337\/415|[from] item: Leftovers
|-heal|p1a: Cofagrigus|318\/319|[from] item: Leftovers
|turn|19
|c|âDonkii|raeally?
|c|âUrNemesis357|lol
|c|âUrNemesis357|no xD
|c|âUrNemesis357|will o here
|c|âUrNemesis357|y\/n?
|c|âDonkii|sure
|
|switch|p2a: Milotic|Milotic, F|170\/394 brn
|move|p1a: Cofagrigus|Will-O-Wisp|p2a: Milotic
|-fail|p2a: Milotic|brn
|
|-heal|p2a: Milotic|194\/394 brn|[from] item: Leftovers
|-heal|p1a: Cofagrigus|319\/319|[from] item: Leftovers
|-damage|p2a: Milotic|145\/394 brn|[from] brn
|turn|20
|
|switch|p1a: Hydreigon|Hydreigon, M|317\/325
|-damage|p1a: Hydreigon|277\/325|[from] Stealth Rock
|move|p2a: Milotic|Recover|p2a: Milotic
|-heal|p2a: Milotic|342\/394 brn
|
|-heal|p2a: Milotic|366\/394 brn|[from] item: Leftovers
|-damage|p2a: Milotic|317\/394 brn|[from] brn
|turn|21
|
|switch|p2a: Pidgeot|Pidgeot-Mega, M|307\/307
|move|p1a: Hydreigon|Dark Pulse|p2a: Pidgeot
|-damage|p2a: Pidgeot|132\/307
|
|turn|22
|
|move|p2a: Pidgeot|Roost|p2a: Pidgeot
|-heal|p2a: Pidgeot|286\/307
|move|p1a: Hydreigon|Dark Pulse|p2a: Pidgeot
|-damage|p2a: Pidgeot|133\/307
|
|turn|23
|
|move|p2a: Pidgeot|Roost|p2a: Pidgeot
|-heal|p2a: Pidgeot|287\/307
|move|p1a: Hydreigon|Dark Pulse|p2a: Pidgeot
|-damage|p2a: Pidgeot|128\/307
|
|turn|24
|
|move|p2a: Pidgeot|Roost|p2a: Pidgeot
|-heal|p2a: Pidgeot|282\/307
|move|p1a: Hydreigon|Dark Pulse|p2a: Pidgeot
|-damage|p2a: Pidgeot|114\/307
|
|turn|25
|
|move|p2a: Pidgeot|U-turn|p1a: Hydreigon
|-supereffective|p1a: Hydreigon
|-damage|p1a: Hydreigon|183\/325
|c|âUrNemesis357|how do i beat drei lol
|
|switch|p2a: Lucario|Lucario, F|77\/281
|move|p1a: Hydreigon|Dark Pulse|p2a: Lucario
|-resisted|p2a: Lucario
|-damage|p2a: Lucario|0 fnt
|faint|p2a: Lucario
|
|c|âDonkii|idk lol
|
|switch|p2a: Raikou|Raikou|135\/321
|-ability|p2a: Raikou|Pressure
|turn|26
|c|âUrNemesis357|does queen live?
|c|âDonkii|yup
|c|âDonkii|well
|c|âDonkii|depends
|c|âDonkii|on my item
|c|âUrNemesis357|lol draco plate
|c|âDonkii|>:]
|c|âUrNemesis357|is the best
|c|âUrNemesis357|if you have that
|c|âDonkii|then its a roll
|c|âUrNemesis357|:]
|c|âDonkii|if e belt you live
|c|âUrNemesis357|raikou too weak :(
|
|switch|p1a: Empoleon|Empoleon, M|173\/371
|-damage|p1a: Empoleon|150\/371|[from] Stealth Rock
|move|p2a: Raikou|Hidden Power|p1a: Empoleon
|-resisted|p1a: Empoleon
|-damage|p1a: Empoleon|135\/371
|
|-heal|p1a: Empoleon|158\/371|[from] item: Leftovers
|turn|27
|
|move|p2a: Raikou|Thunderbolt|p1a: Empoleon
|-supereffective|p1a: Empoleon
|-damage|p1a: Empoleon|0 fnt
|faint|p1a: Empoleon
|
|c|âUrNemesis357|i just changed pidgeot to sub
|
|switch|p1a: Aerodactyl|Aerodactyl, F|301\/301
|-damage|p1a: Aerodactyl|226\/301|[from] Stealth Rock
|-ability|p1a: Aerodactyl|Unnerve|p2: UrNemesis357
|turn|28
|c|âUrNemesis357|its a much better set imo
|c|âDonkii|depends on the team you face
|c|âUrNemesis357|double to drei
|c|âUrNemesis357|best play
|c|âDonkii|Is it?
|
|switch|p2a: Milotic|Milotic, F|317\/394 brn
|detailschange|p1a: Aerodactyl|Aerodactyl-Mega, F
|-mega|p1a: Aerodactyl|Aerodactyl|Aerodactylite
|move|p1a: Aerodactyl|Earthquake|p2a: Milotic
|-damage|p2a: Milotic|244\/394 brn
|
|-heal|p2a: Milotic|268\/394 brn|[from] item: Leftovers
|-damage|p2a: Milotic|219\/394 brn|[from] brn
|turn|29
|c|âUrNemesis357|maye
|
|switch|p1a: Whimsicott|Whimsicott, F|221\/261
|-damage|p1a: Whimsicott|189\/261|[from] Stealth Rock
|move|p2a: Milotic|Toxic|p1a: Whimsicott
|-status|p1a: Whimsicott|tox
|
|-heal|p2a: Milotic|243\/394 brn|[from] item: Leftovers
|-damage|p1a: Whimsicott|173\/261 tox|[from] psn
|-damage|p2a: Milotic|194\/394 brn|[from] brn
|turn|30
|
|switch|p1a: Hydreigon|Hydreigon, M|183\/325
|-damage|p1a: Hydreigon|143\/325|[from] Stealth Rock
|switch|p2a: Nidoqueen|Nidoqueen, F|308\/342
|
|-heal|p2a: Nidoqueen|329\/342|[from] item: Black Sludge
|turn|31
|c|âUrNemesis357|cress can live?
|c|âUrNemesis357|dark?
|c|âDonkii|uhm let me calc
|c|âUrNemesis357|or draco plate draco?
|c|âDonkii|yea easy
|c|âUrNemesis357|easy as in
|
|switch|p2a: Pidgeot|Pidgeot-Mega, M|114\/307
|move|p1a: Hydreigon|Roost|p1a: Hydreigon
|-heal|p1a: Hydreigon|306\/325
|
|turn|32
|
|move|p2a: Pidgeot|Hurricane|p1a: Hydreigon
|-damage|p1a: Hydreigon|99\/325
|move|p1a: Hydreigon|Dark Pulse|p2a: Pidgeot
|-crit|p2a: Pidgeot
|-damage|p2a: Pidgeot|0 fnt
|faint|p2a: Pidgeot
|
|c|âUrNemesis357|confuse
|c|âUrNemesis357|nope
|
|switch|p2a: Raikou|Raikou|135\/321
|-ability|p2a: Raikou|Pressure
|turn|33
|
|switch|p1a: Aerodactyl|Aerodactyl-Mega, F|226\/301
|-damage|p1a: Aerodactyl|151\/301|[from] Stealth Rock
|move|p2a: Raikou|Hidden Power|p1a: Aerodactyl
|-supereffective|p1a: Aerodactyl
|-damage|p1a: Aerodactyl|15\/301
|
|turn|34
|c|âDonkii|oops
|c|âDonkii|misclicked lol
|c|âUrNemesis357|np man
|c|âUrNemesis357|i'll go to cress
|c|âUrNemesis357|you roost
|c|âUrNemesis357|then we both
|c|âDonkii|dotn have it;p
|c|âDonkii|just keep going d\/w
|c|âUrNemesis357|go to drei and rai
|c|âUrNemesis357|lol
|c|âUrNemesis357|:)
|c|âDonkii|thanks tho xD
|
|switch|p2a: Cresselia|Cresselia, F|337\/415
|move|p1a: Aerodactyl|Stone Edge|p2a: Cresselia|[miss]
|-miss|p1a: Aerodactyl|p2a: Cresselia
|
|-heal|p2a: Cresselia|362\/415|[from] item: Leftovers
|turn|35
|
|move|p1a: Aerodactyl|Taunt|p2a: Cresselia
|-start|p2a: Cresselia|move: Taunt
|cant|p2a: Cresselia|move: Taunt|Calm Mind
|
|-heal|p2a: Cresselia|387\/415|[from] item: Leftovers
|turn|36
|c|âUrNemesis357|dual taunt
|c|âUrNemesis357|stall breaker team lol
|
|move|p1a: Aerodactyl|Aerial Ace|p2a: Cresselia
|-damage|p2a: Cresselia|293\/415
|move|p2a: Cresselia|Psyshock|p1a: Aerodactyl
|-damage|p1a: Aerodactyl|0 fnt
|faint|p1a: Aerodactyl
|
|-heal|p2a: Cresselia|318\/415|[from] item: Leftovers
|c|âDonkii|yea but really could use roost on aero too
|c|âUrNemesis357|yes surprised you didnt have it
|c|âDonkii|not sure if I can give up an offensive move on it
|c|âUrNemesis357|what you got
|c|âDonkii|many situations it would have won me the game
|c|âUrNemesis357|taunt roost
|c|âUrNemesis357|stone
|c|âDonkii|but also many situations i need the coverage
|c|âDonkii|eq
|c|âUrNemesis357|aqua
|c|âUrNemesis357|?
|c|âDonkii|nah aqua sucks
|c|âUrNemesis357|why eq tho
|c|âUrNemesis357|you have nido
|c|âUrNemesis357|tho
|c|âDonkii|rachi\/empoleon switch ins
|c|âUrNemesis357|ahh
|c|âUrNemesis357|okay
|c|âUrNemesis357|idk man
|c|âUrNemesis357|havent used
|c|âUrNemesis357|mega aero much
|
|switch|p1a: Cofagrigus|Cofagrigus, F, shiny|319\/319
|-damage|p1a: Cofagrigus|280\/319|[from] Stealth Rock
|turn|37
|c|âDonkii|its pretty good in uu atm
|
|switch|p2a: Nidoqueen|Nidoqueen, F|329\/342
|move|p1a: Cofagrigus|Shadow Ball|p2a: Nidoqueen
|-damage|p2a: Nidoqueen|247\/342
|
|-heal|p2a: Nidoqueen|268\/342|[from] item: Black Sludge
|-heal|p1a: Cofagrigus|299\/319|[from] item: Leftovers
|turn|38
|c|âUrNemesis357|do i get a kill here
|c|âDonkii|probly
|
|move|p2a: Nidoqueen|Earth Power|p1a: Cofagrigus
|-damage|p1a: Cofagrigus|197\/319
|move|p1a: Cofagrigus|Will-O-Wisp|p2a: Nidoqueen
|-status|p2a: Nidoqueen|brn
|
|-heal|p2a: Nidoqueen|289\/342 brn|[from] item: Black Sludge
|-heal|p1a: Cofagrigus|216\/319|[from] item: Leftovers
|-damage|p2a: Nidoqueen|247\/342 brn|[from] brn
|turn|39
|c|âUrNemesis357|spdef
|c|âUrNemesis357|nice
|c|âDonkii|nope lol
|c|âDonkii|thats just bulk xD
|c|âUrNemesis357|or are is nido weak
|c|âUrNemesis357|oh
|c|âUrNemesis357|lol
|c|âDonkii|52 sp def but thats not helping too much
|c|âUrNemesis357|i need queen
|c|âUrNemesis357|for
|c|âUrNemesis357|whims
|c|âUrNemesis357|and milo for beating
|c|âUrNemesis357|cofag
|c|âUrNemesis357|raikou for beating drei
|c|âDonkii|sack crew?
|c|âDonkii|cres
|c|âUrNemesis357|it beats
|c|âUrNemesis357|nido
|c|âUrNemesis357|tho
|c|âUrNemesis357|and whims
|
|switch|p2a: Cresselia|Cresselia, F|318\/415
|move|p1a: Cofagrigus|Toxic Spikes|p2a: Cresselia
|-sidestart|p2: UrNemesis357|move: Toxic Spikes
|
|-heal|p2a: Cresselia|343\/415|[from] item: Leftovers
|-heal|p1a: Cofagrigus|235\/319|[from] item: Leftovers
|turn|40
|c|âDonkii|then sack raikou
|c|âUrNemesis357|lol no only way to beat drei
|c|âUrNemesis357|that t-spike
|c|âUrNemesis357|nice
|c|âDonkii|^^
|
|move|p2a: Cresselia|Calm Mind|p2a: Cresselia
|-boost|p2a: Cresselia|spa|1
|-boost|p2a: Cresselia|spd|1
|move|p1a: Cofagrigus|Shadow Ball|p2a: Cresselia
|-supereffective|p2a: Cresselia
|-damage|p2a: Cresselia|245\/415
|
|-heal|p2a: Cresselia|270\/415|[from] item: Leftovers
|-heal|p1a: Cofagrigus|254\/319|[from] item: Leftovers
|turn|41
|
|move|p2a: Cresselia|Calm Mind|p2a: Cresselia
|-boost|p2a: Cresselia|spa|1
|-boost|p2a: Cresselia|spd|1
|move|p1a: Cofagrigus|Haze|p1a: Cofagrigus
|-clearallboost
|
|-heal|p2a: Cresselia|295\/415|[from] item: Leftovers
|-heal|p1a: Cofagrigus|273\/319|[from] item: Leftovers
|turn|42
|c|âUrNemesis357|is that
|c|âUrNemesis357|a normal set
|c|âDonkii|nope
|c|âUrNemesis357|i didnt expect that
|c|âUrNemesis357|lol
|
|move|p2a: Cresselia|Calm Mind|p2a: Cresselia
|-boost|p2a: Cresselia|spa|1
|-boost|p2a: Cresselia|spd|1
|move|p1a: Cofagrigus|Shadow Ball|p2a: Cresselia
|-supereffective|p2a: Cresselia
|-damage|p2a: Cresselia|191\/415
|-unboost|p2a: Cresselia|spd|1
|
|-heal|p2a: Cresselia|216\/415|[from] item: Leftovers
|-heal|p1a: Cofagrigus|292\/319|[from] item: Leftovers
|turn|43
|c|âDonkii|its just so its not set up fodder for bulky mons like cres\/reuniclus etc
|
|move|p2a: Cresselia|Moonblast|p1a: Cofagrigus
|-damage|p1a: Cofagrigus|200\/319
|-unboost|p1a: Cofagrigus|spa|1
|move|p1a: Cofagrigus|Haze|p1a: Cofagrigus
|-clearallboost
|
|-heal|p2a: Cresselia|241\/415|[from] item: Leftovers
|-heal|p1a: Cofagrigus|219\/319|[from] item: Leftovers
|turn|44
|c|âUrNemesis357|ahh nice
|c|âUrNemesis357|you learn something new :)
|c|âDonkii|;p
|
|move|p2a: Cresselia|Calm Mind|p2a: Cresselia
|-boost|p2a: Cresselia|spa|1
|-boost|p2a: Cresselia|spd|1
|move|p1a: Cofagrigus|Will-O-Wisp|p2a: Cresselia
|-status|p2a: Cresselia|brn
|
|-heal|p2a: Cresselia|266\/415 brn|[from] item: Leftovers
|-heal|p1a: Cofagrigus|238\/319|[from] item: Leftovers
|-damage|p2a: Cresselia|215\/415 brn|[from] brn
|turn|45
|
|move|p2a: Cresselia|Moonblast|p1a: Cofagrigus
|-damage|p1a: Cofagrigus|144\/319
|move|p1a: Cofagrigus|Haze|p1a: Cofagrigus
|-clearallboost
|
|-heal|p2a: Cresselia|240\/415 brn|[from] item: Leftovers
|-heal|p1a: Cofagrigus|163\/319|[from] item: Leftovers
|-damage|p2a: Cresselia|189\/415 brn|[from] brn
|turn|46
|c|âUrNemesis357|haze willo shadow
|c|âDonkii|tspike
|c|âUrNemesis357|t spike
|c|âUrNemesis357|so no recovery
|c|âUrNemesis357|?
|c|âUrNemesis357|pain split
|c|âDonkii|I wish i could pain split on it;p
|c|âUrNemesis357|?
|
|move|p2a: Cresselia|Calm Mind|p2a: Cresselia
|-boost|p2a: Cresselia|spa|1
|-boost|p2a: Cresselia|spd|1
|move|p1a: Cofagrigus|Shadow Ball|p2a: Cresselia
|-supereffective|p2a: Cresselia
|-damage|p2a: Cresselia|91\/415 brn
|
|-heal|p2a: Cresselia|116\/415 brn|[from] item: Leftovers
|-heal|p1a: Cofagrigus|182\/319|[from] item: Leftovers
|-damage|p2a: Cresselia|65\/415 brn|[from] brn
|turn|47
|c|âDonkii|but no room
|
|switch|p1a: Nidoking|Nidoking, M, shiny|276\/303
|-damage|p1a: Nidoking|258\/303|[from] Stealth Rock
|move|p2a: Cresselia|Moonblast|p1a: Nidoking
|-resisted|p1a: Nidoking
|-damage|p1a: Nidoking|199\/303
|
|-heal|p2a: Cresselia|90\/415 brn|[from] item: Leftovers
|-damage|p2a: Cresselia|39\/415 brn|[from] brn
|turn|48
|c|âUrNemesis357|lol that was so obvious
|c|âUrNemesis357|no matter
|
|move|p1a: Nidoking|Sludge Wave|p2a: Cresselia
|-damage|p2a: Cresselia|0 fnt
|faint|p2a: Cresselia
|
|
|switch|p2a: Milotic|Milotic, F|194\/394 brn
|turn|49
|c|âDonkii|almost switched in hydreigon tho
|c|âUrNemesis357|that wouldve been a play
|c|âUrNemesis357|gotta recoverr
|c|âUrNemesis357|:(
|c|âDonkii|nah you gona scald
|c|âUrNemesis357|lol
|
|switch|p1a: Whimsicott|Whimsicott, F|173\/261 tox
|-damage|p1a: Whimsicott|141\/261 tox|[from] Stealth Rock
|move|p2a: Milotic|Toxic|p1a: Whimsicott
|-fail|p1a: Whimsicott|tox
|
|-heal|p2a: Milotic|218\/394 brn|[from] item: Leftovers
|-damage|p1a: Whimsicott|125\/261 tox|[from] psn
|-damage|p2a: Milotic|169\/394 brn|[from] brn
|turn|50
|
|switch|p2a: Nidoqueen|Nidoqueen, F|247\/342 brn
|-sideend|p2: UrNemesis357|move: Toxic Spikes|[of] p2a: Nidoqueen
|move|p1a: Whimsicott|Giga Drain|p2a: Nidoqueen
|-damage|p2a: Nidoqueen|117\/342 brn
|-heal|p1a: Whimsicott|190\/261 tox|[from] drain|[of] p2a: Nidoqueen
|-damage|p1a: Whimsicott|164\/261 tox|[from] item: Life Orb
|
|-heal|p2a: Nidoqueen|138\/342 brn|[from] item: Black Sludge
|-damage|p1a: Whimsicott|132\/261 tox|[from] psn
|-damage|p2a: Nidoqueen|96\/342 brn|[from] brn
|turn|51
|c|âUrNemesis357|no cant win i think
|c|âUrNemesis357|maybe av raikou
|c|âUrNemesis357|how much does it do to cofag
|c|âUrNemesis357|?
|
|move|p1a: Whimsicott|Giga Drain|p2a: Nidoqueen
|-damage|p2a: Nidoqueen|0 fnt
|-heal|p1a: Whimsicott|180\/261 tox|[from] drain|[of] p2a: Nidoqueen
|-damage|p1a: Whimsicott|154\/261 tox|[from] item: Life Orb
|faint|p2a: Nidoqueen
|
|-damage|p1a: Whimsicott|106\/261 tox|[from] psn
|c|âDonkii|how much speed do you run on it?
|c|âUrNemesis357|max
|c|âUrNemesis357|you probably outspeed tho
|c|âUrNemesis357|can you kill with moon?
|
|switch|p2a: Raikou|Raikou|135\/321
|-ability|p2a: Raikou|Pressure
|turn|52
|c|âDonkii|252 SpA Raikou Shadow Ball vs. 248 HP \/ 52 SpD Cofagrigus: 146-174 (45.7 - 54.5%) -- 8.2% chance to 2HKO after Leftovers recovery
|c|âDonkii|so it kills
|c|âUrNemesis357|no shadow
|c|âUrNemesis357|:(
|c|âUrNemesis357|extra
|c|âDonkii|252 SpA Raikou Thunderbolt vs. 248 HP \/ 52 SpD Cofagrigus: 124-147 (38.8 - 46%) -- guaranteed 3HKO after Leftovers recovery
|c|âUrNemesis357|no kill
|c|âDonkii|so it wont kill
|c|âUrNemesis357|you win
|c|âUrNemesis357|gg
|c|âUrNemesis357|it beat your team
|
|switch|p1a: Hydreigon|Hydreigon, M|99\/325
|-damage|p1a: Hydreigon|59\/325|[from] Stealth Rock
|move|p2a: Raikou|Hidden Power|p1a: Hydreigon
|-supereffective|p1a: Hydreigon
|-damage|p1a: Hydreigon|0 fnt
|faint|p1a: Hydreigon
|
|
|switch|p1a: Cofagrigus|Cofagrigus, F, shiny|182\/319
|-damage|p1a: Cofagrigus|143\/319|[from] Stealth Rock
|turn|53
|c|âUrNemesis357|wait
|c|âDonkii|i cant kill you tho
|c|âUrNemesis357|lol
|c|âDonkii|with shadow ball
|c|âUrNemesis357|you're faster with whims
|c|âUrNemesis357|right?
|c|âDonkii|yea but doestn ko
|c|âUrNemesis357|so moonblast + shado
|c|âUrNemesis357|kills
|
|switch|p2a: Milotic|Milotic, F|169\/394 brn
|move|p1a: Cofagrigus|Shadow Ball|p2a: Milotic
|-damage|p2a: Milotic|100\/394 brn
|
|-heal|p2a: Milotic|124\/394 brn|[from] item: Leftovers
|-heal|p1a: Cofagrigus|162\/319|[from] item: Leftovers
|-damage|p2a: Milotic|75\/394 brn|[from] brn
|turn|54
|
|switch|p1a: Whimsicott|Whimsicott, F|106\/261 tox
|-damage|p1a: Whimsicott|74\/261 tox|[from] Stealth Rock
|move|p2a: Milotic|Recover|p2a: Milotic
|-heal|p2a: Milotic|272\/394 brn
|
|-heal|p2a: Milotic|296\/394 brn|[from] item: Leftovers
|-damage|p1a: Whimsicott|58\/261 tox|[from] psn
|-damage|p2a: Milotic|247\/394 brn|[from] brn
|turn|55
|c|âDonkii|shit
|c|âDonkii|thank god
|c|âUrNemesis357|only one way
|c|âUrNemesis357|i wanted to scald :(
|c|âDonkii|yea i clicked without thining
|c|âDonkii|lol
|
|switch|p2a: Raikou|Raikou|135\/321
|-ability|p2a: Raikou|Pressure
|move|p1a: Whimsicott|Giga Drain|p2a: Raikou
|-damage|p2a: Raikou|49\/321
|-heal|p1a: Whimsicott|101\/261 tox|[from] drain|[of] p2a: Raikou
|-damage|p1a: Whimsicott|75\/261 tox|[from] item: Life Orb
|
|-damage|p1a: Whimsicott|43\/261 tox|[from] psn
|turn|56
|c|âUrNemesis357|argh
|c|âUrNemesis357|that was a misplay
|c|âUrNemesis357|i think
|c|âUrNemesis357|my best bet
|c|âUrNemesis357|was to recover stall
|
|move|p1a: Whimsicott|Giga Drain|p2a: Raikou
|-damage|p2a: Raikou|0 fnt
|-heal|p1a: Whimsicott|68\/261 tox|[from] drain|[of] p2a: Raikou
|-damage|p1a: Whimsicott|42\/261 tox|[from] item: Life Orb
|faint|p2a: Raikou
|
|-damage|p1a: Whimsicott|0 fnt|[from] psn
|faint|p1a: Whimsicott
|c|âDonkii|probly yea
|c|âUrNemesis357|but i think i win
|c|âUrNemesis357|since you let drei die
|c|âDonkii|hm yea
|c|âUrNemesis357|that was your misplay
|
|switch|p1a: Nidoking|Nidoking, M, shiny|199\/303
|switch|p2a: Milotic|Milotic, F|247\/394 brn
|-damage|p1a: Nidoking|181\/303|[from] Stealth Rock
|turn|57
|c|âDonkii|shit;p
|c|âUrNemesis357|do i scald or recover
|c|âUrNemesis357|hmm
|c|âUrNemesis357|advice
|c|âUrNemesis357|?
|c|âDonkii|i thin you win either way
|c|âDonkii|recover is safer tho
|c|âDonkii|hmm
|c|âUrNemesis357|we going in
|c|âDonkii|50\/50
|
|move|p1a: Nidoking|Sludge Wave|p2a: Milotic
|-damage|p2a: Milotic|78\/394 brn
|move|p2a: Milotic|Scald|p1a: Nidoking
|-supereffective|p1a: Nidoking
|-damage|p1a: Nidoking|0 fnt
|faint|p1a: Nidoking
|
|-heal|p2a: Milotic|102\/394 brn|[from] item: Leftovers
|-damage|p2a: Milotic|53\/394 brn|[from] brn
|c|âDonkii|damn
|c|âUrNemesis357|lol
|c|âDonkii|thats a low roll xD
|c|âUrNemesis357|oh
|
|switch|p1a: Cofagrigus|Cofagrigus, F, shiny|162\/319
|-damage|p1a: Cofagrigus|123\/319|[from] Stealth Rock
|turn|58
|c|âUrNemesis357|252 SpA Life Orb Sheer Force Nidoking Sludge Wave vs. 252 HP \/ 12+ SpD Milotic: 148-175 (37.5 - 44.4%) -- guaranteed 3HKO after Leftovers recovery
|c|âUrNemesis357|bruh
|c|âDonkii|modest
|c|âUrNemesis357|pretty high roll
|
|move|p2a: Milotic|Recover|p2a: Milotic
|-heal|p2a: Milotic|250\/394 brn
|move|p1a: Cofagrigus|Shadow Ball|p2a: Milotic
|-damage|p2a: Milotic|187\/394 brn
|
|-heal|p2a: Milotic|211\/394 brn|[from] item: Leftovers
|-heal|p1a: Cofagrigus|142\/319|[from] item: Leftovers
|-damage|p2a: Milotic|162\/394 brn|[from] brn
|turn|59
|c|âUrNemesis357|Average roll
|c|âUrNemesis357|40-48
|c|âUrNemesis357|:)
|c|âDonkii|ah ok
|
|move|p2a: Milotic|Toxic|p1a: Cofagrigus
|-status|p1a: Cofagrigus|tox
|move|p1a: Cofagrigus|Shadow Ball|p2a: Milotic
|-damage|p2a: Milotic|92\/394 brn
|
|-heal|p2a: Milotic|116\/394 brn|[from] item: Leftovers
|-heal|p1a: Cofagrigus|161\/319 tox|[from] item: Leftovers
|-damage|p2a: Milotic|67\/394 brn|[from] brn
|-damage|p1a: Cofagrigus|142\/319 tox|[from] psn
|turn|60
|c|âUrNemesis357|gg
|c|âUrNemesis357|man
|
|move|p2a: Milotic|Recover|p2a: Milotic
|-heal|p2a: Milotic|264\/394 brn
|move|p1a: Cofagrigus|Shadow Ball|p2a: Milotic
|-damage|p2a: Milotic|195\/394 brn
|
|-heal|p2a: Milotic|219\/394 brn|[from] item: Leftovers
|-heal|p1a: Cofagrigus|161\/319 tox|[from] item: Leftovers
|-damage|p2a: Milotic|170\/394 brn|[from] brn
|-damage|p1a: Cofagrigus|123\/319 tox|[from] psn
|turn|61
|c|âDonkii|gg
|c|âUrNemesis357|really fun :)
|c|âDonkii|yea threw it away tho:p
|
|move|p2a: Milotic|Recover|p2a: Milotic
|-heal|p2a: Milotic|367\/394 brn
|move|p1a: Cofagrigus|Shadow Ball|p2a: Milotic
|-damage|p2a: Milotic|298\/394 brn
|
|-heal|p2a: Milotic|322\/394 brn|[from] item: Leftovers
|-heal|p1a: Cofagrigus|142\/319 tox|[from] item: Leftovers
|-damage|p2a: Milotic|273\/394 brn|[from] brn
|-damage|p1a: Cofagrigus|85\/319 tox|[from] psn
|turn|62
|c|âDonkii|oh wll
|c|âUrNemesis357|yes lol xD
|c|âUrNemesis357|you had it
|c|âUrNemesis357|will scalde
|c|âUrNemesis357|here
|
|move|p2a: Milotic|Scald|p1a: Cofagrigus
|-damage|p1a: Cofagrigus|4\/319 tox
|move|p1a: Cofagrigus|Shadow Ball|p2a: Milotic
|-damage|p2a: Milotic|207\/394 brn
|
|-heal|p2a: Milotic|231\/394 brn|[from] item: Leftovers
|-heal|p1a: Cofagrigus|23\/319 tox|[from] item: Leftovers
|-damage|p2a: Milotic|182\/394 brn|[from] brn
|-damage|p1a: Cofagrigus|0 fnt|[from] psn
|faint|p1a: Cofagrigus
|
|win|UrNemesis357
|raw|Ladder updating...
|c|âDonkii|told you i am on tilt lol
|raw|Donkii's rating: 1577 &rarr; <strong>1551<\/strong><br \/>(-26 for losing)
|raw|UrNemesis357's rating: 1480 &rarr; <strong>1506<\/strong><br \/>(+26 for winning)
|c|âUrNemesis357|lo
|c|âUrNemesis357|lol
|c|âUrNemesis357|man you'll get out
|c|âUrNemesis357|you're great
|c|âDonkii|:p
|c|âUrNemesis357|i went ahead
|c|âDonkii|u2:)
|c|âUrNemesis357|and sacked
|c|âUrNemesis357|my only way to beat drei
|c|âUrNemesis357|with luke
|c|âDonkii|yea that was a risky play:p
|c|âUrNemesis357|anyway
|c|âUrNemesis357|gg
|c|âDonkii|gg
|c|âUrNemesis357|:]
|leave|Donkii
|player|p1