|join|donkii
|join|ult lowgock
|player|p1|donkii|184
|player|p2|ult lowgock|102
|gametype|singles
|gen|6
|tier|UU
|rated
|rule|Sleep Clause Mod: Limit one foe put to sleep
|rule|Species Clause: Limit one of each PokÃ©mon
|rule|OHKO Clause: OHKO moves are banned
|rule|Moody Clause: Moody is banned
|rule|Evasion Moves Clause: Evasion moves are banned
|rule|Endless Battle Clause: Forcing endless battles is banned
|rule|HP Percentage Mod: HP is shown in percentages
|clearpoke
|poke|p1|Nidoking, M, shiny
|poke|p1|Aerodactyl, F
|poke|p1|Hydreigon, F
|poke|p1|Empoleon, M
|poke|p1|Machamp, F
|poke|p1|Cresselia, F
|poke|p2|Slurpuff, M
|poke|p2|Kingdra, M
|poke|p2|Aerodactyl, M
|poke|p2|Nidoqueen, F
|poke|p2|Cobalion
|poke|p2|Honchkrow, F
|rule|Swagger Clause: Swagger is banned
|rule|Baton Pass Clause: Limit one PokÃ©mon knowing Baton Pass
|teampreview
|
|start
|switch|p1a: Nidoking|Nidoking, M, shiny|303\/303
|switch|p2a: Aerodactyl|Aerodactyl, M|301\/301
|turn|1
|
|switch|p1a: Hydreigon|Hydreigon, F|325\/325
|detailschange|p2a: Aerodactyl|Aerodactyl-Mega, M
|-mega|p2a: Aerodactyl|Aerodactyl|Aerodactylite
|move|p2a: Aerodactyl|Aqua Tail|p1a: Hydreigon
|-resisted|p1a: Hydreigon
|-damage|p1a: Hydreigon|245\/325
|
|turn|2
|
|switch|p2a: Cobalion|Cobalion|323\/323
|move|p1a: Hydreigon|Draco Meteor|p2a: Cobalion
|-resisted|p2a: Cobalion
|-damage|p2a: Cobalion|143\/323
|-unboost|p1a: Hydreigon|spa|2
|
|turn|3
|
|switch|p1a: Machamp|Machamp, F|364\/364
|move|p2a: Cobalion|Swords Dance|p2a: Cobalion
|-boost|p2a: Cobalion|atk|2
|
|turn|4
|
|switch|p1a: True cancer|Cresselia, F|444\/444
|move|p2a: Cobalion|Close Combat|p1a: True cancer
|-resisted|p1a: True cancer
|-damage|p1a: True cancer|309\/444
|-unboost|p2a: Cobalion|def|1
|-unboost|p2a: Cobalion|spd|1
|
|-heal|p1a: True cancer|336\/444|[from] item: Leftovers
|turn|5
|
|move|p2a: Cobalion|Iron Head|p1a: True cancer
|-damage|p1a: True cancer|165\/444
|cant|p1a: True cancer|flinch
|
|-heal|p1a: True cancer|192\/444|[from] item: Leftovers
|turn|6
|join|ult Zamrock
|
|move|p2a: Cobalion|Swords Dance|p2a: Cobalion
|-boost|p2a: Cobalion|atk|2
|move|p1a: True cancer|Moonblast|p2a: Cobalion
|-damage|p2a: Cobalion|21\/323
|
|-heal|p1a: True cancer|219\/444|[from] item: Leftovers
|turn|7
|
|move|p2a: Cobalion|Iron Head|p1a: True cancer
|-crit|p1a: True cancer
|-damage|p1a: True cancer|0 fnt
|faint|p1a: True cancer
|
|
|switch|p1a: Aerodactyl|Aerodactyl, F|301\/301
|-ability|p1a: Aerodactyl|Unnerve|p2: ult lowgock
|turn|8
|
|detailschange|p1a: Aerodactyl|Aerodactyl-Mega, F
|-mega|p1a: Aerodactyl|Aerodactyl|Aerodactylite
|move|p1a: Aerodactyl|Aerial Ace|p2a: Cobalion
|-damage|p2a: Cobalion|0 fnt
|faint|p2a: Cobalion
|
|
|switch|p2a: Kingdra|Kingdra, M|301\/301
|turn|9
|
|switch|p1a: Empoleon|Empoleon, M|371\/371
|move|p2a: Kingdra|Waterfall|p1a: Empoleon
|-resisted|p1a: Empoleon
|-damage|p1a: Empoleon|317\/371
|
|-heal|p1a: Empoleon|340\/371|[from] item: Leftovers
|turn|10
|
|switch|p2a: Nidoqueen|Nidoqueen, F|345\/345
|switch|p1a: Nidoking|Nidoking, M, shiny|303\/303
|
|turn|11
|
|switch|p2a: Honchkrow|Honchkrow, F|341\/341
|move|p1a: Nidoking|Earth Power|p2a: Honchkrow
|-immune|p2a: Honchkrow|[msg]
|
|turn|12
|
|move|p2a: Honchkrow|Sucker Punch|p1a: Nidoking
|-damage|p1a: Nidoking|29\/303
|-damage|p2a: Honchkrow|307\/341|[from] item: Life Orb
|move|p1a: Nidoking|Ice Beam|p2a: Honchkrow
|-crit|p2a: Honchkrow
|-supereffective|p2a: Honchkrow
|-damage|p2a: Honchkrow|0 fnt
|faint|p2a: Honchkrow
|
|join|ThisBeMyButt
|
|switch|p2a: Aerodactyl|Aerodactyl-Mega, M|301\/301
|turn|13
|
|switch|p1a: Empoleon|Empoleon, M|340\/371
|move|p2a: Aerodactyl|Earthquake|p1a: Empoleon
|-supereffective|p1a: Empoleon
|-damage|p1a: Empoleon|126\/371
|
|-heal|p1a: Empoleon|149\/371|[from] item: Leftovers
|turn|14
|
|switch|p1a: Aerodactyl|Aerodactyl-Mega, F|301\/301
|move|p2a: Aerodactyl|Earthquake|p1a: Aerodactyl
|-immune|p1a: Aerodactyl|[msg]
|
|turn|15
|
|switch|p1a: Nidoking|Nidoking, M, shiny|29\/303
|move|p2a: Aerodactyl|Aqua Tail|p1a: Nidoking
|-supereffective|p1a: Nidoking
|-damage|p1a: Nidoking|0 fnt
|faint|p1a: Nidoking
|
|
|switch|p1a: Hydreigon|Hydreigon, F|245\/325
|turn|16
|
|move|p2a: Aerodactyl|Aqua Tail|p1a: Hydreigon
|-resisted|p1a: Hydreigon
|-damage|p1a: Hydreigon|163\/325
|move|p1a: Hydreigon|Draco Meteor|p2a: Aerodactyl
|-damage|p2a: Aerodactyl|10\/301
|-unboost|p1a: Hydreigon|spa|2
|
|turn|17
|
|move|p2a: Aerodactyl|Aqua Tail|p1a: Hydreigon
|-resisted|p1a: Hydreigon
|-damage|p1a: Hydreigon|81\/325
|move|p1a: Hydreigon|Roost|p1a: Hydreigon
|-heal|p1a: Hydreigon|244\/325
|
|turn|18
|
|move|p2a: Aerodactyl|Aqua Tail|p1a: Hydreigon|[miss]
|-miss|p2a: Aerodactyl|p1a: Hydreigon
|move|p1a: Hydreigon|Dark Pulse|p2a: Aerodactyl
|-damage|p2a: Aerodactyl|0 fnt
|faint|p2a: Aerodactyl
|
|
|switch|p2a: Slurpuff|Slurpuff, M|316\/316
|turn|19
|
|move|p1a: Hydreigon|Taunt|p2a: Slurpuff
|-start|p2a: Slurpuff|move: Taunt
|cant|p2a: Slurpuff|move: Taunt|Belly Drum
|
|turn|20
|c|âult lowgock|oh well
|c|âdonkii|:p
|
|switch|p1a: Aerodactyl|Aerodactyl-Mega, F|301\/301
|move|p2a: Slurpuff|Play Rough|p1a: Aerodactyl|[miss]
|-miss|p2a: Slurpuff|p1a: Aerodactyl
|
|turn|21
|
|switch|p2a: Nidoqueen|Nidoqueen, F|345\/345
|move|p1a: Aerodactyl|Earthquake|p2a: Nidoqueen
|-supereffective|p2a: Nidoqueen
|-damage|p2a: Nidoqueen|69\/345
|
|turn|22
|
|move|p1a: Aerodactyl|Aerial Ace|p2a: Nidoqueen
|-damage|p2a: Nidoqueen|0 fnt
|faint|p2a: Nidoqueen
|
|
|switch|p2a: Kingdra|Kingdra, M|301\/301
|turn|23
|
|switch|p1a: Hydreigon|Hydreigon, F|244\/325
|move|p2a: Kingdra|Dragon Dance|p2a: Kingdra
|-boost|p2a: Kingdra|atk|1
|-boost|p2a: Kingdra|spe|1
|
|turn|24
|
|move|p2a: Kingdra|Outrage|p1a: Hydreigon
|-supereffective|p1a: Hydreigon
|-damage|p1a: Hydreigon|0 fnt
|faint|p1a: Hydreigon
|
|
|switch|p1a: Machamp|Machamp, F|364\/364
|turn|25
|
|move|p2a: Kingdra|Outrage|p1a: Machamp
|-damage|p1a: Machamp|69\/364
|move|p1a: Machamp|Dynamic Punch|p2a: Kingdra
|-damage|p2a: Kingdra|91\/301
|-start|p2a: Kingdra|confusion
|-enditem|p2a: Kingdra|Lum Berry|[eat]
|-end|p2a: Kingdra|confusion
|
|-end|p2a: Kingdra|rampage
|-start|p2a: Kingdra|confusion
|turn|26
|
|-activate|p2a: Kingdra|confusion
|-damage|p2a: Kingdra|29\/301|[from] confusion
|move|p1a: Machamp|Dynamic Punch|p2a: Kingdra
|-damage|p2a: Kingdra|0 fnt
|faint|p2a: Kingdra
|
|c|âdonkii|sorry about all the hax man:\/
|
|switch|p2a: Slurpuff|Slurpuff, M|316\/316
|turn|27
|c|âdonkii|nothing gone in your favor
|
|move|p2a: Slurpuff|Play Rough|p1a: Machamp
|-supereffective|p1a: Machamp
|-damage|p1a: Machamp|0 fnt
|faint|p1a: Machamp
|
|c|âult lowgock|well wouldnt call a 50% chance hax though
|
|switch|p1a: Empoleon|Empoleon, M|149\/371
|turn|28
|c|âult lowgock|and still winning 70% :b
|
|move|p2a: Slurpuff|Belly Drum|p2a: Slurpuff
|-damage|p2a: Slurpuff|158\/316
|-setboost|p2a: Slurpuff|atk|6|[from] move: Belly Drum
|-enditem|p2a: Slurpuff|Sitrus Berry|[eat]
|-heal|p2a: Slurpuff|237\/316|[from] item: Sitrus Berry
|move|p1a: Empoleon|Scald|p2a: Slurpuff
|-damage|p2a: Slurpuff|104\/316
|
|-heal|p1a: Empoleon|172\/371|[from] item: Leftovers
|turn|29
|c| ThisBeMyButt|drain punch? oml
|
|move|p2a: Slurpuff|Drain Punch|p1a: Empoleon
|-supereffective|p1a: Empoleon
|-damage|p1a: Empoleon|0 fnt
|-heal|p2a: Slurpuff|190\/316|[from] drain|[of] p1a: Empoleon
|faint|p1a: Empoleon
|
|c| ult Zamrock|slurpuff def the mvp
|
|switch|p1a: Aerodactyl|Aerodactyl-Mega, F|301\/301
|turn|30
|join|Celsius
|
|move|p2a: Slurpuff|Drain Punch|p1a: Aerodactyl
|-damage|p1a: Aerodactyl|3\/301
|-heal|p2a: Slurpuff|316\/316|[from] drain|[of] p1a: Aerodactyl
|move|p1a: Aerodactyl|Aerial Ace|p2a: Slurpuff
|-damage|p2a: Slurpuff|153\/316
|
|turn|31
|c|âdonkii|I choked lol
|c|âdonkii|shit
|c|âdonkii|lol
|leave|Celsius
|c| ThisBeMyButt|wp nice match
|
|move|p2a: Slurpuff|Drain Punch|p1a: Aerodactyl
|-damage|p1a: Aerodactyl|0 fnt
|-heal|p2a: Slurpuff|155\/316|[from] drain|[of] p1a: Aerodactyl
|faint|p1a: Aerodactyl
|
|win|ult lowgock
|raw|Ladder updating...
|c|âdonkii|by going in to emp
|raw|donkii's rating: 1569 &rarr; <strong>1555<\/strong><br \/>(-14 for losing)
|raw|ult lowgock's rating: 1669 &rarr; <strong>1683<\/strong><br \/>(+14 for winning)
|c|âdonkii|oh well
|c|âdonkii|gg
|c|âult lowgock|nah
|c|âult lowgock|i could have setup
|c|âult lowgock|on aero too
|leave|ThisBeMyButt
|c|âdonkii|nah taunt
|c|âult lowgock|or did that have taunt
|c|âult lowgock|ah
|c|âult lowgock|well
|join|ThisBeMyButt
|leave|donkii
|leave|ult lowgock
|leave|ThisBeMyButt
|player|p1
|player|p2
|leave|ult Zamrock
|join|donkii