|join|donkii
|join|CelsiusRW4
|player|p1|donkii|184
|player|p2|CelsiusRW4|294
|gametype|singles
|gen|6
|tier|UU
|rated
|rule|Sleep Clause Mod: Limit one foe put to sleep
|rule|Species Clause: Limit one of each PokÃ©mon
|rule|OHKO Clause: OHKO moves are banned
|rule|Moody Clause: Moody is banned
|rule|Evasion Moves Clause: Evasion moves are banned
|rule|Endless Battle Clause: Forcing endless battles is banned
|rule|HP Percentage Mod: HP is shown in percentages
|clearpoke
|poke|p1|Nidoking, M, shiny
|poke|p1|Aerodactyl, F
|poke|p1|Hydreigon, M
|poke|p1|Empoleon, M
|poke|p1|Cofagrigus, F, shiny
|poke|p1|Whimsicott, F
|poke|p2|Crobat, M
|poke|p2|Roserade, F
|poke|p2|Swampert, M
|poke|p2|Umbreon, F
|poke|p2|Rhyperior, F
|poke|p2|Jirachi
|rule|Swagger Clause: Swagger is banned
|rule|Baton Pass Clause: Limit one PokÃ©mon knowing Baton Pass
|teampreview
|
|start
|switch|p1a: Cofagrigus|Cofagrigus, F, shiny|319\/319
|switch|p2a: Swampert|Swampert, M|404\/404
|turn|1
|
|move|p2a: Swampert|Stealth Rock|p1a: Cofagrigus
|-sidestart|p1: donkii|move: Stealth Rock
|move|p1a: Cofagrigus|Will-O-Wisp|p2a: Swampert
|-status|p2a: Swampert|brn
|
|-damage|p2a: Swampert|354\/404 brn|[from] brn
|turn|2
|
|switch|p2a: Roserade|Roserade, F|305\/305
|switch|p1a: Empoleon|Empoleon, M|371\/371
|-damage|p1a: Empoleon|348\/371|[from] Stealth Rock
|
|-heal|p1a: Empoleon|371\/371|[from] item: Leftovers
|turn|3
|
|move|p2a: Roserade|Sleep Powder|p1a: Empoleon
|-status|p1a: Empoleon|slp
|cant|p1a: Empoleon|slp
|
|turn|4
|
|switch|p1a: Nidoking|Nidoking, M, shiny|303\/303
|-damage|p1a: Nidoking|285\/303|[from] Stealth Rock
|move|p2a: Roserade|Toxic Spikes|p1a: Nidoking
|-sidestart|p1: donkii|move: Toxic Spikes
|
|turn|5
|
|switch|p2a: Umbreon|Umbreon, F|393\/393
|move|p1a: Nidoking|Sludge Wave|p2a: Umbreon
|-damage|p2a: Umbreon|260\/393
|
|-heal|p2a: Umbreon|284\/393|[from] item: Leftovers
|turn|6
|
|switch|p1a: Empoleon|Empoleon, M|371\/371 slp
|-damage|p1a: Empoleon|348\/371 slp|[from] Stealth Rock
|move|p2a: Umbreon|Heal Bell|p2a: Umbreon
|-cureteam|p2a: Umbreon|[from] move: HealBell
|
|-heal|p2a: Umbreon|308\/393|[from] item: Leftovers
|-heal|p1a: Empoleon|371\/371 slp|[from] item: Leftovers
|turn|7
|
|switch|p2a: Swampert|Swampert, M|354\/404
|cant|p1a: Empoleon|slp
|
|turn|8
|
|switch|p1a: Hydreigon|Hydreigon, M|325\/325
|-damage|p1a: Hydreigon|285\/325|[from] Stealth Rock
|detailschange|p2a: Swampert|Swampert-Mega, M
|-mega|p2a: Swampert|Swampert|Swampertite
|move|p2a: Swampert|Earthquake|p1a: Hydreigon
|-immune|p1a: Hydreigon|[msg]
|
|turn|9
|
|move|p1a: Hydreigon|Dark Pulse|p2a: Swampert
|-damage|p2a: Swampert|254\/404
|move|p2a: Swampert|Scald|p1a: Hydreigon
|-resisted|p1a: Hydreigon
|-damage|p1a: Hydreigon|236\/325
|
|turn|10
|
|switch|p2a: Umbreon|Umbreon, F|308\/393
|move|p1a: Hydreigon|Dark Pulse|p2a: Umbreon
|-resisted|p2a: Umbreon
|-damage|p2a: Umbreon|270\/393
|
|-heal|p2a: Umbreon|294\/393|[from] item: Leftovers
|turn|11
|
|switch|p1a: Empoleon|Empoleon, M|371\/371 slp
|-damage|p1a: Empoleon|348\/371 slp|[from] Stealth Rock
|switch|p2a: Swampert|Swampert-Mega, M|254\/404
|
|-heal|p1a: Empoleon|371\/371 slp|[from] item: Leftovers
|turn|12
|
|move|p2a: Swampert|Scald|p1a: Empoleon
|-resisted|p1a: Empoleon
|-damage|p1a: Empoleon|332\/371 slp
|cant|p1a: Empoleon|slp
|
|-heal|p1a: Empoleon|355\/371 slp|[from] item: Leftovers
|turn|13
|
|switch|p1a: Hydreigon|Hydreigon, M|236\/325
|-damage|p1a: Hydreigon|196\/325|[from] Stealth Rock
|move|p2a: Swampert|Scald|p1a: Hydreigon
|-resisted|p1a: Hydreigon
|-damage|p1a: Hydreigon|145\/325
|
|turn|14
|
|switch|p2a: Umbreon|Umbreon, F|294\/393
|move|p1a: Hydreigon|Dark Pulse|p2a: Umbreon
|-resisted|p2a: Umbreon
|-damage|p2a: Umbreon|249\/393
|
|-heal|p2a: Umbreon|273\/393|[from] item: Leftovers
|turn|15
|
|switch|p2a: Swampert|Swampert-Mega, M|254\/404
|move|p1a: Hydreigon|Taunt|p2a: Swampert
|-start|p2a: Swampert|move: Taunt
|
|turn|16
|
|move|p1a: Hydreigon|Dark Pulse|p2a: Swampert
|-damage|p2a: Swampert|151\/404
|move|p2a: Swampert|Scald|p1a: Hydreigon
|-resisted|p1a: Hydreigon
|-damage|p1a: Hydreigon|97\/325
|
|turn|17
|
|switch|p2a: Jirachi|Jirachi|365\/365
|move|p1a: Hydreigon|Draco Meteor|p2a: Jirachi
|-resisted|p2a: Jirachi
|-damage|p2a: Jirachi|225\/365
|-unboost|p1a: Hydreigon|spa|2
|
|-heal|p2a: Jirachi|247\/365|[from] item: Leftovers
|turn|18
|
|switch|p1a: Empoleon|Empoleon, M|355\/371 slp
|-damage|p1a: Empoleon|332\/371 slp|[from] Stealth Rock
|switch|p2a: Swampert|Swampert-Mega, M|151\/404
|
|-heal|p1a: Empoleon|355\/371 slp|[from] item: Leftovers
|turn|19
|
|switch|p1a: Whimsicott|Whimsicott, F|261\/261
|-status|p1a: Whimsicott|psn
|-damage|p1a: Whimsicott|229\/261 psn|[from] Stealth Rock
|move|p2a: Swampert|Earthquake|p1a: Whimsicott
|-resisted|p1a: Whimsicott
|-damage|p1a: Whimsicott|132\/261 psn
|
|-damage|p1a: Whimsicott|100\/261 psn|[from] psn
|turn|20
|
|switch|p1a: Empoleon|Empoleon, M|355\/371 slp
|-damage|p1a: Empoleon|332\/371 slp|[from] Stealth Rock
|switch|p2a: Jirachi|Jirachi|247\/365
|
|-heal|p2a: Jirachi|269\/365|[from] item: Leftovers
|-heal|p1a: Empoleon|355\/371 slp|[from] item: Leftovers
|turn|21
|
|switch|p2a: Swampert|Swampert-Mega, M|151\/404
|-curestatus|p1a: Empoleon|slp
|move|p1a: Empoleon|Defog|p2a: Swampert
|-unboost|p2a: Swampert|evasion|1
|-sideend|p1: donkii|Toxic Spikes|[from] move: Defog|[of] p1a: Empoleon
|-sideend|p1: donkii|Stealth Rock|[from] move: Defog|[of] p1a: Empoleon
|
|-heal|p1a: Empoleon|371\/371|[from] item: Leftovers
|turn|22
|
|move|p2a: Swampert|Earthquake|p1a: Empoleon
|-supereffective|p1a: Empoleon
|-damage|p1a: Empoleon|75\/371
|move|p1a: Empoleon|Scald|p2a: Swampert
|-damage|p2a: Swampert|54\/404
|-status|p2a: Swampert|brn
|
|-heal|p1a: Empoleon|98\/371|[from] item: Leftovers
|-damage|p2a: Swampert|4\/404 brn|[from] brn
|turn|23
|
|switch|p1a: Hydreigon|Hydreigon, M|97\/325
|move|p2a: Swampert|Rest|p2a: Swampert
|-status|p2a: Swampert|slp
|-heal|p2a: Swampert|404\/404 slp|[silent]
|-status|p2a: Swampert|slp|[from] move: Rest
|
|turn|24
|
|switch|p2a: Crobat|Crobat, M|355\/355
|move|p1a: Hydreigon|Roost|p1a: Hydreigon
|-heal|p1a: Hydreigon|260\/325
|
|turn|25
|
|switch|p2a: Umbreon|Umbreon, F|273\/393
|move|p1a: Hydreigon|Roost|p1a: Hydreigon
|-heal|p1a: Hydreigon|325\/325
|
|-heal|p2a: Umbreon|297\/393|[from] item: Leftovers
|turn|26
|
|switch|p1a: Empoleon|Empoleon, M|98\/371
|move|p2a: Umbreon|Protect|p2a: Umbreon
|-fail|p2a: Umbreon
|
|-heal|p2a: Umbreon|321\/393|[from] item: Leftovers
|-heal|p1a: Empoleon|121\/371|[from] item: Leftovers
|turn|27
|
|move|p2a: Umbreon|Heal Bell|p2a: Umbreon
|-cureteam|p2a: Umbreon|[from] move: HealBell
|move|p1a: Empoleon|Stealth Rock|p2a: Umbreon
|-sidestart|p2: CelsiusRW4|move: Stealth Rock
|
|-heal|p2a: Umbreon|345\/393|[from] item: Leftovers
|-heal|p1a: Empoleon|144\/371|[from] item: Leftovers
|turn|28
|
|switch|p2a: Roserade|Roserade, F|305\/305
|-damage|p2a: Roserade|267\/305|[from] Stealth Rock
|move|p1a: Empoleon|Toxic|p2a: Roserade
|-fail|p2a: Roserade
|
|-heal|p2a: Roserade|286\/305|[from] item: Black Sludge
|-heal|p1a: Empoleon|167\/371|[from] item: Leftovers
|turn|29
|
|move|p2a: Roserade|Sleep Powder|p1a: Empoleon|[miss]
|-miss|p2a: Roserade|p1a: Empoleon
|move|p1a: Empoleon|Scald|p2a: Roserade
|-resisted|p2a: Roserade
|-damage|p2a: Roserade|241\/305
|-status|p2a: Roserade|brn
|
|-heal|p2a: Roserade|260\/305 brn|[from] item: Black Sludge
|-heal|p1a: Empoleon|190\/371|[from] item: Leftovers
|-damage|p2a: Roserade|222\/305 brn|[from] brn
|turn|30
|
|move|p2a: Roserade|Sleep Powder|p1a: Empoleon|[miss]
|-miss|p2a: Roserade|p1a: Empoleon
|move|p1a: Empoleon|Scald|p2a: Roserade
|-resisted|p2a: Roserade
|-damage|p2a: Roserade|176\/305 brn
|
|-heal|p2a: Roserade|195\/305 brn|[from] item: Black Sludge
|-heal|p1a: Empoleon|213\/371|[from] item: Leftovers
|-damage|p2a: Roserade|157\/305 brn|[from] brn
|turn|31
|c|âCelsiusRW4|....
|
|move|p2a: Roserade|Sleep Powder|p1a: Empoleon
|-status|p1a: Empoleon|slp
|cant|p1a: Empoleon|slp
|
|-heal|p2a: Roserade|176\/305 brn|[from] item: Black Sludge
|-heal|p1a: Empoleon|236\/371 slp|[from] item: Leftovers
|-damage|p2a: Roserade|138\/305 brn|[from] brn
|turn|32
|
|switch|p1a: Nidoking|Nidoking, M, shiny|285\/303
|move|p2a: Roserade|Toxic Spikes|p1a: Nidoking
|-sidestart|p1: donkii|move: Toxic Spikes
|
|-heal|p2a: Roserade|157\/305 brn|[from] item: Black Sludge
|-damage|p2a: Roserade|119\/305 brn|[from] brn
|turn|33
|
|switch|p2a: Swampert|Swampert-Mega, M|404\/404
|-damage|p2a: Swampert|379\/404|[from] Stealth Rock
|move|p1a: Nidoking|Sludge Wave|p2a: Swampert
|-crit|p2a: Swampert
|-resisted|p2a: Swampert
|-damage|p2a: Swampert|267\/404
|
|turn|34
|
|switch|p1a: Hydreigon|Hydreigon, M|325\/325
|move|p2a: Swampert|Scald|p1a: Hydreigon
|-resisted|p1a: Hydreigon
|-damage|p1a: Hydreigon|280\/325
|
|turn|35
|
|move|p1a: Hydreigon|Dark Pulse|p2a: Swampert
|-damage|p2a: Swampert|170\/404
|move|p2a: Swampert|Scald|p1a: Hydreigon
|-resisted|p1a: Hydreigon
|-damage|p1a: Hydreigon|227\/325
|
|turn|36
|
|switch|p2a: Umbreon|Umbreon, F|345\/393
|-damage|p2a: Umbreon|296\/393|[from] Stealth Rock
|move|p1a: Hydreigon|Taunt|p2a: Umbreon
|-start|p2a: Umbreon|move: Taunt
|
|-heal|p2a: Umbreon|320\/393|[from] item: Leftovers
|turn|37
|
|move|p1a: Hydreigon|Roost|p1a: Hydreigon
|-heal|p1a: Hydreigon|325\/325
|move|p2a: Umbreon|Foul Play|p1a: Hydreigon
|-resisted|p1a: Hydreigon
|-damage|p1a: Hydreigon|273\/325
|
|-heal|p2a: Umbreon|344\/393|[from] item: Leftovers
|turn|38
|
|switch|p1a: Nidoking|Nidoking, M, shiny|285\/303
|-sideend|p1: donkii|move: Toxic Spikes|[of] p1a: Nidoking
|move|p2a: Umbreon|Foul Play|p1a: Nidoking
|-damage|p1a: Nidoking|129\/303
|
|-heal|p2a: Umbreon|368\/393|[from] item: Leftovers
|turn|39
|
|switch|p1a: Empoleon|Empoleon, M|236\/371 slp
|move|p2a: Umbreon|Foul Play|p1a: Empoleon
|-damage|p1a: Empoleon|155\/371 slp
|
|-heal|p2a: Umbreon|392\/393|[from] item: Leftovers
|-heal|p1a: Empoleon|178\/371 slp|[from] item: Leftovers
|-end|p2a: Umbreon|move: Taunt
|turn|40
|
|switch|p1a: Whimsicott|Whimsicott, F|100\/261 psn
|move|p2a: Umbreon|Wish|p2a: Umbreon
|
|-heal|p2a: Umbreon|393\/393|[from] item: Leftovers
|-damage|p1a: Whimsicott|68\/261 psn|[from] psn
|turn|41
|
|switch|p1a: Nidoking|Nidoking, M, shiny|129\/303
|move|p2a: Umbreon|Protect|p2a: Umbreon
|-fail|p2a: Umbreon
|
|turn|42
|
|switch|p1a: Hydreigon|Hydreigon, M|273\/325
|move|p2a: Umbreon|Wish|p2a: Umbreon
|
|turn|43
|
|switch|p2a: Swampert|Swampert-Mega, M|170\/404
|-damage|p2a: Swampert|145\/404|[from] Stealth Rock
|move|p1a: Hydreigon|Dark Pulse|p2a: Swampert
|-damage|p2a: Swampert|43\/404
|
|-heal|p2a: Swampert|239\/404|[from] move: Wish|[wisher] Umbreon
|turn|44
|
|switch|p2a: Umbreon|Umbreon, F|393\/393
|-damage|p2a: Umbreon|344\/393|[from] Stealth Rock
|move|p1a: Hydreigon|Dark Pulse|p2a: Umbreon
|-resisted|p2a: Umbreon
|-damage|p2a: Umbreon|300\/393
|
|-heal|p2a: Umbreon|324\/393|[from] item: Leftovers
|turn|45
|
|move|p1a: Hydreigon|Taunt|p2a: Umbreon
|-start|p2a: Umbreon|move: Taunt
|move|p2a: Umbreon|Foul Play|p1a: Hydreigon
|-resisted|p1a: Hydreigon
|-damage|p1a: Hydreigon|215\/325
|
|-heal|p2a: Umbreon|348\/393|[from] item: Leftovers
|turn|46
|
|move|p1a: Hydreigon|Dark Pulse|p2a: Umbreon
|-resisted|p2a: Umbreon
|-damage|p2a: Umbreon|303\/393
|move|p2a: Umbreon|Foul Play|p1a: Hydreigon
|-resisted|p1a: Hydreigon
|-damage|p1a: Hydreigon|157\/325
|
|-heal|p2a: Umbreon|327\/393|[from] item: Leftovers
|turn|47
|
|move|p1a: Hydreigon|Dark Pulse|p2a: Umbreon
|-crit|p2a: Umbreon
|-resisted|p2a: Umbreon
|-damage|p2a: Umbreon|264\/393
|cant|p2a: Umbreon|flinch
|
|-heal|p2a: Umbreon|288\/393|[from] item: Leftovers
|-end|p2a: Umbreon|move: Taunt
|turn|48
|
|switch|p2a: Rhyperior|Rhyperior, F|371\/371
|-damage|p2a: Rhyperior|348\/371|[from] Stealth Rock
|move|p1a: Hydreigon|Roost|p1a: Hydreigon
|-heal|p1a: Hydreigon|320\/325
|
|turn|49
|
|move|p1a: Hydreigon|Dark Pulse|p2a: Rhyperior
|-damage|p2a: Rhyperior|114\/371
|move|p2a: Rhyperior|Stone Edge|p1a: Hydreigon
|-damage|p1a: Hydreigon|47\/325
|-damage|p2a: Rhyperior|77\/371|[from] item: Life Orb
|
|turn|50
|
|move|p1a: Hydreigon|Dark Pulse|p2a: Rhyperior
|-damage|p2a: Rhyperior|0 fnt
|faint|p2a: Rhyperior
|
|
|switch|p2a: Crobat|Crobat, M|355\/355
|-damage|p2a: Crobat|267\/355|[from] Stealth Rock
|turn|51
|
|switch|p1a: Empoleon|Empoleon, M|178\/371 slp
|move|p2a: Crobat|Brave Bird|p1a: Empoleon
|-resisted|p1a: Empoleon
|-damage|p1a: Empoleon|113\/371 slp
|-damage|p2a: Crobat|246\/355|[from] recoil|[of] p1a: Empoleon
|
|-heal|p2a: Crobat|268\/355|[from] item: Black Sludge
|-heal|p1a: Empoleon|136\/371 slp|[from] item: Leftovers
|turn|52
|
|move|p2a: Crobat|Defog|p1a: Empoleon
|-unboost|p1a: Empoleon|evasion|1
|-sideend|p2: CelsiusRW4|Stealth Rock|[from] move: Defog|[of] p2a: Crobat
|cant|p1a: Empoleon|slp
|
|-heal|p2a: Crobat|290\/355|[from] item: Black Sludge
|-heal|p1a: Empoleon|159\/371 slp|[from] item: Leftovers
|turn|53
|
|switch|p2a: Swampert|Swampert-Mega, M|239\/404
|cant|p1a: Empoleon|slp
|
|-heal|p1a: Empoleon|182\/371 slp|[from] item: Leftovers
|turn|54
|
|move|p2a: Swampert|Scald|p1a: Empoleon
|-resisted|p1a: Empoleon
|-damage|p1a: Empoleon|139\/371 slp
|-curestatus|p1a: Empoleon|slp
|move|p1a: Empoleon|Stealth Rock|p2a: Swampert
|-sidestart|p2: CelsiusRW4|move: Stealth Rock
|
|-heal|p1a: Empoleon|162\/371|[from] item: Leftovers
|turn|55
|
|move|p2a: Swampert|Scald|p1a: Empoleon
|-resisted|p1a: Empoleon
|-damage|p1a: Empoleon|122\/371
|-status|p1a: Empoleon|brn
|move|p1a: Empoleon|Scald|p2a: Swampert
|-crit|p2a: Swampert
|-damage|p2a: Swampert|67\/404
|
|-heal|p1a: Empoleon|145\/371 brn|[from] item: Leftovers
|-damage|p1a: Empoleon|99\/371 brn|[from] brn
|turn|56
|
|move|p2a: Swampert|Rest|p2a: Swampert
|-status|p2a: Swampert|slp
|-heal|p2a: Swampert|404\/404 slp|[silent]
|-status|p2a: Swampert|slp|[from] move: Rest
|move|p1a: Empoleon|Scald|p2a: Swampert
|-damage|p2a: Swampert|304\/404 slp
|
|-heal|p1a: Empoleon|122\/371 brn|[from] item: Leftovers
|-damage|p1a: Empoleon|76\/371 brn|[from] brn
|turn|57
|
|switch|p1a: Hydreigon|Hydreigon, M|47\/325
|cant|p2a: Swampert|slp
|
|turn|58
|
|move|p1a: Hydreigon|Roost|p1a: Hydreigon
|-heal|p1a: Hydreigon|210\/325
|cant|p2a: Swampert|slp
|
|turn|59
|
|move|p1a: Hydreigon|Dark Pulse|p2a: Swampert
|-damage|p2a: Swampert|208\/404 slp
|-curestatus|p2a: Swampert|slp
|move|p2a: Swampert|Scald|p1a: Hydreigon
|-resisted|p1a: Hydreigon
|-damage|p1a: Hydreigon|164\/325
|
|turn|60
|
|move|p1a: Hydreigon|Dark Pulse|p2a: Swampert
|-damage|p2a: Swampert|114\/404
|cant|p2a: Swampert|flinch
|
|turn|61
|
|switch|p2a: Jirachi|Jirachi|269\/365
|-damage|p2a: Jirachi|247\/365|[from] Stealth Rock
|move|p1a: Hydreigon|Dark Pulse|p2a: Jirachi
|-supereffective|p2a: Jirachi
|-damage|p2a: Jirachi|0 fnt
|faint|p2a: Jirachi
|
|
|switch|p2a: Umbreon|Umbreon, F|288\/393
|-damage|p2a: Umbreon|239\/393|[from] Stealth Rock
|turn|62
|
|move|p1a: Hydreigon|Taunt|p2a: Umbreon
|-start|p2a: Umbreon|move: Taunt
|cant|p2a: Umbreon|move: Taunt|Wish
|
|-heal|p2a: Umbreon|263\/393|[from] item: Leftovers
|turn|63
|
|move|p1a: Hydreigon|Dark Pulse|p2a: Umbreon
|-resisted|p2a: Umbreon
|-damage|p2a: Umbreon|219\/393
|move|p2a: Umbreon|Foul Play|p1a: Hydreigon
|-resisted|p1a: Hydreigon
|-damage|p1a: Hydreigon|110\/325
|
|-heal|p2a: Umbreon|243\/393|[from] item: Leftovers
|turn|64
|
|move|p1a: Hydreigon|Roost|p1a: Hydreigon
|-heal|p1a: Hydreigon|273\/325
|move|p2a: Umbreon|Foul Play|p1a: Hydreigon
|-resisted|p1a: Hydreigon
|-damage|p1a: Hydreigon|219\/325
|
|-heal|p2a: Umbreon|267\/393|[from] item: Leftovers
|-end|p2a: Umbreon|move: Taunt
|turn|65
|
|move|p1a: Hydreigon|Taunt|p2a: Umbreon
|-start|p2a: Umbreon|move: Taunt
|move|p2a: Umbreon|Foul Play|p1a: Hydreigon
|-resisted|p1a: Hydreigon
|-damage|p1a: Hydreigon|165\/325
|
|-heal|p2a: Umbreon|291\/393|[from] item: Leftovers
|turn|66
|
|switch|p1a: Empoleon|Empoleon, M|76\/371 brn
|move|p2a: Umbreon|Foul Play|p1a: Empoleon
|-damage|p1a: Empoleon|4\/371 brn
|
|-heal|p2a: Umbreon|315\/393|[from] item: Leftovers
|-heal|p1a: Empoleon|27\/371 brn|[from] item: Leftovers
|-damage|p1a: Empoleon|0 fnt|[from] brn
|faint|p1a: Empoleon
|
|switch|p1a: Whimsicott|Whimsicott, F|68\/261 psn
|turn|67
|
|switch|p1a: Aerodactyl|Aerodactyl, F|301\/301
|-ability|p1a: Aerodactyl|Unnerve|p2: CelsiusRW4
|switch|p2a: Roserade|Roserade, F|119\/305
|-damage|p2a: Roserade|81\/305|[from] Stealth Rock
|
|-heal|p2a: Roserade|100\/305|[from] item: Black Sludge
|turn|68
|
|detailschange|p1a: Aerodactyl|Aerodactyl-Mega, F
|-mega|p1a: Aerodactyl|Aerodactyl|Aerodactylite
|move|p1a: Aerodactyl|Aerial Ace|p2a: Roserade
|-crit|p2a: Roserade
|-supereffective|p2a: Roserade
|-damage|p2a: Roserade|0 fnt
|faint|p2a: Roserade
|
|
|switch|p2a: Swampert|Swampert-Mega, M|114\/404
|-damage|p2a: Swampert|89\/404|[from] Stealth Rock
|turn|69
|
|move|p1a: Aerodactyl|Aerial Ace|p2a: Swampert
|-damage|p2a: Swampert|0 fnt
|faint|p2a: Swampert
|
|-message|CelsiusRW4 forfeited.
|
|win|donkii
|raw|Ladder updating...
|leave|CelsiusRW4
|player|p2
|raw|donkii's rating: 1567 &rarr; <strong>1580<\/strong><br \/>(+13 for winning)
|raw|CelsiusRW4's rating: 1446 &rarr; <strong>1433<\/strong><br \/>(-13 for losing)