|join|undercoverlover
|join|awesomness
|player|p1|undercoverlover|1
|player|p2|awesomness|80
|gametype|singles
|gen|6
|tier|ORAS OU
|rated
|rule|Sleep Clause Mod: Limit one foe put to sleep
|rule|Species Clause: Limit one of each PokÃ©mon
|rule|OHKO Clause: OHKO moves are banned
|rule|Moody Clause: Moody is banned
|rule|Evasion Moves Clause: Evasion moves are banned
|rule|Endless Battle Clause: Forcing endless battles is banned
|rule|HP Percentage Mod: HP is shown in percentages
|clearpoke
|poke|p1|Klefki, F
|poke|p1|Slowbro, F
|poke|p1|Lopunny, M
|poke|p1|Diggersby, M
|poke|p1|Greninja, M
|poke|p1|Landorus-Therian, M
|poke|p2|Sharpedo, F
|poke|p2|Sylveon, M
|poke|p2|Ferrothorn, F
|poke|p2|Latios, M
|poke|p2|Conkeldurr, F
|poke|p2|Thundurus-Therian, M
|rule|Swagger Clause: Swagger is banned
|rule|Baton Pass Clause: Limit one PokÃ©mon knowing Baton Pass
|teampreview
|
|start
|switch|p1a: Lopunny|Lopunny, M|271\/271
|switch|p2a: Storm|Thundurus-Therian, M|300\/300
|turn|1
|
|switch|p2a: Hug me|Ferrothorn, F|352\/352
|detailschange|p1a: Lopunny|Lopunny-Mega, M
|message|Lopunny has Mega Evolved into Mega Lopunny!
|move|p1a: Lopunny|Fake Out|p2a: Hug me
|-resisted|p2a: Hug me
|-damage|p2a: Hug me|330\/352
|-damage|p1a: Lopunny|238\/271|[from] ability: Iron Barbs|[of] p2a: Hug me
|-damage|p1a: Lopunny|193\/271|[from] item: Rocky Helmet|[of] p2a: Hug me
|
|turn|2
|
|move|p2a: Hug me|Protect|p2a: Hug me
|-singleturn|p2a: Hug me|Protect
|move|p1a: Lopunny|Substitute|p1a: Lopunny
|-start|p1a: Lopunny|Substitute
|-damage|p1a: Lopunny|126\/271
|
|turn|3
|
|move|p1a: Lopunny|High Jump Kick|p2a: Hug me
|-supereffective|p2a: Hug me
|-damage|p2a: Hug me|34\/352
|-damage|p1a: Lopunny|93\/271|[from] ability: Iron Barbs|[of] p2a: Hug me
|-damage|p1a: Lopunny|48\/271|[from] item: Rocky Helmet|[of] p2a: Hug me
|move|p2a: Hug me|Gyro Ball|p1a: Lopunny
|-end|p1a: Lopunny|Substitute
|
|turn|4
|
|move|p2a: Hug me|Protect|p2a: Hug me
|-singleturn|p2a: Hug me|Protect
|move|p1a: Lopunny|Return|p2a: Hug me
|-activate|p2a: Hug me|Protect
|
|turn|5
|
|move|p1a: Lopunny|Return|p2a: Hug me
|-resisted|p2a: Hug me
|-damage|p2a: Hug me|0 fnt
|-damage|p1a: Lopunny|15\/271|[from] ability: Iron Barbs|[of] p2a: Hug me
|-damage|p1a: Lopunny|0 fnt|[from] item: Rocky Helmet|[of] p2a: Hug me
|faint|p1a: Lopunny
|faint|p2a: Hug me
|
|
|switch|p2a: Storm|Thundurus-Therian, M|300\/300
|switch|p1a: Greninja|Greninja, M|285\/285
|turn|6
|
|move|p2a: Storm|Volt Switch|p1a: Greninja
|-supereffective|p1a: Greninja
|-damage|p1a: Greninja|0 fnt
|faint|p1a: Greninja
|c|âundercoverlover|fuckkk
|
|switch|p2a: Punches|Conkeldurr, F|414\/414
|
|
|switch|p1a: Klefki|Klefki, F|318\/318
|turn|7
|
|move|p1a: Klefki|Reflect|p1a: Klefki
|-sidestart|p1: undercoverlover|Reflect
|move|p2a: Punches|Drain Punch|p1a: Klefki
|-damage|p1a: Klefki|244\/318
|
|turn|8
|
|move|p1a: Klefki|Dazzling Gleam|p2a: Punches
|-supereffective|p2a: Punches
|-damage|p2a: Punches|276\/414
|move|p2a: Punches|Drain Punch|p1a: Klefki
|-damage|p1a: Klefki|165\/318
|-heal|p2a: Punches|316\/414|[from] drain|[of] p1a: Klefki
|
|turn|9
|
|move|p1a: Klefki|Dazzling Gleam|p2a: Punches
|-supereffective|p2a: Punches
|-damage|p2a: Punches|164\/414
|move|p2a: Punches|Drain Punch|p1a: Klefki
|-damage|p1a: Klefki|85\/318
|-heal|p2a: Punches|204\/414|[from] drain|[of] p1a: Klefki
|
|turn|10
|
|move|p1a: Klefki|Dazzling Gleam|p2a: Punches
|-supereffective|p2a: Punches
|-damage|p2a: Punches|54\/414
|move|p2a: Punches|Drain Punch|p1a: Klefki
|-damage|p1a: Klefki|7\/318
|-heal|p2a: Punches|93\/414|[from] drain|[of] p1a: Klefki
|
|turn|11
|
|move|p1a: Klefki|Light Screen|p1a: Klefki
|-sidestart|p1: undercoverlover|move: Light Screen
|move|p2a: Punches|Mach Punch|p1a: Klefki
|-damage|p1a: Klefki|0 fnt
|faint|p1a: Klefki
|
|
|switch|p1a: Diggersby|Diggersby, M|311\/311
|turn|12
|
|move|p1a: Diggersby|Quick Attack|p2a: Punches
|-damage|p2a: Punches|0 fnt
|-damage|p1a: Diggersby|280\/311|[from] item: Life Orb
|faint|p2a: Punches
|
|
|switch|p2a: Sharkpedo|Sharpedo, F|281\/281
|turn|13
|
|move|p2a: Sharkpedo|Protect|p2a: Sharkpedo
|-singleturn|p2a: Sharkpedo|Protect
|move|p1a: Diggersby|Swords Dance|p1a: Diggersby
|-boost|p1a: Diggersby|atk|2
|
|-boost|p2a: Sharkpedo|spe|1|[from] ability: Speed Boost
|turn|14
|
|detailschange|p2a: Sharkpedo|Sharpedo-Mega, F
|message|Sharpedo has Mega Evolved into Mega Sharpedo!
|move|p2a: Sharkpedo|Protect|p2a: Sharkpedo
|-fail|p2a: Sharkpedo
|move|p1a: Diggersby|Quick Attack|p2a: Sharkpedo
|-damage|p2a: Sharkpedo|0 fnt
|-damage|p1a: Diggersby|249\/311|[from] item: Life Orb
|faint|p2a: Sharkpedo
|
|-sideend|p1: undercoverlover|Reflect
|
|switch|p2a: Eon Dragon|Latios, M|302\/302
|turn|15
|
|move|p2a: Eon Dragon|Psyshock|p1a: Diggersby
|-damage|p1a: Diggersby|129\/311
|-damage|p2a: Eon Dragon|272\/302|[from] item: Life Orb
|move|p1a: Diggersby|Return|p2a: Eon Dragon
|-crit|p2a: Eon Dragon
|-damage|p2a: Eon Dragon|0 fnt
|-damage|p1a: Diggersby|98\/311|[from] item: Life Orb
|faint|p2a: Eon Dragon
|
|
|switch|p2a: Storm|Thundurus-Therian, M|300\/300
|turn|16
|
|move|p1a: Diggersby|Quick Attack|p2a: Storm
|-damage|p2a: Storm|2\/300
|-damage|p1a: Diggersby|67\/311|[from] item: Life Orb
|move|p2a: Storm|Hidden Power|p1a: Diggersby
|-supereffective|p1a: Diggersby
|-damage|p1a: Diggersby|0 fnt
|faint|p1a: Diggersby
|
|
|switch|p1a: Slowbro|Slowbro, F|394\/394
|turn|17
|
|switch|p2a: Fairys|Sylveon, M|394\/394
|move|p1a: Slowbro|Toxic|p2a: Fairys|[miss]
|-miss|p1a: Slowbro|p2a: Fairys
|
|turn|18
|
|move|p2a: Fairys|Wish|p2a: Fairys
|move|p1a: Slowbro|Toxic|p2a: Fairys
|-status|p2a: Fairys|tox
|
|-damage|p2a: Fairys|370\/394 tox|[from] psn
|-sideend|p1: undercoverlover|move: Light Screen
|turn|19
|
|move|p2a: Fairys|Moonblast|p1a: Slowbro
|-damage|p1a: Slowbro|258\/394
|move|p1a: Slowbro|Ice Beam|p2a: Fairys
|-damage|p2a: Fairys|325\/394 tox
|
|-heal|p2a: Fairys|394\/394 tox|[from] move: Wish|[wisher] Fairys
|-heal|p1a: Slowbro|282\/394|[from] item: Leftovers
|-damage|p2a: Fairys|346\/394 tox|[from] psn
|turn|20
|
|move|p2a: Fairys|Heal Bell|p2a: Fairys
|-cureteam|p2a: Fairys|[from] move: HealBell
|move|p1a: Slowbro|Scald|p2a: Fairys
|-damage|p2a: Fairys|292\/394
|-status|p2a: Fairys|brn
|
|-heal|p2a: Fairys|316\/394 brn|[from] item: Leftovers
|-heal|p1a: Slowbro|306\/394|[from] item: Leftovers
|-damage|p2a: Fairys|267\/394 brn|[from] brn
|turn|21
|
|move|p2a: Fairys|Moonblast|p1a: Slowbro
|-damage|p1a: Slowbro|168\/394
|-unboost|p1a: Slowbro|spa|1
|move|p1a: Slowbro|Scald|p2a: Fairys
|-damage|p2a: Fairys|233\/394 brn
|
|-heal|p2a: Fairys|257\/394 brn|[from] item: Leftovers
|-heal|p1a: Slowbro|192\/394|[from] item: Leftovers
|-damage|p2a: Fairys|208\/394 brn|[from] brn
|turn|22
|
|move|p2a: Fairys|Wish|p2a: Fairys
|move|p1a: Slowbro|Slack Off|p1a: Slowbro
|-heal|p1a: Slowbro|389\/394
|
|-heal|p2a: Fairys|232\/394 brn|[from] item: Leftovers
|-heal|p1a: Slowbro|394\/394|[from] item: Leftovers
|-damage|p2a: Fairys|183\/394 brn|[from] brn
|turn|23
|
|move|p2a: Fairys|Moonblast|p1a: Slowbro
|-damage|p1a: Slowbro|249\/394
|move|p1a: Slowbro|Scald|p2a: Fairys
|-damage|p2a: Fairys|143\/394 brn
|
|-heal|p2a: Fairys|340\/394 brn|[from] move: Wish|[wisher] Fairys
|-heal|p2a: Fairys|364\/394 brn|[from] item: Leftovers
|-heal|p1a: Slowbro|273\/394|[from] item: Leftovers
|-damage|p2a: Fairys|315\/394 brn|[from] brn
|turn|24
|
|switch|p1a: Landorus-Therian|Landorus-Therian, M|382\/382
|-ability|p1a: Landorus-Therian|Intimidate|[of] p2a: Fairys
|-unboost|p2a: Fairys|atk|1
|move|p2a: Fairys|Moonblast|p1a: Landorus-Therian
|-damage|p1a: Landorus-Therian|240\/382
|
|-heal|p1a: Landorus-Therian|263\/382|[from] item: Leftovers
|-heal|p2a: Fairys|339\/394 brn|[from] item: Leftovers
|-damage|p2a: Fairys|290\/394 brn|[from] brn
|turn|25
|
|move|p1a: Landorus-Therian|Stealth Rock|p2a: Fairys
|-sidestart|p2: awesomness|move: Stealth Rock
|move|p2a: Fairys|Heal Bell|p2a: Fairys
|-cureteam|p2a: Fairys|[from] move: HealBell
|
|-heal|p1a: Landorus-Therian|286\/382|[from] item: Leftovers
|-heal|p2a: Fairys|314\/394|[from] item: Leftovers
|turn|26
|
|move|p2a: Fairys|Protect|p2a: Fairys
|-singleturn|p2a: Fairys|Protect
|move|p1a: Landorus-Therian|Earthquake|p2a: Fairys
|-activate|p2a: Fairys|Protect
|
|-heal|p1a: Landorus-Therian|309\/382|[from] item: Leftovers
|-heal|p2a: Fairys|338\/394|[from] item: Leftovers
|turn|27
|
|move|p1a: Landorus-Therian|Earthquake|p2a: Fairys
|-damage|p2a: Fairys|122\/394
|move|p2a: Fairys|Wish|p2a: Fairys
|
|-heal|p1a: Landorus-Therian|332\/382|[from] item: Leftovers
|-heal|p2a: Fairys|146\/394|[from] item: Leftovers
|turn|28
|
|move|p1a: Landorus-Therian|Earthquake|p2a: Fairys
|-damage|p2a: Fairys|0 fnt
|faint|p2a: Fairys
|
|-heal|p1a: Landorus-Therian|355\/382|[from] item: Leftovers
|-message|awesomness forfeited.
|
|win|undercoverlover
|raw|Ladder updating...
|leave|awesomness
|player|p2