|join|awesomness
|join|andale wey
|player|p1|awesomness|99
|player|p2|andale wey|226
|gametype|singles
|gen|6
|tier|OU
|rated
|clearpoke
|poke|p1|Thundurus, M
|poke|p1|Gengar, F
|poke|p1|Azumarill, F
|poke|p1|Dragonite, F
|poke|p1|Bisharp, M
|poke|p1|Latios, M
|poke|p2|Kyurem-Black
|poke|p2|Keldeo
|poke|p2|Pinsir, F
|poke|p2|Latias, F
|poke|p2|Landorus-Therian, M
|poke|p2|Aegislash, M
|rule|Swagger Clause: Swagger is banned
|rule|Baton Pass Clause: Limit one PokÃ©mon knowing Baton Pass
|rule|Sleep Clause Mod: Limit one foe put to sleep
|rule|Species Clause: Limit one of each PokÃ©mon
|rule|OHKO Clause: OHKO moves are banned
|rule|Moody Clause: Moody is banned
|rule|Evasion Moves Clause: Evasion moves are banned
|rule|Endless Battle Clause: Forcing endless battles is banned
|rule|HP Percentage Mod: HP is reported as percentages
|teampreview
|
|start
|switch|p1a: Thundurus|Thundurus, M|300\/300
|switch|p2a: Latias|Latias, F|364\/364
|turn|1
|
|move|p1a: Thundurus|Thunder Wave|p2a: Latias
|-status|p2a: Latias|par
|move|p2a: Latias|Light Screen|p2a: Latias
|-sidestart|p2: andale wey|move: Light Screen
|
|turn|2
|
|switch|p1a: Azumarill|Azumarill, F|404\/404
|move|p2a: Latias|Reflect|p2a: Latias
|-sidestart|p2: andale wey|Reflect
|
|turn|3
|
|switch|p2a: Aegislash|Aegislash, M|324\/324
|move|p1a: Azumarill|Play Rough|p2a: Aegislash
|-resisted|p2a: Aegislash
|-damage|p2a: Aegislash|288\/324
|
|-heal|p2a: Aegislash|308\/324|[from] item: Leftovers
|turn|4
|
|switch|p1a: Bisharp|Bisharp, M|272\/272
|-formechange|p2a: Aegislash|Aegislash-Blade
|move|p2a: Aegislash|Sacred Sword|p1a: Bisharp
|-supereffective|p1a: Bisharp
|-damage|p1a: Bisharp|0 fnt
|faint|p1a: Bisharp
|
|-heal|p2a: Aegislash|324\/324|[from] item: Leftovers
|
|switch|p1a: Dragonite|Dragonite, F|324\/324
|turn|5
|
|-formechange|p2a: Aegislash|Aegislash
|move|p2a: Aegislash|King's Shield|p2a: Aegislash
|-singleturn|p2a: Aegislash|Protect
|move|p1a: Dragonite|Dragon Dance|p1a: Dragonite
|-boost|p1a: Dragonite|atk|1
|-boost|p1a: Dragonite|spe|1
|
|turn|6
|
|move|p1a: Dragonite|Dragon Dance|p1a: Dragonite
|-boost|p1a: Dragonite|atk|1
|-boost|p1a: Dragonite|spe|1
|-formechange|p2a: Aegislash|Aegislash-Blade
|move|p2a: Aegislash|Shadow Ball|p1a: Dragonite
|-damage|p1a: Dragonite|257\/324
|
|turn|7
|
|switch|p2a: Landorus-Therian|Landorus-Therian, M|335\/335
|-ability|p2a: Landorus-Therian|Intimidate|[of] p1a: Dragonite
|-unboost|p1a: Dragonite|atk|1
|move|p1a: Dragonite|Earthquake|p2a: Landorus-Therian
|-immune|p2a: Landorus-Therian|[msg]
|
|turn|8
|
|move|p1a: Dragonite|Dragon Dance|p1a: Dragonite
|-boost|p1a: Dragonite|atk|1
|-boost|p1a: Dragonite|spe|1
|move|p2a: Landorus-Therian|Stone Edge|p1a: Dragonite
|-supereffective|p1a: Dragonite
|-damage|p1a: Dragonite|0 fnt
|faint|p1a: Dragonite
|
|-sideend|p2: andale wey|move: Light Screen
|
|switch|p1a: Thundurus|Thundurus, M|300\/300
|turn|9
|
|switch|p2a: Kyurem-Black|Kyurem-Black|454\/454
|-ability|p2a: Kyurem-Black|Teravolt
|move|p1a: Thundurus|Hidden Power|p2a: Kyurem-Black
|-damage|p2a: Kyurem-Black|383\/454
|
|-heal|p2a: Kyurem-Black|411\/454|[from] item: Leftovers
|-sideend|p2: andale wey|Reflect
|turn|10
|
|move|p1a: Thundurus|Thunder Wave|p2a: Kyurem-Black
|-status|p2a: Kyurem-Black|par
|move|p2a: Kyurem-Black|Substitute|p2a: Kyurem-Black
|-start|p2a: Kyurem-Black|Substitute
|-damage|p2a: Kyurem-Black|298\/454 par
|
|-heal|p2a: Kyurem-Black|326\/454 par|[from] item: Leftovers
|turn|11
|
|move|p1a: Thundurus|Thunderbolt|p2a: Kyurem-Black
|-resisted|p2a: Kyurem-Black
|-activate|p2a: Kyurem-Black|Substitute|[damage]
|move|p2a: Kyurem-Black|Ice Beam|p1a: Thundurus
|-supereffective|p1a: Thundurus
|-damage|p1a: Thundurus|0 fnt
|faint|p1a: Thundurus
|
|-heal|p2a: Kyurem-Black|354\/454 par|[from] item: Leftovers
|chat|andale wey|move
|
|switch|p1a: Azumarill|Azumarill, F|404\/404
|turn|12
|chat|andale wey|dont be a rat kid
|chat|andale wey|thanks
|
|move|p1a: Azumarill|Play Rough|p2a: Kyurem-Black
|-supereffective|p2a: Kyurem-Black
|-end|p2a: Kyurem-Black|Substitute
|move|p2a: Kyurem-Black|Earth Power|p1a: Azumarill
|-damage|p1a: Azumarill|269\/404
|
|-heal|p2a: Kyurem-Black|382\/454 par|[from] item: Leftovers
|turn|13
|chat|awesomness|im lagging
|
|switch|p2a: Aegislash|Aegislash, M|324\/324
|move|p1a: Azumarill|Play Rough|p2a: Aegislash
|-resisted|p2a: Aegislash
|-damage|p2a: Aegislash|247\/324
|
|-heal|p2a: Aegislash|267\/324|[from] item: Leftovers
|turn|14
|chat|andale wey|me too
|chat|andale wey|but i move
|
|switch|p1a: Gengar|Gengar, F|261\/261
|-formechange|p2a: Aegislash|Aegislash-Blade
|move|p2a: Aegislash|Shadow Ball|p1a: Gengar
|-supereffective|p1a: Gengar
|-damage|p1a: Gengar|0 fnt
|faint|p1a: Gengar
|
|-heal|p2a: Aegislash|287\/324|[from] item: Leftovers
|
|switch|p1a: Latios|Latios, M|302\/302
|turn|15
|
|-formechange|p2a: Aegislash|Aegislash
|move|p2a: Aegislash|King's Shield|p2a: Aegislash
|-singleturn|p2a: Aegislash|Protect
|move|p1a: Latios|Draco Meteor|p2a: Aegislash
|-activate|p2a: Aegislash|Protect
|
|-heal|p2a: Aegislash|307\/324|[from] item: Leftovers
|turn|16
|
|move|p1a: Latios|Draco Meteor|p2a: Aegislash
|-resisted|p2a: Aegislash
|-damage|p2a: Aegislash|220\/324
|-unboost|p1a: Latios|spa|2
|-formechange|p2a: Aegislash|Aegislash-Blade
|move|p2a: Aegislash|Shadow Ball|p1a: Latios
|-supereffective|p1a: Latios
|-damage|p1a: Latios|60\/302
|
|-heal|p1a: Latios|78\/302|[from] item: Leftovers
|-heal|p2a: Aegislash|240\/324|[from] item: Leftovers
|turn|17
|
|-formechange|p2a: Aegislash|Aegislash
|move|p2a: Aegislash|King's Shield|p2a: Aegislash
|-singleturn|p2a: Aegislash|Protect
|move|p1a: Latios|Surf|p2a: Aegislash
|-activate|p2a: Aegislash|Protect
|
|-heal|p1a: Latios|96\/302|[from] item: Leftovers
|-heal|p2a: Aegislash|260\/324|[from] item: Leftovers
|turn|18
|
|move|p1a: Latios|Surf|p2a: Aegislash
|-crit|p2a: Aegislash
|-damage|p2a: Aegislash|129\/324
|-formechange|p2a: Aegislash|Aegislash-Blade
|move|p2a: Aegislash|Shadow Ball|p1a: Latios
|-supereffective|p1a: Latios
|-damage|p1a: Latios|0 fnt
|faint|p1a: Latios
|
|-heal|p2a: Aegislash|149\/324|[from] item: Leftovers
|chat|andale wey|aegislash kills 4 pokes
|chat|andale wey|wow
|
|switch|p1a: Azumarill|Azumarill, F|269\/404
|turn|19
|
|-formechange|p2a: Aegislash|Aegislash
|move|p2a: Aegislash|King's Shield|p2a: Aegislash
|-singleturn|p2a: Aegislash|Protect
|move|p1a: Azumarill|Waterfall|p2a: Aegislash
|-activate|p2a: Aegislash|Protect
|-unboost|p1a: Azumarill|atk|2
|
|-heal|p2a: Aegislash|169\/324|[from] item: Leftovers
|turn|20
|
|-formechange|p2a: Aegislash|Aegislash-Blade
|move|p2a: Aegislash|Iron Head|p1a: Azumarill
|-damage|p1a: Azumarill|97\/404
|cant|p1a: Azumarill|flinch
|
|-heal|p2a: Aegislash|189\/324|[from] item: Leftovers
|turn|21
|chat|andale wey|sorry
|chat|andale wey|i dont think it mattered
|chat|awesomness|it didn't matter
|
|move|p2a: Aegislash|Iron Head|p1a: Azumarill
|-damage|p1a: Azumarill|0 fnt
|faint|p1a: Azumarill
|
|win|andale wey
|raw|Ladder updating...
|raw|awesomness's rating: 1557 &rarr; <strong>1537<\/strong><br \/>(-20 for losing)
|raw|andale wey's rating: 1565 &rarr; <strong>1584<\/strong><br \/>(+19 for winning)
|chat|andale wey|gg