|join|awesomness
|join|dark khan
|player|p1|awesomness|99
|player|p2|dark khan|165
|gametype|singles
|gen|6
|tier|OU
|rated
|clearpoke
|poke|p1|Ninetales, M
|poke|p1|Jumpluff, M
|poke|p1|Hydreigon, F
|poke|p1|Lilligant, F
|poke|p1|Gengar, M
|poke|p1|Victini
|poke|p2|Deoxys-Defense, shiny
|poke|p2|Gothitelle, F, shiny
|poke|p2|Aegislash, M, shiny
|poke|p2|Landorus-Therian, M, shiny
|poke|p2|Thundurus, M, shiny
|poke|p2|Mawile, F, shiny
|rule|Swagger Clause: Swagger is banned
|rule|Baton Pass Clause: Limit three PokÃ©mon knowing Baton Pass
|rule|Sleep Clause Mod: Limit one foe put to sleep
|rule|Species Clause: Limit one of each PokÃ©mon
|rule|OHKO Clause: OHKO moves are banned
|rule|Moody Clause: Moody is banned
|rule|Evasion Moves Clause: Evasion moves are banned
|rule|Endless Battle Clause: Forcing endless battles is banned
|rule|HP Percentage Mod: HP is reported as percentages
|teampreview
|
|start
|switch|p1a: Hydreigon|Hydreigon, F|325\/325
|switch|p2a: Deoxys-Defense|Deoxys-Defense, shiny|304\/304
|-ability|p2a: Deoxys-Defense|Pressure
|turn|1
|
|move|p1a: Hydreigon|Dark Pulse|p2a: Deoxys-Defense
|-crit|p2a: Deoxys-Defense
|-supereffective|p2a: Deoxys-Defense
|-damage|p2a: Deoxys-Defense|100\/304
|-enditem|p2a: Deoxys-Defense|Red Card|[of] p1a: Hydreigon
|drag|p1a: Victini|Victini|341\/341
|move|p2a: Deoxys-Defense|Thunder Wave|p1a: Victini
|-status|p1a: Victini|par
|
|turn|2
|
|move|p2a: Deoxys-Defense|Stealth Rock|p1a: Victini
|-sidestart|p1: awesomness|move: Stealth Rock
|move|p1a: Victini|U-turn|p2a: Deoxys-Defense
|-supereffective|p2a: Deoxys-Defense
|-damage|p2a: Deoxys-Defense|0 fnt
|faint|p2a: Deoxys-Defense
|
|switch|p1a: Gengar|Gengar, M|262\/262
|-damage|p1a: Gengar|230\/262|[from] Stealth Rock
|
|
|switch|p2a: Landorus-Therian|Landorus-Therian, M, shiny|320\/320
|-ability|p2a: Landorus-Therian|Intimidate|[of] p1a: Gengar
|-unboost|p1a: Gengar|atk|1
|turn|3
|
|move|p2a: Landorus-Therian|Stone Edge|p1a: Gengar
|-damage|p1a: Gengar|0 fnt
|faint|p1a: Gengar
|
|
|switch|p1a: Hydreigon|Hydreigon, F|325\/325
|-damage|p1a: Hydreigon|285\/325|[from] Stealth Rock
|turn|4
|
|move|p1a: Hydreigon|Draco Meteor|p2a: Landorus-Therian
|-damage|p2a: Landorus-Therian|38\/320
|-unboost|p1a: Hydreigon|spa|2
|move|p2a: Landorus-Therian|Stone Edge|p1a: Hydreigon|[miss]
|-miss|p2a: Landorus-Therian|p1a: Hydreigon
|
|turn|5
|
|switch|p1a: Victini|Victini|341\/341 par
|-damage|p1a: Victini|256\/341 par|[from] Stealth Rock
|switch|p2a: Mawile|Mawile, F, shiny|304\/304
|-ability|p2a: Mawile|Intimidate|[of] p1a: Victini
|-unboost|p1a: Victini|atk|1
|
|turn|6
|
|detailschange|p2a: Mawile|Mawile-Mega, F, shiny
|message|Mawile has Mega Evolved into Mega Mawile!
|move|p2a: Mawile|Sucker Punch|p1a: Victini
|-supereffective|p1a: Victini
|-damage|p1a: Victini|0 fnt
|faint|p1a: Victini
|
|
|switch|p1a: Ninetales|Ninetales, M|350\/350
|-damage|p1a: Ninetales|263\/350|[from] Stealth Rock
|-weather|SunnyDay
|turn|7
|
|move|p2a: Mawile|Sucker Punch|p1a: Ninetales
|-damage|p1a: Ninetales|45\/350
|move|p1a: Ninetales|Flamethrower|p2a: Mawile
|-supereffective|p2a: Mawile
|-damage|p2a: Mawile|32\/304
|-status|p2a: Mawile|brn
|
|-weather|SunnyDay|[upkeep]
|-damage|p2a: Mawile|0 fnt|[from] brn
|faint|p2a: Mawile
|chat|dark khan|wow
|
|switch|p2a: Landorus-Therian|Landorus-Therian, M, shiny|38\/320
|-ability|p2a: Landorus-Therian|Intimidate|[of] p1a: Ninetales
|-unboost|p1a: Ninetales|atk|1
|turn|8
|
|switch|p1a: Lilligant|Lilligant, F|281\/281
|-damage|p1a: Lilligant|246\/281|[from] Stealth Rock
|move|p2a: Landorus-Therian|Earthquake|p1a: Lilligant
|-resisted|p1a: Lilligant
|-damage|p1a: Lilligant|115\/281
|
|-weather|SunnyDay|[upkeep]
|-heal|p1a: Lilligant|132\/281|[from] item: Leftovers
|turn|9
|
|switch|p1a: Jumpluff|Jumpluff, M|291\/291
|-damage|p1a: Jumpluff|219\/291|[from] Stealth Rock
|move|p2a: Landorus-Therian|Earthquake|p1a: Jumpluff
|-immune|p1a: Jumpluff|[msg]
|
|-weather|SunnyDay|[upkeep]
|turn|10
|
|switch|p2a: Gothitelle|Gothitelle, F, shiny|344\/344
|move|p1a: Jumpluff|Swords Dance|p1a: Jumpluff
|-boost|p1a: Jumpluff|atk|2
|
|-weather|SunnyDay|[upkeep]
|turn|11
|
|move|p1a: Jumpluff|Acrobatics|p2a: Gothitelle
|-damage|p2a: Gothitelle|220\/344
|move|p2a: Gothitelle|Trick|p1a: Jumpluff
|-activate|p2a: Gothitelle|move: Trick|[of] p1a: Jumpluff
|-item|p1a: Jumpluff|Choice Specs|[from] move: Trick
|-item|p2a: Gothitelle|Lum Berry|[from] move: Trick
|
|-weather|SunnyDay|[upkeep]
|turn|12
|
|move|p1a: Jumpluff|Giga Drain|p2a: Gothitelle
|-damage|p2a: Gothitelle|147\/344
|-heal|p1a: Jumpluff|256\/291|[from] drain|[of] p2a: Gothitelle
|move|p2a: Gothitelle|Psyshock|p1a: Jumpluff
|-damage|p1a: Jumpluff|84\/291
|
|-weather|SunnyDay|[upkeep]
|turn|13
|
|move|p1a: Jumpluff|Giga Drain|p2a: Gothitelle
|-damage|p2a: Gothitelle|75\/344
|-heal|p1a: Jumpluff|120\/291|[from] drain|[of] p2a: Gothitelle
|move|p2a: Gothitelle|Psyshock|p1a: Jumpluff
|-damage|p1a: Jumpluff|0 fnt
|faint|p1a: Jumpluff
|
|-weather|SunnyDay|[upkeep]
|
|switch|p1a: Lilligant|Lilligant, F|132\/281
|-damage|p1a: Lilligant|97\/281|[from] Stealth Rock
|turn|14
|
|move|p1a: Lilligant|Sleep Powder|p2a: Gothitelle|[miss]
|-miss|p1a: Lilligant|p2a: Gothitelle
|move|p2a: Gothitelle|Psyshock|p1a: Lilligant
|-damage|p1a: Lilligant|0 fnt
|faint|p1a: Lilligant
|
|-weather|none
|
|switch|p1a: Hydreigon|Hydreigon, F|285\/325
|-damage|p1a: Hydreigon|245\/325|[from] Stealth Rock
|turn|15
|
|move|p1a: Hydreigon|Dark Pulse|p2a: Gothitelle
|-supereffective|p2a: Gothitelle
|-damage|p2a: Gothitelle|0 fnt
|faint|p2a: Gothitelle
|
|
|switch|p2a: Aegislash|Aegislash, M, shiny|324\/324
|turn|16
|
|move|p1a: Hydreigon|Dark Pulse|p2a: Aegislash
|-supereffective|p2a: Aegislash
|-damage|p2a: Aegislash|112\/324
|-enditem|p2a: Aegislash|Weakness Policy
|-boost|p2a: Aegislash|atk|2|[from] item: Weakness Policy
|-boost|p2a: Aegislash|spa|2|[from] item: Weakness Policy
|-formechange|p2a: Aegislash|Aegislash-Blade
|move|p2a: Aegislash|Hidden Power|p1a: Hydreigon
|-supereffective|p1a: Hydreigon
|-damage|p1a: Hydreigon|0 fnt
|faint|p1a: Hydreigon
|
|chat|awesomness|gg
|
|switch|p1a: Ninetales|Ninetales, M|45\/350
|-damage|p1a: Ninetales|0 fnt|[from] Stealth Rock
|faint|p1a: Ninetales
|
|win|dark khan
|raw|Ladder updating...
|raw|awesomness's rating: 1588 &rarr; <strong>1564<\/strong><br \/>(-24 for losing)
|raw|dark khan's rating: 1520 &rarr; <strong>1544<\/strong><br \/>(+24 for winning)
|chat|dark khan|gg
|leave|awesomness
|player|p1