|join|Proraptor715
|join|awesomness
|player|p1|Proraptor715|124
|player|p2|awesomness|170
|gametype|singles
|gen|6
|tier|OU
|rated
|clearpoke
|poke|p1|Greninja, M
|poke|p1|Dragonite, F
|poke|p1|Conkeldurr, M
|poke|p1|Mawile, M
|poke|p1|Heatran, M
|poke|p1|Mandibuzz, F
|poke|p2|Mienshao, F
|poke|p2|Charizard, M
|poke|p2|Zapdos
|poke|p2|Nidoking, M
|poke|p2|Rotom-Wash
|poke|p2|Bisharp, M
|rule|Sleep Clause Mod: Limit one foe put to sleep
|rule|Species Clause: Limit one of each Pokemon
|rule|OHKO Clause: OHKO moves are banned
|rule|Moody Clause: Moody is banned
|rule|Evasion Moves Clause: Evasion moves are banned
|rule|Endless Battle Clause: Forcing endless battles is banned.
|rule|HP Percentage Mod: HP is reported as percentages
|teampreview
|chat|Proraptor715|glhf
|
|start
|switch|p1a: Nemesis|Mandibuzz, F|423\/423
|switch|p2a: Charizard|Charizard, M|298\/298
|turn|1
|
|-weather|SunnyDay
|detailschange|p2a: Charizard|Charizard-Mega-Y, M
|message|Charizard has Mega Evolved into Mega Charizard!
|move|p2a: Charizard|Heat Wave|p1a: Nemesis
|-damage|p1a: Nemesis|153\/423
|move|p1a: Nemesis|Whirlwind|p2a: Charizard
|drag|p2a: Mienshao|Mienshao, F|271\/271
|
|-weather|SunnyDay|[upkeep]
|-heal|p1a: Nemesis|179\/423|[from] item: Leftovers
|turn|2
|
|switch|p1a: Blackjack|Conkeldurr, M|351\/351
|move|p2a: Mienshao|Fake Out|p1a: Blackjack
|-damage|p1a: Blackjack|303\/351
|
|-weather|SunnyDay|[upkeep]
|turn|3
|
|move|p2a: Mienshao|Knock Off|p1a: Blackjack
|-crit|p1a: Blackjack
|-resisted|p1a: Blackjack
|-damage|p1a: Blackjack|223\/351
|-enditem|p1a: Blackjack|Assault Vest|[from] move: Knock Off|[of] p2a: Mienshao
|move|p1a: Blackjack|Drain Punch|p2a: Mienshao
|-damage|p2a: Mienshao|33\/271
|-heal|p1a: Blackjack|342\/351|[from] drain|[of] p2a: Mienshao
|
|-weather|SunnyDay|[upkeep]
|turn|4
|
|switch|p2a: Charizard|Charizard-Mega-Y, M|298\/298
|move|p1a: Blackjack|Mach Punch|p2a: Charizard
|-resisted|p2a: Charizard
|-damage|p2a: Charizard|247\/298
|
|-weather|SunnyDay|[upkeep]
|turn|5
|
|move|p2a: Charizard|Air Slash|p1a: Blackjack
|-supereffective|p1a: Blackjack
|-damage|p1a: Blackjack|16\/351
|move|p1a: Blackjack|Knock Off|p2a: Charizard
|-damage|p2a: Charizard|136\/298
|
|-weather|none
|turn|6
|
|move|p1a: Blackjack|Mach Punch|p2a: Charizard
|-resisted|p2a: Charizard
|-damage|p2a: Charizard|84\/298
|move|p2a: Charizard|Heat Wave|p1a: Blackjack
|-damage|p1a: Blackjack|0 fnt
|faint|p1a: Blackjack
|
|
|switch|p1a: Hephaestus|Heatran, M|385\/385
|turn|7
|
|move|p2a: Charizard|Focus Blast|p1a: Hephaestus
|-supereffective|p1a: Hephaestus
|-damage|p1a: Hephaestus|155\/385
|-unboost|p1a: Hephaestus|spd|1
|move|p1a: Hephaestus|Stealth Rock|p2a: Charizard
|-sidestart|p2: awesomness|move: Stealth Rock
|
|-heal|p1a: Hephaestus|179\/385|[from] item: Leftovers
|turn|8
|
|move|p1a: Hephaestus|Protect|p1a: Hephaestus
|-singleturn|p1a: Hephaestus|Protect
|move|p2a: Charizard|Focus Blast|p1a: Hephaestus
|-activate|p1a: Hephaestus|Protect
|
|-heal|p1a: Hephaestus|203\/385|[from] item: Leftovers
|turn|9
|
|switch|p1a: Nemesis|Mandibuzz, F|179\/423
|move|p2a: Charizard|Focus Blast|p1a: Nemesis
|-damage|p1a: Nemesis|11\/423
|
|-heal|p1a: Nemesis|37\/423|[from] item: Leftovers
|turn|10
|
|move|p2a: Charizard|Air Slash|p1a: Nemesis
|-damage|p1a: Nemesis|0 fnt
|faint|p1a: Nemesis
|
|
|switch|p1a: Ravinsky|Dragonite, F|323\/323
|turn|11
|
|move|p1a: Ravinsky|Extreme Speed|p2a: Charizard
|-damage|p2a: Charizard|0 fnt
|faint|p2a: Charizard
|
|
|switch|p2a: Rotom-Wash|Rotom-Wash|304\/304
|-damage|p2a: Rotom-Wash|266\/304|[from] Stealth Rock
|turn|12
|
|move|p1a: Ravinsky|Dragon Dance|p1a: Ravinsky
|-boost|p1a: Ravinsky|atk|1
|-boost|p1a: Ravinsky|spe|1
|move|p2a: Rotom-Wash|Will-O-Wisp|p1a: Ravinsky
|-status|p1a: Ravinsky|brn
|-enditem|p1a: Ravinsky|Lum Berry|[eat]
|-curestatus|p1a: Ravinsky|brn
|
|turn|13
|
|move|p1a: Ravinsky|Dragon Dance|p1a: Ravinsky
|-boost|p1a: Ravinsky|atk|1
|-boost|p1a: Ravinsky|spe|1
|move|p2a: Rotom-Wash|Will-O-Wisp|p1a: Ravinsky
|-status|p1a: Ravinsky|brn
|
|-damage|p1a: Ravinsky|283\/323 brn|[from] brn
|turn|14
|
|move|p1a: Ravinsky|Outrage|p2a: Rotom-Wash
|-crit|p2a: Rotom-Wash
|-damage|p2a: Rotom-Wash|0 fnt
|faint|p2a: Rotom-Wash
|
|-damage|p1a: Ravinsky|243\/323 brn|[from] brn
|
|switch|p2a: Nidoking|Nidoking, M|304\/304
|-damage|p2a: Nidoking|285\/304|[from] Stealth Rock
|turn|15
|
|move|p1a: Ravinsky|Outrage|p2a: Nidoking
|-damage|p2a: Nidoking|0 fnt
|faint|p2a: Nidoking
|
|-damage|p1a: Ravinsky|203\/323 brn|[from] brn
|
|switch|p2a: Bisharp|Bisharp, M|272\/272
|-damage|p2a: Bisharp|255\/272|[from] Stealth Rock
|turn|16
|
|move|p1a: Ravinsky|Outrage|p2a: Bisharp
|-resisted|p2a: Bisharp
|-damage|p2a: Bisharp|145\/272
|move|p2a: Bisharp|Iron Head|p1a: Ravinsky
|-damage|p1a: Ravinsky|0 fnt
|-damage|p2a: Bisharp|118\/272|[from] item: Life Orb
|faint|p1a: Ravinsky
|
|
|switch|p1a: Hephaestus|Heatran, M|203\/385
|turn|17
|
|move|p1a: Hephaestus|Protect|p1a: Hephaestus
|-singleturn|p1a: Hephaestus|Protect
|move|p2a: Bisharp|Knock Off|p1a: Hephaestus
|-activate|p1a: Hephaestus|Protect
|
|-heal|p1a: Hephaestus|227\/385|[from] item: Leftovers
|turn|18
|
|move|p2a: Bisharp|Knock Off|p1a: Hephaestus
|-damage|p1a: Hephaestus|27\/385
|-enditem|p1a: Hephaestus|Leftovers|[from] move: Knock Off|[of] p2a: Bisharp
|-damage|p2a: Bisharp|91\/272|[from] item: Life Orb
|move|p1a: Hephaestus|Lava Plume|p2a: Bisharp
|-supereffective|p2a: Bisharp
|-damage|p2a: Bisharp|0 fnt
|faint|p2a: Bisharp
|
|
|switch|p2a: Zapdos|Zapdos|384\/384
|-damage|p2a: Zapdos|288\/384|[from] Stealth Rock
|-ability|p2a: Zapdos|Pressure
|turn|19
|
|move|p2a: Zapdos|Discharge|p1a: Hephaestus
|-damage|p1a: Hephaestus|0 fnt
|faint|p1a: Hephaestus
|
|-heal|p2a: Zapdos|312\/384|[from] item: Leftovers
|
|switch|p1a: Hayabusa|Greninja, M|286\/286
|turn|20
|
|-start|p1a: Hayabusa|typechange|Ice|[from] Protean
|move|p1a: Hayabusa|Ice Beam|p2a: Zapdos
|-supereffective|p2a: Zapdos
|-damage|p2a: Zapdos|13\/384
|-damage|p1a: Hayabusa|258\/286|[from] item: Life Orb
|move|p2a: Zapdos|Discharge|p1a: Hayabusa
|-damage|p1a: Hayabusa|101\/286
|-status|p1a: Hayabusa|par
|
|-heal|p2a: Zapdos|37\/384|[from] item: Leftovers
|turn|21
|
|move|p2a: Zapdos|Discharge|p1a: Hayabusa
|-damage|p1a: Hayabusa|0 fnt
|faint|p1a: Hayabusa
|
|-heal|p2a: Zapdos|61\/384|[from] item: Leftovers
|
|switch|p1a: Ezreal|Mawile, M|245\/245
|-ability|p1a: Ezreal|Intimidate|[of] p2a: Zapdos
|-unboost|p2a: Zapdos|atk|1
|turn|22
|
|detailschange|p1a: Ezreal|Mawile-Mega, M
|message|Mawile has Mega Evolved into Mega Mawile!
|move|p1a: Ezreal|Sucker Punch|p2a: Zapdos
|-fail|p2a: Zapdos
|move|p2a: Zapdos|Roost|p2a: Zapdos
|-heal|p2a: Zapdos|253\/384
|
|-heal|p2a: Zapdos|277\/384|[from] item: Leftovers
|turn|23
|
|move|p2a: Zapdos|Discharge|p1a: Ezreal
|-damage|p1a: Ezreal|146\/245
|move|p1a: Ezreal|Swords Dance|p1a: Ezreal
|-boost|p1a: Ezreal|atk|2
|
|-heal|p2a: Zapdos|301\/384|[from] item: Leftovers
|turn|24
|
|move|p1a: Ezreal|Sucker Punch|p2a: Zapdos
|-damage|p2a: Zapdos|0 fnt
|faint|p2a: Zapdos
|
|
|switch|p2a: Mienshao|Mienshao, F|123\/271
|-damage|p2a: Mienshao|107\/271|[from] Stealth Rock
|turn|25
|
|move|p2a: Mienshao|Fake Out|p1a: Ezreal
|-crit|p1a: Ezreal
|-resisted|p1a: Ezreal
|-damage|p1a: Ezreal|117\/245
|cant|p1a: Ezreal|flinch
|
|turn|26
|
|move|p2a: Mienshao|Fake Out|p1a: Ezreal
|-message|(Fake Out only works your first turn out.)
|-fail|p1a: Ezreal
|move|p1a: Ezreal|Play Rough|p2a: Mienshao|[miss]
|-miss|p1a: Ezreal|p2a: Mienshao
|
|turn|27
|
|move|p1a: Ezreal|Sucker Punch|p2a: Mienshao
|-resisted|p2a: Mienshao
|-damage|p2a: Mienshao|0 fnt
|faint|p2a: Mienshao
|
|win|Proraptor715
|raw|Ladder updating...
|raw|Proraptor715's rating: 1461 &rarr; <strong>1484<\/strong><br \/>(+23 for winning)
|raw|awesomness's rating: 1519 &rarr; <strong>1496<\/strong><br \/>(-23 for losing)
|chat|Proraptor715|gg