|join|LaLu Prime
|join|awesomness
|player|p1|LaLu Prime|153
|player|p2|awesomness|99
|gametype|singles
|gen|6
|tier|OU
|rated
|clearpoke
|poke|p1|Scizor, M
|poke|p1|Rotom-Wash
|poke|p1|Aegislash, F, shiny
|poke|p1|Chansey, F
|poke|p1|Gliscor, F
|poke|p1|Ditto, shiny
|poke|p2|Crawdaunt, F
|poke|p2|Garchomp, F
|poke|p2|Gengar, M
|poke|p2|Metagross, shiny
|poke|p2|Zapdos
|poke|p2|Volcarona, F
|rule|Swagger Clause: Swagger is banned
|rule|Baton Pass Clause: Limit one PokÃ©mon knowing Baton Pass
|rule|Sleep Clause Mod: Limit one foe put to sleep
|rule|Species Clause: Limit one of each PokÃ©mon
|rule|OHKO Clause: OHKO moves are banned
|rule|Moody Clause: Moody is banned
|rule|Evasion Moves Clause: Evasion moves are banned
|rule|Endless Battle Clause: Forcing endless battles is banned
|rule|HP Percentage Mod: HP is reported as percentages
|teampreview
|join|Sacreds Sang Lugia
|
|start
|switch|p1a: Rotom-Wash|Rotom-Wash|304\/304
|switch|p2a: 5FootFireMoth|Volcarona, F|312\/312
|turn|1
|
|switch|p1a: Chansey|Chansey, F|704\/704
|move|p2a: 5FootFireMoth|Quiver Dance|p2a: 5FootFireMoth
|-boost|p2a: 5FootFireMoth|spa|1
|-boost|p2a: 5FootFireMoth|spd|1
|-boost|p2a: 5FootFireMoth|spe|1
|
|turn|2
|
|move|p2a: 5FootFireMoth|Fiery Dance|p1a: Chansey
|-crit|p1a: Chansey
|-damage|p1a: Chansey|490\/704
|-boost|p2a: 5FootFireMoth|spa|1
|move|p1a: Chansey|Thunder Wave|p2a: 5FootFireMoth
|-status|p2a: 5FootFireMoth|par
|
|turn|3
|
|move|p1a: Chansey|Seismic Toss|p2a: 5FootFireMoth
|-damage|p2a: 5FootFireMoth|212\/312 par
|cant|p2a: 5FootFireMoth|par
|
|turn|4
|
|move|p1a: Chansey|Seismic Toss|p2a: 5FootFireMoth
|-damage|p2a: 5FootFireMoth|112\/312 par
|-enditem|p2a: 5FootFireMoth|Sitrus Berry|[eat]
|-heal|p2a: 5FootFireMoth|190\/312 par|[from] item: Sitrus Berry
|move|p2a: 5FootFireMoth|Quiver Dance|p2a: 5FootFireMoth
|-boost|p2a: 5FootFireMoth|spa|1
|-boost|p2a: 5FootFireMoth|spd|1
|-boost|p2a: 5FootFireMoth|spe|1
|
|turn|5
|
|move|p2a: 5FootFireMoth|Fiery Dance|p1a: Chansey
|-damage|p1a: Chansey|268\/704
|-boost|p2a: 5FootFireMoth|spa|1
|move|p1a: Chansey|Seismic Toss|p2a: 5FootFireMoth
|-damage|p2a: 5FootFireMoth|90\/312 par
|
|turn|6
|
|move|p2a: 5FootFireMoth|Fiery Dance|p1a: Chansey
|-damage|p1a: Chansey|9\/704
|-boost|p2a: 5FootFireMoth|spa|1
|move|p1a: Chansey|Soft-Boiled|p1a: Chansey
|-heal|p1a: Chansey|361\/704
|
|turn|7
|
|move|p2a: 5FootFireMoth|Bug Buzz|p1a: Chansey
|-damage|p1a: Chansey|0 fnt
|faint|p1a: Chansey
|
|
|switch|p1a: Ditto|Ditto, shiny|299\/299
|-transform|p1a: Ditto|p2a: 5FootFireMoth
|turn|8
|
|move|p1a: Ditto|Fiery Dance|p2a: 5FootFireMoth
|-damage|p2a: 5FootFireMoth|0 fnt
|faint|p2a: 5FootFireMoth
|
|chat|Sacreds Sang Lugia|this is bad lol
|
|switch|p2a: Crawdaunt|Crawdaunt, F|267\/267
|turn|9
|
|move|p2a: Crawdaunt|Aqua Jet|p1a: Ditto
|-supereffective|p1a: Ditto
|-damage|p1a: Ditto|0 fnt
|-damage|p2a: Crawdaunt|241\/267|[from] item: Life Orb
|faint|p1a: Ditto
|
|chat|LaLu Prime|dayum
|chat|Sacreds Sang Lugia|FUCK!!!!!
|
|switch|p1a: Scizor|Scizor, M|344\/344
|turn|10
|chat|awesomness|not really
|
|detailschange|p1a: Scizor|Scizor-Mega, M
|message|Scizor has Mega Evolved into Mega Scizor!
|move|p2a: Crawdaunt|Aqua Jet|p1a: Scizor
|-damage|p1a: Scizor|274\/344
|-damage|p2a: Crawdaunt|215\/267|[from] item: Life Orb
|move|p1a: Scizor|U-turn|p2a: Crawdaunt
|-supereffective|p2a: Crawdaunt
|-damage|p2a: Crawdaunt|0 fnt
|faint|p2a: Crawdaunt
|
|switch|p1a: Rotom-Wash|Rotom-Wash|304\/304
|
|chat|Sacreds Sang Lugia|dayumm
|
|switch|p2a: OG Ghost|Gengar, M|262\/262
|turn|11
|chat|Sacreds Sang Lugia|OHKO'S ere where
|
|move|p2a: OG Ghost|Sludge Bomb|p1a: Rotom-Wash
|-damage|p1a: Rotom-Wash|196\/304
|-status|p1a: Rotom-Wash|psn
|move|p1a: Rotom-Wash|Volt Switch|p2a: OG Ghost
|-damage|p2a: OG Ghost|150\/262
|chat|Sacreds Sang Lugia|wow
|
|switch|p1a: Scizor|Scizor-Mega, M|274\/344
|
|turn|12
|
|switch|p2a: Bosschomp|Garchomp, F|358\/358
|move|p1a: Scizor|U-turn|p2a: Bosschomp
|-damage|p2a: Bosschomp|238\/358
|-damage|p1a: Scizor|231\/344|[from] ability: Rough Skin|[of] p2a: Bosschomp
|
|switch|p1a: Gliscor|Gliscor, F|354\/354
|
|-status|p1a: Gliscor|tox|[from] item: Toxic Orb
|turn|13
|
|switch|p2a: OG Ghost|Gengar, M|150\/262
|move|p1a: Gliscor|Toxic|p2a: OG Ghost
|-fail|p2a: OG Ghost
|
|turn|14
|
|switch|p1a: Rotom-Wash|Rotom-Wash|196\/304 psn
|move|p2a: OG Ghost|Shadow Ball|p1a: Rotom-Wash
|-damage|p1a: Rotom-Wash|100\/304 psn
|-unboost|p1a: Rotom-Wash|spd|1
|
|-heal|p1a: Rotom-Wash|119\/304 psn|[from] item: Leftovers
|-damage|p1a: Rotom-Wash|81\/304 psn|[from] psn
|turn|15
|
|move|p2a: OG Ghost|Shadow Ball|p1a: Rotom-Wash
|-damage|p1a: Rotom-Wash|0 fnt
|faint|p1a: Rotom-Wash
|
|
|switch|p1a: Scizor|Scizor-Mega, M|231\/344
|turn|16
|
|switch|p2a: MashingMachine|Metagross, shiny|364\/364
|-item|p2a: MashingMachine|Air Balloon
|move|p1a: Scizor|Roost|p1a: Scizor
|-heal|p1a: Scizor|344\/344
|
|turn|17
|
|move|p1a: Scizor|U-turn|p2a: MashingMachine
|-damage|p2a: MashingMachine|273\/364
|-enditem|p2a: MashingMachine|Air Balloon
|
|switch|p1a: Gliscor|Gliscor, F|354\/354 tox
|move|p2a: MashingMachine|Earthquake|p1a: Gliscor
|-immune|p1a: Gliscor|[msg]
|
|turn|18
|
|switch|p2a: OG Ghost|Gengar, M|150\/262
|move|p1a: Gliscor|Earthquake|p2a: OG Ghost
|-immune|p2a: OG Ghost|[msg]
|
|turn|19
|
|switch|p1a: Scizor|Scizor-Mega, M|344\/344
|move|p2a: OG Ghost|Shadow Ball|p1a: Scizor
|-damage|p1a: Scizor|193\/344
|
|turn|20
|chat|Sacreds Sang Lugia|lol this is fun
|
|switch|p2a: MashingMachine|Metagross, shiny|273\/364
|move|p1a: Scizor|Roost|p1a: Scizor
|-heal|p1a: Scizor|344\/344
|
|turn|21
|
|move|p1a: Scizor|U-turn|p2a: MashingMachine
|-damage|p2a: MashingMachine|182\/364
|
|switch|p1a: Gliscor|Gliscor, F|354\/354 tox
|move|p2a: MashingMachine|Zen Headbutt|p1a: Gliscor
|-damage|p1a: Gliscor|251\/354 tox
|
|-heal|p1a: Gliscor|295\/354 tox|[from] ability: Poison Heal
|turn|22
|
|switch|p2a: Bosschomp|Garchomp, F|238\/358
|move|p1a: Gliscor|Stealth Rock|p2a: Bosschomp
|-sidestart|p2: awesomness|move: Stealth Rock
|
|-heal|p1a: Gliscor|339\/354 tox|[from] ability: Poison Heal
|turn|23
|
|switch|p2a: Power Plant|Zapdos|384\/384
|-damage|p2a: Power Plant|288\/384|[from] Stealth Rock
|-ability|p2a: Power Plant|Pressure
|move|p1a: Gliscor|Toxic|p2a: Power Plant
|-status|p2a: Power Plant|tox
|
|-heal|p2a: Power Plant|312\/384 tox|[from] item: Leftovers
|-heal|p1a: Gliscor|354\/354 tox|[from] ability: Poison Heal
|-damage|p2a: Power Plant|288\/384 tox|[from] psn
|turn|24
|
|move|p1a: Gliscor|Protect|p1a: Gliscor
|-singleturn|p1a: Gliscor|Protect
|move|p2a: Power Plant|Defog|p1a: Gliscor
|-activate|p1a: Gliscor|Protect
|
|-heal|p2a: Power Plant|312\/384 tox|[from] item: Leftovers
|-damage|p2a: Power Plant|264\/384 tox|[from] psn
|turn|25
|
|move|p1a: Gliscor|Stealth Rock|p2a: Power Plant
|-fail|p2a: Power Plant
|move|p2a: Power Plant|Defog|p1a: Gliscor
|-unboost|p1a: Gliscor|evasion|1
|-sideend|p2: awesomness|Stealth Rock|[from] move: Defog|[of] p2a: Power Plant
|
|-heal|p2a: Power Plant|288\/384 tox|[from] item: Leftovers
|-damage|p2a: Power Plant|216\/384 tox|[from] psn
|turn|26
|
|switch|p2a: OG Ghost|Gengar, M|150\/262
|move|p1a: Gliscor|Stealth Rock|p2a: OG Ghost
|-sidestart|p2: awesomness|move: Stealth Rock
|
|turn|27
|
|switch|p1a: Scizor|Scizor-Mega, M|344\/344
|move|p2a: OG Ghost|Shadow Ball|p1a: Scizor
|-damage|p1a: Scizor|212\/344
|
|turn|28
|
|switch|p2a: Bosschomp|Garchomp, F|238\/358
|-damage|p2a: Bosschomp|216\/358|[from] Stealth Rock
|move|p1a: Scizor|Roost|p1a: Scizor
|-heal|p1a: Scizor|344\/344
|
|turn|29
|
|switch|p1a: Gliscor|Gliscor, F|354\/354 tox
|move|p2a: Bosschomp|Fire Fang|p1a: Gliscor
|-damage|p1a: Gliscor|301\/354 tox
|
|-heal|p1a: Gliscor|345\/354 tox|[from] ability: Poison Heal
|turn|30
|
|switch|p2a: MashingMachine|Metagross, shiny|182\/364
|-damage|p2a: MashingMachine|160\/364|[from] Stealth Rock
|switch|p1a: Aegislash|Aegislash, F, shiny|262\/262
|
|turn|31
|
|switch|p1a: Gliscor|Gliscor, F|345\/354 tox
|move|p2a: MashingMachine|Stealth Rock|p1a: Gliscor
|-sidestart|p1: LaLu Prime|move: Stealth Rock
|
|-heal|p1a: Gliscor|354\/354 tox|[from] ability: Poison Heal
|turn|32
|
|switch|p1a: Aegislash|Aegislash, F, shiny|262\/262
|-damage|p1a: Aegislash|246\/262|[from] Stealth Rock
|move|p2a: MashingMachine|Zen Headbutt|p1a: Aegislash
|-resisted|p1a: Aegislash
|-damage|p1a: Aegislash|184\/262
|
|-heal|p1a: Aegislash|200\/262|[from] item: Leftovers
|turn|33
|
|move|p2a: MashingMachine|Earthquake|p1a: Aegislash
|-supereffective|p1a: Aegislash
|-damage|p1a: Aegislash|24\/262
|-formechange|p1a: Aegislash|Aegislash-Blade
|move|p1a: Aegislash|Shadow Ball|p2a: MashingMachine
|-supereffective|p2a: MashingMachine
|-damage|p2a: MashingMachine|0 fnt
|faint|p2a: MashingMachine
|
|-heal|p1a: Aegislash|40\/262|[from] item: Leftovers
|
|switch|p2a: Bosschomp|Garchomp, F|216\/358
|-damage|p2a: Bosschomp|194\/358|[from] Stealth Rock
|turn|34
|
|-formechange|p1a: Aegislash|Aegislash
|move|p1a: Aegislash|King's Shield|p1a: Aegislash
|-singleturn|p1a: Aegislash|Protect
|move|p2a: Bosschomp|Fire Fang|p1a: Aegislash
|-activate|p1a: Aegislash|Protect
|-unboost|p2a: Bosschomp|atk|2
|
|-heal|p1a: Aegislash|56\/262|[from] item: Leftovers
|turn|35
|
|move|p2a: Bosschomp|Fire Fang|p1a: Aegislash
|-crit|p1a: Aegislash
|-supereffective|p1a: Aegislash
|-damage|p1a: Aegislash|0 fnt
|faint|p1a: Aegislash
|
|
|switch|p1a: Gliscor|Gliscor, F|354\/354 tox
|-damage|p1a: Gliscor|310\/354 tox|[from] Stealth Rock
|turn|36
|
|switch|p2a: OG Ghost|Gengar, M|150\/262
|-damage|p2a: OG Ghost|118\/262|[from] Stealth Rock
|switch|p1a: Scizor|Scizor-Mega, M|344\/344
|-damage|p1a: Scizor|301\/344|[from] Stealth Rock
|
|turn|37
|
|switch|p2a: Bosschomp|Garchomp, F|194\/358
|-damage|p2a: Bosschomp|172\/358|[from] Stealth Rock
|move|p1a: Scizor|Defog|p2a: Bosschomp
|-unboost|p2a: Bosschomp|evasion|1
|-sideend|p2: awesomness|Stealth Rock|[from] move: Defog|[of] p2a: Bosschomp
|-sideend|p1: LaLu Prime|Stealth Rock|[from] move: Defog|[of] p1a: Scizor
|
|turn|38
|
|switch|p2a: OG Ghost|Gengar, M|118\/262
|switch|p1a: Gliscor|Gliscor, F|310\/354 tox
|
|-heal|p1a: Gliscor|354\/354 tox|[from] ability: Poison Heal
|turn|39
|
|move|p2a: OG Ghost|Shadow Ball|p1a: Gliscor
|-damage|p1a: Gliscor|185\/354 tox
|-unboost|p1a: Gliscor|spd|1
|move|p1a: Gliscor|Stealth Rock|p2a: OG Ghost
|-sidestart|p2: awesomness|move: Stealth Rock
|
|-heal|p1a: Gliscor|229\/354 tox|[from] ability: Poison Heal
|turn|40
|
|move|p1a: Gliscor|Protect|p1a: Gliscor
|-singleturn|p1a: Gliscor|Protect
|move|p2a: OG Ghost|Shadow Ball|p1a: Gliscor
|-activate|p1a: Gliscor|Protect
|
|-heal|p1a: Gliscor|273\/354 tox|[from] ability: Poison Heal
|turn|41
|
|switch|p2a: Bosschomp|Garchomp, F|172\/358
|-damage|p2a: Bosschomp|150\/358|[from] Stealth Rock
|switch|p1a: Scizor|Scizor-Mega, M|301\/344
|
|turn|42
|
|switch|p1a: Gliscor|Gliscor, F|273\/354 tox
|move|p2a: Bosschomp|Fire Fang|p1a: Gliscor|[miss]
|-miss|p2a: Bosschomp|p1a: Gliscor
|
|-heal|p1a: Gliscor|317\/354 tox|[from] ability: Poison Heal
|turn|43
|
|move|p2a: Bosschomp|Fire Fang|p1a: Gliscor
|-damage|p1a: Gliscor|265\/354 tox
|move|p1a: Gliscor|Earthquake|p2a: Bosschomp
|-crit|p2a: Bosschomp
|-damage|p2a: Bosschomp|0 fnt
|faint|p2a: Bosschomp
|
|-heal|p1a: Gliscor|309\/354 tox|[from] ability: Poison Heal
|chat|Sacreds Sang Lugia|oooooooooooooooo
|
|switch|p2a: OG Ghost|Gengar, M|118\/262
|-damage|p2a: OG Ghost|86\/262|[from] Stealth Rock
|turn|44
|chat|LaLu Prime|lol
|
|switch|p1a: Scizor|Scizor-Mega, M|301\/344
|move|p2a: OG Ghost|Shadow Ball|p1a: Scizor
|-damage|p1a: Scizor|151\/344
|
|turn|45
|chat|Sacreds Sang Lugia|hidden power ice is the shit
|
|move|p1a: Scizor|Bullet Punch|p2a: OG Ghost
|-damage|p2a: OG Ghost|0 fnt
|faint|p2a: OG Ghost
|
|
|switch|p2a: Power Plant|Zapdos|216\/384 tox
|-damage|p2a: Power Plant|120\/384 tox|[from] Stealth Rock
|-ability|p2a: Power Plant|Pressure
|turn|46
|chat|awesomness|gg
|
|move|p1a: Scizor|Bullet Punch|p2a: Power Plant
|-resisted|p2a: Power Plant
|-damage|p2a: Power Plant|67\/384 tox
|move|p2a: Power Plant|Discharge|p1a: Scizor
|-damage|p1a: Scizor|31\/344
|-status|p1a: Scizor|par
|
|-heal|p2a: Power Plant|91\/384 tox|[from] item: Leftovers
|-damage|p2a: Power Plant|67\/384 tox|[from] psn
|turn|47
|
|move|p1a: Scizor|Bullet Punch|p2a: Power Plant
|-resisted|p2a: Power Plant
|-damage|p2a: Power Plant|10\/384 tox
|move|p2a: Power Plant|Discharge|p1a: Scizor
|-damage|p1a: Scizor|0 fnt
|faint|p1a: Scizor
|
|-heal|p2a: Power Plant|34\/384 tox|[from] item: Leftovers
|-damage|p2a: Power Plant|0 fnt|[from] psn
|faint|p2a: Power Plant
|
|win|LaLu Prime
|raw|Ladder updating...
|raw|LaLu Prime's rating: 1495 &rarr; <strong>1514<\/strong><br \/>(+19 for winning)
|raw|awesomness's rating: 1494 &rarr; <strong>1474<\/strong><br \/>(-20 for losing)
|chat|LaLu Prime|gg
|chat|Sacreds Sang Lugia|gg
|leave|awesomness
|player|p2
|leave|LaLu Prime
|player|p1
|chat|Sacreds Sang Lugia|1500