|join|ShadiBlizzard
|join|awesomness
|player|p1|ShadiBlizzard|170
|player|p2|awesomness|257
|gametype|singles
|gen|6
|tier|OU
|rated
|clearpoke
|poke|p1|Genesect, shiny
|poke|p1|Gliscor, F
|poke|p1|Azumarill, M, shiny
|poke|p1|Clefable, M
|poke|p1|Gyarados, F, shiny
|poke|p1|Celebi, shiny
|poke|p2|Tyranitar, M, shiny
|poke|p2|Alakazam, F, shiny
|poke|p2|Genesect, shiny
|poke|p2|Excadrill, M, shiny
|poke|p2|Garchomp, M, shiny
|poke|p2|Shaymin
|rule|Sleep Clause Mod: Limit one foe put to sleep
|rule|Species Clause: Limit one of each Pokemon
|rule|OHKO Clause: OHKO moves are banned
|rule|Moody Clause: Moody is banned
|rule|Evasion Moves Clause: Evasion moves are banned
|rule|Endless Battle Clause: Forcing endless battles is banned.
|rule|HP Percentage Mod: HP is reported as percentages
|teampreview
|callback|decision
|
|start
|switch|p1a: Caccastrello|Gliscor, F|313\/313
|switch|p2a: Genesect|Genesect, shiny|283\/283
|-boost|p2a: Genesect|spa|1|[from] ability: Download
|turn|1
|callback|decision
|
|move|p1a: Caccastrello|Protect|p1a: Caccastrello
|-singleturn|p1a: Caccastrello|Protect
|move|p2a: Genesect|Ice Beam|p1a: Caccastrello
|-activate|p1a: Caccastrello|Protect
|
|-activate|p1a: Caccastrello|item: Toxic Orb
|-status|p1a: Caccastrello|tox
|turn|2
|callback|decision
|
|switch|p1a: Cacchinsetto|Genesect, shiny|283\/283
|-boost|p1a: Cacchinsetto|atk|1|[from] ability: Download
|move|p2a: Genesect|Ice Beam|p1a: Cacchinsetto
|-resisted|p1a: Cacchinsetto
|-damage|p1a: Cacchinsetto|200\/283
|
|turn|3
|callback|decision
|
|move|p2a: Genesect|Flamethrower|p1a: Cacchinsetto
|-supereffective|p1a: Cacchinsetto
|-damage|p1a: Cacchinsetto|0 fnt
|faint|p1a: Cacchinsetto
|
|callback|decision
|
|switch|p1a: Caccafakefata|Celebi, shiny|362\/362
|turn|4
|callback|decision
|
|move|p2a: Genesect|Flamethrower|p1a: Caccafakefata
|-crit|p1a: Caccafakefata
|-supereffective|p1a: Caccafakefata
|-damage|p1a: Caccafakefata|0 fnt
|faint|p1a: Caccafakefata
|
|callback|decision
|
|switch|p1a: Caccalime|Azumarill, M, shiny|371\/371
|turn|5
|callback|decision
|
|move|p1a: Caccalime|Aqua Jet|p2a: Genesect
|-damage|p2a: Genesect|189\/283
|move|p2a: Genesect|Energy Ball|p1a: Caccalime
|-supereffective|p1a: Caccalime
|-damage|p1a: Caccalime|15\/371
|-enditem|p1a: Caccalime|Weakness Policy
|-boost|p1a: Caccalime|atk|2|[from] item: Weakness Policy
|-boost|p1a: Caccalime|spa|2|[from] item: Weakness Policy
|
|turn|6
|callback|decision
|
|move|p1a: Caccalime|Aqua Jet|p2a: Genesect
|-damage|p2a: Genesect|0 fnt
|faint|p2a: Genesect
|
|callback|decision
|
|switch|p2a: Garchomp|Garchomp, M, shiny|357\/357
|turn|7
|callback|decision
|
|-formechange|p2a: Garchomp|Garchomp-Mega
|message|Garchomp has Mega Evolved into Mega Garchomp!
|move|p1a: Caccalime|Aqua Jet|p2a: Garchomp
|-damage|p2a: Garchomp|200\/357
|move|p2a: Garchomp|Earthquake|p1a: Caccalime
|-damage|p1a: Caccalime|0 fnt
|faint|p1a: Caccalime
|
|callback|decision
|
|switch|p1a: Caccastrello|Gliscor, F|313\/313 tox
|turn|8
|callback|decision
|
|move|p2a: Garchomp|Dragon Claw|p1a: Caccastrello
|-damage|p1a: Caccastrello|175\/313 tox
|move|p1a: Caccastrello|Stealth Rock|p2a: Garchomp
|-sidestart|p2: awesomness|move: Stealth Rock
|
|-heal|p1a: Caccastrello|214\/313 tox|[from] ability: Poison Heal
|turn|9
|callback|decision
|
|move|p2a: Garchomp|Dragon Claw|p1a: Caccastrello
|-damage|p1a: Caccastrello|69\/313 tox
|move|p1a: Caccastrello|Earthquake|p2a: Garchomp
|-damage|p2a: Garchomp|59\/357
|
|-heal|p1a: Caccastrello|108\/313 tox|[from] ability: Poison Heal
|turn|10
|callback|decision
|
|move|p1a: Caccastrello|Protect|p1a: Caccastrello
|-singleturn|p1a: Caccastrello|Protect
|move|p2a: Garchomp|Dragon Claw|p1a: Caccastrello
|-activate|p1a: Caccastrello|Protect
|
|-heal|p1a: Caccastrello|147\/313 tox|[from] ability: Poison Heal
|turn|11
|callback|decision
|
|move|p2a: Garchomp|Dragon Claw|p1a: Caccastrello
|-damage|p1a: Caccastrello|21\/313 tox
|move|p1a: Caccastrello|Earthquake|p2a: Garchomp
|-damage|p2a: Garchomp|0 fnt
|faint|p2a: Garchomp
|
|-heal|p1a: Caccastrello|60\/313 tox|[from] ability: Poison Heal
|callback|decision
|
|switch|p2a: Alakazam|Alakazam, F, shiny|252\/252
|turn|12
|callback|decision
|
|move|p2a: Alakazam|Psychic|p1a: Caccastrello
|-damage|p1a: Caccastrello|0 fnt
|faint|p1a: Caccastrello
|
|callback|decision
|
|switch|p1a: CaccaRosa|Clefable, M|394\/394
|turn|13
|callback|decision
|
|switch|p2a: Excadrill|Excadrill, M, shiny|362\/362
|-damage|p2a: Excadrill|351\/362|[from] Stealth Rock
|-item|p2a: Excadrill|Air Balloon
|move|p1a: CaccaRosa|Cosmic Power|p1a: CaccaRosa
|-boost|p1a: CaccaRosa|def|1
|-boost|p1a: CaccaRosa|spd|1
|
|turn|14
|callback|decision
|
|move|p2a: Excadrill|Iron Head|p1a: CaccaRosa
|-supereffective|p1a: CaccaRosa
|-damage|p1a: CaccaRosa|194\/394
|move|p1a: CaccaRosa|Swagger|p2a: Excadrill|[miss]
|-miss|p1a: CaccaRosa|p2a: Excadrill
|
|-heal|p1a: CaccaRosa|218\/394|[from] item: Leftovers
|turn|15
|callback|decision
|
|move|p2a: Excadrill|Iron Head|p1a: CaccaRosa
|-supereffective|p1a: CaccaRosa
|-damage|p1a: CaccaRosa|20\/394
|move|p1a: CaccaRosa|Moonlight|p1a: CaccaRosa
|-heal|p1a: CaccaRosa|217\/394
|
|-heal|p1a: CaccaRosa|241\/394|[from] item: Leftovers
|turn|16
|callback|decision
|
|move|p2a: Excadrill|Iron Head|p1a: CaccaRosa
|-crit|p1a: CaccaRosa
|-supereffective|p1a: CaccaRosa
|-damage|p1a: CaccaRosa|0 fnt
|faint|p1a: CaccaRosa
|
|callback|decision
|
|switch|p1a: Caccapesce|Gyarados, F, shiny|332\/332
|turn|17
|callback|decision
|
|move|p2a: Excadrill|Rock Slide|p1a: Caccapesce
|-miss|p2a: Excadrill|p1a: Caccapesce
|move|p1a: Caccapesce|Dragon Dance|p1a: Caccapesce
|-boost|p1a: Caccapesce|atk|1
|-boost|p1a: Caccapesce|spe|1
|
|turn|18
|callback|decision
|
|-formechange|p1a: Caccapesce|Gyarados-Mega
|message|Gyarados has Mega Evolved into Mega Gyarados!
|-ability|p1a: Caccapesce|Mold Breaker
|move|p1a: Caccapesce|Waterfall|p2a: Excadrill
|-supereffective|p2a: Excadrill
|-damage|p2a: Excadrill|0 fnt
|-enditem|p2a: Excadrill|Air Balloon
|faint|p2a: Excadrill
|
|callback|decision
|
|switch|p2a: Alakazam|Alakazam, F, shiny|252\/252
|turn|19
|callback|decision
|
|move|p1a: Caccapesce|Waterfall|p2a: Alakazam
|-enditem|p2a: Alakazam|Focus Sash
|-damage|p2a: Alakazam|1\/252
|move|p2a: Alakazam|Focus Blast|p1a: Caccapesce
|-supereffective|p1a: Caccapesce
|-damage|p1a: Caccapesce|106\/332
|
|turn|20
|callback|decision
|
|move|p1a: Caccapesce|Waterfall|p2a: Alakazam
|-damage|p2a: Alakazam|0 fnt
|faint|p2a: Alakazam
|
|callback|decision
|
|switch|p2a: Shaymin|Shaymin|341\/341
|-damage|p2a: Shaymin|299\/341|[from] Stealth Rock
|turn|21
|callback|decision
|
|move|p1a: Caccapesce|Ice Fang|p2a: Shaymin
|-supereffective|p2a: Shaymin
|-damage|p2a: Shaymin|31\/341
|cant|p2a: Shaymin|flinch
|
|-heal|p2a: Shaymin|52\/341|[from] item: Leftovers
|turn|22
|callback|decision
|
|move|p1a: Caccapesce|Waterfall|p2a: Shaymin
|-resisted|p2a: Shaymin
|-damage|p2a: Shaymin|0 fnt
|faint|p2a: Shaymin
|
|callback|decision
|
|switch|p2a: Tyranitar|Tyranitar, M, shiny|404\/404
|-damage|p2a: Tyranitar|354\/404|[from] Stealth Rock
|-weather|Sandstorm
|turn|23
|callback|decision
|
|move|p1a: Caccapesce|Earthquake|p2a: Tyranitar
|-supereffective|p2a: Tyranitar
|-damage|p2a: Tyranitar|0 fnt
|faint|p2a: Tyranitar
|
|win|ShadiBlizzard
|raw|Ladder updating...
|chat|ShadiBlizzard|gg
|chat|awesomness|got so lucky
|chat|awesomness|gg
|raw|ShadiBlizzard's rating: 1273 &rarr; <strong>1298<\/strong><br \/>(+25 for winning)
|raw|awesomness's rating: 1275 &rarr; <strong>1250<\/strong><br \/>(-25 for losing)
|leave|awesomness
|player|p2