|join|awesomness
|join|Alexbc
|player|p1|awesomness|161
|player|p2|Alexbc|169
|gametype|singles
|gen|6
|tier|OU
|rated
|clearpoke
|poke|p1|Rotom-Wash, shiny
|poke|p1|Azumarill, F, shiny
|poke|p1|Terrakion, shiny
|poke|p1|Klefki, F, shiny
|poke|p1|Venusaur, M, shiny
|poke|p1|Volcarona, M, shiny
|poke|p2|Landorus-Therian, M
|poke|p2|Gengar, M
|poke|p2|Heatran, M
|poke|p2|Azumarill, F
|poke|p2|Forretress, M
|poke|p2|Venusaur, M
|rule|Sleep Clause Mod: Limit one foe put to sleep
|rule|Species Clause: Limit one of each Pokemon
|rule|OHKO Clause: OHKO moves are banned
|rule|Moody Clause: Moody is banned
|rule|Evasion Moves Clause: Evasion moves are banned
|rule|Endless Battle Clause: Forcing endless battles is banned.
|rule|HP Percentage Mod: HP is reported as percentages
|teampreview
|callback|decision
|
|start
|switch|p1a: Azumarill|Azumarill, F, shiny|404\/404
|switch|p2a: Landorus-Therian|Landorus-Therian, M|320\/320
|-ability|p2a: Landorus-Therian|Intimidate|[of] p1a: Azumarill
|-unboost|p1a: Azumarill|atk|1
|turn|1
|callback|decision
|
|switch|p2a: Venusaur|Venusaur, M|364\/364
|move|p1a: Azumarill|Ice Punch|p2a: Venusaur
|-supereffective|p2a: Venusaur
|-damage|p2a: Venusaur|178\/364
|
|turn|2
|callback|decision
|
|switch|p1a: Volcarona|Volcarona, M, shiny|311\/311
|-formechange|p2a: Venusaur|Venusaur-Mega
|message|Venusaur has Mega Evolved into Mega Venusaur!
|move|p2a: Venusaur|Synthesis|p2a: Venusaur
|-heal|p2a: Venusaur|360\/364
|
|turn|3
|callback|decision
|
|move|p1a: Volcarona|Fiery Dance|p2a: Venusaur
|-supereffective|p2a: Venusaur
|-damage|p2a: Venusaur|196\/364
|-damage|p1a: Volcarona|280\/311|[from] item: Life Orb
|move|p2a: Venusaur|Toxic|p1a: Volcarona
|-status|p1a: Volcarona|tox
|
|-damage|p1a: Volcarona|261\/311 tox|[from] psn
|turn|4
|callback|decision
|
|switch|p2a: Heatran|Heatran, M|386\/386
|move|p1a: Volcarona|Fiery Dance|p2a: Heatran
|-start|p2a: Heatran|ability: Flash Fire
|
|-damage|p1a: Volcarona|223\/311 tox|[from] psn
|turn|5
|callback|decision
|
|move|p1a: Volcarona|Hidden Power|p2a: Heatran
|-supereffective|p2a: Heatran
|-damage|p2a: Heatran|95\/386
|-damage|p1a: Volcarona|192\/311 tox|[from] item: Life Orb
|move|p2a: Heatran|Lava Plume|p1a: Volcarona
|-damage|p1a: Volcarona|9\/311 tox
|
|-heal|p2a: Heatran|119\/386|[from] item: Leftovers
|-damage|p1a: Volcarona|0 fnt|[from] psn
|faint|p1a: Volcarona
|callback|decision
|
|switch|p1a: Terrakion|Terrakion, shiny|323\/323
|turn|6
|callback|decision
|
|move|p2a: Heatran|Protect|p2a: Heatran
|-singleturn|p2a: Heatran|Protect
|move|p1a: Terrakion|Earthquake|p2a: Heatran
|-activate|p2a: Heatran|Protect
|
|-heal|p2a: Heatran|143\/386|[from] item: Leftovers
|turn|7
|callback|decision
|
|switch|p2a: Landorus-Therian|Landorus-Therian, M|320\/320
|-ability|p2a: Landorus-Therian|Intimidate|[of] p1a: Terrakion
|-unboost|p1a: Terrakion|atk|1
|move|p1a: Terrakion|Stone Edge|p2a: Landorus-Therian
|-damage|p2a: Landorus-Therian|202\/320
|
|-heal|p2a: Landorus-Therian|222\/320|[from] item: Leftovers
|turn|8
|callback|decision
|
|switch|p1a: Rotom-Wash|Rotom-Wash, shiny|304\/304
|move|p2a: Landorus-Therian|Stealth Rock|p1a: Rotom-Wash
|-sidestart|p1: awesomness|move: Stealth Rock
|
|-heal|p2a: Landorus-Therian|242\/320|[from] item: Leftovers
|turn|9
|callback|decision
|
|move|p2a: Landorus-Therian|U-turn|p1a: Rotom-Wash
|-damage|p1a: Rotom-Wash|214\/304
|callback|decision
|
|switch|p2a: Venusaur|Venusaur, M|196\/364
|-formechange|p2a: Venusaur|Venusaur-Mega
|move|p1a: Rotom-Wash|Hydro Pump|p2a: Venusaur
|-resisted|p2a: Venusaur
|-damage|p2a: Venusaur|143\/364
|
|turn|10
|callback|decision
|
|move|p1a: Rotom-Wash|Will-O-Wisp|p2a: Venusaur
|-status|p2a: Venusaur|brn
|move|p2a: Venusaur|Synthesis|p2a: Venusaur
|-heal|p2a: Venusaur|325\/364 brn
|
|-damage|p2a: Venusaur|280\/364 brn|[from] brn
|turn|11
|callback|decision
|
|move|p1a: Rotom-Wash|Volt Switch|p2a: Venusaur
|-resisted|p2a: Venusaur
|-damage|p2a: Venusaur|246\/364 brn
|callback|decision
|
|switch|p1a: Klefki|Klefki, F, shiny|318\/318
|-damage|p1a: Klefki|299\/318|[from] Stealth Rock
|move|p2a: Venusaur|Leech Seed|p1a: Klefki
|-start|p1a: Klefki|move: Leech Seed
|
|-heal|p1a: Klefki|318\/318|[from] item: Leftovers
|-damage|p1a: Klefki|279\/318|[from] Leech Seed|[of] p2a: Venusaur
|-heal|p2a: Venusaur|285\/364 brn|[silent]
|-damage|p2a: Venusaur|240\/364 brn|[from] brn
|turn|12
|callback|decision
|
|move|p1a: Klefki|Swagger|p2a: Venusaur
|-boost|p2a: Venusaur|atk|2
|-start|p2a: Venusaur|confusion
|-activate|p2a: Venusaur|confusion
|move|p2a: Venusaur|Synthesis|p2a: Venusaur
|-heal|p2a: Venusaur|364\/364 brn
|
|-heal|p1a: Klefki|298\/318|[from] item: Leftovers
|-damage|p1a: Klefki|259\/318|[from] Leech Seed|[of] p2a: Venusaur
|-damage|p2a: Venusaur|319\/364 brn|[from] brn
|turn|13
|callback|decision
|
|switch|p2a: Landorus-Therian|Landorus-Therian, M|242\/320
|-ability|p2a: Landorus-Therian|Intimidate|[of] p1a: Klefki
|-unboost|p1a: Klefki|atk|1
|switch|p1a: Venusaur|Venusaur, M, shiny|364\/364
|-damage|p1a: Venusaur|319\/364|[from] Stealth Rock
|
|-heal|p2a: Landorus-Therian|262\/320|[from] item: Leftovers
|turn|14
|callback|decision
|
|-formechange|p1a: Venusaur|Venusaur-Mega
|message|Venusaur has Mega Evolved into Mega Venusaur!
|move|p2a: Landorus-Therian|Earthquake|p1a: Venusaur
|-damage|p1a: Venusaur|198\/364
|move|p1a: Venusaur|Sleep Powder|p2a: Landorus-Therian
|-status|p2a: Landorus-Therian|slp
|
|-heal|p2a: Landorus-Therian|282\/320 slp|[from] item: Leftovers
|turn|15
|callback|decision
|
|switch|p2a: Venusaur|Venusaur, M|319\/364 brn
|-formechange|p2a: Venusaur|Venusaur-Mega
|move|p1a: Venusaur|Giga Drain|p2a: Venusaur
|-resisted|p2a: Venusaur
|-damage|p2a: Venusaur|297\/364 brn
|-heal|p1a: Venusaur|209\/364|[from] drain|[of] p2a: Venusaur
|
|-damage|p2a: Venusaur|252\/364 brn|[from] brn
|turn|16
|callback|decision
|
|move|p1a: Venusaur|Sludge Bomb|p2a: Venusaur
|-damage|p2a: Venusaur|161\/364 brn
|move|p2a: Venusaur|Synthesis|p2a: Venusaur
|-heal|p2a: Venusaur|343\/364 brn
|
|-damage|p2a: Venusaur|298\/364 brn|[from] brn
|turn|17
|callback|decision
|
|switch|p2a: Heatran|Heatran, M|143\/386
|move|p1a: Venusaur|Sludge Bomb|p2a: Heatran
|-immune|p2a: Heatran|[msg]
|
|-heal|p2a: Heatran|167\/386|[from] item: Leftovers
|turn|18
|callback|decision
|
|move|p1a: Venusaur|Leech Seed|p2a: Heatran
|-start|p2a: Heatran|move: Leech Seed
|move|p2a: Heatran|Lava Plume|p1a: Venusaur
|-supereffective|p1a: Venusaur
|-damage|p1a: Venusaur|101\/364
|
|-heal|p2a: Heatran|191\/386|[from] item: Leftovers
|-damage|p2a: Heatran|143\/386|[from] Leech Seed|[of] p1a: Venusaur
|-heal|p1a: Venusaur|149\/364|[silent]
|turn|19
|callback|decision
|
|switch|p2a: Landorus-Therian|Landorus-Therian, M|282\/320 slp
|-ability|p2a: Landorus-Therian|Intimidate|[of] p1a: Venusaur
|-unboost|p1a: Venusaur|atk|1
|move|p1a: Venusaur|Giga Drain|p2a: Landorus-Therian
|-damage|p2a: Landorus-Therian|161\/320 slp
|-heal|p1a: Venusaur|210\/364|[from] drain|[of] p2a: Landorus-Therian
|
|-heal|p2a: Landorus-Therian|181\/320 slp|[from] item: Leftovers
|turn|20
|callback|decision
|
|switch|p2a: Heatran|Heatran, M|143\/386
|move|p1a: Venusaur|Giga Drain|p2a: Heatran
|-resisted|p2a: Heatran
|-damage|p2a: Heatran|125\/386
|-heal|p1a: Venusaur|219\/364|[from] drain|[of] p2a: Heatran
|
|-heal|p2a: Heatran|149\/386|[from] item: Leftovers
|turn|21
|callback|decision
|
|move|p1a: Venusaur|Leech Seed|p2a: Heatran
|-start|p2a: Heatran|move: Leech Seed
|move|p2a: Heatran|Lava Plume|p1a: Venusaur
|-supereffective|p1a: Venusaur
|-damage|p1a: Venusaur|117\/364
|-status|p1a: Venusaur|brn
|
|-heal|p2a: Heatran|173\/386|[from] item: Leftovers
|-damage|p2a: Heatran|125\/386|[from] Leech Seed|[of] p1a: Venusaur
|-heal|p1a: Venusaur|165\/364 brn|[silent]
|-damage|p1a: Venusaur|120\/364 brn|[from] brn
|turn|22
|callback|decision
|
|switch|p2a: Venusaur|Venusaur, M|298\/364 brn
|-formechange|p2a: Venusaur|Venusaur-Mega
|move|p1a: Venusaur|Giga Drain|p2a: Venusaur
|-resisted|p2a: Venusaur
|-damage|p2a: Venusaur|279\/364 brn
|-heal|p1a: Venusaur|130\/364 brn|[from] drain|[of] p2a: Venusaur
|
|-damage|p2a: Venusaur|234\/364 brn|[from] brn
|-damage|p1a: Venusaur|85\/364 brn|[from] brn
|turn|23
|callback|decision
|
|move|p1a: Venusaur|Sludge Bomb|p2a: Venusaur
|-damage|p2a: Venusaur|132\/364 brn
|move|p2a: Venusaur|Synthesis|p2a: Venusaur
|-heal|p2a: Venusaur|314\/364 brn
|
|-damage|p1a: Venusaur|40\/364 brn|[from] brn
|-damage|p2a: Venusaur|269\/364 brn|[from] brn
|turn|24
|callback|decision
|
|switch|p2a: Heatran|Heatran, M|125\/386
|move|p1a: Venusaur|Sleep Powder|p2a: Heatran
|-message|Sleep Clause Mod activated.
|-fail|p2a: Heatran
|
|-heal|p2a: Heatran|149\/386|[from] item: Leftovers
|-damage|p1a: Venusaur|0 fnt|[from] brn
|faint|p1a: Venusaur
|callback|decision
|
|switch|p1a: Terrakion|Terrakion, shiny|323\/323
|-damage|p1a: Terrakion|303\/323|[from] Stealth Rock
|turn|25
|callback|decision
|
|move|p2a: Heatran|Protect|p2a: Heatran
|-singleturn|p2a: Heatran|Protect
|move|p1a: Terrakion|Stone Edge|p2a: Heatran
|-activate|p2a: Heatran|Protect
|
|-heal|p1a: Terrakion|323\/323|[from] item: Leftovers
|-heal|p2a: Heatran|173\/386|[from] item: Leftovers
|turn|26
|callback|decision
|
|switch|p2a: Landorus-Therian|Landorus-Therian, M|181\/320 slp
|-ability|p2a: Landorus-Therian|Intimidate|[of] p1a: Terrakion
|-unboost|p1a: Terrakion|atk|1
|move|p1a: Terrakion|Close Combat|p2a: Landorus-Therian
|-resisted|p2a: Landorus-Therian
|-damage|p2a: Landorus-Therian|108\/320 slp
|-unboost|p1a: Terrakion|def|1
|-unboost|p1a: Terrakion|spd|1
|
|-heal|p2a: Landorus-Therian|128\/320 slp|[from] item: Leftovers
|turn|27
|callback|decision
|
|move|p1a: Terrakion|Stone Edge|p2a: Landorus-Therian
|-damage|p2a: Landorus-Therian|8\/320 slp
|cant|p2a: Landorus-Therian|slp
|
|-heal|p2a: Landorus-Therian|28\/320 slp|[from] item: Leftovers
|turn|28
|callback|decision
|
|switch|p2a: Forretress|Forretress, M|354\/354
|move|p1a: Terrakion|Close Combat|p2a: Forretress
|-damage|p2a: Forretress|275\/354
|-unboost|p1a: Terrakion|def|1
|-unboost|p1a: Terrakion|spd|1
|
|-heal|p2a: Forretress|297\/354|[from] item: Leftovers
|turn|29
|callback|decision
|
|switch|p1a: Azumarill|Azumarill, F, shiny|404\/404
|-damage|p1a: Azumarill|354\/404|[from] Stealth Rock
|move|p2a: Forretress|Volt Switch|p1a: Azumarill
|-crit|p1a: Azumarill
|-supereffective|p1a: Azumarill
|-damage|p1a: Azumarill|232\/404
|callback|decision
|
|switch|p2a: Venusaur|Venusaur, M|269\/364 brn
|-formechange|p2a: Venusaur|Venusaur-Mega
|
|-damage|p2a: Venusaur|224\/364 brn|[from] brn
|turn|30
|callback|decision
|
|move|p2a: Venusaur|Leech Seed|p1a: Azumarill
|-start|p1a: Azumarill|move: Leech Seed
|move|p1a: Azumarill|Ice Punch|p2a: Venusaur
|-supereffective|p2a: Venusaur
|-damage|p2a: Venusaur|116\/364 brn
|
|-damage|p1a: Azumarill|182\/404|[from] Leech Seed|[of] p2a: Venusaur
|-heal|p2a: Venusaur|166\/364 brn|[silent]
|-damage|p2a: Venusaur|121\/364 brn|[from] brn
|turn|31
|callback|decision
|
|move|p2a: Venusaur|Synthesis|p2a: Venusaur
|-heal|p2a: Venusaur|303\/364 brn
|move|p1a: Azumarill|Ice Punch|p2a: Venusaur
|-supereffective|p2a: Venusaur
|-damage|p2a: Venusaur|185\/364 brn
|
|-damage|p1a: Azumarill|132\/404|[from] Leech Seed|[of] p2a: Venusaur
|-heal|p2a: Venusaur|235\/364 brn|[silent]
|-damage|p2a: Venusaur|190\/364 brn|[from] brn
|turn|32
|callback|decision
|
|switch|p1a: Klefki|Klefki, F, shiny|259\/318
|-damage|p1a: Klefki|240\/318|[from] Stealth Rock
|move|p2a: Venusaur|Giga Drain|p1a: Klefki
|-resisted|p1a: Klefki
|-damage|p1a: Klefki|184\/318
|-heal|p2a: Venusaur|218\/364 brn|[from] drain|[of] p1a: Klefki
|
|-heal|p1a: Klefki|203\/318|[from] item: Leftovers
|-damage|p2a: Venusaur|173\/364 brn|[from] brn
|turn|33
|callback|decision
|
|move|p1a: Klefki|Swagger|p2a: Venusaur
|-boost|p2a: Venusaur|atk|2
|-start|p2a: Venusaur|confusion
|-activate|p2a: Venusaur|confusion
|move|p2a: Venusaur|Leech Seed|p1a: Klefki
|-start|p1a: Klefki|move: Leech Seed
|
|-heal|p1a: Klefki|222\/318|[from] item: Leftovers
|-damage|p1a: Klefki|183\/318|[from] Leech Seed|[of] p2a: Venusaur
|-heal|p2a: Venusaur|212\/364 brn|[silent]
|-damage|p2a: Venusaur|167\/364 brn|[from] brn
|turn|34
|callback|decision
|
|switch|p2a: Landorus-Therian|Landorus-Therian, M|28\/320 slp
|-ability|p2a: Landorus-Therian|Intimidate|[of] p1a: Klefki
|-unboost|p1a: Klefki|atk|1
|move|p1a: Klefki|Swagger|p2a: Landorus-Therian
|-boost|p2a: Landorus-Therian|atk|2
|-start|p2a: Landorus-Therian|confusion
|
|-heal|p2a: Landorus-Therian|48\/320 slp|[from] item: Leftovers
|-heal|p1a: Klefki|202\/318|[from] item: Leftovers
|-damage|p1a: Klefki|163\/318|[from] Leech Seed|[of] p2a: Landorus-Therian
|-heal|p2a: Landorus-Therian|87\/320 slp|[silent]
|turn|35
|callback|decision
|
|cant|p2a: Landorus-Therian|slp
|move|p1a: Klefki|Foul Play|p2a: Landorus-Therian
|-damage|p2a: Landorus-Therian|0 fnt
|faint|p2a: Landorus-Therian
|
|-heal|p1a: Klefki|182\/318|[from] item: Leftovers
|callback|decision
|
|switch|p2a: Heatran|Heatran, M|173\/386
|turn|36
|callback|decision
|
|move|p1a: Klefki|Swagger|p2a: Heatran
|-boost|p2a: Heatran|atk|2
|-start|p2a: Heatran|confusion
|-activate|p2a: Heatran|confusion
|move|p2a: Heatran|Lava Plume|p1a: Klefki
|-supereffective|p1a: Klefki
|-damage|p1a: Klefki|0 fnt
|faint|p1a: Klefki
|
|-heal|p2a: Heatran|197\/386|[from] item: Leftovers
|callback|decision
|
|switch|p1a: Terrakion|Terrakion, shiny|323\/323
|-damage|p1a: Terrakion|303\/323|[from] Stealth Rock
|turn|37
|callback|decision
|
|switch|p2a: Forretress|Forretress, M|297\/354
|move|p1a: Terrakion|Stone Edge|p2a: Forretress|[miss]
|-miss|p1a: Terrakion|p2a: Forretress
|
|-heal|p1a: Terrakion|323\/323|[from] item: Leftovers
|-heal|p2a: Forretress|319\/354|[from] item: Leftovers
|turn|38
|callback|decision
|
|move|p1a: Terrakion|Stone Edge|p2a: Forretress
|-crit|p2a: Forretress
|-damage|p2a: Forretress|165\/354
|move|p2a: Forretress|Gyro Ball|p1a: Terrakion
|-supereffective|p1a: Terrakion
|-damage|p1a: Terrakion|47\/323
|
|-heal|p1a: Terrakion|67\/323|[from] item: Leftovers
|-heal|p2a: Forretress|187\/354|[from] item: Leftovers
|turn|39
|callback|decision
|
|move|p1a: Terrakion|Close Combat|p2a: Forretress
|-damage|p2a: Forretress|76\/354
|-unboost|p1a: Terrakion|def|1
|-unboost|p1a: Terrakion|spd|1
|move|p2a: Forretress|Volt Switch|p1a: Terrakion
|-damage|p1a: Terrakion|4\/323
|callback|decision
|
|switch|p2a: Azumarill|Azumarill, F|404\/404
|
|-heal|p1a: Terrakion|24\/323|[from] item: Leftovers
|turn|40
|callback|decision
|
|move|p2a: Azumarill|Aqua Jet|p1a: Terrakion
|-supereffective|p1a: Terrakion
|-damage|p1a: Terrakion|0 fnt
|faint|p1a: Terrakion
|
|callback|decision
|
|switch|p1a: Rotom-Wash|Rotom-Wash, shiny|214\/304
|-damage|p1a: Rotom-Wash|176\/304|[from] Stealth Rock
|turn|41
|callback|decision
|
|switch|p2a: Venusaur|Venusaur, M|167\/364 brn
|-formechange|p2a: Venusaur|Venusaur-Mega
|move|p1a: Rotom-Wash|Will-O-Wisp|p2a: Venusaur
|-fail|p2a: Venusaur|brn
|
|-damage|p2a: Venusaur|122\/364 brn|[from] brn
|turn|42
|callback|decision
|
|move|p1a: Rotom-Wash|Hydro Pump|p2a: Venusaur|[miss]
|-miss|p1a: Rotom-Wash|p2a: Venusaur
|move|p2a: Venusaur|Synthesis|p2a: Venusaur
|-heal|p2a: Venusaur|304\/364 brn
|
|-damage|p2a: Venusaur|259\/364 brn|[from] brn
|turn|43
|callback|decision
|
|move|p1a: Rotom-Wash|Volt Switch|p2a: Venusaur
|-resisted|p2a: Venusaur
|-damage|p2a: Venusaur|225\/364 brn
|callback|decision
|
|switch|p1a: Azumarill|Azumarill, F, shiny|132\/404
|-damage|p1a: Azumarill|82\/404|[from] Stealth Rock
|move|p2a: Venusaur|Giga Drain|p1a: Azumarill
|-supereffective|p1a: Azumarill
|-damage|p1a: Azumarill|0 fnt
|-heal|p2a: Venusaur|266\/364 brn|[from] drain|[of] p1a: Azumarill
|faint|p1a: Azumarill
|
|-damage|p2a: Venusaur|221\/364 brn|[from] brn
|callback|decision
|chat|awesomness|gg
|chat|Alexbc|gg
|
|switch|p1a: Rotom-Wash|Rotom-Wash, shiny|176\/304
|-damage|p1a: Rotom-Wash|138\/304|[from] Stealth Rock
|turn|44
|callback|decision
|
|move|p1a: Rotom-Wash|Hydro Pump|p2a: Venusaur
|-resisted|p2a: Venusaur
|-damage|p2a: Venusaur|171\/364 brn
|move|p2a: Venusaur|Giga Drain|p1a: Rotom-Wash
|-supereffective|p1a: Rotom-Wash
|-damage|p1a: Rotom-Wash|0 fnt
|-heal|p2a: Venusaur|240\/364 brn|[from] drain|[of] p1a: Rotom-Wash
|faint|p1a: Rotom-Wash
|
|win|Alexbc
|raw|Ladder updating...
|raw|awesomness's rating: 1355 &rarr; <strong>1333<\/strong><br \/>(-22 for losing)
|raw|Alexbc's rating: 1390 &rarr; <strong>1412<\/strong><br \/>(+22 for winning)