|join|awesomness
|join|nitewalker_J
|player|p1|awesomness|1
|player|p2|nitewalker_J|260
|gametype|singles
|gen|6
|tier|OU
|rated
|clearpoke
|poke|p1|Infernape, M, shiny
|poke|p1|Latios, M, shiny
|poke|p1|Azumarill, M, shiny
|poke|p1|Tyranitar, F, shiny
|poke|p1|Garchomp, F, shiny
|poke|p1|Roserade, M, shiny
|poke|p2|Garchomp, M
|poke|p2|Conkeldurr, F
|poke|p2|Tornadus-Therian, M
|poke|p2|Ferrothorn, M
|poke|p2|Sylveon, M
|poke|p2|Rotom-Heat
|rule|Sleep Clause Mod: Limit one foe put to sleep
|rule|Species Clause: Limit one of each Pokemon
|rule|OHKO Clause: OHKO moves are banned
|rule|Moody Clause: Moody is banned
|rule|Evasion Moves Clause: Evasion moves are banned
|rule|Endless Battle Clause: Forcing endless battles is banned.
|rule|HP Percentage Mod: HP is reported as percentages
|teampreview
|
|start
|switch|p1a: Monkey Boy|Infernape, M, shiny|293\/293
|switch|p2a: Shaky|Tornadus-Therian, M|299\/299
|turn|1
|
|move|p2a: Shaky|Hurricane|p1a: Monkey Boy
|-supereffective|p1a: Monkey Boy
|-enditem|p1a: Monkey Boy|Focus Sash
|-damage|p1a: Monkey Boy|1\/293
|-start|p1a: Monkey Boy|confusion
|-damage|p2a: Shaky|270\/299|[from] item: Life Orb
|-activate|p1a: Monkey Boy|confusion
|-damage|p1a: Monkey Boy|0 fnt|[from] confusion
|faint|p1a: Monkey Boy
|
|
|switch|p1a: Godzilla|Tyranitar, F, shiny|342\/342
|-weather|Sandstorm
|turn|2
|
|-formechange|p1a: Godzilla|Tyranitar-Mega
|message|Tyranitar has Mega Evolved into Mega Tyranitar!
|move|p2a: Shaky|U-turn|p1a: Godzilla
|-supereffective|p1a: Godzilla
|-damage|p1a: Godzilla|241\/342
|-damage|p2a: Shaky|241\/299|[from] item: Life Orb
|
|switch|p2a: BROS (c)|Conkeldurr, F|414\/414
|move|p1a: Godzilla|Dragon Dance|p1a: Godzilla
|-boost|p1a: Godzilla|atk|1
|-boost|p1a: Godzilla|spe|1
|
|-weather|Sandstorm|[upkeep]
|-damage|p2a: BROS (c)|389\/414|[from] sandstorm
|-heal|p2a: BROS (c)|414\/414|[from] item: Leftovers
|turn|3
|
|switch|p1a: Desruction God|Azumarill, M, shiny|404\/404
|move|p2a: BROS (c)|Bulk Up|p2a: BROS (c)
|-boost|p2a: BROS (c)|atk|1
|-boost|p2a: BROS (c)|def|1
|
|-weather|Sandstorm|[upkeep]
|-damage|p1a: Desruction God|379\/404|[from] sandstorm
|-damage|p2a: BROS (c)|389\/414|[from] sandstorm
|-heal|p2a: BROS (c)|414\/414|[from] item: Leftovers
|turn|4
|
|move|p1a: Desruction God|Play Rough|p2a: BROS (c)
|-supereffective|p2a: BROS (c)
|-damage|p2a: BROS (c)|0 fnt
|faint|p2a: BROS (c)
|
|-weather|Sandstorm|[upkeep]
|-damage|p1a: Desruction God|354\/404|[from] sandstorm
|chat|nitewalker_J|OMG
|
|switch|p2a: Handle with Care|Ferrothorn, M|352\/352
|turn|5
|chat|nitewalker_J|banded
|
|switch|p1a: BossChomp|Garchomp, F, shiny|358\/358
|move|p2a: Handle with Care|Stealth Rock|p1a: BossChomp
|-sidestart|p1: awesomness|move: Stealth Rock
|
|-weather|Sandstorm|[upkeep]
|turn|6
|chat|awesomness|yep
|
|move|p1a: BossChomp|Fire Fang|p2a: Handle with Care
|-supereffective|p2a: Handle with Care
|-damage|p2a: Handle with Care|152\/352
|-damage|p1a: BossChomp|314\/358|[from] ability: Iron Barbs|[of] p2a: Handle with Care
|-damage|p1a: BossChomp|255\/358|[from] item: Rocky Helmet|[of] p2a: Handle with Care
|move|p2a: Handle with Care|Leech Seed|p1a: BossChomp
|-start|p1a: BossChomp|move: Leech Seed
|
|-weather|none
|-heal|p1a: BossChomp|277\/358|[from] item: Leftovers
|-damage|p1a: BossChomp|233\/358|[from] Leech Seed|[of] p2a: Handle with Care
|-heal|p2a: Handle with Care|196\/352|[silent]
|turn|7
|
|switch|p1a: Desruction God|Azumarill, M, shiny|354\/404
|-damage|p1a: Desruction God|304\/404|[from] Stealth Rock
|move|p2a: Handle with Care|Protect|p2a: Handle with Care
|-fail|p2a: Handle with Care
|
|turn|8
|
|move|p1a: Desruction God|Superpower|p2a: Handle with Care
|-supereffective|p2a: Handle with Care
|-damage|p2a: Handle with Care|0 fnt
|-damage|p1a: Desruction God|254\/404|[from] ability: Iron Barbs|[of] p2a: Handle with Care
|-damage|p1a: Desruction God|187\/404|[from] item: Rocky Helmet|[of] p2a: Handle with Care
|-unboost|p1a: Desruction God|atk|1
|-unboost|p1a: Desruction God|def|1
|faint|p2a: Handle with Care
|
|
|switch|p2a: Dragon Slayer|Sylveon, M|394\/394
|turn|9
|
|switch|p1a: Rose Ninja|Roserade, M, shiny|324\/324
|-damage|p1a: Rose Ninja|284\/324|[from] Stealth Rock
|move|p2a: Dragon Slayer|Wish|p2a: Dragon Slayer
|
|-heal|p1a: Rose Ninja|304\/324|[from] item: Black Sludge
|turn|10
|
|move|p1a: Rose Ninja|Sludge Bomb|p2a: Dragon Slayer
|-supereffective|p2a: Dragon Slayer
|-damage|p2a: Dragon Slayer|194\/394
|-status|p2a: Dragon Slayer|psn
|move|p2a: Dragon Slayer|Shadow Ball|p1a: Rose Ninja
|-damage|p1a: Rose Ninja|260\/324
|
|-heal|p2a: Dragon Slayer|391\/394 psn|[from] move: Wish|[wisher] Dragon Slayer
|-heal|p1a: Rose Ninja|280\/324|[from] item: Black Sludge
|-heal|p2a: Dragon Slayer|394\/394 psn|[from] item: Leftovers
|-damage|p2a: Dragon Slayer|345\/394 psn|[from] psn
|turn|11
|
|move|p1a: Rose Ninja|Sludge Bomb|p2a: Dragon Slayer
|-supereffective|p2a: Dragon Slayer
|-damage|p2a: Dragon Slayer|129\/394 psn
|move|p2a: Dragon Slayer|Wish|p2a: Dragon Slayer
|
|-heal|p1a: Rose Ninja|300\/324|[from] item: Black Sludge
|-heal|p2a: Dragon Slayer|153\/394 psn|[from] item: Leftovers
|-damage|p2a: Dragon Slayer|104\/394 psn|[from] psn
|turn|12
|
|switch|p2a: Assault Vest|Garchomp, M|405\/405
|move|p1a: Rose Ninja|Sludge Bomb|p2a: Assault Vest
|-resisted|p2a: Assault Vest
|-damage|p2a: Assault Vest|318\/405
|
|-heal|p2a: Assault Vest|405\/405|[from] move: Wish|[wisher] Dragon Slayer
|-heal|p1a: Rose Ninja|320\/324|[from] item: Black Sludge
|turn|13
|
|-formechange|p2a: Assault Vest|Garchomp-Mega
|message|Garchomp has Mega Evolved into Mega Garchomp!
|move|p2a: Assault Vest|Substitute|p2a: Assault Vest
|-start|p2a: Assault Vest|Substitute
|-damage|p2a: Assault Vest|304\/405
|move|p1a: Rose Ninja|Toxic|p2a: Assault Vest
|
|-heal|p1a: Rose Ninja|324\/324|[from] item: Black Sludge
|turn|14
|
|move|p2a: Assault Vest|Earthquake|p1a: Rose Ninja
|-damage|p1a: Rose Ninja|12\/324
|move|p1a: Rose Ninja|Giga Drain|p2a: Assault Vest
|-end|p2a: Assault Vest|Substitute
|-heal|p1a: Rose Ninja|63\/324|[from] drain|[of] p2a: Assault Vest
|
|-heal|p1a: Rose Ninja|83\/324|[from] item: Black Sludge
|turn|15
|
|move|p2a: Assault Vest|Substitute|p2a: Assault Vest
|-start|p2a: Assault Vest|Substitute
|-damage|p2a: Assault Vest|203\/405
|move|p1a: Rose Ninja|Giga Drain|p2a: Assault Vest
|-end|p2a: Assault Vest|Substitute
|-heal|p1a: Rose Ninja|134\/324|[from] drain|[of] p2a: Assault Vest
|
|-heal|p1a: Rose Ninja|154\/324|[from] item: Black Sludge
|turn|16
|
|move|p2a: Assault Vest|Dragon Claw|p1a: Rose Ninja
|-damage|p1a: Rose Ninja|0 fnt
|faint|p1a: Rose Ninja
|
|
|switch|p1a: Soul Dragon|Latios, M, shiny|302\/302
|-damage|p1a: Soul Dragon|265\/302|[from] Stealth Rock
|turn|17
|
|switch|p2a: Dragon Slayer|Sylveon, M|104\/394 psn
|move|p1a: Soul Dragon|Draco Meteor|p2a: Dragon Slayer
|-immune|p2a: Dragon Slayer|[msg]
|
|-heal|p2a: Dragon Slayer|128\/394 psn|[from] item: Leftovers
|-damage|p2a: Dragon Slayer|79\/394 psn|[from] psn
|turn|18
|
|move|p1a: Soul Dragon|Psychic|p2a: Dragon Slayer
|-damage|p2a: Dragon Slayer|0 fnt
|-damage|p1a: Soul Dragon|235\/302|[from] item: Life Orb
|faint|p2a: Dragon Slayer
|
|
|switch|p2a: Shaky|Tornadus-Therian, M|299\/299
|turn|19
|
|move|p2a: Shaky|Knock Off|p1a: Soul Dragon
|-supereffective|p1a: Soul Dragon
|-damage|p1a: Soul Dragon|0 fnt
|-damage|p2a: Shaky|270\/299|[from] item: Life Orb
|faint|p1a: Soul Dragon
|
|
|switch|p1a: Godzilla|Tyranitar, F, shiny|241\/342
|-formechange|p1a: Godzilla|Tyranitar-Mega
|-damage|p1a: Godzilla|199\/342|[from] Stealth Rock
|-weather|Sandstorm
|turn|20
|
|move|p2a: Shaky|U-turn|p1a: Godzilla
|-supereffective|p1a: Godzilla
|-damage|p1a: Godzilla|90\/342
|-damage|p2a: Shaky|241\/299|[from] item: Life Orb
|
|switch|p2a: Assault Vest|Garchomp, M|203\/405
|-formechange|p2a: Assault Vest|Garchomp-Mega
|move|p1a: Godzilla|Dragon Dance|p1a: Godzilla
|-boost|p1a: Godzilla|atk|1
|-boost|p1a: Godzilla|spe|1
|
|-weather|Sandstorm|[upkeep]
|turn|21
|
|move|p1a: Godzilla|Crunch|p2a: Assault Vest
|-damage|p2a: Assault Vest|0 fnt
|faint|p2a: Assault Vest
|
|-weather|Sandstorm|[upkeep]
|
|switch|p2a: Shaky|Tornadus-Therian, M|299\/299
|turn|22
|
|move|p2a: Shaky|Focus Blast|p1a: Godzilla
|-supereffective|p1a: Godzilla
|-damage|p1a: Godzilla|0 fnt
|-damage|p2a: Shaky|270\/299|[from] item: Life Orb
|faint|p1a: Godzilla
|
|-weather|Sandstorm|[upkeep]
|-damage|p2a: Shaky|252\/299|[from] sandstorm
|
|switch|p1a: Desruction God|Azumarill, M, shiny|187\/404
|-damage|p1a: Desruction God|137\/404|[from] Stealth Rock
|turn|23
|
|move|p2a: Shaky|Hurricane|p1a: Desruction God|[miss]
|-miss|p2a: Shaky|p1a: Desruction God
|move|p1a: Desruction God|Waterfall|p2a: Shaky
|-damage|p2a: Shaky|0 fnt
|faint|p2a: Shaky
|
|-weather|Sandstorm|[upkeep]
|-damage|p1a: Desruction God|112\/404|[from] sandstorm
|
|switch|p2a: Dual Armour|Rotom-Heat|303\/303
|turn|24
|
|move|p2a: Dual Armour|Volt Switch|p1a: Desruction God
|-supereffective|p1a: Desruction God
|-damage|p1a: Desruction God|0 fnt
|faint|p1a: Desruction God
|
|-weather|none
|
|switch|p1a: BossChomp|Garchomp, F, shiny|233\/358
|-damage|p1a: BossChomp|211\/358|[from] Stealth Rock
|turn|25
|
|move|p1a: BossChomp|Stone Edge|p2a: Dual Armour|[miss]
|-miss|p1a: BossChomp|p2a: Dual Armour
|move|p2a: Dual Armour|Will-O-Wisp|p1a: BossChomp
|-status|p1a: BossChomp|brn
|
|-heal|p1a: BossChomp|233\/358 brn|[from] item: Leftovers
|-damage|p1a: BossChomp|189\/358 brn|[from] brn
|turn|26
|chat|nitewalker_J|opps sry
|
|move|p1a: BossChomp|Stone Edge|p2a: Dual Armour
|-crit|p2a: Dual Armour
|-supereffective|p2a: Dual Armour
|-damage|p2a: Dual Armour|147\/303
|move|p2a: Dual Armour|Overheat|p1a: BossChomp
|-resisted|p1a: BossChomp
|-damage|p1a: BossChomp|96\/358 brn
|-unboost|p2a: Dual Armour|spa|2
|
|-heal|p1a: BossChomp|118\/358 brn|[from] item: Leftovers
|-heal|p2a: Dual Armour|165\/303|[from] item: Leftovers
|-damage|p1a: BossChomp|74\/358 brn|[from] brn
|turn|27
|
|move|p1a: BossChomp|Stone Edge|p2a: Dual Armour
|-supereffective|p2a: Dual Armour
|-damage|p2a: Dual Armour|63\/303
|move|p2a: Dual Armour|Overheat|p1a: BossChomp
|-resisted|p1a: BossChomp
|-damage|p1a: BossChomp|32\/358 brn
|-unboost|p2a: Dual Armour|spa|2
|
|-heal|p1a: BossChomp|54\/358 brn|[from] item: Leftovers
|-heal|p2a: Dual Armour|81\/303|[from] item: Leftovers
|-damage|p1a: BossChomp|10\/358 brn|[from] brn
|turn|28
|chat|nitewalker_J|gg
|chat|nitewalker_J|close game
|
|move|p1a: BossChomp|Stone Edge|p2a: Dual Armour|[miss]
|-miss|p1a: BossChomp|p2a: Dual Armour
|move|p2a: Dual Armour|Overheat|p1a: BossChomp
|-resisted|p1a: BossChomp
|-damage|p1a: BossChomp|0 fnt
|-unboost|p2a: Dual Armour|spa|2
|faint|p1a: BossChomp
|
|win|nitewalker_J
|raw|Ladder updating...
|raw|awesomness's rating: 1337 &rarr; <strong>1313<\/strong><br \/>(-24 for losing)
|raw|nitewalker_J's rating: 1341 &rarr; <strong>1366<\/strong><br \/>(+25 for winning)