|join|Ox the Box
|join|shot package
|player|p1|Ox the Box|201
|player|p2|shot package|265
|gametype|singles
|gen|6
|tier|OU
|rated
|clearpoke
|poke|p1|Keldeo
|poke|p1|Tyranitar, F
|poke|p1|Ferrothorn, M
|poke|p1|Landorus-Therian, M, shiny
|poke|p1|Celebi
|poke|p1|Scizor, M
|poke|p2|Keldeo
|poke|p2|Kyurem-Black
|poke|p2|Diancie
|poke|p2|Latios, M
|poke|p2|Landorus-Therian, M
|poke|p2|Talonflame, F
|rule|Swagger Clause: Swagger is banned
|rule|Baton Pass Clause: Limit one PokÃ©mon knowing Baton Pass
|rule|Sleep Clause Mod: Limit one foe put to sleep
|rule|Species Clause: Limit one of each PokÃ©mon
|rule|OHKO Clause: OHKO moves are banned
|rule|Moody Clause: Moody is banned
|rule|Evasion Moves Clause: Evasion moves are banned
|rule|Endless Battle Clause: Forcing endless battles is banned
|rule|HP Percentage Mod: HP is shown in percentages
|teampreview
|c|âOx the Box|glhf
|
|start
|switch|p1a: Celebi|Celebi|404\/404
|switch|p2a: Diancie|Diancie|241\/241
|turn|1
|
|switch|p2a: Kyurem-Black|Kyurem-Black|391\/391
|-ability|p2a: Kyurem-Black|Teravolt
|move|p1a: Celebi|Giga Drain|p2a: Kyurem-Black
|-resisted|p2a: Kyurem-Black
|-damage|p2a: Kyurem-Black|341\/391
|
|turn|2
|
|switch|p1a: Ferrothorn|Ferrothorn, M|352\/352
|move|p2a: Kyurem-Black|Ice Beam|p1a: Ferrothorn
|-damage|p1a: Ferrothorn|184\/352
|-status|p1a: Ferrothorn|frz
|-damage|p2a: Kyurem-Black|302\/391|[from] item: Life Orb
|
|-heal|p1a: Ferrothorn|206\/352 frz|[from] item: Leftovers
|turn|3
|
|move|p2a: Kyurem-Black|Ice Beam|p1a: Ferrothorn
|-damage|p1a: Ferrothorn|27\/352 frz
|-damage|p2a: Kyurem-Black|263\/391|[from] item: Life Orb
|cant|p1a: Ferrothorn|frz
|
|-heal|p1a: Ferrothorn|49\/352 frz|[from] item: Leftovers
|turn|4
|
|switch|p1a: Scizor|Scizor, M|343\/343
|move|p2a: Kyurem-Black|Ice Beam|p1a: Scizor
|-resisted|p1a: Scizor
|-damage|p1a: Scizor|238\/343
|-damage|p2a: Kyurem-Black|224\/391|[from] item: Life Orb
|
|turn|5
|
|switch|p2a: Landorus-Therian|Landorus-Therian, M|381\/381
|-ability|p2a: Landorus-Therian|Intimidate|[of] p1a: Scizor
|-unboost|p1a: Scizor|atk|1
|detailschange|p1a: Scizor|Scizor-Mega, M
|-mega|p1a: Scizor|Scizor|Scizorite
|move|p1a: Scizor|Knock Off|p2a: Landorus-Therian
|-damage|p2a: Landorus-Therian|318\/381
|-enditem|p2a: Landorus-Therian|Leftovers|[from] move: Knock Off|[of] p1a: Scizor
|
|turn|6
|
|switch|p1a: Keldeo|Keldeo|323\/323
|move|p2a: Landorus-Therian|Stealth Rock|p1a: Keldeo
|-sidestart|p1: Ox the Box|move: Stealth Rock
|
|turn|7
|
|switch|p2a: Latios|Latios, M|301\/301
|move|p1a: Keldeo|Substitute|p1a: Keldeo
|-start|p1a: Keldeo|Substitute
|-damage|p1a: Keldeo|243\/323
|
|-heal|p1a: Keldeo|263\/323|[from] item: Leftovers
|turn|8
|
|switch|p1a: Tyranitar|Tyranitar, F|341\/341
|-damage|p1a: Tyranitar|299\/341|[from] Stealth Rock
|-weather|Sandstorm
|move|p2a: Latios|Psyshock|p1a: Tyranitar
|-immune|p1a: Tyranitar|[msg]
|
|-weather|Sandstorm|[upkeep]
|-damage|p2a: Latios|283\/301|[from] sandstorm
|turn|9
|
|move|p1a: Tyranitar|Pursuit|p2a: Latios
|-supereffective|p2a: Latios
|-damage|p2a: Latios|115\/301
|move|p2a: Latios|Draco Meteor|p1a: Tyranitar
|-damage|p1a: Tyranitar|96\/341
|-unboost|p2a: Latios|spa|2
|-damage|p2a: Latios|85\/301|[from] item: Life Orb
|
|-weather|Sandstorm|[upkeep]
|-damage|p2a: Latios|67\/301|[from] sandstorm
|turn|10
|
|move|p1a: Tyranitar|Pursuit|p2a: Latios
|-supereffective|p2a: Latios
|-damage|p2a: Latios|0 fnt
|faint|p2a: Latios
|
|-weather|Sandstorm|[upkeep]
|
|switch|p2a: Diancie|Diancie|241\/241
|turn|11
|
|switch|p1a: Scizor|Scizor-Mega, M|238\/343
|-damage|p1a: Scizor|196\/343|[from] Stealth Rock
|detailschange|p2a: Diancie|Diancie-Mega
|-mega|p2a: Diancie|Diancie|Diancite
|move|p2a: Diancie|Moonblast|p1a: Scizor
|-resisted|p1a: Scizor
|-damage|p1a: Scizor|112\/343
|-unboost|p1a: Scizor|spa|1
|
|-weather|Sandstorm|[upkeep]
|turn|12
|
|move|p2a: Diancie|Hidden Power|p1a: Scizor
|-supereffective|p1a: Scizor
|-damage|p1a: Scizor|0 fnt
|faint|p1a: Scizor
|
|-weather|none
|
|switch|p1a: Celebi|Celebi|404\/404
|-damage|p1a: Celebi|354\/404|[from] Stealth Rock
|turn|13
|
|switch|p2a: Kyurem-Black|Kyurem-Black|224\/391
|-ability|p2a: Kyurem-Black|Teravolt
|move|p1a: Celebi|Stealth Rock|p2a: Kyurem-Black
|-sidestart|p2: shot package|move: Stealth Rock
|
|-heal|p1a: Celebi|379\/404|[from] item: Leftovers
|turn|14
|join|idarki
|
|switch|p1a: Ferrothorn|Ferrothorn, M|49\/352 frz
|-damage|p1a: Ferrothorn|27\/352 frz|[from] Stealth Rock
|move|p2a: Kyurem-Black|Roost|p2a: Kyurem-Black
|-heal|p2a: Kyurem-Black|391\/391
|
|-heal|p1a: Ferrothorn|49\/352 frz|[from] item: Leftovers
|turn|15
|
|move|p2a: Kyurem-Black|Ice Beam|p1a: Ferrothorn
|-damage|p1a: Ferrothorn|0 fnt
|-damage|p2a: Kyurem-Black|352\/391|[from] item: Life Orb
|faint|p1a: Ferrothorn
|
|
|switch|p1a: Tyranitar|Tyranitar, F|96\/341
|-damage|p1a: Tyranitar|54\/341|[from] Stealth Rock
|-weather|Sandstorm
|turn|16
|
|switch|p2a: Landorus-Therian|Landorus-Therian, M|318\/381
|-damage|p2a: Landorus-Therian|271\/381|[from] Stealth Rock
|-ability|p2a: Landorus-Therian|Intimidate|[of] p1a: Tyranitar
|-unboost|p1a: Tyranitar|atk|1
|move|p1a: Tyranitar|Stone Edge|p2a: Landorus-Therian
|-damage|p2a: Landorus-Therian|168\/381
|
|-weather|Sandstorm|[upkeep]
|turn|17
|
|move|p1a: Tyranitar|Stone Edge|p2a: Landorus-Therian
|-crit|p2a: Landorus-Therian
|-damage|p2a: Landorus-Therian|0 fnt
|faint|p2a: Landorus-Therian
|
|-weather|Sandstorm|[upkeep]
|
|switch|p2a: Diancie|Diancie-Mega|241\/241
|-damage|p2a: Diancie|211\/241|[from] Stealth Rock
|turn|18
|
|switch|p1a: Celebi|Celebi|379\/404
|-damage|p1a: Celebi|329\/404|[from] Stealth Rock
|move|p2a: Diancie|Moonblast|p1a: Celebi
|-damage|p1a: Celebi|191\/404
|
|-weather|Sandstorm|[upkeep]
|-damage|p1a: Celebi|166\/404|[from] sandstorm
|-heal|p1a: Celebi|191\/404|[from] item: Leftovers
|turn|19
|
|switch|p2a: Kyurem-Black|Kyurem-Black|352\/391
|-damage|p2a: Kyurem-Black|255\/391|[from] Stealth Rock
|-ability|p2a: Kyurem-Black|Teravolt
|move|p1a: Celebi|Recover|p1a: Celebi
|-heal|p1a: Celebi|393\/404
|
|-weather|Sandstorm|[upkeep]
|-damage|p2a: Kyurem-Black|231\/391|[from] sandstorm
|-damage|p1a: Celebi|368\/404|[from] sandstorm
|-heal|p1a: Celebi|393\/404|[from] item: Leftovers
|turn|20
|
|switch|p1a: Keldeo|Keldeo|263\/323
|-damage|p1a: Keldeo|243\/323|[from] Stealth Rock
|move|p2a: Kyurem-Black|Ice Beam|p1a: Keldeo
|-crit|p1a: Keldeo
|-resisted|p1a: Keldeo
|-damage|p1a: Keldeo|78\/323
|-damage|p2a: Kyurem-Black|192\/391|[from] item: Life Orb
|
|-weather|none
|-heal|p1a: Keldeo|98\/323|[from] item: Leftovers
|turn|21
|
|move|p1a: Keldeo|Secret Sword|p2a: Kyurem-Black
|-supereffective|p2a: Kyurem-Black
|-damage|p2a: Kyurem-Black|0 fnt
|faint|p2a: Kyurem-Black
|
|-heal|p1a: Keldeo|118\/323|[from] item: Leftovers
|
|switch|p2a: Keldeo|Keldeo|323\/323
|-damage|p2a: Keldeo|303\/323|[from] Stealth Rock
|turn|22
|
|switch|p2a: Talonflame|Talonflame, F|297\/297
|-damage|p2a: Talonflame|149\/297|[from] Stealth Rock
|move|p1a: Keldeo|Secret Sword|p2a: Talonflame
|-resisted|p2a: Talonflame
|-damage|p2a: Talonflame|53\/297
|
|-heal|p1a: Keldeo|138\/323|[from] item: Leftovers
|turn|23
|
|move|p2a: Talonflame|Swords Dance|p2a: Talonflame
|-boost|p2a: Talonflame|atk|2
|move|p1a: Keldeo|Scald|p2a: Talonflame
|-supereffective|p2a: Talonflame
|-damage|p2a: Talonflame|0 fnt
|faint|p2a: Talonflame
|
|-heal|p1a: Keldeo|158\/323|[from] item: Leftovers
|-message|shot package forfeited.
|leave|shot package
|
|win|Ox the Box
|raw|Ladder updating...
|player|p2