|join|Amoonbro
|join|Ox the Box
|player|p1|Amoonbro|1
|player|p2|Ox the Box|201
|gametype|singles
|gen|6
|tier|OU
|rated
|clearpoke
|poke|p1|Chansey, F, shiny
|poke|p1|Skarmory, M, shiny
|poke|p1|Alomomola, M, shiny
|poke|p1|Amoonguss, F, shiny
|poke|p1|Quagsire, F, shiny
|poke|p1|Sableye, F, shiny
|poke|p2|Azelf, shiny
|poke|p2|Klefki, M, shiny
|poke|p2|Gorebyss, M, shiny
|poke|p2|Metagross, shiny
|poke|p2|Dragonite, F
|poke|p2|Espeon, M, shiny
|rule|Swagger Clause: Swagger is banned
|rule|Baton Pass Clause: Limit one PokÃ©mon knowing Baton Pass
|rule|Sleep Clause Mod: Limit one foe put to sleep
|rule|Species Clause: Limit one of each PokÃ©mon
|rule|OHKO Clause: OHKO moves are banned
|rule|Moody Clause: Moody is banned
|rule|Evasion Moves Clause: Evasion moves are banned
|rule|Endless Battle Clause: Forcing endless battles is banned
|rule|HP Percentage Mod: HP is shown in percentages
|teampreview
|c|âOx the Box|finally
|c|âOx the Box|a stall fag
|
|start
|switch|p1a: Not Mega|Sableye, F, shiny|304\/304
|switch|p2a: Azelf|Azelf, shiny|291\/291
|turn|1
|
|detailschange|p1a: Not Mega|Sableye-Mega, F, shiny
|-mega|p1a: Not Mega|Sableye|Sablenite
|move|p2a: Azelf|Dazzling Gleam|p1a: Not Mega
|-supereffective|p1a: Not Mega
|-damage|p1a: Not Mega|152\/304
|move|p1a: Not Mega|Knock Off|p2a: Azelf
|-supereffective|p2a: Azelf
|-damage|p2a: Azelf|7\/291
|-enditem|p2a: Azelf|Focus Sash|[from] move: Knock Off|[of] p1a: Not Mega
|
|turn|2
|
|switch|p1a: Mrs Blobby|Alomomola, M, shiny|529\/529
|move|p2a: Azelf|Dazzling Gleam|p1a: Mrs Blobby
|-damage|p1a: Mrs Blobby|363\/529
|
|-heal|p1a: Mrs Blobby|396\/529|[from] item: Leftovers
|turn|3
|
|switch|p1a: Not Mega|Sableye-Mega, F, shiny|152\/304
|move|p2a: Azelf|Stealth Rock|p1a: Not Mega
|move|p1a: Not Mega|Stealth Rock|p2a: Azelf|[from]Magic Bounce
|-sidestart|p2: Ox the Box|move: Stealth Rock
|
|turn|4
|c|âOx the Box|lmao so aids
|
|switch|p1a: Baby Blobby|Chansey, F, shiny|704\/704
|move|p2a: Azelf|Dazzling Gleam|p1a: Baby Blobby
|-damage|p1a: Baby Blobby|641\/704
|
|turn|5
|
|move|p2a: Azelf|Stealth Rock|p1a: Baby Blobby
|-sidestart|p1: Amoonbro|move: Stealth Rock
|move|p1a: Baby Blobby|Seismic Toss|p2a: Azelf
|-damage|p2a: Azelf|0 fnt
|faint|p2a: Azelf
|
|
|switch|p2a: c.p|Gorebyss, M, shiny|314\/314
|-damage|p2a: c.p|275\/314|[from] Stealth Rock
|turn|6
|
|switch|p1a: Mr Blobby|Amoonguss, F, shiny|432\/432
|-damage|p1a: Mr Blobby|378\/432|[from] Stealth Rock
|move|p2a: c.p|Shell Smash|p2a: c.p
|-boost|p2a: c.p|atk|2
|-boost|p2a: c.p|spa|2
|-boost|p2a: c.p|spe|2
|-unboost|p2a: c.p|def|1
|-unboost|p2a: c.p|spd|1
|-enditem|p2a: c.p|White Herb
|-restoreboost|p2a: c.p|[silent]
|
|turn|7
|
|move|p2a: c.p|Substitute|p2a: c.p
|-start|p2a: c.p|Substitute
|-damage|p2a: c.p|197\/314
|move|p1a: Mr Blobby|Clear Smog|p2a: c.p
|-activate|p2a: c.p|Substitute|[damage]
|
|turn|8
|
|move|p2a: c.p|Shell Smash|p2a: c.p
|-boost|p2a: c.p|atk|2
|-boost|p2a: c.p|spa|2
|-boost|p2a: c.p|spe|2
|-unboost|p2a: c.p|def|1
|-unboost|p2a: c.p|spd|1
|move|p1a: Mr Blobby|Giga Drain|p2a: c.p
|-supereffective|p2a: c.p
|-end|p2a: c.p|Substitute
|-heal|p1a: Mr Blobby|389\/432|[from] drain|[of] p2a: c.p
|
|turn|9
|
|move|p2a: c.p|Substitute|p2a: c.p
|-start|p2a: c.p|Substitute
|-damage|p2a: c.p|119\/314
|move|p1a: Mr Blobby|Foul Play|p2a: c.p
|-end|p2a: c.p|Substitute
|
|turn|10
|
|move|p2a: c.p|Baton Pass|p2a: c.p
|
|switch|p2a: Metagross|Metagross, shiny|301\/301
|-damage|p2a: Metagross|283\/301|[from] Stealth Rock
|move|p1a: Mr Blobby|Foul Play|p2a: Metagross
|-supereffective|p2a: Metagross
|-damage|p2a: Metagross|0 fnt
|faint|p2a: Metagross
|
|-message|Ox the Box forfeited.
|leave|Ox the Box
|
|win|Amoonbro
|raw|Ladder updating...
|player|p2
|raw|Amoonbro's rating: 1684 &rarr; <strong>1703<\/strong><br \/>(+19 for winning)
|raw|Ox the Box's rating: 1675 &rarr; <strong>1655<\/strong><br \/>(-20 for losing)