|join|Ox the Box
|join|WeLikeIke
|player|p1|Ox the Box|201
|player|p2|WeLikeIke|282
|gametype|singles
|gen|6
|tier|OU
|rated
|clearpoke
|poke|p1|Politoed, F, shiny
|poke|p1|Swampert, M
|poke|p1|Kingdra, M
|poke|p1|Latias, F, shiny
|poke|p1|Ferrothorn, M
|poke|p1|Bisharp, M
|poke|p2|Trevenant, F
|poke|p2|Landorus-Therian, M
|poke|p2|Rotom-Wash
|poke|p2|Gallade, M
|poke|p2|Heatran, M
|poke|p2|Latias, F
|rule|Swagger Clause: Swagger is banned
|rule|Baton Pass Clause: Limit one PokÃ©mon knowing Baton Pass
|rule|Sleep Clause Mod: Limit one foe put to sleep
|rule|Species Clause: Limit one of each PokÃ©mon
|rule|OHKO Clause: OHKO moves are banned
|rule|Moody Clause: Moody is banned
|rule|Evasion Moves Clause: Evasion moves are banned
|rule|Endless Battle Clause: Forcing endless battles is banned
|rule|HP Percentage Mod: HP is shown in percentages
|teampreview
|
|start
|switch|p1a: Ferrothorn|Ferrothorn, M|352\/352
|switch|p2a: Trevenant|Trevenant, F|374\/374
|turn|1
|
|move|p2a: Trevenant|Substitute|p2a: Trevenant
|-start|p2a: Trevenant|Substitute
|-damage|p2a: Trevenant|281\/374
|move|p1a: Ferrothorn|Stealth Rock|p2a: Trevenant
|-sidestart|p2: WeLikeIke|move: Stealth Rock
|
|turn|2
|
|switch|p1a: Latias|Latias, F, shiny|319\/319
|move|p2a: Trevenant|Will-O-Wisp|p1a: Latias
|-status|p1a: Latias|brn
|
|-damage|p1a: Latias|280\/319 brn|[from] brn
|turn|3
|
|move|p1a: Latias|Psyshock|p2a: Trevenant
|-end|p2a: Trevenant|Substitute
|-damage|p1a: Latias|249\/319 brn|[from] item: Life Orb
|move|p2a: Trevenant|Leech Seed|p1a: Latias
|-start|p1a: Latias|move: Leech Seed
|
|-damage|p1a: Latias|210\/319 brn|[from] Leech Seed|[of] p2a: Trevenant
|-heal|p2a: Trevenant|320\/374|[silent]
|-damage|p1a: Latias|171\/319 brn|[from] brn
|turn|4
|
|switch|p1a: Bisharp|Bisharp, M|271\/271
|move|p2a: Trevenant|Phantom Force|p1a: Bisharp|[still]
|-prepare|p2a: Trevenant|Phantom Force|p1a: Bisharp
|
|turn|5
|
|move|p1a: Bisharp|Swords Dance|p1a: Bisharp
|-boost|p1a: Bisharp|atk|2
|move|p2a: Trevenant|Phantom Force|p1a: Bisharp
|-resisted|p1a: Bisharp
|-damage|p1a: Bisharp|210\/271
|
|turn|6
|
|move|p1a: Bisharp|Knock Off|p2a: Trevenant
|-supereffective|p2a: Trevenant
|-damage|p2a: Trevenant|0 fnt
|-enditem|p2a: Trevenant|Sitrus Berry|[from] move: Knock Off|[of] p1a: Bisharp
|-damage|p1a: Bisharp|183\/271|[from] item: Life Orb
|faint|p2a: Trevenant
|
|
|switch|p2a: Rotom-Wash|Rotom-Wash|304\/304
|-damage|p2a: Rotom-Wash|266\/304|[from] Stealth Rock
|turn|7
|
|move|p1a: Bisharp|Knock Off|p2a: Rotom-Wash
|-damage|p2a: Rotom-Wash|0 fnt
|-enditem|p2a: Rotom-Wash|Leftovers|[from] move: Knock Off|[of] p1a: Bisharp
|-damage|p1a: Bisharp|156\/271|[from] item: Life Orb
|faint|p2a: Rotom-Wash
|
|-message|WeLikeIke forfeited.
|leave|WeLikeIke
|
|win|Ox the Box
|raw|Ladder updating...
|player|p2
|raw|Ox the Box's rating: 1561 &rarr; <strong>1579<\/strong><br \/>(+18 for winning)
|raw|WeLikeIke's rating: 1525 &rarr; <strong>1507<\/strong><br \/>(-18 for losing)
|leave|Ox the Box
|player|p1