|join|Apedingo
|join|Ox the Box
|player|p1|Apedingo|242
|player|p2|Ox the Box|201
|gametype|singles
|gen|6
|tier|OU
|rated
|clearpoke
|poke|p1|Landorus-Therian, M
|poke|p1|Metagross
|poke|p1|Azumarill, F
|poke|p1|Latios, M
|poke|p1|Tyranitar, M
|poke|p1|Magnezone
|poke|p2|Manaphy
|poke|p2|Scizor, F
|poke|p2|Zapdos, shiny
|poke|p2|Landorus-Therian, M
|poke|p2|Cobalion
|poke|p2|Celebi
|rule|Swagger Clause: Swagger is banned
|rule|Baton Pass Clause: Limit one PokÃ©mon knowing Baton Pass
|rule|Sleep Clause Mod: Limit one foe put to sleep
|rule|Species Clause: Limit one of each PokÃ©mon
|rule|OHKO Clause: OHKO moves are banned
|rule|Moody Clause: Moody is banned
|rule|Evasion Moves Clause: Evasion moves are banned
|rule|Endless Battle Clause: Forcing endless battles is banned
|rule|HP Percentage Mod: HP is shown in percentages
|teampreview
|join|tbh js imo
|c|âOx the Box|glhf
|join|Jukain
|join|daftmau5
|c|âApedingo|yeah gl
|join|Reverend
|join|haunter
|join|DennisEG
|
|start
|switch|p1a: Fluffy Paws|Landorus-Therian, M|382\/382
|switch|p2a: Manaphy|Manaphy|365\/365
|-ability|p1a: Fluffy Paws|Intimidate|[of] p2a: Manaphy
|-unboost|p2a: Manaphy|atk|1
|turn|1
|join|Lord Kuvira
|join|gizmo
|
|switch|p1a: Go Go Mike|Latios, M|301\/301
|move|p2a: Manaphy|U-turn|p1a: Go Go Mike
|-supereffective|p1a: Go Go Mike
|-damage|p1a: Go Go Mike|225\/301
|
|switch|p2a: Scizor|Scizor, F|343\/343
|
|turn|2
|
|switch|p1a: Fluffy Paws|Landorus-Therian, M|382\/382
|-ability|p1a: Fluffy Paws|Intimidate|[of] p2a: Scizor
|-unboost|p2a: Scizor|atk|1
|detailschange|p2a: Scizor|Scizor-Mega, F
|-mega|p2a: Scizor|Scizor|Scizorite
|move|p2a: Scizor|U-turn|p1a: Fluffy Paws
|-crit|p1a: Fluffy Paws
|-resisted|p1a: Fluffy Paws
|-damage|p1a: Fluffy Paws|310\/382
|
|switch|p2a: Manaphy|Manaphy|365\/365
|
|-heal|p1a: Fluffy Paws|333\/382|[from] item: Leftovers
|turn|3
|
|switch|p1a: Damn Cute Bunny|Azumarill, F|401\/401
|move|p2a: Manaphy|Scald|p1a: Damn Cute Bunny
|-resisted|p1a: Damn Cute Bunny
|-damage|p1a: Damn Cute Bunny|350\/401
|
|turn|4
|join|craing
|
|move|p2a: Manaphy|U-turn|p1a: Damn Cute Bunny
|-resisted|p1a: Damn Cute Bunny
|-damage|p1a: Damn Cute Bunny|321\/401
|join|Prankster
|
|switch|p2a: Zapdos|Zapdos, shiny|383\/383
|-ability|p2a: Zapdos|Pressure
|move|p1a: Damn Cute Bunny|Knock Off|p2a: Zapdos
|-damage|p2a: Zapdos|268\/383
|-enditem|p2a: Zapdos|Leftovers|[from] move: Knock Off|[of] p1a: Damn Cute Bunny
|
|turn|5
|
|switch|p2a: Manaphy|Manaphy|365\/365
|switch|p1a: Mr. Fancypants|Tyranitar, M|403\/403
|-weather|Sandstorm
|
|-weather|Sandstorm|[upkeep]
|-damage|p2a: Manaphy|343\/365|[from] sandstorm
|-heal|p2a: Manaphy|365\/365|[from] item: Leftovers
|turn|6
|join|FlamingVictini PB
|
|move|p2a: Manaphy|U-turn|p1a: Mr. Fancypants
|-supereffective|p1a: Mr. Fancypants
|-damage|p1a: Mr. Fancypants|309\/403
|join|IAmGingy
|
|switch|p2a: Scizor|Scizor-Mega, F|343\/343
|move|p1a: Mr. Fancypants|Crunch|p2a: Scizor
|-damage|p2a: Scizor|246\/343
|
|-weather|Sandstorm|[upkeep]
|turn|7
|
|switch|p1a: Fluffy Paws|Landorus-Therian, M|333\/382
|-ability|p1a: Fluffy Paws|Intimidate|[of] p2a: Scizor
|-unboost|p2a: Scizor|atk|1
|move|p2a: Scizor|U-turn|p1a: Fluffy Paws
|-resisted|p1a: Fluffy Paws
|-damage|p1a: Fluffy Paws|301\/382
|
|switch|p2a: Manaphy|Manaphy|365\/365
|
|-weather|Sandstorm|[upkeep]
|-damage|p2a: Manaphy|343\/365|[from] sandstorm
|-heal|p2a: Manaphy|365\/365|[from] item: Leftovers
|-heal|p1a: Fluffy Paws|324\/382|[from] item: Leftovers
|turn|8
|
|switch|p1a: Go Go Mike|Latios, M|225\/301
|move|p2a: Manaphy|Scald|p1a: Go Go Mike
|-resisted|p1a: Go Go Mike
|-damage|p1a: Go Go Mike|174\/301
|
|-weather|Sandstorm|[upkeep]
|-damage|p1a: Go Go Mike|156\/301|[from] sandstorm
|-damage|p2a: Manaphy|343\/365|[from] sandstorm
|-heal|p2a: Manaphy|365\/365|[from] item: Leftovers
|turn|9
|
|move|p1a: Go Go Mike|Draco Meteor|p2a: Manaphy
|-damage|p2a: Manaphy|0 fnt
|-unboost|p1a: Go Go Mike|spa|2
|faint|p2a: Manaphy
|
|-weather|none
|c|âOx the Box|oh
|
|switch|p2a: Cobalion|Cobalion|358\/358
|turn|10
|leave|Reverend
|join|young mula baby
|
|switch|p1a: Fluffy Paws|Landorus-Therian, M|324\/382
|-ability|p1a: Fluffy Paws|Intimidate|[of] p2a: Cobalion
|-unboost|p2a: Cobalion|atk|1
|move|p2a: Cobalion|Stealth Rock|p1a: Fluffy Paws
|-sidestart|p1: Apedingo|move: Stealth Rock
|
|-heal|p1a: Fluffy Paws|347\/382|[from] item: Leftovers
|turn|11
|
|move|p2a: Cobalion|Taunt|p1a: Fluffy Paws
|-start|p1a: Fluffy Paws|move: Taunt
|cant|p1a: Fluffy Paws|move: Taunt|Stealth Rock
|
|-heal|p1a: Fluffy Paws|370\/382|[from] item: Leftovers
|turn|12
|join|Africans
|
|switch|p2a: Zapdos|Zapdos, shiny|268\/383
|-ability|p2a: Zapdos|Pressure
|move|p1a: Fluffy Paws|U-turn|p2a: Zapdos
|-resisted|p2a: Zapdos
|-damage|p2a: Zapdos|240\/383
|
|switch|p1a: Go Go Mike|Latios, M|156\/301
|-damage|p1a: Go Go Mike|119\/301|[from] Stealth Rock
|
|turn|13
|
|switch|p2a: Celebi|Celebi|404\/404
|move|p1a: Go Go Mike|Surf|p2a: Celebi
|-resisted|p2a: Celebi
|-damage|p2a: Celebi|345\/404
|
|-heal|p2a: Celebi|370\/404|[from] item: Leftovers
|turn|14
|
|switch|p1a: Mr. Fancypants|Tyranitar, M|309\/403
|-damage|p1a: Mr. Fancypants|259\/403|[from] Stealth Rock
|-weather|Sandstorm
|move|p2a: Celebi|U-turn|p1a: Mr. Fancypants
|-supereffective|p1a: Mr. Fancypants
|-damage|p1a: Mr. Fancypants|175\/403
|
|switch|p2a: Landorus-Therian|Landorus-Therian, M|319\/319
|-ability|p2a: Landorus-Therian|Intimidate|[of] p1a: Mr. Fancypants
|-unboost|p1a: Mr. Fancypants|atk|1
|
|-weather|Sandstorm|[upkeep]
|turn|15
|
|move|p2a: Landorus-Therian|U-turn|p1a: Mr. Fancypants
|-supereffective|p1a: Mr. Fancypants
|-damage|p1a: Mr. Fancypants|3\/403
|
|switch|p2a: Cobalion|Cobalion|358\/358
|move|p1a: Mr. Fancypants|Superpower|p2a: Cobalion
|-supereffective|p2a: Cobalion
|-damage|p2a: Cobalion|232\/358
|-unboost|p1a: Mr. Fancypants|atk|1
|-unboost|p1a: Mr. Fancypants|def|1
|
|-weather|Sandstorm|[upkeep]
|-heal|p2a: Cobalion|254\/358|[from] item: Leftovers
|turn|16
|
|switch|p1a: Fluffy Paws|Landorus-Therian, M|370\/382
|-damage|p1a: Fluffy Paws|323\/382|[from] Stealth Rock
|-ability|p1a: Fluffy Paws|Intimidate|[of] p2a: Cobalion
|-unboost|p2a: Cobalion|atk|1
|move|p2a: Cobalion|Volt Switch|p1a: Fluffy Paws
|-immune|p1a: Fluffy Paws|[msg]
|
|-weather|Sandstorm|[upkeep]
|-heal|p2a: Cobalion|276\/358|[from] item: Leftovers
|-heal|p1a: Fluffy Paws|346\/382|[from] item: Leftovers
|turn|17
|
|move|p2a: Cobalion|Taunt|p1a: Fluffy Paws
|-start|p1a: Fluffy Paws|move: Taunt
|cant|p1a: Fluffy Paws|move: Taunt|Stealth Rock
|
|-weather|Sandstorm|[upkeep]
|-heal|p2a: Cobalion|298\/358|[from] item: Leftovers
|-heal|p1a: Fluffy Paws|369\/382|[from] item: Leftovers
|turn|18
|
|switch|p2a: Landorus-Therian|Landorus-Therian, M|319\/319
|-ability|p2a: Landorus-Therian|Intimidate|[of] p1a: Fluffy Paws
|-unboost|p1a: Fluffy Paws|atk|1
|move|p1a: Fluffy Paws|U-turn|p2a: Landorus-Therian
|-resisted|p2a: Landorus-Therian
|-damage|p2a: Landorus-Therian|290\/319
|
|switch|p1a: It's a trap|Magnezone|281\/281
|-damage|p1a: It's a trap|264\/281|[from] Stealth Rock
|
|-weather|none
|turn|19
|join|FUQ GLISCORE
|
|switch|p1a: Fluffy Paws|Landorus-Therian, M|369\/382
|-damage|p1a: Fluffy Paws|322\/382|[from] Stealth Rock
|-ability|p1a: Fluffy Paws|Intimidate|[of] p2a: Landorus-Therian
|-unboost|p2a: Landorus-Therian|atk|1
|move|p2a: Landorus-Therian|U-turn|p1a: Fluffy Paws
|-resisted|p1a: Fluffy Paws
|-damage|p1a: Fluffy Paws|300\/382
|
|switch|p2a: Zapdos|Zapdos, shiny|240\/383
|-ability|p2a: Zapdos|Pressure
|
|-heal|p1a: Fluffy Paws|323\/382|[from] item: Leftovers
|turn|20
|leave|FlamingVictini PB
|
|switch|p1a: Mr. Fancypants|Tyranitar, M|3\/403
|-damage|p1a: Mr. Fancypants|0 fnt|[from] Stealth Rock
|faint|p1a: Mr. Fancypants
|move|p2a: Zapdos|Heat Wave|p1: Mr. Fancypants|[notarget]
|-notarget
|
|
|switch|p1a: Go Go Mike|Latios, M|119\/301
|-damage|p1a: Go Go Mike|82\/301|[from] Stealth Rock
|turn|21
|
|switch|p2a: Scizor|Scizor-Mega, F|246\/343
|move|p1a: Go Go Mike|Draco Meteor|p2a: Scizor
|-resisted|p2a: Scizor
|-damage|p2a: Scizor|111\/343
|-unboost|p1a: Go Go Mike|spa|2
|
|turn|22
|
|switch|p1a: Fluffy Paws|Landorus-Therian, M|323\/382
|-damage|p1a: Fluffy Paws|276\/382|[from] Stealth Rock
|-ability|p1a: Fluffy Paws|Intimidate|[of] p2a: Scizor
|-unboost|p2a: Scizor|atk|1
|move|p2a: Scizor|Roost|p2a: Scizor
|-heal|p2a: Scizor|283\/343
|
|-heal|p1a: Fluffy Paws|299\/382|[from] item: Leftovers
|turn|23
|
|move|p1a: Fluffy Paws|Stealth Rock|p2a: Scizor
|-sidestart|p2: Ox the Box|move: Stealth Rock
|move|p2a: Scizor|Swords Dance|p2a: Scizor
|-boost|p2a: Scizor|atk|2
|
|-heal|p1a: Fluffy Paws|322\/382|[from] item: Leftovers
|turn|24
|
|move|p1a: Fluffy Paws|Earthquake|p2a: Scizor
|-damage|p2a: Scizor|160\/343
|move|p2a: Scizor|U-turn|p1a: Fluffy Paws
|-resisted|p1a: Fluffy Paws
|-damage|p1a: Fluffy Paws|247\/382
|
|switch|p2a: Zapdos|Zapdos, shiny|240\/383
|-damage|p2a: Zapdos|145\/383|[from] Stealth Rock
|-ability|p2a: Zapdos|Pressure
|
|-heal|p1a: Fluffy Paws|270\/382|[from] item: Leftovers
|turn|25
|
|switch|p1a: Go Go Mike|Latios, M|82\/301
|-damage|p1a: Go Go Mike|45\/301|[from] Stealth Rock
|move|p2a: Zapdos|Roost|p2a: Zapdos
|-heal|p2a: Zapdos|337\/383
|
|turn|26
|
|switch|p2a: Cobalion|Cobalion|298\/358
|-damage|p2a: Cobalion|287\/358|[from] Stealth Rock
|move|p1a: Go Go Mike|Draco Meteor|p2a: Cobalion
|-resisted|p2a: Cobalion
|-damage|p2a: Cobalion|66\/358
|-unboost|p1a: Go Go Mike|spa|2
|
|-heal|p2a: Cobalion|88\/358|[from] item: Leftovers
|turn|27
|c|âOx the Box|that does a lot
|leave|Africans
|
|switch|p1a: Fluffy Paws|Landorus-Therian, M|270\/382
|-damage|p1a: Fluffy Paws|223\/382|[from] Stealth Rock
|-ability|p1a: Fluffy Paws|Intimidate|[of] p2a: Cobalion
|-unboost|p2a: Cobalion|atk|1
|move|p2a: Cobalion|Close Combat|p1a: Fluffy Paws
|-resisted|p1a: Fluffy Paws
|-damage|p1a: Fluffy Paws|189\/382
|-unboost|p2a: Cobalion|def|1
|-unboost|p2a: Cobalion|spd|1
|
|-heal|p2a: Cobalion|110\/358|[from] item: Leftovers
|-heal|p1a: Fluffy Paws|212\/382|[from] item: Leftovers
|turn|28
|c|âApedingo|yeah latios is power
|c|âOx the Box|specs
|
|move|p2a: Cobalion|Close Combat|p1a: Fluffy Paws
|-resisted|p1a: Fluffy Paws
|-damage|p1a: Fluffy Paws|174\/382
|-unboost|p2a: Cobalion|def|1
|-unboost|p2a: Cobalion|spd|1
|move|p1a: Fluffy Paws|U-turn|p2a: Cobalion
|-resisted|p2a: Cobalion
|-damage|p2a: Cobalion|79\/358
|
|switch|p1a: It's a trap|Magnezone|264\/281
|-damage|p1a: It's a trap|247\/281|[from] Stealth Rock
|
|-heal|p2a: Cobalion|101\/358|[from] item: Leftovers
|turn|29
|
|move|p1a: It's a trap|Volt Switch|p2a: Cobalion
|-damage|p2a: Cobalion|0 fnt
|faint|p2a: Cobalion
|
|switch|p1a: AWESOM-O 4000|Metagross|301\/301
|-damage|p1a: AWESOM-O 4000|283\/301|[from] Stealth Rock
|
|join|Lange98
|
|switch|p2a: Scizor|Scizor-Mega, F|160\/343
|-damage|p2a: Scizor|118\/343|[from] Stealth Rock
|turn|30
|c|âOx the Box|cancel zzz
|
|detailschange|p1a: AWESOM-O 4000|Metagross-Mega
|-mega|p1a: AWESOM-O 4000|Metagross|Metagrossite
|move|p1a: AWESOM-O 4000|Earthquake|p2a: Scizor
|-damage|p2a: Scizor|27\/343
|move|p2a: Scizor|Roost|p2a: Scizor
|-heal|p2a: Scizor|199\/343
|
|turn|31
|join|Bluwing
|leave|Bluwing
|
|switch|p1a: Fluffy Paws|Landorus-Therian, M|174\/382
|-damage|p1a: Fluffy Paws|127\/382|[from] Stealth Rock
|-ability|p1a: Fluffy Paws|Intimidate|[of] p2a: Scizor
|-unboost|p2a: Scizor|atk|1
|move|p2a: Scizor|U-turn|p1a: Fluffy Paws
|-resisted|p1a: Fluffy Paws
|-damage|p1a: Fluffy Paws|93\/382
|c|âApedingo|yeah i hate it when i click and then i realize my plan is stupid but the cancel button doesnt work...
|leave|Lange98
|
|switch|p2a: Landorus-Therian|Landorus-Therian, M|290\/319
|-damage|p2a: Landorus-Therian|251\/319|[from] Stealth Rock
|-ability|p2a: Landorus-Therian|Intimidate|[of] p1a: Fluffy Paws
|-unboost|p1a: Fluffy Paws|atk|1
|
|-heal|p1a: Fluffy Paws|116\/382|[from] item: Leftovers
|turn|32
|
|move|p2a: Landorus-Therian|Knock Off|p1a: Fluffy Paws
|-crit|p1a: Fluffy Paws
|-damage|p1a: Fluffy Paws|0 fnt
|-enditem|p1a: Fluffy Paws|Leftovers|[from] move: Knock Off|[of] p2a: Landorus-Therian
|faint|p1a: Fluffy Paws
|
|c|âOx the Box|ah nice
|
|switch|p1a: Damn Cute Bunny|Azumarill, F|321\/401
|-damage|p1a: Damn Cute Bunny|271\/401|[from] Stealth Rock
|turn|33
|join|Dreadmau5
|join|leremyju
|
|switch|p2a: Scizor|Scizor-Mega, F|199\/343
|-damage|p2a: Scizor|157\/343|[from] Stealth Rock
|move|p1a: Damn Cute Bunny|Knock Off|p2a: Scizor
|-damage|p2a: Scizor|82\/343
|
|turn|34
|
|move|p2a: Scizor|Bullet Punch|p1a: Damn Cute Bunny
|-damage|p1a: Damn Cute Bunny|132\/401
|move|p1a: Damn Cute Bunny|Waterfall|p2a: Scizor
|-damage|p2a: Scizor|0 fnt
|faint|p2a: Scizor
|
|
|switch|p2a: Celebi|Celebi|370\/404
|-damage|p2a: Celebi|320\/404|[from] Stealth Rock
|turn|35
|
|switch|p1a: AWESOM-O 4000|Metagross-Mega|283\/301
|-damage|p1a: AWESOM-O 4000|265\/301|[from] Stealth Rock
|move|p2a: Celebi|Giga Drain|p1a: AWESOM-O 4000
|-resisted|p1a: AWESOM-O 4000
|-damage|p1a: AWESOM-O 4000|225\/301
|-heal|p2a: Celebi|340\/404|[from] drain|[of] p1a: AWESOM-O 4000
|
|-heal|p2a: Celebi|365\/404|[from] item: Leftovers
|turn|36
|leave|leremyju
|
|move|p1a: AWESOM-O 4000|Ice Punch|p2a: Celebi
|-supereffective|p2a: Celebi
|-damage|p2a: Celebi|123\/404
|move|p2a: Celebi|U-turn|p1a: AWESOM-O 4000
|-damage|p1a: AWESOM-O 4000|185\/301
|
|switch|p2a: Landorus-Therian|Landorus-Therian, M|251\/319
|-damage|p2a: Landorus-Therian|212\/319|[from] Stealth Rock
|-ability|p2a: Landorus-Therian|Intimidate|[of] p1a: AWESOM-O 4000
|-unboost|p1a: AWESOM-O 4000|atk|1
|
|turn|37
|
|switch|p1a: It's a trap|Magnezone|247\/281
|-damage|p1a: It's a trap|230\/281|[from] Stealth Rock
|move|p2a: Landorus-Therian|Earthquake|p1a: It's a trap
|-supereffective|p1a: It's a trap
|-damage|p1a: It's a trap|0 fnt
|faint|p1a: It's a trap
|
|join|Nebraska Jones
|join|juandiegol2
|leave|DennisEG
|
|switch|p1a: Damn Cute Bunny|Azumarill, F|132\/401
|-damage|p1a: Damn Cute Bunny|82\/401|[from] Stealth Rock
|turn|38
|
|switch|p2a: Zapdos|Zapdos, shiny|337\/383
|-damage|p2a: Zapdos|242\/383|[from] Stealth Rock
|-ability|p2a: Zapdos|Pressure
|move|p1a: Damn Cute Bunny|Aqua Jet|p2a: Zapdos
|-damage|p2a: Zapdos|176\/383
|
|turn|39
|leave|Nebraska Jones
|
|switch|p1a: AWESOM-O 4000|Metagross-Mega|185\/301
|-damage|p1a: AWESOM-O 4000|167\/301|[from] Stealth Rock
|move|p2a: Zapdos|Roost|p2a: Zapdos
|-heal|p2a: Zapdos|368\/383
|
|turn|40
|
|move|p1a: AWESOM-O 4000|Ice Punch|p2a: Zapdos
|-supereffective|p2a: Zapdos
|-damage|p2a: Zapdos|156\/383
|move|p2a: Zapdos|Heat Wave|p1a: AWESOM-O 4000
|-supereffective|p1a: AWESOM-O 4000
|-damage|p1a: AWESOM-O 4000|0 fnt
|faint|p1a: AWESOM-O 4000
|
|
|switch|p1a: Go Go Mike|Latios, M|45\/301
|-damage|p1a: Go Go Mike|8\/301|[from] Stealth Rock
|turn|41
|
|move|p1a: Go Go Mike|Psyshock|p2a: Zapdos
|-damage|p2a: Zapdos|0 fnt
|faint|p2a: Zapdos
|
|
|switch|p2a: Landorus-Therian|Landorus-Therian, M|212\/319
|-damage|p2a: Landorus-Therian|173\/319|[from] Stealth Rock
|-ability|p2a: Landorus-Therian|Intimidate|[of] p1a: Go Go Mike
|-unboost|p1a: Go Go Mike|atk|1
|turn|42
|
|move|p2a: Landorus-Therian|Knock Off|p1a: Go Go Mike
|-supereffective|p1a: Go Go Mike
|-damage|p1a: Go Go Mike|0 fnt
|-enditem|p1a: Go Go Mike|Choice Specs|[from] move: Knock Off|[of] p2a: Landorus-Therian
|faint|p1a: Go Go Mike
|
|
|switch|p1a: Damn Cute Bunny|Azumarill, F|82\/401
|-damage|p1a: Damn Cute Bunny|32\/401|[from] Stealth Rock
|turn|43
|
|move|p1a: Damn Cute Bunny|Aqua Jet|p2a: Landorus-Therian
|-supereffective|p2a: Landorus-Therian
|-damage|p2a: Landorus-Therian|0 fnt
|faint|p2a: Landorus-Therian
|
|c|âOx the Box|the lag lol
|
|switch|p2a: Celebi|Celebi|123\/404
|-damage|p2a: Celebi|73\/404|[from] Stealth Rock
|turn|44
|
|move|p1a: Damn Cute Bunny|Aqua Jet|p2a: Celebi
|-resisted|p2a: Celebi
|-damage|p2a: Celebi|30\/404
|move|p2a: Celebi|Giga Drain|p1a: Damn Cute Bunny
|-supereffective|p1a: Damn Cute Bunny
|-damage|p1a: Damn Cute Bunny|0 fnt
|-heal|p2a: Celebi|46\/404|[from] drain|[of] p1a: Damn Cute Bunny
|faint|p1a: Damn Cute Bunny
|
|win|Ox the Box
|raw|Ladder updating...
|raw|Apedingo's rating: 1692 &rarr; <strong>1667<\/strong><br \/>(-25 for losing)
|raw|Ox the Box's rating: 1603 &rarr; <strong>1628<\/strong><br \/>(+25 for winning)
|c|âOx the Box|gg
|c|âApedingo|gg
|leave|TheLaughingCats
|leave|Apedingo
|player|p1
|leave|craing
|leave|haunter
|leave|juandiegol2
|join|Lil Barry
|leave|Ox the Box
|player|p2
|leave|Lil Barry
|leave|tbh js imo
|leave|FUQ GLISCORE
|leave|daftmau5
|leave|gizmo
|leave|young mula baby
|join|RayDalio
|leave|RayDalio
|join|ejja mateee
|leave|ejja mateee
|leave|Prankster
|leave|IAmGingy
|join|Siliga
|join|ryzed
|leave|ryzed
|leave|Siliga
|join|Stoned Zard
|leave|Stoned Zard