|join|Ox the Box
|join|Gernulf
|player|p1|Ox the Box|201
|player|p2|Gernulf|10
|gametype|singles
|gen|6
|tier|OU
|rated
|clearpoke
|poke|p1|Keldeo
|poke|p1|Tyranitar, M
|poke|p1|Ferrothorn, F
|poke|p1|Gliscor, F
|poke|p1|Celebi
|poke|p1|Scizor, M
|poke|p2|Politoed, F
|poke|p2|Kingdra, M
|poke|p2|Swampert, F
|poke|p2|Conkeldurr, M
|poke|p2|Klefki, M
|poke|p2|Manaphy
|rule|Swagger Clause: Swagger is banned
|rule|Baton Pass Clause: Limit one PokÃ©mon knowing Baton Pass
|rule|Sleep Clause Mod: Limit one foe put to sleep
|rule|Species Clause: Limit one of each PokÃ©mon
|rule|OHKO Clause: OHKO moves are banned
|rule|Moody Clause: Moody is banned
|rule|Evasion Moves Clause: Evasion moves are banned
|rule|Endless Battle Clause: Forcing endless battles is banned
|rule|HP Percentage Mod: HP is shown in percentages
|teampreview
|c|âGernulf|gl, hf
|c|âOx the Box|u2 :]
|
|start
|switch|p1a: Celebi|Celebi|404\/404
|switch|p2a: Politoed|Politoed, F|383\/383
|-weather|RainDance
|turn|1
|
|switch|p1a: Gliscor|Gliscor, F|353\/353
|switch|p2a: Klefki|Klefki, M|317\/317
|
|-weather|RainDance|[upkeep]
|-status|p1a: Gliscor|tox|[from] item: Toxic Orb
|turn|2
|
|move|p2a: Klefki|Spikes|p1a: Gliscor
|-sidestart|p1: Ox the Box|Spikes
|move|p1a: Gliscor|Earthquake|p2a: Klefki
|-crit|p2a: Klefki
|-supereffective|p2a: Klefki
|-damage|p2a: Klefki|51\/317
|
|-weather|RainDance|[upkeep]
|turn|3
|
|switch|p2a: Manaphy|Manaphy|401\/401
|move|p1a: Gliscor|Earthquake|p2a: Manaphy
|-damage|p2a: Manaphy|286\/401
|
|-weather|RainDance|[upkeep]
|-heal|p2a: Manaphy|311\/401|[from] item: Leftovers
|turn|4
|
|switch|p1a: Celebi|Celebi|404\/404
|-damage|p1a: Celebi|354\/404|[from] Spikes
|move|p2a: Manaphy|Tail Glow|p2a: Manaphy
|-boost|p2a: Manaphy|spa|3
|
|-weather|RainDance|[upkeep]
|-heal|p1a: Celebi|379\/404|[from] item: Leftovers
|-heal|p2a: Manaphy|336\/401|[from] item: Leftovers
|turn|5
|
|move|p1a: Celebi|Giga Drain|p2a: Manaphy
|-supereffective|p2a: Manaphy
|-damage|p2a: Manaphy|148\/401
|-heal|p1a: Celebi|404\/404|[from] drain|[of] p2a: Manaphy
|move|p2a: Manaphy|Tail Glow|p2a: Manaphy
|-boost|p2a: Manaphy|spa|3
|
|-weather|RainDance|[upkeep]
|-heal|p2a: Manaphy|173\/401|[from] item: Leftovers
|turn|6
|c|âOx the Box|wtf
|c|âOx the Box|so slow
|
|move|p1a: Celebi|Giga Drain|p2a: Manaphy
|-supereffective|p2a: Manaphy
|-damage|p2a: Manaphy|0 fnt
|faint|p2a: Manaphy
|
|-weather|RainDance|[upkeep]
|c|âGernulf|how much speed do you have on celebi ?
|c|âOx the Box|36
|c|âOx the Box|;_;
|c|âGernulf|He is invested in sp A and speed, isn't he ?
|c|âOx the Box|no
|c|âOx the Box|how much do u have
|c|âGernulf|20
|c|âGernulf|lol
|c|âOx the Box|u need way more
|c|âOx the Box|lol
|c|âOx the Box|run 176
|c|âGernulf|I kinda like the bulky version
|c|âOx the Box|run at least 44
|c|âGernulf|20 to outspeed adamant 70
|c|âOx the Box|to speed creep celebis
|c|âGernulf|176 is for what ?
|c|âOx the Box|or you can run 108 to outspeed jolly bish
|c|âOx the Box|idk
|c|âOx the Box|base 90s I think
|
|switch|p2a: Conkeldurr|Conkeldurr, M|413\/413
|turn|7
|c|âGernulf|I'll take a look
|
|move|p1a: Celebi|Baton Pass|p1a: Celebi
|c|âGernulf|I'm testing this team atm ^^
|
|switch|p1a: Scizor|Scizor, M|343\/343
|-damage|p1a: Scizor|301\/343|[from] Spikes
|move|p2a: Conkeldurr|Knock Off|p1a: Scizor
|-damage|p1a: Scizor|223\/343
|
|-weather|RainDance|[upkeep]
|turn|8
|c|âGernulf|tx for advices, though
|c|âOx the Box|yw
|
|detailschange|p1a: Scizor|Scizor-Mega, M
|-mega|p1a: Scizor|Scizor|Scizorite
|move|p1a: Scizor|Roost|p1a: Scizor
|-heal|p1a: Scizor|343\/343
|move|p2a: Conkeldurr|Fire Punch|p1a: Scizor
|-supereffective|p1a: Scizor
|-damage|p1a: Scizor|211\/343
|
|-weather|none
|turn|9
|
|switch|p1a: Gliscor|Gliscor, F|353\/353 tox
|move|p2a: Conkeldurr|Knock Off|p1a: Gliscor
|-damage|p1a: Gliscor|241\/353 tox
|-enditem|p1a: Gliscor|Toxic Orb|[from] move: Knock Off|[of] p2a: Conkeldurr
|
|-heal|p1a: Gliscor|285\/353 tox|[from] ability: Poison Heal
|turn|10
|
|switch|p2a: Klefki|Klefki, M|51\/317
|move|p1a: Gliscor|Knock Off|p2a: Klefki
|-crit|p2a: Klefki
|-resisted|p2a: Klefki
|-damage|p2a: Klefki|7\/317
|-enditem|p2a: Klefki|Damp Rock|[from] move: Knock Off|[of] p1a: Gliscor
|
|-heal|p1a: Gliscor|329\/353 tox|[from] ability: Poison Heal
|turn|11
|c|âOx the Box|all the crits
|c|âOx the Box|sry ;[
|c|âGernulf|np
|join|Wanna Be A Baller
|join|I Iike Squirtles
|
|move|p2a: Klefki|Spikes|p1a: Gliscor
|-sidestart|p1: Ox the Box|Spikes
|move|p1a: Gliscor|Knock Off|p2a: Klefki
|-resisted|p2a: Klefki
|-damage|p2a: Klefki|0 fnt
|faint|p2a: Klefki
|
|-heal|p1a: Gliscor|353\/353 tox|[from] ability: Poison Heal
|
|switch|p2a: Politoed|Politoed, F|383\/383
|-weather|RainDance
|turn|12
|
|move|p1a: Gliscor|Knock Off|p2a: Politoed
|-damage|p2a: Politoed|321\/383
|-enditem|p2a: Politoed|Damp Rock|[from] move: Knock Off|[of] p1a: Gliscor
|move|p2a: Politoed|Scald|p1a: Gliscor
|-supereffective|p1a: Gliscor
|-damage|p1a: Gliscor|117\/353 tox
|
|-weather|RainDance|[upkeep]
|-heal|p1a: Gliscor|161\/353 tox|[from] ability: Poison Heal
|turn|13
|
|move|p1a: Gliscor|Roost|p1a: Gliscor
|-heal|p1a: Gliscor|338\/353 tox
|move|p2a: Politoed|Scald|p1a: Gliscor
|-supereffective|p1a: Gliscor
|-damage|p1a: Gliscor|116\/353 tox
|
|-weather|RainDance|[upkeep]
|-heal|p1a: Gliscor|160\/353 tox|[from] ability: Poison Heal
|turn|14
|
|move|p1a: Gliscor|Roost|p1a: Gliscor
|-heal|p1a: Gliscor|337\/353 tox
|move|p2a: Politoed|Encore|p1a: Gliscor
|-start|p1a: Gliscor|Encore
|
|-weather|RainDance|[upkeep]
|-heal|p1a: Gliscor|353\/353 tox|[from] ability: Poison Heal
|turn|15
|
|switch|p1a: Ferrothorn|Ferrothorn, F|352\/352
|-damage|p1a: Ferrothorn|294\/352|[from] Spikes
|switch|p2a: Swampert|Swampert, F|341\/341
|
|-weather|RainDance|[upkeep]
|-heal|p1a: Ferrothorn|316\/352|[from] item: Leftovers
|turn|16
|
|detailschange|p2a: Swampert|Swampert-Mega, F
|-mega|p2a: Swampert|Swampert|Swampertite
|move|p2a: Swampert|Stealth Rock|p1a: Ferrothorn
|-sidestart|p1: Ox the Box|move: Stealth Rock
|move|p1a: Ferrothorn|Spikes|p2a: Swampert
|-sidestart|p2: Gernulf|Spikes
|
|-weather|RainDance|[upkeep]
|-heal|p1a: Ferrothorn|338\/352|[from] item: Leftovers
|turn|17
|
|switch|p2a: Kingdra|Kingdra, M|291\/291
|-damage|p2a: Kingdra|255\/291|[from] Spikes
|move|p1a: Ferrothorn|Leech Seed|p2a: Kingdra
|-start|p2a: Kingdra|move: Leech Seed
|
|-weather|RainDance|[upkeep]
|-heal|p1a: Ferrothorn|352\/352|[from] item: Leftovers
|-damage|p2a: Kingdra|219\/291|[from] Leech Seed|[of] p1a: Ferrothorn
|turn|18
|
|move|p2a: Kingdra|Hydro Pump|p1a: Ferrothorn|[miss]
|-miss|p2a: Kingdra|p1a: Ferrothorn
|move|p1a: Ferrothorn|Stealth Rock|p2a: Kingdra
|-sidestart|p2: Gernulf|move: Stealth Rock
|
|-weather|RainDance|[upkeep]
|-damage|p2a: Kingdra|183\/291|[from] Leech Seed|[of] p1a: Ferrothorn
|turn|19
|join|A2tehBR
|leave|A2tehBR
|
|switch|p2a: Conkeldurr|Conkeldurr, M|413\/413
|-damage|p2a: Conkeldurr|388\/413|[from] Stealth Rock
|-damage|p2a: Conkeldurr|337\/413|[from] Spikes
|move|p1a: Ferrothorn|Leech Seed|p2a: Conkeldurr
|-start|p2a: Conkeldurr|move: Leech Seed
|
|-weather|none
|-damage|p2a: Conkeldurr|286\/413|[from] Leech Seed|[of] p1a: Ferrothorn
|turn|20
|
|switch|p2a: Politoed|Politoed, F|321\/383
|-damage|p2a: Politoed|274\/383|[from] Stealth Rock
|-damage|p2a: Politoed|227\/383|[from] Spikes
|-weather|RainDance
|switch|p1a: Gliscor|Gliscor, F|353\/353 tox
|-damage|p1a: Gliscor|309\/353 tox|[from] Stealth Rock
|
|-weather|RainDance|[upkeep]
|-heal|p1a: Gliscor|353\/353 tox|[from] ability: Poison Heal
|turn|21
|
|move|p1a: Gliscor|Earthquake|p2a: Politoed
|-damage|p2a: Politoed|127\/383
|move|p2a: Politoed|Encore|p1a: Gliscor
|-start|p1a: Gliscor|Encore
|
|-weather|RainDance|[upkeep]
|turn|22
|
|switch|p1a: Celebi|Celebi|404\/404
|-damage|p1a: Celebi|354\/404|[from] Stealth Rock
|-damage|p1a: Celebi|287\/404|[from] Spikes
|move|p2a: Politoed|Rest|p2a: Politoed
|-status|p2a: Politoed|slp
|-heal|p2a: Politoed|383\/383 slp|[silent]
|-status|p2a: Politoed|slp|[from] move: Rest
|
|-weather|RainDance|[upkeep]
|-heal|p1a: Celebi|312\/404|[from] item: Leftovers
|turn|23
|
|switch|p2a: Kingdra|Kingdra, M|183\/291
|-damage|p2a: Kingdra|147\/291|[from] Spikes
|-damage|p2a: Kingdra|111\/291|[from] Stealth Rock
|move|p1a: Celebi|Giga Drain|p2a: Kingdra
|-damage|p2a: Kingdra|5\/291
|-heal|p1a: Celebi|365\/404|[from] drain|[of] p2a: Kingdra
|
|-weather|RainDance|[upkeep]
|-heal|p1a: Celebi|390\/404|[from] item: Leftovers
|turn|24
|
|move|p2a: Kingdra|Draco Meteor|p1a: Celebi
|-damage|p1a: Celebi|198\/404
|-unboost|p2a: Kingdra|spa|2
|-damage|p2a: Kingdra|0 fnt|[from] item: Life Orb
|faint|p2a: Kingdra
|move|p1a: Celebi|Recover|p1a: Celebi
|-heal|p1a: Celebi|400\/404
|
|-weather|none
|-heal|p1a: Celebi|404\/404|[from] item: Leftovers
|
|switch|p2a: Politoed|Politoed, F|383\/383 slp
|-damage|p2a: Politoed|336\/383 slp|[from] Stealth Rock
|-damage|p2a: Politoed|289\/383 slp|[from] Spikes
|-weather|RainDance
|turn|25
|
|switch|p2a: Conkeldurr|Conkeldurr, M|286\/413
|-damage|p2a: Conkeldurr|235\/413|[from] Spikes
|-damage|p2a: Conkeldurr|210\/413|[from] Stealth Rock
|move|p1a: Celebi|Giga Drain|p2a: Conkeldurr
|-damage|p2a: Conkeldurr|132\/413
|
|-weather|RainDance|[upkeep]
|turn|26
|c|âGernulf|I thik I've lost
|leave|I Iike Squirtles
|c|âOx the Box|u have a chance
|
|switch|p1a: Keldeo|Keldeo|323\/323
|-damage|p1a: Keldeo|270\/323|[from] Spikes
|-damage|p1a: Keldeo|250\/323|[from] Stealth Rock
|move|p2a: Conkeldurr|Drain Punch|p1a: Keldeo
|-damage|p1a: Keldeo|79\/323
|-heal|p2a: Conkeldurr|218\/413|[from] drain|[of] p1a: Keldeo
|
|-weather|RainDance|[upkeep]
|-heal|p1a: Keldeo|99\/323|[from] item: Leftovers
|turn|27
|
|move|p1a: Keldeo|Scald|p2a: Conkeldurr
|-damage|p2a: Conkeldurr|20\/413
|-status|p2a: Conkeldurr|brn
|move|p2a: Conkeldurr|Drain Punch|p1a: Keldeo
|-damage|p1a: Keldeo|0 fnt
|-heal|p2a: Conkeldurr|70\/413 brn|[from] drain|[of] p1a: Keldeo
|faint|p1a: Keldeo
|
|-weather|RainDance|[upkeep]
|-damage|p2a: Conkeldurr|19\/413 brn|[from] brn
|
|switch|p1a: Gliscor|Gliscor, F|353\/353 tox
|-damage|p1a: Gliscor|309\/353 tox|[from] Stealth Rock
|turn|28
|
|move|p1a: Gliscor|Earthquake|p2a: Conkeldurr
|-damage|p2a: Conkeldurr|0 fnt
|faint|p2a: Conkeldurr
|
|-weather|RainDance|[upkeep]
|-heal|p1a: Gliscor|353\/353 tox|[from] ability: Poison Heal
|
|switch|p2a: Swampert|Swampert-Mega, F|341\/341
|-damage|p2a: Swampert|299\/341|[from] Spikes
|-damage|p2a: Swampert|278\/341|[from] Stealth Rock
|turn|29
|
|move|p2a: Swampert|Waterfall|p1a: Gliscor
|-supereffective|p1a: Gliscor
|-damage|p1a: Gliscor|0 fnt
|faint|p1a: Gliscor
|
|-weather|none
|
|switch|p1a: Celebi|Celebi|404\/404
|-damage|p1a: Celebi|337\/404|[from] Spikes
|-damage|p1a: Celebi|287\/404|[from] Stealth Rock
|turn|30
|
|switch|p2a: Politoed|Politoed, F|289\/383 slp
|-damage|p2a: Politoed|242\/383 slp|[from] Stealth Rock
|-damage|p2a: Politoed|195\/383 slp|[from] Spikes
|-weather|RainDance
|move|p1a: Celebi|Giga Drain|p2a: Politoed
|-crit|p2a: Politoed
|-supereffective|p2a: Politoed
|-damage|p2a: Politoed|0 fnt
|-heal|p1a: Celebi|385\/404|[from] drain|[of] p2a: Politoed
|faint|p2a: Politoed
|
|-weather|RainDance|[upkeep]
|-heal|p1a: Celebi|404\/404|[from] item: Leftovers
|
|switch|p2a: Swampert|Swampert-Mega, F|278\/341
|-damage|p2a: Swampert|236\/341|[from] Spikes
|-damage|p2a: Swampert|215\/341|[from] Stealth Rock
|turn|31
|
|move|p2a: Swampert|Ice Punch|p1a: Celebi
|-supereffective|p1a: Celebi
|-damage|p1a: Celebi|202\/404
|move|p1a: Celebi|Giga Drain|p2a: Swampert
|-supereffective|p2a: Swampert
|-damage|p2a: Swampert|0 fnt
|-heal|p1a: Celebi|310\/404|[from] drain|[of] p2a: Swampert
|faint|p2a: Swampert
|
|win|Ox the Box
|raw|Ladder updating...
|c|âGernulf|gg
|c|âOx the Box|gg
|raw|Ox the Box's rating: 1665 &rarr; <strong>1676<\/strong><br \/>(+11 for winning)
|raw|Gernulf's rating: 1514 &rarr; <strong>1502<\/strong><br \/>(-12 for losing)
|leave|Ox the Box
|player|p1