|join|once in a while
|join|Ox the Box
|player|p1|once in a while|147
|player|p2|Ox the Box|201
|gametype|singles
|gen|6
|tier|OU
|rated
|clearpoke
|poke|p1|Azelf
|poke|p1|Bisharp, F
|poke|p1|Raikou
|poke|p1|Metagross
|poke|p1|Landorus-Therian, M
|poke|p1|Keldeo
|poke|p2|Alomomola, F
|poke|p2|Hippowdon, M
|poke|p2|Metagross
|poke|p2|Excadrill, F
|poke|p2|Keldeo
|poke|p2|Celebi
|rule|Swagger Clause: Swagger is banned
|rule|Baton Pass Clause: Limit one PokÃ©mon knowing Baton Pass
|rule|Sleep Clause Mod: Limit one foe put to sleep
|rule|Species Clause: Limit one of each PokÃ©mon
|rule|OHKO Clause: OHKO moves are banned
|rule|Moody Clause: Moody is banned
|rule|Evasion Moves Clause: Evasion moves are banned
|rule|Endless Battle Clause: Forcing endless battles is banned
|rule|HP Percentage Mod: HP is shown in percentages
|teampreview
|join|TheSkyAboveUs
|c|âonce in a while|ox
|c|âonce in a while|hf
|c| TheSkyAboveUs|lol
|c|âOx the Box|u2
|c| TheSkyAboveUs|whatchu doing downhere
|join|Cosine180
|c|âonce in a while|did you drop ?
|c| TheSkyAboveUs|yo sup cosine
|
|start
|switch|p1a: Azelf|Azelf|291\/291
|switch|p2a: Alomomola|Alomomola, F|501\/501
|turn|1
|c| Cosine180|whatup
|join|FathaFingLing
|c|âOx the Box|yeah ive been tilting
|c| TheSkyAboveUs|ur stall team is amazing
|
|move|p1a: Azelf|Stealth Rock|p2a: Alomomola
|-sidestart|p2: Ox the Box|move: Stealth Rock
|move|p2a: Alomomola|Scald|p1a: Azelf
|-damage|p1a: Azelf|222\/291
|
|turn|2
|c|âonce in a while|is this stall ?
|c|âonce in a while|thats like bulky balanc
|c|âonce in a while|but its cool :o
|c|âOx the Box|this is balanced ;p
|c|âOx the Box|thanks
|c|âOx the Box|I made it a while ago
|c| TheSkyAboveUs|no cosine's stall team with mega sab
|
|move|p1a: Azelf|Taunt|p2a: Alomomola
|-start|p2a: Alomomola|move: Taunt
|move|p2a: Alomomola|Scald|p1a: Azelf
|-damage|p1a: Azelf|162\/291
|
|turn|3
|c|âOx the Box|it seems to do well rn, so I'm testing
|join|SwaggBoii
|join|Stoned Zard
|c|âonce in a while|ok :)
|c| Stoned Zard|:]
|
|switch|p1a: Raikou|Raikou|321\/321
|-ability|p1a: Raikou|Pressure
|move|p2a: Alomomola|Scald|p1a: Raikou
|-damage|p1a: Raikou|290\/321
|
|turn|4
|join|bluri
|c| bluri|bock auf
|c| bluri|ahh sry wrong chat
|
|switch|p1a: Azelf|Azelf|162\/291
|switch|p2a: Hippowdon|Hippowdon, M|420\/420
|-damage|p2a: Hippowdon|394\/420|[from] Stealth Rock
|-weather|Sandstorm
|
|-weather|Sandstorm|[upkeep]
|-damage|p1a: Azelf|144\/291|[from] sandstorm
|-heal|p2a: Hippowdon|420\/420|[from] item: Leftovers
|turn|5
|
|switch|p2a: Alomomola|Alomomola, F|501\/501
|-damage|p2a: Alomomola|439\/501|[from] Stealth Rock
|move|p1a: Azelf|Taunt|p2a: Alomomola
|-start|p2a: Alomomola|move: Taunt
|
|-weather|Sandstorm|[upkeep]
|-damage|p1a: Azelf|126\/291|[from] sandstorm
|-damage|p2a: Alomomola|408\/501|[from] sandstorm
|-heal|p2a: Alomomola|439\/501|[from] item: Leftovers
|turn|6
|c|âonce in a while|ox how do you feel about removing hazards in ou
|c|âOx the Box|it's good?
|c|âonce in a while|like in your teams case you"re forced to run 2 bulky grounds
|join|Low Ladder Woes
|
|move|p1a: Azelf|Explosion|p2a: Alomomola
|-damage|p2a: Alomomola|210\/501
|faint|p1a: Azelf
|move|p2a: Alomomola|Scald|p1: Azelf|[notarget]
|-notarget
|
|-weather|Sandstorm|[upkeep]
|-damage|p2a: Alomomola|179\/501|[from] sandstorm
|-heal|p2a: Alomomola|210\/501|[from] item: Leftovers
|c|âOx the Box|I'm not really forced to
|c| TheSkyAboveUs|art is an explosion
|c|âonce in a while|to have overlapping weaknesses
|join|krengboy
|leave|Cosine180
|
|switch|p1a: tendency to scald|Keldeo|323\/323
|turn|7
|
|switch|p2a: Celebi|Celebi|404\/404
|-damage|p2a: Celebi|354\/404|[from] Stealth Rock
|move|p1a: tendency to scald|Hydro Pump|p2a: Celebi
|-resisted|p2a: Celebi
|-damage|p2a: Celebi|249\/404
|
|-weather|Sandstorm|[upkeep]
|-damage|p1a: tendency to scald|303\/323|[from] sandstorm
|-damage|p2a: Celebi|224\/404|[from] sandstorm
|-heal|p2a: Celebi|249\/404|[from] item: Leftovers
|turn|8
|
|switch|p1a: Landorus-Therian|Landorus-Therian, M|319\/319
|-ability|p1a: Landorus-Therian|Intimidate|[of] p2a: Celebi
|-unboost|p2a: Celebi|atk|1
|move|p2a: Celebi|Giga Drain|p1a: Landorus-Therian
|-damage|p1a: Landorus-Therian|207\/319
|-heal|p2a: Celebi|305\/404|[from] drain|[of] p1a: Landorus-Therian
|
|-weather|none
|-heal|p2a: Celebi|330\/404|[from] item: Leftovers
|turn|9
|
|switch|p2a: Keldeo|Keldeo|323\/323
|-damage|p2a: Keldeo|303\/323|[from] Stealth Rock
|move|p1a: Landorus-Therian|U-turn|p2a: Keldeo
|-resisted|p2a: Keldeo
|-damage|p2a: Keldeo|253\/323
|
|switch|p1a: Raikou|Raikou|290\/321
|-ability|p1a: Raikou|Pressure
|
|-heal|p2a: Keldeo|273\/323|[from] item: Leftovers
|turn|10
|
|switch|p1a: tendency to scald|Keldeo|303\/323
|switch|p2a: Hippowdon|Hippowdon, M|420\/420
|-damage|p2a: Hippowdon|394\/420|[from] Stealth Rock
|-weather|Sandstorm
|
|-weather|Sandstorm|[upkeep]
|-damage|p1a: tendency to scald|283\/323|[from] sandstorm
|-heal|p2a: Hippowdon|420\/420|[from] item: Leftovers
|turn|11
|
|switch|p2a: Keldeo|Keldeo|273\/323
|-damage|p2a: Keldeo|253\/323|[from] Stealth Rock
|move|p1a: tendency to scald|Scald|p2a: Keldeo
|-resisted|p2a: Keldeo
|-damage|p2a: Keldeo|128\/323
|
|-weather|Sandstorm|[upkeep]
|-damage|p2a: Keldeo|108\/323|[from] sandstorm
|-damage|p1a: tendency to scald|263\/323|[from] sandstorm
|-heal|p2a: Keldeo|128\/323|[from] item: Leftovers
|turn|12
|
|switch|p2a: Celebi|Celebi|330\/404
|-damage|p2a: Celebi|280\/404|[from] Stealth Rock
|move|p1a: tendency to scald|Scald|p2a: Celebi
|-resisted|p2a: Celebi
|-damage|p2a: Celebi|203\/404
|-status|p2a: Celebi|brn
|
|-weather|Sandstorm|[upkeep]
|-damage|p1a: tendency to scald|243\/323|[from] sandstorm
|-damage|p2a: Celebi|178\/404 brn|[from] sandstorm
|-heal|p2a: Celebi|203\/404 brn|[from] item: Leftovers
|-damage|p2a: Celebi|153\/404 brn|[from] brn
|turn|13
|
|switch|p1a: tendency to be frz|Metagross|301\/301
|move|p2a: Celebi|Recover|p2a: Celebi
|-heal|p2a: Celebi|355\/404 brn
|
|-weather|Sandstorm|[upkeep]
|-damage|p2a: Celebi|330\/404 brn|[from] sandstorm
|-heal|p2a: Celebi|355\/404 brn|[from] item: Leftovers
|-damage|p2a: Celebi|305\/404 brn|[from] brn
|turn|14
|join|im xray
|leave|im xray
|
|switch|p1a: tendency to scald|Keldeo|243\/323
|switch|p2a: Alomomola|Alomomola, F|377\/501
|-damage|p2a: Alomomola|315\/501|[from] Stealth Rock
|
|-weather|none
|-heal|p2a: Alomomola|346\/501|[from] item: Leftovers
|turn|15
|
|move|p1a: tendency to scald|Hydro Pump|p2a: Alomomola
|-resisted|p2a: Alomomola
|-damage|p2a: Alomomola|126\/501
|move|p2a: Alomomola|Wish|p2a: Alomomola
|
|-heal|p2a: Alomomola|157\/501|[from] item: Leftovers
|turn|16
|
|switch|p1a: Raikou|Raikou|290\/321
|-ability|p1a: Raikou|Pressure
|move|p2a: Alomomola|Protect|p2a: Alomomola
|-fail|p2a: Alomomola
|
|-heal|p2a: Alomomola|407\/501|[from] move: Wish|[wisher] Alomomola
|-heal|p2a: Alomomola|438\/501|[from] item: Leftovers
|turn|17
|
|switch|p1a: tendency to scald|Keldeo|243\/323
|switch|p2a: Hippowdon|Hippowdon, M|420\/420
|-damage|p2a: Hippowdon|394\/420|[from] Stealth Rock
|-weather|Sandstorm
|
|-weather|Sandstorm|[upkeep]
|-damage|p1a: tendency to scald|223\/323|[from] sandstorm
|-heal|p2a: Hippowdon|420\/420|[from] item: Leftovers
|turn|18
|
|switch|p1a: Bisharp|Bisharp, F|271\/271
|switch|p2a: Celebi|Celebi|305\/404
|-damage|p2a: Celebi|255\/404|[from] Stealth Rock
|
|-weather|Sandstorm|[upkeep]
|-damage|p2a: Celebi|230\/404|[from] sandstorm
|-heal|p2a: Celebi|255\/404|[from] item: Leftovers
|turn|19
|join|DennisEG
|c|âonce in a while|btw it feels good to get a good opponent on the ladder
|
|move|p1a: Bisharp|Pursuit|p2a: Celebi|[from]Pursuit
|-supereffective|p2a: Celebi
|-damage|p2a: Celebi|0 fnt
|-damage|p1a: Bisharp|244\/271|[from] item: Life Orb
|faint|p2a: Celebi
|
|-weather|Sandstorm|[upkeep]
|
|switch|p2a: Hippowdon|Hippowdon, M|420\/420
|-damage|p2a: Hippowdon|394\/420|[from] Stealth Rock
|turn|20
|c|âOx the Box|:]
|
|switch|p1a: tendency to scald|Keldeo|223\/323
|move|p2a: Hippowdon|Stealth Rock|p1a: tendency to scald
|-sidestart|p1: once in a while|move: Stealth Rock
|
|-weather|Sandstorm|[upkeep]
|-damage|p1a: tendency to scald|203\/323|[from] sandstorm
|-heal|p2a: Hippowdon|420\/420|[from] item: Leftovers
|turn|21
|c|âonce in a while|because im not too fond of scarfwisp rotom and bold umbreon, you know
|
|switch|p2a: Alomomola|Alomomola, F|501\/501
|-damage|p2a: Alomomola|439\/501|[from] Stealth Rock
|move|p1a: tendency to scald|Scald|p2a: Alomomola
|-resisted|p2a: Alomomola
|-damage|p2a: Alomomola|277\/501
|
|-weather|none
|-heal|p2a: Alomomola|308\/501|[from] item: Leftovers
|turn|22
|c|âOx the Box|lol
|c|âOx the Box|me neither
|c|âonce in a while|this got me tilting lol
|
|switch|p1a: Raikou|Raikou|290\/321
|-damage|p1a: Raikou|250\/321|[from] Stealth Rock
|-ability|p1a: Raikou|Pressure
|move|p2a: Alomomola|Wish|p2a: Alomomola
|
|-heal|p2a: Alomomola|339\/501|[from] item: Leftovers
|turn|23
|
|switch|p2a: Metagross|Metagross|301\/301
|-damage|p2a: Metagross|283\/301|[from] Stealth Rock
|move|p1a: Raikou|Volt Switch|p2a: Metagross
|-crit|p2a: Metagross
|-damage|p2a: Metagross|79\/301
|c|âonce in a while|wow sorry
|c|âOx the Box|it's cool
|c|âOx the Box|I have a wish coming up
|join|Cosine180
|c|âonce in a while|oh thats true
|c|âOx the Box|that was a max crit roll tho
|c|âOx the Box|lol
|c|âonce in a while|lol
|c| TheSkyAboveUs|lol
|c|âOx the Box|252 SpA Raikou Volt Switch vs. 0 HP \/ 4 SpD Metagross on a critical hit: 172-204 (57.1 - 67.7%) -- guaranteed 2HKO
|
|switch|p1a: Landorus-Therian|Landorus-Therian, M|207\/319
|-damage|p1a: Landorus-Therian|168\/319|[from] Stealth Rock
|-ability|p1a: Landorus-Therian|Intimidate|[of] p2a: Metagross
|-fail|p2a: Metagross|unboost|[from] ability: Clear Body|[of] p2a: Metagross
|
|-heal|p2a: Metagross|301\/301|[from] move: Wish|[wisher] Alomomola
|turn|24
|c|âonce in a while|dang lmao
|c|âonce in a while|that healed to full
|c|âOx the Box|yup
|c| TheSkyAboveUs|whoa it went back all the way up
|
|switch|p2a: Hippowdon|Hippowdon, M|420\/420
|-damage|p2a: Hippowdon|394\/420|[from] Stealth Rock
|-weather|Sandstorm
|move|p1a: Landorus-Therian|U-turn|p2a: Hippowdon
|-damage|p2a: Hippowdon|331\/420
|c|âOx the Box|alom has huge wishes
|
|switch|p1a: tendency to scald|Keldeo|203\/323
|-damage|p1a: tendency to scald|183\/323|[from] Stealth Rock
|
|-weather|Sandstorm|[upkeep]
|-damage|p1a: tendency to scald|163\/323|[from] sandstorm
|-heal|p2a: Hippowdon|357\/420|[from] item: Leftovers
|turn|25
|
|switch|p2a: Alomomola|Alomomola, F|501\/501
|-damage|p2a: Alomomola|439\/501|[from] Stealth Rock
|move|p1a: tendency to scald|Hidden Power|p2a: Alomomola
|-supereffective|p2a: Alomomola
|-damage|p2a: Alomomola|121\/501
|
|-weather|Sandstorm|[upkeep]
|-damage|p1a: tendency to scald|143\/323|[from] sandstorm
|-damage|p2a: Alomomola|90\/501|[from] sandstorm
|-heal|p2a: Alomomola|121\/501|[from] item: Leftovers
|turn|26
|
|switch|p1a: Bisharp|Bisharp, F|244\/271
|-damage|p1a: Bisharp|228\/271|[from] Stealth Rock
|switch|p2a: Excadrill|Excadrill, F|361\/361
|-damage|p2a: Excadrill|350\/361|[from] Stealth Rock
|
|-weather|Sandstorm|[upkeep]
|turn|27
|join|Omegasization
|c|âOx the Box|exca just gets a kill every time it comes in
|
|move|p2a: Excadrill|Rapid Spin|p1a: Bisharp
|-resisted|p1a: Bisharp
|-damage|p1a: Bisharp|211\/271
|-sideend|p2: Ox the Box|Stealth Rock|[from] move: Rapid Spin|[of] p2a: Excadrill
|-damage|p2a: Excadrill|314\/361|[from] item: Life Orb
|move|p1a: Bisharp|Knock Off|p2a: Excadrill
|-damage|p2a: Excadrill|0 fnt
|-enditem|p2a: Excadrill|Life Orb|[from] move: Knock Off|[of] p1a: Bisharp
|-damage|p1a: Bisharp|184\/271|[from] item: Life Orb
|faint|p2a: Excadrill
|
|-weather|Sandstorm|[upkeep]
|c|âOx the Box|oh
|c|âOx the Box|lol
|
|switch|p2a: Keldeo|Keldeo|128\/323
|turn|28
|c|âonce in a while|I know but sr pressure you so damn hard
|c|âOx the Box|yeah
|c|âOx the Box|I probably should have just attacked
|c|âOx the Box|because it 6-0d you
|c|âOx the Box|*5-0d
|leave|bluri
|c|âonce in a while|yeah lol
|c|âonce in a while|but I made an overly risky play
|c|âOx the Box|yeah
|c|âOx the Box|it paid off
|c|âOx the Box|I think sucker was da best play tho
|c|âOx the Box|but w\/e
|c|âOx the Box|it obviously worked lol
|c|âonce in a while|Im aware :]
|
|move|p2a: Keldeo|Secret Sword|p1a: Bisharp
|-supereffective|p1a: Bisharp
|-damage|p1a: Bisharp|0 fnt
|faint|p1a: Bisharp
|
|-weather|none
|-heal|p2a: Keldeo|148\/323|[from] item: Leftovers
|
|switch|p1a: Raikou|Raikou|250\/321
|-damage|p1a: Raikou|210\/321|[from] Stealth Rock
|-ability|p1a: Raikou|Pressure
|turn|29
|
|switch|p2a: Hippowdon|Hippowdon, M|357\/420
|-weather|Sandstorm
|move|p1a: Raikou|Volt Switch|p2a: Hippowdon
|-immune|p2a: Hippowdon|[msg]
|
|-weather|Sandstorm|[upkeep]
|-damage|p1a: Raikou|190\/321|[from] sandstorm
|-heal|p2a: Hippowdon|383\/420|[from] item: Leftovers
|turn|30
|join|MyLittleDick
|
|move|p1a: Raikou|Hidden Power|p2a: Hippowdon
|-supereffective|p2a: Hippowdon
|-damage|p2a: Hippowdon|225\/420
|move|p2a: Hippowdon|Ice Fang|p1a: Raikou
|-damage|p1a: Raikou|119\/321
|
|-weather|Sandstorm|[upkeep]
|-damage|p1a: Raikou|99\/321|[from] sandstorm
|-heal|p2a: Hippowdon|251\/420|[from] item: Leftovers
|turn|31
|c| Stoned Zard|damn
|c| TheSkyAboveUs|sup zard
|c|âOx the Box|were u jolly bish btw
|
|move|p1a: Raikou|Shadow Ball|p2a: Hippowdon
|-damage|p2a: Hippowdon|147\/420
|move|p2a: Hippowdon|Slack Off|p2a: Hippowdon
|-heal|p2a: Hippowdon|357\/420
|
|-weather|Sandstorm|[upkeep]
|-damage|p1a: Raikou|79\/321|[from] sandstorm
|-heal|p2a: Hippowdon|383\/420|[from] item: Leftovers
|turn|32
|c|âonce in a while|I was
|c|âOx the Box|ah
|c| Stoned Zard|Yo, hippo eating all the hits
|c|âonce in a while|why
|
|move|p1a: Raikou|Hidden Power|p2a: Hippowdon
|-supereffective|p2a: Hippowdon
|-damage|p2a: Hippowdon|243\/420
|move|p2a: Hippowdon|Earthquake|p1a: Raikou
|-supereffective|p1a: Raikou
|-damage|p1a: Raikou|0 fnt
|faint|p1a: Raikou
|
|-weather|Sandstorm|[upkeep]
|-heal|p2a: Hippowdon|269\/420|[from] item: Leftovers
|c|âOx the Box|jw because I wasn't sure if I went for bp or hard switch with keldeo
|c|âOx the Box|cancel is a bad button lol
|
|switch|p1a: tendency to scald|Keldeo|143\/323
|-damage|p1a: tendency to scald|123\/323|[from] Stealth Rock
|turn|33
|c|âonce in a while|ok I see
|c| Stoned Zard|lol
|
|switch|p2a: Keldeo|Keldeo|148\/323
|move|p1a: tendency to scald|Scald|p2a: Keldeo
|-resisted|p2a: Keldeo
|-damage|p2a: Keldeo|31\/323
|-status|p2a: Keldeo|brn
|
|-weather|none
|-heal|p2a: Keldeo|51\/323 brn|[from] item: Leftovers
|-damage|p2a: Keldeo|11\/323 brn|[from] brn
|turn|34
|c|âOx the Box|alom about to put in work
|join|heartfield
|c|âOx the Box|please win this
|leave|heartfield
|leave|MyLittleDick
|leave|Omegasization
|join|time to test more
|c|âOx the Box|u there
|c|âonce in a while|thinking
|c|âonce in a while|sorry
|c|âOx the Box|ok
|c|âOx the Box|tis fine
|c|âonce in a while|you can timer dw
|
|move|p2a: Keldeo|Scald|p1a: tendency to scald
|-resisted|p1a: tendency to scald
|-damage|p1a: tendency to scald|39\/323
|move|p1a: tendency to scald|Scald|p2a: Keldeo
|-resisted|p2a: Keldeo
|-damage|p2a: Keldeo|0 fnt
|faint|p2a: Keldeo
|
|c|âOx the Box|ah cancel worked
|c|âonce in a while|it works
|c|âonce in a while|1 time out of 10
|
|switch|p2a: Metagross|Metagross|301\/301
|turn|35
|c|âOx the Box|it only works when you don't want it to work
|c|âonce in a while|kinda lol
|c|âOx the Box|but scald was my best overall play either way
|join|Ez Thunder$Ladd
|
|detailschange|p2a: Metagross|Metagross-Mega
|-mega|p2a: Metagross|Metagross|Metagrossite
|move|p1a: tendency to scald|Scald|p2a: Metagross
|-damage|p2a: Metagross|96\/301
|move|p2a: Metagross|Pursuit|p1a: tendency to scald
|-resisted|p1a: tendency to scald
|-damage|p1a: tendency to scald|1\/323
|-boost|p1a: tendency to scald|atk|1|[from] ability: Justified
|
|turn|36
|c|âonce in a while|ikr
|c|âOx the Box|puts u in pursuit + rocks range
|c|âonce in a while|why give me attack boost o_o now aqua jet kills
|
|move|p2a: Metagross|Pursuit|p1a: tendency to scald
|-resisted|p1a: tendency to scald
|-damage|p1a: tendency to scald|0 fnt
|faint|p1a: tendency to scald
|
|c|âOx the Box|m' bad
|c|âonce in a while|not exactly lol
|join|El-Soldier
|
|switch|p1a: tendency to be frz|Metagross|301\/301
|-damage|p1a: tendency to be frz|283\/301|[from] Stealth Rock
|turn|37
|
|detailschange|p1a: tendency to be frz|Metagross-Mega
|-mega|p1a: tendency to be frz|Metagross|Metagrossite
|move|p2a: Metagross|Hammer Arm|p1a: tendency to be frz
|-damage|p1a: tendency to be frz|164\/301
|-unboost|p2a: Metagross|spe|1
|move|p1a: tendency to be frz|Meteor Mash|p2a: Metagross
|-resisted|p2a: Metagross
|-damage|p2a: Metagross|21\/301
|-boost|p1a: tendency to be frz|atk|1
|
|turn|38
|c| TheSkyAboveUs|nb nb
|c|âOx the Box|oh
|c|âonce in a while|god this is a joke
|c|âonce in a while|I went for it obv
|c|âonce in a while|but like gross is so broken
|c|âOx the Box|yeah
|
|move|p1a: tendency to be frz|Meteor Mash|p2a: Metagross
|-resisted|p2a: Metagross
|-damage|p2a: Metagross|0 fnt
|faint|p2a: Metagross
|
|c|âOx the Box|that's probably game
|c|âonce in a while|I just want to apologize
|c| TheSkyAboveUs|yea
|c| TheSkyAboveUs|gg tho
|join|JohnxYiu
|c|âonce in a while|its a roll on hippo
|c|âonce in a while|actually
|
|switch|p2a: Hippowdon|Hippowdon, M|269\/420
|-weather|Sandstorm
|turn|39
|c| DennisEG|scald burn yn
|c|âOx the Box|you're grass knot right
|c| TheSkyAboveUs|nah u trained ur mneta hard
|c|âonce in a while|o wait thats not killing
|c|âonce in a while|nope Im not
|
|move|p1a: tendency to be frz|Zen Headbutt|p2a: Hippowdon
|-damage|p2a: Hippowdon|70\/420
|move|p2a: Hippowdon|Earthquake|p1a: tendency to be frz
|-supereffective|p1a: tendency to be frz
|-damage|p1a: tendency to be frz|0 fnt
|faint|p1a: tendency to be frz
|
|-weather|Sandstorm|[upkeep]
|-heal|p2a: Hippowdon|96\/420|[from] item: Leftovers
|c|âOx the Box|if u didn't get the boost alom would have walled ;c
|c|âOx the Box|ahhhh
|
|switch|p1a: Landorus-Therian|Landorus-Therian, M|168\/319
|-damage|p1a: Landorus-Therian|129\/319|[from] Stealth Rock
|-ability|p1a: Landorus-Therian|Intimidate|[of] p2a: Hippowdon
|-unboost|p2a: Hippowdon|atk|1
|turn|40
|c|âOx the Box|nichze
|
|move|p1a: Landorus-Therian|Earthquake|p2a: Hippowdon
|-damage|p2a: Hippowdon|0 fnt
|faint|p2a: Hippowdon
|
|-weather|Sandstorm|[upkeep]
|
|switch|p2a: Alomomola|Alomomola, F|288\/501
|turn|41
|c|âonce in a while|im bp it fits my team more
|
|move|p2a: Alomomola|Protect|p2a: Alomomola
|-singleturn|p2a: Alomomola|Protect
|move|p1a: Landorus-Therian|Earthquake|p2a: Alomomola
|-activate|p2a: Alomomola|Protect
|
|-weather|Sandstorm|[upkeep]
|-damage|p2a: Alomomola|257\/501|[from] sandstorm
|-heal|p2a: Alomomola|288\/501|[from] item: Leftovers
|turn|42
|
|move|p1a: Landorus-Therian|Earthquake|p2a: Alomomola
|-damage|p2a: Alomomola|113\/501
|move|p2a: Alomomola|Wish|p2a: Alomomola
|
|-weather|Sandstorm|[upkeep]
|-damage|p2a: Alomomola|82\/501|[from] sandstorm
|-heal|p2a: Alomomola|113\/501|[from] item: Leftovers
|turn|43
|
|move|p2a: Alomomola|Protect|p2a: Alomomola
|-singleturn|p2a: Alomomola|Protect
|move|p1a: Landorus-Therian|Earthquake|p2a: Alomomola
|-activate|p2a: Alomomola|Protect
|
|-weather|none
|-heal|p2a: Alomomola|363\/501|[from] move: Wish|[wisher] Alomomola
|-heal|p2a: Alomomola|394\/501|[from] item: Leftovers
|turn|44
|c| TheSkyAboveUs|hp grass here
|c|âOx the Box|I can't mess around
|c|âonce in a while|oh its wish tect
|c|âOx the Box|yeah
|c|âOx the Box|what did u think
|c|âonce in a while|idk
|
|move|p1a: Landorus-Therian|Earthquake|p2a: Alomomola
|-damage|p2a: Alomomola|246\/501
|move|p2a: Alomomola|Wish|p2a: Alomomola
|
|-heal|p2a: Alomomola|277\/501|[from] item: Leftovers
|turn|45
|
|move|p2a: Alomomola|Protect|p2a: Alomomola
|-singleturn|p2a: Alomomola|Protect
|move|p1a: Landorus-Therian|Earthquake|p2a: Alomomola
|-activate|p2a: Alomomola|Protect
|
|-heal|p2a: Alomomola|501\/501|[from] move: Wish|[wisher] Alomomola
|turn|46
|c| TheSkyAboveUs|ur begging for a crit
|c|âonce in a while|gg
|c|âOx the Box|gg
|
|move|p1a: Landorus-Therian|Earthquake|p2a: Alomomola
|-damage|p2a: Alomomola|342\/501
|move|p2a: Alomomola|Scald|p1a: Landorus-Therian
|-supereffective|p1a: Landorus-Therian
|-damage|p1a: Landorus-Therian|15\/319
|
|-heal|p2a: Alomomola|373\/501|[from] item: Leftovers
|turn|47
|c|âonce in a while|no hes not lmao
|c|âOx the Box|that's why i wish + tected
|join|bloons4dayz
|c|âOx the Box|so even crit didn't kill
|c| TheSkyAboveUs|crit not gonna kill
|leave|SwaggBoii
|
|move|p1a: Landorus-Therian|Earthquake|p2a: Alomomola
|-damage|p2a: Alomomola|211\/501
|move|p2a: Alomomola|Scald|p1a: Landorus-Therian
|-supereffective|p1a: Landorus-Therian
|-damage|p1a: Landorus-Therian|0 fnt
|faint|p1a: Landorus-Therian
|
|win|Ox the Box
|raw|Ladder updating...
|c|âonce in a while|cya :)
|c|âOx the Box|bye