|join|AM
|join|Ox the Box
|player|p1|AM|216
|player|p2|Ox the Box|201
|gametype|singles
|gen|6
|tier|OU
|clearpoke
|poke|p1|Metagross
|poke|p1|Crawdaunt, F
|poke|p1|Bisharp, M
|poke|p1|Heatran, F
|poke|p1|Latios, M
|poke|p1|Tornadus-Therian, M
|poke|p2|Garchomp, F, shiny
|poke|p2|Metagross, shiny
|poke|p2|Landorus, M, shiny
|poke|p2|Lucario, M, shiny
|poke|p2|Gengar, F, shiny
|poke|p2|Keldeo
|rule|Swagger Clause: Swagger is banned
|rule|Baton Pass Clause: Limit one PokÃ©mon knowing Baton Pass
|rule|Sleep Clause Mod: Limit one foe put to sleep
|rule|Species Clause: Limit one of each PokÃ©mon
|rule|OHKO Clause: OHKO moves are banned
|rule|Moody Clause: Moody is banned
|rule|Evasion Moves Clause: Evasion moves are banned
|rule|Endless Battle Clause: Forcing endless battles is banned
|rule|HP Percentage Mod: HP is shown in percentages
|teampreview
|c|âOx the Box|glhf
|c|âAM|same
|join|Dragongroudon9
|c|âOx the Box|i just lost to flaming in ocl ;_;
|c|âAM|yeah I just lost to a garbage player on ladder
|c|âAM|:s
|c|âOx the Box|I thought that ghost resisted ground
|c|âAM|I hate laddering
|
|start
|switch|p1a: Tornadus-Therian|Tornadus-Therian, M|299\/299
|switch|p2a: Landorus|Landorus, M, shiny|319\/319
|turn|1
|
|move|p1a: Tornadus-Therian|Knock Off|p2a: Landorus
|-damage|p2a: Landorus|207\/319
|-enditem|p2a: Landorus|Life Orb|[from] move: Knock Off|[of] p1a: Tornadus-Therian
|-damage|p1a: Tornadus-Therian|270\/299|[from] item: Life Orb
|move|p2a: Landorus|Stealth Rock|p1a: Tornadus-Therian
|-sidestart|p1: AM|move: Stealth Rock
|
|turn|2
|c|âOx the Box|me too
|
|move|p1a: Tornadus-Therian|Hurricane|p2a: Landorus
|-damage|p2a: Landorus|0 fnt
|-damage|p1a: Tornadus-Therian|241\/299|[from] item: Life Orb
|faint|p2a: Landorus
|
|
|switch|p2a: Metagross|Metagross, shiny|301\/301
|turn|3
|
|switch|p1a: Crawdaunt|Crawdaunt, F|267\/267
|-damage|p1a: Crawdaunt|234\/267|[from] Stealth Rock
|detailschange|p2a: Metagross|Metagross-Mega, shiny
|-mega|p2a: Metagross|Metagross|Metagrossite
|move|p2a: Metagross|Meteor Mash|p1a: Crawdaunt
|-resisted|p1a: Crawdaunt
|-damage|p1a: Crawdaunt|96\/267
|-boost|p2a: Metagross|atk|1
|
|turn|4
|c|âAM|> resist
|c|âOx the Box|stupid broken mon
|
|move|p1a: Crawdaunt|Aqua Jet|p2a: Metagross
|-damage|p2a: Metagross|205\/301
|-damage|p1a: Crawdaunt|70\/267|[from] item: Life Orb
|move|p2a: Metagross|Meteor Mash|p1a: Crawdaunt
|-resisted|p1a: Crawdaunt
|-damage|p1a: Crawdaunt|0 fnt
|faint|p1a: Crawdaunt
|
|
|switch|p1a: Heatran|Heatran, F|323\/323
|-damage|p1a: Heatran|283\/323|[from] Stealth Rock
|turn|5
|
|move|p2a: Metagross|Hammer Arm|p1a: Heatran
|-supereffective|p1a: Heatran
|-enditem|p1a: Heatran|Chople Berry|[eat]
|-damage|p1a: Heatran|26\/323
|-unboost|p2a: Metagross|spe|1
|move|p1a: Heatran|Magma Storm|p2a: Metagross
|-supereffective|p2a: Metagross
|-damage|p2a: Metagross|0 fnt
|faint|p2a: Metagross
|
|c|âOx the Box|lol
|c|âOx the Box|is that for megagross
|c|âAM|that
|
|switch|p2a: Garchomp|Garchomp, F, shiny|356\/356
|turn|6
|c|âAM|and m-lopunny
|c|âOx the Box|nichze
|c|âOx the Box|innovation
|c|âAM|yeah jukain laughed at me
|join|NagariNewMeta
|c|âOx the Box|lol
|c|âAM|lol
|join|Phlipadelphia
|
|move|p2a: Garchomp|Substitute|p2a: Garchomp
|-start|p2a: Garchomp|Substitute
|-damage|p2a: Garchomp|267\/356
|move|p1a: Heatran|Stealth Rock|p2a: Garchomp
|-sidestart|p2: Ox the Box|move: Stealth Rock
|
|turn|7
|c|âAM|rip
|c|âAM|my team
|c|âOx the Box|RIP
|
|move|p2a: Garchomp|Dragon Claw|p1a: Heatran
|-resisted|p1a: Heatran
|-damage|p1a: Heatran|0 fnt
|faint|p1a: Heatran
|
|join|daftmau5
|c|âOx the Box|can u please lose to brodean
|
|switch|p1a: Metagross|Metagross|301\/301
|-damage|p1a: Metagross|283\/301|[from] Stealth Rock
|turn|8
|c|âAM|lol
|leave|NagariNewMeta
|c|âOx the Box|I don't want my team to be out because of my chokes
|
|detailschange|p1a: Metagross|Metagross-Mega
|-mega|p1a: Metagross|Metagross|Metagrossite
|move|p2a: Garchomp|Earthquake|p1a: Metagross
|-supereffective|p1a: Metagross
|-damage|p1a: Metagross|25\/301
|move|p1a: Metagross|Meteor Mash|p2a: Garchomp
|-end|p2a: Garchomp|Substitute
|
|turn|9
|c| daftmau5|tfl was using chople ferro
|join|m00n's blanket
|
|move|p1a: Metagross|Meteor Mash|p2a: Garchomp
|-damage|p2a: Garchomp|8\/356
|-damage|p1a: Metagross|0 fnt|[from] ability: Rough Skin|[of] p2a: Garchomp
|faint|p1a: Metagross
|-enditem|p2a: Garchomp|Salac Berry|[eat]
|-boost|p2a: Garchomp|spe|1|[from] item: Salac Berry
|move|p2a: Garchomp|Swords Dance|p2a: Garchomp
|-boost|p2a: Garchomp|atk|2
|
|c|âOx the Box|lmao
|c|âOx the Box|zzz
|
|switch|p1a: Bisharp|Bisharp, M|269\/269
|-damage|p1a: Bisharp|253\/269|[from] Stealth Rock
|turn|10
|c| m00n's blanket|hey hey ox
|
|move|p1a: Bisharp|Sucker Punch|p2a: Garchomp
|-fail|p2a: Garchomp
|move|p2a: Garchomp|Swords Dance|p2a: Garchomp
|-boost|p2a: Garchomp|atk|2
|
|turn|11
|c|âOx the Box|hi
|c| m00n's blanket|OX LOVES COCKS
|c|âOx the Box|,
|c| m00n's blanket|HAHAHAHAHAHA GOT U NIGGA
|
|move|p1a: Bisharp|Sucker Punch|p2a: Garchomp
|-fail|p2a: Garchomp
|move|p2a: Garchomp|Swords Dance|p2a: Garchomp
|-boost|p2a: Garchomp|atk|2
|
|turn|12
|c|âOx the Box|this is why u got kicked from bof
|c|âOx the Box|zzz
|c| m00n's blanket|lol ik
|
|move|p1a: Bisharp|Sucker Punch|p2a: Garchomp
|-fail|p2a: Garchomp
|move|p2a: Garchomp|Swords Dance|p2a: Garchomp
|-fail|p2a: Garchomp
|
|turn|13
|c| daftmau5|start sd-ing with bisharp
|c| daftmau5|too late now
|c|âOx the Box|bof went to shit when u left
|c|âOx the Box|I got demoted as well
|
|move|p2a: Garchomp|Swords Dance|p2a: Garchomp
|-fail|p2a: Garchomp
|move|p1a: Bisharp|Knock Off|p2a: Garchomp
|-damage|p2a: Garchomp|0 fnt
|-damage|p1a: Bisharp|220\/269|[from] ability: Rough Skin|[of] p2a: Garchomp
|-damage|p1a: Bisharp|194\/269|[from] item: Life Orb
|faint|p2a: Garchomp
|
|c| m00n's blanket|it was going to shit before
|c| m00n's blanket|it was cool like the first week
|c| m00n's blanket|thats why i started fucking around so much
|
|switch|p2a: Lucario|Lucario, M, shiny|281\/281
|-damage|p2a: Lucario|273\/281|[from] Stealth Rock
|turn|14
|c| m00n's blanket|i only liked like 8 people in there zzzzz
|c|âAM|man
|c|âAM|SD on this bisharp
|c|âAM|is so pointless
|c|âAM|lmfao
|c|âOx the Box|why
|c|âAM|I never sweep with it
|c|âAM|and just makes me
|c|âAM|autolose to this shit
|c|âAM|lol
|c|âOx the Box|what else would u lose
|c| Phlipadelphia|pursuit
|
|move|p2a: Lucario|Swords Dance|p2a: Lucario
|-boost|p2a: Lucario|atk|2
|move|p1a: Bisharp|Knock Off|p2a: Lucario
|-resisted|p2a: Lucario
|-damage|p2a: Lucario|101\/281
|-boost|p2a: Lucario|atk|1|[from] ability: Justified
|-enditem|p2a: Lucario|Life Orb|[from] move: Knock Off|[of] p1a: Bisharp
|-damage|p1a: Bisharp|168\/269|[from] item: Life Orb
|
|turn|15
|c|âAM|just kill me
|
|move|p2a: Lucario|Extreme Speed|p1a: Bisharp
|-resisted|p1a: Bisharp
|-damage|p1a: Bisharp|45\/269
|move|p1a: Bisharp|Sucker Punch|p2a: Lucario
|-fail|p2a: Lucario
|
|turn|16
|c| m00n's blanket|oh hey phil
|
|move|p2a: Lucario|Extreme Speed|p1a: Bisharp
|-resisted|p1a: Bisharp
|-damage|p1a: Bisharp|0 fnt
|faint|p1a: Bisharp
|
|c| Phlipadelphia|hi
|
|switch|p1a: Latios|Latios, M|299\/299
|-damage|p1a: Latios|262\/299|[from] Stealth Rock
|turn|17
|
|move|p2a: Lucario|Extreme Speed|p1a: Latios
|-damage|p1a: Latios|0 fnt
|faint|p1a: Latios
|
|c|âOx the Box|gg
|c|âAM|gg
|
|switch|p1a: Tornadus-Therian|Tornadus-Therian, M|299\/299
|-damage|p1a: Tornadus-Therian|225\/299|[from] Stealth Rock
|turn|18
|c|âOx the Box|I wish this was the ocl match
|c| m00n's blanket|am scarf torn
|c| m00n's blanket|or nah
|c|âAM|no
|
|move|p1a: Tornadus-Therian|Hurricane|p2a: Lucario|[miss]
|-miss|p1a: Tornadus-Therian|p2a: Lucario
|move|p2a: Lucario|Close Combat|p1a: Tornadus-Therian
|-resisted|p1a: Tornadus-Therian
|-damage|p1a: Tornadus-Therian|0 fnt
|-unboost|p2a: Lucario|def|1
|-unboost|p2a: Lucario|spd|1
|faint|p1a: Tornadus-Therian
|
|win|Ox the Box
|c|âOx the Box|predicted miss
|c| m00n's blanket|scarf and 3 hurricane hits would win
|c| Phlipadelphia|so real
|c| m00n's blanket|jsjs
|c|âOx the Box|tbh
|leave|AM
|leave|Ox the Box
|leave|Phlipadelphia
|leave|m00n's blanket
|player|p1
|player|p2
|leave|Dragongroudon9
|join|Zamrock tst
|leave|Zamrock tst
|join|thepack
|leave|thepack
|join|FlamingVictini PB
|leave|FlamingVictini PB
|join|yuy
|join|Demandred
|join|gizmo