|join|Ox the Box
|join|googlyeyesultra
|player|p1|Ox the Box|201
|player|p2|googlyeyesultra|169
|gametype|singles
|gen|6
|tier|OU
|rated
|clearpoke
|poke|p1|Keldeo
|poke|p1|Tyranitar, M
|poke|p1|Ferrothorn, F
|poke|p1|Landorus-Therian, M
|poke|p1|Excadrill, M
|poke|p1|Altaria, M
|poke|p2|Scizor, M
|poke|p2|Rotom-Wash
|poke|p2|Azumarill, F
|poke|p2|Conkeldurr, F
|poke|p2|Heatran, F
|poke|p2|Latios, M
|rule|Swagger Clause: Swagger is banned
|rule|Baton Pass Clause: Limit one PokÃ©mon knowing Baton Pass
|rule|Sleep Clause Mod: Limit one foe put to sleep
|rule|Species Clause: Limit one of each PokÃ©mon
|rule|OHKO Clause: OHKO moves are banned
|rule|Moody Clause: Moody is banned
|rule|Evasion Moves Clause: Evasion moves are banned
|rule|Endless Battle Clause: Forcing endless battles is banned
|rule|HP Percentage Mod: HP is shown in percentages
|teampreview
|
|start
|switch|p1a: Altaria|Altaria, M|311\/311
|switch|p2a: Rotom-Wash|Rotom-Wash|303\/303
|turn|1
|
|detailschange|p1a: Altaria|Altaria-Mega, M
|-mega|p1a: Altaria|Altaria|Altarianite
|move|p1a: Altaria|Hyper Voice|p2a: Rotom-Wash
|-damage|p2a: Rotom-Wash|120\/303
|move|p2a: Rotom-Wash|Volt Switch|p1a: Altaria
|-resisted|p1a: Altaria
|-damage|p1a: Altaria|267\/311
|
|switch|p2a: Scizor|Scizor, M|291\/291
|
|turn|2
|
|switch|p1a: Keldeo|Keldeo|323\/323
|move|p2a: Scizor|Bullet Punch|p1a: Keldeo
|-resisted|p1a: Keldeo
|-damage|p1a: Keldeo|224\/323
|
|-heal|p1a: Keldeo|244\/323|[from] item: Leftovers
|turn|3
|
|switch|p1a: Ferrothorn|Ferrothorn, F|352\/352
|switch|p2a: Conkeldurr|Conkeldurr, F|351\/351
|
|turn|4
|
|move|p2a: Conkeldurr|Ice Punch|p1a: Ferrothorn
|-damage|p1a: Ferrothorn|281\/352
|-damage|p2a: Conkeldurr|308\/351|[from] ability: Iron Barbs|[of] p1a: Ferrothorn
|move|p1a: Ferrothorn|Spikes|p2a: Conkeldurr
|-sidestart|p2: googlyeyesultra|Spikes
|
|-heal|p1a: Ferrothorn|303\/352|[from] item: Leftovers
|turn|5
|
|switch|p1a: Landorus-Therian|Landorus-Therian, M|379\/379
|-ability|p1a: Landorus-Therian|Intimidate|[of] p2a: Conkeldurr
|-unboost|p2a: Conkeldurr|atk|1
|move|p2a: Conkeldurr|Drain Punch|p1a: Landorus-Therian
|-resisted|p1a: Landorus-Therian
|-damage|p1a: Landorus-Therian|341\/379
|-heal|p2a: Conkeldurr|327\/351|[from] drain|[of] p1a: Landorus-Therian
|
|-heal|p1a: Landorus-Therian|364\/379|[from] item: Leftovers
|turn|6
|
|move|p1a: Landorus-Therian|Stealth Rock|p2a: Conkeldurr
|-sidestart|p2: googlyeyesultra|move: Stealth Rock
|move|p2a: Conkeldurr|Ice Punch|p1a: Landorus-Therian
|-supereffective|p1a: Landorus-Therian
|-damage|p1a: Landorus-Therian|148\/379
|
|-heal|p1a: Landorus-Therian|171\/379|[from] item: Leftovers
|turn|7
|
|move|p1a: Landorus-Therian|U-turn|p2a: Conkeldurr
|-resisted|p2a: Conkeldurr
|-damage|p2a: Conkeldurr|285\/351
|
|switch|p1a: Ferrothorn|Ferrothorn, F|303\/352
|move|p2a: Conkeldurr|Ice Punch|p1a: Ferrothorn
|-damage|p1a: Ferrothorn|256\/352
|-damage|p2a: Conkeldurr|242\/351|[from] ability: Iron Barbs|[of] p1a: Ferrothorn
|
|-heal|p1a: Ferrothorn|278\/352|[from] item: Leftovers
|turn|8
|
|switch|p2a: Heatran|Heatran, F|386\/386
|-damage|p2a: Heatran|338\/386|[from] Stealth Rock
|-damage|p2a: Heatran|290\/386|[from] Spikes
|switch|p1a: Landorus-Therian|Landorus-Therian, M|171\/379
|-ability|p1a: Landorus-Therian|Intimidate|[of] p2a: Heatran
|-unboost|p2a: Heatran|atk|1
|
|-heal|p1a: Landorus-Therian|194\/379|[from] item: Leftovers
|-heal|p2a: Heatran|314\/386|[from] item: Leftovers
|turn|9
|
|move|p1a: Landorus-Therian|Smack Down|p2a: Heatran
|-damage|p2a: Heatran|258\/386
|move|p2a: Heatran|Stealth Rock|p1a: Landorus-Therian
|-sidestart|p1: Ox the Box|move: Stealth Rock
|
|-heal|p1a: Landorus-Therian|217\/379|[from] item: Leftovers
|-heal|p2a: Heatran|282\/386|[from] item: Leftovers
|turn|10
|
|switch|p2a: Latios|Latios, M|301\/301
|-damage|p2a: Latios|264\/301|[from] Stealth Rock
|move|p1a: Landorus-Therian|Smack Down|p2a: Latios
|-crit|p2a: Latios
|-damage|p2a: Latios|170\/301
|-start|p2a: Latios|Smack Down
|
|-heal|p1a: Landorus-Therian|240\/379|[from] item: Leftovers
|turn|11
|
|switch|p1a: Tyranitar|Tyranitar, M|341\/341
|-damage|p1a: Tyranitar|299\/341|[from] Stealth Rock
|-weather|Sandstorm
|move|p2a: Latios|Defog|p1a: Tyranitar
|-unboost|p1a: Tyranitar|evasion|1
|-sideend|p1: Ox the Box|Stealth Rock|[from] move: Defog|[of] p1a: Tyranitar
|-sideend|p2: googlyeyesultra|Spikes|[from] move: Defog|[of] p2a: Latios
|-sideend|p2: googlyeyesultra|Stealth Rock|[from] move: Defog|[of] p2a: Latios
|
|-weather|Sandstorm|[upkeep]
|-damage|p2a: Latios|152\/301|[from] sandstorm
|turn|12
|
|move|p1a: Tyranitar|Pursuit|p2a: Latios
|-supereffective|p2a: Latios
|-damage|p2a: Latios|0 fnt
|faint|p2a: Latios
|
|-weather|Sandstorm|[upkeep]
|join|Cienight
|
|switch|p2a: Conkeldurr|Conkeldurr, F|242\/351
|turn|13
|
|switch|p1a: Altaria|Altaria-Mega, M|267\/311
|move|p2a: Conkeldurr|Ice Punch|p1a: Altaria
|-supereffective|p1a: Altaria
|-damage|p1a: Altaria|75\/311
|
|-weather|Sandstorm|[upkeep]
|-damage|p1a: Altaria|56\/311|[from] sandstorm
|-damage|p2a: Conkeldurr|221\/351|[from] sandstorm
|turn|14
|
|switch|p1a: Landorus-Therian|Landorus-Therian, M|240\/379
|-ability|p1a: Landorus-Therian|Intimidate|[of] p2a: Conkeldurr
|-unboost|p2a: Conkeldurr|atk|1
|switch|p2a: Heatran|Heatran, F|282\/386
|
|-weather|Sandstorm|[upkeep]
|-heal|p1a: Landorus-Therian|263\/379|[from] item: Leftovers
|-heal|p2a: Heatran|306\/386|[from] item: Leftovers
|turn|15
|
|move|p1a: Landorus-Therian|Stealth Rock|p2a: Heatran
|-sidestart|p2: googlyeyesultra|move: Stealth Rock
|move|p2a: Heatran|Stealth Rock|p1a: Landorus-Therian
|-sidestart|p1: Ox the Box|move: Stealth Rock
|
|-weather|none
|-heal|p1a: Landorus-Therian|286\/379|[from] item: Leftovers
|-heal|p2a: Heatran|330\/386|[from] item: Leftovers
|turn|16
|
|switch|p2a: Rotom-Wash|Rotom-Wash|120\/303
|-damage|p2a: Rotom-Wash|83\/303|[from] Stealth Rock
|move|p1a: Landorus-Therian|Earthquake|p2a: Rotom-Wash
|-immune|p2a: Rotom-Wash|[msg]
|
|-heal|p1a: Landorus-Therian|309\/379|[from] item: Leftovers
|-heal|p2a: Rotom-Wash|101\/303|[from] item: Leftovers
|turn|17
|
|move|p1a: Landorus-Therian|Smack Down|p2a: Rotom-Wash
|-damage|p2a: Rotom-Wash|64\/303
|-start|p2a: Rotom-Wash|Smack Down
|move|p2a: Rotom-Wash|Pain Split|p1a: Landorus-Therian
|-sethp|p1a: Landorus-Therian|186\/379|p2a: Rotom-Wash|186\/303|[from] move: Pain Split
|
|-heal|p1a: Landorus-Therian|209\/379|[from] item: Leftovers
|-heal|p2a: Rotom-Wash|204\/303|[from] item: Leftovers
|turn|18
|
|switch|p2a: Azumarill|Azumarill, F|364\/364
|-damage|p2a: Azumarill|319\/364|[from] Stealth Rock
|move|p1a: Landorus-Therian|Earthquake|p2a: Azumarill
|-damage|p2a: Azumarill|127\/364
|-enditem|p2a: Azumarill|Sitrus Berry|[eat]
|-heal|p2a: Azumarill|218\/364|[from] item: Sitrus Berry
|
|-heal|p1a: Landorus-Therian|232\/379|[from] item: Leftovers
|turn|19
|
|switch|p1a: Ferrothorn|Ferrothorn, F|278\/352
|-damage|p1a: Ferrothorn|256\/352|[from] Stealth Rock
|switch|p2a: Conkeldurr|Conkeldurr, F|221\/351
|-damage|p2a: Conkeldurr|200\/351|[from] Stealth Rock
|
|-heal|p1a: Ferrothorn|278\/352|[from] item: Leftovers
|turn|20
|
|move|p2a: Conkeldurr|Drain Punch|p1a: Ferrothorn
|-supereffective|p1a: Ferrothorn
|-damage|p1a: Ferrothorn|68\/352
|-heal|p2a: Conkeldurr|305\/351|[from] drain|[of] p1a: Ferrothorn
|-damage|p2a: Conkeldurr|262\/351|[from] ability: Iron Barbs|[of] p1a: Ferrothorn
|move|p1a: Ferrothorn|Spikes|p2a: Conkeldurr
|-sidestart|p2: googlyeyesultra|Spikes
|
|-heal|p1a: Ferrothorn|90\/352|[from] item: Leftovers
|turn|21
|
|switch|p1a: Altaria|Altaria-Mega, M|56\/311
|-damage|p1a: Altaria|18\/311|[from] Stealth Rock
|move|p2a: Conkeldurr|Drain Punch|p1a: Altaria
|-resisted|p1a: Altaria
|-damage|p1a: Altaria|0 fnt
|-heal|p2a: Conkeldurr|271\/351|[from] drain|[of] p1a: Altaria
|faint|p1a: Altaria
|
|join|TheLaughingCats
|
|switch|p1a: Landorus-Therian|Landorus-Therian, M|232\/379
|-damage|p1a: Landorus-Therian|185\/379|[from] Stealth Rock
|-ability|p1a: Landorus-Therian|Intimidate|[of] p2a: Conkeldurr
|-unboost|p2a: Conkeldurr|atk|1
|turn|22
|
|move|p1a: Landorus-Therian|U-turn|p2a: Conkeldurr
|-resisted|p2a: Conkeldurr
|-damage|p2a: Conkeldurr|235\/351
|
|switch|p1a: Ferrothorn|Ferrothorn, F|90\/352
|-damage|p1a: Ferrothorn|68\/352|[from] Stealth Rock
|move|p2a: Conkeldurr|Ice Punch|p1a: Ferrothorn
|-damage|p1a: Ferrothorn|22\/352
|-damage|p2a: Conkeldurr|192\/351|[from] ability: Iron Barbs|[of] p1a: Ferrothorn
|-status|p1a: Ferrothorn|frz
|
|-heal|p1a: Ferrothorn|44\/352 frz|[from] item: Leftovers
|turn|23
|
|move|p2a: Conkeldurr|Drain Punch|p1a: Ferrothorn
|-supereffective|p1a: Ferrothorn
|-damage|p1a: Ferrothorn|0 fnt
|-heal|p2a: Conkeldurr|214\/351|[from] drain|[of] p1a: Ferrothorn
|-damage|p2a: Conkeldurr|171\/351|[from] ability: Iron Barbs|[of] p1a: Ferrothorn
|faint|p1a: Ferrothorn
|
|
|switch|p1a: Excadrill|Excadrill, M|361\/361
|-damage|p1a: Excadrill|350\/361|[from] Stealth Rock
|turn|24
|
|move|p2a: Conkeldurr|Mach Punch|p1a: Excadrill
|-supereffective|p1a: Excadrill
|-damage|p1a: Excadrill|180\/361
|move|p1a: Excadrill|Iron Head|p2a: Conkeldurr
|-damage|p2a: Conkeldurr|0 fnt
|-damage|p1a: Excadrill|144\/361|[from] item: Life Orb
|faint|p2a: Conkeldurr
|
|
|switch|p2a: Azumarill|Azumarill, F|218\/364
|-damage|p2a: Azumarill|173\/364|[from] Stealth Rock
|-damage|p2a: Azumarill|128\/364|[from] Spikes
|turn|25
|
|move|p1a: Excadrill|Earthquake|p2a: Azumarill
|-damage|p2a: Azumarill|0 fnt
|-damage|p1a: Excadrill|108\/361|[from] item: Life Orb
|faint|p2a: Azumarill
|
|
|switch|p2a: Scizor|Scizor, M|291\/291
|-damage|p2a: Scizor|255\/291|[from] Stealth Rock
|-damage|p2a: Scizor|219\/291|[from] Spikes
|turn|26
|
|move|p2a: Scizor|Bullet Punch|p1a: Excadrill
|-resisted|p1a: Excadrill
|-damage|p1a: Excadrill|0 fnt
|faint|p1a: Excadrill
|
|join|king of spycrabs
|
|switch|p1a: Landorus-Therian|Landorus-Therian, M|185\/379
|-damage|p1a: Landorus-Therian|138\/379|[from] Stealth Rock
|-ability|p1a: Landorus-Therian|Intimidate|[of] p2a: Scizor
|-unboost|p2a: Scizor|atk|1
|turn|27
|
|move|p2a: Scizor|Bullet Punch|p1a: Landorus-Therian
|-damage|p1a: Landorus-Therian|54\/379
|move|p1a: Landorus-Therian|Smack Down|p2a: Scizor
|-damage|p2a: Scizor|167\/291
|
|-heal|p1a: Landorus-Therian|77\/379|[from] item: Leftovers
|turn|28
|
|switch|p2a: Rotom-Wash|Rotom-Wash|204\/303
|-damage|p2a: Rotom-Wash|167\/303|[from] Stealth Rock
|move|p1a: Landorus-Therian|Smack Down|p2a: Rotom-Wash
|-damage|p2a: Rotom-Wash|131\/303
|-start|p2a: Rotom-Wash|Smack Down
|
|-heal|p1a: Landorus-Therian|100\/379|[from] item: Leftovers
|-heal|p2a: Rotom-Wash|149\/303|[from] item: Leftovers
|turn|29
|
|switch|p2a: Heatran|Heatran, F|330\/386
|-damage|p2a: Heatran|282\/386|[from] Stealth Rock
|-damage|p2a: Heatran|234\/386|[from] Spikes
|move|p1a: Landorus-Therian|Earthquake|p2a: Heatran
|-supereffective|p2a: Heatran
|-damage|p2a: Heatran|0 fnt
|faint|p2a: Heatran
|
|-heal|p1a: Landorus-Therian|123\/379|[from] item: Leftovers
|
|switch|p2a: Scizor|Scizor, M|167\/291
|-damage|p2a: Scizor|131\/291|[from] Stealth Rock
|-damage|p2a: Scizor|95\/291|[from] Spikes
|turn|30
|
|move|p1a: Landorus-Therian|Earthquake|p2a: Scizor
|-damage|p2a: Scizor|0 fnt
|faint|p2a: Scizor
|
|-heal|p1a: Landorus-Therian|146\/379|[from] item: Leftovers
|c|âgooglyeyesultra|gg
|c|âOx the Box|gg
|-message|googlyeyesultra forfeited.
|leave|googlyeyesultra
|
|win|Ox the Box
|raw|Ladder updating...
|player|p2
|raw|Ox the Box's rating: 1598 &rarr; <strong>1617<\/strong><br \/>(+19 for winning)
|raw|googlyeyesultra's rating: 1581 &rarr; <strong>1562<\/strong><br \/>(-19 for losing)
|leave|TheLaughingCats
|join|gizmo
|leave|gizmo
|join|TheLaughingCats
|leave|king of spycrabs
|join|C1one
|leave|C1one
|join|WhyPokemonWhy
|c| WhyPokemonWhy|how d9d u get 2 mons in at once
|join|FUQ GLISCORE
|c| WhyPokemonWhy|did
|leave|FUQ GLISCORE
|leave|WhyPokemonWhy
|leave|Cienight
|leave|TheLaughingCats