|join|CaioPortilho
|join|blazeVE
|player|p1|CaioPortilho|1
|player|p2|blazeVE|96
|gametype|singles
|tier|UU
|rated
|rule|Sleep Clause Mod: Limit one foe put to sleep
|rule|Species Clause: Limit one of each Pokemon
|rule|OHKO Clause: OHKO moves are banned
|rule|Moody Clause: Moody is banned
|rule|Evasion Moves Clause: Evasion moves are banned
|rule|HP Percentage Mod: HP is reported as percentages
|rule|Evasion Abilities Clause: Evasion abilities are banned
|clearpoke
|poke|p1|Kingdra, M, shiny
|poke|p1|Rotom-Heat
|poke|p1|Mismagius, F
|poke|p1|Hitmontop, M
|poke|p1|Bronzong
|poke|p1|Clefable, F
|poke|p2|Abomasnow, F
|poke|p2|Mienshao, M
|poke|p2|Blastoise, M
|poke|p2|Slowbro, F
|poke|p2|Nidoqueen, F
|poke|p2|Rotom-Frost
|teampreview
|callback|decision
|
|start
|switch|p1a: Rotom-Heat|Rotom-Heat|242\/242
|switch|p2a: Abomasnow|Abomasnow, F|321\/321
|-weather|Hail|[from] ability: Snow Warning|[of] p2a: Abomasnow
|turn|1
|callback|decision
|
|switch|p2a: Nidoqueen|Nidoqueen, F|346\/346
|move|p1a: Rotom-Heat|Volt Switch|p2a: Nidoqueen
|-immune|p2a: Nidoqueen|[msg]
|
|-weather|Hail|[upkeep]
|-damage|p1a: Rotom-Heat|227\/242|[from] hail
|-damage|p2a: Nidoqueen|325\/346|[from] hail
|turn|2
|callback|decision
|
|switch|p1a: Clefable|Clefable, F|394\/394
|move|p2a: Nidoqueen|Stealth Rock|p1a: Clefable
|-sidestart|p1: CaioPortilho|move: Stealth Rock
|
|-weather|Hail|[upkeep]
|-damage|p2a: Nidoqueen|304\/346|[from] hail
|turn|3
|callback|decision
|
|switch|p2a: Mienshao|Mienshao, M|271\/271
|move|p1a: Clefable|Seismic Toss|p2a: Mienshao
|-damage|p2a: Mienshao|171\/271
|
|-weather|Hail|[upkeep]
|-damage|p2a: Mienshao|155\/271|[from] hail
|turn|4
|callback|decision
|
|switch|p1a: Hitmontop|Hitmontop, M|304\/304
|-damage|p1a: Hitmontop|285\/304|[from] Stealth Rock
|-ability|p1a: Hitmontop|Intimidate|[of] p2a: Mienshao
|-unboost|p2a: Mienshao|atk|1
|move|p2a: Mienshao|U-turn|p1a: Hitmontop
|-resisted|p1a: Hitmontop
|-damage|p1a: Hitmontop|258\/304
|callback|decision
|
|switch|p2a: Slowbro|Slowbro, F|393\/393
|
|-weather|Hail|[upkeep]
|-damage|p1a: Hitmontop|239\/304|[from] hail
|-damage|p2a: Slowbro|369\/393|[from] hail
|-heal|p1a: Hitmontop|258\/304|[from] item: Leftovers
|-heal|p2a: Slowbro|393\/393|[from] item: Leftovers
|turn|5
|callback|decision
|
|switch|p1a: Clefable|Clefable, F|394\/394
|move|p2a: Slowbro|Psyshock|p1a: Clefable
|-crit|p1a: Clefable
|-damage|p1a: Clefable|138\/394
|
|-weather|Hail|[upkeep]
|-damage|p2a: Slowbro|369\/393|[from] hail
|-heal|p1a: Clefable|162\/394|[from] item: Leftovers
|-heal|p2a: Slowbro|393\/393|[from] item: Leftovers
|turn|6
|callback|decision
|
|move|p1a: Clefable|Softboiled|p1a: Clefable
|-heal|p1a: Clefable|359\/394
|move|p2a: Slowbro|Calm Mind|p2a: Slowbro
|-boost|p2a: Slowbro|spa|1
|-boost|p2a: Slowbro|spd|1
|
|-weather|Hail|[upkeep]
|-damage|p2a: Slowbro|369\/393|[from] hail
|-heal|p1a: Clefable|383\/394|[from] item: Leftovers
|-heal|p2a: Slowbro|393\/393|[from] item: Leftovers
|turn|7
|callback|decision
|
|move|p1a: Clefable|Thunder Wave|p2a: Slowbro
|-status|p2a: Slowbro|par
|move|p2a: Slowbro|Psyshock|p1a: Clefable
|-damage|p1a: Clefable|208\/394
|
|-weather|Hail|[upkeep]
|-damage|p2a: Slowbro|369\/393 par|[from] hail
|-heal|p1a: Clefable|232\/394|[from] item: Leftovers
|-heal|p2a: Slowbro|393\/393 par|[from] item: Leftovers
|turn|8
|callback|decision
|
|switch|p1a: Bronzong|Bronzong|332\/332
|-damage|p1a: Bronzong|312\/332|[from] Stealth Rock
|move|p2a: Slowbro|Calm Mind|p2a: Slowbro
|-boost|p2a: Slowbro|spa|1
|-boost|p2a: Slowbro|spd|1
|
|-weather|Hail|[upkeep]
|-damage|p1a: Bronzong|292\/332|[from] hail
|-damage|p2a: Slowbro|369\/393 par|[from] hail
|-heal|p1a: Bronzong|312\/332|[from] item: Leftovers
|-heal|p2a: Slowbro|393\/393 par|[from] item: Leftovers
|turn|9
|callback|decision
|
|move|p1a: Bronzong|Confuse Ray|p2a: Slowbro
|-start|p2a: Slowbro|confusion
|-activate|p2a: Slowbro|confusion
|move|p2a: Slowbro|Calm Mind|p2a: Slowbro
|-boost|p2a: Slowbro|spa|1
|-boost|p2a: Slowbro|spd|1
|
|-weather|Hail|[upkeep]
|-damage|p1a: Bronzong|292\/332|[from] hail
|-damage|p2a: Slowbro|369\/393 par|[from] hail
|-heal|p1a: Bronzong|312\/332|[from] item: Leftovers
|-heal|p2a: Slowbro|393\/393 par|[from] item: Leftovers
|turn|10
|callback|decision
|
|move|p1a: Bronzong|Earthquake|p2a: Slowbro
|-damage|p2a: Slowbro|347\/393 par
|-end|p2a: Slowbro|confusion
|move|p2a: Slowbro|Scald|p1a: Bronzong
|-damage|p1a: Bronzong|119\/332
|-status|p1a: Bronzong|brn
|
|-weather|Hail|[upkeep]
|-damage|p1a: Bronzong|99\/332 brn|[from] hail
|-damage|p2a: Slowbro|323\/393 par|[from] hail
|-heal|p1a: Bronzong|119\/332 brn|[from] item: Leftovers
|-heal|p2a: Slowbro|347\/393 par|[from] item: Leftovers
|-damage|p1a: Bronzong|78\/332 brn|[from] brn
|turn|11
|callback|decision
|
|move|p1a: Bronzong|Stealth Rock|p2a: Slowbro
|-sidestart|p2: blazeVE|move: Stealth Rock
|move|p2a: Slowbro|Calm Mind|p2a: Slowbro
|-boost|p2a: Slowbro|spa|1
|-boost|p2a: Slowbro|spd|1
|
|-weather|Hail|[upkeep]
|-damage|p1a: Bronzong|58\/332 brn|[from] hail
|-damage|p2a: Slowbro|323\/393 par|[from] hail
|-heal|p1a: Bronzong|78\/332 brn|[from] item: Leftovers
|-heal|p2a: Slowbro|347\/393 par|[from] item: Leftovers
|-damage|p1a: Bronzong|37\/332 brn|[from] brn
|turn|12
|callback|decision
|
|move|p1a: Bronzong|Confuse Ray|p2a: Slowbro
|-start|p2a: Slowbro|confusion
|-activate|p2a: Slowbro|confusion
|move|p2a: Slowbro|Calm Mind|p2a: Slowbro
|-boost|p2a: Slowbro|spa|1
|-boost|p2a: Slowbro|spd|1
|
|-weather|Hail|[upkeep]
|-damage|p1a: Bronzong|17\/332 brn|[from] hail
|-damage|p2a: Slowbro|323\/393 par|[from] hail
|-heal|p1a: Bronzong|37\/332 brn|[from] item: Leftovers
|-heal|p2a: Slowbro|347\/393 par|[from] item: Leftovers
|-damage|p1a: Bronzong|0 fnt|[from] brn
|faint|p1a: Bronzong
|callback|decision
|
|switch|p1a: Rotom-Heat|Rotom-Heat|227\/242
|-damage|p1a: Rotom-Heat|167\/242|[from] Stealth Rock
|turn|13
|callback|decision
|
|move|p1a: Rotom-Heat|Trick|p2a: Slowbro
|-activate|p1a: Rotom-Heat|move: Trick|[of] p2a: Slowbro
|-item|p2a: Slowbro|Choice Scarf|[from] move: Trick
|-item|p1a: Rotom-Heat|Leftovers|[from] move: Trick
|cant|p2a: Slowbro|par
|
|-weather|Hail|[upkeep]
|-damage|p1a: Rotom-Heat|152\/242|[from] hail
|-damage|p2a: Slowbro|323\/393 par|[from] hail
|-heal|p1a: Rotom-Heat|167\/242|[from] item: Leftovers
|turn|14
|callback|decision
|
|move|p1a: Rotom-Heat|Volt Switch|p2a: Slowbro
|-crit|p2a: Slowbro
|-supereffective|p2a: Slowbro
|-damage|p2a: Slowbro|0 fnt
|faint|p2a: Slowbro
|callback|decision
|chat|blazeVE|ffs
|
|switch|p1a: Hitmontop|Hitmontop, M|258\/304
|-damage|p1a: Hitmontop|239\/304|[from] Stealth Rock
|
|-weather|Hail|[upkeep]
|-damage|p1a: Hitmontop|220\/304|[from] hail
|-heal|p1a: Hitmontop|239\/304|[from] item: Leftovers
|callback|decision
|
|switch|p2a: Nidoqueen|Nidoqueen, F|304\/346
|-damage|p2a: Nidoqueen|283\/346|[from] Stealth Rock
|turn|15
|callback|decision
|
|move|p2a: Nidoqueen|Earth Power|p1a: Hitmontop
|-damage|p1a: Hitmontop|37\/304
|move|p1a: Hitmontop|Rapid Spin|p2a: Nidoqueen
|-damage|p2a: Nidoqueen|258\/346
|-sideend|p1: CaioPortilho|Stealth Rock|[from] move: Rapid Spin|[of] p1a: Hitmontop
|
|-weather|Hail|[upkeep]
|-damage|p2a: Nidoqueen|237\/346|[from] hail
|-damage|p1a: Hitmontop|18\/304|[from] hail
|-heal|p1a: Hitmontop|37\/304|[from] item: Leftovers
|turn|16
|callback|decision
|
|move|p2a: Nidoqueen|Blizzard|p1a: Hitmontop
|-crit|p1a: Hitmontop
|-damage|p1a: Hitmontop|0 fnt
|faint|p1a: Hitmontop
|
|-weather|Hail|[upkeep]
|-damage|p2a: Nidoqueen|216\/346|[from] hail
|callback|decision
|
|switch|p1a: Rotom-Heat|Rotom-Heat|167\/242
|turn|17
|callback|decision
|
|move|p1a: Rotom-Heat|Overheat|p2a: Nidoqueen
|-damage|p2a: Nidoqueen|0 fnt
|-unboost|p1a: Rotom-Heat|spa|2
|faint|p2a: Nidoqueen
|
|-weather|Hail|[upkeep]
|-damage|p1a: Rotom-Heat|152\/242|[from] hail
|-heal|p1a: Rotom-Heat|167\/242|[from] item: Leftovers
|callback|decision
|
|switch|p2a: Mienshao|Mienshao, M|155\/271
|-damage|p2a: Mienshao|139\/271|[from] Stealth Rock
|turn|18
|callback|decision
|
|move|p2a: Mienshao|Stone Edge|p1a: Rotom-Heat|[miss]
|-miss|p2a: Mienshao|p1a: Rotom-Heat
|move|p1a: Rotom-Heat|Volt Switch|p2a: Mienshao
|-damage|p2a: Mienshao|55\/271
|callback|decision
|
|switch|p1a: Mismagius|Mismagius, F|262\/262
|
|-weather|Hail|[upkeep]
|-damage|p2a: Mienshao|39\/271|[from] hail
|-damage|p1a: Mismagius|246\/262|[from] hail
|-heal|p1a: Mismagius|262\/262|[from] item: Leftovers
|turn|19
|callback|decision
|
|move|p2a: Mienshao|Stone Edge|p1a: Mismagius
|-damage|p1a: Mismagius|100\/262
|move|p1a: Mismagius|Shadow Ball|p2a: Mienshao
|-damage|p2a: Mienshao|0 fnt
|faint|p2a: Mienshao
|
|-weather|Hail|[upkeep]
|-damage|p1a: Mismagius|84\/262|[from] hail
|-heal|p1a: Mismagius|100\/262|[from] item: Leftovers
|callback|decision
|
|switch|p2a: Rotom-Frost|Rotom-Frost|241\/241
|-damage|p2a: Rotom-Frost|181\/241|[from] Stealth Rock
|turn|20
|callback|decision
|
|switch|p1a: Clefable|Clefable, F|232\/394
|move|p2a: Rotom-Frost|Blizzard|p1a: Clefable
|-damage|p1a: Clefable|100\/394
|
|-weather|Hail|[upkeep]
|-heal|p1a: Clefable|124\/394|[from] item: Leftovers
|turn|21
|callback|decision
|
|move|p2a: Rotom-Frost|Blizzard|p1a: Clefable
|-damage|p1a: Clefable|0 fnt
|faint|p1a: Clefable
|
|-weather|Hail|[upkeep]
|callback|decision
|
|switch|p1a: Rotom-Heat|Rotom-Heat|167\/242
|turn|22
|callback|decision
|
|move|p2a: Rotom-Frost|Blizzard|p1a: Rotom-Heat
|-resisted|p1a: Rotom-Heat
|-damage|p1a: Rotom-Heat|73\/242
|move|p1a: Rotom-Heat|Volt Switch|p2a: Rotom-Frost
|-crit|p2a: Rotom-Frost
|-resisted|p2a: Rotom-Frost
|-damage|p2a: Rotom-Frost|65\/241
|callback|decision
|
|switch|p1a: Kingdra|Kingdra, M, shiny|329\/329
|
|-weather|Hail|[upkeep]
|-damage|p1a: Kingdra|309\/329|[from] hail
|turn|23
|callback|decision
|
|move|p2a: Rotom-Frost|Blizzard|p1a: Kingdra
|-damage|p1a: Kingdra|116\/329
|move|p1a: Kingdra|Dragon Dance|p1a: Kingdra
|-boost|p1a: Kingdra|atk|1
|-boost|p1a: Kingdra|spe|1
|
|-weather|Hail|[upkeep]
|-damage|p1a: Kingdra|96\/329|[from] hail
|turn|24
|callback|decision
|
|move|p2a: Rotom-Frost|Blizzard|p1a: Kingdra
|-damage|p1a: Kingdra|0 fnt
|faint|p1a: Kingdra
|
|-weather|Hail|[upkeep]
|callback|decision
|
|switch|p1a: Mismagius|Mismagius, F|100\/262
|turn|25
|callback|decision
|
|move|p2a: Rotom-Frost|Blizzard|p1a: Mismagius
|-damage|p1a: Mismagius|0 fnt
|faint|p1a: Mismagius
|
|-weather|Hail|[upkeep]
|callback|decision
|
|switch|p1a: Rotom-Heat|Rotom-Heat|73\/242
|turn|26
|callback|decision
|
|move|p2a: Rotom-Frost|Blizzard|p1a: Rotom-Heat
|-resisted|p1a: Rotom-Heat
|-damage|p1a: Rotom-Heat|0 fnt
|faint|p1a: Rotom-Heat
|
|win|blazeVE
|raw|Ladder updating...
|raw|CaioPortilho's rating: 1638 &rarr; <strong>1624<\/strong><br \/>(-14 for losing)
|raw|blazeVE's rating: 1494 &rarr; <strong>1537<\/strong><br \/>(+43 for winning)
|chat|blazeVE|gg
|leave|CaioPortilho
|player|p1