|join|zancrao
|join|d.d. survivor
|player|p1|zancrao|266
|player|p2|d.d. survivor|170
|gametype|singles
|gen|5
|tier|[Gen 5] OU
|rule|Evasion Abilities Clause: Evasion abilities are banned
|clearpoke
|poke|p1|Tyranitar, M, shiny
|poke|p1|Breloom, M, shiny
|poke|p1|Latios, M
|poke|p1|Landorus-Therian, M
|poke|p1|Rotom-Wash, shiny
|poke|p1|Terrakion
|poke|p2|Kyurem
|poke|p2|Starmie
|poke|p2|Skarmory, M
|poke|p2|Gastrodon, F
|poke|p2|Nidoqueen, F
|poke|p2|Dusclops, F
|rule|Sleep Clause Mod: Limit one foe put to sleep
|rule|Species Clause: Limit one of each PokÃ©mon
|rule|OHKO Clause: OHKO moves are banned
|rule|Moody Clause: Moody is banned
|rule|Evasion Moves Clause: Evasion moves are banned
|rule|Endless Battle Clause: Forcing endless battles is banned
|rule|HP Percentage Mod: HP is reported as percentages
|teampreview
|
|start
|switch|p1a: BOS|Rotom-Wash, shiny|250\/250
|switch|p2a: Dusclops|Dusclops, F|284\/284
|-ability|p2a: Dusclops|Pressure
|turn|1
|
|switch|p2a: Gastrodon|Gastrodon, F|426\/426
|move|p1a: BOS|Will-O-Wisp|p2a: Gastrodon
|-status|p2a: Gastrodon|brn
|
|-damage|p2a: Gastrodon|373\/426 brn|[from] brn
|turn|2
|join|Ace TJ
|leave|Ace TJ
|
|switch|p1a: Flying Staryu|Latios, M|302\/302
|move|p2a: Gastrodon|Toxic|p1a: Flying Staryu
|-status|p1a: Flying Staryu|tox
|
|-heal|p2a: Gastrodon|399\/426 brn|[from] item: Leftovers
|-damage|p1a: Flying Staryu|284\/302 tox|[from] psn
|-damage|p2a: Gastrodon|346\/426 brn|[from] brn
|turn|3
|
|move|p1a: Flying Staryu|Draco Meteor|p2a: Gastrodon
|-damage|p2a: Gastrodon|33\/426 brn
|-unboost|p1a: Flying Staryu|spa|2
|move|p2a: Gastrodon|Recover|p2a: Gastrodon
|-heal|p2a: Gastrodon|246\/426 brn
|
|-heal|p2a: Gastrodon|272\/426 brn|[from] item: Leftovers
|-damage|p1a: Flying Staryu|248\/302 tox|[from] psn
|-damage|p2a: Gastrodon|219\/426 brn|[from] brn
|turn|4
|
|switch|p1a: Breloom|Breloom, M, shiny|262\/262
|move|p2a: Gastrodon|Recover|p2a: Gastrodon
|-heal|p2a: Gastrodon|426\/426 brn
|
|-damage|p2a: Gastrodon|373\/426 brn|[from] brn
|turn|5
|
|switch|p1a: BOS|Rotom-Wash, shiny|250\/250
|switch|p2a: Skarmory|Skarmory, M|334\/334
|
|turn|6
|
|switch|p1a: Breloom|Breloom, M, shiny|262\/262
|switch|p2a: Gastrodon|Gastrodon, F|373\/426 brn
|
|-heal|p2a: Gastrodon|399\/426 brn|[from] item: Leftovers
|-damage|p2a: Gastrodon|346\/426 brn|[from] brn
|turn|7
|
|switch|p2a: Skarmory|Skarmory, M|334\/334
|move|p1a: Breloom|Swords Dance|p1a: Breloom
|-boost|p1a: Breloom|atk|2
|
|turn|8
|
|switch|p2a: Kyurem|Kyurem|417\/417
|-ability|p2a: Kyurem|Pressure
|move|p1a: Breloom|Spore|p2a: Kyurem
|-status|p2a: Kyurem|slp
|
|turn|9
|
|switch|p2a: Skarmory|Skarmory, M|334\/334
|move|p1a: Breloom|Mach Punch|p2a: Skarmory
|-enditem|p1a: Breloom|Fighting Gem|[from] gem|[move] Mach Punch
|-damage|p2a: Skarmory|154\/334
|-damage|p1a: Breloom|219\/262|[from] item: Rocky Helmet|[of] p2a: Skarmory
|
|turn|10
|
|switch|p1a: BOS|Rotom-Wash, shiny|250\/250
|move|p2a: Skarmory|Roost|p2a: Skarmory
|-heal|p2a: Skarmory|321\/334
|
|turn|11
|
|switch|p1a: Flying Staryu|Latios, M|248\/302 tox
|switch|p2a: Gastrodon|Gastrodon, F|346\/426 brn
|
|-heal|p2a: Gastrodon|372\/426 brn|[from] item: Leftovers
|-damage|p1a: Flying Staryu|230\/302 tox|[from] psn
|-damage|p2a: Gastrodon|319\/426 brn|[from] brn
|turn|12
|
|move|p1a: Flying Staryu|Draco Meteor|p2a: Gastrodon
|-damage|p2a: Gastrodon|13\/426 brn
|-unboost|p1a: Flying Staryu|spa|2
|move|p2a: Gastrodon|Recover|p2a: Gastrodon
|-heal|p2a: Gastrodon|226\/426 brn
|
|-heal|p2a: Gastrodon|252\/426 brn|[from] item: Leftovers
|-damage|p1a: Flying Staryu|194\/302 tox|[from] psn
|-damage|p2a: Gastrodon|199\/426 brn|[from] brn
|turn|13
|chat|zancrao|meu deus
|
|switch|p1a: Breloom|Breloom, M, shiny|219\/262
|move|p2a: Gastrodon|Recover|p2a: Gastrodon
|-heal|p2a: Gastrodon|412\/426 brn
|
|-heal|p2a: Gastrodon|426\/426 brn|[from] item: Leftovers
|-damage|p2a: Gastrodon|373\/426 brn|[from] brn
|turn|14
|
|switch|p1a: 2012Broken|Terrakion|324\/324
|switch|p2a: Dusclops|Dusclops, F|284\/284
|-ability|p2a: Dusclops|Pressure
|
|turn|15
|
|move|p1a: 2012Broken|Substitute|p1a: 2012Broken
|-start|p1a: 2012Broken|Substitute
|-damage|p1a: 2012Broken|243\/324
|move|p2a: Dusclops|Substitute|p2a: Dusclops
|-start|p2a: Dusclops|Substitute
|-damage|p2a: Dusclops|213\/284
|
|turn|16
|
|move|p1a: 2012Broken|Stone Edge|p2a: Dusclops|[miss]
|-miss|p1a: 2012Broken|p2a: Dusclops
|move|p2a: Dusclops|Night Shade|p1a: 2012Broken
|-end|p1a: 2012Broken|Substitute
|
|turn|17
|
|switch|p1a: BOS|Rotom-Wash, shiny|250\/250
|move|p2a: Dusclops|Night Shade|p1a: BOS
|-damage|p1a: BOS|150\/250
|
|-heal|p1a: BOS|165\/250|[from] item: Leftovers
|turn|18
|
|move|p1a: BOS|Hydro Pump|p2a: Dusclops|[miss]
|-miss|p1a: BOS|p2a: Dusclops
|move|p2a: Dusclops|Will-O-Wisp|p1a: BOS
|-status|p1a: BOS|brn
|
|-heal|p1a: BOS|180\/250 brn|[from] item: Leftovers
|-damage|p1a: BOS|149\/250 brn|[from] brn
|turn|19
|chat|zancrao|despresivel
|
|move|p1a: BOS|Volt Switch|p2a: Dusclops
|-activate|p2a: Dusclops|Substitute|[damage]
|
|switch|p1a: Flying Staryu|Latios, M|194\/302 tox
|move|p2a: Dusclops|Night Shade|p1a: Flying Staryu
|-damage|p1a: Flying Staryu|94\/302 tox
|
|-damage|p1a: Flying Staryu|76\/302 tox|[from] psn
|turn|20
|
|move|p1a: Flying Staryu|Psyshock|p2a: Dusclops
|-end|p2a: Dusclops|Substitute
|move|p2a: Dusclops|Substitute|p2a: Dusclops
|-start|p2a: Dusclops|Substitute
|-damage|p2a: Dusclops|142\/284
|
|-damage|p1a: Flying Staryu|40\/302 tox|[from] psn
|turn|21
|
|move|p1a: Flying Staryu|Psyshock|p2a: Dusclops
|-end|p2a: Dusclops|Substitute
|move|p2a: Dusclops|Substitute|p2a: Dusclops
|-start|p2a: Dusclops|Substitute
|-damage|p2a: Dusclops|71\/284
|
|-damage|p1a: Flying Staryu|0 fnt|[from] psn
|faint|p1a: Flying Staryu
|
|switch|p1a: BOS|Rotom-Wash, shiny|149\/250 brn
|turn|22
|
|move|p1a: BOS|Hydro Pump|p2a: Dusclops|[miss]
|-miss|p1a: BOS|p2a: Dusclops
|move|p2a: Dusclops|Night Shade|p1a: BOS
|-damage|p1a: BOS|49\/250 brn
|
|-heal|p1a: BOS|64\/250 brn|[from] item: Leftovers
|-damage|p1a: BOS|33\/250 brn|[from] brn
|turn|23
|
|move|p1a: BOS|Hydro Pump|p2a: Dusclops
|-end|p2a: Dusclops|Substitute
|move|p2a: Dusclops|Night Shade|p1a: BOS
|-damage|p1a: BOS|0 fnt
|faint|p1a: BOS
|
|
|switch|p1a: Eren|Tyranitar, M, shiny|341\/341
|-weather|Sandstorm|[from] ability: Sand Stream|[of] p1a: Eren
|turn|24
|
|move|p1a: Eren|Crunch|p2a: Dusclops
|-supereffective|p2a: Dusclops
|-damage|p2a: Dusclops|0 fnt
|faint|p2a: Dusclops
|
|-weather|Sandstorm|[upkeep]
|
|switch|p2a: Nidoqueen|Nidoqueen, F|341\/341
|turn|25
|
|move|p1a: Eren|Crunch|p2a: Nidoqueen
|-damage|p2a: Nidoqueen|200\/341
|move|p2a: Nidoqueen|Ice Beam|p1a: Eren
|-damage|p1a: Eren|241\/341
|
|-weather|Sandstorm|[upkeep]
|turn|26
|
|switch|p1a: Garfield|Landorus-Therian, M|360\/360
|-ability|p1a: Garfield|Intimidate|[of] p2a: Nidoqueen
|-unboost|p2a: Nidoqueen|atk|1
|move|p2a: Nidoqueen|Earth Power|p1a: Garfield
|-immune|p1a: Garfield|[msg]
|
|-weather|Sandstorm|[upkeep]
|turn|27
|
|switch|p2a: Skarmory|Skarmory, M|321\/334
|move|p1a: Garfield|Earthquake|p2a: Skarmory
|-immune|p2a: Skarmory|[msg]
|
|-weather|Sandstorm|[upkeep]
|turn|28
|
|move|p1a: Garfield|U-turn|p2a: Skarmory
|-resisted|p2a: Skarmory
|-damage|p2a: Skarmory|309\/334
|-damage|p1a: Garfield|300\/360|[from] item: Rocky Helmet|[of] p2a: Skarmory
|
|switch|p1a: 2012Broken|Terrakion|243\/324
|move|p2a: Skarmory|Stealth Rock|p1a: 2012Broken
|-sidestart|p1: zancrao|move: Stealth Rock
|
|-weather|Sandstorm|[upkeep]
|turn|29
|
|move|p1a: 2012Broken|Stone Edge|p2a: Skarmory|[miss]
|-miss|p1a: 2012Broken|p2a: Skarmory
|move|p2a: Skarmory|Roost|p2a: Skarmory
|-heal|p2a: Skarmory|334\/334
|
|-weather|Sandstorm|[upkeep]
|turn|30
|
|move|p1a: 2012Broken|Stone Edge|p2a: Skarmory|[miss]
|-miss|p1a: 2012Broken|p2a: Skarmory
|move|p2a: Skarmory|Brave Bird|p1a: 2012Broken
|-damage|p1a: 2012Broken|117\/324
|-damage|p2a: Skarmory|292\/334|[from] recoil|[of] p1a: 2012Broken
|
|-weather|Sandstorm|[upkeep]
|turn|31
|
|move|p1a: 2012Broken|Stone Edge|p2a: Skarmory|[miss]
|-miss|p1a: 2012Broken|p2a: Skarmory
|move|p2a: Skarmory|Brave Bird|p1a: 2012Broken
|-damage|p1a: 2012Broken|0 fnt
|-damage|p2a: Skarmory|253\/334|[from] recoil|[of] p1a: 2012Broken
|faint|p1a: 2012Broken
|
|-weather|Sandstorm|[upkeep]
|chat|zancrao|meu
|chat|zancrao|deus
|chat|zancrao|do
|chat|zancrao|ceu
|chat|zancrao|socorro
|chat|zancrao|como voce consegue
|chat|zancrao|fazer essas coisas
|chat|d.d. survivor|sei nao
|chat|zancrao|e ainda ter coragem de jogar esse jogo
|chat|d.d. survivor|quem dera eu controlasse isso
|
|switch|p1a: Eren|Tyranitar, M, shiny|241\/341
|-damage|p1a: Eren|199\/341|[from] Stealth Rock
|turn|32
|
|switch|p2a: Gastrodon|Gastrodon, F|373\/426 brn
|move|p1a: Eren|Ice Beam|p2a: Gastrodon
|-damage|p2a: Gastrodon|312\/426 brn
|
|-weather|Sandstorm|[upkeep]
|-heal|p2a: Gastrodon|338\/426 brn|[from] item: Leftovers
|-damage|p2a: Gastrodon|285\/426 brn|[from] brn
|turn|33
|
|switch|p1a: Breloom|Breloom, M, shiny|219\/262
|-damage|p1a: Breloom|203\/262|[from] Stealth Rock
|move|p2a: Gastrodon|Toxic|p1a: Breloom
|-status|p1a: Breloom|tox
|
|-weather|Sandstorm|[upkeep]
|-damage|p1a: Breloom|187\/262 tox|[from] sandstorm
|-heal|p2a: Gastrodon|311\/426 brn|[from] item: Leftovers
|-damage|p1a: Breloom|171\/262 tox|[from] psn
|-damage|p2a: Gastrodon|258\/426 brn|[from] brn
|turn|34
|
|switch|p1a: Eren|Tyranitar, M, shiny|199\/341
|-damage|p1a: Eren|157\/341|[from] Stealth Rock
|move|p2a: Gastrodon|Ice Beam|p1a: Eren
|-damage|p1a: Eren|104\/341
|
|-weather|Sandstorm|[upkeep]
|-heal|p2a: Gastrodon|284\/426 brn|[from] item: Leftovers
|-damage|p2a: Gastrodon|231\/426 brn|[from] brn
|turn|35
|
|move|p1a: Eren|Crunch|p2a: Gastrodon
|-damage|p2a: Gastrodon|30\/426 brn
|move|p2a: Gastrodon|Scald|p1a: Eren
|-supereffective|p1a: Eren
|-damage|p1a: Eren|0 fnt
|faint|p1a: Eren
|
|-weather|Sandstorm|[upkeep]
|-heal|p2a: Gastrodon|56\/426 brn|[from] item: Leftovers
|-damage|p2a: Gastrodon|3\/426 brn|[from] brn
|
|switch|p1a: Breloom|Breloom, M, shiny|171\/262 tox
|-damage|p1a: Breloom|155\/262 tox|[from] Stealth Rock
|turn|36
|
|move|p1a: Breloom|Swords Dance|p1a: Breloom
|-boost|p1a: Breloom|atk|2
|move|p2a: Gastrodon|Ice Beam|p1a: Breloom
|-supereffective|p1a: Breloom
|-damage|p1a: Breloom|0 fnt
|faint|p1a: Breloom
|
|-weather|Sandstorm|[upkeep]
|-heal|p2a: Gastrodon|29\/426 brn|[from] item: Leftovers
|-damage|p2a: Gastrodon|0 fnt|[from] brn
|faint|p2a: Gastrodon
|
|switch|p2a: Starmie|Starmie|261\/261
|switch|p1a: Garfield|Landorus-Therian, M|300\/360
|-damage|p1a: Garfield|255\/360|[from] Stealth Rock
|-ability|p1a: Garfield|Intimidate|[of] p2a: Starmie
|-unboost|p2a: Starmie|atk|1
|turn|37
|
|move|p2a: Starmie|Ice Beam|p1a: Garfield
|-supereffective|p1a: Garfield
|-damage|p1a: Garfield|0 fnt
|faint|p1a: Garfield
|
|win|d.d. survivor