|join|d.d. survivor
|join|Cienight
|player|p1|d.d. survivor|30
|player|p2|Cienight|84
|gametype|singles
|gen|6
|tier|OU
|rated
|clearpoke
|poke|p1|Zapdos
|poke|p1|Rotom-Wash
|poke|p1|Clefable, M
|poke|p1|Venusaur, F
|poke|p1|Aegislash, M
|poke|p1|Kyurem-Black
|poke|p2|Kyurem-Black, shiny
|poke|p2|Aegislash, F, shiny
|poke|p2|Terrakion
|poke|p2|Zapdos
|poke|p2|Landorus-Therian, M, shiny
|poke|p2|Pinsir, F, shiny
|rule|Sleep Clause Mod: Limit one foe put to sleep
|rule|Species Clause: Limit one of each Pokemon
|rule|OHKO Clause: OHKO moves are banned
|rule|Moody Clause: Moody is banned
|rule|Evasion Moves Clause: Evasion moves are banned
|rule|Endless Battle Clause: Forcing endless battles is banned.
|rule|HP Percentage Mod: HP is reported as percentages
|teampreview
|
|start
|switch|p1a: Rotom-Wash|Rotom-Wash|303\/303
|switch|p2a: Rubik's|Kyurem-Black, shiny|405\/405
|-ability|p2a: Rubik's|Teravolt
|turn|1
|join|Omegasization
|
|switch|p1a: Aegislash|Aegislash, M|304\/304
|move|p2a: Rubik's|Substitute|p2a: Rubik's
|-start|p2a: Rubik's|Substitute
|-damage|p2a: Rubik's|304\/405
|
|-heal|p2a: Rubik's|329\/405|[from] item: Leftovers
|turn|2
|
|move|p2a: Rubik's|Earth Power|p1a: Aegislash
|-supereffective|p1a: Aegislash
|-damage|p1a: Aegislash|196\/304
|-formechange|p1a: Aegislash|Aegislash-Blade
|move|p1a: Aegislash|Shadow Ball|p2a: Rubik's
|-end|p2a: Rubik's|Substitute
|
|-heal|p2a: Rubik's|354\/405|[from] item: Leftovers
|-heal|p1a: Aegislash|215\/304|[from] item: Leftovers
|turn|3
|
|move|p2a: Rubik's|Substitute|p2a: Rubik's
|-start|p2a: Rubik's|Substitute
|-damage|p2a: Rubik's|253\/405
|move|p1a: Aegislash|Shadow Ball|p2a: Rubik's
|-end|p2a: Rubik's|Substitute
|
|-heal|p2a: Rubik's|278\/405|[from] item: Leftovers
|-heal|p1a: Aegislash|234\/304|[from] item: Leftovers
|turn|4
|
|-formechange|p1a: Aegislash|Aegislash
|move|p1a: Aegislash|King's Shield|p1a: Aegislash
|-singleturn|p1a: Aegislash|Protect
|move|p2a: Rubik's|Substitute|p2a: Rubik's
|-start|p2a: Rubik's|Substitute
|-damage|p2a: Rubik's|177\/405
|
|-heal|p2a: Rubik's|202\/405|[from] item: Leftovers
|-heal|p1a: Aegislash|253\/304|[from] item: Leftovers
|turn|5
|
|move|p2a: Rubik's|Earth Power|p1a: Aegislash
|-supereffective|p1a: Aegislash
|-damage|p1a: Aegislash|153\/304
|-formechange|p1a: Aegislash|Aegislash-Blade
|move|p1a: Aegislash|Shadow Ball|p2a: Rubik's
|-end|p2a: Rubik's|Substitute
|
|-heal|p2a: Rubik's|227\/405|[from] item: Leftovers
|-heal|p1a: Aegislash|172\/304|[from] item: Leftovers
|turn|6
|join|gifyoob
|
|-formechange|p1a: Aegislash|Aegislash
|move|p1a: Aegislash|King's Shield|p1a: Aegislash
|-singleturn|p1a: Aegislash|Protect
|move|p2a: Rubik's|Earth Power|p1a: Aegislash
|-activate|p1a: Aegislash|Protect
|
|-heal|p2a: Rubik's|252\/405|[from] item: Leftovers
|-heal|p1a: Aegislash|191\/304|[from] item: Leftovers
|turn|7
|
|move|p2a: Rubik's|Earth Power|p1a: Aegislash
|-supereffective|p1a: Aegislash
|-damage|p1a: Aegislash|77\/304
|-formechange|p1a: Aegislash|Aegislash-Blade
|move|p1a: Aegislash|Shadow Ball|p2a: Rubik's
|-damage|p2a: Rubik's|69\/405
|
|-heal|p2a: Rubik's|94\/405|[from] item: Leftovers
|-heal|p1a: Aegislash|96\/304|[from] item: Leftovers
|turn|8
|
|move|p2a: Rubik's|Earth Power|p1a: Aegislash
|-supereffective|p1a: Aegislash
|-damage|p1a: Aegislash|0 fnt
|faint|p1a: Aegislash
|
|-heal|p2a: Rubik's|119\/405|[from] item: Leftovers
|
|switch|p1a: Kyurem-Black|Kyurem-Black|404\/404
|-ability|p1a: Kyurem-Black|Teravolt
|turn|9
|
|switch|p2a: Aegislash|Aegislash, F, shiny|320\/320
|move|p1a: Kyurem-Black|Ice Beam|p2a: Aegislash
|-resisted|p2a: Aegislash
|-damage|p2a: Aegislash|261\/320
|
|-heal|p2a: Aegislash|281\/320|[from] item: Leftovers
|turn|10
|
|switch|p1a: Zapdos|Zapdos|384\/384
|-ability|p1a: Zapdos|Pressure
|-formechange|p2a: Aegislash|Aegislash-Blade
|move|p2a: Aegislash|Shadow Ball|p1a: Zapdos
|-damage|p1a: Zapdos|239\/384
|
|-heal|p1a: Zapdos|263\/384|[from] item: Leftovers
|-heal|p2a: Aegislash|301\/320|[from] item: Leftovers
|turn|11
|
|switch|p2a: Terrorkion|Terrakion|323\/323
|move|p1a: Zapdos|Heat Wave|p2a: Terrorkion
|-resisted|p2a: Terrorkion
|-damage|p2a: Terrorkion|277\/323
|
|-heal|p1a: Zapdos|287\/384|[from] item: Leftovers
|turn|12
|
|switch|p1a: Venusaur|Venusaur, F|362\/362
|move|p2a: Terrorkion|Stone Edge|p1a: Venusaur
|-damage|p1a: Venusaur|230\/362
|
|turn|13
|
|switch|p2a: Landorus-Therian|Landorus-Therian, M, shiny|382\/382
|-ability|p2a: Landorus-Therian|Intimidate|[of] p1a: Venusaur
|-unboost|p1a: Venusaur|atk|1
|-formechange|p1a: Venusaur|Venusaur-Mega
|message|Venusaur has Mega Evolved into Mega Venusaur!
|move|p1a: Venusaur|Sleep Powder|p2a: Landorus-Therian
|-status|p2a: Landorus-Therian|slp
|
|turn|14
|
|switch|p1a: Rotom-Wash|Rotom-Wash|303\/303
|cant|p2a: Landorus-Therian|slp
|
|turn|15
|
|cant|p2a: Landorus-Therian|slp
|move|p1a: Rotom-Wash|Hydro Pump|p2a: Landorus-Therian|[miss]
|-miss|p1a: Rotom-Wash|p2a: Landorus-Therian
|
|turn|16
|
|-curestatus|p2a: Landorus-Therian|slp
|move|p2a: Landorus-Therian|U-turn|p1a: Rotom-Wash
|-damage|p1a: Rotom-Wash|245\/303
|
|switch|p2a: Zapgod|Zapdos|383\/383
|-ability|p2a: Zapgod|Pressure
|move|p1a: Rotom-Wash|Hydro Pump|p2a: Zapgod|[miss]
|-miss|p1a: Rotom-Wash|p2a: Zapgod
|
|turn|17
|
|switch|p1a: Venusaur|Venusaur, F|230\/362
|-formechange|p1a: Venusaur|Venusaur-Mega
|move|p2a: Zapgod|Discharge|p1a: Venusaur
|-resisted|p1a: Venusaur
|-damage|p1a: Venusaur|178\/362
|
|turn|18
|
|move|p2a: Zapgod|Discharge|p1a: Venusaur
|-resisted|p1a: Venusaur
|-damage|p1a: Venusaur|129\/362
|-status|p1a: Venusaur|par
|cant|p1a: Venusaur|par
|
|turn|19
|
|switch|p2a: Rubik's|Kyurem-Black, shiny|119\/405
|-ability|p2a: Rubik's|Teravolt
|move|p1a: Venusaur|Synthesis|p1a: Venusaur
|-heal|p1a: Venusaur|310\/362 par
|
|-heal|p2a: Rubik's|144\/405|[from] item: Leftovers
|turn|20
|
|move|p2a: Rubik's|Ice Beam|p1a: Venusaur
|-supereffective|p1a: Venusaur
|-damage|p1a: Venusaur|34\/362 par
|move|p1a: Venusaur|Sludge Bomb|p2a: Rubik's
|-damage|p2a: Rubik's|0 fnt
|faint|p2a: Rubik's
|
|
|switch|p2a: Landorus-Therian|Landorus-Therian, M, shiny|382\/382
|-ability|p2a: Landorus-Therian|Intimidate|[of] p1a: Venusaur
|-unboost|p1a: Venusaur|atk|1
|turn|21
|
|move|p2a: Landorus-Therian|Stealth Rock|p1a: Venusaur
|-sidestart|p1: d.d. survivor|move: Stealth Rock
|move|p1a: Venusaur|Sleep Powder|p2a: Landorus-Therian
|-status|p2a: Landorus-Therian|slp
|
|turn|22
|
|switch|p2a: Pinsir|Pinsir, F, shiny|271\/271
|-ability|p2a: Pinsir|Mold Breaker
|switch|p1a: Rotom-Wash|Rotom-Wash|245\/303
|-damage|p1a: Rotom-Wash|208\/303|[from] Stealth Rock
|
|turn|23
|
|switch|p2a: Landorus-Therian|Landorus-Therian, M, shiny|382\/382 slp
|-ability|p2a: Landorus-Therian|Intimidate|[of] p1a: Rotom-Wash
|-unboost|p1a: Rotom-Wash|atk|1
|move|p1a: Rotom-Wash|Will-O-Wisp|p2a: Landorus-Therian
|-fail|p2a: Landorus-Therian
|
|turn|24
|
|cant|p2a: Landorus-Therian|slp
|move|p1a: Rotom-Wash|Hydro Pump|p2a: Landorus-Therian
|-crit|p2a: Landorus-Therian
|-supereffective|p2a: Landorus-Therian
|-damage|p2a: Landorus-Therian|0 fnt
|faint|p2a: Landorus-Therian
|
|
|switch|p2a: Zapgod|Zapdos|383\/383
|-ability|p2a: Zapgod|Pressure
|turn|25
|
|move|p2a: Zapgod|Discharge|p1a: Rotom-Wash
|-damage|p1a: Rotom-Wash|108\/303
|move|p1a: Rotom-Wash|Rest|p1a: Rotom-Wash
|-status|p1a: Rotom-Wash|slp
|-heal|p1a: Rotom-Wash|303\/303 slp|[silent]
|-status|p1a: Rotom-Wash|slp|[from] move: Rest
|-enditem|p1a: Rotom-Wash|Chesto Berry|[eat]
|-curestatus|p1a: Rotom-Wash|slp
|
|turn|26
|
|switch|p1a: Zapdos|Zapdos|287\/384
|-damage|p1a: Zapdos|191\/384|[from] Stealth Rock
|-ability|p1a: Zapdos|Pressure
|move|p2a: Zapgod|Discharge|p1a: Zapdos
|-damage|p1a: Zapdos|104\/384
|
|-heal|p1a: Zapdos|128\/384|[from] item: Leftovers
|turn|27
|
|switch|p2a: Aegislash|Aegislash, F, shiny|301\/320
|move|p1a: Zapdos|Defog|p2a: Aegislash
|-unboost|p2a: Aegislash|evasion|1
|-sideend|p1: d.d. survivor|Stealth Rock|[from] move: Defog|[of] p1a: Zapdos
|
|-heal|p1a: Zapdos|152\/384|[from] item: Leftovers
|-heal|p2a: Aegislash|320\/320|[from] item: Leftovers
|turn|28
|
|move|p1a: Zapdos|Roost|p1a: Zapdos
|-heal|p1a: Zapdos|344\/384
|-formechange|p2a: Aegislash|Aegislash-Blade
|move|p2a: Aegislash|Shadow Ball|p1a: Zapdos
|-damage|p1a: Zapdos|197\/384
|
|-heal|p1a: Zapdos|221\/384|[from] item: Leftovers
|turn|29
|
|switch|p2a: Terrorkion|Terrakion|277\/323
|move|p1a: Zapdos|Discharge|p2a: Terrorkion
|-damage|p2a: Terrorkion|157\/323
|
|-heal|p1a: Zapdos|245\/384|[from] item: Leftovers
|turn|30
|join|Dallaren
|
|switch|p1a: Venusaur|Venusaur, F|34\/362 par
|-formechange|p1a: Venusaur|Venusaur-Mega
|move|p2a: Terrorkion|Stone Edge|p1a: Venusaur|[miss]
|-miss|p2a: Terrorkion|p1a: Venusaur
|
|turn|31
|
|move|p2a: Terrorkion|Stone Edge|p1a: Venusaur
|-damage|p1a: Venusaur|0 fnt
|faint|p1a: Venusaur
|
|
|switch|p1a: Clefable|Clefable, M|394\/394
|turn|32
|
|move|p2a: Terrorkion|Stone Edge|p1a: Clefable
|-damage|p1a: Clefable|240\/394
|move|p1a: Clefable|Moonblast|p2a: Terrorkion
|-supereffective|p2a: Terrorkion
|-damage|p2a: Terrorkion|0 fnt
|faint|p2a: Terrorkion
|
|-heal|p1a: Clefable|264\/394|[from] item: Leftovers
|
|switch|p2a: Pinsir|Pinsir, F, shiny|271\/271
|-ability|p2a: Pinsir|Mold Breaker
|turn|33
|
|move|p2a: Pinsir|Swords Dance|p2a: Pinsir
|-boost|p2a: Pinsir|atk|2
|move|p1a: Clefable|Toxic|p2a: Pinsir
|-status|p2a: Pinsir|tox
|
|-heal|p1a: Clefable|288\/394|[from] item: Leftovers
|-damage|p2a: Pinsir|255\/271 tox|[from] psn
|turn|34
|
|move|p2a: Pinsir|Frustration|p1a: Clefable
|-damage|p1a: Clefable|73\/394
|move|p1a: Clefable|Moonlight|p1a: Clefable
|-heal|p1a: Clefable|270\/394
|
|-heal|p1a: Clefable|294\/394|[from] item: Leftovers
|-damage|p2a: Pinsir|223\/271 tox|[from] psn
|turn|35
|join|Nog
|
|-formechange|p2a: Pinsir|Pinsir-Mega
|message|Pinsir has Mega Evolved into Mega Pinsir!
|move|p2a: Pinsir|Frustration|p1a: Clefable
|-damage|p1a: Clefable|62\/394
|move|p1a: Clefable|Moonlight|p1a: Clefable
|-heal|p1a: Clefable|259\/394
|
|-heal|p1a: Clefable|283\/394|[from] item: Leftovers
|-damage|p2a: Pinsir|175\/271 tox|[from] psn
|turn|36
|
|switch|p2a: Aegislash|Aegislash, F, shiny|320\/320
|move|p1a: Clefable|Moonlight|p1a: Clefable
|-heal|p1a: Clefable|394\/394
|
|turn|37
|
|switch|p1a: Zapdos|Zapdos|245\/384
|-ability|p1a: Zapdos|Pressure
|-formechange|p2a: Aegislash|Aegislash-Blade
|move|p2a: Aegislash|Shadow Ball|p1a: Zapdos
|-crit|p1a: Zapdos
|-damage|p1a: Zapdos|46\/384
|
|-heal|p1a: Zapdos|70\/384|[from] item: Leftovers
|turn|38
|
|switch|p1a: Kyurem-Black|Kyurem-Black|404\/404
|-ability|p1a: Kyurem-Black|Teravolt
|move|p2a: Aegislash|Shadow Ball|p1a: Kyurem-Black
|-damage|p1a: Kyurem-Black|212\/404
|
|-heal|p1a: Kyurem-Black|237\/404|[from] item: Leftovers
|turn|39
|
|switch|p2a: Pinsir|Pinsir, F, shiny|175\/271 tox
|-formechange|p2a: Pinsir|Pinsir-Mega
|move|p1a: Kyurem-Black|Earth Power|p2a: Pinsir
|-immune|p2a: Pinsir|[msg]
|
|-heal|p1a: Kyurem-Black|262\/404|[from] item: Leftovers
|-damage|p2a: Pinsir|159\/271 tox|[from] psn
|turn|40
|chat|Nog|is that my aegislash?
|chat|Cienight|nope:p
|chat|Nog|:[
|chat|Omegasization|still going
|chat|Omegasization|what
|
|switch|p1a: Rotom-Wash|Rotom-Wash|303\/303
|move|p2a: Pinsir|Frustration|p1a: Rotom-Wash
|-resisted|p1a: Rotom-Wash
|-damage|p1a: Rotom-Wash|216\/303
|
|-damage|p2a: Pinsir|127\/271 tox|[from] psn
|turn|41
|chat|Cienight|I need 1 mon to finish the new team
|chat|Cienight|qq
|
|move|p2a: Pinsir|Swords Dance|p2a: Pinsir
|-boost|p2a: Pinsir|atk|2
|move|p1a: Rotom-Wash|Discharge|p2a: Pinsir
|-supereffective|p2a: Pinsir
|-damage|p2a: Pinsir|0 fnt
|faint|p2a: Pinsir
|
|chat|Omegasization|mega aerodactyl :V
|
|switch|p2a: Zapgod|Zapdos|383\/383
|-ability|p2a: Zapgod|Pressure
|turn|42
|chat|Dallaren|then finish it .-.
|chat|Omegasization|slab a mega dactyl on it
|chat|Cienight|I'm a lazy fuck
|
|move|p2a: Zapgod|Discharge|p1a: Rotom-Wash
|-damage|p1a: Rotom-Wash|108\/303
|move|p1a: Rotom-Wash|Will-O-Wisp|p2a: Zapgod
|-status|p2a: Zapgod|brn
|
|-damage|p2a: Zapgod|336\/383 brn|[from] brn
|turn|43
|chat|Nog|cienight why do you take 2 months to build a team ?_?
|chat|Cienight|read above
|
|move|p2a: Zapgod|Discharge|p1a: Rotom-Wash
|-damage|p1a: Rotom-Wash|8\/303
|move|p1a: Rotom-Wash|Rest|p1a: Rotom-Wash
|-status|p1a: Rotom-Wash|slp
|-heal|p1a: Rotom-Wash|303\/303 slp|[silent]
|-status|p1a: Rotom-Wash|slp|[from] move: Rest
|
|-heal|p2a: Zapgod|359\/383 brn|[from] item: Leftovers
|-damage|p2a: Zapgod|312\/383 brn|[from] brn
|turn|44
|chat|Dallaren|take 2 min like the rest of us and miserably fail
|
|switch|p1a: Zapdos|Zapdos|70\/384
|-ability|p1a: Zapdos|Pressure
|move|p2a: Zapgod|Discharge|p1a: Zapdos
|-damage|p1a: Zapdos|0 fnt
|faint|p1a: Zapdos
|
|-heal|p2a: Zapgod|335\/383 brn|[from] item: Leftovers
|-damage|p2a: Zapgod|288\/383 brn|[from] brn
|chat|Dallaren|atleast its quicker :3
|
|switch|p1a: Clefable|Clefable, M|394\/394
|turn|45
|
|switch|p2a: Aegislash|Aegislash, F, shiny|320\/320
|move|p1a: Clefable|Aromatherapy|p1a: Clefable
|-cureteam|p1a: Clefable|[from] move: Aromatherapy
|
|turn|46
|chat|Omegasization|lol
|
|switch|p1a: Rotom-Wash|Rotom-Wash|303\/303
|-formechange|p2a: Aegislash|Aegislash-Blade
|move|p2a: Aegislash|Shadow Ball|p1a: Rotom-Wash
|-damage|p1a: Rotom-Wash|128\/303
|
|turn|47
|chat|Omegasization|I spend at least 4 minutes each mon
|
|switch|p2a: Zapgod|Zapdos|288\/383 brn
|-ability|p2a: Zapgod|Pressure
|move|p1a: Rotom-Wash|Hydro Pump|p2a: Zapgod|[miss]
|-miss|p1a: Rotom-Wash|p2a: Zapgod
|
|-heal|p2a: Zapgod|311\/383 brn|[from] item: Leftovers
|-damage|p2a: Zapgod|264\/383 brn|[from] brn
|turn|48
|chat|Omegasization|and still epicly fail
|chat|Dallaren|4 entire minutes, damn
|
|switch|p2a: Aegislash|Aegislash, F, shiny|320\/320
|switch|p1a: Clefable|Clefable, M|394\/394
|
|turn|49
|chat|Omegasization|ok maybe more like 4 seconds
|chat|Omegasization|but still
|chat|Omegasization|it feels like 4 minutes
|chat|Cienight|gonna replace
|chat|Cienight|sneak
|chat|Cienight|from next match
|
|switch|p1a: Rotom-Wash|Rotom-Wash|128\/303
|-formechange|p2a: Aegislash|Aegislash-Blade
|move|p2a: Aegislash|Shadow Ball|p1a: Rotom-Wash
|-damage|p1a: Rotom-Wash|0 fnt
|faint|p1a: Rotom-Wash
|
|
|switch|p1a: Kyurem-Black|Kyurem-Black|262\/404
|-ability|p1a: Kyurem-Black|Teravolt
|turn|50
|
|-formechange|p2a: Aegislash|Aegislash
|move|p2a: Aegislash|King's Shield|p2a: Aegislash
|-singleturn|p2a: Aegislash|Protect
|move|p1a: Kyurem-Black|Substitute|p1a: Kyurem-Black
|-start|p1a: Kyurem-Black|Substitute
|-damage|p1a: Kyurem-Black|161\/404
|
|-heal|p1a: Kyurem-Black|186\/404|[from] item: Leftovers
|turn|51
|chat|Omegasization|throw balls at it
|chat|Omegasization|:V
|chat|Nog|I'm sorry miss jackson
|
|move|p1a: Kyurem-Black|Earth Power|p2a: Aegislash
|-supereffective|p2a: Aegislash
|-damage|p2a: Aegislash|160\/320
|-formechange|p2a: Aegislash|Aegislash-Blade
|move|p2a: Aegislash|Shadow Ball|p1a: Kyurem-Black
|-end|p1a: Kyurem-Black|Substitute
|
|-heal|p1a: Kyurem-Black|211\/404|[from] item: Leftovers
|-heal|p2a: Aegislash|180\/320|[from] item: Leftovers
|turn|52
|chat|Nog|ooooooo
|chat|Nog|I am fo real
|
|-formechange|p2a: Aegislash|Aegislash
|move|p2a: Aegislash|King's Shield|p2a: Aegislash
|-singleturn|p2a: Aegislash|Protect
|move|p1a: Kyurem-Black|Earth Power|p2a: Aegislash
|-activate|p2a: Aegislash|Protect
|
|-heal|p1a: Kyurem-Black|236\/404|[from] item: Leftovers
|-heal|p2a: Aegislash|200\/320|[from] item: Leftovers
|turn|53
|
|move|p1a: Kyurem-Black|Substitute|p1a: Kyurem-Black
|-start|p1a: Kyurem-Black|Substitute
|-damage|p1a: Kyurem-Black|135\/404
|-formechange|p2a: Aegislash|Aegislash-Blade
|move|p2a: Aegislash|Shadow Ball|p1a: Kyurem-Black
|-end|p1a: Kyurem-Black|Substitute
|
|-heal|p1a: Kyurem-Black|160\/404|[from] item: Leftovers
|-heal|p2a: Aegislash|220\/320|[from] item: Leftovers
|turn|54
|chat|Dallaren|50-50
|chat|Dallaren|the meta
|
|-formechange|p2a: Aegislash|Aegislash
|move|p2a: Aegislash|King's Shield|p2a: Aegislash
|-singleturn|p2a: Aegislash|Protect
|move|p1a: Kyurem-Black|Substitute|p1a: Kyurem-Black
|-start|p1a: Kyurem-Black|Substitute
|-damage|p1a: Kyurem-Black|59\/404
|
|-heal|p1a: Kyurem-Black|84\/404|[from] item: Leftovers
|-heal|p2a: Aegislash|240\/320|[from] item: Leftovers
|turn|55
|chat|Nog|healthy meta game imo
|chat|Dallaren|u suck at  50-50-s .-.
|
|switch|p2a: Zapgod|Zapdos|264\/383 brn
|-ability|p2a: Zapgod|Pressure
|move|p1a: Kyurem-Black|Earth Power|p2a: Zapgod
|-immune|p2a: Zapgod|[msg]
|
|-heal|p1a: Kyurem-Black|109\/404|[from] item: Leftovers
|-heal|p2a: Zapgod|287\/383 brn|[from] item: Leftovers
|-damage|p2a: Zapgod|240\/383 brn|[from] brn
|turn|56
|chat|Cienight|thx dall
|
|move|p1a: Kyurem-Black|Ice Beam|p2a: Zapgod
|-supereffective|p2a: Zapgod
|-damage|p2a: Zapgod|0 fnt
|faint|p2a: Zapgod
|
|-heal|p1a: Kyurem-Black|134\/404|[from] item: Leftovers
|chat|Nog|mmm
|chat|Omegasization|gj
|chat|Omegasization|lol
|
|switch|p2a: Aegislash|Aegislash, F, shiny|240\/320
|turn|57
|chat|Dallaren|er
|
|move|p1a: Kyurem-Black|Earth Power|p2a: Aegislash
|-supereffective|p2a: Aegislash
|-damage|p2a: Aegislash|90\/320
|-formechange|p2a: Aegislash|Aegislash-Blade
|move|p2a: Aegislash|Shadow Ball|p1a: Kyurem-Black
|-end|p1a: Kyurem-Black|Substitute
|
|-heal|p1a: Kyurem-Black|159\/404|[from] item: Leftovers
|-heal|p2a: Aegislash|110\/320|[from] item: Leftovers
|turn|58
|chat|Cienight|why you guys have to be so mean
|chat|Cienight|?
|chat|Dallaren|k 50-50
|
|-formechange|p2a: Aegislash|Aegislash
|move|p2a: Aegislash|King's Shield|p2a: Aegislash
|-singleturn|p2a: Aegislash|Protect
|move|p1a: Kyurem-Black|Earth Power|p2a: Aegislash
|-activate|p2a: Aegislash|Protect
|
|-heal|p1a: Kyurem-Black|184\/404|[from] item: Leftovers
|-heal|p2a: Aegislash|130\/320|[from] item: Leftovers
|turn|59
|chat|Nog|>you guys
|
|move|p2a: Aegislash|King's Shield|p2a: Aegislash
|-fail|p2a: Aegislash
|move|p1a: Kyurem-Black|Earth Power|p2a: Aegislash
|-supereffective|p2a: Aegislash
|-damage|p2a: Aegislash|0 fnt
|faint|p2a: Aegislash
|
|win|d.d. survivor
|raw|Ladder updating...
|chat|Dallaren|ok we're 2-2 on 50-50s
|chat|Nog|I didn't say anything :[
|chat|Omegasization|nah
|raw|d.d. survivor's rating: 1821 &rarr; <strong>1843<\/strong><br \/>(+22 for winning)
|raw|Cienight's rating: 1862 &rarr; <strong>1839<\/strong><br \/>(-23 for losing)
|chat|Dallaren|and he risks the 50-505-50
|leave|Cienight
|player|p2
|leave|Nog
|leave|Dallaren