|join|d.d. survivor
|join|ItsJay
|player|p1|d.d. survivor|78
|player|p2|ItsJay|284
|gametype|singles
|gen|6
|tier|OU
|rated
|clearpoke
|poke|p1|Slowbro, M
|poke|p1|Tyranitar, M
|poke|p1|Scizor, F
|poke|p1|Trevenant, F
|poke|p1|Heatran, M
|poke|p1|Gliscor, M
|poke|p2|Latios, M
|poke|p2|Metagross
|poke|p2|Mamoswine, F
|poke|p2|Rotom-Wash
|poke|p2|Landorus-Therian, M
|poke|p2|Greninja, M
|rule|Swagger Clause: Swagger is banned
|rule|Baton Pass Clause: Limit one PokÃ©mon knowing Baton Pass
|rule|Sleep Clause Mod: Limit one foe put to sleep
|rule|Species Clause: Limit one of each PokÃ©mon
|rule|OHKO Clause: OHKO moves are banned
|rule|Moody Clause: Moody is banned
|rule|Evasion Moves Clause: Evasion moves are banned
|rule|Endless Battle Clause: Forcing endless battles is banned
|rule|HP Percentage Mod: HP is shown in percentages
|teampreview
|
|start
|switch|p1a: Gliscor|Gliscor, M|354\/354
|switch|p2a: Mamoswine|Mamoswine, F|424\/424
|turn|1
|
|move|p1a: Gliscor|Toxic|p2a: Mamoswine
|-status|p2a: Mamoswine|tox
|move|p2a: Mamoswine|Icicle Crash|p1a: Gliscor
|-supereffective|p1a: Gliscor
|-damage|p1a: Gliscor|0 fnt
|faint|p1a: Gliscor
|
|-damage|p2a: Mamoswine|398\/424 tox|[from] psn
|
|switch|p1a: Slowbro|Slowbro, M|394\/394
|turn|2
|
|switch|p2a: Rotom-Wash|Rotom-Wash|304\/304
|move|p1a: Slowbro|Calm Mind|p1a: Slowbro
|-boost|p1a: Slowbro|spa|1
|-boost|p1a: Slowbro|spd|1
|
|turn|3
|
|move|p2a: Rotom-Wash|Will-O-Wisp|p1a: Slowbro
|-status|p1a: Slowbro|brn
|move|p1a: Slowbro|Focus Blast|p2a: Rotom-Wash
|-damage|p2a: Rotom-Wash|199\/304
|
|-heal|p2a: Rotom-Wash|218\/304|[from] item: Leftovers
|-damage|p1a: Slowbro|345\/394 brn|[from] brn
|turn|4
|
|move|p2a: Rotom-Wash|Volt Switch|p1a: Slowbro
|-supereffective|p1a: Slowbro
|-damage|p1a: Slowbro|213\/394 brn
|
|switch|p2a: Landorus-Therian|Landorus-Therian, M|320\/320
|-ability|p2a: Landorus-Therian|Intimidate|[of] p1a: Slowbro
|-unboost|p1a: Slowbro|atk|1
|move|p1a: Slowbro|Calm Mind|p1a: Slowbro
|-boost|p1a: Slowbro|spa|1
|-boost|p1a: Slowbro|spd|1
|
|-heal|p1a: Slowbro|237\/394 brn|[from] item: Leftovers
|-damage|p1a: Slowbro|188\/394 brn|[from] brn
|turn|5
|
|move|p2a: Landorus-Therian|Knock Off|p1a: Slowbro
|-supereffective|p1a: Slowbro
|-damage|p1a: Slowbro|26\/394 brn
|-enditem|p1a: Slowbro|Leftovers|[from] move: Knock Off|[of] p2a: Landorus-Therian
|move|p1a: Slowbro|Slack Off|p1a: Slowbro
|-heal|p1a: Slowbro|223\/394 brn
|
|-damage|p1a: Slowbro|174\/394 brn|[from] brn
|turn|6
|
|move|p2a: Landorus-Therian|Knock Off|p1a: Slowbro
|-supereffective|p1a: Slowbro
|-damage|p1a: Slowbro|68\/394 brn
|move|p1a: Slowbro|Slack Off|p1a: Slowbro
|-heal|p1a: Slowbro|265\/394 brn
|
|-damage|p1a: Slowbro|216\/394 brn|[from] brn
|turn|7
|
|switch|p2a: Rotom-Wash|Rotom-Wash|218\/304
|move|p1a: Slowbro|Slack Off|p1a: Slowbro
|-heal|p1a: Slowbro|394\/394 brn
|
|-heal|p2a: Rotom-Wash|237\/304|[from] item: Leftovers
|-damage|p1a: Slowbro|345\/394 brn|[from] brn
|turn|8
|
|move|p2a: Rotom-Wash|Will-O-Wisp|p1a: Slowbro
|-fail|p1a: Slowbro|brn
|move|p1a: Slowbro|Focus Blast|p2a: Rotom-Wash
|-damage|p2a: Rotom-Wash|118\/304
|
|-heal|p2a: Rotom-Wash|137\/304|[from] item: Leftovers
|-damage|p1a: Slowbro|296\/394 brn|[from] brn
|turn|9
|
|move|p2a: Rotom-Wash|Hydro Pump|p1a: Slowbro
|-resisted|p1a: Slowbro
|-damage|p1a: Slowbro|257\/394 brn
|move|p1a: Slowbro|Slack Off|p1a: Slowbro
|-heal|p1a: Slowbro|394\/394 brn
|
|-heal|p2a: Rotom-Wash|156\/304|[from] item: Leftovers
|-damage|p1a: Slowbro|345\/394 brn|[from] brn
|turn|10
|
|move|p2a: Rotom-Wash|Hydro Pump|p1a: Slowbro
|-resisted|p1a: Slowbro
|-damage|p1a: Slowbro|306\/394 brn
|move|p1a: Slowbro|Slack Off|p1a: Slowbro
|-heal|p1a: Slowbro|394\/394 brn
|
|-heal|p2a: Rotom-Wash|175\/304|[from] item: Leftovers
|-damage|p1a: Slowbro|345\/394 brn|[from] brn
|turn|11
|
|move|p2a: Rotom-Wash|Volt Switch|p1a: Slowbro
|-supereffective|p1a: Slowbro
|-damage|p1a: Slowbro|249\/394 brn
|
|switch|p2a: Landorus-Therian|Landorus-Therian, M|320\/320
|-ability|p2a: Landorus-Therian|Intimidate|[of] p1a: Slowbro
|-unboost|p1a: Slowbro|atk|1
|move|p1a: Slowbro|Calm Mind|p1a: Slowbro
|-boost|p1a: Slowbro|spa|1
|-boost|p1a: Slowbro|spd|1
|
|-damage|p1a: Slowbro|200\/394 brn|[from] brn
|turn|12
|
|move|p2a: Landorus-Therian|U-turn|p1a: Slowbro
|-supereffective|p1a: Slowbro
|-damage|p1a: Slowbro|78\/394 brn
|
|switch|p2a: Rotom-Wash|Rotom-Wash|175\/304
|move|p1a: Slowbro|Slack Off|p1a: Slowbro
|-heal|p1a: Slowbro|275\/394 brn
|
|-heal|p2a: Rotom-Wash|194\/304|[from] item: Leftovers
|-damage|p1a: Slowbro|226\/394 brn|[from] brn
|turn|13
|
|move|p2a: Rotom-Wash|Hydro Pump|p1a: Slowbro
|-resisted|p1a: Slowbro
|-damage|p1a: Slowbro|193\/394 brn
|move|p1a: Slowbro|Slack Off|p1a: Slowbro
|-heal|p1a: Slowbro|390\/394 brn
|
|-heal|p2a: Rotom-Wash|213\/304|[from] item: Leftovers
|-damage|p1a: Slowbro|341\/394 brn|[from] brn
|turn|14
|
|move|p2a: Rotom-Wash|Hydro Pump|p1a: Slowbro
|-resisted|p1a: Slowbro
|-damage|p1a: Slowbro|306\/394 brn
|move|p1a: Slowbro|Scald|p2a: Rotom-Wash
|-resisted|p2a: Rotom-Wash
|-damage|p2a: Rotom-Wash|138\/304
|
|-heal|p2a: Rotom-Wash|157\/304|[from] item: Leftovers
|-damage|p1a: Slowbro|257\/394 brn|[from] brn
|turn|15
|
|move|p2a: Rotom-Wash|Volt Switch|p1a: Slowbro
|-supereffective|p1a: Slowbro
|-damage|p1a: Slowbro|167\/394 brn
|
|switch|p2a: Landorus-Therian|Landorus-Therian, M|320\/320
|-ability|p2a: Landorus-Therian|Intimidate|[of] p1a: Slowbro
|-unboost|p1a: Slowbro|atk|1
|move|p1a: Slowbro|Slack Off|p1a: Slowbro
|-heal|p1a: Slowbro|364\/394 brn
|
|-damage|p1a: Slowbro|315\/394 brn|[from] brn
|turn|16
|
|move|p2a: Landorus-Therian|U-turn|p1a: Slowbro
|-supereffective|p1a: Slowbro
|-damage|p1a: Slowbro|189\/394 brn
|
|switch|p2a: Rotom-Wash|Rotom-Wash|157\/304
|move|p1a: Slowbro|Scald|p2a: Rotom-Wash
|-resisted|p2a: Rotom-Wash
|-damage|p2a: Rotom-Wash|73\/304
|
|-heal|p2a: Rotom-Wash|92\/304|[from] item: Leftovers
|-damage|p1a: Slowbro|140\/394 brn|[from] brn
|turn|17
|
|move|p2a: Rotom-Wash|Volt Switch|p1a: Slowbro
|-supereffective|p1a: Slowbro
|-damage|p1a: Slowbro|60\/394 brn
|
|switch|p2a: Metagross|Metagross|302\/302
|move|p1a: Slowbro|Slack Off|p1a: Slowbro
|-heal|p1a: Slowbro|257\/394 brn
|
|-damage|p1a: Slowbro|208\/394 brn|[from] brn
|turn|18
|
|detailschange|p2a: Metagross|Metagross-Mega
|message|Metagross has Mega Evolved into Mega Metagross!
|move|p2a: Metagross|Earthquake|p1a: Slowbro
|-damage|p1a: Slowbro|114\/394 brn
|move|p1a: Slowbro|Slack Off|p1a: Slowbro
|-heal|p1a: Slowbro|311\/394 brn
|
|-damage|p1a: Slowbro|262\/394 brn|[from] brn
|turn|19
|
|switch|p2a: Rotom-Wash|Rotom-Wash|92\/304
|move|p1a: Slowbro|Scald|p2a: Rotom-Wash
|-resisted|p2a: Rotom-Wash
|-damage|p2a: Rotom-Wash|17\/304
|-status|p2a: Rotom-Wash|brn
|
|-heal|p2a: Rotom-Wash|36\/304 brn|[from] item: Leftovers
|-damage|p2a: Rotom-Wash|0 fnt|[from] brn
|-damage|p1a: Slowbro|213\/394 brn|[from] brn
|faint|p2a: Rotom-Wash
|
|switch|p2a: Greninja|Greninja, M|285\/285
|turn|20
|
|move|p2a: Greninja|Hydro Pump|p1a: Slowbro|[miss]
|-start|p2a: Greninja|typechange|Water|[from] Protean
|-miss|p2a: Greninja|p1a: Slowbro
|move|p1a: Slowbro|Slack Off|p1a: Slowbro
|-heal|p1a: Slowbro|394\/394 brn
|
|-damage|p1a: Slowbro|345\/394 brn|[from] brn
|turn|21
|
|move|p2a: Greninja|Grass Knot|p1a: Slowbro
|-start|p2a: Greninja|typechange|Grass|[from] Protean
|-supereffective|p1a: Slowbro
|-damage|p1a: Slowbro|206\/394 brn
|move|p1a: Slowbro|Calm Mind|p1a: Slowbro
|-boost|p1a: Slowbro|spa|1
|-boost|p1a: Slowbro|spd|1
|
|-damage|p1a: Slowbro|157\/394 brn|[from] brn
|turn|22
|
|move|p2a: Greninja|Grass Knot|p1a: Slowbro
|-supereffective|p1a: Slowbro
|-damage|p1a: Slowbro|32\/394 brn
|move|p1a: Slowbro|Slack Off|p1a: Slowbro
|-heal|p1a: Slowbro|229\/394 brn
|
|-damage|p1a: Slowbro|180\/394 brn|[from] brn
|turn|23
|
|move|p2a: Greninja|Grass Knot|p1a: Slowbro
|-supereffective|p1a: Slowbro
|-damage|p1a: Slowbro|55\/394 brn
|move|p1a: Slowbro|Slack Off|p1a: Slowbro
|-heal|p1a: Slowbro|252\/394 brn
|
|-damage|p1a: Slowbro|203\/394 brn|[from] brn
|turn|24
|
|move|p2a: Greninja|Grass Knot|p1a: Slowbro
|-supereffective|p1a: Slowbro
|-damage|p1a: Slowbro|85\/394 brn
|move|p1a: Slowbro|Slack Off|p1a: Slowbro
|-heal|p1a: Slowbro|282\/394 brn
|
|-damage|p1a: Slowbro|233\/394 brn|[from] brn
|turn|25
|
|move|p2a: Greninja|Grass Knot|p1a: Slowbro
|-supereffective|p1a: Slowbro
|-damage|p1a: Slowbro|125\/394 brn
|move|p1a: Slowbro|Slack Off|p1a: Slowbro
|-heal|p1a: Slowbro|322\/394 brn
|
|-damage|p1a: Slowbro|273\/394 brn|[from] brn
|turn|26
|
|move|p2a: Greninja|Grass Knot|p1a: Slowbro
|-supereffective|p1a: Slowbro
|-damage|p1a: Slowbro|163\/394 brn
|move|p1a: Slowbro|Slack Off|p1a: Slowbro
|-heal|p1a: Slowbro|360\/394 brn
|
|-damage|p1a: Slowbro|311\/394 brn|[from] brn
|turn|27
|
|move|p2a: Greninja|Grass Knot|p1a: Slowbro
|-supereffective|p1a: Slowbro
|-damage|p1a: Slowbro|196\/394 brn
|move|p1a: Slowbro|Scald|p2a: Greninja
|-resisted|p2a: Greninja
|-damage|p2a: Greninja|87\/285
|-status|p2a: Greninja|brn
|
|-damage|p2a: Greninja|52\/285 brn|[from] brn
|-damage|p1a: Slowbro|147\/394 brn|[from] brn
|turn|28
|
|move|p2a: Greninja|Grass Knot|p1a: Slowbro
|-supereffective|p1a: Slowbro
|-damage|p1a: Slowbro|39\/394 brn
|move|p1a: Slowbro|Scald|p2a: Greninja
|-resisted|p2a: Greninja
|-damage|p2a: Greninja|0 fnt
|faint|p2a: Greninja
|
|-damage|p1a: Slowbro|0 fnt|[from] brn
|faint|p1a: Slowbro
|
|switch|p2a: Metagross|Metagross-Mega|302\/302
|switch|p1a: Trevenant|Trevenant, F|374\/374
|turn|29
|
|move|p2a: Metagross|Ice Punch|p1a: Trevenant
|-supereffective|p1a: Trevenant
|-damage|p1a: Trevenant|140\/374
|move|p1a: Trevenant|Will-O-Wisp|p2a: Metagross
|-status|p2a: Metagross|brn
|
|-damage|p2a: Metagross|265\/302 brn|[from] brn
|turn|30
|
|move|p2a: Metagross|Ice Punch|p1a: Trevenant
|-supereffective|p1a: Trevenant
|-damage|p1a: Trevenant|34\/374
|move|p1a: Trevenant|Rest|p1a: Trevenant
|-status|p1a: Trevenant|slp
|-heal|p1a: Trevenant|374\/374 slp|[silent]
|-status|p1a: Trevenant|slp|[from] move: Rest
|-enditem|p1a: Trevenant|Lum Berry|[eat]
|-curestatus|p1a: Trevenant|slp
|
|-damage|p2a: Metagross|228\/302 brn|[from] brn
|-item|p1a: Trevenant|Lum Berry|[from] ability: Harvest
|turn|31
|
|move|p2a: Metagross|Ice Punch|p1a: Trevenant
|-supereffective|p1a: Trevenant
|-damage|p1a: Trevenant|268\/374
|move|p1a: Trevenant|Leech Seed|p2a: Metagross
|-start|p2a: Metagross|move: Leech Seed
|
|-damage|p2a: Metagross|191\/302 brn|[from] Leech Seed|[of] p1a: Trevenant
|-heal|p1a: Trevenant|305\/374|[silent]
|-damage|p2a: Metagross|154\/302 brn|[from] brn
|turn|32
|
|move|p2a: Metagross|Ice Punch|p1a: Trevenant
|-supereffective|p1a: Trevenant
|-damage|p1a: Trevenant|203\/374
|move|p1a: Trevenant|Will-O-Wisp|p2a: Metagross
|-fail|p2a: Metagross|brn
|
|-damage|p2a: Metagross|117\/302 brn|[from] Leech Seed|[of] p1a: Trevenant
|-heal|p1a: Trevenant|240\/374|[silent]
|-damage|p2a: Metagross|80\/302 brn|[from] brn
|turn|33
|
|move|p2a: Metagross|Meteor Mash|p1a: Trevenant
|-damage|p1a: Trevenant|135\/374
|move|p1a: Trevenant|Rest|p1a: Trevenant
|-status|p1a: Trevenant|slp
|-heal|p1a: Trevenant|374\/374 slp|[silent]
|-status|p1a: Trevenant|slp|[from] move: Rest
|-enditem|p1a: Trevenant|Lum Berry|[eat]
|-curestatus|p1a: Trevenant|slp
|
|-damage|p2a: Metagross|43\/302 brn|[from] Leech Seed|[of] p1a: Trevenant
|-damage|p2a: Metagross|6\/302 brn|[from] brn
|-item|p1a: Trevenant|Lum Berry|[from] ability: Harvest
|turn|34
|
|move|p2a: Metagross|Meteor Mash|p1a: Trevenant
|-damage|p1a: Trevenant|271\/374
|move|p1a: Trevenant|Rest|p1a: Trevenant
|-status|p1a: Trevenant|slp
|-heal|p1a: Trevenant|374\/374 slp|[silent]
|-status|p1a: Trevenant|slp|[from] move: Rest
|-enditem|p1a: Trevenant|Lum Berry|[eat]
|-curestatus|p1a: Trevenant|slp
|
|-damage|p2a: Metagross|0 fnt|[from] Leech Seed|[of] p1a: Trevenant
|-item|p1a: Trevenant|Lum Berry|[from] ability: Harvest
|faint|p2a: Metagross
|
|switch|p2a: Mamoswine|Mamoswine, F|398\/424 tox
|turn|35
|
|switch|p1a: Scizor|Scizor, F|344\/344
|move|p2a: Mamoswine|Icicle Crash|p1a: Scizor
|-resisted|p1a: Scizor
|-damage|p1a: Scizor|256\/344
|
|-heal|p1a: Scizor|277\/344|[from] item: Leftovers
|-damage|p2a: Mamoswine|372\/424 tox|[from] psn
|turn|36
|
|switch|p2a: Landorus-Therian|Landorus-Therian, M|320\/320
|-ability|p2a: Landorus-Therian|Intimidate|[of] p1a: Scizor
|-unboost|p1a: Scizor|atk|1
|move|p1a: Scizor|Bullet Punch|p2a: Landorus-Therian
|-damage|p2a: Landorus-Therian|251\/320
|
|-heal|p1a: Scizor|298\/344|[from] item: Leftovers
|turn|37
|
|switch|p1a: Trevenant|Trevenant, F|374\/374
|move|p2a: Landorus-Therian|Earthquake|p1a: Trevenant
|-resisted|p1a: Trevenant
|-damage|p1a: Trevenant|288\/374
|
|turn|38
|
|switch|p2a: Mamoswine|Mamoswine, F|372\/424 tox
|move|p1a: Trevenant|Leech Seed|p2a: Mamoswine
|-start|p2a: Mamoswine|move: Leech Seed
|
|-damage|p2a: Mamoswine|319\/424 tox|[from] Leech Seed|[of] p1a: Trevenant
|-heal|p1a: Trevenant|341\/374|[silent]
|-damage|p2a: Mamoswine|293\/424 tox|[from] psn
|turn|39
|
|switch|p1a: Scizor|Scizor, F|298\/344
|move|p2a: Mamoswine|Icicle Crash|p1a: Scizor
|-resisted|p1a: Scizor
|-damage|p1a: Scizor|219\/344
|
|-heal|p1a: Scizor|240\/344|[from] item: Leftovers
|-damage|p2a: Mamoswine|240\/424 tox|[from] Leech Seed|[of] p1a: Scizor
|-heal|p1a: Scizor|293\/344|[silent]
|-damage|p2a: Mamoswine|188\/424 tox|[from] psn
|turn|40
|
|switch|p2a: Landorus-Therian|Landorus-Therian, M|251\/320
|-ability|p2a: Landorus-Therian|Intimidate|[of] p1a: Scizor
|-unboost|p1a: Scizor|atk|1
|switch|p1a: Trevenant|Trevenant, F|341\/374
|
|turn|41
|
|move|p2a: Landorus-Therian|Knock Off|p1a: Trevenant
|-supereffective|p1a: Trevenant
|-damage|p1a: Trevenant|119\/374
|-enditem|p1a: Trevenant|Lum Berry|[from] move: Knock Off|[of] p2a: Landorus-Therian
|move|p1a: Trevenant|Leech Seed|p2a: Landorus-Therian
|-start|p2a: Landorus-Therian|move: Leech Seed
|
|-damage|p2a: Landorus-Therian|211\/320|[from] Leech Seed|[of] p1a: Trevenant
|-heal|p1a: Trevenant|159\/374|[silent]
|turn|42
|
|move|p2a: Landorus-Therian|Knock Off|p1a: Trevenant
|-supereffective|p1a: Trevenant
|-damage|p1a: Trevenant|11\/374
|move|p1a: Trevenant|Will-O-Wisp|p2a: Landorus-Therian
|-status|p2a: Landorus-Therian|brn
|
|-damage|p2a: Landorus-Therian|171\/320 brn|[from] Leech Seed|[of] p1a: Trevenant
|-heal|p1a: Trevenant|51\/374|[silent]
|-damage|p2a: Landorus-Therian|131\/320 brn|[from] brn
|turn|43
|
|switch|p2a: Mamoswine|Mamoswine, F|188\/424 tox
|move|p1a: Trevenant|Rest|p1a: Trevenant
|-status|p1a: Trevenant|slp
|-heal|p1a: Trevenant|374\/374 slp|[silent]
|-status|p1a: Trevenant|slp|[from] move: Rest
|
|-damage|p2a: Mamoswine|162\/424 tox|[from] psn
|turn|44
|
|move|p2a: Mamoswine|Earthquake|p1a: Trevenant
|-resisted|p1a: Trevenant
|-damage|p1a: Trevenant|284\/374 slp
|cant|p1a: Trevenant|slp
|
|-damage|p2a: Mamoswine|110\/424 tox|[from] psn
|turn|45
|
|move|p2a: Mamoswine|Icicle Crash|p1a: Trevenant
|-supereffective|p1a: Trevenant
|-damage|p1a: Trevenant|0 fnt
|faint|p1a: Trevenant
|
|-damage|p2a: Mamoswine|32\/424 tox|[from] psn
|
|switch|p1a: Scizor|Scizor, F|293\/344
|turn|46
|
|move|p2a: Mamoswine|Ice Shard|p1a: Scizor
|-resisted|p1a: Scizor
|-damage|p1a: Scizor|252\/344
|move|p1a: Scizor|Bullet Punch|p2a: Mamoswine
|-crit|p2a: Mamoswine
|-supereffective|p2a: Mamoswine
|-damage|p2a: Mamoswine|0 fnt
|faint|p2a: Mamoswine
|
|-heal|p1a: Scizor|273\/344|[from] item: Leftovers
|
|switch|p2a: Landorus-Therian|Landorus-Therian, M|131\/320 brn
|-ability|p2a: Landorus-Therian|Intimidate|[of] p1a: Scizor
|-unboost|p1a: Scizor|atk|1
|turn|47
|
|move|p2a: Landorus-Therian|Knock Off|p1a: Scizor
|-damage|p1a: Scizor|215\/344
|-enditem|p1a: Scizor|Leftovers|[from] move: Knock Off|[of] p2a: Landorus-Therian
|move|p1a: Scizor|Knock Off|p2a: Landorus-Therian
|-damage|p2a: Landorus-Therian|63\/320 brn
|-enditem|p2a: Landorus-Therian|Choice Scarf|[from] move: Knock Off|[of] p1a: Scizor
|
|-damage|p2a: Landorus-Therian|23\/320 brn|[from] brn
|turn|48
|
|move|p2a: Landorus-Therian|Earthquake|p1a: Scizor
|-damage|p1a: Scizor|118\/344
|move|p1a: Scizor|Roost|p1a: Scizor
|-heal|p1a: Scizor|290\/344
|
|-damage|p2a: Landorus-Therian|0 fnt|[from] brn
|faint|p2a: Landorus-Therian
|
|switch|p2a: Latios|Latios, M|289\/289
|turn|49
|
|move|p2a: Latios|Psyshock|p1a: Scizor
|-resisted|p1a: Scizor
|-damage|p1a: Scizor|202\/344
|-damage|p2a: Latios|261\/289|[from] item: Life Orb
|move|p1a: Scizor|Knock Off|p2a: Latios
|-supereffective|p2a: Latios
|-damage|p2a: Latios|95\/289
|-enditem|p2a: Latios|Life Orb|[from] move: Knock Off|[of] p1a: Scizor
|
|turn|50
|
|move|p2a: Latios|Psyshock|p1a: Scizor
|-resisted|p1a: Scizor
|-damage|p1a: Scizor|129\/344
|move|p1a: Scizor|Knock Off|p2a: Latios
|-supereffective|p2a: Latios
|-damage|p2a: Latios|0 fnt
|faint|p2a: Latios
|
|win|d.d. survivor
|raw|Ladder updating...
|raw|d.d. survivor's rating: 1231 &rarr; <strong>1254<\/strong><br \/>(+23 for winning)
|raw|ItsJay's rating: 1196 &rarr; <strong>1173<\/strong><br \/>(-23 for losing)
|leave|ItsJay
|player|p2