|join|d.d. survivor
|join|toiletpker
|player|p1|d.d. survivor|30
|player|p2|toiletpker|101
|gametype|singles
|gen|6
|tier|OU
|rated
|clearpoke
|poke|p1|Espeon, F
|poke|p1|Scolipede, F
|poke|p1|Zapdos
|poke|p1|Sylveon, M
|poke|p1|Mr. Mime, F, shiny
|poke|p1|Vaporeon, M
|poke|p2|Manectric, M
|poke|p2|Greninja, M
|poke|p2|Gliscor, F
|poke|p2|Jirachi
|poke|p2|Cloyster, F
|poke|p2|Mew
|rule|Sleep Clause Mod: Limit one foe put to sleep
|rule|Species Clause: Limit one of each Pokemon
|rule|OHKO Clause: OHKO moves are banned
|rule|Moody Clause: Moody is banned
|rule|Evasion Moves Clause: Evasion moves are banned
|rule|Endless Battle Clause: Forcing endless battles is banned.
|rule|HP Percentage Mod: HP is reported as percentages
|teampreview
|
|start
|switch|p1a: Scolipede|Scolipede, F|321\/321
|switch|p2a: Cloyster|Cloyster, F|242\/242
|turn|1
|
|move|p1a: Scolipede|Iron Defense|p1a: Scolipede
|-boost|p1a: Scolipede|def|2
|move|p2a: Cloyster|Shell Smash|p2a: Cloyster
|-boost|p2a: Cloyster|atk|2
|-boost|p2a: Cloyster|spa|2
|-boost|p2a: Cloyster|spe|2
|-unboost|p2a: Cloyster|def|1
|-unboost|p2a: Cloyster|spd|1
|
|-boost|p1a: Scolipede|spe|1|[from] ability: Speed Boost
|turn|2
|chat|toiletpker|ur dead bitch
|
|move|p1a: Scolipede|Baton Pass|p1a: Scolipede
|
|switch|p1a: Vaporeon|Vaporeon, M|432\/432
|move|p2a: Cloyster|Shell Smash|p2a: Cloyster
|-boost|p2a: Cloyster|atk|2
|-boost|p2a: Cloyster|spa|2
|-boost|p2a: Cloyster|spe|2
|-unboost|p2a: Cloyster|def|1
|-unboost|p2a: Cloyster|spd|1
|
|turn|3
|
|move|p2a: Cloyster|Rock Blast|p1a: Vaporeon
|-damage|p1a: Vaporeon|393\/432
|-crit|p1a: Vaporeon
|-damage|p1a: Vaporeon|286\/432
|-damage|p1a: Vaporeon|250\/432
|-damage|p1a: Vaporeon|208\/432
|-damage|p1a: Vaporeon|171\/432
|-hitcount|p1a: Vaporeon|5
|move|p1a: Vaporeon|Roar|p2a: Cloyster
|drag|p2a: Mew|Mew|404\/404
|
|-heal|p1a: Vaporeon|198\/432|[from] item: Leftovers
|turn|4
|
|move|p2a: Mew|Nasty Plot|p2a: Mew
|-boost|p2a: Mew|spa|2
|move|p1a: Vaporeon|Baton Pass|p1a: Vaporeon
|
|switch|p1a: Mr. Mime|Mr. Mime, F, shiny|259\/259
|
|turn|5
|
|move|p2a: Mew|Nasty Plot|p2a: Mew
|-boost|p2a: Mew|spa|2
|move|p1a: Mr. Mime|Encore|p2a: Mew
|-start|p2a: Mew|Encore
|
|turn|6
|
|move|p2a: Mew|Nasty Plot|p2a: Mew
|-boost|p2a: Mew|spa|2
|move|p1a: Mr. Mime|Substitute|p1a: Mr. Mime
|-start|p1a: Mr. Mime|Substitute
|-damage|p1a: Mr. Mime|195\/259
|
|-heal|p1a: Mr. Mime|211\/259|[from] item: Leftovers
|turn|7
|
|move|p2a: Mew|Nasty Plot|p2a: Mew
|-fail|p2a: Mew
|move|p1a: Mr. Mime|Baton Pass|p1a: Mr. Mime
|
|switch|p1a: Vaporeon|Vaporeon, M|198\/432
|
|-heal|p1a: Vaporeon|225\/432|[from] item: Leftovers
|turn|8
|
|switch|p2a: Manectric|Manectric, M|281\/281
|move|p1a: Vaporeon|Roar|p2a: Manectric
|drag|p2a: Gliscor|Gliscor, F|337\/337
|
|-heal|p1a: Vaporeon|252\/432|[from] item: Leftovers
|-status|p2a: Gliscor|tox|[from] item: Toxic Orb
|turn|9
|
|move|p1a: Vaporeon|Baton Pass|p1a: Vaporeon
|
|switch|p1a: Espeon|Espeon, F|321\/321
|move|p2a: Gliscor|Taunt|p1a: Espeon
|move|p1a: Espeon|Taunt|p2a: Gliscor|[from]Magic Bounce
|-start|p2a: Gliscor|move: Taunt
|
|turn|10
|
|switch|p2a: Manectric|Manectric, M|281\/281
|move|p1a: Espeon|Baton Pass|p1a: Espeon
|
|switch|p1a: Scolipede|Scolipede, F|321\/321
|
|turn|11
|chat|toiletpker|make your own team
|chat|toiletpker|u little shit
|
|switch|p2a: Cloyster|Cloyster, F|242\/242
|move|p1a: Scolipede|Protect|p1a: Scolipede
|-fail|p1a: Scolipede
|
|-boost|p1a: Scolipede|spe|1|[from] ability: Speed Boost
|turn|12
|chat|toiletpker|how shit can u get copy pasting someone elses team
|
|move|p1a: Scolipede|Iron Defense|p1a: Scolipede
|-boost|p1a: Scolipede|def|2
|move|p2a: Cloyster|Shell Smash|p2a: Cloyster
|-boost|p2a: Cloyster|atk|2
|-boost|p2a: Cloyster|spa|2
|-boost|p2a: Cloyster|spe|2
|-unboost|p2a: Cloyster|def|1
|-unboost|p2a: Cloyster|spd|1
|
|-boost|p1a: Scolipede|spe|1|[from] ability: Speed Boost
|turn|13
|
|move|p1a: Scolipede|Baton Pass|p1a: Scolipede
|
|switch|p1a: Vaporeon|Vaporeon, M|252\/432
|move|p2a: Cloyster|Shell Smash|p2a: Cloyster
|-boost|p2a: Cloyster|atk|2
|-boost|p2a: Cloyster|spa|2
|-boost|p2a: Cloyster|spe|2
|-unboost|p2a: Cloyster|def|1
|-unboost|p2a: Cloyster|spd|1
|
|-heal|p1a: Vaporeon|279\/432|[from] item: Leftovers
|turn|14
|
|move|p2a: Cloyster|Rock Blast|p1a: Vaporeon
|-activate|p1a: Vaporeon|Substitute|[damage]
|-activate|p1a: Vaporeon|Substitute|[damage]
|-end|p1a: Vaporeon|Substitute
|-damage|p1a: Vaporeon|253\/432
|-damage|p1a: Vaporeon|229\/432
|-hitcount|p1a: Vaporeon|5
|move|p1a: Vaporeon|Roar|p2a: Cloyster
|drag|p2a: Gliscor|Gliscor, F|337\/337 tox
|
|-heal|p1a: Vaporeon|256\/432|[from] item: Leftovers
|turn|15
|
|switch|p2a: Cloyster|Cloyster, F|242\/242
|move|p1a: Vaporeon|Baton Pass|p1a: Vaporeon
|chat|toiletpker|so shit
|
|switch|p1a: Mr. Mime|Mr. Mime, F, shiny|211\/259
|
|-heal|p1a: Mr. Mime|227\/259|[from] item: Leftovers
|turn|16
|
|move|p1a: Mr. Mime|Calm Mind|p1a: Mr. Mime
|-boost|p1a: Mr. Mime|spa|1
|-boost|p1a: Mr. Mime|spd|1
|move|p2a: Cloyster|Icicle Spear|p1a: Mr. Mime
|-damage|p1a: Mr. Mime|211\/259
|-damage|p1a: Mr. Mime|196\/259
|-damage|p1a: Mr. Mime|181\/259
|-damage|p1a: Mr. Mime|168\/259
|-damage|p1a: Mr. Mime|153\/259
|-hitcount|p1a: Mr. Mime|5
|
|-heal|p1a: Mr. Mime|169\/259|[from] item: Leftovers
|turn|17
|
|move|p1a: Mr. Mime|Baton Pass|p1a: Mr. Mime
|
|switch|p1a: Vaporeon|Vaporeon, M|256\/432
|move|p2a: Cloyster|Shell Smash|p2a: Cloyster
|-boost|p2a: Cloyster|atk|2
|-boost|p2a: Cloyster|spa|2
|-boost|p2a: Cloyster|spe|2
|-unboost|p2a: Cloyster|def|1
|-unboost|p2a: Cloyster|spd|1
|
|-heal|p1a: Vaporeon|283\/432|[from] item: Leftovers
|turn|18
|
|move|p2a: Cloyster|Rock Blast|p1a: Vaporeon
|-damage|p1a: Vaporeon|266\/432
|-damage|p1a: Vaporeon|247\/432
|-damage|p1a: Vaporeon|230\/432
|-damage|p1a: Vaporeon|213\/432
|-damage|p1a: Vaporeon|196\/432
|-hitcount|p1a: Vaporeon|5
|move|p1a: Vaporeon|Acid Armor|p1a: Vaporeon
|-boost|p1a: Vaporeon|def|2
|
|-heal|p1a: Vaporeon|223\/432|[from] item: Leftovers
|turn|19
|
|move|p2a: Cloyster|Shell Smash|p2a: Cloyster
|-boost|p2a: Cloyster|atk|2
|-boost|p2a: Cloyster|spa|2
|-boost|p2a: Cloyster|spe|2
|-unboost|p2a: Cloyster|def|1
|-unboost|p2a: Cloyster|spd|1
|move|p1a: Vaporeon|Roar|p2a: Cloyster
|drag|p2a: Manectric|Manectric, M|281\/281
|
|-heal|p1a: Vaporeon|250\/432|[from] item: Leftovers
|turn|20
|
|-formechange|p2a: Manectric|Manectric-Mega
|message|Manectric has Mega Evolved into Mega Manectric!
|-ability|p2a: Manectric|Intimidate|[of] p1a: Vaporeon
|-unboost|p1a: Vaporeon|atk|1
|move|p1a: Vaporeon|Baton Pass|p1a: Vaporeon
|
|switch|p1a: Sylveon|Sylveon, M|369\/369
|move|p2a: Manectric|Volt Switch|p1a: Sylveon
|-damage|p1a: Sylveon|302\/369
|
|switch|p2a: Jirachi|Jirachi|395\/395
|
|-heal|p1a: Sylveon|325\/369|[from] item: Leftovers
|turn|21
|
|move|p1a: Sylveon|Substitute|p1a: Sylveon
|-start|p1a: Sylveon|Substitute
|-damage|p1a: Sylveon|233\/369
|move|p2a: Jirachi|Power-Up Punch|p1a: Sylveon
|-resisted|p1a: Sylveon
|-activate|p1a: Sylveon|Substitute|[damage]
|-boost|p2a: Jirachi|atk|1
|
|-heal|p1a: Sylveon|256\/369|[from] item: Leftovers
|turn|22
|
|move|p1a: Sylveon|Calm Mind|p1a: Sylveon
|-boost|p1a: Sylveon|spa|1
|-boost|p1a: Sylveon|spd|1
|move|p2a: Jirachi|Power-Up Punch|p1a: Sylveon
|-resisted|p1a: Sylveon
|-activate|p1a: Sylveon|Substitute|[damage]
|-boost|p2a: Jirachi|atk|1
|
|-heal|p1a: Sylveon|279\/369|[from] item: Leftovers
|turn|23
|
|move|p1a: Sylveon|Baton Pass|p1a: Sylveon
|
|switch|p1a: Zapdos|Zapdos|384\/384
|-ability|p1a: Zapdos|Pressure
|move|p2a: Jirachi|Iron Head|p1a: Zapdos
|-resisted|p1a: Zapdos
|-activate|p1a: Zapdos|Substitute|[damage]
|
|turn|24
|
|move|p1a: Zapdos|Thunderbolt|p2a: Jirachi
|-damage|p2a: Jirachi|130\/395
|move|p2a: Jirachi|Body Slam|p1a: Zapdos
|-crit|p1a: Zapdos
|-end|p1a: Zapdos|Substitute
|
|-heal|p2a: Jirachi|154\/395|[from] item: Leftovers
|turn|25
|
|move|p1a: Zapdos|Substitute|p1a: Zapdos
|-start|p1a: Zapdos|Substitute
|-damage|p1a: Zapdos|288\/384
|move|p2a: Jirachi|Power-Up Punch|p1a: Zapdos
|-resisted|p1a: Zapdos
|-activate|p1a: Zapdos|Substitute|[damage]
|-boost|p2a: Jirachi|atk|1
|
|-heal|p1a: Zapdos|312\/384|[from] item: Leftovers
|-heal|p2a: Jirachi|178\/395|[from] item: Leftovers
|turn|26
|chat|toiletpker|make your own fucking team
|chat|toiletpker|u shit fucking player
|chat|toiletpker|so shit
|-message|toiletpker forfeited.
|
|win|d.d. survivor
|raw|Ladder updating...
|leave|toiletpker
|player|p2
|raw|d.d. survivor's rating: 1805 &rarr; <strong>1815<\/strong><br \/>(+10 for winning)
|raw|toiletpker's rating: 1593 &rarr; <strong>1584<\/strong><br \/>(-9 for losing)