|join|d.d. survivor
|join|PoisonSushi
|player|p1|d.d. survivor|101
|player|p2|PoisonSushi|289
|gametype|singles
|gen|6
|tier|OU
|rated
|clearpoke
|poke|p1|Charizard, M
|poke|p1|Azelf
|poke|p1|Terrakion
|poke|p1|Azumarill, M
|poke|p1|Kyurem-Black
|poke|p1|Gengar, F
|poke|p2|Politoed, F
|poke|p2|Kabutops, F
|poke|p2|Kingdra, M
|poke|p2|Tornadus-Therian, M
|poke|p2|Sharpedo, M
|poke|p2|Infernape, M
|rule|Swagger Clause: Swagger is banned
|rule|Baton Pass Clause: Limit one PokÃ©mon knowing Baton Pass
|rule|Sleep Clause Mod: Limit one foe put to sleep
|rule|Species Clause: Limit one of each PokÃ©mon
|rule|OHKO Clause: OHKO moves are banned
|rule|Moody Clause: Moody is banned
|rule|Evasion Moves Clause: Evasion moves are banned
|rule|Endless Battle Clause: Forcing endless battles is banned
|rule|HP Percentage Mod: HP is reported as percentages
|teampreview
|
|start
|switch|p1a: Azelf|Azelf|292\/292
|switch|p2a: Sharpedo|Sharpedo, M|282\/282
|turn|1
|
|move|p1a: Azelf|U-turn|p2a: Sharpedo
|-supereffective|p2a: Sharpedo
|-damage|p2a: Sharpedo|0 fnt
|faint|p2a: Sharpedo
|
|switch|p1a: Terrakion|Terrakion|323\/323
|
|
|switch|p2a: Infernape|Infernape, M|294\/294
|turn|2
|
|move|p1a: Terrakion|Stealth Rock|p2a: Infernape
|-sidestart|p2: PoisonSushi|move: Stealth Rock
|move|p2a: Infernape|Stealth Rock|p1a: Terrakion
|-sidestart|p1: d.d. survivor|move: Stealth Rock
|
|turn|3
|
|move|p1a: Terrakion|Close Combat|p2a: Infernape
|-damage|p2a: Infernape|6\/294
|-unboost|p1a: Terrakion|def|1
|-unboost|p1a: Terrakion|spd|1
|move|p2a: Infernape|Close Combat|p1a: Terrakion
|-supereffective|p1a: Terrakion
|-enditem|p1a: Terrakion|Focus Sash
|-damage|p1a: Terrakion|1\/323
|-unboost|p2a: Infernape|def|1
|-unboost|p2a: Infernape|spd|1
|
|turn|4
|
|switch|p1a: Gengar|Gengar, F|262\/262
|-damage|p1a: Gengar|230\/262|[from] Stealth Rock
|move|p2a: Infernape|Close Combat|p1a: Gengar
|-immune|p1a: Gengar|[msg]
|
|-heal|p1a: Gengar|246\/262|[from] item: Black Sludge
|turn|5
|
|switch|p2a: Politoed|Politoed, F|384\/384
|-damage|p2a: Politoed|336\/384|[from] Stealth Rock
|-weather|RainDance
|move|p1a: Gengar|Shadow Ball|p2a: Politoed
|-damage|p2a: Politoed|249\/384
|
|-weather|RainDance|[upkeep]
|-heal|p1a: Gengar|262\/262|[from] item: Black Sludge
|turn|6
|
|move|p1a: Gengar|Will-O-Wisp|p2a: Politoed
|-status|p2a: Politoed|brn
|move|p2a: Politoed|Encore|p1a: Gengar
|-start|p1a: Gengar|Encore
|
|-weather|RainDance|[upkeep]
|-damage|p2a: Politoed|201\/384 brn|[from] brn
|turn|7
|
|switch|p1a: Azumarill|Azumarill, M|342\/342
|-damage|p1a: Azumarill|300\/342|[from] Stealth Rock
|switch|p2a: Infernape|Infernape, M|6\/294
|-damage|p2a: Infernape|0 fnt|[from] Stealth Rock
|faint|p2a: Infernape
|
|-weather|RainDance|[upkeep]
|
|switch|p2a: Tornadus-Therian|Tornadus-Therian, M|299\/299
|-damage|p2a: Tornadus-Therian|225\/299|[from] Stealth Rock
|turn|8
|
|move|p2a: Tornadus-Therian|Hurricane|p1a: Azumarill
|-damage|p1a: Azumarill|102\/342
|move|p1a: Azumarill|Aqua Tail|p2a: Tornadus-Therian
|-damage|p2a: Tornadus-Therian|0 fnt
|faint|p2a: Tornadus-Therian
|
|-weather|RainDance|[upkeep]
|
|switch|p2a: Kabutops|Kabutops, F|262\/262
|-damage|p2a: Kabutops|230\/262|[from] Stealth Rock
|turn|9
|
|move|p1a: Azumarill|Aqua Jet|p2a: Kabutops
|-damage|p2a: Kabutops|110\/262
|move|p2a: Kabutops|Waterfall|p1a: Azumarill
|-resisted|p1a: Azumarill
|-damage|p1a: Azumarill|0 fnt
|-damage|p2a: Kabutops|84\/262|[from] item: Life Orb
|faint|p1a: Azumarill
|
|-weather|RainDance|[upkeep]
|
|switch|p1a: Gengar|Gengar, F|262\/262
|-damage|p1a: Gengar|230\/262|[from] Stealth Rock
|turn|10
|
|switch|p1a: Kyurem-Black|Kyurem-Black|391\/391
|-damage|p1a: Kyurem-Black|294\/391|[from] Stealth Rock
|-ability|p1a: Kyurem-Black|Teravolt
|move|p2a: Kabutops|Waterfall|p1a: Kyurem-Black
|-resisted|p1a: Kyurem-Black
|-damage|p1a: Kyurem-Black|151\/391
|-damage|p2a: Kabutops|58\/262|[from] item: Life Orb
|
|-weather|RainDance|[upkeep]
|turn|11
|
|move|p2a: Kabutops|Stone Edge|p1a: Kyurem-Black
|-crit|p1a: Kyurem-Black
|-supereffective|p1a: Kyurem-Black
|-damage|p1a: Kyurem-Black|0 fnt
|-damage|p2a: Kabutops|32\/262|[from] item: Life Orb
|faint|p1a: Kyurem-Black
|
|-weather|RainDance|[upkeep]
|
|switch|p1a: Gengar|Gengar, F|230\/262
|-damage|p1a: Gengar|198\/262|[from] Stealth Rock
|turn|12
|
|switch|p1a: Terrakion|Terrakion|1\/323
|-damage|p1a: Terrakion|0 fnt|[from] Stealth Rock
|faint|p1a: Terrakion
|move|p2a: Kabutops|Waterfall|p1: Terrakion|[notarget]
|-notarget
|
|-weather|none
|
|switch|p1a: Azelf|Azelf|292\/292
|-damage|p1a: Azelf|256\/292|[from] Stealth Rock
|turn|13
|
|switch|p2a: Politoed|Politoed, F|201\/384 brn
|-damage|p2a: Politoed|153\/384 brn|[from] Stealth Rock
|-weather|RainDance
|move|p1a: Azelf|Knock Off|p2a: Politoed
|-damage|p2a: Politoed|0 fnt
|-enditem|p2a: Politoed|Damp Rock|[from] move: Knock Off|[of] p1a: Azelf
|faint|p2a: Politoed
|
|-weather|RainDance|[upkeep]
|
|switch|p2a: Kingdra|Kingdra, M|292\/292
|-damage|p2a: Kingdra|256\/292|[from] Stealth Rock
|turn|14
|
|move|p2a: Kingdra|Surf|p1a: Azelf
|-damage|p1a: Azelf|0 fnt
|faint|p1a: Azelf
|
|-weather|RainDance|[upkeep]
|
|switch|p1a: Gengar|Gengar, F|198\/262
|-damage|p1a: Gengar|166\/262|[from] Stealth Rock
|turn|15
|-message|d.d. survivor forfeited.
|leave|d.d. survivor
|
|win|PoisonSushi
|raw|Ladder updating...
|player|p1
|raw|d.d. survivor's rating: 1698 &rarr; <strong>1683<\/strong><br \/>(-15 for losing)
|raw|PoisonSushi's rating: 1789 &rarr; <strong>1804<\/strong><br \/>(+15 for winning)