|join|d.d. survivor
|join|yoww
|player|p1|d.d. survivor|30
|player|p2|yoww|102
|gametype|singles
|gen|6
|tier|OU
|rated
|clearpoke
|poke|p1|Gyarados, F
|poke|p1|Braviary, M
|poke|p1|Gothitelle, M
|poke|p1|Magnezone
|poke|p1|Ditto
|poke|p1|Conkeldurr, F
|poke|p2|Heatran, F
|poke|p2|Rotom-Wash
|poke|p2|Landorus-Therian, M
|poke|p2|Mawile, M, shiny
|poke|p2|Greninja, F
|poke|p2|Celebi
|rule|Sleep Clause Mod: Limit one foe put to sleep
|rule|Species Clause: Limit one of each Pokemon
|rule|OHKO Clause: OHKO moves are banned
|rule|Moody Clause: Moody is banned
|rule|Evasion Moves Clause: Evasion moves are banned
|rule|Endless Battle Clause: Forcing endless battles is banned.
|rule|HP Percentage Mod: HP is reported as percentages
|teampreview
|
|start
|switch|p1a: Braviary|Braviary, M|401\/401
|switch|p2a: Landorus-Therian|Landorus-Therian, M|381\/381
|-ability|p2a: Landorus-Therian|Intimidate|[of] p1a: Braviary
|-unboost|p1a: Braviary|atk|1
|-boost|p1a: Braviary|atk|2|[from] ability: Defiant
|turn|1
|
|switch|p2a: Rotom-Wash|Rotom-Wash|242\/242
|move|p1a: Braviary|Brave Bird|p2a: Rotom-Wash
|-resisted|p2a: Rotom-Wash
|-damage|p2a: Rotom-Wash|128\/242
|-damage|p1a: Braviary|363\/401|[from] recoil|[of] p2a: Rotom-Wash
|
|-heal|p1a: Braviary|388\/401|[from] item: Leftovers
|turn|2
|
|move|p2a: Rotom-Wash|Thunderbolt|p1a: Braviary
|-supereffective|p1a: Braviary
|-damage|p1a: Braviary|62\/401
|move|p1a: Braviary|Superpower|p2a: Rotom-Wash
|-damage|p2a: Rotom-Wash|0 fnt
|-unboost|p1a: Braviary|atk|1
|-unboost|p1a: Braviary|def|1
|faint|p2a: Rotom-Wash
|
|-heal|p1a: Braviary|87\/401|[from] item: Leftovers
|
|switch|p2a: Greninja|Greninja, F|285\/285
|turn|3
|
|switch|p1a: Conkeldurr|Conkeldurr, F|351\/351
|-start|p2a: Greninja|typechange|Fire|[from] Protean
|move|p2a: Greninja|Hidden Power|p1a: Conkeldurr
|-damage|p1a: Conkeldurr|269\/351
|-damage|p2a: Greninja|257\/285|[from] item: Life Orb
|
|turn|4
|
|switch|p2a: Landorus-Therian|Landorus-Therian, M|381\/381
|-ability|p2a: Landorus-Therian|Intimidate|[of] p1a: Conkeldurr
|-unboost|p1a: Conkeldurr|atk|1
|switch|p1a: Braviary|Braviary, M|87\/401
|
|-heal|p1a: Braviary|112\/401|[from] item: Leftovers
|turn|5
|
|move|p2a: Landorus-Therian|Knock Off|p1a: Braviary
|-damage|p1a: Braviary|7\/401
|-enditem|p1a: Braviary|Leftovers|[from] move: Knock Off|[of] p2a: Landorus-Therian
|move|p1a: Braviary|Defog|p2a: Landorus-Therian
|-unboost|p2a: Landorus-Therian|evasion|1
|
|turn|6
|
|move|p2a: Landorus-Therian|Stealth Rock|p1a: Braviary
|-sidestart|p1: d.d. survivor|move: Stealth Rock
|move|p1a: Braviary|Roost|p1a: Braviary
|-heal|p1a: Braviary|208\/401
|
|turn|7
|
|move|p2a: Landorus-Therian|U-turn|p1a: Braviary
|-resisted|p1a: Braviary
|-damage|p1a: Braviary|172\/401
|
|switch|p2a: Greninja|Greninja, F|257\/285
|move|p1a: Braviary|Defog|p2a: Greninja
|-unboost|p2a: Greninja|evasion|1
|-sideend|p1: d.d. survivor|Stealth Rock|[from] move: Defog|[of] p1a: Braviary
|
|turn|8
|
|switch|p1a: Ditto|Ditto|300\/300
|-transform|p1a: Ditto|p2a: Greninja
|-start|p2a: Greninja|typechange|Ground|[from] Protean
|move|p2a: Greninja|Spikes|p1a: Ditto
|-sidestart|p1: d.d. survivor|Spikes
|
|turn|9
|
|switch|p2a: Celebi|Celebi|404\/404
|-start|p1a: Ditto|typechange|Water|[from] Protean
|move|p1a: Ditto|Hydro Pump|p2a: Celebi
|-resisted|p2a: Celebi
|-damage|p2a: Celebi|317\/404
|
|-heal|p2a: Celebi|342\/404|[from] item: Leftovers
|turn|10
|
|switch|p1a: Braviary|Braviary, M|172\/401
|move|p2a: Celebi|Nasty Plot|p2a: Celebi
|-boost|p2a: Celebi|spa|2
|
|-heal|p2a: Celebi|367\/404|[from] item: Leftovers
|turn|11
|
|move|p2a: Celebi|Baton Pass|p2a: Celebi
|
|switch|p2a: Heatran|Heatran, F|323\/323
|-item|p2a: Heatran|Air Balloon
|move|p1a: Braviary|Brave Bird|p2a: Heatran
|-resisted|p2a: Heatran
|-damage|p2a: Heatran|248\/323
|-damage|p1a: Braviary|147\/401|[from] recoil|[of] p2a: Heatran
|-enditem|p2a: Heatran|Air Balloon
|
|turn|12
|
|move|p2a: Heatran|Fire Blast|p1a: Braviary
|-damage|p1a: Braviary|0 fnt
|faint|p1a: Braviary
|
|
|switch|p1a: Ditto|Ditto|300\/300
|-damage|p1a: Ditto|263\/300|[from] Spikes
|-transform|p1a: Ditto|p2a: Heatran
|turn|13
|
|switch|p1a: Gyarados|Gyarados, F|332\/332
|-ability|p1a: Gyarados|Intimidate|[of] p2a: Heatran
|-unboost|p2a: Heatran|atk|1
|move|p2a: Heatran|Earth Power|p1a: Gyarados
|-immune|p1a: Gyarados|[msg]
|
|turn|14
|
|switch|p2a: Celebi|Celebi|367\/404
|switch|p1a: Gothitelle|Gothitelle, M|281\/281
|-damage|p1a: Gothitelle|246\/281|[from] Spikes
|
|-heal|p2a: Celebi|392\/404|[from] item: Leftovers
|turn|15
|
|move|p2a: Celebi|Giga Drain|p1a: Gothitelle
|-damage|p1a: Gothitelle|161\/281
|-heal|p2a: Celebi|404\/404|[from] drain|[of] p1a: Gothitelle
|move|p1a: Gothitelle|Shadow Ball|p2a: Celebi
|-supereffective|p2a: Celebi
|-damage|p2a: Celebi|136\/404
|
|-heal|p2a: Celebi|161\/404|[from] item: Leftovers
|turn|16
|
|move|p2a: Celebi|Baton Pass|p2a: Celebi
|
|switch|p2a: Greninja|Greninja, F|257\/285
|move|p1a: Gothitelle|Shadow Ball|p2a: Greninja
|-resisted|p2a: Greninja
|-damage|p2a: Greninja|177\/285
|
|turn|17
|
|-start|p2a: Greninja|typechange|Dark|[from] Protean
|move|p2a: Greninja|Dark Pulse|p1a: Gothitelle
|-supereffective|p1a: Gothitelle
|-damage|p1a: Gothitelle|0 fnt
|-damage|p2a: Greninja|149\/285|[from] item: Life Orb
|faint|p1a: Gothitelle
|
|
|switch|p1a: Gyarados|Gyarados, F|332\/332
|-ability|p1a: Gyarados|Intimidate|[of] p2a: Greninja
|-unboost|p2a: Greninja|atk|1
|turn|18
|
|switch|p2a: Celebi|Celebi|161\/404
|-formechange|p1a: Gyarados|Gyarados-Mega
|message|Gyarados has Mega Evolved into Mega Gyarados!
|-ability|p1a: Gyarados|Mold Breaker
|move|p1a: Gyarados|Dragon Dance|p1a: Gyarados
|-boost|p1a: Gyarados|atk|1
|-boost|p1a: Gyarados|spe|1
|
|-heal|p2a: Celebi|186\/404|[from] item: Leftovers
|turn|19
|
|move|p1a: Gyarados|Ice Fang|p2a: Celebi|[miss]
|-miss|p1a: Gyarados|p2a: Celebi
|move|p2a: Celebi|Giga Drain|p1a: Gyarados
|-supereffective|p1a: Gyarados
|-damage|p1a: Gyarados|206\/332
|-heal|p2a: Celebi|249\/404|[from] drain|[of] p1a: Gyarados
|
|-heal|p2a: Celebi|274\/404|[from] item: Leftovers
|turn|20
|
|move|p1a: Gyarados|Ice Fang|p2a: Celebi
|-supereffective|p2a: Celebi
|-damage|p2a: Celebi|4\/404
|move|p2a: Celebi|Giga Drain|p1a: Gyarados
|-supereffective|p1a: Gyarados
|-damage|p1a: Gyarados|78\/332
|-heal|p2a: Celebi|68\/404|[from] drain|[of] p1a: Gyarados
|
|-heal|p2a: Celebi|93\/404|[from] item: Leftovers
|turn|21
|
|move|p1a: Gyarados|Ice Fang|p2a: Celebi
|-supereffective|p2a: Celebi
|-damage|p2a: Celebi|0 fnt
|faint|p2a: Celebi
|
|
|switch|p2a: Mawile|Mawile, M, shiny|274\/274
|-ability|p2a: Mawile|Intimidate|[of] p1a: Gyarados
|-unboost|p1a: Gyarados|atk|1
|turn|22
|
|-formechange|p2a: Mawile|Mawile-Mega
|message|Mawile has Mega Evolved into Mega Mawile!
|move|p1a: Gyarados|Earthquake|p2a: Mawile
|-supereffective|p2a: Mawile
|-damage|p2a: Mawile|52\/274
|move|p2a: Mawile|Play Rough|p1a: Gyarados
|-supereffective|p1a: Gyarados
|-damage|p1a: Gyarados|0 fnt
|faint|p1a: Gyarados
|
|
|switch|p1a: Magnezone|Magnezone|281\/281
|-damage|p1a: Magnezone|246\/281|[from] Spikes
|turn|23
|
|move|p1a: Magnezone|Volt Switch|p2a: Mawile
|-damage|p2a: Mawile|0 fnt
|faint|p2a: Mawile
|
|switch|p1a: Conkeldurr|Conkeldurr, F|269\/351
|-damage|p1a: Conkeldurr|226\/351|[from] Spikes
|
|
|switch|p2a: Landorus-Therian|Landorus-Therian, M|381\/381
|-ability|p2a: Landorus-Therian|Intimidate|[of] p1a: Conkeldurr
|-unboost|p1a: Conkeldurr|atk|1
|turn|24
|
|move|p2a: Landorus-Therian|U-turn|p1a: Conkeldurr
|-resisted|p1a: Conkeldurr
|-damage|p1a: Conkeldurr|185\/351
|
|switch|p2a: Heatran|Heatran, F|248\/323
|move|p1a: Conkeldurr|Ice Punch|p2a: Heatran
|-resisted|p2a: Heatran
|-damage|p2a: Heatran|231\/323
|
|turn|25
|
|switch|p2a: Landorus-Therian|Landorus-Therian, M|381\/381
|-ability|p2a: Landorus-Therian|Intimidate|[of] p1a: Conkeldurr
|-unboost|p1a: Conkeldurr|atk|1
|move|p1a: Conkeldurr|Drain Punch|p2a: Landorus-Therian
|-resisted|p2a: Landorus-Therian
|-damage|p2a: Landorus-Therian|351\/381
|-heal|p1a: Conkeldurr|200\/351|[from] drain|[of] p2a: Landorus-Therian
|
|-heal|p2a: Landorus-Therian|374\/381|[from] item: Leftovers
|turn|26
|
|switch|p1a: Ditto|Ditto|263\/300
|-damage|p1a: Ditto|226\/300|[from] Spikes
|-transform|p1a: Ditto|p2a: Landorus-Therian
|-ability|p1a: Ditto|Intimidate|[of] p2a: Landorus-Therian
|-unboost|p2a: Landorus-Therian|atk|1
|move|p2a: Landorus-Therian|Earthquake|p1a: Ditto
|-immune|p1a: Ditto|[msg]
|
|-heal|p2a: Landorus-Therian|381\/381|[from] item: Leftovers
|turn|27
|
|move|p1a: Ditto|Knock Off|p2a: Landorus-Therian
|-damage|p2a: Landorus-Therian|277\/381
|-enditem|p2a: Landorus-Therian|Leftovers|[from] move: Knock Off|[of] p1a: Ditto
|move|p2a: Landorus-Therian|Stealth Rock|p1a: Ditto
|-sidestart|p1: d.d. survivor|move: Stealth Rock
|
|turn|28
|
|switch|p1a: Magnezone|Magnezone|246\/281
|-damage|p1a: Magnezone|211\/281|[from] Spikes
|-damage|p1a: Magnezone|194\/281|[from] Stealth Rock
|move|p2a: Landorus-Therian|U-turn|p1a: Magnezone
|-resisted|p1a: Magnezone
|-damage|p1a: Magnezone|168\/281
|
|switch|p2a: Greninja|Greninja, F|149\/285
|
|turn|29
|
|-start|p2a: Greninja|typechange|Fire|[from] Protean
|move|p2a: Greninja|Hidden Power|p1a: Magnezone
|-supereffective|p1a: Magnezone
|-damage|p1a: Magnezone|0 fnt
|-damage|p2a: Greninja|121\/285|[from] item: Life Orb
|faint|p1a: Magnezone
|
|
|switch|p1a: Ditto|Ditto|226\/300
|-damage|p1a: Ditto|189\/300|[from] Spikes
|-damage|p1a: Ditto|152\/300|[from] Stealth Rock
|-transform|p1a: Ditto|p2a: Greninja
|turn|30
|
|-start|p1a: Ditto|typechange|Water|[from] Protean
|move|p1a: Ditto|Hydro Pump|p2a: Greninja
|-crit|p2a: Greninja
|-supereffective|p2a: Greninja
|-damage|p2a: Greninja|0 fnt
|faint|p2a: Greninja
|
|
|switch|p2a: Heatran|Heatran, F|231\/323
|turn|31
|
|move|p1a: Ditto|Hydro Pump|p2a: Heatran
|-supereffective|p2a: Heatran
|-damage|p2a: Heatran|0 fnt
|faint|p2a: Heatran
|
|
|switch|p2a: Landorus-Therian|Landorus-Therian, M|277\/381
|-ability|p2a: Landorus-Therian|Intimidate|[of] p1a: Ditto
|-unboost|p1a: Ditto|atk|1
|turn|32
|
|move|p1a: Ditto|Hydro Pump|p2a: Landorus-Therian
|-supereffective|p2a: Landorus-Therian
|-damage|p2a: Landorus-Therian|0 fnt
|faint|p2a: Landorus-Therian
|
|win|d.d. survivor
|raw|Ladder updating...
|raw|d.d. survivor's rating: 1680 &rarr; <strong>1702<\/strong><br \/>(+22 for winning)
|raw|yoww's rating: 1718 &rarr; <strong>1696<\/strong><br \/>(-22 for losing)