|join|d.d. survivor
|join|Aurious
|player|p1|d.d. survivor|30
|player|p2|Aurious|164
|gametype|singles
|gen|6
|tier|OU
|rated
|clearpoke
|poke|p1|Milotic, F
|poke|p1|Tyranitar, M
|poke|p1|Excadrill, M
|poke|p1|Thundurus, M
|poke|p1|Garchomp, M
|poke|p1|Aegislash, F
|poke|p2|Pinsir, M
|poke|p2|Greninja, M, shiny
|poke|p2|Excadrill, M
|poke|p2|Deoxys-Speed
|poke|p2|Hippowdon, M
|poke|p2|Talonflame, M, shiny
|rule|Sleep Clause Mod: Limit one foe put to sleep
|rule|Species Clause: Limit one of each Pokemon
|rule|OHKO Clause: OHKO moves are banned
|rule|Moody Clause: Moody is banned
|rule|Evasion Moves Clause: Evasion moves are banned
|rule|Endless Battle Clause: Forcing endless battles is banned.
|rule|HP Percentage Mod: HP is reported as percentages
|teampreview
|
|start
|switch|p1a: Thundurus|Thundurus, M|299\/299
|switch|p2a: Sasuke|Greninja, M, shiny|286\/286
|turn|1
|
|switch|p1a: Aegislash|Aegislash, F|304\/304
|-start|p2a: Sasuke|typechange|Ice|[from] Protean
|move|p2a: Sasuke|Ice Beam|p1a: Aegislash
|-resisted|p1a: Aegislash
|-damage|p1a: Aegislash|260\/304
|-status|p1a: Aegislash|frz
|-damage|p2a: Sasuke|258\/286|[from] item: Life Orb
|
|-heal|p1a: Aegislash|279\/304 frz|[from] item: Leftovers
|turn|2
|
|-curestatus|p1a: Aegislash|frz
|move|p1a: Aegislash|King's Shield|p1a: Aegislash
|-singleturn|p1a: Aegislash|Protect
|-start|p2a: Sasuke|typechange|Water|[from] Protean
|move|p2a: Sasuke|Hydro Pump|p1a: Aegislash
|-activate|p1a: Aegislash|Protect
|
|-heal|p1a: Aegislash|298\/304|[from] item: Leftovers
|turn|3
|
|move|p2a: Sasuke|Hydro Pump|p1a: Aegislash|[miss]
|-miss|p2a: Sasuke|p1a: Aegislash
|move|p1a: Aegislash|Toxic|p2a: Sasuke
|-status|p2a: Sasuke|tox
|
|-heal|p1a: Aegislash|304\/304|[from] item: Leftovers
|-damage|p2a: Sasuke|241\/286 tox|[from] psn
|turn|4
|
|switch|p2a: Dig Dug|Excadrill, M|362\/362
|-item|p2a: Dig Dug|Air Balloon
|move|p1a: Aegislash|Substitute|p1a: Aegislash
|-start|p1a: Aegislash|Substitute
|-damage|p1a: Aegislash|228\/304
|
|-heal|p1a: Aegislash|247\/304|[from] item: Leftovers
|turn|5
|
|move|p1a: Aegislash|King's Shield|p1a: Aegislash
|-singleturn|p1a: Aegislash|Protect
|move|p2a: Dig Dug|Earthquake|p1a: Aegislash
|-activate|p1a: Aegislash|Protect
|
|-heal|p1a: Aegislash|266\/304|[from] item: Leftovers
|turn|6
|
|move|p2a: Dig Dug|Earthquake|p1a: Aegislash
|-supereffective|p1a: Aegislash
|-end|p1a: Aegislash|Substitute
|-formechange|p1a: Aegislash|Aegislash-Blade
|move|p1a: Aegislash|Shadow Ball|p2a: Dig Dug
|-damage|p2a: Dig Dug|166\/362
|-enditem|p2a: Dig Dug|Air Balloon
|-unboost|p2a: Dig Dug|spd|1
|
|-heal|p1a: Aegislash|285\/304|[from] item: Leftovers
|turn|7
|
|-formechange|p1a: Aegislash|Aegislash
|move|p1a: Aegislash|King's Shield|p1a: Aegislash
|-singleturn|p1a: Aegislash|Protect
|move|p2a: Dig Dug|Earthquake|p1a: Aegislash
|-activate|p1a: Aegislash|Protect
|
|-heal|p1a: Aegislash|304\/304|[from] item: Leftovers
|turn|8
|
|switch|p1a: Thundurus|Thundurus, M|299\/299
|move|p2a: Dig Dug|Earthquake|p1a: Thundurus
|-immune|p1a: Thundurus|[msg]
|
|turn|9
|
|switch|p2a: I'm a Hippo|Hippowdon, M|420\/420
|-weather|Sandstorm
|move|p1a: Thundurus|Superpower|p2a: I'm a Hippo
|-damage|p2a: I'm a Hippo|317\/420
|-unboost|p1a: Thundurus|atk|1
|-unboost|p1a: Thundurus|def|1
|-damage|p1a: Thundurus|270\/299|[from] item: Life Orb
|
|-weather|Sandstorm|[upkeep]
|-damage|p1a: Thundurus|252\/299|[from] sandstorm
|-heal|p2a: I'm a Hippo|343\/420|[from] item: Leftovers
|turn|10
|
|switch|p1a: Excadrill|Excadrill, M|361\/361
|-item|p1a: Excadrill|Air Balloon
|move|p2a: I'm a Hippo|Stealth Rock|p1a: Excadrill
|-sidestart|p1: d.d. survivor|move: Stealth Rock
|
|-weather|Sandstorm|[upkeep]
|-heal|p2a: I'm a Hippo|369\/420|[from] item: Leftovers
|turn|11
|
|move|p1a: Excadrill|Rapid Spin|p2a: I'm a Hippo
|-damage|p2a: I'm a Hippo|350\/420
|-sideend|p1: d.d. survivor|Stealth Rock|[from] move: Rapid Spin|[of] p1a: Excadrill
|move|p2a: I'm a Hippo|Rock Slide|p1a: Excadrill
|-resisted|p1a: Excadrill
|-damage|p1a: Excadrill|337\/361
|-enditem|p1a: Excadrill|Air Balloon
|
|-weather|Sandstorm|[upkeep]
|-heal|p2a: I'm a Hippo|376\/420|[from] item: Leftovers
|turn|12
|
|switch|p1a: Garchomp|Garchomp, M|400\/400
|move|p2a: I'm a Hippo|Stealth Rock|p1a: Garchomp
|-sidestart|p1: d.d. survivor|move: Stealth Rock
|
|-weather|Sandstorm|[upkeep]
|-heal|p2a: I'm a Hippo|402\/420|[from] item: Leftovers
|turn|13
|
|move|p1a: Garchomp|Stealth Rock|p2a: I'm a Hippo
|-sidestart|p2: Aurious|move: Stealth Rock
|move|p2a: I'm a Hippo|Earthquake|p1a: Garchomp
|-damage|p1a: Garchomp|286\/400
|
|-weather|none
|-heal|p1a: Garchomp|311\/400|[from] item: Leftovers
|-heal|p2a: I'm a Hippo|420\/420|[from] item: Leftovers
|turn|14
|
|switch|p2a: Speeeeeed|Deoxys-Speed|241\/241
|-damage|p2a: Speeeeeed|211\/241|[from] Stealth Rock
|-ability|p2a: Speeeeeed|Pressure
|move|p1a: Garchomp|Earthquake|p2a: Speeeeeed
|-damage|p2a: Speeeeeed|6\/241
|
|-heal|p1a: Garchomp|336\/400|[from] item: Leftovers
|turn|15
|
|switch|p1a: Tyranitar|Tyranitar, M|341\/341
|-damage|p1a: Tyranitar|299\/341|[from] Stealth Rock
|-weather|Sandstorm
|move|p2a: Speeeeeed|Knock Off|p1a: Tyranitar
|-resisted|p1a: Tyranitar
|-damage|p1a: Tyranitar|269\/341
|-damage|p2a: Speeeeeed|0 fnt|[from] item: Life Orb
|faint|p2a: Speeeeeed
|
|-weather|Sandstorm|[upkeep]
|
|switch|p2a: Dig Dug|Excadrill, M|166\/362
|-damage|p2a: Dig Dug|155\/362|[from] Stealth Rock
|turn|16
|
|switch|p1a: Thundurus|Thundurus, M|252\/299
|-damage|p1a: Thundurus|178\/299|[from] Stealth Rock
|move|p2a: Dig Dug|Earthquake|p1a: Thundurus
|-immune|p1a: Thundurus|[msg]
|
|-weather|Sandstorm|[upkeep]
|-damage|p1a: Thundurus|160\/299|[from] sandstorm
|turn|17
|
|switch|p1a: Excadrill|Excadrill, M|337\/361
|-damage|p1a: Excadrill|326\/361|[from] Stealth Rock
|move|p2a: Dig Dug|Rock Slide|p1a: Excadrill
|-resisted|p1a: Excadrill
|-damage|p1a: Excadrill|290\/361
|
|-weather|Sandstorm|[upkeep]
|turn|18
|
|move|p2a: Dig Dug|Earthquake|p1a: Excadrill
|-supereffective|p1a: Excadrill
|-damage|p1a: Excadrill|0 fnt
|faint|p1a: Excadrill
|
|-weather|Sandstorm|[upkeep]
|
|switch|p1a: Garchomp|Garchomp, M|336\/400
|-damage|p1a: Garchomp|311\/400|[from] Stealth Rock
|turn|19
|
|move|p2a: Dig Dug|Rapid Spin|p1a: Garchomp
|-damage|p1a: Garchomp|289\/400
|-damage|p2a: Dig Dug|110\/362|[from] ability: Rough Skin|[of] p1a: Garchomp
|-sideend|p2: Aurious|Stealth Rock|[from] move: Rapid Spin|[of] p2a: Dig Dug
|move|p1a: Garchomp|Earthquake|p2a: Dig Dug
|-supereffective|p2a: Dig Dug
|-damage|p2a: Dig Dug|0 fnt
|faint|p2a: Dig Dug
|
|-weather|none
|-heal|p1a: Garchomp|314\/400|[from] item: Leftovers
|
|switch|p2a: Sasuke|Greninja, M, shiny|241\/286 tox
|turn|20
|
|switch|p1a: Aegislash|Aegislash, F|304\/304
|-damage|p1a: Aegislash|285\/304|[from] Stealth Rock
|-start|p2a: Sasuke|typechange|Bug|[from] Protean
|move|p2a: Sasuke|U-turn|p1a: Aegislash
|-resisted|p1a: Aegislash
|-damage|p1a: Aegislash|268\/304
|-damage|p2a: Sasuke|213\/286 tox|[from] item: Life Orb
|
|switch|p2a: Rage|Pinsir, M|277\/277
|
|-heal|p1a: Aegislash|287\/304|[from] item: Leftovers
|turn|21
|
|detailschange|p2a: Rage|Pinsir-Mega, M
|message|Pinsir has Mega Evolved into Mega Pinsir!
|move|p2a: Rage|Earthquake|p1a: Aegislash
|-supereffective|p1a: Aegislash
|-damage|p1a: Aegislash|83\/304
|-formechange|p1a: Aegislash|Aegislash-Blade
|move|p1a: Aegislash|Shadow Ball|p2a: Rage
|-damage|p2a: Rage|108\/277
|-unboost|p2a: Rage|spd|1
|
|-heal|p1a: Aegislash|102\/304|[from] item: Leftovers
|turn|22
|
|-formechange|p1a: Aegislash|Aegislash
|move|p1a: Aegislash|King's Shield|p1a: Aegislash
|-singleturn|p1a: Aegislash|Protect
|move|p2a: Rage|Earthquake|p1a: Aegislash
|-activate|p1a: Aegislash|Protect
|
|-heal|p1a: Aegislash|121\/304|[from] item: Leftovers
|turn|23
|
|switch|p1a: Thundurus|Thundurus, M|160\/299
|-damage|p1a: Thundurus|86\/299|[from] Stealth Rock
|move|p2a: Rage|Return|p1a: Thundurus
|-resisted|p1a: Thundurus
|-damage|p1a: Thundurus|0 fnt
|faint|p1a: Thundurus
|
|
|switch|p1a: Milotic|Milotic, F|331\/331
|-damage|p1a: Milotic|290\/331|[from] Stealth Rock
|turn|24
|
|move|p1a: Milotic|Ice Beam|p2a: Rage
|-supereffective|p2a: Rage
|-damage|p2a: Rage|0 fnt
|faint|p2a: Rage
|
|
|switch|p2a: Sasuke|Greninja, M, shiny|213\/286 tox
|turn|25
|
|switch|p1a: Tyranitar|Tyranitar, M|269\/341
|-damage|p1a: Tyranitar|227\/341|[from] Stealth Rock
|-weather|Sandstorm
|-start|p2a: Sasuke|typechange|Bug|[from] Protean
|move|p2a: Sasuke|U-turn|p1a: Tyranitar
|-supereffective|p1a: Tyranitar
|-damage|p1a: Tyranitar|53\/341
|-damage|p2a: Sasuke|185\/286 tox|[from] item: Life Orb
|
|switch|p2a: Kamikaze|Talonflame, M, shiny|298\/298
|
|-weather|Sandstorm|[upkeep]
|-damage|p2a: Kamikaze|280\/298|[from] sandstorm
|turn|26
|
|detailschange|p1a: Tyranitar|Tyranitar-Mega, M
|message|Tyranitar has Mega Evolved into Mega Tyranitar!
|move|p2a: Kamikaze|U-turn|p1a: Tyranitar
|-supereffective|p1a: Tyranitar
|-damage|p1a: Tyranitar|0 fnt
|faint|p1a: Tyranitar
|
|switch|p2a: Sasuke|Greninja, M, shiny|185\/286 tox
|
|-weather|Sandstorm|[upkeep]
|-damage|p2a: Sasuke|168\/286 tox|[from] sandstorm
|-damage|p2a: Sasuke|151\/286 tox|[from] psn
|
|switch|p1a: Aegislash|Aegislash, F|121\/304
|-damage|p1a: Aegislash|102\/304|[from] Stealth Rock
|turn|27
|
|move|p1a: Aegislash|King's Shield|p1a: Aegislash
|-singleturn|p1a: Aegislash|Protect
|-start|p2a: Sasuke|typechange|Water|[from] Protean
|move|p2a: Sasuke|Hydro Pump|p1a: Aegislash
|-activate|p1a: Aegislash|Protect
|
|-weather|Sandstorm|[upkeep]
|-damage|p2a: Sasuke|134\/286 tox|[from] sandstorm
|-heal|p1a: Aegislash|121\/304|[from] item: Leftovers
|-damage|p2a: Sasuke|100\/286 tox|[from] psn
|turn|28
|
|move|p2a: Sasuke|Hydro Pump|p1a: Aegislash|[miss]
|-miss|p2a: Sasuke|p1a: Aegislash
|-formechange|p1a: Aegislash|Aegislash-Blade
|move|p1a: Aegislash|Shadow Ball|p2a: Sasuke
|-damage|p2a: Sasuke|0 fnt
|faint|p2a: Sasuke
|
|-weather|Sandstorm|[upkeep]
|-heal|p1a: Aegislash|140\/304|[from] item: Leftovers
|chat|Aurious|Fuck off has
|
|switch|p2a: I'm a Hippo|Hippowdon, M|420\/420
|turn|29
|chat|Aurious|Hax*
|
|-formechange|p1a: Aegislash|Aegislash
|move|p1a: Aegislash|King's Shield|p1a: Aegislash
|-singleturn|p1a: Aegislash|Protect
|move|p2a: I'm a Hippo|Earthquake|p1a: Aegislash
|-activate|p1a: Aegislash|Protect
|
|-weather|none
|-heal|p1a: Aegislash|159\/304|[from] item: Leftovers
|turn|30
|
|switch|p1a: Milotic|Milotic, F|290\/331
|-damage|p1a: Milotic|249\/331|[from] Stealth Rock
|move|p2a: I'm a Hippo|Earthquake|p1a: Milotic
|-damage|p1a: Milotic|83\/331
|
|turn|31
|
|move|p1a: Milotic|Hydro Pump|p2a: I'm a Hippo|[miss]
|-miss|p1a: Milotic|p2a: I'm a Hippo
|move|p2a: I'm a Hippo|Earthquake|p1a: Milotic
|-damage|p1a: Milotic|0 fnt
|faint|p1a: Milotic
|
|
|switch|p1a: Aegislash|Aegislash, F|159\/304
|-damage|p1a: Aegislash|140\/304|[from] Stealth Rock
|turn|32
|
|move|p1a: Aegislash|King's Shield|p1a: Aegislash
|-singleturn|p1a: Aegislash|Protect
|move|p2a: I'm a Hippo|Earthquake|p1a: Aegislash
|-activate|p1a: Aegislash|Protect
|
|-heal|p1a: Aegislash|159\/304|[from] item: Leftovers
|turn|33
|
|move|p2a: I'm a Hippo|Earthquake|p1a: Aegislash
|-supereffective|p1a: Aegislash
|-damage|p1a: Aegislash|0 fnt
|faint|p1a: Aegislash
|
|
|switch|p1a: Garchomp|Garchomp, M|314\/400
|-damage|p1a: Garchomp|289\/400|[from] Stealth Rock
|turn|34
|
|move|p1a: Garchomp|Earthquake|p2a: I'm a Hippo
|-damage|p2a: I'm a Hippo|311\/420
|move|p2a: I'm a Hippo|Earthquake|p1a: Garchomp
|-damage|p1a: Garchomp|180\/400
|
|-heal|p1a: Garchomp|205\/400|[from] item: Leftovers
|-heal|p2a: I'm a Hippo|337\/420|[from] item: Leftovers
|turn|35
|
|move|p1a: Garchomp|Fire Blast|p2a: I'm a Hippo
|-damage|p2a: I'm a Hippo|247\/420
|-status|p2a: I'm a Hippo|brn
|move|p2a: I'm a Hippo|Earthquake|p1a: Garchomp
|-damage|p1a: Garchomp|147\/400
|
|-heal|p1a: Garchomp|172\/400|[from] item: Leftovers
|-heal|p2a: I'm a Hippo|273\/420 brn|[from] item: Leftovers
|-damage|p2a: I'm a Hippo|221\/420 brn|[from] brn
|turn|36
|chat|Aurious|Naa
|
|move|p1a: Garchomp|Earthquake|p2a: I'm a Hippo
|-damage|p2a: I'm a Hippo|113\/420 brn
|move|p2a: I'm a Hippo|Earthquake|p1a: Garchomp
|-damage|p1a: Garchomp|118\/400
|
|-heal|p1a: Garchomp|143\/400|[from] item: Leftovers
|-heal|p2a: I'm a Hippo|139\/420 brn|[from] item: Leftovers
|-damage|p2a: I'm a Hippo|87\/420 brn|[from] brn
|turn|37
|
|move|p1a: Garchomp|Earthquake|p2a: I'm a Hippo
|-damage|p2a: I'm a Hippo|0 fnt
|faint|p2a: I'm a Hippo
|
|-heal|p1a: Garchomp|168\/400|[from] item: Leftovers
|chat|Aurious|gg
|
|switch|p2a: Kamikaze|Talonflame, M, shiny|280\/298
|turn|38
|
|move|p2a: Kamikaze|Brave Bird|p1a: Garchomp
|-damage|p1a: Garchomp|0 fnt
|-damage|p2a: Kamikaze|243\/298|[from] ability: Rough Skin|[of] p1a: Garchomp
|-damage|p2a: Kamikaze|188\/298|[from] recoil|[of] p1a: Garchomp
|faint|p1a: Garchomp
|
|win|Aurious
|raw|Ladder updating...
|raw|d.d. survivor's rating: 1815 &rarr; <strong>1783<\/strong><br \/>(-32 for losing)
|raw|Aurious's rating: 1580 &rarr; <strong>1612<\/strong><br \/>(+32 for winning)
|leave|d.d. survivor
|player|p1