|join|d.d. survivor
|join|Mari0test
|player|p1|d.d. survivor|30
|player|p2|Mari0test|293
|gametype|singles
|gen|6
|tier|OU
|rated
|clearpoke
|poke|p1|Espeon, M
|poke|p1|Scolipede, M
|poke|p1|Zapdos
|poke|p1|Sylveon, F
|poke|p1|Mr. Mime, M, shiny
|poke|p1|Vaporeon, F
|poke|p2|Clefable, F
|poke|p2|Heatran, M
|poke|p2|Donphan, M
|poke|p2|Gyarados, M
|poke|p2|Breloom, M
|poke|p2|Dragonite, M
|rule|Sleep Clause Mod: Limit one foe put to sleep
|rule|Species Clause: Limit one of each Pokemon
|rule|OHKO Clause: OHKO moves are banned
|rule|Moody Clause: Moody is banned
|rule|Evasion Moves Clause: Evasion moves are banned
|rule|Endless Battle Clause: Forcing endless battles is banned.
|rule|HP Percentage Mod: HP is reported as percentages
|teampreview
|
|start
|switch|p1a: Scolipede|Scolipede, M|321\/321
|switch|p2a: Gyarados|Gyarados, M|332\/332
|-ability|p2a: Gyarados|Intimidate|[of] p1a: Scolipede
|-unboost|p1a: Scolipede|atk|1
|turn|1
|
|move|p1a: Scolipede|Iron Defense|p1a: Scolipede
|-boost|p1a: Scolipede|def|2
|move|p2a: Gyarados|Dragon Dance|p2a: Gyarados
|-boost|p2a: Gyarados|atk|1
|-boost|p2a: Gyarados|spe|1
|
|-boost|p1a: Scolipede|spe|1|[from] ability: Speed Boost
|turn|2
|
|move|p1a: Scolipede|Iron Defense|p1a: Scolipede
|-boost|p1a: Scolipede|def|2
|move|p2a: Gyarados|Taunt|p1a: Scolipede
|-start|p1a: Scolipede|move: Taunt
|-enditem|p1a: Scolipede|Mental Herb
|-end|p1a: Scolipede|move: Taunt
|
|-boost|p1a: Scolipede|spe|1|[from] ability: Speed Boost
|turn|3
|
|move|p1a: Scolipede|Baton Pass|p1a: Scolipede
|
|switch|p1a: Espeon|Espeon, M|321\/321
|move|p2a: Gyarados|Dragon Dance|p2a: Gyarados
|-boost|p2a: Gyarados|atk|1
|-boost|p2a: Gyarados|spe|1
|
|turn|4
|
|-formechange|p2a: Gyarados|Gyarados-Mega
|message|Gyarados has Mega Evolved into Mega Gyarados!
|-ability|p2a: Gyarados|Mold Breaker
|move|p1a: Espeon|Substitute|p1a: Espeon
|-start|p1a: Espeon|Substitute
|-damage|p1a: Espeon|241\/321
|move|p2a: Gyarados|Dragon Dance|p2a: Gyarados
|-boost|p2a: Gyarados|atk|1
|-boost|p2a: Gyarados|spe|1
|
|-heal|p1a: Espeon|261\/321|[from] item: Leftovers
|turn|5
|
|move|p2a: Gyarados|Dragon Dance|p2a: Gyarados
|-boost|p2a: Gyarados|atk|1
|-boost|p2a: Gyarados|spe|1
|move|p1a: Espeon|Baton Pass|p1a: Espeon
|
|switch|p1a: Zapdos|Zapdos|384\/384
|-ability|p1a: Zapdos|Pressure
|
|turn|6
|
|move|p2a: Gyarados|Waterfall|p1a: Zapdos
|-end|p1a: Zapdos|Substitute
|move|p1a: Zapdos|Thunderbolt|p2a: Gyarados
|-supereffective|p2a: Gyarados
|-damage|p2a: Gyarados|108\/332
|
|turn|7
|
|move|p2a: Gyarados|Waterfall|p1a: Zapdos
|-damage|p1a: Zapdos|233\/384
|cant|p1a: Zapdos|flinch
|
|-heal|p1a: Zapdos|257\/384|[from] item: Leftovers
|turn|8
|
|move|p2a: Gyarados|Waterfall|p1a: Zapdos
|-damage|p1a: Zapdos|104\/384
|move|p1a: Zapdos|Roost|p1a: Zapdos
|-heal|p1a: Zapdos|296\/384
|
|-heal|p1a: Zapdos|320\/384|[from] item: Leftovers
|turn|9
|
|move|p2a: Gyarados|Waterfall|p1a: Zapdos
|-damage|p1a: Zapdos|167\/384
|move|p1a: Zapdos|Thunderbolt|p2a: Gyarados
|-supereffective|p2a: Gyarados
|-damage|p2a: Gyarados|0 fnt
|faint|p2a: Gyarados
|
|-heal|p1a: Zapdos|191\/384|[from] item: Leftovers
|
|switch|p2a: Heatran|Heatran, M|386\/386
|turn|10
|
|move|p1a: Zapdos|Baton Pass|p1a: Zapdos
|
|switch|p1a: Mr. Mime|Mr. Mime, M, shiny|259\/259
|move|p2a: Heatran|Roar|p1a: Mr. Mime
|-immune|p1a: Mr. Mime|[msg]
|
|turn|11
|
|switch|p2a: Dragonite|Dragonite, M|386\/386
|move|p1a: Mr. Mime|Encore|p2a: Dragonite
|-fail|p2a: Dragonite
|
|turn|12
|
|move|p1a: Mr. Mime|Calm Mind|p1a: Mr. Mime
|-boost|p1a: Mr. Mime|spa|1
|-boost|p1a: Mr. Mime|spd|1
|move|p2a: Dragonite|Thunder Wave|p1a: Mr. Mime
|-status|p1a: Mr. Mime|par
|
|turn|13
|
|switch|p2a: Breloom|Breloom, M|262\/262
|move|p1a: Mr. Mime|Baton Pass|p1a: Mr. Mime
|
|switch|p1a: Scolipede|Scolipede, M|321\/321
|
|turn|14
|
|move|p1a: Scolipede|Substitute|p1a: Scolipede
|-start|p1a: Scolipede|Substitute
|-damage|p1a: Scolipede|241\/321
|move|p2a: Breloom|Rock Tomb|p1a: Scolipede
|-supereffective|p1a: Scolipede
|-activate|p1a: Scolipede|Substitute|[damage]
|
|-boost|p1a: Scolipede|spe|1|[from] ability: Speed Boost
|turn|15
|-message|Mari0test forfeited.
|
|win|d.d. survivor
|raw|Ladder updating...
|raw|d.d. survivor's rating: 1792 &rarr; <strong>1804<\/strong><br \/>(+12 for winning)
|raw|Mari0test's rating: 1633 &rarr; <strong>1622<\/strong><br \/>(-11 for losing)