|join|PakoZ.?? ?
|join|d.d. survivor
|player|p1|PakoZ.?? ?|265
|player|p2|d.d. survivor|78
|gametype|singles
|gen|6
|tier|OU
|rated
|clearpoke
|poke|p1|Gallade, M
|poke|p1|Ferrothorn, M
|poke|p1|Dragonite, M
|poke|p1|Sylveon, F
|poke|p1|Zapdos
|poke|p1|Greninja, M, shiny
|poke|p2|Garchomp, F
|poke|p2|Latios, M
|poke|p2|Pinsir, M
|poke|p2|Diggersby, F
|poke|p2|Azumarill, M
|poke|p2|Magnezone
|rule|Swagger Clause: Swagger is banned
|rule|Baton Pass Clause: Limit one PokÃ©mon knowing Baton Pass
|rule|Sleep Clause Mod: Limit one foe put to sleep
|rule|Species Clause: Limit one of each PokÃ©mon
|rule|OHKO Clause: OHKO moves are banned
|rule|Moody Clause: Moody is banned
|rule|Evasion Moves Clause: Evasion moves are banned
|rule|Endless Battle Clause: Forcing endless battles is banned
|rule|HP Percentage Mod: HP is shown in percentages
|teampreview
|
|start
|switch|p1a: Greninja|Greninja, M, shiny|286\/286
|switch|p2a: Pinsir|Pinsir, M|272\/272
|turn|1
|
|move|p1a: Greninja|Ice Beam|p2a: Pinsir
|-start|p1a: Greninja|typechange|Ice|[from] Protean
|-damage|p2a: Pinsir|22\/272
|-damage|p1a: Greninja|258\/286|[from] item: Life Orb
|move|p2a: Pinsir|Close Combat|p1a: Greninja
|-supereffective|p1a: Greninja
|-damage|p1a: Greninja|0 fnt
|-unboost|p2a: Pinsir|def|1
|-unboost|p2a: Pinsir|spd|1
|faint|p1a: Greninja
|
|
|switch|p1a: Gallade|Gallade, M|278\/278
|turn|2
|
|detailschange|p2a: Pinsir|Pinsir-Mega, M
|message|Pinsir has Mega Evolved into Mega Pinsir!
|detailschange|p1a: Gallade|Gallade-Mega, M
|message|Gallade has Mega Evolved into Mega Gallade!
|move|p2a: Pinsir|Quick Attack|p1a: Gallade
|-supereffective|p1a: Gallade
|-damage|p1a: Gallade|44\/278
|move|p1a: Gallade|Drain Punch|p2a: Pinsir
|-resisted|p2a: Pinsir
|-damage|p2a: Pinsir|0 fnt
|-heal|p1a: Gallade|55\/278|[from] drain|[of] p2a: Pinsir
|faint|p2a: Pinsir
|
|
|switch|p2a: Azumarill|Azumarill, M|361\/361
|turn|3
|
|switch|p1a: Ferrothorn|Ferrothorn, M|352\/352
|switch|p2a: Magnezone|Magnezone|281\/281
|
|turn|4
|
|switch|p1a: Sylveon|Sylveon, F|394\/394
|move|p2a: Magnezone|Hidden Power|p1a: Sylveon
|-damage|p1a: Sylveon|321\/394
|
|-heal|p1a: Sylveon|345\/394|[from] item: Leftovers
|turn|5
|
|switch|p2a: Azumarill|Azumarill, M|361\/361
|move|p1a: Sylveon|Wish|p1a: Sylveon
|
|-heal|p1a: Sylveon|369\/394|[from] item: Leftovers
|turn|6
|
|switch|p1a: Ferrothorn|Ferrothorn, M|352\/352
|move|p2a: Azumarill|Knock Off|p1a: Ferrothorn
|-damage|p1a: Ferrothorn|201\/352
|-damage|p2a: Azumarill|316\/361|[from] ability: Iron Barbs|[of] p1a: Ferrothorn
|-enditem|p1a: Ferrothorn|Shed Shell|[from] move: Knock Off|[of] p2a: Azumarill
|
|-heal|p1a: Ferrothorn|352\/352|[from] move: Wish|[wisher] Sylveon
|turn|7
|
|switch|p1a: Sylveon|Sylveon, F|369\/394
|move|p2a: Azumarill|Knock Off|p1a: Sylveon
|-resisted|p1a: Sylveon
|-damage|p1a: Sylveon|216\/394
|-enditem|p1a: Sylveon|Leftovers|[from] move: Knock Off|[of] p2a: Azumarill
|
|turn|8
|-message|PakoZ.?? ? forfeited.
|
|win|d.d. survivor
|raw|Ladder updating...
|leave|PakoZ.?? ?
|player|p1
|raw|PakoZ.?? ?'s rating: 1220 &rarr; <strong>1194<\/strong><br \/>(-26 for losing)
|raw|d.d. survivor's rating: 1205 &rarr; <strong>1231<\/strong><br \/>(+26 for winning)