|join|Gloating
|join|d.d. survivor
|player|p1|Gloating|265
|player|p2|d.d. survivor|266
|gametype|singles
|gen|6
|tier|OU
|rated
|clearpoke
|poke|p1|Gyarados, F
|poke|p1|Tyranitar, F
|poke|p1|Excadrill, M
|poke|p1|Breloom, M, shiny
|poke|p1|Dragonite, F
|poke|p1|Kyurem-Black, shiny
|poke|p2|Charizard, M, shiny
|poke|p2|Venusaur, M, shiny
|poke|p2|Umbreon, M, shiny
|poke|p2|Chansey, F
|poke|p2|Skarmory, M, shiny
|poke|p2|Quagsire, F
|rule|Sleep Clause Mod: Limit one foe put to sleep
|rule|Species Clause: Limit one of each Pokemon
|rule|OHKO Clause: OHKO moves are banned
|rule|Moody Clause: Moody is banned
|rule|Evasion Moves Clause: Evasion moves are banned
|rule|Endless Battle Clause: Forcing endless battles is banned.
|rule|HP Percentage Mod: HP is reported as percentages
|teampreview
|
|start
|switch|p1a: Kyurem-Black|Kyurem-Black, shiny|391\/391
|switch|p2a: Charizard|Charizard, M, shiny|353\/353
|-ability|p1a: Kyurem-Black|Teravolt
|turn|1
|
|switch|p1a: Tyranitar|Tyranitar, F|404\/404
|-weather|Sandstorm
|detailschange|p2a: Charizard|Charizard-Mega-Y, M, shiny
|message|Charizard has Mega Evolved into Mega Charizard!
|-weather|SunnyDay
|move|p2a: Charizard|Will-O-Wisp|p1a: Tyranitar|[miss]
|-miss|p2a: Charizard|p1a: Tyranitar
|
|-weather|SunnyDay|[upkeep]
|turn|2
|
|move|p2a: Charizard|Will-O-Wisp|p1a: Tyranitar
|-status|p1a: Tyranitar|brn
|move|p1a: Tyranitar|Stealth Rock|p2a: Charizard
|-sidestart|p2: d.d. survivor|move: Stealth Rock
|
|-weather|SunnyDay|[upkeep]
|-damage|p1a: Tyranitar|354\/404 brn|[from] brn
|turn|3
|
|switch|p2a: Chansey|Chansey, F|660\/660
|-damage|p2a: Chansey|578\/660|[from] Stealth Rock
|move|p1a: Tyranitar|Rock Slide|p2a: Chansey
|-damage|p2a: Chansey|500\/660
|
|-weather|SunnyDay|[upkeep]
|-damage|p1a: Tyranitar|304\/404 brn|[from] brn
|turn|4
|
|switch|p1a: Excadrill|Excadrill, M|362\/362
|move|p2a: Chansey|Stealth Rock|p1a: Excadrill
|-sidestart|p1: Gloating|move: Stealth Rock
|
|-weather|SunnyDay|[upkeep]
|turn|5
|
|switch|p2a: Skarmory|Skarmory, M, shiny|333\/333
|-damage|p2a: Skarmory|292\/333|[from] Stealth Rock
|move|p1a: Excadrill|Rapid Spin|p2a: Skarmory
|-resisted|p2a: Skarmory
|-damage|p2a: Skarmory|282\/333
|-damage|p1a: Excadrill|302\/362|[from] item: Rocky Helmet|[of] p2a: Skarmory
|-sideend|p1: Gloating|Stealth Rock|[from] move: Rapid Spin|[of] p1a: Excadrill
|-damage|p1a: Excadrill|266\/362|[from] item: Life Orb
|
|-weather|none
|turn|6
|
|move|p1a: Excadrill|Swords Dance|p1a: Excadrill
|-boost|p1a: Excadrill|atk|2
|move|p2a: Skarmory|Defog|p1a: Excadrill
|-unboost|p1a: Excadrill|evasion|1
|-sideend|p2: d.d. survivor|Stealth Rock|[from] move: Defog|[of] p2a: Skarmory
|
|turn|7
|
|move|p1a: Excadrill|Iron Head|p2a: Skarmory
|-resisted|p2a: Skarmory
|-damage|p2a: Skarmory|181\/333
|-damage|p1a: Excadrill|206\/362|[from] item: Rocky Helmet|[of] p2a: Skarmory
|-damage|p1a: Excadrill|170\/362|[from] item: Life Orb
|move|p2a: Skarmory|Whirlwind|p1a: Excadrill
|drag|p1a: Kyurem-Black|Kyurem-Black, shiny|391\/391
|-ability|p1a: Kyurem-Black|Teravolt
|
|turn|8
|
|switch|p2a: Chansey|Chansey, F|500\/660
|move|p1a: Kyurem-Black|Ice Beam|p2a: Chansey
|-damage|p2a: Chansey|395\/660
|-damage|p1a: Kyurem-Black|352\/391|[from] item: Life Orb
|
|turn|9
|
|switch|p1a: Dragonite|Dragonite, F|324\/324
|move|p2a: Chansey|Stealth Rock|p1a: Dragonite
|-sidestart|p1: Gloating|move: Stealth Rock
|
|turn|10
|
|switch|p2a: Skarmory|Skarmory, M, shiny|181\/333
|move|p1a: Dragonite|Fire Punch|p2a: Skarmory
|-supereffective|p2a: Skarmory
|-damage|p2a: Skarmory|7\/333
|-damage|p1a: Dragonite|270\/324|[from] item: Rocky Helmet|[of] p2a: Skarmory
|
|turn|11
|
|switch|p2a: Quagsire|Quagsire, F|394\/394
|move|p1a: Dragonite|Fire Punch|p2a: Quagsire
|-resisted|p2a: Quagsire
|-damage|p2a: Quagsire|337\/394
|
|-heal|p2a: Quagsire|361\/394|[from] item: Leftovers
|turn|12
|
|switch|p1a: Kyurem-Black|Kyurem-Black, shiny|352\/391
|-damage|p1a: Kyurem-Black|255\/391|[from] Stealth Rock
|-ability|p1a: Kyurem-Black|Teravolt
|switch|p2a: Charizard|Charizard-Mega-Y, M, shiny|353\/353
|-weather|SunnyDay
|
|-weather|SunnyDay|[upkeep]
|turn|13
|
|move|p1a: Kyurem-Black|Ice Beam|p2a: Charizard
|-damage|p2a: Charizard|145\/353
|-damage|p1a: Kyurem-Black|216\/391|[from] item: Life Orb
|move|p2a: Charizard|Flamethrower|p1a: Kyurem-Black
|-damage|p1a: Kyurem-Black|0 fnt
|faint|p1a: Kyurem-Black
|
|-weather|SunnyDay|[upkeep]
|
|switch|p1a: Tyranitar|Tyranitar, F|304\/404 brn
|-damage|p1a: Tyranitar|254\/404 brn|[from] Stealth Rock
|-weather|Sandstorm
|turn|14
|
|move|p2a: Charizard|Roost|p2a: Charizard
|-heal|p2a: Charizard|322\/353
|move|p1a: Tyranitar|Rock Slide|p2a: Charizard
|-supereffective|p2a: Charizard
|-damage|p2a: Charizard|224\/353
|
|-weather|Sandstorm|[upkeep]
|-damage|p2a: Charizard|202\/353|[from] sandstorm
|-damage|p1a: Tyranitar|204\/404 brn|[from] brn
|turn|15
|
|move|p2a: Charizard|Roost|p2a: Charizard
|-heal|p2a: Charizard|353\/353
|move|p1a: Tyranitar|Stealth Rock|p2a: Charizard
|-sidestart|p2: d.d. survivor|move: Stealth Rock
|
|-weather|Sandstorm|[upkeep]
|-damage|p2a: Charizard|331\/353|[from] sandstorm
|-damage|p1a: Tyranitar|154\/404 brn|[from] brn
|turn|16
|
|move|p2a: Charizard|Roost|p2a: Charizard
|-heal|p2a: Charizard|353\/353
|move|p1a: Tyranitar|Rock Slide|p2a: Charizard
|-supereffective|p2a: Charizard
|-damage|p2a: Charizard|257\/353
|
|-weather|Sandstorm|[upkeep]
|-damage|p2a: Charizard|235\/353|[from] sandstorm
|-damage|p1a: Tyranitar|104\/404 brn|[from] brn
|turn|17
|
|move|p2a: Charizard|Roost|p2a: Charizard
|-heal|p2a: Charizard|353\/353
|move|p1a: Tyranitar|Crunch|p2a: Charizard
|-damage|p2a: Charizard|301\/353
|
|-weather|Sandstorm|[upkeep]
|-damage|p2a: Charizard|279\/353|[from] sandstorm
|-damage|p1a: Tyranitar|54\/404 brn|[from] brn
|turn|18
|
|switch|p1a: Excadrill|Excadrill, M|170\/362
|-damage|p1a: Excadrill|159\/362|[from] Stealth Rock
|move|p2a: Charizard|Earthquake|p1a: Excadrill
|-supereffective|p1a: Excadrill
|-damage|p1a: Excadrill|0 fnt
|faint|p1a: Excadrill
|
|-weather|Sandstorm|[upkeep]
|-damage|p2a: Charizard|257\/353|[from] sandstorm
|
|switch|p1a: Dragonite|Dragonite, F|270\/324
|-damage|p1a: Dragonite|189\/324|[from] Stealth Rock
|turn|19
|
|move|p1a: Dragonite|Outrage|p2a: Charizard
|-damage|p2a: Charizard|0 fnt
|faint|p2a: Charizard
|
|-weather|Sandstorm|[upkeep]
|-damage|p1a: Dragonite|169\/324|[from] sandstorm
|
|switch|p2a: Quagsire|Quagsire, F|361\/394
|-damage|p2a: Quagsire|337\/394|[from] Stealth Rock
|turn|20
|
|move|p1a: Dragonite|Outrage|p2a: Quagsire
|-damage|p2a: Quagsire|42\/394
|move|p2a: Quagsire|Recover|p2a: Quagsire
|-heal|p2a: Quagsire|239\/394
|
|-weather|Sandstorm|[upkeep]
|-damage|p1a: Dragonite|149\/324|[from] sandstorm
|-heal|p2a: Quagsire|263\/394|[from] item: Leftovers
|turn|21
|
|switch|p2a: Skarmory|Skarmory, M, shiny|7\/333
|-damage|p2a: Skarmory|0 fnt|[from] Stealth Rock
|faint|p2a: Skarmory
|move|p1a: Dragonite|Outrage|p2: Skarmory|[notarget]
|-notarget
|
|-end|p1a: Dragonite|rampage
|-start|p1a: Dragonite|confusion
|-weather|none
|
|switch|p2a: Umbreon|Umbreon, M, shiny|394\/394
|-damage|p2a: Umbreon|345\/394|[from] Stealth Rock
|turn|22
|
|switch|p1a: Breloom|Breloom, M, shiny|262\/262
|-damage|p1a: Breloom|246\/262|[from] Stealth Rock
|move|p2a: Umbreon|Foul Play|p1a: Breloom
|-resisted|p1a: Breloom
|-damage|p1a: Breloom|137\/262
|
|-heal|p2a: Umbreon|369\/394|[from] item: Leftovers
|turn|23
|
|switch|p2a: Venusaur|Venusaur, M, shiny|364\/364
|-damage|p2a: Venusaur|319\/364|[from] Stealth Rock
|move|p1a: Breloom|Bullet Seed|p2a: Venusaur
|-resisted|p2a: Venusaur
|-damage|p2a: Venusaur|304\/364
|-resisted|p2a: Venusaur
|-damage|p2a: Venusaur|290\/364
|-resisted|p2a: Venusaur
|-damage|p2a: Venusaur|277\/364
|-resisted|p2a: Venusaur
|-damage|p2a: Venusaur|265\/364
|-resisted|p2a: Venusaur
|-damage|p2a: Venusaur|252\/364
|-hitcount|p2a: Venusaur|5
|
|-heal|p2a: Venusaur|274\/364|[from] item: Black Sludge
|turn|24
|
|switch|p1a: Tyranitar|Tyranitar, F|54\/404 brn
|-damage|p1a: Tyranitar|4\/404 brn|[from] Stealth Rock
|-weather|Sandstorm
|move|p2a: Venusaur|Synthesis|p2a: Venusaur
|-heal|p2a: Venusaur|364\/364
|
|-weather|Sandstorm|[upkeep]
|-damage|p2a: Venusaur|342\/364|[from] sandstorm
|-heal|p2a: Venusaur|364\/364|[from] item: Black Sludge
|-damage|p1a: Tyranitar|0 fnt|[from] brn
|faint|p1a: Tyranitar
|
|switch|p1a: Dragonite|Dragonite, F|149\/324
|-damage|p1a: Dragonite|68\/324|[from] Stealth Rock
|turn|25
|
|switch|p2a: Chansey|Chansey, F|395\/660
|-damage|p2a: Chansey|313\/660|[from] Stealth Rock
|move|p1a: Dragonite|Outrage|p2a: Chansey
|-damage|p2a: Chansey|0 fnt
|faint|p2a: Chansey
|
|-weather|Sandstorm|[upkeep]
|-damage|p1a: Dragonite|48\/324|[from] sandstorm
|
|switch|p2a: Umbreon|Umbreon, M, shiny|369\/394
|-damage|p2a: Umbreon|320\/394|[from] Stealth Rock
|turn|26
|
|move|p1a: Dragonite|Outrage|p2a: Umbreon
|-damage|p2a: Umbreon|0 fnt
|faint|p2a: Umbreon
|
|-weather|Sandstorm|[upkeep]
|-damage|p1a: Dragonite|28\/324|[from] sandstorm
|
|switch|p2a: Quagsire|Quagsire, F|263\/394
|-damage|p2a: Quagsire|239\/394|[from] Stealth Rock
|turn|27
|
|move|p1a: Dragonite|Outrage|p2a: Quagsire
|-damage|p2a: Quagsire|0 fnt
|faint|p2a: Quagsire
|
|-end|p1a: Dragonite|rampage
|-start|p1a: Dragonite|confusion
|-weather|Sandstorm|[upkeep]
|-damage|p1a: Dragonite|8\/324|[from] sandstorm
|
|switch|p2a: Venusaur|Venusaur, M, shiny|364\/364
|-damage|p2a: Venusaur|319\/364|[from] Stealth Rock
|turn|28
|
|-activate|p1a: Dragonite|confusion
|move|p1a: Dragonite|Outrage|p2a: Venusaur
|-damage|p2a: Venusaur|22\/364
|move|p2a: Venusaur|Synthesis|p2a: Venusaur
|-heal|p2a: Venusaur|113\/364
|
|-weather|Sandstorm|[upkeep]
|-damage|p1a: Dragonite|0 fnt|[from] sandstorm
|-damage|p2a: Venusaur|91\/364|[from] sandstorm
|-heal|p2a: Venusaur|113\/364|[from] item: Black Sludge
|faint|p1a: Dragonite
|
|switch|p1a: Gyarados|Gyarados, F|332\/332
|-damage|p1a: Gyarados|249\/332|[from] Stealth Rock
|-ability|p1a: Gyarados|Intimidate|[of] p2a: Venusaur
|-unboost|p2a: Venusaur|atk|1
|turn|29
|
|detailschange|p1a: Gyarados|Gyarados-Mega, F
|message|Gyarados has Mega Evolved into Mega Gyarados!
|-ability|p1a: Gyarados|Mold Breaker
|move|p1a: Gyarados|Ice Fang|p2a: Venusaur
|-crit|p2a: Venusaur
|-supereffective|p2a: Venusaur
|-damage|p2a: Venusaur|0 fnt
|faint|p2a: Venusaur
|
|win|Gloating
|raw|Ladder updating...
|raw|Gloating's rating: 1869 &rarr; <strong>1882<\/strong><br \/>(+13 for winning)
|raw|d.d. survivor's rating: 1741 &rarr; <strong>1728<\/strong><br \/>(-13 for losing)