|join|pewpewinc
|join|d.d. survivor
|player|p1|pewpewinc|266
|player|p2|d.d. survivor|30
|gametype|singles
|gen|6
|tier|OU
|rated
|clearpoke
|poke|p1|Latios, M
|poke|p1|Aegislash, F, shiny
|poke|p1|Tyranitar, F
|poke|p1|Venusaur, F, shiny
|poke|p1|Landorus-Therian, M, shiny
|poke|p1|Vaporeon, M
|poke|p2|Gyarados, F
|poke|p2|Braviary, M
|poke|p2|Gothitelle, M
|poke|p2|Magnezone
|poke|p2|Ditto
|poke|p2|Conkeldurr, F
|rule|Sleep Clause Mod: Limit one foe put to sleep
|rule|Species Clause: Limit one of each Pokemon
|rule|OHKO Clause: OHKO moves are banned
|rule|Moody Clause: Moody is banned
|rule|Evasion Moves Clause: Evasion moves are banned
|rule|Endless Battle Clause: Forcing endless battles is banned.
|rule|HP Percentage Mod: HP is reported as percentages
|teampreview
|
|start
|switch|p1a: Latios|Latios, M|302\/302
|switch|p2a: Braviary|Braviary, M|401\/401
|turn|1
|
|move|p1a: Latios|Draco Meteor|p2a: Braviary
|-crit|p2a: Braviary
|-damage|p2a: Braviary|0 fnt
|-unboost|p1a: Latios|spa|2
|-damage|p1a: Latios|272\/302|[from] item: Life Orb
|faint|p2a: Braviary
|
|
|switch|p2a: Gothitelle|Gothitelle, M|281\/281
|turn|2
|
|move|p1a: Latios|Psyshock|p2a: Gothitelle
|-resisted|p2a: Gothitelle
|-damage|p2a: Gothitelle|234\/281
|-damage|p1a: Latios|242\/302|[from] item: Life Orb
|move|p2a: Gothitelle|Shadow Ball|p1a: Latios
|-supereffective|p1a: Latios
|-damage|p1a: Latios|14\/302
|
|turn|3
|
|move|p1a: Latios|Draco Meteor|p2a: Gothitelle
|-crit|p2a: Gothitelle
|-damage|p2a: Gothitelle|0 fnt
|-unboost|p1a: Latios|spa|2
|-damage|p1a: Latios|0 fnt|[from] item: Life Orb
|faint|p2a: Gothitelle
|faint|p1a: Latios
|
|
|switch|p2a: Gyarados|Gyarados, F|332\/332
|switch|p1a: Venusaur|Venusaur, F, shiny|364\/364
|-ability|p2a: Gyarados|Intimidate|[of] p1a: Venusaur
|-unboost|p1a: Venusaur|atk|1
|turn|4
|
|switch|p2a: Ditto|Ditto|300\/300
|-transform|p2a: Ditto|p1a: Venusaur
|-formechange|p1a: Venusaur|Venusaur-Mega
|message|Venusaur has Mega Evolved into Mega Venusaur!
|move|p1a: Venusaur|Sludge Bomb|p2a: Ditto
|-damage|p2a: Ditto|129\/300
|
|turn|5
|
|move|p2a: Ditto|Sludge Bomb|p1a: Venusaur
|-damage|p1a: Venusaur|240\/364
|move|p1a: Venusaur|Hidden Power|p2a: Ditto
|-supereffective|p2a: Ditto
|-damage|p2a: Ditto|0 fnt
|faint|p2a: Ditto
|
|
|switch|p2a: Magnezone|Magnezone|281\/281
|turn|6
|
|switch|p1a: Landorus-Therian|Landorus-Therian, M, shiny|320\/320
|-ability|p1a: Landorus-Therian|Intimidate|[of] p2a: Magnezone
|-unboost|p2a: Magnezone|atk|1
|move|p2a: Magnezone|Flash Cannon|p1a: Landorus-Therian
|-damage|p1a: Landorus-Therian|148\/320
|
|turn|7
|
|move|p1a: Landorus-Therian|Knock Off|p2a: Magnezone
|-damage|p2a: Magnezone|167\/281
|-enditem|p2a: Magnezone|Choice Scarf|[from] move: Knock Off|[of] p1a: Landorus-Therian
|move|p2a: Magnezone|Flash Cannon|p1a: Landorus-Therian
|-damage|p1a: Landorus-Therian|0 fnt
|faint|p1a: Landorus-Therian
|
|
|switch|p1a: Aegislash|Aegislash, F, shiny|322\/322
|turn|8
|
|move|p2a: Magnezone|Thunderbolt|p1a: Aegislash
|-damage|p1a: Aegislash|198\/322
|-formechange|p1a: Aegislash|Aegislash-Blade
|move|p1a: Aegislash|Shadow Ball|p2a: Magnezone
|-crit|p2a: Magnezone
|-damage|p2a: Magnezone|0 fnt
|faint|p2a: Magnezone
|
|-heal|p1a: Aegislash|218\/322|[from] item: Leftovers
|
|switch|p2a: Gyarados|Gyarados, F|332\/332
|-ability|p2a: Gyarados|Intimidate|[of] p1a: Aegislash
|-unboost|p1a: Aegislash|atk|1
|turn|9
|
|-formechange|p2a: Gyarados|Gyarados-Mega
|message|Gyarados has Mega Evolved into Mega Gyarados!
|-ability|p2a: Gyarados|Mold Breaker
|-formechange|p1a: Aegislash|Aegislash
|move|p1a: Aegislash|King's Shield|p1a: Aegislash
|-singleturn|p1a: Aegislash|Protect
|move|p2a: Gyarados|Dragon Dance|p2a: Gyarados
|-boost|p2a: Gyarados|atk|1
|-boost|p2a: Gyarados|spe|1
|
|-heal|p1a: Aegislash|238\/322|[from] item: Leftovers
|turn|10
|
|move|p2a: Gyarados|Earthquake|p1a: Aegislash
|-supereffective|p1a: Aegislash
|-damage|p1a: Aegislash|0 fnt
|faint|p1a: Aegislash
|
|
|switch|p1a: Venusaur|Venusaur, F, shiny|240\/364
|-formechange|p1a: Venusaur|Venusaur-Mega
|turn|11
|
|move|p2a: Gyarados|Ice Fang|p1a: Venusaur
|-supereffective|p1a: Venusaur
|-damage|p1a: Venusaur|34\/364
|move|p1a: Venusaur|Giga Drain|p2a: Gyarados
|-supereffective|p2a: Gyarados
|-damage|p2a: Gyarados|132\/332
|-heal|p1a: Venusaur|134\/364|[from] drain|[of] p2a: Gyarados
|
|turn|12
|
|switch|p1a: Vaporeon|Vaporeon, M|464\/464
|move|p2a: Gyarados|Earthquake|p1a: Vaporeon
|-damage|p1a: Vaporeon|272\/464
|
|-heal|p1a: Vaporeon|301\/464|[from] item: Leftovers
|turn|13
|
|move|p2a: Gyarados|Earthquake|p1a: Vaporeon
|-damage|p1a: Vaporeon|116\/464
|move|p1a: Vaporeon|Wish|p1a: Vaporeon
|
|-heal|p1a: Vaporeon|145\/464|[from] item: Leftovers
|turn|14
|
|switch|p1a: Venusaur|Venusaur, F, shiny|134\/364
|-formechange|p1a: Venusaur|Venusaur-Mega
|move|p2a: Gyarados|Dragon Dance|p2a: Gyarados
|-boost|p2a: Gyarados|atk|1
|-boost|p2a: Gyarados|spe|1
|
|-heal|p1a: Venusaur|364\/364|[from] move: Wish|[wisher] Vaporeon
|turn|15
|
|move|p2a: Gyarados|Ice Fang|p1a: Venusaur
|-supereffective|p1a: Venusaur
|-damage|p1a: Venusaur|74\/364
|move|p1a: Venusaur|Giga Drain|p2a: Gyarados
|-supereffective|p2a: Gyarados
|-damage|p2a: Gyarados|0 fnt
|-heal|p1a: Venusaur|140\/364|[from] drain|[of] p2a: Gyarados
|faint|p2a: Gyarados
|
|
|switch|p2a: Conkeldurr|Conkeldurr, F|351\/351
|turn|16
|
|move|p1a: Venusaur|Sludge Bomb|p2a: Conkeldurr
|-damage|p2a: Conkeldurr|231\/351
|move|p2a: Conkeldurr|Ice Punch|p1a: Venusaur
|-crit|p1a: Venusaur
|-supereffective|p1a: Venusaur
|-damage|p1a: Venusaur|0 fnt
|faint|p1a: Venusaur
|
|
|switch|p1a: Vaporeon|Vaporeon, M|145\/464
|turn|17
|
|move|p1a: Vaporeon|Scald|p2a: Conkeldurr
|-damage|p2a: Conkeldurr|161\/351
|move|p2a: Conkeldurr|Drain Punch|p1a: Vaporeon
|-damage|p1a: Vaporeon|0 fnt
|-heal|p2a: Conkeldurr|234\/351|[from] drain|[of] p1a: Vaporeon
|faint|p1a: Vaporeon
|
|
|switch|p1a: Tyranitar|Tyranitar, F|404\/404
|-weather|Sandstorm
|turn|18
|
|move|p1a: Tyranitar|Earthquake|p2a: Conkeldurr
|-damage|p2a: Conkeldurr|47\/351
|move|p2a: Conkeldurr|Drain Punch|p1a: Tyranitar
|-supereffective|p1a: Tyranitar
|-damage|p1a: Tyranitar|0 fnt
|-heal|p2a: Conkeldurr|249\/351|[from] drain|[of] p1a: Tyranitar
|faint|p1a: Tyranitar
|
|win|d.d. survivor
|raw|Ladder updating...
|raw|pewpewinc's rating: 1705 &rarr; <strong>1688<\/strong><br \/>(-17 for losing)
|raw|d.d. survivor's rating: 1747 &rarr; <strong>1764<\/strong><br \/>(+17 for winning)