|join|rafael1808
|join|d.d. survivor
|player|p1|rafael1808|74
|player|p2|d.d. survivor|30
|gametype|singles
|gen|6
|tier|OU
|clearpoke
|poke|p1|Ferrothorn, M
|poke|p1|Blissey, F
|poke|p1|Tentacruel, F
|poke|p1|Mawile, M, shiny
|poke|p1|Trevenant, M
|poke|p1|Volcarona, M
|poke|p2|Espeon, F
|poke|p2|Scolipede, M
|poke|p2|Zapdos
|poke|p2|Sylveon, F
|poke|p2|Mew, shiny
|poke|p2|Vaporeon, M
|rule|Sleep Clause Mod: Limit one foe put to sleep
|rule|Species Clause: Limit one of each Pokemon
|rule|OHKO Clause: OHKO moves are banned
|rule|Moody Clause: Moody is banned
|rule|Evasion Moves Clause: Evasion moves are banned
|rule|Endless Battle Clause: Forcing endless battles is banned.
|rule|HP Percentage Mod: HP is reported as percentages
|teampreview
|
|start
|switch|p1a: Tentacruel|Tentacruel, F|353\/353
|switch|p2a: Scolipede|Scolipede, M|316\/316
|turn|1
|
|switch|p2a: Espeon|Espeon, F|321\/321
|move|p1a: Tentacruel|Knock Off|p2a: Espeon
|-supereffective|p2a: Espeon
|-damage|p2a: Espeon|205\/321
|-enditem|p2a: Espeon|Leftovers|[from] move: Knock Off|[of] p1a: Tentacruel
|
|turn|2
|
|move|p2a: Espeon|Calm Mind|p2a: Espeon
|-boost|p2a: Espeon|spa|1
|-boost|p2a: Espeon|spd|1
|move|p1a: Tentacruel|Knock Off|p2a: Espeon
|-supereffective|p2a: Espeon
|-damage|p2a: Espeon|133\/321
|
|turn|3
|
|move|p2a: Espeon|Calm Mind|p2a: Espeon
|-boost|p2a: Espeon|spa|1
|-boost|p2a: Espeon|spd|1
|move|p1a: Tentacruel|Knock Off|p2a: Espeon
|-supereffective|p2a: Espeon
|-damage|p2a: Espeon|63\/321
|
|turn|4
|
|move|p2a: Espeon|Morning Sun|p2a: Espeon
|-heal|p2a: Espeon|223\/321
|move|p1a: Tentacruel|Knock Off|p2a: Espeon
|-supereffective|p2a: Espeon
|-damage|p2a: Espeon|147\/321
|
|turn|5
|
|move|p2a: Espeon|Stored Power|p1a: Tentacruel
|-supereffective|p1a: Tentacruel
|-damage|p1a: Tentacruel|59\/353
|move|p1a: Tentacruel|Knock Off|p2a: Espeon
|-crit|p2a: Espeon
|-supereffective|p2a: Espeon
|-damage|p2a: Espeon|39\/321
|
|turn|6
|
|move|p2a: Espeon|Morning Sun|p2a: Espeon
|-heal|p2a: Espeon|199\/321
|move|p1a: Tentacruel|Knock Off|p2a: Espeon
|-supereffective|p2a: Espeon
|-damage|p2a: Espeon|117\/321
|
|turn|7
|
|move|p2a: Espeon|Morning Sun|p2a: Espeon
|-heal|p2a: Espeon|277\/321
|move|p1a: Tentacruel|Knock Off|p2a: Espeon
|-crit|p2a: Espeon
|-supereffective|p2a: Espeon
|-damage|p2a: Espeon|165\/321
|
|turn|8
|
|switch|p1a: Blissey|Blissey, F|714\/714
|move|p2a: Espeon|Calm Mind|p2a: Espeon
|-boost|p2a: Espeon|spa|1
|-boost|p2a: Espeon|spd|1
|
|turn|9
|
|move|p2a: Espeon|Morning Sun|p2a: Espeon
|-heal|p2a: Espeon|321\/321
|move|p1a: Blissey|Wish|p1a: Blissey
|
|turn|10
|
|switch|p1a: Mawile|Mawile, M, shiny|242\/242
|-ability|p1a: Mawile|Intimidate|[of] p2a: Espeon
|-unboost|p2a: Espeon|atk|1
|move|p2a: Espeon|Calm Mind|p2a: Espeon
|-boost|p2a: Espeon|spa|1
|-boost|p2a: Espeon|spd|1
|
|turn|11
|
|-formechange|p1a: Mawile|Mawile-Mega
|message|Mawile has Mega Evolved into Mega Mawile!
|move|p1a: Mawile|Sucker Punch|p2a: Espeon
|-fail|p2a: Espeon
|move|p2a: Espeon|Baton Pass|p2a: Espeon
|
|switch|p2a: Scolipede|Scolipede, M|316\/316
|
|turn|12
|
|move|p2a: Scolipede|Iron Defense|p2a: Scolipede
|-boost|p2a: Scolipede|def|2
|move|p1a: Mawile|Swords Dance|p1a: Mawile
|-boost|p1a: Mawile|atk|2
|
|-boost|p2a: Scolipede|spe|1|[from] ability: Speed Boost
|turn|13
|
|move|p2a: Scolipede|Substitute|p2a: Scolipede
|-start|p2a: Scolipede|Substitute
|-damage|p2a: Scolipede|237\/316
|move|p1a: Mawile|Iron Head|p2a: Scolipede
|-end|p2a: Scolipede|Substitute
|
|-boost|p2a: Scolipede|spe|1|[from] ability: Speed Boost
|turn|14
|
|switch|p1a: Trevenant|Trevenant, M|374\/374
|move|p2a: Scolipede|Baton Pass|p2a: Scolipede
|
|switch|p2a: Espeon|Espeon, F|321\/321
|
|turn|15
|
|move|p2a: Espeon|Stored Power|p1a: Trevenant
|-damage|p1a: Trevenant|0 fnt
|faint|p1a: Trevenant
|
|
|switch|p1a: Volcarona|Volcarona, M|312\/312
|turn|16
|
|move|p2a: Espeon|Stored Power|p1a: Volcarona
|-damage|p1a: Volcarona|0 fnt
|faint|p1a: Volcarona
|
|
|switch|p1a: Mawile|Mawile, M, shiny|242\/242
|-formechange|p1a: Mawile|Mawile-Mega
|turn|17
|
|move|p1a: Mawile|Sucker Punch|p2a: Espeon
|-fail|p2a: Espeon
|move|p2a: Espeon|Baton Pass|p2a: Espeon
|
|switch|p2a: Vaporeon|Vaporeon, M|448\/448
|
|turn|18
|
|move|p2a: Vaporeon|Acid Armor|p2a: Vaporeon
|-boost|p2a: Vaporeon|def|2
|move|p1a: Mawile|Swords Dance|p1a: Mawile
|-boost|p1a: Mawile|atk|2
|
|turn|19
|
|move|p2a: Vaporeon|Acid Armor|p2a: Vaporeon
|-boost|p2a: Vaporeon|def|2
|move|p1a: Mawile|Play Rough|p2a: Vaporeon
|-damage|p2a: Vaporeon|301\/448
|
|-heal|p2a: Vaporeon|329\/448|[from] item: Leftovers
|turn|20
|
|move|p1a: Mawile|Swords Dance|p1a: Mawile
|-boost|p1a: Mawile|atk|2
|move|p2a: Vaporeon|Roar|p1a: Mawile
|drag|p1a: Ferrothorn|Ferrothorn, M|352\/352
|
|-heal|p2a: Vaporeon|357\/448|[from] item: Leftovers
|turn|21
|
|move|p2a: Vaporeon|Substitute|p2a: Vaporeon
|-start|p2a: Vaporeon|Substitute
|-damage|p2a: Vaporeon|245\/448
|move|p1a: Ferrothorn|Leech Seed|p2a: Vaporeon
|
|-heal|p2a: Vaporeon|273\/448|[from] item: Leftovers
|turn|22
|
|move|p2a: Vaporeon|Baton Pass|p2a: Vaporeon
|
|switch|p2a: Espeon|Espeon, F|321\/321
|move|p1a: Ferrothorn|Stealth Rock|p2a: Espeon
|move|p2a: Espeon|Stealth Rock|p1a: Ferrothorn|[from]Magic Bounce
|-sidestart|p1: rafael1808|move: Stealth Rock
|
|turn|23
|
|move|p2a: Espeon|Calm Mind|p2a: Espeon
|-boost|p2a: Espeon|spa|1
|-boost|p2a: Espeon|spd|1
|move|p1a: Ferrothorn|Gyro Ball|p2a: Espeon
|-activate|p2a: Espeon|Substitute|[damage]
|
|turn|24
|
|move|p2a: Espeon|Stored Power|p1a: Ferrothorn
|-resisted|p1a: Ferrothorn
|-damage|p1a: Ferrothorn|0 fnt
|faint|p1a: Ferrothorn
|
|
|switch|p1a: Mawile|Mawile, M, shiny|242\/242
|-formechange|p1a: Mawile|Mawile-Mega
|-damage|p1a: Mawile|227\/242|[from] Stealth Rock
|turn|25
|
|move|p1a: Mawile|Sucker Punch|p2a: Espeon
|-supereffective|p2a: Espeon
|-end|p2a: Espeon|Substitute
|move|p2a: Espeon|Stored Power|p1a: Mawile
|-resisted|p1a: Mawile
|-damage|p1a: Mawile|0 fnt
|faint|p1a: Mawile
|
|
|switch|p1a: Tentacruel|Tentacruel, F|59\/353
|-damage|p1a: Tentacruel|15\/353|[from] Stealth Rock
|turn|26
|chat|rafael1808|bom jogo
|
|move|p2a: Espeon|Stored Power|p1a: Tentacruel
|-supereffective|p1a: Tentacruel
|-damage|p1a: Tentacruel|0 fnt
|faint|p1a: Tentacruel
|
|
|switch|p1a: Blissey|Blissey, F|714\/714
|-damage|p1a: Blissey|625\/714|[from] Stealth Rock
|turn|27
|
|move|p2a: Espeon|Stored Power|p1a: Blissey
|-damage|p1a: Blissey|0 fnt
|faint|p1a: Blissey
|
|win|d.d. survivor
|leave|rafael1808
|player|p1