|join|tiraroto
|join|d.d. survivor
|player|p1|tiraroto|120
|player|p2|d.d. survivor|30
|gametype|singles
|gen|6
|tier|OU
|clearpoke
|poke|p1|Clefable, F, shiny
|poke|p1|Klefki, M
|poke|p1|Chesnaught, M
|poke|p1|Minun, M
|poke|p1|Durant, M
|poke|p1|Cloyster, F
|poke|p2|Espeon, M
|poke|p2|Scolipede, F
|poke|p2|Zapdos
|poke|p2|Sylveon, F
|poke|p2|Mew, shiny
|poke|p2|Vaporeon, F
|rule|Sleep Clause Mod: Limit one foe put to sleep
|rule|Species Clause: Limit one of each Pokemon
|rule|OHKO Clause: OHKO moves are banned
|rule|Moody Clause: Moody is banned
|rule|Evasion Moves Clause: Evasion moves are banned
|rule|Endless Battle Clause: Forcing endless battles is banned.
|rule|HP Percentage Mod: HP is reported as percentages
|teampreview
|
|start
|switch|p1a: Durant|Durant, M|258\/258
|switch|p2a: Scolipede|Scolipede, F|316\/316
|turn|1
|
|move|p2a: Scolipede|Protect|p2a: Scolipede
|-singleturn|p2a: Scolipede|Protect
|move|p1a: Durant|Hone Claws|p1a: Durant
|-boost|p1a: Durant|atk|1
|-boost|p1a: Durant|accuracy|1
|
|-boost|p2a: Scolipede|spe|1|[from] ability: Speed Boost
|turn|2
|
|move|p2a: Scolipede|Substitute|p2a: Scolipede
|-start|p2a: Scolipede|Substitute
|-damage|p2a: Scolipede|237\/316
|move|p1a: Durant|Iron Head|p2a: Scolipede
|-end|p2a: Scolipede|Substitute
|
|-boost|p2a: Scolipede|spe|1|[from] ability: Speed Boost
|turn|3
|
|move|p2a: Scolipede|Iron Defense|p2a: Scolipede
|-boost|p2a: Scolipede|def|2
|move|p1a: Durant|Iron Head|p2a: Scolipede
|-damage|p2a: Scolipede|101\/316
|
|-boost|p2a: Scolipede|spe|1|[from] ability: Speed Boost
|turn|4
|
|move|p2a: Scolipede|Baton Pass|p2a: Scolipede
|
|switch|p2a: Vaporeon|Vaporeon, F|448\/448
|move|p1a: Durant|Hone Claws|p1a: Durant
|-boost|p1a: Durant|atk|1
|-boost|p1a: Durant|accuracy|1
|
|turn|5
|
|move|p2a: Vaporeon|Acid Armor|p2a: Vaporeon
|-boost|p2a: Vaporeon|def|2
|move|p1a: Durant|Iron Head|p2a: Vaporeon
|-resisted|p2a: Vaporeon
|-damage|p2a: Vaporeon|381\/448
|
|-heal|p2a: Vaporeon|409\/448|[from] item: Leftovers
|turn|6
|
|move|p2a: Vaporeon|Substitute|p2a: Vaporeon
|-start|p2a: Vaporeon|Substitute
|-damage|p2a: Vaporeon|297\/448
|move|p1a: Durant|X-Scissor|p2a: Vaporeon
|-end|p2a: Vaporeon|Substitute
|
|-heal|p2a: Vaporeon|325\/448|[from] item: Leftovers
|turn|7
|
|move|p1a: Durant|Iron Head|p2a: Vaporeon
|-resisted|p2a: Vaporeon
|-damage|p2a: Vaporeon|266\/448
|cant|p2a: Vaporeon|flinch
|
|-heal|p2a: Vaporeon|294\/448|[from] item: Leftovers
|turn|8
|
|move|p1a: Durant|Hone Claws|p1a: Durant
|-boost|p1a: Durant|atk|1
|-boost|p1a: Durant|accuracy|1
|move|p2a: Vaporeon|Roar|p1a: Durant
|drag|p1a: Chesnaught|Chesnaught, M|318\/318
|
|-heal|p2a: Vaporeon|322\/448|[from] item: Leftovers
|turn|9
|
|move|p2a: Vaporeon|Substitute|p2a: Vaporeon
|-start|p2a: Vaporeon|Substitute
|-damage|p2a: Vaporeon|210\/448
|move|p1a: Chesnaught|Leech Seed|p2a: Vaporeon
|
|-heal|p2a: Vaporeon|238\/448|[from] item: Leftovers
|turn|10
|
|move|p2a: Vaporeon|Acid Armor|p2a: Vaporeon
|-boost|p2a: Vaporeon|def|2
|move|p1a: Chesnaught|Rock Slide|p2a: Vaporeon
|-activate|p2a: Vaporeon|Substitute|[damage]
|
|-heal|p2a: Vaporeon|266\/448|[from] item: Leftovers
|turn|11
|
|move|p2a: Vaporeon|Baton Pass|p2a: Vaporeon
|
|switch|p2a: Sylveon|Sylveon, F|371\/371
|move|p1a: Chesnaught|Rock Slide|p2a: Sylveon
|-activate|p2a: Sylveon|Substitute|[damage]
|
|turn|12
|
|move|p1a: Chesnaught|Spiky Shield|p1a: Chesnaught
|-singleturn|p1a: Chesnaught|move: Protect
|move|p2a: Sylveon|Calm Mind|p2a: Sylveon
|-boost|p2a: Sylveon|spa|1
|-boost|p2a: Sylveon|spd|1
|
|turn|13
|
|move|p2a: Sylveon|Calm Mind|p2a: Sylveon
|-boost|p2a: Sylveon|spa|1
|-boost|p2a: Sylveon|spd|1
|move|p1a: Chesnaught|Rock Slide|p2a: Sylveon
|-activate|p2a: Sylveon|Substitute|[damage]
|
|turn|14
|
|switch|p1a: Cloyster|Cloyster, F|242\/242
|-item|p1a: Cloyster|Air Balloon
|move|p2a: Sylveon|Calm Mind|p2a: Sylveon
|-boost|p2a: Sylveon|spa|1
|-boost|p2a: Sylveon|spd|1
|
|turn|15
|
|move|p2a: Sylveon|Hyper Voice|p1a: Cloyster
|-damage|p1a: Cloyster|0 fnt
|-enditem|p1a: Cloyster|Air Balloon
|faint|p1a: Cloyster
|
|
|switch|p1a: Minun|Minun, M|262\/262
|turn|16
|
|move|p2a: Sylveon|Hyper Voice|p1a: Minun
|-enditem|p1a: Minun|Focus Sash
|-damage|p1a: Minun|1\/262
|move|p1a: Minun|Grass Knot|p2a: Sylveon
|-activate|p2a: Sylveon|Substitute|[damage]
|
|turn|17
|
|switch|p1a: Klefki|Klefki, M|318\/318
|move|p2a: Sylveon|Hyper Voice|p1a: Klefki
|-resisted|p1a: Klefki
|-damage|p1a: Klefki|136\/318
|
|turn|18
|
|move|p2a: Sylveon|Hyper Voice|p1a: Klefki
|-resisted|p1a: Klefki
|-damage|p1a: Klefki|0 fnt
|faint|p1a: Klefki
|
|
|switch|p1a: Clefable|Clefable, F, shiny|394\/394
|turn|19
|
|move|p2a: Sylveon|Hyper Voice|p1a: Clefable
|-damage|p1a: Clefable|73\/394
|move|p1a: Clefable|Cosmic Power|p1a: Clefable
|-boost|p1a: Clefable|def|1
|-boost|p1a: Clefable|spd|1
|
|-heal|p1a: Clefable|97\/394|[from] item: Leftovers
|turn|20
|
|move|p2a: Sylveon|Hyper Voice|p1a: Clefable
|-damage|p1a: Clefable|0 fnt
|faint|p1a: Clefable
|
|
|switch|p1a: Chesnaught|Chesnaught, M|318\/318
|turn|21
|chat|tiraroto|que estrategia legal cara
|
|move|p2a: Sylveon|Hyper Voice|p1a: Chesnaught
|-supereffective|p1a: Chesnaught
|-damage|p1a: Chesnaught|0 fnt
|faint|p1a: Chesnaught
|
|
|switch|p1a: Minun|Minun, M|1\/262
|turn|22
|
|move|p2a: Sylveon|Hyper Voice|p1a: Minun
|-damage|p1a: Minun|0 fnt
|faint|p1a: Minun
|
|
|switch|p1a: Durant|Durant, M|258\/258
|turn|23
|
|move|p2a: Sylveon|Hyper Voice|p1a: Durant
|-resisted|p1a: Durant
|-enditem|p1a: Durant|Focus Sash
|-damage|p1a: Durant|1\/258
|move|p1a: Durant|Iron Head|p2a: Sylveon|[miss]
|-miss|p1a: Durant|p2a: Sylveon
|
|turn|24
|
|move|p2a: Sylveon|Hyper Voice|p1a: Durant
|-resisted|p1a: Durant
|-damage|p1a: Durant|0 fnt
|faint|p1a: Durant
|
|win|d.d. survivor