|join|AoD Tsunayoshi
|join|d.d. survivor
|player|p1|AoD Tsunayoshi|266
|player|p2|d.d. survivor|30
|gametype|singles
|gen|6
|tier|OU
|clearpoke
|poke|p1|Aegislash, F
|poke|p1|Keldeo
|poke|p1|Deoxys-Defense
|poke|p1|Thundurus, M
|poke|p1|Latios, M
|poke|p1|Mawile, F
|poke|p2|Zapdos
|poke|p2|Rotom-Wash
|poke|p2|Clefable, F
|poke|p2|Venusaur, M
|poke|p2|Aegislash, F
|poke|p2|Kyurem-Black
|rule|Sleep Clause Mod: Limit one foe put to sleep
|rule|Species Clause: Limit one of each Pokemon
|rule|OHKO Clause: OHKO moves are banned
|rule|Moody Clause: Moody is banned
|rule|Evasion Moves Clause: Evasion moves are banned
|rule|Endless Battle Clause: Forcing endless battles is banned.
|rule|HP Percentage Mod: HP is reported as percentages
|teampreview
|
|start
|switch|p1a: Deoxys-Defense|Deoxys-Defense|304\/304
|switch|p2a: Aegislash|Aegislash, F|304\/304
|-ability|p1a: Deoxys-Defense|Pressure
|turn|1
|
|move|p1a: Deoxys-Defense|Thunder Wave|p2a: Aegislash
|-status|p2a: Aegislash|par
|-formechange|p2a: Aegislash|Aegislash-Blade
|move|p2a: Aegislash|Shadow Ball|p1a: Deoxys-Defense
|-supereffective|p1a: Deoxys-Defense
|-damage|p1a: Deoxys-Defense|112\/304
|-enditem|p1a: Deoxys-Defense|Red Card|[of] p2a: Aegislash
|drag|p2a: Venusaur|Venusaur, M|360\/360
|
|turn|2
|
|-formechange|p2a: Venusaur|Venusaur-Mega
|message|Venusaur has Mega Evolved into Mega Venusaur!
|move|p1a: Deoxys-Defense|Stealth Rock|p2a: Venusaur
|-sidestart|p2: d.d. survivor|move: Stealth Rock
|move|p2a: Venusaur|Sludge Bomb|p1a: Deoxys-Defense
|-damage|p1a: Deoxys-Defense|28\/304
|-status|p1a: Deoxys-Defense|psn
|
|-damage|p1a: Deoxys-Defense|0 fnt|[from] psn
|faint|p1a: Deoxys-Defense
|
|switch|p1a: Mawile|Mawile, F|271\/271
|turn|3
|
|-formechange|p1a: Mawile|Mawile-Mega
|message|Mawile has Mega Evolved into Mega Mawile!
|move|p2a: Venusaur|Sleep Powder|p1a: Mawile
|-status|p1a: Mawile|slp
|cant|p1a: Mawile|slp
|
|turn|4
|
|switch|p2a: Zapdos|Zapdos|384\/384
|-damage|p2a: Zapdos|288\/384|[from] Stealth Rock
|-ability|p2a: Zapdos|Pressure
|-curestatus|p1a: Mawile|slp
|move|p1a: Mawile|Substitute|p1a: Mawile
|-start|p1a: Mawile|Substitute
|-damage|p1a: Mawile|204\/271
|
|-heal|p2a: Zapdos|312\/384|[from] item: Leftovers
|turn|5
|
|move|p2a: Zapdos|Defog|p1a: Mawile
|-sideend|p2: d.d. survivor|Stealth Rock|[from] move: Defog|[of] p2a: Zapdos
|move|p1a: Mawile|Swords Dance|p1a: Mawile
|-boost|p1a: Mawile|atk|2
|
|-heal|p2a: Zapdos|336\/384|[from] item: Leftovers
|turn|6
|
|switch|p2a: Aegislash|Aegislash, F|304\/304 par
|move|p1a: Mawile|Sucker Punch|p2a: Aegislash
|-fail|p2a: Aegislash
|
|turn|7
|
|move|p1a: Mawile|Swords Dance|p1a: Mawile
|-boost|p1a: Mawile|atk|2
|move|p2a: Aegislash|Substitute|p2a: Aegislash
|-start|p2a: Aegislash|Substitute
|-damage|p2a: Aegislash|228\/304 par
|
|-heal|p2a: Aegislash|247\/304 par|[from] item: Leftovers
|turn|8
|
|move|p2a: Aegislash|King's Shield|p2a: Aegislash
|-singleturn|p2a: Aegislash|Protect
|move|p1a: Mawile|Play Rough|p2a: Aegislash
|-activate|p2a: Aegislash|Protect
|-unboost|p1a: Mawile|atk|2
|
|-heal|p2a: Aegislash|266\/304 par|[from] item: Leftovers
|turn|9
|
|move|p1a: Mawile|Play Rough|p2a: Aegislash
|-resisted|p2a: Aegislash
|-end|p2a: Aegislash|Substitute
|-formechange|p2a: Aegislash|Aegislash-Blade
|cant|p2a: Aegislash|par
|
|-heal|p2a: Aegislash|285\/304 par|[from] item: Leftovers
|turn|10
|
|move|p1a: Mawile|Swords Dance|p1a: Mawile
|-boost|p1a: Mawile|atk|2
|cant|p2a: Aegislash|par
|
|-heal|p2a: Aegislash|304\/304 par|[from] item: Leftovers
|turn|11
|
|-formechange|p2a: Aegislash|Aegislash
|move|p2a: Aegislash|King's Shield|p2a: Aegislash
|-singleturn|p2a: Aegislash|Protect
|move|p1a: Mawile|Play Rough|p2a: Aegislash
|-activate|p2a: Aegislash|Protect
|-unboost|p1a: Mawile|atk|2
|
|turn|12
|
|move|p1a: Mawile|Play Rough|p2a: Aegislash
|-crit|p2a: Aegislash
|-resisted|p2a: Aegislash
|-damage|p2a: Aegislash|38\/304 par
|-formechange|p2a: Aegislash|Aegislash-Blade
|cant|p2a: Aegislash|par
|
|-heal|p2a: Aegislash|57\/304 par|[from] item: Leftovers
|turn|13
|
|move|p1a: Mawile|Play Rough|p2a: Aegislash
|-resisted|p2a: Aegislash
|-damage|p2a: Aegislash|0 fnt
|faint|p2a: Aegislash
|
|chat|d.d. survivor|q hax em...
|
|switch|p2a: Rotom-Wash|Rotom-Wash|303\/303
|turn|14
|chat|AoD Tsunayoshi|Vc haxeia mais :(
|
|move|p1a: Mawile|Sucker Punch|p2a: Rotom-Wash
|-damage|p2a: Rotom-Wash|77\/303
|move|p2a: Rotom-Wash|Hydro Pump|p1a: Mawile
|-end|p1a: Mawile|Substitute
|
|turn|15
|
|switch|p1a: Latios|Latios, M|302\/302
|move|p2a: Rotom-Wash|Will-O-Wisp|p1a: Latios|[miss]
|-miss|p2a: Rotom-Wash|p1a: Latios
|
|turn|16
|
|switch|p2a: Clefable|Clefable, F|394\/394
|move|p1a: Latios|Psyshock|p2a: Clefable
|-damage|p2a: Clefable|233\/394
|-damage|p1a: Latios|272\/302|[from] item: Life Orb
|
|-heal|p2a: Clefable|257\/394|[from] item: Leftovers
|turn|17
|
|move|p1a: Latios|Thunderbolt|p2a: Clefable
|-damage|p2a: Clefable|92\/394
|-damage|p1a: Latios|242\/302|[from] item: Life Orb
|move|p2a: Clefable|Moonlight|p2a: Clefable
|-heal|p2a: Clefable|289\/394
|
|-heal|p2a: Clefable|313\/394|[from] item: Leftovers
|turn|18
|
|switch|p1a: Aegislash|Aegislash, F|264\/264
|-item|p1a: Aegislash|Air Balloon
|move|p2a: Clefable|Toxic|p1a: Aegislash
|-fail|p1a: Aegislash
|
|-heal|p2a: Clefable|337\/394|[from] item: Leftovers
|turn|19
|
|switch|p2a: Zapdos|Zapdos|336\/384
|-ability|p2a: Zapdos|Pressure
|-formechange|p1a: Aegislash|Aegislash-Blade
|move|p1a: Aegislash|Iron Head|p2a: Zapdos
|-resisted|p2a: Zapdos
|-damage|p2a: Zapdos|250\/384
|
|-heal|p2a: Zapdos|274\/384|[from] item: Leftovers
|turn|20
|
|-formechange|p1a: Aegislash|Aegislash
|move|p1a: Aegislash|King's Shield|p1a: Aegislash
|-singleturn|p1a: Aegislash|Protect
|move|p2a: Zapdos|Roost|p2a: Zapdos
|-heal|p2a: Zapdos|384\/384
|
|turn|21
|
|move|p2a: Zapdos|Discharge|p1a: Aegislash
|-damage|p1a: Aegislash|183\/264
|-enditem|p1a: Aegislash|Air Balloon
|-formechange|p1a: Aegislash|Aegislash-Blade
|move|p1a: Aegislash|Shadow Ball|p2a: Zapdos
|-damage|p2a: Zapdos|260\/384
|-unboost|p2a: Zapdos|spd|1
|
|-heal|p2a: Zapdos|284\/384|[from] item: Leftovers
|turn|22
|chat|d.d. survivor|lol man
|
|switch|p1a: Thundurus|Thundurus, M|299\/299
|move|p2a: Zapdos|Heat Wave|p1a: Thundurus
|-damage|p1a: Thundurus|194\/299
|
|-heal|p1a: Thundurus|212\/299|[from] item: Leftovers
|-heal|p2a: Zapdos|308\/384|[from] item: Leftovers
|turn|23
|
|switch|p2a: Venusaur|Venusaur, M|360\/360
|-formechange|p2a: Venusaur|Venusaur-Mega
|move|p1a: Thundurus|Nasty Plot|p1a: Thundurus
|-boost|p1a: Thundurus|spa|2
|
|-heal|p1a: Thundurus|230\/299|[from] item: Leftovers
|turn|24
|chat|AoD Tsunayoshi|Aff
|
|move|p1a: Thundurus|Hidden Power|p2a: Venusaur
|-supereffective|p2a: Venusaur
|-damage|p2a: Venusaur|0 fnt
|faint|p2a: Venusaur
|
|-heal|p1a: Thundurus|248\/299|[from] item: Leftovers
|chat|d.d. survivor|oxxxx
|chat|AoD Tsunayoshi|Oo
|
|switch|p2a: Clefable|Clefable, F|337\/394
|turn|25
|
|move|p1a: Thundurus|Thunderbolt|p2a: Clefable
|-damage|p2a: Clefable|172\/394
|move|p2a: Clefable|Moonlight|p2a: Clefable
|-heal|p2a: Clefable|369\/394
|
|-heal|p1a: Thundurus|266\/299|[from] item: Leftovers
|-heal|p2a: Clefable|393\/394|[from] item: Leftovers
|turn|26
|
|switch|p2a: Rotom-Wash|Rotom-Wash|77\/303
|move|p1a: Thundurus|Thunder Wave|p2a: Rotom-Wash
|-fail|p2a: Rotom-Wash
|
|-heal|p1a: Thundurus|284\/299|[from] item: Leftovers
|turn|27
|
|switch|p2a: Clefable|Clefable, F|393\/394
|move|p1a: Thundurus|Thunderbolt|p2a: Clefable
|-crit|p2a: Clefable
|-damage|p2a: Clefable|123\/394
|
|-heal|p1a: Thundurus|299\/299|[from] item: Leftovers
|-heal|p2a: Clefable|147\/394|[from] item: Leftovers
|turn|28
|chat|d.d. survivor|gg man
|chat|d.d. survivor|muito hax
|
|move|p1a: Thundurus|Thunderbolt|p2a: Clefable
|-damage|p2a: Clefable|0 fnt
|faint|p2a: Clefable
|
|
|switch|p2a: Kyurem-Black|Kyurem-Black|404\/404
|-ability|p2a: Kyurem-Black|Teravolt
|turn|29
|
|move|p1a: Thundurus|Thunder Wave|p2a: Kyurem-Black
|-status|p2a: Kyurem-Black|par
|move|p2a: Kyurem-Black|Ice Beam|p1a: Thundurus
|-supereffective|p1a: Thundurus
|-damage|p1a: Thundurus|0 fnt
|faint|p1a: Thundurus
|
|
|switch|p1a: Latios|Latios, M|242\/302
|turn|30
|
|move|p1a: Latios|Draco Meteor|p2a: Kyurem-Black
|-supereffective|p2a: Kyurem-Black
|-damage|p2a: Kyurem-Black|0 fnt
|-unboost|p1a: Latios|spa|2
|-damage|p1a: Latios|212\/302|[from] item: Life Orb
|faint|p2a: Kyurem-Black
|
|
|switch|p2a: Zapdos|Zapdos|308\/384
|-ability|p2a: Zapdos|Pressure
|turn|31
|
|switch|p1a: Keldeo|Keldeo|323\/323
|move|p2a: Zapdos|Discharge|p1a: Keldeo
|-supereffective|p1a: Keldeo
|-damage|p1a: Keldeo|71\/323
|
|-heal|p2a: Zapdos|332\/384|[from] item: Leftovers
|turn|32
|
|move|p1a: Keldeo|Icy Wind|p2a: Zapdos
|-supereffective|p2a: Zapdos
|-damage|p2a: Zapdos|180\/384
|-unboost|p2a: Zapdos|spe|1
|move|p2a: Zapdos|Roost|p2a: Zapdos
|-heal|p2a: Zapdos|372\/384
|
|-heal|p2a: Zapdos|384\/384|[from] item: Leftovers
|turn|33
|
|move|p1a: Keldeo|Icy Wind|p2a: Zapdos
|-supereffective|p2a: Zapdos
|-damage|p2a: Zapdos|242\/384
|-unboost|p2a: Zapdos|spe|1
|move|p2a: Zapdos|Discharge|p1a: Keldeo
|-supereffective|p1a: Keldeo
|-damage|p1a: Keldeo|0 fnt
|faint|p1a: Keldeo
|
|-heal|p2a: Zapdos|266\/384|[from] item: Leftovers
|
|switch|p1a: Latios|Latios, M|212\/302
|turn|34
|
|move|p1a: Latios|Draco Meteor|p2a: Zapdos
|-damage|p2a: Zapdos|20\/384
|-unboost|p1a: Latios|spa|2
|-damage|p1a: Latios|182\/302|[from] item: Life Orb
|move|p2a: Zapdos|Roost|p2a: Zapdos
|-heal|p2a: Zapdos|212\/384
|
|-heal|p2a: Zapdos|236\/384|[from] item: Leftovers
|turn|35
|
|switch|p1a: Aegislash|Aegislash, F|183\/264
|switch|p2a: Rotom-Wash|Rotom-Wash|77\/303
|
|turn|36
|
|-formechange|p1a: Aegislash|Aegislash-Blade
|move|p1a: Aegislash|Shadow Sneak|p2a: Rotom-Wash
|-damage|p2a: Rotom-Wash|19\/303
|move|p2a: Rotom-Wash|Rest|p2a: Rotom-Wash
|-status|p2a: Rotom-Wash|slp
|-heal|p2a: Rotom-Wash|303\/303 slp|[silent]
|-status|p2a: Rotom-Wash|slp|[from] move: Rest
|-enditem|p2a: Rotom-Wash|Chesto Berry|[eat]
|-curestatus|p2a: Rotom-Wash|slp
|
|turn|37
|
|-formechange|p1a: Aegislash|Aegislash
|move|p1a: Aegislash|King's Shield|p1a: Aegislash
|-singleturn|p1a: Aegislash|Protect
|move|p2a: Rotom-Wash|Hydro Pump|p1a: Aegislash
|-activate|p1a: Aegislash|Protect
|
|turn|38
|
|move|p2a: Rotom-Wash|Will-O-Wisp|p1a: Aegislash
|-status|p1a: Aegislash|brn
|-formechange|p1a: Aegislash|Aegislash-Blade
|move|p1a: Aegislash|Shadow Ball|p2a: Rotom-Wash
|-damage|p2a: Rotom-Wash|147\/303
|
|-damage|p1a: Aegislash|150\/264 brn|[from] brn
|turn|39
|
|switch|p2a: Zapdos|Zapdos|236\/384
|-ability|p2a: Zapdos|Pressure
|-formechange|p1a: Aegislash|Aegislash
|move|p1a: Aegislash|King's Shield|p1a: Aegislash
|-fail|p1a: Aegislash
|
|-heal|p2a: Zapdos|260\/384|[from] item: Leftovers
|-damage|p1a: Aegislash|117\/264 brn|[from] brn
|turn|40
|
|move|p2a: Zapdos|Roost|p2a: Zapdos
|-heal|p2a: Zapdos|384\/384
|-formechange|p1a: Aegislash|Aegislash-Blade
|move|p1a: Aegislash|Shadow Ball|p2a: Zapdos
|-crit|p2a: Zapdos
|-damage|p2a: Zapdos|168\/384
|
|-heal|p2a: Zapdos|192\/384|[from] item: Leftovers
|-damage|p1a: Aegislash|84\/264 brn|[from] brn
|turn|41
|
|move|p2a: Zapdos|Roost|p2a: Zapdos
|-heal|p2a: Zapdos|384\/384
|move|p1a: Aegislash|Shadow Ball|p2a: Zapdos
|-damage|p2a: Zapdos|248\/384
|
|-heal|p2a: Zapdos|272\/384|[from] item: Leftovers
|-damage|p1a: Aegislash|51\/264 brn|[from] brn
|turn|42
|
|move|p2a: Zapdos|Discharge|p1a: Aegislash
|-damage|p1a: Aegislash|0 fnt
|faint|p1a: Aegislash
|
|-heal|p2a: Zapdos|296\/384|[from] item: Leftovers
|
|switch|p1a: Mawile|Mawile, F|204\/271
|-formechange|p1a: Mawile|Mawile-Mega
|turn|43
|
|move|p2a: Zapdos|Heat Wave|p1a: Mawile
|-supereffective|p1a: Mawile
|-damage|p1a: Mawile|2\/271
|move|p1a: Mawile|Substitute|p1a: Mawile
|-fail|p1a: Mawile|move: Substitute|[weak]
|
|-heal|p2a: Zapdos|320\/384|[from] item: Leftovers
|turn|44
|
|switch|p2a: Rotom-Wash|Rotom-Wash|147\/303
|move|p1a: Mawile|Sucker Punch|p2a: Rotom-Wash
|-fail|p2a: Rotom-Wash
|
|turn|45
|
|move|p2a: Rotom-Wash|Discharge|p1a: Mawile
|-damage|p1a: Mawile|0 fnt
|faint|p1a: Mawile
|
|
|switch|p1a: Latios|Latios, M|182\/302
|turn|46
|
|move|p1a: Latios|Thunderbolt|p2a: Rotom-Wash
|-damage|p2a: Rotom-Wash|16\/303
|-damage|p1a: Latios|152\/302|[from] item: Life Orb
|move|p2a: Rotom-Wash|Will-O-Wisp|p1a: Latios|[miss]
|-miss|p2a: Rotom-Wash|p1a: Latios
|
|turn|47
|chat|d.d. survivor|lol man
|
|move|p1a: Latios|Thunderbolt|p2a: Rotom-Wash
|-damage|p2a: Rotom-Wash|0 fnt
|-damage|p1a: Latios|122\/302|[from] item: Life Orb
|faint|p2a: Rotom-Wash
|
|
|switch|p2a: Zapdos|Zapdos|320\/384
|-ability|p2a: Zapdos|Pressure
|turn|48
|
|move|p1a: Latios|Roost|p1a: Latios
|-heal|p1a: Latios|273\/302
|move|p2a: Zapdos|Roost|p2a: Zapdos
|-heal|p2a: Zapdos|384\/384
|
|turn|49
|
|move|p1a: Latios|Psyshock|p2a: Zapdos
|-damage|p2a: Zapdos|160\/384
|-damage|p1a: Latios|243\/302|[from] item: Life Orb
|move|p2a: Zapdos|Discharge|p1a: Latios
|-resisted|p1a: Latios
|-damage|p1a: Latios|189\/302
|
|-heal|p2a: Zapdos|184\/384|[from] item: Leftovers
|turn|50
|
|move|p1a: Latios|Psyshock|p2a: Zapdos
|-damage|p2a: Zapdos|0 fnt
|-damage|p1a: Latios|159\/302|[from] item: Life Orb
|faint|p2a: Zapdos
|
|win|AoD Tsunayoshi
|leave|AoD Tsunayoshi
|player|p1
|join|AoD Tsunayoshi
|leave|AoD Tsunayoshi
|leave|d.d. survivor
|player|p2
|join|Tohka
|leave|Tohka
|join|Tohka