|join|d.d. survivor
|join|u got slowbro'ed
|player|p1|d.d. survivor|266
|player|p2|u got slowbro'ed|167
|gametype|singles
|gen|6
|tier|OU
|rated
|clearpoke
|poke|p1|Altaria, M
|poke|p1|Sableye, F
|poke|p1|Skarmory, M
|poke|p1|Zapdos
|poke|p1|Heatran, M
|poke|p1|Mew
|poke|p2|Talonflame, F
|poke|p2|Sableye, F
|poke|p2|Landorus-Therian, M
|poke|p2|Ferrothorn, M
|poke|p2|Latios, M
|poke|p2|Rotom-Wash
|rule|Swagger Clause: Swagger is banned
|rule|Baton Pass Clause: Limit one PokÃ©mon knowing Baton Pass
|rule|Sleep Clause Mod: Limit one foe put to sleep
|rule|Species Clause: Limit one of each PokÃ©mon
|rule|OHKO Clause: OHKO moves are banned
|rule|Moody Clause: Moody is banned
|rule|Evasion Moves Clause: Evasion moves are banned
|rule|Endless Battle Clause: Forcing endless battles is banned
|rule|HP Percentage Mod: HP is shown in percentages
|teampreview
|
|start
|switch|p1a: Heatran|Heatran, M|386\/386
|switch|p2a: Sableye|Sableye, F|304\/304
|turn|1
|
|switch|p2a: Rotom-Wash|Rotom-Wash|303\/303
|move|p1a: Heatran|Lava Plume|p2a: Rotom-Wash
|-resisted|p2a: Rotom-Wash
|-damage|p2a: Rotom-Wash|252\/303
|
|-heal|p2a: Rotom-Wash|270\/303|[from] item: Leftovers
|turn|2
|
|move|p2a: Rotom-Wash|Hydro Pump|p1a: Heatran
|-supereffective|p1a: Heatran
|-damage|p1a: Heatran|198\/386
|move|p1a: Heatran|Stealth Rock|p2a: Rotom-Wash
|-sidestart|p2: u got slowbro'ed|move: Stealth Rock
|
|-heal|p2a: Rotom-Wash|288\/303|[from] item: Leftovers
|-heal|p1a: Heatran|222\/386|[from] item: Leftovers
|turn|3
|
|switch|p1a: Mew|Mew|384\/384
|move|p2a: Rotom-Wash|Volt Switch|p1a: Mew
|-damage|p1a: Mew|318\/384
|
|switch|p2a: Sableye|Sableye, F|304\/304
|-damage|p2a: Sableye|266\/304|[from] Stealth Rock
|
|-heal|p1a: Mew|342\/384|[from] item: Leftovers
|turn|4
|
|switch|p1a: Heatran|Heatran, M|222\/386
|detailschange|p2a: Sableye|Sableye-Mega, F
|message|Sableye has Mega Evolved into Mega Sableye!
|move|p2a: Sableye|Dark Pulse|p1a: Heatran
|-damage|p1a: Heatran|162\/386
|
|-heal|p1a: Heatran|186\/386|[from] item: Leftovers
|turn|5
|
|switch|p2a: Rotom-Wash|Rotom-Wash|288\/303
|-damage|p2a: Rotom-Wash|251\/303|[from] Stealth Rock
|move|p1a: Heatran|Lava Plume|p2a: Rotom-Wash
|-resisted|p2a: Rotom-Wash
|-damage|p2a: Rotom-Wash|199\/303
|
|-heal|p2a: Rotom-Wash|217\/303|[from] item: Leftovers
|-heal|p1a: Heatran|210\/386|[from] item: Leftovers
|turn|6
|
|switch|p1a: Mew|Mew|342\/384
|move|p2a: Rotom-Wash|Hydro Pump|p1a: Mew
|-damage|p1a: Mew|242\/384
|
|-heal|p1a: Mew|266\/384|[from] item: Leftovers
|-heal|p2a: Rotom-Wash|235\/303|[from] item: Leftovers
|turn|7
|
|switch|p2a: Sableye|Sableye-Mega, F|266\/304
|-damage|p2a: Sableye|228\/304|[from] Stealth Rock
|move|p1a: Mew|Psychic|p2a: Sableye
|-immune|p2a: Sableye|[msg]
|
|-heal|p1a: Mew|290\/384|[from] item: Leftovers
|turn|8
|
|switch|p1a: Altaria|Altaria, M|351\/351
|switch|p2a: Latios|Latios, M|301\/301
|-damage|p2a: Latios|264\/301|[from] Stealth Rock
|
|turn|9
|
|switch|p2a: Ferrothorn|Ferrothorn, M|352\/352
|-damage|p2a: Ferrothorn|330\/352|[from] Stealth Rock
|detailschange|p1a: Altaria|Altaria-Mega, M
|message|Altaria has Mega Evolved into Mega Altaria!
|move|p1a: Altaria|Body Slam|p2a: Ferrothorn
|-resisted|p2a: Ferrothorn
|-damage|p2a: Ferrothorn|280\/352
|-damage|p1a: Altaria|308\/351|[from] ability: Iron Barbs|[of] p2a: Ferrothorn
|
|-heal|p2a: Ferrothorn|302\/352|[from] item: Leftovers
|turn|10
|
|move|p1a: Altaria|Fire Blast|p2a: Ferrothorn
|-supereffective|p2a: Ferrothorn
|-damage|p2a: Ferrothorn|34\/352
|move|p2a: Ferrothorn|Leech Seed|p1a: Altaria
|-start|p1a: Altaria|move: Leech Seed
|
|-heal|p2a: Ferrothorn|56\/352|[from] item: Leftovers
|-damage|p1a: Altaria|265\/351|[from] Leech Seed|[of] p2a: Ferrothorn
|-heal|p2a: Ferrothorn|99\/352|[silent]
|turn|11
|
|switch|p1a: Heatran|Heatran, M|210\/386
|move|p2a: Ferrothorn|Protect|p2a: Ferrothorn
|-fail|p2a: Ferrothorn
|
|-heal|p1a: Heatran|234\/386|[from] item: Leftovers
|-heal|p2a: Ferrothorn|121\/352|[from] item: Leftovers
|turn|12
|
|switch|p2a: Latios|Latios, M|264\/301
|-damage|p2a: Latios|227\/301|[from] Stealth Rock
|move|p1a: Heatran|Lava Plume|p2a: Latios
|-resisted|p2a: Latios
|-damage|p2a: Latios|168\/301
|
|-heal|p1a: Heatran|258\/386|[from] item: Leftovers
|turn|13
|
|move|p2a: Latios|Defog|p1a: Heatran
|-unboost|p1a: Heatran|evasion|1
|-sideend|p2: u got slowbro'ed|Stealth Rock|[from] move: Defog|[of] p2a: Latios
|move|p1a: Heatran|Lava Plume|p2a: Latios
|-resisted|p2a: Latios
|-damage|p2a: Latios|111\/301
|-status|p2a: Latios|brn
|
|-heal|p1a: Heatran|282\/386|[from] item: Leftovers
|-damage|p2a: Latios|74\/301 brn|[from] brn
|turn|14
|
|switch|p2a: Sableye|Sableye-Mega, F|228\/304
|move|p1a: Heatran|Stealth Rock|p2a: Sableye
|move|p2a: Sableye|Stealth Rock|p1a: Heatran|[from]Magic Bounce
|-sidestart|p1: d.d. survivor|move: Stealth Rock
|
|-heal|p1a: Heatran|306\/386|[from] item: Leftovers
|turn|15
|
|move|p1a: Heatran|Lava Plume|p2a: Sableye
|-damage|p2a: Sableye|120\/304
|-status|p2a: Sableye|brn
|move|p2a: Sableye|Calm Mind|p2a: Sableye
|-boost|p2a: Sableye|spa|1
|-boost|p2a: Sableye|spd|1
|
|-heal|p1a: Heatran|330\/386|[from] item: Leftovers
|-damage|p2a: Sableye|82\/304 brn|[from] brn
|turn|16
|join|thyuy
|
|move|p1a: Heatran|Lava Plume|p2a: Sableye
|-crit|p2a: Sableye
|-damage|p2a: Sableye|0 fnt
|faint|p2a: Sableye
|
|-heal|p1a: Heatran|354\/386|[from] item: Leftovers
|
|switch|p2a: Talonflame|Talonflame, F|359\/359
|turn|17
|
|switch|p1a: Zapdos|Zapdos|384\/384
|-damage|p1a: Zapdos|288\/384|[from] Stealth Rock
|-ability|p1a: Zapdos|Pressure
|move|p2a: Talonflame|Taunt|p1a: Zapdos
|-start|p1a: Zapdos|move: Taunt
|
|-heal|p1a: Zapdos|312\/384|[from] item: Leftovers
|turn|18
|
|switch|p2a: Landorus-Therian|Landorus-Therian, M|382\/382
|-ability|p2a: Landorus-Therian|Intimidate|[of] p1a: Zapdos
|-unboost|p1a: Zapdos|atk|1
|switch|p1a: Sableye|Sableye, F|304\/304
|-damage|p1a: Sableye|266\/304|[from] Stealth Rock
|
|-heal|p1a: Sableye|285\/304|[from] item: Leftovers
|turn|19
|
|switch|p2a: Talonflame|Talonflame, F|359\/359
|move|p1a: Sableye|Foul Play|p2a: Talonflame
|-damage|p2a: Talonflame|236\/359
|
|-heal|p2a: Talonflame|258\/359|[from] item: Leftovers
|-heal|p1a: Sableye|304\/304|[from] item: Leftovers
|turn|20
|
|move|p2a: Talonflame|Roost|p2a: Talonflame
|-heal|p2a: Talonflame|359\/359
|move|p1a: Sableye|Taunt|p2a: Talonflame
|-start|p2a: Talonflame|move: Taunt
|
|turn|21
|
|switch|p2a: Rotom-Wash|Rotom-Wash|235\/303
|move|p1a: Sableye|Will-O-Wisp|p2a: Rotom-Wash
|-status|p2a: Rotom-Wash|brn
|
|-heal|p2a: Rotom-Wash|253\/303 brn|[from] item: Leftovers
|-damage|p2a: Rotom-Wash|216\/303 brn|[from] brn
|turn|22
|
|move|p2a: Rotom-Wash|Volt Switch|p1a: Sableye
|-damage|p1a: Sableye|181\/304
|
|switch|p2a: Ferrothorn|Ferrothorn, M|121\/352
|move|p1a: Sableye|Foul Play|p2a: Ferrothorn
|-damage|p2a: Ferrothorn|49\/352
|-damage|p1a: Sableye|143\/304|[from] ability: Iron Barbs|[of] p2a: Ferrothorn
|
|-heal|p1a: Sableye|162\/304|[from] item: Leftovers
|-heal|p2a: Ferrothorn|71\/352|[from] item: Leftovers
|turn|23
|
|switch|p2a: Talonflame|Talonflame, F|359\/359
|move|p1a: Sableye|Foul Play|p2a: Talonflame
|-damage|p2a: Talonflame|242\/359
|
|-heal|p2a: Talonflame|264\/359|[from] item: Leftovers
|-heal|p1a: Sableye|181\/304|[from] item: Leftovers
|turn|24
|
|move|p1a: Sableye|Recover|p1a: Sableye
|-heal|p1a: Sableye|304\/304
|move|p2a: Talonflame|Taunt|p1a: Sableye
|-start|p1a: Sableye|move: Taunt
|
|-heal|p2a: Talonflame|286\/359|[from] item: Leftovers
|turn|25
|
|switch|p1a: Zapdos|Zapdos|312\/384
|-damage|p1a: Zapdos|216\/384|[from] Stealth Rock
|-ability|p1a: Zapdos|Pressure
|move|p2a: Talonflame|Bulk Up|p2a: Talonflame
|-boost|p2a: Talonflame|atk|1
|-boost|p2a: Talonflame|def|1
|
|-heal|p2a: Talonflame|308\/359|[from] item: Leftovers
|-heal|p1a: Zapdos|240\/384|[from] item: Leftovers
|turn|26
|
|switch|p2a: Landorus-Therian|Landorus-Therian, M|382\/382
|-ability|p2a: Landorus-Therian|Intimidate|[of] p1a: Zapdos
|-unboost|p1a: Zapdos|atk|1
|move|p1a: Zapdos|Discharge|p2a: Landorus-Therian
|-immune|p2a: Landorus-Therian|[msg]
|
|-heal|p1a: Zapdos|264\/384|[from] item: Leftovers
|turn|27
|c|âu got slowbro'ed|if i kill here talon wins oo
|
|move|p1a: Zapdos|Defog|p2a: Landorus-Therian
|-unboost|p2a: Landorus-Therian|evasion|1
|-sideend|p1: d.d. survivor|Stealth Rock|[from] move: Defog|[of] p1a: Zapdos
|move|p2a: Landorus-Therian|Stone Edge|p1a: Zapdos
|-supereffective|p1a: Zapdos
|-damage|p1a: Zapdos|10\/384
|
|-heal|p1a: Zapdos|34\/384|[from] item: Leftovers
|turn|28
|
|move|p1a: Zapdos|Toxic|p2a: Landorus-Therian
|-status|p2a: Landorus-Therian|tox
|move|p2a: Landorus-Therian|Stealth Rock|p1a: Zapdos
|-sidestart|p1: d.d. survivor|move: Stealth Rock
|
|-heal|p1a: Zapdos|58\/384|[from] item: Leftovers
|-damage|p2a: Landorus-Therian|359\/382 tox|[from] psn
|turn|29
|
|move|p1a: Zapdos|Defog|p2a: Landorus-Therian
|-unboost|p2a: Landorus-Therian|evasion|1
|-sideend|p1: d.d. survivor|Stealth Rock|[from] move: Defog|[of] p1a: Zapdos
|move|p2a: Landorus-Therian|Stone Edge|p1a: Zapdos
|-crit|p1a: Zapdos
|-supereffective|p1a: Zapdos
|-damage|p1a: Zapdos|0 fnt
|faint|p1a: Zapdos
|
|-heal|p2a: Landorus-Therian|382\/382 tox|[from] item: Leftovers
|-damage|p2a: Landorus-Therian|336\/382 tox|[from] psn
|
|switch|p1a: Sableye|Sableye, F|304\/304
|turn|30
|
|move|p1a: Sableye|Taunt|p2a: Landorus-Therian
|-start|p2a: Landorus-Therian|move: Taunt
|move|p2a: Landorus-Therian|U-turn|p1a: Sableye
|-damage|p1a: Sableye|240\/304
|
|switch|p2a: Rotom-Wash|Rotom-Wash|216\/303 brn
|
|-heal|p2a: Rotom-Wash|234\/303 brn|[from] item: Leftovers
|-heal|p1a: Sableye|259\/304|[from] item: Leftovers
|-damage|p2a: Rotom-Wash|197\/303 brn|[from] brn
|turn|31
|leave|u got slowbro'ed
|player|p2
|-message|ugotslowbroed lost due to inactivity.
|
|win|d.d. survivor
|raw|Ladder updating...
|raw|d.d. survivor's rating: 1578 &rarr; <strong>1598<\/strong><br \/>(+20 for winning)
|raw|u got slowbro&apos;ed's rating: 1589 &rarr; <strong>1568<\/strong><br \/>(-21 for losing)
|leave|d.d. survivor
|player|p1