|join|d.d. survivor
|join|Alvok
|player|p1|d.d. survivor|78
|player|p2|Alvok|256
|gametype|singles
|gen|6
|tier|OU
|rated
|clearpoke
|poke|p1|Garchomp, M
|poke|p1|Latios, M
|poke|p1|Pinsir, M
|poke|p1|Diggersby, M
|poke|p1|Azumarill, F
|poke|p1|Magnezone
|poke|p2|Ludicolo, M, shiny
|poke|p2|Politoed, F
|poke|p2|Kingdra, M
|poke|p2|Tornadus-Therian, M
|poke|p2|Swampert, M
|poke|p2|Skarmory, F
|rule|Swagger Clause: Swagger is banned
|rule|Baton Pass Clause: Limit one PokÃ©mon knowing Baton Pass
|rule|Sleep Clause Mod: Limit one foe put to sleep
|rule|Species Clause: Limit one of each PokÃ©mon
|rule|OHKO Clause: OHKO moves are banned
|rule|Moody Clause: Moody is banned
|rule|Evasion Moves Clause: Evasion moves are banned
|rule|Endless Battle Clause: Forcing endless battles is banned
|rule|HP Percentage Mod: HP is shown in percentages
|teampreview
|c|âAlvok|wow the italian offense
|
|start
|switch|p1a: Magnezone|Magnezone|281\/281
|switch|p2a: Skarmory|Skarmory, F|334\/334
|turn|1
|
|move|p1a: Magnezone|Thunderbolt|p2a: Skarmory
|-supereffective|p2a: Skarmory
|-activate|p2a: Skarmory|Sturdy
|-damage|p2a: Skarmory|1\/334
|move|p2a: Skarmory|Stealth Rock|p1a: Magnezone
|-sidestart|p1: d.d. survivor|move: Stealth Rock
|
|turn|2
|
|move|p1a: Magnezone|Thunderbolt|p2a: Skarmory
|-supereffective|p2a: Skarmory
|-damage|p2a: Skarmory|0 fnt
|faint|p2a: Skarmory
|
|
|switch|p2a: Swampert|Swampert, M|342\/342
|turn|3
|
|switch|p2a: Tornadus-Therian|Tornadus-Therian, M|334\/334
|switch|p1a: Diggersby|Diggersby, M|311\/311
|-damage|p1a: Diggersby|292\/311|[from] Stealth Rock
|
|turn|4
|
|move|p2a: Tornadus-Therian|Focus Blast|p1a: Diggersby
|-supereffective|p1a: Diggersby
|-damage|p1a: Diggersby|16\/311
|move|p1a: Diggersby|Return|p2a: Tornadus-Therian
|-damage|p2a: Tornadus-Therian|0 fnt
|-damage|p1a: Diggersby|0 fnt|[from] item: Life Orb
|faint|p2a: Tornadus-Therian
|faint|p1a: Diggersby
|
|
|switch|p1a: Latios|Latios, M|301\/301
|switch|p2a: Politoed|Politoed, F|384\/384
|-damage|p1a: Latios|264\/301|[from] Stealth Rock
|-weather|RainDance
|turn|5
|
|move|p1a: Latios|Psychic|p2a: Politoed
|-damage|p2a: Politoed|193\/384
|-unboost|p2a: Politoed|spd|1
|-damage|p1a: Latios|234\/301|[from] item: Life Orb
|move|p2a: Politoed|Encore|p1a: Latios
|-start|p1a: Latios|Encore
|
|-weather|RainDance|[upkeep]
|turn|6
|
|switch|p2a: Kingdra|Kingdra, M|297\/297
|move|p1a: Latios|Psychic|p2a: Kingdra
|-crit|p2a: Kingdra
|-damage|p2a: Kingdra|0 fnt
|-damage|p1a: Latios|204\/301|[from] item: Life Orb
|faint|p2a: Kingdra
|
|-weather|RainDance|[upkeep]
|c|âAlvok|are
|c|âAlvok|you serious
|
|switch|p2a: Ludicolo|Ludicolo, M, shiny|309\/309
|turn|7
|
|move|p2a: Ludicolo|Ice Beam|p1a: Latios
|-supereffective|p1a: Latios
|-damage|p1a: Latios|0 fnt
|-damage|p2a: Ludicolo|279\/309|[from] item: Life Orb
|faint|p1a: Latios
|
|-weather|RainDance|[upkeep]
|
|switch|p1a: Magnezone|Magnezone|281\/281
|-damage|p1a: Magnezone|264\/281|[from] Stealth Rock
|turn|8
|
|move|p2a: Ludicolo|Hydro Pump|p1a: Magnezone|[miss]
|-miss|p2a: Ludicolo|p1a: Magnezone
|move|p1a: Magnezone|Thunderbolt|p2a: Ludicolo
|-damage|p2a: Ludicolo|26\/309
|
|-weather|RainDance|[upkeep]
|turn|9
|c|âAlvok|....
|
|move|p2a: Ludicolo|Hydro Pump|p1a: Magnezone
|-crit|p1a: Magnezone
|-damage|p1a: Magnezone|0 fnt
|-damage|p2a: Ludicolo|0 fnt|[from] item: Life Orb
|faint|p1a: Magnezone
|faint|p2a: Ludicolo
|
|-weather|RainDance|[upkeep]
|c|âAlvok|my wincon
|c|âAlvok|gone just like that
|
|switch|p2a: Swampert|Swampert, M|342\/342
|switch|p1a: Azumarill|Azumarill, F|361\/361
|-damage|p1a: Azumarill|316\/361|[from] Stealth Rock
|turn|10
|
|detailschange|p2a: Swampert|Swampert-Mega, M
|message|Swampert has Mega Evolved into Mega Swampert!
|move|p2a: Swampert|Earthquake|p1a: Azumarill
|-damage|p1a: Azumarill|96\/361
|move|p1a: Azumarill|Aqua Tail|p2a: Swampert
|-damage|p2a: Swampert|0 fnt
|faint|p2a: Swampert
|
|-weather|RainDance|[upkeep]
|
|switch|p2a: Politoed|Politoed, F|193\/384
|turn|11
|-message|Alvok forfeited.
|
|win|d.d. survivor
|raw|Ladder updating...
|leave|Alvok
|player|p2
|raw|d.d. survivor's rating: 1403 &rarr; <strong>1421<\/strong><br \/>(+18 for winning)
|raw|Alvok's rating: 1356 &rarr; <strong>1339<\/strong><br \/>(-17 for losing)