|join|d.d. survivor
|join|rnt3207
|player|p1|d.d. survivor|30
|player|p2|rnt3207|265
|gametype|singles
|gen|6
|tier|OU
|clearpoke
|poke|p1|Espeon, M
|poke|p1|Scolipede, F
|poke|p1|Zapdos
|poke|p1|Sylveon, M
|poke|p1|Mew, shiny
|poke|p1|Vaporeon, M
|poke|p2|Charizard, M
|poke|p2|Mienshao, M
|poke|p2|Electivire, M
|poke|p2|Cloyster, F
|poke|p2|Meowstic, M
|poke|p2|Tentacruel, M
|rule|Sleep Clause Mod: Limit one foe put to sleep
|rule|Species Clause: Limit one of each Pokemon
|rule|OHKO Clause: OHKO moves are banned
|rule|Moody Clause: Moody is banned
|rule|Evasion Moves Clause: Evasion moves are banned
|rule|Endless Battle Clause: Forcing endless battles is banned.
|rule|HP Percentage Mod: HP is reported as percentages
|teampreview
|
|start
|switch|p1a: Scolipede|Scolipede, F|316\/316
|switch|p2a: Meowstic|Meowstic, M|290\/290
|turn|1
|
|move|p2a: Meowstic|Calm Mind|p2a: Meowstic
|-boost|p2a: Meowstic|spa|1
|-boost|p2a: Meowstic|spd|1
|move|p1a: Scolipede|Substitute|p1a: Scolipede
|-start|p1a: Scolipede|Substitute
|-damage|p1a: Scolipede|237\/316
|
|-boost|p1a: Scolipede|spe|1|[from] ability: Speed Boost
|turn|2
|
|move|p1a: Scolipede|Baton Pass|p1a: Scolipede
|
|switch|p1a: Mew|Mew, shiny|384\/384
|move|p2a: Meowstic|Psyshock|p1a: Mew
|-resisted|p1a: Mew
|-activate|p1a: Mew|Substitute|[damage]
|
|turn|3
|
|move|p1a: Mew|Amnesia|p1a: Mew
|-boost|p1a: Mew|spd|2
|move|p2a: Meowstic|Psyshock|p1a: Mew
|-resisted|p1a: Mew
|-end|p1a: Mew|Substitute
|
|turn|4
|
|move|p2a: Meowstic|Thunder Wave|p1a: Mew
|-status|p1a: Mew|par
|-status|p2a: Meowstic|par
|move|p1a: Mew|Substitute|p1a: Mew
|-start|p1a: Mew|Substitute
|-damage|p1a: Mew|288\/384 par
|
|-heal|p1a: Mew|312\/384 par|[from] item: Leftovers
|turn|5
|
|switch|p2a: Cloyster|Cloyster, F|242\/242
|move|p1a: Mew|Amnesia|p1a: Mew
|-boost|p1a: Mew|spd|2
|
|-heal|p1a: Mew|336\/384 par|[from] item: Leftovers
|turn|6
|
|move|p2a: Cloyster|Shell Smash|p2a: Cloyster
|-boost|p2a: Cloyster|atk|2
|-boost|p2a: Cloyster|spa|2
|-boost|p2a: Cloyster|spe|2
|-unboost|p2a: Cloyster|def|1
|-unboost|p2a: Cloyster|spd|1
|cant|p1a: Mew|par
|
|-heal|p1a: Mew|360\/384 par|[from] item: Leftovers
|turn|7
|
|move|p2a: Cloyster|Icicle Spear|p1a: Mew
|-activate|p1a: Mew|Substitute|[damage]
|-end|p1a: Mew|Substitute
|-damage|p1a: Mew|279\/384 par
|-damage|p1a: Mew|206\/384 par
|-damage|p1a: Mew|130\/384 par
|-hitcount|p1a: Mew|5
|move|p1a: Mew|Baton Pass|p1a: Mew
|
|switch|p1a: Vaporeon|Vaporeon, M|448\/448
|
|turn|8
|
|move|p2a: Cloyster|Rock Blast|p1a: Vaporeon|[miss]
|-miss|p2a: Cloyster|p1a: Vaporeon
|move|p1a: Vaporeon|Roar|p2a: Cloyster
|drag|p2a: Tentacruel|Tentacruel, M|364\/364
|
|turn|9
|
|move|p1a: Vaporeon|Acid Armor|p1a: Vaporeon
|-boost|p1a: Vaporeon|def|2
|move|p2a: Tentacruel|Toxic Spikes|p1a: Vaporeon
|-sidestart|p1: d.d. survivor|move: Toxic Spikes
|
|turn|10
|
|move|p1a: Vaporeon|Substitute|p1a: Vaporeon
|-start|p1a: Vaporeon|Substitute
|-damage|p1a: Vaporeon|336\/448
|move|p2a: Tentacruel|Sludge Bomb|p1a: Vaporeon
|-crit|p1a: Vaporeon
|-end|p1a: Vaporeon|Substitute
|
|-heal|p1a: Vaporeon|364\/448|[from] item: Leftovers
|turn|11
|
|move|p1a: Vaporeon|Substitute|p1a: Vaporeon
|-start|p1a: Vaporeon|Substitute
|-damage|p1a: Vaporeon|252\/448
|move|p2a: Tentacruel|Sludge Bomb|p1a: Vaporeon
|-activate|p1a: Vaporeon|Substitute|[damage]
|
|-heal|p1a: Vaporeon|280\/448|[from] item: Leftovers
|turn|12
|
|move|p1a: Vaporeon|Acid Armor|p1a: Vaporeon
|-boost|p1a: Vaporeon|def|2
|move|p2a: Tentacruel|Sludge Bomb|p1a: Vaporeon
|-activate|p1a: Vaporeon|Substitute|[damage]
|
|-heal|p1a: Vaporeon|308\/448|[from] item: Leftovers
|turn|13
|
|switch|p2a: Cloyster|Cloyster, F|242\/242
|move|p1a: Vaporeon|Acid Armor|p1a: Vaporeon
|-boost|p1a: Vaporeon|def|2
|
|-heal|p1a: Vaporeon|336\/448|[from] item: Leftovers
|turn|14
|
|move|p2a: Cloyster|Shell Smash|p2a: Cloyster
|-boost|p2a: Cloyster|atk|2
|-boost|p2a: Cloyster|spa|2
|-boost|p2a: Cloyster|spe|2
|-unboost|p2a: Cloyster|def|1
|-unboost|p2a: Cloyster|spd|1
|move|p1a: Vaporeon|Roar|p2a: Cloyster
|drag|p2a: Charizard|Charizard, M|298\/298
|
|-heal|p1a: Vaporeon|364\/448|[from] item: Leftovers
|turn|15
|
|-formechange|p2a: Charizard|Charizard-Mega-Y
|message|Charizard has Mega Evolved into Mega Charizard!
|-weather|SunnyDay
|move|p2a: Charizard|Solar Beam|p1a: Vaporeon|[still]
|-prepare|p2a: Charizard|Solar Beam|p1a: Vaporeon
|-anim|p2a: Charizard|Solar Beam|p1a: Vaporeon
|-supereffective|p1a: Vaporeon
|-end|p1a: Vaporeon|Substitute
|move|p1a: Vaporeon|Baton Pass|p1a: Vaporeon
|
|switch|p1a: Scolipede|Scolipede, F|237\/316
|-sideend|p1: d.d. survivor|move: Toxic Spikes|[of] p1a: Scolipede
|
|-weather|SunnyDay|[upkeep]
|turn|16
|
|move|p1a: Scolipede|Protect|p1a: Scolipede
|-singleturn|p1a: Scolipede|Protect
|move|p2a: Charizard|Flamethrower|p1a: Scolipede
|-activate|p1a: Scolipede|Protect
|
|-weather|SunnyDay|[upkeep]
|-boost|p1a: Scolipede|spe|1|[from] ability: Speed Boost
|turn|17
|
|move|p1a: Scolipede|Substitute|p1a: Scolipede
|-start|p1a: Scolipede|Substitute
|-damage|p1a: Scolipede|158\/316
|move|p2a: Charizard|Flamethrower|p1a: Scolipede
|-supereffective|p1a: Scolipede
|-end|p1a: Scolipede|Substitute
|
|-weather|SunnyDay|[upkeep]
|-boost|p1a: Scolipede|spe|1|[from] ability: Speed Boost
|turn|18
|
|move|p1a: Scolipede|Protect|p1a: Scolipede
|-singleturn|p1a: Scolipede|Protect
|move|p2a: Charizard|Flamethrower|p1a: Scolipede
|-activate|p1a: Scolipede|Protect
|
|-weather|SunnyDay|[upkeep]
|-boost|p1a: Scolipede|spe|1|[from] ability: Speed Boost
|turn|19
|
|move|p1a: Scolipede|Substitute|p1a: Scolipede
|-start|p1a: Scolipede|Substitute
|-damage|p1a: Scolipede|79\/316
|move|p2a: Charizard|Flamethrower|p1a: Scolipede
|-supereffective|p1a: Scolipede
|-end|p1a: Scolipede|Substitute
|
|-weather|none
|-boost|p1a: Scolipede|spe|1|[from] ability: Speed Boost
|turn|20
|
|switch|p2a: Meowstic|Meowstic, M|290\/290 par
|move|p1a: Scolipede|Baton Pass|p1a: Scolipede
|
|switch|p1a: Espeon|Espeon, M|321\/321
|
|turn|21
|
|switch|p2a: Cloyster|Cloyster, F|242\/242
|move|p1a: Espeon|Calm Mind|p1a: Espeon
|-boost|p1a: Espeon|spa|1
|-boost|p1a: Espeon|spd|1
|
|turn|22
|
|move|p1a: Espeon|Stored Power|p2a: Cloyster
|-enditem|p2a: Cloyster|Focus Sash
|-damage|p2a: Cloyster|1\/242
|move|p2a: Cloyster|Icicle Spear|p1a: Espeon
|-damage|p1a: Espeon|311\/321
|-damage|p1a: Espeon|299\/321
|-damage|p1a: Espeon|287\/321
|-damage|p1a: Espeon|275\/321
|-damage|p1a: Espeon|263\/321
|-hitcount|p1a: Espeon|5
|
|-heal|p1a: Espeon|283\/321|[from] item: Leftovers
|turn|23
|
|move|p2a: Cloyster|Ice Shard|p1a: Espeon
|-damage|p1a: Espeon|267\/321
|move|p1a: Espeon|Stored Power|p2a: Cloyster
|-damage|p2a: Cloyster|0 fnt
|faint|p2a: Cloyster
|
|-heal|p1a: Espeon|287\/321|[from] item: Leftovers
|
|switch|p2a: Mienshao|Mienshao, M|271\/271
|turn|24
|
|move|p2a: Mienshao|Fake Out|p1a: Espeon
|-damage|p1a: Espeon|271\/321
|-damage|p2a: Mienshao|244\/271|[from] item: Life Orb
|cant|p1a: Espeon|flinch
|
|-heal|p1a: Espeon|291\/321|[from] item: Leftovers
|turn|25
|
|move|p1a: Espeon|Stored Power|p2a: Mienshao
|-supereffective|p2a: Mienshao
|-damage|p2a: Mienshao|0 fnt
|faint|p2a: Mienshao
|
|-heal|p1a: Espeon|311\/321|[from] item: Leftovers
|
|switch|p2a: Charizard|Charizard, M|298\/298
|-formechange|p2a: Charizard|Charizard-Mega-Y
|-weather|SunnyDay
|turn|26
|
|move|p1a: Espeon|Stored Power|p2a: Charizard
|-damage|p2a: Charizard|0 fnt
|faint|p2a: Charizard
|
|-weather|SunnyDay|[upkeep]
|-heal|p1a: Espeon|321\/321|[from] item: Leftovers
|
|switch|p2a: Meowstic|Meowstic, M|290\/290 par
|turn|27
|
|move|p2a: Meowstic|Swagger|p1a: Espeon
|move|p1a: Espeon|Swagger|p2a: Meowstic|[from]Magic Bounce
|-boost|p2a: Meowstic|atk|2
|-start|p2a: Meowstic|confusion
|move|p1a: Espeon|Stored Power|p2a: Meowstic
|-resisted|p2a: Meowstic
|-damage|p2a: Meowstic|0 fnt
|faint|p2a: Meowstic
|
|-weather|SunnyDay|[upkeep]
|
|switch|p2a: Tentacruel|Tentacruel, M|364\/364
|turn|28
|
|move|p1a: Espeon|Stored Power|p2a: Tentacruel
|-crit|p2a: Tentacruel
|-supereffective|p2a: Tentacruel
|-damage|p2a: Tentacruel|0 fnt
|faint|p2a: Tentacruel
|
|-weather|SunnyDay|[upkeep]
|
|switch|p2a: Electivire|Electivire, M|292\/292
|-item|p2a: Electivire|Air Balloon
|turn|29
|
|move|p1a: Espeon|Stored Power|p2a: Electivire
|-damage|p2a: Electivire|0 fnt
|-enditem|p2a: Electivire|Air Balloon
|faint|p2a: Electivire
|
|win|d.d. survivor
|leave|rnt3207
|player|p2