|join|TimeWeasel
|join|d.d. survivor
|player|p1|TimeWeasel|2
|player|p2|d.d. survivor|78
|gametype|singles
|gen|6
|tier|OU
|rated
|clearpoke
|poke|p1|Beedrill, F
|poke|p1|Rotom-Wash
|poke|p1|Landorus-Therian, M
|poke|p1|Greninja, F
|poke|p1|Mew
|poke|p1|Heatran, F
|poke|p2|Garchomp, M
|poke|p2|Latios, M
|poke|p2|Pinsir, M
|poke|p2|Diggersby, F
|poke|p2|Azumarill, F
|poke|p2|Magnezone
|rule|Swagger Clause: Swagger is banned
|rule|Baton Pass Clause: Limit one PokÃ©mon knowing Baton Pass
|rule|Sleep Clause Mod: Limit one foe put to sleep
|rule|Species Clause: Limit one of each PokÃ©mon
|rule|OHKO Clause: OHKO moves are banned
|rule|Moody Clause: Moody is banned
|rule|Evasion Moves Clause: Evasion moves are banned
|rule|Endless Battle Clause: Forcing endless battles is banned
|rule|HP Percentage Mod: HP is shown in percentages
|teampreview
|c|âTimeWeasel|hi mpo
|c|âTimeWeasel|lol?
|
|start
|switch|p1a: Landorus-Therian|Landorus-Therian, M|320\/320
|switch|p2a: Garchomp|Garchomp, M|357\/357
|-ability|p1a: Landorus-Therian|Intimidate|[of] p2a: Garchomp
|-unboost|p2a: Garchomp|atk|1
|turn|1
|
|move|p1a: Landorus-Therian|Earthquake|p2a: Garchomp
|-damage|p2a: Garchomp|128\/357
|move|p2a: Garchomp|Stealth Rock|p1a: Landorus-Therian
|-sidestart|p1: TimeWeasel|move: Stealth Rock
|
|turn|2
|
|switch|p2a: Latios|Latios, M|301\/301
|move|p1a: Landorus-Therian|Earthquake|p2a: Latios
|-immune|p2a: Latios|[msg]
|
|turn|3
|c|âTimeWeasel|lol?
|
|switch|p1a: Heatran|Heatran, F|386\/386
|-damage|p1a: Heatran|338\/386|[from] Stealth Rock
|move|p2a: Latios|Draco Meteor|p1a: Heatran|[miss]
|-miss|p2a: Latios|p1a: Heatran
|
|-heal|p1a: Heatran|362\/386|[from] item: Leftovers
|turn|4
|
|move|p2a: Latios|Earthquake|p1a: Heatran
|-crit|p1a: Heatran
|-supereffective|p1a: Heatran
|-damage|p1a: Heatran|0 fnt
|-damage|p2a: Latios|271\/301|[from] item: Life Orb
|faint|p1a: Heatran
|
|
|switch|p1a: Mew|Mew|404\/404
|-damage|p1a: Mew|354\/404|[from] Stealth Rock
|turn|5
|
|move|p2a: Latios|Draco Meteor|p1a: Mew
|-damage|p1a: Mew|147\/404
|-unboost|p2a: Latios|spa|2
|-damage|p2a: Latios|241\/301|[from] item: Life Orb
|move|p1a: Mew|Defog|p2a: Latios
|-unboost|p2a: Latios|evasion|1
|-sideend|p1: TimeWeasel|Stealth Rock|[from] move: Defog|[of] p1a: Mew
|
|-heal|p1a: Mew|172\/404|[from] item: Leftovers
|turn|6
|
|switch|p2a: Garchomp|Garchomp, M|128\/357
|move|p1a: Mew|Roost|p1a: Mew
|-heal|p1a: Mew|374\/404
|
|-heal|p1a: Mew|399\/404|[from] item: Leftovers
|turn|7
|
|move|p2a: Garchomp|Swords Dance|p2a: Garchomp
|-boost|p2a: Garchomp|atk|2
|move|p1a: Mew|Will-O-Wisp|p2a: Garchomp
|-status|p2a: Garchomp|brn
|-enditem|p2a: Garchomp|Lum Berry|[eat]
|-curestatus|p2a: Garchomp|brn
|
|-heal|p1a: Mew|404\/404|[from] item: Leftovers
|turn|8
|
|move|p2a: Garchomp|Outrage|p1a: Mew
|-damage|p1a: Mew|4\/404
|move|p1a: Mew|Will-O-Wisp|p2a: Garchomp
|-status|p2a: Garchomp|brn
|
|-heal|p1a: Mew|29\/404|[from] item: Leftovers
|-damage|p2a: Garchomp|84\/357 brn|[from] brn
|turn|9
|
|move|p2a: Garchomp|Outrage|p1a: Mew
|-damage|p1a: Mew|0 fnt
|faint|p1a: Mew
|
|-end|p2a: Garchomp|rampage
|-start|p2a: Garchomp|confusion
|-damage|p2a: Garchomp|40\/357 brn|[from] brn
|
|switch|p1a: Beedrill|Beedrill, F|272\/272
|turn|10
|
|detailschange|p1a: Beedrill|Beedrill-Mega, F
|message|Beedrill has Mega Evolved into Mega Beedrill!
|-activate|p2a: Garchomp|confusion
|-damage|p2a: Garchomp|0 fnt|[from] confusion
|faint|p2a: Garchomp
|move|p1a: Beedrill|U-turn|p2: Garchomp|[notarget]
|-notarget
|
|
|switch|p2a: Diggersby|Diggersby, F|311\/311
|turn|11
|
|switch|p1a: Landorus-Therian|Landorus-Therian, M|320\/320
|-ability|p1a: Landorus-Therian|Intimidate|[of] p2a: Diggersby
|-unboost|p2a: Diggersby|atk|1
|move|p2a: Diggersby|Quick Attack|p1a: Landorus-Therian
|-damage|p1a: Landorus-Therian|225\/320
|-damage|p2a: Diggersby|280\/311|[from] item: Life Orb
|
|turn|12
|
|move|p1a: Landorus-Therian|U-turn|p2a: Diggersby
|-damage|p2a: Diggersby|147\/311
|
|switch|p1a: Rotom-Wash|Rotom-Wash|304\/304
|move|p2a: Diggersby|Return|p1a: Rotom-Wash
|-damage|p1a: Rotom-Wash|108\/304
|-damage|p2a: Diggersby|116\/311|[from] item: Life Orb
|
|-heal|p1a: Rotom-Wash|127\/304|[from] item: Leftovers
|turn|13
|
|switch|p1a: Landorus-Therian|Landorus-Therian, M|225\/320
|-ability|p1a: Landorus-Therian|Intimidate|[of] p2a: Diggersby
|-unboost|p2a: Diggersby|atk|1
|move|p2a: Diggersby|Return|p1a: Landorus-Therian
|-damage|p1a: Landorus-Therian|60\/320
|-damage|p2a: Diggersby|85\/311|[from] item: Life Orb
|
|turn|14
|
|switch|p2a: Magnezone|Magnezone|281\/281
|move|p1a: Landorus-Therian|U-turn|p2a: Magnezone
|-resisted|p2a: Magnezone
|-damage|p2a: Magnezone|240\/281
|
|switch|p1a: Beedrill|Beedrill-Mega, F|272\/272
|
|turn|15
|
|move|p1a: Beedrill|Drill Run|p2a: Magnezone
|-supereffective|p2a: Magnezone
|-damage|p2a: Magnezone|0 fnt
|faint|p2a: Magnezone
|
|
|switch|p2a: Azumarill|Azumarill, F|361\/361
|turn|16
|
|move|p2a: Azumarill|Aqua Jet|p1a: Beedrill
|-crit|p1a: Beedrill
|-damage|p1a: Beedrill|0 fnt
|faint|p1a: Beedrill
|
|c|âTimeWeasel|haaaaaaaaaaaasx
|
|switch|p1a: Rotom-Wash|Rotom-Wash|127\/304
|turn|17
|
|switch|p2a: Latios|Latios, M|241\/301
|move|p1a: Rotom-Wash|Will-O-Wisp|p2a: Latios
|-status|p2a: Latios|brn
|
|-heal|p1a: Rotom-Wash|146\/304|[from] item: Leftovers
|-damage|p2a: Latios|204\/301 brn|[from] brn
|turn|18
|
|switch|p1a: Landorus-Therian|Landorus-Therian, M|60\/320
|-ability|p1a: Landorus-Therian|Intimidate|[of] p2a: Latios
|-unboost|p2a: Latios|atk|1
|move|p2a: Latios|Draco Meteor|p1a: Landorus-Therian
|-damage|p1a: Landorus-Therian|0 fnt
|-unboost|p2a: Latios|spa|2
|-damage|p2a: Latios|174\/301 brn|[from] item: Life Orb
|faint|p1a: Landorus-Therian
|
|-damage|p2a: Latios|137\/301 brn|[from] brn
|
|switch|p1a: Greninja|Greninja, F|285\/285
|turn|19
|
|switch|p2a: Azumarill|Azumarill, F|361\/361
|move|p1a: Greninja|U-turn|p2a: Azumarill
|-start|p1a: Greninja|typechange|Bug|[from] Protean
|-resisted|p2a: Azumarill
|-damage|p2a: Azumarill|319\/361
|
|switch|p1a: Rotom-Wash|Rotom-Wash|146\/304
|
|-heal|p1a: Rotom-Wash|165\/304|[from] item: Leftovers
|turn|20
|
|move|p1a: Rotom-Wash|Will-O-Wisp|p2a: Azumarill
|-status|p2a: Azumarill|brn
|move|p2a: Azumarill|Play Rough|p1a: Rotom-Wash
|-damage|p1a: Rotom-Wash|30\/304
|-unboost|p1a: Rotom-Wash|atk|1
|
|-heal|p1a: Rotom-Wash|49\/304|[from] item: Leftovers
|-damage|p2a: Azumarill|274\/361 brn|[from] brn
|turn|21
|
|switch|p2a: Latios|Latios, M|137\/301 brn
|move|p1a: Rotom-Wash|Pain Split|p2a: Latios
|-sethp|p2a: Latios|93\/301 brn|p1a: Rotom-Wash|93\/304|[from] move: Pain Split
|
|-heal|p1a: Rotom-Wash|112\/304|[from] item: Leftovers
|-damage|p2a: Latios|56\/301 brn|[from] brn
|turn|22
|
|move|p2a: Latios|Draco Meteor|p1a: Rotom-Wash|[miss]
|-miss|p2a: Latios|p1a: Rotom-Wash
|move|p1a: Rotom-Wash|Hydro Pump|p2a: Latios|[miss]
|-miss|p1a: Rotom-Wash|p2a: Latios
|
|-heal|p1a: Rotom-Wash|131\/304|[from] item: Leftovers
|-damage|p2a: Latios|19\/301 brn|[from] brn
|turn|23
|
|move|p2a: Latios|Draco Meteor|p1a: Rotom-Wash
|-damage|p1a: Rotom-Wash|0 fnt
|-unboost|p2a: Latios|spa|2
|-damage|p2a: Latios|0 fnt|[from] item: Life Orb
|faint|p1a: Rotom-Wash
|faint|p2a: Latios
|
|c|âTimeWeasel|haaaaaaaaaaaasx
|
|switch|p1a: Greninja|Greninja, F|285\/285
|switch|p2a: Azumarill|Azumarill, F|274\/361 brn
|turn|24
|
|move|p1a: Greninja|Ice Beam|p2a: Azumarill
|-start|p1a: Greninja|typechange|Ice|[from] Protean
|-resisted|p2a: Azumarill
|-damage|p2a: Azumarill|184\/361 brn
|move|p2a: Azumarill|Play Rough|p1a: Greninja|[miss]
|-miss|p2a: Azumarill|p1a: Greninja
|
|-damage|p2a: Azumarill|139\/361 brn|[from] brn
|turn|25
|
|move|p1a: Greninja|Ice Beam|p2a: Azumarill
|-resisted|p2a: Azumarill
|-damage|p2a: Azumarill|49\/361 brn
|move|p2a: Azumarill|Play Rough|p1a: Greninja
|-damage|p1a: Greninja|78\/285
|
|-damage|p2a: Azumarill|4\/361 brn|[from] brn
|turn|26
|
|move|p1a: Greninja|Ice Beam|p2a: Azumarill
|-resisted|p2a: Azumarill
|-damage|p2a: Azumarill|0 fnt
|faint|p2a: Azumarill
|
|
|switch|p2a: Diggersby|Diggersby, F|85\/311
|turn|27
|
|move|p2a: Diggersby|Quick Attack|p1a: Greninja
|-damage|p1a: Greninja|0 fnt
|-damage|p2a: Diggersby|54\/311|[from] item: Life Orb
|faint|p1a: Greninja
|
|win|d.d. survivor
|raw|Ladder updating...
|raw|TimeWeasel's rating: 1439 &rarr; <strong>1417<\/strong><br \/>(-22 for losing)
|raw|d.d. survivor's rating: 1421 &rarr; <strong>1442<\/strong><br \/>(+21 for winning)
|leave|TimeWeasel
|player|p1