|join|J. Marshall
|join|d.d. survivor
|player|p1|J. Marshall|168
|player|p2|d.d. survivor|1
|gametype|singles
|gen|6
|tier|OU
|rated
|clearpoke
|poke|p1|Talonflame, F
|poke|p1|Amoonguss, F
|poke|p1|Gardevoir, M
|poke|p1|Rotom-Wash
|poke|p1|Excadrill, M
|poke|p1|Tyranitar, M
|poke|p2|Terrakion
|poke|p2|Keldeo-Resolute
|poke|p2|Garchomp, M
|poke|p2|Clefable, M
|poke|p2|Venusaur, M
|poke|p2|Heatran, F
|rule|Swagger Clause: Swagger is banned
|rule|Baton Pass Clause: Limit one PokÃ©mon knowing Baton Pass
|rule|Sleep Clause Mod: Limit one foe put to sleep
|rule|Species Clause: Limit one of each PokÃ©mon
|rule|OHKO Clause: OHKO moves are banned
|rule|Moody Clause: Moody is banned
|rule|Evasion Moves Clause: Evasion moves are banned
|rule|Endless Battle Clause: Forcing endless battles is banned
|rule|HP Percentage Mod: HP is reported as percentages
|teampreview
|
|start
|switch|p1a: Rotom-Wash|Rotom-Wash|304\/304
|switch|p2a: Terrakion|Terrakion|323\/323
|turn|1
|
|move|p2a: Terrakion|Close Combat|p1a: Rotom-Wash
|-damage|p1a: Rotom-Wash|119\/304
|-unboost|p2a: Terrakion|def|1
|-unboost|p2a: Terrakion|spd|1
|-damage|p2a: Terrakion|291\/323|[from] item: Life Orb
|move|p1a: Rotom-Wash|Hydro Pump|p2a: Terrakion|[miss]
|-miss|p1a: Rotom-Wash|p2a: Terrakion
|
|-heal|p1a: Rotom-Wash|138\/304|[from] item: Leftovers
|turn|2
|
|switch|p1a: Amoonguss|Amoonguss, F|432\/432
|move|p2a: Terrakion|Close Combat|p1a: Amoonguss
|-resisted|p1a: Amoonguss
|-damage|p1a: Amoonguss|303\/432
|-unboost|p2a: Terrakion|def|1
|-unboost|p2a: Terrakion|spd|1
|-damage|p2a: Terrakion|259\/323|[from] item: Life Orb
|
|-heal|p1a: Amoonguss|330\/432|[from] item: Black Sludge
|turn|3
|
|switch|p2a: Venusaur|Venusaur, M|360\/360
|switch|p1a: Tyranitar|Tyranitar, M|404\/404
|-weather|Sandstorm
|
|-weather|Sandstorm|[upkeep]
|-damage|p2a: Venusaur|338\/360|[from] sandstorm
|turn|4
|
|detailschange|p2a: Venusaur|Venusaur-Mega, M
|message|Venusaur has Mega Evolved into Mega Venusaur!
|move|p2a: Venusaur|Sleep Powder|p1a: Tyranitar
|-status|p1a: Tyranitar|slp
|-enditem|p1a: Tyranitar|Lum Berry|[eat]
|-curestatus|p1a: Tyranitar|slp|[from] item: Lum Berry
|move|p1a: Tyranitar|Stealth Rock|p2a: Venusaur
|-sidestart|p2: d.d. survivor|move: Stealth Rock
|
|-weather|Sandstorm|[upkeep]
|-damage|p2a: Venusaur|316\/360|[from] sandstorm
|turn|5
|
|switch|p1a: Amoonguss|Amoonguss, F|432\/432
|move|p2a: Venusaur|Giga Drain|p1a: Amoonguss
|-crit|p1a: Amoonguss
|-resisted|p1a: Amoonguss
|-damage|p1a: Amoonguss|386\/432
|-heal|p2a: Venusaur|339\/360|[from] drain|[of] p1a: Amoonguss
|
|-weather|Sandstorm|[upkeep]
|-damage|p2a: Venusaur|317\/360|[from] sandstorm
|-damage|p1a: Amoonguss|359\/432|[from] sandstorm
|-heal|p1a: Amoonguss|386\/432|[from] item: Black Sludge
|turn|6
|
|move|p2a: Venusaur|Sludge Bomb|p1a: Amoonguss
|-crit|p1a: Amoonguss
|-damage|p1a: Amoonguss|142\/432
|move|p1a: Amoonguss|Sludge Bomb|p2a: Venusaur
|-crit|p2a: Venusaur
|-damage|p2a: Venusaur|206\/360
|
|-weather|Sandstorm|[upkeep]
|-damage|p2a: Venusaur|184\/360|[from] sandstorm
|-damage|p1a: Amoonguss|115\/432|[from] sandstorm
|-heal|p1a: Amoonguss|142\/432|[from] item: Black Sludge
|turn|7
|
|switch|p1a: Tyranitar|Tyranitar, M|404\/404
|move|p2a: Venusaur|Giga Drain|p1a: Tyranitar
|-supereffective|p1a: Tyranitar
|-damage|p1a: Tyranitar|312\/404
|-heal|p2a: Venusaur|230\/360|[from] drain|[of] p1a: Tyranitar
|
|-weather|none
|turn|8
|
|switch|p1a: Talonflame|Talonflame, F|297\/297
|move|p2a: Venusaur|Giga Drain|p1a: Talonflame
|-resisted|p1a: Talonflame
|-damage|p1a: Talonflame|263\/297
|-heal|p2a: Venusaur|247\/360|[from] drain|[of] p1a: Talonflame
|
|turn|9
|
|switch|p2a: Heatran|Heatran, F|377\/377
|-damage|p2a: Heatran|330\/377|[from] Stealth Rock
|move|p1a: Talonflame|Brave Bird|p2a: Heatran
|-resisted|p2a: Heatran
|-damage|p2a: Heatran|205\/377
|-damage|p1a: Talonflame|222\/297|[from] recoil|[of] p2a: Heatran
|
|-heal|p2a: Heatran|228\/377|[from] item: Leftovers
|turn|10
|
|move|p1a: Talonflame|Brave Bird|p2a: Heatran
|-resisted|p2a: Heatran
|-damage|p2a: Heatran|103\/377
|-damage|p1a: Talonflame|181\/297|[from] recoil|[of] p2a: Heatran
|move|p2a: Heatran|Stealth Rock|p1a: Talonflame
|-sidestart|p1: J. Marshall|move: Stealth Rock
|
|-heal|p2a: Heatran|126\/377|[from] item: Leftovers
|turn|11
|
|move|p1a: Talonflame|Brave Bird|p2a: Heatran
|-resisted|p2a: Heatran
|-damage|p2a: Heatran|12\/377
|-damage|p1a: Talonflame|143\/297|[from] recoil|[of] p2a: Heatran
|move|p2a: Heatran|Lava Plume|p1a: Talonflame
|-resisted|p1a: Talonflame
|-damage|p1a: Talonflame|62\/297
|
|-heal|p2a: Heatran|35\/377|[from] item: Leftovers
|turn|12
|
|switch|p1a: Gardevoir|Gardevoir, M|278\/278
|-damage|p1a: Gardevoir|244\/278|[from] Stealth Rock
|-ability|p1a: Gardevoir|Flash Fire|[from] ability: Trace|[of] p2a: Heatran
|switch|p2a: Garchomp|Garchomp, M|420\/420
|-damage|p2a: Garchomp|394\/420|[from] Stealth Rock
|
|-heal|p2a: Garchomp|420\/420|[from] item: Leftovers
|turn|13
|
|switch|p1a: Excadrill|Excadrill, M|362\/362
|-damage|p1a: Excadrill|351\/362|[from] Stealth Rock
|-ability|p1a: Excadrill|Mold Breaker
|-item|p1a: Excadrill|Air Balloon
|switch|p2a: Heatran|Heatran, F|35\/377
|-damage|p2a: Heatran|0 fnt|[from] Stealth Rock
|faint|p2a: Heatran
|
|
|switch|p2a: Terrakion|Terrakion|259\/323
|-damage|p2a: Terrakion|239\/323|[from] Stealth Rock
|turn|14
|
|switch|p1a: Amoonguss|Amoonguss, F|286\/432
|-damage|p1a: Amoonguss|232\/432|[from] Stealth Rock
|move|p2a: Terrakion|Close Combat|p1a: Amoonguss
|-resisted|p1a: Amoonguss
|-damage|p1a: Amoonguss|99\/432
|-unboost|p2a: Terrakion|def|1
|-unboost|p2a: Terrakion|spd|1
|-damage|p2a: Terrakion|207\/323|[from] item: Life Orb
|
|-heal|p1a: Amoonguss|126\/432|[from] item: Black Sludge
|turn|15
|
|switch|p1a: Talonflame|Talonflame, F|62\/297
|-damage|p1a: Talonflame|0 fnt|[from] Stealth Rock
|faint|p1a: Talonflame
|move|p2a: Terrakion|Earthquake|p1: Talonflame|[notarget]
|-notarget
|
|
|switch|p1a: Amoonguss|Amoonguss, F|270\/432
|-damage|p1a: Amoonguss|216\/432|[from] Stealth Rock
|turn|16
|
|move|p2a: Terrakion|Stone Edge|p1a: Amoonguss|[miss]
|-miss|p2a: Terrakion|p1a: Amoonguss
|move|p1a: Amoonguss|Giga Drain|p2a: Terrakion
|-crit|p2a: Terrakion
|-supereffective|p2a: Terrakion
|-damage|p2a: Terrakion|0 fnt
|-heal|p1a: Amoonguss|320\/432|[from] drain|[of] p2a: Terrakion
|faint|p2a: Terrakion
|
|-heal|p1a: Amoonguss|347\/432|[from] item: Black Sludge
|
|switch|p2a: Garchomp|Garchomp, M|420\/420
|-damage|p2a: Garchomp|394\/420|[from] Stealth Rock
|turn|17
|
|move|p2a: Garchomp|Substitute|p2a: Garchomp
|-start|p2a: Garchomp|Substitute
|-damage|p2a: Garchomp|289\/420
|move|p1a: Amoonguss|Spore|p2a: Garchomp
|
|-heal|p2a: Garchomp|315\/420|[from] item: Leftovers
|-heal|p1a: Amoonguss|374\/432|[from] item: Black Sludge
|turn|18
|
|move|p2a: Garchomp|Swords Dance|p2a: Garchomp
|-boost|p2a: Garchomp|atk|2
|move|p1a: Amoonguss|Giga Drain|p2a: Garchomp
|-activate|p2a: Garchomp|Substitute|[damage]
|-heal|p1a: Amoonguss|418\/432|[from] drain|[of] p2a: Garchomp
|
|-heal|p2a: Garchomp|341\/420|[from] item: Leftovers
|-heal|p1a: Amoonguss|432\/432|[from] item: Black Sludge
|turn|19
|
|move|p2a: Garchomp|Outrage|p1a: Amoonguss
|-damage|p1a: Amoonguss|116\/432
|move|p1a: Amoonguss|Giga Drain|p2a: Garchomp
|-end|p2a: Garchomp|Substitute
|-heal|p1a: Amoonguss|125\/432|[from] drain|[of] p2a: Garchomp
|
|-heal|p2a: Garchomp|367\/420|[from] item: Leftovers
|-heal|p1a: Amoonguss|152\/432|[from] item: Black Sludge
|turn|20
|
|move|p2a: Garchomp|Outrage|p1a: Amoonguss
|-damage|p1a: Amoonguss|0 fnt
|faint|p1a: Amoonguss
|
|-end|p2a: Garchomp|rampage
|-start|p2a: Garchomp|confusion
|-heal|p2a: Garchomp|393\/420|[from] item: Leftovers
|
|switch|p1a: Gardevoir|Gardevoir, M|244\/278
|-damage|p1a: Gardevoir|210\/278|[from] Stealth Rock
|-ability|p1a: Gardevoir|Rough Skin|[from] ability: Trace|[of] p2a: Garchomp
|turn|21
|
|switch|p2a: Clefable|Clefable, M|394\/394
|-damage|p2a: Clefable|345\/394|[from] Stealth Rock
|detailschange|p1a: Gardevoir|Gardevoir-Mega, M
|message|Gardevoir has Mega Evolved into Mega Gardevoir!
|move|p1a: Gardevoir|Hyper Voice|p2a: Clefable
|-damage|p2a: Clefable|96\/394
|
|-heal|p2a: Clefable|120\/394|[from] item: Leftovers
|turn|22
|
|move|p1a: Gardevoir|Hyper Voice|p2a: Clefable
|-damage|p2a: Clefable|0 fnt
|faint|p2a: Clefable
|
|
|switch|p2a: Keldeo-Resolute|Keldeo-Resolute|323\/323
|-damage|p2a: Keldeo-Resolute|303\/323|[from] Stealth Rock
|turn|23
|
|move|p2a: Keldeo-Resolute|Hydro Pump|p1a: Gardevoir
|-damage|p1a: Gardevoir|54\/278
|move|p1a: Gardevoir|Hyper Voice|p2a: Keldeo-Resolute
|-supereffective|p2a: Keldeo-Resolute
|-damage|p2a: Keldeo-Resolute|0 fnt
|faint|p2a: Keldeo-Resolute
|
|
|switch|p2a: Venusaur|Venusaur-Mega, M|247\/360
|-damage|p2a: Venusaur|202\/360|[from] Stealth Rock
|turn|24
|
|move|p1a: Gardevoir|Psyshock|p2a: Venusaur
|-supereffective|p2a: Venusaur
|-damage|p2a: Venusaur|0 fnt
|faint|p2a: Venusaur
|
|
|switch|p2a: Garchomp|Garchomp, M|393\/420
|-damage|p2a: Garchomp|367\/420|[from] Stealth Rock
|turn|25
|
|move|p1a: Gardevoir|Hyper Voice|p2a: Garchomp
|-supereffective|p2a: Garchomp
|-damage|p2a: Garchomp|0 fnt
|faint|p2a: Garchomp
|
|win|J. Marshall
|raw|Ladder updating...
|raw|J. Marshall's rating: 1727 &rarr; <strong>1746<\/strong><br \/>(+19 for winning)
|raw|d.d. survivor's rating: 1706 &rarr; <strong>1687<\/strong><br \/>(-19 for losing)
|leave|d.d. survivor
|player|p2