|join|Damn Squirrel
|join|d.d. survivor
|player|p1|Damn Squirrel|105
|player|p2|d.d. survivor|78
|gametype|singles
|gen|6
|tier|OU
|rated
|clearpoke
|poke|p1|Ampharos, F
|poke|p1|Sableye, M
|poke|p1|Mantine, M
|poke|p1|Hippowdon, M
|poke|p1|Jirachi
|poke|p1|Skarmory, F
|poke|p2|Charizard, F
|poke|p2|Conkeldurr, F
|poke|p2|Azumarill, F
|poke|p2|Gengar, M
|poke|p2|Magnezone
|poke|p2|Terrakion
|rule|Swagger Clause: Swagger is banned
|rule|Baton Pass Clause: Limit one PokÃ©mon knowing Baton Pass
|rule|Sleep Clause Mod: Limit one foe put to sleep
|rule|Species Clause: Limit one of each PokÃ©mon
|rule|OHKO Clause: OHKO moves are banned
|rule|Moody Clause: Moody is banned
|rule|Evasion Moves Clause: Evasion moves are banned
|rule|Endless Battle Clause: Forcing endless battles is banned
|rule|HP Percentage Mod: HP is shown in percentages
|teampreview
|
|start
|switch|p1a: Sableye|Sableye, M|303\/303
|switch|p2a: Gengar|Gengar, M|262\/262
|turn|1
|
|switch|p2a: Charizard|Charizard, F|325\/325
|switch|p1a: Mantine|Mantine, M|333\/333
|
|turn|2
|
|detailschange|p2a: Charizard|Charizard-Mega-X, F
|message|Charizard has Mega Evolved into Mega Charizard!
|move|p2a: Charizard|Dragon Dance|p2a: Charizard
|-boost|p2a: Charizard|atk|1
|-boost|p2a: Charizard|spe|1
|move|p1a: Mantine|Toxic|p2a: Charizard
|-status|p2a: Charizard|tox
|
|-damage|p2a: Charizard|305\/325 tox|[from] psn
|turn|3
|
|move|p2a: Charizard|Outrage|p1a: Mantine
|-crit|p1a: Mantine
|-damage|p1a: Mantine|0 fnt
|faint|p1a: Mantine
|
|-damage|p2a: Charizard|265\/325 tox|[from] psn
|
|switch|p1a: Jirachi|Jirachi|401\/401
|turn|4
|
|move|p2a: Charizard|Outrage|p1a: Jirachi
|-resisted|p1a: Jirachi
|-damage|p1a: Jirachi|158\/401
|move|p1a: Jirachi|Wish|p1a: Jirachi
|
|-heal|p1a: Jirachi|183\/401|[from] item: Leftovers
|-damage|p2a: Charizard|205\/325 tox|[from] psn
|turn|5
|
|move|p1a: Jirachi|Protect|p1a: Jirachi
|-singleturn|p1a: Jirachi|Protect
|move|p2a: Charizard|Outrage|p1a: Jirachi
|-activate|p1a: Jirachi|Protect
|
|-end|p2a: Charizard|rampage
|-start|p2a: Charizard|confusion
|-heal|p1a: Jirachi|383\/401|[from] move: Wish|[wisher] Jirachi
|-heal|p1a: Jirachi|401\/401|[from] item: Leftovers
|-damage|p2a: Charizard|125\/325 tox|[from] psn
|turn|6
|
|switch|p2a: Magnezone|Magnezone|282\/282
|switch|p1a: Hippowdon|Hippowdon, M|417\/417
|-weather|Sandstorm
|
|-weather|Sandstorm|[upkeep]
|turn|7
|
|move|p2a: Magnezone|Flash Cannon|p1a: Hippowdon
|-damage|p1a: Hippowdon|132\/417
|move|p1a: Hippowdon|Stealth Rock|p2a: Magnezone
|-sidestart|p2: d.d. survivor|move: Stealth Rock
|
|-weather|Sandstorm|[upkeep]
|-heal|p1a: Hippowdon|158\/417|[from] item: Leftovers
|turn|8
|
|switch|p1a: Ampharos|Ampharos, F|383\/383
|move|p2a: Magnezone|Flash Cannon|p1a: Ampharos
|-resisted|p1a: Ampharos
|-damage|p1a: Ampharos|293\/383
|
|-weather|Sandstorm|[upkeep]
|-damage|p1a: Ampharos|270\/383|[from] sandstorm
|turn|9
|
|switch|p2a: Conkeldurr|Conkeldurr, F|404\/404
|-damage|p2a: Conkeldurr|379\/404|[from] Stealth Rock
|detailschange|p1a: Ampharos|Ampharos-Mega, F
|message|Ampharos has Mega Evolved into Mega Ampharos!
|-ability|p1a: Ampharos|Mold Breaker
|move|p1a: Ampharos|Volt Switch|p2a: Conkeldurr
|-damage|p2a: Conkeldurr|241\/404
|
|switch|p1a: Hippowdon|Hippowdon, M|158\/417
|
|-weather|Sandstorm|[upkeep]
|-damage|p2a: Conkeldurr|216\/404|[from] sandstorm
|-heal|p1a: Hippowdon|184\/417|[from] item: Leftovers
|-heal|p2a: Conkeldurr|241\/404|[from] item: Leftovers
|turn|10
|
|move|p1a: Hippowdon|Slack Off|p1a: Hippowdon
|-heal|p1a: Hippowdon|393\/417
|move|p2a: Conkeldurr|Bulk Up|p2a: Conkeldurr
|-boost|p2a: Conkeldurr|atk|1
|-boost|p2a: Conkeldurr|def|1
|
|-weather|none
|-heal|p1a: Hippowdon|417\/417|[from] item: Leftovers
|-heal|p2a: Conkeldurr|266\/404|[from] item: Leftovers
|turn|11
|
|move|p2a: Conkeldurr|Drain Punch|p1a: Hippowdon
|-damage|p1a: Hippowdon|299\/417
|-heal|p2a: Conkeldurr|325\/404|[from] drain|[of] p1a: Hippowdon
|move|p1a: Hippowdon|Whirlwind|p2a: Conkeldurr
|drag|p2a: Terrakion|Terrakion|324\/324
|-damage|p2a: Terrakion|304\/324|[from] Stealth Rock
|
|-heal|p1a: Hippowdon|325\/417|[from] item: Leftovers
|turn|12
|
|switch|p2a: Gengar|Gengar, M|262\/262
|-damage|p2a: Gengar|230\/262|[from] Stealth Rock
|move|p1a: Hippowdon|Earthquake|p2a: Gengar
|-immune|p2a: Gengar|[msg]
|
|-heal|p2a: Gengar|246\/262|[from] item: Black Sludge
|-heal|p1a: Hippowdon|351\/417|[from] item: Leftovers
|turn|13
|
|switch|p1a: Ampharos|Ampharos-Mega, F|270\/383
|-ability|p1a: Ampharos|Mold Breaker
|move|p2a: Gengar|Will-O-Wisp|p1a: Ampharos
|-status|p1a: Ampharos|brn
|
|-heal|p2a: Gengar|262\/262|[from] item: Black Sludge
|-damage|p1a: Ampharos|223\/383 brn|[from] brn
|turn|14
|
|move|p2a: Gengar|Substitute|p2a: Gengar
|-start|p2a: Gengar|Substitute
|-damage|p2a: Gengar|197\/262
|move|p1a: Ampharos|Rest|p1a: Ampharos
|-status|p1a: Ampharos|slp
|-heal|p1a: Ampharos|383\/383 slp|[silent]
|-status|p1a: Ampharos|slp|[from] move: Rest
|
|-heal|p2a: Gengar|213\/262|[from] item: Black Sludge
|turn|15
|
|move|p2a: Gengar|Taunt|p1a: Ampharos
|-start|p1a: Ampharos|move: Taunt
|cant|p1a: Ampharos|slp
|cant|p1a: Ampharos|move: Taunt|Sleep Talk
|
|-heal|p2a: Gengar|229\/262|[from] item: Black Sludge
|turn|16
|
|move|p2a: Gengar|Shadow Ball|p1a: Ampharos
|-damage|p1a: Ampharos|289\/383 slp
|cant|p1a: Ampharos|slp
|
|-heal|p2a: Gengar|245\/262|[from] item: Black Sludge
|turn|17
|
|move|p2a: Gengar|Shadow Ball|p1a: Ampharos
|-damage|p1a: Ampharos|199\/383 slp
|-curestatus|p1a: Ampharos|slp
|move|p1a: Ampharos|Dragon Pulse|p2a: Gengar
|-end|p2a: Gengar|Substitute
|
|-heal|p2a: Gengar|261\/262|[from] item: Black Sludge
|-end|p1a: Ampharos|move: Taunt
|turn|18
|
|switch|p2a: Magnezone|Magnezone|282\/282
|-damage|p2a: Magnezone|265\/282|[from] Stealth Rock
|move|p1a: Ampharos|Volt Switch|p2a: Magnezone
|-resisted|p2a: Magnezone
|-damage|p2a: Magnezone|196\/282
|
|switch|p1a: Hippowdon|Hippowdon, M|351\/417
|-weather|Sandstorm
|
|-weather|Sandstorm|[upkeep]
|-heal|p1a: Hippowdon|377\/417|[from] item: Leftovers
|turn|19
|
|switch|p1a: Ampharos|Ampharos-Mega, F|199\/383
|-ability|p1a: Ampharos|Mold Breaker
|move|p2a: Magnezone|Flash Cannon|p1a: Ampharos
|-resisted|p1a: Ampharos
|-damage|p1a: Ampharos|122\/383
|
|-weather|Sandstorm|[upkeep]
|-damage|p1a: Ampharos|99\/383|[from] sandstorm
|turn|20
|
|switch|p2a: Terrakion|Terrakion|304\/324
|-damage|p2a: Terrakion|284\/324|[from] Stealth Rock
|move|p1a: Ampharos|Rest|p1a: Ampharos
|-status|p1a: Ampharos|slp
|-heal|p1a: Ampharos|383\/383 slp|[silent]
|-status|p1a: Ampharos|slp|[from] move: Rest
|
|-weather|Sandstorm|[upkeep]
|-damage|p1a: Ampharos|360\/383 slp|[from] sandstorm
|turn|21
|
|switch|p1a: Sableye|Sableye, M|303\/303
|move|p2a: Terrakion|Stealth Rock|p1a: Sableye
|-sidestart|p1: Damn Squirrel|move: Stealth Rock
|
|-weather|Sandstorm|[upkeep]
|-damage|p1a: Sableye|285\/303|[from] sandstorm
|-heal|p1a: Sableye|303\/303|[from] item: Leftovers
|turn|22
|
|switch|p2a: Conkeldurr|Conkeldurr, F|325\/404
|-damage|p2a: Conkeldurr|300\/404|[from] Stealth Rock
|move|p1a: Sableye|Will-O-Wisp|p2a: Conkeldurr
|-status|p2a: Conkeldurr|brn
|
|-weather|none
|-heal|p2a: Conkeldurr|325\/404 brn|[from] item: Leftovers
|-damage|p2a: Conkeldurr|275\/404 brn|[from] brn
|turn|23
|
|move|p1a: Sableye|Taunt|p2a: Conkeldurr
|-start|p2a: Conkeldurr|move: Taunt
|move|p2a: Conkeldurr|Ice Punch|p1a: Sableye
|-damage|p1a: Sableye|189\/303
|
|-heal|p1a: Sableye|207\/303|[from] item: Leftovers
|-heal|p2a: Conkeldurr|300\/404 brn|[from] item: Leftovers
|-damage|p2a: Conkeldurr|250\/404 brn|[from] brn
|turn|24
|
|move|p1a: Sableye|Recover|p1a: Sableye
|-heal|p1a: Sableye|303\/303
|move|p2a: Conkeldurr|Ice Punch|p1a: Sableye
|-damage|p1a: Sableye|196\/303
|
|-heal|p1a: Sableye|214\/303|[from] item: Leftovers
|-heal|p2a: Conkeldurr|275\/404 brn|[from] item: Leftovers
|-damage|p2a: Conkeldurr|225\/404 brn|[from] brn
|turn|25
|
|switch|p2a: Gengar|Gengar, M|261\/262
|-damage|p2a: Gengar|229\/262|[from] Stealth Rock
|move|p1a: Sableye|Foul Play|p2a: Gengar
|-supereffective|p2a: Gengar
|-damage|p2a: Gengar|41\/262
|
|-heal|p2a: Gengar|57\/262|[from] item: Black Sludge
|-heal|p1a: Sableye|232\/303|[from] item: Leftovers
|turn|26
|
|move|p2a: Gengar|Shadow Ball|p1a: Sableye
|-damage|p1a: Sableye|18\/303
|-unboost|p1a: Sableye|spd|1
|move|p1a: Sableye|Foul Play|p2a: Gengar
|-supereffective|p2a: Gengar
|-damage|p2a: Gengar|0 fnt
|faint|p2a: Gengar
|
|-heal|p1a: Sableye|36\/303|[from] item: Leftovers
|
|switch|p2a: Azumarill|Azumarill, F|341\/341
|-damage|p2a: Azumarill|299\/341|[from] Stealth Rock
|turn|27
|
|switch|p1a: Skarmory|Skarmory, F|333\/333
|-damage|p1a: Skarmory|292\/333|[from] Stealth Rock
|move|p2a: Azumarill|Aqua Jet|p1a: Skarmory
|-damage|p1a: Skarmory|216\/333
|
|turn|28
|
|switch|p2a: Magnezone|Magnezone|196\/282
|-damage|p2a: Magnezone|179\/282|[from] Stealth Rock
|move|p1a: Skarmory|Spikes|p2a: Magnezone
|-sidestart|p2: d.d. survivor|Spikes
|
|turn|29
|
|switch|p1a: Hippowdon|Hippowdon, M|377\/417
|-damage|p1a: Hippowdon|351\/417|[from] Stealth Rock
|-weather|Sandstorm
|move|p2a: Magnezone|Volt Switch|p1a: Hippowdon
|-immune|p1a: Hippowdon|[msg]
|
|-weather|Sandstorm|[upkeep]
|-heal|p1a: Hippowdon|377\/417|[from] item: Leftovers
|turn|30
|c|âDamn Squirrel|Shed Shell fuk u
|
|switch|p2a: Azumarill|Azumarill, F|299\/341
|-damage|p2a: Azumarill|257\/341|[from] Spikes
|-damage|p2a: Azumarill|215\/341|[from] Stealth Rock
|move|p1a: Hippowdon|Whirlwind|p2a: Azumarill
|drag|p2a: Terrakion|Terrakion|284\/324
|-damage|p2a: Terrakion|244\/324|[from] Spikes
|-damage|p2a: Terrakion|224\/324|[from] Stealth Rock
|
|-weather|Sandstorm|[upkeep]
|-heal|p1a: Hippowdon|403\/417|[from] item: Leftovers
|turn|31
|
|switch|p2a: Conkeldurr|Conkeldurr, F|225\/404 brn
|-damage|p2a: Conkeldurr|200\/404 brn|[from] Stealth Rock
|-damage|p2a: Conkeldurr|150\/404 brn|[from] Spikes
|move|p1a: Hippowdon|Earthquake|p2a: Conkeldurr
|-crit|p2a: Conkeldurr
|-damage|p2a: Conkeldurr|0 fnt
|faint|p2a: Conkeldurr
|
|-weather|Sandstorm|[upkeep]
|-heal|p1a: Hippowdon|417\/417|[from] item: Leftovers
|c|âDamn Squirrel|eq+sand+burn
|
|switch|p2a: Azumarill|Azumarill, F|215\/341
|-damage|p2a: Azumarill|173\/341|[from] Stealth Rock
|-damage|p2a: Azumarill|131\/341|[from] Spikes
|turn|32
|
|switch|p1a: Sableye|Sableye, M|36\/303
|-damage|p1a: Sableye|0 fnt|[from] Stealth Rock
|faint|p1a: Sableye
|move|p2a: Azumarill|Aqua Tail|p1: Sableye|[notarget]
|-notarget
|
|-weather|Sandstorm|[upkeep]
|-damage|p2a: Azumarill|110\/341|[from] sandstorm
|
|switch|p1a: Skarmory|Skarmory, F|216\/333
|-damage|p1a: Skarmory|175\/333|[from] Stealth Rock
|turn|33
|
|switch|p2a: Magnezone|Magnezone|179\/282
|-damage|p2a: Magnezone|144\/282|[from] Spikes
|-damage|p2a: Magnezone|127\/282|[from] Stealth Rock
|move|p1a: Skarmory|Roost|p1a: Skarmory
|-heal|p1a: Skarmory|333\/333
|
|-weather|none
|turn|34
|
|switch|p1a: Jirachi|Jirachi|401\/401
|-damage|p1a: Jirachi|376\/401|[from] Stealth Rock
|move|p2a: Magnezone|Volt Switch|p1a: Jirachi
|-damage|p1a: Jirachi|222\/401
|
|switch|p2a: Charizard|Charizard-Mega-X, F|125\/325 tox
|-damage|p2a: Charizard|44\/325 tox|[from] Stealth Rock
|-damage|p2a: Charizard|4\/325 tox|[from] Spikes
|
|-heal|p1a: Jirachi|247\/401|[from] item: Leftovers
|-damage|p2a: Charizard|0 fnt|[from] psn
|faint|p2a: Charizard
|
|switch|p2a: Magnezone|Magnezone|127\/282
|-damage|p2a: Magnezone|92\/282|[from] Spikes
|-damage|p2a: Magnezone|75\/282|[from] Stealth Rock
|turn|35
|
|move|p1a: Jirachi|Protect|p1a: Jirachi
|-singleturn|p1a: Jirachi|Protect
|move|p2a: Magnezone|Thunderbolt|p1a: Jirachi
|-activate|p1a: Jirachi|Protect
|
|-heal|p1a: Jirachi|272\/401|[from] item: Leftovers
|turn|36
|
|move|p1a: Jirachi|Wish|p1a: Jirachi
|move|p2a: Magnezone|Thunderbolt|p1a: Jirachi
|-damage|p1a: Jirachi|91\/401
|
|-heal|p1a: Jirachi|116\/401|[from] item: Leftovers
|turn|37
|
|move|p1a: Jirachi|Protect|p1a: Jirachi
|-singleturn|p1a: Jirachi|Protect
|move|p2a: Magnezone|Thunderbolt|p1a: Jirachi
|-activate|p1a: Jirachi|Protect
|
|-heal|p1a: Jirachi|316\/401|[from] move: Wish|[wisher] Jirachi
|-heal|p1a: Jirachi|341\/401|[from] item: Leftovers
|turn|38
|
|move|p1a: Jirachi|Wish|p1a: Jirachi
|move|p2a: Magnezone|Thunderbolt|p1a: Jirachi
|-damage|p1a: Jirachi|149\/401
|
|-heal|p1a: Jirachi|174\/401|[from] item: Leftovers
|turn|39
|
|move|p1a: Jirachi|Protect|p1a: Jirachi
|-singleturn|p1a: Jirachi|Protect
|move|p2a: Magnezone|Thunderbolt|p1a: Jirachi
|-activate|p1a: Jirachi|Protect
|
|-heal|p1a: Jirachi|374\/401|[from] move: Wish|[wisher] Jirachi
|-heal|p1a: Jirachi|399\/401|[from] item: Leftovers
|turn|40
|
|move|p1a: Jirachi|Iron Head|p2a: Magnezone
|-resisted|p2a: Magnezone
|-damage|p2a: Magnezone|56\/282
|cant|p2a: Magnezone|flinch
|
|-heal|p1a: Jirachi|401\/401|[from] item: Leftovers
|turn|41
|
|move|p1a: Jirachi|Iron Head|p2a: Magnezone
|-resisted|p2a: Magnezone
|-damage|p2a: Magnezone|37\/282
|cant|p2a: Magnezone|flinch
|
|turn|42
|
|move|p1a: Jirachi|Iron Head|p2a: Magnezone
|-crit|p2a: Magnezone
|-resisted|p2a: Magnezone
|-damage|p2a: Magnezone|5\/282
|cant|p2a: Magnezone|flinch
|
|turn|43
|
|move|p1a: Jirachi|Iron Head|p2a: Magnezone
|-resisted|p2a: Magnezone
|-damage|p2a: Magnezone|0 fnt
|faint|p2a: Magnezone
|
|
|switch|p2a: Azumarill|Azumarill, F|110\/341
|-damage|p2a: Azumarill|68\/341|[from] Spikes
|-damage|p2a: Azumarill|26\/341|[from] Stealth Rock
|turn|44
|
|move|p1a: Jirachi|Protect|p1a: Jirachi
|-singleturn|p1a: Jirachi|Protect
|move|p2a: Azumarill|Aqua Tail|p1a: Jirachi
|-activate|p1a: Jirachi|Protect
|
|turn|45
|
|move|p1a: Jirachi|Iron Head|p2a: Azumarill
|-damage|p2a: Azumarill|0 fnt
|faint|p2a: Azumarill
|
|
|switch|p2a: Terrakion|Terrakion|224\/324
|-damage|p2a: Terrakion|204\/324|[from] Stealth Rock
|-damage|p2a: Terrakion|164\/324|[from] Spikes
|turn|46
|
|move|p2a: Terrakion|Close Combat|p1a: Jirachi
|-damage|p1a: Jirachi|181\/401
|-unboost|p2a: Terrakion|def|1
|-unboost|p2a: Terrakion|spd|1
|move|p1a: Jirachi|Iron Head|p2a: Terrakion
|-supereffective|p2a: Terrakion
|-damage|p2a: Terrakion|0 fnt
|faint|p2a: Terrakion
|
|win|Damn Squirrel
|raw|Ladder updating...
|c|âDamn Squirrel|gg