|join|Lord Woordevold
|join|D.D. SURVIVOR
|player|p1|Lord Woordevold|110
|player|p2|D.D. SURVIVOR|169
|gametype|singles
|gen|6
|tier|OU
|rated
|clearpoke
|poke|p1|Vaporeon, M
|poke|p1|Venusaur, M
|poke|p1|Skarmory, M
|poke|p1|Rotom-Heat
|poke|p1|Lucario, M
|poke|p1|Garchomp, M
|poke|p2|Zapdos
|poke|p2|Azumarill, F
|poke|p2|Metagross
|poke|p2|Lucario, F
|poke|p2|Mandibuzz, F
|poke|p2|Goodra, F
|rule|Sleep Clause Mod: Limit one foe put to sleep
|rule|Species Clause: Limit one of each Pokemon
|rule|OHKO Clause: OHKO moves are banned
|rule|Moody Clause: Moody is banned
|rule|Evasion Moves Clause: Evasion moves are banned
|rule|Endless Battle Clause: Forcing endless battles is banned.
|rule|HP Percentage Mod: HP is reported as percentages
|teampreview
|callback|decision
|
|start
|switch|p1a: Rotom-Heat|Rotom-Heat|242\/242
|switch|p2a: Goodra|Goodra, F|360\/360
|turn|1
|callback|decision
|
|move|p1a: Rotom-Heat|Volt Switch|p2a: Goodra
|-resisted|p2a: Goodra
|-damage|p2a: Goodra|340\/360
|callback|decision
|
|switch|p1a: Skarmory|Skarmory, M|334\/334
|move|p2a: Goodra|Dragon Pulse|p1a: Skarmory
|-resisted|p1a: Skarmory
|-damage|p1a: Skarmory|243\/334
|
|-heal|p1a: Skarmory|263\/334|[from] item: Leftovers
|turn|2
|callback|decision
|
|switch|p1a: Vaporeon|Vaporeon, M|464\/464
|move|p2a: Goodra|Dragon Pulse|p1a: Vaporeon
|-damage|p1a: Vaporeon|358\/464
|
|-heal|p1a: Vaporeon|387\/464|[from] item: Leftovers
|turn|3
|callback|decision
|
|move|p2a: Goodra|Thunderbolt|p1a: Vaporeon
|-supereffective|p1a: Vaporeon
|-damage|p1a: Vaporeon|239\/464
|move|p1a: Vaporeon|Wish|p1a: Vaporeon
|
|-heal|p1a: Vaporeon|268\/464|[from] item: Leftovers
|turn|4
|callback|decision
|
|switch|p2a: Mandibuzz|Mandibuzz, F|401\/401
|move|p1a: Vaporeon|Scald|p2a: Mandibuzz
|-damage|p2a: Mandibuzz|314\/401
|
|-heal|p1a: Vaporeon|464\/464|[from] move: Wish|[wisher] Vaporeon
|-heal|p2a: Mandibuzz|339\/401|[from] item: Leftovers
|turn|5
|callback|decision
|
|switch|p1a: Rotom-Heat|Rotom-Heat|242\/242
|move|p2a: Mandibuzz|Toxic|p1a: Rotom-Heat
|-status|p1a: Rotom-Heat|tox
|
|-heal|p2a: Mandibuzz|364\/401|[from] item: Leftovers
|-damage|p1a: Rotom-Heat|227\/242 tox|[from] psn
|turn|6
|callback|decision
|
|switch|p2a: Goodra|Goodra, F|340\/360
|move|p1a: Rotom-Heat|Trick|p2a: Goodra
|-activate|p1a: Rotom-Heat|move: Trick|[of] p2a: Goodra
|-item|p2a: Goodra|Choice Scarf|[from] move: Trick
|-item|p1a: Rotom-Heat|Assault Vest|[from] move: Trick
|
|-damage|p1a: Rotom-Heat|197\/242 tox|[from] psn
|turn|7
|callback|decision
|
|move|p1a: Rotom-Heat|Volt Switch|p2a: Goodra
|-resisted|p2a: Goodra
|-damage|p2a: Goodra|310\/360
|callback|decision
|
|switch|p1a: Vaporeon|Vaporeon, M|464\/464
|move|p2a: Goodra|Dragon Pulse|p1a: Vaporeon
|-damage|p1a: Vaporeon|368\/464
|
|-heal|p1a: Vaporeon|397\/464|[from] item: Leftovers
|turn|8
|callback|decision
|
|switch|p2a: Mandibuzz|Mandibuzz, F|364\/401
|move|p1a: Vaporeon|Heal Bell|p1a: Vaporeon
|-cureteam|p1a: Vaporeon|[from] move: HealBell
|
|-heal|p2a: Mandibuzz|389\/401|[from] item: Leftovers
|-heal|p1a: Vaporeon|426\/464|[from] item: Leftovers
|turn|9
|callback|decision
|
|switch|p1a: Skarmory|Skarmory, M|263\/334
|move|p2a: Mandibuzz|Toxic|p1a: Skarmory
|-fail|p1a: Skarmory
|
|-heal|p2a: Mandibuzz|401\/401|[from] item: Leftovers
|-heal|p1a: Skarmory|283\/334|[from] item: Leftovers
|turn|10
|callback|decision
|
|switch|p2a: Zapdos|Zapdos|384\/384
|-ability|p2a: Zapdos|Pressure
|move|p1a: Skarmory|Stealth Rock|p2a: Zapdos
|-sidestart|p2: D.D. SURVIVOR|move: Stealth Rock
|
|-heal|p1a: Skarmory|303\/334|[from] item: Leftovers
|turn|11
|callback|decision
|
|switch|p1a: Rotom-Heat|Rotom-Heat|197\/242
|move|p2a: Zapdos|Substitute|p2a: Zapdos
|-start|p2a: Zapdos|Substitute
|-damage|p2a: Zapdos|288\/384
|
|-heal|p2a: Zapdos|312\/384|[from] item: Leftovers
|turn|12
|callback|decision
|
|move|p1a: Rotom-Heat|Overheat|p2a: Zapdos|[miss]
|-miss|p1a: Rotom-Heat|p2a: Zapdos
|move|p2a: Zapdos|Discharge|p1a: Rotom-Heat
|-resisted|p1a: Rotom-Heat
|-damage|p1a: Rotom-Heat|161\/242
|
|-heal|p2a: Zapdos|336\/384|[from] item: Leftovers
|turn|13
|callback|decision
|
|move|p1a: Rotom-Heat|Overheat|p2a: Zapdos|[miss]
|-miss|p1a: Rotom-Heat|p2a: Zapdos
|move|p2a: Zapdos|Toxic|p1a: Rotom-Heat
|-status|p1a: Rotom-Heat|tox
|
|-heal|p2a: Zapdos|360\/384|[from] item: Leftovers
|-damage|p1a: Rotom-Heat|146\/242 tox|[from] psn
|turn|14
|callback|decision
|
|switch|p1a: Venusaur|Venusaur, M|364\/364
|move|p2a: Zapdos|Substitute|p2a: Zapdos
|-fail|p2a: Zapdos|move: Substitute
|
|-heal|p2a: Zapdos|384\/384|[from] item: Leftovers
|turn|15
|callback|decision
|
|-formechange|p1a: Venusaur|Venusaur-Mega
|message|Venusaur has Mega Evolved into Mega Venusaur!
|move|p2a: Zapdos|Discharge|p1a: Venusaur
|-resisted|p1a: Venusaur
|-damage|p1a: Venusaur|319\/364
|-status|p1a: Venusaur|par
|cant|p1a: Venusaur|par
|
|turn|16
|callback|decision
|
|move|p2a: Zapdos|Discharge|p1a: Venusaur
|-resisted|p1a: Venusaur
|-damage|p1a: Venusaur|274\/364 par
|cant|p1a: Venusaur|par
|
|turn|17
|callback|decision
|
|move|p2a: Zapdos|Discharge|p1a: Venusaur
|-resisted|p1a: Venusaur
|-damage|p1a: Venusaur|225\/364 par
|move|p1a: Venusaur|Roar|p2a: Zapdos
|drag|p2a: Goodra|Goodra, F|310\/360
|-damage|p2a: Goodra|265\/360|[from] Stealth Rock
|
|turn|18
|callback|decision
|
|switch|p1a: Vaporeon|Vaporeon, M|426\/464
|move|p2a: Goodra|Dragon Pulse|p1a: Vaporeon
|-damage|p1a: Vaporeon|323\/464
|
|-heal|p1a: Vaporeon|352\/464|[from] item: Leftovers
|turn|19
|callback|decision
|
|switch|p2a: Mandibuzz|Mandibuzz, F|401\/401
|-damage|p2a: Mandibuzz|301\/401|[from] Stealth Rock
|move|p1a: Vaporeon|Heal Bell|p1a: Vaporeon
|-cureteam|p1a: Vaporeon|[from] move: HealBell
|
|-heal|p2a: Mandibuzz|326\/401|[from] item: Leftovers
|-heal|p1a: Vaporeon|381\/464|[from] item: Leftovers
|turn|20
|callback|decision
|
|switch|p1a: Venusaur|Venusaur, M|225\/364
|-formechange|p1a: Venusaur|Venusaur-Mega
|move|p2a: Mandibuzz|Defog|p1a: Venusaur
|-unboost|p1a: Venusaur|evasion|1
|-sideend|p2: D.D. SURVIVOR|Stealth Rock|[from] move: Defog|[of] p2a: Mandibuzz
|
|-heal|p2a: Mandibuzz|351\/401|[from] item: Leftovers
|turn|21
|callback|decision
|
|move|p1a: Venusaur|Synthesis|p1a: Venusaur
|-heal|p1a: Venusaur|364\/364
|move|p2a: Mandibuzz|Foul Play|p1a: Venusaur
|-damage|p1a: Venusaur|304\/364
|
|-heal|p2a: Mandibuzz|376\/401|[from] item: Leftovers
|turn|22
|callback|decision
|
|move|p1a: Venusaur|Sludge Bomb|p2a: Mandibuzz
|-damage|p2a: Mandibuzz|264\/401
|move|p2a: Mandibuzz|Foul Play|p1a: Venusaur
|-damage|p1a: Venusaur|243\/364
|
|-heal|p2a: Mandibuzz|289\/401|[from] item: Leftovers
|turn|23
|callback|decision
|
|switch|p2a: Metagross|Metagross|304\/304
|move|p1a: Venusaur|Synthesis|p1a: Venusaur
|-heal|p1a: Venusaur|364\/364
|
|turn|24
|callback|decision
|
|switch|p1a: Skarmory|Skarmory, M|303\/334
|move|p2a: Metagross|Meteor Mash|p1a: Skarmory
|-resisted|p1a: Skarmory
|-damage|p1a: Skarmory|249\/334
|-boost|p2a: Metagross|atk|1
|
|-heal|p1a: Skarmory|269\/334|[from] item: Leftovers
|turn|25
|callback|decision
|
|move|p1a: Skarmory|Stealth Rock|p2a: Metagross
|-sidestart|p2: D.D. SURVIVOR|move: Stealth Rock
|move|p2a: Metagross|Meteor Mash|p1a: Skarmory
|-resisted|p1a: Skarmory
|-damage|p1a: Skarmory|196\/334
|
|-heal|p1a: Skarmory|216\/334|[from] item: Leftovers
|turn|26
|callback|decision
|
|move|p2a: Metagross|Zen Headbutt|p1a: Skarmory
|-resisted|p1a: Skarmory
|-damage|p1a: Skarmory|148\/334
|cant|p1a: Skarmory|flinch
|
|-heal|p1a: Skarmory|168\/334|[from] item: Leftovers
|turn|27
|callback|decision
|
|move|p2a: Metagross|Earthquake|p1a: Skarmory
|-immune|p1a: Skarmory|[msg]
|move|p1a: Skarmory|Roost|p1a: Skarmory
|-heal|p1a: Skarmory|334\/334
|
|turn|28
|callback|decision
|
|move|p1a: Skarmory|Brave Bird|p2a: Metagross
|-resisted|p2a: Metagross
|-damage|p2a: Metagross|262\/304
|-damage|p1a: Skarmory|320\/334|[from] recoil|[of] p2a: Metagross
|move|p2a: Metagross|Zen Headbutt|p1a: Skarmory
|-resisted|p1a: Skarmory
|-damage|p1a: Skarmory|253\/334
|
|-heal|p1a: Skarmory|273\/334|[from] item: Leftovers
|-heal|p2a: Metagross|281\/304|[from] item: Leftovers
|turn|29
|callback|decision
|
|move|p2a: Metagross|Meteor Mash|p1a: Skarmory
|-resisted|p1a: Skarmory
|-damage|p1a: Skarmory|191\/334
|move|p1a: Skarmory|Brave Bird|p2a: Metagross
|-resisted|p2a: Metagross
|-damage|p2a: Metagross|245\/304
|-damage|p1a: Skarmory|179\/334|[from] recoil|[of] p2a: Metagross
|
|-heal|p1a: Skarmory|199\/334|[from] item: Leftovers
|-heal|p2a: Metagross|264\/304|[from] item: Leftovers
|turn|30
|callback|decision
|
|move|p2a: Metagross|Zen Headbutt|p1a: Skarmory|[miss]
|-miss|p2a: Metagross|p1a: Skarmory
|move|p1a: Skarmory|Roost|p1a: Skarmory
|-heal|p1a: Skarmory|334\/334
|
|-heal|p2a: Metagross|283\/304|[from] item: Leftovers
|turn|31
|callback|decision
|
|move|p1a: Skarmory|Brave Bird|p2a: Metagross
|-crit|p2a: Metagross
|-resisted|p2a: Metagross
|-damage|p2a: Metagross|229\/304
|-damage|p1a: Skarmory|316\/334|[from] recoil|[of] p2a: Metagross
|move|p2a: Metagross|Zen Headbutt|p1a: Skarmory
|-resisted|p1a: Skarmory
|-damage|p1a: Skarmory|244\/334
|
|-heal|p2a: Metagross|248\/304|[from] item: Leftovers
|-heal|p1a: Skarmory|264\/334|[from] item: Leftovers
|turn|32
|callback|decision
|
|move|p2a: Metagross|Meteor Mash|p1a: Skarmory
|-resisted|p1a: Skarmory
|-damage|p1a: Skarmory|182\/334
|move|p1a: Skarmory|Brave Bird|p2a: Metagross
|-resisted|p2a: Metagross
|-damage|p2a: Metagross|209\/304
|-damage|p1a: Skarmory|169\/334|[from] recoil|[of] p2a: Metagross
|
|-heal|p2a: Metagross|228\/304|[from] item: Leftovers
|-heal|p1a: Skarmory|189\/334|[from] item: Leftovers
|turn|33
|callback|decision
|
|move|p1a: Skarmory|Roost|p1a: Skarmory
|-heal|p1a: Skarmory|334\/334
|move|p2a: Metagross|Meteor Mash|p1a: Skarmory
|-resisted|p1a: Skarmory
|-damage|p1a: Skarmory|256\/334
|
|-heal|p1a: Skarmory|276\/334|[from] item: Leftovers
|-heal|p2a: Metagross|247\/304|[from] item: Leftovers
|turn|34
|callback|decision
|
|move|p1a: Skarmory|Brave Bird|p2a: Metagross
|-resisted|p2a: Metagross
|-damage|p2a: Metagross|207\/304
|-damage|p1a: Skarmory|263\/334|[from] recoil|[of] p2a: Metagross
|move|p2a: Metagross|Zen Headbutt|p1a: Skarmory
|-resisted|p1a: Skarmory
|-damage|p1a: Skarmory|192\/334
|
|-heal|p2a: Metagross|226\/304|[from] item: Leftovers
|-heal|p1a: Skarmory|212\/334|[from] item: Leftovers
|turn|35
|callback|decision
|
|move|p2a: Metagross|Meteor Mash|p1a: Skarmory|[miss]
|-miss|p2a: Metagross|p1a: Skarmory
|move|p1a: Skarmory|Brave Bird|p2a: Metagross
|-crit|p2a: Metagross
|-resisted|p2a: Metagross
|-damage|p2a: Metagross|172\/304
|-damage|p1a: Skarmory|194\/334|[from] recoil|[of] p2a: Metagross
|
|-heal|p1a: Skarmory|214\/334|[from] item: Leftovers
|-heal|p2a: Metagross|191\/304|[from] item: Leftovers
|turn|36
|callback|decision
|
|move|p1a: Skarmory|Roost|p1a: Skarmory
|-heal|p1a: Skarmory|334\/334
|move|p2a: Metagross|Meteor Mash|p1a: Skarmory|[miss]
|-miss|p2a: Metagross|p1a: Skarmory
|
|-heal|p2a: Metagross|210\/304|[from] item: Leftovers
|turn|37
|callback|decision
|
|move|p2a: Metagross|Meteor Mash|p1a: Skarmory|[miss]
|-miss|p2a: Metagross|p1a: Skarmory
|move|p1a: Skarmory|Brave Bird|p2a: Metagross
|-resisted|p2a: Metagross
|-damage|p2a: Metagross|174\/304
|-damage|p1a: Skarmory|322\/334|[from] recoil|[of] p2a: Metagross
|
|-heal|p1a: Skarmory|334\/334|[from] item: Leftovers
|-heal|p2a: Metagross|193\/304|[from] item: Leftovers
|turn|38
|callback|decision
|chat|Lord Woordevold|lol those misses
|
|move|p2a: Metagross|Meteor Mash|p1a: Skarmory
|-resisted|p1a: Skarmory
|-damage|p1a: Skarmory|253\/334
|move|p1a: Skarmory|Brave Bird|p2a: Metagross
|-resisted|p2a: Metagross
|-damage|p2a: Metagross|153\/304
|-damage|p1a: Skarmory|240\/334|[from] recoil|[of] p2a: Metagross
|
|-heal|p2a: Metagross|172\/304|[from] item: Leftovers
|-heal|p1a: Skarmory|260\/334|[from] item: Leftovers
|turn|39
|callback|decision
|
|move|p2a: Metagross|Meteor Mash|p1a: Skarmory
|-resisted|p1a: Skarmory
|-damage|p1a: Skarmory|183\/334
|move|p1a: Skarmory|Brave Bird|p2a: Metagross
|-resisted|p2a: Metagross
|-damage|p2a: Metagross|133\/304
|-damage|p1a: Skarmory|170\/334|[from] recoil|[of] p2a: Metagross
|
|-heal|p2a: Metagross|152\/304|[from] item: Leftovers
|-heal|p1a: Skarmory|190\/334|[from] item: Leftovers
|turn|40
|callback|decision
|
|move|p1a: Skarmory|Roost|p1a: Skarmory
|-heal|p1a: Skarmory|334\/334
|move|p2a: Metagross|Earthquake|p1a: Skarmory
|-crit|p1a: Skarmory
|-supereffective|p1a: Skarmory
|-activate|p1a: Skarmory|Sturdy
|-damage|p1a: Skarmory|1\/334
|
|-heal|p2a: Metagross|171\/304|[from] item: Leftovers
|-heal|p1a: Skarmory|21\/334|[from] item: Leftovers
|turn|41
|callback|decision
|
|switch|p1a: Rotom-Heat|Rotom-Heat|146\/242
|move|p2a: Metagross|Zen Headbutt|p1a: Rotom-Heat
|-damage|p1a: Rotom-Heat|0 fnt
|faint|p1a: Rotom-Heat
|
|-heal|p2a: Metagross|190\/304|[from] item: Leftovers
|callback|decision
|
|switch|p1a: Garchomp|Garchomp, M|358\/358
|turn|42
|callback|decision
|
|move|p1a: Garchomp|Earthquake|p2a: Metagross
|-supereffective|p2a: Metagross
|-damage|p2a: Metagross|0 fnt
|faint|p2a: Metagross
|
|callback|decision
|
|switch|p2a: Mandibuzz|Mandibuzz, F|289\/401
|-damage|p2a: Mandibuzz|189\/401|[from] Stealth Rock
|turn|43
|callback|decision
|
|move|p1a: Garchomp|Stone Edge|p2a: Mandibuzz
|-supereffective|p2a: Mandibuzz
|-damage|p2a: Mandibuzz|5\/401
|move|p2a: Mandibuzz|Roost|p2a: Mandibuzz
|-heal|p2a: Mandibuzz|206\/401
|
|-heal|p2a: Mandibuzz|231\/401|[from] item: Leftovers
|turn|44
|callback|decision
|
|switch|p1a: Skarmory|Skarmory, M|21\/334
|move|p2a: Mandibuzz|Roost|p2a: Mandibuzz
|-heal|p2a: Mandibuzz|401\/401
|
|-heal|p1a: Skarmory|41\/334|[from] item: Leftovers
|turn|45
|callback|decision
|
|move|p2a: Mandibuzz|Foul Play|p1a: Skarmory
|-damage|p1a: Skarmory|0 fnt
|faint|p1a: Skarmory
|
|callback|decision
|
|switch|p1a: Venusaur|Venusaur, M|364\/364
|-formechange|p1a: Venusaur|Venusaur-Mega
|turn|46
|callback|decision
|
|move|p1a: Venusaur|Sludge Bomb|p2a: Mandibuzz
|-damage|p2a: Mandibuzz|293\/401
|-status|p2a: Mandibuzz|psn
|move|p2a: Mandibuzz|Defog|p1a: Venusaur
|-unboost|p1a: Venusaur|evasion|1
|-sideend|p2: D.D. SURVIVOR|Stealth Rock|[from] move: Defog|[of] p2a: Mandibuzz
|
|-heal|p2a: Mandibuzz|318\/401 psn|[from] item: Leftovers
|-damage|p2a: Mandibuzz|268\/401 psn|[from] psn
|turn|47
|callback|decision
|
|switch|p2a: Goodra|Goodra, F|265\/360
|move|p1a: Venusaur|Giga Drain|p2a: Goodra
|-resisted|p2a: Goodra
|-damage|p2a: Goodra|234\/360
|
|turn|48
|callback|decision
|
|switch|p1a: Vaporeon|Vaporeon, M|381\/464
|move|p2a: Goodra|Dragon Pulse|p1a: Vaporeon
|-damage|p1a: Vaporeon|276\/464
|
|-heal|p1a: Vaporeon|305\/464|[from] item: Leftovers
|turn|49
|callback|decision
|
|switch|p2a: Mandibuzz|Mandibuzz, F|268\/401 psn
|move|p1a: Vaporeon|Wish|p1a: Vaporeon
|
|-heal|p2a: Mandibuzz|293\/401 psn|[from] item: Leftovers
|-heal|p1a: Vaporeon|334\/464|[from] item: Leftovers
|-damage|p2a: Mandibuzz|243\/401 psn|[from] psn
|turn|50
|callback|decision
|
|switch|p1a: Lucario|Lucario, M|282\/282
|move|p2a: Mandibuzz|Roost|p2a: Mandibuzz
|-heal|p2a: Mandibuzz|401\/401 psn
|
|-damage|p2a: Mandibuzz|351\/401 psn|[from] psn
|turn|51
|callback|decision
|
|switch|p1a: Vaporeon|Vaporeon, M|334\/464
|move|p2a: Mandibuzz|Foul Play|p1a: Vaporeon
|-damage|p1a: Vaporeon|232\/464
|
|-heal|p2a: Mandibuzz|376\/401 psn|[from] item: Leftovers
|-heal|p1a: Vaporeon|261\/464|[from] item: Leftovers
|-damage|p2a: Mandibuzz|326\/401 psn|[from] psn
|turn|52
|callback|decision
|
|move|p2a: Mandibuzz|Toxic|p1a: Vaporeon
|-status|p1a: Vaporeon|tox
|move|p1a: Vaporeon|Wish|p1a: Vaporeon
|
|-heal|p2a: Mandibuzz|351\/401 psn|[from] item: Leftovers
|-heal|p1a: Vaporeon|290\/464 tox|[from] item: Leftovers
|-damage|p2a: Mandibuzz|301\/401 psn|[from] psn
|-damage|p1a: Vaporeon|261\/464 tox|[from] psn
|turn|53
|callback|decision
|
|switch|p2a: Zapdos|Zapdos|384\/384
|-ability|p2a: Zapdos|Pressure
|move|p1a: Vaporeon|Heal Bell|p1a: Vaporeon
|-cureteam|p1a: Vaporeon|[from] move: HealBell
|
|-heal|p1a: Vaporeon|464\/464|[from] move: Wish|[wisher] Vaporeon
|turn|54
|callback|decision
|
|switch|p1a: Garchomp|Garchomp, M|358\/358
|move|p2a: Zapdos|Discharge|p1a: Garchomp
|-immune|p1a: Garchomp|[msg]
|
|turn|55
|callback|decision
|
|switch|p1a: Vaporeon|Vaporeon, M|464\/464
|move|p2a: Zapdos|Toxic|p1a: Vaporeon
|-status|p1a: Vaporeon|tox
|
|-damage|p1a: Vaporeon|435\/464 tox|[from] psn
|turn|56
|callback|decision
|
|move|p2a: Zapdos|Discharge|p1a: Vaporeon
|-supereffective|p1a: Vaporeon
|-damage|p1a: Vaporeon|267\/464 tox
|move|p1a: Vaporeon|Heal Bell|p1a: Vaporeon
|-cureteam|p1a: Vaporeon|[from] move: HealBell
|
|-heal|p1a: Vaporeon|296\/464|[from] item: Leftovers
|turn|57
|callback|decision
|
|move|p1a: Vaporeon|Protect|p1a: Vaporeon
|-singleturn|p1a: Vaporeon|Protect
|move|p2a: Zapdos|Substitute|p2a: Zapdos
|-start|p2a: Zapdos|Substitute
|-damage|p2a: Zapdos|288\/384
|
|-heal|p2a: Zapdos|312\/384|[from] item: Leftovers
|-heal|p1a: Vaporeon|325\/464|[from] item: Leftovers
|turn|58
|callback|decision
|
|switch|p1a: Venusaur|Venusaur, M|364\/364
|-formechange|p1a: Venusaur|Venusaur-Mega
|move|p2a: Zapdos|Discharge|p1a: Venusaur
|-resisted|p1a: Venusaur
|-damage|p1a: Venusaur|313\/364
|-status|p1a: Venusaur|par
|
|-heal|p2a: Zapdos|336\/384|[from] item: Leftovers
|turn|59
|callback|decision
|
|move|p2a: Zapdos|Discharge|p1a: Venusaur
|-resisted|p1a: Venusaur
|-damage|p1a: Venusaur|265\/364 par
|move|p1a: Venusaur|Roar|p2a: Zapdos
|drag|p2a: Mandibuzz|Mandibuzz, F|301\/401 psn
|
|-heal|p2a: Mandibuzz|326\/401 psn|[from] item: Leftovers
|-damage|p2a: Mandibuzz|276\/401 psn|[from] psn
|turn|60
|callback|decision
|
|switch|p2a: Lucario|Lucario, F|282\/282
|cant|p1a: Venusaur|par
|
|turn|61
|callback|decision
|
|switch|p1a: Vaporeon|Vaporeon, M|325\/464
|-formechange|p2a: Lucario|Lucario-Mega
|message|Lucario has Mega Evolved into Mega Lucario!
|move|p2a: Lucario|Nasty Plot|p2a: Lucario
|-boost|p2a: Lucario|spa|2
|
|-heal|p1a: Vaporeon|354\/464|[from] item: Leftovers
|turn|62
|callback|decision
|
|move|p2a: Lucario|Flash Cannon|p1a: Vaporeon
|-resisted|p1a: Vaporeon
|-damage|p1a: Vaporeon|212\/464
|move|p1a: Vaporeon|Scald|p2a: Lucario
|-damage|p2a: Lucario|131\/282
|
|-heal|p1a: Vaporeon|241\/464|[from] item: Leftovers
|turn|63
|callback|decision
|
|move|p1a: Vaporeon|Protect|p1a: Vaporeon
|-singleturn|p1a: Vaporeon|Protect
|move|p2a: Lucario|High Jump Kick|p1a: Vaporeon
|-activate|p1a: Vaporeon|Protect
|-damage|p2a: Lucario|0 fnt|[from] highjumpkick
|faint|p2a: Lucario
|
|-heal|p1a: Vaporeon|270\/464|[from] item: Leftovers
|callback|decision
|-message|D.D. SURVIVOR forfeited.
|
|win|Lord Woordevold
|raw|Ladder updating...
|leave|D.D. SURVIVOR
|player|p2
|raw|Lord Woordevold's rating: 1473 &rarr; <strong>1493<\/strong><br \/>(+20 for winning)
|raw|D.D. SURVIVOR's rating: 1404 &rarr; <strong>1383<\/strong><br \/>(-21 for losing)
|chat|Lord Woordevold|lol