|join|allenyu
|join|d.d. survivor
|player|p1|allenyu|66
|player|p2|d.d. survivor|169
|gametype|singles
|gen|6
|tier|OU
|rated
|clearpoke
|poke|p1|Rotom-Wash
|poke|p1|Landorus-Therian, M
|poke|p1|Conkeldurr, F
|poke|p1|Latios, M
|poke|p1|Heatran, M
|poke|p1|Scizor, M
|poke|p2|Deoxys-Speed
|poke|p2|Greninja, F
|poke|p2|Latios, M
|poke|p2|Dragonite, F
|poke|p2|Genesect
|poke|p2|Pinsir, F
|rule|Sleep Clause Mod: Limit one foe put to sleep
|rule|Species Clause: Limit one of each Pokemon
|rule|OHKO Clause: OHKO moves are banned
|rule|Moody Clause: Moody is banned
|rule|Evasion Moves Clause: Evasion moves are banned
|rule|Endless Battle Clause: Forcing endless battles is banned.
|rule|HP Percentage Mod: HP is reported as percentages
|teampreview
|chat|allenyu|oo scary team
|
|start
|switch|p1a: Conkeldurr|Conkeldurr, F|351\/351
|switch|p2a: Dragonite|Dragonite, F|323\/323
|turn|1
|
|move|p2a: Dragonite|Outrage|p1a: Conkeldurr
|-damage|p1a: Conkeldurr|18\/351
|move|p1a: Conkeldurr|Knock Off|p2a: Dragonite
|-damage|p2a: Dragonite|249\/323
|-enditem|p2a: Dragonite|Choice Band|[from] move: Knock Off|[of] p1a: Conkeldurr
|
|turn|2
|
|switch|p1a: Heatran|Heatran, M|385\/385
|move|p2a: Dragonite|Outrage|p1a: Heatran
|-resisted|p1a: Heatran
|-damage|p1a: Heatran|289\/385
|
|-end|p2a: Dragonite|rampage
|-start|p2a: Dragonite|confusion
|-heal|p1a: Heatran|313\/385|[from] item: Leftovers
|turn|3
|
|-activate|p2a: Dragonite|confusion
|move|p2a: Dragonite|Superpower|p1a: Heatran
|-supereffective|p1a: Heatran
|-damage|p1a: Heatran|55\/385
|-unboost|p2a: Dragonite|atk|1
|-unboost|p2a: Dragonite|def|1
|move|p1a: Heatran|Stealth Rock|p2a: Dragonite
|-sidestart|p2: d.d. survivor|move: Stealth Rock
|
|-heal|p1a: Heatran|79\/385|[from] item: Leftovers
|turn|4
|
|switch|p1a: Landorus-Therian|Landorus-Therian, M|319\/319
|-ability|p1a: Landorus-Therian|Intimidate|[of] p2a: Dragonite
|-unboost|p2a: Dragonite|atk|1
|-activate|p2a: Dragonite|confusion
|move|p2a: Dragonite|Superpower|p1a: Landorus-Therian
|-resisted|p1a: Landorus-Therian
|-damage|p1a: Landorus-Therian|278\/319
|-unboost|p2a: Dragonite|atk|1
|-unboost|p2a: Dragonite|def|1
|
|turn|5
|
|switch|p2a: Deoxys-Speed|Deoxys-Speed|301\/301
|-damage|p2a: Deoxys-Speed|264\/301|[from] Stealth Rock
|-ability|p2a: Deoxys-Speed|Pressure
|move|p1a: Landorus-Therian|U-turn|p2a: Deoxys-Speed
|-supereffective|p2a: Deoxys-Speed
|-damage|p2a: Deoxys-Speed|38\/301
|
|switch|p1a: Conkeldurr|Conkeldurr, F|18\/351
|
|turn|6
|
|move|p1a: Conkeldurr|Mach Punch|p2a: Deoxys-Speed
|-resisted|p2a: Deoxys-Speed
|-damage|p2a: Deoxys-Speed|0 fnt
|faint|p2a: Deoxys-Speed
|
|
|switch|p2a: Pinsir|Pinsir, F|272\/272
|-damage|p2a: Pinsir|204\/272|[from] Stealth Rock
|-ability|p2a: Pinsir|Mold Breaker
|turn|7
|
|switch|p1a: Landorus-Therian|Landorus-Therian, M|278\/319
|-ability|p1a: Landorus-Therian|Intimidate|[of] p2a: Pinsir
|-unboost|p2a: Pinsir|atk|1
|-formechange|p2a: Pinsir|Pinsir-Mega
|message|Pinsir has Mega Evolved into Mega Pinsir!
|move|p2a: Pinsir|Quick Attack|p1a: Landorus-Therian
|-crit|p1a: Landorus-Therian
|-damage|p1a: Landorus-Therian|109\/319
|
|turn|8
|
|move|p1a: Landorus-Therian|Stone Edge|p2a: Pinsir
|-supereffective|p2a: Pinsir
|-damage|p2a: Pinsir|0 fnt
|faint|p2a: Pinsir
|
|
|switch|p2a: Genesect|Genesect|283\/283
|-damage|p2a: Genesect|248\/283|[from] Stealth Rock
|-boost|p2a: Genesect|spa|1|[from] ability: Download
|turn|9
|
|switch|p1a: Heatran|Heatran, M|79\/385
|move|p2a: Genesect|U-turn|p1a: Heatran
|-resisted|p1a: Heatran
|-damage|p1a: Heatran|51\/385
|
|switch|p2a: Greninja|Greninja, F|285\/285
|-damage|p2a: Greninja|250\/285|[from] Stealth Rock
|
|-heal|p1a: Heatran|75\/385|[from] item: Leftovers
|turn|10
|
|move|p1a: Heatran|Protect|p1a: Heatran
|-singleturn|p1a: Heatran|Protect
|-start|p2a: Greninja|typechange|Dark|[from] Protean
|move|p2a: Greninja|Dark Pulse|p1a: Heatran
|-activate|p1a: Heatran|Protect
|
|-heal|p1a: Heatran|99\/385|[from] item: Leftovers
|turn|11
|
|switch|p1a: Conkeldurr|Conkeldurr, F|18\/351
|move|p2a: Greninja|Dark Pulse|p1a: Conkeldurr
|-resisted|p1a: Conkeldurr
|-damage|p1a: Conkeldurr|0 fnt
|-damage|p2a: Greninja|222\/285|[from] item: Life Orb
|faint|p1a: Conkeldurr
|
|
|switch|p1a: Landorus-Therian|Landorus-Therian, M|109\/319
|-ability|p1a: Landorus-Therian|Intimidate|[of] p2a: Greninja
|-unboost|p2a: Greninja|atk|1
|turn|12
|
|switch|p2a: Dragonite|Dragonite, F|249\/323
|-damage|p2a: Dragonite|169\/323|[from] Stealth Rock
|move|p1a: Landorus-Therian|U-turn|p2a: Dragonite
|-resisted|p2a: Dragonite
|-damage|p2a: Dragonite|121\/323
|
|switch|p1a: Scizor|Scizor, M|344\/344
|
|turn|13
|
|-formechange|p1a: Scizor|Scizor-Mega
|message|Scizor has Mega Evolved into Mega Scizor!
|move|p2a: Dragonite|Superpower|p1a: Scizor
|-damage|p1a: Scizor|234\/344
|-unboost|p2a: Dragonite|atk|1
|-unboost|p2a: Dragonite|def|1
|move|p1a: Scizor|Swords Dance|p1a: Scizor
|-boost|p1a: Scizor|atk|2
|
|turn|14
|-message|d.d. survivor forfeited.
|
|win|allenyu
|raw|Ladder updating...
|leave|d.d. survivor
|player|p2
|raw|allenyu's rating: 1667 &rarr; <strong>1679<\/strong><br \/>(+12 for winning)
|raw|d.d. survivor's rating: 1510 &rarr; <strong>1498<\/strong><br \/>(-12 for losing)