|join|Draggykins
|join|d.d. survivor
|player|p1|Draggykins|256
|player|p2|d.d. survivor|30
|gametype|doubles
|gen|6
|tier|Smogon Doubles (suspect test)
|rated
|rule|Species Clause: Limit one of each Pokemon
|rule|OHKO Clause: OHKO moves are banned
|rule|Moody Clause: Moody is banned
|rule|Evasion Moves Clause: Evasion moves are banned
|rule|Evasion Abilities Clause: Evasion abilities are banned
|rule|Endless Battle Clause: Forcing endless battles is banned.
|rule|HP Percentage Mod: HP is reported as percentages
|clearpoke
|poke|p1|Conkeldurr, M
|poke|p1|Hydreigon, F
|poke|p1|Amoonguss, F
|poke|p1|Cresselia, F
|poke|p1|Landorus-Therian, M
|poke|p1|Heatran, M
|poke|p2|Machamp, F
|poke|p2|Aromatisse, F
|poke|p2|Abomasnow, F
|poke|p2|Dusclops, M
|poke|p2|Musharna, M
|poke|p2|Exploud, M
|teampreview
|
|start
|switch|p1a: Destruction|Hydreigon, F|351\/351
|switch|p1b: Demon|Landorus-Therian, M|330\/330
|switch|p2a: Exploud|Exploud, M|350\/350
|switch|p2b: Aromatisse|Aromatisse, F|368\/368
|-ability|p1b: Demon|Intimidate|[of] p2a: Exploud
|-unboost|p2a: Exploud|atk|1
|-ability|p1b: Demon|Intimidate|[of] p2b: Aromatisse
|-unboost|p2b: Aromatisse|atk|1
|turn|1
|
|move|p2a: Exploud|Protect|p2a: Exploud
|-singleturn|p2a: Exploud|Protect
|move|p1a: Destruction|Dark Pulse|p2a: Exploud
|-activate|p2a: Exploud|Protect
|move|p1b: Demon|Earthquake|p2b: Aromatisse
|-immune|p1a: Destruction|[msg]
|-activate|p2a: Exploud|Protect
|-damage|p2b: Aromatisse|212\/368
|move|p2b: Aromatisse|Trick Room|p2b: Aromatisse
|-fieldstart|move: Trick Room|[of] p2b: Aromatisse
|
|-heal|p2b: Aromatisse|235\/368|[from] item: Leftovers
|turn|2
|
|switch|p2b: Abomasnow|Abomasnow, F|321\/321
|-weather|Hail
|switch|p1a: Queen Chaos|Cresselia, F|436\/436
|move|p2a: Exploud|Blizzard|p1a: Queen Chaos
|-damage|p1a: Queen Chaos|353\/436
|-status|p1a: Queen Chaos|frz
|-supereffective|p1b: Demon
|-enditem|p1b: Demon|Yache Berry|[eat]
|-damage|p1b: Demon|106\/330
|-damage|p2a: Exploud|315\/350|[from] item: Life Orb
|move|p1b: Demon|Earthquake|p2b: Abomasnow
|-immune|p1a: Queen Chaos|[msg]
|-damage|p2a: Exploud|156\/350
|-resisted|p2b: Abomasnow
|-damage|p2b: Abomasnow|246\/321
|
|-weather|Hail|[upkeep]
|-damage|p2a: Exploud|135\/350|[from] hail
|-damage|p1a: Queen Chaos|326\/436 frz|[from] hail
|-damage|p1b: Demon|86\/330|[from] hail
|turn|3
|chat|Draggykins|Compliments on the team there
|
|switch|p2a: Machamp|Machamp, F|322\/322
|switch|p1b: Hell on Earth|Heatran, M|384\/384
|-formechange|p2b: Abomasnow|Abomasnow-Mega
|message|Abomasnow has Mega Evolved into Mega Abomasnow!
|move|p2b: Abomasnow|Blizzard|p1a: Queen Chaos
|-crit|p1a: Queen Chaos
|-damage|p1a: Queen Chaos|149\/436 frz
|-resisted|p1b: Hell on Earth
|-damage|p1b: Hell on Earth|345\/384
|-enditem|p1a: Queen Chaos|Sitrus Berry|[eat]
|-heal|p1a: Queen Chaos|258\/436 frz|[from] item: Sitrus Berry
|cant|p1a: Queen Chaos|frz
|
|-weather|Hail|[upkeep]
|-damage|p2a: Machamp|302\/322|[from] hail
|-damage|p1a: Queen Chaos|231\/436 frz|[from] hail
|-damage|p1b: Hell on Earth|321\/384|[from] hail
|turn|4
|
|move|p1b: Hell on Earth|Protect|p1b: Hell on Earth
|-singleturn|p1b: Hell on Earth|Protect
|move|p2b: Abomasnow|Blizzard|p1a: Queen Chaos
|-damage|p1a: Queen Chaos|116\/436 frz
|-activate|p1b: Hell on Earth|Protect
|move|p2a: Machamp|Dynamic Punch|p1b: Hell on Earth
|-activate|p1b: Hell on Earth|Protect
|cant|p1a: Queen Chaos|frz
|
|-weather|Hail|[upkeep]
|-damage|p2a: Machamp|282\/322|[from] hail
|-damage|p1a: Queen Chaos|89\/436 frz|[from] hail
|-damage|p1b: Hell on Earth|297\/384|[from] hail
|turn|5
|
|switch|p1b: Demon|Landorus-Therian, M|86\/330
|-ability|p1b: Demon|Intimidate|[of] p2a: Machamp
|-unboost|p2a: Machamp|atk|1
|-ability|p1b: Demon|Intimidate|[of] p2b: Abomasnow
|-unboost|p2b: Abomasnow|atk|1
|move|p2b: Abomasnow|Blizzard|p1a: Queen Chaos
|-damage|p1a: Queen Chaos|0 fnt
|-crit|p1b: Demon
|-supereffective|p1b: Demon
|-damage|p1b: Demon|0 fnt
|faint|p1a: Queen Chaos
|faint|p1b: Demon
|move|p2a: Machamp|Dynamic Punch|p1: Demon|[notarget]
|-notarget
|
|-weather|Hail|[upkeep]
|-damage|p2a: Machamp|262\/322|[from] hail
|-fieldend|move: Trick Room
|
|switch|p1b: Hell on Earth|Heatran, M|297\/384
|switch|p1a: Destruction|Hydreigon, F|351\/351
|turn|6
|
|switch|p2a: Exploud|Exploud, M|135\/350
|switch|p2b: Aromatisse|Aromatisse, F|235\/368
|move|p1a: Destruction|Earth Power|p2a: Exploud
|-damage|p2a: Exploud|0 fnt
|faint|p2a: Exploud
|move|p1b: Hell on Earth|Heat Wave|p2b: Aromatisse
|-damage|p2b: Aromatisse|117\/368
|
|-weather|none
|-heal|p2b: Aromatisse|140\/368|[from] item: Leftovers
|
|switch|p2a: Machamp|Machamp, F|262\/322
|turn|7
|
|move|p2a: Machamp|Wide Guard|p2a: Machamp
|-singleturn|p2a: Machamp|Wide Guard
|move|p1a: Destruction|Earth Power|p2b: Aromatisse
|-damage|p2b: Aromatisse|9\/368
|move|p1b: Hell on Earth|Heat Wave|p2b: Aromatisse
|-activate|p2a: Machamp|Wide Guard
|-activate|p2b: Aromatisse|Wide Guard
|move|p2b: Aromatisse|Trick Room|p2b: Aromatisse
|-fieldstart|move: Trick Room|[of] p2b: Aromatisse
|
|-heal|p2b: Aromatisse|32\/368|[from] item: Leftovers
|turn|8
|
|switch|p1a: Sucubbus|Amoonguss, F|432\/432
|move|p2b: Aromatisse|Dazzling Gleam|p1b: Hell on Earth
|-resisted|p1a: Sucubbus
|-damage|p1a: Sucubbus|402\/432
|-resisted|p1b: Hell on Earth
|-damage|p1b: Hell on Earth|280\/384
|move|p2a: Machamp|Dynamic Punch|p1b: Hell on Earth
|-supereffective|p1b: Hell on Earth
|-enditem|p1b: Hell on Earth|Chople Berry|[eat]
|-damage|p1b: Hell on Earth|144\/384
|-start|p1b: Hell on Earth|confusion
|-activate|p1b: Hell on Earth|confusion
|move|p1b: Hell on Earth|Earth Power|p2a: Machamp
|-damage|p2a: Machamp|148\/322
|
|-heal|p2b: Aromatisse|55\/368|[from] item: Leftovers
|-heal|p1a: Sucubbus|429\/432|[from] item: Black Sludge
|turn|9
|
|-activate|p1b: Hell on Earth|confusion
|move|p1b: Hell on Earth|Protect|p1b: Hell on Earth
|-singleturn|p1b: Hell on Earth|Protect
|move|p2b: Aromatisse|Heal Pulse|p2a: Machamp
|-heal|p2a: Machamp|309\/322
|move|p1a: Sucubbus|Spore|p2a: Machamp
|-status|p2a: Machamp|slp
|-enditem|p2a: Machamp|Lum Berry|[eat]
|-curestatus|p2a: Machamp|slp
|move|p2a: Machamp|Dynamic Punch|p1b: Hell on Earth
|-activate|p1b: Hell on Earth|Protect
|
|-heal|p2b: Aromatisse|78\/368|[from] item: Leftovers
|-heal|p1a: Sucubbus|432\/432|[from] item: Black Sludge
|turn|10
|
|move|p2b: Aromatisse|Dazzling Gleam|p1b: Hell on Earth
|-resisted|p1a: Sucubbus
|-damage|p1a: Sucubbus|402\/432
|-resisted|p1b: Hell on Earth
|-damage|p1b: Hell on Earth|129\/384
|move|p1a: Sucubbus|Spore|p2a: Machamp
|-status|p2a: Machamp|slp
|cant|p2a: Machamp|slp
|-activate|p1b: Hell on Earth|confusion
|move|p1b: Hell on Earth|Heat Wave|p2b: Aromatisse
|-damage|p2a: Machamp|177\/322 slp
|-damage|p2b: Aromatisse|0 fnt
|faint|p2b: Aromatisse
|
|-heal|p1a: Sucubbus|429\/432|[from] item: Black Sludge
|
|switch|p2b: Musharna|Musharna, M|392\/392
|turn|11
|leave|d.d. survivor
|player|p2
|join|d.d. survivor
|player|p2|d.d. survivor|30
|
|move|p2b: Musharna|Psychic|p1a: Sucubbus
|-supereffective|p1a: Sucubbus
|-damage|p1a: Sucubbus|229\/432
|move|p1a: Sucubbus|Spore|p2b: Musharna
|-status|p2b: Musharna|slp
|-curestatus|p2a: Machamp|slp
|move|p2a: Machamp|Dynamic Punch|p1b: Hell on Earth
|-supereffective|p1b: Hell on Earth
|-damage|p1b: Hell on Earth|0 fnt
|faint|p1b: Hell on Earth
|
|-heal|p1a: Sucubbus|256\/432|[from] item: Black Sludge
|-fieldend|move: Trick Room
|
|switch|p1b: Death|Conkeldurr, M|412\/412
|turn|12
|
|move|p1a: Sucubbus|Protect|p1a: Sucubbus
|-singleturn|p1a: Sucubbus|Protect
|move|p2a: Machamp|Dynamic Punch|p1b: Death
|-damage|p1b: Death|252\/412
|-start|p1b: Death|confusion
|-activate|p1b: Death|confusion
|move|p1b: Death|Drain Punch|p2a: Machamp
|-damage|p2a: Machamp|0 fnt
|-heal|p1b: Death|341\/412|[from] drain|[of] p2a: Machamp
|-damage|p1b: Death|300\/412|[from] item: Life Orb
|faint|p2a: Machamp
|cant|p2b: Musharna|slp
|
|-heal|p1a: Sucubbus|283\/432|[from] item: Black Sludge
|
|switch|p2a: Dusclops|Dusclops, M|246\/246
|-ability|p2a: Dusclops|Pressure
|turn|13
|
|switch|p1b: Destruction|Hydreigon, F|351\/351
|move|p1a: Sucubbus|Spore|p2a: Dusclops
|-status|p2a: Dusclops|slp
|cant|p2a: Dusclops|slp
|cant|p2b: Musharna|slp
|
|-heal|p1a: Sucubbus|310\/432|[from] item: Black Sludge
|turn|14
|
|move|p1b: Destruction|Dark Pulse|p2a: Dusclops
|-supereffective|p2a: Dusclops
|-damage|p2a: Dusclops|48\/246 slp
|move|p1a: Sucubbus|Giga Drain|p2b: Musharna
|-damage|p2b: Musharna|331\/392 slp
|-heal|p1a: Sucubbus|341\/432|[from] drain|[of] p2b: Musharna
|cant|p2a: Dusclops|slp
|-curestatus|p2b: Musharna|slp
|move|p2b: Musharna|Trick Room|p2b: Musharna
|-fieldstart|move: Trick Room|[of] p2b: Musharna
|
|-heal|p1a: Sucubbus|368\/432|[from] item: Black Sludge
|turn|15
|
|cant|p2a: Dusclops|slp
|move|p2b: Musharna|Psychic|p1a: Sucubbus
|-supereffective|p1a: Sucubbus
|-damage|p1a: Sucubbus|168\/432
|move|p1a: Sucubbus|Spore|p2b: Musharna
|-status|p2b: Musharna|slp
|move|p1b: Destruction|Dark Pulse|p2b: Musharna
|-supereffective|p2b: Musharna
|-damage|p2b: Musharna|0 fnt
|faint|p2b: Musharna
|
|-heal|p1a: Sucubbus|195\/432|[from] item: Black Sludge
|
|switch|p2b: Abomasnow|Abomasnow, F|246\/321
|-formechange|p2b: Abomasnow|Abomasnow-Mega
|-weather|Hail
|turn|16
|
|switch|p1b: Death|Conkeldurr, M|300\/412
|move|p1a: Sucubbus|Protect|p1a: Sucubbus
|-singleturn|p1a: Sucubbus|Protect
|-curestatus|p2a: Dusclops|slp
|move|p2a: Dusclops|Night Shade|p1b: Death
|-damage|p1b: Death|200\/412
|move|p2b: Abomasnow|Blizzard|p1b: Death
|-activate|p1a: Sucubbus|Protect
|-damage|p1b: Death|2\/412
|
|-weather|Hail|[upkeep]
|-damage|p2a: Dusclops|33\/246|[from] hail
|-damage|p1a: Sucubbus|168\/432|[from] hail
|-damage|p1b: Death|0 fnt|[from] hail
|-heal|p1a: Sucubbus|195\/432|[from] item: Black Sludge
|faint|p1b: Death
|
|switch|p1b: Destruction|Hydreigon, F|351\/351
|turn|17
|
|move|p2a: Dusclops|Pain Split|p1b: Destruction
|-sethp|p1b: Destruction|192\/351|p2a: Dusclops|192\/246|[from] move: Pain Split
|move|p2b: Abomasnow|Blizzard|p1b: Destruction
|-supereffective|p1a: Sucubbus
|-damage|p1a: Sucubbus|0 fnt
|-supereffective|p1b: Destruction
|-damage|p1b: Destruction|0 fnt
|faint|p1a: Sucubbus
|faint|p1b: Destruction
|
|win|d.d. survivor
|raw|Ladder updating...
|raw|Draggykins's rating: 1169 &rarr; <strong>1142<\/strong><br \/>(-27 for losing)
|raw|d.d. survivor's rating: 1141 &rarr; <strong>1168<\/strong><br \/>(+27 for winning)
|chat|Draggykins|Gg
|leave|Draggykins
|player|p1