|join|VBD OTR
|join|MT Fam
|player|p1|VBD OTR|126
|player|p2|MT Fam|161
|gametype|singles
|gen|6
|tier|UU
|rated
|rule|Sleep Clause Mod: Limit one foe put to sleep
|rule|Species Clause: Limit one of each PokÃ©mon
|rule|OHKO Clause: OHKO moves are banned
|rule|Moody Clause: Moody is banned
|rule|Evasion Moves Clause: Evasion moves are banned
|rule|Endless Battle Clause: Forcing endless battles is banned
|rule|HP Percentage Mod: HP is shown in percentages
|clearpoke
|poke|p1|Dragalge, F
|poke|p1|Krookodile, F
|poke|p1|Starmie
|poke|p1|Mienshao, F
|poke|p1|Abomasnow, M
|poke|p1|Florges, F
|poke|p2|Hydreigon, M
|poke|p2|Jirachi
|poke|p2|Infernape, F
|poke|p2|Nidoqueen, F
|poke|p2|Chesnaught, M
|poke|p2|Blastoise, F
|rule|Swagger Clause: Swagger is banned
|rule|Baton Pass Clause: Limit one PokÃ©mon knowing Baton Pass
|teampreview
|
|start
|switch|p1a: Dragalge|Dragalge, F|292\/292
|switch|p2a: Infernape|Infernape, F|293\/293
|turn|1
|
|move|p2a: Infernape|Stealth Rock|p1a: Dragalge
|-sidestart|p1: VBD OTR|move: Stealth Rock
|move|p1a: Dragalge|Draco Meteor|p2a: Infernape
|-enditem|p2a: Infernape|Focus Sash
|-damage|p2a: Infernape|1\/293
|-unboost|p1a: Dragalge|spa|2
|
|turn|2
|
|switch|p1a: Starmie|Starmie|324\/324
|-damage|p1a: Starmie|284\/324|[from] Stealth Rock
|move|p2a: Infernape|U-turn|p1a: Starmie
|-supereffective|p1a: Starmie
|-damage|p1a: Starmie|180\/324
|
|switch|p2a: Blastoise|Blastoise, F|334\/334
|
|-heal|p1a: Starmie|200\/324|[from] item: Leftovers
|turn|3
|
|detailschange|p2a: Blastoise|Blastoise-Mega, F
|-mega|p2a: Blastoise|Blastoise|Blastoisinite
|move|p1a: Starmie|Rapid Spin|p2a: Blastoise
|-damage|p2a: Blastoise|323\/334
|-sideend|p1: VBD OTR|Stealth Rock|[from] move: Rapid Spin|[of] p1a: Starmie
|move|p2a: Blastoise|Dark Pulse|p1a: Starmie
|-supereffective|p1a: Starmie
|-damage|p1a: Starmie|0 fnt
|faint|p1a: Starmie
|
|
|switch|p1a: Dragalge|Dragalge, F|292\/292
|turn|4
|
|move|p2a: Blastoise|Ice Beam|p1a: Dragalge
|-supereffective|p1a: Dragalge
|-damage|p1a: Dragalge|102\/292
|-status|p1a: Dragalge|frz
|cant|p1a: Dragalge|frz
|
|turn|5
|c|âVBD OTR|...
|
|move|p2a: Blastoise|Ice Beam|p1a: Dragalge
|-supereffective|p1a: Dragalge
|-damage|p1a: Dragalge|0 fnt
|faint|p1a: Dragalge
|
|
|switch|p1a: Mienshao|Mienshao, F|271\/271
|turn|6
|c|âVBD OTR|i lose because of that
|
|switch|p2a: Chesnaught|Chesnaught, M|380\/380
|move|p1a: Mienshao|U-turn|p2a: Chesnaught
|-damage|p2a: Chesnaught|332\/380
|-damage|p1a: Mienshao|226\/271|[from] item: Rocky Helmet|[of] p2a: Chesnaught
|
|switch|p1a: Florges|Florges, F|360\/360
|
|turn|7
|
|move|p1a: Florges|Moonblast|p2a: Chesnaught
|-supereffective|p2a: Chesnaught
|-damage|p2a: Chesnaught|24\/380
|-unboost|p2a: Chesnaught|spa|1
|move|p2a: Chesnaught|Leech Seed|p1a: Florges|[miss]
|-miss|p2a: Chesnaught|p1a: Florges
|
|turn|8
|
|switch|p2a: Jirachi|Jirachi|341\/341
|move|p1a: Florges|Moonblast|p2a: Jirachi
|-resisted|p2a: Jirachi
|-damage|p2a: Jirachi|285\/341
|
|turn|9
|
|move|p1a: Florges|Protect|p1a: Florges
|-singleturn|p1a: Florges|Protect
|move|p2a: Jirachi|Iron Head|p1a: Florges
|-activate|p1a: Florges|Protect
|
|turn|10
|
|switch|p2a: Nidoqueen|Nidoqueen, F|366\/366
|switch|p1a: Krookodile|Krookodile, F|331\/331
|-ability|p1a: Krookodile|Intimidate|[of] p2a: Nidoqueen
|-unboost|p2a: Nidoqueen|atk|1
|
|turn|11
|
|switch|p2a: Hydreigon|Hydreigon, M|325\/325
|move|p1a: Krookodile|Earthquake|p2a: Hydreigon
|-immune|p2a: Hydreigon|[msg]
|
|turn|12
|
|switch|p1a: Florges|Florges, F|360\/360
|move|p2a: Hydreigon|Draco Meteor|p1a: Florges
|-immune|p1a: Florges|[msg]
|
|turn|13
|
|switch|p2a: Chesnaught|Chesnaught, M|24\/380
|switch|p1a: Krookodile|Krookodile, F|331\/331
|-ability|p1a: Krookodile|Intimidate|[of] p2a: Chesnaught
|-unboost|p2a: Chesnaught|atk|1
|
|turn|14
|
|move|p2a: Chesnaught|Spiky Shield|p2a: Chesnaught
|-singleturn|p2a: Chesnaught|move: Protect
|move|p1a: Krookodile|Knock Off|p2a: Chesnaught
|-activate|p2a: Chesnaught|move: Protect
|-damage|p1a: Krookodile|290\/331|[from] Spiky Shield|[of] p2a: Chesnaught
|
|turn|15
|
|move|p1a: Krookodile|Knock Off|p2a: Chesnaught
|-crit|p2a: Chesnaught
|-resisted|p2a: Chesnaught
|-damage|p2a: Chesnaught|0 fnt
|-damage|p1a: Krookodile|235\/331|[from] item: Rocky Helmet|[of] p2a: Chesnaught
|-enditem|p2a: Chesnaught|Rocky Helmet|[from] move: Knock Off|[of] p1a: Krookodile
|faint|p2a: Chesnaught
|
|
|switch|p2a: Infernape|Infernape, F|1\/293
|turn|16
|
|switch|p1a: Florges|Florges, F|360\/360
|move|p2a: Infernape|Stealth Rock|p1a: Florges
|-sidestart|p1: VBD OTR|move: Stealth Rock
|
|turn|17
|
|move|p2a: Infernape|Endeavor|p1a: Florges
|-damage|p1a: Florges|1\/360
|move|p1a: Florges|Moonblast|p2a: Infernape
|-damage|p2a: Infernape|0 fnt
|faint|p2a: Infernape
|
|-heal|p1a: Florges|23\/360|[from] item: Leftovers
|
|switch|p2a: Nidoqueen|Nidoqueen, F|366\/366
|turn|18
|
|move|p2a: Nidoqueen|Ice Beam|p1a: Florges
|-damage|p1a: Florges|0 fnt
|faint|p1a: Florges
|
|
|switch|p1a: Krookodile|Krookodile, F|235\/331
|-damage|p1a: Krookodile|215\/331|[from] Stealth Rock
|-ability|p1a: Krookodile|Intimidate|[of] p2a: Nidoqueen
|-unboost|p2a: Nidoqueen|atk|1
|turn|19
|
|move|p1a: Krookodile|Earthquake|p2a: Nidoqueen
|-supereffective|p2a: Nidoqueen
|-damage|p2a: Nidoqueen|0 fnt
|faint|p2a: Nidoqueen
|
|
|switch|p2a: Blastoise|Blastoise-Mega, F|323\/334
|turn|20
|
|move|p1a: Krookodile|Stealth Rock|p2a: Blastoise
|-sidestart|p2: MT Fam|move: Stealth Rock
|move|p2a: Blastoise|Water Pulse|p1a: Krookodile
|-supereffective|p1a: Krookodile
|-damage|p1a: Krookodile|0 fnt
|faint|p1a: Krookodile
|
|
|switch|p1a: Abomasnow|Abomasnow, M|384\/384
|-damage|p1a: Abomasnow|288\/384|[from] Stealth Rock
|turn|21
|
|switch|p2a: Jirachi|Jirachi|285\/341
|-damage|p2a: Jirachi|264\/341|[from] Stealth Rock
|detailschange|p1a: Abomasnow|Abomasnow-Mega, M
|-mega|p1a: Abomasnow|Abomasnow|Abomasite
|-weather|Hail
|move|p1a: Abomasnow|Earthquake|p2a: Jirachi
|-supereffective|p2a: Jirachi
|-damage|p2a: Jirachi|0 fnt
|faint|p2a: Jirachi
|
|-weather|Hail|[upkeep]
|
|switch|p2a: Hydreigon|Hydreigon, M|325\/325
|-damage|p2a: Hydreigon|285\/325|[from] Stealth Rock
|turn|22
|
|move|p1a: Abomasnow|Ice Shard|p2a: Hydreigon
|-supereffective|p2a: Hydreigon
|-damage|p2a: Hydreigon|93\/325
|move|p2a: Hydreigon|Draco Meteor|p1a: Abomasnow
|-damage|p1a: Abomasnow|14\/384
|-unboost|p2a: Hydreigon|spa|2
|-damage|p2a: Hydreigon|61\/325|[from] item: Life Orb
|
|-weather|Hail|[upkeep]
|-damage|p2a: Hydreigon|41\/325|[from] hail
|turn|23
|
|move|p1a: Abomasnow|Ice Shard|p2a: Hydreigon
|-supereffective|p2a: Hydreigon
|-damage|p2a: Hydreigon|0 fnt
|faint|p2a: Hydreigon
|
|-weather|Hail|[upkeep]
|
|switch|p2a: Blastoise|Blastoise-Mega, F|323\/334
|-damage|p2a: Blastoise|282\/334|[from] Stealth Rock
|turn|24
|
|move|p1a: Abomasnow|Ice Shard|p2a: Blastoise
|-resisted|p2a: Blastoise
|-damage|p2a: Blastoise|247\/334
|move|p2a: Blastoise|Dark Pulse|p1a: Abomasnow
|-damage|p1a: Abomasnow|0 fnt
|faint|p1a: Abomasnow
|
|-weather|Hail|[upkeep]
|-damage|p2a: Blastoise|227\/334|[from] hail
|
|switch|p1a: Mienshao|Mienshao, F|226\/271
|-damage|p1a: Mienshao|210\/271|[from] Stealth Rock
|turn|25
|
|move|p1a: Mienshao|High Jump Kick|p2a: Blastoise
|-damage|p2a: Blastoise|0 fnt
|faint|p2a: Blastoise
|
|win|VBD OTR
|raw|Ladder updating...
|raw|VBD OTR's rating: 1545 &rarr; <strong>1560<\/strong><br \/>(+15 for winning)
|raw|MT Fam's rating: 1453 &rarr; <strong>1438<\/strong><br \/>(-15 for losing)
|c|âVBD OTR|gg
|leave|MT Fam
|player|p2