|join|plini
|join|VBD OTR
|player|p1|plini|1
|player|p2|VBD OTR|126
|gametype|singles
|gen|6
|tier|UU
|rated
|rule|Sleep Clause Mod: Limit one foe put to sleep
|rule|Species Clause: Limit one of each PokÃ©mon
|rule|OHKO Clause: OHKO moves are banned
|rule|Moody Clause: Moody is banned
|rule|Evasion Moves Clause: Evasion moves are banned
|rule|Endless Battle Clause: Forcing endless battles is banned
|rule|HP Percentage Mod: HP is shown in percentages
|clearpoke
|poke|p1|Pidgeot, M
|poke|p1|Vaporeon, M
|poke|p1|Nidoking, M
|poke|p1|Celebi
|poke|p1|Gligar, F
|poke|p1|Lucario, M
|poke|p2|Dragalge, M
|poke|p2|Krookodile, F
|poke|p2|Starmie
|poke|p2|Mienshao, F
|poke|p2|Abomasnow, F
|poke|p2|Florges, F
|rule|Swagger Clause: Swagger is banned
|rule|Baton Pass Clause: Limit one PokÃ©mon knowing Baton Pass
|teampreview
|
|start
|switch|p1a: Gligar|Gligar, F|334\/334
|switch|p2a: Dragalge|Dragalge, M|292\/292
|turn|1
|
|move|p1a: Gligar|Stealth Rock|p2a: Dragalge
|-sidestart|p2: VBD OTR|move: Stealth Rock
|move|p2a: Dragalge|Draco Meteor|p1a: Gligar
|-damage|p1a: Gligar|76\/334
|-unboost|p2a: Dragalge|spa|2
|
|turn|2
|
|switch|p2a: Krookodile|Krookodile, F|331\/331
|-damage|p2a: Krookodile|311\/331|[from] Stealth Rock
|-ability|p2a: Krookodile|Intimidate|[of] p1a: Gligar
|-unboost|p1a: Gligar|atk|1
|move|p1a: Gligar|Earthquake|p2a: Krookodile
|-damage|p2a: Krookodile|232\/331
|
|turn|3
|
|move|p2a: Krookodile|Knock Off|p1a: Gligar
|-damage|p1a: Gligar|0 fnt
|-enditem|p1a: Gligar|Eviolite|[from] move: Knock Off|[of] p2a: Krookodile
|faint|p1a: Gligar
|
|
|switch|p1a: Lucario|Lucario, M|281\/281
|turn|4
|
|move|p2a: Krookodile|Earthquake|p1a: Lucario
|-supereffective|p1a: Lucario
|-damage|p1a: Lucario|0 fnt
|faint|p1a: Lucario
|
|
|switch|p1a: Pidgeot|Pidgeot, M|307\/307
|turn|5
|
|detailschange|p1a: Pidgeot|Pidgeot-Mega, M
|-mega|p1a: Pidgeot|Pidgeot|Pidgeotite
|move|p1a: Pidgeot|U-turn|p2a: Krookodile
|-supereffective|p2a: Krookodile
|-damage|p2a: Krookodile|136\/331
|
|switch|p1a: Vaporeon|Vaporeon, M|464\/464
|move|p2a: Krookodile|Stealth Rock|p1a: Vaporeon
|-sidestart|p1: plini|move: Stealth Rock
|
|turn|6
|
|move|p2a: Krookodile|Knock Off|p1a: Vaporeon
|-damage|p1a: Vaporeon|262\/464
|-enditem|p1a: Vaporeon|Leftovers|[from] move: Knock Off|[of] p2a: Krookodile
|move|p1a: Vaporeon|Scald|p2a: Krookodile
|-crit|p2a: Krookodile
|-supereffective|p2a: Krookodile
|-damage|p2a: Krookodile|0 fnt
|faint|p2a: Krookodile
|
|
|switch|p2a: Abomasnow|Abomasnow, F|384\/384
|-damage|p2a: Abomasnow|288\/384|[from] Stealth Rock
|turn|7
|
|switch|p1a: Pidgeot|Pidgeot-Mega, M|307\/307
|-damage|p1a: Pidgeot|231\/307|[from] Stealth Rock
|detailschange|p2a: Abomasnow|Abomasnow-Mega, F
|-mega|p2a: Abomasnow|Abomasnow|Abomasite
|-weather|Hail
|move|p2a: Abomasnow|Swords Dance|p2a: Abomasnow
|-boost|p2a: Abomasnow|atk|2
|
|-weather|Hail|[upkeep]
|-damage|p1a: Pidgeot|212\/307|[from] hail
|turn|8
|c|âplini|gg
|c|âVBD OTR|gg
|-message|plini forfeited.
|leave|plini
|
|win|VBD OTR
|raw|Ladder updating...
|player|p1
|raw|plini's rating: 1604 &rarr; <strong>1579<\/strong><br \/>(-25 for losing)
|raw|VBD OTR's rating: 1511 &rarr; <strong>1537<\/strong><br \/>(+26 for winning)