|join|VBD OTR
|join|MylesK
|player|p1|VBD OTR|126
|player|p2|MylesK|87
|gametype|singles
|gen|6
|tier|UU
|rated
|rule|Sleep Clause Mod: Limit one foe put to sleep
|rule|Species Clause: Limit one of each PokÃ©mon
|rule|OHKO Clause: OHKO moves are banned
|rule|Moody Clause: Moody is banned
|rule|Evasion Moves Clause: Evasion moves are banned
|rule|Endless Battle Clause: Forcing endless battles is banned
|rule|HP Percentage Mod: HP is shown in percentages
|clearpoke
|poke|p1|Dragalge, M
|poke|p1|Krookodile, M
|poke|p1|Tentacruel, M
|poke|p1|Darmanitan, M
|poke|p1|Abomasnow, F
|poke|p1|Florges, F
|poke|p2|Porygon-Z
|poke|p2|Florges, F
|poke|p2|Blastoise, M
|poke|p2|Shaymin
|poke|p2|Toxicroak, F
|poke|p2|Krookodile, M
|rule|Swagger Clause: Swagger is banned
|rule|Baton Pass Clause: Limit one PokÃ©mon knowing Baton Pass
|teampreview
|join|Cristo96
|c| Cristo96|gl
|join|BenzMafia
|
|start
|switch|p1a: Dragalge|Dragalge, M|292\/292
|switch|p2a: Mauloch|Blastoise, M|362\/362
|turn|1
|join|finnigans wake
|join|AmIRealEnough
|
|switch|p2a: Morgana|Florges, F|360\/360
|move|p1a: Dragalge|Draco Meteor|p2a: Morgana
|-immune|p2a: Morgana|[msg]
|
|turn|2
|
|switch|p1a: Tentacruel|Tentacruel, M|361\/361
|move|p2a: Morgana|Protect|p2a: Morgana
|-fail|p2a: Morgana
|
|turn|3
|join|DumbPeopleBeLike
|raw|<div class="broadcast-red"><b>Moderated chat was set to +!<\/b><br \/>Only users of rank + and higher can talk.<\/div>
|
|switch|p2a: Jak|Toxicroak, F|307\/307
|move|p1a: Tentacruel|Toxic Spikes|p2a: Jak
|-sidestart|p2: MylesK|move: Toxic Spikes
|
|turn|4
|raw|<div class="broadcast-blue"><b>Moderated chat was disabled!<\/b><br \/>Anyone may talk now.<\/div>
|c| AmIRealEnough|fkin rip
|c| DumbPeopleBeLike|AV croak sweeps teams
|raw|<div class="broadcast-red"><b>Moderated chat was set to +!<\/b><br \/>Only users of rank + and higher can talk.<\/div>
|raw|<div class="broadcast-blue"><b>Moderated chat was disabled!<\/b><br \/>Anyone may talk now.<\/div>
|c|âMylesK|lol
|
|switch|p1a: Dragalge|Dragalge, M|292\/292
|move|p2a: Jak|Swords Dance|p2a: Jak
|-boost|p2a: Jak|atk|2
|
|turn|5
|
|switch|p2a: Mauloch|Blastoise, M|362\/362
|-status|p2a: Mauloch|psn
|move|p1a: Dragalge|Draco Meteor|p2a: Mauloch|[miss]
|-miss|p1a: Dragalge|p2a: Mauloch
|
|-damage|p2a: Mauloch|317\/362 psn|[from] psn
|turn|6
|c|âVBD OTR|epic
|c|âMylesK|showdown loves me
|
|detailschange|p2a: Mauloch|Blastoise-Mega, M
|-mega|p2a: Mauloch|Blastoise|Blastoisinite
|move|p2a: Mauloch|Rapid Spin|p1a: Dragalge
|-damage|p1a: Dragalge|276\/292
|-sideend|p2: MylesK|Toxic Spikes|[from] move: Rapid Spin|[of] p2a: Mauloch
|move|p1a: Dragalge|Draco Meteor|p2a: Mauloch
|-crit|p2a: Mauloch
|-damage|p2a: Mauloch|0 fnt
|-unboost|p1a: Dragalge|spa|2
|faint|p2a: Mauloch
|
|c|âMylesK|laggy as shit
|c| AmIRealEnough|Piccolo289: is kink into some bdsm or something
|c| AmIRealEnough|Piccolo289: is kink into some bdsm or something
|c| AmIRealEnough|Piccolo289: is kink into some bdsm or something
|c| AmIRealEnough|Piccolo289: is kink into some bdsm or something
|c| AmIRealEnough|Piccolo289: is kink into some bdsm or something
|c| AmIRealEnough|Piccolo289: is kink into some bdsm or something
|
|switch|p2a: Brusher Patrol|Krookodile, M|331\/331
|-ability|p2a: Brusher Patrol|Intimidate|[of] p1a: Dragalge
|-unboost|p1a: Dragalge|atk|1
|turn|7
|
|switch|p1a: Florges|Florges, F|360\/360
|move|p2a: Brusher Patrol|Earthquake|p1a: Florges
|-damage|p1a: Florges|134\/360
|-damage|p2a: Brusher Patrol|298\/331|[from] item: Life Orb
|
|-heal|p1a: Florges|156\/360|[from] item: Leftovers
|turn|8
|
|move|p1a: Florges|Protect|p1a: Florges
|-singleturn|p1a: Florges|Protect
|move|p2a: Brusher Patrol|Earthquake|p1a: Florges
|-activate|p1a: Florges|Protect
|
|-heal|p1a: Florges|178\/360|[from] item: Leftovers
|turn|9
|
|move|p2a: Brusher Patrol|Earthquake|p1a: Florges
|-damage|p1a: Florges|0 fnt
|-damage|p2a: Brusher Patrol|265\/331|[from] item: Life Orb
|faint|p1a: Florges
|
|
|switch|p1a: Darmanitan|Darmanitan, M|351\/351
|turn|10
|
|switch|p2a: Morgana|Florges, F|360\/360
|move|p1a: Darmanitan|U-turn|p2a: Morgana
|-resisted|p2a: Morgana
|-damage|p2a: Morgana|319\/360
|
|switch|p1a: Dragalge|Dragalge, M|276\/292
|
|-heal|p2a: Morgana|341\/360|[from] item: Leftovers
|turn|11
|join|utra
|
|move|p2a: Morgana|Protect|p2a: Morgana
|-singleturn|p2a: Morgana|Protect
|move|p1a: Dragalge|Sludge Wave|p2a: Morgana
|-activate|p2a: Morgana|Protect
|
|-heal|p2a: Morgana|360\/360|[from] item: Leftovers
|turn|12
|c|âVBD OTR|easy double predonk
|c|âVBD OTR|incoming
|join|so dynamic
|join|Barge7799
|
|switch|p2a: Jak|Toxicroak, F|307\/307
|move|p1a: Dragalge|Sludge Wave|p2a: Jak
|-resisted|p2a: Jak
|-damage|p2a: Jak|106\/307
|
|turn|13
|c| so dynamic|god this team is scary af
|c| so dynamic|nnick
|c|âVBD OTR|lmoa
|c|âVBD OTR|research week
|c|âVBD OTR|;]
|c| so dynamic|yh ik
|
|move|p2a: Jak|Gunk Shot|p1a: Dragalge
|-resisted|p1a: Dragalge
|-damage|p1a: Dragalge|147\/292
|-damage|p2a: Jak|76\/307|[from] item: Life Orb
|move|p1a: Dragalge|Sludge Wave|p2a: Jak
|-resisted|p2a: Jak
|-damage|p2a: Jak|0 fnt
|faint|p2a: Jak
|
|c| so dynamic|call croak the counter
|c|âVBD OTR|lmoa
|
|switch|p2a: Brusher Patrol|Krookodile, M|265\/331
|-ability|p2a: Brusher Patrol|Intimidate|[of] p1a: Dragalge
|-unboost|p1a: Dragalge|atk|1
|turn|14
|
|switch|p1a: Abomasnow|Abomasnow, F|384\/384
|move|p2a: Brusher Patrol|Earthquake|p1a: Abomasnow
|-resisted|p1a: Abomasnow
|-damage|p1a: Abomasnow|240\/384
|-damage|p2a: Brusher Patrol|232\/331|[from] item: Life Orb
|
|turn|15
|
|switch|p2a: Morgana|Florges, F|360\/360
|detailschange|p1a: Abomasnow|Abomasnow-Mega, F
|-mega|p1a: Abomasnow|Abomasnow|Abomasite
|-weather|Hail
|move|p1a: Abomasnow|Ice Shard|p2a: Morgana
|-damage|p2a: Morgana|291\/360
|
|-weather|Hail|[upkeep]
|-damage|p2a: Morgana|269\/360|[from] hail
|-heal|p2a: Morgana|291\/360|[from] item: Leftovers
|turn|16
|
|move|p2a: Morgana|Moonblast|p1a: Abomasnow
|-damage|p1a: Abomasnow|120\/384
|move|p1a: Abomasnow|Swords Dance|p1a: Abomasnow
|-boost|p1a: Abomasnow|atk|2
|
|-weather|Hail|[upkeep]
|-damage|p2a: Morgana|269\/360|[from] hail
|-heal|p2a: Morgana|291\/360|[from] item: Leftovers
|turn|17
|
|move|p2a: Morgana|Moonblast|p1a: Abomasnow
|-damage|p1a: Abomasnow|8\/384
|move|p1a: Abomasnow|Seed Bomb|p2a: Morgana
|-damage|p2a: Morgana|0 fnt
|faint|p2a: Morgana
|
|-weather|Hail|[upkeep]
|
|switch|p2a: Millenium Virus|Porygon-Z|311\/311
|turn|18
|
|move|p1a: Abomasnow|Ice Shard|p2a: Millenium Virus
|-damage|p2a: Millenium Virus|83\/311
|move|p2a: Millenium Virus|Tri Attack|p1a: Abomasnow
|-damage|p1a: Abomasnow|0 fnt
|faint|p1a: Abomasnow
|
|-weather|Hail|[upkeep]
|-damage|p2a: Millenium Virus|64\/311|[from] hail
|
|switch|p1a: Darmanitan|Darmanitan, M|351\/351
|turn|19
|
|switch|p2a: Brusher Patrol|Krookodile, M|232\/331
|-ability|p2a: Brusher Patrol|Intimidate|[of] p1a: Darmanitan
|-unboost|p1a: Darmanitan|atk|1
|move|p1a: Darmanitan|U-turn|p2a: Brusher Patrol
|-supereffective|p2a: Brusher Patrol
|-damage|p2a: Brusher Patrol|94\/331
|
|switch|p1a: Krookodile|Krookodile, M|331\/331
|-ability|p1a: Krookodile|Intimidate|[of] p2a: Brusher Patrol
|-unboost|p2a: Brusher Patrol|atk|1
|
|-weather|none
|turn|20
|
|move|p1a: Krookodile|Knock Off|p2a: Brusher Patrol
|-resisted|p2a: Brusher Patrol
|-damage|p2a: Brusher Patrol|0 fnt
|-enditem|p2a: Brusher Patrol|Life Orb|[from] move: Knock Off|[of] p1a: Krookodile
|faint|p2a: Brusher Patrol
|
|c|âMylesK|Showdown is algging
|c|âMylesK|please turn off the timer
|c|âMylesK|please
|
|switch|p2a: Fleur de l'enfer|Shaymin|404\/404
|turn|21
|
|move|p1a: Krookodile|Knock Off|p2a: Fleur de l'enfer
|-damage|p2a: Fleur de l'enfer|203\/404
|-enditem|p2a: Fleur de l'enfer|Leftovers|[from] move: Knock Off|[of] p1a: Krookodile
|move|p2a: Fleur de l'enfer|Seed Flare|p1a: Krookodile
|-supereffective|p1a: Krookodile
|-damage|p1a: Krookodile|0 fnt
|faint|p1a: Krookodile
|
|c|âVBD OTR|http:\/\/prntscr.com\/5jv1wc
|c|âMylesK|enfer*
|
|switch|p1a: Darmanitan|Darmanitan, M|351\/351
|turn|22
|c|âVBD OTR|lmoa
|c|âVBD OTR|i just realized
|c|âMylesK|gg
|leave|utra
|
|move|p1a: Darmanitan|Flare Blitz|p2a: Fleur de l'enfer
|-supereffective|p2a: Fleur de l'enfer
|-damage|p2a: Fleur de l'enfer|0 fnt
|-damage|p1a: Darmanitan|284\/351|[from] recoil|[of] p2a: Fleur de l'enfer
|faint|p2a: Fleur de l'enfer
|
|join|LiberalLucario
|c|âMylesK|gg
|
|switch|p2a: Millenium Virus|Porygon-Z|64\/311
|turn|23
|
|move|p1a: Darmanitan|Flare Blitz|p2a: Millenium Virus
|-damage|p2a: Millenium Virus|0 fnt
|-damage|p1a: Darmanitan|263\/351|[from] recoil|[of] p2a: Millenium Virus
|faint|p2a: Millenium Virus
|
|win|VBD OTR
|raw|Ladder updating...
|raw|VBD OTR's rating: 1438 &rarr; <strong>1450<\/strong><br \/>(+12 for winning)
|raw|MylesK's rating: 1299 &rarr; <strong>1283<\/strong><br \/>(-16 for losing)
|leave|LiberalLucario