|join|VBD OTR
|join|bigdrawlz
|player|p1|VBD OTR|126
|player|p2|bigdrawlz|281
|gametype|singles
|gen|6
|tier|UU
|rated
|rule|Sleep Clause Mod: Limit one foe put to sleep
|rule|Species Clause: Limit one of each PokÃ©mon
|rule|OHKO Clause: OHKO moves are banned
|rule|Moody Clause: Moody is banned
|rule|Evasion Moves Clause: Evasion moves are banned
|rule|Endless Battle Clause: Forcing endless battles is banned
|rule|HP Percentage Mod: HP is shown in percentages
|clearpoke
|poke|p1|Dragalge, F
|poke|p1|Krookodile, M
|poke|p1|Starmie
|poke|p1|Mienshao, F
|poke|p1|Abomasnow, F
|poke|p1|Florges, F
|poke|p2|Machamp, M
|poke|p2|Alakazam, F, shiny
|poke|p2|Gligar, M, shiny
|poke|p2|Tentacruel, F
|poke|p2|Jirachi, shiny
|poke|p2|Hydreigon, M
|rule|Swagger Clause: Swagger is banned
|rule|Baton Pass Clause: Limit one PokÃ©mon knowing Baton Pass
|teampreview
|join|Breakerz
|c|âbigdrawlz|glhf
|
|start
|switch|p1a: Dragalge|Dragalge, F|292\/292
|switch|p2a: Machamp|Machamp, M|383\/383
|turn|1
|c| Breakerz|gl to the both of you
|
|move|p1a: Dragalge|Draco Meteor|p2a: Machamp
|-damage|p2a: Machamp|45\/383
|-unboost|p1a: Dragalge|spa|2
|move|p2a: Machamp|Dynamic Punch|p1a: Dragalge
|-resisted|p1a: Dragalge
|-damage|p1a: Dragalge|188\/292
|-start|p1a: Dragalge|confusion
|
|turn|2
|join|OGWanka
|
|switch|p1a: Florges|Florges, F|360\/360
|switch|p2a: Jirachi|Jirachi, shiny|397\/397
|
|turn|3
|
|move|p1a: Florges|Protect|p1a: Florges
|-singleturn|p1a: Florges|Protect
|move|p2a: Jirachi|Body Slam|p1a: Florges
|-activate|p1a: Florges|Protect
|
|turn|4
|join|lomkek
|
|switch|p1a: Krookodile|Krookodile, M|331\/331
|-ability|p1a: Krookodile|Intimidate|[of] p2a: Jirachi
|-unboost|p2a: Jirachi|atk|1
|move|p2a: Jirachi|Body Slam|p1a: Krookodile
|-damage|p1a: Krookodile|263\/331
|-status|p1a: Krookodile|par
|
|turn|5
|
|move|p1a: Krookodile|Pursuit|p2a: Jirachi|[from]Pursuit
|-crit|p2a: Jirachi
|-supereffective|p2a: Jirachi
|-damage|p2a: Jirachi|0 fnt
|faint|p2a: Jirachi
|
|c|âbigdrawlz|XD
|c| OGWanka|why didnt you go for para flinch
|c| OGWanka|lol
|
|switch|p2a: Gligar|Gligar, M, shiny|333\/333
|turn|6
|c|âbigdrawlz|i dindnt want 2 b tht guy
|c|âbigdrawlz|lol
|
|switch|p1a: Starmie|Starmie|324\/324
|move|p2a: Gligar|U-turn|p1a: Starmie
|-supereffective|p1a: Starmie
|-damage|p1a: Starmie|240\/324
|
|switch|p2a: Hydreigon|Hydreigon, M|326\/326
|
|-heal|p1a: Starmie|260\/324|[from] item: Leftovers
|turn|7
|
|switch|p1a: Florges|Florges, F|360\/360
|move|p2a: Hydreigon|Dark Pulse|p1a: Florges
|-resisted|p1a: Florges
|-damage|p1a: Florges|320\/360
|
|-heal|p1a: Florges|342\/360|[from] item: Leftovers
|turn|8
|
|switch|p2a: Tentacruel|Tentacruel, F|364\/364
|switch|p1a: Dragalge|Dragalge, F|188\/292
|
|turn|9
|
|switch|p2a: Machamp|Machamp, M|45\/383
|move|p1a: Dragalge|Draco Meteor|p2a: Machamp
|-damage|p2a: Machamp|0 fnt
|-unboost|p1a: Dragalge|spa|2
|faint|p2a: Machamp
|
|
|switch|p2a: Alakazam|Alakazam, F, shiny|252\/252
|turn|10
|
|switch|p1a: Florges|Florges, F|342\/360
|move|p2a: Alakazam|Focus Blast|p1a: Florges
|-resisted|p1a: Florges
|-damage|p1a: Florges|293\/360
|
|-heal|p1a: Florges|315\/360|[from] item: Leftovers
|turn|11
|join|Donfantastic
|
|switch|p2a: Gligar|Gligar, M, shiny|333\/333
|move|p1a: Florges|Moonblast|p2a: Gligar
|-damage|p2a: Gligar|207\/333
|
|-heal|p1a: Florges|337\/360|[from] item: Leftovers
|turn|12
|
|move|p2a: Gligar|Stealth Rock|p1a: Florges
|-sidestart|p1: VBD OTR|move: Stealth Rock
|move|p1a: Florges|Moonblast|p2a: Gligar
|-damage|p2a: Gligar|96\/333
|
|-heal|p1a: Florges|359\/360|[from] item: Leftovers
|turn|13
|
|switch|p1a: Starmie|Starmie|260\/324
|-damage|p1a: Starmie|220\/324|[from] Stealth Rock
|move|p2a: Gligar|Roost|p2a: Gligar
|-heal|p2a: Gligar|263\/333
|
|-heal|p1a: Starmie|240\/324|[from] item: Leftovers
|turn|14
|
|move|p1a: Starmie|Rapid Spin|p2a: Gligar
|-damage|p2a: Gligar|258\/333
|-sideend|p1: VBD OTR|Stealth Rock|[from] move: Rapid Spin|[of] p1a: Starmie
|move|p2a: Gligar|U-turn|p1a: Starmie
|-supereffective|p1a: Starmie
|-damage|p1a: Starmie|164\/324
|join|NeoNebuela
|
|switch|p2a: Hydreigon|Hydreigon, M|326\/326
|
|-heal|p1a: Starmie|184\/324|[from] item: Leftovers
|turn|15
|
|move|p2a: Hydreigon|Fire Blast|p1a: Starmie
|-resisted|p1a: Starmie
|-damage|p1a: Starmie|109\/324
|move|p1a: Starmie|Recover|p1a: Starmie
|-heal|p1a: Starmie|271\/324
|
|-heal|p1a: Starmie|291\/324|[from] item: Leftovers
|turn|16
|c|âVBD OTR|there it is :]
|
|switch|p1a: Dragalge|Dragalge, F|188\/292
|move|p2a: Hydreigon|Fire Blast|p1a: Dragalge|[miss]
|-miss|p2a: Hydreigon|p1a: Dragalge
|
|turn|17
|
|switch|p2a: Tentacruel|Tentacruel, F|364\/364
|move|p1a: Dragalge|Draco Meteor|p2a: Tentacruel
|-crit|p2a: Tentacruel
|-damage|p2a: Tentacruel|0 fnt
|-unboost|p1a: Dragalge|spa|2
|faint|p2a: Tentacruel
|
|
|switch|p2a: Hydreigon|Hydreigon, M|326\/326
|turn|18
|
|switch|p1a: Florges|Florges, F|359\/360
|move|p2a: Hydreigon|Dark Pulse|p1a: Florges
|-resisted|p1a: Florges
|-damage|p1a: Florges|317\/360
|
|-heal|p1a: Florges|339\/360|[from] item: Leftovers
|turn|19
|c|âbigdrawlz|ggm8
|
|switch|p1a: Dragalge|Dragalge, F|188\/292
|move|p2a: Hydreigon|Dark Pulse|p1a: Dragalge
|-damage|p1a: Dragalge|68\/292
|
|turn|20
|c|âbigdrawlz|but i will play this out
|
|switch|p1a: Florges|Florges, F|339\/360
|move|p2a: Hydreigon|Dark Pulse|p1a: Florges
|-resisted|p1a: Florges
|-damage|p1a: Florges|300\/360
|
|-heal|p1a: Florges|322\/360|[from] item: Leftovers
|turn|21
|
|switch|p2a: Alakazam|Alakazam, F, shiny|252\/252
|move|p1a: Florges|Moonblast|p2a: Alakazam
|-damage|p2a: Alakazam|120\/252
|
|-heal|p1a: Florges|344\/360|[from] item: Leftovers
|turn|22
|
|move|p2a: Alakazam|Psyshock|p1a: Florges
|-damage|p1a: Florges|197\/360
|move|p1a: Florges|Moonblast|p2a: Alakazam
|-damage|p2a: Alakazam|0 fnt
|faint|p2a: Alakazam
|
|-heal|p1a: Florges|219\/360|[from] item: Leftovers
|
|switch|p2a: Gligar|Gligar, M, shiny|258\/333
|turn|23
|
|switch|p1a: Starmie|Starmie|291\/324
|move|p2a: Gligar|Earthquake|p1a: Starmie
|-damage|p1a: Starmie|198\/324
|
|-heal|p1a: Starmie|218\/324|[from] item: Leftovers
|turn|24
|
|move|p1a: Starmie|Ice Beam|p2a: Gligar
|-supereffective|p2a: Gligar
|-damage|p2a: Gligar|0 fnt
|faint|p2a: Gligar
|
|-heal|p1a: Starmie|238\/324|[from] item: Leftovers
|
|switch|p2a: Hydreigon|Hydreigon, M|326\/326
|turn|25
|
|switch|p1a: Florges|Florges, F|219\/360
|move|p2a: Hydreigon|Dark Pulse|p1a: Florges
|-resisted|p1a: Florges
|-damage|p1a: Florges|178\/360
|
|-heal|p1a: Florges|200\/360|[from] item: Leftovers
|turn|26
|
|move|p2a: Hydreigon|Dark Pulse|p1a: Florges
|-resisted|p1a: Florges
|-damage|p1a: Florges|158\/360
|cant|p1a: Florges|flinch
|
|-heal|p1a: Florges|180\/360|[from] item: Leftovers
|turn|27
|
|move|p2a: Hydreigon|Dark Pulse|p1a: Florges
|-resisted|p1a: Florges
|-damage|p1a: Florges|135\/360
|cant|p1a: Florges|flinch
|
|-heal|p1a: Florges|157\/360|[from] item: Leftovers
|turn|28
|
|move|p2a: Hydreigon|Dark Pulse|p1a: Florges
|-resisted|p1a: Florges
|-damage|p1a: Florges|114\/360
|cant|p1a: Florges|flinch
|
|-heal|p1a: Florges|136\/360|[from] item: Leftovers
|turn|29
|
|move|p2a: Hydreigon|Dark Pulse|p1a: Florges
|-resisted|p1a: Florges
|-damage|p1a: Florges|92\/360
|move|p1a: Florges|Moonblast|p2a: Hydreigon
|-supereffective|p2a: Hydreigon
|-damage|p2a: Hydreigon|0 fnt
|faint|p2a: Hydreigon
|
|win|VBD OTR
|raw|Ladder updating...
|raw|VBD OTR's rating: 1471 &rarr; <strong>1480<\/strong><br \/>(+9 for winning)
|raw|bigdrawlz's rating: 1247 &rarr; <strong>1236<\/strong><br \/>(-11 for losing)
|c|âbigdrawlz|gg
|leave|bigdrawlz
|player|p2
|leave|VBD OTR
|player|p1
|leave|NeoNebuela
|leave|Breakerz
|leave|lomkek