|join|VBD OTR
|join|KillJayKill
|player|p1|VBD OTR|126
|player|p2|KillJayKill|290
|gametype|singles
|gen|6
|tier|UU
|rated
|rule|Sleep Clause Mod: Limit one foe put to sleep
|rule|Species Clause: Limit one of each PokÃ©mon
|rule|OHKO Clause: OHKO moves are banned
|rule|Moody Clause: Moody is banned
|rule|Evasion Moves Clause: Evasion moves are banned
|rule|Endless Battle Clause: Forcing endless battles is banned
|rule|HP Percentage Mod: HP is shown in percentages
|clearpoke
|poke|p1|Dragalge, M
|poke|p1|Krookodile, F
|poke|p1|Starmie
|poke|p1|Mienshao, M
|poke|p1|Abomasnow, F
|poke|p1|Florges, F
|poke|p2|Beedrill, F
|poke|p2|Alakazam, F
|poke|p2|Infernape, M
|poke|p2|Empoleon, M
|poke|p2|Florges, F
|poke|p2|Hydreigon, F
|rule|Swagger Clause: Swagger is banned
|rule|Baton Pass Clause: Limit one PokÃ©mon knowing Baton Pass
|teampreview
|c|âKillJayKill|gl hf
|
|start
|switch|p1a: Dragalge|Dragalge, M|292\/292
|switch|p2a: Infernape|Infernape, M|293\/293
|turn|1
|join|OGWanka
|
|move|p2a: Infernape|U-turn|p1a: Dragalge
|-resisted|p1a: Dragalge
|-damage|p1a: Dragalge|251\/292
|c| OGWanka|swagalge
|
|switch|p2a: Empoleon|Empoleon, M|372\/372
|move|p1a: Dragalge|Sludge Wave|p2a: Empoleon
|-immune|p2a: Empoleon|[msg]
|
|turn|2
|
|switch|p1a: Mienshao|Mienshao, M|271\/271
|move|p2a: Empoleon|Stealth Rock|p1a: Mienshao
|-sidestart|p1: VBD OTR|move: Stealth Rock
|
|turn|3
|join|Alldaalts
|
|move|p1a: Mienshao|U-turn|p2a: Empoleon
|-resisted|p2a: Empoleon
|-damage|p2a: Empoleon|339\/372
|c| OGWanka|lol wot
|
|switch|p1a: Starmie|Starmie|324\/324
|-damage|p1a: Starmie|284\/324|[from] Stealth Rock
|move|p2a: Empoleon|Scald|p1a: Starmie
|-resisted|p1a: Starmie
|-damage|p1a: Starmie|225\/324
|
|-heal|p1a: Starmie|245\/324|[from] item: Leftovers
|-heal|p2a: Empoleon|362\/372|[from] item: Leftovers
|turn|4
|c|âKillJayKill|That was risky af...
|
|switch|p2a: Hydreigon|Hydreigon, F|325\/325
|move|p1a: Starmie|Rapid Spin|p2a: Hydreigon
|-damage|p2a: Hydreigon|310\/325
|-sideend|p1: VBD OTR|Stealth Rock|[from] move: Rapid Spin|[of] p1a: Starmie
|
|-heal|p1a: Starmie|265\/324|[from] item: Leftovers
|turn|5
|join|Typhlosion271
|
|switch|p1a: Florges|Florges, F|360\/360
|move|p2a: Hydreigon|Iron Tail|p1a: Florges
|-supereffective|p1a: Florges
|-damage|p1a: Florges|136\/360
|-damage|p2a: Hydreigon|278\/325|[from] item: Life Orb
|
|-heal|p1a: Florges|158\/360|[from] item: Leftovers
|turn|6
|join|kuza
|
|move|p2a: Hydreigon|Iron Tail|p1a: Florges|[miss]
|-miss|p2a: Hydreigon|p1a: Florges
|move|p1a: Florges|Moonblast|p2a: Hydreigon
|-supereffective|p2a: Hydreigon
|-damage|p2a: Hydreigon|0 fnt
|faint|p2a: Hydreigon
|
|-heal|p1a: Florges|180\/360|[from] item: Leftovers
|c| Typhlosion271|laugh if u miss
|c|âVBD OTR|ez
|c|âVBD OTR|pz
|c|âVBD OTR|lemon
|c|âVBD OTR|sqqez
|c|âKillJayKill|god damn it lol
|c| OGWanka|e
|c| OGWanka|p
|c| OGWanka|i
|c| OGWanka|c
|
|switch|p2a: Beedrill|Beedrill, F|272\/272
|turn|7
|c| kuza|>expecting iron tail to hit
|
|detailschange|p2a: Beedrill|Beedrill-Mega, F
|-mega|p2a: Beedrill|Beedrill|Beedrillite
|move|p2a: Beedrill|Poison Jab|p1a: Florges
|-supereffective|p1a: Florges
|-damage|p1a: Florges|0 fnt
|faint|p1a: Florges
|
|
|switch|p1a: Krookodile|Krookodile, F|331\/331
|-ability|p1a: Krookodile|Intimidate|[of] p2a: Beedrill
|-unboost|p2a: Beedrill|atk|1
|turn|8
|c|âKillJayKill|bruh, i can't hope?
|c|âVBD OTR|scarf eq kills
|c|âVBD OTR|i think
|
|move|p2a: Beedrill|U-turn|p1a: Krookodile
|-supereffective|p1a: Krookodile
|-damage|p1a: Krookodile|27\/331
|c|âVBD OTR|lmao
|c|âVBD OTR|ur ded
|c|âVBD OTR|m8
|c| kuza|loma
|
|move|p1a: Krookodile|Pursuit|p2a: Beedrill|[from]Pursuit
|-damage|p2a: Beedrill|0 fnt
|faint|p2a: Beedrill
|
|c|âKillJayKill|rekt
|c| OGWanka|destroyed
|c|âKillJayKill|I lose
|c| OGWanka|DESTROY HIM
|
|switch|p2a: Infernape|Infernape, M|293\/293
|turn|9
|c|âKillJayKill|Damn man
|
|move|p2a: Infernape|U-turn|p1a: Krookodile
|-supereffective|p1a: Krookodile
|-damage|p1a: Krookodile|0 fnt
|faint|p1a: Krookodile
|
|switch|p2a: Alakazam|Alakazam, F|252\/252
|
|
|switch|p1a: Mienshao|Mienshao, M|271\/271
|turn|10
|c|âKillJayKill|Mercy?
|c|âVBD OTR|forfeit?
|c|âVBD OTR|:]
|c| kuza|obv band
|c|âKillJayKill|lol should i?
|c|âVBD OTR|if you want to
|c|âKillJayKill|:}
|c|âVBD OTR|if you think you cant win
|c| Typhlosion271|totally scarfed
|c|âKillJayKill|Wow, I messed that up
|c| kuza|yeah its scarf
|
|move|p1a: Mienshao|U-turn|p2a: Alakazam
|-supereffective|p2a: Alakazam
|-enditem|p2a: Alakazam|Focus Sash
|-damage|p2a: Alakazam|1\/252
|
|switch|p1a: Abomasnow|Abomasnow, F|384\/384
|move|p2a: Alakazam|Shadow Ball|p1a: Abomasnow
|-damage|p1a: Abomasnow|277\/384
|
|turn|11
|c| kuza|wait it actually is?
|c| Typhlosion271|nice shard
|c|âVBD OTR|ikr
|c|âKillJayKill|I meant the face :]
|
|detailschange|p1a: Abomasnow|Abomasnow-Mega, F
|-mega|p1a: Abomasnow|Abomasnow|Abomasite
|-weather|Hail
|move|p2a: Alakazam|Psychic|p1a: Abomasnow
|-damage|p1a: Abomasnow|114\/384
|move|p1a: Abomasnow|Earthquake|p2a: Alakazam
|-damage|p2a: Alakazam|0 fnt
|faint|p2a: Alakazam
|
|-weather|Hail|[upkeep]
|c|âVBD OTR|o
|c|âVBD OTR|honestly expected emp
|c|âVBD OTR|:P
|c| Typhlosion271|over predict much
|c|âKillJayKill|I know. I was like "Should I? Fuck it, I'm gonna lse anyway."
|
|switch|p2a: Infernape|Infernape, M|293\/293
|turn|12
|
|move|p1a: Abomasnow|Ice Shard|p2a: Infernape
|-resisted|p2a: Infernape
|-damage|p2a: Infernape|244\/293
|move|p2a: Infernape|U-turn|p1a: Abomasnow
|-supereffective|p1a: Abomasnow
|-damage|p1a: Abomasnow|0 fnt
|faint|p1a: Abomasnow
|
|switch|p2a: Florges|Florges, F|360\/360
|
|-weather|Hail|[upkeep]
|-damage|p2a: Florges|338\/360|[from] hail
|-heal|p2a: Florges|360\/360|[from] item: Leftovers
|
|switch|p1a: Dragalge|Dragalge, M|251\/292
|turn|13
|c| Typhlosion271|the nuke is here!!!
|
|move|p2a: Florges|Moonblast|p1a: Dragalge
|-damage|p1a: Dragalge|157\/292
|-unboost|p1a: Dragalge|spa|1
|move|p1a: Dragalge|Focus Blast|p2a: Florges
|-resisted|p2a: Florges
|-damage|p2a: Florges|328\/360
|
|-weather|Hail|[upkeep]
|-damage|p2a: Florges|306\/360|[from] hail
|-damage|p1a: Dragalge|139\/292|[from] hail
|-heal|p2a: Florges|328\/360|[from] item: Leftovers
|turn|14
|c|âVBD OTR|why in the fuck would you ever stay in
|c|âVBD OTR|what the fuck
|c| Typhlosion271|cuz u  over predict a lot
|c|âKillJayKill|Cuz I'm Stewart Pid?
|
|switch|p1a: Starmie|Starmie|265\/324
|move|p2a: Florges|Moonblast|p1a: Starmie
|-damage|p1a: Starmie|126\/324
|
|-weather|Hail|[upkeep]
|-damage|p1a: Starmie|106\/324|[from] hail
|-damage|p2a: Florges|306\/360|[from] hail
|-heal|p1a: Starmie|126\/324|[from] item: Leftovers
|-heal|p2a: Florges|328\/360|[from] item: Leftovers
|turn|15
|c| kuza|why would you predict sfter hes been playing like this?
|c|âKillJayKill|Ouch. My feels
|
|move|p1a: Starmie|Recover|p1a: Starmie
|-heal|p1a: Starmie|288\/324
|move|p2a: Florges|Moonblast|p1a: Starmie
|-crit|p1a: Starmie
|-damage|p1a: Starmie|60\/324
|
|-weather|none
|-heal|p1a: Starmie|80\/324|[from] item: Leftovers
|-heal|p2a: Florges|350\/360|[from] item: Leftovers
|turn|16
|c|âVBD OTR|sigh
|c| Typhlosion271|another crit!!?
|c|âKillJayKill|I apologize for the crit
|c|âVBD OTR|youre gonna win
|join|Donfantastic
|c|âVBD OTR|because of his bs
|c|âKillJayKill|Nah, I'm gonna lose
|c| kuza|well you didnt go into emp on aboma and didnt u turn on florges
|c|âKillJayKill|Wtach me choke
|c|âVBD OTR|you were honestly gonna sac the only thing
|c|âVBD OTR|that gave you the win
|
|move|p1a: Starmie|Recover|p1a: Starmie
|-heal|p1a: Starmie|242\/324
|move|p2a: Florges|Moonblast|p1a: Starmie
|-damage|p1a: Starmie|100\/324
|
|-heal|p1a: Starmie|120\/324|[from] item: Leftovers
|-heal|p2a: Florges|360\/360|[from] item: Leftovers
|turn|17
|
|move|p1a: Starmie|Recover|p1a: Starmie
|-heal|p1a: Starmie|282\/324
|move|p2a: Florges|Moonblast|p1a: Starmie
|-damage|p1a: Starmie|128\/324
|
|-heal|p1a: Starmie|148\/324|[from] item: Leftovers
|turn|18
|
|move|p1a: Starmie|Recover|p1a: Starmie
|-heal|p1a: Starmie|310\/324
|move|p2a: Florges|Moonblast|p1a: Starmie
|-damage|p1a: Starmie|156\/324
|
|-heal|p1a: Starmie|176\/324|[from] item: Leftovers
|turn|19
|
|move|p1a: Starmie|Scald|p2a: Florges
|-damage|p2a: Florges|306\/360
|move|p2a: Florges|Moonblast|p1a: Starmie
|-crit|p1a: Starmie
|-damage|p1a: Starmie|0 fnt
|faint|p1a: Starmie
|
|-heal|p2a: Florges|328\/360|[from] item: Leftovers
|c|âVBD OTR|nice skill
|c| Typhlosion271|crit!!!
|c|âKillJayKill|oh my god, I'm sorry
|c|âVBD OTR|stay in here please
|c|âVBD OTR|you dont deserve this win
|
|switch|p1a: Dragalge|Dragalge, M|139\/292
|turn|20
|c|âVBD OTR|tbh
|c| Typhlosion271|use protect?
|c|âKillJayKill|I feel like it would be courtsey to forfeit
|c|âKillJayKill|after all that bs I pulled
|join|ablert enistein
|
|move|p2a: Florges|Moonblast|p1a: Dragalge
|-damage|p1a: Dragalge|39\/292
|-unboost|p1a: Dragalge|spa|1
|move|p1a: Dragalge|Sludge Wave|p2a: Florges
|-crit|p2a: Florges
|-supereffective|p2a: Florges
|-damage|p2a: Florges|0 fnt
|faint|p2a: Florges
|
|c| ablert enistein|VBD a shit
|c| Donfantastic|we play to win out here
|c|âVBD OTR|then be courteous
|c| kuza|a win is a won is a win
|
|switch|p2a: Infernape|Infernape, M|244\/293
|turn|21
|c|âKillJayKill|lol
|join|Celsius
|c|âVBD OTR|and do the right thing
|c| Donfantastic|the right thing
|c| ablert enistein|is this scarf nape?
|c| Donfantastic|is laugh
|c| Donfantastic|and win
|c| ablert enistein|smh
|c|âKillJayKill|I know. I'm trash
|c| ablert enistein|you are trash
|c| ablert enistein|never forget
|c|âVBD OTR|then be courteous
|c|âVBD OTR|and do the right thing
|c|âKillJayKill|yup
|c|âVBD OTR|and forfeit
|c|âVBD OTR|please
|
|move|p2a: Infernape|Close Combat|p1a: Dragalge
|-resisted|p1a: Dragalge
|-damage|p1a: Dragalge|0 fnt
|-unboost|p2a: Infernape|def|1
|-unboost|p2a: Infernape|spd|1
|faint|p1a: Dragalge
|
|c|âVBD OTR|i need the points
|c| Typhlosion271|miss hjk!!!!!
|c|âVBD OTR|are you really scarf nape
|c|âVBD OTR|smh
|
|switch|p1a: Mienshao|Mienshao, M|271\/271
|turn|22
|
|move|p2a: Infernape|Close Combat|p1a: Mienshao
|-damage|p1a: Mienshao|0 fnt
|-unboost|p2a: Infernape|def|1
|-unboost|p2a: Infernape|spd|1
|faint|p1a: Mienshao
|
|win|KillJayKill
|raw|Ladder updating...
|c| kuza|rip
|c|âVBD OTR|kill yourself
|c|âKillJayKill|why all the hate on scarf ape?
|raw|VBD OTR's rating: 1559 &rarr; <strong>1527<\/strong><br \/>(-32 for losing)
|raw|KillJayKill's rating: 1330 &rarr; <strong>1361<\/strong><br \/>(+31 for winning)
|c|âKillJayKill|lol
|c|âVBD OTR|you played like a tard
|leave|VBD OTR
|c|âKillJayKill|ily
|c| Celsius|mad
|player|p1
|c| ablert enistein|252 Atk Infernape Close Combat vs. 0 HP \/ 0 Def Mienshao: 255-300 (94 - 110.7%) -- 62.5% chance to OHKO
|c| kuza|rood
|c| ablert enistein|lmoa
|leave|kuza
|leave|ablert enistein
|leave|Celsius