|join|VBD OTR
|join|Hummingbrook777
|player|p1|VBD OTR|126
|player|p2|Hummingbrook777|136
|gametype|singles
|gen|6
|tier|UU
|rated
|rule|Sleep Clause Mod: Limit one foe put to sleep
|rule|Species Clause: Limit one of each PokÃ©mon
|rule|OHKO Clause: OHKO moves are banned
|rule|Moody Clause: Moody is banned
|rule|Evasion Moves Clause: Evasion moves are banned
|rule|Endless Battle Clause: Forcing endless battles is banned
|rule|HP Percentage Mod: HP is shown in percentages
|clearpoke
|poke|p1|Abomasnow, M
|poke|p1|Slowking, M
|poke|p1|Dragalge, M
|poke|p1|Cofagrigus, F
|poke|p1|Omastar, M
|poke|p1|Diancie
|poke|p2|Aerodactyl, M
|poke|p2|Froslass, F
|poke|p2|Scrafty, F
|poke|p2|Muk, F
|poke|p2|Cloyster, M
|poke|p2|Florges, F
|rule|Swagger Clause: Swagger is banned
|rule|Baton Pass Clause: Limit one PokÃ©mon knowing Baton Pass
|teampreview
|
|start
|switch|p1a: l33d|Omastar, M|281\/281
|switch|p2a: Froslass|Froslass, F|344\/344
|turn|1
|
|move|p2a: Froslass|Taunt|p1a: l33d
|-start|p1a: l33d|move: Taunt
|move|p1a: l33d|Scald|p2a: Froslass
|-damage|p2a: Froslass|179\/344
|
|turn|2
|
|move|p2a: Froslass|Spikes|p1a: l33d
|-sidestart|p1: VBD OTR|Spikes
|move|p1a: l33d|Scald|p2a: Froslass
|-damage|p2a: Froslass|0 fnt
|faint|p2a: Froslass
|
|c|âHummingbrook777|Oh come now
|
|switch|p2a: Scrafty|Scrafty, F|334\/334
|turn|3
|
|move|p1a: l33d|Scald|p2a: Scrafty
|-damage|p2a: Scrafty|249\/334
|move|p2a: Scrafty|Bulk Up|p2a: Scrafty
|-boost|p2a: Scrafty|atk|1
|-boost|p2a: Scrafty|def|1
|
|-heal|p2a: Scrafty|269\/334|[from] item: Leftovers
|-end|p1a: l33d|move: Taunt
|turn|4
|
|move|p1a: l33d|Stealth Rock|p2a: Scrafty
|-sidestart|p2: Hummingbrook777|move: Stealth Rock
|move|p2a: Scrafty|Drain Punch|p1a: l33d
|-supereffective|p1a: l33d
|-damage|p1a: l33d|69\/281
|-heal|p2a: Scrafty|334\/334|[from] drain|[of] p1a: l33d
|-boost|p1a: l33d|spe|1|[from] ability: Weak Armor
|-unboost|p1a: l33d|def|1|[from] ability: Weak Armor
|
|turn|5
|
|move|p1a: l33d|Scald|p2a: Scrafty
|-damage|p2a: Scrafty|247\/334
|-status|p2a: Scrafty|brn
|move|p2a: Scrafty|Bulk Up|p2a: Scrafty
|-boost|p2a: Scrafty|atk|1
|-boost|p2a: Scrafty|def|1
|
|-heal|p2a: Scrafty|267\/334 brn|[from] item: Leftovers
|-damage|p2a: Scrafty|226\/334 brn|[from] brn
|turn|6
|
|move|p1a: l33d|Scald|p2a: Scrafty
|-damage|p2a: Scrafty|135\/334 brn
|move|p2a: Scrafty|Bulk Up|p2a: Scrafty
|-boost|p2a: Scrafty|atk|1
|-boost|p2a: Scrafty|def|1
|
|-heal|p2a: Scrafty|155\/334 brn|[from] item: Leftovers
|-damage|p2a: Scrafty|114\/334 brn|[from] brn
|turn|7
|
|move|p1a: l33d|Scald|p2a: Scrafty
|-damage|p2a: Scrafty|23\/334 brn
|move|p2a: Scrafty|Rest|p2a: Scrafty
|-status|p2a: Scrafty|slp
|-heal|p2a: Scrafty|334\/334 slp|[silent]
|-status|p2a: Scrafty|slp|[from] move: Rest
|
|turn|8
|
|switch|p1a: not mega|Diancie|304\/304
|-damage|p1a: not mega|266\/304|[from] Spikes
|cant|p2a: Scrafty|slp
|
|-activate|p2a: Scrafty|ability: Shed Skin
|-curestatus|p2a: Scrafty|slp
|turn|9
|
|move|p2a: Scrafty|Drain Punch|p1a: not mega
|-damage|p1a: not mega|130\/304
|move|p1a: not mega|Moonblast|p2a: Scrafty
|-supereffective|p2a: Scrafty
|-damage|p2a: Scrafty|0 fnt
|-damage|p1a: not mega|100\/304|[from] item: Life Orb
|faint|p2a: Scrafty
|
|
|switch|p2a: Muk|Muk, F|414\/414
|-damage|p2a: Muk|363\/414|[from] Stealth Rock
|turn|10
|
|move|p2a: Muk|Curse|p2a: Muk
|-boost|p2a: Muk|atk|1
|-boost|p2a: Muk|def|1
|-unboost|p2a: Muk|spe|1
|move|p1a: not mega|Trick Room|p1a: not mega
|-fieldstart|move: Trick Room|[of] p1a: not mega
|
|turn|11
|
|move|p2a: Muk|Gunk Shot|p1a: not mega
|-damage|p1a: not mega|0 fnt
|faint|p1a: not mega
|
|
|switch|p1a: i killed bunny|Cofagrigus, F|320\/320
|-damage|p1a: i killed bunny|280\/320|[from] Spikes
|turn|12
|
|move|p1a: i killed bunny|Shadow Ball|p2a: Muk
|-damage|p2a: Muk|239\/414
|move|p2a: Muk|Payback|p1a: i killed bunny
|-supereffective|p1a: i killed bunny
|-damage|p1a: i killed bunny|20\/320
|-endability|p2a: Muk|stickyhold|[from] Mummy
|-ability|p2a: Muk|Mummy|[from] Mummy
|
|-heal|p1a: i killed bunny|40\/320|[from] item: Leftovers
|turn|13
|
|move|p2a: Muk|Shadow Sneak|p1a: i killed bunny
|-supereffective|p1a: i killed bunny
|-damage|p1a: i killed bunny|0 fnt
|faint|p1a: i killed bunny
|
|
|switch|p1a: herp|Slowking, M|394\/394
|-damage|p1a: herp|345\/394|[from] Spikes
|turn|14
|
|move|p1a: herp|Psyshock|p2a: Muk
|-supereffective|p2a: Muk
|-damage|p2a: Muk|33\/414
|move|p2a: Muk|Payback|p1a: herp
|-supereffective|p1a: herp
|-damage|p1a: herp|0 fnt
|faint|p1a: herp
|
|-fieldend|move: Trick Room
|
|switch|p1a: l33d|Omastar, M|69\/281
|-damage|p1a: l33d|34\/281|[from] Spikes
|turn|15
|
|move|p2a: Muk|Shadow Sneak|p1a: l33d
|-damage|p1a: l33d|0 fnt
|faint|p1a: l33d
|
|
|switch|p1a: bumbles bounce|Abomasnow, M|384\/384
|-damage|p1a: bumbles bounce|336\/384|[from] Spikes
|-weather|Hail
|turn|16
|join|AmIRealEnough
|
|detailschange|p1a: bumbles bounce|Abomasnow-Mega, M
|message|Abomasnow has Mega Evolved into Mega Abomasnow!
|move|p1a: bumbles bounce|Ice Shard|p2a: Muk
|-damage|p2a: Muk|0 fnt
|faint|p2a: Muk
|
|-weather|Hail|[upkeep]
|
|switch|p2a: Aerodactyl|Aerodactyl, M|302\/302
|-damage|p2a: Aerodactyl|227\/302|[from] Stealth Rock
|-ability|p2a: Aerodactyl|Pressure
|turn|17
|
|detailschange|p2a: Aerodactyl|Aerodactyl-Mega, M
|message|Aerodactyl has Mega Evolved into Mega Aerodactyl!
|move|p2a: Aerodactyl|Protect|p2a: Aerodactyl
|-singleturn|p2a: Aerodactyl|Protect
|move|p1a: bumbles bounce|Ice Shard|p2a: Aerodactyl
|-activate|p2a: Aerodactyl|Protect
|
|-weather|Hail|[upkeep]
|-damage|p2a: Aerodactyl|209\/302|[from] hail
|turn|18
|
|move|p1a: bumbles bounce|Ice Shard|p2a: Aerodactyl
|-supereffective|p2a: Aerodactyl
|-damage|p2a: Aerodactyl|27\/302
|move|p2a: Aerodactyl|Aerial Ace|p1a: bumbles bounce
|-supereffective|p1a: bumbles bounce
|-damage|p1a: bumbles bounce|46\/384
|
|-weather|Hail|[upkeep]
|-damage|p2a: Aerodactyl|9\/302|[from] hail
|turn|19
|
|move|p1a: bumbles bounce|Ice Shard|p2a: Aerodactyl
|-supereffective|p2a: Aerodactyl
|-damage|p2a: Aerodactyl|0 fnt
|faint|p2a: Aerodactyl
|
|-weather|Hail|[upkeep]
|
|switch|p2a: Cloyster|Cloyster, M|242\/242
|-damage|p2a: Cloyster|182\/242|[from] Stealth Rock
|turn|20
|
|move|p2a: Cloyster|Ice Shard|p1a: bumbles bounce
|-crit|p1a: bumbles bounce
|-damage|p1a: bumbles bounce|0 fnt
|faint|p1a: bumbles bounce
|
|-weather|none
|
|switch|p1a: y so srs|Dragalge, M|334\/334
|-damage|p1a: y so srs|293\/334|[from] Spikes
|turn|21
|
|move|p2a: Cloyster|Icicle Spear|p1a: y so srs
|-crit|p1a: y so srs
|-supereffective|p1a: y so srs
|-damage|p1a: y so srs|155\/334
|-supereffective|p1a: y so srs
|-damage|p1a: y so srs|63\/334
|-supereffective|p1a: y so srs
|-damage|p1a: y so srs|0 fnt
|-hitcount|p1a: y so srs|3
|faint|p1a: y so srs
|
|win|Hummingbrook777
|raw|Ladder updating...
|leave|VBD OTR
|player|p1