|join|VBD OTR
|join|Lapo8x
|player|p1|VBD OTR|126
|player|p2|Lapo8x|52
|gametype|singles
|gen|6
|tier|UU
|rated
|rule|Sleep Clause Mod: Limit one foe put to sleep
|rule|Species Clause: Limit one of each PokÃ©mon
|rule|OHKO Clause: OHKO moves are banned
|rule|Moody Clause: Moody is banned
|rule|Evasion Moves Clause: Evasion moves are banned
|rule|Endless Battle Clause: Forcing endless battles is banned
|rule|HP Percentage Mod: HP is shown in percentages
|clearpoke
|poke|p1|Dragalge, M
|poke|p1|Krookodile, M
|poke|p1|Tentacruel, M
|poke|p1|Darmanitan, F
|poke|p1|Abomasnow, F
|poke|p1|Florges, F
|poke|p2|Mienshao, M
|poke|p2|Blissey, F
|poke|p2|Blastoise, M
|poke|p2|Arcanine, F
|poke|p2|Shaymin
|poke|p2|Nidoking, M
|rule|Swagger Clause: Swagger is banned
|rule|Baton Pass Clause: Limit one PokÃ©mon knowing Baton Pass
|teampreview
|join|LiberalLucario
|join|Thisbemyalt
|
|start
|switch|p1a: Krookodile|Krookodile, M|331\/331
|switch|p2a: Shaolin Showdown|Mienshao, M|271\/271
|-ability|p1a: Krookodile|Intimidate|[of] p2a: Shaolin Showdown
|-unboost|p2a: Shaolin Showdown|atk|1
|turn|1
|
|switch|p1a: Tentacruel|Tentacruel, M|361\/361
|move|p2a: Shaolin Showdown|Fake Out|p1a: Tentacruel
|-damage|p1a: Tentacruel|322\/361
|-damage|p2a: Shaolin Showdown|244\/271|[from] item: Life Orb
|
|-heal|p1a: Tentacruel|344\/361|[from] item: Black Sludge
|turn|2
|
|move|p2a: Shaolin Showdown|U-turn|p1a: Tentacruel
|-resisted|p1a: Tentacruel
|-damage|p1a: Tentacruel|313\/361
|-damage|p2a: Shaolin Showdown|217\/271|[from] item: Life Orb
|
|switch|p2a: Min|Shaymin|341\/341
|move|p1a: Tentacruel|Toxic Spikes|p2a: Min
|-sidestart|p2: Lapo8x|move: Toxic Spikes
|
|-heal|p1a: Tentacruel|335\/361|[from] item: Black Sludge
|turn|3
|
|switch|p1a: Florges|Florges, F|360\/360
|move|p2a: Min|Earth Power|p1a: Florges
|-damage|p1a: Florges|292\/360
|-damage|p2a: Min|307\/341|[from] item: Life Orb
|
|-heal|p1a: Florges|314\/360|[from] item: Leftovers
|turn|4
|
|switch|p2a: King Of The Ring|Nidoking, M|303\/303
|-sideend|p2: Lapo8x|move: Toxic Spikes|[of] p2a: King Of The Ring
|move|p1a: Florges|Moonblast|p2a: King Of The Ring
|-resisted|p2a: King Of The Ring
|-damage|p2a: King Of The Ring|231\/303
|-unboost|p2a: King Of The Ring|spa|1
|
|-heal|p1a: Florges|336\/360|[from] item: Leftovers
|turn|5
|
|switch|p1a: Krookodile|Krookodile, M|331\/331
|-ability|p1a: Krookodile|Intimidate|[of] p2a: King Of The Ring
|-unboost|p2a: King Of The Ring|atk|1
|move|p2a: King Of The Ring|Stealth Rock|p1a: Krookodile
|-sidestart|p1: VBD OTR|move: Stealth Rock
|
|turn|6
|
|switch|p2a: Michelangelo|Blastoise, M|361\/361
|move|p1a: Krookodile|Earthquake|p2a: Michelangelo
|-damage|p2a: Michelangelo|207\/361
|
|turn|7
|
|switch|p1a: Florges|Florges, F|336\/360
|-damage|p1a: Florges|291\/360|[from] Stealth Rock
|detailschange|p2a: Michelangelo|Blastoise-Mega, M
|-mega|p2a: Michelangelo|Blastoise|Blastoisinite
|move|p2a: Michelangelo|Scald|p1a: Florges
|-damage|p1a: Florges|191\/360
|
|-heal|p1a: Florges|213\/360|[from] item: Leftovers
|turn|8
|
|switch|p2a: Sasha|Blissey, F|652\/652
|move|p1a: Florges|Wish|p1a: Florges
|
|-heal|p1a: Florges|235\/360|[from] item: Leftovers
|turn|9
|
|switch|p1a: Krookodile|Krookodile, M|331\/331
|-damage|p1a: Krookodile|311\/331|[from] Stealth Rock
|-ability|p1a: Krookodile|Intimidate|[of] p2a: Sasha
|-unboost|p2a: Sasha|atk|1
|move|p2a: Sasha|Seismic Toss|p1a: Krookodile
|-damage|p1a: Krookodile|211\/331
|
|-heal|p1a: Krookodile|331\/331|[from] move: Wish|[wisher] Florges
|turn|10
|
|switch|p2a: Min|Shaymin|307\/341
|move|p1a: Krookodile|Knock Off|p2a: Min
|-damage|p2a: Min|126\/341
|-enditem|p2a: Min|Life Orb|[from] move: Knock Off|[of] p1a: Krookodile
|
|turn|11
|
|switch|p1a: Florges|Florges, F|235\/360
|-damage|p1a: Florges|190\/360|[from] Stealth Rock
|move|p2a: Min|Seed Flare|p1a: Florges
|-damage|p1a: Florges|82\/360
|
|-heal|p1a: Florges|104\/360|[from] item: Leftovers
|turn|12
|
|move|p1a: Florges|Protect|p1a: Florges
|-singleturn|p1a: Florges|Protect
|move|p2a: Min|Seed Flare|p1a: Florges
|-activate|p1a: Florges|Protect
|
|-heal|p1a: Florges|126\/360|[from] item: Leftovers
|turn|13
|
|move|p2a: Min|Synthesis|p2a: Min
|-heal|p2a: Min|296\/341
|move|p1a: Florges|Wish|p1a: Florges
|
|-heal|p1a: Florges|148\/360|[from] item: Leftovers
|turn|14
|
|move|p2a: Min|Seed Flare|p1a: Florges
|-damage|p1a: Florges|40\/360
|move|p1a: Florges|Moonblast|p2a: Min
|-damage|p2a: Min|169\/341
|
|-heal|p1a: Florges|220\/360|[from] move: Wish|[wisher] Florges
|-heal|p1a: Florges|242\/360|[from] item: Leftovers
|turn|15
|c| Thisbemyalt|Your blastoise name is fucking retarded 0\/10
|c|âVBD OTR|dayum
|c|âVBD OTR|r00d
|
|move|p2a: Min|Seed Flare|p1a: Florges|[miss]
|-miss|p2a: Min|p1a: Florges
|move|p1a: Florges|Moonblast|p2a: Min
|-damage|p2a: Min|40\/341
|
|-heal|p1a: Florges|264\/360|[from] item: Leftovers
|turn|16
|
|move|p2a: Min|Synthesis|p2a: Min
|-heal|p2a: Min|210\/341
|move|p1a: Florges|Moonblast|p2a: Min
|-damage|p2a: Min|77\/341
|-unboost|p2a: Min|spa|1
|
|-heal|p1a: Florges|286\/360|[from] item: Leftovers
|turn|17
|c|âLapo8x|it's the name of one ninja turtle
|c|âVBD OTR|thanks we didnt get that
|c|âVBD OTR|,,,
|
|switch|p2a: Sasha|Blissey, F|652\/652
|switch|p1a: Dragalge|Dragalge, M|292\/292
|-damage|p1a: Dragalge|256\/292|[from] Stealth Rock
|
|turn|18
|
|switch|p1a: Krookodile|Krookodile, M|331\/331
|-damage|p1a: Krookodile|311\/331|[from] Stealth Rock
|-ability|p1a: Krookodile|Intimidate|[of] p2a: Sasha
|-unboost|p2a: Sasha|atk|1
|move|p2a: Sasha|Thunder Wave|p1a: Krookodile
|-immune|p1a: Krookodile|[msg]
|
|turn|19
|join|010 You suck
|
|move|p1a: Krookodile|Stealth Rock|p2a: Sasha
|-sidestart|p2: Lapo8x|move: Stealth Rock
|move|p2a: Sasha|Seismic Toss|p1a: Krookodile
|-damage|p1a: Krookodile|211\/331
|
|turn|20
|c|âLapo8x|so, what's the problem?
|c|âVBD OTR|ur mum
|c|âLapo8x|so mature
|c|âVBD OTR|ikr
|
|switch|p2a: Nina|Arcanine, F|383\/383
|-damage|p2a: Nina|288\/383|[from] Stealth Rock
|-ability|p2a: Nina|Intimidate|[of] p1a: Krookodile
|-unboost|p1a: Krookodile|atk|1
|move|p1a: Krookodile|Knock Off|p2a: Nina
|-damage|p2a: Nina|176\/383
|-damage|p1a: Krookodile|156\/331|[from] item: Rocky Helmet|[of] p2a: Nina
|-enditem|p2a: Nina|Rocky Helmet|[from] move: Knock Off|[of] p1a: Krookodile
|
|turn|21
|c|âVBD OTR|just like ur mum
|join|GG no RE nerd
|
|move|p1a: Krookodile|Earthquake|p2a: Nina
|-supereffective|p2a: Nina
|-damage|p2a: Nina|0 fnt
|faint|p2a: Nina
|
|c|âLapo8x|u'r just a bit frustrated
|
|switch|p2a: Shaolin Showdown|Mienshao, M|271\/271
|-damage|p2a: Shaolin Showdown|255\/271|[from] Stealth Rock
|turn|22
|c|âVBD OTR|u'r
|c|âVBD OTR|just
|c|âVBD OTR|a
|c|âVBD OTR|little
|c|âVBD OTR|bit
|c|âVBD OTR|losing
|c|âLapo8x|it happens
|
|switch|p1a: Florges|Florges, F|286\/360
|-damage|p1a: Florges|241\/360|[from] Stealth Rock
|move|p2a: Shaolin Showdown|High Jump Kick|p1a: Florges
|-resisted|p1a: Florges
|-damage|p1a: Florges|105\/360
|-damage|p2a: Shaolin Showdown|228\/271|[from] item: Life Orb
|
|-heal|p1a: Florges|127\/360|[from] item: Leftovers
|turn|23
|c| GG no RE nerd|Michelangelo is the orange turtle blastoise is blue u faggot
|c|âLapo8x|I don't give a fuck
|
|move|p2a: Shaolin Showdown|U-turn|p1a: Florges
|-resisted|p1a: Florges
|-damage|p1a: Florges|76\/360
|-damage|p2a: Shaolin Showdown|201\/271|[from] item: Life Orb
|c|âVBD OTR|i give 3 fucks
|c| GG no RE nerd|Leonardo wouldve had the same effect without making u looking like a color blind retard relying on another human for life support
|
|switch|p2a: King Of The Ring|Nidoking, M|231\/303
|-damage|p2a: King Of The Ring|213\/303|[from] Stealth Rock
|move|p1a: Florges|Moonblast|p2a: King Of The Ring
|-resisted|p2a: King Of The Ring
|-damage|p2a: King Of The Ring|132\/303
|
|-heal|p1a: Florges|98\/360|[from] item: Leftovers
|turn|24
|join|ablert enistein
|c| ablert enistein|nice nido checks
|c|âVBD OTR|thanks!
|
|move|p2a: King Of The Ring|Sludge Wave|p1a: Florges
|-supereffective|p1a: Florges
|-damage|p1a: Florges|0 fnt
|faint|p1a: Florges
|
|c| LiberalLucario|time
|c| LiberalLucario|out
|
|switch|p1a: Abomasnow|Abomasnow, F|384\/384
|-damage|p1a: Abomasnow|288\/384|[from] Stealth Rock
|turn|25
|join|forgot how2play
|
|detailschange|p1a: Abomasnow|Abomasnow-Mega, F
|-mega|p1a: Abomasnow|Abomasnow|Abomasite
|-weather|Hail
|move|p1a: Abomasnow|Ice Shard|p2a: King Of The Ring
|-supereffective|p2a: King Of The Ring
|-damage|p2a: King Of The Ring|0 fnt
|faint|p2a: King Of The Ring
|
|-weather|Hail|[upkeep]
|c|âVBD OTR|tick
|c|âVBD OTR|tock
|c| LiberalLucario|time
|c| LiberalLucario|out
|c| LiberalLucario|time
|c| LiberalLucario|out
|c| LiberalLucario|time
|c| LiberalLucario|out
|c| LiberalLucario|time
|c| LiberalLucario|out
|
|switch|p2a: Shaolin Showdown|Mienshao, M|271\/271
|-damage|p2a: Shaolin Showdown|255\/271|[from] Stealth Rock
|turn|26
|c| LiberalLucario|time
|c| LiberalLucario|out
|
|switch|p1a: Krookodile|Krookodile, M|156\/331
|-damage|p1a: Krookodile|136\/331|[from] Stealth Rock
|-ability|p1a: Krookodile|Intimidate|[of] p2a: Shaolin Showdown
|-unboost|p2a: Shaolin Showdown|atk|1
|move|p2a: Shaolin Showdown|Fake Out|p1a: Krookodile
|-damage|p1a: Krookodile|92\/331
|-damage|p2a: Shaolin Showdown|228\/271|[from] item: Life Orb
|
|-weather|Hail|[upkeep]
|-damage|p2a: Shaolin Showdown|212\/271|[from] hail
|-damage|p1a: Krookodile|72\/331|[from] hail
|turn|27
|
|move|p2a: Shaolin Showdown|High Jump Kick|p1a: Krookodile
|-supereffective|p1a: Krookodile
|-damage|p1a: Krookodile|0 fnt
|-damage|p2a: Shaolin Showdown|185\/271|[from] item: Life Orb
|faint|p1a: Krookodile
|
|-weather|Hail|[upkeep]
|-damage|p2a: Shaolin Showdown|169\/271|[from] hail
|
|switch|p1a: Tentacruel|Tentacruel, M|335\/361
|-damage|p1a: Tentacruel|290\/361|[from] Stealth Rock
|turn|28
|
|switch|p2a: Sasha|Blissey, F|652\/652
|-damage|p2a: Sasha|571\/652|[from] Stealth Rock
|move|p1a: Tentacruel|Rapid Spin|p2a: Sasha
|-damage|p2a: Sasha|552\/652
|-sideend|p1: VBD OTR|Stealth Rock|[from] move: Rapid Spin|[of] p1a: Tentacruel
|
|-weather|Hail|[upkeep]
|-damage|p1a: Tentacruel|268\/361|[from] hail
|-damage|p2a: Sasha|512\/652|[from] hail
|-heal|p1a: Tentacruel|290\/361|[from] item: Black Sludge
|-heal|p2a: Sasha|552\/652|[from] item: Leftovers
|turn|29
|
|move|p1a: Tentacruel|Toxic Spikes|p2a: Sasha
|-sidestart|p2: Lapo8x|move: Toxic Spikes
|move|p2a: Sasha|Thunder Wave|p1a: Tentacruel
|-status|p1a: Tentacruel|par
|
|-weather|none
|-heal|p2a: Sasha|592\/652|[from] item: Leftovers
|-heal|p1a: Tentacruel|312\/361 par|[from] item: Black Sludge
|turn|30
|
|switch|p1a: Darmanitan|Darmanitan, F|351\/351
|move|p2a: Sasha|Seismic Toss|p1a: Darmanitan
|-damage|p1a: Darmanitan|251\/351
|
|-heal|p2a: Sasha|632\/652|[from] item: Leftovers
|turn|31
|
|move|p1a: Darmanitan|Flare Blitz|p2a: Sasha
|-damage|p2a: Sasha|97\/652
|-damage|p1a: Darmanitan|74\/351|[from] recoil|[of] p2a: Sasha
|move|p2a: Sasha|Thunder Wave|p1a: Darmanitan
|-status|p1a: Darmanitan|par
|
|-heal|p2a: Sasha|137\/652|[from] item: Leftovers
|turn|32
|
|switch|p2a: Michelangelo|Blastoise-Mega, M|207\/361
|-status|p2a: Michelangelo|psn
|-damage|p2a: Michelangelo|162\/361 psn|[from] Stealth Rock
|cant|p1a: Darmanitan|par
|
|-damage|p2a: Michelangelo|117\/361 psn|[from] psn
|turn|33
|c| GG no RE nerd|fuckin michelangelo
|
|move|p2a: Michelangelo|Rapid Spin|p1a: Darmanitan
|-damage|p1a: Darmanitan|50\/351 par
|-sideend|p2: Lapo8x|Toxic Spikes|[from] move: Rapid Spin|[of] p2a: Michelangelo
|-sideend|p2: Lapo8x|Stealth Rock|[from] move: Rapid Spin|[of] p2a: Michelangelo
|move|p1a: Darmanitan|Flare Blitz|p2a: Michelangelo
|-resisted|p2a: Michelangelo
|-damage|p2a: Michelangelo|1\/361 psn
|-damage|p1a: Darmanitan|12\/351 par|[from] recoil|[of] p2a: Michelangelo
|
|-damage|p2a: Michelangelo|0 fnt|[from] psn
|faint|p2a: Michelangelo
|
|switch|p2a: Shaolin Showdown|Mienshao, M|259\/271
|turn|34
|
|move|p2a: Shaolin Showdown|Fake Out|p1a: Darmanitan
|-damage|p1a: Darmanitan|0 fnt
|-damage|p2a: Shaolin Showdown|232\/271|[from] item: Life Orb
|faint|p1a: Darmanitan
|
|
|switch|p1a: Dragalge|Dragalge, M|256\/292
|turn|35
|
|move|p2a: Shaolin Showdown|U-turn|p1a: Dragalge
|-resisted|p1a: Dragalge
|-damage|p1a: Dragalge|194\/292
|-damage|p2a: Shaolin Showdown|205\/271|[from] item: Life Orb
|
|switch|p2a: Sasha|Blissey, F|137\/652
|move|p1a: Dragalge|Sludge Wave|p2a: Sasha
|-damage|p2a: Sasha|0 fnt
|faint|p2a: Sasha
|
|
|switch|p2a: Shaolin Showdown|Mienshao, M|271\/271
|turn|36
|join|shitlowladdersays
|
|move|p2a: Shaolin Showdown|Fake Out|p1a: Dragalge
|-damage|p1a: Dragalge|124\/292
|-damage|p2a: Shaolin Showdown|244\/271|[from] item: Life Orb
|cant|p1a: Dragalge|flinch
|
|turn|37
|
|move|p2a: Shaolin Showdown|High Jump Kick|p1a: Dragalge
|-resisted|p1a: Dragalge
|-damage|p1a: Dragalge|0 fnt
|-damage|p2a: Shaolin Showdown|217\/271|[from] item: Life Orb
|faint|p1a: Dragalge
|
|c| shitlowladdersays|Michelangelo is a good name for blastoise
|
|switch|p1a: Tentacruel|Tentacruel, M|312\/361 par
|turn|38
|join|DumbPeopleBeLike
|
|switch|p1a: Abomasnow|Abomasnow-Mega, F|288\/384
|-weather|Hail
|move|p2a: Shaolin Showdown|Knock Off|p1a: Abomasnow
|-damage|p1a: Abomasnow|200\/384
|-damage|p2a: Shaolin Showdown|190\/271|[from] item: Life Orb
|
|-weather|Hail|[upkeep]
|-damage|p2a: Shaolin Showdown|174\/271|[from] hail
|turn|39
|
|switch|p1a: Tentacruel|Tentacruel, M|312\/361 par
|move|p2a: Shaolin Showdown|High Jump Kick|p1a: Tentacruel
|-resisted|p1a: Tentacruel
|-damage|p1a: Tentacruel|166\/361 par
|-damage|p2a: Shaolin Showdown|147\/271|[from] item: Life Orb
|
|-weather|Hail|[upkeep]
|-damage|p2a: Shaolin Showdown|131\/271|[from] hail
|-damage|p1a: Tentacruel|144\/361 par|[from] hail
|-heal|p1a: Tentacruel|166\/361 par|[from] item: Black Sludge
|turn|40
|leave|ablert enistein
|
|move|p2a: Shaolin Showdown|U-turn|p1a: Tentacruel
|-resisted|p1a: Tentacruel
|-damage|p1a: Tentacruel|118\/361 par
|-damage|p2a: Shaolin Showdown|104\/271|[from] item: Life Orb
|
|switch|p2a: Min|Shaymin|77\/341
|move|p1a: Tentacruel|Scald|p2a: Min
|-resisted|p2a: Min
|-damage|p2a: Min|39\/341
|
|-weather|Hail|[upkeep]
|-damage|p2a: Min|18\/341|[from] hail
|-damage|p1a: Tentacruel|96\/361 par|[from] hail
|-heal|p1a: Tentacruel|118\/361 par|[from] item: Black Sludge
|turn|41
|
|switch|p1a: Abomasnow|Abomasnow-Mega, F|200\/384
|move|p2a: Min|Synthesis|p2a: Min
|-heal|p2a: Min|103\/341
|
|-weather|Hail|[upkeep]
|-damage|p2a: Min|82\/341|[from] hail
|turn|42
|
|move|p2a: Min|Psychic|p1a: Abomasnow
|-damage|p1a: Abomasnow|120\/384
|move|p1a: Abomasnow|Swords Dance|p1a: Abomasnow
|-boost|p1a: Abomasnow|atk|2
|
|-weather|none
|turn|43
|c|âVBD OTR|nichze
|
|move|p1a: Abomasnow|Ice Shard|p2a: Min
|-supereffective|p2a: Min
|-damage|p2a: Min|0 fnt
|faint|p2a: Min
|
|
|switch|p2a: Shaolin Showdown|Mienshao, M|194\/271
|turn|44
|
|move|p1a: Abomasnow|Ice Shard|p2a: Shaolin Showdown
|-damage|p2a: Shaolin Showdown|0 fnt
|faint|p2a: Shaolin Showdown
|
|win|VBD OTR
|raw|Ladder updating...
|raw|VBD OTR's rating: 1405 &rarr; <strong>1415<\/strong><br \/>(+10 for winning)
|raw|Lapo8x's rating: 1220 &rarr; <strong>1207<\/strong><br \/>(-13 for losing)
|leave|LiberalLucario
|leave|DumbPeopleBeLike