|join|thewindow
|join|VBD OTR
|player|p1|thewindow|79
|player|p2|VBD OTR|126
|gametype|singles
|gen|6
|tier|UU
|rated
|rule|Sleep Clause Mod: Limit one foe put to sleep
|rule|Species Clause: Limit one of each PokÃ©mon
|rule|OHKO Clause: OHKO moves are banned
|rule|Moody Clause: Moody is banned
|rule|Evasion Moves Clause: Evasion moves are banned
|rule|Endless Battle Clause: Forcing endless battles is banned
|rule|HP Percentage Mod: HP is shown in percentages
|clearpoke
|poke|p1|Beedrill, M
|poke|p1|Forretress, M
|poke|p1|Goodra, M
|poke|p1|Trevenant, F
|poke|p1|Infernape, M
|poke|p1|Mienshao, F
|poke|p2|Dragalge, M
|poke|p2|Krookodile, F
|poke|p2|Starmie
|poke|p2|Mienshao, F
|poke|p2|Abomasnow, M
|poke|p2|Florges, F
|rule|Swagger Clause: Swagger is banned
|rule|Baton Pass Clause: Limit one PokÃ©mon knowing Baton Pass
|teampreview
|
|start
|switch|p1a: Mienshao|Mienshao, F|271\/271
|switch|p2a: Dragalge|Dragalge, M|292\/292
|turn|1
|
|move|p1a: Mienshao|U-turn|p2a: Dragalge
|-resisted|p2a: Dragalge
|-damage|p2a: Dragalge|250\/292
|
|switch|p1a: Forretress|Forretress, M|354\/354
|move|p2a: Dragalge|Draco Meteor|p1a: Forretress|[miss]
|-miss|p2a: Dragalge|p1a: Forretress
|
|turn|2
|c|âVBD OTR|wow
|
|move|p2a: Dragalge|Draco Meteor|p1a: Forretress
|-crit|p1a: Forretress
|-resisted|p1a: Forretress
|-damage|p1a: Forretress|0 fnt
|-unboost|p2a: Dragalge|spa|2
|faint|p1a: Forretress
|
|
|switch|p1a: Goodra|Goodra, M|384\/384
|turn|3
|
|switch|p1a: Beedrill|Beedrill, M|271\/271
|switch|p2a: Florges|Florges, F|360\/360
|
|turn|4
|
|switch|p2a: Krookodile|Krookodile, F|331\/331
|-ability|p2a: Krookodile|Intimidate|[of] p1a: Beedrill
|-unboost|p1a: Beedrill|atk|1
|detailschange|p1a: Beedrill|Beedrill-Mega, M
|-mega|p1a: Beedrill|Beedrill|Beedrillite
|move|p1a: Beedrill|Poison Jab|p2a: Krookodile
|-resisted|p2a: Krookodile
|-damage|p2a: Krookodile|244\/331
|
|turn|5
|c|âVBD OTR|heres hopin scarf eq kills
|
|move|p1a: Beedrill|Protect|p1a: Beedrill
|-singleturn|p1a: Beedrill|Protect
|move|p2a: Krookodile|Pursuit|p1a: Beedrill
|-activate|p1a: Beedrill|Protect
|
|turn|6
|
|move|p1a: Beedrill|U-turn|p2a: Krookodile
|-supereffective|p2a: Krookodile
|-damage|p2a: Krookodile|0 fnt
|faint|p2a: Krookodile
|
|switch|p1a: Mienshao|Mienshao, F|271\/271
|
|
|switch|p2a: Dragalge|Dragalge, M|250\/292
|turn|7
|
|move|p1a: Mienshao|U-turn|p2a: Dragalge
|-resisted|p2a: Dragalge
|-damage|p2a: Dragalge|202\/292
|
|switch|p1a: Infernape|Infernape, M|293\/293
|move|p2a: Dragalge|Draco Meteor|p1a: Infernape
|-damage|p1a: Infernape|0 fnt
|-unboost|p2a: Dragalge|spa|2
|faint|p1a: Infernape
|
|
|switch|p1a: Trevenant|Trevenant, F|374\/374
|turn|8
|
|move|p2a: Dragalge|Draco Meteor|p1a: Trevenant
|-damage|p1a: Trevenant|196\/374
|-unboost|p2a: Dragalge|spa|2
|move|p1a: Trevenant|Substitute|p1a: Trevenant
|-start|p1a: Trevenant|Substitute
|-damage|p1a: Trevenant|103\/374
|-enditem|p1a: Trevenant|Sitrus Berry|[eat]
|-heal|p1a: Trevenant|196\/374|[from] item: Sitrus Berry
|
|-item|p1a: Trevenant|Sitrus Berry|[from] ability: Harvest
|turn|9
|
|switch|p2a: Florges|Florges, F|360\/360
|move|p1a: Trevenant|Leech Seed|p2a: Florges
|-start|p2a: Florges|move: Leech Seed
|
|-damage|p2a: Florges|315\/360|[from] Leech Seed|[of] p1a: Trevenant
|-heal|p1a: Trevenant|241\/374|[silent]
|turn|10
|
|move|p2a: Florges|Moonblast|p1a: Trevenant
|-end|p1a: Trevenant|Substitute
|move|p1a: Trevenant|Shadow Claw|p2a: Florges
|-damage|p2a: Florges|227\/360
|
|-heal|p2a: Florges|249\/360|[from] item: Leftovers
|-damage|p2a: Florges|204\/360|[from] Leech Seed|[of] p1a: Trevenant
|-heal|p1a: Trevenant|286\/374|[silent]
|turn|11
|
|move|p2a: Florges|Moonblast|p1a: Trevenant
|-damage|p1a: Trevenant|190\/374
|move|p1a: Trevenant|Substitute|p1a: Trevenant
|-start|p1a: Trevenant|Substitute
|-damage|p1a: Trevenant|97\/374
|-enditem|p1a: Trevenant|Sitrus Berry|[eat]
|-heal|p1a: Trevenant|190\/374|[from] item: Sitrus Berry
|
|-heal|p2a: Florges|226\/360|[from] item: Leftovers
|-damage|p2a: Florges|181\/360|[from] Leech Seed|[of] p1a: Trevenant
|-heal|p1a: Trevenant|235\/374|[silent]
|-item|p1a: Trevenant|Sitrus Berry|[from] ability: Harvest
|turn|12
|
|move|p2a: Florges|Moonblast|p1a: Trevenant
|-end|p1a: Trevenant|Substitute
|move|p1a: Trevenant|Shadow Claw|p2a: Florges
|-damage|p2a: Florges|91\/360
|
|-heal|p2a: Florges|113\/360|[from] item: Leftovers
|-damage|p2a: Florges|68\/360|[from] Leech Seed|[of] p1a: Trevenant
|-heal|p1a: Trevenant|280\/374|[silent]
|turn|13
|
|move|p2a: Florges|Moonblast|p1a: Trevenant
|-damage|p1a: Trevenant|177\/374
|-unboost|p1a: Trevenant|spa|1
|-enditem|p1a: Trevenant|Sitrus Berry|[eat]
|-heal|p1a: Trevenant|270\/374|[from] item: Sitrus Berry
|move|p1a: Trevenant|Shadow Claw|p2a: Florges
|-damage|p2a: Florges|0 fnt
|faint|p2a: Florges
|
|
|switch|p2a: Dragalge|Dragalge, M|202\/292
|turn|14
|
|move|p2a: Dragalge|Sludge Wave|p1a: Trevenant
|-damage|p1a: Trevenant|26\/374
|move|p1a: Trevenant|Shadow Claw|p2a: Dragalge
|-damage|p2a: Dragalge|100\/292
|
|-item|p1a: Trevenant|Sitrus Berry|[from] ability: Harvest
|-enditem|p1a: Trevenant|Sitrus Berry|[eat]
|-heal|p1a: Trevenant|119\/374|[from] item: Sitrus Berry
|turn|15
|
|move|p2a: Dragalge|Sludge Wave|p1a: Trevenant
|-damage|p1a: Trevenant|0 fnt
|faint|p1a: Trevenant
|
|
|switch|p1a: Beedrill|Beedrill-Mega, M|271\/271
|turn|16
|
|move|p1a: Beedrill|Drill Run|p2a: Dragalge
|-supereffective|p2a: Dragalge
|-damage|p2a: Dragalge|0 fnt
|faint|p2a: Dragalge
|
|
|switch|p2a: Mienshao|Mienshao, F|271\/271
|turn|17
|
|move|p1a: Beedrill|Protect|p1a: Beedrill
|-singleturn|p1a: Beedrill|Protect
|move|p2a: Mienshao|Stone Edge|p1a: Beedrill
|-activate|p1a: Beedrill|Protect
|
|turn|18
|
|switch|p1a: Goodra|Goodra, M|384\/384
|move|p2a: Mienshao|Stone Edge|p1a: Goodra
|-damage|p1a: Goodra|240\/384
|
|turn|19
|
|switch|p2a: Starmie|Starmie|324\/324
|move|p1a: Goodra|Draco Meteor|p2a: Starmie
|-damage|p2a: Starmie|0 fnt
|-unboost|p1a: Goodra|spa|2
|faint|p2a: Starmie
|
|
|switch|p2a: Abomasnow|Abomasnow, M|384\/384
|turn|20
|
|detailschange|p2a: Abomasnow|Abomasnow-Mega, M
|-mega|p2a: Abomasnow|Abomasnow|Abomasite
|-weather|Hail
|move|p1a: Goodra|Draco Meteor|p2a: Abomasnow|[miss]
|-miss|p1a: Goodra|p2a: Abomasnow
|move|p2a: Abomasnow|Swords Dance|p2a: Abomasnow
|-boost|p2a: Abomasnow|atk|2
|
|-weather|Hail|[upkeep]
|-damage|p1a: Goodra|216\/384|[from] hail
|turn|21
|
|move|p1a: Goodra|Draco Meteor|p2a: Abomasnow
|-damage|p2a: Abomasnow|224\/384
|-unboost|p1a: Goodra|spa|2
|move|p2a: Abomasnow|Swords Dance|p2a: Abomasnow
|-boost|p2a: Abomasnow|atk|2
|
|-weather|Hail|[upkeep]
|-damage|p1a: Goodra|192\/384|[from] hail
|turn|22
|
|move|p1a: Goodra|Draco Meteor|p2a: Abomasnow
|-damage|p2a: Abomasnow|121\/384
|-unboost|p1a: Goodra|spa|2
|move|p2a: Abomasnow|Swords Dance|p2a: Abomasnow
|-boost|p2a: Abomasnow|atk|2
|
|-weather|Hail|[upkeep]
|-damage|p1a: Goodra|168\/384|[from] hail
|turn|23
|
|move|p2a: Abomasnow|Ice Shard|p1a: Goodra
|-supereffective|p1a: Goodra
|-damage|p1a: Goodra|0 fnt
|faint|p1a: Goodra
|
|-weather|Hail|[upkeep]
|
|switch|p1a: Mienshao|Mienshao, F|271\/271
|turn|24
|
|move|p2a: Abomasnow|Ice Shard|p1a: Mienshao
|-damage|p1a: Mienshao|0 fnt
|faint|p1a: Mienshao
|
|-weather|none
|c|âthewindow|gg
|c|âVBD OTR|gg
|
|switch|p1a: Beedrill|Beedrill-Mega, M|271\/271
|turn|25
|-message|thewindow forfeited.
|leave|thewindow
|
|win|VBD OTR
|raw|Ladder updating...
|player|p1
|raw|thewindow's rating: 1387 &rarr; <strong>1373<\/strong><br \/>(-14 for losing)
|raw|VBD OTR's rating: 1498 &rarr; <strong>1511<\/strong><br \/>(+13 for winning)