|join|Emma Bae
|join|VBD OTR
|player|p1|Emma Bae|260
|player|p2|VBD OTR|126
|gametype|singles
|gen|6
|tier|UU
|rated
|rule|Sleep Clause Mod: Limit one foe put to sleep
|rule|Species Clause: Limit one of each PokÃ©mon
|rule|OHKO Clause: OHKO moves are banned
|rule|Moody Clause: Moody is banned
|rule|Evasion Moves Clause: Evasion moves are banned
|rule|Endless Battle Clause: Forcing endless battles is banned
|rule|HP Percentage Mod: HP is shown in percentages
|clearpoke
|poke|p1|Mienshao, F
|poke|p1|Sharpedo, M
|poke|p1|Swampert, M
|poke|p1|Yanmega, M
|poke|p1|Crobat, F
|poke|p1|Lucario, M
|poke|p2|Dragalge, M
|poke|p2|Krookodile, M
|poke|p2|Starmie
|poke|p2|Mienshao, M
|poke|p2|Abomasnow, F
|poke|p2|Florges, F
|rule|Swagger Clause: Swagger is banned
|rule|Baton Pass Clause: Limit one PokÃ©mon knowing Baton Pass
|teampreview
|
|start
|switch|p1a: Swampert|Swampert, M|404\/404
|switch|p2a: Dragalge|Dragalge, M|292\/292
|turn|1
|
|move|p2a: Dragalge|Draco Meteor|p1a: Swampert
|-damage|p1a: Swampert|0 fnt
|-unboost|p2a: Dragalge|spa|2
|faint|p1a: Swampert
|
|
|switch|p1a: Lucario|Lucario, M|281\/281
|turn|2
|
|switch|p2a: Krookodile|Krookodile, M|331\/331
|-ability|p2a: Krookodile|Intimidate|[of] p1a: Lucario
|-unboost|p1a: Lucario|atk|1
|move|p1a: Lucario|Close Combat|p2a: Krookodile
|-crit|p2a: Krookodile
|-supereffective|p2a: Krookodile
|-damage|p2a: Krookodile|0 fnt
|-unboost|p1a: Lucario|def|1
|-unboost|p1a: Lucario|spd|1
|-damage|p1a: Lucario|253\/281|[from] item: Life Orb
|faint|p2a: Krookodile
|
|c|âVBD OTR|damn
|c|âVBD OTR|well played
|c|âEmma Bae|;0
|c|âEmma Bae|;)
|
|switch|p2a: Starmie|Starmie|324\/324
|turn|3
|
|switch|p1a: Crobat|Crobat, F|317\/317
|move|p2a: Starmie|Scald|p1a: Crobat
|-damage|p1a: Crobat|209\/317
|
|-heal|p1a: Crobat|228\/317|[from] item: Black Sludge
|turn|4
|
|move|p1a: Crobat|Brave Bird|p2a: Starmie
|-crit|p2a: Starmie
|-damage|p2a: Starmie|104\/324
|-damage|p1a: Crobat|155\/317|[from] recoil|[of] p2a: Starmie
|move|p2a: Starmie|Ice Beam|p1a: Crobat
|-supereffective|p1a: Crobat
|-damage|p1a: Crobat|0 fnt
|faint|p1a: Crobat
|
|-heal|p2a: Starmie|124\/324|[from] item: Leftovers
|
|switch|p1a: Mienshao|Mienshao, F|271\/271
|turn|5
|
|move|p1a: Mienshao|U-turn|p2a: Starmie
|-supereffective|p2a: Starmie
|-damage|p2a: Starmie|0 fnt
|faint|p2a: Starmie
|
|switch|p1a: Yanmega|Yanmega, M|313\/313
|
|
|switch|p2a: Florges|Florges, F|360\/360
|turn|6
|
|move|p1a: Yanmega|Air Slash|p2a: Florges
|-damage|p2a: Florges|251\/360
|-damage|p1a: Yanmega|282\/313|[from] item: Life Orb
|move|p2a: Florges|Moonblast|p1a: Yanmega
|-damage|p1a: Yanmega|75\/313
|
|-heal|p2a: Florges|273\/360|[from] item: Leftovers
|-boost|p1a: Yanmega|spe|1|[from] ability: Speed Boost
|turn|7
|
|move|p2a: Florges|Protect|p2a: Florges
|-singleturn|p2a: Florges|Protect
|move|p1a: Yanmega|Air Slash|p2a: Florges
|-activate|p2a: Florges|Protect
|
|-heal|p2a: Florges|295\/360|[from] item: Leftovers
|-boost|p1a: Yanmega|spe|1|[from] ability: Speed Boost
|turn|8
|
|move|p1a: Yanmega|Air Slash|p2a: Florges
|-damage|p2a: Florges|186\/360
|-damage|p1a: Yanmega|44\/313|[from] item: Life Orb
|cant|p2a: Florges|flinch
|
|-heal|p2a: Florges|208\/360|[from] item: Leftovers
|-boost|p1a: Yanmega|spe|1|[from] ability: Speed Boost
|turn|9
|
|move|p1a: Yanmega|Air Slash|p2a: Florges
|-damage|p2a: Florges|109\/360
|-damage|p1a: Yanmega|13\/313|[from] item: Life Orb
|move|p2a: Florges|Wish|p2a: Florges
|
|-heal|p2a: Florges|131\/360|[from] item: Leftovers
|-boost|p1a: Yanmega|spe|1|[from] ability: Speed Boost
|turn|10
|
|move|p2a: Florges|Protect|p2a: Florges
|-singleturn|p2a: Florges|Protect
|move|p1a: Yanmega|Air Slash|p2a: Florges
|-activate|p2a: Florges|Protect
|
|-heal|p2a: Florges|311\/360|[from] move: Wish|[wisher] Florges
|-heal|p2a: Florges|333\/360|[from] item: Leftovers
|-boost|p1a: Yanmega|spe|1|[from] ability: Speed Boost
|turn|11
|
|move|p1a: Yanmega|Air Slash|p2a: Florges|[miss]
|-miss|p1a: Yanmega|p2a: Florges
|move|p2a: Florges|Wish|p2a: Florges
|
|-heal|p2a: Florges|355\/360|[from] item: Leftovers
|-boost|p1a: Yanmega|spe|1|[from] ability: Speed Boost
|turn|12
|
|move|p1a: Yanmega|Protect|p1a: Yanmega
|-singleturn|p1a: Yanmega|Protect
|move|p2a: Florges|Moonblast|p1a: Yanmega
|-activate|p1a: Yanmega|Protect
|
|-heal|p2a: Florges|360\/360|[from] move: Wish|[wisher] Florges
|turn|13
|
|move|p1a: Yanmega|Air Slash|p2a: Florges
|-damage|p2a: Florges|255\/360
|-damage|p1a: Yanmega|0 fnt|[from] item: Life Orb
|faint|p1a: Yanmega
|cant|p2a: Florges|flinch
|
|-heal|p2a: Florges|277\/360|[from] item: Leftovers
|
|switch|p1a: Lucario|Lucario, M|253\/281
|turn|14
|
|move|p1a: Lucario|Swords Dance|p1a: Lucario
|-boost|p1a: Lucario|atk|2
|move|p2a: Florges|Moonblast|p1a: Lucario
|-damage|p1a: Lucario|88\/281
|
|-heal|p2a: Florges|299\/360|[from] item: Leftovers
|turn|15
|
|move|p2a: Florges|Protect|p2a: Florges
|-singleturn|p2a: Florges|Protect
|move|p1a: Lucario|Bullet Punch|p2a: Florges
|-activate|p2a: Florges|Protect
|
|-heal|p2a: Florges|321\/360|[from] item: Leftovers
|turn|16
|
|move|p1a: Lucario|Bullet Punch|p2a: Florges
|-supereffective|p2a: Florges
|-damage|p2a: Florges|0 fnt
|-damage|p1a: Lucario|60\/281|[from] item: Life Orb
|faint|p2a: Florges
|
|
|switch|p2a: Abomasnow|Abomasnow, F|384\/384
|turn|17
|
|detailschange|p2a: Abomasnow|Abomasnow-Mega, F
|-mega|p2a: Abomasnow|Abomasnow|Abomasite
|-weather|Hail
|move|p1a: Lucario|Bullet Punch|p2a: Abomasnow
|-supereffective|p2a: Abomasnow
|-damage|p2a: Abomasnow|15\/384
|-damage|p1a: Lucario|32\/281|[from] item: Life Orb
|move|p2a: Abomasnow|Ice Shard|p1a: Lucario
|-resisted|p1a: Lucario
|-damage|p1a: Lucario|0 fnt
|faint|p1a: Lucario
|
|-weather|Hail|[upkeep]
|
|switch|p1a: Sharpedo|Sharpedo, M|281\/281
|turn|18
|
|move|p2a: Abomasnow|Ice Shard|p1a: Sharpedo
|-resisted|p1a: Sharpedo
|-damage|p1a: Sharpedo|206\/281
|move|p1a: Sharpedo|Waterfall|p2a: Abomasnow
|-resisted|p2a: Abomasnow
|-damage|p2a: Abomasnow|0 fnt
|faint|p2a: Abomasnow
|
|-weather|Hail|[upkeep]
|-damage|p1a: Sharpedo|189\/281|[from] hail
|-boost|p1a: Sharpedo|spe|1|[from] ability: Speed Boost
|
|switch|p2a: Mienshao|Mienshao, M|271\/271
|turn|19
|
|move|p1a: Sharpedo|Protect|p1a: Sharpedo
|-singleturn|p1a: Sharpedo|Protect
|move|p2a: Mienshao|U-turn|p1a: Sharpedo
|-activate|p1a: Sharpedo|Protect
|
|-weather|Hail|[upkeep]
|-damage|p2a: Mienshao|255\/271|[from] hail
|-damage|p1a: Sharpedo|172\/281|[from] hail
|-boost|p1a: Sharpedo|spe|1|[from] ability: Speed Boost
|turn|20
|
|detailschange|p1a: Sharpedo|Sharpedo-Mega, M
|-mega|p1a: Sharpedo|Sharpedo|Sharpedonite
|move|p1a: Sharpedo|Waterfall|p2a: Mienshao
|-damage|p2a: Mienshao|3\/271
|move|p2a: Mienshao|U-turn|p1a: Sharpedo
|-supereffective|p1a: Sharpedo
|-damage|p1a: Sharpedo|0 fnt
|faint|p1a: Sharpedo
|
|switch|p2a: Dragalge|Dragalge, M|292\/292
|
|-weather|Hail|[upkeep]
|-damage|p2a: Dragalge|274\/292|[from] hail
|
|switch|p1a: Mienshao|Mienshao, F|271\/271
|turn|21
|
|move|p1a: Mienshao|Stone Edge|p2a: Dragalge
|-damage|p2a: Dragalge|80\/292
|move|p2a: Dragalge|Sludge Wave|p1a: Mienshao
|-damage|p1a: Mienshao|0 fnt
|faint|p1a: Mienshao
|
|win|VBD OTR
|raw|Ladder updating...
|raw|Emma Bae's rating: 1511 &rarr; <strong>1490<\/strong><br \/>(-21 for losing)
|raw|VBD OTR's rating: 1494 &rarr; <strong>1515<\/strong><br \/>(+21 for winning)
|c|âVBD OTR|gg :)
|leave|Emma Bae
|player|p1