|join|VBD OTR
|join|Ironpup
|player|p1|VBD OTR|126
|player|p2|Ironpup|150
|gametype|singles
|gen|6
|tier|UU
|rated
|rule|Sleep Clause Mod: Limit one foe put to sleep
|rule|Species Clause: Limit one of each PokÃ©mon
|rule|OHKO Clause: OHKO moves are banned
|rule|Moody Clause: Moody is banned
|rule|Evasion Moves Clause: Evasion moves are banned
|rule|Endless Battle Clause: Forcing endless battles is banned
|rule|HP Percentage Mod: HP is shown in percentages
|clearpoke
|poke|p1|Dragalge, F
|poke|p1|Krookodile, M
|poke|p1|Starmie
|poke|p1|Mienshao, F
|poke|p1|Abomasnow, F
|poke|p1|Florges, F
|poke|p2|Snorlax, F
|poke|p2|Tentacruel, M
|poke|p2|Alomomola, M
|poke|p2|Aggron, M
|poke|p2|Crobat, M
|poke|p2|Blissey, F
|rule|Swagger Clause: Swagger is banned
|rule|Baton Pass Clause: Limit one PokÃ©mon knowing Baton Pass
|teampreview
|
|start
|switch|p1a: Dragalge|Dragalge, F|292\/292
|switch|p2a: Aggron|Aggron, M|344\/344
|turn|1
|
|detailschange|p2a: Aggron|Aggron-Mega, M
|-mega|p2a: Aggron|Aggron|Aggronite
|move|p1a: Dragalge|Focus Blast|p2a: Aggron|[miss]
|-miss|p1a: Dragalge|p2a: Aggron
|move|p2a: Aggron|Heavy Slam|p1a: Dragalge
|-crit|p1a: Dragalge
|-damage|p1a: Dragalge|39\/292
|
|turn|2
|
|switch|p1a: Krookodile|Krookodile, M|331\/331
|-ability|p1a: Krookodile|Intimidate|[of] p2a: Aggron
|-unboost|p2a: Aggron|atk|1
|switch|p2a: Tentacruel|Tentacruel, M|364\/364
|
|turn|3
|
|move|p1a: Krookodile|Stealth Rock|p2a: Tentacruel
|-sidestart|p2: Ironpup|move: Stealth Rock
|move|p2a: Tentacruel|Scald|p1a: Krookodile
|-supereffective|p1a: Krookodile
|-damage|p1a: Krookodile|115\/331
|
|turn|4
|
|move|p1a: Krookodile|Earthquake|p2a: Tentacruel
|-supereffective|p2a: Tentacruel
|-damage|p2a: Tentacruel|32\/364
|move|p2a: Tentacruel|Rapid Spin|p1a: Krookodile
|-damage|p1a: Krookodile|101\/331
|-sideend|p2: Ironpup|Stealth Rock|[from] move: Rapid Spin|[of] p2a: Tentacruel
|
|-heal|p2a: Tentacruel|54\/364|[from] item: Black Sludge
|turn|5
|
|move|p1a: Krookodile|Pursuit|p2a: Tentacruel|[from]Pursuit
|-damage|p2a: Tentacruel|0 fnt
|faint|p2a: Tentacruel
|
|
|switch|p2a: Crobat|Crobat, M|374\/374
|turn|6
|
|switch|p1a: Starmie|Starmie|324\/324
|move|p2a: Crobat|Brave Bird|p1a: Starmie
|-damage|p1a: Starmie|206\/324
|-damage|p2a: Crobat|335\/374|[from] recoil|[of] p1a: Starmie
|
|-heal|p1a: Starmie|226\/324|[from] item: Leftovers
|-heal|p2a: Crobat|358\/374|[from] item: Black Sludge
|turn|7
|
|switch|p2a: Snorlax|Snorlax, F|497\/497
|move|p1a: Starmie|Scald|p2a: Snorlax
|-damage|p2a: Snorlax|430\/497
|
|-heal|p1a: Starmie|246\/324|[from] item: Leftovers
|-heal|p2a: Snorlax|461\/497|[from] item: Leftovers
|turn|8
|
|move|p1a: Starmie|Scald|p2a: Snorlax
|-damage|p2a: Snorlax|389\/497
|move|p2a: Snorlax|Body Slam|p1a: Starmie
|-damage|p1a: Starmie|147\/324
|
|-heal|p1a: Starmie|167\/324|[from] item: Leftovers
|-heal|p2a: Snorlax|420\/497|[from] item: Leftovers
|turn|9
|
|move|p1a: Starmie|Scald|p2a: Snorlax
|-damage|p2a: Snorlax|356\/497
|move|p2a: Snorlax|Curse|p2a: Snorlax
|-boost|p2a: Snorlax|atk|1
|-boost|p2a: Snorlax|def|1
|-unboost|p2a: Snorlax|spe|1
|
|-heal|p1a: Starmie|187\/324|[from] item: Leftovers
|-heal|p2a: Snorlax|387\/497|[from] item: Leftovers
|turn|10
|
|move|p1a: Starmie|Scald|p2a: Snorlax
|-damage|p2a: Snorlax|320\/497
|move|p2a: Snorlax|Body Slam|p1a: Starmie
|-damage|p1a: Starmie|33\/324
|
|-heal|p1a: Starmie|53\/324|[from] item: Leftovers
|-heal|p2a: Snorlax|351\/497|[from] item: Leftovers
|turn|11
|
|move|p1a: Starmie|Scald|p2a: Snorlax
|-damage|p2a: Snorlax|278\/497
|move|p2a: Snorlax|Curse|p2a: Snorlax
|-boost|p2a: Snorlax|atk|1
|-boost|p2a: Snorlax|def|1
|-unboost|p2a: Snorlax|spe|1
|
|-heal|p1a: Starmie|73\/324|[from] item: Leftovers
|-heal|p2a: Snorlax|309\/497|[from] item: Leftovers
|turn|12
|
|move|p1a: Starmie|Scald|p2a: Snorlax
|-crit|p2a: Snorlax
|-damage|p2a: Snorlax|198\/497
|-status|p2a: Snorlax|brn
|move|p2a: Snorlax|Curse|p2a: Snorlax
|-boost|p2a: Snorlax|atk|1
|-boost|p2a: Snorlax|def|1
|-unboost|p2a: Snorlax|spe|1
|
|-heal|p1a: Starmie|93\/324|[from] item: Leftovers
|-heal|p2a: Snorlax|229\/497 brn|[from] item: Leftovers
|-damage|p2a: Snorlax|167\/497 brn|[from] brn
|turn|13
|
|switch|p1a: Abomasnow|Abomasnow, F|384\/384
|move|p2a: Snorlax|Rest|p2a: Snorlax
|-status|p2a: Snorlax|slp
|-heal|p2a: Snorlax|497\/497 slp|[silent]
|-status|p2a: Snorlax|slp|[from] move: Rest
|
|turn|14
|
|detailschange|p1a: Abomasnow|Abomasnow-Mega, F
|-mega|p1a: Abomasnow|Abomasnow|Abomasite
|-weather|Hail
|move|p1a: Abomasnow|Swords Dance|p1a: Abomasnow
|-boost|p1a: Abomasnow|atk|2
|cant|p2a: Snorlax|slp
|move|p2a: Snorlax|Sleep Talk|p2a: Snorlax
|move|p2a: Snorlax|Rest|p2a: Snorlax|[from]Sleep Talk
|-fail|p2a: Snorlax
|
|-weather|Hail|[upkeep]
|-damage|p2a: Snorlax|466\/497 slp|[from] hail
|-heal|p2a: Snorlax|497\/497 slp|[from] item: Leftovers
|turn|15
|
|move|p1a: Abomasnow|Swords Dance|p1a: Abomasnow
|-boost|p1a: Abomasnow|atk|2
|cant|p2a: Snorlax|slp
|move|p2a: Snorlax|Sleep Talk|p2a: Snorlax
|move|p2a: Snorlax|Body Slam|p1a: Abomasnow|[from]Sleep Talk
|-damage|p1a: Abomasnow|110\/384
|-status|p1a: Abomasnow|par
|
|-weather|Hail|[upkeep]
|-damage|p2a: Snorlax|466\/497 slp|[from] hail
|-heal|p2a: Snorlax|497\/497 slp|[from] item: Leftovers
|turn|16
|-message|VBD OTR forfeited.
|leave|VBD OTR
|
|win|Ironpup
|raw|Ladder updating...
|player|p1