|join|AmIRealEnough
|join|VBD OTR
|player|p1|AmIRealEnough|290
|player|p2|VBD OTR|126
|gametype|singles
|gen|6
|tier|UU
|rule|Sleep Clause Mod: Limit one foe put to sleep
|rule|Species Clause: Limit one of each PokÃ©mon
|rule|OHKO Clause: OHKO moves are banned
|rule|Moody Clause: Moody is banned
|rule|Evasion Moves Clause: Evasion moves are banned
|rule|Endless Battle Clause: Forcing endless battles is banned
|rule|HP Percentage Mod: HP is shown in percentages
|clearpoke
|poke|p1|Mienshao, M
|poke|p1|Aggron, M
|poke|p1|Krookodile, M
|poke|p1|Whimsicott, F
|poke|p1|Starmie
|poke|p1|Raikou
|poke|p2|Abomasnow, M
|poke|p2|Slowking, M
|poke|p2|Dragalge, F
|poke|p2|Cofagrigus, F
|poke|p2|Omastar, M
|poke|p2|Diancie
|rule|Swagger Clause: Swagger is banned
|rule|Baton Pass Clause: Limit one PokÃ©mon knowing Baton Pass
|teampreview
|
|start
|switch|p1a: Mienshao|Mienshao, M|271\/271
|switch|p2a: l33d|Omastar, M|281\/281
|turn|1
|
|move|p1a: Mienshao|U-turn|p2a: l33d
|-damage|p2a: l33d|183\/281
|-boost|p2a: l33d|spe|1|[from] ability: Weak Armor
|-unboost|p2a: l33d|def|1|[from] ability: Weak Armor
|
|switch|p1a: Whimsicott|Whimsicott, F|261\/261
|move|p2a: l33d|Stealth Rock|p1a: Whimsicott
|-sidestart|p1: AmIRealEnough|move: Stealth Rock
|
|turn|2
|
|move|p1a: Whimsicott|Encore|p2a: l33d
|-start|p2a: l33d|Encore
|move|p2a: l33d|Stealth Rock|p1a: Whimsicott
|-fail|p1a: Whimsicott
|
|turn|3
|
|move|p1a: Whimsicott|U-turn|p2a: l33d
|-damage|p2a: l33d|137\/281
|-boost|p2a: l33d|spe|1|[from] ability: Weak Armor
|-unboost|p2a: l33d|def|1|[from] ability: Weak Armor
|
|switch|p1a: Starmie|Starmie|324\/324
|-damage|p1a: Starmie|284\/324|[from] Stealth Rock
|move|p2a: l33d|Stealth Rock|p1a: Starmie
|-fail|p1a: Starmie
|
|-heal|p1a: Starmie|304\/324|[from] item: Leftovers
|turn|4
|
|move|p2a: l33d|Stealth Rock|p1a: Starmie
|-fail|p1a: Starmie
|move|p1a: Starmie|Rapid Spin|p2a: l33d
|-resisted|p2a: l33d
|-damage|p2a: l33d|128\/281
|-boost|p2a: l33d|spe|1|[from] ability: Weak Armor
|-unboost|p2a: l33d|def|1|[from] ability: Weak Armor
|-sideend|p1: AmIRealEnough|Stealth Rock|[from] move: Rapid Spin|[of] p1a: Starmie
|
|-heal|p1a: Starmie|324\/324|[from] item: Leftovers
|-end|p2a: l33d|Encore
|turn|5
|
|move|p2a: l33d|Stealth Rock|p1a: Starmie
|-sidestart|p1: AmIRealEnough|move: Stealth Rock
|move|p1a: Starmie|Scald|p2a: l33d
|-damage|p2a: l33d|0 fnt
|faint|p2a: l33d
|
|
|switch|p2a: Cofagrigus|Cofagrigus, F|320\/320
|turn|6
|
|switch|p1a: Krookodile|Krookodile, M|331\/331
|-damage|p1a: Krookodile|311\/331|[from] Stealth Rock
|-ability|p1a: Krookodile|Intimidate|[of] p2a: Cofagrigus
|-unboost|p2a: Cofagrigus|atk|1
|move|p2a: Cofagrigus|Trick Room|p2a: Cofagrigus
|-fieldstart|move: Trick Room|[of] p2a: Cofagrigus
|
|turn|7
|
|move|p2a: Cofagrigus|Nasty Plot|p2a: Cofagrigus
|-boost|p2a: Cofagrigus|spa|2
|move|p1a: Krookodile|Knock Off|p2a: Cofagrigus
|-supereffective|p2a: Cofagrigus
|-damage|p2a: Cofagrigus|0 fnt
|-endability|p1a: Krookodile|intimidate|[from] Mummy
|-ability|p1a: Krookodile|Mummy|[from] Mummy
|-enditem|p2a: Cofagrigus|Leftovers|[from] move: Knock Off|[of] p1a: Krookodile
|faint|p2a: Cofagrigus
|
|
|switch|p2a: bumbles bounce|Abomasnow, M|384\/384
|-weather|Hail
|turn|8
|
|detailschange|p2a: bumbles bounce|Abomasnow-Mega, M
|message|Abomasnow has Mega Evolved into Mega Abomasnow!
|move|p2a: bumbles bounce|Earthquake|p1a: Krookodile
|-damage|p1a: Krookodile|163\/331
|move|p1a: Krookodile|Knock Off|p2a: bumbles bounce
|-damage|p2a: bumbles bounce|239\/384
|
|-weather|Hail|[upkeep]
|-damage|p1a: Krookodile|143\/331|[from] hail
|turn|9
|
|switch|p1a: Starmie|Starmie|324\/324
|-damage|p1a: Starmie|284\/324|[from] Stealth Rock
|move|p2a: bumbles bounce|Earthquake|p1a: Starmie
|-damage|p1a: Starmie|181\/324
|
|-weather|Hail|[upkeep]
|-damage|p1a: Starmie|161\/324|[from] hail
|-heal|p1a: Starmie|181\/324|[from] item: Leftovers
|turn|10
|
|switch|p1a: Krookodile|Krookodile, M|143\/331
|-damage|p1a: Krookodile|123\/331|[from] Stealth Rock
|-ability|p1a: Krookodile|Intimidate|[of] p2a: bumbles bounce
|-unboost|p2a: bumbles bounce|atk|1
|move|p2a: bumbles bounce|Wood Hammer|p1a: Krookodile
|-supereffective|p1a: Krookodile
|-damage|p1a: Krookodile|0 fnt
|-damage|p2a: bumbles bounce|198\/384|[from] recoil|[of] p1a: Krookodile
|faint|p1a: Krookodile
|
|-weather|Hail|[upkeep]
|-fieldend|move: Trick Room
|
|switch|p1a: Mienshao|Mienshao, M|271\/271
|-damage|p1a: Mienshao|255\/271|[from] Stealth Rock
|turn|11
|
|move|p2a: bumbles bounce|Ice Shard|p1a: Mienshao
|-damage|p1a: Mienshao|174\/271
|move|p1a: Mienshao|High Jump Kick|p2a: bumbles bounce
|-supereffective|p2a: bumbles bounce
|-damage|p2a: bumbles bounce|0 fnt
|faint|p2a: bumbles bounce
|
|-weather|Hail|[upkeep]
|-damage|p1a: Mienshao|158\/271|[from] hail
|
|switch|p2a: herp|Slowking, M|394\/394
|turn|12
|
|switch|p1a: Whimsicott|Whimsicott, F|261\/261
|-damage|p1a: Whimsicott|229\/261|[from] Stealth Rock
|move|p2a: herp|Trick Room|p2a: herp
|-fieldstart|move: Trick Room|[of] p2a: herp
|
|-weather|none
|-heal|p1a: Whimsicott|245\/261|[from] item: Leftovers
|turn|13
|
|switch|p2a: not mega|Diancie|304\/304
|move|p1a: Whimsicott|Moonblast|p2a: not mega
|-damage|p2a: not mega|222\/304
|
|-heal|p1a: Whimsicott|261\/261|[from] item: Leftovers
|turn|14
|
|move|p2a: not mega|Moonblast|p1a: Whimsicott
|-damage|p1a: Whimsicott|0 fnt
|-damage|p2a: not mega|192\/304|[from] item: Life Orb
|faint|p1a: Whimsicott
|
|
|switch|p1a: Aggron|Aggron, M|344\/344
|-damage|p1a: Aggron|323\/344|[from] Stealth Rock
|turn|15
|
|detailschange|p1a: Aggron|Aggron-Mega, M
|message|Aggron has Mega Evolved into Mega Aggron!
|move|p2a: not mega|Earth Power|p1a: Aggron
|-supereffective|p1a: Aggron
|-damage|p1a: Aggron|132\/344
|-damage|p2a: not mega|162\/304|[from] item: Life Orb
|move|p1a: Aggron|Heavy Slam|p2a: not mega
|-supereffective|p2a: not mega
|-damage|p2a: not mega|0 fnt
|faint|p2a: not mega
|
|
|switch|p2a: herp|Slowking, M|394\/394
|turn|16
|
|move|p2a: herp|Nasty Plot|p2a: herp
|-boost|p2a: herp|spa|2
|move|p1a: Aggron|Earthquake|p2a: herp
|-damage|p2a: herp|278\/394
|
|-heal|p2a: herp|302\/394|[from] item: Leftovers
|-fieldend|move: Trick Room
|turn|17
|
|move|p1a: Aggron|Roar|p2a: herp
|drag|p2a: y so srs|Dragalge, F|334\/334
|
|turn|18
|
|move|p1a: Aggron|Earthquake|p2a: y so srs
|-supereffective|p2a: y so srs
|-damage|p2a: y so srs|96\/334
|move|p2a: y so srs|Dragon Pulse|p1a: Aggron
|-resisted|p1a: Aggron
|-damage|p1a: Aggron|6\/344
|-damage|p2a: y so srs|63\/334|[from] item: Life Orb
|
|turn|19
|
|move|p1a: Aggron|Earthquake|p2a: y so srs
|-crit|p2a: y so srs
|-supereffective|p2a: y so srs
|-damage|p2a: y so srs|0 fnt
|faint|p2a: y so srs
|
|
|switch|p2a: herp|Slowking, M|394\/394
|turn|20
|
|move|p1a: Aggron|Earthquake|p2a: herp
|-damage|p2a: herp|278\/394
|move|p2a: herp|Nasty Plot|p2a: herp
|-boost|p2a: herp|spa|2
|
|-heal|p2a: herp|302\/394|[from] item: Leftovers
|turn|21
|
|move|p1a: Aggron|Earthquake|p2a: herp
|-damage|p2a: herp|181\/394
|move|p2a: herp|Trick Room|p2a: herp
|-fieldstart|move: Trick Room|[of] p2a: herp
|
|-heal|p2a: herp|205\/394|[from] item: Leftovers
|turn|22
|
|move|p2a: herp|Scald|p1a: Aggron
|-damage|p1a: Aggron|0 fnt
|faint|p1a: Aggron
|
|-heal|p2a: herp|229\/394|[from] item: Leftovers
|
|switch|p1a: Starmie|Starmie|181\/324
|-damage|p1a: Starmie|141\/324|[from] Stealth Rock
|turn|23
|
|move|p2a: herp|Scald|p1a: Starmie
|-resisted|p1a: Starmie
|-damage|p1a: Starmie|0 fnt
|faint|p1a: Starmie
|
|-heal|p2a: herp|253\/394|[from] item: Leftovers
|
|switch|p1a: Raikou|Raikou|322\/322
|-damage|p1a: Raikou|282\/322|[from] Stealth Rock
|-ability|p1a: Raikou|Pressure
|turn|24
|
|move|p2a: herp|Psyshock|p1a: Raikou
|-crit|p1a: Raikou
|-damage|p1a: Raikou|0 fnt
|faint|p1a: Raikou
|
|-heal|p2a: herp|277\/394|[from] item: Leftovers
|
|switch|p1a: Mienshao|Mienshao, M|158\/271
|-damage|p1a: Mienshao|142\/271|[from] Stealth Rock
|turn|25
|
|move|p2a: herp|Psyshock|p1a: Mienshao
|-supereffective|p1a: Mienshao
|-damage|p1a: Mienshao|0 fnt
|faint|p1a: Mienshao
|
|win|VBD OTR
|leave|AmIRealEnough
|player|p1