|join|Mega Pidgeotto
|join|OsamaBinBallin
|player|p1|Mega Pidgeotto|171
|player|p2|OsamaBinBallin|214
|gametype|singles
|gen|6
|tier|UU
|rated
|rule|Sleep Clause Mod: Limit one foe put to sleep
|rule|Species Clause: Limit one of each PokÃ©mon
|rule|OHKO Clause: OHKO moves are banned
|rule|Moody Clause: Moody is banned
|rule|Evasion Moves Clause: Evasion moves are banned
|rule|Endless Battle Clause: Forcing endless battles is banned
|rule|HP Percentage Mod: HP is shown in percentages
|clearpoke
|poke|p1|Infernape, M
|poke|p1|Celebi
|poke|p1|Tornadus, M
|poke|p1|Swampert, F
|poke|p1|Qwilfish, M
|poke|p1|Jirachi
|poke|p2|Medicham, F
|poke|p2|Galvantula, M
|poke|p2|Jirachi
|poke|p2|Roserade, M
|poke|p2|Honchkrow, M
|poke|p2|Tentacruel, M
|rule|Swagger Clause: Swagger is banned
|rule|Baton Pass Clause: Limit one PokÃ©mon knowing Baton Pass
|teampreview
|join|SmashBrosBrawl
|c|+SmashBrosBrawl|i hope medicham 6-0 u
|join|LiberalLucario
|c|âOsamaBinBallin|gl
|c| LiberalLucario|regular
|c| LiberalLucario|medicham
|c| LiberalLucario|6-0
|c| LiberalLucario|you
|c|+SmashBrosBrawl|true
|c|âMega Pidgeotto|which pokemon
|c| LiberalLucario|also lol @ qwilfish
|c|+SmashBrosBrawl|just pursuit tornadus
|c|âMega Pidgeotto|is it even attacking
|c|âMega Pidgeotto|against
|c|+SmashBrosBrawl|ik
|c|+SmashBrosBrawl|fucking qwilfish
|c| LiberalLucario|i am the only person to hit top 5 with qwilfish
|c| LiberalLucario|guaranteed
|
|start
|switch|p1a: Infernape|Infernape, M|293\/293
|switch|p2a: Tentacle Fetish|Tentacruel, M|363\/363
|turn|1
|c|+SmashBrosBrawl|liberalucario i gave him a team
|c|+SmashBrosBrawl|with kyurem medicham queen core
|
|move|p1a: Infernape|Taunt|p2a: Tentacle Fetish
|-start|p2a: Tentacle Fetish|move: Taunt
|move|p2a: Tentacle Fetish|Scald|p1a: Infernape
|-supereffective|p1a: Infernape
|-damage|p1a: Infernape|5\/293
|
|turn|2
|c| LiberalLucario|ok
|c|+SmashBrosBrawl|and he went to ladder with
|c|+SmashBrosBrawl|QWILFISH
|c| LiberalLucario|lmoa
|c| LiberalLucario|pidgeotto thinks for himself.
|
|move|p1a: Infernape|Endeavor|p2a: Tentacle Fetish
|-damage|p2a: Tentacle Fetish|5\/363
|move|p2a: Tentacle Fetish|Rapid Spin|p1a: Infernape
|-damage|p1a: Infernape|0 fnt
|faint|p1a: Infernape
|
|c|+SmashBrosBrawl|endeavor is so broken
|c|âMega Pidgeotto|i will show you a replay of qwilfish destroying
|c|+SmashBrosBrawl|tbh
|c| LiberalLucario|dodmen where's the
|c| LiberalLucario|leadape + duggy core
|c| LiberalLucario|that you used to run :o
|
|switch|p1a: Jirachi|Jirachi|341\/341
|turn|3
|raw|<div class="broadcast-red"><b>Moderated chat was set to +!<\/b><br \/>Only users of rank + and higher can talk.<\/div>
|c|+SmashBrosBrawl|k
|c|+SmashBrosBrawl|why people always do that
|c|+SmashBrosBrawl|idgi
|c|âMega Pidgeotto|i'm ok with this
|
|move|p1a: Jirachi|U-turn|p2a: Tentacle Fetish
|-resisted|p2a: Tentacle Fetish
|-damage|p2a: Tentacle Fetish|0 fnt
|faint|p2a: Tentacle Fetish
|
|switch|p1a: Tornadus|Tornadus, M|299\/299
|
|join|Scootamoon
|
|switch|p2a: Jirachi|Jirachi|341\/341
|turn|4
|
|move|p1a: Tornadus|Rain Dance|p1a: Tornadus
|-weather|RainDance
|move|p2a: Jirachi|U-turn|p1a: Tornadus
|-resisted|p1a: Tornadus
|-damage|p1a: Tornadus|251\/299
|
|switch|p2a: Tarantulas|Galvantula, M|281\/281
|
|-weather|RainDance|[upkeep]
|turn|5
|join|Zhaf
|
|move|p1a: Tornadus|Hurricane|p2a: Tarantulas
|-damage|p2a: Tarantulas|2\/281
|move|p2a: Tarantulas|Thunder|p1a: Tornadus
|-supereffective|p1a: Tornadus
|-damage|p1a: Tornadus|0 fnt
|faint|p1a: Tornadus
|
|-weather|RainDance|[upkeep]
|c|+SmashBrosBrawl|nice
|c|+SmashBrosBrawl|now he has 100 thunder
|c|+SmashBrosBrawl|gj
|
|switch|p1a: Jirachi|Jirachi|341\/341
|turn|6
|
|switch|p2a: Jirachi|Jirachi|341\/341
|move|p1a: Jirachi|U-turn|p2a: Jirachi
|-damage|p2a: Jirachi|265\/341
|
|switch|p1a: Swampert|Swampert, F|347\/347
|
|-weather|RainDance|[upkeep]
|turn|7
|
|detailschange|p1a: Swampert|Swampert-Mega, F
|-mega|p1a: Swampert|Swampert|Swampertite
|move|p2a: Jirachi|U-turn|p1a: Swampert
|-damage|p1a: Swampert|287\/347
|
|switch|p2a: Roserape|Roserade, M|261\/261
|move|p1a: Swampert|Ice Punch|p2a: Roserape
|-supereffective|p2a: Roserape
|-damage|p2a: Roserape|0 fnt
|faint|p2a: Roserape
|
|-weather|RainDance|[upkeep]
|c|âOsamaBinBallin|lol
|c|âOsamaBinBallin|i knew showdown would do that
|
|switch|p2a: Talibanned|Medicham, F|261\/261
|turn|8
|
|switch|p1a: Qwilfish|Qwilfish, M|292\/292
|detailschange|p2a: Talibanned|Medicham-Mega, F
|-mega|p2a: Talibanned|Medicham|Medichamite
|move|p2a: Talibanned|Fake Out|p1a: Qwilfish
|-damage|p1a: Qwilfish|206\/292
|
|-weather|RainDance|[upkeep]
|turn|9
|
|move|p1a: Qwilfish|Waterfall|p2a: Talibanned
|-damage|p2a: Talibanned|49\/261
|-damage|p1a: Qwilfish|177\/292|[from] item: Life Orb
|move|p2a: Talibanned|Psycho Cut|p1a: Qwilfish
|-supereffective|p1a: Qwilfish
|-damage|p1a: Qwilfish|0 fnt
|faint|p1a: Qwilfish
|
|-weather|RainDance|[upkeep]
|
|switch|p1a: Swampert|Swampert-Mega, F|287\/347
|turn|10
|
|move|p2a: Talibanned|Bullet Punch|p1a: Swampert
|-resisted|p1a: Swampert
|-damage|p1a: Swampert|247\/347
|move|p1a: Swampert|Ice Punch|p2a: Talibanned
|-crit|p2a: Talibanned
|-damage|p2a: Talibanned|0 fnt
|faint|p2a: Talibanned
|
|-weather|RainDance|[upkeep]
|
|switch|p2a: Jirachi|Jirachi|265\/341
|turn|11
|
|move|p1a: Swampert|Earthquake|p2a: Jirachi
|-supereffective|p2a: Jirachi
|-damage|p2a: Jirachi|0 fnt
|faint|p2a: Jirachi
|
|-weather|none
|
|switch|p2a: Tarantulas|Galvantula, M|2\/281
|turn|12
|
|switch|p1a: Celebi|Celebi|341\/341
|move|p2a: Tarantulas|Bug Buzz|p1a: Celebi
|-supereffective|p1a: Celebi
|-damage|p1a: Celebi|0 fnt
|faint|p1a: Celebi
|
|
|switch|p1a: Jirachi|Jirachi|341\/341
|turn|13
|leave|LiberalLucario
|
|move|p1a: Jirachi|U-turn|p2a: Tarantulas
|-damage|p2a: Tarantulas|0 fnt
|faint|p2a: Tarantulas
|
|switch|p1a: Swampert|Swampert-Mega, F|247\/347
|
|
|switch|p2a: Pimp Daddy|Honchkrow, M|341\/341
|turn|14
|
|move|p1a: Swampert|Ice Punch|p2a: Pimp Daddy
|-supereffective|p2a: Pimp Daddy
|-damage|p2a: Pimp Daddy|0 fnt
|faint|p2a: Pimp Daddy
|
|win|Mega Pidgeotto
|raw|Ladder updating...
|raw|Mega Pidgeotto's rating: 1534 &rarr; <strong>1549<\/strong><br \/>(+15 for winning)
|raw|OsamaBinBallin's rating: 1456 &rarr; <strong>1441<\/strong><br \/>(-15 for losing)
|c|âOsamaBinBallin|jolly mega swamp
|c|âOsamaBinBallin|smg
|c|âMega Pidgeotto|:]
|leave|OsamaBinBallin