|join|mega pidgeotto
|join|ULT xMarth
|player|p1|mega pidgeotto|171
|player|p2|ULT xMarth|153
|gametype|singles
|gen|6
|tier|UU
|rated
|rule|Sleep Clause Mod: Limit one foe put to sleep
|rule|Species Clause: Limit one of each PokÃ©mon
|rule|OHKO Clause: OHKO moves are banned
|rule|Moody Clause: Moody is banned
|rule|Evasion Moves Clause: Evasion moves are banned
|rule|Endless Battle Clause: Forcing endless battles is banned
|rule|HP Percentage Mod: HP is shown in percentages
|clearpoke
|poke|p1|Serperior, M
|poke|p1|Aggron, M
|poke|p1|Slowking, F
|poke|p1|Krookodile, F
|poke|p1|Florges, F
|poke|p1|Mienshao, F
|poke|p2|Cobalion
|poke|p2|Aerodactyl, M
|poke|p2|Celebi
|poke|p2|Qwilfish, F
|poke|p2|Krookodile, F
|poke|p2|Chandelure, M
|rule|Swagger Clause: Swagger is banned
|rule|Baton Pass Clause: Limit one PokÃ©mon knowing Baton Pass
|teampreview
|
|start
|switch|p1a: Serperior|Serperior, M|291\/291
|switch|p2a: Krookodile|Krookodile, F|331\/331
|-ability|p2a: Krookodile|Intimidate|[of] p1a: Serperior
|-boost|p1a: Serperior|atk|1
|turn|1
|
|switch|p2a: Chandelure|Chandelure, M|289\/289
|move|p1a: Serperior|Leaf Storm|p2a: Chandelure
|-resisted|p2a: Chandelure
|-damage|p2a: Chandelure|186\/289
|-boost|p1a: Serperior|spa|2
|
|turn|2
|
|move|p1a: Serperior|Leaf Storm|p2a: Chandelure
|-resisted|p2a: Chandelure
|-damage|p2a: Chandelure|0 fnt
|-boost|p1a: Serperior|spa|2
|faint|p2a: Chandelure
|
|
|switch|p2a: Aerodactyl|Aerodactyl, M|301\/301
|-ability|p2a: Aerodactyl|Pressure
|turn|3
|
|switch|p1a: Slowking|Slowking, F|391\/391
|detailschange|p2a: Aerodactyl|Aerodactyl-Mega, M
|-mega|p2a: Aerodactyl|Aerodactyl|Aerodactylite
|move|p2a: Aerodactyl|Aerial Ace|p1a: Slowking
|-damage|p1a: Slowking|276\/391
|
|-heal|p1a: Slowking|300\/391|[from] item: Leftovers
|turn|4
|
|switch|p1a: Krookodile|Krookodile, F|331\/331
|-ability|p1a: Krookodile|Intimidate|[of] p2a: Aerodactyl
|-unboost|p2a: Aerodactyl|atk|1
|move|p2a: Aerodactyl|Aerial Ace|p1a: Krookodile
|-damage|p1a: Krookodile|207\/331
|
|turn|5
|
|switch|p1a: Aggron|Aggron, M|344\/344
|move|p2a: Aerodactyl|Aerial Ace|p1a: Aggron
|-resisted|p1a: Aggron
|-damage|p1a: Aggron|331\/344
|
|turn|6
|
|detailschange|p1a: Aggron|Aggron-Mega, M
|-mega|p1a: Aggron|Aggron|Aggronite
|move|p2a: Aerodactyl|Taunt|p1a: Aggron
|-start|p1a: Aggron|move: Taunt
|cant|p1a: Aggron|move: Taunt|Stealth Rock
|
|turn|7
|
|switch|p2a: Qwilfish|Qwilfish, F|333\/333
|-ability|p2a: Qwilfish|Intimidate|[of] p1a: Aggron
|-unboost|p1a: Aggron|atk|1
|switch|p1a: Serperior|Serperior, M|291\/291
|
|turn|8
|
|switch|p2a: Cobalion|Cobalion|323\/323
|move|p1a: Serperior|Leaf Storm|p2a: Cobalion
|-resisted|p2a: Cobalion
|-damage|p2a: Cobalion|199\/323
|-boost|p1a: Serperior|spa|2
|
|-heal|p2a: Cobalion|219\/323|[from] item: Leftovers
|turn|9
|
|switch|p2a: Celebi|Celebi|404\/404
|move|p1a: Serperior|Hidden Power|p2a: Celebi
|-supereffective|p2a: Celebi
|-damage|p2a: Celebi|250\/404
|
|-heal|p2a: Celebi|275\/404|[from] item: Leftovers
|turn|10
|join|ULT Bob
|
|move|p1a: Serperior|Taunt|p2a: Celebi
|-start|p2a: Celebi|move: Taunt
|cant|p2a: Celebi|move: Taunt|Perish Song
|
|-heal|p2a: Celebi|300\/404|[from] item: Leftovers
|turn|11
|c|âmega pidgeotto|broke
|
|switch|p2a: Cobalion|Cobalion|219\/323
|move|p1a: Serperior|Leaf Storm|p2a: Cobalion
|-resisted|p2a: Cobalion
|-damage|p2a: Cobalion|0 fnt
|-boost|p1a: Serperior|spa|2
|faint|p2a: Cobalion
|
|join|dingbat
|
|switch|p2a: Aerodactyl|Aerodactyl-Mega, M|301\/301
|turn|12
|
|switch|p1a: Aggron|Aggron-Mega, M|331\/344
|move|p2a: Aerodactyl|Aerial Ace|p1a: Aggron
|-resisted|p1a: Aggron
|-damage|p1a: Aggron|298\/344
|
|turn|13
|c| ULT Bob|the fk did i just see
|c| dingbat|dodbop
|c| dingbat|dodbop
|c|âULT xMarth|tbh yea
|c|âmega pidgeotto|no switchins
|
|switch|p2a: Qwilfish|Qwilfish, F|333\/333
|-ability|p2a: Qwilfish|Intimidate|[of] p1a: Aggron
|-unboost|p1a: Aggron|atk|1
|move|p1a: Aggron|Stealth Rock|p2a: Qwilfish
|-sidestart|p2: ULT xMarth|move: Stealth Rock
|
|turn|14
|join|Snowballin
|c|âmega pidgeotto|taunt + synth beats blissey lol
|
|switch|p1a: Serperior|Serperior, M|291\/291
|move|p2a: Qwilfish|Spikes|p1a: Serperior
|-sidestart|p1: mega pidgeotto|Spikes
|
|turn|15
|
|move|p1a: Serperior|Leaf Storm|p2a: Qwilfish
|-damage|p2a: Qwilfish|11\/333
|-boost|p1a: Serperior|spa|2
|move|p2a: Qwilfish|Pain Split|p1a: Serperior
|-sethp|p1a: Serperior|151\/291|p2a: Qwilfish|151\/333|[from] move: Pain Split
|
|-heal|p2a: Qwilfish|171\/333|[from] item: Black Sludge
|turn|16
|c| ULT Bob|it beats it even without
|
|switch|p2a: Celebi|Celebi|300\/404
|-damage|p2a: Celebi|250\/404|[from] Stealth Rock
|move|p1a: Serperior|Synthesis|p1a: Serperior
|-heal|p1a: Serperior|291\/291
|
|-heal|p2a: Celebi|275\/404|[from] item: Leftovers
|turn|17
|c| ULT Bob|+4 leaf storm does more than half
|
|switch|p2a: Aerodactyl|Aerodactyl-Mega, M|301\/301
|-damage|p2a: Aerodactyl|226\/301|[from] Stealth Rock
|move|p1a: Serperior|Hidden Power|p2a: Aerodactyl
|-resisted|p2a: Aerodactyl
|-damage|p2a: Aerodactyl|176\/301
|
|turn|18
|
|switch|p1a: Aggron|Aggron-Mega, M|298\/344
|-damage|p1a: Aggron|255\/344|[from] Spikes
|move|p2a: Aerodactyl|Earthquake|p1a: Aggron
|-supereffective|p1a: Aggron
|-damage|p1a: Aggron|177\/344
|
|turn|19
|c| dingbat|.weak
|
|switch|p2a: Krookodile|Krookodile, F|331\/331
|-damage|p2a: Krookodile|311\/331|[from] Stealth Rock
|-ability|p2a: Krookodile|Intimidate|[of] p1a: Aggron
|-unboost|p1a: Aggron|atk|1
|move|p1a: Aggron|Roar|p2a: Krookodile
|drag|p2a: Celebi|Celebi|275\/404
|-damage|p2a: Celebi|225\/404|[from] Stealth Rock
|
|-heal|p2a: Celebi|250\/404|[from] item: Leftovers
|turn|20
|c| Snowballin|It's not that he's weak
|
|switch|p1a: Krookodile|Krookodile, F|207\/331
|-damage|p1a: Krookodile|166\/331|[from] Spikes
|-ability|p1a: Krookodile|Intimidate|[of] p2a: Celebi
|-unboost|p2a: Celebi|atk|1
|move|p2a: Celebi|Stealth Rock|p1a: Krookodile
|-sidestart|p1: mega pidgeotto|move: Stealth Rock
|
|-heal|p2a: Celebi|275\/404|[from] item: Leftovers
|turn|21
|c| Snowballin|aggron is just too strong
|c| Snowballin|:[
|
|move|p1a: Krookodile|Knock Off|p2a: Celebi
|-supereffective|p2a: Celebi
|-damage|p2a: Celebi|0 fnt
|-enditem|p2a: Celebi|Leftovers|[from] move: Knock Off|[of] p1a: Krookodile
|faint|p2a: Celebi
|
|
|switch|p2a: Aerodactyl|Aerodactyl-Mega, M|176\/301
|-damage|p2a: Aerodactyl|101\/301|[from] Stealth Rock
|turn|22
|c|âULT xMarth|wait why is serp b+
|c|âmega pidgeotto|idk
|c|âmega pidgeotto|and shaymin is A
|c|âmega pidgeotto|rofl
|c|âULT xMarth|isnt it better than like megascept
|
|move|p2a: Aerodactyl|Aerial Ace|p1a: Krookodile
|-damage|p1a: Krookodile|0 fnt
|faint|p1a: Krookodile
|
|
|switch|p1a: Slowking|Slowking, F|391\/391
|-damage|p1a: Slowking|343\/391|[from] Stealth Rock
|-damage|p1a: Slowking|295\/391|[from] Spikes
|turn|23
|c|âULT xMarth|dingbat fix plz
|c|âmega pidgeotto|i would never
|
|switch|p2a: Qwilfish|Qwilfish, F|171\/333
|-damage|p2a: Qwilfish|130\/333|[from] Stealth Rock
|-ability|p2a: Qwilfish|Intimidate|[of] p1a: Slowking
|-unboost|p1a: Slowking|atk|1
|move|p1a: Slowking|Scald|p2a: Qwilfish
|-resisted|p2a: Qwilfish
|-damage|p2a: Qwilfish|54\/333
|
|-heal|p2a: Qwilfish|74\/333|[from] item: Black Sludge
|-heal|p1a: Slowking|319\/391|[from] item: Leftovers
|turn|24
|c|âmega pidgeotto|use shaymin
|c|âmega pidgeotto|ever again
|
|move|p2a: Qwilfish|Pain Split|p1a: Slowking
|-sethp|p1a: Slowking|196\/391|p2a: Qwilfish|196\/333|[from] move: Pain Split
|move|p1a: Slowking|Psyshock|p2a: Qwilfish
|-supereffective|p2a: Qwilfish
|-damage|p2a: Qwilfish|26\/333
|
|-heal|p2a: Qwilfish|46\/333|[from] item: Black Sludge
|-heal|p1a: Slowking|220\/391|[from] item: Leftovers
|turn|25
|c| ULT Bob|shaymin is so bad
|c|âmega pidgeotto|"but it has le coverage moves
|c| Snowballin|:[
|
|move|p2a: Qwilfish|Taunt|p1a: Slowking
|-start|p1a: Slowking|move: Taunt
|move|p1a: Slowking|Scald|p2a: Qwilfish
|-resisted|p2a: Qwilfish
|-damage|p2a: Qwilfish|0 fnt
|faint|p2a: Qwilfish
|
|-heal|p1a: Slowking|244\/391|[from] item: Leftovers
|
|switch|p2a: Krookodile|Krookodile, F|311\/331
|-damage|p2a: Krookodile|291\/331|[from] Stealth Rock
|-ability|p2a: Krookodile|Intimidate|[of] p1a: Slowking
|-unboost|p1a: Slowking|atk|1
|turn|26
|c|âULT xMarth|wait does serp and dugtrio beat tier?
|c|âULT xMarth|cause trapping fire types
|c|âmega pidgeotto|nah
|c|âmega pidgeotto|rachi adn crobat are more threat
|
|switch|p1a: Florges|Florges, F|359\/359
|-damage|p1a: Florges|315\/359|[from] Stealth Rock
|-damage|p1a: Florges|271\/359|[from] Spikes
|move|p2a: Krookodile|Knock Off|p1a: Florges
|-resisted|p1a: Florges
|-damage|p1a: Florges|158\/359
|-enditem|p1a: Florges|Leftovers|[from] move: Knock Off|[of] p2a: Krookodile
|
|turn|27
|c| ULT Bob|you forgot sap sipper goodra
|c|âmega pidgeotto|tru
|
|move|p2a: Krookodile|Knock Off|p1a: Florges
|-resisted|p1a: Florges
|-damage|p1a: Florges|80\/359
|move|p1a: Florges|Moonblast|p2a: Krookodile
|-supereffective|p2a: Krookodile
|-damage|p2a: Krookodile|0 fnt
|faint|p2a: Krookodile
|
|
|switch|p2a: Aerodactyl|Aerodactyl-Mega, M|101\/301
|-damage|p2a: Aerodactyl|26\/301|[from] Stealth Rock
|turn|28
|
|move|p2a: Aerodactyl|Aerial Ace|p1a: Florges
|-crit|p1a: Florges
|-damage|p1a: Florges|0 fnt
|faint|p1a: Florges
|
|
|switch|p1a: Mienshao|Mienshao, F|271\/271
|-damage|p1a: Mienshao|255\/271|[from] Stealth Rock
|-damage|p1a: Mienshao|222\/271|[from] Spikes
|turn|29
|c|âmega pidgeotto|gg
|c|âmega pidgeotto|gonna bring up
|c|âULT xMarth|just miss here
|c|âmega pidgeotto|serp in viability
|
|move|p1a: Mienshao|Knock Off|p2a: Aerodactyl
|-damage|p2a: Aerodactyl|0 fnt
|faint|p2a: Aerodactyl
|
|win|mega pidgeotto
|raw|Ladder updating...
|raw|mega pidgeotto's rating: 1511 &rarr; <strong>1533<\/strong><br \/>(+22 for winning)
|raw|ULT xMarth's rating: 1547 &rarr; <strong>1525<\/strong><br \/>(-22 for losing)
|c|âULT xMarth|gg