|join|Mega Pidgeotto
|join|LordDar
|player|p1|Mega Pidgeotto|171
|player|p2|LordDar|153
|gametype|singles
|gen|6
|tier|UU
|rated
|rule|Sleep Clause Mod: Limit one foe put to sleep
|rule|Species Clause: Limit one of each PokÃ©mon
|rule|OHKO Clause: OHKO moves are banned
|rule|Moody Clause: Moody is banned
|rule|Evasion Moves Clause: Evasion moves are banned
|rule|Endless Battle Clause: Forcing endless battles is banned
|rule|HP Percentage Mod: HP is shown in percentages
|clearpoke
|poke|p1|Abomasnow, M
|poke|p1|Suicune
|poke|p1|Krookodile, F
|poke|p1|Mawile, F
|poke|p1|Crobat, F
|poke|p1|Chandelure, M
|poke|p2|Sharpedo, F
|poke|p2|Froslass, F, shiny
|poke|p2|Jirachi
|poke|p2|Crobat, F
|poke|p2|Raikou
|poke|p2|Serperior, F, shiny
|rule|Swagger Clause: Swagger is banned
|rule|Baton Pass Clause: Limit one PokÃ©mon knowing Baton Pass
|teampreview
|
|start
|switch|p1a: Abomasnow|Abomasnow, M|337\/337
|switch|p2a: Raikou|Raikou|331\/331
|-ability|p2a: Raikou|Pressure
|turn|1
|
|detailschange|p1a: Abomasnow|Abomasnow-Mega, M
|-mega|p1a: Abomasnow|Abomasnow|Abomasite
|-weather|Hail
|move|p2a: Raikou|Extrasensory|p1a: Abomasnow
|-damage|p1a: Abomasnow|228\/337
|-damage|p2a: Raikou|298\/331|[from] item: Life Orb
|move|p1a: Abomasnow|Earthquake|p2a: Raikou
|-supereffective|p2a: Raikou
|-damage|p2a: Raikou|0 fnt
|faint|p2a: Raikou
|
|-weather|Hail|[upkeep]
|join|Sally(Spikes)
|
|switch|p2a: Crobat|Crobat, F|325\/325
|turn|2
|
|move|p1a: Abomasnow|Ice Shard|p2a: Crobat
|-supereffective|p2a: Crobat
|-damage|p2a: Crobat|127\/325
|move|p2a: Crobat|Brave Bird|p1a: Abomasnow
|-supereffective|p1a: Abomasnow
|-damage|p1a: Abomasnow|0 fnt
|-damage|p2a: Crobat|52\/325|[from] recoil|[of] p1a: Abomasnow
|-damage|p2a: Crobat|20\/325|[from] item: Life Orb
|faint|p1a: Abomasnow
|
|-weather|Hail|[upkeep]
|-damage|p2a: Crobat|0 fnt|[from] hail
|faint|p2a: Crobat
|
|switch|p2a: Serperior|Serperior, F, shiny|295\/295
|switch|p1a: Krookodile|Krookodile, F|331\/331
|-ability|p1a: Krookodile|Intimidate|[of] p2a: Serperior
|-boost|p2a: Serperior|atk|1
|turn|3
|join|THEiTodd
|
|switch|p1a: Crobat|Crobat, F|343\/343
|move|p2a: Serperior|Substitute|p2a: Serperior
|-start|p2a: Serperior|Substitute
|-damage|p2a: Serperior|222\/295
|
|-weather|Hail|[upkeep]
|-damage|p1a: Crobat|322\/343|[from] hail
|-damage|p2a: Serperior|204\/295|[from] hail
|-heal|p1a: Crobat|343\/343|[from] item: Black Sludge
|-heal|p2a: Serperior|222\/295|[from] item: Leftovers
|turn|4
|
|move|p1a: Crobat|Brave Bird|p2a: Serperior
|-supereffective|p2a: Serperior
|-end|p2a: Serperior|Substitute
|-damage|p1a: Crobat|319\/343|[from] recoil|[of] p2a: Serperior
|move|p2a: Serperior|Glare|p1a: Crobat
|-status|p1a: Crobat|par
|
|-weather|Hail|[upkeep]
|-damage|p2a: Serperior|204\/295|[from] hail
|-damage|p1a: Crobat|298\/343 par|[from] hail
|-heal|p2a: Serperior|222\/295|[from] item: Leftovers
|-heal|p1a: Crobat|319\/343 par|[from] item: Black Sludge
|turn|5
|leave|THEiTodd
|
|switch|p2a: Jirachi|Jirachi|347\/347
|move|p1a: Crobat|Brave Bird|p2a: Jirachi
|-resisted|p2a: Jirachi
|-damage|p2a: Jirachi|274\/347
|-damage|p1a: Crobat|295\/343 par|[from] recoil|[of] p2a: Jirachi
|
|-weather|none
|-heal|p1a: Crobat|316\/343 par|[from] item: Black Sludge
|turn|6
|
|switch|p1a: Krookodile|Krookodile, F|331\/331
|-ability|p1a: Krookodile|Intimidate|[of] p2a: Jirachi
|-unboost|p2a: Jirachi|atk|1
|move|p2a: Jirachi|U-turn|p1a: Krookodile
|-supereffective|p1a: Krookodile
|-damage|p1a: Krookodile|205\/331
|
|switch|p2a: Froslass|Froslass, F, shiny|282\/282
|
|turn|7
|
|move|p2a: Froslass|Ice Beam|p1a: Krookodile
|-supereffective|p1a: Krookodile
|-damage|p1a: Krookodile|0 fnt
|faint|p1a: Krookodile
|
|
|switch|p1a: Mawile|Mawile, F|271\/271
|turn|8
|
|move|p2a: Froslass|Spikes|p1a: Mawile
|-sidestart|p1: Mega Pidgeotto|Spikes
|move|p1a: Mawile|Iron Head|p2a: Froslass
|-supereffective|p2a: Froslass
|-enditem|p2a: Froslass|Focus Sash
|-damage|p2a: Froslass|1\/282
|
|turn|9
|
|move|p2a: Froslass|Destiny Bond|p2a: Froslass
|-singlemove|p2a: Froslass|Destiny Bond
|move|p1a: Mawile|Swords Dance|p1a: Mawile
|-boost|p1a: Mawile|atk|2
|
|turn|10
|
|switch|p2a: Serperior|Serperior, F, shiny|222\/295
|move|p1a: Mawile|Swords Dance|p1a: Mawile
|-boost|p1a: Mawile|atk|2
|
|-heal|p2a: Serperior|240\/295|[from] item: Leftovers
|turn|11
|
|move|p2a: Serperior|Substitute|p2a: Serperior
|-start|p2a: Serperior|Substitute
|-damage|p2a: Serperior|167\/295
|move|p1a: Mawile|Iron Head|p2a: Serperior
|-end|p2a: Serperior|Substitute
|
|-heal|p2a: Serperior|185\/295|[from] item: Leftovers
|turn|12
|join|DrReuniclus3
|
|move|p2a: Serperior|Glare|p1a: Mawile
|-status|p1a: Mawile|par
|cant|p1a: Mawile|par
|
|-heal|p2a: Serperior|203\/295|[from] item: Leftovers
|turn|13
|
|move|p2a: Serperior|Substitute|p2a: Serperior
|-start|p2a: Serperior|Substitute
|-damage|p2a: Serperior|130\/295
|move|p1a: Mawile|Iron Head|p2a: Serperior
|-end|p2a: Serperior|Substitute
|
|-heal|p2a: Serperior|148\/295|[from] item: Leftovers
|turn|14
|
|move|p2a: Serperior|Leech Seed|p1a: Mawile
|-start|p1a: Mawile|move: Leech Seed
|move|p1a: Mawile|Iron Head|p2a: Serperior
|-damage|p2a: Serperior|0 fnt
|faint|p2a: Serperior
|
|
|switch|p2a: Jirachi|Jirachi|274\/347
|turn|15
|
|move|p1a: Mawile|Sucker Punch|p2a: Jirachi
|-supereffective|p2a: Jirachi
|-damage|p2a: Jirachi|0 fnt
|-damage|p1a: Mawile|244\/271 par|[from] item: Life Orb
|faint|p2a: Jirachi
|
|
|switch|p2a: Froslass|Froslass, F, shiny|1\/282
|turn|16
|
|move|p2a: Froslass|Shadow Ball|p1a: Mawile
|-damage|p1a: Mawile|85\/271 par
|move|p1a: Mawile|Iron Head|p2a: Froslass
|-supereffective|p2a: Froslass
|-damage|p2a: Froslass|0 fnt
|faint|p2a: Froslass
|
|
|switch|p2a: Sharpedo|Sharpedo, F|281\/281
|turn|17
|
|move|p2a: Sharpedo|Protect|p2a: Sharpedo
|-singleturn|p2a: Sharpedo|Protect
|move|p1a: Mawile|Sucker Punch|p2a: Sharpedo
|-fail|p2a: Sharpedo
|
|-damage|p1a: Mawile|52\/271 par|[from] Leech Seed|[of] p2a: Sharpedo
|-boost|p2a: Sharpedo|spe|1|[from] ability: Speed Boost
|turn|18
|
|move|p2a: Sharpedo|Protect|p2a: Sharpedo
|-singleturn|p2a: Sharpedo|Protect
|cant|p1a: Mawile|par
|
|-damage|p1a: Mawile|19\/271 par|[from] Leech Seed|[of] p2a: Sharpedo
|-boost|p2a: Sharpedo|spe|1|[from] ability: Speed Boost
|turn|19
|
|move|p2a: Sharpedo|Protect|p2a: Sharpedo
|-fail|p2a: Sharpedo
|move|p1a: Mawile|Iron Head|p2a: Sharpedo
|-resisted|p2a: Sharpedo
|-damage|p2a: Sharpedo|0 fnt
|faint|p2a: Sharpedo
|
|win|Mega Pidgeotto
|raw|Ladder updating...
|raw|Mega Pidgeotto's rating: 1314 &rarr; <strong>1330<\/strong><br \/>(+16 for winning)
|raw|LordDar's rating: 1250 &rarr; <strong>1229<\/strong><br \/>(-21 for losing)
|leave|LordDar