|join|Mega Pidgeotto
|join|gauchoninja (alt)
|player|p1|Mega Pidgeotto|171
|player|p2|gauchoninja (alt)|99
|gametype|singles
|gen|6
|tier|UU
|rated
|rule|Sleep Clause Mod: Limit one foe put to sleep
|rule|Species Clause: Limit one of each PokÃ©mon
|rule|OHKO Clause: OHKO moves are banned
|rule|Moody Clause: Moody is banned
|rule|Evasion Moves Clause: Evasion moves are banned
|rule|Endless Battle Clause: Forcing endless battles is banned
|rule|HP Percentage Mod: HP is shown in percentages
|clearpoke
|poke|p1|Infernape, M
|poke|p1|Celebi
|poke|p1|Tornadus, M
|poke|p1|Swampert, M
|poke|p1|Qwilfish, M
|poke|p1|Jirachi
|poke|p2|Sharpedo, F
|poke|p2|Shaymin
|poke|p2|Golbat, F
|poke|p2|Empoleon, M
|poke|p2|Entei, shiny
|poke|p2|Donphan, F
|rule|Swagger Clause: Swagger is banned
|rule|Baton Pass Clause: Limit one PokÃ©mon knowing Baton Pass
|teampreview
|
|start
|switch|p1a: Infernape|Infernape, M|293\/293
|switch|p2a: Sharpedo-phile|Sharpedo, F|281\/281
|turn|1
|join|Raenous
|
|move|p1a: Infernape|Stealth Rock|p2a: Sharpedo-phile
|-sidestart|p2: gauchoninja (alt)|move: Stealth Rock
|move|p2a: Sharpedo-phile|Waterfall|p1a: Infernape
|-supereffective|p1a: Infernape
|-enditem|p1a: Infernape|Focus Sash
|-damage|p1a: Infernape|1\/293
|
|-boost|p2a: Sharpedo-phile|spe|1|[from] ability: Speed Boost
|turn|2
|
|move|p2a: Sharpedo-phile|Protect|p2a: Sharpedo-phile
|-singleturn|p2a: Sharpedo-phile|Protect
|move|p1a: Infernape|Endeavor|p2a: Sharpedo-phile
|-activate|p2a: Sharpedo-phile|Protect
|
|-boost|p2a: Sharpedo-phile|spe|1|[from] ability: Speed Boost
|turn|3
|
|move|p2a: Sharpedo-phile|Waterfall|p1a: Infernape
|-supereffective|p1a: Infernape
|-damage|p1a: Infernape|0 fnt
|faint|p1a: Infernape
|
|-boost|p2a: Sharpedo-phile|spe|1|[from] ability: Speed Boost
|
|switch|p1a: Swampert|Swampert, M|347\/347
|turn|4
|
|detailschange|p2a: Sharpedo-phile|Sharpedo-Mega, F
|-mega|p2a: Sharpedo-phile|Sharpedo|Sharpedonite
|detailschange|p1a: Swampert|Swampert-Mega, M
|-mega|p1a: Swampert|Swampert|Swampertite
|move|p2a: Sharpedo-phile|Waterfall|p1a: Swampert
|-damage|p1a: Swampert|187\/347
|move|p1a: Swampert|Earthquake|p2a: Sharpedo-phile
|-crit|p2a: Sharpedo-phile
|-damage|p2a: Sharpedo-phile|0 fnt
|faint|p2a: Sharpedo-phile
|
|
|switch|p2a: There's No Shaymin|Shaymin|341\/341
|-damage|p2a: There's No Shaymin|299\/341|[from] Stealth Rock
|turn|5
|
|switch|p2a: Empoleon's New Grv|Empoleon, M|372\/372
|-damage|p2a: Empoleon's New Grv|349\/372|[from] Stealth Rock
|switch|p1a: Tornadus|Tornadus, M|299\/299
|
|-heal|p2a: Empoleon's New Grv|372\/372|[from] item: Leftovers
|turn|6
|
|move|p2a: Empoleon's New Grv|Protect|p2a: Empoleon's New Grv
|-singleturn|p2a: Empoleon's New Grv|Protect
|move|p1a: Tornadus|Taunt|p2a: Empoleon's New Grv
|-activate|p2a: Empoleon's New Grv|Protect
|
|turn|7
|
|move|p1a: Tornadus|Focus Blast|p2a: Empoleon's New Grv
|-supereffective|p2a: Empoleon's New Grv
|-damage|p2a: Empoleon's New Grv|174\/372
|-unboost|p2a: Empoleon's New Grv|spd|1
|move|p2a: Empoleon's New Grv|Scald|p1a: Tornadus
|-damage|p1a: Tornadus|173\/299
|-status|p1a: Tornadus|brn
|
|-heal|p2a: Empoleon's New Grv|197\/372|[from] item: Leftovers
|-damage|p1a: Tornadus|136\/299 brn|[from] brn
|turn|8
|
|move|p2a: Empoleon's New Grv|Protect|p2a: Empoleon's New Grv
|-singleturn|p2a: Empoleon's New Grv|Protect
|move|p1a: Tornadus|Rain Dance|p1a: Tornadus
|-weather|RainDance
|
|-weather|RainDance|[upkeep]
|-heal|p2a: Empoleon's New Grv|220\/372|[from] item: Leftovers
|-damage|p1a: Tornadus|99\/299 brn|[from] brn
|turn|9
|
|move|p1a: Tornadus|Focus Blast|p2a: Empoleon's New Grv|[miss]
|-miss|p1a: Tornadus|p2a: Empoleon's New Grv
|move|p2a: Empoleon's New Grv|Stealth Rock|p1a: Tornadus
|-sidestart|p1: Mega Pidgeotto|move: Stealth Rock
|
|-weather|RainDance|[upkeep]
|-heal|p2a: Empoleon's New Grv|243\/372|[from] item: Leftovers
|-damage|p1a: Tornadus|62\/299 brn|[from] brn
|turn|10
|
|switch|p1a: Swampert|Swampert-Mega, M|187\/347
|-damage|p1a: Swampert|166\/347|[from] Stealth Rock
|move|p2a: Empoleon's New Grv|Protect|p2a: Empoleon's New Grv
|-fail|p2a: Empoleon's New Grv
|
|-weather|RainDance|[upkeep]
|-heal|p2a: Empoleon's New Grv|266\/372|[from] item: Leftovers
|turn|11
|
|move|p2a: Empoleon's New Grv|Protect|p2a: Empoleon's New Grv
|-singleturn|p2a: Empoleon's New Grv|Protect
|move|p1a: Swampert|Earthquake|p2a: Empoleon's New Grv
|-activate|p2a: Empoleon's New Grv|Protect
|
|-weather|RainDance|[upkeep]
|-heal|p2a: Empoleon's New Grv|289\/372|[from] item: Leftovers
|turn|12
|join|rgLIO
|
|switch|p2a: Goalie-Bat|Golbat, F|353\/353
|-damage|p2a: Goalie-Bat|265\/353|[from] Stealth Rock
|move|p1a: Swampert|Earthquake|p2a: Goalie-Bat
|-immune|p2a: Goalie-Bat|[msg]
|
|-weather|RainDance|[upkeep]
|turn|13
|
|move|p1a: Swampert|Waterfall|p2a: Goalie-Bat
|-damage|p2a: Goalie-Bat|124\/353
|move|p2a: Goalie-Bat|Roost|p2a: Goalie-Bat
|-heal|p2a: Goalie-Bat|301\/353
|
|-weather|RainDance|[upkeep]
|turn|14
|
|move|p1a: Swampert|Ice Punch|p2a: Goalie-Bat
|-supereffective|p2a: Goalie-Bat
|-damage|p2a: Goalie-Bat|177\/353
|move|p2a: Goalie-Bat|Roost|p2a: Goalie-Bat
|-heal|p2a: Goalie-Bat|353\/353
|
|-weather|RainDance|[upkeep]
|turn|15
|
|move|p1a: Swampert|Waterfall|p2a: Goalie-Bat
|-crit|p2a: Goalie-Bat
|-damage|p2a: Goalie-Bat|146\/353
|cant|p2a: Goalie-Bat|flinch
|
|-weather|none
|turn|16
|
|switch|p1a: Celebi|Celebi|341\/341
|-damage|p1a: Celebi|299\/341|[from] Stealth Rock
|move|p2a: Goalie-Bat|Toxic|p1a: Celebi
|-status|p1a: Celebi|tox
|
|-heal|p1a: Celebi|320\/341 tox|[from] item: Leftovers
|-damage|p1a: Celebi|299\/341 tox|[from] psn
|turn|17
|
|move|p1a: Celebi|Nasty Plot|p1a: Celebi
|-boost|p1a: Celebi|spa|2
|move|p2a: Goalie-Bat|Super Fang|p1a: Celebi
|-damage|p1a: Celebi|150\/341 tox
|
|-heal|p1a: Celebi|171\/341 tox|[from] item: Leftovers
|-damage|p1a: Celebi|129\/341 tox|[from] psn
|turn|18
|
|move|p1a: Celebi|Psychic|p2a: Goalie-Bat
|-supereffective|p2a: Goalie-Bat
|-damage|p2a: Goalie-Bat|0 fnt
|faint|p2a: Goalie-Bat
|
|-heal|p1a: Celebi|150\/341 tox|[from] item: Leftovers
|-damage|p1a: Celebi|87\/341 tox|[from] psn
|
|switch|p2a: Entei Mocha|Entei, shiny|371\/371
|-damage|p2a: Entei Mocha|279\/371|[from] Stealth Rock
|-ability|p2a: Entei Mocha|Pressure
|turn|19
|
|switch|p1a: Tornadus|Tornadus, M|62\/299 brn
|-damage|p1a: Tornadus|0 fnt|[from] Stealth Rock
|faint|p1a: Tornadus
|move|p2a: Entei Mocha|Extreme Speed|p1: Tornadus|[notarget]
|-notarget
|
|
|switch|p1a: Jirachi|Jirachi|341\/341
|-damage|p1a: Jirachi|320\/341|[from] Stealth Rock
|turn|20
|
|move|p1a: Jirachi|Healing Wish|p1a: Jirachi
|faint|p1a: Jirachi
|move|p2a: Entei Mocha|Sacred Fire|p1: Jirachi|[notarget]
|-notarget
|
|
|switch|p1a: Swampert|Swampert-Mega, M|166\/347
|-heal|p1a: Swampert|347\/347|[from] move: Healing Wish
|-damage|p1a: Swampert|326\/347|[from] Stealth Rock
|turn|21
|
|switch|p2a: There's No Shaymin|Shaymin|299\/341
|-damage|p2a: There's No Shaymin|257\/341|[from] Stealth Rock
|move|p1a: Swampert|Rain Dance|p1a: Swampert
|-weather|RainDance
|
|-weather|RainDance|[upkeep]
|-heal|p2a: There's No Shaymin|278\/341|[from] item: Leftovers
|turn|22
|
|switch|p1a: Celebi|Celebi|87\/341
|-damage|p1a: Celebi|45\/341|[from] Stealth Rock
|move|p2a: There's No Shaymin|Seed Flare|p1a: Celebi
|-resisted|p1a: Celebi
|-damage|p1a: Celebi|0 fnt
|faint|p1a: Celebi
|
|-weather|RainDance|[upkeep]
|-heal|p2a: There's No Shaymin|299\/341|[from] item: Leftovers
|
|switch|p1a: Qwilfish|Qwilfish, M|271\/271
|-damage|p1a: Qwilfish|238\/271|[from] Stealth Rock
|turn|23
|
|switch|p2a: Empoleon's New Grv|Empoleon, M|289\/372
|-damage|p2a: Empoleon's New Grv|266\/372|[from] Stealth Rock
|move|p1a: Qwilfish|Swords Dance|p1a: Qwilfish
|-boost|p1a: Qwilfish|atk|2
|
|-weather|RainDance|[upkeep]
|-heal|p2a: Empoleon's New Grv|289\/372|[from] item: Leftovers
|turn|24
|
|move|p1a: Qwilfish|Waterfall|p2a: Empoleon's New Grv
|-resisted|p2a: Empoleon's New Grv
|-damage|p2a: Empoleon's New Grv|24\/372
|-damage|p1a: Qwilfish|211\/271|[from] item: Life Orb
|move|p2a: Empoleon's New Grv|Roar|p1a: Qwilfish
|drag|p1a: Swampert|Swampert-Mega, M|326\/347
|-damage|p1a: Swampert|305\/347|[from] Stealth Rock
|
|-weather|RainDance|[upkeep]
|-heal|p2a: Empoleon's New Grv|47\/372|[from] item: Leftovers
|turn|25
|
|move|p2a: Empoleon's New Grv|Protect|p2a: Empoleon's New Grv
|-singleturn|p2a: Empoleon's New Grv|Protect
|move|p1a: Swampert|Earthquake|p2a: Empoleon's New Grv
|-activate|p2a: Empoleon's New Grv|Protect
|
|-weather|none
|-heal|p2a: Empoleon's New Grv|70\/372|[from] item: Leftovers
|turn|26
|
|move|p1a: Swampert|Rain Dance|p1a: Swampert
|-weather|RainDance
|move|p2a: Empoleon's New Grv|Scald|p1a: Swampert
|-damage|p1a: Swampert|80\/347
|
|-weather|RainDance|[upkeep]
|-heal|p2a: Empoleon's New Grv|93\/372|[from] item: Leftovers
|turn|27
|
|move|p2a: Empoleon's New Grv|Protect|p2a: Empoleon's New Grv
|-singleturn|p2a: Empoleon's New Grv|Protect
|move|p1a: Swampert|Earthquake|p2a: Empoleon's New Grv
|-activate|p2a: Empoleon's New Grv|Protect
|
|-weather|RainDance|[upkeep]
|-heal|p2a: Empoleon's New Grv|116\/372|[from] item: Leftovers
|turn|28
|
|switch|p2a: DanteLefante|Donphan, F|383\/383
|-damage|p2a: DanteLefante|360\/383|[from] Stealth Rock
|move|p1a: Swampert|Earthquake|p2a: DanteLefante
|-damage|p2a: DanteLefante|194\/383
|
|-weather|RainDance|[upkeep]
|turn|29
|
|move|p2a: DanteLefante|Ice Shard|p1a: Swampert
|-damage|p1a: Swampert|34\/347
|move|p1a: Swampert|Waterfall|p2a: DanteLefante
|-supereffective|p2a: DanteLefante
|-damage|p2a: DanteLefante|0 fnt
|-damage|p1a: Swampert|0 fnt|[from] item: Rocky Helmet|[of] p2a: DanteLefante
|faint|p1a: Swampert
|faint|p2a: DanteLefante
|
|-weather|RainDance|[upkeep]
|c|âgauchoninja (alt)|Dude, you know you only have thing to swith into right?
|
|switch|p1a: Qwilfish|Qwilfish, M|211\/271
|switch|p2a: There's No Shaymin|Shaymin|299\/341
|-damage|p1a: Qwilfish|178\/271|[from] Stealth Rock
|-damage|p2a: There's No Shaymin|257\/341|[from] Stealth Rock
|turn|30
|
|move|p1a: Qwilfish|Poison Jab|p2a: There's No Shaymin
|-supereffective|p2a: There's No Shaymin
|-damage|p2a: There's No Shaymin|0 fnt
|-damage|p1a: Qwilfish|151\/271|[from] item: Life Orb
|faint|p2a: There's No Shaymin
|
|-weather|none
|
|switch|p2a: Entei Mocha|Entei, shiny|279\/371
|-damage|p2a: Entei Mocha|187\/371|[from] Stealth Rock
|-ability|p2a: Entei Mocha|Pressure
|turn|31
|
|move|p2a: Entei Mocha|Bulldoze|p1a: Qwilfish
|-supereffective|p1a: Qwilfish
|-damage|p1a: Qwilfish|0 fnt
|-damage|p2a: Entei Mocha|150\/371|[from] item: Life Orb
|faint|p1a: Qwilfish
|
|win|gauchoninja (alt)
|raw|Ladder updating...
|raw|Mega Pidgeotto's rating: 1504 &rarr; <strong>1472<\/strong><br \/>(-32 for losing)
|raw|gauchoninja (alt)'s rating: 1259 &rarr; <strong>1299<\/strong><br \/>(+40 for winning)
|c|âgauchoninja (alt)|gg
|leave|Mega Pidgeotto
|player|p1
|leave|rgLIO
|c|âgauchoninja (alt)|Note: Turn 9 Focus Miss (allowing me to keep Empoleon and get rocks) was crucial. However, that being said, I only stayed in because I was banking on him missing and felt that the reward of getting rocks up was worth the risk of losing Empoleon.
|c| Raenous|hi mitchell!
|c| Raenous|hiiiiiiiiiiiiiii
|leave|Raenous
|c|âgauchoninja (alt)|Turn 26: Going for Scald instead of switching in something to take the EQ was a bit risky, but nothing wanted to take the EQ anyway and I figured he might want to get rain up. (And if he did kill me instead of putting up rain, then at least I prevented him from getting rain up.)
|c|âgauchoninja (alt)|Turn 30: I was naive\/ignorant using shaymin vs qwilfish. (I was trying to get Leech Seed up to guarantee the win, but I didn't keep in mind that qwilfish is a poison type as well.)