|join|Mega Pidgeotto
|join|kingt9722
|player|p1|Mega Pidgeotto|171
|player|p2|kingt9722|29
|gametype|singles
|gen|6
|tier|UU
|rated
|rule|Sleep Clause Mod: Limit one foe put to sleep
|rule|Species Clause: Limit one of each PokÃ©mon
|rule|OHKO Clause: OHKO moves are banned
|rule|Moody Clause: Moody is banned
|rule|Evasion Moves Clause: Evasion moves are banned
|rule|Endless Battle Clause: Forcing endless battles is banned
|rule|HP Percentage Mod: HP is shown in percentages
|clearpoke
|poke|p1|Hydreigon, M
|poke|p1|Feraligatr, M
|poke|p1|Nidoqueen, F
|poke|p1|Jirachi
|poke|p1|Blastoise, M
|poke|p1|Infernape, F
|poke|p2|Medicham, M
|poke|p2|Tentacruel, F
|poke|p2|Celebi
|poke|p2|Infernape, M
|poke|p2|Vaporeon, M
|poke|p2|Blissey, F
|rule|Swagger Clause: Swagger is banned
|rule|Baton Pass Clause: Limit one PokÃ©mon knowing Baton Pass
|teampreview
|join|So Dynamic
|
|start
|switch|p1a: Jirachi|Jirachi|341\/341
|switch|p2a: Vaporeon|Vaporeon, M|464\/464
|turn|1
|join|MasterJordanio
|
|move|p2a: Vaporeon|Protect|p2a: Vaporeon
|-singleturn|p2a: Vaporeon|Protect
|move|p1a: Jirachi|U-turn|p2a: Vaporeon
|-activate|p2a: Vaporeon|Protect
|
|turn|2
|
|move|p1a: Jirachi|U-turn|p2a: Vaporeon
|-damage|p2a: Vaporeon|400\/464
|
|switch|p1a: Blastoise|Blastoise, M|358\/358
|move|p2a: Vaporeon|Toxic|p1a: Blastoise
|-status|p1a: Blastoise|tox
|
|-heal|p2a: Vaporeon|429\/464|[from] item: Leftovers
|-damage|p1a: Blastoise|336\/358 tox|[from] psn
|turn|3
|join|Snowballin
|
|switch|p1a: Feraligatr|Feraligatr, M|337\/337
|move|p2a: Vaporeon|Protect|p2a: Vaporeon
|-fail|p2a: Vaporeon
|
|-heal|p2a: Vaporeon|458\/464|[from] item: Leftovers
|turn|4
|
|switch|p2a: Celebi|Celebi|403\/403
|move|p1a: Feraligatr|Substitute|p1a: Feraligatr
|-start|p1a: Feraligatr|Substitute
|-damage|p1a: Feraligatr|253\/337
|
|-heal|p1a: Feraligatr|274\/337|[from] item: Leftovers
|turn|5
|
|switch|p1a: Jirachi|Jirachi|341\/341
|move|p2a: Celebi|Giga Drain|p1a: Jirachi
|-resisted|p1a: Jirachi
|-damage|p1a: Jirachi|299\/341
|
|turn|6
|
|switch|p2a: Medicham|Medicham, M|298\/298
|move|p1a: Jirachi|Trick|p2a: Medicham
|-fail|p2a: Medicham
|
|turn|7
|
|switch|p1a: Blastoise|Blastoise, M|336\/358 tox
|detailschange|p2a: Medicham|Medicham-Mega, M
|-mega|p2a: Medicham|Medicham|Medichamite
|move|p2a: Medicham|Substitute|p2a: Medicham
|-start|p2a: Medicham|Substitute
|-damage|p2a: Medicham|224\/298
|
|-damage|p1a: Blastoise|314\/358 tox|[from] psn
|turn|8
|
|detailschange|p1a: Blastoise|Blastoise-Mega, M
|-mega|p1a: Blastoise|Blastoise|Blastoisinite
|move|p2a: Medicham|Drain Punch|p1a: Blastoise
|-damage|p1a: Blastoise|158\/358 tox
|-heal|p2a: Medicham|298\/298|[from] drain|[of] p1a: Blastoise
|move|p1a: Blastoise|Dragon Pulse|p2a: Medicham
|-end|p2a: Medicham|Substitute
|
|-damage|p1a: Blastoise|114\/358 tox|[from] psn
|turn|9
|
|move|p2a: Medicham|Drain Punch|p1a: Blastoise
|-damage|p1a: Blastoise|0 fnt
|faint|p1a: Blastoise
|
|
|switch|p1a: Infernape|Infernape, F|293\/293
|turn|10
|
|switch|p1a: Nidoqueen|Nidoqueen, F|321\/321
|switch|p2a: Vaporeon|Vaporeon, M|458\/464
|
|-heal|p2a: Vaporeon|464\/464|[from] item: Leftovers
|turn|11
|-message|Mega Pidgeotto forfeited.
|leave|Mega Pidgeotto
|
|win|kingt9722
|raw|Ladder updating...
|player|p1
|leave|MasterJordanio
|raw|Mega Pidgeotto's rating: 1598 &rarr; <strong>1569<\/strong><br \/>(-29 for losing)
|raw|kingt9722's rating: 1425 &rarr; <strong>1455<\/strong><br \/>(+30 for winning)
|c| Snowballin|bring double dance haxorus
|c| Snowballin|lel
|leave|Snowballin
|join|DrReUnIcLuS3
|leave|kingt9722
|player|p2
|join|kingt9722