|join|Mega Pidgeotto
|join|Love eevee
|player|p1|Mega Pidgeotto|171
|player|p2|Love eevee|249
|gametype|singles
|gen|6
|tier|UU
|rated
|rule|Sleep Clause Mod: Limit one foe put to sleep
|rule|Species Clause: Limit one of each PokÃ©mon
|rule|OHKO Clause: OHKO moves are banned
|rule|Moody Clause: Moody is banned
|rule|Evasion Moves Clause: Evasion moves are banned
|rule|Endless Battle Clause: Forcing endless battles is banned
|rule|HP Percentage Mod: HP is shown in percentages
|clearpoke
|poke|p1|Serperior, F
|poke|p1|Emboar, F
|poke|p1|Suicune
|poke|p1|Jirachi
|poke|p1|Aerodactyl, F
|poke|p1|Nidoqueen, F
|poke|p2|Shuckle, F
|poke|p2|Serperior, F
|poke|p2|Alakazam, F
|poke|p2|Honchkrow, M
|poke|p2|Suicune
|poke|p2|Whimsicott, M
|rule|Swagger Clause: Swagger is banned
|rule|Baton Pass Clause: Limit one PokÃ©mon knowing Baton Pass
|teampreview
|join|DMT
|join|ANGER MANAGEMENT
|join|momuument
|c|âLove eevee|gl hf
|c|+DMT|you too
|join|Made To Kill
|c|âMega Pidgeotto|n0
|join|SmashBrosBrawl
|c|+SmashBrosBrawl|l0l
|c|+SmashBrosBrawl|l00000000l
|
|start
|switch|p1a: Aerodactyl|Aerodactyl, F|301\/301
|switch|p2a: Alakazam|Alakazam, F|251\/251
|-ability|p1a: Aerodactyl|Pressure
|turn|1
|
|switch|p2a: Shuckle|Shuckle, F|243\/243
|detailschange|p1a: Aerodactyl|Aerodactyl-Mega, F
|-mega|p1a: Aerodactyl|Aerodactyl|Aerodactylite
|move|p1a: Aerodactyl|Aerial Ace|p2a: Shuckle
|-damage|p2a: Shuckle|179\/243
|
|turn|2
|join|Philz
|
|move|p1a: Aerodactyl|Stone Edge|p2a: Shuckle|[miss]
|-miss|p1a: Aerodactyl|p2a: Shuckle
|move|p2a: Shuckle|Stealth Rock|p1a: Aerodactyl
|-sidestart|p1: Mega Pidgeotto|move: Stealth Rock
|
|turn|3
|c|+DMT|wide left
|join|Colbrushie
|c| Philz|oml i forgot what happened last night
|c| Philz|.-.
|
|switch|p2a: Suicune|Suicune|404\/404
|-ability|p2a: Suicune|Pressure
|move|p1a: Aerodactyl|Defog|p2a: Suicune
|-unboost|p2a: Suicune|evasion|1
|-sideend|p1: Mega Pidgeotto|Stealth Rock|[from] move: Defog|[of] p1a: Aerodactyl
|
|turn|4
|
|switch|p1a: Serperior|Serperior, F|291\/291
|switch|p2a: Honchkrow|Honchkrow, M|341\/341
|
|turn|5
|join|LiberalLucario
|join|THISBEMYFAULT
|c| THISBEMYFAULT|Dee Ehm Tee
|
|switch|p1a: Aerodactyl|Aerodactyl-Mega, F|301\/301
|move|p2a: Honchkrow|Brave Bird|p1a: Aerodactyl
|-resisted|p1a: Aerodactyl
|-damage|p1a: Aerodactyl|154\/301
|-damage|p2a: Honchkrow|292\/341|[from] recoil|[of] p1a: Aerodactyl
|-damage|p2a: Honchkrow|258\/341|[from] item: Life Orb
|
|turn|6
|c|+DMT|hi
|c| THISBEMYFAULT|fuck up
|c| THISBEMYFAULT|fag
|c|+DMT|sorry
|c| THISBEMYFAULT|hehehe
|join|ahyueah
|
|move|p2a: Honchkrow|Sucker Punch|p1a: Aerodactyl
|-fail|p1a: Aerodactyl
|move|p1a: Aerodactyl|Roost|p1a: Aerodactyl
|-heal|p1a: Aerodactyl|301\/301
|
|turn|7
|
|switch|p1a: Serperior|Serperior, F|291\/291
|switch|p2a: Suicune|Suicune|404\/404
|-ability|p2a: Suicune|Pressure
|
|turn|8
|
|switch|p2a: Shuckle|Shuckle, F|179\/243
|move|p1a: Serperior|Leaf Storm|p2a: Shuckle
|-damage|p2a: Shuckle|100\/243
|-boost|p1a: Serperior|spa|2
|
|turn|9
|c| Dad's Dad's Senpai|DMT take this account imo
|c| Dad's Dad's Senpai|n_n
|c|+DMT|nb
|
|move|p1a: Serperior|Leaf Storm|p2a: Shuckle
|-damage|p2a: Shuckle|0 fnt
|-boost|p1a: Serperior|spa|2
|faint|p2a: Shuckle
|
|c|âLove eevee|got me =)
|c|+DMT|go to whim and bank on moonblast dorp
|c| Dad's Dad|take it hehehe
|c|âMega Pidgeotto|moonblast drop
|c|âMega Pidgeotto|moonblast drop
|c|âLove eevee|dmt you cheesy man =)
|c|+DMT|haha!
|c|âLove eevee|i dont wanna waste my sash though =(
|
|switch|p2a: Alakazam|Alakazam, F|251\/251
|turn|10
|
|switch|p1a: Jirachi|Jirachi|341\/341
|move|p2a: Alakazam|Signal Beam|p1a: Jirachi
|-crit|p1a: Jirachi
|-damage|p1a: Jirachi|211\/341
|
|turn|11
|c|âLove eevee|inb4 special like i run lol
|
|switch|p2a: Suicune|Suicune|404\/404
|-ability|p2a: Suicune|Pressure
|move|p1a: Jirachi|U-turn|p2a: Suicune
|-damage|p2a: Suicune|356\/404
|
|switch|p1a: Emboar|Emboar, F|361\/361
|
|-heal|p2a: Suicune|381\/404|[from] item: Leftovers
|turn|12
|c|+DMT|this ohkos
|
|move|p1a: Emboar|Wild Charge|p2a: Suicune
|-supereffective|p2a: Suicune
|-damage|p2a: Suicune|142\/404
|-damage|p1a: Emboar|301\/361|[from] recoil|[of] p2a: Suicune
|-damage|p1a: Emboar|265\/361|[from] item: Life Orb
|move|p2a: Suicune|Scald|p1a: Emboar
|-supereffective|p1a: Emboar
|-damage|p1a: Emboar|17\/361
|
|-heal|p2a: Suicune|167\/404|[from] item: Leftovers
|turn|13
|c|+DMT|jk hahahaha
|c|âLove eevee|not banded =)
|c|âMega Pidgeotto|:}
|
|move|p1a: Emboar|Superpower|p2a: Suicune
|-damage|p2a: Suicune|0 fnt
|-unboost|p1a: Emboar|atk|1
|-unboost|p1a: Emboar|def|1
|-damage|p1a: Emboar|0 fnt|[from] item: Life Orb
|faint|p2a: Suicune
|faint|p1a: Emboar
|
|c|+DMT|like
|c|+DMT|it has no switchins
|c|+DMT|but it also doesn't outspeed anything
|
|switch|p1a: Aerodactyl|Aerodactyl-Mega, F|301\/301
|switch|p2a: Honchkrow|Honchkrow, M|258\/341
|turn|14
|c|âMega Pidgeotto|outspeeds suicune n_n
|
|move|p1a: Aerodactyl|Stone Edge|p2a: Honchkrow
|-supereffective|p2a: Honchkrow
|-damage|p2a: Honchkrow|0 fnt
|faint|p2a: Honchkrow
|
|c|+DMT|tru
|c|âMega Pidgeotto|i
|c|âMega Pidgeotto|hit
|c|+DMT|yw
|c|âLove eevee|you have rocks on aero?
|c|âMega Pidgeotto|quen
|c|âLove eevee|i guess not
|c|+DMT|well he has rocks
|c|+DMT|they're just edgy
|c|âLove eevee|makes sense
|c|+DMT|n_n
|c|+DMT|ffs dadsdad ur rubbing off on me
|c| Dad's Dad|epic memes DMT
|
|switch|p2a: Alakazam|Alakazam, F|251\/251
|turn|15
|c| Dad's Dad|n_n
|c| Dad's Dad|wtf does that mean
|c| Dad's Dad|fuckboi
|c|+DMT|it's spelled
|
|move|p1a: Aerodactyl|Aerial Ace|p2a: Alakazam
|-enditem|p2a: Alakazam|Focus Sash
|-damage|p2a: Alakazam|1\/251
|move|p2a: Alakazam|Psychic|p1a: Aerodactyl
|-damage|p1a: Aerodactyl|133\/301
|
|turn|16
|c|+DMT|fuccboi
|
|move|p1a: Aerodactyl|Aerial Ace|p2a: Alakazam
|-damage|p2a: Alakazam|0 fnt
|faint|p2a: Alakazam
|
|c| Dad's Dad|ask me if i care dad's desk
|c|+DMT|also yeah aeiral ace is for
|c|+DMT|defogging vs serp
|c|âMega Pidgeotto|when you defog a serp
|
|switch|p2a: Whimsicott|Whimsicott, M|261\/261
|turn|17
|c|+DMT|huehuehuehu
|
|move|p1a: Aerodactyl|Aerial Ace|p2a: Whimsicott
|-crit|p2a: Whimsicott
|-supereffective|p2a: Whimsicott
|-damage|p2a: Whimsicott|0 fnt
|faint|p2a: Whimsicott
|
|c|âLove eevee|gg =)
|c|âMega Pidgeotto|gg
|c|âLove eevee|got counter teamed hard =)
|
|switch|p2a: Serperior|Serperior, F|291\/291
|turn|18
|join|Volbeatdown
|c|âLove eevee|you friends with dmt I assume?
|c| Dad's Dad|n
|c| Dad's Dad|hes gay
|c|âMega Pidgeotto|that would be gay
|c|+DMT|hahaha
|c|âLove eevee|ohh
|c| Volbeatdown|dmt is bad at pokemon lol
|leave|ahyueah
|c| Dad's Dad|hes just some random
|
|move|p1a: Aerodactyl|Aerial Ace|p2a: Serperior
|-supereffective|p2a: Serperior
|-damage|p2a: Serperior|7\/291
|move|p2a: Serperior|Leaf Storm|p1a: Aerodactyl
|-damage|p1a: Aerodactyl|0 fnt
|-boost|p2a: Serperior|spa|2
|faint|p1a: Aerodactyl
|
|c|+DMT|oh dear
|c|âLove eevee|wow
|c| LiberalLucario|tank
|c|âMega Pidgeotto|!
|c|+DMT|b
|c|+DMT|u
|c| Dad's Dad|EBIN COUNTER
|c|+DMT|l
|c|+DMT|k
|c| Volbeatdown|eating it ahp
|
|switch|p1a: Jirachi|Jirachi|211\/341
|turn|19
|c|âLove eevee|LOL
|c|+DMT|should run
|c| LiberalLucario|you're not scarf
|c| Volbeatdown|go for trick
|c|+DMT|weakness policy
|c| LiberalLucario|he's gonna beat u
|join|DatGuyChuck
|c|+DMT|with that bulk
|join|habajiga
|c|âLove eevee|that fucking 4 defensive ev's
|leave|DatGuyChuck
|
|move|p1a: Jirachi|U-turn|p2a: Serperior
|-supereffective|p2a: Serperior
|-damage|p2a: Serperior|0 fnt
|faint|p2a: Serperior
|
|win|Mega Pidgeotto
|raw|Ladder updating...
|c|âLove eevee|gg
|raw|Mega Pidgeotto's rating: 1397 &rarr; <strong>1420<\/strong><br \/>(+23 for winning)
|raw|Love eevee's rating: 1450 &rarr; <strong>1427<\/strong><br \/>(-23 for losing)
|leave|Dad's Dad
|leave|momuument
|leave|DMT
|leave|Volbeatdown
|leave|LiberalLucario
|c|âMega Pidgeotto|gg
|leave|Mega Pidgeotto
|player|p1
|leave|Made To Kill
|leave|SmashBrosBrawl