|join|Mega Pidgeotto
|join|Vazhura
|player|p1|Mega Pidgeotto|171
|player|p2|Vazhura|257
|gametype|singles
|gen|6
|tier|UU
|rated
|rule|Sleep Clause Mod: Limit one foe put to sleep
|rule|Species Clause: Limit one of each PokÃ©mon
|rule|OHKO Clause: OHKO moves are banned
|rule|Moody Clause: Moody is banned
|rule|Evasion Moves Clause: Evasion moves are banned
|rule|Endless Battle Clause: Forcing endless battles is banned
|rule|HP Percentage Mod: HP is shown in percentages
|clearpoke
|poke|p1|Serperior, M
|poke|p1|Emboar, F
|poke|p1|Suicune
|poke|p1|Jirachi
|poke|p1|Aerodactyl, F
|poke|p1|Nidoqueen, F
|poke|p2|Arcanine, F
|poke|p2|Blastoise, F
|poke|p2|Blissey, F
|poke|p2|Aggron, F
|poke|p2|Cresselia, F
|poke|p2|Florges, F
|rule|Swagger Clause: Swagger is banned
|rule|Baton Pass Clause: Limit one PokÃ©mon knowing Baton Pass
|teampreview
|
|start
|switch|p1a: Emboar|Emboar, F|361\/361
|switch|p2a: Blissey|Blissey, F|714\/714
|turn|1
|
|switch|p1a: Nidoqueen|Nidoqueen, F|321\/321
|switch|p2a: Arcanine|Arcanine, F|383\/383
|-ability|p2a: Arcanine|Intimidate|[of] p1a: Nidoqueen
|-unboost|p1a: Nidoqueen|atk|1
|
|turn|2
|
|switch|p2a: Cresselia|Cresselia, F|443\/443
|move|p1a: Nidoqueen|Earth Power|p2a: Cresselia
|-immune|p2a: Cresselia|[msg]
|
|turn|3
|
|move|p1a: Nidoqueen|Toxic Spikes|p2a: Cresselia
|-sidestart|p2: Vazhura|move: Toxic Spikes
|move|p2a: Cresselia|Substitute|p2a: Cresselia
|-start|p2a: Cresselia|Substitute
|-damage|p2a: Cresselia|333\/443
|
|-heal|p2a: Cresselia|360\/443|[from] item: Leftovers
|turn|4
|
|switch|p1a: Suicune|Suicune|401\/401
|-ability|p1a: Suicune|Pressure
|move|p2a: Cresselia|Calm Mind|p2a: Cresselia
|-boost|p2a: Cresselia|spa|1
|-boost|p2a: Cresselia|spd|1
|
|-heal|p2a: Cresselia|387\/443|[from] item: Leftovers
|turn|5
|
|move|p2a: Cresselia|Psyshock|p1a: Suicune
|-damage|p1a: Suicune|332\/401
|move|p1a: Suicune|Roar|p2a: Cresselia
|drag|p2a: Florges|Florges, F|360\/360
|-status|p2a: Florges|psn
|
|-heal|p1a: Suicune|357\/401|[from] item: Leftovers
|-damage|p2a: Florges|315\/360 psn|[from] psn
|turn|6
|
|switch|p1a: Nidoqueen|Nidoqueen, F|321\/321
|move|p2a: Florges|Aromatherapy|p2a: Florges
|-cureteam|p2a: Florges|[from] move: Aromatherapy
|
|-heal|p2a: Florges|337\/360|[from] item: Leftovers
|turn|7
|
|switch|p2a: Blissey|Blissey, F|714\/714
|-status|p2a: Blissey|psn
|move|p1a: Nidoqueen|Stealth Rock|p2a: Blissey
|-sidestart|p2: Vazhura|move: Stealth Rock
|
|-damage|p2a: Blissey|625\/714 psn|[from] psn
|turn|8
|
|switch|p1a: Aerodactyl|Aerodactyl, F|301\/301
|-ability|p1a: Aerodactyl|Pressure
|move|p2a: Blissey|Seismic Toss|p1a: Aerodactyl
|-damage|p1a: Aerodactyl|201\/301
|
|-heal|p2a: Blissey|669\/714 psn|[from] item: Leftovers
|-damage|p2a: Blissey|580\/714 psn|[from] psn
|turn|9
|
|switch|p1a: Nidoqueen|Nidoqueen, F|321\/321
|move|p2a: Blissey|Thunder Wave|p1a: Nidoqueen
|-immune|p1a: Nidoqueen|[msg]
|
|-heal|p2a: Blissey|624\/714 psn|[from] item: Leftovers
|-damage|p2a: Blissey|535\/714 psn|[from] psn
|turn|10
|
|switch|p1a: Emboar|Emboar, F|361\/361
|move|p2a: Blissey|Seismic Toss|p1a: Emboar
|-damage|p1a: Emboar|261\/361
|
|-heal|p2a: Blissey|579\/714 psn|[from] item: Leftovers
|-damage|p2a: Blissey|490\/714 psn|[from] psn
|turn|11
|
|switch|p2a: Cresselia|Cresselia, F|387\/443
|-damage|p2a: Cresselia|332\/443|[from] Stealth Rock
|move|p1a: Emboar|Superpower|p2a: Cresselia
|-resisted|p2a: Cresselia
|-damage|p2a: Cresselia|209\/443
|-unboost|p1a: Emboar|atk|1
|-unboost|p1a: Emboar|def|1
|-damage|p1a: Emboar|225\/361|[from] item: Life Orb
|
|-heal|p2a: Cresselia|236\/443|[from] item: Leftovers
|turn|12
|
|switch|p1a: Jirachi|Jirachi|341\/341
|move|p2a: Cresselia|Calm Mind|p2a: Cresselia
|-boost|p2a: Cresselia|spa|1
|-boost|p2a: Cresselia|spd|1
|
|-heal|p2a: Cresselia|263\/443|[from] item: Leftovers
|turn|13
|
|switch|p2a: Arcanine|Arcanine, F|383\/383
|-damage|p2a: Arcanine|288\/383|[from] Stealth Rock
|-status|p2a: Arcanine|psn
|-ability|p2a: Arcanine|Intimidate|[of] p1a: Jirachi
|-unboost|p1a: Jirachi|atk|1
|move|p1a: Jirachi|U-turn|p2a: Arcanine
|-resisted|p2a: Arcanine
|-damage|p2a: Arcanine|270\/383 psn
|-damage|p1a: Jirachi|285\/341|[from] item: Rocky Helmet|[of] p2a: Arcanine
|
|switch|p1a: Nidoqueen|Nidoqueen, F|321\/321
|
|-damage|p2a: Arcanine|223\/383 psn|[from] psn
|turn|14
|
|switch|p1a: Emboar|Emboar, F|225\/361
|switch|p2a: Blissey|Blissey, F|490\/714
|-damage|p2a: Blissey|401\/714|[from] Stealth Rock
|-status|p2a: Blissey|psn
|
|-heal|p2a: Blissey|445\/714 psn|[from] item: Leftovers
|-damage|p2a: Blissey|356\/714 psn|[from] psn
|turn|15
|
|move|p1a: Emboar|Superpower|p2a: Blissey
|-crit|p2a: Blissey
|-supereffective|p2a: Blissey
|-damage|p2a: Blissey|0 fnt
|-unboost|p1a: Emboar|atk|1
|-unboost|p1a: Emboar|def|1
|-damage|p1a: Emboar|189\/361|[from] item: Life Orb
|faint|p2a: Blissey
|
|join|THEiTodd
|
|switch|p2a: Blastoise|Blastoise, F|361\/361
|-status|p2a: Blastoise|psn
|-damage|p2a: Blastoise|316\/361 psn|[from] Stealth Rock
|turn|16
|
|move|p1a: Emboar|Wild Charge|p2a: Blastoise
|-supereffective|p2a: Blastoise
|-damage|p2a: Blastoise|61\/361 psn
|-damage|p1a: Emboar|125\/361|[from] recoil|[of] p2a: Blastoise
|-damage|p1a: Emboar|89\/361|[from] item: Life Orb
|move|p2a: Blastoise|Aura Sphere|p1a: Emboar
|-damage|p1a: Emboar|0 fnt
|faint|p1a: Emboar
|
|-damage|p2a: Blastoise|16\/361 psn|[from] psn
|
|switch|p1a: Serperior|Serperior, M|291\/291
|turn|17
|
|move|p1a: Serperior|Leaf Storm|p2a: Blastoise|[miss]
|-miss|p1a: Serperior|p2a: Blastoise
|move|p2a: Blastoise|Ice Beam|p1a: Serperior
|-crit|p1a: Serperior
|-supereffective|p1a: Serperior
|-damage|p1a: Serperior|1\/291
|
|-damage|p2a: Blastoise|0 fnt|[from] psn
|faint|p2a: Blastoise
|c| THEiTodd|outskilled
|c| THEiTodd|imo
|
|switch|p2a: Florges|Florges, F|337\/360
|-status|p2a: Florges|psn
|-damage|p2a: Florges|292\/360 psn|[from] Stealth Rock
|turn|18
|c|âMega Pidgeotto|ah
|c|âMega Pidgeotto|still inda
|c| THEiTodd|yeah
|
|move|p1a: Serperior|Synthesis|p1a: Serperior
|-heal|p1a: Serperior|146\/291
|move|p2a: Florges|Wish|p2a: Florges
|
|-heal|p2a: Florges|314\/360 psn|[from] item: Leftovers
|-damage|p2a: Florges|269\/360 psn|[from] psn
|turn|19
|c|âVazhura|I thought ur using contrary
|c|âMega Pidgeotto|i am
|c| THEiTodd|shhh
|c|âVazhura|haha
|c|âVazhura|you know what
|c|âVazhura|i forgot to put rapid spin on blastoise
|join|Yun0 Gasai
|c|âMega Pidgeotto|haha xD
|c| Yun0 Gasai|dodmen
|c|âVazhura|gg
|c|âMega Pidgeotto|hi
|c| Yun0 Gasai|is your team good
|c|âVazhura|ur good
|c|âMega Pidgeotto|ty
|-message|Vazhura forfeited.
|leave|Vazhura
|join|Goerge Wsahington
|leave|Yun0 Gasai
|
|win|Mega Pidgeotto
|raw|Ladder updating...
|player|p2
|raw|Mega Pidgeotto's rating: 1488 &rarr; <strong>1502<\/strong><br \/>(+14 for winning)
|raw|Vazhura's rating: 1391 &rarr; <strong>1377<\/strong><br \/>(-14 for losing)