|join|Mega Pidgeotto
|join|Bulma's Panties
|player|p1|Mega Pidgeotto|171
|player|p2|Bulma's Panties|155
|gametype|singles
|gen|6
|tier|UU
|rated
|rule|Sleep Clause Mod: Limit one foe put to sleep
|rule|Species Clause: Limit one of each PokÃ©mon
|rule|OHKO Clause: OHKO moves are banned
|rule|Moody Clause: Moody is banned
|rule|Evasion Moves Clause: Evasion moves are banned
|rule|Endless Battle Clause: Forcing endless battles is banned
|rule|HP Percentage Mod: HP is shown in percentages
|clearpoke
|poke|p1|Serperior, F
|poke|p1|Emboar, F
|poke|p1|Suicune
|poke|p1|Jirachi
|poke|p1|Aerodactyl, F
|poke|p1|Nidoqueen, F
|poke|p2|Diancie
|poke|p2|Espeon, M, shiny
|poke|p2|Nidoking, M, shiny
|poke|p2|Darmanitan, F
|poke|p2|Raikou
|poke|p2|Jellicent, M
|rule|Swagger Clause: Swagger is banned
|rule|Baton Pass Clause: Limit one PokÃ©mon knowing Baton Pass
|teampreview
|join|Dad's Dad
|c|âBulma's Panties|oh shit
|c|âBulma's Panties|dads dad
|c|âMega Pidgeotto|famous nig
|c| Dad's Dad|im utube famus n-N
|join|THEiTodd
|c| Dad's Dad|fuck
|c| Dad's Dad|n_n
|c| THEiTodd|n_n
|c|âBulma's Panties|shit
|c|âBulma's Panties|admin todd
|c| Dad's Dad|lmao
|
|start
|switch|p1a: Jirachi|Jirachi|341\/341
|switch|p2a: Raikou|Raikou|321\/321
|-ability|p2a: Raikou|Pressure
|turn|1
|c| Dad's Dad|>admin
|c| THEiTodd|wait
|c| THEiTodd|isn't this
|c| THEiTodd|bleve
|c| THEiTodd|he had misty
|c| THEiTodd|avi
|c| THEiTodd|for awhile
|c|âMega Pidgeotto|no wai
|
|move|p2a: Raikou|Volt Switch|p1a: Jirachi
|-damage|p1a: Jirachi|209\/341
|c| Dad's Dad|todd look at this n_n
|c| Dad's Dad|Dark Eye of Sauron was promoted to Room Voice by DMT.
|c| THEiTodd|ru bleve
|c| THEiTodd|pls be bleve
|c| Dad's Dad|n________________________________n
|c| Dad's Dad|[21:06:51] +Dark Eye of Sauron: :]
|c| Dad's Dad|fuck
|c| THEiTodd|llllllooooooooo
|c| THEiTodd|llllllllllll
|
|switch|p2a: Jellicent|Jellicent, M|404\/404
|move|p1a: Jirachi|U-turn|p2a: Jellicent
|-resisted|p2a: Jellicent
|-damage|p2a: Jellicent|357\/404
|join|DrReuniclus3
|
|switch|p1a: Serperior|Serperior, F|291\/291
|
|-heal|p2a: Jellicent|382\/404|[from] item: Leftovers
|turn|2
|
|move|p1a: Serperior|Glare|p2a: Jellicent
|-status|p2a: Jellicent|par
|move|p2a: Jellicent|Toxic|p1a: Serperior
|-status|p1a: Serperior|tox
|
|-heal|p2a: Jellicent|404\/404 par|[from] item: Leftovers
|-damage|p1a: Serperior|273\/291 tox|[from] psn
|turn|3
|c| THEiTodd|hi drreuniclus!
|c| Lord Deepthroat|i remember all the way back when i was literal cancer
|c| Lord Deepthroat|and i used this alt
|c| THEiTodd|i can remember
|c| THEiTodd|30 seconds ago too
|c|âMega Pidgeotto|xD
|c| Lord Deepthroat|i would go to ru chat
|
|switch|p2a: Raikou|Raikou|321\/321
|-ability|p2a: Raikou|Pressure
|move|p1a: Serperior|Leaf Storm|p2a: Raikou
|-damage|p2a: Raikou|132\/321
|-boost|p1a: Serperior|spa|2
|
|-damage|p1a: Serperior|237\/291 tox|[from] psn
|turn|4
|c| Lord Deepthroat|and some emo fag ro named lixx
|c| Lord Deepthroat|would get mad
|c| Lord Deepthroat|w8 not lixx
|c| THEiTodd|fukn lixx
|c| THEiTodd|oh
|c| Lord Deepthroat|or maybe it was idk
|
|switch|p1a: Jirachi|Jirachi|209\/341
|move|p2a: Raikou|Hidden Power|p1a: Jirachi
|-resisted|p1a: Jirachi
|-damage|p1a: Jirachi|171\/341
|
|turn|5
|c| Lord Deepthroat|Lixx was cool in UU chat tho
|c| Lord Deepthroat|but if hes who i remember
|c| Lord Deepthroat|then hes a fgt in RU
|
|switch|p2a: Espeon|Espeon, M, shiny|334\/334
|move|p1a: Jirachi|U-turn|p2a: Espeon
|-supereffective|p2a: Espeon
|-damage|p2a: Espeon|192\/334
|
|switch|p1a: Aerodactyl|Aerodactyl, F|301\/301
|-ability|p1a: Aerodactyl|Pressure
|
|-heal|p2a: Espeon|212\/334|[from] item: Leftovers
|turn|6
|
|detailschange|p1a: Aerodactyl|Aerodactyl-Mega, F
|-mega|p1a: Aerodactyl|Aerodactyl|Aerodactylite
|move|p1a: Aerodactyl|Stone Edge|p2a: Espeon
|-damage|p2a: Espeon|46\/334
|move|p2a: Espeon|Yawn|p1a: Aerodactyl
|-start|p1a: Aerodactyl|move: Yawn|[of] p2a: Espeon
|
|-heal|p2a: Espeon|66\/334|[from] item: Leftovers
|turn|7
|join|dingbat
|
|switch|p1a: Jirachi|Jirachi|171\/341
|switch|p2a: Nidoking|Nidoking, M, shiny|303\/303
|
|turn|8
|
|move|p1a: Jirachi|Iron Head|p2a: Nidoking
|-damage|p2a: Nidoking|149\/303
|cant|p2a: Nidoking|flinch
|
|turn|9
|
|switch|p1a: Aerodactyl|Aerodactyl-Mega, F|301\/301
|switch|p2a: Jellicent|Jellicent, M|404\/404 par
|
|turn|10
|c| dingbat|is dis
|c| dingbat|dodmen
|c| DrReuniclus3|n
|c| DrReuniclus3|its
|c| DrReuniclus3|mega pidgeotto
|
|switch|p1a: Serperior|Serperior, F|237\/291 tox
|move|p2a: Jellicent|Will-O-Wisp|p1a: Serperior
|-fail|p1a: Serperior
|
|-damage|p1a: Serperior|219\/291 tox|[from] psn
|turn|11
|c| dingbat|!!!
|
|switch|p2a: Darmanitan|Darmanitan, F|351\/351
|move|p1a: Serperior|Leaf Storm|p2a: Darmanitan
|-resisted|p2a: Darmanitan
|-damage|p2a: Darmanitan|203\/351
|-boost|p1a: Serperior|spa|2
|
|-damage|p1a: Serperior|183\/291 tox|[from] psn
|turn|12
|
|move|p2a: Darmanitan|U-turn|p1a: Serperior
|-supereffective|p1a: Serperior
|-damage|p1a: Serperior|0 fnt
|faint|p1a: Serperior
|c|âMega Pidgeotto|fucking
|c|âMega Pidgeotto|epic
|
|switch|p2a: Raikou|Raikou|132\/321
|-ability|p2a: Raikou|Pressure
|
|
|switch|p1a: Nidoqueen|Nidoqueen, F|321\/321
|turn|13
|
|switch|p2a: Espeon|Espeon, M, shiny|66\/334
|move|p1a: Nidoqueen|Earth Power|p2a: Espeon
|-damage|p2a: Espeon|0 fnt
|faint|p2a: Espeon
|
|
|switch|p2a: Nidoking|Nidoking, M, shiny|149\/303
|turn|14
|
|switch|p1a: Aerodactyl|Aerodactyl-Mega, F|301\/301
|move|p2a: Nidoking|Ice Beam|p1a: Aerodactyl
|-supereffective|p1a: Aerodactyl
|-damage|p1a: Aerodactyl|10\/301
|
|turn|15
|
|switch|p2a: Diancie|Diancie|242\/242
|move|p1a: Aerodactyl|Aerial Ace|p2a: Diancie
|-resisted|p2a: Diancie
|-damage|p2a: Diancie|190\/242
|
|turn|16
|c| THEiTodd|down to 26
|
|move|p1a: Aerodactyl|Stone Edge|p2a: Diancie
|-damage|p2a: Diancie|61\/242
|move|p2a: Diancie|Stealth Rock|p1a: Aerodactyl
|-sidestart|p1: Mega Pidgeotto|move: Stealth Rock
|
|turn|17
|
|switch|p2a: Nidoking|Nidoking, M, shiny|149\/303
|move|p1a: Aerodactyl|Stone Edge|p2a: Nidoking
|-resisted|p2a: Nidoking
|-damage|p2a: Nidoking|31\/303
|
|turn|18
|
|move|p1a: Aerodactyl|Defog|p2a: Nidoking
|-unboost|p2a: Nidoking|evasion|1
|-sideend|p1: Mega Pidgeotto|Stealth Rock|[from] move: Defog|[of] p1a: Aerodactyl
|move|p2a: Nidoking|Thunderbolt|p1a: Aerodactyl
|-supereffective|p1a: Aerodactyl
|-damage|p1a: Aerodactyl|0 fnt
|faint|p1a: Aerodactyl
|
|
|switch|p1a: Jirachi|Jirachi|171\/341
|turn|19
|
|switch|p2a: Jellicent|Jellicent, M|404\/404 par
|move|p1a: Jirachi|U-turn|p2a: Jellicent
|-resisted|p2a: Jellicent
|-damage|p2a: Jellicent|358\/404 par
|
|switch|p1a: Emboar|Emboar, F|361\/361
|
|-heal|p2a: Jellicent|383\/404 par|[from] item: Leftovers
|turn|20
|
|move|p1a: Emboar|Wild Charge|p2a: Jellicent
|-crit|p2a: Jellicent
|-supereffective|p2a: Jellicent
|-damage|p2a: Jellicent|0 fnt
|-damage|p1a: Emboar|265\/361|[from] recoil|[of] p2a: Jellicent
|-damage|p1a: Emboar|229\/361|[from] item: Life Orb
|faint|p2a: Jellicent
|
|leave|THEiTodd
|
|switch|p2a: Diancie|Diancie|61\/242
|turn|21
|
|detailschange|p2a: Diancie|Diancie-Mega
|-mega|p2a: Diancie|Diancie|Diancite
|move|p1a: Emboar|Flare Blitz|p2a: Diancie
|-resisted|p2a: Diancie
|-damage|p2a: Diancie|0 fnt
|-damage|p1a: Emboar|209\/361|[from] recoil|[of] p2a: Diancie
|-damage|p1a: Emboar|173\/361|[from] item: Life Orb
|faint|p2a: Diancie
|
|
|switch|p2a: Nidoking|Nidoking, M, shiny|31\/303
|turn|22
|
|move|p1a: Emboar|Sucker Punch|p2a: Nidoking
|-damage|p2a: Nidoking|0 fnt
|-damage|p1a: Emboar|137\/361|[from] item: Life Orb
|faint|p2a: Nidoking
|
|
|switch|p2a: Darmanitan|Darmanitan, F|203\/351
|turn|23
|
|move|p1a: Emboar|Sucker Punch|p2a: Darmanitan
|-damage|p2a: Darmanitan|0 fnt
|-damage|p1a: Emboar|101\/361|[from] item: Life Orb
|faint|p2a: Darmanitan
|
|c|âBulma's Panties|wtf lol
|
|switch|p2a: Raikou|Raikou|132\/321
|-ability|p2a: Raikou|Pressure
|turn|24
|c|âMega Pidgeotto|that's what you get for using dual scarfs =)
|
|move|p1a: Emboar|Sucker Punch|p2a: Raikou
|-damage|p2a: Raikou|0 fnt
|-damage|p1a: Emboar|65\/361|[from] item: Life Orb
|faint|p2a: Raikou
|
|win|Mega Pidgeotto
|raw|Ladder updating...
|raw|Mega Pidgeotto's rating: 1522 &rarr; <strong>1532<\/strong><br \/>(+10 for winning)
|raw|Bulma&apos;s Panties's rating: 1322 &rarr; <strong>1313<\/strong><br \/>(-9 for losing)