|join|Mega Pidgeotto
|join|x MAD AXES x
|player|p1|Mega Pidgeotto|171
|player|p2|x MAD AXES x|2
|gametype|singles
|gen|6
|tier|UU
|rated
|rule|Sleep Clause Mod: Limit one foe put to sleep
|rule|Species Clause: Limit one of each PokÃ©mon
|rule|OHKO Clause: OHKO moves are banned
|rule|Moody Clause: Moody is banned
|rule|Evasion Moves Clause: Evasion moves are banned
|rule|Endless Battle Clause: Forcing endless battles is banned
|rule|HP Percentage Mod: HP is shown in percentages
|clearpoke
|poke|p1|Absol, F
|poke|p1|Lucario, F
|poke|p1|Reuniclus, F
|poke|p1|Florges, F
|poke|p1|Swampert, F
|poke|p1|Chesnaught, M
|poke|p2|Beedrill, F
|poke|p2|Cobalion
|poke|p2|Starmie
|poke|p2|Rotom-Heat
|poke|p2|Celebi
|poke|p2|Hydreigon, M
|rule|Swagger Clause: Swagger is banned
|rule|Baton Pass Clause: Limit one PokÃ©mon knowing Baton Pass
|teampreview
|
|start
|switch|p1a: Absol|Absol, F|271\/271
|switch|p2a: Lucario 2.0|Cobalion|385\/385
|-ability|p1a: Absol|Pressure
|turn|1
|
|switch|p1a: Reuniclus|Reuniclus, F|424\/424
|move|p2a: Lucario 2.0|Close Combat|p1a: Reuniclus
|-resisted|p1a: Reuniclus
|-damage|p1a: Reuniclus|364\/424
|-unboost|p2a: Lucario 2.0|def|1
|-unboost|p2a: Lucario 2.0|spd|1
|
|-heal|p1a: Reuniclus|390\/424|[from] item: Leftovers
|turn|2
|
|move|p2a: Lucario 2.0|Volt Switch|p1a: Reuniclus
|-damage|p1a: Reuniclus|339\/424
|
|switch|p2a: face time|Hydreigon, M|325\/325
|move|p1a: Reuniclus|Calm Mind|p1a: Reuniclus
|-boost|p1a: Reuniclus|spa|1
|-boost|p1a: Reuniclus|spd|1
|
|-heal|p1a: Reuniclus|365\/424|[from] item: Leftovers
|turn|3
|
|move|p2a: face time|Dark Pulse|p1a: Reuniclus
|-supereffective|p1a: Reuniclus
|-damage|p1a: Reuniclus|84\/424
|-damage|p2a: face time|293\/325|[from] item: Life Orb
|cant|p1a: Reuniclus|flinch
|
|-heal|p1a: Reuniclus|110\/424|[from] item: Leftovers
|turn|4
|c|âx MAD AXES x|damn hax
|
|switch|p1a: Florges|Florges, F|360\/360
|move|p2a: face time|Draco Meteor|p1a: Florges
|-immune|p1a: Florges|[msg]
|
|turn|5
|
|switch|p2a: ravioli ravioli|Rotom-Heat|303\/303
|move|p1a: Florges|Wish|p1a: Florges
|
|turn|6
|
|switch|p1a: Swampert|Swampert, F|401\/401
|move|p2a: ravioli ravioli|Volt Switch|p1a: Swampert
|-immune|p1a: Swampert|[msg]
|
|turn|7
|
|switch|p2a: starwho|Starmie|323\/323
|move|p1a: Swampert|Stealth Rock|p2a: starwho
|-sidestart|p2: x MAD AXES x|move: Stealth Rock
|
|turn|8
|
|move|p2a: starwho|Rapid Spin|p1a: Swampert
|-crit|p1a: Swampert
|-damage|p1a: Swampert|388\/401
|-sideend|p2: x MAD AXES x|Stealth Rock|[from] move: Rapid Spin|[of] p2a: starwho
|move|p1a: Swampert|Earthquake|p2a: starwho
|-damage|p2a: starwho|190\/323
|
|-heal|p2a: starwho|210\/323|[from] item: Leftovers
|-heal|p1a: Swampert|401\/401|[from] item: Leftovers
|turn|9
|
|switch|p1a: Florges|Florges, F|360\/360
|move|p2a: starwho|Scald|p1a: Florges
|-damage|p1a: Florges|299\/360
|
|-heal|p2a: starwho|230\/323|[from] item: Leftovers
|-heal|p1a: Florges|321\/360|[from] item: Leftovers
|turn|10
|
|move|p2a: starwho|Psyshock|p1a: Florges
|-damage|p1a: Florges|234\/360
|move|p1a: Florges|Wish|p1a: Florges
|
|-heal|p2a: starwho|250\/323|[from] item: Leftovers
|-heal|p1a: Florges|256\/360|[from] item: Leftovers
|turn|11
|
|switch|p2a: ravioli ravioli|Rotom-Heat|303\/303
|move|p1a: Florges|Moonblast|p2a: ravioli ravioli
|-resisted|p2a: ravioli ravioli
|-damage|p2a: ravioli ravioli|249\/303
|
|-heal|p1a: Florges|360\/360|[from] move: Wish|[wisher] Florges
|-heal|p2a: ravioli ravioli|267\/303|[from] item: Leftovers
|turn|12
|
|move|p2a: ravioli ravioli|Will-O-Wisp|p1a: Florges
|-status|p1a: Florges|brn
|move|p1a: Florges|Wish|p1a: Florges
|
|-heal|p2a: ravioli ravioli|285\/303|[from] item: Leftovers
|-damage|p1a: Florges|315\/360 brn|[from] brn
|turn|13
|
|switch|p2a: on the rebound|Beedrill, F|271\/271
|switch|p1a: Swampert|Swampert, F|401\/401
|
|turn|14
|
|detailschange|p2a: on the rebound|Beedrill-Mega, F
|-mega|p2a: on the rebound|Beedrill|Beedrillite
|move|p2a: on the rebound|U-turn|p1a: Swampert
|-damage|p1a: Swampert|289\/401
|
|switch|p2a: celery|Celebi|341\/341
|move|p1a: Swampert|Earthquake|p2a: celery
|-resisted|p2a: celery
|-damage|p2a: celery|275\/341
|
|-heal|p1a: Swampert|314\/401|[from] item: Leftovers
|turn|15
|
|switch|p1a: Florges|Florges, F|315\/360 brn
|move|p2a: celery|Swords Dance|p2a: celery
|-boost|p2a: celery|atk|2
|
|-heal|p1a: Florges|337\/360 brn|[from] item: Leftovers
|-damage|p1a: Florges|292\/360 brn|[from] brn
|turn|16
|
|move|p2a: celery|Seed Bomb|p1a: Florges
|-damage|p1a: Florges|11\/360 brn
|-damage|p2a: celery|241\/341|[from] item: Life Orb
|move|p1a: Florges|Wish|p1a: Florges
|
|-heal|p1a: Florges|33\/360 brn|[from] item: Leftovers
|-damage|p1a: Florges|0 fnt|[from] brn
|faint|p1a: Florges
|
|switch|p1a: Absol|Absol, F|271\/271
|-ability|p1a: Absol|Pressure
|turn|17
|
|switch|p2a: Lucario 2.0|Cobalion|385\/385
|detailschange|p1a: Absol|Absol-Mega, F
|-mega|p1a: Absol|Absol|Absolite
|move|p1a: Absol|Sucker Punch|p2a: Lucario 2.0
|-fail|p2a: Lucario 2.0
|
|turn|18
|
|switch|p1a: Chesnaught|Chesnaught, M|380\/380
|move|p2a: Lucario 2.0|Close Combat|p1a: Chesnaught
|-damage|p1a: Chesnaught|301\/380
|-unboost|p2a: Lucario 2.0|def|1
|-unboost|p2a: Lucario 2.0|spd|1
|
|-heal|p1a: Chesnaught|324\/380|[from] item: Leftovers
|turn|19
|
|move|p2a: Lucario 2.0|Volt Switch|p1a: Chesnaught
|-resisted|p1a: Chesnaught
|-damage|p1a: Chesnaught|294\/380
|
|switch|p2a: celery|Celebi|241\/341
|move|p1a: Chesnaught|Leech Seed|p2a: celery
|-immune|p2a: celery|[msg]
|
|-heal|p1a: Chesnaught|317\/380|[from] item: Leftovers
|turn|20
|
|switch|p2a: on the rebound|Beedrill-Mega, F|271\/271
|switch|p1a: Absol|Absol-Mega, F|271\/271
|
|turn|21
|
|move|p2a: on the rebound|Protect|p2a: on the rebound
|-singleturn|p2a: on the rebound|Protect
|move|p1a: Absol|Sucker Punch|p2a: on the rebound
|-fail|p2a: on the rebound
|
|turn|22
|
|move|p1a: Absol|Pursuit|p2a: on the rebound|[from]Pursuit
|-damage|p2a: on the rebound|0 fnt
|faint|p2a: on the rebound
|
|
|switch|p2a: Lucario 2.0|Cobalion|385\/385
|turn|23
|c|âx MAD AXES x|so tempted to u turn should have lol
|
|switch|p1a: Chesnaught|Chesnaught, M|317\/380
|move|p2a: Lucario 2.0|Volt Switch|p1a: Chesnaught
|-resisted|p1a: Chesnaught
|-damage|p1a: Chesnaught|290\/380
|
|switch|p2a: celery|Celebi|241\/341
|
|-heal|p1a: Chesnaught|313\/380|[from] item: Leftovers
|turn|24
|
|switch|p1a: Reuniclus|Reuniclus, F|110\/424
|move|p2a: celery|Seed Bomb|p1a: Reuniclus
|-damage|p1a: Reuniclus|0 fnt
|-damage|p2a: celery|207\/341|[from] item: Life Orb
|faint|p1a: Reuniclus
|
|
|switch|p1a: Absol|Absol-Mega, F|271\/271
|turn|25
|
|move|p1a: Absol|Knock Off|p2a: celery
|-crit|p2a: celery
|-supereffective|p2a: celery
|-damage|p2a: celery|0 fnt
|-enditem|p2a: celery|Life Orb|[from] move: Knock Off|[of] p1a: Absol
|faint|p2a: celery
|
|
|switch|p2a: Lucario 2.0|Cobalion|385\/385
|turn|26
|
|switch|p1a: Chesnaught|Chesnaught, M|313\/380
|move|p2a: Lucario 2.0|Volt Switch|p1a: Chesnaught
|-crit|p1a: Chesnaught
|-resisted|p1a: Chesnaught
|-damage|p1a: Chesnaught|269\/380
|
|switch|p2a: ravioli ravioli|Rotom-Heat|285\/303
|
|-heal|p2a: ravioli ravioli|303\/303|[from] item: Leftovers
|-heal|p1a: Chesnaught|292\/380|[from] item: Leftovers
|turn|27
|
|switch|p1a: Swampert|Swampert, F|314\/401
|move|p2a: ravioli ravioli|Overheat|p1a: Swampert
|-resisted|p1a: Swampert
|-damage|p1a: Swampert|230\/401
|-unboost|p2a: ravioli ravioli|spa|2
|
|-heal|p1a: Swampert|255\/401|[from] item: Leftovers
|turn|28
|
|switch|p2a: starwho|Starmie|250\/323
|move|p1a: Swampert|Stealth Rock|p2a: starwho
|-sidestart|p2: x MAD AXES x|move: Stealth Rock
|
|-heal|p2a: starwho|270\/323|[from] item: Leftovers
|-heal|p1a: Swampert|280\/401|[from] item: Leftovers
|turn|29
|
|move|p2a: starwho|Scald|p1a: Swampert
|-damage|p1a: Swampert|186\/401
|-status|p1a: Swampert|brn
|move|p1a: Swampert|Toxic|p2a: starwho|[miss]
|-miss|p1a: Swampert|p2a: starwho
|
|-heal|p2a: starwho|290\/323|[from] item: Leftovers
|-heal|p1a: Swampert|211\/401 brn|[from] item: Leftovers
|-damage|p1a: Swampert|161\/401 brn|[from] brn
|turn|30
|
|switch|p2a: Lucario 2.0|Cobalion|385\/385
|-damage|p2a: Lucario 2.0|373\/385|[from] Stealth Rock
|move|p1a: Swampert|Toxic|p2a: Lucario 2.0
|-fail|p2a: Lucario 2.0
|
|-heal|p2a: Lucario 2.0|385\/385|[from] item: Leftovers
|-heal|p1a: Swampert|186\/401 brn|[from] item: Leftovers
|-damage|p1a: Swampert|136\/401 brn|[from] brn
|turn|31
|
|move|p2a: Lucario 2.0|Stealth Rock|p1a: Swampert
|-sidestart|p1: Mega Pidgeotto|move: Stealth Rock
|move|p1a: Swampert|Earthquake|p2a: Lucario 2.0
|-supereffective|p2a: Lucario 2.0
|-damage|p2a: Lucario 2.0|289\/385
|
|-heal|p2a: Lucario 2.0|313\/385|[from] item: Leftovers
|-heal|p1a: Swampert|161\/401 brn|[from] item: Leftovers
|-damage|p1a: Swampert|111\/401 brn|[from] brn
|turn|32
|
|move|p2a: Lucario 2.0|Close Combat|p1a: Swampert
|-damage|p1a: Swampert|6\/401 brn
|-unboost|p2a: Lucario 2.0|def|1
|-unboost|p2a: Lucario 2.0|spd|1
|move|p1a: Swampert|Scald|p2a: Lucario 2.0
|-damage|p2a: Lucario 2.0|91\/385
|-status|p2a: Lucario 2.0|brn
|
|-heal|p2a: Lucario 2.0|115\/385 brn|[from] item: Leftovers
|-heal|p1a: Swampert|31\/401 brn|[from] item: Leftovers
|-damage|p2a: Lucario 2.0|67\/385 brn|[from] brn
|-damage|p1a: Swampert|0 fnt|[from] brn
|faint|p1a: Swampert
|
|switch|p1a: Absol|Absol-Mega, F|271\/271
|-damage|p1a: Absol|238\/271|[from] Stealth Rock
|turn|33
|
|move|p1a: Absol|Knock Off|p2a: Lucario 2.0
|-resisted|p2a: Lucario 2.0
|-damage|p2a: Lucario 2.0|0 fnt
|-enditem|p2a: Lucario 2.0|Leftovers|[from] move: Knock Off|[of] p1a: Absol
|faint|p2a: Lucario 2.0
|
|
|switch|p2a: face time|Hydreigon, M|293\/325
|-damage|p2a: face time|253\/325|[from] Stealth Rock
|turn|34
|
|switch|p1a: Chesnaught|Chesnaught, M|292\/380
|-damage|p1a: Chesnaught|269\/380|[from] Stealth Rock
|move|p2a: face time|Draco Meteor|p1a: Chesnaught|[miss]
|-miss|p2a: face time|p1a: Chesnaught
|
|-heal|p1a: Chesnaught|292\/380|[from] item: Leftovers
|turn|35
|
|switch|p2a: ravioli ravioli|Rotom-Heat|303\/303
|-damage|p2a: ravioli ravioli|228\/303|[from] Stealth Rock
|move|p1a: Chesnaught|Leech Seed|p2a: ravioli ravioli
|-start|p2a: ravioli ravioli|move: Leech Seed
|
|-heal|p2a: ravioli ravioli|246\/303|[from] item: Leftovers
|-heal|p1a: Chesnaught|315\/380|[from] item: Leftovers
|-damage|p2a: ravioli ravioli|209\/303|[from] Leech Seed|[of] p1a: Chesnaught
|-heal|p1a: Chesnaught|352\/380|[silent]
|turn|36
|
|move|p2a: ravioli ravioli|Overheat|p1a: Chesnaught
|-supereffective|p1a: Chesnaught
|-damage|p1a: Chesnaught|0 fnt
|-unboost|p2a: ravioli ravioli|spa|2
|faint|p1a: Chesnaught
|
|-heal|p2a: ravioli ravioli|227\/303|[from] item: Leftovers
|
|switch|p1a: Lucario|Lucario, F|281\/281
|-damage|p1a: Lucario|273\/281|[from] Stealth Rock
|turn|37
|
|move|p1a: Lucario|Nasty Plot|p1a: Lucario
|-boost|p1a: Lucario|spa|2
|move|p2a: ravioli ravioli|Will-O-Wisp|p1a: Lucario
|-status|p1a: Lucario|brn
|
|-heal|p2a: ravioli ravioli|245\/303|[from] item: Leftovers
|-damage|p2a: ravioli ravioli|208\/303|[from] Leech Seed|[of] p1a: Lucario
|-heal|p1a: Lucario|281\/281 brn|[silent]
|-damage|p1a: Lucario|246\/281 brn|[from] brn
|turn|38
|
|move|p1a: Lucario|Aura Sphere|p2a: ravioli ravioli
|-damage|p2a: ravioli ravioli|0 fnt
|-damage|p1a: Lucario|218\/281 brn|[from] item: Life Orb
|faint|p2a: ravioli ravioli
|
|-damage|p1a: Lucario|183\/281 brn|[from] brn
|
|switch|p2a: starwho|Starmie|290\/323
|-damage|p2a: starwho|250\/323|[from] Stealth Rock
|turn|39
|
|switch|p1a: Absol|Absol-Mega, F|238\/271
|-damage|p1a: Absol|205\/271|[from] Stealth Rock
|move|p2a: starwho|Scald|p1a: Absol
|-damage|p1a: Absol|36\/271
|-status|p1a: Absol|brn
|
|-heal|p2a: starwho|270\/323|[from] item: Leftovers
|-damage|p1a: Absol|3\/271 brn|[from] brn
|turn|40
|
|move|p1a: Absol|Knock Off|p2a: starwho
|-supereffective|p2a: starwho
|-damage|p2a: starwho|64\/323
|-enditem|p2a: starwho|Leftovers|[from] move: Knock Off|[of] p1a: Absol
|move|p2a: starwho|Rapid Spin|p1a: Absol
|-damage|p1a: Absol|0 fnt
|-sideend|p2: x MAD AXES x|Stealth Rock|[from] move: Rapid Spin|[of] p2a: starwho
|faint|p1a: Absol
|
|
|switch|p1a: Lucario|Lucario, F|183\/281 brn
|-damage|p1a: Lucario|175\/281 brn|[from] Stealth Rock
|turn|41
|
|move|p1a: Lucario|Vacuum Wave|p2a: starwho
|-resisted|p2a: starwho
|-damage|p2a: starwho|7\/323
|-damage|p1a: Lucario|147\/281 brn|[from] item: Life Orb
|move|p2a: starwho|Recover|p2a: starwho
|-heal|p2a: starwho|169\/323
|
|-damage|p1a: Lucario|112\/281 brn|[from] brn
|turn|42
|c|âx MAD AXES x|gg
|
|move|p2a: starwho|Scald|p1a: Lucario
|-damage|p1a: Lucario|0 fnt
|faint|p1a: Lucario
|
|win|x MAD AXES x
|raw|Ladder updating...
|raw|Mega Pidgeotto's rating: 1492 &rarr; <strong>1464<\/strong><br \/>(-28 for losing)
|raw|x MAD AXES x's rating: 1332 &rarr; <strong>1360<\/strong><br \/>(+28 for winning)
|c|âMega Pidgeotto|gg
|leave|Mega Pidgeotto