|join|Casual Tester
|join|Mega Pidgeotto
|player|p1|Casual Tester|101
|player|p2|Mega Pidgeotto|171
|gametype|singles
|gen|6
|tier|UU
|rated
|rule|Sleep Clause Mod: Limit one foe put to sleep
|rule|Species Clause: Limit one of each PokÃ©mon
|rule|OHKO Clause: OHKO moves are banned
|rule|Moody Clause: Moody is banned
|rule|Evasion Moves Clause: Evasion moves are banned
|rule|Endless Battle Clause: Forcing endless battles is banned
|rule|HP Percentage Mod: HP is shown in percentages
|clearpoke
|poke|p1|Donphan, F
|poke|p1|Cobalion
|poke|p1|Beedrill, F
|poke|p1|Entei, shiny
|poke|p1|Suicune
|poke|p1|Crobat, F
|poke|p2|Serperior, M
|poke|p2|Aggron, M
|poke|p2|Slowking, M
|poke|p2|Krookodile, F
|poke|p2|Florges, F
|poke|p2|Mienshao, F
|rule|Swagger Clause: Swagger is banned
|rule|Baton Pass Clause: Limit one PokÃ©mon knowing Baton Pass
|teampreview
|
|start
|switch|p1a: Beedrill|Beedrill, F|271\/271
|switch|p2a: Krookodile|Krookodile, F|331\/331
|-ability|p2a: Krookodile|Intimidate|[of] p1a: Beedrill
|-unboost|p1a: Beedrill|atk|1
|turn|1
|
|detailschange|p1a: Beedrill|Beedrill-Mega, F
|-mega|p1a: Beedrill|Beedrill|Beedrillite
|move|p1a: Beedrill|Protect|p1a: Beedrill
|-singleturn|p1a: Beedrill|Protect
|move|p2a: Krookodile|Earthquake|p1a: Beedrill
|-activate|p1a: Beedrill|Protect
|
|turn|2
|
|move|p2a: Krookodile|Pursuit|p1a: Beedrill|[from]Pursuit
|-damage|p1a: Beedrill|0 fnt
|faint|p1a: Beedrill
|
|
|switch|p1a: Suicune|Suicune|404\/404
|-ability|p1a: Suicune|Pressure
|turn|3
|
|switch|p2a: Slowking|Slowking, M|391\/391
|move|p1a: Suicune|Substitute|p1a: Suicune
|-start|p1a: Suicune|Substitute
|-damage|p1a: Suicune|303\/404
|
|-heal|p1a: Suicune|328\/404|[from] item: Leftovers
|turn|4
|
|move|p1a: Suicune|Calm Mind|p1a: Suicune
|-boost|p1a: Suicune|spa|1
|-boost|p1a: Suicune|spd|1
|move|p2a: Slowking|Nasty Plot|p2a: Slowking
|-boost|p2a: Slowking|spa|2
|
|-heal|p1a: Suicune|353\/404|[from] item: Leftovers
|turn|5
|
|move|p1a: Suicune|Scald|p2a: Slowking
|-resisted|p2a: Slowking
|-damage|p2a: Slowking|318\/391
|move|p2a: Slowking|Psyshock|p1a: Suicune
|-end|p1a: Suicune|Substitute
|
|-heal|p1a: Suicune|378\/404|[from] item: Leftovers
|-heal|p2a: Slowking|342\/391|[from] item: Leftovers
|turn|6
|
|move|p1a: Suicune|Substitute|p1a: Suicune
|-start|p1a: Suicune|Substitute
|-damage|p1a: Suicune|277\/404
|move|p2a: Slowking|Psyshock|p1a: Suicune
|-end|p1a: Suicune|Substitute
|
|-heal|p1a: Suicune|302\/404|[from] item: Leftovers
|-heal|p2a: Slowking|366\/391|[from] item: Leftovers
|turn|7
|
|move|p1a: Suicune|Scald|p2a: Slowking
|-crit|p2a: Slowking
|-resisted|p2a: Slowking
|-damage|p2a: Slowking|271\/391
|move|p2a: Slowking|Psyshock|p1a: Suicune
|-damage|p1a: Suicune|164\/404
|
|-heal|p1a: Suicune|189\/404|[from] item: Leftovers
|-heal|p2a: Slowking|295\/391|[from] item: Leftovers
|turn|8
|
|move|p1a: Suicune|Scald|p2a: Slowking
|-resisted|p2a: Slowking
|-damage|p2a: Slowking|231\/391
|-status|p2a: Slowking|brn
|move|p2a: Slowking|Nasty Plot|p2a: Slowking
|-boost|p2a: Slowking|spa|2
|
|-heal|p1a: Suicune|214\/404|[from] item: Leftovers
|-heal|p2a: Slowking|255\/391 brn|[from] item: Leftovers
|-damage|p2a: Slowking|207\/391 brn|[from] brn
|turn|9
|
|move|p1a: Suicune|Substitute|p1a: Suicune
|-start|p1a: Suicune|Substitute
|-damage|p1a: Suicune|113\/404
|move|p2a: Slowking|Slack Off|p2a: Slowking
|-heal|p2a: Slowking|391\/391 brn
|
|-heal|p1a: Suicune|138\/404|[from] item: Leftovers
|-damage|p2a: Slowking|343\/391 brn|[from] brn
|turn|10
|
|move|p1a: Suicune|Scald|p2a: Slowking
|-resisted|p2a: Slowking
|-damage|p2a: Slowking|274\/391 brn
|move|p2a: Slowking|Psyshock|p1a: Suicune
|-end|p1a: Suicune|Substitute
|
|-heal|p1a: Suicune|163\/404|[from] item: Leftovers
|-heal|p2a: Slowking|298\/391 brn|[from] item: Leftovers
|-damage|p2a: Slowking|250\/391 brn|[from] brn
|turn|11
|
|move|p1a: Suicune|Substitute|p1a: Suicune
|-start|p1a: Suicune|Substitute
|-damage|p1a: Suicune|62\/404
|move|p2a: Slowking|Psyshock|p1a: Suicune
|-end|p1a: Suicune|Substitute
|
|-heal|p1a: Suicune|87\/404|[from] item: Leftovers
|-heal|p2a: Slowking|274\/391 brn|[from] item: Leftovers
|-damage|p2a: Slowking|226\/391 brn|[from] brn
|turn|12
|
|move|p1a: Suicune|Scald|p2a: Slowking
|-resisted|p2a: Slowking
|-damage|p2a: Slowking|161\/391 brn
|move|p2a: Slowking|Psyshock|p1a: Suicune
|-damage|p1a: Suicune|0 fnt
|faint|p1a: Suicune
|
|-heal|p2a: Slowking|185\/391 brn|[from] item: Leftovers
|-damage|p2a: Slowking|137\/391 brn|[from] brn
|
|switch|p1a: Donphan|Donphan, F|339\/339
|turn|13
|
|switch|p2a: Florges|Florges, F|359\/359
|move|p1a: Donphan|Knock Off|p2a: Florges
|-resisted|p2a: Florges
|-damage|p2a: Florges|308\/359
|-enditem|p2a: Florges|Leftovers|[from] move: Knock Off|[of] p1a: Donphan
|
|turn|14
|
|switch|p1a: Cobalion|Cobalion|323\/323
|-item|p1a: Cobalion|Air Balloon
|move|p2a: Florges|Moonblast|p1a: Cobalion
|-damage|p1a: Cobalion|152\/323
|-enditem|p1a: Cobalion|Air Balloon
|-unboost|p1a: Cobalion|spa|1
|
|turn|15
|
|move|p1a: Cobalion|Iron Head|p2a: Florges
|-supereffective|p2a: Florges
|-damage|p2a: Florges|120\/359
|move|p2a: Florges|Moonblast|p1a: Cobalion
|-damage|p1a: Cobalion|2\/323
|-unboost|p1a: Cobalion|spa|1
|
|turn|16
|
|switch|p2a: Slowking|Slowking, M|267\/391 brn
|move|p1a: Cobalion|Stealth Rock|p2a: Slowking
|-sidestart|p2: Mega Pidgeotto|move: Stealth Rock
|
|-heal|p2a: Slowking|291\/391 brn|[from] item: Leftovers
|-damage|p2a: Slowking|243\/391 brn|[from] brn
|turn|17
|
|move|p1a: Cobalion|Volt Switch|p2a: Slowking
|-supereffective|p2a: Slowking
|-damage|p2a: Slowking|197\/391 brn
|
|switch|p1a: Crobat|Crobat, F|311\/311
|move|p2a: Slowking|Scald|p1a: Crobat
|-damage|p1a: Crobat|208\/311
|-status|p1a: Crobat|brn
|
|-heal|p1a: Crobat|227\/311 brn|[from] item: Leftovers
|-heal|p2a: Slowking|221\/391 brn|[from] item: Leftovers
|-damage|p1a: Crobat|189\/311 brn|[from] brn
|-damage|p2a: Slowking|173\/391 brn|[from] brn
|turn|18
|join|so dynamic
|
|move|p1a: Crobat|Taunt|p2a: Slowking
|-start|p2a: Slowking|move: Taunt
|cant|p2a: Slowking|move: Taunt|Slack Off
|
|-heal|p1a: Crobat|208\/311 brn|[from] item: Leftovers
|-heal|p2a: Slowking|197\/391 brn|[from] item: Leftovers
|-damage|p1a: Crobat|170\/311 brn|[from] brn
|-damage|p2a: Slowking|149\/391 brn|[from] brn
|turn|19
|c| so dynamic|do u just get 2 games at once
|c|âMega Pidgeotto|usually yeah
|
|move|p1a: Crobat|Brave Bird|p2a: Slowking
|-crit|p2a: Slowking
|-damage|p2a: Slowking|50\/391 brn
|-damage|p1a: Crobat|137\/311 brn|[from] recoil|[of] p2a: Slowking
|move|p2a: Slowking|Scald|p1a: Crobat
|-damage|p1a: Crobat|20\/311 brn
|
|-heal|p1a: Crobat|39\/311 brn|[from] item: Leftovers
|-heal|p2a: Slowking|74\/391 brn|[from] item: Leftovers
|-damage|p1a: Crobat|1\/311 brn|[from] brn
|-damage|p2a: Slowking|26\/391 brn|[from] brn
|turn|20
|c| so dynamic|damn thats one fucking weak bat
|c|âMega Pidgeotto|burned tho
|c| so dynamic|o wait burn
|c| so dynamic|im dumb
|
|move|p1a: Crobat|Brave Bird|p2a: Slowking
|-damage|p2a: Slowking|0 fnt
|-damage|p1a: Crobat|0 fnt|[from] recoil|[of] p2a: Slowking
|faint|p2a: Slowking
|faint|p1a: Crobat
|
|c| so dynamic|still p weak though
|
|switch|p1a: Donphan|Donphan, F|339\/339
|switch|p2a: Aggron|Aggron, M|344\/344
|-damage|p2a: Aggron|323\/344|[from] Stealth Rock
|turn|21
|
|detailschange|p2a: Aggron|Aggron-Mega, M
|-mega|p2a: Aggron|Aggron|Aggronite
|move|p1a: Donphan|Earthquake|p2a: Aggron
|-supereffective|p2a: Aggron
|-damage|p2a: Aggron|197\/344
|move|p2a: Aggron|Stealth Rock|p1a: Donphan
|-sidestart|p1: Casual Tester|move: Stealth Rock
|
|turn|22
|
|move|p1a: Donphan|Rapid Spin|p2a: Aggron
|-resisted|p2a: Aggron
|-damage|p2a: Aggron|191\/344
|-sideend|p1: Casual Tester|Stealth Rock|[from] move: Rapid Spin|[of] p1a: Donphan
|move|p2a: Aggron|Heavy Slam|p1a: Donphan
|-damage|p1a: Donphan|224\/339
|
|turn|23
|
|move|p1a: Donphan|Earthquake|p2a: Aggron
|-supereffective|p2a: Aggron
|-damage|p2a: Aggron|73\/344
|move|p2a: Aggron|Stealth Rock|p1a: Donphan
|-sidestart|p1: Casual Tester|move: Stealth Rock
|
|turn|24
|
|move|p1a: Donphan|Rapid Spin|p2a: Aggron
|-resisted|p2a: Aggron
|-damage|p2a: Aggron|68\/344
|-sideend|p1: Casual Tester|Stealth Rock|[from] move: Rapid Spin|[of] p1a: Donphan
|move|p2a: Aggron|Stealth Rock|p1a: Donphan
|-sidestart|p1: Casual Tester|move: Stealth Rock
|
|turn|25
|
|move|p1a: Donphan|Rapid Spin|p2a: Aggron
|-resisted|p2a: Aggron
|-damage|p2a: Aggron|62\/344
|-sideend|p1: Casual Tester|Stealth Rock|[from] move: Rapid Spin|[of] p1a: Donphan
|move|p2a: Aggron|Stealth Rock|p1a: Donphan
|-sidestart|p1: Casual Tester|move: Stealth Rock
|
|turn|26
|
|move|p1a: Donphan|Rapid Spin|p2a: Aggron
|-resisted|p2a: Aggron
|-damage|p2a: Aggron|57\/344
|-sideend|p1: Casual Tester|Stealth Rock|[from] move: Rapid Spin|[of] p1a: Donphan
|move|p2a: Aggron|Stealth Rock|p1a: Donphan
|-sidestart|p1: Casual Tester|move: Stealth Rock
|
|turn|27
|
|move|p1a: Donphan|Rapid Spin|p2a: Aggron
|-resisted|p2a: Aggron
|-damage|p2a: Aggron|51\/344
|-sideend|p1: Casual Tester|Stealth Rock|[from] move: Rapid Spin|[of] p1a: Donphan
|move|p2a: Aggron|Heavy Slam|p1a: Donphan
|-damage|p1a: Donphan|119\/339
|
|turn|28
|
|move|p1a: Donphan|Earthquake|p2a: Aggron
|-supereffective|p2a: Aggron
|-damage|p2a: Aggron|0 fnt
|faint|p2a: Aggron
|
|join|hxhxhxhxhxhxhx
|
|switch|p2a: Serperior|Serperior, M|291\/291
|-damage|p2a: Serperior|255\/291|[from] Stealth Rock
|turn|29
|
|move|p1a: Donphan|Ice Shard|p2a: Serperior
|-supereffective|p2a: Serperior
|-damage|p2a: Serperior|149\/291
|move|p2a: Serperior|Leaf Storm|p1a: Donphan
|-supereffective|p1a: Donphan
|-damage|p1a: Donphan|0 fnt
|-boost|p2a: Serperior|spa|2
|faint|p1a: Donphan
|
|
|switch|p1a: Entei|Entei, shiny|371\/371
|-ability|p1a: Entei|Pressure
|turn|30
|
|move|p1a: Entei|Extreme Speed|p2a: Serperior
|-damage|p2a: Serperior|29\/291
|-damage|p1a: Entei|334\/371|[from] item: Life Orb
|move|p2a: Serperior|Leaf Storm|p1a: Entei
|-resisted|p1a: Entei
|-damage|p1a: Entei|85\/371
|-boost|p2a: Serperior|spa|2
|
|turn|31
|
|move|p1a: Entei|Extreme Speed|p2a: Serperior
|-damage|p2a: Serperior|0 fnt
|-damage|p1a: Entei|48\/371|[from] item: Life Orb
|faint|p2a: Serperior
|
|
|switch|p2a: Krookodile|Krookodile, F|331\/331
|-damage|p2a: Krookodile|311\/331|[from] Stealth Rock
|-ability|p2a: Krookodile|Intimidate|[of] p1a: Entei
|-unboost|p1a: Entei|atk|1
|turn|32
|
|move|p2a: Krookodile|Earthquake|p1a: Entei
|-supereffective|p1a: Entei
|-damage|p1a: Entei|0 fnt
|faint|p1a: Entei
|
|
|switch|p1a: Cobalion|Cobalion|2\/323
|turn|33
|
|move|p1a: Cobalion|Close Combat|p2a: Krookodile
|-supereffective|p2a: Krookodile
|-damage|p2a: Krookodile|0 fnt
|-unboost|p1a: Cobalion|def|1
|-unboost|p1a: Cobalion|spd|1
|faint|p2a: Krookodile
|
|
|switch|p2a: Mienshao|Mienshao, F|271\/271
|-damage|p2a: Mienshao|255\/271|[from] Stealth Rock
|turn|34
|
|move|p2a: Mienshao|U-turn|p1a: Cobalion
|-resisted|p1a: Cobalion
|-damage|p1a: Cobalion|0 fnt
|faint|p1a: Cobalion
|
|win|Mega Pidgeotto
|raw|Ladder updating...
|raw|Casual Tester's rating: 1477 &rarr; <strong>1461<\/strong><br \/>(-16 for losing)
|raw|Mega Pidgeotto's rating: 1551 &rarr; <strong>1567<\/strong><br \/>(+16 for winning)
|c|âMega Pidgeotto|gg
|leave|Casual Tester