|join|mega pidgeotto
|join|Weird Research
|player|p1|mega pidgeotto|171
|player|p2|Weird Research|101
|gametype|singles
|gen|6
|tier|UU
|rated
|rule|Sleep Clause Mod: Limit one foe put to sleep
|rule|Species Clause: Limit one of each PokÃ©mon
|rule|OHKO Clause: OHKO moves are banned
|rule|Moody Clause: Moody is banned
|rule|Evasion Moves Clause: Evasion moves are banned
|rule|Endless Battle Clause: Forcing endless battles is banned
|rule|HP Percentage Mod: HP is shown in percentages
|clearpoke
|poke|p1|Reuniclus, M
|poke|p1|Snorlax, M
|poke|p1|Florges, F
|poke|p1|Krookodile, M
|poke|p1|Infernape, F
|poke|p1|Pidgeot, M
|poke|p2|Houndoom, M
|poke|p2|Toxicroak, M
|poke|p2|Gligar, F
|poke|p2|Celebi
|poke|p2|Snorlax, M
|poke|p2|Raikou
|rule|Swagger Clause: Swagger is banned
|rule|Baton Pass Clause: Limit one PokÃ©mon knowing Baton Pass
|teampreview
|
|start
|switch|p1a: Krookodile|Krookodile, M|331\/331
|switch|p2a: Gligar|Gligar, F|333\/333
|-ability|p1a: Krookodile|Intimidate|[of] p2a: Gligar
|-fail|p2a: Gligar|unboost|Attack|[from] ability: Hyper Cutter|[of] p2a: Gligar
|turn|1
|
|move|p1a: Krookodile|Knock Off|p2a: Gligar
|-damage|p2a: Gligar|212\/333
|-enditem|p2a: Gligar|Eviolite|[from] move: Knock Off|[of] p1a: Krookodile
|move|p2a: Gligar|Stealth Rock|p1a: Krookodile
|-sidestart|p1: mega pidgeotto|move: Stealth Rock
|
|turn|2
|
|move|p1a: Krookodile|Stealth Rock|p2a: Gligar
|-sidestart|p2: Weird Research|move: Stealth Rock
|move|p2a: Gligar|Earthquake|p1a: Krookodile
|-damage|p1a: Krookodile|220\/331
|
|turn|3
|
|switch|p1a: Pidgeot|Pidgeot, M|307\/307
|-damage|p1a: Pidgeot|231\/307|[from] Stealth Rock
|move|p2a: Gligar|Defog|p1a: Pidgeot
|-unboost|p1a: Pidgeot|evasion|1
|-sideend|p1: mega pidgeotto|Stealth Rock|[from] move: Defog|[of] p1a: Pidgeot
|-sideend|p2: Weird Research|Stealth Rock|[from] move: Defog|[of] p2a: Gligar
|
|turn|4
|
|switch|p2a: Raikou|Raikou|321\/321
|-ability|p2a: Raikou|Pressure
|detailschange|p1a: Pidgeot|Pidgeot-Mega, M
|-mega|p1a: Pidgeot|Pidgeot|Pidgeotite
|move|p1a: Pidgeot|Hurricane|p2a: Raikou
|-resisted|p2a: Raikou
|-damage|p2a: Raikou|229\/321
|-start|p2a: Raikou|confusion
|
|turn|5
|
|switch|p1a: Snorlax|Snorlax, M|513\/513
|-activate|p2a: Raikou|confusion
|move|p2a: Raikou|Volt Switch|p1a: Snorlax
|-damage|p1a: Snorlax|380\/513
|
|switch|p2a: Toxicroak|Toxicroak, M|307\/307
|
|-heal|p1a: Snorlax|412\/513|[from] item: Leftovers
|turn|6
|
|switch|p1a: Reuniclus|Reuniclus, M|423\/423
|move|p2a: Toxicroak|Drain Punch|p1a: Reuniclus
|-resisted|p1a: Reuniclus
|-damage|p1a: Reuniclus|353\/423
|-damage|p2a: Toxicroak|277\/307|[from] item: Life Orb
|
|-heal|p1a: Reuniclus|379\/423|[from] item: Leftovers
|turn|7
|
|switch|p2a: Houndoom|Houndoom, M|291\/291
|move|p1a: Reuniclus|Focus Blast|p2a: Houndoom
|-supereffective|p2a: Houndoom
|-damage|p2a: Houndoom|13\/291
|
|-heal|p1a: Reuniclus|405\/423|[from] item: Leftovers
|turn|8
|join|ULT King UU
|
|switch|p1a: Florges|Florges, F|359\/359
|detailschange|p2a: Houndoom|Houndoom-Mega, M
|-mega|p2a: Houndoom|Houndoom|Houndoominite
|move|p2a: Houndoom|Dark Pulse|p1a: Florges
|-resisted|p1a: Florges
|-damage|p1a: Florges|304\/359
|
|-heal|p1a: Florges|326\/359|[from] item: Leftovers
|turn|9
|
|move|p2a: Houndoom|Fire Blast|p1a: Florges
|-crit|p1a: Florges
|-damage|p1a: Florges|131\/359
|-status|p1a: Florges|brn
|move|p1a: Florges|Moonblast|p2a: Houndoom
|-damage|p2a: Houndoom|0 fnt
|faint|p2a: Houndoom
|
|-heal|p1a: Florges|153\/359 brn|[from] item: Leftovers
|-damage|p1a: Florges|109\/359 brn|[from] brn
|
|switch|p2a: Toxicroak|Toxicroak, M|277\/307
|turn|10
|
|move|p2a: Toxicroak|Gunk Shot|p1a: Florges|[miss]
|-miss|p2a: Toxicroak|p1a: Florges
|move|p1a: Florges|Moonblast|p2a: Toxicroak
|-damage|p2a: Toxicroak|100\/307
|
|-heal|p1a: Florges|131\/359 brn|[from] item: Leftovers
|-damage|p1a: Florges|87\/359 brn|[from] brn
|turn|11
|
|move|p2a: Toxicroak|Gunk Shot|p1a: Florges
|-supereffective|p1a: Florges
|-damage|p1a: Florges|0 fnt
|-damage|p2a: Toxicroak|70\/307|[from] item: Life Orb
|faint|p1a: Florges
|
|
|switch|p1a: Krookodile|Krookodile, M|220\/331
|-ability|p1a: Krookodile|Intimidate|[of] p2a: Toxicroak
|-unboost|p2a: Toxicroak|atk|1
|turn|12
|
|move|p1a: Krookodile|Knock Off|p2a: Toxicroak
|-resisted|p2a: Toxicroak
|-damage|p2a: Toxicroak|0 fnt
|-enditem|p2a: Toxicroak|Life Orb|[from] move: Knock Off|[of] p1a: Krookodile
|faint|p2a: Toxicroak
|
|
|switch|p2a: Gligar|Gligar, F|212\/333
|turn|13
|
|move|p1a: Krookodile|Stealth Rock|p2a: Gligar
|-sidestart|p2: Weird Research|move: Stealth Rock
|move|p2a: Gligar|Earthquake|p1a: Krookodile
|-damage|p1a: Krookodile|109\/331
|
|turn|14
|
|switch|p1a: Pidgeot|Pidgeot-Mega, M|231\/307
|move|p2a: Gligar|Defog|p1a: Pidgeot
|-unboost|p1a: Pidgeot|evasion|1
|-sideend|p2: Weird Research|Stealth Rock|[from] move: Defog|[of] p2a: Gligar
|
|turn|15
|
|switch|p2a: Snorlax|Snorlax, M|497\/497
|move|p1a: Pidgeot|Hurricane|p2a: Snorlax
|-damage|p2a: Snorlax|364\/497
|
|turn|16
|join|ULT Bob
|
|switch|p1a: Krookodile|Krookodile, M|109\/331
|-ability|p1a: Krookodile|Intimidate|[of] p2a: Snorlax
|-unboost|p2a: Snorlax|atk|1
|move|p2a: Snorlax|Curse|p2a: Snorlax
|-boost|p2a: Snorlax|atk|1
|-boost|p2a: Snorlax|def|1
|-unboost|p2a: Snorlax|spe|1
|
|turn|17
|
|move|p1a: Krookodile|Knock Off|p2a: Snorlax
|-damage|p2a: Snorlax|216\/497
|-enditem|p2a: Snorlax|Chesto Berry|[from] move: Knock Off|[of] p1a: Krookodile
|move|p2a: Snorlax|Body Slam|p1a: Krookodile
|-damage|p1a: Krookodile|0 fnt
|faint|p1a: Krookodile
|
|
|switch|p1a: Reuniclus|Reuniclus, M|405\/423
|turn|18
|
|move|p1a: Reuniclus|Calm Mind|p1a: Reuniclus
|-boost|p1a: Reuniclus|spa|1
|-boost|p1a: Reuniclus|spd|1
|move|p2a: Snorlax|Curse|p2a: Snorlax
|-boost|p2a: Snorlax|atk|1
|-boost|p2a: Snorlax|def|1
|-unboost|p2a: Snorlax|spe|1
|
|-heal|p1a: Reuniclus|423\/423|[from] item: Leftovers
|turn|19
|
|move|p1a: Reuniclus|Focus Blast|p2a: Snorlax
|-supereffective|p2a: Snorlax
|-damage|p2a: Snorlax|0 fnt
|faint|p2a: Snorlax
|
|
|switch|p2a: Celebi|Celebi|396\/396
|turn|20
|
|switch|p1a: Pidgeot|Pidgeot-Mega, M|231\/307
|move|p2a: Celebi|Nasty Plot|p2a: Celebi
|-boost|p2a: Celebi|spa|2
|
|turn|21
|
|move|p1a: Pidgeot|Hurricane|p2a: Celebi
|-supereffective|p2a: Celebi
|-damage|p2a: Celebi|10\/396
|-enditem|p2a: Celebi|Weakness Policy
|-boost|p2a: Celebi|atk|2|[from] item: Weakness Policy
|-boost|p2a: Celebi|spa|2|[from] item: Weakness Policy
|move|p2a: Celebi|Baton Pass|p2a: Celebi
|
|switch|p2a: Raikou|Raikou|229\/321
|-ability|p2a: Raikou|Pressure
|
|turn|22
|
|move|p1a: Pidgeot|Hurricane|p2a: Raikou
|-resisted|p2a: Raikou
|-damage|p2a: Raikou|132\/321
|move|p2a: Raikou|Thunderbolt|p1a: Pidgeot
|-supereffective|p1a: Pidgeot
|-damage|p1a: Pidgeot|0 fnt
|faint|p1a: Pidgeot
|
|
|switch|p1a: Snorlax|Snorlax, M|412\/513
|turn|23
|
|move|p2a: Raikou|Thunderbolt|p1a: Snorlax
|-damage|p1a: Snorlax|0 fnt
|faint|p1a: Snorlax
|
|
|switch|p1a: Reuniclus|Reuniclus, M|423\/423
|turn|24
|
|move|p2a: Raikou|Thunderbolt|p1a: Reuniclus
|-damage|p1a: Reuniclus|0 fnt
|faint|p1a: Reuniclus
|
|
|switch|p1a: Infernape|Infernape, F|293\/293
|turn|25
|
|move|p2a: Raikou|Thunderbolt|p1a: Infernape
|-damage|p1a: Infernape|0 fnt
|faint|p1a: Infernape
|
|win|Weird Research
|raw|Ladder updating...
|c|âWeird Research|gg
|c|âmega pidgeotto|wp
|leave|mega pidgeotto
|player|p1
|c|âWeird Research|Thanks.
|raw|Ladder (probably) updated, but score could not be retrieved (timeout).
|raw|Ladder (probably) updated, but score could not be retrieved (Error: socket hang up).
|leave|ULT Bob
|leave|ULT King UU