|join|mega pidgeotto
|join|kzzz
|player|p1|mega pidgeotto|171
|player|p2|kzzz|184
|gametype|singles
|gen|6
|tier|UU
|rated
|rule|Sleep Clause Mod: Limit one foe put to sleep
|rule|Species Clause: Limit one of each PokÃ©mon
|rule|OHKO Clause: OHKO moves are banned
|rule|Moody Clause: Moody is banned
|rule|Evasion Moves Clause: Evasion moves are banned
|rule|Endless Battle Clause: Forcing endless battles is banned
|rule|HP Percentage Mod: HP is shown in percentages
|clearpoke
|poke|p1|Reuniclus, M
|poke|p1|Snorlax, M
|poke|p1|Florges, F
|poke|p1|Krookodile, M
|poke|p1|Infernape, M
|poke|p1|Pidgeot, F
|poke|p2|Rotom-Heat
|poke|p2|Espeon, F, shiny
|poke|p2|Celebi
|poke|p2|Swampert, M
|poke|p2|Haxorus, F
|poke|p2|Machamp, M
|rule|Swagger Clause: Swagger is banned
|rule|Baton Pass Clause: Limit one PokÃ©mon knowing Baton Pass
|teampreview
|join|ULT Bob
|
|start
|switch|p1a: Infernape|Infernape, M|293\/293
|switch|p2a: Swampert|Swampert, M|341\/341
|turn|1
|
|detailschange|p2a: Swampert|Swampert-Mega, M
|-mega|p2a: Swampert|Swampert|Swampertite
|move|p1a: Infernape|Grass Knot|p2a: Swampert
|-supereffective|p2a: Swampert
|-damage|p2a: Swampert|0 fnt
|-damage|p1a: Infernape|264\/293|[from] item: Life Orb
|faint|p2a: Swampert
|
|
|switch|p2a: Espeon|Espeon, F, shiny|271\/271
|turn|2
|
|switch|p1a: Reuniclus|Reuniclus, M|423\/423
|move|p2a: Espeon|Psyshock|p1a: Reuniclus
|-resisted|p1a: Reuniclus
|-damage|p1a: Reuniclus|354\/423
|
|-heal|p1a: Reuniclus|380\/423|[from] item: Leftovers
|turn|3
|
|switch|p2a: Rotom-Heat|Rotom-Heat|241\/241
|move|p1a: Reuniclus|Calm Mind|p1a: Reuniclus
|-boost|p1a: Reuniclus|spa|1
|-boost|p1a: Reuniclus|spd|1
|
|-heal|p1a: Reuniclus|406\/423|[from] item: Leftovers
|turn|4
|
|move|p2a: Rotom-Heat|Trick|p1a: Reuniclus
|-activate|p2a: Rotom-Heat|move: Trick|[of] p1a: Reuniclus
|-item|p1a: Reuniclus|Choice Scarf|[from] move: Trick
|-item|p2a: Rotom-Heat|Leftovers|[from] move: Trick
|move|p1a: Reuniclus|Psyshock|p2a: Rotom-Heat
|-damage|p2a: Rotom-Heat|75\/241
|
|-heal|p2a: Rotom-Heat|90\/241|[from] item: Leftovers
|turn|5
|
|move|p2a: Rotom-Heat|Volt Switch|p1a: Reuniclus
|-damage|p1a: Reuniclus|322\/423
|
|switch|p2a: Celebi|Celebi|396\/396
|move|p1a: Reuniclus|Psyshock|p2a: Celebi
|-resisted|p2a: Celebi
|-damage|p2a: Celebi|311\/396
|
|-heal|p2a: Celebi|335\/396|[from] item: Leftovers
|turn|6
|
|switch|p1a: Pidgeot|Pidgeot, F|307\/307
|move|p2a: Celebi|Stealth Rock|p1a: Pidgeot
|-sidestart|p1: mega pidgeotto|move: Stealth Rock
|
|-heal|p2a: Celebi|359\/396|[from] item: Leftovers
|turn|7
|
|switch|p2a: Rotom-Heat|Rotom-Heat|90\/241
|detailschange|p1a: Pidgeot|Pidgeot-Mega, F
|-mega|p1a: Pidgeot|Pidgeot|Pidgeotite
|move|p1a: Pidgeot|Hurricane|p2a: Rotom-Heat
|-resisted|p2a: Rotom-Heat
|-damage|p2a: Rotom-Heat|0 fnt
|faint|p2a: Rotom-Heat
|
|
|switch|p2a: Espeon|Espeon, F, shiny|271\/271
|turn|8
|
|move|p2a: Espeon|Dazzling Gleam|p1a: Pidgeot
|-damage|p1a: Pidgeot|176\/307
|move|p1a: Pidgeot|Hurricane|p2a: Espeon
|-damage|p2a: Espeon|60\/271
|
|turn|9
|
|move|p2a: Espeon|Dazzling Gleam|p1a: Pidgeot
|-damage|p1a: Pidgeot|48\/307
|move|p1a: Pidgeot|Roost|p1a: Pidgeot
|-heal|p1a: Pidgeot|202\/307
|
|turn|10
|
|move|p2a: Espeon|Dazzling Gleam|p1a: Pidgeot
|-damage|p1a: Pidgeot|72\/307
|move|p1a: Pidgeot|Roost|p1a: Pidgeot
|-heal|p1a: Pidgeot|226\/307
|
|turn|11
|
|move|p2a: Espeon|Dazzling Gleam|p1a: Pidgeot
|-damage|p1a: Pidgeot|105\/307
|move|p1a: Pidgeot|Roost|p1a: Pidgeot
|-heal|p1a: Pidgeot|259\/307
|
|turn|12
|
|move|p2a: Espeon|Dazzling Gleam|p1a: Pidgeot
|-damage|p1a: Pidgeot|138\/307
|move|p1a: Pidgeot|Roost|p1a: Pidgeot
|-heal|p1a: Pidgeot|292\/307
|
|turn|13
|join|ULT Narcotics
|
|move|p2a: Espeon|Dazzling Gleam|p1a: Pidgeot
|-damage|p1a: Pidgeot|161\/307
|move|p1a: Pidgeot|Hurricane|p2a: Espeon
|-damage|p2a: Espeon|0 fnt
|faint|p2a: Espeon
|
|
|switch|p2a: Haxorus|Haxorus, F|293\/293
|-ability|p2a: Haxorus|Mold Breaker
|turn|14
|
|move|p1a: Pidgeot|Hurricane|p2a: Haxorus
|-damage|p2a: Haxorus|29\/293
|move|p2a: Haxorus|Dragon Dance|p2a: Haxorus
|-boost|p2a: Haxorus|atk|1
|-boost|p2a: Haxorus|spe|1
|
|turn|15
|
|switch|p1a: Reuniclus|Reuniclus, M|322\/423
|move|p2a: Haxorus|Outrage|p1a: Reuniclus
|-damage|p1a: Reuniclus|0 fnt
|faint|p1a: Reuniclus
|
|
|switch|p1a: Infernape|Infernape, M|264\/293
|-damage|p1a: Infernape|228\/293|[from] Stealth Rock
|turn|16
|
|move|p1a: Infernape|Vacuum Wave|p2a: Haxorus
|-damage|p2a: Haxorus|0 fnt
|-damage|p1a: Infernape|199\/293|[from] item: Life Orb
|faint|p2a: Haxorus
|
|
|switch|p2a: Machamp|Machamp, M|383\/383
|turn|17
|
|switch|p1a: Snorlax|Snorlax, M|513\/513
|-damage|p1a: Snorlax|449\/513|[from] Stealth Rock
|move|p2a: Machamp|Dynamic Punch|p1a: Snorlax
|-supereffective|p1a: Snorlax
|-damage|p1a: Snorlax|0 fnt
|faint|p1a: Snorlax
|
|
|switch|p1a: Pidgeot|Pidgeot-Mega, F|161\/307
|-damage|p1a: Pidgeot|85\/307|[from] Stealth Rock
|turn|18
|
|move|p2a: Machamp|Bullet Punch|p1a: Pidgeot
|-damage|p1a: Pidgeot|16\/307
|move|p1a: Pidgeot|Hurricane|p2a: Machamp
|-supereffective|p2a: Machamp
|-damage|p2a: Machamp|99\/383
|
|turn|19
|
|move|p2a: Machamp|Bullet Punch|p1a: Pidgeot
|-damage|p1a: Pidgeot|0 fnt
|faint|p1a: Pidgeot
|
|
|switch|p1a: Krookodile|Krookodile, M|331\/331
|-damage|p1a: Krookodile|311\/331|[from] Stealth Rock
|-ability|p1a: Krookodile|Intimidate|[of] p2a: Machamp
|-unboost|p2a: Machamp|atk|1
|turn|20
|
|move|p1a: Krookodile|Earthquake|p2a: Machamp
|-damage|p2a: Machamp|0 fnt
|faint|p2a: Machamp
|
|
|switch|p2a: Celebi|Celebi|359\/396
|turn|21
|
|move|p1a: Krookodile|Knock Off|p2a: Celebi
|-supereffective|p2a: Celebi
|-damage|p2a: Celebi|0 fnt
|-enditem|p2a: Celebi|Leftovers|[from] move: Knock Off|[of] p1a: Krookodile
|faint|p2a: Celebi
|
|win|mega pidgeotto
|raw|Ladder updating...
|raw|mega pidgeotto's rating: 1587 &rarr; <strong>1596<\/strong><br \/>(+9 for winning)
|raw|kzzz's rating: 1353 &rarr; <strong>1345<\/strong><br \/>(-8 for losing)
|leave|kzzz
|player|p2
|leave|ULT Bob