|join|ULT Lapraz
|join|mega pidgeotto
|player|p1|ULT Lapraz|157
|player|p2|mega pidgeotto|171
|gametype|singles
|gen|6
|tier|UU
|rated
|rule|Sleep Clause Mod: Limit one foe put to sleep
|rule|Species Clause: Limit one of each PokÃ©mon
|rule|OHKO Clause: OHKO moves are banned
|rule|Moody Clause: Moody is banned
|rule|Evasion Moves Clause: Evasion moves are banned
|rule|Endless Battle Clause: Forcing endless battles is banned
|rule|HP Percentage Mod: HP is shown in percentages
|clearpoke
|poke|p1|Crobat, F
|poke|p1|Suicune
|poke|p1|Granbull, F
|poke|p1|Forretress, F
|poke|p1|Blissey, F
|poke|p1|Celebi
|poke|p2|Reuniclus, M
|poke|p2|Snorlax, M
|poke|p2|Florges, F
|poke|p2|Krookodile, F
|poke|p2|Infernape, M
|poke|p2|Pidgeot, F
|rule|Swagger Clause: Swagger is banned
|rule|Baton Pass Clause: Limit one PokÃ©mon knowing Baton Pass
|teampreview
|join|gobosox
|join|watfor
|
|start
|switch|p1a: Granbull|Granbull, F|384\/384
|switch|p2a: Infernape|Infernape, M|293\/293
|-ability|p1a: Granbull|Intimidate|[of] p2a: Infernape
|-unboost|p2a: Infernape|atk|1
|turn|1
|
|switch|p1a: Crobat|Crobat, F|373\/373
|move|p2a: Infernape|Nasty Plot|p2a: Infernape
|-boost|p2a: Infernape|spa|2
|
|turn|2
|join|Snowballin
|
|switch|p2a: Snorlax|Snorlax, M|513\/513
|move|p1a: Crobat|Brave Bird|p2a: Snorlax
|-damage|p2a: Snorlax|368\/513
|-damage|p1a: Crobat|325\/373|[from] recoil|[of] p2a: Snorlax
|
|-heal|p1a: Crobat|348\/373|[from] item: Black Sludge
|-heal|p2a: Snorlax|400\/513|[from] item: Leftovers
|turn|3
|
|switch|p1a: Celebi|Celebi|404\/404
|switch|p2a: Pidgeot|Pidgeot, F|307\/307
|
|turn|4
|c| gobosox|have you hit 1 yet
|c|âULT Lapraz|me?
|
|switch|p1a: Blissey|Blissey, F|657\/657
|detailschange|p2a: Pidgeot|Pidgeot-Mega, F
|-mega|p2a: Pidgeot|Pidgeot|Pidgeotite
|move|p2a: Pidgeot|Hurricane|p1a: Blissey
|-damage|p1a: Blissey|531\/657
|
|-heal|p1a: Blissey|572\/657|[from] item: Leftovers
|turn|5
|
|switch|p2a: Reuniclus|Reuniclus, M|423\/423
|move|p1a: Blissey|Toxic|p2a: Reuniclus
|-status|p2a: Reuniclus|tox
|
|-heal|p1a: Blissey|613\/657|[from] item: Leftovers
|turn|6
|c| gobosox|no not you
|c| gobosox|mega pidg
|
|switch|p1a: Suicune|Suicune|404\/404
|-ability|p1a: Suicune|Pressure
|switch|p2a: Krookodile|Krookodile, F|331\/331
|-ability|p2a: Krookodile|Intimidate|[of] p1a: Suicune
|-unboost|p1a: Suicune|atk|1
|
|turn|7
|
|switch|p2a: Reuniclus|Reuniclus, M|423\/423 tox
|move|p1a: Suicune|Scald|p2a: Reuniclus
|-damage|p2a: Reuniclus|327\/423 tox
|
|-heal|p2a: Reuniclus|353\/423 tox|[from] item: Leftovers
|turn|8
|
|move|p1a: Suicune|Scald|p2a: Reuniclus
|-damage|p2a: Reuniclus|247\/423 tox
|move|p2a: Reuniclus|Calm Mind|p2a: Reuniclus
|-boost|p2a: Reuniclus|spa|1
|-boost|p2a: Reuniclus|spd|1
|
|-heal|p2a: Reuniclus|273\/423 tox|[from] item: Leftovers
|turn|9
|
|move|p2a: Reuniclus|Calm Mind|p2a: Reuniclus
|-boost|p2a: Reuniclus|spa|1
|-boost|p2a: Reuniclus|spd|1
|move|p1a: Suicune|Roar|p2a: Reuniclus
|drag|p2a: Pidgeot|Pidgeot-Mega, F|307\/307
|
|turn|10
|
|switch|p2a: Infernape|Infernape, M|293\/293
|switch|p1a: Blissey|Blissey, F|613\/657
|
|-heal|p1a: Blissey|654\/657|[from] item: Leftovers
|turn|11
|
|switch|p1a: Crobat|Crobat, F|348\/373
|move|p2a: Infernape|Fire Blast|p1a: Crobat
|-damage|p1a: Crobat|79\/373
|-damage|p2a: Infernape|264\/293|[from] item: Life Orb
|
|-heal|p1a: Crobat|102\/373|[from] item: Black Sludge
|turn|12
|
|switch|p2a: Krookodile|Krookodile, F|331\/331
|-ability|p2a: Krookodile|Intimidate|[of] p1a: Crobat
|-unboost|p1a: Crobat|atk|1
|move|p1a: Crobat|Roost|p1a: Crobat
|-heal|p1a: Crobat|289\/373
|
|-heal|p1a: Crobat|312\/373|[from] item: Black Sludge
|turn|13
|
|switch|p1a: Granbull|Granbull, F|384\/384
|-ability|p1a: Granbull|Intimidate|[of] p2a: Krookodile
|-unboost|p2a: Krookodile|atk|1
|move|p2a: Krookodile|Knock Off|p1a: Granbull
|-resisted|p1a: Granbull
|-damage|p1a: Granbull|330\/384
|-enditem|p1a: Granbull|Leftovers|[from] move: Knock Off|[of] p2a: Krookodile
|
|turn|14
|
|switch|p2a: Snorlax|Snorlax, M|400\/513
|move|p1a: Granbull|Play Rough|p2a: Snorlax
|-damage|p2a: Snorlax|244\/513
|
|-heal|p2a: Snorlax|276\/513|[from] item: Leftovers
|turn|15
|join|ULT Narcotics
|
|switch|p2a: Reuniclus|Reuniclus, M|273\/423 tox
|move|p1a: Granbull|Play Rough|p2a: Reuniclus|[miss]
|-miss|p1a: Granbull|p2a: Reuniclus
|
|-heal|p2a: Reuniclus|299\/423 tox|[from] item: Leftovers
|turn|16
|join|ULT Bob
|
|move|p1a: Granbull|Play Rough|p2a: Reuniclus
|-crit|p2a: Reuniclus
|-damage|p2a: Reuniclus|136\/423 tox
|-unboost|p2a: Reuniclus|atk|1
|move|p2a: Reuniclus|Calm Mind|p2a: Reuniclus
|-boost|p2a: Reuniclus|spa|1
|-boost|p2a: Reuniclus|spd|1
|
|-heal|p2a: Reuniclus|162\/423 tox|[from] item: Leftovers
|turn|17
|
|switch|p1a: Suicune|Suicune|404\/404
|-ability|p1a: Suicune|Pressure
|move|p2a: Reuniclus|Recover|p2a: Reuniclus
|-heal|p2a: Reuniclus|374\/423 tox
|
|-heal|p2a: Reuniclus|400\/423 tox|[from] item: Leftovers
|turn|18
|
|move|p2a: Reuniclus|Psyshock|p1a: Suicune
|-damage|p1a: Suicune|301\/404
|move|p1a: Suicune|Roar|p2a: Reuniclus
|drag|p2a: Infernape|Infernape, M|264\/293
|
|-heal|p1a: Suicune|326\/404|[from] item: Leftovers
|turn|19
|
|switch|p2a: Reuniclus|Reuniclus, M|400\/423 tox
|move|p1a: Suicune|Scald|p2a: Reuniclus
|-damage|p2a: Reuniclus|306\/423 tox
|
|-heal|p1a: Suicune|351\/404|[from] item: Leftovers
|-heal|p2a: Reuniclus|332\/423 tox|[from] item: Leftovers
|turn|20
|
|switch|p1a: Celebi|Celebi|404\/404
|switch|p2a: Snorlax|Snorlax, M|276\/513
|
|-heal|p2a: Snorlax|308\/513|[from] item: Leftovers
|turn|21
|
|move|p1a: Celebi|Stealth Rock|p2a: Snorlax
|-sidestart|p2: mega pidgeotto|move: Stealth Rock
|move|p2a: Snorlax|Curse|p2a: Snorlax
|-boost|p2a: Snorlax|atk|1
|-boost|p2a: Snorlax|def|1
|-unboost|p2a: Snorlax|spe|1
|
|-heal|p2a: Snorlax|340\/513|[from] item: Leftovers
|turn|22
|
|switch|p1a: Suicune|Suicune|351\/404
|-ability|p1a: Suicune|Pressure
|move|p2a: Snorlax|Body Slam|p1a: Suicune
|-damage|p1a: Suicune|242\/404
|
|-heal|p1a: Suicune|267\/404|[from] item: Leftovers
|-heal|p2a: Snorlax|372\/513|[from] item: Leftovers
|turn|23
|
|move|p1a: Suicune|Scald|p2a: Snorlax
|-damage|p2a: Snorlax|305\/513
|-status|p2a: Snorlax|brn
|move|p2a: Snorlax|Body Slam|p1a: Suicune
|-damage|p1a: Suicune|216\/404
|-status|p1a: Suicune|par
|
|-heal|p2a: Snorlax|337\/513 brn|[from] item: Leftovers
|-heal|p1a: Suicune|241\/404 par|[from] item: Leftovers
|-damage|p2a: Snorlax|273\/513 brn|[from] brn
|turn|24
|
|move|p2a: Snorlax|Rest|p2a: Snorlax
|-status|p2a: Snorlax|slp
|-heal|p2a: Snorlax|513\/513 slp|[silent]
|-status|p2a: Snorlax|slp|[from] move: Rest
|move|p1a: Suicune|Rest|p1a: Suicune
|-status|p1a: Suicune|slp
|-heal|p1a: Suicune|404\/404 slp|[silent]
|-status|p1a: Suicune|slp|[from] move: Rest
|
|turn|25
|
|cant|p1a: Suicune|slp
|move|p1a: Suicune|Sleep Talk|p1a: Suicune
|move|p1a: Suicune|Roar|p2a: Snorlax|[from]Sleep Talk
|drag|p2a: Florges|Florges, F|359\/359
|-damage|p2a: Florges|315\/359|[from] Stealth Rock
|
|-heal|p2a: Florges|337\/359|[from] item: Leftovers
|turn|26
|
|switch|p1a: Crobat|Crobat, F|312\/373
|move|p2a: Florges|Aromatherapy|p2a: Florges
|-cureteam|p2a: Florges|[from] move: Aromatherapy
|
|-heal|p1a: Crobat|335\/373|[from] item: Black Sludge
|-heal|p2a: Florges|359\/359|[from] item: Leftovers
|turn|27
|
|move|p1a: Crobat|Taunt|p2a: Florges
|-start|p2a: Florges|move: Taunt
|cant|p2a: Florges|move: Taunt|Wish
|
|-heal|p1a: Crobat|358\/373|[from] item: Black Sludge
|turn|28
|
|switch|p2a: Krookodile|Krookodile, F|331\/331
|-damage|p2a: Krookodile|311\/331|[from] Stealth Rock
|-ability|p2a: Krookodile|Intimidate|[of] p1a: Crobat
|-unboost|p1a: Crobat|atk|1
|move|p1a: Crobat|Taunt|p2a: Krookodile
|-start|p2a: Krookodile|move: Taunt
|
|-heal|p1a: Crobat|373\/373|[from] item: Black Sludge
|turn|29
|
|switch|p1a: Granbull|Granbull, F|330\/384
|-ability|p1a: Granbull|Intimidate|[of] p2a: Krookodile
|-unboost|p2a: Krookodile|atk|1
|move|p2a: Krookodile|Knock Off|p1a: Granbull
|-resisted|p1a: Granbull
|-damage|p1a: Granbull|296\/384
|
|turn|30
|
|switch|p2a: Snorlax|Snorlax, M|513\/513
|-damage|p2a: Snorlax|449\/513|[from] Stealth Rock
|move|p1a: Granbull|Play Rough|p2a: Snorlax|[miss]
|-miss|p1a: Granbull|p2a: Snorlax
|
|-heal|p2a: Snorlax|481\/513|[from] item: Leftovers
|turn|31
|
|switch|p1a: Forretress|Forretress, F|354\/354
|switch|p2a: Pidgeot|Pidgeot-Mega, F|307\/307
|-damage|p2a: Pidgeot|231\/307|[from] Stealth Rock
|
|turn|32
|
|switch|p1a: Blissey|Blissey, F|654\/657
|move|p2a: Pidgeot|Defog|p1a: Blissey
|-unboost|p1a: Blissey|evasion|1
|-sideend|p2: mega pidgeotto|Stealth Rock|[from] move: Defog|[of] p2a: Pidgeot
|
|-heal|p1a: Blissey|657\/657|[from] item: Leftovers
|turn|33
|
|switch|p2a: Reuniclus|Reuniclus, M|332\/423
|move|p1a: Blissey|Toxic|p2a: Reuniclus
|-status|p2a: Reuniclus|tox
|
|-heal|p2a: Reuniclus|358\/423 tox|[from] item: Leftovers
|turn|34
|
|switch|p1a: Suicune|Suicune|404\/404 slp
|-ability|p1a: Suicune|Pressure
|switch|p2a: Infernape|Infernape, M|264\/293
|
|turn|35
|
|move|p2a: Infernape|Nasty Plot|p2a: Infernape
|-boost|p2a: Infernape|spa|2
|cant|p1a: Suicune|slp
|move|p1a: Suicune|Sleep Talk|p1a: Suicune
|move|p1a: Suicune|Scald|p2a: Infernape|[from]Sleep Talk
|-supereffective|p2a: Infernape
|-damage|p2a: Infernape|36\/293
|
|turn|36
|
|switch|p1a: Crobat|Crobat, F|373\/373
|move|p2a: Infernape|Fire Blast|p1a: Crobat|[miss]
|-miss|p2a: Infernape|p1a: Crobat
|
|turn|37
|c|âmega pidgeotto|.................................
|c| ULT Bob|rip
|c|âULT Lapraz|):
|
|switch|p2a: Snorlax|Snorlax, M|481\/513
|move|p1a: Crobat|Brave Bird|p2a: Snorlax
|-damage|p2a: Snorlax|336\/513
|-damage|p1a: Crobat|325\/373|[from] recoil|[of] p2a: Snorlax
|
|-heal|p1a: Crobat|348\/373|[from] item: Black Sludge
|-heal|p2a: Snorlax|368\/513|[from] item: Leftovers
|turn|38
|
|switch|p1a: Celebi|Celebi|404\/404
|switch|p2a: Krookodile|Krookodile, F|311\/331
|-ability|p2a: Krookodile|Intimidate|[of] p1a: Celebi
|-unboost|p1a: Celebi|atk|1
|
|turn|39
|
|move|p2a: Krookodile|Pursuit|p1a: Celebi|[from]Pursuit
|-supereffective|p1a: Celebi
|-damage|p1a: Celebi|96\/404
|switch|p1a: Granbull|Granbull, F|296\/384
|-ability|p1a: Granbull|Intimidate|[of] p2a: Krookodile
|-unboost|p2a: Krookodile|atk|1
|
|turn|40
|
|switch|p2a: Snorlax|Snorlax, M|368\/513
|move|p1a: Granbull|Play Rough|p2a: Snorlax
|-damage|p2a: Snorlax|215\/513
|-unboost|p2a: Snorlax|atk|1
|
|-heal|p2a: Snorlax|247\/513|[from] item: Leftovers
|turn|41
|
|switch|p2a: Krookodile|Krookodile, F|311\/331
|-ability|p2a: Krookodile|Intimidate|[of] p1a: Granbull
|-unboost|p1a: Granbull|atk|1
|move|p1a: Granbull|Play Rough|p2a: Krookodile
|-supereffective|p2a: Krookodile
|-damage|p2a: Krookodile|129\/331
|
|turn|42
|
|switch|p2a: Snorlax|Snorlax, M|247\/513
|move|p1a: Granbull|Play Rough|p2a: Snorlax
|-damage|p2a: Snorlax|151\/513
|
|-heal|p2a: Snorlax|183\/513|[from] item: Leftovers
|turn|43
|c|âmega pidgeotto|how lucky can a trainer get
|c|âmega pidgeotto|lol
|
|switch|p1a: Suicune|Suicune|404\/404 slp
|-ability|p1a: Suicune|Pressure
|move|p2a: Snorlax|Rest|p2a: Snorlax
|-status|p2a: Snorlax|slp
|-heal|p2a: Snorlax|513\/513 slp|[silent]
|-status|p2a: Snorlax|slp|[from] move: Rest
|
|turn|44
|c|âULT Lapraz|?
|c| gobosox|he basically uses bad versions of bob teams
|c|âmega pidgeotto|?
|c| gobosox|idk why he just doesn't use a pastebin pif or bob team
|c| ULT Bob|?
|join|Druides
|
|switch|p1a: Celebi|Celebi|96\/404
|switch|p2a: Florges|Florges, F|359\/359
|
|-heal|p1a: Celebi|121\/404|[from] item: Leftovers
|turn|45
|
|switch|p1a: Crobat|Crobat, F|348\/373
|switch|p2a: Krookodile|Krookodile, F|129\/331
|-ability|p2a: Krookodile|Intimidate|[of] p1a: Crobat
|-unboost|p1a: Crobat|atk|1
|
|-heal|p1a: Crobat|371\/373|[from] item: Black Sludge
|turn|46
|
|move|p1a: Crobat|Brave Bird|p2a: Krookodile
|-damage|p2a: Krookodile|18\/331
|-damage|p1a: Crobat|334\/373|[from] recoil|[of] p2a: Krookodile
|move|p2a: Krookodile|Knock Off|p1a: Crobat
|-damage|p1a: Crobat|115\/373
|-enditem|p1a: Crobat|Black Sludge|[from] move: Knock Off|[of] p2a: Krookodile
|
|turn|47
|
|switch|p2a: Snorlax|Snorlax, M|513\/513 slp
|move|p1a: Crobat|Brave Bird|p2a: Snorlax
|-damage|p2a: Snorlax|402\/513 slp
|-damage|p1a: Crobat|78\/373|[from] recoil|[of] p2a: Snorlax
|
|-heal|p2a: Snorlax|434\/513 slp|[from] item: Leftovers
|turn|48
|
|move|p1a: Crobat|Roost|p1a: Crobat
|-heal|p1a: Crobat|265\/373
|cant|p2a: Snorlax|slp
|move|p2a: Snorlax|Sleep Talk|p2a: Snorlax
|move|p2a: Snorlax|Curse|p2a: Snorlax|[from]Sleep Talk
|-boost|p2a: Snorlax|atk|1
|-boost|p2a: Snorlax|def|1
|-unboost|p2a: Snorlax|spe|1
|
|-heal|p2a: Snorlax|466\/513 slp|[from] item: Leftovers
|turn|49
|
|switch|p1a: Suicune|Suicune|404\/404 slp
|-ability|p1a: Suicune|Pressure
|cant|p2a: Snorlax|slp
|move|p2a: Snorlax|Sleep Talk|p2a: Snorlax
|move|p2a: Snorlax|Rest|p2a: Snorlax|[from]Sleep Talk
|-fail|p2a: Snorlax
|
|-heal|p2a: Snorlax|498\/513 slp|[from] item: Leftovers
|turn|50
|
|-curestatus|p2a: Snorlax|slp
|move|p2a: Snorlax|Curse|p2a: Snorlax
|-boost|p2a: Snorlax|atk|1
|-boost|p2a: Snorlax|def|1
|-unboost|p2a: Snorlax|spe|1
|-curestatus|p1a: Suicune|slp
|move|p1a: Suicune|Roar|p2a: Snorlax
|drag|p2a: Reuniclus|Reuniclus, M|358\/423 tox
|
|-heal|p2a: Reuniclus|384\/423 tox|[from] item: Leftovers
|turn|51
|
|switch|p1a: Forretress|Forretress, F|354\/354
|switch|p2a: Krookodile|Krookodile, F|18\/331
|-ability|p2a: Krookodile|Intimidate|[of] p1a: Forretress
|-unboost|p1a: Forretress|atk|1
|
|turn|52
|
|move|p2a: Krookodile|Knock Off|p1a: Forretress
|-damage|p1a: Forretress|251\/354
|-enditem|p1a: Forretress|Leftovers|[from] move: Knock Off|[of] p2a: Krookodile
|move|p1a: Forretress|Gyro Ball|p2a: Krookodile
|-damage|p2a: Krookodile|0 fnt
|faint|p2a: Krookodile
|
|
|switch|p2a: Infernape|Infernape, M|36\/293
|turn|53
|
|switch|p1a: Crobat|Crobat, F|265\/373
|move|p2a: Infernape|Nasty Plot|p2a: Infernape
|-boost|p2a: Infernape|spa|2
|
|turn|54
|join|DrReuniclus3
|
|switch|p2a: Snorlax|Snorlax, M|498\/513
|move|p1a: Crobat|Brave Bird|p2a: Snorlax
|-damage|p2a: Snorlax|348\/513
|-damage|p1a: Crobat|215\/373|[from] recoil|[of] p2a: Snorlax
|
|-heal|p2a: Snorlax|380\/513|[from] item: Leftovers
|turn|55
|
|move|p1a: Crobat|Roost|p1a: Crobat
|-heal|p1a: Crobat|373\/373
|move|p2a: Snorlax|Body Slam|p1a: Crobat
|-damage|p1a: Crobat|253\/373
|
|-heal|p2a: Snorlax|412\/513|[from] item: Leftovers
|turn|56
|
|switch|p1a: Suicune|Suicune|404\/404
|-ability|p1a: Suicune|Pressure
|switch|p2a: Florges|Florges, F|359\/359
|
|turn|57
|
|switch|p1a: Celebi|Celebi|121\/404
|move|p2a: Florges|Wish|p2a: Florges
|
|-heal|p1a: Celebi|146\/404|[from] item: Leftovers
|turn|58
|
|switch|p2a: Pidgeot|Pidgeot-Mega, F|231\/307
|move|p1a: Celebi|Psychic|p2a: Pidgeot
|-damage|p2a: Pidgeot|102\/307
|
|-heal|p2a: Pidgeot|281\/307|[from] move: Wish|[wisher] Florges
|-heal|p1a: Celebi|171\/404|[from] item: Leftovers
|turn|59
|
|switch|p2a: Florges|Florges, F|359\/359
|switch|p1a: Blissey|Blissey, F|657\/657
|
|turn|60
|
|move|p2a: Florges|Wish|p2a: Florges
|move|p1a: Blissey|Wish|p1a: Blissey
|
|turn|61
|
|switch|p2a: Snorlax|Snorlax, M|412\/513
|move|p1a: Blissey|Seismic Toss|p2a: Snorlax
|-damage|p2a: Snorlax|312\/513
|
|-heal|p2a: Snorlax|491\/513|[from] move: Wish|[wisher] Florges
|-heal|p2a: Snorlax|513\/513|[from] item: Leftovers
|turn|62
|
|switch|p1a: Suicune|Suicune|404\/404
|-ability|p1a: Suicune|Pressure
|move|p2a: Snorlax|Curse|p2a: Snorlax
|-boost|p2a: Snorlax|atk|1
|-boost|p2a: Snorlax|def|1
|-unboost|p2a: Snorlax|spe|1
|
|turn|63
|
|move|p2a: Snorlax|Body Slam|p1a: Suicune
|-crit|p1a: Suicune
|-damage|p1a: Suicune|247\/404
|move|p1a: Suicune|Roar|p2a: Snorlax
|drag|p2a: Florges|Florges, F|359\/359
|
|-heal|p1a: Suicune|272\/404|[from] item: Leftovers
|turn|64
|
|switch|p1a: Celebi|Celebi|171\/404
|move|p2a: Florges|Wish|p2a: Florges
|
|-heal|p1a: Celebi|196\/404|[from] item: Leftovers
|turn|65
|join|RowDog
|
|switch|p2a: Pidgeot|Pidgeot-Mega, F|281\/307
|move|p1a: Celebi|Psychic|p2a: Pidgeot
|-damage|p2a: Pidgeot|152\/307
|-unboost|p2a: Pidgeot|spd|1
|
|-heal|p2a: Pidgeot|307\/307|[from] move: Wish|[wisher] Florges
|-heal|p1a: Celebi|221\/404|[from] item: Leftovers
|turn|66
|leave|watfor
|join|Blue DrReuniclus3
|
|switch|p1a: Blissey|Blissey, F|657\/657
|move|p2a: Pidgeot|Hurricane|p1a: Blissey
|-damage|p1a: Blissey|518\/657
|
|-heal|p1a: Blissey|559\/657|[from] item: Leftovers
|turn|67
|
|switch|p2a: Reuniclus|Reuniclus, M|384\/423 tox
|move|p1a: Blissey|Toxic|p2a: Reuniclus
|-fail|p2a: Reuniclus|tox
|
|-heal|p1a: Blissey|600\/657|[from] item: Leftovers
|-heal|p2a: Reuniclus|410\/423 tox|[from] item: Leftovers
|turn|68
|join|Exemption
|leave|Exemption
|join|Tom Bus
|
|switch|p1a: Suicune|Suicune|272\/404
|-ability|p1a: Suicune|Pressure
|switch|p2a: Pidgeot|Pidgeot-Mega, F|307\/307
|
|-heal|p1a: Suicune|297\/404|[from] item: Leftovers
|turn|69
|
|switch|p1a: Blissey|Blissey, F|600\/657
|move|p2a: Pidgeot|Hurricane|p1a: Blissey
|-damage|p1a: Blissey|465\/657
|
|-heal|p1a: Blissey|506\/657|[from] item: Leftovers
|turn|70
|
|switch|p2a: Reuniclus|Reuniclus, M|410\/423 tox
|move|p1a: Blissey|Seismic Toss|p2a: Reuniclus
|-damage|p2a: Reuniclus|310\/423 tox
|
|-heal|p1a: Blissey|547\/657|[from] item: Leftovers
|-heal|p2a: Reuniclus|336\/423 tox|[from] item: Leftovers
|turn|71
|
|switch|p1a: Suicune|Suicune|297\/404
|-ability|p1a: Suicune|Pressure
|move|p2a: Reuniclus|Calm Mind|p2a: Reuniclus
|-boost|p2a: Reuniclus|spa|1
|-boost|p2a: Reuniclus|spd|1
|
|-heal|p1a: Suicune|322\/404|[from] item: Leftovers
|-heal|p2a: Reuniclus|362\/423 tox|[from] item: Leftovers
|turn|72
|
|move|p2a: Reuniclus|Focus Blast|p1a: Suicune|[miss]
|-miss|p2a: Reuniclus|p1a: Suicune
|move|p1a: Suicune|Roar|p2a: Reuniclus
|drag|p2a: Pidgeot|Pidgeot-Mega, F|307\/307
|
|-heal|p1a: Suicune|347\/404|[from] item: Leftovers
|turn|73
|c|âmega pidgeotto|fucking
|c|âmega pidgeotto|sick plays man
|c|âULT Lapraz|(:
|c| RowDog|ikr
|-message|mega pidgeotto forfeited.
|
|win|ULT Lapraz
|raw|Ladder updating...
|leave|mega pidgeotto
|player|p2
|c| Tom Bus|why wouldn't you just psyshock? :\/
|raw|ULT Lapraz's rating: 1672 &rarr; <strong>1687<\/strong><br \/>(+15 for winning)
|raw|mega pidgeotto's rating: 1585 &rarr; <strong>1570<\/strong><br \/>(-15 for losing)
|c| RowDog|dah best
|leave|ULT Bob
|leave|Tom Bus
|c| RowDog|Psyshock does less
|leave|Snowballin
|c| RowDog|coz Suicune is phys bulk
|leave|RowDog