|join|ult rh156
|join|mega pidgeotto
|player|p1|ult rh156|25
|player|p2|mega pidgeotto|171
|gametype|singles
|gen|6
|tier|UU
|rated
|rule|Sleep Clause Mod: Limit one foe put to sleep
|rule|Species Clause: Limit one of each PokÃ©mon
|rule|OHKO Clause: OHKO moves are banned
|rule|Moody Clause: Moody is banned
|rule|Evasion Moves Clause: Evasion moves are banned
|rule|Endless Battle Clause: Forcing endless battles is banned
|rule|HP Percentage Mod: HP is shown in percentages
|clearpoke
|poke|p1|Reuniclus, F
|poke|p1|Hippowdon, M
|poke|p1|Stoutland, M
|poke|p1|Jirachi
|poke|p1|Dragalge, M
|poke|p1|Aerodactyl, F
|poke|p2|Reuniclus, M
|poke|p2|Snorlax, M
|poke|p2|Florges, F
|poke|p2|Krookodile, F
|poke|p2|Infernape, F
|poke|p2|Pidgeot, M
|rule|Swagger Clause: Swagger is banned
|rule|Baton Pass Clause: Limit one PokÃ©mon knowing Baton Pass
|teampreview
|join|Snowballin
|c| Snowballin|o
|c| Snowballin|gud match found
|c| Snowballin|.\/settles down.
|c|âmega pidgeotto|i have too many normal resists for u to win
|c|âult rh156|ah.
|join|Fire Lord Mako
|c|âult rh156|i see
|c|âult rh156|the dog counters
|c|âult rh156|G___L
|c| Snowballin|cteam hard
|c| Snowballin|LOL.
|
|start
|switch|p1a: Aerodactyl|Aerodactyl, F|311\/311
|switch|p2a: Krookodile|Krookodile, F|331\/331
|-ability|p1a: Aerodactyl|Pressure
|-ability|p2a: Krookodile|Intimidate|[of] p1a: Aerodactyl
|-unboost|p1a: Aerodactyl|atk|1
|turn|1
|join|SmashBrosBrawl
|c|âult rh156|krook is annoying
|
|switch|p1a: Hippowdon|Hippowdon, M|419\/419
|-weather|Sandstorm
|switch|p2a: Reuniclus|Reuniclus, M|423\/423
|
|-weather|Sandstorm|[upkeep]
|turn|2
|c|âult rh156|wait
|c|âult rh156|where are
|c|âult rh156|my dark resists.
|
|switch|p2a: Pidgeot|Pidgeot, M|307\/307
|move|p1a: Hippowdon|Stealth Rock|p2a: Pidgeot
|-sidestart|p2: mega pidgeotto|move: Stealth Rock
|
|-weather|Sandstorm|[upkeep]
|-damage|p2a: Pidgeot|288\/307|[from] sandstorm
|turn|3
|c|+SmashBrosBrawl|wheres
|c|+SmashBrosBrawl|barbaracle
|c|+SmashBrosBrawl|...
|
|switch|p1a: Aerodactyl|Aerodactyl, F|311\/311
|-ability|p1a: Aerodactyl|Pressure
|detailschange|p2a: Pidgeot|Pidgeot-Mega, M
|-mega|p2a: Pidgeot|Pidgeot|Pidgeotite
|move|p2a: Pidgeot|Defog|p1a: Aerodactyl
|-unboost|p1a: Aerodactyl|evasion|1
|-sideend|p2: mega pidgeotto|Stealth Rock|[from] move: Defog|[of] p2a: Pidgeot
|
|-weather|Sandstorm|[upkeep]
|-damage|p2a: Pidgeot|269\/307|[from] sandstorm
|turn|4
|c|âult rh156|team rotation
|join|M0XI3 B00ST
|join|xShiba
|c|âult rh156|actually dodmen
|
|switch|p2a: Reuniclus|Reuniclus, M|423\/423
|detailschange|p1a: Aerodactyl|Aerodactyl-Mega, F
|-mega|p1a: Aerodactyl|Aerodactyl|Aerodactylite
|move|p1a: Aerodactyl|Aqua Tail|p2a: Reuniclus|[miss]
|-miss|p1a: Aerodactyl|p2a: Reuniclus
|
|-weather|Sandstorm|[upkeep]
|turn|5
|c|âult rh156|ur team looks weird as shit
|c|âmega pidgeotto|i just made it
|c|âult rh156|like
|c|âult rh156|u have 0 resists
|c|âult rh156|._.
|c|âmega pidgeotto|sh
|c|+SmashBrosBrawl|he has
|c|âmega pidgeotto|i have fighting resists
|c|+SmashBrosBrawl|fight dragon dark ghost resist
|c|âmega pidgeotto|that's what's important
|c|âult rh156|ye
|c|âmega pidgeotto|imo
|c|âult rh156|are u tr
|
|switch|p2a: Krookodile|Krookodile, F|331\/331
|-ability|p2a: Krookodile|Intimidate|[of] p1a: Aerodactyl
|-unboost|p1a: Aerodactyl|atk|1
|move|p1a: Aerodactyl|Taunt|p2a: Krookodile
|-start|p2a: Krookodile|move: Taunt
|
|-weather|Sandstorm|[upkeep]
|turn|6
|
|switch|p1a: Hippowdon|Hippowdon, M|419\/419
|switch|p2a: Reuniclus|Reuniclus, M|423\/423
|
|-weather|Sandstorm|[upkeep]
|turn|7
|c|âult rh156|grass knot
|c|âult rh156|yn
|
|switch|p2a: Pidgeot|Pidgeot-Mega, M|269\/307
|move|p1a: Hippowdon|Stealth Rock|p2a: Pidgeot
|-sidestart|p2: mega pidgeotto|move: Stealth Rock
|
|-weather|Sandstorm|[upkeep]
|-damage|p2a: Pidgeot|250\/307|[from] sandstorm
|turn|8
|
|switch|p1a: Aerodactyl|Aerodactyl-Mega, F|311\/311
|move|p2a: Pidgeot|Defog|p1a: Aerodactyl
|-unboost|p1a: Aerodactyl|evasion|1
|-sideend|p2: mega pidgeotto|Stealth Rock|[from] move: Defog|[of] p2a: Pidgeot
|
|-weather|none
|turn|9
|c|âmega pidgeotto|i like games when nothing takes damage for 8 turns
|c|âult rh156|no
|c|âult rh156|sandstorm damaged u
|c|âult rh156|oO
|c|âmega pidgeotto|tru
|
|switch|p2a: Snorlax|Snorlax, M|513\/513
|move|p1a: Aerodactyl|Aerial Ace|p2a: Snorlax
|-damage|p2a: Snorlax|353\/513
|
|-heal|p2a: Snorlax|385\/513|[from] item: Leftovers
|turn|10
|c|âult rh156|this will be a quick game
|c|âult rh156|y\n
|
|switch|p1a: Hippowdon|Hippowdon, M|419\/419
|-weather|Sandstorm
|move|p2a: Snorlax|Body Slam|p1a: Hippowdon
|-damage|p1a: Hippowdon|326\/419
|-status|p1a: Hippowdon|par
|
|-weather|Sandstorm|[upkeep]
|-damage|p2a: Snorlax|353\/513|[from] sandstorm
|-heal|p2a: Snorlax|385\/513|[from] item: Leftovers
|turn|11
|c|âmega pidgeotto|u
|c|âmega pidgeotto|y
|
|switch|p2a: Krookodile|Krookodile, F|331\/331
|-ability|p2a: Krookodile|Intimidate|[of] p1a: Hippowdon
|-unboost|p1a: Hippowdon|atk|1
|switch|p1a: Jirachi|Jirachi|404\/404
|
|-weather|Sandstorm|[upkeep]
|turn|12
|c|âmega pidgeotto|ah
|c|+SmashBrosBrawl|donked
|c|âmega pidgeotto|nice
|c|+SmashBrosBrawl|he is gonna flinch you
|c|+SmashBrosBrawl|tbh
|c|âult rh156|ic
|c|+SmashBrosBrawl|flinch
|
|move|p1a: Jirachi|Substitute|p1a: Jirachi
|-start|p1a: Jirachi|Substitute
|-damage|p1a: Jirachi|303\/404
|move|p2a: Krookodile|Knock Off|p1a: Jirachi
|-crit|p1a: Jirachi
|-supereffective|p1a: Jirachi
|-end|p1a: Jirachi|Substitute
|
|-weather|Sandstorm|[upkeep]
|-heal|p1a: Jirachi|328\/404|[from] item: Leftovers
|turn|13
|c|+SmashBrosBrawl|ah
|c|âult rh156|i wish i had iron head
|c|âult rh156|sigh
|c| Fire Lord Mako|...
|
|move|p2a: Krookodile|Pursuit|p1a: Jirachi|[from]Pursuit
|-supereffective|p1a: Jirachi
|-damage|p1a: Jirachi|14\/404
|switch|p1a: Aerodactyl|Aerodactyl-Mega, F|311\/311
|
|-weather|Sandstorm|[upkeep]
|turn|14
|c| Fire Lord Mako|how does one not run iron head on jirachi
|c|âult rh156|aerial ace is gonna crit here so w\/e
|c|âult rh156|i changed it to sub cm
|c|âult rh156|oO
|c| Fire Lord Mako|o
|
|switch|p2a: Snorlax|Snorlax, M|385\/513
|move|p1a: Aerodactyl|Aerial Ace|p2a: Snorlax
|-damage|p2a: Snorlax|225\/513
|
|-weather|Sandstorm|[upkeep]
|-damage|p2a: Snorlax|193\/513|[from] sandstorm
|-heal|p2a: Snorlax|225\/513|[from] item: Leftovers
|turn|15
|c| Fire Lord Mako|edge crit y\/y
|
|move|p1a: Aerodactyl|Aerial Ace|p2a: Snorlax
|-damage|p2a: Snorlax|45\/513
|move|p2a: Snorlax|Rest|p2a: Snorlax
|-status|p2a: Snorlax|slp
|-heal|p2a: Snorlax|513\/513 slp|[silent]
|-status|p2a: Snorlax|slp|[from] move: Rest
|
|-weather|Sandstorm|[upkeep]
|-damage|p2a: Snorlax|481\/513 slp|[from] sandstorm
|-heal|p2a: Snorlax|513\/513 slp|[from] item: Leftovers
|turn|16
|
|move|p1a: Aerodactyl|Taunt|p2a: Snorlax
|-start|p2a: Snorlax|move: Taunt
|cant|p2a: Snorlax|slp
|cant|p2a: Snorlax|move: Taunt|Sleep Talk
|
|-weather|Sandstorm|[upkeep]
|-damage|p2a: Snorlax|481\/513 slp|[from] sandstorm
|-heal|p2a: Snorlax|513\/513 slp|[from] item: Leftovers
|turn|17
|c| Fire Lord Mako|edge probs killed at that range with a good roll
|c|âult rh156|i don't have it :[
|
|move|p1a: Aerodactyl|Aerial Ace|p2a: Snorlax
|-damage|p2a: Snorlax|332\/513 slp
|cant|p2a: Snorlax|slp
|
|-weather|none
|-heal|p2a: Snorlax|364\/513 slp|[from] item: Leftovers
|turn|18
|c|âmega pidgeotto|he is taunt roost
|c|âmega pidgeotto|tail ace
|c|âult rh156|ye
|
|switch|p1a: Hippowdon|Hippowdon, M|326\/419 par
|-weather|Sandstorm
|-curestatus|p2a: Snorlax|slp
|move|p2a: Snorlax|Body Slam|p1a: Hippowdon
|-damage|p1a: Hippowdon|235\/419 par
|
|-weather|Sandstorm|[upkeep]
|-damage|p2a: Snorlax|332\/513|[from] sandstorm
|-heal|p2a: Snorlax|364\/513|[from] item: Leftovers
|-end|p2a: Snorlax|move: Taunt
|turn|19
|c| Fire Lord Mako|icici
|
|switch|p2a: Pidgeot|Pidgeot-Mega, M|250\/307
|move|p1a: Hippowdon|Slack Off|p1a: Hippowdon
|-heal|p1a: Hippowdon|419\/419 par
|
|-weather|Sandstorm|[upkeep]
|-damage|p2a: Pidgeot|231\/307|[from] sandstorm
|turn|20
|
|switch|p1a: Aerodactyl|Aerodactyl-Mega, F|311\/311
|move|p2a: Pidgeot|Hurricane|p1a: Aerodactyl
|-resisted|p1a: Aerodactyl
|-damage|p1a: Aerodactyl|242\/311
|
|-weather|Sandstorm|[upkeep]
|-damage|p2a: Pidgeot|212\/307|[from] sandstorm
|turn|21
|c|âult rh156|die.
|c|âmega pidgeotto|fk the sand
|leave|M0XI3 B00ST
|
|switch|p2a: Reuniclus|Reuniclus, M|423\/423
|move|p1a: Aerodactyl|Aqua Tail|p2a: Reuniclus
|-damage|p2a: Reuniclus|294\/423
|
|-weather|Sandstorm|[upkeep]
|-heal|p2a: Reuniclus|320\/423|[from] item: Leftovers
|turn|22
|
|move|p1a: Aerodactyl|Taunt|p2a: Reuniclus
|-start|p2a: Reuniclus|move: Taunt
|move|p2a: Reuniclus|Psyshock|p1a: Aerodactyl
|-damage|p1a: Aerodactyl|121\/311
|
|-weather|Sandstorm|[upkeep]
|-heal|p2a: Reuniclus|346\/423|[from] item: Leftovers
|turn|23
|
|switch|p1a: Hippowdon|Hippowdon, M|419\/419 par
|move|p2a: Reuniclus|Psyshock|p1a: Hippowdon
|-crit|p1a: Hippowdon
|-damage|p1a: Hippowdon|271\/419 par
|
|-weather|Sandstorm|[upkeep]
|-heal|p2a: Reuniclus|372\/423|[from] item: Leftovers
|turn|24
|
|switch|p2a: Krookodile|Krookodile, F|331\/331
|-ability|p2a: Krookodile|Intimidate|[of] p1a: Hippowdon
|-unboost|p1a: Hippowdon|atk|1
|switch|p1a: Jirachi|Jirachi|14\/404
|
|-weather|Sandstorm|[upkeep]
|-heal|p1a: Jirachi|39\/404|[from] item: Leftovers
|turn|25
|c| Snowballin|I'm gonna brb get some pop corn
|c|âmega pidgeotto|omg
|c| Snowballin|for real
|c| Snowballin|LOL.
|c|âmega pidgeotto|i'm a lord
|c|âmega pidgeotto|too bad i need this healthy o.o
|
|move|p1a: Jirachi|Iron Head|p2a: Krookodile
|-damage|p2a: Krookodile|228\/331
|cant|p2a: Krookodile|flinch
|
|-weather|none
|-heal|p1a: Jirachi|64\/404|[from] item: Leftovers
|turn|26
|c|âult rh156|bluffed.
|
|switch|p2a: Infernape|Infernape, F|293\/293
|move|p1a: Jirachi|Iron Head|p2a: Infernape
|-resisted|p2a: Infernape
|-damage|p2a: Infernape|233\/293
|
|-heal|p1a: Jirachi|89\/404|[from] item: Leftovers
|turn|27
|c|âult rh156|man
|c|âult rh156|this infernape switch was like
|c|âult rh156|telegraphed.
|c|âult rh156|i should've doubled to drag
|
|switch|p2a: Krookodile|Krookodile, F|228\/331
|-ability|p2a: Krookodile|Intimidate|[of] p1a: Jirachi
|-unboost|p1a: Jirachi|atk|1
|switch|p1a: Dragalge|Dragalge, M|333\/333
|
|turn|28
|c|âult rh156|see now i'm getting outplayed.
|c|+SmashBrosBrawl|man
|c|+SmashBrosBrawl|he is gonna pursuit
|c|+SmashBrosBrawl|he is real
|c|âult rh156|nah he's eqing
|
|move|p2a: Krookodile|Earthquake|p1a: Dragalge
|-supereffective|p1a: Dragalge
|-damage|p1a: Dragalge|63\/333
|move|p1a: Dragalge|Scald|p2a: Krookodile
|-supereffective|p2a: Krookodile
|-damage|p2a: Krookodile|68\/331
|
|-heal|p1a: Dragalge|83\/333|[from] item: Black Sludge
|turn|29
|c|âmega pidgeotto|go to aero
|c|+SmashBrosBrawl|draco wouldve killed
|c|+SmashBrosBrawl|tbh
|c|âmega pidgeotto|he is defensive
|
|switch|p1a: Jirachi|Jirachi|89\/404
|move|p2a: Krookodile|Stealth Rock|p1a: Jirachi
|-sidestart|p1: ult rh156|move: Stealth Rock
|
|-heal|p1a: Jirachi|114\/404|[from] item: Leftovers
|turn|30
|c|+SmashBrosBrawl|why
|c|+SmashBrosBrawl|why r u defensive dragon
|c|+SmashBrosBrawl|why
|c|+SmashBrosBrawl|why why
|
|switch|p2a: Infernape|Infernape, F|233\/293
|move|p1a: Jirachi|Iron Head|p2a: Infernape
|-resisted|p2a: Infernape
|-damage|p2a: Infernape|166\/293
|
|-heal|p1a: Jirachi|139\/404|[from] item: Leftovers
|turn|31
|c|âult rh156|because innovations.
|
|switch|p1a: Dragalge|Dragalge, M|83\/333
|-damage|p1a: Dragalge|42\/333|[from] Stealth Rock
|move|p2a: Infernape|Fire Blast|p1a: Dragalge
|-resisted|p1a: Dragalge
|-damage|p1a: Dragalge|0 fnt
|-damage|p2a: Infernape|137\/293|[from] item: Life Orb
|faint|p1a: Dragalge
|
|c| Snowballin|they
|c|+SmashBrosBrawl|infernape is inda now
|c| Snowballin|ate my last bag of popcorn
|c| Snowballin|qq
|
|switch|p1a: Reuniclus|Reuniclus, F|416\/416
|turn|32
|
|move|p2a: Infernape|Fire Blast|p1a: Reuniclus
|-damage|p1a: Reuniclus|150\/416
|-damage|p2a: Infernape|108\/293|[from] item: Life Orb
|move|p1a: Reuniclus|Focus Blast|p2a: Infernape
|-damage|p2a: Infernape|0 fnt
|faint|p2a: Infernape
|
|-heal|p1a: Reuniclus|176\/416|[from] item: Leftovers
|c|âmega pidgeotto|nb
|c|âult rh156|are u pursuitting
|
|switch|p2a: Krookodile|Krookodile, F|68\/331
|-ability|p2a: Krookodile|Intimidate|[of] p1a: Reuniclus
|-unboost|p1a: Reuniclus|atk|1
|turn|33
|c|âult rh156|well tbh knock off is obvious
|c|âult rh156|@_@
|
|move|p2a: Krookodile|Knock Off|p1a: Reuniclus
|-supereffective|p1a: Reuniclus
|-damage|p1a: Reuniclus|0 fnt
|-enditem|p1a: Reuniclus|Leftovers|[from] move: Knock Off|[of] p2a: Krookodile
|faint|p1a: Reuniclus
|
|c|+SmashBrosBrawl|krook is just
|
|switch|p1a: Jirachi|Jirachi|139\/404
|-damage|p1a: Jirachi|114\/404|[from] Stealth Rock
|turn|34
|c| Fire Lord Mako|Wouldn't pursuit kill anyway
|c|+SmashBrosBrawl|picking your team apart
|c|+SmashBrosBrawl|lol
|c|âult rh156|no
|c|âult rh156|he's falling into my trap
|
|move|p1a: Jirachi|Iron Head|p2a: Krookodile
|-crit|p2a: Krookodile
|-damage|p2a: Krookodile|0 fnt
|faint|p2a: Krookodile
|
|-heal|p1a: Jirachi|139\/404|[from] item: Leftovers
|join|MyLittleDick
|c|âult rh156|see now stoutland cleans
|c|âult rh156|@_@
|
|switch|p2a: Pidgeot|Pidgeot-Mega, M|212\/307
|turn|35
|c|+SmashBrosBrawl|wait
|c|+SmashBrosBrawl|wait
|c|+SmashBrosBrawl|wait
|c|+SmashBrosBrawl|wait
|join|King UU
|c|+SmashBrosBrawl|wait
|join|ThisBeMyButt
|
|switch|p1a: Hippowdon|Hippowdon, M|271\/419 par
|-damage|p1a: Hippowdon|245\/419 par|[from] Stealth Rock
|-weather|Sandstorm
|move|p2a: Pidgeot|Work Up|p2a: Pidgeot
|-boost|p2a: Pidgeot|atk|1
|-boost|p2a: Pidgeot|spa|1
|
|-weather|Sandstorm|[upkeep]
|-damage|p2a: Pidgeot|193\/307|[from] sandstorm
|turn|36
|c|âult rh156|sets
|c|+SmashBrosBrawl|oo
|leave|ThisBeMyButt
|c|âmega pidgeotto|just
|c|âmega pidgeotto|calm down
|join|gobosox
|c|âmega pidgeotto|a second pls
|c| MyLittleDick|^
|c|âmega pidgeotto|i should aknocked this off
|c|+King UU|well
|c|+King UU|dodmen hasn't lost yeeet
|
|switch|p1a: Aerodactyl|Aerodactyl-Mega, F|121\/311
|-damage|p1a: Aerodactyl|44\/311|[from] Stealth Rock
|move|p2a: Pidgeot|Hurricane|p1a: Aerodactyl
|-crit|p1a: Aerodactyl
|-resisted|p1a: Aerodactyl
|-damage|p1a: Aerodactyl|0 fnt
|faint|p1a: Aerodactyl
|
|-weather|Sandstorm|[upkeep]
|-damage|p2a: Pidgeot|174\/307|[from] sandstorm
|
|switch|p1a: Stoutland|Stoutland, M|315\/315
|-damage|p1a: Stoutland|276\/315|[from] Stealth Rock
|turn|37
|c| MyLittleDick|everything gets 2hkoed
|c| MyLittleDick|pretty sure
|leave|gobosox
|
|switch|p2a: Florges|Florges, F|359\/359
|move|p1a: Stoutland|Frustration|p2a: Florges
|-damage|p2a: Florges|122\/359
|
|-weather|Sandstorm|[upkeep]
|-damage|p2a: Florges|100\/359|[from] sandstorm
|-heal|p2a: Florges|122\/359|[from] item: Leftovers
|turn|38
|c|+SmashBrosBrawl|dodmen u disappoint me
|c|âult rh156|well
|c|âult rh156|he can still
|
|move|p1a: Stoutland|Frustration|p2a: Florges
|-damage|p2a: Florges|0 fnt
|faint|p2a: Florges
|
|-weather|Sandstorm|[upkeep]
|c|âult rh156|paralyze stout with a body slam
|c|âult rh156|o_O
|c|+SmashBrosBrawl|or
|c| Fire Lord Mako|zzzzz
|c|+SmashBrosBrawl|focus blast
|c|+SmashBrosBrawl|right here
|c|âult rh156|jk snorlax dies
|
|switch|p2a: Snorlax|Snorlax, M|364\/513
|turn|39
|c|âult rh156|lured.
|c|+SmashBrosBrawl|focus
|c|+SmashBrosBrawl|blast
|c|âmega pidgeotto|focus blast
|c|+King UU|Focus punch
|c|âmega pidgeotto|doesn't
|c|âmega pidgeotto|kill
|c|âmega pidgeotto|nig
|
|move|p1a: Stoutland|Frustration|p2a: Snorlax
|-damage|p2a: Snorlax|34\/513
|move|p2a: Snorlax|Body Slam|p1a: Stoutland
|-damage|p1a: Stoutland|149\/315
|-status|p1a: Stoutland|par
|
|-weather|Sandstorm|[upkeep]
|-damage|p2a: Snorlax|2\/513|[from] sandstorm
|-heal|p2a: Snorlax|34\/513|[from] item: Leftovers
|turn|40
|c|+SmashBrosBrawl|ofc
|c|+SmashBrosBrawl|it does
|c|âult rh156|rip.
|c|+SmashBrosBrawl|MFW
|c|âmega pidgeotto|easy
|c| Fire Lord Mako|zzzz
|c|+King UU|gotem
|c|+King UU|GOTTEM
|c|+SmashBrosBrawl|stil
|c|+SmashBrosBrawl|faster
|c|+SmashBrosBrawl|because
|c|+SmashBrosBrawl|sand
|c|âult rh156|but outsped by pidge
|c|+SmashBrosBrawl|o
|
|move|p1a: Stoutland|Frustration|p2a: Snorlax
|-damage|p2a: Snorlax|0 fnt
|faint|p2a: Snorlax
|
|-weather|Sandstorm|[upkeep]
|c|+SmashBrosBrawl|o
|c|+SmashBrosBrawl|dodmen
|c|+SmashBrosBrawl|hacker
|c|+SmashBrosBrawl|le hacker
|
|switch|p2a: Pidgeot|Pidgeot-Mega, M|174\/307
|turn|41
|c| Fire Lord Mako|miss hurricane
|c|âmega pidgeotto|rachi can win or something idk
|
|move|p2a: Pidgeot|Hurricane|p1a: Stoutland
|-damage|p1a: Stoutland|0 fnt
|faint|p1a: Stoutland
|
|-weather|Sandstorm|[upkeep]
|-damage|p2a: Pidgeot|155\/307|[from] sandstorm
|c|+SmashBrosBrawl|n
|
|switch|p1a: Jirachi|Jirachi|139\/404
|-damage|p1a: Jirachi|114\/404|[from] Stealth Rock
|turn|42
|c|âult rh156|nah i lose
|c|âult rh156|gg
|c|âmega pidgeotto|gg
|c|âmega pidgeotto|sry for para
|c|+SmashBrosBrawl|wasnt a gg
|
|move|p2a: Pidgeot|Hurricane|p1a: Jirachi
|-resisted|p1a: Jirachi
|-damage|p1a: Jirachi|10\/404
|move|p1a: Jirachi|Iron Head|p2a: Pidgeot
|-damage|p2a: Pidgeot|52\/307
|
|-weather|none
|-heal|p1a: Jirachi|35\/404|[from] item: Leftovers
|turn|43
|c|+SmashBrosBrawl|dont say gg
|c|âmega pidgeotto|i guess there were other options
|c|âmega pidgeotto|if no para
|
|switch|p1a: Hippowdon|Hippowdon, M|245\/419 par
|-damage|p1a: Hippowdon|219\/419 par|[from] Stealth Rock
|-weather|Sandstorm
|move|p2a: Pidgeot|Hurricane|p1a: Hippowdon
|-damage|p1a: Hippowdon|29\/419 par
|
|-weather|Sandstorm|[upkeep]
|-damage|p2a: Pidgeot|33\/307|[from] sandstorm
|turn|44
|c|+King UU|man that is one
|c|+King UU|bulky hippo
|c|+King UU|dayum
|
|move|p2a: Pidgeot|Hurricane|p1a: Hippowdon
|-damage|p1a: Hippowdon|0 fnt
|faint|p1a: Hippowdon
|
|-weather|Sandstorm|[upkeep]
|-damage|p2a: Pidgeot|14\/307|[from] sandstorm
|c|+SmashBrosBrawl|miss
|
|switch|p1a: Jirachi|Jirachi|35\/404
|-damage|p1a: Jirachi|10\/404|[from] Stealth Rock
|turn|45
|
|move|p2a: Pidgeot|Hurricane|p1a: Jirachi
|-resisted|p1a: Jirachi
|-damage|p1a: Jirachi|0 fnt
|faint|p1a: Jirachi
|
|win|mega pidgeotto
|raw|Ladder updating...
|c|âmega pidgeotto|gg radiant
|leave|ult rh156
|raw|ult rh156's rating: 1635 &rarr; <strong>1611<\/strong><br \/>(-24 for losing)
|raw|mega pidgeotto's rating: 1575 &rarr; <strong>1598<\/strong><br \/>(+23 for winning)
|leave|King UU
|player|p1
|leave|mega pidgeotto
|player|p2
|leave|Fire Lord Mako
|leave|Snowballin
|join|mega pidgeotto