|join|Way and ChoA Twins
|join|Lukitomi
|player|p1|Way and ChoA Twins|265
|player|p2|Lukitomi|169
|gametype|singles
|gen|6
|tier|OU
|rated
|clearpoke
|poke|p1|Mawile, M
|poke|p1|Flareon, F
|poke|p1|Excadrill, F
|poke|p1|Scolipede, M, shiny
|poke|p1|Kyurem-Black
|poke|p1|Escavalier, M
|poke|p2|Ambipom, M
|poke|p2|Charizard, M
|poke|p2|Latios, M
|poke|p2|Goodra, F
|poke|p2|Gliscor, M
|poke|p2|Skarmory, F
|rule|Sleep Clause Mod: Limit one foe put to sleep
|rule|Species Clause: Limit one of each Pokemon
|rule|OHKO Clause: OHKO moves are banned
|rule|Moody Clause: Moody is banned
|rule|Evasion Moves Clause: Evasion moves are banned
|rule|Endless Battle Clause: Forcing endless battles is banned.
|rule|HP Percentage Mod: HP is reported as percentages
|teampreview
|
|start
|switch|p1a: Mawile|Mawile, M|304\/304
|switch|p2a: Ambipom|Ambipom, M|292\/292
|-ability|p1a: Mawile|Intimidate|[of] p2a: Ambipom
|-unboost|p2a: Ambipom|atk|1
|turn|1
|
|move|p2a: Ambipom|Fake Out|p1a: Mawile
|-resisted|p1a: Mawile
|-damage|p1a: Mawile|259\/304
|-damage|p2a: Ambipom|263\/292|[from] item: Life Orb
|cant|p1a: Mawile|flinch
|
|turn|2
|
|move|p2a: Ambipom|U-turn|p1a: Mawile
|-resisted|p1a: Mawile
|-damage|p1a: Mawile|241\/304
|-damage|p2a: Ambipom|234\/292|[from] item: Life Orb
|
|switch|p2a: Charizard|Charizard, M|298\/298
|move|p1a: Mawile|Stealth Rock|p2a: Charizard
|-sidestart|p2: Lukitomi|move: Stealth Rock
|
|turn|3
|
|detailschange|p2a: Charizard|Charizard-Mega-Y, M
|message|Charizard has Mega Evolved into Mega Charizard!
|-weather|SunnyDay
|detailschange|p1a: Mawile|Mawile-Mega, M
|message|Mawile has Mega Evolved into Mega Mawile!
|move|p2a: Charizard|Fire Blast|p1a: Mawile
|-crit|p1a: Mawile
|-supereffective|p1a: Mawile
|-damage|p1a: Mawile|0 fnt
|faint|p1a: Mawile
|
|-weather|SunnyDay|[upkeep]
|chat|Lukitomi|oh intresting 
|
|switch|p1a: Kyurem-Black|Kyurem-Black|392\/392
|-ability|p1a: Kyurem-Black|Teravolt
|turn|4
|
|move|p2a: Charizard|Focus Blast|p1a: Kyurem-Black|[miss]
|-miss|p2a: Charizard|p1a: Kyurem-Black
|move|p1a: Kyurem-Black|Fusion Bolt|p2a: Charizard
|-supereffective|p2a: Charizard
|-damage|p2a: Charizard|0 fnt
|faint|p2a: Charizard
|
|-weather|SunnyDay|[upkeep]
|chat|Lukitomi|damn Focus miss
|
|switch|p2a: Ambipom|Ambipom, M|234\/292
|-damage|p2a: Ambipom|198\/292|[from] Stealth Rock
|turn|5
|
|switch|p1a: Scolipede|Scolipede, M, shiny|323\/323
|move|p2a: Ambipom|Fake Out|p1a: Scolipede
|-damage|p1a: Scolipede|189\/323
|-damage|p2a: Ambipom|169\/292|[from] item: Life Orb
|
|-weather|SunnyDay|[upkeep]
|-heal|p1a: Scolipede|209\/323|[from] item: Leftovers
|turn|6
|
|switch|p1a: Escavalier|Escavalier, M|344\/344
|move|p2a: Ambipom|Taunt|p1a: Escavalier
|-start|p1a: Escavalier|move: Taunt
|
|-weather|SunnyDay|[upkeep]
|turn|7
|
|switch|p2a: Goodra|Goodra, F|384\/384
|-damage|p2a: Goodra|336\/384|[from] Stealth Rock
|move|p1a: Escavalier|Knock Off|p2a: Goodra
|-damage|p2a: Goodra|203\/384
|-unboost|p1a: Escavalier|spe|1
|-enditem|p2a: Goodra|Assault Vest|[from] move: Knock Off|[of] p1a: Escavalier
|
|-weather|none
|turn|8
|
|switch|p1a: Flareon|Flareon, F|272\/272
|move|p2a: Goodra|Flamethrower|p1a: Flareon
|-start|p1a: Flareon|ability: Flash Fire
|
|turn|9
|
|switch|p2a: Skarmory|Skarmory, F|334\/334
|-damage|p2a: Skarmory|293\/334|[from] Stealth Rock
|move|p1a: Flareon|Flare Blitz|p2a: Skarmory
|-supereffective|p2a: Skarmory
|-damage|p2a: Skarmory|0 fnt
|-damage|p1a: Flareon|227\/272|[from] item: Rocky Helmet|[of] p2a: Skarmory
|-damage|p1a: Flareon|130\/272|[from] recoil|[of] p2a: Skarmory
|faint|p2a: Skarmory
|
|
|switch|p2a: Ambipom|Ambipom, M|169\/292
|-damage|p2a: Ambipom|133\/292|[from] Stealth Rock
|turn|10
|
|switch|p1a: Escavalier|Escavalier, M|344\/344
|move|p2a: Ambipom|Fake Out|p1a: Escavalier
|-resisted|p1a: Escavalier
|-damage|p1a: Escavalier|304\/344
|-damage|p2a: Ambipom|104\/292|[from] item: Life Orb
|
|turn|11
|
|switch|p2a: Goodra|Goodra, F|203\/384
|-damage|p2a: Goodra|155\/384|[from] Stealth Rock
|move|p1a: Escavalier|Iron Head|p2a: Goodra
|-crit|p2a: Goodra
|-damage|p2a: Goodra|0 fnt
|-unboost|p1a: Escavalier|spe|1
|faint|p2a: Goodra
|
|
|switch|p2a: Latios|Latios, M|302\/302
|-damage|p2a: Latios|265\/302|[from] Stealth Rock
|turn|12
|
|move|p2a: Latios|Draco Meteor|p1a: Escavalier
|-resisted|p1a: Escavalier
|-damage|p1a: Escavalier|189\/344
|-unboost|p2a: Latios|spa|2
|move|p1a: Escavalier|Megahorn|p2a: Latios
|-supereffective|p2a: Latios
|-damage|p2a: Latios|0 fnt
|faint|p2a: Latios
|
|
|switch|p2a: Gliscor|Gliscor, M|354\/354
|-damage|p2a: Gliscor|310\/354|[from] Stealth Rock
|turn|13
|-message|Lukitomi forfeited.
|
|win|Way and ChoA Twins
|raw|Ladder updating...
|leave|Lukitomi
|player|p2
|raw|Way and ChoA Twins's rating: 1269 &rarr; <strong>1292<\/strong><br \/>(+23 for winning)
|raw|Lukitomi's rating: 1248 &rarr; <strong>1224<\/strong><br \/>(-24 for losing)