|join|Lukitomi
|join|polo1
|player|p1|Lukitomi|266
|player|p2|polo1|70
|gametype|singles
|gen|6
|tier|OU
|rated
|clearpoke
|poke|p1|Heatran, F
|poke|p1|Sableye, F
|poke|p1|Alakazam, M
|poke|p1|Ferrothorn, M
|poke|p1|Thundurus, M
|poke|p1|Crobat, M
|poke|p2|Tornadus-Therian, M
|poke|p2|Chansey, F
|poke|p2|Heatran, M
|poke|p2|Venusaur, M
|poke|p2|Skarmory, F
|poke|p2|Quagsire, F
|rule|Swagger Clause: Swagger is banned
|rule|Baton Pass Clause: Limit one PokÃ©mon knowing Baton Pass
|rule|Sleep Clause Mod: Limit one foe put to sleep
|rule|Species Clause: Limit one of each PokÃ©mon
|rule|OHKO Clause: OHKO moves are banned
|rule|Moody Clause: Moody is banned
|rule|Evasion Moves Clause: Evasion moves are banned
|rule|Endless Battle Clause: Forcing endless battles is banned
|rule|HP Percentage Mod: HP is shown in percentages
|teampreview
|c|âLukitomi|nother stall team hate all of you :D
|
|start
|switch|p1a: Sableye|Sableye, F|303\/303
|switch|p2a: Tornadus-Therian|Tornadus-Therian, M|332\/332
|turn|1
|c|âpolo1|yep, people tell me that a lot
|join|MetaForce
|
|detailschange|p1a: Sableye|Sableye-Mega, F
|-mega|p1a: Sableye|Sableye|Sablenite
|move|p1a: Sableye|Will-O-Wisp|p2a: Tornadus-Therian|[miss]
|-miss|p1a: Sableye|p2a: Tornadus-Therian
|move|p2a: Tornadus-Therian|Hurricane|p1a: Sableye
|-damage|p1a: Sableye|192\/303
|
|turn|2
|
|move|p2a: Tornadus-Therian|Hurricane|p1a: Sableye|[miss]
|-miss|p2a: Tornadus-Therian|p1a: Sableye
|move|p1a: Sableye|Recover|p1a: Sableye
|-heal|p1a: Sableye|303\/303
|
|turn|3
|
|move|p2a: Tornadus-Therian|U-turn|p1a: Sableye
|-damage|p1a: Sableye|262\/303
|
|switch|p2a: Venusaur|Venusaur, M|364\/364
|move|p1a: Sableye|Will-O-Wisp|p2a: Venusaur|[miss]
|-miss|p1a: Sableye|p2a: Venusaur
|
|turn|4
|c|âLukitomi|DAYUM
|
|detailschange|p2a: Venusaur|Venusaur-Mega, M
|-mega|p2a: Venusaur|Venusaur|Venusaurite
|move|p2a: Venusaur|Sludge Bomb|p1a: Sableye
|-resisted|p1a: Sableye
|-damage|p1a: Sableye|219\/303
|move|p1a: Sableye|Will-O-Wisp|p2a: Venusaur|[miss]
|-miss|p1a: Sableye|p2a: Venusaur
|
|turn|5
|c|âLukitomi|reallly ?!
|
|move|p2a: Venusaur|Sludge Bomb|p1a: Sableye
|-resisted|p1a: Sableye
|-damage|p1a: Sableye|179\/303
|move|p1a: Sableye|Recover|p1a: Sableye
|-heal|p1a: Sableye|303\/303
|
|turn|6
|
|move|p2a: Venusaur|Sludge Bomb|p1a: Sableye
|-crit|p1a: Sableye
|-resisted|p1a: Sableye
|-damage|p1a: Sableye|237\/303
|move|p1a: Sableye|Will-O-Wisp|p2a: Venusaur
|-status|p2a: Venusaur|brn
|
|-damage|p2a: Venusaur|319\/364 brn|[from] brn
|turn|7
|c|âLukitomi|85 % my ass -.-
|
|move|p1a: Sableye|Protect|p1a: Sableye
|-singleturn|p1a: Sableye|Protect
|move|p2a: Venusaur|Sludge Bomb|p1a: Sableye
|-activate|p1a: Sableye|Protect
|
|-damage|p2a: Venusaur|274\/364 brn|[from] brn
|turn|8
|
|switch|p1a: Heatran|Heatran, F|323\/323
|move|p2a: Venusaur|Sludge Bomb|p1a: Heatran
|-immune|p1a: Heatran|[msg]
|
|-damage|p2a: Venusaur|229\/364 brn|[from] brn
|turn|9
|
|switch|p1a: Ferrothorn|Ferrothorn, M|352\/352
|move|p2a: Venusaur|Leech Seed|p1a: Ferrothorn
|-immune|p1a: Ferrothorn|[msg]
|
|-damage|p2a: Venusaur|184\/364 brn|[from] brn
|turn|10
|
|move|p2a: Venusaur|Synthesis|p2a: Venusaur
|-heal|p2a: Venusaur|364\/364 brn
|move|p1a: Ferrothorn|Stealth Rock|p2a: Venusaur
|-sidestart|p2: polo1|move: Stealth Rock
|
|-damage|p2a: Venusaur|319\/364 brn|[from] brn
|turn|11
|
|switch|p2a: Skarmory|Skarmory, F|334\/334
|-damage|p2a: Skarmory|293\/334|[from] Stealth Rock
|move|p1a: Ferrothorn|Gyro Ball|p2a: Skarmory
|-resisted|p2a: Skarmory
|-damage|p2a: Skarmory|256\/334
|-damage|p1a: Ferrothorn|294\/352|[from] item: Rocky Helmet|[of] p2a: Skarmory
|
|-heal|p1a: Ferrothorn|316\/352|[from] item: Leftovers
|turn|12
|
|switch|p1a: Thundurus|Thundurus, M|299\/299
|move|p2a: Skarmory|Defog|p1a: Thundurus
|-unboost|p1a: Thundurus|evasion|1
|-boost|p1a: Thundurus|atk|2|[from] ability: Defiant
|-sideend|p2: polo1|Stealth Rock|[from] move: Defog|[of] p2a: Skarmory
|
|turn|13
|
|switch|p2a: Quagsire|Quagsire, F|394\/394
|move|p1a: Thundurus|Thunderbolt|p2a: Quagsire
|-immune|p2a: Quagsire|[msg]
|
|turn|14
|
|move|p1a: Thundurus|Knock Off|p2a: Quagsire
|-damage|p2a: Quagsire|299\/394
|-enditem|p2a: Quagsire|Leftovers|[from] move: Knock Off|[of] p1a: Thundurus
|-damage|p1a: Thundurus|270\/299|[from] item: Life Orb
|move|p2a: Quagsire|Toxic|p1a: Thundurus
|-status|p1a: Thundurus|tox
|
|-damage|p1a: Thundurus|252\/299 tox|[from] psn
|turn|15
|
|switch|p1a: Sableye|Sableye-Mega, F|237\/303
|move|p2a: Quagsire|Scald|p1a: Sableye
|-crit|p1a: Sableye
|-damage|p1a: Sableye|173\/303
|
|turn|16
|
|switch|p2a: Chansey|Chansey, F|642\/642
|move|p1a: Sableye|Recover|p1a: Sableye
|-heal|p1a: Sableye|303\/303
|
|turn|17
|
|move|p2a: Chansey|Heal Bell|p2a: Chansey
|-cureteam|p2a: Chansey|[from] move: HealBell
|move|p1a: Sableye|Will-O-Wisp|p2a: Chansey
|-status|p2a: Chansey|brn
|
|-damage|p2a: Chansey|562\/642 brn|[from] brn
|turn|18
|
|switch|p1a: Thundurus|Thundurus, M|252\/299 tox
|move|p2a: Chansey|Wish|p2a: Chansey
|
|-damage|p1a: Thundurus|234\/299 tox|[from] psn
|-damage|p2a: Chansey|482\/642 brn|[from] brn
|turn|19
|
|switch|p2a: Quagsire|Quagsire, F|299\/394
|move|p1a: Thundurus|Knock Off|p2a: Quagsire
|-damage|p2a: Quagsire|231\/394
|-damage|p1a: Thundurus|205\/299 tox|[from] item: Life Orb
|
|-heal|p2a: Quagsire|394\/394|[from] move: Wish|[wisher] Chansey
|-damage|p1a: Thundurus|169\/299 tox|[from] psn
|turn|20
|
|switch|p1a: Ferrothorn|Ferrothorn, M|316\/352
|move|p2a: Quagsire|Scald|p1a: Ferrothorn
|-resisted|p1a: Ferrothorn
|-damage|p1a: Ferrothorn|290\/352
|
|-heal|p1a: Ferrothorn|312\/352|[from] item: Leftovers
|turn|21
|
|switch|p2a: Skarmory|Skarmory, F|256\/334
|move|p1a: Ferrothorn|Leech Seed|p2a: Skarmory
|-start|p2a: Skarmory|move: Leech Seed
|
|-heal|p1a: Ferrothorn|334\/352|[from] item: Leftovers
|-damage|p2a: Skarmory|215\/334|[from] Leech Seed|[of] p1a: Ferrothorn
|-heal|p1a: Ferrothorn|352\/352|[silent]
|turn|22
|
|switch|p1a: Sableye|Sableye-Mega, F|303\/303
|move|p2a: Skarmory|Taunt|p1a: Sableye
|move|p1a: Sableye|Taunt|p2a: Skarmory|[from]Magic Bounce
|-start|p2a: Skarmory|move: Taunt
|
|-damage|p2a: Skarmory|174\/334|[from] Leech Seed|[of] p1a: Sableye
|turn|23
|
|switch|p2a: Chansey|Chansey, F|482\/642
|move|p1a: Sableye|Will-O-Wisp|p2a: Chansey
|-status|p2a: Chansey|brn
|
|-damage|p2a: Chansey|402\/642 brn|[from] brn
|turn|24
|
|switch|p1a: Alakazam|Alakazam, M|252\/252
|move|p2a: Chansey|Soft-Boiled|p2a: Chansey
|-heal|p2a: Chansey|642\/642 brn
|
|-damage|p2a: Chansey|562\/642 brn|[from] brn
|turn|25
|
|switch|p2a: Tornadus-Therian|Tornadus-Therian, M|332\/332
|move|p1a: Alakazam|Psyshock|p2a: Tornadus-Therian
|-damage|p2a: Tornadus-Therian|157\/332
|
|turn|26
|
|move|p1a: Alakazam|Psyshock|p2a: Tornadus-Therian
|-damage|p2a: Tornadus-Therian|0 fnt
|faint|p2a: Tornadus-Therian
|
|
|switch|p2a: Heatran|Heatran, M|385\/385
|turn|27
|
|switch|p1a: Sableye|Sableye-Mega, F|303\/303
|move|p2a: Heatran|Stealth Rock|p1a: Sableye
|move|p1a: Sableye|Stealth Rock|p2a: Heatran|[from]Magic Bounce
|-sidestart|p2: polo1|move: Stealth Rock
|
|turn|28
|
|switch|p2a: Chansey|Chansey, F|562\/642
|-damage|p2a: Chansey|482\/642|[from] Stealth Rock
|switch|p1a: Alakazam|Alakazam, M|252\/252
|
|turn|29
|
|move|p1a: Alakazam|Psyshock|p2a: Chansey
|-damage|p2a: Chansey|290\/642
|move|p2a: Chansey|Soft-Boiled|p2a: Chansey
|-heal|p2a: Chansey|611\/642
|
|turn|30
|
|switch|p1a: Ferrothorn|Ferrothorn, M|352\/352
|move|p2a: Chansey|Wish|p2a: Chansey
|
|turn|31
|
|switch|p2a: Skarmory|Skarmory, F|174\/334
|-damage|p2a: Skarmory|133\/334|[from] Stealth Rock
|switch|p1a: Thundurus|Thundurus, M|169\/299 tox
|
|-heal|p2a: Skarmory|334\/334|[from] move: Wish|[wisher] Chansey
|-damage|p1a: Thundurus|151\/299 tox|[from] psn
|turn|32
|
|switch|p2a: Quagsire|Quagsire, F|394\/394
|-damage|p2a: Quagsire|370\/394|[from] Stealth Rock
|move|p1a: Thundurus|Thunderbolt|p2a: Quagsire
|-immune|p2a: Quagsire|[msg]
|
|-damage|p1a: Thundurus|115\/299 tox|[from] psn
|turn|33
|
|switch|p1a: Sableye|Sableye-Mega, F|303\/303
|move|p2a: Quagsire|Scald|p1a: Sableye
|-damage|p1a: Sableye|257\/303
|-status|p1a: Sableye|brn
|
|-damage|p1a: Sableye|220\/303 brn|[from] brn
|turn|34
|
|switch|p2a: Chansey|Chansey, F|611\/642
|-damage|p2a: Chansey|531\/642|[from] Stealth Rock
|move|p1a: Sableye|Will-O-Wisp|p2a: Chansey|[miss]
|-miss|p1a: Sableye|p2a: Chansey
|
|-damage|p1a: Sableye|183\/303 brn|[from] brn
|turn|35
|
|move|p2a: Chansey|Wish|p2a: Chansey
|move|p1a: Sableye|Recover|p1a: Sableye
|-heal|p1a: Sableye|303\/303 brn
|
|-damage|p1a: Sableye|266\/303 brn|[from] brn
|turn|36
|
|switch|p2a: Heatran|Heatran, M|385\/385
|-damage|p2a: Heatran|337\/385|[from] Stealth Rock
|switch|p1a: Crobat|Crobat, M|331\/331
|
|-heal|p2a: Heatran|385\/385|[from] move: Wish|[wisher] Chansey
|turn|37
|
|move|p1a: Crobat|U-turn|p2a: Heatran
|-resisted|p2a: Heatran
|-damage|p2a: Heatran|370\/385
|
|switch|p1a: Sableye|Sableye-Mega, F|266\/303 brn
|move|p2a: Heatran|Lava Plume|p1a: Sableye
|-damage|p1a: Sableye|194\/303 brn
|
|-heal|p2a: Heatran|385\/385|[from] item: Leftovers
|-damage|p1a: Sableye|157\/303 brn|[from] brn
|turn|38
|
|switch|p2a: Chansey|Chansey, F|531\/642
|-damage|p2a: Chansey|451\/642|[from] Stealth Rock
|move|p1a: Sableye|Recover|p1a: Sableye
|-heal|p1a: Sableye|303\/303 brn
|
|-damage|p1a: Sableye|266\/303 brn|[from] brn
|turn|39
|
|move|p2a: Chansey|Soft-Boiled|p2a: Chansey
|-heal|p2a: Chansey|642\/642
|move|p1a: Sableye|Will-O-Wisp|p2a: Chansey
|-status|p2a: Chansey|brn
|
|-damage|p2a: Chansey|562\/642 brn|[from] brn
|-damage|p1a: Sableye|229\/303 brn|[from] brn
|turn|40
|
|switch|p2a: Venusaur|Venusaur-Mega, M|319\/364
|-damage|p2a: Venusaur|274\/364|[from] Stealth Rock
|switch|p1a: Crobat|Crobat, M|331\/331
|
|turn|41
|
|move|p1a: Crobat|Brave Bird|p2a: Venusaur
|-supereffective|p2a: Venusaur
|-damage|p2a: Venusaur|0 fnt
|-damage|p1a: Crobat|241\/331|[from] recoil|[of] p2a: Venusaur
|faint|p2a: Venusaur
|
|-heal|p1a: Crobat|261\/331|[from] item: Black Sludge
|c|âLukitomi|hurry up pls if u play stall team dont take so long for youre moves -.-
|
|switch|p2a: Skarmory|Skarmory, F|334\/334
|-damage|p2a: Skarmory|293\/334|[from] Stealth Rock
|turn|42
|
|move|p1a: Crobat|U-turn|p2a: Skarmory
|-resisted|p2a: Skarmory
|-damage|p2a: Skarmory|284\/334
|-damage|p1a: Crobat|206\/331|[from] item: Rocky Helmet|[of] p2a: Skarmory
|
|switch|p1a: Heatran|Heatran, F|323\/323
|move|p2a: Skarmory|Brave Bird|p1a: Heatran
|-resisted|p1a: Heatran
|-damage|p1a: Heatran|269\/323
|-damage|p2a: Skarmory|266\/334|[from] recoil|[of] p1a: Heatran
|
|turn|43
|
|switch|p2a: Chansey|Chansey, F|562\/642
|-damage|p2a: Chansey|482\/642|[from] Stealth Rock
|move|p1a: Heatran|Earth Power|p2a: Chansey
|-damage|p2a: Chansey|424\/642
|
|turn|44
|
|switch|p1a: Ferrothorn|Ferrothorn, M|352\/352
|move|p2a: Chansey|Soft-Boiled|p2a: Chansey
|-heal|p2a: Chansey|642\/642
|
|turn|45
|
|switch|p2a: Heatran|Heatran, M|385\/385
|-damage|p2a: Heatran|337\/385|[from] Stealth Rock
|move|p1a: Ferrothorn|Leech Seed|p2a: Heatran
|-start|p2a: Heatran|move: Leech Seed
|
|-heal|p2a: Heatran|361\/385|[from] item: Leftovers
|-damage|p2a: Heatran|313\/385|[from] Leech Seed|[of] p1a: Ferrothorn
|turn|46
|
|switch|p1a: Sableye|Sableye-Mega, F|229\/303 brn
|move|p2a: Heatran|Lava Plume|p1a: Sableye
|-damage|p1a: Sableye|156\/303 brn
|
|-heal|p2a: Heatran|337\/385|[from] item: Leftovers
|-damage|p2a: Heatran|289\/385|[from] Leech Seed|[of] p1a: Sableye
|-heal|p1a: Sableye|204\/303 brn|[silent]
|-damage|p1a: Sableye|167\/303 brn|[from] brn
|turn|47
|
|switch|p2a: Chansey|Chansey, F|642\/642
|-damage|p2a: Chansey|562\/642|[from] Stealth Rock
|move|p1a: Sableye|Recover|p1a: Sableye
|-heal|p1a: Sableye|303\/303 brn
|
|-damage|p1a: Sableye|266\/303 brn|[from] brn
|turn|48
|
|move|p2a: Chansey|Wish|p2a: Chansey
|move|p1a: Sableye|Will-O-Wisp|p2a: Chansey
|-status|p2a: Chansey|brn
|
|-damage|p2a: Chansey|482\/642 brn|[from] brn
|-damage|p1a: Sableye|229\/303 brn|[from] brn
|turn|49
|
|move|p2a: Chansey|Soft-Boiled|p2a: Chansey
|-heal|p2a: Chansey|642\/642 brn
|move|p1a: Sableye|Will-O-Wisp|p2a: Chansey
|-fail|p2a: Chansey|brn
|
|-damage|p2a: Chansey|562\/642 brn|[from] brn
|-damage|p1a: Sableye|192\/303 brn|[from] brn
|turn|50
|
|move|p2a: Chansey|Wish|p2a: Chansey
|move|p1a: Sableye|Recover|p1a: Sableye
|-heal|p1a: Sableye|303\/303 brn
|
|-damage|p2a: Chansey|482\/642 brn|[from] brn
|-damage|p1a: Sableye|266\/303 brn|[from] brn
|turn|51
|
|switch|p2a: Skarmory|Skarmory, F|266\/334
|-damage|p2a: Skarmory|225\/334|[from] Stealth Rock
|move|p1a: Sableye|Will-O-Wisp|p2a: Skarmory
|-status|p2a: Skarmory|brn
|
|-heal|p2a: Skarmory|334\/334 brn|[from] move: Wish|[wisher] Chansey
|-damage|p2a: Skarmory|293\/334 brn|[from] brn
|-damage|p1a: Sableye|229\/303 brn|[from] brn
|turn|52
|
|switch|p2a: Chansey|Chansey, F|482\/642
|-damage|p2a: Chansey|402\/642|[from] Stealth Rock
|switch|p1a: Ferrothorn|Ferrothorn, M|352\/352
|
|turn|53
|
|move|p2a: Chansey|Soft-Boiled|p2a: Chansey
|-heal|p2a: Chansey|642\/642
|move|p1a: Ferrothorn|Leech Seed|p2a: Chansey
|-start|p2a: Chansey|move: Leech Seed
|
|-damage|p2a: Chansey|562\/642|[from] Leech Seed|[of] p1a: Ferrothorn
|turn|54
|
|switch|p1a: Alakazam|Alakazam, M|252\/252
|move|p2a: Chansey|Heal Bell|p2a: Chansey
|-cureteam|p2a: Chansey|[from] move: HealBell
|
|-damage|p2a: Chansey|482\/642|[from] Leech Seed|[of] p1a: Alakazam
|turn|55
|
|move|p1a: Alakazam|Focus Blast|p2a: Chansey
|-supereffective|p2a: Chansey
|-damage|p2a: Chansey|322\/642
|move|p2a: Chansey|Soft-Boiled|p2a: Chansey
|-heal|p2a: Chansey|642\/642
|
|-damage|p2a: Chansey|562\/642|[from] Leech Seed|[of] p1a: Alakazam
|turn|56
|
|switch|p1a: Ferrothorn|Ferrothorn, M|352\/352
|move|p2a: Chansey|Wish|p2a: Chansey
|
|-damage|p2a: Chansey|482\/642|[from] Leech Seed|[of] p1a: Ferrothorn
|turn|57
|
|switch|p2a: Heatran|Heatran, M|289\/385
|-damage|p2a: Heatran|241\/385|[from] Stealth Rock
|move|p1a: Ferrothorn|Leech Seed|p2a: Heatran
|-start|p2a: Heatran|move: Leech Seed
|
|-heal|p2a: Heatran|385\/385|[from] move: Wish|[wisher] Chansey
|-damage|p2a: Heatran|337\/385|[from] Leech Seed|[of] p1a: Ferrothorn
|turn|58
|
|switch|p2a: Chansey|Chansey, F|482\/642
|-damage|p2a: Chansey|402\/642|[from] Stealth Rock
|switch|p1a: Sableye|Sableye-Mega, F|229\/303 brn
|
|-damage|p1a: Sableye|192\/303 brn|[from] brn
|turn|59
|
|move|p2a: Chansey|Soft-Boiled|p2a: Chansey
|-heal|p2a: Chansey|642\/642
|move|p1a: Sableye|Recover|p1a: Sableye
|-heal|p1a: Sableye|303\/303 brn
|
|-damage|p1a: Sableye|266\/303 brn|[from] brn
|turn|60
|
|move|p2a: Chansey|Wish|p2a: Chansey
|move|p1a: Sableye|Will-O-Wisp|p2a: Chansey
|-status|p2a: Chansey|brn
|
|-damage|p2a: Chansey|562\/642 brn|[from] brn
|-damage|p1a: Sableye|229\/303 brn|[from] brn
|turn|61
|
|switch|p2a: Heatran|Heatran, M|337\/385
|-damage|p2a: Heatran|289\/385|[from] Stealth Rock
|move|p1a: Sableye|Will-O-Wisp|p2a: Heatran
|-start|p2a: Heatran|ability: Flash Fire
|
|-heal|p2a: Heatran|385\/385|[from] move: Wish|[wisher] Chansey
|-damage|p1a: Sableye|192\/303 brn|[from] brn
|turn|62
|
|move|p2a: Heatran|Stealth Rock|p1a: Sableye
|move|p1a: Sableye|Stealth Rock|p2a: Heatran|[from]Magic Bounce
|-fail|p2a: Heatran
|move|p1a: Sableye|Recover|p1a: Sableye
|-heal|p1a: Sableye|303\/303 brn
|
|-damage|p1a: Sableye|266\/303 brn|[from] brn
|turn|63
|
|move|p2a: Heatran|Stealth Rock|p1a: Sableye
|move|p1a: Sableye|Stealth Rock|p2a: Heatran|[from]Magic Bounce
|-fail|p2a: Heatran
|move|p1a: Sableye|Foul Play|p2a: Heatran
|-damage|p2a: Heatran|346\/385
|
|-heal|p2a: Heatran|370\/385|[from] item: Leftovers
|-damage|p1a: Sableye|229\/303 brn|[from] brn
|turn|64
|
|move|p2a: Heatran|Stealth Rock|p1a: Sableye
|move|p1a: Sableye|Stealth Rock|p2a: Heatran|[from]Magic Bounce
|-fail|p2a: Heatran
|move|p1a: Sableye|Foul Play|p2a: Heatran
|-damage|p2a: Heatran|331\/385
|
|-heal|p2a: Heatran|355\/385|[from] item: Leftovers
|-damage|p1a: Sableye|192\/303 brn|[from] brn
|turn|65
|
|move|p2a: Heatran|Lava Plume|p1a: Sableye
|-damage|p1a: Sableye|84\/303 brn
|move|p1a: Sableye|Recover|p1a: Sableye
|-heal|p1a: Sableye|236\/303 brn
|
|-heal|p2a: Heatran|379\/385|[from] item: Leftovers
|-damage|p1a: Sableye|199\/303 brn|[from] brn
|turn|66
|
|move|p2a: Heatran|Stealth Rock|p1a: Sableye
|move|p1a: Sableye|Stealth Rock|p2a: Heatran|[from]Magic Bounce
|-fail|p2a: Heatran
|move|p1a: Sableye|Recover|p1a: Sableye
|-heal|p1a: Sableye|303\/303 brn
|
|-heal|p2a: Heatran|385\/385|[from] item: Leftovers
|-damage|p1a: Sableye|266\/303 brn|[from] brn
|turn|67
|
|move|p2a: Heatran|Lava Plume|p1a: Sableye
|-damage|p1a: Sableye|158\/303 brn
|move|p1a: Sableye|Foul Play|p2a: Heatran
|-damage|p2a: Heatran|345\/385
|
|-heal|p2a: Heatran|369\/385|[from] item: Leftovers
|-damage|p1a: Sableye|121\/303 brn|[from] brn
|turn|68
|
|move|p2a: Heatran|Stealth Rock|p1a: Sableye
|move|p1a: Sableye|Stealth Rock|p2a: Heatran|[from]Magic Bounce
|-fail|p2a: Heatran
|move|p1a: Sableye|Foul Play|p2a: Heatran
|-damage|p2a: Heatran|333\/385
|
|-heal|p2a: Heatran|357\/385|[from] item: Leftovers
|-damage|p1a: Sableye|84\/303 brn|[from] brn
|turn|69
|
|move|p2a: Heatran|Stealth Rock|p1a: Sableye
|move|p1a: Sableye|Stealth Rock|p2a: Heatran|[from]Magic Bounce
|-fail|p2a: Heatran
|move|p1a: Sableye|Foul Play|p2a: Heatran
|-damage|p2a: Heatran|320\/385
|
|-heal|p2a: Heatran|344\/385|[from] item: Leftovers
|-damage|p1a: Sableye|47\/303 brn|[from] brn
|turn|70
|
|move|p2a: Heatran|Lava Plume|p1a: Sableye
|-crit|p1a: Sableye
|-damage|p1a: Sableye|0 fnt
|faint|p1a: Sableye
|
|-heal|p2a: Heatran|368\/385|[from] item: Leftovers
|
|switch|p1a: Alakazam|Alakazam, M|252\/252
|turn|71
|
|move|p1a: Alakazam|Focus Blast|p2a: Heatran
|-supereffective|p2a: Heatran
|-damage|p2a: Heatran|172\/385
|move|p2a: Heatran|Lava Plume|p1a: Alakazam
|-damage|p1a: Alakazam|80\/252
|-status|p1a: Alakazam|brn
|
|-heal|p2a: Heatran|196\/385|[from] item: Leftovers
|turn|72
|
|switch|p2a: Chansey|Chansey, F|562\/642
|-damage|p2a: Chansey|482\/642|[from] Stealth Rock
|move|p1a: Alakazam|Focus Blast|p2a: Chansey
|-supereffective|p2a: Chansey
|-damage|p2a: Chansey|338\/642
|-unboost|p2a: Chansey|spd|1
|
|turn|73
|
|move|p1a: Alakazam|Focus Blast|p2a: Chansey
|-supereffective|p2a: Chansey
|-damage|p2a: Chansey|124\/642
|move|p2a: Chansey|Soft-Boiled|p2a: Chansey
|-heal|p2a: Chansey|445\/642
|
|turn|74
|
|move|p1a: Alakazam|Psyshock|p2a: Chansey
|-damage|p2a: Chansey|267\/642
|move|p2a: Chansey|Soft-Boiled|p2a: Chansey
|-heal|p2a: Chansey|588\/642
|
|turn|75
|
|move|p1a: Alakazam|Energy Ball|p2a: Chansey
|-damage|p2a: Chansey|504\/642
|move|p2a: Chansey|Soft-Boiled|p2a: Chansey
|-heal|p2a: Chansey|642\/642
|
|turn|76
|
|move|p1a: Alakazam|Energy Ball|p2a: Chansey
|-damage|p2a: Chansey|563\/642
|move|p2a: Chansey|Wish|p2a: Chansey
|
|turn|77
|
|switch|p2a: Skarmory|Skarmory, F|293\/334
|-damage|p2a: Skarmory|252\/334|[from] Stealth Rock
|move|p1a: Alakazam|Focus Blast|p2a: Skarmory
|-damage|p2a: Skarmory|55\/334
|
|-heal|p2a: Skarmory|334\/334|[from] move: Wish|[wisher] Chansey
|turn|78
|
|move|p1a: Alakazam|Focus Blast|p2a: Skarmory
|-damage|p2a: Skarmory|150\/334
|move|p2a: Skarmory|Brave Bird|p1a: Alakazam
|-damage|p1a: Alakazam|0 fnt
|-damage|p2a: Skarmory|124\/334|[from] recoil|[of] p1a: Alakazam
|faint|p1a: Alakazam
|
|
|switch|p1a: Heatran|Heatran, F|269\/323
|turn|79
|
|switch|p2a: Chansey|Chansey, F|563\/642
|-damage|p2a: Chansey|483\/642|[from] Stealth Rock
|move|p1a: Heatran|Earth Power|p2a: Chansey
|-damage|p2a: Chansey|432\/642
|
|turn|80
|
|switch|p1a: Crobat|Crobat, M|206\/331
|move|p2a: Chansey|Wish|p2a: Chansey
|
|-heal|p1a: Crobat|226\/331|[from] item: Black Sludge
|turn|81
|
|switch|p2a: Skarmory|Skarmory, F|124\/334
|-damage|p2a: Skarmory|83\/334|[from] Stealth Rock
|move|p1a: Crobat|Brave Bird|p2a: Skarmory
|-resisted|p2a: Skarmory
|-damage|p2a: Skarmory|37\/334
|-damage|p1a: Crobat|171\/331|[from] item: Rocky Helmet|[of] p2a: Skarmory
|-damage|p1a: Crobat|156\/331|[from] recoil|[of] p2a: Skarmory
|
|-heal|p2a: Skarmory|334\/334|[from] move: Wish|[wisher] Chansey
|-heal|p1a: Crobat|176\/331|[from] item: Black Sludge
|turn|82
|
|move|p1a: Crobat|Roost|p1a: Crobat
|-heal|p1a: Crobat|331\/331
|move|p2a: Skarmory|Defog|p1a: Crobat
|-unboost|p1a: Crobat|evasion|1
|-sideend|p2: polo1|Stealth Rock|[from] move: Defog|[of] p2a: Skarmory
|
|turn|83
|
|switch|p1a: Ferrothorn|Ferrothorn, M|352\/352
|move|p2a: Skarmory|Taunt|p1a: Ferrothorn
|-start|p1a: Ferrothorn|move: Taunt
|
|turn|84
|
|switch|p2a: Heatran|Heatran, M|196\/385
|switch|p1a: Heatran|Heatran, F|269\/323
|
|-heal|p2a: Heatran|220\/385|[from] item: Leftovers
|turn|85
|
|switch|p2a: Chansey|Chansey, F|432\/642
|move|p1a: Heatran|Earth Power|p2a: Chansey
|-damage|p2a: Chansey|375\/642
|
|turn|86
|leave|MetaForce
|
|switch|p1a: Crobat|Crobat, M|331\/331
|move|p2a: Chansey|Soft-Boiled|p2a: Chansey
|-heal|p2a: Chansey|642\/642
|
|turn|87
|
|switch|p2a: Skarmory|Skarmory, F|334\/334
|move|p1a: Crobat|U-turn|p2a: Skarmory
|-resisted|p2a: Skarmory
|-damage|p2a: Skarmory|325\/334
|-damage|p1a: Crobat|276\/331|[from] item: Rocky Helmet|[of] p2a: Skarmory
|
|switch|p1a: Heatran|Heatran, F|269\/323
|
|turn|88
|
|switch|p2a: Chansey|Chansey, F|642\/642
|move|p1a: Heatran|Fire Blast|p2a: Chansey
|-damage|p2a: Chansey|546\/642
|
|turn|89
|
|switch|p1a: Ferrothorn|Ferrothorn, M|352\/352
|move|p2a: Chansey|Wish|p2a: Chansey
|
|turn|90
|
|switch|p2a: Heatran|Heatran, M|220\/385
|move|p1a: Ferrothorn|Leech Seed|p2a: Heatran
|-start|p2a: Heatran|move: Leech Seed
|
|-heal|p2a: Heatran|385\/385|[from] move: Wish|[wisher] Chansey
|-damage|p2a: Heatran|337\/385|[from] Leech Seed|[of] p1a: Ferrothorn
|turn|91
|
|move|p1a: Ferrothorn|Protect|p1a: Ferrothorn
|-singleturn|p1a: Ferrothorn|Protect
|move|p2a: Heatran|Stealth Rock|p1a: Ferrothorn
|-sidestart|p1: Lukitomi|move: Stealth Rock
|
|-heal|p2a: Heatran|361\/385|[from] item: Leftovers
|-damage|p2a: Heatran|313\/385|[from] Leech Seed|[of] p1a: Ferrothorn
|turn|92
|
|move|p1a: Ferrothorn|Stealth Rock|p2a: Heatran
|-sidestart|p2: polo1|move: Stealth Rock
|move|p2a: Heatran|Roar|p1a: Ferrothorn
|drag|p1a: Crobat|Crobat, M|276\/331
|-damage|p1a: Crobat|194\/331|[from] Stealth Rock
|
|-heal|p1a: Crobat|214\/331|[from] item: Black Sludge
|-heal|p2a: Heatran|337\/385|[from] item: Leftovers
|-damage|p2a: Heatran|289\/385|[from] Leech Seed|[of] p1a: Crobat
|-heal|p1a: Crobat|262\/331|[silent]
|turn|93
|
|switch|p2a: Skarmory|Skarmory, F|325\/334
|-damage|p2a: Skarmory|284\/334|[from] Stealth Rock
|move|p1a: Crobat|U-turn|p2a: Skarmory
|-resisted|p2a: Skarmory
|-damage|p2a: Skarmory|275\/334
|-damage|p1a: Crobat|207\/331|[from] item: Rocky Helmet|[of] p2a: Skarmory
|
|switch|p1a: Heatran|Heatran, F|269\/323
|-damage|p1a: Heatran|229\/323|[from] Stealth Rock
|
|turn|94
|
|switch|p2a: Chansey|Chansey, F|546\/642
|-damage|p2a: Chansey|466\/642|[from] Stealth Rock
|move|p1a: Heatran|Fire Blast|p2a: Chansey
|-damage|p2a: Chansey|366\/642
|
|turn|95
|
|switch|p1a: Ferrothorn|Ferrothorn, M|352\/352
|-damage|p1a: Ferrothorn|330\/352|[from] Stealth Rock
|move|p2a: Chansey|Wish|p2a: Chansey
|
|-heal|p1a: Ferrothorn|352\/352|[from] item: Leftovers
|turn|96
|
|move|p2a: Chansey|Toxic|p1a: Ferrothorn
|-fail|p1a: Ferrothorn
|move|p1a: Ferrothorn|Leech Seed|p2a: Chansey
|-start|p2a: Chansey|move: Leech Seed
|
|-heal|p2a: Chansey|642\/642|[from] move: Wish|[wisher] Chansey
|-damage|p2a: Chansey|562\/642|[from] Leech Seed|[of] p1a: Ferrothorn
|turn|97
|
|switch|p2a: Heatran|Heatran, M|289\/385
|-damage|p2a: Heatran|241\/385|[from] Stealth Rock
|move|p1a: Ferrothorn|Leech Seed|p2a: Heatran
|-start|p2a: Heatran|move: Leech Seed
|
|-heal|p2a: Heatran|265\/385|[from] item: Leftovers
|-damage|p2a: Heatran|217\/385|[from] Leech Seed|[of] p1a: Ferrothorn
|turn|98
|
|move|p1a: Ferrothorn|Protect|p1a: Ferrothorn
|-singleturn|p1a: Ferrothorn|Protect
|move|p2a: Heatran|Lava Plume|p1a: Ferrothorn
|-activate|p1a: Ferrothorn|Protect
|
|-heal|p2a: Heatran|241\/385|[from] item: Leftovers
|-damage|p2a: Heatran|193\/385|[from] Leech Seed|[of] p1a: Ferrothorn
|turn|99
|
|move|p1a: Ferrothorn|Gyro Ball|p2a: Heatran
|-resisted|p2a: Heatran
|-damage|p2a: Heatran|158\/385
|move|p2a: Heatran|Roar|p1a: Ferrothorn
|drag|p1a: Crobat|Crobat, M|207\/331
|-damage|p1a: Crobat|125\/331|[from] Stealth Rock
|
|-heal|p1a: Crobat|145\/331|[from] item: Black Sludge
|-heal|p2a: Heatran|182\/385|[from] item: Leftovers
|-damage|p2a: Heatran|134\/385|[from] Leech Seed|[of] p1a: Crobat
|-heal|p1a: Crobat|193\/331|[silent]
|turn|100
|
|switch|p2a: Skarmory|Skarmory, F|275\/334
|-damage|p2a: Skarmory|234\/334|[from] Stealth Rock
|move|p1a: Crobat|Brave Bird|p2a: Skarmory
|-resisted|p2a: Skarmory
|-damage|p2a: Skarmory|188\/334
|-damage|p1a: Crobat|138\/331|[from] item: Rocky Helmet|[of] p2a: Skarmory
|-damage|p1a: Crobat|123\/331|[from] recoil|[of] p2a: Skarmory
|
|-heal|p1a: Crobat|143\/331|[from] item: Black Sludge
|turn|101
|
|move|p1a: Crobat|Roost|p1a: Crobat
|-heal|p1a: Crobat|309\/331
|move|p2a: Skarmory|Roost|p2a: Skarmory
|-heal|p2a: Skarmory|334\/334
|
|-heal|p1a: Crobat|329\/331|[from] item: Black Sludge
|turn|102
|
|move|p1a: Crobat|U-turn|p2a: Skarmory
|-resisted|p2a: Skarmory
|-damage|p2a: Skarmory|324\/334
|-damage|p1a: Crobat|274\/331|[from] item: Rocky Helmet|[of] p2a: Skarmory
|
|switch|p1a: Ferrothorn|Ferrothorn, M|352\/352
|-damage|p1a: Ferrothorn|330\/352|[from] Stealth Rock
|move|p2a: Skarmory|Taunt|p1a: Ferrothorn
|-start|p1a: Ferrothorn|move: Taunt
|
|-heal|p1a: Ferrothorn|352\/352|[from] item: Leftovers
|turn|103
|
|switch|p2a: Chansey|Chansey, F|562\/642
|-damage|p2a: Chansey|482\/642|[from] Stealth Rock
|move|p1a: Ferrothorn|Gyro Ball|p2a: Chansey
|-crit|p2a: Chansey
|-damage|p2a: Chansey|295\/642
|
|turn|104
|
|switch|p1a: Crobat|Crobat, M|274\/331
|-damage|p1a: Crobat|192\/331|[from] Stealth Rock
|move|p2a: Chansey|Soft-Boiled|p2a: Chansey
|-heal|p2a: Chansey|616\/642
|
|-heal|p1a: Crobat|212\/331|[from] item: Black Sludge
|turn|105
|
|switch|p2a: Skarmory|Skarmory, F|324\/334
|-damage|p2a: Skarmory|283\/334|[from] Stealth Rock
|move|p1a: Crobat|Roost|p1a: Crobat
|-heal|p1a: Crobat|331\/331
|
|turn|106
|
|move|p1a: Crobat|Brave Bird|p2a: Skarmory
|-resisted|p2a: Skarmory
|-damage|p2a: Skarmory|234\/334
|-damage|p1a: Crobat|276\/331|[from] item: Rocky Helmet|[of] p2a: Skarmory
|-damage|p1a: Crobat|260\/331|[from] recoil|[of] p2a: Skarmory
|move|p2a: Skarmory|Brave Bird|p1a: Crobat
|-damage|p1a: Crobat|113\/331
|-damage|p2a: Skarmory|185\/334|[from] recoil|[of] p1a: Crobat
|
|-heal|p1a: Crobat|133\/331|[from] item: Black Sludge
|turn|107
|
|move|p1a: Crobat|Roost|p1a: Crobat
|-heal|p1a: Crobat|299\/331
|move|p2a: Skarmory|Roost|p2a: Skarmory
|-heal|p2a: Skarmory|334\/334
|
|-heal|p1a: Crobat|319\/331|[from] item: Black Sludge
|turn|108
|join|Fireblast9
|c|âpolo1|are you trying me to leave being so slow moving?
|
|move|p1a: Crobat|Brave Bird|p2a: Skarmory
|-resisted|p2a: Skarmory
|-damage|p2a: Skarmory|283\/334
|-damage|p1a: Crobat|264\/331|[from] item: Rocky Helmet|[of] p2a: Skarmory
|-damage|p1a: Crobat|247\/331|[from] recoil|[of] p2a: Skarmory
|move|p2a: Skarmory|Taunt|p1a: Crobat
|-start|p1a: Crobat|move: Taunt
|
|-heal|p1a: Crobat|267\/331|[from] item: Black Sludge
|turn|109
|c|âpolo1|you're not the first trying that :D
|
|switch|p1a: Heatran|Heatran, F|229\/323
|-damage|p1a: Heatran|189\/323|[from] Stealth Rock
|move|p2a: Skarmory|Brave Bird|p1a: Heatran
|-resisted|p1a: Heatran
|-damage|p1a: Heatran|129\/323
|-damage|p2a: Skarmory|263\/334|[from] recoil|[of] p1a: Heatran
|
|turn|110
|
|switch|p2a: Chansey|Chansey, F|616\/642
|-damage|p2a: Chansey|536\/642|[from] Stealth Rock
|move|p1a: Heatran|Fire Blast|p2a: Chansey
|-damage|p2a: Chansey|427\/642
|
|turn|111
|
|switch|p1a: Ferrothorn|Ferrothorn, M|352\/352
|-damage|p1a: Ferrothorn|330\/352|[from] Stealth Rock
|move|p2a: Chansey|Wish|p2a: Chansey
|
|-heal|p1a: Ferrothorn|352\/352|[from] item: Leftovers
|turn|112
|
|switch|p2a: Heatran|Heatran, M|134\/385
|-damage|p2a: Heatran|86\/385|[from] Stealth Rock
|move|p1a: Ferrothorn|Leech Seed|p2a: Heatran|[miss]
|-miss|p1a: Ferrothorn|p2a: Heatran
|
|-heal|p2a: Heatran|385\/385|[from] move: Wish|[wisher] Chansey
|turn|113
|
|move|p1a: Ferrothorn|Leech Seed|p2a: Heatran
|-start|p2a: Heatran|move: Leech Seed
|move|p2a: Heatran|Roar|p1a: Ferrothorn
|drag|p1a: Crobat|Crobat, M|267\/331
|-damage|p1a: Crobat|185\/331|[from] Stealth Rock
|
|-heal|p1a: Crobat|205\/331|[from] item: Black Sludge
|-damage|p2a: Heatran|337\/385|[from] Leech Seed|[of] p1a: Crobat
|-heal|p1a: Crobat|253\/331|[silent]
|turn|114
|
|switch|p2a: Skarmory|Skarmory, F|263\/334
|-damage|p2a: Skarmory|222\/334|[from] Stealth Rock
|move|p1a: Crobat|Brave Bird|p2a: Skarmory
|-resisted|p2a: Skarmory
|-damage|p2a: Skarmory|177\/334
|-damage|p1a: Crobat|198\/331|[from] item: Rocky Helmet|[of] p2a: Skarmory
|-damage|p1a: Crobat|183\/331|[from] recoil|[of] p2a: Skarmory
|
|-heal|p1a: Crobat|203\/331|[from] item: Black Sludge
|turn|115
|
|move|p1a: Crobat|Roost|p1a: Crobat
|-heal|p1a: Crobat|331\/331
|move|p2a: Skarmory|Roost|p2a: Skarmory
|-heal|p2a: Skarmory|334\/334
|
|turn|116
|
|move|p1a: Crobat|U-turn|p2a: Skarmory
|-resisted|p2a: Skarmory
|-damage|p2a: Skarmory|324\/334
|-damage|p1a: Crobat|276\/331|[from] item: Rocky Helmet|[of] p2a: Skarmory
|
|switch|p1a: Heatran|Heatran, F|129\/323
|-damage|p1a: Heatran|89\/323|[from] Stealth Rock
|move|p2a: Skarmory|Taunt|p1a: Heatran
|-start|p1a: Heatran|move: Taunt
|
|turn|117
|
|switch|p2a: Chansey|Chansey, F|427\/642
|-damage|p2a: Chansey|347\/642|[from] Stealth Rock
|move|p1a: Heatran|Earth Power|p2a: Chansey
|-damage|p2a: Chansey|290\/642
|
|turn|118
|
|switch|p1a: Ferrothorn|Ferrothorn, M|352\/352
|-damage|p1a: Ferrothorn|330\/352|[from] Stealth Rock
|move|p2a: Chansey|Soft-Boiled|p2a: Chansey
|-heal|p2a: Chansey|611\/642
|
|-heal|p1a: Ferrothorn|352\/352|[from] item: Leftovers
|turn|119
|
|switch|p2a: Heatran|Heatran, M|337\/385
|-damage|p2a: Heatran|289\/385|[from] Stealth Rock
|move|p1a: Ferrothorn|Leech Seed|p2a: Heatran
|-start|p2a: Heatran|move: Leech Seed
|
|-heal|p2a: Heatran|313\/385|[from] item: Leftovers
|-damage|p2a: Heatran|265\/385|[from] Leech Seed|[of] p1a: Ferrothorn
|turn|120
|
|switch|p2a: Skarmory|Skarmory, F|324\/334
|-damage|p2a: Skarmory|283\/334|[from] Stealth Rock
|move|p1a: Ferrothorn|Protect|p1a: Ferrothorn
|-fail|p1a: Ferrothorn
|
|turn|121
|
|move|p2a: Skarmory|Taunt|p1a: Ferrothorn
|-start|p1a: Ferrothorn|move: Taunt
|cant|p1a: Ferrothorn|move: Taunt|Leech Seed
|
|turn|122
|
|switch|p1a: Crobat|Crobat, M|276\/331
|-damage|p1a: Crobat|194\/331|[from] Stealth Rock
|move|p2a: Skarmory|Brave Bird|p1a: Crobat
|-crit|p1a: Crobat
|-damage|p1a: Crobat|0 fnt
|-damage|p2a: Skarmory|219\/334|[from] recoil|[of] p1a: Crobat
|faint|p1a: Crobat
|
|
|switch|p1a: Thundurus|Thundurus, M|115\/299 tox
|-damage|p1a: Thundurus|41\/299 tox|[from] Stealth Rock
|turn|123
|
|switch|p2a: Quagsire|Quagsire, F|370\/394
|-damage|p2a: Quagsire|346\/394|[from] Stealth Rock
|move|p1a: Thundurus|Superpower|p2a: Quagsire
|-damage|p2a: Quagsire|228\/394
|-unboost|p1a: Thundurus|atk|1
|-unboost|p1a: Thundurus|def|1
|-damage|p1a: Thundurus|12\/299 tox|[from] item: Life Orb
|
|-damage|p1a: Thundurus|0 fnt|[from] psn
|faint|p1a: Thundurus
|c|âLukitomi|you dont really have a real life right?
|
|switch|p1a: Ferrothorn|Ferrothorn, M|352\/352
|-damage|p1a: Ferrothorn|330\/352|[from] Stealth Rock
|turn|124
|c|âpolo1|hahaha
|c|âpolo1|i love ragers like you
|c|âLukitomi|im not raging lol
|
|switch|p2a: Skarmory|Skarmory, F|219\/334
|-damage|p2a: Skarmory|178\/334|[from] Stealth Rock
|move|p1a: Ferrothorn|Leech Seed|p2a: Skarmory
|-start|p2a: Skarmory|move: Leech Seed
|
|-heal|p1a: Ferrothorn|352\/352|[from] item: Leftovers
|-damage|p2a: Skarmory|137\/334|[from] Leech Seed|[of] p1a: Ferrothorn
|turn|125
|c|âLukitomi|it was just a question
|c|âpolo1|then you are a rat kid
|c|âpolo1|hahaha
|
|move|p2a: Skarmory|Roost|p2a: Skarmory
|-heal|p2a: Skarmory|304\/334
|move|p1a: Ferrothorn|Gyro Ball|p2a: Skarmory
|-resisted|p2a: Skarmory
|-damage|p2a: Skarmory|272\/334
|-damage|p1a: Ferrothorn|294\/352|[from] item: Rocky Helmet|[of] p2a: Skarmory
|
|-heal|p1a: Ferrothorn|316\/352|[from] item: Leftovers
|-damage|p2a: Skarmory|231\/334|[from] Leech Seed|[of] p1a: Ferrothorn
|-heal|p1a: Ferrothorn|352\/352|[silent]
|turn|126
|
|move|p2a: Skarmory|Taunt|p1a: Ferrothorn
|-start|p1a: Ferrothorn|move: Taunt
|cant|p1a: Ferrothorn|move: Taunt|Leech Seed
|
|-damage|p2a: Skarmory|190\/334|[from] Leech Seed|[of] p1a: Ferrothorn
|turn|127
|
|switch|p2a: Heatran|Heatran, M|265\/385
|-damage|p2a: Heatran|217\/385|[from] Stealth Rock
|move|p1a: Ferrothorn|Gyro Ball|p2a: Heatran
|-resisted|p2a: Heatran
|-damage|p2a: Heatran|181\/385
|
|-heal|p2a: Heatran|205\/385|[from] item: Leftovers
|turn|128
|
|switch|p1a: Heatran|Heatran, F|89\/323
|-damage|p1a: Heatran|49\/323|[from] Stealth Rock
|move|p2a: Heatran|Roar|p1a: Heatran
|drag|p1a: Ferrothorn|Ferrothorn, M|352\/352
|-damage|p1a: Ferrothorn|330\/352|[from] Stealth Rock
|
|-heal|p2a: Heatran|229\/385|[from] item: Leftovers
|-heal|p1a: Ferrothorn|352\/352|[from] item: Leftovers
|turn|129
|
|switch|p2a: Chansey|Chansey, F|611\/642
|-damage|p2a: Chansey|531\/642|[from] Stealth Rock
|switch|p1a: Heatran|Heatran, F|49\/323
|-damage|p1a: Heatran|9\/323|[from] Stealth Rock
|
|turn|130
|
|move|p1a: Heatran|Earth Power|p2a: Chansey
|-damage|p2a: Chansey|477\/642
|-unboost|p2a: Chansey|spd|1
|move|p2a: Chansey|Wish|p2a: Chansey
|
|turn|131
|
|switch|p2a: Quagsire|Quagsire, F|228\/394
|-damage|p2a: Quagsire|204\/394|[from] Stealth Rock
|move|p1a: Heatran|Earth Power|p2a: Quagsire
|-damage|p2a: Quagsire|50\/394
|
|-heal|p2a: Quagsire|371\/394|[from] move: Wish|[wisher] Chansey
|turn|132
|c|âLukitomi|no but seriously do you have fun spending like 30 - 40 min of youre life every battle ?
|c|âLukitomi|just for like 10 points?!
|
|move|p1a: Heatran|Earth Power|p2a: Quagsire
|-damage|p2a: Quagsire|217\/394
|move|p2a: Quagsire|Scald|p1a: Heatran
|-supereffective|p1a: Heatran
|-damage|p1a: Heatran|0 fnt
|faint|p1a: Heatran
|
|c|âpolo1|yep
|c|âLukitomi|kk then you answered my question that you dont have a rl ty D:
|c| Fireblast9|i mean, everyone plays as they like, we're nobody to judge
|c|âLukitomi|:D
|
|switch|p1a: Ferrothorn|Ferrothorn, M|352\/352
|-damage|p1a: Ferrothorn|330\/352|[from] Stealth Rock
|turn|133
|
|switch|p2a: Skarmory|Skarmory, F|190\/334
|-damage|p2a: Skarmory|149\/334|[from] Stealth Rock
|move|p1a: Ferrothorn|Leech Seed|p2a: Skarmory
|-start|p2a: Skarmory|move: Leech Seed
|
|-heal|p1a: Ferrothorn|352\/352|[from] item: Leftovers
|-damage|p2a: Skarmory|108\/334|[from] Leech Seed|[of] p1a: Ferrothorn
|turn|134
|
|move|p2a: Skarmory|Roost|p2a: Skarmory
|-heal|p2a: Skarmory|275\/334
|move|p1a: Ferrothorn|Gyro Ball|p2a: Skarmory
|-resisted|p2a: Skarmory
|-damage|p2a: Skarmory|243\/334
|-damage|p1a: Ferrothorn|294\/352|[from] item: Rocky Helmet|[of] p2a: Skarmory
|
|-heal|p1a: Ferrothorn|316\/352|[from] item: Leftovers
|-damage|p2a: Skarmory|202\/334|[from] Leech Seed|[of] p1a: Ferrothorn
|-heal|p1a: Ferrothorn|352\/352|[silent]
|turn|135
|
|move|p1a: Ferrothorn|Protect|p1a: Ferrothorn
|-singleturn|p1a: Ferrothorn|Protect
|move|p2a: Skarmory|Roost|p2a: Skarmory
|-heal|p2a: Skarmory|334\/334
|
|-damage|p2a: Skarmory|293\/334|[from] Leech Seed|[of] p1a: Ferrothorn
|turn|136
|
|move|p2a: Skarmory|Taunt|p1a: Ferrothorn
|-start|p1a: Ferrothorn|move: Taunt
|move|p1a: Ferrothorn|Gyro Ball|p2a: Skarmory
|-resisted|p2a: Skarmory
|-damage|p2a: Skarmory|259\/334
|-damage|p1a: Ferrothorn|294\/352|[from] item: Rocky Helmet|[of] p2a: Skarmory
|
|-heal|p1a: Ferrothorn|316\/352|[from] item: Leftovers
|-damage|p2a: Skarmory|218\/334|[from] Leech Seed|[of] p1a: Ferrothorn
|-heal|p1a: Ferrothorn|352\/352|[silent]
|turn|137
|
|switch|p2a: Heatran|Heatran, M|229\/385
|-damage|p2a: Heatran|181\/385|[from] Stealth Rock
|move|p1a: Ferrothorn|Gyro Ball|p2a: Heatran
|-resisted|p2a: Heatran
|-damage|p2a: Heatran|148\/385
|
|-heal|p2a: Heatran|172\/385|[from] item: Leftovers
|turn|138
|
|move|p2a: Heatran|Lava Plume|p1a: Ferrothorn
|-supereffective|p1a: Ferrothorn
|-damage|p1a: Ferrothorn|0 fnt
|faint|p1a: Ferrothorn
|
|win|polo1
|raw|Ladder updating...
|raw|Lukitomi's rating: 1635 &rarr; <strong>1611<\/strong><br \/>(-24 for losing)
|raw|polo1's rating: 1552 &rarr; <strong>1577<\/strong><br \/>(+25 for winning)
|c|âLukitomi|gg
|c|âpolo1|gg