|join|lukitomi
|join|order 66
|player|p1|lukitomi|102
|player|p2|order 66|169
|gametype|singles
|gen|6
|tier|OU
|rated
|clearpoke
|poke|p1|Garchomp, F
|poke|p1|Landorus-Therian, M
|poke|p1|Thundurus, M
|poke|p1|Metagross
|poke|p1|Rotom-Wash
|poke|p1|Keldeo-Resolute
|poke|p2|Breloom, F
|poke|p2|Volcarona, F
|poke|p2|Slowbro, M
|poke|p2|Diancie
|poke|p2|Landorus-Therian, M
|poke|p2|Zapdos
|rule|Swagger Clause: Swagger is banned
|rule|Baton Pass Clause: Limit one PokÃ©mon knowing Baton Pass
|rule|Sleep Clause Mod: Limit one foe put to sleep
|rule|Species Clause: Limit one of each PokÃ©mon
|rule|OHKO Clause: OHKO moves are banned
|rule|Moody Clause: Moody is banned
|rule|Evasion Moves Clause: Evasion moves are banned
|rule|Endless Battle Clause: Forcing endless battles is banned
|rule|HP Percentage Mod: HP is shown in percentages
|teampreview
|c|âorder 66|gl hf
|
|start
|switch|p1a: Garchomp|Garchomp, F|419\/419
|switch|p2a: Zapdos|Zapdos|384\/384
|-ability|p2a: Zapdos|Pressure
|turn|1
|
|switch|p2a: Slowbro|Slowbro, M|394\/394
|move|p1a: Garchomp|Stealth Rock|p2a: Slowbro
|-sidestart|p2: order 66|move: Stealth Rock
|
|turn|2
|
|switch|p1a: Rotom-Wash|Rotom-Wash|303\/303
|move|p2a: Slowbro|Scald|p1a: Rotom-Wash
|-resisted|p1a: Rotom-Wash
|-damage|p1a: Rotom-Wash|270\/303
|
|-heal|p1a: Rotom-Wash|288\/303|[from] item: Leftovers
|turn|3
|
|move|p1a: Rotom-Wash|Hydro Pump|p2a: Slowbro
|-resisted|p2a: Slowbro
|-damage|p2a: Slowbro|317\/394
|move|p2a: Slowbro|Toxic|p1a: Rotom-Wash
|-status|p1a: Rotom-Wash|tox
|
|-heal|p1a: Rotom-Wash|303\/303 tox|[from] item: Leftovers
|-heal|p2a: Slowbro|341\/394|[from] item: Leftovers
|-damage|p1a: Rotom-Wash|285\/303 tox|[from] psn
|turn|4
|
|move|p1a: Rotom-Wash|Volt Switch|p2a: Slowbro
|-supereffective|p2a: Slowbro
|-damage|p2a: Slowbro|143\/394
|
|switch|p1a: Keldeo-Resolute|Keldeo-Resolute|323\/323
|move|p2a: Slowbro|Slack Off|p2a: Slowbro
|-heal|p2a: Slowbro|340\/394
|
|-heal|p2a: Slowbro|364\/394|[from] item: Leftovers
|turn|5
|
|move|p1a: Keldeo-Resolute|Hidden Power|p2a: Slowbro
|-supereffective|p2a: Slowbro
|-damage|p2a: Slowbro|133\/394
|-damage|p1a: Keldeo-Resolute|291\/323|[from] item: Life Orb
|move|p2a: Slowbro|Psyshock|p1a: Keldeo-Resolute
|-supereffective|p1a: Keldeo-Resolute
|-damage|p1a: Keldeo-Resolute|79\/323
|
|-heal|p2a: Slowbro|157\/394|[from] item: Leftovers
|turn|6
|
|switch|p2a: Landorus-Therian|Landorus-Therian, M|319\/319
|-damage|p2a: Landorus-Therian|280\/319|[from] Stealth Rock
|-ability|p2a: Landorus-Therian|Intimidate|[of] p1a: Keldeo-Resolute
|-unboost|p1a: Keldeo-Resolute|atk|1
|move|p1a: Keldeo-Resolute|Hidden Power|p2a: Landorus-Therian
|-immune|p2a: Landorus-Therian|[msg]
|
|turn|7
|
|switch|p1a: Garchomp|Garchomp, F|419\/419
|move|p2a: Landorus-Therian|Earthquake|p1a: Garchomp
|-crit|p1a: Garchomp
|-damage|p1a: Garchomp|190\/419
|
|turn|8
|
|move|p2a: Landorus-Therian|Earthquake|p1a: Garchomp
|-damage|p1a: Garchomp|45\/419
|move|p1a: Garchomp|Dragon Claw|p2a: Landorus-Therian
|-damage|p2a: Landorus-Therian|157\/319
|
|turn|9
|
|switch|p1a: Thundurus|Thundurus, M|299\/299
|move|p2a: Landorus-Therian|Earthquake|p1a: Thundurus
|-immune|p1a: Thundurus|[msg]
|
|turn|10
|
|switch|p2a: Diancie|Diancie|303\/303
|-damage|p2a: Diancie|266\/303|[from] Stealth Rock
|move|p1a: Thundurus|Knock Off|p2a: Diancie
|-resisted|p2a: Diancie
|-damage|p2a: Diancie|242\/303
|
|turn|11
|
|switch|p1a: Landorus-Therian|Landorus-Therian, M|319\/319
|-ability|p1a: Landorus-Therian|Intimidate|[of] p2a: Diancie
|-fail|p2a: Diancie|unboost|[from] ability: Clear Body|[of] p2a: Diancie
|detailschange|p2a: Diancie|Diancie-Mega
|-mega|p2a: Diancie|Diancie|Diancite
|move|p2a: Diancie|Stealth Rock|p1a: Landorus-Therian
|-sidestart|p1: lukitomi|move: Stealth Rock
|
|turn|12
|
|switch|p2a: Landorus-Therian|Landorus-Therian, M|157\/319
|-damage|p2a: Landorus-Therian|118\/319|[from] Stealth Rock
|-ability|p2a: Landorus-Therian|Intimidate|[of] p1a: Landorus-Therian
|-unboost|p1a: Landorus-Therian|atk|1
|move|p1a: Landorus-Therian|U-turn|p2a: Landorus-Therian
|-resisted|p2a: Landorus-Therian
|-damage|p2a: Landorus-Therian|83\/319
|
|switch|p1a: Garchomp|Garchomp, F|45\/419
|-damage|p1a: Garchomp|19\/419|[from] Stealth Rock
|
|turn|13
|
|move|p2a: Landorus-Therian|Earthquake|p1a: Garchomp
|-damage|p1a: Garchomp|0 fnt
|faint|p1a: Garchomp
|
|
|switch|p1a: Rotom-Wash|Rotom-Wash|285\/303 tox
|-damage|p1a: Rotom-Wash|248\/303 tox|[from] Stealth Rock
|turn|14
|
|move|p2a: Landorus-Therian|Earthquake|p1a: Rotom-Wash
|-immune|p1a: Rotom-Wash|[msg]
|move|p1a: Rotom-Wash|Hydro Pump|p2a: Landorus-Therian
|-supereffective|p2a: Landorus-Therian
|-damage|p2a: Landorus-Therian|0 fnt
|faint|p2a: Landorus-Therian
|
|-heal|p1a: Rotom-Wash|266\/303 tox|[from] item: Leftovers
|-damage|p1a: Rotom-Wash|248\/303 tox|[from] psn
|
|switch|p2a: Zapdos|Zapdos|384\/384
|-damage|p2a: Zapdos|288\/384|[from] Stealth Rock
|-ability|p2a: Zapdos|Pressure
|turn|15
|
|move|p2a: Zapdos|Defog|p1a: Rotom-Wash
|-unboost|p1a: Rotom-Wash|evasion|1
|-sideend|p1: lukitomi|Stealth Rock|[from] move: Defog|[of] p1a: Rotom-Wash
|-sideend|p2: order 66|Stealth Rock|[from] move: Defog|[of] p2a: Zapdos
|move|p1a: Rotom-Wash|Volt Switch|p2a: Zapdos
|-damage|p2a: Zapdos|192\/384
|
|switch|p1a: Keldeo-Resolute|Keldeo-Resolute|79\/323
|
|-heal|p2a: Zapdos|216\/384|[from] item: Leftovers
|turn|16
|
|move|p1a: Keldeo-Resolute|Icy Wind|p2a: Zapdos
|-supereffective|p2a: Zapdos
|-damage|p2a: Zapdos|18\/384
|-unboost|p2a: Zapdos|spe|1
|-damage|p1a: Keldeo-Resolute|47\/323|[from] item: Life Orb
|move|p2a: Zapdos|Thunderbolt|p1a: Keldeo-Resolute
|-supereffective|p1a: Keldeo-Resolute
|-damage|p1a: Keldeo-Resolute|0 fnt
|faint|p1a: Keldeo-Resolute
|
|-heal|p2a: Zapdos|42\/384|[from] item: Leftovers
|
|switch|p1a: Metagross|Metagross|301\/301
|turn|17
|
|detailschange|p1a: Metagross|Metagross-Mega
|-mega|p1a: Metagross|Metagross|Metagrossite
|move|p1a: Metagross|Iron Head|p2a: Zapdos
|-resisted|p2a: Zapdos
|-damage|p2a: Zapdos|0 fnt
|faint|p2a: Zapdos
|
|
|switch|p2a: Slowbro|Slowbro, M|288\/394
|turn|18
|
|switch|p1a: Rotom-Wash|Rotom-Wash|248\/303 tox
|move|p2a: Slowbro|Scald|p1a: Rotom-Wash
|-resisted|p1a: Rotom-Wash
|-damage|p1a: Rotom-Wash|216\/303 tox
|
|-heal|p1a: Rotom-Wash|234\/303 tox|[from] item: Leftovers
|-heal|p2a: Slowbro|312\/394|[from] item: Leftovers
|-damage|p1a: Rotom-Wash|216\/303 tox|[from] psn
|turn|19
|
|move|p1a: Rotom-Wash|Volt Switch|p2a: Slowbro
|-supereffective|p2a: Slowbro
|-damage|p2a: Slowbro|102\/394
|
|switch|p1a: Thundurus|Thundurus, M|299\/299
|move|p2a: Slowbro|Slack Off|p2a: Slowbro
|-heal|p2a: Slowbro|299\/394
|
|-heal|p2a: Slowbro|323\/394|[from] item: Leftovers
|turn|20
|
|switch|p2a: Diancie|Diancie-Mega|242\/303
|move|p1a: Thundurus|Thunderbolt|p2a: Diancie
|-damage|p2a: Diancie|149\/303
|
|turn|21
|
|switch|p1a: Rotom-Wash|Rotom-Wash|216\/303 tox
|move|p2a: Diancie|Stealth Rock|p1a: Rotom-Wash
|-sidestart|p1: lukitomi|move: Stealth Rock
|
|-heal|p1a: Rotom-Wash|234\/303 tox|[from] item: Leftovers
|-damage|p1a: Rotom-Wash|216\/303 tox|[from] psn
|turn|22
|
|move|p2a: Diancie|Moonblast|p1a: Rotom-Wash
|-damage|p1a: Rotom-Wash|90\/303 tox
|move|p1a: Rotom-Wash|Hydro Pump|p2a: Diancie
|-supereffective|p2a: Diancie
|-damage|p2a: Diancie|0 fnt
|faint|p2a: Diancie
|
|-heal|p1a: Rotom-Wash|108\/303 tox|[from] item: Leftovers
|-damage|p1a: Rotom-Wash|72\/303 tox|[from] psn
|
|switch|p2a: Breloom|Breloom, F|261\/261
|turn|23
|
|move|p2a: Breloom|Mach Punch|p1a: Rotom-Wash
|-damage|p1a: Rotom-Wash|0 fnt
|faint|p1a: Rotom-Wash
|
|
|switch|p1a: Metagross|Metagross-Mega|301\/301
|-damage|p1a: Metagross|283\/301|[from] Stealth Rock
|turn|24
|
|switch|p2a: Slowbro|Slowbro, M|394\/394
|move|p1a: Metagross|Ice Punch|p2a: Slowbro
|-crit|p2a: Slowbro
|-resisted|p2a: Slowbro
|-damage|p2a: Slowbro|328\/394
|
|-heal|p2a: Slowbro|352\/394|[from] item: Leftovers
|turn|25
|
|switch|p1a: Thundurus|Thundurus, M|299\/299
|-damage|p1a: Thundurus|225\/299|[from] Stealth Rock
|move|p2a: Slowbro|Toxic|p1a: Thundurus
|-status|p1a: Thundurus|tox
|
|-heal|p2a: Slowbro|376\/394|[from] item: Leftovers
|-damage|p1a: Thundurus|207\/299 tox|[from] psn
|turn|26
|
|move|p1a: Thundurus|Thunderbolt|p2a: Slowbro
|-supereffective|p2a: Slowbro
|-damage|p2a: Slowbro|0 fnt
|faint|p2a: Slowbro
|
|-damage|p1a: Thundurus|171\/299 tox|[from] psn
|
|switch|p2a: Breloom|Breloom, F|261\/261
|turn|27
|
|move|p1a: Thundurus|Hidden Power|p2a: Breloom
|-supereffective|p2a: Breloom
|-damage|p2a: Breloom|23\/261
|move|p2a: Breloom|Rock Tomb|p1a: Thundurus
|-supereffective|p1a: Thundurus
|-damage|p1a: Thundurus|0 fnt
|faint|p1a: Thundurus
|
|
|switch|p1a: Metagross|Metagross-Mega|283\/301
|-damage|p1a: Metagross|265\/301|[from] Stealth Rock
|turn|28
|
|move|p1a: Metagross|Earthquake|p2a: Breloom
|-resisted|p2a: Breloom
|-damage|p2a: Breloom|0 fnt
|faint|p2a: Breloom
|
|
|switch|p2a: Volcarona|Volcarona, F|311\/311
|turn|29
|c|âorder 66|gg
|
|switch|p1a: Landorus-Therian|Landorus-Therian, M|319\/319
|-damage|p1a: Landorus-Therian|280\/319|[from] Stealth Rock
|-ability|p1a: Landorus-Therian|Intimidate|[of] p2a: Volcarona
|-unboost|p2a: Volcarona|atk|1
|move|p2a: Volcarona|Quiver Dance|p2a: Volcarona
|-boost|p2a: Volcarona|spa|1
|-boost|p2a: Volcarona|spd|1
|-boost|p2a: Volcarona|spe|1
|
|turn|30
|
|move|p2a: Volcarona|Fiery Dance|p1a: Landorus-Therian
|-damage|p1a: Landorus-Therian|0 fnt
|-damage|p2a: Volcarona|280\/311|[from] item: Life Orb
|faint|p1a: Landorus-Therian
|
|c|âlukitomi|w8 wat
|c|âlukitomi|shittt
|c|âlukitomi|offensive -.-
|
|switch|p1a: Metagross|Metagross-Mega|265\/301
|-damage|p1a: Metagross|247\/301|[from] Stealth Rock
|turn|31
|
|move|p2a: Volcarona|Fiery Dance|p1a: Metagross
|-supereffective|p1a: Metagross
|-damage|p1a: Metagross|0 fnt
|-boost|p2a: Volcarona|spa|1
|-damage|p2a: Volcarona|249\/311|[from] item: Life Orb
|faint|p1a: Metagross
|
|win|order 66
|raw|Ladder updating...
|raw|lukitomi's rating: 1524 &rarr; <strong>1505<\/strong><br \/>(-19 for losing)
|raw|order 66's rating: 1529 &rarr; <strong>1548<\/strong><br \/>(+19 for winning)
|leave|lukitomi
|player|p1