|join|Reverb
|join|lukitomi
|player|p1|Reverb|#reverb
|player|p2|lukitomi|1
|gametype|singles
|gen|6
|tier|OU
|rated
|clearpoke
|poke|p1|Metagross
|poke|p1|Heatran, M
|poke|p1|Landorus-Therian, M
|poke|p1|Rotom-Wash
|poke|p1|Keldeo-Resolute
|poke|p1|Gengar, M
|poke|p2|Metagross
|poke|p2|Thundurus, M
|poke|p2|Landorus-Therian, M
|poke|p2|Rotom-Wash
|poke|p2|Bisharp, F
|poke|p2|Keldeo
|rule|Swagger Clause: Swagger is banned
|rule|Baton Pass Clause: Limit one PokÃ©mon knowing Baton Pass
|rule|Sleep Clause Mod: Limit one foe put to sleep
|rule|Species Clause: Limit one of each PokÃ©mon
|rule|OHKO Clause: OHKO moves are banned
|rule|Moody Clause: Moody is banned
|rule|Evasion Moves Clause: Evasion moves are banned
|rule|Endless Battle Clause: Forcing endless battles is banned
|rule|HP Percentage Mod: HP is shown in percentages
|teampreview
|
|start
|switch|p1a: Rotom-Wash|Rotom-Wash|303\/303
|switch|p2a: Landorus-Therian|Landorus-Therian, M|319\/319
|-ability|p2a: Landorus-Therian|Intimidate|[of] p1a: Rotom-Wash
|-unboost|p1a: Rotom-Wash|atk|1
|turn|1
|
|move|p2a: Landorus-Therian|U-turn|p1a: Rotom-Wash
|-damage|p1a: Rotom-Wash|233\/303
|
|switch|p2a: Keldeo|Keldeo|341\/341
|move|p1a: Rotom-Wash|Hydro Pump|p2a: Keldeo
|-resisted|p2a: Keldeo
|-damage|p2a: Keldeo|267\/341
|
|-heal|p2a: Keldeo|288\/341|[from] item: Leftovers
|-heal|p1a: Rotom-Wash|251\/303|[from] item: Leftovers
|turn|2
|join|1800Rekt
|
|switch|p2a: Rotom-Wash|Rotom-Wash|303\/303
|move|p1a: Rotom-Wash|Volt Switch|p2a: Rotom-Wash
|-damage|p2a: Rotom-Wash|239\/303
|join|Ox the Box
|join|jake5
|c| jake5|reverb why are ox and arc locked lol?
|c|âReverb|1 sec
|c|âlukitomi|should i know you reverb?
|c|âReverb|idk lel
|c|âlukitomi|i kinda feel like i should
|
|switch|p1a: Heatran|Heatran, M|385\/385
|
|-heal|p2a: Rotom-Wash|257\/303|[from] item: Leftovers
|turn|3
|c| jake5|well can't you unlock them lol
|c| jake5|your a global zzzz
|c|âReverb|physically
|c|âReverb|yes
|
|move|p1a: Heatran|Stealth Rock|p2a: Rotom-Wash
|-sidestart|p2: lukitomi|move: Stealth Rock
|move|p2a: Rotom-Wash|Volt Switch|p1a: Heatran
|-damage|p1a: Heatran|321\/385
|c|âReverb|but we dont undo each other's locks
|c| jake5|hmm i guess since the other mod probably locked for a legit reason
|
|switch|p2a: Metagross|Metagross|301\/301
|-damage|p2a: Metagross|283\/301|[from] Stealth Rock
|
|-heal|p1a: Heatran|345\/385|[from] item: Leftovers
|turn|4
|
|switch|p1a: Rotom-Wash|Rotom-Wash|251\/303
|detailschange|p2a: Metagross|Metagross-Mega
|-mega|p2a: Metagross|Metagross|Metagrossite
|move|p2a: Metagross|Iron Head|p1a: Rotom-Wash
|-resisted|p1a: Rotom-Wash
|-damage|p1a: Rotom-Wash|212\/303
|
|-heal|p1a: Rotom-Wash|230\/303|[from] item: Leftovers
|turn|5
|c|âReverb|they did a trick where if you hit this button combo
|c|âReverb|you lose the battle
|c|âReverb|bc it quits the window
|
|switch|p2a: Rotom-Wash|Rotom-Wash|257\/303
|-damage|p2a: Rotom-Wash|220\/303|[from] Stealth Rock
|move|p1a: Rotom-Wash|Will-O-Wisp|p2a: Rotom-Wash
|-status|p2a: Rotom-Wash|brn
|
|-heal|p1a: Rotom-Wash|248\/303|[from] item: Leftovers
|-heal|p2a: Rotom-Wash|238\/303 brn|[from] item: Leftovers
|-damage|p2a: Rotom-Wash|201\/303 brn|[from] brn
|turn|6
|c|âReverb|actually if i type it in a battle
|c|âReverb|it will notify all the globals
|
|move|p1a: Rotom-Wash|Volt Switch|p2a: Rotom-Wash
|-damage|p2a: Rotom-Wash|137\/303 brn
|join|thomas9779
|
|switch|p1a: Heatran|Heatran, M|345\/385
|move|p2a: Rotom-Wash|Pain Split|p1a: Heatran
|-sethp|p1a: Heatran|241\/385|p2a: Rotom-Wash|241\/303 brn|[from] move: Pain Split
|
|-heal|p1a: Heatran|265\/385|[from] item: Leftovers
|-heal|p2a: Rotom-Wash|259\/303 brn|[from] item: Leftovers
|-damage|p2a: Rotom-Wash|222\/303 brn|[from] brn
|turn|7
|
|move|p1a: Heatran|Lava Plume|p2a: Rotom-Wash
|-resisted|p2a: Rotom-Wash
|-damage|p2a: Rotom-Wash|177\/303 brn
|move|p2a: Rotom-Wash|Hydro Pump|p1a: Heatran|[miss]
|-miss|p2a: Rotom-Wash|p1a: Heatran
|
|-heal|p1a: Heatran|289\/385|[from] item: Leftovers
|-heal|p2a: Rotom-Wash|195\/303 brn|[from] item: Leftovers
|-damage|p2a: Rotom-Wash|158\/303 brn|[from] brn
|turn|8
|c| jake5|oh yeah ctrl+w
|c| jake5|loool
|c| jake5|they both did it?
|c|âReverb|dont
|c|âReverb|type that here
|c|âReverb|and luki
|c|âReverb|do not hit that
|join|haunter
|c| jake5|were they both doing that lol?
|c|~haunter|jake5
|
|move|p1a: Heatran|Taunt|p2a: Rotom-Wash
|-start|p2a: Rotom-Wash|move: Taunt
|cant|p2a: Rotom-Wash|move: Taunt|Pain Split
|
|-heal|p1a: Heatran|313\/385|[from] item: Leftovers
|-heal|p2a: Rotom-Wash|176\/303 brn|[from] item: Leftovers
|-damage|p2a: Rotom-Wash|139\/303 brn|[from] brn
|turn|9
|c|~haunter|you need to learn to stfu
|c|âReverb|^
|c| jake5|lol did you just get the message too
|
|move|p1a: Heatran|Lava Plume|p2a: Rotom-Wash
|-resisted|p2a: Rotom-Wash
|-damage|p2a: Rotom-Wash|91\/303 brn
|move|p2a: Rotom-Wash|Volt Switch|p1a: Heatran
|-damage|p1a: Heatran|252\/385
|
|switch|p2a: Keldeo|Keldeo|288\/341
|-damage|p2a: Keldeo|267\/341|[from] Stealth Rock
|
|-heal|p2a: Keldeo|288\/341|[from] item: Leftovers
|-heal|p1a: Heatran|276\/385|[from] item: Leftovers
|turn|10
|
|switch|p1a: Rotom-Wash|Rotom-Wash|248\/303
|move|p2a: Keldeo|Substitute|p2a: Keldeo
|-start|p2a: Keldeo|Substitute
|-damage|p2a: Keldeo|203\/341
|
|-heal|p2a: Keldeo|224\/341|[from] item: Leftovers
|-heal|p1a: Rotom-Wash|266\/303|[from] item: Leftovers
|turn|11
|
|move|p2a: Keldeo|Secret Sword|p1a: Rotom-Wash
|-damage|p1a: Rotom-Wash|158\/303
|move|p1a: Rotom-Wash|Volt Switch|p2a: Keldeo
|-supereffective|p2a: Keldeo
|-end|p2a: Keldeo|Substitute
|
|switch|p1a: Keldeo-Resolute|Keldeo-Resolute|323\/323
|
|-heal|p2a: Keldeo|245\/341|[from] item: Leftovers
|turn|12
|join|Bluwing
|
|switch|p2a: Rotom-Wash|Rotom-Wash|91\/303 brn
|-damage|p2a: Rotom-Wash|54\/303 brn|[from] Stealth Rock
|move|p1a: Keldeo-Resolute|Secret Sword|p2a: Rotom-Wash
|-damage|p2a: Rotom-Wash|0 fnt
|faint|p2a: Rotom-Wash
|
|c| jake5|bluwing you said your ocl battle is 12pm gmt +1
|c| jake5|did you mean 12am?
|c| Bluwing|yeh
|c| jake5|or 12 pm tommorrow?
|
|switch|p2a: Thundurus|Thundurus, M|299\/299
|-damage|p2a: Thundurus|225\/299|[from] Stealth Rock
|turn|13
|
|switch|p1a: Heatran|Heatran, M|276\/385
|move|p2a: Thundurus|Focus Blast|p1a: Heatran
|-supereffective|p1a: Heatran
|-damage|p1a: Heatran|0 fnt
|-damage|p2a: Thundurus|196\/299|[from] item: Life Orb
|faint|p1a: Heatran
|
|c| Bluwing|i guess i can say 00:00 then lol
|c| Bluwing|today
|c| Bluwing|gmt +1
|
|switch|p1a: Landorus-Therian|Landorus-Therian, M|327\/327
|-ability|p1a: Landorus-Therian|Intimidate|[of] p2a: Thundurus
|-unboost|p2a: Thundurus|atk|1
|turn|14
|c| jake5|hmm so 12 am right?
|c| Bluwing|yeh sorry fpr that
|
|move|p1a: Landorus-Therian|Stone Edge|p2a: Thundurus
|-supereffective|p2a: Thundurus
|-damage|p2a: Thundurus|0 fnt
|faint|p2a: Thundurus
|
|c| Bluwing|i thought it was the other way around
|leave|thomas9779
|
|switch|p2a: Metagross|Metagross-Mega|283\/301
|-damage|p2a: Metagross|265\/301|[from] Stealth Rock
|turn|15
|c|âReverb|you know
|c| jake5|hmm ok since its already past 12 pm
|c|âReverb|if thundy werent sr weak
|c|âReverb|it might be uber
|
|switch|p1a: Rotom-Wash|Rotom-Wash|158\/303
|move|p2a: Metagross|Agility|p2a: Metagross
|-boost|p2a: Metagross|spe|2
|
|-heal|p1a: Rotom-Wash|176\/303|[from] item: Leftovers
|turn|16
|c| Bluwing|thundy already is broken in ou lol
|c| jake5|zen doesnt kill so w\/e
|
|move|p2a: Metagross|Zen Headbutt|p1a: Rotom-Wash|[miss]
|-miss|p2a: Metagross|p1a: Rotom-Wash
|move|p1a: Rotom-Wash|Will-O-Wisp|p2a: Metagross|[miss]
|-miss|p1a: Rotom-Wash|p2a: Metagross
|
|-heal|p1a: Rotom-Wash|194\/303|[from] item: Leftovers
|turn|17
|c| Bluwing|ppl just havent noticed it yet
|c|~haunter|it's not broken
|c|~haunter|stfu
|c|âReverb|ok
|c| Bluwing|o_o
|c|âReverb|so take 2
|
|move|p2a: Metagross|Zen Headbutt|p1a: Rotom-Wash
|-damage|p1a: Rotom-Wash|40\/303
|cant|p1a: Rotom-Wash|flinch
|
|-heal|p1a: Rotom-Wash|58\/303|[from] item: Leftovers
|turn|18
|c| jake5|hmm i personally don't think its broken
|c| Bluwing|hi too u2 haunter
|c| Bluwing|lmao
|c| jake5|lol
|c|~haunter|hi
|
|switch|p1a: Landorus-Therian|Landorus-Therian, M|327\/327
|-ability|p1a: Landorus-Therian|Intimidate|[of] p2a: Metagross
|-unboost|p2a: Metagross|atk|1
|move|p2a: Metagross|Zen Headbutt|p1a: Landorus-Therian
|-damage|p1a: Landorus-Therian|174\/327
|
|turn|19
|c| Bluwing|then tell me haunter how i thund not broken
|c| jake5|although metagross isp robably getting suspected
|c| jake5|pretty soon
|c|~haunter|didn't I just ask you to stfu
|
|switch|p2a: Landorus-Therian|Landorus-Therian, M|319\/319
|-damage|p2a: Landorus-Therian|280\/319|[from] Stealth Rock
|-ability|p2a: Landorus-Therian|Intimidate|[of] p1a: Landorus-Therian
|-unboost|p1a: Landorus-Therian|atk|1
|switch|p1a: Metagross|Metagross|301\/301
|
|turn|20
|c| jake5|..................
|
|detailschange|p1a: Metagross|Metagross-Mega
|-mega|p1a: Metagross|Metagross|Metagrossite
|move|p2a: Landorus-Therian|Earthquake|p1a: Metagross
|-supereffective|p1a: Metagross
|-damage|p1a: Metagross|37\/301
|move|p1a: Metagross|Ice Punch|p2a: Landorus-Therian
|-supereffective|p2a: Landorus-Therian
|-damage|p2a: Landorus-Therian|0 fnt
|faint|p2a: Landorus-Therian
|
|c| jake5|that's mean
|c| Bluwing|damn
|join|XperimentTeams
|c| Bluwing|why is this guy so mad?
Bluwing was banned from room battle-ou-202447561 by haunter.
|unlink|bluwing
|leave|Bluwing
|
|switch|p2a: Bisharp|Bisharp, F|271\/271
|-damage|p2a: Bisharp|255\/271|[from] Stealth Rock
|turn|21
|
|switch|p1a: Keldeo-Resolute|Keldeo-Resolute|323\/323
|move|p2a: Bisharp|Knock Off|p1a: Keldeo-Resolute
|-resisted|p1a: Keldeo-Resolute
|-damage|p1a: Keldeo-Resolute|228\/323
|-boost|p1a: Keldeo-Resolute|atk|1|[from] ability: Justified
|-enditem|p1a: Keldeo-Resolute|Choice Specs|[from] move: Knock Off|[of] p2a: Bisharp
|
|turn|22
|join|DarkCelebi59
|
|move|p2a: Bisharp|Sucker Punch|p1a: Keldeo-Resolute
|-resisted|p1a: Keldeo-Resolute
|-damage|p1a: Keldeo-Resolute|153\/323
|-boost|p1a: Keldeo-Resolute|atk|1|[from] ability: Justified
|move|p1a: Keldeo-Resolute|Secret Sword|p2a: Bisharp
|-supereffective|p2a: Bisharp
|-damage|p2a: Bisharp|0 fnt
|faint|p2a: Bisharp
|
|
|switch|p2a: Keldeo|Keldeo|245\/341
|-damage|p2a: Keldeo|224\/341|[from] Stealth Rock
|turn|23
|
|move|p1a: Keldeo-Resolute|Secret Sword|p2a: Keldeo
|-damage|p2a: Keldeo|59\/341
|move|p2a: Keldeo|Secret Sword|p1a: Keldeo-Resolute
|-damage|p1a: Keldeo-Resolute|0 fnt
|faint|p1a: Keldeo-Resolute
|
|-heal|p2a: Keldeo|80\/341|[from] item: Leftovers
|
|switch|p1a: Gengar|Gengar, M|261\/261
|turn|24
|
|move|p1a: Gengar|Shadow Ball|p2a: Keldeo
|-damage|p2a: Keldeo|0 fnt
|-damage|p1a: Gengar|235\/261|[from] item: Life Orb
|faint|p2a: Keldeo
|
|
|switch|p2a: Metagross|Metagross-Mega|265\/301
|-damage|p2a: Metagross|247\/301|[from] Stealth Rock
|turn|25
|
|move|p1a: Gengar|Shadow Ball|p2a: Metagross
|-supereffective|p2a: Metagross
|-damage|p2a: Metagross|0 fnt
|-damage|p1a: Gengar|209\/261|[from] item: Life Orb
|faint|p2a: Metagross
|
|win|Reverb
|raw|Ladder updating...
|raw|Reverb's rating: 1721 &rarr; <strong>1733<\/strong><br \/>(+12 for winning)
|raw|lukitomi's rating: 1574 &rarr; <strong>1562<\/strong><br \/>(-12 for losing)
|c|âReverb|gg
|c|âlukitomi|gg