|join|tambien la lluvia
|join|bestman 2
|player|p1|tambien la lluvia|2
|player|p2|bestman 2|72
|gametype|singles
|gen|6
|tier|UU
|rated
|rule|Sleep Clause Mod: Limit one foe put to sleep
|rule|Species Clause: Limit one of each PokÃ©mon
|rule|OHKO Clause: OHKO moves are banned
|rule|Moody Clause: Moody is banned
|rule|Evasion Moves Clause: Evasion moves are banned
|rule|Endless Battle Clause: Forcing endless battles is banned
|rule|HP Percentage Mod: HP is shown in percentages
|clearpoke
|poke|p1|Sableye, M
|poke|p1|Alomomola, M
|poke|p1|Hydreigon, F
|poke|p1|Blissey, F
|poke|p1|Forretress, M
|poke|p1|Metagross
|poke|p2|Sableye, M, shiny
|poke|p2|Doublade, M
|poke|p2|Mesprit, shiny
|poke|p2|Jirachi, shiny
|poke|p2|Exploud, F
|poke|p2|Machamp, M
|rule|Swagger Clause: Swagger is banned
|rule|Baton Pass Clause: Limit one PokÃ©mon knowing Baton Pass
|teampreview
|
|start
|switch|p1a: Sableye|Sableye, M|304\/304
|switch|p2a: Mesprit|Mesprit, shiny|364\/364
|turn|1
|
|detailschange|p1a: Sableye|Sableye-Mega, M
|message|Sableye has Mega Evolved into Mega Sableye!
|move|p1a: Sableye|Will-O-Wisp|p2a: Mesprit
|-status|p2a: Mesprit|brn
|move|p2a: Mesprit|Reflect|p2a: Mesprit
|-sidestart|p2: bestman 2|Reflect
|
|-damage|p2a: Mesprit|319\/364 brn|[from] brn
|turn|2
|
|move|p2a: Mesprit|Light Screen|p2a: Mesprit
|-sidestart|p2: bestman 2|move: Light Screen
|move|p1a: Sableye|Calm Mind|p1a: Sableye
|-boost|p1a: Sableye|spa|1
|-boost|p1a: Sableye|spd|1
|
|-damage|p2a: Mesprit|274\/364 brn|[from] brn
|turn|3
|
|move|p2a: Mesprit|U-turn|p1a: Sableye
|-damage|p1a: Sableye|285\/304
|
|switch|p2a: Exploud|Exploud, F|412\/412
|move|p1a: Sableye|Will-O-Wisp|p2a: Exploud
|-status|p2a: Exploud|brn
|
|-damage|p2a: Exploud|361\/412 brn|[from] brn
|turn|4
|
|switch|p1a: Blissey|Blissey, F|714\/714
|move|p2a: Exploud|Boomburst|p1a: Blissey
|-damage|p1a: Blissey|492\/714
|-damage|p2a: Exploud|320\/412 brn|[from] item: Life Orb
|
|-heal|p1a: Blissey|536\/714|[from] item: Leftovers
|-damage|p2a: Exploud|269\/412 brn|[from] brn
|turn|5
|
|switch|p2a: Doublade|Doublade, M|319\/319
|move|p1a: Blissey|Soft-Boiled|p1a: Blissey
|-heal|p1a: Blissey|714\/714
|
|turn|6
|
|switch|p1a: Alomomola|Alomomola, M|534\/534
|move|p2a: Doublade|Gyro Ball|p1a: Alomomola
|-crit|p1a: Alomomola
|-resisted|p1a: Alomomola
|-damage|p1a: Alomomola|462\/534
|
|-heal|p1a: Alomomola|495\/534|[from] item: Leftovers
|turn|7
|
|switch|p2a: Sableye|Sableye, M, shiny|304\/304
|move|p1a: Alomomola|Scald|p2a: Sableye
|-damage|p2a: Sableye|269\/304
|-status|p2a: Sableye|brn
|
|-heal|p1a: Alomomola|528\/534|[from] item: Leftovers
|-damage|p2a: Sableye|231\/304 brn|[from] brn
|turn|8
|-message|bestman 2 forfeited.
|
|win|tambien la lluvia
|raw|Ladder updating...
|leave|bestman 2
|player|p2