|join|bestman 2
|join|maasdfx
|player|p1|bestman 2|238
|player|p2|maasdfx|147
|gametype|singles
|gen|6
|tier|UU
|rated
|rule|Sleep Clause Mod: Limit one foe put to sleep
|rule|Species Clause: Limit one of each PokÃ©mon
|rule|OHKO Clause: OHKO moves are banned
|rule|Moody Clause: Moody is banned
|rule|Evasion Moves Clause: Evasion moves are banned
|rule|Endless Battle Clause: Forcing endless battles is banned
|rule|HP Percentage Mod: HP is shown in percentages
|clearpoke
|poke|p1|Jirachi
|poke|p1|Victini, shiny
|poke|p1|Diancie
|poke|p1|Hydreigon, F
|poke|p1|Lucario, F
|poke|p1|Aerodactyl, F
|poke|p2|Flygon, M
|poke|p2|Donphan, F
|poke|p2|Porygon2
|poke|p2|Galvantula, F
|poke|p2|Doublade, M
|poke|p2|Typhlosion, M
|rule|Swagger Clause: Swagger is banned
|rule|Baton Pass Clause: Limit one PokÃ©mon knowing Baton Pass
|teampreview
|
|start
|switch|p1a: Diancie|Diancie|304\/304
|switch|p2a: Galvantula|Galvantula, F|281\/281
|turn|1
|
|move|p2a: Galvantula|Sticky Web|p1a: Diancie
|-sidestart|p1: bestman 2|move: Sticky Web
|move|p1a: Diancie|Stealth Rock|p2a: Galvantula
|-sidestart|p2: maasdfx|move: Stealth Rock
|
|turn|2
|
|move|p2a: Galvantula|Thunder|p1a: Diancie
|-damage|p1a: Diancie|207\/304
|move|p1a: Diancie|Diamond Storm|p2a: Galvantula
|-supereffective|p2a: Galvantula
|-enditem|p2a: Galvantula|Focus Sash
|-damage|p2a: Galvantula|1\/281
|-boost|p1a: Diancie|def|1
|
|-heal|p1a: Diancie|226\/304|[from] item: Leftovers
|turn|3
|
|move|p2a: Galvantula|Energy Ball|p1a: Diancie
|-supereffective|p1a: Diancie
|-damage|p1a: Diancie|122\/304
|move|p1a: Diancie|Diamond Storm|p2a: Galvantula
|-supereffective|p2a: Galvantula
|-damage|p2a: Galvantula|0 fnt
|-boost|p1a: Diancie|def|1
|faint|p2a: Galvantula
|
|-heal|p1a: Diancie|141\/304|[from] item: Leftovers
|
|switch|p2a: Porygon2|Porygon2|374\/374
|-damage|p2a: Porygon2|328\/374|[from] Stealth Rock
|-ability|p2a: Porygon2|Clear Body|[from] ability: Trace|[of] p1a: Diancie
|turn|4
|
|move|p2a: Porygon2|Toxic|p1a: Diancie|[miss]
|-miss|p2a: Porygon2|p1a: Diancie
|move|p1a: Diancie|Diamond Storm|p2a: Porygon2
|-miss|p1a: Diancie|p2a: Porygon2
|
|-heal|p1a: Diancie|160\/304|[from] item: Leftovers
|turn|5
|
|switch|p1a: Lucario|Lucario, F|281\/281
|-activate|p1a: Lucario|move: Sticky Web
|-unboost|p1a: Lucario|spe|1
|move|p2a: Porygon2|Toxic|p1a: Lucario
|-fail|p1a: Lucario
|
|turn|6
|
|switch|p2a: Mrs. Jumbo|Donphan, F|384\/384
|-damage|p2a: Mrs. Jumbo|360\/384|[from] Stealth Rock
|move|p1a: Lucario|High Jump Kick|p2a: Mrs. Jumbo
|-damage|p2a: Mrs. Jumbo|136\/384
|-damage|p1a: Lucario|253\/281|[from] item: Life Orb
|
|turn|7
|
|switch|p2a: Doublade|Doublade, M|322\/322
|-damage|p2a: Doublade|302\/322|[from] Stealth Rock
|move|p1a: Lucario|High Jump Kick|p2a: Doublade
|-immune|p2a: Doublade|[msg]
|-damage|p1a: Lucario|113\/281|[from] highjumpkick
|
|turn|8
|
|switch|p1a: Hydreigon|Hydreigon, F|388\/388
|move|p2a: Doublade|Sacred Sword|p1a: Hydreigon
|-supereffective|p1a: Hydreigon
|-damage|p1a: Hydreigon|172\/388
|
|turn|9
|
|switch|p2a: Porygon2|Porygon2|328\/374
|-damage|p2a: Porygon2|282\/374|[from] Stealth Rock
|-ability|p2a: Porygon2|Levitate|[from] ability: Trace|[of] p1a: Hydreigon
|move|p1a: Hydreigon|Dark Pulse|p2a: Porygon2
|-damage|p2a: Porygon2|213\/374
|
|turn|10
|
|move|p1a: Hydreigon|Charge Beam|p2a: Porygon2
|-damage|p2a: Porygon2|185\/374
|move|p2a: Porygon2|Tri Attack|p1a: Hydreigon
|-damage|p1a: Hydreigon|118\/388
|
|turn|11
|
|move|p1a: Hydreigon|Dragon Pulse|p2a: Porygon2
|-damage|p2a: Porygon2|112\/374
|move|p2a: Porygon2|Recover|p2a: Porygon2
|-heal|p2a: Porygon2|299\/374
|
|turn|12
|
|move|p1a: Hydreigon|Charge Beam|p2a: Porygon2
|-damage|p2a: Porygon2|273\/374
|-boost|p1a: Hydreigon|spa|1
|move|p2a: Porygon2|Ice Beam|p1a: Hydreigon
|-supereffective|p1a: Hydreigon
|-damage|p1a: Hydreigon|28\/388
|
|turn|13
|
|move|p1a: Hydreigon|Dragon Pulse|p2a: Porygon2
|-damage|p2a: Porygon2|168\/374
|move|p2a: Porygon2|Ice Beam|p1a: Hydreigon
|-supereffective|p1a: Hydreigon
|-damage|p1a: Hydreigon|0 fnt
|faint|p1a: Hydreigon
|
|
|switch|p1a: Lucario|Lucario, F|113\/281
|-activate|p1a: Lucario|move: Sticky Web
|-unboost|p1a: Lucario|spe|1
|turn|14
|
|switch|p2a: Doublade|Doublade, M|302\/322
|-damage|p2a: Doublade|282\/322|[from] Stealth Rock
|move|p1a: Lucario|Blaze Kick|p2a: Doublade
|-supereffective|p2a: Doublade
|-damage|p2a: Doublade|178\/322
|-damage|p1a: Lucario|85\/281|[from] item: Life Orb
|
|turn|15
|
|move|p2a: Doublade|Shadow Sneak|p1a: Lucario
|-damage|p1a: Lucario|0 fnt
|faint|p1a: Lucario
|
|
|switch|p1a: Victini|Victini, shiny|341\/341
|-activate|p1a: Victini|move: Sticky Web
|-unboost|p1a: Victini|spe|1
|turn|16
|
|switch|p2a: Porygon2|Porygon2|168\/374
|-damage|p2a: Porygon2|122\/374|[from] Stealth Rock
|-ability|p2a: Porygon2|Victory Star|[from] ability: Trace|[of] p1a: Victini
|move|p1a: Victini|V-create|p2a: Porygon2
|-damage|p2a: Porygon2|0 fnt
|-unboost|p1a: Victini|def|1
|-unboost|p1a: Victini|spd|1
|-unboost|p1a: Victini|spe|1
|faint|p2a: Porygon2
|
|
|switch|p2a: Mrs. Jumbo|Donphan, F|136\/384
|-damage|p2a: Mrs. Jumbo|112\/384|[from] Stealth Rock
|turn|17
|
|switch|p1a: Aerodactyl|Aerodactyl, F|333\/333
|move|p2a: Mrs. Jumbo|Knock Off|p1a: Aerodactyl
|-damage|p1a: Aerodactyl|223\/333
|
|turn|18
|
|detailschange|p1a: Aerodactyl|Aerodactyl-Mega, F
|message|Aerodactyl has Mega Evolved into Mega Aerodactyl!
|move|p2a: Mrs. Jumbo|Ice Shard|p1a: Aerodactyl
|-supereffective|p1a: Aerodactyl
|-damage|p1a: Aerodactyl|109\/333
|move|p1a: Aerodactyl|Aqua Tail|p2a: Mrs. Jumbo
|-supereffective|p2a: Mrs. Jumbo
|-damage|p2a: Mrs. Jumbo|0 fnt
|faint|p2a: Mrs. Jumbo
|
|
|switch|p2a: Yoshi|Flygon, M|301\/301
|-damage|p2a: Yoshi|283\/301|[from] Stealth Rock
|turn|19
|
|move|p2a: Yoshi|Rock Slide|p1a: Aerodactyl
|-supereffective|p1a: Aerodactyl
|-damage|p1a: Aerodactyl|0 fnt
|faint|p1a: Aerodactyl
|
|
|switch|p1a: Jirachi|Jirachi|404\/404
|-activate|p1a: Jirachi|move: Sticky Web
|-unboost|p1a: Jirachi|spe|1
|turn|20
|
|switch|p2a: Typhlosion|Typhlosion, M|298\/298
|-damage|p2a: Typhlosion|224\/298|[from] Stealth Rock
|move|p1a: Jirachi|Thunder Wave|p2a: Typhlosion
|-status|p2a: Typhlosion|par
|
|turn|21
|
|move|p1a: Jirachi|Wish|p1a: Jirachi
|move|p2a: Typhlosion|Flamethrower|p1a: Jirachi
|-supereffective|p1a: Jirachi
|-damage|p1a: Jirachi|0 fnt
|faint|p1a: Jirachi
|
|
|switch|p1a: Diancie|Diancie|160\/304
|-activate|p1a: Diancie|move: Sticky Web
|-fail|p1a: Diancie|unboost|[from] ability: Clear Body|[of] p1a: Diancie
|turn|22
|
|move|p1a: Diancie|Diamond Storm|p2a: Typhlosion
|-supereffective|p2a: Typhlosion
|-damage|p2a: Typhlosion|0 fnt
|-boost|p1a: Diancie|def|1
|faint|p2a: Typhlosion
|
|-heal|p1a: Diancie|304\/304|[from] move: Wish|[wisher] Jirachi
|
|switch|p2a: Doublade|Doublade, M|178\/322
|-damage|p2a: Doublade|158\/322|[from] Stealth Rock
|turn|23
|
|switch|p1a: Victini|Victini, shiny|341\/341
|-activate|p1a: Victini|move: Sticky Web
|-unboost|p1a: Victini|spe|1
|move|p2a: Doublade|Iron Head|p1a: Victini
|-resisted|p1a: Victini
|-damage|p1a: Victini|259\/341
|
|turn|24
|
|switch|p2a: Yoshi|Flygon, M|283\/301
|-damage|p2a: Yoshi|265\/301|[from] Stealth Rock
|move|p1a: Victini|V-create|p2a: Yoshi
|-resisted|p2a: Yoshi
|-damage|p2a: Yoshi|16\/301
|-unboost|p1a: Victini|def|1
|-unboost|p1a: Victini|spd|1
|-unboost|p1a: Victini|spe|1
|
|turn|25
|
|switch|p1a: Diancie|Diancie|304\/304
|-activate|p1a: Diancie|move: Sticky Web
|-fail|p1a: Diancie|unboost|[from] ability: Clear Body|[of] p1a: Diancie
|move|p2a: Yoshi|Earthquake|p1a: Diancie
|-supereffective|p1a: Diancie
|-damage|p1a: Diancie|86\/304
|
|-heal|p1a: Diancie|105\/304|[from] item: Leftovers
|turn|26
|
|move|p2a: Yoshi|Earthquake|p1a: Diancie
|-supereffective|p1a: Diancie
|-damage|p1a: Diancie|0 fnt
|faint|p1a: Diancie
|
|
|switch|p1a: Victini|Victini, shiny|259\/341
|-activate|p1a: Victini|move: Sticky Web
|-unboost|p1a: Victini|spe|1
|turn|27
|c|âmaasdfx|that was close :S
|
|move|p2a: Yoshi|Earthquake|p1a: Victini
|-supereffective|p1a: Victini
|-damage|p1a: Victini|0 fnt
|faint|p1a: Victini
|
|win|maasdfx
|raw|Ladder updating...
|raw|bestman 2's rating: 1221 &rarr; <strong>1201<\/strong><br \/>(-20 for losing)
|raw|maasdfx's rating: 1287 &rarr; <strong>1307<\/strong><br \/>(+20 for winning)
|c|âmaasdfx|gg :)
|c|âbestman 2|gg
|leave|bestman 2
|player|p1
|c|âmaasdfx|!data diancie
|c|~|\/data-pokemon Diancie

|c|âmaasdfx|!data diamond storm
|c|~|\/data-move Diamond Storm
