|join|Matias97
|join|bestman 2
|player|p1|Matias97|256
|player|p2|bestman 2|238
|gametype|singles
|gen|6
|tier|UU
|rated
|rule|Sleep Clause Mod: Limit one foe put to sleep
|rule|Species Clause: Limit one of each PokÃ©mon
|rule|OHKO Clause: OHKO moves are banned
|rule|Moody Clause: Moody is banned
|rule|Evasion Moves Clause: Evasion moves are banned
|rule|Endless Battle Clause: Forcing endless battles is banned
|rule|HP Percentage Mod: HP is shown in percentages
|clearpoke
|poke|p1|Umbreon, F
|poke|p1|Sableye, F
|poke|p1|Chandelure, M
|poke|p1|Forretress, M
|poke|p1|Swampert, M
|poke|p1|Alakazam, F
|poke|p2|Victini, shiny
|poke|p2|Diancie
|poke|p2|Jirachi
|poke|p2|Snorlax, M
|poke|p2|Marowak, M
|poke|p2|Ampharos, M
|rule|Swagger Clause: Swagger is banned
|rule|Baton Pass Clause: Limit one PokÃ©mon knowing Baton Pass
|teampreview
|
|start
|switch|p1a: Sableye|Sableye, F|304\/304
|switch|p2a: Victini|Victini, shiny|404\/404
|turn|1
|
|switch|p1a: Chandelure|Chandelure, M|261\/261
|move|p2a: Victini|V-create|p1a: Chandelure
|-start|p1a: Chandelure|ability: Flash Fire
|
|turn|2
|
|switch|p2a: Diancie|Diancie|304\/304
|move|p1a: Chandelure|Trick|p2a: Diancie
|-activate|p1a: Chandelure|move: Trick|[of] p2a: Diancie
|-item|p2a: Diancie|Choice Scarf|[from] move: Trick
|-item|p1a: Chandelure|Leftovers|[from] move: Trick
|
|turn|3
|
|switch|p1a: Forretress|Forretress, M|354\/354
|move|p2a: Diancie|Diamond Storm|p1a: Forretress
|-damage|p1a: Forretress|287\/354
|
|-heal|p1a: Forretress|309\/354|[from] item: Leftovers
|turn|4
|
|switch|p2a: Victini|Victini, shiny|404\/404
|move|p1a: Forretress|Stealth Rock|p2a: Victini
|-sidestart|p2: bestman 2|move: Stealth Rock
|
|-heal|p1a: Forretress|331\/354|[from] item: Leftovers
|turn|5
|
|switch|p1a: Swam-perf|Swampert, M|404\/404
|move|p2a: Victini|Bolt Strike|p1a: Swam-perf
|-immune|p1a: Swam-perf|[msg]
|
|turn|6
|
|switch|p2a: Snorlax|Snorlax, M|520\/520
|-damage|p2a: Snorlax|455\/520|[from] Stealth Rock
|move|p1a: Swam-perf|Earthquake|p2a: Snorlax
|-damage|p2a: Snorlax|235\/520
|
|turn|7
|
|move|p2a: Snorlax|Return|p1a: Swam-perf
|-damage|p1a: Swam-perf|268\/404
|move|p1a: Swam-perf|Roar|p2a: Snorlax
|drag|p2a: Ampharos|Ampharos, M|384\/384
|-damage|p2a: Ampharos|336\/384|[from] Stealth Rock
|
|-heal|p1a: Swam-perf|293\/404|[from] item: Leftovers
|turn|8
|
|switch|p2a: Snorlax|Snorlax, M|235\/520
|-damage|p2a: Snorlax|170\/520|[from] Stealth Rock
|move|p1a: Swam-perf|Earthquake|p2a: Snorlax
|-damage|p2a: Snorlax|0 fnt
|faint|p2a: Snorlax
|
|-heal|p1a: Swam-perf|318\/404|[from] item: Leftovers
|
|switch|p2a: Diancie|Diancie|304\/304
|-damage|p2a: Diancie|266\/304|[from] Stealth Rock
|turn|9
|
|move|p1a: Swam-perf|Earthquake|p2a: Diancie
|-supereffective|p2a: Diancie
|-damage|p2a: Diancie|74\/304
|move|p2a: Diancie|Trick Room|p2a: Diancie
|-fieldstart|move: Trick Room|[of] p2a: Diancie
|
|-heal|p1a: Swam-perf|343\/404|[from] item: Leftovers
|turn|10
|
|move|p1a: Swam-perf|Earthquake|p2a: Diancie
|-supereffective|p2a: Diancie
|-damage|p2a: Diancie|0 fnt
|faint|p2a: Diancie
|
|-heal|p1a: Swam-perf|368\/404|[from] item: Leftovers
|
|switch|p2a: Marowak|Marowak, M|304\/304
|-damage|p2a: Marowak|285\/304|[from] Stealth Rock
|turn|11
|
|move|p2a: Marowak|Bonemerang|p1a: Swam-perf
|-damage|p1a: Swam-perf|223\/404
|-damage|p1a: Swam-perf|66\/404
|-hitcount|p1a: Swam-perf|2
|move|p1a: Swam-perf|Waterfall|p2a: Marowak
|-supereffective|p2a: Marowak
|-damage|p2a: Marowak|0 fnt
|faint|p2a: Marowak
|
|-heal|p1a: Swam-perf|91\/404|[from] item: Leftovers
|
|switch|p2a: Victini|Victini, shiny|404\/404
|-damage|p2a: Victini|303\/404|[from] Stealth Rock
|turn|12
|
|move|p1a: Swam-perf|Earthquake|p2a: Victini
|-supereffective|p2a: Victini
|-damage|p2a: Victini|0 fnt
|faint|p2a: Victini
|
|-heal|p1a: Swam-perf|116\/404|[from] item: Leftovers
|-message|bestman 2 forfeited.
|
|win|Matias97
|raw|Ladder updating...
|leave|bestman 2
|player|p2
|raw|Matias97's rating: 1319 &rarr; <strong>1336<\/strong><br \/>(+17 for winning)
|raw|bestman 2's rating: 1275 &rarr; <strong>1253<\/strong><br \/>(-22 for losing)