|join|bestman 2
|join|Your Waifu is drek
|player|p1|bestman 2|72
|player|p2|Your Waifu is drek|57
|gametype|singles
|gen|6
|tier|UU
|rated
|rule|Sleep Clause Mod: Limit one foe put to sleep
|rule|Species Clause: Limit one of each PokÃ©mon
|rule|OHKO Clause: OHKO moves are banned
|rule|Moody Clause: Moody is banned
|rule|Evasion Moves Clause: Evasion moves are banned
|rule|Endless Battle Clause: Forcing endless battles is banned
|rule|HP Percentage Mod: HP is shown in percentages
|clearpoke
|poke|p1|Noivern, M, shiny
|poke|p1|Porygon2
|poke|p1|Diancie
|poke|p1|Machamp, M
|poke|p1|Escavalier, F
|poke|p1|Camerupt, F, shiny
|poke|p2|Alakazam, M
|poke|p2|Goodra, F, shiny
|poke|p2|Mawile, F
|poke|p2|Gourgeist-*, F
|poke|p2|Umbreon, M
|poke|p2|Crobat, M
|rule|Swagger Clause: Swagger is banned
|rule|Baton Pass Clause: Limit one PokÃ©mon knowing Baton Pass
|teampreview
|
|start
|switch|p1a: Porygon2|Porygon2|374\/374
|switch|p2a: Mawile|Mawile, F|303\/303
|-boost|p1a: Porygon2|spa|1|[from] ability: Download
|-ability|p2a: Mawile|Intimidate|[of] p1a: Porygon2
|-unboost|p1a: Porygon2|atk|1
|turn|1
|
|switch|p2a: Goodra|Goodra, F, shiny|383\/383
|move|p1a: Porygon2|Tri Attack|p2a: Goodra
|-damage|p2a: Goodra|316\/383
|
|turn|2
|
|move|p2a: Goodra|Earthquake|p1a: Porygon2
|-damage|p1a: Porygon2|305\/374
|move|p1a: Porygon2|Toxic|p2a: Goodra
|-status|p2a: Goodra|tox
|
|-damage|p2a: Goodra|293\/383 tox|[from] psn
|turn|3
|
|move|p2a: Goodra|Draco Meteor|p1a: Porygon2
|-damage|p1a: Porygon2|220\/374
|-unboost|p2a: Goodra|spa|2
|move|p1a: Porygon2|Recover|p1a: Porygon2
|-heal|p1a: Porygon2|374\/374
|
|-damage|p2a: Goodra|247\/383 tox|[from] psn
|turn|4
|
|switch|p2a: Umbreon|Umbreon, M|394\/394
|move|p1a: Porygon2|Trick Room|p1a: Porygon2
|-fieldstart|move: Trick Room|[of] p1a: Porygon2
|
|turn|5
|
|switch|p1a: Machamp|Machamp, M|384\/384
|move|p2a: Umbreon|Wish|p2a: Umbreon
|
|turn|6
|
|switch|p2a: Mawile|Mawile, F|303\/303
|-ability|p2a: Mawile|Intimidate|[of] p1a: Machamp
|-unboost|p1a: Machamp|atk|1
|move|p1a: Machamp|Dynamic Punch|p2a: Mawile
|-damage|p2a: Mawile|198\/303
|-damage|p1a: Machamp|320\/384|[from] item: Rocky Helmet|[of] p2a: Mawile
|-start|p2a: Mawile|confusion
|
|-heal|p2a: Mawile|303\/303|[from] move: Wish|[wisher] Umbreon
|turn|7
|
|switch|p1a: Camerupt|Camerupt, F, shiny|344\/344
|-activate|p2a: Mawile|confusion
|-damage|p2a: Mawile|282\/303|[from] confusion
|
|turn|8
|
|switch|p2a: Goodra|Goodra, F, shiny|247\/383 tox
|detailschange|p1a: Camerupt|Camerupt-Mega, F, shiny
|-mega|p1a: Camerupt|Camerupt|Cameruptite
|move|p1a: Camerupt|Fire Blast|p2a: Goodra
|-resisted|p2a: Goodra
|-damage|p2a: Goodra|176\/383 tox
|
|-damage|p2a: Goodra|153\/383 tox|[from] psn
|-fieldend|move: Trick Room
|turn|9
|
|switch|p1a: Porygon2|Porygon2|374\/374
|-boost|p1a: Porygon2|atk|1|[from] ability: Download
|move|p2a: Goodra|Earthquake|p1a: Porygon2
|-damage|p1a: Porygon2|303\/374
|
|-damage|p2a: Goodra|107\/383 tox|[from] psn
|turn|10
|
|switch|p2a: Umbreon|Umbreon, M|394\/394
|move|p1a: Porygon2|Tri Attack|p2a: Umbreon
|-damage|p2a: Umbreon|336\/394
|
|-heal|p2a: Umbreon|360\/394|[from] item: Leftovers
|turn|11
|
|move|p2a: Umbreon|Wish|p2a: Umbreon
|move|p1a: Porygon2|Trick Room|p1a: Porygon2
|-fieldstart|move: Trick Room|[of] p1a: Porygon2
|
|-heal|p2a: Umbreon|384\/394|[from] item: Leftovers
|turn|12
|
|switch|p1a: Camerupt|Camerupt-Mega, F, shiny|344\/344
|move|p2a: Umbreon|Payback|p1a: Camerupt
|-damage|p1a: Camerupt|299\/344
|
|-heal|p2a: Umbreon|394\/394|[from] move: Wish|[wisher] Umbreon
|turn|13
|
|move|p1a: Camerupt|Fire Blast|p2a: Umbreon|[miss]
|-miss|p1a: Camerupt|p2a: Umbreon
|move|p2a: Umbreon|Wish|p2a: Umbreon
|
|turn|14
|
|switch|p2a: Goodra|Goodra, F, shiny|107\/383 tox
|move|p1a: Camerupt|Fire Blast|p2a: Goodra
|-resisted|p2a: Goodra
|-damage|p2a: Goodra|41\/383 tox
|
|-heal|p2a: Goodra|238\/383 tox|[from] move: Wish|[wisher] Umbreon
|-damage|p2a: Goodra|215\/383 tox|[from] psn
|turn|15
|
|move|p1a: Camerupt|Rock Slide|p2a: Goodra
|-miss|p1a: Camerupt|p2a: Goodra
|move|p2a: Goodra|Earthquake|p1a: Camerupt
|-supereffective|p1a: Camerupt
|-damage|p1a: Camerupt|85\/344
|
|-damage|p2a: Goodra|169\/383 tox|[from] psn
|-fieldend|move: Trick Room
|turn|16
|
|switch|p1a: Noivern|Noivern, M, shiny|311\/311
|move|p2a: Goodra|Earthquake|p1a: Noivern
|-immune|p1a: Noivern|[msg]
|
|-damage|p2a: Goodra|100\/383 tox|[from] psn
|turn|17
|
|switch|p2a: Umbreon|Umbreon, M|394\/394
|move|p1a: Noivern|Focus Blast|p2a: Umbreon
|-supereffective|p2a: Umbreon
|-damage|p2a: Umbreon|186\/394
|
|-heal|p2a: Umbreon|210\/394|[from] item: Leftovers
|turn|18
|
|move|p1a: Noivern|Focus Blast|p2a: Umbreon
|-crit|p2a: Umbreon
|-supereffective|p2a: Umbreon
|-damage|p2a: Umbreon|0 fnt
|faint|p2a: Umbreon
|
|
|switch|p2a: Gourgeist-Super|Gourgeist-Super, F|374\/374
|-item|p1a: Noivern|Choice Specs|[from] ability: Frisk|[of] p2a: Gourgeist-Super|[identify]
|turn|19
|
|switch|p1a: Porygon2|Porygon2|303\/374
|-boost|p1a: Porygon2|spa|1|[from] ability: Download
|move|p2a: Gourgeist-Super|Substitute|p2a: Gourgeist-Super
|-start|p2a: Gourgeist-Super|Substitute
|-damage|p2a: Gourgeist-Super|281\/374
|
|-heal|p2a: Gourgeist-Super|304\/374|[from] item: Leftovers
|turn|20
|
|move|p2a: Gourgeist-Super|Leech Seed|p1a: Porygon2
|-start|p1a: Porygon2|move: Leech Seed
|move|p1a: Porygon2|Trick Room|p1a: Porygon2
|-fieldstart|move: Trick Room|[of] p1a: Porygon2
|
|-heal|p2a: Gourgeist-Super|327\/374|[from] item: Leftovers
|-damage|p1a: Porygon2|257\/374|[from] Leech Seed|[of] p2a: Gourgeist-Super
|-heal|p2a: Gourgeist-Super|373\/374|[silent]
|turn|21
|
|switch|p1a: Escavalier|Escavalier, F|344\/344
|move|p2a: Gourgeist-Super|Bullet Seed|p1a: Escavalier
|-resisted|p1a: Escavalier
|-damage|p1a: Escavalier|337\/344
|-resisted|p1a: Escavalier
|-damage|p1a: Escavalier|331\/344
|-resisted|p1a: Escavalier
|-damage|p1a: Escavalier|324\/344
|-resisted|p1a: Escavalier
|-damage|p1a: Escavalier|317\/344
|-hitcount|p1a: Escavalier|4
|
|-heal|p2a: Gourgeist-Super|374\/374|[from] item: Leftovers
|turn|22
|
|move|p1a: Escavalier|Megahorn|p2a: Gourgeist-Super
|-end|p2a: Gourgeist-Super|Substitute
|move|p2a: Gourgeist-Super|Will-O-Wisp|p1a: Escavalier
|-status|p1a: Escavalier|brn
|
|-damage|p1a: Escavalier|274\/344 brn|[from] brn
|turn|23
|
|switch|p2a: Mawile|Mawile, F|282\/303
|-ability|p2a: Mawile|Intimidate|[of] p1a: Escavalier
|-unboost|p1a: Escavalier|atk|1
|move|p1a: Escavalier|Megahorn|p2a: Mawile
|-resisted|p2a: Mawile
|-damage|p2a: Mawile|265\/303
|-damage|p1a: Escavalier|217\/344 brn|[from] item: Rocky Helmet|[of] p2a: Mawile
|
|-damage|p1a: Escavalier|174\/344 brn|[from] brn
|turn|24
|
|move|p1a: Escavalier|Drill Run|p2a: Mawile
|-supereffective|p2a: Mawile
|-damage|p2a: Mawile|209\/303
|-damage|p1a: Escavalier|117\/344 brn|[from] item: Rocky Helmet|[of] p2a: Mawile
|move|p2a: Mawile|Stealth Rock|p1a: Escavalier
|-sidestart|p1: bestman 2|move: Stealth Rock
|
|-damage|p1a: Escavalier|74\/344 brn|[from] brn
|-fieldend|move: Trick Room
|turn|25
|
|move|p2a: Mawile|Seismic Toss|p1a: Escavalier
|-damage|p1a: Escavalier|0 fnt
|faint|p1a: Escavalier
|
|
|switch|p1a: Noivern|Noivern, M, shiny|311\/311
|-damage|p1a: Noivern|234\/311|[from] Stealth Rock
|turn|26
|
|switch|p2a: Goodra|Goodra, F, shiny|100\/383 tox
|move|p1a: Noivern|Air Slash|p2a: Goodra|[miss]
|-miss|p1a: Noivern|p2a: Goodra
|
|-damage|p2a: Goodra|77\/383 tox|[from] psn
|turn|27
|
|move|p1a: Noivern|Air Slash|p2a: Goodra
|-damage|p2a: Goodra|4\/383 tox
|move|p2a: Goodra|Draco Meteor|p1a: Noivern
|-supereffective|p1a: Noivern
|-damage|p1a: Noivern|0 fnt
|-unboost|p2a: Goodra|spa|2
|faint|p1a: Noivern
|
|-damage|p2a: Goodra|0 fnt|[from] psn
|faint|p2a: Goodra
|
|switch|p2a: Alakazam|Alakazam, M|251\/251
|switch|p1a: Porygon2|Porygon2|257\/374
|-damage|p1a: Porygon2|211\/374|[from] Stealth Rock
|-boost|p1a: Porygon2|atk|1|[from] ability: Download
|turn|28
|
|detailschange|p2a: Alakazam|Alakazam-Mega, M
|-mega|p2a: Alakazam|Alakazam|Alakazite
|-ability|p2a: Alakazam|Download|[from] ability: Trace|[of] p1a: Porygon2
|-boost|p2a: Alakazam|atk|1|[from] ability: Download
|move|p2a: Alakazam|Focus Blast|p1a: Porygon2|[miss]
|-miss|p2a: Alakazam|p1a: Porygon2
|move|p1a: Porygon2|Trick Room|p1a: Porygon2
|-fieldstart|move: Trick Room|[of] p1a: Porygon2
|
|turn|29
|
|move|p1a: Porygon2|Tri Attack|p2a: Alakazam
|-damage|p2a: Alakazam|145\/251
|move|p2a: Alakazam|Psychic|p1a: Porygon2
|-damage|p1a: Porygon2|112\/374
|
|turn|30
|
|switch|p2a: Gourgeist-Super|Gourgeist-Super, F|374\/374
|-item|p1a: Porygon2|Eviolite|[from] ability: Frisk|[of] p2a: Gourgeist-Super|[identify]
|move|p1a: Porygon2|Tri Attack|p2a: Gourgeist-Super
|-immune|p2a: Gourgeist-Super|[msg]
|
|turn|31
|
|move|p1a: Porygon2|Toxic|p2a: Gourgeist-Super
|-status|p2a: Gourgeist-Super|tox
|move|p2a: Gourgeist-Super|Leech Seed|p1a: Porygon2|[miss]
|-miss|p2a: Gourgeist-Super|p1a: Porygon2
|
|-damage|p2a: Gourgeist-Super|351\/374 tox|[from] psn
|turn|32
|
|move|p1a: Porygon2|Recover|p1a: Porygon2
|-heal|p1a: Porygon2|299\/374
|move|p2a: Gourgeist-Super|Leech Seed|p1a: Porygon2
|-start|p1a: Porygon2|move: Leech Seed
|
|-heal|p2a: Gourgeist-Super|374\/374 tox|[from] item: Leftovers
|-damage|p1a: Porygon2|253\/374|[from] Leech Seed|[of] p2a: Gourgeist-Super
|-damage|p2a: Gourgeist-Super|328\/374 tox|[from] psn
|-fieldend|move: Trick Room
|turn|33
|
|move|p2a: Gourgeist-Super|Substitute|p2a: Gourgeist-Super
|-start|p2a: Gourgeist-Super|Substitute
|-damage|p2a: Gourgeist-Super|235\/374 tox
|move|p1a: Porygon2|Trick Room|p1a: Porygon2
|-fieldstart|move: Trick Room|[of] p1a: Porygon2
|
|-heal|p2a: Gourgeist-Super|258\/374 tox|[from] item: Leftovers
|-damage|p1a: Porygon2|207\/374|[from] Leech Seed|[of] p2a: Gourgeist-Super
|-heal|p2a: Gourgeist-Super|304\/374 tox|[silent]
|-damage|p2a: Gourgeist-Super|235\/374 tox|[from] psn
|turn|34
|
|move|p1a: Porygon2|Recover|p1a: Porygon2
|-heal|p1a: Porygon2|374\/374
|move|p2a: Gourgeist-Super|Leech Seed|p1a: Porygon2
|-fail|p1a: Porygon2
|
|-heal|p2a: Gourgeist-Super|258\/374 tox|[from] item: Leftovers
|-damage|p1a: Porygon2|328\/374|[from] Leech Seed|[of] p2a: Gourgeist-Super
|-heal|p2a: Gourgeist-Super|304\/374 tox|[silent]
|-damage|p2a: Gourgeist-Super|212\/374 tox|[from] psn
|turn|35
|
|switch|p2a: Mawile|Mawile, F|209\/303
|-ability|p2a: Mawile|Intimidate|[of] p1a: Porygon2
|-unboost|p1a: Porygon2|atk|1
|move|p1a: Porygon2|Recover|p1a: Porygon2
|-heal|p1a: Porygon2|374\/374
|
|-damage|p1a: Porygon2|328\/374|[from] Leech Seed|[of] p2a: Mawile
|-heal|p2a: Mawile|255\/303|[silent]
|turn|36
|
|switch|p2a: Gourgeist-Super|Gourgeist-Super, F|212\/374 tox
|-item|p1a: Porygon2|Eviolite|[from] ability: Frisk|[of] p2a: Gourgeist-Super|[identify]
|move|p1a: Porygon2|Tri Attack|p2a: Gourgeist-Super
|-immune|p2a: Gourgeist-Super|[msg]
|
|-heal|p2a: Gourgeist-Super|235\/374 tox|[from] item: Leftovers
|-damage|p1a: Porygon2|282\/374|[from] Leech Seed|[of] p2a: Gourgeist-Super
|-heal|p2a: Gourgeist-Super|281\/374 tox|[silent]
|-damage|p2a: Gourgeist-Super|258\/374 tox|[from] psn
|turn|37
|
|move|p1a: Porygon2|Tri Attack|p2a: Gourgeist-Super
|-immune|p2a: Gourgeist-Super|[msg]
|move|p2a: Gourgeist-Super|Bullet Seed|p1a: Porygon2
|-damage|p1a: Porygon2|260\/374
|-damage|p1a: Porygon2|239\/374
|-damage|p1a: Porygon2|215\/374
|-hitcount|p1a: Porygon2|3
|
|-heal|p2a: Gourgeist-Super|281\/374 tox|[from] item: Leftovers
|-damage|p1a: Porygon2|169\/374|[from] Leech Seed|[of] p2a: Gourgeist-Super
|-heal|p2a: Gourgeist-Super|327\/374 tox|[silent]
|-damage|p2a: Gourgeist-Super|281\/374 tox|[from] psn
|-fieldend|move: Trick Room
|turn|38
|
|move|p2a: Gourgeist-Super|Will-O-Wisp|p1a: Porygon2|[miss]
|-miss|p2a: Gourgeist-Super|p1a: Porygon2
|move|p1a: Porygon2|Recover|p1a: Porygon2
|-heal|p1a: Porygon2|356\/374
|
|-heal|p2a: Gourgeist-Super|304\/374 tox|[from] item: Leftovers
|-damage|p1a: Porygon2|310\/374|[from] Leech Seed|[of] p2a: Gourgeist-Super
|-heal|p2a: Gourgeist-Super|350\/374 tox|[silent]
|-damage|p2a: Gourgeist-Super|281\/374 tox|[from] psn
|turn|39
|
|move|p2a: Gourgeist-Super|Will-O-Wisp|p1a: Porygon2
|-status|p1a: Porygon2|brn
|move|p1a: Porygon2|Trick Room|p1a: Porygon2
|-fieldstart|move: Trick Room|[of] p1a: Porygon2
|
|-heal|p2a: Gourgeist-Super|304\/374 tox|[from] item: Leftovers
|-damage|p1a: Porygon2|264\/374 brn|[from] Leech Seed|[of] p2a: Gourgeist-Super
|-heal|p2a: Gourgeist-Super|350\/374 tox|[silent]
|-damage|p1a: Porygon2|218\/374 brn|[from] brn
|-damage|p2a: Gourgeist-Super|258\/374 tox|[from] psn
|turn|40
|
|switch|p1a: Camerupt|Camerupt-Mega, F, shiny|85\/344
|-damage|p1a: Camerupt|42\/344|[from] Stealth Rock
|switch|p2a: Mawile|Mawile, F|255\/303
|-ability|p2a: Mawile|Intimidate|[of] p1a: Camerupt
|-unboost|p1a: Camerupt|atk|1
|
|turn|41
|
|move|p2a: Mawile|Sucker Punch|p1a: Camerupt
|-damage|p1a: Camerupt|0 fnt
|faint|p1a: Camerupt
|
|
|switch|p1a: Machamp|Machamp, M|320\/384
|-damage|p1a: Machamp|296\/384|[from] Stealth Rock
|turn|42
|
|switch|p2a: Gourgeist-Super|Gourgeist-Super, F|258\/374 tox
|-item|p1a: Machamp|Assault Vest|[from] ability: Frisk|[of] p2a: Gourgeist-Super|[identify]
|move|p1a: Machamp|Dynamic Punch|p2a: Gourgeist-Super
|-immune|p2a: Gourgeist-Super|[msg]
|
|-heal|p2a: Gourgeist-Super|281\/374 tox|[from] item: Leftovers
|-damage|p2a: Gourgeist-Super|258\/374 tox|[from] psn
|turn|43
|
|switch|p2a: Mawile|Mawile, F|255\/303
|-ability|p2a: Mawile|Intimidate|[of] p1a: Machamp
|-unboost|p1a: Machamp|atk|1
|move|p1a: Machamp|Knock Off|p2a: Mawile
|-resisted|p2a: Mawile
|-damage|p2a: Mawile|220\/303
|-damage|p1a: Machamp|232\/384|[from] item: Rocky Helmet|[of] p2a: Mawile
|-enditem|p2a: Mawile|Rocky Helmet|[from] move: Knock Off|[of] p1a: Machamp
|
|-fieldend|move: Trick Room
|turn|44
|
|move|p1a: Machamp|Knock Off|p2a: Mawile
|-resisted|p2a: Mawile
|-damage|p2a: Mawile|196\/303
|move|p2a: Mawile|Seismic Toss|p1a: Machamp
|-damage|p1a: Machamp|132\/384
|
|turn|45
|
|move|p1a: Machamp|Knock Off|p2a: Mawile
|-resisted|p2a: Mawile
|-damage|p2a: Mawile|172\/303
|move|p2a: Mawile|Seismic Toss|p1a: Machamp
|-damage|p1a: Machamp|32\/384
|
|turn|46
|
|move|p2a: Mawile|Sucker Punch|p1a: Machamp
|-resisted|p1a: Machamp
|-damage|p1a: Machamp|0 fnt
|faint|p1a: Machamp
|
|
|switch|p1a: Diancie|Diancie|304\/304
|-damage|p1a: Diancie|266\/304|[from] Stealth Rock
|turn|47
|
|move|p1a: Diancie|Diamond Storm|p2a: Mawile
|-resisted|p2a: Mawile
|-damage|p2a: Mawile|123\/303
|-boost|p1a: Diancie|def|1
|move|p2a: Mawile|Pain Split|p1a: Diancie
|-sethp|p1a: Diancie|194\/304|p2a: Mawile|194\/303|[from] move: Pain Split
|
|-heal|p1a: Diancie|213\/304|[from] item: Leftovers
|turn|48
|
|move|p1a: Diancie|Diamond Storm|p2a: Mawile
|-resisted|p2a: Mawile
|-damage|p2a: Mawile|148\/303
|-boost|p1a: Diancie|def|1
|move|p2a: Mawile|Seismic Toss|p1a: Diancie
|-damage|p1a: Diancie|113\/304
|
|-heal|p1a: Diancie|132\/304|[from] item: Leftovers
|turn|49
|
|move|p2a: Mawile|Seismic Toss|p1a: Diancie
|-damage|p1a: Diancie|32\/304
|move|p1a: Diancie|Diamond Storm|p2a: Mawile
|-resisted|p2a: Mawile
|-damage|p2a: Mawile|102\/303
|-boost|p1a: Diancie|def|1
|
|-heal|p1a: Diancie|51\/304|[from] item: Leftovers
|turn|50
|-message|bestman 2 forfeited.
|leave|bestman 2
|
|win|Your Waifu is drek
|raw|Ladder updating...
|player|p1
|raw|bestman 2's rating: 1392 &rarr; <strong>1363<\/strong><br \/>(-29 for losing)
|raw|Your Waifu is drek's rating: 1219 &rarr; <strong>1255<\/strong><br \/>(+36 for winning)