|join|bestman 2
|join|Actias Luna
|player|p1|bestman 2|72
|player|p2|Actias Luna|81
|gametype|singles
|gen|6
|tier|UU
|rated
|rule|Sleep Clause Mod: Limit one foe put to sleep
|rule|Species Clause: Limit one of each PokÃ©mon
|rule|OHKO Clause: OHKO moves are banned
|rule|Moody Clause: Moody is banned
|rule|Evasion Moves Clause: Evasion moves are banned
|rule|Endless Battle Clause: Forcing endless battles is banned
|rule|HP Percentage Mod: HP is shown in percentages
|clearpoke
|poke|p1|Beedrill, F
|poke|p1|Alomomola, F
|poke|p1|Blissey, F
|poke|p1|Machamp, F
|poke|p1|Marowak, F
|poke|p1|Celebi
|poke|p2|Beedrill, F
|poke|p2|Weezing, F
|poke|p2|Drapion, F
|poke|p2|Tentacruel, F
|poke|p2|Nidoking, M
|poke|p2|Toxicroak, F
|rule|Swagger Clause: Swagger is banned
|rule|Baton Pass Clause: Limit one PokÃ©mon knowing Baton Pass
|teampreview
|join|Frank.Ink
|
|start
|switch|p1a: Beedrill|Beedrill, F|272\/272
|switch|p2a: Stabby|Beedrill, F|272\/272
|turn|1
|leave|Frank.Ink
|
|detailschange|p1a: Beedrill|Beedrill-Mega, F
|message|Beedrill has Mega Evolved into Mega Beedrill!
|detailschange|p2a: Stabby|Beedrill-Mega, F
|message|Beedrill has Mega Evolved into Mega Beedrill!
|move|p2a: Stabby|Protect|p2a: Stabby
|-singleturn|p2a: Stabby|Protect
|move|p1a: Beedrill|Drill Run|p2a: Stabby
|-activate|p2a: Stabby|Protect
|
|turn|2
|
|move|p1a: Beedrill|Drill Run|p2a: Stabby
|-damage|p2a: Stabby|17\/272
|move|p2a: Stabby|Drill Run|p1a: Beedrill
|-damage|p1a: Beedrill|30\/272
|
|turn|3
|
|move|p1a: Beedrill|Drill Run|p2a: Stabby
|-damage|p2a: Stabby|0 fnt
|faint|p2a: Stabby
|
|
|switch|p2a: Froggy|Toxicroak, F|308\/308
|turn|4
|
|switch|p1a: Celebi|Celebi|404\/404
|move|p2a: Froggy|Swords Dance|p2a: Froggy
|-boost|p2a: Froggy|atk|2
|
|turn|5
|
|move|p2a: Froggy|Poison Jab|p1a: Celebi
|-supereffective|p1a: Celebi
|-damage|p1a: Celebi|0 fnt
|faint|p1a: Celebi
|
|
|switch|p1a: Alomomola|Alomomola, F|534\/534
|turn|6
|
|move|p2a: Froggy|Poison Jab|p1a: Alomomola
|-damage|p1a: Alomomola|341\/534
|move|p1a: Alomomola|Scald|p2a: Froggy
|-immune|p2a: Froggy|[msg]
|
|-heal|p1a: Alomomola|374\/534|[from] item: Leftovers
|turn|7
|
|move|p2a: Froggy|Poison Jab|p1a: Alomomola
|-damage|p1a: Alomomola|155\/534
|move|p1a: Alomomola|Wish|p1a: Alomomola
|
|-heal|p1a: Alomomola|188\/534|[from] item: Leftovers
|turn|8
|
|switch|p1a: Marowak|Marowak, F|324\/324
|move|p2a: Froggy|Swords Dance|p2a: Froggy
|-boost|p2a: Froggy|atk|2
|
|turn|9
|
|move|p2a: Froggy|Brick Break|p1a: Marowak
|-damage|p1a: Marowak|0 fnt
|faint|p1a: Marowak
|
|
|switch|p1a: Beedrill|Beedrill-Mega, F|30\/272
|turn|10
|
|move|p2a: Froggy|Sucker Punch|p1a: Beedrill
|-damage|p1a: Beedrill|0 fnt
|faint|p1a: Beedrill
|
|-message|bestman 2 forfeited.
|leave|bestman 2
|
|win|Actias Luna
|raw|Ladder updating...
|player|p1