|join|natsu234dragneel
|join|bestman 2
|player|p1|natsu234dragneel|101
|player|p2|bestman 2|72
|gametype|singles
|gen|6
|tier|UU
|rated
|rule|Sleep Clause Mod: Limit one foe put to sleep
|rule|Species Clause: Limit one of each PokÃ©mon
|rule|OHKO Clause: OHKO moves are banned
|rule|Moody Clause: Moody is banned
|rule|Evasion Moves Clause: Evasion moves are banned
|rule|Endless Battle Clause: Forcing endless battles is banned
|rule|HP Percentage Mod: HP is shown in percentages
|clearpoke
|poke|p1|Beedrill, M
|poke|p1|Donphan, F
|poke|p1|Florges, F
|poke|p1|Darmanitan, M, shiny
|poke|p1|Nidoking, M
|poke|p1|Lucario, F, shiny
|poke|p2|Zoroark, F, shiny
|poke|p2|Lucario, F, shiny
|poke|p2|Virizion, shiny
|poke|p2|Suicune, shiny
|poke|p2|Noivern, F
|poke|p2|Aerodactyl, M
|rule|Swagger Clause: Swagger is banned
|rule|Baton Pass Clause: Limit one PokÃ©mon knowing Baton Pass
|teampreview
|
|start
|switch|p1a: Stingmon|Beedrill, M|272\/272
|switch|p2a: Suicune|Suicune, shiny|404\/404
|-ability|p2a: Suicune|Pressure
|turn|1
|
|detailschange|p1a: Stingmon|Beedrill-Mega, M
|-mega|p1a: Stingmon|Beedrill|Beedrillite
|move|p1a: Stingmon|Protect|p1a: Stingmon
|-singleturn|p1a: Stingmon|Protect
|move|p2a: Suicune|Calm Mind|p2a: Suicune
|-boost|p2a: Suicune|spa|1
|-boost|p2a: Suicune|spd|1
|
|turn|2
|
|move|p1a: Stingmon|Knock Off|p2a: Suicune
|-crit|p2a: Suicune
|-damage|p2a: Suicune|280\/404
|-enditem|p2a: Suicune|Leftovers|[from] move: Knock Off|[of] p1a: Stingmon
|move|p2a: Suicune|Scald|p1a: Stingmon
|-damage|p1a: Stingmon|121\/272
|
|turn|3
|
|move|p1a: Stingmon|U-turn|p2a: Suicune
|-damage|p2a: Suicune|168\/404
|
|switch|p1a: Roman Reigns|Lucario, F, shiny|281\/281
|move|p2a: Suicune|Scald|p1a: Roman Reigns
|-damage|p1a: Roman Reigns|112\/281
|
|turn|4
|
|move|p1a: Roman Reigns|Close Combat|p2a: Suicune
|-damage|p2a: Suicune|0 fnt
|-unboost|p1a: Roman Reigns|def|1
|-unboost|p1a: Roman Reigns|spd|1
|faint|p2a: Suicune
|
|
|switch|p2a: Aerodactyl|Aerodactyl, M|302\/302
|-ability|p2a: Aerodactyl|Pressure
|turn|5
|
|switch|p1a: Elephant-Gun|Donphan, F|384\/384
|detailschange|p2a: Aerodactyl|Aerodactyl-Mega, M
|-mega|p2a: Aerodactyl|Aerodactyl|Aerodactylite
|move|p2a: Aerodactyl|Aerial Ace|p1a: Elephant-Gun
|-damage|p1a: Elephant-Gun|272\/384
|
|-heal|p1a: Elephant-Gun|296\/384|[from] item: Leftovers
|turn|6
|
|move|p2a: Aerodactyl|Taunt|p1a: Elephant-Gun
|-start|p1a: Elephant-Gun|move: Taunt
|cant|p1a: Elephant-Gun|move: Taunt|Stealth Rock
|
|-heal|p1a: Elephant-Gun|320\/384|[from] item: Leftovers
|turn|7
|
|move|p1a: Elephant-Gun|Ice Shard|p2a: Aerodactyl
|-supereffective|p2a: Aerodactyl
|-damage|p2a: Aerodactyl|222\/302
|move|p2a: Aerodactyl|Aqua Tail|p1a: Elephant-Gun
|-supereffective|p1a: Elephant-Gun
|-damage|p1a: Elephant-Gun|126\/384
|
|-heal|p1a: Elephant-Gun|150\/384|[from] item: Leftovers
|turn|8
|
|move|p1a: Elephant-Gun|Ice Shard|p2a: Aerodactyl
|-supereffective|p2a: Aerodactyl
|-damage|p2a: Aerodactyl|128\/302
|move|p2a: Aerodactyl|Aqua Tail|p1a: Elephant-Gun
|-supereffective|p1a: Elephant-Gun
|-damage|p1a: Elephant-Gun|0 fnt
|faint|p1a: Elephant-Gun
|
|
|switch|p1a: Roman Reigns|Lucario, F, shiny|112\/281
|turn|9
|
|move|p1a: Roman Reigns|Bullet Punch|p2a: Aerodactyl
|-supereffective|p2a: Aerodactyl
|-damage|p2a: Aerodactyl|0 fnt
|faint|p2a: Aerodactyl
|
|
|switch|p2a: Noivern|Noivern, F|311\/311
|turn|10
|
|switch|p1a: Poison Ivy|Florges, F|360\/360
|move|p2a: Noivern|Air Slash|p1a: Poison Ivy
|-damage|p1a: Poison Ivy|267\/360
|
|-heal|p1a: Poison Ivy|289\/360|[from] item: Leftovers
|turn|11
|c|ânatsu234dragneel|specs?
|
|switch|p2a: Virizion|Virizion, shiny|324\/324
|switch|p1a: Cobra|Nidoking, M|304\/304
|
|turn|12
|
|move|p2a: Virizion|Zen Headbutt|p1a: Cobra
|-supereffective|p1a: Cobra
|-damage|p1a: Cobra|75\/304
|-damage|p2a: Virizion|292\/324|[from] item: Life Orb
|move|p1a: Cobra|Sludge Wave|p2a: Virizion
|-supereffective|p2a: Virizion
|-damage|p2a: Virizion|0 fnt
|faint|p2a: Virizion
|
|
|switch|p2a: Lucario|Lucario, F, shiny|261\/261
|turn|13
|
|move|p2a: Lucario|Knock Off|p1a: Cobra
|-damage|p1a: Cobra|0 fnt
|-enditem|p1a: Cobra|Life Orb|[from] move: Knock Off|[of] p2a: Lucario
|-damage|p2a: Lucario|235\/261|[from] item: Life Orb
|faint|p1a: Cobra
|
|
|switch|p1a: Stingmon|Beedrill-Mega, M|121\/272
|turn|14
|
|move|p2a: Lucario|Sucker Punch|p1a: Stingmon
|-damage|p1a: Stingmon|0 fnt
|-damage|p2a: Lucario|209\/261|[from] item: Life Orb
|faint|p1a: Stingmon
|
|
|switch|p1a: Igneel|Darmanitan, M, shiny|352\/352
|turn|15
|
|move|p2a: Lucario|Sucker Punch|p1a: Igneel
|-damage|p1a: Igneel|106\/352
|-damage|p2a: Lucario|183\/261|[from] item: Life Orb
|move|p1a: Igneel|Flare Blitz|p2a: Lucario
|replace|p2a: Zoroark|Zoroark, F, shiny|183\/261
|-damage|p2a: Zoroark|0 fnt
|-damage|p1a: Igneel|46\/352|[from] recoil|[of] p2a: Zoroark
|faint|p2a: Zoroark
|
|
|switch|p2a: Lucario|Lucario, F, shiny|282\/282
|turn|16
|
|move|p2a: Lucario|Extreme Speed|p1a: Igneel
|-damage|p1a: Igneel|0 fnt
|-damage|p2a: Lucario|254\/282|[from] item: Life Orb
|faint|p1a: Igneel
|
|
|switch|p1a: Roman Reigns|Lucario, F, shiny|112\/281
|turn|17
|
|move|p2a: Lucario|Extreme Speed|p1a: Roman Reigns
|-resisted|p1a: Roman Reigns
|-damage|p1a: Roman Reigns|28\/281
|-damage|p2a: Lucario|226\/282|[from] item: Life Orb
|move|p1a: Roman Reigns|Close Combat|p2a: Lucario
|-supereffective|p2a: Lucario
|-damage|p2a: Lucario|0 fnt
|-unboost|p1a: Roman Reigns|def|1
|-unboost|p1a: Roman Reigns|spd|1
|faint|p2a: Lucario
|
|c|âbestman 2|oups
|
|switch|p2a: Noivern|Noivern, F|311\/311
|turn|18
|c|âbestman 2|gg
|
|move|p2a: Noivern|Air Slash|p1a: Roman Reigns
|-damage|p1a: Roman Reigns|0 fnt
|faint|p1a: Roman Reigns
|
|
|switch|p1a: Poison Ivy|Florges, F|289\/360
|turn|19
|
|move|p2a: Noivern|Air Slash|p1a: Poison Ivy
|-damage|p1a: Poison Ivy|208\/360
|cant|p1a: Poison Ivy|flinch
|
|-heal|p1a: Poison Ivy|230\/360|[from] item: Leftovers
|turn|20
|
|move|p1a: Poison Ivy|Protect|p1a: Poison Ivy
|-singleturn|p1a: Poison Ivy|Protect
|move|p2a: Noivern|Air Slash|p1a: Poison Ivy
|-activate|p1a: Poison Ivy|Protect
|
|-heal|p1a: Poison Ivy|252\/360|[from] item: Leftovers
|turn|21
|
|move|p2a: Noivern|Air Slash|p1a: Poison Ivy
|-damage|p1a: Poison Ivy|158\/360
|move|p1a: Poison Ivy|Moonblast|p2a: Noivern
|-supereffective|p2a: Noivern
|-damage|p2a: Noivern|21\/311
|-unboost|p2a: Noivern|spa|1
|
|-heal|p1a: Poison Ivy|180\/360|[from] item: Leftovers
|turn|22
|
|move|p1a: Poison Ivy|Protect|p1a: Poison Ivy
|-singleturn|p1a: Poison Ivy|Protect
|move|p2a: Noivern|Air Slash|p1a: Poison Ivy
|-activate|p1a: Poison Ivy|Protect
|
|-heal|p1a: Poison Ivy|202\/360|[from] item: Leftovers
|turn|23
|
|move|p2a: Noivern|Air Slash|p1a: Poison Ivy
|-damage|p1a: Poison Ivy|145\/360
|move|p1a: Poison Ivy|Wish|p1a: Poison Ivy
|
|-heal|p1a: Poison Ivy|167\/360|[from] item: Leftovers
|turn|24
|
|move|p2a: Noivern|Air Slash|p1a: Poison Ivy
|-crit|p1a: Poison Ivy
|-damage|p1a: Poison Ivy|37\/360
|move|p1a: Poison Ivy|Moonblast|p2a: Noivern
|-supereffective|p2a: Noivern
|-damage|p2a: Noivern|0 fnt
|faint|p2a: Noivern
|
|win|natsu234dragneel
|raw|Ladder updating...
|raw|natsu234dragneel's rating: 1355 &rarr; <strong>1378<\/strong><br \/>(+23 for winning)
|raw|bestman 2's rating: 1417 &rarr; <strong>1393<\/strong><br \/>(-24 for losing)
|leave|bestman 2
|player|p2