|join|bestman 2
|join|Techno Blade
|player|p1|bestman 2|72
|player|p2|Techno Blade|163
|gametype|singles
|gen|6
|tier|UU
|rated
|rule|Sleep Clause Mod: Limit one foe put to sleep
|rule|Species Clause: Limit one of each PokÃ©mon
|rule|OHKO Clause: OHKO moves are banned
|rule|Moody Clause: Moody is banned
|rule|Evasion Moves Clause: Evasion moves are banned
|rule|Endless Battle Clause: Forcing endless battles is banned
|rule|HP Percentage Mod: HP is shown in percentages
|clearpoke
|poke|p1|Zoroark, F, shiny
|poke|p1|Lucario, F, shiny
|poke|p1|Suicune, shiny
|poke|p1|Zygarde
|poke|p1|Forretress, M
|poke|p1|Audino, F
|poke|p2|Sharpedo, M
|poke|p2|Machamp, F
|poke|p2|Froslass, F
|poke|p2|Swampert, F
|poke|p2|Spiritomb, F
|poke|p2|Reuniclus, F
|rule|Swagger Clause: Swagger is banned
|rule|Baton Pass Clause: Limit one PokÃ©mon knowing Baton Pass
|teampreview
|
|start
|switch|p1a: Forretress|Forretress, M|354\/354
|switch|p2a: Froslass|Froslass, F|343\/343
|turn|1
|
|move|p2a: Froslass|Spikes|p1a: Forretress
|-sidestart|p1: bestman 2|Spikes
|move|p1a: Forretress|Gyro Ball|p2a: Froslass
|-crit|p2a: Froslass
|-supereffective|p2a: Froslass
|-enditem|p2a: Froslass|Focus Sash
|-damage|p2a: Froslass|1\/343
|
|turn|2
|
|move|p2a: Froslass|Taunt|p1a: Forretress
|-start|p1a: Forretress|move: Taunt
|cant|p1a: Forretress|move: Taunt|Toxic Spikes
|
|turn|3
|
|move|p2a: Froslass|Destiny Bond|p2a: Froslass
|-singlemove|p2a: Froslass|Destiny Bond
|move|p1a: Forretress|Gyro Ball|p2a: Froslass
|-supereffective|p2a: Froslass
|-damage|p2a: Froslass|0 fnt
|faint|p2a: Froslass
|-activate|p2a: Froslass|Destiny Bond
|faint|p1a: Forretress
|
|
|switch|p1a: Lucario|Lucario, F, shiny|282\/282
|switch|p2a: Machamp|Machamp, F|344\/344
|-damage|p1a: Lucario|247\/282|[from] Spikes
|turn|4
|
|move|p1a: Lucario|Close Combat|p2a: Machamp
|-damage|p2a: Machamp|1\/344
|-unboost|p1a: Lucario|def|1
|-unboost|p1a: Lucario|spd|1
|-damage|p1a: Lucario|219\/282|[from] item: Life Orb
|move|p2a: Machamp|Dynamic Punch|p1a: Lucario
|-supereffective|p1a: Lucario
|-damage|p1a: Lucario|0 fnt
|faint|p1a: Lucario
|
|
|switch|p1a: Suicune|Suicune, shiny|404\/404
|-damage|p1a: Suicune|354\/404|[from] Spikes
|-ability|p1a: Suicune|Pressure
|turn|5
|
|move|p1a: Suicune|Scald|p2a: Machamp
|-damage|p2a: Machamp|0 fnt
|faint|p2a: Machamp
|
|-heal|p1a: Suicune|379\/404|[from] item: Leftovers
|
|switch|p2a: Swampert|Swampert, F|404\/404
|turn|6
|
|move|p1a: Suicune|Scald|p2a: Swampert
|-damage|p2a: Swampert|308\/404
|move|p2a: Swampert|Stealth Rock|p1a: Suicune
|-sidestart|p1: bestman 2|move: Stealth Rock
|
|-heal|p1a: Suicune|404\/404|[from] item: Leftovers
|-heal|p2a: Swampert|333\/404|[from] item: Leftovers
|turn|7
|
|move|p1a: Suicune|Scald|p2a: Swampert
|-damage|p2a: Swampert|243\/404
|-status|p2a: Swampert|brn
|move|p2a: Swampert|Roar|p1a: Suicune
|drag|p1a: Zygarde|Zygarde|407\/407
|-damage|p1a: Zygarde|382\/407|[from] Stealth Rock
|-damage|p1a: Zygarde|332\/407|[from] Spikes
|-ability|p1a: Zygarde|Aura Break
|
|-heal|p1a: Zygarde|357\/407|[from] item: Leftovers
|-heal|p2a: Swampert|268\/404 brn|[from] item: Leftovers
|-damage|p2a: Swampert|218\/404 brn|[from] brn
|turn|8
|
|move|p1a: Zygarde|Substitute|p1a: Zygarde
|-start|p1a: Zygarde|Substitute
|-damage|p1a: Zygarde|256\/407
|move|p2a: Swampert|Scald|p1a: Zygarde
|-activate|p1a: Zygarde|Substitute|[damage]
|
|-heal|p1a: Zygarde|281\/407|[from] item: Leftovers
|-heal|p2a: Swampert|243\/404 brn|[from] item: Leftovers
|-damage|p2a: Swampert|193\/404 brn|[from] brn
|turn|9
|
|move|p1a: Zygarde|Coil|p1a: Zygarde
|-boost|p1a: Zygarde|atk|1
|-boost|p1a: Zygarde|def|1
|-boost|p1a: Zygarde|accuracy|1
|move|p2a: Swampert|Roar|p1a: Zygarde
|drag|p1a: Suicune|Suicune, shiny|404\/404
|-damage|p1a: Suicune|354\/404|[from] Stealth Rock
|-damage|p1a: Suicune|304\/404|[from] Spikes
|-ability|p1a: Suicune|Pressure
|
|-heal|p1a: Suicune|329\/404|[from] item: Leftovers
|-heal|p2a: Swampert|218\/404 brn|[from] item: Leftovers
|-damage|p2a: Swampert|168\/404 brn|[from] brn
|turn|10
|
|move|p1a: Suicune|Scald|p2a: Swampert
|-damage|p2a: Swampert|69\/404 brn
|move|p2a: Swampert|Roar|p1a: Suicune
|drag|p1a: Zygarde|Zygarde|281\/407
|-damage|p1a: Zygarde|231\/407|[from] Spikes
|-damage|p1a: Zygarde|206\/407|[from] Stealth Rock
|-ability|p1a: Zygarde|Aura Break
|
|-heal|p1a: Zygarde|231\/407|[from] item: Leftovers
|-heal|p2a: Swampert|94\/404 brn|[from] item: Leftovers
|-damage|p2a: Swampert|44\/404 brn|[from] brn
|turn|11
|
|move|p1a: Zygarde|Earthquake|p2a: Swampert
|-damage|p2a: Swampert|0 fnt
|faint|p2a: Swampert
|
|-heal|p1a: Zygarde|256\/407|[from] item: Leftovers
|
|switch|p2a: Sharpedo|Sharpedo, M|281\/281
|turn|12
|
|switch|p1a: Suicune|Suicune, shiny|329\/404
|-damage|p1a: Suicune|279\/404|[from] Spikes
|-damage|p1a: Suicune|229\/404|[from] Stealth Rock
|-ability|p1a: Suicune|Pressure
|detailschange|p2a: Sharpedo|Sharpedo-Mega, M
|-mega|p2a: Sharpedo|Sharpedo|Sharpedonite
|move|p2a: Sharpedo|Crunch|p1a: Suicune
|-damage|p1a: Suicune|69\/404
|
|-heal|p1a: Suicune|94\/404|[from] item: Leftovers
|turn|13
|
|move|p2a: Sharpedo|Crunch|p1a: Suicune
|-damage|p1a: Suicune|0 fnt
|faint|p1a: Suicune
|
|
|switch|p1a: Audino|Audino, F|410\/410
|-damage|p1a: Audino|359\/410|[from] Spikes
|-damage|p1a: Audino|308\/410|[from] Stealth Rock
|turn|14
|
|detailschange|p1a: Audino|Audino-Mega, F
|-mega|p1a: Audino|Audino|Audinite
|move|p1a: Audino|Protect|p1a: Audino
|-singleturn|p1a: Audino|Protect
|move|p2a: Sharpedo|Waterfall|p1a: Audino
|-activate|p1a: Audino|Protect
|
|turn|15
|
|move|p2a: Sharpedo|Waterfall|p1a: Audino
|-damage|p1a: Audino|214\/410
|move|p1a: Audino|Draining Kiss|p2a: Sharpedo
|-supereffective|p2a: Sharpedo
|-damage|p2a: Sharpedo|141\/281
|-heal|p1a: Audino|319\/410|[from] drain|[of] p2a: Sharpedo
|
|turn|16
|
|move|p2a: Sharpedo|Poison Fang|p1a: Audino
|-supereffective|p1a: Audino
|-damage|p1a: Audino|195\/410
|-status|p1a: Audino|tox
|move|p1a: Audino|Calm Mind|p1a: Audino
|-boost|p1a: Audino|spa|1
|-boost|p1a: Audino|spd|1
|
|-damage|p1a: Audino|170\/410 tox|[from] psn
|turn|17
|
|move|p2a: Sharpedo|Waterfall|p1a: Audino
|-damage|p1a: Audino|62\/410 tox
|move|p1a: Audino|Wish|p1a: Audino
|
|-damage|p1a: Audino|12\/410 tox|[from] psn
|turn|18
|
|move|p1a: Audino|Protect|p1a: Audino
|-singleturn|p1a: Audino|Protect
|move|p2a: Sharpedo|Poison Fang|p1a: Audino
|-activate|p1a: Audino|Protect
|
|-heal|p1a: Audino|217\/410 tox|[from] move: Wish|[wisher] Audino
|-damage|p1a: Audino|142\/410 tox|[from] psn
|turn|19
|
|move|p2a: Sharpedo|Waterfall|p1a: Audino
|-damage|p1a: Audino|49\/410 tox
|move|p1a: Audino|Draining Kiss|p2a: Sharpedo
|-supereffective|p2a: Sharpedo
|-damage|p2a: Sharpedo|0 fnt
|-heal|p1a: Audino|155\/410 tox|[from] drain|[of] p2a: Sharpedo
|faint|p2a: Sharpedo
|
|-damage|p1a: Audino|55\/410 tox|[from] psn
|
|switch|p2a: Reuniclus|Reuniclus, F|423\/423
|turn|20
|
|move|p1a: Audino|Wish|p1a: Audino
|move|p2a: Reuniclus|Trick Room|p2a: Reuniclus
|-fieldstart|move: Trick Room|[of] p2a: Reuniclus
|
|-damage|p1a: Audino|0 fnt|[from] psn
|faint|p1a: Audino
|
|switch|p1a: Zygarde|Zygarde|256\/407
|-damage|p1a: Zygarde|231\/407|[from] Stealth Rock
|-damage|p1a: Zygarde|181\/407|[from] Spikes
|-ability|p1a: Zygarde|Aura Break
|turn|21
|
|move|p2a: Reuniclus|Psyshock|p1a: Zygarde
|-damage|p1a: Zygarde|25\/407
|move|p1a: Zygarde|Earthquake|p2a: Reuniclus
|-damage|p2a: Reuniclus|287\/423
|
|-heal|p1a: Zygarde|230\/407|[from] move: Wish|[wisher] Audino
|-heal|p1a: Zygarde|255\/407|[from] item: Leftovers
|turn|22
|
|move|p2a: Reuniclus|Psyshock|p1a: Zygarde
|-damage|p1a: Zygarde|74\/407
|move|p1a: Zygarde|Dragon Tail|p2a: Reuniclus|[miss]
|-miss|p1a: Zygarde|p2a: Reuniclus
|
|-heal|p1a: Zygarde|99\/407|[from] item: Leftovers
|turn|23
|
|move|p2a: Reuniclus|Psyshock|p1a: Zygarde
|-damage|p1a: Zygarde|0 fnt
|faint|p1a: Zygarde
|
|
|switch|p1a: Zoroark|Zoroark, F, shiny|261\/261
|-damage|p1a: Zoroark|229\/261|[from] Stealth Rock
|-damage|p1a: Zoroark|197\/261|[from] Spikes
|turn|24
|
|move|p1a: Zoroark|Sucker Punch|p2a: Reuniclus
|-crit|p2a: Reuniclus
|-supereffective|p2a: Reuniclus
|-damage|p2a: Reuniclus|0 fnt
|-damage|p1a: Zoroark|171\/261|[from] item: Life Orb
|faint|p2a: Reuniclus
|
|-fieldend|move: Trick Room
|
|switch|p2a: Spiritomb|Spiritomb, F|304\/304
|turn|25
|
|move|p1a: Zoroark|Knock Off|p2a: Spiritomb
|-damage|p2a: Spiritomb|136\/304
|-enditem|p2a: Spiritomb|Dread Plate|[from] move: Knock Off|[of] p1a: Zoroark
|-damage|p1a: Zoroark|145\/261|[from] item: Life Orb
|move|p2a: Spiritomb|Will-O-Wisp|p1a: Zoroark
|-status|p1a: Zoroark|brn
|
|-damage|p1a: Zoroark|113\/261 brn|[from] brn
|turn|26
|
|move|p2a: Spiritomb|Sucker Punch|p1a: Zoroark
|-resisted|p1a: Zoroark
|-damage|p1a: Zoroark|16\/261 brn
|move|p1a: Zoroark|Flamethrower|p2a: Spiritomb
|-damage|p2a: Spiritomb|16\/304
|-damage|p1a: Zoroark|0 fnt|[from] item: Life Orb
|faint|p1a: Zoroark
|
|win|Techno Blade
|raw|Ladder updating...
|raw|bestman 2's rating: 1393 &rarr; <strong>1372<\/strong><br \/>(-21 for losing)
|raw|Techno Blade's rating: 1379 &rarr; <strong>1400<\/strong><br \/>(+21 for winning)
|c|âbestman 2|gg
|c|âTechno Blade|gg
|leave|bestman 2
|player|p1