|join|bestman 2
|join|DaWeezingDuckDH
|player|p1|bestman 2|72
|player|p2|DaWeezingDuckDH|265
|gametype|singles
|gen|6
|tier|UU
|rated
|rule|Sleep Clause Mod: Limit one foe put to sleep
|rule|Species Clause: Limit one of each PokÃ©mon
|rule|OHKO Clause: OHKO moves are banned
|rule|Moody Clause: Moody is banned
|rule|Evasion Moves Clause: Evasion moves are banned
|rule|Endless Battle Clause: Forcing endless battles is banned
|rule|HP Percentage Mod: HP is shown in percentages
|clearpoke
|poke|p1|Reuniclus, M, shiny
|poke|p1|Jellicent, M
|poke|p1|Escavalier, M
|poke|p1|Machamp, F
|poke|p1|Serperior, M
|poke|p1|Camerupt, F, shiny
|poke|p2|Cresselia, F
|poke|p2|Weezing, M
|poke|p2|Absol, M
|poke|p2|Vaporeon, M
|poke|p2|Serperior, M
|poke|p2|Crobat, F
|rule|Swagger Clause: Swagger is banned
|rule|Baton Pass Clause: Limit one PokÃ©mon knowing Baton Pass
|teampreview
|join|CooleoBacon
|
|start
|switch|p1a: Reuniclus|Reuniclus, M, shiny|423\/423
|switch|p2a: Weezing 1.07|Weezing, M|334\/334
|turn|1
|
|move|p2a: Weezing 1.07|Toxic Spikes|p1a: Reuniclus
|-sidestart|p1: bestman 2|move: Toxic Spikes
|move|p1a: Reuniclus|Future Sight|p2a: Weezing 1.07
|-start|p1a: Reuniclus|move: Future Sight
|
|turn|2
|
|move|p2a: Weezing 1.07|Toxic Spikes|p1a: Reuniclus
|-sidestart|p1: bestman 2|move: Toxic Spikes
|move|p1a: Reuniclus|Trick Room|p1a: Reuniclus
|-fieldstart|move: Trick Room|[of] p1a: Reuniclus
|
|turn|3
|
|switch|p1a: Escavalier|Escavalier, M|343\/343
|switch|p2a: Cresselia 2.19|Cresselia, F|443\/443
|
|-end|p2a: Cresselia 2.19|move: Future Sight
|-resisted|p2a: Cresselia 2.19
|-damage|p2a: Cresselia 2.19|377\/443
|-heal|p2a: Cresselia 2.19|404\/443|[from] item: Leftovers
|turn|4
|
|move|p1a: Escavalier|Pursuit|p2a: Cresselia 2.19|[from]Pursuit
|-supereffective|p2a: Cresselia 2.19
|-damage|p2a: Cresselia 2.19|260\/443
|switch|p2a: Weezing 1.07|Weezing, M|334\/334
|
|turn|5
|leave|CooleoBacon
|
|switch|p1a: Reuniclus|Reuniclus, M, shiny|423\/423
|-status|p1a: Reuniclus|tox
|move|p2a: Weezing 1.07|Flamethrower|p1a: Reuniclus
|-damage|p1a: Reuniclus|355\/423 tox
|
|-heal|p1a: Reuniclus|381\/423 tox|[from] item: Leftovers
|-damage|p1a: Reuniclus|355\/423 tox|[from] psn
|turn|6
|
|switch|p2a: Absol 4.57|Absol, M|271\/271
|move|p1a: Reuniclus|Shadow Ball|p2a: Absol 4.57
|-resisted|p2a: Absol 4.57
|-damage|p2a: Absol 4.57|215\/271
|
|-heal|p1a: Reuniclus|381\/423 tox|[from] item: Leftovers
|-damage|p1a: Reuniclus|329\/423 tox|[from] psn
|-fieldend|move: Trick Room
|turn|7
|
|switch|p1a: Machamp|Machamp, F|383\/383
|-status|p1a: Machamp|tox
|detailschange|p2a: Absol 4.57|Absol-Mega, M
|-mega|p2a: Absol 4.57|Absol|Absolite
|move|p2a: Absol 4.57|Knock Off|p1a: Machamp
|-resisted|p1a: Machamp
|-damage|p1a: Machamp|276\/383 tox
|-enditem|p1a: Machamp|Assault Vest|[from] move: Knock Off|[of] p2a: Absol 4.57
|
|-damage|p1a: Machamp|253\/383 tox|[from] psn
|turn|8
|
|move|p2a: Absol 4.57|Play Rough|p1a: Machamp
|-crit|p1a: Machamp
|-supereffective|p1a: Machamp
|-damage|p1a: Machamp|0 fnt
|faint|p1a: Machamp
|
|
|switch|p1a: Serperior|Serperior, M|291\/291
|-status|p1a: Serperior|tox
|turn|9
|
|move|p2a: Absol 4.57|Knock Off|p1a: Serperior
|-damage|p1a: Serperior|83\/291 tox
|-enditem|p1a: Serperior|Choice Specs|[from] move: Knock Off|[of] p2a: Absol 4.57
|move|p1a: Serperior|Leaf Storm|p2a: Absol 4.57
|-damage|p2a: Absol 4.57|0 fnt
|-boost|p1a: Serperior|spa|2
|faint|p2a: Absol 4.57
|
|-damage|p1a: Serperior|65\/291 tox|[from] psn
|
|switch|p2a: Crobat 16.15|Crobat, F|373\/373
|turn|10
|
|switch|p1a: Jellicent|Jellicent, M|403\/403
|-status|p1a: Jellicent|tox
|move|p2a: Crobat 16.15|Brave Bird|p1a: Jellicent
|-damage|p1a: Jellicent|237\/403 tox
|-damage|p2a: Crobat 16.15|318\/373|[from] recoil|[of] p1a: Jellicent
|
|-heal|p2a: Crobat 16.15|341\/373|[from] item: Black Sludge
|-heal|p1a: Jellicent|262\/403 tox|[from] item: Leftovers
|-damage|p1a: Jellicent|237\/403 tox|[from] psn
|turn|11
|
|switch|p2a: Serperior 0.04|Serperior, M|291\/291
|move|p1a: Jellicent|Trick Room|p1a: Jellicent
|-fieldstart|move: Trick Room|[of] p1a: Jellicent
|
|-heal|p1a: Jellicent|262\/403 tox|[from] item: Leftovers
|-damage|p1a: Jellicent|212\/403 tox|[from] psn
|turn|12
|c|âbestman 2|need a defoger
|
|move|p1a: Jellicent|Will-O-Wisp|p2a: Serperior 0.04
|-status|p2a: Serperior 0.04|brn
|move|p2a: Serperior 0.04|Hidden Power|p1a: Jellicent
|-resisted|p1a: Jellicent
|-damage|p1a: Jellicent|194\/403 tox
|
|-heal|p1a: Jellicent|219\/403 tox|[from] item: Leftovers
|-damage|p1a: Jellicent|144\/403 tox|[from] psn
|-damage|p2a: Serperior 0.04|255\/291 brn|[from] brn
|turn|13
|
|move|p1a: Jellicent|Hex|p2a: Serperior 0.04
|-damage|p2a: Serperior 0.04|107\/291 brn
|move|p2a: Serperior 0.04|Leaf Storm|p1a: Jellicent
|-supereffective|p1a: Jellicent
|-damage|p1a: Jellicent|0 fnt
|-boost|p2a: Serperior 0.04|spa|2
|faint|p1a: Jellicent
|
|-heal|p2a: Serperior 0.04|125\/291 brn|[from] item: Leftovers
|-damage|p2a: Serperior 0.04|89\/291 brn|[from] brn
|
|switch|p1a: Camerupt|Camerupt, F, shiny|343\/343
|-status|p1a: Camerupt|tox
|turn|14
|-message|bestman 2 lost due to inactivity.
|
|detailschange|p1a: Camerupt|Camerupt-Mega, F, shiny
|-mega|p1a: Camerupt|Camerupt|Cameruptite
|move|p1a: Camerupt|Flamethrower|p2a: Serperior 0.04
|-supereffective|p2a: Serperior 0.04
|-damage|p2a: Serperior 0.04|0 fnt
|faint|p2a: Serperior 0.04
|
|-damage|p1a: Camerupt|322\/343 tox|[from] psn
|
|win|DaWeezingDuckDH
|raw|Ladder updating...
|c|âbestman 2|shit
|raw|bestman 2's rating: 1304 &rarr; <strong>1292<\/strong><br \/>(-12 for losing)
|raw|DaWeezingDuckDH's rating: 1448 &rarr; <strong>1460<\/strong><br \/>(+12 for winning)