|join|jack41
|join|Kong Bai
|player|p1|jack41|17
|player|p2|Kong Bai|290
|gametype|singles
|gen|6
|tier|OU
|rated
|clearpoke
|poke|p1|Tyranitar, M
|poke|p1|Excadrill, F
|poke|p1|Latias, F
|poke|p1|Chesnaught, M
|poke|p1|Azumarill, F
|poke|p1|Talonflame, M
|poke|p2|Thundurus, M
|poke|p2|Landorus, M
|poke|p2|Scizor, F
|poke|p2|Chesnaught, M
|poke|p2|Clefable, F
|poke|p2|Rotom-Wash
|rule|Swagger Clause: Swagger is banned
|rule|Baton Pass Clause: Limit one PokÃ©mon knowing Baton Pass
|rule|Sleep Clause Mod: Limit one foe put to sleep
|rule|Species Clause: Limit one of each PokÃ©mon
|rule|OHKO Clause: OHKO moves are banned
|rule|Moody Clause: Moody is banned
|rule|Evasion Moves Clause: Evasion moves are banned
|rule|Endless Battle Clause: Forcing endless battles is banned
|rule|HP Percentage Mod: HP is shown in percentages
|teampreview
|
|start
|switch|p1a: Latias|Latias, F|363\/363
|switch|p2a: Clefable|Clefable, F|394\/394
|turn|1
|
|switch|p1a: Talonflame|Talonflame, M|297\/297
|move|p2a: Clefable|Thunder Wave|p1a: Talonflame
|-status|p1a: Talonflame|par
|
|turn|2
|
|move|p2a: Clefable|Stealth Rock|p1a: Talonflame
|-sidestart|p1: jack41|move: Stealth Rock
|move|p1a: Talonflame|Swords Dance|p1a: Talonflame
|-boost|p1a: Talonflame|atk|2
|
|turn|3
|
|switch|p2a: Rotom-Wash|Rotom-Wash|304\/304
|move|p1a: Talonflame|Brave Bird|p2a: Rotom-Wash
|-resisted|p2a: Rotom-Wash
|-damage|p2a: Rotom-Wash|163\/304
|-damage|p1a: Talonflame|250\/297 par|[from] recoil|[of] p2a: Rotom-Wash
|
|-heal|p2a: Rotom-Wash|182\/304|[from] item: Leftovers
|turn|4
|
|switch|p1a: Tyranitar|Tyranitar, M|342\/342
|-damage|p1a: Tyranitar|300\/342|[from] Stealth Rock
|-weather|Sandstorm
|move|p2a: Rotom-Wash|Hydro Pump|p1a: Tyranitar|[miss]
|-miss|p2a: Rotom-Wash|p1a: Tyranitar
|
|-weather|Sandstorm|[upkeep]
|-damage|p2a: Rotom-Wash|163\/304|[from] sandstorm
|-heal|p2a: Rotom-Wash|182\/304|[from] item: Leftovers
|turn|5
|
|move|p1a: Tyranitar|Stealth Rock|p2a: Rotom-Wash
|-sidestart|p2: Kong Bai|move: Stealth Rock
|move|p2a: Rotom-Wash|Volt Switch|p1a: Tyranitar
|-damage|p1a: Tyranitar|239\/342
|
|switch|p2a: Chesnaught|Chesnaught, M|320\/320
|-damage|p2a: Chesnaught|300\/320|[from] Stealth Rock
|
|-weather|Sandstorm|[upkeep]
|-damage|p2a: Chesnaught|280\/320|[from] sandstorm
|turn|6
|
|switch|p1a: Azumarill|Azumarill, F|358\/358
|-damage|p1a: Azumarill|314\/358|[from] Stealth Rock
|move|p2a: Chesnaught|Substitute|p2a: Chesnaught
|-start|p2a: Chesnaught|Substitute
|-damage|p2a: Chesnaught|200\/320
|
|-weather|Sandstorm|[upkeep]
|-damage|p2a: Chesnaught|180\/320|[from] sandstorm
|-damage|p1a: Azumarill|292\/358|[from] sandstorm
|turn|7
|
|move|p2a: Chesnaught|Seed Bomb|p1a: Azumarill
|-supereffective|p1a: Azumarill
|-damage|p1a: Azumarill|0 fnt
|faint|p1a: Azumarill
|
|-weather|Sandstorm|[upkeep]
|-damage|p2a: Chesnaught|160\/320|[from] sandstorm
|
|switch|p1a: Latias|Latias, F|363\/363
|-damage|p1a: Latias|318\/363|[from] Stealth Rock
|turn|8
|
|detailschange|p1a: Latias|Latias-Mega, F
|-mega|p1a: Latias|Latias|Latiasite
|move|p1a: Latias|Substitute|p1a: Latias
|-start|p1a: Latias|Substitute
|-damage|p1a: Latias|228\/363
|move|p2a: Chesnaught|Seed Bomb|p1a: Latias
|-crit|p1a: Latias
|-resisted|p1a: Latias
|-activate|p1a: Latias|Substitute|[damage]
|
|-weather|none
|turn|9
|
|move|p1a: Latias|Calm Mind|p1a: Latias
|-boost|p1a: Latias|spa|1
|-boost|p1a: Latias|spd|1
|move|p2a: Chesnaught|Seed Bomb|p1a: Latias
|-resisted|p1a: Latias
|-end|p1a: Latias|Substitute
|
|turn|10
|
|move|p1a: Latias|Substitute|p1a: Latias
|-start|p1a: Latias|Substitute
|-damage|p1a: Latias|138\/363
|move|p2a: Chesnaught|Drain Punch|p1a: Latias
|-resisted|p1a: Latias
|-activate|p1a: Latias|Substitute|[damage]
|-heal|p2a: Chesnaught|182\/320|[from] drain|[of] p1a: Latias
|
|turn|11
|
|move|p1a: Latias|Roost|p1a: Latias
|-heal|p1a: Latias|320\/363
|move|p2a: Chesnaught|Belly Drum|p2a: Chesnaught
|-damage|p2a: Chesnaught|22\/320
|-setboost|p2a: Chesnaught|atk|6|[from] move: Belly Drum
|-enditem|p2a: Chesnaught|Salac Berry|[eat]
|-boost|p2a: Chesnaught|spe|1|[from] item: Salac Berry
|
|turn|12
|
|move|p2a: Chesnaught|Seed Bomb|p1a: Latias
|-resisted|p1a: Latias
|-end|p1a: Latias|Substitute
|move|p1a: Latias|Stored Power|p2a: Chesnaught
|-supereffective|p2a: Chesnaught
|-end|p2a: Chesnaught|Substitute
|
|turn|13
|
|move|p2a: Chesnaught|Seed Bomb|p1a: Latias
|-resisted|p1a: Latias
|-damage|p1a: Latias|156\/363
|move|p1a: Latias|Stored Power|p2a: Chesnaught
|-supereffective|p2a: Chesnaught
|-damage|p2a: Chesnaught|0 fnt
|faint|p2a: Chesnaught
|
|
|switch|p2a: Scizor|Scizor, F|282\/282
|-damage|p2a: Scizor|247\/282|[from] Stealth Rock
|turn|14
|
|switch|p1a: Chesnaught|Chesnaught, M|380\/380
|-damage|p1a: Chesnaught|357\/380|[from] Stealth Rock
|detailschange|p2a: Scizor|Scizor-Mega, F
|-mega|p2a: Scizor|Scizor|Scizorite
|move|p2a: Scizor|Swords Dance|p2a: Scizor
|-boost|p2a: Scizor|atk|2
|
|-heal|p1a: Chesnaught|380\/380|[from] item: Leftovers
|turn|15
|
|move|p2a: Scizor|Bug Bite|p1a: Chesnaught
|-damage|p1a: Chesnaught|124\/380
|move|p1a: Chesnaught|Leech Seed|p2a: Scizor
|-start|p2a: Scizor|move: Leech Seed
|
|-heal|p1a: Chesnaught|147\/380|[from] item: Leftovers
|-damage|p2a: Scizor|212\/282|[from] Leech Seed|[of] p1a: Chesnaught
|-heal|p1a: Chesnaught|182\/380|[silent]
|turn|16
|
|move|p1a: Chesnaught|Spiky Shield|p1a: Chesnaught
|-singleturn|p1a: Chesnaught|move: Protect
|move|p2a: Scizor|Swords Dance|p2a: Scizor
|-boost|p2a: Scizor|atk|2
|
|-heal|p1a: Chesnaught|205\/380|[from] item: Leftovers
|-damage|p2a: Scizor|177\/282|[from] Leech Seed|[of] p1a: Chesnaught
|-heal|p1a: Chesnaught|240\/380|[silent]
|turn|17
|
|switch|p1a: Tyranitar|Tyranitar, M|239\/342
|-damage|p1a: Tyranitar|197\/342|[from] Stealth Rock
|-weather|Sandstorm
|move|p2a: Scizor|Bug Bite|p1a: Tyranitar
|-supereffective|p1a: Tyranitar
|-damage|p1a: Tyranitar|0 fnt
|faint|p1a: Tyranitar
|
|-weather|Sandstorm|[upkeep]
|
|switch|p1a: Excadrill|Excadrill, F|362\/362
|-damage|p1a: Excadrill|351\/362|[from] Stealth Rock
|turn|18
|
|switch|p2a: Rotom-Wash|Rotom-Wash|182\/304
|-damage|p2a: Rotom-Wash|144\/304|[from] Stealth Rock
|move|p1a: Excadrill|Rapid Spin|p2a: Rotom-Wash
|-damage|p2a: Rotom-Wash|121\/304
|-sideend|p1: jack41|Stealth Rock|[from] move: Rapid Spin|[of] p1a: Excadrill
|-damage|p1a: Excadrill|315\/362|[from] item: Life Orb
|
|-weather|Sandstorm|[upkeep]
|-damage|p2a: Rotom-Wash|102\/304|[from] sandstorm
|-heal|p2a: Rotom-Wash|121\/304|[from] item: Leftovers
|turn|19
|
|move|p1a: Excadrill|Rock Slide|p2a: Rotom-Wash
|-damage|p2a: Rotom-Wash|33\/304
|-damage|p1a: Excadrill|279\/362|[from] item: Life Orb
|cant|p2a: Rotom-Wash|flinch
|
|-weather|Sandstorm|[upkeep]
|-damage|p2a: Rotom-Wash|14\/304|[from] sandstorm
|-heal|p2a: Rotom-Wash|33\/304|[from] item: Leftovers
|turn|20
|
|move|p1a: Excadrill|Rock Slide|p2a: Rotom-Wash
|-damage|p2a: Rotom-Wash|0 fnt
|-damage|p1a: Excadrill|243\/362|[from] item: Life Orb
|faint|p2a: Rotom-Wash
|
|-weather|Sandstorm|[upkeep]
|
|switch|p2a: Clefable|Clefable, F|394\/394
|turn|21
|
|switch|p2a: Scizor|Scizor-Mega, F|177\/282
|-damage|p2a: Scizor|142\/282|[from] Stealth Rock
|move|p1a: Excadrill|Iron Head|p2a: Scizor
|-resisted|p2a: Scizor
|-damage|p2a: Scizor|72\/282
|-damage|p1a: Excadrill|207\/362|[from] item: Life Orb
|
|-weather|none
|turn|22
|
|move|p2a: Scizor|Bullet Punch|p1a: Excadrill
|-resisted|p1a: Excadrill
|-damage|p1a: Excadrill|114\/362
|move|p1a: Excadrill|Earthquake|p2a: Scizor
|-damage|p2a: Scizor|0 fnt
|-damage|p1a: Excadrill|78\/362|[from] item: Life Orb
|faint|p2a: Scizor
|
|
|switch|p2a: Landorus|Landorus, M|319\/319
|-damage|p2a: Landorus|280\/319|[from] Stealth Rock
|turn|23
|
|move|p1a: Excadrill|Iron Head|p2a: Landorus
|-damage|p2a: Landorus|58\/319
|-damage|p1a: Excadrill|42\/362|[from] item: Life Orb
|move|p2a: Landorus|Psychic|p1a: Excadrill
|-resisted|p1a: Excadrill
|-damage|p1a: Excadrill|0 fnt
|faint|p1a: Excadrill
|
|
|switch|p1a: Talonflame|Talonflame, M|250\/297 par
|turn|24
|
|move|p1a: Talonflame|Brave Bird|p2a: Landorus
|-damage|p2a: Landorus|0 fnt
|-damage|p1a: Talonflame|231\/297 par|[from] recoil|[of] p2a: Landorus
|faint|p2a: Landorus
|
|
|switch|p2a: Thundurus|Thundurus, M|299\/299
|-damage|p2a: Thundurus|225\/299|[from] Stealth Rock
|turn|25
|
|move|p1a: Talonflame|Brave Bird|p2a: Thundurus
|-resisted|p2a: Thundurus
|-damage|p2a: Thundurus|92\/299
|-damage|p1a: Talonflame|187\/297 par|[from] recoil|[of] p2a: Thundurus
|move|p2a: Thundurus|Knock Off|p1a: Talonflame
|-damage|p1a: Talonflame|43\/297 par
|-enditem|p1a: Talonflame|Sharp Beak|[from] move: Knock Off|[of] p2a: Thundurus
|-damage|p2a: Thundurus|63\/299|[from] item: Life Orb
|
|turn|26
|
|move|p1a: Talonflame|Brave Bird|p2a: Thundurus
|-resisted|p2a: Thundurus
|-damage|p2a: Thundurus|0 fnt
|-damage|p1a: Talonflame|22\/297 par|[from] recoil|[of] p2a: Thundurus
|faint|p2a: Thundurus
|
|
|switch|p2a: Clefable|Clefable, F|394\/394
|turn|27
|
|move|p1a: Talonflame|Roost|p1a: Talonflame
|-heal|p1a: Talonflame|171\/297 par
|move|p2a: Clefable|Stealth Rock|p1a: Talonflame
|-sidestart|p1: jack41|move: Stealth Rock
|
|turn|28
|
|move|p1a: Talonflame|Roost|p1a: Talonflame
|-heal|p1a: Talonflame|297\/297 par
|move|p2a: Clefable|Moonblast|p1a: Talonflame
|-resisted|p1a: Talonflame
|-damage|p1a: Talonflame|222\/297 par
|-unboost|p1a: Talonflame|spa|1
|
|turn|29
|
|move|p2a: Clefable|Moonblast|p1a: Talonflame
|-resisted|p1a: Talonflame
|-damage|p1a: Talonflame|151\/297 par
|move|p1a: Talonflame|Swords Dance|p1a: Talonflame
|-boost|p1a: Talonflame|atk|2
|
|turn|30
|
|move|p1a: Talonflame|Roost|p1a: Talonflame
|-heal|p1a: Talonflame|297\/297 par
|move|p2a: Clefable|Moonblast|p1a: Talonflame
|-resisted|p1a: Talonflame
|-damage|p1a: Talonflame|219\/297 par
|
|turn|31
|
|move|p2a: Clefable|Moonblast|p1a: Talonflame
|-resisted|p1a: Talonflame
|-damage|p1a: Talonflame|150\/297 par
|move|p1a: Talonflame|Swords Dance|p1a: Talonflame
|-boost|p1a: Talonflame|atk|2
|
|turn|32
|
|move|p1a: Talonflame|Roost|p1a: Talonflame
|-heal|p1a: Talonflame|297\/297 par
|move|p2a: Clefable|Moonblast|p1a: Talonflame
|-resisted|p1a: Talonflame
|-damage|p1a: Talonflame|225\/297 par
|
|turn|33
|
|cant|p1a: Talonflame|par
|move|p2a: Clefable|Moonblast|p1a: Talonflame
|-resisted|p1a: Talonflame
|-damage|p1a: Talonflame|149\/297 par
|
|turn|34
|
|move|p1a: Talonflame|Roost|p1a: Talonflame
|-heal|p1a: Talonflame|297\/297 par
|move|p2a: Clefable|Moonblast|p1a: Talonflame
|-resisted|p1a: Talonflame
|-damage|p1a: Talonflame|224\/297 par
|
|turn|35
|
|move|p1a: Talonflame|Brave Bird|p2a: Clefable
|-damage|p2a: Clefable|0 fnt
|-damage|p1a: Talonflame|94\/297 par|[from] recoil|[of] p2a: Clefable
|faint|p2a: Clefable
|
|win|jack41
|raw|Ladder updating...
|raw|jack41's rating: 1649 &rarr; <strong>1671<\/strong><br \/>(+22 for winning)
|raw|Kong Bai's rating: 1674 &rarr; <strong>1652<\/strong><br \/>(-22 for losing)
|c|âjack41|gg
|leave|Kong Bai
|player|p2