|join|Kong Bai
|join|mrlollipop
|player|p1|Kong Bai|290
|player|p2|mrlollipop|101
|gametype|singles
|gen|6
|tier|OU
|rated
|clearpoke
|poke|p1|Smeargle, M
|poke|p1|Heracross, F
|poke|p1|Crawdaunt, F
|poke|p1|Exploud, M
|poke|p1|Bronzong
|poke|p1|Cresselia, F
|poke|p2|Skarmory, M
|poke|p2|Lopunny, F
|poke|p2|Breloom, F
|poke|p2|Azumarill, M
|poke|p2|Bisharp, F
|poke|p2|Gengar, F
|rule|Swagger Clause: Swagger is banned
|rule|Baton Pass Clause: Limit one PokÃ©mon knowing Baton Pass
|rule|Sleep Clause Mod: Limit one foe put to sleep
|rule|Species Clause: Limit one of each PokÃ©mon
|rule|OHKO Clause: OHKO moves are banned
|rule|Moody Clause: Moody is banned
|rule|Evasion Moves Clause: Evasion moves are banned
|rule|Endless Battle Clause: Forcing endless battles is banned
|rule|HP Percentage Mod: HP is shown in percentages
|teampreview
|
|start
|switch|p1a: Smeargle|Smeargle, M|314\/314
|switch|p2a: Lopunny|Lopunny, F|271\/271
|turn|1
|
|switch|p1a: Cresselia|Cresselia, F|444\/444
|detailschange|p2a: Lopunny|Lopunny-Mega, F
|-mega|p2a: Lopunny|Lopunny|Lopunnite
|move|p2a: Lopunny|Fake Out|p1a: Cresselia
|-damage|p1a: Cresselia|380\/444
|
|-heal|p1a: Cresselia|407\/444|[from] item: Leftovers
|turn|2
|
|switch|p2a: Bisharp|Bisharp, F|271\/271
|move|p1a: Cresselia|Trick Room|p1a: Cresselia
|-fieldstart|move: Trick Room|[of] p1a: Cresselia
|
|-heal|p1a: Cresselia|434\/444|[from] item: Leftovers
|turn|3
|
|switch|p1a: Heracross|Heracross, F|363\/363
|move|p2a: Bisharp|Swords Dance|p2a: Bisharp
|-boost|p2a: Bisharp|atk|2
|
|turn|4
|
|detailschange|p1a: Heracross|Heracross-Mega, F
|-mega|p1a: Heracross|Heracross|Heracronite
|move|p2a: Bisharp|Sucker Punch|p1a: Heracross
|-resisted|p1a: Heracross
|-damage|p1a: Heracross|191\/363
|-damage|p2a: Bisharp|244\/271|[from] item: Life Orb
|move|p1a: Heracross|Pin Missile|p2a: Bisharp
|-damage|p2a: Bisharp|186\/271
|-damage|p2a: Bisharp|123\/271
|-damage|p2a: Bisharp|63\/271
|-damage|p2a: Bisharp|0 fnt
|-hitcount|p2a: Bisharp|4
|faint|p2a: Bisharp
|
|
|switch|p2a: Lopunny|Lopunny-Mega, F|271\/271
|turn|5
|
|switch|p1a: Cresselia|Cresselia, F|434\/444
|move|p2a: Lopunny|Return|p1a: Cresselia
|-damage|p1a: Cresselia|278\/444
|
|-heal|p1a: Cresselia|305\/444|[from] item: Leftovers
|turn|6
|
|switch|p2a: Skarmory|Skarmory, M|271\/271
|move|p1a: Cresselia|Psychic|p2a: Skarmory
|-resisted|p2a: Skarmory
|-damage|p2a: Skarmory|217\/271
|
|-heal|p1a: Cresselia|332\/444|[from] item: Leftovers
|-fieldend|move: Trick Room
|turn|7
|
|move|p2a: Skarmory|Taunt|p1a: Cresselia
|-start|p1a: Cresselia|move: Taunt
|cant|p1a: Cresselia|move: Taunt|Trick Room
|
|-heal|p1a: Cresselia|359\/444|[from] item: Leftovers
|turn|8
|
|move|p2a: Skarmory|Stealth Rock|p1a: Cresselia
|-sidestart|p1: Kong Bai|move: Stealth Rock
|move|p1a: Cresselia|Psychic|p2a: Skarmory
|-resisted|p2a: Skarmory
|-damage|p2a: Skarmory|161\/271
|
|-heal|p1a: Cresselia|386\/444|[from] item: Leftovers
|turn|9
|
|switch|p1a: Crawdaunt|Crawdaunt, F|329\/329
|-damage|p1a: Crawdaunt|288\/329|[from] Stealth Rock
|move|p2a: Skarmory|Spikes|p1a: Crawdaunt
|-sidestart|p1: Kong Bai|Spikes
|
|turn|10
|
|move|p2a: Skarmory|Spikes|p1a: Crawdaunt
|-sidestart|p1: Kong Bai|Spikes
|move|p1a: Crawdaunt|Crabhammer|p2a: Skarmory
|-damage|p2a: Skarmory|0 fnt
|-damage|p1a: Crawdaunt|256\/329|[from] item: Life Orb
|faint|p2a: Skarmory
|
|
|switch|p2a: Azumarill|Azumarill, M|358\/358
|turn|11
|
|switch|p1a: Smeargle|Smeargle, M|314\/314
|-damage|p1a: Smeargle|262\/314|[from] Spikes
|-damage|p1a: Smeargle|223\/314|[from] Stealth Rock
|move|p2a: Azumarill|Belly Drum|p2a: Azumarill
|-damage|p2a: Azumarill|179\/358
|-setboost|p2a: Azumarill|atk|6|[from] move: Belly Drum
|-enditem|p2a: Azumarill|Sitrus Berry|[eat]
|-heal|p2a: Azumarill|268\/358|[from] item: Sitrus Berry
|
|turn|12
|
|move|p2a: Azumarill|Aqua Jet|p1a: Smeargle
|-damage|p1a: Smeargle|0 fnt
|faint|p1a: Smeargle
|
|
|switch|p1a: Cresselia|Cresselia, F|386\/444
|-damage|p1a: Cresselia|331\/444|[from] Stealth Rock
|turn|13
|
|move|p2a: Azumarill|Knock Off|p1a: Cresselia
|-supereffective|p1a: Cresselia
|-damage|p1a: Cresselia|0 fnt
|-enditem|p1a: Cresselia|Leftovers|[from] move: Knock Off|[of] p2a: Azumarill
|faint|p1a: Cresselia
|
|
|switch|p1a: Exploud|Exploud, M|411\/411
|-damage|p1a: Exploud|343\/411|[from] Spikes
|-damage|p1a: Exploud|292\/411|[from] Stealth Rock
|turn|14
|
|move|p2a: Azumarill|Aqua Jet|p1a: Exploud
|-damage|p1a: Exploud|0 fnt
|faint|p1a: Exploud
|
|
|switch|p1a: Crawdaunt|Crawdaunt, F|256\/329
|-damage|p1a: Crawdaunt|202\/329|[from] Spikes
|-damage|p1a: Crawdaunt|161\/329|[from] Stealth Rock
|turn|15
|
|move|p2a: Azumarill|Aqua Jet|p1a: Crawdaunt
|-resisted|p1a: Crawdaunt
|-damage|p1a: Crawdaunt|0 fnt
|faint|p1a: Crawdaunt
|
|c|âmrlollipop|huh
|c|âmrlollipop|lol
|
|switch|p1a: Bronzong|Bronzong|337\/337
|-damage|p1a: Bronzong|316\/337|[from] Stealth Rock
|turn|16
|
|move|p2a: Azumarill|Knock Off|p1a: Bronzong
|-supereffective|p1a: Bronzong
|-damage|p1a: Bronzong|0 fnt
|-enditem|p1a: Bronzong|Macho Brace|[from] move: Knock Off|[of] p2a: Azumarill
|faint|p1a: Bronzong
|
|c|âmrlollipop|gg
|
|switch|p1a: Heracross|Heracross-Mega, F|191\/363
|-damage|p1a: Heracross|146\/363|[from] Stealth Rock
|-damage|p1a: Heracross|86\/363|[from] Spikes
|turn|17
|
|move|p2a: Azumarill|Aqua Jet|p1a: Heracross
|-damage|p1a: Heracross|0 fnt
|faint|p1a: Heracross
|
|win|mrlollipop
|raw|Ladder updating...
|raw|Kong Bai's rating: 1521 &rarr; <strong>1500<\/strong><br \/>(-21 for losing)
|raw|mrlollipop's rating: 1496 &rarr; <strong>1518<\/strong><br \/>(+22 for winning)