|join|asdfCookie
|join|Kong Bai
|player|p1|asdfCookie|184
|player|p2|Kong Bai|290
|gametype|singles
|gen|6
|tier|OU
|rated
|clearpoke
|poke|p1|Altaria, M
|poke|p1|Dugtrio, M
|poke|p1|Scizor, F
|poke|p1|Talonflame, M
|poke|p1|Latios, M
|poke|p1|Keldeo-Resolute
|poke|p2|Serperior, M
|poke|p2|Dugtrio, M
|poke|p2|Lopunny, M
|poke|p2|Azumarill, M
|poke|p2|Infernape, F
|poke|p2|Starmie
|rule|Swagger Clause: Swagger is banned
|rule|Baton Pass Clause: Limit one PokÃ©mon knowing Baton Pass
|rule|Sleep Clause Mod: Limit one foe put to sleep
|rule|Species Clause: Limit one of each PokÃ©mon
|rule|OHKO Clause: OHKO moves are banned
|rule|Moody Clause: Moody is banned
|rule|Evasion Moves Clause: Evasion moves are banned
|rule|Endless Battle Clause: Forcing endless battles is banned
|rule|HP Percentage Mod: HP is shown in percentages
|teampreview
|join|Alvok
|join|Adiisfine
|join|CleanerThanRotom-W
|c|âasdfCookie|who is dis
|c|âasdfCookie|and why are you famous
|c| Adiisfine|Shofu We love you
|join|NagariHO
|c|âKong Bai|stop boys
|c| NagariHO|LOL
|c|âasdfCookie|oml
|c| Alvok|YOU
|c| Alvok|ARE PLAYING SHOFU
|
|start
|switch|p1a: Keldeo-Resolute|Keldeo-Resolute|323\/323
|switch|p2a: Infernape|Infernape, F|293\/293
|turn|1
|c|âasdfCookie|wat
|c| NagariHO|i'd run mega pidgeot on ur team Kong Bai
|c|âasdfCookie|why would shofu be so trash
|c|âKong Bai|but i would be slow tho
|c| Alvok|yeah man, abuse dugtrio
|c|âKong Bai|EXACTLY COOKIE
|c| Alvok|shofu's on this alt
|c|âKong Bai|EXACTLY
|c| Alvok|HE'S USING A CHINESE NAME TO CONCEAL THE FACT THAT HE'S BLACK
|
|move|p1a: Keldeo-Resolute|Substitute|p1a: Keldeo-Resolute
|-start|p1a: Keldeo-Resolute|Substitute
|-damage|p1a: Keldeo-Resolute|243\/323
|move|p2a: Infernape|Stealth Rock|p1a: Keldeo-Resolute
|-sidestart|p1: asdfCookie|move: Stealth Rock
|
|-heal|p1a: Keldeo-Resolute|263\/323|[from] item: Leftovers
|turn|2
|c| Adiisfine|OML
|
|move|p1a: Keldeo-Resolute|Scald|p2a: Infernape
|-supereffective|p2a: Infernape
|-enditem|p2a: Infernape|Focus Sash
|-damage|p2a: Infernape|1\/293
|move|p2a: Infernape|Fire Blast|p1a: Keldeo-Resolute
|-resisted|p1a: Keldeo-Resolute
|-end|p1a: Keldeo-Resolute|Substitute
|
|-heal|p1a: Keldeo-Resolute|283\/323|[from] item: Leftovers
|turn|3
|
|move|p1a: Keldeo-Resolute|Scald|p2a: Infernape
|-supereffective|p2a: Infernape
|-damage|p2a: Infernape|0 fnt
|faint|p2a: Infernape
|
|-heal|p1a: Keldeo-Resolute|303\/323|[from] item: Leftovers
|
|switch|p2a: Serperior|Serperior, M|295\/295
|turn|4
|
|switch|p1a: Latios|Latios, M|301\/301
|-damage|p1a: Latios|264\/301|[from] Stealth Rock
|move|p2a: Serperior|Leaf Storm|p1a: Latios
|-resisted|p1a: Latios
|-damage|p1a: Latios|192\/301
|-boost|p2a: Serperior|spa|2
|
|turn|5
|c| Adiisfine|Mega altaria is a problem for serperior
|c|âasdfCookie|!dt serperior
|c|~|\/data-pokemon Serperior
|raw|<font size="1"><font color=#585858>Dex#:<\/font> 497&nbsp;|&ThickSpace;<font color=#585858>Height:<\/font> 3.3 m&nbsp;|&ThickSpace;<font color=#585858>Weight:<\/font> 63 kg <em>(80 BP)<\/em>&nbsp;|&ThickSpace;<font color=#585858>Dex Colour:<\/font> Green&nbsp;|&ThickSpace;<font color=#585858>Egg Group(s):<\/font> Field, Grass&nbsp;|&ThickSpace;<font color=#585858><font color=#585858>Does Not Evolve<\/font><\/font><\/font>
|c| NagariHO|yup
|c| Alvok|as you see ... shofu will pull through
|c| Alvok|like how he did in previous game
|
|move|p1a: Latios|Draco Meteor|p2a: Serperior
|-crit|p2a: Serperior
|-damage|p2a: Serperior|0 fnt
|-unboost|p1a: Latios|spa|2
|faint|p2a: Serperior
|
|
|switch|p2a: Azumarill|Azumarill, M|402\/402
|turn|6
|
|switch|p1a: Keldeo-Resolute|Keldeo-Resolute|303\/323
|-damage|p1a: Keldeo-Resolute|283\/323|[from] Stealth Rock
|move|p2a: Azumarill|Belly Drum|p2a: Azumarill
|-damage|p2a: Azumarill|201\/402
|-setboost|p2a: Azumarill|atk|6|[from] move: Belly Drum
|-enditem|p2a: Azumarill|Sitrus Berry|[eat]
|-heal|p2a: Azumarill|301\/402|[from] item: Sitrus Berry
|
|-heal|p1a: Keldeo-Resolute|303\/323|[from] item: Leftovers
|turn|7
|c| Alvok|SHOFU GIVING CHANCES , NOT PREDICTING THE SCARF
|
|move|p1a: Keldeo-Resolute|Scald|p2a: Azumarill
|-resisted|p2a: Azumarill
|-damage|p2a: Azumarill|214\/402
|move|p2a: Azumarill|Play Rough|p1a: Keldeo-Resolute
|-supereffective|p1a: Keldeo-Resolute
|-damage|p1a: Keldeo-Resolute|0 fnt
|faint|p1a: Keldeo-Resolute
|
|c| NagariHO|predicted the crit
|
|switch|p1a: Talonflame|Talonflame, M|297\/297
|-damage|p1a: Talonflame|149\/297|[from] Stealth Rock
|turn|8
|
|move|p1a: Talonflame|Brave Bird|p2a: Azumarill
|-damage|p2a: Azumarill|4\/402
|-damage|p1a: Talonflame|80\/297|[from] recoil|[of] p2a: Azumarill
|move|p2a: Azumarill|Aqua Jet|p1a: Talonflame
|-supereffective|p1a: Talonflame
|-damage|p1a: Talonflame|0 fnt
|faint|p1a: Talonflame
|
|c| Adiisfine|OML
|c| NagariHO|no burn WHAT?!
|c| NagariHO|BAWLK!!!
|c| Adiisfine|Get predicted by shofu.
|c|âKong Bai|fuck boys.
|leave|Adiisfine
|
|switch|p1a: Altaria|Altaria, M|307\/307
|-damage|p1a: Altaria|231\/307|[from] Stealth Rock
|turn|9
|
|detailschange|p1a: Altaria|Altaria-Mega, M
|-mega|p1a: Altaria|Altaria|Altarianite
|move|p2a: Azumarill|Aqua Jet|p1a: Altaria
|-resisted|p1a: Altaria
|-damage|p1a: Altaria|78\/307
|move|p1a: Altaria|Frustration|p2a: Azumarill
|-crit|p2a: Azumarill
|-damage|p2a: Azumarill|0 fnt
|faint|p2a: Azumarill
|
|c| Alvok|you dont have to be rude, shofu :[
|
|switch|p2a: Lopunny|Lopunny, M|271\/271
|turn|10
|
|switch|p1a: Dugtrio|Dugtrio, M|201\/201
|-damage|p1a: Dugtrio|189\/201|[from] Stealth Rock
|detailschange|p2a: Lopunny|Lopunny-Mega, M
|-mega|p2a: Lopunny|Lopunny|Lopunnite
|move|p2a: Lopunny|Return|p1a: Dugtrio
|-damage|p1a: Dugtrio|0 fnt
|faint|p1a: Dugtrio
|
|
|switch|p1a: Latios|Latios, M|192\/301
|-damage|p1a: Latios|155\/301|[from] Stealth Rock
|turn|11
|
|switch|p2a: Dugtrio|Dugtrio, M|211\/211
|move|p1a: Latios|Psyshock|p2a: Dugtrio
|-enditem|p2a: Dugtrio|Focus Sash
|-damage|p2a: Dugtrio|1\/211
|
|turn|12
|c| NagariHO|i sesnse calcs
|
|move|p1a: Latios|Psyshock|p2a: Dugtrio
|-damage|p2a: Dugtrio|0 fnt
|faint|p2a: Dugtrio
|
|c| NagariHO|*sense
|
|switch|p2a: Starmie|Starmie|261\/261
|turn|13
|c| Alvok|shofu coming up with his godlike plans man
|
|switch|p1a: Altaria|Altaria-Mega, M|78\/307
|-damage|p1a: Altaria|40\/307|[from] Stealth Rock
|move|p2a: Starmie|Hydro Pump|p1a: Altaria
|-resisted|p1a: Altaria
|-damage|p1a: Altaria|0 fnt
|-damage|p2a: Starmie|235\/261|[from] item: Life Orb
|faint|p1a: Altaria
|
|
|switch|p1a: Latios|Latios, M|155\/301
|-damage|p1a: Latios|118\/301|[from] Stealth Rock
|turn|14
|
|move|p1a: Latios|Draco Meteor|p2a: Starmie
|-damage|p2a: Starmie|0 fnt
|-unboost|p1a: Latios|spa|2
|faint|p2a: Starmie
|
|
|switch|p2a: Lopunny|Lopunny-Mega, M|271\/271
|turn|15
|
|switch|p1a: Scizor|Scizor, F|343\/343
|-damage|p1a: Scizor|301\/343|[from] Stealth Rock
|move|p2a: Lopunny|Return|p1a: Scizor
|-resisted|p1a: Scizor
|-damage|p1a: Scizor|210\/343
|
|turn|16
|c| Alvok|shofu lost :[
|c| NagariHO|gg wp cookie
|
|move|p1a: Scizor|Bullet Punch|p2a: Lopunny
|-damage|p2a: Lopunny|84\/271
|move|p2a: Lopunny|High Jump Kick|p1a: Scizor
|-damage|p1a: Scizor|0 fnt
|faint|p1a: Scizor
|
|
|switch|p1a: Latios|Latios, M|118\/301
|-damage|p1a: Latios|81\/301|[from] Stealth Rock
|turn|17
|c| Alvok|cookie's gonna be famous mang
|
|move|p1a: Latios|Psyshock|p2a: Lopunny
|-crit|p2a: Lopunny
|-supereffective|p2a: Lopunny
|-damage|p2a: Lopunny|0 fnt
|faint|p2a: Lopunny
|
|win|asdfCookie
|raw|Ladder updating...
|raw|asdfCookie's rating: 1428 &rarr; <strong>1445<\/strong><br \/>(+17 for winning)
|raw|Kong Bai's rating: 1367 &rarr; <strong>1350<\/strong><br \/>(-17 for losing)
|c|âKong Bai|gg
|c|âasdfCookie|gg
|leave|Kong Bai
|player|p2
|leave|asdfCookie
|player|p1
|join|asdfCookie