|join|ivan veiga
|join|Fairy Peak!
|player|p1|ivan veiga|153
|player|p2|Fairy Peak!|18
|gametype|singles
|gen|6
|tier|ORAS OU
|rated
|rule|Sleep Clause Mod: Limit one foe put to sleep
|rule|Species Clause: Limit one of each PokÃ©mon
|rule|OHKO Clause: OHKO moves are banned
|rule|Moody Clause: Moody is banned
|rule|Evasion Moves Clause: Evasion moves are banned
|rule|Endless Battle Clause: Forcing endless battles is banned
|rule|HP Percentage Mod: HP is shown in percentages
|clearpoke
|poke|p1|Galvantula, M, shiny
|poke|p1|Noivern, F, shiny
|poke|p1|Garchomp, M, shiny
|poke|p1|Dragonite, M, shiny
|poke|p1|Greninja, M, shiny
|poke|p1|Latios, M, shiny
|poke|p2|Altaria, F
|poke|p2|Rotom-Wash
|poke|p2|Latias, F
|poke|p2|Landorus-Therian, M
|poke|p2|Heatran, F
|poke|p2|Terrakion
|rule|Swagger Clause: Swagger is banned
|rule|Baton Pass Clause: Limit one PokÃ©mon knowing Baton Pass
|teampreview
|c|âFairy Peak!|Gl.
|
|start
|switch|p1a: Galvantula|Galvantula, M, shiny|281\/281
|switch|p2a: Altaria|Altaria, F|291\/291
|-ability|p2a: Altaria|Cloud Nine
|turn|1
|
|detailschange|p2a: Altaria|Altaria-Mega, F
|message|Altaria has Mega Evolved into Mega Altaria!
|move|p1a: Galvantula|Sticky Web|p2a: Altaria
|-sidestart|p2: Fairy Peak!|move: Sticky Web
|move|p2a: Altaria|Dragon Dance|p2a: Altaria
|-boost|p2a: Altaria|atk|1
|-boost|p2a: Altaria|spe|1
|
|turn|2
|
|move|p2a: Altaria|Return|p1a: Galvantula
|-enditem|p1a: Galvantula|Focus Sash
|-damage|p1a: Galvantula|1\/281
|move|p1a: Galvantula|Thunder|p2a: Altaria|[miss]
|-miss|p1a: Galvantula|p2a: Altaria
|
|turn|3
|
|move|p2a: Altaria|Return|p1a: Galvantula
|-damage|p1a: Galvantula|0 fnt
|faint|p1a: Galvantula
|
|
|switch|p1a: Garchomp|Garchomp, M, shiny|357\/357
|turn|4
|
|move|p2a: Altaria|Return|p1a: Garchomp
|-supereffective|p1a: Garchomp
|-enditem|p1a: Garchomp|Focus Sash
|-damage|p1a: Garchomp|1\/357
|-damage|p2a: Altaria|255\/291|[from] ability: Rough Skin|[of] p1a: Garchomp
|move|p1a: Garchomp|Stone Edge|p2a: Altaria
|-damage|p2a: Altaria|126\/291
|
|turn|5
|
|move|p2a: Altaria|Earthquake|p1a: Garchomp
|-damage|p1a: Garchomp|0 fnt
|faint|p1a: Garchomp
|
|
|switch|p1a: Dragonite|Dragonite, M, shiny|324\/324
|turn|6
|
|move|p1a: Dragonite|Extreme Speed|p2a: Altaria
|-damage|p2a: Altaria|23\/291
|move|p2a: Altaria|Return|p1a: Dragonite
|-supereffective|p1a: Dragonite
|-damage|p1a: Dragonite|0 fnt
|faint|p1a: Dragonite
|
|
|switch|p1a: Noivern|Noivern, F, shiny|311\/311
|turn|7
|
|move|p2a: Altaria|Return|p1a: Noivern
|-supereffective|p1a: Noivern
|-damage|p1a: Noivern|0 fnt
|faint|p1a: Noivern
|
|-message|ivan veiga forfeited.
|
|win|Fairy Peak!
|raw|Ladder updating...
|leave|ivan veiga
|player|p1
|raw|ivan veiga's rating: 1329 &rarr; <strong>1311<\/strong><br \/>(-18 for losing)
|raw|Fairy Peak!'s rating: 1361 &rarr; <strong>1379<\/strong><br \/>(+18 for winning)