|join|Vohlt
|join|Fairy Peak!
|player|p1|Vohlt|118
|player|p2|Fairy Peak!|289
|gametype|singles
|gen|6
|tier|OU
|clearpoke
|poke|p1|Mew
|poke|p1|Tyranitar, M, shiny
|poke|p1|Scizor, F
|poke|p1|Latios, M
|poke|p1|Excadrill, M
|poke|p1|Keldeo-Resolute
|poke|p2|Zapdos
|poke|p2|Magnezone
|poke|p2|Gardevoir, M, shiny
|poke|p2|Weavile, F
|poke|p2|Manaphy
|poke|p2|Victini
|rule|Swagger Clause: Swagger is banned
|rule|Baton Pass Clause: Limit one PokÃ©mon knowing Baton Pass
|rule|Sleep Clause Mod: Limit one foe put to sleep
|rule|Species Clause: Limit one of each PokÃ©mon
|rule|OHKO Clause: OHKO moves are banned
|rule|Moody Clause: Moody is banned
|rule|Evasion Moves Clause: Evasion moves are banned
|rule|Endless Battle Clause: Forcing endless battles is banned
|rule|HP Percentage Mod: HP is shown in percentages
|teampreview
|c|âFairy Peak!|Gl.
|join|the_blue_storm
|join|nathaliemam
|c|âVohlt|uÃ©
|c|âFairy Peak!|Waah
|c|âFairy Peak!|Que des pokemon que j'aime pas en face.
|join|Iristo
|c|âFairy Peak!|:\/
|join|Liloo
|join|Deyon20
|c| nathaliemam|va si vohlt
|join|Fan de ea
|join|weshbien
|join|Majaspic22
|join|kader bosse
|join|Xiion
|join|Xopi
|join|BahaWin
|c| kader bosse|vohlt tu pense gagner 
|
|start
|switch|p1a: Lord Poney|Keldeo-Resolute|329\/329
|switch|p2a: Zaaaaap|Zapdos|384\/384
|-ability|p2a: Zaaaaap|Pressure
|turn|1
|c| BahaWin|waw
|c| BahaWin|tyranitar
|c| BahaWin|shiney
|
|switch|p1a: Lord Mole|Excadrill, M|362\/362
|-item|p1a: Lord Mole|Air Balloon
|move|p2a: Zaaaaap|Discharge|p1a: Lord Mole
|-immune|p1a: Lord Mole|[msg]
|
|turn|2
|c| the_blue_storm|mdr
|
|switch|p1a: Lord Berzerk|Tyranitar, M, shiny|342\/342
|-weather|Sandstorm
|move|p2a: Zaaaaap|Heat Wave|p1a: Lord Berzerk
|-resisted|p1a: Lord Berzerk
|-damage|p1a: Lord Berzerk|311\/342
|-status|p1a: Lord Berzerk|brn
|
|-weather|Sandstorm|[upkeep]
|-damage|p2a: Zaaaaap|360\/384|[from] sandstorm
|-heal|p2a: Zaaaaap|384\/384|[from] item: Leftovers
|-damage|p1a: Lord Berzerk|269\/342 brn|[from] brn
|turn|3
|c|âFairy Peak!|Ok.
|c|âVohlt|god
|c| kader bosse|aprÃ©s tu peut me combattre 
|c|âFairy Peak!|2Ã¨me fois de ma vie que je brÃ»le;
|c|âVohlt|ce burn zz
|
|move|p1a: Lord Berzerk|Stealth Rock|p2a: Zaaaaap
|-sidestart|p2: Fairy Peak!|move: Stealth Rock
|move|p2a: Zaaaaap|Heat Wave|p1a: Lord Berzerk
|-crit|p1a: Lord Berzerk
|-resisted|p1a: Lord Berzerk
|-damage|p1a: Lord Berzerk|227\/342 brn
|
|-weather|Sandstorm|[upkeep]
|-damage|p2a: Zaaaaap|360\/384|[from] sandstorm
|-heal|p2a: Zaaaaap|384\/384|[from] item: Leftovers
|-damage|p1a: Lord Berzerk|185\/342 brn|[from] brn
|turn|4
|c| Fan de ea|vohlt pourquoi ta perdu au tour de ken bogard ?^^^^^
|c|âVohlt|parceque j'ai miss ice fang ^^^
|
|move|p1a: Lord Berzerk|Stone Edge|p2a: Zaaaaap|[miss]
|-miss|p1a: Lord Berzerk|p2a: Zaaaaap
|move|p2a: Zaaaaap|Heat Wave|p1a: Lord Berzerk
|-resisted|p1a: Lord Berzerk
|-damage|p1a: Lord Berzerk|154\/342 brn
|
|-weather|Sandstorm|[upkeep]
|-damage|p2a: Zaaaaap|360\/384|[from] sandstorm
|-heal|p2a: Zaaaaap|384\/384|[from] item: Leftovers
|-damage|p1a: Lord Berzerk|112\/342 brn|[from] brn
|turn|5
|c|âFairy Peak!|x)
|c| BahaWin|Ils sont relous les randomz
|c|âVohlt|pls
|
|switch|p1a: Lord Mew|Mew|404\/404
|move|p2a: Zaaaaap|Defog|p1a: Lord Mew
|-unboost|p1a: Lord Mew|evasion|1
|-sideend|p2: Fairy Peak!|Stealth Rock|[from] move: Defog|[of] p2a: Zaaaaap
|
|-weather|Sandstorm|[upkeep]
|-damage|p1a: Lord Mew|379\/404|[from] sandstorm
|-damage|p2a: Zaaaaap|360\/384|[from] sandstorm
|-heal|p1a: Lord Mew|404\/404|[from] item: Leftovers
|-heal|p2a: Zaaaaap|384\/384|[from] item: Leftovers
|turn|6
|c| the_blue_storm|d'accord ave toi baha
|c| the_blue_storm|avec*
|c| Fan de ea|:'(
|leave|weshbien
|c|âVohlt|azy la c'est quoi cette game volÃ©
|c|âFairy Peak!|Je dÃ©teste Ã§a en plus.
|
|switch|p2a: Happy|Victini|341\/341
|move|p1a: Lord Mew|Will-O-Wisp|p2a: Happy
|-fail|p2a: Happy
|
|-weather|Sandstorm|[upkeep]
|-damage|p2a: Happy|320\/341|[from] sandstorm
|-damage|p1a: Lord Mew|379\/404|[from] sandstorm
|-heal|p1a: Lord Mew|404\/404|[from] item: Leftovers
|turn|7
|c| BahaWin|the mew counter
|c| kader bosse| volth aprÃ¨s tu peut me combattre 
|join|Korby
|c| BahaWin|Victini
|c| BahaWin|(y)
|
|switch|p1a: Lord Poney|Keldeo-Resolute|329\/329
|move|p2a: Happy|U-turn|p1a: Lord Poney
|-resisted|p1a: Lord Poney
|-damage|p1a: Lord Poney|275\/329
|join|H & A winter
|c| Fan de ea|oh victini
|
|switch|p2a: It's A Trap !|Magnezone|344\/344
|
|-weather|Sandstorm|[upkeep]
|-damage|p1a: Lord Poney|255\/329|[from] sandstorm
|turn|8
|
|switch|p2a: ManaGwak|Manaphy|404\/404
|move|p1a: Lord Poney|Secret Sword|p2a: ManaGwak
|-damage|p2a: ManaGwak|286\/404
|
|-weather|Sandstorm|[upkeep]
|-damage|p1a: Lord Poney|235\/329|[from] sandstorm
|-damage|p2a: ManaGwak|261\/404|[from] sandstorm
|-heal|p2a: ManaGwak|286\/404|[from] item: Leftovers
|turn|9
|
|switch|p1a: Lord Dragon|Latios, M|304\/304
|move|p2a: ManaGwak|Rain Dance|p2a: ManaGwak
|-weather|RainDance
|
|-weather|RainDance|[upkeep]
|-heal|p2a: ManaGwak|311\/404|[from] item: Leftovers
|turn|10
|c|âFairy Peak!|J'aime les miss clic.
|
|switch|p2a: It's A Trap !|Magnezone|344\/344
|move|p1a: Lord Dragon|Psyshock|p2a: It's A Trap !
|-resisted|p2a: It's A Trap !
|-damage|p2a: It's A Trap !|269\/344
|-damage|p1a: Lord Dragon|274\/304|[from] item: Life Orb
|
|-weather|RainDance|[upkeep]
|turn|11
|
|switch|p1a: Lord Mole|Excadrill, M|362\/362
|-item|p1a: Lord Mole|Air Balloon
|move|p2a: It's A Trap !|Flash Cannon|p1a: Lord Mole
|-resisted|p1a: Lord Mole
|-damage|p1a: Lord Mole|182\/362
|-enditem|p1a: Lord Mole|Air Balloon
|
|-weather|RainDance|[upkeep]
|turn|12
|
|switch|p2a: ManaGwak|Manaphy|311\/404
|move|p1a: Lord Mole|Rock Slide|p2a: ManaGwak
|-damage|p2a: ManaGwak|236\/404
|
|-weather|RainDance|[upkeep]
|-heal|p2a: ManaGwak|261\/404|[from] item: Leftovers
|turn|13
|c|âVohlt|ca me soule de ouf la
|c|âVohlt|tyr burn
|c|âVohlt|je peux plus rythmÃ© le jeu
|c|âVohlt|zzz
|c|âFairy Peak!|En plus du 1er coup.
|c|âFairy Peak!|...
|c| kader bosse|pas de bol
|
|switch|p1a: Lord Mew|Mew|404\/404
|move|p2a: ManaGwak|Scald|p1a: Lord Mew
|-damage|p1a: Lord Mew|280\/404
|
|-weather|none
|-heal|p1a: Lord Mew|305\/404|[from] item: Leftovers
|-heal|p2a: ManaGwak|286\/404|[from] item: Leftovers
|turn|14
|join|LumiShadow
|
|move|p1a: Lord Mew|Taunt|p2a: ManaGwak
|-start|p2a: ManaGwak|move: Taunt
|cant|p2a: ManaGwak|move: Taunt|Rain Dance
|
|-heal|p1a: Lord Mew|330\/404|[from] item: Leftovers
|-heal|p2a: ManaGwak|311\/404|[from] item: Leftovers
|turn|15
|leave|Fan de ea
|
|switch|p1a: Lord Poney|Keldeo-Resolute|235\/329
|move|p2a: ManaGwak|Scald|p1a: Lord Poney
|-resisted|p1a: Lord Poney
|-damage|p1a: Lord Poney|183\/329
|
|-heal|p2a: ManaGwak|336\/404|[from] item: Leftovers
|turn|16
|
|switch|p1a: Lord Dragon|Latios, M|274\/304
|move|p2a: ManaGwak|Scald|p1a: Lord Dragon
|-resisted|p1a: Lord Dragon
|-damage|p1a: Lord Dragon|231\/304
|
|-heal|p2a: ManaGwak|361\/404|[from] item: Leftovers
|-end|p2a: ManaGwak|move: Taunt
|turn|17
|join|Ketsu
|
|switch|p2a: It's A Trap !|Magnezone|269\/344
|move|p1a: Lord Dragon|Psyshock|p2a: It's A Trap !
|-resisted|p2a: It's A Trap !
|-damage|p2a: It's A Trap !|188\/344
|-damage|p1a: Lord Dragon|201\/304|[from] item: Life Orb
|
|turn|18
|leave|Ketsu
|
|move|p1a: Lord Dragon|Hidden Power|p2a: It's A Trap !
|-supereffective|p2a: It's A Trap !
|-damage|p2a: It's A Trap !|0 fnt
|-damage|p1a: Lord Dragon|171\/304|[from] item: Life Orb
|faint|p2a: It's A Trap !
|
|leave|the_blue_storm
|c| kader bosse|volth aprÃ¨s tu peut me combattre
|c|âFairy Peak!|Ouch.
|
|switch|p2a: I'm Badass Bro|Weavile, F|282\/282
|-ability|p2a: I'm Badass Bro|Pressure
|turn|19
|
|switch|p2a: Happy|Victini|320\/341
|switch|p1a: Lord Zor|Scizor, F|308\/308
|
|turn|20
|
|switch|p1a: Lord Poney|Keldeo-Resolute|183\/329
|move|p2a: Happy|V-create|p1a: Lord Poney
|-resisted|p1a: Lord Poney
|-damage|p1a: Lord Poney|0 fnt
|-unboost|p2a: Happy|def|1
|-unboost|p2a: Happy|spd|1
|-unboost|p2a: Happy|spe|1
|faint|p1a: Lord Poney
|
|
|switch|p1a: Lord Berzerk|Tyranitar, M, shiny|112\/342 brn
|-weather|Sandstorm
|turn|21
|c| Deyon20|Du Haxx et du Stall
|c| kader bosse|ouch
|
|switch|p2a: ManaGwak|Manaphy|361\/404
|move|p1a: Lord Berzerk|Stealth Rock|p2a: ManaGwak
|-sidestart|p2: Fairy Peak!|move: Stealth Rock
|
|-weather|Sandstorm|[upkeep]
|-damage|p2a: ManaGwak|336\/404|[from] sandstorm
|-heal|p2a: ManaGwak|361\/404|[from] item: Leftovers
|-damage|p1a: Lord Berzerk|70\/342 brn|[from] brn
|turn|22
|
|switch|p1a: Lord Dragon|Latios, M|171\/304
|move|p2a: ManaGwak|Rain Dance|p2a: ManaGwak
|-weather|RainDance
|
|-weather|RainDance|[upkeep]
|-heal|p2a: ManaGwak|386\/404|[from] item: Leftovers
|turn|23
|
|move|p1a: Lord Dragon|Draco Meteor|p2a: ManaGwak
|-damage|p2a: ManaGwak|69\/404
|-unboost|p1a: Lord Dragon|spa|2
|-damage|p1a: Lord Dragon|141\/304|[from] item: Life Orb
|move|p2a: ManaGwak|Rest|p2a: ManaGwak
|-status|p2a: ManaGwak|slp
|-heal|p2a: ManaGwak|404\/404 slp|[silent]
|-status|p2a: ManaGwak|slp|[from] move: Rest
|
|-weather|RainDance|[upkeep]
|-curestatus|p2a: ManaGwak|slp
|turn|24
|
|switch|p1a: Lord Mew|Mew|330\/404
|move|p2a: ManaGwak|Calm Mind|p2a: ManaGwak
|-boost|p2a: ManaGwak|spa|1
|-boost|p2a: ManaGwak|spd|1
|
|-weather|RainDance|[upkeep]
|-heal|p1a: Lord Mew|355\/404|[from] item: Leftovers
|turn|25
|
|move|p1a: Lord Mew|Taunt|p2a: ManaGwak
|-start|p2a: ManaGwak|move: Taunt
|move|p2a: ManaGwak|Scald|p1a: Lord Mew
|-damage|p1a: Lord Mew|166\/404
|-status|p1a: Lord Mew|brn
|-status|p2a: ManaGwak|brn
|
|-weather|RainDance|[upkeep]
|-heal|p1a: Lord Mew|191\/404 brn|[from] item: Leftovers
|-curestatus|p2a: ManaGwak|brn
|-damage|p1a: Lord Mew|141\/404 brn|[from] brn
|turn|26
|leave|LumiShadow
|
|move|p1a: Lord Mew|Soft-Boiled|p1a: Lord Mew
|-heal|p1a: Lord Mew|343\/404 brn
|move|p2a: ManaGwak|Scald|p1a: Lord Mew
|-damage|p1a: Lord Mew|180\/404 brn
|
|-weather|none
|-heal|p1a: Lord Mew|205\/404 brn|[from] item: Leftovers
|-damage|p1a: Lord Mew|155\/404 brn|[from] brn
|turn|27
|
|move|p1a: Lord Mew|Night Shade|p2a: ManaGwak
|-damage|p2a: ManaGwak|304\/404
|move|p2a: ManaGwak|Scald|p1a: Lord Mew
|-damage|p1a: Lord Mew|38\/404 brn
|
|-heal|p1a: Lord Mew|63\/404 brn|[from] item: Leftovers
|-heal|p2a: ManaGwak|329\/404|[from] item: Leftovers
|-damage|p1a: Lord Mew|13\/404 brn|[from] brn
|-end|p2a: ManaGwak|move: Taunt
|turn|28
|
|move|p1a: Lord Mew|Taunt|p2a: ManaGwak
|-start|p2a: ManaGwak|move: Taunt
|cant|p2a: ManaGwak|move: Taunt|Rain Dance
|
|-heal|p1a: Lord Mew|38\/404 brn|[from] item: Leftovers
|-heal|p2a: ManaGwak|354\/404|[from] item: Leftovers
|-damage|p1a: Lord Mew|0 fnt|[from] brn
|faint|p1a: Lord Mew
|
|switch|p1a: Lord Dragon|Latios, M|141\/304
|turn|29
|join|I play Bad
|
|move|p1a: Lord Dragon|Draco Meteor|p2a: ManaGwak
|-damage|p2a: ManaGwak|151\/404
|-unboost|p1a: Lord Dragon|spa|2
|-damage|p1a: Lord Dragon|111\/304|[from] item: Life Orb
|move|p2a: ManaGwak|Scald|p1a: Lord Dragon
|-resisted|p1a: Lord Dragon
|-damage|p1a: Lord Dragon|51\/304
|-status|p1a: Lord Dragon|brn
|
|-heal|p2a: ManaGwak|176\/404|[from] item: Leftovers
|-damage|p1a: Lord Dragon|13\/304 brn|[from] brn
|turn|30
|
|switch|p2a: Zaaaaap|Zapdos|384\/384
|-damage|p2a: Zaaaaap|288\/384|[from] Stealth Rock
|-ability|p2a: Zaaaaap|Pressure
|move|p1a: Lord Dragon|Psyshock|p2a: Zaaaaap
|-damage|p2a: Zaaaaap|171\/384
|-damage|p1a: Lord Dragon|0 fnt|[from] item: Life Orb
|faint|p1a: Lord Dragon
|
|-heal|p2a: Zaaaaap|195\/384|[from] item: Leftovers
|
|switch|p1a: Lord Mole|Excadrill, M|182\/362
|turn|31
|
|move|p1a: Lord Mole|Rock Slide|p2a: Zaaaaap
|-crit|p2a: Zaaaaap
|-supereffective|p2a: Zaaaaap
|-damage|p2a: Zaaaaap|0 fnt
|faint|p2a: Zaaaaap
|
|c| I play Bad|-_-
|c| I play Bad|le crit
|c|âFairy Peak!|Vu le haxx que j'ai fais.
|c|âVohlt|on en parle du burn a 10 % ?
|c|âFairy Peak!|Ã§a me dÃ©range pas tu vois.
|
|switch|p2a: Happy|Victini|320\/341
|-damage|p2a: Happy|235\/341|[from] Stealth Rock
|turn|32
|
|switch|p1a: Lord Berzerk|Tyranitar, M, shiny|70\/342 brn
|-weather|Sandstorm
|move|p2a: Happy|U-turn|p1a: Lord Berzerk
|-supereffective|p1a: Lord Berzerk
|-damage|p1a: Lord Berzerk|0 fnt
|faint|p1a: Lord Berzerk
|c| I play Bad|dsl j'ai pas vus le match du tour 0 au tour 28
|
|switch|p2a: ManaGwak|Manaphy|176\/404
|-damage|p2a: ManaGwak|126\/404|[from] Stealth Rock
|
|-weather|Sandstorm|[upkeep]
|-damage|p2a: ManaGwak|101\/404|[from] sandstorm
|-heal|p2a: ManaGwak|126\/404|[from] item: Leftovers
|c| I play Bad|mais c'est juste que je me suis pris telement de haxx dÃ¨s mon 1er match
|c| BahaWin|donc ferme ta gueule
|c|âFairy Peak!|J'ai perdu je crois.
|
|switch|p1a: Lord Mole|Excadrill, M|182\/362
|turn|33
|c| I play Bad|que dÃ¨s que je vois de la haxx je pÃ¨re un cable -_-
|
|move|p1a: Lord Mole|Earthquake|p2a: ManaGwak
|-damage|p2a: ManaGwak|0 fnt
|faint|p2a: ManaGwak
|
|-weather|Sandstorm|[upkeep]
|c| BahaWin|bah va dehors
|
|switch|p2a: So Beautiful|Gardevoir, M, shiny|277\/277
|-damage|p2a: So Beautiful|243\/277|[from] Stealth Rock
|-ability|p2a: So Beautiful|Sand Rush|[from] ability: Trace|[of] p1a: Lord Mole
|turn|34
|c| Deyon20|S rapelle ton match en demi du tournoi de ken
|c| I play Bad|bhaha tg j'tai rien demandÃ©
|c| BahaWin|respire
|c| BahaWin|et reviens
|c|âFairy Peak!|Je dÃ©teste minotaupe.
|c| BahaWin|au lieu de venir nous emmerder
|
|switch|p2a: Happy|Victini|235\/341
|-damage|p2a: Happy|150\/341|[from] Stealth Rock
|switch|p1a: Lord Zor|Scizor, F|308\/308
|
|-weather|Sandstorm|[upkeep]
|-damage|p2a: Happy|129\/341|[from] sandstorm
|turn|35
|c| BahaWin|avec des remarques de merde
|join|Hiro Test
|join|eVolTaGe
|c| I play Bad|...
|c| I play Bad|ok
|
|switch|p1a: Lord Mole|Excadrill, M|182\/362
|move|p2a: Happy|V-create|p1a: Lord Mole
|-supereffective|p1a: Lord Mole
|-damage|p1a: Lord Mole|0 fnt
|-unboost|p2a: Happy|def|1
|-unboost|p2a: Happy|spd|1
|-unboost|p2a: Happy|spe|1
|faint|p1a: Lord Mole
|
|-weather|Sandstorm|[upkeep]
|-damage|p2a: Happy|108\/341|[from] sandstorm
|c| BahaWin|merci.
|c|âFairy Peak!|POURQUOI
|
|switch|p1a: Lord Zor|Scizor, F|308\/308
|turn|36
|
|detailschange|p1a: Lord Zor|Scizor-Mega, F
|message|Scizor has Mega Evolved into Mega Scizor!
|move|p1a: Lord Zor|Bullet Punch|p2a: Happy
|-resisted|p2a: Happy
|-damage|p2a: Happy|6\/341
|move|p2a: Happy|V-create|p1a: Lord Zor
|-supereffective|p1a: Lord Zor
|-damage|p1a: Lord Zor|0 fnt
|-unboost|p2a: Happy|def|1
|-unboost|p2a: Happy|spd|1
|-unboost|p2a: Happy|spe|1
|faint|p1a: Lord Zor
|
|win|Fairy Peak!
|leave|nathaliemam
|c|âVohlt|sdgzayugfziuegafiuzrou
|c|âFairy Peak!|Gg et dÃ©soler du haxx.
|c| BahaWin|lol
|c| I play Bad|c'est juste que j'aurais win mon first match si je m'Ã©tais pas pris 2 crit sur les U-turn de lando
|c| eVolTaGe|dommage
|c|âFairy Peak!|:\/
|c|âVohlt|nique ce jeu
|leave|Hiro Test
|leave|Vohlt
|player|p1