|join|Moupe258
|join|Fairy Peak!
|player|p1|Moupe258|66
|player|p2|Fairy Peak!|289
|gametype|singles
|gen|6
|tier|OU
|clearpoke
|poke|p1|Landorus-Therian, M
|poke|p1|Heatran, M
|poke|p1|Hydreigon, M
|poke|p1|Gardevoir, F
|poke|p1|Chansey, F
|poke|p1|Azumarill, M, shiny
|poke|p2|Azumarill, F, shiny
|poke|p2|Terrakion
|poke|p2|Landorus-Therian, M
|poke|p2|Latias, F
|poke|p2|Magnezone
|poke|p2|Pinsir, F
|rule|Swagger Clause: Swagger is banned
|rule|Baton Pass Clause: Limit one PokÃ©mon knowing Baton Pass
|rule|Sleep Clause Mod: Limit one foe put to sleep
|rule|Species Clause: Limit one of each PokÃ©mon
|rule|OHKO Clause: OHKO moves are banned
|rule|Moody Clause: Moody is banned
|rule|Evasion Moves Clause: Evasion moves are banned
|rule|Endless Battle Clause: Forcing endless battles is banned
|rule|HP Percentage Mod: HP is shown in percentages
|teampreview
|c|âFairy Peak!|Gl.
|join|Leeo97one
|c|âMoupe258|re
|join|RS darkCHAOS
|c|âMoupe258|je vais mourir
|
|start
|switch|p1a: Gardevoir|Gardevoir, F|278\/278
|switch|p2a: Azumarill|Azumarill, F, shiny|404\/404
|turn|1
|c|âFairy Peak!|Pourquoi ?
|c|âMoupe258|t'es hyper fort xD
|c|âMoupe258|euh
|c|âFairy Peak!|Mais non.
|c|âMoupe258|l'azu il a sap sipper ?
|c|âFairy Peak!|Je penses pas. ^^'
|join|Saganabyss
|c|âMoupe258|je le savais, j'aurais du mettre tonerre et pas energy ball
|leave|RS darkCHAOS
|
|detailschange|p1a: Gardevoir|Gardevoir-Mega, F
|message|Gardevoir has Mega Evolved into Mega Gardevoir!
|move|p1a: Gardevoir|Energy Ball|p2a: Azumarill
|-supereffective|p2a: Azumarill
|-damage|p2a: Azumarill|62\/404
|move|p2a: Azumarill|Waterfall|p1a: Gardevoir
|-damage|p1a: Gardevoir|0 fnt
|faint|p1a: Gardevoir
|
|c| Saganabyss|ENERGY BALL LOL
|c|âMoupe258|ouf
|c|âMoupe258|mais
|c|âMoupe258|O_o
|c|âFairy Peak!|?
|c|âMoupe258|puissant
|c| Saganabyss|Hypervoice > Energy Ball
|
|switch|p1a: Landorus-Therian|Landorus-Therian, M|319\/319
|-ability|p1a: Landorus-Therian|Intimidate|[of] p2a: Azumarill
|-unboost|p2a: Azumarill|atk|1
|turn|2
|c|âMoupe258|je le sais
|c|âFairy Peak!|Bah Azumarill quoi.
|c|âMoupe258|j'ai les deux
|
|switch|p2a: Landorus-Therian|Landorus-Therian, M|320\/320
|-ability|p2a: Landorus-Therian|Intimidate|[of] p1a: Landorus-Therian
|-unboost|p1a: Landorus-Therian|atk|1
|move|p1a: Landorus-Therian|Earthquake|p2a: Landorus-Therian
|-immune|p2a: Landorus-Therian|[msg]
|
|turn|3
|c|âFairy Peak!|Le pokemon le plus OP du metagame
|c|âMoupe258|AprÃ¨s mÃ©ga Scarabrute
|c|âMoupe258|N'EST-CE PAS
|c|âFairy Peak!|Aussi.
|
|switch|p1a: Heatran|Heatran, M|386\/386
|move|p2a: Landorus-Therian|Knock Off|p1a: Heatran
|-damage|p1a: Heatran|257\/386
|-enditem|p1a: Heatran|Assault Vest|[from] move: Knock Off|[of] p2a: Landorus-Therian
|
|turn|4
|
|switch|p2a: Latias|Latias, F|302\/302
|switch|p1a: Hydreigon|Hydreigon, M|325\/325
|
|turn|5
|join|Saiyo
|c|âFairy Peak!|J'ai miss clic
|c|âFairy Peak!|x)
|
|switch|p2a: Magnezone|Magnezone|282\/282
|move|p1a: Hydreigon|Dark Pulse|p2a: Magnezone
|-damage|p2a: Magnezone|143\/282
|
|turn|6
|
|move|p2a: Magnezone|Volt Switch|p1a: Hydreigon
|-resisted|p1a: Hydreigon
|-damage|p1a: Hydreigon|259\/325
|
|switch|p2a: Terrakion|Terrakion|323\/323
|move|p1a: Hydreigon|Flamethrower|p2a: Terrakion
|-resisted|p2a: Terrakion
|-damage|p2a: Terrakion|263\/323
|-status|p2a: Terrakion|brn
|
|-damage|p2a: Terrakion|223\/323 brn|[from] brn
|turn|7
|c|âFairy Peak!|Ok.
|c|âMoupe258|oh
|c|âFairy Peak!|Je ne dirais rien.
|
|move|p2a: Terrakion|Close Combat|p1a: Hydreigon
|-supereffective|p1a: Hydreigon
|-damage|p1a: Hydreigon|35\/325
|-unboost|p2a: Terrakion|def|1
|-unboost|p2a: Terrakion|spd|1
|move|p1a: Hydreigon|Surf|p2a: Terrakion
|-supereffective|p2a: Terrakion
|-damage|p2a: Terrakion|0 fnt
|faint|p2a: Terrakion
|
|c|âFairy Peak!|Sur ce haxx
|
|switch|p2a: Landorus-Therian|Landorus-Therian, M|320\/320
|-ability|p2a: Landorus-Therian|Intimidate|[of] p1a: Hydreigon
|-unboost|p1a: Hydreigon|atk|1
|turn|8
|
|move|p2a: Landorus-Therian|U-turn|p1a: Hydreigon
|-supereffective|p1a: Hydreigon
|-damage|p1a: Hydreigon|0 fnt
|faint|p1a: Hydreigon
|
|switch|p2a: Magnezone|Magnezone|143\/282
|
|
|switch|p1a: Landorus-Therian|Landorus-Therian, M|319\/319
|-ability|p1a: Landorus-Therian|Intimidate|[of] p2a: Magnezone
|-unboost|p2a: Magnezone|atk|1
|turn|9
|
|switch|p2a: Landorus-Therian|Landorus-Therian, M|320\/320
|-ability|p2a: Landorus-Therian|Intimidate|[of] p1a: Landorus-Therian
|-unboost|p1a: Landorus-Therian|atk|1
|move|p1a: Landorus-Therian|U-turn|p2a: Landorus-Therian
|-resisted|p2a: Landorus-Therian
|-damage|p2a: Landorus-Therian|287\/320
|
|switch|p1a: AzuGold|Azumarill, M, shiny|404\/404
|
|turn|10
|
|move|p2a: Landorus-Therian|Earthquake|p1a: AzuGold
|-damage|p1a: AzuGold|191\/404
|-enditem|p1a: AzuGold|Sitrus Berry|[eat]
|-heal|p1a: AzuGold|292\/404|[from] item: Sitrus Berry
|move|p1a: AzuGold|Belly Drum|p1a: AzuGold
|-damage|p1a: AzuGold|90\/404
|-setboost|p1a: AzuGold|atk|6|[from] move: Belly Drum
|
|turn|11
|c|âFairy Peak!|J'Ã©tait sur
|c|âFairy Peak!|J'ai bien fait.
|c|âMoupe258|PAS ASSEZ DE DEGATS
|c|âMoupe258|merde les majs
|c|âFairy Peak!|Osef, j'ai vive attaque
|c|âMoupe258|tu vois
|c|âMoupe258|tu m'explose
|
|switch|p2a: Magnezone|Magnezone|143\/282
|move|p1a: AzuGold|Aqua Jet|p2a: Magnezone
|-damage|p2a: Magnezone|0 fnt
|faint|p2a: Magnezone
|
|c|âFairy Peak!|N'importe quoi, y'a 4-3
|
|switch|p2a: Pinsir|Pinsir, F|271\/271
|turn|12
|
|detailschange|p2a: Pinsir|Pinsir-Mega, F
|message|Pinsir has Mega Evolved into Mega Pinsir!
|move|p2a: Pinsir|Quick Attack|p1a: AzuGold
|-damage|p1a: AzuGold|0 fnt
|faint|p1a: AzuGold
|
|
|switch|p1a: Landorus-Therian|Landorus-Therian, M|319\/319
|-ability|p1a: Landorus-Therian|Intimidate|[of] p2a: Pinsir
|-unboost|p2a: Pinsir|atk|1
|turn|13
|
|switch|p2a: Landorus-Therian|Landorus-Therian, M|287\/320
|-ability|p2a: Landorus-Therian|Intimidate|[of] p1a: Landorus-Therian
|-unboost|p1a: Landorus-Therian|atk|1
|move|p1a: Landorus-Therian|Stone Edge|p2a: Landorus-Therian
|-damage|p2a: Landorus-Therian|177\/320
|
|turn|14
|
|move|p2a: Landorus-Therian|U-turn|p1a: Landorus-Therian
|-resisted|p1a: Landorus-Therian
|-damage|p1a: Landorus-Therian|270\/319
|
|switch|p2a: Latias|Latias, F|302\/302
|move|p1a: Landorus-Therian|Stone Edge|p2a: Latias
|-damage|p2a: Latias|194\/302
|
|turn|15
|
|switch|p1a: Chansey|Chansey, F|704\/704
|move|p2a: Latias|Healing Wish|p2a: Latias
|faint|p2a: Latias
|
|
|switch|p2a: Azumarill|Azumarill, F, shiny|62\/404
|-heal|p2a: Azumarill|404\/404|[from] move: Healing Wish
|turn|16
|
|switch|p1a: Landorus-Therian|Landorus-Therian, M|270\/319
|-ability|p1a: Landorus-Therian|Intimidate|[of] p2a: Azumarill
|-unboost|p2a: Azumarill|atk|1
|move|p2a: Azumarill|Superpower|p1a: Landorus-Therian
|-resisted|p1a: Landorus-Therian
|-damage|p1a: Landorus-Therian|172\/319
|-unboost|p2a: Azumarill|atk|1
|-unboost|p2a: Azumarill|def|1
|
|turn|17
|
|switch|p2a: Landorus-Therian|Landorus-Therian, M|177\/320
|-ability|p2a: Landorus-Therian|Intimidate|[of] p1a: Landorus-Therian
|-unboost|p1a: Landorus-Therian|atk|1
|move|p1a: Landorus-Therian|Earthquake|p2a: Landorus-Therian
|-immune|p2a: Landorus-Therian|[msg]
|
|turn|18
|
|switch|p1a: Chansey|Chansey, F|704\/704
|move|p2a: Landorus-Therian|Earthquake|p1a: Chansey
|-damage|p1a: Chansey|7\/704
|
|turn|19
|c|âFairy Peak!|OUAH
|c|âFairy Peak!|Ce chansey calm
|
|switch|p2a: Pinsir|Pinsir-Mega, F|271\/271
|move|p1a: Chansey|Seismic Toss|p2a: Pinsir
|-damage|p2a: Pinsir|171\/271
|
|turn|20
|c|âMoupe258|allez meurt :(
|
|move|p2a: Pinsir|Return|p1a: Chansey
|-damage|p1a: Chansey|0 fnt
|faint|p1a: Chansey
|
|
|switch|p1a: Landorus-Therian|Landorus-Therian, M|172\/319
|-ability|p1a: Landorus-Therian|Intimidate|[of] p2a: Pinsir
|-unboost|p2a: Pinsir|atk|1
|turn|21
|
|switch|p1a: Heatran|Heatran, M|257\/386
|switch|p2a: Landorus-Therian|Landorus-Therian, M|177\/320
|-ability|p2a: Landorus-Therian|Intimidate|[of] p1a: Heatran
|-unboost|p1a: Heatran|atk|1
|
|turn|22
|
|switch|p1a: Landorus-Therian|Landorus-Therian, M|172\/319
|-ability|p1a: Landorus-Therian|Intimidate|[of] p2a: Landorus-Therian
|-unboost|p2a: Landorus-Therian|atk|1
|move|p2a: Landorus-Therian|U-turn|p1a: Landorus-Therian
|-resisted|p1a: Landorus-Therian
|-damage|p1a: Landorus-Therian|140\/319
|
|switch|p2a: Azumarill|Azumarill, F, shiny|404\/404
|
|turn|23
|
|move|p2a: Azumarill|Aqua Jet|p1a: Landorus-Therian
|-supereffective|p1a: Landorus-Therian
|-damage|p1a: Landorus-Therian|0 fnt
|faint|p1a: Landorus-Therian
|
|c|âFairy Peak!|Gg
|c|âMoupe258|wait
|c|âMoupe258|hat
|c|âFairy Peak!|?
|c|âMoupe258|cascade ET aqua-jet ?
|
|switch|p1a: Heatran|Heatran, M|257\/386
|turn|24
|c|âFairy Peak!|Oui
|c|âFairy Peak!|Cascade pour la violence
|c|âMoupe258|un coup
|c|âFairy Peak!|Et aqua jet pour la prio
|
|move|p2a: Azumarill|Aqua Jet|p1a: Heatran
|-supereffective|p1a: Heatran
|-damage|p1a: Heatran|0 fnt
|faint|p1a: Heatran
|
|win|Fairy Peak!
|leave|Moupe258
|player|p1
|c|âFairy Peak!|Gg
|leave|Saiyo
|leave|Leeo97one