|join|Aka DH
|join|Fairy Peak!
|player|p1|Aka DH|68
|player|p2|Fairy Peak!|289
|gametype|singles
|gen|6
|tier|OU
|rated
|clearpoke
|poke|p1|Bisharp, M
|poke|p1|Venusaur, M
|poke|p1|Heatran, M
|poke|p1|Keldeo
|poke|p1|Chansey, F
|poke|p1|Skarmory, F
|poke|p2|Azumarill, F, shiny
|poke|p2|Terrakion
|poke|p2|Landorus-Therian, M
|poke|p2|Latias, F
|poke|p2|Magnezone
|poke|p2|Pinsir, M
|rule|Swagger Clause: Swagger is banned
|rule|Baton Pass Clause: Limit one PokÃ©mon knowing Baton Pass
|rule|Sleep Clause Mod: Limit one foe put to sleep
|rule|Species Clause: Limit one of each PokÃ©mon
|rule|OHKO Clause: OHKO moves are banned
|rule|Moody Clause: Moody is banned
|rule|Evasion Moves Clause: Evasion moves are banned
|rule|Endless Battle Clause: Forcing endless battles is banned
|rule|HP Percentage Mod: HP is shown in percentages
|teampreview
|c|âFairy Peak!|...
|c|âFairy Peak!|Gl.
Aka DH made this room private.
|
|start
|switch|p1a: Heatran|Heatran, M|340\/340
|switch|p2a: Over Kraked|Pinsir, M|271\/271
|-item|p1a: Heatran|Air Balloon
|turn|1
|
|switch|p2a: Just A Hug|Azumarill, F, shiny|404\/404
|move|p1a: Heatran|Fire Blast|p2a: Just A Hug
|-resisted|p2a: Just A Hug
|-damage|p2a: Just A Hug|311\/404
|
|turn|2
|
|move|p1a: Heatran|Stealth Rock|p2a: Just A Hug
|-sidestart|p2: Fairy Peak!|move: Stealth Rock
|move|p2a: Just A Hug|Waterfall|p1a: Heatran
|-supereffective|p1a: Heatran
|-damage|p1a: Heatran|0 fnt
|-enditem|p1a: Heatran|Air Balloon
|faint|p1a: Heatran
|
|
|switch|p1a: Venusaur|Venusaur, M|364\/364
|turn|3
|
|switch|p2a: I â¥ You|Latias, F|302\/302
|-damage|p2a: I â¥ You|265\/302|[from] Stealth Rock
|detailschange|p1a: Venusaur|Venusaur-Mega, M
|message|Venusaur has Mega Evolved into Mega Venusaur!
|move|p1a: Venusaur|Hidden Power|p2a: I â¥ You
|-resisted|p2a: I â¥ You
|-damage|p2a: I â¥ You|244\/302
|
|turn|4
|
|switch|p1a: Bisharp|Bisharp, M|334\/334
|move|p2a: I â¥ You|Draco Meteor|p1a: Bisharp
|-resisted|p1a: Bisharp
|-damage|p1a: Bisharp|170\/334
|-unboost|p2a: I â¥ You|spa|2
|-damage|p2a: I â¥ You|214\/302|[from] item: Life Orb
|
|-heal|p1a: Bisharp|190\/334|[from] item: Leftovers
|turn|5
|
|switch|p2a: Lead4Ever|Terrakion|323\/323
|-damage|p2a: Lead4Ever|303\/323|[from] Stealth Rock
|move|p1a: Bisharp|Iron Head|p2a: Lead4Ever
|-supereffective|p2a: Lead4Ever
|-damage|p2a: Lead4Ever|0 fnt
|faint|p2a: Lead4Ever
|
|-heal|p1a: Bisharp|210\/334|[from] item: Leftovers
|
|switch|p2a: It's A Trap !|Magnezone|282\/282
|-damage|p2a: It's A Trap !|265\/282|[from] Stealth Rock
|turn|6
|
|move|p1a: Bisharp|Sucker Punch|p2a: It's A Trap !
|-damage|p2a: It's A Trap !|129\/282
|move|p2a: It's A Trap !|Thunderbolt|p1a: Bisharp
|-damage|p1a: Bisharp|6\/334
|
|-heal|p1a: Bisharp|26\/334|[from] item: Leftovers
|turn|7
|
|move|p1a: Bisharp|Sucker Punch|p2a: It's A Trap !
|-damage|p2a: It's A Trap !|0 fnt
|faint|p2a: It's A Trap !
|
|-heal|p1a: Bisharp|46\/334|[from] item: Leftovers
|
|switch|p2a: Just A Hug|Azumarill, F, shiny|311\/404
|-damage|p2a: Just A Hug|261\/404|[from] Stealth Rock
|turn|8
|
|switch|p1a: Venusaur|Venusaur-Mega, M|364\/364
|move|p2a: Just A Hug|Waterfall|p1a: Venusaur
|-resisted|p1a: Venusaur
|-damage|p1a: Venusaur|283\/364
|
|turn|9
|
|switch|p2a: Just Badass|Landorus-Therian, M|320\/320
|-damage|p2a: Just Badass|280\/320|[from] Stealth Rock
|-ability|p2a: Just Badass|Intimidate|[of] p1a: Venusaur
|-unboost|p1a: Venusaur|atk|1
|move|p1a: Venusaur|Leech Seed|p2a: Just Badass
|-start|p2a: Just Badass|move: Leech Seed
|
|-damage|p2a: Just Badass|240\/320|[from] Leech Seed|[of] p1a: Venusaur
|-heal|p1a: Venusaur|323\/364|[silent]
|turn|10
|
|move|p2a: Just Badass|U-turn|p1a: Venusaur
|-damage|p1a: Venusaur|265\/364
|
|switch|p2a: I â¥ You|Latias, F|214\/302
|-damage|p2a: I â¥ You|177\/302|[from] Stealth Rock
|move|p1a: Venusaur|Leech Seed|p2a: I â¥ You|[miss]
|-miss|p1a: Venusaur|p2a: I â¥ You
|
|turn|11
|
|move|p2a: I â¥ You|Draco Meteor|p1a: Venusaur
|-damage|p1a: Venusaur|15\/364
|-unboost|p2a: I â¥ You|spa|2
|-damage|p2a: I â¥ You|147\/302|[from] item: Life Orb
|move|p1a: Venusaur|Leech Seed|p2a: I â¥ You
|-start|p2a: I â¥ You|move: Leech Seed
|
|-damage|p2a: I â¥ You|110\/302|[from] Leech Seed|[of] p1a: Venusaur
|-heal|p1a: Venusaur|52\/364|[silent]
|turn|12
|
|switch|p1a: Chansey|Chansey, F|684\/684
|move|p2a: I â¥ You|Draco Meteor|p1a: Chansey
|-damage|p1a: Chansey|606\/684
|-unboost|p2a: I â¥ You|spa|2
|-damage|p2a: I â¥ You|80\/302|[from] item: Life Orb
|
|-damage|p2a: I â¥ You|43\/302|[from] Leech Seed|[of] p1a: Chansey
|-heal|p1a: Chansey|643\/684|[silent]
|turn|13
|
|move|p2a: I â¥ You|Defog|p1a: Chansey
|-unboost|p1a: Chansey|evasion|1
|-sideend|p2: Fairy Peak!|Stealth Rock|[from] move: Defog|[of] p2a: I â¥ You
|move|p1a: Chansey|Seismic Toss|p2a: I â¥ You
|-damage|p2a: I â¥ You|0 fnt
|faint|p2a: I â¥ You
|
|
|switch|p2a: Just A Hug|Azumarill, F, shiny|261\/404
|turn|14
|
|switch|p1a: Venusaur|Venusaur-Mega, M|52\/364
|switch|p2a: Over Kraked|Pinsir, M|271\/271
|
|turn|15
|
|switch|p1a: Skarmory|Skarmory, F|334\/334
|detailschange|p2a: Over Kraked|Pinsir-Mega, M
|message|Pinsir has Mega Evolved into Mega Pinsir!
|move|p2a: Over Kraked|Return|p1a: Skarmory
|-resisted|p1a: Skarmory
|-damage|p1a: Skarmory|250\/334
|-damage|p2a: Over Kraked|226\/271|[from] item: Rocky Helmet|[of] p1a: Skarmory
|
|turn|16
|
|switch|p2a: Just A Hug|Azumarill, F, shiny|261\/404
|move|p1a: Skarmory|Roost|p1a: Skarmory
|-heal|p1a: Skarmory|334\/334
|
|turn|17
|
|switch|p1a: Venusaur|Venusaur-Mega, M|52\/364
|move|p2a: Just A Hug|Waterfall|p1a: Venusaur
|-resisted|p1a: Venusaur
|-damage|p1a: Venusaur|0 fnt
|faint|p1a: Venusaur
|
|
|switch|p1a: Keldeo|Keldeo|323\/323
|turn|18
|
|switch|p2a: Just Badass|Landorus-Therian, M|240\/320
|-ability|p2a: Just Badass|Intimidate|[of] p1a: Keldeo
|-unboost|p1a: Keldeo|atk|1
|move|p1a: Keldeo|Scald|p2a: Just Badass
|-supereffective|p2a: Just Badass
|-damage|p2a: Just Badass|0 fnt
|faint|p2a: Just Badass
|
|
|switch|p2a: Over Kraked|Pinsir-Mega, M|226\/271
|turn|19
|
|move|p1a: Keldeo|Scald|p2a: Over Kraked
|-damage|p2a: Over Kraked|81\/271
|move|p2a: Over Kraked|Swords Dance|p2a: Over Kraked
|-boost|p2a: Over Kraked|atk|2
|
|turn|20
|
|switch|p1a: Skarmory|Skarmory, F|334\/334
|move|p2a: Over Kraked|Quick Attack|p1a: Skarmory
|-resisted|p1a: Skarmory
|-damage|p1a: Skarmory|268\/334
|-damage|p2a: Over Kraked|36\/271|[from] item: Rocky Helmet|[of] p1a: Skarmory
|
|turn|21
|
|switch|p2a: Just A Hug|Azumarill, F, shiny|261\/404
|move|p1a: Skarmory|Spikes|p2a: Just A Hug
|-sidestart|p2: Fairy Peak!|Spikes
|
|turn|22
|
|switch|p1a: Chansey|Chansey, F|643\/684
|move|p2a: Just A Hug|Waterfall|p1a: Chansey
|-damage|p1a: Chansey|279\/684
|
|turn|23
|
|move|p1a: Chansey|Seismic Toss|p2a: Just A Hug
|-damage|p2a: Just A Hug|161\/404
|move|p2a: Just A Hug|Waterfall|p1a: Chansey
|-damage|p1a: Chansey|0 fnt
|faint|p1a: Chansey
|
|
|switch|p1a: Bisharp|Bisharp, M|46\/334
|turn|24
|
|switch|p2a: Over Kraked|Pinsir-Mega, M|36\/271
|move|p1a: Bisharp|Iron Head|p2a: Over Kraked
|-damage|p2a: Over Kraked|0 fnt
|faint|p2a: Over Kraked
|
|-heal|p1a: Bisharp|66\/334|[from] item: Leftovers
|
|switch|p2a: Just A Hug|Azumarill, F, shiny|161\/404
|-damage|p2a: Just A Hug|111\/404|[from] Spikes
|turn|25
|c|âFairy Peak!|Gg
|
|move|p2a: Just A Hug|Aqua Jet|p1a: Bisharp
|-damage|p1a: Bisharp|0 fnt
|faint|p1a: Bisharp
|
|
|switch|p1a: Skarmory|Skarmory, F|268\/334
|turn|26
|
|move|p2a: Just A Hug|Aqua Jet|p1a: Skarmory
|-damage|p1a: Skarmory|180\/334
|-damage|p2a: Just A Hug|44\/404|[from] item: Rocky Helmet|[of] p1a: Skarmory
|move|p1a: Skarmory|Brave Bird|p2a: Just A Hug
|-damage|p2a: Just A Hug|0 fnt
|-damage|p1a: Skarmory|165\/334|[from] recoil|[of] p2a: Just A Hug
|faint|p2a: Just A Hug
|
|win|Aka DH
|raw|Ladder updating...
|raw|Aka DH's rating: 1973 &rarr; <strong>1983<\/strong><br \/>(+10 for winning)
|raw|Fairy Peak!'s rating: 1774 &rarr; <strong>1764<\/strong><br \/>(-10 for losing)