|join|Fairy Peak!
|join|muhaha
|player|p1|Fairy Peak!|289
|player|p2|muhaha|101
|gametype|singles
|gen|6
|tier|OU
|rated
|clearpoke
|poke|p1|Azumarill, F, shiny
|poke|p1|Terrakion
|poke|p1|Landorus-Therian, M
|poke|p1|Latias, F
|poke|p1|Magnezone
|poke|p1|Pinsir, F
|poke|p2|Slowbro, F
|poke|p2|Zapdos
|poke|p2|Sylveon, F
|poke|p2|Jirachi
|poke|p2|Charizard, M
|poke|p2|Terrakion
|rule|Swagger Clause: Swagger is banned
|rule|Baton Pass Clause: Limit one PokÃ©mon knowing Baton Pass
|rule|Sleep Clause Mod: Limit one foe put to sleep
|rule|Species Clause: Limit one of each PokÃ©mon
|rule|OHKO Clause: OHKO moves are banned
|rule|Moody Clause: Moody is banned
|rule|Evasion Moves Clause: Evasion moves are banned
|rule|Endless Battle Clause: Forcing endless battles is banned
|rule|HP Percentage Mod: HP is shown in percentages
|teampreview
|
|start
|switch|p1a: Terrakion|Terrakion|323\/323
|switch|p2a: Jirachi|Jirachi|403\/403
|turn|1
|
|move|p1a: Terrakion|Taunt|p2a: Jirachi
|-start|p2a: Jirachi|move: Taunt
|cant|p2a: Jirachi|move: Taunt|Stealth Rock
|
|turn|2
|
|move|p1a: Terrakion|Stealth Rock|p2a: Jirachi
|-sidestart|p2: muhaha|move: Stealth Rock
|move|p2a: Jirachi|Body Slam|p1a: Terrakion
|-resisted|p1a: Terrakion
|-damage|p1a: Terrakion|283\/323
|-status|p1a: Terrakion|par
|
|turn|3
|
|switch|p1a: Magnezone|Magnezone|282\/282
|move|p2a: Jirachi|Iron Head|p1a: Magnezone
|-resisted|p1a: Magnezone
|-damage|p1a: Magnezone|260\/282
|
|-end|p2a: Jirachi|move: Taunt
|turn|4
|
|move|p1a: Magnezone|Hidden Power|p2a: Jirachi
|-supereffective|p2a: Jirachi
|-damage|p2a: Jirachi|291\/403
|move|p2a: Jirachi|Wish|p2a: Jirachi
|
|-heal|p2a: Jirachi|316\/403|[from] item: Leftovers
|turn|5
|
|move|p1a: Magnezone|Hidden Power|p2a: Jirachi
|-supereffective|p2a: Jirachi
|-damage|p2a: Jirachi|210\/403
|move|p2a: Jirachi|Stealth Rock|p1a: Magnezone
|-sidestart|p1: Fairy Peak!|move: Stealth Rock
|
|-heal|p2a: Jirachi|403\/403|[from] move: Wish|[wisher] Jirachi
|turn|6
|
|switch|p1a: Landorus-Therian|Landorus-Therian, M|320\/320
|-damage|p1a: Landorus-Therian|280\/320|[from] Stealth Rock
|-ability|p1a: Landorus-Therian|Intimidate|[of] p2a: Jirachi
|-unboost|p2a: Jirachi|atk|1
|move|p2a: Jirachi|Wish|p2a: Jirachi
|
|turn|7
|
|switch|p2a: Zapdos|Zapdos|383\/383
|-damage|p2a: Zapdos|288\/383|[from] Stealth Rock
|-ability|p2a: Zapdos|Pressure
|move|p1a: Landorus-Therian|U-turn|p2a: Zapdos
|-resisted|p2a: Zapdos
|-damage|p2a: Zapdos|244\/383
|
|switch|p1a: Latias|Latias, F|302\/302
|-damage|p1a: Latias|265\/302|[from] Stealth Rock
|
|-heal|p2a: Zapdos|383\/383|[from] move: Wish|[wisher] Jirachi
|turn|8
|
|move|p1a: Latias|Psyshock|p2a: Zapdos
|-damage|p2a: Zapdos|215\/383
|-damage|p1a: Latias|235\/302|[from] item: Life Orb
|move|p2a: Zapdos|Volt Switch|p1a: Latias
|-resisted|p1a: Latias
|-damage|p1a: Latias|193\/302
|
|switch|p2a: Sylveon|Sylveon, F|393\/393
|-damage|p2a: Sylveon|344\/393|[from] Stealth Rock
|
|-heal|p2a: Sylveon|368\/393|[from] item: Leftovers
|turn|9
|
|switch|p1a: Azumarill|Azumarill, F, shiny|404\/404
|-damage|p1a: Azumarill|354\/404|[from] Stealth Rock
|move|p2a: Sylveon|Hyper Voice|p1a: Azumarill
|-damage|p1a: Azumarill|189\/404
|
|-heal|p2a: Sylveon|392\/393|[from] item: Leftovers
|turn|10
|
|switch|p2a: Slowbro|Slowbro, F|393\/393
|-damage|p2a: Slowbro|344\/393|[from] Stealth Rock
|move|p1a: Azumarill|Play Rough|p2a: Slowbro
|-damage|p2a: Slowbro|149\/393
|
|-heal|p2a: Slowbro|173\/393|[from] item: Leftovers
|turn|11
|
|switch|p1a: Landorus-Therian|Landorus-Therian, M|280\/320
|-damage|p1a: Landorus-Therian|240\/320|[from] Stealth Rock
|-ability|p1a: Landorus-Therian|Intimidate|[of] p2a: Slowbro
|-unboost|p2a: Slowbro|atk|1
|switch|p2a: Zapdos|Zapdos|215\/383
|-damage|p2a: Zapdos|120\/383|[from] Stealth Rock
|-ability|p2a: Zapdos|Pressure
|
|-heal|p2a: Zapdos|143\/383|[from] item: Leftovers
|turn|12
|
|move|p1a: Landorus-Therian|Stone Edge|p2a: Zapdos
|-supereffective|p2a: Zapdos
|-damage|p2a: Zapdos|0 fnt
|faint|p2a: Zapdos
|
|
|switch|p2a: Slowbro|Slowbro, F|304\/393
|-damage|p2a: Slowbro|255\/393|[from] Stealth Rock
|turn|13
|
|switch|p1a: Magnezone|Magnezone|260\/282
|-damage|p1a: Magnezone|243\/282|[from] Stealth Rock
|move|p2a: Slowbro|Thunder Wave|p1a: Magnezone
|-fail|p1a: Magnezone
|
|-heal|p2a: Slowbro|279\/393|[from] item: Leftovers
|turn|14
|-message|muhaha forfeited.
|
|win|Fairy Peak!
|raw|Ladder updating...
|leave|muhaha
|player|p2
|raw|Fairy Peak!'s rating: 1625 &rarr; <strong>1648<\/strong><br \/>(+23 for winning)
|raw|muhaha's rating: 1671 &rarr; <strong>1649<\/strong><br \/>(-22 for losing)