|join|Aka DH
|join|Fairy Peak!
|player|p1|Aka DH|68
|player|p2|Fairy Peak!|289
|gametype|singles
|gen|6
|tier|OU
|rated
|clearpoke
|poke|p1|Bisharp, F
|poke|p1|Venusaur, M
|poke|p1|Heatran, F
|poke|p1|Keldeo
|poke|p1|Chansey, F
|poke|p1|Skarmory, F
|poke|p2|Azumarill, F, shiny
|poke|p2|Terrakion
|poke|p2|Landorus-Therian, M
|poke|p2|Latias, F
|poke|p2|Magnezone
|poke|p2|Pinsir, M
|rule|Swagger Clause: Swagger is banned
|rule|Baton Pass Clause: Limit one PokÃ©mon knowing Baton Pass
|rule|Sleep Clause Mod: Limit one foe put to sleep
|rule|Species Clause: Limit one of each PokÃ©mon
|rule|OHKO Clause: OHKO moves are banned
|rule|Moody Clause: Moody is banned
|rule|Evasion Moves Clause: Evasion moves are banned
|rule|Endless Battle Clause: Forcing endless battles is banned
|rule|HP Percentage Mod: HP is shown in percentages
|teampreview
|c|âFairy Peak!|Gl.
Aka DH made this room private.
|
|start
|switch|p1a: Venusaur|Venusaur, M|364\/364
|switch|p2a: It's A Trap !|Magnezone|282\/282
|turn|1
|
|detailschange|p1a: Venusaur|Venusaur-Mega, M
|message|Venusaur has Mega Evolved into Mega Venusaur!
|move|p2a: It's A Trap !|Volt Switch|p1a: Venusaur
|-resisted|p1a: Venusaur
|-damage|p1a: Venusaur|314\/364
|
|switch|p2a: Over Kraked|Pinsir, M|271\/271
|move|p1a: Venusaur|Giga Drain|p2a: Over Kraked
|-resisted|p2a: Over Kraked
|-damage|p2a: Over Kraked|199\/271
|-heal|p1a: Venusaur|350\/364|[from] drain|[of] p2a: Over Kraked
|
|turn|2
|
|switch|p2a: It's A Trap !|Magnezone|282\/282
|move|p1a: Venusaur|Hidden Power|p2a: It's A Trap !
|-supereffective|p2a: It's A Trap !
|-damage|p2a: It's A Trap !|168\/282
|
|turn|3
|
|move|p2a: It's A Trap !|Volt Switch|p1a: Venusaur
|-resisted|p1a: Venusaur
|-damage|p1a: Venusaur|295\/364
|
|switch|p2a: Over Kraked|Pinsir, M|199\/271
|move|p1a: Venusaur|Leech Seed|p2a: Over Kraked
|-start|p2a: Over Kraked|move: Leech Seed
|
|-damage|p2a: Over Kraked|166\/271|[from] Leech Seed|[of] p1a: Venusaur
|-heal|p1a: Venusaur|328\/364|[silent]
|turn|4
|
|switch|p2a: It's A Trap !|Magnezone|168\/282
|move|p1a: Venusaur|Hidden Power|p2a: It's A Trap !
|-crit|p2a: It's A Trap !
|-supereffective|p2a: It's A Trap !
|-damage|p2a: It's A Trap !|0 fnt
|faint|p2a: It's A Trap !
|
|
|switch|p2a: Over Kraked|Pinsir, M|166\/271
|turn|5
|
|switch|p1a: Skarmory|Skarmory, F|334\/334
|detailschange|p2a: Over Kraked|Pinsir-Mega, M
|message|Pinsir has Mega Evolved into Mega Pinsir!
|move|p2a: Over Kraked|Return|p1a: Skarmory
|-crit|p1a: Skarmory
|-resisted|p1a: Skarmory
|-damage|p1a: Skarmory|202\/334
|-damage|p2a: Over Kraked|121\/271|[from] item: Rocky Helmet|[of] p1a: Skarmory
|
|turn|6
|
|switch|p2a: Lead4Ever|Terrakion|323\/323
|move|p1a: Skarmory|Spikes|p2a: Lead4Ever
|-sidestart|p2: Fairy Peak!|Spikes
|
|turn|7
|
|switch|p1a: Venusaur|Venusaur-Mega, M|328\/364
|move|p2a: Lead4Ever|Taunt|p1a: Venusaur
|-start|p1a: Venusaur|move: Taunt
|
|turn|8
|
|switch|p2a: Over Kraked|Pinsir-Mega, M|121\/271
|move|p1a: Venusaur|Giga Drain|p2a: Over Kraked
|-resisted|p2a: Over Kraked
|-damage|p2a: Over Kraked|94\/271
|-heal|p1a: Venusaur|342\/364|[from] drain|[of] p2a: Over Kraked
|
|turn|9
|
|move|p2a: Over Kraked|Return|p1a: Venusaur
|-supereffective|p1a: Venusaur
|-damage|p1a: Venusaur|0 fnt
|faint|p1a: Venusaur
|
|
|switch|p1a: Skarmory|Skarmory, F|202\/334
|turn|10
|
|switch|p2a: Lead4Ever|Terrakion|323\/323
|-damage|p2a: Lead4Ever|283\/323|[from] Spikes
|move|p1a: Skarmory|Roost|p1a: Skarmory
|-heal|p1a: Skarmory|334\/334
|
|turn|11
|
|move|p2a: Lead4Ever|Close Combat|p1a: Skarmory
|-damage|p1a: Skarmory|190\/334
|-damage|p2a: Lead4Ever|230\/323|[from] item: Rocky Helmet|[of] p1a: Skarmory
|-unboost|p2a: Lead4Ever|def|1
|-unboost|p2a: Lead4Ever|spd|1
|move|p1a: Skarmory|Whirlwind|p2a: Lead4Ever
|drag|p2a: I â¥ You|Latias, F|302\/302
|
|turn|12
|
|switch|p2a: Just Badass|Landorus-Therian, M|320\/320
|-ability|p2a: Just Badass|Intimidate|[of] p1a: Skarmory
|-unboost|p1a: Skarmory|atk|1
|move|p1a: Skarmory|Roost|p1a: Skarmory
|-heal|p1a: Skarmory|334\/334
|
|turn|13
|
|switch|p1a: Heatran|Heatran, F|340\/340
|-item|p1a: Heatran|Air Balloon
|move|p2a: Just Badass|Knock Off|p1a: Heatran
|-damage|p1a: Heatran|238\/340
|-enditem|p1a: Heatran|Air Balloon
|
|turn|14
|
|switch|p2a: Just A Hug|Azumarill, F, shiny|404\/404
|-damage|p2a: Just A Hug|354\/404|[from] Spikes
|move|p1a: Heatran|Stealth Rock|p2a: Just A Hug
|-sidestart|p2: Fairy Peak!|move: Stealth Rock
|
|turn|15
|
|move|p1a: Heatran|Toxic|p2a: Just A Hug|[miss]
|-miss|p1a: Heatran|p2a: Just A Hug
|move|p2a: Just A Hug|Waterfall|p1a: Heatran
|-supereffective|p1a: Heatran
|-damage|p1a: Heatran|0 fnt
|faint|p1a: Heatran
|
|
|switch|p1a: Chansey|Chansey, F|684\/684
|turn|16
|
|switch|p2a: Just Badass|Landorus-Therian, M|320\/320
|-damage|p2a: Just Badass|280\/320|[from] Stealth Rock
|-ability|p2a: Just Badass|Intimidate|[of] p1a: Chansey
|-unboost|p1a: Chansey|atk|1
|move|p1a: Chansey|Seismic Toss|p2a: Just Badass
|-damage|p2a: Just Badass|180\/320
|
|turn|17
|
|move|p2a: Just Badass|U-turn|p1a: Chansey
|-damage|p1a: Chansey|574\/684
|
|switch|p2a: Lead4Ever|Terrakion|230\/323
|-damage|p2a: Lead4Ever|190\/323|[from] Spikes
|-damage|p2a: Lead4Ever|170\/323|[from] Stealth Rock
|move|p1a: Chansey|Seismic Toss|p2a: Lead4Ever
|-damage|p2a: Lead4Ever|70\/323
|
|turn|18
|
|switch|p1a: Skarmory|Skarmory, F|334\/334
|move|p2a: Lead4Ever|Close Combat|p1a: Skarmory
|-crit|p1a: Skarmory
|-damage|p1a: Skarmory|124\/334
|-damage|p2a: Lead4Ever|17\/323|[from] item: Rocky Helmet|[of] p1a: Skarmory
|-unboost|p2a: Lead4Ever|def|1
|-unboost|p2a: Lead4Ever|spd|1
|
|turn|19
|
|move|p2a: Lead4Ever|Close Combat|p1a: Skarmory
|-damage|p1a: Skarmory|0 fnt
|-damage|p2a: Lead4Ever|0 fnt|[from] item: Rocky Helmet|[of] p1a: Skarmory
|faint|p2a: Lead4Ever
|faint|p1a: Skarmory
|
|
|switch|p1a: Bisharp|Bisharp, F|334\/334
|switch|p2a: Just A Hug|Azumarill, F, shiny|354\/404
|-damage|p2a: Just A Hug|304\/404|[from] Spikes
|-damage|p2a: Just A Hug|254\/404|[from] Stealth Rock
|turn|20
|
|move|p1a: Bisharp|Iron Head|p2a: Just A Hug
|-damage|p2a: Just A Hug|67\/404
|move|p2a: Just A Hug|Superpower|p1a: Bisharp
|-supereffective|p1a: Bisharp
|-damage|p1a: Bisharp|0 fnt
|-unboost|p2a: Just A Hug|atk|1
|-unboost|p2a: Just A Hug|def|1
|faint|p1a: Bisharp
|
|
|switch|p1a: Keldeo|Keldeo|323\/323
|turn|21
|
|switch|p2a: Over Kraked|Pinsir-Mega, M|94\/271
|-damage|p2a: Over Kraked|0 fnt|[from] Stealth Rock
|faint|p2a: Over Kraked
|move|p1a: Keldeo|Calm Mind|p1a: Keldeo
|-boost|p1a: Keldeo|spa|1
|-boost|p1a: Keldeo|spd|1
|
|
|switch|p2a: I â¥ You|Latias, F|302\/302
|-damage|p2a: I â¥ You|265\/302|[from] Stealth Rock
|turn|22
|
|switch|p1a: Chansey|Chansey, F|574\/684
|move|p2a: I â¥ You|Psyshock|p1a: Chansey
|-damage|p1a: Chansey|363\/684
|-damage|p2a: I â¥ You|235\/302|[from] item: Life Orb
|
|turn|23
|
|move|p2a: I â¥ You|Defog|p1a: Chansey
|-unboost|p1a: Chansey|evasion|1
|-sideend|p2: Fairy Peak!|Spikes|[from] move: Defog|[of] p2a: I â¥ You
|-sideend|p2: Fairy Peak!|Stealth Rock|[from] move: Defog|[of] p2a: I â¥ You
|move|p1a: Chansey|Soft-Boiled|p1a: Chansey
|-heal|p1a: Chansey|684\/684
|
|turn|24
|
|switch|p2a: Just Badass|Landorus-Therian, M|180\/320
|-ability|p2a: Just Badass|Intimidate|[of] p1a: Chansey
|-unboost|p1a: Chansey|atk|1
|move|p1a: Chansey|Seismic Toss|p2a: Just Badass
|-damage|p2a: Just Badass|80\/320
|
|turn|25
|
|switch|p1a: Keldeo|Keldeo|323\/323
|move|p2a: Just Badass|Earthquake|p1a: Keldeo
|-damage|p1a: Keldeo|122\/323
|
|-heal|p1a: Keldeo|142\/323|[from] item: Leftovers
|turn|26
|
|switch|p1a: Chansey|Chansey, F|684\/684
|move|p2a: Just Badass|Earthquake|p1a: Chansey
|-damage|p1a: Chansey|410\/684
|
|turn|27
|
|move|p2a: Just Badass|Earthquake|p1a: Chansey
|-damage|p1a: Chansey|152\/684
|move|p1a: Chansey|Soft-Boiled|p1a: Chansey
|-heal|p1a: Chansey|494\/684
|
|turn|28
|
|switch|p2a: I â¥ You|Latias, F|235\/302
|move|p1a: Chansey|Soft-Boiled|p1a: Chansey
|-heal|p1a: Chansey|684\/684
|
|turn|29
|
|move|p2a: I â¥ You|Psyshock|p1a: Chansey
|-damage|p1a: Chansey|468\/684
|-damage|p2a: I â¥ You|205\/302|[from] item: Life Orb
|move|p1a: Chansey|Thunder Wave|p2a: I â¥ You
|-status|p2a: I â¥ You|par
|
|turn|30
|
|move|p1a: Chansey|Seismic Toss|p2a: I â¥ You
|-damage|p2a: I â¥ You|105\/302 par
|move|p2a: I â¥ You|Healing Wish|p2a: I â¥ You
|faint|p2a: I â¥ You
|
|
|switch|p2a: Just A Hug|Azumarill, F, shiny|67\/404
|-heal|p2a: Just A Hug|404\/404|[from] move: Healing Wish
|turn|31
|
|move|p1a: Chansey|Thunder Wave|p2a: Just A Hug
|-status|p2a: Just A Hug|par
|move|p2a: Just A Hug|Superpower|p1a: Chansey
|-supereffective|p1a: Chansey
|-damage|p1a: Chansey|0 fnt
|-unboost|p2a: Just A Hug|atk|1
|-unboost|p2a: Just A Hug|def|1
|faint|p1a: Chansey
|
|
|switch|p1a: Keldeo|Keldeo|142\/323
|turn|32
|
|move|p1a: Keldeo|Calm Mind|p1a: Keldeo
|-boost|p1a: Keldeo|spa|1
|-boost|p1a: Keldeo|spd|1
|cant|p2a: Just A Hug|par
|
|-heal|p1a: Keldeo|162\/323|[from] item: Leftovers
|turn|33
|
|move|p1a: Keldeo|Calm Mind|p1a: Keldeo
|-boost|p1a: Keldeo|spa|1
|-boost|p1a: Keldeo|spd|1
|move|p2a: Just A Hug|Superpower|p1a: Keldeo
|-crit|p1a: Keldeo
|-damage|p1a: Keldeo|0 fnt
|-unboost|p2a: Just A Hug|atk|1
|-unboost|p2a: Just A Hug|def|1
|faint|p1a: Keldeo
|
|win|Fairy Peak!
|raw|Ladder updating...
|raw|Aka DH's rating: 1964 &rarr; <strong>1933<\/strong><br \/>(-31 for losing)
|raw|Fairy Peak!'s rating: 1742 &rarr; <strong>1773<\/strong><br \/>(+31 for winning)
|leave|Aka DH
|player|p1
|c|âFairy Peak!|Gg