|join|Fairy Peak!
|join|QuiVeuxDuPain ???
|player|p1|Fairy Peak!|272
|player|p2|QuiVeuxDuPain ???|281
|gametype|singles
|gen|6
|tier|OU
|clearpoke
|poke|p1|Azumarill, F, shiny
|poke|p1|Terrakion
|poke|p1|Landorus-Therian, M
|poke|p1|Latias, F
|poke|p1|Magnezone
|poke|p1|Pinsir, M
|poke|p2|Manectric, M
|poke|p2|Landorus-Therian, M
|poke|p2|Skarmory, M
|poke|p2|Heatran, F
|poke|p2|Clefable, F
|poke|p2|Latias, F
|rule|Swagger Clause: Swagger is banned
|rule|Baton Pass Clause: Limit one PokÃ©mon knowing Baton Pass
|rule|Sleep Clause Mod: Limit one foe put to sleep
|rule|Species Clause: Limit one of each PokÃ©mon
|rule|OHKO Clause: OHKO moves are banned
|rule|Moody Clause: Moody is banned
|rule|Evasion Moves Clause: Evasion moves are banned
|rule|Endless Battle Clause: Forcing endless battles is banned
|rule|HP Percentage Mod: HP is shown in percentages
|teampreview
|join|ErosXyz
|c|âFairy Peak!|Gl.
|join|0 Sky Dragon
|c|âQuiVeuxDuPain ???|tg
|c|âFairy Peak!|x)
|c|âQuiVeuxDuPain ???|t nul victor
|join|Extinct
|
|start
|switch|p1a: Lead4Ever|Terrakion|323\/323
|switch|p2a: Heatran|Heatran, F|386\/386
|turn|1
|
|switch|p2a: Landorus-Therian|Landorus-Therian, M|320\/320
|-ability|p2a: Landorus-Therian|Intimidate|[of] p1a: Lead4Ever
|-unboost|p1a: Lead4Ever|atk|1
|move|p1a: Lead4Ever|Close Combat|p2a: Landorus-Therian
|-resisted|p2a: Landorus-Therian
|-damage|p2a: Landorus-Therian|245\/320
|-unboost|p1a: Lead4Ever|def|1
|-unboost|p1a: Lead4Ever|spd|1
|
|turn|2
|
|move|p2a: Landorus-Therian|Earthquake|p1a: Lead4Ever
|-supereffective|p1a: Lead4Ever
|-enditem|p1a: Lead4Ever|Focus Sash
|-damage|p1a: Lead4Ever|1\/323
|move|p1a: Lead4Ever|Stealth Rock|p2a: Landorus-Therian
|-sidestart|p2: QuiVeuxDuPain ???|move: Stealth Rock
|
|turn|3
|join|Mupleking
|
|move|p2a: Landorus-Therian|Earthquake|p1a: Lead4Ever
|-supereffective|p1a: Lead4Ever
|-damage|p1a: Lead4Ever|0 fnt
|faint|p1a: Lead4Ever
|
|
|switch|p1a: Over Kraked|Pinsir, M|271\/271
|turn|4
|
|switch|p2a: Skarmory|Skarmory, M|334\/334
|-damage|p2a: Skarmory|293\/334|[from] Stealth Rock
|detailschange|p1a: Over Kraked|Pinsir-Mega, M
|message|Pinsir has Mega Evolved into Mega Pinsir!
|move|p1a: Over Kraked|Swords Dance|p1a: Over Kraked
|-boost|p1a: Over Kraked|atk|2
|
|turn|5
|
|switch|p1a: It's A Trap !|Magnezone|282\/282
|move|p2a: Skarmory|Brave Bird|p1a: It's A Trap !
|-resisted|p1a: It's A Trap !
|-damage|p1a: It's A Trap !|254\/282
|-damage|p2a: Skarmory|284\/334|[from] recoil|[of] p1a: It's A Trap !
|
|turn|6
|
|move|p1a: It's A Trap !|Volt Switch|p2a: Skarmory
|-supereffective|p2a: Skarmory
|-damage|p2a: Skarmory|0 fnt
|faint|p2a: Skarmory
|join|Vinc2612
|
|switch|p1a: I â¥ You|Latias, F|302\/302
|
|
|switch|p2a: Heatran|Heatran, F|386\/386
|-damage|p2a: Heatran|338\/386|[from] Stealth Rock
|turn|7
|
|switch|p1a: It's A Trap !|Magnezone|254\/282
|move|p2a: Heatran|Magma Storm|p1a: It's A Trap !
|-supereffective|p1a: It's A Trap !
|-damage|p1a: It's A Trap !|0 fnt
|faint|p1a: It's A Trap !
|
|-heal|p2a: Heatran|362\/386|[from] item: Leftovers
|
|switch|p1a: Just A Hug|Azumarill, F, shiny|404\/404
|turn|8
|
|move|p2a: Heatran|Toxic|p1a: Just A Hug
|-status|p1a: Just A Hug|tox
|move|p1a: Just A Hug|Waterfall|p2a: Heatran
|-supereffective|p2a: Heatran
|-damage|p2a: Heatran|0 fnt
|faint|p2a: Heatran
|
|-damage|p1a: Just A Hug|379\/404 tox|[from] psn
|
|switch|p2a: Manectric|Manectric, M|282\/282
|-damage|p2a: Manectric|247\/282|[from] Stealth Rock
|turn|9
|
|switch|p1a: I â¥ You|Latias, F|302\/302
|detailschange|p2a: Manectric|Manectric-Mega, M
|message|Manectric has Mega Evolved into Mega Manectric!
|-ability|p2a: Manectric|Intimidate|[of] p1a: I â¥ You
|-unboost|p1a: I â¥ You|atk|1
|move|p2a: Manectric|Volt Switch|p1a: I â¥ You
|-crit|p1a: I â¥ You
|-resisted|p1a: I â¥ You
|-damage|p1a: I â¥ You|221\/302
|
|switch|p2a: Landorus-Therian|Landorus-Therian, M|245\/320
|-damage|p2a: Landorus-Therian|205\/320|[from] Stealth Rock
|-ability|p2a: Landorus-Therian|Intimidate|[of] p1a: I â¥ You
|-unboost|p1a: I â¥ You|atk|1
|
|turn|10
|
|switch|p1a: Over Kraked|Pinsir-Mega, M|271\/271
|move|p2a: Landorus-Therian|Stone Edge|p1a: Over Kraked|[miss]
|-miss|p2a: Landorus-Therian|p1a: Over Kraked
|
|turn|11
|c|âFairy Peak!|Mad
|c|âQuiVeuxDuPain ???|..................................
|join|thetyrler
|
|switch|p1a: Just Badass|Landorus-Therian, M|320\/320
|-ability|p1a: Just Badass|Intimidate|[of] p2a: Landorus-Therian
|-unboost|p2a: Landorus-Therian|atk|1
|move|p2a: Landorus-Therian|Stone Edge|p1a: Just Badass
|-damage|p1a: Just Badass|218\/320
|
|turn|12
|
|move|p2a: Landorus-Therian|Stone Edge|p1a: Just Badass
|-damage|p1a: Just Badass|123\/320
|move|p1a: Just Badass|Knock Off|p2a: Landorus-Therian
|-damage|p2a: Landorus-Therian|57\/320
|-enditem|p2a: Landorus-Therian|Choice Scarf|[from] move: Knock Off|[of] p1a: Just Badass
|
|turn|13
|
|move|p1a: Just Badass|Knock Off|p2a: Landorus-Therian
|-damage|p2a: Landorus-Therian|0 fnt
|faint|p2a: Landorus-Therian
|
|c| Mupleking|Ã  sa place j'essayerais d'ohko un de es pokÃ©mon pour avoir un placement gratuit.
|
|switch|p2a: Manectric|Manectric-Mega, M|247\/282
|-damage|p2a: Manectric|212\/282|[from] Stealth Rock
|-ability|p2a: Manectric|Intimidate|[of] p1a: Just Badass
|-unboost|p1a: Just Badass|atk|1
|turn|14
|c| Mupleking|J'ai Ã©cris trop vite.
|c|âQuiVeuxDuPain ???|oui
|
|switch|p1a: I â¥ You|Latias, F|221\/302
|move|p2a: Manectric|Hidden Power|p1a: I â¥ You
|-supereffective|p1a: I â¥ You
|-damage|p1a: I â¥ You|105\/302
|
|turn|15
|
|move|p2a: Manectric|Hidden Power|p1a: I â¥ You
|-supereffective|p1a: I â¥ You
|-damage|p1a: I â¥ You|0 fnt
|faint|p1a: I â¥ You
|
|
|switch|p1a: Just Badass|Landorus-Therian, M|123\/320
|-ability|p1a: Just Badass|Intimidate|[of] p2a: Manectric
|-unboost|p2a: Manectric|atk|1
|turn|16
|
|switch|p2a: Latias|Latias, F|364\/364
|-damage|p2a: Latias|319\/364|[from] Stealth Rock
|move|p1a: Just Badass|U-turn|p2a: Latias
|-supereffective|p2a: Latias
|-damage|p2a: Latias|109\/364
|
|switch|p1a: Over Kraked|Pinsir-Mega, M|271\/271
|
|-heal|p2a: Latias|131\/364|[from] item: Leftovers
|turn|17
|
|move|p1a: Over Kraked|Return|p2a: Latias
|-damage|p2a: Latias|0 fnt
|faint|p2a: Latias
|
|leave|thetyrler
|
|switch|p2a: Manectric|Manectric-Mega, M|212\/282
|-damage|p2a: Manectric|177\/282|[from] Stealth Rock
|-ability|p2a: Manectric|Intimidate|[of] p1a: Over Kraked
|-unboost|p1a: Over Kraked|atk|1
|turn|18
|c| Mupleking|je sais dÃ©jÃ  qui Ã  perdu, Ã  mins que...
|leave|Extinct
|join|Thunder631
|
|switch|p1a: Just A Hug|Azumarill, F, shiny|379\/404 tox
|move|p2a: Manectric|Hidden Power|p1a: Just A Hug
|-crit|p1a: Just A Hug
|-resisted|p1a: Just A Hug
|-damage|p1a: Just A Hug|318\/404 tox
|
|-damage|p1a: Just A Hug|293\/404 tox|[from] psn
|turn|19
|leave|Thunder631
|c|âQuiVeuxDuPain ???|nnnnnnnn
|
|switch|p2a: Clefable|Clefable, F|394\/394
|-damage|p2a: Clefable|345\/394|[from] Stealth Rock
|move|p1a: Just A Hug|Aqua Jet|p2a: Clefable
|-damage|p2a: Clefable|231\/394
|
|-heal|p2a: Clefable|255\/394|[from] item: Leftovers
|-damage|p1a: Just A Hug|243\/404 tox|[from] psn
|turn|20
|
|switch|p1a: Over Kraked|Pinsir-Mega, M|271\/271
|move|p2a: Clefable|Wish|p2a: Clefable
|
|-heal|p2a: Clefable|279\/394|[from] item: Leftovers
|turn|21
|
|move|p1a: Over Kraked|Return|p2a: Clefable
|-crit|p2a: Clefable
|-damage|p2a: Clefable|0 fnt
|faint|p2a: Clefable
|
|c|âQuiVeuxDuPain ???|cheateur
|c|âQuiVeuxDuPain ???|demerde
|c|âFairy Peak!|x)
|
|switch|p2a: Manectric|Manectric-Mega, M|177\/282
|-damage|p2a: Manectric|142\/282|[from] Stealth Rock
|-ability|p2a: Manectric|Intimidate|[of] p1a: Over Kraked
|-unboost|p1a: Over Kraked|atk|1
|turn|22
|
|move|p2a: Manectric|Thunderbolt|p1a: Over Kraked
|-supereffective|p1a: Over Kraked
|-damage|p1a: Over Kraked|0 fnt
|faint|p1a: Over Kraked
|
|
|switch|p1a: Just A Hug|Azumarill, F, shiny|243\/404 tox
|turn|23
|
|move|p1a: Just A Hug|Aqua Jet|p2a: Manectric
|-damage|p2a: Manectric|0 fnt
|faint|p2a: Manectric
|
|win|Fairy Peak!
|c|âFairy Peak!|Gg
|c|âQuiVeuxDuPain ???|pas gg
|leave|Fairy Peak!
|player|p1
|leave|ErosXyz
|leave|Vinc2612
|leave|QuiVeuxDuPain ???
|player|p2
|leave|0 Sky Dragon