|join|Fairy Peak!
|join|edso
|player|p1|Fairy Peak!|289
|player|p2|edso|156
|gametype|singles
|gen|6
|tier|OU
|clearpoke
|poke|p1|Azumarill, M, shiny
|poke|p1|Terrakion
|poke|p1|Landorus-Therian, M
|poke|p1|Latias, F
|poke|p1|Magnezone
|poke|p1|Pinsir, F
|poke|p2|Manectric, F
|poke|p2|Gengar, M
|poke|p2|Amoonguss, F
|poke|p2|Gyarados, F
|poke|p2|Gliscor, F
|poke|p2|Arcanine, M
|rule|Swagger Clause: Swagger is banned
|rule|Baton Pass Clause: Limit one PokÃ©mon knowing Baton Pass
|rule|Sleep Clause Mod: Limit one foe put to sleep
|rule|Species Clause: Limit one of each PokÃ©mon
|rule|OHKO Clause: OHKO moves are banned
|rule|Moody Clause: Moody is banned
|rule|Evasion Moves Clause: Evasion moves are banned
|rule|Endless Battle Clause: Forcing endless battles is banned
|rule|HP Percentage Mod: HP is shown in percentages
|teampreview
|c|âFairy Peak!|Gl. ^^'
|c|âFairy Peak!|J'viens de me rÃ©veiller, donc fait pas attention Ã  mon jeu.
|c|âFairy Peak!|)
|c|âedso|okl
|
|start
|switch|p1a: Just Badass|Landorus-Therian, M|320\/320
|switch|p2a: Gyarados|Gyarados, F|332\/332
|-ability|p1a: Just Badass|Intimidate|[of] p2a: Gyarados
|-unboost|p2a: Gyarados|atk|1
|turn|1
|
|move|p1a: Just Badass|Stone Edge|p2a: Gyarados
|-supereffective|p2a: Gyarados
|-damage|p2a: Gyarados|24\/332
|move|p2a: Gyarados|Waterfall|p1a: Just Badass
|-supereffective|p1a: Just Badass
|-damage|p1a: Just Badass|104\/320
|
|turn|2
|
|switch|p2a: Amoonguss|Amoonguss, F|369\/369
|move|p1a: Just Badass|Stone Edge|p2a: Amoonguss
|-damage|p2a: Amoonguss|196\/369
|
|-heal|p2a: Amoonguss|219\/369|[from] item: Leftovers
|turn|3
|
|switch|p1a: It's A Trap !|Magnezone|282\/282
|move|p2a: Amoonguss|Foul Play|p1a: It's A Trap !
|-damage|p1a: It's A Trap !|235\/282
|
|-heal|p2a: Amoonguss|242\/369|[from] item: Leftovers
|turn|4
|
|switch|p2a: Arcanine|Arcanine, M|384\/384
|-ability|p2a: Arcanine|Intimidate|[of] p1a: It's A Trap !
|-unboost|p1a: It's A Trap !|atk|1
|move|p1a: It's A Trap !|Flash Cannon|p2a: Arcanine
|-resisted|p2a: Arcanine
|-damage|p2a: Arcanine|294\/384
|
|turn|5
|
|switch|p1a: I â¥ You|Latias, F|302\/302
|move|p2a: Arcanine|Extreme Speed|p1a: I â¥ You
|-damage|p1a: I â¥ You|159\/302
|-damage|p2a: Arcanine|256\/384|[from] item: Life Orb
|
|turn|6
|
|move|p1a: I â¥ You|Draco Meteor|p2a: Arcanine
|-damage|p2a: Arcanine|0 fnt
|-unboost|p1a: I â¥ You|spa|2
|-damage|p1a: I â¥ You|129\/302|[from] item: Life Orb
|faint|p2a: Arcanine
|
|
|switch|p2a: Manectric|Manectric, F|281\/281
|turn|7
|
|switch|p1a: It's A Trap !|Magnezone|235\/282
|detailschange|p2a: Manectric|Manectric-Mega, F
|message|Manectric has Mega Evolved into Mega Manectric!
|-ability|p2a: Manectric|Intimidate|[of] p1a: It's A Trap !
|-unboost|p1a: It's A Trap !|atk|1
|move|p2a: Manectric|Thunderbolt|p1a: It's A Trap !
|-resisted|p1a: It's A Trap !
|-damage|p1a: It's A Trap !|151\/282
|
|turn|8
|
|move|p2a: Manectric|Flamethrower|p1a: It's A Trap !
|-supereffective|p1a: It's A Trap !
|-damage|p1a: It's A Trap !|0 fnt
|faint|p1a: It's A Trap !
|
|
|switch|p1a: Lead4Ever|Terrakion|323\/323
|turn|9
|
|move|p2a: Manectric|Protect|p2a: Manectric
|-singleturn|p2a: Manectric|Protect
|move|p1a: Lead4Ever|Close Combat|p2a: Manectric
|-activate|p2a: Manectric|Protect
|
|turn|10
|
|switch|p2a: Gliscor|Gliscor, F|354\/354
|move|p1a: Lead4Ever|Stealth Rock|p2a: Gliscor
|-sidestart|p2: edso|move: Stealth Rock
|
|-status|p2a: Gliscor|tox|[from] item: Toxic Orb
|turn|11
|
|move|p1a: Lead4Ever|Taunt|p2a: Gliscor
|-start|p2a: Gliscor|move: Taunt
|cant|p2a: Gliscor|move: Taunt|Taunt
|
|turn|12
|
|switch|p1a: Over Kraked|Pinsir, F|271\/271
|move|p2a: Gliscor|Earthquake|p1a: Over Kraked
|-resisted|p1a: Over Kraked
|-damage|p1a: Over Kraked|220\/271
|
|turn|13
|
|detailschange|p1a: Over Kraked|Pinsir-Mega, F
|message|Pinsir has Mega Evolved into Mega Pinsir!
|move|p1a: Over Kraked|Return|p2a: Gliscor
|-damage|p2a: Gliscor|191\/354 tox
|move|p2a: Gliscor|U-turn|p1a: Over Kraked
|-resisted|p1a: Over Kraked
|-damage|p1a: Over Kraked|197\/271
|
|switch|p2a: Manectric|Manectric-Mega, F|281\/281
|-damage|p2a: Manectric|246\/281|[from] Stealth Rock
|-ability|p2a: Manectric|Intimidate|[of] p1a: Over Kraked
|-unboost|p1a: Over Kraked|atk|1
|
|turn|14
|
|switch|p1a: Just Badass|Landorus-Therian, M|104\/320
|-ability|p1a: Just Badass|Intimidate|[of] p2a: Manectric
|-unboost|p2a: Manectric|atk|1
|move|p2a: Manectric|Flamethrower|p1a: Just Badass
|-damage|p1a: Just Badass|0 fnt
|faint|p1a: Just Badass
|
|
|switch|p1a: Lead4Ever|Terrakion|323\/323
|turn|15
|
|switch|p2a: Amoonguss|Amoonguss, F|365\/369
|-damage|p2a: Amoonguss|319\/369|[from] Stealth Rock
|move|p1a: Lead4Ever|Stone Edge|p2a: Amoonguss|[miss]
|-miss|p1a: Lead4Ever|p2a: Amoonguss
|
|-heal|p2a: Amoonguss|342\/369|[from] item: Leftovers
|turn|16
|
|move|p1a: Lead4Ever|Taunt|p2a: Amoonguss
|-start|p2a: Amoonguss|move: Taunt
|move|p2a: Amoonguss|Energy Ball|p1a: Lead4Ever
|-supereffective|p1a: Lead4Ever
|-damage|p1a: Lead4Ever|83\/323
|
|-heal|p2a: Amoonguss|365\/369|[from] item: Leftovers
|turn|17
|
|move|p1a: Lead4Ever|Stone Edge|p2a: Amoonguss
|-damage|p2a: Amoonguss|121\/369
|move|p2a: Amoonguss|Energy Ball|p1a: Lead4Ever
|-crit|p1a: Lead4Ever
|-supereffective|p1a: Lead4Ever
|-damage|p1a: Lead4Ever|0 fnt
|faint|p1a: Lead4Ever
|
|-heal|p2a: Amoonguss|144\/369|[from] item: Leftovers
|
|switch|p1a: Over Kraked|Pinsir-Mega, F|197\/271
|turn|18
|c|âedso|pourqoiu ta pa switch
|
|move|p1a: Over Kraked|Return|p2a: Amoonguss
|-supereffective|p2a: Amoonguss
|-damage|p2a: Amoonguss|0 fnt
|faint|p2a: Amoonguss
|
|c|âFairy Peak!|Il a foul play
|
|switch|p2a: Gengar|Gengar, M|262\/262
|-damage|p2a: Gengar|230\/262|[from] Stealth Rock
|turn|19
|c|âedso|aaaaa
|
|move|p1a: Over Kraked|Quick Attack|p2a: Gengar
|-damage|p2a: Gengar|65\/262
|move|p2a: Gengar|Destiny Bond|p2a: Gengar
|-singlemove|p2a: Gengar|Destiny Bond
|
|-heal|p2a: Gengar|81\/262|[from] item: Black Sludge
|turn|20
|
|move|p1a: Over Kraked|Quick Attack|p2a: Gengar
|-damage|p2a: Gengar|0 fnt
|faint|p2a: Gengar
|-activate|p2a: Gengar|Destiny Bond
|faint|p1a: Over Kraked
|
|
|switch|p2a: Manectric|Manectric-Mega, F|246\/281
|-damage|p2a: Manectric|211\/281|[from] Stealth Rock
|switch|p1a: I â¥ You|Latias, F|129\/302
|-ability|p2a: Manectric|Intimidate|[of] p1a: I â¥ You
|-unboost|p1a: I â¥ You|atk|1
|turn|21
|
|move|p2a: Manectric|Thunderbolt|p1a: I â¥ You
|-crit|p1a: I â¥ You
|-resisted|p1a: I â¥ You
|-damage|p1a: I â¥ You|31\/302
|move|p1a: I â¥ You|Draco Meteor|p2a: Manectric
|-damage|p2a: Manectric|0 fnt
|-unboost|p1a: I â¥ You|spa|2
|-damage|p1a: I â¥ You|1\/302|[from] item: Life Orb
|faint|p2a: Manectric
|
|c|âedso|nooooo
|
|switch|p2a: Gliscor|Gliscor, F|191\/354 tox
|-damage|p2a: Gliscor|147\/354 tox|[from] Stealth Rock
|turn|22
|c|âFairy Peak!|;)
|
|move|p1a: I â¥ You|Draco Meteor|p2a: Gliscor
|-damage|p2a: Gliscor|0 fnt
|-unboost|p1a: I â¥ You|spa|2
|-damage|p1a: I â¥ You|0 fnt|[from] item: Life Orb
|faint|p2a: Gliscor
|faint|p1a: I â¥ You
|
|
|switch|p2a: Gyarados|Gyarados, F|24\/332
|-damage|p2a: Gyarados|0 fnt|[from] Stealth Rock
|faint|p2a: Gyarados
|
|win|Fairy Peak!
|c|âFairy Peak!|Gg
|c|âedso|gg