|join|fuckincrackers aye
|join|SadPierrot
|player|p1|fuckincrackers aye|265
|player|p2|SadPierrot|238
|gametype|singles
|tier|[Gen 5] UU
|rated
|rule|Sleep Clause Mod: Limit one foe put to sleep
|rule|Species Clause: Limit one of each Pokemon
|rule|OHKO Clause: OHKO moves are banned
|rule|Moody Clause: Moody is banned
|rule|Evasion Moves Clause: Evasion moves are banned
|rule|HP Percentage Mod: HP is reported as percentages
|rule|Evasion Abilities Clause: Evasion abilities are banned
|clearpoke
|poke|p1|Swampert, F
|poke|p1|Zapdos
|poke|p1|Snorlax, F
|poke|p1|Cofagrigus, M
|poke|p1|Nidoqueen, F
|poke|p1|Cobalion
|poke|p2|Snorlax, F
|poke|p2|Xatu, M
|poke|p2|Dusclops, F
|poke|p2|Gligar, M
|poke|p2|Qwilfish, M
|poke|p2|Umbreon, F
|teampreview
|callback|decision
|join|kcvgh
|
|start
|switch|p1a: Swampert|Swampert, F|403\/403
|switch|p2a: Qwilfish|Qwilfish, M|334\/334
|-ability|p2a: Qwilfish|Intimidate|[of] p1a: Swampert
|-unboost|p1a: Swampert|atk|1
|turn|1
|callback|decision
|
|switch|p2a: Xatu|Xatu, M|271\/271
|move|p1a: Swampert|Hydro Pump|p2a: Xatu
|-damage|p2a: Xatu|0 fnt
|faint|p2a: Xatu
|
|callback|decision
|
|switch|p2a: Umbreon|Umbreon, F|394\/394
|turn|2
|callback|decision
|
|switch|p1a: Cobalion|Cobalion|323\/323
|move|p2a: Umbreon|Toxic|p1a: Cobalion
|-fail|p1a: Cobalion
|
|turn|3
|callback|decision
|
|switch|p1a: Nidoqueen|Nidoqueen, F|356\/356
|switch|p2a: Qwilfish|Qwilfish, M|334\/334
|-ability|p2a: Qwilfish|Intimidate|[of] p1a: Nidoqueen
|-unboost|p1a: Nidoqueen|atk|1
|
|turn|4
|callback|decision
|
|switch|p2a: Umbreon|Umbreon, F|394\/394
|move|p1a: Nidoqueen|Earth Power|p2a: Umbreon
|-damage|p2a: Umbreon|258\/394
|
|-heal|p2a: Umbreon|282\/394|[from] item: Leftovers
|turn|5
|callback|decision
|
|move|p1a: Nidoqueen|Stealth Rock|p2a: Umbreon
|-sidestart|p2: SadPierrot|move: Stealth Rock
|move|p2a: Umbreon|Moonlight|p2a: Umbreon
|-heal|p2a: Umbreon|394\/394
|
|turn|6
|callback|decision
|
|switch|p1a: Cobalion|Cobalion|323\/323
|move|p2a: Umbreon|Foul Play|p1a: Cobalion
|-resisted|p1a: Cobalion
|-damage|p1a: Cobalion|295\/323
|-boost|p1a: Cobalion|atk|1|[from] ability: Justified
|
|turn|7
|callback|decision
|
|switch|p2a: Qwilfish|Qwilfish, M|334\/334
|-damage|p2a: Qwilfish|293\/334|[from] Stealth Rock
|-ability|p2a: Qwilfish|Intimidate|[of] p1a: Cobalion
|-unboost|p1a: Cobalion|atk|1
|move|p1a: Cobalion|Volt Switch|p2a: Qwilfish
|-supereffective|p2a: Qwilfish
|-damage|p2a: Qwilfish|131\/334
|callback|decision
|
|switch|p1a: Nidoqueen|Nidoqueen, F|356\/356
|
|-heal|p2a: Qwilfish|151\/334|[from] item: Black Sludge
|turn|8
|callback|decision
|
|switch|p2a: Gligar|Gligar, M|334\/334
|-damage|p2a: Gligar|293\/334|[from] Stealth Rock
|move|p1a: Nidoqueen|Earth Power|p2a: Gligar
|-immune|p2a: Gligar|[msg]
|
|turn|9
|callback|decision
|
|move|p1a: Nidoqueen|Ice Beam|p2a: Gligar
|-supereffective|p2a: Gligar
|-damage|p2a: Gligar|0 fnt
|faint|p2a: Gligar
|
|callback|decision
|-message|SadPierrot forfeited.
|
|win|fuckincrackers aye
|raw|Ladder updating...
|leave|SadPierrot
|player|p2
|raw|fuckincrackers aye's rating: 2123 &rarr; <strong>2133<\/strong><br \/>(+10 for winning)
|raw|SadPierrot's rating: 1810 &rarr; <strong>1807<\/strong><br \/>(-3 for losing)
|leave|fuckincrackers aye
|player|p1
|join|fuckincrackers aye