|join|sexydolphinz
|join|SadPierrot
|player|p1|sexydolphinz|214
|player|p2|SadPierrot|238
|gametype|doubles
|gen|6
|tier|Smogon Doubles UU
|rated
|rule|Species Clause: Limit one of each PokÃ©mon
|rule|OHKO Clause: OHKO moves are banned
|rule|Moody Clause: Moody is banned
|rule|Evasion Abilities Clause: Evasion abilities are banned
|rule|Evasion Moves Clause: Evasion moves are banned
|rule|Endless Battle Clause: Forcing endless battles is banned
|rule|HP Percentage Mod: HP is shown in percentages
|clearpoke
|poke|p1|Swalot, F
|poke|p1|Slaking, M
|poke|p1|Furret, M
|poke|p1|Smeargle, M
|poke|p1|Mienshao, M
|poke|p1|Slowbro, F
|poke|p2|Bronzong
|poke|p2|Klefki, M
|poke|p2|Swampert, M
|poke|p2|Kabutops, M
|poke|p2|Rotom-Mow
|poke|p2|Beheeyem, M
|teampreview
|
|start
|switch|p1a: Swalot|Swalot, F|404\/404
|switch|p1b: Slaking|Slaking, M|442\/442
|switch|p2a: Klefki|Klefki, M|318\/318
|switch|p2b: Swampert|Swampert, M|341\/341
|turn|1
|
|detailschange|p2b: Swampert|Swampert-Mega, M
|-mega|p2b: Swampert|Swampert|Swampertite
|move|p2b: Swampert|Protect|p2b: Swampert
|-singleturn|p2b: Swampert|Protect
|move|p1b: Slaking|Sucker Punch|p2a: Klefki
|-fail|p2a: Klefki
|move|p2a: Klefki|Rain Dance|p2a: Klefki
|-weather|RainDance
|move|p1a: Swalot|Gastro Acid|p1b: Slaking
|-endability|p1b: Slaking
|
|-weather|RainDance|[upkeep]
|turn|2
|
|switch|p2a: Rotom-Mow|Rotom-Mow|304\/304
|move|p2b: Swampert|Earthquake|p1b: Slaking
|-immune|p2a: Rotom-Mow|[msg]
|-crit|p1a: Swalot
|-supereffective|p1a: Swalot
|-damage|p1a: Swalot|0 fnt
|-damage|p1b: Slaking|283\/442
|faint|p1a: Swalot
|move|p1b: Slaking|Return|p2b: Swampert
|-crit|p2b: Swampert
|-damage|p2b: Swampert|0 fnt
|-damage|p1b: Slaking|239\/442|[from] item: Life Orb
|faint|p2b: Swampert
|
|-weather|RainDance|[upkeep]
|
|switch|p2b: Kabutops|Kabutops, M|262\/262
|switch|p1a: Furret|Furret, M|374\/374
|-item|p2a: Rotom-Mow|White Herb|[from] ability: Frisk|[of] p1a: Furret|[identify]
|-item|p2b: Kabutops|Life Orb|[from] ability: Frisk|[of] p1a: Furret|[identify]
|turn|3
|
|move|p1a: Furret|Follow Me|p1a: Furret
|move|p2b: Kabutops|Stone Edge|p1a: Furret
|-damage|p1a: Furret|69\/374
|-damage|p2b: Kabutops|236\/262|[from] item: Life Orb
|move|p1b: Slaking|Return|p2a: Rotom-Mow
|-crit|p2a: Rotom-Mow
|-damage|p2a: Rotom-Mow|0 fnt
|-damage|p1b: Slaking|195\/442|[from] item: Life Orb
|faint|p2a: Rotom-Mow
|
|-weather|RainDance|[upkeep]
|c|âSadPierrot|no truant?
|
|switch|p2a: Beheeyem|Beheeyem, M|354\/354
|turn|4
|
|move|p2b: Kabutops|Protect|p2b: Kabutops
|-singleturn|p2b: Kabutops|Protect
|move|p1a: Furret|Toxic|p2b: Kabutops
|-activate|p2b: Kabutops|Protect
|move|p1b: Slaking|Night Slash|p2a: Beheeyem
|-supereffective|p2a: Beheeyem
|-damage|p2a: Beheeyem|32\/354
|-damage|p1b: Slaking|151\/442|[from] item: Life Orb
|move|p2a: Beheeyem|Dark Pulse|p1a: Furret
|-damage|p1a: Furret|0 fnt
|faint|p1a: Furret
|
|-weather|RainDance|[upkeep]
|-heal|p2a: Beheeyem|54\/354|[from] item: Leftovers
|
|switch|p1a: Smeargle|Smeargle, M|314\/314
|turn|5
|
|move|p2a: Beheeyem|Protect|p2a: Beheeyem
|-singleturn|p2a: Beheeyem|Protect
|move|p2b: Kabutops|Waterfall|p1b: Slaking
|-damage|p1b: Slaking|0 fnt
|-damage|p2b: Kabutops|210\/262|[from] item: Life Orb
|faint|p1b: Slaking
|move|p1a: Smeargle|Spore|p2b: Kabutops
|-status|p2b: Kabutops|slp
|
|-weather|RainDance|[upkeep]
|-heal|p2a: Beheeyem|76\/354|[from] item: Leftovers
|c|âSadPierrot|is truant ignored in doubles?
|
|switch|p1b: Slowbro|Slowbro, F|332\/332
|turn|6
|
|cant|p2b: Kabutops|slp
|move|p1a: Smeargle|Shell Smash|p1a: Smeargle
|-boost|p1a: Smeargle|atk|2
|-boost|p1a: Smeargle|spa|2
|-boost|p1a: Smeargle|spe|2
|-unboost|p1a: Smeargle|def|1
|-unboost|p1a: Smeargle|spd|1
|move|p1b: Slowbro|Psychic|p2a: Beheeyem
|-resisted|p2a: Beheeyem
|-damage|p2a: Beheeyem|35\/354
|move|p2a: Beheeyem|Dark Pulse|p1b: Slowbro
|-supereffective|p1b: Slowbro
|-damage|p1b: Slowbro|144\/332
|
|-weather|RainDance|[upkeep]
|-heal|p1b: Slowbro|164\/332|[from] item: Leftovers
|-heal|p2a: Beheeyem|57\/354|[from] item: Leftovers
|turn|7
|
|move|p2a: Beheeyem|Protect|p2a: Beheeyem
|-singleturn|p2a: Beheeyem|Protect
|move|p1a: Smeargle|Substitute|p1a: Smeargle
|-start|p1a: Smeargle|Substitute
|-damage|p1a: Smeargle|236\/314
|cant|p2b: Kabutops|slp
|move|p1b: Slowbro|Ice Beam|p2a: Beheeyem
|-activate|p2a: Beheeyem|Protect
|
|-weather|RainDance|[upkeep]
|-heal|p1b: Slowbro|184\/332|[from] item: Leftovers
|-heal|p2a: Beheeyem|79\/354|[from] item: Leftovers
|turn|8
|
|move|p1a: Smeargle|Shell Smash|p1a: Smeargle
|-boost|p1a: Smeargle|atk|2
|-boost|p1a: Smeargle|spa|2
|-boost|p1a: Smeargle|spe|2
|-unboost|p1a: Smeargle|def|1
|-unboost|p1a: Smeargle|spd|1
|cant|p2b: Kabutops|slp
|move|p1b: Slowbro|Ice Beam|p2a: Beheeyem
|-damage|p2a: Beheeyem|26\/354
|move|p2a: Beheeyem|Dark Pulse|p1b: Slowbro
|-supereffective|p1b: Slowbro
|-damage|p1b: Slowbro|4\/332
|
|-weather|none
|-heal|p1b: Slowbro|24\/332|[from] item: Leftovers
|-heal|p2a: Beheeyem|48\/354|[from] item: Leftovers
|turn|9
|
|move|p2a: Beheeyem|Protect|p2a: Beheeyem
|-singleturn|p2a: Beheeyem|Protect
|move|p1a: Smeargle|Spore|p2a: Beheeyem
|-activate|p2a: Beheeyem|Protect
|-curestatus|p2b: Kabutops|slp
|move|p2b: Kabutops|Stone Edge|p1a: Smeargle|[miss]
|-miss|p2b: Kabutops|p1a: Smeargle
|move|p1b: Slowbro|Ice Beam|p2a: Beheeyem
|-activate|p2a: Beheeyem|Protect
|
|-heal|p1b: Slowbro|44\/332|[from] item: Leftovers
|-heal|p2a: Beheeyem|70\/354|[from] item: Leftovers
|turn|10
|
|switch|p1b: Mienshao|Mienshao, M|272\/272
|move|p2b: Kabutops|Aqua Jet|p1a: Smeargle
|-end|p1a: Smeargle|Substitute
|-damage|p2b: Kabutops|184\/262|[from] item: Life Orb
|move|p1a: Smeargle|Baton Pass|p1a: Smeargle
|
|switch|p1a: Slowbro|Slowbro, F|154\/332
|move|p2a: Beheeyem|Dark Pulse|p1b: Mienshao
|-resisted|p1b: Mienshao
|-damage|p1b: Mienshao|211\/272
|
|-heal|p1a: Slowbro|174\/332|[from] item: Leftovers
|-heal|p2a: Beheeyem|92\/354|[from] item: Leftovers
|turn|11
|
|move|p2a: Beheeyem|Protect|p2a: Beheeyem
|-singleturn|p2a: Beheeyem|Protect
|move|p1a: Slowbro|Surf|p2b: Kabutops
|-damage|p1b: Mienshao|0 fnt
|-activate|p2a: Beheeyem|Protect
|-damage|p2b: Kabutops|0 fnt
|faint|p1b: Mienshao
|faint|p2b: Kabutops
|
|-heal|p1a: Slowbro|194\/332|[from] item: Leftovers
|-heal|p2a: Beheeyem|114\/354|[from] item: Leftovers
|
|switch|p1b: Smeargle|Smeargle, M|236\/314
|switch|p2b: Klefki|Klefki, M|318\/318
|turn|12
|join|Yellow Paint
|join|finally
|c|âSadPierrot|at the beginning
|c| Yellow Paint|he gastro acided turn 1
|c| Yellow Paint|meaning it removes the ability
|c|âSadPierrot|ok
|
|switch|p2a: Bronzong|Bronzong|338\/338
|move|p2b: Klefki|Thunder Wave|p1a: Slowbro
|-status|p1a: Slowbro|par
|move|p1a: Slowbro|Ice Beam|p2a: Bronzong
|-resisted|p2a: Bronzong
|-damage|p2a: Bronzong|272\/338
|move|p1b: Smeargle|Spore|p2b: Klefki
|-status|p2b: Klefki|slp
|
|-heal|p1a: Slowbro|214\/332 par|[from] item: Leftovers
|turn|13
|c| Yellow Paint|it's a gimmick
|leave|finally
|
|cant|p2b: Klefki|slp
|move|p1b: Smeargle|Substitute|p1b: Smeargle
|-start|p1b: Smeargle|Substitute
|-damage|p1b: Smeargle|158\/314
|move|p1a: Slowbro|Surf|p2a: Bronzong
|-end|p1b: Smeargle|Substitute
|-damage|p2a: Bronzong|119\/338
|-damage|p2b: Klefki|135\/318 slp
|move|p2a: Bronzong|Light Screen|p2a: Bronzong
|-sidestart|p2: SadPierrot|move: Light Screen
|
|-heal|p1a: Slowbro|234\/332 par|[from] item: Leftovers
|turn|14
|join|SpaceBass
|leave|SpaceBass
|
|move|p2a: Bronzong|Protect|p2a: Bronzong
|-singleturn|p2a: Bronzong|Protect
|cant|p2b: Klefki|slp
|move|p1b: Smeargle|Substitute|p1b: Smeargle
|-start|p1b: Smeargle|Substitute
|-damage|p1b: Smeargle|80\/314
|move|p1a: Slowbro|Surf|p2a: Bronzong
|-end|p1b: Smeargle|Substitute
|-activate|p2a: Bronzong|Protect
|-damage|p2b: Klefki|16\/318 slp
|
|-heal|p1a: Slowbro|254\/332 par|[from] item: Leftovers
|turn|15
|leave|Yellow Paint
|
|-curestatus|p2b: Klefki|slp
|move|p2b: Klefki|Light Screen|p2b: Klefki
|-fail|p2b: Klefki
|move|p1b: Smeargle|Substitute|p1b: Smeargle
|-start|p1b: Smeargle|Substitute
|-damage|p1b: Smeargle|2\/314
|move|p1a: Slowbro|Surf|p2b: Klefki
|-end|p1b: Smeargle|Substitute
|-damage|p2a: Bronzong|7\/338
|-damage|p2b: Klefki|0 fnt
|faint|p2b: Klefki
|move|p2a: Bronzong|Reflect|p2a: Bronzong
|-sidestart|p2: SadPierrot|Reflect
|
|-heal|p1a: Slowbro|274\/332 par|[from] item: Leftovers
|
|switch|p2b: Beheeyem|Beheeyem, M|114\/354
|turn|16
|
|move|p2b: Beheeyem|Protect|p2b: Beheeyem
|-singleturn|p2b: Beheeyem|Protect
|move|p2a: Bronzong|Protect|p2a: Bronzong
|-singleturn|p2a: Bronzong|Protect
|move|p1b: Smeargle|Spore|p2b: Beheeyem
|-activate|p2b: Beheeyem|Protect
|cant|p1a: Slowbro|par
|
|-heal|p1a: Slowbro|294\/332 par|[from] item: Leftovers
|-heal|p2b: Beheeyem|136\/354|[from] item: Leftovers
|turn|17
|
|move|p1b: Smeargle|Spore|p2b: Beheeyem
|-status|p2b: Beheeyem|slp
|move|p1a: Slowbro|Surf|p2b: Beheeyem
|-damage|p1b: Smeargle|0 fnt
|-damage|p2a: Bronzong|0 fnt
|-damage|p2b: Beheeyem|23\/354 slp
|faint|p1b: Smeargle
|faint|p2a: Bronzong
|cant|p2b: Beheeyem|slp
|
|-heal|p1a: Slowbro|314\/332 par|[from] item: Leftovers
|-heal|p2b: Beheeyem|45\/354 slp|[from] item: Leftovers
|turn|18
|
|move|p1a: Slowbro|Surf|p2b: Beheeyem
|-damage|p2b: Beheeyem|0 fnt
|faint|p2b: Beheeyem
|
|win|sexydolphinz
|raw|Ladder updating...
|raw|sexydolphinz's rating: 1081 &rarr; <strong>1110<\/strong><br \/>(+29 for winning)
|raw|SadPierrot's rating: 1089 &rarr; <strong>1066<\/strong><br \/>(-23 for losing)
|leave|SadPierrot
|player|p2