|join|try me 101
|join|SadPierrot
|player|p1|try me 101|293
|player|p2|SadPierrot|238
|gametype|singles
|gen|6
|tier|UU
|rated
|rule|Sleep Clause Mod: Limit one foe put to sleep
|rule|Species Clause: Limit one of each PokÃ©mon
|rule|OHKO Clause: OHKO moves are banned
|rule|Moody Clause: Moody is banned
|rule|Evasion Moves Clause: Evasion moves are banned
|rule|Endless Battle Clause: Forcing endless battles is banned
|rule|HP Percentage Mod: HP is shown in percentages
|clearpoke
|poke|p1|Reuniclus, M
|poke|p1|Mienshao, M
|poke|p1|Blissey, F
|poke|p1|Forretress, F
|poke|p1|Houndoom, M
|poke|p1|Bronzong
|poke|p2|Cresselia, F
|poke|p2|Umbreon, M
|poke|p2|Celebi
|poke|p2|Machamp, F
|poke|p2|Arcanine, F
|poke|p2|Forretress, M
|rule|Swagger Clause: Swagger is banned
|rule|Baton Pass Clause: Limit one PokÃ©mon knowing Baton Pass
|teampreview
|
|start
|switch|p1a: Forretress|Forretress, F|354\/354
|switch|p2a: Machamp|Machamp, F|384\/384
|turn|1
|
|move|p2a: Machamp|Knock Off|p1a: Forretress
|-damage|p1a: Forretress|276\/354
|-enditem|p1a: Forretress|Leftovers|[from] move: Knock Off|[of] p2a: Machamp
|move|p1a: Forretress|Stealth Rock|p2a: Machamp
|-sidestart|p2: SadPierrot|move: Stealth Rock
|
|turn|2
|
|switch|p2a: Forretress|Forretress, M|354\/354
|-damage|p2a: Forretress|310\/354|[from] Stealth Rock
|move|p1a: Forretress|Gyro Ball|p2a: Forretress
|-crit|p2a: Forretress
|-resisted|p2a: Forretress
|-damage|p2a: Forretress|297\/354
|
|-heal|p2a: Forretress|319\/354|[from] item: Leftovers
|turn|3
|
|switch|p1a: Houndoom|Houndoom, M|291\/291
|move|p2a: Forretress|Rapid Spin|p1a: Houndoom
|-damage|p1a: Houndoom|269\/291
|-sideend|p2: SadPierrot|Stealth Rock|[from] move: Rapid Spin|[of] p2a: Forretress
|
|-heal|p2a: Forretress|341\/354|[from] item: Leftovers
|turn|4
|
|switch|p2a: Machamp|Machamp, F|384\/384
|detailschange|p1a: Houndoom|Houndoom-Mega, M
|message|Houndoom has Mega Evolved into Mega Houndoom!
|move|p1a: Houndoom|Dark Pulse|p2a: Machamp
|-resisted|p2a: Machamp
|-damage|p2a: Machamp|318\/384
|
|turn|5
|
|switch|p1a: Forretress|Forretress, F|276\/354
|move|p2a: Machamp|Close Combat|p1a: Forretress
|-crit|p1a: Forretress
|-damage|p1a: Forretress|47\/354
|-unboost|p2a: Machamp|def|1
|-unboost|p2a: Machamp|spd|1
|
|turn|6
|
|move|p2a: Machamp|Close Combat|p1a: Forretress
|-damage|p1a: Forretress|0 fnt
|-unboost|p2a: Machamp|def|1
|-unboost|p2a: Machamp|spd|1
|faint|p1a: Forretress
|
|
|switch|p1a: Houndoom|Houndoom-Mega, M|269\/291
|turn|7
|
|switch|p2a: Umbreon|Umbreon, M|394\/394
|move|p1a: Houndoom|Flamethrower|p2a: Umbreon
|-damage|p2a: Umbreon|283\/394
|
|-heal|p2a: Umbreon|307\/394|[from] item: Leftovers
|turn|8
|
|switch|p2a: Machamp|Machamp, F|318\/384
|move|p1a: Houndoom|Substitute|p1a: Houndoom
|-start|p1a: Houndoom|Substitute
|-damage|p1a: Houndoom|197\/291
|
|turn|9
|
|move|p1a: Houndoom|Nasty Plot|p1a: Houndoom
|-boost|p1a: Houndoom|spa|2
|move|p2a: Machamp|Earthquake|p1a: Houndoom
|-supereffective|p1a: Houndoom
|-end|p1a: Houndoom|Substitute
|
|turn|10
|
|move|p1a: Houndoom|Flamethrower|p2a: Machamp
|-damage|p2a: Machamp|54\/384
|-status|p2a: Machamp|brn
|move|p2a: Machamp|Earthquake|p1a: Houndoom
|-supereffective|p1a: Houndoom
|-damage|p1a: Houndoom|0 fnt
|faint|p1a: Houndoom
|
|-damage|p2a: Machamp|6\/384 brn|[from] brn
|
|switch|p1a: Mienshao|Mienshao, M|271\/271
|turn|11
|
|move|p1a: Mienshao|U-turn|p2a: Machamp
|-resisted|p2a: Machamp
|-damage|p2a: Machamp|0 fnt
|faint|p2a: Machamp
|
|switch|p1a: Bronzong|Bronzong|338\/338
|
|
|switch|p2a: Umbreon|Umbreon, M|307\/394
|turn|12
|
|move|p2a: Umbreon|Curse|p2a: Umbreon
|-boost|p2a: Umbreon|atk|1
|-boost|p2a: Umbreon|def|1
|-unboost|p2a: Umbreon|spe|1
|move|p1a: Bronzong|Hypnosis|p2a: Umbreon
|-status|p2a: Umbreon|slp
|
|-heal|p2a: Umbreon|331\/394 slp|[from] item: Leftovers
|turn|13
|
|cant|p2a: Umbreon|slp
|move|p1a: Bronzong|Signal Beam|p2a: Umbreon
|-supereffective|p2a: Umbreon
|-damage|p2a: Umbreon|217\/394 slp
|-start|p2a: Umbreon|confusion
|-damage|p1a: Bronzong|305\/338|[from] item: Life Orb
|
|-heal|p2a: Umbreon|241\/394 slp|[from] item: Leftovers
|turn|14
|
|-curestatus|p2a: Umbreon|slp
|-activate|p2a: Umbreon|confusion
|-damage|p2a: Umbreon|220\/394|[from] confusion
|move|p1a: Bronzong|Signal Beam|p2a: Umbreon
|-crit|p2a: Umbreon
|-supereffective|p2a: Umbreon
|-damage|p2a: Umbreon|48\/394
|-damage|p1a: Bronzong|272\/338|[from] item: Life Orb
|
|-heal|p2a: Umbreon|72\/394|[from] item: Leftovers
|turn|15
|
|-activate|p2a: Umbreon|confusion
|-damage|p2a: Umbreon|52\/394|[from] confusion
|move|p1a: Bronzong|Signal Beam|p2a: Umbreon
|-supereffective|p2a: Umbreon
|-damage|p2a: Umbreon|0 fnt
|-damage|p1a: Bronzong|239\/338|[from] item: Life Orb
|faint|p2a: Umbreon
|
|
|switch|p2a: Arcanine|Arcanine, F|384\/384
|-ability|p2a: Arcanine|Intimidate|[of] p1a: Bronzong
|-unboost|p1a: Bronzong|atk|1
|turn|16
|c|âSadPierrot|so much hax
|
|move|p2a: Arcanine|Will-O-Wisp|p1a: Bronzong
|-status|p1a: Bronzong|brn
|move|p1a: Bronzong|Psychic|p2a: Arcanine
|-damage|p2a: Arcanine|199\/384
|-damage|p1a: Bronzong|206\/338 brn|[from] item: Life Orb
|
|-heal|p2a: Arcanine|223\/384|[from] item: Leftovers
|-damage|p1a: Bronzong|164\/338 brn|[from] brn
|turn|17
|
|move|p2a: Arcanine|Morning Sun|p2a: Arcanine
|-heal|p2a: Arcanine|384\/384
|move|p1a: Bronzong|Hypnosis|p2a: Arcanine
|-status|p2a: Arcanine|slp
|
|-damage|p1a: Bronzong|122\/338 brn|[from] brn
|turn|18
|
|switch|p2a: Celebi|Celebi|404\/404
|move|p1a: Bronzong|Psychic|p2a: Celebi
|-resisted|p2a: Celebi
|-damage|p2a: Celebi|322\/404
|-damage|p1a: Bronzong|89\/338 brn|[from] item: Life Orb
|
|-heal|p2a: Celebi|347\/404|[from] item: Leftovers
|-damage|p1a: Bronzong|47\/338 brn|[from] brn
|turn|19
|
|move|p2a: Celebi|Calm Mind|p2a: Celebi
|-boost|p2a: Celebi|spa|1
|-boost|p2a: Celebi|spd|1
|move|p1a: Bronzong|Signal Beam|p2a: Celebi
|-supereffective|p2a: Celebi
|-damage|p2a: Celebi|97\/404
|-damage|p1a: Bronzong|14\/338 brn|[from] item: Life Orb
|
|-heal|p2a: Celebi|122\/404|[from] item: Leftovers
|-damage|p1a: Bronzong|0 fnt|[from] brn
|faint|p1a: Bronzong
|
|switch|p1a: Mienshao|Mienshao, M|271\/271
|turn|20
|
|switch|p2a: Forretress|Forretress, M|341\/354
|move|p1a: Mienshao|U-turn|p2a: Forretress
|-resisted|p2a: Forretress
|-damage|p2a: Forretress|320\/354
|
|switch|p1a: Reuniclus|Reuniclus, M|424\/424
|
|-heal|p2a: Forretress|342\/354|[from] item: Leftovers
|turn|21
|
|switch|p2a: Cresselia|Cresselia, F|444\/444
|move|p1a: Reuniclus|Calm Mind|p1a: Reuniclus
|-boost|p1a: Reuniclus|spa|1
|-boost|p1a: Reuniclus|spd|1
|
|turn|22
|
|move|p2a: Cresselia|Calm Mind|p2a: Cresselia
|-boost|p2a: Cresselia|spa|1
|-boost|p2a: Cresselia|spd|1
|move|p1a: Reuniclus|Calm Mind|p1a: Reuniclus
|-boost|p1a: Reuniclus|spa|1
|-boost|p1a: Reuniclus|spd|1
|
|turn|23
|c|âtry me 101|cm wars
|
|move|p2a: Cresselia|Calm Mind|p2a: Cresselia
|-boost|p2a: Cresselia|spa|1
|-boost|p2a: Cresselia|spd|1
|move|p1a: Reuniclus|Calm Mind|p1a: Reuniclus
|-boost|p1a: Reuniclus|spa|1
|-boost|p1a: Reuniclus|spd|1
|
|turn|24
|
|move|p2a: Cresselia|Calm Mind|p2a: Cresselia
|-boost|p2a: Cresselia|spa|1
|-boost|p2a: Cresselia|spd|1
|move|p1a: Reuniclus|Calm Mind|p1a: Reuniclus
|-boost|p1a: Reuniclus|spa|1
|-boost|p1a: Reuniclus|spd|1
|
|turn|25
|
|move|p2a: Cresselia|Calm Mind|p2a: Cresselia
|-boost|p2a: Cresselia|spa|1
|-boost|p2a: Cresselia|spd|1
|move|p1a: Reuniclus|Calm Mind|p1a: Reuniclus
|-boost|p1a: Reuniclus|spa|1
|-boost|p1a: Reuniclus|spd|1
|
|turn|26
|
|move|p2a: Cresselia|Calm Mind|p2a: Cresselia
|-boost|p2a: Cresselia|spa|1
|-boost|p2a: Cresselia|spd|1
|move|p1a: Reuniclus|Calm Mind|p1a: Reuniclus
|-boost|p1a: Reuniclus|spa|1
|-boost|p1a: Reuniclus|spd|1
|
|turn|27
|
|move|p2a: Cresselia|Calm Mind|p2a: Cresselia
|-boost|p2a: Cresselia|spa|1
|-boost|p2a: Cresselia|spd|1
|move|p1a: Reuniclus|Psychic|p2a: Cresselia
|-resisted|p2a: Cresselia
|-damage|p2a: Cresselia|388\/444
|-unboost|p2a: Cresselia|spd|1
|
|-heal|p2a: Cresselia|415\/444|[from] item: Leftovers
|turn|28
|
|move|p2a: Cresselia|Calm Mind|p2a: Cresselia
|-boost|p2a: Cresselia|spd|1
|move|p1a: Reuniclus|Psychic|p2a: Cresselia
|-resisted|p2a: Cresselia
|-damage|p2a: Cresselia|360\/444
|
|-heal|p2a: Cresselia|387\/444|[from] item: Leftovers
|turn|29
|
|move|p2a: Cresselia|Psyshock|p1a: Reuniclus
|-resisted|p1a: Reuniclus
|-damage|p1a: Reuniclus|293\/424
|move|p1a: Reuniclus|Psychic|p2a: Cresselia
|-resisted|p2a: Cresselia
|-damage|p2a: Cresselia|339\/444
|
|-heal|p2a: Cresselia|366\/444|[from] item: Leftovers
|turn|30
|
|move|p2a: Cresselia|Psyshock|p1a: Reuniclus
|-resisted|p1a: Reuniclus
|-damage|p1a: Reuniclus|155\/424
|move|p1a: Reuniclus|Psychic|p2a: Cresselia
|-resisted|p2a: Cresselia
|-damage|p2a: Cresselia|312\/444
|
|-heal|p2a: Cresselia|339\/444|[from] item: Leftovers
|turn|31
|
|move|p2a: Cresselia|Psyshock|p1a: Reuniclus
|-resisted|p1a: Reuniclus
|-damage|p1a: Reuniclus|26\/424
|move|p1a: Reuniclus|Recover|p1a: Reuniclus
|-heal|p1a: Reuniclus|238\/424
|
|-heal|p2a: Cresselia|366\/444|[from] item: Leftovers
|turn|32
|
|move|p2a: Cresselia|Psyshock|p1a: Reuniclus
|-crit|p1a: Reuniclus
|-resisted|p1a: Reuniclus
|-damage|p1a: Reuniclus|31\/424
|move|p1a: Reuniclus|Recover|p1a: Reuniclus
|-heal|p1a: Reuniclus|243\/424
|
|-heal|p2a: Cresselia|393\/444|[from] item: Leftovers
|turn|33
|
|move|p2a: Cresselia|Psyshock|p1a: Reuniclus
|-resisted|p1a: Reuniclus
|-damage|p1a: Reuniclus|123\/424
|move|p1a: Reuniclus|Recover|p1a: Reuniclus
|-heal|p1a: Reuniclus|335\/424
|
|-heal|p2a: Cresselia|420\/444|[from] item: Leftovers
|turn|34
|
|move|p2a: Cresselia|Psyshock|p1a: Reuniclus
|-resisted|p1a: Reuniclus
|-damage|p1a: Reuniclus|204\/424
|move|p1a: Reuniclus|Recover|p1a: Reuniclus
|-heal|p1a: Reuniclus|416\/424
|
|-heal|p2a: Cresselia|444\/444|[from] item: Leftovers
|turn|35
|
|move|p2a: Cresselia|Calm Mind|p2a: Cresselia
|-fail|p2a: Cresselia
|move|p1a: Reuniclus|Psychic|p2a: Cresselia
|-resisted|p2a: Cresselia
|-damage|p2a: Cresselia|389\/444
|
|-heal|p2a: Cresselia|416\/444|[from] item: Leftovers
|turn|36
|
|move|p2a: Cresselia|Calm Mind|p2a: Cresselia
|-fail|p2a: Cresselia
|move|p1a: Reuniclus|Psychic|p2a: Cresselia
|-resisted|p2a: Cresselia
|-damage|p2a: Cresselia|360\/444
|
|-heal|p2a: Cresselia|387\/444|[from] item: Leftovers
|turn|37
|
|move|p2a: Cresselia|Calm Mind|p2a: Cresselia
|-fail|p2a: Cresselia
|move|p1a: Reuniclus|Psychic|p2a: Cresselia
|-resisted|p2a: Cresselia
|-damage|p2a: Cresselia|339\/444
|
|-heal|p2a: Cresselia|366\/444|[from] item: Leftovers
|turn|38
|
|move|p2a: Cresselia|Calm Mind|p2a: Cresselia
|-fail|p2a: Cresselia
|move|p1a: Reuniclus|Psychic|p2a: Cresselia
|-resisted|p2a: Cresselia
|-damage|p2a: Cresselia|317\/444
|
|-heal|p2a: Cresselia|344\/444|[from] item: Leftovers
|turn|39
|
|move|p2a: Cresselia|Calm Mind|p2a: Cresselia
|-fail|p2a: Cresselia
|move|p1a: Reuniclus|Psychic|p2a: Cresselia
|-resisted|p2a: Cresselia
|-damage|p2a: Cresselia|291\/444
|
|-heal|p2a: Cresselia|318\/444|[from] item: Leftovers
|turn|40
|
|move|p2a: Cresselia|Calm Mind|p2a: Cresselia
|-fail|p2a: Cresselia
|move|p1a: Reuniclus|Psychic|p2a: Cresselia
|-resisted|p2a: Cresselia
|-damage|p2a: Cresselia|264\/444
|
|-heal|p2a: Cresselia|291\/444|[from] item: Leftovers
|turn|41
|
|move|p2a: Cresselia|Calm Mind|p2a: Cresselia
|-fail|p2a: Cresselia
|move|p1a: Reuniclus|Focus Blast|p2a: Cresselia
|-resisted|p2a: Cresselia
|-damage|p2a: Cresselia|248\/444
|
|-heal|p2a: Cresselia|275\/444|[from] item: Leftovers
|turn|42
|
|move|p2a: Cresselia|Moonlight|p2a: Cresselia
|-heal|p2a: Cresselia|444\/444
|move|p1a: Reuniclus|Focus Blast|p2a: Cresselia
|-resisted|p2a: Cresselia
|-damage|p2a: Cresselia|396\/444
|
|-heal|p2a: Cresselia|423\/444|[from] item: Leftovers
|turn|43
|
|move|p2a: Cresselia|Psyshock|p1a: Reuniclus
|-resisted|p1a: Reuniclus
|-damage|p1a: Reuniclus|296\/424
|move|p1a: Reuniclus|Focus Blast|p2a: Cresselia|[miss]
|-miss|p1a: Reuniclus|p2a: Cresselia
|
|-heal|p2a: Cresselia|444\/444|[from] item: Leftovers
|turn|44
|
|move|p2a: Cresselia|Psyshock|p1a: Reuniclus
|-resisted|p1a: Reuniclus
|-damage|p1a: Reuniclus|162\/424
|move|p1a: Reuniclus|Recover|p1a: Reuniclus
|-heal|p1a: Reuniclus|374\/424
|
|turn|45
|
|move|p2a: Cresselia|Psyshock|p1a: Reuniclus
|-resisted|p1a: Reuniclus
|-damage|p1a: Reuniclus|240\/424
|move|p1a: Reuniclus|Recover|p1a: Reuniclus
|-heal|p1a: Reuniclus|424\/424
|
|turn|46
|
|move|p2a: Cresselia|Psyshock|p1a: Reuniclus
|-resisted|p1a: Reuniclus
|-damage|p1a: Reuniclus|307\/424
|move|p1a: Reuniclus|Focus Blast|p2a: Cresselia
|-resisted|p2a: Cresselia
|-damage|p2a: Cresselia|401\/444
|
|-heal|p2a: Cresselia|428\/444|[from] item: Leftovers
|turn|47
|
|move|p2a: Cresselia|Psyshock|p1a: Reuniclus
|-resisted|p1a: Reuniclus
|-damage|p1a: Reuniclus|176\/424
|move|p1a: Reuniclus|Recover|p1a: Reuniclus
|-heal|p1a: Reuniclus|388\/424
|
|-heal|p2a: Cresselia|444\/444|[from] item: Leftovers
|turn|48
|
|move|p2a: Cresselia|Psyshock|p1a: Reuniclus
|-crit|p1a: Reuniclus
|-resisted|p1a: Reuniclus
|-damage|p1a: Reuniclus|204\/424
|move|p1a: Reuniclus|Psychic|p2a: Cresselia
|-resisted|p2a: Cresselia
|-damage|p2a: Cresselia|397\/444
|
|-heal|p2a: Cresselia|424\/444|[from] item: Leftovers
|turn|49
|
|move|p2a: Cresselia|Psyshock|p1a: Reuniclus
|-resisted|p1a: Reuniclus
|-damage|p1a: Reuniclus|73\/424
|move|p1a: Reuniclus|Recover|p1a: Reuniclus
|-heal|p1a: Reuniclus|285\/424
|
|-heal|p2a: Cresselia|444\/444|[from] item: Leftovers
|turn|50
|
|move|p2a: Cresselia|Psyshock|p1a: Reuniclus
|-crit|p1a: Reuniclus
|-resisted|p1a: Reuniclus
|-damage|p1a: Reuniclus|82\/424
|move|p1a: Reuniclus|Recover|p1a: Reuniclus
|-heal|p1a: Reuniclus|294\/424
|
|turn|51
|
|move|p2a: Cresselia|Psyshock|p1a: Reuniclus
|-resisted|p1a: Reuniclus
|-damage|p1a: Reuniclus|163\/424
|move|p1a: Reuniclus|Recover|p1a: Reuniclus
|-heal|p1a: Reuniclus|375\/424
|
|turn|52
|
|move|p2a: Cresselia|Psyshock|p1a: Reuniclus
|-resisted|p1a: Reuniclus
|-damage|p1a: Reuniclus|255\/424
|move|p1a: Reuniclus|Recover|p1a: Reuniclus
|-heal|p1a: Reuniclus|424\/424
|
|turn|53
|c|âSadPierrot|how much pp does recover have
|
|move|p2a: Cresselia|Calm Mind|p2a: Cresselia
|-fail|p2a: Cresselia
|move|p1a: Reuniclus|Psychic|p2a: Cresselia
|-resisted|p2a: Cresselia
|-damage|p2a: Cresselia|390\/444
|
|-heal|p2a: Cresselia|417\/444|[from] item: Leftovers
|turn|54
|
|move|p2a: Cresselia|Calm Mind|p2a: Cresselia
|-fail|p2a: Cresselia
|move|p1a: Reuniclus|Calm Mind|p1a: Reuniclus
|-fail|p1a: Reuniclus
|
|-heal|p2a: Cresselia|444\/444|[from] item: Leftovers
|turn|55
|
|move|p2a: Cresselia|Calm Mind|p2a: Cresselia
|-fail|p2a: Cresselia
|move|p1a: Reuniclus|Calm Mind|p1a: Reuniclus
|-fail|p1a: Reuniclus
|
|turn|56
|
|move|p2a: Cresselia|Calm Mind|p2a: Cresselia
|-fail|p2a: Cresselia
|move|p1a: Reuniclus|Calm Mind|p1a: Reuniclus
|-fail|p1a: Reuniclus
|
|turn|57
|
|move|p2a: Cresselia|Calm Mind|p2a: Cresselia
|-fail|p2a: Cresselia
|move|p1a: Reuniclus|Calm Mind|p1a: Reuniclus
|-fail|p1a: Reuniclus
|
|turn|58
|
|move|p2a: Cresselia|Calm Mind|p2a: Cresselia
|-fail|p2a: Cresselia
|move|p1a: Reuniclus|Calm Mind|p1a: Reuniclus
|-fail|p1a: Reuniclus
|
|turn|59
|
|move|p2a: Cresselia|Calm Mind|p2a: Cresselia
|-fail|p2a: Cresselia
|move|p1a: Reuniclus|Calm Mind|p1a: Reuniclus
|-fail|p1a: Reuniclus
|
|turn|60
|
|move|p2a: Cresselia|Calm Mind|p2a: Cresselia
|-fail|p2a: Cresselia
|move|p1a: Reuniclus|Calm Mind|p1a: Reuniclus
|-fail|p1a: Reuniclus
|
|turn|61
|
|move|p2a: Cresselia|Calm Mind|p2a: Cresselia
|-fail|p2a: Cresselia
|move|p1a: Reuniclus|Psychic|p2a: Cresselia
|-resisted|p2a: Cresselia
|-damage|p2a: Cresselia|395\/444
|
|-heal|p2a: Cresselia|422\/444|[from] item: Leftovers
|turn|62
|
|move|p2a: Cresselia|Calm Mind|p2a: Cresselia
|-fail|p2a: Cresselia
|move|p1a: Reuniclus|Focus Blast|p2a: Cresselia
|-resisted|p2a: Cresselia
|-damage|p2a: Cresselia|375\/444
|
|-heal|p2a: Cresselia|402\/444|[from] item: Leftovers
|turn|63
|
|move|p2a: Cresselia|Calm Mind|p2a: Cresselia
|-fail|p2a: Cresselia
|move|p1a: Reuniclus|Calm Mind|p1a: Reuniclus
|-fail|p1a: Reuniclus
|
|-heal|p2a: Cresselia|429\/444|[from] item: Leftovers
|turn|64
|c|âtry me 101|k
|c|âtry me 101|ummm
|
|move|p2a: Cresselia|Calm Mind|p2a: Cresselia
|-fail|p2a: Cresselia
|move|p1a: Reuniclus|Calm Mind|p1a: Reuniclus
|-fail|p1a: Reuniclus
|
|-heal|p2a: Cresselia|444\/444|[from] item: Leftovers
|turn|65
|c|âtry me 101|I like stall
|c|âSadPierrot|I can see
|c|âtry me 101|but not this kind of stall
|c|âSadPierrot|me neither
|c|âtry me 101|this is boring
|c|âSadPierrot|but what to do
|c|âtry me 101|and I don't want to switch out
|c|âtry me 101|cuz I want my rank to be at least 1400
|c|âtry me 101|cuz yesterday I got to 1392
|
|move|p2a: Cresselia|Calm Mind|p2a: Cresselia
|-fail|p2a: Cresselia
|move|p1a: Reuniclus|Calm Mind|p1a: Reuniclus
|-fail|p1a: Reuniclus
|
|turn|66
|c|âSadPierrot|then we need to keep doing this and see what happens
|
|move|p2a: Cresselia|Calm Mind|p2a: Cresselia
|-fail|p2a: Cresselia
|move|p1a: Reuniclus|Calm Mind|p1a: Reuniclus
|-fail|p1a: Reuniclus
|
|turn|67
|c|âSadPierrot|I'm just above 1400 and I want to keep it that way
|
|move|p2a: Cresselia|Calm Mind|p2a: Cresselia
|-fail|p2a: Cresselia
|move|p1a: Reuniclus|Calm Mind|p1a: Reuniclus
|-fail|p1a: Reuniclus
|
|turn|68
|
|move|p2a: Cresselia|Calm Mind|p2a: Cresselia
|-fail|p2a: Cresselia
|move|p1a: Reuniclus|Calm Mind|p1a: Reuniclus
|-fail|p1a: Reuniclus
|
|turn|69
|
|move|p2a: Cresselia|Calm Mind|p2a: Cresselia
|-fail|p2a: Cresselia
|move|p1a: Reuniclus|Calm Mind|p1a: Reuniclus
|-fail|p1a: Reuniclus
|
|turn|70
|
|move|p2a: Cresselia|Calm Mind|p2a: Cresselia
|-fail|p2a: Cresselia
|move|p1a: Reuniclus|Calm Mind|p1a: Reuniclus
|-fail|p1a: Reuniclus
|
|turn|71
|
|move|p2a: Cresselia|Moonlight|p2a: Cresselia
|move|p1a: Reuniclus|Psychic|p2a: Cresselia
|-resisted|p2a: Cresselia
|-damage|p2a: Cresselia|395\/444
|
|-heal|p2a: Cresselia|422\/444|[from] item: Leftovers
|turn|72
|
|move|p2a: Cresselia|Moonlight|p2a: Cresselia
|-heal|p2a: Cresselia|444\/444
|move|p1a: Reuniclus|Psychic|p2a: Cresselia
|-resisted|p2a: Cresselia
|-damage|p2a: Cresselia|396\/444
|
|-heal|p2a: Cresselia|423\/444|[from] item: Leftovers
|turn|73
|c|âtry me 101|!dt psychic
|c|~|\/data-move Psychic
|raw|<font size="1"><font color=#585858>Priority:<\/font> 0&nbsp;|&ThickSpace;<font color=#585858><font color=black>&#10003; Secondary Effect<\/font><\/font>&nbsp;|&ThickSpace;<font color=#585858>Target:<\/font> Adjacent Pokemon<\/font>
|
|move|p2a: Cresselia|Moonlight|p2a: Cresselia
|-heal|p2a: Cresselia|444\/444
|move|p1a: Reuniclus|Calm Mind|p1a: Reuniclus
|-fail|p1a: Reuniclus
|
|turn|74
|
|move|p2a: Cresselia|Moonlight|p2a: Cresselia
|move|p1a: Reuniclus|Calm Mind|p1a: Reuniclus
|-fail|p1a: Reuniclus
|
|turn|75
|
|move|p2a: Cresselia|Moonlight|p2a: Cresselia
|move|p1a: Reuniclus|Calm Mind|p1a: Reuniclus
|-fail|p1a: Reuniclus
|
|turn|76
|c|âtry me 101|!dt moonlight
|c|~|\/data-move Moonlight
|raw|<font size="1"><font color=#585858>Priority:<\/font> 0&nbsp;|&ThickSpace;<font color=#585858>Target:<\/font> Self<\/font>
|
|move|p2a: Cresselia|Moonlight|p2a: Cresselia
|move|p1a: Reuniclus|Calm Mind|p1a: Reuniclus
|-fail|p1a: Reuniclus
|
|turn|77
|
|move|p2a: Cresselia|Moonlight|p2a: Cresselia
|move|p1a: Reuniclus|Calm Mind|p1a: Reuniclus
|-fail|p1a: Reuniclus
|
|turn|78
|
|move|p2a: Cresselia|Psycho Shift|p1a: Reuniclus
|-fail|p1a: Reuniclus
|move|p1a: Reuniclus|Calm Mind|p1a: Reuniclus
|-fail|p1a: Reuniclus
|
|turn|79
|
|move|p2a: Cresselia|Psycho Shift|p1a: Reuniclus
|-fail|p1a: Reuniclus
|move|p1a: Reuniclus|Calm Mind|p1a: Reuniclus
|-fail|p1a: Reuniclus
|
|turn|80
|
|move|p2a: Cresselia|Psycho Shift|p1a: Reuniclus
|-fail|p1a: Reuniclus
|move|p1a: Reuniclus|Calm Mind|p1a: Reuniclus
|-fail|p1a: Reuniclus
|
|turn|81
|c|âtry me 101|!dt psyshock
|c|~|\/data-move Psyshock
|raw|<font size="1"><font color=#585858>Priority:<\/font> 0&nbsp;|&ThickSpace;<font color=#585858>Target:<\/font> Adjacent Pokemon<\/font>
|
|move|p2a: Cresselia|Psycho Shift|p1a: Reuniclus
|-fail|p1a: Reuniclus
|move|p1a: Reuniclus|Calm Mind|p1a: Reuniclus
|-fail|p1a: Reuniclus
|
|turn|82
|c|âtry me 101|!dt psycho shift
|c|~|\/data-move Psycho Shift
|raw|<font size="1"><font color=#585858>Priority:<\/font> 0&nbsp;|&ThickSpace;<font color=#585858>Target:<\/font> Adjacent Pokemon<\/font>
|
|move|p2a: Cresselia|Psycho Shift|p1a: Reuniclus
|-fail|p1a: Reuniclus
|move|p1a: Reuniclus|Calm Mind|p1a: Reuniclus
|-fail|p1a: Reuniclus
|
|turn|83
|c|âSadPierrot|!dt focus blast
|c|~|\/data-move Focus Blast
|raw|<font size="1"><font color=#585858>Priority:<\/font> 0&nbsp;|&ThickSpace;<font color=#585858><font color=black>&#10003; Secondary Effect<\/font><\/font>&nbsp;|&ThickSpace;<font color=#585858><font color=black>&#10003; Bullet<\/font><\/font>&nbsp;|&ThickSpace;<font color=#585858>Target:<\/font> Adjacent Pokemon<\/font>
|
|move|p2a: Cresselia|Psycho Shift|p1a: Reuniclus
|-fail|p1a: Reuniclus
|move|p1a: Reuniclus|Calm Mind|p1a: Reuniclus
|-fail|p1a: Reuniclus
|
|turn|84
|
|move|p2a: Cresselia|Psycho Shift|p1a: Reuniclus
|-fail|p1a: Reuniclus
|move|p1a: Reuniclus|Focus Blast|p2a: Cresselia
|-resisted|p2a: Cresselia
|-damage|p2a: Cresselia|400\/444
|-unboost|p2a: Cresselia|spd|1
|
|-heal|p2a: Cresselia|427\/444|[from] item: Leftovers
|turn|85
|c|âtry me 101|ya
|
|move|p2a: Cresselia|Psycho Shift|p1a: Reuniclus
|-fail|p1a: Reuniclus
|move|p1a: Reuniclus|Focus Blast|p2a: Cresselia
|-resisted|p2a: Cresselia
|-damage|p2a: Cresselia|372\/444
|
|-heal|p2a: Cresselia|399\/444|[from] item: Leftovers
|turn|86
|
|move|p2a: Cresselia|Psycho Shift|p1a: Reuniclus
|-fail|p1a: Reuniclus
|move|p1a: Reuniclus|Focus Blast|p2a: Cresselia|[miss]
|-miss|p1a: Reuniclus|p2a: Cresselia
|
|-heal|p2a: Cresselia|426\/444|[from] item: Leftovers
|turn|87
|
|move|p2a: Cresselia|Psycho Shift|p1a: Reuniclus
|-fail|p1a: Reuniclus
|move|p1a: Reuniclus|Psychic|p2a: Cresselia
|-resisted|p2a: Cresselia
|-damage|p2a: Cresselia|369\/444
|
|-heal|p2a: Cresselia|396\/444|[from] item: Leftovers
|turn|88
|
|move|p2a: Cresselia|Psycho Shift|p1a: Reuniclus
|-fail|p1a: Reuniclus
|move|p1a: Reuniclus|Recover|p1a: Reuniclus
|-fail|p1a: Reuniclus
|
|-heal|p2a: Cresselia|423\/444|[from] item: Leftovers
|turn|89
|
|switch|p1a: Mienshao|Mienshao, M|271\/271
|move|p2a: Cresselia|Psycho Shift|p1a: Mienshao
|-fail|p1a: Mienshao
|
|-heal|p2a: Cresselia|444\/444|[from] item: Leftovers
|turn|90
|
|switch|p2a: Forretress|Forretress, M|342\/354
|move|p1a: Mienshao|Knock Off|p2a: Forretress
|-damage|p2a: Forretress|280\/354
|-enditem|p2a: Forretress|Leftovers|[from] move: Knock Off|[of] p1a: Mienshao
|
|turn|91
|c|âtry me 101|man
|c|âtry me 101|I wish there was a pp restoring move
|c|âtry me 101|that would be epic
|c|âSadPierrot|me too
|
|switch|p1a: Blissey|Blissey, F|714\/714
|move|p2a: Forretress|Stealth Rock|p1a: Blissey
|-sidestart|p1: try me 101|move: Stealth Rock
|
|turn|92
|
|move|p1a: Blissey|Seismic Toss|p2a: Forretress
|-damage|p2a: Forretress|180\/354
|move|p2a: Forretress|Spikes|p1a: Blissey
|-sidestart|p1: try me 101|Spikes
|
|turn|93
|
|move|p1a: Blissey|Seismic Toss|p2a: Forretress
|-damage|p2a: Forretress|80\/354
|move|p2a: Forretress|Spikes|p1a: Blissey
|-sidestart|p1: try me 101|Spikes
|
|turn|94
|
|move|p1a: Blissey|Seismic Toss|p2a: Forretress
|-damage|p2a: Forretress|0 fnt
|faint|p2a: Forretress
|
|
|switch|p2a: Celebi|Celebi|122\/404
|turn|95
|c|âtry me 101|perfect opportunity
|
|move|p2a: Celebi|Giga Drain|p1a: Blissey
|-damage|p1a: Blissey|642\/714
|-heal|p2a: Celebi|158\/404|[from] drain|[of] p1a: Blissey
|move|p1a: Blissey|Seismic Toss|p2a: Celebi
|-damage|p2a: Celebi|58\/404
|
|-heal|p2a: Celebi|83\/404|[from] item: Leftovers
|-heal|p1a: Blissey|686\/714|[from] item: Leftovers
|turn|96
|
|move|p2a: Celebi|Heal Bell|p2a: Celebi
|-cureteam|p2a: Celebi|[from] move: HealBell
|move|p1a: Blissey|Seismic Toss|p2a: Celebi
|-damage|p2a: Celebi|0 fnt
|faint|p2a: Celebi
|
|-heal|p1a: Blissey|714\/714|[from] item: Leftovers
|
|switch|p2a: Arcanine|Arcanine, F|384\/384
|-ability|p2a: Arcanine|Intimidate|[of] p1a: Blissey
|-unboost|p1a: Blissey|atk|1
|turn|97
|
|move|p2a: Arcanine|Will-O-Wisp|p1a: Blissey
|-status|p1a: Blissey|brn
|move|p1a: Blissey|Wish|p1a: Blissey
|
|-damage|p1a: Blissey|625\/714 brn|[from] brn
|turn|98
|
|move|p2a: Arcanine|Flare Blitz|p1a: Blissey
|-damage|p1a: Blissey|349\/714 brn
|-damage|p2a: Arcanine|293\/384|[from] recoil|[of] p1a: Blissey
|move|p1a: Blissey|Seismic Toss|p2a: Arcanine
|-damage|p2a: Arcanine|193\/384
|
|-heal|p1a: Blissey|706\/714 brn|[from] move: Wish|[wisher] Blissey
|-heal|p2a: Arcanine|217\/384|[from] item: Leftovers
|-heal|p1a: Blissey|714\/714 brn|[from] item: Leftovers
|-damage|p1a: Blissey|625\/714 brn|[from] brn
|turn|99
|
|move|p2a: Arcanine|Morning Sun|p2a: Arcanine
|-heal|p2a: Arcanine|384\/384
|move|p1a: Blissey|Wish|p1a: Blissey
|
|-heal|p1a: Blissey|669\/714 brn|[from] item: Leftovers
|-damage|p1a: Blissey|580\/714 brn|[from] brn
|turn|100
|
|move|p2a: Arcanine|Flare Blitz|p1a: Blissey
|-damage|p1a: Blissey|283\/714 brn
|-damage|p2a: Arcanine|286\/384|[from] recoil|[of] p1a: Blissey
|move|p1a: Blissey|Heal Bell|p1a: Blissey
|-cureteam|p1a: Blissey|[from] move: HealBell
|
|-heal|p1a: Blissey|640\/714|[from] move: Wish|[wisher] Blissey
|-heal|p2a: Arcanine|310\/384|[from] item: Leftovers
|-heal|p1a: Blissey|684\/714|[from] item: Leftovers
|turn|101
|c|âtry me 101|TURN 100!!!!!!!!!!!!
|
|move|p2a: Arcanine|Morning Sun|p2a: Arcanine
|-heal|p2a: Arcanine|384\/384
|move|p1a: Blissey|Wish|p1a: Blissey
|
|-heal|p1a: Blissey|714\/714|[from] item: Leftovers
|turn|102
|
|switch|p2a: Cresselia|Cresselia, F|444\/444
|move|p1a: Blissey|Seismic Toss|p2a: Cresselia
|-damage|p2a: Cresselia|344\/444
|
|-heal|p2a: Cresselia|371\/444|[from] item: Leftovers
|turn|103
|
|switch|p2a: Arcanine|Arcanine, F|384\/384
|-ability|p2a: Arcanine|Intimidate|[of] p1a: Blissey
|-unboost|p1a: Blissey|atk|1
|move|p1a: Blissey|Seismic Toss|p2a: Arcanine
|-damage|p2a: Arcanine|284\/384
|
|-heal|p2a: Arcanine|308\/384|[from] item: Leftovers
|turn|104
|
|switch|p2a: Cresselia|Cresselia, F|371\/444
|move|p1a: Blissey|Seismic Toss|p2a: Cresselia
|-damage|p2a: Cresselia|271\/444
|
|-heal|p2a: Cresselia|298\/444|[from] item: Leftovers
|turn|105
|c|âtry me 101|?
|c|âtry me 101|wat are u doin
|c|âSadPierrot|saving some pp
|c|âtry me 101|ohhh
|
|switch|p2a: Arcanine|Arcanine, F|308\/384
|-ability|p2a: Arcanine|Intimidate|[of] p1a: Blissey
|-unboost|p1a: Blissey|atk|1
|move|p1a: Blissey|Seismic Toss|p2a: Arcanine
|-damage|p2a: Arcanine|208\/384
|
|-heal|p2a: Arcanine|232\/384|[from] item: Leftovers
|turn|106
|
|switch|p1a: Mienshao|Mienshao, M|271\/271
|-damage|p1a: Mienshao|226\/271|[from] Spikes
|-damage|p1a: Mienshao|210\/271|[from] Stealth Rock
|move|p2a: Arcanine|Will-O-Wisp|p1a: Mienshao
|-status|p1a: Mienshao|brn
|
|-heal|p2a: Arcanine|256\/384|[from] item: Leftovers
|-damage|p1a: Mienshao|177\/271 brn|[from] brn
|turn|107
|c|âtry me 101|I don't care really
|
|move|p1a: Mienshao|Knock Off|p2a: Arcanine
|-damage|p2a: Arcanine|205\/384
|-enditem|p2a: Arcanine|Leftovers|[from] move: Knock Off|[of] p1a: Mienshao
|move|p2a: Arcanine|Morning Sun|p2a: Arcanine
|-heal|p2a: Arcanine|384\/384
|
|-damage|p1a: Mienshao|144\/271 brn|[from] brn
|turn|108
|
|switch|p1a: Blissey|Blissey, F|714\/714
|-damage|p1a: Blissey|595\/714|[from] Spikes
|-damage|p1a: Blissey|506\/714|[from] Stealth Rock
|move|p2a: Arcanine|Flare Blitz|p1a: Blissey
|-damage|p1a: Blissey|209\/714
|-damage|p2a: Arcanine|286\/384|[from] recoil|[of] p1a: Blissey
|
|-heal|p1a: Blissey|253\/714|[from] item: Leftovers
|turn|109
|
|move|p1a: Blissey|Protect|p1a: Blissey
|-singleturn|p1a: Blissey|Protect
|move|p2a: Arcanine|Flare Blitz|p1a: Blissey
|-activate|p1a: Blissey|Protect
|
|-heal|p1a: Blissey|297\/714|[from] item: Leftovers
|turn|110
|
|move|p2a: Arcanine|Flare Blitz|p1a: Blissey
|-damage|p1a: Blissey|21\/714
|-status|p1a: Blissey|brn
|-damage|p2a: Arcanine|195\/384|[from] recoil|[of] p1a: Blissey
|move|p1a: Blissey|Wish|p1a: Blissey
|
|-heal|p1a: Blissey|65\/714 brn|[from] item: Leftovers
|-damage|p1a: Blissey|0 fnt|[from] brn
|faint|p1a: Blissey
|c|âtry me 101|wooooooooooow
|c|âtry me 101|people are out to get me
|
|switch|p1a: Mienshao|Mienshao, M|144\/271 brn
|-damage|p1a: Mienshao|99\/271 brn|[from] Spikes
|-damage|p1a: Mienshao|83\/271 brn|[from] Stealth Rock
|turn|111
|
|move|p1a: Mienshao|High Jump Kick|p2a: Arcanine
|-damage|p2a: Arcanine|83\/384
|move|p2a: Arcanine|Morning Sun|p2a: Arcanine
|-heal|p2a: Arcanine|275\/384
|
|-heal|p1a: Mienshao|271\/271 brn|[from] move: Wish|[wisher] Blissey
|-damage|p1a: Mienshao|238\/271 brn|[from] brn
|turn|112
|
|move|p1a: Mienshao|High Jump Kick|p2a: Arcanine
|-damage|p2a: Arcanine|170\/384
|move|p2a: Arcanine|Flare Blitz|p1a: Mienshao
|-damage|p1a: Mienshao|0 fnt
|-damage|p2a: Arcanine|91\/384|[from] recoil|[of] p1a: Mienshao
|faint|p1a: Mienshao
|
|
|switch|p1a: Reuniclus|Reuniclus, M|424\/424
|turn|113
|
|move|p2a: Arcanine|Morning Sun|p2a: Arcanine
|-heal|p2a: Arcanine|283\/384
|move|p1a: Reuniclus|Recover|p1a: Reuniclus
|-fail|p1a: Reuniclus
|
|turn|114
|
|move|p2a: Arcanine|Will-O-Wisp|p1a: Reuniclus
|-status|p1a: Reuniclus|brn
|move|p1a: Reuniclus|Recover|p1a: Reuniclus
|-fail|p1a: Reuniclus
|
|turn|115
|
|move|p2a: Arcanine|Extreme Speed|p1a: Reuniclus
|-damage|p1a: Reuniclus|360\/424 brn
|-damage|p2a: Arcanine|219\/384|[from] item: Rocky Helmet|[of] p1a: Reuniclus
|move|p1a: Reuniclus|Recover|p1a: Reuniclus
|-heal|p1a: Reuniclus|424\/424 brn
|
|turn|116
|c|âtry me 101|watch me win with stuggle lol
|
|move|p2a: Arcanine|Morning Sun|p2a: Arcanine
|-heal|p2a: Arcanine|384\/384
|move|p1a: Reuniclus|Recover|p1a: Reuniclus
|-fail|p1a: Reuniclus
|
|turn|117
|
|switch|p2a: Cresselia|Cresselia, F|298\/444
|-activate|p1a: Reuniclus|move: Struggle
|move|p1a: Reuniclus|Struggle|p2a: Cresselia
|-damage|p2a: Cresselia|289\/444
|-damage|p1a: Reuniclus|318\/424 brn
|
|-heal|p2a: Cresselia|316\/444|[from] item: Leftovers
|turn|118
|c|âtry me 101|lol
|c|âtry me 101|!dt struggle
|c|~|\/data-move Struggle
|raw|<font size="1"><font color=#585858>Priority:<\/font> 0&nbsp;|&ThickSpace;<font color=#585858><font color=black>&#10003; Contact<\/font><\/font>&nbsp;|&ThickSpace;<font color=#585858>Target:<\/font> Unknown<\/font>
|
|move|p2a: Cresselia|Psycho Shift|p1a: Reuniclus
|-fail|p1a: Reuniclus
|-activate|p1a: Reuniclus|move: Struggle
|move|p1a: Reuniclus|Struggle|p2a: Cresselia
|-damage|p2a: Cresselia|307\/444
|-damage|p1a: Reuniclus|212\/424 brn
|
|-heal|p2a: Cresselia|334\/444|[from] item: Leftovers
|turn|119
|c|âtry me 101|gg
|c|âSadPierrot|gg
|
|move|p2a: Cresselia|Psycho Shift|p1a: Reuniclus
|-fail|p1a: Reuniclus
|-activate|p1a: Reuniclus|move: Struggle
|move|p1a: Reuniclus|Struggle|p2a: Cresselia
|-damage|p2a: Cresselia|325\/444
|-damage|p1a: Reuniclus|106\/424 brn
|
|-heal|p2a: Cresselia|352\/444|[from] item: Leftovers
|turn|120
|c|âtry me 101|man this is hard
|
|switch|p2a: Arcanine|Arcanine, F|384\/384
|-ability|p2a: Arcanine|Intimidate|[of] p1a: Reuniclus
|-unboost|p1a: Reuniclus|atk|1
|-activate|p1a: Reuniclus|move: Struggle
|move|p1a: Reuniclus|Struggle|p2a: Arcanine
|-damage|p2a: Arcanine|377\/384
|-damage|p1a: Reuniclus|0 fnt
|faint|p1a: Reuniclus
|
|win|SadPierrot
|raw|Ladder updating...
|raw|try me 101's rating: 1375 &rarr; <strong>1358<\/strong><br \/>(-17 for losing)
|raw|SadPierrot's rating: 1424 &rarr; <strong>1441<\/strong><br \/>(+17 for winning)