|join|Dudu Flag
|join|SadPierrot
|player|p1|Dudu Flag|52
|player|p2|SadPierrot|238
|gametype|singles
|gen|6
|tier|UU
|rated
|rule|Sleep Clause Mod: Limit one foe put to sleep
|rule|Species Clause: Limit one of each Pokemon
|rule|OHKO Clause: OHKO moves are banned
|rule|Moody Clause: Moody is banned
|rule|Evasion Moves Clause: Evasion moves are banned
|rule|Endless Battle Clause: Forcing endless battles is banned.
|rule|HP Percentage Mod: HP is reported as percentages
|clearpoke
|poke|p1|Nidoking, M
|poke|p1|Lucario, F
|poke|p1|Alakazam, M
|poke|p1|Blissey, F
|poke|p1|Mew
|poke|p1|Aerodactyl, M
|poke|p2|Victini
|poke|p2|Krookodile, F
|poke|p2|Jellicent, F
|poke|p2|Forretress, M
|poke|p2|Goodra, F
|poke|p2|Shaymin
|teampreview
|
|start
|switch|p1a: Ribamar|Nidoking, M|304\/304
|switch|p2a: Krookodile|Krookodile, F|394\/394
|-ability|p2a: Krookodile|Intimidate|[of] p1a: Ribamar
|-unboost|p1a: Ribamar|atk|1
|turn|1
|
|switch|p1a: Pedrei Pedrada|Aerodactyl, M|302\/302
|-ability|p1a: Pedrei Pedrada|Pressure
|switch|p2a: Shaymin|Shaymin|341\/341
|
|turn|2
|
|detailschange|p1a: Pedrei Pedrada|Aerodactyl-Mega, M
|message|Aerodactyl has Mega Evolved into Mega Aerodactyl!
|move|p1a: Pedrei Pedrada|Aerial Ace|p2a: Shaymin
|-supereffective|p2a: Shaymin
|-damage|p2a: Shaymin|57\/341
|move|p2a: Shaymin|Seed Flare|p1a: Pedrei Pedrada
|-damage|p1a: Pedrei Pedrada|8\/302
|
|turn|3
|
|move|p1a: Pedrei Pedrada|Aerial Ace|p2a: Shaymin
|-supereffective|p2a: Shaymin
|-damage|p2a: Shaymin|0 fnt
|faint|p2a: Shaymin
|
|
|switch|p2a: Victini|Victini|341\/341
|turn|4
|
|move|p2a: Victini|U-turn|p1a: Pedrei Pedrada
|-resisted|p1a: Pedrei Pedrada
|-damage|p1a: Pedrei Pedrada|0 fnt
|faint|p1a: Pedrei Pedrada
|
|switch|p2a: Krookodile|Krookodile, F|394\/394
|
|
|switch|p1a: Zaidonaide|Lucario, F|281\/281
|turn|5
|
|move|p1a: Zaidonaide|Close Combat|p2a: Krookodile
|-crit|p2a: Krookodile
|-supereffective|p2a: Krookodile
|-damage|p2a: Krookodile|0 fnt
|-unboost|p1a: Zaidonaide|def|1
|-unboost|p1a: Zaidonaide|spd|1
|-damage|p1a: Zaidonaide|253\/281|[from] item: Life Orb
|faint|p2a: Krookodile
|
|
|switch|p2a: Victini|Victini|341\/341
|turn|6
|
|switch|p1a: Jonatas Claudio|Mew|404\/404
|move|p2a: Victini|V-create|p1a: Jonatas Claudio
|-damage|p1a: Jonatas Claudio|136\/404
|-unboost|p2a: Victini|def|1
|-unboost|p2a: Victini|spd|1
|-unboost|p2a: Victini|spe|1
|
|-heal|p1a: Jonatas Claudio|161\/404|[from] item: Leftovers
|turn|7
|
|move|p2a: Victini|V-create|p1a: Jonatas Claudio
|-damage|p1a: Jonatas Claudio|0 fnt
|-unboost|p2a: Victini|def|1
|-unboost|p2a: Victini|spd|1
|-unboost|p2a: Victini|spe|1
|faint|p1a: Jonatas Claudio
|
|
|switch|p1a: Seu Jorge|Alakazam, M|251\/251
|turn|8
|
|switch|p2a: Goodra|Goodra, F|322\/322
|move|p1a: Seu Jorge|Shadow Ball|p2a: Goodra
|-damage|p2a: Goodra|264\/322
|-unboost|p2a: Goodra|spd|1
|
|-heal|p2a: Goodra|284\/322|[from] item: Leftovers
|turn|9
|
|switch|p1a: Ribamar|Nidoking, M|304\/304
|move|p2a: Goodra|Infestation|p1a: Ribamar
|-resisted|p1a: Ribamar
|-damage|p1a: Ribamar|289\/304
|-activate|p1a: Ribamar|move: Infestation|[of] p2a: Goodra
|
|-heal|p2a: Goodra|304\/322|[from] item: Leftovers
|-damage|p1a: Ribamar|251\/304|[from] move: Infestation|[partiallytrapped]
|turn|10
|
|move|p1a: Ribamar|Earth Power|p2a: Goodra
|-damage|p2a: Goodra|136\/322
|move|p2a: Goodra|Ice Beam|p1a: Ribamar
|-supereffective|p1a: Ribamar
|-damage|p1a: Ribamar|0 fnt
|faint|p1a: Ribamar
|
|-heal|p2a: Goodra|156\/322|[from] item: Leftovers
|
|switch|p1a: Zaidonaide|Lucario, F|253\/281
|turn|11
|
|move|p1a: Zaidonaide|Close Combat|p2a: Goodra
|-crit|p2a: Goodra
|-damage|p2a: Goodra|0 fnt
|-unboost|p1a: Zaidonaide|def|1
|-unboost|p1a: Zaidonaide|spd|1
|-damage|p1a: Zaidonaide|225\/281|[from] item: Life Orb
|faint|p2a: Goodra
|
|
|switch|p2a: Victini|Victini|341\/341
|turn|12
|
|move|p1a: Zaidonaide|Extreme Speed|p2a: Victini
|-damage|p2a: Victini|227\/341
|-damage|p1a: Zaidonaide|197\/281|[from] item: Life Orb
|move|p2a: Victini|V-create|p1a: Zaidonaide
|-supereffective|p1a: Zaidonaide
|-damage|p1a: Zaidonaide|0 fnt
|-unboost|p2a: Victini|def|1
|-unboost|p2a: Victini|spd|1
|-unboost|p2a: Victini|spe|1
|faint|p1a: Zaidonaide
|
|
|switch|p1a: Seu Jorge|Alakazam, M|251\/251
|turn|13
|
|switch|p2a: Jellicent|Jellicent, F|404\/404
|move|p1a: Seu Jorge|Shadow Ball|p2a: Jellicent
|-supereffective|p2a: Jellicent
|-damage|p2a: Jellicent|272\/404
|
|-heal|p2a: Jellicent|297\/404|[from] item: Leftovers
|turn|14
|
|move|p1a: Seu Jorge|Psyshock|p2a: Jellicent
|-damage|p2a: Jellicent|84\/404
|move|p2a: Jellicent|Shadow Ball|p1a: Seu Jorge
|-supereffective|p1a: Seu Jorge
|-damage|p1a: Seu Jorge|77\/251
|
|-heal|p2a: Jellicent|109\/404|[from] item: Leftovers
|turn|15
|
|move|p1a: Seu Jorge|Psyshock|p2a: Jellicent
|-damage|p2a: Jellicent|0 fnt
|faint|p2a: Jellicent
|
|
|switch|p2a: Forretress|Forretress, M|354\/354
|turn|16
|
|switch|p1a: Francisca|Blissey, F|714\/714
|move|p2a: Forretress|Self-Destruct|p1a: Francisca
|-damage|p1a: Francisca|469\/714
|faint|p2a: Forretress
|
|-heal|p1a: Francisca|513\/714|[from] item: Leftovers
|
|switch|p2a: Victini|Victini|227\/341
|turn|17
|
|move|p1a: Francisca|Protect|p1a: Francisca
|-singleturn|p1a: Francisca|Protect
|move|p2a: Victini|Zen Headbutt|p1a: Francisca
|-activate|p1a: Francisca|Protect
|
|-heal|p1a: Francisca|557\/714|[from] item: Leftovers
|turn|18
|
|move|p2a: Victini|Zen Headbutt|p1a: Francisca
|-damage|p1a: Francisca|334\/714
|move|p1a: Francisca|Wish|p1a: Francisca
|
|-heal|p1a: Francisca|378\/714|[from] item: Leftovers
|turn|19
|
|move|p2a: Victini|Zen Headbutt|p1a: Francisca
|-damage|p1a: Francisca|164\/714
|move|p1a: Francisca|Seismic Toss|p2a: Victini
|-damage|p2a: Victini|127\/341
|
|-heal|p1a: Francisca|521\/714|[from] move: Wish|[wisher] Francisca
|-heal|p1a: Francisca|565\/714|[from] item: Leftovers
|turn|20
|-message|SadPierrot forfeited.
|
|win|Dudu Flag
|raw|Ladder updating...
|leave|SadPierrot
|player|p2
|raw|Dudu Flag's rating: 1251 &rarr; <strong>1279<\/strong><br \/>(+28 for winning)
|raw|SadPierrot's rating: 1297 &rarr; <strong>1269<\/strong><br \/>(-28 for losing)