|join|SadPierrot
|join|Braf Zachlan
|player|p1|SadPierrot|238
|player|p2|Braf Zachlan|110
|gametype|singles
|gen|6
|tier|UU
|rule|Sleep Clause Mod: Limit one foe put to sleep
|rule|Species Clause: Limit one of each PokÃ©mon
|rule|OHKO Clause: OHKO moves are banned
|rule|Moody Clause: Moody is banned
|rule|Evasion Moves Clause: Evasion moves are banned
|rule|Endless Battle Clause: Forcing endless battles is banned
|rule|HP Percentage Mod: HP is shown in percentages
|clearpoke
|poke|p1|Arcanine, F
|poke|p1|Roserade, F
|poke|p1|Empoleon, F
|poke|p1|Noivern, F
|poke|p1|Mienshao, F
|poke|p1|Krookodile, M
|poke|p2|Zygarde
|poke|p2|Hippowdon, M
|poke|p2|Chandelure, F
|poke|p2|Ampharos, M
|poke|p2|Mienshao, M
|poke|p2|Blissey, F
|rule|Swagger Clause: Swagger is banned
|rule|Baton Pass Clause: Limit one PokÃ©mon knowing Baton Pass
|teampreview
|join|ahyueah
|join|aFINEWINE
|
|start
|switch|p1a: Noivern|Noivern, F|311\/311
|switch|p2a: Mienshao|Mienshao, M|271\/271
|turn|1
|
|switch|p2a: Blissey|Blissey, F|651\/651
|move|p1a: Noivern|Draco Meteor|p2a: Blissey
|-damage|p2a: Blissey|458\/651
|-unboost|p1a: Noivern|spa|2
|
|-heal|p2a: Blissey|498\/651|[from] item: Leftovers
|turn|2
|join|meowiekins
|
|switch|p1a: Empoleon|Empoleon, F|372\/372
|move|p2a: Blissey|Wish|p2a: Blissey
|
|-heal|p2a: Blissey|538\/651|[from] item: Leftovers
|turn|3
|
|switch|p2a: Ampharos|Ampharos, M|322\/322
|move|p1a: Empoleon|Stealth Rock|p2a: Ampharos
|-sidestart|p2: Braf Zachlan|move: Stealth Rock
|
|turn|4
|
|switch|p1a: Roserade|Roserade, F|324\/324
|detailschange|p2a: Ampharos|Ampharos-Mega, M
|message|Ampharos has Mega Evolved into Mega Ampharos!
|-ability|p2a: Ampharos|Mold Breaker
|move|p2a: Ampharos|Focus Blast|p1a: Roserade
|-resisted|p1a: Roserade
|-damage|p1a: Roserade|257\/324
|
|-heal|p1a: Roserade|277\/324|[from] item: Black Sludge
|turn|5
|
|switch|p2a: Chandelure|Chandelure, F|323\/323
|-damage|p2a: Chandelure|243\/323|[from] Stealth Rock
|move|p1a: Roserade|Sleep Powder|p2a: Chandelure
|-status|p2a: Chandelure|slp
|
|-heal|p1a: Roserade|297\/324|[from] item: Black Sludge
|-heal|p2a: Chandelure|263\/323 slp|[from] item: Leftovers
|turn|6
|
|switch|p1a: Krookodile|Krookodile, M|332\/332
|switch|p2a: Blissey|Blissey, F|538\/651
|-damage|p2a: Blissey|457\/651|[from] Stealth Rock
|
|-heal|p2a: Blissey|497\/651|[from] item: Leftovers
|turn|7
|join|thisguyoverthere33
|
|move|p2a: Blissey|Protect|p2a: Blissey
|-singleturn|p2a: Blissey|Protect
|move|p1a: Krookodile|Knock Off|p2a: Blissey
|-activate|p2a: Blissey|Protect
|
|-heal|p2a: Blissey|537\/651|[from] item: Leftovers
|turn|8
|
|switch|p2a: Ampharos|Ampharos-Mega, M|322\/322
|-damage|p2a: Ampharos|282\/322|[from] Stealth Rock
|-ability|p2a: Ampharos|Mold Breaker
|move|p1a: Krookodile|Knock Off|p2a: Ampharos
|-damage|p2a: Ampharos|179\/322
|
|turn|9
|join|Kyla's Nightmare
|
|switch|p1a: Roserade|Roserade, F|297\/324
|move|p2a: Ampharos|Substitute|p2a: Ampharos
|-start|p2a: Ampharos|Substitute
|-damage|p2a: Ampharos|99\/322
|
|-heal|p1a: Roserade|317\/324|[from] item: Black Sludge
|turn|10
|
|move|p1a: Roserade|Giga Drain|p2a: Ampharos
|-resisted|p2a: Ampharos
|-activate|p2a: Ampharos|Substitute|[damage]
|-heal|p1a: Roserade|324\/324|[from] drain|[of] p2a: Ampharos
|move|p2a: Ampharos|Dragon Pulse|p1a: Roserade
|-crit|p1a: Roserade
|-damage|p1a: Roserade|131\/324
|
|-heal|p1a: Roserade|151\/324|[from] item: Black Sludge
|turn|11
|
|move|p1a: Roserade|Giga Drain|p2a: Ampharos
|-resisted|p2a: Ampharos
|-end|p2a: Ampharos|Substitute
|-heal|p1a: Roserade|169\/324|[from] drain|[of] p2a: Ampharos
|move|p2a: Ampharos|Dragon Pulse|p1a: Roserade
|-damage|p1a: Roserade|37\/324
|
|-heal|p1a: Roserade|57\/324|[from] item: Black Sludge
|turn|12
|
|move|p1a: Roserade|Giga Drain|p2a: Ampharos
|-resisted|p2a: Ampharos
|-damage|p2a: Ampharos|46\/322
|-heal|p1a: Roserade|84\/324|[from] drain|[of] p2a: Ampharos
|move|p2a: Ampharos|Dragon Pulse|p1a: Roserade
|-damage|p1a: Roserade|0 fnt
|faint|p1a: Roserade
|
|
|switch|p1a: Krookodile|Krookodile, M|332\/332
|turn|13
|
|switch|p2a: Hippowdon|Hippowdon, M|420\/420
|-damage|p2a: Hippowdon|394\/420|[from] Stealth Rock
|-weather|Sandstorm
|move|p1a: Krookodile|Earthquake|p2a: Hippowdon
|-damage|p2a: Hippowdon|289\/420
|
|-weather|Sandstorm|[upkeep]
|-heal|p2a: Hippowdon|315\/420|[from] item: Leftovers
|turn|14
|
|switch|p1a: Arcanine|Arcanine, F|384\/384
|-ability|p1a: Arcanine|Intimidate|[of] p2a: Hippowdon
|-unboost|p2a: Hippowdon|atk|1
|move|p2a: Hippowdon|Earthquake|p1a: Arcanine
|-supereffective|p1a: Arcanine
|-damage|p1a: Arcanine|244\/384
|
|-weather|Sandstorm|[upkeep]
|-damage|p1a: Arcanine|220\/384|[from] sandstorm
|-heal|p1a: Arcanine|244\/384|[from] item: Leftovers
|-heal|p2a: Hippowdon|341\/420|[from] item: Leftovers
|turn|15
|
|switch|p2a: Chandelure|Chandelure, F|263\/323 slp
|-damage|p2a: Chandelure|183\/323 slp|[from] Stealth Rock
|move|p1a: Arcanine|Will-O-Wisp|p2a: Chandelure
|-start|p2a: Chandelure|ability: Flash Fire
|
|-weather|Sandstorm|[upkeep]
|-damage|p1a: Arcanine|220\/384|[from] sandstorm
|-damage|p2a: Chandelure|163\/323 slp|[from] sandstorm
|-heal|p1a: Arcanine|244\/384|[from] item: Leftovers
|-heal|p2a: Chandelure|183\/323 slp|[from] item: Leftovers
|turn|16
|
|switch|p1a: Mienshao|Mienshao, F|271\/271
|cant|p2a: Chandelure|slp
|
|-weather|Sandstorm|[upkeep]
|-damage|p1a: Mienshao|255\/271|[from] sandstorm
|-damage|p2a: Chandelure|163\/323 slp|[from] sandstorm
|-heal|p2a: Chandelure|183\/323 slp|[from] item: Leftovers
|turn|17
|
|switch|p2a: Ampharos|Ampharos-Mega, M|46\/322
|-damage|p2a: Ampharos|6\/322|[from] Stealth Rock
|-ability|p2a: Ampharos|Mold Breaker
|move|p1a: Mienshao|Knock Off|p2a: Ampharos
|-damage|p2a: Ampharos|0 fnt
|-damage|p1a: Mienshao|228\/271|[from] item: Life Orb
|faint|p2a: Ampharos
|
|-weather|none
|
|switch|p2a: Blissey|Blissey, F|537\/651
|-damage|p2a: Blissey|456\/651|[from] Stealth Rock
|turn|18
|
|move|p2a: Blissey|Protect|p2a: Blissey
|-singleturn|p2a: Blissey|Protect
|move|p1a: Mienshao|Swords Dance|p1a: Mienshao
|-boost|p1a: Mienshao|atk|2
|
|-heal|p2a: Blissey|496\/651|[from] item: Leftovers
|turn|19
|
|switch|p2a: Chandelure|Chandelure, F|183\/323 slp
|-damage|p2a: Chandelure|103\/323 slp|[from] Stealth Rock
|move|p1a: Mienshao|Knock Off|p2a: Chandelure
|-supereffective|p2a: Chandelure
|-damage|p2a: Chandelure|0 fnt
|-enditem|p2a: Chandelure|Leftovers|[from] move: Knock Off|[of] p1a: Mienshao
|-damage|p1a: Mienshao|201\/271|[from] item: Life Orb
|faint|p2a: Chandelure
|
|
|switch|p2a: Hippowdon|Hippowdon, M|341\/420
|-damage|p2a: Hippowdon|315\/420|[from] Stealth Rock
|-weather|Sandstorm
|turn|20
|
|move|p1a: Mienshao|High Jump Kick|p2a: Hippowdon|[miss]
|-miss|p1a: Mienshao|p2a: Hippowdon
|-damage|p1a: Mienshao|66\/271|[from] highjumpkick
|move|p2a: Hippowdon|Whirlwind|p1a: Mienshao
|drag|p1a: Krookodile|Krookodile, M|332\/332
|
|-weather|Sandstorm|[upkeep]
|-heal|p2a: Hippowdon|341\/420|[from] item: Leftovers
|turn|21
|join|epic4eternity
|
|switch|p1a: Arcanine|Arcanine, F|244\/384
|-ability|p1a: Arcanine|Intimidate|[of] p2a: Hippowdon
|-unboost|p2a: Hippowdon|atk|1
|move|p2a: Hippowdon|Slack Off|p2a: Hippowdon
|-heal|p2a: Hippowdon|420\/420
|
|-weather|Sandstorm|[upkeep]
|-damage|p1a: Arcanine|220\/384|[from] sandstorm
|-heal|p1a: Arcanine|244\/384|[from] item: Leftovers
|turn|22
|c|âSadPierrot|too bad
|
|switch|p2a: Zygarde|Zygarde|378\/378
|-damage|p2a: Zygarde|355\/378|[from] Stealth Rock
|-ability|p2a: Zygarde|Aura Break
|move|p1a: Arcanine|Will-O-Wisp|p2a: Zygarde
|-status|p2a: Zygarde|brn
|
|-weather|Sandstorm|[upkeep]
|-damage|p1a: Arcanine|220\/384|[from] sandstorm
|-heal|p1a: Arcanine|244\/384|[from] item: Leftovers
|-damage|p2a: Zygarde|308\/378 brn|[from] brn
|turn|23
|join|Bob the Bro
|
|move|p1a: Arcanine|Extreme Speed|p2a: Zygarde
|-damage|p2a: Zygarde|253\/378 brn
|move|p2a: Zygarde|Dragon Dance|p2a: Zygarde
|-boost|p2a: Zygarde|atk|1
|-boost|p2a: Zygarde|spe|1
|
|-weather|Sandstorm|[upkeep]
|-damage|p1a: Arcanine|220\/384|[from] sandstorm
|-heal|p1a: Arcanine|244\/384|[from] item: Leftovers
|-damage|p2a: Zygarde|206\/378 brn|[from] brn
|turn|24
|join|BIG SCHLONG MCDONG
|
|move|p1a: Arcanine|Extreme Speed|p2a: Zygarde
|-damage|p2a: Zygarde|151\/378 brn
|move|p2a: Zygarde|Dragon Dance|p2a: Zygarde
|-boost|p2a: Zygarde|atk|1
|-boost|p2a: Zygarde|spe|1
|
|-weather|none
|-heal|p1a: Arcanine|268\/384|[from] item: Leftovers
|-damage|p2a: Zygarde|104\/378 brn|[from] brn
|turn|25
|
|move|p1a: Arcanine|Extreme Speed|p2a: Zygarde
|-damage|p2a: Zygarde|48\/378 brn
|move|p2a: Zygarde|Rest|p2a: Zygarde
|-status|p2a: Zygarde|slp
|-heal|p2a: Zygarde|378\/378 slp|[silent]
|-status|p2a: Zygarde|slp|[from] move: Rest
|-enditem|p2a: Zygarde|Chesto Berry|[eat]
|-curestatus|p2a: Zygarde|slp
|
|-heal|p1a: Arcanine|292\/384|[from] item: Leftovers
|turn|26
|
|move|p2a: Zygarde|Earthquake|p1a: Arcanine
|-supereffective|p1a: Arcanine
|-damage|p1a: Arcanine|0 fnt
|faint|p1a: Arcanine
|
|
|switch|p1a: Noivern|Noivern, F|311\/311
|turn|27
|
|move|p2a: Zygarde|Outrage|p1a: Noivern
|-supereffective|p1a: Noivern
|-damage|p1a: Noivern|0 fnt
|faint|p1a: Noivern
|
|
|switch|p1a: Empoleon|Empoleon, F|372\/372
|turn|28
|
|move|p2a: Zygarde|Outrage|p1a: Empoleon
|-resisted|p1a: Empoleon
|-damage|p1a: Empoleon|224\/372
|move|p1a: Empoleon|Roar|p2a: Zygarde
|drag|p2a: Mienshao|Mienshao, M|271\/271
|-damage|p2a: Mienshao|255\/271|[from] Stealth Rock
|
|-heal|p1a: Empoleon|247\/372|[from] item: Leftovers
|turn|29
|join|poon-occhio (D>D)
|
|move|p2a: Mienshao|High Jump Kick|p1a: Empoleon
|-supereffective|p1a: Empoleon
|-damage|p1a: Empoleon|0 fnt
|faint|p1a: Empoleon
|
|
|switch|p1a: Krookodile|Krookodile, M|332\/332
|turn|30
|
|move|p2a: Mienshao|High Jump Kick|p1a: Krookodile
|-crit|p1a: Krookodile
|-supereffective|p1a: Krookodile
|-damage|p1a: Krookodile|0 fnt
|faint|p1a: Krookodile
|
|
|switch|p1a: Mienshao|Mienshao, F|156\/271
|turn|31
|c|âBraf Zachlan|I'm Braf Zachlan
|
|move|p2a: Mienshao|High Jump Kick|p1a: Mienshao
|-damage|p1a: Mienshao|0 fnt
|faint|p1a: Mienshao
|
|win|Braf Zachlan