|join|SadPierrot
|join|ex888
|player|p1|SadPierrot|238
|player|p2|ex888|59
|gametype|singles
|gen|6
|tier|UU
|rated
|rule|Sleep Clause Mod: Limit one foe put to sleep
|rule|Species Clause: Limit one of each PokÃ©mon
|rule|OHKO Clause: OHKO moves are banned
|rule|Moody Clause: Moody is banned
|rule|Evasion Moves Clause: Evasion moves are banned
|rule|Endless Battle Clause: Forcing endless battles is banned
|rule|HP Percentage Mod: HP is shown in percentages
|clearpoke
|poke|p1|Swampert, F
|poke|p1|Yanmega, M
|poke|p1|Tentacruel, F
|poke|p1|Celebi
|poke|p1|Machamp, M
|poke|p1|Aggron, F
|poke|p2|Krookodile, M
|poke|p2|Vaporeon, F
|poke|p2|Aerodactyl, F
|poke|p2|Swampert, M
|poke|p2|Jirachi
|poke|p2|Tentacruel, F
|rule|Swagger Clause: Swagger is banned
|rule|Baton Pass Clause: Limit one PokÃ©mon knowing Baton Pass
|teampreview
|
|start
|switch|p1a: Swampert|Swampert, F|404\/404
|switch|p2a: Jirachi|Jirachi|341\/341
|turn|1
|
|move|p2a: Jirachi|U-turn|p1a: Swampert
|-damage|p1a: Swampert|347\/404
|
|switch|p2a: Swampert|Swampert, M|404\/404
|move|p1a: Swampert|Stealth Rock|p2a: Swampert
|-sidestart|p2: ex888|move: Stealth Rock
|
|-heal|p1a: Swampert|372\/404|[from] item: Leftovers
|turn|2
|
|move|p2a: Swampert|Stealth Rock|p1a: Swampert
|-sidestart|p1: SadPierrot|move: Stealth Rock
|move|p1a: Swampert|Scald|p2a: Swampert
|-damage|p2a: Swampert|313\/404
|
|-heal|p1a: Swampert|397\/404|[from] item: Leftovers
|-heal|p2a: Swampert|338\/404|[from] item: Leftovers
|turn|3
|
|switch|p2a: Vaporeon|Vaporeon, F|464\/464
|-damage|p2a: Vaporeon|406\/464|[from] Stealth Rock
|move|p1a: Swampert|Scald|p2a: Vaporeon
|-heal|p2a: Vaporeon|464\/464|[from] ability: Water Absorb|[of] p1a: Swampert
|
|-heal|p1a: Swampert|404\/404|[from] item: Leftovers
|turn|4
|
|switch|p1a: Tentacruel|Tentacruel, F|364\/364
|-damage|p1a: Tentacruel|319\/364|[from] Stealth Rock
|move|p2a: Vaporeon|Scald|p1a: Tentacruel
|-resisted|p1a: Tentacruel
|-damage|p1a: Tentacruel|275\/364
|-status|p1a: Tentacruel|brn
|
|-heal|p1a: Tentacruel|297\/364 brn|[from] item: Black Sludge
|-damage|p1a: Tentacruel|252\/364 brn|[from] brn
|turn|5
|
|switch|p2a: Tentacruel|Tentacruel, F|364\/364
|-damage|p2a: Tentacruel|319\/364|[from] Stealth Rock
|move|p1a: Tentacruel|Rapid Spin|p2a: Tentacruel
|-damage|p2a: Tentacruel|311\/364
|-sideend|p1: SadPierrot|Stealth Rock|[from] move: Rapid Spin|[of] p1a: Tentacruel
|
|-heal|p2a: Tentacruel|333\/364|[from] item: Black Sludge
|-heal|p1a: Tentacruel|274\/364 brn|[from] item: Black Sludge
|-damage|p1a: Tentacruel|229\/364 brn|[from] brn
|turn|6
|
|switch|p1a: Celebi|Celebi|404\/404
|move|p2a: Tentacruel|Rapid Spin|p1a: Celebi
|-damage|p1a: Celebi|392\/404
|-sideend|p2: ex888|Stealth Rock|[from] move: Rapid Spin|[of] p2a: Tentacruel
|
|-heal|p2a: Tentacruel|355\/364|[from] item: Black Sludge
|turn|7
|
|move|p1a: Celebi|Nasty Plot|p1a: Celebi
|-boost|p1a: Celebi|spa|2
|move|p2a: Tentacruel|Acid Spray|p1a: Celebi
|-supereffective|p1a: Celebi
|-damage|p1a: Celebi|332\/404
|-enditem|p1a: Celebi|Weakness Policy
|-boost|p1a: Celebi|atk|2|[from] item: Weakness Policy
|-boost|p1a: Celebi|spa|2|[from] item: Weakness Policy
|-unboost|p1a: Celebi|spd|2
|
|-heal|p2a: Tentacruel|364\/364|[from] item: Black Sludge
|turn|8
|
|move|p1a: Celebi|Psychic|p2a: Tentacruel
|-supereffective|p2a: Tentacruel
|-damage|p2a: Tentacruel|0 fnt
|faint|p2a: Tentacruel
|
|
|switch|p2a: Krookodile|Krookodile, M|332\/332
|turn|9
|
|move|p2a: Krookodile|Knock Off|p1a: Celebi
|-supereffective|p1a: Celebi
|-damage|p1a: Celebi|132\/404
|move|p1a: Celebi|Baton Pass|p1a: Celebi
|
|switch|p1a: Yanmega|Yanmega, M|313\/313
|
|turn|10
|
|move|p1a: Yanmega|Protect|p1a: Yanmega
|-singleturn|p1a: Yanmega|Protect
|move|p2a: Krookodile|Knock Off|p1a: Yanmega
|-activate|p1a: Yanmega|Protect
|
|-boost|p1a: Yanmega|spe|1|[from] ability: Speed Boost
|turn|11
|
|move|p2a: Krookodile|Knock Off|p1a: Yanmega
|-crit|p1a: Yanmega
|-damage|p1a: Yanmega|43\/313
|-enditem|p1a: Yanmega|Life Orb|[from] move: Knock Off|[of] p2a: Krookodile
|move|p1a: Yanmega|Giga Drain|p2a: Krookodile
|-supereffective|p2a: Krookodile
|-damage|p2a: Krookodile|0 fnt
|-heal|p1a: Yanmega|209\/313|[from] drain|[of] p2a: Krookodile
|faint|p2a: Krookodile
|
|-boost|p1a: Yanmega|spe|1|[from] ability: Speed Boost
|
|switch|p2a: Jirachi|Jirachi|341\/341
|turn|12
|
|move|p1a: Yanmega|Giga Drain|p2a: Jirachi
|-resisted|p2a: Jirachi
|-damage|p2a: Jirachi|195\/341
|-heal|p1a: Yanmega|282\/313|[from] drain|[of] p2a: Jirachi
|move|p2a: Jirachi|Ice Punch|p1a: Yanmega
|-supereffective|p1a: Yanmega
|-damage|p1a: Yanmega|106\/313
|
|-boost|p1a: Yanmega|spe|1|[from] ability: Speed Boost
|turn|13
|
|move|p1a: Yanmega|Air Slash|p2a: Jirachi
|-resisted|p2a: Jirachi
|-damage|p2a: Jirachi|0 fnt
|faint|p2a: Jirachi
|
|-boost|p1a: Yanmega|spe|1|[from] ability: Speed Boost
|
|switch|p2a: Aerodactyl|Aerodactyl, F|363\/363
|turn|14
|
|detailschange|p2a: Aerodactyl|Aerodactyl-Mega, F
|-mega|p2a: Aerodactyl|Aerodactyl|Aerodactylite
|move|p1a: Yanmega|Bug Buzz|p2a: Aerodactyl
|-resisted|p2a: Aerodactyl
|-damage|p2a: Aerodactyl|97\/363
|move|p2a: Aerodactyl|Stone Edge|p1a: Yanmega
|-supereffective|p1a: Yanmega
|-damage|p1a: Yanmega|0 fnt
|faint|p1a: Yanmega
|
|
|switch|p1a: Swampert|Swampert, F|404\/404
|turn|15
|
|switch|p2a: Vaporeon|Vaporeon, F|464\/464
|move|p1a: Swampert|Stealth Rock|p2a: Vaporeon
|-sidestart|p2: ex888|move: Stealth Rock
|
|turn|16
|
|switch|p1a: Celebi|Celebi|132\/404
|move|p2a: Vaporeon|Scald|p1a: Celebi
|-crit|p1a: Celebi
|-resisted|p1a: Celebi
|-damage|p1a: Celebi|72\/404
|
|turn|17
|
|move|p1a: Celebi|Giga Drain|p2a: Vaporeon
|-crit|p2a: Vaporeon
|-supereffective|p2a: Vaporeon
|-damage|p2a: Vaporeon|194\/464
|-heal|p1a: Celebi|207\/404|[from] drain|[of] p2a: Vaporeon
|move|p2a: Vaporeon|Scald|p1a: Celebi
|-resisted|p1a: Celebi
|-damage|p1a: Celebi|173\/404
|
|-heal|p2a: Vaporeon|223\/464|[from] item: Leftovers
|turn|18
|-message|ex888 forfeited.
|leave|ex888
|
|win|SadPierrot
|raw|Ladder updating...
|raw|SadPierrot's rating: 1527 &rarr; <strong>1540<\/strong><br \/>(+13 for winning)
|raw|ex888's rating: 1408 &rarr; <strong>1394<\/strong><br \/>(-14 for losing)
|player|p2