|join|SadPierrot
|join|Lothras
|player|p1|SadPierrot|238
|player|p2|Lothras|209
|gametype|singles
|gen|6
|tier|UU
|rated
|rule|Sleep Clause Mod: Limit one foe put to sleep
|rule|Species Clause: Limit one of each PokÃ©mon
|rule|OHKO Clause: OHKO moves are banned
|rule|Moody Clause: Moody is banned
|rule|Evasion Moves Clause: Evasion moves are banned
|rule|Endless Battle Clause: Forcing endless battles is banned
|rule|HP Percentage Mod: HP is shown in percentages
|clearpoke
|poke|p1|Blissey, F
|poke|p1|Forretress, F
|poke|p1|Suicune
|poke|p1|Umbreon, M
|poke|p1|Gligar, F
|poke|p1|Spiritomb, M
|poke|p2|Shaymin
|poke|p2|Entei, shiny
|poke|p2|Starmie
|poke|p2|Honchkrow, M
|poke|p2|Roserade, M
|poke|p2|Galvantula, M
|rule|Swagger Clause: Swagger is banned
|rule|Baton Pass Clause: Limit one PokÃ©mon knowing Baton Pass
|teampreview
|
|start
|switch|p1a: Spiritomb|Spiritomb, M|304\/304
|switch|p2a: Galvantula|Galvantula, M|281\/281
|-ability|p1a: Spiritomb|Pressure
|turn|1
|
|move|p2a: Galvantula|Thunder|p1a: Spiritomb
|-damage|p1a: Spiritomb|195\/304
|move|p1a: Spiritomb|Dark Pulse|p2a: Galvantula
|-crit|p2a: Galvantula
|-enditem|p2a: Galvantula|Focus Sash
|-damage|p2a: Galvantula|1\/281
|
|turn|2
|
|move|p2a: Galvantula|Sticky Web|p1a: Spiritomb
|-sidestart|p1: SadPierrot|move: Sticky Web
|move|p1a: Spiritomb|Dark Pulse|p2a: Galvantula
|-damage|p2a: Galvantula|0 fnt
|faint|p2a: Galvantula
|
|
|switch|p2a: Honchkrow|Honchkrow, M|341\/341
|turn|3
|
|switch|p1a: Gligar|Gligar, F|334\/334
|move|p2a: Honchkrow|Substitute|p2a: Honchkrow
|-start|p2a: Honchkrow|Substitute
|-damage|p2a: Honchkrow|256\/341
|
|turn|4
|
|move|p2a: Honchkrow|Brave Bird|p1a: Gligar
|-damage|p1a: Gligar|198\/334
|-damage|p2a: Honchkrow|211\/341|[from] recoil|[of] p1a: Gligar
|-damage|p2a: Honchkrow|177\/341|[from] item: Life Orb
|move|p1a: Gligar|Knock Off|p2a: Honchkrow
|-resisted|p2a: Honchkrow
|-activate|p2a: Honchkrow|Substitute|[damage]
|
|turn|5
|
|move|p2a: Honchkrow|Brave Bird|p1a: Gligar
|-damage|p1a: Gligar|81\/334
|-damage|p2a: Honchkrow|138\/341|[from] recoil|[of] p1a: Gligar
|-damage|p2a: Honchkrow|104\/341|[from] item: Life Orb
|move|p1a: Gligar|Roost|p1a: Gligar
|-heal|p1a: Gligar|248\/334
|
|turn|6
|
|switch|p2a: Starmie|Starmie|324\/324
|move|p1a: Gligar|Knock Off|p2a: Starmie
|-supereffective|p2a: Starmie
|-damage|p2a: Starmie|176\/324
|-enditem|p2a: Starmie|Leftovers|[from] move: Knock Off|[of] p1a: Gligar
|
|turn|7
|
|switch|p1a: Umbreon|Umbreon, M|394\/394
|-activate|p1a: Umbreon|move: Sticky Web
|-unboost|p1a: Umbreon|spe|1
|move|p2a: Starmie|Scald|p1a: Umbreon
|-damage|p1a: Umbreon|339\/394
|-status|p1a: Umbreon|brn
|-status|p2a: Starmie|brn
|
|-heal|p1a: Umbreon|363\/394 brn|[from] item: Leftovers
|-damage|p2a: Starmie|136\/324 brn|[from] brn
|-damage|p1a: Umbreon|314\/394 brn|[from] brn
|turn|8
|c|âLothras|Okay, let's say I screwed the Honchkrow up.
|
|switch|p2a: Honchkrow|Honchkrow, M|104\/341
|move|p1a: Umbreon|Heal Bell|p1a: Umbreon
|-cureteam|p1a: Umbreon|[from] move: HealBell
|
|-heal|p1a: Umbreon|338\/394|[from] item: Leftovers
|turn|9
|
|switch|p1a: Gligar|Gligar, F|248\/334
|move|p2a: Honchkrow|Superpower|p1a: Gligar
|-resisted|p1a: Gligar
|-damage|p1a: Gligar|209\/334
|-unboost|p2a: Honchkrow|atk|1
|-unboost|p2a: Honchkrow|def|1
|-damage|p2a: Honchkrow|70\/341|[from] item: Life Orb
|
|turn|10
|
|move|p2a: Honchkrow|Brave Bird|p1a: Gligar
|-damage|p1a: Gligar|119\/334
|-damage|p2a: Honchkrow|40\/341|[from] recoil|[of] p1a: Gligar
|-damage|p2a: Honchkrow|6\/341|[from] item: Life Orb
|move|p1a: Gligar|Roost|p1a: Gligar
|-heal|p1a: Gligar|286\/334
|
|turn|11
|
|move|p1a: Gligar|Quick Attack|p2a: Honchkrow
|-damage|p2a: Honchkrow|0 fnt
|faint|p2a: Honchkrow
|
|
|switch|p2a: Shaymin|Shaymin|341\/341
|turn|12
|
|switch|p2a: Entei|Entei, shiny|434\/434
|-ability|p2a: Entei|Pressure
|switch|p1a: Blissey|Blissey, F|714\/714
|-activate|p1a: Blissey|move: Sticky Web
|-unboost|p1a: Blissey|spe|1
|
|turn|13
|
|switch|p1a: Suicune|Suicune|404\/404
|-activate|p1a: Suicune|move: Sticky Web
|-unboost|p1a: Suicune|spe|1
|-ability|p1a: Suicune|Pressure
|move|p2a: Entei|Sacred Fire|p1a: Suicune
|-resisted|p1a: Suicune
|-damage|p1a: Suicune|319\/404
|
|-heal|p1a: Suicune|344\/404|[from] item: Leftovers
|turn|14
|
|switch|p2a: Shaymin|Shaymin|341\/341
|move|p1a: Suicune|Scald|p2a: Shaymin
|-resisted|p2a: Shaymin
|-damage|p2a: Shaymin|301\/341
|
|-heal|p1a: Suicune|369\/404|[from] item: Leftovers
|turn|15
|
|switch|p1a: Blissey|Blissey, F|714\/714
|-activate|p1a: Blissey|move: Sticky Web
|-unboost|p1a: Blissey|spe|1
|move|p2a: Shaymin|Seed Flare|p1a: Blissey
|-damage|p1a: Blissey|566\/714
|-damage|p2a: Shaymin|267\/341|[from] item: Life Orb
|
|-heal|p1a: Blissey|610\/714|[from] item: Leftovers
|turn|16
|
|switch|p2a: Starmie|Starmie|136\/324
|move|p1a: Blissey|Seismic Toss|p2a: Starmie
|-damage|p2a: Starmie|36\/324
|
|-heal|p1a: Blissey|654\/714|[from] item: Leftovers
|turn|17
|
|switch|p1a: Umbreon|Umbreon, M|338\/394
|-activate|p1a: Umbreon|move: Sticky Web
|-unboost|p1a: Umbreon|spe|1
|move|p2a: Starmie|Recover|p2a: Starmie
|-heal|p2a: Starmie|198\/324
|
|-heal|p1a: Umbreon|362\/394|[from] item: Leftovers
|turn|18
|
|switch|p2a: Roserade|Roserade, M|324\/324
|move|p1a: Umbreon|Foul Play|p2a: Roserade
|-damage|p2a: Roserade|221\/324
|
|-heal|p2a: Roserade|241\/324|[from] item: Black Sludge
|-heal|p1a: Umbreon|386\/394|[from] item: Leftovers
|turn|19
|
|switch|p1a: Spiritomb|Spiritomb, M|195\/304
|-activate|p1a: Spiritomb|move: Sticky Web
|-unboost|p1a: Spiritomb|spe|1
|-ability|p1a: Spiritomb|Pressure
|move|p2a: Roserade|Spikes|p1a: Spiritomb
|-sidestart|p1: SadPierrot|Spikes
|
|-heal|p2a: Roserade|261\/324|[from] item: Black Sludge
|turn|20
|
|move|p2a: Roserade|Toxic Spikes|p1a: Spiritomb
|-sidestart|p1: SadPierrot|move: Toxic Spikes
|move|p1a: Spiritomb|Trick|p2a: Roserade
|-activate|p1a: Spiritomb|move: Trick|[of] p2a: Roserade
|-item|p2a: Roserade|Choice Specs|[from] move: Trick
|-item|p1a: Spiritomb|Black Sludge|[from] move: Trick
|
|-damage|p1a: Spiritomb|157\/304|[from] item: Black Sludge
|turn|21
|
|move|p2a: Roserade|Toxic Spikes|p1a: Spiritomb
|-sidestart|p1: SadPierrot|move: Toxic Spikes
|move|p1a: Spiritomb|Rest|p1a: Spiritomb
|-status|p1a: Spiritomb|slp
|-heal|p1a: Spiritomb|304\/304 slp|[silent]
|-status|p1a: Spiritomb|slp|[from] move: Rest
|
|-damage|p1a: Spiritomb|266\/304 slp|[from] item: Black Sludge
|turn|22
|
|switch|p2a: Shaymin|Shaymin|267\/341
|switch|p1a: Gligar|Gligar, F|286\/334
|
|turn|23
|
|switch|p1a: Blissey|Blissey, F|654\/714
|-status|p1a: Blissey|tox
|-activate|p1a: Blissey|move: Sticky Web
|-unboost|p1a: Blissey|spe|1
|-damage|p1a: Blissey|565\/714 tox|[from] Spikes
|move|p2a: Shaymin|Seed Flare|p1a: Blissey
|-crit|p1a: Blissey
|-damage|p1a: Blissey|349\/714 tox
|-damage|p2a: Shaymin|233\/341|[from] item: Life Orb
|
|-heal|p1a: Blissey|393\/714 tox|[from] item: Leftovers
|-damage|p1a: Blissey|349\/714 tox|[from] psn
|turn|24
|
|switch|p2a: Entei|Entei, shiny|434\/434
|-ability|p2a: Entei|Pressure
|move|p1a: Blissey|Heal Bell|p1a: Blissey
|-cureteam|p1a: Blissey|[from] move: HealBell
|
|-heal|p1a: Blissey|393\/714|[from] item: Leftovers
|turn|25
|
|switch|p1a: Suicune|Suicune|369\/404
|-damage|p1a: Suicune|319\/404|[from] Spikes
|-activate|p1a: Suicune|move: Sticky Web
|-unboost|p1a: Suicune|spe|1
|-status|p1a: Suicune|tox
|-ability|p1a: Suicune|Pressure
|move|p2a: Entei|Sacred Fire|p1a: Suicune|[miss]
|-miss|p2a: Entei|p1a: Suicune
|
|-heal|p1a: Suicune|344\/404 tox|[from] item: Leftovers
|-damage|p1a: Suicune|319\/404 tox|[from] psn
|turn|26
|
|switch|p2a: Roserade|Roserade, M|261\/324
|move|p1a: Suicune|Scald|p2a: Roserade
|-crit|p2a: Roserade
|-resisted|p2a: Roserade
|-damage|p2a: Roserade|211\/324
|
|-heal|p1a: Suicune|344\/404 tox|[from] item: Leftovers
|-damage|p1a: Suicune|294\/404 tox|[from] psn
|turn|27
|
|switch|p2a: Entei|Entei, shiny|434\/434
|-ability|p2a: Entei|Pressure
|switch|p1a: Forretress|Forretress, F|354\/354
|-damage|p1a: Forretress|310\/354|[from] Spikes
|-activate|p1a: Forretress|move: Sticky Web
|-unboost|p1a: Forretress|spe|1
|
|-heal|p1a: Forretress|332\/354|[from] item: Leftovers
|turn|28
|
|switch|p1a: Suicune|Suicune|294\/404 tox
|-activate|p1a: Suicune|move: Sticky Web
|-unboost|p1a: Suicune|spe|1
|-damage|p1a: Suicune|244\/404 tox|[from] Spikes
|-ability|p1a: Suicune|Pressure
|move|p2a: Entei|Sacred Fire|p1a: Suicune
|-resisted|p1a: Suicune
|-damage|p1a: Suicune|158\/404 tox
|
|-heal|p1a: Suicune|183\/404 tox|[from] item: Leftovers
|-damage|p1a: Suicune|158\/404 tox|[from] psn
|turn|29
|
|move|p2a: Entei|Sacred Fire|p1a: Suicune
|-resisted|p1a: Suicune
|-damage|p1a: Suicune|65\/404 tox
|move|p1a: Suicune|Rest|p1a: Suicune
|-status|p1a: Suicune|slp
|-heal|p1a: Suicune|404\/404 slp|[silent]
|-status|p1a: Suicune|slp|[from] move: Rest
|
|turn|30
|
|switch|p2a: Shaymin|Shaymin|233\/341
|cant|p1a: Suicune|slp
|move|p1a: Suicune|Sleep Talk|p1a: Suicune
|move|p1a: Suicune|Scald|p2a: Shaymin|[from]Sleep Talk
|-resisted|p2a: Shaymin
|-damage|p2a: Shaymin|191\/341
|
|turn|31
|
|switch|p1a: Forretress|Forretress, F|332\/354
|-activate|p1a: Forretress|move: Sticky Web
|-unboost|p1a: Forretress|spe|1
|-damage|p1a: Forretress|288\/354|[from] Spikes
|move|p2a: Shaymin|Seed Flare|p1a: Forretress
|-resisted|p1a: Forretress
|-damage|p1a: Forretress|205\/354
|-unboost|p1a: Forretress|spd|2
|-damage|p2a: Shaymin|157\/341|[from] item: Life Orb
|
|-heal|p1a: Forretress|227\/354|[from] item: Leftovers
|turn|32
|
|move|p2a: Shaymin|Earth Power|p1a: Forretress
|-damage|p1a: Forretress|0 fnt
|-damage|p2a: Shaymin|123\/341|[from] item: Life Orb
|faint|p1a: Forretress
|
|
|switch|p1a: Spiritomb|Spiritomb, M|266\/304
|-activate|p1a: Spiritomb|move: Sticky Web
|-unboost|p1a: Spiritomb|spe|1
|-status|p1a: Spiritomb|tox
|-damage|p1a: Spiritomb|228\/304 tox|[from] Spikes
|-ability|p1a: Spiritomb|Pressure
|turn|33
|
|move|p2a: Shaymin|Rest|p2a: Shaymin
|-status|p2a: Shaymin|slp
|-heal|p2a: Shaymin|341\/341 slp|[silent]
|-status|p2a: Shaymin|slp|[from] move: Rest
|move|p1a: Spiritomb|Dark Pulse|p2a: Shaymin
|-damage|p2a: Shaymin|245\/341 slp
|
|-damage|p1a: Spiritomb|190\/304 tox|[from] item: Black Sludge
|-damage|p1a: Spiritomb|171\/304 tox|[from] psn
|turn|34
|
|switch|p2a: Roserade|Roserade, M|211\/324
|move|p1a: Spiritomb|Trick|p2a: Roserade
|-activate|p1a: Spiritomb|move: Trick|[of] p2a: Roserade
|-item|p2a: Roserade|Black Sludge|[from] move: Trick
|-item|p1a: Spiritomb|Choice Specs|[from] move: Trick
|
|-heal|p2a: Roserade|231\/324|[from] item: Black Sludge
|-damage|p1a: Spiritomb|133\/304 tox|[from] psn
|turn|35
|-message|SadPierrot forfeited.
|
|win|Lothras
|raw|Ladder updating...
|leave|SadPierrot
|player|p1
|raw|SadPierrot's rating: 1383 &rarr; <strong>1366<\/strong><br \/>(-17 for losing)
|raw|Lothras's rating: 1448 &rarr; <strong>1464<\/strong><br \/>(+16 for winning)