|join|BroingHop
|join|SadPierrot
|join|qwertyujgfty
|c| qwertyujgfty|**HYNALS FYPE**
|join|Powerpackedbunch
|join|Oregon Ducks
|join|Marshtomp Nation
|player|p1|BroingHop|169
|player|p2|SadPierrot|238
|gametype|singles
|gen|6
|tier|UU
|rule|Sleep Clause Mod: Limit one foe put to sleep
|rule|Species Clause: Limit one of each PokÃ©mon
|rule|OHKO Clause: OHKO moves are banned
|rule|Moody Clause: Moody is banned
|rule|Evasion Moves Clause: Evasion moves are banned
|rule|Endless Battle Clause: Forcing endless battles is banned
|rule|HP Percentage Mod: HP is shown in percentages
|clearpoke
|poke|p1|Crobat, M
|poke|p1|Forretress, F
|poke|p1|Suicune
|poke|p1|Blissey, F
|poke|p1|Krookodile, M
|poke|p1|Nidoqueen, F
|poke|p2|Chesnaught, M
|poke|p2|Swampert, M
|poke|p2|Raikou
|poke|p2|Jirachi
|poke|p2|Blastoise, F
|poke|p2|Zygarde
|rule|Swagger Clause: Swagger is banned
|rule|Baton Pass Clause: Limit one PokÃ©mon knowing Baton Pass
|teampreview
|c| qwertyujgfty|**HYNALS FYPE**
|join|Reading ASOIAF lol
|c|âBroingHop|hmm...
|c| Reading ASOIAF lol|is this stall + krookodile
|join|IDerpy
|
|start
|switch|p1a: Crobat|Crobat, M|353\/353
|switch|p2a: Swampert|Swampert, M|404\/404
|turn|1
|c|âBroingHop|i should have chose magikarp
|leave|qwertyujgfty
|
|move|p1a: Crobat|U-turn|p2a: Swampert
|-damage|p2a: Swampert|343\/404
|
|switch|p1a: Suicune|Suicune|393\/393
|-ability|p1a: Suicune|Pressure
|move|p2a: Swampert|Scald|p1a: Suicune
|-resisted|p1a: Suicune
|-damage|p1a: Suicune|359\/393
|
|-heal|p1a: Suicune|383\/393|[from] item: Leftovers
|-heal|p2a: Swampert|368\/404|[from] item: Leftovers
|turn|2
|join|Ariana Granbull
|
|switch|p2a: Chesnaught|Chesnaught, M|379\/379
|move|p1a: Suicune|Scald|p2a: Chesnaught
|-resisted|p2a: Chesnaught
|-damage|p2a: Chesnaught|321\/379
|
|-heal|p1a: Suicune|393\/393|[from] item: Leftovers
|turn|3
|
|switch|p1a: Forretress|Forretress, F|323\/323
|move|p2a: Chesnaught|Wood Hammer|p1a: Forretress
|-resisted|p1a: Forretress
|-damage|p1a: Forretress|280\/323
|-damage|p2a: Chesnaught|307\/379|[from] recoil|[of] p1a: Forretress
|
|-heal|p1a: Forretress|300\/323|[from] item: Leftovers
|turn|4
|leave|Powerpackedbunch
|
|switch|p2a: Blastoise|Blastoise, F|361\/361
|move|p1a: Forretress|Spikes|p2a: Blastoise
|-sidestart|p2: SadPierrot|Spikes
|
|-heal|p1a: Forretress|320\/323|[from] item: Leftovers
|turn|5
|join|Powerpackedbunch
|
|switch|p1a: Suicune|Suicune|393\/393
|-ability|p1a: Suicune|Pressure
|detailschange|p2a: Blastoise|Blastoise-Mega, F
|-mega|p2a: Blastoise|Blastoise|Blastoisinite
|move|p2a: Blastoise|Rapid Spin|p1a: Suicune
|-crit|p1a: Suicune
|-damage|p1a: Suicune|377\/393
|-sideend|p2: SadPierrot|Spikes|[from] move: Rapid Spin|[of] p2a: Blastoise
|
|-heal|p1a: Suicune|393\/393|[from] item: Leftovers
|turn|6
|c|âBroingHop|o no its the cannon guy
|
|switch|p2a: Jirachi|Jirachi|341\/341
|move|p1a: Suicune|Scald|p2a: Jirachi
|-damage|p2a: Jirachi|256\/341
|-status|p2a: Jirachi|brn
|
|-damage|p2a: Jirachi|214\/341 brn|[from] brn
|turn|7
|c| Powerpackedbunch|yikes
|
|move|p2a: Jirachi|Trick|p1a: Suicune
|-activate|p2a: Jirachi|move: Trick|[of] p1a: Suicune
|-item|p1a: Suicune|Choice Scarf|[from] move: Trick
|-item|p2a: Jirachi|Leftovers|[from] move: Trick
|move|p1a: Suicune|Scald|p2a: Jirachi
|-damage|p2a: Jirachi|121\/341 brn
|
|-heal|p2a: Jirachi|142\/341 brn|[from] item: Leftovers
|-damage|p2a: Jirachi|100\/341 brn|[from] brn
|turn|8
|
|switch|p2a: Swampert|Swampert, M|368\/404
|switch|p1a: Krookodile|Krookodile, M|363\/363
|-ability|p1a: Krookodile|Intimidate|[of] p2a: Swampert
|-unboost|p2a: Swampert|atk|1
|
|-heal|p2a: Swampert|393\/404|[from] item: Leftovers
|turn|9
|
|move|p1a: Krookodile|Stealth Rock|p2a: Swampert
|-sidestart|p2: SadPierrot|move: Stealth Rock
|move|p2a: Swampert|Scald|p1a: Krookodile
|-supereffective|p1a: Krookodile
|-damage|p1a: Krookodile|141\/363
|-status|p1a: Krookodile|brn
|
|-heal|p1a: Krookodile|163\/363 brn|[from] item: Leftovers
|-heal|p2a: Swampert|404\/404|[from] item: Leftovers
|-damage|p1a: Krookodile|118\/363 brn|[from] brn
|turn|10
|
|switch|p1a: Suicune|Suicune|393\/393
|-ability|p1a: Suicune|Pressure
|move|p2a: Swampert|Stealth Rock|p1a: Suicune
|-sidestart|p1: BroingHop|move: Stealth Rock
|
|turn|11
|
|move|p1a: Suicune|Scald|p2a: Swampert
|-crit|p2a: Swampert
|-damage|p2a: Swampert|295\/404
|move|p2a: Swampert|Scald|p1a: Suicune
|-resisted|p1a: Suicune
|-damage|p1a: Suicune|353\/393
|-status|p1a: Suicune|brn
|
|-heal|p2a: Swampert|320\/404|[from] item: Leftovers
|-damage|p1a: Suicune|304\/393 brn|[from] brn
|turn|12
|
|switch|p2a: Raikou|Raikou|384\/384
|-damage|p2a: Raikou|336\/384|[from] Stealth Rock
|-ability|p2a: Raikou|Pressure
|move|p1a: Suicune|Scald|p2a: Raikou
|-damage|p2a: Raikou|252\/384
|
|-heal|p2a: Raikou|276\/384|[from] item: Leftovers
|-damage|p1a: Suicune|255\/393 brn|[from] brn
|turn|13
|
|switch|p1a: Blissey|Blissey, F|651\/651
|-damage|p1a: Blissey|570\/651|[from] Stealth Rock
|move|p2a: Raikou|Substitute|p2a: Raikou
|-start|p2a: Raikou|Substitute
|-damage|p2a: Raikou|180\/384
|
|-heal|p2a: Raikou|204\/384|[from] item: Leftovers
|-heal|p1a: Blissey|610\/651|[from] item: Leftovers
|turn|14
|
|move|p2a: Raikou|Thunderbolt|p1a: Blissey
|-crit|p1a: Blissey
|-damage|p1a: Blissey|501\/651
|move|p1a: Blissey|Heal Bell|p1a: Blissey
|-cureteam|p1a: Blissey|[from] move: HealBell
|
|-heal|p2a: Raikou|228\/384|[from] item: Leftovers
|-heal|p1a: Blissey|541\/651|[from] item: Leftovers
|turn|15
|
|move|p2a: Raikou|Calm Mind|p2a: Raikou
|-boost|p2a: Raikou|spa|1
|-boost|p2a: Raikou|spd|1
|move|p1a: Blissey|Wish|p1a: Blissey
|
|-heal|p2a: Raikou|252\/384|[from] item: Leftovers
|-heal|p1a: Blissey|581\/651|[from] item: Leftovers
|turn|16
|c|âSadPierrot|is that full special defensive bliss
|
|move|p2a: Raikou|Calm Mind|p2a: Raikou
|-boost|p2a: Raikou|spa|1
|-boost|p2a: Raikou|spd|1
|move|p1a: Blissey|Seismic Toss|p2a: Raikou
|-end|p2a: Raikou|Substitute
|
|-heal|p1a: Blissey|651\/651|[from] move: Wish|[wisher] Blissey
|-heal|p2a: Raikou|276\/384|[from] item: Leftovers
|turn|17
|join|Shit User
|
|switch|p2a: Chesnaught|Chesnaught, M|307\/379
|-damage|p2a: Chesnaught|284\/379|[from] Stealth Rock
|move|p1a: Blissey|Wish|p1a: Blissey
|
|turn|18
|
|switch|p1a: Forretress|Forretress, F|320\/323
|-damage|p1a: Forretress|280\/323|[from] Stealth Rock
|move|p2a: Chesnaught|Drain Punch|p1a: Forretress
|-damage|p1a: Forretress|160\/323
|-heal|p2a: Chesnaught|344\/379|[from] drain|[of] p1a: Forretress
|
|-heal|p1a: Forretress|323\/323|[from] move: Wish|[wisher] Blissey
|turn|19
|c| Shit User|just spam it till he dies
|
|move|p2a: Chesnaught|Drain Punch|p1a: Forretress
|-crit|p1a: Forretress
|-damage|p1a: Forretress|166\/323
|-heal|p2a: Chesnaught|379\/379|[from] drain|[of] p1a: Forretress
|move|p1a: Forretress|Rapid Spin|p2a: Chesnaught
|-crit|p2a: Chesnaught
|-damage|p2a: Chesnaught|354\/379
|-sideend|p1: BroingHop|Stealth Rock|[from] move: Rapid Spin|[of] p1a: Forretress
|
|-heal|p1a: Forretress|186\/323|[from] item: Leftovers
|turn|20
|c| Shit User|e-z
|
|switch|p1a: Crobat|Crobat, M|353\/353
|move|p2a: Chesnaught|Drain Punch|p1a: Crobat
|-resisted|p1a: Crobat
|-damage|p1a: Crobat|295\/353
|-heal|p2a: Chesnaught|379\/379|[from] drain|[of] p1a: Crobat
|
|turn|21
|
|switch|p2a: Jirachi|Jirachi|100\/341 brn
|-damage|p2a: Jirachi|79\/341 brn|[from] Stealth Rock
|move|p1a: Crobat|U-turn|p2a: Jirachi
|-crit|p2a: Jirachi
|-damage|p2a: Jirachi|0 fnt
|faint|p2a: Jirachi
|
|switch|p1a: Suicune|Suicune|255\/393
|-ability|p1a: Suicune|Pressure
|
|
|switch|p2a: Zygarde|Zygarde|357\/357
|-damage|p2a: Zygarde|335\/357|[from] Stealth Rock
|-ability|p2a: Zygarde|Aura Break
|turn|22
|
|move|p1a: Suicune|Ice Beam|p2a: Zygarde
|-supereffective|p2a: Zygarde
|-damage|p2a: Zygarde|71\/357
|move|p2a: Zygarde|Dragon Dance|p2a: Zygarde
|-boost|p2a: Zygarde|atk|1
|-boost|p2a: Zygarde|spe|1
|
|turn|23
|
|move|p2a: Zygarde|Outrage|p1a: Suicune
|-damage|p1a: Suicune|75\/393
|move|p1a: Suicune|Ice Beam|p2a: Zygarde
|-supereffective|p2a: Zygarde
|-damage|p2a: Zygarde|0 fnt
|faint|p2a: Zygarde
|
|
|switch|p2a: Swampert|Swampert, M|320\/404
|-damage|p2a: Swampert|295\/404|[from] Stealth Rock
|turn|24
|
|switch|p1a: Krookodile|Krookodile, M|118\/363
|-ability|p1a: Krookodile|Intimidate|[of] p2a: Swampert
|-unboost|p2a: Swampert|atk|1
|move|p2a: Swampert|Stealth Rock|p1a: Krookodile
|-sidestart|p1: BroingHop|move: Stealth Rock
|
|-heal|p1a: Krookodile|140\/363|[from] item: Leftovers
|-heal|p2a: Swampert|320\/404|[from] item: Leftovers
|turn|25
|
|move|p1a: Krookodile|Knock Off|p2a: Swampert
|-damage|p2a: Swampert|149\/404
|-enditem|p2a: Swampert|Leftovers|[from] move: Knock Off|[of] p1a: Krookodile
|move|p2a: Swampert|Scald|p1a: Krookodile
|-supereffective|p1a: Krookodile
|-damage|p1a: Krookodile|0 fnt
|faint|p1a: Krookodile
|
|join|dingkek
|
|switch|p1a: Blissey|Blissey, F|651\/651
|-damage|p1a: Blissey|570\/651|[from] Stealth Rock
|turn|26
|leave|dingkek
|
|switch|p2a: Blastoise|Blastoise-Mega, F|361\/361
|-damage|p2a: Blastoise|316\/361|[from] Stealth Rock
|move|p1a: Blissey|Seismic Toss|p2a: Blastoise
|-damage|p2a: Blastoise|216\/361
|
|-heal|p1a: Blissey|610\/651|[from] item: Leftovers
|turn|27
|leave|Oregon Ducks
|
|move|p2a: Blastoise|Rapid Spin|p1a: Blissey
|-damage|p1a: Blissey|578\/651
|-sideend|p2: SadPierrot|Stealth Rock|[from] move: Rapid Spin|[of] p2a: Blastoise
|move|p1a: Blissey|Seismic Toss|p2a: Blastoise
|-damage|p2a: Blastoise|116\/361
|
|-heal|p1a: Blissey|618\/651|[from] item: Leftovers
|turn|28
|
|switch|p2a: Chesnaught|Chesnaught, M|379\/379
|move|p1a: Blissey|Seismic Toss|p2a: Chesnaught
|-damage|p2a: Chesnaught|279\/379
|
|-heal|p1a: Blissey|651\/651|[from] item: Leftovers
|turn|29
|
|switch|p2a: Raikou|Raikou|276\/384
|-ability|p2a: Raikou|Pressure
|move|p1a: Blissey|Protect|p1a: Blissey
|-fail|p1a: Blissey
|
|-heal|p2a: Raikou|300\/384|[from] item: Leftovers
|turn|30
|
|move|p2a: Raikou|Calm Mind|p2a: Raikou
|-boost|p2a: Raikou|spa|1
|-boost|p2a: Raikou|spd|1
|move|p1a: Blissey|Seismic Toss|p2a: Raikou
|-damage|p2a: Raikou|200\/384
|
|-heal|p2a: Raikou|224\/384|[from] item: Leftovers
|turn|31
|
|move|p2a: Raikou|Calm Mind|p2a: Raikou
|-boost|p2a: Raikou|spa|1
|-boost|p2a: Raikou|spd|1
|move|p1a: Blissey|Seismic Toss|p2a: Raikou
|-damage|p2a: Raikou|124\/384
|
|-heal|p2a: Raikou|148\/384|[from] item: Leftovers
|turn|32
|
|move|p2a: Raikou|Thunderbolt|p1a: Blissey
|-damage|p1a: Blissey|510\/651
|move|p1a: Blissey|Seismic Toss|p2a: Raikou
|-damage|p2a: Raikou|48\/384
|
|-heal|p2a: Raikou|72\/384|[from] item: Leftovers
|-heal|p1a: Blissey|550\/651|[from] item: Leftovers
|turn|33
|c|âSadPierrot|nope, too stally
|-message|SadPierrot forfeited.
|
|win|BroingHop
|leave|Powerpackedbunch
|leave|SadPierrot
|player|p2