|join|SadPierrot
|join|Emma Bae
|player|p1|SadPierrot|238
|player|p2|Emma Bae|260
|gametype|singles
|gen|6
|tier|UU
|rule|Sleep Clause Mod: Limit one foe put to sleep
|rule|Species Clause: Limit one of each PokÃ©mon
|rule|OHKO Clause: OHKO moves are banned
|rule|Moody Clause: Moody is banned
|rule|Evasion Moves Clause: Evasion moves are banned
|rule|Endless Battle Clause: Forcing endless battles is banned
|rule|HP Percentage Mod: HP is shown in percentages
|clearpoke
|poke|p1|Swampert, F
|poke|p1|Yanmega, F
|poke|p1|Tentacruel, F
|poke|p1|Celebi
|poke|p1|Machamp, F
|poke|p1|Aggron, M
|poke|p2|Porygon-Z
|poke|p2|Yanmega, M
|poke|p2|Machamp, F
|poke|p2|Diancie
|poke|p2|Starmie
|poke|p2|Jirachi
|rule|Swagger Clause: Swagger is banned
|rule|Baton Pass Clause: Limit one PokÃ©mon knowing Baton Pass
|teampreview
|join|SuperDuperDerp
|c| SuperDuperDerp|first teehe
|
|start
|switch|p1a: Shiva the destroye|Machamp, F|383\/383
|switch|p2a: Porygon-Z|Porygon-Z|311\/311
|turn|1
|join|kidd timelapse
|
|move|p2a: Porygon-Z|Tri Attack|p1a: Shiva the destroye
|-damage|p1a: Shiva the destroye|15\/383
|move|p1a: Shiva the destroye|Close Combat|p2a: Porygon-Z
|-supereffective|p2a: Porygon-Z
|-damage|p2a: Porygon-Z|0 fnt
|-unboost|p1a: Shiva the destroye|def|1
|-unboost|p1a: Shiva the destroye|spd|1
|faint|p2a: Porygon-Z
|
|c| SuperDuperDerp|needz moar hyperbeamz
|join|watfor
|
|switch|p2a: Diancie|Diancie|241\/241
|turn|2
|
|switch|p1a: Twiggy|Aggron, M|344\/344
|detailschange|p2a: Diancie|Diancie-Mega
|-mega|p2a: Diancie|Diancie|Diancite
|move|p2a: Diancie|Earth Power|p1a: Twiggy
|-supereffective|p1a: Twiggy
|-activate|p1a: Twiggy|Sturdy
|-damage|p1a: Twiggy|1\/344
|
|turn|3
|c| watfor|what play was that
|
|detailschange|p1a: Twiggy|Aggron-Mega, M
|-mega|p1a: Twiggy|Aggron|Aggronite
|move|p2a: Diancie|Moonblast|p1a: Twiggy
|-resisted|p1a: Twiggy
|-damage|p1a: Twiggy|0 fnt
|faint|p1a: Twiggy
|
|
|switch|p1a: Shiva the destroye|Machamp, F|15\/383
|turn|4
|
|switch|p2a: Starmie|Starmie|324\/324
|move|p1a: Shiva the destroye|Bullet Punch|p2a: Starmie
|-resisted|p2a: Starmie
|-damage|p2a: Starmie|294\/324
|
|-heal|p2a: Starmie|314\/324|[from] item: Leftovers
|turn|5
|
|switch|p1a: Mercy|Celebi|404\/404
|move|p2a: Starmie|Scald|p1a: Mercy
|-resisted|p1a: Mercy
|-damage|p1a: Mercy|368\/404
|
|-heal|p2a: Starmie|324\/324|[from] item: Leftovers
|turn|6
|
|switch|p2a: Jirachi|Jirachi|341\/341
|move|p1a: Mercy|Nasty Plot|p1a: Mercy
|-boost|p1a: Mercy|spa|2
|
|turn|7
|
|move|p2a: Jirachi|Iron Head|p1a: Mercy
|-damage|p1a: Mercy|257\/404
|cant|p1a: Mercy|flinch
|
|turn|8
|
|move|p2a: Jirachi|Iron Head|p1a: Mercy
|-damage|p1a: Mercy|130\/404
|cant|p1a: Mercy|flinch
|
|turn|9
|
|move|p2a: Jirachi|Iron Head|p1a: Mercy
|-damage|p1a: Mercy|7\/404
|cant|p1a: Mercy|flinch
|
|turn|10
|
|switch|p1a: Spock|Swampert, F|404\/404
|move|p2a: Jirachi|Iron Head|p1a: Spock
|-resisted|p1a: Spock
|-damage|p1a: Spock|362\/404
|
|-heal|p1a: Spock|387\/404|[from] item: Leftovers
|turn|11
|join|MegaShuckle2015
|
|switch|p2a: Starmie|Starmie|324\/324
|move|p1a: Spock|Earthquake|p2a: Starmie
|-damage|p2a: Starmie|222\/324
|
|-heal|p2a: Starmie|242\/324|[from] item: Leftovers
|-heal|p1a: Spock|404\/404|[from] item: Leftovers
|turn|12
|c| MegaShuckle2015|gg emma wins
|
|move|p2a: Starmie|Scald|p1a: Spock
|-damage|p1a: Spock|301\/404
|move|p1a: Spock|Earthquake|p2a: Starmie
|-damage|p2a: Starmie|139\/324
|
|-heal|p2a: Starmie|159\/324|[from] item: Leftovers
|-heal|p1a: Spock|326\/404|[from] item: Leftovers
|turn|13
|c|âSadPierrot|she always flinch beats me :(
|
|move|p2a: Starmie|Scald|p1a: Spock
|-damage|p1a: Spock|224\/404
|move|p1a: Spock|Earthquake|p2a: Starmie
|-crit|p2a: Starmie
|-damage|p2a: Starmie|3\/324
|
|-heal|p2a: Starmie|23\/324|[from] item: Leftovers
|-heal|p1a: Spock|249\/404|[from] item: Leftovers
|turn|14
|
|move|p2a: Starmie|Recover|p2a: Starmie
|-heal|p2a: Starmie|185\/324
|move|p1a: Spock|Earthquake|p2a: Starmie
|-damage|p2a: Starmie|86\/324
|
|-heal|p2a: Starmie|106\/324|[from] item: Leftovers
|-heal|p1a: Spock|274\/404|[from] item: Leftovers
|turn|15
|
|switch|p1a: Kyla's Nightmare|Yanmega, F|313\/313
|move|p2a: Starmie|Recover|p2a: Starmie
|-heal|p2a: Starmie|268\/324
|
|-heal|p2a: Starmie|288\/324|[from] item: Leftovers
|turn|16
|
|move|p1a: Kyla's Nightmare|Bug Buzz|p2a: Starmie
|-supereffective|p2a: Starmie
|-damage|p2a: Starmie|0 fnt
|-damage|p1a: Kyla's Nightmare|282\/313|[from] item: Life Orb
|faint|p2a: Starmie
|
|-boost|p1a: Kyla's Nightmare|spe|1|[from] ability: Speed Boost
|
|switch|p2a: Diancie|Diancie-Mega|241\/241
|turn|17
|
|move|p1a: Kyla's Nightmare|Giga Drain|p2a: Diancie
|-supereffective|p2a: Diancie
|-damage|p2a: Diancie|25\/241
|-heal|p1a: Kyla's Nightmare|313\/313|[from] drain|[of] p2a: Diancie
|-damage|p1a: Kyla's Nightmare|282\/313|[from] item: Life Orb
|move|p2a: Diancie|Diamond Storm|p1a: Kyla's Nightmare
|-supereffective|p1a: Kyla's Nightmare
|-damage|p1a: Kyla's Nightmare|0 fnt
|-boost|p2a: Diancie|def|1
|faint|p1a: Kyla's Nightmare
|
|
|switch|p1a: Shiva the destroye|Machamp, F|15\/383
|turn|18
|join|CharYSuperSlide
|
|switch|p2a: Machamp|Machamp, F|331\/331
|move|p1a: Shiva the destroye|Bullet Punch|p2a: Machamp
|-damage|p2a: Machamp|241\/331
|
|turn|19
|
|move|p1a: Shiva the destroye|Bullet Punch|p2a: Machamp
|-damage|p2a: Machamp|156\/331
|move|p2a: Machamp|Dynamic Punch|p1a: Shiva the destroye
|-damage|p1a: Shiva the destroye|0 fnt
|faint|p1a: Shiva the destroye
|
|
|switch|p1a: Japanese pornstar|Tentacruel, F|364\/364
|turn|20
|
|move|p1a: Japanese pornstar|Scald|p2a: Machamp
|-damage|p2a: Machamp|101\/331
|move|p2a: Machamp|Dynamic Punch|p1a: Japanese pornstar
|-resisted|p1a: Japanese pornstar
|-damage|p1a: Japanese pornstar|219\/364
|-start|p1a: Japanese pornstar|confusion
|
|-heal|p1a: Japanese pornstar|241\/364|[from] item: Black Sludge
|turn|21
|
|switch|p1a: Mercy|Celebi|7\/404
|move|p2a: Machamp|Knock Off|p1a: Mercy
|-supereffective|p1a: Mercy
|-damage|p1a: Mercy|0 fnt
|-enditem|p1a: Mercy|Weakness Policy|[from] move: Knock Off|[of] p2a: Machamp
|faint|p1a: Mercy
|
|
|switch|p1a: Spock|Swampert, F|274\/404
|turn|22
|
|move|p2a: Machamp|Dynamic Punch|p1a: Spock
|-damage|p1a: Spock|124\/404
|-start|p1a: Spock|confusion
|-activate|p1a: Spock|confusion
|-damage|p1a: Spock|96\/404|[from] confusion
|
|-heal|p1a: Spock|121\/404|[from] item: Leftovers
|turn|23
|
|move|p2a: Machamp|Dynamic Punch|p1a: Spock
|-damage|p1a: Spock|0 fnt
|faint|p1a: Spock
|
|leave|kidd timelapse
|
|switch|p1a: Japanese pornstar|Tentacruel, F|241\/364
|turn|24
|
|move|p1a: Japanese pornstar|Scald|p2a: Machamp
|-damage|p2a: Machamp|43\/331
|move|p2a: Machamp|Dynamic Punch|p1a: Japanese pornstar
|-resisted|p1a: Japanese pornstar
|-damage|p1a: Japanese pornstar|108\/364
|-start|p1a: Japanese pornstar|confusion
|
|-heal|p1a: Japanese pornstar|130\/364|[from] item: Black Sludge
|turn|25
|
|-activate|p1a: Japanese pornstar|confusion
|move|p1a: Japanese pornstar|Scald|p2a: Machamp
|-damage|p2a: Machamp|0 fnt
|faint|p2a: Machamp
|
|-heal|p1a: Japanese pornstar|152\/364|[from] item: Black Sludge
|
|switch|p2a: Diancie|Diancie-Mega|25\/241
|turn|26
|
|move|p2a: Diancie|Earth Power|p1a: Japanese pornstar
|-supereffective|p1a: Japanese pornstar
|-damage|p1a: Japanese pornstar|0 fnt
|faint|p1a: Japanese pornstar
|
|win|Emma Bae