|join|SadPierrot
|join|Luna Bae
|player|p1|SadPierrot|29
|player|p2|Luna Bae|280
|gametype|singles
|gen|6
|tier|UU
|rule|Sleep Clause Mod: Limit one foe put to sleep
|rule|Species Clause: Limit one of each PokÃ©mon
|rule|OHKO Clause: OHKO moves are banned
|rule|Moody Clause: Moody is banned
|rule|Evasion Moves Clause: Evasion moves are banned
|rule|Endless Battle Clause: Forcing endless battles is banned
|rule|HP Percentage Mod: HP is shown in percentages
|clearpoke
|poke|p1|Swampert, F
|poke|p1|Yanmega, M
|poke|p1|Tentacruel, F
|poke|p1|Celebi
|poke|p1|Machamp, F
|poke|p1|Aggron, F
|poke|p2|Chesnaught, F
|poke|p2|Reuniclus, M
|poke|p2|Forretress, F
|poke|p2|Blissey, F
|poke|p2|Suicune
|poke|p2|Crobat, F, shiny
|rule|Swagger Clause: Swagger is banned
|rule|Baton Pass Clause: Limit one PokÃ©mon knowing Baton Pass
|teampreview
|c|âSadPierrot|yikes
|c|âLuna Bae|omg
|
|start
|switch|p1a: Japanese pornstar|Tentacruel, F|364\/364
|switch|p2a: Crobae|Crobat, F, shiny|325\/325
|turn|1
|join|thymetime
|join|Shit User
|
|move|p2a: Crobae|U-turn|p1a: Japanese pornstar
|-resisted|p1a: Japanese pornstar
|-damage|p1a: Japanese pornstar|318\/364
|
|switch|p2a: not luna|Blissey, F|714\/714
|move|p1a: Japanese pornstar|Toxic Spikes|p2a: not luna
|-sidestart|p2: Luna Bae|move: Toxic Spikes
|
|-heal|p1a: Japanese pornstar|340\/364|[from] item: Black Sludge
|turn|2
|
|move|p1a: Japanese pornstar|Toxic Spikes|p2a: not luna
|-sidestart|p2: Luna Bae|move: Toxic Spikes
|move|p2a: not luna|Seismic Toss|p1a: Japanese pornstar
|-damage|p1a: Japanese pornstar|240\/364
|
|-heal|p1a: Japanese pornstar|262\/364|[from] item: Black Sludge
|turn|3
|join|6 agility
|
|switch|p1a: Mercy|Celebi|404\/404
|move|p2a: not luna|Seismic Toss|p1a: Mercy
|-damage|p1a: Mercy|304\/404
|
|turn|4
|
|switch|p2a: Crobae|Crobat, F, shiny|325\/325
|move|p1a: Mercy|Nasty Plot|p1a: Mercy
|-boost|p1a: Mercy|spa|2
|
|turn|5
|
|switch|p1a: Spock|Swampert, F|404\/404
|move|p2a: Crobae|U-turn|p1a: Spock
|-damage|p1a: Spock|350\/404
|
|switch|p2a: Reuniclus|Reuniclus, M|424\/424
|-status|p2a: Reuniclus|tox
|
|-heal|p1a: Spock|375\/404|[from] item: Leftovers
|turn|6
|
|switch|p1a: Shiva the destroye|Machamp, F|383\/383
|move|p2a: Reuniclus|Calm Mind|p2a: Reuniclus
|-boost|p2a: Reuniclus|spa|1
|-boost|p2a: Reuniclus|spd|1
|
|turn|7
|
|move|p1a: Shiva the destroye|Knock Off|p2a: Reuniclus
|-supereffective|p2a: Reuniclus
|-damage|p2a: Reuniclus|84\/424 tox
|-enditem|p2a: Reuniclus|Leftovers|[from] move: Knock Off|[of] p1a: Shiva the destroye
|move|p2a: Reuniclus|Psyshock|p1a: Shiva the destroye
|-supereffective|p1a: Shiva the destroye
|-damage|p1a: Shiva the destroye|0 fnt
|faint|p1a: Shiva the destroye
|
|
|switch|p1a: Kyla's Nightmare|Yanmega, M|313\/313
|turn|8
|
|move|p1a: Kyla's Nightmare|Bug Buzz|p2a: Reuniclus
|-supereffective|p2a: Reuniclus
|-damage|p2a: Reuniclus|0 fnt
|-damage|p1a: Kyla's Nightmare|282\/313|[from] item: Life Orb
|faint|p2a: Reuniclus
|
|-boost|p1a: Kyla's Nightmare|spe|1|[from] ability: Speed Boost
|
|switch|p2a: Crobae|Crobat, F, shiny|325\/325
|turn|9
|
|switch|p1a: Spock|Swampert, F|375\/404
|move|p2a: Crobae|Defog|p1a: Spock
|-unboost|p1a: Spock|evasion|1
|-sideend|p2: Luna Bae|Toxic Spikes|[from] move: Defog|[of] p2a: Crobae
|
|-heal|p1a: Spock|400\/404|[from] item: Leftovers
|turn|10
|
|move|p2a: Crobae|U-turn|p1a: Spock
|-damage|p1a: Spock|352\/404
|
|switch|p2a: Chesnaught|Chesnaught, F|380\/380
|move|p1a: Spock|Scald|p2a: Chesnaught
|-resisted|p2a: Chesnaught
|-damage|p2a: Chesnaught|343\/380
|-status|p2a: Chesnaught|brn
|
|-heal|p2a: Chesnaught|366\/380 brn|[from] item: Leftovers
|-heal|p1a: Spock|377\/404|[from] item: Leftovers
|-damage|p2a: Chesnaught|319\/380 brn|[from] brn
|turn|11
|
|move|p2a: Chesnaught|Spikes|p1a: Spock
|-sidestart|p1: SadPierrot|Spikes
|move|p1a: Spock|Stealth Rock|p2a: Chesnaught
|-sidestart|p2: Luna Bae|move: Stealth Rock
|
|-heal|p2a: Chesnaught|342\/380 brn|[from] item: Leftovers
|-heal|p1a: Spock|402\/404|[from] item: Leftovers
|-damage|p2a: Chesnaught|295\/380 brn|[from] brn
|turn|12
|
|switch|p1a: Mercy|Celebi|304\/404
|-damage|p1a: Mercy|254\/404|[from] Spikes
|move|p2a: Chesnaught|Leech Seed|p1a: Mercy
|-immune|p1a: Mercy|[msg]
|
|-heal|p2a: Chesnaught|318\/380 brn|[from] item: Leftovers
|-damage|p2a: Chesnaught|271\/380 brn|[from] brn
|turn|13
|
|switch|p2a: (.)|Forretress, F|354\/354
|-damage|p2a: (.)|310\/354|[from] Stealth Rock
|move|p1a: Mercy|Psychic|p2a: (.)
|-resisted|p2a: (.)
|-damage|p2a: (.)|226\/354
|
|-heal|p2a: (.)|248\/354|[from] item: Leftovers
|turn|14
|
|move|p1a: Mercy|Nasty Plot|p1a: Mercy
|-boost|p1a: Mercy|spa|2
|move|p2a: (.)|Rapid Spin|p1a: Mercy
|-crit|p1a: Mercy
|-damage|p1a: Mercy|230\/404
|-sideend|p2: Luna Bae|Stealth Rock|[from] move: Rapid Spin|[of] p2a: (.)
|
|-heal|p2a: (.)|270\/354|[from] item: Leftovers
|turn|15
|
|move|p1a: Mercy|Psychic|p2a: (.)
|-resisted|p2a: (.)
|-damage|p2a: (.)|117\/354
|move|p2a: (.)|Gyro Ball|p1a: Mercy
|-damage|p1a: Mercy|152\/404
|
|-heal|p2a: (.)|139\/354|[from] item: Leftovers
|turn|16
|
|switch|p2a: not luna|Blissey, F|714\/714
|move|p1a: Mercy|Nasty Plot|p1a: Mercy
|-boost|p1a: Mercy|spa|2
|
|turn|17
|
|move|p1a: Mercy|Giga Drain|p2a: not luna
|-damage|p2a: not luna|507\/714
|-heal|p1a: Mercy|256\/404|[from] drain|[of] p2a: not luna
|move|p2a: not luna|Seismic Toss|p1a: Mercy
|-damage|p1a: Mercy|156\/404
|
|-heal|p2a: not luna|551\/714|[from] item: Leftovers
|turn|18
|
|move|p1a: Mercy|Nasty Plot|p1a: Mercy
|-boost|p1a: Mercy|spa|2
|move|p2a: not luna|Toxic|p1a: Mercy
|-status|p1a: Mercy|tox
|
|-heal|p2a: not luna|595\/714|[from] item: Leftovers
|-damage|p1a: Mercy|131\/404 tox|[from] psn
|turn|19
|
|move|p1a: Mercy|Giga Drain|p2a: not luna
|-damage|p2a: not luna|340\/714
|-heal|p1a: Mercy|259\/404 tox|[from] drain|[of] p2a: not luna
|move|p2a: not luna|Seismic Toss|p1a: Mercy
|-damage|p1a: Mercy|159\/404 tox
|
|-heal|p2a: not luna|384\/714|[from] item: Leftovers
|-damage|p1a: Mercy|109\/404 tox|[from] psn
|turn|20
|
|switch|p2a: Crobae|Crobat, F, shiny|325\/325
|move|p1a: Mercy|Giga Drain|p2a: Crobae
|-resisted|p2a: Crobae
|-damage|p2a: Crobae|218\/325
|-heal|p1a: Mercy|163\/404 tox|[from] drain|[of] p2a: Crobae
|
|-damage|p1a: Mercy|88\/404 tox|[from] psn
|turn|21
|
|switch|p1a: Spock|Swampert, F|402\/404
|-damage|p1a: Spock|352\/404|[from] Spikes
|move|p2a: Crobae|Acrobatics|p1a: Spock
|-damage|p1a: Spock|226\/404
|
|-heal|p1a: Spock|251\/404|[from] item: Leftovers
|turn|22
|
|move|p2a: Crobae|U-turn|p1a: Spock
|-crit|p1a: Spock
|-damage|p1a: Spock|177\/404
|
|switch|p2a: Chesnaught|Chesnaught, F|271\/380 brn
|move|p1a: Spock|Stealth Rock|p2a: Chesnaught
|-sidestart|p2: Luna Bae|move: Stealth Rock
|
|-heal|p2a: Chesnaught|294\/380 brn|[from] item: Leftovers
|-heal|p1a: Spock|202\/404|[from] item: Leftovers
|-damage|p2a: Chesnaught|247\/380 brn|[from] brn
|turn|23
|
|switch|p1a: Mercy|Celebi|88\/404
|-damage|p1a: Mercy|38\/404|[from] Spikes
|move|p2a: Chesnaught|Toxic|p1a: Mercy
|-status|p1a: Mercy|tox
|
|-heal|p2a: Chesnaught|270\/380 brn|[from] item: Leftovers
|-damage|p1a: Mercy|13\/404 tox|[from] psn
|-damage|p2a: Chesnaught|223\/380 brn|[from] brn
|turn|24
|
|switch|p2a: (.)|Forretress, F|139\/354
|-damage|p2a: (.)|95\/354|[from] Stealth Rock
|move|p1a: Mercy|Psychic|p2a: (.)
|-resisted|p2a: (.)
|-damage|p2a: (.)|8\/354
|
|-heal|p2a: (.)|30\/354|[from] item: Leftovers
|-damage|p1a: Mercy|0 fnt|[from] psn
|faint|p1a: Mercy
|
|switch|p1a: Japanese pornstar|Tentacruel, F|262\/364
|-damage|p1a: Japanese pornstar|217\/364|[from] Spikes
|turn|25
|
|move|p1a: Japanese pornstar|Scald|p2a: (.)
|-damage|p2a: (.)|0 fnt
|faint|p2a: (.)
|
|-heal|p1a: Japanese pornstar|239\/364|[from] item: Black Sludge
|c| Shit User|wtf
|
|switch|p2a: Crobae|Crobat, F, shiny|218\/325
|-damage|p2a: Crobae|137\/325|[from] Stealth Rock
|turn|26
|c|âLuna Bae|?
|c| Shit User|how is reun dead
|c|âLuna Bae|I was too eager
|c| Shit User|how
|
|move|p2a: Crobae|Acrobatics|p1a: Japanese pornstar
|-damage|p1a: Japanese pornstar|28\/364
|move|p1a: Japanese pornstar|Scald|p2a: Crobae
|-damage|p2a: Crobae|37\/325
|
|-heal|p1a: Japanese pornstar|50\/364|[from] item: Black Sludge
|turn|27
|c|âLuna Bae|just set up like turn 3 xD
|c| Shit User|err
|c| Shit User|k
|c| Shit User|ur bad get good
|c|âLuna Bae|y
|c|âLuna Bae|Turn 6
|
|move|p2a: Crobae|Acrobatics|p1a: Japanese pornstar
|-damage|p1a: Japanese pornstar|0 fnt
|faint|p1a: Japanese pornstar
|
|c|âLuna Bae|*
|
|switch|p1a: Kyla's Nightmare|Yanmega, M|282\/313
|turn|28
|
|move|p1a: Kyla's Nightmare|Protect|p1a: Kyla's Nightmare
|-singleturn|p1a: Kyla's Nightmare|Protect
|move|p2a: Crobae|Roost|p2a: Crobae
|-heal|p2a: Crobae|200\/325
|
|-boost|p1a: Kyla's Nightmare|spe|1|[from] ability: Speed Boost
|turn|29
|
|move|p1a: Kyla's Nightmare|Air Slash|p2a: Crobae
|-damage|p2a: Crobae|0 fnt
|-damage|p1a: Kyla's Nightmare|251\/313|[from] item: Life Orb
|faint|p2a: Crobae
|
|-boost|p1a: Kyla's Nightmare|spe|1|[from] ability: Speed Boost
|c| thymetime|rip
|
|switch|p2a: not luna|Blissey, F|384\/714
|-damage|p2a: not luna|295\/714|[from] Stealth Rock
|turn|30
|
|move|p2a: not luna|Protect|p2a: not luna
|-singleturn|p2a: not luna|Protect
|move|p1a: Kyla's Nightmare|Bug Buzz|p2a: not luna
|-activate|p2a: not luna|Protect
|
|-heal|p2a: not luna|339\/714|[from] item: Leftovers
|-boost|p1a: Kyla's Nightmare|spe|1|[from] ability: Speed Boost
|turn|31
|
|move|p1a: Kyla's Nightmare|Bug Buzz|p2a: not luna
|-damage|p2a: not luna|171\/714
|-damage|p1a: Kyla's Nightmare|220\/313|[from] item: Life Orb
|move|p2a: not luna|Wish|p2a: not luna
|
|-heal|p2a: not luna|215\/714|[from] item: Leftovers
|-boost|p1a: Kyla's Nightmare|spe|1|[from] ability: Speed Boost
|turn|32
|
|switch|p1a: Twiggy|Aggron, F|344\/344
|-damage|p1a: Twiggy|301\/344|[from] Spikes
|move|p2a: not luna|Protect|p2a: not luna
|-fail|p2a: not luna
|
|-heal|p2a: not luna|572\/714|[from] move: Wish|[wisher] not luna
|-heal|p2a: not luna|616\/714|[from] item: Leftovers
|turn|33
|
|switch|p2a: rip fish|Suicune|404\/404
|-damage|p2a: rip fish|354\/404|[from] Stealth Rock
|-ability|p2a: rip fish|Pressure
|detailschange|p1a: Twiggy|Aggron-Mega, F
|-mega|p1a: Twiggy|Aggron|Aggronite
|move|p1a: Twiggy|Toxic|p2a: rip fish
|-status|p2a: rip fish|tox
|
|-heal|p2a: rip fish|379\/404 tox|[from] item: Leftovers
|-damage|p2a: rip fish|354\/404 tox|[from] psn
|turn|34
|
|move|p2a: rip fish|Scald|p1a: Twiggy
|-crit|p1a: Twiggy
|-damage|p1a: Twiggy|186\/344
|-status|p1a: Twiggy|brn
|move|p1a: Twiggy|Heavy Slam|p2a: rip fish
|-resisted|p2a: rip fish
|-damage|p2a: rip fish|338\/404 tox
|
|-heal|p2a: rip fish|363\/404 tox|[from] item: Leftovers
|-damage|p2a: rip fish|313\/404 tox|[from] psn
|-damage|p1a: Twiggy|143\/344 brn|[from] brn
|turn|35
|leave|6 agility
|
|switch|p1a: Kyla's Nightmare|Yanmega, M|220\/313
|move|p2a: rip fish|Rest|p2a: rip fish
|-status|p2a: rip fish|slp
|-heal|p2a: rip fish|404\/404 slp|[silent]
|-status|p2a: rip fish|slp|[from] move: Rest
|
|turn|36
|-message|SadPierrot forfeited.
|c|âSadPierrot|need to go
|c|âLuna Bae|o
|c|âLuna Bae|gg c:
|c|âSadPierrot|can't win this anyway
|
|switch|p1a: Spock|Swampert, F|202\/404
|-damage|p1a: Spock|152\/404|[from] Spikes
|switch|p2a: not luna|Blissey, F|616\/714
|-damage|p2a: not luna|527\/714|[from] Stealth Rock
|
|-heal|p2a: not luna|571\/714|[from] item: Leftovers
|-heal|p1a: Spock|177\/404|[from] item: Leftovers
|turn|37
|
|win|Luna Bae
|c|âSadPierrot|gg
|leave|SadPierrot
|player|p1