|join|uphaze
|join|shaaaaaaaarrrrkkkk
|player|p1|uphaze|87
|player|p2|shaaaaaaaarrrrkkkk|214
|gametype|singles
|gen|6
|tier|ORAS OU
|rated
|rule|Sleep Clause Mod: Limit one foe put to sleep
|rule|Species Clause: Limit one of each PokÃ©mon
|rule|OHKO Clause: OHKO moves are banned
|rule|Moody Clause: Moody is banned
|rule|Evasion Moves Clause: Evasion moves are banned
|rule|Endless Battle Clause: Forcing endless battles is banned
|rule|HP Percentage Mod: HP is shown in percentages
|clearpoke
|poke|p1|Politoed, F
|poke|p1|Omastar, F
|poke|p1|Gothitelle, M
|poke|p1|Qwilfish, M
|poke|p1|Seismitoad, F
|poke|p1|Toxicroak, F
|poke|p2|Sharpedo, M
|poke|p2|Landorus-Therian, M
|poke|p2|Magnezone
|poke|p2|Garchomp, M
|poke|p2|Greninja, M
|poke|p2|Latias, F
|rule|Swagger Clause: Swagger is banned
|rule|Baton Pass Clause: Limit one PokÃ©mon knowing Baton Pass
|teampreview
|
|start
|switch|p1a: Politoed|Politoed, F|322\/322
|switch|p2a: Landorus-Therian|Landorus-Therian, M|382\/382
|-ability|p2a: Landorus-Therian|Intimidate|[of] p1a: Politoed
|-unboost|p1a: Politoed|atk|1
|-weather|RainDance
|turn|1
|
|switch|p1a: Seismitoad|Seismitoad, F|351\/351
|move|p2a: Landorus-Therian|U-turn|p1a: Seismitoad
|-damage|p1a: Seismitoad|265\/351
|
|switch|p2a: Sharpedo|Sharpedo, M|281\/281
|
|-weather|RainDance|[upkeep]
|turn|2
|
|move|p1a: Seismitoad|Stealth Rock|p2a: Sharpedo
|-sidestart|p2: shaaaaaaaarrrrkkkk|move: Stealth Rock
|move|p2a: Sharpedo|Waterfall|p1a: Seismitoad
|-damage|p1a: Seismitoad|0 fnt
|faint|p1a: Seismitoad
|
|-weather|RainDance|[upkeep]
|-boost|p2a: Sharpedo|spe|1|[from] ability: Speed Boost
|
|switch|p1a: Omastar|Omastar, F|288\/288
|turn|3
|
|move|p2a: Sharpedo|Waterfall|p1a: Omastar
|-crit|p1a: Omastar
|-damage|p1a: Omastar|35\/288
|cant|p1a: Omastar|flinch
|
|-weather|RainDance|[upkeep]
|-boost|p2a: Sharpedo|spe|1|[from] ability: Speed Boost
|turn|4
|c|âuphaze|........................................................................................
|
|switch|p1a: Toxicroak|Toxicroak, F|308\/308
|detailschange|p2a: Sharpedo|Sharpedo-Mega, M
|message|Sharpedo has Mega Evolved into Mega Sharpedo!
|move|p2a: Sharpedo|Waterfall|p1a: Toxicroak
|-immune|p1a: Toxicroak|[msg]
|
|-weather|RainDance|[upkeep]
|turn|5
|c|âshaaaaaaaarrrrkkkk|sssssssshhhhhhhhhhhhhhhhhaaaaaaaark
|
|switch|p2a: Landorus-Therian|Landorus-Therian, M|382\/382
|-damage|p2a: Landorus-Therian|335\/382|[from] Stealth Rock
|-ability|p2a: Landorus-Therian|Intimidate|[of] p1a: Toxicroak
|-unboost|p1a: Toxicroak|atk|1
|move|p1a: Toxicroak|Drain Punch|p2a: Landorus-Therian
|-resisted|p2a: Landorus-Therian
|-damage|p2a: Landorus-Therian|293\/382
|-damage|p1a: Toxicroak|278\/308|[from] item: Life Orb
|
|-weather|RainDance|[upkeep]
|-heal|p1a: Toxicroak|308\/308|[from] ability: Dry Skin
|-heal|p2a: Landorus-Therian|316\/382|[from] item: Leftovers
|turn|6
|
|switch|p1a: Omastar|Omastar, F|35\/288
|move|p2a: Landorus-Therian|Stealth Rock|p1a: Omastar
|-sidestart|p1: uphaze|move: Stealth Rock
|
|-weather|RainDance|[upkeep]
|-heal|p2a: Landorus-Therian|339\/382|[from] item: Leftovers
|turn|7
|
|switch|p2a: Latias|Latias, F|301\/301
|-damage|p2a: Latias|264\/301|[from] Stealth Rock
|move|p1a: Omastar|Surf|p2a: Latias
|-resisted|p2a: Latias
|-damage|p2a: Latias|147\/301
|-damage|p1a: Omastar|7\/288|[from] item: Life Orb
|
|-weather|RainDance|[upkeep]
|-heal|p2a: Latias|165\/301|[from] item: Leftovers
|turn|8
|
|switch|p2a: Magnezone|Magnezone|281\/281
|-damage|p2a: Magnezone|264\/281|[from] Stealth Rock
|move|p1a: Omastar|Ice Beam|p2a: Magnezone
|-resisted|p2a: Magnezone
|-damage|p2a: Magnezone|187\/281
|-damage|p1a: Omastar|0 fnt|[from] item: Life Orb
|faint|p1a: Omastar
|
|-weather|none
|
|switch|p1a: Politoed|Politoed, F|322\/322
|-damage|p1a: Politoed|282\/322|[from] Stealth Rock
|-weather|RainDance
|turn|9
|
|switch|p1a: Gothitelle|Gothitelle, M|286\/286
|-damage|p1a: Gothitelle|251\/286|[from] Stealth Rock
|move|p2a: Magnezone|Volt Switch|p1a: Gothitelle
|-damage|p1a: Gothitelle|64\/286
|
|switch|p2a: Sharpedo|Sharpedo-Mega, M|281\/281
|-damage|p2a: Sharpedo|246\/281|[from] Stealth Rock
|
|-weather|RainDance|[upkeep]
|turn|10
|
|move|p2a: Sharpedo|Crunch|p1a: Gothitelle
|-crit|p1a: Gothitelle
|-supereffective|p1a: Gothitelle
|-damage|p1a: Gothitelle|0 fnt
|faint|p1a: Gothitelle
|
|-weather|RainDance|[upkeep]
|
|switch|p1a: Toxicroak|Toxicroak, F|308\/308
|-damage|p1a: Toxicroak|289\/308|[from] Stealth Rock
|turn|11
|
|switch|p2a: Landorus-Therian|Landorus-Therian, M|339\/382
|-damage|p2a: Landorus-Therian|292\/382|[from] Stealth Rock
|-ability|p2a: Landorus-Therian|Intimidate|[of] p1a: Toxicroak
|-unboost|p1a: Toxicroak|atk|1
|switch|p1a: Qwilfish|Qwilfish, M|272\/272
|-damage|p1a: Qwilfish|238\/272|[from] Stealth Rock
|
|-weather|RainDance|[upkeep]
|-heal|p2a: Landorus-Therian|315\/382|[from] item: Leftovers
|turn|12
|
|move|p1a: Qwilfish|Waterfall|p2a: Landorus-Therian
|-supereffective|p2a: Landorus-Therian
|-damage|p2a: Landorus-Therian|0 fnt
|-damage|p1a: Qwilfish|211\/272|[from] item: Life Orb
|faint|p2a: Landorus-Therian
|
|-weather|RainDance|[upkeep]
|
|switch|p2a: Latias|Latias, F|165\/301
|-damage|p2a: Latias|128\/301|[from] Stealth Rock
|turn|13
|
|move|p1a: Qwilfish|Poison Jab|p2a: Latias
|-damage|p2a: Latias|0 fnt
|-damage|p1a: Qwilfish|184\/272|[from] item: Life Orb
|faint|p2a: Latias
|
|-weather|RainDance|[upkeep]
|
|switch|p2a: Magnezone|Magnezone|187\/281
|-damage|p2a: Magnezone|170\/281|[from] Stealth Rock
|turn|14
|
|move|p1a: Qwilfish|Waterfall|p2a: Magnezone
|-damage|p2a: Magnezone|0 fnt
|-damage|p1a: Qwilfish|157\/272|[from] item: Life Orb
|faint|p2a: Magnezone
|
|-weather|RainDance|[upkeep]
|
|switch|p2a: Sharpedo|Sharpedo-Mega, M|246\/281
|-damage|p2a: Sharpedo|211\/281|[from] Stealth Rock
|turn|15
|
|move|p2a: Sharpedo|Protect|p2a: Sharpedo
|-singleturn|p2a: Sharpedo|Protect
|move|p1a: Qwilfish|Poison Jab|p2a: Sharpedo
|-activate|p2a: Sharpedo|Protect
|
|-weather|RainDance|[upkeep]
|turn|16
|
|move|p1a: Qwilfish|Waterfall|p2a: Sharpedo
|-resisted|p2a: Sharpedo
|-damage|p2a: Sharpedo|47\/281
|-damage|p1a: Qwilfish|130\/272|[from] item: Life Orb
|move|p2a: Sharpedo|Crunch|p1a: Qwilfish
|-damage|p1a: Qwilfish|0 fnt
|faint|p1a: Qwilfish
|
|-weather|none
|
|switch|p1a: Politoed|Politoed, F|282\/322
|-damage|p1a: Politoed|242\/322|[from] Stealth Rock
|-weather|RainDance
|turn|17
|
|switch|p1a: Toxicroak|Toxicroak, F|289\/308
|-damage|p1a: Toxicroak|270\/308|[from] Stealth Rock
|move|p2a: Sharpedo|Crunch|p1a: Toxicroak
|-resisted|p1a: Toxicroak
|-damage|p1a: Toxicroak|90\/308
|
|-weather|RainDance|[upkeep]
|-heal|p1a: Toxicroak|128\/308|[from] ability: Dry Skin
|turn|18
|
|move|p1a: Toxicroak|Protect|p1a: Toxicroak
|-singleturn|p1a: Toxicroak|Protect
|move|p2a: Sharpedo|Crunch|p1a: Toxicroak
|-activate|p1a: Toxicroak|Protect
|
|-weather|RainDance|[upkeep]
|-heal|p1a: Toxicroak|166\/308|[from] ability: Dry Skin
|turn|19
|
|move|p1a: Toxicroak|Sucker Punch|p2a: Sharpedo
|-resisted|p2a: Sharpedo
|-damage|p2a: Sharpedo|0 fnt
|-damage|p1a: Toxicroak|136\/308|[from] item: Life Orb
|faint|p2a: Sharpedo
|
|-weather|RainDance|[upkeep]
|-heal|p1a: Toxicroak|174\/308|[from] ability: Dry Skin
|
|switch|p2a: Greninja|Greninja, M|285\/285
|-damage|p2a: Greninja|250\/285|[from] Stealth Rock
|turn|20
|
|move|p1a: Toxicroak|Protect|p1a: Toxicroak
|-singleturn|p1a: Toxicroak|Protect
|move|p2a: Greninja|Dark Pulse|p1a: Toxicroak
|-start|p2a: Greninja|typechange|Dark|[from] Protean
|-activate|p1a: Toxicroak|Protect
|
|-weather|RainDance|[upkeep]
|-heal|p1a: Toxicroak|212\/308|[from] ability: Dry Skin
|turn|21
|
|move|p1a: Toxicroak|Protect|p1a: Toxicroak
|-singleturn|p1a: Toxicroak|Protect
|move|p2a: Greninja|Dark Pulse|p1a: Toxicroak
|-activate|p1a: Toxicroak|Protect
|
|-weather|RainDance|[upkeep]
|-heal|p1a: Toxicroak|250\/308|[from] ability: Dry Skin
|turn|22
|c|âuphaze|no protean
|c|âuphaze|that's nice
|c|âuphaze|oh yes i didn't see
|
|move|p2a: Greninja|Dark Pulse|p1a: Toxicroak
|-resisted|p1a: Toxicroak
|-damage|p1a: Toxicroak|141\/308
|-damage|p2a: Greninja|222\/285|[from] item: Life Orb
|move|p1a: Toxicroak|Drain Punch|p2a: Greninja
|-supereffective|p2a: Greninja
|-damage|p2a: Greninja|0 fnt
|-heal|p1a: Toxicroak|252\/308|[from] drain|[of] p2a: Greninja
|-damage|p1a: Toxicroak|222\/308|[from] item: Life Orb
|faint|p2a: Greninja
|
|-weather|RainDance|[upkeep]
|-heal|p1a: Toxicroak|260\/308|[from] ability: Dry Skin
|
|switch|p2a: Garchomp|Garchomp, M|357\/357
|-damage|p2a: Garchomp|335\/357|[from] Stealth Rock
|turn|23
|
|move|p1a: Toxicroak|Sucker Punch|p2a: Garchomp
|-damage|p2a: Garchomp|218\/357
|-damage|p1a: Toxicroak|222\/308|[from] ability: Rough Skin|[of] p2a: Garchomp
|-damage|p1a: Toxicroak|192\/308|[from] item: Life Orb
|move|p2a: Garchomp|Outrage|p1a: Toxicroak
|-damage|p1a: Toxicroak|0 fnt
|faint|p1a: Toxicroak
|
|-weather|RainDance|[upkeep]
|
|switch|p1a: Politoed|Politoed, F|242\/322
|-damage|p1a: Politoed|202\/322|[from] Stealth Rock
|turn|24
|
|move|p2a: Garchomp|Outrage|p1a: Politoed
|-damage|p1a: Politoed|27\/322
|move|p1a: Politoed|Scald|p2a: Garchomp
|-damage|p2a: Garchomp|61\/357
|
|-end|p2a: Garchomp|rampage
|-start|p2a: Garchomp|confusion
|-weather|none
|turn|25
|c|âshaaaaaaaarrrrkkkk|gg
|
|move|p1a: Politoed|Protect|p1a: Politoed
|-singleturn|p1a: Politoed|Protect
|-activate|p2a: Garchomp|confusion
|-damage|p2a: Garchomp|6\/357|[from] confusion
|
|turn|26
|
|move|p1a: Politoed|Protect|p1a: Politoed
|-singleturn|p1a: Politoed|Protect
|-activate|p2a: Garchomp|confusion
|move|p2a: Garchomp|Outrage|p1a: Politoed
|-activate|p1a: Politoed|Protect
|
|turn|27
|
|move|p1a: Politoed|Protect|p1a: Politoed
|-fail|p1a: Politoed
|-activate|p2a: Garchomp|confusion
|-damage|p2a: Garchomp|0 fnt|[from] confusion
|faint|p2a: Garchomp
|
|win|uphaze
|raw|Ladder updating...
|raw|uphaze's rating: 1027 &rarr; <strong>1060<\/strong><br \/>(+33 for winning)
|raw|shaaaaaaaarrrrkkkk's rating: 1000 &rarr; <strong>1000<\/strong><br \/>(+0 for losing)
|c|âuphaze|gg
|c|âshaaaaaaaarrrrkkkk|gg
|c|âuphaze|lol