|join|uphaze
|join|Hashtag GetRekt
|player|p1|uphaze|87
|player|p2|Hashtag GetRekt|153
|gametype|singles
|gen|6
|tier|OU
|rated
|clearpoke
|poke|p1|Diancie
|poke|p1|Gengar, M
|poke|p1|Kyurem-Black
|poke|p1|Heatran, F
|poke|p1|Raikou
|poke|p1|Talonflame, F
|poke|p2|Sableye, M
|poke|p2|Excadrill, M
|poke|p2|Manaphy
|poke|p2|Gliscor, M
|poke|p2|Talonflame, M
|poke|p2|Clefable, M
|rule|Swagger Clause: Swagger is banned
|rule|Baton Pass Clause: Limit one PokÃ©mon knowing Baton Pass
|rule|Sleep Clause Mod: Limit one foe put to sleep
|rule|Species Clause: Limit one of each PokÃ©mon
|rule|OHKO Clause: OHKO moves are banned
|rule|Moody Clause: Moody is banned
|rule|Evasion Moves Clause: Evasion moves are banned
|rule|Endless Battle Clause: Forcing endless battles is banned
|rule|HP Percentage Mod: HP is shown in percentages
|teampreview
|
|start
|switch|p1a: Heatran|Heatran, F|323\/323
|switch|p2a: Sableye|Sableye, M|303\/303
|-item|p1a: Heatran|Air Balloon
|turn|1
|
|switch|p1a: Diancie|Diancie|241\/241
|detailschange|p2a: Sableye|Sableye-Mega, M
|message|Sableye has Mega Evolved into Mega Sableye!
|move|p2a: Sableye|Knock Off|p1a: Diancie
|-resisted|p1a: Diancie
|-damage|p1a: Diancie|216\/241
|
|turn|2
|
|switch|p2a: Excadrill|Excadrill, M|424\/424
|-ability|p2a: Excadrill|Mold Breaker
|detailschange|p1a: Diancie|Diancie-Mega
|message|Diancie has Mega Evolved into Mega Diancie!
|move|p1a: Diancie|Hidden Power|p2a: Excadrill
|-supereffective|p2a: Excadrill
|-damage|p2a: Excadrill|278\/424
|
|-heal|p2a: Excadrill|304\/424|[from] item: Leftovers
|turn|3
|
|switch|p1a: Heatran|Heatran, F|323\/323
|-item|p1a: Heatran|Air Balloon
|move|p2a: Excadrill|Iron Head|p1a: Heatran
|-resisted|p1a: Heatran
|-damage|p1a: Heatran|294\/323
|-enditem|p1a: Heatran|Air Balloon
|
|-heal|p2a: Excadrill|330\/424|[from] item: Leftovers
|turn|4
|
|move|p1a: Heatran|Stealth Rock|p2a: Excadrill
|-sidestart|p2: Hashtag GetRekt|move: Stealth Rock
|move|p2a: Excadrill|Earthquake|p1a: Heatran
|-supereffective|p1a: Heatran
|-damage|p1a: Heatran|0 fnt
|faint|p1a: Heatran
|
|-heal|p2a: Excadrill|356\/424|[from] item: Leftovers
|
|switch|p1a: Talonflame|Talonflame, F|298\/298
|turn|5
|
|move|p1a: Talonflame|Flare Blitz|p2a: Excadrill
|-supereffective|p2a: Excadrill
|-damage|p2a: Excadrill|0 fnt
|-damage|p1a: Talonflame|181\/298|[from] recoil|[of] p2a: Excadrill
|faint|p2a: Excadrill
|
|
|switch|p2a: Manaphy|Manaphy|401\/401
|-damage|p2a: Manaphy|351\/401|[from] Stealth Rock
|turn|6
|
|switch|p1a: Kyurem-Black|Kyurem-Black|391\/391
|-ability|p1a: Kyurem-Black|Teravolt
|move|p2a: Manaphy|U-turn|p1a: Kyurem-Black
|-crit|p1a: Kyurem-Black
|-damage|p1a: Kyurem-Black|307\/391
|
|switch|p2a: Clefable|Clefable, M|393\/393
|-damage|p2a: Clefable|344\/393|[from] Stealth Rock
|
|-heal|p2a: Clefable|368\/393|[from] item: Leftovers
|turn|7
|
|move|p1a: Kyurem-Black|Ice Beam|p2a: Clefable
|-damage|p2a: Clefable|142\/393
|-damage|p1a: Kyurem-Black|268\/391|[from] item: Life Orb
|move|p2a: Clefable|Moonblast|p1a: Kyurem-Black
|-supereffective|p1a: Kyurem-Black
|-damage|p1a: Kyurem-Black|50\/391
|
|-heal|p2a: Clefable|166\/393|[from] item: Leftovers
|turn|8
|
|switch|p2a: Manaphy|Manaphy|351\/401
|-damage|p2a: Manaphy|301\/401|[from] Stealth Rock
|move|p1a: Kyurem-Black|Fusion Bolt|p2a: Manaphy
|-supereffective|p2a: Manaphy
|-damage|p2a: Manaphy|2\/401
|-damage|p1a: Kyurem-Black|11\/391|[from] item: Life Orb
|
|-heal|p2a: Manaphy|27\/401|[from] item: Leftovers
|turn|9
|
|move|p1a: Kyurem-Black|Ice Beam|p2a: Manaphy
|-resisted|p2a: Manaphy
|-damage|p2a: Manaphy|0 fnt
|-damage|p1a: Kyurem-Black|0 fnt|[from] item: Life Orb
|faint|p2a: Manaphy
|faint|p1a: Kyurem-Black
|
|
|switch|p1a: Diancie|Diancie-Mega|216\/241
|switch|p2a: Sableye|Sableye-Mega, M|303\/303
|-damage|p2a: Sableye|266\/303|[from] Stealth Rock
|turn|10
|
|move|p1a: Diancie|Moonblast|p2a: Sableye
|-crit|p2a: Sableye
|-supereffective|p2a: Sableye
|-damage|p2a: Sableye|0 fnt
|faint|p2a: Sableye
|
|
|switch|p2a: Talonflame|Talonflame, M|345\/345
|-damage|p2a: Talonflame|173\/345|[from] Stealth Rock
|turn|11
|
|move|p1a: Diancie|Protect|p1a: Diancie
|-singleturn|p1a: Diancie|Protect
|move|p2a: Talonflame|Brave Bird|p1a: Diancie
|-activate|p1a: Diancie|Protect
|
|-heal|p2a: Talonflame|194\/345|[from] item: Leftovers
|turn|12
|
|switch|p1a: Raikou|Raikou|322\/322
|-ability|p1a: Raikou|Pressure
|move|p2a: Talonflame|Brave Bird|p1a: Raikou
|-resisted|p1a: Raikou
|-damage|p1a: Raikou|216\/322
|-damage|p2a: Talonflame|159\/345|[from] recoil|[of] p1a: Raikou
|
|-heal|p2a: Talonflame|180\/345|[from] item: Leftovers
|turn|13
|
|switch|p2a: Gliscor|Gliscor, M|353\/353
|-damage|p2a: Gliscor|309\/353|[from] Stealth Rock
|move|p1a: Raikou|Hidden Power|p2a: Gliscor
|-supereffective|p2a: Gliscor
|-damage|p2a: Gliscor|0 fnt
|faint|p2a: Gliscor
|
|-message|Hashtag GetRekt forfeited.
|leave|Hashtag GetRekt
|
|win|uphaze
|raw|Ladder updating...
|player|p2