|join|quiladinftw
|join|uphaze
|player|p1|quiladinftw|2
|player|p2|uphaze|87
|gametype|singles
|gen|6
|tier|OU
|rated
|clearpoke
|poke|p1|Azumarill, F
|poke|p1|Latias, F
|poke|p1|Medicham, F
|poke|p1|Excadrill, F
|poke|p1|Tyranitar, M
|poke|p1|Garchomp, F
|poke|p2|Diancie
|poke|p2|Gengar, F
|poke|p2|Kyurem-Black
|poke|p2|Excadrill, M
|poke|p2|Raikou
|poke|p2|Talonflame, F
|rule|Swagger Clause: Swagger is banned
|rule|Baton Pass Clause: Limit one PokÃ©mon knowing Baton Pass
|rule|Sleep Clause Mod: Limit one foe put to sleep
|rule|Species Clause: Limit one of each PokÃ©mon
|rule|OHKO Clause: OHKO moves are banned
|rule|Moody Clause: Moody is banned
|rule|Evasion Moves Clause: Evasion moves are banned
|rule|Endless Battle Clause: Forcing endless battles is banned
|rule|HP Percentage Mod: HP is shown in percentages
|teampreview
|
|start
|switch|p1a: lets get it|Tyranitar, M|367\/367
|switch|p2a: Diancie|Diancie|241\/241
|-weather|Sandstorm
|turn|1
|
|detailschange|p2a: Diancie|Diancie-Mega
|message|Diancie has Mega Evolved into Mega Diancie!
|move|p2a: Diancie|Protect|p2a: Diancie
|-singleturn|p2a: Diancie|Protect
|move|p1a: lets get it|Earthquake|p2a: Diancie
|-activate|p2a: Diancie|Protect
|
|-weather|Sandstorm|[upkeep]
|turn|2
|
|move|p2a: Diancie|Moonblast|p1a: lets get it
|-supereffective|p1a: lets get it
|-damage|p1a: lets get it|115\/367
|move|p1a: lets get it|Earthquake|p2a: Diancie
|-supereffective|p2a: Diancie
|-damage|p2a: Diancie|19\/241
|
|-weather|Sandstorm|[upkeep]
|turn|3
|
|switch|p1a: blades|Excadrill, F|362\/362
|-item|p1a: blades|Air Balloon
|move|p2a: Diancie|Hidden Power|p1a: blades
|-supereffective|p1a: blades
|-damage|p1a: blades|136\/362
|-enditem|p1a: blades|Air Balloon
|
|-weather|Sandstorm|[upkeep]
|turn|4
|
|move|p2a: Diancie|Protect|p2a: Diancie
|-singleturn|p2a: Diancie|Protect
|move|p1a: blades|Iron Head|p2a: Diancie
|-activate|p2a: Diancie|Protect
|
|-weather|Sandstorm|[upkeep]
|turn|5
|
|switch|p2a: Excadrill|Excadrill, M|361\/361
|-ability|p2a: Excadrill|Mold Breaker
|move|p1a: blades|Iron Head|p2a: Excadrill
|-resisted|p2a: Excadrill
|-damage|p2a: Excadrill|229\/361
|
|-weather|Sandstorm|[upkeep]
|turn|6
|
|switch|p2a: Gengar|Gengar, F|262\/262
|move|p1a: blades|Earthquake|p2a: Gengar
|-immune|p2a: Gengar|[msg]
|
|-weather|Sandstorm|[upkeep]
|-damage|p2a: Gengar|246\/262|[from] Sandstorm
|turn|7
|
|move|p1a: blades|Earthquake|p2a: Gengar
|-immune|p2a: Gengar|[msg]
|move|p2a: Gengar|Giga Drain|p1a: blades
|-damage|p1a: blades|0 fnt
|-heal|p2a: Gengar|262\/262|[from] drain|[of] p1a: blades
|-damage|p2a: Gengar|236\/262|[from] item: Life Orb
|faint|p1a: blades
|
|-weather|Sandstorm|[upkeep]
|-damage|p2a: Gengar|220\/262|[from] Sandstorm
|
|switch|p1a: lets get it|Tyranitar, M|115\/367
|turn|8
|
|move|p2a: Gengar|Giga Drain|p1a: lets get it
|-supereffective|p1a: lets get it
|-damage|p1a: lets get it|0 fnt
|-heal|p2a: Gengar|262\/262|[from] drain|[of] p1a: lets get it
|-damage|p2a: Gengar|236\/262|[from] item: Life Orb
|faint|p1a: lets get it
|
|-weather|none
|
|switch|p1a: land shark|Garchomp, F|358\/358
|turn|9
|
|move|p1a: land shark|Outrage|p2a: Gengar
|-damage|p2a: Gengar|0 fnt
|faint|p2a: Gengar
|
|
|switch|p2a: Diancie|Diancie-Mega|19\/241
|turn|10
|
|move|p1a: land shark|Outrage|p2a: Diancie
|-immune|p2a: Diancie|[msg]
|move|p2a: Diancie|Moonblast|p1a: land shark
|-supereffective|p1a: land shark
|-damage|p1a: land shark|0 fnt
|faint|p1a: land shark
|
|
|switch|p1a: reborn|Azumarill, F|364\/364
|turn|11
|
|switch|p2a: Kyurem-Black|Kyurem-Black|391\/391
|-ability|p2a: Kyurem-Black|Teravolt
|move|p1a: reborn|Aqua Jet|p2a: Kyurem-Black
|-resisted|p2a: Kyurem-Black
|-damage|p2a: Kyurem-Black|343\/391
|
|turn|12
|
|switch|p1a: first class|Latias, F|322\/322
|move|p2a: Kyurem-Black|Fusion Bolt|p1a: first class
|-resisted|p1a: first class
|-damage|p1a: first class|234\/322
|-damage|p2a: Kyurem-Black|304\/391|[from] item: Life Orb
|
|turn|13
|
|switch|p2a: Diancie|Diancie-Mega|19\/241
|move|p1a: first class|Psyshock|p2a: Diancie
|-damage|p2a: Diancie|0 fnt
|-damage|p1a: first class|202\/322|[from] item: Life Orb
|faint|p2a: Diancie
|
|
|switch|p2a: Excadrill|Excadrill, M|229\/361
|-ability|p2a: Excadrill|Mold Breaker
|turn|14
|
|move|p1a: first class|Draco Meteor|p2a: Excadrill
|-resisted|p2a: Excadrill
|-damage|p2a: Excadrill|56\/361
|-unboost|p1a: first class|spa|2
|-damage|p1a: first class|170\/322|[from] item: Life Orb
|move|p2a: Excadrill|Stealth Rock|p1a: first class
|-sidestart|p1: quiladinftw|move: Stealth Rock
|
|turn|15
|
|move|p1a: first class|Recover|p1a: first class
|-heal|p1a: first class|322\/322
|move|p2a: Excadrill|Earthquake|p1a: first class
|-damage|p1a: first class|94\/322
|
|turn|16
|
|move|p1a: first class|Hidden Power|p2a: Excadrill
|-supereffective|p2a: Excadrill
|-damage|p2a: Excadrill|0 fnt
|-damage|p1a: first class|62\/322|[from] item: Life Orb
|faint|p2a: Excadrill
|
|
|switch|p2a: Talonflame|Talonflame, F|298\/298
|turn|17
|
|move|p2a: Talonflame|U-turn|p1a: first class
|-supereffective|p1a: first class
|-damage|p1a: first class|0 fnt
|faint|p1a: first class
|
|switch|p2a: Raikou|Raikou|322\/322
|-ability|p2a: Raikou|Pressure
|
|
|switch|p1a: leave|Medicham, F|261\/261
|-damage|p1a: leave|245\/261|[from] Stealth Rock
|turn|18
|
|detailschange|p1a: leave|Medicham-Mega, F
|message|Medicham has Mega Evolved into Mega Medicham!
|move|p2a: Raikou|Shadow Ball|p1a: leave
|-supereffective|p1a: leave
|-damage|p1a: leave|39\/261
|move|p1a: leave|Drain Punch|p2a: Raikou
|-crit|p2a: Raikou
|-damage|p2a: Raikou|0 fnt
|-heal|p1a: leave|200\/261|[from] drain|[of] p2a: Raikou
|faint|p2a: Raikou
|
|
|switch|p2a: Talonflame|Talonflame, F|298\/298
|turn|19
|
|move|p2a: Talonflame|Brave Bird|p1a: leave
|-supereffective|p1a: leave
|-damage|p1a: leave|0 fnt
|-damage|p2a: Talonflame|232\/298|[from] recoil|[of] p1a: leave
|faint|p1a: leave
|
|
|switch|p1a: reborn|Azumarill, F|364\/364
|-damage|p1a: reborn|319\/364|[from] Stealth Rock
|turn|20
|
|move|p2a: Talonflame|Brave Bird|p1a: reborn
|-damage|p1a: reborn|58\/364
|-damage|p2a: Talonflame|146\/298|[from] recoil|[of] p1a: reborn
|-enditem|p1a: reborn|Sitrus Berry|[eat]
|-heal|p1a: reborn|149\/364|[from] item: Sitrus Berry
|move|p1a: reborn|Aqua Jet|p2a: Talonflame
|-supereffective|p2a: Talonflame
|-damage|p2a: Talonflame|0 fnt
|faint|p2a: Talonflame
|
|
|switch|p2a: Kyurem-Black|Kyurem-Black|304\/391
|-ability|p2a: Kyurem-Black|Teravolt
|turn|21
|
|move|p2a: Kyurem-Black|Fusion Bolt|p1a: reborn
|-supereffective|p1a: reborn
|-damage|p1a: reborn|0 fnt
|-damage|p2a: Kyurem-Black|265\/391|[from] item: Life Orb
|faint|p1a: reborn
|
|win|uphaze
|raw|Ladder updating...
|leave|quiladinftw
|player|p1
|raw|Ladder (probably) updated, but score could not be retrieved (timeout).
|raw|Ladder (probably) updated, but score could not be retrieved (Error: socket hang up).