|join|Zodiac12
|join|uphaze
|player|p1|Zodiac12|250
|player|p2|uphaze|87
|gametype|singles
|gen|6
|tier|OU
|rated
|clearpoke
|poke|p1|Heatran, F
|poke|p1|Landorus-Therian, M
|poke|p1|Ferrothorn, F
|poke|p1|Sylveon, M
|poke|p1|Slowbro, F
|poke|p1|Medicham, M
|poke|p2|Politoed, M
|poke|p2|Omastar, M
|poke|p2|Ferrothorn, M
|poke|p2|Qwilfish, F
|poke|p2|Seismitoad, M
|poke|p2|Ludicolo, F
|rule|Swagger Clause: Swagger is banned
|rule|Baton Pass Clause: Limit one PokÃ©mon knowing Baton Pass
|rule|Sleep Clause Mod: Limit one foe put to sleep
|rule|Species Clause: Limit one of each PokÃ©mon
|rule|OHKO Clause: OHKO moves are banned
|rule|Moody Clause: Moody is banned
|rule|Evasion Moves Clause: Evasion moves are banned
|rule|Endless Battle Clause: Forcing endless battles is banned
|rule|HP Percentage Mod: HP is shown in percentages
|teampreview
|
|start
|switch|p1a: Medicham|Medicham, M|261\/261
|switch|p2a: Politoed|Politoed, M|384\/384
|-weather|RainDance
|turn|1
|
|switch|p2a: Qwilfish|Qwilfish, F|272\/272
|detailschange|p1a: Medicham|Medicham-Mega, M
|message|Medicham has Mega Evolved into Mega Medicham!
|move|p1a: Medicham|High Jump Kick|p2a: Qwilfish
|-resisted|p2a: Qwilfish
|-damage|p2a: Qwilfish|24\/272
|
|-weather|RainDance|[upkeep]
|turn|2
|
|move|p2a: Qwilfish|Destiny Bond|p2a: Qwilfish
|-singlemove|p2a: Qwilfish|Destiny Bond
|move|p1a: Medicham|Zen Headbutt|p2a: Qwilfish
|-supereffective|p2a: Qwilfish
|-damage|p2a: Qwilfish|0 fnt
|faint|p2a: Qwilfish
|-activate|p2a: Qwilfish|Destiny Bond
|faint|p1a: Medicham
|
|-weather|RainDance|[upkeep]
|
|switch|p2a: Seismitoad|Seismitoad, M|351\/351
|switch|p1a: Slowbro|Slowbro, F|394\/394
|turn|3
|c|âZodiac12|dat was annoyinh
|
|move|p2a: Seismitoad|Stealth Rock|p1a: Slowbro
|-sidestart|p1: Zodiac12|move: Stealth Rock
|move|p1a: Slowbro|Toxic|p2a: Seismitoad|[miss]
|-miss|p1a: Slowbro|p2a: Seismitoad
|
|-weather|RainDance|[upkeep]
|turn|4
|
|switch|p2a: Ferrothorn|Ferrothorn, M|352\/352
|move|p1a: Slowbro|Toxic|p2a: Ferrothorn
|-fail|p2a: Ferrothorn
|
|-weather|RainDance|[upkeep]
|turn|5
|
|switch|p1a: Ferrothorn|Ferrothorn, F|352\/352
|-damage|p1a: Ferrothorn|330\/352|[from] Stealth Rock
|move|p2a: Ferrothorn|Knock Off|p1a: Ferrothorn
|-damage|p1a: Ferrothorn|238\/352
|-damage|p2a: Ferrothorn|308\/352|[from] ability: Iron Barbs|[of] p1a: Ferrothorn
|-damage|p2a: Ferrothorn|250\/352|[from] item: Rocky Helmet|[of] p1a: Ferrothorn
|-enditem|p1a: Ferrothorn|Rocky Helmet|[from] move: Knock Off|[of] p2a: Ferrothorn
|
|-weather|RainDance|[upkeep]
|turn|6
|
|switch|p2a: Seismitoad|Seismitoad, M|351\/351
|move|p1a: Ferrothorn|Stealth Rock|p2a: Seismitoad
|-sidestart|p2: uphaze|move: Stealth Rock
|
|-weather|RainDance|[upkeep]
|turn|7
|
|move|p2a: Seismitoad|Earthquake|p1a: Ferrothorn
|-damage|p1a: Ferrothorn|120\/352
|-damage|p2a: Seismitoad|316\/351|[from] item: Life Orb
|move|p1a: Ferrothorn|Power Whip|p2a: Seismitoad
|-supereffective|p2a: Seismitoad
|-damage|p2a: Seismitoad|0 fnt
|faint|p2a: Seismitoad
|
|-weather|RainDance|[upkeep]
|
|switch|p2a: Omastar|Omastar, M|303\/303
|-damage|p2a: Omastar|266\/303|[from] Stealth Rock
|turn|8
|
|move|p2a: Omastar|Hydro Pump|p1a: Ferrothorn
|-resisted|p1a: Ferrothorn
|-damage|p1a: Ferrothorn|0 fnt
|-damage|p2a: Omastar|236\/303|[from] item: Life Orb
|faint|p1a: Ferrothorn
|
|-weather|none
|
|switch|p1a: Landorus-Therian|Landorus-Therian, M|320\/320
|-damage|p1a: Landorus-Therian|280\/320|[from] Stealth Rock
|-ability|p1a: Landorus-Therian|Intimidate|[of] p2a: Omastar
|-unboost|p2a: Omastar|atk|1
|turn|9
|
|switch|p2a: Politoed|Politoed, M|384\/384
|-damage|p2a: Politoed|336\/384|[from] Stealth Rock
|-weather|RainDance
|move|p1a: Landorus-Therian|Earthquake|p2a: Politoed
|-damage|p2a: Politoed|176\/384
|
|-weather|RainDance|[upkeep]
|turn|10
|
|switch|p1a: Slowbro|Slowbro, F|394\/394
|-damage|p1a: Slowbro|345\/394|[from] Stealth Rock
|switch|p2a: Ferrothorn|Ferrothorn, M|250\/352
|-damage|p2a: Ferrothorn|228\/352|[from] Stealth Rock
|
|-weather|RainDance|[upkeep]
|-heal|p1a: Slowbro|369\/394|[from] item: Leftovers
|turn|11
|
|move|p1a: Slowbro|Scald|p2a: Ferrothorn
|-resisted|p2a: Ferrothorn
|-damage|p2a: Ferrothorn|168\/352
|-status|p2a: Ferrothorn|brn
|move|p2a: Ferrothorn|Knock Off|p1a: Slowbro
|-supereffective|p1a: Slowbro
|-damage|p1a: Slowbro|263\/394
|-enditem|p1a: Slowbro|Leftovers|[from] move: Knock Off|[of] p2a: Ferrothorn
|
|-weather|RainDance|[upkeep]
|-damage|p2a: Ferrothorn|124\/352 brn|[from] brn
|turn|12
|
|switch|p1a: Landorus-Therian|Landorus-Therian, M|280\/320
|-damage|p1a: Landorus-Therian|240\/320|[from] Stealth Rock
|-ability|p1a: Landorus-Therian|Intimidate|[of] p2a: Ferrothorn
|-unboost|p2a: Ferrothorn|atk|1
|switch|p2a: Ludicolo|Ludicolo, F|300\/300
|-damage|p2a: Ludicolo|263\/300|[from] Stealth Rock
|
|-weather|RainDance|[upkeep]
|turn|13
|
|move|p2a: Ludicolo|Scald|p1a: Landorus-Therian
|-supereffective|p1a: Landorus-Therian
|-damage|p1a: Landorus-Therian|0 fnt
|-damage|p2a: Ludicolo|233\/300|[from] item: Life Orb
|faint|p1a: Landorus-Therian
|
|-weather|RainDance|[upkeep]
|
|switch|p1a: Slowbro|Slowbro, F|394\/394
|-damage|p1a: Slowbro|345\/394|[from] Stealth Rock
|turn|14
|
|move|p2a: Ludicolo|Giga Drain|p1a: Slowbro
|-supereffective|p1a: Slowbro
|-damage|p1a: Slowbro|0 fnt
|-heal|p2a: Ludicolo|300\/300|[from] drain|[of] p1a: Slowbro
|-damage|p2a: Ludicolo|270\/300|[from] item: Life Orb
|faint|p1a: Slowbro
|
|-weather|RainDance|[upkeep]
|
|switch|p1a: Sylveon|Sylveon, M|394\/394
|-damage|p1a: Sylveon|345\/394|[from] Stealth Rock
|turn|15
|
|move|p2a: Ludicolo|Scald|p1a: Sylveon
|-damage|p1a: Sylveon|209\/394
|-status|p1a: Sylveon|brn
|-damage|p2a: Ludicolo|240\/300|[from] item: Life Orb
|move|p1a: Sylveon|Wish|p1a: Sylveon
|
|-weather|RainDance|[upkeep]
|-heal|p1a: Sylveon|233\/394 brn|[from] item: Leftovers
|-damage|p1a: Sylveon|184\/394 brn|[from] brn
|turn|16
|
|switch|p2a: Ferrothorn|Ferrothorn, M|124\/352 brn
|-damage|p2a: Ferrothorn|102\/352 brn|[from] Stealth Rock
|move|p1a: Sylveon|Heal Bell|p1a: Sylveon
|-cureteam|p1a: Sylveon|[from] move: HealBell
|
|-weather|none
|-heal|p1a: Sylveon|381\/394|[from] move: Wish|[wisher] Sylveon
|-heal|p1a: Sylveon|394\/394|[from] item: Leftovers
|-damage|p2a: Ferrothorn|58\/352 brn|[from] brn
|turn|17
|
|move|p1a: Sylveon|Protect|p1a: Sylveon
|-singleturn|p1a: Sylveon|Protect
|move|p2a: Ferrothorn|Explosion|p1a: Sylveon
|-activate|p1a: Sylveon|Protect
|faint|p2a: Ferrothorn
|
|
|switch|p2a: Politoed|Politoed, M|176\/384
|-damage|p2a: Politoed|128\/384|[from] Stealth Rock
|-weather|RainDance
|turn|18
|
|move|p2a: Politoed|Encore|p1a: Sylveon
|-start|p1a: Sylveon|Encore
|move|p1a: Sylveon|Protect|p1a: Sylveon
|-fail|p1a: Sylveon
|
|-weather|RainDance|[upkeep]
|turn|19
|
|switch|p2a: Omastar|Omastar, M|236\/303
|-damage|p2a: Omastar|199\/303|[from] Stealth Rock
|switch|p1a: Heatran|Heatran, F|386\/386
|-damage|p1a: Heatran|338\/386|[from] Stealth Rock
|-item|p1a: Heatran|Air Balloon
|
|-weather|RainDance|[upkeep]
|turn|20
|
|move|p2a: Omastar|Scald|p1a: Heatran
|-supereffective|p1a: Heatran
|-damage|p1a: Heatran|0 fnt
|-enditem|p1a: Heatran|Air Balloon
|-damage|p2a: Omastar|169\/303|[from] item: Life Orb
|faint|p1a: Heatran
|
|-weather|RainDance|[upkeep]
|
|switch|p1a: Sylveon|Sylveon, M|394\/394
|-damage|p1a: Sylveon|345\/394|[from] Stealth Rock
|turn|21
|
|switch|p2a: Ludicolo|Ludicolo, F|240\/300
|-damage|p2a: Ludicolo|203\/300|[from] Stealth Rock
|move|p1a: Sylveon|Wish|p1a: Sylveon
|
|-weather|RainDance|[upkeep]
|-heal|p1a: Sylveon|369\/394|[from] item: Leftovers
|turn|22
|
|move|p2a: Ludicolo|Scald|p1a: Sylveon
|-damage|p1a: Sylveon|217\/394
|-status|p1a: Sylveon|brn
|-damage|p2a: Ludicolo|173\/300|[from] item: Life Orb
|move|p1a: Sylveon|Hyper Voice|p2a: Ludicolo
|-damage|p2a: Ludicolo|22\/300
|
|-weather|RainDance|[upkeep]
|-heal|p1a: Sylveon|394\/394 brn|[from] move: Wish|[wisher] Sylveon
|-damage|p1a: Sylveon|345\/394 brn|[from] brn
|turn|23
|
|move|p2a: Ludicolo|Giga Drain|p1a: Sylveon
|-damage|p1a: Sylveon|255\/394 brn
|-heal|p2a: Ludicolo|67\/300|[from] drain|[of] p1a: Sylveon
|-damage|p2a: Ludicolo|37\/300|[from] item: Life Orb
|move|p1a: Sylveon|Hyper Voice|p2a: Ludicolo
|-damage|p2a: Ludicolo|0 fnt
|faint|p2a: Ludicolo
|
|-weather|RainDance|[upkeep]
|-heal|p1a: Sylveon|279\/394 brn|[from] item: Leftovers
|-damage|p1a: Sylveon|230\/394 brn|[from] brn
|
|switch|p2a: Omastar|Omastar, M|169\/303
|-damage|p2a: Omastar|132\/303|[from] Stealth Rock
|turn|24
|
|move|p2a: Omastar|Hydro Pump|p1a: Sylveon
|-damage|p1a: Sylveon|14\/394 brn
|-damage|p2a: Omastar|102\/303|[from] item: Life Orb
|move|p1a: Sylveon|Wish|p1a: Sylveon
|
|-weather|RainDance|[upkeep]
|-heal|p1a: Sylveon|38\/394 brn|[from] item: Leftovers
|-damage|p1a: Sylveon|0 fnt|[from] brn
|faint|p1a: Sylveon
|
|win|uphaze
|raw|Ladder updating...
|raw|Zodiac12's rating: 1547 &rarr; <strong>1529<\/strong><br \/>(-18 for losing)
|raw|uphaze's rating: 1594 &rarr; <strong>1612<\/strong><br \/>(+18 for winning)
|leave|Zodiac12
|player|p1