|join|uphaze
|join|Jadielle
|player|p1|uphaze|87
|player|p2|Jadielle|161
|gametype|singles
|gen|6
|tier|OU
|rated
|clearpoke
|poke|p1|Politoed, F
|poke|p1|Omastar, M
|poke|p1|Gothitelle, M
|poke|p1|Qwilfish, M
|poke|p1|Seismitoad, M
|poke|p1|Ludicolo, M
|poke|p2|Pinsir, M
|poke|p2|Gyarados, M
|poke|p2|Heatran, M
|poke|p2|Rotom-Wash
|poke|p2|Landorus-Therian, M
|poke|p2|Clefable, F
|rule|Swagger Clause: Swagger is banned
|rule|Baton Pass Clause: Limit one PokÃ©mon knowing Baton Pass
|rule|Sleep Clause Mod: Limit one foe put to sleep
|rule|Species Clause: Limit one of each PokÃ©mon
|rule|OHKO Clause: OHKO moves are banned
|rule|Moody Clause: Moody is banned
|rule|Evasion Moves Clause: Evasion moves are banned
|rule|Endless Battle Clause: Forcing endless battles is banned
|rule|HP Percentage Mod: HP is shown in percentages
|teampreview
|
|start
|switch|p1a: Politoed|Politoed, F|384\/384
|switch|p2a: Leviator|Gyarados, M|331\/331
|-ability|p2a: Leviator|Intimidate|[of] p1a: Politoed
|-unboost|p1a: Politoed|atk|1
|-weather|RainDance
|turn|1
|
|move|p2a: Leviator|Dragon Dance|p2a: Leviator
|-boost|p2a: Leviator|atk|1
|-boost|p2a: Leviator|spe|1
|move|p1a: Politoed|Encore|p2a: Leviator
|-start|p2a: Leviator|Encore
|
|-weather|RainDance|[upkeep]
|turn|2
|
|switch|p1a: Gothitelle|Gothitelle, M|282\/282
|move|p2a: Leviator|Dragon Dance|p2a: Leviator
|-boost|p2a: Leviator|atk|1
|-boost|p2a: Leviator|spe|1
|
|-weather|RainDance|[upkeep]
|turn|3
|
|move|p2a: Leviator|Dragon Dance|p2a: Leviator
|-boost|p2a: Leviator|atk|1
|-boost|p2a: Leviator|spe|1
|move|p1a: Gothitelle|Thunderbolt|p2a: Leviator
|-supereffective|p2a: Leviator
|-damage|p2a: Leviator|0 fnt
|faint|p2a: Leviator
|
|-weather|RainDance|[upkeep]
|
|switch|p2a: Motisma|Rotom-Wash|241\/241
|turn|4
|
|switch|p1a: Seismitoad|Seismitoad, M|351\/351
|move|p2a: Motisma|Hydro Pump|p1a: Seismitoad
|-damage|p1a: Seismitoad|20\/351
|
|-weather|RainDance|[upkeep]
|turn|5
|
|move|p1a: Seismitoad|Stealth Rock|p2a: Motisma
|-sidestart|p2: Jadielle|move: Stealth Rock
|move|p2a: Motisma|Hydro Pump|p1a: Seismitoad
|-damage|p1a: Seismitoad|0 fnt
|faint|p1a: Seismitoad
|
|-weather|RainDance|[upkeep]
|
|switch|p1a: Ludicolo|Ludicolo, M|300\/300
|turn|6
|
|move|p1a: Ludicolo|Scald|p2a: Motisma
|-resisted|p2a: Motisma
|-damage|p2a: Motisma|136\/241
|-damage|p1a: Ludicolo|270\/300|[from] item: Life Orb
|move|p2a: Motisma|Volt Switch|p1a: Ludicolo
|-damage|p1a: Ludicolo|170\/300
|
|switch|p2a: Melodelfe|Clefable, F|394\/394
|
|-weather|RainDance|[upkeep]
|turn|7
|
|move|p1a: Ludicolo|Scald|p2a: Melodelfe
|-damage|p2a: Melodelfe|155\/394
|-damage|p1a: Ludicolo|140\/300|[from] item: Life Orb
|move|p2a: Melodelfe|Calm Mind|p2a: Melodelfe
|-boost|p2a: Melodelfe|spa|1
|-boost|p2a: Melodelfe|spd|1
|
|-weather|RainDance|[upkeep]
|-heal|p2a: Melodelfe|179\/394|[from] item: Leftovers
|turn|8
|
|switch|p1a: Politoed|Politoed, F|384\/384
|move|p2a: Melodelfe|Soft-Boiled|p2a: Melodelfe
|-heal|p2a: Melodelfe|376\/394
|
|-weather|none
|-heal|p2a: Melodelfe|394\/394|[from] item: Leftovers
|turn|9
|
|move|p1a: Politoed|Encore|p2a: Melodelfe
|-start|p2a: Melodelfe|Encore
|move|p2a: Melodelfe|Soft-Boiled|p2a: Melodelfe
|-fail|p2a: Melodelfe
|
|turn|10
|
|switch|p1a: Gothitelle|Gothitelle, M|282\/282
|move|p2a: Melodelfe|Soft-Boiled|p2a: Melodelfe
|-fail|p2a: Melodelfe
|
|turn|11
|
|move|p1a: Gothitelle|Trick|p2a: Melodelfe
|-activate|p1a: Gothitelle|move: Trick|[of] p2a: Melodelfe
|-item|p2a: Melodelfe|Choice Specs|[from] move: Trick
|-item|p1a: Gothitelle|Leftovers|[from] move: Trick
|move|p2a: Melodelfe|Soft-Boiled|p2a: Melodelfe
|-fail|p2a: Melodelfe
|
|-end|p2a: Melodelfe|Encore
|turn|12
|
|move|p1a: Gothitelle|Psychic|p2a: Melodelfe
|-damage|p2a: Melodelfe|285\/394
|move|p2a: Melodelfe|Soft-Boiled|p2a: Melodelfe
|-heal|p2a: Melodelfe|394\/394
|
|turn|13
|
|move|p1a: Gothitelle|Psychic|p2a: Melodelfe
|-damage|p2a: Melodelfe|283\/394
|-unboost|p2a: Melodelfe|spd|1
|move|p2a: Melodelfe|Soft-Boiled|p2a: Melodelfe
|-heal|p2a: Melodelfe|394\/394
|
|turn|14
|
|move|p1a: Gothitelle|Psychic|p2a: Melodelfe
|-damage|p2a: Melodelfe|252\/394
|move|p2a: Melodelfe|Soft-Boiled|p2a: Melodelfe
|-heal|p2a: Melodelfe|394\/394
|
|turn|15
|
|move|p1a: Gothitelle|Psychic|p2a: Melodelfe
|-damage|p2a: Melodelfe|226\/394
|move|p2a: Melodelfe|Soft-Boiled|p2a: Melodelfe
|-heal|p2a: Melodelfe|394\/394
|
|turn|16
|
|move|p1a: Gothitelle|Psychic|p2a: Melodelfe
|-damage|p2a: Melodelfe|237\/394
|move|p2a: Melodelfe|Soft-Boiled|p2a: Melodelfe
|-heal|p2a: Melodelfe|394\/394
|
|turn|17
|
|move|p1a: Gothitelle|Psychic|p2a: Melodelfe
|-damage|p2a: Melodelfe|250\/394
|move|p2a: Melodelfe|Soft-Boiled|p2a: Melodelfe
|-heal|p2a: Melodelfe|394\/394
|
|turn|18
|
|move|p1a: Gothitelle|Psychic|p2a: Melodelfe
|-damage|p2a: Melodelfe|235\/394
|move|p2a: Melodelfe|Soft-Boiled|p2a: Melodelfe
|-heal|p2a: Melodelfe|394\/394
|
|turn|19
|
|move|p1a: Gothitelle|Psychic|p2a: Melodelfe
|-damage|p2a: Melodelfe|240\/394
|move|p2a: Melodelfe|Soft-Boiled|p2a: Melodelfe
|-heal|p2a: Melodelfe|394\/394
|
|turn|20
|
|move|p1a: Gothitelle|Psychic|p2a: Melodelfe
|-damage|p2a: Melodelfe|232\/394
|move|p2a: Melodelfe|Soft-Boiled|p2a: Melodelfe
|-heal|p2a: Melodelfe|394\/394
|
|turn|21
|
|move|p1a: Gothitelle|Psychic|p2a: Melodelfe
|-damage|p2a: Melodelfe|249\/394
|move|p2a: Melodelfe|Soft-Boiled|p2a: Melodelfe
|-heal|p2a: Melodelfe|394\/394
|
|turn|22
|
|move|p1a: Gothitelle|Psychic|p2a: Melodelfe
|-damage|p2a: Melodelfe|249\/394
|move|p2a: Melodelfe|Soft-Boiled|p2a: Melodelfe
|-heal|p2a: Melodelfe|394\/394
|
|turn|23
|
|move|p1a: Gothitelle|Psychic|p2a: Melodelfe
|-damage|p2a: Melodelfe|247\/394
|move|p2a: Melodelfe|Soft-Boiled|p2a: Melodelfe
|-heal|p2a: Melodelfe|394\/394
|
|turn|24
|
|move|p1a: Gothitelle|Psychic|p2a: Melodelfe
|-damage|p2a: Melodelfe|240\/394
|-activate|p2a: Melodelfe|move: Struggle
|move|p2a: Melodelfe|Struggle|p1a: Gothitelle
|-damage|p1a: Gothitelle|253\/282
|-damage|p2a: Melodelfe|142\/394
|
|-heal|p1a: Gothitelle|270\/282|[from] item: Leftovers
|turn|25
|
|move|p1a: Gothitelle|Psychic|p2a: Melodelfe
|-damage|p2a: Melodelfe|0 fnt
|faint|p2a: Melodelfe
|
|-heal|p1a: Gothitelle|282\/282|[from] item: Leftovers
|
|switch|p2a: Landorus-Therian|Landorus-Therian, M|320\/320
|-damage|p2a: Landorus-Therian|280\/320|[from] Stealth Rock
|-ability|p2a: Landorus-Therian|Intimidate|[of] p1a: Gothitelle
|-unboost|p1a: Gothitelle|atk|1
|turn|26
|
|switch|p1a: Politoed|Politoed, F|384\/384
|-weather|RainDance
|move|p2a: Landorus-Therian|Earthquake|p1a: Politoed
|-damage|p1a: Politoed|219\/384
|
|-weather|RainDance|[upkeep]
|turn|27
|
|switch|p1a: Ludicolo|Ludicolo, M|140\/300
|move|p2a: Landorus-Therian|U-turn|p1a: Ludicolo
|-supereffective|p1a: Ludicolo
|-damage|p1a: Ludicolo|0 fnt
|faint|p1a: Ludicolo
|
|switch|p2a: Motisma|Rotom-Wash|136\/241
|-damage|p2a: Motisma|106\/241|[from] Stealth Rock
|
|-weather|RainDance|[upkeep]
|-heal|p2a: Motisma|121\/241|[from] item: Leftovers
|
|switch|p1a: Qwilfish|Qwilfish, M|272\/272
|turn|28
|
|move|p1a: Qwilfish|Poison Jab|p2a: Motisma
|-damage|p2a: Motisma|0 fnt
|-damage|p1a: Qwilfish|245\/272|[from] item: Life Orb
|faint|p2a: Motisma
|
|-weather|RainDance|[upkeep]
|
|switch|p2a: Heatran|Heatran, M|323\/323
|-damage|p2a: Heatran|283\/323|[from] Stealth Rock
|turn|29
|
|move|p1a: Qwilfish|Waterfall|p2a: Heatran
|-supereffective|p2a: Heatran
|-damage|p2a: Heatran|0 fnt
|-damage|p1a: Qwilfish|218\/272|[from] item: Life Orb
|faint|p2a: Heatran
|
|-weather|RainDance|[upkeep]
|
|switch|p2a: Landorus-Therian|Landorus-Therian, M|280\/320
|-damage|p2a: Landorus-Therian|240\/320|[from] Stealth Rock
|-ability|p2a: Landorus-Therian|Intimidate|[of] p1a: Qwilfish
|-unboost|p1a: Qwilfish|atk|1
|turn|30
|
|move|p1a: Qwilfish|Waterfall|p2a: Landorus-Therian
|-supereffective|p2a: Landorus-Therian
|-damage|p2a: Landorus-Therian|0 fnt
|-damage|p1a: Qwilfish|173\/272|[from] item: Rocky Helmet|[of] p2a: Landorus-Therian
|-damage|p1a: Qwilfish|146\/272|[from] item: Life Orb
|faint|p2a: Landorus-Therian
|
|-weather|RainDance|[upkeep]
|
|switch|p2a: Scarabrute|Pinsir, M|271\/271
|-damage|p2a: Scarabrute|204\/271|[from] Stealth Rock
|turn|31
|
|detailschange|p2a: Scarabrute|Pinsir-Mega, M
|message|Pinsir has Mega Evolved into Mega Pinsir!
|move|p1a: Qwilfish|Taunt|p2a: Scarabrute
|-start|p2a: Scarabrute|move: Taunt
|cant|p2a: Scarabrute|move: Taunt|Swords Dance
|
|-weather|RainDance|[upkeep]
|turn|32
|
|move|p1a: Qwilfish|Destiny Bond|p1a: Qwilfish
|-singlemove|p1a: Qwilfish|Destiny Bond
|move|p2a: Scarabrute|Return|p1a: Qwilfish
|-crit|p1a: Qwilfish
|-damage|p1a: Qwilfish|0 fnt
|faint|p1a: Qwilfish
|-activate|p1a: Qwilfish|Destiny Bond
|faint|p2a: Scarabrute
|
|win|uphaze
|raw|Ladder updating...
|raw|uphaze's rating: 1703 &rarr; <strong>1720<\/strong><br \/>(+17 for winning)
|raw|Jadielle's rating: 1645 &rarr; <strong>1628<\/strong><br \/>(-17 for losing)
|c|âuphaze|GG
|leave|Jadielle
|player|p2