|join|uphaze
|join|da only troll
|player|p1|uphaze|87
|player|p2|da only troll|35
|gametype|singles
|gen|6
|tier|OU
|rated
|clearpoke
|poke|p1|Diancie
|poke|p1|Gengar, M
|poke|p1|Kyurem-Black
|poke|p1|Scizor, F
|poke|p1|Gliscor, F
|poke|p1|Raikou
|poke|p2|Darmanitan, M
|poke|p2|Latios, M
|poke|p2|Aerodactyl, F
|poke|p2|Rotom-Wash
|poke|p2|Scizor, M, shiny
|poke|p2|Greninja, F
|rule|Swagger Clause: Swagger is banned
|rule|Baton Pass Clause: Limit one PokÃ©mon knowing Baton Pass
|rule|Sleep Clause Mod: Limit one foe put to sleep
|rule|Species Clause: Limit one of each PokÃ©mon
|rule|OHKO Clause: OHKO moves are banned
|rule|Moody Clause: Moody is banned
|rule|Evasion Moves Clause: Evasion moves are banned
|rule|Endless Battle Clause: Forcing endless battles is banned
|rule|HP Percentage Mod: HP is shown in percentages
|teampreview
|
|start
|switch|p1a: Diancie|Diancie|241\/241
|switch|p2a: Aerodactyl|Aerodactyl, F|301\/301
|turn|1
|
|detailschange|p1a: Diancie|Diancie-Mega
|message|Diancie has Mega Evolved into Mega Diancie!
|move|p1a: Diancie|Protect|p1a: Diancie
|-singleturn|p1a: Diancie|Protect
|move|p2a: Aerodactyl|Taunt|p1a: Diancie
|-activate|p1a: Diancie|Protect
|
|turn|2
|
|switch|p2a: Scizor|Scizor, M, shiny|343\/343
|move|p1a: Diancie|Diamond Storm|p2a: Scizor
|-damage|p2a: Scizor|150\/343
|-boost|p1a: Diancie|def|1
|
|turn|3
|
|switch|p1a: Gliscor|Gliscor, F|346\/346
|detailschange|p2a: Scizor|Scizor-Mega, M, shiny
|message|Scizor has Mega Evolved into Mega Scizor!
|move|p2a: Scizor|Bullet Punch|p1a: Gliscor
|-damage|p1a: Gliscor|244\/346
|
|-status|p1a: Gliscor|tox|[from] item: Toxic Orb
|turn|4
|
|move|p1a: Gliscor|Stealth Rock|p2a: Scizor
|-sidestart|p2: da only troll|move: Stealth Rock
|move|p2a: Scizor|Roost|p2a: Scizor
|-heal|p2a: Scizor|322\/343
|
|-heal|p1a: Gliscor|287\/346 tox|[from] ability: Poison Heal
|turn|5
|
|move|p1a: Gliscor|Fire Fang|p2a: Scizor
|-supereffective|p2a: Scizor
|-damage|p2a: Scizor|138\/343
|move|p2a: Scizor|Defog|p1a: Gliscor
|-unboost|p1a: Gliscor|evasion|1
|-sideend|p2: da only troll|Stealth Rock|[from] move: Defog|[of] p2a: Scizor
|
|-heal|p1a: Gliscor|330\/346 tox|[from] ability: Poison Heal
|turn|6
|
|switch|p2a: Rotom-Wash|Rotom-Wash|303\/303
|move|p1a: Gliscor|Stealth Rock|p2a: Rotom-Wash
|-sidestart|p2: da only troll|move: Stealth Rock
|
|-heal|p1a: Gliscor|346\/346 tox|[from] ability: Poison Heal
|turn|7
|
|switch|p1a: Raikou|Raikou|322\/322
|-ability|p1a: Raikou|Pressure
|move|p2a: Rotom-Wash|Hydro Pump|p1a: Raikou
|-damage|p1a: Raikou|223\/322
|
|turn|8
|
|move|p1a: Raikou|Volt Switch|p2a: Rotom-Wash
|-damage|p2a: Rotom-Wash|221\/303
|
|switch|p1a: Gliscor|Gliscor, F|346\/346 tox
|move|p2a: Rotom-Wash|Volt Switch|p1a: Gliscor
|-immune|p1a: Gliscor|[msg]
|
|turn|9
|
|switch|p1a: Raikou|Raikou|223\/322
|-ability|p1a: Raikou|Pressure
|move|p2a: Rotom-Wash|Volt Switch|p1a: Raikou
|-resisted|p1a: Raikou
|-damage|p1a: Raikou|197\/322
|
|switch|p2a: Aerodactyl|Aerodactyl, F|301\/301
|-damage|p2a: Aerodactyl|226\/301|[from] Stealth Rock
|
|turn|10
|
|switch|p1a: Diancie|Diancie-Mega|241\/241
|move|p2a: Aerodactyl|Stealth Rock|p1a: Diancie
|move|p1a: Diancie|Stealth Rock|p2a: Aerodactyl|[from]Magic Bounce
|-fail|p2a: Aerodactyl
|
|turn|11
|
|move|p2a: Aerodactyl|Earthquake|p1a: Diancie
|-supereffective|p1a: Diancie
|-damage|p1a: Diancie|61\/241
|move|p1a: Diancie|Diamond Storm|p2a: Aerodactyl
|-supereffective|p2a: Aerodactyl
|-damage|p2a: Aerodactyl|0 fnt
|-boost|p1a: Diancie|def|1
|faint|p2a: Aerodactyl
|
|
|switch|p2a: Latios|Latios, M|301\/301
|-damage|p2a: Latios|264\/301|[from] Stealth Rock
|turn|12
|
|move|p2a: Latios|Psyshock|p1a: Diancie
|-damage|p1a: Diancie|0 fnt
|faint|p1a: Diancie
|
|
|switch|p1a: Scizor|Scizor, F|344\/344
|turn|13
|
|switch|p2a: Rotom-Wash|Rotom-Wash|221\/303
|-damage|p2a: Rotom-Wash|184\/303|[from] Stealth Rock
|move|p1a: Scizor|U-turn|p2a: Rotom-Wash
|-crit|p2a: Rotom-Wash
|-damage|p2a: Rotom-Wash|0 fnt
|faint|p2a: Rotom-Wash
|c|âuphaze|sorry
|c|âda only troll|np
|
|switch|p1a: Raikou|Raikou|197\/322
|-ability|p1a: Raikou|Pressure
|
|
|switch|p2a: Latios|Latios, M|264\/301
|-damage|p2a: Latios|227\/301|[from] Stealth Rock
|turn|14
|
|switch|p2a: Darmanitan|Darmanitan, M|351\/351
|-damage|p2a: Darmanitan|264\/351|[from] Stealth Rock
|move|p1a: Raikou|Shadow Ball|p2a: Darmanitan
|-damage|p2a: Darmanitan|118\/351
|
|turn|15
|
|switch|p1a: Gliscor|Gliscor, F|346\/346 tox
|move|p2a: Darmanitan|Flare Blitz|p1a: Gliscor
|-damage|p1a: Gliscor|73\/346 tox
|-damage|p2a: Darmanitan|28\/351|[from] recoil|[of] p1a: Gliscor
|
|-heal|p1a: Gliscor|116\/346 tox|[from] ability: Poison Heal
|turn|16
|
|move|p2a: Darmanitan|Flare Blitz|p1a: Gliscor
|-damage|p1a: Gliscor|0 fnt
|-damage|p2a: Darmanitan|0 fnt|[from] recoil|[of] p1a: Gliscor
|faint|p1a: Gliscor
|faint|p2a: Darmanitan
|
|
|switch|p2a: Latios|Latios, M|227\/301
|switch|p1a: Raikou|Raikou|197\/322
|-damage|p2a: Latios|190\/301|[from] Stealth Rock
|-ability|p1a: Raikou|Pressure
|turn|17
|
|move|p2a: Latios|Draco Meteor|p1a: Raikou
|-damage|p1a: Raikou|38\/322
|-unboost|p2a: Latios|spa|2
|move|p1a: Raikou|Shadow Ball|p2a: Latios
|-supereffective|p2a: Latios
|-damage|p2a: Latios|16\/301
|
|turn|18
|
|switch|p1a: Scizor|Scizor, F|344\/344
|move|p2a: Latios|Draco Meteor|p1a: Scizor
|-resisted|p1a: Scizor
|-damage|p1a: Scizor|275\/344
|-unboost|p2a: Latios|spa|2
|
|turn|19
|
|move|p2a: Latios|Draco Meteor|p1a: Scizor
|-resisted|p1a: Scizor
|-damage|p1a: Scizor|229\/344
|-unboost|p2a: Latios|spa|2
|move|p1a: Scizor|U-turn|p2a: Latios
|-supereffective|p2a: Latios
|-damage|p2a: Latios|0 fnt
|faint|p2a: Latios
|
|switch|p1a: Raikou|Raikou|38\/322
|-ability|p1a: Raikou|Pressure
|
|
|switch|p2a: Scizor|Scizor-Mega, M, shiny|138\/343
|-damage|p2a: Scizor|96\/343|[from] Stealth Rock
|turn|20
|
|move|p2a: Scizor|Bullet Punch|p1a: Raikou
|-resisted|p1a: Raikou
|-damage|p1a: Raikou|0 fnt
|faint|p1a: Raikou
|
|
|switch|p1a: Gengar|Gengar, M|262\/262
|turn|21
|
|switch|p2a: Greninja|Greninja, F|285\/285
|-damage|p2a: Greninja|250\/285|[from] Stealth Rock
|move|p1a: Gengar|Shadow Ball|p2a: Greninja
|-resisted|p2a: Greninja
|-damage|p2a: Greninja|134\/285
|-damage|p1a: Gengar|236\/262|[from] item: Life Orb
|
|turn|22
|
|switch|p1a: Kyurem-Black|Kyurem-Black|391\/391
|-ability|p1a: Kyurem-Black|Teravolt
|move|p2a: Greninja|Dark Pulse|p1a: Kyurem-Black
|-start|p2a: Greninja|typechange|Dark|[from] Protean
|-damage|p1a: Kyurem-Black|226\/391
|-damage|p2a: Greninja|106\/285|[from] item: Life Orb
|
|turn|23
|
|move|p2a: Greninja|Dark Pulse|p1a: Kyurem-Black
|-damage|p1a: Kyurem-Black|43\/391
|-damage|p2a: Greninja|78\/285|[from] item: Life Orb
|cant|p1a: Kyurem-Black|flinch
|
|turn|24
|
|move|p2a: Greninja|Hidden Power|p1a: Kyurem-Black
|-start|p2a: Greninja|typechange|Fire|[from] Protean
|-damage|p1a: Kyurem-Black|0 fnt
|-damage|p2a: Greninja|50\/285|[from] item: Life Orb
|faint|p1a: Kyurem-Black
|
|
|switch|p1a: Scizor|Scizor, F|229\/344
|turn|25
|
|move|p1a: Scizor|Bullet Punch|p2a: Greninja
|-resisted|p2a: Greninja
|-damage|p2a: Greninja|0 fnt
|faint|p2a: Greninja
|
|
|switch|p2a: Scizor|Scizor-Mega, M, shiny|96\/343
|-damage|p2a: Scizor|54\/343|[from] Stealth Rock
|turn|26
|
|move|p1a: Scizor|Bullet Punch|p2a: Scizor
|-resisted|p2a: Scizor
|-damage|p2a: Scizor|0 fnt
|faint|p2a: Scizor
|
|win|uphaze
|raw|Ladder updating...