|join|uphaze
|join|Armin X
|player|p1|uphaze|87
|player|p2|Armin X|170
|gametype|singles
|gen|6
|tier|OU
|rated
|clearpoke
|poke|p1|Diancie
|poke|p1|Gengar, F
|poke|p1|Kyurem-Black
|poke|p1|Scizor, F
|poke|p1|Gliscor, F
|poke|p1|Raikou
|poke|p2|Machamp, M
|poke|p2|Thundurus, M
|poke|p2|Keldeo
|poke|p2|Scizor, F
|poke|p2|Heatran, F
|poke|p2|Venusaur, M
|rule|Swagger Clause: Swagger is banned
|rule|Baton Pass Clause: Limit one PokÃ©mon knowing Baton Pass
|rule|Sleep Clause Mod: Limit one foe put to sleep
|rule|Species Clause: Limit one of each PokÃ©mon
|rule|OHKO Clause: OHKO moves are banned
|rule|Moody Clause: Moody is banned
|rule|Evasion Moves Clause: Evasion moves are banned
|rule|Endless Battle Clause: Forcing endless battles is banned
|rule|HP Percentage Mod: HP is shown in percentages
|teampreview
|
|start
|switch|p1a: Diancie|Diancie|241\/241
|switch|p2a: Thundurus|Thundurus, M|333\/333
|turn|1
|
|switch|p2a: Scizor|Scizor, F|344\/344
|detailschange|p1a: Diancie|Diancie-Mega
|message|Diancie has Mega Evolved into Mega Diancie!
|move|p1a: Diancie|Protect|p1a: Diancie
|-fail|p1a: Diancie
|
|turn|2
|
|switch|p1a: Gliscor|Gliscor, F|343\/343
|move|p2a: Scizor|Bullet Punch|p1a: Gliscor
|-damage|p1a: Gliscor|217\/343
|
|-status|p1a: Gliscor|tox|[from] item: Toxic Orb
|turn|3
|
|switch|p2a: Thundurus|Thundurus, M|333\/333
|move|p1a: Gliscor|Stealth Rock|p2a: Thundurus
|-sidestart|p2: Armin X|move: Stealth Rock
|
|-heal|p1a: Gliscor|259\/343 tox|[from] ability: Poison Heal
|turn|4
|
|switch|p1a: Raikou|Raikou|322\/322
|-ability|p1a: Raikou|Pressure
|move|p2a: Thundurus|Hidden Power|p1a: Raikou
|-damage|p1a: Raikou|277\/322
|
|turn|5
|
|move|p1a: Raikou|Volt Switch|p2a: Thundurus
|-damage|p2a: Thundurus|188\/333
|
|switch|p1a: Diancie|Diancie-Mega|241\/241
|move|p2a: Thundurus|Volt Switch|p1a: Diancie
|-crit|p1a: Diancie
|-damage|p1a: Diancie|67\/241
|
|switch|p2a: Scizor|Scizor, F|344\/344
|-damage|p2a: Scizor|301\/344|[from] Stealth Rock
|
|turn|6
|c|âuphaze|...
|
|switch|p1a: Gliscor|Gliscor, F|259\/343 tox
|move|p2a: Scizor|Bullet Punch|p1a: Gliscor
|-damage|p1a: Gliscor|135\/343 tox
|
|-heal|p1a: Gliscor|177\/343 tox|[from] ability: Poison Heal
|turn|7
|
|move|p2a: Scizor|Bullet Punch|p1a: Gliscor
|-damage|p1a: Gliscor|68\/343 tox
|move|p1a: Gliscor|Fire Fang|p2a: Scizor|[miss]
|-miss|p1a: Gliscor|p2a: Scizor
|
|-heal|p1a: Gliscor|110\/343 tox|[from] ability: Poison Heal
|turn|8
|
|switch|p2a: Keldeo|Keldeo|323\/323
|-damage|p2a: Keldeo|303\/323|[from] Stealth Rock
|move|p1a: Gliscor|Earthquake|p2a: Keldeo
|-damage|p2a: Keldeo|174\/323
|
|-heal|p1a: Gliscor|152\/343 tox|[from] ability: Poison Heal
|turn|9
|
|switch|p1a: Diancie|Diancie-Mega|67\/241
|move|p2a: Keldeo|Scald|p1a: Diancie
|-supereffective|p1a: Diancie
|-damage|p1a: Diancie|0 fnt
|faint|p1a: Diancie
|
|
|switch|p1a: Kyurem-Black|Kyurem-Black|391\/391
|-ability|p1a: Kyurem-Black|Teravolt
|turn|10
|
|move|p2a: Keldeo|Scald|p1a: Kyurem-Black
|-resisted|p1a: Kyurem-Black
|-damage|p1a: Kyurem-Black|274\/391
|-status|p1a: Kyurem-Black|brn
|move|p1a: Kyurem-Black|Ice Beam|p2a: Keldeo
|-resisted|p2a: Keldeo
|-damage|p2a: Keldeo|69\/323
|-damage|p1a: Kyurem-Black|235\/391 brn|[from] item: Life Orb
|
|-damage|p1a: Kyurem-Black|187\/391 brn|[from] brn
|turn|11
|c|âuphaze|...
|
|switch|p2a: Scizor|Scizor, F|301\/344
|-damage|p2a: Scizor|258\/344|[from] Stealth Rock
|move|p1a: Kyurem-Black|Earth Power|p2a: Scizor
|-damage|p2a: Scizor|90\/344
|-damage|p1a: Kyurem-Black|148\/391 brn|[from] item: Life Orb
|
|-damage|p1a: Kyurem-Black|100\/391 brn|[from] brn
|turn|12
|c|âArmin X|what?
|
|move|p2a: Scizor|Bullet Punch|p1a: Kyurem-Black
|-supereffective|p1a: Kyurem-Black
|-damage|p1a: Kyurem-Black|0 fnt
|faint|p1a: Kyurem-Black
|
|c|âuphaze|you stayed in...
|c|âuphaze|and burn me...
|c|âuphaze|you had no reason to stay in
|
|switch|p1a: Scizor|Scizor, F|344\/344
|turn|13
|c|âArmin X|that was the plan
|
|move|p2a: Scizor|Bullet Punch|p1a: Scizor
|-resisted|p1a: Scizor
|-damage|p1a: Scizor|253\/344
|move|p1a: Scizor|U-turn|p2a: Scizor
|-resisted|p2a: Scizor
|-damage|p2a: Scizor|0 fnt
|faint|p2a: Scizor
|
|switch|p1a: Gliscor|Gliscor, F|152\/343 tox
|
|-heal|p1a: Gliscor|194\/343 tox|[from] ability: Poison Heal
|
|switch|p2a: Thundurus|Thundurus, M|188\/333
|-damage|p2a: Thundurus|105\/333|[from] Stealth Rock
|turn|14
|
|switch|p1a: Raikou|Raikou|277\/322
|-ability|p1a: Raikou|Pressure
|move|p2a: Thundurus|Hidden Power|p1a: Raikou
|-damage|p1a: Raikou|238\/322
|
|-heal|p2a: Thundurus|125\/333|[from] item: Leftovers
|turn|15
|
|switch|p2a: Heatran|Heatran, F|386\/386
|-damage|p2a: Heatran|338\/386|[from] Stealth Rock
|move|p1a: Raikou|Volt Switch|p2a: Heatran
|-damage|p2a: Heatran|256\/386
|
|switch|p1a: Gliscor|Gliscor, F|194\/343 tox
|
|-heal|p2a: Heatran|280\/386|[from] item: Leftovers
|-heal|p1a: Gliscor|236\/343 tox|[from] ability: Poison Heal
|turn|16
|
|switch|p2a: Venusaur|Venusaur, M|364\/364
|-damage|p2a: Venusaur|319\/364|[from] Stealth Rock
|move|p1a: Gliscor|Earthquake|p2a: Venusaur
|-damage|p2a: Venusaur|210\/364
|
|-heal|p1a: Gliscor|278\/343 tox|[from] ability: Poison Heal
|turn|17
|
|switch|p1a: Gengar|Gengar, F|262\/262
|detailschange|p2a: Venusaur|Venusaur-Mega, M
|message|Venusaur has Mega Evolved into Mega Venusaur!
|move|p2a: Venusaur|Leech Seed|p1a: Gengar
|-start|p1a: Gengar|move: Leech Seed
|
|-damage|p1a: Gengar|230\/262|[from] Leech Seed|[of] p2a: Venusaur
|-heal|p2a: Venusaur|242\/364|[silent]
|turn|18
|
|switch|p1a: Gliscor|Gliscor, F|278\/343 tox
|move|p2a: Venusaur|Protect|p2a: Venusaur
|-fail|p2a: Venusaur
|
|-heal|p1a: Gliscor|320\/343 tox|[from] ability: Poison Heal
|turn|19
|
|move|p1a: Gliscor|Earthquake|p2a: Venusaur
|-damage|p2a: Venusaur|164\/364
|move|p2a: Venusaur|Leech Seed|p1a: Gliscor|[miss]
|-miss|p2a: Venusaur|p1a: Gliscor
|
|-heal|p1a: Gliscor|343\/343 tox|[from] ability: Poison Heal
|turn|20
|
|switch|p1a: Gengar|Gengar, F|230\/262
|move|p2a: Venusaur|Leech Seed|p1a: Gengar
|-start|p1a: Gengar|move: Leech Seed
|
|-damage|p1a: Gengar|198\/262|[from] Leech Seed|[of] p2a: Venusaur
|-heal|p2a: Venusaur|196\/364|[silent]
|turn|21
|c|âArmin X|i missed my leech seed 4 times in the last 3 games
|
|move|p2a: Venusaur|Protect|p2a: Venusaur
|-singleturn|p2a: Venusaur|Protect
|move|p1a: Gengar|Shadow Ball|p2a: Venusaur
|-activate|p2a: Venusaur|Protect
|
|-damage|p1a: Gengar|166\/262|[from] Leech Seed|[of] p2a: Venusaur
|-heal|p2a: Venusaur|228\/364|[silent]
|turn|22
|
|switch|p2a: Heatran|Heatran, F|280\/386
|-damage|p2a: Heatran|232\/386|[from] Stealth Rock
|move|p1a: Gengar|Shadow Ball|p2a: Heatran
|-damage|p2a: Heatran|106\/386
|-damage|p1a: Gengar|140\/262|[from] item: Life Orb
|
|-heal|p2a: Heatran|130\/386|[from] item: Leftovers
|-damage|p1a: Gengar|108\/262|[from] Leech Seed|[of] p2a: Heatran
|-heal|p2a: Heatran|162\/386|[silent]
|turn|23
|
|switch|p1a: Raikou|Raikou|238\/322
|-ability|p1a: Raikou|Pressure
|move|p2a: Heatran|Lava Plume|p1a: Raikou
|-damage|p1a: Raikou|160\/322
|
|-heal|p2a: Heatran|186\/386|[from] item: Leftovers
|turn|24
|
|move|p1a: Raikou|Volt Switch|p2a: Heatran
|-damage|p2a: Heatran|107\/386
|
|switch|p1a: Gliscor|Gliscor, F|343\/343 tox
|move|p2a: Heatran|Lava Plume|p1a: Gliscor
|-damage|p1a: Gliscor|202\/343 tox
|
|-heal|p2a: Heatran|131\/386|[from] item: Leftovers
|-heal|p1a: Gliscor|244\/343 tox|[from] ability: Poison Heal
|turn|25
|
|move|p1a: Gliscor|Earthquake|p2a: Heatran
|-supereffective|p2a: Heatran
|-damage|p2a: Heatran|0 fnt
|faint|p2a: Heatran
|
|-heal|p1a: Gliscor|286\/343 tox|[from] ability: Poison Heal
|
|switch|p2a: Keldeo|Keldeo|69\/323
|-damage|p2a: Keldeo|49\/323|[from] Stealth Rock
|turn|26
|
|switch|p1a: Raikou|Raikou|160\/322
|-ability|p1a: Raikou|Pressure
|move|p2a: Keldeo|Hydro Pump|p1a: Raikou
|-damage|p1a: Raikou|0 fnt
|faint|p1a: Raikou
|
|
|switch|p1a: Scizor|Scizor, F|253\/344
|turn|27
|
|switch|p2a: Machamp|Machamp, M|384\/384
|-damage|p2a: Machamp|360\/384|[from] Stealth Rock
|move|p1a: Scizor|Bullet Punch|p2a: Machamp
|-damage|p2a: Machamp|159\/384
|
|-heal|p2a: Machamp|183\/384|[from] item: Leftovers
|turn|28
|
|move|p1a: Scizor|Bullet Punch|p2a: Machamp
|-damage|p2a: Machamp|0 fnt
|faint|p2a: Machamp
|
|
|switch|p2a: Venusaur|Venusaur-Mega, M|228\/364
|-damage|p2a: Venusaur|183\/364|[from] Stealth Rock
|turn|29
|
|move|p1a: Scizor|Bullet Punch|p2a: Venusaur
|-damage|p2a: Venusaur|81\/364
|move|p2a: Venusaur|Leech Seed|p1a: Scizor
|-start|p1a: Scizor|move: Leech Seed
|
|-damage|p1a: Scizor|210\/344|[from] Leech Seed|[of] p2a: Venusaur
|-heal|p2a: Venusaur|124\/364|[silent]
|turn|30
|
|switch|p1a: Gengar|Gengar, F|108\/262
|move|p2a: Venusaur|Protect|p2a: Venusaur
|-fail|p2a: Venusaur
|
|turn|31
|
|switch|p2a: Keldeo|Keldeo|49\/323
|-damage|p2a: Keldeo|29\/323|[from] Stealth Rock
|move|p1a: Gengar|Shadow Ball|p2a: Keldeo
|-damage|p2a: Keldeo|0 fnt
|-damage|p1a: Gengar|82\/262|[from] item: Life Orb
|faint|p2a: Keldeo
|
|
|switch|p2a: Thundurus|Thundurus, M|125\/333
|-damage|p2a: Thundurus|42\/333|[from] Stealth Rock
|turn|32
|
|switch|p1a: Gliscor|Gliscor, F|286\/343 tox
|move|p2a: Thundurus|Thunder Wave|p1a: Gliscor
|-immune|p1a: Gliscor|[msg]
|
|-heal|p2a: Thundurus|62\/333|[from] item: Leftovers
|-heal|p1a: Gliscor|328\/343 tox|[from] ability: Poison Heal
|turn|33
|
|move|p2a: Thundurus|Hidden Power|p1a: Gliscor
|-supereffective|p1a: Gliscor
|-damage|p1a: Gliscor|0 fnt
|faint|p1a: Gliscor
|
|-heal|p2a: Thundurus|82\/333|[from] item: Leftovers
|
|switch|p1a: Scizor|Scizor, F|210\/344
|turn|34
|
|move|p2a: Thundurus|Thunder Wave|p1a: Scizor
|-status|p1a: Scizor|par
|move|p1a: Scizor|Bullet Punch|p2a: Thundurus
|-crit|p2a: Thundurus
|-resisted|p2a: Thundurus
|-damage|p2a: Thundurus|0 fnt
|faint|p2a: Thundurus
|
|
|switch|p2a: Venusaur|Venusaur-Mega, M|124\/364
|-damage|p2a: Venusaur|79\/364|[from] Stealth Rock
|turn|35
|
|move|p1a: Scizor|Bullet Punch|p2a: Venusaur
|-damage|p2a: Venusaur|0 fnt
|faint|p2a: Venusaur
|
|win|uphaze
|raw|Ladder updating...
|c|âArmin X|gg
|leave|Armin X
|player|p2
|c|âuphaze|gg
|raw|Ladder (probably) updated, but score could not be retrieved (timeout).
|raw|Ladder (probably) updated, but score could not be retrieved (Error: socket hang up).