|join|uphaze
|join|Chupps
|player|p1|uphaze|87
|player|p2|Chupps|184
|gametype|singles
|gen|6
|tier|OU
|rated
|clearpoke
|poke|p1|Diancie
|poke|p1|Gengar, F
|poke|p1|Kyurem-Black
|poke|p1|Scizor, F
|poke|p1|Gliscor, F
|poke|p1|Raikou
|poke|p2|Diancie
|poke|p2|Celebi
|poke|p2|Mamoswine, F
|poke|p2|Skarmory, M
|poke|p2|Keldeo
|poke|p2|Heatran, F
|rule|Swagger Clause: Swagger is banned
|rule|Baton Pass Clause: Limit one PokÃ©mon knowing Baton Pass
|rule|Sleep Clause Mod: Limit one foe put to sleep
|rule|Species Clause: Limit one of each PokÃ©mon
|rule|OHKO Clause: OHKO moves are banned
|rule|Moody Clause: Moody is banned
|rule|Evasion Moves Clause: Evasion moves are banned
|rule|Endless Battle Clause: Forcing endless battles is banned
|rule|HP Percentage Mod: HP is shown in percentages
|teampreview
|
|start
|switch|p1a: Scizor|Scizor, F|344\/344
|switch|p2a: Mamoswine|Mamoswine, F|423\/423
|turn|1
|
|switch|p2a: Heatran|Heatran, F|385\/385
|move|p1a: Scizor|U-turn|p2a: Heatran
|-resisted|p2a: Heatran
|-damage|p2a: Heatran|336\/385
|
|switch|p1a: Gliscor|Gliscor, F|343\/343
|
|-heal|p2a: Heatran|360\/385|[from] item: Leftovers
|-status|p1a: Gliscor|tox|[from] item: Toxic Orb
|turn|2
|
|switch|p2a: Skarmory|Skarmory, M|333\/333
|move|p1a: Gliscor|Stealth Rock|p2a: Skarmory
|-sidestart|p2: Chupps|move: Stealth Rock
|
|turn|3
|
|switch|p1a: Diancie|Diancie|241\/241
|move|p2a: Skarmory|Defog|p1a: Diancie
|-fail|p1a: Diancie|unboost|[from] ability: Clear Body|[of] p1a: Diancie
|-sideend|p2: Chupps|Stealth Rock|[from] move: Defog|[of] p2a: Skarmory
|
|turn|4
|
|switch|p2a: Celebi|Celebi|341\/341
|detailschange|p1a: Diancie|Diancie-Mega
|message|Diancie has Mega Evolved into Mega Diancie!
|move|p1a: Diancie|Moonblast|p2a: Celebi
|-damage|p2a: Celebi|209\/341
|
|-heal|p2a: Celebi|230\/341|[from] item: Leftovers
|turn|5
|
|switch|p2a: Heatran|Heatran, F|360\/385
|move|p1a: Diancie|Protect|p1a: Diancie
|-fail|p1a: Diancie
|
|-heal|p2a: Heatran|384\/385|[from] item: Leftovers
|turn|6
|
|switch|p2a: Celebi|Celebi|230\/341
|move|p1a: Diancie|Earth Power|p2a: Celebi
|-resisted|p2a: Celebi
|-damage|p2a: Celebi|183\/341
|
|-heal|p2a: Celebi|204\/341|[from] item: Leftovers
|turn|7
|
|switch|p1a: Gliscor|Gliscor, F|343\/343 tox
|move|p2a: Celebi|Recover|p2a: Celebi
|-heal|p2a: Celebi|341\/341
|
|turn|8
|
|switch|p2a: Skarmory|Skarmory, M|333\/333
|switch|p1a: Diancie|Diancie-Mega|241\/241
|
|turn|9
|
|switch|p2a: Celebi|Celebi|341\/341
|move|p1a: Diancie|Diamond Storm|p2a: Celebi
|-damage|p2a: Celebi|205\/341
|
|-heal|p2a: Celebi|226\/341|[from] item: Leftovers
|turn|10
|
|switch|p1a: Scizor|Scizor, F|344\/344
|move|p2a: Celebi|Giga Drain|p1a: Scizor
|-resisted|p1a: Scizor
|-damage|p1a: Scizor|316\/344
|-heal|p2a: Celebi|240\/341|[from] drain|[of] p1a: Scizor
|
|-heal|p2a: Celebi|261\/341|[from] item: Leftovers
|turn|11
|
|switch|p2a: Skarmory|Skarmory, M|333\/333
|switch|p1a: Kyurem-Black|Kyurem-Black|391\/391
|-ability|p1a: Kyurem-Black|Teravolt
|
|turn|12
|
|switch|p1a: Diancie|Diancie-Mega|241\/241
|move|p2a: Skarmory|Spikes|p1a: Diancie
|move|p1a: Diancie|Spikes|p2a: Skarmory|[from]Magic Bounce
|-sidestart|p2: Chupps|Spikes
|
|turn|13
|
|move|p1a: Diancie|Moonblast|p2a: Skarmory
|-resisted|p2a: Skarmory
|-damage|p2a: Skarmory|205\/333
|move|p2a: Skarmory|Defog|p1a: Diancie
|move|p1a: Diancie|Defog|p2a: Skarmory|[from]Magic Bounce
|-unboost|p2a: Skarmory|evasion|1
|-sideend|p2: Chupps|Spikes|[from] move: Defog|[of] p2a: Skarmory
|
|turn|14
|
|switch|p1a: Kyurem-Black|Kyurem-Black|391\/391
|-ability|p1a: Kyurem-Black|Teravolt
|switch|p2a: Celebi|Celebi|261\/341
|
|-heal|p2a: Celebi|282\/341|[from] item: Leftovers
|turn|15
|
|switch|p2a: Heatran|Heatran, F|384\/385
|move|p1a: Kyurem-Black|Ice Beam|p2a: Heatran
|-resisted|p2a: Heatran
|-damage|p2a: Heatran|340\/385
|-damage|p1a: Kyurem-Black|352\/391|[from] item: Life Orb
|
|-heal|p2a: Heatran|364\/385|[from] item: Leftovers
|turn|16
|
|switch|p2a: Skarmory|Skarmory, M|205\/333
|move|p1a: Kyurem-Black|Earth Power|p2a: Skarmory
|-immune|p2a: Skarmory|[msg]
|
|turn|17
|
|switch|p2a: Keldeo|Keldeo|323\/323
|move|p1a: Kyurem-Black|Ice Beam|p2a: Keldeo
|-resisted|p2a: Keldeo
|-damage|p2a: Keldeo|206\/323
|-damage|p1a: Kyurem-Black|313\/391|[from] item: Life Orb
|
|turn|18
|
|move|p2a: Keldeo|Icy Wind|p1a: Kyurem-Black
|-damage|p1a: Kyurem-Black|238\/391
|-unboost|p1a: Kyurem-Black|spe|1
|move|p1a: Kyurem-Black|Fusion Bolt|p2a: Keldeo
|-supereffective|p2a: Keldeo
|-damage|p2a: Keldeo|0 fnt
|-damage|p1a: Kyurem-Black|199\/391|[from] item: Life Orb
|faint|p2a: Keldeo
|
|c|âChupps|oml
|c|âChupps|you're so bad
|
|switch|p2a: Mamoswine|Mamoswine, F|423\/423
|turn|19
|
|switch|p1a: Diancie|Diancie-Mega|241\/241
|move|p2a: Mamoswine|Earthquake|p1a: Diancie
|-supereffective|p1a: Diancie
|-damage|p1a: Diancie|0 fnt
|faint|p1a: Diancie
|
|c|âuphaze|...
|c|âChupps|dumbass
|c|âuphaze|why not the rocks
|c|âuphaze|...
|
|switch|p1a: Gengar|Gengar, F|262\/262
|turn|20
|c|âChupps|because you've been making horrid plays already
|c|âuphaze|because it's heatran
|
|move|p1a: Gengar|Shadow Ball|p2a: Mamoswine
|-damage|p2a: Mamoswine|138\/423
|-damage|p1a: Gengar|236\/262|[from] item: Life Orb
|move|p2a: Mamoswine|Knock Off|p1a: Gengar
|-supereffective|p1a: Gengar
|-damage|p1a: Gengar|0 fnt
|-enditem|p1a: Gengar|Life Orb|[from] move: Knock Off|[of] p2a: Mamoswine
|faint|p1a: Gengar
|
|
|switch|p1a: Scizor|Scizor, F|316\/344
|turn|21
|
|switch|p2a: Skarmory|Skarmory, M|205\/333
|move|p1a: Scizor|U-turn|p2a: Skarmory
|-crit|p2a: Skarmory
|-resisted|p2a: Skarmory
|-damage|p2a: Skarmory|160\/333
|-damage|p1a: Scizor|259\/344|[from] item: Rocky Helmet|[of] p2a: Skarmory
|
|switch|p1a: Kyurem-Black|Kyurem-Black|199\/391
|-ability|p1a: Kyurem-Black|Teravolt
|
|turn|22
|
|move|p1a: Kyurem-Black|Earth Power|p2a: Skarmory
|-immune|p2a: Skarmory|[msg]
|move|p2a: Skarmory|Roost|p2a: Skarmory
|-heal|p2a: Skarmory|327\/333
|
|turn|23
|
|move|p1a: Kyurem-Black|Ice Beam|p2a: Skarmory
|-damage|p2a: Skarmory|85\/333
|-damage|p1a: Kyurem-Black|160\/391|[from] item: Life Orb
|move|p2a: Skarmory|Spikes|p1a: Kyurem-Black
|-sidestart|p1: uphaze|Spikes
|
|turn|24
|
|move|p1a: Kyurem-Black|Earth Power|p2a: Skarmory
|-immune|p2a: Skarmory|[msg]
|move|p2a: Skarmory|Spikes|p1a: Kyurem-Black
|-sidestart|p1: uphaze|Spikes
|
|turn|25
|c|âuphaze|...
|c|âChupps|you're so bad lmao
|
|move|p1a: Kyurem-Black|Fusion Bolt|p2a: Skarmory
|-supereffective|p2a: Skarmory
|-damage|p2a: Skarmory|0 fnt
|-damage|p1a: Kyurem-Black|121\/391|[from] item: Life Orb
|faint|p2a: Skarmory
|
|
|switch|p2a: Diancie|Diancie|241\/241
|turn|26
|
|switch|p1a: Scizor|Scizor, F|259\/344
|-damage|p1a: Scizor|202\/344|[from] Spikes
|detailschange|p2a: Diancie|Diancie-Mega
|message|Diancie has Mega Evolved into Mega Diancie!
|move|p2a: Diancie|Protect|p2a: Diancie
|-fail|p2a: Diancie
|
|turn|27
|
|switch|p2a: Heatran|Heatran, F|364\/385
|move|p1a: Scizor|Bullet Punch|p2a: Heatran
|-resisted|p2a: Heatran
|-damage|p2a: Heatran|323\/385
|
|-heal|p2a: Heatran|347\/385|[from] item: Leftovers
|turn|28
|
|switch|p1a: Gliscor|Gliscor, F|343\/343 tox
|move|p2a: Heatran|Substitute|p2a: Heatran
|-start|p2a: Heatran|Substitute
|-damage|p2a: Heatran|251\/385
|
|-heal|p2a: Heatran|275\/385|[from] item: Leftovers
|turn|29
|
|move|p1a: Gliscor|Stealth Rock|p2a: Heatran
|-sidestart|p2: Chupps|move: Stealth Rock
|move|p2a: Heatran|Lava Plume|p1a: Gliscor
|-damage|p1a: Gliscor|135\/343 tox
|
|-heal|p2a: Heatran|299\/385|[from] item: Leftovers
|-heal|p1a: Gliscor|177\/343 tox|[from] ability: Poison Heal
|turn|30
|
|move|p1a: Gliscor|Earthquake|p2a: Heatran
|-supereffective|p2a: Heatran
|-end|p2a: Heatran|Substitute
|move|p2a: Heatran|Lava Plume|p1a: Gliscor
|-damage|p1a: Gliscor|0 fnt
|faint|p1a: Gliscor
|
|-heal|p2a: Heatran|323\/385|[from] item: Leftovers
|
|switch|p1a: Kyurem-Black|Kyurem-Black|121\/391
|-damage|p1a: Kyurem-Black|56\/391|[from] Spikes
|-ability|p1a: Kyurem-Black|Teravolt
|turn|31
|
|switch|p2a: Celebi|Celebi|282\/341
|-damage|p2a: Celebi|240\/341|[from] Stealth Rock
|move|p1a: Kyurem-Black|Ice Beam|p2a: Celebi
|-supereffective|p2a: Celebi
|-damage|p2a: Celebi|0 fnt
|-damage|p1a: Kyurem-Black|17\/391|[from] item: Life Orb
|faint|p2a: Celebi
|
|
|switch|p2a: Diancie|Diancie-Mega|241\/241
|-damage|p2a: Diancie|211\/241|[from] Stealth Rock
|turn|32
|
|move|p2a: Diancie|Moonblast|p1a: Kyurem-Black
|-supereffective|p1a: Kyurem-Black
|-damage|p1a: Kyurem-Black|0 fnt
|faint|p1a: Kyurem-Black
|
|
|switch|p1a: Raikou|Raikou|322\/322
|-damage|p1a: Raikou|269\/322|[from] Spikes
|-ability|p1a: Raikou|Pressure
|turn|33
|
|move|p2a: Diancie|Protect|p2a: Diancie
|-singleturn|p2a: Diancie|Protect
|move|p1a: Raikou|Thunderbolt|p2a: Diancie
|-activate|p2a: Diancie|Protect
|
|turn|34
|
|switch|p2a: Mamoswine|Mamoswine, F|138\/423
|-damage|p2a: Mamoswine|86\/423|[from] Stealth Rock
|move|p1a: Raikou|Shadow Ball|p2a: Mamoswine
|-damage|p2a: Mamoswine|0 fnt
|faint|p2a: Mamoswine
|
|
|switch|p2a: Diancie|Diancie-Mega|211\/241
|-damage|p2a: Diancie|181\/241|[from] Stealth Rock
|turn|35
|
|move|p1a: Raikou|Thunderbolt|p2a: Diancie
|-damage|p2a: Diancie|39\/241
|move|p2a: Diancie|Earth Power|p1a: Raikou
|-supereffective|p1a: Raikou
|-damage|p1a: Raikou|103\/322
|
|turn|36
|
|move|p1a: Raikou|Thunderbolt|p2a: Diancie
|-damage|p2a: Diancie|0 fnt
|faint|p2a: Diancie
|
|
|switch|p2a: Heatran|Heatran, F|323\/385
|-damage|p2a: Heatran|275\/385|[from] Stealth Rock
|turn|37
|
|move|p1a: Raikou|Thunderbolt|p2a: Heatran
|-damage|p2a: Heatran|142\/385
|move|p2a: Heatran|Earth Power|p1a: Raikou
|-supereffective|p1a: Raikou
|-damage|p1a: Raikou|0 fnt
|faint|p1a: Raikou
|
|-heal|p2a: Heatran|166\/385|[from] item: Leftovers
|
|switch|p1a: Scizor|Scizor, F|202\/344
|-damage|p1a: Scizor|145\/344|[from] Spikes
|turn|38
|
|move|p2a: Heatran|Lava Plume|p1a: Scizor
|-supereffective|p1a: Scizor
|-damage|p1a: Scizor|0 fnt
|faint|p1a: Scizor
|
|win|Chupps
|raw|Ladder updating...