|join|ASAIDO
|join|uphaze
|player|p1|ASAIDO|160
|player|p2|uphaze|87
|gametype|singles
|gen|6
|tier|OU
|rated
|clearpoke
|poke|p1|Smeargle, M
|poke|p1|Regirock, shiny
|poke|p1|Latios, M
|poke|p1|Ditto, shiny
|poke|p1|Sableye, M
|poke|p1|Milotic, F
|poke|p2|Sableye, F
|poke|p2|Clefable, M
|poke|p2|Tentacruel, F
|poke|p2|Kyurem-Black
|poke|p2|Landorus-Therian, M
|poke|p2|Rotom-Wash
|rule|Swagger Clause: Swagger is banned
|rule|Baton Pass Clause: Limit one PokÃ©mon knowing Baton Pass
|rule|Sleep Clause Mod: Limit one foe put to sleep
|rule|Species Clause: Limit one of each PokÃ©mon
|rule|OHKO Clause: OHKO moves are banned
|rule|Moody Clause: Moody is banned
|rule|Evasion Moves Clause: Evasion moves are banned
|rule|Endless Battle Clause: Forcing endless battles is banned
|rule|HP Percentage Mod: HP is shown in percentages
|teampreview
|
|start
|switch|p1a: TRAFFIK|Smeargle, M|314\/314
|switch|p2a: Sableye|Sableye, F|304\/304
|turn|1
|join|DanteRayzen
|
|detailschange|p2a: Sableye|Sableye-Mega, F
|message|Sableye has Mega Evolved into Mega Sableye!
|move|p2a: Sableye|Calm Mind|p2a: Sableye
|-boost|p2a: Sableye|spa|1
|-boost|p2a: Sableye|spd|1
|move|p1a: TRAFFIK|Transform|p2a: Sableye
|-transform|p1a: TRAFFIK|p2a: Sableye
|
|turn|2
|leave|DanteRayzen
|
|move|p1a: TRAFFIK|Calm Mind|p1a: TRAFFIK
|-boost|p1a: TRAFFIK|spa|1
|-boost|p1a: TRAFFIK|spd|1
|move|p2a: Sableye|Calm Mind|p2a: Sableye
|-boost|p2a: Sableye|spa|1
|-boost|p2a: Sableye|spd|1
|
|turn|3
|
|switch|p2a: Clefable|Clefable, M|394\/394
|move|p1a: TRAFFIK|Shadow Ball|p2a: Clefable
|-damage|p2a: Clefable|303\/394
|
|-heal|p2a: Clefable|327\/394|[from] item: Leftovers
|turn|4
|
|move|p2a: Clefable|Wish|p2a: Clefable
|move|p1a: TRAFFIK|Shadow Ball|p2a: Clefable
|-damage|p2a: Clefable|242\/394
|
|-heal|p2a: Clefable|266\/394|[from] item: Leftovers
|turn|5
|
|move|p2a: Clefable|Moonblast|p1a: TRAFFIK
|-supereffective|p1a: TRAFFIK
|-damage|p1a: TRAFFIK|134\/314
|-unboost|p1a: TRAFFIK|spa|1
|move|p1a: TRAFFIK|Shadow Ball|p2a: Clefable
|-damage|p2a: Clefable|178\/394
|
|-heal|p2a: Clefable|375\/394|[from] move: Wish|[wisher] Clefable
|-heal|p2a: Clefable|394\/394|[from] item: Leftovers
|turn|6
|
|switch|p1a: DRAKKEN|Milotic, F|394\/394
|move|p2a: Clefable|Moonblast|p1a: DRAKKEN
|-damage|p1a: DRAKKEN|321\/394
|
|-heal|p1a: DRAKKEN|345\/394|[from] item: Leftovers
|turn|7
|
|switch|p2a: Tentacruel|Tentacruel, F|364\/364
|move|p1a: DRAKKEN|Hypnosis|p2a: Tentacruel
|-status|p2a: Tentacruel|slp
|
|-heal|p1a: DRAKKEN|369\/394|[from] item: Leftovers
|turn|8
|
|switch|p2a: Kyurem-Black|Kyurem-Black|391\/391
|-ability|p2a: Kyurem-Black|Teravolt
|move|p1a: DRAKKEN|Dragon Tail|p2a: Kyurem-Black
|-supereffective|p2a: Kyurem-Black
|-damage|p2a: Kyurem-Black|323\/391
|drag|p2a: Tentacruel|Tentacruel, F|364\/364 slp
|
|-heal|p1a: DRAKKEN|393\/394|[from] item: Leftovers
|turn|9
|
|switch|p1a: DRACOTRON|Latios, M|302\/302
|cant|p2a: Tentacruel|slp
|
|turn|10
|
|detailschange|p1a: DRACOTRON|Latios-Mega, M
|message|Latios has Mega Evolved into Mega Latios!
|move|p1a: DRACOTRON|Draco Meteor|p2a: Tentacruel
|-damage|p2a: Tentacruel|138\/364 slp
|-unboost|p1a: DRACOTRON|spa|2
|-curestatus|p2a: Tentacruel|slp
|move|p2a: Tentacruel|Toxic Spikes|p1a: DRACOTRON
|-sidestart|p1: ASAIDO|move: Toxic Spikes
|
|-heal|p2a: Tentacruel|160\/364|[from] item: Black Sludge
|turn|11
|
|switch|p2a: Sableye|Sableye-Mega, F|304\/304
|move|p1a: DRACOTRON|Draco Meteor|p2a: Sableye
|-damage|p2a: Sableye|187\/304
|-unboost|p1a: DRACOTRON|spa|2
|
|turn|12
|
|switch|p1a: DRAKKEN|Milotic, F|393\/394
|-status|p1a: DRAKKEN|psn
|move|p2a: Sableye|Recover|p2a: Sableye
|-heal|p2a: Sableye|304\/304
|
|-heal|p1a: DRAKKEN|394\/394 psn|[from] item: Leftovers
|-damage|p1a: DRAKKEN|345\/394 psn|[from] psn
|turn|13
|
|switch|p2a: Tentacruel|Tentacruel, F|160\/364
|move|p1a: DRAKKEN|Scald|p2a: Tentacruel
|-resisted|p2a: Tentacruel
|-damage|p2a: Tentacruel|120\/364
|-status|p2a: Tentacruel|brn
|
|-heal|p2a: Tentacruel|142\/364 brn|[from] item: Black Sludge
|-heal|p1a: DRAKKEN|369\/394 psn|[from] item: Leftovers
|-damage|p2a: Tentacruel|97\/364 brn|[from] brn
|-damage|p1a: DRAKKEN|320\/394 psn|[from] psn
|turn|14
|
|switch|p1a: FUDGE|Regirock, shiny|301\/301
|-status|p1a: FUDGE|psn
|move|p2a: Tentacruel|Toxic Spikes|p1a: FUDGE
|-sidestart|p1: ASAIDO|move: Toxic Spikes
|
|-heal|p2a: Tentacruel|119\/364 brn|[from] item: Black Sludge
|-damage|p2a: Tentacruel|74\/364 brn|[from] brn
|-damage|p1a: FUDGE|264\/301 psn|[from] psn
|turn|15
|
|move|p2a: Tentacruel|Scald|p1a: FUDGE
|-supereffective|p1a: FUDGE
|-damage|p1a: FUDGE|154\/301 psn
|-enditem|p1a: FUDGE|Weakness Policy
|-boost|p1a: FUDGE|atk|2|[from] item: Weakness Policy
|-boost|p1a: FUDGE|spa|2|[from] item: Weakness Policy
|move|p1a: FUDGE|Rock Polish|p1a: FUDGE
|-boost|p1a: FUDGE|spe|2
|
|-heal|p2a: Tentacruel|96\/364 brn|[from] item: Black Sludge
|-damage|p1a: FUDGE|117\/301 psn|[from] psn
|-damage|p2a: Tentacruel|51\/364 brn|[from] brn
|turn|16
|
|switch|p2a: Landorus-Therian|Landorus-Therian, M|320\/320
|-ability|p2a: Landorus-Therian|Intimidate|[of] p1a: FUDGE
|-fail|p1a: FUDGE|unboost|[from] ability: Clear Body|[of] p1a: FUDGE
|move|p1a: FUDGE|Drain Punch|p2a: Landorus-Therian
|-resisted|p2a: Landorus-Therian
|-damage|p2a: Landorus-Therian|245\/320
|-heal|p1a: FUDGE|155\/301 psn|[from] drain|[of] p2a: Landorus-Therian
|
|-damage|p1a: FUDGE|118\/301 psn|[from] psn
|turn|17
|
|move|p2a: Landorus-Therian|Earthquake|p1a: FUDGE
|-supereffective|p1a: FUDGE
|-damage|p1a: FUDGE|0 fnt
|faint|p1a: FUDGE
|
|
|switch|p1a: DRACOTRON|Latios-Mega, M|302\/302
|turn|18
|
|switch|p2a: Clefable|Clefable, M|394\/394
|move|p1a: DRACOTRON|Psyshock|p2a: Clefable
|-damage|p2a: Clefable|247\/394
|
|-heal|p2a: Clefable|271\/394|[from] item: Leftovers
|turn|19
|
|move|p1a: DRACOTRON|Psyshock|p2a: Clefable
|-damage|p2a: Clefable|127\/394
|move|p2a: Clefable|Wish|p2a: Clefable
|
|-heal|p2a: Clefable|151\/394|[from] item: Leftovers
|turn|20
|
|move|p2a: Clefable|Protect|p2a: Clefable
|-singleturn|p2a: Clefable|Protect
|move|p1a: DRACOTRON|Psyshock|p2a: Clefable
|-activate|p2a: Clefable|Protect
|
|-heal|p2a: Clefable|348\/394|[from] move: Wish|[wisher] Clefable
|-heal|p2a: Clefable|372\/394|[from] item: Leftovers
|turn|21
|
|switch|p1a: DRAKKEN|Milotic, F|320\/394 psn
|move|p2a: Clefable|Wish|p2a: Clefable
|
|-heal|p1a: DRAKKEN|344\/394 psn|[from] item: Leftovers
|-heal|p2a: Clefable|394\/394|[from] item: Leftovers
|-damage|p1a: DRAKKEN|295\/394 psn|[from] psn
|turn|22
|
|switch|p2a: Tentacruel|Tentacruel, F|51\/364 brn
|move|p1a: DRAKKEN|Hypnosis|p2a: Tentacruel
|-fail|p2a: Tentacruel
|
|-heal|p2a: Tentacruel|248\/364 brn|[from] move: Wish|[wisher] Clefable
|-heal|p2a: Tentacruel|270\/364 brn|[from] item: Black Sludge
|-heal|p1a: DRAKKEN|319\/394 psn|[from] item: Leftovers
|-damage|p2a: Tentacruel|225\/364 brn|[from] brn
|-damage|p1a: DRAKKEN|270\/394 psn|[from] psn
|turn|23
|
|switch|p2a: Kyurem-Black|Kyurem-Black|323\/391
|-ability|p2a: Kyurem-Black|Teravolt
|switch|p1a: DRACOTRON|Latios-Mega, M|302\/302
|
|turn|24
|
|switch|p2a: Clefable|Clefable, M|394\/394
|move|p1a: DRACOTRON|Draco Meteor|p2a: Clefable
|-immune|p2a: Clefable|[msg]
|
|turn|25
|
|move|p1a: DRACOTRON|Psyshock|p2a: Clefable
|-damage|p2a: Clefable|238\/394
|move|p2a: Clefable|Wish|p2a: Clefable
|
|-heal|p2a: Clefable|262\/394|[from] item: Leftovers
|turn|26
|
|switch|p1a: DRAKKEN|Milotic, F|270\/394 psn
|move|p2a: Clefable|Moonblast|p1a: DRAKKEN
|-damage|p1a: DRAKKEN|204\/394 psn
|
|-heal|p2a: Clefable|394\/394|[from] move: Wish|[wisher] Clefable
|-heal|p1a: DRAKKEN|228\/394 psn|[from] item: Leftovers
|-damage|p1a: DRAKKEN|179\/394 psn|[from] psn
|turn|27
|
|switch|p2a: Kyurem-Black|Kyurem-Black|323\/391
|-ability|p2a: Kyurem-Black|Teravolt
|move|p1a: DRAKKEN|Recover|p1a: DRAKKEN
|-heal|p1a: DRAKKEN|376\/394 psn
|
|-heal|p1a: DRAKKEN|394\/394 psn|[from] item: Leftovers
|-damage|p1a: DRAKKEN|345\/394 psn|[from] psn
|turn|28
|
|move|p2a: Kyurem-Black|Ice Beam|p1a: DRAKKEN
|-resisted|p1a: DRAKKEN
|-damage|p1a: DRAKKEN|284\/394 psn
|-damage|p2a: Kyurem-Black|284\/391|[from] item: Life Orb
|move|p1a: DRAKKEN|Scald|p2a: Kyurem-Black
|-crit|p2a: Kyurem-Black
|-resisted|p2a: Kyurem-Black
|-damage|p2a: Kyurem-Black|203\/391
|
|-heal|p1a: DRAKKEN|308\/394 psn|[from] item: Leftovers
|-damage|p1a: DRAKKEN|259\/394 psn|[from] psn
|turn|29
|
|move|p2a: Kyurem-Black|Fusion Bolt|p1a: DRAKKEN
|-supereffective|p1a: DRAKKEN
|-damage|p1a: DRAKKEN|0 fnt
|-damage|p2a: Kyurem-Black|164\/391|[from] item: Life Orb
|faint|p1a: DRAKKEN
|
|
|switch|p1a: TWELVE|Ditto, shiny|300\/300
|-status|p1a: TWELVE|tox
|-transform|p1a: TWELVE|p2a: Kyurem-Black
|-ability|p1a: TWELVE|Teravolt
|turn|30
|
|switch|p2a: Tentacruel|Tentacruel, F|225\/364 brn
|move|p1a: TWELVE|Focus Blast|p2a: Tentacruel|[miss]
|-miss|p1a: TWELVE|p2a: Tentacruel
|
|-heal|p2a: Tentacruel|247\/364 brn|[from] item: Black Sludge
|-damage|p1a: TWELVE|282\/300 tox|[from] psn
|-damage|p2a: Tentacruel|202\/364 brn|[from] brn
|turn|31
|
|switch|p2a: Landorus-Therian|Landorus-Therian, M|245\/320
|-ability|p2a: Landorus-Therian|Intimidate|[of] p1a: TWELVE
|-unboost|p1a: TWELVE|atk|1
|move|p1a: TWELVE|Earth Power|p2a: Landorus-Therian
|-immune|p2a: Landorus-Therian|[msg]
|
|-damage|p1a: TWELVE|246\/300 tox|[from] psn
|turn|32
|
|switch|p2a: Rotom-Wash|Rotom-Wash|304\/304
|move|p1a: TWELVE|Ice Beam|p2a: Rotom-Wash
|-resisted|p2a: Rotom-Wash
|-damage|p2a: Rotom-Wash|226\/304
|
|-damage|p1a: TWELVE|192\/300 tox|[from] psn
|turn|33
|
|move|p2a: Rotom-Wash|Volt Switch|p1a: TWELVE
|-resisted|p1a: TWELVE
|-damage|p1a: TWELVE|138\/300 tox
|
|switch|p2a: Clefable|Clefable, M|394\/394
|move|p1a: TWELVE|Ice Beam|p2a: Clefable
|-damage|p2a: Clefable|240\/394
|
|-heal|p2a: Clefable|264\/394|[from] item: Leftovers
|-damage|p1a: TWELVE|66\/300 tox|[from] psn
|turn|34
|
|switch|p1a: DRACOTRON|Latios-Mega, M|302\/302
|move|p2a: Clefable|Protect|p2a: Clefable
|-fail|p2a: Clefable
|
|-heal|p2a: Clefable|288\/394|[from] item: Leftovers
|turn|35
|
|move|p1a: DRACOTRON|Psyshock|p2a: Clefable
|-damage|p2a: Clefable|147\/394
|move|p2a: Clefable|Wish|p2a: Clefable
|
|-heal|p2a: Clefable|171\/394|[from] item: Leftovers
|turn|36
|-message|ASAIDO forfeited.
|
|win|uphaze
|raw|Ladder updating...
|leave|ASAIDO
|player|p1
|raw|ASAIDO's rating: 1217 &rarr; <strong>1192<\/strong><br \/>(-25 for losing)
|raw|uphaze's rating: 1216 &rarr; <strong>1241<\/strong><br \/>(+25 for winning)