|join|Spiny-Z
|join|uphaze
|player|p1|Spiny-Z|267
|player|p2|uphaze|87
|gametype|singles
|gen|6
|tier|OU
|rated
|clearpoke
|poke|p1|Sableye, M
|poke|p1|Chansey, F
|poke|p1|Skarmory, M
|poke|p1|Whimsicott, F
|poke|p1|Heatran, M
|poke|p1|Quagsire, M
|poke|p2|Diancie
|poke|p2|Gengar, F
|poke|p2|Kyurem-Black
|poke|p2|Scizor, F
|poke|p2|Gliscor, M
|poke|p2|Raikou
|rule|Swagger Clause: Swagger is banned
|rule|Baton Pass Clause: Limit one PokÃ©mon knowing Baton Pass
|rule|Sleep Clause Mod: Limit one foe put to sleep
|rule|Species Clause: Limit one of each PokÃ©mon
|rule|OHKO Clause: OHKO moves are banned
|rule|Moody Clause: Moody is banned
|rule|Evasion Moves Clause: Evasion moves are banned
|rule|Endless Battle Clause: Forcing endless battles is banned
|rule|HP Percentage Mod: HP is shown in percentages
|teampreview
|
|start
|switch|p1a: SableTroll|Sableye, M|303\/303
|switch|p2a: Diancie|Diancie|241\/241
|turn|1
|
|switch|p1a: NoNoeuf|Chansey, F|703\/703
|detailschange|p2a: Diancie|Diancie-Mega
|message|Diancie has Mega Evolved into Mega Diancie!
|move|p2a: Diancie|Protect|p2a: Diancie
|-fail|p2a: Diancie
|
|turn|2
|
|move|p2a: Diancie|Diamond Storm|p1a: NoNoeuf
|-damage|p1a: NoNoeuf|469\/703
|-boost|p2a: Diancie|def|1
|move|p1a: NoNoeuf|Wish|p1a: NoNoeuf
|
|turn|3
|
|switch|p2a: Gliscor|Gliscor, M|346\/346
|move|p1a: NoNoeuf|Seismic Toss|p2a: Gliscor
|-damage|p2a: Gliscor|246\/346
|
|-heal|p1a: NoNoeuf|703\/703|[from] move: Wish|[wisher] NoNoeuf
|-status|p2a: Gliscor|tox|[from] item: Toxic Orb
|turn|4
|
|switch|p2a: Diancie|Diancie-Mega|241\/241
|switch|p1a: Bird of Steel|Skarmory, M|333\/333
|
|turn|5
|
|switch|p1a: NoNoeuf|Chansey, F|703\/703
|move|p2a: Diancie|Diamond Storm|p1a: NoNoeuf
|-damage|p1a: NoNoeuf|483\/703
|
|turn|6
|
|switch|p2a: Gliscor|Gliscor, M|246\/346 tox
|switch|p1a: Eruptran|Heatran, M|385\/385
|
|-heal|p2a: Gliscor|289\/346 tox|[from] ability: Poison Heal
|turn|7
|
|switch|p1a: Bird of Steel|Skarmory, M|333\/333
|move|p2a: Gliscor|Earthquake|p1a: Bird of Steel
|-immune|p1a: Bird of Steel|[msg]
|
|-heal|p2a: Gliscor|332\/346 tox|[from] ability: Poison Heal
|turn|8
|
|switch|p2a: Diancie|Diancie-Mega|241\/241
|move|p1a: Bird of Steel|Whirlwind|p2a: Diancie
|move|p2a: Diancie|Whirlwind|p1a: Bird of Steel|[from]Magic Bounce
|drag|p1a: DouDouillet|Whimsicott, F|265\/265
|
|turn|9
|c|âSpiny-Z|thx
|
|switch|p1a: Eruptran|Heatran, M|385\/385
|move|p2a: Diancie|Diamond Storm|p1a: Eruptran
|-damage|p1a: Eruptran|202\/385
|-boost|p2a: Diancie|def|1
|
|-heal|p1a: Eruptran|226\/385|[from] item: Leftovers
|turn|10
|
|move|p1a: Eruptran|Protect|p1a: Eruptran
|-singleturn|p1a: Eruptran|Protect
|move|p2a: Diancie|Earth Power|p1a: Eruptran
|-activate|p1a: Eruptran|Protect
|
|-heal|p1a: Eruptran|250\/385|[from] item: Leftovers
|turn|11
|
|switch|p1a: NoNoeuf|Chansey, F|483\/703
|move|p2a: Diancie|Earth Power|p1a: NoNoeuf
|-damage|p1a: NoNoeuf|409\/703
|
|turn|12
|
|switch|p2a: Gliscor|Gliscor, M|332\/346 tox
|move|p1a: NoNoeuf|Wish|p1a: NoNoeuf
|
|-heal|p2a: Gliscor|346\/346 tox|[from] ability: Poison Heal
|turn|13
|
|move|p2a: Gliscor|Stealth Rock|p1a: NoNoeuf
|-sidestart|p1: Spiny-Z|move: Stealth Rock
|move|p1a: NoNoeuf|Seismic Toss|p2a: Gliscor
|-damage|p2a: Gliscor|246\/346 tox
|
|-heal|p1a: NoNoeuf|703\/703|[from] move: Wish|[wisher] NoNoeuf
|-heal|p2a: Gliscor|289\/346 tox|[from] ability: Poison Heal
|turn|14
|
|switch|p2a: Diancie|Diancie-Mega|241\/241
|switch|p1a: Bird of Steel|Skarmory, M|333\/333
|-damage|p1a: Bird of Steel|292\/333|[from] Stealth Rock
|
|turn|15
|join|HyperVegetableBoy
|
|switch|p2a: Gengar|Gengar, F|262\/262
|move|p1a: Bird of Steel|Defog|p2a: Gengar
|-unboost|p2a: Gengar|evasion|1
|-sideend|p1: Spiny-Z|Stealth Rock|[from] move: Defog|[of] p1a: Bird of Steel
|
|turn|16
|c| HyperVegetableBoy|beaner
|c|âSpiny-Z|?
|c|âSpiny-Z|what?
|c| HyperVegetableBoy|u a beaner
|
|move|p2a: Gengar|Shadow Ball|p1a: Bird of Steel
|-damage|p1a: Bird of Steel|35\/333
|-unboost|p1a: Bird of Steel|spd|1
|-damage|p2a: Gengar|236\/262|[from] item: Life Orb
|move|p1a: Bird of Steel|Stealth Rock|p2a: Gengar
|-sidestart|p2: uphaze|move: Stealth Rock
|
|turn|17
|c|âSpiny-Z|?
|c|âSpiny-Z|whattt?
|c| HyperVegetableBoy|and we wont let u cross the border
|c|âSpiny-Z|i don't understand you fgt
|c|âSpiny-Z|?
|c|âSpiny-Z|xD
|c|âSpiny-Z|i don't understand omg
|raw|<div class="broadcast-red"><b>Moderated chat was set to +!<\/b><br \/>Only users of rank + and higher can talk.<\/div>
|
|switch|p1a: Eruptran|Heatran, M|250\/385
|move|p2a: Gengar|Shadow Ball|p1a: Eruptran
|-damage|p1a: Eruptran|116\/385
|-damage|p2a: Gengar|210\/262|[from] item: Life Orb
|
|-heal|p1a: Eruptran|140\/385|[from] item: Leftovers
|turn|18
|
|move|p1a: Eruptran|Protect|p1a: Eruptran
|-singleturn|p1a: Eruptran|Protect
|move|p2a: Gengar|Shadow Ball|p1a: Eruptran
|-activate|p1a: Eruptran|Protect
|
|-heal|p1a: Eruptran|164\/385|[from] item: Leftovers
|turn|19
|
|move|p2a: Gengar|Shadow Ball|p1a: Eruptran
|-damage|p1a: Eruptran|24\/385
|-damage|p2a: Gengar|184\/262|[from] item: Life Orb
|move|p1a: Eruptran|Lava Plume|p2a: Gengar
|-damage|p2a: Gengar|28\/262
|
|-heal|p1a: Eruptran|48\/385|[from] item: Leftovers
|turn|20
|
|move|p1a: Eruptran|Protect|p1a: Eruptran
|-singleturn|p1a: Eruptran|Protect
|move|p2a: Gengar|Shadow Ball|p1a: Eruptran
|-activate|p1a: Eruptran|Protect
|
|-heal|p1a: Eruptran|72\/385|[from] item: Leftovers
|turn|21
|
|switch|p1a: NoNoeuf|Chansey, F|703\/703
|move|p2a: Gengar|Shadow Ball|p1a: NoNoeuf
|-immune|p1a: NoNoeuf|[msg]
|
|turn|22
|
|move|p2a: Gengar|Taunt|p1a: NoNoeuf
|-start|p1a: NoNoeuf|move: Taunt
|move|p1a: NoNoeuf|Seismic Toss|p2a: Gengar
|-immune|p2a: Gengar|[msg]
|
|turn|23
|c|âSpiny-Z|..
|c|âSpiny-Z|i was predicting a switch
|
|move|p2a: Gengar|Shadow Ball|p1a: NoNoeuf
|-immune|p1a: NoNoeuf|[msg]
|move|p1a: NoNoeuf|Seismic Toss|p2a: Gengar
|-immune|p2a: Gengar|[msg]
|
|turn|24
|
|move|p2a: Gengar|Will-O-Wisp|p1a: NoNoeuf
|-status|p1a: NoNoeuf|brn
|move|p1a: NoNoeuf|Seismic Toss|p2a: Gengar
|-immune|p2a: Gengar|[msg]
|
|-damage|p1a: NoNoeuf|616\/703 brn|[from] brn
|-end|p1a: NoNoeuf|move: Taunt
|turn|25
|
|move|p2a: Gengar|Shadow Ball|p1a: NoNoeuf
|-immune|p1a: NoNoeuf|[msg]
|move|p1a: NoNoeuf|Seismic Toss|p2a: Gengar
|-immune|p2a: Gengar|[msg]
|
|-damage|p1a: NoNoeuf|529\/703 brn|[from] brn
|turn|26
|join|rfgbgfnfgnfgn
|
|switch|p1a: SableTroll|Sableye, M|303\/303
|move|p2a: Gengar|Taunt|p1a: SableTroll
|-start|p1a: SableTroll|move: Taunt
|
|turn|27
|
|move|p2a: Gengar|Giga Drain|p1a: SableTroll
|-damage|p1a: SableTroll|143\/303
|-heal|p2a: Gengar|108\/262|[from] drain|[of] p1a: SableTroll
|-damage|p2a: Gengar|82\/262|[from] item: Life Orb
|move|p1a: SableTroll|Dark Pulse|p2a: Gengar
|-supereffective|p2a: Gengar
|-damage|p2a: Gengar|0 fnt
|faint|p2a: Gengar
|
|
|switch|p2a: Diancie|Diancie-Mega|241\/241
|-damage|p2a: Diancie|211\/241|[from] Stealth Rock
|turn|28
|
|switch|p1a: NoNoeuf|Chansey, F|529\/703
|move|p2a: Diancie|Diamond Storm|p1a: NoNoeuf
|-damage|p1a: NoNoeuf|285\/703
|
|turn|29
|
|move|p2a: Diancie|Diamond Storm|p1a: NoNoeuf
|-damage|p1a: NoNoeuf|51\/703
|-boost|p2a: Diancie|def|1
|move|p1a: NoNoeuf|Wish|p1a: NoNoeuf
|
|turn|30
|leave|rfgbgfnfgnfgn
|
|move|p1a: NoNoeuf|Protect|p1a: NoNoeuf
|-singleturn|p1a: NoNoeuf|Protect
|move|p2a: Diancie|Diamond Storm|p1a: NoNoeuf
|-activate|p1a: NoNoeuf|Protect
|
|-heal|p1a: NoNoeuf|402\/703|[from] move: Wish|[wisher] NoNoeuf
|turn|31
|
|move|p2a: Diancie|Diamond Storm|p1a: NoNoeuf
|-damage|p1a: NoNoeuf|183\/703
|move|p1a: NoNoeuf|Wish|p1a: NoNoeuf
|
|turn|32
|
|move|p1a: NoNoeuf|Protect|p1a: NoNoeuf
|-singleturn|p1a: NoNoeuf|Protect
|move|p2a: Diancie|Diamond Storm|p1a: NoNoeuf
|-activate|p1a: NoNoeuf|Protect
|
|-heal|p1a: NoNoeuf|534\/703|[from] move: Wish|[wisher] NoNoeuf
|turn|33
|
|switch|p2a: Gliscor|Gliscor, M|289\/346 tox
|-damage|p2a: Gliscor|246\/346 tox|[from] Stealth Rock
|move|p1a: NoNoeuf|Wish|p1a: NoNoeuf
|
|-heal|p2a: Gliscor|289\/346 tox|[from] ability: Poison Heal
|turn|34
|
|switch|p1a: SableTroll|Sableye, M|143\/303
|move|p2a: Gliscor|Ice Fang|p1a: SableTroll
|-damage|p1a: SableTroll|86\/303
|
|-heal|p1a: SableTroll|303\/303|[from] move: Wish|[wisher] NoNoeuf
|-heal|p2a: Gliscor|332\/346 tox|[from] ability: Poison Heal
|turn|35
|
|switch|p2a: Diancie|Diancie-Mega|211\/241
|-damage|p2a: Diancie|181\/241|[from] Stealth Rock
|switch|p1a: NoNoeuf|Chansey, F|534\/703
|
|turn|36
|
|switch|p2a: Gliscor|Gliscor, M|332\/346 tox
|-damage|p2a: Gliscor|289\/346 tox|[from] Stealth Rock
|move|p1a: NoNoeuf|Wish|p1a: NoNoeuf
|
|-heal|p2a: Gliscor|332\/346 tox|[from] ability: Poison Heal
|turn|37
|
|switch|p1a: Bird of Steel|Skarmory, M|35\/333
|move|p2a: Gliscor|Earthquake|p1a: Bird of Steel
|-immune|p1a: Bird of Steel|[msg]
|
|-heal|p1a: Bird of Steel|333\/333|[from] move: Wish|[wisher] NoNoeuf
|-heal|p2a: Gliscor|346\/346 tox|[from] ability: Poison Heal
|turn|38
|
|move|p2a: Gliscor|Stealth Rock|p1a: Bird of Steel
|-sidestart|p1: Spiny-Z|move: Stealth Rock
|move|p1a: Bird of Steel|Whirlwind|p2a: Gliscor
|drag|p2a: Raikou|Raikou|322\/322
|-damage|p2a: Raikou|282\/322|[from] Stealth Rock
|-ability|p2a: Raikou|Pressure
|
|turn|39
|
|switch|p2a: Kyurem-Black|Kyurem-Black|391\/391
|-damage|p2a: Kyurem-Black|294\/391|[from] Stealth Rock
|-ability|p2a: Kyurem-Black|Teravolt
|switch|p1a: SwagSire|Quagsire, M|393\/393
|-damage|p1a: SwagSire|369\/393|[from] Stealth Rock
|
|-heal|p1a: SwagSire|393\/393|[from] item: Leftovers
|turn|40
|
|move|p2a: Kyurem-Black|Focus Blast|p1a: SwagSire|[miss]
|-miss|p2a: Kyurem-Black|p1a: SwagSire
|move|p1a: SwagSire|Toxic|p2a: Kyurem-Black
|-status|p2a: Kyurem-Black|tox
|
|-damage|p2a: Kyurem-Black|270\/391 tox|[from] psn
|turn|41
|
|move|p2a: Kyurem-Black|Ice Beam|p1a: SwagSire
|-damage|p1a: SwagSire|134\/393
|-damage|p2a: Kyurem-Black|231\/391 tox|[from] item: Life Orb
|move|p1a: SwagSire|Recover|p1a: SwagSire
|-heal|p1a: SwagSire|331\/393
|
|-heal|p1a: SwagSire|355\/393|[from] item: Leftovers
|-damage|p2a: Kyurem-Black|183\/391 tox|[from] psn
|turn|42
|
|move|p2a: Kyurem-Black|Ice Beam|p1a: SwagSire
|-damage|p1a: SwagSire|86\/393
|-damage|p2a: Kyurem-Black|144\/391 tox|[from] item: Life Orb
|move|p1a: SwagSire|Recover|p1a: SwagSire
|-heal|p1a: SwagSire|283\/393
|
|-heal|p1a: SwagSire|307\/393|[from] item: Leftovers
|-damage|p2a: Kyurem-Black|72\/391 tox|[from] psn
|turn|43
|
|switch|p1a: Eruptran|Heatran, M|72\/385
|-damage|p1a: Eruptran|24\/385|[from] Stealth Rock
|move|p2a: Kyurem-Black|Ice Beam|p1a: Eruptran
|-resisted|p1a: Eruptran
|-damage|p1a: Eruptran|0 fnt
|-damage|p2a: Kyurem-Black|33\/391 tox|[from] item: Life Orb
|faint|p1a: Eruptran
|
|-damage|p2a: Kyurem-Black|0 fnt|[from] psn
|faint|p2a: Kyurem-Black
|
|switch|p2a: Diancie|Diancie-Mega|181\/241
|switch|p1a: Bird of Steel|Skarmory, M|333\/333
|-damage|p2a: Diancie|151\/241|[from] Stealth Rock
|-damage|p1a: Bird of Steel|292\/333|[from] Stealth Rock
|turn|44
|
|move|p2a: Diancie|Moonblast|p1a: Bird of Steel
|-resisted|p1a: Bird of Steel
|-damage|p1a: Bird of Steel|165\/333
|-unboost|p1a: Bird of Steel|spa|1
|move|p1a: Bird of Steel|Defog|p2a: Diancie
|move|p2a: Diancie|Defog|p1a: Bird of Steel|[from]Magic Bounce
|-unboost|p1a: Bird of Steel|evasion|1
|-sideend|p1: Spiny-Z|Stealth Rock|[from] move: Defog|[of] p1a: Bird of Steel
|-sideend|p2: uphaze|Stealth Rock|[from] move: Defog|[of] p2a: Diancie
|
|turn|45
|
|switch|p2a: Scizor|Scizor, F|344\/344
|move|p1a: Bird of Steel|Roost|p1a: Bird of Steel
|-heal|p1a: Bird of Steel|332\/333
|
|turn|46
|
|move|p2a: Scizor|U-turn|p1a: Bird of Steel
|-resisted|p1a: Bird of Steel
|-damage|p1a: Bird of Steel|304\/333
|
|switch|p2a: Diancie|Diancie-Mega|151\/241
|move|p1a: Bird of Steel|Whirlwind|p2a: Diancie
|move|p2a: Diancie|Whirlwind|p1a: Bird of Steel|[from]Magic Bounce
|drag|p1a: DouDouillet|Whimsicott, F|265\/265
|
|turn|47
|
|switch|p2a: Scizor|Scizor, F|344\/344
|switch|p1a: SwagSire|Quagsire, M|307\/393
|
|-heal|p1a: SwagSire|331\/393|[from] item: Leftovers
|turn|48
|
|move|p2a: Scizor|U-turn|p1a: SwagSire
|-damage|p1a: SwagSire|178\/393
|
|switch|p2a: Gliscor|Gliscor, M|346\/346 tox
|move|p1a: SwagSire|Earthquake|p2a: Gliscor
|-immune|p2a: Gliscor|[msg]
|
|-heal|p1a: SwagSire|202\/393|[from] item: Leftovers
|turn|49
|
|move|p2a: Gliscor|Toxic|p1a: SwagSire|[miss]
|-miss|p2a: Gliscor|p1a: SwagSire
|move|p1a: SwagSire|Recover|p1a: SwagSire
|-heal|p1a: SwagSire|393\/393
|
|turn|50
|
|switch|p2a: Diancie|Diancie-Mega|151\/241
|switch|p1a: Bird of Steel|Skarmory, M|304\/333
|
|turn|51
|
|switch|p2a: Scizor|Scizor, F|344\/344
|move|p1a: Bird of Steel|Whirlwind|p2a: Scizor
|drag|p2a: Gliscor|Gliscor, M|346\/346 tox
|
|turn|52
|
|switch|p2a: Diancie|Diancie-Mega|151\/241
|move|p1a: Bird of Steel|Whirlwind|p2a: Diancie
|move|p2a: Diancie|Whirlwind|p1a: Bird of Steel|[from]Magic Bounce
|drag|p1a: SwagSire|Quagsire, M|393\/393
|
|turn|53
|
|move|p2a: Diancie|Moonblast|p1a: SwagSire
|-damage|p1a: SwagSire|117\/393
|-unboost|p1a: SwagSire|spa|1
|move|p1a: SwagSire|Scald|p2a: Diancie
|-supereffective|p2a: Diancie
|-damage|p2a: Diancie|65\/241
|
|-heal|p1a: SwagSire|141\/393|[from] item: Leftovers
|turn|54
|
|switch|p2a: Scizor|Scizor, F|344\/344
|switch|p1a: NoNoeuf|Chansey, F|534\/703
|
|turn|55
|
|move|p1a: NoNoeuf|Protect|p1a: NoNoeuf
|-singleturn|p1a: NoNoeuf|Protect
|move|p2a: Scizor|U-turn|p1a: NoNoeuf
|-activate|p1a: NoNoeuf|Protect
|
|turn|56
|
|switch|p1a: Bird of Steel|Skarmory, M|304\/333
|move|p2a: Scizor|U-turn|p1a: Bird of Steel
|-crit|p1a: Bird of Steel
|-resisted|p1a: Bird of Steel
|-damage|p1a: Bird of Steel|264\/333
|
|switch|p2a: Raikou|Raikou|282\/322
|-ability|p2a: Raikou|Pressure
|
|turn|57
|
|switch|p2a: Diancie|Diancie-Mega|65\/241
|switch|p1a: NoNoeuf|Chansey, F|534\/703
|
|turn|58
|
|switch|p2a: Scizor|Scizor, F|344\/344
|move|p1a: NoNoeuf|Seismic Toss|p2a: Scizor
|-damage|p2a: Scizor|244\/344
|
|turn|59
|
|move|p1a: NoNoeuf|Protect|p1a: NoNoeuf
|-singleturn|p1a: NoNoeuf|Protect
|move|p2a: Scizor|U-turn|p1a: NoNoeuf
|-activate|p1a: NoNoeuf|Protect
|
|turn|60
|
|move|p2a: Scizor|U-turn|p1a: NoNoeuf
|-damage|p1a: NoNoeuf|269\/703
|
|switch|p2a: Gliscor|Gliscor, M|346\/346 tox
|move|p1a: NoNoeuf|Wish|p1a: NoNoeuf
|
|turn|61
|
|switch|p1a: SwagSire|Quagsire, M|141\/393
|move|p2a: Gliscor|Stealth Rock|p1a: SwagSire
|-sidestart|p1: Spiny-Z|move: Stealth Rock
|
|-heal|p1a: SwagSire|393\/393|[from] move: Wish|[wisher] NoNoeuf
|turn|62
|
|move|p2a: Gliscor|Toxic|p1a: SwagSire
|-status|p1a: SwagSire|tox
|move|p1a: SwagSire|Scald|p2a: Gliscor
|-supereffective|p2a: Gliscor
|-damage|p2a: Gliscor|182\/346 tox
|
|-heal|p2a: Gliscor|225\/346 tox|[from] ability: Poison Heal
|-damage|p1a: SwagSire|369\/393 tox|[from] psn
|turn|63
|
|switch|p1a: NoNoeuf|Chansey, F|269\/703
|-damage|p1a: NoNoeuf|182\/703|[from] Stealth Rock
|move|p2a: Gliscor|Earthquake|p1a: NoNoeuf
|-damage|p1a: NoNoeuf|0 fnt
|faint|p1a: NoNoeuf
|
|-heal|p2a: Gliscor|268\/346 tox|[from] ability: Poison Heal
|
|switch|p1a: SableTroll|Sableye, M|303\/303
|-damage|p1a: SableTroll|266\/303|[from] Stealth Rock
|turn|64
|
|switch|p2a: Scizor|Scizor, F|244\/344
|detailschange|p1a: SableTroll|Sableye-Mega, M
|message|Sableye has Mega Evolved into Mega Sableye!
|move|p1a: SableTroll|Will-O-Wisp|p2a: Scizor
|-status|p2a: Scizor|brn
|
|-damage|p2a: Scizor|201\/344 brn|[from] brn
|turn|65
|
|move|p2a: Scizor|U-turn|p1a: SableTroll
|-damage|p1a: SableTroll|208\/303
|
|switch|p2a: Gliscor|Gliscor, M|268\/346 tox
|move|p1a: SableTroll|Dark Pulse|p2a: Gliscor
|-damage|p2a: Gliscor|169\/346 tox
|
|-heal|p2a: Gliscor|212\/346 tox|[from] ability: Poison Heal
|turn|66
|
|switch|p2a: Diancie|Diancie-Mega|65\/241
|move|p1a: SableTroll|Recover|p1a: SableTroll
|-heal|p1a: SableTroll|303\/303
|
|turn|67
|
|switch|p1a: Bird of Steel|Skarmory, M|264\/333
|-damage|p1a: Bird of Steel|223\/333|[from] Stealth Rock
|move|p2a: Diancie|Moonblast|p1a: Bird of Steel
|-resisted|p1a: Bird of Steel
|-damage|p1a: Bird of Steel|85\/333
|
|turn|68
|
|move|p2a: Diancie|Moonblast|p1a: Bird of Steel
|-resisted|p1a: Bird of Steel
|-damage|p1a: Bird of Steel|0 fnt
|faint|p1a: Bird of Steel
|
|
|switch|p1a: SwagSire|Quagsire, M|369\/393 tox
|-damage|p1a: SwagSire|345\/393 tox|[from] Stealth Rock
|turn|69
|
|switch|p2a: Scizor|Scizor, F|201\/344 brn
|move|p1a: SwagSire|Scald|p2a: Scizor
|-damage|p2a: Scizor|134\/344 brn
|
|-heal|p1a: SwagSire|369\/393 tox|[from] item: Leftovers
|-damage|p2a: Scizor|91\/344 brn|[from] brn
|-damage|p1a: SwagSire|345\/393 tox|[from] psn
|turn|70
|
|move|p2a: Scizor|U-turn|p1a: SwagSire
|-damage|p1a: SwagSire|264\/393 tox
|
|switch|p2a: Raikou|Raikou|282\/322
|-ability|p2a: Raikou|Pressure
|move|p1a: SwagSire|Recover|p1a: SwagSire
|-heal|p1a: SwagSire|393\/393 tox
|
|-damage|p1a: SwagSire|345\/393 tox|[from] psn
|turn|71
|
|switch|p1a: DouDouillet|Whimsicott, F|265\/265
|-damage|p1a: DouDouillet|232\/265|[from] Stealth Rock
|move|p2a: Raikou|Shadow Ball|p1a: DouDouillet
|-crit|p1a: DouDouillet
|-damage|p1a: DouDouillet|118\/265
|
|-heal|p1a: DouDouillet|134\/265|[from] item: Leftovers
|turn|72
|
|switch|p2a: Diancie|Diancie-Mega|65\/241
|move|p1a: DouDouillet|Leech Seed|p2a: Diancie
|move|p2a: Diancie|Leech Seed|p1a: DouDouillet|[from]Magic Bounce
|-immune|p1a: DouDouillet|[msg]
|
|-heal|p1a: DouDouillet|150\/265|[from] item: Leftovers
|turn|73
|c|âuphaze|gg
|c|âSpiny-Z|GG
|
|move|p1a: DouDouillet|Leech Seed|p2a: Diancie
|move|p2a: Diancie|Leech Seed|p1a: DouDouillet|[from]Magic Bounce
|-immune|p1a: DouDouillet|[msg]
|move|p2a: Diancie|Moonblast|p1a: DouDouillet
|-damage|p1a: DouDouillet|0 fnt
|faint|p1a: DouDouillet
|
|
|switch|p1a: SwagSire|Quagsire, M|345\/393 tox
|-damage|p1a: SwagSire|321\/393 tox|[from] Stealth Rock
|turn|74
|
|switch|p2a: Raikou|Raikou|282\/322
|-ability|p2a: Raikou|Pressure
|move|p1a: SwagSire|Earthquake|p2a: Raikou
|-supereffective|p2a: Raikou
|-damage|p2a: Raikou|22\/322
|
|-heal|p1a: SwagSire|345\/393 tox|[from] item: Leftovers
|-damage|p1a: SwagSire|321\/393 tox|[from] psn
|turn|75
|
|move|p2a: Raikou|Shadow Ball|p1a: SwagSire
|-damage|p1a: SwagSire|192\/393 tox
|move|p1a: SwagSire|Earthquake|p2a: Raikou
|-supereffective|p2a: Raikou
|-damage|p2a: Raikou|0 fnt
|faint|p2a: Raikou
|
|-heal|p1a: SwagSire|216\/393 tox|[from] item: Leftovers
|-damage|p1a: SwagSire|168\/393 tox|[from] psn
|
|switch|p2a: Diancie|Diancie-Mega|65\/241
|turn|76
|c|âuphaze|252 SpA Diancie Moonblast vs. 252 HP \/ 4 SpD Quagsire: 256-303 (64.9 - 76.9%)
|c|âuphaze|it's over
|
|move|p2a: Diancie|Moonblast|p1a: SwagSire
|-damage|p1a: SwagSire|0 fnt
|faint|p1a: SwagSire
|
|-message|Spiny-Z forfeited.
|
|win|uphaze
|raw|Ladder updating...
|leave|Spiny-Z
|player|p1