|join|uphaze
|join|Hachimaki98
|player|p1|uphaze|87
|player|p2|Hachimaki98|170
|gametype|singles
|gen|6
|tier|OU
|rated
|clearpoke
|poke|p1|Sableye, M
|poke|p1|Clefable, F
|poke|p1|Tentacruel, F
|poke|p1|Kyurem-Black
|poke|p1|Landorus-Therian, M
|poke|p1|Rotom-Wash
|poke|p2|Heracross, F
|poke|p2|Landorus-Therian, M
|poke|p2|Heatran, F
|poke|p2|Slowbro, F
|poke|p2|Breloom, F
|poke|p2|Talonflame, F
|rule|Swagger Clause: Swagger is banned
|rule|Baton Pass Clause: Limit one PokÃ©mon knowing Baton Pass
|rule|Sleep Clause Mod: Limit one foe put to sleep
|rule|Species Clause: Limit one of each PokÃ©mon
|rule|OHKO Clause: OHKO moves are banned
|rule|Moody Clause: Moody is banned
|rule|Evasion Moves Clause: Evasion moves are banned
|rule|Endless Battle Clause: Forcing endless battles is banned
|rule|HP Percentage Mod: HP is shown in percentages
|teampreview
|
|start
|switch|p1a: Landorus-Therian|Landorus-Therian, M|320\/320
|switch|p2a: Landorus-Therian|Landorus-Therian, M|319\/319
|-ability|p1a: Landorus-Therian|Intimidate|[of] p2a: Landorus-Therian
|-unboost|p2a: Landorus-Therian|atk|1
|-ability|p2a: Landorus-Therian|Intimidate|[of] p1a: Landorus-Therian
|-unboost|p1a: Landorus-Therian|atk|1
|turn|1
|
|switch|p1a: Tentacruel|Tentacruel, F|364\/364
|move|p2a: Landorus-Therian|Knock Off|p1a: Tentacruel
|-damage|p1a: Tentacruel|273\/364
|-enditem|p1a: Tentacruel|Black Sludge|[from] move: Knock Off|[of] p2a: Landorus-Therian
|
|turn|2
|
|switch|p2a: Breloom|Breloom, F|324\/324
|move|p1a: Tentacruel|Toxic Spikes|p2a: Breloom
|-sidestart|p2: Hachimaki98|move: Toxic Spikes
|
|-status|p2a: Breloom|tox|[from] item: Toxic Orb
|turn|3
|
|move|p1a: Tentacruel|Toxic Spikes|p2a: Breloom
|-sidestart|p2: Hachimaki98|move: Toxic Spikes
|move|p2a: Breloom|Substitute|p2a: Breloom
|-start|p2a: Breloom|Substitute
|-damage|p2a: Breloom|243\/324 tox
|
|-heal|p2a: Breloom|283\/324 tox|[from] ability: Poison Heal
|turn|4
|
|-singleturn|p2a: Breloom|move: Focus Punch
|move|p1a: Tentacruel|Scald|p2a: Breloom
|-resisted|p2a: Breloom
|-activate|p2a: Breloom|Substitute|[damage]
|move|p2a: Breloom|Focus Punch|p1a: Tentacruel
|-resisted|p1a: Tentacruel
|-damage|p1a: Tentacruel|142\/364
|
|-heal|p2a: Breloom|323\/324 tox|[from] ability: Poison Heal
|turn|5
|
|switch|p1a: Sableye|Sableye, M|304\/304
|move|p2a: Breloom|Bullet Seed|p1a: Sableye
|-damage|p1a: Sableye|261\/304
|-damage|p1a: Sableye|221\/304
|-hitcount|p1a: Sableye|2
|
|-heal|p2a: Breloom|324\/324 tox|[from] ability: Poison Heal
|turn|6
|
|detailschange|p1a: Sableye|Sableye-Mega, M
|message|Sableye has Mega Evolved into Mega Sableye!
|move|p1a: Sableye|Recover|p1a: Sableye
|-heal|p1a: Sableye|304\/304
|move|p2a: Breloom|Leech Seed|p1a: Sableye
|move|p1a: Sableye|Leech Seed|p2a: Breloom|[from]Magic Bounce
|-immune|p2a: Breloom|[msg]
|
|turn|7
|
|move|p2a: Breloom|Bullet Seed|p1a: Sableye
|-damage|p1a: Sableye|271\/304
|-damage|p1a: Sableye|240\/304
|-damage|p1a: Sableye|212\/304
|-hitcount|p1a: Sableye|3
|move|p1a: Sableye|Calm Mind|p1a: Sableye
|-boost|p1a: Sableye|spa|1
|-boost|p1a: Sableye|spd|1
|
|turn|8
|
|move|p2a: Breloom|Bullet Seed|p1a: Sableye
|-damage|p1a: Sableye|184\/304
|-damage|p1a: Sableye|154\/304
|-damage|p1a: Sableye|126\/304
|-damage|p1a: Sableye|96\/304
|-hitcount|p1a: Sableye|4
|move|p1a: Sableye|Recover|p1a: Sableye
|-heal|p1a: Sableye|248\/304
|
|turn|9
|
|move|p2a: Breloom|Bullet Seed|p1a: Sableye
|-damage|p1a: Sableye|220\/304
|-damage|p1a: Sableye|190\/304
|-damage|p1a: Sableye|162\/304
|-damage|p1a: Sableye|134\/304
|-hitcount|p1a: Sableye|4
|move|p1a: Sableye|Recover|p1a: Sableye
|-heal|p1a: Sableye|286\/304
|
|turn|10
|
|move|p2a: Breloom|Bullet Seed|p1a: Sableye
|-damage|p1a: Sableye|258\/304
|-damage|p1a: Sableye|228\/304
|-hitcount|p1a: Sableye|2
|move|p1a: Sableye|Calm Mind|p1a: Sableye
|-boost|p1a: Sableye|spa|1
|-boost|p1a: Sableye|spd|1
|
|turn|11
|
|move|p2a: Breloom|Bullet Seed|p1a: Sableye
|-crit|p1a: Sableye
|-damage|p1a: Sableye|186\/304
|-crit|p1a: Sableye
|-damage|p1a: Sableye|137\/304
|-damage|p1a: Sableye|106\/304
|-damage|p1a: Sableye|78\/304
|-hitcount|p1a: Sableye|4
|move|p1a: Sableye|Recover|p1a: Sableye
|-heal|p1a: Sableye|230\/304
|
|turn|12
|
|move|p2a: Breloom|Bullet Seed|p1a: Sableye
|-damage|p1a: Sableye|199\/304
|-damage|p1a: Sableye|171\/304
|-damage|p1a: Sableye|140\/304
|-crit|p1a: Sableye
|-damage|p1a: Sableye|92\/304
|-damage|p1a: Sableye|65\/304
|-hitcount|p1a: Sableye|5
|move|p1a: Sableye|Recover|p1a: Sableye
|-heal|p1a: Sableye|217\/304
|
|turn|13
|
|move|p2a: Breloom|Bullet Seed|p1a: Sableye
|-damage|p1a: Sableye|189\/304
|-damage|p1a: Sableye|162\/304
|-hitcount|p1a: Sableye|2
|move|p1a: Sableye|Recover|p1a: Sableye
|-heal|p1a: Sableye|304\/304
|
|turn|14
|
|move|p2a: Breloom|Bullet Seed|p1a: Sableye
|-damage|p1a: Sableye|276\/304
|-damage|p1a: Sableye|248\/304
|-hitcount|p1a: Sableye|2
|move|p1a: Sableye|Calm Mind|p1a: Sableye
|-boost|p1a: Sableye|spa|1
|-boost|p1a: Sableye|spd|1
|
|turn|15
|
|move|p2a: Breloom|Bullet Seed|p1a: Sableye
|-damage|p1a: Sableye|217\/304
|-damage|p1a: Sableye|186\/304
|-damage|p1a: Sableye|159\/304
|-damage|p1a: Sableye|131\/304
|-hitcount|p1a: Sableye|4
|move|p1a: Sableye|Recover|p1a: Sableye
|-heal|p1a: Sableye|283\/304
|
|turn|16
|
|move|p2a: Breloom|Bullet Seed|p1a: Sableye
|-damage|p1a: Sableye|256\/304
|-damage|p1a: Sableye|226\/304
|-damage|p1a: Sableye|199\/304
|-hitcount|p1a: Sableye|3
|move|p1a: Sableye|Calm Mind|p1a: Sableye
|-boost|p1a: Sableye|spa|1
|-boost|p1a: Sableye|spd|1
|
|turn|17
|
|move|p2a: Breloom|Bullet Seed|p1a: Sableye
|-damage|p1a: Sableye|169\/304
|-damage|p1a: Sableye|139\/304
|-damage|p1a: Sableye|112\/304
|-damage|p1a: Sableye|81\/304
|-damage|p1a: Sableye|48\/304
|-hitcount|p1a: Sableye|5
|move|p1a: Sableye|Recover|p1a: Sableye
|-heal|p1a: Sableye|200\/304
|
|turn|18
|
|move|p2a: Breloom|Bullet Seed|p1a: Sableye
|-damage|p1a: Sableye|169\/304
|-crit|p1a: Sableye
|-damage|p1a: Sableye|121\/304
|-damage|p1a: Sableye|91\/304
|-damage|p1a: Sableye|60\/304
|-hitcount|p1a: Sableye|4
|move|p1a: Sableye|Recover|p1a: Sableye
|-heal|p1a: Sableye|212\/304
|
|turn|19
|
|move|p2a: Breloom|Bullet Seed|p1a: Sableye
|-damage|p1a: Sableye|184\/304
|-crit|p1a: Sableye
|-damage|p1a: Sableye|142\/304
|-damage|p1a: Sableye|109\/304
|-damage|p1a: Sableye|78\/304
|-hitcount|p1a: Sableye|4
|move|p1a: Sableye|Recover|p1a: Sableye
|-heal|p1a: Sableye|230\/304
|
|turn|20
|
|move|p2a: Breloom|Bullet Seed|p1a: Sableye
|-damage|p1a: Sableye|200\/304
|-damage|p1a: Sableye|169\/304
|-damage|p1a: Sableye|136\/304
|-hitcount|p1a: Sableye|3
|move|p1a: Sableye|Recover|p1a: Sableye
|-heal|p1a: Sableye|288\/304
|
|turn|21
|
|move|p2a: Breloom|Bullet Seed|p1a: Sableye
|-damage|p1a: Sableye|257\/304
|-damage|p1a: Sableye|227\/304
|-damage|p1a: Sableye|196\/304
|-damage|p1a: Sableye|166\/304
|-damage|p1a: Sableye|135\/304
|-hitcount|p1a: Sableye|5
|move|p1a: Sableye|Shadow Ball|p2a: Breloom
|-end|p2a: Breloom|Substitute
|
|turn|22
|
|move|p2a: Breloom|Bullet Seed|p1a: Sableye
|-damage|p1a: Sableye|104\/304
|-damage|p1a: Sableye|77\/304
|-damage|p1a: Sableye|47\/304
|-damage|p1a: Sableye|20\/304
|-hitcount|p1a: Sableye|4
|move|p1a: Sableye|Recover|p1a: Sableye
|-heal|p1a: Sableye|172\/304
|
|turn|23
|
|move|p2a: Breloom|Substitute|p2a: Breloom
|-start|p2a: Breloom|Substitute
|-damage|p2a: Breloom|243\/324 tox
|move|p1a: Sableye|Recover|p1a: Sableye
|-heal|p1a: Sableye|304\/304
|
|-heal|p2a: Breloom|283\/324 tox|[from] ability: Poison Heal
|turn|24
|
|move|p2a: Breloom|Bullet Seed|p1a: Sableye
|-damage|p1a: Sableye|274\/304
|-damage|p1a: Sableye|246\/304
|-damage|p1a: Sableye|215\/304
|-damage|p1a: Sableye|184\/304
|-damage|p1a: Sableye|156\/304
|-hitcount|p1a: Sableye|5
|move|p1a: Sableye|Shadow Ball|p2a: Breloom
|-end|p2a: Breloom|Substitute
|
|-heal|p2a: Breloom|323\/324 tox|[from] ability: Poison Heal
|turn|25
|c|âuphaze|could you please don't touch me 4 or 5 times each time ? -.-
|
|move|p2a: Breloom|Bullet Seed|p1a: Sableye
|-damage|p1a: Sableye|128\/304
|-damage|p1a: Sableye|100\/304
|-damage|p1a: Sableye|70\/304
|-damage|p1a: Sableye|42\/304
|-damage|p1a: Sableye|12\/304
|-hitcount|p1a: Sableye|5
|move|p1a: Sableye|Recover|p1a: Sableye
|-heal|p1a: Sableye|164\/304
|
|-heal|p2a: Breloom|324\/324 tox|[from] ability: Poison Heal
|turn|26
|c|âHachimaki98|Nope :D
|
|move|p2a: Breloom|Bullet Seed|p1a: Sableye
|-damage|p1a: Sableye|131\/304
|-damage|p1a: Sableye|103\/304
|-crit|p1a: Sableye
|-damage|p1a: Sableye|60\/304
|-hitcount|p1a: Sableye|3
|move|p1a: Sableye|Recover|p1a: Sableye
|-heal|p1a: Sableye|212\/304
|
|turn|27
|
|move|p2a: Breloom|Bullet Seed|p1a: Sableye
|-damage|p1a: Sableye|181\/304
|-damage|p1a: Sableye|154\/304
|-damage|p1a: Sableye|123\/304
|-hitcount|p1a: Sableye|3
|move|p1a: Sableye|Recover|p1a: Sableye
|-heal|p1a: Sableye|275\/304
|
|turn|28
|
|move|p2a: Breloom|Bullet Seed|p1a: Sableye
|-damage|p1a: Sableye|248\/304
|-damage|p1a: Sableye|217\/304
|-damage|p1a: Sableye|187\/304
|-hitcount|p1a: Sableye|3
|move|p1a: Sableye|Shadow Ball|p2a: Breloom
|-damage|p2a: Breloom|0 fnt
|faint|p2a: Breloom
|
|
|switch|p2a: F|Heracross, F|359\/359
|-status|p2a: F|tox
|turn|29
|
|detailschange|p2a: F|Heracross-Mega, F
|message|Heracross has Mega Evolved into Mega Heracross!
|move|p2a: F|Pin Missile|p1a: Sableye|[miss]
|-miss|p2a: F|p1a: Sableye
|move|p1a: Sableye|Shadow Ball|p2a: F
|-crit|p2a: F
|-damage|p2a: F|28\/359 tox
|
|-damage|p2a: F|6\/359 tox|[from] psn
|turn|30
|
|switch|p1a: Landorus-Therian|Landorus-Therian, M|320\/320
|-ability|p1a: Landorus-Therian|Intimidate|[of] p2a: F
|-unboost|p2a: F|atk|1
|move|p2a: F|Pin Missile|p1a: Landorus-Therian
|-resisted|p1a: Landorus-Therian
|-damage|p1a: Landorus-Therian|299\/320
|-resisted|p1a: Landorus-Therian
|-damage|p1a: Landorus-Therian|275\/320
|-crit|p1a: Landorus-Therian
|-resisted|p1a: Landorus-Therian
|-damage|p1a: Landorus-Therian|217\/320
|-resisted|p1a: Landorus-Therian
|-damage|p1a: Landorus-Therian|195\/320
|-resisted|p1a: Landorus-Therian
|-damage|p1a: Landorus-Therian|173\/320
|-hitcount|p1a: Landorus-Therian|5
|
|-damage|p2a: F|0 fnt|[from] psn
|faint|p2a: F
|
|switch|p2a: Talonflame|Talonflame, F|297\/297
|turn|31
|
|switch|p1a: Rotom-Wash|Rotom-Wash|304\/304
|move|p2a: Talonflame|Brave Bird|p1a: Rotom-Wash
|-crit|p1a: Rotom-Wash
|-resisted|p1a: Rotom-Wash
|-damage|p1a: Rotom-Wash|138\/304
|-damage|p2a: Talonflame|242\/297|[from] recoil|[of] p1a: Rotom-Wash
|
|turn|32
|
|switch|p2a: Landorus-Therian|Landorus-Therian, M|319\/319
|-ability|p2a: Landorus-Therian|Intimidate|[of] p1a: Rotom-Wash
|-unboost|p1a: Rotom-Wash|atk|1
|move|p1a: Rotom-Wash|Volt Switch|p2a: Landorus-Therian
|-immune|p2a: Landorus-Therian|[msg]
|
|turn|33
|
|switch|p1a: Clefable|Clefable, F|394\/394
|move|p2a: Landorus-Therian|U-turn|p1a: Clefable
|-resisted|p1a: Clefable
|-damage|p1a: Clefable|351\/394
|
|switch|p2a: Heatran|Heatran, F|357\/357
|
|-heal|p1a: Clefable|375\/394|[from] item: Leftovers
|turn|34
|
|switch|p1a: Sableye|Sableye-Mega, M|187\/304
|move|p2a: Heatran|Stealth Rock|p1a: Sableye
|move|p1a: Sableye|Stealth Rock|p2a: Heatran|[from]Magic Bounce
|-sidestart|p2: Hachimaki98|move: Stealth Rock
|
|turn|35
|
|move|p2a: Heatran|Lava Plume|p1a: Sableye
|-damage|p1a: Sableye|82\/304
|move|p1a: Sableye|Shadow Ball|p2a: Heatran
|-damage|p2a: Heatran|278\/357
|-unboost|p2a: Heatran|spd|1
|
|-heal|p2a: Heatran|300\/357|[from] item: Leftovers
|turn|36
|
|move|p2a: Heatran|Lava Plume|p1a: Sableye
|-damage|p1a: Sableye|0 fnt
|faint|p1a: Sableye
|
|-heal|p2a: Heatran|322\/357|[from] item: Leftovers
|
|switch|p1a: Kyurem-Black|Kyurem-Black|391\/391
|-ability|p1a: Kyurem-Black|Teravolt
|turn|37
|
|switch|p2a: Landorus-Therian|Landorus-Therian, M|319\/319
|-damage|p2a: Landorus-Therian|280\/319|[from] Stealth Rock
|-ability|p2a: Landorus-Therian|Intimidate|[of] p1a: Kyurem-Black
|-unboost|p1a: Kyurem-Black|atk|1
|move|p1a: Kyurem-Black|Ice Beam|p2a: Landorus-Therian
|-supereffective|p2a: Landorus-Therian
|-damage|p2a: Landorus-Therian|0 fnt
|-damage|p1a: Kyurem-Black|352\/391|[from] item: Life Orb
|faint|p2a: Landorus-Therian
|
|
|switch|p2a: Slowbro|Slowbro, F|394\/394
|-status|p2a: Slowbro|tox
|-damage|p2a: Slowbro|345\/394 tox|[from] Stealth Rock
|turn|38
|
|switch|p1a: Clefable|Clefable, F|375\/394
|move|p2a: Slowbro|Thunder Wave|p1a: Clefable
|-status|p1a: Clefable|par
|
|-heal|p2a: Slowbro|369\/394 tox|[from] item: Leftovers
|-heal|p1a: Clefable|394\/394 par|[from] item: Leftovers
|-damage|p2a: Slowbro|345\/394 tox|[from] psn
|turn|39
|
|switch|p2a: Heatran|Heatran, F|322\/357
|-damage|p2a: Heatran|278\/357|[from] Stealth Rock
|switch|p1a: Rotom-Wash|Rotom-Wash|138\/304
|
|-heal|p2a: Heatran|300\/357|[from] item: Leftovers
|turn|40
|
|move|p1a: Rotom-Wash|Hydro Pump|p2a: Heatran
|-supereffective|p2a: Heatran
|-damage|p2a: Heatran|28\/357
|move|p2a: Heatran|Stealth Rock|p1a: Rotom-Wash
|-sidestart|p1: uphaze|move: Stealth Rock
|
|-heal|p2a: Heatran|50\/357|[from] item: Leftovers
|turn|41
|
|move|p2a: Heatran|Protect|p2a: Heatran
|-singleturn|p2a: Heatran|Protect
|move|p1a: Rotom-Wash|Hydro Pump|p2a: Heatran
|-activate|p2a: Heatran|Protect
|
|-heal|p2a: Heatran|72\/357|[from] item: Leftovers
|turn|42
|
|move|p2a: Heatran|Protect|p2a: Heatran
|-fail|p2a: Heatran
|move|p1a: Rotom-Wash|Hydro Pump|p2a: Heatran
|-crit|p2a: Heatran
|-supereffective|p2a: Heatran
|-damage|p2a: Heatran|0 fnt
|faint|p2a: Heatran
|
|
|switch|p2a: Talonflame|Talonflame, F|242\/297
|-damage|p2a: Talonflame|94\/297|[from] Stealth Rock
|turn|43
|
|switch|p1a: Tentacruel|Tentacruel, F|142\/364
|-damage|p1a: Tentacruel|97\/364|[from] Stealth Rock
|move|p2a: Talonflame|Brave Bird|p1a: Tentacruel
|-damage|p1a: Tentacruel|0 fnt
|-damage|p2a: Talonflame|62\/297|[from] recoil|[of] p1a: Tentacruel
|faint|p1a: Tentacruel
|
|
|switch|p1a: Landorus-Therian|Landorus-Therian, M|173\/320
|-damage|p1a: Landorus-Therian|133\/320|[from] Stealth Rock
|-ability|p1a: Landorus-Therian|Intimidate|[of] p2a: Talonflame
|-unboost|p2a: Talonflame|atk|1
|turn|44
|
|move|p2a: Talonflame|Brave Bird|p1a: Landorus-Therian
|-damage|p1a: Landorus-Therian|0 fnt
|-damage|p2a: Talonflame|18\/297|[from] recoil|[of] p1a: Landorus-Therian
|faint|p1a: Landorus-Therian
|
|
|switch|p1a: Rotom-Wash|Rotom-Wash|138\/304
|-damage|p1a: Rotom-Wash|100\/304|[from] Stealth Rock
|turn|45
|
|move|p2a: Talonflame|Brave Bird|p1a: Rotom-Wash
|-resisted|p1a: Rotom-Wash
|-damage|p1a: Rotom-Wash|15\/304
|-damage|p2a: Talonflame|0 fnt|[from] recoil|[of] p1a: Rotom-Wash
|faint|p2a: Talonflame
|move|p1a: Rotom-Wash|Volt Switch|p2: Talonflame|[notarget]
|-notarget
|
|
|switch|p2a: Slowbro|Slowbro, F|394\/394 tox
|-damage|p2a: Slowbro|345\/394 tox|[from] Stealth Rock
|turn|46
|
|move|p1a: Rotom-Wash|Volt Switch|p2a: Slowbro
|-supereffective|p2a: Slowbro
|-damage|p2a: Slowbro|115\/394 tox
|
|switch|p1a: Clefable|Clefable, F|394\/394 par
|-damage|p1a: Clefable|345\/394 par|[from] Stealth Rock
|move|p2a: Slowbro|Scald|p1a: Clefable
|-damage|p1a: Clefable|251\/394 par
|
|-heal|p2a: Slowbro|139\/394 tox|[from] item: Leftovers
|-heal|p1a: Clefable|275\/394 par|[from] item: Leftovers
|-damage|p2a: Slowbro|115\/394 tox|[from] psn
|turn|47
|
|move|p2a: Slowbro|Slack Off|p2a: Slowbro
|-heal|p2a: Slowbro|312\/394 tox
|cant|p1a: Clefable|par
|
|-heal|p2a: Slowbro|336\/394 tox|[from] item: Leftovers
|-heal|p1a: Clefable|299\/394 par|[from] item: Leftovers
|-damage|p2a: Slowbro|288\/394 tox|[from] psn
|turn|48
|
|move|p2a: Slowbro|Scald|p1a: Clefable
|-damage|p1a: Clefable|200\/394 par
|move|p1a: Clefable|Wish|p1a: Clefable
|
|-heal|p2a: Slowbro|312\/394 tox|[from] item: Leftovers
|-heal|p1a: Clefable|224\/394 par|[from] item: Leftovers
|-damage|p2a: Slowbro|240\/394 tox|[from] psn
|turn|49
|
|move|p2a: Slowbro|Scald|p1a: Clefable
|-damage|p1a: Clefable|121\/394 par
|move|p1a: Clefable|Moonblast|p2a: Slowbro
|-damage|p2a: Slowbro|114\/394 tox
|
|-heal|p1a: Clefable|318\/394 par|[from] move: Wish|[wisher] Clefable
|-heal|p2a: Slowbro|138\/394 tox|[from] item: Leftovers
|-heal|p1a: Clefable|342\/394 par|[from] item: Leftovers
|-damage|p2a: Slowbro|42\/394 tox|[from] psn
|turn|50
|
|move|p2a: Slowbro|Flamethrower|p1a: Clefable
|-crit|p1a: Clefable
|-damage|p1a: Clefable|224\/394 par
|move|p1a: Clefable|Moonblast|p2a: Slowbro
|-damage|p2a: Slowbro|0 fnt
|faint|p2a: Slowbro
|
|win|uphaze
|raw|Ladder updating...
|leave|Hachimaki98
|player|p2
|raw|uphaze's rating: 1343 &rarr; <strong>1365<\/strong><br \/>(+22 for winning)
|raw|Hachimaki98's rating: 1376 &rarr; <strong>1354<\/strong><br \/>(-22 for losing)