|join|This is my Tremor!
|join|uphaze
|player|p1|This is my Tremor!|65
|player|p2|uphaze|87
|gametype|singles
|gen|6
|tier|OU
|rated
|clearpoke
|poke|p1|Charizard, M
|poke|p1|Amoonguss, M
|poke|p1|Rotom-Wash
|poke|p1|Landorus-Therian, M
|poke|p1|Latias, F
|poke|p1|Azumarill, F
|poke|p2|Politoed, M
|poke|p2|Omastar, M
|poke|p2|Ferrothorn, M
|poke|p2|Qwilfish, F
|poke|p2|Seismitoad, M
|poke|p2|Ludicolo, M
|rule|Swagger Clause: Swagger is banned
|rule|Baton Pass Clause: Limit one PokÃ©mon knowing Baton Pass
|rule|Sleep Clause Mod: Limit one foe put to sleep
|rule|Species Clause: Limit one of each PokÃ©mon
|rule|OHKO Clause: OHKO moves are banned
|rule|Moody Clause: Moody is banned
|rule|Evasion Moves Clause: Evasion moves are banned
|rule|Endless Battle Clause: Forcing endless battles is banned
|rule|HP Percentage Mod: HP is shown in percentages
|teampreview
|
|start
|switch|p1a: Rotom-Wash|Rotom-Wash|304\/304
|switch|p2a: Politoed|Politoed, M|384\/384
|-weather|RainDance
|turn|1
|
|switch|p2a: Seismitoad|Seismitoad, M|351\/351
|move|p1a: Rotom-Wash|Will-O-Wisp|p2a: Seismitoad
|-status|p2a: Seismitoad|brn
|
|-weather|RainDance|[upkeep]
|-damage|p2a: Seismitoad|308\/351 brn|[from] brn
|turn|2
|
|switch|p1a: Amoonguss|Amoonguss, M|432\/432
|move|p2a: Seismitoad|Stealth Rock|p1a: Amoonguss
|-sidestart|p1: This is my Tremor!|move: Stealth Rock
|
|-weather|RainDance|[upkeep]
|-damage|p2a: Seismitoad|265\/351 brn|[from] brn
|turn|3
|
|switch|p1a: Latias|Latias, F|302\/302
|-damage|p1a: Latias|265\/302|[from] Stealth Rock
|move|p2a: Seismitoad|Knock Off|p1a: Latias
|-supereffective|p1a: Latias
|-damage|p1a: Latias|119\/302
|-enditem|p1a: Latias|Leftovers|[from] move: Knock Off|[of] p2a: Seismitoad
|-damage|p2a: Seismitoad|230\/351 brn|[from] item: Life Orb
|
|-weather|RainDance|[upkeep]
|-damage|p2a: Seismitoad|187\/351 brn|[from] brn
|turn|4
|
|move|p2a: Seismitoad|Knock Off|p1a: Latias
|-supereffective|p1a: Latias
|-damage|p1a: Latias|18\/302
|-damage|p2a: Seismitoad|152\/351 brn|[from] item: Life Orb
|move|p1a: Latias|Recover|p1a: Latias
|-heal|p1a: Latias|169\/302
|
|-weather|RainDance|[upkeep]
|-damage|p2a: Seismitoad|109\/351 brn|[from] brn
|turn|5
|
|switch|p2a: Ferrothorn|Ferrothorn, M|352\/352
|move|p1a: Latias|Recover|p1a: Latias
|-heal|p1a: Latias|302\/302
|
|-weather|RainDance|[upkeep]
|turn|6
|
|move|p1a: Latias|Hidden Power|p2a: Ferrothorn
|-supereffective|p2a: Ferrothorn
|-damage|p2a: Ferrothorn|232\/352
|move|p2a: Ferrothorn|Gyro Ball|p1a: Latias
|-damage|p1a: Latias|0 fnt
|faint|p1a: Latias
|
|-weather|RainDance|[upkeep]
|
|switch|p1a: Azumarill|Azumarill, F|404\/404
|-damage|p1a: Azumarill|354\/404|[from] Stealth Rock
|turn|7
|
|switch|p2a: Qwilfish|Qwilfish, F|272\/272
|move|p1a: Azumarill|Superpower|p2a: Qwilfish
|-resisted|p2a: Qwilfish
|-damage|p2a: Qwilfish|100\/272
|-unboost|p1a: Azumarill|atk|1
|-unboost|p1a: Azumarill|def|1
|
|-weather|RainDance|[upkeep]
|turn|8
|
|move|p2a: Qwilfish|Poison Jab|p1a: Azumarill
|-crit|p1a: Azumarill
|-supereffective|p1a: Azumarill
|-damage|p1a: Azumarill|0 fnt
|-damage|p2a: Qwilfish|73\/272|[from] item: Life Orb
|faint|p1a: Azumarill
|
|-weather|none
|
|switch|p1a: Rotom-Wash|Rotom-Wash|304\/304
|-damage|p1a: Rotom-Wash|266\/304|[from] Stealth Rock
|turn|9
|
|switch|p2a: Politoed|Politoed, M|384\/384
|-weather|RainDance
|move|p1a: Rotom-Wash|Will-O-Wisp|p2a: Politoed
|-status|p2a: Politoed|brn
|
|-weather|RainDance|[upkeep]
|-damage|p2a: Politoed|336\/384 brn|[from] brn
|turn|10
|
|switch|p1a: Amoonguss|Amoonguss, M|432\/432
|-damage|p1a: Amoonguss|378\/432|[from] Stealth Rock
|switch|p2a: Ferrothorn|Ferrothorn, M|232\/352
|
|-weather|RainDance|[upkeep]
|-heal|p1a: Amoonguss|405\/432|[from] item: Black Sludge
|turn|11
|
|move|p1a: Amoonguss|Foul Play|p2a: Ferrothorn
|-damage|p2a: Ferrothorn|156\/352
|-damage|p1a: Amoonguss|351\/432|[from] ability: Iron Barbs|[of] p2a: Ferrothorn
|move|p2a: Ferrothorn|Explosion|p1a: Amoonguss
|-damage|p1a: Amoonguss|0 fnt
|faint|p2a: Ferrothorn
|faint|p1a: Amoonguss
|
|-weather|RainDance|[upkeep]
|
|switch|p2a: Ludicolo|Ludicolo, M|300\/300
|switch|p1a: Rotom-Wash|Rotom-Wash|266\/304
|-damage|p1a: Rotom-Wash|228\/304|[from] Stealth Rock
|turn|12
|
|switch|p1a: Charizard|Charizard, M|333\/333
|-damage|p1a: Charizard|167\/333|[from] Stealth Rock
|move|p2a: Ludicolo|Giga Drain|p1a: Charizard
|-resisted|p1a: Charizard
|-damage|p1a: Charizard|128\/333
|-damage|p2a: Ludicolo|270\/300|[from] item: Life Orb
|
|-weather|RainDance|[upkeep]
|turn|13
|
|detailschange|p1a: Charizard|Charizard-Mega-X, M
|message|Charizard has Mega Evolved into Mega Charizard!
|move|p2a: Ludicolo|Ice Beam|p1a: Charizard
|-damage|p1a: Charizard|3\/333
|-damage|p2a: Ludicolo|240\/300|[from] item: Life Orb
|move|p1a: Charizard|Roost|p1a: Charizard
|-heal|p1a: Charizard|170\/333
|
|-weather|RainDance|[upkeep]
|turn|14
|
|switch|p2a: Politoed|Politoed, M|336\/384 brn
|move|p1a: Charizard|Roost|p1a: Charizard
|-heal|p1a: Charizard|333\/333
|
|-weather|RainDance|[upkeep]
|-damage|p2a: Politoed|288\/384 brn|[from] brn
|turn|15
|
|move|p1a: Charizard|Dragon Dance|p1a: Charizard
|-boost|p1a: Charizard|atk|1
|-boost|p1a: Charizard|spe|1
|move|p2a: Politoed|Encore|p1a: Charizard
|-start|p1a: Charizard|Encore
|
|-weather|RainDance|[upkeep]
|-damage|p2a: Politoed|240\/384 brn|[from] brn
|turn|16
|
|switch|p2a: Omastar|Omastar, M|303\/303
|move|p1a: Charizard|Dragon Dance|p1a: Charizard
|-boost|p1a: Charizard|atk|1
|-boost|p1a: Charizard|spe|1
|
|-weather|none
|turn|17
|
|move|p1a: Charizard|Dragon Dance|p1a: Charizard
|-boost|p1a: Charizard|atk|1
|-boost|p1a: Charizard|spe|1
|move|p2a: Omastar|Scald|p1a: Charizard
|-damage|p1a: Charizard|102\/333
|-damage|p2a: Omastar|273\/303|[from] item: Life Orb
|
|turn|18
|
|switch|p1a: Rotom-Wash|Rotom-Wash|228\/304
|-damage|p1a: Rotom-Wash|190\/304|[from] Stealth Rock
|move|p2a: Omastar|Scald|p1a: Rotom-Wash
|-resisted|p1a: Rotom-Wash
|-damage|p1a: Rotom-Wash|102\/304
|-damage|p2a: Omastar|243\/303|[from] item: Life Orb
|
|turn|19
|
|switch|p2a: Politoed|Politoed, M|240\/384 brn
|-weather|RainDance
|move|p1a: Rotom-Wash|Rest|p1a: Rotom-Wash
|-status|p1a: Rotom-Wash|slp
|-heal|p1a: Rotom-Wash|304\/304 slp|[silent]
|-status|p1a: Rotom-Wash|slp|[from] move: Rest
|-enditem|p1a: Rotom-Wash|Chesto Berry|[eat]
|-curestatus|p1a: Rotom-Wash|slp
|
|-weather|RainDance|[upkeep]
|-damage|p2a: Politoed|192\/384 brn|[from] brn
|turn|20
|
|switch|p2a: Seismitoad|Seismitoad, M|109\/351 brn
|move|p1a: Rotom-Wash|Hydro Pump|p2a: Seismitoad
|-damage|p2a: Seismitoad|0 fnt
|faint|p2a: Seismitoad
|
|-weather|RainDance|[upkeep]
|
|switch|p2a: Ludicolo|Ludicolo, M|240\/300
|turn|21
|
|move|p2a: Ludicolo|Giga Drain|p1a: Rotom-Wash
|-supereffective|p1a: Rotom-Wash
|-damage|p1a: Rotom-Wash|39\/304
|-heal|p2a: Ludicolo|300\/300|[from] drain|[of] p1a: Rotom-Wash
|-damage|p2a: Ludicolo|270\/300|[from] item: Life Orb
|move|p1a: Rotom-Wash|Will-O-Wisp|p2a: Ludicolo
|-status|p2a: Ludicolo|brn
|
|-weather|RainDance|[upkeep]
|-damage|p2a: Ludicolo|233\/300 brn|[from] brn
|turn|22
|-message|This is my Tremor! forfeited.
|
|win|uphaze
|raw|Ladder updating...
|raw|This is my Tremor!'s rating: 1648 &rarr; <strong>1627<\/strong><br \/>(-21 for losing)
|raw|uphaze's rating: 1628 &rarr; <strong>1650<\/strong><br \/>(+22 for winning)