|join|winged shield
|join|uphaze
|player|p1|winged shield|163
|player|p2|uphaze|87
|gametype|singles
|gen|6
|tier|OU
|rated
|clearpoke
|poke|p1|Pidgeot, M, shiny
|poke|p1|Sylveon, F, shiny
|poke|p1|Weavile, M
|poke|p1|Drapion, M
|poke|p1|Swampert, M
|poke|p1|Jolteon, M
|poke|p2|Diancie
|poke|p2|Gengar, M
|poke|p2|Kyurem-Black
|poke|p2|Excadrill, F
|poke|p2|Raikou
|poke|p2|Talonflame, M
|rule|Swagger Clause: Swagger is banned
|rule|Baton Pass Clause: Limit one PokÃ©mon knowing Baton Pass
|rule|Sleep Clause Mod: Limit one foe put to sleep
|rule|Species Clause: Limit one of each PokÃ©mon
|rule|OHKO Clause: OHKO moves are banned
|rule|Moody Clause: Moody is banned
|rule|Evasion Moves Clause: Evasion moves are banned
|rule|Endless Battle Clause: Forcing endless battles is banned
|rule|HP Percentage Mod: HP is shown in percentages
|teampreview
|
|start
|switch|p1a: Zuzu|Swampert, M|404\/404
|switch|p2a: Diancie|Diancie|241\/241
|turn|1
|
|detailschange|p2a: Diancie|Diancie-Mega
|message|Diancie has Mega Evolved into Mega Diancie!
|move|p2a: Diancie|Protect|p2a: Diancie
|-singleturn|p2a: Diancie|Protect
|move|p1a: Zuzu|Toxic|p2a: Diancie
|-activate|p2a: Diancie|Protect
|
|turn|2
|
|move|p2a: Diancie|Moonblast|p1a: Zuzu
|-damage|p1a: Zuzu|206\/404
|move|p1a: Zuzu|Scald|p2a: Diancie
|-supereffective|p2a: Diancie
|-damage|p2a: Diancie|83\/241
|
|-heal|p1a: Zuzu|231\/404|[from] item: Leftovers
|turn|3
|
|move|p2a: Diancie|Moonblast|p1a: Zuzu
|-damage|p1a: Zuzu|9\/404
|move|p1a: Zuzu|Scald|p2a: Diancie
|-supereffective|p2a: Diancie
|-damage|p2a: Diancie|0 fnt
|faint|p2a: Diancie
|
|-heal|p1a: Zuzu|34\/404|[from] item: Leftovers
|
|switch|p2a: Talonflame|Talonflame, M|298\/298
|turn|4
|
|move|p2a: Talonflame|U-turn|p1a: Zuzu
|-damage|p1a: Zuzu|0 fnt
|faint|p1a: Zuzu
|
|switch|p2a: Excadrill|Excadrill, F|361\/361
|-ability|p2a: Excadrill|Mold Breaker
|
|
|switch|p1a: Fenyx|Pidgeot, M, shiny|307\/307
|turn|5
|
|detailschange|p1a: Fenyx|Pidgeot-Mega, M, shiny
|message|Pidgeot has Mega Evolved into Mega Pidgeot!
|move|p1a: Fenyx|U-turn|p2a: Excadrill
|-resisted|p2a: Excadrill
|-damage|p2a: Excadrill|324\/361
|
|switch|p1a: Jolteon|Jolteon, M|272\/272
|move|p2a: Excadrill|Stealth Rock|p1a: Jolteon
|-sidestart|p1: winged shield|move: Stealth Rock
|
|turn|6
|
|move|p1a: Jolteon|Shadow Ball|p2a: Excadrill
|-damage|p2a: Excadrill|180\/361
|-damage|p1a: Jolteon|245\/272|[from] item: Life Orb
|move|p2a: Excadrill|Earthquake|p1a: Jolteon
|-supereffective|p1a: Jolteon
|-damage|p1a: Jolteon|0 fnt
|faint|p1a: Jolteon
|
|
|switch|p1a: Weavile|Weavile, M|282\/282
|-damage|p1a: Weavile|212\/282|[from] Stealth Rock
|-ability|p1a: Weavile|Pressure
|turn|7
|
|move|p1a: Weavile|Low Kick|p2a: Excadrill
|-supereffective|p2a: Excadrill
|-damage|p2a: Excadrill|0 fnt
|-damage|p1a: Weavile|184\/282|[from] item: Life Orb
|faint|p2a: Excadrill
|
|
|switch|p2a: Talonflame|Talonflame, M|298\/298
|turn|8
|
|move|p2a: Talonflame|Brave Bird|p1a: Weavile
|-damage|p1a: Weavile|0 fnt
|-damage|p2a: Talonflame|237\/298|[from] recoil|[of] p1a: Weavile
|faint|p1a: Weavile
|
|
|switch|p1a: sylvee|Sylveon, F, shiny|394\/394
|-damage|p1a: sylvee|345\/394|[from] Stealth Rock
|turn|9
|
|switch|p2a: Raikou|Raikou|322\/322
|-ability|p2a: Raikou|Pressure
|move|p1a: sylvee|Toxic|p2a: Raikou
|-status|p2a: Raikou|tox
|
|-heal|p1a: sylvee|369\/394|[from] item: Leftovers
|-damage|p2a: Raikou|302\/322 tox|[from] psn
|turn|10
|
|move|p2a: Raikou|Thunderbolt|p1a: sylvee
|-damage|p1a: sylvee|248\/394
|move|p1a: sylvee|Wish|p1a: sylvee
|
|-heal|p1a: sylvee|272\/394|[from] item: Leftovers
|-damage|p2a: Raikou|262\/322 tox|[from] psn
|turn|11
|
|move|p2a: Raikou|Thunderbolt|p1a: sylvee
|-damage|p1a: sylvee|154\/394
|move|p1a: sylvee|Hyper Voice|p2a: Raikou
|-damage|p2a: Raikou|154\/322 tox
|
|-heal|p1a: sylvee|351\/394|[from] move: Wish|[wisher] sylvee
|-heal|p1a: sylvee|375\/394|[from] item: Leftovers
|-damage|p2a: Raikou|94\/322 tox|[from] psn
|turn|12
|
|move|p2a: Raikou|Thunderbolt|p1a: sylvee
|-crit|p1a: sylvee
|-damage|p1a: sylvee|212\/394
|-status|p1a: sylvee|par
|move|p1a: sylvee|Wish|p1a: sylvee
|
|-heal|p1a: sylvee|236\/394 par|[from] item: Leftovers
|-damage|p2a: Raikou|14\/322 tox|[from] psn
|turn|13
|c|âuphaze|sorry
|c|âwinged shield|no problem
|
|move|p1a: sylvee|Protect|p1a: sylvee
|-singleturn|p1a: sylvee|Protect
|move|p2a: Raikou|Thunderbolt|p1a: sylvee
|-activate|p1a: sylvee|Protect
|
|-heal|p1a: sylvee|394\/394 par|[from] move: Wish|[wisher] sylvee
|-damage|p2a: Raikou|0 fnt|[from] psn
|faint|p2a: Raikou
|
|switch|p2a: Gengar|Gengar, M|262\/262
|turn|14
|
|switch|p1a: Drapion|Drapion, M|281\/281
|-damage|p1a: Drapion|246\/281|[from] Stealth Rock
|move|p2a: Gengar|Taunt|p1a: Drapion
|-start|p1a: Drapion|move: Taunt
|
|-heal|p1a: Drapion|263\/281|[from] item: Black Sludge
|turn|15
|
|switch|p2a: Kyurem-Black|Kyurem-Black|391\/391
|-ability|p2a: Kyurem-Black|Teravolt
|move|p1a: Drapion|Knock Off|p2a: Kyurem-Black
|-damage|p2a: Kyurem-Black|244\/391
|-enditem|p2a: Kyurem-Black|Life Orb|[from] move: Knock Off|[of] p1a: Drapion
|
|-heal|p1a: Drapion|280\/281|[from] item: Black Sludge
|turn|16
|
|switch|p2a: Talonflame|Talonflame, M|237\/298
|switch|p1a: Fenyx|Pidgeot-Mega, M, shiny|307\/307
|-damage|p1a: Fenyx|231\/307|[from] Stealth Rock
|
|turn|17
|c|âwinged shield|fuck
|
|move|p2a: Talonflame|Brave Bird|p1a: Fenyx
|-damage|p1a: Fenyx|0 fnt
|-damage|p2a: Talonflame|161\/298|[from] recoil|[of] p1a: Fenyx
|faint|p1a: Fenyx
|
|
|switch|p1a: Drapion|Drapion, M|280\/281
|-damage|p1a: Drapion|245\/281|[from] Stealth Rock
|turn|18
|
|switch|p2a: Kyurem-Black|Kyurem-Black|244\/391
|-ability|p2a: Kyurem-Black|Teravolt
|move|p1a: Drapion|Poison Jab|p2a: Kyurem-Black
|-damage|p2a: Kyurem-Black|109\/391
|
|-heal|p1a: Drapion|262\/281|[from] item: Black Sludge
|turn|19
|
|move|p2a: Kyurem-Black|Earth Power|p1a: Drapion
|-supereffective|p1a: Drapion
|-damage|p1a: Drapion|26\/281
|move|p1a: Drapion|Knock Off|p2a: Kyurem-Black
|-damage|p2a: Kyurem-Black|10\/391
|
|-heal|p1a: Drapion|43\/281|[from] item: Black Sludge
|turn|20
|
|move|p1a: Drapion|Poison Jab|p2a: Kyurem-Black
|-damage|p2a: Kyurem-Black|0 fnt
|faint|p2a: Kyurem-Black
|
|-heal|p1a: Drapion|60\/281|[from] item: Black Sludge
|
|switch|p2a: Talonflame|Talonflame, M|161\/298
|turn|21
|c|âwinged shield|what?
|
|move|p2a: Talonflame|Brave Bird|p1a: Drapion
|-damage|p1a: Drapion|0 fnt
|-damage|p2a: Talonflame|141\/298|[from] recoil|[of] p1a: Drapion
|faint|p1a: Drapion
|
|
|switch|p1a: sylvee|Sylveon, F, shiny|394\/394 par
|-damage|p1a: sylvee|345\/394 par|[from] Stealth Rock
|turn|22
|
|switch|p2a: Gengar|Gengar, M|262\/262
|cant|p1a: sylvee|par
|
|-heal|p1a: sylvee|369\/394 par|[from] item: Leftovers
|turn|23
|c|âwinged shield|gg
|
|move|p2a: Gengar|Taunt|p1a: sylvee
|-start|p1a: sylvee|move: Taunt
|cant|p1a: sylvee|par
|
|-heal|p1a: sylvee|393\/394 par|[from] item: Leftovers
|turn|24
|c|âuphaze|gg
|
|move|p2a: Gengar|Shadow Ball|p1a: sylvee
|-damage|p1a: sylvee|236\/394 par
|-damage|p2a: Gengar|236\/262|[from] item: Life Orb
|cant|p1a: sylvee|par
|
|-heal|p1a: sylvee|260\/394 par|[from] item: Leftovers
|turn|25
|
|move|p2a: Gengar|Shadow Ball|p1a: sylvee
|-damage|p1a: sylvee|103\/394 par
|-damage|p2a: Gengar|210\/262|[from] item: Life Orb
|move|p1a: sylvee|Hyper Voice|p2a: Gengar
|-crit|p2a: Gengar
|-resisted|p2a: Gengar
|-damage|p2a: Gengar|78\/262
|
|-heal|p1a: sylvee|127\/394 par|[from] item: Leftovers
|-end|p1a: sylvee|move: Taunt
|turn|26
|
|move|p1a: sylvee|Protect|p1a: sylvee
|-singleturn|p1a: sylvee|Protect
|move|p2a: Gengar|Taunt|p1a: sylvee
|-activate|p1a: sylvee|Protect
|
|-heal|p1a: sylvee|151\/394 par|[from] item: Leftovers
|turn|27
|
|move|p2a: Gengar|Taunt|p1a: sylvee
|-start|p1a: sylvee|move: Taunt
|move|p1a: sylvee|Hyper Voice|p2a: Gengar
|-resisted|p2a: Gengar
|-damage|p2a: Gengar|0 fnt
|faint|p2a: Gengar
|
|-heal|p1a: sylvee|175\/394 par|[from] item: Leftovers
|
|switch|p2a: Talonflame|Talonflame, M|141\/298
|turn|28
|
|move|p2a: Talonflame|Brave Bird|p1a: sylvee
|-damage|p1a: sylvee|0 fnt
|-damage|p2a: Talonflame|83\/298|[from] recoil|[of] p1a: sylvee
|faint|p1a: sylvee
|
|win|uphaze
|raw|Ladder updating...
|c|âwinged shield|gg
|leave|winged shield
|player|p1
|c|âuphaze|gg