|join|uphaze
|join|battlerofthepast
|player|p1|uphaze|87
|player|p2|battlerofthepast|188
|gametype|singles
|gen|6
|tier|OU
|rated
|clearpoke
|poke|p1|Politoed, M
|poke|p1|Omastar, M
|poke|p1|Tornadus-Therian, M
|poke|p1|Poliwrath, M
|poke|p1|Latias, F
|poke|p1|Ferrothorn, M
|poke|p2|Garchomp, M
|poke|p2|Azumarill, M
|poke|p2|Alakazam, M
|poke|p2|Talonflame, F
|poke|p2|Magnezone
|poke|p2|Latios, M
|rule|Swagger Clause: Swagger is banned
|rule|Baton Pass Clause: Limit one PokÃ©mon knowing Baton Pass
|rule|Sleep Clause Mod: Limit one foe put to sleep
|rule|Species Clause: Limit one of each PokÃ©mon
|rule|OHKO Clause: OHKO moves are banned
|rule|Moody Clause: Moody is banned
|rule|Evasion Moves Clause: Evasion moves are banned
|rule|Endless Battle Clause: Forcing endless battles is banned
|rule|HP Percentage Mod: HP is shown in percentages
|teampreview
|
|start
|switch|p1a: Politoed|Politoed, M|384\/384
|switch|p2a: Garchomp|Garchomp, M|358\/358
|-weather|RainDance
|turn|1
|
|move|p2a: Garchomp|Stealth Rock|p1a: Politoed
|-sidestart|p1: uphaze|move: Stealth Rock
|move|p1a: Politoed|Scald|p2a: Garchomp
|-damage|p2a: Garchomp|214\/358
|
|-weather|RainDance|[upkeep]
|turn|2
|
|move|p2a: Garchomp|Swords Dance|p2a: Garchomp
|-boost|p2a: Garchomp|atk|2
|move|p1a: Politoed|Scald|p2a: Garchomp
|-damage|p2a: Garchomp|58\/358
|-status|p2a: Garchomp|brn
|
|-weather|RainDance|[upkeep]
|-damage|p2a: Garchomp|14\/358 brn|[from] brn
|turn|3
|
|move|p1a: Politoed|Protect|p1a: Politoed
|-singleturn|p1a: Politoed|Protect
|move|p2a: Garchomp|Outrage|p1a: Politoed
|-activate|p1a: Politoed|Protect
|
|-weather|RainDance|[upkeep]
|-damage|p2a: Garchomp|0 fnt|[from] brn
|faint|p2a: Garchomp
|
|switch|p2a: Azumarill|Azumarill, M|360\/360
|turn|4
|
|switch|p1a: Ferrothorn|Ferrothorn, M|352\/352
|-damage|p1a: Ferrothorn|330\/352|[from] Stealth Rock
|move|p2a: Azumarill|Belly Drum|p2a: Azumarill
|-damage|p2a: Azumarill|180\/360
|-setboost|p2a: Azumarill|atk|6|[from] move: Belly Drum
|-enditem|p2a: Azumarill|Sitrus Berry|[eat]
|-heal|p2a: Azumarill|270\/360|[from] item: Sitrus Berry
|
|-weather|RainDance|[upkeep]
|-heal|p1a: Ferrothorn|352\/352|[from] item: Leftovers
|turn|5
|
|move|p2a: Azumarill|Waterfall|p1a: Ferrothorn
|-resisted|p1a: Ferrothorn
|-damage|p1a: Ferrothorn|0 fnt
|-damage|p2a: Azumarill|225\/360|[from] ability: Iron Barbs|[of] p1a: Ferrothorn
|faint|p1a: Ferrothorn
|
|-weather|RainDance|[upkeep]
|c|âuphaze|Didn't predict that
|c|âbattlerofthepast|it's not very effective
|c|âuphaze|Really didn't
|
|switch|p1a: Omastar|Omastar, M|319\/319
|-damage|p1a: Omastar|280\/319|[from] Stealth Rock
|turn|6
|
|move|p2a: Azumarill|Aqua Jet|p1a: Omastar
|-damage|p1a: Omastar|0 fnt
|faint|p1a: Omastar
|
|-weather|RainDance|[upkeep]
|
|switch|p1a: Latias|Latias, F|364\/364
|-damage|p1a: Latias|319\/364|[from] Stealth Rock
|turn|7
|c|âuphaze|without the rocks i'm dead
|c|âuphaze|ohko ferro with waterfall lmao
|
|move|p2a: Azumarill|Aqua Jet|p1a: Latias
|-resisted|p1a: Latias
|-damage|p1a: Latias|23\/364
|move|p1a: Latias|Thunder|p2a: Azumarill
|-supereffective|p2a: Azumarill
|-damage|p2a: Azumarill|0 fnt
|-damage|p1a: Latias|0 fnt|[from] item: Life Orb
|faint|p2a: Azumarill
|faint|p1a: Latias
|
|-weather|RainDance|[upkeep]
|c|âbattlerofthepast|81
|c|âuphaze|holy fucking shit
|-message|uphaze forfeited.
|
|win|battlerofthepast
|raw|Ladder updating...
|leave|uphaze
|player|p1
|raw|uphaze's rating: 1729 &rarr; <strong>1709<\/strong><br \/>(-20 for losing)
|raw|battlerofthepast's rating: 1722 &rarr; <strong>1742<\/strong><br \/>(+20 for winning)