|join|LT3Y REYMEDY
|join|uphaze
|player|p1|LT3Y REYMEDY|89
|player|p2|uphaze|87
|gametype|singles
|gen|6
|tier|OU
|rated
|clearpoke
|poke|p1|Gliscor, F
|poke|p1|Chansey, F
|poke|p1|Heatran, F
|poke|p1|Heracross, M
|poke|p1|Slowbro, F
|poke|p1|Clefable, F
|poke|p2|Politoed, F
|poke|p2|Omastar, M
|poke|p2|Tornadus-Therian, M
|poke|p2|Poliwrath, F
|poke|p2|Latias, F
|poke|p2|Ferrothorn, M
|rule|Swagger Clause: Swagger is banned
|rule|Baton Pass Clause: Limit one PokÃ©mon knowing Baton Pass
|rule|Sleep Clause Mod: Limit one foe put to sleep
|rule|Species Clause: Limit one of each PokÃ©mon
|rule|OHKO Clause: OHKO moves are banned
|rule|Moody Clause: Moody is banned
|rule|Evasion Moves Clause: Evasion moves are banned
|rule|Endless Battle Clause: Forcing endless battles is banned
|rule|HP Percentage Mod: HP is shown in percentages
|teampreview
|
|start
|switch|p1a: Clefable|Clefable, F|393\/393
|switch|p2a: Politoed|Politoed, F|384\/384
|-weather|RainDance
|turn|1
|
|switch|p2a: Ferrothorn|Ferrothorn, M|352\/352
|move|p1a: Clefable|Stealth Rock|p2a: Ferrothorn
|-sidestart|p2: uphaze|move: Stealth Rock
|
|-weather|RainDance|[upkeep]
|turn|2
|
|switch|p1a: Heracross|Heracross, M|305\/305
|move|p2a: Ferrothorn|Stealth Rock|p1a: Heracross
|-sidestart|p1: LT3Y REYMEDY|move: Stealth Rock
|
|-weather|RainDance|[upkeep]
|turn|3
|
|switch|p2a: Latias|Latias, F|364\/364
|-damage|p2a: Latias|319\/364|[from] Stealth Rock
|detailschange|p1a: Heracross|Heracross-Mega, M
|message|Heracross has Mega Evolved into Mega Heracross!
|move|p1a: Heracross|Close Combat|p2a: Latias
|-crit|p2a: Latias
|-resisted|p2a: Latias
|-damage|p2a: Latias|94\/364
|-unboost|p1a: Heracross|def|1
|-unboost|p1a: Heracross|spd|1
|
|-weather|RainDance|[upkeep]
|turn|4
|
|switch|p1a: Clefable|Clefable, F|393\/393
|-damage|p1a: Clefable|344\/393|[from] Stealth Rock
|move|p2a: Latias|Wish|p2a: Latias
|
|-weather|RainDance|[upkeep]
|-heal|p1a: Clefable|368\/393|[from] item: Leftovers
|turn|5
|
|switch|p2a: Tornadus-Therian|Tornadus-Therian, M|299\/299
|-damage|p2a: Tornadus-Therian|225\/299|[from] Stealth Rock
|move|p1a: Clefable|Moonblast|p2a: Tornadus-Therian
|-crit|p2a: Tornadus-Therian
|-damage|p2a: Tornadus-Therian|39\/299
|
|-weather|RainDance|[upkeep]
|-heal|p2a: Tornadus-Therian|221\/299|[from] move: Wish|[wisher] Latias
|-heal|p1a: Clefable|392\/393|[from] item: Leftovers
|turn|6
|
|switch|p1a: Chansey|Chansey, F|643\/643
|-damage|p1a: Chansey|563\/643|[from] Stealth Rock
|move|p2a: Tornadus-Therian|Hurricane|p1a: Chansey
|-damage|p1a: Chansey|438\/643
|-damage|p2a: Tornadus-Therian|192\/299|[from] item: Life Orb
|
|-weather|RainDance|[upkeep]
|turn|7
|join|Beevo13
|
|move|p2a: Tornadus-Therian|Knock Off|p1a: Chansey
|-damage|p1a: Chansey|307\/643
|-enditem|p1a: Chansey|Eviolite|[from] move: Knock Off|[of] p2a: Tornadus-Therian
|-damage|p2a: Tornadus-Therian|163\/299|[from] item: Life Orb
|move|p1a: Chansey|Soft-Boiled|p1a: Chansey
|-heal|p1a: Chansey|629\/643
|
|-weather|RainDance|[upkeep]
|turn|8
|
|switch|p1a: Gliscor|Gliscor, F|353\/353
|-damage|p1a: Gliscor|309\/353|[from] Stealth Rock
|move|p2a: Tornadus-Therian|Superpower|p1a: Gliscor
|-resisted|p1a: Gliscor
|-damage|p1a: Gliscor|257\/353
|-unboost|p2a: Tornadus-Therian|atk|1
|-unboost|p2a: Tornadus-Therian|def|1
|-damage|p2a: Tornadus-Therian|134\/299|[from] item: Life Orb
|
|-weather|none
|-status|p1a: Gliscor|tox|[from] item: Toxic Orb
|turn|9
|
|switch|p2a: Ferrothorn|Ferrothorn, M|352\/352
|-damage|p2a: Ferrothorn|330\/352|[from] Stealth Rock
|move|p1a: Gliscor|Knock Off|p2a: Ferrothorn
|-damage|p2a: Ferrothorn|283\/352
|-damage|p1a: Gliscor|213\/353 tox|[from] ability: Iron Barbs|[of] p2a: Ferrothorn
|-enditem|p2a: Ferrothorn|Leftovers|[from] move: Knock Off|[of] p1a: Gliscor
|
|-heal|p1a: Gliscor|257\/353 tox|[from] ability: Poison Heal
|turn|10
|
|switch|p2a: Latias|Latias, F|94\/364
|-damage|p2a: Latias|49\/364|[from] Stealth Rock
|move|p1a: Gliscor|Knock Off|p2a: Latias
|-supereffective|p2a: Latias
|-damage|p2a: Latias|0 fnt
|-enditem|p2a: Latias|Life Orb|[from] move: Knock Off|[of] p1a: Gliscor
|faint|p2a: Latias
|
|-heal|p1a: Gliscor|301\/353 tox|[from] ability: Poison Heal
|
|switch|p2a: Politoed|Politoed, F|384\/384
|-damage|p2a: Politoed|336\/384|[from] Stealth Rock
|-weather|RainDance
|turn|11
|
|switch|p1a: Slowbro|Slowbro, F|394\/394
|-damage|p1a: Slowbro|345\/394|[from] Stealth Rock
|switch|p2a: Poliwrath|Poliwrath, F|384\/384
|-damage|p2a: Poliwrath|360\/384|[from] Stealth Rock
|
|-weather|RainDance|[upkeep]
|-heal|p1a: Slowbro|369\/394|[from] item: Leftovers
|turn|12
|
|switch|p2a: Ferrothorn|Ferrothorn, M|283\/352
|-damage|p2a: Ferrothorn|261\/352|[from] Stealth Rock
|move|p1a: Slowbro|Thunder Wave|p2a: Ferrothorn
|-status|p2a: Ferrothorn|par
|
|-weather|RainDance|[upkeep]
|-heal|p1a: Slowbro|393\/394|[from] item: Leftovers
|turn|13
|
|move|p1a: Slowbro|Fire Blast|p2a: Ferrothorn
|-supereffective|p2a: Ferrothorn
|-damage|p2a: Ferrothorn|105\/352 par
|cant|p2a: Ferrothorn|par
|
|-weather|RainDance|[upkeep]
|-heal|p1a: Slowbro|394\/394|[from] item: Leftovers
|turn|14
|c|âuphaze|NOOOOOOOOOO
|c|âuphaze|FUCK
|
|move|p1a: Slowbro|Fire Blast|p2a: Ferrothorn
|-supereffective|p2a: Ferrothorn
|-damage|p2a: Ferrothorn|0 fnt
|faint|p2a: Ferrothorn
|
|-weather|RainDance|[upkeep]
|
|switch|p2a: Tornadus-Therian|Tornadus-Therian, M|233\/299
|-damage|p2a: Tornadus-Therian|159\/299|[from] Stealth Rock
|turn|15
|
|switch|p1a: Heatran|Heatran, F|385\/385
|-damage|p1a: Heatran|337\/385|[from] Stealth Rock
|move|p2a: Tornadus-Therian|Hurricane|p1a: Heatran
|-crit|p1a: Heatran
|-resisted|p1a: Heatran
|-damage|p1a: Heatran|190\/385
|-damage|p2a: Tornadus-Therian|130\/299|[from] item: Life Orb
|
|-weather|RainDance|[upkeep]
|-heal|p1a: Heatran|214\/385|[from] item: Leftovers
|turn|16
|join|McMeghan
|
|switch|p1a: Gliscor|Gliscor, F|301\/353 tox
|-damage|p1a: Gliscor|257\/353 tox|[from] Stealth Rock
|move|p2a: Tornadus-Therian|Hurricane|p1a: Gliscor
|-damage|p1a: Gliscor|53\/353 tox
|-damage|p2a: Tornadus-Therian|101\/299|[from] item: Life Orb
|
|-weather|RainDance|[upkeep]
|-heal|p1a: Gliscor|97\/353 tox|[from] ability: Poison Heal
|turn|17
|
|move|p2a: Tornadus-Therian|Hurricane|p1a: Gliscor
|-damage|p1a: Gliscor|0 fnt
|-damage|p2a: Tornadus-Therian|72\/299|[from] item: Life Orb
|faint|p1a: Gliscor
|
|-weather|RainDance|[upkeep]
|
|switch|p1a: Clefable|Clefable, F|392\/393
|-damage|p1a: Clefable|343\/393|[from] Stealth Rock
|turn|18
|
|move|p2a: Tornadus-Therian|Hurricane|p1a: Clefable
|-damage|p1a: Clefable|116\/393
|-start|p1a: Clefable|confusion
|-damage|p2a: Tornadus-Therian|43\/299|[from] item: Life Orb
|-activate|p1a: Clefable|confusion
|move|p1a: Clefable|Moonblast|p2a: Tornadus-Therian
|-damage|p2a: Tornadus-Therian|0 fnt
|faint|p2a: Tornadus-Therian
|
|-weather|none
|-heal|p1a: Clefable|140\/393|[from] item: Leftovers
|
|switch|p2a: Politoed|Politoed, F|336\/384
|-damage|p2a: Politoed|288\/384|[from] Stealth Rock
|-weather|RainDance
|turn|19
|
|move|p2a: Politoed|Scald|p1a: Clefable
|-damage|p1a: Clefable|17\/393
|-activate|p1a: Clefable|confusion
|move|p1a: Clefable|Moonblast|p2a: Politoed
|-damage|p2a: Politoed|185\/384
|
|-weather|RainDance|[upkeep]
|-heal|p1a: Clefable|41\/393|[from] item: Leftovers
|turn|20
|
|switch|p1a: Chansey|Chansey, F|629\/643
|-damage|p1a: Chansey|549\/643|[from] Stealth Rock
|move|p2a: Politoed|Scald|p1a: Chansey
|-damage|p1a: Chansey|441\/643
|
|-weather|RainDance|[upkeep]
|turn|21
|
|switch|p1a: Clefable|Clefable, F|41\/393
|-damage|p1a: Clefable|0 fnt|[from] Stealth Rock
|faint|p1a: Clefable
|move|p2a: Politoed|Protect|p2a: Politoed
|-fail|p2a: Politoed
|
|-weather|RainDance|[upkeep]
|
|switch|p1a: Heracross|Heracross-Mega, M|305\/305
|-damage|p1a: Heracross|267\/305|[from] Stealth Rock
|turn|22
|join|TOTEMO
|
|move|p1a: Heracross|Close Combat|p2a: Politoed
|-damage|p2a: Politoed|0 fnt
|-unboost|p1a: Heracross|def|1
|-unboost|p1a: Heracross|spd|1
|faint|p2a: Politoed
|
|-weather|RainDance|[upkeep]
|
|switch|p2a: Omastar|Omastar, M|319\/319
|-damage|p2a: Omastar|280\/319|[from] Stealth Rock
|turn|23
|
|move|p2a: Omastar|Hydro Pump|p1a: Heracross
|-damage|p1a: Heracross|0 fnt
|-damage|p2a: Omastar|249\/319|[from] item: Life Orb
|faint|p1a: Heracross
|
|-weather|RainDance|[upkeep]
|
|switch|p1a: Chansey|Chansey, F|441\/643
|-damage|p1a: Chansey|361\/643|[from] Stealth Rock
|turn|24
|
|move|p2a: Omastar|Hydro Pump|p1a: Chansey
|-damage|p1a: Chansey|37\/643
|-damage|p2a: Omastar|218\/319|[from] item: Life Orb
|move|p1a: Chansey|Soft-Boiled|p1a: Chansey
|-heal|p1a: Chansey|359\/643
|
|-weather|RainDance|[upkeep]
|turn|25
|
|move|p2a: Omastar|Scald|p1a: Chansey
|-damage|p1a: Chansey|156\/643
|-damage|p2a: Omastar|187\/319|[from] item: Life Orb
|move|p1a: Chansey|Soft-Boiled|p1a: Chansey
|-heal|p1a: Chansey|478\/643
|
|-weather|RainDance|[upkeep]
|turn|26
|
|switch|p2a: Poliwrath|Poliwrath, F|360\/384
|-damage|p2a: Poliwrath|336\/384|[from] Stealth Rock
|move|p1a: Chansey|Soft-Boiled|p1a: Chansey
|-heal|p1a: Chansey|643\/643
|
|-weather|none
|turn|27
|
|switch|p1a: Slowbro|Slowbro, F|394\/394
|-damage|p1a: Slowbro|345\/394|[from] Stealth Rock
|move|p2a: Poliwrath|Belly Drum|p2a: Poliwrath
|-damage|p2a: Poliwrath|144\/384
|-setboost|p2a: Poliwrath|atk|6|[from] move: Belly Drum
|-enditem|p2a: Poliwrath|Sitrus Berry|[eat]
|-heal|p2a: Poliwrath|240\/384|[from] item: Sitrus Berry
|
|-heal|p1a: Slowbro|369\/394|[from] item: Leftovers
|turn|28
|
|move|p2a: Poliwrath|Poison Jab|p1a: Slowbro
|-damage|p1a: Slowbro|151\/394
|move|p1a: Slowbro|Scald|p2a: Poliwrath
|-resisted|p2a: Poliwrath
|-damage|p2a: Poliwrath|185\/384
|
|-heal|p1a: Slowbro|175\/394|[from] item: Leftovers
|turn|29
|join|boudouche
|
|move|p2a: Poliwrath|Poison Jab|p1a: Slowbro
|-damage|p1a: Slowbro|0 fnt
|faint|p1a: Slowbro
|
|
|switch|p1a: Heatran|Heatran, F|214\/385
|-damage|p1a: Heatran|166\/385|[from] Stealth Rock
|turn|30
|
|move|p1a: Heatran|Earth Power|p2a: Poliwrath
|-damage|p2a: Poliwrath|92\/384
|move|p2a: Poliwrath|Waterfall|p1a: Heatran
|-supereffective|p1a: Heatran
|-damage|p1a: Heatran|0 fnt
|faint|p1a: Heatran
|
|c| boudouche|LOL
|c|âLT3Y REYMEDY|jpeux rienfaire vs Ã§a
|c|âuphaze|en effet tu peux pas faire grand chose lol
|c| boudouche|LOL
|c|âuphaze|je crois que c'est mort
|c|âLT3Y REYMEDY|lel
|
|switch|p1a: Chansey|Chansey, F|643\/643
|-damage|p1a: Chansey|563\/643|[from] Stealth Rock
|turn|31
|c|âLT3Y REYMEDY|cette random team
|
|move|p2a: Poliwrath|Waterfall|p1a: Chansey
|-damage|p1a: Chansey|0 fnt
|faint|p1a: Chansey
|
|win|uphaze
|raw|Ladder updating...
|raw|LT3Y REYMEDY's rating: 1816 &rarr; <strong>1790<\/strong><br \/>(-26 for losing)
|raw|uphaze's rating: 1709 &rarr; <strong>1735<\/strong><br \/>(+26 for winning)
|leave|LT3Y REYMEDY
|player|p1
|leave|boudouche
|join|boudouche