|join|uphaze
|join|scr4ke
|player|p1|uphaze|87
|player|p2|scr4ke|170
|gametype|singles
|gen|6
|tier|OU
|rated
|clearpoke
|poke|p1|Diancie
|poke|p1|Gengar, F
|poke|p1|Kyurem-Black
|poke|p1|Heatran, F
|poke|p1|Raikou
|poke|p1|Talonflame, F
|poke|p2|Gyarados, F
|poke|p2|Terrakion
|poke|p2|Mew
|poke|p2|Heatran, F
|poke|p2|Scizor, F
|poke|p2|Rotom-Wash
|rule|Swagger Clause: Swagger is banned
|rule|Baton Pass Clause: Limit one PokÃ©mon knowing Baton Pass
|rule|Sleep Clause Mod: Limit one foe put to sleep
|rule|Species Clause: Limit one of each PokÃ©mon
|rule|OHKO Clause: OHKO moves are banned
|rule|Moody Clause: Moody is banned
|rule|Evasion Moves Clause: Evasion moves are banned
|rule|Endless Battle Clause: Forcing endless battles is banned
|rule|HP Percentage Mod: HP is shown in percentages
|teampreview
|
|start
|switch|p1a: Diancie|Diancie|241\/241
|switch|p2a: Terrakion|Terrakion|323\/323
|turn|1
|
|detailschange|p1a: Diancie|Diancie-Mega
|message|Diancie has Mega Evolved into Mega Diancie!
|move|p1a: Diancie|Protect|p1a: Diancie
|-singleturn|p1a: Diancie|Protect
|move|p2a: Terrakion|Close Combat|p1a: Diancie
|-activate|p1a: Diancie|Protect
|
|turn|2
|
|switch|p2a: Mew|Mew|403\/403
|move|p1a: Diancie|Moonblast|p2a: Mew
|-damage|p2a: Mew|259\/403
|
|-heal|p2a: Mew|284\/403|[from] item: Leftovers
|turn|3
|
|move|p1a: Diancie|Diamond Storm|p2a: Mew
|-damage|p2a: Mew|104\/403
|move|p2a: Mew|Soft-Boiled|p2a: Mew
|-heal|p2a: Mew|306\/403
|
|-heal|p2a: Mew|331\/403|[from] item: Leftovers
|turn|4
|
|switch|p1a: Heatran|Heatran, F|323\/323
|-item|p1a: Heatran|Air Balloon
|switch|p2a: Scizor|Scizor, F|334\/334
|
|turn|5
|
|switch|p2a: Terrakion|Terrakion|323\/323
|move|p1a: Heatran|Stealth Rock|p2a: Terrakion
|-sidestart|p2: scr4ke|move: Stealth Rock
|
|turn|6
|
|switch|p1a: Gengar|Gengar, F|262\/262
|move|p2a: Terrakion|Close Combat|p1a: Gengar
|-immune|p1a: Gengar|[msg]
|
|turn|7
|
|move|p1a: Gengar|Shadow Ball|p2a: Terrakion
|-damage|p2a: Terrakion|107\/323
|-unboost|p2a: Terrakion|spd|1
|-damage|p1a: Gengar|236\/262|[from] item: Life Orb
|move|p2a: Terrakion|Stone Edge|p1a: Gengar
|-damage|p1a: Gengar|0 fnt
|faint|p1a: Gengar
|
|
|switch|p1a: Diancie|Diancie-Mega|241\/241
|turn|8
|
|switch|p2a: Scizor|Scizor, F|334\/334
|-damage|p2a: Scizor|293\/334|[from] Stealth Rock
|move|p1a: Diancie|Hidden Power|p2a: Scizor
|-supereffective|p2a: Scizor
|-damage|p2a: Scizor|0 fnt
|faint|p2a: Scizor
|
|
|switch|p2a: Rotom-Wash|Rotom-Wash|241\/241
|-damage|p2a: Rotom-Wash|211\/241|[from] Stealth Rock
|turn|9
|
|switch|p1a: Kyurem-Black|Kyurem-Black|391\/391
|-ability|p1a: Kyurem-Black|Teravolt
|move|p2a: Rotom-Wash|Hydro Pump|p1a: Kyurem-Black
|-resisted|p1a: Kyurem-Black
|-damage|p1a: Kyurem-Black|295\/391
|
|turn|10
|
|switch|p2a: Heatran|Heatran, F|323\/323
|-damage|p2a: Heatran|283\/323|[from] Stealth Rock
|move|p1a: Kyurem-Black|Ice Beam|p2a: Heatran
|-resisted|p2a: Heatran
|-damage|p2a: Heatran|235\/323
|-status|p2a: Heatran|frz
|-damage|p1a: Kyurem-Black|256\/391|[from] item: Life Orb
|
|-heal|p2a: Heatran|255\/323 frz|[from] item: Leftovers
|turn|11
|c|âuphaze|sry
|
|move|p1a: Kyurem-Black|Earth Power|p2a: Heatran
|-supereffective|p2a: Heatran
|-damage|p2a: Heatran|0 fnt
|-damage|p1a: Kyurem-Black|217\/391|[from] item: Life Orb
|faint|p2a: Heatran
|
|c|âscr4ke|didn't matter lol
|
|switch|p2a: Terrakion|Terrakion|107\/323
|-damage|p2a: Terrakion|87\/323|[from] Stealth Rock
|turn|12
|
|switch|p1a: Heatran|Heatran, F|323\/323
|-item|p1a: Heatran|Air Balloon
|move|p2a: Terrakion|Stone Edge|p1a: Heatran
|-damage|p1a: Heatran|145\/323
|-enditem|p1a: Heatran|Air Balloon
|
|turn|13
|
|move|p2a: Terrakion|Close Combat|p1a: Heatran
|-crit|p1a: Heatran
|-supereffective|p1a: Heatran
|-damage|p1a: Heatran|0 fnt
|-unboost|p2a: Terrakion|def|1
|-unboost|p2a: Terrakion|spd|1
|faint|p1a: Heatran
|
|
|switch|p1a: Diancie|Diancie-Mega|241\/241
|turn|14
|
|switch|p2a: Rotom-Wash|Rotom-Wash|211\/241
|-damage|p2a: Rotom-Wash|181\/241|[from] Stealth Rock
|move|p1a: Diancie|Moonblast|p2a: Rotom-Wash
|-damage|p2a: Rotom-Wash|0 fnt
|faint|p2a: Rotom-Wash
|
|
|switch|p2a: Mew|Mew|331\/403
|-damage|p2a: Mew|281\/403|[from] Stealth Rock
|turn|15
|
|move|p1a: Diancie|Moonblast|p2a: Mew
|-damage|p2a: Mew|125\/403
|-unboost|p2a: Mew|spa|1
|move|p2a: Mew|Defog|p1a: Diancie
|move|p1a: Diancie|Defog|p2a: Mew|[from]Magic Bounce
|-unboost|p2a: Mew|evasion|1
|-sideend|p2: scr4ke|Stealth Rock|[from] move: Defog|[of] p2a: Mew
|
|-heal|p2a: Mew|150\/403|[from] item: Leftovers
|turn|16
|
|move|p1a: Diancie|Moonblast|p2a: Mew
|-damage|p2a: Mew|5\/403
|move|p2a: Mew|Soft-Boiled|p2a: Mew
|-heal|p2a: Mew|207\/403
|
|-heal|p2a: Mew|232\/403|[from] item: Leftovers
|turn|17
|
|move|p1a: Diancie|Moonblast|p2a: Mew
|-damage|p2a: Mew|81\/403
|move|p2a: Mew|Soft-Boiled|p2a: Mew
|-heal|p2a: Mew|283\/403
|
|-heal|p2a: Mew|308\/403|[from] item: Leftovers
|turn|18
|
|move|p1a: Diancie|Hidden Power|p2a: Mew
|-damage|p2a: Mew|242\/403
|move|p2a: Mew|Soft-Boiled|p2a: Mew
|-heal|p2a: Mew|403\/403
|
|turn|19
|
|move|p1a: Diancie|Moonblast|p2a: Mew
|-damage|p2a: Mew|261\/403
|move|p2a: Mew|Knock Off|p1a: Diancie
|-resisted|p1a: Diancie
|-damage|p1a: Diancie|219\/241
|
|-heal|p2a: Mew|286\/403|[from] item: Leftovers
|turn|20
|
|switch|p2a: Terrakion|Terrakion|87\/323
|move|p1a: Diancie|Moonblast|p2a: Terrakion
|-crit|p2a: Terrakion
|-supereffective|p2a: Terrakion
|-damage|p2a: Terrakion|0 fnt
|faint|p2a: Terrakion
|
|
|switch|p2a: Gyarados|Gyarados, F|331\/331
|-ability|p2a: Gyarados|Intimidate|[of] p1a: Diancie
|-unboost|p1a: Diancie|atk|1
|turn|21
|
|move|p1a: Diancie|Diamond Storm|p2a: Gyarados
|-supereffective|p2a: Gyarados
|-damage|p2a: Gyarados|37\/331
|move|p2a: Gyarados|Dragon Dance|p2a: Gyarados
|-boost|p2a: Gyarados|atk|1
|-boost|p2a: Gyarados|spe|1
|
|turn|22
|
|switch|p1a: Kyurem-Black|Kyurem-Black|217\/391
|-ability|p1a: Kyurem-Black|Teravolt
|detailschange|p2a: Gyarados|Gyarados-Mega, F
|message|Gyarados has Mega Evolved into Mega Gyarados!
|-ability|p2a: Gyarados|Mold Breaker
|move|p2a: Gyarados|Waterfall|p1a: Kyurem-Black
|-resisted|p1a: Kyurem-Black
|-damage|p1a: Kyurem-Black|68\/391
|
|turn|23
|
|move|p2a: Gyarados|Waterfall|p1a: Kyurem-Black
|-resisted|p1a: Kyurem-Black
|-damage|p1a: Kyurem-Black|0 fnt
|faint|p1a: Kyurem-Black
|
|
|switch|p1a: Talonflame|Talonflame, F|298\/298
|turn|24
|
|move|p1a: Talonflame|Brave Bird|p2a: Gyarados
|-damage|p2a: Gyarados|0 fnt
|-damage|p1a: Talonflame|286\/298|[from] recoil|[of] p2a: Gyarados
|faint|p2a: Gyarados
|
|
|switch|p2a: Mew|Mew|286\/403
|turn|25
|
|move|p1a: Talonflame|Brave Bird|p2a: Mew
|-damage|p2a: Mew|28\/403
|-damage|p1a: Talonflame|201\/298|[from] recoil|[of] p2a: Mew
|move|p2a: Mew|Soft-Boiled|p2a: Mew
|-heal|p2a: Mew|230\/403
|
|-heal|p2a: Mew|255\/403|[from] item: Leftovers
|turn|26
|
|move|p1a: Talonflame|Brave Bird|p2a: Mew
|-crit|p2a: Mew
|-damage|p2a: Mew|0 fnt
|-damage|p1a: Talonflame|117\/298|[from] recoil|[of] p2a: Mew
|faint|p2a: Mew
|
|win|uphaze
|raw|Ladder updating...
|c|âscr4ke|gg
|leave|scr4ke
|raw|uphaze's rating: 1430 &rarr; <strong>1449<\/strong><br \/>(+19 for winning)
|raw|scr4ke's rating: 1419 &rarr; <strong>1400<\/strong><br \/>(-19 for losing)
|player|p2
|c|âuphaze|gg