|join|uphaze
|join|coris555
|player|p1|uphaze|87
|player|p2|coris555|37
|gametype|singles
|gen|6
|tier|OU
|rated
|clearpoke
|poke|p1|Diancie
|poke|p1|Gengar, M
|poke|p1|Kyurem-Black
|poke|p1|Excadrill, F
|poke|p1|Raikou
|poke|p1|Talonflame, F
|poke|p2|Zapdos
|poke|p2|Metagross
|poke|p2|Scizor, M
|poke|p2|Latias, F
|poke|p2|Conkeldurr, F
|poke|p2|Landorus-Therian, M
|rule|Swagger Clause: Swagger is banned
|rule|Baton Pass Clause: Limit one PokÃ©mon knowing Baton Pass
|rule|Sleep Clause Mod: Limit one foe put to sleep
|rule|Species Clause: Limit one of each PokÃ©mon
|rule|OHKO Clause: OHKO moves are banned
|rule|Moody Clause: Moody is banned
|rule|Evasion Moves Clause: Evasion moves are banned
|rule|Endless Battle Clause: Forcing endless battles is banned
|rule|HP Percentage Mod: HP is shown in percentages
|teampreview
|c|âcoris555|glhf?!
|c|âuphaze|yup
|c|âuphaze|it's not my day today lol
|c|âuphaze|so much hax
|
|start
|switch|p1a: Diancie|Diancie|241\/241
|switch|p2a: Conkeldurr|Conkeldurr, F|413\/413
|turn|1
|
|switch|p2a: Scizor|Scizor, M|344\/344
|detailschange|p1a: Diancie|Diancie-Mega
|-mega|p1a: Diancie|Diancie|Diancite
|move|p1a: Diancie|Hidden Power|p2a: Scizor
|-supereffective|p2a: Scizor
|-damage|p2a: Scizor|0 fnt
|faint|p2a: Scizor
|
|c|âuphaze|lol
|
|switch|p2a: Metagross|Metagross|320\/320
|turn|2
|c|âuphaze|sorry
|
|switch|p1a: Raikou|Raikou|322\/322
|-ability|p1a: Raikou|Pressure
|detailschange|p2a: Metagross|Metagross-Mega
|-mega|p2a: Metagross|Metagross|Metagrossite
|move|p2a: Metagross|Meteor Mash|p1a: Raikou
|-resisted|p1a: Raikou
|-damage|p1a: Raikou|176\/322
|-boost|p2a: Metagross|atk|1
|
|turn|3
|
|move|p1a: Raikou|Shadow Ball|p2a: Metagross
|-supereffective|p2a: Metagross
|-damage|p2a: Metagross|170\/320
|-unboost|p2a: Metagross|spd|1
|move|p2a: Metagross|Zen Headbutt|p1a: Raikou
|-damage|p1a: Raikou|0 fnt
|faint|p1a: Raikou
|
|
|switch|p1a: Talonflame|Talonflame, F|298\/298
|turn|4
|
|switch|p2a: Landorus-Therian|Landorus-Therian, M|382\/382
|-ability|p2a: Landorus-Therian|Intimidate|[of] p1a: Talonflame
|-unboost|p1a: Talonflame|atk|1
|move|p1a: Talonflame|U-turn|p2a: Landorus-Therian
|-resisted|p2a: Landorus-Therian
|-damage|p2a: Landorus-Therian|351\/382
|
|switch|p1a: Kyurem-Black|Kyurem-Black|391\/391
|-ability|p1a: Kyurem-Black|Teravolt
|
|-heal|p2a: Landorus-Therian|374\/382|[from] item: Leftovers
|turn|5
|
|move|p1a: Kyurem-Black|Ice Beam|p2a: Landorus-Therian
|-supereffective|p2a: Landorus-Therian
|-damage|p2a: Landorus-Therian|0 fnt
|-damage|p1a: Kyurem-Black|352\/391|[from] item: Life Orb
|faint|p2a: Landorus-Therian
|
|
|switch|p2a: Conkeldurr|Conkeldurr, F|413\/413
|turn|6
|
|switch|p1a: Diancie|Diancie-Mega|241\/241
|move|p2a: Conkeldurr|Knock Off|p1a: Diancie
|-resisted|p1a: Diancie
|-damage|p1a: Diancie|203\/241
|
|turn|7
|
|move|p1a: Diancie|Moonblast|p2a: Conkeldurr
|-supereffective|p2a: Conkeldurr
|-damage|p2a: Conkeldurr|27\/413
|move|p2a: Conkeldurr|Drain Punch|p1a: Diancie
|-damage|p1a: Diancie|52\/241
|-heal|p2a: Conkeldurr|103\/413|[from] drain|[of] p1a: Diancie
|
|turn|8
|c|âuphaze|not assault vest?
|
|switch|p1a: Gengar|Gengar, M|262\/262
|move|p2a: Conkeldurr|Knock Off|p1a: Gengar
|-supereffective|p1a: Gengar
|-damage|p1a: Gengar|0 fnt
|-enditem|p1a: Gengar|Life Orb|[from] move: Knock Off|[of] p2a: Conkeldurr
|faint|p1a: Gengar
|
|
|switch|p1a: Talonflame|Talonflame, F|298\/298
|turn|9
|
|switch|p2a: Zapdos|Zapdos|358\/358
|-ability|p2a: Zapdos|Pressure
|move|p1a: Talonflame|Flare Blitz|p2a: Zapdos
|-damage|p2a: Zapdos|88\/358
|-damage|p1a: Talonflame|209\/298|[from] recoil|[of] p2a: Zapdos
|
|turn|10
|
|switch|p2a: Latias|Latias, F|364\/364
|move|p1a: Talonflame|Flare Blitz|p2a: Latias
|-resisted|p2a: Latias
|-damage|p2a: Latias|226\/364
|-damage|p1a: Talonflame|163\/298|[from] recoil|[of] p2a: Latias
|
|-heal|p2a: Latias|248\/364|[from] item: Leftovers
|turn|11
|
|switch|p1a: Diancie|Diancie-Mega|52\/241
|move|p2a: Latias|Recover|p2a: Latias
|-heal|p2a: Latias|364\/364
|
|turn|12
|
|move|p1a: Diancie|Moonblast|p2a: Latias
|-supereffective|p2a: Latias
|-damage|p2a: Latias|142\/364
|-unboost|p2a: Latias|spa|1
|move|p2a: Latias|Psyshock|p1a: Diancie
|-damage|p1a: Diancie|0 fnt
|faint|p1a: Diancie
|
|-heal|p2a: Latias|164\/364|[from] item: Leftovers
|
|switch|p1a: Talonflame|Talonflame, F|163\/298
|turn|13
|
|move|p1a: Talonflame|U-turn|p2a: Latias
|-supereffective|p2a: Latias
|-damage|p2a: Latias|0 fnt
|faint|p2a: Latias
|
|switch|p1a: Excadrill|Excadrill, F|361\/361
|-ability|p1a: Excadrill|Mold Breaker
|
|
|switch|p2a: Conkeldurr|Conkeldurr, F|103\/413
|turn|14
|
|move|p2a: Conkeldurr|Mach Punch|p1a: Excadrill
|-supereffective|p1a: Excadrill
|-damage|p1a: Excadrill|119\/361
|move|p1a: Excadrill|Earthquake|p2a: Conkeldurr
|-damage|p2a: Conkeldurr|0 fnt
|faint|p2a: Conkeldurr
|
|
|switch|p2a: Zapdos|Zapdos|88\/358
|-ability|p2a: Zapdos|Pressure
|turn|15
|
|move|p1a: Excadrill|Rock Slide|p2a: Zapdos
|-miss|p1a: Excadrill|p2a: Zapdos
|move|p2a: Zapdos|Volt Switch|p1a: Excadrill
|-immune|p1a: Excadrill|[msg]
|
|turn|16
|
|switch|p2a: Metagross|Metagross-Mega|170\/320
|move|p1a: Excadrill|Rock Slide|p2a: Metagross
|-resisted|p2a: Metagross
|-damage|p2a: Metagross|136\/320
|
|turn|17
|
|switch|p2a: Zapdos|Zapdos|88\/358
|-ability|p2a: Zapdos|Pressure
|move|p1a: Excadrill|Earthquake|p2a: Zapdos
|-immune|p2a: Zapdos|[msg]
|
|turn|18
|
|move|p1a: Excadrill|Rock Slide|p2a: Zapdos
|-supereffective|p2a: Zapdos
|-damage|p2a: Zapdos|0 fnt
|faint|p2a: Zapdos
|
|-message|coris555 forfeited.
|leave|coris555
|
|win|uphaze
|raw|Ladder updating...
|player|p2
|raw|uphaze's rating: 1568 &rarr; <strong>1584<\/strong><br \/>(+16 for winning)
|raw|coris555's rating: 1488 &rarr; <strong>1473<\/strong><br \/>(-15 for losing)