|join|theslothmaster98
|join|uphaze
|player|p1|theslothmaster98|1
|player|p2|uphaze|87
|gametype|singles
|gen|6
|tier|OU
|rated
|clearpoke
|poke|p1|Metagross, shiny
|poke|p1|Chansey, F
|poke|p1|Keldeo-Resolute
|poke|p1|Landorus-Therian, M
|poke|p1|Conkeldurr, F
|poke|p1|Latios, M
|poke|p2|Charizard, F
|poke|p2|Ferrothorn, F
|poke|p2|Clefable, F
|poke|p2|Starmie
|poke|p2|Hippowdon, F
|poke|p2|Umbreon, F
|rule|Swagger Clause: Swagger is banned
|rule|Baton Pass Clause: Limit one PokÃ©mon knowing Baton Pass
|rule|Sleep Clause Mod: Limit one foe put to sleep
|rule|Species Clause: Limit one of each PokÃ©mon
|rule|OHKO Clause: OHKO moves are banned
|rule|Moody Clause: Moody is banned
|rule|Evasion Moves Clause: Evasion moves are banned
|rule|Endless Battle Clause: Forcing endless battles is banned
|rule|HP Percentage Mod: HP is shown in percentages
|teampreview
|
|start
|switch|p1a: Keldeo-Resolute|Keldeo-Resolute|323\/323
|switch|p2a: Ferrothorn|Ferrothorn, F|352\/352
|turn|1
|
|switch|p2a: Starmie|Starmie|324\/324
|move|p1a: Keldeo-Resolute|Substitute|p1a: Keldeo-Resolute
|-start|p1a: Keldeo-Resolute|Substitute
|-damage|p1a: Keldeo-Resolute|243\/323
|
|-heal|p1a: Keldeo-Resolute|263\/323|[from] item: Leftovers
|turn|2
|
|move|p2a: Starmie|Psyshock|p1a: Keldeo-Resolute
|-supereffective|p1a: Keldeo-Resolute
|-end|p1a: Keldeo-Resolute|Substitute
|move|p1a: Keldeo-Resolute|Scald|p2a: Starmie
|-resisted|p2a: Starmie
|-damage|p2a: Starmie|249\/324
|
|-heal|p2a: Starmie|269\/324|[from] item: Leftovers
|-heal|p1a: Keldeo-Resolute|283\/323|[from] item: Leftovers
|turn|3
|
|switch|p2a: Ferrothorn|Ferrothorn, F|352\/352
|switch|p1a: Latios|Latios, M|301\/301
|
|turn|4
|
|switch|p1a: Keldeo-Resolute|Keldeo-Resolute|283\/323
|move|p2a: Ferrothorn|Stealth Rock|p1a: Keldeo-Resolute
|-sidestart|p1: theslothmaster98|move: Stealth Rock
|
|-heal|p1a: Keldeo-Resolute|303\/323|[from] item: Leftovers
|turn|5
|
|switch|p2a: Starmie|Starmie|269\/324
|move|p1a: Keldeo-Resolute|Calm Mind|p1a: Keldeo-Resolute
|-boost|p1a: Keldeo-Resolute|spa|1
|-boost|p1a: Keldeo-Resolute|spd|1
|
|-heal|p2a: Starmie|289\/324|[from] item: Leftovers
|-heal|p1a: Keldeo-Resolute|323\/323|[from] item: Leftovers
|turn|6
|
|move|p2a: Starmie|Psyshock|p1a: Keldeo-Resolute
|-supereffective|p1a: Keldeo-Resolute
|-damage|p1a: Keldeo-Resolute|101\/323
|move|p1a: Keldeo-Resolute|Secret Sword|p2a: Starmie
|-resisted|p2a: Starmie
|-damage|p2a: Starmie|160\/324
|
|-heal|p2a: Starmie|180\/324|[from] item: Leftovers
|-heal|p1a: Keldeo-Resolute|121\/323|[from] item: Leftovers
|turn|7
|
|switch|p1a: Chansey|Chansey, F|704\/704
|-damage|p1a: Chansey|616\/704|[from] Stealth Rock
|move|p2a: Starmie|Recover|p2a: Starmie
|-heal|p2a: Starmie|324\/324
|
|turn|8
|
|switch|p2a: Ferrothorn|Ferrothorn, F|352\/352
|move|p1a: Chansey|Seismic Toss|p2a: Ferrothorn
|-damage|p2a: Ferrothorn|252\/352
|-damage|p1a: Chansey|528\/704|[from] ability: Iron Barbs|[of] p2a: Ferrothorn
|
|turn|9
|
|switch|p1a: Conkeldurr|Conkeldurr, F|413\/413
|-damage|p1a: Conkeldurr|388\/413|[from] Stealth Rock
|move|p2a: Ferrothorn|Leech Seed|p1a: Conkeldurr
|-start|p1a: Conkeldurr|move: Leech Seed
|
|-damage|p1a: Conkeldurr|337\/413|[from] Leech Seed|[of] p2a: Ferrothorn
|-heal|p2a: Ferrothorn|303\/352|[silent]
|turn|10
|
|move|p2a: Ferrothorn|Protect|p2a: Ferrothorn
|-singleturn|p2a: Ferrothorn|Protect
|move|p1a: Conkeldurr|Knock Off|p2a: Ferrothorn
|-activate|p2a: Ferrothorn|Protect
|
|-damage|p1a: Conkeldurr|286\/413|[from] Leech Seed|[of] p2a: Ferrothorn
|-heal|p2a: Ferrothorn|352\/352|[silent]
|turn|11
|
|switch|p2a: Charizard|Charizard, F|311\/311
|move|p1a: Conkeldurr|Knock Off|p2a: Charizard
|-damage|p2a: Charizard|205\/311
|
|-damage|p1a: Conkeldurr|235\/413|[from] Leech Seed|[of] p2a: Charizard
|-heal|p2a: Charizard|256\/311|[silent]
|turn|12
|
|switch|p1a: Chansey|Chansey, F|528\/704
|-damage|p1a: Chansey|440\/704|[from] Stealth Rock
|detailschange|p2a: Charizard|Charizard-Mega-X, F
|-mega|p2a: Charizard|Charizard|Charizardite X
|move|p2a: Charizard|Flare Blitz|p1a: Chansey
|-damage|p1a: Chansey|0 fnt
|-damage|p2a: Charizard|111\/311|[from] recoil|[of] p1a: Chansey
|faint|p1a: Chansey
|
|
|switch|p1a: Landorus-Therian|Landorus-Therian, M|382\/382
|-damage|p1a: Landorus-Therian|335\/382|[from] Stealth Rock
|-ability|p1a: Landorus-Therian|Intimidate|[of] p2a: Charizard
|-unboost|p2a: Charizard|atk|1
|turn|13
|
|switch|p2a: Hippowdon|Hippowdon, F|420\/420
|-weather|Sandstorm
|move|p1a: Landorus-Therian|Earthquake|p2a: Hippowdon
|-damage|p2a: Hippowdon|297\/420
|
|-weather|Sandstorm|[upkeep]
|-heal|p1a: Landorus-Therian|358\/382|[from] item: Leftovers
|-heal|p2a: Hippowdon|323\/420|[from] item: Leftovers
|turn|14
|
|move|p1a: Landorus-Therian|Stealth Rock|p2a: Hippowdon
|-sidestart|p2: uphaze|move: Stealth Rock
|move|p2a: Hippowdon|Toxic|p1a: Landorus-Therian
|-status|p1a: Landorus-Therian|tox
|
|-weather|Sandstorm|[upkeep]
|-heal|p1a: Landorus-Therian|381\/382 tox|[from] item: Leftovers
|-heal|p2a: Hippowdon|349\/420|[from] item: Leftovers
|-damage|p1a: Landorus-Therian|358\/382 tox|[from] psn
|turn|15
|
|move|p1a: Landorus-Therian|Knock Off|p2a: Hippowdon
|-damage|p2a: Hippowdon|274\/420
|-enditem|p2a: Hippowdon|Leftovers|[from] move: Knock Off|[of] p1a: Landorus-Therian
|move|p2a: Hippowdon|Toxic|p1a: Landorus-Therian
|-fail|p1a: Landorus-Therian|tox
|
|-weather|Sandstorm|[upkeep]
|-heal|p1a: Landorus-Therian|381\/382 tox|[from] item: Leftovers
|-damage|p1a: Landorus-Therian|335\/382 tox|[from] psn
|turn|16
|
|move|p1a: Landorus-Therian|Earthquake|p2a: Hippowdon
|-damage|p2a: Hippowdon|157\/420
|move|p2a: Hippowdon|Slack Off|p2a: Hippowdon
|-heal|p2a: Hippowdon|367\/420
|
|-weather|Sandstorm|[upkeep]
|-heal|p1a: Landorus-Therian|358\/382 tox|[from] item: Leftovers
|-damage|p1a: Landorus-Therian|289\/382 tox|[from] psn
|turn|17
|
|move|p1a: Landorus-Therian|U-turn|p2a: Hippowdon
|-damage|p2a: Hippowdon|308\/420
|
|switch|p1a: Conkeldurr|Conkeldurr, F|235\/413
|-damage|p1a: Conkeldurr|210\/413|[from] Stealth Rock
|move|p2a: Hippowdon|Earthquake|p1a: Conkeldurr
|-damage|p1a: Conkeldurr|86\/413
|
|-weather|none
|turn|18
|
|move|p2a: Hippowdon|Earthquake|p1a: Conkeldurr
|-damage|p1a: Conkeldurr|0 fnt
|faint|p1a: Conkeldurr
|
|c|âuphaze|wut?
|c|âuphaze|your conkel is brave?
|
|switch|p1a: Keldeo-Resolute|Keldeo-Resolute|121\/323
|-damage|p1a: Keldeo-Resolute|101\/323|[from] Stealth Rock
|turn|19
|c|âtheslothmaster98|no
|c|âuphaze|oh yeah hippo has 47
|c|âuphaze|i didn't know. okay.
|
|switch|p2a: Starmie|Starmie|324\/324
|-damage|p2a: Starmie|284\/324|[from] Stealth Rock
|move|p1a: Keldeo-Resolute|Scald|p2a: Starmie
|-resisted|p2a: Starmie
|-damage|p2a: Starmie|200\/324
|
|-heal|p2a: Starmie|220\/324|[from] item: Leftovers
|-heal|p1a: Keldeo-Resolute|121\/323|[from] item: Leftovers
|turn|20
|
|switch|p1a: Latios|Latios, M|301\/301
|-damage|p1a: Latios|264\/301|[from] Stealth Rock
|move|p2a: Starmie|Rapid Spin|p1a: Latios
|-damage|p1a: Latios|251\/301
|-sideend|p2: uphaze|Stealth Rock|[from] move: Rapid Spin|[of] p2a: Starmie
|
|-heal|p2a: Starmie|240\/324|[from] item: Leftovers
|turn|21
|
|switch|p2a: Ferrothorn|Ferrothorn, F|352\/352
|move|p1a: Latios|Defog|p2a: Ferrothorn
|-unboost|p2a: Ferrothorn|evasion|1
|-sideend|p1: theslothmaster98|Stealth Rock|[from] move: Defog|[of] p1a: Latios
|
|turn|22
|
|switch|p1a: Keldeo-Resolute|Keldeo-Resolute|121\/323
|move|p2a: Ferrothorn|Stealth Rock|p1a: Keldeo-Resolute
|-sidestart|p1: theslothmaster98|move: Stealth Rock
|
|-heal|p1a: Keldeo-Resolute|141\/323|[from] item: Leftovers
|turn|23
|
|move|p1a: Keldeo-Resolute|Substitute|p1a: Keldeo-Resolute
|-start|p1a: Keldeo-Resolute|Substitute
|-damage|p1a: Keldeo-Resolute|61\/323
|move|p2a: Ferrothorn|Leech Seed|p1a: Keldeo-Resolute
|
|-heal|p1a: Keldeo-Resolute|81\/323|[from] item: Leftovers
|turn|24
|
|switch|p2a: Starmie|Starmie|240\/324
|move|p1a: Keldeo-Resolute|Calm Mind|p1a: Keldeo-Resolute
|-boost|p1a: Keldeo-Resolute|spa|1
|-boost|p1a: Keldeo-Resolute|spd|1
|
|-heal|p2a: Starmie|260\/324|[from] item: Leftovers
|-heal|p1a: Keldeo-Resolute|101\/323|[from] item: Leftovers
|turn|25
|
|move|p2a: Starmie|Psyshock|p1a: Keldeo-Resolute
|-supereffective|p1a: Keldeo-Resolute
|-end|p1a: Keldeo-Resolute|Substitute
|move|p1a: Keldeo-Resolute|Secret Sword|p2a: Starmie
|-resisted|p2a: Starmie
|-damage|p2a: Starmie|142\/324
|
|-heal|p2a: Starmie|162\/324|[from] item: Leftovers
|-heal|p1a: Keldeo-Resolute|121\/323|[from] item: Leftovers
|turn|26
|
|switch|p1a: Latios|Latios, M|251\/301
|-damage|p1a: Latios|214\/301|[from] Stealth Rock
|move|p2a: Starmie|Recover|p2a: Starmie
|-heal|p2a: Starmie|324\/324
|
|turn|27
|
|switch|p2a: Ferrothorn|Ferrothorn, F|352\/352
|switch|p1a: Keldeo-Resolute|Keldeo-Resolute|121\/323
|-damage|p1a: Keldeo-Resolute|101\/323|[from] Stealth Rock
|
|-heal|p1a: Keldeo-Resolute|121\/323|[from] item: Leftovers
|turn|28
|
|move|p1a: Keldeo-Resolute|Secret Sword|p2a: Ferrothorn
|-supereffective|p2a: Ferrothorn
|-damage|p2a: Ferrothorn|136\/352
|move|p2a: Ferrothorn|Gyro Ball|p1a: Keldeo-Resolute
|-resisted|p1a: Keldeo-Resolute
|-damage|p1a: Keldeo-Resolute|34\/323
|
|-heal|p1a: Keldeo-Resolute|54\/323|[from] item: Leftovers
|turn|29
|
|switch|p2a: Starmie|Starmie|324\/324
|move|p1a: Keldeo-Resolute|Secret Sword|p2a: Starmie
|-resisted|p2a: Starmie
|-damage|p2a: Starmie|240\/324
|
|-heal|p2a: Starmie|260\/324|[from] item: Leftovers
|-heal|p1a: Keldeo-Resolute|74\/323|[from] item: Leftovers
|turn|30
|
|move|p2a: Starmie|Psyshock|p1a: Keldeo-Resolute
|-supereffective|p1a: Keldeo-Resolute
|-damage|p1a: Keldeo-Resolute|0 fnt
|faint|p1a: Keldeo-Resolute
|
|-heal|p2a: Starmie|280\/324|[from] item: Leftovers
|
|switch|p1a: Metagross|Metagross, shiny|302\/302
|-damage|p1a: Metagross|284\/302|[from] Stealth Rock
|turn|31
|
|detailschange|p1a: Metagross|Metagross-Mega, shiny
|-mega|p1a: Metagross|Metagross|Metagrossite
|move|p2a: Starmie|Scald|p1a: Metagross
|-damage|p1a: Metagross|196\/302
|move|p1a: Metagross|Earthquake|p2a: Starmie
|-damage|p2a: Starmie|125\/324
|
|-heal|p2a: Starmie|145\/324|[from] item: Leftovers
|turn|32
|
|move|p2a: Starmie|Scald|p1a: Metagross
|-damage|p1a: Metagross|114\/302
|move|p1a: Metagross|Earthquake|p2a: Starmie
|-damage|p2a: Starmie|0 fnt
|faint|p2a: Starmie
|
|
|switch|p2a: Umbreon|Umbreon, F|394\/394
|turn|33
|
|switch|p1a: Landorus-Therian|Landorus-Therian, M|289\/382 tox
|-damage|p1a: Landorus-Therian|242\/382 tox|[from] Stealth Rock
|-ability|p1a: Landorus-Therian|Intimidate|[of] p2a: Umbreon
|-unboost|p2a: Umbreon|atk|1
|move|p2a: Umbreon|Foul Play|p1a: Landorus-Therian
|-damage|p1a: Landorus-Therian|128\/382 tox
|
|-heal|p1a: Landorus-Therian|151\/382 tox|[from] item: Leftovers
|-damage|p1a: Landorus-Therian|128\/382 tox|[from] psn
|turn|34
|
|switch|p2a: Charizard|Charizard-Mega-X, F|111\/311
|move|p1a: Landorus-Therian|U-turn|p2a: Charizard
|-resisted|p2a: Charizard
|-damage|p2a: Charizard|74\/311
|
|switch|p1a: Latios|Latios, M|214\/301
|-damage|p1a: Latios|177\/301|[from] Stealth Rock
|
|turn|35
|
|move|p1a: Latios|Psyshock|p2a: Charizard
|-damage|p2a: Charizard|0 fnt
|-damage|p1a: Latios|147\/301|[from] item: Life Orb
|faint|p2a: Charizard
|
|
|switch|p2a: Ferrothorn|Ferrothorn, F|136\/352
|turn|36
|
|move|p1a: Latios|Draco Meteor|p2a: Ferrothorn
|-resisted|p2a: Ferrothorn
|-damage|p2a: Ferrothorn|11\/352
|-unboost|p1a: Latios|spa|2
|-damage|p1a: Latios|117\/301|[from] item: Life Orb
|move|p2a: Ferrothorn|Gyro Ball|p1a: Latios
|-damage|p1a: Latios|0 fnt
|faint|p1a: Latios
|
|
|switch|p1a: Landorus-Therian|Landorus-Therian, M|128\/382 tox
|-damage|p1a: Landorus-Therian|81\/382 tox|[from] Stealth Rock
|-ability|p1a: Landorus-Therian|Intimidate|[of] p2a: Ferrothorn
|-unboost|p2a: Ferrothorn|atk|1
|turn|37
|
|move|p1a: Landorus-Therian|Stealth Rock|p2a: Ferrothorn
|-sidestart|p2: uphaze|move: Stealth Rock
|move|p2a: Ferrothorn|Gyro Ball|p1a: Landorus-Therian
|-damage|p1a: Landorus-Therian|0 fnt
|faint|p1a: Landorus-Therian
|
|
|switch|p1a: Metagross|Metagross-Mega, shiny|114\/302
|-damage|p1a: Metagross|96\/302|[from] Stealth Rock
|turn|38
|
|move|p1a: Metagross|Earthquake|p2a: Ferrothorn
|-damage|p2a: Ferrothorn|0 fnt
|faint|p2a: Ferrothorn
|
|
|switch|p2a: Hippowdon|Hippowdon, F|308\/420
|-damage|p2a: Hippowdon|282\/420|[from] Stealth Rock
|-weather|Sandstorm
|turn|39
|
|move|p1a: Metagross|Zen Headbutt|p2a: Hippowdon|[miss]
|-miss|p1a: Metagross|p2a: Hippowdon
|move|p2a: Hippowdon|Earthquake|p1a: Metagross
|-supereffective|p1a: Metagross
|-damage|p1a: Metagross|0 fnt
|faint|p1a: Metagross
|
|win|uphaze
|raw|Ladder updating...
|raw|theslothmaster98's rating: 1569 &rarr; <strong>1548<\/strong><br \/>(-21 for losing)
|raw|uphaze's rating: 1562 &rarr; <strong>1583<\/strong><br \/>(+21 for winning)
|leave|theslothmaster98