|join|uphaze
|join|Computer901
|player|p1|uphaze|87
|player|p2|Computer901|1
|gametype|singles
|gen|6
|tier|OU
|rated
|clearpoke
|poke|p1|Diancie
|poke|p1|Gengar, F
|poke|p1|Kyurem-Black
|poke|p1|Excadrill, M
|poke|p1|Raikou
|poke|p1|Talonflame, M
|poke|p2|Venusaur, M
|poke|p2|Azumarill, M
|poke|p2|Rotom-Wash
|poke|p2|Thundurus, M
|poke|p2|Ferrothorn, M
|poke|p2|Landorus-Therian, M
|rule|Swagger Clause: Swagger is banned
|rule|Baton Pass Clause: Limit one PokÃ©mon knowing Baton Pass
|rule|Sleep Clause Mod: Limit one foe put to sleep
|rule|Species Clause: Limit one of each PokÃ©mon
|rule|OHKO Clause: OHKO moves are banned
|rule|Moody Clause: Moody is banned
|rule|Evasion Moves Clause: Evasion moves are banned
|rule|Endless Battle Clause: Forcing endless battles is banned
|rule|HP Percentage Mod: HP is shown in percentages
|teampreview
|
|start
|switch|p1a: Diancie|Diancie|241\/241
|switch|p2a: Rotom-Wash|Rotom-Wash|292\/292
|turn|1
|
|detailschange|p1a: Diancie|Diancie-Mega
|-mega|p1a: Diancie|Diancie|Diancite
|move|p1a: Diancie|Protect|p1a: Diancie
|-singleturn|p1a: Diancie|Protect
|move|p2a: Rotom-Wash|Hydro Pump|p1a: Diancie
|-activate|p1a: Diancie|Protect
|
|turn|2
|
|switch|p1a: Kyurem-Black|Kyurem-Black|391\/391
|-ability|p1a: Kyurem-Black|Teravolt
|move|p2a: Rotom-Wash|Hydro Pump|p1a: Kyurem-Black|[miss]
|-miss|p2a: Rotom-Wash|p1a: Kyurem-Black
|
|turn|3
|
|move|p1a: Kyurem-Black|Ice Beam|p2a: Rotom-Wash
|-resisted|p2a: Rotom-Wash
|-damage|p2a: Rotom-Wash|211\/292
|-damage|p1a: Kyurem-Black|352\/391|[from] item: Life Orb
|move|p2a: Rotom-Wash|Volt Switch|p1a: Kyurem-Black
|-resisted|p1a: Kyurem-Black
|-damage|p1a: Kyurem-Black|296\/391
|
|switch|p2a: Azumarill|Azumarill, M|404\/404
|
|turn|4
|
|move|p1a: Kyurem-Black|Fusion Bolt|p2a: Azumarill
|-supereffective|p2a: Azumarill
|-damage|p2a: Azumarill|45\/404
|-damage|p1a: Kyurem-Black|257\/391|[from] item: Life Orb
|move|p2a: Azumarill|Play Rough|p1a: Kyurem-Black
|-supereffective|p1a: Kyurem-Black
|-damage|p1a: Kyurem-Black|0 fnt
|faint|p1a: Kyurem-Black
|
|
|switch|p1a: Talonflame|Talonflame, M|298\/298
|turn|5
|
|move|p1a: Talonflame|Brave Bird|p2a: Azumarill
|-damage|p2a: Azumarill|0 fnt
|-damage|p1a: Talonflame|283\/298|[from] recoil|[of] p2a: Azumarill
|faint|p2a: Azumarill
|
|
|switch|p2a: Landorus-Therian|Landorus-Therian, M|367\/367
|-ability|p2a: Landorus-Therian|Intimidate|[of] p1a: Talonflame
|-unboost|p1a: Talonflame|atk|1
|turn|6
|
|switch|p1a: Diancie|Diancie-Mega|241\/241
|move|p2a: Landorus-Therian|Rock Tomb|p1a: Diancie
|-damage|p1a: Diancie|175\/241
|-unboost|p1a: Diancie|spe|1
|
|turn|7
|
|move|p2a: Landorus-Therian|Earthquake|p1a: Diancie
|-supereffective|p1a: Diancie
|-damage|p1a: Diancie|0 fnt
|faint|p1a: Diancie
|
|
|switch|p1a: Raikou|Raikou|322\/322
|-ability|p1a: Raikou|Pressure
|turn|8
|
|switch|p2a: Rotom-Wash|Rotom-Wash|211\/292
|move|p1a: Raikou|Volt Switch|p2a: Rotom-Wash
|-damage|p2a: Rotom-Wash|102\/292
|
|switch|p1a: Excadrill|Excadrill, M|361\/361
|-ability|p1a: Excadrill|Mold Breaker
|
|-heal|p2a: Rotom-Wash|120\/292|[from] item: Leftovers
|turn|9
|
|switch|p2a: Landorus-Therian|Landorus-Therian, M|367\/367
|-ability|p2a: Landorus-Therian|Intimidate|[of] p1a: Excadrill
|-unboost|p1a: Excadrill|atk|1
|move|p1a: Excadrill|Stealth Rock|p2a: Landorus-Therian
|-sidestart|p2: Computer901|move: Stealth Rock
|
|turn|10
|
|switch|p1a: Talonflame|Talonflame, M|283\/298
|move|p2a: Landorus-Therian|Stealth Rock|p1a: Talonflame
|-sidestart|p1: uphaze|move: Stealth Rock
|
|turn|11
|
|move|p1a: Talonflame|Brave Bird|p2a: Landorus-Therian
|-crit|p2a: Landorus-Therian
|-damage|p2a: Landorus-Therian|12\/367
|-damage|p1a: Talonflame|166\/298|[from] recoil|[of] p2a: Landorus-Therian
|move|p2a: Landorus-Therian|Rock Tomb|p1a: Talonflame
|-supereffective|p1a: Talonflame
|-damage|p1a: Talonflame|0 fnt
|faint|p1a: Talonflame
|
|-heal|p2a: Landorus-Therian|34\/367|[from] item: Leftovers
|
|switch|p1a: Excadrill|Excadrill, M|361\/361
|-damage|p1a: Excadrill|350\/361|[from] Stealth Rock
|-ability|p1a: Excadrill|Mold Breaker
|turn|12
|
|move|p1a: Excadrill|Iron Head|p2a: Landorus-Therian
|-damage|p2a: Landorus-Therian|0 fnt
|faint|p2a: Landorus-Therian
|
|
|switch|p2a: Ferrothorn|Ferrothorn, M|338\/338
|-damage|p2a: Ferrothorn|317\/338|[from] Stealth Rock
|turn|13
|
|move|p1a: Excadrill|Earthquake|p2a: Ferrothorn
|-crit|p2a: Ferrothorn
|-damage|p2a: Ferrothorn|109\/338
|move|p2a: Ferrothorn|Curse|p2a: Ferrothorn
|-boost|p2a: Ferrothorn|atk|1
|-boost|p2a: Ferrothorn|def|1
|-unboost|p2a: Ferrothorn|spe|1
|
|-heal|p2a: Ferrothorn|130\/338|[from] item: Leftovers
|turn|14
|
|switch|p1a: Gengar|Gengar, F|262\/262
|-damage|p1a: Gengar|230\/262|[from] Stealth Rock
|move|p2a: Ferrothorn|Leech Seed|p1a: Gengar|[miss]
|-miss|p2a: Ferrothorn|p1a: Gengar
|
|-heal|p2a: Ferrothorn|151\/338|[from] item: Leftovers
|turn|15
|c|âComputer901|omg
|
|move|p1a: Gengar|Shadow Ball|p2a: Ferrothorn
|-damage|p2a: Ferrothorn|2\/338
|-damage|p1a: Gengar|204\/262|[from] item: Life Orb
|move|p2a: Ferrothorn|Gyro Ball|p1a: Gengar
|-damage|p1a: Gengar|0 fnt
|faint|p1a: Gengar
|
|-heal|p2a: Ferrothorn|23\/338|[from] item: Leftovers
|
|switch|p1a: Raikou|Raikou|322\/322
|-damage|p1a: Raikou|282\/322|[from] Stealth Rock
|-ability|p1a: Raikou|Pressure
|turn|16
|
|move|p1a: Raikou|Shadow Ball|p2a: Ferrothorn
|-damage|p2a: Ferrothorn|0 fnt
|faint|p2a: Ferrothorn
|
|
|switch|p2a: Rotom-Wash|Rotom-Wash|120\/292
|-damage|p2a: Rotom-Wash|84\/292|[from] Stealth Rock
|turn|17
|
|move|p1a: Raikou|Thunderbolt|p2a: Rotom-Wash
|-damage|p2a: Rotom-Wash|0 fnt
|faint|p2a: Rotom-Wash
|
|
|switch|p2a: Venusaur|Venusaur, M|364\/364
|-damage|p2a: Venusaur|319\/364|[from] Stealth Rock
|turn|18
|
|detailschange|p2a: Venusaur|Venusaur-Mega, M
|-mega|p2a: Venusaur|Venusaur|Venusaurite
|move|p1a: Raikou|Volt Switch|p2a: Venusaur
|-resisted|p2a: Venusaur
|-damage|p2a: Venusaur|277\/364
|
|switch|p1a: Excadrill|Excadrill, M|350\/361
|-damage|p1a: Excadrill|339\/361|[from] Stealth Rock
|-ability|p1a: Excadrill|Mold Breaker
|move|p2a: Venusaur|Sleep Powder|p1a: Excadrill
|-status|p1a: Excadrill|slp
|
|turn|19
|
|cant|p1a: Excadrill|slp
|move|p2a: Venusaur|Hidden Power|p1a: Excadrill
|-supereffective|p1a: Excadrill
|-damage|p1a: Excadrill|185\/361 slp
|
|turn|20
|
|-curestatus|p1a: Excadrill|slp
|move|p1a: Excadrill|Earthquake|p2a: Venusaur
|-damage|p2a: Venusaur|115\/364
|move|p2a: Venusaur|Hidden Power|p1a: Excadrill
|-supereffective|p1a: Excadrill
|-damage|p1a: Excadrill|31\/361
|
|turn|21
|
|move|p1a: Excadrill|Earthquake|p2a: Venusaur
|-damage|p2a: Venusaur|0 fnt
|faint|p2a: Venusaur
|
|
|switch|p2a: Thundurus|Thundurus, M|300\/300
|-damage|p2a: Thundurus|225\/300|[from] Stealth Rock
|turn|22
|
|move|p2a: Thundurus|Hidden Power|p1a: Excadrill
|-damage|p1a: Excadrill|0 fnt
|-damage|p2a: Thundurus|195\/300|[from] item: Life Orb
|faint|p1a: Excadrill
|
|
|switch|p1a: Raikou|Raikou|282\/322
|-damage|p1a: Raikou|242\/322|[from] Stealth Rock
|-ability|p1a: Raikou|Pressure
|turn|23
|
|move|p1a: Raikou|Thunderbolt|p2a: Thundurus
|-damage|p2a: Thundurus|12\/300
|move|p2a: Thundurus|Focus Blast|p1a: Raikou
|-damage|p1a: Raikou|113\/322
|-damage|p2a: Thundurus|0 fnt|[from] item: Life Orb
|faint|p2a: Thundurus
|
|win|uphaze
|raw|Ladder updating...
|raw|uphaze's rating: 1523 &rarr; <strong>1542<\/strong><br \/>(+19 for winning)
|raw|Computer901's rating: 1489 &rarr; <strong>1471<\/strong><br \/>(-18 for losing)