|join|Taipei Assassin
|join|uphaze
|player|p1|Taipei Assassin|196
|player|p2|uphaze|87
|gametype|singles
|gen|6
|tier|OU (suspect test)
|rated
|clearpoke
|poke|p1|Slowbro, M
|poke|p1|Latios, M
|poke|p1|Gliscor, M
|poke|p1|Charizard, F
|poke|p1|Ferrothorn, M
|poke|p1|Raikou
|poke|p2|Charizard, M
|poke|p2|Ferrothorn, M
|poke|p2|Clefable, M
|poke|p2|Starmie
|poke|p2|Hippowdon, F
|poke|p2|Kyurem-Black
|rule|Swagger Clause: Swagger is banned
|rule|Baton Pass Clause: Limit one PokÃ©mon knowing Baton Pass
|rule|Sleep Clause Mod: Limit one foe put to sleep
|rule|Species Clause: Limit one of each PokÃ©mon
|rule|OHKO Clause: OHKO moves are banned
|rule|Moody Clause: Moody is banned
|rule|Evasion Moves Clause: Evasion moves are banned
|rule|Endless Battle Clause: Forcing endless battles is banned
|rule|HP Percentage Mod: HP is shown in percentages
|teampreview
|
|start
|switch|p1a: Charizard|Charizard, F|297\/297
|switch|p2a: Hippowdon|Hippowdon, F|420\/420
|-weather|Sandstorm
|turn|1
|
|switch|p1a: Ferrothorn|Ferrothorn, M|350\/350
|switch|p2a: Charizard|Charizard, M|332\/332
|
|-weather|Sandstorm|[upkeep]
|-damage|p2a: Charizard|312\/332|[from] sandstorm
|turn|2
|
|switch|p2a: Hippowdon|Hippowdon, F|420\/420
|switch|p1a: Latios|Latios, M|301\/301
|
|-weather|Sandstorm|[upkeep]
|-damage|p1a: Latios|283\/301|[from] sandstorm
|turn|3
|
|move|p1a: Latios|Draco Meteor|p2a: Hippowdon
|-damage|p2a: Hippowdon|37\/420
|-unboost|p1a: Latios|spa|2
|-damage|p1a: Latios|253\/301|[from] item: Life Orb
|move|p2a: Hippowdon|Slack Off|p2a: Hippowdon
|-heal|p2a: Hippowdon|247\/420
|
|-weather|Sandstorm|[upkeep]
|-damage|p1a: Latios|235\/301|[from] sandstorm
|-heal|p2a: Hippowdon|273\/420|[from] item: Leftovers
|turn|4
|
|switch|p1a: Slowbro|Slowbro, M|394\/394
|move|p2a: Hippowdon|Stealth Rock|p1a: Slowbro
|-sidestart|p1: Taipei Assassin|move: Stealth Rock
|
|-weather|Sandstorm|[upkeep]
|-damage|p1a: Slowbro|370\/394|[from] sandstorm
|-heal|p2a: Hippowdon|299\/420|[from] item: Leftovers
|-heal|p1a: Slowbro|394\/394|[from] item: Leftovers
|turn|5
|
|move|p2a: Hippowdon|Toxic|p1a: Slowbro
|-status|p1a: Slowbro|tox
|move|p1a: Slowbro|Scald|p2a: Hippowdon
|-supereffective|p2a: Hippowdon
|-damage|p2a: Hippowdon|71\/420
|
|-weather|none
|-heal|p2a: Hippowdon|97\/420|[from] item: Leftovers
|-damage|p1a: Slowbro|370\/394 tox|[from] psn
|turn|6
|
|switch|p2a: Ferrothorn|Ferrothorn, M|352\/352
|move|p1a: Slowbro|Scald|p2a: Ferrothorn
|-resisted|p2a: Ferrothorn
|-damage|p2a: Ferrothorn|307\/352
|
|-heal|p1a: Slowbro|394\/394 tox|[from] item: Leftovers
|-damage|p1a: Slowbro|346\/394 tox|[from] psn
|turn|7
|
|switch|p1a: Charizard|Charizard, F|297\/297
|-damage|p1a: Charizard|149\/297|[from] Stealth Rock
|switch|p2a: Charizard|Charizard, M|312\/332
|
|turn|8
|
|detailschange|p1a: Charizard|Charizard-Mega-X, F
|-mega|p1a: Charizard|Charizard|Charizardite X
|detailschange|p2a: Charizard|Charizard-Mega-X, M
|-mega|p2a: Charizard|Charizard|Charizardite X
|move|p1a: Charizard|Dragon Claw|p2a: Charizard
|-supereffective|p2a: Charizard
|-damage|p2a: Charizard|0 fnt
|faint|p2a: Charizard
|
|c|âTaipei Assassin|:]
|c|âTaipei Assassin|max speed
|c|âTaipei Assassin|jolly
|c|âuphaze|please don't make that smiley
|c|âTaipei Assassin|most run adamany
|c|âTaipei Assassin|t
|c|âTaipei Assassin|why?
|c|âuphaze|because it's humiliating
|c|âuphaze|thank you
|c|âTaipei Assassin|?
|c|âuphaze|it's disrespectful for the player
|c|âTaipei Assassin|how
|
|switch|p2a: Clefable|Clefable, M|394\/394
|turn|9
|
|switch|p1a: Gliscor|Gliscor, M|353\/353
|-damage|p1a: Gliscor|309\/353|[from] Stealth Rock
|move|p2a: Clefable|Moonblast|p1a: Gliscor
|-damage|p1a: Gliscor|218\/353
|-unboost|p1a: Gliscor|spa|1
|
|-status|p1a: Gliscor|tox|[from] item: Toxic Orb
|turn|10
|
|switch|p2a: Hippowdon|Hippowdon, F|97\/420
|-weather|Sandstorm
|move|p1a: Gliscor|Taunt|p2a: Hippowdon
|-start|p2a: Hippowdon|move: Taunt
|
|-weather|Sandstorm|[upkeep]
|-heal|p2a: Hippowdon|123\/420|[from] item: Leftovers
|-heal|p1a: Gliscor|262\/353 tox|[from] ability: Poison Heal
|turn|11
|
|switch|p2a: Starmie|Starmie|324\/324
|move|p1a: Gliscor|Earthquake|p2a: Starmie
|-damage|p2a: Starmie|197\/324
|
|-weather|Sandstorm|[upkeep]
|-damage|p2a: Starmie|177\/324|[from] sandstorm
|-heal|p2a: Starmie|197\/324|[from] item: Leftovers
|-heal|p1a: Gliscor|306\/353 tox|[from] ability: Poison Heal
|turn|12
|
|switch|p1a: Ferrothorn|Ferrothorn, M|350\/350
|-damage|p1a: Ferrothorn|329\/350|[from] Stealth Rock
|move|p2a: Starmie|Recover|p2a: Starmie
|-heal|p2a: Starmie|324\/324
|
|-weather|Sandstorm|[upkeep]
|-damage|p2a: Starmie|304\/324|[from] sandstorm
|-heal|p2a: Starmie|324\/324|[from] item: Leftovers
|-heal|p1a: Ferrothorn|350\/350|[from] item: Leftovers
|turn|13
|
|move|p2a: Starmie|Scald|p1a: Ferrothorn
|-resisted|p1a: Ferrothorn
|-damage|p1a: Ferrothorn|320\/350
|move|p1a: Ferrothorn|Stealth Rock|p2a: Starmie
|-sidestart|p2: uphaze|move: Stealth Rock
|
|-weather|Sandstorm|[upkeep]
|-damage|p2a: Starmie|304\/324|[from] sandstorm
|-heal|p2a: Starmie|324\/324|[from] item: Leftovers
|-heal|p1a: Ferrothorn|341\/350|[from] item: Leftovers
|turn|14
|
|move|p2a: Starmie|Rapid Spin|p1a: Ferrothorn
|-resisted|p1a: Ferrothorn
|-damage|p1a: Ferrothorn|337\/350
|-damage|p2a: Starmie|284\/324|[from] ability: Iron Barbs|[of] p1a: Ferrothorn
|-sideend|p2: uphaze|Stealth Rock|[from] move: Rapid Spin|[of] p2a: Starmie
|move|p1a: Ferrothorn|Leech Seed|p2a: Starmie
|-start|p2a: Starmie|move: Leech Seed
|
|-weather|none
|-heal|p2a: Starmie|304\/324|[from] item: Leftovers
|-heal|p1a: Ferrothorn|350\/350|[from] item: Leftovers
|-damage|p2a: Starmie|264\/324|[from] Leech Seed|[of] p1a: Ferrothorn
|turn|15
|
|move|p2a: Starmie|Scald|p1a: Ferrothorn
|-resisted|p1a: Ferrothorn
|-damage|p1a: Ferrothorn|317\/350
|-status|p1a: Ferrothorn|brn
|move|p1a: Ferrothorn|Stealth Rock|p2a: Starmie
|-sidestart|p2: uphaze|move: Stealth Rock
|
|-heal|p2a: Starmie|284\/324|[from] item: Leftovers
|-heal|p1a: Ferrothorn|338\/350 brn|[from] item: Leftovers
|-damage|p2a: Starmie|244\/324|[from] Leech Seed|[of] p1a: Ferrothorn
|-heal|p1a: Ferrothorn|350\/350 brn|[silent]
|-damage|p1a: Ferrothorn|307\/350 brn|[from] brn
|turn|16
|
|switch|p1a: Raikou|Raikou|321\/321
|-damage|p1a: Raikou|281\/321|[from] Stealth Rock
|-ability|p1a: Raikou|Pressure
|move|p2a: Starmie|Rapid Spin|p1a: Raikou
|-damage|p1a: Raikou|266\/321
|-end|p2a: Starmie|Leech Seed|[from] move: Rapid Spin|[of] p2a: Starmie
|-sideend|p2: uphaze|Stealth Rock|[from] move: Rapid Spin|[of] p2a: Starmie
|
|-heal|p2a: Starmie|264\/324|[from] item: Leftovers
|turn|17
|
|switch|p2a: Hippowdon|Hippowdon, F|123\/420
|-weather|Sandstorm
|move|p1a: Raikou|Hidden Power|p2a: Hippowdon
|-supereffective|p2a: Hippowdon
|-damage|p2a: Hippowdon|0 fnt
|faint|p2a: Hippowdon
|
|-weather|Sandstorm|[upkeep]
|-damage|p1a: Raikou|246\/321|[from] sandstorm
|c|âuphaze|i hesitated to switch to ferro
|c|âuphaze|well played
|
|switch|p2a: Ferrothorn|Ferrothorn, M|307\/352
|turn|18
|c|âTaipei Assassin|mmm
|c|âTaipei Assassin|thnx
|
|switch|p1a: Charizard|Charizard-Mega-X, F|149\/297
|-damage|p1a: Charizard|75\/297|[from] Stealth Rock
|move|p2a: Ferrothorn|Leech Seed|p1a: Charizard
|-start|p1a: Charizard|move: Leech Seed
|
|-weather|Sandstorm|[upkeep]
|-damage|p1a: Charizard|57\/297|[from] sandstorm
|-damage|p1a: Charizard|20\/297|[from] Leech Seed|[of] p2a: Ferrothorn
|-heal|p2a: Ferrothorn|344\/352|[silent]
|turn|19
|c|âTaipei Assassin|aww man
|c|âuphaze|bye bye zard
|
|move|p2a: Ferrothorn|Protect|p2a: Ferrothorn
|-singleturn|p2a: Ferrothorn|Protect
|move|p1a: Charizard|Roost|p1a: Charizard
|-heal|p1a: Charizard|169\/297
|
|-weather|Sandstorm|[upkeep]
|-damage|p1a: Charizard|151\/297|[from] sandstorm
|-damage|p1a: Charizard|114\/297|[from] Leech Seed|[of] p2a: Ferrothorn
|-heal|p2a: Ferrothorn|352\/352|[silent]
|turn|20
|
|move|p1a: Charizard|Dragon Dance|p1a: Charizard
|-boost|p1a: Charizard|atk|1
|-boost|p1a: Charizard|spe|1
|move|p2a: Ferrothorn|Toxic|p1a: Charizard|[miss]
|-miss|p2a: Ferrothorn|p1a: Charizard
|
|-weather|Sandstorm|[upkeep]
|-damage|p1a: Charizard|96\/297|[from] sandstorm
|-damage|p1a: Charizard|59\/297|[from] Leech Seed|[of] p2a: Ferrothorn
|turn|21
|c|âuphaze|ugh
|
|move|p1a: Charizard|Roost|p1a: Charizard
|-heal|p1a: Charizard|208\/297
|move|p2a: Ferrothorn|Toxic|p1a: Charizard
|-status|p1a: Charizard|tox
|
|-weather|none
|-damage|p1a: Charizard|171\/297 tox|[from] Leech Seed|[of] p2a: Ferrothorn
|-damage|p1a: Charizard|153\/297 tox|[from] psn
|turn|22
|c|âTaipei Assassin|mmm unfortunate
|c|âTaipei Assassin|dassit
|
|move|p1a: Charizard|Roost|p1a: Charizard
|-heal|p1a: Charizard|297\/297 tox
|move|p2a: Ferrothorn|Gyro Ball|p1a: Charizard
|-resisted|p1a: Charizard
|-damage|p1a: Charizard|216\/297 tox
|
|-damage|p1a: Charizard|179\/297 tox|[from] Leech Seed|[of] p2a: Ferrothorn
|-damage|p1a: Charizard|143\/297 tox|[from] psn
|turn|23
|c|âTaipei Assassin|ur done
|c|âuphaze|i'm not
|
|move|p2a: Ferrothorn|Protect|p2a: Ferrothorn
|-singleturn|p2a: Ferrothorn|Protect
|move|p1a: Charizard|Roost|p1a: Charizard
|-heal|p1a: Charizard|292\/297 tox
|
|-damage|p1a: Charizard|255\/297 tox|[from] Leech Seed|[of] p2a: Ferrothorn
|-damage|p1a: Charizard|201\/297 tox|[from] psn
|turn|24
|
|move|p2a: Ferrothorn|Protect|p2a: Ferrothorn
|-singleturn|p2a: Ferrothorn|Protect
|move|p1a: Charizard|Flare Blitz|p2a: Ferrothorn
|-activate|p2a: Ferrothorn|Protect
|
|-damage|p1a: Charizard|164\/297 tox|[from] Leech Seed|[of] p2a: Ferrothorn
|-damage|p1a: Charizard|92\/297 tox|[from] psn
|turn|25
|c|âTaipei Assassin|:[
|
|move|p1a: Charizard|Flare Blitz|p2a: Ferrothorn
|-supereffective|p2a: Ferrothorn
|-damage|p2a: Ferrothorn|0 fnt
|-damage|p1a: Charizard|55\/297 tox|[from] ability: Iron Barbs|[of] p2a: Ferrothorn
|-damage|p1a: Charizard|0 fnt|[from] recoil|[of] p2a: Ferrothorn
|faint|p2a: Ferrothorn
|faint|p1a: Charizard
|
|
|switch|p1a: Raikou|Raikou|246\/321
|switch|p2a: Kyurem-Black|Kyurem-Black|391\/391
|-damage|p1a: Raikou|206\/321|[from] Stealth Rock
|-ability|p1a: Raikou|Pressure
|-ability|p2a: Kyurem-Black|Teravolt
|turn|26
|
|move|p1a: Raikou|Volt Switch|p2a: Kyurem-Black
|-resisted|p2a: Kyurem-Black
|-damage|p2a: Kyurem-Black|328\/391
|
|switch|p1a: Ferrothorn|Ferrothorn, M|307\/350 brn
|-damage|p1a: Ferrothorn|286\/350 brn|[from] Stealth Rock
|move|p2a: Kyurem-Black|Ice Beam|p1a: Ferrothorn
|-crit|p1a: Ferrothorn
|-damage|p1a: Ferrothorn|94\/350 brn
|-damage|p2a: Kyurem-Black|289\/391|[from] item: Life Orb
|
|-heal|p1a: Ferrothorn|115\/350 brn|[from] item: Leftovers
|-damage|p1a: Ferrothorn|72\/350 brn|[from] brn
|turn|27
|c|âTaipei Assassin|:[
|c|âuphaze|didn't matter
|c|âTaipei Assassin|hx
|c|âuphaze|i 2HKO with the burn
|
|move|p2a: Kyurem-Black|Ice Beam|p1a: Ferrothorn
|-damage|p1a: Ferrothorn|0 fnt
|-damage|p2a: Kyurem-Black|250\/391|[from] item: Life Orb
|faint|p1a: Ferrothorn
|
|c|âTaipei Assassin|mmm
|
|switch|p1a: Latios|Latios, M|235\/301
|-damage|p1a: Latios|198\/301|[from] Stealth Rock
|turn|28
|c|âTaipei Assassin|should i predict clefable?
|c|âTaipei Assassin|hmmmmm
|c|âuphaze|you can
|
|switch|p2a: Clefable|Clefable, M|394\/394
|move|p1a: Latios|Draco Meteor|p2a: Clefable
|-immune|p2a: Clefable|[msg]
|
|turn|29
|c|âTaipei Assassin|actually
|c|âTaipei Assassin|i lose nothing
|
|switch|p1a: Gliscor|Gliscor, M|306\/353 tox
|-damage|p1a: Gliscor|262\/353 tox|[from] Stealth Rock
|move|p2a: Clefable|Wish|p2a: Clefable
|
|-heal|p1a: Gliscor|306\/353 tox|[from] ability: Poison Heal
|turn|30
|
|switch|p2a: Starmie|Starmie|264\/324
|move|p1a: Gliscor|Earthquake|p2a: Starmie
|-damage|p2a: Starmie|126\/324
|
|-heal|p2a: Starmie|323\/324|[from] move: Wish|[wisher] Clefable
|-heal|p2a: Starmie|324\/324|[from] item: Leftovers
|-heal|p1a: Gliscor|350\/353 tox|[from] ability: Poison Heal
|turn|31
|
|switch|p1a: Slowbro|Slowbro, M|394\/394 tox
|-damage|p1a: Slowbro|345\/394 tox|[from] Stealth Rock
|move|p2a: Starmie|Scald|p1a: Slowbro
|-resisted|p1a: Slowbro
|-damage|p1a: Slowbro|290\/394 tox
|
|-heal|p1a: Slowbro|314\/394 tox|[from] item: Leftovers
|-damage|p1a: Slowbro|290\/394 tox|[from] psn
|turn|32
|c|âTaipei Assassin|nothing killd
|
|move|p2a: Starmie|Scald|p1a: Slowbro
|-resisted|p1a: Slowbro
|-damage|p1a: Slowbro|230\/394 tox
|move|p1a: Slowbro|Thunder Wave|p2a: Starmie
|-status|p2a: Starmie|par
|
|-heal|p1a: Slowbro|254\/394 tox|[from] item: Leftovers
|-damage|p1a: Slowbro|206\/394 tox|[from] psn
|turn|33
|
|switch|p1a: Raikou|Raikou|206\/321
|-damage|p1a: Raikou|166\/321|[from] Stealth Rock
|-ability|p1a: Raikou|Pressure
|switch|p2a: Clefable|Clefable, M|394\/394
|
|turn|34
|c|âuphaze|unlucky for you
|c|âuphaze|my starmie is not paralysed
|c|âuphaze|because you know what
|c|âTaipei Assassin|natural
|c|âTaipei Assassin|cure
|c|âuphaze|yup
|c|âTaipei Assassin|;_;
|
|move|p1a: Raikou|Volt Switch|p2a: Clefable
|-damage|p2a: Clefable|274\/394
|
|switch|p1a: Gliscor|Gliscor, M|350\/353 tox
|-damage|p1a: Gliscor|306\/353 tox|[from] Stealth Rock
|move|p2a: Clefable|Wish|p2a: Clefable
|
|-heal|p2a: Clefable|298\/394|[from] item: Leftovers
|-heal|p1a: Gliscor|350\/353 tox|[from] ability: Poison Heal
|turn|35
|
|switch|p1a: Latios|Latios, M|198\/301
|-damage|p1a: Latios|161\/301|[from] Stealth Rock
|move|p2a: Clefable|Moonblast|p1a: Latios
|-supereffective|p1a: Latios
|-damage|p1a: Latios|0 fnt
|faint|p1a: Latios
|
|-heal|p2a: Clefable|394\/394|[from] move: Wish|[wisher] Clefable
|c|âTaipei Assassin|NOOOO
|c|âTaipei Assassin|y did u do that
|c|âTaipei Assassin|you had no reason....
|c|âuphaze|because i wanted to change my switch to starmie
|
|switch|p1a: Gliscor|Gliscor, M|350\/353 tox
|-damage|p1a: Gliscor|306\/353 tox|[from] Stealth Rock
|turn|36
|c|âuphaze|because you would be able to predict it
|c|âuphaze|with raikou
|c|âuphaze|(and you didn't)
|
|move|p1a: Gliscor|Earthquake|p2a: Clefable
|-damage|p2a: Clefable|291\/394
|move|p2a: Clefable|Wish|p2a: Clefable
|
|-heal|p2a: Clefable|315\/394|[from] item: Leftovers
|-heal|p1a: Gliscor|350\/353 tox|[from] ability: Poison Heal
|turn|37
|
|switch|p2a: Kyurem-Black|Kyurem-Black|250\/391
|-ability|p2a: Kyurem-Black|Teravolt
|move|p1a: Gliscor|Earthquake|p2a: Kyurem-Black
|-damage|p2a: Kyurem-Black|135\/391
|
|-heal|p2a: Kyurem-Black|332\/391|[from] move: Wish|[wisher] Clefable
|-heal|p1a: Gliscor|353\/353 tox|[from] ability: Poison Heal
|turn|38
|
|switch|p1a: Slowbro|Slowbro, M|337\/394 tox
|-damage|p1a: Slowbro|288\/394 tox|[from] Stealth Rock
|move|p2a: Kyurem-Black|Ice Beam|p1a: Slowbro
|-resisted|p1a: Slowbro
|-damage|p1a: Slowbro|171\/394 tox
|-damage|p2a: Kyurem-Black|293\/391|[from] item: Life Orb
|
|-heal|p1a: Slowbro|195\/394 tox|[from] item: Leftovers
|-damage|p1a: Slowbro|171\/394 tox|[from] psn
|turn|39
|c|âuphaze|i think it's over
|
|move|p2a: Kyurem-Black|Fusion Bolt|p1a: Slowbro
|-supereffective|p1a: Slowbro
|-damage|p1a: Slowbro|0 fnt
|-damage|p2a: Kyurem-Black|254\/391|[from] item: Life Orb
|faint|p1a: Slowbro
|
|
|switch|p1a: Raikou|Raikou|166\/321
|-damage|p1a: Raikou|126\/321|[from] Stealth Rock
|-ability|p1a: Raikou|Pressure
|turn|40
|
|move|p1a: Raikou|Shadow Ball|p2a: Kyurem-Black
|-damage|p2a: Kyurem-Black|143\/391
|move|p2a: Kyurem-Black|Earth Power|p1a: Raikou
|-supereffective|p1a: Raikou
|-damage|p1a: Raikou|0 fnt
|-damage|p2a: Kyurem-Black|104\/391|[from] item: Life Orb
|faint|p1a: Raikou
|
|
|switch|p1a: Gliscor|Gliscor, M|353\/353 tox
|-damage|p1a: Gliscor|309\/353 tox|[from] Stealth Rock
|turn|41
|-message|Taipei Assassin forfeited.
|leave|Taipei Assassin
|
|win|uphaze
|raw|Ladder updating...
|player|p1