|join|BlogBoy
|join|Youth Lagoon
|player|p1|BlogBoy|32
|player|p2|Youth Lagoon|187
|gametype|singles
|gen|6
|tier|OU
|rated
|clearpoke
|poke|p1|Altaria, F
|poke|p1|Magnezone
|poke|p1|Mew
|poke|p1|Empoleon, M
|poke|p1|Garchomp, M
|poke|p1|Conkeldurr, F
|poke|p2|Gliscor, M
|poke|p2|Sableye, F
|poke|p2|Clefable, M
|poke|p2|Chansey, F
|poke|p2|Ferrothorn, M
|poke|p2|Starmie
|rule|Swagger Clause: Swagger is banned
|rule|Baton Pass Clause: Limit one PokÃ©mon knowing Baton Pass
|rule|Sleep Clause Mod: Limit one foe put to sleep
|rule|Species Clause: Limit one of each PokÃ©mon
|rule|OHKO Clause: OHKO moves are banned
|rule|Moody Clause: Moody is banned
|rule|Evasion Moves Clause: Evasion moves are banned
|rule|Endless Battle Clause: Forcing endless battles is banned
|rule|HP Percentage Mod: HP is shown in percentages
|teampreview
|
|start
|switch|p1a: Mew|Mew|404\/404
|switch|p2a: Sableye|Sableye, F|304\/304
|turn|1
|
|detailschange|p2a: Sableye|Sableye-Mega, F
|message|Sableye has Mega Evolved into Mega Sableye!
|move|p2a: Sableye|Calm Mind|p2a: Sableye
|-boost|p2a: Sableye|spa|1
|-boost|p2a: Sableye|spd|1
|move|p1a: Mew|Knock Off|p2a: Sableye
|-damage|p2a: Sableye|274\/304
|
|turn|2
|
|switch|p1a: Altaria|Altaria, F|307\/307
|move|p2a: Sableye|Calm Mind|p2a: Sableye
|-boost|p2a: Sableye|spa|1
|-boost|p2a: Sableye|spd|1
|
|turn|3
|
|detailschange|p1a: Altaria|Altaria-Mega, F
|message|Altaria has Mega Evolved into Mega Altaria!
|move|p1a: Altaria|Return|p2a: Sableye
|-supereffective|p2a: Sableye
|-damage|p2a: Sableye|0 fnt
|faint|p2a: Sableye
|
|
|switch|p2a: Ferrothorn|Ferrothorn, M|352\/352
|turn|4
|
|switch|p1a: Mew|Mew|404\/404
|move|p2a: Ferrothorn|Leech Seed|p1a: Mew
|-start|p1a: Mew|move: Leech Seed
|
|-damage|p1a: Mew|354\/404|[from] Leech Seed|[of] p2a: Ferrothorn
|turn|5
|
|move|p1a: Mew|Taunt|p2a: Ferrothorn
|-start|p2a: Ferrothorn|move: Taunt
|cant|p2a: Ferrothorn|move: Taunt|Spikes
|
|-heal|p1a: Mew|379\/404|[from] item: Leftovers
|-damage|p1a: Mew|329\/404|[from] Leech Seed|[of] p2a: Ferrothorn
|turn|6
|
|switch|p2a: Gliscor|Gliscor, M|354\/354
|move|p1a: Mew|Will-O-Wisp|p2a: Gliscor
|-status|p2a: Gliscor|brn
|
|-heal|p1a: Mew|354\/404|[from] item: Leftovers
|-damage|p1a: Mew|304\/404|[from] Leech Seed|[of] p2a: Gliscor
|-damage|p2a: Gliscor|310\/354 brn|[from] brn
|turn|7
|
|move|p1a: Mew|Knock Off|p2a: Gliscor
|-damage|p2a: Gliscor|258\/354 brn
|-enditem|p2a: Gliscor|Toxic Orb|[from] move: Knock Off|[of] p1a: Mew
|move|p2a: Gliscor|Toxic|p1a: Mew
|-status|p1a: Mew|tox
|
|-heal|p1a: Mew|329\/404 tox|[from] item: Leftovers
|-damage|p1a: Mew|279\/404 tox|[from] Leech Seed|[of] p2a: Gliscor
|-heal|p2a: Gliscor|308\/354 brn|[silent]
|-damage|p1a: Mew|254\/404 tox|[from] psn
|-damage|p2a: Gliscor|264\/354 brn|[from] brn
|turn|8
|
|switch|p1a: Conkeldurr|Conkeldurr, F|351\/351
|move|p2a: Gliscor|Taunt|p1a: Conkeldurr
|-start|p1a: Conkeldurr|move: Taunt
|
|-damage|p2a: Gliscor|220\/354 brn|[from] brn
|turn|9
|
|switch|p2a: Clefable|Clefable, M|394\/394
|move|p1a: Conkeldurr|Ice Punch|p2a: Clefable
|-damage|p2a: Clefable|302\/394
|
|-heal|p2a: Clefable|326\/394|[from] item: Leftovers
|turn|10
|
|switch|p1a: Mew|Mew|254\/404 tox
|move|p2a: Clefable|Calm Mind|p2a: Clefable
|-boost|p2a: Clefable|spa|1
|-boost|p2a: Clefable|spd|1
|
|-heal|p1a: Mew|279\/404 tox|[from] item: Leftovers
|-heal|p2a: Clefable|350\/394|[from] item: Leftovers
|-damage|p1a: Mew|254\/404 tox|[from] psn
|turn|11
|
|move|p1a: Mew|Taunt|p2a: Clefable
|-start|p2a: Clefable|move: Taunt
|move|p2a: Clefable|Moonblast|p1a: Mew
|-damage|p1a: Mew|89\/404 tox
|
|-heal|p1a: Mew|114\/404 tox|[from] item: Leftovers
|-heal|p2a: Clefable|374\/394|[from] item: Leftovers
|-damage|p1a: Mew|64\/404 tox|[from] psn
|turn|12
|
|move|p1a: Mew|Knock Off|p2a: Clefable
|-resisted|p2a: Clefable
|-damage|p2a: Clefable|343\/394
|-enditem|p2a: Clefable|Leftovers|[from] move: Knock Off|[of] p1a: Mew
|move|p2a: Clefable|Moonblast|p1a: Mew
|-damage|p1a: Mew|0 fnt
|faint|p1a: Mew
|
|
|switch|p1a: Magnezone|Magnezone|281\/281
|turn|13
|
|switch|p2a: Ferrothorn|Ferrothorn, M|352\/352
|move|p1a: Magnezone|Volt Switch|p2a: Ferrothorn
|-resisted|p2a: Ferrothorn
|-damage|p2a: Ferrothorn|310\/352
|
|switch|p1a: Conkeldurr|Conkeldurr, F|351\/351
|
|turn|14
|
|switch|p1a: Magnezone|Magnezone|281\/281
|switch|p2a: Clefable|Clefable, M|343\/394
|
|turn|15
|
|switch|p2a: Gliscor|Gliscor, M|220\/354 brn
|move|p1a: Magnezone|Flash Cannon|p2a: Gliscor
|-damage|p2a: Gliscor|28\/354 brn
|
|-damage|p2a: Gliscor|0 fnt|[from] brn
|faint|p2a: Gliscor
|
|switch|p2a: Ferrothorn|Ferrothorn, M|310\/352
|turn|16
|
|switch|p1a: Empoleon|Empoleon, M|371\/371
|move|p2a: Ferrothorn|Spikes|p1a: Empoleon
|-sidestart|p1: BlogBoy|Spikes
|
|turn|17
|
|move|p1a: Empoleon|Scald|p2a: Ferrothorn
|-resisted|p2a: Ferrothorn
|-damage|p2a: Ferrothorn|274\/352
|-status|p2a: Ferrothorn|brn
|move|p2a: Ferrothorn|Leech Seed|p1a: Empoleon
|-start|p1a: Empoleon|move: Leech Seed
|
|-damage|p1a: Empoleon|325\/371|[from] Leech Seed|[of] p2a: Ferrothorn
|-heal|p2a: Ferrothorn|320\/352 brn|[silent]
|-damage|p2a: Ferrothorn|276\/352 brn|[from] brn
|turn|18
|
|move|p1a: Empoleon|Defog|p2a: Ferrothorn
|-unboost|p2a: Ferrothorn|evasion|1
|-sideend|p1: BlogBoy|Spikes|[from] move: Defog|[of] p1a: Empoleon
|move|p2a: Ferrothorn|Spikes|p1a: Empoleon
|-sidestart|p1: BlogBoy|Spikes
|
|-heal|p1a: Empoleon|348\/371|[from] item: Leftovers
|-damage|p1a: Empoleon|302\/371|[from] Leech Seed|[of] p2a: Ferrothorn
|-heal|p2a: Ferrothorn|322\/352 brn|[silent]
|-damage|p2a: Ferrothorn|278\/352 brn|[from] brn
|turn|19
|
|switch|p1a: Magnezone|Magnezone|281\/281
|-damage|p1a: Magnezone|246\/281|[from] Spikes
|move|p2a: Ferrothorn|Spikes|p1a: Magnezone
|-sidestart|p1: BlogBoy|Spikes
|
|-damage|p2a: Ferrothorn|234\/352 brn|[from] brn
|turn|20
|
|switch|p2a: Chansey|Chansey, F|704\/704
|move|p1a: Magnezone|Hidden Power|p2a: Chansey
|-crit|p2a: Chansey
|-damage|p2a: Chansey|637\/704
|
|turn|21
|
|switch|p1a: Conkeldurr|Conkeldurr, F|351\/351
|-damage|p1a: Conkeldurr|293\/351|[from] Spikes
|move|p2a: Chansey|Seismic Toss|p1a: Conkeldurr
|-damage|p1a: Conkeldurr|193\/351
|
|turn|22
|
|switch|p2a: Clefable|Clefable, M|343\/394
|switch|p1a: Empoleon|Empoleon, M|302\/371
|-damage|p1a: Empoleon|241\/371|[from] Spikes
|
|-heal|p1a: Empoleon|264\/371|[from] item: Leftovers
|turn|23
|
|switch|p2a: Ferrothorn|Ferrothorn, M|234\/352 brn
|move|p1a: Empoleon|Defog|p2a: Ferrothorn
|-unboost|p2a: Ferrothorn|evasion|1
|-sideend|p1: BlogBoy|Spikes|[from] move: Defog|[of] p1a: Empoleon
|
|-heal|p1a: Empoleon|287\/371|[from] item: Leftovers
|-damage|p2a: Ferrothorn|190\/352 brn|[from] brn
|turn|24
|
|switch|p1a: Conkeldurr|Conkeldurr, F|193\/351
|move|p2a: Ferrothorn|Leech Seed|p1a: Conkeldurr
|-start|p1a: Conkeldurr|move: Leech Seed
|
|-damage|p1a: Conkeldurr|150\/351|[from] Leech Seed|[of] p2a: Ferrothorn
|-heal|p2a: Ferrothorn|233\/352 brn|[silent]
|-damage|p2a: Ferrothorn|189\/352 brn|[from] brn
|turn|25
|
|move|p2a: Ferrothorn|Protect|p2a: Ferrothorn
|-singleturn|p2a: Ferrothorn|Protect
|move|p1a: Conkeldurr|Drain Punch|p2a: Ferrothorn
|-activate|p2a: Ferrothorn|Protect
|
|-damage|p1a: Conkeldurr|107\/351|[from] Leech Seed|[of] p2a: Ferrothorn
|-heal|p2a: Ferrothorn|232\/352 brn|[silent]
|-damage|p2a: Ferrothorn|188\/352 brn|[from] brn
|turn|26
|
|switch|p1a: Magnezone|Magnezone|246\/281
|switch|p2a: Clefable|Clefable, M|343\/394
|
|turn|27
|
|switch|p2a: Chansey|Chansey, F|637\/704
|move|p1a: Magnezone|Flash Cannon|p2a: Chansey
|-damage|p2a: Chansey|538\/704
|-unboost|p2a: Chansey|spd|1
|
|turn|28
|
|switch|p2a: Starmie|Starmie|323\/323
|move|p1a: Magnezone|Flash Cannon|p2a: Starmie
|-resisted|p2a: Starmie
|-damage|p2a: Starmie|239\/323
|
|-heal|p2a: Starmie|259\/323|[from] item: Leftovers
|turn|29
|
|switch|p1a: Empoleon|Empoleon, M|287\/371
|move|p2a: Starmie|Scald|p1a: Empoleon
|-resisted|p1a: Empoleon
|-damage|p1a: Empoleon|255\/371
|
|-heal|p2a: Starmie|279\/323|[from] item: Leftovers
|-heal|p1a: Empoleon|278\/371|[from] item: Leftovers
|turn|30
|
|move|p2a: Starmie|Scald|p1a: Empoleon
|-resisted|p1a: Empoleon
|-damage|p1a: Empoleon|243\/371
|move|p1a: Empoleon|Roar|p2a: Starmie
|drag|p2a: Chansey|Chansey, F|538\/704
|
|-heal|p1a: Empoleon|266\/371|[from] item: Leftovers
|turn|31
|
|switch|p1a: Garchomp|Garchomp, M|357\/357
|move|p2a: Chansey|Seismic Toss|p1a: Garchomp
|-damage|p1a: Garchomp|257\/357
|-damage|p2a: Chansey|450\/704|[from] ability: Rough Skin|[of] p1a: Garchomp
|-damage|p2a: Chansey|333\/704|[from] item: Rocky Helmet|[of] p1a: Garchomp
|
|turn|32
|
|switch|p2a: Starmie|Starmie|279\/323
|move|p1a: Garchomp|Stealth Rock|p2a: Starmie
|-sidestart|p2: Youth Lagoon|move: Stealth Rock
|
|-heal|p2a: Starmie|299\/323|[from] item: Leftovers
|turn|33
|
|switch|p1a: Magnezone|Magnezone|246\/281
|move|p2a: Starmie|Scald|p1a: Magnezone
|-crit|p1a: Magnezone
|-damage|p1a: Magnezone|98\/281
|-status|p1a: Magnezone|brn
|
|-heal|p2a: Starmie|319\/323|[from] item: Leftovers
|-damage|p1a: Magnezone|63\/281 brn|[from] brn
|turn|34
|
|move|p2a: Starmie|Scald|p1a: Magnezone
|-damage|p1a: Magnezone|0 fnt
|faint|p1a: Magnezone
|
|-heal|p2a: Starmie|323\/323|[from] item: Leftovers
|
|switch|p1a: Altaria|Altaria-Mega, F|307\/307
|turn|35
|
|move|p2a: Starmie|Scald|p1a: Altaria
|-resisted|p1a: Altaria
|-damage|p1a: Altaria|263\/307
|move|p1a: Altaria|Dragon Dance|p1a: Altaria
|-boost|p1a: Altaria|atk|1
|-boost|p1a: Altaria|spe|1
|
|turn|36
|
|move|p1a: Altaria|Return|p2a: Starmie
|-damage|p2a: Starmie|0 fnt
|faint|p2a: Starmie
|
|
|switch|p2a: Ferrothorn|Ferrothorn, M|188\/352 brn
|-damage|p2a: Ferrothorn|166\/352 brn|[from] Stealth Rock
|turn|37
|
|switch|p1a: Garchomp|Garchomp, M|257\/357
|move|p2a: Ferrothorn|Gyro Ball|p1a: Garchomp
|-damage|p1a: Garchomp|170\/357
|-damage|p2a: Ferrothorn|122\/352 brn|[from] ability: Rough Skin|[of] p1a: Garchomp
|-damage|p2a: Ferrothorn|64\/352 brn|[from] item: Rocky Helmet|[of] p1a: Garchomp
|
|-damage|p2a: Ferrothorn|20\/352 brn|[from] brn
|turn|38
|
|move|p1a: Garchomp|Earthquake|p2a: Ferrothorn
|-damage|p2a: Ferrothorn|0 fnt
|faint|p2a: Ferrothorn
|
|
|switch|p2a: Chansey|Chansey, F|333\/704
|-damage|p2a: Chansey|245\/704|[from] Stealth Rock
|turn|39
|
|switch|p1a: Conkeldurr|Conkeldurr, F|107\/351
|move|p2a: Chansey|Seismic Toss|p1a: Conkeldurr
|-damage|p1a: Conkeldurr|7\/351
|
|turn|40
|
|switch|p1a: Garchomp|Garchomp, M|170\/357
|move|p2a: Chansey|Seismic Toss|p1a: Garchomp
|-damage|p1a: Garchomp|70\/357
|-damage|p2a: Chansey|157\/704|[from] ability: Rough Skin|[of] p1a: Garchomp
|-damage|p2a: Chansey|40\/704|[from] item: Rocky Helmet|[of] p1a: Garchomp
|
|turn|41
|
|move|p1a: Garchomp|Earthquake|p2a: Chansey
|-damage|p2a: Chansey|0 fnt
|faint|p2a: Chansey
|
|
|switch|p2a: Clefable|Clefable, M|343\/394
|-damage|p2a: Clefable|294\/394|[from] Stealth Rock
|turn|42
|
|move|p1a: Garchomp|Earthquake|p2a: Clefable
|-damage|p2a: Clefable|128\/394
|move|p2a: Clefable|Moonblast|p1a: Garchomp
|-supereffective|p1a: Garchomp
|-damage|p1a: Garchomp|0 fnt
|faint|p1a: Garchomp
|
|
|switch|p1a: Altaria|Altaria-Mega, F|263\/307
|turn|43
|
|move|p1a: Altaria|Return|p2a: Clefable
|-crit|p2a: Clefable
|-damage|p2a: Clefable|0 fnt
|faint|p2a: Clefable
|
|win|BlogBoy
|raw|Ladder updating...
|raw|BlogBoy's rating: 1400 &rarr; <strong>1422<\/strong><br \/>(+22 for winning)
|raw|Youth Lagoon's rating: 1435 &rarr; <strong>1413<\/strong><br \/>(-22 for losing)
|c|âBlogBoy|gg
|leave|Youth Lagoon
|player|p2