|join|Youth Lagoon
|join|imnoob9000
|player|p1|Youth Lagoon|187
|player|p2|imnoob9000|170
|gametype|singles
|gen|6
|tier|OU
|rated
|clearpoke
|poke|p1|Starmie
|poke|p1|Bisharp, F
|poke|p1|Gliscor, F
|poke|p1|Ferrothorn, F
|poke|p1|Rotom-Heat
|poke|p1|Altaria, M
|poke|p2|Bisharp, M
|poke|p2|Manaphy
|poke|p2|Mew
|poke|p2|Breloom, M
|poke|p2|Gothitelle, M
|poke|p2|Latios, M
|rule|Swagger Clause: Swagger is banned
|rule|Baton Pass Clause: Limit one PokÃ©mon knowing Baton Pass
|rule|Sleep Clause Mod: Limit one foe put to sleep
|rule|Species Clause: Limit one of each PokÃ©mon
|rule|OHKO Clause: OHKO moves are banned
|rule|Moody Clause: Moody is banned
|rule|Evasion Moves Clause: Evasion moves are banned
|rule|Endless Battle Clause: Forcing endless battles is banned
|rule|HP Percentage Mod: HP is shown in percentages
|teampreview
|
|start
|switch|p1a: Rotom-Heat|Rotom-Heat|241\/241
|switch|p2a: Breloom|Breloom, M|262\/262
|turn|1
|
|move|p1a: Rotom-Heat|Volt Switch|p2a: Breloom
|-resisted|p2a: Breloom
|-damage|p2a: Breloom|177\/262
|
|switch|p1a: Altaria|Altaria, M|328\/328
|move|p2a: Breloom|Spore|p1a: Altaria
|-status|p1a: Altaria|slp
|
|turn|2
|
|switch|p1a: Gliscor|Gliscor, F|353\/353
|move|p2a: Breloom|Rock Tomb|p1a: Gliscor
|-damage|p1a: Gliscor|287\/353
|-unboost|p1a: Gliscor|spe|1
|
|-status|p1a: Gliscor|tox|[from] item: Toxic Orb
|turn|3
|
|move|p2a: Breloom|Bullet Seed|p1a: Gliscor
|-damage|p1a: Gliscor|245\/353 tox
|-damage|p1a: Gliscor|202\/353 tox
|-damage|p1a: Gliscor|157\/353 tox
|-damage|p1a: Gliscor|114\/353 tox
|-hitcount|p1a: Gliscor|4
|move|p1a: Gliscor|Toxic|p2a: Breloom
|-status|p2a: Breloom|tox
|
|-damage|p2a: Breloom|161\/262 tox|[from] psn
|-heal|p1a: Gliscor|158\/353 tox|[from] ability: Poison Heal
|turn|4
|
|move|p2a: Breloom|Bullet Seed|p1a: Gliscor
|-crit|p1a: Gliscor
|-damage|p1a: Gliscor|86\/353 tox
|-damage|p1a: Gliscor|38\/353 tox
|-damage|p1a: Gliscor|0 fnt
|-hitcount|p1a: Gliscor|3
|faint|p1a: Gliscor
|
|-damage|p2a: Breloom|129\/262 tox|[from] psn
|
|switch|p1a: Starmie|Starmie|324\/324
|turn|5
|
|move|p2a: Breloom|Mach Punch|p1a: Starmie
|-resisted|p1a: Starmie
|-damage|p1a: Starmie|264\/324
|move|p1a: Starmie|Psyshock|p2a: Breloom
|-crit|p2a: Breloom
|-supereffective|p2a: Breloom
|-damage|p2a: Breloom|0 fnt
|faint|p2a: Breloom
|
|-heal|p1a: Starmie|284\/324|[from] item: Leftovers
|
|switch|p2a: Bisharp|Bisharp, M|272\/272
|turn|6
|
|move|p1a: Starmie|Scald|p2a: Bisharp
|-damage|p2a: Bisharp|136\/272
|move|p2a: Bisharp|Swords Dance|p2a: Bisharp
|-boost|p2a: Bisharp|atk|2
|
|-heal|p1a: Starmie|304\/324|[from] item: Leftovers
|turn|7
|
|switch|p1a: Rotom-Heat|Rotom-Heat|241\/241
|move|p2a: Bisharp|Sucker Punch|p1a: Rotom-Heat
|-fail|p1a: Rotom-Heat
|
|turn|8
|
|move|p1a: Rotom-Heat|Will-O-Wisp|p2a: Bisharp
|-status|p2a: Bisharp|brn
|-enditem|p2a: Bisharp|Lum Berry|[eat]
|-curestatus|p2a: Bisharp|brn
|move|p2a: Bisharp|Knock Off|p1a: Rotom-Heat
|-crit|p1a: Rotom-Heat
|-damage|p1a: Rotom-Heat|0 fnt
|-enditem|p1a: Rotom-Heat|Choice Scarf|[from] move: Knock Off|[of] p2a: Bisharp
|faint|p1a: Rotom-Heat
|
|
|switch|p1a: Ferrothorn|Ferrothorn, F|352\/352
|turn|9
|join|hand relief
|
|move|p2a: Bisharp|Knock Off|p1a: Ferrothorn
|-damage|p1a: Ferrothorn|85\/352
|-damage|p2a: Bisharp|102\/272|[from] ability: Iron Barbs|[of] p1a: Ferrothorn
|-enditem|p1a: Ferrothorn|Leftovers|[from] move: Knock Off|[of] p2a: Bisharp
|move|p1a: Ferrothorn|Thunder Wave|p2a: Bisharp
|-status|p2a: Bisharp|par
|
|turn|10
|c| hand relief|lum sharp
|
|move|p2a: Bisharp|Knock Off|p1a: Ferrothorn
|-damage|p1a: Ferrothorn|0 fnt
|-damage|p2a: Bisharp|68\/272 par|[from] ability: Iron Barbs|[of] p1a: Ferrothorn
|faint|p1a: Ferrothorn
|
|c| hand relief|actually not a bad item when bp and stallbreak mew were a thing
|
|switch|p1a: Altaria|Altaria, M|328\/328
|turn|11
|c| hand relief|but this is oras
|c|âimnoob9000|it saved it from a wisp
|
|detailschange|p1a: Altaria|Altaria-Mega, M
|-mega|p1a: Altaria|Altaria|Altarianite
|move|p2a: Bisharp|Sucker Punch|p1a: Altaria
|-resisted|p1a: Altaria
|-damage|p1a: Altaria|184\/328
|move|p1a: Altaria|Hyper Voice|p2a: Bisharp
|-damage|p2a: Bisharp|0 fnt
|faint|p2a: Bisharp
|
|c|âimnoob9000|bisharp is already pretty strong without his life orb or blackglasses
|
|switch|p2a: Mew|Mew|404\/404
|turn|12
|
|move|p2a: Mew|Amnesia|p2a: Mew
|-boost|p2a: Mew|spd|2
|move|p1a: Altaria|Hyper Voice|p2a: Mew
|-damage|p2a: Mew|323\/404
|
|-heal|p2a: Mew|348\/404|[from] item: Leftovers
|turn|13
|
|move|p2a: Mew|Iron Defense|p2a: Mew
|-boost|p2a: Mew|def|2
|move|p1a: Altaria|Roost|p1a: Altaria
|-heal|p1a: Altaria|328\/328
|
|-heal|p2a: Mew|373\/404|[from] item: Leftovers
|turn|14
|
|move|p2a: Mew|Amnesia|p2a: Mew
|-boost|p2a: Mew|spd|2
|move|p1a: Altaria|Hyper Voice|p2a: Mew
|-damage|p2a: Mew|321\/404
|
|-heal|p2a: Mew|346\/404|[from] item: Leftovers
|turn|15
|
|move|p2a: Mew|Amnesia|p2a: Mew
|-boost|p2a: Mew|spd|2
|move|p1a: Altaria|Hyper Voice|p2a: Mew
|-damage|p2a: Mew|306\/404
|
|-heal|p2a: Mew|331\/404|[from] item: Leftovers
|turn|16
|
|move|p2a: Mew|Iron Defense|p2a: Mew
|-boost|p2a: Mew|def|2
|move|p1a: Altaria|Hyper Voice|p2a: Mew
|-damage|p2a: Mew|285\/404
|
|-heal|p2a: Mew|310\/404|[from] item: Leftovers
|turn|17
|
|switch|p1a: Bisharp|Bisharp, F|272\/272
|move|p2a: Mew|Iron Defense|p2a: Mew
|-boost|p2a: Mew|def|2
|
|-heal|p2a: Mew|335\/404|[from] item: Leftovers
|turn|18
|
|move|p1a: Bisharp|Knock Off|p2a: Mew
|-supereffective|p2a: Mew
|-damage|p2a: Mew|249\/404
|-enditem|p2a: Mew|Leftovers|[from] move: Knock Off|[of] p1a: Bisharp
|move|p2a: Mew|Baton Pass|p2a: Mew
|
|switch|p2a: Manaphy|Manaphy|404\/404
|
|turn|19
|
|move|p1a: Bisharp|Swords Dance|p1a: Bisharp
|-boost|p1a: Bisharp|atk|2
|move|p2a: Manaphy|Rain Dance|p2a: Manaphy
|-weather|RainDance
|
|-weather|RainDance|[upkeep]
|turn|20
|
|move|p1a: Bisharp|Knock Off|p2a: Manaphy
|-damage|p2a: Manaphy|313\/404
|-enditem|p2a: Manaphy|Leftovers|[from] move: Knock Off|[of] p1a: Bisharp
|move|p2a: Manaphy|Scald|p1a: Bisharp
|-damage|p1a: Bisharp|70\/272
|
|-weather|RainDance|[upkeep]
|turn|21
|
|move|p1a: Bisharp|Knock Off|p2a: Manaphy
|-damage|p2a: Manaphy|255\/404
|move|p2a: Manaphy|Scald|p1a: Bisharp
|-damage|p1a: Bisharp|0 fnt
|faint|p1a: Bisharp
|
|-weather|RainDance|[upkeep]
|
|switch|p1a: Altaria|Altaria-Mega, M|328\/328
|turn|22
|
|move|p2a: Manaphy|Rest|p2a: Manaphy
|-status|p2a: Manaphy|slp
|-heal|p2a: Manaphy|404\/404 slp|[silent]
|-status|p2a: Manaphy|slp|[from] move: Rest
|move|p1a: Altaria|Hyper Voice|p2a: Manaphy
|-damage|p2a: Manaphy|364\/404 slp
|
|-weather|RainDance|[upkeep]
|-curestatus|p2a: Manaphy|slp
|turn|23
|
|move|p2a: Manaphy|Tail Glow|p2a: Manaphy
|-boost|p2a: Manaphy|spa|3
|move|p1a: Altaria|Hyper Voice|p2a: Manaphy
|-damage|p2a: Manaphy|319\/404
|
|-weather|none
|turn|24
|
|move|p2a: Manaphy|Tail Glow|p2a: Manaphy
|-boost|p2a: Manaphy|spa|3
|move|p1a: Altaria|Hyper Voice|p2a: Manaphy
|-damage|p2a: Manaphy|276\/404
|
|turn|25
|
|move|p2a: Manaphy|Rain Dance|p2a: Manaphy
|-weather|RainDance
|move|p1a: Altaria|Hyper Voice|p2a: Manaphy
|-damage|p2a: Manaphy|228\/404
|
|-weather|RainDance|[upkeep]
|turn|26
|
|move|p2a: Manaphy|Rest|p2a: Manaphy
|-status|p2a: Manaphy|slp
|-heal|p2a: Manaphy|404\/404 slp|[silent]
|-status|p2a: Manaphy|slp|[from] move: Rest
|move|p1a: Altaria|Hyper Voice|p2a: Manaphy
|-damage|p2a: Manaphy|356\/404 slp
|
|-weather|RainDance|[upkeep]
|-curestatus|p2a: Manaphy|slp
|turn|27
|
|move|p2a: Manaphy|Scald|p1a: Altaria
|-resisted|p1a: Altaria
|-damage|p1a: Altaria|24\/328
|move|p1a: Altaria|Hyper Voice|p2a: Manaphy
|-damage|p2a: Manaphy|314\/404
|
|-weather|RainDance|[upkeep]
|turn|28
|
|move|p2a: Manaphy|Scald|p1a: Altaria
|-resisted|p1a: Altaria
|-damage|p1a: Altaria|0 fnt
|faint|p1a: Altaria
|
|-weather|RainDance|[upkeep]
|
|switch|p1a: Starmie|Starmie|304\/324
|turn|29
|
|move|p1a: Starmie|Psyshock|p2a: Manaphy
|-damage|p2a: Manaphy|292\/404
|move|p2a: Manaphy|Scald|p1a: Starmie
|-resisted|p1a: Starmie
|-damage|p1a: Starmie|14\/324
|-status|p1a: Starmie|brn
|
|-weather|none
|-heal|p1a: Starmie|34\/324 brn|[from] item: Leftovers
|-damage|p1a: Starmie|0 fnt|[from] brn
|faint|p1a: Starmie
|
|win|imnoob9000
|raw|Ladder updating...
|raw|Youth Lagoon's rating: 1420 &rarr; <strong>1401<\/strong><br \/>(-19 for losing)
|raw|imnoob9000's rating: 1436 &rarr; <strong>1455<\/strong><br \/>(+19 for winning)
|leave|Youth Lagoon
|player|p1