|join|Youth Lagoon
|join|LordRay
|player|p1|Youth Lagoon|187
|player|p2|LordRay|288
|gametype|singles
|gen|6
|tier|OU
|rated
|clearpoke
|poke|p1|Starmie
|poke|p1|Bisharp, M
|poke|p1|Gliscor, M
|poke|p1|Tyranitar, M
|poke|p1|Kyurem-Black
|poke|p1|Scizor, M
|poke|p2|Mamoswine, M
|poke|p2|Latios, M
|poke|p2|Bisharp, M
|poke|p2|Charizard, F
|poke|p2|Thundurus, M
|poke|p2|Keldeo
|rule|Swagger Clause: Swagger is banned
|rule|Baton Pass Clause: Limit one PokÃ©mon knowing Baton Pass
|rule|Sleep Clause Mod: Limit one foe put to sleep
|rule|Species Clause: Limit one of each PokÃ©mon
|rule|OHKO Clause: OHKO moves are banned
|rule|Moody Clause: Moody is banned
|rule|Evasion Moves Clause: Evasion moves are banned
|rule|Endless Battle Clause: Forcing endless battles is banned
|rule|HP Percentage Mod: HP is shown in percentages
|teampreview
|
|start
|switch|p1a: Kyurem-Black|Kyurem-Black|406\/406
|switch|p2a: Mamoswine|Mamoswine, M|361\/361
|-ability|p1a: Kyurem-Black|Teravolt
|turn|1
|join|Qwazz
|
|move|p1a: Kyurem-Black|Ice Beam|p2a: Mamoswine
|-damage|p2a: Mamoswine|135\/361
|move|p2a: Mamoswine|Stealth Rock|p1a: Kyurem-Black
|-sidestart|p1: Youth Lagoon|move: Stealth Rock
|
|turn|2
|
|move|p2a: Mamoswine|Ice Shard|p1a: Kyurem-Black
|-damage|p1a: Kyurem-Black|333\/406
|move|p1a: Kyurem-Black|Ice Beam|p2a: Mamoswine
|-damage|p2a: Mamoswine|0 fnt
|faint|p2a: Mamoswine
|
|-heal|p1a: Kyurem-Black|358\/406|[from] item: Leftovers
|
|switch|p2a: Keldeo|Keldeo|323\/323
|turn|3
|
|switch|p2a: Bisharp|Bisharp, M|271\/271
|switch|p1a: Starmie|Starmie|324\/324
|-damage|p1a: Starmie|284\/324|[from] Stealth Rock
|
|-heal|p1a: Starmie|304\/324|[from] item: Leftovers
|turn|4
|
|move|p1a: Starmie|Rapid Spin|p2a: Bisharp
|-resisted|p2a: Bisharp
|-damage|p2a: Bisharp|267\/271
|-sideend|p1: Youth Lagoon|Stealth Rock|[from] move: Rapid Spin|[of] p1a: Starmie
|move|p2a: Bisharp|Knock Off|p1a: Starmie
|-supereffective|p1a: Starmie
|-damage|p1a: Starmie|0 fnt
|-enditem|p1a: Starmie|Leftovers|[from] move: Knock Off|[of] p2a: Bisharp
|faint|p1a: Starmie
|
|
|switch|p1a: Gliscor|Gliscor, M|353\/353
|turn|5
|
|move|p1a: Gliscor|Toxic|p2a: Bisharp
|-fail|p2a: Bisharp
|move|p2a: Bisharp|Swords Dance|p2a: Bisharp
|-boost|p2a: Bisharp|atk|2
|
|-status|p1a: Gliscor|tox|[from] item: Toxic Orb
|turn|6
|
|move|p2a: Bisharp|Sucker Punch|p1a: Gliscor
|-crit|p1a: Gliscor
|-damage|p1a: Gliscor|43\/353 tox
|move|p1a: Gliscor|Earthquake|p2a: Bisharp
|-crit|p2a: Bisharp
|-supereffective|p2a: Bisharp
|-damage|p2a: Bisharp|0 fnt
|faint|p2a: Bisharp
|
|-heal|p1a: Gliscor|87\/353 tox|[from] ability: Poison Heal
|c|âYouth Lagoon|woah
|c|âYouth Lagoon|ok
|
|switch|p2a: Keldeo|Keldeo|323\/323
|turn|7
|c|âYouth Lagoon|el crits
|
|move|p2a: Keldeo|Scald|p1a: Gliscor
|-supereffective|p1a: Gliscor
|-damage|p1a: Gliscor|0 fnt
|faint|p1a: Gliscor
|
|
|switch|p1a: Kyurem-Black|Kyurem-Black|358\/406
|-ability|p1a: Kyurem-Black|Teravolt
|turn|8
|
|switch|p2a: Thundurus|Thundurus, M|299\/299
|move|p1a: Kyurem-Black|Substitute|p1a: Kyurem-Black
|-start|p1a: Kyurem-Black|Substitute
|-damage|p1a: Kyurem-Black|257\/406
|
|-heal|p1a: Kyurem-Black|282\/406|[from] item: Leftovers
|turn|9
|
|move|p2a: Thundurus|Dark Pulse|p1a: Kyurem-Black
|-end|p1a: Kyurem-Black|Substitute
|-damage|p2a: Thundurus|270\/299|[from] item: Life Orb
|move|p1a: Kyurem-Black|Ice Beam|p2a: Thundurus
|-supereffective|p2a: Thundurus
|-damage|p2a: Thundurus|0 fnt
|faint|p2a: Thundurus
|
|-heal|p1a: Kyurem-Black|307\/406|[from] item: Leftovers
|
|switch|p2a: Latios|Latios, M|301\/301
|turn|10
|
|switch|p2a: Charizard|Charizard, F|325\/325
|switch|p1a: Bisharp|Bisharp, M|272\/272
|
|turn|11
|
|move|p2a: Charizard|Dragon Dance|p2a: Charizard
|-boost|p2a: Charizard|atk|1
|-boost|p2a: Charizard|spe|1
|move|p1a: Bisharp|Swords Dance|p1a: Bisharp
|-boost|p1a: Bisharp|atk|2
|
|turn|12
|
|detailschange|p2a: Charizard|Charizard-Mega-X, F
|-mega|p2a: Charizard|Charizard|Charizardite X
|move|p2a: Charizard|Dragon Dance|p2a: Charizard
|-boost|p2a: Charizard|atk|1
|-boost|p2a: Charizard|spe|1
|move|p1a: Bisharp|Knock Off|p2a: Charizard
|-crit|p2a: Charizard
|-damage|p2a: Charizard|0 fnt
|faint|p2a: Charizard
|
|
|switch|p2a: Keldeo|Keldeo|323\/323
|turn|13
|
|move|p1a: Bisharp|Sucker Punch|p2a: Keldeo
|-resisted|p2a: Keldeo
|-damage|p2a: Keldeo|153\/323
|-boost|p2a: Keldeo|atk|1|[from] ability: Justified
|move|p2a: Keldeo|Secret Sword|p1a: Bisharp
|-supereffective|p1a: Bisharp
|-damage|p1a: Bisharp|0 fnt
|faint|p1a: Bisharp
|
|
|switch|p1a: Scizor|Scizor, M|343\/343
|turn|14
|
|detailschange|p1a: Scizor|Scizor-Mega, M
|-mega|p1a: Scizor|Scizor|Scizorite
|move|p2a: Keldeo|Secret Sword|p1a: Scizor
|-damage|p1a: Scizor|241\/343
|move|p1a: Scizor|Swords Dance|p1a: Scizor
|-boost|p1a: Scizor|atk|2
|
|turn|15
|
|move|p2a: Keldeo|Secret Sword|p1a: Scizor
|-damage|p1a: Scizor|145\/343
|move|p1a: Scizor|Swords Dance|p1a: Scizor
|-boost|p1a: Scizor|atk|2
|
|turn|16
|
|move|p1a: Scizor|Bullet Punch|p2a: Keldeo
|-resisted|p2a: Keldeo
|-damage|p2a: Keldeo|0 fnt
|faint|p2a: Keldeo
|
|
|switch|p2a: Latios|Latios, M|301\/301
|turn|17
|
|move|p1a: Scizor|Bullet Punch|p2a: Latios
|-damage|p2a: Latios|0 fnt
|faint|p2a: Latios
|
|win|Youth Lagoon
|raw|Ladder updating...
|raw|Youth Lagoon's rating: 1584 &rarr; <strong>1604<\/strong><br \/>(+20 for winning)
|raw|LordRay's rating: 1586 &rarr; <strong>1566<\/strong><br \/>(-20 for losing)
|c|âYouth Lagoon|gg
|leave|LordRay
|player|p2