|join|The Last Hero
|join|Babaren Dave
|player|p1|The Last Hero|54
|player|p2|Babaren Dave|285
|gametype|singles
|gen|6
|tier|OU
|rated
|clearpoke
|poke|p1|Hippowdon, M
|poke|p1|Aerodactyl, M
|poke|p1|Magnezone
|poke|p1|Stoutland, M
|poke|p1|Tentacruel, M
|poke|p1|Whimsicott, M
|poke|p2|Lopunny, M
|poke|p2|Greninja, M
|poke|p2|Chesnaught, F, shiny
|poke|p2|Heatran, M, shiny
|poke|p2|Clefable, F
|poke|p2|Mew
|rule|Swagger Clause: Swagger is banned
|rule|Baton Pass Clause: Limit one PokÃ©mon knowing Baton Pass
|rule|Sleep Clause Mod: Limit one foe put to sleep
|rule|Species Clause: Limit one of each PokÃ©mon
|rule|OHKO Clause: OHKO moves are banned
|rule|Moody Clause: Moody is banned
|rule|Evasion Moves Clause: Evasion moves are banned
|rule|Endless Battle Clause: Forcing endless battles is banned
|rule|HP Percentage Mod: HP is shown in percentages
|teampreview
|
|start
|switch|p1a: Aero|Aerodactyl, M|305\/305
|switch|p2a: Mew|Mew|404\/404
|-ability|p1a: Aero|Pressure
|turn|1
|
|switch|p1a: Whimsitroll|Whimsicott, M|323\/323
|move|p2a: Mew|Stealth Rock|p1a: Whimsitroll
|-sidestart|p1: The Last Hero|move: Stealth Rock
|
|turn|2
|
|switch|p2a: Heatran|Heatran, M, shiny|323\/323
|move|p1a: Whimsitroll|Encore|p2a: Heatran
|-fail|p2a: Heatran
|
|turn|3
|
|switch|p2a: Mew|Mew|404\/404
|move|p1a: Whimsitroll|Knock Off|p2a: Mew
|-supereffective|p2a: Mew
|-damage|p2a: Mew|322\/404
|-enditem|p2a: Mew|Leftovers|[from] move: Knock Off|[of] p1a: Whimsitroll
|
|turn|4
|
|move|p1a: Whimsitroll|Leech Seed|p2a: Mew|[miss]
|-miss|p1a: Whimsitroll|p2a: Mew
|move|p2a: Mew|Psychic|p1a: Whimsitroll
|-damage|p1a: Whimsitroll|191\/323
|
|-heal|p1a: Whimsitroll|211\/323|[from] item: Leftovers
|turn|5
|
|move|p1a: Whimsitroll|Leech Seed|p2a: Mew
|-start|p2a: Mew|move: Leech Seed
|move|p2a: Mew|Will-O-Wisp|p1a: Whimsitroll
|-status|p1a: Whimsitroll|brn
|
|-heal|p1a: Whimsitroll|231\/323 brn|[from] item: Leftovers
|-damage|p2a: Mew|272\/404|[from] Leech Seed|[of] p1a: Whimsitroll
|-heal|p1a: Whimsitroll|281\/323 brn|[silent]
|-damage|p1a: Whimsitroll|241\/323 brn|[from] brn
|turn|6
|
|switch|p2a: Clefable|Clefable, F|394\/394
|move|p1a: Whimsitroll|Knock Off|p2a: Clefable
|-crit|p2a: Clefable
|-resisted|p2a: Clefable
|-damage|p2a: Clefable|375\/394
|-enditem|p2a: Clefable|Leftovers|[from] move: Knock Off|[of] p1a: Whimsitroll
|
|-heal|p1a: Whimsitroll|261\/323 brn|[from] item: Leftovers
|-damage|p1a: Whimsitroll|221\/323 brn|[from] brn
|turn|7
|
|switch|p1a: Tenta|Tentacruel, M|363\/363
|-damage|p1a: Tenta|318\/363|[from] Stealth Rock
|move|p2a: Clefable|Flamethrower|p1a: Tenta
|-resisted|p1a: Tenta
|-damage|p1a: Tenta|289\/363
|
|-heal|p1a: Tenta|311\/363|[from] item: Black Sludge
|turn|8
|
|switch|p2a: Mew|Mew|272\/404
|move|p1a: Tenta|Sludge Bomb|p2a: Mew
|-damage|p2a: Mew|176\/404
|-status|p2a: Mew|psn
|
|-heal|p1a: Tenta|333\/363|[from] item: Black Sludge
|-damage|p2a: Mew|126\/404 psn|[from] psn
|turn|9
|
|move|p2a: Mew|Soft-Boiled|p2a: Mew
|-heal|p2a: Mew|328\/404 psn
|move|p1a: Tenta|Rapid Spin|p2a: Mew
|-damage|p2a: Mew|318\/404 psn
|-sideend|p1: The Last Hero|Stealth Rock|[from] move: Rapid Spin|[of] p1a: Tenta
|
|-heal|p1a: Tenta|355\/363|[from] item: Black Sludge
|-damage|p2a: Mew|268\/404 psn|[from] psn
|turn|10
|
|switch|p1a: Hippo|Hippowdon, M|419\/419
|-weather|Sandstorm
|move|p2a: Mew|Stealth Rock|p1a: Hippo
|-sidestart|p1: The Last Hero|move: Stealth Rock
|
|-weather|Sandstorm|[upkeep]
|-damage|p2a: Mew|243\/404 psn|[from] sandstorm
|-damage|p2a: Mew|193\/404 psn|[from] psn
|turn|11
|
|move|p2a: Mew|Will-O-Wisp|p1a: Hippo
|-status|p1a: Hippo|brn
|move|p1a: Hippo|Stealth Rock|p2a: Mew
|-sidestart|p2: Babaren Dave|move: Stealth Rock
|
|-weather|Sandstorm|[upkeep]
|-damage|p2a: Mew|168\/404 psn|[from] sandstorm
|-damage|p2a: Mew|118\/404 psn|[from] psn
|-damage|p1a: Hippo|367\/419 brn|[from] brn
|turn|12
|
|switch|p1a: Whimsitroll|Whimsicott, M|221\/323 brn
|-damage|p1a: Whimsitroll|181\/323 brn|[from] Stealth Rock
|move|p2a: Mew|Soft-Boiled|p2a: Mew
|-heal|p2a: Mew|320\/404 psn
|
|-weather|Sandstorm|[upkeep]
|-damage|p2a: Mew|295\/404 psn|[from] sandstorm
|-damage|p1a: Whimsitroll|161\/323 brn|[from] sandstorm
|-heal|p1a: Whimsitroll|181\/323 brn|[from] item: Leftovers
|-damage|p2a: Mew|245\/404 psn|[from] psn
|-damage|p1a: Whimsitroll|141\/323 brn|[from] brn
|turn|13
|
|switch|p2a: Chesnaught|Chesnaught, F, shiny|380\/380
|-damage|p2a: Chesnaught|357\/380|[from] Stealth Rock
|switch|p1a: Tenta|Tentacruel, M|355\/363
|-damage|p1a: Tenta|310\/363|[from] Stealth Rock
|
|-weather|Sandstorm|[upkeep]
|-damage|p1a: Tenta|288\/363|[from] sandstorm
|-damage|p2a: Chesnaught|334\/380|[from] sandstorm
|-heal|p1a: Tenta|310\/363|[from] item: Black Sludge
|-heal|p2a: Chesnaught|357\/380|[from] item: Leftovers
|turn|14
|
|move|p1a: Tenta|Rapid Spin|p2a: Chesnaught
|-damage|p2a: Chesnaught|348\/380
|-sideend|p1: The Last Hero|Stealth Rock|[from] move: Rapid Spin|[of] p1a: Tenta
|move|p2a: Chesnaught|Super Fang|p1a: Tenta
|-damage|p1a: Tenta|155\/363
|
|-weather|Sandstorm|[upkeep]
|-damage|p1a: Tenta|133\/363|[from] sandstorm
|-damage|p2a: Chesnaught|325\/380|[from] sandstorm
|-heal|p1a: Tenta|155\/363|[from] item: Black Sludge
|-heal|p2a: Chesnaught|348\/380|[from] item: Leftovers
|turn|15
|
|switch|p1a: Aero|Aerodactyl, M|305\/305
|-ability|p1a: Aero|Pressure
|switch|p2a: Mew|Mew|245\/404 psn
|-damage|p2a: Mew|195\/404 psn|[from] Stealth Rock
|
|-weather|Sandstorm|[upkeep]
|-damage|p2a: Mew|170\/404 psn|[from] sandstorm
|-damage|p2a: Mew|120\/404 psn|[from] psn
|turn|16
|
|switch|p2a: Heatran|Heatran, M, shiny|323\/323
|-damage|p2a: Heatran|283\/323|[from] Stealth Rock
|detailschange|p1a: Aero|Aerodactyl-Mega, M
|message|Aerodactyl has Mega Evolved into Mega Aerodactyl!
|move|p1a: Aero|Aerial Ace|p2a: Heatran
|-resisted|p2a: Heatran
|-damage|p2a: Heatran|204\/323
|
|-weather|Sandstorm|[upkeep]
|turn|17
|
|move|p2a: Heatran|Flash Cannon|p1a: Aero
|-supereffective|p1a: Aero
|-damage|p1a: Aero|105\/305
|move|p1a: Aero|Aqua Tail|p2a: Heatran
|-supereffective|p2a: Heatran
|-damage|p2a: Heatran|0 fnt
|faint|p2a: Heatran
|
|-weather|none
|
|switch|p2a: Clefable|Clefable, F|375\/394
|turn|18
|
|switch|p1a: Tenta|Tentacruel, M|155\/363
|switch|p2a: Lopunny|Lopunny, M|271\/271
|-damage|p2a: Lopunny|238\/271|[from] Stealth Rock
|
|-heal|p1a: Tenta|177\/363|[from] item: Black Sludge
|turn|19
|
|switch|p1a: Hippo|Hippowdon, M|367\/419 brn
|-weather|Sandstorm
|detailschange|p2a: Lopunny|Lopunny-Mega, M
|message|Lopunny has Mega Evolved into Mega Lopunny!
|move|p2a: Lopunny|Return|p1a: Hippo
|-damage|p1a: Hippo|247\/419 brn
|
|-weather|Sandstorm|[upkeep]
|-damage|p2a: Lopunny|222\/271|[from] sandstorm
|-damage|p1a: Hippo|195\/419 brn|[from] brn
|turn|20
|
|switch|p1a: Whimsitroll|Whimsicott, M|141\/323 brn
|move|p2a: Lopunny|Drain Punch|p1a: Whimsitroll
|-resisted|p1a: Whimsitroll
|-damage|p1a: Whimsitroll|81\/323 brn
|-heal|p2a: Lopunny|252\/271|[from] drain|[of] p1a: Whimsitroll
|
|-weather|Sandstorm|[upkeep]
|-damage|p2a: Lopunny|236\/271|[from] sandstorm
|-damage|p1a: Whimsitroll|61\/323 brn|[from] sandstorm
|-heal|p1a: Whimsitroll|81\/323 brn|[from] item: Leftovers
|-damage|p1a: Whimsitroll|41\/323 brn|[from] brn
|turn|21
|
|move|p1a: Whimsitroll|Encore|p2a: Lopunny
|-start|p2a: Lopunny|Encore
|move|p2a: Lopunny|Drain Punch|p1a: Whimsitroll
|-resisted|p1a: Whimsitroll
|-damage|p1a: Whimsitroll|0 fnt
|-heal|p2a: Lopunny|257\/271|[from] drain|[of] p1a: Whimsitroll
|faint|p1a: Whimsitroll
|
|-weather|Sandstorm|[upkeep]
|-damage|p2a: Lopunny|241\/271|[from] sandstorm
|
|switch|p1a: Tenta|Tentacruel, M|177\/363
|turn|22
|
|switch|p2a: Chesnaught|Chesnaught, F, shiny|348\/380
|-damage|p2a: Chesnaught|325\/380|[from] Stealth Rock
|move|p1a: Tenta|Scald|p2a: Chesnaught
|-resisted|p2a: Chesnaught
|-damage|p2a: Chesnaught|280\/380
|
|-weather|Sandstorm|[upkeep]
|-damage|p1a: Tenta|155\/363|[from] sandstorm
|-damage|p2a: Chesnaught|257\/380|[from] sandstorm
|-heal|p1a: Tenta|177\/363|[from] item: Black Sludge
|-heal|p2a: Chesnaught|280\/380|[from] item: Leftovers
|turn|23
|
|move|p1a: Tenta|Scald|p2a: Chesnaught
|-resisted|p2a: Chesnaught
|-damage|p2a: Chesnaught|239\/380
|move|p2a: Chesnaught|Spikes|p1a: Tenta
|-sidestart|p1: The Last Hero|Spikes
|
|-weather|Sandstorm|[upkeep]
|-damage|p1a: Tenta|155\/363|[from] sandstorm
|-damage|p2a: Chesnaught|216\/380|[from] sandstorm
|-heal|p1a: Tenta|177\/363|[from] item: Black Sludge
|-heal|p2a: Chesnaught|239\/380|[from] item: Leftovers
|turn|24
|
|move|p1a: Tenta|Scald|p2a: Chesnaught
|-resisted|p2a: Chesnaught
|-damage|p2a: Chesnaught|198\/380
|move|p2a: Chesnaught|Super Fang|p1a: Tenta|[miss]
|-miss|p2a: Chesnaught|p1a: Tenta
|
|-weather|Sandstorm|[upkeep]
|-damage|p1a: Tenta|155\/363|[from] sandstorm
|-damage|p2a: Chesnaught|175\/380|[from] sandstorm
|-heal|p1a: Tenta|177\/363|[from] item: Black Sludge
|-heal|p2a: Chesnaught|198\/380|[from] item: Leftovers
|turn|25
|
|move|p1a: Tenta|Scald|p2a: Chesnaught
|-resisted|p2a: Chesnaught
|-damage|p2a: Chesnaught|158\/380
|move|p2a: Chesnaught|Super Fang|p1a: Tenta
|-damage|p1a: Tenta|89\/363
|
|-weather|Sandstorm|[upkeep]
|-damage|p1a: Tenta|67\/363|[from] sandstorm
|-damage|p2a: Chesnaught|135\/380|[from] sandstorm
|-heal|p1a: Tenta|89\/363|[from] item: Black Sludge
|-heal|p2a: Chesnaught|158\/380|[from] item: Leftovers
|turn|26
|
|switch|p2a: Greninja|Greninja, M|285\/285
|-damage|p2a: Greninja|250\/285|[from] Stealth Rock
|move|p1a: Tenta|Scald|p2a: Greninja
|-resisted|p2a: Greninja
|-damage|p2a: Greninja|193\/285
|
|-weather|none
|-heal|p1a: Tenta|111\/363|[from] item: Black Sludge
|turn|27
|
|move|p2a: Greninja|Dark Pulse|p1a: Tenta
|-start|p2a: Greninja|typechange|Dark|[from] Protean
|-damage|p1a: Tenta|0 fnt
|-damage|p2a: Greninja|165\/285|[from] item: Life Orb
|faint|p1a: Tenta
|
|
|switch|p1a: Aero|Aerodactyl-Mega, M|105\/305
|turn|28
|
|switch|p2a: Clefable|Clefable, F|375\/394
|move|p1a: Aero|Aerial Ace|p2a: Clefable
|-damage|p2a: Clefable|215\/394
|
|turn|29
|
|move|p1a: Aero|Stone Edge|p2a: Clefable
|-damage|p2a: Clefable|0 fnt
|faint|p2a: Clefable
|
|
|switch|p2a: Lopunny|Lopunny-Mega, M|241\/271
|-damage|p2a: Lopunny|225\/271|[from] Stealth Rock
|turn|30
|
|switch|p1a: Hippo|Hippowdon, M|195\/419 brn
|-damage|p1a: Hippo|143\/419 brn|[from] Spikes
|-weather|Sandstorm
|move|p2a: Lopunny|Fake Out|p1a: Hippo
|-damage|p1a: Hippo|92\/419 brn
|
|-weather|Sandstorm|[upkeep]
|-damage|p2a: Lopunny|209\/271|[from] sandstorm
|-damage|p1a: Hippo|40\/419 brn|[from] brn
|turn|31
|
|move|p2a: Lopunny|Substitute|p2a: Lopunny
|-start|p2a: Lopunny|Substitute
|-damage|p2a: Lopunny|142\/271
|move|p1a: Hippo|Earthquake|p2a: Lopunny
|-activate|p2a: Lopunny|Substitute|[damage]
|
|-weather|Sandstorm|[upkeep]
|-damage|p2a: Lopunny|126\/271|[from] sandstorm
|-damage|p1a: Hippo|0 fnt|[from] brn
|faint|p1a: Hippo
|
|switch|p1a: Rastreator|Stoutland, M|311\/311
|-damage|p1a: Rastreator|273\/311|[from] Spikes
|turn|32
|
|move|p1a: Rastreator|Return|p2a: Lopunny
|-end|p2a: Lopunny|Substitute
|move|p2a: Lopunny|Drain Punch|p1a: Rastreator
|-supereffective|p1a: Rastreator
|-damage|p1a: Rastreator|0 fnt
|-heal|p2a: Lopunny|263\/271|[from] drain|[of] p1a: Rastreator
|faint|p1a: Rastreator
|
|-weather|Sandstorm|[upkeep]
|-damage|p2a: Lopunny|247\/271|[from] sandstorm
|c|âThe Last Hero|gg
|
|switch|p1a: Aero|Aerodactyl-Mega, M|105\/305
|turn|33
|c|âBabaren Dave|gg, not sure how it ends tho
|c|âThe Last Hero|you actually win
|c|âThe Last Hero|adamant aero
|
|switch|p2a: Mew|Mew|120\/404 psn
|-damage|p2a: Mew|70\/404 psn|[from] Stealth Rock
|move|p1a: Aero|Aerial Ace|p2a: Mew
|-damage|p2a: Mew|0 fnt
|faint|p2a: Mew
|
|-weather|Sandstorm|[upkeep]
|
|switch|p2a: Lopunny|Lopunny-Mega, M|247\/271
|-damage|p2a: Lopunny|231\/271|[from] Stealth Rock
|turn|34
|
|move|p2a: Lopunny|Fake Out|p1a: Aero
|-resisted|p1a: Aero
|-damage|p1a: Aero|59\/305
|cant|p1a: Aero|flinch
|
|-weather|Sandstorm|[upkeep]
|-damage|p2a: Lopunny|215\/271|[from] sandstorm
|turn|35
|c|âBabaren Dave|i go the save way i think
|
|switch|p2a: Chesnaught|Chesnaught, F, shiny|158\/380
|-damage|p2a: Chesnaught|135\/380|[from] Stealth Rock
|move|p1a: Aero|Aerial Ace|p2a: Chesnaught
|-supereffective|p2a: Chesnaught
|-damage|p2a: Chesnaught|0 fnt
|faint|p2a: Chesnaught
|
|-weather|Sandstorm|[upkeep]
|
|switch|p2a: Lopunny|Lopunny-Mega, M|215\/271
|-damage|p2a: Lopunny|199\/271|[from] Stealth Rock
|turn|36
|
|move|p2a: Lopunny|Fake Out|p1a: Aero
|-resisted|p1a: Aero
|-damage|p1a: Aero|17\/305
|cant|p1a: Aero|flinch
|
|-weather|Sandstorm|[upkeep]
|-damage|p2a: Lopunny|183\/271|[from] sandstorm
|turn|37
|c|âBabaren Dave|cool team btw
|
|switch|p2a: Greninja|Greninja, M|165\/285
|-damage|p2a: Greninja|130\/285|[from] Stealth Rock
|move|p1a: Aero|Aerial Ace|p2a: Greninja
|-damage|p2a: Greninja|0 fnt
|faint|p2a: Greninja
|
|-weather|none
|c|âThe Last Hero|thanks
|
|switch|p2a: Lopunny|Lopunny-Mega, M|183\/271
|-damage|p2a: Lopunny|167\/271|[from] Stealth Rock
|turn|38
|
|switch|p1a: Magnetroll|Magnezone|281\/281
|-damage|p1a: Magnetroll|246\/281|[from] Spikes
|move|p2a: Lopunny|Fake Out|p1a: Magnetroll
|-resisted|p1a: Magnetroll
|-damage|p1a: Magnetroll|216\/281
|
|turn|39
|
|move|p2a: Lopunny|Drain Punch|p1a: Magnetroll
|-crit|p1a: Magnetroll
|-supereffective|p1a: Magnetroll
|-damage|p1a: Magnetroll|0 fnt
|-heal|p2a: Lopunny|271\/271|[from] drain|[of] p1a: Magnetroll
|faint|p1a: Magnetroll
|
|
|switch|p1a: Aero|Aerodactyl-Mega, M|17\/305
|turn|40
|
|move|p2a: Lopunny|Drain Punch|p1a: Aero
|-damage|p1a: Aero|0 fnt
|faint|p1a: Aero
|
|win|Babaren Dave
|raw|Ladder updating...
|raw|The Last Hero's rating: 1748 &rarr; <strong>1727<\/strong><br \/>(-21 for losing)
|raw|Babaren Dave's rating: 1723 &rarr; <strong>1744<\/strong><br \/>(+21 for winning)
|c|âBabaren Dave|^^