|join|JiaShengz
|join|The Last Hero
|player|p1|JiaShengz|102
|player|p2|The Last Hero|54
|gametype|singles
|gen|6
|tier|OU
|rated
|clearpoke
|poke|p1|Chansey, F
|poke|p1|Clefable, M
|poke|p1|Sableye, F
|poke|p1|Heatran, M
|poke|p1|Tentacruel, F
|poke|p1|Chesnaught, F
|poke|p2|Altaria, F
|poke|p2|Dragalge, M
|poke|p2|Latias, F
|poke|p2|Garchomp, M
|poke|p2|Kyurem-Black
|poke|p2|Tyrantrum, M
|rule|Swagger Clause: Swagger is banned
|rule|Baton Pass Clause: Limit one PokÃ©mon knowing Baton Pass
|rule|Sleep Clause Mod: Limit one foe put to sleep
|rule|Species Clause: Limit one of each PokÃ©mon
|rule|OHKO Clause: OHKO moves are banned
|rule|Moody Clause: Moody is banned
|rule|Evasion Moves Clause: Evasion moves are banned
|rule|Endless Battle Clause: Forcing endless battles is banned
|rule|HP Percentage Mod: HP is shown in percentages
|teampreview
|
|start
|switch|p1a: Sableye|Sableye, F|304\/304
|switch|p2a: Altaria|Altaria, F|331\/331
|-ability|p2a: Altaria|Cloud Nine
|turn|1
|
|detailschange|p2a: Altaria|Altaria-Mega, F
|-mega|p2a: Altaria|Altaria|Altarianite
|detailschange|p1a: Sableye|Sableye-Mega, F
|-mega|p1a: Sableye|Sableye|Sablenite
|move|p1a: Sableye|Will-O-Wisp|p2a: Altaria
|-status|p2a: Altaria|brn
|move|p2a: Altaria|Hyper Voice|p1a: Sableye
|-supereffective|p1a: Sableye
|-damage|p1a: Sableye|0 fnt
|faint|p1a: Sableye
|
|-damage|p2a: Altaria|290\/331 brn|[from] brn
|
|switch|p1a: Clefable|Clefable, M|394\/394
|turn|2
|
|move|p2a: Altaria|Hyper Voice|p1a: Clefable
|-damage|p1a: Clefable|172\/394
|move|p1a: Clefable|Calm Mind|p1a: Clefable
|-boost|p1a: Clefable|spa|1
|-boost|p1a: Clefable|spd|1
|
|-heal|p1a: Clefable|196\/394|[from] item: Leftovers
|-damage|p2a: Altaria|249\/331 brn|[from] brn
|turn|3
|
|switch|p2a: Mr. Alga|Dragalge, M|327\/327
|move|p1a: Clefable|Protect|p1a: Clefable
|-fail|p1a: Clefable
|
|-heal|p1a: Clefable|220\/394|[from] item: Leftovers
|turn|4
|
|move|p1a: Clefable|Protect|p1a: Clefable
|-singleturn|p1a: Clefable|Protect
|move|p2a: Mr. Alga|Sludge Wave|p1a: Clefable
|-activate|p1a: Clefable|Protect
|
|-heal|p1a: Clefable|244\/394|[from] item: Leftovers
|turn|5
|
|switch|p1a: Chansey|Chansey, F|703\/703
|move|p2a: Mr. Alga|Sludge Wave|p1a: Chansey
|-damage|p1a: Chansey|493\/703
|
|turn|6
|
|move|p1a: Chansey|Wish|p1a: Chansey
|move|p2a: Mr. Alga|Sludge Wave|p1a: Chansey
|-damage|p1a: Chansey|289\/703
|
|turn|7
|
|move|p1a: Chansey|Seismic Toss|p2a: Mr. Alga
|-damage|p2a: Mr. Alga|227\/327
|move|p2a: Mr. Alga|Sludge Wave|p1a: Chansey
|-damage|p1a: Chansey|83\/703
|
|-heal|p1a: Chansey|434\/703|[from] move: Wish|[wisher] Chansey
|turn|8
|
|move|p1a: Chansey|Wish|p1a: Chansey
|move|p2a: Mr. Alga|Sludge Wave|p1a: Chansey
|-crit|p1a: Chansey
|-damage|p1a: Chansey|140\/703
|
|turn|9
|
|switch|p1a: Heatran|Heatran, M|386\/386
|switch|p2a: Chompy|Garchomp, M|357\/357
|
|turn|10
|
|switch|p1a: Chesnaught|Chesnaught, F|380\/380
|move|p2a: Chompy|Stealth Rock|p1a: Chesnaught
|-sidestart|p1: JiaShengz|move: Stealth Rock
|
|turn|11
|
|move|p2a: Chompy|Fire Blast|p1a: Chesnaught
|-supereffective|p1a: Chesnaught
|-damage|p1a: Chesnaught|202\/380
|move|p1a: Chesnaught|Leech Seed|p2a: Chompy
|-start|p2a: Chompy|move: Leech Seed
|
|-heal|p1a: Chesnaught|225\/380|[from] item: Leftovers
|-damage|p2a: Chompy|313\/357|[from] Leech Seed|[of] p1a: Chesnaught
|-heal|p1a: Chesnaught|269\/380|[silent]
|turn|12
|
|switch|p2a: Altaria|Altaria-Mega, F|249\/331 brn
|move|p1a: Chesnaught|Spiky Shield|p1a: Chesnaught
|-fail|p1a: Chesnaught
|
|-heal|p1a: Chesnaught|292\/380|[from] item: Leftovers
|-damage|p2a: Altaria|208\/331 brn|[from] brn
|turn|13
|
|move|p1a: Chesnaught|Spiky Shield|p1a: Chesnaught
|-singleturn|p1a: Chesnaught|move: Protect
|move|p2a: Altaria|Roost|p2a: Altaria
|-heal|p2a: Altaria|331\/331 brn
|
|-heal|p1a: Chesnaught|315\/380|[from] item: Leftovers
|-damage|p2a: Altaria|290\/331 brn|[from] brn
|turn|14
|
|switch|p1a: Chansey|Chansey, F|140\/703
|-damage|p1a: Chansey|53\/703|[from] Stealth Rock
|move|p2a: Altaria|Earthquake|p1a: Chansey
|-damage|p1a: Chansey|0 fnt
|faint|p1a: Chansey
|
|-damage|p2a: Altaria|249\/331 brn|[from] brn
|
|switch|p1a: Tentacruel|Tentacruel, F|361\/361
|-damage|p1a: Tentacruel|316\/361|[from] Stealth Rock
|turn|15
|
|switch|p2a: Chompy|Garchomp, M|313\/357
|move|p1a: Tentacruel|Toxic Spikes|p2a: Chompy
|-sidestart|p2: The Last Hero|move: Toxic Spikes
|
|-heal|p1a: Tentacruel|338\/361|[from] item: Black Sludge
|turn|16
|
|switch|p1a: Chesnaught|Chesnaught, F|315\/380
|-damage|p1a: Chesnaught|292\/380|[from] Stealth Rock
|move|p2a: Chompy|Earthquake|p1a: Chesnaught
|-resisted|p1a: Chesnaught
|-damage|p1a: Chesnaught|238\/380
|
|-heal|p1a: Chesnaught|261\/380|[from] item: Leftovers
|turn|17
|
|move|p1a: Chesnaught|Spiky Shield|p1a: Chesnaught
|-singleturn|p1a: Chesnaught|move: Protect
|move|p2a: Chompy|Fire Blast|p1a: Chesnaught
|-activate|p1a: Chesnaught|move: Protect
|
|-heal|p1a: Chesnaught|284\/380|[from] item: Leftovers
|turn|18
|
|switch|p1a: Clefable|Clefable, M|244\/394
|-damage|p1a: Clefable|195\/394|[from] Stealth Rock
|move|p2a: Chompy|Fire Blast|p1a: Clefable
|-damage|p1a: Clefable|110\/394
|-status|p1a: Clefable|brn
|
|-heal|p1a: Clefable|134\/394 brn|[from] item: Leftovers
|-damage|p1a: Clefable|85\/394 brn|[from] brn
|turn|19
|
|move|p2a: Chompy|Earthquake|p1a: Clefable
|-damage|p1a: Clefable|0 fnt
|faint|p1a: Clefable
|
|
|switch|p1a: Chesnaught|Chesnaught, F|284\/380
|-damage|p1a: Chesnaught|261\/380|[from] Stealth Rock
|turn|20
|
|move|p1a: Chesnaught|Spiky Shield|p1a: Chesnaught
|-singleturn|p1a: Chesnaught|move: Protect
|move|p2a: Chompy|Fire Blast|p1a: Chesnaught
|-activate|p1a: Chesnaught|move: Protect
|
|-heal|p1a: Chesnaught|284\/380|[from] item: Leftovers
|turn|21
|
|switch|p1a: Heatran|Heatran, M|386\/386
|-damage|p1a: Heatran|338\/386|[from] Stealth Rock
|move|p2a: Chompy|Fire Blast|p1a: Heatran
|-start|p1a: Heatran|ability: Flash Fire
|
|-heal|p1a: Heatran|362\/386|[from] item: Leftovers
|turn|22
|
|move|p2a: Chompy|Earthquake|p1a: Heatran
|-supereffective|p1a: Heatran
|-damage|p1a: Heatran|0 fnt
|faint|p1a: Heatran
|
|
|switch|p1a: Chesnaught|Chesnaught, F|284\/380
|-damage|p1a: Chesnaught|261\/380|[from] Stealth Rock
|turn|23
|
|switch|p2a: Mr. Alga|Dragalge, M|227\/327
|-sideend|p2: The Last Hero|move: Toxic Spikes|[of] p2a: Mr. Alga
|move|p1a: Chesnaught|Spiky Shield|p1a: Chesnaught
|-fail|p1a: Chesnaught
|
|-heal|p1a: Chesnaught|284\/380|[from] item: Leftovers
|turn|24
|
|move|p1a: Chesnaught|Spiky Shield|p1a: Chesnaught
|-singleturn|p1a: Chesnaught|move: Protect
|move|p2a: Mr. Alga|Draco Meteor|p1a: Chesnaught
|-activate|p1a: Chesnaught|move: Protect
|
|-heal|p1a: Chesnaught|307\/380|[from] item: Leftovers
|turn|25
|
|move|p1a: Chesnaught|Leech Seed|p2a: Mr. Alga
|-start|p2a: Mr. Alga|move: Leech Seed
|move|p2a: Mr. Alga|Draco Meteor|p1a: Chesnaught
|-damage|p1a: Chesnaught|0 fnt
|-unboost|p2a: Mr. Alga|spa|2
|faint|p1a: Chesnaught
|
|-message|JiaShengz forfeited.
|
|win|The Last Hero
|raw|Ladder updating...
|leave|JiaShengz
|player|p1
|raw|JiaShengz's rating: 1848 &rarr; <strong>1819<\/strong><br \/>(-29 for losing)
|raw|The Last Hero's rating: 1678 &rarr; <strong>1707<\/strong><br \/>(+29 for winning)