|join|The Last Hero
|join|survivor tele
|player|p1|The Last Hero|54
|player|p2|survivor tele|167
|gametype|singles
|gen|6
|tier|OU
|rated
|clearpoke
|poke|p1|Hippowdon, M
|poke|p1|Aerodactyl, M
|poke|p1|Magnezone
|poke|p1|Stoutland, M
|poke|p1|Tentacruel, M
|poke|p1|Whimsicott, M
|poke|p2|Metagross
|poke|p2|Greninja, F
|poke|p2|Talonflame, F
|poke|p2|Garchomp, F
|poke|p2|Landorus-Therian, M
|poke|p2|Breloom, F
|rule|Swagger Clause: Swagger is banned
|rule|Baton Pass Clause: Limit one PokÃ©mon knowing Baton Pass
|rule|Sleep Clause Mod: Limit one foe put to sleep
|rule|Species Clause: Limit one of each PokÃ©mon
|rule|OHKO Clause: OHKO moves are banned
|rule|Moody Clause: Moody is banned
|rule|Evasion Moves Clause: Evasion moves are banned
|rule|Endless Battle Clause: Forcing endless battles is banned
|rule|HP Percentage Mod: HP is shown in percentages
|teampreview
|
|start
|switch|p1a: Whimsitroll|Whimsicott, M|323\/323
|switch|p2a: Talonflame|Talonflame, F|297\/297
|turn|1
|
|switch|p1a: Aero|Aerodactyl, M|305\/305
|-ability|p1a: Aero|Pressure
|move|p2a: Talonflame|Swords Dance|p2a: Talonflame
|-boost|p2a: Talonflame|atk|2
|
|turn|2
|
|detailschange|p1a: Aero|Aerodactyl-Mega, M
|message|Aerodactyl has Mega Evolved into Mega Aerodactyl!
|move|p2a: Talonflame|Brave Bird|p1a: Aero
|-resisted|p1a: Aero
|-damage|p1a: Aero|72\/305
|-damage|p2a: Talonflame|220\/297|[from] recoil|[of] p1a: Aero
|move|p1a: Aero|Stone Edge|p2a: Talonflame
|-supereffective|p2a: Talonflame
|-damage|p2a: Talonflame|0 fnt
|faint|p2a: Talonflame
|
|
|switch|p2a: Garchomp|Garchomp, F|357\/357
|turn|3
|
|switch|p1a: Whimsitroll|Whimsicott, M|323\/323
|move|p2a: Garchomp|Stealth Rock|p1a: Whimsitroll
|-sidestart|p1: The Last Hero|move: Stealth Rock
|
|turn|4
|
|switch|p2a: Breloom|Breloom, F|261\/261
|move|p1a: Whimsitroll|Leech Seed|p2a: Breloom
|-immune|p2a: Breloom|[msg]
|
|turn|5
|
|switch|p2a: Metagross|Metagross|301\/301
|move|p1a: Whimsitroll|Leech Seed|p2a: Metagross|[miss]
|-miss|p1a: Whimsitroll|p2a: Metagross
|
|turn|6
|
|switch|p1a: Magnetroll|Magnezone|281\/281
|-damage|p1a: Magnetroll|264\/281|[from] Stealth Rock
|detailschange|p2a: Metagross|Metagross-Mega
|message|Metagross has Mega Evolved into Mega Metagross!
|move|p2a: Metagross|Meteor Mash|p1a: Magnetroll
|-resisted|p1a: Magnetroll
|-damage|p1a: Magnetroll|213\/281
|
|turn|7
|
|move|p1a: Magnetroll|Volt Switch|p2a: Metagross
|-damage|p2a: Metagross|184\/301
|
|switch|p1a: Hippo|Hippowdon, M|419\/419
|-damage|p1a: Hippo|393\/419|[from] Stealth Rock
|-weather|Sandstorm
|move|p2a: Metagross|Earthquake|p1a: Hippo
|-damage|p1a: Hippo|307\/419
|
|-weather|Sandstorm|[upkeep]
|turn|8
|
|switch|p2a: Breloom|Breloom, F|261\/261
|move|p1a: Hippo|Stealth Rock|p2a: Breloom
|-sidestart|p2: survivor tele|move: Stealth Rock
|
|-weather|Sandstorm|[upkeep]
|-damage|p2a: Breloom|245\/261|[from] sandstorm
|turn|9
|
|switch|p1a: Whimsitroll|Whimsicott, M|323\/323
|-damage|p1a: Whimsitroll|283\/323|[from] Stealth Rock
|move|p2a: Breloom|Swords Dance|p2a: Breloom
|-boost|p2a: Breloom|atk|2
|
|-weather|Sandstorm|[upkeep]
|-damage|p1a: Whimsitroll|263\/323|[from] sandstorm
|-damage|p2a: Breloom|229\/261|[from] sandstorm
|-heal|p1a: Whimsitroll|283\/323|[from] item: Leftovers
|turn|10
|
|move|p1a: Whimsitroll|Moonblast|p2a: Breloom
|-supereffective|p2a: Breloom
|-damage|p2a: Breloom|0 fnt
|faint|p2a: Breloom
|
|-weather|Sandstorm|[upkeep]
|-damage|p1a: Whimsitroll|263\/323|[from] sandstorm
|-heal|p1a: Whimsitroll|283\/323|[from] item: Leftovers
|
|switch|p2a: Greninja|Greninja, F|285\/285
|-damage|p2a: Greninja|250\/285|[from] Stealth Rock
|turn|11
|
|switch|p1a: Tenta|Tentacruel, M|363\/363
|-damage|p1a: Tenta|318\/363|[from] Stealth Rock
|move|p2a: Greninja|Ice Beam|p1a: Tenta
|-start|p2a: Greninja|typechange|Ice|[from] Protean
|-resisted|p1a: Tenta
|-damage|p1a: Tenta|243\/363
|-damage|p2a: Greninja|222\/285|[from] item: Life Orb
|
|-weather|Sandstorm|[upkeep]
|-damage|p2a: Greninja|205\/285|[from] sandstorm
|-damage|p1a: Tenta|221\/363|[from] sandstorm
|-heal|p1a: Tenta|243\/363|[from] item: Black Sludge
|turn|12
|
|move|p2a: Greninja|Dark Pulse|p1a: Tenta
|-start|p2a: Greninja|typechange|Dark|[from] Protean
|-damage|p1a: Tenta|99\/363
|-damage|p2a: Greninja|177\/285|[from] item: Life Orb
|move|p1a: Tenta|Rapid Spin|p2a: Greninja
|-damage|p2a: Greninja|161\/285
|-sideend|p1: The Last Hero|Stealth Rock|[from] move: Rapid Spin|[of] p1a: Tenta
|
|-weather|Sandstorm|[upkeep]
|-damage|p2a: Greninja|144\/285|[from] sandstorm
|-damage|p1a: Tenta|77\/363|[from] sandstorm
|-heal|p1a: Tenta|99\/363|[from] item: Black Sludge
|turn|13
|
|switch|p1a: Whimsitroll|Whimsicott, M|283\/323
|move|p2a: Greninja|Dark Pulse|p1a: Whimsitroll
|-resisted|p1a: Whimsitroll
|-damage|p1a: Whimsitroll|180\/323
|-damage|p2a: Greninja|116\/285|[from] item: Life Orb
|
|-weather|Sandstorm|[upkeep]
|-damage|p2a: Greninja|99\/285|[from] sandstorm
|-damage|p1a: Whimsitroll|160\/323|[from] sandstorm
|-heal|p1a: Whimsitroll|180\/323|[from] item: Leftovers
|turn|14
|
|move|p1a: Whimsitroll|Encore|p2a: Greninja
|-start|p2a: Greninja|Encore
|move|p2a: Greninja|Dark Pulse|p1a: Whimsitroll
|-resisted|p1a: Whimsitroll
|-damage|p1a: Whimsitroll|85\/323
|-damage|p2a: Greninja|71\/285|[from] item: Life Orb
|
|-weather|none
|-heal|p1a: Whimsitroll|105\/323|[from] item: Leftovers
|turn|15
|c|âsurvivor tele|lmao ur weak as fuck to ninja
|
|move|p1a: Whimsitroll|Leech Seed|p2a: Greninja|[miss]
|-miss|p1a: Whimsitroll|p2a: Greninja
|move|p2a: Greninja|Dark Pulse|p1a: Whimsitroll
|-resisted|p1a: Whimsitroll
|-damage|p1a: Whimsitroll|10\/323
|-damage|p2a: Greninja|43\/285|[from] item: Life Orb
|
|-heal|p1a: Whimsitroll|30\/323|[from] item: Leftovers
|turn|16
|c|âThe Last Hero|lol, no I have 2 pokes that outspeed him
|
|switch|p1a: Hippo|Hippowdon, M|307\/419
|-weather|Sandstorm
|move|p2a: Greninja|Dark Pulse|p1a: Hippo
|-damage|p1a: Hippo|112\/419
|-damage|p2a: Greninja|15\/285|[from] item: Life Orb
|
|-weather|Sandstorm|[upkeep]
|-damage|p2a: Greninja|0 fnt|[from] sandstorm
|faint|p2a: Greninja
|
|switch|p2a: Garchomp|Garchomp, F|357\/357
|-damage|p2a: Garchomp|335\/357|[from] Stealth Rock
|turn|17
|
|switch|p1a: Whimsitroll|Whimsicott, M|30\/323
|move|p2a: Garchomp|Earthquake|p1a: Whimsitroll
|-resisted|p1a: Whimsitroll
|-damage|p1a: Whimsitroll|0 fnt
|faint|p1a: Whimsitroll
|
|-weather|Sandstorm|[upkeep]
|
|switch|p1a: Rastreator|Stoutland, M|311\/311
|turn|18
|
|switch|p2a: Landorus-Therian|Landorus-Therian, M|319\/319
|-damage|p2a: Landorus-Therian|280\/319|[from] Stealth Rock
|-ability|p2a: Landorus-Therian|Intimidate|[of] p1a: Rastreator
|-unboost|p1a: Rastreator|atk|1
|move|p1a: Rastreator|Ice Fang|p2a: Landorus-Therian
|-supereffective|p2a: Landorus-Therian
|-damage|p2a: Landorus-Therian|0 fnt
|faint|p2a: Landorus-Therian
|
|-weather|Sandstorm|[upkeep]
|
|switch|p2a: Metagross|Metagross-Mega|184\/301
|-damage|p2a: Metagross|166\/301|[from] Stealth Rock
|turn|19
|
|switch|p1a: Tenta|Tentacruel, M|99\/363
|move|p2a: Metagross|Earthquake|p1a: Tenta
|-supereffective|p1a: Tenta
|-damage|p1a: Tenta|0 fnt
|faint|p1a: Tenta
|
|-weather|Sandstorm|[upkeep]
|
|switch|p1a: Magnetroll|Magnezone|213\/281
|turn|20
|
|move|p1a: Magnetroll|Thunderbolt|p2a: Metagross
|-damage|p2a: Metagross|10\/301
|move|p2a: Metagross|Meteor Mash|p1a: Magnetroll
|-resisted|p1a: Magnetroll
|-damage|p1a: Magnetroll|162\/281
|
|-weather|Sandstorm|[upkeep]
|turn|21
|
|move|p1a: Magnetroll|Thunderbolt|p2a: Metagross
|-damage|p2a: Metagross|0 fnt
|faint|p2a: Metagross
|
|-weather|Sandstorm|[upkeep]
|
|switch|p2a: Garchomp|Garchomp, F|335\/357
|-damage|p2a: Garchomp|313\/357|[from] Stealth Rock
|turn|22
|
|switch|p1a: Aero|Aerodactyl-Mega, M|72\/305
|move|p2a: Garchomp|Stealth Rock|p1a: Aero
|-sidestart|p1: The Last Hero|move: Stealth Rock
|
|-weather|Sandstorm|[upkeep]
|turn|23
|
|move|p1a: Aero|Aerial Ace|p2a: Garchomp
|-damage|p2a: Garchomp|156\/357
|-damage|p1a: Aero|34\/305|[from] ability: Rough Skin|[of] p2a: Garchomp
|move|p2a: Garchomp|Dragon Claw|p1a: Aero
|-damage|p1a: Aero|0 fnt
|faint|p1a: Aero
|
|-weather|none
|
|switch|p1a: Magnetroll|Magnezone|162\/281
|-damage|p1a: Magnetroll|145\/281|[from] Stealth Rock
|turn|24
|c|âsurvivor tele|shit was still close even after sacking half of my team
|c|âsurvivor tele|next time will be the good one;)
|
|move|p1a: Magnetroll|Flash Cannon|p2a: Garchomp
|-damage|p2a: Garchomp|5\/357
|-unboost|p2a: Garchomp|spd|1
|move|p2a: Garchomp|Earthquake|p1a: Magnetroll
|-supereffective|p1a: Magnetroll
|-damage|p1a: Magnetroll|0 fnt
|faint|p1a: Magnetroll
|
|
|switch|p1a: Hippo|Hippowdon, M|112\/419
|-damage|p1a: Hippo|86\/419|[from] Stealth Rock
|-weather|Sandstorm
|turn|25
|c|âThe Last Hero|gg
|
|move|p2a: Garchomp|Earthquake|p1a: Hippo
|-damage|p1a: Hippo|0 fnt
|faint|p1a: Hippo
|
|-weather|Sandstorm|[upkeep]
|
|switch|p1a: Rastreator|Stoutland, M|311\/311
|-damage|p1a: Rastreator|273\/311|[from] Stealth Rock
|turn|26
|
|move|p1a: Rastreator|Return|p2a: Garchomp
|-damage|p2a: Garchomp|0 fnt
|-damage|p1a: Rastreator|235\/311|[from] ability: Rough Skin|[of] p2a: Garchomp
|faint|p2a: Garchomp
|
|win|The Last Hero
|raw|Ladder updating...
|raw|The Last Hero's rating: 1712 &rarr; <strong>1733<\/strong><br \/>(+21 for winning)
|raw|survivor tele's rating: 1729 &rarr; <strong>1708<\/strong><br \/>(-21 for losing)
|leave|survivor tele
|player|p2