|join|The Last Hero
|join|xkingdomheart
|player|p1|The Last Hero|54
|player|p2|xkingdomheart|2
|gametype|singles
|gen|6
|tier|OU
|rated
|clearpoke
|poke|p1|Lopunny, F
|poke|p1|Slowbro, M
|poke|p1|Bronzong, shiny
|poke|p1|Tyranitar, M
|poke|p1|Dragalge, M
|poke|p1|Excadrill, M
|poke|p2|Bisharp, M
|poke|p2|Sceptile, F
|poke|p2|Clefable, M
|poke|p2|Landorus-Therian, M
|poke|p2|Latios, M
|poke|p2|Rotom-Wash
|rule|Swagger Clause: Swagger is banned
|rule|Baton Pass Clause: Limit one PokÃ©mon knowing Baton Pass
|rule|Sleep Clause Mod: Limit one foe put to sleep
|rule|Species Clause: Limit one of each PokÃ©mon
|rule|OHKO Clause: OHKO moves are banned
|rule|Moody Clause: Moody is banned
|rule|Evasion Moves Clause: Evasion moves are banned
|rule|Endless Battle Clause: Forcing endless battles is banned
|rule|HP Percentage Mod: HP is shown in percentages
|teampreview
|
|start
|switch|p1a: Bunny|Lopunny, F|271\/271
|switch|p2a: Rotom-Wash|Rotom-Wash|210\/210
|turn|1
|
|detailschange|p1a: Bunny|Lopunny-Mega, F
|-mega|p1a: Bunny|Lopunny|Lopunnite
|move|p1a: Bunny|Fake Out|p2a: Rotom-Wash
|-damage|p2a: Rotom-Wash|144\/210
|cant|p2a: Rotom-Wash|flinch
|
|turn|2
|
|switch|p1a: Mr. Alga|Dragalge, M|333\/333
|move|p2a: Rotom-Wash|Will-O-Wisp|p1a: Mr. Alga|[miss]
|-miss|p2a: Rotom-Wash|p1a: Mr. Alga
|
|turn|3
|
|switch|p2a: Clefable|Clefable, M|394\/394
|move|p1a: Mr. Alga|Sludge Bomb|p2a: Clefable
|-supereffective|p2a: Clefable
|-damage|p2a: Clefable|0 fnt
|faint|p2a: Clefable
|
|
|switch|p2a: Latios|Latios, M|301\/301
|turn|4
|
|switch|p1a: Hell Bell|Bronzong, shiny|337\/337
|move|p2a: Latios|Psyshock|p1a: Hell Bell
|-resisted|p1a: Hell Bell
|-damage|p1a: Hell Bell|298\/337
|-damage|p2a: Latios|271\/301|[from] item: Life Orb
|
|-heal|p1a: Hell Bell|319\/337|[from] item: Leftovers
|turn|5
|
|switch|p2a: Bisharp|Bisharp, M|271\/271
|switch|p1a: Bunny|Lopunny-Mega, F|271\/271
|
|turn|6
|
|switch|p2a: Landorus-Therian|Landorus-Therian, M|329\/329
|-ability|p2a: Landorus-Therian|Intimidate|[of] p1a: Bunny
|-unboost|p1a: Bunny|atk|1
|move|p1a: Bunny|Ice Punch|p2a: Landorus-Therian
|-supereffective|p2a: Landorus-Therian
|-damage|p2a: Landorus-Therian|45\/329
|
|turn|7
|
|switch|p1a: Slow Pr0|Slowbro, M|393\/393
|switch|p2a: Rotom-Wash|Rotom-Wash|144\/210
|
|turn|8
|
|move|p2a: Rotom-Wash|Pain Split|p1a: Slow Pr0
|-sethp|p1a: Slow Pr0|268\/393|p2a: Rotom-Wash|210\/210|[from] move: Pain Split
|move|p1a: Slow Pr0|Trick Room|p1a: Slow Pr0
|-fieldstart|move: Trick Room|[of] p1a: Slow Pr0
|
|-heal|p1a: Slow Pr0|292\/393|[from] item: Leftovers
|turn|9
|
|switch|p1a: Mr. Alga|Dragalge, M|333\/333
|move|p2a: Rotom-Wash|Will-O-Wisp|p1a: Mr. Alga
|-status|p1a: Mr. Alga|brn
|
|-damage|p1a: Mr. Alga|292\/333 brn|[from] brn
|turn|10
|
|move|p1a: Mr. Alga|Draco Meteor|p2a: Rotom-Wash
|-damage|p2a: Rotom-Wash|0 fnt
|-unboost|p1a: Mr. Alga|spa|2
|faint|p2a: Rotom-Wash
|
|-damage|p1a: Mr. Alga|251\/333 brn|[from] brn
|
|switch|p2a: Sceptile|Sceptile, F|281\/281
|turn|11
|
|detailschange|p2a: Sceptile|Sceptile-Mega, F
|-mega|p2a: Sceptile|Sceptile|Sceptilite
|move|p1a: Mr. Alga|Draco Meteor|p2a: Sceptile
|-supereffective|p2a: Sceptile
|-damage|p2a: Sceptile|0 fnt
|-unboost|p1a: Mr. Alga|spa|2
|faint|p2a: Sceptile
|
|-damage|p1a: Mr. Alga|210\/333 brn|[from] brn
|-message|xkingdomheart forfeited.
|
|win|The Last Hero
|raw|Ladder updating...
|leave|xkingdomheart
|player|p2
|raw|The Last Hero's rating: 1629 &rarr; <strong>1638<\/strong><br \/>(+9 for winning)
|raw|xkingdomheart's rating: 1429 &rarr; <strong>1420<\/strong><br \/>(-9 for losing)