|join|The Last Hero
|join|PBC SenpaiRyan
|player|p1|The Last Hero|54
|player|p2|PBC SenpaiRyan|279
|gametype|singles
|gen|6
|tier|OU
|rated
|clearpoke
|poke|p1|Pidgeot, M
|poke|p1|Rhyperior, M
|poke|p1|Tentacruel, M
|poke|p1|Rotom-Mow
|poke|p1|Scizor, M
|poke|p1|Mienshao, M
|poke|p2|Altaria, F
|poke|p2|Tentacruel, F
|poke|p2|Hippowdon, F
|poke|p2|Bronzong
|poke|p2|Landorus-Therian, M
|poke|p2|Gengar, F
|rule|Swagger Clause: Swagger is banned
|rule|Baton Pass Clause: Limit one PokÃ©mon knowing Baton Pass
|rule|Sleep Clause Mod: Limit one foe put to sleep
|rule|Species Clause: Limit one of each PokÃ©mon
|rule|OHKO Clause: OHKO moves are banned
|rule|Moody Clause: Moody is banned
|rule|Evasion Moves Clause: Evasion moves are banned
|rule|Endless Battle Clause: Forcing endless battles is banned
|rule|HP Percentage Mod: HP is shown in percentages
|teampreview
|
|start
|switch|p1a: Hax BIRD|Pidgeot, M|307\/307
|switch|p2a: BroZong|Bronzong|338\/338
|turn|1
|
|detailschange|p1a: Hax BIRD|Pidgeot-Mega, M
|-mega|p1a: Hax BIRD|Pidgeot|Pidgeotite
|move|p1a: Hax BIRD|U-turn|p2a: BroZong
|-damage|p2a: BroZong|299\/338
|
|switch|p1a: Mr. Recortes|Scizor, M|343\/343
|move|p2a: BroZong|Stealth Rock|p1a: Mr. Recortes
|-sidestart|p1: The Last Hero|move: Stealth Rock
|
|-heal|p2a: BroZong|320\/338|[from] item: Leftovers
|turn|2
|
|move|p1a: Mr. Recortes|Pursuit|p2a: BroZong
|-supereffective|p2a: BroZong
|-damage|p2a: BroZong|126\/338
|move|p2a: BroZong|Earthquake|p1a: Mr. Recortes
|-damage|p1a: Mr. Recortes|273\/343
|
|-heal|p2a: BroZong|147\/338|[from] item: Leftovers
|turn|3
|
|move|p1a: Mr. Recortes|Pursuit|p2a: BroZong
|-crit|p2a: BroZong
|-supereffective|p2a: BroZong
|-damage|p2a: BroZong|0 fnt
|faint|p2a: BroZong
|
|
|switch|p2a: BAE|Hippowdon, F|419\/419
|-weather|Sandstorm
|turn|4
|
|switch|p1a: Cortacabezas|Rotom-Mow|241\/241
|-damage|p1a: Cortacabezas|211\/241|[from] Stealth Rock
|move|p2a: BAE|Whirlwind|p1a: Cortacabezas
|drag|p1a: Mien00b|Mienshao, M|271\/271
|-damage|p1a: Mien00b|255\/271|[from] Stealth Rock
|
|-weather|Sandstorm|[upkeep]
|-damage|p1a: Mien00b|239\/271|[from] sandstorm
|turn|5
|
|move|p1a: Mien00b|Knock Off|p2a: BAE
|-damage|p2a: BAE|319\/419
|-enditem|p2a: BAE|Leftovers|[from] move: Knock Off|[of] p1a: Mien00b
|-damage|p1a: Mien00b|212\/271|[from] item: Life Orb
|move|p2a: BAE|Earthquake|p1a: Mien00b
|-damage|p1a: Mien00b|29\/271
|
|-weather|Sandstorm|[upkeep]
|-damage|p1a: Mien00b|13\/271|[from] sandstorm
|turn|6
|
|switch|p1a: Cortacabezas|Rotom-Mow|211\/241
|-damage|p1a: Cortacabezas|181\/241|[from] Stealth Rock
|move|p2a: BAE|Whirlwind|p1a: Cortacabezas
|drag|p1a: Mien00b|Mienshao, M|103\/271
|-damage|p1a: Mien00b|87\/271|[from] Stealth Rock
|
|-weather|Sandstorm|[upkeep]
|-damage|p1a: Mien00b|71\/271|[from] sandstorm
|turn|7
|
|move|p1a: Mien00b|U-turn|p2a: BAE
|-crit|p2a: BAE
|-damage|p2a: BAE|222\/419
|-damage|p1a: Mien00b|44\/271|[from] item: Life Orb
|
|switch|p1a: Mr. Recortes|Scizor, M|273\/343
|-damage|p1a: Mr. Recortes|231\/343|[from] Stealth Rock
|move|p2a: BAE|Whirlwind|p1a: Mr. Recortes
|drag|p1a: Hax BIRD|Pidgeot-Mega, M|307\/307
|-damage|p1a: Hax BIRD|231\/307|[from] Stealth Rock
|
|-weather|Sandstorm|[upkeep]
|-damage|p1a: Hax BIRD|212\/307|[from] sandstorm
|turn|8
|
|move|p1a: Hax BIRD|Hurricane|p2a: BAE
|-damage|p2a: BAE|0 fnt
|faint|p2a: BAE
|
|-weather|none
|
|switch|p2a: Landorus-Therian|Landorus-Therian, M|340\/340
|-ability|p2a: Landorus-Therian|Intimidate|[of] p1a: Hax BIRD
|-unboost|p1a: Hax BIRD|atk|1
|turn|9
|
|move|p1a: Hax BIRD|Hyper Beam|p2a: Landorus-Therian
|-damage|p2a: Landorus-Therian|55\/340
|move|p2a: Landorus-Therian|Earthquake|p1a: Hax BIRD
|-immune|p1a: Hax BIRD|[msg]
|
|turn|10
|
|switch|p2a: Waifu|Altaria, F|291\/291
|cant|p1a: Hax BIRD|recharge
|
|turn|11
|
|detailschange|p2a: Waifu|Altaria-Mega, F
|-mega|p2a: Waifu|Altaria|Altarianite
|move|p1a: Hax BIRD|Hurricane|p2a: Waifu
|-damage|p2a: Waifu|105\/291
|move|p2a: Waifu|Dragon Dance|p2a: Waifu
|-boost|p2a: Waifu|atk|1
|-boost|p2a: Waifu|spe|1
|
|turn|12
|
|switch|p1a: Mien00b|Mienshao, M|134\/271
|-damage|p1a: Mien00b|118\/271|[from] Stealth Rock
|move|p2a: Waifu|Frustration|p1a: Mien00b
|-supereffective|p1a: Mien00b
|-damage|p1a: Mien00b|0 fnt
|faint|p1a: Mien00b
|
|
|switch|p1a: Mr. Recortes|Scizor, M|231\/343
|-damage|p1a: Mr. Recortes|189\/343|[from] Stealth Rock
|turn|13
|
|switch|p2a: Landorus-Therian|Landorus-Therian, M|55\/340
|-ability|p2a: Landorus-Therian|Intimidate|[of] p1a: Mr. Recortes
|-unboost|p1a: Mr. Recortes|atk|1
|move|p1a: Mr. Recortes|Bullet Punch|p2a: Landorus-Therian
|-damage|p2a: Landorus-Therian|0 fnt
|faint|p2a: Landorus-Therian
|
|
|switch|p2a: wheres my stomach|Gengar, F|259\/259
|turn|14
|
|move|p1a: Mr. Recortes|Bullet Punch|p2a: wheres my stomach
|-damage|p2a: wheres my stomach|78\/259
|move|p2a: wheres my stomach|Focus Blast|p1a: Mr. Recortes
|-damage|p1a: Mr. Recortes|0 fnt
|-damage|p2a: wheres my stomach|53\/259|[from] item: Life Orb
|faint|p1a: Mr. Recortes
|
|
|switch|p1a: Hax BIRD|Pidgeot-Mega, M|212\/307
|-damage|p1a: Hax BIRD|136\/307|[from] Stealth Rock
|turn|15
|
|switch|p2a: Liquid-Gold|Tentacruel, F|363\/363
|move|p1a: Hax BIRD|Hurricane|p2a: Liquid-Gold
|-damage|p2a: Liquid-Gold|210\/363
|-start|p2a: Liquid-Gold|confusion
|
|-heal|p2a: Liquid-Gold|232\/363|[from] item: Black Sludge
|turn|16
|
|move|p1a: Hax BIRD|Hurricane|p2a: Liquid-Gold
|-crit|p2a: Liquid-Gold
|-damage|p2a: Liquid-Gold|0 fnt
|faint|p2a: Liquid-Gold
|
|
|switch|p2a: Waifu|Altaria-Mega, F|105\/291
|turn|17
|c|âPBC SenpaiRyan|gg
|c|âThe Last Hero|gg
|
|move|p1a: Hax BIRD|Hurricane|p2a: Waifu
|-damage|p2a: Waifu|0 fnt
|faint|p2a: Waifu
|
|
|switch|p2a: wheres my stomach|Gengar, F|53\/259
|turn|18
|
|move|p1a: Hax BIRD|Hurricane|p2a: wheres my stomach
|-damage|p2a: wheres my stomach|0 fnt
|faint|p2a: wheres my stomach
|
|win|The Last Hero
|raw|Ladder updating...
|raw|The Last Hero's rating: 1719 &rarr; <strong>1728<\/strong><br \/>(+9 for winning)
|raw|PBC SenpaiRyan's rating: 1520 &rarr; <strong>1510<\/strong><br \/>(-10 for losing)