|join|The Last Hero
|join|Sexual-Pikachu
|player|p1|The Last Hero|54
|player|p2|Sexual-Pikachu|78
|gametype|singles
|gen|6
|tier|OU
|rated
|clearpoke
|poke|p1|Pidgeot, M
|poke|p1|Rhyperior, M
|poke|p1|Tentacruel, M
|poke|p1|Rotom-Mow
|poke|p1|Scizor, M
|poke|p1|Mienshao, M
|poke|p2|Slowbro, M
|poke|p2|Clefable, F, shiny
|poke|p2|Landorus-Therian, M, shiny
|poke|p2|Ferrothorn, F, shiny
|poke|p2|Metagross, shiny
|poke|p2|Thundurus, M
|rule|Swagger Clause: Swagger is banned
|rule|Baton Pass Clause: Limit one PokÃ©mon knowing Baton Pass
|rule|Sleep Clause Mod: Limit one foe put to sleep
|rule|Species Clause: Limit one of each PokÃ©mon
|rule|OHKO Clause: OHKO moves are banned
|rule|Moody Clause: Moody is banned
|rule|Evasion Moves Clause: Evasion moves are banned
|rule|Endless Battle Clause: Forcing endless battles is banned
|rule|HP Percentage Mod: HP is shown in percentages
|teampreview
|
|start
|switch|p1a: Mr. Recortes|Scizor, M|343\/343
|switch|p2a: Metagross|Metagross, shiny|301\/301
|turn|1
|
|switch|p2a: Ferrothorn|Ferrothorn, F, shiny|352\/352
|move|p1a: Mr. Recortes|U-turn|p2a: Ferrothorn
|-damage|p2a: Ferrothorn|195\/352
|-damage|p1a: Mr. Recortes|301\/343|[from] ability: Iron Barbs|[of] p2a: Ferrothorn
|
|switch|p1a: Hax BIRD|Pidgeot, M|307\/307
|
|-heal|p2a: Ferrothorn|217\/352|[from] item: Leftovers
|turn|2
|
|switch|p2a: Slowbro|Slowbro, M|394\/394
|detailschange|p1a: Hax BIRD|Pidgeot-Mega, M
|-mega|p1a: Hax BIRD|Pidgeot|Pidgeotite
|move|p1a: Hax BIRD|Heat Wave|p2a: Slowbro
|-resisted|p2a: Slowbro
|-damage|p2a: Slowbro|326\/394
|
|-heal|p2a: Slowbro|350\/394|[from] item: Leftovers
|turn|3
|
|move|p1a: Hax BIRD|U-turn|p2a: Slowbro
|-supereffective|p2a: Slowbro
|-damage|p2a: Slowbro|290\/394
|
|switch|p1a: Cortacabezas|Rotom-Mow|241\/241
|move|p2a: Slowbro|Fire Blast|p1a: Cortacabezas
|-supereffective|p1a: Cortacabezas
|-damage|p1a: Cortacabezas|85\/241
|-status|p1a: Cortacabezas|brn
|
|-heal|p2a: Slowbro|314\/394|[from] item: Leftovers
|-damage|p1a: Cortacabezas|55\/241 brn|[from] brn
|turn|4
|
|switch|p2a: Ferrothorn|Ferrothorn, F, shiny|217\/352
|move|p1a: Cortacabezas|Trick|p2a: Ferrothorn
|-activate|p1a: Cortacabezas|move: Trick|[of] p2a: Ferrothorn
|-item|p2a: Ferrothorn|Choice Scarf|[from] move: Trick
|-item|p1a: Cortacabezas|Leftovers|[from] move: Trick
|
|-heal|p1a: Cortacabezas|70\/241 brn|[from] item: Leftovers
|-damage|p1a: Cortacabezas|40\/241 brn|[from] brn
|turn|5
|
|move|p1a: Cortacabezas|Volt Switch|p2a: Ferrothorn
|-resisted|p2a: Ferrothorn
|-damage|p2a: Ferrothorn|180\/352
|
|switch|p1a: Tenta|Tentacruel, M|361\/361
|move|p2a: Ferrothorn|Stealth Rock|p1a: Tenta
|-sidestart|p1: The Last Hero|move: Stealth Rock
|
|turn|6
|
|switch|p2a: Metagross|Metagross, shiny|301\/301
|move|p1a: Tenta|Rapid Spin|p2a: Metagross
|-resisted|p2a: Metagross
|-damage|p2a: Metagross|297\/301
|-sideend|p1: The Last Hero|Stealth Rock|[from] move: Rapid Spin|[of] p1a: Tenta
|
|turn|7
|
|switch|p1a: Mr. Recortes|Scizor, M|301\/343
|detailschange|p2a: Metagross|Metagross-Mega, shiny
|-mega|p2a: Metagross|Metagross|Metagrossite
|move|p2a: Metagross|Zen Headbutt|p1a: Mr. Recortes
|-resisted|p1a: Mr. Recortes
|-damage|p1a: Mr. Recortes|197\/343
|
|turn|8
|
|switch|p2a: Landorus-Therian|Landorus-Therian, M, shiny|320\/320
|-ability|p2a: Landorus-Therian|Intimidate|[of] p1a: Mr. Recortes
|-unboost|p1a: Mr. Recortes|atk|1
|move|p1a: Mr. Recortes|U-turn|p2a: Landorus-Therian
|-resisted|p2a: Landorus-Therian
|-damage|p2a: Landorus-Therian|251\/320
|
|switch|p1a: Rhyno|Rhyperior, M|371\/371
|
|turn|9
|
|move|p2a: Landorus-Therian|Earthquake|p1a: Rhyno
|-supereffective|p1a: Rhyno
|-damage|p1a: Rhyno|133\/371
|move|p1a: Rhyno|Earthquake|p2a: Landorus-Therian
|-immune|p2a: Landorus-Therian|[msg]
|
|turn|10
|
|switch|p1a: Hax BIRD|Pidgeot-Mega, M|307\/307
|move|p2a: Landorus-Therian|Earthquake|p1a: Hax BIRD
|-immune|p1a: Hax BIRD|[msg]
|
|turn|11
|
|switch|p2a: Slowbro|Slowbro, M|394\/394
|move|p1a: Hax BIRD|Hurricane|p2a: Slowbro
|-damage|p2a: Slowbro|165\/394
|
|-heal|p2a: Slowbro|189\/394|[from] item: Leftovers
|turn|12
|
|switch|p2a: Thundurus|Thundurus, M|299\/299
|move|p1a: Hax BIRD|Hurricane|p2a: Thundurus
|-resisted|p2a: Thundurus
|-damage|p2a: Thundurus|187\/299
|-start|p2a: Thundurus|confusion
|
|-heal|p2a: Thundurus|205\/299|[from] item: Leftovers
|turn|13
|
|switch|p1a: Rhyno|Rhyperior, M|133\/371
|-activate|p2a: Thundurus|confusion
|move|p2a: Thundurus|Thunder Wave|p1a: Rhyno
|-immune|p1a: Rhyno|[msg]
|
|-heal|p2a: Thundurus|223\/299|[from] item: Leftovers
|turn|14
|
|-activate|p2a: Thundurus|confusion
|move|p2a: Thundurus|Hidden Power|p1a: Rhyno
|-supereffective|p1a: Rhyno
|-damage|p1a: Rhyno|49\/371
|move|p1a: Rhyno|Rock Blast|p2a: Thundurus
|-supereffective|p2a: Thundurus
|-damage|p2a: Thundurus|71\/299
|-supereffective|p2a: Thundurus
|-damage|p2a: Thundurus|0 fnt
|-hitcount|p2a: Thundurus|2
|faint|p2a: Thundurus
|
|c|âSexual-Pikachu|how sturdy is that bitch
|
|switch|p2a: Ferrothorn|Ferrothorn, F, shiny|180\/352
|turn|15
|
|switch|p1a: Tenta|Tentacruel, M|361\/361
|move|p2a: Ferrothorn|Stealth Rock|p1a: Tenta
|-sidestart|p1: The Last Hero|move: Stealth Rock
|
|turn|16
|
|switch|p2a: Metagross|Metagross-Mega, shiny|297\/301
|move|p1a: Tenta|Rapid Spin|p2a: Metagross
|-resisted|p2a: Metagross
|-damage|p2a: Metagross|293\/301
|-sideend|p1: The Last Hero|Stealth Rock|[from] move: Rapid Spin|[of] p1a: Tenta
|
|turn|17
|
|switch|p1a: Cortacabezas|Rotom-Mow|40\/241 brn
|move|p2a: Metagross|Earthquake|p1a: Cortacabezas
|-immune|p1a: Cortacabezas|[msg]
|
|-heal|p1a: Cortacabezas|55\/241 brn|[from] item: Leftovers
|-damage|p1a: Cortacabezas|25\/241 brn|[from] brn
|turn|18
|
|move|p2a: Metagross|Meteor Mash|p1a: Cortacabezas
|-resisted|p1a: Cortacabezas
|-damage|p1a: Cortacabezas|0 fnt
|faint|p1a: Cortacabezas
|
|
|switch|p1a: Mr. Recortes|Scizor, M|197\/343
|turn|19
|
|move|p2a: Metagross|Zen Headbutt|p1a: Mr. Recortes|[miss]
|-miss|p2a: Metagross|p1a: Mr. Recortes
|move|p1a: Mr. Recortes|Pursuit|p2a: Metagross
|-crit|p2a: Metagross
|-supereffective|p2a: Metagross
|-damage|p2a: Metagross|23\/301
|
|turn|20
|
|move|p1a: Mr. Recortes|Pursuit|p2a: Metagross|[from]Pursuit
|-supereffective|p2a: Metagross
|-damage|p2a: Metagross|0 fnt
|faint|p2a: Metagross
|
|
|switch|p2a: Clefable|Clefable, F, shiny|394\/394
|turn|21
|
|switch|p1a: Tenta|Tentacruel, M|361\/361
|move|p2a: Clefable|Flamethrower|p1a: Tenta
|-resisted|p1a: Tenta
|-damage|p1a: Tenta|323\/361
|
|-heal|p1a: Tenta|345\/361|[from] item: Black Sludge
|turn|22
|
|switch|p2a: Ferrothorn|Ferrothorn, F, shiny|180\/352
|move|p1a: Tenta|Sludge Wave|p2a: Ferrothorn
|-immune|p2a: Ferrothorn|[msg]
|
|-heal|p1a: Tenta|361\/361|[from] item: Black Sludge
|turn|23
|
|move|p1a: Tenta|Scald|p2a: Ferrothorn
|-resisted|p2a: Ferrothorn
|-damage|p2a: Ferrothorn|153\/352
|-status|p2a: Ferrothorn|brn
|move|p2a: Ferrothorn|Thunder Wave|p1a: Tenta
|-status|p1a: Tenta|par
|
|-damage|p2a: Ferrothorn|109\/352 brn|[from] brn
|turn|24
|
|switch|p1a: Rhyno|Rhyperior, M|49\/371
|switch|p2a: Clefable|Clefable, F, shiny|394\/394
|
|turn|25
|
|switch|p1a: Tenta|Tentacruel, M|361\/361 par
|move|p2a: Clefable|Moonblast|p1a: Tenta
|-resisted|p1a: Tenta
|-damage|p1a: Tenta|305\/361 par
|
|-heal|p1a: Tenta|327\/361 par|[from] item: Black Sludge
|turn|26
|
|move|p2a: Clefable|Calm Mind|p2a: Clefable
|-boost|p2a: Clefable|spa|1
|-boost|p2a: Clefable|spd|1
|move|p1a: Tenta|Sludge Wave|p2a: Clefable
|-supereffective|p2a: Clefable
|-damage|p2a: Clefable|280\/394
|-status|p2a: Clefable|psn
|
|-heal|p1a: Tenta|349\/361 par|[from] item: Black Sludge
|turn|27
|
|move|p2a: Clefable|Calm Mind|p2a: Clefable
|-boost|p2a: Clefable|spa|1
|-boost|p2a: Clefable|spd|1
|move|p1a: Tenta|Haze|p1a: Tenta
|-clearallboost
|
|-heal|p1a: Tenta|361\/361 par|[from] item: Black Sludge
|turn|28
|
|move|p2a: Clefable|Calm Mind|p2a: Clefable
|-boost|p2a: Clefable|spa|1
|-boost|p2a: Clefable|spd|1
|move|p1a: Tenta|Sludge Wave|p2a: Clefable
|-supereffective|p2a: Clefable
|-damage|p2a: Clefable|178\/394 psn
|
|turn|29
|
|move|p2a: Clefable|Soft-Boiled|p2a: Clefable
|-heal|p2a: Clefable|375\/394 psn
|cant|p1a: Tenta|par
|
|turn|30
|
|move|p2a: Clefable|Moonblast|p1a: Tenta
|-resisted|p1a: Tenta
|-damage|p1a: Tenta|275\/361 par
|move|p1a: Tenta|Haze|p1a: Tenta
|-clearallboost
|
|-heal|p1a: Tenta|297\/361 par|[from] item: Black Sludge
|turn|31
|
|move|p2a: Clefable|Calm Mind|p2a: Clefable
|-boost|p2a: Clefable|spa|1
|-boost|p2a: Clefable|spd|1
|move|p1a: Tenta|Sludge Wave|p2a: Clefable
|-supereffective|p2a: Clefable
|-damage|p2a: Clefable|265\/394 psn
|
|-heal|p1a: Tenta|319\/361 par|[from] item: Black Sludge
|turn|32
|
|move|p2a: Clefable|Moonblast|p1a: Tenta
|-resisted|p1a: Tenta
|-damage|p1a: Tenta|229\/361 par
|cant|p1a: Tenta|par
|
|-heal|p1a: Tenta|251\/361 par|[from] item: Black Sludge
|turn|33
|
|move|p2a: Clefable|Moonblast|p1a: Tenta
|-resisted|p1a: Tenta
|-damage|p1a: Tenta|159\/361 par
|move|p1a: Tenta|Haze|p1a: Tenta
|-clearallboost
|
|-heal|p1a: Tenta|181\/361 par|[from] item: Black Sludge
|turn|34
|
|switch|p1a: Hax BIRD|Pidgeot-Mega, M|307\/307
|move|p2a: Clefable|Calm Mind|p2a: Clefable
|-boost|p2a: Clefable|spa|1
|-boost|p2a: Clefable|spd|1
|
|turn|35
|
|move|p1a: Hax BIRD|Hurricane|p2a: Clefable
|-damage|p2a: Clefable|144\/394 psn
|move|p2a: Clefable|Moonblast|p1a: Hax BIRD
|-damage|p1a: Hax BIRD|57\/307
|-unboost|p1a: Hax BIRD|spa|1
|
|turn|36
|
|move|p1a: Hax BIRD|U-turn|p2a: Clefable
|-resisted|p2a: Clefable
|-damage|p2a: Clefable|123\/394 psn
|
|switch|p1a: Mr. Recortes|Scizor, M|197\/343
|move|p2a: Clefable|Soft-Boiled|p2a: Clefable
|-heal|p2a: Clefable|320\/394 psn
|
|turn|37
|
|move|p1a: Mr. Recortes|Bullet Punch|p2a: Clefable
|-supereffective|p2a: Clefable
|-damage|p2a: Clefable|0 fnt
|faint|p2a: Clefable
|
|
|switch|p2a: Slowbro|Slowbro, M|320\/394
|turn|38
|
|switch|p1a: Rhyno|Rhyperior, M|49\/371
|move|p2a: Slowbro|Thunder Wave|p1a: Rhyno
|-immune|p1a: Rhyno|[msg]
|
|-heal|p2a: Slowbro|344\/394|[from] item: Leftovers
|turn|39
|
|move|p1a: Rhyno|Megahorn|p2a: Slowbro
|-supereffective|p2a: Slowbro
|-damage|p2a: Slowbro|98\/394
|move|p2a: Slowbro|Scald|p1a: Rhyno
|-supereffective|p1a: Rhyno
|-damage|p1a: Rhyno|0 fnt
|faint|p1a: Rhyno
|
|-heal|p2a: Slowbro|122\/394|[from] item: Leftovers
|
|switch|p1a: Mr. Recortes|Scizor, M|197\/343
|turn|40
|
|move|p1a: Mr. Recortes|Pursuit|p2a: Slowbro|[from]Pursuit
|-supereffective|p2a: Slowbro
|-damage|p2a: Slowbro|0 fnt
|faint|p2a: Slowbro
|
|
|switch|p2a: Ferrothorn|Ferrothorn, F, shiny|109\/352 brn
|turn|41
|
|switch|p1a: Tenta|Tentacruel, M|181\/361 par
|move|p2a: Ferrothorn|Thunder Wave|p1a: Tenta
|-fail|p1a: Tenta|par
|
|-heal|p1a: Tenta|203\/361 par|[from] item: Black Sludge
|-damage|p2a: Ferrothorn|65\/352 brn|[from] brn
|turn|42
|
|switch|p2a: Landorus-Therian|Landorus-Therian, M, shiny|251\/320
|-ability|p2a: Landorus-Therian|Intimidate|[of] p1a: Tenta
|-unboost|p1a: Tenta|atk|1
|cant|p1a: Tenta|par
|
|-heal|p1a: Tenta|225\/361 par|[from] item: Black Sludge
|turn|43
|
|switch|p1a: Mien00b|Mienshao, M|271\/271
|move|p2a: Landorus-Therian|Stone Edge|p1a: Mien00b
|-resisted|p1a: Mien00b
|-damage|p1a: Mien00b|173\/271
|
|turn|44
|
|move|p2a: Landorus-Therian|Stone Edge|p1a: Mien00b|[miss]
|-miss|p2a: Landorus-Therian|p1a: Mien00b
|move|p1a: Mien00b|Knock Off|p2a: Landorus-Therian
|-damage|p2a: Landorus-Therian|102\/320
|-enditem|p2a: Landorus-Therian|Choice Scarf|[from] move: Knock Off|[of] p1a: Mien00b
|-damage|p1a: Mien00b|146\/271|[from] item: Life Orb
|
|turn|45
|-message|Sexual-Pikachu forfeited.
|
|win|The Last Hero
|raw|Ladder updating...
|leave|Sexual-Pikachu
|player|p2
|raw|The Last Hero's rating: 1739 &rarr; <strong>1752<\/strong><br \/>(+13 for winning)
|raw|Sexual-Pikachu's rating: 1614 &rarr; <strong>1600<\/strong><br \/>(-14 for losing)