|join|The Last Hero
|join|gran chelin
|player|p1|The Last Hero|54
|player|p2|gran chelin|170
|gametype|singles
|gen|6
|tier|OU
|rated
|clearpoke
|poke|p1|Pidgeot, M
|poke|p1|Rhyperior, M
|poke|p1|Tentacruel, M
|poke|p1|Rotom-Mow
|poke|p1|Scizor, M
|poke|p1|Mienshao, M
|poke|p2|Scizor, M
|poke|p2|Terrakion
|poke|p2|Thundurus, M
|poke|p2|Keldeo
|poke|p2|Diggersby, F
|poke|p2|Dragonite, F
|rule|Swagger Clause: Swagger is banned
|rule|Baton Pass Clause: Limit one PokÃ©mon knowing Baton Pass
|rule|Sleep Clause Mod: Limit one foe put to sleep
|rule|Species Clause: Limit one of each PokÃ©mon
|rule|OHKO Clause: OHKO moves are banned
|rule|Moody Clause: Moody is banned
|rule|Evasion Moves Clause: Evasion moves are banned
|rule|Endless Battle Clause: Forcing endless battles is banned
|rule|HP Percentage Mod: HP is shown in percentages
|teampreview
|
|start
|switch|p1a: Mien00b|Mienshao, M|271\/271
|switch|p2a: Terrakion|Terrakion|324\/324
|turn|1
|
|move|p1a: Mien00b|Fake Out|p2a: Terrakion
|-resisted|p2a: Terrakion
|-damage|p2a: Terrakion|292\/324
|-damage|p1a: Mien00b|244\/271|[from] item: Life Orb
|cant|p2a: Terrakion|flinch
|
|turn|2
|
|switch|p1a: Tenta|Tentacruel, M|361\/361
|move|p2a: Terrakion|Stealth Rock|p1a: Tenta
|-sidestart|p1: The Last Hero|move: Stealth Rock
|
|turn|3
|
|move|p2a: Terrakion|Taunt|p1a: Tenta
|-start|p1a: Tenta|move: Taunt
|move|p1a: Tenta|Scald|p2a: Terrakion
|-supereffective|p2a: Terrakion
|-damage|p2a: Terrakion|106\/324
|
|turn|4
|
|move|p2a: Terrakion|Close Combat|p1a: Tenta
|-resisted|p1a: Tenta
|-damage|p1a: Tenta|266\/361
|-unboost|p2a: Terrakion|def|1
|-unboost|p2a: Terrakion|spd|1
|move|p1a: Tenta|Rapid Spin|p2a: Terrakion
|-resisted|p2a: Terrakion
|-damage|p2a: Terrakion|96\/324
|-sideend|p1: The Last Hero|Stealth Rock|[from] move: Rapid Spin|[of] p1a: Tenta
|
|-heal|p1a: Tenta|288\/361|[from] item: Black Sludge
|turn|5
|
|move|p2a: Terrakion|Stealth Rock|p1a: Tenta
|-sidestart|p1: The Last Hero|move: Stealth Rock
|move|p1a: Tenta|Sludge Wave|p2a: Terrakion
|-resisted|p2a: Terrakion
|-damage|p2a: Terrakion|21\/324
|
|-heal|p1a: Tenta|310\/361|[from] item: Black Sludge
|-end|p1a: Tenta|move: Taunt
|turn|6
|
|move|p2a: Terrakion|Taunt|p1a: Tenta
|-start|p1a: Tenta|move: Taunt
|move|p1a: Tenta|Rapid Spin|p2a: Terrakion
|-crit|p2a: Terrakion
|-resisted|p2a: Terrakion
|-damage|p2a: Terrakion|9\/324
|-sideend|p1: The Last Hero|Stealth Rock|[from] move: Rapid Spin|[of] p1a: Tenta
|
|-heal|p1a: Tenta|332\/361|[from] item: Black Sludge
|turn|7
|
|move|p2a: Terrakion|Stealth Rock|p1a: Tenta
|-sidestart|p1: The Last Hero|move: Stealth Rock
|move|p1a: Tenta|Rapid Spin|p2a: Terrakion
|-crit|p2a: Terrakion
|-resisted|p2a: Terrakion
|-damage|p2a: Terrakion|0 fnt
|-sideend|p1: The Last Hero|Stealth Rock|[from] move: Rapid Spin|[of] p1a: Tenta
|faint|p2a: Terrakion
|
|-heal|p1a: Tenta|354\/361|[from] item: Black Sludge
|
|switch|p2a: Thundurus|Thundurus, M|299\/299
|turn|8
|
|switch|p1a: Rhyno|Rhyperior, M|371\/371
|move|p2a: Thundurus|Nasty Plot|p2a: Thundurus
|-boost|p2a: Thundurus|spa|2
|
|turn|9
|
|move|p2a: Thundurus|Focus Blast|p1a: Rhyno
|-supereffective|p1a: Rhyno
|-damage|p1a: Rhyno|32\/371
|move|p1a: Rhyno|Rock Blast|p2a: Thundurus
|-supereffective|p2a: Thundurus
|-damage|p2a: Thundurus|159\/299
|-supereffective|p2a: Thundurus
|-damage|p2a: Thundurus|7\/299
|-supereffective|p2a: Thundurus
|-damage|p2a: Thundurus|0 fnt
|-hitcount|p2a: Thundurus|3
|faint|p2a: Thundurus
|
|c|âThe Last Hero|weak Thundu
|
|switch|p2a: Scizor|Scizor, M|295\/295
|turn|10
|
|detailschange|p2a: Scizor|Scizor-Mega, M
|-mega|p2a: Scizor|Scizor|Scizorite
|move|p2a: Scizor|Swords Dance|p2a: Scizor
|-boost|p2a: Scizor|atk|2
|move|p1a: Rhyno|Earthquake|p2a: Scizor
|-damage|p2a: Scizor|147\/295
|
|turn|11
|
|move|p2a: Scizor|Bullet Punch|p1a: Rhyno
|-supereffective|p1a: Rhyno
|-damage|p1a: Rhyno|0 fnt
|faint|p1a: Rhyno
|
|
|switch|p1a: Tenta|Tentacruel, M|354\/361
|turn|12
|
|move|p1a: Tenta|Haze|p1a: Tenta
|-clearallboost
|move|p2a: Scizor|Bug Bite|p1a: Tenta
|-resisted|p1a: Tenta
|-damage|p1a: Tenta|270\/361
|
|-heal|p1a: Tenta|292\/361|[from] item: Black Sludge
|turn|13
|
|move|p1a: Tenta|Scald|p2a: Scizor
|-damage|p2a: Scizor|69\/295
|move|p2a: Scizor|Bug Bite|p1a: Tenta
|-resisted|p1a: Tenta
|-damage|p1a: Tenta|194\/361
|
|-heal|p1a: Tenta|216\/361|[from] item: Black Sludge
|turn|14
|
|move|p2a: Scizor|Bullet Punch|p1a: Tenta
|-resisted|p1a: Tenta
|-damage|p1a: Tenta|156\/361
|move|p1a: Tenta|Scald|p2a: Scizor
|-damage|p2a: Scizor|0 fnt
|faint|p2a: Scizor
|
|-heal|p1a: Tenta|178\/361|[from] item: Black Sludge
|
|switch|p2a: Diggersby|Diggersby, F|311\/311
|turn|15
|
|move|p2a: Diggersby|Earthquake|p1a: Tenta
|-supereffective|p1a: Tenta
|-damage|p1a: Tenta|0 fnt
|faint|p1a: Tenta
|
|
|switch|p1a: BIRD|Pidgeot, M|307\/307
|turn|16
|
|detailschange|p1a: BIRD|Pidgeot-Mega, M
|-mega|p1a: BIRD|Pidgeot|Pidgeotite
|move|p1a: BIRD|Hurricane|p2a: Diggersby
|-damage|p2a: Diggersby|38\/311
|move|p2a: Diggersby|Frustration|p1a: BIRD
|-damage|p1a: BIRD|37\/307
|
|turn|17
|
|switch|p1a: Mien00b|Mienshao, M|271\/271
|move|p2a: Diggersby|Quick Attack|p1a: Mien00b
|-damage|p1a: Mien00b|130\/271
|
|turn|18
|
|switch|p2a: Dragonite|Dragonite, F|323\/323
|move|p1a: Mien00b|Fake Out|p2a: Dragonite
|-damage|p2a: Dragonite|291\/323
|-damage|p1a: Mien00b|103\/271|[from] item: Life Orb
|
|turn|19
|
|move|p1a: Mien00b|Knock Off|p2a: Dragonite
|-damage|p2a: Dragonite|152\/323
|-enditem|p2a: Dragonite|Choice Band|[from] move: Knock Off|[of] p1a: Mien00b
|-damage|p1a: Mien00b|76\/271|[from] item: Life Orb
|move|p2a: Dragonite|Fire Punch|p1a: Mien00b
|-damage|p1a: Mien00b|0 fnt
|faint|p1a: Mien00b
|
|
|switch|p1a: Mr. Recortes|Scizor, M|343\/343
|turn|20
|
|move|p1a: Mr. Recortes|Bullet Punch|p2a: Dragonite
|-damage|p2a: Dragonite|0 fnt
|faint|p2a: Dragonite
|
|
|switch|p2a: Keldeo|Keldeo|323\/323
|turn|21
|
|switch|p1a: BIRD|Pidgeot-Mega, M|37\/307
|move|p2a: Keldeo|Scald|p1a: BIRD
|-damage|p1a: BIRD|0 fnt
|faint|p1a: BIRD
|
|
|switch|p1a: Cortacabezas|Rotom-Mow|241\/241
|turn|22
|
|move|p2a: Keldeo|Scald|p1a: Cortacabezas
|-resisted|p1a: Cortacabezas
|-damage|p1a: Cortacabezas|178\/241
|move|p1a: Cortacabezas|Leaf Storm|p2a: Keldeo
|-supereffective|p2a: Keldeo
|-damage|p2a: Keldeo|0 fnt
|-unboost|p1a: Cortacabezas|spa|2
|faint|p2a: Keldeo
|
|
|switch|p2a: Diggersby|Diggersby, F|38\/311
|turn|23
|
|move|p1a: Cortacabezas|Leaf Storm|p2a: Diggersby
|-supereffective|p2a: Diggersby
|-damage|p2a: Diggersby|0 fnt
|-unboost|p1a: Cortacabezas|spa|2
|faint|p2a: Diggersby
|
|win|The Last Hero
|raw|Ladder updating...
|raw|The Last Hero's rating: 1646 &rarr; <strong>1661<\/strong><br \/>(+15 for winning)
|raw|gran chelin's rating: 1560 &rarr; <strong>1545<\/strong><br \/>(-15 for losing)
|leave|gran chelin
|player|p2