|join|The Last Hero
|join|turbs
|player|p1|The Last Hero|54
|player|p2|turbs|101
|gametype|singles
|gen|6
|tier|OU
|rated
|clearpoke
|poke|p1|Pidgeot, M
|poke|p1|Rhyperior, M
|poke|p1|Tentacruel, M
|poke|p1|Rotom-Mow
|poke|p1|Scizor, M
|poke|p1|Mienshao, M
|poke|p2|Latios, M
|poke|p2|Rotom-Wash
|poke|p2|Clefable, F
|poke|p2|Hawlucha, M
|poke|p2|Metagross
|poke|p2|Landorus-Therian, M
|rule|Swagger Clause: Swagger is banned
|rule|Baton Pass Clause: Limit one PokÃ©mon knowing Baton Pass
|rule|Sleep Clause Mod: Limit one foe put to sleep
|rule|Species Clause: Limit one of each PokÃ©mon
|rule|OHKO Clause: OHKO moves are banned
|rule|Moody Clause: Moody is banned
|rule|Evasion Moves Clause: Evasion moves are banned
|rule|Endless Battle Clause: Forcing endless battles is banned
|rule|HP Percentage Mod: HP is shown in percentages
|teampreview
|
|start
|switch|p1a: Mr. Recortes|Scizor, M|343\/343
|switch|p2a: Rotom-Wash|Rotom-Wash|303\/303
|turn|1
|
|switch|p1a: Cortacabezas|Rotom-Mow|241\/241
|move|p2a: Rotom-Wash|Will-O-Wisp|p1a: Cortacabezas|[miss]
|-miss|p2a: Rotom-Wash|p1a: Cortacabezas
|
|turn|2
|
|move|p1a: Cortacabezas|Volt Switch|p2a: Rotom-Wash
|-damage|p2a: Rotom-Wash|206\/303
|
|switch|p1a: Tenta|Tentacruel, M|361\/361
|move|p2a: Rotom-Wash|Volt Switch|p1a: Tenta
|-supereffective|p1a: Tenta
|-damage|p1a: Tenta|205\/361
|
|switch|p2a: Latios|Latios, M|301\/301
|
|-heal|p1a: Tenta|227\/361|[from] item: Black Sludge
|turn|3
|
|switch|p1a: Mr. Recortes|Scizor, M|343\/343
|move|p2a: Latios|Draco Meteor|p1a: Mr. Recortes
|-resisted|p1a: Mr. Recortes
|-damage|p1a: Mr. Recortes|166\/343
|-unboost|p2a: Latios|spa|2
|-damage|p2a: Latios|271\/301|[from] item: Life Orb
|
|turn|4
|
|switch|p2a: Landorus-Therian|Landorus-Therian, M|365\/365
|-ability|p2a: Landorus-Therian|Intimidate|[of] p1a: Mr. Recortes
|-unboost|p1a: Mr. Recortes|atk|1
|switch|p1a: Hax BIRD|Pidgeot, M|307\/307
|
|turn|5
|
|detailschange|p1a: Hax BIRD|Pidgeot-Mega, M
|-mega|p1a: Hax BIRD|Pidgeot|Pidgeotite
|move|p1a: Hax BIRD|Hurricane|p2a: Landorus-Therian
|-damage|p2a: Landorus-Therian|122\/365
|move|p2a: Landorus-Therian|Stealth Rock|p1a: Hax BIRD
|-sidestart|p1: The Last Hero|move: Stealth Rock
|
|-heal|p2a: Landorus-Therian|144\/365|[from] item: Leftovers
|turn|6
|
|switch|p2a: Rotom-Wash|Rotom-Wash|206\/303
|move|p1a: Hax BIRD|Hurricane|p2a: Rotom-Wash
|-resisted|p2a: Rotom-Wash
|-damage|p2a: Rotom-Wash|108\/303
|
|-heal|p2a: Rotom-Wash|126\/303|[from] item: Leftovers
|turn|7
|
|move|p1a: Hax BIRD|U-turn|p2a: Rotom-Wash
|-damage|p2a: Rotom-Wash|96\/303
|
|switch|p1a: Mien00b|Mienshao, M|271\/271
|-damage|p1a: Mien00b|255\/271|[from] Stealth Rock
|move|p2a: Rotom-Wash|Pain Split|p1a: Mien00b
|-sethp|p1a: Mien00b|175\/271|p2a: Rotom-Wash|175\/303|[from] move: Pain Split
|
|-heal|p2a: Rotom-Wash|193\/303|[from] item: Leftovers
|turn|8
|
|move|p1a: Mien00b|Fake Out|p2a: Rotom-Wash
|-damage|p2a: Rotom-Wash|151\/303
|-damage|p1a: Mien00b|148\/271|[from] item: Life Orb
|cant|p2a: Rotom-Wash|flinch
|
|-heal|p2a: Rotom-Wash|169\/303|[from] item: Leftovers
|turn|9
|
|switch|p2a: Clefable|Clefable, F|394\/394
|move|p1a: Mien00b|High Jump Kick|p2a: Clefable
|-resisted|p2a: Clefable
|-damage|p2a: Clefable|254\/394
|-damage|p1a: Mien00b|121\/271|[from] item: Life Orb
|
|-heal|p2a: Clefable|278\/394|[from] item: Leftovers
|turn|10
|
|switch|p2a: Rotom-Wash|Rotom-Wash|169\/303
|move|p1a: Mien00b|U-turn|p2a: Rotom-Wash
|-damage|p2a: Rotom-Wash|96\/303
|-damage|p1a: Mien00b|94\/271|[from] item: Life Orb
|
|switch|p1a: Cortacabezas|Rotom-Mow|241\/241
|-damage|p1a: Cortacabezas|211\/241|[from] Stealth Rock
|
|-heal|p2a: Rotom-Wash|114\/303|[from] item: Leftovers
|turn|11
|
|switch|p2a: Latios|Latios, M|271\/301
|move|p1a: Cortacabezas|Volt Switch|p2a: Latios
|-resisted|p2a: Latios
|-damage|p2a: Latios|220\/301
|c|âturbs|DANGIT
|c|âturbs|LUL
|
|switch|p1a: Rhyno|Rhyperior, M|371\/371
|-damage|p1a: Rhyno|348\/371|[from] Stealth Rock
|
|turn|12
|
|move|p2a: Latios|Draco Meteor|p1a: Rhyno
|-damage|p1a: Rhyno|118\/371
|-unboost|p2a: Latios|spa|2
|-damage|p2a: Latios|190\/301|[from] item: Life Orb
|move|p1a: Rhyno|Ice Punch|p2a: Latios
|-supereffective|p2a: Latios
|-damage|p2a: Latios|0 fnt
|faint|p2a: Latios
|
|
|switch|p2a: Landorus-Therian|Landorus-Therian, M|144\/365
|-ability|p2a: Landorus-Therian|Intimidate|[of] p1a: Rhyno
|-unboost|p1a: Rhyno|atk|1
|turn|13
|
|move|p2a: Landorus-Therian|U-turn|p1a: Rhyno
|-damage|p1a: Rhyno|54\/371
|
|switch|p2a: Hawlucha|Hawlucha, M|310\/310
|move|p1a: Rhyno|Ice Punch|p2a: Hawlucha
|-supereffective|p2a: Hawlucha
|-damage|p2a: Hawlucha|148\/310
|-enditem|p2a: Hawlucha|Sitrus Berry|[eat]
|-heal|p2a: Hawlucha|225\/310|[from] item: Sitrus Berry
|
|turn|14
|
|move|p2a: Hawlucha|High Jump Kick|p1a: Rhyno
|-supereffective|p1a: Rhyno
|-damage|p1a: Rhyno|0 fnt
|faint|p1a: Rhyno
|
|
|switch|p1a: Mr. Recortes|Scizor, M|166\/343
|-damage|p1a: Mr. Recortes|124\/343|[from] Stealth Rock
|turn|15
|
|move|p1a: Mr. Recortes|Bullet Punch|p2a: Hawlucha
|-damage|p2a: Hawlucha|0 fnt
|faint|p2a: Hawlucha
|
|
|switch|p2a: Metagross|Metagross|358\/358
|turn|16
|
|detailschange|p2a: Metagross|Metagross-Mega
|-mega|p2a: Metagross|Metagross|Metagrossite
|move|p1a: Mr. Recortes|Bullet Punch|p2a: Metagross
|-resisted|p2a: Metagross
|-damage|p2a: Metagross|298\/358
|move|p2a: Metagross|Agility|p2a: Metagross
|-boost|p2a: Metagross|spe|2
|
|turn|17
|c|âThe Last Hero|o
|c|âThe Last Hero|m
|c|âThe Last Hero|g
|
|move|p1a: Mr. Recortes|Bullet Punch|p2a: Metagross
|-resisted|p2a: Metagross
|-damage|p2a: Metagross|238\/358
|move|p2a: Metagross|Earthquake|p1a: Mr. Recortes
|-damage|p1a: Mr. Recortes|0 fnt
|faint|p1a: Mr. Recortes
|
|c|âturbs|YEYE
|c|âturbs|DAS IT MANE
|
|switch|p1a: Cortacabezas|Rotom-Mow|211\/241
|-damage|p1a: Cortacabezas|181\/241|[from] Stealth Rock
|turn|18
|
|move|p2a: Metagross|Zen Headbutt|p1a: Cortacabezas
|-damage|p1a: Cortacabezas|0 fnt
|faint|p1a: Cortacabezas
|
|
|switch|p1a: Hax BIRD|Pidgeot-Mega, M|307\/307
|-damage|p1a: Hax BIRD|231\/307|[from] Stealth Rock
|turn|19
|c|âturbs|THIS THING
|
|move|p2a: Metagross|Meteor Mash|p1a: Hax BIRD
|-damage|p1a: Hax BIRD|0 fnt
|-boost|p2a: Metagross|atk|1
|faint|p1a: Hax BIRD
|
|c|âturbs|THIS FUCKIGN THING
|c|âThe Last Hero|i expect it to become Uber at some point
|c|âThe Last Hero|gg
|
|switch|p1a: Tenta|Tentacruel, M|227\/361
|-damage|p1a: Tenta|182\/361|[from] Stealth Rock
|turn|20
|c|âturbs|EH NO
|c|âturbs|BTW SRY MY CAPS BUTTON IS SPPILT
|
|move|p2a: Metagross|Earthquake|p1a: Tenta
|-supereffective|p1a: Tenta
|-damage|p1a: Tenta|0 fnt
|faint|p1a: Tenta
|
|c|âturbs|GG DOE
|c|âturbs|BRAH WHR U AT
|
|switch|p1a: Mien00b|Mienshao, M|184\/271
|-damage|p1a: Mien00b|168\/271|[from] Stealth Rock
|turn|21
|
|move|p1a: Mien00b|Fake Out|p2a: Metagross
|-resisted|p2a: Metagross
|-damage|p2a: Metagross|215\/358
|-damage|p1a: Mien00b|141\/271|[from] item: Life Orb
|cant|p2a: Metagross|flinch
|
|turn|22
|
|move|p2a: Metagross|Zen Headbutt|p1a: Mien00b
|-supereffective|p1a: Mien00b
|-damage|p1a: Mien00b|0 fnt
|faint|p1a: Mien00b
|
|win|turbs
|raw|Ladder updating...
|raw|The Last Hero's rating: 1752 &rarr; <strong>1724<\/strong><br \/>(-28 for losing)
|raw|turbs's rating: 1609 &rarr; <strong>1637<\/strong><br \/>(+28 for winning)