|join|The Last Hero
|join|Fire house
|player|p1|The Last Hero|54
|player|p2|Fire house|125
|gametype|singles
|gen|6
|tier|OU
|rated
|clearpoke
|poke|p1|Pidgeot, M
|poke|p1|Rhyperior, M
|poke|p1|Tentacruel, M
|poke|p1|Rotom-Mow
|poke|p1|Scizor, M
|poke|p1|Mienshao, M
|poke|p2|Gengar, F
|poke|p2|Latias, F, shiny
|poke|p2|Terrakion
|poke|p2|Manectric, F, shiny
|poke|p2|Landorus-Therian, M
|poke|p2|Azumarill, F
|rule|Swagger Clause: Swagger is banned
|rule|Baton Pass Clause: Limit one PokÃ©mon knowing Baton Pass
|rule|Sleep Clause Mod: Limit one foe put to sleep
|rule|Species Clause: Limit one of each PokÃ©mon
|rule|OHKO Clause: OHKO moves are banned
|rule|Moody Clause: Moody is banned
|rule|Evasion Moves Clause: Evasion moves are banned
|rule|Endless Battle Clause: Forcing endless battles is banned
|rule|HP Percentage Mod: HP is shown in percentages
|teampreview
|
|start
|switch|p1a: Mien00b|Mienshao, M|271\/271
|switch|p2a: Terrakion|Terrakion|323\/323
|turn|1
|
|move|p1a: Mien00b|Fake Out|p2a: Terrakion
|-resisted|p2a: Terrakion
|-damage|p2a: Terrakion|289\/323
|-damage|p1a: Mien00b|244\/271|[from] item: Life Orb
|cant|p2a: Terrakion|flinch
|
|turn|2
|
|switch|p1a: Tenta|Tentacruel, M|361\/361
|move|p2a: Terrakion|Close Combat|p1a: Tenta
|-resisted|p1a: Tenta
|-damage|p1a: Tenta|256\/361
|-unboost|p2a: Terrakion|def|1
|-unboost|p2a: Terrakion|spd|1
|
|-heal|p1a: Tenta|278\/361|[from] item: Black Sludge
|turn|3
|
|switch|p2a: Latias|Latias, F, shiny|301\/301
|move|p1a: Tenta|Scald|p2a: Latias
|-resisted|p2a: Latias
|-damage|p2a: Latias|267\/301
|
|-heal|p1a: Tenta|300\/361|[from] item: Black Sludge
|turn|4
|
|switch|p2a: Manectric|Manectric, F, shiny|281\/281
|switch|p1a: Mr. Recortes|Scizor, M|343\/343
|
|turn|5
|
|switch|p1a: Rhyno|Rhyperior, M|371\/371
|detailschange|p2a: Manectric|Manectric-Mega, F, shiny
|-mega|p2a: Manectric|Manectric|Manectite
|-ability|p2a: Manectric|Intimidate|[of] p1a: Rhyno
|-unboost|p1a: Rhyno|atk|1
|move|p2a: Manectric|Overheat|p1a: Rhyno
|-resisted|p1a: Rhyno
|-damage|p1a: Rhyno|312\/371
|-unboost|p2a: Manectric|spa|2
|
|turn|6
|
|switch|p2a: Landorus-Therian|Landorus-Therian, M|337\/337
|-ability|p2a: Landorus-Therian|Intimidate|[of] p1a: Rhyno
|-unboost|p1a: Rhyno|atk|1
|move|p1a: Rhyno|Ice Punch|p2a: Landorus-Therian
|-supereffective|p2a: Landorus-Therian
|-damage|p2a: Landorus-Therian|125\/337
|-status|p2a: Landorus-Therian|frz
|
|turn|7
|
|cant|p2a: Landorus-Therian|frz
|move|p1a: Rhyno|Rock Blast|p2a: Landorus-Therian
|-damage|p2a: Landorus-Therian|97\/337 frz
|-damage|p2a: Landorus-Therian|66\/337 frz
|-damage|p2a: Landorus-Therian|36\/337 frz
|-damage|p2a: Landorus-Therian|6\/337 frz
|-damage|p2a: Landorus-Therian|0 fnt
|-hitcount|p2a: Landorus-Therian|5
|faint|p2a: Landorus-Therian
|
|
|switch|p2a: Azumarill|Azumarill, F|401\/401
|turn|8
|
|switch|p1a: Tenta|Tentacruel, M|300\/361
|move|p2a: Azumarill|Waterfall|p1a: Tenta
|-resisted|p1a: Tenta
|-damage|p1a: Tenta|214\/361
|
|-heal|p1a: Tenta|236\/361|[from] item: Black Sludge
|turn|9
|
|switch|p2a: Latias|Latias, F, shiny|267\/301
|move|p1a: Tenta|Sludge Wave|p2a: Latias
|-damage|p2a: Latias|200\/301
|
|-heal|p1a: Tenta|258\/361|[from] item: Black Sludge
|turn|10
|
|switch|p1a: Mr. Recortes|Scizor, M|343\/343
|move|p2a: Latias|Draco Meteor|p1a: Mr. Recortes
|-resisted|p1a: Mr. Recortes
|-damage|p1a: Mr. Recortes|195\/343
|-unboost|p2a: Latias|spa|2
|-damage|p2a: Latias|170\/301|[from] item: Life Orb
|
|turn|11
|
|move|p2a: Latias|Healing Wish|p2a: Latias
|faint|p2a: Latias
|move|p1a: Mr. Recortes|Pursuit|p2: Latias|[notarget]
|-notarget
|
|
|switch|p2a: Terrakion|Terrakion|289\/323
|-heal|p2a: Terrakion|323\/323|[from] move: Healing Wish
|turn|12
|
|switch|p1a: Tenta|Tentacruel, M|258\/361
|move|p2a: Terrakion|Stone Edge|p1a: Tenta
|-damage|p1a: Tenta|104\/361
|
|-heal|p1a: Tenta|126\/361|[from] item: Black Sludge
|turn|13
|
|switch|p1a: Mien00b|Mienshao, M|271\/271
|move|p2a: Terrakion|Stone Edge|p1a: Mien00b
|-resisted|p1a: Mien00b
|-damage|p1a: Mien00b|136\/271
|
|turn|14
|
|switch|p2a: Gengar|Gengar, F|261\/261
|move|p1a: Mien00b|Fake Out|p2a: Gengar
|-immune|p2a: Gengar|[msg]
|
|turn|15
|
|switch|p1a: Cortacabezas|Rotom-Mow|241\/241
|move|p2a: Gengar|Shadow Ball|p1a: Cortacabezas
|-damage|p1a: Cortacabezas|80\/241
|-damage|p2a: Gengar|235\/261|[from] item: Life Orb
|
|turn|16
|
|switch|p2a: Manectric|Manectric-Mega, F, shiny|281\/281
|-ability|p2a: Manectric|Intimidate|[of] p1a: Cortacabezas
|-unboost|p1a: Cortacabezas|atk|1
|move|p1a: Cortacabezas|Volt Switch|p2a: Manectric
|-resisted|p2a: Manectric
|-damage|p2a: Manectric|214\/281
|
|switch|p1a: Rhyno|Rhyperior, M|312\/371
|
|turn|17
|
|switch|p2a: Azumarill|Azumarill, F|401\/401
|move|p1a: Rhyno|Earthquake|p2a: Azumarill
|-damage|p2a: Azumarill|145\/401
|
|turn|18
|
|move|p2a: Azumarill|Waterfall|p1a: Rhyno
|-supereffective|p1a: Rhyno
|-damage|p1a: Rhyno|0 fnt
|faint|p1a: Rhyno
|
|
|switch|p1a: BIRD|Pidgeot, M|307\/307
|turn|19
|
|detailschange|p1a: BIRD|Pidgeot-Mega, M
|-mega|p1a: BIRD|Pidgeot|Pidgeotite
|move|p1a: BIRD|Hurricane|p2a: Azumarill
|-damage|p2a: Azumarill|0 fnt
|faint|p2a: Azumarill
|
|
|switch|p2a: Manectric|Manectric-Mega, F, shiny|214\/281
|-ability|p2a: Manectric|Intimidate|[of] p1a: BIRD
|-unboost|p1a: BIRD|atk|1
|turn|20
|
|switch|p1a: Cortacabezas|Rotom-Mow|80\/241
|move|p2a: Manectric|Thunderbolt|p1a: Cortacabezas
|-resisted|p1a: Cortacabezas
|-damage|p1a: Cortacabezas|39\/241
|
|turn|21
|
|switch|p2a: Terrakion|Terrakion|323\/323
|move|p1a: Cortacabezas|Leaf Storm|p2a: Terrakion
|-supereffective|p2a: Terrakion
|-enditem|p2a: Terrakion|Focus Sash
|-damage|p2a: Terrakion|1\/323
|-unboost|p1a: Cortacabezas|spa|2
|
|turn|22
|
|move|p1a: Cortacabezas|Leaf Storm|p2a: Terrakion|[miss]
|-miss|p1a: Cortacabezas|p2a: Terrakion
|move|p2a: Terrakion|Stealth Rock|p1a: Cortacabezas
|-sidestart|p1: The Last Hero|move: Stealth Rock
|
|turn|23
|
|move|p1a: Cortacabezas|Leaf Storm|p2a: Terrakion
|-supereffective|p2a: Terrakion
|-damage|p2a: Terrakion|0 fnt
|-unboost|p1a: Cortacabezas|spa|2
|faint|p2a: Terrakion
|
|
|switch|p2a: Manectric|Manectric-Mega, F, shiny|214\/281
|-ability|p2a: Manectric|Intimidate|[of] p1a: Cortacabezas
|-unboost|p1a: Cortacabezas|atk|1
|turn|24
|
|switch|p1a: Mien00b|Mienshao, M|226\/271
|-damage|p1a: Mien00b|210\/271|[from] Stealth Rock
|move|p2a: Manectric|Hidden Power|p1a: Mien00b
|-damage|p1a: Mien00b|108\/271
|
|turn|25
|
|switch|p2a: Gengar|Gengar, F|235\/261
|move|p1a: Mien00b|Fake Out|p2a: Gengar
|-immune|p2a: Gengar|[msg]
|
|turn|26
|
|move|p2a: Gengar|Shadow Ball|p1a: Mien00b
|-damage|p1a: Mien00b|0 fnt
|-damage|p2a: Gengar|209\/261|[from] item: Life Orb
|faint|p1a: Mien00b
|
|
|switch|p1a: BIRD|Pidgeot-Mega, M|307\/307
|-damage|p1a: BIRD|231\/307|[from] Stealth Rock
|turn|27
|
|move|p1a: BIRD|Hurricane|p2a: Gengar
|-damage|p2a: Gengar|0 fnt
|faint|p2a: Gengar
|
|
|switch|p2a: Manectric|Manectric-Mega, F, shiny|214\/281
|-ability|p2a: Manectric|Intimidate|[of] p1a: BIRD
|-unboost|p1a: BIRD|atk|1
|turn|28
|
|move|p2a: Manectric|Thunderbolt|p1a: BIRD
|-supereffective|p1a: BIRD
|-damage|p1a: BIRD|0 fnt
|faint|p1a: BIRD
|
|
|switch|p1a: Mr. Recortes|Scizor, M|195\/343
|-damage|p1a: Mr. Recortes|153\/343|[from] Stealth Rock
|turn|29
|
|move|p1a: Mr. Recortes|Bullet Punch|p2a: Manectric
|-crit|p2a: Manectric
|-resisted|p2a: Manectric
|-damage|p2a: Manectric|61\/281
|move|p2a: Manectric|Thunderbolt|p1a: Mr. Recortes
|-damage|p1a: Mr. Recortes|0 fnt
|faint|p1a: Mr. Recortes
|
|
|switch|p1a: Cortacabezas|Rotom-Mow|39\/241
|-damage|p1a: Cortacabezas|9\/241|[from] Stealth Rock
|turn|30
|
|move|p1a: Cortacabezas|Thunderbolt|p2a: Manectric
|-resisted|p2a: Manectric
|-damage|p2a: Manectric|0 fnt
|faint|p2a: Manectric
|
|win|The Last Hero
|raw|Ladder updating...
|raw|The Last Hero's rating: 1631 &rarr; <strong>1646<\/strong><br \/>(+15 for winning)
|raw|Fire house's rating: 1532 &rarr; <strong>1517<\/strong><br \/>(-15 for losing)
|leave|Fire house
|player|p2