|join|The Last Hero
|join|Babaren Dave
|player|p1|The Last Hero|54
|player|p2|Babaren Dave|285
|gametype|singles
|gen|6
|tier|OU
|rated
|clearpoke
|poke|p1|Pidgeot, M
|poke|p1|Rhyperior, M
|poke|p1|Tentacruel, M
|poke|p1|Rotom-Mow
|poke|p1|Scizor, M
|poke|p1|Mienshao, M
|poke|p2|Altaria, M
|poke|p2|Gengar, F
|poke|p2|Tyranitar, F
|poke|p2|Heatran, M
|poke|p2|Slowbro, M
|poke|p2|Keldeo-Resolute
|rule|Swagger Clause: Swagger is banned
|rule|Baton Pass Clause: Limit one PokÃ©mon knowing Baton Pass
|rule|Sleep Clause Mod: Limit one foe put to sleep
|rule|Species Clause: Limit one of each PokÃ©mon
|rule|OHKO Clause: OHKO moves are banned
|rule|Moody Clause: Moody is banned
|rule|Evasion Moves Clause: Evasion moves are banned
|rule|Endless Battle Clause: Forcing endless battles is banned
|rule|HP Percentage Mod: HP is shown in percentages
|teampreview
|
|start
|switch|p1a: Cortacabezas|Rotom-Mow|241\/241
|switch|p2a: Gengar|Gengar, F|261\/261
|turn|1
|
|move|p1a: Cortacabezas|Volt Switch|p2a: Gengar
|-damage|p2a: Gengar|132\/261
|
|switch|p1a: Tenta|Tentacruel, M|361\/361
|move|p2a: Gengar|Sludge Wave|p1a: Tenta
|-resisted|p1a: Tenta
|-damage|p1a: Tenta|267\/361
|-damage|p2a: Gengar|106\/261|[from] item: Life Orb
|
|-heal|p1a: Tenta|289\/361|[from] item: Black Sludge
|turn|2
|
|move|p2a: Gengar|Shadow Ball|p1a: Tenta
|-damage|p1a: Tenta|133\/361
|-damage|p2a: Gengar|80\/261|[from] item: Life Orb
|move|p1a: Tenta|Scald|p2a: Gengar
|-damage|p2a: Gengar|0 fnt
|faint|p2a: Gengar
|
|-heal|p1a: Tenta|155\/361|[from] item: Black Sludge
|
|switch|p2a: Tyranitar|Tyranitar, F|341\/341
|-weather|Sandstorm
|turn|3
|
|move|p2a: Tyranitar|Pursuit|p1a: Tenta
|-damage|p1a: Tenta|83\/361
|move|p1a: Tenta|Scald|p2a: Tyranitar
|-supereffective|p2a: Tyranitar
|-damage|p2a: Tyranitar|239\/341
|
|-weather|Sandstorm|[upkeep]
|-damage|p1a: Tenta|61\/361|[from] sandstorm
|-heal|p1a: Tenta|83\/361|[from] item: Black Sludge
|turn|4
|
|move|p2a: Tyranitar|Pursuit|p1a: Tenta
|-crit|p1a: Tenta
|-damage|p1a: Tenta|0 fnt
|faint|p1a: Tenta
|
|-weather|Sandstorm|[upkeep]
|
|switch|p1a: Mr. Recortes|Scizor, M|343\/343
|turn|5
|
|switch|p2a: Heatran|Heatran, M|386\/386
|move|p1a: Mr. Recortes|U-turn|p2a: Heatran
|-resisted|p2a: Heatran
|-damage|p2a: Heatran|337\/386
|
|switch|p1a: Mien00b|Mienshao, M|271\/271
|
|-weather|Sandstorm|[upkeep]
|-damage|p1a: Mien00b|255\/271|[from] sandstorm
|-heal|p2a: Heatran|361\/386|[from] item: Leftovers
|turn|6
|
|switch|p2a: Slowbro|Slowbro, M|394\/394
|move|p1a: Mien00b|Knock Off|p2a: Slowbro
|-crit|p2a: Slowbro
|-supereffective|p2a: Slowbro
|-damage|p2a: Slowbro|85\/394
|-enditem|p2a: Slowbro|Leftovers|[from] move: Knock Off|[of] p1a: Mien00b
|-damage|p1a: Mien00b|228\/271|[from] item: Life Orb
|
|-weather|Sandstorm|[upkeep]
|-damage|p1a: Mien00b|212\/271|[from] sandstorm
|-damage|p2a: Slowbro|61\/394|[from] sandstorm
|turn|7
|
|switch|p2a: Altaria|Altaria, M|310\/310
|move|p1a: Mien00b|U-turn|p2a: Altaria
|-resisted|p2a: Altaria
|-damage|p2a: Altaria|249\/310
|-damage|p1a: Mien00b|185\/271|[from] item: Life Orb
|
|switch|p1a: Hax BIRD|Pidgeot, M|307\/307
|
|-weather|none
|turn|8
|
|detailschange|p1a: Hax BIRD|Pidgeot-Mega, M
|-mega|p1a: Hax BIRD|Pidgeot|Pidgeotite
|detailschange|p2a: Altaria|Altaria-Mega, M
|-mega|p2a: Altaria|Altaria|Altarianite
|move|p1a: Hax BIRD|Hurricane|p2a: Altaria
|-damage|p2a: Altaria|53\/310
|-start|p2a: Altaria|confusion
|-activate|p2a: Altaria|confusion
|-damage|p2a: Altaria|23\/310|[from] confusion
|
|turn|9
|
|switch|p2a: Tyranitar|Tyranitar, F|239\/341
|-weather|Sandstorm
|move|p1a: Hax BIRD|U-turn|p2a: Tyranitar
|-supereffective|p2a: Tyranitar
|-damage|p2a: Tyranitar|157\/341
|
|switch|p1a: Rhyno|Rhyperior, M|371\/371
|
|-weather|Sandstorm|[upkeep]
|turn|10
|
|switch|p2a: Altaria|Altaria-Mega, M|23\/310
|move|p1a: Rhyno|Earthquake|p2a: Altaria
|-damage|p2a: Altaria|0 fnt
|faint|p2a: Altaria
|
|-weather|Sandstorm|[upkeep]
|
|switch|p2a: Keldeo-Resolute|Keldeo-Resolute|323\/323
|turn|11
|
|switch|p1a: Mr. Recortes|Scizor, M|343\/343
|move|p2a: Keldeo-Resolute|Substitute|p2a: Keldeo-Resolute
|-start|p2a: Keldeo-Resolute|Substitute
|-damage|p2a: Keldeo-Resolute|243\/323
|
|-weather|Sandstorm|[upkeep]
|-damage|p2a: Keldeo-Resolute|223\/323|[from] sandstorm
|-heal|p2a: Keldeo-Resolute|243\/323|[from] item: Leftovers
|turn|12
|
|move|p2a: Keldeo-Resolute|Scald|p1a: Mr. Recortes
|-damage|p1a: Mr. Recortes|175\/343
|move|p1a: Mr. Recortes|U-turn|p2a: Keldeo-Resolute
|-resisted|p2a: Keldeo-Resolute
|-end|p2a: Keldeo-Resolute|Substitute
|
|switch|p1a: Cortacabezas|Rotom-Mow|241\/241
|
|-weather|Sandstorm|[upkeep]
|-damage|p1a: Cortacabezas|226\/241|[from] sandstorm
|-damage|p2a: Keldeo-Resolute|223\/323|[from] sandstorm
|-heal|p2a: Keldeo-Resolute|243\/323|[from] item: Leftovers
|turn|13
|
|switch|p2a: Heatran|Heatran, M|361\/386
|move|p1a: Cortacabezas|Volt Switch|p2a: Heatran
|-damage|p2a: Heatran|291\/386
|
|switch|p1a: Mien00b|Mienshao, M|271\/271
|
|-weather|none
|-heal|p2a: Heatran|315\/386|[from] item: Leftovers
|turn|14
|
|move|p1a: Mien00b|High Jump Kick|p2a: Heatran
|-supereffective|p2a: Heatran
|-damage|p2a: Heatran|0 fnt
|-damage|p1a: Mien00b|244\/271|[from] item: Life Orb
|faint|p2a: Heatran
|
|
|switch|p2a: Slowbro|Slowbro, M|192\/394
|turn|15
|
|move|p1a: Mien00b|U-turn|p2a: Slowbro
|-supereffective|p2a: Slowbro
|-damage|p2a: Slowbro|36\/394
|-damage|p1a: Mien00b|217\/271|[from] item: Life Orb
|
|switch|p1a: Cortacabezas|Rotom-Mow|226\/241
|move|p2a: Slowbro|Slack Off|p2a: Slowbro
|-heal|p2a: Slowbro|233\/394
|
|turn|16
|
|move|p1a: Cortacabezas|Thunderbolt|p2a: Slowbro
|-supereffective|p2a: Slowbro
|-damage|p2a: Slowbro|0 fnt
|faint|p2a: Slowbro
|
|
|switch|p2a: Tyranitar|Tyranitar, F|157\/341
|-weather|Sandstorm
|turn|17
|
|move|p1a: Cortacabezas|Thunderbolt|p2a: Tyranitar
|-damage|p2a: Tyranitar|67\/341
|move|p2a: Tyranitar|Pursuit|p1a: Cortacabezas
|-crit|p1a: Cortacabezas
|-damage|p1a: Cortacabezas|118\/241
|
|-weather|Sandstorm|[upkeep]
|-damage|p1a: Cortacabezas|103\/241|[from] sandstorm
|turn|18
|
|move|p1a: Cortacabezas|Thunderbolt|p2a: Tyranitar
|-damage|p2a: Tyranitar|0 fnt
|faint|p2a: Tyranitar
|
|-weather|Sandstorm|[upkeep]
|-damage|p1a: Cortacabezas|88\/241|[from] sandstorm
|-message|Babaren Dave forfeited.
|
|win|The Last Hero
|raw|Ladder updating...
|leave|Babaren Dave
|player|p2
|raw|The Last Hero's rating: 1709 &rarr; <strong>1721<\/strong><br \/>(+12 for winning)
|raw|Babaren Dave's rating: 1574 &rarr; <strong>1561<\/strong><br \/>(-13 for losing)