|join|Eternal Scarlet
|join|The Last Hero
|player|p1|Eternal Scarlet|272
|player|p2|The Last Hero|54
|gametype|singles
|gen|6
|tier|OU (suspect test)
|rated
|clearpoke
|poke|p1|Landorus-Therian, M
|poke|p1|Bisharp, F
|poke|p1|Azumarill, F
|poke|p1|Latios, M
|poke|p1|Heatran, M
|poke|p1|Lopunny, M
|poke|p2|Sableye, M
|poke|p2|Clefable, F
|poke|p2|Tentacruel, M
|poke|p2|Chesnaught, M
|poke|p2|Rhyperior, M
|poke|p2|Moltres
|rule|Swagger Clause: Swagger is banned
|rule|Baton Pass Clause: Limit one PokÃ©mon knowing Baton Pass
|rule|Sleep Clause Mod: Limit one foe put to sleep
|rule|Species Clause: Limit one of each PokÃ©mon
|rule|OHKO Clause: OHKO moves are banned
|rule|Moody Clause: Moody is banned
|rule|Evasion Moves Clause: Evasion moves are banned
|rule|Endless Battle Clause: Forcing endless battles is banned
|rule|HP Percentage Mod: HP is shown in percentages
|teampreview
|
|start
|switch|p1a: Landorus-Therian|Landorus-Therian, M|382\/382
|switch|p2a: Chess|Chesnaught, M|379\/379
|-ability|p1a: Landorus-Therian|Intimidate|[of] p2a: Chess
|-unboost|p2a: Chess|atk|1
|turn|1
|
|move|p1a: Landorus-Therian|Stealth Rock|p2a: Chess
|-sidestart|p2: The Last Hero|move: Stealth Rock
|move|p2a: Chess|Leech Seed|p1a: Landorus-Therian
|-start|p1a: Landorus-Therian|move: Leech Seed
|
|-damage|p1a: Landorus-Therian|335\/382|[from] Leech Seed|[of] p2a: Chess
|turn|2
|
|move|p1a: Landorus-Therian|U-turn|p2a: Chess
|-damage|p2a: Chess|318\/379
|
|switch|p1a: Heatran|Heatran, M|323\/323
|move|p2a: Chess|Spikes|p1a: Heatran
|-sidestart|p1: Eternal Scarlet|Spikes
|
|-heal|p2a: Chess|341\/379|[from] item: Leftovers
|turn|3
|
|move|p2a: Chess|Spiky Shield|p2a: Chess
|-singleturn|p2a: Chess|move: Protect
|move|p1a: Heatran|Overheat|p2a: Chess
|-activate|p2a: Chess|move: Protect
|
|-heal|p2a: Chess|364\/379|[from] item: Leftovers
|turn|4
|
|switch|p2a: Rhyno|Rhyperior, M|433\/433
|-damage|p2a: Rhyno|406\/433|[from] Stealth Rock
|move|p1a: Heatran|Overheat|p2a: Rhyno
|-resisted|p2a: Rhyno
|-damage|p2a: Rhyno|282\/433
|-unboost|p1a: Heatran|spa|2
|
|-heal|p2a: Rhyno|309\/433|[from] item: Leftovers
|turn|5
|
|switch|p1a: Landorus-Therian|Landorus-Therian, M|335\/382
|-ability|p1a: Landorus-Therian|Intimidate|[of] p2a: Rhyno
|-unboost|p2a: Rhyno|atk|1
|move|p2a: Rhyno|Stealth Rock|p1a: Landorus-Therian
|-sidestart|p1: Eternal Scarlet|move: Stealth Rock
|
|-heal|p1a: Landorus-Therian|358\/382|[from] item: Leftovers
|-heal|p2a: Rhyno|336\/433|[from] item: Leftovers
|turn|6
|
|switch|p2a: Chess|Chesnaught, M|364\/379
|-damage|p2a: Chess|341\/379|[from] Stealth Rock
|move|p1a: Landorus-Therian|Earthquake|p2a: Chess
|-resisted|p2a: Chess
|-damage|p2a: Chess|285\/379
|
|-heal|p1a: Landorus-Therian|381\/382|[from] item: Leftovers
|-heal|p2a: Chess|308\/379|[from] item: Leftovers
|turn|7
|
|move|p2a: Chess|Spiky Shield|p2a: Chess
|-singleturn|p2a: Chess|move: Protect
|move|p1a: Landorus-Therian|U-turn|p2a: Chess
|-activate|p2a: Chess|move: Protect
|-damage|p1a: Landorus-Therian|334\/382|[from] Spiky Shield|[of] p2a: Chess
|
|-heal|p1a: Landorus-Therian|357\/382|[from] item: Leftovers
|-heal|p2a: Chess|331\/379|[from] item: Leftovers
|turn|8
|
|move|p1a: Landorus-Therian|Stone Edge|p2a: Chess
|-resisted|p2a: Chess
|-damage|p2a: Chess|292\/379
|move|p2a: Chess|Leech Seed|p1a: Landorus-Therian
|-start|p1a: Landorus-Therian|move: Leech Seed
|
|-heal|p1a: Landorus-Therian|380\/382|[from] item: Leftovers
|-heal|p2a: Chess|315\/379|[from] item: Leftovers
|-damage|p1a: Landorus-Therian|333\/382|[from] Leech Seed|[of] p2a: Chess
|-heal|p2a: Chess|362\/379|[silent]
|turn|9
|
|move|p1a: Landorus-Therian|U-turn|p2a: Chess
|-damage|p2a: Chess|305\/379
|
|switch|p1a: Latios|Latios, M|301\/301
|-damage|p1a: Latios|264\/301|[from] Stealth Rock
|move|p2a: Chess|Leech Seed|p1a: Latios
|-start|p1a: Latios|move: Leech Seed
|
|-heal|p2a: Chess|328\/379|[from] item: Leftovers
|-damage|p1a: Latios|227\/301|[from] Leech Seed|[of] p2a: Chess
|-heal|p2a: Chess|365\/379|[silent]
|turn|10
|
|switch|p1a: Azumarill|Azumarill, F|401\/401
|-damage|p1a: Azumarill|351\/401|[from] Stealth Rock
|-damage|p1a: Azumarill|301\/401|[from] Spikes
|move|p2a: Chess|Spiky Shield|p2a: Chess
|-fail|p2a: Chess
|
|-heal|p2a: Chess|379\/379|[from] item: Leftovers
|turn|11
|
|switch|p2a: Tenta|Tentacruel, M|363\/363
|-damage|p2a: Tenta|318\/363|[from] Stealth Rock
|move|p1a: Azumarill|Knock Off|p2a: Tenta
|-damage|p2a: Tenta|179\/363
|-enditem|p2a: Tenta|Leftovers|[from] move: Knock Off|[of] p1a: Azumarill
|
|turn|12
|
|switch|p1a: Bisharp|Bisharp, F|271\/271
|-damage|p1a: Bisharp|238\/271|[from] Spikes
|-damage|p1a: Bisharp|222\/271|[from] Stealth Rock
|move|p2a: Tenta|Rapid Spin|p1a: Bisharp
|-resisted|p1a: Bisharp
|-damage|p1a: Bisharp|218\/271
|-sideend|p2: The Last Hero|Stealth Rock|[from] move: Rapid Spin|[of] p2a: Tenta
|
|turn|13
|
|move|p1a: Bisharp|Swords Dance|p1a: Bisharp
|-boost|p1a: Bisharp|atk|2
|move|p2a: Tenta|Scald|p1a: Bisharp
|-damage|p1a: Bisharp|122\/271
|-status|p1a: Bisharp|brn
|
|-damage|p1a: Bisharp|89\/271 brn|[from] brn
|turn|14
|c|âEternal Scarlet|welp
|
|switch|p2a: Sabletroll|Sableye, M|304\/304
|move|p1a: Bisharp|Knock Off|p2a: Sabletroll
|-damage|p2a: Sabletroll|135\/304
|-damage|p1a: Bisharp|62\/271 brn|[from] item: Life Orb
|
|-damage|p1a: Bisharp|29\/271 brn|[from] brn
|turn|15
|
|detailschange|p2a: Sabletroll|Sableye-Mega, M
|-mega|p2a: Sabletroll|Sableye|Sablenite
|move|p2a: Sabletroll|Recover|p2a: Sabletroll
|-heal|p2a: Sabletroll|287\/304
|move|p1a: Bisharp|Iron Head|p2a: Sabletroll
|-damage|p2a: Sabletroll|126\/304
|-damage|p1a: Bisharp|2\/271 brn|[from] item: Life Orb
|
|-damage|p1a: Bisharp|0 fnt|[from] brn
|faint|p1a: Bisharp
|
|switch|p1a: Azumarill|Azumarill, F|301\/401
|-damage|p1a: Azumarill|251\/401|[from] Stealth Rock
|-damage|p1a: Azumarill|201\/401|[from] Spikes
|turn|16
|
|switch|p2a: Tenta|Tentacruel, M|179\/363
|move|p1a: Azumarill|Knock Off|p2a: Tenta
|-damage|p2a: Tenta|96\/363
|
|turn|17
|
|switch|p2a: Fabiole|Clefable, F|394\/394
|move|p1a: Azumarill|Waterfall|p2a: Fabiole
|-damage|p2a: Fabiole|255\/394
|
|-heal|p2a: Fabiole|279\/394|[from] item: Leftovers
|turn|18
|
|move|p2a: Fabiole|Moonblast|p1a: Azumarill
|-damage|p1a: Azumarill|117\/401
|move|p1a: Azumarill|Knock Off|p2a: Fabiole
|-resisted|p2a: Fabiole
|-damage|p2a: Fabiole|219\/394
|-enditem|p2a: Fabiole|Leftovers|[from] move: Knock Off|[of] p1a: Azumarill
|
|turn|19
|
|move|p2a: Fabiole|Wish|p2a: Fabiole
|move|p1a: Azumarill|Play Rough|p2a: Fabiole
|-damage|p2a: Fabiole|41\/394
|
|turn|20
|
|move|p2a: Fabiole|Protect|p2a: Fabiole
|-singleturn|p2a: Fabiole|Protect
|move|p1a: Azumarill|Knock Off|p2a: Fabiole
|-activate|p2a: Fabiole|Protect
|
|-heal|p2a: Fabiole|238\/394|[from] move: Wish|[wisher] Fabiole
|turn|21
|
|move|p2a: Fabiole|Wish|p2a: Fabiole
|move|p1a: Azumarill|Play Rough|p2a: Fabiole
|-crit|p2a: Fabiole
|-damage|p2a: Fabiole|0 fnt
|faint|p2a: Fabiole
|
|
|switch|p2a: Tenta|Tentacruel, M|96\/363
|turn|22
|c|âThe Last Hero|well, seems fair
|
|move|p2a: Tenta|Sludge Bomb|p1a: Azumarill
|-supereffective|p1a: Azumarill
|-damage|p1a: Azumarill|0 fnt
|faint|p1a: Azumarill
|
|-heal|p2a: Tenta|293\/363|[from] move: Wish|[wisher] Fabiole
|
|switch|p1a: Latios|Latios, M|227\/301
|-damage|p1a: Latios|190\/301|[from] Stealth Rock
|turn|23
|
|move|p1a: Latios|Defog|p2a: Tenta
|-unboost|p2a: Tenta|evasion|1
|-sideend|p1: Eternal Scarlet|Spikes|[from] move: Defog|[of] p1a: Latios
|-sideend|p1: Eternal Scarlet|Stealth Rock|[from] move: Defog|[of] p1a: Latios
|move|p2a: Tenta|Sludge Bomb|p1a: Latios
|-damage|p1a: Latios|111\/301
|-status|p1a: Latios|psn
|
|-damage|p1a: Latios|74\/301 psn|[from] psn
|turn|24
|
|switch|p2a: Rhyno|Rhyperior, M|336\/433
|move|p1a: Latios|Psyshock|p2a: Rhyno
|-damage|p2a: Rhyno|180\/433
|-damage|p1a: Latios|44\/301 psn|[from] item: Life Orb
|
|-heal|p2a: Rhyno|207\/433|[from] item: Leftovers
|-damage|p1a: Latios|7\/301 psn|[from] psn
|turn|25
|c|âEternal Scarlet|appearantly every move will leave a status behind
|
|move|p1a: Latios|Draco Meteor|p2a: Rhyno
|-damage|p2a: Rhyno|0 fnt
|-unboost|p1a: Latios|spa|2
|-damage|p1a: Latios|0 fnt|[from] item: Life Orb
|faint|p2a: Rhyno
|faint|p1a: Latios
|
|
|switch|p1a: Lopunny|Lopunny, M|271\/271
|switch|p2a: Chess|Chesnaught, M|379\/379
|turn|26
|
|detailschange|p1a: Lopunny|Lopunny-Mega, M
|-mega|p1a: Lopunny|Lopunny|Lopunnite
|move|p1a: Lopunny|Substitute|p1a: Lopunny
|-start|p1a: Lopunny|Substitute
|-damage|p1a: Lopunny|204\/271
|move|p2a: Chess|Drain Punch|p1a: Lopunny
|-crit|p1a: Lopunny
|-supereffective|p1a: Lopunny
|-end|p1a: Lopunny|Substitute
|
|turn|27
|
|switch|p1a: Landorus-Therian|Landorus-Therian, M|333\/382
|-ability|p1a: Landorus-Therian|Intimidate|[of] p2a: Chess
|-unboost|p2a: Chess|atk|1
|move|p2a: Chess|Drain Punch|p1a: Landorus-Therian
|-resisted|p1a: Landorus-Therian
|-damage|p1a: Landorus-Therian|300\/382
|
|-heal|p1a: Landorus-Therian|323\/382|[from] item: Leftovers
|turn|28
|
|move|p1a: Landorus-Therian|Stealth Rock|p2a: Chess
|-sidestart|p2: The Last Hero|move: Stealth Rock
|move|p2a: Chess|Leech Seed|p1a: Landorus-Therian
|-start|p1a: Landorus-Therian|move: Leech Seed
|
|-heal|p1a: Landorus-Therian|346\/382|[from] item: Leftovers
|-damage|p1a: Landorus-Therian|299\/382|[from] Leech Seed|[of] p2a: Chess
|turn|29
|
|switch|p1a: Heatran|Heatran, M|323\/323
|move|p2a: Chess|Drain Punch|p1a: Heatran
|-supereffective|p1a: Heatran
|-damage|p1a: Heatran|207\/323
|
|turn|30
|
|move|p2a: Chess|Spiky Shield|p2a: Chess
|-singleturn|p2a: Chess|move: Protect
|move|p1a: Heatran|Overheat|p2a: Chess
|-activate|p2a: Chess|move: Protect
|
|turn|31
|
|switch|p2a: Tenta|Tentacruel, M|293\/363
|-damage|p2a: Tenta|248\/363|[from] Stealth Rock
|move|p1a: Heatran|Overheat|p2a: Tenta
|-resisted|p2a: Tenta
|-damage|p2a: Tenta|147\/363
|-unboost|p1a: Heatran|spa|2
|
|turn|32
|
|switch|p1a: Landorus-Therian|Landorus-Therian, M|299\/382
|-ability|p1a: Landorus-Therian|Intimidate|[of] p2a: Tenta
|-unboost|p2a: Tenta|atk|1
|move|p2a: Tenta|Rapid Spin|p1a: Landorus-Therian
|-damage|p1a: Landorus-Therian|292\/382
|-sideend|p2: The Last Hero|Stealth Rock|[from] move: Rapid Spin|[of] p2a: Tenta
|
|-heal|p1a: Landorus-Therian|315\/382|[from] item: Leftovers
|turn|33
|
|move|p2a: Tenta|Scald|p1a: Landorus-Therian
|-supereffective|p1a: Landorus-Therian
|-damage|p1a: Landorus-Therian|111\/382
|move|p1a: Landorus-Therian|Stealth Rock|p2a: Tenta
|-sidestart|p2: The Last Hero|move: Stealth Rock
|
|-heal|p1a: Landorus-Therian|134\/382|[from] item: Leftovers
|turn|34
|
|move|p2a: Tenta|Scald|p1a: Landorus-Therian
|-supereffective|p1a: Landorus-Therian
|-damage|p1a: Landorus-Therian|0 fnt
|faint|p1a: Landorus-Therian
|
|
|switch|p1a: Heatran|Heatran, M|207\/323
|turn|35
|
|move|p1a: Heatran|Ancient Power|p2a: Tenta
|-damage|p2a: Tenta|85\/363
|-boost|p1a: Heatran|atk|1
|-boost|p1a: Heatran|def|1
|-boost|p1a: Heatran|spa|1
|-boost|p1a: Heatran|spd|1
|-boost|p1a: Heatran|spe|1
|move|p2a: Tenta|Scald|p1a: Heatran
|-supereffective|p1a: Heatran
|-damage|p1a: Heatran|111\/323
|
|turn|36
|c|âThe Last Hero|op trab
|c|âThe Last Hero|tran*
|c|âEternal Scarlet|not like it mattered
|
|move|p1a: Heatran|Ancient Power|p2a: Tenta
|-damage|p2a: Tenta|0 fnt
|faint|p2a: Tenta
|
|
|switch|p2a: Chess|Chesnaught, M|379\/379
|-damage|p2a: Chess|356\/379|[from] Stealth Rock
|turn|37
|
|move|p1a: Heatran|Ancient Power|p2a: Chess
|-resisted|p2a: Chess
|-damage|p2a: Chess|288\/379
|move|p2a: Chess|Drain Punch|p1a: Heatran
|-supereffective|p1a: Heatran
|-damage|p1a: Heatran|0 fnt
|-heal|p2a: Chess|344\/379|[from] drain|[of] p1a: Heatran
|faint|p1a: Heatran
|
|-heal|p2a: Chess|367\/379|[from] item: Leftovers
|c|âEternal Scarlet|gg man
|c|âThe Last Hero|gg
|
|switch|p1a: Lopunny|Lopunny-Mega, M|204\/271
|turn|38
|
|move|p1a: Lopunny|Substitute|p1a: Lopunny
|-start|p1a: Lopunny|Substitute
|-damage|p1a: Lopunny|137\/271
|move|p2a: Chess|Drain Punch|p1a: Lopunny
|-supereffective|p1a: Lopunny
|-end|p1a: Lopunny|Substitute
|-heal|p2a: Chess|379\/379|[from] drain|[of] p1a: Lopunny
|
|turn|39
|
|move|p1a: Lopunny|Substitute|p1a: Lopunny
|-start|p1a: Lopunny|Substitute
|-damage|p1a: Lopunny|70\/271
|move|p2a: Chess|Drain Punch|p1a: Lopunny
|-supereffective|p1a: Lopunny
|-end|p1a: Lopunny|Substitute
|
|turn|40
|c|âEternal Scarlet|choke time
|
|move|p1a: Lopunny|Drain Punch|p2a: Chess
|-damage|p2a: Chess|297\/379
|-heal|p1a: Lopunny|111\/271|[from] drain|[of] p2a: Chess
|move|p2a: Chess|Drain Punch|p1a: Lopunny
|-supereffective|p1a: Lopunny
|-damage|p1a: Lopunny|0 fnt
|-heal|p2a: Chess|353\/379|[from] drain|[of] p1a: Lopunny
|faint|p1a: Lopunny
|
|win|The Last Hero
|raw|Ladder updating...
|raw|Eternal Scarlet's rating: 1204 &rarr; <strong>1182<\/strong><br \/>(-22 for losing)
|raw|The Last Hero's rating: 1244 &rarr; <strong>1267<\/strong><br \/>(+23 for winning)