|join|The Last Hero
|join|Zenadark
|player|p1|The Last Hero|54
|player|p2|Zenadark|135
|gametype|singles
|gen|6
|tier|OU (suspect test)
|rated
|clearpoke
|poke|p1|Sableye, M
|poke|p1|Clefable, F
|poke|p1|Tentacruel, M
|poke|p1|Chesnaught, M
|poke|p1|Rhyperior, M
|poke|p1|Moltres
|poke|p2|Altaria, M
|poke|p2|Donphan, M
|poke|p2|Roserade, M
|poke|p2|Crawdaunt, M
|poke|p2|Talonflame, M
|poke|p2|Zapdos
|rule|Swagger Clause: Swagger is banned
|rule|Baton Pass Clause: Limit one PokÃ©mon knowing Baton Pass
|rule|Sleep Clause Mod: Limit one foe put to sleep
|rule|Species Clause: Limit one of each PokÃ©mon
|rule|OHKO Clause: OHKO moves are banned
|rule|Moody Clause: Moody is banned
|rule|Evasion Moves Clause: Evasion moves are banned
|rule|Endless Battle Clause: Forcing endless battles is banned
|rule|HP Percentage Mod: HP is shown in percentages
|teampreview
|c|âThe Last Hero|nice team, man
|
|start
|switch|p1a: Fenix Gitano|Moltres|383\/383
|switch|p2a: Altaria|Altaria, M|311\/311
|-ability|p1a: Fenix Gitano|Pressure
|turn|1
|c|âZenadark|thank you
|
|switch|p2a: Zapdos|Zapdos|383\/383
|-ability|p2a: Zapdos|Pressure
|move|p1a: Fenix Gitano|Toxic|p2a: Zapdos
|-status|p2a: Zapdos|tox
|
|-damage|p2a: Zapdos|360\/383 tox|[from] psn
|turn|2
|
|switch|p2a: Roserade|Roserade, M|321\/321
|switch|p1a: Rhyno|Rhyperior, M|433\/433
|
|turn|3
|
|switch|p1a: Fenix Gitano|Moltres|383\/383
|-ability|p1a: Fenix Gitano|Pressure
|move|p2a: Roserade|Giga Drain|p1a: Fenix Gitano
|-resisted|p1a: Fenix Gitano
|-damage|p1a: Fenix Gitano|358\/383
|
|-heal|p1a: Fenix Gitano|381\/383|[from] item: Leftovers
|turn|4
|
|switch|p2a: Zapdos|Zapdos|360\/383 tox
|-ability|p2a: Zapdos|Pressure
|move|p1a: Fenix Gitano|Flamethrower|p2a: Zapdos
|-damage|p2a: Zapdos|228\/383 tox
|
|-heal|p2a: Zapdos|251\/383 tox|[from] item: Leftovers
|-heal|p1a: Fenix Gitano|383\/383|[from] item: Leftovers
|-damage|p2a: Zapdos|228\/383 tox|[from] psn
|turn|5
|
|switch|p2a: Crawdaunt|Crawdaunt, M|267\/267
|switch|p1a: Rhyno|Rhyperior, M|433\/433
|
|turn|6
|
|switch|p1a: Chess|Chesnaught, M|379\/379
|move|p2a: Crawdaunt|Crabhammer|p1a: Chess
|-resisted|p1a: Chess
|-damage|p1a: Chess|291\/379
|-damage|p2a: Crawdaunt|241\/267|[from] item: Life Orb
|
|-heal|p1a: Chess|314\/379|[from] item: Leftovers
|turn|7
|
|switch|p2a: Roserade|Roserade, M|321\/321
|switch|p1a: Sabletroll|Sableye, M|304\/304
|
|turn|8
|
|switch|p2a: Talonflame|Talonflame, M|305\/305
|detailschange|p1a: Sabletroll|Sableye-Mega, M
|-mega|p1a: Sabletroll|Sableye|Sablenite
|move|p1a: Sabletroll|Knock Off|p2a: Talonflame
|-damage|p2a: Talonflame|161\/305
|-enditem|p2a: Talonflame|Sharp Beak|[from] move: Knock Off|[of] p1a: Sabletroll
|
|turn|9
|
|move|p2a: Talonflame|Roost|p2a: Talonflame
|-heal|p2a: Talonflame|305\/305
|move|p1a: Sabletroll|Knock Off|p2a: Talonflame
|-crit|p2a: Talonflame
|-damage|p2a: Talonflame|176\/305
|
|turn|10
|
|move|p2a: Talonflame|Roost|p2a: Talonflame
|-heal|p2a: Talonflame|305\/305
|move|p1a: Sabletroll|Foul Play|p2a: Talonflame
|-damage|p2a: Talonflame|142\/305
|
|turn|11
|
|switch|p1a: Rhyno|Rhyperior, M|433\/433
|move|p2a: Talonflame|Flare Blitz|p1a: Rhyno
|-resisted|p1a: Rhyno
|-damage|p1a: Rhyno|375\/433
|-damage|p2a: Talonflame|123\/305|[from] recoil|[of] p1a: Rhyno
|
|-heal|p1a: Rhyno|402\/433|[from] item: Leftovers
|turn|12
|
|move|p2a: Talonflame|Roost|p2a: Talonflame
|-heal|p2a: Talonflame|276\/305
|move|p1a: Rhyno|Stealth Rock|p2a: Talonflame
|-sidestart|p2: Zenadark|move: Stealth Rock
|
|-heal|p1a: Rhyno|429\/433|[from] item: Leftovers
|turn|13
|
|switch|p2a: Donphan|Donphan, M|364\/364
|-damage|p2a: Donphan|342\/364|[from] Stealth Rock
|move|p1a: Rhyno|Roar|p2a: Donphan
|drag|p2a: Talonflame|Talonflame, M|276\/305
|-damage|p2a: Talonflame|124\/305|[from] Stealth Rock
|
|-heal|p1a: Rhyno|433\/433|[from] item: Leftovers
|turn|14
|
|switch|p2a: Donphan|Donphan, M|342\/364
|-damage|p2a: Donphan|320\/364|[from] Stealth Rock
|move|p1a: Rhyno|Roar|p2a: Donphan
|drag|p2a: Altaria|Altaria, M|311\/311
|-damage|p2a: Altaria|234\/311|[from] Stealth Rock
|
|turn|15
|
|detailschange|p2a: Altaria|Altaria-Mega, M
|-mega|p2a: Altaria|Altaria|Altarianite
|move|p2a: Altaria|Roost|p2a: Altaria
|-heal|p2a: Altaria|311\/311
|move|p1a: Rhyno|Roar|p2a: Altaria
|drag|p2a: Donphan|Donphan, M|320\/364
|-damage|p2a: Donphan|298\/364|[from] Stealth Rock
|
|-heal|p2a: Donphan|320\/364|[from] item: Leftovers
|turn|16
|
|switch|p1a: Sabletroll|Sableye-Mega, M|304\/304
|move|p2a: Donphan|Rapid Spin|p1a: Sabletroll
|-immune|p1a: Sabletroll|[msg]
|
|-heal|p2a: Donphan|342\/364|[from] item: Leftovers
|turn|17
|
|move|p2a: Donphan|Stealth Rock|p1a: Sabletroll
|move|p1a: Sabletroll|Stealth Rock|p2a: Donphan|[from]Magic Bounce
|-fail|p2a: Donphan
|move|p1a: Sabletroll|Will-O-Wisp|p2a: Donphan
|-status|p2a: Donphan|brn
|
|-heal|p2a: Donphan|364\/364 brn|[from] item: Leftovers
|-damage|p2a: Donphan|319\/364 brn|[from] brn
|turn|18
|
|switch|p2a: Altaria|Altaria-Mega, M|311\/311
|-damage|p2a: Altaria|273\/311|[from] Stealth Rock
|move|p1a: Sabletroll|Will-O-Wisp|p2a: Altaria
|-status|p2a: Altaria|brn
|
|-damage|p2a: Altaria|235\/311 brn|[from] brn
|turn|19
|
|switch|p1a: Fenix Gitano|Moltres|383\/383
|-ability|p1a: Fenix Gitano|Pressure
|move|p2a: Altaria|Earthquake|p1a: Fenix Gitano
|-immune|p1a: Fenix Gitano|[msg]
|
|-damage|p2a: Altaria|197\/311 brn|[from] brn
|turn|20
|
|move|p2a: Altaria|Roost|p2a: Altaria
|-heal|p2a: Altaria|311\/311 brn
|move|p1a: Fenix Gitano|Mud-Slap|p2a: Altaria
|-damage|p2a: Altaria|293\/311 brn
|-unboost|p2a: Altaria|accuracy|1
|
|-damage|p2a: Altaria|255\/311 brn|[from] brn
|turn|21
|
|switch|p2a: Donphan|Donphan, M|319\/364 brn
|-damage|p2a: Donphan|297\/364 brn|[from] Stealth Rock
|move|p1a: Fenix Gitano|Mud-Slap|p2a: Donphan
|-crit|p2a: Donphan
|-damage|p2a: Donphan|250\/364 brn
|-unboost|p2a: Donphan|accuracy|1
|
|-heal|p2a: Donphan|272\/364 brn|[from] item: Leftovers
|-damage|p2a: Donphan|227\/364 brn|[from] brn
|turn|22
|
|move|p1a: Fenix Gitano|Flamethrower|p2a: Donphan
|-damage|p2a: Donphan|47\/364 brn
|move|p2a: Donphan|Rapid Spin|p1a: Fenix Gitano
|-damage|p1a: Fenix Gitano|370\/383
|-sideend|p2: Zenadark|Stealth Rock|[from] move: Rapid Spin|[of] p2a: Donphan
|
|-heal|p1a: Fenix Gitano|383\/383|[from] item: Leftovers
|-heal|p2a: Donphan|69\/364 brn|[from] item: Leftovers
|-damage|p2a: Donphan|24\/364 brn|[from] brn
|turn|23
|
|move|p1a: Fenix Gitano|Mud-Slap|p2a: Donphan
|-damage|p2a: Donphan|0 fnt
|faint|p2a: Donphan
|
|
|switch|p2a: Talonflame|Talonflame, M|124\/305
|turn|24
|
|switch|p2a: Crawdaunt|Crawdaunt, M|241\/267
|move|p1a: Fenix Gitano|Toxic|p2a: Crawdaunt
|-status|p2a: Crawdaunt|tox
|
|-damage|p2a: Crawdaunt|225\/267 tox|[from] psn
|turn|25
|
|switch|p2a: Talonflame|Talonflame, M|124\/305
|move|p1a: Fenix Gitano|Mud-Slap|p2a: Talonflame
|-immune|p2a: Talonflame|[msg]
|
|turn|26
|
|switch|p2a: Roserade|Roserade, M|321\/321
|move|p1a: Fenix Gitano|Mud-Slap|p2a: Roserade
|-damage|p2a: Roserade|306\/321
|-unboost|p2a: Roserade|accuracy|1
|
|-heal|p2a: Roserade|321\/321|[from] item: Black Sludge
|turn|27
|
|switch|p2a: Zapdos|Zapdos|228\/383 tox
|-ability|p2a: Zapdos|Pressure
|move|p1a: Fenix Gitano|Toxic|p2a: Zapdos
|-fail|p2a: Zapdos|tox
|
|-heal|p2a: Zapdos|251\/383 tox|[from] item: Leftovers
|-damage|p2a: Zapdos|228\/383 tox|[from] psn
|turn|28
|
|switch|p1a: Rhyno|Rhyperior, M|433\/433
|move|p2a: Zapdos|Discharge|p1a: Rhyno
|-immune|p1a: Rhyno|[msg]
|
|-heal|p2a: Zapdos|251\/383 tox|[from] item: Leftovers
|-damage|p2a: Zapdos|205\/383 tox|[from] psn
|turn|29
|
|move|p2a: Zapdos|Roost|p2a: Zapdos
|-heal|p2a: Zapdos|383\/383 tox
|move|p1a: Rhyno|Stealth Rock|p2a: Zapdos
|-sidestart|p2: Zenadark|move: Stealth Rock
|
|-damage|p2a: Zapdos|314\/383 tox|[from] psn
|turn|30
|
|move|p2a: Zapdos|Defog|p1a: Rhyno
|-unboost|p1a: Rhyno|evasion|1
|-sideend|p2: Zenadark|Stealth Rock|[from] move: Defog|[of] p2a: Zapdos
|move|p1a: Rhyno|Rock Blast|p2a: Zapdos
|-supereffective|p2a: Zapdos
|-damage|p2a: Zapdos|240\/383 tox
|-supereffective|p2a: Zapdos
|-damage|p2a: Zapdos|160\/383 tox
|-hitcount|p2a: Zapdos|2
|
|-heal|p2a: Zapdos|183\/383 tox|[from] item: Leftovers
|-damage|p2a: Zapdos|91\/383 tox|[from] psn
|turn|31
|
|move|p2a: Zapdos|Heat Wave|p1a: Rhyno
|-resisted|p1a: Rhyno
|-damage|p1a: Rhyno|385\/433
|move|p1a: Rhyno|Earthquake|p2a: Zapdos
|-immune|p2a: Zapdos|[msg]
|
|-heal|p2a: Zapdos|114\/383 tox|[from] item: Leftovers
|-heal|p1a: Rhyno|412\/433|[from] item: Leftovers
|-damage|p2a: Zapdos|0 fnt|[from] psn
|faint|p2a: Zapdos
|
|switch|p2a: Roserade|Roserade, M|321\/321
|turn|32
|
|switch|p1a: Fenix Gitano|Moltres|383\/383
|-ability|p1a: Fenix Gitano|Pressure
|move|p2a: Roserade|Sludge Bomb|p1a: Fenix Gitano
|-damage|p1a: Fenix Gitano|266\/383
|-status|p1a: Fenix Gitano|psn
|
|-heal|p1a: Fenix Gitano|289\/383 psn|[from] item: Leftovers
|-damage|p1a: Fenix Gitano|242\/383 psn|[from] psn
|turn|33
|
|move|p2a: Roserade|Sludge Bomb|p1a: Fenix Gitano
|-damage|p1a: Fenix Gitano|127\/383 psn
|move|p1a: Fenix Gitano|Roost|p1a: Fenix Gitano
|-heal|p1a: Fenix Gitano|319\/383 psn
|
|-heal|p1a: Fenix Gitano|342\/383 psn|[from] item: Leftovers
|-damage|p1a: Fenix Gitano|295\/383 psn|[from] psn
|turn|34
|
|switch|p1a: Chess|Chesnaught, M|314\/379
|move|p2a: Roserade|Sludge Bomb|p1a: Chess
|-immune|p1a: Chess|[msg]|[from] Bulletproof
|
|-heal|p1a: Chess|337\/379|[from] item: Leftovers
|turn|35
|
|move|p2a: Roserade|Spikes|p1a: Chess
|-sidestart|p1: The Last Hero|Spikes
|move|p1a: Chess|Spikes|p2a: Roserade
|-sidestart|p2: Zenadark|Spikes
|
|-heal|p1a: Chess|360\/379|[from] item: Leftovers
|turn|36
|
|move|p2a: Roserade|Spikes|p1a: Chess
|-sidestart|p1: The Last Hero|Spikes
|move|p1a: Chess|Spikes|p2a: Roserade
|-sidestart|p2: Zenadark|Spikes
|
|-heal|p1a: Chess|379\/379|[from] item: Leftovers
|turn|37
|
|move|p2a: Roserade|Spikes|p1a: Chess
|-sidestart|p1: The Last Hero|Spikes
|move|p1a: Chess|Spikes|p2a: Roserade
|-sidestart|p2: Zenadark|Spikes
|
|turn|38
|
|switch|p2a: Altaria|Altaria-Mega, M|255\/311 brn
|-damage|p2a: Altaria|178\/311 brn|[from] Spikes
|switch|p1a: Tenta|Tentacruel, M|363\/363
|-damage|p1a: Tenta|273\/363|[from] Spikes
|
|-heal|p1a: Tenta|295\/363|[from] item: Leftovers
|-damage|p2a: Altaria|140\/311 brn|[from] brn
|turn|39
|
|move|p2a: Altaria|Roost|p2a: Altaria
|-heal|p2a: Altaria|296\/311 brn
|move|p1a: Tenta|Sludge Bomb|p2a: Altaria
|-crit|p2a: Altaria
|-supereffective|p2a: Altaria
|-damage|p2a: Altaria|38\/311 brn
|
|-heal|p1a: Tenta|317\/363|[from] item: Leftovers
|-damage|p2a: Altaria|0 fnt|[from] brn
|faint|p2a: Altaria
|
|switch|p2a: Crawdaunt|Crawdaunt, M|225\/267 tox
|-damage|p2a: Crawdaunt|159\/267 tox|[from] Spikes
|turn|40
|-message|Zenadark forfeited.
|
|win|The Last Hero
|raw|Ladder updating...
|leave|Zenadark
|player|p2
|raw|The Last Hero's rating: 1283 &rarr; <strong>1303<\/strong><br \/>(+20 for winning)
|raw|Zenadark's rating: 1214 &rarr; <strong>1194<\/strong><br \/>(-20 for losing)