|join|The Last Hero
|join|Yogourt Blanco
|player|p1|The Last Hero|54
|player|p2|Yogourt Blanco|209
|gametype|singles
|gen|6
|tier|OU (suspect test)
|rated
|clearpoke
|poke|p1|Sableye, M
|poke|p1|Clefable, F
|poke|p1|Tentacruel, M
|poke|p1|Chesnaught, M
|poke|p1|Rhyperior, M
|poke|p1|Moltres
|poke|p2|Altaria, F, shiny
|poke|p2|Gothitelle, F, shiny
|poke|p2|Mandibuzz, F, shiny
|poke|p2|Chansey, F
|poke|p2|Garchomp, M
|poke|p2|Gengar, M
|rule|Swagger Clause: Swagger is banned
|rule|Baton Pass Clause: Limit one PokÃ©mon knowing Baton Pass
|rule|Sleep Clause Mod: Limit one foe put to sleep
|rule|Species Clause: Limit one of each PokÃ©mon
|rule|OHKO Clause: OHKO moves are banned
|rule|Moody Clause: Moody is banned
|rule|Evasion Moves Clause: Evasion moves are banned
|rule|Endless Battle Clause: Forcing endless battles is banned
|rule|HP Percentage Mod: HP is shown in percentages
|teampreview
|
|start
|switch|p1a: Sabletroll|Sableye, M|304\/304
|switch|p2a: Gengar|Gengar, M|261\/261
|turn|1
|
|detailschange|p1a: Sabletroll|Sableye-Mega, M
|-mega|p1a: Sabletroll|Sableye|Sablenite
|move|p2a: Gengar|Substitute|p2a: Gengar
|-start|p2a: Gengar|Substitute
|-damage|p2a: Gengar|196\/261
|move|p1a: Sabletroll|Knock Off|p2a: Gengar
|-supereffective|p2a: Gengar
|-end|p2a: Gengar|Substitute
|
|-heal|p2a: Gengar|212\/261|[from] item: Black Sludge
|turn|2
|
|switch|p2a: Altaria|Altaria, F, shiny|291\/291
|move|p1a: Sabletroll|Foul Play|p2a: Altaria
|-crit|p2a: Altaria
|-damage|p2a: Altaria|93\/291
|
|turn|3
|
|switch|p1a: Fenix Gitano|Moltres|383\/383
|-ability|p1a: Fenix Gitano|Pressure
|detailschange|p2a: Altaria|Altaria-Mega, F, shiny
|-mega|p2a: Altaria|Altaria|Altarianite
|move|p2a: Altaria|Return|p1a: Fenix Gitano
|-resisted|p1a: Fenix Gitano
|-damage|p1a: Fenix Gitano|289\/383
|
|-heal|p1a: Fenix Gitano|312\/383|[from] item: Leftovers
|turn|4
|
|switch|p2a: Chansey|Chansey, F|703\/703
|move|p1a: Fenix Gitano|Toxic|p2a: Chansey
|-status|p2a: Chansey|tox
|
|-heal|p1a: Fenix Gitano|335\/383|[from] item: Leftovers
|-damage|p2a: Chansey|660\/703 tox|[from] psn
|turn|5
|
|switch|p1a: Sabletroll|Sableye-Mega, M|304\/304
|move|p2a: Chansey|Wish|p2a: Chansey
|
|-damage|p2a: Chansey|574\/703 tox|[from] psn
|turn|6
|
|switch|p2a: Altaria|Altaria-Mega, F, shiny|93\/291
|move|p1a: Sabletroll|Will-O-Wisp|p2a: Altaria
|-status|p2a: Altaria|brn
|
|-heal|p2a: Altaria|291\/291 brn|[from] move: Wish|[wisher] Chansey
|-damage|p2a: Altaria|255\/291 brn|[from] brn
|turn|7
|
|move|p2a: Altaria|Dragon Dance|p2a: Altaria
|-boost|p2a: Altaria|atk|1
|-boost|p2a: Altaria|spe|1
|move|p1a: Sabletroll|Knock Off|p2a: Altaria
|-resisted|p2a: Altaria
|-damage|p2a: Altaria|222\/291 brn
|
|-damage|p2a: Altaria|186\/291 brn|[from] brn
|turn|8
|
|switch|p1a: Rhyno|Rhyperior, M|433\/433
|move|p2a: Altaria|Heal Bell|p2a: Altaria
|-cureteam|p2a: Altaria|[from] move: HealBell
|
|turn|9
|
|switch|p1a: Tenta|Tentacruel, M|363\/363
|move|p2a: Altaria|Earthquake|p1a: Tenta
|-supereffective|p1a: Tenta
|-damage|p1a: Tenta|77\/363
|
|-heal|p1a: Tenta|99\/363|[from] item: Leftovers
|turn|10
|
|switch|p1a: Fenix Gitano|Moltres|335\/383
|-ability|p1a: Fenix Gitano|Pressure
|move|p2a: Altaria|Return|p1a: Fenix Gitano
|-resisted|p1a: Fenix Gitano
|-damage|p1a: Fenix Gitano|182\/383
|
|-heal|p1a: Fenix Gitano|205\/383|[from] item: Leftovers
|turn|11
|
|move|p2a: Altaria|Dragon Dance|p2a: Altaria
|-boost|p2a: Altaria|atk|1
|-boost|p2a: Altaria|spe|1
|move|p1a: Fenix Gitano|Roost|p1a: Fenix Gitano
|-heal|p1a: Fenix Gitano|383\/383
|
|turn|12
|
|move|p2a: Altaria|Return|p1a: Fenix Gitano
|-resisted|p1a: Fenix Gitano
|-damage|p1a: Fenix Gitano|190\/383
|move|p1a: Fenix Gitano|Mud-Slap|p2a: Altaria
|-damage|p2a: Altaria|166\/291
|-unboost|p2a: Altaria|accuracy|1
|
|-heal|p1a: Fenix Gitano|213\/383|[from] item: Leftovers
|turn|13
|
|move|p2a: Altaria|Return|p1a: Fenix Gitano
|-resisted|p1a: Fenix Gitano
|-damage|p1a: Fenix Gitano|2\/383
|move|p1a: Fenix Gitano|Roost|p1a: Fenix Gitano
|-heal|p1a: Fenix Gitano|194\/383
|
|-heal|p1a: Fenix Gitano|217\/383|[from] item: Leftovers
|turn|14
|
|move|p2a: Altaria|Dragon Dance|p2a: Altaria
|-boost|p2a: Altaria|atk|1
|-boost|p2a: Altaria|spe|1
|move|p1a: Fenix Gitano|Roost|p1a: Fenix Gitano
|-heal|p1a: Fenix Gitano|383\/383
|
|turn|15
|
|move|p2a: Altaria|Return|p1a: Fenix Gitano
|-resisted|p1a: Fenix Gitano
|-damage|p1a: Fenix Gitano|119\/383
|move|p1a: Fenix Gitano|Mud-Slap|p2a: Altaria
|-damage|p2a: Altaria|148\/291
|-unboost|p2a: Altaria|accuracy|1
|
|-heal|p1a: Fenix Gitano|142\/383|[from] item: Leftovers
|turn|16
|
|move|p2a: Altaria|Return|p1a: Fenix Gitano
|-resisted|p1a: Fenix Gitano
|-damage|p1a: Fenix Gitano|0 fnt
|faint|p1a: Fenix Gitano
|
|
|switch|p1a: Fabiole|Clefable, F|394\/394
|turn|17
|
|switch|p2a: Gengar|Gengar, M|212\/261
|move|p1a: Fabiole|Moonblast|p2a: Gengar
|-resisted|p2a: Gengar
|-damage|p2a: Gengar|139\/261
|
|-heal|p2a: Gengar|155\/261|[from] item: Black Sludge
|turn|18
|
|switch|p1a: Sabletroll|Sableye-Mega, M|304\/304
|move|p2a: Gengar|Sludge Bomb|p1a: Sabletroll
|-resisted|p1a: Sabletroll
|-damage|p1a: Sabletroll|247\/304
|-status|p1a: Sabletroll|psn
|
|-heal|p2a: Gengar|171\/261|[from] item: Black Sludge
|-damage|p1a: Sabletroll|209\/304 psn|[from] psn
|turn|19
|
|switch|p2a: Altaria|Altaria-Mega, F, shiny|148\/291
|move|p1a: Sabletroll|Foul Play|p2a: Altaria
|-resisted|p2a: Altaria
|-damage|p2a: Altaria|74\/291
|
|-damage|p1a: Sabletroll|171\/304 psn|[from] psn
|turn|20
|
|switch|p1a: Rhyno|Rhyperior, M|433\/433
|move|p2a: Altaria|Return|p1a: Rhyno
|-damage|p1a: Rhyno|268\/433
|
|-heal|p1a: Rhyno|295\/433|[from] item: Leftovers
|turn|21
|
|switch|p2a: Chansey|Chansey, F|574\/703
|move|p1a: Rhyno|Earthquake|p2a: Chansey
|-damage|p2a: Chansey|354\/703
|
|-heal|p1a: Rhyno|322\/433|[from] item: Leftovers
|turn|22
|
|move|p2a: Chansey|Wish|p2a: Chansey
|move|p1a: Rhyno|Stealth Rock|p2a: Chansey
|-sidestart|p2: Yogourt Blanco|move: Stealth Rock
|
|-heal|p1a: Rhyno|349\/433|[from] item: Leftovers
|turn|23
|
|move|p2a: Chansey|Seismic Toss|p1a: Rhyno
|-damage|p1a: Rhyno|249\/433
|move|p1a: Rhyno|Roar|p2a: Chansey
|drag|p2a: Gothitelle|Gothitelle, F, shiny|323\/323
|-damage|p2a: Gothitelle|283\/323|[from] Stealth Rock
|
|-heal|p2a: Gothitelle|323\/323|[from] move: Wish|[wisher] Chansey
|-heal|p1a: Rhyno|276\/433|[from] item: Leftovers
|turn|24
|
|switch|p2a: Garchomp|Garchomp, M|357\/357
|-damage|p2a: Garchomp|335\/357|[from] Stealth Rock
|move|p1a: Rhyno|Roar|p2a: Garchomp
|drag|p2a: Altaria|Altaria-Mega, F, shiny|74\/291
|-damage|p2a: Altaria|38\/291|[from] Stealth Rock
|
|-heal|p1a: Rhyno|303\/433|[from] item: Leftovers
|turn|25
|
|move|p2a: Altaria|Earthquake|p1a: Rhyno
|-supereffective|p1a: Rhyno
|-damage|p1a: Rhyno|170\/433
|move|p1a: Rhyno|Earthquake|p2a: Altaria
|-damage|p2a: Altaria|0 fnt
|faint|p2a: Altaria
|
|-heal|p1a: Rhyno|197\/433|[from] item: Leftovers
|
|switch|p2a: Gengar|Gengar, M|171\/261
|-damage|p2a: Gengar|139\/261|[from] Stealth Rock
|turn|26
|
|move|p2a: Gengar|Focus Blast|p1a: Rhyno
|-supereffective|p1a: Rhyno
|-damage|p1a: Rhyno|0 fnt
|faint|p1a: Rhyno
|
|-heal|p2a: Gengar|155\/261|[from] item: Black Sludge
|
|switch|p1a: Sabletroll|Sableye-Mega, M|171\/304 psn
|turn|27
|
|move|p2a: Gengar|Shadow Ball|p1a: Sabletroll
|-damage|p1a: Sabletroll|71\/304 psn
|-unboost|p1a: Sabletroll|spd|1
|move|p1a: Sabletroll|Recover|p1a: Sabletroll
|-heal|p1a: Sabletroll|223\/304 psn
|
|-heal|p2a: Gengar|171\/261|[from] item: Black Sludge
|-damage|p1a: Sabletroll|185\/304 psn|[from] psn
|turn|28
|
|switch|p1a: Chess|Chesnaught, M|379\/379
|move|p2a: Gengar|Shadow Ball|p1a: Chess
|-immune|p1a: Chess|[msg]|[from] Bulletproof
|
|-heal|p2a: Gengar|187\/261|[from] item: Black Sludge
|turn|29
|
|switch|p2a: Mandibuzz|Mandibuzz, F, shiny|423\/423
|-damage|p2a: Mandibuzz|318\/423|[from] Stealth Rock
|move|p1a: Chess|Leech Seed|p2a: Mandibuzz
|-start|p2a: Mandibuzz|move: Leech Seed
|
|-damage|p2a: Mandibuzz|266\/423|[from] Leech Seed|[of] p1a: Chess
|turn|30
|
|move|p1a: Chess|Spiky Shield|p1a: Chess
|-singleturn|p1a: Chess|move: Protect
|move|p2a: Mandibuzz|Defog|p1a: Chess
|-activate|p1a: Chess|move: Protect
|
|-damage|p2a: Mandibuzz|214\/423|[from] Leech Seed|[of] p1a: Chess
|turn|31
|
|move|p2a: Mandibuzz|Foul Play|p1a: Chess
|-resisted|p1a: Chess
|-damage|p1a: Chess|346\/379
|move|p1a: Chess|Drain Punch|p2a: Mandibuzz
|-damage|p2a: Mandibuzz|150\/423
|-heal|p1a: Chess|378\/379|[from] drain|[of] p2a: Mandibuzz
|-damage|p1a: Chess|315\/379|[from] item: Rocky Helmet|[of] p2a: Mandibuzz
|
|-heal|p1a: Chess|338\/379|[from] item: Leftovers
|-damage|p2a: Mandibuzz|98\/423|[from] Leech Seed|[of] p1a: Chess
|-heal|p1a: Chess|379\/379|[silent]
|turn|32
|c|âYogourt Blanco|Miss click
|
|move|p2a: Mandibuzz|Roost|p2a: Mandibuzz
|-heal|p2a: Mandibuzz|310\/423
|move|p1a: Chess|Drain Punch|p2a: Mandibuzz
|-supereffective|p2a: Mandibuzz
|-damage|p2a: Mandibuzz|178\/423
|-damage|p1a: Chess|316\/379|[from] item: Rocky Helmet|[of] p2a: Mandibuzz
|
|-heal|p1a: Chess|339\/379|[from] item: Leftovers
|-damage|p2a: Mandibuzz|126\/423|[from] Leech Seed|[of] p1a: Chess
|-heal|p1a: Chess|379\/379|[silent]
|turn|33
|
|switch|p1a: Tenta|Tentacruel, M|99\/363
|move|p2a: Mandibuzz|Defog|p1a: Tenta
|-unboost|p1a: Tenta|evasion|1
|-sideend|p2: Yogourt Blanco|Stealth Rock|[from] move: Defog|[of] p2a: Mandibuzz
|
|-heal|p1a: Tenta|121\/363|[from] item: Leftovers
|-damage|p2a: Mandibuzz|74\/423|[from] Leech Seed|[of] p1a: Tenta
|-heal|p1a: Tenta|173\/363|[silent]
|turn|34
|
|switch|p2a: Gothitelle|Gothitelle, F, shiny|323\/323
|move|p1a: Tenta|Scald|p2a: Gothitelle
|-damage|p2a: Gothitelle|251\/323
|
|-heal|p1a: Tenta|195\/363|[from] item: Leftovers
|turn|35
|
|move|p1a: Tenta|Sludge Bomb|p2a: Gothitelle
|-damage|p2a: Gothitelle|167\/323
|move|p2a: Gothitelle|Psyshock|p1a: Tenta
|-supereffective|p1a: Tenta
|-damage|p1a: Tenta|0 fnt
|faint|p1a: Tenta
|
|
|switch|p1a: Fabiole|Clefable, F|394\/394
|turn|36
|
|switch|p2a: Chansey|Chansey, F|354\/703
|move|p1a: Fabiole|Heal Bell|p1a: Fabiole
|-cureteam|p1a: Fabiole|[from] move: HealBell
|
|turn|37
|
|switch|p1a: Sabletroll|Sableye-Mega, M|185\/304
|move|p2a: Chansey|Wish|p2a: Chansey
|
|turn|38
|
|switch|p2a: Gengar|Gengar, M|187\/261
|move|p1a: Sabletroll|Will-O-Wisp|p2a: Gengar
|-status|p2a: Gengar|brn
|
|-heal|p2a: Gengar|261\/261 brn|[from] move: Wish|[wisher] Chansey
|-damage|p2a: Gengar|229\/261 brn|[from] brn
|turn|39
|
|move|p2a: Gengar|Shadow Ball|p1a: Sabletroll
|-damage|p1a: Sabletroll|91\/304
|-unboost|p1a: Sabletroll|spd|1
|move|p1a: Sabletroll|Recover|p1a: Sabletroll
|-heal|p1a: Sabletroll|243\/304
|
|-heal|p2a: Gengar|245\/261 brn|[from] item: Black Sludge
|-damage|p2a: Gengar|213\/261 brn|[from] brn
|turn|40
|
|switch|p1a: Chess|Chesnaught, M|379\/379
|move|p2a: Gengar|Shadow Ball|p1a: Chess
|-immune|p1a: Chess|[msg]|[from] Bulletproof
|
|-heal|p2a: Gengar|229\/261 brn|[from] item: Black Sludge
|-damage|p2a: Gengar|197\/261 brn|[from] brn
|turn|41
|
|switch|p2a: Gothitelle|Gothitelle, F, shiny|167\/323
|move|p1a: Chess|Leech Seed|p2a: Gothitelle
|-start|p2a: Gothitelle|move: Leech Seed
|
|-damage|p2a: Gothitelle|127\/323|[from] Leech Seed|[of] p1a: Chess
|turn|42
|
|move|p1a: Chess|Spiky Shield|p1a: Chess
|-singleturn|p1a: Chess|move: Protect
|move|p2a: Gothitelle|Psyshock|p1a: Chess
|-activate|p1a: Chess|move: Protect
|
|-damage|p2a: Gothitelle|87\/323|[from] Leech Seed|[of] p1a: Chess
|turn|43
|
|move|p2a: Gothitelle|Psyshock|p1a: Chess
|-supereffective|p1a: Chess
|-damage|p1a: Chess|161\/379
|move|p1a: Chess|Drain Punch|p2a: Gothitelle
|-resisted|p2a: Gothitelle
|-damage|p2a: Gothitelle|33\/323
|-heal|p1a: Chess|188\/379|[from] drain|[of] p2a: Gothitelle
|
|-heal|p1a: Chess|211\/379|[from] item: Leftovers
|-damage|p2a: Gothitelle|0 fnt|[from] Leech Seed|[of] p1a: Chess
|-heal|p1a: Chess|244\/379|[silent]
|faint|p2a: Gothitelle
|
|switch|p2a: Garchomp|Garchomp, M|335\/357
|turn|44
|
|move|p2a: Garchomp|Poison Jab|p1a: Chess
|-supereffective|p1a: Chess
|-damage|p1a: Chess|132\/379
|move|p1a: Chess|Leech Seed|p2a: Garchomp
|-start|p2a: Garchomp|move: Leech Seed
|
|-heal|p1a: Chess|155\/379|[from] item: Leftovers
|-damage|p2a: Garchomp|291\/357|[from] Leech Seed|[of] p1a: Chess
|-heal|p1a: Chess|199\/379|[silent]
|turn|45
|
|switch|p2a: Chansey|Chansey, F|354\/703
|move|p1a: Chess|Spikes|p2a: Chansey
|-sidestart|p2: Yogourt Blanco|Spikes
|
|-heal|p1a: Chess|222\/379|[from] item: Leftovers
|turn|46
|
|move|p1a: Chess|Drain Punch|p2a: Chansey
|-supereffective|p2a: Chansey
|-damage|p2a: Chansey|84\/703
|-heal|p1a: Chess|357\/379|[from] drain|[of] p2a: Chansey
|move|p2a: Chansey|Thunder Wave|p1a: Chess
|-status|p1a: Chess|par
|
|-heal|p1a: Chess|379\/379 par|[from] item: Leftovers
|turn|47
|
|move|p2a: Chansey|Wish|p2a: Chansey
|cant|p1a: Chess|par
|
|turn|48
|
|move|p2a: Chansey|Protect|p2a: Chansey
|-singleturn|p2a: Chansey|Protect
|move|p1a: Chess|Drain Punch|p2a: Chansey
|-activate|p2a: Chansey|Protect
|
|-heal|p2a: Chansey|435\/703|[from] move: Wish|[wisher] Chansey
|turn|49
|
|switch|p1a: Sabletroll|Sableye-Mega, M|243\/304
|move|p2a: Chansey|Wish|p2a: Chansey
|
|turn|50
|
|switch|p2a: Mandibuzz|Mandibuzz, F, shiny|74\/423
|move|p1a: Sabletroll|Will-O-Wisp|p2a: Mandibuzz
|-status|p2a: Mandibuzz|brn
|
|-heal|p2a: Mandibuzz|423\/423 brn|[from] move: Wish|[wisher] Chansey
|-damage|p2a: Mandibuzz|371\/423 brn|[from] brn
|turn|51
|
|switch|p2a: Gengar|Gengar, M|197\/261 brn
|move|p1a: Sabletroll|Knock Off|p2a: Gengar
|-supereffective|p2a: Gengar
|-damage|p2a: Gengar|0 fnt
|-enditem|p2a: Gengar|Black Sludge|[from] move: Knock Off|[of] p1a: Sabletroll
|faint|p2a: Gengar
|
|
|switch|p2a: Garchomp|Garchomp, M|291\/357
|-damage|p2a: Garchomp|247\/357|[from] Spikes
|turn|52
|
|switch|p1a: Chess|Chesnaught, M|379\/379 par
|move|p2a: Garchomp|Outrage|p1a: Chess
|-damage|p1a: Chess|252\/379 par
|
|-heal|p1a: Chess|275\/379 par|[from] item: Leftovers
|turn|53
|
|switch|p1a: Fabiole|Clefable, F|394\/394
|move|p2a: Garchomp|Outrage|p1a: Fabiole
|-immune|p1a: Fabiole|[msg]
|
|turn|54
|-message|Yogourt Blanco forfeited.
|
|win|The Last Hero
|raw|Ladder updating...
|leave|Yogourt Blanco
|player|p2
|raw|The Last Hero's rating: 1151 &rarr; <strong>1177<\/strong><br \/>(+26 for winning)
|raw|Yogourt Blanco's rating: 1166 &rarr; <strong>1140<\/strong><br \/>(-26 for losing)