|join|The Last Hero
|join|Ian Bavitz
|player|p1|The Last Hero|54
|player|p2|Ian Bavitz|102
|gametype|singles
|gen|6
|tier|OU (suspect test)
|rated
|clearpoke
|poke|p1|Sableye, M
|poke|p1|Clefable, F
|poke|p1|Tentacruel, M
|poke|p1|Chesnaught, M
|poke|p1|Rhyperior, M
|poke|p1|Moltres
|poke|p2|Lopunny, M
|poke|p2|Gliscor, M
|poke|p2|Rotom-Wash
|poke|p2|Heatran, F
|poke|p2|Latios, M
|poke|p2|Snorlax, M
|rule|Swagger Clause: Swagger is banned
|rule|Baton Pass Clause: Limit one PokÃ©mon knowing Baton Pass
|rule|Sleep Clause Mod: Limit one foe put to sleep
|rule|Species Clause: Limit one of each PokÃ©mon
|rule|OHKO Clause: OHKO moves are banned
|rule|Moody Clause: Moody is banned
|rule|Evasion Moves Clause: Evasion moves are banned
|rule|Endless Battle Clause: Forcing endless battles is banned
|rule|HP Percentage Mod: HP is shown in percentages
|teampreview
|
|start
|switch|p1a: Chess|Chesnaught, M|379\/379
|switch|p2a: Rotom-Wash|Rotom-Wash|241\/241
|turn|1
|
|move|p1a: Chess|Spiky Shield|p1a: Chess
|-singleturn|p1a: Chess|move: Protect
|move|p2a: Rotom-Wash|Trick|p1a: Chess
|-activate|p1a: Chess|move: Protect
|
|turn|2
|
|switch|p1a: Sabletroll|Sableye, M|304\/304
|move|p2a: Rotom-Wash|Trick|p1a: Sabletroll
|-fail|p1a: Sabletroll
|
|turn|3
|
|switch|p2a: Heatran|Heatran, F|386\/386
|detailschange|p1a: Sabletroll|Sableye-Mega, M
|-mega|p1a: Sabletroll|Sableye|Sablenite
|move|p1a: Sabletroll|Knock Off|p2a: Heatran
|-crit|p2a: Heatran
|-damage|p2a: Heatran|236\/386
|-enditem|p2a: Heatran|Leftovers|[from] move: Knock Off|[of] p1a: Sabletroll
|
|turn|4
|
|switch|p1a: Fenix Gitano|Moltres|383\/383
|-ability|p1a: Fenix Gitano|Pressure
|move|p2a: Heatran|Lava Plume|p1a: Fenix Gitano
|-resisted|p1a: Fenix Gitano
|-damage|p1a: Fenix Gitano|332\/383
|
|-heal|p1a: Fenix Gitano|355\/383|[from] item: Leftovers
|turn|5
|
|move|p1a: Fenix Gitano|Mud-Slap|p2a: Heatran
|-supereffective|p2a: Heatran
|-damage|p2a: Heatran|184\/386
|-unboost|p2a: Heatran|accuracy|1
|move|p2a: Heatran|Toxic|p1a: Fenix Gitano
|-status|p1a: Fenix Gitano|tox
|
|-heal|p1a: Fenix Gitano|378\/383 tox|[from] item: Leftovers
|-damage|p1a: Fenix Gitano|355\/383 tox|[from] psn
|turn|6
|
|switch|p2a: Rotom-Wash|Rotom-Wash|241\/241
|move|p1a: Fenix Gitano|Toxic|p2a: Rotom-Wash
|-status|p2a: Rotom-Wash|tox
|
|-heal|p1a: Fenix Gitano|378\/383 tox|[from] item: Leftovers
|-damage|p2a: Rotom-Wash|226\/241 tox|[from] psn
|-damage|p1a: Fenix Gitano|332\/383 tox|[from] psn
|turn|7
|
|switch|p1a: Tenta|Tentacruel, M|363\/363
|move|p2a: Rotom-Wash|Volt Switch|p1a: Tenta
|-supereffective|p1a: Tenta
|-damage|p1a: Tenta|193\/363
|
|switch|p2a: Latios|Latios, M|301\/301
|
|-heal|p1a: Tenta|215\/363|[from] item: Leftovers
|turn|8
|
|switch|p1a: Sabletroll|Sableye-Mega, M|304\/304
|move|p2a: Latios|Psyshock|p1a: Sabletroll
|-immune|p1a: Sabletroll|[msg]
|
|turn|9
|
|move|p2a: Latios|Draco Meteor|p1a: Sabletroll
|-damage|p1a: Sabletroll|121\/304
|-unboost|p2a: Latios|spa|2
|-damage|p2a: Latios|271\/301|[from] item: Life Orb
|move|p1a: Sabletroll|Foul Play|p2a: Latios
|-supereffective|p2a: Latios
|-damage|p2a: Latios|67\/301
|
|turn|10
|
|switch|p2a: Heatran|Heatran, F|184\/386
|move|p1a: Sabletroll|Will-O-Wisp|p2a: Heatran
|-start|p2a: Heatran|ability: Flash Fire
|
|turn|11
|
|switch|p1a: Fenix Gitano|Moltres|332\/383 tox
|-ability|p1a: Fenix Gitano|Pressure
|move|p2a: Heatran|Lava Plume|p1a: Fenix Gitano
|-resisted|p1a: Fenix Gitano
|-damage|p1a: Fenix Gitano|251\/383 tox
|
|-heal|p1a: Fenix Gitano|274\/383 tox|[from] item: Leftovers
|-damage|p1a: Fenix Gitano|251\/383 tox|[from] psn
|turn|12
|
|switch|p2a: Gliscor|Gliscor, M|353\/353
|move|p1a: Fenix Gitano|Mud-Slap|p2a: Gliscor
|-immune|p2a: Gliscor|[msg]
|
|-heal|p1a: Fenix Gitano|274\/383 tox|[from] item: Leftovers
|-damage|p1a: Fenix Gitano|228\/383 tox|[from] psn
|-status|p2a: Gliscor|tox|[from] item: Toxic Orb
|turn|13
|
|switch|p1a: Fabiole|Clefable, F|394\/394
|move|p2a: Gliscor|Stealth Rock|p1a: Fabiole
|-sidestart|p1: The Last Hero|move: Stealth Rock
|
|turn|14
|
|switch|p2a: Heatran|Heatran, F|184\/386
|move|p1a: Fabiole|Wish|p1a: Fabiole
|
|turn|15
|
|switch|p1a: Tenta|Tentacruel, M|215\/363
|-damage|p1a: Tenta|170\/363|[from] Stealth Rock
|move|p2a: Heatran|Roar|p1a: Tenta
|drag|p1a: Chess|Chesnaught, M|379\/379
|-damage|p1a: Chess|356\/379|[from] Stealth Rock
|
|-heal|p1a: Chess|379\/379|[from] move: Wish|[wisher] Fabiole
|turn|16
|
|move|p2a: Heatran|Lava Plume|p1a: Chess
|-supereffective|p1a: Chess
|-damage|p1a: Chess|73\/379
|move|p1a: Chess|Drain Punch|p2a: Heatran
|-supereffective|p2a: Heatran
|-damage|p2a: Heatran|20\/386
|-heal|p1a: Chess|155\/379|[from] drain|[of] p2a: Heatran
|
|-heal|p1a: Chess|178\/379|[from] item: Leftovers
|turn|17
|
|move|p1a: Chess|Spiky Shield|p1a: Chess
|-singleturn|p1a: Chess|move: Protect
|move|p2a: Heatran|Lava Plume|p1a: Chess
|-activate|p1a: Chess|move: Protect
|
|-heal|p1a: Chess|201\/379|[from] item: Leftovers
|turn|18
|
|switch|p1a: Rhyno|Rhyperior, M|433\/433
|-damage|p1a: Rhyno|406\/433|[from] Stealth Rock
|move|p2a: Heatran|Roar|p1a: Rhyno
|drag|p1a: Fenix Gitano|Moltres|228\/383 tox
|-damage|p1a: Fenix Gitano|37\/383 tox|[from] Stealth Rock
|-ability|p1a: Fenix Gitano|Pressure
|
|-heal|p1a: Fenix Gitano|60\/383 tox|[from] item: Leftovers
|-damage|p1a: Fenix Gitano|37\/383 tox|[from] psn
|turn|19
|
|move|p2a: Heatran|Protect|p2a: Heatran
|-singleturn|p2a: Heatran|Protect
|move|p1a: Fenix Gitano|Roost|p1a: Fenix Gitano
|-heal|p1a: Fenix Gitano|229\/383 tox
|
|-heal|p1a: Fenix Gitano|252\/383 tox|[from] item: Leftovers
|-damage|p1a: Fenix Gitano|206\/383 tox|[from] psn
|turn|20
|
|switch|p1a: Fabiole|Clefable, F|394\/394
|-damage|p1a: Fabiole|345\/394|[from] Stealth Rock
|move|p2a: Heatran|Roar|p1a: Fabiole
|drag|p1a: Chess|Chesnaught, M|201\/379
|-damage|p1a: Chess|178\/379|[from] Stealth Rock
|
|-heal|p1a: Chess|201\/379|[from] item: Leftovers
|turn|21
|
|move|p1a: Chess|Spiky Shield|p1a: Chess
|-singleturn|p1a: Chess|move: Protect
|move|p2a: Heatran|Lava Plume|p1a: Chess
|-activate|p1a: Chess|move: Protect
|
|-heal|p1a: Chess|224\/379|[from] item: Leftovers
|turn|22
|
|switch|p1a: Rhyno|Rhyperior, M|406\/433
|-damage|p1a: Rhyno|379\/433|[from] Stealth Rock
|move|p2a: Heatran|Roar|p1a: Rhyno
|drag|p1a: Tenta|Tentacruel, M|170\/363
|-damage|p1a: Tenta|125\/363|[from] Stealth Rock
|
|-heal|p1a: Tenta|147\/363|[from] item: Leftovers
|turn|23
|
|switch|p2a: Latios|Latios, M|67\/301
|move|p1a: Tenta|Rapid Spin|p2a: Latios
|-damage|p2a: Latios|56\/301
|-sideend|p1: The Last Hero|Stealth Rock|[from] move: Rapid Spin|[of] p1a: Tenta
|
|-heal|p1a: Tenta|169\/363|[from] item: Leftovers
|turn|24
|
|move|p2a: Latios|Psyshock|p1a: Tenta
|-supereffective|p1a: Tenta
|-damage|p1a: Tenta|0 fnt
|-damage|p2a: Latios|26\/301|[from] item: Life Orb
|faint|p1a: Tenta
|
|
|switch|p1a: Fabiole|Clefable, F|345\/394
|turn|25
|
|move|p2a: Latios|Psyshock|p1a: Fabiole
|-damage|p1a: Fabiole|193\/394
|-damage|p2a: Latios|0 fnt|[from] item: Life Orb
|faint|p2a: Latios
|move|p1a: Fabiole|Heal Bell|p1a: Fabiole
|-cureteam|p1a: Fabiole|[from] move: HealBell
|
|-heal|p1a: Fabiole|217\/394|[from] item: Leftovers
|
|switch|p2a: Lopunny|Lopunny, M|271\/271
|turn|26
|
|detailschange|p2a: Lopunny|Lopunny-Mega, M
|-mega|p2a: Lopunny|Lopunny|Lopunnite
|move|p1a: Fabiole|Protect|p1a: Fabiole
|-singleturn|p1a: Fabiole|Protect
|move|p2a: Lopunny|Fake Out|p1a: Fabiole
|-activate|p1a: Fabiole|Protect
|
|-heal|p1a: Fabiole|241\/394|[from] item: Leftovers
|turn|27
|
|move|p2a: Lopunny|Return|p1a: Fabiole
|-damage|p1a: Fabiole|88\/394
|move|p1a: Fabiole|Wish|p1a: Fabiole
|
|-heal|p1a: Fabiole|112\/394|[from] item: Leftovers
|turn|28
|
|switch|p2a: Snorlax|Snorlax, M|461\/461
|move|p1a: Fabiole|Protect|p1a: Fabiole
|-fail|p1a: Fabiole
|
|-heal|p1a: Fabiole|309\/394|[from] move: Wish|[wisher] Fabiole
|-heal|p1a: Fabiole|333\/394|[from] item: Leftovers
|turn|29
|
|move|p1a: Fabiole|Wish|p1a: Fabiole
|move|p2a: Snorlax|Body Slam|p1a: Fabiole
|-damage|p1a: Fabiole|213\/394
|-status|p1a: Fabiole|par
|
|-heal|p1a: Fabiole|237\/394 par|[from] item: Leftovers
|turn|30
|
|move|p2a: Snorlax|Body Slam|p1a: Fabiole
|-damage|p1a: Fabiole|98\/394 par
|move|p1a: Fabiole|Moonblast|p2a: Snorlax
|-damage|p2a: Snorlax|400\/461
|
|-heal|p1a: Fabiole|295\/394 par|[from] move: Wish|[wisher] Fabiole
|-heal|p1a: Fabiole|319\/394 par|[from] item: Leftovers
|turn|31
|
|switch|p1a: Sabletroll|Sableye-Mega, M|121\/304
|move|p2a: Snorlax|Body Slam|p1a: Sabletroll
|-immune|p1a: Sabletroll|[msg]
|
|turn|32
|
|switch|p2a: Heatran|Heatran, F|20\/386
|move|p1a: Sabletroll|Recover|p1a: Sabletroll
|-heal|p1a: Sabletroll|273\/304
|
|turn|33
|
|move|p2a: Heatran|Lava Plume|p1a: Sabletroll
|-damage|p1a: Sabletroll|194\/304
|-status|p1a: Sabletroll|brn
|move|p1a: Sabletroll|Knock Off|p2a: Heatran
|-crit|p2a: Heatran
|-damage|p2a: Heatran|0 fnt
|faint|p2a: Heatran
|
|-damage|p1a: Sabletroll|156\/304 brn|[from] brn
|
|switch|p2a: Rotom-Wash|Rotom-Wash|226\/241 tox
|turn|34
|
|move|p2a: Rotom-Wash|Hydro Pump|p1a: Sabletroll
|-damage|p1a: Sabletroll|50\/304 brn
|move|p1a: Sabletroll|Recover|p1a: Sabletroll
|-heal|p1a: Sabletroll|202\/304 brn
|
|-damage|p2a: Rotom-Wash|211\/241 tox|[from] psn
|-damage|p1a: Sabletroll|164\/304 brn|[from] brn
|turn|35
|leave|Ian Bavitz
|player|p2
|-message|ianbavitz lost due to inactivity.
|
|win|The Last Hero
|raw|Ladder updating...
|raw|The Last Hero's rating: 1221 &rarr; <strong>1245<\/strong><br \/>(+24 for winning)
|raw|Ian Bavitz's rating: 1210 &rarr; <strong>1186<\/strong><br \/>(-24 for losing)