|join|candres
|join|The Last Hero
|player|p1|candres|291
|player|p2|The Last Hero|54
|gametype|singles
|gen|6
|tier|OU (suspect test)
|rated
|clearpoke
|poke|p1|Metagross
|poke|p1|Gengar, M
|poke|p1|Keldeo
|poke|p1|Landorus-Therian, M
|poke|p1|Heatran, M
|poke|p1|Latias, F
|poke|p2|Sableye, M
|poke|p2|Clefable, F
|poke|p2|Tentacruel, M
|poke|p2|Chesnaught, M
|poke|p2|Rhyperior, M
|poke|p2|Moltres
|rule|Swagger Clause: Swagger is banned
|rule|Baton Pass Clause: Limit one PokÃ©mon knowing Baton Pass
|rule|Sleep Clause Mod: Limit one foe put to sleep
|rule|Species Clause: Limit one of each PokÃ©mon
|rule|OHKO Clause: OHKO moves are banned
|rule|Moody Clause: Moody is banned
|rule|Evasion Moves Clause: Evasion moves are banned
|rule|Endless Battle Clause: Forcing endless battles is banned
|rule|HP Percentage Mod: HP is shown in percentages
|teampreview
|
|start
|switch|p1a: Keldeo|Keldeo|323\/323
|switch|p2a: Sabletroll|Sableye, M|304\/304
|turn|1
|
|switch|p1a: Heatran|Heatran, M|323\/323
|-item|p1a: Heatran|Air Balloon
|switch|p2a: Chess|Chesnaught, M|379\/379
|
|turn|2
|
|move|p1a: Heatran|Fire Blast|p2a: Chess
|-supereffective|p2a: Chess
|-damage|p2a: Chess|0 fnt
|faint|p2a: Chess
|
|c|âThe Last Hero|epic fail
|
|switch|p2a: Sabletroll|Sableye, M|304\/304
|turn|3
|
|detailschange|p2a: Sabletroll|Sableye-Mega, M
|-mega|p2a: Sabletroll|Sableye|Sablenite
|move|p1a: Heatran|Fire Blast|p2a: Sabletroll|[miss]
|-miss|p1a: Heatran|p2a: Sabletroll
|move|p2a: Sabletroll|Foul Play|p1a: Heatran
|-damage|p1a: Heatran|235\/323
|-enditem|p1a: Heatran|Air Balloon
|
|turn|4
|
|move|p1a: Heatran|Fire Blast|p2a: Sabletroll
|-damage|p2a: Sabletroll|184\/304
|-status|p2a: Sabletroll|brn
|move|p2a: Sabletroll|Foul Play|p1a: Heatran
|-damage|p1a: Heatran|192\/323
|
|-damage|p2a: Sabletroll|146\/304 brn|[from] brn
|turn|5
|c|âThe Last Hero|ouch...
|
|move|p1a: Heatran|Earth Power|p2a: Sabletroll
|-damage|p2a: Sabletroll|79\/304 brn
|move|p2a: Sabletroll|Recover|p2a: Sabletroll
|-heal|p2a: Sabletroll|231\/304 brn
|
|-damage|p2a: Sabletroll|193\/304 brn|[from] brn
|turn|6
|
|move|p1a: Heatran|Fire Blast|p2a: Sabletroll
|-damage|p2a: Sabletroll|75\/304 brn
|move|p2a: Sabletroll|Recover|p2a: Sabletroll
|-heal|p2a: Sabletroll|227\/304 brn
|
|-damage|p2a: Sabletroll|189\/304 brn|[from] brn
|turn|7
|
|move|p1a: Heatran|Flash Cannon|p2a: Sabletroll
|-damage|p2a: Sabletroll|90\/304 brn
|move|p2a: Sabletroll|Recover|p2a: Sabletroll
|-heal|p2a: Sabletroll|242\/304 brn
|
|-damage|p2a: Sabletroll|204\/304 brn|[from] brn
|turn|8
|
|switch|p1a: Keldeo|Keldeo|323\/323
|switch|p2a: Fenix Gitano|Moltres|383\/383
|-ability|p2a: Fenix Gitano|Pressure
|
|turn|9
|
|switch|p2a: Tenta|Tentacruel, M|363\/363
|move|p1a: Keldeo|Scald|p2a: Tenta
|-resisted|p2a: Tenta
|-damage|p2a: Tenta|301\/363
|-status|p2a: Tenta|brn
|
|-heal|p2a: Tenta|323\/363 brn|[from] item: Leftovers
|-damage|p2a: Tenta|278\/363 brn|[from] brn
|turn|10
|
|switch|p2a: Fabiole|Clefable, F|394\/394
|move|p1a: Keldeo|Substitute|p1a: Keldeo
|-start|p1a: Keldeo|Substitute
|-damage|p1a: Keldeo|243\/323
|
|-heal|p1a: Keldeo|263\/323|[from] item: Leftovers
|turn|11
|
|move|p1a: Keldeo|Calm Mind|p1a: Keldeo
|-boost|p1a: Keldeo|spa|1
|-boost|p1a: Keldeo|spd|1
|move|p2a: Fabiole|Moonblast|p1a: Keldeo
|-supereffective|p1a: Keldeo
|-end|p1a: Keldeo|Substitute
|
|-heal|p1a: Keldeo|283\/323|[from] item: Leftovers
|turn|12
|
|move|p1a: Keldeo|Scald|p2a: Fabiole
|-damage|p2a: Fabiole|232\/394
|move|p2a: Fabiole|Heal Bell|p2a: Fabiole
|-cureteam|p2a: Fabiole|[from] move: HealBell
|
|-heal|p1a: Keldeo|303\/323|[from] item: Leftovers
|-heal|p2a: Fabiole|256\/394|[from] item: Leftovers
|turn|13
|
|move|p1a: Keldeo|Calm Mind|p1a: Keldeo
|-boost|p1a: Keldeo|spa|1
|-boost|p1a: Keldeo|spd|1
|move|p2a: Fabiole|Wish|p2a: Fabiole
|
|-heal|p1a: Keldeo|323\/323|[from] item: Leftovers
|-heal|p2a: Fabiole|280\/394|[from] item: Leftovers
|turn|14
|
|move|p1a: Keldeo|Calm Mind|p1a: Keldeo
|-boost|p1a: Keldeo|spa|1
|-boost|p1a: Keldeo|spd|1
|move|p2a: Fabiole|Moonblast|p1a: Keldeo
|-supereffective|p1a: Keldeo
|-damage|p1a: Keldeo|83\/323
|
|-heal|p2a: Fabiole|394\/394|[from] move: Wish|[wisher] Fabiole
|-heal|p1a: Keldeo|103\/323|[from] item: Leftovers
|turn|15
|
|move|p1a: Keldeo|Scald|p2a: Fabiole
|-damage|p2a: Fabiole|235\/394
|move|p2a: Fabiole|Moonblast|p1a: Keldeo
|-supereffective|p1a: Keldeo
|-damage|p1a: Keldeo|0 fnt
|faint|p1a: Keldeo
|
|-heal|p2a: Fabiole|259\/394|[from] item: Leftovers
|
|switch|p1a: Metagross|Metagross|301\/301
|turn|16
|
|detailschange|p1a: Metagross|Metagross-Mega
|-mega|p1a: Metagross|Metagross|Metagrossite
|move|p2a: Fabiole|Protect|p2a: Fabiole
|-singleturn|p2a: Fabiole|Protect
|move|p1a: Metagross|Meteor Mash|p2a: Fabiole
|-activate|p2a: Fabiole|Protect
|
|-heal|p2a: Fabiole|283\/394|[from] item: Leftovers
|turn|17
|
|switch|p2a: Rhyno|Rhyperior, M|433\/433
|move|p1a: Metagross|Zen Headbutt|p2a: Rhyno
|-damage|p2a: Rhyno|282\/433
|
|-heal|p2a: Rhyno|309\/433|[from] item: Leftovers
|turn|18
|
|move|p1a: Metagross|Meteor Mash|p2a: Rhyno
|-supereffective|p2a: Rhyno
|-damage|p2a: Rhyno|20\/433
|-boost|p1a: Metagross|atk|1
|move|p2a: Rhyno|Earthquake|p1a: Metagross
|-supereffective|p1a: Metagross
|-damage|p1a: Metagross|77\/301
|
|-heal|p2a: Rhyno|47\/433|[from] item: Leftovers
|turn|19
|
|move|p1a: Metagross|Bullet Punch|p2a: Rhyno
|-supereffective|p2a: Rhyno
|-damage|p2a: Rhyno|0 fnt
|faint|p2a: Rhyno
|
|
|switch|p2a: Fenix Gitano|Moltres|383\/383
|-ability|p2a: Fenix Gitano|Pressure
|turn|20
|
|move|p1a: Metagross|Zen Headbutt|p2a: Fenix Gitano
|-damage|p2a: Fenix Gitano|82\/383
|move|p2a: Fenix Gitano|Flamethrower|p1a: Metagross
|-supereffective|p1a: Metagross
|-damage|p1a: Metagross|0 fnt
|faint|p1a: Metagross
|
|-heal|p2a: Fenix Gitano|105\/383|[from] item: Leftovers
|
|switch|p1a: Gengar|Gengar, M|261\/261
|turn|21
|
|move|p1a: Gengar|Shadow Ball|p2a: Fenix Gitano
|-damage|p2a: Fenix Gitano|0 fnt
|-damage|p1a: Gengar|235\/261|[from] item: Life Orb
|faint|p2a: Fenix Gitano
|
|
|switch|p2a: Sabletroll|Sableye-Mega, M|204\/304
|turn|22
|
|move|p1a: Gengar|Shadow Ball|p2a: Sabletroll
|-damage|p2a: Sabletroll|82\/304
|-unboost|p2a: Sabletroll|spd|1
|-damage|p1a: Gengar|209\/261|[from] item: Life Orb
|move|p2a: Sabletroll|Recover|p2a: Sabletroll
|-heal|p2a: Sabletroll|234\/304
|
|turn|23
|
|switch|p2a: Tenta|Tentacruel, M|278\/363
|move|p1a: Gengar|Shadow Ball|p2a: Tenta
|-damage|p2a: Tenta|126\/363
|-damage|p1a: Gengar|183\/261|[from] item: Life Orb
|
|-heal|p2a: Tenta|148\/363|[from] item: Leftovers
|turn|24
|
|move|p1a: Gengar|Shadow Ball|p2a: Tenta
|-damage|p2a: Tenta|0 fnt
|-damage|p1a: Gengar|157\/261|[from] item: Life Orb
|faint|p2a: Tenta
|
|
|switch|p2a: Sabletroll|Sableye-Mega, M|234\/304
|turn|25
|
|move|p1a: Gengar|Shadow Ball|p2a: Sabletroll
|-damage|p2a: Sabletroll|120\/304
|-damage|p1a: Gengar|131\/261|[from] item: Life Orb
|move|p2a: Sabletroll|Recover|p2a: Sabletroll
|-heal|p2a: Sabletroll|272\/304
|
|turn|26
|
|move|p1a: Gengar|Sludge Wave|p2a: Sabletroll
|-resisted|p2a: Sabletroll
|-damage|p2a: Sabletroll|203\/304
|-damage|p1a: Gengar|105\/261|[from] item: Life Orb
|move|p2a: Sabletroll|Recover|p2a: Sabletroll
|-heal|p2a: Sabletroll|304\/304
|
|turn|27
|
|move|p1a: Gengar|Shadow Ball|p2a: Sabletroll
|-damage|p2a: Sabletroll|190\/304
|-unboost|p2a: Sabletroll|spd|1
|-damage|p1a: Gengar|79\/261|[from] item: Life Orb
|move|p2a: Sabletroll|Knock Off|p1a: Gengar
|-supereffective|p1a: Gengar
|-damage|p1a: Gengar|0 fnt
|-enditem|p1a: Gengar|Life Orb|[from] move: Knock Off|[of] p2a: Sabletroll
|faint|p1a: Gengar
|
|
|switch|p1a: Heatran|Heatran, M|192\/323
|turn|28
|
|switch|p2a: Fabiole|Clefable, F|283\/394
|move|p1a: Heatran|Flash Cannon|p2a: Fabiole
|-supereffective|p2a: Fabiole
|-damage|p2a: Fabiole|0 fnt
|faint|p2a: Fabiole
|
|c|âcandres|gg
|
|switch|p2a: Sabletroll|Sableye-Mega, M|190\/304
|turn|29
|
|move|p1a: Heatran|Fire Blast|p2a: Sabletroll
|-damage|p2a: Sabletroll|66\/304
|move|p2a: Sabletroll|Recover|p2a: Sabletroll
|-heal|p2a: Sabletroll|218\/304
|
|turn|30
|
|move|p1a: Heatran|Flash Cannon|p2a: Sabletroll
|-damage|p2a: Sabletroll|125\/304
|move|p2a: Sabletroll|Recover|p2a: Sabletroll
|-heal|p2a: Sabletroll|277\/304
|
|turn|31
|
|switch|p1a: Landorus-Therian|Landorus-Therian, M|319\/319
|-ability|p1a: Landorus-Therian|Intimidate|[of] p2a: Sabletroll
|-unboost|p2a: Sabletroll|atk|1
|move|p2a: Sabletroll|Foul Play|p1a: Landorus-Therian
|-damage|p1a: Landorus-Therian|118\/319
|
|turn|32
|
|move|p1a: Landorus-Therian|Earthquake|p2a: Sabletroll
|-damage|p2a: Sabletroll|127\/304
|move|p2a: Sabletroll|Will-O-Wisp|p1a: Landorus-Therian
|-status|p1a: Landorus-Therian|brn
|
|-damage|p1a: Landorus-Therian|79\/319 brn|[from] brn
|turn|33
|
|move|p1a: Landorus-Therian|Earthquake|p2a: Sabletroll
|-damage|p2a: Sabletroll|54\/304
|move|p2a: Sabletroll|Recover|p2a: Sabletroll
|-heal|p2a: Sabletroll|206\/304
|
|-damage|p1a: Landorus-Therian|40\/319 brn|[from] brn
|turn|34
|
|move|p1a: Landorus-Therian|Earthquake|p2a: Sabletroll
|-damage|p2a: Sabletroll|127\/304
|move|p2a: Sabletroll|Recover|p2a: Sabletroll
|-heal|p2a: Sabletroll|279\/304
|
|-damage|p1a: Landorus-Therian|1\/319 brn|[from] brn
|turn|35
|
|move|p1a: Landorus-Therian|Earthquake|p2a: Sabletroll
|-damage|p2a: Sabletroll|201\/304
|move|p2a: Sabletroll|Knock Off|p1a: Landorus-Therian
|-damage|p1a: Landorus-Therian|0 fnt
|-enditem|p1a: Landorus-Therian|Choice Scarf|[from] move: Knock Off|[of] p2a: Sabletroll
|faint|p1a: Landorus-Therian
|
|
|switch|p1a: Latias|Latias, F|319\/319
|turn|36
|
|move|p1a: Latias|Draco Meteor|p2a: Sabletroll
|-damage|p2a: Sabletroll|20\/304
|-unboost|p1a: Latias|spa|2
|-damage|p1a: Latias|288\/319|[from] item: Life Orb
|move|p2a: Sabletroll|Recover|p2a: Sabletroll
|-heal|p2a: Sabletroll|172\/304
|
|turn|37
|
|switch|p1a: Heatran|Heatran, M|192\/323
|move|p2a: Sabletroll|Foul Play|p1a: Heatran
|-damage|p1a: Heatran|110\/323
|
|turn|38
|
|move|p1a: Heatran|Fire Blast|p2a: Sabletroll
|-damage|p2a: Sabletroll|36\/304
|-status|p2a: Sabletroll|brn
|move|p2a: Sabletroll|Recover|p2a: Sabletroll
|-heal|p2a: Sabletroll|188\/304 brn
|
|-damage|p2a: Sabletroll|150\/304 brn|[from] brn
|turn|39
|c|âThe Last Hero|gg here
|
|move|p1a: Heatran|Fire Blast|p2a: Sabletroll
|-damage|p2a: Sabletroll|17\/304 brn
|move|p2a: Sabletroll|Recover|p2a: Sabletroll
|-heal|p2a: Sabletroll|169\/304 brn
|
|-damage|p2a: Sabletroll|131\/304 brn|[from] brn
|turn|40
|c|âcandres|gg
|
|move|p1a: Heatran|Fire Blast|p2a: Sabletroll
|-damage|p2a: Sabletroll|10\/304 brn
|move|p2a: Sabletroll|Recover|p2a: Sabletroll
|-heal|p2a: Sabletroll|162\/304 brn
|
|-damage|p2a: Sabletroll|124\/304 brn|[from] brn
|turn|41
|
|move|p1a: Heatran|Flash Cannon|p2a: Sabletroll
|-damage|p2a: Sabletroll|33\/304 brn
|move|p2a: Sabletroll|Recover|p2a: Sabletroll
|-heal|p2a: Sabletroll|185\/304 brn
|
|-damage|p2a: Sabletroll|147\/304 brn|[from] brn
|turn|42
|
|move|p1a: Heatran|Flash Cannon|p2a: Sabletroll
|-damage|p2a: Sabletroll|57\/304 brn
|move|p2a: Sabletroll|Recover|p2a: Sabletroll
|-heal|p2a: Sabletroll|209\/304 brn
|
|-damage|p2a: Sabletroll|171\/304 brn|[from] brn
|turn|43
|
|move|p1a: Heatran|Flash Cannon|p2a: Sabletroll
|-damage|p2a: Sabletroll|75\/304 brn
|move|p2a: Sabletroll|Foul Play|p1a: Heatran
|-damage|p1a: Heatran|67\/323
|
|-damage|p2a: Sabletroll|37\/304 brn|[from] brn
|turn|44
|
|move|p1a: Heatran|Flash Cannon|p2a: Sabletroll
|-damage|p2a: Sabletroll|0 fnt
|faint|p2a: Sabletroll
|
|win|candres
|raw|Ladder updating...
|raw|candres's rating: 1419 &rarr; <strong>1436<\/strong><br \/>(+17 for winning)
|raw|The Last Hero's rating: 1367 &rarr; <strong>1350<\/strong><br \/>(-17 for losing)
|leave|candres
|player|p1