|join|Bulbasawr
|join|The Last Hero
|player|p1|Bulbasawr|155
|player|p2|The Last Hero|54
|gametype|singles
|gen|6
|tier|OU (suspect test)
|rated
|clearpoke
|poke|p1|Infernape, M
|poke|p1|Pinsir, M
|poke|p1|Excadrill, F
|poke|p1|Talonflame, M
|poke|p1|Landorus-Therian, M
|poke|p1|Keldeo-Resolute
|poke|p2|Sableye, M
|poke|p2|Clefable, F
|poke|p2|Tentacruel, M
|poke|p2|Chesnaught, M
|poke|p2|Rhyperior, M
|poke|p2|Moltres
|rule|Swagger Clause: Swagger is banned
|rule|Baton Pass Clause: Limit one PokÃ©mon knowing Baton Pass
|rule|Sleep Clause Mod: Limit one foe put to sleep
|rule|Species Clause: Limit one of each PokÃ©mon
|rule|OHKO Clause: OHKO moves are banned
|rule|Moody Clause: Moody is banned
|rule|Evasion Moves Clause: Evasion moves are banned
|rule|Endless Battle Clause: Forcing endless battles is banned
|rule|HP Percentage Mod: HP is shown in percentages
|teampreview
|
|start
|switch|p1a: Keldeo-Resolute|Keldeo-Resolute|323\/323
|switch|p2a: Sabletroll|Sableye, M|304\/304
|turn|1
|
|detailschange|p2a: Sabletroll|Sableye-Mega, M
|-mega|p2a: Sabletroll|Sableye|Sablenite
|move|p2a: Sabletroll|Will-O-Wisp|p1a: Keldeo-Resolute
|-status|p1a: Keldeo-Resolute|brn
|move|p1a: Keldeo-Resolute|Scald|p2a: Sabletroll
|-damage|p2a: Sabletroll|207\/304
|
|-damage|p1a: Keldeo-Resolute|283\/323 brn|[from] brn
|turn|2
|
|switch|p2a: Tenta|Tentacruel, M|363\/363
|move|p1a: Keldeo-Resolute|Scald|p2a: Tenta
|-resisted|p2a: Tenta
|-damage|p2a: Tenta|297\/363
|
|-heal|p1a: Keldeo-Resolute|303\/323 brn|[from] item: Leftovers
|-heal|p2a: Tenta|319\/363|[from] item: Leftovers
|-damage|p1a: Keldeo-Resolute|263\/323 brn|[from] brn
|turn|3
|
|switch|p1a: Excadrill|Excadrill, F|361\/361
|-ability|p1a: Excadrill|Mold Breaker
|-item|p1a: Excadrill|Air Balloon
|move|p2a: Tenta|Sludge Bomb|p1a: Excadrill
|-immune|p1a: Excadrill|[msg]
|
|-heal|p2a: Tenta|341\/363|[from] item: Leftovers
|turn|4
|
|switch|p2a: Chess|Chesnaught, M|379\/379
|move|p1a: Excadrill|Rock Tomb|p2a: Chess
|-crit|p2a: Chess
|-resisted|p2a: Chess
|-damage|p2a: Chess|342\/379
|-unboost|p2a: Chess|spe|1
|
|-heal|p2a: Chess|365\/379|[from] item: Leftovers
|turn|5
|
|move|p1a: Excadrill|Iron Head|p2a: Chess
|-damage|p2a: Chess|272\/379
|move|p2a: Chess|Leech Seed|p1a: Excadrill|[miss]
|-miss|p2a: Chess|p1a: Excadrill
|
|-heal|p2a: Chess|295\/379|[from] item: Leftovers
|turn|6
|
|switch|p1a: Pinsir|Pinsir, M|334\/334
|move|p2a: Chess|Leech Seed|p1a: Pinsir
|-start|p1a: Pinsir|move: Leech Seed
|
|-heal|p2a: Chess|318\/379|[from] item: Leftovers
|-damage|p1a: Pinsir|293\/334|[from] Leech Seed|[of] p2a: Chess
|-heal|p2a: Chess|359\/379|[silent]
|turn|7
|
|switch|p2a: Rhyno|Rhyperior, M|433\/433
|detailschange|p1a: Pinsir|Pinsir-Mega, M
|-mega|p1a: Pinsir|Pinsir|Pinsirite
|move|p1a: Pinsir|Swords Dance|p1a: Pinsir
|-boost|p1a: Pinsir|atk|2
|
|-damage|p1a: Pinsir|252\/334|[from] Leech Seed|[of] p2a: Rhyno
|turn|8
|
|switch|p2a: Fabiole|Clefable, F|394\/394
|move|p1a: Pinsir|Earthquake|p2a: Fabiole
|-damage|p2a: Fabiole|264\/394
|
|-heal|p2a: Fabiole|288\/394|[from] item: Leftovers
|-damage|p1a: Pinsir|211\/334|[from] Leech Seed|[of] p2a: Fabiole
|-heal|p2a: Fabiole|329\/394|[silent]
|turn|9
|
|move|p2a: Fabiole|Protect|p2a: Fabiole
|-singleturn|p2a: Fabiole|Protect
|move|p1a: Pinsir|Frustration|p2a: Fabiole
|-activate|p2a: Fabiole|Protect
|
|-heal|p2a: Fabiole|353\/394|[from] item: Leftovers
|-damage|p1a: Pinsir|170\/334|[from] Leech Seed|[of] p2a: Fabiole
|-heal|p2a: Fabiole|394\/394|[silent]
|turn|10
|
|switch|p1a: Infernape|Infernape, M|293\/293
|move|p2a: Fabiole|Moonblast|p1a: Infernape
|-damage|p1a: Infernape|130\/293
|
|turn|11
|
|move|p1a: Infernape|Overheat|p2a: Fabiole
|-damage|p2a: Fabiole|180\/394
|-unboost|p1a: Infernape|spa|2
|move|p2a: Fabiole|Moonblast|p1a: Infernape
|-damage|p1a: Infernape|0 fnt
|faint|p1a: Infernape
|
|-heal|p2a: Fabiole|204\/394|[from] item: Leftovers
|
|switch|p1a: Pinsir|Pinsir-Mega, M|170\/334
|turn|12
|
|move|p1a: Pinsir|Swords Dance|p1a: Pinsir
|-boost|p1a: Pinsir|atk|2
|move|p2a: Fabiole|Moonblast|p1a: Pinsir
|-damage|p1a: Pinsir|62\/334
|
|-heal|p2a: Fabiole|228\/394|[from] item: Leftovers
|turn|13
|
|move|p2a: Fabiole|Protect|p2a: Fabiole
|-singleturn|p2a: Fabiole|Protect
|move|p1a: Pinsir|Frustration|p2a: Fabiole
|-activate|p2a: Fabiole|Protect
|
|-heal|p2a: Fabiole|252\/394|[from] item: Leftovers
|turn|14
|
|move|p1a: Pinsir|Frustration|p2a: Fabiole
|-damage|p2a: Fabiole|0 fnt
|faint|p2a: Fabiole
|
|
|switch|p2a: Rhyno|Rhyperior, M|433\/433
|turn|15
|c|âThe Last Hero|Adamant ?
|c|âThe Last Hero|Or Max damage ?
|
|switch|p1a: Keldeo-Resolute|Keldeo-Resolute|263\/323 brn
|move|p2a: Rhyno|Rock Blast|p1a: Keldeo-Resolute
|-resisted|p1a: Keldeo-Resolute
|-damage|p1a: Keldeo-Resolute|239\/323 brn
|-resisted|p1a: Keldeo-Resolute
|-damage|p1a: Keldeo-Resolute|219\/323 brn
|-hitcount|p1a: Keldeo-Resolute|2
|
|-heal|p1a: Keldeo-Resolute|239\/323 brn|[from] item: Leftovers
|-damage|p1a: Keldeo-Resolute|199\/323 brn|[from] brn
|turn|16
|
|switch|p1a: Excadrill|Excadrill, F|361\/361
|-ability|p1a: Excadrill|Mold Breaker
|-item|p1a: Excadrill|Air Balloon
|switch|p2a: Tenta|Tentacruel, M|341\/363
|
|-heal|p2a: Tenta|363\/363|[from] item: Leftovers
|turn|17
|
|switch|p1a: Pinsir|Pinsir-Mega, M|62\/334
|switch|p2a: Chess|Chesnaught, M|359\/379
|
|-heal|p2a: Chess|379\/379|[from] item: Leftovers
|turn|18
|
|switch|p2a: Rhyno|Rhyperior, M|433\/433
|move|p1a: Pinsir|Frustration|p2a: Rhyno
|-resisted|p2a: Rhyno
|-damage|p2a: Rhyno|320\/433
|
|-heal|p2a: Rhyno|347\/433|[from] item: Leftovers
|turn|19
|
|switch|p1a: Keldeo-Resolute|Keldeo-Resolute|199\/323 brn
|move|p2a: Rhyno|Rock Blast|p1a: Keldeo-Resolute
|-resisted|p1a: Keldeo-Resolute
|-damage|p1a: Keldeo-Resolute|178\/323 brn
|-resisted|p1a: Keldeo-Resolute
|-damage|p1a: Keldeo-Resolute|157\/323 brn
|-resisted|p1a: Keldeo-Resolute
|-damage|p1a: Keldeo-Resolute|136\/323 brn
|-hitcount|p1a: Keldeo-Resolute|3
|
|-heal|p1a: Keldeo-Resolute|156\/323 brn|[from] item: Leftovers
|-heal|p2a: Rhyno|374\/433|[from] item: Leftovers
|-damage|p1a: Keldeo-Resolute|116\/323 brn|[from] brn
|turn|20
|
|switch|p2a: Tenta|Tentacruel, M|363\/363
|move|p1a: Keldeo-Resolute|Scald|p2a: Tenta
|-resisted|p2a: Tenta
|-damage|p2a: Tenta|303\/363
|
|-heal|p1a: Keldeo-Resolute|136\/323 brn|[from] item: Leftovers
|-heal|p2a: Tenta|325\/363|[from] item: Leftovers
|-damage|p1a: Keldeo-Resolute|96\/323 brn|[from] brn
|turn|21
|
|move|p1a: Keldeo-Resolute|Scald|p2a: Tenta
|-resisted|p2a: Tenta
|-damage|p2a: Tenta|268\/363
|move|p2a: Tenta|Scald|p1a: Keldeo-Resolute
|-resisted|p1a: Keldeo-Resolute
|-damage|p1a: Keldeo-Resolute|55\/323 brn
|
|-heal|p1a: Keldeo-Resolute|75\/323 brn|[from] item: Leftovers
|-heal|p2a: Tenta|290\/363|[from] item: Leftovers
|-damage|p1a: Keldeo-Resolute|35\/323 brn|[from] brn
|turn|22
|
|move|p1a: Keldeo-Resolute|Scald|p2a: Tenta
|-resisted|p2a: Tenta
|-damage|p2a: Tenta|233\/363
|-status|p2a: Tenta|brn
|move|p2a: Tenta|Scald|p1a: Keldeo-Resolute
|-resisted|p1a: Keldeo-Resolute
|-damage|p1a: Keldeo-Resolute|0 fnt
|faint|p1a: Keldeo-Resolute
|
|-heal|p2a: Tenta|255\/363 brn|[from] item: Leftovers
|-damage|p2a: Tenta|210\/363 brn|[from] brn
|
|switch|p1a: Pinsir|Pinsir-Mega, M|62\/334
|turn|23
|
|move|p1a: Pinsir|Frustration|p2a: Tenta
|-damage|p2a: Tenta|0 fnt
|faint|p2a: Tenta
|
|
|switch|p2a: Fenix Gitano|Moltres|383\/383
|-ability|p2a: Fenix Gitano|Pressure
|turn|24
|
|switch|p1a: Talonflame|Talonflame, M|297\/297
|move|p2a: Fenix Gitano|Flamethrower|p1a: Talonflame
|-resisted|p1a: Talonflame
|-damage|p1a: Talonflame|207\/297
|
|turn|25
|
|move|p1a: Talonflame|U-turn|p2a: Fenix Gitano
|-resisted|p2a: Fenix Gitano
|-damage|p2a: Fenix Gitano|360\/383
|
|switch|p1a: Landorus-Therian|Landorus-Therian, M|319\/319
|-ability|p1a: Landorus-Therian|Intimidate|[of] p2a: Fenix Gitano
|-unboost|p2a: Fenix Gitano|atk|1
|move|p2a: Fenix Gitano|Toxic|p1a: Landorus-Therian
|-status|p1a: Landorus-Therian|tox
|
|-heal|p2a: Fenix Gitano|383\/383|[from] item: Leftovers
|-damage|p1a: Landorus-Therian|300\/319 tox|[from] psn
|turn|26
|
|switch|p2a: Sabletroll|Sableye-Mega, M|207\/304
|move|p1a: Landorus-Therian|U-turn|p2a: Sabletroll
|-damage|p2a: Sabletroll|119\/304
|
|switch|p1a: Pinsir|Pinsir-Mega, M|62\/334
|
|turn|27
|
|move|p1a: Pinsir|Frustration|p2a: Sabletroll
|-damage|p2a: Sabletroll|0 fnt
|faint|p2a: Sabletroll
|
|
|switch|p2a: Fenix Gitano|Moltres|383\/383
|-ability|p2a: Fenix Gitano|Pressure
|turn|28
|
|move|p1a: Pinsir|Quick Attack|p2a: Fenix Gitano
|-damage|p2a: Fenix Gitano|265\/383
|move|p2a: Fenix Gitano|Toxic|p1a: Pinsir
|-status|p1a: Pinsir|tox
|
|-heal|p2a: Fenix Gitano|288\/383|[from] item: Leftovers
|-damage|p1a: Pinsir|42\/334 tox|[from] psn
|turn|29
|
|move|p1a: Pinsir|Frustration|p2a: Fenix Gitano
|-damage|p2a: Fenix Gitano|0 fnt
|faint|p2a: Fenix Gitano
|
|-damage|p1a: Pinsir|2\/334 tox|[from] psn
|
|switch|p2a: Chess|Chesnaught, M|379\/379
|turn|30
|
|switch|p2a: Rhyno|Rhyperior, M|374\/433
|move|p1a: Pinsir|Frustration|p2a: Rhyno
|-resisted|p2a: Rhyno
|-damage|p2a: Rhyno|264\/433
|
|-heal|p2a: Rhyno|291\/433|[from] item: Leftovers
|-damage|p1a: Pinsir|0 fnt|[from] psn
|faint|p1a: Pinsir
|
|switch|p1a: Landorus-Therian|Landorus-Therian, M|300\/319 tox
|-ability|p1a: Landorus-Therian|Intimidate|[of] p2a: Rhyno
|-unboost|p2a: Rhyno|atk|1
|turn|31
|
|switch|p2a: Chess|Chesnaught, M|379\/379
|move|p1a: Landorus-Therian|Earthquake|p2a: Chess
|-resisted|p2a: Chess
|-damage|p2a: Chess|317\/379
|
|-heal|p2a: Chess|340\/379|[from] item: Leftovers
|-damage|p1a: Landorus-Therian|281\/319 tox|[from] psn
|turn|32
|
|switch|p1a: Excadrill|Excadrill, F|361\/361
|-ability|p1a: Excadrill|Mold Breaker
|-item|p1a: Excadrill|Air Balloon
|move|p2a: Chess|Leech Seed|p1a: Excadrill
|-start|p1a: Excadrill|move: Leech Seed
|
|-heal|p2a: Chess|363\/379|[from] item: Leftovers
|-damage|p1a: Excadrill|316\/361|[from] Leech Seed|[of] p2a: Chess
|-heal|p2a: Chess|379\/379|[silent]
|turn|33
|
|switch|p1a: Talonflame|Talonflame, M|207\/297
|move|p2a: Chess|Leech Seed|p1a: Talonflame
|-start|p1a: Talonflame|move: Leech Seed
|
|-damage|p1a: Talonflame|170\/297|[from] Leech Seed|[of] p2a: Chess
|turn|34
|
|switch|p1a: Landorus-Therian|Landorus-Therian, M|281\/319 tox
|-ability|p1a: Landorus-Therian|Intimidate|[of] p2a: Chess
|-unboost|p2a: Chess|atk|1
|move|p2a: Chess|Spiky Shield|p2a: Chess
|-fail|p2a: Chess
|
|-damage|p1a: Landorus-Therian|262\/319 tox|[from] psn
|turn|35
|
|move|p2a: Chess|Spiky Shield|p2a: Chess
|-singleturn|p2a: Chess|move: Protect
|move|p1a: Landorus-Therian|Knock Off|p2a: Chess
|-activate|p2a: Chess|move: Protect
|-damage|p1a: Landorus-Therian|223\/319 tox|[from] Spiky Shield|[of] p2a: Chess
|
|-damage|p1a: Landorus-Therian|185\/319 tox|[from] psn
|turn|36
|
|move|p1a: Landorus-Therian|Knock Off|p2a: Chess
|-resisted|p2a: Chess
|-damage|p2a: Chess|333\/379
|-enditem|p2a: Chess|Leftovers|[from] move: Knock Off|[of] p1a: Landorus-Therian
|move|p2a: Chess|Leech Seed|p1a: Landorus-Therian
|-start|p1a: Landorus-Therian|move: Leech Seed
|
|-damage|p1a: Landorus-Therian|146\/319 tox|[from] Leech Seed|[of] p2a: Chess
|-heal|p2a: Chess|372\/379|[silent]
|-damage|p1a: Landorus-Therian|89\/319 tox|[from] psn
|turn|37
|
|switch|p1a: Excadrill|Excadrill, F|316\/361
|-ability|p1a: Excadrill|Mold Breaker
|-item|p1a: Excadrill|Air Balloon
|move|p2a: Chess|Leech Seed|p1a: Excadrill
|-start|p1a: Excadrill|move: Leech Seed
|
|-damage|p1a: Excadrill|271\/361|[from] Leech Seed|[of] p2a: Chess
|-heal|p2a: Chess|379\/379|[silent]
|turn|38
|
|move|p1a: Excadrill|Rapid Spin|p2a: Chess
|-damage|p2a: Chess|362\/379
|-end|p1a: Excadrill|Leech Seed|[from] move: Rapid Spin|[of] p1a: Excadrill
|move|p2a: Chess|Leech Seed|p1a: Excadrill
|-start|p1a: Excadrill|move: Leech Seed
|
|-damage|p1a: Excadrill|226\/361|[from] Leech Seed|[of] p2a: Chess
|-heal|p2a: Chess|379\/379|[silent]
|turn|39
|
|switch|p1a: Talonflame|Talonflame, M|170\/297
|move|p2a: Chess|Leech Seed|p1a: Talonflame
|-start|p1a: Talonflame|move: Leech Seed
|
|-damage|p1a: Talonflame|133\/297|[from] Leech Seed|[of] p2a: Chess
|turn|40
|
|switch|p2a: Rhyno|Rhyperior, M|291\/433
|move|p1a: Talonflame|Brave Bird|p2a: Rhyno
|-resisted|p2a: Rhyno
|-damage|p2a: Rhyno|201\/433
|-damage|p1a: Talonflame|103\/297|[from] recoil|[of] p2a: Rhyno
|
|-heal|p2a: Rhyno|228\/433|[from] item: Leftovers
|-damage|p1a: Talonflame|66\/297|[from] Leech Seed|[of] p2a: Rhyno
|-heal|p2a: Rhyno|265\/433|[silent]
|turn|41
|-message|Bulbasawr forfeited.
|
|win|The Last Hero
|raw|Ladder updating...
|leave|Bulbasawr
|player|p1
|raw|Bulbasawr's rating: 1475 &rarr; <strong>1453<\/strong><br \/>(-22 for losing)
|raw|The Last Hero's rating: 1444 &rarr; <strong>1466<\/strong><br \/>(+22 for winning)