|join|corvetto
|join|The Last Hero
|player|p1|corvetto|99
|player|p2|The Last Hero|54
|gametype|singles
|gen|6
|tier|OU (suspect test)
|rated
|clearpoke
|poke|p1|Mandibuzz, F
|poke|p1|Charizard, M, shiny
|poke|p1|Heatran, F
|poke|p1|Azumarill, F
|poke|p1|Gengar, M, shiny
|poke|p1|Landorus-Therian, M
|poke|p2|Sableye, M
|poke|p2|Clefable, F
|poke|p2|Tentacruel, M
|poke|p2|Chesnaught, M
|poke|p2|Rhyperior, M
|poke|p2|Moltres
|rule|Swagger Clause: Swagger is banned
|rule|Baton Pass Clause: Limit one PokÃ©mon knowing Baton Pass
|rule|Sleep Clause Mod: Limit one foe put to sleep
|rule|Species Clause: Limit one of each PokÃ©mon
|rule|OHKO Clause: OHKO moves are banned
|rule|Moody Clause: Moody is banned
|rule|Evasion Moves Clause: Evasion moves are banned
|rule|Endless Battle Clause: Forcing endless battles is banned
|rule|HP Percentage Mod: HP is shown in percentages
|teampreview
|
|start
|switch|p1a: Heatran|Heatran, F|344\/344
|switch|p2a: Sabletroll|Sableye, M|304\/304
|turn|1
|
|detailschange|p2a: Sabletroll|Sableye-Mega, M
|-mega|p2a: Sabletroll|Sableye|Sablenite
|move|p1a: Heatran|Lava Plume|p2a: Sabletroll
|-damage|p2a: Sabletroll|226\/304
|move|p2a: Sabletroll|Knock Off|p1a: Heatran
|-damage|p1a: Heatran|262\/344
|-enditem|p1a: Heatran|Leftovers|[from] move: Knock Off|[of] p2a: Sabletroll
|
|turn|2
|
|switch|p2a: Fenix Gitano|Moltres|383\/383
|-ability|p2a: Fenix Gitano|Pressure
|move|p1a: Heatran|Lava Plume|p2a: Fenix Gitano
|-resisted|p2a: Fenix Gitano
|-damage|p2a: Fenix Gitano|323\/383
|
|-heal|p2a: Fenix Gitano|346\/383|[from] item: Leftovers
|turn|3
|
|move|p1a: Heatran|Protect|p1a: Heatran
|-singleturn|p1a: Heatran|Protect
|move|p2a: Fenix Gitano|Mud-Slap|p1a: Heatran
|-activate|p1a: Heatran|Protect
|
|-heal|p2a: Fenix Gitano|369\/383|[from] item: Leftovers
|turn|4
|
|switch|p1a: Landorus-Therian|Landorus-Therian, M|319\/319
|-ability|p1a: Landorus-Therian|Intimidate|[of] p2a: Fenix Gitano
|-unboost|p2a: Fenix Gitano|atk|1
|move|p2a: Fenix Gitano|Toxic|p1a: Landorus-Therian
|-status|p1a: Landorus-Therian|tox
|
|-heal|p2a: Fenix Gitano|383\/383|[from] item: Leftovers
|-damage|p1a: Landorus-Therian|300\/319 tox|[from] psn
|turn|5
|
|switch|p2a: Sabletroll|Sableye-Mega, M|226\/304
|move|p1a: Landorus-Therian|U-turn|p2a: Sabletroll
|-damage|p2a: Sabletroll|150\/304
|
|switch|p1a: Azumarill|Azumarill, F|403\/403
|
|turn|6
|
|switch|p2a: Tenta|Tentacruel, M|363\/363
|move|p1a: Azumarill|Waterfall|p2a: Tenta
|-resisted|p2a: Tenta
|-damage|p2a: Tenta|234\/363
|
|-heal|p2a: Tenta|256\/363|[from] item: Leftovers
|turn|7
|
|switch|p1a: Mandibuzz|Mandibuzz, F|423\/423
|move|p2a: Tenta|Scald|p1a: Mandibuzz
|-damage|p1a: Mandibuzz|347\/423
|
|-heal|p2a: Tenta|278\/363|[from] item: Leftovers
|-heal|p1a: Mandibuzz|373\/423|[from] item: Leftovers
|turn|8
|
|switch|p2a: Sabletroll|Sableye-Mega, M|150\/304
|move|p1a: Mandibuzz|Taunt|p2a: Sabletroll
|move|p2a: Sabletroll|Taunt|p1a: Mandibuzz|[from]Magic Bounce
|-start|p1a: Mandibuzz|move: Taunt
|
|-heal|p1a: Mandibuzz|399\/423|[from] item: Leftovers
|turn|9
|c|âcorvetto|lol
|
|move|p1a: Mandibuzz|Foul Play|p2a: Sabletroll
|-damage|p2a: Sabletroll|68\/304
|move|p2a: Sabletroll|Recover|p2a: Sabletroll
|-heal|p2a: Sabletroll|220\/304
|
|-heal|p1a: Mandibuzz|423\/423|[from] item: Leftovers
|turn|10
|
|move|p1a: Mandibuzz|Foul Play|p2a: Sabletroll
|-damage|p2a: Sabletroll|135\/304
|move|p2a: Sabletroll|Foul Play|p1a: Mandibuzz
|-resisted|p1a: Mandibuzz
|-damage|p1a: Mandibuzz|393\/423
|
|-heal|p1a: Mandibuzz|419\/423|[from] item: Leftovers
|turn|11
|
|move|p1a: Mandibuzz|Foul Play|p2a: Sabletroll
|-damage|p2a: Sabletroll|60\/304
|move|p2a: Sabletroll|Recover|p2a: Sabletroll
|-heal|p2a: Sabletroll|212\/304
|
|-heal|p1a: Mandibuzz|423\/423|[from] item: Leftovers
|-end|p1a: Mandibuzz|move: Taunt
|turn|12
|
|move|p1a: Mandibuzz|Foul Play|p2a: Sabletroll
|-damage|p2a: Sabletroll|137\/304
|move|p2a: Sabletroll|Will-O-Wisp|p1a: Mandibuzz
|-status|p1a: Mandibuzz|brn
|
|-damage|p1a: Mandibuzz|371\/423 brn|[from] brn
|turn|13
|
|move|p1a: Mandibuzz|Foul Play|p2a: Sabletroll
|-damage|p2a: Sabletroll|98\/304
|move|p2a: Sabletroll|Recover|p2a: Sabletroll
|-heal|p2a: Sabletroll|250\/304
|
|-heal|p1a: Mandibuzz|397\/423 brn|[from] item: Leftovers
|-damage|p1a: Mandibuzz|345\/423 brn|[from] brn
|turn|14
|
|switch|p1a: Landorus-Therian|Landorus-Therian, M|300\/319 tox
|-ability|p1a: Landorus-Therian|Intimidate|[of] p2a: Sabletroll
|-unboost|p2a: Sabletroll|atk|1
|move|p2a: Sabletroll|Knock Off|p1a: Landorus-Therian
|-damage|p1a: Landorus-Therian|228\/319 tox
|-enditem|p1a: Landorus-Therian|Choice Scarf|[from] move: Knock Off|[of] p2a: Sabletroll
|
|-damage|p1a: Landorus-Therian|209\/319 tox|[from] psn
|turn|15
|
|move|p1a: Landorus-Therian|Earthquake|p2a: Sabletroll
|-damage|p2a: Sabletroll|67\/304
|move|p2a: Sabletroll|Recover|p2a: Sabletroll
|-heal|p2a: Sabletroll|219\/304
|
|-damage|p1a: Landorus-Therian|171\/319 tox|[from] psn
|turn|16
|
|switch|p1a: Azumarill|Azumarill, F|403\/403
|move|p2a: Sabletroll|Recover|p2a: Sabletroll
|-heal|p2a: Sabletroll|304\/304
|
|turn|17
|
|switch|p1a: Landorus-Therian|Landorus-Therian, M|171\/319 tox
|-ability|p1a: Landorus-Therian|Intimidate|[of] p2a: Sabletroll
|-unboost|p2a: Sabletroll|atk|1
|move|p2a: Sabletroll|Will-O-Wisp|p1a: Landorus-Therian|[miss]
|-miss|p2a: Sabletroll|p1a: Landorus-Therian
|
|-damage|p1a: Landorus-Therian|152\/319 tox|[from] psn
|turn|18
|
|move|p1a: Landorus-Therian|Earthquake|p2a: Sabletroll
|-damage|p2a: Sabletroll|141\/304
|move|p2a: Sabletroll|Recover|p2a: Sabletroll
|-heal|p2a: Sabletroll|293\/304
|
|-damage|p1a: Landorus-Therian|114\/319 tox|[from] psn
|turn|19
|
|switch|p1a: Azumarill|Azumarill, F|403\/403
|move|p2a: Sabletroll|Recover|p2a: Sabletroll
|-heal|p2a: Sabletroll|304\/304
|
|turn|20
|
|switch|p1a: Landorus-Therian|Landorus-Therian, M|114\/319 tox
|-ability|p1a: Landorus-Therian|Intimidate|[of] p2a: Sabletroll
|-unboost|p2a: Sabletroll|atk|1
|switch|p2a: Tenta|Tentacruel, M|278\/363
|
|-heal|p2a: Tenta|300\/363|[from] item: Leftovers
|-damage|p1a: Landorus-Therian|95\/319 tox|[from] psn
|turn|21
|
|switch|p2a: Chess|Chesnaught, M|379\/379
|move|p1a: Landorus-Therian|U-turn|p2a: Chess
|-damage|p2a: Chess|318\/379
|
|switch|p1a: Gengar|Gengar, M, shiny|261\/261
|
|-heal|p2a: Chess|341\/379|[from] item: Leftovers
|turn|22
|
|switch|p2a: Sabletroll|Sableye-Mega, M|304\/304
|move|p1a: Gengar|Substitute|p1a: Gengar
|-start|p1a: Gengar|Substitute
|-damage|p1a: Gengar|196\/261
|
|turn|23
|
|move|p1a: Gengar|Sludge Wave|p2a: Sabletroll
|-resisted|p2a: Sabletroll
|-damage|p2a: Sabletroll|234\/304
|-damage|p1a: Gengar|170\/261|[from] item: Life Orb
|move|p2a: Sabletroll|Knock Off|p1a: Gengar
|-supereffective|p1a: Gengar
|-end|p1a: Gengar|Substitute
|
|turn|24
|
|move|p1a: Gengar|Shadow Ball|p2a: Sabletroll
|-damage|p2a: Sabletroll|105\/304
|-damage|p1a: Gengar|144\/261|[from] item: Life Orb
|move|p2a: Sabletroll|Foul Play|p1a: Gengar
|-supereffective|p1a: Gengar
|-damage|p1a: Gengar|0 fnt
|faint|p1a: Gengar
|
|
|switch|p1a: Landorus-Therian|Landorus-Therian, M|95\/319 tox
|-ability|p1a: Landorus-Therian|Intimidate|[of] p2a: Sabletroll
|-unboost|p2a: Sabletroll|atk|1
|turn|25
|
|switch|p2a: Chess|Chesnaught, M|341\/379
|move|p1a: Landorus-Therian|Earthquake|p2a: Chess
|-resisted|p2a: Chess
|-damage|p2a: Chess|270\/379
|
|-heal|p2a: Chess|293\/379|[from] item: Leftovers
|-damage|p1a: Landorus-Therian|76\/319 tox|[from] psn
|turn|26
|
|move|p1a: Landorus-Therian|U-turn|p2a: Chess
|-damage|p2a: Chess|236\/379
|
|switch|p1a: Heatran|Heatran, F|262\/344
|move|p2a: Chess|Leech Seed|p1a: Heatran
|-start|p1a: Heatran|move: Leech Seed
|
|-heal|p2a: Chess|259\/379|[from] item: Leftovers
|-damage|p1a: Heatran|219\/344|[from] Leech Seed|[of] p2a: Chess
|-heal|p2a: Chess|302\/379|[silent]
|turn|27
|
|switch|p1a: Landorus-Therian|Landorus-Therian, M|76\/319 tox
|-ability|p1a: Landorus-Therian|Intimidate|[of] p2a: Chess
|-unboost|p2a: Chess|atk|1
|switch|p2a: Tenta|Tentacruel, M|300\/363
|
|-heal|p2a: Tenta|322\/363|[from] item: Leftovers
|-damage|p1a: Landorus-Therian|57\/319 tox|[from] psn
|turn|28
|
|switch|p2a: Chess|Chesnaught, M|302\/379
|move|p1a: Landorus-Therian|Earthquake|p2a: Chess
|-resisted|p2a: Chess
|-damage|p2a: Chess|234\/379
|
|-heal|p2a: Chess|257\/379|[from] item: Leftovers
|-damage|p1a: Landorus-Therian|19\/319 tox|[from] psn
|turn|29
|
|move|p1a: Landorus-Therian|Knock Off|p2a: Chess
|-resisted|p2a: Chess
|-damage|p2a: Chess|213\/379
|-enditem|p2a: Chess|Leftovers|[from] move: Knock Off|[of] p1a: Landorus-Therian
|move|p2a: Chess|Leech Seed|p1a: Landorus-Therian
|-start|p1a: Landorus-Therian|move: Leech Seed
|
|-damage|p1a: Landorus-Therian|0 fnt|[from] Leech Seed|[of] p2a: Chess
|-heal|p2a: Chess|232\/379|[silent]
|faint|p1a: Landorus-Therian
|
|switch|p1a: Heatran|Heatran, F|219\/344
|turn|30
|
|switch|p2a: Fenix Gitano|Moltres|383\/383
|-ability|p2a: Fenix Gitano|Pressure
|move|p1a: Heatran|Stealth Rock|p2a: Fenix Gitano
|-sidestart|p2: The Last Hero|move: Stealth Rock
|
|turn|31
|
|move|p2a: Fenix Gitano|Mud-Slap|p1a: Heatran
|-supereffective|p1a: Heatran
|-damage|p1a: Heatran|155\/344
|-unboost|p1a: Heatran|accuracy|1
|move|p1a: Heatran|Toxic|p2a: Fenix Gitano
|-status|p2a: Fenix Gitano|tox
|
|-damage|p2a: Fenix Gitano|360\/383 tox|[from] psn
|turn|32
|
|switch|p2a: Tenta|Tentacruel, M|322\/363
|-damage|p2a: Tenta|277\/363|[from] Stealth Rock
|move|p1a: Heatran|Protect|p1a: Heatran
|-fail|p1a: Heatran
|
|-heal|p2a: Tenta|299\/363|[from] item: Leftovers
|turn|33
|
|move|p1a: Heatran|Protect|p1a: Heatran
|-singleturn|p1a: Heatran|Protect
|move|p2a: Tenta|Rapid Spin|p1a: Heatran
|-activate|p1a: Heatran|Protect
|
|-heal|p2a: Tenta|321\/363|[from] item: Leftovers
|turn|34
|
|switch|p1a: Charizard|Charizard, M, shiny|315\/315
|move|p2a: Tenta|Rapid Spin|p1a: Charizard
|-damage|p1a: Charizard|304\/315
|-sideend|p2: The Last Hero|Stealth Rock|[from] move: Rapid Spin|[of] p2a: Tenta
|
|-heal|p2a: Tenta|343\/363|[from] item: Leftovers
|turn|35
|
|switch|p2a: Sabletroll|Sableye-Mega, M|105\/304
|detailschange|p1a: Charizard|Charizard-Mega-X, M, shiny
|-mega|p1a: Charizard|Charizard|Charizardite X
|move|p1a: Charizard|Dragon Dance|p1a: Charizard
|-boost|p1a: Charizard|atk|1
|-boost|p1a: Charizard|spe|1
|
|turn|36
|
|move|p1a: Charizard|Dragon Claw|p2a: Sabletroll
|-damage|p2a: Sabletroll|0 fnt
|faint|p2a: Sabletroll
|
|
|switch|p2a: Rhyno|Rhyperior, M|433\/433
|turn|37
|
|move|p1a: Charizard|Dragon Claw|p2a: Rhyno
|-damage|p2a: Rhyno|210\/433
|move|p2a: Rhyno|Earthquake|p1a: Charizard
|-supereffective|p1a: Charizard
|-damage|p1a: Charizard|10\/315
|
|-heal|p2a: Rhyno|237\/433|[from] item: Leftovers
|turn|38
|
|move|p1a: Charizard|Dragon Claw|p2a: Rhyno
|-crit|p2a: Rhyno
|-damage|p2a: Rhyno|0 fnt
|faint|p2a: Rhyno
|
|
|switch|p2a: Fabiole|Clefable, F|394\/394
|turn|39
|
|move|p1a: Charizard|Roost|p1a: Charizard
|-heal|p1a: Charizard|168\/315
|move|p2a: Fabiole|Moonblast|p1a: Charizard
|-damage|p1a: Charizard|35\/315
|
|turn|40
|
|switch|p2a: Fenix Gitano|Moltres|360\/383 tox
|-ability|p2a: Fenix Gitano|Pressure
|move|p1a: Charizard|Roost|p1a: Charizard
|-heal|p1a: Charizard|193\/315
|
|-heal|p2a: Fenix Gitano|383\/383 tox|[from] item: Leftovers
|-damage|p2a: Fenix Gitano|360\/383 tox|[from] psn
|turn|41
|
|move|p1a: Charizard|Dragon Claw|p2a: Fenix Gitano
|-damage|p2a: Fenix Gitano|60\/383 tox
|move|p2a: Fenix Gitano|Toxic|p1a: Charizard|[miss]
|-miss|p2a: Fenix Gitano|p1a: Charizard
|
|-heal|p2a: Fenix Gitano|83\/383 tox|[from] item: Leftovers
|-damage|p2a: Fenix Gitano|37\/383 tox|[from] psn
|turn|42
|c|âThe Last Hero|...
|
|switch|p2a: Fabiole|Clefable, F|394\/394
|move|p1a: Charizard|Dragon Claw|p2a: Fabiole
|-immune|p2a: Fabiole|[msg]
|
|turn|43
|c|âcorvetto|lesson dont use sableye
|
|move|p1a: Charizard|Flare Blitz|p2a: Fabiole
|-damage|p2a: Fabiole|129\/394
|-status|p2a: Fabiole|brn
|-damage|p1a: Charizard|106\/315|[from] recoil|[of] p2a: Fabiole
|move|p2a: Fabiole|Moonblast|p1a: Charizard
|-damage|p1a: Charizard|0 fnt
|faint|p1a: Charizard
|
|-heal|p2a: Fabiole|153\/394 brn|[from] item: Leftovers
|-damage|p2a: Fabiole|104\/394 brn|[from] brn
|
|switch|p1a: Azumarill|Azumarill, F|403\/403
|turn|44
|
|move|p2a: Fabiole|Heal Bell|p2a: Fabiole
|-cureteam|p2a: Fabiole|[from] move: HealBell
|move|p1a: Azumarill|Play Rough|p2a: Fabiole
|-damage|p2a: Fabiole|0 fnt
|faint|p2a: Fabiole
|
|
|switch|p2a: Tenta|Tentacruel, M|343\/363
|turn|45
|
|switch|p1a: Mandibuzz|Mandibuzz, F|345\/423 brn
|move|p2a: Tenta|Sludge Bomb|p1a: Mandibuzz
|-damage|p1a: Mandibuzz|258\/423 brn
|
|-heal|p2a: Tenta|363\/363|[from] item: Leftovers
|-heal|p1a: Mandibuzz|284\/423 brn|[from] item: Leftovers
|-damage|p1a: Mandibuzz|232\/423 brn|[from] brn
|turn|46
|
|switch|p2a: Fenix Gitano|Moltres|37\/383
|-ability|p2a: Fenix Gitano|Pressure
|move|p1a: Mandibuzz|Roost|p1a: Mandibuzz
|-heal|p1a: Mandibuzz|423\/423 brn
|
|-heal|p2a: Fenix Gitano|60\/383|[from] item: Leftovers
|-damage|p1a: Mandibuzz|371\/423 brn|[from] brn
|turn|47
|
|switch|p1a: Azumarill|Azumarill, F|403\/403
|move|p2a: Fenix Gitano|Roost|p2a: Fenix Gitano
|-heal|p2a: Fenix Gitano|252\/383
|
|-heal|p2a: Fenix Gitano|275\/383|[from] item: Leftovers
|turn|48
|
|move|p2a: Fenix Gitano|Toxic|p1a: Azumarill
|-status|p1a: Azumarill|tox
|move|p1a: Azumarill|Play Rough|p2a: Fenix Gitano
|-resisted|p2a: Fenix Gitano
|-damage|p2a: Fenix Gitano|137\/383
|
|-heal|p2a: Fenix Gitano|160\/383|[from] item: Leftovers
|-damage|p1a: Azumarill|378\/403 tox|[from] psn
|turn|49
|
|switch|p1a: Heatran|Heatran, F|155\/344
|move|p2a: Fenix Gitano|Mud-Slap|p1a: Heatran
|-supereffective|p1a: Heatran
|-damage|p1a: Heatran|87\/344
|-unboost|p1a: Heatran|accuracy|1
|
|-heal|p2a: Fenix Gitano|183\/383|[from] item: Leftovers
|turn|50
|
|move|p2a: Fenix Gitano|Mud-Slap|p1a: Heatran
|-supereffective|p1a: Heatran
|-damage|p1a: Heatran|19\/344
|-unboost|p1a: Heatran|accuracy|1
|move|p1a: Heatran|Toxic|p2a: Fenix Gitano|[miss]
|-miss|p1a: Heatran|p2a: Fenix Gitano
|
|-heal|p2a: Fenix Gitano|206\/383|[from] item: Leftovers
|turn|51
|
|move|p2a: Fenix Gitano|Mud-Slap|p1a: Heatran
|-supereffective|p1a: Heatran
|-damage|p1a: Heatran|0 fnt
|faint|p1a: Heatran
|
|-heal|p2a: Fenix Gitano|229\/383|[from] item: Leftovers
|
|switch|p1a: Azumarill|Azumarill, F|378\/403 tox
|turn|52
|-message|corvetto forfeited.
|leave|corvetto
|
|win|The Last Hero
|raw|Ladder updating...
|player|p1
|raw|corvetto's rating: 1317 &rarr; <strong>1303<\/strong><br \/>(-14 for losing)
|raw|The Last Hero's rating: 1419 &rarr; <strong>1433<\/strong><br \/>(+14 for winning)