|join|The Last Hero
|join|angel0mike
|player|p1|The Last Hero|54
|player|p2|angel0mike|144
|gametype|singles
|gen|6
|tier|OU (suspect test)
|rated
|clearpoke
|poke|p1|Sableye, M
|poke|p1|Clefable, F
|poke|p1|Tentacruel, M
|poke|p1|Chesnaught, M
|poke|p1|Rhyperior, M
|poke|p1|Moltres
|poke|p2|Altaria, M, shiny
|poke|p2|Magnezone
|poke|p2|Weavile, M
|poke|p2|Landorus-Therian, M
|poke|p2|Keldeo-Resolute
|poke|p2|Latios, M
|rule|Swagger Clause: Swagger is banned
|rule|Baton Pass Clause: Limit one PokÃ©mon knowing Baton Pass
|rule|Sleep Clause Mod: Limit one foe put to sleep
|rule|Species Clause: Limit one of each PokÃ©mon
|rule|OHKO Clause: OHKO moves are banned
|rule|Moody Clause: Moody is banned
|rule|Evasion Moves Clause: Evasion moves are banned
|rule|Endless Battle Clause: Forcing endless battles is banned
|rule|HP Percentage Mod: HP is shown in percentages
|teampreview
|c|âangel0mike|ma gosh
|c|âangel0mike|gl hf
|c|âThe Last Hero|gl
|
|start
|switch|p1a: Sabletroll|Sableye, M|304\/304
|switch|p2a: Landorus-Therian|Landorus-Therian, M|379\/379
|-ability|p2a: Landorus-Therian|Intimidate|[of] p1a: Sabletroll
|-unboost|p1a: Sabletroll|atk|1
|turn|1
|
|switch|p2a: Magnezone|Magnezone|285\/285
|detailschange|p1a: Sabletroll|Sableye-Mega, M
|-mega|p1a: Sabletroll|Sableye|Sablenite
|move|p1a: Sabletroll|Will-O-Wisp|p2a: Magnezone|[miss]
|-miss|p1a: Sabletroll|p2a: Magnezone
|
|turn|2
|c|âangel0mike|srry
|c|âThe Last Hero|np
|
|move|p2a: Magnezone|Flash Cannon|p1a: Sabletroll
|-damage|p1a: Sabletroll|202\/304
|move|p1a: Sabletroll|Will-O-Wisp|p2a: Magnezone
|-status|p2a: Magnezone|brn
|
|-damage|p2a: Magnezone|250\/285 brn|[from] brn
|turn|3
|
|switch|p2a: Altaria|Altaria, M, shiny|353\/353
|move|p1a: Sabletroll|Will-O-Wisp|p2a: Altaria
|-status|p2a: Altaria|brn
|
|-damage|p2a: Altaria|309\/353 brn|[from] brn
|turn|4
|
|switch|p2a: Magnezone|Magnezone|250\/285 brn
|switch|p1a: Fenix Gitano|Moltres|383\/383
|-ability|p1a: Fenix Gitano|Pressure
|
|-damage|p2a: Magnezone|215\/285 brn|[from] brn
|turn|5
|
|switch|p2a: Altaria|Altaria, M, shiny|309\/353
|move|p1a: Fenix Gitano|Toxic|p2a: Altaria
|-status|p2a: Altaria|tox
|
|-damage|p2a: Altaria|287\/353 tox|[from] psn
|turn|6
|
|switch|p2a: Keldeo-Resolute|Keldeo-Resolute|323\/323
|move|p1a: Fenix Gitano|Toxic|p2a: Keldeo-Resolute
|-status|p2a: Keldeo-Resolute|tox
|
|-damage|p2a: Keldeo-Resolute|303\/323 tox|[from] psn
|turn|7
|
|switch|p2a: Latios|Latios, M|301\/301
|switch|p1a: Tenta|Tentacruel, M|363\/363
|
|turn|8
|
|switch|p1a: Fabiole|Clefable, F|394\/394
|move|p2a: Latios|Psyshock|p1a: Fabiole
|-crit|p1a: Fabiole
|-damage|p1a: Fabiole|155\/394
|-damage|p2a: Latios|271\/301|[from] item: Life Orb
|
|-heal|p1a: Fabiole|179\/394|[from] item: Leftovers
|turn|9
|c|âangel0mike|lol
|
|switch|p2a: Landorus-Therian|Landorus-Therian, M|379\/379
|-ability|p2a: Landorus-Therian|Intimidate|[of] p1a: Fabiole
|-unboost|p1a: Fabiole|atk|1
|move|p1a: Fabiole|Wish|p1a: Fabiole
|
|-heal|p1a: Fabiole|203\/394|[from] item: Leftovers
|turn|10
|
|switch|p1a: Sabletroll|Sableye-Mega, M|202\/304
|move|p2a: Landorus-Therian|U-turn|p1a: Sabletroll
|-damage|p1a: Sabletroll|139\/304
|
|switch|p2a: Altaria|Altaria, M, shiny|287\/353
|
|-heal|p1a: Sabletroll|304\/304|[from] move: Wish|[wisher] Fabiole
|turn|11
|
|switch|p1a: Fenix Gitano|Moltres|383\/383
|-ability|p1a: Fenix Gitano|Pressure
|detailschange|p2a: Altaria|Altaria-Mega, M, shiny
|-mega|p2a: Altaria|Altaria|Altarianite
|move|p2a: Altaria|Substitute|p2a: Altaria
|-start|p2a: Altaria|Substitute
|-damage|p2a: Altaria|199\/353
|
|turn|12
|
|switch|p1a: Rhyno|Rhyperior, M|433\/433
|move|p2a: Altaria|Roost|p2a: Altaria
|-heal|p2a: Altaria|353\/353
|
|turn|13
|c|âangel0mike|eres eeveeto?
|c|âThe Last Hero|asi es
|c|âangel0mike|hostia puta xDDDD
|c|âangel0mike|ya decia yo que no podia ver moltres a alguien mas
|c|âThe Last Hero|xD
|c|âThe Last Hero|y aun no has visto lo gitano que es
|c|âangel0mike|jajajaj
|
|switch|p2a: Keldeo-Resolute|Keldeo-Resolute|303\/323 tox
|move|p1a: Rhyno|Stealth Rock|p2a: Keldeo-Resolute
|-sidestart|p2: angel0mike|move: Stealth Rock
|
|-damage|p2a: Keldeo-Resolute|283\/323 tox|[from] psn
|turn|14
|c|âangel0mike|esto esta perdido anyway
|
|switch|p2a: Landorus-Therian|Landorus-Therian, M|379\/379
|-damage|p2a: Landorus-Therian|332\/379|[from] Stealth Rock
|-ability|p2a: Landorus-Therian|Intimidate|[of] p1a: Rhyno
|-unboost|p1a: Rhyno|atk|1
|switch|p1a: Tenta|Tentacruel, M|363\/363
|
|-heal|p2a: Landorus-Therian|355\/379|[from] item: Leftovers
|turn|15
|
|move|p1a: Tenta|Scald|p2a: Landorus-Therian
|-supereffective|p2a: Landorus-Therian
|-damage|p2a: Landorus-Therian|175\/379
|-status|p2a: Landorus-Therian|brn
|move|p2a: Landorus-Therian|Earthquake|p1a: Tenta
|-supereffective|p1a: Tenta
|-damage|p1a: Tenta|199\/363
|
|-heal|p1a: Tenta|221\/363|[from] item: Leftovers
|-heal|p2a: Landorus-Therian|198\/379 brn|[from] item: Leftovers
|-damage|p2a: Landorus-Therian|151\/379 brn|[from] brn
|turn|16
|
|move|p1a: Tenta|Scald|p2a: Landorus-Therian
|-supereffective|p2a: Landorus-Therian
|-damage|p2a: Landorus-Therian|0 fnt
|faint|p2a: Landorus-Therian
|
|-heal|p1a: Tenta|243\/363|[from] item: Leftovers
|
|switch|p2a: Weavile|Weavile, M|281\/281
|-damage|p2a: Weavile|211\/281|[from] Stealth Rock
|-ability|p2a: Weavile|Pressure
|turn|17
|
|switch|p1a: Sabletroll|Sableye-Mega, M|304\/304
|move|p2a: Weavile|Ice Punch|p1a: Sabletroll
|-damage|p1a: Sabletroll|166\/304
|-damage|p2a: Weavile|183\/281|[from] item: Life Orb
|
|turn|18
|
|switch|p2a: Keldeo-Resolute|Keldeo-Resolute|283\/323 tox
|-damage|p2a: Keldeo-Resolute|263\/323 tox|[from] Stealth Rock
|move|p1a: Sabletroll|Recover|p1a: Sabletroll
|-heal|p1a: Sabletroll|304\/304
|
|-damage|p2a: Keldeo-Resolute|243\/323 tox|[from] psn
|turn|19
|
|move|p2a: Keldeo-Resolute|Hydro Pump|p1a: Sabletroll
|-damage|p1a: Sabletroll|175\/304
|move|p1a: Sabletroll|Recover|p1a: Sabletroll
|-heal|p1a: Sabletroll|304\/304
|
|-damage|p2a: Keldeo-Resolute|203\/323 tox|[from] psn
|turn|20
|c|âangel0mike|domages
|c|âangel0mike|te estas sacando el coil?
|c|âThe Last Hero|nop
|
|switch|p2a: Latios|Latios, M|271\/301
|-damage|p2a: Latios|234\/301|[from] Stealth Rock
|switch|p1a: Chess|Chesnaught, M|379\/379
|
|turn|21
|c|âThe Last Hero|solo testeando lo que me han pedido
|c|âThe Last Hero|el sableye
|
|move|p2a: Latios|Defog|p1a: Chess
|-unboost|p1a: Chess|evasion|1
|-sideend|p2: angel0mike|Stealth Rock|[from] move: Defog|[of] p2a: Latios
|move|p1a: Chess|Leech Seed|p2a: Latios
|-start|p2a: Latios|move: Leech Seed
|
|-damage|p2a: Latios|197\/301|[from] Leech Seed|[of] p1a: Chess
|turn|22
|c|âangel0mike|es un cabron
|
|switch|p2a: Altaria|Altaria-Mega, M, shiny|353\/353
|move|p1a: Chess|Spikes|p2a: Altaria
|-sidestart|p2: angel0mike|Spikes
|
|turn|23
|
|move|p2a: Altaria|Frustration|p1a: Chess
|-supereffective|p1a: Chess
|-damage|p1a: Chess|127\/379
|move|p1a: Chess|Leech Seed|p2a: Altaria
|-start|p2a: Altaria|move: Leech Seed
|
|-heal|p1a: Chess|150\/379|[from] item: Leftovers
|-damage|p2a: Altaria|309\/353|[from] Leech Seed|[of] p1a: Chess
|-heal|p1a: Chess|194\/379|[silent]
|turn|24
|c|âangel0mike|a mi altaria me gusta
|
|switch|p2a: Latios|Latios, M|197\/301
|switch|p1a: Rhyno|Rhyperior, M|433\/433
|
|turn|25
|
|move|p2a: Latios|Psyshock|p1a: Rhyno
|-crit|p1a: Rhyno
|-damage|p1a: Rhyno|194\/433
|-damage|p2a: Latios|167\/301|[from] item: Life Orb
|move|p1a: Rhyno|Rock Blast|p2a: Latios
|-damage|p2a: Latios|118\/301
|-damage|p2a: Latios|70\/301
|-damage|p2a: Latios|19\/301
|-hitcount|p2a: Latios|3
|
|-heal|p1a: Rhyno|221\/433|[from] item: Leftovers
|turn|26
|c|âangel0mike|aqui desearia llevar roost
|
|move|p2a: Latios|Psyshock|p1a: Rhyno
|-crit|p1a: Rhyno
|-damage|p1a: Rhyno|0 fnt
|-damage|p2a: Latios|0 fnt|[from] item: Life Orb
|faint|p1a: Rhyno
|faint|p2a: Latios
|
|c|âThe Last Hero|dios, que puto Latios nazi
|c|âangel0mike|xDDDD
|
|switch|p2a: Altaria|Altaria-Mega, M, shiny|309\/353
|switch|p1a: Tenta|Tentacruel, M|243\/363
|-damage|p2a: Altaria|265\/353|[from] Spikes
|turn|27
|
|move|p2a: Altaria|Substitute|p2a: Altaria
|-start|p2a: Altaria|Substitute
|-damage|p2a: Altaria|177\/353
|move|p1a: Tenta|Sludge Bomb|p2a: Altaria
|-supereffective|p2a: Altaria
|-end|p2a: Altaria|Substitute
|
|-heal|p1a: Tenta|265\/363|[from] item: Leftovers
|turn|28
|
|switch|p2a: Magnezone|Magnezone|215\/285 brn
|-damage|p2a: Magnezone|180\/285 brn|[from] Spikes
|move|p1a: Tenta|Scald|p2a: Magnezone
|-crit|p2a: Magnezone
|-damage|p2a: Magnezone|54\/285 brn
|
|-heal|p1a: Tenta|287\/363|[from] item: Leftovers
|-damage|p2a: Magnezone|19\/285 brn|[from] brn
|turn|29
|
|switch|p1a: Sabletroll|Sableye-Mega, M|304\/304
|move|p2a: Magnezone|Hidden Power|p1a: Sabletroll
|-damage|p1a: Sabletroll|255\/304
|
|-damage|p2a: Magnezone|0 fnt|[from] brn
|faint|p2a: Magnezone
|
|switch|p2a: Altaria|Altaria-Mega, M, shiny|177\/353
|-damage|p2a: Altaria|133\/353|[from] Spikes
|turn|30
|
|switch|p1a: Tenta|Tentacruel, M|287\/363
|move|p2a: Altaria|Roost|p2a: Altaria
|-heal|p2a: Altaria|310\/353
|
|-heal|p1a: Tenta|309\/363|[from] item: Leftovers
|turn|31
|
|switch|p2a: Keldeo-Resolute|Keldeo-Resolute|203\/323 tox
|-damage|p2a: Keldeo-Resolute|163\/323 tox|[from] Spikes
|move|p1a: Tenta|Sludge Bomb|p2a: Keldeo-Resolute
|-damage|p2a: Keldeo-Resolute|69\/323 tox
|
|-heal|p1a: Tenta|331\/363|[from] item: Leftovers
|-damage|p2a: Keldeo-Resolute|49\/323 tox|[from] psn
|turn|32
|c|âangel0mike|ggg
|
|switch|p1a: Fenix Gitano|Moltres|383\/383
|-ability|p1a: Fenix Gitano|Pressure
|move|p2a: Keldeo-Resolute|Scald|p1a: Fenix Gitano
|-supereffective|p1a: Fenix Gitano
|-damage|p1a: Fenix Gitano|113\/383
|
|-heal|p1a: Fenix Gitano|136\/383|[from] item: Leftovers
|-damage|p2a: Keldeo-Resolute|9\/323 tox|[from] psn
|turn|33
|
|move|p2a: Keldeo-Resolute|Scald|p1a: Fenix Gitano
|-supereffective|p1a: Fenix Gitano
|-damage|p1a: Fenix Gitano|0 fnt
|faint|p1a: Fenix Gitano
|
|-damage|p2a: Keldeo-Resolute|0 fnt|[from] psn
|faint|p2a: Keldeo-Resolute
|
|switch|p2a: Weavile|Weavile, M|183\/281
|switch|p1a: Fabiole|Clefable, F|203\/394
|-damage|p2a: Weavile|148\/281|[from] Spikes
|-ability|p2a: Weavile|Pressure
|turn|34
|
|move|p2a: Weavile|Ice Punch|p1a: Fabiole
|-damage|p1a: Fabiole|69\/394
|-damage|p2a: Weavile|120\/281|[from] item: Life Orb
|move|p1a: Fabiole|Moonblast|p2a: Weavile
|-supereffective|p2a: Weavile
|-damage|p2a: Weavile|0 fnt
|faint|p2a: Weavile
|
|-heal|p1a: Fabiole|93\/394|[from] item: Leftovers
|
|switch|p2a: Altaria|Altaria-Mega, M, shiny|310\/353
|-damage|p2a: Altaria|266\/353|[from] Spikes
|turn|35
|
|move|p2a: Altaria|Frustration|p1a: Fabiole
|-damage|p1a: Fabiole|0 fnt
|faint|p1a: Fabiole
|
|
|switch|p1a: Tenta|Tentacruel, M|331\/363
|turn|36
|
|move|p2a: Altaria|Dragon Dance|p2a: Altaria
|-boost|p2a: Altaria|atk|1
|-boost|p2a: Altaria|spe|1
|move|p1a: Tenta|Sludge Bomb|p2a: Altaria
|-supereffective|p2a: Altaria
|-damage|p2a: Altaria|102\/353
|-status|p2a: Altaria|psn
|
|-heal|p1a: Tenta|353\/363|[from] item: Leftovers
|-damage|p2a: Altaria|58\/353 psn|[from] psn
|turn|37
|c|âThe Last Hero|gg
|c|âangel0mike|gg^^
|
|move|p2a: Altaria|Frustration|p1a: Tenta
|-resisted|p1a: Tenta
|-damage|p1a: Tenta|221\/363
|move|p1a: Tenta|Sludge Bomb|p2a: Altaria
|-supereffective|p2a: Altaria
|-damage|p2a: Altaria|0 fnt
|faint|p2a: Altaria
|
|win|The Last Hero
|raw|Ladder updating...
|raw|The Last Hero's rating: 1385 &rarr; <strong>1401<\/strong><br \/>(+16 for winning)
|raw|angel0mike's rating: 1314 &rarr; <strong>1298<\/strong><br \/>(-16 for losing)
|c|âangel0mike|adios