|join|LadderSoTall
|join|aqfire
|player|p1|LadderSoTall|31
|player|p2|aqfire|288
|gametype|singles
|gen|6
|tier|ORAS OU
|rated
|rule|Sleep Clause Mod: Limit one foe put to sleep
|rule|Species Clause: Limit one of each PokÃ©mon
|rule|OHKO Clause: OHKO moves are banned
|rule|Moody Clause: Moody is banned
|rule|Evasion Moves Clause: Evasion moves are banned
|rule|Endless Battle Clause: Forcing endless battles is banned
|rule|HP Percentage Mod: HP is shown in percentages
|clearpoke
|poke|p1|Magnezone, shiny
|poke|p1|Lopunny, M, shiny
|poke|p1|Latios, M
|poke|p1|Rotom-Wash
|poke|p1|Gliscor, M
|poke|p1|Heatran, M
|poke|p2|Sableye, M
|poke|p2|Keldeo
|poke|p2|Landorus-Therian, M
|poke|p2|Chansey, F
|poke|p2|Conkeldurr, F
|poke|p2|Heatran, M
|rule|Swagger Clause: Swagger is banned
|rule|Baton Pass Clause: Limit one PokÃ©mon knowing Baton Pass
|teampreview
|
|start
|switch|p1a: Lopunny|Lopunny, M, shiny|272\/272
|switch|p2a: Keldeo|Keldeo|323\/323
|turn|1
|
|detailschange|p1a: Lopunny|Lopunny-Mega, M, shiny
|message|Lopunny has Mega Evolved into Mega Lopunny!
|move|p1a: Lopunny|Fake Out|p2a: Keldeo
|-damage|p2a: Keldeo|236\/323
|cant|p2a: Keldeo|flinch
|
|turn|2
|
|move|p2a: Keldeo|Secret Sword|p1a: Lopunny
|-supereffective|p1a: Lopunny
|-damage|p1a: Lopunny|0 fnt
|faint|p1a: Lopunny
|
|
|switch|p1a: Gliscor|Gliscor, M|354\/354
|turn|3
|
|switch|p2a: Sableye|Sableye, M|304\/304
|move|p1a: Gliscor|Toxic|p2a: Sableye
|-status|p2a: Sableye|tox
|
|-damage|p2a: Sableye|285\/304 tox|[from] psn
|-status|p1a: Gliscor|tox|[from] item: Toxic Orb
|turn|4
|
|detailschange|p2a: Sableye|Sableye-Mega, M
|message|Sableye has Mega Evolved into Mega Sableye!
|move|p1a: Gliscor|Earthquake|p2a: Sableye
|-damage|p2a: Sableye|215\/304 tox
|move|p2a: Sableye|Dark Pulse|p1a: Gliscor
|-damage|p1a: Gliscor|275\/354 tox
|
|-heal|p1a: Gliscor|319\/354 tox|[from] ability: Poison Heal
|-damage|p2a: Sableye|177\/304 tox|[from] psn
|turn|5
|
|switch|p2a: Conkeldurr|Conkeldurr, F|381\/381
|move|p1a: Gliscor|Earthquake|p2a: Conkeldurr
|-damage|p2a: Conkeldurr|246\/381
|
|-heal|p1a: Gliscor|354\/354 tox|[from] ability: Poison Heal
|turn|6
|
|move|p1a: Gliscor|Earthquake|p2a: Conkeldurr
|-crit|p2a: Conkeldurr
|-damage|p2a: Conkeldurr|53\/381
|move|p2a: Conkeldurr|Ice Punch|p1a: Gliscor
|-supereffective|p1a: Gliscor
|-damage|p1a: Gliscor|10\/354 tox
|
|-heal|p1a: Gliscor|54\/354 tox|[from] ability: Poison Heal
|turn|7
|
|move|p2a: Conkeldurr|Mach Punch|p1a: Gliscor
|-resisted|p1a: Gliscor
|-damage|p1a: Gliscor|21\/354 tox
|move|p1a: Gliscor|Earthquake|p2a: Conkeldurr
|-damage|p2a: Conkeldurr|0 fnt
|faint|p2a: Conkeldurr
|
|-heal|p1a: Gliscor|65\/354 tox|[from] ability: Poison Heal
|
|switch|p2a: Keldeo|Keldeo|236\/323
|turn|8
|
|switch|p1a: Rotom-Wash|Rotom-Wash|304\/304
|move|p2a: Keldeo|Scald|p1a: Rotom-Wash
|-resisted|p1a: Rotom-Wash
|-damage|p1a: Rotom-Wash|238\/304
|
|-heal|p1a: Rotom-Wash|257\/304|[from] item: Leftovers
|turn|9
|
|switch|p2a: Chansey|Chansey, F|704\/704
|move|p1a: Rotom-Wash|Volt Switch|p2a: Chansey
|-damage|p2a: Chansey|644\/704
|
|switch|p1a: Heatran|Heatran, M|324\/324
|-item|p1a: Heatran|Air Balloon
|
|turn|10
|
|move|p1a: Heatran|Taunt|p2a: Chansey
|-start|p2a: Chansey|move: Taunt
|move|p2a: Chansey|Seismic Toss|p1a: Heatran
|-damage|p1a: Heatran|224\/324
|-enditem|p1a: Heatran|Air Balloon
|
|turn|11
|
|switch|p2a: Landorus-Therian|Landorus-Therian, M|381\/381
|-ability|p2a: Landorus-Therian|Intimidate|[of] p1a: Heatran
|-unboost|p1a: Heatran|atk|1
|move|p1a: Heatran|Stealth Rock|p2a: Landorus-Therian
|-sidestart|p2: aqfire|move: Stealth Rock
|
|turn|12
|
|switch|p1a: Gliscor|Gliscor, M|65\/354 tox
|move|p2a: Landorus-Therian|Stealth Rock|p1a: Gliscor
|-sidestart|p1: LadderSoTall|move: Stealth Rock
|
|-heal|p1a: Gliscor|109\/354 tox|[from] ability: Poison Heal
|turn|13
|
|move|p2a: Landorus-Therian|Stone Edge|p1a: Gliscor
|-crit|p1a: Gliscor
|-damage|p1a: Gliscor|0 fnt
|faint|p1a: Gliscor
|
|
|switch|p1a: Rotom-Wash|Rotom-Wash|257\/304
|-damage|p1a: Rotom-Wash|219\/304|[from] Stealth Rock
|turn|14
|
|move|p2a: Landorus-Therian|U-turn|p1a: Rotom-Wash
|-damage|p1a: Rotom-Wash|162\/304
|
|switch|p2a: Chansey|Chansey, F|644\/704
|-damage|p2a: Chansey|556\/704|[from] Stealth Rock
|move|p1a: Rotom-Wash|Hidden Power|p2a: Chansey
|-damage|p2a: Chansey|520\/704
|
|-heal|p1a: Rotom-Wash|181\/304|[from] item: Leftovers
|turn|15
|
|move|p1a: Rotom-Wash|Pain Split|p2a: Chansey
|-sethp|p2a: Chansey|350\/704|p1a: Rotom-Wash|304\/304|[from] move: Pain Split
|move|p2a: Chansey|Healing Wish|p2a: Chansey
|faint|p2a: Chansey
|
|
|switch|p2a: Sableye|Sableye-Mega, M|177\/304 tox
|-heal|p2a: Sableye|304\/304|[from] move: Healing Wish
|-damage|p2a: Sableye|266\/304|[from] Stealth Rock
|turn|16
|
|move|p1a: Rotom-Wash|Volt Switch|p2a: Sableye
|-damage|p2a: Sableye|184\/304
|
|switch|p1a: Latios|Latios, M|301\/301
|-damage|p1a: Latios|264\/301|[from] Stealth Rock
|move|p2a: Sableye|Calm Mind|p2a: Sableye
|-boost|p2a: Sableye|spa|1
|-boost|p2a: Sableye|spd|1
|
|turn|17
|
|move|p1a: Latios|Draco Meteor|p2a: Sableye
|-damage|p2a: Sableye|9\/304
|-unboost|p1a: Latios|spa|2
|-damage|p1a: Latios|234\/301|[from] item: Life Orb
|move|p2a: Sableye|Recover|p2a: Sableye
|-heal|p2a: Sableye|161\/304
|
|turn|18
|
|switch|p1a: Magnezone|Magnezone, shiny|343\/343
|-damage|p1a: Magnezone|322\/343|[from] Stealth Rock
|move|p2a: Sableye|Recover|p2a: Sableye
|-heal|p2a: Sableye|304\/304
|
|-heal|p1a: Magnezone|343\/343|[from] item: Leftovers
|turn|19
|
|move|p1a: Magnezone|Thunderbolt|p2a: Sableye
|-damage|p2a: Sableye|204\/304
|move|p2a: Sableye|Calm Mind|p2a: Sableye
|-boost|p2a: Sableye|spa|1
|-boost|p2a: Sableye|spd|1
|
|turn|20
|
|move|p1a: Magnezone|Thunderbolt|p2a: Sableye
|-damage|p2a: Sableye|120\/304
|move|p2a: Sableye|Calm Mind|p2a: Sableye
|-boost|p2a: Sableye|spa|1
|-boost|p2a: Sableye|spd|1
|
|turn|21
|
|move|p1a: Magnezone|Thunderbolt|p2a: Sableye
|-damage|p2a: Sableye|57\/304
|-status|p2a: Sableye|par
|move|p2a: Sableye|Recover|p2a: Sableye
|-heal|p2a: Sableye|209\/304 par
|
|turn|22
|
|move|p1a: Magnezone|Substitute|p1a: Magnezone
|-start|p1a: Magnezone|Substitute
|-damage|p1a: Magnezone|258\/343
|move|p2a: Sableye|Recover|p2a: Sableye
|-heal|p2a: Sableye|304\/304 par
|
|-heal|p1a: Magnezone|279\/343|[from] item: Leftovers
|turn|23
|
|move|p1a: Magnezone|Thunderbolt|p2a: Sableye
|-damage|p2a: Sableye|246\/304 par
|move|p2a: Sableye|Dark Pulse|p1a: Magnezone
|-end|p1a: Magnezone|Substitute
|
|-heal|p1a: Magnezone|300\/343|[from] item: Leftovers
|turn|24
|
|move|p1a: Magnezone|Thunderbolt|p2a: Sableye
|-damage|p2a: Sableye|180\/304 par
|cant|p2a: Sableye|par
|
|-heal|p1a: Magnezone|321\/343|[from] item: Leftovers
|turn|25
|
|move|p1a: Magnezone|Thunderbolt|p2a: Sableye
|-damage|p2a: Sableye|122\/304 par
|move|p2a: Sableye|Recover|p2a: Sableye
|-heal|p2a: Sableye|274\/304 par
|
|-heal|p1a: Magnezone|342\/343|[from] item: Leftovers
|turn|26
|
|move|p1a: Magnezone|Thunderbolt|p2a: Sableye
|-damage|p2a: Sableye|211\/304 par
|cant|p2a: Sableye|par
|
|-heal|p1a: Magnezone|343\/343|[from] item: Leftovers
|turn|27
|
|move|p1a: Magnezone|Substitute|p1a: Magnezone
|-start|p1a: Magnezone|Substitute
|-damage|p1a: Magnezone|258\/343
|move|p2a: Sableye|Recover|p2a: Sableye
|-heal|p2a: Sableye|304\/304 par
|
|-heal|p1a: Magnezone|279\/343|[from] item: Leftovers
|turn|28
|
|move|p1a: Magnezone|Thunderbolt|p2a: Sableye
|-damage|p2a: Sableye|240\/304 par
|move|p2a: Sableye|Dark Pulse|p1a: Magnezone
|-end|p1a: Magnezone|Substitute
|
|-heal|p1a: Magnezone|300\/343|[from] item: Leftovers
|turn|29
|
|move|p1a: Magnezone|Thunderbolt|p2a: Sableye
|-damage|p2a: Sableye|174\/304 par
|move|p2a: Sableye|Dark Pulse|p1a: Magnezone
|-crit|p1a: Magnezone
|-damage|p1a: Magnezone|0 fnt
|faint|p1a: Magnezone
|
|
|switch|p1a: Latios|Latios, M|234\/301
|-damage|p1a: Latios|197\/301|[from] Stealth Rock
|turn|30
|
|move|p1a: Latios|Draco Meteor|p2a: Sableye
|-damage|p2a: Sableye|67\/304 par
|-unboost|p1a: Latios|spa|2
|-damage|p1a: Latios|167\/301|[from] item: Life Orb
|move|p2a: Sableye|Recover|p2a: Sableye
|-heal|p2a: Sableye|219\/304 par
|
|turn|31
|
|switch|p1a: Heatran|Heatran, M|224\/324
|-damage|p1a: Heatran|184\/324|[from] Stealth Rock
|cant|p2a: Sableye|par
|
|turn|32
|
|move|p1a: Heatran|Lava Plume|p2a: Sableye
|-damage|p2a: Sableye|167\/304 par
|move|p2a: Sableye|Dark Pulse|p1a: Heatran
|-damage|p1a: Heatran|0 fnt
|faint|p1a: Heatran
|
|
|switch|p1a: Latios|Latios, M|167\/301
|-damage|p1a: Latios|130\/301|[from] Stealth Rock
|turn|33
|
|move|p1a: Latios|Draco Meteor|p2a: Sableye
|-damage|p2a: Sableye|66\/304 par
|-unboost|p1a: Latios|spa|2
|-damage|p1a: Latios|100\/301|[from] item: Life Orb
|move|p2a: Sableye|Dark Pulse|p1a: Latios
|-supereffective|p1a: Latios
|-damage|p1a: Latios|0 fnt
|faint|p1a: Latios
|
|
|switch|p1a: Rotom-Wash|Rotom-Wash|304\/304
|-damage|p1a: Rotom-Wash|266\/304|[from] Stealth Rock
|turn|34
|
|move|p1a: Rotom-Wash|Hydro Pump|p2a: Sableye
|-damage|p2a: Sableye|17\/304 par
|move|p2a: Sableye|Dark Pulse|p1a: Rotom-Wash
|-damage|p1a: Rotom-Wash|64\/304
|
|-heal|p1a: Rotom-Wash|83\/304|[from] item: Leftovers
|turn|35
|
|move|p1a: Rotom-Wash|Volt Switch|p2a: Sableye
|-damage|p2a: Sableye|0 fnt
|faint|p2a: Sableye
|
|-heal|p1a: Rotom-Wash|102\/304|[from] item: Leftovers
|
|switch|p2a: Keldeo|Keldeo|236\/323
|-damage|p2a: Keldeo|216\/323|[from] Stealth Rock
|turn|36
|
|move|p2a: Keldeo|Secret Sword|p1a: Rotom-Wash
|-damage|p1a: Rotom-Wash|0 fnt
|faint|p1a: Rotom-Wash
|
|win|aqfire
|raw|Ladder updating...
|leave|LadderSoTall
|player|p1
|raw|Ladder (probably) updated, but score could not be retrieved (timeout).
|raw|Ladder (probably) updated, but score could not be retrieved (Error: socket hang up).