|join|LadderSoTall
|join|not_tan
|player|p1|LadderSoTall|31
|player|p2|not_tan|196
|gametype|singles
|gen|6
|tier|ORAS OU
|rated
|rule|Sleep Clause Mod: Limit one foe put to sleep
|rule|Species Clause: Limit one of each PokÃ©mon
|rule|OHKO Clause: OHKO moves are banned
|rule|Moody Clause: Moody is banned
|rule|Evasion Moves Clause: Evasion moves are banned
|rule|Endless Battle Clause: Forcing endless battles is banned
|rule|HP Percentage Mod: HP is shown in percentages
|clearpoke
|poke|p1|Slowbro, M
|poke|p1|Sableye, M
|poke|p1|Latios, M
|poke|p1|Bisharp, M
|poke|p1|Skarmory, M, shiny
|poke|p1|Chansey, F
|poke|p2|Politoed, F
|poke|p2|Ferrothorn, F
|poke|p2|Thundurus, M
|poke|p2|Kabutops, M
|poke|p2|Kingdra, M
|poke|p2|Swampert, F
|rule|Swagger Clause: Swagger is banned
|rule|Baton Pass Clause: Limit one PokÃ©mon knowing Baton Pass
|teampreview
|
|start
|switch|p1a: Shadow|Sableye, M|304\/304
|switch|p2a: Thundurus|Thundurus, M|300\/300
|turn|1
|
|detailschange|p1a: Shadow|Sableye-Mega, M
|message|Sableye has Mega Evolved into Mega Sableye!
|move|p1a: Shadow|Will-O-Wisp|p2a: Thundurus
|-status|p2a: Thundurus|brn
|move|p2a: Thundurus|Thunderbolt|p1a: Shadow
|-damage|p1a: Shadow|183\/304
|
|-damage|p2a: Thundurus|263\/300 brn|[from] brn
|turn|2
|
|move|p2a: Thundurus|Thunderbolt|p1a: Shadow
|-damage|p1a: Shadow|59\/304
|move|p1a: Shadow|Recover|p1a: Shadow
|-heal|p1a: Shadow|211\/304
|
|-damage|p2a: Thundurus|226\/300 brn|[from] brn
|turn|3
|
|switch|p2a: Politoed|Politoed, F|384\/384
|-weather|RainDance
|move|p1a: Shadow|Recover|p1a: Shadow
|-heal|p1a: Shadow|304\/304
|
|-weather|RainDance|[upkeep]
|turn|4
|
|move|p2a: Politoed|Scald|p1a: Shadow
|-damage|p1a: Shadow|196\/304
|move|p1a: Shadow|Will-O-Wisp|p2a: Politoed
|-status|p2a: Politoed|brn
|
|-weather|RainDance|[upkeep]
|-damage|p2a: Politoed|336\/384 brn|[from] brn
|turn|5
|
|move|p2a: Politoed|Scald|p1a: Shadow
|-crit|p1a: Shadow
|-damage|p1a: Shadow|39\/304
|move|p1a: Shadow|Recover|p1a: Shadow
|-heal|p1a: Shadow|191\/304
|
|-weather|RainDance|[upkeep]
|-damage|p2a: Politoed|288\/384 brn|[from] brn
|turn|6
|
|move|p2a: Politoed|Scald|p1a: Shadow
|-damage|p1a: Shadow|83\/304
|-status|p1a: Shadow|brn
|move|p1a: Shadow|Recover|p1a: Shadow
|-heal|p1a: Shadow|235\/304 brn
|
|-weather|RainDance|[upkeep]
|-damage|p2a: Politoed|240\/384 brn|[from] brn
|-damage|p1a: Shadow|197\/304 brn|[from] brn
|turn|7
|
|switch|p2a: Ferrothorn|Ferrothorn, F|352\/352
|move|p1a: Shadow|Recover|p1a: Shadow
|-heal|p1a: Shadow|304\/304 brn
|
|-weather|RainDance|[upkeep]
|-damage|p1a: Shadow|266\/304 brn|[from] brn
|turn|8
|
|move|p1a: Shadow|Will-O-Wisp|p2a: Ferrothorn
|-status|p2a: Ferrothorn|brn
|move|p2a: Ferrothorn|Stealth Rock|p1a: Shadow
|move|p1a: Shadow|Stealth Rock|p2a: Ferrothorn|[from]Magic Bounce
|-sidestart|p2: not_tan|move: Stealth Rock
|
|-weather|RainDance|[upkeep]
|-damage|p1a: Shadow|228\/304 brn|[from] brn
|-damage|p2a: Ferrothorn|308\/352 brn|[from] brn
|turn|9
|
|switch|p2a: Thundurus|Thundurus, M|226\/300 brn
|-damage|p2a: Thundurus|151\/300 brn|[from] Stealth Rock
|move|p1a: Shadow|Recover|p1a: Shadow
|-heal|p1a: Shadow|304\/304 brn
|
|-weather|RainDance|[upkeep]
|-damage|p2a: Thundurus|114\/300 brn|[from] brn
|-damage|p1a: Shadow|266\/304 brn|[from] brn
|turn|10
|c|ânot_tan|aww man im dump
|
|move|p2a: Thundurus|Thunderbolt|p1a: Shadow
|-damage|p1a: Shadow|152\/304 brn
|move|p1a: Shadow|Recover|p1a: Shadow
|-heal|p1a: Shadow|304\/304 brn
|
|-weather|none
|-damage|p2a: Thundurus|77\/300 brn|[from] brn
|-damage|p1a: Shadow|266\/304 brn|[from] brn
|turn|11
|
|move|p2a: Thundurus|Rain Dance|p2a: Thundurus
|-weather|RainDance
|move|p1a: Shadow|Recover|p1a: Shadow
|-heal|p1a: Shadow|304\/304 brn
|
|-weather|RainDance|[upkeep]
|-damage|p2a: Thundurus|40\/300 brn|[from] brn
|-damage|p1a: Shadow|266\/304 brn|[from] brn
|turn|12
|
|move|p2a: Thundurus|Thunderbolt|p1a: Shadow
|-damage|p1a: Shadow|140\/304 brn
|move|p1a: Shadow|Recover|p1a: Shadow
|-heal|p1a: Shadow|292\/304 brn
|
|-weather|RainDance|[upkeep]
|-damage|p2a: Thundurus|3\/300 brn|[from] brn
|-damage|p1a: Shadow|254\/304 brn|[from] brn
|turn|13
|
|move|p2a: Thundurus|Thunderbolt|p1a: Shadow
|-damage|p1a: Shadow|133\/304 brn
|move|p1a: Shadow|Recover|p1a: Shadow
|-heal|p1a: Shadow|285\/304 brn
|
|-weather|RainDance|[upkeep]
|-damage|p2a: Thundurus|0 fnt|[from] brn
|-damage|p1a: Shadow|247\/304 brn|[from] brn
|faint|p2a: Thundurus
|
|switch|p2a: Kingdra|Kingdra, M|291\/291
|-damage|p2a: Kingdra|255\/291|[from] Stealth Rock
|turn|14
|
|switch|p1a: Overcoat|Chansey, F|704\/704
|move|p2a: Kingdra|Scald|p1a: Overcoat
|-damage|p1a: Overcoat|564\/704
|-damage|p2a: Kingdra|226\/291|[from] item: Life Orb
|
|-weather|RainDance|[upkeep]
|turn|15
|
|switch|p2a: Ferrothorn|Ferrothorn, F|308\/352 brn
|-damage|p2a: Ferrothorn|286\/352 brn|[from] Stealth Rock
|move|p1a: Overcoat|Thunder Wave|p2a: Ferrothorn
|-fail|p2a: Ferrothorn
|
|-weather|none
|-damage|p2a: Ferrothorn|242\/352 brn|[from] brn
|turn|16
|
|switch|p1a: Shadow|Sableye-Mega, M|247\/304 brn
|move|p2a: Ferrothorn|Knock Off|p1a: Shadow
|-damage|p1a: Shadow|230\/304 brn
|
|-damage|p1a: Shadow|192\/304 brn|[from] brn
|-damage|p2a: Ferrothorn|198\/352 brn|[from] brn
|turn|17
|
|switch|p2a: Politoed|Politoed, F|240\/384 brn
|-damage|p2a: Politoed|192\/384 brn|[from] Stealth Rock
|-weather|RainDance
|move|p1a: Shadow|Recover|p1a: Shadow
|-heal|p1a: Shadow|304\/304 brn
|
|-weather|RainDance|[upkeep]
|-damage|p2a: Politoed|144\/384 brn|[from] brn
|-damage|p1a: Shadow|266\/304 brn|[from] brn
|turn|18
|-message|not_tan forfeited.
|
|win|LadderSoTall
|raw|Ladder updating...
|leave|not_tan
|player|p2
|raw|LadderSoTall's rating: 1355 &rarr; <strong>1370<\/strong><br \/>(+15 for winning)
|raw|not_tan's rating: 1255 &rarr; <strong>1237<\/strong><br \/>(-18 for losing)