|join|LadderSoTall
|join|Wyrmling
|player|p1|LadderSoTall|31
|player|p2|Wyrmling|266
|gametype|singles
|gen|6
|tier|ORAS OU
|rated
|rule|Sleep Clause Mod: Limit one foe put to sleep
|rule|Species Clause: Limit one of each PokÃ©mon
|rule|OHKO Clause: OHKO moves are banned
|rule|Moody Clause: Moody is banned
|rule|Evasion Moves Clause: Evasion moves are banned
|rule|Endless Battle Clause: Forcing endless battles is banned
|rule|HP Percentage Mod: HP is shown in percentages
|clearpoke
|poke|p1|Slowbro, M
|poke|p1|Sableye, M
|poke|p1|Latios, M
|poke|p1|Bisharp, F
|poke|p1|Skarmory, M, shiny
|poke|p1|Chansey, F
|poke|p2|Forretress, M
|poke|p2|Conkeldurr, M
|poke|p2|Sableye, F
|poke|p2|Gengar, M
|poke|p2|Scolipede, M
|poke|p2|Azumarill, F
|rule|Swagger Clause: Swagger is banned
|rule|Baton Pass Clause: Limit one PokÃ©mon knowing Baton Pass
|teampreview
|
|start
|switch|p1a: Shadow|Sableye, M|304\/304
|switch|p2a: Scolipede|Scolipede, M|323\/323
|turn|1
|
|switch|p2a: Conkeldurr|Conkeldurr, M|414\/414
|detailschange|p1a: Shadow|Sableye-Mega, M
|message|Sableye has Mega Evolved into Mega Sableye!
|move|p1a: Shadow|Will-O-Wisp|p2a: Conkeldurr
|-status|p2a: Conkeldurr|brn
|
|-damage|p2a: Conkeldurr|363\/414 brn|[from] brn
|turn|2
|
|move|p2a: Conkeldurr|Ice Punch|p1a: Shadow
|-damage|p1a: Shadow|182\/304
|-status|p1a: Shadow|frz
|cant|p1a: Shadow|frz
|
|-damage|p2a: Conkeldurr|312\/414 brn|[from] brn
|turn|3
|c|âLadderSoTall|ok
|c|âWyrmling|ok
|
|move|p2a: Conkeldurr|Knock Off|p1a: Shadow
|-damage|p1a: Shadow|77\/304 frz
|cant|p1a: Shadow|frz
|
|-damage|p2a: Conkeldurr|261\/414 brn|[from] brn
|turn|4
|
|move|p2a: Conkeldurr|Knock Off|p1a: Shadow
|-damage|p1a: Shadow|0 fnt
|faint|p1a: Shadow
|
|-damage|p2a: Conkeldurr|210\/414 brn|[from] brn
|c|âLadderSoTall|such garbage
|
|switch|p1a: Sky Flyer|Latios, M|301\/301
|turn|5
|
|switch|p2a: Sableye|Sableye, F|304\/304
|move|p1a: Sky Flyer|Psyshock|p2a: Sableye
|-immune|p2a: Sableye|[msg]
|
|turn|6
|
|move|p2a: Sableye|Calm Mind|p2a: Sableye
|-boost|p2a: Sableye|spa|1
|-boost|p2a: Sableye|spd|1
|move|p1a: Sky Flyer|Draco Meteor|p2a: Sableye
|-damage|p2a: Sableye|100\/304
|-unboost|p1a: Sky Flyer|spa|2
|-damage|p1a: Sky Flyer|271\/301|[from] item: Life Orb
|
|turn|7
|
|switch|p1a: Bisharp|Bisharp, F|272\/272
|move|p2a: Sableye|Recover|p2a: Sableye
|-heal|p2a: Sableye|252\/304
|
|turn|8
|
|move|p2a: Sableye|Will-O-Wisp|p1a: Bisharp
|-status|p1a: Bisharp|brn
|-enditem|p1a: Bisharp|Lum Berry|[eat]
|-curestatus|p1a: Bisharp|brn
|move|p1a: Bisharp|Swords Dance|p1a: Bisharp
|-boost|p1a: Bisharp|atk|2
|
|turn|9
|
|move|p2a: Sableye|Will-O-Wisp|p1a: Bisharp
|-status|p1a: Bisharp|brn
|move|p1a: Bisharp|Iron Head|p2a: Sableye
|-damage|p2a: Sableye|47\/304
|
|-damage|p1a: Bisharp|238\/272 brn|[from] brn
|turn|10
|
|switch|p2a: Forretress|Forretress, M|354\/354
|move|p1a: Bisharp|Iron Head|p2a: Forretress
|-resisted|p2a: Forretress
|-damage|p2a: Forretress|309\/354
|
|-heal|p2a: Forretress|331\/354|[from] item: Leftovers
|-damage|p1a: Bisharp|204\/272 brn|[from] brn
|turn|11
|c|âLadderSoTall|garbage noob
|
|move|p1a: Bisharp|Swords Dance|p1a: Bisharp
|-boost|p1a: Bisharp|atk|2
|move|p2a: Forretress|Stealth Rock|p1a: Bisharp
|-sidestart|p1: LadderSoTall|move: Stealth Rock
|
|-heal|p2a: Forretress|353\/354|[from] item: Leftovers
|-damage|p1a: Bisharp|170\/272 brn|[from] brn
|turn|12
|
|move|p1a: Bisharp|Knock Off|p2a: Forretress
|-damage|p2a: Forretress|197\/354
|-enditem|p2a: Forretress|Leftovers|[from] move: Knock Off|[of] p1a: Bisharp
|move|p2a: Forretress|Volt Switch|p1a: Bisharp
|-damage|p1a: Bisharp|118\/272 brn
|
|switch|p2a: Conkeldurr|Conkeldurr, M|210\/414 brn
|
|-damage|p1a: Bisharp|84\/272 brn|[from] brn
|-damage|p2a: Conkeldurr|159\/414 brn|[from] brn
|turn|13
|c|âLadderSoTall|a freeze and hit 2 will o misses
|c|âLadderSoTall|congrats 
|c|âLadderSoTall|noob
|
|move|p1a: Bisharp|Sucker Punch|p2a: Conkeldurr
|-resisted|p2a: Conkeldurr
|-damage|p2a: Conkeldurr|46\/414 brn
|move|p2a: Conkeldurr|Mach Punch|p1a: Bisharp
|-supereffective|p1a: Bisharp
|-damage|p1a: Bisharp|0 fnt
|faint|p1a: Bisharp
|
|-damage|p2a: Conkeldurr|0 fnt|[from] brn
|faint|p2a: Conkeldurr
|
|switch|p2a: Sableye|Sableye, F|47\/304
|switch|p1a: Team Aqua|Slowbro, M|394\/394
|-damage|p1a: Team Aqua|345\/394|[from] Stealth Rock
|turn|14
|
|detailschange|p2a: Sableye|Sableye-Mega, F
|message|Sableye has Mega Evolved into Mega Sableye!
|move|p2a: Sableye|Recover|p2a: Sableye
|-heal|p2a: Sableye|199\/304
|move|p1a: Team Aqua|Scald|p2a: Sableye
|-damage|p2a: Sableye|142\/304
|
|-heal|p1a: Team Aqua|369\/394|[from] item: Leftovers
|turn|15
|
|move|p1a: Team Aqua|Scald|p2a: Sableye
|-damage|p2a: Sableye|85\/304
|move|p2a: Sableye|Calm Mind|p2a: Sableye
|-boost|p2a: Sableye|spa|1
|-boost|p2a: Sableye|spd|1
|
|-heal|p1a: Team Aqua|393\/394|[from] item: Leftovers
|turn|16
|
|switch|p1a: Bird|Skarmory, M, shiny|334\/334
|-damage|p1a: Bird|293\/334|[from] Stealth Rock
|move|p2a: Sableye|Recover|p2a: Sableye
|-heal|p2a: Sableye|237\/304
|
|-heal|p1a: Bird|313\/334|[from] item: Leftovers
|turn|17
|
|move|p2a: Sableye|Will-O-Wisp|p1a: Bird
|-status|p1a: Bird|brn
|move|p1a: Bird|Whirlwind|p2a: Sableye
|move|p2a: Sableye|Whirlwind|p1a: Bird|[from]Magic Bounce
|drag|p1a: Sky Flyer|Latios, M|271\/301
|-damage|p1a: Sky Flyer|234\/301|[from] Stealth Rock
|
|turn|18
|c|âLadderSoTall|what a noob
|
|move|p1a: Sky Flyer|Draco Meteor|p2a: Sableye
|-damage|p2a: Sableye|111\/304
|-unboost|p1a: Sky Flyer|spa|2
|-damage|p1a: Sky Flyer|204\/301|[from] item: Life Orb
|move|p2a: Sableye|Recover|p2a: Sableye
|-heal|p2a: Sableye|263\/304
|
|turn|19
|-message|LadderSoTall forfeited.
|
|win|Wyrmling
|raw|Ladder updating...
|leave|LadderSoTall
|player|p1
|raw|LadderSoTall's rating: 1366 &rarr; <strong>1337<\/strong><br \/>(-29 for losing)
|raw|Wyrmling's rating: 1206 &rarr; <strong>1242<\/strong><br \/>(+36 for winning)