|join|sp141
|join|LadderSoTall
|player|p1|sp141|170
|player|p2|LadderSoTall|31
|gametype|singles
|gen|6
|tier|ORAS OU
|rated
|rule|Sleep Clause Mod: Limit one foe put to sleep
|rule|Species Clause: Limit one of each PokÃ©mon
|rule|OHKO Clause: OHKO moves are banned
|rule|Moody Clause: Moody is banned
|rule|Evasion Moves Clause: Evasion moves are banned
|rule|Endless Battle Clause: Forcing endless battles is banned
|rule|HP Percentage Mod: HP is shown in percentages
|clearpoke
|poke|p1|Weavile, F
|poke|p1|Talonflame, F
|poke|p1|Starmie
|poke|p1|Rotom-Wash
|poke|p1|Heatran, M
|poke|p1|Metagross
|poke|p2|Skarmory, M, shiny
|poke|p2|Sableye, M
|poke|p2|Chansey, F, shiny
|poke|p2|Gothitelle, M, shiny
|poke|p2|Clefable, M
|poke|p2|Mamoswine, M
|rule|Swagger Clause: Swagger is banned
|rule|Baton Pass Clause: Limit one PokÃ©mon knowing Baton Pass
|teampreview
|
|start
|switch|p1a: Heatran|Heatran, M|324\/324
|switch|p2a: no fairies pls|Sableye, M|304\/304
|-item|p1a: Heatran|Air Balloon
|turn|1
|
|detailschange|p2a: no fairies pls|Sableye-Mega, M
|message|Sableye has Mega Evolved into Mega Sableye!
|move|p2a: no fairies pls|Calm Mind|p2a: no fairies pls
|-boost|p2a: no fairies pls|spa|1
|-boost|p2a: no fairies pls|spd|1
|move|p1a: Heatran|Will-O-Wisp|p2a: no fairies pls
|move|p2a: no fairies pls|Will-O-Wisp|p1a: Heatran|[from]Magic Bounce
|-start|p1a: Heatran|ability: Flash Fire
|
|turn|2
|
|move|p1a: Heatran|Lava Plume|p2a: no fairies pls
|-damage|p2a: no fairies pls|168\/304
|-status|p2a: no fairies pls|brn
|move|p2a: no fairies pls|Calm Mind|p2a: no fairies pls
|-boost|p2a: no fairies pls|spa|1
|-boost|p2a: no fairies pls|spd|1
|
|-damage|p2a: no fairies pls|130\/304 brn|[from] brn
|turn|3
|
|move|p1a: Heatran|Lava Plume|p2a: no fairies pls
|-damage|p2a: no fairies pls|27\/304 brn
|move|p2a: no fairies pls|Recover|p2a: no fairies pls
|-heal|p2a: no fairies pls|179\/304 brn
|
|-damage|p2a: no fairies pls|141\/304 brn|[from] brn
|turn|4
|
|move|p1a: Heatran|Lava Plume|p2a: no fairies pls
|-damage|p2a: no fairies pls|48\/304 brn
|move|p2a: no fairies pls|Recover|p2a: no fairies pls
|-heal|p2a: no fairies pls|200\/304 brn
|
|-damage|p2a: no fairies pls|162\/304 brn|[from] brn
|turn|5
|
|move|p1a: Heatran|Lava Plume|p2a: no fairies pls
|-damage|p2a: no fairies pls|72\/304 brn
|move|p2a: no fairies pls|Recover|p2a: no fairies pls
|-heal|p2a: no fairies pls|224\/304 brn
|
|-damage|p2a: no fairies pls|186\/304 brn|[from] brn
|turn|6
|
|move|p1a: Heatran|Lava Plume|p2a: no fairies pls
|-damage|p2a: no fairies pls|87\/304 brn
|move|p2a: no fairies pls|Recover|p2a: no fairies pls
|-heal|p2a: no fairies pls|239\/304 brn
|
|-damage|p2a: no fairies pls|201\/304 brn|[from] brn
|turn|7
|
|move|p1a: Heatran|Lava Plume|p2a: no fairies pls
|-damage|p2a: no fairies pls|110\/304 brn
|move|p2a: no fairies pls|Recover|p2a: no fairies pls
|-heal|p2a: no fairies pls|262\/304 brn
|
|-damage|p2a: no fairies pls|224\/304 brn|[from] brn
|turn|8
|
|move|p1a: Heatran|Lava Plume|p2a: no fairies pls
|-damage|p2a: no fairies pls|122\/304 brn
|move|p2a: no fairies pls|Recover|p2a: no fairies pls
|-heal|p2a: no fairies pls|274\/304 brn
|
|-damage|p2a: no fairies pls|236\/304 brn|[from] brn
|turn|9
|
|move|p1a: Heatran|Lava Plume|p2a: no fairies pls
|-damage|p2a: no fairies pls|134\/304 brn
|move|p2a: no fairies pls|Recover|p2a: no fairies pls
|-heal|p2a: no fairies pls|286\/304 brn
|
|-damage|p2a: no fairies pls|248\/304 brn|[from] brn
|turn|10
|
|move|p1a: Heatran|Lava Plume|p2a: no fairies pls
|-damage|p2a: no fairies pls|157\/304 brn
|move|p2a: no fairies pls|Recover|p2a: no fairies pls
|-heal|p2a: no fairies pls|304\/304 brn
|
|-damage|p2a: no fairies pls|266\/304 brn|[from] brn
|turn|11
|
|move|p1a: Heatran|Lava Plume|p2a: no fairies pls
|-damage|p2a: no fairies pls|179\/304 brn
|move|p2a: no fairies pls|Shadow Ball|p1a: Heatran
|-damage|p1a: Heatran|177\/324
|-enditem|p1a: Heatran|Air Balloon
|
|-damage|p2a: no fairies pls|141\/304 brn|[from] brn
|turn|12
|
|switch|p2a: fairy counter|Chansey, F, shiny|704\/704
|move|p1a: Heatran|Lava Plume|p2a: fairy counter
|-damage|p2a: fairy counter|557\/704
|
|turn|13
|
|move|p1a: Heatran|Taunt|p2a: fairy counter
|-start|p2a: fairy counter|move: Taunt
|cant|p2a: fairy counter|move: Taunt|Stealth Rock
|
|turn|14
|
|move|p1a: Heatran|Will-O-Wisp|p2a: fairy counter
|-status|p2a: fairy counter|brn
|move|p2a: fairy counter|Seismic Toss|p1a: Heatran
|-damage|p1a: Heatran|77\/324
|
|-damage|p2a: fairy counter|469\/704 brn|[from] brn
|turn|15
|
|move|p1a: Heatran|Stealth Rock|p2a: fairy counter
|-sidestart|p2: LadderSoTall|move: Stealth Rock
|move|p2a: fairy counter|Seismic Toss|p1a: Heatran
|-damage|p1a: Heatran|0 fnt
|faint|p1a: Heatran
|
|-damage|p2a: fairy counter|381\/704 brn|[from] brn
|-end|p2a: fairy counter|move: Taunt
|
|switch|p1a: Talonflame|Talonflame, F|319\/319
|turn|16
|
|move|p1a: Talonflame|Swords Dance|p1a: Talonflame
|-boost|p1a: Talonflame|atk|2
|move|p2a: fairy counter|Stealth Rock|p1a: Talonflame
|-sidestart|p1: sp141|move: Stealth Rock
|
|-damage|p2a: fairy counter|293\/704 brn|[from] brn
|turn|17
|
|move|p1a: Talonflame|Flare Blitz|p2a: fairy counter
|-damage|p2a: fairy counter|0 fnt
|-damage|p1a: Talonflame|222\/319|[from] recoil|[of] p2a: fairy counter
|faint|p2a: fairy counter
|
|
|switch|p2a: a fairy itself|Clefable, M|394\/394
|-damage|p2a: a fairy itself|345\/394|[from] Stealth Rock
|turn|18
|
|switch|p1a: Starmie|Starmie|324\/324
|-damage|p1a: Starmie|284\/324|[from] Stealth Rock
|move|p2a: a fairy itself|Moonlight|p2a: a fairy itself
|-heal|p2a: a fairy itself|394\/394
|
|-heal|p1a: Starmie|304\/324|[from] item: Leftovers
|turn|19
|
|move|p1a: Starmie|Scald|p2a: a fairy itself
|-damage|p2a: a fairy itself|300\/394
|move|p2a: a fairy itself|Calm Mind|p2a: a fairy itself
|-boost|p2a: a fairy itself|spa|1
|-boost|p2a: a fairy itself|spd|1
|
|-heal|p1a: Starmie|324\/324|[from] item: Leftovers
|-heal|p2a: a fairy itself|324\/394|[from] item: Leftovers
|turn|20
|
|move|p1a: Starmie|Rapid Spin|p2a: a fairy itself
|-damage|p2a: a fairy itself|313\/394
|-sideend|p1: sp141|Stealth Rock|[from] move: Rapid Spin|[of] p1a: Starmie
|move|p2a: a fairy itself|Calm Mind|p2a: a fairy itself
|-boost|p2a: a fairy itself|spa|1
|-boost|p2a: a fairy itself|spd|1
|
|-heal|p2a: a fairy itself|337\/394|[from] item: Leftovers
|turn|21
|
|move|p1a: Starmie|Scald|p2a: a fairy itself
|-damage|p2a: a fairy itself|292\/394
|-status|p2a: a fairy itself|brn
|move|p2a: a fairy itself|Flamethrower|p1a: Starmie
|-resisted|p1a: Starmie
|-damage|p1a: Starmie|253\/324
|
|-heal|p1a: Starmie|273\/324|[from] item: Leftovers
|-heal|p2a: a fairy itself|316\/394 brn|[from] item: Leftovers
|-damage|p2a: a fairy itself|267\/394 brn|[from] brn
|turn|22
|
|move|p1a: Starmie|Scald|p2a: a fairy itself
|-damage|p2a: a fairy itself|218\/394 brn
|move|p2a: a fairy itself|Moonlight|p2a: a fairy itself
|-heal|p2a: a fairy itself|394\/394 brn
|
|-heal|p1a: Starmie|293\/324|[from] item: Leftovers
|-damage|p2a: a fairy itself|345\/394 brn|[from] brn
|turn|23
|
|move|p1a: Starmie|Scald|p2a: a fairy itself
|-damage|p2a: a fairy itself|300\/394 brn
|move|p2a: a fairy itself|Moonblast|p1a: Starmie
|-damage|p1a: Starmie|43\/324
|
|-heal|p1a: Starmie|63\/324|[from] item: Leftovers
|-heal|p2a: a fairy itself|324\/394 brn|[from] item: Leftovers
|-damage|p2a: a fairy itself|275\/394 brn|[from] brn
|turn|24
|
|move|p1a: Starmie|Scald|p2a: a fairy itself
|-damage|p2a: a fairy itself|224\/394 brn
|move|p2a: a fairy itself|Moonblast|p1a: Starmie
|-crit|p1a: Starmie
|-damage|p1a: Starmie|0 fnt
|faint|p1a: Starmie
|
|-heal|p2a: a fairy itself|248\/394 brn|[from] item: Leftovers
|-damage|p2a: a fairy itself|199\/394 brn|[from] brn
|
|switch|p1a: Metagross|Metagross|302\/302
|turn|25
|
|switch|p2a: skarmchans :|Skarmory, M, shiny|334\/334
|-damage|p2a: skarmchans :|293\/334|[from] Stealth Rock
|detailschange|p1a: Metagross|Metagross-Mega
|message|Metagross has Mega Evolved into Mega Metagross!
|move|p1a: Metagross|Meteor Mash|p2a: skarmchans :
|-resisted|p2a: skarmchans :
|-damage|p2a: skarmchans :|230\/334
|-boost|p1a: Metagross|atk|1
|
|turn|26
|
|switch|p1a: Rotom-Wash|Rotom-Wash|304\/304
|move|p2a: skarmchans :|Spikes|p1a: Rotom-Wash
|-sidestart|p1: sp141|Spikes
|
|turn|27
|
|switch|p2a: no fairies pls|Sableye-Mega, M|141\/304 brn
|-damage|p2a: no fairies pls|103\/304 brn|[from] Stealth Rock
|move|p1a: Rotom-Wash|Volt Switch|p2a: no fairies pls
|-damage|p2a: no fairies pls|0 fnt
|faint|p2a: no fairies pls
|
|switch|p1a: Talonflame|Talonflame, F|222\/319
|
|
|switch|p2a: a fairy itself|Clefable, M|199\/394 brn
|-damage|p2a: a fairy itself|150\/394 brn|[from] Stealth Rock
|turn|28
|
|move|p1a: Talonflame|Brave Bird|p2a: a fairy itself
|-damage|p2a: a fairy itself|0 fnt
|-damage|p1a: Talonflame|172\/319|[from] recoil|[of] p2a: a fairy itself
|faint|p2a: a fairy itself
|
|
|switch|p2a: no mega mence|Mamoswine, M|362\/362
|-damage|p2a: no mega mence|317\/362|[from] Stealth Rock
|turn|29
|
|move|p1a: Talonflame|Brave Bird|p2a: no mega mence
|-damage|p2a: no mega mence|94\/362
|-damage|p1a: Talonflame|98\/319|[from] recoil|[of] p2a: no mega mence
|move|p2a: no mega mence|Icicle Crash|p1a: Talonflame
|-damage|p1a: Talonflame|0 fnt
|-damage|p2a: no mega mence|58\/362|[from] item: Life Orb
|faint|p1a: Talonflame
|
|
|switch|p1a: Weavile|Weavile, F|281\/281
|-damage|p1a: Weavile|246\/281|[from] Spikes
|turn|30
|
|move|p2a: no mega mence|Ice Shard|p1a: Weavile
|-resisted|p1a: Weavile
|-damage|p1a: Weavile|184\/281
|-damage|p2a: no mega mence|22\/362|[from] item: Life Orb
|move|p1a: Weavile|Knock Off|p2a: no mega mence
|-damage|p2a: no mega mence|0 fnt
|-enditem|p2a: no mega mence|Life Orb|[from] move: Knock Off|[of] p1a: Weavile
|-damage|p1a: Weavile|156\/281|[from] item: Life Orb
|faint|p2a: no mega mence
|
|
|switch|p2a: skarmchans :|Skarmory, M, shiny|230\/334
|-damage|p2a: skarmchans :|189\/334|[from] Stealth Rock
|turn|31
|
|move|p1a: Weavile|Swords Dance|p1a: Weavile
|-boost|p1a: Weavile|atk|2
|move|p2a: skarmchans :|Roost|p2a: skarmchans :
|-heal|p2a: skarmchans :|334\/334
|
|turn|32
|
|move|p1a: Weavile|Icicle Crash|p2a: skarmchans :
|-damage|p2a: skarmchans :|108\/334
|-damage|p1a: Weavile|128\/281|[from] item: Life Orb
|cant|p2a: skarmchans :|flinch
|
|turn|33
|-message|LadderSoTall forfeited.
|
|win|sp141
|raw|Ladder updating...
|leave|LadderSoTall
|player|p2
|raw|sp141's rating: 1588 &rarr; <strong>1602<\/strong><br \/>(+14 for winning)
|raw|LadderSoTall's rating: 1474 &rarr; <strong>1461<\/strong><br \/>(-13 for losing)