|join|MoB Barley
|join|LadderSoTall
|player|p1|MoB Barley|161
|player|p2|LadderSoTall|31
|gametype|singles
|gen|6
|tier|ORAS OU
|rated
|rule|Sleep Clause Mod: Limit one foe put to sleep
|rule|Species Clause: Limit one of each PokÃ©mon
|rule|OHKO Clause: OHKO moves are banned
|rule|Moody Clause: Moody is banned
|rule|Evasion Moves Clause: Evasion moves are banned
|rule|Endless Battle Clause: Forcing endless battles is banned
|rule|HP Percentage Mod: HP is shown in percentages
|clearpoke
|poke|p1|Greninja, M, shiny
|poke|p1|Landorus-Therian, M
|poke|p1|Conkeldurr, M, shiny
|poke|p1|Diancie
|poke|p1|Latias, F
|poke|p1|Bisharp, M, shiny
|poke|p2|Greninja, M, shiny
|poke|p2|Sableye, M
|poke|p2|Diggersby, M
|poke|p2|Thundurus, M, shiny
|poke|p2|Skarmory, M, shiny
|poke|p2|Chansey, F
|rule|Swagger Clause: Swagger is banned
|rule|Baton Pass Clause: Limit one PokÃ©mon knowing Baton Pass
|teampreview
|c|âLadderSoTall|gdi -.-
|c|âMoB Barley|gl
|c|âLadderSoTall|im tryina get 1500s lol
|join|Wheezer
|c| Wheezer|oh, lol
|c|âLadderSoTall|can you forfeit?
|c| Wheezer|i thought u meant 1500s in XY
|c|âLadderSoTall|no, oras
|c| Wheezer|i was confused
|c|âMoB Barley|earn your stripes
|c|âLadderSoTall|.....
|
|start
|switch|p1a: Conkeldurr|Conkeldurr, M, shiny|361\/361
|switch|p2a: Sableye|Sableye, M|304\/304
|turn|1
|
|detailschange|p2a: Sableye|Sableye-Mega, M
|message|Sableye has Mega Evolved into Mega Sableye!
|move|p2a: Sableye|Will-O-Wisp|p1a: Conkeldurr
|-status|p1a: Conkeldurr|brn
|move|p1a: Conkeldurr|Knock Off|p2a: Sableye
|-damage|p2a: Sableye|227\/304
|
|-damage|p1a: Conkeldurr|316\/361 brn|[from] brn
|turn|2
|
|move|p1a: Conkeldurr|Ice Punch|p2a: Sableye
|-crit|p2a: Sableye
|-damage|p2a: Sableye|81\/304
|move|p2a: Sableye|Recover|p2a: Sableye
|-heal|p2a: Sableye|233\/304
|
|-damage|p1a: Conkeldurr|271\/361 brn|[from] brn
|turn|3
|c| Wheezer|hey ladder
|join|TheKingKarp
|c|âLadderSoTall|?
|c| Wheezer|if u want after this battle, me, karp, and Fr33dom are making a mega gallade team
|c| TheKingKarp|^
|c|âLadderSoTall|ok
|
|switch|p1a: Diancie|Diancie|241\/241
|move|p2a: Sableye|Recover|p2a: Sableye
|-heal|p2a: Sableye|304\/304
|
|turn|4
|c| TheKingKarp|woah playing mob barley
|c| TheKingKarp|:]
|
|switch|p2a: Chansey|Chansey, F|704\/704
|detailschange|p1a: Diancie|Diancie-Mega
|message|Diancie has Mega Evolved into Mega Diancie!
|move|p1a: Diancie|Stealth Rock|p2a: Chansey
|-sidestart|p2: LadderSoTall|move: Stealth Rock
|
|turn|5
|
|switch|p1a: Bisharp|Bisharp, M, shiny|271\/271
|move|p2a: Chansey|Seismic Toss|p1a: Bisharp
|-damage|p1a: Bisharp|171\/271
|
|turn|6
|
|switch|p2a: Sableye|Sableye-Mega, M|304\/304
|-damage|p2a: Sableye|266\/304|[from] Stealth Rock
|move|p1a: Bisharp|Swords Dance|p1a: Bisharp
|-boost|p1a: Bisharp|atk|2
|
|turn|7
|
|move|p1a: Bisharp|Iron Head|p2a: Sableye
|-damage|p2a: Sableye|28\/304
|-damage|p1a: Bisharp|144\/271|[from] item: Life Orb
|move|p2a: Sableye|Will-O-Wisp|p1a: Bisharp
|-status|p1a: Bisharp|brn
|
|-damage|p1a: Bisharp|111\/271 brn|[from] brn
|turn|8
|
|move|p1a: Bisharp|Knock Off|p2a: Sableye
|-damage|p2a: Sableye|0 fnt
|-damage|p1a: Bisharp|84\/271 brn|[from] item: Life Orb
|faint|p2a: Sableye
|
|-damage|p1a: Bisharp|51\/271 brn|[from] brn
|
|switch|p2a: Skarmory|Skarmory, M, shiny|334\/334
|-damage|p2a: Skarmory|293\/334|[from] Stealth Rock
|turn|9
|
|move|p1a: Bisharp|Swords Dance|p1a: Bisharp
|-boost|p1a: Bisharp|atk|2
|move|p2a: Skarmory|Spikes|p1a: Bisharp
|-sidestart|p1: MoB Barley|Spikes
|
|-damage|p1a: Bisharp|18\/271 brn|[from] brn
|turn|10
|join|Fr33dom
|
|move|p1a: Bisharp|Knock Off|p2a: Skarmory
|-damage|p2a: Skarmory|93\/334
|-enditem|p2a: Skarmory|Shed Shell|[from] move: Knock Off|[of] p1a: Bisharp
|-damage|p1a: Bisharp|0 fnt|[from] item: Life Orb
|faint|p1a: Bisharp
|move|p2a: Skarmory|Roost|p2a: Skarmory
|-heal|p2a: Skarmory|260\/334
|
|c| Fr33dom|mega sableye?
|c| Fr33dom|o.O
|
|switch|p1a: Greninja|Greninja, M, shiny|285\/285
|-damage|p1a: Greninja|250\/285|[from] Spikes
|turn|11
|
|switch|p1a: Latias|Latias, F|301\/301
|switch|p2a: Chansey|Chansey, F|704\/704
|-damage|p2a: Chansey|616\/704|[from] Stealth Rock
|
|turn|12
|
|move|p1a: Latias|Defog|p2a: Chansey
|-unboost|p2a: Chansey|evasion|1
|-sideend|p2: LadderSoTall|Stealth Rock|[from] move: Defog|[of] p2a: Chansey
|-sideend|p1: MoB Barley|Spikes|[from] move: Defog|[of] p1a: Latias
|move|p2a: Chansey|Seismic Toss|p1a: Latias
|-damage|p1a: Latias|201\/301
|
|turn|13
|
|switch|p1a: Conkeldurr|Conkeldurr, M, shiny|271\/361 brn
|move|p2a: Chansey|Thunder Wave|p1a: Conkeldurr
|-fail|p1a: Conkeldurr
|
|-damage|p1a: Conkeldurr|226\/361 brn|[from] brn
|turn|14
|
|switch|p2a: Skarmory|Skarmory, M, shiny|260\/334
|move|p1a: Conkeldurr|Drain Punch|p2a: Skarmory
|-damage|p2a: Skarmory|127\/334
|-heal|p1a: Conkeldurr|293\/361 brn|[from] drain|[of] p2a: Skarmory
|
|-damage|p1a: Conkeldurr|248\/361 brn|[from] brn
|turn|15
|
|switch|p1a: Diancie|Diancie-Mega|241\/241
|move|p2a: Skarmory|Brave Bird|p1a: Diancie
|-resisted|p1a: Diancie
|-damage|p1a: Diancie|191\/241
|-damage|p2a: Skarmory|110\/334|[from] recoil|[of] p1a: Diancie
|
|turn|16
|
|move|p1a: Diancie|Moonblast|p2a: Skarmory
|-resisted|p2a: Skarmory
|-damage|p2a: Skarmory|0 fnt
|faint|p2a: Skarmory
|
|
|switch|p2a: Greninja|Greninja, M, shiny|285\/285
|turn|17
|
|switch|p1a: Greninja|Greninja, M, shiny|250\/285
|move|p2a: Greninja|Scald|p1a: Greninja
|-start|p2a: Greninja|typechange|Water|[from] Protean
|-resisted|p1a: Greninja
|-damage|p1a: Greninja|176\/285
|
|turn|18
|
|switch|p2a: Chansey|Chansey, F|616\/704
|move|p1a: Greninja|Gunk Shot|p2a: Chansey
|-start|p1a: Greninja|typechange|Poison|[from] Protean
|-damage|p2a: Chansey|377\/704
|-damage|p1a: Greninja|148\/285|[from] item: Life Orb
|
|turn|19
|
|switch|p1a: Conkeldurr|Conkeldurr, M, shiny|248\/361 brn
|move|p2a: Chansey|Soft-Boiled|p2a: Chansey
|-heal|p2a: Chansey|704\/704
|
|-damage|p1a: Conkeldurr|203\/361 brn|[from] brn
|turn|20
|
|move|p2a: Chansey|Stealth Rock|p1a: Conkeldurr
|-sidestart|p1: MoB Barley|move: Stealth Rock
|move|p1a: Conkeldurr|Drain Punch|p2a: Chansey
|-supereffective|p2a: Chansey
|-damage|p2a: Chansey|126\/704
|-heal|p1a: Conkeldurr|361\/361 brn|[from] drain|[of] p2a: Chansey
|
|-damage|p1a: Conkeldurr|316\/361 brn|[from] brn
|turn|21
|
|move|p1a: Conkeldurr|Mach Punch|p2a: Chansey
|-supereffective|p2a: Chansey
|-damage|p2a: Chansey|0 fnt
|faint|p2a: Chansey
|
|-damage|p1a: Conkeldurr|271\/361 brn|[from] brn
|
|switch|p2a: Thundurus|Thundurus, M, shiny|300\/300
|turn|22
|
|switch|p1a: Landorus-Therian|Landorus-Therian, M|319\/319
|-damage|p1a: Landorus-Therian|280\/319|[from] Stealth Rock
|-ability|p1a: Landorus-Therian|Intimidate|[of] p2a: Thundurus
|-unboost|p2a: Thundurus|atk|1
|move|p2a: Thundurus|Knock Off|p1a: Landorus-Therian
|-damage|p1a: Landorus-Therian|223\/319
|-enditem|p1a: Landorus-Therian|Choice Scarf|[from] move: Knock Off|[of] p2a: Thundurus
|
|turn|23
|
|move|p2a: Thundurus|Hidden Power|p1a: Landorus-Therian
|-supereffective|p1a: Landorus-Therian
|-damage|p1a: Landorus-Therian|0 fnt
|faint|p1a: Landorus-Therian
|
|
|switch|p1a: Greninja|Greninja, M, shiny|148\/285
|-damage|p1a: Greninja|113\/285|[from] Stealth Rock
|turn|24
|
|move|p2a: Thundurus|Thunder Wave|p1a: Greninja
|-status|p1a: Greninja|par
|move|p1a: Greninja|Ice Beam|p2a: Thundurus
|-start|p1a: Greninja|typechange|Ice|[from] Protean
|-supereffective|p2a: Thundurus
|-enditem|p2a: Thundurus|Focus Sash
|-damage|p2a: Thundurus|1\/300
|-damage|p1a: Greninja|85\/285 par|[from] item: Life Orb
|
|turn|25
|c| TheKingKarp|oml
|c| Fr33dom|damn
|
|move|p2a: Thundurus|Thunderbolt|p1a: Greninja
|-damage|p1a: Greninja|0 fnt
|faint|p1a: Greninja
|
|c| Fr33dom|what a beast
|c| TheKingKarp|ladder with the innovation
|c| Fr33dom|lol
|c|âLadderSoTall|i try
|c| TheKingKarp|^
|
|switch|p1a: Conkeldurr|Conkeldurr, M, shiny|271\/361 brn
|-damage|p1a: Conkeldurr|249\/361 brn|[from] Stealth Rock
|turn|26
|
|move|p1a: Conkeldurr|Mach Punch|p2a: Thundurus
|-resisted|p2a: Thundurus
|-damage|p2a: Thundurus|0 fnt
|faint|p2a: Thundurus
|
|-damage|p1a: Conkeldurr|204\/361 brn|[from] brn
|c| Fr33dom|diggersby though?
|c|âLadderSoTall|hm
|c| Fr33dom|hmm
|
|switch|p2a: Diggersby|Diggersby, M|312\/312
|turn|27
|
|switch|p1a: Diancie|Diancie-Mega|191\/241
|-damage|p1a: Diancie|161\/241|[from] Stealth Rock
|move|p2a: Diggersby|Earthquake|p1a: Diancie
|-supereffective|p1a: Diancie
|-damage|p1a: Diancie|0 fnt
|faint|p1a: Diancie
|
|
|switch|p1a: Latias|Latias, F|201\/301
|-damage|p1a: Latias|164\/301|[from] Stealth Rock
|turn|28
|c| TheKingKarp|too stornk
|c| Fr33dom|better be scarfed
|c|âLadderSoTall|can greninja take the guts mach ounch?
|c| Fr33dom|or gg
|c| Fr33dom|no
|c| TheKingKarp|ladder
|c| TheKingKarp|ill calc
|c|âLadderSoTall|ok
|join|belgrade
|c| TheKingKarp|no
|c|âLadderSoTall|Dx
|c|âLadderSoTall|well
|c| TheKingKarp|:[
|c| Fr33dom|what about diggers?
|
|move|p1a: Latias|Draco Meteor|p2a: Diggersby
|-damage|p2a: Diggersby|0 fnt
|-unboost|p1a: Latias|spa|2
|-damage|p1a: Latias|134\/301|[from] item: Life Orb
|faint|p2a: Diggersby
|
|c|âLadderSoTall|it doess 100%?
|c|âLadderSoTall|wait
|c|âMoB Barley|sorry but guts is too op
|c| TheKingKarp|^
|
|switch|p2a: Greninja|Greninja, M, shiny|285\/285
|turn|29
|c|âLadderSoTall|i become poison
|c|âLadderSoTall|and resist
|c| Fr33dom|is this a ladder battle?
|c| TheKingKarp|ya
|c| TheKingKarp|ladder you genius
|c| Fr33dom|does that still kill?
|
|move|p2a: Greninja|Gunk Shot|p1a: Latias
|-start|p2a: Greninja|typechange|Poison|[from] Protean
|-damage|p1a: Latias|0 fnt
|faint|p1a: Latias
|
|c|âLadderSoTall|YUSS
|
|switch|p1a: Conkeldurr|Conkeldurr, M, shiny|204\/361 brn
|-damage|p1a: Conkeldurr|182\/361 brn|[from] Stealth Rock
|turn|30
|c| Fr33dom|what noaw?
|c| TheKingKarp|what a savage
|
|move|p2a: Greninja|Extrasensory|p1a: Conkeldurr
|-start|p2a: Greninja|typechange|Psychic|[from] Protean
|-supereffective|p1a: Conkeldurr
|-damage|p1a: Conkeldurr|0 fnt
|faint|p1a: Conkeldurr
|
|win|LadderSoTall
|raw|Ladder updating...
|raw|MoB Barley's rating: 1496 &rarr; <strong>1476<\/strong><br \/>(-20 for losing)
|raw|LadderSoTall's rating: 1491 &rarr; <strong>1512<\/strong><br \/>(+21 for winning)
|c| TheKingKarp|oml
|c|âLadderSoTall|YUSSSSSS
|c|âMoB Barley|oml whyyyyy
|c| TheKingKarp|lolol
|c| TheKingKarp|im dying
|c| Wheezer|lol
|c|âLadderSoTall|rekd
|leave|MoB Barley
|player|p1
|c| Fr33dom|lolololololol.ololol
|c| TheKingKarp|protean to op
|c| TheKingKarp|please nerf