|join|churos1.5
|join|LadderSoTall
|player|p1|churos1.5|101
|player|p2|LadderSoTall|195
|gametype|singles
|gen|6
|tier|OU
|rated
|clearpoke
|poke|p1|Garchomp, F
|poke|p1|Mew
|poke|p1|Azumarill, M
|poke|p1|Thundurus, M
|poke|p1|Weavile, F
|poke|p1|Starmie
|poke|p2|Alomomola, M, shiny
|poke|p2|Gyarados, M, shiny
|poke|p2|Latias, F
|poke|p2|Heatran, M, shiny
|poke|p2|Audino, M, shiny
|poke|p2|Excadrill, M, shiny
|rule|Swagger Clause: Swagger is banned
|rule|Baton Pass Clause: Limit one PokÃ©mon knowing Baton Pass
|rule|Sleep Clause Mod: Limit one foe put to sleep
|rule|Species Clause: Limit one of each PokÃ©mon
|rule|OHKO Clause: OHKO moves are banned
|rule|Moody Clause: Moody is banned
|rule|Evasion Moves Clause: Evasion moves are banned
|rule|Endless Battle Clause: Forcing endless battles is banned
|rule|HP Percentage Mod: HP is shown in percentages
|teampreview
|c|âchuros1.5|gg
|
|start
|switch|p1a: Azumarill|Azumarill, M|404\/404
|switch|p2a: Treacherous Waters|Gyarados, M, shiny|332\/332
|-ability|p2a: Treacherous Waters|Intimidate|[of] p1a: Azumarill
|-unboost|p1a: Azumarill|atk|1
|turn|1
|
|detailschange|p2a: Treacherous Waters|Gyarados-Mega, M, shiny
|message|Gyarados has Mega Evolved into Mega Gyarados!
|-ability|p2a: Treacherous Waters|Mold Breaker
|move|p2a: Treacherous Waters|Earthquake|p1a: Azumarill
|-damage|p1a: Azumarill|243\/404
|move|p1a: Azumarill|Play Rough|p2a: Treacherous Waters
|-supereffective|p2a: Treacherous Waters
|-damage|p2a: Treacherous Waters|86\/332
|
|turn|2
|c|âchuros1.5|bop
|
|move|p2a: Treacherous Waters|Earthquake|p1a: Azumarill
|-damage|p1a: Azumarill|82\/404
|move|p1a: Azumarill|Play Rough|p2a: Treacherous Waters
|-supereffective|p2a: Treacherous Waters
|-damage|p2a: Treacherous Waters|0 fnt
|faint|p2a: Treacherous Waters
|
|c|âchuros1.5|bop
|
|switch|p2a: Seeking Torpedo|Alomomola, M, shiny|534\/534
|turn|3
|
|switch|p1a: Mew|Mew|404\/404
|move|p2a: Seeking Torpedo|Scald|p1a: Mew
|-damage|p1a: Mew|358\/404
|
|-heal|p1a: Mew|383\/404|[from] item: Leftovers
|turn|4
|
|switch|p2a: Island Volcano|Heatran, M, shiny|386\/386
|move|p1a: Mew|Knock Off|p2a: Island Volcano
|-damage|p2a: Island Volcano|315\/386
|-enditem|p2a: Island Volcano|Leftovers|[from] move: Knock Off|[of] p1a: Mew
|
|-heal|p1a: Mew|404\/404|[from] item: Leftovers
|turn|5
|c|âchuros1.5|no
|
|move|p1a: Mew|Taunt|p2a: Island Volcano
|-start|p2a: Island Volcano|move: Taunt
|move|p2a: Island Volcano|Lava Plume|p1a: Mew
|-damage|p1a: Mew|304\/404
|
|-heal|p1a: Mew|329\/404|[from] item: Leftovers
|turn|6
|c|âchuros1.5|gg
|
|switch|p1a: Garchomp|Garchomp, F|358\/358
|move|p2a: Island Volcano|Lava Plume|p1a: Garchomp
|-crit|p1a: Garchomp
|-resisted|p1a: Garchomp
|-damage|p1a: Garchomp|265\/358
|-status|p1a: Garchomp|brn
|
|-damage|p1a: Garchomp|221\/358 brn|[from] brn
|turn|7
|
|switch|p2a: Sea Dragon|Latias, F|302\/302
|move|p1a: Garchomp|Stealth Rock|p2a: Sea Dragon
|-sidestart|p2: LadderSoTall|move: Stealth Rock
|
|-damage|p1a: Garchomp|177\/358 brn|[from] brn
|turn|8
|
|move|p2a: Sea Dragon|Trick|p1a: Garchomp
|-activate|p2a: Sea Dragon|move: Trick|[of] p1a: Garchomp
|-item|p1a: Garchomp|Choice Scarf|[from] move: Trick
|-item|p2a: Sea Dragon|Focus Sash|[from] move: Trick
|move|p1a: Garchomp|Outrage|p2a: Sea Dragon
|-supereffective|p2a: Sea Dragon
|-damage|p2a: Sea Dragon|68\/302
|
|-damage|p1a: Garchomp|133\/358 brn|[from] brn
|turn|9
|
|switch|p2a: Island Volcano|Heatran, M, shiny|315\/386
|-damage|p2a: Island Volcano|267\/386|[from] Stealth Rock
|move|p1a: Garchomp|Outrage|p2a: Island Volcano
|-resisted|p2a: Island Volcano
|-damage|p2a: Island Volcano|216\/386
|
|-end|p1a: Garchomp|rampage
|-start|p1a: Garchomp|confusion
|-damage|p1a: Garchomp|89\/358 brn|[from] brn
|turn|10
|c|âchuros1.5|nice play
|
|-activate|p1a: Garchomp|confusion
|move|p1a: Garchomp|Outrage|p2a: Island Volcano
|-resisted|p2a: Island Volcano
|-damage|p2a: Island Volcano|168\/386
|move|p2a: Island Volcano|Stealth Rock|p1a: Garchomp
|-sidestart|p1: churos1.5|move: Stealth Rock
|
|-damage|p1a: Garchomp|45\/358 brn|[from] brn
|turn|11
|
|-end|p1a: Garchomp|confusion
|move|p1a: Garchomp|Outrage|p2a: Island Volcano
|-crit|p2a: Island Volcano
|-resisted|p2a: Island Volcano
|-damage|p2a: Island Volcano|91\/386
|move|p2a: Island Volcano|Lava Plume|p1a: Garchomp
|-resisted|p1a: Garchomp
|-damage|p1a: Garchomp|0 fnt
|faint|p1a: Garchomp
|
|
|switch|p1a: Starmie|Starmie|261\/261
|-damage|p1a: Starmie|229\/261|[from] Stealth Rock
|turn|12
|
|move|p1a: Starmie|Scald|p2a: Island Volcano
|-supereffective|p2a: Island Volcano
|-damage|p2a: Island Volcano|0 fnt
|-damage|p1a: Starmie|203\/261|[from] item: Life Orb
|faint|p2a: Island Volcano
|
|c|âchuros1.5|nice
|
|switch|p2a: Holy Moley|Excadrill, M, shiny|362\/362
|-damage|p2a: Holy Moley|351\/362|[from] Stealth Rock
|-ability|p2a: Holy Moley|Mold Breaker
|turn|13
|
|move|p2a: Holy Moley|X-Scissor|p1a: Starmie
|-supereffective|p1a: Starmie
|-damage|p1a: Starmie|0 fnt
|faint|p1a: Starmie
|
|
|switch|p1a: Thundurus|Thundurus, M|300\/300
|-damage|p1a: Thundurus|225\/300|[from] Stealth Rock
|turn|14
|
|switch|p2a: Sea Dragon|Latias, F|68\/302
|-damage|p2a: Sea Dragon|31\/302|[from] Stealth Rock
|move|p1a: Thundurus|Focus Blast|p2a: Sea Dragon
|-resisted|p2a: Sea Dragon
|-damage|p2a: Sea Dragon|0 fnt
|-damage|p1a: Thundurus|195\/300|[from] item: Life Orb
|faint|p2a: Sea Dragon
|
|
|switch|p2a: Holy Moley|Excadrill, M, shiny|351\/362
|-damage|p2a: Holy Moley|340\/362|[from] Stealth Rock
|-ability|p2a: Holy Moley|Mold Breaker
|turn|15
|
|switch|p1a: Weavile|Weavile, F|282\/282
|-damage|p1a: Weavile|212\/282|[from] Stealth Rock
|-ability|p1a: Weavile|Pressure
|move|p2a: Holy Moley|Rock Slide|p1a: Weavile
|-supereffective|p1a: Weavile
|-damage|p1a: Weavile|0 fnt
|faint|p1a: Weavile
|
|
|switch|p1a: Mew|Mew|329\/404
|-damage|p1a: Mew|279\/404|[from] Stealth Rock
|turn|16
|
|switch|p2a: Seeking Torpedo|Alomomola, M, shiny|534\/534
|-damage|p2a: Seeking Torpedo|468\/534|[from] Stealth Rock
|move|p1a: Mew|Will-O-Wisp|p2a: Seeking Torpedo
|-status|p2a: Seeking Torpedo|brn
|
|-heal|p1a: Mew|304\/404|[from] item: Leftovers
|-heal|p2a: Seeking Torpedo|501\/534 brn|[from] item: Leftovers
|-damage|p2a: Seeking Torpedo|435\/534 brn|[from] brn
|turn|17
|
|move|p1a: Mew|Taunt|p2a: Seeking Torpedo
|-start|p2a: Seeking Torpedo|move: Taunt
|move|p2a: Seeking Torpedo|Scald|p1a: Mew
|-damage|p1a: Mew|261\/404
|
|-heal|p1a: Mew|286\/404|[from] item: Leftovers
|-heal|p2a: Seeking Torpedo|468\/534 brn|[from] item: Leftovers
|-damage|p2a: Seeking Torpedo|402\/534 brn|[from] brn
|turn|18
|
|move|p1a: Mew|Knock Off|p2a: Seeking Torpedo
|-damage|p2a: Seeking Torpedo|336\/534 brn
|-enditem|p2a: Seeking Torpedo|Leftovers|[from] move: Knock Off|[of] p1a: Mew
|move|p2a: Seeking Torpedo|Scald|p1a: Mew
|-damage|p1a: Mew|244\/404
|
|-heal|p1a: Mew|269\/404|[from] item: Leftovers
|-damage|p2a: Seeking Torpedo|270\/534 brn|[from] brn
|turn|19
|
|switch|p2a: Heavenly|Audino, M, shiny|410\/410
|-damage|p2a: Heavenly|359\/410|[from] Stealth Rock
|move|p1a: Mew|Soft-Boiled|p1a: Mew
|-heal|p1a: Mew|404\/404
|
|-heal|p2a: Heavenly|384\/410|[from] item: Leftovers
|turn|20
|
|switch|p2a: Seeking Torpedo|Alomomola, M, shiny|448\/534 brn
|-damage|p2a: Seeking Torpedo|382\/534 brn|[from] Stealth Rock
|move|p1a: Mew|Taunt|p2a: Seeking Torpedo
|-start|p2a: Seeking Torpedo|move: Taunt
|
|-damage|p2a: Seeking Torpedo|316\/534 brn|[from] brn
|turn|21
|c|âchuros1.5|nope
|
|switch|p1a: Azumarill|Azumarill, M|82\/404
|-damage|p1a: Azumarill|32\/404|[from] Stealth Rock
|switch|p2a: Heavenly|Audino, M, shiny|410\/410
|-damage|p2a: Heavenly|359\/410|[from] Stealth Rock
|
|-heal|p2a: Heavenly|384\/410|[from] item: Leftovers
|turn|22
|
|move|p1a: Azumarill|Play Rough|p2a: Heavenly
|-damage|p2a: Heavenly|206\/410
|move|p2a: Heavenly|Hyper Voice|p1a: Azumarill
|-damage|p1a: Azumarill|0 fnt
|faint|p1a: Azumarill
|
|-heal|p2a: Heavenly|231\/410|[from] item: Leftovers
|
|switch|p1a: Thundurus|Thundurus, M|195\/300
|-damage|p1a: Thundurus|120\/300|[from] Stealth Rock
|turn|23
|
|move|p1a: Thundurus|Focus Blast|p2a: Heavenly
|-supereffective|p2a: Heavenly
|-damage|p2a: Heavenly|0 fnt
|-damage|p1a: Thundurus|90\/300|[from] item: Life Orb
|faint|p2a: Heavenly
|
|
|switch|p2a: Holy Moley|Excadrill, M, shiny|340\/362
|-damage|p2a: Holy Moley|329\/362|[from] Stealth Rock
|-ability|p2a: Holy Moley|Mold Breaker
|turn|24
|
|move|p2a: Holy Moley|Iron Head|p1a: Thundurus
|-resisted|p1a: Thundurus
|-damage|p1a: Thundurus|0 fnt
|faint|p1a: Thundurus
|
|c|âchuros1.5|im switching
|
|switch|p1a: Mew|Mew|404\/404
|-damage|p1a: Mew|354\/404|[from] Stealth Rock
|turn|25
|
|switch|p2a: Seeking Torpedo|Alomomola, M, shiny|494\/534 brn
|-damage|p2a: Seeking Torpedo|428\/534 brn|[from] Stealth Rock
|move|p1a: Mew|Will-O-Wisp|p2a: Seeking Torpedo|[miss]
|-miss|p1a: Mew|p2a: Seeking Torpedo
|
|-heal|p1a: Mew|379\/404|[from] item: Leftovers
|-damage|p2a: Seeking Torpedo|362\/534 brn|[from] brn
|turn|26
|
|move|p1a: Mew|Taunt|p2a: Seeking Torpedo
|-start|p2a: Seeking Torpedo|move: Taunt
|move|p2a: Seeking Torpedo|Scald|p1a: Mew
|-damage|p1a: Mew|334\/404
|
|-heal|p1a: Mew|359\/404|[from] item: Leftovers
|-damage|p2a: Seeking Torpedo|296\/534 brn|[from] brn
|turn|27
|
|move|p1a: Mew|Knock Off|p2a: Seeking Torpedo
|-damage|p2a: Seeking Torpedo|250\/534 brn
|move|p2a: Seeking Torpedo|Scald|p1a: Mew
|-damage|p1a: Mew|319\/404
|
|-heal|p1a: Mew|344\/404|[from] item: Leftovers
|-damage|p2a: Seeking Torpedo|184\/534 brn|[from] brn
|turn|28
|
|move|p1a: Mew|Knock Off|p2a: Seeking Torpedo
|-damage|p2a: Seeking Torpedo|139\/534 brn
|move|p2a: Seeking Torpedo|Scald|p1a: Mew
|-damage|p1a: Mew|298\/404
|-status|p1a: Mew|brn
|
|-heal|p1a: Mew|323\/404 brn|[from] item: Leftovers
|-damage|p1a: Mew|273\/404 brn|[from] brn
|-damage|p2a: Seeking Torpedo|73\/534 brn|[from] brn
|-end|p2a: Seeking Torpedo|move: Taunt
|turn|29
|
|move|p1a: Mew|Soft-Boiled|p1a: Mew
|-heal|p1a: Mew|404\/404 brn
|move|p2a: Seeking Torpedo|Wish|p2a: Seeking Torpedo
|
|-damage|p1a: Mew|354\/404 brn|[from] brn
|-damage|p2a: Seeking Torpedo|7\/534 brn|[from] brn
|turn|30
|
|move|p2a: Seeking Torpedo|Protect|p2a: Seeking Torpedo
|-singleturn|p2a: Seeking Torpedo|Protect
|move|p1a: Mew|Will-O-Wisp|p2a: Seeking Torpedo
|-activate|p2a: Seeking Torpedo|Protect
|
|-heal|p2a: Seeking Torpedo|274\/534 brn|[from] move: Wish|[wisher] Seeking Torpedo
|-heal|p1a: Mew|379\/404 brn|[from] item: Leftovers
|-damage|p1a: Mew|329\/404 brn|[from] brn
|-damage|p2a: Seeking Torpedo|208\/534 brn|[from] brn
|turn|31
|
|move|p1a: Mew|Taunt|p2a: Seeking Torpedo
|-start|p2a: Seeking Torpedo|move: Taunt
|move|p2a: Seeking Torpedo|Scald|p1a: Mew
|-damage|p1a: Mew|287\/404 brn
|
|-heal|p1a: Mew|312\/404 brn|[from] item: Leftovers
|-damage|p1a: Mew|262\/404 brn|[from] brn
|-damage|p2a: Seeking Torpedo|142\/534 brn|[from] brn
|turn|32
|
|move|p1a: Mew|Soft-Boiled|p1a: Mew
|-heal|p1a: Mew|404\/404 brn
|move|p2a: Seeking Torpedo|Scald|p1a: Mew
|-damage|p1a: Mew|359\/404 brn
|
|-heal|p1a: Mew|384\/404 brn|[from] item: Leftovers
|-damage|p1a: Mew|334\/404 brn|[from] brn
|-damage|p2a: Seeking Torpedo|76\/534 brn|[from] brn
|turn|33
|
|move|p1a: Mew|Knock Off|p2a: Seeking Torpedo
|-crit|p2a: Seeking Torpedo
|-damage|p2a: Seeking Torpedo|43\/534 brn
|move|p2a: Seeking Torpedo|Scald|p1a: Mew
|-damage|p1a: Mew|291\/404 brn
|
|-heal|p1a: Mew|316\/404 brn|[from] item: Leftovers
|-damage|p1a: Mew|266\/404 brn|[from] brn
|-damage|p2a: Seeking Torpedo|0 fnt|[from] brn
|faint|p2a: Seeking Torpedo
|
|switch|p2a: Holy Moley|Excadrill, M, shiny|329\/362
|-damage|p2a: Holy Moley|318\/362|[from] Stealth Rock
|-ability|p2a: Holy Moley|Mold Breaker
|turn|34
|
|move|p2a: Holy Moley|X-Scissor|p1a: Mew
|-supereffective|p1a: Mew
|-damage|p1a: Mew|102\/404 brn
|move|p1a: Mew|Will-O-Wisp|p2a: Holy Moley
|-status|p2a: Holy Moley|brn
|
|-heal|p1a: Mew|127\/404 brn|[from] item: Leftovers
|-damage|p2a: Holy Moley|273\/362 brn|[from] brn
|-damage|p1a: Mew|77\/404 brn|[from] brn
|turn|35
|
|move|p2a: Holy Moley|X-Scissor|p1a: Mew
|-supereffective|p1a: Mew
|-damage|p1a: Mew|0 fnt
|faint|p1a: Mew
|
|win|LadderSoTall
|raw|Ladder updating...
|raw|churos1.5's rating: 1749 &rarr; <strong>1727<\/strong><br \/>(-22 for losing)
|raw|LadderSoTall's rating: 1720 &rarr; <strong>1741<\/strong><br \/>(+21 for winning)
|leave|churos1.5
|player|p1