|join|Little_R
|join|LadderSoTall
|player|p1|Little_R|184
|player|p2|LadderSoTall|31
|gametype|singles
|gen|6
|tier|OU
|rated
|clearpoke
|poke|p1|Venusaur, M
|poke|p1|Mew
|poke|p1|Kyurem-Black
|poke|p1|Landorus-Therian, M
|poke|p1|Rotom-Wash
|poke|p1|Clefable, M
|poke|p2|Slowbro, M
|poke|p2|Heracross, M
|poke|p2|Latios, M
|poke|p2|Heatran, M
|poke|p2|Clefable, M
|poke|p2|Terrakion
|rule|Swagger Clause: Swagger is banned
|rule|Baton Pass Clause: Limit one PokÃ©mon knowing Baton Pass
|rule|Sleep Clause Mod: Limit one foe put to sleep
|rule|Species Clause: Limit one of each PokÃ©mon
|rule|OHKO Clause: OHKO moves are banned
|rule|Moody Clause: Moody is banned
|rule|Evasion Moves Clause: Evasion moves are banned
|rule|Endless Battle Clause: Forcing endless battles is banned
|rule|HP Percentage Mod: HP is shown in percentages
|teampreview
|
|start
|switch|p1a: Mew|Mew|404\/404
|switch|p2a: Strong Bug|Heracross, M|302\/302
|turn|1
|
|detailschange|p2a: Strong Bug|Heracross-Mega, M
|message|Heracross has Mega Evolved into Mega Heracross!
|move|p2a: Strong Bug|Pin Missile|p1a: Mew
|-crit|p1a: Mew
|-supereffective|p1a: Mew
|-damage|p1a: Mew|222\/404
|-supereffective|p1a: Mew
|-damage|p1a: Mew|94\/404
|-supereffective|p1a: Mew
|-damage|p1a: Mew|0 fnt
|-hitcount|p1a: Mew|3
|faint|p1a: Mew
|
|
|switch|p1a: Landorus-Therian|Landorus-Therian, M|382\/382
|-ability|p1a: Landorus-Therian|Intimidate|[of] p2a: Strong Bug
|-unboost|p2a: Strong Bug|atk|1
|turn|2
|
|move|p2a: Strong Bug|Bullet Seed|p1a: Landorus-Therian
|-damage|p1a: Landorus-Therian|360\/382
|-damage|p1a: Landorus-Therian|340\/382
|-damage|p1a: Landorus-Therian|321\/382
|-damage|p1a: Landorus-Therian|300\/382
|-damage|p1a: Landorus-Therian|279\/382
|-hitcount|p1a: Landorus-Therian|5
|move|p1a: Landorus-Therian|Stealth Rock|p2a: Strong Bug
|-sidestart|p2: LadderSoTall|move: Stealth Rock
|
|-heal|p1a: Landorus-Therian|302\/382|[from] item: Leftovers
|turn|3
|
|move|p2a: Strong Bug|Bullet Seed|p1a: Landorus-Therian
|-damage|p1a: Landorus-Therian|280\/382
|-damage|p1a: Landorus-Therian|258\/382
|-damage|p1a: Landorus-Therian|236\/382
|-damage|p1a: Landorus-Therian|216\/382
|-damage|p1a: Landorus-Therian|193\/382
|-hitcount|p1a: Landorus-Therian|5
|move|p1a: Landorus-Therian|U-turn|p2a: Strong Bug
|-resisted|p2a: Strong Bug
|-damage|p2a: Strong Bug|268\/302
|
|switch|p1a: Venusaur|Venusaur, M|364\/364
|
|turn|4
|
|switch|p2a: Lava Flow|Heatran, M|385\/385
|-damage|p2a: Lava Flow|337\/385|[from] Stealth Rock
|switch|p1a: Landorus-Therian|Landorus-Therian, M|193\/382
|-ability|p1a: Landorus-Therian|Intimidate|[of] p2a: Lava Flow
|-unboost|p2a: Lava Flow|atk|1
|
|-heal|p1a: Landorus-Therian|216\/382|[from] item: Leftovers
|-heal|p2a: Lava Flow|361\/385|[from] item: Leftovers
|turn|5
|
|switch|p2a: Sky Flyer|Latios, M|302\/302
|-damage|p2a: Sky Flyer|265\/302|[from] Stealth Rock
|move|p1a: Landorus-Therian|U-turn|p2a: Sky Flyer
|-supereffective|p2a: Sky Flyer
|-damage|p2a: Sky Flyer|77\/302
|
|switch|p1a: Clefable|Clefable, M|394\/394
|
|turn|6
|
|move|p2a: Sky Flyer|Trick|p1a: Clefable
|-activate|p2a: Sky Flyer|move: Trick|[of] p1a: Clefable
|-item|p1a: Clefable|Choice Scarf|[from] move: Trick
|-item|p2a: Sky Flyer|Leftovers|[from] move: Trick
|move|p1a: Clefable|Moonblast|p2a: Sky Flyer
|-supereffective|p2a: Sky Flyer
|-damage|p2a: Sky Flyer|0 fnt
|faint|p2a: Sky Flyer
|
|
|switch|p2a: Lava Flow|Heatran, M|361\/385
|-damage|p2a: Lava Flow|313\/385|[from] Stealth Rock
|turn|7
|
|move|p1a: Clefable|Moonblast|p2a: Lava Flow
|-resisted|p2a: Lava Flow
|-damage|p2a: Lava Flow|294\/385
|move|p2a: Lava Flow|Stealth Rock|p1a: Clefable
|-sidestart|p1: Little_R|move: Stealth Rock
|
|-heal|p2a: Lava Flow|318\/385|[from] item: Leftovers
|turn|8
|
|switch|p1a: Landorus-Therian|Landorus-Therian, M|216\/382
|-damage|p1a: Landorus-Therian|169\/382|[from] Stealth Rock
|-ability|p1a: Landorus-Therian|Intimidate|[of] p2a: Lava Flow
|-unboost|p2a: Lava Flow|atk|1
|move|p2a: Lava Flow|Lava Plume|p1a: Landorus-Therian
|-damage|p1a: Landorus-Therian|18\/382
|-status|p1a: Landorus-Therian|brn
|
|-heal|p1a: Landorus-Therian|41\/382 brn|[from] item: Leftovers
|-heal|p2a: Lava Flow|342\/385|[from] item: Leftovers
|-damage|p1a: Landorus-Therian|0 fnt|[from] brn
|faint|p1a: Landorus-Therian
|
|switch|p1a: Rotom-Wash|Rotom-Wash|254\/254
|-damage|p1a: Rotom-Wash|223\/254|[from] Stealth Rock
|turn|9
|
|move|p1a: Rotom-Wash|Hydro Pump|p2a: Lava Flow
|-supereffective|p2a: Lava Flow
|-damage|p2a: Lava Flow|0 fnt
|faint|p2a: Lava Flow
|
|
|switch|p2a: Strong Bug|Heracross-Mega, M|268\/302
|-damage|p2a: Strong Bug|231\/302|[from] Stealth Rock
|turn|10
|
|switch|p1a: Clefable|Clefable, M|394\/394
|move|p2a: Strong Bug|Bullet Seed|p1a: Clefable
|-damage|p1a: Clefable|361\/394
|-damage|p1a: Clefable|324\/394
|-damage|p1a: Clefable|292\/394
|-damage|p1a: Clefable|259\/394
|-damage|p1a: Clefable|223\/394
|-hitcount|p1a: Clefable|5
|
|turn|11
|
|switch|p2a: Mega Audino 2.0|Clefable, M|394\/394
|move|p1a: Clefable|Moonblast|p2a: Mega Audino 2.0
|-damage|p2a: Mega Audino 2.0|301\/394
|
|-heal|p2a: Mega Audino 2.0|325\/394|[from] item: Leftovers
|turn|12
|
|switch|p1a: Rotom-Wash|Rotom-Wash|223\/254
|-damage|p1a: Rotom-Wash|192\/254|[from] Stealth Rock
|move|p2a: Mega Audino 2.0|Calm Mind|p2a: Mega Audino 2.0
|-boost|p2a: Mega Audino 2.0|spa|1
|-boost|p2a: Mega Audino 2.0|spd|1
|
|-heal|p2a: Mega Audino 2.0|349\/394|[from] item: Leftovers
|turn|13
|
|move|p1a: Rotom-Wash|Trick|p2a: Mega Audino 2.0
|-activate|p1a: Rotom-Wash|move: Trick|[of] p2a: Mega Audino 2.0
|-item|p2a: Mega Audino 2.0|Choice Specs|[from] move: Trick
|-item|p1a: Rotom-Wash|Leftovers|[from] move: Trick
|move|p2a: Mega Audino 2.0|Moonblast|p1a: Rotom-Wash
|-damage|p1a: Rotom-Wash|0 fnt
|faint|p1a: Rotom-Wash
|
|
|switch|p1a: Venusaur|Venusaur, M|364\/364
|-damage|p1a: Venusaur|319\/364|[from] Stealth Rock
|turn|14
|
|detailschange|p1a: Venusaur|Venusaur-Mega, M
|message|Venusaur has Mega Evolved into Mega Venusaur!
|move|p1a: Venusaur|Sludge Bomb|p2a: Mega Audino 2.0
|-supereffective|p2a: Mega Audino 2.0
|-damage|p2a: Mega Audino 2.0|187\/394
|move|p2a: Mega Audino 2.0|Moonblast|p1a: Venusaur
|-resisted|p1a: Venusaur
|-damage|p1a: Venusaur|208\/364
|-unboost|p1a: Venusaur|spa|1
|
|turn|15
|
|move|p1a: Venusaur|Sludge Bomb|p2a: Mega Audino 2.0
|-supereffective|p2a: Mega Audino 2.0
|-damage|p2a: Mega Audino 2.0|85\/394
|-status|p2a: Mega Audino 2.0|psn
|move|p2a: Mega Audino 2.0|Moonblast|p1a: Venusaur
|-resisted|p1a: Venusaur
|-damage|p1a: Venusaur|106\/364
|
|turn|16
|
|move|p1a: Venusaur|Synthesis|p1a: Venusaur
|-heal|p1a: Venusaur|288\/364
|move|p2a: Mega Audino 2.0|Moonblast|p1a: Venusaur
|-crit|p1a: Venusaur
|-resisted|p1a: Venusaur
|-damage|p1a: Venusaur|126\/364
|
|turn|17
|
|move|p1a: Venusaur|Synthesis|p1a: Venusaur
|-heal|p1a: Venusaur|308\/364
|move|p2a: Mega Audino 2.0|Moonblast|p1a: Venusaur
|-resisted|p1a: Venusaur
|-damage|p1a: Venusaur|200\/364
|
|turn|18
|
|switch|p1a: Clefable|Clefable, M|223\/394
|move|p2a: Mega Audino 2.0|Moonblast|p1a: Clefable
|-damage|p1a: Clefable|0 fnt
|faint|p1a: Clefable
|
|
|switch|p1a: Venusaur|Venusaur-Mega, M|200\/364
|-damage|p1a: Venusaur|155\/364|[from] Stealth Rock
|turn|19
|
|move|p1a: Venusaur|Sludge Bomb|p2a: Mega Audino 2.0
|-supereffective|p2a: Mega Audino 2.0
|-damage|p2a: Mega Audino 2.0|0 fnt
|faint|p2a: Mega Audino 2.0
|
|
|switch|p2a: Strong Bug|Heracross-Mega, M|231\/302
|-damage|p2a: Strong Bug|194\/302|[from] Stealth Rock
|turn|20
|
|move|p2a: Strong Bug|Pin Missile|p1a: Venusaur
|-damage|p1a: Venusaur|121\/364
|-damage|p1a: Venusaur|84\/364
|-crit|p1a: Venusaur
|-damage|p1a: Venusaur|30\/364
|-damage|p1a: Venusaur|0 fnt
|-hitcount|p1a: Venusaur|4
|faint|p1a: Venusaur
|
|
|switch|p1a: Kyurem-Black|Kyurem-Black|391\/391
|-damage|p1a: Kyurem-Black|294\/391|[from] Stealth Rock
|-ability|p1a: Kyurem-Black|Teravolt
|turn|21
|
|move|p1a: Kyurem-Black|Outrage|p2a: Strong Bug
|-damage|p2a: Strong Bug|0 fnt
|faint|p2a: Strong Bug
|
|
|switch|p2a: Mt. Rakion|Terrakion|324\/324
|-damage|p2a: Mt. Rakion|304\/324|[from] Stealth Rock
|turn|22
|
|move|p2a: Mt. Rakion|Close Combat|p1a: Kyurem-Black
|-supereffective|p1a: Kyurem-Black
|-damage|p1a: Kyurem-Black|0 fnt
|-unboost|p2a: Mt. Rakion|def|1
|-unboost|p2a: Mt. Rakion|spd|1
|faint|p1a: Kyurem-Black
|
|win|LadderSoTall
|raw|Ladder updating...
|raw|Little_R's rating: 1621 &rarr; <strong>1607<\/strong><br \/>(-14 for losing)
|raw|LadderSoTall's rating: 1728 &rarr; <strong>1742<\/strong><br \/>(+14 for winning)
|leave|Little_R
|player|p1