|join|LadderSoTall
|join|Steez Ibanez
|player|p1|LadderSoTall|31
|player|p2|Steez Ibanez|25
|gametype|singles
|gen|6
|tier|OU
|rated
|clearpoke
|poke|p1|Abomasnow, M, shiny
|poke|p1|Skarmory, M, shiny
|poke|p1|Heatran, M
|poke|p1|Dugtrio, M, shiny
|poke|p1|Gothitelle, M, shiny
|poke|p1|Kyurem-Black, shiny
|poke|p2|Rotom-Wash
|poke|p2|Landorus-Therian, M
|poke|p2|Medicham, M
|poke|p2|Ferrothorn, M
|poke|p2|Heatran, M
|poke|p2|Latios, M
|rule|Swagger Clause: Swagger is banned
|rule|Baton Pass Clause: Limit one PokÃ©mon knowing Baton Pass
|rule|Sleep Clause Mod: Limit one foe put to sleep
|rule|Species Clause: Limit one of each PokÃ©mon
|rule|OHKO Clause: OHKO moves are banned
|rule|Moody Clause: Moody is banned
|rule|Evasion Moves Clause: Evasion moves are banned
|rule|Endless Battle Clause: Forcing endless battles is banned
|rule|HP Percentage Mod: HP is shown in percentages
|teampreview
|
|start
|switch|p1a: survival|Skarmory, M, shiny|334\/334
|switch|p2a: Floyd|Ferrothorn, M|351\/351
|turn|1
|
|move|p1a: survival|Stealth Rock|p2a: Floyd
|-sidestart|p2: Steez Ibanez|move: Stealth Rock
|move|p2a: Floyd|Thunder Wave|p1a: survival
|-status|p1a: survival|par
|
|turn|2
|
|switch|p1a: heat lamp|Heatran, M|324\/324
|move|p2a: Floyd|Leech Seed|p1a: heat lamp
|-start|p1a: heat lamp|move: Leech Seed
|
|-damage|p1a: heat lamp|284\/324|[from] Leech Seed|[of] p2a: Floyd
|turn|3
|
|switch|p1a: storms a comin|Abomasnow, M, shiny|384\/384
|-weather|Hail
|move|p2a: Floyd|Protect|p2a: Floyd
|-fail|p2a: Floyd
|
|-weather|Hail|[upkeep]
|-damage|p2a: Floyd|330\/351|[from] hail
|turn|4
|
|detailschange|p1a: storms a comin|Abomasnow-Mega, M, shiny
|message|Abomasnow has Mega Evolved into Mega Abomasnow!
|move|p1a: storms a comin|Hidden Power|p2a: Floyd
|-supereffective|p2a: Floyd
|-damage|p2a: Floyd|126\/351
|move|p2a: Floyd|Thunder Wave|p1a: storms a comin
|-status|p1a: storms a comin|par
|
|-weather|Hail|[upkeep]
|-damage|p2a: Floyd|105\/351|[from] hail
|turn|5
|
|move|p2a: Floyd|Power Whip|p1a: storms a comin
|-resisted|p1a: storms a comin
|-damage|p1a: storms a comin|315\/384 par
|move|p1a: storms a comin|Blizzard|p2a: Floyd
|-damage|p2a: Floyd|0 fnt
|faint|p2a: Floyd
|
|-weather|Hail|[upkeep]
|
|switch|p2a: Sage|Medicham, M|265\/265
|-damage|p2a: Sage|249\/265|[from] Stealth Rock
|turn|6
|
|switch|p1a: survival|Skarmory, M, shiny|334\/334 par
|detailschange|p2a: Sage|Medicham-Mega, M
|message|Medicham has Mega Evolved into Mega Medicham!
|move|p2a: Sage|High Jump Kick|p1a: survival
|-damage|p1a: survival|76\/334 par
|
|-weather|Hail|[upkeep]
|-damage|p2a: Sage|233\/265|[from] hail
|-damage|p1a: survival|56\/334 par|[from] hail
|turn|7
|
|move|p2a: Sage|High Jump Kick|p1a: survival
|-damage|p1a: survival|0 fnt
|faint|p1a: survival
|
|-weather|none
|
|switch|p1a: frozen dirt|Dugtrio, M, shiny|212\/212
|turn|8
|
|move|p1a: frozen dirt|Earthquake|p2a: Sage
|-damage|p2a: Sage|20\/265
|move|p2a: Sage|Ice Punch|p1a: frozen dirt
|-supereffective|p1a: frozen dirt
|-damage|p1a: frozen dirt|0 fnt
|faint|p1a: frozen dirt
|
|
|switch|p1a: snow queen|Gothitelle, M, shiny|306\/306
|turn|9
|
|move|p1a: snow queen|Psychic|p2a: Sage
|-crit|p2a: Sage
|-damage|p2a: Sage|0 fnt
|faint|p2a: Sage
|
|
|switch|p2a: Shukaku|Landorus-Therian, M|381\/381
|-damage|p2a: Shukaku|334\/381|[from] Stealth Rock
|-ability|p2a: Shukaku|Intimidate|[of] p1a: snow queen
|-unboost|p1a: snow queen|atk|1
|turn|10
|
|move|p1a: snow queen|Psychic|p2a: Shukaku
|-damage|p2a: Shukaku|189\/381
|move|p2a: Shukaku|Stealth Rock|p1a: snow queen
|-sidestart|p1: LadderSoTall|move: Stealth Rock
|
|-heal|p2a: Shukaku|212\/381|[from] item: Leftovers
|turn|11
|
|move|p1a: snow queen|Psychic|p2a: Shukaku
|-damage|p2a: Shukaku|76\/381
|move|p2a: Shukaku|U-turn|p1a: snow queen
|-supereffective|p1a: snow queen
|-damage|p1a: snow queen|132\/306
|
|switch|p2a: Kuton|Heatran, M|385\/385
|-damage|p2a: Kuton|337\/385|[from] Stealth Rock
|
|-heal|p2a: Kuton|361\/385|[from] item: Leftovers
|turn|12
|
|switch|p1a: heat lamp|Heatran, M|284\/324
|-damage|p1a: heat lamp|244\/324|[from] Stealth Rock
|move|p2a: Kuton|Flamethrower|p1a: heat lamp
|-start|p1a: heat lamp|ability: Flash Fire
|
|-heal|p1a: heat lamp|264\/324|[from] item: Leftovers
|-heal|p2a: Kuton|385\/385|[from] item: Leftovers
|turn|13
|
|move|p1a: heat lamp|Earth Power|p2a: Kuton
|-supereffective|p2a: Kuton
|-damage|p2a: Kuton|61\/385
|move|p2a: Kuton|Earth Power|p1a: heat lamp
|-supereffective|p1a: heat lamp
|-damage|p1a: heat lamp|0 fnt
|faint|p1a: heat lamp
|
|-heal|p2a: Kuton|85\/385|[from] item: Leftovers
|
|switch|p1a: snow queen|Gothitelle, M, shiny|132\/306
|-damage|p1a: snow queen|94\/306|[from] Stealth Rock
|turn|14
|
|move|p2a: Kuton|Protect|p2a: Kuton
|-singleturn|p2a: Kuton|Protect
|move|p1a: snow queen|Hidden Power|p2a: Kuton
|-activate|p2a: Kuton|Protect
|
|-heal|p2a: Kuton|109\/385|[from] item: Leftovers
|turn|15
|
|move|p1a: snow queen|Hidden Power|p2a: Kuton
|-supereffective|p2a: Kuton
|-damage|p2a: Kuton|27\/385
|move|p2a: Kuton|Flamethrower|p1a: snow queen
|-damage|p1a: snow queen|0 fnt
|faint|p1a: snow queen
|
|-heal|p2a: Kuton|51\/385|[from] item: Leftovers
|
|switch|p1a: blizzard|Kyurem-Black, shiny|392\/392
|-damage|p1a: blizzard|294\/392|[from] Stealth Rock
|-ability|p1a: blizzard|Teravolt
|turn|16
|
|move|p1a: blizzard|Earth Power|p2a: Kuton
|-crit|p2a: Kuton
|-supereffective|p2a: Kuton
|-damage|p2a: Kuton|0 fnt
|faint|p2a: Kuton
|
|
|switch|p2a: Killuminati|Latios, M|301\/301
|-damage|p2a: Killuminati|264\/301|[from] Stealth Rock
|turn|17
|
|move|p1a: blizzard|Earth Power|p2a: Killuminati
|-damage|p2a: Killuminati|170\/301
|move|p2a: Killuminati|Draco Meteor|p1a: blizzard
|-supereffective|p1a: blizzard
|-damage|p1a: blizzard|0 fnt
|-unboost|p2a: Killuminati|spa|2
|-damage|p2a: Killuminati|140\/301|[from] item: Life Orb
|faint|p1a: blizzard
|
|
|switch|p1a: storms a comin|Abomasnow-Mega, M, shiny|315\/384 par
|-damage|p1a: storms a comin|219\/384 par|[from] Stealth Rock
|-weather|Hail
|turn|18
|
|move|p1a: storms a comin|Ice Shard|p2a: Killuminati
|-supereffective|p2a: Killuminati
|-damage|p2a: Killuminati|0 fnt
|faint|p2a: Killuminati
|
|-weather|Hail|[upkeep]
|
|switch|p2a: Lavadora|Rotom-Wash|303\/303
|-damage|p2a: Lavadora|266\/303|[from] Stealth Rock
|turn|19
|
|move|p2a: Lavadora|Volt Switch|p1a: storms a comin
|-resisted|p1a: storms a comin
|-damage|p1a: storms a comin|177\/384 par
|
|switch|p2a: Shukaku|Landorus-Therian, M|76\/381
|-damage|p2a: Shukaku|29\/381|[from] Stealth Rock
|-ability|p2a: Shukaku|Intimidate|[of] p1a: storms a comin
|-unboost|p1a: storms a comin|atk|1
|move|p1a: storms a comin|Giga Drain|p2a: Shukaku
|-damage|p2a: Shukaku|0 fnt
|-heal|p1a: storms a comin|192\/384 par|[from] drain|[of] p2a: Shukaku
|faint|p2a: Shukaku
|
|-weather|Hail|[upkeep]
|
|switch|p2a: Lavadora|Rotom-Wash|266\/303
|-damage|p2a: Lavadora|229\/303|[from] Stealth Rock
|turn|20
|
|move|p2a: Lavadora|Hydro Pump|p1a: storms a comin
|-resisted|p1a: storms a comin
|-damage|p1a: storms a comin|132\/384 par
|move|p1a: storms a comin|Giga Drain|p2a: Lavadora
|-supereffective|p2a: Lavadora
|-damage|p2a: Lavadora|0 fnt
|-heal|p1a: storms a comin|247\/384 par|[from] drain|[of] p2a: Lavadora
|faint|p2a: Lavadora
|
|win|LadderSoTall
|raw|Ladder updating...
|raw|LadderSoTall's rating: 1762 &rarr; <strong>1776<\/strong><br \/>(+14 for winning)
|raw|Steez Ibanez's rating: 1649 &rarr; <strong>1636<\/strong><br \/>(-13 for losing)
|c|âLadderSoTall|gg
|leave|Steez Ibanez
|player|p2