|join|Adaranoy
|join|LadderSoTall
|player|p1|Adaranoy|278
|player|p2|LadderSoTall|195
|gametype|singles
|gen|6
|tier|OU
|rated
|clearpoke
|poke|p1|Absol, M
|poke|p1|Rotom-Wash
|poke|p1|Landorus-Therian, M
|poke|p1|Gothitelle, F
|poke|p1|Heatran, F
|poke|p1|Latias, F
|poke|p2|Alomomola, M, shiny
|poke|p2|Gyarados, M, shiny
|poke|p2|Latias, F
|poke|p2|Heatran, M, shiny
|poke|p2|Audino, M, shiny
|poke|p2|Excadrill, M, shiny
|rule|Swagger Clause: Swagger is banned
|rule|Baton Pass Clause: Limit one PokÃ©mon knowing Baton Pass
|rule|Sleep Clause Mod: Limit one foe put to sleep
|rule|Species Clause: Limit one of each PokÃ©mon
|rule|OHKO Clause: OHKO moves are banned
|rule|Moody Clause: Moody is banned
|rule|Evasion Moves Clause: Evasion moves are banned
|rule|Endless Battle Clause: Forcing endless battles is banned
|rule|HP Percentage Mod: HP is shown in percentages
|teampreview
|
|start
|switch|p1a: Heatran|Heatran, F|336\/336
|switch|p2a: Treacherous Waters|Gyarados, M, shiny|332\/332
|-ability|p2a: Treacherous Waters|Intimidate|[of] p1a: Heatran
|-unboost|p1a: Heatran|atk|1
|turn|1
|
|switch|p1a: Rotom-Wash|Rotom-Wash|304\/304
|detailschange|p2a: Treacherous Waters|Gyarados-Mega, M, shiny
|message|Gyarados has Mega Evolved into Mega Gyarados!
|-ability|p2a: Treacherous Waters|Mold Breaker
|move|p2a: Treacherous Waters|Earthquake|p1a: Rotom-Wash
|-supereffective|p1a: Rotom-Wash
|-damage|p1a: Rotom-Wash|68\/304
|
|-heal|p1a: Rotom-Wash|87\/304|[from] item: Leftovers
|turn|2
|
|switch|p1a: Landorus-Therian|Landorus-Therian, M|320\/320
|-ability|p1a: Landorus-Therian|Intimidate|[of] p2a: Treacherous Waters
|-unboost|p2a: Treacherous Waters|atk|1
|move|p2a: Treacherous Waters|Earthquake|p1a: Landorus-Therian
|-immune|p1a: Landorus-Therian|[msg]
|
|turn|3
|
|move|p1a: Landorus-Therian|U-turn|p2a: Treacherous Waters
|-supereffective|p2a: Treacherous Waters
|-damage|p2a: Treacherous Waters|166\/332
|
|switch|p1a: Rotom-Wash|Rotom-Wash|87\/304
|move|p2a: Treacherous Waters|Dragon Dance|p2a: Treacherous Waters
|-boost|p2a: Treacherous Waters|atk|1
|-boost|p2a: Treacherous Waters|spe|1
|
|-heal|p1a: Rotom-Wash|106\/304|[from] item: Leftovers
|turn|4
|
|move|p2a: Treacherous Waters|Earthquake|p1a: Rotom-Wash
|-supereffective|p1a: Rotom-Wash
|-damage|p1a: Rotom-Wash|0 fnt
|faint|p1a: Rotom-Wash
|
|
|switch|p1a: Landorus-Therian|Landorus-Therian, M|320\/320
|-ability|p1a: Landorus-Therian|Intimidate|[of] p2a: Treacherous Waters
|-unboost|p2a: Treacherous Waters|atk|1
|turn|5
|
|move|p1a: Landorus-Therian|U-turn|p2a: Treacherous Waters
|-supereffective|p2a: Treacherous Waters
|-damage|p2a: Treacherous Waters|10\/332
|
|switch|p1a: Gothitelle|Gothitelle, F|336\/336
|move|p2a: Treacherous Waters|Ice Fang|p1a: Gothitelle
|-damage|p1a: Gothitelle|287\/336
|
|-heal|p1a: Gothitelle|308\/336|[from] item: Leftovers
|turn|6
|
|switch|p1a: Latias|Latias, F|321\/321
|move|p2a: Treacherous Waters|Waterfall|p1a: Latias
|-resisted|p1a: Latias
|-damage|p1a: Latias|261\/321
|
|turn|7
|
|move|p2a: Treacherous Waters|Ice Fang|p1a: Latias
|-supereffective|p1a: Latias
|-damage|p1a: Latias|147\/321
|move|p1a: Latias|Draco Meteor|p2a: Treacherous Waters
|-damage|p2a: Treacherous Waters|0 fnt
|-unboost|p1a: Latias|spa|2
|-damage|p1a: Latias|115\/321|[from] item: Life Orb
|faint|p2a: Treacherous Waters
|
|
|switch|p2a: Island Volcano|Heatran, M, shiny|386\/386
|turn|8
|
|switch|p1a: Landorus-Therian|Landorus-Therian, M|320\/320
|-ability|p1a: Landorus-Therian|Intimidate|[of] p2a: Island Volcano
|-unboost|p2a: Island Volcano|atk|1
|move|p2a: Island Volcano|Stealth Rock|p1a: Landorus-Therian
|-sidestart|p1: Adaranoy|move: Stealth Rock
|
|turn|9
|
|move|p2a: Island Volcano|Protect|p2a: Island Volcano
|-singleturn|p2a: Island Volcano|Protect
|move|p1a: Landorus-Therian|Earthquake|p2a: Island Volcano
|-activate|p2a: Island Volcano|Protect
|
|turn|10
|
|switch|p1a: Heatran|Heatran, F|336\/336
|-damage|p1a: Heatran|294\/336|[from] Stealth Rock
|switch|p2a: Sea Dragon|Latias, F|302\/302
|
|-heal|p1a: Heatran|315\/336|[from] item: Leftovers
|turn|11
|
|move|p2a: Sea Dragon|Trick|p1a: Heatran
|-activate|p2a: Sea Dragon|move: Trick|[of] p1a: Heatran
|-item|p1a: Heatran|Choice Scarf|[from] move: Trick
|-item|p2a: Sea Dragon|Leftovers|[from] move: Trick
|move|p1a: Heatran|Stealth Rock|p2a: Sea Dragon
|-sidestart|p2: LadderSoTall|move: Stealth Rock
|
|turn|12
|
|switch|p1a: Gothitelle|Gothitelle, F|308\/336
|-damage|p1a: Gothitelle|266\/336|[from] Stealth Rock
|move|p2a: Sea Dragon|Draco Meteor|p1a: Gothitelle
|-damage|p1a: Gothitelle|106\/336
|-unboost|p2a: Sea Dragon|spa|2
|
|-heal|p1a: Gothitelle|127\/336|[from] item: Leftovers
|turn|13
|
|move|p2a: Sea Dragon|Draco Meteor|p1a: Gothitelle
|-crit|p1a: Gothitelle
|-damage|p1a: Gothitelle|0 fnt
|-unboost|p2a: Sea Dragon|spa|2
|faint|p1a: Gothitelle
|
|
|switch|p1a: Landorus-Therian|Landorus-Therian, M|320\/320
|-damage|p1a: Landorus-Therian|280\/320|[from] Stealth Rock
|-ability|p1a: Landorus-Therian|Intimidate|[of] p2a: Sea Dragon
|-unboost|p2a: Sea Dragon|atk|1
|turn|14
|
|switch|p2a: Seeking Torpedo|Alomomola, M, shiny|534\/534
|-damage|p2a: Seeking Torpedo|468\/534|[from] Stealth Rock
|move|p1a: Landorus-Therian|U-turn|p2a: Seeking Torpedo
|-damage|p2a: Seeking Torpedo|387\/534
|
|switch|p1a: Absol|Absol, M|271\/271
|-damage|p1a: Absol|238\/271|[from] Stealth Rock
|
|-heal|p2a: Seeking Torpedo|420\/534|[from] item: Leftovers
|turn|15
|
|detailschange|p1a: Absol|Absol-Mega, M
|message|Absol has Mega Evolved into Mega Absol!
|move|p1a: Absol|Knock Off|p2a: Seeking Torpedo
|-damage|p2a: Seeking Torpedo|279\/534
|-enditem|p2a: Seeking Torpedo|Leftovers|[from] move: Knock Off|[of] p1a: Absol
|move|p2a: Seeking Torpedo|Scald|p1a: Absol
|-damage|p1a: Absol|163\/271
|
|turn|16
|
|switch|p1a: Latias|Latias, F|115\/321
|-damage|p1a: Latias|75\/321|[from] Stealth Rock
|move|p2a: Seeking Torpedo|Scald|p1a: Latias
|-resisted|p1a: Latias
|-damage|p1a: Latias|54\/321
|
|turn|17
|
|switch|p2a: Island Volcano|Heatran, M, shiny|386\/386
|-damage|p2a: Island Volcano|338\/386|[from] Stealth Rock
|move|p1a: Latias|Roost|p1a: Latias
|-heal|p1a: Latias|215\/321
|
|-heal|p2a: Island Volcano|362\/386|[from] item: Leftovers
|turn|18
|
|switch|p1a: Heatran|Heatran, F|315\/336
|-damage|p1a: Heatran|273\/336|[from] Stealth Rock
|move|p2a: Island Volcano|Lava Plume|p1a: Heatran
|-start|p1a: Heatran|ability: Flash Fire
|
|-heal|p2a: Island Volcano|386\/386|[from] item: Leftovers
|turn|19
|
|move|p2a: Island Volcano|Protect|p2a: Island Volcano
|-singleturn|p2a: Island Volcano|Protect
|move|p1a: Heatran|Roar|p2a: Island Volcano
|drag|p2a: Seeking Torpedo|Alomomola, M, shiny|457\/534
|-damage|p2a: Seeking Torpedo|391\/534|[from] Stealth Rock
|
|turn|20
|
|move|p2a: Seeking Torpedo|Scald|p1a: Heatran
|-supereffective|p1a: Heatran
|-damage|p1a: Heatran|195\/336
|move|p1a: Heatran|Roar|p2a: Seeking Torpedo
|drag|p2a: Heavenly|Audino, M, shiny|410\/410
|-damage|p2a: Heavenly|359\/410|[from] Stealth Rock
|
|-heal|p2a: Heavenly|384\/410|[from] item: Leftovers
|turn|21
|
|move|p2a: Heavenly|Wish|p2a: Heavenly
|move|p1a: Heatran|Roar|p2a: Heavenly
|drag|p2a: Island Volcano|Heatran, M, shiny|386\/386
|-damage|p2a: Island Volcano|338\/386|[from] Stealth Rock
|
|-heal|p2a: Island Volcano|362\/386|[from] item: Leftovers
|turn|22
|
|move|p2a: Island Volcano|Lava Plume|p1a: Heatran
|-immune|p1a: Heatran|[msg]
|move|p1a: Heatran|Roar|p2a: Island Volcano
|drag|p2a: Heavenly|Audino, M, shiny|410\/410
|-damage|p2a: Heavenly|359\/410|[from] Stealth Rock
|
|-heal|p2a: Heavenly|410\/410|[from] move: Wish|[wisher] Heavenly
|turn|23
|
|move|p2a: Heavenly|Wish|p2a: Heavenly
|move|p1a: Heatran|Roar|p2a: Heavenly
|drag|p2a: Seeking Torpedo|Alomomola, M, shiny|534\/534
|-damage|p2a: Seeking Torpedo|468\/534|[from] Stealth Rock
|
|turn|24
|
|move|p2a: Seeking Torpedo|Scald|p1a: Heatran
|-supereffective|p1a: Heatran
|-damage|p1a: Heatran|111\/336
|move|p1a: Heatran|Roar|p2a: Seeking Torpedo
|drag|p2a: Sea Dragon|Latias, F|302\/302
|-damage|p2a: Sea Dragon|265\/302|[from] Stealth Rock
|
|-heal|p2a: Sea Dragon|302\/302|[from] move: Wish|[wisher] Heavenly
|turn|25
|
|move|p2a: Sea Dragon|Psyshock|p1a: Heatran
|-resisted|p1a: Heatran
|-damage|p1a: Heatran|45\/336
|move|p1a: Heatran|Roar|p2a: Sea Dragon
|drag|p2a: Seeking Torpedo|Alomomola, M, shiny|534\/534
|-damage|p2a: Seeking Torpedo|468\/534|[from] Stealth Rock
|
|turn|26
|
|move|p2a: Seeking Torpedo|Scald|p1a: Heatran
|-supereffective|p1a: Heatran
|-damage|p1a: Heatran|0 fnt
|faint|p1a: Heatran
|
|
|switch|p1a: Latias|Latias, F|215\/321
|-damage|p1a: Latias|175\/321|[from] Stealth Rock
|turn|27
|
|switch|p2a: Island Volcano|Heatran, M, shiny|362\/386
|-damage|p2a: Island Volcano|314\/386|[from] Stealth Rock
|move|p1a: Latias|Draco Meteor|p2a: Island Volcano
|-resisted|p2a: Island Volcano
|-damage|p2a: Island Volcano|232\/386
|-unboost|p1a: Latias|spa|2
|-damage|p1a: Latias|143\/321|[from] item: Life Orb
|
|-heal|p2a: Island Volcano|256\/386|[from] item: Leftovers
|turn|28
|
|move|p1a: Latias|Roost|p1a: Latias
|-heal|p1a: Latias|304\/321
|move|p2a: Island Volcano|Lava Plume|p1a: Latias
|-resisted|p1a: Latias
|-damage|p1a: Latias|253\/321
|
|-heal|p2a: Island Volcano|280\/386|[from] item: Leftovers
|turn|29
|-message|Adaranoy forfeited.
|
|win|LadderSoTall
|raw|Ladder updating...
|leave|Adaranoy
|player|p1
|raw|Adaranoy's rating: 1665 &rarr; <strong>1649<\/strong><br \/>(-16 for losing)
|raw|LadderSoTall's rating: 1720 &rarr; <strong>1737<\/strong><br \/>(+17 for winning)