|join|LT2B Ground State
|join|LadderSoTall
|player|p1|LT2B Ground State|235
|player|p2|LadderSoTall|31
|gametype|singles
|gen|6
|tier|OU
|rated
|clearpoke
|poke|p1|Heatran, F
|poke|p1|Azumarill, M
|poke|p1|Medicham, F
|poke|p1|Rotom-Wash
|poke|p1|Breloom, M
|poke|p1|Landorus, M
|poke|p2|Slowbro, M
|poke|p2|Heracross, M
|poke|p2|Latios, M
|poke|p2|Heatran, M
|poke|p2|Clefable, M
|poke|p2|Terrakion
|rule|Swagger Clause: Swagger is banned
|rule|Baton Pass Clause: Limit one PokÃ©mon knowing Baton Pass
|rule|Sleep Clause Mod: Limit one foe put to sleep
|rule|Species Clause: Limit one of each PokÃ©mon
|rule|OHKO Clause: OHKO moves are banned
|rule|Moody Clause: Moody is banned
|rule|Evasion Moves Clause: Evasion moves are banned
|rule|Endless Battle Clause: Forcing endless battles is banned
|rule|HP Percentage Mod: HP is shown in percentages
|teampreview
|
|start
|switch|p1a: Medicham|Medicham, F|261\/261
|switch|p2a: Strong Bug|Heracross, M|302\/302
|turn|1
|
|switch|p2a: Team Aqua|Slowbro, M|394\/394
|detailschange|p1a: Medicham|Medicham-Mega, F
|message|Medicham has Mega Evolved into Mega Medicham!
|move|p1a: Medicham|Fake Out|p2a: Team Aqua
|-damage|p2a: Team Aqua|335\/394
|
|-heal|p2a: Team Aqua|359\/394|[from] item: Leftovers
|turn|2
|
|switch|p1a: Rotom-Wash|Rotom-Wash|304\/304
|move|p2a: Team Aqua|Scald|p1a: Rotom-Wash
|-resisted|p1a: Rotom-Wash
|-damage|p1a: Rotom-Wash|259\/304
|
|-heal|p1a: Rotom-Wash|278\/304|[from] item: Leftovers
|-heal|p2a: Team Aqua|383\/394|[from] item: Leftovers
|turn|3
|
|switch|p2a: Mega Audino 2.0|Clefable, M|394\/394
|move|p1a: Rotom-Wash|Volt Switch|p2a: Mega Audino 2.0
|-damage|p2a: Mega Audino 2.0|318\/394
|
|switch|p1a: Landorus|Landorus, M|320\/320
|
|-heal|p2a: Mega Audino 2.0|342\/394|[from] item: Leftovers
|turn|4
|
|move|p1a: Landorus|Sludge Wave|p2a: Mega Audino 2.0
|-supereffective|p2a: Mega Audino 2.0
|-damage|p2a: Mega Audino 2.0|20\/394
|move|p2a: Mega Audino 2.0|Moonblast|p1a: Landorus
|-damage|p1a: Landorus|202\/320
|
|-heal|p2a: Mega Audino 2.0|44\/394|[from] item: Leftovers
|turn|5
|
|move|p1a: Landorus|Sludge Wave|p2a: Mega Audino 2.0
|-supereffective|p2a: Mega Audino 2.0
|-damage|p2a: Mega Audino 2.0|0 fnt
|faint|p2a: Mega Audino 2.0
|
|
|switch|p2a: Sky Flyer|Latios, M|302\/302
|turn|6
|
|switch|p1a: Heatran|Heatran, F|385\/385
|move|p2a: Sky Flyer|Psyshock|p1a: Heatran
|-resisted|p1a: Heatran
|-damage|p1a: Heatran|313\/385
|
|-heal|p1a: Heatran|337\/385|[from] item: Leftovers
|turn|7
|
|switch|p2a: Lava Flow|Heatran, M|386\/386
|move|p1a: Heatran|Toxic|p2a: Lava Flow
|-fail|p2a: Lava Flow
|
|-heal|p1a: Heatran|361\/385|[from] item: Leftovers
|turn|8
|
|switch|p1a: Landorus|Landorus, M|202\/320
|move|p2a: Lava Flow|Stealth Rock|p1a: Landorus
|-sidestart|p1: LT2B Ground State|move: Stealth Rock
|
|turn|9
|
|switch|p2a: Sky Flyer|Latios, M|302\/302
|move|p1a: Landorus|Stealth Rock|p2a: Sky Flyer
|-sidestart|p2: LadderSoTall|move: Stealth Rock
|
|turn|10
|
|switch|p1a: Heatran|Heatran, F|361\/385
|-damage|p1a: Heatran|313\/385|[from] Stealth Rock
|move|p2a: Sky Flyer|Trick|p1a: Heatran
|-activate|p2a: Sky Flyer|move: Trick|[of] p1a: Heatran
|-item|p1a: Heatran|Choice Scarf|[from] move: Trick
|-item|p2a: Sky Flyer|Leftovers|[from] move: Trick
|
|turn|11
|
|switch|p2a: Lava Flow|Heatran, M|386\/386
|-damage|p2a: Lava Flow|338\/386|[from] Stealth Rock
|move|p1a: Heatran|Lava Plume|p2a: Lava Flow
|-start|p2a: Lava Flow|ability: Flash Fire
|
|-heal|p2a: Lava Flow|362\/386|[from] item: Leftovers
|turn|12
|
|switch|p1a: Rotom-Wash|Rotom-Wash|278\/304
|-damage|p1a: Rotom-Wash|240\/304|[from] Stealth Rock
|move|p2a: Lava Flow|Lava Plume|p1a: Rotom-Wash
|-resisted|p1a: Rotom-Wash
|-damage|p1a: Rotom-Wash|162\/304
|
|-heal|p1a: Rotom-Wash|181\/304|[from] item: Leftovers
|-heal|p2a: Lava Flow|386\/386|[from] item: Leftovers
|turn|13
|
|move|p1a: Rotom-Wash|Hydro Pump|p2a: Lava Flow
|-supereffective|p2a: Lava Flow
|-damage|p2a: Lava Flow|206\/386
|move|p2a: Lava Flow|Toxic|p1a: Rotom-Wash
|-status|p1a: Rotom-Wash|tox
|
|-heal|p1a: Rotom-Wash|200\/304 tox|[from] item: Leftovers
|-heal|p2a: Lava Flow|230\/386|[from] item: Leftovers
|-damage|p1a: Rotom-Wash|181\/304 tox|[from] psn
|turn|14
|
|move|p2a: Lava Flow|Protect|p2a: Lava Flow
|-singleturn|p2a: Lava Flow|Protect
|move|p1a: Rotom-Wash|Volt Switch|p2a: Lava Flow
|-activate|p2a: Lava Flow|Protect
|
|-heal|p1a: Rotom-Wash|200\/304 tox|[from] item: Leftovers
|-heal|p2a: Lava Flow|254\/386|[from] item: Leftovers
|-damage|p1a: Rotom-Wash|162\/304 tox|[from] psn
|turn|15
|
|move|p1a: Rotom-Wash|Volt Switch|p2a: Lava Flow
|-damage|p2a: Lava Flow|197\/386
|
|switch|p1a: Medicham|Medicham-Mega, F|261\/261
|-damage|p1a: Medicham|245\/261|[from] Stealth Rock
|move|p2a: Lava Flow|Lava Plume|p1a: Medicham
|-crit|p1a: Medicham
|-damage|p1a: Medicham|0 fnt
|faint|p1a: Medicham
|
|-heal|p2a: Lava Flow|221\/386|[from] item: Leftovers
|
|switch|p1a: Azumarill|Azumarill, M|382\/382
|-damage|p1a: Azumarill|335\/382|[from] Stealth Rock
|turn|16
|
|move|p2a: Lava Flow|Toxic|p1a: Azumarill
|-status|p1a: Azumarill|tox
|move|p1a: Azumarill|Belly Drum|p1a: Azumarill
|-damage|p1a: Azumarill|144\/382 tox
|-setboost|p1a: Azumarill|atk|6|[from] move: Belly Drum
|-enditem|p1a: Azumarill|Sitrus Berry|[eat]
|-heal|p1a: Azumarill|239\/382 tox|[from] item: Sitrus Berry
|
|-heal|p2a: Lava Flow|245\/386|[from] item: Leftovers
|-damage|p1a: Azumarill|216\/382 tox|[from] psn
|turn|17
|
|move|p2a: Lava Flow|Protect|p2a: Lava Flow
|-singleturn|p2a: Lava Flow|Protect
|move|p1a: Azumarill|Aqua Jet|p2a: Lava Flow
|-activate|p2a: Lava Flow|Protect
|
|-heal|p2a: Lava Flow|269\/386|[from] item: Leftovers
|-damage|p1a: Azumarill|170\/382 tox|[from] psn
|turn|18
|
|switch|p2a: Team Aqua|Slowbro, M|394\/394
|-damage|p2a: Team Aqua|345\/394|[from] Stealth Rock
|move|p1a: Azumarill|Play Rough|p2a: Team Aqua|[miss]
|-miss|p1a: Azumarill|p2a: Team Aqua
|
|-heal|p2a: Team Aqua|369\/394|[from] item: Leftovers
|-damage|p1a: Azumarill|101\/382 tox|[from] psn
|turn|19
|
|move|p1a: Azumarill|Play Rough|p2a: Team Aqua
|-damage|p2a: Team Aqua|0 fnt
|faint|p2a: Team Aqua
|
|-damage|p1a: Azumarill|9\/382 tox|[from] psn
|
|switch|p2a: Lava Flow|Heatran, M|269\/386
|-damage|p2a: Lava Flow|221\/386|[from] Stealth Rock
|turn|20
|
|move|p2a: Lava Flow|Protect|p2a: Lava Flow
|-singleturn|p2a: Lava Flow|Protect
|move|p1a: Azumarill|Aqua Jet|p2a: Lava Flow
|-activate|p2a: Lava Flow|Protect
|
|-heal|p2a: Lava Flow|245\/386|[from] item: Leftovers
|-damage|p1a: Azumarill|0 fnt|[from] psn
|faint|p1a: Azumarill
|
|switch|p1a: Landorus|Landorus, M|202\/320
|-damage|p1a: Landorus|162\/320|[from] Stealth Rock
|turn|21
|
|switch|p2a: Sky Flyer|Latios, M|302\/302
|-damage|p2a: Sky Flyer|265\/302|[from] Stealth Rock
|move|p1a: Landorus|Sludge Wave|p2a: Sky Flyer
|-damage|p2a: Sky Flyer|106\/302
|
|-heal|p2a: Sky Flyer|124\/302|[from] item: Leftovers
|turn|22
|
|switch|p1a: Heatran|Heatran, F|313\/385
|-damage|p1a: Heatran|265\/385|[from] Stealth Rock
|move|p2a: Sky Flyer|Draco Meteor|p1a: Heatran
|-resisted|p1a: Heatran
|-damage|p1a: Heatran|190\/385
|-unboost|p2a: Sky Flyer|spa|2
|
|-heal|p2a: Sky Flyer|142\/302|[from] item: Leftovers
|turn|23
|
|switch|p2a: Lava Flow|Heatran, M|245\/386
|-damage|p2a: Lava Flow|197\/386|[from] Stealth Rock
|switch|p1a: Breloom|Breloom, M|261\/261
|-damage|p1a: Breloom|245\/261|[from] Stealth Rock
|
|-heal|p2a: Lava Flow|221\/386|[from] item: Leftovers
|turn|24
|
|move|p1a: Breloom|Force Palm|p2a: Lava Flow
|-supereffective|p2a: Lava Flow
|-damage|p2a: Lava Flow|0 fnt
|faint|p2a: Lava Flow
|
|
|switch|p2a: Sky Flyer|Latios, M|142\/302
|-damage|p2a: Sky Flyer|105\/302|[from] Stealth Rock
|turn|25
|
|switch|p1a: Heatran|Heatran, F|190\/385
|-damage|p1a: Heatran|142\/385|[from] Stealth Rock
|move|p2a: Sky Flyer|Psyshock|p1a: Heatran
|-resisted|p1a: Heatran
|-damage|p1a: Heatran|70\/385
|
|-heal|p2a: Sky Flyer|123\/302|[from] item: Leftovers
|turn|26
|
|move|p2a: Sky Flyer|Thunderbolt|p1a: Heatran
|-damage|p1a: Heatran|0 fnt
|faint|p1a: Heatran
|
|-heal|p2a: Sky Flyer|141\/302|[from] item: Leftovers
|
|switch|p1a: Breloom|Breloom, M|245\/261
|-damage|p1a: Breloom|229\/261|[from] Stealth Rock
|turn|27
|
|move|p1a: Breloom|Spore|p2a: Sky Flyer
|-status|p2a: Sky Flyer|slp
|cant|p2a: Sky Flyer|slp
|
|-heal|p2a: Sky Flyer|159\/302 slp|[from] item: Leftovers
|turn|28
|
|switch|p1a: Landorus|Landorus, M|162\/320
|-damage|p1a: Landorus|122\/320|[from] Stealth Rock
|cant|p2a: Sky Flyer|slp
|
|-heal|p2a: Sky Flyer|177\/302 slp|[from] item: Leftovers
|turn|29
|
|-curestatus|p2a: Sky Flyer|slp
|move|p2a: Sky Flyer|Psyshock|p1a: Landorus
|-damage|p1a: Landorus|0 fnt
|faint|p1a: Landorus
|
|-heal|p2a: Sky Flyer|195\/302|[from] item: Leftovers
|
|switch|p1a: Breloom|Breloom, M|229\/261
|-damage|p1a: Breloom|213\/261|[from] Stealth Rock
|turn|30
|
|move|p1a: Breloom|Spore|p2a: Sky Flyer
|-status|p2a: Sky Flyer|slp
|cant|p2a: Sky Flyer|slp
|
|-heal|p2a: Sky Flyer|213\/302 slp|[from] item: Leftovers
|turn|31
|
|switch|p1a: Rotom-Wash|Rotom-Wash|162\/304 tox
|-damage|p1a: Rotom-Wash|124\/304 tox|[from] Stealth Rock
|-curestatus|p2a: Sky Flyer|slp
|move|p2a: Sky Flyer|Psyshock|p1a: Rotom-Wash
|-damage|p1a: Rotom-Wash|28\/304 tox
|
|-heal|p2a: Sky Flyer|231\/302|[from] item: Leftovers
|-heal|p1a: Rotom-Wash|47\/304 tox|[from] item: Leftovers
|-damage|p1a: Rotom-Wash|28\/304 tox|[from] psn
|turn|32
|-message|LT2B Ground State forfeited.
|
|win|LadderSoTall
|raw|Ladder updating...
|leave|LT2B Ground State
|player|p1
|raw|LT2B Ground State's rating: 1703 &rarr; <strong>1686<\/strong><br \/>(-17 for losing)
|raw|LadderSoTall's rating: 1758 &rarr; <strong>1775<\/strong><br \/>(+17 for winning)