|join|Yanguas
|join|LadderSoTall
|player|p1|Yanguas|155
|player|p2|LadderSoTall|31
|gametype|singles
|gen|6
|tier|OU
|rated
|clearpoke
|poke|p1|Celebi
|poke|p1|Ampharos, F
|poke|p1|Skarmory, M
|poke|p1|Keldeo
|poke|p1|Heatran, F
|poke|p1|Mamoswine, M
|poke|p2|Slowbro, M
|poke|p2|Heracross, M
|poke|p2|Latios, M
|poke|p2|Heatran, M
|poke|p2|Clefable, M
|poke|p2|Terrakion
|rule|Swagger Clause: Swagger is banned
|rule|Baton Pass Clause: Limit one PokÃ©mon knowing Baton Pass
|rule|Sleep Clause Mod: Limit one foe put to sleep
|rule|Species Clause: Limit one of each PokÃ©mon
|rule|OHKO Clause: OHKO moves are banned
|rule|Moody Clause: Moody is banned
|rule|Evasion Moves Clause: Evasion moves are banned
|rule|Endless Battle Clause: Forcing endless battles is banned
|rule|HP Percentage Mod: HP is shown in percentages
|teampreview
|
|start
|switch|p1a: Mamoswine|Mamoswine, M|361\/361
|switch|p2a: Strong Bug|Heracross, M|302\/302
|turn|1
|
|detailschange|p2a: Strong Bug|Heracross-Mega, M
|message|Heracross has Mega Evolved into Mega Heracross!
|move|p2a: Strong Bug|Bullet Seed|p1a: Mamoswine
|-supereffective|p1a: Mamoswine
|-damage|p1a: Mamoswine|265\/361
|-supereffective|p1a: Mamoswine
|-damage|p1a: Mamoswine|171\/361
|-supereffective|p1a: Mamoswine
|-damage|p1a: Mamoswine|83\/361
|-supereffective|p1a: Mamoswine
|-damage|p1a: Mamoswine|0 fnt
|-hitcount|p1a: Mamoswine|4
|faint|p1a: Mamoswine
|
|
|switch|p1a: Keldeo|Keldeo|323\/323
|turn|2
|
|move|p1a: Keldeo|Hydro Pump|p2a: Strong Bug
|-damage|p2a: Strong Bug|31\/302
|move|p2a: Strong Bug|Bullet Seed|p1a: Keldeo
|-supereffective|p1a: Keldeo
|-damage|p1a: Keldeo|229\/323
|-supereffective|p1a: Keldeo
|-damage|p1a: Keldeo|139\/323
|-supereffective|p1a: Keldeo
|-damage|p1a: Keldeo|47\/323
|-supereffective|p1a: Keldeo
|-damage|p1a: Keldeo|0 fnt
|-hitcount|p1a: Keldeo|4
|faint|p1a: Keldeo
|
|
|switch|p1a: Heatran|Heatran, F|323\/323
|turn|3
|
|move|p1a: Heatran|Flash Cannon|p2a: Strong Bug
|-crit|p2a: Strong Bug
|-damage|p2a: Strong Bug|0 fnt
|faint|p2a: Strong Bug
|
|
|switch|p2a: Lava Flow|Heatran, M|385\/385
|turn|4
|
|switch|p1a: Celebi|Celebi|404\/404
|move|p2a: Lava Flow|Lava Plume|p1a: Celebi
|-supereffective|p1a: Celebi
|-damage|p1a: Celebi|230\/404
|
|-heal|p1a: Celebi|255\/404|[from] item: Leftovers
|turn|5
|
|move|p1a: Celebi|Recover|p1a: Celebi
|-heal|p1a: Celebi|404\/404
|move|p2a: Lava Flow|Stealth Rock|p1a: Celebi
|-sidestart|p1: Yanguas|move: Stealth Rock
|
|turn|6
|
|move|p1a: Celebi|Nasty Plot|p1a: Celebi
|-boost|p1a: Celebi|spa|2
|move|p2a: Lava Flow|Lava Plume|p1a: Celebi
|-supereffective|p1a: Celebi
|-damage|p1a: Celebi|212\/404
|
|-heal|p1a: Celebi|237\/404|[from] item: Leftovers
|turn|7
|
|move|p1a: Celebi|Baton Pass|p1a: Celebi
|
|switch|p1a: Ampharos|Ampharos, F|322\/322
|-damage|p1a: Ampharos|282\/322|[from] Stealth Rock
|move|p2a: Lava Flow|Lava Plume|p1a: Ampharos
|-damage|p1a: Ampharos|164\/322
|-status|p1a: Ampharos|brn
|
|-damage|p1a: Ampharos|124\/322 brn|[from] brn
|turn|8
|
|detailschange|p1a: Ampharos|Ampharos-Mega, F
|message|Ampharos has Mega Evolved into Mega Ampharos!
|-ability|p1a: Ampharos|Mold Breaker
|move|p2a: Lava Flow|Protect|p2a: Lava Flow
|-singleturn|p2a: Lava Flow|Protect
|move|p1a: Ampharos|Focus Blast|p2a: Lava Flow
|-activate|p2a: Lava Flow|Protect
|
|-damage|p1a: Ampharos|84\/322 brn|[from] brn
|turn|9
|
|move|p2a: Lava Flow|Protect|p2a: Lava Flow
|-fail|p2a: Lava Flow
|move|p1a: Ampharos|Thunderbolt|p2a: Lava Flow
|-damage|p2a: Lava Flow|142\/385
|
|-heal|p2a: Lava Flow|166\/385|[from] item: Leftovers
|-damage|p1a: Ampharos|44\/322 brn|[from] brn
|turn|10
|
|move|p2a: Lava Flow|Protect|p2a: Lava Flow
|-singleturn|p2a: Lava Flow|Protect
|move|p1a: Ampharos|Thunderbolt|p2a: Lava Flow
|-activate|p2a: Lava Flow|Protect
|
|-heal|p2a: Lava Flow|190\/385|[from] item: Leftovers
|-damage|p1a: Ampharos|4\/322 brn|[from] brn
|turn|11
|
|move|p2a: Lava Flow|Protect|p2a: Lava Flow
|-fail|p2a: Lava Flow
|move|p1a: Ampharos|Dragon Pulse|p2a: Lava Flow
|-resisted|p2a: Lava Flow
|-damage|p2a: Lava Flow|58\/385
|
|-heal|p2a: Lava Flow|82\/385|[from] item: Leftovers
|-damage|p1a: Ampharos|0 fnt|[from] brn
|faint|p1a: Ampharos
|-message|Yanguas forfeited.
|
|win|LadderSoTall
|raw|Ladder updating...
|raw|Yanguas's rating: 1626 &rarr; <strong>1611<\/strong><br \/>(-15 for losing)
|raw|LadderSoTall's rating: 1717 &rarr; <strong>1732<\/strong><br \/>(+15 for winning)
|leave|Yanguas
|player|p1