|join|LadderSoTall
|join|LT1A Sunny
|player|p1|LadderSoTall|31
|player|p2|LT1A Sunny|115
|gametype|singles
|gen|6
|tier|OU
|rated
|clearpoke
|poke|p1|Slowbro, M
|poke|p1|Heracross, M
|poke|p1|Latios, M
|poke|p1|Heatran, M
|poke|p1|Clefable, M
|poke|p1|Terrakion
|poke|p2|Terrakion
|poke|p2|Manectric, M
|poke|p2|Hawlucha, M
|poke|p2|Gengar, F
|poke|p2|Bisharp, F
|poke|p2|Azumarill, M
|rule|Swagger Clause: Swagger is banned
|rule|Baton Pass Clause: Limit one PokÃ©mon knowing Baton Pass
|rule|Sleep Clause Mod: Limit one foe put to sleep
|rule|Species Clause: Limit one of each PokÃ©mon
|rule|OHKO Clause: OHKO moves are banned
|rule|Moody Clause: Moody is banned
|rule|Evasion Moves Clause: Evasion moves are banned
|rule|Endless Battle Clause: Forcing endless battles is banned
|rule|HP Percentage Mod: HP is shown in percentages
|teampreview
|
|start
|switch|p1a: Strong Bug|Heracross, M|302\/302
|switch|p2a: Terrakion|Terrakion|323\/323
|turn|1
|
|detailschange|p1a: Strong Bug|Heracross-Mega, M
|message|Heracross has Mega Evolved into Mega Heracross!
|move|p2a: Terrakion|Stone Edge|p1a: Strong Bug
|-damage|p1a: Strong Bug|142\/302
|move|p1a: Strong Bug|Bullet Seed|p2a: Terrakion
|-supereffective|p2a: Terrakion
|-damage|p2a: Terrakion|235\/323
|-supereffective|p2a: Terrakion
|-damage|p2a: Terrakion|147\/323
|-supereffective|p2a: Terrakion
|-damage|p2a: Terrakion|55\/323
|-supereffective|p2a: Terrakion
|-damage|p2a: Terrakion|0 fnt
|-hitcount|p2a: Terrakion|4
|faint|p2a: Terrakion
|
|
|switch|p2a: Hawlucha|Hawlucha, M|298\/298
|turn|2
|
|switch|p1a: Team Aqua|Slowbro, M|394\/394
|move|p2a: Hawlucha|Substitute|p2a: Hawlucha
|-start|p2a: Hawlucha|Substitute
|-damage|p2a: Hawlucha|224\/298
|
|turn|3
|
|move|p2a: Hawlucha|Acrobatics|p1a: Team Aqua
|-crit|p1a: Team Aqua
|-damage|p1a: Team Aqua|309\/394
|move|p1a: Team Aqua|Psyshock|p2a: Hawlucha
|-supereffective|p2a: Hawlucha
|-end|p2a: Hawlucha|Substitute
|
|-heal|p1a: Team Aqua|333\/394|[from] item: Leftovers
|turn|4
|
|switch|p2a: Bisharp|Bisharp, F|271\/271
|move|p1a: Team Aqua|Scald|p2a: Bisharp
|-damage|p2a: Bisharp|138\/271
|-status|p2a: Bisharp|brn
|
|-heal|p1a: Team Aqua|357\/394|[from] item: Leftovers
|-damage|p2a: Bisharp|105\/271 brn|[from] brn
|turn|5
|c|âLT1A Sunny|okk
|
|move|p2a: Bisharp|Pursuit|p1a: Team Aqua|[from]Pursuit
|-supereffective|p1a: Team Aqua
|-damage|p1a: Team Aqua|241\/394
|switch|p1a: Strong Bug|Heracross-Mega, M|142\/302
|
|-damage|p2a: Bisharp|72\/271 brn|[from] brn
|turn|6
|
|move|p1a: Strong Bug|Bullet Seed|p2a: Bisharp
|-resisted|p2a: Bisharp
|-damage|p2a: Bisharp|54\/271 brn
|-resisted|p2a: Bisharp
|-damage|p2a: Bisharp|36\/271 brn
|-resisted|p2a: Bisharp
|-damage|p2a: Bisharp|16\/271 brn
|-resisted|p2a: Bisharp
|-damage|p2a: Bisharp|0 fnt
|-hitcount|p2a: Bisharp|4
|faint|p2a: Bisharp
|
|
|switch|p2a: Gengar|Gengar, F|261\/261
|turn|7
|
|switch|p1a: Lava Flow|Heatran, M|385\/385
|move|p2a: Gengar|Shadow Ball|p1a: Lava Flow
|-damage|p1a: Lava Flow|252\/385
|-damage|p2a: Gengar|235\/261|[from] item: Life Orb
|
|-heal|p1a: Lava Flow|276\/385|[from] item: Leftovers
|turn|8
|
|move|p2a: Gengar|Focus Blast|p1a: Lava Flow
|-supereffective|p1a: Lava Flow
|-damage|p1a: Lava Flow|19\/385
|-damage|p2a: Gengar|209\/261|[from] item: Life Orb
|move|p1a: Lava Flow|Lava Plume|p2a: Gengar
|-damage|p2a: Gengar|52\/261
|-status|p2a: Gengar|brn
|
|-heal|p1a: Lava Flow|43\/385|[from] item: Leftovers
|-damage|p2a: Gengar|20\/261 brn|[from] brn
|turn|9
|c|âLT1A Sunny|dude
|c|âLT1A Sunny|fuck you
|
|move|p1a: Lava Flow|Protect|p1a: Lava Flow
|-singleturn|p1a: Lava Flow|Protect
|move|p2a: Gengar|Shadow Ball|p1a: Lava Flow
|-activate|p1a: Lava Flow|Protect
|
|-heal|p1a: Lava Flow|67\/385|[from] item: Leftovers
|-damage|p2a: Gengar|0 fnt|[from] brn
|faint|p2a: Gengar
|c|âLadderSoTall|u mad cause bad
|
|switch|p2a: Azumarill|Azumarill, M|354\/354
|turn|10
|c|âLT1A Sunny|n
|c|âLT1A Sunny|u are just lucky n bad
|c|âLT1A Sunny|and a pro team stealer
|
|move|p1a: Lava Flow|Toxic|p2a: Azumarill
|-status|p2a: Azumarill|tox
|move|p2a: Azumarill|Belly Drum|p2a: Azumarill
|-damage|p2a: Azumarill|177\/354 tox
|-setboost|p2a: Azumarill|atk|6|[from] move: Belly Drum
|-enditem|p2a: Azumarill|Sitrus Berry|[eat]
|-heal|p2a: Azumarill|265\/354 tox|[from] item: Sitrus Berry
|
|-heal|p1a: Lava Flow|91\/385|[from] item: Leftovers
|-damage|p2a: Azumarill|243\/354 tox|[from] psn
|turn|11
|c|âLadderSoTall|exscuse me
|c|âLT1A Sunny|no
|c|âLadderSoTall|tele gave me this team bro
|c|âLadderSoTall|go fkin ask him
|c|âLadderSoTall|i didnt steal sht
|
|move|p1a: Lava Flow|Protect|p1a: Lava Flow
|-singleturn|p1a: Lava Flow|Protect
|move|p2a: Azumarill|Aqua Jet|p1a: Lava Flow
|-activate|p1a: Lava Flow|Protect
|
|-heal|p1a: Lava Flow|115\/385|[from] item: Leftovers
|-damage|p2a: Azumarill|199\/354 tox|[from] psn
|turn|12
|
|switch|p1a: Team Aqua|Slowbro, M|372\/394
|move|p2a: Azumarill|Play Rough|p1a: Team Aqua
|-damage|p1a: Team Aqua|0 fnt
|faint|p1a: Team Aqua
|
|-damage|p2a: Azumarill|133\/354 tox|[from] psn
|
|switch|p1a: Lava Flow|Heatran, M|115\/385
|turn|13
|
|move|p1a: Lava Flow|Protect|p1a: Lava Flow
|-singleturn|p1a: Lava Flow|Protect
|move|p2a: Azumarill|Aqua Jet|p1a: Lava Flow
|-activate|p1a: Lava Flow|Protect
|
|-heal|p1a: Lava Flow|139\/385|[from] item: Leftovers
|-damage|p2a: Azumarill|45\/354 tox|[from] psn
|turn|14
|
|move|p1a: Lava Flow|Protect|p1a: Lava Flow
|-fail|p1a: Lava Flow
|move|p2a: Azumarill|Aqua Jet|p1a: Lava Flow
|-supereffective|p1a: Lava Flow
|-damage|p1a: Lava Flow|0 fnt
|faint|p1a: Lava Flow
|
|-damage|p2a: Azumarill|0 fnt|[from] psn
|faint|p2a: Azumarill
|
|switch|p1a: Sky Flyer|Latios, M|302\/302
|switch|p2a: Manectric|Manectric, M|281\/281
|turn|15
|
|detailschange|p2a: Manectric|Manectric-Mega, M
|message|Manectric has Mega Evolved into Mega Manectric!
|-ability|p2a: Manectric|Intimidate|[of] p1a: Sky Flyer
|-unboost|p1a: Sky Flyer|atk|1
|move|p1a: Sky Flyer|Psyshock|p2a: Manectric
|-damage|p2a: Manectric|106\/281
|move|p2a: Manectric|Hidden Power|p1a: Sky Flyer
|-supereffective|p1a: Sky Flyer
|-damage|p1a: Sky Flyer|154\/302
|
|turn|16
|leave|LT1A Sunny
|player|p2
|c|âLadderSoTall|get rekd noob
|-message|lt1asunny lost due to inactivity.
|
|win|LadderSoTall
|raw|Ladder updating...
|raw|LadderSoTall's rating: 1741 &rarr; <strong>1759<\/strong><br \/>(+18 for winning)
|raw|LT1A Sunny's rating: 1694 &rarr; <strong>1677<\/strong><br \/>(-17 for losing)