|join|Victor Infinity
|join|LadderSoTall
|player|p1|Victor Infinity|52
|player|p2|LadderSoTall|31
|gametype|singles
|gen|6
|tier|OU
|rated
|clearpoke
|poke|p1|Keldeo-Resolute
|poke|p1|Clefable, F
|poke|p1|Skarmory, F
|poke|p1|Volcarona, M
|poke|p1|Landorus-Therian, M
|poke|p1|Breloom, F
|poke|p2|Slowbro, M
|poke|p2|Heracross, M
|poke|p2|Latios, M
|poke|p2|Heatran, M
|poke|p2|Clefable, M
|poke|p2|Terrakion
|rule|Swagger Clause: Swagger is banned
|rule|Baton Pass Clause: Limit one PokÃ©mon knowing Baton Pass
|rule|Sleep Clause Mod: Limit one foe put to sleep
|rule|Species Clause: Limit one of each PokÃ©mon
|rule|OHKO Clause: OHKO moves are banned
|rule|Moody Clause: Moody is banned
|rule|Evasion Moves Clause: Evasion moves are banned
|rule|Endless Battle Clause: Forcing endless battles is banned
|rule|HP Percentage Mod: HP is shown in percentages
|teampreview
|
|start
|switch|p1a: Breloom|Breloom, F|262\/262
|switch|p2a: Strong Bug|Heracross, M|302\/302
|turn|1
|
|detailschange|p2a: Strong Bug|Heracross-Mega, M
|message|Heracross has Mega Evolved into Mega Heracross!
|move|p2a: Strong Bug|Pin Missile|p1a: Breloom
|-damage|p1a: Breloom|195\/262
|-damage|p1a: Breloom|128\/262
|-damage|p1a: Breloom|52\/262
|-damage|p1a: Breloom|0 fnt
|-hitcount|p1a: Breloom|4
|faint|p1a: Breloom
|
|
|switch|p1a: Roberto-Therian|Landorus-Therian, M|381\/381
|-ability|p1a: Roberto-Therian|Intimidate|[of] p2a: Strong Bug
|-unboost|p2a: Strong Bug|atk|1
|turn|2
|
|switch|p2a: Mega Audino 2.0|Clefable, M|394\/394
|move|p1a: Roberto-Therian|Stealth Rock|p2a: Mega Audino 2.0
|-sidestart|p2: LadderSoTall|move: Stealth Rock
|
|turn|3
|
|move|p1a: Roberto-Therian|Earthquake|p2a: Mega Audino 2.0
|-damage|p2a: Mega Audino 2.0|213\/394
|move|p2a: Mega Audino 2.0|Calm Mind|p2a: Mega Audino 2.0
|-boost|p2a: Mega Audino 2.0|spa|1
|-boost|p2a: Mega Audino 2.0|spd|1
|
|-heal|p2a: Mega Audino 2.0|237\/394|[from] item: Leftovers
|turn|4
|
|move|p1a: Roberto-Therian|Earthquake|p2a: Mega Audino 2.0
|-damage|p2a: Mega Audino 2.0|80\/394
|move|p2a: Mega Audino 2.0|Moonblast|p1a: Roberto-Therian
|-damage|p1a: Roberto-Therian|186\/381
|
|-heal|p1a: Roberto-Therian|209\/381|[from] item: Leftovers
|-heal|p2a: Mega Audino 2.0|104\/394|[from] item: Leftovers
|turn|5
|
|switch|p2a: Sky Flyer|Latios, M|302\/302
|-damage|p2a: Sky Flyer|265\/302|[from] Stealth Rock
|move|p1a: Roberto-Therian|U-turn|p2a: Sky Flyer
|-supereffective|p2a: Sky Flyer
|-damage|p2a: Sky Flyer|71\/302
|
|switch|p1a: Lord Flame|Volcarona, M|335\/335
|
|turn|6
|
|move|p2a: Sky Flyer|Trick|p1a: Lord Flame
|-activate|p2a: Sky Flyer|move: Trick|[of] p1a: Lord Flame
|-item|p1a: Lord Flame|Choice Scarf|[from] move: Trick
|-item|p2a: Sky Flyer|Leftovers|[from] move: Trick
|move|p1a: Lord Flame|Quiver Dance|p1a: Lord Flame
|-boost|p1a: Lord Flame|spa|1
|-boost|p1a: Lord Flame|spd|1
|-boost|p1a: Lord Flame|spe|1
|
|-heal|p2a: Sky Flyer|89\/302|[from] item: Leftovers
|turn|7
|c|âVictor Infinity|lascou
|
|switch|p1a: Silver Bird|Skarmory, F|334\/334
|move|p2a: Sky Flyer|Defog|p1a: Silver Bird
|-unboost|p1a: Silver Bird|evasion|1
|-sideend|p2: LadderSoTall|Stealth Rock|[from] move: Defog|[of] p2a: Sky Flyer
|
|-heal|p2a: Sky Flyer|107\/302|[from] item: Leftovers
|turn|8
|c|âVictor Infinity|i lost xD
|
|switch|p2a: Lava Flow|Heatran, M|385\/385
|move|p1a: Silver Bird|Stealth Rock|p2a: Lava Flow
|-sidestart|p2: LadderSoTall|move: Stealth Rock
|
|turn|9
|
|move|p2a: Lava Flow|Stealth Rock|p1a: Silver Bird
|-sidestart|p1: Victor Infinity|move: Stealth Rock
|move|p1a: Silver Bird|Whirlwind|p2a: Lava Flow
|drag|p2a: Team Aqua|Slowbro, M|394\/394
|-damage|p2a: Team Aqua|345\/394|[from] Stealth Rock
|
|-heal|p2a: Team Aqua|369\/394|[from] item: Leftovers
|turn|10
|
|switch|p1a: Roberto-Therian|Landorus-Therian, M|209\/381
|-damage|p1a: Roberto-Therian|162\/381|[from] Stealth Rock
|-ability|p1a: Roberto-Therian|Intimidate|[of] p2a: Team Aqua
|-unboost|p2a: Team Aqua|atk|1
|move|p2a: Team Aqua|Scald|p1a: Roberto-Therian
|-supereffective|p1a: Roberto-Therian
|-damage|p1a: Roberto-Therian|0 fnt
|faint|p1a: Roberto-Therian
|
|-heal|p2a: Team Aqua|393\/394|[from] item: Leftovers
|
|switch|p1a: Lord Flame|Volcarona, M|335\/335
|-damage|p1a: Lord Flame|168\/335|[from] Stealth Rock
|turn|11
|
|switch|p2a: Lava Flow|Heatran, M|385\/385
|-damage|p2a: Lava Flow|337\/385|[from] Stealth Rock
|move|p1a: Lord Flame|Bug Buzz|p2a: Lava Flow
|-resisted|p2a: Lava Flow
|-damage|p2a: Lava Flow|312\/385
|-unboost|p2a: Lava Flow|spd|1
|
|-heal|p2a: Lava Flow|336\/385|[from] item: Leftovers
|turn|12
|
|move|p1a: Lord Flame|Bug Buzz|p2a: Lava Flow
|-resisted|p2a: Lava Flow
|-damage|p2a: Lava Flow|302\/385
|move|p2a: Lava Flow|Lava Plume|p1a: Lord Flame
|-damage|p1a: Lord Flame|56\/335
|
|-heal|p2a: Lava Flow|326\/385|[from] item: Leftovers
|turn|13
|
|move|p1a: Lord Flame|Bug Buzz|p2a: Lava Flow
|-resisted|p2a: Lava Flow
|-damage|p2a: Lava Flow|288\/385
|move|p2a: Lava Flow|Lava Plume|p1a: Lord Flame
|-damage|p1a: Lord Flame|0 fnt
|faint|p1a: Lord Flame
|
|-heal|p2a: Lava Flow|312\/385|[from] item: Leftovers
|
|switch|p1a: Blue Hero|Keldeo-Resolute|323\/323
|-damage|p1a: Blue Hero|303\/323|[from] Stealth Rock
|turn|14
|
|switch|p2a: Team Aqua|Slowbro, M|394\/394
|-damage|p2a: Team Aqua|345\/394|[from] Stealth Rock
|move|p1a: Blue Hero|Scald|p2a: Team Aqua
|-resisted|p2a: Team Aqua
|-damage|p2a: Team Aqua|222\/394
|-status|p2a: Team Aqua|brn
|
|-heal|p2a: Team Aqua|246\/394 brn|[from] item: Leftovers
|-damage|p2a: Team Aqua|197\/394 brn|[from] brn
|turn|15
|
|move|p1a: Blue Hero|Scald|p2a: Team Aqua
|-resisted|p2a: Team Aqua
|-damage|p2a: Team Aqua|80\/394 brn
|move|p2a: Team Aqua|Thunder Wave|p1a: Blue Hero
|-status|p1a: Blue Hero|par
|
|-heal|p2a: Team Aqua|104\/394 brn|[from] item: Leftovers
|-damage|p2a: Team Aqua|55\/394 brn|[from] brn
|turn|16
|-message|Victor Infinity forfeited.
|
|win|LadderSoTall
|raw|Ladder updating...
|leave|Victor Infinity
|player|p1
|raw|Victor Infinity's rating: 1716 &rarr; <strong>1698<\/strong><br \/>(-18 for losing)
|raw|LadderSoTall's rating: 1756 &rarr; <strong>1774<\/strong><br \/>(+18 for winning)