|join|LadderSoTall
|join|Goup
|player|p1|LadderSoTall|31
|player|p2|Goup|286
|gametype|singles
|gen|6
|tier|OU
|rated
|clearpoke
|poke|p1|Gardevoir, M, shiny
|poke|p1|Ditto
|poke|p1|Excadrill, M
|poke|p1|Jellicent, F
|poke|p1|Bisharp, M
|poke|p1|Landorus-Therian, M
|poke|p2|Landorus-Therian, M
|poke|p2|Greninja, M
|poke|p2|Ferrothorn, F
|poke|p2|Talonflame, M
|poke|p2|Clefable, F
|poke|p2|Latios, M
|rule|Swagger Clause: Swagger is banned
|rule|Baton Pass Clause: Limit one PokÃ©mon knowing Baton Pass
|rule|Sleep Clause Mod: Limit one foe put to sleep
|rule|Species Clause: Limit one of each PokÃ©mon
|rule|OHKO Clause: OHKO moves are banned
|rule|Moody Clause: Moody is banned
|rule|Evasion Moves Clause: Evasion moves are banned
|rule|Endless Battle Clause: Forcing endless battles is banned
|rule|HP Percentage Mod: HP is shown in percentages
|teampreview
|
|start
|switch|p1a: muddy groundhog|Excadrill, M|362\/362
|switch|p2a: Talonflame|Talonflame, M|297\/297
|-ability|p1a: muddy groundhog|Mold Breaker
|turn|1
|
|move|p2a: Talonflame|Flare Blitz|p1a: muddy groundhog
|-supereffective|p1a: muddy groundhog
|-enditem|p1a: muddy groundhog|Focus Sash
|-damage|p1a: muddy groundhog|1\/362
|-status|p1a: muddy groundhog|brn
|-damage|p2a: Talonflame|178\/297|[from] recoil|[of] p1a: muddy groundhog
|move|p1a: muddy groundhog|Stealth Rock|p2a: Talonflame
|-sidestart|p2: Goup|move: Stealth Rock
|
|-heal|p2a: Talonflame|196\/297|[from] item: Leftovers
|-damage|p1a: muddy groundhog|0 fnt|[from] brn
|faint|p1a: muddy groundhog
|
|switch|p1a: heaven sent|Jellicent, F|404\/404
|turn|2
|
|switch|p2a: Latios|Latios, M|302\/302
|-damage|p2a: Latios|265\/302|[from] Stealth Rock
|move|p1a: heaven sent|Scald|p2a: Latios
|-resisted|p2a: Latios
|-damage|p2a: Latios|224\/302
|
|turn|3
|
|switch|p1a: always on guard|Bisharp, M|297\/297
|move|p2a: Latios|Defog|p1a: always on guard
|-unboost|p1a: always on guard|evasion|1
|-boost|p1a: always on guard|atk|2|[from] ability: Defiant
|-sideend|p2: Goup|Stealth Rock|[from] move: Defog|[of] p2a: Latios
|
|turn|4
|
|move|p1a: always on guard|Sucker Punch|p2a: Latios
|-supereffective|p2a: Latios
|-damage|p2a: Latios|0 fnt
|faint|p2a: Latios
|
|
|switch|p2a: Talonflame|Talonflame, M|196\/297
|turn|5
|
|move|p1a: always on guard|Sucker Punch|p2a: Talonflame
|-fail|p2a: Talonflame
|move|p2a: Talonflame|Will-O-Wisp|p1a: always on guard
|-status|p1a: always on guard|brn
|-enditem|p1a: always on guard|Lum Berry|[eat]
|-curestatus|p1a: always on guard|brn
|
|-heal|p2a: Talonflame|214\/297|[from] item: Leftovers
|turn|6
|
|move|p2a: Talonflame|Will-O-Wisp|p1a: always on guard
|-status|p1a: always on guard|brn
|move|p1a: always on guard|Knock Off|p2a: Talonflame
|-damage|p2a: Talonflame|0 fnt
|-enditem|p2a: Talonflame|Leftovers|[from] move: Knock Off|[of] p1a: always on guard
|faint|p2a: Talonflame
|
|-damage|p1a: always on guard|260\/297 brn|[from] brn
|
|switch|p2a: Ferrothorn|Ferrothorn, F|352\/352
|turn|7
|
|move|p1a: always on guard|Knock Off|p2a: Ferrothorn
|-damage|p2a: Ferrothorn|231\/352
|-damage|p1a: always on guard|223\/297 brn|[from] ability: Iron Barbs|[of] p2a: Ferrothorn
|-enditem|p2a: Ferrothorn|Leftovers|[from] move: Knock Off|[of] p1a: always on guard
|move|p2a: Ferrothorn|Leech Seed|p1a: always on guard
|-start|p1a: always on guard|move: Leech Seed
|
|-damage|p1a: always on guard|186\/297 brn|[from] Leech Seed|[of] p2a: Ferrothorn
|-heal|p2a: Ferrothorn|268\/352|[silent]
|-damage|p1a: always on guard|149\/297 brn|[from] brn
|turn|8
|
|switch|p1a: the queen|Gardevoir, M, shiny|278\/278
|-ability|p1a: the queen|Iron Barbs|[from] ability: Trace|[of] p2a: Ferrothorn
|move|p2a: Ferrothorn|Leech Seed|p1a: the queen
|-start|p1a: the queen|move: Leech Seed
|
|-damage|p1a: the queen|244\/278|[from] Leech Seed|[of] p2a: Ferrothorn
|-heal|p2a: Ferrothorn|302\/352|[silent]
|turn|9
|
|switch|p1a: heaven sent|Jellicent, F|404\/404
|move|p2a: Ferrothorn|Gyro Ball|p1a: heaven sent
|-resisted|p1a: heaven sent
|-damage|p1a: heaven sent|359\/404
|
|-heal|p1a: heaven sent|384\/404|[from] item: Leftovers
|turn|10
|
|move|p1a: heaven sent|Taunt|p2a: Ferrothorn
|-start|p2a: Ferrothorn|move: Taunt
|cant|p2a: Ferrothorn|move: Taunt|Toxic
|
|-heal|p1a: heaven sent|404\/404|[from] item: Leftovers
|turn|11
|
|switch|p2a: Clefable|Clefable, F|394\/394
|move|p1a: heaven sent|Scald|p2a: Clefable
|-damage|p2a: Clefable|321\/394
|
|-heal|p2a: Clefable|345\/394|[from] item: Leftovers
|turn|12
|
|move|p1a: heaven sent|Taunt|p2a: Clefable
|-start|p2a: Clefable|move: Taunt
|move|p2a: Clefable|Moonblast|p1a: heaven sent
|-damage|p1a: heaven sent|295\/404
|
|-heal|p1a: heaven sent|320\/404|[from] item: Leftovers
|-heal|p2a: Clefable|369\/394|[from] item: Leftovers
|turn|13
|
|move|p1a: heaven sent|Scald|p2a: Clefable
|-crit|p2a: Clefable
|-damage|p2a: Clefable|261\/394
|move|p2a: Clefable|Moonblast|p1a: heaven sent
|-damage|p1a: heaven sent|208\/404
|
|-heal|p1a: heaven sent|233\/404|[from] item: Leftovers
|-heal|p2a: Clefable|285\/394|[from] item: Leftovers
|turn|14
|
|move|p1a: heaven sent|Recover|p1a: heaven sent
|-heal|p1a: heaven sent|404\/404
|move|p2a: Clefable|Moonblast|p1a: heaven sent
|-crit|p1a: heaven sent
|-damage|p1a: heaven sent|248\/404
|
|-heal|p1a: heaven sent|273\/404|[from] item: Leftovers
|-heal|p2a: Clefable|309\/394|[from] item: Leftovers
|-end|p2a: Clefable|move: Taunt
|turn|15
|
|move|p1a: heaven sent|Recover|p1a: heaven sent
|-heal|p1a: heaven sent|404\/404
|move|p2a: Clefable|Moonblast|p1a: heaven sent
|-crit|p1a: heaven sent
|-damage|p1a: heaven sent|242\/404
|
|-heal|p1a: heaven sent|267\/404|[from] item: Leftovers
|-heal|p2a: Clefable|333\/394|[from] item: Leftovers
|turn|16
|
|move|p1a: heaven sent|Taunt|p2a: Clefable
|-start|p2a: Clefable|move: Taunt
|move|p2a: Clefable|Moonblast|p1a: heaven sent
|-damage|p1a: heaven sent|159\/404
|
|-heal|p1a: heaven sent|184\/404|[from] item: Leftovers
|-heal|p2a: Clefable|357\/394|[from] item: Leftovers
|turn|17
|
|move|p1a: heaven sent|Recover|p1a: heaven sent
|-heal|p1a: heaven sent|386\/404
|move|p2a: Clefable|Moonblast|p1a: heaven sent
|-damage|p1a: heaven sent|284\/404
|-unboost|p1a: heaven sent|spa|1
|
|-heal|p1a: heaven sent|309\/404|[from] item: Leftovers
|-heal|p2a: Clefable|381\/394|[from] item: Leftovers
|turn|18
|
|switch|p2a: Greninja|Greninja, M|285\/285
|move|p1a: heaven sent|Scald|p2a: Greninja
|-resisted|p2a: Greninja
|-damage|p2a: Greninja|246\/285
|-status|p2a: Greninja|brn
|
|-heal|p1a: heaven sent|334\/404|[from] item: Leftovers
|-damage|p2a: Greninja|211\/285 brn|[from] brn
|turn|19
|
|switch|p1a: always on guard|Bisharp, M|149\/297 brn
|move|p2a: Greninja|Hidden Power|p1a: always on guard
|-start|p2a: Greninja|typechange|Grass|[from] Protean
|-resisted|p1a: always on guard
|-damage|p1a: always on guard|71\/297 brn
|-damage|p2a: Greninja|183\/285 brn|[from] item: Life Orb
|
|-damage|p2a: Greninja|148\/285 brn|[from] brn
|-damage|p1a: always on guard|34\/297 brn|[from] brn
|turn|20
|
|switch|p2a: Ferrothorn|Ferrothorn, F|302\/352
|move|p1a: always on guard|Sucker Punch|p2a: Ferrothorn
|-fail|p2a: Ferrothorn
|
|-damage|p1a: always on guard|0 fnt|[from] brn
|faint|p1a: always on guard
|
|switch|p1a: the queen|Gardevoir, M, shiny|244\/278
|-ability|p1a: the queen|Iron Barbs|[from] ability: Trace|[of] p2a: Ferrothorn
|turn|21
|
|detailschange|p1a: the queen|Gardevoir-Mega, M, shiny
|message|Gardevoir has Mega Evolved into Mega Gardevoir!
|move|p1a: the queen|Calm Mind|p1a: the queen
|-boost|p1a: the queen|spa|1
|-boost|p1a: the queen|spd|1
|move|p2a: Ferrothorn|Gyro Ball|p1a: the queen
|-supereffective|p1a: the queen
|-damage|p1a: the queen|0 fnt
|faint|p1a: the queen
|
|
|switch|p1a: heaven sent|Jellicent, F|334\/404
|turn|22
|
|switch|p2a: Clefable|Clefable, F|381\/394
|move|p1a: heaven sent|Taunt|p2a: Clefable
|-start|p2a: Clefable|move: Taunt
|
|-heal|p1a: heaven sent|359\/404|[from] item: Leftovers
|-heal|p2a: Clefable|394\/394|[from] item: Leftovers
|turn|23
|
|move|p1a: heaven sent|Scald|p2a: Clefable
|-damage|p2a: Clefable|313\/394
|move|p2a: Clefable|Moonblast|p1a: heaven sent
|-damage|p1a: heaven sent|250\/404
|
|-heal|p1a: heaven sent|275\/404|[from] item: Leftovers
|-heal|p2a: Clefable|337\/394|[from] item: Leftovers
|turn|24
|
|move|p1a: heaven sent|Scald|p2a: Clefable
|-damage|p2a: Clefable|267\/394
|move|p2a: Clefable|Moonblast|p1a: heaven sent
|-crit|p1a: heaven sent
|-damage|p1a: heaven sent|112\/404
|
|-heal|p1a: heaven sent|137\/404|[from] item: Leftovers
|-heal|p2a: Clefable|291\/394|[from] item: Leftovers
|turn|25
|
|move|p1a: heaven sent|Recover|p1a: heaven sent
|-heal|p1a: heaven sent|339\/404
|move|p2a: Clefable|Moonblast|p1a: heaven sent
|-damage|p1a: heaven sent|245\/404
|-unboost|p1a: heaven sent|spa|1
|
|-heal|p1a: heaven sent|270\/404|[from] item: Leftovers
|-heal|p2a: Clefable|315\/394|[from] item: Leftovers
|-end|p2a: Clefable|move: Taunt
|turn|26
|
|move|p1a: heaven sent|Scald|p2a: Clefable
|-damage|p2a: Clefable|266\/394
|move|p2a: Clefable|Moonblast|p1a: heaven sent
|-damage|p1a: heaven sent|174\/404
|
|-heal|p1a: heaven sent|199\/404|[from] item: Leftovers
|-heal|p2a: Clefable|290\/394|[from] item: Leftovers
|turn|27
|
|move|p1a: heaven sent|Recover|p1a: heaven sent
|-heal|p1a: heaven sent|401\/404
|move|p2a: Clefable|Moonblast|p1a: heaven sent
|-damage|p1a: heaven sent|305\/404
|
|-heal|p1a: heaven sent|330\/404|[from] item: Leftovers
|-heal|p2a: Clefable|314\/394|[from] item: Leftovers
|turn|28
|
|move|p1a: heaven sent|Scald|p2a: Clefable
|-damage|p2a: Clefable|262\/394
|move|p2a: Clefable|Moonblast|p1a: heaven sent
|-damage|p1a: heaven sent|231\/404
|
|-heal|p1a: heaven sent|256\/404|[from] item: Leftovers
|-heal|p2a: Clefable|286\/394|[from] item: Leftovers
|turn|29
|
|move|p1a: heaven sent|Scald|p2a: Clefable
|-damage|p2a: Clefable|235\/394
|move|p2a: Clefable|Moonblast|p1a: heaven sent
|-damage|p1a: heaven sent|148\/404
|
|-heal|p1a: heaven sent|173\/404|[from] item: Leftovers
|-heal|p2a: Clefable|259\/394|[from] item: Leftovers
|turn|30
|c|âGoup|you can't kill me
|
|move|p1a: heaven sent|Recover|p1a: heaven sent
|-heal|p1a: heaven sent|375\/404
|move|p2a: Clefable|Moonblast|p1a: heaven sent
|-damage|p1a: heaven sent|276\/404
|
|-heal|p1a: heaven sent|301\/404|[from] item: Leftovers
|-heal|p2a: Clefable|283\/394|[from] item: Leftovers
|turn|31
|
|move|p1a: heaven sent|Scald|p2a: Clefable
|-damage|p2a: Clefable|232\/394
|-status|p2a: Clefable|brn
|move|p2a: Clefable|Moonblast|p1a: heaven sent
|-damage|p1a: heaven sent|207\/404
|-unboost|p1a: heaven sent|spa|1
|
|-heal|p1a: heaven sent|232\/404|[from] item: Leftovers
|-heal|p2a: Clefable|256\/394 brn|[from] item: Leftovers
|turn|32
|
|move|p1a: heaven sent|Recover|p1a: heaven sent
|-heal|p1a: heaven sent|404\/404
|move|p2a: Clefable|Aromatherapy|p2a: Clefable
|-cureteam|p2a: Clefable|[from] move: Aromatherapy
|
|-heal|p2a: Clefable|280\/394|[from] item: Leftovers
|turn|33
|
|move|p1a: heaven sent|Taunt|p2a: Clefable
|-start|p2a: Clefable|move: Taunt
|cant|p2a: Clefable|move: Taunt|Wish
|
|-heal|p2a: Clefable|304\/394|[from] item: Leftovers
|turn|34
|
|move|p1a: heaven sent|Shadow Ball|p2a: Clefable
|-damage|p2a: Clefable|268\/394
|move|p2a: Clefable|Moonblast|p1a: heaven sent
|-damage|p1a: heaven sent|310\/404
|
|-heal|p1a: heaven sent|335\/404|[from] item: Leftovers
|-heal|p2a: Clefable|292\/394|[from] item: Leftovers
|turn|35
|
|switch|p2a: Greninja|Greninja, M|148\/285
|move|p1a: heaven sent|Shadow Ball|p2a: Greninja
|-crit|p2a: Greninja
|-resisted|p2a: Greninja
|-damage|p2a: Greninja|55\/285
|-unboost|p2a: Greninja|spd|1
|
|-heal|p1a: heaven sent|360\/404|[from] item: Leftovers
|turn|36
|c|âGoup|not shadow ball.
|c|âGoup|Hex.
|
|move|p2a: Greninja|Hidden Power|p1a: heaven sent
|-start|p2a: Greninja|typechange|Grass|[from] Protean
|-supereffective|p1a: heaven sent
|-damage|p1a: heaven sent|147\/404
|-damage|p2a: Greninja|27\/285|[from] item: Life Orb
|move|p1a: heaven sent|Shadow Ball|p2a: Greninja
|-crit|p2a: Greninja
|-damage|p2a: Greninja|0 fnt
|faint|p2a: Greninja
|
|-heal|p1a: heaven sent|172\/404|[from] item: Leftovers
|
|switch|p2a: Landorus-Therian|Landorus-Therian, M|382\/382
|-ability|p2a: Landorus-Therian|Intimidate|[of] p1a: heaven sent
|-unboost|p1a: heaven sent|atk|1
|turn|37
|
|switch|p1a: snow tiger|Landorus-Therian, M|320\/320
|-ability|p1a: snow tiger|Intimidate|[of] p2a: Landorus-Therian
|-unboost|p2a: Landorus-Therian|atk|1
|move|p2a: Landorus-Therian|Knock Off|p1a: snow tiger
|-damage|p1a: snow tiger|239\/320
|-enditem|p1a: snow tiger|Choice Scarf|[from] move: Knock Off|[of] p2a: Landorus-Therian
|
|turn|38
|
|move|p1a: snow tiger|Knock Off|p2a: Landorus-Therian
|-damage|p2a: Landorus-Therian|278\/382
|-enditem|p2a: Landorus-Therian|Leftovers|[from] move: Knock Off|[of] p1a: snow tiger
|move|p2a: Landorus-Therian|Stealth Rock|p1a: snow tiger
|-sidestart|p1: LadderSoTall|move: Stealth Rock
|
|turn|39
|
|move|p1a: snow tiger|Knock Off|p2a: Landorus-Therian
|-damage|p2a: Landorus-Therian|204\/382
|move|p2a: Landorus-Therian|U-turn|p1a: snow tiger
|-resisted|p1a: snow tiger
|-damage|p1a: snow tiger|213\/320
|
|switch|p2a: Ferrothorn|Ferrothorn, F|302\/352
|
|turn|40
|
|move|p1a: snow tiger|Earthquake|p2a: Ferrothorn
|-crit|p2a: Ferrothorn
|-damage|p2a: Ferrothorn|74\/352
|move|p2a: Ferrothorn|Toxic|p1a: snow tiger
|-status|p1a: snow tiger|tox
|
|-damage|p1a: snow tiger|193\/320 tox|[from] psn
|turn|41
|c|âGoup|crit mattered
|
|move|p2a: Ferrothorn|Protect|p2a: Ferrothorn
|-singleturn|p2a: Ferrothorn|Protect
|move|p1a: snow tiger|U-turn|p2a: Ferrothorn
|-activate|p2a: Ferrothorn|Protect
|
|-damage|p1a: snow tiger|153\/320 tox|[from] psn
|turn|42
|
|move|p1a: snow tiger|Earthquake|p2a: Ferrothorn
|-damage|p2a: Ferrothorn|0 fnt
|faint|p2a: Ferrothorn
|
|-damage|p1a: snow tiger|93\/320 tox|[from] psn
|
|switch|p2a: Landorus-Therian|Landorus-Therian, M|204\/382
|-ability|p2a: Landorus-Therian|Intimidate|[of] p1a: snow tiger
|-unboost|p1a: snow tiger|atk|1
|turn|43
|
|move|p1a: snow tiger|U-turn|p2a: Landorus-Therian
|-resisted|p2a: Landorus-Therian
|-damage|p2a: Landorus-Therian|178\/382
|
|switch|p1a: look in the mirror|Ditto|300\/300
|-damage|p1a: look in the mirror|263\/300|[from] Stealth Rock
|-transform|p1a: look in the mirror|p2a: Landorus-Therian
|-ability|p1a: look in the mirror|Intimidate|[of] p2a: Landorus-Therian
|-unboost|p2a: Landorus-Therian|atk|1
|move|p2a: Landorus-Therian|Knock Off|p1a: look in the mirror
|-damage|p1a: look in the mirror|207\/300
|-enditem|p1a: look in the mirror|Choice Scarf|[from] move: Knock Off|[of] p2a: Landorus-Therian
|
|turn|44
|
|switch|p2a: Clefable|Clefable, F|292\/394
|move|p1a: look in the mirror|Stealth Rock|p2a: Clefable
|-sidestart|p2: Goup|move: Stealth Rock
|
|-heal|p2a: Clefable|316\/394|[from] item: Leftovers
|turn|45
|
|move|p1a: look in the mirror|Earthquake|p2a: Clefable
|-damage|p2a: Clefable|133\/394
|move|p2a: Clefable|Wish|p2a: Clefable
|
|-heal|p2a: Clefable|157\/394|[from] item: Leftovers
|turn|46
|
|move|p1a: look in the mirror|Knock Off|p2a: Clefable
|-resisted|p2a: Clefable
|-damage|p2a: Clefable|104\/394
|-enditem|p2a: Clefable|Leftovers|[from] move: Knock Off|[of] p1a: look in the mirror
|move|p2a: Clefable|Moonblast|p1a: look in the mirror
|-damage|p1a: look in the mirror|87\/300
|
|-heal|p2a: Clefable|301\/394|[from] move: Wish|[wisher] Clefable
|turn|47
|
|move|p1a: look in the mirror|U-turn|p2a: Clefable
|-resisted|p2a: Clefable
|-damage|p2a: Clefable|258\/394
|
|switch|p1a: heaven sent|Jellicent, F|172\/404
|-damage|p1a: heaven sent|122\/404|[from] Stealth Rock
|move|p2a: Clefable|Wish|p2a: Clefable
|
|-heal|p1a: heaven sent|147\/404|[from] item: Leftovers
|turn|48
|
|move|p1a: heaven sent|Scald|p2a: Clefable
|-damage|p2a: Clefable|182\/394
|move|p2a: Clefable|Moonblast|p1a: heaven sent
|-damage|p1a: heaven sent|48\/404
|
|-heal|p2a: Clefable|379\/394|[from] move: Wish|[wisher] Clefable
|-heal|p1a: heaven sent|73\/404|[from] item: Leftovers
|turn|49
|
|switch|p2a: Landorus-Therian|Landorus-Therian, M|178\/382
|-damage|p2a: Landorus-Therian|131\/382|[from] Stealth Rock
|-ability|p2a: Landorus-Therian|Intimidate|[of] p1a: heaven sent
|-unboost|p1a: heaven sent|atk|1
|move|p1a: heaven sent|Recover|p1a: heaven sent
|-heal|p1a: heaven sent|275\/404
|
|-heal|p1a: heaven sent|300\/404|[from] item: Leftovers
|turn|50
|
|move|p2a: Landorus-Therian|Knock Off|p1a: heaven sent
|-supereffective|p1a: heaven sent
|-damage|p1a: heaven sent|100\/404
|-enditem|p1a: heaven sent|Leftovers|[from] move: Knock Off|[of] p2a: Landorus-Therian
|move|p1a: heaven sent|Scald|p2a: Landorus-Therian
|-supereffective|p2a: Landorus-Therian
|-damage|p2a: Landorus-Therian|0 fnt
|faint|p2a: Landorus-Therian
|
|
|switch|p2a: Clefable|Clefable, F|379\/394
|turn|51
|
|move|p1a: heaven sent|Recover|p1a: heaven sent
|-heal|p1a: heaven sent|302\/404
|move|p2a: Clefable|Moonblast|p1a: heaven sent
|-damage|p1a: heaven sent|196\/404
|
|turn|52
|
|move|p1a: heaven sent|Taunt|p2a: Clefable
|-start|p2a: Clefable|move: Taunt
|move|p2a: Clefable|Moonblast|p1a: heaven sent
|-damage|p1a: heaven sent|102\/404
|
|turn|53
|
|move|p1a: heaven sent|Recover|p1a: heaven sent
|-heal|p1a: heaven sent|304\/404
|move|p2a: Clefable|Moonblast|p1a: heaven sent
|-damage|p1a: heaven sent|207\/404
|
|turn|54
|
|move|p1a: heaven sent|Recover|p1a: heaven sent
|-heal|p1a: heaven sent|404\/404
|move|p2a: Clefable|Moonblast|p1a: heaven sent
|-damage|p1a: heaven sent|301\/404
|-unboost|p1a: heaven sent|spa|1
|
|-end|p2a: Clefable|move: Taunt
|turn|55
|-message|Goup forfeited.
|
|win|LadderSoTall
|raw|Ladder updating...
|leave|Goup
|player|p2
|raw|LadderSoTall's rating: 1751 &rarr; <strong>1767<\/strong><br \/>(+16 for winning)
|raw|Goup's rating: 1681 &rarr; <strong>1665<\/strong><br \/>(-16 for losing)