|join|Bluwing
|join|LadderSoTall
|join|TheThorn
|join|zCompuLsive
|join|daftmau5
|join|Bloodz
|join|ArchPhantom
|join|elitethewish
|player|p1|Bluwing|290
|player|p2|LadderSoTall|4
|gametype|singles
|gen|6
|tier|OU
|clearpoke
|poke|p1|Articuno
|poke|p1|Dugtrio, M
|poke|p1|Latios, M
|poke|p1|Jirachi
|poke|p1|Manectric, F
|poke|p1|Keldeo
|poke|p2|Kyurem-Black, shiny
|poke|p2|Altaria, M, shiny
|poke|p2|Shuckle, M, shiny
|poke|p2|Bisharp, M
|poke|p2|Serperior, M, shiny
|poke|p2|Gengar, M, shiny
|rule|Swagger Clause: Swagger is banned
|rule|Baton Pass Clause: Limit one PokÃ©mon knowing Baton Pass
|rule|Sleep Clause Mod: Limit one foe put to sleep
|rule|Species Clause: Limit one of each PokÃ©mon
|rule|OHKO Clause: OHKO moves are banned
|rule|Moody Clause: Moody is banned
|rule|Evasion Moves Clause: Evasion moves are banned
|rule|Endless Battle Clause: Forcing endless battles is banned
|rule|HP Percentage Mod: HP is shown in percentages
|teampreview
|join|Riful the Zangoose
|join|Face-ur-doom
|join|Lok'tar
|leave|zCompuLsive
|c|âBluwing|damnit
|join|Bathtub Gin
|join|alt7777777
|c|âBluwing|i was almost done with the other team :\/
|join|Sugar K Leonard
|join|LMay
|c| Bloodz|:[
|join|allahu
|join|time to test more
|c|âLadderSoTall|aww gk tho
|join|qwertyuiop12321
|c|âLadderSoTall|gk*
|join|Hiye
|c|âLadderSoTall|gl
|c|âBluwing|same
|join|obliviatee
|
|start
|switch|p1a: Jirachi|Jirachi|404\/404
|switch|p2a: Shuckle|Shuckle, M, shiny|244\/244
|turn|1
|join|Johnny Tots
|c| obliviatee|is that
|c| obliviatee|articuno
|c|âBluwing|yeh
|
|move|p1a: Jirachi|Iron Head|p2a: Shuckle
|-supereffective|p2a: Shuckle
|-damage|p2a: Shuckle|158\/244
|cant|p2a: Shuckle|flinch
|
|turn|2
|c| Johnny Tots|cuno too nice
|join|Samurai TAKE-SHI
|c| Samurai TAKE-SHI|sorry
|leave|allahu
|c| daftmau5|skillrachi lgi
|c| ArchPhantom|2 more racia
|c| ArchPhantom|rachi *
|c| alt7777777|turn one and we're haxing in here
|
|move|p1a: Jirachi|Iron Head|p2a: Shuckle
|-supereffective|p2a: Shuckle
|-damage|p2a: Shuckle|78\/244
|cant|p2a: Shuckle|flinch
|
|turn|3
|leave|Samurai TAKE-SHI
|c| ArchPhantom|Aye
|c| time to test more|not haxing
|c|âLadderSoTall|:o
|
|move|p1a: Jirachi|Iron Head|p2a: Shuckle
|-supereffective|p2a: Shuckle
|-damage|p2a: Shuckle|0 fnt
|faint|p2a: Shuckle
|
|join|bizarman
|c|âLadderSoTall|darn
|leave|Hiye
|join|Yo IM 12 LMAO
|
|switch|p2a: Bisharp|Bisharp, M|272\/272
|turn|4
|
|switch|p1a: Keldeo|Keldeo|323\/323
|move|p2a: Bisharp|Knock Off|p1a: Keldeo
|-resisted|p1a: Keldeo
|-damage|p1a: Keldeo|188\/323
|-boost|p1a: Keldeo|atk|1|[from] ability: Justified
|-enditem|p1a: Keldeo|Leftovers|[from] move: Knock Off|[of] p2a: Bisharp
|-damage|p2a: Bisharp|245\/272|[from] item: Life Orb
|
|turn|5
|join|Ox the Box
|join|Appreciation
|
|switch|p1a: Articuno|Articuno|329\/329
|-ability|p1a: Articuno|Pressure
|switch|p2a: Altaria|Altaria, M, shiny|354\/354
|
|turn|6
|c| time to test more|plays
|join|etaoi
|
|detailschange|p2a: Altaria|Altaria-Mega, M, shiny
|-mega|p2a: Altaria|Altaria|Altarianite
|move|p1a: Articuno|Hurricane|p2a: Altaria
|-damage|p2a: Altaria|171\/354
|-damage|p1a: Articuno|297\/329|[from] item: Life Orb
|move|p2a: Altaria|Hyper Voice|p1a: Articuno
|-damage|p1a: Articuno|120\/329
|
|turn|7
|leave|Appreciation
|join|Rooo
|
|move|p1a: Articuno|Roost|p1a: Articuno
|-heal|p1a: Articuno|285\/329
|move|p2a: Altaria|Hyper Voice|p1a: Articuno
|-damage|p1a: Articuno|117\/329
|
|turn|8
|
|switch|p2a: Bisharp|Bisharp, M|245\/272
|move|p1a: Articuno|Roost|p1a: Articuno
|-heal|p1a: Articuno|282\/329
|
|turn|9
|
|switch|p1a: Keldeo|Keldeo|188\/323
|move|p2a: Bisharp|Iron Head|p1a: Keldeo
|-resisted|p1a: Keldeo
|-damage|p1a: Keldeo|75\/323
|-damage|p2a: Bisharp|218\/272|[from] item: Life Orb
|
|turn|10
|join|Reud
|
|switch|p2a: Altaria|Altaria-Mega, M, shiny|171\/354
|move|p1a: Keldeo|Secret Sword|p2a: Altaria
|-resisted|p2a: Altaria
|-damage|p2a: Altaria|99\/354
|
|turn|11
|c| mielton|y no sucker punch
|
|switch|p1a: Articuno|Articuno|282\/329
|-ability|p1a: Articuno|Pressure
|move|p2a: Altaria|Roost|p2a: Altaria
|-heal|p2a: Altaria|276\/354
|
|turn|12
|c|âLadderSoTall|dugtrio trap
|leave|Reud
|
|switch|p2a: Bisharp|Bisharp, M|218\/272
|move|p1a: Articuno|Freeze-Dry|p2a: Bisharp
|-resisted|p2a: Bisharp
|-damage|p2a: Bisharp|135\/272
|-damage|p1a: Articuno|250\/329|[from] item: Life Orb
|
|turn|13
|leave|Bloodz
|join|Bloodz
|
|switch|p1a: Keldeo|Keldeo|75\/323
|move|p2a: Bisharp|Iron Head|p1a: Keldeo
|-resisted|p1a: Keldeo
|-damage|p1a: Keldeo|0 fnt
|-damage|p2a: Bisharp|108\/272|[from] item: Life Orb
|faint|p1a: Keldeo
|
|join|Demandred
|leave|mielton
|
|switch|p1a: Dugtrio|Dugtrio, M|201\/201
|turn|14
|join|Powered By Pokes
|
|move|p2a: Bisharp|Sucker Punch|p1a: Dugtrio
|-enditem|p1a: Dugtrio|Focus Sash
|-damage|p1a: Dugtrio|1\/201
|-damage|p2a: Bisharp|81\/272|[from] item: Life Orb
|move|p1a: Dugtrio|Earthquake|p2a: Bisharp
|-supereffective|p2a: Bisharp
|-damage|p2a: Bisharp|0 fnt
|faint|p2a: Bisharp
|
|leave|Bloodz
|
|switch|p2a: Kyurem-Black|Kyurem-Black, shiny|391\/391
|-ability|p2a: Kyurem-Black|Teravolt
|turn|15
|join|Bloodz
|
|switch|p1a: Jirachi|Jirachi|404\/404
|move|p2a: Kyurem-Black|Earth Power|p1a: Jirachi
|-supereffective|p1a: Jirachi
|-damage|p1a: Jirachi|220\/404
|
|-heal|p1a: Jirachi|245\/404|[from] item: Leftovers
|turn|16
|join|Puralux
|
|move|p2a: Kyurem-Black|Earth Power|p1a: Jirachi
|-supereffective|p1a: Jirachi
|-damage|p1a: Jirachi|63\/404
|move|p1a: Jirachi|Iron Head|p2a: Kyurem-Black
|-supereffective|p2a: Kyurem-Black
|-damage|p2a: Kyurem-Black|175\/391
|
|-heal|p1a: Jirachi|88\/404|[from] item: Leftovers
|turn|17
|join|FardinOverTest43
|
|switch|p1a: Articuno|Articuno|250\/329
|-ability|p1a: Articuno|Pressure
|move|p2a: Kyurem-Black|Earth Power|p1a: Articuno
|-immune|p1a: Articuno|[msg]
|
|turn|18
|leave|FardinOverTest43
|join|abcdefghitony
|leave|bizarman
|join|BIG ARBOCK
|
|switch|p2a: Altaria|Altaria-Mega, M, shiny|276\/354
|move|p1a: Articuno|Roost|p1a: Articuno
|-heal|p1a: Articuno|329\/329
|
|turn|19
|join|Apathos
|
|move|p1a: Articuno|Freeze-Dry|p2a: Altaria
|-supereffective|p2a: Altaria
|-damage|p2a: Altaria|34\/354
|-damage|p1a: Articuno|297\/329|[from] item: Life Orb
|move|p2a: Altaria|Hyper Voice|p1a: Articuno
|-damage|p1a: Articuno|120\/329
|
|turn|20
|
|move|p1a: Articuno|Freeze-Dry|p2a: Altaria
|-supereffective|p2a: Altaria
|-damage|p2a: Altaria|0 fnt
|-damage|p1a: Articuno|88\/329|[from] item: Life Orb
|faint|p2a: Altaria
|
|join|allahu
|join|god of cake
|leave|god of cake
|join|boltsandbombers
|leave|boltsandbombers
|
|switch|p2a: Serperior|Serperior, M, shiny|292\/292
|turn|21
|leave|Powered By Pokes
|
|move|p2a: Serperior|Leaf Storm|p1a: Articuno
|-crit|p1a: Articuno
|-resisted|p1a: Articuno
|-damage|p1a: Articuno|0 fnt
|-boost|p2a: Serperior|spa|2
|-damage|p2a: Serperior|263\/292|[from] item: Life Orb
|faint|p1a: Articuno
|
|c|âBluwing|no1111
|c|âBluwing|WTF
|c|âLadderSoTall|oops
|c|âBluwing|252 SpA Life Orb Serperior Leaf Storm vs. 32 HP \/ 0 SpD Articuno: 79-94 (24 - 28.5%) -- 98.2% chance to 4HKO
|c|âBluwing|nice fuckin luck dude ool
|c|âLadderSoTall|thanks
|
|switch|p1a: Dugtrio|Dugtrio, M|1\/201
|turn|22
|c| Johnny Tots|haha happy bday
|c| allahu|might not have mattered >:=)
|c|âBluwing|lol
|c|âBluwing|i would get rid off this
|c|âBluwing|and i would get rocks
|c| Johnny Tots|why not manec hp ice
|c| Johnny Tots|?
|
|move|p1a: Dugtrio|Reversal|p2a: Serperior
|-damage|p2a: Serperior|89\/292
|move|p2a: Serperior|Dragon Pulse|p1a: Dugtrio
|-damage|p1a: Dugtrio|0 fnt
|-damage|p2a: Serperior|60\/292|[from] item: Life Orb
|faint|p1a: Dugtrio
|
|c|âLadderSoTall|welp gg
|c|âLadderSoTall|:D
|leave|Ox the Box
|c|âBluwing|how is this a gg now lol
|leave|Bloodz
|c| ArchPhantom|Should've thought long term and megad mane
|c|âLadderSoTall|bc ur swept?
|c| ArchPhantom|:P
|c|âBluwing|lol
|
|switch|p1a: Latios|Latios, M|301\/301
|turn|23
|c|âBluwing|cuz u critted my fuckin articuno
|leave|alt7777777
|c|âLadderSoTall|u mad bro?
|c| Bathtub Gin|cant we all just get along
|c|âBluwing|ofc im salty lol
|c| ArchPhantom|U got this bluwing
|
|switch|p1a: Jirachi|Jirachi|88\/404
|move|p2a: Serperior|Dragon Pulse|p1a: Jirachi
|-resisted|p1a: Jirachi
|-damage|p1a: Jirachi|5\/404
|-damage|p2a: Serperior|31\/292|[from] item: Life Orb
|
|-heal|p1a: Jirachi|30\/404|[from] item: Leftovers
|turn|24
|c|âBluwing|when ur just an ass
|c|âLadderSoTall|lel
|c| time to test more|chill guyz iz all gud
|c| time to test more|we al gud en her
|
|switch|p1a: Latios|Latios, M|301\/301
|move|p2a: Serperior|Dragon Pulse|p1a: Latios
|-supereffective|p1a: Latios
|-damage|p1a: Latios|0 fnt
|-damage|p2a: Serperior|2\/292|[from] item: Life Orb
|faint|p1a: Latios
|
|c| Bathtub Gin|its only game, why u heff to be mad
|
|switch|p1a: Jirachi|Jirachi|30\/404
|turn|25
|c| elitethewish|come on now calm brauh
|c| Yo IM 12 LMAO|serp is BROKEN...
|join|StrengthOfHeart
|c|âBluwing|it's not
|join|Umbreon89
|c|âBluwing|he got fuckin lucky
|c| Johnny Tots|does manec not outspeed?
|c|âBluwing|this should be ded
|c|âBluwing|i had this game lol
|c|âBluwing|it's not mega yet
|c| Johnny Tots|ahhh
|
|move|p2a: Serperior|Dragon Pulse|p1a: Jirachi
|-resisted|p1a: Jirachi
|-damage|p1a: Jirachi|0 fnt
|-damage|p2a: Serperior|0 fnt|[from] item: Life Orb
|faint|p1a: Jirachi
|faint|p2a: Serperior
|
|c| time to test more|we 1 big famly
|c|âLadderSoTall|um \/rating bluwing
|c|âLadderSoTall|lel
|c|âLadderSoTall|noob
|c| Johnny Tots|the best
|c| time to test more|chill ladder we out
|c|âBluwing|wtf is it with this guy?
|
|switch|p2a: Gengar|Gengar, M, shiny|262\/262
|switch|p1a: Manectric|Manectric, F|281\/281
|turn|26
|c|âBluwing|he fuckin haxed me
|c|âLadderSoTall|we out dis bitch
|c| time to test more|lmao
|c| elitethewish|ok bluwing since you did get haxed a little ill be #teambluwing
|c|âBluwing|and then calls me a noob
|join|Katumaru
|c|âBluwing|who the fuck is this aids tele piece off shit
|c| elitethewish|?
|c|âLadderSoTall|tele?
|c| Johnny Tots|haha hes a scrub
|c|âBluwing|i had to use this fuckin team cuz i didnt manage to get the other team done
|c| Bathtub Gin|ladder, 27-4 is a fuck ton better than 139-101
|c| allahu|yh gxe only a gxe of 82 in ou
|c|âBluwing|which would rip ur fuckin asshole apart
|c|âLadderSoTall|um
|c| time to test more|we al gud aint we naw
|c|âLadderSoTall|have you heard of testing teams?
|join|Quick Guard
|
|detailschange|p1a: Manectric|Manectric-Mega, F
|-mega|p1a: Manectric|Manectric|Manectite
|-ability|p1a: Manectric|Intimidate|[of] p2a: Gengar
|-unboost|p2a: Gengar|atk|1
|move|p2a: Gengar|Sludge Wave|p1a: Manectric
|-damage|p1a: Manectric|0 fnt
|-damage|p2a: Gengar|236\/262|[from] item: Life Orb
|faint|p1a: Manectric
|
|win|LadderSoTall
|c|âBluwing|wtf LOL
|c|âBluwing|i said it wasnt DONE
|leave|Katumaru
|c| time to test more|aint no fighin naw
|c|âLadderSoTall|gg noob
|leave|LadderSoTall
|leave|Demandred
|leave|Bathtub Gin
|leave|allahu
|c|âBluwing|im getting this guy banned lol
|player|p2
|leave|obliviatee
|leave|Face-ur-doom
|leave|Apathos
|leave|Bluwing
|leave|StrengthOfHeart
|player|p1
|leave|etaoi