|join|Mounts
|join|LadderSoTall
|player|p1|Mounts|101
|player|p2|LadderSoTall|4
|gametype|singles
|gen|6
|tier|OU
|rated
|clearpoke
|poke|p1|Sceptile, F
|poke|p1|Greninja, M
|poke|p1|Terrakion
|poke|p1|Landorus-Therian, M
|poke|p1|Bisharp, F
|poke|p1|Rotom-Wash
|poke|p2|Landorus, M
|poke|p2|Metagross, shiny
|poke|p2|Thundurus, M, shiny
|poke|p2|Azumarill, M
|poke|p2|Bisharp, M
|poke|p2|Greninja, M, shiny
|rule|Swagger Clause: Swagger is banned
|rule|Baton Pass Clause: Limit one PokÃ©mon knowing Baton Pass
|rule|Sleep Clause Mod: Limit one foe put to sleep
|rule|Species Clause: Limit one of each PokÃ©mon
|rule|OHKO Clause: OHKO moves are banned
|rule|Moody Clause: Moody is banned
|rule|Evasion Moves Clause: Evasion moves are banned
|rule|Endless Battle Clause: Forcing endless battles is banned
|rule|HP Percentage Mod: HP is shown in percentages
|teampreview
|
|start
|switch|p1a: P. Sherman|Landorus-Therian, M|382\/382
|switch|p2a: Landorus|Landorus, M|319\/319
|-ability|p1a: P. Sherman|Intimidate|[of] p2a: Landorus
|-unboost|p2a: Landorus|atk|1
|turn|1
|
|move|p2a: Landorus|Hidden Power|p1a: P. Sherman
|-supereffective|p1a: P. Sherman
|-damage|p1a: P. Sherman|0 fnt
|-damage|p2a: Landorus|288\/319|[from] item: Life Orb
|faint|p1a: P. Sherman
|
|
|switch|p1a: ovoxo|Greninja, M|285\/285
|turn|2
|
|switch|p2a: Azumarill|Azumarill, M|400\/400
|move|p1a: ovoxo|Gunk Shot|p2a: Azumarill
|-start|p1a: ovoxo|typechange|Poison|[from] Protean
|-supereffective|p2a: Azumarill
|-damage|p2a: Azumarill|0 fnt
|-damage|p1a: ovoxo|257\/285|[from] item: Life Orb
|faint|p2a: Azumarill
|
|
|switch|p2a: Bisharp|Bisharp, M|272\/272
|turn|3
|
|switch|p1a: E. Dantes|Terrakion|323\/323
|move|p2a: Bisharp|Sucker Punch|p1a: E. Dantes
|-fail|p1a: E. Dantes
|
|turn|4
|
|switch|p2a: Landorus|Landorus, M|288\/319
|move|p1a: E. Dantes|Close Combat|p2a: Landorus
|-resisted|p2a: Landorus
|-damage|p2a: Landorus|140\/319
|-unboost|p1a: E. Dantes|def|1
|-unboost|p1a: E. Dantes|spd|1
|-damage|p1a: E. Dantes|291\/323|[from] item: Life Orb
|
|turn|5
|
|move|p1a: E. Dantes|Close Combat|p2a: Landorus
|-resisted|p2a: Landorus
|-damage|p2a: Landorus|0 fnt
|-unboost|p1a: E. Dantes|def|1
|-unboost|p1a: E. Dantes|spd|1
|-damage|p1a: E. Dantes|259\/323|[from] item: Life Orb
|faint|p2a: Landorus
|
|
|switch|p2a: Greninja|Greninja, M, shiny|285\/285
|turn|6
|
|switch|p1a: Gatorade|Rotom-Wash|304\/304
|move|p2a: Greninja|Power-Up Punch|p1a: Gatorade
|-start|p2a: Greninja|typechange|Fighting|[from] Protean
|-damage|p1a: Gatorade|261\/304
|-boost|p2a: Greninja|atk|1
|-damage|p2a: Greninja|257\/285|[from] item: Life Orb
|
|-heal|p1a: Gatorade|280\/304|[from] item: Leftovers
|turn|7
|
|move|p2a: Greninja|Gunk Shot|p1a: Gatorade
|-start|p2a: Greninja|typechange|Poison|[from] Protean
|-damage|p1a: Gatorade|85\/304
|-damage|p2a: Greninja|229\/285|[from] item: Life Orb
|move|p1a: Gatorade|Will-O-Wisp|p2a: Greninja
|-status|p2a: Greninja|brn
|
|-heal|p1a: Gatorade|104\/304|[from] item: Leftovers
|-damage|p2a: Greninja|194\/285 brn|[from] brn
|turn|8
|
|move|p2a: Greninja|Gunk Shot|p1a: Gatorade
|-damage|p1a: Gatorade|14\/304
|-status|p1a: Gatorade|psn
|-damage|p2a: Greninja|166\/285 brn|[from] item: Life Orb
|move|p1a: Gatorade|Pain Split|p2a: Greninja
|-sethp|p2a: Greninja|90\/285 brn|p1a: Gatorade|90\/304 psn|[from] move: Pain Split
|
|-heal|p1a: Gatorade|109\/304 psn|[from] item: Leftovers
|-damage|p2a: Greninja|55\/285 brn|[from] brn
|-damage|p1a: Gatorade|71\/304 psn|[from] psn
|turn|9
|
|switch|p1a: 200 kids outside|Bisharp, F|272\/272
|move|p2a: Greninja|Hydro Pump|p1a: 200 kids outside|[miss]
|-start|p2a: Greninja|typechange|Water|[from] Protean
|-miss|p2a: Greninja|p1a: 200 kids outside
|
|-damage|p2a: Greninja|20\/285 brn|[from] brn
|turn|10
|
|move|p1a: 200 kids outside|Sucker Punch|p2a: Greninja
|-damage|p2a: Greninja|0 fnt
|-damage|p1a: 200 kids outside|245\/272|[from] item: Life Orb
|faint|p2a: Greninja
|
|
|switch|p2a: Thundurus|Thundurus, M, shiny|300\/300
|turn|11
|
|move|p1a: 200 kids outside|Sucker Punch|p2a: Thundurus
|-damage|p2a: Thundurus|22\/300
|-damage|p1a: 200 kids outside|218\/272|[from] item: Life Orb
|move|p2a: Thundurus|Thunderbolt|p1a: 200 kids outside
|-damage|p1a: 200 kids outside|0 fnt
|-damage|p2a: Thundurus|0 fnt|[from] item: Life Orb
|faint|p1a: 200 kids outside
|faint|p2a: Thundurus
|
|
|switch|p1a: ovoxo|Greninja, M|257\/285
|switch|p2a: Metagross|Metagross, shiny|302\/302
|turn|12
|
|detailschange|p2a: Metagross|Metagross-Mega, shiny
|-mega|p2a: Metagross|Metagross|Metagrossite
|move|p1a: ovoxo|Dark Pulse|p2a: Metagross
|-start|p1a: ovoxo|typechange|Dark|[from] Protean
|-supereffective|p2a: Metagross
|-damage|p2a: Metagross|0 fnt
|-damage|p1a: ovoxo|229\/285|[from] item: Life Orb
|faint|p2a: Metagross
|
|
|switch|p2a: Bisharp|Bisharp, M|272\/272
|turn|13
|
|move|p1a: ovoxo|Low Kick|p2a: Bisharp
|-start|p1a: ovoxo|typechange|Fighting|[from] Protean
|-supereffective|p2a: Bisharp
|-damage|p2a: Bisharp|0 fnt
|-damage|p1a: ovoxo|201\/285|[from] item: Life Orb
|faint|p2a: Bisharp
|
|win|Mounts
|raw|Ladder updating...
|raw|Mounts's rating: 1778 &rarr; <strong>1786<\/strong><br \/>(+8 for winning)
|raw|LadderSoTall's rating: 1522 &rarr; <strong>1514<\/strong><br \/>(-8 for losing)
|leave|LadderSoTall