|join|DrReuniclus3
|join|Superior improv
|player|p1|DrReuniclus3|148
|player|p2|Superior improv|282
|gametype|singles
|gen|6
|tier|UU
|rated
|rule|Sleep Clause Mod: Limit one foe put to sleep
|rule|Species Clause: Limit one of each PokÃ©mon
|rule|OHKO Clause: OHKO moves are banned
|rule|Moody Clause: Moody is banned
|rule|Evasion Moves Clause: Evasion moves are banned
|rule|Endless Battle Clause: Forcing endless battles is banned
|rule|HP Percentage Mod: HP is shown in percentages
|clearpoke
|poke|p1|Espeon, M
|poke|p1|Porygon-Z
|poke|p1|Lucario, F
|poke|p1|Haxorus, M
|poke|p1|Sableye, F
|poke|p1|Diancie
|poke|p2|Tangrowth, M, shiny
|poke|p2|Blissey, F
|poke|p2|Granbull, M, shiny
|poke|p2|Hippowdon, F
|poke|p2|Goodra, M
|poke|p2|Tornadus, M, shiny
|rule|Swagger Clause: Swagger is banned
|rule|Baton Pass Clause: Limit one PokÃ©mon knowing Baton Pass
|teampreview
|join|GhostrickLantern
|join|BluerThanYourBoy
|
|start
|switch|p1a: Espeon|Espeon, M|334\/334
|switch|p2a: Granbull|Granbull, M, shiny|384\/384
|-ability|p2a: Granbull|Intimidate|[of] p1a: Espeon
|-unboost|p1a: Espeon|atk|1
|turn|1
|
|move|p1a: Espeon|Reflect|p1a: Espeon
|-sidestart|p1: DrReuniclus3|Reflect
|move|p2a: Granbull|Play Rough|p1a: Espeon
|-damage|p1a: Espeon|238\/334
|
|turn|2
|
|move|p1a: Espeon|Light Screen|p1a: Espeon
|-sidestart|p1: DrReuniclus3|move: Light Screen
|move|p2a: Granbull|Play Rough|p1a: Espeon
|-damage|p1a: Espeon|145\/334
|
|turn|3
|
|move|p1a: Espeon|Yawn|p2a: Granbull
|-start|p2a: Granbull|move: Yawn|[of] p1a: Espeon
|move|p2a: Granbull|Play Rough|p1a: Espeon
|-damage|p1a: Espeon|49\/334
|
|turn|4
|
|switch|p1a: Lucario|Lucario, F|281\/281
|move|p2a: Granbull|Play Rough|p1a: Lucario
|-damage|p1a: Lucario|195\/281
|
|-status|p2a: Granbull|slp
|turn|5
|
|move|p1a: Lucario|Swords Dance|p1a: Lucario
|-boost|p1a: Lucario|atk|2
|cant|p2a: Granbull|slp
|move|p2a: Granbull|Sleep Talk|p2a: Granbull
|move|p2a: Granbull|Rest|p2a: Granbull|[from]Sleep Talk
|-fail|p2a: Granbull
|
|turn|6
|
|move|p1a: Lucario|Swords Dance|p1a: Lucario
|-boost|p1a: Lucario|atk|2
|-curestatus|p2a: Granbull|slp
|move|p2a: Granbull|Sleep Talk|p2a: Granbull
|-fail|p2a: Granbull
|
|turn|7
|
|move|p1a: Lucario|Extreme Speed|p2a: Granbull
|-damage|p2a: Granbull|60\/384
|-damage|p1a: Lucario|167\/281|[from] item: Life Orb
|move|p2a: Granbull|Play Rough|p1a: Lucario
|-damage|p1a: Lucario|79\/281
|-unboost|p1a: Lucario|atk|1
|
|-heal|p2a: Granbull|84\/384|[from] item: Leftovers
|turn|8
|
|switch|p2a: Hippowdon|Hippowdon, F|420\/420
|move|p1a: Lucario|Close Combat|p2a: Hippowdon
|-damage|p2a: Hippowdon|0 fnt
|-unboost|p1a: Lucario|def|1
|-unboost|p1a: Lucario|spd|1
|-damage|p1a: Lucario|51\/281|[from] item: Life Orb
|faint|p2a: Hippowdon
|
|-sideend|p1: DrReuniclus3|Reflect
|
|switch|p2a: Tangrowth|Tangrowth, M, shiny|404\/404
|turn|9
|
|move|p1a: Lucario|Close Combat|p2a: Tangrowth
|-damage|p2a: Tangrowth|13\/404
|-unboost|p1a: Lucario|def|1
|-unboost|p1a: Lucario|spd|1
|-damage|p1a: Lucario|23\/281|[from] item: Life Orb
|move|p2a: Tangrowth|Earthquake|p1a: Lucario
|-supereffective|p1a: Lucario
|-damage|p1a: Lucario|0 fnt
|faint|p1a: Lucario
|
|-sideend|p1: DrReuniclus3|move: Light Screen
|c|âDrReuniclus3|got to go
|-message|DrReuniclus3 forfeited.
|
|win|Superior improv
|raw|Ladder updating...
|leave|DrReuniclus3
|player|p1
|raw|DrReuniclus3's rating: 1509 &rarr; <strong>1480<\/strong><br \/>(-29 for losing)
|raw|Superior improv's rating: 1322 &rarr; <strong>1352<\/strong><br \/>(+30 for winning)
|leave|GhostrickLantern