|join|DrReuniclus3
|join|Zartres10
|player|p1|DrReuniclus3|147
|player|p2|Zartres10|52
|gametype|singles
|gen|6
|tier|UU
|rated
|rule|Sleep Clause Mod: Limit one foe put to sleep
|rule|Species Clause: Limit one of each PokÃ©mon
|rule|OHKO Clause: OHKO moves are banned
|rule|Moody Clause: Moody is banned
|rule|Evasion Moves Clause: Evasion moves are banned
|rule|Endless Battle Clause: Forcing endless battles is banned
|rule|HP Percentage Mod: HP is shown in percentages
|clearpoke
|poke|p1|Zygarde
|poke|p1|Jirachi
|poke|p1|Vaporeon, F
|poke|p1|Forretress, M
|poke|p1|Entei, shiny
|poke|p1|Porygon-Z
|poke|p2|Galvantula, F
|poke|p2|Zygarde
|poke|p2|Darmanitan, F
|poke|p2|Empoleon, M
|poke|p2|Pidgeot, M
|poke|p2|Mienshao, M
|rule|Swagger Clause: Swagger is banned
|rule|Baton Pass Clause: Limit one PokÃ©mon knowing Baton Pass
|teampreview
|join|THEiTodd
|
|start
|switch|p1a: Entei|Entei, shiny|371\/371
|switch|p2a: Galvantula|Galvantula, F|281\/281
|-ability|p1a: Entei|Pressure
|turn|1
|
|move|p2a: Galvantula|Sticky Web|p1a: Entei
|-sidestart|p1: DrReuniclus3|move: Sticky Web
|move|p1a: Entei|Sacred Fire|p2a: Galvantula
|-supereffective|p2a: Galvantula
|-enditem|p2a: Galvantula|Focus Sash
|-damage|p2a: Galvantula|1\/281
|
|turn|2
|
|switch|p2a: Zygarde|Zygarde|419\/419
|-ability|p2a: Zygarde|Aura Break
|switch|p1a: Zygarde|Zygarde|407\/407
|-activate|p1a: Zygarde|move: Sticky Web
|-unboost|p1a: Zygarde|spe|1
|-ability|p1a: Zygarde|Aura Break
|
|turn|3
|
|move|p2a: Zygarde|Dragon Tail|p1a: Zygarde
|-supereffective|p1a: Zygarde
|-damage|p1a: Zygarde|249\/407
|drag|p1a: Forretress|Forretress, M|354\/354
|-activate|p1a: Forretress|move: Sticky Web
|-unboost|p1a: Forretress|spe|1
|
|turn|4
|
|move|p2a: Zygarde|Coil|p2a: Zygarde
|-boost|p2a: Zygarde|atk|1
|-boost|p2a: Zygarde|def|1
|-boost|p2a: Zygarde|accuracy|1
|move|p1a: Forretress|Rapid Spin|p2a: Zygarde
|-damage|p2a: Zygarde|411\/419
|-sideend|p1: DrReuniclus3|Sticky Web|[from] move: Rapid Spin|[of] p1a: Forretress
|
|-heal|p2a: Zygarde|419\/419|[from] item: Leftovers
|turn|5
|
|switch|p1a: Dirty Dan|Porygon-Z|311\/311
|move|p2a: Zygarde|Substitute|p2a: Zygarde
|-start|p2a: Zygarde|Substitute
|-damage|p2a: Zygarde|315\/419
|
|-heal|p2a: Zygarde|341\/419|[from] item: Leftovers
|turn|6
|
|move|p1a: Dirty Dan|Ice Beam|p2a: Zygarde
|-supereffective|p2a: Zygarde
|-end|p2a: Zygarde|Substitute
|move|p2a: Zygarde|Dragon Tail|p1a: Dirty Dan
|-damage|p1a: Dirty Dan|101\/311
|drag|p1a: Pinhead|Jirachi|341\/341
|
|-heal|p2a: Zygarde|367\/419|[from] item: Leftovers
|turn|7
|
|move|p1a: Pinhead|Trick|p2a: Zygarde
|-activate|p1a: Pinhead|move: Trick|[of] p2a: Zygarde
|-item|p2a: Zygarde|Choice Scarf|[from] move: Trick
|-item|p1a: Pinhead|Leftovers|[from] move: Trick
|move|p2a: Zygarde|Substitute|p2a: Zygarde
|-start|p2a: Zygarde|Substitute
|-damage|p2a: Zygarde|263\/419
|
|turn|8
|
|switch|p2a: Empoleon|Empoleon, M|371\/371
|switch|p1a: Zygarde|Zygarde|249\/407
|-ability|p1a: Zygarde|Aura Break
|
|-heal|p1a: Zygarde|274\/407|[from] item: Leftovers
|turn|9
|
|move|p1a: Zygarde|Substitute|p1a: Zygarde
|-start|p1a: Zygarde|Substitute
|-damage|p1a: Zygarde|173\/407
|move|p2a: Empoleon|Ice Beam|p1a: Zygarde
|-supereffective|p1a: Zygarde
|-end|p1a: Zygarde|Substitute
|
|-heal|p1a: Zygarde|198\/407|[from] item: Leftovers
|turn|10
|
|switch|p1a: Vaporeon|Vaporeon, F|451\/451
|switch|p2a: Galvantula|Galvantula, F|1\/281
|
|turn|11
|
|switch|p1a: Zygarde|Zygarde|198\/407
|-ability|p1a: Zygarde|Aura Break
|move|p2a: Galvantula|Sticky Web|p1a: Zygarde
|-sidestart|p1: DrReuniclus3|move: Sticky Web
|
|-heal|p1a: Zygarde|223\/407|[from] item: Leftovers
|turn|12
|
|move|p2a: Galvantula|Bug Buzz|p1a: Zygarde
|-damage|p1a: Zygarde|132\/407
|move|p1a: Zygarde|Earthquake|p2a: Galvantula
|-damage|p2a: Galvantula|0 fnt
|faint|p2a: Galvantula
|
|-heal|p1a: Zygarde|157\/407|[from] item: Leftovers
|
|switch|p2a: Pidgeot|Pidgeot, M|307\/307
|turn|13
|
|switch|p1a: Vaporeon|Vaporeon, F|451\/451
|-activate|p1a: Vaporeon|move: Sticky Web
|-unboost|p1a: Vaporeon|spe|1
|detailschange|p2a: Pidgeot|Pidgeot-Mega, M
|-mega|p2a: Pidgeot|Pidgeot|Pidgeotite
|move|p2a: Pidgeot|Hurricane|p1a: Vaporeon
|-damage|p1a: Vaporeon|280\/451
|-start|p1a: Vaporeon|confusion
|
|-heal|p1a: Vaporeon|308\/451|[from] item: Leftovers
|turn|14
|
|move|p2a: Pidgeot|Hurricane|p1a: Vaporeon
|-damage|p1a: Vaporeon|133\/451
|-activate|p1a: Vaporeon|confusion
|move|p1a: Vaporeon|Wish|p1a: Vaporeon
|
|-heal|p1a: Vaporeon|161\/451|[from] item: Leftovers
|turn|15
|
|switch|p1a: Zygarde|Zygarde|157\/407
|-activate|p1a: Zygarde|move: Sticky Web
|-unboost|p1a: Zygarde|spe|1
|-ability|p1a: Zygarde|Aura Break
|move|p2a: Pidgeot|Hurricane|p1a: Zygarde
|-crit|p1a: Zygarde
|-damage|p1a: Zygarde|0 fnt
|faint|p1a: Zygarde
|
|c|âDrReuniclus3|fkn
|c|âDrReuniclus3|christ
|c|âZartres10|trying out my sticky web set :)
|
|switch|p1a: Entei|Entei, shiny|371\/371
|-activate|p1a: Entei|move: Sticky Web
|-unboost|p1a: Entei|spe|1
|-ability|p1a: Entei|Pressure
|turn|16
|c|âDrReuniclus3|no
|c|âDrReuniclus3|its not that
|c|âDrReuniclus3|the crit
|c|âDrReuniclus3|was gay
|c|âZartres10|oh
|c|âZartres10|wouldnt it
|c|âZartres10|have koed?
|c|âDrReuniclus3|n
|c|âDrReuniclus3|zyggy has more spdf than vap
|
|move|p1a: Entei|Extreme Speed|p2a: Pidgeot
|-damage|p2a: Pidgeot|120\/307
|move|p2a: Pidgeot|Hurricane|p1a: Entei
|-damage|p1a: Entei|95\/371
|
|turn|17
|c|âZartres10|oh
|
|switch|p2a: Empoleon|Empoleon, M|371\/371
|move|p1a: Entei|Extreme Speed|p2a: Empoleon
|-resisted|p2a: Empoleon
|-damage|p2a: Empoleon|289\/371
|
|turn|18
|c|âDrReuniclus3|I'm mad rn
|
|switch|p1a: Vaporeon|Vaporeon, F|161\/451
|-activate|p1a: Vaporeon|move: Sticky Web
|-unboost|p1a: Vaporeon|spe|1
|switch|p2a: Mienshao|Mienshao, M|271\/271
|
|-heal|p1a: Vaporeon|189\/451|[from] item: Leftovers
|turn|19
|
|move|p1a: Vaporeon|Protect|p1a: Vaporeon
|-singleturn|p1a: Vaporeon|Protect
|move|p2a: Mienshao|Knock Off|p1a: Vaporeon
|-activate|p1a: Vaporeon|Protect
|
|-heal|p1a: Vaporeon|217\/451|[from] item: Leftovers
|turn|20
|
|switch|p1a: Forretress|Forretress, M|354\/354
|-activate|p1a: Forretress|move: Sticky Web
|-unboost|p1a: Forretress|spe|1
|move|p2a: Mienshao|High Jump Kick|p1a: Forretress
|-damage|p1a: Forretress|186\/354
|-damage|p2a: Mienshao|244\/271|[from] item: Life Orb
|
|-heal|p1a: Forretress|208\/354|[from] item: Leftovers
|turn|21
|
|move|p2a: Mienshao|Knock Off|p1a: Forretress
|-damage|p1a: Forretress|120\/354
|-enditem|p1a: Forretress|Leftovers|[from] move: Knock Off|[of] p2a: Mienshao
|-damage|p2a: Mienshao|217\/271|[from] item: Life Orb
|move|p1a: Forretress|Rapid Spin|p2a: Mienshao
|-damage|p2a: Mienshao|192\/271
|-sideend|p1: DrReuniclus3|Sticky Web|[from] move: Rapid Spin|[of] p1a: Forretress
|
|turn|22
|
|move|p2a: Mienshao|High Jump Kick|p1a: Forretress
|-damage|p1a: Forretress|0 fnt
|-damage|p2a: Mienshao|165\/271|[from] item: Life Orb
|faint|p1a: Forretress
|
|
|switch|p1a: Pinhead|Jirachi|341\/341
|turn|23
|
|move|p2a: Mienshao|U-turn|p1a: Pinhead
|-damage|p1a: Pinhead|234\/341
|-damage|p2a: Mienshao|138\/271|[from] item: Life Orb
|
|switch|p2a: Zygarde|Zygarde|263\/419
|-ability|p2a: Zygarde|Aura Break
|move|p1a: Pinhead|Zen Headbutt|p2a: Zygarde
|-damage|p2a: Zygarde|166\/419
|
|-heal|p1a: Pinhead|255\/341|[from] item: Leftovers
|turn|24
|
|move|p2a: Zygarde|Earthquake|p1a: Pinhead
|-supereffective|p1a: Pinhead
|-damage|p1a: Pinhead|0 fnt
|faint|p1a: Pinhead
|
|
|switch|p1a: Entei|Entei, shiny|95\/371
|-ability|p1a: Entei|Pressure
|turn|25
|
|switch|p2a: Empoleon|Empoleon, M|289\/371
|move|p1a: Entei|Extreme Speed|p2a: Empoleon
|-resisted|p2a: Empoleon
|-damage|p2a: Empoleon|211\/371
|
|turn|26
|
|switch|p1a: Vaporeon|Vaporeon, F|217\/451
|switch|p2a: Zygarde|Zygarde|166\/419
|-ability|p2a: Zygarde|Aura Break
|
|-heal|p1a: Vaporeon|245\/451|[from] item: Leftovers
|turn|27
|
|move|p2a: Zygarde|Earthquake|p1a: Vaporeon
|-damage|p1a: Vaporeon|79\/451
|move|p1a: Vaporeon|Wish|p1a: Vaporeon
|
|-heal|p1a: Vaporeon|107\/451|[from] item: Leftovers
|turn|28
|
|move|p1a: Vaporeon|Protect|p1a: Vaporeon
|-singleturn|p1a: Vaporeon|Protect
|move|p2a: Zygarde|Earthquake|p1a: Vaporeon
|-activate|p1a: Vaporeon|Protect
|
|-heal|p1a: Vaporeon|332\/451|[from] move: Wish|[wisher] Vaporeon
|-heal|p1a: Vaporeon|360\/451|[from] item: Leftovers
|turn|29
|
|move|p2a: Zygarde|Earthquake|p1a: Vaporeon
|-damage|p1a: Vaporeon|188\/451
|move|p1a: Vaporeon|Wish|p1a: Vaporeon
|
|-heal|p1a: Vaporeon|216\/451|[from] item: Leftovers
|turn|30
|
|switch|p2a: Mienshao|Mienshao, M|228\/271
|move|p1a: Vaporeon|Scald|p2a: Mienshao
|-damage|p2a: Mienshao|69\/271
|
|-heal|p1a: Vaporeon|441\/451|[from] move: Wish|[wisher] Vaporeon
|-heal|p1a: Vaporeon|451\/451|[from] item: Leftovers
|turn|31
|
|move|p2a: Mienshao|High Jump Kick|p1a: Vaporeon
|-damage|p1a: Vaporeon|112\/451
|-damage|p2a: Mienshao|42\/271|[from] item: Life Orb
|move|p1a: Vaporeon|Scald|p2a: Mienshao
|-damage|p2a: Mienshao|0 fnt
|faint|p2a: Mienshao
|
|-heal|p1a: Vaporeon|140\/451|[from] item: Leftovers
|
|switch|p2a: Darmanitan|Darmanitan, F|413\/413
|turn|32
|
|move|p1a: Vaporeon|Protect|p1a: Vaporeon
|-singleturn|p1a: Vaporeon|Protect
|move|p2a: Darmanitan|Rock Slide|p1a: Vaporeon
|-activate|p1a: Vaporeon|Protect
|
|-heal|p1a: Vaporeon|168\/451|[from] item: Leftovers
|turn|33
|
|switch|p1a: Dirty Dan|Porygon-Z|101\/311
|move|p2a: Darmanitan|Rock Slide|p1a: Dirty Dan
|-damage|p1a: Dirty Dan|0 fnt
|faint|p1a: Dirty Dan
|
|
|switch|p1a: Vaporeon|Vaporeon, F|168\/451
|turn|34
|
|move|p1a: Vaporeon|Protect|p1a: Vaporeon
|-singleturn|p1a: Vaporeon|Protect
|move|p2a: Darmanitan|Rock Slide|p1a: Vaporeon
|-activate|p1a: Vaporeon|Protect
|
|-heal|p1a: Vaporeon|196\/451|[from] item: Leftovers
|turn|35
|
|move|p2a: Darmanitan|Rock Slide|p1a: Vaporeon
|-damage|p1a: Vaporeon|0 fnt
|faint|p1a: Vaporeon
|
|
|switch|p1a: Entei|Entei, shiny|95\/371
|-ability|p1a: Entei|Pressure
|turn|36
|
|move|p1a: Entei|Stone Edge|p2a: Darmanitan|[miss]
|-miss|p1a: Entei|p2a: Darmanitan
|move|p2a: Darmanitan|Rock Slide|p1a: Entei
|-supereffective|p1a: Entei
|-damage|p1a: Entei|0 fnt
|faint|p1a: Entei
|
|win|Zartres10
|raw|Ladder updating...
|raw|DrReuniclus3's rating: 1489 &rarr; <strong>1471<\/strong><br \/>(-18 for losing)
|raw|Zartres10's rating: 1508 &rarr; <strong>1527<\/strong><br \/>(+19 for winning)
|c|âZartres10|gg
|c|âDrReuniclus3|no fkn gaay crit
|leave|DrReuniclus3
|c|âZartres10|sure
|player|p1