|join|DrReuniclus3
|join|Rudeman130498
|player|p1|DrReuniclus3|147
|player|p2|Rudeman130498|171
|gametype|singles
|gen|6
|tier|UU
|rule|Sleep Clause Mod: Limit one foe put to sleep
|rule|Species Clause: Limit one of each PokÃ©mon
|rule|OHKO Clause: OHKO moves are banned
|rule|Moody Clause: Moody is banned
|rule|Evasion Moves Clause: Evasion moves are banned
|rule|Endless Battle Clause: Forcing endless battles is banned
|rule|HP Percentage Mod: HP is shown in percentages
|clearpoke
|poke|p1|Lucario, F
|poke|p1|Klefki, M
|poke|p1|Diancie
|poke|p1|Volcarona, M
|poke|p1|Espeon, M
|poke|p1|Staraptor, M
|poke|p2|Escavalier, F
|poke|p2|Dragalge, M
|poke|p2|Zygarde
|poke|p2|Bronzong, shiny
|poke|p2|Florges, F
|poke|p2|Slowking, M
|rule|Swagger Clause: Swagger is banned
|rule|Baton Pass Clause: Limit one PokÃ©mon knowing Baton Pass
|teampreview
|c|âDrReuniclus3|Trick room
|join|fewefqwefqef
|c|âDrReuniclus3|I'm done
|c|âDrReuniclus3|rip
|join|MR_BrazyFlow
|join|LessThanThreeMan
|join|Chow Ming
|
|start
|switch|p1a: Staraptor|Staraptor, M|311\/311
|switch|p2a: Zygarde|Zygarde|359\/359
|-ability|p2a: Zygarde|Aura Break
|turn|1
|
|switch|p2a: Bronzong|Bronzong, shiny|338\/338
|move|p1a: Staraptor|Brave Bird|p2a: Bronzong
|-resisted|p2a: Bronzong
|-damage|p2a: Bronzong|251\/338
|-damage|p1a: Staraptor|282\/311|[from] recoil|[of] p2a: Bronzong
|
|-heal|p2a: Bronzong|272\/338|[from] item: Leftovers
|turn|2
|
|switch|p1a: Volcarona|Volcarona, M|373\/373
|move|p2a: Bronzong|Gyro Ball|p1a: Volcarona
|-resisted|p1a: Volcarona
|-damage|p1a: Volcarona|316\/373
|
|-heal|p2a: Bronzong|293\/338|[from] item: Leftovers
|turn|3
|
|move|p1a: Volcarona|Giga Drain|p2a: Bronzong
|-resisted|p2a: Bronzong
|-damage|p2a: Bronzong|259\/338
|-heal|p1a: Volcarona|333\/373|[from] drain|[of] p2a: Bronzong
|move|p2a: Bronzong|Stealth Rock|p1a: Volcarona
|-sidestart|p1: DrReuniclus3|move: Stealth Rock
|
|-heal|p2a: Bronzong|280\/338|[from] item: Leftovers
|turn|4
|join|Colbrushie
|
|switch|p2a: Dragalge|Dragalge, M|291\/291
|move|p1a: Volcarona|Quiver Dance|p1a: Volcarona
|-boost|p1a: Volcarona|spa|1
|-boost|p1a: Volcarona|spd|1
|-boost|p1a: Volcarona|spe|1
|
|turn|5
|
|move|p1a: Volcarona|Quiver Dance|p1a: Volcarona
|-boost|p1a: Volcarona|spa|1
|-boost|p1a: Volcarona|spd|1
|-boost|p1a: Volcarona|spe|1
|move|p2a: Dragalge|Sludge Wave|p1a: Volcarona
|-damage|p1a: Volcarona|181\/373
|
|turn|6
|
|move|p1a: Volcarona|Quiver Dance|p1a: Volcarona
|-boost|p1a: Volcarona|spa|1
|-boost|p1a: Volcarona|spd|1
|-boost|p1a: Volcarona|spe|1
|move|p2a: Dragalge|Sludge Wave|p1a: Volcarona
|-damage|p1a: Volcarona|59\/373
|
|turn|7
|
|move|p1a: Volcarona|Roost|p1a: Volcarona
|-heal|p1a: Volcarona|246\/373
|move|p2a: Dragalge|Sludge Wave|p1a: Volcarona
|-damage|p1a: Volcarona|128\/373
|
|turn|8
|
|move|p1a: Volcarona|Roost|p1a: Volcarona
|-heal|p1a: Volcarona|315\/373
|move|p2a: Dragalge|Sludge Wave|p1a: Volcarona
|-damage|p1a: Volcarona|187\/373
|
|turn|9
|c| Chow Ming|rest in pizza
|
|move|p1a: Volcarona|Fiery Dance|p2a: Dragalge
|-resisted|p2a: Dragalge
|-damage|p2a: Dragalge|171\/291
|move|p2a: Dragalge|Sludge Wave|p1a: Volcarona
|-damage|p1a: Volcarona|63\/373
|
|turn|10
|
|move|p1a: Volcarona|Roost|p1a: Volcarona
|-heal|p1a: Volcarona|250\/373
|move|p2a: Dragalge|Sludge Wave|p1a: Volcarona
|-damage|p1a: Volcarona|138\/373
|
|turn|11
|
|move|p1a: Volcarona|Roost|p1a: Volcarona
|-heal|p1a: Volcarona|325\/373
|move|p2a: Dragalge|Sludge Wave|p1a: Volcarona
|-damage|p1a: Volcarona|217\/373
|
|turn|12
|
|move|p1a: Volcarona|Fiery Dance|p2a: Dragalge
|-resisted|p2a: Dragalge
|-damage|p2a: Dragalge|41\/291
|move|p2a: Dragalge|Sludge Wave|p1a: Volcarona
|-damage|p1a: Volcarona|95\/373
|-status|p1a: Volcarona|psn
|-enditem|p1a: Volcarona|Lum Berry|[eat]
|-curestatus|p1a: Volcarona|psn
|
|turn|13
|join|meowiekins
|c| Colbrushie|o
|
|move|p1a: Volcarona|Fiery Dance|p2a: Dragalge
|-resisted|p2a: Dragalge
|-damage|p2a: Dragalge|0 fnt
|faint|p2a: Dragalge
|
|
|switch|p2a: Zygarde|Zygarde|359\/359
|-ability|p2a: Zygarde|Aura Break
|turn|14
|
|move|p2a: Zygarde|Extreme Speed|p1a: Volcarona
|-damage|p1a: Volcarona|0 fnt
|-damage|p2a: Zygarde|324\/359|[from] item: Life Orb
|faint|p1a: Volcarona
|
|c|âDrReuniclus3|o
|c| LessThanThreeMan|nb
|c| meowiekins|ripperoni
|c| Chow Ming|O
|c| MR_BrazyFlow|rip
|
|switch|p1a: Espeon|Espeon, M|334\/334
|-damage|p1a: Espeon|293\/334|[from] Stealth Rock
|turn|15
|
|switch|p2a: Escavalier|Escavalier, F|341\/341
|move|p1a: Espeon|Reflect|p1a: Espeon
|-sidestart|p1: DrReuniclus3|Reflect
|
|turn|16
|
|switch|p2a: Slowking|Slowking, M|394\/394
|move|p1a: Espeon|Yawn|p2a: Slowking
|-start|p2a: Slowking|move: Yawn|[of] p1a: Espeon
|
|turn|17
|
|move|p1a: Espeon|Light Screen|p1a: Espeon
|-sidestart|p1: DrReuniclus3|move: Light Screen
|move|p2a: Slowking|Trick Room|p2a: Slowking
|-fieldstart|move: Trick Room|[of] p2a: Slowking
|
|-status|p2a: Slowking|slp
|turn|18
|
|switch|p2a: Zygarde|Zygarde|324\/359
|-ability|p2a: Zygarde|Aura Break
|move|p1a: Espeon|Psychic|p2a: Zygarde
|-damage|p2a: Zygarde|173\/359
|
|turn|19
|
|switch|p2a: Florges|Florges, F|360\/360
|move|p1a: Espeon|Psychic|p2a: Florges
|-damage|p2a: Florges|281\/360
|
|-heal|p2a: Florges|303\/360|[from] item: Leftovers
|turn|20
|
|switch|p1a: Staraptor|Staraptor, M|282\/311
|-damage|p1a: Staraptor|205\/311|[from] Stealth Rock
|move|p2a: Florges|Wish|p2a: Florges
|
|-heal|p2a: Florges|325\/360|[from] item: Leftovers
|turn|21
|
|switch|p2a: Bronzong|Bronzong, shiny|280\/338
|move|p1a: Staraptor|Brave Bird|p2a: Bronzong
|-resisted|p2a: Bronzong
|-damage|p2a: Bronzong|193\/338
|-damage|p1a: Staraptor|176\/311|[from] recoil|[of] p2a: Bronzong
|
|-heal|p2a: Bronzong|338\/338|[from] move: Wish|[wisher] Florges
|-fieldend|move: Trick Room
|turn|22
|
|switch|p1a: Lucario|Lucario, F|281\/281
|-damage|p1a: Lucario|273\/281|[from] Stealth Rock
|move|p2a: Bronzong|Earthquake|p1a: Lucario
|-supereffective|p1a: Lucario
|-damage|p1a: Lucario|182\/281
|
|-sideend|p1: DrReuniclus3|Reflect
|turn|23
|join|0kay
|c|âDrReuniclus3|fuk
|c|âDrReuniclus3|reflect
|c|âDrReuniclus3|:(
|
|switch|p1a: Espeon|Espeon, M|293\/334
|-damage|p1a: Espeon|252\/334|[from] Stealth Rock
|move|p2a: Bronzong|Earthquake|p1a: Espeon
|-damage|p1a: Espeon|149\/334
|
|turn|24
|c| Chow Ming|Rektflect
|
|switch|p2a: Florges|Florges, F|325\/360
|move|p1a: Espeon|Reflect|p1a: Espeon
|-sidestart|p1: DrReuniclus3|Reflect
|
|-heal|p2a: Florges|347\/360|[from] item: Leftovers
|-sideend|p1: DrReuniclus3|move: Light Screen
|turn|25
|
|move|p1a: Espeon|Light Screen|p1a: Espeon
|-sidestart|p1: DrReuniclus3|move: Light Screen
|move|p2a: Florges|Wish|p2a: Florges
|
|-heal|p2a: Florges|360\/360|[from] item: Leftovers
|turn|26
|
|switch|p1a: Diancie|Diancie|241\/241
|-damage|p1a: Diancie|211\/241|[from] Stealth Rock
|switch|p2a: Zygarde|Zygarde|173\/359
|-ability|p2a: Zygarde|Aura Break
|
|-heal|p2a: Zygarde|353\/359|[from] move: Wish|[wisher] Florges
|turn|27
|
|switch|p2a: Escavalier|Escavalier, F|341\/341
|detailschange|p1a: Diancie|Diancie-Mega
|message|Diancie has Mega Evolved into Mega Diancie!
|move|p1a: Diancie|Moonblast|p2a: Escavalier
|-resisted|p2a: Escavalier
|-damage|p2a: Escavalier|247\/341
|-unboost|p2a: Escavalier|spa|1
|
|-heal|p2a: Escavalier|268\/341|[from] item: Leftovers
|turn|28
|join|EyanTeamTest
|
|move|p1a: Diancie|Hidden Power|p2a: Escavalier
|-supereffective|p2a: Escavalier
|-damage|p2a: Escavalier|0 fnt
|faint|p2a: Escavalier
|
|c|âDrReuniclus3|I'm sorry
|
|switch|p2a: Bronzong|Bronzong, shiny|338\/338
|turn|29
|c|âDrReuniclus3|for being bad
|
|move|p1a: Diancie|Hidden Power|p2a: Bronzong
|-supereffective|p2a: Bronzong
|-damage|p2a: Bronzong|184\/338
|move|p2a: Bronzong|Gyro Ball|p1a: Diancie
|-supereffective|p1a: Diancie
|-damage|p1a: Diancie|0 fnt
|faint|p1a: Diancie
|
|-heal|p2a: Bronzong|205\/338|[from] item: Leftovers
|join|THE_iTodd
|c| THE_iTodd|bae
|
|switch|p1a: Lucario|Lucario, F|182\/281
|-damage|p1a: Lucario|174\/281|[from] Stealth Rock
|turn|30
|c| THE_iTodd|win
|c| THE_iTodd|^_^
|c| MR_BrazyFlow|saw that coming
|c|âDrReuniclus3|Lol
|c|âDrReuniclus3|I'm about to lose
|c|âDrReuniclus3|bad
|c| THE_iTodd|nooo
|
|move|p1a: Lucario|Swords Dance|p1a: Lucario
|-boost|p1a: Lucario|atk|2
|move|p2a: Bronzong|Earthquake|p1a: Lucario
|-supereffective|p1a: Lucario
|-damage|p1a: Lucario|76\/281
|
|-heal|p2a: Bronzong|226\/338|[from] item: Leftovers
|turn|31
|c| THE_iTodd|you're not
|
|switch|p2a: Florges|Florges, F|360\/360
|move|p1a: Lucario|Close Combat|p2a: Florges
|-resisted|p2a: Florges
|-damage|p2a: Florges|91\/360
|-unboost|p1a: Lucario|def|1
|-unboost|p1a: Lucario|spd|1
|-damage|p1a: Lucario|48\/281|[from] item: Life Orb
|
|-heal|p2a: Florges|113\/360|[from] item: Leftovers
|-sideend|p1: DrReuniclus3|Reflect
|turn|32
|
|move|p1a: Lucario|Close Combat|p2a: Florges
|-resisted|p2a: Florges
|-damage|p2a: Florges|0 fnt
|-unboost|p1a: Lucario|def|1
|-unboost|p1a: Lucario|spd|1
|-damage|p1a: Lucario|20\/281|[from] item: Life Orb
|faint|p2a: Florges
|
|-sideend|p1: DrReuniclus3|move: Light Screen
|
|switch|p2a: Zygarde|Zygarde|353\/359
|-ability|p2a: Zygarde|Aura Break
|turn|33
|
|switch|p2a: Bronzong|Bronzong, shiny|226\/338
|move|p1a: Lucario|Extreme Speed|p2a: Bronzong
|-resisted|p2a: Bronzong
|-damage|p2a: Bronzong|145\/338
|-damage|p1a: Lucario|0 fnt|[from] item: Life Orb
|faint|p1a: Lucario
|
|-heal|p2a: Bronzong|166\/338|[from] item: Leftovers
|c|âDrReuniclus3|o
|c|âDrReuniclus3|rip
|c| THE_iTodd|lol
|c| MR_BrazyFlow|the predictions
|c| THE_iTodd|you're too good for him
|c| THE_iTodd|imo
|c|âDrReuniclus3|I lose rn
|c|âDrReuniclus3|tbh
|
|switch|p1a: Klefki|Klefki, M|318\/318
|-damage|p1a: Klefki|299\/318|[from] Stealth Rock
|turn|34
|
|move|p1a: Klefki|Reflect|p1a: Klefki
|-sidestart|p1: DrReuniclus3|Reflect
|move|p2a: Bronzong|Earthquake|p1a: Klefki
|-supereffective|p1a: Klefki
|-damage|p1a: Klefki|229\/318
|
|-heal|p2a: Bronzong|187\/338|[from] item: Leftovers
|turn|35
|
|switch|p2a: Zygarde|Zygarde|353\/359
|-ability|p2a: Zygarde|Aura Break
|move|p1a: Klefki|Spikes|p2a: Zygarde
|-sidestart|p2: Rudeman130498|Spikes
|
|turn|36
|c|âDrReuniclus3|now he ddances and wins yes?
|
|switch|p1a: Staraptor|Staraptor, M|176\/311
|-damage|p1a: Staraptor|99\/311|[from] Stealth Rock
|move|p2a: Zygarde|Dragon Dance|p2a: Zygarde
|-boost|p2a: Zygarde|atk|1
|-boost|p2a: Zygarde|spe|1
|
|turn|37
|c|âRudeman130498|may
|c|âRudeman130498|b
|c| THE_iTodd|yes
|
|move|p2a: Zygarde|Extreme Speed|p1a: Staraptor
|-crit|p1a: Staraptor
|-damage|p1a: Staraptor|0 fnt
|-damage|p2a: Zygarde|318\/359|[from] item: Life Orb
|faint|p1a: Staraptor
|
|c| THE_iTodd|rip
|c| THE_iTodd|crit
|c| THE_iTodd|imo
|
|switch|p1a: Espeon|Espeon, M|149\/334
|-damage|p1a: Espeon|108\/334|[from] Stealth Rock
|turn|38
|c| Colbrushie|mattered imo
|
|move|p2a: Zygarde|Earthquake|p1a: Espeon
|-damage|p1a: Espeon|0 fnt
|-damage|p2a: Zygarde|283\/359|[from] item: Life Orb
|faint|p1a: Espeon
|
|c| MR_BrazyFlow|gg
|
|switch|p1a: Klefki|Klefki, M|229\/318
|-damage|p1a: Klefki|210\/318|[from] Stealth Rock
|turn|39
|c|âDrReuniclus3|Its w\/e
|c|âDrReuniclus3|I don't think it did
|
|move|p1a: Klefki|Spikes|p2a: Zygarde
|-sidestart|p2: Rudeman130498|Spikes
|move|p2a: Zygarde|Earthquake|p1a: Klefki
|-supereffective|p1a: Klefki
|-damage|p1a: Klefki|0 fnt
|-damage|p2a: Zygarde|248\/359|[from] item: Life Orb
|faint|p1a: Klefki
|
|win|Rudeman130498
|c|âDrReuniclus3|gg
|c|âRudeman130498|gg