|join|DrReuniclus3
|join|shonsp
|player|p1|DrReuniclus3|148
|player|p2|shonsp|101
|gametype|singles
|gen|6
|tier|UU
|rule|Sleep Clause Mod: Limit one foe put to sleep
|rule|Species Clause: Limit one of each PokÃ©mon
|rule|OHKO Clause: OHKO moves are banned
|rule|Moody Clause: Moody is banned
|rule|Evasion Moves Clause: Evasion moves are banned
|rule|Endless Battle Clause: Forcing endless battles is banned
|rule|HP Percentage Mod: HP is shown in percentages
|clearpoke
|poke|p1|Diancie
|poke|p1|Metagross
|poke|p1|Ampharos, M
|poke|p1|Dusclops, F
|poke|p1|Reuniclus, F
|poke|p1|Rhyperior, M
|poke|p2|Umbreon, F
|poke|p2|Darmanitan, M
|poke|p2|Sawk, M
|poke|p2|Hippowdon, F
|poke|p2|Porygon-Z
|poke|p2|Hydreigon, M
|rule|Swagger Clause: Swagger is banned
|rule|Baton Pass Clause: Limit one PokÃ©mon knowing Baton Pass
|teampreview
|join|sirpekoman
|
|start
|switch|p1a: Diancie|Diancie|303\/303
|switch|p2a: Hippowdon|Hippowdon, F|420\/420
|turn|1
|join|Rocket_12
|
|move|p2a: Hippowdon|Earthquake|p1a: Diancie
|-supereffective|p1a: Diancie
|-damage|p1a: Diancie|145\/303
|move|p1a: Diancie|Stealth Rock|p2a: Hippowdon
|-sidestart|p2: shonsp|move: Stealth Rock
|
|-heal|p1a: Diancie|163\/303|[from] item: Leftovers
|turn|2
|
|switch|p1a: Dusclops|Dusclops, F|284\/284
|-item|p2a: Hippowdon|Leftovers|[from] ability: Frisk|[of] p1a: Dusclops|[identify]
|move|p2a: Hippowdon|Earthquake|p1a: Dusclops
|-damage|p1a: Dusclops|224\/284
|
|turn|3
|
|move|p2a: Hippowdon|Stealth Rock|p1a: Dusclops
|-sidestart|p1: DrReuniclus3|move: Stealth Rock
|move|p1a: Dusclops|Will-O-Wisp|p2a: Hippowdon
|-status|p2a: Hippowdon|brn
|
|-damage|p2a: Hippowdon|368\/420 brn|[from] brn
|turn|4
|join|RedHydra
|join|AKOPOPINOY
|join|Moea
|
|switch|p2a: Umbreon|Umbreon, F|394\/394
|-damage|p2a: Umbreon|345\/394|[from] Stealth Rock
|move|p1a: Dusclops|Trick Room|p1a: Dusclops
|-fieldstart|move: Trick Room|[of] p1a: Dusclops
|
|-heal|p2a: Umbreon|369\/394|[from] item: Leftovers
|turn|5
|c| sirpekoman|shouldnt have stayed in
|
|switch|p1a: Rhyperior|Rhyperior, M|434\/434
|-damage|p1a: Rhyperior|407\/434|[from] Stealth Rock
|move|p2a: Umbreon|Toxic|p1a: Rhyperior|[miss]
|-miss|p2a: Umbreon|p1a: Rhyperior
|
|-heal|p2a: Umbreon|393\/394|[from] item: Leftovers
|turn|6
|
|switch|p2a: Hippowdon|Hippowdon, F|368\/420 brn
|-damage|p2a: Hippowdon|342\/420 brn|[from] Stealth Rock
|move|p1a: Rhyperior|Megahorn|p2a: Hippowdon
|-damage|p2a: Hippowdon|208\/420 brn
|-damage|p1a: Rhyperior|364\/434|[from] item: Life Orb
|
|-heal|p2a: Hippowdon|234\/420 brn|[from] item: Leftovers
|-damage|p2a: Hippowdon|182\/420 brn|[from] brn
|turn|7
|
|move|p1a: Rhyperior|Earthquake|p2a: Hippowdon
|-damage|p2a: Hippowdon|13\/420 brn
|-damage|p1a: Rhyperior|321\/434|[from] item: Life Orb
|move|p2a: Hippowdon|Slack Off|p2a: Hippowdon
|-heal|p2a: Hippowdon|223\/420 brn
|
|-heal|p2a: Hippowdon|249\/420 brn|[from] item: Leftovers
|-damage|p2a: Hippowdon|197\/420 brn|[from] brn
|turn|8
|
|switch|p1a: Reuniclus|Reuniclus, F|424\/424
|move|p2a: Hippowdon|Slack Off|p2a: Hippowdon
|-heal|p2a: Hippowdon|407\/420 brn
|
|-heal|p2a: Hippowdon|420\/420 brn|[from] item: Leftovers
|-damage|p2a: Hippowdon|368\/420 brn|[from] brn
|-fieldend|move: Trick Room
|turn|9
|
|switch|p2a: Umbreon|Umbreon, F|393\/394
|-damage|p2a: Umbreon|344\/394|[from] Stealth Rock
|move|p1a: Reuniclus|Calm Mind|p1a: Reuniclus
|-boost|p1a: Reuniclus|spa|1
|-boost|p1a: Reuniclus|spd|1
|
|-heal|p2a: Umbreon|368\/394|[from] item: Leftovers
|turn|10
|join|sieke
|
|move|p2a: Umbreon|Foul Play|p1a: Reuniclus
|-supereffective|p1a: Reuniclus
|-damage|p1a: Reuniclus|298\/424
|move|p1a: Reuniclus|Calm Mind|p1a: Reuniclus
|-boost|p1a: Reuniclus|spa|1
|-boost|p1a: Reuniclus|spd|1
|
|-heal|p2a: Umbreon|392\/394|[from] item: Leftovers
|-heal|p1a: Reuniclus|324\/424|[from] item: Leftovers
|turn|11
|
|move|p2a: Umbreon|Foul Play|p1a: Reuniclus
|-supereffective|p1a: Reuniclus
|-damage|p1a: Reuniclus|204\/424
|move|p1a: Reuniclus|Recover|p1a: Reuniclus
|-heal|p1a: Reuniclus|416\/424
|
|-heal|p2a: Umbreon|394\/394|[from] item: Leftovers
|-heal|p1a: Reuniclus|424\/424|[from] item: Leftovers
|turn|12
|
|switch|p2a: Porygon-Z|Porygon-Z|374\/374
|-damage|p2a: Porygon-Z|328\/374|[from] Stealth Rock
|move|p1a: Reuniclus|Calm Mind|p1a: Reuniclus
|-boost|p1a: Reuniclus|spa|1
|-boost|p1a: Reuniclus|spd|1
|
|turn|13
|
|move|p2a: Porygon-Z|Tri Attack|p1a: Reuniclus
|-damage|p1a: Reuniclus|278\/424
|move|p1a: Reuniclus|Focus Blast|p2a: Porygon-Z
|-supereffective|p2a: Porygon-Z
|-damage|p2a: Porygon-Z|0 fnt
|faint|p2a: Porygon-Z
|
|-heal|p1a: Reuniclus|304\/424|[from] item: Leftovers
|
|switch|p2a: Darmanitan|Darmanitan, M|351\/351
|-damage|p2a: Darmanitan|264\/351|[from] Stealth Rock
|turn|14
|
|move|p2a: Darmanitan|Flare Blitz|p1a: Reuniclus
|-crit|p1a: Reuniclus
|-damage|p1a: Reuniclus|0 fnt
|-damage|p2a: Darmanitan|164\/351|[from] recoil|[of] p1a: Reuniclus
|faint|p1a: Reuniclus
|
|c| sirpekoman|the powa
|c|âDrReuniclus3|the crit
|c| Moea|ya
|
|switch|p1a: Diancie|Diancie|163\/303
|-damage|p1a: Diancie|126\/303|[from] Stealth Rock
|turn|15
|
|switch|p2a: Hippowdon|Hippowdon, F|368\/420 brn
|-damage|p2a: Hippowdon|342\/420 brn|[from] Stealth Rock
|move|p1a: Diancie|Trick Room|p1a: Diancie
|-fieldstart|move: Trick Room|[of] p1a: Diancie
|
|-heal|p1a: Diancie|144\/303|[from] item: Leftovers
|-heal|p2a: Hippowdon|368\/420 brn|[from] item: Leftovers
|-damage|p2a: Hippowdon|316\/420 brn|[from] brn
|turn|16
|
|switch|p2a: Umbreon|Umbreon, F|394\/394
|-damage|p2a: Umbreon|345\/394|[from] Stealth Rock
|move|p1a: Diancie|Moonblast|p2a: Umbreon
|-supereffective|p2a: Umbreon
|-damage|p2a: Umbreon|205\/394
|
|-heal|p1a: Diancie|162\/303|[from] item: Leftovers
|-heal|p2a: Umbreon|229\/394|[from] item: Leftovers
|turn|17
|join|jordanlad
|c| Moea|a sand frce hippo?
|
|move|p1a: Diancie|Moonblast|p2a: Umbreon
|-supereffective|p2a: Umbreon
|-damage|p2a: Umbreon|101\/394
|-unboost|p2a: Umbreon|spa|1
|move|p2a: Umbreon|Wish|p2a: Umbreon
|
|-heal|p1a: Diancie|180\/303|[from] item: Leftovers
|-heal|p2a: Umbreon|125\/394|[from] item: Leftovers
|turn|18
|c| sirpekoman|ugggggg
|c| Moea|interesting
|c|âDrReuniclus3|He just doesn't want sand to hurt his team
|
|move|p2a: Umbreon|Protect|p2a: Umbreon
|-singleturn|p2a: Umbreon|Protect
|move|p1a: Diancie|Moonblast|p2a: Umbreon
|-activate|p2a: Umbreon|Protect
|
|-heal|p2a: Umbreon|322\/394|[from] move: Wish|[wisher] Umbreon
|-heal|p1a: Diancie|198\/303|[from] item: Leftovers
|-heal|p2a: Umbreon|346\/394|[from] item: Leftovers
|turn|19
|c| Moea|i see
|
|move|p1a: Diancie|Moonblast|p2a: Umbreon
|-supereffective|p2a: Umbreon
|-damage|p2a: Umbreon|206\/394
|move|p2a: Umbreon|Wish|p2a: Umbreon
|
|-heal|p1a: Diancie|216\/303|[from] item: Leftovers
|-heal|p2a: Umbreon|230\/394|[from] item: Leftovers
|-fieldend|move: Trick Room
|turn|20
|
|switch|p2a: Darmanitan|Darmanitan, M|164\/351
|-damage|p2a: Darmanitan|77\/351|[from] Stealth Rock
|move|p1a: Diancie|Trick Room|p1a: Diancie
|-fieldstart|move: Trick Room|[of] p1a: Diancie
|
|-heal|p2a: Darmanitan|274\/351|[from] move: Wish|[wisher] Umbreon
|-heal|p1a: Diancie|234\/303|[from] item: Leftovers
|turn|21
|
|switch|p2a: Hippowdon|Hippowdon, F|316\/420 brn
|-damage|p2a: Hippowdon|290\/420 brn|[from] Stealth Rock
|move|p1a: Diancie|Explosion|p2a: Hippowdon
|-damage|p2a: Hippowdon|168\/420 brn
|faint|p1a: Diancie
|
|-heal|p2a: Hippowdon|194\/420 brn|[from] item: Leftovers
|-damage|p2a: Hippowdon|142\/420 brn|[from] brn
|c| jordanlad|lols
|c| jordanlad|exploison doe
|c| sirpekoman|cant watch this
|
|switch|p1a: Rhyperior|Rhyperior, M|321\/434
|-damage|p1a: Rhyperior|294\/434|[from] Stealth Rock
|turn|22
|
|move|p1a: Rhyperior|Aqua Tail|p2a: Hippowdon
|-crit|p2a: Hippowdon
|-supereffective|p2a: Hippowdon
|-damage|p2a: Hippowdon|0 fnt
|-damage|p1a: Rhyperior|251\/434|[from] item: Life Orb
|faint|p2a: Hippowdon
|
|
|switch|p2a: Hydreigon|Hydreigon, M|325\/325
|-damage|p2a: Hydreigon|285\/325|[from] Stealth Rock
|turn|23
|
|switch|p2a: Sawk|Sawk, M|291\/291
|-damage|p2a: Sawk|273\/291|[from] Stealth Rock
|move|p1a: Rhyperior|Megahorn|p2a: Sawk
|-resisted|p2a: Sawk
|-damage|p2a: Sawk|126\/291
|-damage|p1a: Rhyperior|208\/434|[from] item: Life Orb
|
|turn|24
|
|move|p1a: Rhyperior|Megahorn|p2a: Sawk
|-resisted|p2a: Sawk
|-damage|p2a: Sawk|0 fnt
|-damage|p1a: Rhyperior|165\/434|[from] item: Life Orb
|faint|p2a: Sawk
|
|-fieldend|move: Trick Room
|join|TheDadofFlow
|c| sirpekoman|how
|leave|Rocket_12
|c| jordanlad|whole entire team based around trick room
|c| jordanlad|lels
|join|Bloodz
|c| jordanlad|bloood
|
|switch|p2a: Hydreigon|Hydreigon, M|285\/325
|-damage|p2a: Hydreigon|245\/325|[from] Stealth Rock
|turn|25
|
|move|p2a: Hydreigon|Draco Meteor|p1a: Rhyperior
|-damage|p1a: Rhyperior|0 fnt
|-unboost|p2a: Hydreigon|spa|2
|faint|p1a: Rhyperior
|
|
|switch|p1a: Dusclops|Dusclops, F|224\/284
|-damage|p1a: Dusclops|189\/284|[from] Stealth Rock
|-item|p2a: Hydreigon|Choice Scarf|[from] ability: Frisk|[of] p1a: Dusclops|[identify]
|turn|26
|c| sirpekoman|how was rhyperior faster?
|c| jordanlad|trick room
|c| jordanlad|specsdreigon> scarfdreigon
|c| sirpekoman|COrrect^
|c|âDrReuniclus3|n
|c|âDrReuniclus3|depends
|c|âDrReuniclus3|on what the team needs
|c|âDrReuniclus3|and wallbreaker hydra ftw
|c| sirpekoman|shouldve used dark pulse
|
|move|p2a: Hydreigon|Draco Meteor|p1a: Dusclops
|-damage|p1a: Dusclops|135\/284
|-unboost|p2a: Hydreigon|spa|2
|move|p1a: Dusclops|Trick Room|p1a: Dusclops
|-fieldstart|move: Trick Room|[of] p1a: Dusclops
|
|turn|27
|
|switch|p1a: Metagross|Metagross|364\/364
|-damage|p1a: Metagross|342\/364|[from] Stealth Rock
|switch|p2a: Umbreon|Umbreon, F|230\/394
|-damage|p2a: Umbreon|181\/394|[from] Stealth Rock
|
|-heal|p2a: Umbreon|205\/394|[from] item: Leftovers
|turn|28
|c| jordanlad|trick room every poke
|c| jordanlad|dis guy 
|c| jordanlad|xd
|c| sirpekoman|gah lee
|
|move|p2a: Umbreon|Protect|p2a: Umbreon
|-singleturn|p2a: Umbreon|Protect
|move|p1a: Metagross|Meteor Mash|p2a: Umbreon
|-activate|p2a: Umbreon|Protect
|
|-heal|p2a: Umbreon|229\/394|[from] item: Leftovers
|turn|29
|leave|Bloodz
|
|move|p2a: Umbreon|Wish|p2a: Umbreon
|move|p1a: Metagross|Meteor Mash|p2a: Umbreon
|-damage|p2a: Umbreon|67\/394
|
|-heal|p2a: Umbreon|91\/394|[from] item: Leftovers
|turn|30
|
|move|p2a: Umbreon|Protect|p2a: Umbreon
|-singleturn|p2a: Umbreon|Protect
|move|p1a: Metagross|Meteor Mash|p2a: Umbreon
|-activate|p2a: Umbreon|Protect
|
|-heal|p2a: Umbreon|288\/394|[from] move: Wish|[wisher] Umbreon
|-heal|p2a: Umbreon|312\/394|[from] item: Leftovers
|-fieldend|move: Trick Room
|turn|31
|c| sirpekoman|protect
|c| sirpekoman|obv
|
|move|p1a: Metagross|Meteor Mash|p2a: Umbreon
|-damage|p2a: Umbreon|152\/394
|move|p2a: Umbreon|Wish|p2a: Umbreon
|
|-heal|p2a: Umbreon|176\/394|[from] item: Leftovers
|turn|32
|c| jordanlad|umbreon 2 slow 5 u
|
|move|p1a: Metagross|Meteor Mash|p2a: Umbreon|[miss]
|-miss|p1a: Metagross|p2a: Umbreon
|move|p2a: Umbreon|Foul Play|p1a: Metagross
|-supereffective|p1a: Metagross
|-damage|p1a: Metagross|40\/364
|-enditem|p1a: Metagross|Weakness Policy
|-boost|p1a: Metagross|atk|2|[from] item: Weakness Policy
|-boost|p1a: Metagross|spa|2|[from] item: Weakness Policy
|
|-heal|p2a: Umbreon|373\/394|[from] move: Wish|[wisher] Umbreon
|-heal|p2a: Umbreon|394\/394|[from] item: Leftovers
|turn|33
|c|âDrReuniclus3|this is cool
|c|âDrReuniclus3|nice n miss
|c|âDrReuniclus3|now I can't kill
|c| jordanlad|xd
|c|âDrReuniclus3|such bull
|c| sirpekoman|that item
|c| jordanlad|yeah
|
|move|p1a: Metagross|Meteor Mash|p2a: Umbreon
|-damage|p2a: Umbreon|78\/394
|move|p2a: Umbreon|Foul Play|p1a: Metagross
|-supereffective|p1a: Metagross
|-damage|p1a: Metagross|0 fnt
|faint|p1a: Metagross
|
|-heal|p2a: Umbreon|102\/394|[from] item: Leftovers
|c| jordanlad|miss fucked u over
|leave|AKOPOPINOY
|
|switch|p1a: Dusclops|Dusclops, F|135\/284
|-damage|p1a: Dusclops|100\/284|[from] Stealth Rock
|-item|p2a: Umbreon|Leftovers|[from] ability: Frisk|[of] p1a: Dusclops|[identify]
|turn|34
|
|move|p2a: Umbreon|Wish|p2a: Umbreon
|move|p1a: Dusclops|Trick Room|p1a: Dusclops
|-fieldstart|move: Trick Room|[of] p1a: Dusclops
|
|-heal|p2a: Umbreon|126\/394|[from] item: Leftovers
|turn|35
|join|SCIPST1022
|
|switch|p1a: Ampharos|Ampharos, M|384\/384
|-damage|p1a: Ampharos|336\/384|[from] Stealth Rock
|move|p2a: Umbreon|Toxic|p1a: Ampharos
|-status|p1a: Ampharos|tox
|
|-heal|p2a: Umbreon|323\/394|[from] move: Wish|[wisher] Umbreon
|-heal|p2a: Umbreon|347\/394|[from] item: Leftovers
|-damage|p1a: Ampharos|312\/384 tox|[from] psn
|turn|36
|c| jordanlad|why set up tirck room
|c| jordanlad|umbreon probably slowrer
|
|detailschange|p1a: Ampharos|Ampharos-Mega, M
|message|Ampharos has Mega Evolved into Mega Ampharos!
|-ability|p1a: Ampharos|Mold Breaker
|move|p2a: Umbreon|Protect|p2a: Umbreon
|-singleturn|p2a: Umbreon|Protect
|move|p1a: Ampharos|Heal Bell|p1a: Ampharos
|-cureteam|p1a: Ampharos|[from] move: HealBell
|
|-heal|p2a: Umbreon|371\/394|[from] item: Leftovers
|turn|37
|c| sirpekoman|thats what im saying
|c| jordanlad|just screwing urself more
|c| sirpekoman|did you not have an attack to kill umbreon
|join|DarthBlackOps
|c|âDrReuniclus3|Its fucking dusclops
|c| jordanlad|yeah
|c|âDrReuniclus3|I should've killed it with metagross
|c| jordanlad|but ur switching to ampharos
|c|âDrReuniclus3|anyways
|c| jordanlad|lols
|
|move|p1a: Ampharos|Focus Blast|p2a: Umbreon
|-supereffective|p2a: Umbreon
|-damage|p2a: Umbreon|127\/394
|move|p2a: Umbreon|Toxic|p1a: Ampharos
|-status|p1a: Ampharos|tox
|
|-heal|p2a: Umbreon|151\/394|[from] item: Leftovers
|-damage|p1a: Ampharos|288\/384 tox|[from] psn
|turn|38
|c| jordanlad|oh
|
|move|p1a: Ampharos|Heal Bell|p1a: Ampharos
|-cureteam|p1a: Ampharos|[from] move: HealBell
|move|p2a: Umbreon|Wish|p2a: Umbreon
|
|-heal|p2a: Umbreon|175\/394|[from] item: Leftovers
|-fieldend|move: Trick Room
|turn|39
|c| jordanlad|amp is slower 
|
|move|p2a: Umbreon|Protect|p2a: Umbreon
|-singleturn|p2a: Umbreon|Protect
|move|p1a: Ampharos|Focus Blast|p2a: Umbreon
|-activate|p2a: Umbreon|Protect
|
|-heal|p2a: Umbreon|372\/394|[from] move: Wish|[wisher] Umbreon
|-heal|p2a: Umbreon|394\/394|[from] item: Leftovers
|turn|40
|c| jordanlad|r u silly
|c| sirpekoman|ive seen dusclops with fighting move my b man
|c| jordanlad|shoulda focus blasted again than heal bell
|
|move|p2a: Umbreon|Toxic|p1a: Ampharos
|-status|p1a: Ampharos|tox
|move|p1a: Ampharos|Focus Blast|p2a: Umbreon|[miss]
|-miss|p1a: Ampharos|p2a: Umbreon
|
|-damage|p1a: Ampharos|264\/384 tox|[from] psn
|turn|41
|c| jordanlad|lels
|join|jayarceus29
|join|Applemint
|c| jordanlad|jaay
|c|âDrReuniclus3|Metagross miss lost me the game
|leave|DarthBlackOps
|leave|SCIPST1022
|c| jordanlad|not really
|
|move|p2a: Umbreon|Foul Play|p1a: Ampharos
|-damage|p1a: Ampharos|174\/384 tox
|move|p1a: Ampharos|Heal Bell|p1a: Ampharos
|-cureteam|p1a: Ampharos|[from] move: HealBell
|
|turn|42
|c| jordanlad|coulda taken out umbreon just than
|c| jordanlad|and 
|
|move|p2a: Umbreon|Toxic|p1a: Ampharos|[miss]
|-miss|p2a: Umbreon|p1a: Ampharos
|move|p1a: Ampharos|Focus Blast|p2a: Umbreon
|-supereffective|p2a: Umbreon
|-damage|p2a: Umbreon|166\/394
|
|-heal|p2a: Umbreon|190\/394|[from] item: Leftovers
|turn|43
|c| jordanlad|metagross woulda been taken out next turn
|c| jordanlad|cause tirkc room was finished
|c| sirpekoman|nah i bet he wouldve won
|
|move|p2a: Umbreon|Toxic|p1a: Ampharos
|-status|p1a: Ampharos|tox
|move|p1a: Ampharos|Focus Blast|p2a: Umbreon
|-supereffective|p2a: Umbreon
|-damage|p2a: Umbreon|0 fnt
|faint|p2a: Umbreon
|
|-damage|p1a: Ampharos|150\/384 tox|[from] psn
|c| jordanlad|would be in the same situation his in now
|
|switch|p2a: Hydreigon|Hydreigon, M|245\/325
|-damage|p2a: Hydreigon|205\/325|[from] Stealth Rock
|turn|44
|c|âDrReuniclus3|n
|c| jordanlad|just screwing up lols
|c| sirpekoman|i honestly thought dr had it this whole game
|c|âDrReuniclus3|I did
|c|âDrReuniclus3|then meta missed
|c|âDrReuniclus3|and I lost
|c| jordanlad|did noot mattterr duuuudeeee
|c| jayarceus29|hey
|c| jayarceus29|jordanlad
|c|âDrReuniclus3|Jordan you're bad you obviously have never played uu
|c| sirpekoman|he couldve tricked with dusclops
|c| jordanlad|but he wouldnt of
|c| jordanlad|he woulda stayed cause weakness policy was activated
|
|switch|p1a: Dusclops|Dusclops, F|100\/284
|-damage|p1a: Dusclops|65\/284|[from] Stealth Rock
|-item|p2a: Hydreigon|Choice Scarf|[from] ability: Frisk|[of] p1a: Dusclops|[identify]
|move|p2a: Hydreigon|Dark Pulse|p1a: Dusclops
|-supereffective|p1a: Dusclops
|-damage|p1a: Dusclops|0 fnt
|faint|p1a: Dusclops
|
|c| jordanlad|and it woulda died cause trick room ended
|c| jordanlad|lels
|
|switch|p1a: Ampharos|Ampharos-Mega, M|150\/384 tox
|-damage|p1a: Ampharos|102\/384 tox|[from] Stealth Rock
|-ability|p1a: Ampharos|Mold Breaker
|turn|45
|c| jayarceus29|wut
|join|punterope
|c| jordanlad|you lost yourself the game
|c|âDrReuniclus3|It kills amphy anyways
|c| jordanlad|not the miss
|c|âDrReuniclus3|tbh
|join|yanmega op
|c| sirpekoman|jordan lets go to shons game after to commentate
|
|move|p2a: Hydreigon|Dark Pulse|p1a: Ampharos
|-damage|p1a: Ampharos|0 fnt
|faint|p1a: Ampharos
|
|win|shonsp
|c|âshonsp|gg
|leave|sieke
|c|âDrReuniclus3|Bad game
|leave|shonsp
|player|p2
|c| jordanlad|kk
|leave|DrReuniclus3
|player|p1
|leave|jordanlad
|leave|yanmega op
|leave|sirpekoman
|leave|jayarceus29