|join|Vaporeon for Ubers
|join|DrReuniclus3
|player|p1|Vaporeon for Ubers|#cpgtan
|player|p2|DrReuniclus3|147
|gametype|singles
|gen|6
|tier|UU
|rule|Sleep Clause Mod: Limit one foe put to sleep
|rule|Species Clause: Limit one of each PokÃ©mon
|rule|OHKO Clause: OHKO moves are banned
|rule|Moody Clause: Moody is banned
|rule|Evasion Moves Clause: Evasion moves are banned
|rule|Endless Battle Clause: Forcing endless battles is banned
|rule|HP Percentage Mod: HP is shown in percentages
|clearpoke
|poke|p1|Machamp, F
|poke|p1|Jirachi
|poke|p1|Vaporeon, F
|poke|p1|Crobat, M
|poke|p1|Hydreigon, M
|poke|p1|Nidoqueen, F
|poke|p2|Zygarde
|poke|p2|Jirachi
|poke|p2|Vaporeon, F
|poke|p2|Forretress, M
|poke|p2|Entei, shiny
|poke|p2|Porygon-Z
|rule|Swagger Clause: Swagger is banned
|rule|Baton Pass Clause: Limit one PokÃ©mon knowing Baton Pass
|teampreview
|c|âDrReuniclus3|hi
|join|newfren
|c|âVaporeon for Ubers|yo
|c|âVaporeon for Ubers|gl hf
|c|âDrReuniclus3|u 2
|
|start
|switch|p1a: champ'ed what els|Machamp, F|343\/343
|switch|p2a: Porygon-Z|Porygon-Z|311\/311
|turn|1
|
|move|p2a: Porygon-Z|Tri Attack|p1a: champ'ed what els
|-damage|p1a: champ'ed what els|1\/343
|move|p1a: champ'ed what els|Close Combat|p2a: Porygon-Z
|-supereffective|p2a: Porygon-Z
|-damage|p2a: Porygon-Z|0 fnt
|-unboost|p1a: champ'ed what els|def|1
|-unboost|p1a: champ'ed what els|spd|1
|faint|p2a: Porygon-Z
|
|c|âVaporeon for Ubers|yum
|c|âDrReuniclus3|ez
|c|âDrReuniclus3|live
|c|âDrReuniclus3|ofc
|c|âVaporeon for Ubers|de
|c|âVaporeon for Ubers|lish
|c|âVaporeon for Ubers|i ev'd to guarantee live that :^
|c|âVaporeon for Ubers|jk lmop
|c|âDrReuniclus3|:(
|c|âDrReuniclus3|:((((((
|
|switch|p2a: Entei|Entei, shiny|371\/371
|-ability|p2a: Entei|Pressure
|turn|2
|
|switch|p1a: rip politoed|Vaporeon, F|451\/451
|move|p2a: Entei|Sacred Fire|p1a: rip politoed
|-resisted|p1a: rip politoed
|-damage|p1a: rip politoed|301\/451
|-status|p1a: rip politoed|brn
|
|-heal|p1a: rip politoed|329\/451 brn|[from] item: Leftovers
|-damage|p1a: rip politoed|273\/451 brn|[from] brn
|turn|3
|
|switch|p2a: Forretress|Forretress, M|354\/354
|move|p1a: rip politoed|Baton Pass|p1a: rip politoed
|c| newfren|ez
|
|switch|p1a: champ'ed what els|Machamp, F|1\/343
|
|turn|4
|c|âVaporeon for Ubers|w8
|
|switch|p1a: rip politoed|Vaporeon, F|273\/451 brn
|move|p2a: Forretress|Volt Switch|p1a: rip politoed
|-supereffective|p1a: rip politoed
|-damage|p1a: rip politoed|215\/451 brn
|c|âVaporeon for Ubers|i want to keep that
|c|âVaporeon for Ubers|fug that was a misplay lmop
|c|âDrReuniclus3|LMAO
|c|âDrReuniclus3|this is g8
|c|âDrReuniclus3|I brought
|c|âDrReuniclus3|nvm
|c|âDrReuniclus3|you'll find out
|join|therandanman
|
|switch|p2a: Zygarde|Zygarde|407\/407
|-ability|p2a: Zygarde|Aura Break
|
|-heal|p1a: rip politoed|243\/451 brn|[from] item: Leftovers
|-damage|p1a: rip politoed|187\/451 brn|[from] brn
|turn|5
|
|switch|p1a: wanna yiff|Hydreigon, M|325\/325
|move|p2a: Zygarde|Substitute|p2a: Zygarde
|-start|p2a: Zygarde|Substitute
|-damage|p2a: Zygarde|306\/407
|
|-heal|p2a: Zygarde|331\/407|[from] item: Leftovers
|turn|6
|c|âVaporeon for Ubers|when is zyg getting banned
|c|âVaporeon for Ubers|i just lose to this lmao
|c|âDrReuniclus3|n
|
|move|p1a: wanna yiff|Dark Pulse|p2a: Zygarde
|-end|p2a: Zygarde|Substitute
|move|p2a: Zygarde|Glare|p1a: wanna yiff
|-status|p1a: wanna yiff|par
|
|-heal|p2a: Zygarde|356\/407|[from] item: Leftovers
|turn|7
|c|âDrReuniclus3|this is why I lmaoed
|c|âVaporeon for Ubers|>
|c|âDrReuniclus3|I brought wrong set
|c|âDrReuniclus3|keeeeeek
|c|âVaporeon for Ubers|sub glare huh
|
|move|p2a: Zygarde|Substitute|p2a: Zygarde
|-start|p2a: Zygarde|Substitute
|-damage|p2a: Zygarde|255\/407
|move|p1a: wanna yiff|Dark Pulse|p2a: Zygarde
|-end|p2a: Zygarde|Substitute
|
|-heal|p2a: Zygarde|280\/407|[from] item: Leftovers
|turn|8
|c|âDrReuniclus3|no spdef
|
|switch|p2a: Vaporeon|Vaporeon, F|451\/451
|move|p1a: wanna yiff|Dark Pulse|p2a: Vaporeon
|-damage|p2a: Vaporeon|277\/451
|
|-heal|p2a: Vaporeon|305\/451|[from] item: Leftovers
|turn|9
|
|switch|p1a: rip politoed|Vaporeon, F|187\/451 brn
|move|p2a: Vaporeon|Wish|p2a: Vaporeon
|
|-heal|p2a: Vaporeon|333\/451|[from] item: Leftovers
|-heal|p1a: rip politoed|215\/451 brn|[from] item: Leftovers
|-damage|p1a: rip politoed|159\/451 brn|[from] brn
|turn|10
|
|switch|p2a: Jirachi|Jirachi|341\/341
|move|p1a: rip politoed|Wish|p1a: rip politoed
|
|-heal|p1a: rip politoed|187\/451 brn|[from] item: Leftovers
|-damage|p1a: rip politoed|131\/451 brn|[from] brn
|turn|11
|join|Orei
|c|âVaporeon for Ubers|inb4
|c|âVaporeon for Ubers|subcm
|
|move|p1a: rip politoed|Protect|p1a: rip politoed
|-singleturn|p1a: rip politoed|Protect
|move|p2a: Jirachi|Zen Headbutt|p1a: rip politoed
|-activate|p1a: rip politoed|Protect
|
|-heal|p1a: rip politoed|356\/451 brn|[from] move: Wish|[wisher] rip politoed
|-heal|p1a: rip politoed|384\/451 brn|[from] item: Leftovers
|-damage|p1a: rip politoed|328\/451 brn|[from] brn
|turn|12
|c|âDrReuniclus3|ofc
|c|âDrReuniclus3|I really wish I brought the right zyggy set rn
|
|switch|p2a: Vaporeon|Vaporeon, F|333\/451
|move|p1a: rip politoed|Baton Pass|p1a: rip politoed
|c|âVaporeon for Ubers|I really wish zyggy got banned already
|c|âDrReuniclus3|:(
|
|switch|p1a: champ'ed what els|Machamp, F|1\/343
|
|-heal|p2a: Vaporeon|361\/451|[from] item: Leftovers
|turn|13
|
|switch|p2a: Forretress|Forretress, M|354\/354
|move|p1a: champ'ed what els|Close Combat|p2a: Forretress
|-damage|p2a: Forretress|156\/354
|-unboost|p1a: champ'ed what els|def|1
|-unboost|p1a: champ'ed what els|spd|1
|
|-heal|p2a: Forretress|178\/354|[from] item: Leftovers
|turn|14
|c|âVaporeon for Ubers|yum
|c|âDrReuniclus3|ow
|
|move|p1a: champ'ed what els|Close Combat|p2a: Forretress
|-damage|p2a: Forretress|0 fnt
|-unboost|p1a: champ'ed what els|def|1
|-unboost|p1a: champ'ed what els|spd|1
|faint|p2a: Forretress
|
|
|switch|p2a: Zygarde|Zygarde|280\/407
|-ability|p2a: Zygarde|Aura Break
|turn|15
|
|switch|p1a: Batman XDD|Crobat, M|373\/373
|move|p2a: Zygarde|Earthquake|p1a: Batman XDD
|-immune|p1a: Batman XDD|[msg]
|
|-heal|p2a: Zygarde|305\/407|[from] item: Leftovers
|turn|16
|
|move|p1a: Batman XDD|Brave Bird|p2a: Zygarde
|-damage|p2a: Zygarde|211\/407
|-damage|p1a: Batman XDD|342\/373|[from] recoil|[of] p2a: Zygarde
|move|p2a: Zygarde|Glare|p1a: Batman XDD
|-status|p1a: Batman XDD|par
|
|-heal|p2a: Zygarde|236\/407|[from] item: Leftovers
|-heal|p1a: Batman XDD|365\/373 par|[from] item: Black Sludge
|turn|17
|
|switch|p2a: Jirachi|Jirachi|341\/341
|move|p1a: Batman XDD|U-turn|p2a: Jirachi
|-damage|p2a: Jirachi|290\/341
|join|ferpderpp
|join|thymetime
|
|switch|p1a: Meghan Trainor|Nidoqueen, F|352\/352
|
|turn|18
|
|move|p2a: Jirachi|U-turn|p1a: Meghan Trainor
|-resisted|p1a: Meghan Trainor
|-damage|p1a: Meghan Trainor|313\/352
|
|switch|p2a: Vaporeon|Vaporeon, F|361\/451
|move|p1a: Meghan Trainor|Stealth Rock|p2a: Vaporeon
|-sidestart|p2: DrReuniclus3|move: Stealth Rock
|
|-heal|p2a: Vaporeon|389\/451|[from] item: Leftovers
|turn|19
|
|switch|p1a: rip politoed|Vaporeon, F|328\/451 brn
|move|p2a: Vaporeon|Wish|p2a: Vaporeon
|
|-heal|p1a: rip politoed|356\/451 brn|[from] item: Leftovers
|-heal|p2a: Vaporeon|417\/451|[from] item: Leftovers
|-damage|p1a: rip politoed|300\/451 brn|[from] brn
|turn|20
|
|switch|p2a: Zygarde|Zygarde|236\/407
|-damage|p2a: Zygarde|211\/407|[from] Stealth Rock
|-ability|p2a: Zygarde|Aura Break
|move|p1a: rip politoed|Baton Pass|p1a: rip politoed
|
|switch|p1a: Meghan Trainor|Nidoqueen, F|313\/352
|
|-heal|p2a: Zygarde|407\/407|[from] move: Wish|[wisher] Vaporeon
|turn|21
|join|LessThanThreeMan
|join|Kyla's Nightmare
|
|switch|p2a: Entei|Entei, shiny|371\/371
|-damage|p2a: Entei|279\/371|[from] Stealth Rock
|-ability|p2a: Entei|Pressure
|move|p1a: Meghan Trainor|Earth Power|p2a: Entei
|-supereffective|p2a: Entei
|-damage|p2a: Entei|0 fnt
|faint|p2a: Entei
|
|c|âDrReuniclus3|o
|c|âVaporeon for Ubers|:^
|
|switch|p2a: Jirachi|Jirachi|290\/341
|-damage|p2a: Jirachi|269\/341|[from] Stealth Rock
|turn|22
|
|switch|p1a: im a douche|Jirachi|341\/341
|move|p2a: Jirachi|Zen Headbutt|p1a: im a douche
|-resisted|p1a: im a douche
|-damage|p1a: im a douche|312\/341
|
|turn|23
|
|move|p1a: im a douche|Trick|p2a: Jirachi
|-activate|p1a: im a douche|move: Trick|[of] p2a: Jirachi
|-item|p2a: Jirachi|Choice Scarf|[from] move: Trick
|-item|p1a: im a douche|Choice Scarf|[from] move: Trick
|move|p2a: Jirachi|Zen Headbutt|p1a: im a douche
|-resisted|p1a: im a douche
|-damage|p1a: im a douche|284\/341
|
|turn|24
|c|âVaporeon for Ubers|o
|
|switch|p2a: Zygarde|Zygarde|407\/407
|-damage|p2a: Zygarde|382\/407|[from] Stealth Rock
|-ability|p2a: Zygarde|Aura Break
|move|p1a: im a douche|Trick|p2a: Zygarde
|-activate|p1a: im a douche|move: Trick|[of] p2a: Zygarde
|-item|p2a: Zygarde|Choice Scarf|[from] move: Trick
|-item|p1a: im a douche|Leftovers|[from] move: Trick
|
|-heal|p1a: im a douche|305\/341|[from] item: Leftovers
|turn|25
|c|âDrReuniclus3|o
|c|âVaporeon for Ubers|ah gottem
|c| newfren|if this was
|c| newfren|good zygarde set
|c| newfren|then imagine how much better
|
|switch|p1a: Batman XDD|Crobat, M|365\/373 par
|move|p2a: Zygarde|Dragon Tail|p1a: Batman XDD
|-damage|p1a: Batman XDD|283\/373 par
|drag|p1a: rip politoed|Vaporeon, F|300\/451 brn
|
|-heal|p1a: rip politoed|328\/451 brn|[from] item: Leftovers
|-damage|p1a: rip politoed|272\/451 brn|[from] brn
|turn|26
|c| newfren|that play would have been
|c|âVaporeon for Ubers|lmao
|c|âVaporeon for Ubers|wouldve been p ebin,,
|
|move|p1a: rip politoed|Scald|p2a: Zygarde
|-damage|p2a: Zygarde|277\/407
|-status|p2a: Zygarde|brn
|move|p2a: Zygarde|Dragon Tail|p1a: rip politoed
|-damage|p1a: rip politoed|233\/451 brn
|drag|p1a: Meghan Trainor|Nidoqueen, F|313\/352
|
|-damage|p2a: Zygarde|227\/407 brn|[from] brn
|turn|27
|
|move|p1a: Meghan Trainor|Earth Power|p2a: Zygarde
|-damage|p2a: Zygarde|27\/407 brn
|move|p2a: Zygarde|Dragon Tail|p1a: Meghan Trainor
|-damage|p1a: Meghan Trainor|273\/352
|drag|p1a: champ'ed what els|Machamp, F|1\/343
|
|-damage|p2a: Zygarde|0 fnt|[from] brn
|faint|p2a: Zygarde
|
|switch|p2a: Jirachi|Jirachi|269\/341
|-damage|p2a: Jirachi|248\/341|[from] Stealth Rock
|turn|28
|
|switch|p1a: im a douche|Jirachi|305\/341
|move|p2a: Jirachi|U-turn|p1a: im a douche
|-crit|p1a: im a douche
|-damage|p1a: im a douche|206\/341
|
|switch|p2a: Vaporeon|Vaporeon, F|417\/451
|-damage|p2a: Vaporeon|361\/451|[from] Stealth Rock
|
|-heal|p1a: im a douche|227\/341|[from] item: Leftovers
|-heal|p2a: Vaporeon|389\/451|[from] item: Leftovers
|turn|29
|
|move|p2a: Vaporeon|Protect|p2a: Vaporeon
|-singleturn|p2a: Vaporeon|Protect
|move|p1a: im a douche|Healing Wish|p1a: im a douche
|faint|p1a: im a douche
|
|-heal|p2a: Vaporeon|417\/451|[from] item: Leftovers
|
|switch|p1a: champ'ed what els|Machamp, F|1\/343
|-heal|p1a: champ'ed what els|343\/343|[from] move: Healing Wish
|turn|30
|
|move|p1a: champ'ed what els|Close Combat|p2a: Vaporeon
|-damage|p2a: Vaporeon|56\/451
|-unboost|p1a: champ'ed what els|def|1
|-unboost|p1a: champ'ed what els|spd|1
|move|p2a: Vaporeon|Scald|p1a: champ'ed what els
|-crit|p1a: champ'ed what els
|-damage|p1a: champ'ed what els|67\/343
|
|-heal|p2a: Vaporeon|84\/451|[from] item: Leftovers
|turn|31
|
|move|p1a: champ'ed what els|Close Combat|p2a: Vaporeon
|-damage|p2a: Vaporeon|0 fnt
|-unboost|p1a: champ'ed what els|def|1
|-unboost|p1a: champ'ed what els|spd|1
|faint|p2a: Vaporeon
|
|
|switch|p2a: Jirachi|Jirachi|248\/341
|-damage|p2a: Jirachi|227\/341|[from] Stealth Rock
|turn|32
|
|move|p2a: Jirachi|Iron Head|p1a: champ'ed what els
|-damage|p1a: champ'ed what els|0 fnt
|faint|p1a: champ'ed what els
|
|c|âVaporeon for Ubers|i can still easily lose this lmao
|c|âDrReuniclus3|ez flinches
|
|switch|p1a: Batman XDD|Crobat, M|283\/373 par
|turn|33
|
|move|p2a: Jirachi|Iron Head|p1a: Batman XDD
|-damage|p1a: Batman XDD|136\/373 par
|move|p1a: Batman XDD|U-turn|p2a: Jirachi
|-damage|p2a: Jirachi|170\/341
|c|âDrReuniclus3|good start
|
|switch|p1a: wanna yiff|Hydreigon, M|325\/325 par
|
|turn|34
|
|move|p2a: Jirachi|Iron Head|p1a: wanna yiff
|-damage|p1a: wanna yiff|199\/325 par
|cant|p1a: wanna yiff|par
|
|turn|35
|
|move|p2a: Jirachi|Iron Head|p1a: wanna yiff
|-damage|p1a: wanna yiff|58\/325 par
|cant|p1a: wanna yiff|flinch
|
|turn|36
|
|move|p2a: Jirachi|Iron Head|p1a: wanna yiff
|-damage|p1a: wanna yiff|0 fnt
|faint|p1a: wanna yiff
|
|
|switch|p1a: rip politoed|Vaporeon, F|233\/451 brn
|turn|37
|c|âDrReuniclus3|crit flinches go
|
|move|p2a: Jirachi|Iron Head|p1a: rip politoed
|-resisted|p1a: rip politoed
|-damage|p1a: rip politoed|169\/451 brn
|move|p1a: rip politoed|Wish|p1a: rip politoed
|
|-heal|p1a: rip politoed|197\/451 brn|[from] item: Leftovers
|-damage|p1a: rip politoed|141\/451 brn|[from] brn
|turn|38
|c|âVaporeon for Ubers|let the bullying commence
|join|Over Under Used
|c|âDrReuniclus3|nice flinching
|c|âDrReuniclus3|imo
|
|move|p1a: rip politoed|Protect|p1a: rip politoed
|-singleturn|p1a: rip politoed|Protect
|move|p2a: Jirachi|Iron Head|p1a: rip politoed
|-activate|p1a: rip politoed|Protect
|
|-heal|p1a: rip politoed|366\/451 brn|[from] move: Wish|[wisher] rip politoed
|-heal|p1a: rip politoed|394\/451 brn|[from] item: Leftovers
|-damage|p1a: rip politoed|338\/451 brn|[from] brn
|turn|39
|
|move|p2a: Jirachi|Iron Head|p1a: rip politoed
|-resisted|p1a: rip politoed
|-damage|p1a: rip politoed|279\/451 brn
|move|p1a: rip politoed|Scald|p2a: Jirachi
|-damage|p2a: Jirachi|62\/341
|
|-heal|p1a: rip politoed|307\/451 brn|[from] item: Leftovers
|-damage|p1a: rip politoed|251\/451 brn|[from] brn
|turn|40
|c|âVaporeon for Ubers|these flinches though
|
|move|p2a: Jirachi|Iron Head|p1a: rip politoed
|-resisted|p1a: rip politoed
|-damage|p1a: rip politoed|192\/451 brn
|move|p1a: rip politoed|Wish|p1a: rip politoed
|
|-heal|p1a: rip politoed|220\/451 brn|[from] item: Leftovers
|-damage|p1a: rip politoed|164\/451 brn|[from] brn
|turn|41
|c|âDrReuniclus3|not
|c|âVaporeon for Ubers|these
|c|âDrReuniclus3|even
|c|âVaporeon for Ubers|flinches
|c|âDrReuniclus3|bad
|c|âVaporeon for Ubers|though
|
|move|p1a: rip politoed|Protect|p1a: rip politoed
|-singleturn|p1a: rip politoed|Protect
|move|p2a: Jirachi|Iron Head|p1a: rip politoed
|-activate|p1a: rip politoed|Protect
|
|-heal|p1a: rip politoed|389\/451 brn|[from] move: Wish|[wisher] rip politoed
|-heal|p1a: rip politoed|417\/451 brn|[from] item: Leftovers
|-damage|p1a: rip politoed|361\/451 brn|[from] brn
|turn|42
|c|âVaporeon for Ubers|come on vapo
|c|âVaporeon for Ubers|one more
|
|move|p2a: Jirachi|Iron Head|p1a: rip politoed
|-resisted|p1a: rip politoed
|-damage|p1a: rip politoed|301\/451 brn
|cant|p1a: rip politoed|flinch
|
|-heal|p1a: rip politoed|329\/451 brn|[from] item: Leftovers
|-damage|p1a: rip politoed|273\/451 brn|[from] brn
|turn|43
|
|move|p2a: Jirachi|Iron Head|p1a: rip politoed
|-resisted|p1a: rip politoed
|-damage|p1a: rip politoed|214\/451 brn
|cant|p1a: rip politoed|flinch
|
|-heal|p1a: rip politoed|242\/451 brn|[from] item: Leftovers
|-damage|p1a: rip politoed|186\/451 brn|[from] brn
|turn|44
|c|âVaporeon for Ubers|come on,,,,,,
|
|move|p2a: Jirachi|Iron Head|p1a: rip politoed
|-resisted|p1a: rip politoed
|-damage|p1a: rip politoed|117\/451 brn
|cant|p1a: rip politoed|flinch
|
|-heal|p1a: rip politoed|145\/451 brn|[from] item: Leftovers
|-damage|p1a: rip politoed|89\/451 brn|[from] brn
|turn|45
|c| newfren|e
|c| newfren|z
|c| newfren|e
|c|âVaporeon for Ubers|dont do this to me
|c| newfren|z
|c| newfren|e
|c| newfren|z
|c| newfren|e
|c|âVaporeon for Ubers|dont do this to me
|c| newfren|z
|c|âVaporeon for Ubers|dont do this to me
|c| newfren|e
|c|âVaporeon for Ubers|dont do this to me
|
|move|p2a: Jirachi|Iron Head|p1a: rip politoed
|-resisted|p1a: rip politoed
|-damage|p1a: rip politoed|25\/451 brn
|move|p1a: rip politoed|Scald|p2a: Jirachi
|-damage|p2a: Jirachi|0 fnt
|faint|p2a: Jirachi
|
|win|Vaporeon for Ubers
|c| newfren|e
|c| newfren|z
|c| newfren|z
|c| newfren|e
|c| newfren|z
|c|âVaporeon for Ubers|ahhh
|c|âVaporeon for Ubers|not bad
|c|âVaporeon for Ubers|gg
|c|âDrReuniclus3|kek
|leave|Over Under Used
|c| newfren|rip