|join|under 500
|join|DrReuniclus3
|player|p1|under 500|171
|player|p2|DrReuniclus3|148
|gametype|singles
|gen|6
|tier|UU
|rated
|rule|Sleep Clause Mod: Limit one foe put to sleep
|rule|Species Clause: Limit one of each PokÃ©mon
|rule|OHKO Clause: OHKO moves are banned
|rule|Moody Clause: Moody is banned
|rule|Evasion Moves Clause: Evasion moves are banned
|rule|Endless Battle Clause: Forcing endless battles is banned
|rule|HP Percentage Mod: HP is shown in percentages
|clearpoke
|poke|p1|Slowking, F
|poke|p1|Diancie
|poke|p1|Cofagrigus, F
|poke|p1|Rhyperior, M
|poke|p1|Escavalier, M
|poke|p1|Omastar, M
|poke|p2|Espeon, F
|poke|p2|Porygon-Z
|poke|p2|Lucario, M
|poke|p2|Haxorus, M
|poke|p2|Sableye, F
|poke|p2|Diancie
|rule|Swagger Clause: Swagger is banned
|rule|Baton Pass Clause: Limit one PokÃ©mon knowing Baton Pass
|teampreview
|c|âunder 500|kek
|c|âDrReuniclus3|o
|c|âDrReuniclus3|rip
|c|âDrReuniclus3|hyper offense
|c|âDrReuniclus3|gets wrecked
|c|âDrReuniclus3|by tr
|c|âunder 500|rek
|
|start
|switch|p1a: "RESIST"|Escavalier, M|344\/344
|switch|p2a: Espeon|Espeon, F|334\/334
|turn|1
|c|âunder 500|hp fire
|
|move|p2a: Espeon|Reflect|p2a: Espeon
|-sidestart|p2: DrReuniclus3|Reflect
|move|p1a: "RESIST"|Pursuit|p2a: Espeon
|-supereffective|p2a: Espeon
|-damage|p2a: Espeon|207\/334
|
|turn|2
|
|move|p2a: Espeon|Yawn|p1a: "RESIST"
|-start|p1a: "RESIST"|move: Yawn|[of] p2a: Espeon
|move|p1a: "RESIST"|Pursuit|p2a: Espeon
|-supereffective|p2a: Espeon
|-damage|p2a: Espeon|96\/334
|
|turn|3
|
|move|p2a: Espeon|Light Screen|p2a: Espeon
|-sidestart|p2: DrReuniclus3|move: Light Screen
|move|p1a: "RESIST"|Pursuit|p2a: Espeon
|-supereffective|p2a: Espeon
|-damage|p2a: Espeon|0 fnt
|faint|p2a: Espeon
|
|-status|p1a: "RESIST"|slp
|join|belev
|
|switch|p2a: Lucario|Lucario, M|281\/281
|turn|4
|
|switch|p1a: "KNOCK OFF"|Slowking, F|394\/394
|move|p2a: Lucario|Swords Dance|p2a: Lucario
|-boost|p2a: Lucario|atk|2
|
|turn|5
|
|move|p2a: Lucario|Crunch|p1a: "KNOCK OFF"
|-supereffective|p1a: "KNOCK OFF"
|-enditem|p1a: "KNOCK OFF"|Colbur Berry|[eat]
|-damage|p1a: "KNOCK OFF"|124\/394
|-damage|p2a: Lucario|253\/281|[from] item: Life Orb
|move|p1a: "KNOCK OFF"|Trick Room|p1a: "KNOCK OFF"
|-fieldstart|move: Trick Room|[of] p1a: "KNOCK OFF"
|
|turn|6
|c|âunder 500|bop
|
|switch|p1a: "COUNTER"|Rhyperior, M|434\/434
|move|p2a: Lucario|Extreme Speed|p1a: "COUNTER"
|-resisted|p1a: "COUNTER"
|-damage|p1a: "COUNTER"|344\/434
|-damage|p2a: Lucario|225\/281|[from] item: Life Orb
|
|turn|7
|c|âDrReuniclus3|rip
|
|move|p1a: "COUNTER"|Earthquake|p2a: Lucario
|-supereffective|p2a: Lucario
|-damage|p2a: Lucario|0 fnt
|-damage|p1a: "COUNTER"|301\/434|[from] item: Life Orb
|faint|p2a: Lucario
|
|
|switch|p2a: Sableye|Sableye, F|304\/304
|turn|8
|
|move|p2a: Sableye|Will-O-Wisp|p1a: "COUNTER"
|-status|p1a: "COUNTER"|brn
|move|p1a: "COUNTER"|Swords Dance|p1a: "COUNTER"
|-boost|p1a: "COUNTER"|atk|2
|
|-damage|p1a: "COUNTER"|247\/434 brn|[from] brn
|-sideend|p2: DrReuniclus3|Reflect
|turn|9
|
|move|p1a: "COUNTER"|Earthquake|p2a: Sableye
|-damage|p2a: Sableye|0 fnt
|-damage|p1a: "COUNTER"|204\/434 brn|[from] item: Life Orb
|faint|p2a: Sableye
|
|-damage|p1a: "COUNTER"|150\/434 brn|[from] brn
|-fieldend|move: Trick Room
|c|âunder 500|bye
|
|switch|p2a: Haxorus|Haxorus, M|294\/294
|-ability|p2a: Haxorus|Mold Breaker
|turn|10
|
|move|p2a: Haxorus|Earthquake|p1a: "COUNTER"
|-supereffective|p1a: "COUNTER"
|-damage|p1a: "COUNTER"|0 fnt
|faint|p1a: "COUNTER"
|
|-sideend|p2: DrReuniclus3|move: Light Screen
|
|switch|p1a: "5P00KY"|Cofagrigus, F|320\/320
|turn|11
|
|switch|p2a: Diancie|Diancie|304\/304
|move|p1a: "5P00KY"|Trick Room|p1a: "5P00KY"
|-fieldstart|move: Trick Room|[of] p1a: "5P00KY"
|
|turn|12
|
|move|p1a: "5P00KY"|Shadow Ball|p2a: Diancie
|-damage|p2a: Diancie|219\/304
|move|p2a: Diancie|Light Screen|p2a: Diancie
|-sidestart|p2: DrReuniclus3|move: Light Screen
|
|turn|13
|
|move|p1a: "5P00KY"|Nasty Plot|p1a: "5P00KY"
|-boost|p1a: "5P00KY"|spa|2
|move|p2a: Diancie|Reflect|p2a: Diancie
|-sidestart|p2: DrReuniclus3|Reflect
|
|turn|14
|
|move|p1a: "5P00KY"|Nasty Plot|p1a: "5P00KY"
|-boost|p1a: "5P00KY"|spa|2
|move|p2a: Diancie|Diamond Storm|p1a: "5P00KY"
|-damage|p1a: "5P00KY"|197\/320
|-boost|p2a: Diancie|def|1
|
|-heal|p1a: "5P00KY"|217\/320|[from] item: Leftovers
|turn|15
|
|move|p1a: "5P00KY"|Shadow Ball|p2a: Diancie
|-damage|p2a: Diancie|82\/304
|move|p2a: Diancie|Diamond Storm|p1a: "5P00KY"
|-damage|p1a: "5P00KY"|108\/320
|-boost|p2a: Diancie|def|1
|
|-heal|p1a: "5P00KY"|128\/320|[from] item: Leftovers
|-fieldend|move: Trick Room
|turn|16
|c|âunder 500|crit
|
|move|p2a: Diancie|Diamond Storm|p1a: "5P00KY"
|-damage|p1a: "5P00KY"|5\/320
|move|p1a: "5P00KY"|Trick Room|p1a: "5P00KY"
|-fieldstart|move: Trick Room|[of] p1a: "5P00KY"
|
|-heal|p1a: "5P00KY"|25\/320|[from] item: Leftovers
|turn|17
|
|move|p1a: "5P00KY"|Shadow Ball|p2a: Diancie
|-crit|p2a: Diancie
|-damage|p2a: Diancie|0 fnt
|faint|p2a: Diancie
|
|-heal|p1a: "5P00KY"|45\/320|[from] item: Leftovers
|c|âDrReuniclus3|cteam
|c|âDrReuniclus3|imo
|
|switch|p2a: Porygon-Z|Porygon-Z|331\/331
|turn|18
|
|move|p1a: "5P00KY"|Hidden Power|p2a: Porygon-Z
|-supereffective|p2a: Porygon-Z
|-damage|p2a: Porygon-Z|79\/331
|move|p2a: Porygon-Z|Dark Pulse|p1a: "5P00KY"
|-crit|p1a: "5P00KY"
|-supereffective|p1a: "5P00KY"
|-damage|p1a: "5P00KY"|0 fnt
|faint|p1a: "5P00KY"
|
|
|switch|p1a: "NIDO"|Diancie|241\/241
|turn|19
|
|move|p1a: "NIDO"|Moonblast|p2a: Porygon-Z
|-damage|p2a: Porygon-Z|0 fnt
|-damage|p1a: "NIDO"|217\/241|[from] item: Life Orb
|faint|p2a: Porygon-Z
|
|-sideend|p2: DrReuniclus3|move: Light Screen
|
|switch|p2a: Haxorus|Haxorus, M|294\/294
|-ability|p2a: Haxorus|Mold Breaker
|turn|20
|
|move|p1a: "NIDO"|Moonblast|p2a: Haxorus
|-crit|p2a: Haxorus
|-supereffective|p2a: Haxorus
|-damage|p2a: Haxorus|0 fnt
|-damage|p1a: "NIDO"|193\/241|[from] item: Life Orb
|faint|p2a: Haxorus
|
|win|under 500
|raw|Ladder updating...
|c|âunder 500|gg