|join|Jypherson
|join|DrReuniclus3
|player|p1|Jypherson|92
|player|p2|DrReuniclus3|147
|gametype|singles
|gen|6
|tier|UU
|rule|Sleep Clause Mod: Limit one foe put to sleep
|rule|Species Clause: Limit one of each PokÃ©mon
|rule|OHKO Clause: OHKO moves are banned
|rule|Moody Clause: Moody is banned
|rule|Evasion Moves Clause: Evasion moves are banned
|rule|Endless Battle Clause: Forcing endless battles is banned
|rule|HP Percentage Mod: HP is shown in percentages
|clearpoke
|poke|p1|Honchkrow, F
|poke|p1|Florges, F
|poke|p1|Suicune
|poke|p1|Aggron, M
|poke|p1|Dugtrio, F
|poke|p1|Azelf
|poke|p2|Diancie
|poke|p2|Metagross
|poke|p2|Ampharos, M
|poke|p2|Dusclops, F
|poke|p2|Reuniclus, M
|poke|p2|Rhyperior, F
|rule|Swagger Clause: Swagger is banned
|rule|Baton Pass Clause: Limit one PokÃ©mon knowing Baton Pass
|teampreview
|join|Bud Hertz
|c|âDrReuniclus3|o
|join|hi jacobo
|c| Bud Hertz|YOU CAN DO IT
|
|start
|switch|p1a: Dugtrio|Dugtrio, F|212\/212
|switch|p2a: Metagross|Metagross|364\/364
|turn|1
|join|zTerribadTastic
|
|move|p2a: Metagross|Bullet Punch|p1a: Dugtrio
|-damage|p1a: Dugtrio|65\/212
|move|p1a: Dugtrio|Earthquake|p2a: Metagross
|-crit|p2a: Metagross
|-supereffective|p2a: Metagross
|-damage|p2a: Metagross|0 fnt
|faint|p2a: Metagross
|
|c|âDrReuniclus3|good crit
|c|âDrReuniclus3|qq
|leave|hi jacobo
|join|orangetomatoes
|c|âDrReuniclus3|Great start
|c|âDrReuniclus3|qq
|
|switch|p2a: Dusclops|Dusclops, F|284\/284
|-item|p1a: Dugtrio|Choice Band|[from] ability: Frisk|[of] p2a: Dusclops|[identify]
|turn|2
|
|switch|p1a: Suicune|Suicune|404\/404
|-ability|p1a: Suicune|Pressure
|move|p2a: Dusclops|Trick Room|p2a: Dusclops
|-fieldstart|move: Trick Room|[of] p2a: Dusclops
|
|turn|3
|
|switch|p2a: Reuniclus|Reuniclus, M|424\/424
|move|p1a: Suicune|Calm Mind|p1a: Suicune
|-boost|p1a: Suicune|spa|1
|-boost|p1a: Suicune|spd|1
|
|turn|4
|
|move|p2a: Reuniclus|Calm Mind|p2a: Reuniclus
|-boost|p2a: Reuniclus|spa|1
|-boost|p2a: Reuniclus|spd|1
|move|p1a: Suicune|Calm Mind|p1a: Suicune
|-boost|p1a: Suicune|spa|1
|-boost|p1a: Suicune|spd|1
|
|turn|5
|c| Bud Hertz|TO DA MOON
|
|move|p2a: Reuniclus|Calm Mind|p2a: Reuniclus
|-boost|p2a: Reuniclus|spa|1
|-boost|p2a: Reuniclus|spd|1
|move|p1a: Suicune|Calm Mind|p1a: Suicune
|-boost|p1a: Suicune|spa|1
|-boost|p1a: Suicune|spd|1
|
|turn|6
|c| orangetomatoes|reunisweep again
|c|âDrReuniclus3|lolno
|c| zTerribadTastic|pretty sure reun wins this uness roar
|c|âDrReuniclus3|I'll flubb it up
|c|âDrReuniclus3|shh
|
|move|p2a: Reuniclus|Calm Mind|p2a: Reuniclus
|-boost|p2a: Reuniclus|spa|1
|-boost|p2a: Reuniclus|spd|1
|move|p1a: Suicune|Calm Mind|p1a: Suicune
|-boost|p1a: Suicune|spa|1
|-boost|p1a: Suicune|spd|1
|
|-fieldend|move: Trick Room
|turn|7
|c| Bud Hertz|no
|c| Bud Hertz|no
|c| Bud Hertz|no
|c| Bud Hertz|don't say things like that
|
|move|p1a: Suicune|Calm Mind|p1a: Suicune
|-boost|p1a: Suicune|spa|1
|-boost|p1a: Suicune|spd|1
|move|p2a: Reuniclus|Calm Mind|p2a: Reuniclus
|-boost|p2a: Reuniclus|spa|1
|-boost|p2a: Reuniclus|spd|1
|
|turn|8
|c| zTerribadTastic|roarcune is only cune
|
|move|p1a: Suicune|Calm Mind|p1a: Suicune
|-boost|p1a: Suicune|spa|1
|-boost|p1a: Suicune|spd|1
|move|p2a: Reuniclus|Calm Mind|p2a: Reuniclus
|-boost|p2a: Reuniclus|spa|1
|-boost|p2a: Reuniclus|spd|1
|
|turn|9
|
|move|p1a: Suicune|Scald|p2a: Reuniclus
|-damage|p2a: Reuniclus|312\/424
|move|p2a: Reuniclus|Psyshock|p1a: Suicune
|-damage|p1a: Suicune|166\/404
|
|-heal|p1a: Suicune|191\/404|[from] item: Leftovers
|-heal|p2a: Reuniclus|338\/424|[from] item: Leftovers
|turn|10
|c| orangetomatoes|physical cune is the only cune
|c| zTerribadTastic|get shat on
|
|move|p1a: Suicune|Scald|p2a: Reuniclus
|-damage|p2a: Reuniclus|229\/424
|move|p2a: Reuniclus|Calm Mind|p2a: Reuniclus
|-boost|p2a: Reuniclus|spa|1
|-boost|p2a: Reuniclus|spd|1
|
|-heal|p1a: Suicune|216\/404|[from] item: Leftovers
|-heal|p2a: Reuniclus|255\/424|[from] item: Leftovers
|turn|11
|
|move|p1a: Suicune|Scald|p2a: Reuniclus
|-damage|p2a: Reuniclus|150\/424
|move|p2a: Reuniclus|Recover|p2a: Reuniclus
|-heal|p2a: Reuniclus|362\/424
|
|-heal|p1a: Suicune|241\/404|[from] item: Leftovers
|-heal|p2a: Reuniclus|388\/424|[from] item: Leftovers
|turn|12
|
|move|p1a: Suicune|Scald|p2a: Reuniclus
|-crit|p2a: Reuniclus
|-damage|p2a: Reuniclus|0 fnt
|faint|p2a: Reuniclus
|
|-heal|p1a: Suicune|266\/404|[from] item: Leftovers
|c|âDrReuniclus3|k
|c| Bud Hertz|oh
|c|âDrReuniclus3|k
|c| Bud Hertz|welp
|c|âDrReuniclus3|k
|c| zTerribadTastic|gobo greed
|c|âDrReuniclus3|k
|c|âDrReuniclus3|k
|c| orangetomatoes|k
|c| Bud Hertz|rip
|c|âDrReuniclus3|k
|c|âDrReuniclus3|k
|c|âDrReuniclus3|k
|c|âDrReuniclus3|k
|c|âDrReuniclus3|k
|c|âDrReuniclus3|k
|c|âDrReuniclus3|k
|c|âDrReuniclus3|k
|c|âDrReuniclus3|k
|c|âDrReuniclus3|k
|c|âDrReuniclus3|k
|c|âDrReuniclus3|k
|c|âDrReuniclus3|k
|c|âDrReuniclus3|k
|c|âDrReuniclus3|k
|c|âDrReuniclus3|k
|c|âDrReuniclus3|k
|c|âDrReuniclus3|k
|c|âDrReuniclus3|k
|c|âDrReuniclus3|k
|c|âDrReuniclus3|k
|c|âDrReuniclus3|k
|c|âDrReuniclus3|k
|c|âDrReuniclus3|k
|c|âDrReuniclus3|k
|c| zTerribadTastic|GOBO GREED
|c| orangetomatoes|suicune sweep then I guess
|c| zTerribadTastic|you get +3, force rest, then recover
|c| zTerribadTastic|then boost more if needed
|c|âDrReuniclus3|n
|
|switch|p2a: Ampharos|Ampharos, M|384\/384
|turn|13
|
|detailschange|p2a: Ampharos|Ampharos-Mega, M
|message|Ampharos has Mega Evolved into Mega Ampharos!
|-ability|p2a: Ampharos|Mold Breaker
|move|p1a: Suicune|Scald|p2a: Ampharos
|-resisted|p2a: Ampharos
|-damage|p2a: Ampharos|232\/384
|move|p2a: Ampharos|Thunderbolt|p1a: Suicune
|-supereffective|p1a: Suicune
|-damage|p1a: Suicune|176\/404
|
|-heal|p1a: Suicune|201\/404|[from] item: Leftovers
|turn|14
|c| zTerribadTastic|what is amphy to a +6 cune
|
|move|p1a: Suicune|Scald|p2a: Ampharos
|-resisted|p2a: Ampharos
|-damage|p2a: Ampharos|68\/384
|move|p2a: Ampharos|Thunderbolt|p1a: Suicune
|-supereffective|p1a: Suicune
|-damage|p1a: Suicune|105\/404
|
|-heal|p1a: Suicune|130\/404|[from] item: Leftovers
|turn|15
|c| orangetomatoes|unlees  this is my physical ampharos set
|
|move|p1a: Suicune|Rest|p1a: Suicune
|-status|p1a: Suicune|slp
|-heal|p1a: Suicune|404\/404 slp|[silent]
|-status|p1a: Suicune|slp|[from] move: Rest
|move|p2a: Ampharos|Thunderbolt|p1a: Suicune
|-supereffective|p1a: Suicune
|-damage|p1a: Suicune|308\/404 slp
|
|-heal|p1a: Suicune|333\/404 slp|[from] item: Leftovers
|turn|16
|c| zTerribadTastic|the stupid is here
|
|switch|p2a: Rhyperior|Rhyperior, F|434\/434
|cant|p1a: Suicune|slp
|move|p1a: Suicune|Sleep Talk|p1a: Suicune
|move|p1a: Suicune|Scald|p2a: Rhyperior|[from]Sleep Talk
|-supereffective|p2a: Rhyperior
|-damage|p2a: Rhyperior|0 fnt
|faint|p2a: Rhyperior
|
|-heal|p1a: Suicune|358\/404 slp|[from] item: Leftovers
|c| zTerribadTastic|why would you rest
|c| orangetomatoes|loooooooooooooooolllllllll
|c|âJypherson|because i can
|
|switch|p2a: Dusclops|Dusclops, F|284\/284
|-item|p1a: Suicune|Leftovers|[from] ability: Frisk|[of] p2a: Dusclops|[identify]
|turn|17
|c| zTerribadTastic|you litteraly just click scald and win
|c|âJypherson|and he cant do anything to it
|c| zTerribadTastic|if you rolled not scald
|
|cant|p1a: Suicune|slp
|move|p1a: Suicune|Sleep Talk|p1a: Suicune
|move|p1a: Suicune|Calm Mind|p1a: Suicune|[from]Sleep Talk
|-fail|p1a: Suicune
|move|p2a: Dusclops|Night Shade|p1a: Suicune
|-damage|p1a: Suicune|258\/404 slp
|
|-heal|p1a: Suicune|283\/404 slp|[from] item: Leftovers
|turn|18
|c| zTerribadTastic|thats cb rhyp
|c| orangetomatoes|that team is slow
|c| zTerribadTastic|which could crit
|leave|orangetomatoes
|
|-curestatus|p1a: Suicune|slp
|move|p1a: Suicune|Scald|p2a: Dusclops
|-damage|p2a: Dusclops|140\/284
|move|p2a: Dusclops|Night Shade|p1a: Suicune
|-damage|p1a: Suicune|183\/404
|
|-heal|p1a: Suicune|208\/404|[from] item: Leftovers
|turn|19
|join|Colbrushie
|
|move|p1a: Suicune|Scald|p2a: Dusclops
|-damage|p2a: Dusclops|0 fnt
|faint|p2a: Dusclops
|
|-heal|p1a: Suicune|233\/404|[from] item: Leftovers
|c| Colbrushie|holy molly
|leave|Bud Hertz
|c|âDrReuniclus3|I got crit colbrushie
|c|âDrReuniclus3|that's what happened
|c| zTerribadTastic|he played dumb
|c|âDrReuniclus3|CM reuniclus
|c| Colbrushie|ho
|c| Colbrushie|ly
|c| zTerribadTastic|and risked the crit
|c|âDrReuniclus3|got crity
|c| Colbrushie|molly
|c|âDrReuniclus3|N
|c| zTerribadTastic|and 8 scalds in it happened
|c|âDrReuniclus3|Zterribad stop
|c|âDrReuniclus3|shh
|c|âDrReuniclus3|He got crit
|c|âDrReuniclus3|is what happened
|c|âDrReuniclus3|And he crit first turn with duggy
|c| zTerribadTastic|he got a 50\/50 chance lol
|c|âDrReuniclus3|And weakness policy couldn't activate
|c| zTerribadTastic|more actually
|c| zTerribadTastic|so ya
|
|switch|p2a: Ampharos|Ampharos-Mega, M|68\/384
|-ability|p2a: Ampharos|Mold Breaker
|turn|20
|c| zTerribadTastic|PLAY TO REDUCE RNG
|c| zTerribadTastic|klsdfjsgjweogus
|
|move|p1a: Suicune|Scald|p2a: Ampharos
|-resisted|p2a: Ampharos
|-damage|p2a: Ampharos|0 fnt
|faint|p2a: Ampharos
|
|-heal|p1a: Suicune|258\/404|[from] item: Leftovers
|c| zTerribadTastic|DONT BE A GOBO
|
|switch|p2a: Diancie|Diancie|303\/303
|turn|21
|
|move|p1a: Suicune|Scald|p2a: Diancie
|-supereffective|p2a: Diancie
|-damage|p2a: Diancie|0 fnt
|faint|p2a: Diancie
|
|win|Jypherson
|c|âDrReuniclus3|Bad game
|c|âJypherson|ok
|leave|DrReuniclus3
|player|p2
|c|âJypherson|salt
|leave|zTerribadTastic
|leave|Jypherson
|player|p1
|join|YoungLegend
|leave|YoungLegend
|join|DrReuniclus3