|join|Living Proof
|join|DrReuniclus3
|player|p1|Living Proof|238
|player|p2|DrReuniclus3|147
|gametype|singles
|gen|6
|tier|UU
|rule|Sleep Clause Mod: Limit one foe put to sleep
|rule|Species Clause: Limit one of each PokÃ©mon
|rule|OHKO Clause: OHKO moves are banned
|rule|Moody Clause: Moody is banned
|rule|Evasion Moves Clause: Evasion moves are banned
|rule|Endless Battle Clause: Forcing endless battles is banned
|rule|HP Percentage Mod: HP is shown in percentages
|clearpoke
|poke|p1|Stoutland, M, shiny
|poke|p1|Hippowdon, M
|poke|p1|Forretress, M, shiny
|poke|p1|Whimsicott, F, shiny
|poke|p1|Vaporeon, F
|poke|p1|Cresselia, F, shiny
|poke|p2|Alakazam, M
|poke|p2|Jirachi
|poke|p2|Swampert, M
|poke|p2|Kyurem
|poke|p2|Roserade, M
|poke|p2|Florges, F
|rule|Swagger Clause: Swagger is banned
|rule|Baton Pass Clause: Limit one PokÃ©mon knowing Baton Pass
|teampreview
|join|I<3Magikarp
|join|veludwig
|c| I<3Magikarp|SAND DOGE
|join|Lange98
|c|âDrReuniclus3|I don't play sand doge
|join|namehtmas
|c|âLiving Proof|Are you really going to forfeit?
|join|RELEASETHEMAGIKARP
|c|âDrReuniclus3|It scares me
|c| RELEASETHEMAGIKARP|hi dr
|c|âDrReuniclus3|and rapes me
|join|Emma Bae â¥
|join|watfor
|c|âDrReuniclus3|If you want me to play
|c|âDrReuniclus3|I won't really try
|c|âLiving Proof|It's your call
|c|âDrReuniclus3|But w\/e
|c| namehtmas|fite
|join|Wonto
|c| namehtmas|fite
|c|âDrReuniclus3|k
|c|âLiving Proof|I'm not gonna force you
|c|âDrReuniclus3|Idc
|c|âDrReuniclus3|let's just play
|c| RELEASETHEMAGIKARP|imo
|
|start
|switch|p1a: Atomic Mine|Forretress, M, shiny|354\/354
|switch|p2a: Kyurem|Kyurem|392\/392
|-ability|p2a: Kyurem|Pressure
|turn|1
|join|The_Milk_Man97
|join|dingbat
|
|move|p2a: Kyurem|Earth Power|p1a: Atomic Mine
|-crit|p1a: Atomic Mine
|-damage|p1a: Atomic Mine|158\/354
|-damage|p2a: Kyurem|353\/392|[from] item: Life Orb
|move|p1a: Atomic Mine|Spikes|p2a: Kyurem
|-sidestart|p2: DrReuniclus3|Spikes
|
|-heal|p1a: Atomic Mine|180\/354|[from] item: Leftovers
|turn|2
|c| RELEASETHEMAGIKARP|dr reuniclus is rekt by grass poison fire coverage
|leave|dingbat
|c| RELEASETHEMAGIKARP|i guess
|
|move|p2a: Kyurem|Earth Power|p1a: Atomic Mine
|-damage|p1a: Atomic Mine|36\/354
|-damage|p2a: Kyurem|314\/392|[from] item: Life Orb
|move|p1a: Atomic Mine|Gyro Ball|p2a: Kyurem
|-supereffective|p2a: Kyurem
|-damage|p2a: Kyurem|90\/392
|
|-heal|p1a: Atomic Mine|58\/354|[from] item: Leftovers
|turn|3
|c| RELEASETHEMAGIKARP|heheh
|c| RELEASETHEMAGIKARP|wont even 2hko
|
|switch|p1a: Diamond Dust|Vaporeon, F|449\/449
|move|p2a: Kyurem|Ice Beam|p1a: Diamond Dust
|-resisted|p1a: Diamond Dust
|-damage|p1a: Diamond Dust|352\/449
|-damage|p2a: Kyurem|51\/392|[from] item: Life Orb
|
|-heal|p1a: Diamond Dust|380\/449|[from] item: Leftovers
|turn|4
|c| RELEASETHEMAGIKARP|living proof ur invested srent u
|c| RELEASETHEMAGIKARP|*arent
|c|âLiving Proof|Mhm
|c| RELEASETHEMAGIKARP|okay
|leave|veludwig
|c| RELEASETHEMAGIKARP|do \/dt forry
|
|switch|p1a: Gaspless|Whimsicott, F, shiny|324\/324
|move|p2a: Kyurem|Draco Meteor|p1a: Gaspless
|-immune|p1a: Gaspless|[msg]
|
|turn|5
|
|move|p1a: Gaspless|Moonblast|p2a: Kyurem
|-supereffective|p2a: Kyurem
|-damage|p2a: Kyurem|0 fnt
|faint|p2a: Kyurem
|
|
|switch|p2a: Roserade|Roserade, M|261\/261
|-damage|p2a: Roserade|229\/261|[from] Spikes
|turn|6
|join|veludwig
|
|switch|p1a: Star Child|Cresselia, F, shiny|444\/444
|move|p2a: Roserade|Giga Drain|p1a: Star Child
|-damage|p1a: Star Child|318\/444
|-heal|p2a: Roserade|261\/261|[from] drain|[of] p1a: Star Child
|-damage|p2a: Roserade|235\/261|[from] item: Life Orb
|
|-heal|p1a: Star Child|345\/444|[from] item: Leftovers
|turn|7
|
|move|p2a: Roserade|Sleep Powder|p1a: Star Child
|-status|p1a: Star Child|slp
|cant|p1a: Star Child|slp
|
|-heal|p1a: Star Child|372\/444 slp|[from] item: Leftovers
|turn|8
|c| watfor|cress needs to stop
|
|switch|p2a: Jirachi|Jirachi|341\/341
|-damage|p2a: Jirachi|299\/341|[from] Spikes
|-curestatus|p1a: Star Child|slp
|move|p1a: Star Child|Psyshock|p2a: Jirachi
|-resisted|p2a: Jirachi
|-damage|p2a: Jirachi|280\/341
|
|-heal|p1a: Star Child|399\/444|[from] item: Leftovers
|turn|9
|c| watfor|;-;
|
|switch|p1a: Grand Stream|Hippowdon, M|419\/419
|-weather|Sandstorm
|move|p2a: Jirachi|Iron Head|p1a: Grand Stream
|-damage|p1a: Grand Stream|317\/419
|
|-weather|Sandstorm|[upkeep]
|turn|10
|
|switch|p2a: Swampert|Swampert, M|401\/401
|-damage|p2a: Swampert|351\/401|[from] Spikes
|move|p1a: Grand Stream|Stealth Rock|p2a: Swampert
|-sidestart|p2: DrReuniclus3|move: Stealth Rock
|
|-weather|Sandstorm|[upkeep]
|-heal|p2a: Swampert|376\/401|[from] item: Leftovers
|turn|11
|
|switch|p1a: Diamond Dust|Vaporeon, F|380\/449
|move|p2a: Swampert|Stealth Rock|p1a: Diamond Dust
|-sidestart|p1: Living Proof|move: Stealth Rock
|
|-weather|Sandstorm|[upkeep]
|-damage|p1a: Diamond Dust|352\/449|[from] sandstorm
|-heal|p1a: Diamond Dust|380\/449|[from] item: Leftovers
|-heal|p2a: Swampert|401\/401|[from] item: Leftovers
|turn|12
|
|switch|p2a: Roserade|Roserade, M|235\/261
|-damage|p2a: Roserade|203\/261|[from] Spikes
|-damage|p2a: Roserade|171\/261|[from] Stealth Rock
|move|p1a: Diamond Dust|Wish|p1a: Diamond Dust
|
|-weather|Sandstorm|[upkeep]
|-damage|p2a: Roserade|155\/261|[from] sandstorm
|-damage|p1a: Diamond Dust|352\/449|[from] sandstorm
|-heal|p1a: Diamond Dust|380\/449|[from] item: Leftovers
|turn|13
|
|switch|p1a: Star Child|Cresselia, F, shiny|399\/444
|-damage|p1a: Star Child|344\/444|[from] Stealth Rock
|move|p2a: Roserade|Giga Drain|p1a: Star Child
|-damage|p1a: Star Child|211\/444
|-heal|p2a: Roserade|222\/261|[from] drain|[of] p1a: Star Child
|-damage|p2a: Roserade|196\/261|[from] item: Life Orb
|
|-weather|Sandstorm|[upkeep]
|-damage|p2a: Roserade|180\/261|[from] sandstorm
|-damage|p1a: Star Child|184\/444|[from] sandstorm
|-heal|p1a: Star Child|408\/444|[from] move: Wish|[wisher] Diamond Dust
|-heal|p1a: Star Child|435\/444|[from] item: Leftovers
|turn|14
|join|parkigaM<3I
|
|switch|p2a: Jirachi|Jirachi|280\/341
|-damage|p2a: Jirachi|259\/341|[from] Stealth Rock
|-damage|p2a: Jirachi|217\/341|[from] Spikes
|move|p1a: Star Child|Psyshock|p2a: Jirachi
|-resisted|p2a: Jirachi
|-damage|p2a: Jirachi|197\/341
|
|-weather|Sandstorm|[upkeep]
|-damage|p1a: Star Child|408\/444|[from] sandstorm
|-heal|p1a: Star Child|435\/444|[from] item: Leftovers
|turn|15
|
|switch|p1a: Grand Stream|Hippowdon, M|317\/419
|-damage|p1a: Grand Stream|291\/419|[from] Stealth Rock
|move|p2a: Jirachi|U-turn|p1a: Grand Stream
|-damage|p1a: Grand Stream|230\/419
|
|switch|p2a: Alakazam|Alakazam, M|252\/252
|
|-weather|Sandstorm|[upkeep]
|turn|16
|
|detailschange|p2a: Alakazam|Alakazam-Mega, M
|message|Alakazam has Mega Evolved into Mega Alakazam!
|-ability|p2a: Alakazam|Sand Stream|[from] ability: Trace|[of] p1a: Grand Stream
|move|p2a: Alakazam|Psychic|p1a: Grand Stream
|-damage|p1a: Grand Stream|22\/419
|move|p1a: Grand Stream|Earthquake|p2a: Alakazam
|-damage|p2a: Alakazam|62\/252
|
|-weather|none
|turn|17
|c| RELEASETHEMAGIKARP|hello
|join|LessThanThreeMan
|c| RELEASETHEMAGIKARP|;-;
|join|Qwilphish
|c| Lange98|HELLO?
|c| Lange98|HELO!
|join|WiroMaster
|c| Lange98|HELLO!
|c| RELEASETHEMAGIKARP|hi hartman
|c|âDrReuniclus3|Hi
|join|LiberalLucario
|c| RELEASETHEMAGIKARP|hartman
|c| RELEASETHEMAGIKARP|hai
|c| LessThanThreeMan|hi
|c| Lange98|Sr.Hartman
|join|dingbop
|join|Fahyt
|
|move|p2a: Alakazam|Psyshock|p1a: Grand Stream
|-damage|p1a: Grand Stream|0 fnt
|faint|p1a: Grand Stream
|
|c|âLiving Proof|Both Psychic and Psyshock?
|c|âDrReuniclus3|Marth asked the same thing
|c|âDrReuniclus3|kek
|c| dingbop|probs 4 attack
|
|switch|p1a: Madness Hero|Stoutland, M, shiny|311\/311
|-damage|p1a: Madness Hero|273\/311|[from] Stealth Rock
|turn|18
|c|âDrReuniclus3|I'm just fun like that
|leave|parkigaM<3I
|c|âDrReuniclus3|What priority does stout get?
|c|âDrReuniclus3|or just gonna tank it
|c|âDrReuniclus3|idek
|leave|Emma Bae
|c| dingbop|stout is bulkier than you think
|c| Lange98|DAT SCARF STOUTLAND
|c|âLiving Proof|Tank, unless crit
|c|âDrReuniclus3|No
|c|âDrReuniclus3|I know its bulky
|c|âDrReuniclus3|But I hate this guy
|c|âDrReuniclus3|this stoutland
|c|âDrReuniclus3|he can die
|c|âDrReuniclus3|in hell
|c|âLiving Proof|MADNESS...HEROOOO
|c|âLiving Proof|!
|leave|LessThanThreeMan
|leave|watfor
|
|move|p2a: Alakazam|Psychic|p1a: Madness Hero
|-damage|p1a: Madness Hero|38\/311
|move|p1a: Madness Hero|Return|p2a: Alakazam
|-damage|p2a: Alakazam|0 fnt
|faint|p2a: Alakazam
|
|c| Lange98|uuuuuuuuh
|c| Lange98|bulkyness
|c|âLiving Proof|T
|c|âLiving Proof|A
|c|âLiving Proof|N
|c|âLiving Proof|K
|leave|veludwig
|join|veludwig
|
|switch|p2a: Jirachi|Jirachi|197\/341
|-damage|p2a: Jirachi|176\/341|[from] Stealth Rock
|-damage|p2a: Jirachi|134\/341|[from] Spikes
|turn|19
|c| Lange98|dat bulkyness
|join|Tipsy Russian
|c|âLiving Proof|Rest easy sweet doge
|
|move|p2a: Jirachi|Zen Headbutt|p1a: Madness Hero
|-crit|p1a: Madness Hero
|-damage|p1a: Madness Hero|0 fnt
|faint|p1a: Madness Hero
|
|c| Lange98|cirt!!1
|c| Lange98|lol
|
|switch|p1a: Star Child|Cresselia, F, shiny|435\/444
|-damage|p1a: Star Child|380\/444|[from] Stealth Rock
|turn|20
|
|switch|p2a: Swampert|Swampert, M|401\/401
|-damage|p2a: Swampert|376\/401|[from] Stealth Rock
|-damage|p2a: Swampert|326\/401|[from] Spikes
|move|p1a: Star Child|Substitute|p1a: Star Child
|-start|p1a: Star Child|Substitute
|-damage|p1a: Star Child|269\/444
|
|-heal|p1a: Star Child|296\/444|[from] item: Leftovers
|-heal|p2a: Swampert|351\/401|[from] item: Leftovers
|turn|21
|
|move|p1a: Star Child|Moonblast|p2a: Swampert
|-damage|p2a: Swampert|284\/401
|move|p2a: Swampert|Roar|p1a: Star Child
|drag|p1a: Atomic Mine|Forretress, M, shiny|58\/354
|-damage|p1a: Atomic Mine|14\/354|[from] Stealth Rock
|
|-heal|p2a: Swampert|309\/401|[from] item: Leftovers
|-heal|p1a: Atomic Mine|36\/354|[from] item: Leftovers
|turn|22
|c| Lange98|omg
|c| Lange98|17%
|c| Lange98|._.
|
|switch|p1a: Gaspless|Whimsicott, F, shiny|324\/324
|-damage|p1a: Gaspless|284\/324|[from] Stealth Rock
|move|p2a: Swampert|Earthquake|p1a: Gaspless
|-resisted|p1a: Gaspless
|-damage|p1a: Gaspless|216\/324
|
|-heal|p1a: Gaspless|236\/324|[from] item: Leftovers
|-heal|p2a: Swampert|334\/401|[from] item: Leftovers
|turn|23
|
|switch|p2a: Roserade|Roserade, M|180\/261
|-damage|p2a: Roserade|148\/261|[from] Stealth Rock
|-damage|p2a: Roserade|116\/261|[from] Spikes
|move|p1a: Gaspless|U-turn|p2a: Roserade
|-damage|p2a: Roserade|75\/261
|
|switch|p1a: Star Child|Cresselia, F, shiny|296\/444
|-damage|p1a: Star Child|241\/444|[from] Stealth Rock
|
|-heal|p1a: Star Child|268\/444|[from] item: Leftovers
|turn|24
|c|âLiving Proof|Predicting the sleep powder miss
|
|move|p2a: Roserade|Sleep Powder|p1a: Star Child
|-status|p1a: Star Child|slp
|cant|p1a: Star Child|slp
|
|-heal|p1a: Star Child|295\/444 slp|[from] item: Leftovers
|turn|25
|c| Lange98|lol
|
|switch|p1a: Atomic Mine|Forretress, M, shiny|36\/354
|-damage|p1a: Atomic Mine|0 fnt|[from] Stealth Rock
|faint|p1a: Atomic Mine
|move|p2a: Roserade|Sludge Bomb|p1: Atomic Mine|[notarget]
|-notarget
|
|
|switch|p1a: Gaspless|Whimsicott, F, shiny|236\/324
|-damage|p1a: Gaspless|196\/324|[from] Stealth Rock
|turn|26
|c| Lange98|dt switch
|
|move|p1a: Gaspless|U-turn|p2a: Roserade
|-damage|p2a: Roserade|29\/261
|c| Lange98|mh
|
|switch|p1a: Star Child|Cresselia, F, shiny|295\/444 slp
|-damage|p1a: Star Child|240\/444 slp|[from] Stealth Rock
|move|p2a: Roserade|Sludge Bomb|p1a: Star Child
|-damage|p1a: Star Child|72\/444 slp
|-damage|p2a: Roserade|3\/261|[from] item: Life Orb
|
|-heal|p1a: Star Child|99\/444 slp|[from] item: Leftovers
|turn|27
|c| Lange98|ok(?)
|c| Lange98|lol
|
|move|p2a: Roserade|Giga Drain|p1a: Star Child
|-damage|p1a: Star Child|0 fnt
|-heal|p2a: Roserade|53\/261|[from] drain|[of] p1a: Star Child
|-damage|p2a: Roserade|27\/261|[from] item: Life Orb
|faint|p1a: Star Child
|
|c| Lange98|hidden power fire+technician+life orb?*^*
|
|switch|p1a: Gaspless|Whimsicott, F, shiny|196\/324
|-damage|p1a: Gaspless|156\/324|[from] Stealth Rock
|turn|28
|leave|LiberalLucario
|
|move|p1a: Gaspless|U-turn|p2a: Roserade
|-damage|p2a: Roserade|0 fnt
|faint|p2a: Roserade
|join|LiberalLucario
|join|RowDog
|
|switch|p1a: Diamond Dust|Vaporeon, F|380\/449
|-damage|p1a: Diamond Dust|324\/449|[from] Stealth Rock
|
|-heal|p1a: Diamond Dust|352\/449|[from] item: Leftovers
|c|âDrReuniclus3|Now what to do
|join|meeowiekins
|join|khvhjf
|c| Tipsy Russian|tis is about to get realll stally
|c|âDrReuniclus3|Yeah
|leave|khvhjf
|c|âDrReuniclus3|ik
|c| Lange98|this is hard
|
|switch|p2a: Florges|Florges, F|360\/360
|-damage|p2a: Florges|315\/360|[from] Spikes
|-damage|p2a: Florges|270\/360|[from] Stealth Rock
|turn|29
|c| Lange98|vaporeon and whimsicott
|join|dingbop
|c| Lange98|4
|c| Lange98|the
|c| Lange98|win
|join|Bud Hertz
|c| Bud Hertz|drreuniclus
|
|move|p2a: Florges|Wish|p2a: Florges
|move|p1a: Diamond Dust|Scald|p2a: Florges
|-damage|p2a: Florges|210\/360
|
|-heal|p2a: Florges|232\/360|[from] item: Leftovers
|-heal|p1a: Diamond Dust|380\/449|[from] item: Leftovers
|turn|30
|c| Bud Hertz|you're killing
|c| Bud Hertz|these tourneys
|c|âDrReuniclus3|Because I'm haxing everyone
|c|âDrReuniclus3|and am bad
|c|âDrReuniclus3|tbh
|
|move|p2a: Florges|Moonblast|p1a: Diamond Dust
|-crit|p1a: Diamond Dust
|-damage|p1a: Diamond Dust|211\/449
|-unboost|p1a: Diamond Dust|spa|1
|move|p1a: Diamond Dust|Scald|p2a: Florges
|-damage|p2a: Florges|192\/360
|-status|p2a: Florges|brn
|
|-heal|p2a: Florges|360\/360 brn|[from] move: Wish|[wisher] Florges
|-heal|p1a: Diamond Dust|239\/449|[from] item: Leftovers
|-damage|p2a: Florges|315\/360 brn|[from] brn
|turn|31
|c|âDrReuniclus3|see
|
|move|p2a: Florges|Aromatherapy|p2a: Florges
|-cureteam|p2a: Florges|[from] move: Aromatherapy
|move|p1a: Diamond Dust|Wish|p1a: Diamond Dust
|
|-heal|p2a: Florges|337\/360|[from] item: Leftovers
|-heal|p1a: Diamond Dust|267\/449|[from] item: Leftovers
|turn|32
|join|Tipsy Russian
|
|move|p2a: Florges|Moonblast|p1a: Diamond Dust
|-damage|p1a: Diamond Dust|156\/449
|move|p1a: Diamond Dust|Wish|p1a: Diamond Dust
|-fail|p1a: Diamond Dust
|
|-heal|p1a: Diamond Dust|380\/449|[from] move: Wish|[wisher] Diamond Dust
|-heal|p2a: Florges|359\/360|[from] item: Leftovers
|-heal|p1a: Diamond Dust|408\/449|[from] item: Leftovers
|turn|33
|c|âLiving Proof|Powerful misclick
|
|move|p2a: Florges|Wish|p2a: Florges
|move|p1a: Diamond Dust|Wish|p1a: Diamond Dust
|
|-heal|p2a: Florges|360\/360|[from] item: Leftovers
|-heal|p1a: Diamond Dust|436\/449|[from] item: Leftovers
|turn|34
|c| RowDog|rather
|c| Lange98|ahahah
|join|I<3Magikarp
|
|move|p2a: Florges|Moonblast|p1a: Diamond Dust
|-damage|p1a: Diamond Dust|316\/449
|move|p1a: Diamond Dust|Scald|p2a: Florges
|-damage|p2a: Florges|314\/360
|
|-heal|p1a: Diamond Dust|449\/449|[from] move: Wish|[wisher] Diamond Dust
|-heal|p2a: Florges|360\/360|[from] move: Wish|[wisher] Florges
|turn|35
|
|move|p2a: Florges|Wish|p2a: Florges
|move|p1a: Diamond Dust|Wish|p1a: Diamond Dust
|
|turn|36
|
|move|p2a: Florges|Moonblast|p1a: Diamond Dust
|-damage|p1a: Diamond Dust|323\/449
|move|p1a: Diamond Dust|Scald|p2a: Florges
|-damage|p2a: Florges|318\/360
|
|-heal|p1a: Diamond Dust|449\/449|[from] move: Wish|[wisher] Diamond Dust
|-heal|p2a: Florges|360\/360|[from] move: Wish|[wisher] Florges
|turn|37
|
|move|p2a: Florges|Moonblast|p1a: Diamond Dust
|-damage|p1a: Diamond Dust|329\/449
|move|p1a: Diamond Dust|Wish|p1a: Diamond Dust
|
|-heal|p1a: Diamond Dust|357\/449|[from] item: Leftovers
|turn|38
|leave|meeowiekins
|
|move|p2a: Florges|Moonblast|p1a: Diamond Dust
|-damage|p1a: Diamond Dust|237\/449
|move|p1a: Diamond Dust|Baton Pass|p1a: Diamond Dust
|
|switch|p1a: Gaspless|Whimsicott, F, shiny|156\/324
|-damage|p1a: Gaspless|116\/324|[from] Stealth Rock
|
|-heal|p1a: Gaspless|324\/324|[from] move: Wish|[wisher] Diamond Dust
|turn|39
|join|poonHunter (D>D)
|leave|veludwig
|
|move|p1a: Gaspless|Moonblast|p2a: Florges
|-damage|p2a: Florges|323\/360
|-unboost|p2a: Florges|spa|1
|move|p2a: Florges|Moonblast|p1a: Gaspless
|-damage|p1a: Gaspless|225\/324
|
|-heal|p1a: Gaspless|245\/324|[from] item: Leftovers
|-heal|p2a: Florges|345\/360|[from] item: Leftovers
|turn|40
|c| poonHunter (D>D)|ayyy
|c| poonHunter (D>D)|this looks like
|c| poonHunter (D>D)|fun
|
|move|p1a: Gaspless|U-turn|p2a: Florges
|-resisted|p2a: Florges
|-damage|p2a: Florges|331\/360
|
|switch|p1a: Diamond Dust|Vaporeon, F|237\/449
|-damage|p1a: Diamond Dust|181\/449|[from] Stealth Rock
|move|p2a: Florges|Moonblast|p1a: Diamond Dust
|-damage|p1a: Diamond Dust|100\/449
|
|-heal|p2a: Florges|353\/360|[from] item: Leftovers
|-heal|p1a: Diamond Dust|128\/449|[from] item: Leftovers
|turn|41
|c|âDrReuniclus3|crit here
|c|âDrReuniclus3|go
|c|âDrReuniclus3|rite?
|
|move|p1a: Diamond Dust|Protect|p1a: Diamond Dust
|-singleturn|p1a: Diamond Dust|Protect
|move|p2a: Florges|Moonblast|p1a: Diamond Dust
|-activate|p1a: Diamond Dust|Protect
|
|-heal|p2a: Florges|360\/360|[from] item: Leftovers
|-heal|p1a: Diamond Dust|156\/449|[from] item: Leftovers
|turn|42
|c|âDrReuniclus3|nop
|c| RowDog|denied
|
|move|p2a: Florges|Moonblast|p1a: Diamond Dust
|-damage|p1a: Diamond Dust|80\/449
|move|p1a: Diamond Dust|Wish|p1a: Diamond Dust
|
|-heal|p1a: Diamond Dust|108\/449|[from] item: Leftovers
|turn|43
|
|move|p1a: Diamond Dust|Protect|p1a: Diamond Dust
|-singleturn|p1a: Diamond Dust|Protect
|move|p2a: Florges|Wish|p2a: Florges
|
|-heal|p1a: Diamond Dust|332\/449|[from] move: Wish|[wisher] Diamond Dust
|-heal|p1a: Diamond Dust|360\/449|[from] item: Leftovers
|turn|44
|c| Lange98|dat stall time!
|
|move|p2a: Florges|Moonblast|p1a: Diamond Dust
|-damage|p1a: Diamond Dust|285\/449
|-unboost|p1a: Diamond Dust|spa|1
|move|p1a: Diamond Dust|Scald|p2a: Florges
|-damage|p2a: Florges|318\/360
|
|-heal|p2a: Florges|360\/360|[from] move: Wish|[wisher] Florges
|-heal|p1a: Diamond Dust|313\/449|[from] item: Leftovers
|turn|45
|join|watfor
|leave|watfor
|c|âLiving Proof|Gets all the Sp. atk drops
|c|âLiving Proof|I get no burns
|
|move|p2a: Florges|Wish|p2a: Florges
|move|p1a: Diamond Dust|Scald|p2a: Florges
|-damage|p2a: Florges|317\/360
|-status|p2a: Florges|brn
|
|-heal|p2a: Florges|339\/360 brn|[from] item: Leftovers
|-heal|p1a: Diamond Dust|341\/449|[from] item: Leftovers
|-damage|p2a: Florges|294\/360 brn|[from] brn
|turn|46
|c|âLiving Proof|There we go
|c|âLiving Proof|Gotta talk shit about it
|c|âDrReuniclus3|good comment
|
|switch|p2a: Jirachi|Jirachi|134\/341
|-damage|p2a: Jirachi|113\/341|[from] Stealth Rock
|-damage|p2a: Jirachi|71\/341|[from] Spikes
|move|p1a: Diamond Dust|Scald|p2a: Jirachi
|-damage|p2a: Jirachi|5\/341
|-status|p2a: Jirachi|brn
|
|-heal|p2a: Jirachi|185\/341 brn|[from] move: Wish|[wisher] Florges
|-heal|p1a: Diamond Dust|369\/449|[from] item: Leftovers
|-damage|p2a: Jirachi|143\/341 brn|[from] brn
|turn|47
|c|âDrReuniclus3|y u burn
|c|âDrReuniclus3|qq
|c|âLiving Proof|You have aroma
|
|move|p1a: Diamond Dust|Protect|p1a: Diamond Dust
|-singleturn|p1a: Diamond Dust|Protect
|move|p2a: Jirachi|Trick|p1a: Diamond Dust
|-activate|p1a: Diamond Dust|Protect
|
|-heal|p1a: Diamond Dust|397\/449|[from] item: Leftovers
|-damage|p2a: Jirachi|101\/341 brn|[from] brn
|turn|48
|c| Bud Hertz|doesn't florges outstall
|c| Bud Hertz|everything?
|
|switch|p2a: Florges|Florges, F|294\/360 brn
|-damage|p2a: Florges|249\/360 brn|[from] Stealth Rock
|-damage|p2a: Florges|204\/360 brn|[from] Spikes
|switch|p1a: Gaspless|Whimsicott, F, shiny|245\/324
|-damage|p1a: Gaspless|205\/324|[from] Stealth Rock
|
|-heal|p1a: Gaspless|225\/324|[from] item: Leftovers
|-heal|p2a: Florges|226\/360 brn|[from] item: Leftovers
|-damage|p2a: Florges|181\/360 brn|[from] brn
|turn|49
|c| LiberalLucario|yeah
|c| RowDog|depends on how many burns he gets
|c| LiberalLucario|i mean
|c| LiberalLucario|it can still wish pass to oblivion
|
|move|p1a: Gaspless|Giga Drain|p2a: Florges
|-damage|p2a: Florges|135\/360 brn
|-heal|p1a: Gaspless|248\/324|[from] drain|[of] p2a: Florges
|move|p2a: Florges|Aromatherapy|p2a: Florges
|-cureteam|p2a: Florges|[from] move: Aromatherapy
|
|-heal|p1a: Gaspless|268\/324|[from] item: Leftovers
|-heal|p2a: Florges|157\/360|[from] item: Leftovers
|turn|50
|c| Lange98|omg
|join|Calloflochie
|c| Lange98|13%
|
|move|p1a: Gaspless|Encore|p2a: Florges
|-start|p2a: Florges|Encore
|move|p2a: Florges|Aromatherapy|p2a: Florges
|-cureteam|p2a: Florges|[from] move: Aromatherapy
|
|-heal|p1a: Gaspless|288\/324|[from] item: Leftovers
|-heal|p2a: Florges|179\/360|[from] item: Leftovers
|turn|51
|c|âDrReuniclus3|poopy
|c| LiberalLucario|gotem.
|c| Lange98|ahahahaha
|join|meeowiekins
|c| LiberalLucario|i think
|c| LiberalLucario|whimsi wins
|c| RowDog|does that waste another PP?
|join|watfor
|c| Lange98|yeah
|c| meeowiekins|fking hell this game is long
|c| LiberalLucario|yes row 
|leave|watfor
|
|switch|p2a: Swampert|Swampert, M|334\/401
|-damage|p2a: Swampert|309\/401|[from] Stealth Rock
|-damage|p2a: Swampert|259\/401|[from] Spikes
|move|p1a: Gaspless|Moonblast|p2a: Swampert
|-damage|p2a: Swampert|159\/401
|
|-heal|p1a: Gaspless|308\/324|[from] item: Leftovers
|-heal|p2a: Swampert|184\/401|[from] item: Leftovers
|turn|52
|
|move|p1a: Gaspless|Giga Drain|p2a: Swampert
|-supereffective|p2a: Swampert
|-damage|p2a: Swampert|0 fnt
|-heal|p1a: Gaspless|324\/324|[from] drain|[of] p2a: Swampert
|faint|p2a: Swampert
|
|c| RowDog|nb
|leave|poonHunter (D>D)
|
|switch|p2a: Jirachi|Jirachi|101\/341
|-damage|p2a: Jirachi|59\/341|[from] Spikes
|-damage|p2a: Jirachi|38\/341|[from] Stealth Rock
|turn|53
|c|âDrReuniclus3|Now this
|c|âDrReuniclus3|is a problem
|c|âDrReuniclus3|tbh
|
|move|p2a: Jirachi|Iron Head|p1a: Gaspless
|-crit|p1a: Gaspless
|-supereffective|p1a: Gaspless
|-damage|p1a: Gaspless|0 fnt
|faint|p1a: Gaspless
|
|join|veludwig
|
|switch|p1a: Diamond Dust|Vaporeon, F|397\/449
|-damage|p1a: Diamond Dust|341\/449|[from] Stealth Rock
|turn|54
|c| RowDog|flinch to death?
|
|move|p2a: Jirachi|Iron Head|p1a: Diamond Dust
|-resisted|p1a: Diamond Dust
|-damage|p1a: Diamond Dust|287\/449
|cant|p1a: Diamond Dust|flinch
|
|-heal|p1a: Diamond Dust|315\/449|[from] item: Leftovers
|turn|55
|leave|Calloflochie
|leave|Bud Hertz
|
|move|p2a: Jirachi|Iron Head|p1a: Diamond Dust
|-resisted|p1a: Diamond Dust
|-damage|p1a: Diamond Dust|258\/449
|cant|p1a: Diamond Dust|flinch
|
|-heal|p1a: Diamond Dust|286\/449|[from] item: Leftovers
|turn|56
|c| RowDog|actually he can't
|
|move|p2a: Jirachi|Iron Head|p1a: Diamond Dust
|-resisted|p1a: Diamond Dust
|-damage|p1a: Diamond Dust|225\/449
|move|p1a: Diamond Dust|Wish|p1a: Diamond Dust
|
|-heal|p1a: Diamond Dust|253\/449|[from] item: Leftovers
|turn|57
|
|move|p2a: Jirachi|Iron Head|p1a: Diamond Dust
|-resisted|p1a: Diamond Dust
|-damage|p1a: Diamond Dust|195\/449
|move|p1a: Diamond Dust|Scald|p2a: Jirachi
|-crit|p2a: Jirachi
|-damage|p2a: Jirachi|0 fnt
|faint|p2a: Jirachi
|
|-heal|p1a: Diamond Dust|419\/449|[from] move: Wish|[wisher] Diamond Dust
|-heal|p1a: Diamond Dust|447\/449|[from] item: Leftovers
|
|switch|p2a: Florges|Florges, F|179\/360
|-damage|p2a: Florges|134\/360|[from] Spikes
|-damage|p2a: Florges|89\/360|[from] Stealth Rock
|turn|58
|c| LiberalLucario|now
|c| LiberalLucario|i wonder
|c| LiberalLucario|why you sacked whimsi
|c| Lange98|omg vaporeon for the win
|c| LiberalLucario|when it beat florges
|c| LiberalLucario|but uh
|c| LiberalLucario|ok
|c|âDrReuniclus3|He predicted trick
|c| LiberalLucario|and trick still wouldn't have mattered
|c|âLiving Proof|I was going to U-Turn
|c|âDrReuniclus3|and didn't want to criple vap
|c|âLiving Proof|But he Crit me
|c|âDrReuniclus3|o
|c|âDrReuniclus3|I was gonna flinch tho
|c|âDrReuniclus3|ofc
|c| LiberalLucario|^
|c|âDrReuniclus3|with jirachi
|c| RowDog|How much would it have survived on?
|join|dingbat
|join|TheManOfMany23
|c|âLiving Proof|252 Atk Jirachi Iron Head vs. 252 HP \/ 0+ Def Whimsicott: 228-270 (70.3 - 83.3%) -- guaranteed 2HKO after Leftovers recovery
|leave|dingbat
|c| RowDog|ok, nb
|c| RowDog|and it was at 100%?
|c|âLiving Proof|I was gonna stay in to see what he wanted to lock himself in too
|join|MrAldoPls
|c|âLiving Proof|Yes, I was
|c| RowDog|yeah
|leave|Tipsy Russian
|c| The_Milk_Man97|goooooooooooo
|c| RowDog|then the crit did matter
|
|move|p2a: Florges|Protect|p2a: Florges
|-singleturn|p2a: Florges|Protect
|move|p1a: Diamond Dust|Scald|p2a: Florges
|-activate|p2a: Florges|Protect
|
|-heal|p2a: Florges|111\/360|[from] item: Leftovers
|-heal|p1a: Diamond Dust|449\/449|[from] item: Leftovers
|turn|59
|c|âLiving Proof|BUt he can't outstall me
|c| TheManOfMany23|good thing your vaporeon is fully invested in SpA -_-
|c| RowDog|because even if it flinch you could have switched
|c|âLiving Proof|I have Baton Pass
|c| Lange98|lol
|c|âDrReuniclus3|opoop
|c|âLiving Proof|Exactly, Row Dog
|c| Lange98|for the momentum
|
|move|p2a: Florges|Wish|p2a: Florges
|move|p1a: Diamond Dust|Scald|p2a: Florges
|-damage|p2a: Florges|45\/360
|-status|p2a: Florges|brn
|
|-heal|p2a: Florges|67\/360 brn|[from] item: Leftovers
|-damage|p2a: Florges|22\/360 brn|[from] brn
|turn|60
|c| TheManOfMany23|you have heal bell?
|join|Bud Hertz
|c| Lange98|uuuuuuuuuuuuuuu
|c| Lange98|gg
|
|move|p2a: Florges|Protect|p2a: Florges
|-singleturn|p2a: Florges|Protect
|move|p1a: Diamond Dust|Scald|p2a: Florges
|-activate|p2a: Florges|Protect
|
|-heal|p2a: Florges|202\/360 brn|[from] move: Wish|[wisher] Florges
|-heal|p2a: Florges|224\/360 brn|[from] item: Leftovers
|-damage|p2a: Florges|179\/360 brn|[from] brn
|turn|61
|c| Lange98|gg wp
|c| TheManOfMany23|vaporeon has a base 110 SpA this is inexcusable
|
|move|p2a: Florges|Aromatherapy|p2a: Florges
|-cureteam|p2a: Florges|[from] move: Aromatherapy
|move|p1a: Diamond Dust|Scald|p2a: Florges
|-damage|p2a: Florges|113\/360
|
|-heal|p2a: Florges|135\/360|[from] item: Leftovers
|turn|62
|c| Lange98|scald spam
|c| Lange98|burn?
|c| Lange98|ok
|
|move|p2a: Florges|Wish|p2a: Florges
|move|p1a: Diamond Dust|Scald|p2a: Florges
|-damage|p2a: Florges|69\/360
|
|-heal|p2a: Florges|91\/360|[from] item: Leftovers
|turn|63
|c| TheManOfMany23|crit
|c| Lange98|burn?
|
|move|p2a: Florges|Protect|p2a: Florges
|-singleturn|p2a: Florges|Protect
|move|p1a: Diamond Dust|Scald|p2a: Florges
|-activate|p2a: Florges|Protect
|
|-heal|p2a: Florges|271\/360|[from] move: Wish|[wisher] Florges
|-heal|p2a: Florges|293\/360|[from] item: Leftovers
|turn|64
|c| Lange98|ok
|c| MrAldoPls|scald doesnt burn
|c| Bud Hertz|how many scalds
|c| Bud Hertz|are left?
|c| MrAldoPls|everything is a lie
|c| TheManOfMany23|next time, use work up
|
|move|p2a: Florges|Moonblast|p1a: Diamond Dust
|-damage|p1a: Diamond Dust|331\/449
|-unboost|p1a: Diamond Dust|spa|1
|move|p1a: Diamond Dust|Baton Pass|p1a: Diamond Dust
|-fail|p1a: Diamond Dust
|
|-heal|p2a: Florges|315\/360|[from] item: Leftovers
|-heal|p1a: Diamond Dust|359\/449|[from] item: Leftovers
|turn|65
|c| TheManOfMany23|gg
|
|move|p2a: Florges|Moonblast|p1a: Diamond Dust
|-damage|p1a: Diamond Dust|242\/449
|-unboost|p1a: Diamond Dust|spa|1
|move|p1a: Diamond Dust|Baton Pass|p1a: Diamond Dust
|-fail|p1a: Diamond Dust
|
|-heal|p2a: Florges|337\/360|[from] item: Leftovers
|-heal|p1a: Diamond Dust|270\/449|[from] item: Leftovers
|turn|66
|
|move|p2a: Florges|Moonblast|p1a: Diamond Dust
|-damage|p1a: Diamond Dust|152\/449
|move|p1a: Diamond Dust|Wish|p1a: Diamond Dust
|
|-heal|p2a: Florges|359\/360|[from] item: Leftovers
|-heal|p1a: Diamond Dust|180\/449|[from] item: Leftovers
|turn|67
|c| The_Milk_Man97|Thats gg
|c| Lange98|ok
|c| Lange98|gg
|c| Lange98|now
|c| TheManOfMany23|I mean you could really struggle if you wanted to, right?
|c| Bud Hertz|crit here
|
|move|p1a: Diamond Dust|Protect|p1a: Diamond Dust
|-singleturn|p1a: Diamond Dust|Protect
|move|p2a: Florges|Wish|p2a: Florges
|
|-heal|p1a: Diamond Dust|404\/449|[from] move: Wish|[wisher] Diamond Dust
|-heal|p2a: Florges|360\/360|[from] item: Leftovers
|-heal|p1a: Diamond Dust|432\/449|[from] item: Leftovers
|turn|68
|leave|The_Milk_Man97
|c|âLiving Proof|I'll outlast him
|leave|meeowiekins
|c|âDrReuniclus3|Yeah
|c| Lange98|crit and burn
|c|âDrReuniclus3|he outlasts
|c| Lange98|for 4 hits
|c|âDrReuniclus3|But If I bleve
|c|âLiving Proof|Baton Pass has 64 PP
|c|âDrReuniclus3|I cannot achieve
|
|move|p2a: Florges|Moonblast|p1a: Diamond Dust
|-damage|p1a: Diamond Dust|314\/449
|move|p1a: Diamond Dust|Scald|p2a: Florges
|-damage|p2a: Florges|330\/360
|
|-heal|p2a: Florges|360\/360|[from] move: Wish|[wisher] Florges
|-heal|p1a: Diamond Dust|342\/449|[from] item: Leftovers
|turn|69
|join|poonHunter (D>D)
|
|move|p2a: Florges|Moonblast|p1a: Diamond Dust
|-damage|p1a: Diamond Dust|221\/449
|move|p1a: Diamond Dust|Baton Pass|p1a: Diamond Dust
|-fail|p1a: Diamond Dust
|
|-heal|p1a: Diamond Dust|249\/449|[from] item: Leftovers
|turn|70
|c| poonHunter (D>D)|.-.
|
|move|p2a: Florges|Protect|p2a: Florges
|-singleturn|p2a: Florges|Protect
|move|p1a: Diamond Dust|Wish|p1a: Diamond Dust
|
|-heal|p1a: Diamond Dust|277\/449|[from] item: Leftovers
|turn|71
|c| TheManOfMany23|don't do this
|c| poonHunter (D>D)|is this guna end soon
|c|âLiving Proof|Like 30 more turns
|c| RowDog|no
|c|âDrReuniclus3|You guys want me to just forfeit?
|c|âDrReuniclus3|to end this?
|c| RowDog|your choice
|c| poonHunter (D>D)|^
|c| TheManOfMany23|chooossee
|join|CaptainUnknown
|c| RowDog|donât let the spectators make your decision
|-message|DrReuniclus3 forfeited.
|
|win|Living Proof
|c|âDrReuniclus3|k
|c|âLiving Proof|Welplaid
|leave|poonHunter (D>D)
|leave|Wonto
|c|âDrReuniclus3|gg
|c| TheManOfMany23|good job Dr
|c| Lange98|lol
|leave|DrReuniclus3
|player|p2
|leave|Living Proof
|player|p1
|leave|Fahyt
|c| TheManOfMany23|you made the ethical choice
|leave|Lange98
|leave|CaptainUnknown
|leave|veludwig
|leave|RowDog
|join|Emma Bae
|leave|MrAldoPls
|leave|Emma Bae
|leave|Bud Hertz