|join|DrReuniclus3
|join|KingPuff Alt
|player|p1|DrReuniclus3|147
|player|p2|KingPuff Alt|156
|gametype|singles
|gen|6
|tier|UU
|rule|Sleep Clause Mod: Limit one foe put to sleep
|rule|Species Clause: Limit one of each PokÃ©mon
|rule|OHKO Clause: OHKO moves are banned
|rule|Moody Clause: Moody is banned
|rule|Evasion Moves Clause: Evasion moves are banned
|rule|Endless Battle Clause: Forcing endless battles is banned
|rule|HP Percentage Mod: HP is shown in percentages
|clearpoke
|poke|p1|Zygarde
|poke|p1|Jirachi
|poke|p1|Vaporeon, F
|poke|p1|Forretress, F
|poke|p1|Entei, shiny
|poke|p1|Porygon-Z
|poke|p2|Glalie, M
|poke|p2|Swampert, M
|poke|p2|Zygarde
|poke|p2|Chandelure, M
|poke|p2|Florges, F
|poke|p2|Raikou
|rule|Swagger Clause: Swagger is banned
|rule|Baton Pass Clause: Limit one PokÃ©mon knowing Baton Pass
|teampreview
|join|BIG SEAN'S ADLIBS
|join|TehMrPorkyman
|c|âKingPuff Alt|gl
|c|âDrReuniclus3|u 2
|join|Duskt70
|join|WishingJirachi7
|
|start
|switch|p1a: Porygon-Z|Porygon-Z|311\/311
|switch|p2a: Florges|Florges, F|359\/359
|turn|1
|c| WishingJirachi7|\/me fanboy scream
|c| WishingJirachi7|A Chandelure <3
|c|âKingPuff Alt|lol
|
|switch|p1a: Forretress|Forretress, F|354\/354
|move|p2a: Florges|Moonblast|p1a: Forretress
|-resisted|p1a: Forretress
|-damage|p1a: Forretress|240\/354
|
|-heal|p1a: Forretress|262\/354|[from] item: Leftovers
|turn|2
|c| TehMrPorkyman|Puff i always believed in u pls win
|
|move|p2a: Florges|Hidden Power|p1a: Forretress
|-supereffective|p1a: Forretress
|-damage|p1a: Forretress|0 fnt
|faint|p1a: Forretress
|
|c|âDrReuniclus3|lol
|c|âKingPuff Alt|ill try o3o
|c| WishingJirachi7|hp fire
|c|âDrReuniclus3|I just got played
|join|Davmb
|c| WishingJirachi7|must be calm mind
|c| TehMrPorkyman|puff tru mvp
|
|switch|p1a: Jirachi|Jirachi|341\/341
|turn|3
|
|switch|p2a: Raikou|Raikou|321\/321
|-ability|p2a: Raikou|Pressure
|move|p1a: Jirachi|Zen Headbutt|p2a: Raikou
|-damage|p2a: Raikou|176\/321
|
|-heal|p2a: Raikou|196\/321|[from] item: Leftovers
|turn|4
|
|move|p1a: Jirachi|Zen Headbutt|p2a: Raikou
|-damage|p2a: Raikou|57\/321
|move|p2a: Raikou|Shadow Ball|p1a: Jirachi
|-crit|p1a: Jirachi
|-supereffective|p1a: Jirachi
|-damage|p1a: Jirachi|93\/341
|
|-heal|p2a: Raikou|77\/321|[from] item: Leftovers
|turn|5
|c|âKingPuff Alt|#scopelens
|c| WishingJirachi7|miss
|
|move|p1a: Jirachi|Zen Headbutt|p2a: Raikou
|-damage|p2a: Raikou|0 fnt
|faint|p2a: Raikou
|
|join|getready4UU
|join|scoutisout
|c|âDrReuniclus3|#no 6-0
|
|switch|p2a: Swampert|Swampert, M|403\/403
|turn|6
|c|âKingPuff Alt|lol
|
|switch|p1a: Porygon-Z|Porygon-Z|311\/311
|move|p2a: Swampert|Earthquake|p1a: Porygon-Z
|-damage|p1a: Porygon-Z|95\/311
|
|turn|7
|
|move|p1a: Porygon-Z|Dark Pulse|p2a: Swampert
|-damage|p2a: Swampert|251\/403
|move|p2a: Swampert|Earthquake|p1a: Porygon-Z
|-damage|p1a: Porygon-Z|0 fnt
|faint|p1a: Porygon-Z
|
|-heal|p2a: Swampert|276\/403|[from] item: Leftovers
|
|switch|p1a: Zygarde|Zygarde|407\/407
|-ability|p1a: Zygarde|Aura Break
|turn|8
|
|move|p1a: Zygarde|Substitute|p1a: Zygarde
|-start|p1a: Zygarde|Substitute
|-damage|p1a: Zygarde|306\/407
|move|p2a: Swampert|Ice Punch|p1a: Zygarde
|-supereffective|p1a: Zygarde
|-end|p1a: Zygarde|Substitute
|
|-heal|p1a: Zygarde|331\/407|[from] item: Leftovers
|-heal|p2a: Swampert|301\/403|[from] item: Leftovers
|turn|9
|c| TehMrPorkyman|damn
|
|switch|p1a: Vaporeon|Vaporeon, F|451\/451
|move|p2a: Swampert|Ice Punch|p1a: Vaporeon
|-resisted|p1a: Vaporeon
|-damage|p1a: Vaporeon|401\/451
|
|-heal|p1a: Vaporeon|429\/451|[from] item: Leftovers
|-heal|p2a: Swampert|326\/403|[from] item: Leftovers
|turn|10
|join|waiv
|
|switch|p2a: Florges|Florges, F|359\/359
|move|p1a: Vaporeon|Scald|p2a: Florges
|-damage|p2a: Florges|311\/359
|
|-heal|p1a: Vaporeon|451\/451|[from] item: Leftovers
|turn|11
|leave|waiv
|
|switch|p1a: Jirachi|Jirachi|93\/341
|move|p2a: Florges|Moonblast|p1a: Jirachi
|-resisted|p1a: Jirachi
|-damage|p1a: Jirachi|11\/341
|
|turn|12
|join|Oregon Ducks
|
|switch|p2a: Zygarde|Zygarde|357\/357
|-ability|p2a: Zygarde|Aura Break
|move|p1a: Jirachi|Trick|p2a: Zygarde
|-activate|p1a: Jirachi|move: Trick|[of] p2a: Zygarde
|-item|p2a: Zygarde|Choice Scarf|[from] move: Trick
|-item|p1a: Jirachi|Leftovers|[from] move: Trick
|
|-heal|p1a: Jirachi|32\/341|[from] item: Leftovers
|turn|13
|
|move|p2a: Zygarde|Earthquake|p1a: Jirachi
|-supereffective|p1a: Jirachi
|-damage|p1a: Jirachi|0 fnt
|faint|p1a: Jirachi
|
|
|switch|p1a: Zygarde|Zygarde|331\/407
|-ability|p1a: Zygarde|Aura Break
|turn|14
|
|switch|p2a: Florges|Florges, F|311\/359
|move|p1a: Zygarde|Coil|p1a: Zygarde
|-boost|p1a: Zygarde|atk|1
|-boost|p1a: Zygarde|def|1
|-boost|p1a: Zygarde|accuracy|1
|
|-heal|p1a: Zygarde|356\/407|[from] item: Leftovers
|turn|15
|
|move|p1a: Zygarde|Earthquake|p2a: Florges
|-damage|p2a: Florges|59\/359
|move|p2a: Florges|Moonblast|p1a: Zygarde
|-supereffective|p1a: Zygarde
|-damage|p1a: Zygarde|114\/407
|
|-heal|p1a: Zygarde|139\/407|[from] item: Leftovers
|turn|16
|
|move|p1a: Zygarde|Earthquake|p2a: Florges
|-damage|p2a: Florges|0 fnt
|faint|p2a: Florges
|
|-heal|p1a: Zygarde|164\/407|[from] item: Leftovers
|
|switch|p2a: Glalie|Glalie, M|301\/301
|turn|17
|
|switch|p1a: Entei|Entei, shiny|371\/371
|-ability|p1a: Entei|Pressure
|detailschange|p2a: Glalie|Glalie-Mega, M
|-mega|p2a: Glalie|Glalie|Glalitite
|move|p2a: Glalie|Ice Shard|p1a: Entei
|-resisted|p1a: Entei
|-damage|p1a: Entei|329\/371
|
|turn|18
|
|switch|p2a: Chandelure|Chandelure, M|261\/261
|move|p1a: Entei|Sacred Fire|p2a: Chandelure
|-start|p2a: Chandelure|ability: Flash Fire
|
|turn|19
|c|âDrReuniclus3|kek
|c| scoutisout|ugh
|c|âDrReuniclus3|I'm bad
|c| scoutisout|^
|c|âDrReuniclus3|scout
|c|âKingPuff Alt|lel
|c|âDrReuniclus3|plz
|c| TehMrPorkyman|well
|
|switch|p1a: Vaporeon|Vaporeon, F|451\/451
|move|p2a: Chandelure|Shadow Ball|p1a: Vaporeon
|-damage|p1a: Vaporeon|321\/451
|
|-heal|p1a: Vaporeon|349\/451|[from] item: Leftovers
|turn|20
|c| TehMrPorkyman|this was fun
|
|switch|p2a: Swampert|Swampert, M|326\/403
|move|p1a: Vaporeon|Scald|p2a: Swampert
|-damage|p2a: Swampert|215\/403
|
|-heal|p1a: Vaporeon|377\/451|[from] item: Leftovers
|-heal|p2a: Swampert|240\/403|[from] item: Leftovers
|turn|21
|c|âKingPuff Alt|im gonna get burned
|c|âKingPuff Alt|calling it
|
|move|p1a: Vaporeon|Scald|p2a: Swampert
|-damage|p2a: Swampert|132\/403
|move|p2a: Swampert|Earthquake|p1a: Vaporeon
|-damage|p1a: Vaporeon|205\/451
|
|-heal|p1a: Vaporeon|233\/451|[from] item: Leftovers
|-heal|p2a: Swampert|157\/403|[from] item: Leftovers
|turn|22
|c|âDrReuniclus3|Gimme the burn
|
|move|p1a: Vaporeon|Protect|p1a: Vaporeon
|-singleturn|p1a: Vaporeon|Protect
|move|p2a: Swampert|Earthquake|p1a: Vaporeon
|-activate|p1a: Vaporeon|Protect
|
|-heal|p1a: Vaporeon|261\/451|[from] item: Leftovers
|-heal|p2a: Swampert|182\/403|[from] item: Leftovers
|turn|23
|join|nick151
|c|âKingPuff Alt|#scopelenscomethrough
|
|move|p1a: Vaporeon|Wish|p1a: Vaporeon
|move|p2a: Swampert|Earthquake|p1a: Vaporeon
|-damage|p1a: Vaporeon|60\/451
|
|-heal|p1a: Vaporeon|88\/451|[from] item: Leftovers
|-heal|p2a: Swampert|207\/403|[from] item: Leftovers
|turn|24
|c| nick151|close
|
|switch|p2a: Zygarde|Zygarde|357\/357
|-ability|p2a: Zygarde|Aura Break
|move|p1a: Vaporeon|Protect|p1a: Vaporeon
|-fail|p1a: Vaporeon
|
|-heal|p1a: Vaporeon|313\/451|[from] move: Wish|[wisher] Vaporeon
|-heal|p1a: Vaporeon|341\/451|[from] item: Leftovers
|turn|25
|c| scoutisout|ice beam?
|
|move|p1a: Vaporeon|Protect|p1a: Vaporeon
|-singleturn|p1a: Vaporeon|Protect
|move|p2a: Zygarde|Outrage|p1a: Vaporeon
|-activate|p1a: Vaporeon|Protect
|
|-heal|p1a: Vaporeon|369\/451|[from] item: Leftovers
|turn|26
|c| TehMrPorkyman|seems not
|
|move|p2a: Zygarde|Outrage|p1a: Vaporeon
|-damage|p1a: Vaporeon|158\/451
|move|p1a: Vaporeon|Wish|p1a: Vaporeon
|
|-heal|p1a: Vaporeon|186\/451|[from] item: Leftovers
|turn|27
|
|move|p1a: Vaporeon|Protect|p1a: Vaporeon
|-singleturn|p1a: Vaporeon|Protect
|move|p2a: Zygarde|Outrage|p1a: Vaporeon
|-activate|p1a: Vaporeon|Protect
|
|-heal|p1a: Vaporeon|411\/451|[from] move: Wish|[wisher] Vaporeon
|-heal|p1a: Vaporeon|439\/451|[from] item: Leftovers
|turn|28
|c|âDrReuniclus3|Get confuuused
|c|âKingPuff Alt|lol
|
|move|p2a: Zygarde|Outrage|p1a: Vaporeon
|-damage|p1a: Vaporeon|211\/451
|move|p1a: Vaporeon|Wish|p1a: Vaporeon
|
|-heal|p1a: Vaporeon|239\/451|[from] item: Leftovers
|turn|29
|c| TehMrPorkyman|wot?
|c| WishingJirachi7|protect
|c| WishingJirachi7|no confusion
|c| TehMrPorkyman|oh nvm then
|
|move|p1a: Vaporeon|Protect|p1a: Vaporeon
|-singleturn|p1a: Vaporeon|Protect
|move|p2a: Zygarde|Outrage|p1a: Vaporeon
|-activate|p1a: Vaporeon|Protect
|
|-heal|p1a: Vaporeon|451\/451|[from] move: Wish|[wisher] Vaporeon
|turn|30
|c|âDrReuniclus3|meh
|
|move|p2a: Zygarde|Outrage|p1a: Vaporeon
|-damage|p1a: Vaporeon|229\/451
|move|p1a: Vaporeon|Wish|p1a: Vaporeon
|
|-heal|p1a: Vaporeon|257\/451|[from] item: Leftovers
|turn|31
|c| WishingJirachi7|crit
|c| WishingJirachi7|I'm calling it
|
|move|p2a: Zygarde|Outrage|p1a: Vaporeon
|-damage|p1a: Vaporeon|62\/451
|move|p1a: Vaporeon|Scald|p2a: Zygarde
|-damage|p2a: Zygarde|258\/357
|
|-end|p2a: Zygarde|rampage
|-start|p2a: Zygarde|confusion
|-heal|p1a: Vaporeon|287\/451|[from] move: Wish|[wisher] Vaporeon
|-heal|p1a: Vaporeon|315\/451|[from] item: Leftovers
|turn|32
|c|âDrReuniclus3|ayy
|
|-activate|p2a: Zygarde|confusion
|move|p2a: Zygarde|Outrage|p1a: Vaporeon
|-damage|p1a: Vaporeon|98\/451
|move|p1a: Vaporeon|Wish|p1a: Vaporeon
|
|-heal|p1a: Vaporeon|126\/451|[from] item: Leftovers
|turn|33
|c| WishingJirachi7|oh nvm
|c|âKingPuff Alt|real niggas know i got #scopelens
|
|move|p1a: Vaporeon|Protect|p1a: Vaporeon
|-singleturn|p1a: Vaporeon|Protect
|-activate|p2a: Zygarde|confusion
|-damage|p2a: Zygarde|217\/357|[from] confusion
|
|-end|p2a: Zygarde|rampage
|-heal|p1a: Vaporeon|351\/451|[from] move: Wish|[wisher] Vaporeon
|-heal|p1a: Vaporeon|379\/451|[from] item: Leftovers
|turn|34
|c| TehMrPorkyman|this is borderline silly at this point
|
|-activate|p2a: Zygarde|confusion
|-damage|p2a: Zygarde|179\/357|[from] confusion
|move|p1a: Vaporeon|Wish|p1a: Vaporeon
|
|-heal|p1a: Vaporeon|407\/451|[from] item: Leftovers
|turn|35
|c|âKingPuff Alt|if i could do anything else i would
|
|-end|p2a: Zygarde|confusion
|move|p2a: Zygarde|Outrage|p1a: Vaporeon
|-damage|p1a: Vaporeon|209\/451
|move|p1a: Vaporeon|Scald|p2a: Zygarde
|-damage|p2a: Zygarde|82\/357
|-status|p2a: Zygarde|brn
|
|-heal|p1a: Vaporeon|434\/451|[from] move: Wish|[wisher] Vaporeon
|-heal|p1a: Vaporeon|451\/451|[from] item: Leftovers
|-damage|p2a: Zygarde|38\/357 brn|[from] brn
|turn|36
|c|âDrReuniclus3|But he can't
|c|âDrReuniclus3|ayyyy
|c|âDrReuniclus3|finally
|
|move|p1a: Vaporeon|Protect|p1a: Vaporeon
|-singleturn|p1a: Vaporeon|Protect
|move|p2a: Zygarde|Outrage|p1a: Vaporeon
|-activate|p1a: Vaporeon|Protect
|
|-end|p2a: Zygarde|rampage
|-start|p2a: Zygarde|confusion
|-damage|p2a: Zygarde|0 fnt|[from] brn
|faint|p2a: Zygarde
|leave|Duskt70
|
|switch|p2a: Chandelure|Chandelure, M|261\/261
|turn|37
|
|switch|p1a: Zygarde|Zygarde|164\/407
|-ability|p1a: Zygarde|Aura Break
|move|p2a: Chandelure|Energy Ball|p1a: Zygarde
|-damage|p1a: Zygarde|76\/407
|
|-heal|p1a: Zygarde|101\/407|[from] item: Leftovers
|turn|38
|
|switch|p2a: Glalie|Glalie-Mega, M|301\/301
|move|p1a: Zygarde|Earthquake|p2a: Glalie
|-damage|p2a: Glalie|153\/301
|
|-heal|p1a: Zygarde|126\/407|[from] item: Leftovers
|turn|39
|
|move|p2a: Glalie|Frustration|p1a: Zygarde
|-supereffective|p1a: Zygarde
|-damage|p1a: Zygarde|0 fnt
|faint|p1a: Zygarde
|
|c| TehMrPorkyman|lol
|
|switch|p1a: Entei|Entei, shiny|329\/371
|-ability|p1a: Entei|Pressure
|turn|40
|c|âKingPuff Alt|chandy come throughhhhh
|c| scoutisout|inb4 chandy
|
|move|p2a: Glalie|Earthquake|p1a: Entei
|-supereffective|p1a: Entei
|-damage|p1a: Entei|77\/371
|move|p1a: Entei|Stone Edge|p2a: Glalie
|-supereffective|p2a: Glalie
|-damage|p2a: Glalie|0 fnt
|faint|p2a: Glalie
|
|
|switch|p2a: Swampert|Swampert, M|207\/403
|turn|41
|c|âKingPuff Alt|lol
|c| scoutisout|inb4 chandy
|c| scoutisout|again
|c|âKingPuff Alt|shhhhhhhhhhhhhhhhhhhhhhhh
|
|move|p1a: Entei|Stone Edge|p2a: Swampert
|-resisted|p2a: Swampert
|-damage|p2a: Swampert|108\/403
|move|p2a: Swampert|Earthquake|p1a: Entei
|-supereffective|p1a: Entei
|-damage|p1a: Entei|0 fnt
|faint|p1a: Entei
|
|-heal|p2a: Swampert|133\/403|[from] item: Leftovers
|c| scoutisout|lol
|c| WishingJirachi7|just eq
|c|âKingPuff Alt|gg m8
|
|switch|p1a: Vaporeon|Vaporeon, F|451\/451
|turn|42
|
|move|p1a: Vaporeon|Scald|p2a: Swampert
|-damage|p2a: Swampert|28\/403
|move|p2a: Swampert|Earthquake|p1a: Vaporeon
|-crit|p1a: Vaporeon
|-damage|p1a: Vaporeon|180\/451
|
|-heal|p1a: Vaporeon|208\/451|[from] item: Leftovers
|-heal|p2a: Swampert|53\/403|[from] item: Leftovers
|turn|43
|join|Galexe
|c| scoutisout|lel
|c|âDrReuniclus3|mfw
|c| WishingJirachi7|WISH
|c|âKingPuff Alt|theres my
|c|âKingPuff Alt|!data scope lens
|c|~|\/data-item Scope Lens

|
|move|p1a: Vaporeon|Protect|p1a: Vaporeon
|-singleturn|p1a: Vaporeon|Protect
|move|p2a: Swampert|Earthquake|p1a: Vaporeon
|-activate|p1a: Vaporeon|Protect
|
|-heal|p1a: Vaporeon|236\/451|[from] item: Leftovers
|-heal|p2a: Swampert|78\/403|[from] item: Leftovers
|turn|44
|
|move|p1a: Vaporeon|Scald|p2a: Swampert
|-damage|p2a: Swampert|0 fnt
|faint|p2a: Swampert
|
|-heal|p1a: Vaporeon|264\/451|[from] item: Leftovers
|
|switch|p2a: Chandelure|Chandelure, M|261\/261
|turn|45
|c| TehMrPorkyman|Vaporeon best eeveelution confirmed
|
|move|p1a: Vaporeon|Protect|p1a: Vaporeon
|-singleturn|p1a: Vaporeon|Protect
|move|p2a: Chandelure|Energy Ball|p1a: Vaporeon
|-activate|p1a: Vaporeon|Protect
|
|-heal|p1a: Vaporeon|292\/451|[from] item: Leftovers
|turn|46
|c| WishingJirachi7|hell no
|c|âKingPuff Alt|gg
|
|move|p2a: Chandelure|Energy Ball|p1a: Vaporeon
|-supereffective|p1a: Vaporeon
|-damage|p1a: Vaporeon|94\/451
|move|p1a: Vaporeon|Wish|p1a: Vaporeon
|
|-heal|p1a: Vaporeon|122\/451|[from] item: Leftovers
|turn|47
|c| BIG SEAN'S ADLIBS|hell yes
|
|move|p1a: Vaporeon|Protect|p1a: Vaporeon
|-singleturn|p1a: Vaporeon|Protect
|move|p2a: Chandelure|Energy Ball|p1a: Vaporeon
|-activate|p1a: Vaporeon|Protect
|
|-heal|p1a: Vaporeon|347\/451|[from] move: Wish|[wisher] Vaporeon
|-heal|p1a: Vaporeon|375\/451|[from] item: Leftovers
|turn|48
|c| scoutisout|LOL
|c| TehMrPorkyman|CHANDELURE BASED GOD
|c|âKingPuff Alt|#spdefdrop
|c| scoutisout|gg what now?
|
|move|p2a: Chandelure|Energy Ball|p1a: Vaporeon
|-supereffective|p1a: Vaporeon
|-damage|p1a: Vaporeon|183\/451
|move|p1a: Vaporeon|Wish|p1a: Vaporeon
|
|-heal|p1a: Vaporeon|211\/451|[from] item: Leftovers
|turn|49
|c| TehMrPorkyman|no way
|c|âDrReuniclus3|# enough hax pls
|join|DerpaniteX
|c|âKingPuff Alt|#haxhaxhax
|
|move|p2a: Chandelure|Energy Ball|p1a: Vaporeon
|-supereffective|p1a: Vaporeon
|-damage|p1a: Vaporeon|11\/451
|move|p1a: Vaporeon|Scald|p2a: Chandelure
|-supereffective|p2a: Chandelure
|-damage|p2a: Chandelure|49\/261
|
|-heal|p1a: Vaporeon|236\/451|[from] move: Wish|[wisher] Vaporeon
|-heal|p1a: Vaporeon|264\/451|[from] item: Leftovers
|turn|50
|join|Gay Bear Sex
|c| TehMrPorkyman|oh gawd
|c| TehMrPorkyman|dem hax
|c| WishingJirachi7|gg
|c| Galexe|ballzy
|c| Galexe|gg
|c|âKingPuff Alt|SCOPE LENS COME THROUGH
|c|âKingPuff Alt|CRIT
|c| nick151|gg
|
|move|p1a: Vaporeon|Protect|p1a: Vaporeon
|-singleturn|p1a: Vaporeon|Protect
|move|p2a: Chandelure|Energy Ball|p1a: Vaporeon
|-activate|p1a: Vaporeon|Protect
|
|-heal|p1a: Vaporeon|292\/451|[from] item: Leftovers
|turn|51
|leave|Gay Bear Sex
|c|âKingPuff Alt|CRIT CUM THROOOO
|join|Gay Bear Sex
|
|move|p2a: Chandelure|Energy Ball|p1a: Vaporeon
|-supereffective|p1a: Vaporeon
|-damage|p1a: Vaporeon|90\/451
|move|p1a: Vaporeon|Scald|p2a: Chandelure
|-crit|p2a: Chandelure
|-supereffective|p2a: Chandelure
|-damage|p2a: Chandelure|0 fnt
|faint|p2a: Chandelure
|
|win|DrReuniclus3
|c| WishingJirachi7|Cum through
|c| TehMrPorkyman|ill love to cum
|c| WishingJirachi7|lol
|c|âKingPuff Alt|OR NAH
|c| scoutisout|gg
|c| TehMrPorkyman|gg
|c|âDrReuniclus3|gg
|c| nick151|gggggg
|c|âKingPuff Alt|gg
|c| scoutisout|gglOl
|c|âKingPuff Alt|i hate you chandy
|c| TehMrPorkyman|nice banter m8 :Â¨Â¨)
|leave|DerpaniteX
|c| scoutisout|wow
|leave|DrReuniclus3
|c| scoutisout|this was finals?
|player|p1
|c| WishingJirachi7|yep
|c|âKingPuff Alt|yes
|c| TehMrPorkyman|well
|c| TehMrPorkyman|second place isnt half bad
|leave|Galexe
|leave|TehMrPorkyman
|leave|BIG SEAN'S ADLIBS
|leave|KingPuff Alt
|player|p2
|leave|WishingJirachi7
|leave|Davmb
|leave|Gay Bear Sex
|leave|scoutisout
|leave|getready4UU
|leave|nick151