|join|CreTrio
|join|DrReuniclus3
|player|p1|CreTrio|153
|player|p2|DrReuniclus3|147
|gametype|singles
|gen|6
|tier|UU
|rule|Sleep Clause Mod: Limit one foe put to sleep
|rule|Species Clause: Limit one of each PokÃ©mon
|rule|OHKO Clause: OHKO moves are banned
|rule|Moody Clause: Moody is banned
|rule|Evasion Moves Clause: Evasion moves are banned
|rule|Endless Battle Clause: Forcing endless battles is banned
|rule|HP Percentage Mod: HP is shown in percentages
|clearpoke
|poke|p1|Cresselia, F, shiny
|poke|p1|Dugtrio, F
|poke|p1|Aromatisse, F
|poke|p1|Vaporeon, M
|poke|p1|Noivern, M
|poke|p1|Forretress, F
|poke|p2|Celebi
|poke|p2|Arcanine, F
|poke|p2|Goodra, F
|poke|p2|Suicune
|poke|p2|Lucario, M
|poke|p2|Nidoqueen, F
|rule|Swagger Clause: Swagger is banned
|rule|Baton Pass Clause: Limit one PokÃ©mon knowing Baton Pass
|teampreview
|join|Frickett
|join|Noriya
|c|âDrReuniclus3|Duggy
|c|âDrReuniclus3|I'm done
|join|sniperaim
|join|TheRealestNerd
|join|Random77777
|join|klypnik
|join|apt54
|c| TheRealestNerd|IS THAT CROCUNE?
|c|âCreTrio|body time too
|c|âDrReuniclus3|tbh this team kinda scares me
|c|âCreTrio|cress is a threat
|c|âDrReuniclus3|I know about cress
|join|poonHunter (D>D)
|c|âDrReuniclus3|And it scares me
|c| TheRealestNerd|NAME DUGTRIO TEACHMEHOWTODUGGY
|c| TheRealestNerd|oops caps
|
|start
|switch|p1a: Forretress|Forretress, F|354\/354
|switch|p2a: Nidoqueen|Nidoqueen, F|353\/353
|turn|1
|leave|klypnik
|
|move|p2a: Nidoqueen|Earth Power|p1a: Forretress
|-crit|p1a: Forretress
|-damage|p1a: Forretress|37\/354
|move|p1a: Forretress|Stealth Rock|p2a: Nidoqueen
|-sidestart|p2: DrReuniclus3|move: Stealth Rock
|
|-heal|p1a: Forretress|59\/354|[from] item: Leftovers
|turn|2
|join|klypnik
|
|move|p2a: Nidoqueen|Stealth Rock|p1a: Forretress
|-sidestart|p1: CreTrio|move: Stealth Rock
|move|p1a: Forretress|Rapid Spin|p2a: Nidoqueen
|-damage|p2a: Nidoqueen|338\/353
|-sideend|p1: CreTrio|Stealth Rock|[from] move: Rapid Spin|[of] p1a: Forretress
|
|-heal|p1a: Forretress|81\/354|[from] item: Leftovers
|turn|3
|
|move|p2a: Nidoqueen|Stealth Rock|p1a: Forretress
|-sidestart|p1: CreTrio|move: Stealth Rock
|move|p1a: Forretress|Rapid Spin|p2a: Nidoqueen
|-damage|p2a: Nidoqueen|323\/353
|-sideend|p1: CreTrio|Stealth Rock|[from] move: Rapid Spin|[of] p1a: Forretress
|
|-heal|p1a: Forretress|103\/354|[from] item: Leftovers
|turn|4
|
|move|p2a: Nidoqueen|Earth Power|p1a: Forretress
|-damage|p1a: Forretress|0 fnt
|faint|p1a: Forretress
|
|
|switch|p1a: Dugtrio|Dugtrio, F|211\/211
|turn|5
|
|move|p1a: Dugtrio|Earthquake|p2a: Nidoqueen
|-supereffective|p2a: Nidoqueen
|-damage|p2a: Nidoqueen|0 fnt
|faint|p2a: Nidoqueen
|
|c|âDrReuniclus3|This duggy
|c|âDrReuniclus3|scares me
|join|Living Proof
|c|âCreTrio|its frightening 
|c| Noriya|it traps 3 of ur mons
|c| Noriya|from full
|
|switch|p2a: Celebi|Celebi|404\/404
|-damage|p2a: Celebi|354\/404|[from] Stealth Rock
|turn|6
|
|switch|p1a: Noivern|Noivern, M|311\/311
|move|p2a: Celebi|Swords Dance|p2a: Celebi
|-boost|p2a: Celebi|atk|2
|
|turn|7
|
|switch|p2a: Goodra|Goodra, F|384\/384
|-damage|p2a: Goodra|336\/384|[from] Stealth Rock
|move|p1a: Noivern|Air Slash|p2a: Goodra
|-damage|p2a: Goodra|270\/384
|-damage|p1a: Noivern|280\/311|[from] item: Life Orb
|
|turn|8
|c| poonHunter (D>D)|im so sad
|c| poonHunter (D>D)|that
|join|kyla-kylls
|
|move|p1a: Noivern|Draco Meteor|p2a: Goodra
|-supereffective|p2a: Goodra
|-damage|p2a: Goodra|49\/384
|-unboost|p1a: Noivern|spa|2
|-damage|p1a: Noivern|249\/311|[from] item: Life Orb
|move|p2a: Goodra|Rock Slide|p1a: Noivern
|-miss|p2a: Goodra|p1a: Noivern
|
|turn|9
|c| poonHunter (D>D)|the celebi i got from poke bank had 0 speed ivs
|c|âDrReuniclus3|k
|c| sniperaim|gg
|c| sniperaim|its ogre
|c|âDrReuniclus3|yeah
|c|âDrReuniclus3|Pretty much done at this point
|c| Noriya|where's your ice beam\/dragon move :\/
|join|Varok
|c| sniperaim|u can still win
|c| sniperaim|tbh
|c| Varok|arcanine op
|c|âCreTrio|yea sd celebi kinda wrecks me
|c| Varok|please tell me its rocky helmet
|
|switch|p1a: Aromatisse|Aromatisse, F|405\/405
|move|p2a: Goodra|Outrage|p1a: Aromatisse
|-immune|p1a: Aromatisse|[msg]
|
|turn|10
|
|switch|p2a: Suicune|Suicune|404\/404
|-damage|p2a: Suicune|354\/404|[from] Stealth Rock
|-ability|p2a: Suicune|Pressure
|move|p1a: Aromatisse|Moonblast|p2a: Suicune
|-damage|p2a: Suicune|254\/404
|
|-heal|p2a: Suicune|279\/404|[from] item: Leftovers
|turn|11
|
|switch|p1a: Body Time|Cresselia, F, shiny|433\/433
|move|p2a: Suicune|Calm Mind|p2a: Suicune
|-boost|p2a: Suicune|spa|1
|-boost|p2a: Suicune|spd|1
|
|-heal|p2a: Suicune|304\/404|[from] item: Leftovers
|turn|12
|c| Random77777|suicune!
|
|switch|p2a: Celebi|Celebi|354\/404
|-damage|p2a: Celebi|304\/404|[from] Stealth Rock
|move|p1a: Body Time|Calm Mind|p1a: Body Time
|-boost|p1a: Body Time|spa|1
|-boost|p1a: Body Time|spd|1
|
|turn|13
|
|move|p1a: Body Time|Moonblast|p2a: Celebi
|-damage|p2a: Celebi|203\/404
|move|p2a: Celebi|Swords Dance|p2a: Celebi
|-boost|p2a: Celebi|atk|2
|
|turn|14
|c| Varok|inb4 baton pass
|
|move|p1a: Body Time|Moonblast|p2a: Celebi
|-crit|p2a: Celebi
|-damage|p2a: Celebi|37\/404
|move|p2a: Celebi|Recover|p2a: Celebi
|-heal|p2a: Celebi|239\/404
|
|turn|15
|
|switch|p1a: Noivern|Noivern, M|249\/311
|move|p2a: Celebi|Recover|p2a: Celebi
|-heal|p2a: Celebi|404\/404
|
|turn|16
|
|switch|p2a: Goodra|Goodra, F|49\/384
|-damage|p2a: Goodra|1\/384|[from] Stealth Rock
|move|p1a: Noivern|Taunt|p2a: Goodra
|-start|p2a: Goodra|move: Taunt
|
|turn|17
|
|move|p1a: Noivern|Air Slash|p2a: Goodra
|-damage|p2a: Goodra|0 fnt
|-damage|p1a: Noivern|218\/311|[from] item: Life Orb
|faint|p2a: Goodra
|
|join|TheSaucyWench
|
|switch|p2a: Arcanine|Arcanine, F|383\/383
|-damage|p2a: Arcanine|288\/383|[from] Stealth Rock
|-ability|p2a: Arcanine|Intimidate|[of] p1a: Noivern
|-unboost|p1a: Noivern|atk|1
|turn|18
|
|move|p2a: Arcanine|Extreme Speed|p1a: Noivern
|-damage|p1a: Noivern|142\/311
|move|p1a: Noivern|Draco Meteor|p2a: Arcanine
|-damage|p2a: Arcanine|14\/383
|-unboost|p1a: Noivern|spa|2
|-damage|p1a: Noivern|111\/311|[from] item: Life Orb
|
|-heal|p2a: Arcanine|37\/383|[from] item: Leftovers
|turn|19
|
|move|p2a: Arcanine|Extreme Speed|p1a: Noivern
|-damage|p1a: Noivern|28\/311
|move|p1a: Noivern|Air Slash|p2a: Arcanine
|-damage|p2a: Arcanine|0 fnt
|-damage|p1a: Noivern|0 fnt|[from] item: Life Orb
|faint|p2a: Arcanine
|faint|p1a: Noivern
|
|
|switch|p2a: Celebi|Celebi|404\/404
|-damage|p2a: Celebi|354\/404|[from] Stealth Rock
|switch|p1a: Aromatisse|Aromatisse, F|405\/405
|turn|20
|
|move|p2a: Celebi|Swords Dance|p2a: Celebi
|-boost|p2a: Celebi|atk|2
|move|p1a: Aromatisse|Moonblast|p2a: Celebi
|-damage|p2a: Celebi|243\/404
|
|turn|21
|
|switch|p1a: Dugtrio|Dugtrio, F|211\/211
|move|p2a: Celebi|Recover|p2a: Celebi
|-heal|p2a: Celebi|404\/404
|
|turn|22
|
|move|p1a: Dugtrio|Aerial Ace|p2a: Celebi
|-supereffective|p2a: Celebi
|-damage|p2a: Celebi|296\/404
|-enditem|p2a: Celebi|Weakness Policy
|-boost|p2a: Celebi|atk|2|[from] item: Weakness Policy
|-boost|p2a: Celebi|spa|2|[from] item: Weakness Policy
|move|p2a: Celebi|Seed Bomb|p1a: Dugtrio
|-supereffective|p1a: Dugtrio
|-damage|p1a: Dugtrio|0 fnt
|faint|p1a: Dugtrio
|
|c|âCreTrio|stupid mazz
|
|switch|p1a: Body Time|Cresselia, F, shiny|433\/433
|turn|23
|c|âDrReuniclus3|?
|c|âDrReuniclus3|Why stupid mazz?
|c|âCreTrio|makes me run dumb move
|c|âDrReuniclus3|Kek
|c|âDrReuniclus3|You run sucker?
|c|âCreTrio|yea
|
|move|p1a: Body Time|Calm Mind|p1a: Body Time
|-boost|p1a: Body Time|spa|1
|-boost|p1a: Body Time|spd|1
|move|p2a: Celebi|Seed Bomb|p1a: Body Time
|-damage|p1a: Body Time|241\/433
|
|-heal|p1a: Body Time|268\/433|[from] item: Leftovers
|turn|24
|
|move|p1a: Body Time|Moonblast|p2a: Celebi
|-damage|p2a: Celebi|193\/404
|-unboost|p2a: Celebi|spa|1
|move|p2a: Celebi|Swords Dance|p2a: Celebi
|-boost|p2a: Celebi|atk|2
|
|-heal|p1a: Body Time|295\/433|[from] item: Leftovers
|turn|25
|
|move|p1a: Body Time|Calm Mind|p1a: Body Time
|-boost|p1a: Body Time|spa|1
|-boost|p1a: Body Time|spd|1
|move|p2a: Celebi|Seed Bomb|p1a: Body Time
|-damage|p1a: Body Time|54\/433
|
|-heal|p1a: Body Time|81\/433|[from] item: Leftovers
|turn|26
|
|move|p1a: Body Time|Moonblast|p2a: Celebi
|-damage|p2a: Celebi|44\/404
|move|p2a: Celebi|Recover|p2a: Celebi
|-heal|p2a: Celebi|246\/404
|
|-heal|p1a: Body Time|108\/433|[from] item: Leftovers
|turn|27
|join|Rubicon
|
|move|p1a: Body Time|Moonblast|p2a: Celebi
|-damage|p2a: Celebi|115\/404
|move|p2a: Celebi|Seed Bomb|p1a: Body Time
|-crit|p1a: Body Time
|-damage|p1a: Body Time|0 fnt
|faint|p1a: Body Time
|
|c| sniperaim|told u dr
|
|switch|p1a: Aromatisse|Aromatisse, F|405\/405
|turn|28
|
|move|p2a: Celebi|Recover|p2a: Celebi
|-heal|p2a: Celebi|317\/404
|move|p1a: Aromatisse|Moonblast|p2a: Celebi
|-damage|p2a: Celebi|209\/404
|
|turn|29
|
|move|p2a: Celebi|Recover|p2a: Celebi
|-heal|p2a: Celebi|404\/404
|move|p1a: Aromatisse|Moonblast|p2a: Celebi
|-crit|p2a: Celebi
|-damage|p2a: Celebi|239\/404
|
|turn|30
|
|move|p2a: Celebi|Recover|p2a: Celebi
|-heal|p2a: Celebi|404\/404
|move|p1a: Aromatisse|Moonblast|p2a: Celebi
|-damage|p2a: Celebi|299\/404
|
|turn|31
|
|move|p2a: Celebi|Seed Bomb|p1a: Aromatisse
|-damage|p1a: Aromatisse|83\/405
|move|p1a: Aromatisse|Moonblast|p2a: Celebi
|-damage|p2a: Celebi|179\/404
|
|-heal|p1a: Aromatisse|108\/405|[from] item: Leftovers
|turn|32
|
|move|p2a: Celebi|Recover|p2a: Celebi
|-heal|p2a: Celebi|381\/404
|move|p1a: Aromatisse|Moonblast|p2a: Celebi
|-damage|p2a: Celebi|273\/404
|
|-heal|p1a: Aromatisse|133\/405|[from] item: Leftovers
|turn|33
|c| sniperaim|ust kill
|
|move|p2a: Celebi|Seed Bomb|p1a: Aromatisse
|-damage|p1a: Aromatisse|0 fnt
|faint|p1a: Aromatisse
|
|
|switch|p1a: Vaporeon|Vaporeon, M|450\/450
|turn|34
|
|move|p2a: Celebi|Seed Bomb|p1a: Vaporeon
|-supereffective|p1a: Vaporeon
|-damage|p1a: Vaporeon|0 fnt
|faint|p1a: Vaporeon
|
|win|DrReuniclus3
|c| Rubicon|wipe this meme from the face of the earth
|leave|CreTrio
|player|p1
|leave|apt54
|c|âDrReuniclus3|gg
|c|âDrReuniclus3|o
|leave|sniperaim
|leave|DrReuniclus3
|player|p2
|leave|Living Proof
|leave|Rubicon
|leave|poonHunter (D>D)
|leave|Frickett
|leave|kyla-kylls
|leave|Varok
|leave|klypnik