|join|smogon gay baby 4
|join|DrReuniclus3
|join|SPEBSQSA
|player|p1|smogon gay baby 4|167
|player|p2|DrReuniclus3|147
|gametype|singles
|gen|6
|tier|UU
|rule|Sleep Clause Mod: Limit one foe put to sleep
|rule|Species Clause: Limit one of each PokÃ©mon
|rule|OHKO Clause: OHKO moves are banned
|rule|Moody Clause: Moody is banned
|rule|Evasion Moves Clause: Evasion moves are banned
|rule|Endless Battle Clause: Forcing endless battles is banned
|rule|HP Percentage Mod: HP is shown in percentages
|clearpoke
|poke|p1|Blissey, F
|poke|p1|Aggron, F
|poke|p1|Chesnaught, F
|poke|p1|Tentacruel, M
|poke|p1|Swampert, M
|poke|p1|Spiritomb, F
|poke|p2|Espeon, F
|poke|p2|Diancie
|poke|p2|Lucario, M
|poke|p2|Haxorus, F
|poke|p2|Porygon-Z
|poke|p2|Mienshao, M
|rule|Swagger Clause: Swagger is banned
|rule|Baton Pass Clause: Limit one PokÃ©mon knowing Baton Pass
|teampreview
|join|Sandy Rivers
|c|âsmogon gay baby 4|oh no
|c|âDrReuniclus3|?
|c|âsmogon gay baby 4|AIDS team
|c|âDrReuniclus3|:(
|c|âDrReuniclus3|its k
|c|âDrReuniclus3|its bad
|c|âsmogon gay baby 4|Dual Screens HO
|join|gomer2550
|c|âDrReuniclus3|I mean they gave me diancie
|c|âsmogon gay baby 4|imo it only works with Klefki
|c|âsmogon gay baby 4|Well
|
|start
|switch|p1a: Aggron|Aggron, F|344\/344
|switch|p2a: Haxorus|Haxorus, F|294\/294
|-ability|p2a: Haxorus|Mold Breaker
|turn|1
|c|âsmogon gay baby 4|I'm just gonna asj
|
|detailschange|p1a: Aggron|Aggron-Mega, F
|-mega|p1a: Aggron|Aggron|Aggronite
|move|p2a: Haxorus|Swords Dance|p2a: Haxorus
|-boost|p2a: Haxorus|atk|2
|move|p1a: Aggron|Roar|p2a: Haxorus
|drag|p2a: Diancie|Diancie|241\/241
|
|turn|2
|c|âsmogon gay baby 4|Is that Double Dance Diancie
|
|switch|p2a: Espeon|Espeon, F|334\/334
|move|p1a: Aggron|Heavy Slam|p2a: Espeon
|-damage|p2a: Espeon|45\/334
|
|turn|3
|
|move|p2a: Espeon|Reflect|p2a: Espeon
|-sidestart|p2: DrReuniclus3|Reflect
|move|p1a: Aggron|Heavy Slam|p2a: Espeon
|-damage|p2a: Espeon|0 fnt
|faint|p2a: Espeon
|
|
|switch|p2a: Lucario|Lucario, M|281\/281
|turn|4
|c|âsmogon gay baby 4|Rule #1: Always lead with screens
|join|futurefusion
|
|move|p2a: Lucario|Close Combat|p1a: Aggron
|-supereffective|p1a: Aggron
|-damage|p1a: Aggron|157\/344
|-unboost|p2a: Lucario|def|1
|-unboost|p2a: Lucario|spd|1
|-damage|p2a: Lucario|253\/281|[from] item: Life Orb
|move|p1a: Aggron|Stealth Rock|p2a: Lucario
|-sidestart|p2: DrReuniclus3|move: Stealth Rock
|
|turn|5
|
|switch|p1a: Spiritomb|Spiritomb, F|303\/303
|move|p2a: Lucario|Close Combat|p1a: Spiritomb
|-immune|p1a: Spiritomb|[msg]
|
|turn|6
|
|switch|p2a: Diancie|Diancie|241\/241
|-damage|p2a: Diancie|211\/241|[from] Stealth Rock
|move|p1a: Spiritomb|Will-O-Wisp|p2a: Diancie|[miss]
|-miss|p1a: Spiritomb|p2a: Diancie
|
|turn|7
|
|detailschange|p2a: Diancie|Diancie-Mega
|-mega|p2a: Diancie|Diancie|Diancite
|move|p2a: Diancie|Earth Power|p1a: Spiritomb
|-damage|p1a: Spiritomb|178\/303
|move|p1a: Spiritomb|Curse|p2a: Diancie
|-start|p2a: Diancie|Curse|[of] p1a: Spiritomb
|-damage|p1a: Spiritomb|27\/303
|
|-heal|p1a: Spiritomb|45\/303|[from] item: Leftovers
|-damage|p2a: Diancie|151\/241|[from] Curse
|turn|8
|
|switch|p2a: Porygon-Z|Porygon-Z|311\/311
|-damage|p2a: Porygon-Z|273\/311|[from] Stealth Rock
|move|p1a: Spiritomb|Pain Split|p2a: Porygon-Z
|-sethp|p2a: Porygon-Z|159\/311|p1a: Spiritomb|159\/303|[from] move: Pain Split
|
|-heal|p1a: Spiritomb|177\/303|[from] item: Leftovers
|turn|9
|
|switch|p1a: Blissey|Blissey, F|688\/688
|move|p2a: Porygon-Z|Dark Pulse|p1a: Blissey
|-damage|p1a: Blissey|583\/688
|
|-heal|p1a: Blissey|626\/688|[from] item: Leftovers
|turn|10
|
|switch|p2a: Lucario|Lucario, M|253\/281
|-damage|p2a: Lucario|245\/281|[from] Stealth Rock
|move|p1a: Blissey|Toxic|p2a: Lucario
|-fail|p2a: Lucario
|
|-heal|p1a: Blissey|669\/688|[from] item: Leftovers
|-sideend|p2: DrReuniclus3|Reflect
|turn|11
|
|switch|p1a: Spiritomb|Spiritomb, F|177\/303
|move|p2a: Lucario|Swords Dance|p2a: Lucario
|-boost|p2a: Lucario|atk|2
|
|-heal|p1a: Spiritomb|195\/303|[from] item: Leftovers
|turn|12
|
|move|p2a: Lucario|Bullet Punch|p1a: Spiritomb
|-crit|p1a: Spiritomb
|-damage|p1a: Spiritomb|0 fnt
|-damage|p2a: Lucario|217\/281|[from] item: Life Orb
|faint|p1a: Spiritomb
|
|join|thymethyme
|c|âDrReuniclus3|fkn
|c|âDrReuniclus3|crit
|c|âDrReuniclus3|helping me
|c|âsmogon gay baby 4|w
|c|âsmogon gay baby 4|w
|c|âsmogon gay baby 4|w
|c|âsmogon gay baby 4|w
|c|âsmogon gay baby 4|w
|c|âsmogon gay baby 4|w
|c|âsmogon gay baby 4|w
|c|âsmogon gay baby 4|w
|
|switch|p1a: Chesnaught|Chesnaught, F|380\/380
|turn|13
|
|move|p2a: Lucario|Close Combat|p1a: Chesnaught
|-damage|p1a: Chesnaught|64\/380
|-unboost|p2a: Lucario|def|1
|-unboost|p2a: Lucario|spd|1
|-damage|p2a: Lucario|189\/281|[from] item: Life Orb
|move|p1a: Chesnaught|Drain Punch|p2a: Lucario
|-supereffective|p2a: Lucario
|-damage|p2a: Lucario|0 fnt
|-heal|p1a: Chesnaught|159\/380|[from] drain|[of] p2a: Lucario
|faint|p2a: Lucario
|
|-heal|p1a: Chesnaught|182\/380|[from] item: Leftovers
|
|switch|p2a: Diancie|Diancie-Mega|151\/241
|-damage|p2a: Diancie|121\/241|[from] Stealth Rock
|turn|14
|join|Botas
|
|switch|p1a: Blissey|Blissey, F|669\/688
|move|p2a: Diancie|Moonblast|p1a: Blissey
|-damage|p1a: Blissey|537\/688
|-unboost|p1a: Blissey|spa|1
|
|-heal|p1a: Blissey|580\/688|[from] item: Leftovers
|turn|15
|join|waiv
|
|move|p2a: Diancie|Diamond Storm|p1a: Blissey
|-damage|p1a: Blissey|268\/688
|move|p1a: Blissey|Seismic Toss|p2a: Diancie
|-damage|p2a: Diancie|21\/241
|
|-heal|p1a: Blissey|311\/688|[from] item: Leftovers
|turn|16
|c| waiv|lol
|
|switch|p1a: Swampert|Swampert, M|404\/404
|move|p2a: Diancie|Diamond Storm|p1a: Swampert
|-resisted|p1a: Swampert
|-damage|p1a: Swampert|314\/404
|-boost|p2a: Diancie|def|1
|
|-heal|p1a: Swampert|339\/404|[from] item: Leftovers
|turn|17
|leave|Botas
|
|move|p2a: Diancie|Moonblast|p1a: Swampert
|-damage|p1a: Swampert|198\/404
|move|p1a: Swampert|Substitute|p1a: Swampert
|-start|p1a: Swampert|Substitute
|-damage|p1a: Swampert|97\/404
|
|-heal|p1a: Swampert|122\/404|[from] item: Leftovers
|turn|18
|c|âsmogon gay baby 4|fuck
|
|move|p2a: Diancie|Moonblast|p1a: Swampert
|-end|p1a: Swampert|Substitute
|move|p1a: Swampert|Earthquake|p2a: Diancie
|-crit|p2a: Diancie
|-supereffective|p2a: Diancie
|-damage|p2a: Diancie|0 fnt
|faint|p2a: Diancie
|
|-heal|p1a: Swampert|147\/404|[from] item: Leftovers
|
|switch|p2a: Haxorus|Haxorus, F|294\/294
|-damage|p2a: Haxorus|258\/294|[from] Stealth Rock
|-ability|p2a: Haxorus|Mold Breaker
|turn|19
|c| waiv|lol wut
|c| waiv|p l a y z
|
|move|p2a: Haxorus|Swords Dance|p2a: Haxorus
|-boost|p2a: Haxorus|atk|2
|move|p1a: Swampert|Roar|p2a: Haxorus
|drag|p2a: Mienshao|Mienshao, M|271\/271
|-damage|p2a: Mienshao|255\/271|[from] Stealth Rock
|
|-heal|p1a: Swampert|172\/404|[from] item: Leftovers
|turn|20
|c| waiv|wow dr
|
|move|p2a: Mienshao|High Jump Kick|p1a: Swampert
|-damage|p1a: Swampert|0 fnt
|faint|p1a: Swampert
|
|c|âDrReuniclus3|Its k
|c| waiv|LOl
|c| waiv|the magron
|c| waiv|better not be at 100%
|
|switch|p1a: Tentacruel|Tentacruel, M|352\/352
|turn|21
|c| waiv|cause ur fuk'd
|c|âDrReuniclus3|meh
|c|âDrReuniclus3|I'm just tired
|c|âDrReuniclus3|I started school back up today
|c|âDrReuniclus3|and my physics teacher quit
|c| waiv|o
|c|âDrReuniclus3|so
|c| waiv|lul
|c| waiv|rekt
|c|âDrReuniclus3|that's a thing
|leave|Sandy Rivers
|
|move|p2a: Mienshao|High Jump Kick|p1a: Tentacruel
|-resisted|p1a: Tentacruel
|-damage|p1a: Tentacruel|203\/352
|move|p1a: Tentacruel|Scald|p2a: Mienshao
|-damage|p2a: Mienshao|140\/271
|-status|p2a: Mienshao|brn
|
|-heal|p1a: Tentacruel|225\/352|[from] item: Black Sludge
|-damage|p2a: Mienshao|107\/271 brn|[from] brn
|turn|22
|leave|gomer2550
|c| waiv|lul
|c|âsmogon gay baby 4|I'm losing because Munkin decided to play 90s one-hit wonders.
|
|switch|p1a: Chesnaught|Chesnaught, F|182\/380
|move|p2a: Mienshao|High Jump Kick|p1a: Chesnaught
|-damage|p1a: Chesnaught|97\/380
|
|-heal|p1a: Chesnaught|120\/380|[from] item: Leftovers
|-damage|p2a: Mienshao|74\/271 brn|[from] brn
|turn|23
|c| waiv|reveal
|c| waiv|rest
|c|âsmogon gay baby 4|lmao
|
|move|p2a: Mienshao|High Jump Kick|p1a: Chesnaught
|-crit|p1a: Chesnaught
|-damage|p1a: Chesnaught|0 fnt
|faint|p1a: Chesnaught
|
|-damage|p2a: Mienshao|41\/271 brn|[from] brn
|c|âDrReuniclus3|kill this plz
|c|âsmogon gay baby 4|what is  rest
|c|âDrReuniclus3|or
|c| waiv|BOP
|c|âDrReuniclus3|don't
|c|âsmogon gay baby 4|nice crit
|join|oh no oh no
|c|âDrReuniclus3|literally
|c| waiv|get rektttt
|c|âDrReuniclus3|I wanted this
|c|âDrReuniclus3|2 fkn die
|c| waiv|i just want eaglehawk to lose
|c| waiv|so i can shit talk him
|c| waiv|LOL
|
|switch|p1a: Tentacruel|Tentacruel, M|225\/352
|turn|24
|c|âsmogon gay baby 4|stahp
|
|move|p2a: Mienshao|High Jump Kick|p1a: Tentacruel
|-resisted|p1a: Tentacruel
|-damage|p1a: Tentacruel|149\/352
|move|p1a: Tentacruel|Scald|p2a: Mienshao
|-damage|p2a: Mienshao|0 fnt
|faint|p2a: Mienshao
|
|-heal|p1a: Tentacruel|171\/352|[from] item: Black Sludge
|
|switch|p2a: Haxorus|Haxorus, F|258\/294
|-damage|p2a: Haxorus|222\/294|[from] Stealth Rock
|-ability|p2a: Haxorus|Mold Breaker
|turn|25
|c| waiv|lol doesn't hax just win
|c| waiv|here
|c|âDrReuniclus3|yes
|c| waiv|lol
|
|move|p2a: Haxorus|Swords Dance|p2a: Haxorus
|-boost|p2a: Haxorus|atk|2
|move|p1a: Tentacruel|Scald|p2a: Haxorus
|-resisted|p2a: Haxorus
|-damage|p2a: Haxorus|171\/294
|
|-heal|p1a: Tentacruel|193\/352|[from] item: Black Sludge
|turn|26
|c|âsmogon gay baby 4|depends
|c| waiv|o wtf ur sd
|c| waiv|LOL
|
|move|p2a: Haxorus|Earthquake|p1a: Tentacruel
|-supereffective|p1a: Tentacruel
|-damage|p1a: Tentacruel|0 fnt
|faint|p1a: Tentacruel
|
|c|âDrReuniclus3|m8
|c| waiv|are you lum
|c|âsmogon gay baby 4|I'm pretty sure I lost here
|c| waiv|why didn't you SD again
|c|âDrReuniclus3|I'm double dance
|c|âDrReuniclus3|the god set
|join|trevor ellis
|c| waiv|;-;
|c|âDrReuniclus3|Because I'm tired
|
|switch|p1a: Aggron|Aggron-Mega, F|157\/344
|turn|27
|c|âDrReuniclus3|and shit
|c|âDrReuniclus3|at pokemon
|c| waiv|this might b a roll
|c| waiv|:x
|c|âDrReuniclus3|its k
|c|âsmogon gay baby 4|mold breaker OP
|c|âDrReuniclus3|I'll crit blissey
|
|move|p2a: Haxorus|Earthquake|p1a: Aggron
|-supereffective|p1a: Aggron
|-damage|p1a: Aggron|0 fnt
|faint|p1a: Aggron
|
|
|switch|p1a: Blissey|Blissey, F|311\/688
|turn|28
|c| waiv|gg
|leave|waiv
|c|âDrReuniclus3|Literally I played like shit and am sorry that I won and got hax
|c|âsmogon gay baby 4|Reveal Draco Meteor blissey
|c|âDrReuniclus3|Plz forgive me
|
|move|p2a: Haxorus|Dragon Claw|p1a: Blissey
|-damage|p1a: Blissey|0 fnt
|faint|p1a: Blissey
|
|win|DrReuniclus3
|c|âsmogon gay baby 4|its k
|leave|smogon gay baby 4
|player|p1
|leave|oh no oh no