|join|zoid's warhorse
|join|DrReuniclus3
|player|p1|zoid's warhorse|188
|player|p2|DrReuniclus3|147
|gametype|singles
|gen|6
|tier|UU
|rated
|rule|Sleep Clause Mod: Limit one foe put to sleep
|rule|Species Clause: Limit one of each PokÃ©mon
|rule|OHKO Clause: OHKO moves are banned
|rule|Moody Clause: Moody is banned
|rule|Evasion Moves Clause: Evasion moves are banned
|rule|Endless Battle Clause: Forcing endless battles is banned
|rule|HP Percentage Mod: HP is shown in percentages
|clearpoke
|poke|p1|Aerodactyl, M
|poke|p1|Azelf
|poke|p1|Dragalge, F
|poke|p1|Lucario, M
|poke|p1|Magneton
|poke|p1|Serperior, M
|poke|p2|Kyurem
|poke|p2|Blastoise, F
|poke|p2|Jirachi
|poke|p2|Shaymin
|poke|p2|Lucario, F
|poke|p2|Chandelure, M
|rule|Swagger Clause: Swagger is banned
|rule|Baton Pass Clause: Limit one PokÃ©mon knowing Baton Pass
|teampreview
|
|start
|switch|p1a: Azelf|Azelf|291\/291
|switch|p2a: Jirachi|Jirachi|341\/341
|turn|1
|
|switch|p1a: Magneton|Magneton|303\/303
|move|p2a: Jirachi|U-turn|p1a: Magneton
|-resisted|p1a: Magneton
|-damage|p1a: Magneton|278\/303
|
|switch|p2a: Chandelure|Chandelure, M|289\/289
|
|turn|2
|
|switch|p1a: Azelf|Azelf|291\/291
|move|p2a: Chandelure|Substitute|p2a: Chandelure
|-start|p2a: Chandelure|Substitute
|-damage|p2a: Chandelure|217\/289
|
|-heal|p2a: Chandelure|235\/289|[from] item: Leftovers
|turn|3
|
|move|p1a: Azelf|Stealth Rock|p2a: Chandelure
|-sidestart|p2: DrReuniclus3|move: Stealth Rock
|move|p2a: Chandelure|Shadow Ball|p1a: Azelf
|-supereffective|p1a: Azelf
|-enditem|p1a: Azelf|Focus Sash
|-damage|p1a: Azelf|1\/291
|
|-heal|p2a: Chandelure|253\/289|[from] item: Leftovers
|turn|4
|
|move|p1a: Azelf|Knock Off|p2a: Chandelure
|-supereffective|p2a: Chandelure
|-end|p2a: Chandelure|Substitute
|move|p2a: Chandelure|Shadow Ball|p1a: Azelf
|-supereffective|p1a: Azelf
|-damage|p1a: Azelf|0 fnt
|faint|p1a: Azelf
|
|-heal|p2a: Chandelure|271\/289|[from] item: Leftovers
|
|switch|p1a: Aerodactyl|Aerodactyl, M|302\/302
|-ability|p1a: Aerodactyl|Unnerve|p2: DrReuniclus3
|turn|5
|
|detailschange|p1a: Aerodactyl|Aerodactyl-Mega, M
|-mega|p1a: Aerodactyl|Aerodactyl|Aerodactylite
|move|p1a: Aerodactyl|Pursuit|p2a: Chandelure|[from]Pursuit
|-supereffective|p2a: Chandelure
|-damage|p2a: Chandelure|0 fnt
|faint|p2a: Chandelure
|
|
|switch|p2a: Blastoise|Blastoise, F|358\/358
|-damage|p2a: Blastoise|314\/358|[from] Stealth Rock
|turn|6
|
|switch|p1a: Magneton|Magneton|278\/303
|detailschange|p2a: Blastoise|Blastoise-Mega, F
|-mega|p2a: Blastoise|Blastoise|Blastoisinite
|move|p2a: Blastoise|Rapid Spin|p1a: Magneton
|-resisted|p1a: Magneton
|-damage|p1a: Magneton|273\/303
|-sideend|p2: DrReuniclus3|Stealth Rock|[from] move: Rapid Spin|[of] p2a: Blastoise
|
|turn|7
|
|move|p2a: Blastoise|Ice Beam|p1a: Magneton
|-resisted|p1a: Magneton
|-damage|p1a: Magneton|216\/303
|move|p1a: Magneton|Volt Switch|p2a: Blastoise
|-supereffective|p2a: Blastoise
|-damage|p2a: Blastoise|96\/358
|
|switch|p1a: Serperior|Serperior, M|303\/303
|
|turn|8
|
|switch|p2a: Jirachi|Jirachi|341\/341
|move|p1a: Serperior|Leaf Storm|p2a: Jirachi
|-resisted|p2a: Jirachi
|-damage|p2a: Jirachi|272\/341
|-boost|p1a: Serperior|spa|2
|
|turn|9
|
|move|p2a: Jirachi|U-turn|p1a: Serperior
|-supereffective|p1a: Serperior
|-damage|p1a: Serperior|161\/303
|
|switch|p2a: Blastoise|Blastoise-Mega, F|96\/358
|move|p1a: Serperior|Glare|p2a: Blastoise
|-status|p2a: Blastoise|par
|
|turn|10
|
|move|p1a: Serperior|Leaf Storm|p2a: Blastoise
|-supereffective|p2a: Blastoise
|-damage|p2a: Blastoise|0 fnt
|-boost|p1a: Serperior|spa|2
|faint|p2a: Blastoise
|
|
|switch|p2a: Jirachi|Jirachi|272\/341
|turn|11
|
|move|p2a: Jirachi|Iron Head|p1a: Serperior
|-damage|p1a: Serperior|41\/303
|cant|p1a: Serperior|flinch
|
|turn|12
|
|switch|p2a: Shaymin|Shaymin|341\/341
|move|p1a: Serperior|Hidden Power|p2a: Shaymin
|-crit|p2a: Shaymin
|-supereffective|p2a: Shaymin
|-damage|p2a: Shaymin|0 fnt
|faint|p2a: Shaymin
|
|
|switch|p2a: Jirachi|Jirachi|272\/341
|turn|13
|
|move|p2a: Jirachi|U-turn|p1a: Serperior
|-supereffective|p1a: Serperior
|-damage|p1a: Serperior|0 fnt
|faint|p1a: Serperior
|
|switch|p2a: Kyurem|Kyurem|391\/391
|-ability|p2a: Kyurem|Pressure
|
|
|switch|p1a: Aerodactyl|Aerodactyl-Mega, M|302\/302
|turn|14
|
|move|p1a: Aerodactyl|Stone Edge|p2a: Kyurem
|-supereffective|p2a: Kyurem
|-damage|p2a: Kyurem|0 fnt
|faint|p2a: Kyurem
|
|
|switch|p2a: Jirachi|Jirachi|272\/341
|turn|15
|
|move|p2a: Jirachi|Iron Head|p1a: Aerodactyl
|-supereffective|p1a: Aerodactyl
|-damage|p1a: Aerodactyl|38\/302
|move|p1a: Aerodactyl|Aqua Tail|p2a: Jirachi
|-damage|p2a: Jirachi|129\/341
|
|turn|16
|
|move|p2a: Jirachi|Iron Head|p1a: Aerodactyl
|-supereffective|p1a: Aerodactyl
|-damage|p1a: Aerodactyl|0 fnt
|faint|p1a: Aerodactyl
|
|
|switch|p1a: Magneton|Magneton|216\/303
|turn|17
|
|move|p2a: Jirachi|Iron Head|p1a: Magneton
|-resisted|p1a: Magneton
|-damage|p1a: Magneton|197\/303
|cant|p1a: Magneton|flinch
|
|turn|18
|join|wwwwier
|
|move|p2a: Jirachi|Iron Head|p1a: Magneton
|-resisted|p1a: Magneton
|-damage|p1a: Magneton|176\/303
|move|p1a: Magneton|Thunderbolt|p2a: Jirachi
|-crit|p2a: Jirachi
|-damage|p2a: Jirachi|0 fnt
|faint|p2a: Jirachi
|
|
|switch|p2a: Lucario|Lucario, F|281\/281
|turn|19
|
|move|p2a: Lucario|Close Combat|p1a: Magneton
|-crit|p1a: Magneton
|-supereffective|p1a: Magneton
|-damage|p1a: Magneton|0 fnt
|-unboost|p2a: Lucario|def|1
|-unboost|p2a: Lucario|spd|1
|-damage|p2a: Lucario|253\/281|[from] item: Life Orb
|faint|p1a: Magneton
|
|
|switch|p1a: Lucario|Lucario, M|279\/279
|turn|20
|
|move|p1a: Lucario|Close Combat|p2a: Lucario
|-supereffective|p2a: Lucario
|-damage|p2a: Lucario|0 fnt
|-unboost|p1a: Lucario|def|1
|-unboost|p1a: Lucario|spd|1
|-damage|p1a: Lucario|252\/279|[from] item: Life Orb
|faint|p2a: Lucario
|
|win|zoid's warhorse
|raw|Ladder updating...
|c|âzoid's warhorse|gg
|raw|zoid&apos;s warhorse's rating: 1518 &rarr; <strong>1532<\/strong><br \/>(+14 for winning)
|raw|DrReuniclus3's rating: 1414 &rarr; <strong>1400<\/strong><br \/>(-14 for losing)
|c|âDrReuniclus3|nah
|leave|DrReuniclus3
|player|p2
|leave|wwwwier