|join|DrReuniclus3
|join|Xavipato
|player|p1|DrReuniclus3|147
|player|p2|Xavipato|3
|gametype|singles
|gen|6
|tier|UU
|rated
|rule|Sleep Clause Mod: Limit one foe put to sleep
|rule|Species Clause: Limit one of each PokÃ©mon
|rule|OHKO Clause: OHKO moves are banned
|rule|Moody Clause: Moody is banned
|rule|Evasion Moves Clause: Evasion moves are banned
|rule|Endless Battle Clause: Forcing endless battles is banned
|rule|HP Percentage Mod: HP is shown in percentages
|clearpoke
|poke|p1|Kyurem
|poke|p1|Blastoise, F
|poke|p1|Jirachi
|poke|p1|Shaymin
|poke|p1|Lucario, F
|poke|p1|Chandelure, M
|poke|p2|Donphan, F
|poke|p2|Darmanitan, M
|poke|p2|Tentacruel, M
|poke|p2|Galvantula, F
|poke|p2|Hydreigon, M
|poke|p2|Crobat, M
|rule|Swagger Clause: Swagger is banned
|rule|Baton Pass Clause: Limit one PokÃ©mon knowing Baton Pass
|teampreview
|
|start
|switch|p1a: Kyurem|Kyurem|391\/391
|switch|p2a: Galvantula|Galvantula, F|281\/281
|-ability|p1a: Kyurem|Pressure
|turn|1
|
|move|p1a: Kyurem|Dragon Pulse|p2a: Galvantula
|-enditem|p2a: Galvantula|Focus Sash
|-damage|p2a: Galvantula|1\/281
|move|p2a: Galvantula|Bug Buzz|p1a: Kyurem
|-damage|p1a: Kyurem|232\/391
|
|turn|2
|
|move|p1a: Kyurem|Dragon Pulse|p2a: Galvantula
|-damage|p2a: Galvantula|0 fnt
|faint|p2a: Galvantula
|
|
|switch|p2a: Tentacruel|Tentacruel, M|301\/301
|turn|3
|
|move|p2a: Tentacruel|Swords Dance|p2a: Tentacruel
|-boost|p2a: Tentacruel|atk|2
|move|p1a: Kyurem|Dragon Pulse|p2a: Tentacruel
|-damage|p2a: Tentacruel|120\/301
|
|turn|4
|
|move|p2a: Tentacruel|Poison Jab|p1a: Kyurem
|-damage|p1a: Kyurem|0 fnt
|-damage|p2a: Tentacruel|90\/301|[from] item: Life Orb
|faint|p1a: Kyurem
|
|
|switch|p1a: Jirachi|Jirachi|341\/341
|turn|5
|
|move|p1a: Jirachi|Iron Head|p2a: Tentacruel
|-resisted|p2a: Tentacruel
|-damage|p2a: Tentacruel|12\/301
|cant|p2a: Tentacruel|flinch
|
|turn|6
|
|move|p1a: Jirachi|Iron Head|p2a: Tentacruel
|-resisted|p2a: Tentacruel
|-damage|p2a: Tentacruel|0 fnt
|faint|p2a: Tentacruel
|
|
|switch|p2a: Hydreigon|Hydreigon, M|325\/325
|turn|7
|
|move|p1a: Jirachi|Iron Head|p2a: Hydreigon
|-damage|p2a: Hydreigon|184\/325
|move|p2a: Hydreigon|Dark Pulse|p1a: Jirachi
|-crit|p1a: Jirachi
|-supereffective|p1a: Jirachi
|-damage|p1a: Jirachi|0 fnt
|-damage|p2a: Hydreigon|152\/325|[from] item: Life Orb
|faint|p1a: Jirachi
|
|
|switch|p1a: Shaymin|Shaymin|341\/341
|turn|8
|
|move|p1a: Shaymin|Leech Seed|p2a: Hydreigon
|-start|p2a: Hydreigon|move: Leech Seed
|move|p2a: Hydreigon|Draco Meteor|p1a: Shaymin
|-damage|p1a: Shaymin|71\/341
|-unboost|p2a: Hydreigon|spa|2
|-damage|p2a: Hydreigon|120\/325|[from] item: Life Orb
|
|-heal|p1a: Shaymin|92\/341|[from] item: Leftovers
|-damage|p2a: Hydreigon|80\/325|[from] Leech Seed|[of] p1a: Shaymin
|-heal|p1a: Shaymin|132\/341|[silent]
|turn|9
|
|switch|p2a: Crobat|Crobat, M|311\/311
|move|p1a: Shaymin|Air Slash|p2a: Crobat
|-damage|p2a: Crobat|227\/311
|
|-heal|p1a: Shaymin|153\/341|[from] item: Leftovers
|turn|10
|
|move|p1a: Shaymin|Protect|p1a: Shaymin
|-singleturn|p1a: Shaymin|Protect
|move|p2a: Crobat|Nasty Plot|p2a: Crobat
|-boost|p2a: Crobat|spa|2
|
|-heal|p1a: Shaymin|174\/341|[from] item: Leftovers
|turn|11
|
|move|p2a: Crobat|Sludge Bomb|p1a: Shaymin
|-supereffective|p1a: Shaymin
|-damage|p1a: Shaymin|0 fnt
|-damage|p2a: Crobat|196\/311|[from] item: Life Orb
|faint|p1a: Shaymin
|
|
|switch|p1a: Chandelure|Chandelure, M|289\/289
|turn|12
|
|move|p2a: Crobat|Sludge Bomb|p1a: Chandelure
|-resisted|p1a: Chandelure
|-damage|p1a: Chandelure|125\/289
|-damage|p2a: Crobat|165\/311|[from] item: Life Orb
|move|p1a: Chandelure|Fire Blast|p2a: Crobat
|-damage|p2a: Crobat|0 fnt
|faint|p2a: Crobat
|
|-heal|p1a: Chandelure|143\/289|[from] item: Leftovers
|
|switch|p2a: Hydreigon|Hydreigon, M|80\/325
|turn|13
|
|move|p2a: Hydreigon|Dark Pulse|p1a: Chandelure
|-crit|p1a: Chandelure
|-supereffective|p1a: Chandelure
|-damage|p1a: Chandelure|0 fnt
|-damage|p2a: Hydreigon|48\/325|[from] item: Life Orb
|faint|p1a: Chandelure
|
|
|switch|p1a: Lucario|Lucario, F|281\/281
|turn|14
|
|move|p1a: Lucario|Extreme Speed|p2a: Hydreigon
|-damage|p2a: Hydreigon|0 fnt
|-damage|p1a: Lucario|253\/281|[from] item: Life Orb
|faint|p2a: Hydreigon
|
|
|switch|p2a: Darmanitan|Darmanitan, M|352\/352
|turn|15
|
|move|p1a: Lucario|Extreme Speed|p2a: Darmanitan
|-damage|p2a: Darmanitan|140\/352
|-damage|p1a: Lucario|225\/281|[from] item: Life Orb
|move|p2a: Darmanitan|Fire Punch|p1a: Lucario
|-supereffective|p1a: Lucario
|-damage|p1a: Lucario|0 fnt
|faint|p1a: Lucario
|
|
|switch|p1a: Blastoise|Blastoise, F|358\/358
|turn|16
|
|detailschange|p1a: Blastoise|Blastoise-Mega, F
|-mega|p1a: Blastoise|Blastoise|Blastoisinite
|move|p2a: Darmanitan|Earthquake|p1a: Blastoise
|-damage|p1a: Blastoise|258\/358
|move|p1a: Blastoise|Dark Pulse|p2a: Darmanitan
|-damage|p2a: Darmanitan|0 fnt
|faint|p2a: Darmanitan
|
|
|switch|p2a: Donphan|Donphan, F|321\/321
|turn|17
|
|move|p2a: Donphan|Earthquake|p1a: Blastoise
|-damage|p1a: Blastoise|15\/358
|move|p1a: Blastoise|Ice Beam|p2a: Donphan
|-supereffective|p2a: Donphan
|-activate|p2a: Donphan|Sturdy
|-damage|p2a: Donphan|1\/321
|
|turn|18
|
|move|p2a: Donphan|Earthquake|p1a: Blastoise
|-damage|p1a: Blastoise|0 fnt
|faint|p1a: Blastoise
|
|win|Xavipato
|raw|Ladder updating...
|raw|DrReuniclus3's rating: 1453 &rarr; <strong>1424<\/strong><br \/>(-29 for losing)
|raw|Xavipato's rating: 1273 &rarr; <strong>1309<\/strong><br \/>(+36 for winning)
|leave|DrReuniclus3
|player|p1