|join|DrummerVim
|join|PrinceSama
|player|p1|DrummerVim|235
|player|p2|PrinceSama|102
|gametype|singles
|gen|6
|tier|UU
|rated
|rule|Sleep Clause Mod: Limit one foe put to sleep
|rule|Species Clause: Limit one of each Pokemon
|rule|OHKO Clause: OHKO moves are banned
|rule|Moody Clause: Moody is banned
|rule|Evasion Moves Clause: Evasion moves are banned
|rule|Endless Battle Clause: Forcing endless battles is banned.
|rule|HP Percentage Mod: HP is reported as percentages
|clearpoke
|poke|p1|Shaymin
|poke|p1|Mew
|poke|p1|Lucario, M
|poke|p1|Fletchinder, F
|poke|p1|Hydreigon, F
|poke|p1|Blissey, F
|poke|p2|Lucario, M
|poke|p2|Rotom-Heat
|poke|p2|Blissey, F
|poke|p2|Azelf
|poke|p2|Slowbro, M
|poke|p2|Aerodactyl, F
|teampreview
|
|start
|switch|p1a: Hydreigon|Hydreigon, F|325\/325
|switch|p2a: Rotom-Heat|Rotom-Heat|241\/241
|turn|1
|
|move|p1a: Hydreigon|U-turn|p2a: Rotom-Heat
|-resisted|p2a: Rotom-Heat
|-damage|p2a: Rotom-Heat|216\/241
|
|switch|p1a: Blissey|Blissey, F|714\/714
|move|p2a: Rotom-Heat|Trick|p1a: Blissey
|-activate|p2a: Rotom-Heat|move: Trick|[of] p1a: Blissey
|-item|p1a: Blissey|Choice Specs|[from] move: Trick
|-item|p2a: Rotom-Heat|Leftovers|[from] move: Trick
|
|-heal|p2a: Rotom-Heat|231\/241|[from] item: Leftovers
|turn|2
|
|move|p2a: Rotom-Heat|Volt Switch|p1a: Blissey
|-damage|p1a: Blissey|627\/714
|
|switch|p2a: Lucario|Lucario, M|281\/281
|move|p1a: Blissey|Seismic Toss|p2a: Lucario
|-damage|p2a: Lucario|181\/281
|
|turn|3
|
|switch|p1a: Mew|Mew|404\/404
|move|p2a: Lucario|Close Combat|p1a: Mew
|-resisted|p1a: Mew
|-damage|p1a: Mew|300\/404
|-unboost|p2a: Lucario|def|1
|-unboost|p2a: Lucario|spd|1
|-damage|p2a: Lucario|153\/281|[from] item: Life Orb
|
|-heal|p1a: Mew|325\/404|[from] item: Leftovers
|turn|4
|
|switch|p2a: Blissey|Blissey, F|714\/714
|move|p1a: Mew|Will-O-Wisp|p2a: Blissey
|-status|p2a: Blissey|brn
|
|-heal|p1a: Mew|350\/404|[from] item: Leftovers
|-damage|p2a: Blissey|625\/714 brn|[from] brn
|turn|5
|
|move|p1a: Mew|Knock Off|p2a: Blissey
|-damage|p2a: Blissey|490\/714 brn
|-enditem|p2a: Blissey|Leftovers|[from] move: Knock Off|[of] p1a: Mew
|move|p2a: Blissey|Wish|p2a: Blissey
|
|-heal|p1a: Mew|375\/404|[from] item: Leftovers
|-damage|p2a: Blissey|401\/714 brn|[from] brn
|turn|6
|
|move|p1a: Mew|Will-O-Wisp|p2a: Blissey
|-fail|p2a: Blissey|brn
|move|p2a: Blissey|Thunder Wave|p1a: Mew
|-status|p1a: Mew|par
|
|-heal|p2a: Blissey|714\/714 brn|[from] move: Wish|[wisher] Blissey
|-heal|p1a: Mew|400\/404 par|[from] item: Leftovers
|-damage|p2a: Blissey|625\/714 brn|[from] brn
|turn|7
|
|switch|p1a: Lucario|Lucario, M|282\/282
|move|p2a: Blissey|Wish|p2a: Blissey
|
|-damage|p2a: Blissey|536\/714 brn|[from] brn
|turn|8
|
|switch|p2a: Slowbro|Slowbro, M|394\/394
|move|p1a: Lucario|Swords Dance|p1a: Lucario
|-boost|p1a: Lucario|atk|2
|
|turn|9
|
|move|p1a: Lucario|Crunch|p2a: Slowbro
|-supereffective|p2a: Slowbro
|-damage|p2a: Slowbro|0 fnt
|-damage|p1a: Lucario|254\/282|[from] item: Life Orb
|faint|p2a: Slowbro
|
|
|switch|p2a: Aerodactyl|Aerodactyl, F|302\/302
|turn|10
|
|detailschange|p2a: Aerodactyl|Aerodactyl-Mega, F
|message|Aerodactyl has Mega Evolved into Mega Aerodactyl!
|move|p2a: Aerodactyl|Earthquake|p1a: Lucario
|-supereffective|p1a: Lucario
|-damage|p1a: Lucario|0 fnt
|faint|p1a: Lucario
|
|
|switch|p1a: Shaymin|Shaymin|342\/342
|turn|11
|
|switch|p2a: Rotom-Heat|Rotom-Heat|231\/241
|move|p1a: Shaymin|Seed Flare|p2a: Rotom-Heat
|-resisted|p2a: Rotom-Heat
|-damage|p2a: Rotom-Heat|117\/241
|-damage|p1a: Shaymin|308\/342|[from] item: Life Orb
|
|-heal|p2a: Rotom-Heat|132\/241|[from] item: Leftovers
|turn|12
|
|switch|p1a: Hydreigon|Hydreigon, F|325\/325
|move|p2a: Rotom-Heat|Volt Switch|p1a: Hydreigon
|-resisted|p1a: Hydreigon
|-damage|p1a: Hydreigon|271\/325
|
|switch|p2a: Aerodactyl|Aerodactyl-Mega, F|302\/302
|
|turn|13
|
|move|p1a: Hydreigon|Draco Meteor|p2a: Aerodactyl
|-damage|p2a: Aerodactyl|64\/302
|-unboost|p1a: Hydreigon|spa|2
|move|p2a: Aerodactyl|Stone Edge|p1a: Hydreigon
|-damage|p1a: Hydreigon|57\/325
|
|turn|14
|
|switch|p2a: Blissey|Blissey, F|536\/714
|move|p1a: Hydreigon|Draco Meteor|p2a: Blissey
|-damage|p2a: Blissey|451\/714
|-unboost|p1a: Hydreigon|spa|2
|
|turn|15
|
|switch|p1a: Blissey|Blissey, F|627\/714
|move|p2a: Blissey|Thunder Wave|p1a: Blissey
|-status|p1a: Blissey|par
|
|turn|16
|
|move|p2a: Blissey|Wish|p2a: Blissey
|move|p1a: Blissey|Thunder Wave|p2a: Blissey
|-status|p2a: Blissey|par
|
|turn|17
|
|switch|p2a: Rotom-Heat|Rotom-Heat|132\/241
|switch|p1a: Mew|Mew|400\/404 par
|
|-heal|p2a: Rotom-Heat|241\/241|[from] move: Wish|[wisher] Blissey
|-heal|p1a: Mew|404\/404 par|[from] item: Leftovers
|turn|18
|
|move|p2a: Rotom-Heat|Discharge|p1a: Mew
|-damage|p1a: Mew|290\/404 par
|move|p1a: Mew|Knock Off|p2a: Rotom-Heat
|-damage|p2a: Rotom-Heat|164\/241
|-enditem|p2a: Rotom-Heat|Leftovers|[from] move: Knock Off|[of] p1a: Mew
|
|-heal|p1a: Mew|315\/404 par|[from] item: Leftovers
|turn|19
|
|switch|p1a: Blissey|Blissey, F|627\/714
|move|p2a: Rotom-Heat|Trick|p1a: Blissey
|-activate|p2a: Rotom-Heat|move: Trick|[of] p1a: Blissey
|-item|p2a: Rotom-Heat|Choice Specs|[from] move: Trick
|
|turn|20
|
|switch|p1a: Hydreigon|Hydreigon, F|57\/325
|move|p2a: Rotom-Heat|Trick|p1a: Hydreigon
|-activate|p2a: Rotom-Heat|move: Trick|[of] p1a: Hydreigon
|-item|p1a: Hydreigon|Choice Specs|[from] move: Trick
|-item|p2a: Rotom-Heat|Choice Scarf|[from] move: Trick
|
|turn|21
|
|switch|p1a: Blissey|Blissey, F|627\/714
|move|p2a: Rotom-Heat|Overheat|p1a: Blissey
|-damage|p1a: Blissey|464\/714
|-unboost|p2a: Rotom-Heat|spa|2
|
|turn|22
|
|switch|p2a: Azelf|Azelf|291\/291
|move|p1a: Blissey|Wish|p1a: Blissey
|
|turn|23
|
|switch|p1a: Hydreigon|Hydreigon, F|57\/325
|move|p2a: Azelf|Fire Blast|p1a: Hydreigon
|-resisted|p1a: Hydreigon
|-damage|p1a: Hydreigon|0 fnt
|-damage|p2a: Azelf|262\/291|[from] item: Life Orb
|faint|p1a: Hydreigon
|
|
|switch|p1a: Fletchinder|Fletchinder, F|327\/327
|turn|24
|
|move|p2a: Azelf|Thunderbolt|p1a: Fletchinder
|-supereffective|p1a: Fletchinder
|-damage|p1a: Fletchinder|0 fnt
|-damage|p2a: Azelf|233\/291|[from] item: Life Orb
|faint|p1a: Fletchinder
|
|
|switch|p1a: Blissey|Blissey, F|464\/714
|turn|25
|
|move|p2a: Azelf|Psyshock|p1a: Blissey
|-damage|p1a: Blissey|121\/714
|-damage|p2a: Azelf|204\/291|[from] item: Life Orb
|move|p1a: Blissey|Seismic Toss|p2a: Azelf
|-damage|p2a: Azelf|104\/291
|
|turn|26
|
|move|p2a: Azelf|Knock Off|p1a: Blissey
|-damage|p1a: Blissey|0 fnt
|-damage|p2a: Azelf|75\/291|[from] item: Life Orb
|faint|p1a: Blissey
|
|
|switch|p1a: Shaymin|Shaymin|308\/342
|turn|27
|
|move|p2a: Azelf|Fire Blast|p1a: Shaymin
|-supereffective|p1a: Shaymin
|-damage|p1a: Shaymin|0 fnt
|-damage|p2a: Azelf|46\/291|[from] item: Life Orb
|faint|p1a: Shaymin
|
|
|switch|p1a: Mew|Mew|315\/404 par
|turn|28
|
|move|p2a: Azelf|Knock Off|p1a: Mew
|-supereffective|p1a: Mew
|-damage|p1a: Mew|149\/404 par
|-enditem|p1a: Mew|Leftovers|[from] move: Knock Off|[of] p2a: Azelf
|-damage|p2a: Azelf|17\/291|[from] item: Life Orb
|move|p1a: Mew|Knock Off|p2a: Azelf
|-supereffective|p2a: Azelf
|-damage|p2a: Azelf|0 fnt
|faint|p2a: Azelf
|
|
|switch|p2a: Rotom-Heat|Rotom-Heat|164\/241
|turn|29
|
|move|p2a: Rotom-Heat|Overheat|p1a: Mew
|-damage|p1a: Mew|0 fnt
|-unboost|p2a: Rotom-Heat|spa|2
|faint|p1a: Mew
|
|win|PrinceSama
|raw|Ladder updating...
|raw|DrummerVim's rating: 1472 &rarr; <strong>1451<\/strong><br \/>(-21 for losing)
|raw|PrinceSama's rating: 1446 &rarr; <strong>1468<\/strong><br \/>(+22 for winning)
|chat|PrinceSama|gg
|chat|DrummerVim|gg