|join|DrummerVim
|join|Olib40
|player|p1|DrummerVim|235
|player|p2|Olib40|265
|gametype|singles
|gen|6
|tier|UU
|rated
|rule|Sleep Clause Mod: Limit one foe put to sleep
|rule|Species Clause: Limit one of each Pokemon
|rule|OHKO Clause: OHKO moves are banned
|rule|Moody Clause: Moody is banned
|rule|Evasion Moves Clause: Evasion moves are banned
|rule|Endless Battle Clause: Forcing endless battles is banned.
|rule|HP Percentage Mod: HP is reported as percentages
|clearpoke
|poke|p1|Chesnaught, M
|poke|p1|Florges, F
|poke|p1|Galvantula, M
|poke|p1|Porygon-Z
|poke|p1|Mew
|poke|p1|Swampert, M
|poke|p2|Cloyster, F
|poke|p2|Metagross
|poke|p2|Blastoise, F
|poke|p2|Chandelure, M
|poke|p2|Honchkrow, F
|poke|p2|Chesnaught, M
|teampreview
|
|start
|switch|p1a: Galvantula|Galvantula, M|281\/281
|switch|p2a: Chandelure|Chandelure, M|324\/324
|turn|1
|
|move|p1a: Galvantula|Volt Switch|p2a: Chandelure
|-damage|p2a: Chandelure|158\/324
|
|switch|p1a: Chesnaught|Chesnaught, M|358\/358
|move|p2a: Chandelure|Will-O-Wisp|p1a: Chesnaught|[miss]
|-miss|p2a: Chandelure|p1a: Chesnaught
|
|-heal|p2a: Chandelure|178\/324|[from] item: Leftovers
|turn|2
|
|switch|p1a: Swampert|Swampert, M|404\/404
|move|p2a: Chandelure|Will-O-Wisp|p1a: Swampert
|-status|p1a: Swampert|brn
|
|-heal|p2a: Chandelure|198\/324|[from] item: Leftovers
|-damage|p1a: Swampert|354\/404 brn|[from] brn
|turn|3
|
|switch|p1a: Florges|Florges, F|360\/360
|move|p2a: Chandelure|Hex|p1a: Florges
|-damage|p1a: Florges|273\/360
|
|-heal|p2a: Chandelure|218\/324|[from] item: Leftovers
|-heal|p1a: Florges|295\/360|[from] item: Leftovers
|turn|4
|
|move|p2a: Chandelure|Calm Mind|p2a: Chandelure
|-boost|p2a: Chandelure|spa|1
|-boost|p2a: Chandelure|spd|1
|move|p1a: Florges|Aromatherapy|p1a: Florges
|-cureteam|p1a: Florges|[from] move: Aromatherapy
|
|-heal|p2a: Chandelure|238\/324|[from] item: Leftovers
|-heal|p1a: Florges|317\/360|[from] item: Leftovers
|turn|5
|
|switch|p1a: Galvantula|Galvantula, M|281\/281
|move|p2a: Chandelure|Calm Mind|p2a: Chandelure
|-boost|p2a: Chandelure|spa|1
|-boost|p2a: Chandelure|spd|1
|
|-heal|p2a: Chandelure|258\/324|[from] item: Leftovers
|turn|6
|
|move|p1a: Galvantula|Thunder|p2a: Chandelure|[miss]
|-miss|p1a: Galvantula|p2a: Chandelure
|move|p2a: Chandelure|Fire Blast|p1a: Galvantula
|-supereffective|p1a: Galvantula
|-damage|p1a: Galvantula|0 fnt
|faint|p1a: Galvantula
|
|-heal|p2a: Chandelure|278\/324|[from] item: Leftovers
|chat|DrummerVim|damnn
|
|switch|p1a: Porygon-Z|Porygon-Z|312\/312
|turn|7
|
|move|p1a: Porygon-Z|Shadow Ball|p2a: Chandelure
|-crit|p2a: Chandelure
|-supereffective|p2a: Chandelure
|-damage|p2a: Chandelure|0 fnt
|faint|p2a: Chandelure
|
|chat|Olib40|argggh lucky crit
|chat|DrummerVim|shiii
|
|switch|p2a: Chesnaught|Chesnaught, M|380\/380
|turn|8
|chat|DrummerVim|that mattered :\/
|
|switch|p1a: Mew|Mew|404\/404
|move|p2a: Chesnaught|Leech Seed|p1a: Mew
|-start|p1a: Mew|move: Leech Seed
|
|-damage|p1a: Mew|354\/404|[from] Leech Seed|[of] p2a: Chesnaught
|turn|9
|
|switch|p2a: Honchkrow|Honchkrow, F|404\/404
|move|p1a: Mew|Will-O-Wisp|p2a: Honchkrow
|-status|p2a: Honchkrow|brn
|
|-heal|p1a: Mew|379\/404|[from] item: Leftovers
|-damage|p1a: Mew|329\/404|[from] Leech Seed|[of] p2a: Honchkrow
|-damage|p2a: Honchkrow|354\/404 brn|[from] brn
|turn|10
|
|switch|p1a: Florges|Florges, F|317\/360
|move|p2a: Honchkrow|Foul Play|p1a: Florges
|-resisted|p1a: Florges
|-damage|p1a: Florges|299\/360
|-damage|p2a: Honchkrow|314\/404 brn|[from] item: Life Orb
|
|-heal|p1a: Florges|321\/360|[from] item: Leftovers
|-damage|p2a: Honchkrow|264\/404 brn|[from] brn
|turn|11
|
|switch|p1a: Porygon-Z|Porygon-Z|312\/312
|switch|p2a: Metagross|Metagross|364\/364
|
|turn|12
|
|move|p1a: Porygon-Z|Tri Attack|p2a: Metagross
|-resisted|p2a: Metagross
|-damage|p2a: Metagross|211\/364
|move|p2a: Metagross|Hammer Arm|p1a: Porygon-Z
|-supereffective|p1a: Porygon-Z
|-damage|p1a: Porygon-Z|0 fnt
|-unboost|p2a: Metagross|spe|1
|faint|p1a: Porygon-Z
|
|
|switch|p1a: Chesnaught|Chesnaught, M|358\/358
|turn|13
|
|move|p1a: Chesnaught|Stone Edge|p2a: Metagross
|-resisted|p2a: Metagross
|-damage|p2a: Metagross|162\/364
|move|p2a: Metagross|Hammer Arm|p1a: Chesnaught
|-damage|p1a: Chesnaught|253\/358
|-unboost|p2a: Metagross|spe|1
|
|turn|14
|
|move|p1a: Chesnaught|Earthquake|p2a: Metagross
|-supereffective|p2a: Metagross
|-damage|p2a: Metagross|0 fnt
|faint|p2a: Metagross
|
|
|switch|p2a: Honchkrow|Honchkrow, F|264\/404 brn
|turn|15
|
|switch|p1a: Florges|Florges, F|321\/360
|move|p2a: Honchkrow|Brave Bird|p1a: Florges
|-damage|p1a: Florges|222\/360
|-damage|p2a: Honchkrow|231\/404 brn|[from] recoil|[of] p1a: Florges
|-damage|p2a: Honchkrow|191\/404 brn|[from] item: Life Orb
|
|-heal|p1a: Florges|244\/360|[from] item: Leftovers
|-damage|p2a: Honchkrow|141\/404 brn|[from] brn
|turn|16
|
|move|p1a: Florges|Wish|p1a: Florges
|move|p2a: Honchkrow|Roost|p2a: Honchkrow
|-heal|p2a: Honchkrow|343\/404 brn
|
|-heal|p1a: Florges|266\/360|[from] item: Leftovers
|-damage|p2a: Honchkrow|293\/404 brn|[from] brn
|turn|17
|
|move|p1a: Florges|Moonblast|p2a: Honchkrow
|-supereffective|p2a: Honchkrow
|-damage|p2a: Honchkrow|39\/404 brn
|move|p2a: Honchkrow|Brave Bird|p1a: Florges
|-damage|p1a: Florges|156\/360
|-damage|p2a: Honchkrow|3\/404 brn|[from] recoil|[of] p1a: Florges
|-damage|p2a: Honchkrow|0 fnt|[from] item: Life Orb
|faint|p2a: Honchkrow
|
|-heal|p1a: Florges|336\/360|[from] move: Wish|[wisher] Florges
|-heal|p1a: Florges|358\/360|[from] item: Leftovers
|
|switch|p2a: Chesnaught|Chesnaught, M|380\/380
|turn|18
|
|move|p1a: Florges|Moonblast|p2a: Chesnaught
|-supereffective|p2a: Chesnaught
|-damage|p2a: Chesnaught|56\/380
|move|p2a: Chesnaught|Leech Seed|p1a: Florges
|-start|p1a: Florges|move: Leech Seed
|
|-heal|p1a: Florges|360\/360|[from] item: Leftovers
|-heal|p2a: Chesnaught|79\/380|[from] item: Leftovers
|-damage|p1a: Florges|315\/360|[from] Leech Seed|[of] p2a: Chesnaught
|-heal|p2a: Chesnaught|124\/380|[silent]
|turn|19
|
|move|p2a: Chesnaught|Spiky Shield|p2a: Chesnaught
|-singleturn|p2a: Chesnaught|move: Protect
|move|p1a: Florges|Wish|p1a: Florges
|
|-heal|p1a: Florges|337\/360|[from] item: Leftovers
|-heal|p2a: Chesnaught|147\/380|[from] item: Leftovers
|-damage|p1a: Florges|292\/360|[from] Leech Seed|[of] p2a: Chesnaught
|-heal|p2a: Chesnaught|192\/380|[silent]
|turn|20
|
|move|p1a: Florges|Moonblast|p2a: Chesnaught
|-supereffective|p2a: Chesnaught
|-damage|p2a: Chesnaught|0 fnt
|faint|p2a: Chesnaught
|
|-heal|p1a: Florges|360\/360|[from] move: Wish|[wisher] Florges
|
|switch|p2a: Blastoise|Blastoise, F|362\/362
|turn|21
|
|detailschange|p2a: Blastoise|Blastoise-Mega, F
|message|Blastoise has Mega Evolved into Mega Blastoise!
|move|p2a: Blastoise|Water Pulse|p1a: Florges
|-damage|p1a: Florges|240\/360
|move|p1a: Florges|Moonblast|p2a: Blastoise
|-damage|p2a: Blastoise|242\/362
|-unboost|p2a: Blastoise|spa|1
|
|-heal|p1a: Florges|262\/360|[from] item: Leftovers
|-damage|p1a: Florges|217\/360|[from] Leech Seed|[of] p2a: Blastoise
|-heal|p2a: Blastoise|287\/362|[silent]
|turn|22
|
|move|p2a: Blastoise|Water Pulse|p1a: Florges
|-damage|p1a: Florges|130\/360
|move|p1a: Florges|Moonblast|p2a: Blastoise
|-damage|p2a: Blastoise|169\/362
|
|-heal|p1a: Florges|152\/360|[from] item: Leftovers
|-damage|p1a: Florges|107\/360|[from] Leech Seed|[of] p2a: Blastoise
|-heal|p2a: Blastoise|214\/362|[silent]
|turn|23
|
|move|p2a: Blastoise|Water Pulse|p1a: Florges
|-damage|p1a: Florges|22\/360
|move|p1a: Florges|Moonblast|p2a: Blastoise
|-damage|p2a: Blastoise|100\/362
|-unboost|p2a: Blastoise|spa|1
|
|-heal|p1a: Florges|44\/360|[from] item: Leftovers
|-damage|p1a: Florges|0 fnt|[from] Leech Seed|[of] p2a: Blastoise
|-heal|p2a: Blastoise|144\/362|[silent]
|faint|p1a: Florges
|
|switch|p1a: Chesnaught|Chesnaught, M|253\/358
|turn|24
|
|move|p2a: Blastoise|Aura Sphere|p1a: Chesnaught
|-immune|p1a: Chesnaught|[msg]|[from] Bulletproof
|move|p1a: Chesnaught|Wood Hammer|p2a: Blastoise
|-crit|p2a: Blastoise
|-supereffective|p2a: Blastoise
|-damage|p2a: Blastoise|0 fnt
|-damage|p1a: Chesnaught|205\/358|[from] recoil|[of] p2a: Blastoise
|faint|p2a: Blastoise
|
|
|switch|p2a: Cloyster|Cloyster, F|274\/274
|turn|25
|
|move|p2a: Cloyster|Shell Smash|p2a: Cloyster
|-boost|p2a: Cloyster|atk|2
|-boost|p2a: Cloyster|spa|2
|-boost|p2a: Cloyster|spe|2
|-unboost|p2a: Cloyster|def|1
|-unboost|p2a: Cloyster|spd|1
|-enditem|p2a: Cloyster|White Herb
|-restoreboost|p2a: Cloyster|[silent]
|move|p1a: Chesnaught|Wood Hammer|p2a: Cloyster
|-supereffective|p2a: Cloyster
|-damage|p2a: Cloyster|32\/274
|-damage|p1a: Chesnaught|125\/358|[from] recoil|[of] p2a: Cloyster
|
|turn|26
|
|move|p2a: Cloyster|Icicle Spear|p1a: Chesnaught
|-supereffective|p1a: Chesnaught
|-damage|p1a: Chesnaught|0 fnt
|-hitcount|p1a: Chesnaught|1
|faint|p1a: Chesnaught
|
|
|switch|p1a: Mew|Mew|329\/404
|turn|27
|
|move|p2a: Cloyster|Icicle Spear|p1a: Mew
|-damage|p1a: Mew|277\/404
|-damage|p1a: Mew|214\/404
|-damage|p1a: Mew|159\/404
|-damage|p1a: Mew|99\/404
|-damage|p1a: Mew|45\/404
|-hitcount|p1a: Mew|5
|move|p1a: Mew|Knock Off|p2a: Cloyster
|-damage|p2a: Cloyster|1\/274
|
|-heal|p1a: Mew|70\/404|[from] item: Leftovers
|turn|28
|chat|DrummerVim|omg
|chat|DrummerVim|waaaat
|
|move|p2a: Cloyster|Icicle Spear|p1a: Mew
|-damage|p1a: Mew|10\/404
|-damage|p1a: Mew|0 fnt
|-hitcount|p1a: Mew|2
|faint|p1a: Mew
|
|
|switch|p1a: Swampert|Swampert, M|354\/404
|turn|29
|
|move|p2a: Cloyster|Icicle Spear|p1a: Swampert
|-damage|p1a: Swampert|275\/404
|-damage|p1a: Swampert|191\/404
|-crit|p1a: Swampert
|-damage|p1a: Swampert|59\/404
|-damage|p1a: Swampert|0 fnt
|-hitcount|p1a: Swampert|4
|faint|p1a: Swampert
|
|win|Olib40
|raw|Ladder updating...
|raw|DrummerVim's rating: 1359 &rarr; <strong>1331<\/strong><br \/>(-28 for losing)
|raw|Olib40's rating: 1218 &rarr; <strong>1253<\/strong><br \/>(+35 for winning)
|chat|DrummerVim|.__________.
|chat|Olib40|wow
|chat|Olib40|sorry
|chat|DrummerVim|not sure how that happened haha
|chat|DrummerVim|gg
|chat|Olib40|gg though
|leave|DrummerVim
|player|p1