|join|DrummerVim
|join|Qu@seem
|player|p1|DrummerVim|87
|player|p2|Qu@seem|130
|gametype|singles
|gen|6
|tier|UU
|rule|Sleep Clause Mod: Limit one foe put to sleep
|rule|Species Clause: Limit one of each PokÃ©mon
|rule|OHKO Clause: OHKO moves are banned
|rule|Moody Clause: Moody is banned
|rule|Evasion Moves Clause: Evasion moves are banned
|rule|Endless Battle Clause: Forcing endless battles is banned
|rule|HP Percentage Mod: HP is shown in percentages
|clearpoke
|poke|p1|Suicune
|poke|p1|Goodra, M
|poke|p1|Metagross
|poke|p1|Shaymin
|poke|p1|Darmanitan, M
|poke|p1|Forretress, F
|poke|p2|Aerodactyl, M
|poke|p2|Mienshao, M
|poke|p2|Azelf
|poke|p2|Rotom-Heat
|poke|p2|Empoleon, M
|poke|p2|Starmie
|rule|Swagger Clause: Swagger is banned
|rule|Baton Pass Clause: Limit one PokÃ©mon knowing Baton Pass
|teampreview
|c|âDrummerVim|mienshao ;_;
|c|âQu@seem|gl hf
|join|Saganabyss
|c|âDrummerVim|almost rekt me in the previous mathc. 
|c|âDrummerVim|gl hf
|c| Saganabyss|Finally a Suicune. â¥
|
|start
|switch|p1a: Darmanitan|Darmanitan, M|351\/351
|switch|p2a: Empoleon|Empoleon, M|365\/365
|turn|1
|
|move|p1a: Darmanitan|Superpower|p2a: Empoleon
|-supereffective|p2a: Empoleon
|-damage|p2a: Empoleon|145\/365
|-unboost|p1a: Darmanitan|atk|1
|-unboost|p1a: Darmanitan|def|1
|move|p2a: Empoleon|Stealth Rock|p1a: Darmanitan
|-sidestart|p1: DrummerVim|move: Stealth Rock
|
|-heal|p2a: Empoleon|167\/365|[from] item: Leftovers
|turn|2
|
|switch|p1a: Forretress|Forretress, F|354\/354
|-damage|p1a: Forretress|310\/354|[from] Stealth Rock
|switch|p2a: Azelf|Azelf|291\/291
|
|-heal|p1a: Forretress|332\/354|[from] item: Leftovers
|turn|3
|
|move|p2a: Azelf|Fire Punch|p1a: Forretress
|-supereffective|p1a: Forretress
|-damage|p1a: Forretress|92\/354
|move|p1a: Forretress|Rapid Spin|p2a: Azelf
|-damage|p2a: Azelf|272\/291
|-sideend|p1: DrummerVim|Stealth Rock|[from] move: Rapid Spin|[of] p1a: Forretress
|
|-heal|p1a: Forretress|114\/354|[from] item: Leftovers
|turn|4
|
|move|p2a: Azelf|Fire Punch|p1a: Forretress
|-supereffective|p1a: Forretress
|-damage|p1a: Forretress|0 fnt
|faint|p1a: Forretress
|
|
|switch|p1a: Darmanitan|Darmanitan, M|351\/351
|turn|5
|
|switch|p2a: Empoleon|Empoleon, M|167\/365
|move|p1a: Darmanitan|Flare Blitz|p2a: Empoleon
|-damage|p2a: Empoleon|0 fnt
|-damage|p1a: Darmanitan|296\/351|[from] recoil|[of] p2a: Empoleon
|faint|p2a: Empoleon
|
|
|switch|p2a: Rotom-Heat|Rotom-Heat|254\/254
|turn|6
|
|switch|p1a: Goodra|Goodra, M|384\/384
|move|p2a: Rotom-Heat|Volt Switch|p1a: Goodra
|-resisted|p1a: Goodra
|-damage|p1a: Goodra|339\/384
|
|switch|p2a: Mienshao|Mienshao, M|271\/271
|
|turn|7
|
|switch|p1a: Suicune|Suicune|404\/404
|-ability|p1a: Suicune|Pressure
|move|p2a: Mienshao|High Jump Kick|p1a: Suicune
|-damage|p1a: Suicune|226\/404
|
|-heal|p1a: Suicune|251\/404|[from] item: Leftovers
|turn|8
|
|switch|p2a: Azelf|Azelf|272\/291
|move|p1a: Suicune|Calm Mind|p1a: Suicune
|-boost|p1a: Suicune|spa|1
|-boost|p1a: Suicune|spd|1
|
|-heal|p1a: Suicune|276\/404|[from] item: Leftovers
|turn|9
|c|âQu@seem|hmm
|
|move|p2a: Azelf|Trick|p1a: Suicune
|-activate|p2a: Azelf|move: Trick|[of] p1a: Suicune
|-item|p1a: Suicune|Choice Scarf|[from] move: Trick
|-item|p2a: Azelf|Leftovers|[from] move: Trick
|move|p1a: Suicune|Rest|p1a: Suicune
|-status|p1a: Suicune|slp
|-heal|p1a: Suicune|404\/404 slp|[silent]
|-status|p1a: Suicune|slp|[from] move: Rest
|
|-heal|p2a: Azelf|290\/291|[from] item: Leftovers
|turn|10
|c|âDrummerVim|damn
|
|switch|p1a: Metagross|Metagross|364\/364
|move|p2a: Azelf|Explosion|p1a: Metagross
|-resisted|p1a: Metagross
|-damage|p1a: Metagross|242\/364
|faint|p2a: Azelf
|
|
|switch|p2a: Rotom-Heat|Rotom-Heat|254\/254
|turn|11
|
|move|p2a: Rotom-Heat|Volt Switch|p1a: Metagross
|-damage|p1a: Metagross|47\/364
|join|Happee
|c|âDrummerVim|holy mother of specs
|
|switch|p2a: Starmie|Starmie|261\/261
|move|p1a: Metagross|Meteor Mash|p2a: Starmie
|-resisted|p2a: Starmie
|-damage|p2a: Starmie|100\/261
|
|turn|12
|c|âQu@seem|banded?
|c|âDrummerVim|mmmmmaybe
|
|switch|p1a: Goodra|Goodra, M|339\/384
|move|p2a: Starmie|Psyshock|p1a: Goodra
|-damage|p1a: Goodra|185\/384
|
|turn|13
|c| Happee|not analytic ;-;
|
|move|p2a: Starmie|Psyshock|p1a: Goodra
|-damage|p1a: Goodra|26\/384
|move|p1a: Goodra|Thunderbolt|p2a: Starmie
|-crit|p2a: Starmie
|-supereffective|p2a: Starmie
|-damage|p2a: Starmie|0 fnt
|faint|p2a: Starmie
|
|c| Happee|not real
|c|âQu@seem|i cri
|c|âQu@seem|i forgot to change it
|c|âQu@seem|;-;
|
|switch|p2a: Mienshao|Mienshao, M|271\/271
|turn|14
|c| Happee|;-; such sad
|
|switch|p1a: Suicune|Suicune|404\/404 slp
|-ability|p1a: Suicune|Pressure
|move|p2a: Mienshao|U-turn|p1a: Suicune
|-damage|p1a: Suicune|348\/404 slp
|
|switch|p2a: Aerodactyl|Aerodactyl, M|302\/302
|
|turn|15
|
|detailschange|p2a: Aerodactyl|Aerodactyl-Mega, M
|message|Aerodactyl has Mega Evolved into Mega Aerodactyl!
|move|p2a: Aerodactyl|Hone Claws|p2a: Aerodactyl
|-boost|p2a: Aerodactyl|atk|1
|-boost|p2a: Aerodactyl|accuracy|1
|cant|p1a: Suicune|slp
|
|turn|16
|c|âDrummerVim|damn it
|
|move|p2a: Aerodactyl|Hone Claws|p2a: Aerodactyl
|-boost|p2a: Aerodactyl|atk|1
|-boost|p2a: Aerodactyl|accuracy|1
|cant|p1a: Suicune|slp
|
|turn|17
|
|move|p2a: Aerodactyl|Stone Edge|p1a: Suicune
|-damage|p1a: Suicune|90\/404 slp
|-curestatus|p1a: Suicune|slp
|move|p1a: Suicune|Scald|p2a: Aerodactyl
|-supereffective|p2a: Aerodactyl
|-damage|p2a: Aerodactyl|128\/302
|
|turn|18
|c|âDrummerVim|wake up you shite
|c|âDrummerVim|burn you shite
|
|move|p2a: Aerodactyl|Stone Edge|p1a: Suicune
|-damage|p1a: Suicune|0 fnt
|faint|p1a: Suicune
|
|c|âQu@seem|1st time today
|c| Happee|;-;
|c|âQu@seem|i didnt get
|c|âQu@seem|1st turn burned
|
|switch|p1a: Darmanitan|Darmanitan, M|296\/351
|turn|19
|c|âDrummerVim|if this thing gets priority i poo
|
|move|p1a: Darmanitan|Flare Blitz|p2a: Aerodactyl
|-resisted|p2a: Aerodactyl
|-damage|p2a: Aerodactyl|0 fnt
|-damage|p1a: Darmanitan|254\/351|[from] recoil|[of] p2a: Aerodactyl
|faint|p2a: Aerodactyl
|
|
|switch|p2a: Rotom-Heat|Rotom-Heat|254\/254
|turn|20
|
|move|p1a: Darmanitan|Flare Blitz|p2a: Rotom-Heat
|-resisted|p2a: Rotom-Heat
|-damage|p2a: Rotom-Heat|110\/254
|-damage|p1a: Darmanitan|206\/351|[from] recoil|[of] p2a: Rotom-Heat
|move|p2a: Rotom-Heat|Volt Switch|p1a: Darmanitan
|-damage|p1a: Darmanitan|0 fnt
|faint|p1a: Darmanitan
|c|âDrummerVim|that was probably a mistake on my part
|c|âDrummerVim|and by probably I mean absolutely
|
|switch|p2a: Mienshao|Mienshao, M|271\/271
|
|c|âQu@seem|;-;
|c|âQu@seem|that did so much
|c| Happee|hjk everything \o3o\/
|
|switch|p1a: Shaymin|Shaymin|342\/342
|turn|21
|c|âQu@seem|kek
|c| Happee|after shaymin is weakened ofc
|
|move|p2a: Mienshao|High Jump Kick|p1a: Shaymin
|-damage|p1a: Shaymin|59\/342
|move|p1a: Shaymin|Dazzling Gleam|p2a: Mienshao
|-supereffective|p2a: Mienshao
|-damage|p2a: Mienshao|0 fnt
|-damage|p1a: Shaymin|25\/342|[from] item: Life Orb
|faint|p2a: Mienshao
|
|c| Happee|:OOOOOO
|c| Happee|yyyy
|c| Happee|y
|c|âQu@seem|welp
|c| Happee|why ?
|c| Happee|;-;
|c|âDrummerVim|dont think i can win tho
|c|âQu@seem|i ohkoed befor
|c| Happee|Happee: after shaymin is weakened ofc
|c|âQu@seem|but i gess
|
|switch|p2a: Rotom-Heat|Rotom-Heat|110\/254
|turn|22
|c| Happee|u turn \;-;\/
|c|âQu@seem|i need rocks
|c| Happee|dun choke
|c|âQu@seem|damage
|
|move|p1a: Shaymin|Seed Flare|p2a: Rotom-Heat
|-crit|p2a: Rotom-Heat
|-resisted|p2a: Rotom-Heat
|-damage|p2a: Rotom-Heat|0 fnt
|-damage|p1a: Shaymin|0 fnt|[from] item: Life Orb
|faint|p2a: Rotom-Heat
|faint|p1a: Shaymin
|
|win|DrummerVim
|c|âQu@seem|;-;
|c|âQu@seem|gg
|c|âDrummerVim|ooahasdas
|c| Happee|i cri now ;-;
|leave|Qu@seem
|c|âDrummerVim|gg
|player|p2
|leave|Happee
|leave|DrummerVim
|player|p1
|join|Dad's Dad
|leave|Dad's Dad
|join|Liliep