|join|DrummerVim
|join|PeyWey
|player|p1|DrummerVim|87
|player|p2|PeyWey|169
|gametype|singles
|gen|6
|tier|UU
|rated
|rule|Sleep Clause Mod: Limit one foe put to sleep
|rule|Species Clause: Limit one of each PokÃ©mon
|rule|OHKO Clause: OHKO moves are banned
|rule|Moody Clause: Moody is banned
|rule|Evasion Moves Clause: Evasion moves are banned
|rule|Endless Battle Clause: Forcing endless battles is banned
|rule|HP Percentage Mod: HP is shown in percentages
|clearpoke
|poke|p1|Chesnaught, M
|poke|p1|Empoleon, M
|poke|p1|Fletchinder, M
|poke|p1|Nidoking, M
|poke|p1|Florges, F
|poke|p1|Snorlax, M
|poke|p2|Dugtrio, F
|poke|p2|Bouffalant, F
|poke|p2|Malamar, M
|poke|p2|Swoobat, F
|poke|p2|Lilligant, F, shiny
|poke|p2|Durant, F
|rule|Swagger Clause: Swagger is banned
|rule|Baton Pass Clause: Limit one PokÃ©mon knowing Baton Pass
|teampreview
|
|start
|switch|p1a: Fletchinder|Fletchinder, M|327\/327
|switch|p2a: SurprisinglyOP|Lilligant, F, shiny|282\/282
|turn|1
|
|move|p1a: Fletchinder|Acrobatics|p2a: SurprisinglyOP
|-supereffective|p2a: SurprisinglyOP
|-enditem|p2a: SurprisinglyOP|Focus Sash
|-damage|p2a: SurprisinglyOP|1\/282
|move|p2a: SurprisinglyOP|Hidden Power|p1a: Fletchinder
|-supereffective|p1a: Fletchinder
|-damage|p1a: Fletchinder|0 fnt
|faint|p1a: Fletchinder
|
|
|switch|p1a: Florges|Florges, F|360\/360
|turn|2
|
|move|p2a: SurprisinglyOP|Sleep Powder|p1a: Florges
|-status|p1a: Florges|slp
|cant|p1a: Florges|slp
|
|turn|3
|
|move|p2a: SurprisinglyOP|Quiver Dance|p2a: SurprisinglyOP
|-boost|p2a: SurprisinglyOP|spa|1
|-boost|p2a: SurprisinglyOP|spd|1
|-boost|p2a: SurprisinglyOP|spe|1
|cant|p1a: Florges|slp
|
|turn|4
|
|move|p2a: SurprisinglyOP|Quiver Dance|p2a: SurprisinglyOP
|-boost|p2a: SurprisinglyOP|spa|1
|-boost|p2a: SurprisinglyOP|spd|1
|-boost|p2a: SurprisinglyOP|spe|1
|cant|p1a: Florges|slp
|
|turn|5
|
|move|p2a: SurprisinglyOP|Petal Dance|p1a: Florges
|-damage|p1a: Florges|95\/360 slp
|-curestatus|p1a: Florges|slp
|move|p1a: Florges|Moonblast|p2a: SurprisinglyOP
|-damage|p2a: SurprisinglyOP|0 fnt
|faint|p2a: SurprisinglyOP
|
|-heal|p1a: Florges|117\/360|[from] item: Leftovers
|
|switch|p2a: Afro D Jyack|Bouffalant, F|374\/374
|turn|6
|
|move|p1a: Florges|Protect|p1a: Florges
|-singleturn|p1a: Florges|Protect
|move|p2a: Afro D Jyack|Return|p1a: Florges
|-activate|p1a: Florges|Protect
|
|-heal|p1a: Florges|139\/360|[from] item: Leftovers
|turn|7
|
|move|p1a: Florges|Moonblast|p2a: Afro D Jyack
|-damage|p2a: Afro D Jyack|236\/374
|move|p2a: Afro D Jyack|Return|p1a: Florges
|-damage|p1a: Florges|0 fnt
|faint|p1a: Florges
|
|
|switch|p1a: Empoleon|Empoleon, M|372\/372
|turn|8
|
|move|p2a: Afro D Jyack|Earthquake|p1a: Empoleon
|-supereffective|p1a: Empoleon
|-damage|p1a: Empoleon|192\/372
|move|p1a: Empoleon|Scald|p2a: Afro D Jyack
|-damage|p2a: Afro D Jyack|122\/374
|
|-heal|p1a: Empoleon|215\/372|[from] item: Leftovers
|turn|9
|
|switch|p1a: Chesnaught|Chesnaught, M|380\/380
|move|p2a: Afro D Jyack|Earthquake|p1a: Chesnaught
|-resisted|p1a: Chesnaught
|-damage|p1a: Chesnaught|331\/380
|
|turn|10
|
|move|p2a: Afro D Jyack|Zen Headbutt|p1a: Chesnaught
|-supereffective|p1a: Chesnaught
|-damage|p1a: Chesnaught|185\/380
|move|p1a: Chesnaught|Hammer Arm|p2a: Afro D Jyack
|-crit|p2a: Afro D Jyack
|-supereffective|p2a: Afro D Jyack
|-damage|p2a: Afro D Jyack|0 fnt
|-unboost|p1a: Chesnaught|spe|1
|faint|p2a: Afro D Jyack
|
|
|switch|p2a: Luv Machine|Swoobat, F|275\/275
|turn|11
|
|switch|p1a: Empoleon|Empoleon, M|215\/372
|move|p2a: Luv Machine|Calm Mind|p2a: Luv Machine
|-boost|p2a: Luv Machine|spa|2
|-boost|p2a: Luv Machine|spd|2
|
|-heal|p1a: Empoleon|238\/372|[from] item: Leftovers
|turn|12
|c|âDrummerVim|woah
|c|âDrummerVim|i never knew this thing existed
|
|move|p2a: Luv Machine|Calm Mind|p2a: Luv Machine
|-boost|p2a: Luv Machine|spa|2
|-boost|p2a: Luv Machine|spd|2
|move|p1a: Empoleon|Roar|p2a: Luv Machine
|drag|p2a: Macklemar|Malamar, M|376\/376
|
|-heal|p1a: Empoleon|261\/372|[from] item: Leftovers
|turn|13
|
|switch|p1a: Nidoking|Nidoking, M|304\/304
|move|p2a: Macklemar|Superpower|p1a: Nidoking
|-resisted|p1a: Nidoking
|-damage|p1a: Nidoking|246\/304
|-boost|p2a: Macklemar|atk|1
|-boost|p2a: Macklemar|def|1
|
|turn|14
|
|move|p1a: Nidoking|Sludge Wave|p2a: Macklemar
|-damage|p2a: Macklemar|185\/376
|move|p2a: Macklemar|Superpower|p1a: Nidoking
|-resisted|p1a: Nidoking
|-damage|p1a: Nidoking|165\/304
|-boost|p2a: Macklemar|atk|1
|-boost|p2a: Macklemar|def|1
|
|-heal|p2a: Macklemar|208\/376|[from] item: Leftovers
|turn|15
|
|move|p1a: Nidoking|Sludge Wave|p2a: Macklemar
|-damage|p2a: Macklemar|0 fnt
|faint|p2a: Macklemar
|
|
|switch|p2a: Durantula|Durant, F|257\/257
|turn|16
|
|switch|p1a: Empoleon|Empoleon, M|261\/372
|move|p2a: Durantula|Entrainment|p1a: Empoleon
|-ability|p1a: Empoleon|truant|[from] move: Entrainment
|
|-heal|p1a: Empoleon|284\/372|[from] item: Leftovers
|turn|17
|
|cant|p2a: Durantula|ability: Truant|X-Scissor
|move|p1a: Empoleon|Scald|p2a: Durantula
|-damage|p2a: Durantula|80\/257
|
|-heal|p1a: Empoleon|307\/372|[from] item: Leftovers
|turn|18
|
|switch|p2a: THE END|Dugtrio, F|212\/212
|cant|p1a: Empoleon|ability: Truant|Scald
|
|-heal|p1a: Empoleon|330\/372|[from] item: Leftovers
|turn|19
|
|move|p2a: THE END|Protect|p2a: THE END
|-singleturn|p2a: THE END|Protect
|move|p1a: Empoleon|Scald|p2a: THE END
|-activate|p2a: THE END|Protect
|
|-heal|p1a: Empoleon|353\/372|[from] item: Leftovers
|turn|20
|
|move|p2a: THE END|Hone Claws|p2a: THE END
|-boost|p2a: THE END|atk|1
|-boost|p2a: THE END|accuracy|1
|cant|p1a: Empoleon|ability: Truant|Scald
|
|-heal|p1a: Empoleon|372\/372|[from] item: Leftovers
|turn|21
|
|move|p2a: THE END|Protect|p2a: THE END
|-singleturn|p2a: THE END|Protect
|move|p1a: Empoleon|Scald|p2a: THE END
|-activate|p2a: THE END|Protect
|
|turn|22
|
|move|p2a: THE END|Hone Claws|p2a: THE END
|-boost|p2a: THE END|atk|1
|-boost|p2a: THE END|accuracy|1
|cant|p1a: Empoleon|ability: Truant|Roar
|
|turn|23
|
|move|p2a: THE END|Protect|p2a: THE END
|-singleturn|p2a: THE END|Protect
|move|p1a: Empoleon|Roar|p2a: THE END
|drag|p2a: Luv Machine|Swoobat, F|275\/275
|
|turn|24
|
|move|p2a: Luv Machine|Calm Mind|p2a: Luv Machine
|-boost|p2a: Luv Machine|spa|2
|-boost|p2a: Luv Machine|spd|2
|cant|p1a: Empoleon|ability: Truant|Stealth Rock
|
|turn|25
|
|move|p2a: Luv Machine|Heat Wave|p1a: Empoleon
|-damage|p1a: Empoleon|213\/372
|move|p1a: Empoleon|Roar|p2a: Luv Machine
|drag|p2a: THE END|Dugtrio, F|212\/212
|
|-heal|p1a: Empoleon|236\/372|[from] item: Leftovers
|turn|26
|
|move|p2a: THE END|Stone Edge|p1a: Empoleon|[miss]
|-miss|p2a: THE END|p1a: Empoleon
|cant|p1a: Empoleon|ability: Truant|Roar
|
|-heal|p1a: Empoleon|259\/372|[from] item: Leftovers
|turn|27
|
|move|p2a: THE END|Protect|p2a: THE END
|-singleturn|p2a: THE END|Protect
|move|p1a: Empoleon|Roar|p2a: THE END
|drag|p2a: Durantula|Durant, F|80\/257
|
|-heal|p1a: Empoleon|282\/372|[from] item: Leftovers
|turn|28
|
|switch|p1a: Snorlax|Snorlax, M|524\/524
|move|p2a: Durantula|Crunch|p1a: Snorlax
|-damage|p1a: Snorlax|405\/524
|
|-heal|p1a: Snorlax|437\/524|[from] item: Leftovers
|turn|29
|
|cant|p2a: Durantula|ability: Truant|Entrainment
|move|p1a: Snorlax|Curse|p1a: Snorlax
|-boost|p1a: Snorlax|atk|1
|-boost|p1a: Snorlax|def|1
|-unboost|p1a: Snorlax|spe|1
|
|-heal|p1a: Snorlax|469\/524|[from] item: Leftovers
|turn|30
|
|move|p2a: Durantula|Entrainment|p1a: Snorlax
|-ability|p1a: Snorlax|truant|[from] move: Entrainment
|move|p1a: Snorlax|Body Slam|p2a: Durantula
|-crit|p2a: Durantula
|-resisted|p2a: Durantula
|-damage|p2a: Durantula|0 fnt
|faint|p2a: Durantula
|
|-heal|p1a: Snorlax|501\/524|[from] item: Leftovers
|
|switch|p2a: THE END|Dugtrio, F|212\/212
|turn|31
|
|move|p2a: THE END|Hone Claws|p2a: THE END
|-boost|p2a: THE END|atk|1
|-boost|p2a: THE END|accuracy|1
|cant|p1a: Snorlax|ability: Truant|Body Slam
|
|-heal|p1a: Snorlax|524\/524|[from] item: Leftovers
|turn|32
|
|move|p2a: THE END|Protect|p2a: THE END
|-singleturn|p2a: THE END|Protect
|move|p1a: Snorlax|Body Slam|p2a: THE END
|-activate|p2a: THE END|Protect
|
|turn|33
|
|move|p2a: THE END|Hone Claws|p2a: THE END
|-boost|p2a: THE END|atk|1
|-boost|p2a: THE END|accuracy|1
|cant|p1a: Snorlax|ability: Truant|Body Slam
|
|turn|34
|
|move|p2a: THE END|Protect|p2a: THE END
|-singleturn|p2a: THE END|Protect
|move|p1a: Snorlax|Body Slam|p2a: THE END
|-activate|p2a: THE END|Protect
|
|turn|35
|
|move|p2a: THE END|Hone Claws|p2a: THE END
|-boost|p2a: THE END|atk|1
|-boost|p2a: THE END|accuracy|1
|cant|p1a: Snorlax|ability: Truant|Body Slam
|
|turn|36
|join|Emma Bae
|
|move|p2a: THE END|Protect|p2a: THE END
|-singleturn|p2a: THE END|Protect
|move|p1a: Snorlax|Curse|p1a: Snorlax
|-boost|p1a: Snorlax|atk|1
|-boost|p1a: Snorlax|def|1
|-unboost|p1a: Snorlax|spe|1
|
|turn|37
|
|move|p2a: THE END|Hone Claws|p2a: THE END
|-boost|p2a: THE END|atk|1
|-boost|p2a: THE END|accuracy|1
|cant|p1a: Snorlax|ability: Truant|Body Slam
|
|turn|38
|
|move|p2a: THE END|Protect|p2a: THE END
|-singleturn|p2a: THE END|Protect
|move|p1a: Snorlax|Curse|p1a: Snorlax
|-boost|p1a: Snorlax|atk|1
|-boost|p1a: Snorlax|def|1
|-unboost|p1a: Snorlax|spe|1
|
|turn|39
|
|move|p2a: THE END|Hone Claws|p2a: THE END
|-boost|p2a: THE END|atk|1
|-boost|p2a: THE END|accuracy|1
|cant|p1a: Snorlax|ability: Truant|Body Slam
|
|turn|40
|
|move|p2a: THE END|Protect|p2a: THE END
|-singleturn|p2a: THE END|Protect
|move|p1a: Snorlax|Curse|p1a: Snorlax
|-boost|p1a: Snorlax|atk|1
|-boost|p1a: Snorlax|def|1
|-unboost|p1a: Snorlax|spe|1
|
|turn|41
|
|move|p2a: THE END|Hone Claws|p2a: THE END
|-boost|p2a: THE END|atk|1
|-boost|p2a: THE END|accuracy|1
|cant|p1a: Snorlax|ability: Truant|Body Slam
|
|turn|42
|
|move|p2a: THE END|Protect|p2a: THE END
|-singleturn|p2a: THE END|Protect
|move|p1a: Snorlax|Curse|p1a: Snorlax
|-boost|p1a: Snorlax|atk|1
|-boost|p1a: Snorlax|def|1
|-unboost|p1a: Snorlax|spe|1
|
|turn|43
|
|move|p2a: THE END|Stone Edge|p1a: Snorlax
|-damage|p1a: Snorlax|396\/524
|cant|p1a: Snorlax|ability: Truant|Body Slam
|
|-heal|p1a: Snorlax|428\/524|[from] item: Leftovers
|turn|44
|join|Prinny Master
|
|move|p2a: THE END|Protect|p2a: THE END
|-singleturn|p2a: THE END|Protect
|move|p1a: Snorlax|Curse|p1a: Snorlax
|-boost|p1a: Snorlax|atk|1
|-boost|p1a: Snorlax|def|1
|-unboost|p1a: Snorlax|spe|1
|
|-heal|p1a: Snorlax|460\/524|[from] item: Leftovers
|turn|45
|c| Prinny Master|Get Lax'd
|
|move|p2a: THE END|Stone Edge|p1a: Snorlax
|-damage|p1a: Snorlax|345\/524
|cant|p1a: Snorlax|ability: Truant|Body Slam
|
|-heal|p1a: Snorlax|377\/524|[from] item: Leftovers
|turn|46
|c|âDrummerVim|yeah he gonna keep protecting ^^
|
|move|p2a: THE END|Protect|p2a: THE END
|-singleturn|p2a: THE END|Protect
|move|p1a: Snorlax|Body Slam|p2a: THE END
|-activate|p2a: THE END|Protect
|
|-heal|p1a: Snorlax|409\/524|[from] item: Leftovers
|turn|47
|c| Prinny Master|So what? Sit here and spam Rest?
|c| Emma Bae|pp stall him
|c| Emma Bae|:)
|
|move|p2a: THE END|Stone Edge|p1a: Snorlax
|-damage|p1a: Snorlax|294\/524
|cant|p1a: Snorlax|ability: Truant|Rest
|
|-heal|p1a: Snorlax|326\/524|[from] item: Leftovers
|turn|48
|c|âPeyWey|I'm waiting for the crit
|
|move|p2a: THE END|Protect|p2a: THE END
|-singleturn|p2a: THE END|Protect
|move|p1a: Snorlax|Rest|p1a: Snorlax
|-status|p1a: Snorlax|slp
|-heal|p1a: Snorlax|524\/524 slp|[silent]
|-status|p1a: Snorlax|slp|[from] move: Rest
|
|turn|49
|c| Prinny Master|Dugg's is carrying EQ and Stone... if Lax dies, go for the Chesnaught
|c|âDrummerVim|yeah
|c|âDrummerVim|tho not sure if it lives
|c| Emma Bae|obvz sucker punch
|
|move|p2a: THE END|Stone Edge|p1a: Snorlax
|-damage|p1a: Snorlax|405\/524 slp
|cant|p1a: Snorlax|ability: Truant|Sleep Talk
|
|-heal|p1a: Snorlax|437\/524 slp|[from] item: Leftovers
|turn|50
|c| Prinny Master|Still resisted
|
|move|p2a: THE END|Protect|p2a: THE END
|-singleturn|p2a: THE END|Protect
|cant|p1a: Snorlax|slp
|move|p1a: Snorlax|Sleep Talk|p1a: Snorlax
|move|p1a: Snorlax|Rest|p1a: Snorlax|[from]Sleep Talk
|-fail|p1a: Snorlax
|
|-heal|p1a: Snorlax|469\/524 slp|[from] item: Leftovers
|turn|51
|c| Prinny Master|Crits ignore all stat changes don't they?
|c| Emma Bae|+6 252 Atk Dugtrio Earthquake vs. 252 HP \/ 252+ Def Chesnaught: 147-174 (38.6 - 45.7%) -- guaranteed 3HKO after Leftovers recovery
|
|move|p2a: THE END|Stone Edge|p1a: Snorlax
|-damage|p1a: Snorlax|346\/524 slp
|cant|p1a: Snorlax|ability: Truant|Rest
|
|-heal|p1a: Snorlax|378\/524 slp|[from] item: Leftovers
|turn|52
|c| Emma Bae|so much balk wow
|c|âPeyWey|I believe so
|c|âDrummerVim|im not running 252+ def 
|c| Emma Bae|oh
|
|move|p2a: THE END|Protect|p2a: THE END
|-singleturn|p2a: THE END|Protect
|cant|p1a: Snorlax|slp
|move|p1a: Snorlax|Sleep Talk|p1a: Snorlax
|move|p1a: Snorlax|Body Slam|p2a: THE END|[from]Sleep Talk
|-activate|p2a: THE END|Protect
|
|-heal|p1a: Snorlax|410\/524 slp|[from] item: Leftovers
|turn|53
|c| Emma Bae|still doesnt die tho
|join|Luna's shit alt
|c| Prinny Master|Duggy also has a sad base 80 Atk
|c| Emma Bae|lol
|c| Emma Bae|it's only use
|c| Prinny Master|So, this is how many Stone Edges now?
|
|move|p2a: THE END|Stone Edge|p1a: Snorlax
|-damage|p1a: Snorlax|280\/524 slp
|cant|p1a: Snorlax|ability: Truant|Rest
|
|-heal|p1a: Snorlax|312\/524 slp|[from] item: Leftovers
|turn|54
|c| Emma Bae|is to trap tini 
|c| Emma Bae|:')
|c| Prinny Master|It can stop more than Tini.
|c| Prinny Master|Just not much more
|c| Emma Bae|lol
|c| Emma Bae|yup
|
|move|p2a: THE END|Sucker Punch|p1a: Snorlax
|-fail|p1a: Snorlax
|-curestatus|p1a: Snorlax|slp
|move|p1a: Snorlax|Rest|p1a: Snorlax
|-status|p1a: Snorlax|slp
|-heal|p1a: Snorlax|524\/524 slp|[silent]
|-status|p1a: Snorlax|slp|[from] move: Rest
|
|turn|55
|c| Emma Bae|and he has 1 more sotone edge i think
|c|âDrummerVim|getting to the end of Protect is the aim here I think
|
|move|p2a: THE END|Stone Edge|p1a: Snorlax
|-damage|p1a: Snorlax|395\/524 slp
|cant|p1a: Snorlax|ability: Truant|Sleep Talk
|
|-heal|p1a: Snorlax|427\/524 slp|[from] item: Leftovers
|turn|56
|c|âPeyWey|Not on crit
|c| Prinny Master|Sash Duggy is beast at ending Fire types
|c|âPeyWey|*one
|c| Prinny Master|Nope
|
|move|p2a: THE END|Sucker Punch|p1a: Snorlax
|-fail|p1a: Snorlax
|cant|p1a: Snorlax|slp
|move|p1a: Snorlax|Sleep Talk|p1a: Snorlax
|move|p1a: Snorlax|Body Slam|p2a: THE END|[from]Sleep Talk
|-enditem|p2a: THE END|Focus Sash
|-damage|p2a: THE END|1\/212
|
|-heal|p1a: Snorlax|459\/524 slp|[from] item: Leftovers
|turn|57
|c| Emma Bae|nbbb
|c| Prinny Master|I'm pesronally amazed you didn't miss
|c|âDrummerVim|3x accuracy
|c| Prinny Master|Oh yeah.
|c|âPeyWey|Hone claws strategy
|
|move|p2a: THE END|Sucker Punch|p1a: Snorlax
|-fail|p1a: Snorlax
|cant|p1a: Snorlax|ability: Truant|Sleep Talk
|
|-heal|p1a: Snorlax|491\/524 slp|[from] item: Leftovers
|turn|58
|c| Prinny Master|Oh well. Stone would probs miss anyways
|c|âDrummerVim|stone edge will still a find way to miss
|
|move|p2a: THE END|Sucker Punch|p1a: Snorlax
|-fail|p1a: Snorlax
|cant|p1a: Snorlax|slp
|move|p1a: Snorlax|Sleep Talk|p1a: Snorlax
|move|p1a: Snorlax|Body Slam|p2a: THE END|[from]Sleep Talk
|-damage|p2a: THE END|0 fnt
|faint|p2a: THE END
|
|-heal|p1a: Snorlax|523\/524 slp|[from] item: Leftovers
|c|âPeyWey|It has before
|c| Emma Bae|nbbb
|c|âPeyWey|Once
|c| Prinny Master|Well, GG
|
|switch|p2a: Luv Machine|Swoobat, F|275\/275
|turn|59
|c|âDrummerVim|snorlax u beast
|c| Prinny Master|Lax is love
|c| Prinny Master|Lax is life
|
|move|p2a: Luv Machine|Substitute|p2a: Luv Machine
|-start|p2a: Luv Machine|Substitute
|-damage|p2a: Luv Machine|207\/275
|cant|p1a: Snorlax|ability: Truant|Body Slam
|
|-heal|p1a: Snorlax|524\/524 slp|[from] item: Leftovers
|turn|60
|c|âDrummerVim|oh god
|c|âDrummerVim|not gg yet 
|c| Prinny Master|Sub-CM or something. Calling it.
|c|âDrummerVim|this thing gonna set up super calm minds
|
|move|p2a: Luv Machine|Calm Mind|p2a: Luv Machine
|-boost|p2a: Luv Machine|spa|2
|-boost|p2a: Luv Machine|spd|2
|-curestatus|p1a: Snorlax|slp
|move|p1a: Snorlax|Body Slam|p2a: Luv Machine
|-end|p2a: Luv Machine|Substitute
|
|turn|61
|c| Emma Bae|omg prinny, you just predicted a super obvious set
|c| Emma Bae|10\/10 god
|c| Emma Bae|im so tired lmao
|
|move|p2a: Luv Machine|Calm Mind|p2a: Luv Machine
|-boost|p2a: Luv Machine|spa|2
|-boost|p2a: Luv Machine|spd|2
|cant|p1a: Snorlax|ability: Truant|Body Slam
|
|turn|62
|
|move|p2a: Luv Machine|Substitute|p2a: Luv Machine
|-start|p2a: Luv Machine|Substitute
|-damage|p2a: Luv Machine|139\/275
|move|p1a: Snorlax|Body Slam|p2a: Luv Machine
|-end|p2a: Luv Machine|Substitute
|
|turn|63
|
|move|p2a: Luv Machine|Calm Mind|p2a: Luv Machine
|-boost|p2a: Luv Machine|spa|2
|-boost|p2a: Luv Machine|spd|2
|cant|p1a: Snorlax|ability: Truant|Body Slam
|
|turn|64
|c| Emma Bae|tbh why did u let it setup
|c| Emma Bae|it probably will 1 shot lax
|
|move|p2a: Luv Machine|Substitute|p2a: Luv Machine
|-start|p2a: Luv Machine|Substitute
|-damage|p2a: Luv Machine|71\/275
|move|p1a: Snorlax|Body Slam|p2a: Luv Machine
|-end|p2a: Luv Machine|Substitute
|
|turn|65
|
|move|p2a: Luv Machine|Stored Power|p1a: Snorlax
|-damage|p1a: Snorlax|0 fnt
|faint|p1a: Snorlax
|
|c|âDrummerVim|lol
|c| Emma Bae|yup
|c| Prinny Master|Go Emp
|c| Prinny Master|Do eet
|c| Emma Bae|sucker punch king?
|
|switch|p1a: Nidoking|Nidoking, M|165\/304
|turn|66
|
|move|p2a: Luv Machine|Substitute|p2a: Luv Machine
|-start|p2a: Luv Machine|Substitute
|-damage|p2a: Luv Machine|3\/275
|-enditem|p2a: Luv Machine|Salac Berry|[eat]
|-boost|p2a: Luv Machine|spe|2|[from] item: Salac Berry
|move|p1a: Nidoking|Ice Beam|p2a: Luv Machine
|-supereffective|p2a: Luv Machine
|-end|p2a: Luv Machine|Substitute
|
|turn|67
|c|âDrummerVim|!data salac berry
|c|~|\/data-item Salac Berry

|c| Prinny Master|Scarf King would suffice imo
|c| Emma Bae|simple is op
|
|move|p2a: Luv Machine|Stored Power|p1a: Nidoking
|-supereffective|p1a: Nidoking
|-damage|p1a: Nidoking|0 fnt
|faint|p1a: Nidoking
|
|c|âDrummerVim|gg i suppose
|
|switch|p1a: Empoleon|Empoleon, M|282\/372
|turn|68
|c| Emma Bae|noo where is the sp
|
|move|p2a: Luv Machine|Stored Power|p1a: Empoleon
|-resisted|p1a: Empoleon
|-damage|p1a: Empoleon|0 fnt
|faint|p1a: Empoleon
|
|c| Emma Bae|based emp
|c| Emma Bae|nooo
|
|switch|p1a: Chesnaught|Chesnaught, M|185\/380
|turn|69
|leave|Prinny Master
|c|âDrummerVim|i need priority somewhere
|c|âPeyWey|gg
|
|move|p2a: Luv Machine|Stored Power|p1a: Chesnaught
|-supereffective|p1a: Chesnaught
|-damage|p1a: Chesnaught|0 fnt
|faint|p1a: Chesnaught
|
|win|PeyWey
|raw|Ladder updating...
|c|âDrummerVim|gg
|raw|DrummerVim's rating: 1340 &rarr; <strong>1319<\/strong><br \/>(-21 for losing)
|raw|PeyWey's rating: 1322 &rarr; <strong>1343<\/strong><br \/>(+21 for winning)
|leave|Emma Bae
|leave|DrummerVim
|player|p1