|join|DrummerVim
|join|Dark_380
|player|p1|DrummerVim|235
|player|p2|Dark_380|102
|gametype|singles
|gen|6
|tier|UU
|rated
|rule|Sleep Clause Mod: Limit one foe put to sleep
|rule|Species Clause: Limit one of each Pokemon
|rule|OHKO Clause: OHKO moves are banned
|rule|Moody Clause: Moody is banned
|rule|Evasion Moves Clause: Evasion moves are banned
|rule|Endless Battle Clause: Forcing endless battles is banned.
|rule|HP Percentage Mod: HP is reported as percentages
|clearpoke
|poke|p1|Absol, M
|poke|p1|Druddigon, M
|poke|p1|Galvantula, F
|poke|p1|Porygon2
|poke|p1|Claydol
|poke|p1|Barbaracle, M
|poke|p2|Chesnaught, F
|poke|p2|Entei, shiny
|poke|p2|Florges, F
|poke|p2|Blastoise, M
|poke|p2|Heracross, F
|poke|p2|Kyurem
|teampreview
|
|start
|switch|p1a: Galvantula|Galvantula, F|281\/281
|switch|p2a: Entei|Entei, shiny|372\/372
|-ability|p2a: Entei|Pressure
|turn|1
|
|move|p1a: Galvantula|Volt Switch|p2a: Entei
|-damage|p2a: Entei|234\/372
|
|switch|p1a: Druddigon|Druddigon, M|358\/358
|move|p2a: Entei|Sacred Fire|p1a: Druddigon
|-resisted|p1a: Druddigon
|-damage|p1a: Druddigon|263\/358
|-status|p1a: Druddigon|brn
|-damage|p2a: Entei|197\/372|[from] item: Life Orb
|
|-damage|p1a: Druddigon|219\/358 brn|[from] brn
|turn|2
|
|switch|p2a: Chesnaught|Chesnaught, F|380\/380
|move|p1a: Druddigon|Gunk Shot|p2a: Chesnaught
|-supereffective|p2a: Chesnaught
|-damage|p2a: Chesnaught|314\/380
|
|-heal|p2a: Chesnaught|337\/380|[from] item: Leftovers
|-damage|p1a: Druddigon|175\/358 brn|[from] brn
|turn|3
|
|move|p2a: Chesnaught|Leech Seed|p1a: Druddigon
|-start|p1a: Druddigon|move: Leech Seed
|move|p1a: Druddigon|Glare|p2a: Chesnaught
|-status|p2a: Chesnaught|par
|
|-heal|p2a: Chesnaught|360\/380 par|[from] item: Leftovers
|-damage|p1a: Druddigon|131\/358 brn|[from] Leech Seed|[of] p2a: Chesnaught
|-heal|p2a: Chesnaught|380\/380 par|[silent]
|-damage|p1a: Druddigon|87\/358 brn|[from] brn
|turn|4
|
|move|p2a: Chesnaught|Spiky Shield|p2a: Chesnaught
|-singleturn|p2a: Chesnaught|move: Protect
|move|p1a: Druddigon|Dragon Tail|p2a: Chesnaught
|-activate|p2a: Chesnaught|move: Protect
|-damage|p1a: Druddigon|43\/358 brn|[from] Spiky Shield|[of] p2a: Chesnaught
|
|-damage|p1a: Druddigon|0 fnt|[from] Leech Seed|[of] p2a: Chesnaught
|faint|p1a: Druddigon
|
|switch|p1a: Galvantula|Galvantula, F|281\/281
|turn|5
|
|switch|p2a: Florges|Florges, F|360\/360
|move|p1a: Galvantula|Bug Buzz|p2a: Florges
|-resisted|p2a: Florges
|-damage|p2a: Florges|327\/360
|
|-heal|p2a: Florges|349\/360|[from] item: Leftovers
|turn|6
|
|move|p1a: Galvantula|Volt Switch|p2a: Florges
|-damage|p2a: Florges|295\/360
|
|switch|p1a: Porygon2|Porygon2|374\/374
|move|p2a: Florges|Aromatherapy|p2a: Florges
|-cureteam|p2a: Florges|[from] move: Aromatherapy
|
|-heal|p2a: Florges|317\/360|[from] item: Leftovers
|turn|7
|
|move|p2a: Florges|Toxic|p1a: Porygon2|[miss]
|-miss|p2a: Florges|p1a: Porygon2
|move|p1a: Porygon2|Psyshock|p2a: Florges
|-damage|p2a: Florges|198\/360
|
|-heal|p2a: Florges|220\/360|[from] item: Leftovers
|turn|8
|
|move|p2a: Florges|Toxic|p1a: Porygon2|[miss]
|-miss|p2a: Florges|p1a: Porygon2
|move|p1a: Porygon2|Psyshock|p2a: Florges
|-damage|p2a: Florges|93\/360
|
|-heal|p2a: Florges|115\/360|[from] item: Leftovers
|turn|9
|
|switch|p2a: Kyurem|Kyurem|454\/454
|-ability|p2a: Kyurem|Pressure
|move|p1a: Porygon2|Psyshock|p2a: Kyurem
|-damage|p2a: Kyurem|368\/454
|
|turn|10
|
|move|p2a: Kyurem|Draco Meteor|p1a: Porygon2|[miss]
|-miss|p2a: Kyurem|p1a: Porygon2
|move|p1a: Porygon2|Tri Attack|p2a: Kyurem
|-damage|p2a: Kyurem|221\/454
|
|turn|11
|
|move|p2a: Kyurem|Draco Meteor|p1a: Porygon2
|-damage|p1a: Porygon2|193\/374
|-unboost|p2a: Kyurem|spa|2
|move|p1a: Porygon2|Tri Attack|p2a: Kyurem
|-crit|p2a: Kyurem
|-damage|p2a: Kyurem|2\/454
|
|turn|12
|
|switch|p2a: Heracross|Heracross, F|302\/302
|move|p1a: Porygon2|Recover|p1a: Porygon2
|-heal|p1a: Porygon2|374\/374
|
|turn|13
|
|move|p2a: Heracross|Close Combat|p1a: Porygon2
|-supereffective|p1a: Porygon2
|-damage|p1a: Porygon2|18\/374
|-unboost|p2a: Heracross|def|1
|-unboost|p2a: Heracross|spd|1
|move|p1a: Porygon2|Psyshock|p2a: Heracross
|-supereffective|p2a: Heracross
|-damage|p2a: Heracross|0 fnt
|faint|p2a: Heracross
|
|
|switch|p2a: Entei|Entei, shiny|197\/372
|-ability|p2a: Entei|Pressure
|turn|14
|
|move|p2a: Entei|Extreme Speed|p1a: Porygon2
|-damage|p1a: Porygon2|0 fnt
|-damage|p2a: Entei|160\/372|[from] item: Life Orb
|faint|p1a: Porygon2
|
|
|switch|p1a: Galvantula|Galvantula, F|281\/281
|turn|15
|
|switch|p2a: Florges|Florges, F|115\/360
|move|p1a: Galvantula|Thunder|p2a: Florges
|-damage|p2a: Florges|24\/360
|
|-heal|p2a: Florges|46\/360|[from] item: Leftovers
|turn|16
|
|switch|p2a: Chesnaught|Chesnaught, F|380\/380
|move|p1a: Galvantula|Volt Switch|p2a: Chesnaught
|-crit|p2a: Chesnaught
|-resisted|p2a: Chesnaught
|-damage|p2a: Chesnaught|291\/380
|
|switch|p1a: Absol|Absol, M|272\/272
|
|-heal|p2a: Chesnaught|314\/380|[from] item: Leftovers
|turn|17
|
|move|p1a: Absol|Psycho Cut|p2a: Chesnaught
|-crit|p2a: Chesnaught
|-supereffective|p2a: Chesnaught
|-damage|p2a: Chesnaught|136\/380
|move|p2a: Chesnaught|Wood Hammer|p1a: Absol
|-damage|p1a: Absol|37\/272
|-damage|p2a: Chesnaught|58\/380|[from] recoil|[of] p1a: Absol
|
|-heal|p2a: Chesnaught|81\/380|[from] item: Leftovers
|turn|18
|
|move|p2a: Chesnaught|Spiky Shield|p2a: Chesnaught
|-singleturn|p2a: Chesnaught|move: Protect
|move|p1a: Absol|Psycho Cut|p2a: Chesnaught
|-activate|p2a: Chesnaught|move: Protect
|
|-heal|p2a: Chesnaught|104\/380|[from] item: Leftovers
|turn|19
|
|switch|p2a: Blastoise|Blastoise, M|362\/362
|move|p1a: Absol|Psycho Cut|p2a: Blastoise
|-crit|p2a: Blastoise
|-damage|p2a: Blastoise|217\/362
|
|turn|20
|
|detailschange|p2a: Blastoise|Blastoise-Mega, M
|message|Blastoise has Mega Evolved into Mega Blastoise!
|move|p1a: Absol|Night Slash|p2a: Blastoise
|-crit|p2a: Blastoise
|-damage|p2a: Blastoise|40\/362
|move|p2a: Blastoise|Water Pulse|p1a: Absol
|-damage|p1a: Absol|0 fnt
|faint|p1a: Absol
|
|
|switch|p1a: Galvantula|Galvantula, F|281\/281
|turn|21
|
|switch|p2a: Florges|Florges, F|46\/360
|move|p1a: Galvantula|Bug Buzz|p2a: Florges
|-resisted|p2a: Florges
|-damage|p2a: Florges|14\/360
|
|-heal|p2a: Florges|36\/360|[from] item: Leftovers
|turn|22
|
|move|p1a: Galvantula|Volt Switch|p2a: Florges
|-damage|p2a: Florges|0 fnt
|faint|p2a: Florges
|
|switch|p1a: Claydol|Claydol|324\/324
|
|
|switch|p2a: Blastoise|Blastoise-Mega, M|40\/362
|turn|23
|
|move|p2a: Blastoise|Water Pulse|p1a: Claydol
|-supereffective|p1a: Claydol
|-damage|p1a: Claydol|10\/324
|move|p1a: Claydol|Earth Power|p2a: Blastoise
|-damage|p2a: Blastoise|0 fnt
|faint|p2a: Blastoise
|
|-heal|p1a: Claydol|30\/324|[from] item: Leftovers
|
|switch|p2a: Entei|Entei, shiny|160\/372
|-ability|p2a: Entei|Pressure
|turn|24
|
|move|p2a: Entei|Iron Head|p1a: Claydol
|-damage|p1a: Claydol|0 fnt
|-damage|p2a: Entei|123\/372|[from] item: Life Orb
|faint|p1a: Claydol
|
|
|switch|p1a: Galvantula|Galvantula, F|281\/281
|turn|25
|
|move|p2a: Entei|Extreme Speed|p1a: Galvantula
|-damage|p1a: Galvantula|90\/281
|-damage|p2a: Entei|86\/372|[from] item: Life Orb
|move|p1a: Galvantula|Thunder|p2a: Entei
|-damage|p2a: Entei|0 fnt
|faint|p2a: Entei
|
|
|switch|p2a: Chesnaught|Chesnaught, F|104\/380
|turn|26
|
|move|p2a: Chesnaught|Spiky Shield|p2a: Chesnaught
|-singleturn|p2a: Chesnaught|move: Protect
|move|p1a: Galvantula|Bug Buzz|p2a: Chesnaught
|-activate|p2a: Chesnaught|move: Protect
|
|-heal|p2a: Chesnaught|127\/380|[from] item: Leftovers
|turn|27
|
|move|p1a: Galvantula|Bug Buzz|p2a: Chesnaught
|-damage|p2a: Chesnaught|0 fnt
|faint|p2a: Chesnaught
|
|
|switch|p2a: Kyurem|Kyurem|2\/454
|-ability|p2a: Kyurem|Pressure
|turn|28
|
|move|p1a: Galvantula|Volt Switch|p2a: Kyurem
|-resisted|p2a: Kyurem
|-damage|p2a: Kyurem|0 fnt
|faint|p2a: Kyurem
|
|win|DrummerVim
|raw|Ladder updating...
|chat|DrummerVim|gg
|chat|Dark_380|fuck off