|join|DrummerVim
|join|l Tempest l
|player|p1|DrummerVim|87
|player|p2|l Tempest l|292
|gametype|singles
|gen|6
|tier|UU
|rated
|rule|Sleep Clause Mod: Limit one foe put to sleep
|rule|Species Clause: Limit one of each PokÃ©mon
|rule|OHKO Clause: OHKO moves are banned
|rule|Moody Clause: Moody is banned
|rule|Evasion Moves Clause: Evasion moves are banned
|rule|Endless Battle Clause: Forcing endless battles is banned
|rule|HP Percentage Mod: HP is shown in percentages
|clearpoke
|poke|p1|Druddigon, M
|poke|p1|Absol, F
|poke|p1|Claydol
|poke|p1|Barbaracle, F
|poke|p1|Porygon2
|poke|p1|Shaymin
|poke|p2|Sharpedo, F
|poke|p2|Dusknoir, M
|poke|p2|Aggron, M
|poke|p2|Celebi
|poke|p2|Crobat, F
|poke|p2|Infernape, F, shiny
|rule|Swagger Clause: Swagger is banned
|rule|Baton Pass Clause: Limit one PokÃ©mon knowing Baton Pass
|teampreview
|c|âDrummerVim|dy
|c|âDrummerVim|gl hf*
|c|âl Tempest l|glhf
|
|start
|switch|p1a: Absol|Absol, F|272\/272
|switch|p2a: Aggron|Aggron, M|344\/344
|turn|1
|
|switch|p1a: Druddigon|Druddigon, M|358\/358
|detailschange|p2a: Aggron|Aggron-Mega, M
|message|Aggron has Mega Evolved into Mega Aggron!
|move|p2a: Aggron|Heavy Slam|p1a: Druddigon
|-damage|p1a: Druddigon|280\/358
|-damage|p2a: Aggron|301\/344|[from] ability: Rough Skin|[of] p1a: Druddigon
|-damage|p2a: Aggron|244\/344|[from] item: Rocky Helmet|[of] p1a: Druddigon
|
|turn|2
|
|move|p2a: Aggron|Stealth Rock|p1a: Druddigon
|-sidestart|p1: DrummerVim|move: Stealth Rock
|move|p1a: Druddigon|Stealth Rock|p2a: Aggron
|-sidestart|p2: l Tempest l|move: Stealth Rock
|
|turn|3
|
|move|p2a: Aggron|Ice Punch|p1a: Druddigon
|-supereffective|p1a: Druddigon
|-damage|p1a: Druddigon|158\/358
|-damage|p2a: Aggron|201\/344|[from] ability: Rough Skin|[of] p1a: Druddigon
|-damage|p2a: Aggron|144\/344|[from] item: Rocky Helmet|[of] p1a: Druddigon
|move|p1a: Druddigon|Glare|p2a: Aggron
|-status|p2a: Aggron|par
|
|turn|4
|
|switch|p1a: Porygon2|Porygon2|374\/374
|-damage|p1a: Porygon2|328\/374|[from] Stealth Rock
|move|p2a: Aggron|Ice Punch|p1a: Porygon2
|-damage|p1a: Porygon2|271\/374
|-status|p1a: Porygon2|frz
|
|turn|5
|
|cant|p1a: Porygon2|frz
|move|p2a: Aggron|Heavy Slam|p1a: Porygon2
|-damage|p1a: Porygon2|127\/374 frz
|
|turn|6
|
|cant|p1a: Porygon2|frz
|cant|p2a: Aggron|par
|
|turn|7
|
|cant|p1a: Porygon2|frz
|move|p2a: Aggron|Heavy Slam|p1a: Porygon2
|-crit|p1a: Porygon2
|-damage|p1a: Porygon2|0 fnt
|faint|p1a: Porygon2
|
|c|âDrummerVim|;_;
|c|âl Tempest l|XD
|
|switch|p1a: Shaymin|Shaymin|342\/342
|-damage|p1a: Shaymin|300\/342|[from] Stealth Rock
|turn|8
|c|âl Tempest l|Sorry for the hax tbh
|
|move|p1a: Shaymin|Earth Power|p2a: Aggron
|-supereffective|p2a: Aggron
|-damage|p2a: Aggron|0 fnt
|-damage|p1a: Shaymin|266\/342|[from] item: Life Orb
|faint|p2a: Aggron
|
|c|âDrummerVim|no problem, part of the game
|
|switch|p2a: Infernape|Infernape, F, shiny|293\/293
|-damage|p2a: Infernape|257\/293|[from] Stealth Rock
|turn|9
|
|switch|p1a: Druddigon|Druddigon, M|158\/358
|-damage|p1a: Druddigon|114\/358|[from] Stealth Rock
|move|p2a: Infernape|Overheat|p1a: Druddigon
|-resisted|p1a: Druddigon
|-damage|p1a: Druddigon|0 fnt
|-unboost|p2a: Infernape|spa|2
|-damage|p2a: Infernape|228\/293|[from] item: Life Orb
|faint|p1a: Druddigon
|
|
|switch|p1a: Claydol|Claydol|324\/324
|-damage|p1a: Claydol|304\/324|[from] Stealth Rock
|turn|10
|
|switch|p2a: Dusknoir|Dusknoir, M|294\/294
|-damage|p2a: Dusknoir|258\/294|[from] Stealth Rock
|-ability|p2a: Dusknoir|Pressure
|move|p1a: Claydol|Rapid Spin|p2a: Dusknoir
|-immune|p2a: Dusknoir|[msg]
|
|-heal|p1a: Claydol|324\/324|[from] item: Leftovers
|-heal|p2a: Dusknoir|276\/294|[from] item: Leftovers
|turn|11
|
|move|p1a: Claydol|Toxic|p2a: Dusknoir
|-status|p2a: Dusknoir|tox
|move|p2a: Dusknoir|Will-O-Wisp|p1a: Claydol
|-status|p1a: Claydol|brn
|
|-heal|p2a: Dusknoir|294\/294 tox|[from] item: Leftovers
|-damage|p1a: Claydol|284\/324 brn|[from] brn
|-damage|p2a: Dusknoir|276\/294 tox|[from] psn
|turn|12
|
|move|p2a: Dusknoir|Shadow Sneak|p1a: Claydol
|-supereffective|p1a: Claydol
|-damage|p1a: Claydol|198\/324 brn
|move|p1a: Claydol|Earth Power|p2a: Dusknoir
|-damage|p2a: Dusknoir|222\/294 tox
|
|-heal|p1a: Claydol|218\/324 brn|[from] item: Leftovers
|-heal|p2a: Dusknoir|240\/294 tox|[from] item: Leftovers
|-damage|p1a: Claydol|178\/324 brn|[from] brn
|-damage|p2a: Dusknoir|204\/294 tox|[from] psn
|turn|13
|
|move|p2a: Dusknoir|Shadow Sneak|p1a: Claydol
|-supereffective|p1a: Claydol
|-damage|p1a: Claydol|88\/324 brn
|move|p1a: Claydol|Earth Power|p2a: Dusknoir
|-damage|p2a: Dusknoir|153\/294 tox
|
|-heal|p1a: Claydol|108\/324 brn|[from] item: Leftovers
|-heal|p2a: Dusknoir|171\/294 tox|[from] item: Leftovers
|-damage|p1a: Claydol|68\/324 brn|[from] brn
|-damage|p2a: Dusknoir|117\/294 tox|[from] psn
|turn|14
|
|switch|p1a: Absol|Absol, F|272\/272
|-damage|p1a: Absol|238\/272|[from] Stealth Rock
|move|p2a: Dusknoir|Shadow Sneak|p1a: Absol
|-resisted|p1a: Absol
|-damage|p1a: Absol|203\/272
|
|-heal|p2a: Dusknoir|135\/294 tox|[from] item: Leftovers
|-damage|p2a: Dusknoir|63\/294 tox|[from] psn
|turn|15
|
|detailschange|p1a: Absol|Absol-Mega, F
|message|Absol has Mega Evolved into Mega Absol!
|move|p1a: Absol|Swords Dance|p1a: Absol
|-boost|p1a: Absol|atk|2
|move|p2a: Dusknoir|Earthquake|p1a: Absol
|-damage|p1a: Absol|80\/272
|
|-heal|p2a: Dusknoir|81\/294 tox|[from] item: Leftovers
|-damage|p2a: Dusknoir|0 fnt|[from] psn
|faint|p2a: Dusknoir
|
|switch|p2a: Crobat|Crobat, F|373\/373
|-damage|p2a: Crobat|280\/373|[from] Stealth Rock
|turn|16
|
|move|p1a: Absol|Sucker Punch|p2a: Crobat
|-damage|p2a: Crobat|0 fnt
|faint|p2a: Crobat
|
|
|switch|p2a: Infernape|Infernape, F, shiny|228\/293
|-damage|p2a: Infernape|192\/293|[from] Stealth Rock
|turn|17
|
|move|p1a: Absol|Sucker Punch|p2a: Infernape
|-resisted|p2a: Infernape
|-damage|p2a: Infernape|0 fnt
|faint|p2a: Infernape
|
|c|âl Tempest l|damn..
|c|âl Tempest l|gg
|c|âDrummerVim|gg
|
|switch|p2a: Sharpedo|Sharpedo, F|281\/281
|-damage|p2a: Sharpedo|246\/281|[from] Stealth Rock
|turn|18
|
|move|p2a: Sharpedo|Protect|p2a: Sharpedo
|-singleturn|p2a: Sharpedo|Protect
|move|p1a: Absol|Sucker Punch|p2a: Sharpedo
|-fail|p2a: Sharpedo
|
|-boost|p2a: Sharpedo|spe|1|[from] ability: Speed Boost
|turn|19
|
|move|p2a: Sharpedo|Protect|p2a: Sharpedo
|-fail|p2a: Sharpedo
|move|p1a: Absol|Sucker Punch|p2a: Sharpedo
|-fail|p2a: Sharpedo
|
|-boost|p2a: Sharpedo|spe|1|[from] ability: Speed Boost
|turn|20
|c|âDrummerVim|oh
|
|move|p2a: Sharpedo|Waterfall|p1a: Absol
|-damage|p1a: Absol|0 fnt
|-damage|p2a: Sharpedo|218\/281|[from] item: Life Orb
|faint|p1a: Absol
|
|-boost|p2a: Sharpedo|spe|1|[from] ability: Speed Boost
|c|âl Tempest l|YES
|c|âDrummerVim|;_;
|c|âl Tempest l|XD
|
|switch|p1a: Shaymin|Shaymin|266\/342
|-damage|p1a: Shaymin|224\/342|[from] Stealth Rock
|turn|21
|c|âl Tempest l|GOD OF CRITS
|
|move|p2a: Sharpedo|Crunch|p1a: Shaymin
|-damage|p1a: Shaymin|37\/342
|-damage|p2a: Sharpedo|190\/281|[from] item: Life Orb
|move|p1a: Shaymin|Seed Flare|p2a: Sharpedo
|-supereffective|p2a: Sharpedo
|-damage|p2a: Sharpedo|0 fnt
|-damage|p1a: Shaymin|3\/342|[from] item: Life Orb
|faint|p2a: Sharpedo
|
|c|âl Tempest l|1%...
|c|âDrummerVim|u've won lol
|c|âl Tempest l|I dunno
|c|âDrummerVim|can't touch celebi with the other two
|c|âl Tempest l|its scarfed
|
|switch|p2a: Celebi|Celebi|341\/341
|-damage|p2a: Celebi|299\/341|[from] Stealth Rock
|turn|22
|c|âDrummerVim|I should have predicted the waterfall and just kept sucker punching
|
|move|p2a: Celebi|Leaf Storm|p1a: Shaymin
|-crit|p1a: Shaymin
|-resisted|p1a: Shaymin
|-damage|p1a: Shaymin|0 fnt
|-unboost|p2a: Celebi|spa|2
|faint|p1a: Shaymin
|
|c|âl Tempest l|THAT CRIT
|
|switch|p1a: Claydol|Claydol|68\/324 brn
|-damage|p1a: Claydol|48\/324 brn|[from] Stealth Rock
|turn|23
|c|âl Tempest l|IS ONE TURN TO LATE
|c|âDrummerVim|:D
|
|move|p2a: Celebi|Leaf Storm|p1a: Claydol
|-supereffective|p1a: Claydol
|-damage|p1a: Claydol|0 fnt
|-unboost|p2a: Celebi|spa|2
|faint|p1a: Claydol
|
|c|âl Tempest l|God... I am praying so hard atm
|c|âDrummerVim|hmmm
|c|âDrummerVim|i think you win
|
|switch|p1a: Barbaracle|Barbaracle, F|286\/286
|-damage|p1a: Barbaracle|251\/286|[from] Stealth Rock
|turn|24
|
|move|p2a: Celebi|Leaf Storm|p1a: Barbaracle|[miss]
|-miss|p2a: Celebi|p1a: Barbaracle
|move|p1a: Barbaracle|Poison Jab|p2a: Celebi
|-supereffective|p2a: Celebi
|-damage|p2a: Celebi|71\/341
|-status|p2a: Celebi|psn
|
|-damage|p2a: Celebi|29\/341 psn|[from] psn
|turn|25
|c|âl Tempest l|lets see :S
|c|âl Tempest l|NIdffgfd
|c|âDrummerVim|omg
|c|âl Tempest l|FUCK THAT SHIT
|c|âl Tempest l|xD
|c|âDrummerVim|-4 252 SpA Celebi Leaf Storm vs. 4 HP \/ 0 SpD Barbaracle: 268-316 (93.7 - 110.4%)
|c|âDrummerVim|still kills lol
|c|âDrummerVim|barbaracle is so useless 
|c|âl Tempest l|O.o
|
|move|p2a: Celebi|Leaf Storm|p1a: Barbaracle
|-supereffective|p1a: Barbaracle
|-damage|p1a: Barbaracle|0 fnt
|-unboost|p2a: Celebi|spa|2
|faint|p1a: Barbaracle
|
|win|l Tempest l
|raw|Ladder updating...
|raw|DrummerVim's rating: 1372 &rarr; <strong>1352<\/strong><br \/>(-20 for losing)
|raw|l Tempest l's rating: 1373 &rarr; <strong>1393<\/strong><br \/>(+20 for winning)
|c|âDrummerVim|gg
|c|âl Tempest l|gg
|c|âDrummerVim|that was so close
|c|âl Tempest l|That was
|c|âl Tempest l|so close
|c|âDrummerVim|how does something die from -4 attack
|c|âl Tempest l|XD
|c|âDrummerVim|embarrassing oh well :P
|c|âl Tempest l|Did you count timid?
|c|âDrummerVim|yep
|c|âl Tempest l|kk
|c|âl Tempest l|Well he is good in NU
|c|âDrummerVim|he's decent in UU if I keep rocks off the field
|c|âDrummerVim|can get a free shell smash with focus sash
|c|âl Tempest l|and then wreck
|c|âDrummerVim|yep
|c|âl Tempest l|taht got me so excited lol
|c|âDrummerVim|i lost the game at that Waterfall
|c|âl Tempest l|Yeah, that was clutch
|c|âDrummerVim|gg xD have a nice day
|c|âl Tempest l|u too
|c|âl Tempest l|u too ^_^