|join|Adam Sandile
|join|DrummerVim
|player|p1|Adam Sandile|169
|player|p2|DrummerVim|235
|gametype|singles
|gen|6
|tier|UU
|rated
|rule|Sleep Clause Mod: Limit one foe put to sleep
|rule|Species Clause: Limit one of each Pokemon
|rule|OHKO Clause: OHKO moves are banned
|rule|Moody Clause: Moody is banned
|rule|Evasion Moves Clause: Evasion moves are banned
|rule|Endless Battle Clause: Forcing endless battles is banned.
|rule|HP Percentage Mod: HP is reported as percentages
|clearpoke
|poke|p1|Kyurem, shiny
|poke|p1|Hitmontop, M
|poke|p1|Suicune
|poke|p1|Aromatisse, F
|poke|p1|Aerodactyl, M
|poke|p1|Kingdra, F
|poke|p2|Druddigon, M
|poke|p2|Shaymin
|poke|p2|Mew
|poke|p2|Infernape, M
|poke|p2|Goodra, M
|poke|p2|Lucario, F
|teampreview
|
|start
|switch|p1a: Aerodactyl|Aerodactyl, M|301\/301
|switch|p2a: Infernape|Infernape, M|293\/293
|-ability|p1a: Aerodactyl|Pressure
|turn|1
|
|move|p2a: Infernape|U-turn|p1a: Aerodactyl
|-resisted|p1a: Aerodactyl
|-damage|p1a: Aerodactyl|250\/301
|
|switch|p2a: Druddigon|Druddigon, M|358\/358
|move|p1a: Aerodactyl|Stealth Rock|p2a: Druddigon
|-sidestart|p2: DrummerVim|move: Stealth Rock
|
|turn|2
|
|move|p1a: Aerodactyl|Taunt|p2a: Druddigon
|-start|p2a: Druddigon|move: Taunt
|cant|p2a: Druddigon|move: Taunt|Glare
|
|turn|3
|
|move|p1a: Aerodactyl|Stone Edge|p2a: Druddigon
|-damage|p2a: Druddigon|240\/358
|move|p2a: Druddigon|Dragon Tail|p1a: Aerodactyl|[miss]
|-miss|p2a: Druddigon|p1a: Aerodactyl
|
|turn|4
|
|move|p1a: Aerodactyl|Stone Edge|p2a: Druddigon
|-crit|p2a: Druddigon
|-damage|p2a: Druddigon|57\/358
|move|p2a: Druddigon|Gunk Shot|p1a: Aerodactyl
|-resisted|p1a: Aerodactyl
|-damage|p1a: Aerodactyl|166\/301
|
|-end|p2a: Druddigon|move: Taunt
|turn|5
|
|move|p1a: Aerodactyl|Earthquake|p2a: Druddigon
|-damage|p2a: Druddigon|0 fnt
|faint|p2a: Druddigon
|
|
|switch|p2a: Infernape|Infernape, M|293\/293
|-damage|p2a: Infernape|257\/293|[from] Stealth Rock
|turn|6
|
|move|p2a: Infernape|Close Combat|p1a: Aerodactyl
|-damage|p1a: Aerodactyl|0 fnt
|-unboost|p2a: Infernape|def|1
|-unboost|p2a: Infernape|spd|1
|faint|p1a: Aerodactyl
|
|
|switch|p1a: Suicune|Suicune|404\/404
|-ability|p1a: Suicune|Pressure
|turn|7
|
|switch|p2a: Shaymin|Shaymin|342\/342
|-damage|p2a: Shaymin|300\/342|[from] Stealth Rock
|move|p1a: Suicune|Scald|p2a: Shaymin
|-resisted|p2a: Shaymin
|-damage|p2a: Shaymin|260\/342
|-status|p2a: Shaymin|brn
|
|-damage|p2a: Shaymin|218\/342 brn|[from] brn
|turn|8
|
|switch|p1a: Aromatisse|Aromatisse, F|406\/406
|move|p2a: Shaymin|Seed Flare|p1a: Aromatisse|[miss]
|-miss|p2a: Shaymin|p1a: Aromatisse
|
|-damage|p2a: Shaymin|176\/342 brn|[from] brn
|turn|9
|
|move|p2a: Shaymin|Seed Flare|p1a: Aromatisse
|-damage|p1a: Aromatisse|221\/406
|-damage|p2a: Shaymin|142\/342 brn|[from] item: Life Orb
|move|p1a: Aromatisse|Wish|p1a: Aromatisse
|
|-heal|p1a: Aromatisse|246\/406|[from] item: Leftovers
|-damage|p2a: Shaymin|100\/342 brn|[from] brn
|turn|10
|
|move|p2a: Shaymin|Rest|p2a: Shaymin
|-status|p2a: Shaymin|slp
|-heal|p2a: Shaymin|342\/342 slp|[silent]
|-status|p2a: Shaymin|slp|[from] move: Rest
|move|p1a: Aromatisse|Moonblast|p2a: Shaymin
|-damage|p2a: Shaymin|224\/342 slp
|
|-heal|p1a: Aromatisse|406\/406|[from] move: Wish|[wisher] Aromatisse
|turn|11
|
|switch|p2a: Mew|Mew|404\/404
|-damage|p2a: Mew|354\/404|[from] Stealth Rock
|move|p1a: Aromatisse|Moonblast|p2a: Mew
|-damage|p2a: Mew|249\/404
|
|-heal|p2a: Mew|274\/404|[from] item: Leftovers
|turn|12
|
|switch|p1a: Suicune|Suicune|404\/404
|-ability|p1a: Suicune|Pressure
|move|p2a: Mew|Defog|p1a: Suicune
|-unboost|p1a: Suicune|evasion|1
|-sideend|p2: DrummerVim|Stealth Rock|[from] move: Defog|[of] p2a: Mew
|
|-heal|p2a: Mew|299\/404|[from] item: Leftovers
|turn|13
|
|move|p2a: Mew|Knock Off|p1a: Suicune
|-damage|p1a: Suicune|353\/404
|-enditem|p1a: Suicune|Leftovers|[from] move: Knock Off|[of] p2a: Mew
|move|p1a: Suicune|Calm Mind|p1a: Suicune
|-boost|p1a: Suicune|spa|1
|-boost|p1a: Suicune|spd|1
|
|-heal|p2a: Mew|324\/404|[from] item: Leftovers
|turn|14
|
|switch|p2a: Shaymin|Shaymin|224\/342
|move|p1a: Suicune|Calm Mind|p1a: Suicune
|-boost|p1a: Suicune|spa|1
|-boost|p1a: Suicune|spd|1
|
|turn|15
|
|move|p2a: Shaymin|Seed Flare|p1a: Suicune
|-supereffective|p1a: Suicune
|-damage|p1a: Suicune|150\/404
|-damage|p2a: Shaymin|190\/342|[from] item: Life Orb
|move|p1a: Suicune|Scald|p2a: Shaymin
|-crit|p2a: Shaymin
|-resisted|p2a: Shaymin
|-damage|p2a: Shaymin|61\/342
|
|turn|16
|
|switch|p1a: Hitmontop|Hitmontop, M|304\/304
|-ability|p1a: Hitmontop|Intimidate|[of] p2a: Shaymin
|-unboost|p2a: Shaymin|atk|1
|move|p2a: Shaymin|Seed Flare|p1a: Hitmontop
|-damage|p1a: Hitmontop|139\/304
|-unboost|p1a: Hitmontop|spd|2
|-damage|p2a: Shaymin|27\/342|[from] item: Life Orb
|
|-heal|p1a: Hitmontop|158\/304|[from] item: Leftovers
|turn|17
|
|switch|p1a: Kyurem|Kyurem, shiny|405\/405
|-ability|p1a: Kyurem|Pressure
|move|p2a: Shaymin|Dazzling Gleam|p1a: Kyurem
|-supereffective|p1a: Kyurem
|-damage|p1a: Kyurem|194\/405
|-damage|p2a: Shaymin|0 fnt|[from] item: Life Orb
|faint|p2a: Shaymin
|
|-heal|p1a: Kyurem|219\/405|[from] item: Leftovers
|
|switch|p2a: Infernape|Infernape, M|257\/293
|turn|18
|
|switch|p1a: Aromatisse|Aromatisse, F|406\/406
|move|p2a: Infernape|Close Combat|p1a: Aromatisse
|-resisted|p1a: Aromatisse
|-damage|p1a: Aromatisse|293\/406
|-unboost|p2a: Infernape|def|1
|-unboost|p2a: Infernape|spd|1
|
|-heal|p1a: Aromatisse|318\/406|[from] item: Leftovers
|turn|19
|
|switch|p2a: Mew|Mew|324\/404
|move|p1a: Aromatisse|Wish|p1a: Aromatisse
|
|-heal|p2a: Mew|349\/404|[from] item: Leftovers
|-heal|p1a: Aromatisse|343\/406|[from] item: Leftovers
|turn|20
|
|switch|p2a: Lucario|Lucario, F|282\/282
|switch|p1a: Kyurem|Kyurem, shiny|219\/405
|-ability|p1a: Kyurem|Pressure
|
|-heal|p1a: Kyurem|405\/405|[from] move: Wish|[wisher] Aromatisse
|turn|21
|
|move|p2a: Lucario|Swords Dance|p2a: Lucario
|-boost|p2a: Lucario|atk|2
|move|p1a: Kyurem|Earth Power|p2a: Lucario
|-supereffective|p2a: Lucario
|-damage|p2a: Lucario|0 fnt
|faint|p2a: Lucario
|
|
|switch|p2a: Goodra|Goodra, M|384\/384
|turn|22
|
|move|p1a: Kyurem|Substitute|p1a: Kyurem
|-start|p1a: Kyurem|Substitute
|-damage|p1a: Kyurem|304\/405
|move|p2a: Goodra|Sludge Wave|p1a: Kyurem
|-end|p1a: Kyurem|Substitute
|
|-heal|p1a: Kyurem|329\/405|[from] item: Leftovers
|turn|23
|
|switch|p1a: Suicune|Suicune|150\/404
|-ability|p1a: Suicune|Pressure
|move|p2a: Goodra|Dragon Pulse|p1a: Suicune
|-damage|p1a: Suicune|20\/404
|
|turn|24
|
|move|p1a: Suicune|Rest|p1a: Suicune
|-status|p1a: Suicune|slp
|-heal|p1a: Suicune|404\/404 slp|[silent]
|-status|p1a: Suicune|slp|[from] move: Rest
|move|p2a: Goodra|Thunderbolt|p1a: Suicune
|-supereffective|p1a: Suicune
|-damage|p1a: Suicune|202\/404 slp
|
|turn|25
|
|cant|p1a: Suicune|slp
|move|p1a: Suicune|Sleep Talk|p1a: Suicune
|move|p1a: Suicune|Rest|p1a: Suicune|[from]Sleep Talk
|-fail|p1a: Suicune
|move|p2a: Goodra|Thunderbolt|p1a: Suicune
|-supereffective|p1a: Suicune
|-damage|p1a: Suicune|20\/404 slp
|
|turn|26
|
|cant|p1a: Suicune|slp
|move|p1a: Suicune|Sleep Talk|p1a: Suicune
|move|p1a: Suicune|Rest|p1a: Suicune|[from]Sleep Talk
|-fail|p1a: Suicune
|move|p2a: Goodra|Thunderbolt|p1a: Suicune
|-supereffective|p1a: Suicune
|-damage|p1a: Suicune|0 fnt
|faint|p1a: Suicune
|
|
|switch|p1a: Kingdra|Kingdra, F|292\/292
|turn|27
|
|move|p1a: Kingdra|Outrage|p2a: Goodra
|-supereffective|p2a: Goodra
|-damage|p2a: Goodra|0 fnt
|-unboost|p1a: Kingdra|spe|1
|faint|p2a: Goodra
|
|
|switch|p2a: Mew|Mew|349\/404
|turn|28
|
|move|p2a: Mew|Will-O-Wisp|p1a: Kingdra
|-status|p1a: Kingdra|brn
|move|p1a: Kingdra|Outrage|p2a: Mew
|-damage|p2a: Mew|285\/404
|
|-end|p1a: Kingdra|rampage
|-start|p1a: Kingdra|confusion
|-heal|p2a: Mew|310\/404|[from] item: Leftovers
|-damage|p1a: Kingdra|256\/292 brn|[from] brn
|turn|29
|
|switch|p1a: Aromatisse|Aromatisse, F|343\/406
|move|p2a: Mew|Knock Off|p1a: Aromatisse
|-resisted|p1a: Aromatisse
|-damage|p1a: Aromatisse|296\/406
|-enditem|p1a: Aromatisse|Leftovers|[from] move: Knock Off|[of] p2a: Mew
|
|-heal|p2a: Mew|335\/404|[from] item: Leftovers
|turn|30
|
|move|p2a: Mew|Will-O-Wisp|p1a: Aromatisse
|-status|p1a: Aromatisse|brn
|move|p1a: Aromatisse|Aromatherapy|p1a: Aromatisse
|-cureteam|p1a: Aromatisse|[from] move: Aromatherapy
|
|-heal|p2a: Mew|360\/404|[from] item: Leftovers
|turn|31
|
|move|p2a: Mew|Will-O-Wisp|p1a: Aromatisse
|-status|p1a: Aromatisse|brn
|move|p1a: Aromatisse|Moonblast|p2a: Mew
|-damage|p2a: Mew|251\/404
|
|-heal|p2a: Mew|276\/404|[from] item: Leftovers
|-damage|p1a: Aromatisse|246\/406 brn|[from] brn
|turn|32
|
|switch|p1a: Kyurem|Kyurem, shiny|329\/405
|-ability|p1a: Kyurem|Pressure
|move|p2a: Mew|Knock Off|p1a: Kyurem
|-damage|p1a: Kyurem|242\/405
|-enditem|p1a: Kyurem|Leftovers|[from] move: Knock Off|[of] p2a: Mew
|
|-heal|p2a: Mew|301\/404|[from] item: Leftovers
|turn|33
|
|switch|p2a: Infernape|Infernape, M|257\/293
|move|p1a: Kyurem|Substitute|p1a: Kyurem
|-start|p1a: Kyurem|Substitute
|-damage|p1a: Kyurem|141\/405
|
|turn|34
|
|move|p2a: Infernape|U-turn|p1a: Kyurem
|-activate|p1a: Kyurem|Substitute|[damage]
|
|switch|p2a: Mew|Mew|301\/404
|move|p1a: Kyurem|Earth Power|p2a: Mew
|-damage|p2a: Mew|184\/404
|
|-heal|p2a: Mew|209\/404|[from] item: Leftovers
|turn|35
|
|move|p1a: Kyurem|Roost|p1a: Kyurem
|-heal|p1a: Kyurem|344\/405
|move|p2a: Mew|Knock Off|p1a: Kyurem
|-end|p1a: Kyurem|Substitute
|
|-heal|p2a: Mew|234\/404|[from] item: Leftovers
|turn|36
|
|move|p1a: Kyurem|Substitute|p1a: Kyurem
|-start|p1a: Kyurem|Substitute
|-damage|p1a: Kyurem|243\/405
|move|p2a: Mew|Will-O-Wisp|p1a: Kyurem
|
|-heal|p2a: Mew|259\/404|[from] item: Leftovers
|turn|37
|chat|DrummerVim|gg
|-message|DrummerVim forfeited.
|
|win|Adam Sandile
|raw|Ladder updating...
|chat|Adam Sandile|gg
|raw|Adam Sandile's rating: 1327 &rarr; <strong>1350<\/strong><br \/>(+23 for winning)
|raw|DrummerVim's rating: 1376 &rarr; <strong>1353<\/strong><br \/>(-23 for losing)
|leave|DrummerVim
|player|p2