|join|DrummerVim
|join|done with le lader
|player|p1|DrummerVim|235
|player|p2|done with le lader|91
|gametype|singles
|gen|6
|tier|UU
|rated
|rule|Sleep Clause Mod: Limit one foe put to sleep
|rule|Species Clause: Limit one of each Pokemon
|rule|OHKO Clause: OHKO moves are banned
|rule|Moody Clause: Moody is banned
|rule|Evasion Moves Clause: Evasion moves are banned
|rule|Endless Battle Clause: Forcing endless battles is banned.
|rule|HP Percentage Mod: HP is reported as percentages
|clearpoke
|poke|p1|Shaymin
|poke|p1|Mew
|poke|p1|Lucario, M
|poke|p1|Fletchinder, M
|poke|p1|Florges, F
|poke|p1|Hydreigon, F
|poke|p2|Aggron, F
|poke|p2|Hydreigon, M
|poke|p2|Tyrantrum, M
|poke|p2|Rampardos, F
|poke|p2|Emboar, M
|poke|p2|Nidoking, M
|teampreview
|
|start
|switch|p1a: Hydreigon|Hydreigon, F|325\/325
|switch|p2a: Nidoking|Nidoking, M|303\/303
|turn|1
|
|switch|p2a: Tyrantrum|Tyrantrum, M|305\/305
|move|p1a: Hydreigon|Draco Meteor|p2a: Tyrantrum
|-supereffective|p2a: Tyrantrum
|-damage|p2a: Tyrantrum|0 fnt
|-unboost|p1a: Hydreigon|spa|2
|faint|p2a: Tyrantrum
|
|
|switch|p2a: Aggron|Aggron, F|281\/281
|turn|2
|
|switch|p1a: Mew|Mew|404\/404
|move|p2a: Aggron|Head Smash|p1a: Mew
|-crit|p1a: Mew
|-damage|p1a: Mew|0 fnt
|faint|p1a: Mew
|
|chat|DrummerVim|shiiii
|chat|DrummerVim|that's bulky mew as well
|
|switch|p1a: Shaymin|Shaymin|342\/342
|turn|3
|
|switch|p2a: Hydreigon|Hydreigon, M|325\/325
|move|p1a: Shaymin|Earth Power|p2a: Hydreigon
|-immune|p2a: Hydreigon|[msg]
|
|turn|4
|
|move|p1a: Shaymin|Dazzling Gleam|p2a: Hydreigon
|-supereffective|p2a: Hydreigon
|-damage|p2a: Hydreigon|0 fnt
|-damage|p1a: Shaymin|308\/342|[from] item: Life Orb
|faint|p2a: Hydreigon
|
|
|switch|p2a: Emboar|Emboar, M|361\/361
|turn|5
|
|move|p2a: Emboar|Flare Blitz|p1a: Shaymin
|-supereffective|p1a: Shaymin
|-damage|p1a: Shaymin|0 fnt
|-damage|p2a: Emboar|259\/361|[from] recoil|[of] p1a: Shaymin
|faint|p1a: Shaymin
|
|
|switch|p1a: Fletchinder|Fletchinder, M|327\/327
|turn|6
|
|switch|p2a: Rampardos|Rampardos, F|335\/335
|move|p1a: Fletchinder|Acrobatics|p2a: Rampardos
|-resisted|p2a: Rampardos
|-damage|p2a: Rampardos|212\/335
|
|turn|7
|
|move|p1a: Fletchinder|Acrobatics|p2a: Rampardos
|-resisted|p2a: Rampardos
|-damage|p2a: Rampardos|92\/335
|move|p2a: Rampardos|Head Smash|p1a: Fletchinder
|-supereffective|p1a: Fletchinder
|-damage|p1a: Fletchinder|0 fnt
|-damage|p2a: Rampardos|0 fnt|[from] recoil|[of] p1a: Fletchinder
|faint|p1a: Fletchinder
|faint|p2a: Rampardos
|
|
|switch|p1a: Lucario|Lucario, M|282\/282
|switch|p2a: Nidoking|Nidoking, M|303\/303
|turn|8
|
|switch|p1a: Florges|Florges, F|360\/360
|move|p2a: Nidoking|Earth Power|p1a: Florges
|-damage|p1a: Florges|235\/360
|
|-heal|p1a: Florges|257\/360|[from] item: Leftovers
|turn|9
|
|move|p2a: Nidoking|Sludge Wave|p1a: Florges
|-supereffective|p1a: Florges
|-damage|p1a: Florges|0 fnt
|faint|p1a: Florges
|
|
|switch|p1a: Hydreigon|Hydreigon, F|325\/325
|turn|10
|
|switch|p2a: Aggron|Aggron, F|281\/281
|move|p1a: Hydreigon|Dark Pulse|p2a: Aggron
|-damage|p2a: Aggron|65\/281
|
|turn|11
|
|move|p1a: Hydreigon|Dark Pulse|p2a: Aggron
|-damage|p2a: Aggron|0 fnt
|faint|p2a: Aggron
|
|
|switch|p2a: Emboar|Emboar, M|259\/361
|turn|12
|
|move|p1a: Hydreigon|Dark Pulse|p2a: Emboar
|-resisted|p2a: Emboar
|-damage|p2a: Emboar|159\/361
|move|p2a: Emboar|Superpower|p1a: Hydreigon
|-supereffective|p1a: Hydreigon
|-damage|p1a: Hydreigon|0 fnt
|-unboost|p2a: Emboar|atk|1
|-unboost|p2a: Emboar|def|1
|faint|p1a: Hydreigon
|
|
|switch|p1a: Lucario|Lucario, M|282\/282
|turn|13
|
|move|p1a: Lucario|Extreme Speed|p2a: Emboar
|-damage|p2a: Emboar|0 fnt
|-damage|p1a: Lucario|254\/282|[from] item: Life Orb
|faint|p2a: Emboar
|
|
|switch|p2a: Nidoking|Nidoking, M|303\/303
|turn|14
|
|move|p1a: Lucario|Close Combat|p2a: Nidoking
|-resisted|p2a: Nidoking
|-damage|p2a: Nidoking|137\/303
|-unboost|p1a: Lucario|def|1
|-unboost|p1a: Lucario|spd|1
|-damage|p1a: Lucario|226\/282|[from] item: Life Orb
|move|p2a: Nidoking|Earth Power|p1a: Lucario
|-crit|p1a: Lucario
|-supereffective|p1a: Lucario
|-damage|p1a: Lucario|0 fnt
|faint|p1a: Lucario
|
|win|done with le lader
|raw|Ladder updating...
|raw|DrummerVim's rating: 1387 &rarr; <strong>1358<\/strong><br \/>(-29 for losing)
|raw|done with le lader's rating: 1216 &rarr; <strong>1253<\/strong><br \/>(+37 for winning)