|join|DrummerVim
|join|Dialgatimelord
|player|p1|DrummerVim|235
|player|p2|Dialgatimelord|260
|gametype|singles
|gen|6
|tier|UU
|rated
|rule|Sleep Clause Mod: Limit one foe put to sleep
|rule|Species Clause: Limit one of each Pokemon
|rule|OHKO Clause: OHKO moves are banned
|rule|Moody Clause: Moody is banned
|rule|Evasion Moves Clause: Evasion moves are banned
|rule|Endless Battle Clause: Forcing endless battles is banned.
|rule|HP Percentage Mod: HP is reported as percentages
|clearpoke
|poke|p1|Druddigon, M
|poke|p1|Volcarona, M
|poke|p1|Mew
|poke|p1|Infernape, M
|poke|p1|Goodra, F
|poke|p1|Lucario, F
|poke|p2|Chesnaught, F
|poke|p2|Empoleon, M
|poke|p2|Rotom-Heat
|poke|p2|Nidoking, M
|poke|p2|Florges, F
|poke|p2|Raikou
|teampreview
|chat|Dialgatimelord|Well...
|chat|Dialgatimelord|this won't be easy.
|
|start
|switch|p1a: Infernape|Infernape, M|293\/293
|switch|p2a: Rotom-Heat|Rotom-Heat|241\/241
|turn|1
|chat|DrummerVim|lol
|chat|DrummerVim|trying all the new stuff at once
|
|move|p1a: Infernape|U-turn|p2a: Rotom-Heat
|-resisted|p2a: Rotom-Heat
|-damage|p2a: Rotom-Heat|207\/241
|
|switch|p1a: Goodra|Goodra, F|384\/384
|move|p2a: Rotom-Heat|Volt Switch|p1a: Goodra
|-resisted|p1a: Goodra
|-damage|p1a: Goodra|358\/384
|
|switch|p2a: Florges|Florges, F|360\/360
|
|turn|2
|
|move|p1a: Goodra|Sludge Wave|p2a: Florges
|-supereffective|p2a: Florges
|-damage|p2a: Florges|236\/360
|move|p2a: Florges|Moonblast|p1a: Goodra
|-supereffective|p1a: Goodra
|-damage|p1a: Goodra|248\/384
|
|-heal|p2a: Florges|258\/360|[from] item: Leftovers
|turn|3
|
|switch|p2a: Empoleon|Empoleon, M|372\/372
|move|p1a: Goodra|Sludge Wave|p2a: Empoleon
|-immune|p2a: Empoleon|[msg]
|
|turn|4
|
|move|p1a: Goodra|Thunderbolt|p2a: Empoleon
|-supereffective|p2a: Empoleon
|-damage|p2a: Empoleon|226\/372
|move|p2a: Empoleon|Stealth Rock|p1a: Goodra
|-sidestart|p1: DrummerVim|move: Stealth Rock
|
|-heal|p2a: Empoleon|249\/372|[from] item: Leftovers
|turn|5
|
|move|p1a: Goodra|Dragon Pulse|p2a: Empoleon
|-resisted|p2a: Empoleon
|-damage|p2a: Empoleon|199\/372
|move|p2a: Empoleon|Roar|p1a: Goodra
|drag|p1a: Volcarona|Volcarona, M|374\/374
|-damage|p1a: Volcarona|187\/374|[from] Stealth Rock
|
|-heal|p1a: Volcarona|210\/374|[from] item: Leftovers
|-heal|p2a: Empoleon|222\/372|[from] item: Leftovers
|turn|6
|
|move|p1a: Volcarona|Quiver Dance|p1a: Volcarona
|-boost|p1a: Volcarona|spa|1
|-boost|p1a: Volcarona|spd|1
|-boost|p1a: Volcarona|spe|1
|move|p2a: Empoleon|Roar|p1a: Volcarona
|drag|p1a: Lucario|Lucario, F|282\/282
|-damage|p1a: Lucario|274\/282|[from] Stealth Rock
|
|-heal|p2a: Empoleon|245\/372|[from] item: Leftovers
|turn|7
|
|switch|p2a: Chest Hair|Chesnaught, F|379\/379
|move|p1a: Lucario|Swords Dance|p1a: Lucario
|-boost|p1a: Lucario|atk|2
|
|turn|8
|chat|Dialgatimelord|What I don't get is...
|chat|Dialgatimelord|how luc is in uu
|
|move|p1a: Lucario|Swords Dance|p1a: Lucario
|-boost|p1a: Lucario|atk|2
|move|p2a: Chest Hair|Hammer Arm|p1a: Lucario
|-supereffective|p1a: Lucario
|-damage|p1a: Lucario|0 fnt
|-unboost|p2a: Chest Hair|spe|1
|faint|p1a: Lucario
|
|chat|DrummerVim|usage stats
|
|switch|p1a: Infernape|Infernape, M|293\/293
|-damage|p1a: Infernape|257\/293|[from] Stealth Rock
|turn|9
|chat|Dialgatimelord|Come again?
|
|move|p2a: Chest Hair|Spiky Shield|p2a: Chest Hair
|-singleturn|p2a: Chest Hair|move: Protect
|move|p1a: Infernape|U-turn|p2a: Chest Hair
|-activate|p2a: Chest Hair|move: Protect
|-damage|p1a: Infernape|221\/293|[from] Spiky Shield|[of] p2a: Chest Hair
|
|turn|10
|chat|DrummerVim|I think under 3.4% usage in OU or something like that means that it gets sent to UU
|chat|DrummerVim|but I think that it might be banned soon
|
|move|p1a: Infernape|U-turn|p2a: Chest Hair
|-damage|p2a: Chest Hair|333\/379
|
|switch|p1a: Druddigon|Druddigon, M|358\/358
|-damage|p1a: Druddigon|314\/358|[from] Stealth Rock
|move|p2a: Chest Hair|Spikes|p1a: Druddigon
|-sidestart|p1: DrummerVim|Spikes
|
|-heal|p2a: Chest Hair|356\/379|[from] item: Leftovers
|turn|11
|chat|Dialgatimelord|Woah, really? 0_0 
|chat|DrummerVim|my numbers may be off lol
|chat|Dialgatimelord|Gee, it's amazing how lucario's been such a huge threat until this gen.
|chat|Dialgatimelord|Well it still is, but not as much
|chat|DrummerVim|it was one of the most used in early gen 6
|chat|DrummerVim|then they banned Mega Lucario
|chat|Dialgatimelord|Ahhh, now it make sense.
|chat|DrummerVim|so everyone stopped using it because Conkeldurr etc. were better fighting-types
|
|move|p1a: Druddigon|Glare|p2a: Chest Hair
|-status|p2a: Chest Hair|par
|move|p2a: Chest Hair|Leech Seed|p1a: Druddigon
|-start|p1a: Druddigon|move: Leech Seed
|
|-heal|p2a: Chest Hair|379\/379 par|[from] item: Leftovers
|-damage|p1a: Druddigon|270\/358|[from] Leech Seed|[of] p2a: Chest Hair
|turn|12
|
|switch|p2a: Empoleon|Empoleon, M|245\/372
|move|p1a: Druddigon|Gunk Shot|p2a: Empoleon
|-immune|p2a: Empoleon|[msg]
|
|-heal|p2a: Empoleon|268\/372|[from] item: Leftovers
|-damage|p1a: Druddigon|226\/358|[from] Leech Seed|[of] p2a: Empoleon
|-heal|p2a: Empoleon|312\/372|[silent]
|turn|13
|
|switch|p1a: Goodra|Goodra, F|248\/384
|-damage|p1a: Goodra|200\/384|[from] Stealth Rock
|-damage|p1a: Goodra|152\/384|[from] Spikes
|move|p2a: Empoleon|Ice Beam|p1a: Goodra
|-supereffective|p1a: Goodra
|-damage|p1a: Goodra|76\/384
|
|-heal|p2a: Empoleon|335\/372|[from] item: Leftovers
|turn|14
|
|move|p1a: Goodra|Thunderbolt|p2a: Empoleon
|-supereffective|p2a: Empoleon
|-damage|p2a: Empoleon|183\/372
|move|p2a: Empoleon|Ice Beam|p1a: Goodra
|-supereffective|p1a: Goodra
|-damage|p1a: Goodra|8\/384
|
|-heal|p2a: Empoleon|206\/372|[from] item: Leftovers
|turn|15
|
|switch|p2a: Nidoking|Nidoking, M|304\/304
|move|p1a: Goodra|Dragon Pulse|p2a: Nidoking
|-crit|p2a: Nidoking
|-damage|p2a: Nidoking|12\/304
|
|turn|16
|
|move|p2a: Nidoking|Earth Power|p1a: Goodra
|-damage|p1a: Goodra|0 fnt
|faint|p1a: Goodra
|
|
|switch|p1a: Mew|Mew|404\/404
|-damage|p1a: Mew|354\/404|[from] Stealth Rock
|-damage|p1a: Mew|304\/404|[from] Spikes
|turn|17
|
|move|p2a: Nidoking|Earth Power|p1a: Mew
|-damage|p1a: Mew|113\/404
|move|p1a: Mew|Defog|p2a: Nidoking
|-unboost|p2a: Nidoking|evasion|1
|-sideend|p1: DrummerVim|Spikes|[from] move: Defog|[of] p1a: Mew
|-sideend|p1: DrummerVim|Stealth Rock|[from] move: Defog|[of] p1a: Mew
|
|-heal|p1a: Mew|138\/404|[from] item: Leftovers
|turn|18
|
|move|p2a: Nidoking|Earth Power|p1a: Mew
|-damage|p1a: Mew|0 fnt
|faint|p1a: Mew
|
|chat|Dialgatimelord|Dammit
|
|switch|p1a: Infernape|Infernape, M|221\/293
|turn|19
|
|move|p1a: Infernape|U-turn|p2a: Nidoking
|-resisted|p2a: Nidoking
|-damage|p2a: Nidoking|0 fnt
|faint|p2a: Nidoking
|
|switch|p1a: Druddigon|Druddigon, M|226\/358
|
|
|switch|p2a: Florges|Florges, F|258\/360
|turn|20
|chat|DrummerVim|im just glad i didnt get 6-0'd
|
|move|p2a: Florges|Toxic|p1a: Druddigon
|-status|p1a: Druddigon|tox
|move|p1a: Druddigon|Gunk Shot|p2a: Florges
|-supereffective|p2a: Florges
|-damage|p2a: Florges|0 fnt
|faint|p2a: Florges
|
|-damage|p1a: Druddigon|204\/358 tox|[from] psn
|chat|Dialgatimelord|You could win here, I'm not playing well lol!
|
|switch|p2a: Empoleon|Empoleon, M|206\/372
|turn|21
|
|move|p2a: Empoleon|Stealth Rock|p1a: Druddigon
|-sidestart|p1: DrummerVim|move: Stealth Rock
|move|p1a: Druddigon|Glare|p2a: Empoleon
|-status|p2a: Empoleon|par
|
|-heal|p2a: Empoleon|229\/372 par|[from] item: Leftovers
|-damage|p1a: Druddigon|160\/358 tox|[from] psn
|turn|22
|
|move|p2a: Empoleon|Scald|p1a: Druddigon
|-crit|p1a: Druddigon
|-resisted|p1a: Druddigon
|-damage|p1a: Druddigon|79\/358 tox
|move|p1a: Druddigon|Dragon Tail|p2a: Empoleon
|-resisted|p2a: Empoleon
|-damage|p2a: Empoleon|180\/372 par
|drag|p2a: Raikou|Raikou|322\/322
|-ability|p2a: Raikou|Pressure
|
|-damage|p1a: Druddigon|13\/358 tox|[from] psn
|turn|23
|chat|DrummerVim|with Rocks on the field my Volca is almost dead so 
|
|move|p2a: Raikou|Substitute|p2a: Raikou
|-start|p2a: Raikou|Substitute
|-damage|p2a: Raikou|242\/322
|move|p1a: Druddigon|Gunk Shot|p2a: Raikou
|-end|p2a: Raikou|Substitute
|
|-heal|p2a: Raikou|262\/322|[from] item: Leftovers
|-damage|p1a: Druddigon|0 fnt|[from] psn
|faint|p1a: Druddigon
|
|switch|p1a: Infernape|Infernape, M|221\/293
|-damage|p1a: Infernape|185\/293|[from] Stealth Rock
|turn|24
|chat|Dialgatimelord|That saved me in a way lol!
|chat|DrummerVim|I'm tempted to run two spin\/defoggers
|chat|Dialgatimelord|Not a bad idea
|chat|DrummerVim|or I might just get rid of Volcarona 
|
|switch|p2a: Chest Hair|Chesnaught, F|379\/379 par
|move|p1a: Infernape|Flare Blitz|p2a: Chest Hair
|-supereffective|p2a: Chest Hair
|-damage|p2a: Chest Hair|139\/379 par
|-damage|p1a: Infernape|106\/293|[from] recoil|[of] p2a: Chest Hair
|
|-heal|p2a: Chest Hair|162\/379 par|[from] item: Leftovers
|turn|25
|chat|Dialgatimelord|True, it takescare and precision to set up with that, unless SR isn't up.
|
|move|p1a: Infernape|Flare Blitz|p2a: Chest Hair
|-crit|p2a: Chest Hair
|-supereffective|p2a: Chest Hair
|-damage|p2a: Chest Hair|0 fnt
|-damage|p1a: Infernape|53\/293|[from] recoil|[of] p2a: Chest Hair
|faint|p2a: Chest Hair
|
|chat|Dialgatimelord|Oh shoot, blaze...
|
|switch|p2a: Empoleon|Empoleon, M|180\/372 par
|turn|26
|
|move|p1a: Infernape|Flare Blitz|p2a: Empoleon
|-damage|p2a: Empoleon|0 fnt
|-damage|p1a: Infernape|0 fnt|[from] recoil|[of] p2a: Empoleon
|faint|p2a: Empoleon
|faint|p1a: Infernape
|
|chat|DrummerVim|that recoil tho
|chat|Dialgatimelord|*Phew
|
|switch|p2a: Rotom-Heat|Rotom-Heat|207\/241
|switch|p1a: Volcarona|Volcarona, M|210\/374
|-damage|p1a: Volcarona|23\/374|[from] Stealth Rock
|turn|27
|
|move|p2a: Rotom-Heat|Volt Switch|p1a: Volcarona
|-damage|p1a: Volcarona|0 fnt
|faint|p1a: Volcarona
|
|win|Dialgatimelord
|raw|Ladder updating...
|raw|DrummerVim's rating: 1454 &rarr; <strong>1424<\/strong><br \/>(-30 for losing)
|raw|Dialgatimelord's rating: 1257 &rarr; <strong>1295<\/strong><br \/>(+38 for winning)
|chat|DrummerVim|gg
|chat|Dialgatimelord|gg, nice game
|leave|DrummerVim
|player|p1