|join|crocidolite
|join|DrummerVim
|player|p1|crocidolite|64
|player|p2|DrummerVim|102
|gametype|singles
|gen|6
|tier|UU
|rated
|rule|Sleep Clause Mod: Limit one foe put to sleep
|rule|Species Clause: Limit one of each PokÃ©mon
|rule|OHKO Clause: OHKO moves are banned
|rule|Moody Clause: Moody is banned
|rule|Evasion Moves Clause: Evasion moves are banned
|rule|Endless Battle Clause: Forcing endless battles is banned
|rule|HP Percentage Mod: HP is shown in percentages
|clearpoke
|poke|p1|Kingdra, M
|poke|p1|Gastrodon, F
|poke|p1|Honchkrow, M
|poke|p1|Haxorus, F, shiny
|poke|p1|Umbreon, M
|poke|p1|Crobat, F
|poke|p2|Krookodile, M
|poke|p2|Suicune
|poke|p2|Zygarde
|poke|p2|Porygon2
|poke|p2|Forretress, F
|poke|p2|Sceptile, F
|rule|Swagger Clause: Swagger is banned
|rule|Baton Pass Clause: Limit one PokÃ©mon knowing Baton Pass
|teampreview
|
|start
|switch|p1a: Haxorus|Haxorus, F, shiny|293\/293
|switch|p2a: Krookodile|Krookodile, M|332\/332
|-ability|p2a: Krookodile|Intimidate|[of] p1a: Haxorus
|-unboost|p1a: Haxorus|atk|1
|-ability|p1a: Haxorus|Mold Breaker
|turn|1
|
|switch|p2a: Suicune|Suicune|404\/404
|-ability|p2a: Suicune|Pressure
|switch|p1a: Gastrodon|Gastrodon, F|417\/417
|
|turn|2
|
|switch|p2a: Forretress|Forretress, F|354\/354
|move|p1a: Gastrodon|Ice Beam|p2a: Forretress
|-crit|p2a: Forretress
|-resisted|p2a: Forretress
|-damage|p2a: Forretress|240\/354
|
|-heal|p2a: Forretress|262\/354|[from] item: Leftovers
|turn|3
|
|switch|p2a: Porygon2|Porygon2|374\/374
|move|p1a: Gastrodon|Scald|p2a: Porygon2
|-crit|p2a: Porygon2
|-damage|p2a: Porygon2|286\/374
|-status|p2a: Porygon2|brn
|
|-damage|p2a: Porygon2|240\/374 brn|[from] brn
|turn|4
|
|move|p2a: Porygon2|Tri Attack|p1a: Gastrodon
|-damage|p1a: Gastrodon|296\/417
|move|p1a: Gastrodon|Earth Power|p2a: Porygon2
|-damage|p2a: Porygon2|168\/374 brn
|
|-heal|p1a: Gastrodon|322\/417|[from] item: Leftovers
|-damage|p2a: Porygon2|122\/374 brn|[from] brn
|turn|5
|
|move|p2a: Porygon2|Recover|p2a: Porygon2
|-heal|p2a: Porygon2|309\/374 brn
|move|p1a: Gastrodon|Recover|p1a: Gastrodon
|-heal|p1a: Gastrodon|417\/417
|
|-damage|p2a: Porygon2|263\/374 brn|[from] brn
|turn|6
|
|move|p2a: Porygon2|Tri Attack|p1a: Gastrodon
|-crit|p1a: Gastrodon
|-damage|p1a: Gastrodon|252\/417
|move|p1a: Gastrodon|Earth Power|p2a: Porygon2
|-damage|p2a: Porygon2|197\/374 brn
|
|-heal|p1a: Gastrodon|278\/417|[from] item: Leftovers
|-damage|p2a: Porygon2|151\/374 brn|[from] brn
|turn|7
|
|move|p2a: Porygon2|Recover|p2a: Porygon2
|-heal|p2a: Porygon2|338\/374 brn
|move|p1a: Gastrodon|Recover|p1a: Gastrodon
|-heal|p1a: Gastrodon|417\/417
|
|-damage|p2a: Porygon2|292\/374 brn|[from] brn
|turn|8
|
|switch|p2a: Sceptile|Sceptile, F|281\/281
|move|p1a: Gastrodon|Earth Power|p2a: Sceptile
|-resisted|p2a: Sceptile
|-damage|p2a: Sceptile|188\/281
|
|turn|9
|
|switch|p1a: Umbreon|Umbreon, M|394\/394
|detailschange|p2a: Sceptile|Sceptile-Mega, F
|message|Sceptile has Mega Evolved into Mega Sceptile!
|move|p2a: Sceptile|Swords Dance|p2a: Sceptile
|-boost|p2a: Sceptile|atk|2
|
|turn|10
|
|move|p2a: Sceptile|Dragon Claw|p1a: Umbreon
|-damage|p1a: Umbreon|160\/394
|move|p1a: Umbreon|Foul Play|p2a: Sceptile
|-damage|p2a: Sceptile|0 fnt
|faint|p2a: Sceptile
|
|-heal|p1a: Umbreon|184\/394|[from] item: Leftovers
|
|switch|p2a: Krookodile|Krookodile, M|332\/332
|-ability|p2a: Krookodile|Intimidate|[of] p1a: Umbreon
|-unboost|p1a: Umbreon|atk|1
|turn|11
|
|move|p1a: Umbreon|Protect|p1a: Umbreon
|-singleturn|p1a: Umbreon|Protect
|move|p2a: Krookodile|Superpower|p1a: Umbreon
|-activate|p1a: Umbreon|Protect
|
|-heal|p1a: Umbreon|208\/394|[from] item: Leftovers
|turn|12
|
|switch|p2a: Forretress|Forretress, F|262\/354
|switch|p1a: Crobat|Crobat, F|374\/374
|
|-heal|p2a: Forretress|284\/354|[from] item: Leftovers
|turn|13
|
|move|p1a: Crobat|U-turn|p2a: Forretress
|-resisted|p2a: Forretress
|-damage|p2a: Forretress|268\/354
|
|switch|p1a: Gastrodon|Gastrodon, F|417\/417
|move|p2a: Forretress|Stealth Rock|p1a: Gastrodon
|-sidestart|p1: crocidolite|move: Stealth Rock
|
|-heal|p2a: Forretress|290\/354|[from] item: Leftovers
|turn|14
|
|move|p2a: Forretress|Spikes|p1a: Gastrodon
|-sidestart|p1: crocidolite|Spikes
|move|p1a: Gastrodon|Scald|p2a: Forretress
|-damage|p2a: Forretress|116\/354
|
|-heal|p2a: Forretress|138\/354|[from] item: Leftovers
|turn|15
|
|move|p2a: Forretress|Spikes|p1a: Gastrodon
|-sidestart|p1: crocidolite|Spikes
|move|p1a: Gastrodon|Scald|p2a: Forretress
|-damage|p2a: Forretress|0 fnt
|faint|p2a: Forretress
|
|
|switch|p2a: Porygon2|Porygon2|292\/374 brn
|turn|16
|
|move|p2a: Porygon2|Tri Attack|p1a: Gastrodon
|-damage|p1a: Gastrodon|297\/417
|move|p1a: Gastrodon|Earth Power|p2a: Porygon2
|-damage|p2a: Porygon2|219\/374 brn
|
|-heal|p1a: Gastrodon|323\/417|[from] item: Leftovers
|-damage|p2a: Porygon2|173\/374 brn|[from] brn
|turn|17
|
|move|p2a: Porygon2|Tri Attack|p1a: Gastrodon
|-damage|p1a: Gastrodon|208\/417
|move|p1a: Gastrodon|Earth Power|p2a: Porygon2
|-damage|p2a: Porygon2|107\/374 brn
|-unboost|p2a: Porygon2|spd|1
|
|-heal|p1a: Gastrodon|234\/417|[from] item: Leftovers
|-damage|p2a: Porygon2|61\/374 brn|[from] brn
|turn|18
|
|move|p2a: Porygon2|Tri Attack|p1a: Gastrodon
|-damage|p1a: Gastrodon|126\/417
|move|p1a: Gastrodon|Recover|p1a: Gastrodon
|-heal|p1a: Gastrodon|335\/417
|
|-heal|p1a: Gastrodon|361\/417|[from] item: Leftovers
|-damage|p2a: Porygon2|15\/374 brn|[from] brn
|turn|19
|
|move|p2a: Porygon2|Recover|p2a: Porygon2
|-heal|p2a: Porygon2|202\/374 brn
|move|p1a: Gastrodon|Recover|p1a: Gastrodon
|-heal|p1a: Gastrodon|417\/417
|
|-damage|p2a: Porygon2|156\/374 brn|[from] brn
|turn|20
|
|move|p2a: Porygon2|Tri Attack|p1a: Gastrodon
|-damage|p1a: Gastrodon|296\/417
|move|p1a: Gastrodon|Earth Power|p2a: Porygon2
|-damage|p2a: Porygon2|44\/374 brn
|
|-heal|p1a: Gastrodon|322\/417|[from] item: Leftovers
|-damage|p2a: Porygon2|0 fnt|[from] brn
|faint|p2a: Porygon2
|
|switch|p2a: Krookodile|Krookodile, M|332\/332
|-ability|p2a: Krookodile|Intimidate|[of] p1a: Gastrodon
|-unboost|p1a: Gastrodon|atk|1
|turn|21
|
|move|p2a: Krookodile|Knock Off|p1a: Gastrodon
|-damage|p1a: Gastrodon|3\/417
|-enditem|p1a: Gastrodon|Leftovers|[from] move: Knock Off|[of] p2a: Krookodile
|move|p1a: Gastrodon|Scald|p2a: Krookodile
|-supereffective|p2a: Krookodile
|-damage|p2a: Krookodile|18\/332
|
|turn|22
|c|âDrummerVim|:o
|
|move|p2a: Krookodile|Knock Off|p1a: Gastrodon
|-damage|p1a: Gastrodon|0 fnt
|faint|p1a: Gastrodon
|
|
|switch|p1a: Crobat|Crobat, F|374\/374
|-damage|p1a: Crobat|281\/374|[from] Stealth Rock
|turn|23
|
|switch|p2a: Suicune|Suicune|404\/404
|-ability|p2a: Suicune|Pressure
|move|p1a: Crobat|Defog|p2a: Suicune
|-unboost|p2a: Suicune|evasion|1
|-sideend|p1: crocidolite|Spikes|[from] move: Defog|[of] p1a: Crobat
|-sideend|p1: crocidolite|Stealth Rock|[from] move: Defog|[of] p1a: Crobat
|
|-heal|p1a: Crobat|304\/374|[from] item: Black Sludge
|turn|24
|
|move|p1a: Crobat|U-turn|p2a: Suicune
|-damage|p2a: Suicune|368\/404
|
|switch|p1a: Kingdra|Kingdra, M|295\/295
|move|p2a: Suicune|Calm Mind|p2a: Suicune
|-boost|p2a: Suicune|spa|1
|-boost|p2a: Suicune|spd|1
|
|-heal|p2a: Suicune|393\/404|[from] item: Leftovers
|turn|25
|
|switch|p2a: Krookodile|Krookodile, M|18\/332
|-ability|p2a: Krookodile|Intimidate|[of] p1a: Kingdra
|-unboost|p1a: Kingdra|atk|1
|move|p1a: Kingdra|Focus Energy|p1a: Kingdra
|-start|p1a: Kingdra|move: Focus Energy
|
|turn|26
|
|move|p2a: Krookodile|Knock Off|p1a: Kingdra
|-damage|p1a: Kingdra|60\/295
|-enditem|p1a: Kingdra|Scope Lens|[from] move: Knock Off|[of] p2a: Krookodile
|move|p1a: Kingdra|Surf|p2a: Krookodile
|-supereffective|p2a: Krookodile
|-damage|p2a: Krookodile|0 fnt
|faint|p2a: Krookodile
|
|
|switch|p2a: Zygarde|Zygarde|420\/420
|-ability|p2a: Zygarde|Aura Break
|turn|27
|
|move|p1a: Kingdra|Draco Meteor|p2a: Zygarde
|-supereffective|p2a: Zygarde
|-damage|p2a: Zygarde|88\/420
|-unboost|p1a: Kingdra|spa|2
|move|p2a: Zygarde|Earthquake|p1a: Kingdra
|-damage|p1a: Kingdra|0 fnt
|faint|p1a: Kingdra
|
|-heal|p2a: Zygarde|114\/420|[from] item: Leftovers
|
|switch|p1a: Honchkrow|Honchkrow, M|404\/404
|turn|28
|
|switch|p2a: Suicune|Suicune|393\/404
|-ability|p2a: Suicune|Pressure
|move|p1a: Honchkrow|Brave Bird|p2a: Suicune
|-damage|p2a: Suicune|246\/404
|-damage|p1a: Honchkrow|355\/404|[from] recoil|[of] p2a: Suicune
|
|-heal|p2a: Suicune|271\/404|[from] item: Leftovers
|turn|29
|
|switch|p2a: Zygarde|Zygarde|114\/420
|-ability|p2a: Zygarde|Aura Break
|switch|p1a: Haxorus|Haxorus, F, shiny|293\/293
|-ability|p1a: Haxorus|Mold Breaker
|
|-heal|p2a: Zygarde|140\/420|[from] item: Leftovers
|turn|30
|
|move|p1a: Haxorus|Dragon Claw|p2a: Zygarde
|-supereffective|p2a: Zygarde
|-damage|p2a: Zygarde|0 fnt
|-damage|p1a: Haxorus|264\/293|[from] item: Life Orb
|faint|p2a: Zygarde
|
|c|âDrummerVim|g
|c|âDrummerVim|gg*
|
|switch|p2a: Suicune|Suicune|271\/404
|-ability|p2a: Suicune|Pressure
|turn|31
|c|âcrocidolite|gg
|
|move|p1a: Haxorus|Dragon Claw|p2a: Suicune
|-damage|p2a: Suicune|123\/404
|-damage|p1a: Haxorus|235\/293|[from] item: Life Orb
|move|p2a: Suicune|Scald|p1a: Haxorus
|-resisted|p1a: Haxorus
|-damage|p1a: Haxorus|173\/293
|
|-heal|p2a: Suicune|148\/404|[from] item: Leftovers
|turn|32
|
|move|p1a: Haxorus|Dragon Claw|p2a: Suicune
|-crit|p2a: Suicune
|-damage|p2a: Suicune|0 fnt
|-damage|p1a: Haxorus|144\/293|[from] item: Life Orb
|faint|p2a: Suicune
|
|win|crocidolite
|raw|Ladder updating...
|raw|crocidolite's rating: 1275 &rarr; <strong>1301<\/strong><br \/>(+26 for winning)
|raw|DrummerVim's rating: 1286 &rarr; <strong>1261<\/strong><br \/>(-25 for losing)
|leave|DrummerVim
|player|p2