|join|DrummerVim
|join|jb champ
|player|p1|DrummerVim|235
|player|p2|jb champ|150
|gametype|singles
|gen|6
|tier|UU
|rated
|rule|Sleep Clause Mod: Limit one foe put to sleep
|rule|Species Clause: Limit one of each Pokemon
|rule|OHKO Clause: OHKO moves are banned
|rule|Moody Clause: Moody is banned
|rule|Evasion Moves Clause: Evasion moves are banned
|rule|Endless Battle Clause: Forcing endless battles is banned.
|rule|HP Percentage Mod: HP is reported as percentages
|clearpoke
|poke|p1|Shaymin
|poke|p1|Mew
|poke|p1|Lucario, F
|poke|p1|Fletchinder, M
|poke|p1|Florges, F
|poke|p1|Hydreigon, M
|poke|p2|Blastoise, M
|poke|p2|Roserade, F
|poke|p2|Heracross, F
|poke|p2|Hippowdon, F
|poke|p2|Umbreon, F
|poke|p2|Crobat, M
|teampreview
|
|start
|switch|p1a: Hydreigon|Hydreigon, M|325\/325
|switch|p2a: Heracross|Heracross, F|302\/302
|turn|1
|
|move|p1a: Hydreigon|U-turn|p2a: Heracross
|-resisted|p2a: Heracross
|-damage|p2a: Heracross|267\/302
|
|switch|p1a: Mew|Mew|404\/404
|move|p2a: Heracross|Knock Off|p1a: Mew
|-crit|p1a: Mew
|-supereffective|p1a: Mew
|-damage|p1a: Mew|176\/404
|-enditem|p1a: Mew|Leftovers|[from] move: Knock Off|[of] p2a: Heracross
|
|turn|2
|
|switch|p2a: Blastoise|Blastoise, M|362\/362
|switch|p1a: Lucario|Lucario, F|282\/282
|
|turn|3
|
|switch|p1a: Shaymin|Shaymin|342\/342
|detailschange|p2a: Blastoise|Blastoise-Mega, M
|message|Blastoise has Mega Evolved into Mega Blastoise!
|move|p2a: Blastoise|Aura Sphere|p1a: Shaymin
|-damage|p1a: Shaymin|170\/342
|
|turn|4
|
|switch|p2a: Crobat|Crobat, M|312\/312
|move|p1a: Shaymin|Seed Flare|p2a: Crobat|[miss]
|-miss|p1a: Shaymin|p2a: Crobat
|
|turn|5
|
|switch|p1a: Mew|Mew|176\/404
|move|p2a: Crobat|U-turn|p1a: Mew
|-supereffective|p1a: Mew
|-damage|p1a: Mew|84\/404
|
|switch|p2a: Heracross|Heracross, F|267\/302
|
|turn|6
|
|switch|p1a: Florges|Florges, F|360\/360
|move|p2a: Heracross|Megahorn|p1a: Florges
|-resisted|p1a: Florges
|-damage|p1a: Florges|259\/360
|
|-heal|p1a: Florges|281\/360|[from] item: Leftovers
|turn|7
|
|switch|p2a: Crobat|Crobat, M|312\/312
|switch|p1a: Hydreigon|Hydreigon, M|325\/325
|
|turn|8
|
|switch|p2a: Umbreon|Umbreon, F|394\/394
|move|p1a: Hydreigon|Draco Meteor|p2a: Umbreon
|-damage|p2a: Umbreon|205\/394
|-unboost|p1a: Hydreigon|spa|2
|
|-heal|p2a: Umbreon|229\/394|[from] item: Leftovers
|turn|9
|
|switch|p1a: Lucario|Lucario, F|282\/282
|move|p2a: Umbreon|Wish|p2a: Umbreon
|
|-heal|p2a: Umbreon|253\/394|[from] item: Leftovers
|turn|10
|
|switch|p2a: Heracross|Heracross, F|267\/302
|move|p1a: Lucario|Swords Dance|p1a: Lucario
|-boost|p1a: Lucario|atk|2
|
|-heal|p2a: Heracross|302\/302|[from] move: Wish|[wisher] Umbreon
|turn|11
|
|switch|p1a: Florges|Florges, F|281\/360
|move|p2a: Heracross|Close Combat|p1a: Florges
|-crit|p1a: Florges
|-resisted|p1a: Florges
|-damage|p1a: Florges|131\/360
|-unboost|p2a: Heracross|def|1
|-unboost|p2a: Heracross|spd|1
|
|-heal|p1a: Florges|153\/360|[from] item: Leftovers
|turn|12
|
|switch|p2a: Roserade|Roserade, F|324\/324
|move|p1a: Florges|Wish|p1a: Florges
|
|-heal|p1a: Florges|175\/360|[from] item: Leftovers
|turn|13
|
|move|p2a: Roserade|Leech Seed|p1a: Florges
|-start|p1a: Florges|move: Leech Seed
|move|p1a: Florges|Moonblast|p2a: Roserade
|-crit|p2a: Roserade
|-resisted|p2a: Roserade
|-damage|p2a: Roserade|265\/324
|
|-heal|p1a: Florges|355\/360|[from] move: Wish|[wisher] Florges
|-heal|p2a: Roserade|285\/324|[from] item: Black Sludge
|-heal|p1a: Florges|360\/360|[from] item: Leftovers
|-damage|p1a: Florges|315\/360|[from] Leech Seed|[of] p2a: Roserade
|-heal|p2a: Roserade|324\/324|[silent]
|turn|14
|
|move|p2a: Roserade|Leech Seed|p1a: Florges|[miss]
|-miss|p2a: Roserade|p1a: Florges
|move|p1a: Florges|Moonblast|p2a: Roserade
|-crit|p2a: Roserade
|-resisted|p2a: Roserade
|-damage|p2a: Roserade|256\/324
|-unboost|p2a: Roserade|spa|1
|
|-heal|p2a: Roserade|276\/324|[from] item: Black Sludge
|-heal|p1a: Florges|337\/360|[from] item: Leftovers
|-damage|p1a: Florges|292\/360|[from] Leech Seed|[of] p2a: Roserade
|-heal|p2a: Roserade|321\/324|[silent]
|turn|15
|
|move|p2a: Roserade|Sludge Bomb|p1a: Florges
|-supereffective|p1a: Florges
|-damage|p1a: Florges|184\/360
|move|p1a: Florges|Moonblast|p2a: Roserade
|-resisted|p2a: Roserade
|-damage|p2a: Roserade|278\/324
|
|-heal|p2a: Roserade|298\/324|[from] item: Black Sludge
|-heal|p1a: Florges|206\/360|[from] item: Leftovers
|-damage|p1a: Florges|161\/360|[from] Leech Seed|[of] p2a: Roserade
|-heal|p2a: Roserade|324\/324|[silent]
|turn|16
|
|switch|p1a: Lucario|Lucario, F|282\/282
|move|p2a: Roserade|Sludge Bomb|p1a: Lucario
|-immune|p1a: Lucario|[msg]
|
|turn|17
|
|switch|p2a: Hippowdon|Hippowdon, F|420\/420
|-weather|Sandstorm
|move|p1a: Lucario|Close Combat|p2a: Hippowdon
|-damage|p2a: Hippowdon|256\/420
|-unboost|p1a: Lucario|def|1
|-unboost|p1a: Lucario|spd|1
|-damage|p1a: Lucario|254\/282|[from] item: Life Orb
|
|-weather|Sandstorm|[upkeep]
|-heal|p2a: Hippowdon|282\/420|[from] item: Leftovers
|turn|18
|
|switch|p1a: Shaymin|Shaymin|170\/342
|move|p2a: Hippowdon|Stealth Rock|p1a: Shaymin
|-sidestart|p1: DrummerVim|move: Stealth Rock
|
|-weather|Sandstorm|[upkeep]
|-damage|p1a: Shaymin|149\/342|[from] sandstorm
|-heal|p2a: Hippowdon|308\/420|[from] item: Leftovers
|turn|19
|
|switch|p1a: Hydreigon|Hydreigon, M|325\/325
|-damage|p1a: Hydreigon|285\/325|[from] Stealth Rock
|switch|p2a: Crobat|Crobat, M|312\/312
|
|-weather|Sandstorm|[upkeep]
|-damage|p1a: Hydreigon|265\/325|[from] sandstorm
|-damage|p2a: Crobat|293\/312|[from] sandstorm
|-heal|p2a: Crobat|312\/312|[from] item: Black Sludge
|turn|20
|
|move|p1a: Hydreigon|U-turn|p2a: Crobat
|-resisted|p2a: Crobat
|-damage|p2a: Crobat|296\/312
|
|switch|p1a: Florges|Florges, F|161\/360
|-damage|p1a: Florges|116\/360|[from] Stealth Rock
|move|p2a: Crobat|Brave Bird|p1a: Florges
|-damage|p1a: Florges|0 fnt
|-damage|p2a: Crobat|258\/312|[from] recoil|[of] p1a: Florges
|faint|p1a: Florges
|
|-weather|Sandstorm|[upkeep]
|-damage|p2a: Crobat|239\/312|[from] sandstorm
|-heal|p2a: Crobat|258\/312|[from] item: Black Sludge
|
|switch|p1a: Hydreigon|Hydreigon, M|265\/325
|-damage|p1a: Hydreigon|225\/325|[from] Stealth Rock
|turn|21
|
|move|p1a: Hydreigon|U-turn|p2a: Crobat
|-resisted|p2a: Crobat
|-damage|p2a: Crobat|241\/312
|
|switch|p1a: Lucario|Lucario, F|254\/282
|-damage|p1a: Lucario|246\/282|[from] Stealth Rock
|move|p2a: Crobat|Brave Bird|p1a: Lucario
|-damage|p1a: Lucario|32\/282
|-damage|p2a: Crobat|170\/312|[from] recoil|[of] p1a: Lucario
|
|-weather|none
|-heal|p2a: Crobat|189\/312|[from] item: Black Sludge
|turn|22
|
|move|p1a: Lucario|Extreme Speed|p2a: Crobat
|-damage|p2a: Crobat|49\/312
|-damage|p1a: Lucario|4\/282|[from] item: Life Orb
|move|p2a: Crobat|Brave Bird|p1a: Lucario
|-damage|p1a: Lucario|0 fnt
|-damage|p2a: Crobat|48\/312|[from] recoil|[of] p1a: Lucario
|faint|p1a: Lucario
|
|-heal|p2a: Crobat|67\/312|[from] item: Black Sludge
|
|switch|p1a: Fletchinder|Fletchinder, M|327\/327
|-damage|p1a: Fletchinder|164\/327|[from] Stealth Rock
|turn|23
|
|move|p1a: Fletchinder|Acrobatics|p2a: Crobat
|-damage|p2a: Crobat|0 fnt
|faint|p2a: Crobat
|
|
|switch|p2a: Blastoise|Blastoise-Mega, M|362\/362
|turn|24
|
|switch|p1a: Shaymin|Shaymin|149\/342
|-damage|p1a: Shaymin|107\/342|[from] Stealth Rock
|move|p2a: Blastoise|Dark Pulse|p1a: Shaymin
|-damage|p1a: Shaymin|0 fnt
|faint|p1a: Shaymin
|
|
|switch|p1a: Mew|Mew|84\/404
|-damage|p1a: Mew|34\/404|[from] Stealth Rock
|turn|25
|
|move|p1a: Mew|Defog|p2a: Blastoise
|-unboost|p2a: Blastoise|evasion|1
|-sideend|p1: DrummerVim|Stealth Rock|[from] move: Defog|[of] p1a: Mew
|move|p2a: Blastoise|Dark Pulse|p1a: Mew
|-supereffective|p1a: Mew
|-damage|p1a: Mew|0 fnt
|faint|p1a: Mew
|
|
|switch|p1a: Hydreigon|Hydreigon, M|225\/325
|turn|26
|
|switch|p2a: Roserade|Roserade, F|324\/324
|move|p1a: Hydreigon|Draco Meteor|p2a: Roserade
|-crit|p2a: Roserade
|-damage|p2a: Roserade|96\/324
|-unboost|p1a: Hydreigon|spa|2
|
|-heal|p2a: Roserade|116\/324|[from] item: Black Sludge
|turn|27
|
|move|p1a: Hydreigon|Draco Meteor|p2a: Roserade
|-damage|p2a: Roserade|34\/324
|-unboost|p1a: Hydreigon|spa|2
|move|p2a: Roserade|Synthesis|p2a: Roserade
|-heal|p2a: Roserade|196\/324
|
|-heal|p2a: Roserade|216\/324|[from] item: Black Sludge
|turn|28
|
|switch|p1a: Fletchinder|Fletchinder, M|164\/327
|move|p2a: Roserade|Sludge Bomb|p1a: Fletchinder
|-damage|p1a: Fletchinder|0 fnt
|faint|p1a: Fletchinder
|
|-heal|p2a: Roserade|236\/324|[from] item: Black Sludge
|chat|DrummerVim|gg
|
|switch|p1a: Hydreigon|Hydreigon, M|225\/325
|turn|29
|chat|jb champ|gg
|
|move|p1a: Hydreigon|Fire Blast|p2a: Roserade
|-supereffective|p2a: Roserade
|-damage|p2a: Roserade|50\/324
|-status|p2a: Roserade|brn
|move|p2a: Roserade|Sludge Bomb|p1a: Hydreigon
|-damage|p1a: Hydreigon|78\/325
|
|-heal|p2a: Roserade|70\/324 brn|[from] item: Black Sludge
|-damage|p2a: Roserade|30\/324 brn|[from] brn
|turn|30
|
|move|p1a: Hydreigon|Fire Blast|p2a: Roserade
|-supereffective|p2a: Roserade
|-damage|p2a: Roserade|0 fnt
|faint|p2a: Roserade
|
|
|switch|p2a: Blastoise|Blastoise-Mega, M|362\/362
|turn|31
|
|move|p1a: Hydreigon|Fire Blast|p2a: Blastoise
|-resisted|p2a: Blastoise
|-damage|p2a: Blastoise|305\/362
|move|p2a: Blastoise|Scald|p1a: Hydreigon
|-resisted|p1a: Hydreigon
|-damage|p1a: Hydreigon|0 fnt
|faint|p1a: Hydreigon
|
|win|jb champ
|raw|Ladder updating...
|raw|DrummerVim's rating: 1476 &rarr; <strong>1457<\/strong><br \/>(-19 for losing)
|raw|jb champ's rating: 1493 &rarr; <strong>1512<\/strong><br \/>(+19 for winning)
|leave|DrummerVim
|player|p1