|join|TN TAK
|join|DrummerVim
|player|p1|TN TAK|250
|player|p2|DrummerVim|165
|gametype|singles
|gen|6
|tier|UU
|rated
|rule|Sleep Clause Mod: Limit one foe put to sleep
|rule|Species Clause: Limit one of each PokÃ©mon
|rule|OHKO Clause: OHKO moves are banned
|rule|Moody Clause: Moody is banned
|rule|Evasion Moves Clause: Evasion moves are banned
|rule|Endless Battle Clause: Forcing endless battles is banned
|rule|HP Percentage Mod: HP is shown in percentages
|clearpoke
|poke|p1|Machamp, M
|poke|p1|Cobalion
|poke|p1|Toxicroak, F
|poke|p1|Hitmontop, M
|poke|p1|Virizion
|poke|p1|Combusken, M
|poke|p2|Mienshao, M
|poke|p2|Aggron, M
|poke|p2|Porygon2
|poke|p2|Forretress, F
|poke|p2|Chandelure, M
|poke|p2|Florges, F
|rule|Swagger Clause: Swagger is banned
|rule|Baton Pass Clause: Limit one PokÃ©mon knowing Baton Pass
|teampreview
|
|start
|switch|p1a: Combusken|Combusken, M|324\/324
|switch|p2a: Florges|Florges, F|360\/360
|turn|1
|
|move|p1a: Combusken|Protect|p1a: Combusken
|-singleturn|p1a: Combusken|Protect
|move|p2a: Florges|Moonblast|p1a: Combusken
|-activate|p1a: Combusken|Protect
|
|-boost|p1a: Combusken|spe|1|[from] ability: Speed Boost
|turn|2
|
|move|p1a: Combusken|Bulk Up|p1a: Combusken
|-boost|p1a: Combusken|atk|1
|-boost|p1a: Combusken|def|1
|move|p2a: Florges|Moonblast|p1a: Combusken
|-damage|p1a: Combusken|239\/324
|
|-boost|p1a: Combusken|spe|1|[from] ability: Speed Boost
|turn|3
|
|switch|p2a: Porygon2|Porygon2|374\/374
|move|p1a: Combusken|Bulk Up|p1a: Combusken
|-boost|p1a: Combusken|atk|1
|-boost|p1a: Combusken|def|1
|
|-boost|p1a: Combusken|spe|1|[from] ability: Speed Boost
|turn|4
|
|move|p1a: Combusken|Bulk Up|p1a: Combusken
|-boost|p1a: Combusken|atk|1
|-boost|p1a: Combusken|def|1
|move|p2a: Porygon2|Toxic|p1a: Combusken
|-status|p1a: Combusken|tox
|
|-damage|p1a: Combusken|219\/324 tox|[from] psn
|-boost|p1a: Combusken|spe|1|[from] ability: Speed Boost
|turn|5
|join|lyh031995
|
|switch|p2a: Forretress|Forretress, F|354\/354
|move|p1a: Combusken|Protect|p1a: Combusken
|-fail|p1a: Combusken
|
|-damage|p1a: Combusken|179\/324 tox|[from] psn
|-boost|p1a: Combusken|spe|1|[from] ability: Speed Boost
|turn|6
|
|move|p1a: Combusken|Fire Punch|p2a: Forretress
|-supereffective|p2a: Forretress
|-activate|p2a: Forretress|Sturdy
|-damage|p2a: Forretress|1\/354
|move|p2a: Forretress|Gyro Ball|p1a: Combusken
|-resisted|p1a: Combusken
|-damage|p1a: Combusken|148\/324 tox
|
|-heal|p2a: Forretress|23\/354|[from] item: Leftovers
|-damage|p1a: Combusken|88\/324 tox|[from] psn
|-boost|p1a: Combusken|spe|1|[from] ability: Speed Boost
|turn|7
|
|move|p1a: Combusken|Baton Pass|p1a: Combusken
|
|switch|p1a: Toxicroak|Toxicroak, F|307\/307
|move|p2a: Forretress|Gyro Ball|p1a: Toxicroak
|-damage|p1a: Toxicroak|222\/307
|
|-heal|p2a: Forretress|45\/354|[from] item: Leftovers
|turn|8
|
|move|p1a: Toxicroak|Swords Dance|p1a: Toxicroak
|-boost|p1a: Toxicroak|atk|2
|move|p2a: Forretress|Volt Switch|p1a: Toxicroak
|-damage|p1a: Toxicroak|175\/307
|
|switch|p2a: Aggron|Aggron, M|344\/344
|
|turn|9
|
|detailschange|p2a: Aggron|Aggron-Mega, M
|message|Aggron has Mega Evolved into Mega Aggron!
|move|p1a: Toxicroak|Drain Punch|p2a: Aggron
|-supereffective|p2a: Aggron
|-damage|p2a: Aggron|61\/344
|-heal|p1a: Toxicroak|307\/307|[from] drain|[of] p2a: Aggron
|move|p2a: Aggron|Earthquake|p1a: Toxicroak
|-supereffective|p1a: Toxicroak
|-damage|p1a: Toxicroak|139\/307
|
|turn|10
|
|move|p1a: Toxicroak|Drain Punch|p2a: Aggron
|-supereffective|p2a: Aggron
|-damage|p2a: Aggron|0 fnt
|-heal|p1a: Toxicroak|170\/307|[from] drain|[of] p2a: Aggron
|faint|p2a: Aggron
|
|c|âDrummerVim|gg .-.
|
|switch|p2a: Chandelure|Chandelure, M|261\/261
|turn|11
|
|move|p1a: Toxicroak|Sucker Punch|p2a: Chandelure
|-supereffective|p2a: Chandelure
|-damage|p2a: Chandelure|0 fnt
|faint|p2a: Chandelure
|
|
|switch|p2a: Mienshao|Mienshao, M|271\/271
|turn|12
|
|move|p1a: Toxicroak|Drain Punch|p2a: Mienshao
|-damage|p2a: Mienshao|0 fnt
|-heal|p1a: Toxicroak|306\/307|[from] drain|[of] p2a: Mienshao
|faint|p2a: Mienshao
|
|-message|DrummerVim forfeited.
|
|win|TN TAK
|raw|Ladder updating...
|leave|DrummerVim
|player|p2
|raw|TN TAK's rating: 1370 &rarr; <strong>1395<\/strong><br \/>(+25 for winning)
|raw|DrummerVim's rating: 1454 &rarr; <strong>1430<\/strong><br \/>(-24 for losing)
|leave|lyh031995