|join|Testamane
|join|DrummerVim
|player|p1|Testamane|165
|player|p2|DrummerVim|101
|gametype|singles
|gen|6
|tier|UU
|rated
|rule|Sleep Clause Mod: Limit one foe put to sleep
|rule|Species Clause: Limit one of each PokÃ©mon
|rule|OHKO Clause: OHKO moves are banned
|rule|Moody Clause: Moody is banned
|rule|Evasion Moves Clause: Evasion moves are banned
|rule|Endless Battle Clause: Forcing endless battles is banned
|rule|HP Percentage Mod: HP is shown in percentages
|clearpoke
|poke|p1|Celebi
|poke|p1|Toxicroak, M
|poke|p1|Flygon, M
|poke|p1|Empoleon, M
|poke|p1|Alakazam, M
|poke|p1|Lucario, F
|poke|p2|Krookodile, F
|poke|p2|Zygarde
|poke|p2|Shaymin
|poke|p2|Suicune
|poke|p2|Forretress, M
|poke|p2|Rotom-Heat
|rule|Swagger Clause: Swagger is banned
|rule|Baton Pass Clause: Limit one PokÃ©mon knowing Baton Pass
|teampreview
|
|start
|switch|p1a: Celebi|Celebi|403\/403
|switch|p2a: Krookodile|Krookodile, F|332\/332
|-ability|p2a: Krookodile|Intimidate|[of] p1a: Celebi
|-unboost|p1a: Celebi|atk|1
|turn|1
|
|switch|p1a: Flygon|Flygon, M|301\/301
|switch|p2a: Rotom-Heat|Rotom-Heat|304\/304
|
|turn|2
|
|move|p1a: Flygon|U-turn|p2a: Rotom-Heat
|-resisted|p2a: Rotom-Heat
|-damage|p2a: Rotom-Heat|271\/304
|
|switch|p1a: Empoleon|Empoleon, M|371\/371
|move|p2a: Rotom-Heat|Will-O-Wisp|p1a: Empoleon
|-status|p1a: Empoleon|brn
|
|-damage|p1a: Empoleon|325\/371 brn|[from] brn
|turn|3
|
|move|p2a: Rotom-Heat|Volt Switch|p1a: Empoleon
|-supereffective|p1a: Empoleon
|-damage|p1a: Empoleon|157\/371 brn
|
|switch|p2a: Suicune|Suicune|404\/404
|-ability|p2a: Suicune|Pressure
|move|p1a: Empoleon|Hydro Pump|p2a: Suicune
|-resisted|p2a: Suicune
|-damage|p2a: Suicune|278\/404
|
|-heal|p2a: Suicune|303\/404|[from] item: Leftovers
|-damage|p1a: Empoleon|111\/371 brn|[from] brn
|turn|4
|
|switch|p2a: Rotom-Heat|Rotom-Heat|271\/304
|switch|p1a: Celebi|Celebi|403\/403
|
|turn|5
|
|switch|p1a: Flygon|Flygon, M|301\/301
|move|p2a: Rotom-Heat|Volt Switch|p1a: Flygon
|-immune|p1a: Flygon|[msg]
|
|turn|6
|
|move|p1a: Flygon|Outrage|p2a: Rotom-Heat
|-damage|p2a: Rotom-Heat|94\/304
|move|p2a: Rotom-Heat|Will-O-Wisp|p1a: Flygon
|-status|p1a: Flygon|brn
|
|-damage|p1a: Flygon|264\/301 brn|[from] brn
|turn|7
|
|move|p1a: Flygon|Outrage|p2a: Rotom-Heat
|-damage|p2a: Rotom-Heat|13\/304
|move|p2a: Rotom-Heat|Rest|p2a: Rotom-Heat
|-status|p2a: Rotom-Heat|slp
|-heal|p2a: Rotom-Heat|304\/304 slp|[silent]
|-status|p2a: Rotom-Heat|slp|[from] move: Rest
|-enditem|p2a: Rotom-Heat|Chesto Berry|[eat]
|-curestatus|p2a: Rotom-Heat|slp
|
|-end|p1a: Flygon|rampage
|-start|p1a: Flygon|confusion
|-damage|p1a: Flygon|227\/301 brn|[from] brn
|turn|8
|
|switch|p1a: Alakazam|Alakazam, M|259\/259
|move|p2a: Rotom-Heat|Volt Switch|p1a: Alakazam
|-damage|p1a: Alakazam|165\/259
|
|switch|p2a: Forretress|Forretress, M|354\/354
|
|turn|9
|
|move|p1a: Alakazam|Substitute|p1a: Alakazam
|-start|p1a: Alakazam|Substitute
|-damage|p1a: Alakazam|101\/259
|move|p2a: Forretress|Volt Switch|p1a: Alakazam
|-activate|p1a: Alakazam|Substitute|[damage]
|
|switch|p2a: Rotom-Heat|Rotom-Heat|304\/304
|
|turn|10
|
|detailschange|p1a: Alakazam|Alakazam-Mega, M
|message|Alakazam has Mega Evolved into Mega Alakazam!
|-ability|p1a: Alakazam|Levitate|[from] ability: Trace|[of] p2a: Rotom-Heat
|move|p1a: Alakazam|Psychic|p2a: Rotom-Heat
|-damage|p2a: Rotom-Heat|144\/304
|-unboost|p2a: Rotom-Heat|spd|1
|move|p2a: Rotom-Heat|Volt Switch|p1a: Alakazam
|-end|p1a: Alakazam|Substitute
|
|switch|p2a: Suicune|Suicune|303\/404
|-ability|p2a: Suicune|Pressure
|
|-heal|p2a: Suicune|328\/404|[from] item: Leftovers
|turn|11
|
|move|p1a: Alakazam|Psychic|p2a: Suicune
|-damage|p2a: Suicune|145\/404
|move|p2a: Suicune|Scald|p1a: Alakazam
|-damage|p1a: Alakazam|11\/259
|-status|p1a: Alakazam|brn
|
|-heal|p2a: Suicune|170\/404|[from] item: Leftovers
|-damage|p1a: Alakazam|0 fnt|[from] brn
|faint|p1a: Alakazam
|
|switch|p1a: Celebi|Celebi|403\/403
|turn|12
|
|move|p1a: Celebi|Swords Dance|p1a: Celebi
|-boost|p1a: Celebi|atk|2
|move|p2a: Suicune|Calm Mind|p2a: Suicune
|-boost|p2a: Suicune|spa|1
|-boost|p2a: Suicune|spd|1
|
|-heal|p2a: Suicune|195\/404|[from] item: Leftovers
|turn|13
|
|move|p1a: Celebi|Swords Dance|p1a: Celebi
|-boost|p1a: Celebi|atk|2
|move|p2a: Suicune|Scald|p1a: Celebi
|-resisted|p1a: Celebi
|-damage|p1a: Celebi|337\/403
|
|-heal|p1a: Celebi|362\/403|[from] item: Leftovers
|-heal|p2a: Suicune|220\/404|[from] item: Leftovers
|turn|14
|
|move|p1a: Celebi|Seed Bomb|p2a: Suicune
|-supereffective|p2a: Suicune
|-damage|p2a: Suicune|0 fnt
|faint|p2a: Suicune
|
|-heal|p1a: Celebi|387\/403|[from] item: Leftovers
|
|switch|p2a: Rotom-Heat|Rotom-Heat|144\/304
|turn|15
|
|move|p1a: Celebi|Seed Bomb|p2a: Rotom-Heat
|-resisted|p2a: Rotom-Heat
|-damage|p2a: Rotom-Heat|33\/304
|move|p2a: Rotom-Heat|Overheat|p1a: Celebi
|-supereffective|p1a: Celebi
|-damage|p1a: Celebi|57\/403
|-unboost|p2a: Rotom-Heat|spa|2
|
|-heal|p1a: Celebi|82\/403|[from] item: Leftovers
|turn|16
|
|switch|p2a: Forretress|Forretress, M|354\/354
|move|p1a: Celebi|Recover|p1a: Celebi
|-heal|p1a: Celebi|284\/403
|
|-heal|p1a: Celebi|309\/403|[from] item: Leftovers
|turn|17
|
|move|p1a: Celebi|Seed Bomb|p2a: Forretress
|-resisted|p2a: Forretress
|-damage|p2a: Forretress|320\/354
|move|p2a: Forretress|Volt Switch|p1a: Celebi
|-resisted|p1a: Celebi
|-damage|p1a: Celebi|291\/403
|
|switch|p2a: Rotom-Heat|Rotom-Heat|33\/304
|
|-heal|p1a: Celebi|316\/403|[from] item: Leftovers
|turn|18
|
|move|p1a: Celebi|Seed Bomb|p2a: Rotom-Heat
|-resisted|p2a: Rotom-Heat
|-damage|p2a: Rotom-Heat|0 fnt
|faint|p2a: Rotom-Heat
|
|-heal|p1a: Celebi|341\/403|[from] item: Leftovers
|
|switch|p2a: Krookodile|Krookodile, F|332\/332
|-ability|p2a: Krookodile|Intimidate|[of] p1a: Celebi
|-unboost|p1a: Celebi|atk|1
|turn|19
|
|move|p1a: Celebi|Baton Pass|p1a: Celebi
|
|switch|p1a: Lucario|Lucario, F|281\/281
|move|p2a: Krookodile|Pursuit|p1a: Lucario
|-resisted|p1a: Lucario
|-damage|p1a: Lucario|216\/281
|-boost|p1a: Lucario|atk|1|[from] ability: Justified
|
|turn|20
|c|âDrummerVim|pursuit doesnt work on baton pass?
|c|âTestamane|nope
|c|âDrummerVim|well then i'm fucked :D
|c|âDrummerVim|gg
|
|move|p1a: Lucario|Extreme Speed|p2a: Krookodile
|-damage|p2a: Krookodile|0 fnt
|-damage|p1a: Lucario|188\/281|[from] item: Life Orb
|faint|p2a: Krookodile
|
|c|âTestamane|gg
|
|switch|p2a: Forretress|Forretress, M|320\/354
|turn|21
|
|move|p1a: Lucario|Earthquake|p2a: Forretress
|-damage|p2a: Forretress|106\/354
|-damage|p1a: Lucario|160\/281|[from] item: Life Orb
|move|p2a: Forretress|Volt Switch|p1a: Lucario
|-damage|p1a: Lucario|108\/281
|
|switch|p2a: Shaymin|Shaymin|341\/341
|
|turn|22
|
|move|p1a: Lucario|Extreme Speed|p2a: Shaymin
|-damage|p2a: Shaymin|13\/341
|-damage|p1a: Lucario|80\/281|[from] item: Life Orb
|move|p2a: Shaymin|Earth Power|p1a: Lucario
|-supereffective|p1a: Lucario
|-damage|p1a: Lucario|0 fnt
|-damage|p2a: Shaymin|0 fnt|[from] item: Life Orb
|faint|p1a: Lucario
|faint|p2a: Shaymin
|
|
|switch|p1a: Celebi|Celebi|341\/403
|switch|p2a: Forretress|Forretress, M|106\/354
|turn|23
|
|move|p1a: Celebi|Swords Dance|p1a: Celebi
|-boost|p1a: Celebi|atk|2
|move|p2a: Forretress|Volt Switch|p1a: Celebi
|-resisted|p1a: Celebi
|-damage|p1a: Celebi|322\/403
|
|switch|p2a: Zygarde|Zygarde|420\/420
|-ability|p2a: Zygarde|Aura Break
|
|-heal|p1a: Celebi|347\/403|[from] item: Leftovers
|turn|24
|
|move|p1a: Celebi|Seed Bomb|p2a: Zygarde
|-damage|p2a: Zygarde|284\/420
|move|p2a: Zygarde|Dragon Tail|p1a: Celebi
|-damage|p1a: Celebi|280\/403
|drag|p1a: Flygon|Flygon, M|227\/301 brn
|
|-heal|p2a: Zygarde|310\/420|[from] item: Leftovers
|-damage|p1a: Flygon|190\/301 brn|[from] brn
|turn|25
|
|move|p1a: Flygon|Outrage|p2a: Zygarde
|-supereffective|p2a: Zygarde
|-damage|p2a: Zygarde|152\/420
|move|p2a: Zygarde|Substitute|p2a: Zygarde
|-start|p2a: Zygarde|Substitute
|-damage|p2a: Zygarde|47\/420
|
|-heal|p2a: Zygarde|73\/420|[from] item: Leftovers
|-damage|p1a: Flygon|153\/301 brn|[from] brn
|turn|26
|
|move|p1a: Flygon|Outrage|p2a: Zygarde
|-supereffective|p2a: Zygarde
|-end|p2a: Zygarde|Substitute
|move|p2a: Zygarde|Coil|p2a: Zygarde
|-boost|p2a: Zygarde|atk|1
|-boost|p2a: Zygarde|def|1
|-boost|p2a: Zygarde|accuracy|1
|
|-end|p1a: Flygon|rampage
|-start|p1a: Flygon|confusion
|-heal|p2a: Zygarde|99\/420|[from] item: Leftovers
|-damage|p1a: Flygon|116\/301 brn|[from] brn
|turn|27
|
|-activate|p1a: Flygon|confusion
|-damage|p1a: Flygon|91\/301 brn|[from] confusion
|move|p2a: Zygarde|Coil|p2a: Zygarde
|-boost|p2a: Zygarde|atk|1
|-boost|p2a: Zygarde|def|1
|-boost|p2a: Zygarde|accuracy|1
|
|-heal|p2a: Zygarde|125\/420|[from] item: Leftovers
|-damage|p1a: Flygon|54\/301 brn|[from] brn
|turn|28
|
|-activate|p1a: Flygon|confusion
|move|p1a: Flygon|Outrage|p2a: Zygarde
|-supereffective|p2a: Zygarde
|-damage|p2a: Zygarde|53\/420
|move|p2a: Zygarde|Substitute|p2a: Zygarde
|-fail|p2a: Zygarde|move: Substitute|[weak]
|
|-heal|p2a: Zygarde|79\/420|[from] item: Leftovers
|-damage|p1a: Flygon|17\/301 brn|[from] brn
|turn|29
|
|-end|p1a: Flygon|confusion
|move|p1a: Flygon|Outrage|p2a: Zygarde
|-supereffective|p2a: Zygarde
|-damage|p2a: Zygarde|5\/420
|move|p2a: Zygarde|Coil|p2a: Zygarde
|-boost|p2a: Zygarde|atk|1
|-boost|p2a: Zygarde|def|1
|-boost|p2a: Zygarde|accuracy|1
|
|-heal|p2a: Zygarde|31\/420|[from] item: Leftovers
|-damage|p1a: Flygon|0 fnt|[from] brn
|faint|p1a: Flygon
|
|switch|p1a: Empoleon|Empoleon, M|111\/371 brn
|turn|30
|
|move|p2a: Zygarde|Earthquake|p1a: Empoleon
|-supereffective|p1a: Empoleon
|-damage|p1a: Empoleon|0 fnt
|faint|p1a: Empoleon
|
|-heal|p2a: Zygarde|57\/420|[from] item: Leftovers
|
|switch|p1a: Celebi|Celebi|280\/403
|turn|31
|
|move|p1a: Celebi|Seed Bomb|p2a: Zygarde
|-damage|p2a: Zygarde|29\/420
|move|p2a: Zygarde|Dragon Tail|p1a: Celebi
|-damage|p1a: Celebi|106\/403
|drag|p1a: Toxicroak|Toxicroak, M|307\/307
|
|-heal|p2a: Zygarde|55\/420|[from] item: Leftovers
|turn|32
|
|move|p1a: Toxicroak|Gunk Shot|p2a: Zygarde
|-resisted|p2a: Zygarde
|-damage|p2a: Zygarde|25\/420
|move|p2a: Zygarde|Earthquake|p1a: Toxicroak
|-supereffective|p1a: Toxicroak
|-damage|p1a: Toxicroak|0 fnt
|faint|p1a: Toxicroak
|
|-heal|p2a: Zygarde|51\/420|[from] item: Leftovers
|
|switch|p1a: Celebi|Celebi|106\/403
|turn|33
|
|move|p1a: Celebi|Recover|p1a: Celebi
|-heal|p1a: Celebi|308\/403
|move|p2a: Zygarde|Dragon Tail|p1a: Celebi
|-damage|p1a: Celebi|130\/403
|
|-heal|p1a: Celebi|155\/403|[from] item: Leftovers
|-heal|p2a: Zygarde|77\/420|[from] item: Leftovers
|turn|34
|
|move|p1a: Celebi|Seed Bomb|p2a: Zygarde
|-damage|p2a: Zygarde|46\/420
|move|p2a: Zygarde|Coil|p2a: Zygarde
|-boost|p2a: Zygarde|atk|1
|-boost|p2a: Zygarde|def|1
|-boost|p2a: Zygarde|accuracy|1
|
|-heal|p1a: Celebi|180\/403|[from] item: Leftovers
|-heal|p2a: Zygarde|72\/420|[from] item: Leftovers
|turn|35
|c|âTestamane|yolo 6.25%
|
|move|p1a: Celebi|Seed Bomb|p2a: Zygarde
|-damage|p2a: Zygarde|45\/420
|move|p2a: Zygarde|Dragon Tail|p1a: Celebi
|-damage|p1a: Celebi|0 fnt
|faint|p1a: Celebi
|
|win|DrummerVim
|raw|Ladder updating...
|c|âDrummerVim|wow
|raw|Testamane's rating: 1147 &rarr; <strong>1129<\/strong><br \/>(-18 for losing)
|raw|DrummerVim's rating: 1261 &rarr; <strong>1278<\/strong><br \/>(+17 for winning)
|c|âDrummerVim|crazy zygarde
|c|âTestamane|:(
|c|âTestamane|gg
|leave|Testamane
|player|p1