|join|DrummerVim
|join|Ghrian
|player|p1|DrummerVim|87
|player|p2|Ghrian|289
|gametype|singles
|gen|6
|tier|UU
|rule|Sleep Clause Mod: Limit one foe put to sleep
|rule|Species Clause: Limit one of each PokÃ©mon
|rule|OHKO Clause: OHKO moves are banned
|rule|Moody Clause: Moody is banned
|rule|Evasion Moves Clause: Evasion moves are banned
|rule|Endless Battle Clause: Forcing endless battles is banned
|rule|HP Percentage Mod: HP is shown in percentages
|clearpoke
|poke|p1|Suicune
|poke|p1|Goodra, F
|poke|p1|Metagross
|poke|p1|Shaymin
|poke|p1|Darmanitan, M
|poke|p1|Forretress, M
|poke|p2|Absol, M
|poke|p2|Florges, F
|poke|p2|Crobat, F
|poke|p2|Swampert, F
|poke|p2|Chandelure, F
|poke|p2|Empoleon, F
|rule|Swagger Clause: Swagger is banned
|rule|Baton Pass Clause: Limit one PokÃ©mon knowing Baton Pass
|teampreview
|join|Dudeman130498
|join|LaxJ
|c|âDrummerVim|gl hf
|join|So Dynamic
|join|CoolStoryBrobat
|c| LaxJ|gl
|join|Pinkin Lark
|c|âGhrian|You actually waited for me? That's really cool :) !
|c| Pinkin Lark|semis just ended :P
|c|âDrummerVim|it was a long 30 seconds
|join|Frickett
|c|âGhrian|Have fun ;) !
|
|start
|switch|p1a: Darmanitan|Darmanitan, M|351\/351
|switch|p2a: Crobat|Crobat, F|374\/374
|turn|1
|c|âDrummerVim|you too sir
|c| LaxJ|why does crobat look so sad all the time
|c|âDrummerVim|it looks mad all the time
|
|switch|p2a: Swampert|Swampert, F|404\/404
|move|p1a: Darmanitan|U-turn|p2a: Swampert
|-damage|p2a: Swampert|314\/404
|c| LaxJ|probably goes through a lot of shit
|c| LaxJ|probably is on welfare
|
|switch|p1a: Shaymin|Shaymin|342\/342
|
|turn|2
|c| LaxJ|probably votes for obama
|
|switch|p1a: Metagross|Metagross|364\/364
|switch|p2a: Crobat|Crobat, F|374\/374
|
|turn|3
|join|Standard.Game
|join|Dad's Dad
|
|move|p2a: Crobat|U-turn|p1a: Metagross
|-damage|p1a: Metagross|324\/364
|c| Standard.Game|you know, Crobat does look pretty upset
|
|switch|p2a: Empoleon|Empoleon, F|372\/372
|move|p1a: Metagross|Meteor Mash|p2a: Empoleon|[miss]
|-miss|p1a: Metagross|p2a: Empoleon
|
|turn|4
|c| Standard.Game|and doesn't it have to evolve with max happiness or something?
|c|@CoolStoryBrobat|Yeah
|c| LaxJ|it does
|c| LaxJ|wow
|c|@CoolStoryBrobat|I think the reason it's always frowning is the way its fangs are
|c| LaxJ|that blew my mind
|
|switch|p1a: Forretress|Forretress, M|354\/354
|move|p2a: Empoleon|Stealth Rock|p1a: Forretress
|-sidestart|p1: DrummerVim|move: Stealth Rock
|
|turn|5
|
|switch|p2a: Crobat|Crobat, F|374\/374
|move|p1a: Forretress|Volt Switch|p2a: Crobat
|-supereffective|p2a: Crobat
|-damage|p2a: Crobat|282\/374
|
|switch|p1a: Metagross|Metagross|324\/364
|-damage|p1a: Metagross|302\/364|[from] Stealth Rock
|
|-heal|p2a: Crobat|305\/374|[from] item: Black Sludge
|turn|6
|c| Standard.Game|it can't be upset if it evolved with max happiness
|c| Pinkin Lark|well look at golbats face, doubt anyone who dealt with that for a good portion of its life is ever truly happy
|c| Standard.Game|Crobat has to be one of the most happy species of pokemon in existence because of that
|
|move|p2a: Crobat|Super Fang|p1a: Metagross
|-damage|p1a: Metagross|151\/364
|move|p1a: Metagross|Earthquake|p2a: Crobat
|-immune|p2a: Crobat|[msg]
|
|-heal|p2a: Crobat|328\/374|[from] item: Black Sludge
|turn|7
|c|@CoolStoryBrobat|I mean maybe he is really happy but the way his jaw alignment is set up he just can't show it
|c|âDrummerVim|oh boy
|c|@CoolStoryBrobat|If you ever played Pokemon XY and did the Pokemon-Amie thing
|
|move|p2a: Crobat|U-turn|p1a: Metagross
|-damage|p1a: Metagross|112\/364
|
|switch|p2a: Empoleon|Empoleon, F|372\/372
|move|p1a: Metagross|Earthquake|p2a: Empoleon
|-supereffective|p2a: Empoleon
|-damage|p2a: Empoleon|74\/372
|
|turn|8
|c|@CoolStoryBrobat|Even when you pet it and he showed he was elated, his mouth never changed
|join|Saganabyss
|
|move|p1a: Metagross|Earthquake|p2a: Empoleon
|-supereffective|p2a: Empoleon
|-damage|p2a: Empoleon|0 fnt
|faint|p2a: Empoleon
|
|c| LaxJ|lucario evolves with max happines, also looks pretty fucking mad
|c|@CoolStoryBrobat|Lucario just looks determined
|c| Pinkin Lark|lucario just looks serious to me
|
|switch|p2a: Absol|Absol, M|272\/272
|turn|9
|c| LaxJ|hm
|c|âDrummerVim|lucario just looks badass
|c| So Dynamic|ye luke just looks focused
|
|detailschange|p2a: Absol|Absol-Mega, M
|message|Absol has Mega Evolved into Mega Absol!
|move|p2a: Absol|Knock Off|p1a: Metagross
|-supereffective|p1a: Metagross
|-damage|p1a: Metagross|0 fnt
|-enditem|p1a: Metagross|Choice Band|[from] move: Knock Off|[of] p2a: Absol
|faint|p1a: Metagross
|
|c| LaxJ|inner focus
|c| Pinkin Lark|hes about to rip some guy a new one and he knows it
|c| Standard.Game|I'm looking at all the other pokemon who evolve with happiness
|c| Standard.Game|and they all look really damn happy
|c| LaxJ|name some
|
|switch|p1a: Forretress|Forretress, M|354\/354
|-damage|p1a: Forretress|310\/354|[from] Stealth Rock
|turn|10
|c| Pinkin Lark|blissey
|c| Pinkin Lark|i just eternally high on meds
|
|switch|p2a: Chandelure|Chandelure, F|262\/262
|move|p1a: Forretress|Rapid Spin|p2a: Chandelure
|-immune|p2a: Chandelure|[msg]
|
|-heal|p1a: Forretress|332\/354|[from] item: Leftovers
|turn|11
|c| LaxJ|blissey is high on life
|c| LaxJ|dont do drugs
|
|switch|p1a: Goodra|Goodra, F|384\/384
|-damage|p1a: Goodra|336\/384|[from] Stealth Rock
|move|p2a: Chandelure|Trick|p1a: Goodra
|-activate|p2a: Chandelure|move: Trick|[of] p1a: Goodra
|-item|p1a: Goodra|Choice Specs|[from] move: Trick
|-item|p2a: Chandelure|Assault Vest|[from] move: Trick
|
|turn|12
|c| Standard.Game|Blissey, Pikachu, Togetic, Chimecho, Marill, Jigglypuff, Clefairy, Espeon, Umbreon
|c| Dudeman130498|why would you trick away your specs o.o
|
|switch|p2a: Florges|Florges, F|353\/353
|move|p1a: Goodra|Sludge Wave|p2a: Florges
|-supereffective|p2a: Florges
|-damage|p2a: Florges|175\/353
|
|-heal|p2a: Florges|197\/353|[from] item: Leftovers
|turn|13
|c| Standard.Game|also, funny thing about that
|c| Standard.Game|is the Chandy can't trick anymore xD
|c|âDrummerVim|damn that dont do shit
|c| Pinkin Lark|but now its a bulky chandy
|c|âDrummerVim|not feeling great about this game tbh
|c|@CoolStoryBrobat|You need the Iron Tail
|
|switch|p1a: Forretress|Forretress, M|332\/354
|-damage|p1a: Forretress|288\/354|[from] Stealth Rock
|move|p2a: Florges|Moonblast|p1a: Forretress
|-resisted|p1a: Forretress
|-damage|p1a: Forretress|197\/354
|
|-heal|p2a: Florges|219\/353|[from] item: Leftovers
|-heal|p1a: Forretress|219\/354|[from] item: Leftovers
|turn|14
|c|âGhrian|I have a bigger problem :\/
|
|move|p2a: Florges|Wish|p2a: Florges
|move|p1a: Forretress|Rapid Spin|p2a: Florges
|-damage|p2a: Florges|197\/353
|-sideend|p1: DrummerVim|Stealth Rock|[from] move: Rapid Spin|[of] p1a: Forretress
|
|-heal|p2a: Florges|219\/353|[from] item: Leftovers
|-heal|p1a: Forretress|241\/354|[from] item: Leftovers
|turn|15
|join|shakespearow
|
|switch|p2a: Crobat|Crobat, F|328\/374
|move|p1a: Forretress|Stealth Rock|p2a: Crobat
|-sidestart|p2: Ghrian|move: Stealth Rock
|
|-heal|p2a: Crobat|374\/374|[from] move: Wish|[wisher] Florges
|-heal|p1a: Forretress|263\/354|[from] item: Leftovers
|turn|16
|leave|shakespearow
|
|move|p2a: Crobat|Defog|p1a: Forretress
|-unboost|p1a: Forretress|evasion|1
|-sideend|p2: Ghrian|Stealth Rock|[from] move: Defog|[of] p2a: Crobat
|move|p1a: Forretress|Spikes|p2a: Crobat
|-sidestart|p2: Ghrian|Spikes
|
|-heal|p1a: Forretress|285\/354|[from] item: Leftovers
|turn|17
|c|âDrummerVim|awww
|
|move|p2a: Crobat|Super Fang|p1a: Forretress
|-damage|p1a: Forretress|143\/354
|move|p1a: Forretress|Volt Switch|p2a: Crobat
|-supereffective|p2a: Crobat
|-damage|p2a: Crobat|278\/374
|c| Standard.Game|mega absol would have been pretty bold right then
|
|switch|p1a: Goodra|Goodra, F|336\/384
|
|-heal|p2a: Crobat|301\/374|[from] item: Black Sludge
|turn|18
|
|switch|p1a: Shaymin|Shaymin|342\/342
|move|p2a: Crobat|Defog|p1a: Shaymin
|-unboost|p1a: Shaymin|evasion|1
|-sideend|p2: Ghrian|Spikes|[from] move: Defog|[of] p2a: Crobat
|
|-heal|p2a: Crobat|324\/374|[from] item: Black Sludge
|turn|19
|leave|Frickett
|
|switch|p1a: Suicune|Suicune|404\/404
|-ability|p1a: Suicune|Pressure
|move|p2a: Crobat|U-turn|p1a: Suicune
|-crit|p1a: Suicune
|-damage|p1a: Suicune|352\/404
|
|switch|p2a: Absol|Absol-Mega, M|272\/272
|
|-heal|p1a: Suicune|377\/404|[from] item: Leftovers
|turn|20
|c|âDrummerVim|suicune cant set up until Swampert's out hmmm
|
|switch|p1a: Forretress|Forretress, M|143\/354
|move|p2a: Absol|Knock Off|p1a: Forretress
|-damage|p1a: Forretress|5\/354
|-enditem|p1a: Forretress|Leftovers|[from] move: Knock Off|[of] p2a: Absol
|
|turn|21
|
|move|p2a: Absol|Knock Off|p1a: Forretress
|-damage|p1a: Forretress|0 fnt
|faint|p1a: Forretress
|
|
|switch|p1a: Darmanitan|Darmanitan, M|351\/351
|turn|22
|
|move|p1a: Darmanitan|U-turn|p2a: Absol
|-supereffective|p2a: Absol
|-damage|p2a: Absol|0 fnt
|faint|p2a: Absol
|
|switch|p1a: Goodra|Goodra, F|336\/384
|
|c|âGhrian|I facepalmed pretty hard
|
|switch|p2a: Florges|Florges, F|219\/353
|turn|23
|
|move|p1a: Goodra|Sludge Wave|p2a: Florges
|-supereffective|p2a: Florges
|-damage|p2a: Florges|35\/353
|move|p2a: Florges|Moonblast|p1a: Goodra
|-supereffective|p1a: Goodra
|-damage|p1a: Goodra|160\/384
|
|-heal|p2a: Florges|57\/353|[from] item: Leftovers
|turn|24
|
|switch|p2a: Crobat|Crobat, F|324\/374
|move|p1a: Goodra|Sludge Wave|p2a: Crobat
|-resisted|p2a: Crobat
|-damage|p2a: Crobat|231\/374
|
|-heal|p2a: Crobat|254\/374|[from] item: Black Sludge
|turn|25
|join|Liliep
|
|switch|p1a: Suicune|Suicune|377\/404
|-ability|p1a: Suicune|Pressure
|move|p2a: Crobat|U-turn|p1a: Suicune
|-damage|p1a: Suicune|340\/404
|c| So Dynamic|goodra is so powerful
|leave|Pinkin Lark
|
|switch|p2a: Swampert|Swampert, F|314\/404
|
|-heal|p1a: Suicune|365\/404|[from] item: Leftovers
|turn|26
|c|âDrummerVim|but not being able to switch moves is annoying
|join|SoulSabers
|c| So Dynamic|i was being
|c| SoulSabers|GG
|c| LaxJ|damn this game boring
|c| So Dynamic|sarcastic
|
|move|p1a: Suicune|Scald|p2a: Swampert
|-damage|p2a: Swampert|251\/404
|move|p2a: Swampert|Avalanche|p1a: Suicune
|-resisted|p1a: Suicune
|-damage|p1a: Suicune|320\/404
|
|-heal|p1a: Suicune|345\/404|[from] item: Leftovers
|turn|27
|c| SoulSabers|Ghiran 
|c| LaxJ|gonna watch some spongebob
|c|âDrummerVim|ah
|c| SoulSabers|feel bad fo chu
|c| Dad's Dad|SP.DEF SWAMPERT
|c| LaxJ|ciao
|c|âDrummerVim|burn 
|leave|LaxJ
|c| Dad's Dad|YAAAAAAAAS
|c| So Dynamic|interesting play
|c|@CoolStoryBrobat|Avalanche...
|c| So Dynamic|going for avalanche
|c|âGhrian|I expected the shaymin 
|
|move|p1a: Suicune|Scald|p2a: Swampert
|-damage|p2a: Swampert|184\/404
|move|p2a: Swampert|Earthquake|p1a: Suicune
|-damage|p1a: Suicune|228\/404
|
|-heal|p1a: Suicune|253\/404|[from] item: Leftovers
|turn|28
|c|@CoolStoryBrobat|Somewhere a bowl of Wheaties just got spilled on the floor
|c| SoulSabers|my team bodies fortress
|c|@CoolStoryBrobat|Avalanche is inferior to Ice Punch
|c|âDrummerVim|that does quite a bit
|c|@CoolStoryBrobat|Because Avalanche isn't boosted if you don't get hit
|
|move|p1a: Suicune|Scald|p2a: Swampert
|-damage|p2a: Swampert|124\/404
|move|p2a: Swampert|Earthquake|p1a: Suicune
|-damage|p1a: Suicune|147\/404
|
|-heal|p1a: Suicune|172\/404|[from] item: Leftovers
|turn|29
|c| SoulSabers|you knoe though you should watch this video http:\/\/replay.pokemonshowdown.com\/uu-172878000
|c|@CoolStoryBrobat|Meaning if they switch out you used a 50 BP non-STAB Ice move
|c|âDrummerVim|60 BP
|
|move|p1a: Suicune|Scald|p2a: Swampert
|-damage|p2a: Swampert|57\/404
|move|p2a: Swampert|Earthquake|p1a: Suicune
|-damage|p1a: Suicune|63\/404
|
|-heal|p1a: Suicune|88\/404|[from] item: Leftovers
|turn|30
|c|âDrummerVim|are you serious
|c|@CoolStoryBrobat|Same difference, it's weak as poop
|c| SoulSabers|whats bp
|c|@CoolStoryBrobat|Base Power
|c| SoulSabers|ty
|
|move|p1a: Suicune|Rest|p1a: Suicune
|-status|p1a: Suicune|slp
|-heal|p1a: Suicune|404\/404 slp|[silent]
|-status|p1a: Suicune|slp|[from] move: Rest
|move|p2a: Swampert|Earthquake|p1a: Suicune
|-crit|p1a: Suicune
|-damage|p1a: Suicune|218\/404 slp
|
|-heal|p1a: Suicune|243\/404 slp|[from] item: Leftovers
|turn|31
|c|âDrummerVim|need el burno
|c| So Dynamic|crit again
|
|switch|p2a: Crobat|Crobat, F|254\/374
|cant|p1a: Suicune|slp
|move|p1a: Suicune|Sleep Talk|p1a: Suicune
|move|p1a: Suicune|Scald|p2a: Crobat|[from]Sleep Talk
|-damage|p2a: Crobat|152\/374
|
|-heal|p2a: Crobat|175\/374|[from] item: Black Sludge
|-heal|p1a: Suicune|268\/404 slp|[from] item: Leftovers
|turn|32
|
|move|p2a: Crobat|Taunt|p1a: Suicune
|-start|p1a: Suicune|move: Taunt
|cant|p1a: Suicune|slp
|cant|p1a: Suicune|move: Taunt|Sleep Talk
|
|-heal|p2a: Crobat|198\/374|[from] item: Black Sludge
|-heal|p1a: Suicune|293\/404 slp|[from] item: Leftovers
|turn|33
|join|UniterFlash
|
|switch|p2a: Chandelure|Chandelure, F|262\/262
|-curestatus|p1a: Suicune|slp
|move|p1a: Suicune|Scald|p2a: Chandelure
|-supereffective|p2a: Chandelure
|-damage|p2a: Chandelure|134\/262
|
|-heal|p1a: Suicune|318\/404|[from] item: Leftovers
|turn|34
|c| SoulSabers|oooo
|c| SoulSabers|gppd play
|c|âDrummerVim|the assault vest be mad
|leave|Dudeman130498
|c| So Dynamic|counters
|c| So Dynamic|av chand
|leave|UniterFlash
|c|âGhrian|ikr this is the weirdest battle I've ever played x)
|c| SoulSabers|why put in chand
|c| SoulSabers|on water type
|
|switch|p1a: Goodra|Goodra, F|160\/384
|move|p2a: Chandelure|Energy Ball|p1a: Goodra
|-resisted|p1a: Goodra
|-damage|p1a: Goodra|119\/384
|
|turn|35
|c| SoulSabers|wait lemme rephrase that
|c|@CoolStoryBrobat|No Sap Sipper
|c| SoulSabers|nvm
|c|@CoolStoryBrobat|smh
|c| SoulSabers|i run sap sipper
|c| SoulSabers|o
|c|@CoolStoryBrobat|Gooey would be a cool ability if Goodra had base 100 Speed
|c| SoulSabers|Actually
|c| SoulSabers|They both good
|c|âDrummerVim|but since i dont run physical moves, i find sipper kind of pointless
|c| SoulSabers|i mean Gooey helps against physical attacker
|c|@CoolStoryBrobat|Well the immunity is always helpful
|
|switch|p1a: Suicune|Suicune|318\/404
|-ability|p1a: Suicune|Pressure
|move|p2a: Chandelure|Shadow Ball|p1a: Suicune
|-crit|p1a: Suicune
|-damage|p1a: Suicune|93\/404
|
|-heal|p1a: Suicune|118\/404|[from] item: Leftovers
|turn|36
|c| SoulSabers|true
|c| SoulSabers|O
|c|âDrummerVim|nooo
|c|@CoolStoryBrobat|And most physical attackers either do a huge amount to Goodra or still outspeed it since it doesn't invest any Speed
|c| SoulSabers|crit doe
|c|@CoolStoryBrobat|Half the time it's both
|c|@CoolStoryBrobat|Like Scarf Darm's Flare Blitz can 2HKO Goodra, literally
|
|switch|p1a: Goodra|Goodra, F|119\/384
|move|p2a: Chandelure|Energy Ball|p1a: Goodra
|-resisted|p1a: Goodra
|-damage|p1a: Goodra|78\/384
|
|turn|37
|c| SoulSabers|my mega absol is quite odd
|c|@CoolStoryBrobat|Also why you no Shadow Ball
|
|move|p2a: Chandelure|Shadow Ball|p1a: Goodra
|-damage|p1a: Goodra|0 fnt
|faint|p1a: Goodra
|
|c|@CoolStoryBrobat|Thank you
|c| SoulSabers|its moveset is 
|
|switch|p1a: Shaymin|Shaymin|342\/342
|turn|38
|
|move|p1a: Shaymin|Earth Power|p2a: Chandelure
|-crit|p2a: Chandelure
|-supereffective|p2a: Chandelure
|-damage|p2a: Chandelure|0 fnt
|-damage|p1a: Shaymin|308\/342|[from] item: Life Orb
|faint|p2a: Chandelure
|
|c| SoulSabers|Thunder Wave Will o wisp Swords dance and playround
|
|switch|p2a: Crobat|Crobat, F|198\/374
|turn|39
|c|âGhrian|crap that's gg
|c|âDrummerVim|is it?
|c|âGhrian|I think so
|join|Dez Benjamin 1388
|c|âDrummerVim|cant do anything to crobat
|
|switch|p1a: Suicune|Suicune|118\/404
|-ability|p1a: Suicune|Pressure
|move|p2a: Crobat|U-turn|p1a: Suicune
|-damage|p1a: Suicune|81\/404
|
|switch|p2a: Swampert|Swampert, F|57\/404
|
|-heal|p1a: Suicune|106\/404|[from] item: Leftovers
|turn|40
|leave|CoolStoryBrobat
|
|move|p1a: Suicune|Scald|p2a: Swampert
|-damage|p2a: Swampert|0 fnt
|faint|p2a: Swampert
|
|-heal|p1a: Suicune|131\/404|[from] item: Leftovers
|c| SoulSabers|hm
|
|switch|p2a: Crobat|Crobat, F|198\/374
|turn|41
|c| SoulSabers|Ghiran put Celebi or Victini on your team
|
|move|p2a: Crobat|Taunt|p1a: Suicune
|-start|p1a: Suicune|move: Taunt
|cant|p1a: Suicune|move: Taunt|Rest
|
|-heal|p2a: Crobat|221\/374|[from] item: Black Sludge
|-heal|p1a: Suicune|156\/404|[from] item: Leftovers
|turn|42
|c| SoulSabers|u will body suicune
|c|âDrummerVim|victini's banned
|
|move|p2a: Crobat|Super Fang|p1a: Suicune
|-damage|p1a: Suicune|78\/404
|move|p1a: Suicune|Scald|p2a: Crobat
|-damage|p2a: Crobat|109\/374
|
|-heal|p2a: Crobat|132\/374|[from] item: Black Sludge
|-heal|p1a: Suicune|103\/404|[from] item: Leftovers
|turn|43
|c| SoulSabers|ok
|c| SoulSabers|celebi then
|c| SoulSabers|NP DRAIN celebi
|c| SoulSabers|does work on suicune
|
|move|p2a: Crobat|U-turn|p1a: Suicune
|-damage|p1a: Suicune|69\/404
|c| Standard.Game|NastyPass even better
|
|switch|p2a: Florges|Florges, F|57\/353
|move|p1a: Suicune|Scald|p2a: Florges
|-crit|p2a: Florges
|-damage|p2a: Florges|0 fnt
|faint|p2a: Florges
|
|-heal|p1a: Suicune|94\/404|[from] item: Leftovers
|-end|p1a: Suicune|move: Taunt
|c| Standard.Game|though the team doesn't really have any good NP recipients
|c|âDrummerVim|there's my crit 
|c|âGhrian|I got another team that's better against suicune
|c| SoulSabers|o
|
|switch|p2a: Crobat|Crobat, F|132\/374
|turn|44
|
|move|p2a: Crobat|Taunt|p1a: Suicune
|-start|p1a: Suicune|move: Taunt
|move|p1a: Suicune|Scald|p2a: Crobat
|-damage|p2a: Crobat|29\/374
|-status|p2a: Crobat|brn
|
|-heal|p2a: Crobat|52\/374 brn|[from] item: Black Sludge
|-heal|p1a: Suicune|119\/404|[from] item: Leftovers
|-damage|p2a: Crobat|6\/374 brn|[from] brn
|turn|45
|c| SoulSabers|Ghrian vs me aafter this?
|c|âDrummerVim|gg
|c| SoulSabers|burn doe
|c|âDrummerVim|woo
|c| Dez Benjamin 1388|wow
|c|âGhrian|I would but i don't have much time
|c| SoulSabers|mk
|c|âGhrian|GG anyway
|
|move|p2a: Crobat|U-turn|p1a: Suicune
|-damage|p1a: Suicune|102\/404
|move|p1a: Suicune|Scald|p2a: Crobat
|-damage|p2a: Crobat|0 fnt
|faint|p2a: Crobat
|
|win|DrummerVim
|c|âGhrian|Great game
|c|âDrummerVim|good game man
|leave|Dad's Dad
|c|âGhrian|Glad I got to the finals :)
|c|âDrummerVim|:)
|leave|Dez Benjamin 1388
|leave|DrummerVim
|player|p1
|leave|So Dynamic
|leave|Ghrian
|player|p2
|leave|SoulSabers
|leave|Standard.Game
|join|wi0b23h
|leave|wi0b23h
|join|DrummerVim