|join|DrummerVim
|join|Marshall Twist
|player|p1|DrummerVim|235
|player|p2|Marshall Twist|99
|gametype|singles
|gen|6
|tier|UU
|rated
|rule|Sleep Clause Mod: Limit one foe put to sleep
|rule|Species Clause: Limit one of each Pokemon
|rule|OHKO Clause: OHKO moves are banned
|rule|Moody Clause: Moody is banned
|rule|Evasion Moves Clause: Evasion moves are banned
|rule|Endless Battle Clause: Forcing endless battles is banned.
|rule|HP Percentage Mod: HP is reported as percentages
|clearpoke
|poke|p1|Chesnaught, M
|poke|p1|Aggron, M
|poke|p1|Hydreigon, M
|poke|p1|Florges, F
|poke|p1|Swampert, M
|poke|p1|Honchkrow, M
|poke|p2|Arcanine, M
|poke|p2|Milotic, F
|poke|p2|Absol, F
|poke|p2|Toxicroak, F
|poke|p2|Nidoking, M
|poke|p2|Sceptile, M
|teampreview
|
|start
|switch|p1a: Hydreigon|Hydreigon, M|326\/326
|switch|p2a: Absol|Absol, F|271\/271
|turn|1
|
|switch|p2a: Arcanine|Arcanine, M|384\/384
|-ability|p2a: Arcanine|Intimidate|[of] p1a: Hydreigon
|-unboost|p1a: Hydreigon|atk|1
|move|p1a: Hydreigon|U-turn|p2a: Arcanine
|-resisted|p2a: Arcanine
|-damage|p2a: Arcanine|360\/384
|
|switch|p1a: Swampert|Swampert, M|404\/404
|
|-heal|p2a: Arcanine|384\/384|[from] item: Leftovers
|turn|2
|
|switch|p2a: Sceptile|Sceptile, M|282\/282
|move|p1a: Swampert|Earthquake|p2a: Sceptile
|-resisted|p2a: Sceptile
|-damage|p2a: Sceptile|191\/282
|
|turn|3
|
|switch|p1a: Florges|Florges, F|360\/360
|move|p2a: Sceptile|Energy Ball|p1a: Florges
|-damage|p1a: Florges|263\/360
|
|-heal|p1a: Florges|285\/360|[from] item: Leftovers
|turn|4
|
|switch|p2a: Toxicroak|Toxicroak, F|370\/370
|switch|p1a: Swampert|Swampert, M|404\/404
|
|turn|5
|
|switch|p2a: Sceptile|Sceptile, M|191\/282
|move|p1a: Swampert|Earthquake|p2a: Sceptile
|-resisted|p2a: Sceptile
|-damage|p2a: Sceptile|103\/282
|
|turn|6
|
|switch|p2a: Toxicroak|Toxicroak, F|370\/370
|move|p1a: Swampert|Earthquake|p2a: Toxicroak
|-supereffective|p2a: Toxicroak
|-damage|p2a: Toxicroak|0 fnt
|faint|p2a: Toxicroak
|
|
|switch|p2a: Sceptile|Sceptile, M|103\/282
|turn|7
|
|switch|p1a: Florges|Florges, F|285\/360
|move|p2a: Sceptile|Energy Ball|p1a: Florges
|-damage|p1a: Florges|194\/360
|-unboost|p1a: Florges|spd|1
|
|-heal|p1a: Florges|216\/360|[from] item: Leftovers
|turn|8
|
|move|p2a: Sceptile|Energy Ball|p1a: Florges
|-damage|p1a: Florges|80\/360
|move|p1a: Florges|Wish|p1a: Florges
|
|-heal|p1a: Florges|102\/360|[from] item: Leftovers
|turn|9
|
|switch|p1a: Chesnaught|Chesnaught, M|380\/380
|move|p2a: Sceptile|Energy Ball|p1a: Chesnaught
|-immune|p1a: Chesnaught|[msg]|[from] Bulletproof
|
|turn|10
|
|switch|p2a: Nidoking|Nidoking, M|304\/304
|move|p1a: Chesnaught|Earthquake|p2a: Nidoking
|-supereffective|p2a: Nidoking
|-damage|p2a: Nidoking|12\/304
|
|turn|11
|
|switch|p1a: Aggron|Aggron, M|344\/344
|move|p2a: Nidoking|Sludge Wave|p1a: Aggron
|-immune|p1a: Aggron|[msg]
|
|turn|12
|
|switch|p2a: Arcanine|Arcanine, M|384\/384
|-ability|p2a: Arcanine|Intimidate|[of] p1a: Aggron
|-unboost|p1a: Aggron|atk|1
|switch|p1a: Hydreigon|Hydreigon, M|326\/326
|
|turn|13
|
|move|p1a: Hydreigon|Earth Power|p2a: Arcanine
|-supereffective|p2a: Arcanine
|-damage|p2a: Arcanine|220\/384
|move|p2a: Arcanine|Will-O-Wisp|p1a: Hydreigon
|-status|p1a: Hydreigon|brn
|
|-heal|p2a: Arcanine|244\/384|[from] item: Leftovers
|-damage|p1a: Hydreigon|286\/326 brn|[from] brn
|turn|14
|
|move|p1a: Hydreigon|Earth Power|p2a: Arcanine
|-supereffective|p2a: Arcanine
|-damage|p2a: Arcanine|78\/384
|move|p2a: Arcanine|Morning Sun|p2a: Arcanine
|-heal|p2a: Arcanine|270\/384
|
|-heal|p2a: Arcanine|294\/384|[from] item: Leftovers
|-damage|p1a: Hydreigon|246\/326 brn|[from] brn
|turn|15
|
|switch|p1a: Swampert|Swampert, M|404\/404
|move|p2a: Arcanine|Morning Sun|p2a: Arcanine
|-heal|p2a: Arcanine|384\/384
|
|turn|16
|
|move|p2a: Arcanine|Will-O-Wisp|p1a: Swampert
|-status|p1a: Swampert|brn
|move|p1a: Swampert|Stealth Rock|p2a: Arcanine
|-sidestart|p2: Marshall Twist|move: Stealth Rock
|
|-damage|p1a: Swampert|354\/404 brn|[from] brn
|turn|17
|
|switch|p2a: Nidoking|Nidoking, M|12\/304
|-damage|p2a: Nidoking|0 fnt|[from] Stealth Rock
|faint|p2a: Nidoking
|move|p1a: Swampert|Earthquake|p2: Nidoking|[notarget]
|-notarget
|
|-heal|p1a: Swampert|379\/404 brn|[from] item: Leftovers
|-damage|p1a: Swampert|329\/404 brn|[from] brn
|
|switch|p2a: Sceptile|Sceptile, M|103\/282
|-damage|p2a: Sceptile|68\/282|[from] Stealth Rock
|turn|18
|
|switch|p1a: Florges|Florges, F|102\/360
|move|p2a: Sceptile|Energy Ball|p1a: Florges
|-damage|p1a: Florges|6\/360
|
|-heal|p1a: Florges|28\/360|[from] item: Leftovers
|turn|19
|
|switch|p1a: Chesnaught|Chesnaught, M|380\/380
|move|p2a: Sceptile|Razor Wind|p1a: Chesnaught|[still]
|-prepare|p2a: Sceptile|Razor Wind|p1a: Chesnaught
|-enditem|p2a: Sceptile|Power Herb
|-anim|p2a: Sceptile|Razor Wind|p1a: Chesnaught
|-damage|p1a: Chesnaught|309\/380
|
|turn|20
|
|move|p2a: Sceptile|Focus Blast|p1a: Chesnaught
|-immune|p1a: Chesnaught|[msg]|[from] Bulletproof
|move|p1a: Chesnaught|Earthquake|p2a: Sceptile
|-resisted|p2a: Sceptile
|-damage|p2a: Sceptile|0 fnt
|faint|p2a: Sceptile
|
|
|switch|p2a: Arcanine|Arcanine, M|384\/384
|-damage|p2a: Arcanine|288\/384|[from] Stealth Rock
|-ability|p2a: Arcanine|Intimidate|[of] p1a: Chesnaught
|-unboost|p1a: Chesnaught|atk|1
|turn|21
|
|switch|p1a: Swampert|Swampert, M|329\/404 brn
|move|p2a: Arcanine|Flare Blitz|p1a: Swampert
|-resisted|p1a: Swampert
|-damage|p1a: Swampert|265\/404 brn
|-damage|p2a: Arcanine|267\/384|[from] recoil|[of] p1a: Swampert
|
|-heal|p2a: Arcanine|291\/384|[from] item: Leftovers
|-heal|p1a: Swampert|290\/404 brn|[from] item: Leftovers
|-damage|p1a: Swampert|240\/404 brn|[from] brn
|turn|22
|
|move|p2a: Arcanine|Morning Sun|p2a: Arcanine
|-heal|p2a: Arcanine|384\/384
|move|p1a: Swampert|Roar|p2a: Arcanine
|drag|p2a: Milotic|Milotic, F|394\/394
|-damage|p2a: Milotic|345\/394|[from] Stealth Rock
|
|-heal|p2a: Milotic|369\/394|[from] item: Leftovers
|-heal|p1a: Swampert|265\/404 brn|[from] item: Leftovers
|-damage|p1a: Swampert|215\/404 brn|[from] brn
|turn|23
|
|move|p2a: Milotic|Scald|p1a: Swampert
|-damage|p1a: Swampert|103\/404 brn
|move|p1a: Swampert|Roar|p2a: Milotic
|drag|p2a: Absol|Absol, F|271\/271
|-damage|p2a: Absol|238\/271|[from] Stealth Rock
|
|-heal|p1a: Swampert|128\/404 brn|[from] item: Leftovers
|-damage|p1a: Swampert|78\/404 brn|[from] brn
|turn|24
|
|detailschange|p2a: Absol|Absol-Mega, F
|message|Absol has Mega Evolved into Mega Absol!
|move|p2a: Absol|Knock Off|p1a: Swampert
|-damage|p1a: Swampert|0 fnt
|faint|p1a: Swampert
|
|
|switch|p1a: Honchkrow|Honchkrow, M|341\/341
|turn|25
|
|move|p2a: Absol|Ice Beam|p1a: Honchkrow
|-supereffective|p1a: Honchkrow
|-damage|p1a: Honchkrow|49\/341
|move|p1a: Honchkrow|Pursuit|p2a: Absol
|-resisted|p2a: Absol
|-damage|p2a: Absol|164\/271
|-damage|p1a: Honchkrow|15\/341|[from] item: Life Orb
|
|turn|26
|
|move|p2a: Absol|Sucker Punch|p1a: Honchkrow
|-resisted|p1a: Honchkrow
|-damage|p1a: Honchkrow|0 fnt
|faint|p1a: Honchkrow
|
|
|switch|p1a: Hydreigon|Hydreigon, M|246\/326 brn
|turn|27
|
|move|p1a: Hydreigon|Earth Power|p2a: Absol
|-damage|p2a: Absol|14\/271
|move|p2a: Absol|Superpower|p1a: Hydreigon
|-supereffective|p1a: Hydreigon
|-damage|p1a: Hydreigon|0 fnt
|-unboost|p2a: Absol|atk|1
|-unboost|p2a: Absol|def|1
|faint|p1a: Hydreigon
|
|
|switch|p1a: Aggron|Aggron, M|344\/344
|turn|28
|
|detailschange|p1a: Aggron|Aggron-Mega, M
|message|Aggron has Mega Evolved into Mega Aggron!
|move|p2a: Absol|Superpower|p1a: Aggron
|-supereffective|p1a: Aggron
|-damage|p1a: Aggron|266\/344
|-unboost|p2a: Absol|atk|1
|-unboost|p2a: Absol|def|1
|move|p1a: Aggron|Earthquake|p2a: Absol
|-damage|p2a: Absol|0 fnt
|faint|p2a: Absol
|
|
|switch|p2a: Milotic|Milotic, F|369\/394
|-damage|p2a: Milotic|320\/394|[from] Stealth Rock
|turn|29
|
|move|p2a: Milotic|Scald|p1a: Aggron
|-damage|p1a: Aggron|190\/344
|move|p1a: Aggron|Substitute|p1a: Aggron
|-start|p1a: Aggron|Substitute
|-damage|p1a: Aggron|104\/344
|
|-heal|p2a: Milotic|344\/394|[from] item: Leftovers
|turn|30
|
|move|p2a: Milotic|Scald|p1a: Aggron
|-activate|p1a: Aggron|Substitute|[damage]
|move|p1a: Aggron|Curse|p1a: Aggron
|-boost|p1a: Aggron|atk|1
|-boost|p1a: Aggron|def|1
|-unboost|p1a: Aggron|spe|1
|
|-heal|p2a: Milotic|368\/394|[from] item: Leftovers
|turn|31
|
|move|p2a: Milotic|Scald|p1a: Aggron
|-crit|p1a: Aggron
|-end|p1a: Aggron|Substitute
|move|p1a: Aggron|Earthquake|p2a: Milotic
|-damage|p2a: Milotic|243\/394
|
|-heal|p2a: Milotic|267\/394|[from] item: Leftovers
|turn|32
|
|move|p2a: Milotic|Scald|p1a: Aggron
|-damage|p1a: Aggron|31\/344
|move|p1a: Aggron|Earthquake|p2a: Milotic
|-damage|p2a: Milotic|133\/394
|
|-heal|p2a: Milotic|157\/394|[from] item: Leftovers
|turn|33
|
|switch|p1a: Chesnaught|Chesnaught, M|309\/380
|move|p2a: Milotic|Recover|p2a: Milotic
|-heal|p2a: Milotic|354\/394
|
|-heal|p2a: Milotic|378\/394|[from] item: Leftovers
|turn|34
|
|switch|p2a: Arcanine|Arcanine, M|384\/384
|-damage|p2a: Arcanine|288\/384|[from] Stealth Rock
|-ability|p2a: Arcanine|Intimidate|[of] p1a: Chesnaught
|-unboost|p1a: Chesnaught|atk|1
|move|p1a: Chesnaught|Wood Hammer|p2a: Arcanine
|-crit|p2a: Arcanine
|-resisted|p2a: Arcanine
|-damage|p2a: Arcanine|105\/384
|-damage|p1a: Chesnaught|249\/380|[from] recoil|[of] p2a: Arcanine
|
|-heal|p2a: Arcanine|129\/384|[from] item: Leftovers
|turn|35
|
|move|p2a: Arcanine|Morning Sun|p2a: Arcanine
|-heal|p2a: Arcanine|321\/384
|move|p1a: Chesnaught|Earthquake|p2a: Arcanine
|-supereffective|p2a: Arcanine
|-damage|p2a: Arcanine|133\/384
|
|-heal|p2a: Arcanine|157\/384|[from] item: Leftovers
|turn|36
|
|switch|p1a: Florges|Florges, F|28\/360
|move|p2a: Arcanine|Will-O-Wisp|p1a: Florges
|-status|p1a: Florges|brn
|
|-heal|p2a: Arcanine|181\/384|[from] item: Leftovers
|-heal|p1a: Florges|50\/360 brn|[from] item: Leftovers
|-damage|p1a: Florges|5\/360 brn|[from] brn
|turn|37
|
|move|p2a: Arcanine|Extreme Speed|p1a: Florges
|-damage|p1a: Florges|0 fnt
|faint|p1a: Florges
|
|-heal|p2a: Arcanine|205\/384|[from] item: Leftovers
|
|switch|p1a: Chesnaught|Chesnaught, M|249\/380
|turn|38
|
|move|p2a: Arcanine|Flare Blitz|p1a: Chesnaught
|-supereffective|p1a: Chesnaught
|-damage|p1a: Chesnaught|1\/380
|-damage|p2a: Arcanine|123\/384|[from] recoil|[of] p1a: Chesnaught
|move|p1a: Chesnaught|Earthquake|p2a: Arcanine
|-supereffective|p2a: Arcanine
|-damage|p2a: Arcanine|0 fnt
|faint|p2a: Arcanine
|
|
|switch|p2a: Milotic|Milotic, F|378\/394
|-damage|p2a: Milotic|329\/394|[from] Stealth Rock
|turn|39
|
|move|p2a: Milotic|Scald|p1a: Chesnaught
|-resisted|p1a: Chesnaught
|-damage|p1a: Chesnaught|0 fnt
|faint|p1a: Chesnaught
|
|-heal|p2a: Milotic|353\/394|[from] item: Leftovers
|chat|DrummerVim|gg
|chat|Marshall Twist|gg
|chat|DrummerVim|if i'd known i could live a flare blitz lol
|
|switch|p1a: Aggron|Aggron-Mega, M|31\/344
|turn|40
|
|move|p2a: Milotic|Scald|p1a: Aggron
|-damage|p1a: Aggron|0 fnt
|faint|p1a: Aggron
|
|win|Marshall Twist
|raw|Ladder updating...
|raw|DrummerVim's rating: 1229 &rarr; <strong>1199<\/strong><br \/>(-30 for losing)
|raw|Marshall Twist's rating: 1160 &rarr; <strong>1190<\/strong><br \/>(+30 for winning)
|chat|Marshall Twist|lol
|leave|DrummerVim
|player|p1