|join|Accepted
|join|Ultimategrid
|player|p1|Accepted|122
|player|p2|Ultimategrid|225
|gametype|singles
|gen|6
|tier|UU
|rated
|rule|Sleep Clause Mod: Limit one foe put to sleep
|rule|Species Clause: Limit one of each PokÃ©mon
|rule|OHKO Clause: OHKO moves are banned
|rule|Moody Clause: Moody is banned
|rule|Evasion Moves Clause: Evasion moves are banned
|rule|Endless Battle Clause: Forcing endless battles is banned
|rule|HP Percentage Mod: HP is reported as percentages
|clearpoke
|poke|p1|Crobat, M
|poke|p1|Heracross, F
|poke|p1|Empoleon, M
|poke|p1|Blastoise, M
|poke|p1|Rhyperior, F
|poke|p1|Rotom-Mow
|poke|p2|Krookodile, M
|poke|p2|Sableye, M
|poke|p2|Blissey, F
|poke|p2|Kecleon, M
|poke|p2|Heliolisk, M
|poke|p2|Crobat, M
|rule|Swagger Clause: Swagger is banned
|rule|Baton Pass Clause: Limit one PokÃ©mon knowing Baton Pass
|teampreview
|
|start
|switch|p1a: Heracross|Heracross, F|364\/364
|switch|p2a: Saleos|Krookodile, M|394\/394
|-ability|p2a: Saleos|Intimidate|[of] p1a: Heracross
|-unboost|p1a: Heracross|atk|1
|turn|1
|
|switch|p2a: Brobat|Crobat, M|311\/311
|move|p1a: Heracross|Swords Dance|p1a: Heracross
|-boost|p1a: Heracross|atk|2
|
|turn|2
|
|switch|p1a: Empoleon|Empoleon, M|335\/335
|move|p2a: Brobat|Brave Bird|p1a: Empoleon
|-resisted|p1a: Empoleon
|-damage|p1a: Empoleon|196\/335
|-damage|p2a: Brobat|265\/311|[from] recoil|[of] p1a: Empoleon
|
|turn|3
|
|switch|p2a: Saleos|Krookodile, M|394\/394
|-ability|p2a: Saleos|Intimidate|[of] p1a: Empoleon
|-unboost|p1a: Empoleon|atk|1
|switch|p1a: Heracross|Heracross, F|364\/364
|
|turn|4
|
|switch|p2a: Brobat|Crobat, M|265\/311
|move|p1a: Heracross|Stone Edge|p2a: Brobat|[miss]
|-miss|p1a: Heracross|p2a: Brobat
|
|turn|5
|chat|Accepted|lame
|
|switch|p1a: Empoleon|Empoleon, M|196\/335
|move|p2a: Brobat|Brave Bird|p1a: Empoleon
|-resisted|p1a: Empoleon
|-damage|p1a: Empoleon|66\/335
|-damage|p2a: Brobat|222\/311|[from] recoil|[of] p1a: Empoleon
|
|turn|6
|
|switch|p1a: Rhyperior|Rhyperior, F|398\/398
|move|p2a: Brobat|Brave Bird|p1a: Rhyperior
|-resisted|p1a: Rhyperior
|-damage|p1a: Rhyperior|311\/398
|-damage|p2a: Brobat|193\/311|[from] recoil|[of] p1a: Rhyperior
|
|-heal|p1a: Rhyperior|335\/398|[from] item: Leftovers
|turn|7
|
|switch|p2a: Saleos|Krookodile, M|394\/394
|-ability|p2a: Saleos|Intimidate|[of] p1a: Rhyperior
|-unboost|p1a: Rhyperior|atk|1
|move|p1a: Rhyperior|Stealth Rock|p2a: Saleos
|-sidestart|p2: Ultimategrid|move: Stealth Rock
|
|-heal|p1a: Rhyperior|359\/398|[from] item: Leftovers
|turn|8
|
|move|p1a: Rhyperior|Protect|p1a: Rhyperior
|-singleturn|p1a: Rhyperior|Protect
|move|p2a: Saleos|Knock Off|p1a: Rhyperior
|-activate|p1a: Rhyperior|Protect
|
|-heal|p1a: Rhyperior|383\/398|[from] item: Leftovers
|turn|9
|
|switch|p1a: Empoleon|Empoleon, M|66\/335
|move|p2a: Saleos|Knock Off|p1a: Empoleon
|-damage|p1a: Empoleon|0 fnt
|-enditem|p1a: Empoleon|Choice Specs|[from] move: Knock Off|[of] p2a: Saleos
|faint|p1a: Empoleon
|
|
|switch|p1a: Rotom-Mow|Rotom-Mow|241\/241
|turn|10
|
|move|p1a: Rotom-Mow|Hidden Power|p2a: Saleos
|-supereffective|p2a: Saleos
|-damage|p2a: Saleos|234\/394
|move|p2a: Saleos|Stealth Rock|p1a: Rotom-Mow
|-sidestart|p1: Accepted|move: Stealth Rock
|
|-heal|p2a: Saleos|258\/394|[from] item: Leftovers
|turn|11
|
|move|p1a: Rotom-Mow|Hidden Power|p2a: Saleos
|-supereffective|p2a: Saleos
|-damage|p2a: Saleos|98\/394
|move|p2a: Saleos|Knock Off|p1a: Rotom-Mow
|-damage|p1a: Rotom-Mow|111\/241
|-enditem|p1a: Rotom-Mow|Choice Scarf|[from] move: Knock Off|[of] p2a: Saleos
|
|-heal|p2a: Saleos|122\/394|[from] item: Leftovers
|turn|12
|
|switch|p2a: Harbinger|Kecleon, M|324\/324
|-damage|p2a: Harbinger|284\/324|[from] Stealth Rock
|move|p1a: Rotom-Mow|Hidden Power|p2a: Harbinger
|-damage|p2a: Harbinger|254\/324
|
|turn|13
|
|move|p1a: Rotom-Mow|Trick|p2a: Harbinger
|-activate|p1a: Rotom-Mow|move: Trick|[of] p2a: Harbinger
|-item|p1a: Rotom-Mow|Assault Vest|[from] move: Trick
|move|p2a: Harbinger|Power-Up Punch|p1a: Rotom-Mow
|-start|p2a: Harbinger|typechange|Fighting|[from] Protean
|-damage|p1a: Rotom-Mow|63\/241
|-boost|p2a: Harbinger|atk|1
|
|turn|14
|
|move|p1a: Rotom-Mow|Leaf Storm|p2a: Harbinger
|-damage|p2a: Harbinger|97\/324
|-unboost|p1a: Rotom-Mow|spa|2
|move|p2a: Harbinger|Power-Up Punch|p1a: Rotom-Mow
|-damage|p1a: Rotom-Mow|0 fnt
|-boost|p2a: Harbinger|atk|1
|faint|p1a: Rotom-Mow
|
|
|switch|p1a: Crobat|Crobat, M|312\/312
|-damage|p1a: Crobat|234\/312|[from] Stealth Rock
|turn|15
|
|move|p2a: Harbinger|Sucker Punch|p1a: Crobat
|-start|p2a: Harbinger|typechange|Dark|[from] Protean
|-damage|p1a: Crobat|0 fnt
|faint|p1a: Crobat
|
|
|switch|p1a: Blastoise|Blastoise, M|362\/362
|-damage|p1a: Blastoise|317\/362|[from] Stealth Rock
|turn|16
|
|move|p2a: Harbinger|Sucker Punch|p1a: Blastoise
|-damage|p1a: Blastoise|115\/362
|move|p1a: Blastoise|Rapid Spin|p2a: Harbinger
|-damage|p2a: Harbinger|80\/324
|-sideend|p1: Accepted|Stealth Rock|[from] move: Rapid Spin|[of] p1a: Blastoise
|
|-heal|p1a: Blastoise|137\/362|[from] item: Leftovers
|turn|17
|
|move|p2a: Harbinger|Sucker Punch|p1a: Blastoise
|-fail|p1a: Blastoise
|move|p1a: Blastoise|Roar|p2a: Harbinger
|drag|p2a: Sylph|Blissey, F|714\/714
|-damage|p2a: Sylph|625\/714|[from] Stealth Rock
|
|-heal|p1a: Blastoise|159\/362|[from] item: Leftovers
|-heal|p2a: Sylph|669\/714|[from] item: Leftovers
|turn|18
|
|move|p2a: Sylph|Toxic|p1a: Blastoise
|-status|p1a: Blastoise|tox
|move|p1a: Blastoise|Roar|p2a: Sylph
|drag|p2a: Harbinger|Kecleon, M|80\/324
|-damage|p2a: Harbinger|40\/324|[from] Stealth Rock
|
|-heal|p1a: Blastoise|181\/362 tox|[from] item: Leftovers
|-damage|p1a: Blastoise|159\/362 tox|[from] psn
|turn|19
|
|move|p2a: Harbinger|Shadow Sneak|p1a: Blastoise
|-start|p2a: Harbinger|typechange|Ghost|[from] Protean
|-damage|p1a: Blastoise|105\/362 tox
|move|p1a: Blastoise|Scald|p2a: Harbinger
|-damage|p2a: Harbinger|0 fnt
|faint|p2a: Harbinger
|
|-heal|p1a: Blastoise|127\/362 tox|[from] item: Leftovers
|-damage|p1a: Blastoise|83\/362 tox|[from] psn
|
|switch|p2a: Snickers|Sableye, M|304\/304
|-damage|p2a: Snickers|266\/304|[from] Stealth Rock
|turn|20
|
|move|p2a: Snickers|Taunt|p1a: Blastoise
|-start|p1a: Blastoise|move: Taunt
|move|p1a: Blastoise|Scald|p2a: Snickers
|-damage|p2a: Snickers|172\/304
|
|-heal|p1a: Blastoise|105\/362 tox|[from] item: Leftovers
|-heal|p2a: Snickers|191\/304|[from] item: Leftovers
|-damage|p1a: Blastoise|39\/362 tox|[from] psn
|turn|21
|
|move|p2a: Snickers|Recover|p2a: Snickers
|-heal|p2a: Snickers|304\/304
|move|p1a: Blastoise|Scald|p2a: Snickers
|-damage|p2a: Snickers|199\/304
|
|-heal|p1a: Blastoise|61\/362 tox|[from] item: Leftovers
|-heal|p2a: Snickers|218\/304|[from] item: Leftovers
|-damage|p1a: Blastoise|0 fnt|[from] psn
|faint|p1a: Blastoise
|
|switch|p1a: Heracross|Heracross, F|364\/364
|turn|22
|
|move|p2a: Snickers|Will-O-Wisp|p1a: Heracross
|-status|p1a: Heracross|brn
|move|p1a: Heracross|Swords Dance|p1a: Heracross
|-boost|p1a: Heracross|atk|2
|
|-heal|p2a: Snickers|237\/304|[from] item: Leftovers
|-damage|p1a: Heracross|319\/364 brn|[from] brn
|turn|23
|chat|Accepted|LOL
|
|move|p2a: Snickers|Taunt|p1a: Heracross
|-start|p1a: Heracross|move: Taunt
|move|p1a: Heracross|Megahorn|p2a: Snickers
|-damage|p2a: Snickers|0 fnt
|faint|p2a: Snickers
|
|-heal|p1a: Heracross|341\/364 brn|[from] item: Leftovers
|-damage|p1a: Heracross|296\/364 brn|[from] brn
|
|switch|p2a: Brobat|Crobat, M|193\/311
|-damage|p2a: Brobat|116\/311|[from] Stealth Rock
|turn|24
|chat|Accepted|ah nice and powerful
|
|switch|p1a: Rhyperior|Rhyperior, F|383\/398
|move|p2a: Brobat|Brave Bird|p1a: Rhyperior
|-resisted|p1a: Rhyperior
|-damage|p1a: Rhyperior|303\/398
|-damage|p2a: Brobat|90\/311|[from] recoil|[of] p1a: Rhyperior
|
|-heal|p1a: Rhyperior|327\/398|[from] item: Leftovers
|turn|25
|
|switch|p2a: Saleos|Krookodile, M|122\/394
|-damage|p2a: Saleos|98\/394|[from] Stealth Rock
|-ability|p2a: Saleos|Intimidate|[of] p1a: Rhyperior
|-unboost|p1a: Rhyperior|atk|1
|move|p1a: Rhyperior|Rock Blast|p2a: Saleos
|-resisted|p2a: Saleos
|-damage|p2a: Saleos|86\/394
|-resisted|p2a: Saleos
|-damage|p2a: Saleos|74\/394
|-resisted|p2a: Saleos
|-damage|p2a: Saleos|63\/394
|-resisted|p2a: Saleos
|-damage|p2a: Saleos|51\/394
|-resisted|p2a: Saleos
|-damage|p2a: Saleos|39\/394
|-hitcount|p2a: Saleos|5
|
|-heal|p2a: Saleos|63\/394|[from] item: Leftovers
|-heal|p1a: Rhyperior|351\/398|[from] item: Leftovers
|turn|26
|
|move|p2a: Saleos|Knock Off|p1a: Rhyperior
|-damage|p1a: Rhyperior|255\/398
|-enditem|p1a: Rhyperior|Leftovers|[from] move: Knock Off|[of] p2a: Saleos
|move|p1a: Rhyperior|Earthquake|p2a: Saleos
|-damage|p2a: Saleos|0 fnt
|faint|p2a: Saleos
|
|
|switch|p2a: Halo|Heliolisk, M|266\/266
|-damage|p2a: Halo|233\/266|[from] Stealth Rock
|turn|27
|
|switch|p1a: Heracross|Heracross, F|296\/364 brn
|move|p2a: Halo|Surf|p1a: Heracross
|-damage|p1a: Heracross|175\/364 brn
|-damage|p2a: Halo|207\/266|[from] item: Life Orb
|
|-heal|p1a: Heracross|197\/364 brn|[from] item: Leftovers
|-damage|p1a: Heracross|152\/364 brn|[from] brn
|turn|28
|
|move|p2a: Halo|Volt Switch|p1a: Heracross
|-damage|p1a: Heracross|6\/364 brn
|-damage|p2a: Halo|181\/266|[from] item: Life Orb
|
|switch|p2a: Sylph|Blissey, F|669\/714
|-damage|p2a: Sylph|580\/714|[from] Stealth Rock
|move|p1a: Heracross|Close Combat|p2a: Sylph
|-supereffective|p2a: Sylph
|-damage|p2a: Sylph|0 fnt
|-unboost|p1a: Heracross|def|1
|-unboost|p1a: Heracross|spd|1
|faint|p2a: Sylph
|
|-heal|p1a: Heracross|28\/364 brn|[from] item: Leftovers
|-damage|p1a: Heracross|0 fnt|[from] brn
|faint|p1a: Heracross
|
|switch|p2a: Halo|Heliolisk, M|181\/266
|-damage|p2a: Halo|148\/266|[from] Stealth Rock
|switch|p1a: Rhyperior|Rhyperior, F|255\/398
|turn|29
|
|move|p1a: Rhyperior|Protect|p1a: Rhyperior
|-singleturn|p1a: Rhyperior|Protect
|move|p2a: Halo|Surf|p1a: Rhyperior
|-activate|p1a: Rhyperior|Protect
|
|turn|30
|chat|Accepted|-
|
|move|p1a: Rhyperior|Protect|p1a: Rhyperior
|-fail|p1a: Rhyperior
|move|p2a: Halo|Surf|p1a: Rhyperior
|-supereffective|p1a: Rhyperior
|-damage|p1a: Rhyperior|0 fnt
|-damage|p2a: Halo|122\/266|[from] item: Life Orb
|faint|p1a: Rhyperior
|
|win|Ultimategrid
|raw|Ladder updating...
|raw|Accepted's rating: 1059 &rarr; <strong>1038<\/strong><br \/>(-21 for losing)
|raw|Ultimategrid's rating: 1020 &rarr; <strong>1061<\/strong><br \/>(+41 for winning)
|chat|Accepted|];
|chat|Ultimategrid|What were you expecting?
|chat|Ultimategrid|Why the protecting?
|chat|Accepted|nothing
|chat|Accepted|trying to stall
|chat|Ultimategrid|Stall what?
|chat|Accepted|the match
|chat|Ultimategrid|Why?
|chat|Accepted|why not?
|chat|Ultimategrid|Because it's a waste of time.
|chat|Accepted|To you, maybe
|chat|Accepted|[;