|join|Ultimategrid
|join|Zogga15
|player|p1|Ultimategrid|225
|player|p2|Zogga15|170
|gametype|singles
|gen|6
|tier|UU
|rated
|rule|Sleep Clause Mod: Limit one foe put to sleep
|rule|Species Clause: Limit one of each Pokemon
|rule|OHKO Clause: OHKO moves are banned
|rule|Moody Clause: Moody is banned
|rule|Evasion Moves Clause: Evasion moves are banned
|rule|Endless Battle Clause: Forcing endless battles is banned.
|rule|HP Percentage Mod: HP is reported as percentages
|clearpoke
|poke|p1|Krookodile, M
|poke|p1|Sableye, M
|poke|p1|Aggron, M
|poke|p1|Kecleon, F
|poke|p1|Heliolisk, M
|poke|p1|Articuno
|poke|p2|Crobat, F
|poke|p2|Empoleon, M
|poke|p2|Hydreigon, M, shiny
|poke|p2|Roserade, F
|poke|p2|Suicune
|poke|p2|Ampharos, M, shiny
|teampreview
|
|start
|switch|p1a: Harbinger|Kecleon, F|324\/324
|switch|p2a: Lil`LAdy|Roserade, F|282\/282
|turn|1
|
|move|p2a: Lil`LAdy|Spikes|p1a: Harbinger
|-sidestart|p1: Ultimategrid|Spikes
|-start|p1a: Harbinger|typechange|Fighting|[from] Protean
|move|p1a: Harbinger|Power-Up Punch|p2a: Lil`LAdy
|-resisted|p2a: Lil`LAdy
|-damage|p2a: Lil`LAdy|243\/282
|-boost|p1a: Harbinger|atk|1
|
|turn|2
|
|move|p2a: Lil`LAdy|Spikes|p1a: Harbinger
|-sidestart|p1: Ultimategrid|Spikes
|move|p1a: Harbinger|Power-Up Punch|p2a: Lil`LAdy
|-resisted|p2a: Lil`LAdy
|-damage|p2a: Lil`LAdy|186\/282
|-boost|p1a: Harbinger|atk|1
|
|turn|3
|
|move|p2a: Lil`LAdy|Sleep Powder|p1a: Harbinger
|-status|p1a: Harbinger|slp
|cant|p1a: Harbinger|slp
|
|turn|4
|
|move|p2a: Lil`LAdy|Spikes|p1a: Harbinger
|-sidestart|p1: Ultimategrid|Spikes
|-curestatus|p1a: Harbinger|slp
|move|p1a: Harbinger|Power-Up Punch|p2a: Lil`LAdy
|-resisted|p2a: Lil`LAdy
|-damage|p2a: Lil`LAdy|115\/282
|-boost|p1a: Harbinger|atk|1
|
|turn|5
|
|-start|p1a: Harbinger|typechange|Ghost|[from] Protean
|move|p1a: Harbinger|Shadow Sneak|p2a: Lil`LAdy
|-damage|p2a: Lil`LAdy|0 fnt
|faint|p2a: Lil`LAdy
|
|
|switch|p2a: P3nguin|Empoleon, M|372\/372
|turn|6
|
|move|p2a: P3nguin|Aqua Jet|p1a: Harbinger
|-damage|p1a: Harbinger|275\/324
|-start|p1a: Harbinger|typechange|Fighting|[from] Protean
|move|p1a: Harbinger|Power-Up Punch|p2a: P3nguin
|-supereffective|p2a: P3nguin
|-damage|p2a: P3nguin|36\/372
|-boost|p1a: Harbinger|atk|1
|
|-heal|p2a: P3nguin|59\/372|[from] item: Leftovers
|-heal|p1a: Harbinger|295\/324|[from] item: Leftovers
|turn|7
|
|move|p2a: P3nguin|Stealth Rock|p1a: Harbinger
|-sidestart|p1: Ultimategrid|move: Stealth Rock
|move|p1a: Harbinger|Power-Up Punch|p2a: P3nguin
|-supereffective|p2a: P3nguin
|-damage|p2a: P3nguin|0 fnt
|-boost|p1a: Harbinger|atk|1
|faint|p2a: P3nguin
|
|-heal|p1a: Harbinger|315\/324|[from] item: Leftovers
|
|switch|p2a: Sp33dy|Crobat, F|369\/369
|turn|8
|
|-start|p1a: Harbinger|typechange|Dark|[from] Protean
|move|p1a: Harbinger|Sucker Punch|p2a: Sp33dy
|-damage|p2a: Sp33dy|0 fnt
|faint|p2a: Sp33dy
|
|-heal|p1a: Harbinger|324\/324|[from] item: Leftovers
|chat|Ultimategrid|I am the harbinger of your destiny.
|
|switch|p2a: Ampharos|Ampharos, M, shiny|322\/322
|turn|9
|
|-formechange|p2a: Ampharos|Ampharos-Mega
|message|Ampharos has Mega Evolved into Mega Ampharos!
|-ability|p2a: Ampharos|Mold Breaker
|move|p1a: Harbinger|Sucker Punch|p2a: Ampharos
|-fail|p2a: Ampharos
|move|p2a: Ampharos|Agility|p2a: Ampharos
|-boost|p2a: Ampharos|spe|2
|
|turn|10
|
|move|p1a: Harbinger|Sucker Punch|p2a: Ampharos
|-damage|p2a: Ampharos|0 fnt
|faint|p2a: Ampharos
|
|
|switch|p2a: WaterDoggi3|Suicune|404\/404
|-ability|p2a: WaterDoggi3|Pressure
|turn|11
|chat|Ultimategrid|I know this hurts you.
|
|move|p1a: Harbinger|Sucker Punch|p2a: WaterDoggi3
|-fail|p2a: WaterDoggi3
|move|p2a: WaterDoggi3|Calm Mind|p2a: WaterDoggi3
|-boost|p2a: WaterDoggi3|spa|1
|-boost|p2a: WaterDoggi3|spd|1
|
|turn|12
|
|move|p1a: Harbinger|Sucker Punch|p2a: WaterDoggi3
|-fail|p2a: WaterDoggi3
|move|p2a: WaterDoggi3|Calm Mind|p2a: WaterDoggi3
|-boost|p2a: WaterDoggi3|spa|1
|-boost|p2a: WaterDoggi3|spd|1
|
|turn|13
|
|-start|p1a: Harbinger|typechange|Ghost|[from] Protean
|move|p1a: Harbinger|Shadow Sneak|p2a: WaterDoggi3
|-damage|p2a: WaterDoggi3|220\/404
|move|p2a: WaterDoggi3|Calm Mind|p2a: WaterDoggi3
|-boost|p2a: WaterDoggi3|spa|1
|-boost|p2a: WaterDoggi3|spd|1
|
|-heal|p2a: WaterDoggi3|245\/404|[from] item: Leftovers
|turn|14
|
|-start|p1a: Harbinger|typechange|Dark|[from] Protean
|move|p1a: Harbinger|Sucker Punch|p2a: WaterDoggi3
|-damage|p2a: WaterDoggi3|0 fnt
|faint|p2a: WaterDoggi3
|
|
|switch|p2a: BadDragon|Hydreigon, M, shiny|326\/326
|turn|15
|
|move|p2a: BadDragon|Draco Meteor|p1a: Harbinger
|-damage|p1a: Harbinger|113\/324
|-unboost|p2a: BadDragon|spa|2
|-start|p1a: Harbinger|typechange|Fighting|[from] Protean
|move|p1a: Harbinger|Power-Up Punch|p2a: BadDragon
|-crit|p2a: BadDragon
|-supereffective|p2a: BadDragon
|-damage|p2a: BadDragon|0 fnt
|-boost|p1a: Harbinger|atk|1
|faint|p2a: BadDragon
|
|win|Ultimategrid
|raw|Ladder updating...
|raw|Ultimategrid's rating: 1055 &rarr; <strong>1090<\/strong><br \/>(+35 for winning)
|raw|Zogga15's rating: 1092 &rarr; <strong>1065<\/strong><br \/>(-27 for losing)
|chat|Zogga15|gg
|chat|Ultimategrid|Fear me.
|leave|Zogga15
|player|p2