|join|Ultimategrid
|join|Ombrax
|player|p1|Ultimategrid|225
|player|p2|Ombrax|274
|gametype|singles
|gen|6
|tier|UU
|rated
|rule|Sleep Clause Mod: Limit one foe put to sleep
|rule|Species Clause: Limit one of each PokÃ©mon
|rule|OHKO Clause: OHKO moves are banned
|rule|Moody Clause: Moody is banned
|rule|Evasion Moves Clause: Evasion moves are banned
|rule|Endless Battle Clause: Forcing endless battles is banned
|rule|HP Percentage Mod: HP is shown in percentages
|clearpoke
|poke|p1|Krookodile, M
|poke|p1|Heliolisk, F
|poke|p1|Blissey, F
|poke|p1|Kecleon, M
|poke|p1|Froslass, F
|poke|p1|Crobat, M
|poke|p2|Aggron, M, shiny
|poke|p2|Galvantula, M, shiny
|poke|p2|Krookodile, M
|poke|p2|Porygon2, shiny
|poke|p2|Infernape, F, shiny
|poke|p2|Blastoise, F, shiny
|rule|Swagger Clause: Swagger is banned
|rule|Baton Pass Clause: Limit one PokÃ©mon knowing Baton Pass
|teampreview
|
|start
|switch|p1a: Harbinger|Kecleon, M|324\/324
|switch|p2a: Aggron|Aggron, M, shiny|344\/344
|-item|p2a: Aggron|Air Balloon
|turn|1
|
|move|p1a: Harbinger|Fake Out|p2a: Aggron
|-resisted|p2a: Aggron
|-damage|p2a: Aggron|332\/344
|-enditem|p2a: Aggron|Air Balloon
|-damage|p1a: Harbinger|292\/324|[from] item: Life Orb
|cant|p2a: Aggron|flinch
|
|turn|2
|
|move|p2a: Aggron|Stealth Rock|p1a: Harbinger
|-sidestart|p1: Ultimategrid|move: Stealth Rock
|move|p1a: Harbinger|Power-Up Punch|p2a: Aggron
|-start|p1a: Harbinger|typechange|Fighting|[from] Protean
|-supereffective|p2a: Aggron
|-damage|p2a: Aggron|145\/344
|-boost|p1a: Harbinger|atk|1
|-damage|p1a: Harbinger|260\/324|[from] item: Life Orb
|
|turn|3
|
|move|p2a: Aggron|Metal Burst|p1a: Harbinger
|-fail|p1a: Harbinger
|move|p1a: Harbinger|Power-Up Punch|p2a: Aggron
|-supereffective|p2a: Aggron
|-damage|p2a: Aggron|0 fnt
|-boost|p1a: Harbinger|atk|1
|-damage|p1a: Harbinger|228\/324|[from] item: Life Orb
|faint|p2a: Aggron
|
|
|switch|p2a: Blastoise|Blastoise, F, shiny|362\/362
|turn|4
|
|detailschange|p2a: Blastoise|Blastoise-Mega, F, shiny
|message|Blastoise has Mega Evolved into Mega Blastoise!
|move|p1a: Harbinger|Sucker Punch|p2a: Blastoise
|-start|p1a: Harbinger|typechange|Dark|[from] Protean
|-damage|p2a: Blastoise|72\/362
|-damage|p1a: Harbinger|196\/324|[from] item: Life Orb
|move|p2a: Blastoise|Aura Sphere|p1a: Harbinger
|-supereffective|p1a: Harbinger
|-damage|p1a: Harbinger|0 fnt
|faint|p1a: Harbinger
|
|
|switch|p1a: Halo|Heliolisk, F|266\/266
|-damage|p1a: Halo|233\/266|[from] Stealth Rock
|turn|5
|
|switch|p2a: Porygon2|Porygon2, shiny|374\/374
|move|p1a: Halo|Grass Knot|p2a: Porygon2
|-crit|p2a: Porygon2
|-damage|p2a: Porygon2|275\/374
|
|turn|6
|
|switch|p1a: Saleos|Krookodile, M|394\/394
|-damage|p1a: Saleos|370\/394|[from] Stealth Rock
|-ability|p1a: Saleos|Intimidate|[of] p2a: Porygon2
|-unboost|p2a: Porygon2|atk|1
|move|p2a: Porygon2|Tri Attack|p1a: Saleos
|-crit|p1a: Saleos
|-damage|p1a: Saleos|15\/394
|
|-heal|p1a: Saleos|39\/394|[from] item: Leftovers
|turn|7
|
|move|p1a: Saleos|Knock Off|p2a: Porygon2
|-crit|p2a: Porygon2
|-damage|p2a: Porygon2|133\/374
|-enditem|p2a: Porygon2|Eviolite|[from] move: Knock Off|[of] p1a: Saleos
|move|p2a: Porygon2|Tri Attack|p1a: Saleos
|-damage|p1a: Saleos|0 fnt
|faint|p1a: Saleos
|
|
|switch|p1a: Sylph|Blissey, F|714\/714
|-damage|p1a: Sylph|625\/714|[from] Stealth Rock
|turn|8
|
|move|p2a: Porygon2|Recover|p2a: Porygon2
|-heal|p2a: Porygon2|320\/374
|move|p1a: Sylph|Toxic|p2a: Porygon2
|-status|p2a: Porygon2|tox
|
|-heal|p1a: Sylph|669\/714|[from] item: Leftovers
|-damage|p2a: Porygon2|297\/374 tox|[from] psn
|turn|9
|
|switch|p2a: Galvantula|Galvantula, M, shiny|281\/281
|move|p1a: Sylph|Toxic|p2a: Galvantula
|-status|p2a: Galvantula|tox
|
|-heal|p1a: Sylph|713\/714|[from] item: Leftovers
|-damage|p2a: Galvantula|264\/281 tox|[from] psn
|turn|10
|
|switch|p1a: Brobat|Crobat, M|311\/311
|-damage|p1a: Brobat|234\/311|[from] Stealth Rock
|move|p2a: Galvantula|Sticky Web|p1a: Brobat
|-sidestart|p1: Ultimategrid|move: Sticky Web
|
|-damage|p2a: Galvantula|230\/281 tox|[from] psn
|turn|11
|
|move|p1a: Brobat|Brave Bird|p2a: Galvantula
|-damage|p2a: Galvantula|0 fnt
|-damage|p1a: Brobat|158\/311|[from] recoil|[of] p2a: Galvantula
|faint|p2a: Galvantula
|
|
|switch|p2a: Porygon2|Porygon2, shiny|297\/374 tox
|turn|12
|
|switch|p1a: Sylph|Blissey, F|713\/714
|-damage|p1a: Sylph|624\/714|[from] Stealth Rock
|-activate|p1a: Sylph|move: Sticky Web
|-unboost|p1a: Sylph|spe|1
|move|p2a: Porygon2|Thunderbolt|p1a: Sylph
|-damage|p1a: Sylph|520\/714
|
|-heal|p1a: Sylph|564\/714|[from] item: Leftovers
|-damage|p2a: Porygon2|274\/374 tox|[from] psn
|turn|13
|
|move|p2a: Porygon2|Tri Attack|p1a: Sylph
|-damage|p1a: Sylph|464\/714
|move|p1a: Sylph|Wish|p1a: Sylph
|
|-heal|p1a: Sylph|508\/714|[from] item: Leftovers
|-damage|p2a: Porygon2|228\/374 tox|[from] psn
|turn|14
|
|switch|p1a: Mable|Froslass, F|282\/282
|-damage|p1a: Mable|212\/282|[from] Stealth Rock
|-activate|p1a: Mable|move: Sticky Web
|-unboost|p1a: Mable|spe|1
|move|p2a: Porygon2|Tri Attack|p1a: Mable
|-immune|p1a: Mable|[msg]
|
|-heal|p1a: Mable|282\/282|[from] move: Wish|[wisher] Sylph
|-damage|p2a: Porygon2|159\/374 tox|[from] psn
|turn|15
|
|move|p1a: Mable|Spikes|p2a: Porygon2
|-sidestart|p2: Ombrax|Spikes
|move|p2a: Porygon2|Thunderbolt|p1a: Mable
|-damage|p1a: Mable|111\/282
|-status|p1a: Mable|par
|
|-damage|p2a: Porygon2|67\/374 tox|[from] psn
|turn|16
|
|move|p2a: Porygon2|Thunderbolt|p1a: Mable
|-damage|p1a: Mable|0 fnt
|faint|p1a: Mable
|
|-damage|p2a: Porygon2|0 fnt|[from] psn
|faint|p2a: Porygon2
|
|switch|p2a: Blastoise|Blastoise-Mega, F, shiny|72\/362
|-damage|p2a: Blastoise|27\/362|[from] Spikes
|switch|p1a: Sylph|Blissey, F|508\/714
|-damage|p1a: Sylph|419\/714|[from] Stealth Rock
|-activate|p1a: Sylph|move: Sticky Web
|-unboost|p1a: Sylph|spe|1
|turn|17
|
|move|p2a: Blastoise|Aura Sphere|p1a: Sylph
|-supereffective|p1a: Sylph
|-damage|p1a: Sylph|177\/714
|move|p1a: Sylph|Wish|p1a: Sylph
|
|-heal|p1a: Sylph|221\/714|[from] item: Leftovers
|turn|18
|
|switch|p1a: Brobat|Crobat, M|158\/311
|-damage|p1a: Brobat|81\/311|[from] Stealth Rock
|move|p2a: Blastoise|Aura Sphere|p1a: Brobat
|-resisted|p1a: Brobat
|-damage|p1a: Brobat|35\/311
|
|-heal|p1a: Brobat|311\/311|[from] move: Wish|[wisher] Sylph
|turn|19
|
|move|p1a: Brobat|Brave Bird|p2a: Blastoise
|-damage|p2a: Blastoise|0 fnt
|-damage|p1a: Brobat|302\/311|[from] recoil|[of] p2a: Blastoise
|faint|p2a: Blastoise
|
|
|switch|p2a: Krookodile|Krookodile, M|394\/394
|-damage|p2a: Krookodile|345\/394|[from] Spikes
|turn|20
|
|switch|p1a: Sylph|Blissey, F|221\/714
|-activate|p1a: Sylph|move: Sticky Web
|-unboost|p1a: Sylph|spe|1
|-damage|p1a: Sylph|132\/714|[from] Stealth Rock
|move|p2a: Krookodile|Crunch|p1a: Sylph
|-damage|p1a: Sylph|0 fnt
|-damage|p2a: Krookodile|306\/394|[from] item: Life Orb
|faint|p1a: Sylph
|-boost|p2a: Krookodile|atk|1|[from] ability: Moxie
|
|
|switch|p1a: Brobat|Crobat, M|302\/311
|-damage|p1a: Brobat|225\/311|[from] Stealth Rock
|turn|21
|
|move|p1a: Brobat|U-turn|p2a: Krookodile
|-supereffective|p2a: Krookodile
|-damage|p2a: Krookodile|64\/394
|
|switch|p1a: Halo|Heliolisk, F|233\/266
|-activate|p1a: Halo|move: Sticky Web
|-unboost|p1a: Halo|spe|1
|-damage|p1a: Halo|200\/266|[from] Stealth Rock
|move|p2a: Krookodile|Crunch|p1a: Halo
|-damage|p1a: Halo|0 fnt
|-damage|p2a: Krookodile|25\/394|[from] item: Life Orb
|faint|p1a: Halo
|-boost|p2a: Krookodile|atk|1|[from] ability: Moxie
|
|
|switch|p1a: Brobat|Crobat, M|225\/311
|-damage|p1a: Brobat|148\/311|[from] Stealth Rock
|turn|22
|
|move|p1a: Brobat|Brave Bird|p2a: Krookodile
|-damage|p2a: Krookodile|0 fnt
|-damage|p1a: Brobat|140\/311|[from] recoil|[of] p2a: Krookodile
|faint|p2a: Krookodile
|
|
|switch|p2a: Infernape|Infernape, F, shiny|293\/293
|-damage|p2a: Infernape|257\/293|[from] Spikes
|turn|23
|
|move|p2a: Infernape|Fire Punch|p1a: Brobat
|-damage|p1a: Brobat|0 fnt
|faint|p1a: Brobat
|
|win|Ombrax
|raw|Ladder updating...
|raw|Ultimategrid's rating: 1441 &rarr; <strong>1416<\/strong><br \/>(-25 for losing)
|raw|Ombrax's rating: 1347 &rarr; <strong>1373<\/strong><br \/>(+26 for winning)