|join|Ultimategrid
|join|The Take Over
|player|p1|Ultimategrid|225
|player|p2|The Take Over|170
|gametype|singles
|gen|6
|tier|UU
|rated
|rule|Sleep Clause Mod: Limit one foe put to sleep
|rule|Species Clause: Limit one of each PokÃ©mon
|rule|OHKO Clause: OHKO moves are banned
|rule|Moody Clause: Moody is banned
|rule|Evasion Moves Clause: Evasion moves are banned
|rule|Endless Battle Clause: Forcing endless battles is banned
|rule|HP Percentage Mod: HP is shown in percentages
|clearpoke
|poke|p1|Krookodile, M
|poke|p1|Alomomola, F
|poke|p1|Blastoise, M, shiny
|poke|p1|Crobat, M, shiny
|poke|p1|Nidoking, M
|poke|p1|Blissey, F
|poke|p2|Toxicroak, M
|poke|p2|Aggron, M
|poke|p2|Donphan, M
|poke|p2|Vaporeon, F
|poke|p2|Alakazam, F
|poke|p2|Hydreigon, F
|rule|Swagger Clause: Swagger is banned
|rule|Baton Pass Clause: Limit one PokÃ©mon knowing Baton Pass
|teampreview
|
|start
|switch|p1a: Saleos|Krookodile, M|394\/394
|switch|p2a: Hydreigon|Hydreigon, F|325\/325
|-ability|p1a: Saleos|Intimidate|[of] p2a: Hydreigon
|-unboost|p2a: Hydreigon|atk|1
|turn|1
|
|switch|p1a: Sylph|Blissey, F|714\/714
|move|p2a: Hydreigon|Draco Meteor|p1a: Sylph
|-damage|p1a: Sylph|536\/714
|-unboost|p2a: Hydreigon|spa|2
|
|-heal|p1a: Sylph|580\/714|[from] item: Leftovers
|turn|2
|
|switch|p2a: Toxicroak|Toxicroak, M|307\/307
|move|p1a: Sylph|Thunder Wave|p2a: Toxicroak
|-status|p2a: Toxicroak|par
|
|-heal|p1a: Sylph|624\/714|[from] item: Leftovers
|turn|3
|
|switch|p1a: Brobat|Crobat, M, shiny|311\/311
|switch|p2a: Vaporeon|Vaporeon, F|464\/464
|
|turn|4
|
|move|p1a: Brobat|Brave Bird|p2a: Vaporeon
|-damage|p2a: Vaporeon|101\/464
|-damage|p1a: Brobat|191\/311|[from] recoil|[of] p2a: Vaporeon
|move|p2a: Vaporeon|Heal Bell|p2a: Vaporeon
|-cureteam|p2a: Vaporeon|[from] move: HealBell
|
|-heal|p2a: Vaporeon|130\/464|[from] item: Leftovers
|turn|5
|
|switch|p2a: Aggron|Aggron, M|344\/344
|move|p1a: Brobat|Brave Bird|p2a: Aggron
|-resisted|p2a: Aggron
|-damage|p2a: Aggron|307\/344
|-damage|p1a: Brobat|179\/311|[from] recoil|[of] p2a: Aggron
|
|turn|6
|
|switch|p1a: Michealangelo|Blastoise, M, shiny|362\/362
|detailschange|p2a: Aggron|Aggron-Mega, M
|-mega|p2a: Aggron|Aggron|Aggronite
|move|p2a: Aggron|Thunder Wave|p1a: Michealangelo
|-status|p1a: Michealangelo|par
|
|turn|7
|
|switch|p2a: Hydreigon|Hydreigon, F|325\/325
|detailschange|p1a: Michealangelo|Blastoise-Mega, M, shiny
|-mega|p1a: Michealangelo|Blastoise|Blastoisinite
|cant|p1a: Michealangelo|par
|
|turn|8
|
|move|p2a: Hydreigon|Draco Meteor|p1a: Michealangelo
|-damage|p1a: Michealangelo|163\/362 par
|-unboost|p2a: Hydreigon|spa|2
|move|p1a: Michealangelo|Aura Sphere|p2a: Hydreigon
|-supereffective|p2a: Hydreigon
|-damage|p2a: Hydreigon|0 fnt
|faint|p2a: Hydreigon
|
|
|switch|p2a: Donphan|Donphan, M|356\/356
|turn|9
|
|move|p2a: Donphan|Seed Bomb|p1a: Michealangelo
|-supereffective|p1a: Michealangelo
|-damage|p1a: Michealangelo|0 fnt
|faint|p1a: Michealangelo
|
|
|switch|p1a: Saleos|Krookodile, M|394\/394
|-ability|p1a: Saleos|Intimidate|[of] p2a: Donphan
|-unboost|p2a: Donphan|atk|1
|turn|10
|
|switch|p2a: Aggron|Aggron-Mega, M|307\/344
|move|p1a: Saleos|Taunt|p2a: Aggron
|-start|p2a: Aggron|move: Taunt
|
|turn|11
|
|switch|p2a: Vaporeon|Vaporeon, F|130\/464
|move|p1a: Saleos|Stealth Rock|p2a: Vaporeon
|-sidestart|p2: The Take Over|move: Stealth Rock
|
|-heal|p2a: Vaporeon|159\/464|[from] item: Leftovers
|turn|12
|
|move|p1a: Saleos|Earthquake|p2a: Vaporeon
|-damage|p2a: Vaporeon|0 fnt
|faint|p2a: Vaporeon
|
|
|switch|p2a: Alakazam|Alakazam, F|251\/251
|turn|13
|
|move|p2a: Alakazam|Energy Ball|p1a: Saleos
|-supereffective|p1a: Saleos
|-damage|p1a: Saleos|114\/394
|move|p1a: Saleos|Knock Off|p2a: Alakazam
|-supereffective|p2a: Alakazam
|-enditem|p2a: Alakazam|Focus Sash
|-damage|p2a: Alakazam|1\/251
|
|-heal|p1a: Saleos|138\/394|[from] item: Leftovers
|turn|14
|
|switch|p1a: Sylph|Blissey, F|624\/714
|move|p2a: Alakazam|Energy Ball|p1a: Sylph
|-damage|p1a: Sylph|535\/714
|
|-heal|p1a: Sylph|579\/714|[from] item: Leftovers
|turn|15
|
|switch|p2a: Donphan|Donphan, M|356\/356
|-damage|p2a: Donphan|334\/356|[from] Stealth Rock
|move|p1a: Sylph|Thunder Wave|p2a: Donphan
|-immune|p2a: Donphan|[msg]
|
|-heal|p1a: Sylph|623\/714|[from] item: Leftovers
|turn|16
|
|switch|p1a: BigLuvdisc|Alomomola, F|534\/534
|move|p2a: Donphan|Earthquake|p1a: BigLuvdisc
|-damage|p1a: BigLuvdisc|380\/534
|
|-heal|p1a: BigLuvdisc|413\/534|[from] item: Leftovers
|turn|17
|
|switch|p2a: Toxicroak|Toxicroak, M|307\/307
|-damage|p2a: Toxicroak|288\/307|[from] Stealth Rock
|move|p1a: BigLuvdisc|Wish|p1a: BigLuvdisc
|
|-heal|p1a: BigLuvdisc|446\/534|[from] item: Leftovers
|turn|18
|
|switch|p1a: Brobat|Crobat, M, shiny|179\/311
|move|p2a: Toxicroak|Drain Punch|p1a: Brobat
|-resisted|p1a: Brobat
|-damage|p1a: Brobat|139\/311
|-heal|p2a: Toxicroak|307\/307|[from] drain|[of] p1a: Brobat
|-damage|p2a: Toxicroak|277\/307|[from] item: Life Orb
|
|-heal|p1a: Brobat|311\/311|[from] move: Wish|[wisher] BigLuvdisc
|turn|19
|
|switch|p2a: Aggron|Aggron-Mega, M|307\/344
|-damage|p2a: Aggron|286\/344|[from] Stealth Rock
|move|p1a: Brobat|U-turn|p2a: Aggron
|-resisted|p2a: Aggron
|-damage|p2a: Aggron|263\/344
|
|switch|p1a: BigLuvdisc|Alomomola, F|534\/534
|
|turn|20
|
|move|p1a: BigLuvdisc|Scald|p2a: Aggron
|-damage|p2a: Aggron|224\/344
|-status|p2a: Aggron|brn
|move|p2a: Aggron|Stealth Rock|p1a: BigLuvdisc
|-sidestart|p1: Ultimategrid|move: Stealth Rock
|
|-damage|p2a: Aggron|181\/344 brn|[from] brn
|turn|21
|
|switch|p2a: Toxicroak|Toxicroak, M|277\/307
|-damage|p2a: Toxicroak|258\/307|[from] Stealth Rock
|move|p1a: BigLuvdisc|Wish|p1a: BigLuvdisc
|
|turn|22
|
|switch|p1a: Nino|Nidoking, M|303\/303
|-damage|p1a: Nino|285\/303|[from] Stealth Rock
|move|p2a: Toxicroak|Drain Punch|p1a: Nino
|-resisted|p1a: Nino
|-damage|p1a: Nino|190\/303
|-heal|p2a: Toxicroak|306\/307|[from] drain|[of] p1a: Nino
|-damage|p2a: Toxicroak|276\/307|[from] item: Life Orb
|
|-heal|p1a: Nino|303\/303|[from] move: Wish|[wisher] BigLuvdisc
|turn|23
|
|switch|p2a: Donphan|Donphan, M|334\/356
|-damage|p2a: Donphan|312\/356|[from] Stealth Rock
|move|p1a: Nino|Earth Power|p2a: Donphan
|-damage|p2a: Donphan|168\/356
|
|turn|24
|
|switch|p1a: BigLuvdisc|Alomomola, F|534\/534
|-damage|p1a: BigLuvdisc|468\/534|[from] Stealth Rock
|move|p2a: Donphan|Earthquake|p1a: BigLuvdisc
|-damage|p1a: BigLuvdisc|318\/534
|
|-heal|p1a: BigLuvdisc|351\/534|[from] item: Leftovers
|turn|25
|
|move|p1a: BigLuvdisc|Wish|p1a: BigLuvdisc
|move|p2a: Donphan|Rapid Spin|p1a: BigLuvdisc
|-damage|p1a: BigLuvdisc|329\/534
|-sideend|p2: The Take Over|Stealth Rock|[from] move: Rapid Spin|[of] p2a: Donphan
|
|-heal|p1a: BigLuvdisc|362\/534|[from] item: Leftovers
|turn|26
|
|switch|p1a: Saleos|Krookodile, M|138\/394
|-damage|p1a: Saleos|114\/394|[from] Stealth Rock
|-ability|p1a: Saleos|Intimidate|[of] p2a: Donphan
|-unboost|p2a: Donphan|atk|1
|move|p2a: Donphan|Seed Bomb|p1a: Saleos
|-supereffective|p1a: Saleos
|-damage|p1a: Saleos|6\/394
|
|-heal|p1a: Saleos|273\/394|[from] move: Wish|[wisher] BigLuvdisc
|-heal|p1a: Saleos|297\/394|[from] item: Leftovers
|turn|27
|
|move|p1a: Saleos|Knock Off|p2a: Donphan
|-damage|p2a: Donphan|59\/356
|-enditem|p2a: Donphan|Assault Vest|[from] move: Knock Off|[of] p1a: Saleos
|move|p2a: Donphan|Seed Bomb|p1a: Saleos
|-supereffective|p1a: Saleos
|-damage|p1a: Saleos|187\/394
|
|-heal|p1a: Saleos|211\/394|[from] item: Leftovers
|turn|28
|
|move|p2a: Donphan|Ice Shard|p1a: Saleos
|-supereffective|p1a: Saleos
|-damage|p1a: Saleos|153\/394
|move|p1a: Saleos|Earthquake|p2a: Donphan
|-damage|p2a: Donphan|0 fnt
|faint|p2a: Donphan
|
|-heal|p1a: Saleos|177\/394|[from] item: Leftovers
|
|switch|p2a: Toxicroak|Toxicroak, M|276\/307
|turn|29
|
|switch|p1a: BigLuvdisc|Alomomola, F|534\/534
|-damage|p1a: BigLuvdisc|468\/534|[from] Stealth Rock
|move|p2a: Toxicroak|Drain Punch|p1a: BigLuvdisc
|-damage|p1a: BigLuvdisc|338\/534
|-heal|p2a: Toxicroak|307\/307|[from] drain|[of] p1a: BigLuvdisc
|-damage|p2a: Toxicroak|277\/307|[from] item: Life Orb
|
|-heal|p1a: BigLuvdisc|371\/534|[from] item: Leftovers
|turn|30
|
|move|p2a: Toxicroak|Swords Dance|p2a: Toxicroak
|-boost|p2a: Toxicroak|atk|2
|move|p1a: BigLuvdisc|Wish|p1a: BigLuvdisc
|
|-heal|p1a: BigLuvdisc|404\/534|[from] item: Leftovers
|turn|31
|
|switch|p1a: Brobat|Crobat, M, shiny|311\/311
|-damage|p1a: Brobat|234\/311|[from] Stealth Rock
|move|p2a: Toxicroak|Swords Dance|p2a: Toxicroak
|-boost|p2a: Toxicroak|atk|2
|
|-heal|p1a: Brobat|311\/311|[from] move: Wish|[wisher] BigLuvdisc
|turn|32
|
|move|p2a: Toxicroak|Sucker Punch|p1a: Brobat
|-damage|p1a: Brobat|0 fnt
|-damage|p2a: Toxicroak|247\/307|[from] item: Life Orb
|faint|p1a: Brobat
|
|
|switch|p1a: Nino|Nidoking, M|303\/303
|-damage|p1a: Nino|285\/303|[from] Stealth Rock
|turn|33
|
|move|p2a: Toxicroak|Sucker Punch|p1a: Nino
|-damage|p1a: Nino|0 fnt
|-damage|p2a: Toxicroak|217\/307|[from] item: Life Orb
|faint|p1a: Nino
|
|
|switch|p1a: BigLuvdisc|Alomomola, F|534\/534
|-damage|p1a: BigLuvdisc|468\/534|[from] Stealth Rock
|turn|34
|
|move|p1a: BigLuvdisc|Protect|p1a: BigLuvdisc
|-singleturn|p1a: BigLuvdisc|Protect
|move|p2a: Toxicroak|Swords Dance|p2a: Toxicroak
|-boost|p2a: Toxicroak|atk|2
|
|-heal|p1a: BigLuvdisc|501\/534|[from] item: Leftovers
|turn|35
|
|move|p2a: Toxicroak|Drain Punch|p1a: BigLuvdisc
|-damage|p1a: BigLuvdisc|0 fnt
|-heal|p2a: Toxicroak|307\/307|[from] drain|[of] p1a: BigLuvdisc
|-damage|p2a: Toxicroak|277\/307|[from] item: Life Orb
|faint|p1a: BigLuvdisc
|
|-message|Ultimategrid forfeited.
|leave|Ultimategrid
|
|win|The Take Over
|raw|Ladder updating...