|join|HoloWolf~
|join|zeromen
|player|p1|HoloWolf~|277
|player|p2|zeromen|169
|gametype|singles
|gen|6
|tier|OU
|rated
|clearpoke
|poke|p1|Sylveon, M
|poke|p1|Manaphy
|poke|p1|Cobalion
|poke|p1|Landorus-Therian, M
|poke|p1|Manectric, M
|poke|p1|Hydreigon, M
|poke|p2|Gardevoir, M
|poke|p2|Bisharp, M
|poke|p2|Thundurus, M
|poke|p2|Heatran, F
|poke|p2|Crobat, F
|poke|p2|Rotom-Wash
|rule|Swagger Clause: Swagger is banned
|rule|Baton Pass Clause: Limit one PokÃ©mon knowing Baton Pass
|rule|Sleep Clause Mod: Limit one foe put to sleep
|rule|Species Clause: Limit one of each PokÃ©mon
|rule|OHKO Clause: OHKO moves are banned
|rule|Moody Clause: Moody is banned
|rule|Evasion Moves Clause: Evasion moves are banned
|rule|Endless Battle Clause: Forcing endless battles is banned
|rule|HP Percentage Mod: HP is shown in percentages
|teampreview
|
|start
|switch|p1a: Cobalion|Cobalion|358\/358
|switch|p2a: Crobat|Crobat, F|373\/373
|turn|1
|
|move|p2a: Crobat|Brave Bird|p1a: Cobalion
|-crit|p1a: Cobalion
|-damage|p1a: Cobalion|198\/358
|-damage|p2a: Crobat|320\/373|[from] recoil|[of] p1a: Cobalion
|move|p1a: Cobalion|Stealth Rock|p2a: Crobat
|-sidestart|p2: zeromen|move: Stealth Rock
|
|-heal|p2a: Crobat|343\/373|[from] item: Black Sludge
|-heal|p1a: Cobalion|220\/358|[from] item: Leftovers
|turn|2
|
|move|p2a: Crobat|Defog|p1a: Cobalion
|-unboost|p1a: Cobalion|evasion|1
|-sideend|p2: zeromen|Stealth Rock|[from] move: Defog|[of] p2a: Crobat
|move|p1a: Cobalion|Volt Switch|p2a: Crobat
|-crit|p2a: Crobat
|-supereffective|p2a: Crobat
|-damage|p2a: Crobat|185\/373
|
|switch|p1a: Hydreigon|Hydreigon, M|325\/325
|
|-heal|p2a: Crobat|208\/373|[from] item: Black Sludge
|turn|3
|
|switch|p2a: Heatran|Heatran, F|385\/385
|move|p1a: Hydreigon|U-turn|p2a: Heatran
|-resisted|p2a: Heatran
|-damage|p2a: Heatran|376\/385
|
|switch|p1a: Cobalion|Cobalion|220\/358
|
|-heal|p1a: Cobalion|242\/358|[from] item: Leftovers
|-heal|p2a: Heatran|385\/385|[from] item: Leftovers
|turn|4
|
|move|p1a: Cobalion|Stealth Rock|p2a: Heatran
|-sidestart|p2: zeromen|move: Stealth Rock
|move|p2a: Heatran|Lava Plume|p1a: Cobalion
|-supereffective|p1a: Cobalion
|-damage|p1a: Cobalion|0 fnt
|faint|p1a: Cobalion
|
|
|switch|p1a: Landorus-Therian|Landorus-Therian, M|319\/319
|-ability|p1a: Landorus-Therian|Intimidate|[of] p2a: Heatran
|-unboost|p2a: Heatran|atk|1
|turn|5
|
|move|p1a: Landorus-Therian|Knock Off|p2a: Heatran
|-damage|p2a: Heatran|276\/385
|-enditem|p2a: Heatran|Leftovers|[from] move: Knock Off|[of] p1a: Landorus-Therian
|move|p2a: Heatran|Toxic|p1a: Landorus-Therian
|-status|p1a: Landorus-Therian|tox
|
|-damage|p1a: Landorus-Therian|300\/319 tox|[from] psn
|turn|6
|
|switch|p2a: Rotom-Wash|Rotom-Wash|304\/304
|-damage|p2a: Rotom-Wash|266\/304|[from] Stealth Rock
|move|p1a: Landorus-Therian|Knock Off|p2a: Rotom-Wash
|-damage|p2a: Rotom-Wash|165\/304
|-enditem|p2a: Rotom-Wash|Leftovers|[from] move: Knock Off|[of] p1a: Landorus-Therian
|
|-damage|p1a: Landorus-Therian|262\/319 tox|[from] psn
|turn|7
|
|switch|p1a: Hydreigon|Hydreigon, M|325\/325
|move|p2a: Rotom-Wash|Pain Split|p1a: Hydreigon
|-sethp|p1a: Hydreigon|245\/325|p2a: Rotom-Wash|245\/304|[from] move: Pain Split
|
|turn|8
|
|switch|p2a: Heatran|Heatran, F|276\/385
|-damage|p2a: Heatran|228\/385|[from] Stealth Rock
|move|p1a: Hydreigon|Earth Power|p2a: Heatran
|-supereffective|p2a: Heatran
|-damage|p2a: Heatran|0 fnt
|faint|p2a: Heatran
|
|
|switch|p2a: Crobat|Crobat, F|208\/373
|-damage|p2a: Crobat|115\/373|[from] Stealth Rock
|turn|9
|
|switch|p1a: Landorus-Therian|Landorus-Therian, M|262\/319 tox
|-ability|p1a: Landorus-Therian|Intimidate|[of] p2a: Crobat
|-unboost|p2a: Crobat|atk|1
|move|p2a: Crobat|Defog|p1a: Landorus-Therian
|-unboost|p1a: Landorus-Therian|evasion|1
|-sideend|p2: zeromen|Stealth Rock|[from] move: Defog|[of] p2a: Crobat
|
|-heal|p2a: Crobat|138\/373|[from] item: Black Sludge
|-damage|p1a: Landorus-Therian|243\/319 tox|[from] psn
|turn|10
|
|move|p2a: Crobat|Roost|p2a: Crobat
|-heal|p2a: Crobat|325\/373
|move|p1a: Landorus-Therian|U-turn|p2a: Crobat
|-resisted|p2a: Crobat
|-damage|p2a: Crobat|264\/373
|
|switch|p1a: Hydreigon|Hydreigon, M|245\/325
|
|-heal|p2a: Crobat|287\/373|[from] item: Black Sludge
|turn|11
|
|move|p1a: Hydreigon|U-turn|p2a: Crobat
|-resisted|p2a: Crobat
|-damage|p2a: Crobat|271\/373
|
|switch|p1a: Landorus-Therian|Landorus-Therian, M|243\/319 tox
|-ability|p1a: Landorus-Therian|Intimidate|[of] p2a: Crobat
|-unboost|p2a: Crobat|atk|1
|move|p2a: Crobat|U-turn|p1a: Landorus-Therian
|-resisted|p1a: Landorus-Therian
|-damage|p1a: Landorus-Therian|227\/319 tox
|
|switch|p2a: Gardevoir|Gardevoir, M|277\/277
|-ability|p2a: Gardevoir|Intimidate|[from] ability: Trace|[of] p1a: Landorus-Therian
|-ability|p2a: Gardevoir|Intimidate|[of] p1a: Landorus-Therian
|-unboost|p1a: Landorus-Therian|atk|1
|
|-damage|p1a: Landorus-Therian|208\/319 tox|[from] psn
|turn|12
|
|switch|p2a: Rotom-Wash|Rotom-Wash|245\/304
|move|p1a: Landorus-Therian|Earthquake|p2a: Rotom-Wash
|-immune|p2a: Rotom-Wash|[msg]
|
|-damage|p1a: Landorus-Therian|170\/319 tox|[from] psn
|turn|13
|
|move|p1a: Landorus-Therian|U-turn|p2a: Rotom-Wash
|-damage|p2a: Rotom-Wash|199\/304
|
|switch|p1a: Sylveon|Sylveon, M|390\/390
|move|p2a: Rotom-Wash|Hydro Pump|p1a: Sylveon
|-damage|p1a: Sylveon|290\/390
|
|turn|14
|
|move|p2a: Rotom-Wash|Will-O-Wisp|p1a: Sylveon
|-status|p1a: Sylveon|brn
|move|p1a: Sylveon|Hyper Voice|p2a: Rotom-Wash
|-damage|p2a: Rotom-Wash|0 fnt
|faint|p2a: Rotom-Wash
|
|-damage|p1a: Sylveon|242\/390 brn|[from] brn
|
|switch|p2a: Bisharp|Bisharp, M|319\/319
|turn|15
|
|move|p2a: Bisharp|Knock Off|p1a: Sylveon
|-resisted|p1a: Sylveon
|-damage|p1a: Sylveon|107\/390 brn
|-enditem|p1a: Sylveon|Choice Specs|[from] move: Knock Off|[of] p2a: Bisharp
|move|p1a: Sylveon|Hyper Voice|p2a: Bisharp
|-damage|p2a: Bisharp|133\/319
|
|-damage|p1a: Sylveon|59\/390 brn|[from] brn
|turn|16
|
|move|p2a: Bisharp|Knock Off|p1a: Sylveon
|-resisted|p1a: Sylveon
|-damage|p1a: Sylveon|0 fnt
|faint|p1a: Sylveon
|
|
|switch|p1a: Hydreigon|Hydreigon, M|245\/325
|turn|17
|
|move|p1a: Hydreigon|Draco Meteor|p2a: Bisharp
|-resisted|p2a: Bisharp
|-damage|p2a: Bisharp|31\/319
|-unboost|p1a: Hydreigon|spa|2
|move|p2a: Bisharp|Pursuit|p1a: Hydreigon
|-resisted|p1a: Hydreigon
|-damage|p1a: Hydreigon|203\/325
|
|turn|18
|
|move|p1a: Hydreigon|Draco Meteor|p2a: Bisharp
|-resisted|p2a: Bisharp
|-damage|p2a: Bisharp|0 fnt
|-unboost|p1a: Hydreigon|spa|2
|faint|p2a: Bisharp
|
|
|switch|p2a: Gardevoir|Gardevoir, M|277\/277
|-ability|p2a: Gardevoir|Levitate|[from] ability: Trace|[of] p1a: Hydreigon
|turn|19
|
|switch|p1a: Landorus-Therian|Landorus-Therian, M|170\/319 tox
|-ability|p1a: Landorus-Therian|Intimidate|[of] p2a: Gardevoir
|-unboost|p2a: Gardevoir|atk|1
|detailschange|p2a: Gardevoir|Gardevoir-Mega, M
|-mega|p2a: Gardevoir|Gardevoir|Gardevoirite
|move|p2a: Gardevoir|Hyper Voice|p1a: Landorus-Therian
|-damage|p1a: Landorus-Therian|0 fnt
|faint|p1a: Landorus-Therian
|
|
|switch|p1a: Manectric|Manectric, M|281\/281
|turn|20
|
|detailschange|p1a: Manectric|Manectric-Mega, M
|-mega|p1a: Manectric|Manectric|Manectite
|-ability|p1a: Manectric|Intimidate|[of] p2a: Gardevoir
|-unboost|p2a: Gardevoir|atk|1
|move|p1a: Manectric|Volt Switch|p2a: Gardevoir
|-damage|p2a: Gardevoir|171\/277
|
|switch|p1a: Manaphy|Manaphy|365\/365
|move|p2a: Gardevoir|Hyper Voice|p1a: Manaphy
|-damage|p1a: Manaphy|134\/365
|
|-heal|p1a: Manaphy|156\/365|[from] item: Leftovers
|turn|21
|
|move|p2a: Gardevoir|Hyper Voice|p1a: Manaphy
|-damage|p1a: Manaphy|0 fnt
|faint|p1a: Manaphy
|
|
|switch|p1a: Hydreigon|Hydreigon, M|203\/325
|turn|22
|
|move|p1a: Hydreigon|Dark Pulse|p2a: Gardevoir
|-damage|p2a: Gardevoir|54\/277
|move|p2a: Gardevoir|Hyper Voice|p1a: Hydreigon
|-supereffective|p1a: Hydreigon
|-damage|p1a: Hydreigon|0 fnt
|faint|p1a: Hydreigon
|
|
|switch|p1a: Manectric|Manectric-Mega, M|281\/281
|-ability|p1a: Manectric|Intimidate|[of] p2a: Gardevoir
|-unboost|p2a: Gardevoir|atk|1
|turn|23
|
|move|p1a: Manectric|Volt Switch|p2a: Gardevoir
|-damage|p2a: Gardevoir|0 fnt
|faint|p2a: Gardevoir
|
|
|switch|p2a: Thundurus|Thundurus, M|299\/299
|turn|24
|
|move|p1a: Manectric|Hidden Power|p2a: Thundurus
|-supereffective|p2a: Thundurus
|-damage|p2a: Thundurus|117\/299
|move|p2a: Thundurus|Psychic|p1a: Manectric
|-damage|p1a: Manectric|113\/281
|-damage|p2a: Thundurus|88\/299|[from] item: Life Orb
|
|turn|25
|c|âzeromen|gg
|
|move|p1a: Manectric|Hidden Power|p2a: Thundurus
|-supereffective|p2a: Thundurus
|-damage|p2a: Thundurus|0 fnt
|faint|p2a: Thundurus
|
|
|switch|p2a: Crobat|Crobat, F|271\/373
|turn|26
|c|âHoloWolf~|gg
|
|move|p1a: Manectric|Thunderbolt|p2a: Crobat
|-supereffective|p2a: Crobat
|-damage|p2a: Crobat|0 fnt
|faint|p2a: Crobat
|
|win|HoloWolf~
|raw|Ladder updating...