|join|fraaa)
|join|HoloWolf~
|player|p1|fraaa)|170
|player|p2|HoloWolf~|70
|gametype|singles
|gen|6
|tier|OU
|rated
|clearpoke
|poke|p1|Diggersby, M
|poke|p1|Heatran, M
|poke|p1|Mandibuzz, F
|poke|p1|Breloom, M
|poke|p1|Clefable, M
|poke|p1|Metagross
|poke|p2|Bisharp, F
|poke|p2|Gallade, M
|poke|p2|Clefable, F
|poke|p2|Landorus-Therian, M
|poke|p2|Latias, F
|poke|p2|Keldeo-Resolute
|rule|Swagger Clause: Swagger is banned
|rule|Baton Pass Clause: Limit one PokÃ©mon knowing Baton Pass
|rule|Sleep Clause Mod: Limit one foe put to sleep
|rule|Species Clause: Limit one of each PokÃ©mon
|rule|OHKO Clause: OHKO moves are banned
|rule|Moody Clause: Moody is banned
|rule|Evasion Moves Clause: Evasion moves are banned
|rule|Endless Battle Clause: Forcing endless battles is banned
|rule|HP Percentage Mod: HP is shown in percentages
|teampreview
|
|start
|switch|p1a: Breloom|Breloom, M|261\/261
|switch|p2a: Latias|Latias, F|301\/301
|turn|1
|
|switch|p1a: Metagross|Metagross|363\/363
|move|p2a: Latias|Psyshock|p1a: Metagross
|-resisted|p1a: Metagross
|-damage|p1a: Metagross|331\/363
|-damage|p2a: Latias|271\/301|[from] item: Life Orb
|
|turn|2
|
|switch|p2a: Landorus-Therian|Landorus-Therian, M|381\/381
|-ability|p2a: Landorus-Therian|Intimidate|[of] p1a: Metagross
|-fail|p1a: Metagross|unboost|[from] ability: Clear Body|[of] p1a: Metagross
|detailschange|p1a: Metagross|Metagross-Mega
|-mega|p1a: Metagross|Metagross|Metagrossite
|move|p1a: Metagross|Zen Headbutt|p2a: Landorus-Therian
|-damage|p2a: Landorus-Therian|203\/381
|
|-heal|p2a: Landorus-Therian|226\/381|[from] item: Leftovers
|turn|3
|
|move|p1a: Metagross|Ice Punch|p2a: Landorus-Therian
|-supereffective|p2a: Landorus-Therian
|-damage|p2a: Landorus-Therian|0 fnt
|faint|p2a: Landorus-Therian
|
|
|switch|p2a: Bisharp|Bisharp, F|272\/272
|turn|4
|
|switch|p1a: Breloom|Breloom, M|261\/261
|move|p2a: Bisharp|Knock Off|p1a: Breloom
|-resisted|p1a: Breloom
|-damage|p1a: Breloom|159\/261
|-enditem|p1a: Breloom|Life Orb|[from] move: Knock Off|[of] p2a: Bisharp
|
|turn|5
|
|move|p1a: Breloom|Spore|p2a: Bisharp
|-status|p2a: Bisharp|slp
|-enditem|p2a: Bisharp|Lum Berry|[eat]
|-curestatus|p2a: Bisharp|slp
|move|p2a: Bisharp|Iron Head|p1a: Breloom
|-damage|p1a: Breloom|0 fnt
|faint|p1a: Breloom
|
|
|switch|p1a: Diggersby|Diggersby, M|311\/311
|turn|6
|
|switch|p2a: Latias|Latias, F|271\/301
|move|p1a: Diggersby|Knock Off|p2a: Latias
|-supereffective|p2a: Latias
|-damage|p2a: Latias|0 fnt
|-enditem|p2a: Latias|Life Orb|[from] move: Knock Off|[of] p1a: Diggersby
|faint|p2a: Latias
|
|
|switch|p2a: Keldeo-Resolute|Keldeo-Resolute|323\/323
|turn|7
|
|switch|p1a: Clefable|Clefable, M|394\/394
|move|p2a: Keldeo-Resolute|Scald|p1a: Clefable
|-damage|p1a: Clefable|244\/394
|
|-heal|p1a: Clefable|268\/394|[from] item: Leftovers
|turn|8
|
|switch|p2a: Bisharp|Bisharp, F|272\/272
|move|p1a: Clefable|Moonblast|p2a: Bisharp
|-damage|p2a: Bisharp|116\/272
|
|-heal|p1a: Clefable|292\/394|[from] item: Leftovers
|turn|9
|
|switch|p1a: Mandibuzz|Mandibuzz, F|423\/423
|move|p2a: Bisharp|Knock Off|p1a: Mandibuzz
|-resisted|p1a: Mandibuzz
|-damage|p1a: Mandibuzz|357\/423
|-damage|p2a: Bisharp|71\/272|[from] item: Rocky Helmet|[of] p1a: Mandibuzz
|-enditem|p1a: Mandibuzz|Rocky Helmet|[from] move: Knock Off|[of] p2a: Bisharp
|
|turn|10
|
|switch|p2a: Clefable|Clefable, F|394\/394
|move|p1a: Mandibuzz|Foul Play|p2a: Clefable
|-resisted|p2a: Clefable
|-damage|p2a: Clefable|356\/394
|
|-heal|p2a: Clefable|380\/394|[from] item: Leftovers
|turn|11
|
|switch|p1a: Metagross|Metagross-Mega|331\/363
|switch|p2a: Keldeo-Resolute|Keldeo-Resolute|323\/323
|
|turn|12
|
|switch|p2a: Bisharp|Bisharp, F|71\/272
|move|p1a: Metagross|Zen Headbutt|p2a: Bisharp
|-immune|p2a: Bisharp|[msg]
|
|turn|13
|
|move|p2a: Bisharp|Sucker Punch|p1a: Metagross
|-supereffective|p1a: Metagross
|-damage|p1a: Metagross|121\/363
|move|p1a: Metagross|Earthquake|p2a: Bisharp
|-supereffective|p2a: Bisharp
|-damage|p2a: Bisharp|0 fnt
|faint|p2a: Bisharp
|
|
|switch|p2a: Keldeo-Resolute|Keldeo-Resolute|323\/323
|turn|14
|
|switch|p1a: Clefable|Clefable, M|292\/394
|move|p2a: Keldeo-Resolute|Scald|p1a: Clefable
|-damage|p1a: Clefable|141\/394
|
|-heal|p1a: Clefable|165\/394|[from] item: Leftovers
|turn|15
|
|switch|p2a: Clefable|Clefable, F|380\/394
|move|p1a: Clefable|Wish|p1a: Clefable
|
|-heal|p2a: Clefable|394\/394|[from] item: Leftovers
|-heal|p1a: Clefable|189\/394|[from] item: Leftovers
|turn|16
|
|move|p1a: Clefable|Moonblast|p2a: Clefable
|-damage|p2a: Clefable|298\/394
|move|p2a: Clefable|Fire Blast|p1a: Clefable
|-damage|p1a: Clefable|96\/394
|
|-heal|p1a: Clefable|293\/394|[from] move: Wish|[wisher] Clefable
|-heal|p2a: Clefable|322\/394|[from] item: Leftovers
|-heal|p1a: Clefable|317\/394|[from] item: Leftovers
|turn|17
|
|move|p2a: Clefable|Moonblast|p1a: Clefable
|-damage|p1a: Clefable|209\/394
|-unboost|p1a: Clefable|spa|1
|move|p1a: Clefable|Wish|p1a: Clefable
|
|-heal|p1a: Clefable|233\/394|[from] item: Leftovers
|-heal|p2a: Clefable|346\/394|[from] item: Leftovers
|turn|18
|
|move|p2a: Clefable|Moonblast|p1a: Clefable
|-damage|p1a: Clefable|121\/394
|-unboost|p1a: Clefable|spa|1
|move|p1a: Clefable|Moonblast|p2a: Clefable
|-damage|p2a: Clefable|301\/394
|-unboost|p2a: Clefable|spa|1
|
|-heal|p1a: Clefable|318\/394|[from] move: Wish|[wisher] Clefable
|-heal|p1a: Clefable|342\/394|[from] item: Leftovers
|-heal|p2a: Clefable|325\/394|[from] item: Leftovers
|turn|19
|-message|HoloWolf~ forfeited.
|
|win|fraaa)
|raw|Ladder updating...
|leave|HoloWolf~
|player|p2
|raw|fraaa)'s rating: 1412 &rarr; <strong>1437<\/strong><br \/>(+25 for winning)
|raw|HoloWolf~'s rating: 1507 &rarr; <strong>1482<\/strong><br \/>(-25 for losing)