|join|PikachuCandy
|join|HoloWolf~
|player|p1|PikachuCandy|155
|player|p2|HoloWolf~|277
|gametype|singles
|gen|6
|tier|OU
|rated
|clearpoke
|poke|p1|Landorus-Therian, M
|poke|p1|Wobbuffet, M, shiny
|poke|p1|Mandibuzz, F
|poke|p1|Garchomp, M, shiny
|poke|p1|Kyurem-Black, shiny
|poke|p1|Gardevoir, F, shiny
|poke|p2|Bisharp, F
|poke|p2|Gallade, M
|poke|p2|Clefable, F
|poke|p2|Landorus-Therian, M
|poke|p2|Latias, F
|poke|p2|Keldeo-Resolute
|rule|Swagger Clause: Swagger is banned
|rule|Baton Pass Clause: Limit one PokÃ©mon knowing Baton Pass
|rule|Sleep Clause Mod: Limit one foe put to sleep
|rule|Species Clause: Limit one of each PokÃ©mon
|rule|OHKO Clause: OHKO moves are banned
|rule|Moody Clause: Moody is banned
|rule|Evasion Moves Clause: Evasion moves are banned
|rule|Endless Battle Clause: Forcing endless battles is banned
|rule|HP Percentage Mod: HP is shown in percentages
|teampreview
|
|start
|switch|p1a: Teriyaki|Kyurem-Black, shiny|392\/392
|switch|p2a: Keldeo-Resolute|Keldeo-Resolute|323\/323
|-ability|p1a: Teriyaki|Teravolt
|turn|1
|
|switch|p1a: BubbleTea|Wobbuffet, M, shiny|584\/584
|move|p2a: Keldeo-Resolute|Scald|p1a: BubbleTea
|-damage|p1a: BubbleTea|451\/584
|-status|p1a: BubbleTea|brn
|
|-heal|p1a: BubbleTea|487\/584 brn|[from] item: Leftovers
|-damage|p1a: BubbleTea|414\/584 brn|[from] brn
|turn|2
|
|move|p2a: Keldeo-Resolute|Scald|p1a: BubbleTea
|-damage|p1a: BubbleTea|260\/584 brn
|move|p1a: BubbleTea|Mirror Coat|p2a: Keldeo-Resolute
|-damage|p2a: Keldeo-Resolute|15\/323
|
|-heal|p1a: BubbleTea|296\/584 brn|[from] item: Leftovers
|-damage|p1a: BubbleTea|223\/584 brn|[from] brn
|turn|3
|
|move|p2a: Keldeo-Resolute|Scald|p1a: BubbleTea
|-damage|p1a: BubbleTea|78\/584 brn
|move|p1a: BubbleTea|Mirror Coat|p2a: Keldeo-Resolute
|-damage|p2a: Keldeo-Resolute|0 fnt
|faint|p2a: Keldeo-Resolute
|
|-heal|p1a: BubbleTea|114\/584 brn|[from] item: Leftovers
|-damage|p1a: BubbleTea|41\/584 brn|[from] brn
|
|switch|p2a: Gallade|Gallade, M|277\/277
|turn|4
|
|detailschange|p2a: Gallade|Gallade-Mega, M
|-mega|p2a: Gallade|Gallade|Galladite
|move|p2a: Gallade|Swords Dance|p2a: Gallade
|-boost|p2a: Gallade|atk|2
|move|p1a: BubbleTea|Encore|p2a: Gallade
|-start|p2a: Gallade|Encore
|
|-heal|p1a: BubbleTea|77\/584 brn|[from] item: Leftovers
|-damage|p1a: BubbleTea|4\/584 brn|[from] brn
|turn|5
|-message|HoloWolf~ forfeited.
|leave|HoloWolf~
|
|switch|p1a: DustFairy|Gardevoir, F, shiny|301\/301
|move|p2a: Gallade|Swords Dance|p2a: Gallade
|-boost|p2a: Gallade|atk|2
|
|turn|6
|
|win|PikachuCandy
|raw|Ladder updating...
|player|p2
|c|âPikachuCandy|lel
|raw|PikachuCandy's rating: 1568 &rarr; <strong>1588<\/strong><br \/>(+20 for winning)
|raw|HoloWolf~'s rating: 1563 &rarr; <strong>1543<\/strong><br \/>(-20 for losing)