|join|RustyEspur
|join|HoloWolf~
|player|p1|RustyEspur|172
|player|p2|HoloWolf~|70
|gametype|singles
|gen|6
|tier|OU
|rated
|clearpoke
|poke|p1|Bisharp, F
|poke|p1|Heatran, F
|poke|p1|Venusaur, F
|poke|p1|Rotom-Wash
|poke|p1|Mamoswine, M
|poke|p1|Latias, F
|poke|p2|Victini
|poke|p2|Ferrothorn, M
|poke|p2|Cofagrigus, F
|poke|p2|Gardevoir, M
|poke|p2|Magneton
|poke|p2|Crawdaunt, F
|rule|Swagger Clause: Swagger is banned
|rule|Baton Pass Clause: Limit one PokÃ©mon knowing Baton Pass
|rule|Sleep Clause Mod: Limit one foe put to sleep
|rule|Species Clause: Limit one of each PokÃ©mon
|rule|OHKO Clause: OHKO moves are banned
|rule|Moody Clause: Moody is banned
|rule|Evasion Moves Clause: Evasion moves are banned
|rule|Endless Battle Clause: Forcing endless battles is banned
|rule|HP Percentage Mod: HP is shown in percentages
|teampreview
|
|start
|switch|p1a: Mamoswine|Mamoswine, M|361\/361
|switch|p2a: Ferrothorn|Ferrothorn, M|351\/351
|turn|1
|
|move|p1a: Mamoswine|Earthquake|p2a: Ferrothorn
|-damage|p2a: Ferrothorn|195\/351
|-damage|p1a: Mamoswine|325\/361|[from] item: Life Orb
|move|p2a: Ferrothorn|Stealth Rock|p1a: Mamoswine
|-sidestart|p1: RustyEspur|move: Stealth Rock
|
|-heal|p2a: Ferrothorn|216\/351|[from] item: Leftovers
|turn|2
|
|move|p1a: Mamoswine|Superpower|p2a: Ferrothorn
|-supereffective|p2a: Ferrothorn
|-damage|p2a: Ferrothorn|0 fnt
|-damage|p1a: Mamoswine|280\/361|[from] ability: Iron Barbs|[of] p2a: Ferrothorn
|-unboost|p1a: Mamoswine|atk|1
|-unboost|p1a: Mamoswine|def|1
|-damage|p1a: Mamoswine|244\/361|[from] item: Life Orb
|faint|p2a: Ferrothorn
|
|
|switch|p2a: Gardevoir|Gardevoir, M|340\/340
|-ability|p2a: Gardevoir|Thick Fat|[from] ability: Trace|[of] p1a: Mamoswine
|turn|3
|
|switch|p1a: Venusaur|Venusaur, F|364\/364
|-damage|p1a: Venusaur|319\/364|[from] Stealth Rock
|detailschange|p2a: Gardevoir|Gardevoir-Mega, M
|-mega|p2a: Gardevoir|Gardevoir|Gardevoirite
|move|p2a: Gardevoir|Trick Room|p2a: Gardevoir
|-fieldstart|move: Trick Room|[of] p2a: Gardevoir
|
|turn|4
|
|switch|p1a: Bisharp|Bisharp, F|271\/271
|-damage|p1a: Bisharp|255\/271|[from] Stealth Rock
|move|p2a: Gardevoir|Hyper Voice|p1a: Bisharp
|-damage|p1a: Bisharp|0 fnt
|faint|p1a: Bisharp
|
|
|switch|p1a: Heatran|Heatran, F|385\/385
|-damage|p1a: Heatran|337\/385|[from] Stealth Rock
|turn|5
|
|switch|p2a: Crawdaunt|Crawdaunt, F|329\/329
|move|p1a: Heatran|Lava Plume|p2a: Crawdaunt
|-resisted|p2a: Crawdaunt
|-damage|p2a: Crawdaunt|230\/329
|
|-heal|p1a: Heatran|361\/385|[from] item: Leftovers
|turn|6
|
|switch|p1a: Venusaur|Venusaur, F|319\/364
|-damage|p1a: Venusaur|274\/364|[from] Stealth Rock
|move|p2a: Crawdaunt|Swords Dance|p2a: Crawdaunt
|-boost|p2a: Crawdaunt|atk|2
|
|turn|7
|
|detailschange|p1a: Venusaur|Venusaur-Mega, F
|-mega|p1a: Venusaur|Venusaur|Venusaurite
|move|p2a: Crawdaunt|Knock Off|p1a: Venusaur
|-damage|p1a: Venusaur|86\/364
|move|p1a: Venusaur|Sleep Powder|p2a: Crawdaunt
|-status|p2a: Crawdaunt|slp
|-enditem|p2a: Crawdaunt|Lum Berry|[eat]
|-curestatus|p2a: Crawdaunt|slp
|
|-fieldend|move: Trick Room
|turn|8
|
|switch|p2a: Victini|Victini|404\/404
|move|p1a: Venusaur|Synthesis|p1a: Venusaur
|-heal|p1a: Venusaur|268\/364
|
|turn|9
|
|switch|p1a: Rotom-Wash|Rotom-Wash|303\/303
|-damage|p1a: Rotom-Wash|266\/303|[from] Stealth Rock
|switch|p2a: Gardevoir|Gardevoir-Mega, M|340\/340
|
|-heal|p1a: Rotom-Wash|284\/303|[from] item: Leftovers
|turn|10
|
|switch|p1a: Heatran|Heatran, F|361\/385
|-damage|p1a: Heatran|313\/385|[from] Stealth Rock
|move|p2a: Gardevoir|Trick Room|p2a: Gardevoir
|-fieldstart|move: Trick Room|[of] p2a: Gardevoir
|
|-heal|p1a: Heatran|337\/385|[from] item: Leftovers
|turn|11
|
|switch|p2a: Crawdaunt|Crawdaunt, F|230\/329
|move|p1a: Heatran|Lava Plume|p2a: Crawdaunt
|-resisted|p2a: Crawdaunt
|-damage|p2a: Crawdaunt|139\/329
|
|-heal|p1a: Heatran|361\/385|[from] item: Leftovers
|turn|12
|
|switch|p1a: Venusaur|Venusaur-Mega, F|268\/364
|-damage|p1a: Venusaur|223\/364|[from] Stealth Rock
|move|p2a: Crawdaunt|Crabhammer|p1a: Venusaur
|-resisted|p1a: Venusaur
|-damage|p1a: Venusaur|150\/364
|
|turn|13
|
|move|p2a: Crawdaunt|Knock Off|p1a: Venusaur
|-damage|p1a: Venusaur|42\/364
|move|p1a: Venusaur|Synthesis|p1a: Venusaur
|-heal|p1a: Venusaur|224\/364
|
|turn|14
|
|move|p2a: Crawdaunt|Swords Dance|p2a: Crawdaunt
|-boost|p2a: Crawdaunt|atk|2
|move|p1a: Venusaur|Synthesis|p1a: Venusaur
|-heal|p1a: Venusaur|364\/364
|
|-fieldend|move: Trick Room
|turn|15
|
|move|p1a: Venusaur|Giga Drain|p2a: Crawdaunt
|-supereffective|p2a: Crawdaunt
|-damage|p2a: Crawdaunt|0 fnt
|faint|p2a: Crawdaunt
|
|
|switch|p2a: Gardevoir|Gardevoir-Mega, M|340\/340
|turn|16
|
|switch|p1a: Heatran|Heatran, F|361\/385
|-damage|p1a: Heatran|313\/385|[from] Stealth Rock
|move|p2a: Gardevoir|Trick Room|p2a: Gardevoir
|-fieldstart|move: Trick Room|[of] p2a: Gardevoir
|
|-heal|p1a: Heatran|337\/385|[from] item: Leftovers
|turn|17
|
|switch|p2a: Victini|Victini|404\/404
|move|p1a: Heatran|Lava Plume|p2a: Victini
|-resisted|p2a: Victini
|-damage|p2a: Victini|342\/404
|
|-heal|p1a: Heatran|361\/385|[from] item: Leftovers
|turn|18
|
|move|p2a: Victini|Power-Up Punch|p1a: Heatran
|-supereffective|p1a: Heatran
|-damage|p1a: Heatran|265\/385
|-boost|p2a: Victini|atk|1
|move|p1a: Heatran|Stealth Rock|p2a: Victini
|-sidestart|p2: HoloWolf~|move: Stealth Rock
|
|-heal|p1a: Heatran|289\/385|[from] item: Leftovers
|turn|19
|
|switch|p1a: Rotom-Wash|Rotom-Wash|284\/303
|-damage|p1a: Rotom-Wash|247\/303|[from] Stealth Rock
|move|p2a: Victini|Bolt Strike|p1a: Rotom-Wash
|-damage|p1a: Rotom-Wash|105\/303
|
|-heal|p1a: Rotom-Wash|123\/303|[from] item: Leftovers
|turn|20
|
|move|p2a: Victini|V-create|p1a: Rotom-Wash
|-resisted|p1a: Rotom-Wash
|-damage|p1a: Rotom-Wash|0 fnt
|-unboost|p2a: Victini|def|1
|-unboost|p2a: Victini|spd|1
|-unboost|p2a: Victini|spe|1
|faint|p1a: Rotom-Wash
|
|-fieldend|move: Trick Room
|
|switch|p1a: Mamoswine|Mamoswine, M|244\/361
|-damage|p1a: Mamoswine|199\/361|[from] Stealth Rock
|turn|21
|
|switch|p2a: Cofagrigus|Cofagrigus, F|319\/319
|-damage|p2a: Cofagrigus|280\/319|[from] Stealth Rock
|move|p1a: Mamoswine|Earthquake|p2a: Cofagrigus
|-damage|p2a: Cofagrigus|150\/319
|-damage|p1a: Mamoswine|163\/361|[from] item: Life Orb
|
|turn|22
|
|move|p1a: Mamoswine|Earthquake|p2a: Cofagrigus
|-damage|p2a: Cofagrigus|4\/319
|-damage|p1a: Mamoswine|127\/361|[from] item: Life Orb
|move|p2a: Cofagrigus|Will-O-Wisp|p1a: Mamoswine
|-status|p1a: Mamoswine|brn
|
|-damage|p1a: Mamoswine|82\/361 brn|[from] brn
|turn|23
|
|move|p1a: Mamoswine|Earthquake|p2a: Cofagrigus
|-damage|p2a: Cofagrigus|0 fnt
|-damage|p1a: Mamoswine|46\/361 brn|[from] item: Life Orb
|faint|p2a: Cofagrigus
|
|-damage|p1a: Mamoswine|1\/361 brn|[from] brn
|
|switch|p2a: Gardevoir|Gardevoir-Mega, M|340\/340
|-damage|p2a: Gardevoir|298\/340|[from] Stealth Rock
|turn|24
|
|move|p1a: Mamoswine|Earthquake|p2a: Gardevoir
|-damage|p2a: Gardevoir|133\/340
|-damage|p1a: Mamoswine|0 fnt|[from] item: Life Orb
|faint|p1a: Mamoswine
|move|p2a: Gardevoir|Trick Room|p2a: Gardevoir
|-fieldstart|move: Trick Room|[of] p2a: Gardevoir
|
|
|switch|p1a: Venusaur|Venusaur-Mega, F|364\/364
|-damage|p1a: Venusaur|319\/364|[from] Stealth Rock
|turn|25
|
|move|p2a: Gardevoir|Hyper Voice|p1a: Venusaur
|-resisted|p1a: Venusaur
|-damage|p1a: Venusaur|203\/364
|move|p1a: Venusaur|Sludge Bomb|p2a: Gardevoir
|-supereffective|p2a: Gardevoir
|-damage|p2a: Gardevoir|0 fnt
|faint|p2a: Gardevoir
|
|
|switch|p2a: Victini|Victini|342\/404
|-damage|p2a: Victini|241\/404|[from] Stealth Rock
|turn|26
|
|move|p2a: Victini|Power-Up Punch|p1a: Venusaur
|-resisted|p1a: Venusaur
|-damage|p1a: Venusaur|188\/364
|-boost|p2a: Victini|atk|1
|move|p1a: Venusaur|Synthesis|p1a: Venusaur
|-heal|p1a: Venusaur|364\/364
|
|turn|27
|
|move|p2a: Victini|V-create|p1a: Venusaur
|-supereffective|p1a: Venusaur
|-damage|p1a: Venusaur|45\/364
|-unboost|p2a: Victini|def|1
|-unboost|p2a: Victini|spd|1
|-unboost|p2a: Victini|spe|1
|move|p1a: Venusaur|Sleep Powder|p2a: Victini|[miss]
|-miss|p1a: Venusaur|p2a: Victini
|
|turn|28
|
|move|p2a: Victini|V-create|p1a: Venusaur
|-supereffective|p1a: Venusaur
|-damage|p1a: Venusaur|0 fnt
|-unboost|p2a: Victini|def|1
|-unboost|p2a: Victini|spd|1
|-unboost|p2a: Victini|spe|1
|faint|p1a: Venusaur
|
|-fieldend|move: Trick Room
|
|switch|p1a: Latias|Latias, F|301\/301
|-damage|p1a: Latias|264\/301|[from] Stealth Rock
|turn|29
|
|switch|p2a: Magneton|Magneton|241\/241
|-damage|p2a: Magneton|226\/241|[from] Stealth Rock
|move|p1a: Latias|Draco Meteor|p2a: Magneton
|-resisted|p2a: Magneton
|-damage|p2a: Magneton|34\/241
|-unboost|p1a: Latias|spa|2
|-damage|p1a: Latias|234\/301|[from] item: Life Orb
|
|turn|30
|
|move|p2a: Magneton|Thunderbolt|p1a: Latias
|-resisted|p1a: Latias
|-damage|p1a: Latias|174\/301
|move|p1a: Latias|Psyshock|p2a: Magneton
|-resisted|p2a: Magneton
|-damage|p2a: Magneton|0 fnt
|-damage|p1a: Latias|144\/301|[from] item: Life Orb
|faint|p2a: Magneton
|
|-message|HoloWolf~ forfeited.
|
|win|RustyEspur
|raw|Ladder updating...
|raw|RustyEspur's rating: 1585 &rarr; <strong>1609<\/strong><br \/>(+24 for winning)
|raw|HoloWolf~'s rating: 1658 &rarr; <strong>1634<\/strong><br \/>(-24 for losing)
|leave|HoloWolf~
|player|p2