|join|omegaW
|join|Nub Central
|player|p1|omegaW|32
|player|p2|Nub Central|161
|gametype|singles
|gen|6
|tier|ORAS OU
|rated
|rule|Sleep Clause Mod: Limit one foe put to sleep
|rule|Species Clause: Limit one of each PokÃ©mon
|rule|OHKO Clause: OHKO moves are banned
|rule|Moody Clause: Moody is banned
|rule|Evasion Moves Clause: Evasion moves are banned
|rule|Endless Battle Clause: Forcing endless battles is banned
|rule|HP Percentage Mod: HP is shown in percentages
|clearpoke
|poke|p1|Salamence, M
|poke|p1|Landorus-Therian, M
|poke|p1|Heatran, M
|poke|p1|Rotom-Wash
|poke|p1|Latios, M
|poke|p1|Bisharp, F
|poke|p2|Weavile, M, shiny
|poke|p2|Azumarill, M
|poke|p2|Greninja, M, shiny
|poke|p2|Zapdos
|poke|p2|Garchomp, M, shiny
|poke|p2|Diancie
|rule|Swagger Clause: Swagger is banned
|rule|Baton Pass Clause: Limit one PokÃ©mon knowing Baton Pass
|teampreview
|join|fingerscrossed
|join|Th3Ender
|join|Mistaken
|
|start
|switch|p1a: Landorus-Therian|Landorus-Therian, M|321\/321
|switch|p2a: Bi-polar|Greninja, M, shiny|285\/285
|-ability|p1a: Landorus-Therian|Intimidate|[of] p2a: Bi-polar
|-unboost|p2a: Bi-polar|atk|1
|turn|1
|
|switch|p2a: Zaptwo|Zapdos|383\/383
|-ability|p2a: Zaptwo|Pressure
|move|p1a: Landorus-Therian|U-turn|p2a: Zaptwo
|-resisted|p2a: Zaptwo
|-damage|p2a: Zaptwo|338\/383
|c| Mistaken|fingers doesn't omega W's team look just like mine
|
|switch|p1a: Bisharp|Bisharp, F|272\/272
|
|-heal|p2a: Zaptwo|361\/383|[from] item: Leftovers
|turn|2
|
|move|p1a: Bisharp|Knock Off|p2a: Zaptwo
|-damage|p2a: Zaptwo|135\/383
|-enditem|p2a: Zaptwo|Leftovers|[from] move: Knock Off|[of] p1a: Bisharp
|-damage|p1a: Bisharp|245\/272|[from] item: Life Orb
|move|p2a: Zaptwo|Heat Wave|p1a: Bisharp
|-supereffective|p1a: Bisharp
|-damage|p1a: Bisharp|15\/272
|
|turn|3
|
|move|p1a: Bisharp|Knock Off|p2a: Zaptwo
|-damage|p2a: Zaptwo|0 fnt
|-damage|p1a: Bisharp|0 fnt|[from] item: Life Orb
|faint|p2a: Zaptwo
|faint|p1a: Bisharp
|
|
|switch|p1a: Landorus-Therian|Landorus-Therian, M|321\/321
|switch|p2a: Sharknado|Garchomp, M, shiny|358\/358
|-ability|p1a: Landorus-Therian|Intimidate|[of] p2a: Sharknado
|-unboost|p2a: Sharknado|atk|1
|turn|4
|join|Cienight
|
|move|p1a: Landorus-Therian|U-turn|p2a: Sharknado
|-damage|p2a: Sharknado|270\/358
|-damage|p1a: Landorus-Therian|281\/321|[from] ability: Rough Skin|[of] p2a: Sharknado
|
|switch|p1a: Latios|Latios, M|301\/301
|move|p2a: Sharknado|Stealth Rock|p1a: Latios
|-sidestart|p1: omegaW|move: Stealth Rock
|
|turn|5
|
|move|p1a: Latios|Draco Meteor|p2a: Sharknado
|-supereffective|p2a: Sharknado
|-damage|p2a: Sharknado|0 fnt
|-unboost|p1a: Latios|spa|2
|-damage|p1a: Latios|271\/301|[from] item: Life Orb
|faint|p2a: Sharknado
|
|
|switch|p2a: Honey Badger|Weavile, M, shiny|281\/281
|-ability|p2a: Honey Badger|Pressure
|turn|6
|
|move|p2a: Honey Badger|Knock Off|p1a: Latios
|-supereffective|p1a: Latios
|-damage|p1a: Latios|0 fnt
|-enditem|p1a: Latios|Life Orb|[from] move: Knock Off|[of] p2a: Honey Badger
|-damage|p2a: Honey Badger|253\/281|[from] item: Life Orb
|faint|p1a: Latios
|
|
|switch|p1a: Rotom-Wash|Rotom-Wash|304\/304
|-damage|p1a: Rotom-Wash|266\/304|[from] Stealth Rock
|turn|7
|
|switch|p2a: Blooregard|Azumarill, M|381\/381
|move|p1a: Rotom-Wash|Volt Switch|p2a: Blooregard
|-supereffective|p2a: Blooregard
|-damage|p2a: Blooregard|157\/381
|
|switch|p1a: Salamence|Salamence, M|331\/331
|-damage|p1a: Salamence|249\/331|[from] Stealth Rock
|-ability|p1a: Salamence|Intimidate|[of] p2a: Blooregard
|-unboost|p2a: Blooregard|atk|1
|
|turn|8
|
|detailschange|p1a: Salamence|Salamence-Mega, M
|message|Salamence has Mega Evolved into Mega Salamence!
|move|p1a: Salamence|Frustration|p2a: Blooregard
|-damage|p2a: Blooregard|0 fnt
|faint|p2a: Blooregard
|
|join|jake5
|
|switch|p2a: Bi-polar|Greninja, M, shiny|285\/285
|turn|9
|
|switch|p1a: Heatran|Heatran, M|386\/386
|-damage|p1a: Heatran|338\/386|[from] Stealth Rock
|move|p2a: Bi-polar|Dark Pulse|p1a: Heatran
|-start|p2a: Bi-polar|typechange|Dark|[from] Protean
|-damage|p1a: Heatran|231\/386
|-damage|p2a: Bi-polar|257\/285|[from] item: Life Orb
|
|-heal|p1a: Heatran|255\/386|[from] item: Leftovers
|turn|10
|
|move|p1a: Heatran|Protect|p1a: Heatran
|-singleturn|p1a: Heatran|Protect
|move|p2a: Bi-polar|Hydro Pump|p1a: Heatran
|-start|p2a: Bi-polar|typechange|Water|[from] Protean
|-activate|p1a: Heatran|Protect
|
|-heal|p1a: Heatran|279\/386|[from] item: Leftovers
|turn|11
|
|move|p2a: Bi-polar|Hydro Pump|p1a: Heatran
|-supereffective|p1a: Heatran
|-damage|p1a: Heatran|0 fnt
|-damage|p2a: Bi-polar|229\/285|[from] item: Life Orb
|faint|p1a: Heatran
|
|
|switch|p1a: Landorus-Therian|Landorus-Therian, M|281\/321
|-damage|p1a: Landorus-Therian|241\/321|[from] Stealth Rock
|-ability|p1a: Landorus-Therian|Intimidate|[of] p2a: Bi-polar
|-unboost|p2a: Bi-polar|atk|1
|turn|12
|
|move|p1a: Landorus-Therian|Earthquake|p2a: Bi-polar
|-damage|p2a: Bi-polar|0 fnt
|faint|p2a: Bi-polar
|
|
|switch|p2a: Honey Badger|Weavile, M, shiny|253\/281
|-ability|p2a: Honey Badger|Pressure
|turn|13
|
|move|p1a: Landorus-Therian|Earthquake|p2a: Honey Badger
|-damage|p2a: Honey Badger|0 fnt
|faint|p2a: Honey Badger
|
|c|âNub Central|ah pussy
|
|switch|p2a: Clarity|Diancie|241\/241
|turn|14
|c|âomegaW|nah i knew you expected rotom
|
|move|p1a: Landorus-Therian|Earthquake|p2a: Clarity
|-supereffective|p2a: Clarity
|-damage|p2a: Clarity|0 fnt
|faint|p2a: Clarity
|
|win|omegaW
|raw|Ladder updating...
|raw|omegaW's rating: 1420 &rarr; <strong>1434<\/strong><br \/>(+14 for winning)
|raw|Nub Central's rating: 1311 &rarr; <strong>1297<\/strong><br \/>(-14 for losing)
|join|Praj.pran
|leave|Nub Central
|player|p2
|leave|Th3Ender
|leave|Cienight
|join|Cienight
|leave|omegaW
|player|p1
|leave|Praj.pran
|join|oras time