|join|NuB Central
|join|emurlpls
|player|p1|NuB Central|161
|player|p2|emurlpls|23
|gametype|singles
|gen|6
|tier|ORAS OU
|rated
|rule|Sleep Clause Mod: Limit one foe put to sleep
|rule|Species Clause: Limit one of each PokÃ©mon
|rule|OHKO Clause: OHKO moves are banned
|rule|Moody Clause: Moody is banned
|rule|Evasion Moves Clause: Evasion moves are banned
|rule|Endless Battle Clause: Forcing endless battles is banned
|rule|HP Percentage Mod: HP is shown in percentages
|clearpoke
|poke|p1|Garchomp, M
|poke|p1|Crawdaunt, M
|poke|p1|Thundurus, M
|poke|p1|Sceptile, M
|poke|p1|Empoleon, M
|poke|p1|Conkeldurr, M, shiny
|poke|p2|Sableye, F
|poke|p2|Talonflame, M, shiny
|poke|p2|Cloyster, F
|poke|p2|Ditto
|poke|p2|Porygon-Z, shiny
|poke|p2|Salamence, F
|rule|Swagger Clause: Swagger is banned
|rule|Baton Pass Clause: Limit one PokÃ©mon knowing Baton Pass
|teampreview
|
|start
|switch|p1a: Empoleon|Empoleon, M|371\/371
|switch|p2a: Sableye|Sableye, F|304\/304
|turn|1
|
|detailschange|p2a: Sableye|Sableye-Mega, F
|message|Sableye has Mega Evolved into Mega Sableye!
|move|p1a: Empoleon|Scald|p2a: Sableye
|-damage|p2a: Sableye|231\/304
|move|p2a: Sableye|Knock Off|p1a: Empoleon
|-damage|p1a: Empoleon|296\/371
|-enditem|p1a: Empoleon|Leftovers|[from] move: Knock Off|[of] p2a: Sableye
|
|turn|2
|
|switch|p1a: Conkeldurr|Conkeldurr, M, shiny|361\/361
|move|p2a: Sableye|Will-O-Wisp|p1a: Conkeldurr
|-status|p1a: Conkeldurr|brn
|
|-damage|p1a: Conkeldurr|316\/361 brn|[from] brn
|turn|3
|
|move|p1a: Conkeldurr|Ice Punch|p2a: Sableye
|-damage|p2a: Sableye|103\/304
|move|p2a: Sableye|Knock Off|p1a: Conkeldurr
|-crit|p1a: Conkeldurr
|-resisted|p1a: Conkeldurr
|-damage|p1a: Conkeldurr|235\/361 brn
|-enditem|p1a: Conkeldurr|Assault Vest|[from] move: Knock Off|[of] p2a: Sableye
|
|-damage|p1a: Conkeldurr|190\/361 brn|[from] brn
|turn|4
|
|switch|p2a: Clitoris|Cloyster, F|242\/242
|move|p1a: Conkeldurr|Ice Punch|p2a: Clitoris
|-resisted|p2a: Clitoris
|-damage|p2a: Clitoris|220\/242
|
|-damage|p1a: Conkeldurr|145\/361 brn|[from] brn
|turn|5
|
|switch|p2a: Sableye|Sableye-Mega, F|103\/304
|switch|p1a: Empoleon|Empoleon, M|296\/371
|
|turn|6
|
|move|p1a: Empoleon|Scald|p2a: Sableye
|-damage|p2a: Sableye|30\/304
|move|p2a: Sableye|Recover|p2a: Sableye
|-heal|p2a: Sableye|182\/304
|
|turn|7
|
|move|p1a: Empoleon|Scald|p2a: Sableye
|-damage|p2a: Sableye|112\/304
|move|p2a: Sableye|Will-O-Wisp|p1a: Empoleon
|-status|p1a: Empoleon|brn
|
|-damage|p1a: Empoleon|250\/371 brn|[from] brn
|turn|8
|
|move|p1a: Empoleon|Scald|p2a: Sableye
|-damage|p2a: Sableye|46\/304
|move|p2a: Sableye|Recover|p2a: Sableye
|-heal|p2a: Sableye|198\/304
|
|-damage|p1a: Empoleon|204\/371 brn|[from] brn
|turn|9
|
|move|p1a: Empoleon|Scald|p2a: Sableye
|-crit|p2a: Sableye
|-damage|p2a: Sableye|102\/304
|move|p2a: Sableye|Knock Off|p1a: Empoleon
|-damage|p1a: Empoleon|153\/371 brn
|
|-damage|p1a: Empoleon|107\/371 brn|[from] brn
|turn|10
|
|move|p1a: Empoleon|Scald|p2a: Sableye
|-damage|p2a: Sableye|5\/304
|move|p2a: Sableye|Recover|p2a: Sableye
|-heal|p2a: Sableye|157\/304
|
|-damage|p1a: Empoleon|61\/371 brn|[from] brn
|turn|11
|
|switch|p1a: Garchomp|Garchomp, M|357\/357
|move|p2a: Sableye|Recover|p2a: Sableye
|-heal|p2a: Sableye|304\/304
|
|turn|12
|
|move|p1a: Garchomp|Swords Dance|p1a: Garchomp
|-boost|p1a: Garchomp|atk|2
|move|p2a: Sableye|Will-O-Wisp|p1a: Garchomp|[miss]
|-miss|p2a: Sableye|p1a: Garchomp
|
|turn|13
|
|move|p1a: Garchomp|Outrage|p2a: Sableye
|-damage|p2a: Sableye|0 fnt
|faint|p2a: Sableye
|
|
|switch|p2a: Meatwad|Ditto|300\/300
|-transform|p2a: Meatwad|p1a: Garchomp
|turn|14
|
|move|p2a: Meatwad|Outrage|p1a: Garchomp
|-supereffective|p1a: Garchomp
|-damage|p1a: Garchomp|0 fnt
|-damage|p2a: Meatwad|263\/300|[from] ability: Rough Skin|[of] p1a: Garchomp
|faint|p1a: Garchomp
|
|
|switch|p1a: Empoleon|Empoleon, M|61\/371 brn
|turn|15
|
|move|p2a: Meatwad|Outrage|p1a: Empoleon
|-resisted|p1a: Empoleon
|-damage|p1a: Empoleon|0 fnt
|faint|p1a: Empoleon
|
|
|switch|p1a: Conkeldurr|Conkeldurr, M, shiny|145\/361 brn
|turn|16
|c|âemurlpls|sure is nub central in here :^)
|
|move|p1a: Conkeldurr|Mach Punch|p2a: Meatwad
|-damage|p2a: Meatwad|143\/300
|-damage|p1a: Conkeldurr|100\/361 brn|[from] ability: Rough Skin|[of] p2a: Meatwad
|move|p2a: Meatwad|Outrage|p1a: Conkeldurr
|-damage|p1a: Conkeldurr|0 fnt
|faint|p1a: Conkeldurr
|
|-end|p2a: Meatwad|rampage
|-start|p2a: Meatwad|confusion
|c|âemurlpls|whatta scrub
|c|âNuB Central|User: emurlpls
|c|âNuB Central|ou	1350	55	1541 Â± 38	--	221	211
|c|âNuB Central|when you have a record like that
|c|âNuB Central|you dont have the right
|c|âemurlpls|>when you're gonna lose to me
|c|âNuB Central|to make fun of anyone
|c|âemurlpls|:^)
|c|âNuB Central|you fucking bad kid 
|c|âemurlpls|sorry bb
|c|âNuB Central|HAHAHAHA
|
|switch|p1a: Crawdaunt|Crawdaunt, M|267\/267
|turn|17
|c|âemurlpls|>implying you're not gonna lose
|c|âemurlpls|>hurt
|c|âNuB Central|your a nobody
|c|âNuB Central|and your record is so bad
|c|âemurlpls|you're*
|
|switch|p2a: Clitoris|Cloyster, F|220\/242
|move|p1a: Crawdaunt|Swords Dance|p1a: Crawdaunt
|-boost|p1a: Crawdaunt|atk|2
|
|turn|18
|c|âNuB Central|u cant even offend me with a win\/loss record like that XD"
|c|âemurlpls|that face tho
|c|âemurlpls|XD
|c|âemurlpls|XD
|
|move|p2a: Clitoris|Poison Jab|p1a: Crawdaunt
|-damage|p1a: Crawdaunt|168\/267
|-status|p1a: Crawdaunt|psn
|move|p1a: Crawdaunt|Knock Off|p2a: Clitoris
|-damage|p2a: Clitoris|0 fnt
|-enditem|p2a: Clitoris|White Herb|[from] move: Knock Off|[of] p1a: Crawdaunt
|-damage|p1a: Crawdaunt|142\/267 psn|[from] item: Life Orb
|faint|p2a: Clitoris
|
|-damage|p1a: Crawdaunt|109\/267 psn|[from] psn
|c|âNuB Central|what a retard set
|
|switch|p2a: Meatwad|Ditto|143\/300
|-transform|p2a: Meatwad|p1a: Crawdaunt
|turn|19
|c|âemurlpls|look at you
|c|âemurlpls|scrub so hard
|
|switch|p1a: Thundurus|Thundurus, M|299\/299
|move|p2a: Meatwad|Aqua Jet|p1a: Thundurus
|-crit|p1a: Thundurus
|-damage|p1a: Thundurus|0 fnt
|faint|p1a: Thundurus
|
|c|âemurlpls|get it handed to you, babe
|c|âemurlpls|:^)
|c|âemurlpls|>100%
|c|âemurlpls|nice swithc
|c|âNuB Central|	wins 221	losses 211
|c|âNuB Central|EW
|c|âemurlpls|amazing
|c|âNuB Central|im testing a team
|c|âNuB Central|ur a nobody 
|c|âNuB Central|and ur trash
|c|âemurlpls|sure you are
|c|âemurlpls|fagget
|c|âemurlpls|suck a cock, bitch
|c|âNuB Central|play me 2\/3 and i'll invite the entire lobby you dumb nobody, but make sure u pussy out, because your all talk
|c|âemurlpls|lulz
|c|âNuB Central|with a shitty record like that
|c|âNuB Central|i would decline
|c|âemurlpls|LOL
|c|âNuB Central|so pussy out now
|c|âemurlpls|timestall
|c|âemurlpls|fag
|
|switch|p1a: Sceptile|Sceptile, M|282\/282
|turn|20
|
|switch|p2a: Brownie|Talonflame, M, shiny|298\/298
|detailschange|p1a: Sceptile|Sceptile-Mega, M
|message|Sceptile has Mega Evolved into Mega Sceptile!
|move|p1a: Sceptile|Dragon Pulse|p2a: Brownie
|-damage|p2a: Brownie|70\/298
|
|turn|21
|c|âNuB Central|yeah thats right pussy better not play me with a serious team
|c|âNuB Central|get embrassed real quick
|c|âemurlpls|you're actually bad. i'm so so sorry for that. :'^(
|
|switch|p1a: Crawdaunt|Crawdaunt, M|109\/267 psn
|move|p2a: Brownie|Acrobatics|p1a: Crawdaunt
|-crit|p1a: Crawdaunt
|-damage|p1a: Crawdaunt|0 fnt
|faint|p1a: Crawdaunt
|
|
|switch|p1a: Sceptile|Sceptile-Mega, M|282\/282
|turn|22
|c|âNuB Central|gg pussy, when u grow a pair of balls let me know
|-message|NuB Central forfeited.
|
|win|emurlpls
|raw|Ladder updating...
|leave|NuB Central
|player|p1
|raw|NuB Central's rating: 1550 &rarr; <strong>1517<\/strong><br \/>(-33 for losing)
|raw|emurlpls's rating: 1290 &rarr; <strong>1331<\/strong><br \/>(+41 for winning)