|join|NuB Central
|join|arcangen2201
|player|p1|NuB Central|161
|player|p2|arcangen2201|43
|gametype|singles
|gen|6
|tier|ORAS OU
|rated
|rule|Sleep Clause Mod: Limit one foe put to sleep
|rule|Species Clause: Limit one of each PokÃ©mon
|rule|OHKO Clause: OHKO moves are banned
|rule|Moody Clause: Moody is banned
|rule|Evasion Moves Clause: Evasion moves are banned
|rule|Endless Battle Clause: Forcing endless battles is banned
|rule|HP Percentage Mod: HP is shown in percentages
|clearpoke
|poke|p1|Garchomp, M, shiny
|poke|p1|Azumarill, M, shiny
|poke|p1|Greninja, M, shiny
|poke|p1|Thundurus, M
|poke|p1|Excadrill, M, shiny
|poke|p1|Sceptile, M, shiny
|poke|p2|Metagross, shiny
|poke|p2|Rotom-Wash, shiny
|poke|p2|Greninja, F, shiny
|poke|p2|Latias, F, shiny
|poke|p2|Mamoswine, M, shiny
|poke|p2|Landorus-Therian, M, shiny
|rule|Swagger Clause: Swagger is banned
|rule|Baton Pass Clause: Limit one PokÃ©mon knowing Baton Pass
|teampreview
|
|start
|switch|p1a: Azumarill|Azumarill, M, shiny|381\/381
|switch|p2a: Rotom-Wash|Rotom-Wash, shiny|253\/253
|turn|1
|
|switch|p1a: Sceptile|Sceptile, M, shiny|281\/281
|move|p2a: Rotom-Wash|Will-O-Wisp|p1a: Sceptile
|-status|p1a: Sceptile|brn
|
|-damage|p1a: Sceptile|246\/281 brn|[from] brn
|turn|2
|join|Ox the Fox
|
|switch|p2a: Latias|Latias, F, shiny|306\/306
|detailschange|p1a: Sceptile|Sceptile-Mega, M, shiny
|message|Sceptile has Mega Evolved into Mega Sceptile!
|move|p1a: Sceptile|Leaf Storm|p2a: Latias
|-resisted|p2a: Latias
|-damage|p2a: Latias|201\/306
|-unboost|p1a: Sceptile|spa|2
|
|-damage|p1a: Sceptile|211\/281 brn|[from] brn
|turn|3
|
|switch|p1a: Excadrill|Excadrill, M, shiny|404\/404
|-ability|p1a: Excadrill|Mold Breaker
|switch|p2a: Rotom-Wash|Rotom-Wash, shiny|253\/253
|
|turn|4
|
|switch|p2a: Landorus-Therian|Landorus-Therian, M, shiny|339\/339
|-ability|p2a: Landorus-Therian|Intimidate|[of] p1a: Excadrill
|-unboost|p1a: Excadrill|atk|1
|move|p1a: Excadrill|Earthquake|p2a: Landorus-Therian
|-immune|p2a: Landorus-Therian|[msg]
|
|turn|5
|
|move|p2a: Landorus-Therian|U-turn|p1a: Excadrill
|-resisted|p1a: Excadrill
|-damage|p1a: Excadrill|335\/404
|
|switch|p2a: Rotom-Wash|Rotom-Wash, shiny|253\/253
|move|p1a: Excadrill|Earthquake|p2a: Rotom-Wash
|-supereffective|p2a: Rotom-Wash
|-damage|p2a: Rotom-Wash|7\/253
|
|turn|6
|
|move|p2a: Rotom-Wash|Trick|p1a: Excadrill
|-activate|p2a: Rotom-Wash|move: Trick|[of] p1a: Excadrill
|-item|p1a: Excadrill|Choice Specs|[from] move: Trick
|-item|p2a: Rotom-Wash|Assault Vest|[from] move: Trick
|move|p1a: Excadrill|Iron Head|p2a: Rotom-Wash
|-resisted|p2a: Rotom-Wash
|-damage|p2a: Rotom-Wash|0 fnt
|faint|p2a: Rotom-Wash
|
|
|switch|p2a: Metagross|Metagross, shiny|301\/301
|turn|7
|
|detailschange|p2a: Metagross|Metagross-Mega, shiny
|message|Metagross has Mega Evolved into Mega Metagross!
|move|p2a: Metagross|Meteor Mash|p1a: Excadrill
|-resisted|p1a: Excadrill
|-damage|p1a: Excadrill|155\/404
|move|p1a: Excadrill|Iron Head|p2a: Metagross
|-resisted|p2a: Metagross
|-damage|p2a: Metagross|270\/301
|
|turn|8
|
|move|p2a: Metagross|Meteor Mash|p1a: Excadrill
|-resisted|p1a: Excadrill
|-damage|p1a: Excadrill|0 fnt
|-boost|p2a: Metagross|atk|1
|faint|p1a: Excadrill
|
|
|switch|p1a: Greninja|Greninja, M, shiny|285\/285
|turn|9
|
|switch|p2a: Latias|Latias, F, shiny|201\/306
|move|p1a: Greninja|Hidden Power|p2a: Latias
|-start|p1a: Greninja|typechange|Fire|[from] Protean
|-resisted|p2a: Latias
|-damage|p2a: Latias|154\/306
|-damage|p1a: Greninja|257\/285|[from] item: Life Orb
|
|turn|10
|
|move|p1a: Greninja|Ice Beam|p2a: Latias
|-start|p1a: Greninja|typechange|Ice|[from] Protean
|-supereffective|p2a: Latias
|-damage|p2a: Latias|0 fnt
|-damage|p1a: Greninja|229\/285|[from] item: Life Orb
|faint|p2a: Latias
|
|
|switch|p2a: Metagross|Metagross-Mega, shiny|270\/301
|turn|11
|
|switch|p1a: Thundurus|Thundurus, M|299\/299
|move|p2a: Metagross|Meteor Mash|p1a: Thundurus
|-resisted|p1a: Thundurus
|-damage|p1a: Thundurus|137\/299
|
|turn|12
|
|switch|p1a: Garchomp|Garchomp, M, shiny|358\/358
|switch|p2a: Mamoswine|Mamoswine, M, shiny|361\/361
|
|turn|13
|
|move|p1a: Garchomp|Stealth Rock|p2a: Mamoswine
|-sidestart|p2: arcangen2201|move: Stealth Rock
|move|p2a: Mamoswine|Earthquake|p1a: Garchomp
|-damage|p1a: Garchomp|85\/358
|-damage|p2a: Mamoswine|325\/361|[from] item: Life Orb
|
|turn|14
|
|move|p2a: Mamoswine|Ice Shard|p1a: Garchomp
|-supereffective|p1a: Garchomp
|-damage|p1a: Garchomp|0 fnt
|-damage|p2a: Mamoswine|289\/361|[from] item: Life Orb
|faint|p1a: Garchomp
|
|
|switch|p1a: Azumarill|Azumarill, M, shiny|381\/381
|turn|15
|
|move|p1a: Azumarill|Aqua Jet|p2a: Mamoswine
|-supereffective|p2a: Mamoswine
|-damage|p2a: Mamoswine|0 fnt
|faint|p2a: Mamoswine
|
|
|switch|p2a: Metagross|Metagross-Mega, shiny|270\/301
|-damage|p2a: Metagross|252\/301|[from] Stealth Rock
|turn|16
|
|move|p1a: Azumarill|Aqua Jet|p2a: Metagross
|-damage|p2a: Metagross|165\/301
|move|p2a: Metagross|Meteor Mash|p1a: Azumarill
|-damage|p1a: Azumarill|95\/381
|
|turn|17
|
|switch|p1a: Thundurus|Thundurus, M|137\/299
|move|p2a: Metagross|Bullet Punch|p1a: Thundurus
|-resisted|p1a: Thundurus
|-damage|p1a: Thundurus|66\/299
|
|turn|18
|
|move|p1a: Thundurus|Thunder Wave|p2a: Metagross
|-status|p2a: Metagross|par
|move|p2a: Metagross|Bullet Punch|p1a: Thundurus
|-resisted|p1a: Thundurus
|-damage|p1a: Thundurus|0 fnt
|faint|p1a: Thundurus
|
|
|switch|p1a: Greninja|Greninja, M, shiny|229\/285
|turn|19
|
|switch|p2a: Greninja|Greninja, F, shiny|285\/285
|-damage|p2a: Greninja|250\/285|[from] Stealth Rock
|move|p1a: Greninja|Hydro Pump|p2a: Greninja
|-start|p1a: Greninja|typechange|Water|[from] Protean
|-resisted|p2a: Greninja
|-damage|p2a: Greninja|84\/285
|-damage|p1a: Greninja|201\/285|[from] item: Life Orb
|
|turn|20
|
|switch|p1a: Sceptile|Sceptile-Mega, M, shiny|211\/281 brn
|move|p2a: Greninja|Gunk Shot|p1a: Sceptile
|-start|p2a: Greninja|typechange|Poison|[from] Protean
|-supereffective|p1a: Sceptile
|-damage|p1a: Sceptile|0 fnt
|-damage|p2a: Greninja|56\/285|[from] item: Life Orb
|faint|p1a: Sceptile
|
|
|switch|p1a: Azumarill|Azumarill, M, shiny|95\/381
|turn|21
|
|move|p1a: Azumarill|Aqua Jet|p2a: Greninja
|-crit|p2a: Greninja
|-damage|p2a: Greninja|0 fnt
|faint|p2a: Greninja
|
|
|switch|p2a: Metagross|Metagross-Mega, shiny|165\/301 par
|-damage|p2a: Metagross|147\/301 par|[from] Stealth Rock
|turn|22
|
|switch|p1a: Greninja|Greninja, M, shiny|201\/285
|move|p2a: Metagross|Meteor Mash|p1a: Greninja
|-resisted|p1a: Greninja
|-damage|p1a: Greninja|18\/285
|-boost|p2a: Metagross|atk|1
|
|turn|23
|
|move|p2a: Metagross|Bullet Punch|p1a: Greninja
|-resisted|p1a: Greninja
|-damage|p1a: Greninja|0 fnt
|faint|p1a: Greninja
|
|
|switch|p1a: Azumarill|Azumarill, M, shiny|95\/381
|turn|24
|
|move|p1a: Azumarill|Aqua Jet|p2a: Metagross
|-damage|p2a: Metagross|53\/301 par
|move|p2a: Metagross|Bullet Punch|p1a: Azumarill
|-damage|p1a: Azumarill|0 fnt
|faint|p1a: Azumarill
|
|win|arcangen2201
|raw|Ladder updating...
|c|âarcangen2201|gg
|leave|Ox the Fox
|leave|NuB Central
|player|p1
|raw|Ladder (probably) updated, but score could not be retrieved (timeout).
|raw|Ladder (probably) updated, but score could not be retrieved (Error: socket hang up).