|join|CleanerThanRotom-W
|join|NuB Central
|player|p1|CleanerThanRotom-W|226
|player|p2|NuB Central|161
|gametype|singles
|gen|6
|tier|ORAS OU
|rated
|rule|Sleep Clause Mod: Limit one foe put to sleep
|rule|Species Clause: Limit one of each PokÃ©mon
|rule|OHKO Clause: OHKO moves are banned
|rule|Moody Clause: Moody is banned
|rule|Evasion Moves Clause: Evasion moves are banned
|rule|Endless Battle Clause: Forcing endless battles is banned
|rule|HP Percentage Mod: HP is shown in percentages
|clearpoke
|poke|p1|Sableye, F
|poke|p1|Chansey, F
|poke|p1|Cresselia, F
|poke|p1|Keldeo
|poke|p1|Skarmory, M
|poke|p1|Quagsire, F
|poke|p2|Metagross, shiny
|poke|p2|Conkeldurr, M, shiny
|poke|p2|Landorus, M, shiny
|poke|p2|Azumarill, M, shiny
|poke|p2|Hydreigon, M
|poke|p2|Gengar, M, shiny
|rule|Swagger Clause: Swagger is banned
|rule|Baton Pass Clause: Limit one PokÃ©mon knowing Baton Pass
|teampreview
|c|âNuB Central|gl
|c|âCleanerThanRotom-W|gl
|c|âCleanerThanRotom-W|mob barley?
|c|âNuB Central|yeah testing around
|c|âCleanerThanRotom-W|ah k
|
|start
|switch|p1a: Keldeo|Keldeo|323\/323
|switch|p2a: Nimbus|Landorus, M, shiny|319\/319
|turn|1
|
|switch|p2a: Iluminatti|Hydreigon, M|325\/325
|move|p1a: Keldeo|Scald|p2a: Iluminatti
|-resisted|p2a: Iluminatti
|-damage|p2a: Iluminatti|241\/325
|-status|p2a: Iluminatti|brn
|
|-damage|p2a: Iluminatti|201\/325 brn|[from] brn
|turn|2
|
|move|p2a: Iluminatti|U-turn|p1a: Keldeo
|-resisted|p1a: Keldeo
|-damage|p1a: Keldeo|308\/323
|
|switch|p2a: Venom|Gengar, M, shiny|261\/261
|move|p1a: Keldeo|Secret Sword|p2a: Venom
|-immune|p2a: Venom|[msg]
|
|-heal|p1a: Keldeo|323\/323|[from] item: Leftovers
|turn|3
|
|switch|p1a: Chansey|Chansey, F|703\/703
|move|p2a: Venom|Will-O-Wisp|p1a: Chansey
|-status|p1a: Chansey|brn
|
|-damage|p1a: Chansey|616\/703 brn|[from] brn
|turn|4
|
|switch|p2a: Nimbus|Landorus, M, shiny|319\/319
|switch|p1a: Cresselia|Cresselia, F|444\/444
|
|turn|5
|
|move|p2a: Nimbus|Stealth Rock|p1a: Cresselia
|-sidestart|p1: CleanerThanRotom-W|move: Stealth Rock
|move|p1a: Cresselia|Toxic|p2a: Nimbus
|-status|p2a: Nimbus|tox
|
|-damage|p2a: Nimbus|300\/319 tox|[from] psn
|turn|6
|
|move|p2a: Nimbus|Knock Off|p1a: Cresselia
|-supereffective|p1a: Cresselia
|-damage|p1a: Cresselia|228\/444
|-enditem|p1a: Cresselia|Leftovers|[from] move: Knock Off|[of] p2a: Nimbus
|-damage|p2a: Nimbus|269\/319 tox|[from] item: Life Orb
|move|p1a: Cresselia|Psyshock|p2a: Nimbus
|-damage|p2a: Nimbus|194\/319 tox
|
|-damage|p2a: Nimbus|156\/319 tox|[from] psn
|turn|7
|
|switch|p2a: Venom|Gengar, M, shiny|261\/261
|move|p1a: Cresselia|Moonlight|p1a: Cresselia
|-heal|p1a: Cresselia|444\/444
|
|turn|8
|join|jake5
|
|switch|p1a: Chansey|Chansey, F|616\/703
|-damage|p1a: Chansey|529\/703|[from] Stealth Rock
|move|p2a: Venom|Shadow Ball|p1a: Chansey
|-immune|p1a: Chansey|[msg]
|
|turn|9
|c| jake5|dis ladder niggs?
|c| jake5|bob u have too many alts
|
|switch|p1a: Keldeo|Keldeo|323\/323
|-damage|p1a: Keldeo|303\/323|[from] Stealth Rock
|move|p2a: Venom|Will-O-Wisp|p1a: Keldeo|[miss]
|-miss|p2a: Venom|p1a: Keldeo
|
|-heal|p1a: Keldeo|323\/323|[from] item: Leftovers
|turn|10
|c|âCleanerThanRotom-W|sry
|c|âNuB Central|i use like 3
|
|move|p2a: Venom|Sludge Bomb|p1a: Keldeo
|-damage|p1a: Keldeo|77\/323
|-status|p1a: Keldeo|psn
|-damage|p2a: Venom|235\/261|[from] item: Life Orb
|move|p1a: Keldeo|Scald|p2a: Venom
|-damage|p2a: Venom|57\/261
|
|-heal|p1a: Keldeo|97\/323 psn|[from] item: Leftovers
|-damage|p1a: Keldeo|57\/323 psn|[from] psn
|turn|11
|
|switch|p2a: Brute Sh0t|Conkeldurr, M, shiny|361\/361
|move|p1a: Keldeo|Scald|p2a: Brute Sh0t
|-damage|p2a: Brute Sh0t|267\/361
|
|-heal|p1a: Keldeo|77\/323 psn|[from] item: Leftovers
|-damage|p1a: Keldeo|37\/323 psn|[from] psn
|turn|12
|
|switch|p1a: Skarmory|Skarmory, M|334\/334
|-damage|p1a: Skarmory|293\/334|[from] Stealth Rock
|move|p2a: Brute Sh0t|Mach Punch|p1a: Skarmory
|-damage|p1a: Skarmory|241\/334
|
|turn|13
|c| jake5|git gud ctrw
|c| jake5|ur getting rekt
|
|move|p1a: Skarmory|Spikes|p2a: Brute Sh0t
|-sidestart|p2: NuB Central|Spikes
|move|p2a: Brute Sh0t|Knock Off|p1a: Skarmory
|-damage|p1a: Skarmory|163\/334
|-enditem|p1a: Skarmory|Shed Shell|[from] move: Knock Off|[of] p2a: Brute Sh0t
|
|turn|14
|c|âCleanerThanRotom-W|ok
|c| jake5|stall is supposed to dominate
|
|switch|p1a: Cresselia|Cresselia, F|444\/444
|-damage|p1a: Cresselia|389\/444|[from] Stealth Rock
|move|p2a: Brute Sh0t|Drain Punch|p1a: Cresselia
|-crit|p1a: Cresselia
|-resisted|p1a: Cresselia
|-damage|p1a: Cresselia|288\/444
|-heal|p2a: Brute Sh0t|318\/361|[from] drain|[of] p1a: Cresselia
|
|turn|15
|join|Cienight
|c| jake5|and push offense into a orner
|c|âCleanerThanRotom-W|i cant win every game
|c|âCleanerThanRotom-W|u know
|
|switch|p2a: Iluminatti|Hydreigon, M|201\/325 brn
|move|p1a: Cresselia|Psyshock|p2a: Iluminatti
|-immune|p2a: Iluminatti|[msg]
|
|-damage|p2a: Iluminatti|161\/325 brn|[from] brn
|turn|16
|
|move|p2a: Iluminatti|U-turn|p1a: Cresselia
|-supereffective|p1a: Cresselia
|-damage|p1a: Cresselia|246\/444
|c| jake5|ik lol
|
|switch|p2a: Venom|Gengar, M, shiny|57\/261
|move|p1a: Cresselia|Moonlight|p1a: Cresselia
|-heal|p1a: Cresselia|444\/444
|
|turn|17
|
|move|p2a: Venom|Will-O-Wisp|p1a: Cresselia
|-status|p1a: Cresselia|brn
|move|p1a: Cresselia|Psyshock|p2a: Venom
|-supereffective|p2a: Venom
|-damage|p2a: Venom|0 fnt
|faint|p2a: Venom
|
|-damage|p1a: Cresselia|389\/444 brn|[from] brn
|
|switch|p2a: Iluminatti|Hydreigon, M|161\/325 brn
|turn|18
|
|switch|p1a: Keldeo|Keldeo|37\/323 psn
|-damage|p1a: Keldeo|17\/323 psn|[from] Stealth Rock
|move|p2a: Iluminatti|U-turn|p1a: Keldeo
|-resisted|p1a: Keldeo
|-damage|p1a: Keldeo|3\/323 psn
|
|switch|p2a: Nimbus|Landorus, M, shiny|156\/319 tox
|
|-heal|p1a: Keldeo|23\/323 psn|[from] item: Leftovers
|-damage|p1a: Keldeo|0 fnt|[from] psn
|-damage|p2a: Nimbus|137\/319 tox|[from] psn
|faint|p1a: Keldeo
|
|switch|p1a: Chansey|Chansey, F|529\/703
|-damage|p1a: Chansey|442\/703|[from] Stealth Rock
|turn|19
|
|move|p2a: Nimbus|Knock Off|p1a: Chansey
|-crit|p1a: Chansey
|-damage|p1a: Chansey|198\/703
|-enditem|p1a: Chansey|Eviolite|[from] move: Knock Off|[of] p2a: Nimbus
|-damage|p2a: Nimbus|106\/319 tox|[from] item: Life Orb
|move|p1a: Chansey|Stealth Rock|p2a: Nimbus
|-sidestart|p2: NuB Central|move: Stealth Rock
|
|-damage|p2a: Nimbus|68\/319 tox|[from] psn
|turn|20
|
|move|p2a: Nimbus|Earth Power|p1a: Chansey
|-damage|p1a: Chansey|0 fnt
|faint|p1a: Chansey
|
|-damage|p2a: Nimbus|11\/319 tox|[from] psn
|
|switch|p1a: Cresselia|Cresselia, F|389\/444 brn
|-damage|p1a: Cresselia|334\/444 brn|[from] Stealth Rock
|turn|21
|join|AlmightyJeffwinger
|
|move|p2a: Nimbus|Knock Off|p1a: Cresselia
|-supereffective|p1a: Cresselia
|-damage|p1a: Cresselia|183\/444 brn
|-damage|p2a: Nimbus|0 fnt|[from] item: Life Orb
|faint|p2a: Nimbus
|move|p1a: Cresselia|Moonlight|p1a: Cresselia
|-heal|p1a: Cresselia|405\/444 brn
|
|-damage|p1a: Cresselia|350\/444 brn|[from] brn
|
|switch|p2a: Iluminatti|Hydreigon, M|161\/325 brn
|-damage|p2a: Iluminatti|121\/325 brn|[from] Stealth Rock
|turn|22
|
|switch|p1a: Skarmory|Skarmory, M|163\/334
|-damage|p1a: Skarmory|122\/334|[from] Stealth Rock
|move|p2a: Iluminatti|Dark Pulse|p1a: Skarmory
|-damage|p1a: Skarmory|0 fnt
|faint|p1a: Skarmory
|
|-damage|p2a: Iluminatti|81\/325 brn|[from] brn
|
|switch|p1a: Sableye|Sableye, F|304\/304
|-damage|p1a: Sableye|266\/304|[from] Stealth Rock
|turn|23
|
|detailschange|p1a: Sableye|Sableye-Mega, F
|message|Sableye has Mega Evolved into Mega Sableye!
|move|p2a: Iluminatti|Dark Pulse|p1a: Sableye
|-damage|p1a: Sableye|170\/304
|move|p1a: Sableye|Knock Off|p2a: Iluminatti
|-resisted|p2a: Iluminatti
|-damage|p2a: Iluminatti|28\/325 brn
|-enditem|p2a: Iluminatti|Choice Scarf|[from] move: Knock Off|[of] p1a: Sableye
|
|-damage|p2a: Iluminatti|0 fnt|[from] brn
|faint|p2a: Iluminatti
|
|switch|p2a: CPU|Metagross, shiny|301\/301
|-damage|p2a: CPU|264\/301|[from] Spikes
|-damage|p2a: CPU|246\/301|[from] Stealth Rock
|turn|24
|c| jake5|inb4 cpu ohko
|
|detailschange|p2a: CPU|Metagross-Mega, shiny
|message|Metagross has Mega Evolved into Mega Metagross!
|move|p2a: CPU|Meteor Mash|p1a: Sableye
|-damage|p1a: Sableye|0 fnt
|faint|p1a: Sableye
|
|c|âCleanerThanRotom-W|it will
|c| Cienight|boom
|
|switch|p1a: Quagsire|Quagsire, F|394\/394
|-damage|p1a: Quagsire|370\/394|[from] Stealth Rock
|turn|25
|c| Cienight|lol
|c| Cienight|grass knot
|c| Cienight|go
|c| jake5|reveal da hone calws
|c| Cienight|no
|c| Cienight|grass knot
|c| Cienight|if he has
|c| Cienight|hell be ma hero
|c| jake5|only inggas carry grass knot
|c| Cienight|?
|
|move|p2a: CPU|Zen Headbutt|p1a: Quagsire
|-damage|p1a: Quagsire|201\/394
|cant|p1a: Quagsire|flinch
|
|-heal|p1a: Quagsire|225\/394|[from] item: Leftovers
|turn|26
|c| Cienight|it only 2hkos slowbro
|c| jake5|haahhahaha
|c| Cienight|js
|c|âCleanerThanRotom-W|or that
|
|move|p2a: CPU|Zen Headbutt|p1a: Quagsire|[miss]
|-miss|p2a: CPU|p1a: Quagsire
|move|p1a: Quagsire|Recover|p1a: Quagsire
|-heal|p1a: Quagsire|394\/394
|
|turn|27
|c| jake5|eh its fair
|
|switch|p2a: Brute Sh0t|Conkeldurr, M, shiny|318\/361
|-damage|p2a: Brute Sh0t|273\/361|[from] Spikes
|-damage|p2a: Brute Sh0t|251\/361|[from] Stealth Rock
|move|p1a: Quagsire|Scald|p2a: Brute Sh0t
|-damage|p2a: Brute Sh0t|206\/361
|
|turn|28
|c| jake5|i'd say
|c| jake5|nope no burn lel
|
|move|p2a: Brute Sh0t|Knock Off|p1a: Quagsire
|-damage|p1a: Quagsire|291\/394
|-enditem|p1a: Quagsire|Leftovers|[from] move: Knock Off|[of] p2a: Brute Sh0t
|move|p1a: Quagsire|Earthquake|p2a: Brute Sh0t
|-crit|p2a: Brute Sh0t
|-damage|p2a: Brute Sh0t|55\/361
|
|turn|29
|
|switch|p1a: Cresselia|Cresselia, F|350\/444 brn
|-damage|p1a: Cresselia|295\/444 brn|[from] Stealth Rock
|move|p2a: Brute Sh0t|Drain Punch|p1a: Cresselia
|-resisted|p1a: Cresselia
|-damage|p1a: Cresselia|230\/444 brn
|-heal|p2a: Brute Sh0t|88\/361|[from] drain|[of] p1a: Cresselia
|
|-damage|p1a: Cresselia|175\/444 brn|[from] brn
|turn|30
|c| Cienight|nice crit
|c| Cienight|rofl
|c| jake5|dis nigga is real
|c| jake5|he switches
|
|switch|p1a: Quagsire|Quagsire, F|291\/394
|-damage|p1a: Quagsire|267\/394|[from] Stealth Rock
|move|p2a: Brute Sh0t|Drain Punch|p1a: Quagsire
|-damage|p1a: Quagsire|146\/394
|-heal|p2a: Brute Sh0t|149\/361|[from] drain|[of] p1a: Quagsire
|
|turn|31
|c| Cienight|good call
|
|move|p2a: Brute Sh0t|Drain Punch|p1a: Quagsire
|-damage|p1a: Quagsire|23\/394
|-heal|p2a: Brute Sh0t|211\/361|[from] drain|[of] p1a: Quagsire
|move|p1a: Quagsire|Recover|p1a: Quagsire
|-heal|p1a: Quagsire|220\/394
|
|turn|32
|c| Cienight|was gonna say that
|c| jake5|zzzzzzzzz
|
|move|p2a: Brute Sh0t|Drain Punch|p1a: Quagsire
|-damage|p1a: Quagsire|99\/394
|-heal|p2a: Brute Sh0t|272\/361|[from] drain|[of] p1a: Quagsire
|move|p1a: Quagsire|Recover|p1a: Quagsire
|-heal|p1a: Quagsire|296\/394
|
|turn|33
|c| jake5|u can't beat it 1v1
|c| jake5|so make some plays
|
|move|p2a: Brute Sh0t|Drain Punch|p1a: Quagsire
|-damage|p1a: Quagsire|161\/394
|-heal|p2a: Brute Sh0t|340\/361|[from] drain|[of] p1a: Quagsire
|move|p1a: Quagsire|Recover|p1a: Quagsire
|-heal|p1a: Quagsire|358\/394
|
|turn|34
|c| jake5|zzzzzzzzz
|
|move|p2a: Brute Sh0t|Ice Punch|p1a: Quagsire
|-damage|p1a: Quagsire|282\/394
|-status|p1a: Quagsire|frz
|-curestatus|p1a: Quagsire|frz
|move|p1a: Quagsire|Recover|p1a: Quagsire
|-heal|p1a: Quagsire|394\/394
|
|turn|35
|c| Cienight|without even scald
|
|move|p2a: Brute Sh0t|Ice Punch|p1a: Quagsire
|-damage|p1a: Quagsire|307\/394
|move|p1a: Quagsire|Toxic|p2a: Brute Sh0t
|-status|p2a: Brute Sh0t|tox
|
|-damage|p2a: Brute Sh0t|318\/361 tox|[from] psn
|turn|36
|c| Cienight|kek
|c| Cienight|ooh
|c| jake5|lololololo
|c| Cienight|here it comes
|
|move|p2a: Brute Sh0t|Drain Punch|p1a: Quagsire
|-damage|p1a: Quagsire|118\/394
|-heal|p2a: Brute Sh0t|361\/361 tox|[from] drain|[of] p1a: Quagsire
|move|p1a: Quagsire|Recover|p1a: Quagsire
|-heal|p1a: Quagsire|315\/394
|
|-damage|p2a: Brute Sh0t|317\/361 tox|[from] psn
|turn|37
|c|âCleanerThanRotom-W|i have to toxic
|c|âCleanerThanRotom-W|my only chance
|c| jake5|lololo doesn't even 2hko
|c| jake5|yeah probs
|
|move|p2a: Brute Sh0t|Drain Punch|p1a: Quagsire
|-damage|p1a: Quagsire|123\/394
|-heal|p2a: Brute Sh0t|361\/361 tox|[from] drain|[of] p1a: Quagsire
|move|p1a: Quagsire|Recover|p1a: Quagsire
|-heal|p1a: Quagsire|320\/394
|
|-damage|p2a: Brute Sh0t|295\/361 tox|[from] psn
|turn|38
|c| jake5|but he'l probs switch
|c| jake5|when he's abotu to die
|
|switch|p2a: CPU|Metagross-Mega, shiny|246\/301
|-damage|p2a: CPU|209\/301|[from] Spikes
|-damage|p2a: CPU|191\/301|[from] Stealth Rock
|move|p1a: Quagsire|Recover|p1a: Quagsire
|-heal|p1a: Quagsire|394\/394
|
|turn|39
|c| jake5|but then again not much choice
|
|move|p2a: CPU|Zen Headbutt|p1a: Quagsire|[miss]
|-miss|p2a: CPU|p1a: Quagsire
|move|p1a: Quagsire|Scald|p2a: CPU
|-damage|p2a: CPU|134\/301
|
|turn|40
|c| jake5|i doubt you got many recover  left
|
|move|p2a: CPU|Zen Headbutt|p1a: Quagsire
|-damage|p1a: Quagsire|220\/394
|move|p1a: Quagsire|Earthquake|p2a: CPU
|-supereffective|p2a: CPU
|-damage|p2a: CPU|0 fnt
|faint|p2a: CPU
|
|c| jake5|why not just eq?
|
|switch|p2a: Gold Rush|Azumarill, M, shiny|360\/360
|-damage|p2a: Gold Rush|315\/360|[from] Spikes
|-damage|p2a: Gold Rush|270\/360|[from] Stealth Rock
|turn|41
|c| Cienight|band azu
|c| jake5|reveal the bd
|c| Cienight|what bd
|c|âCleanerThanRotom-W|i think he was av
|c| Cienight|band just wins
|
|move|p2a: Gold Rush|Waterfall|p1a: Quagsire
|-damage|p1a: Quagsire|78\/394
|move|p1a: Quagsire|Recover|p1a: Quagsire
|-heal|p1a: Quagsire|275\/394
|
|turn|42
|c| jake5|naw that aint band
|c| jake5|its probs bd or av
|c| Cienight|unfortunately
|c| jake5|iirc he's bd though
|
|move|p2a: Gold Rush|Waterfall|p1a: Quagsire
|-damage|p1a: Quagsire|137\/394
|move|p1a: Quagsire|Recover|p1a: Quagsire
|-heal|p1a: Quagsire|334\/394
|
|turn|43
|
|move|p2a: Gold Rush|Play Rough|p1a: Quagsire
|-damage|p1a: Quagsire|168\/394
|move|p1a: Quagsire|Toxic|p2a: Gold Rush
|-status|p2a: Gold Rush|tox
|
|-damage|p2a: Gold Rush|248\/360 tox|[from] psn
|turn|44
|
|move|p2a: Gold Rush|Play Rough|p1a: Quagsire
|-crit|p1a: Quagsire
|-damage|p1a: Quagsire|0 fnt
|faint|p1a: Quagsire
|
|-damage|p2a: Gold Rush|204\/360 tox|[from] psn
|c| Cienight|rolls ?
|c| Cienight|naaaaajs
|join|vamus
|c| vamus|gottem :D
|c| vamus|fucks tall zz
|
|switch|p1a: Cresselia|Cresselia, F|175\/444 brn
|-damage|p1a: Cresselia|120\/444 brn|[from] Stealth Rock
|turn|45
|c| jake5|its ogre zzzzzzzzz
|
|move|p1a: Cresselia|Moonlight|p1a: Cresselia
|-heal|p1a: Cresselia|342\/444 brn
|move|p2a: Gold Rush|Belly Drum|p2a: Gold Rush
|-damage|p2a: Gold Rush|24\/360 tox
|-setboost|p2a: Gold Rush|atk|6|[from] move: Belly Drum
|-enditem|p2a: Gold Rush|Sitrus Berry|[eat]
|-heal|p2a: Gold Rush|114\/360 tox|[from] item: Sitrus Berry
|
|-damage|p1a: Cresselia|287\/444 brn|[from] brn
|-damage|p2a: Gold Rush|48\/360 tox|[from] psn
|turn|46
|c| jake5|toldjre its bd
|c| jake5|hahhahaha
|c| Cienight|50-50
|c| Cienight|hate those
|
|move|p2a: Gold Rush|Aqua Jet|p1a: Cresselia
|-damage|p1a: Cresselia|0 fnt
|faint|p1a: Cresselia
|
|win|NuB Central
|raw|Ladder updating...
|raw|CleanerThanRotom-W's rating: 1435 &rarr; <strong>1409<\/strong><br \/>(-26 for losing)
|raw|NuB Central's rating: 1333 &rarr; <strong>1359<\/strong><br \/>(+26 for winning)
|c|âNuB Central|cool 50-50
|c| Cienight|oh it kills
|leave|CleanerThanRotom-W
|player|p1
|c| Cienight|didnt expect to keel
|c| Cienight|:o
|leave|NuB Central
|player|p2