|join|bibooo
|join|NuB Central
|player|p1|bibooo|8
|player|p2|NuB Central|161
|gametype|singles
|gen|6
|tier|ORAS OU
|rated
|rule|Sleep Clause Mod: Limit one foe put to sleep
|rule|Species Clause: Limit one of each PokÃ©mon
|rule|OHKO Clause: OHKO moves are banned
|rule|Moody Clause: Moody is banned
|rule|Evasion Moves Clause: Evasion moves are banned
|rule|Endless Battle Clause: Forcing endless battles is banned
|rule|HP Percentage Mod: HP is shown in percentages
|clearpoke
|poke|p1|Beedrill, F
|poke|p1|Magnezone
|poke|p1|Latios, M
|poke|p1|Talonflame, F
|poke|p1|Rotom-Wash
|poke|p1|Gliscor, M
|poke|p2|Beedrill, M
|poke|p2|Keldeo-Resolute
|poke|p2|Raikou
|poke|p2|Tyranitar, M
|poke|p2|Talonflame, M, shiny
|poke|p2|Excadrill, M, shiny
|rule|Swagger Clause: Swagger is banned
|rule|Baton Pass Clause: Limit one PokÃ©mon knowing Baton Pass
|teampreview
|
|start
|switch|p1a: Beedrill|Beedrill, F|276\/276
|switch|p2a: Yellow Jacket|Beedrill, M|271\/271
|turn|1
|join|mega steelix luver
|
|detailschange|p1a: Beedrill|Beedrill-Mega, F
|message|Beedrill has Mega Evolved into Mega Beedrill!
|detailschange|p2a: Yellow Jacket|Beedrill-Mega, M
|message|Beedrill has Mega Evolved into Mega Beedrill!
|move|p2a: Yellow Jacket|Protect|p2a: Yellow Jacket
|-singleturn|p2a: Yellow Jacket|Protect
|move|p1a: Beedrill|U-turn|p2a: Yellow Jacket
|-activate|p2a: Yellow Jacket|Protect
|
|turn|2
|
|move|p1a: Beedrill|U-turn|p2a: Yellow Jacket
|-resisted|p2a: Yellow Jacket
|-damage|p2a: Yellow Jacket|86\/271
|
|switch|p1a: Gliscor|Gliscor, M|354\/354
|move|p2a: Yellow Jacket|U-turn|p1a: Gliscor
|-crit|p1a: Gliscor
|-resisted|p1a: Gliscor
|-damage|p1a: Gliscor|264\/354
|
|switch|p2a: Pwny|Keldeo-Resolute|323\/323
|
|-status|p1a: Gliscor|tox|[from] item: Toxic Orb
|turn|3
|
|move|p2a: Pwny|Scald|p1a: Gliscor
|-supereffective|p1a: Gliscor
|-damage|p1a: Gliscor|0 fnt
|faint|p1a: Gliscor
|
|
|switch|p1a: Latios|Latios, M|302\/302
|turn|4
|
|switch|p1a: Beedrill|Beedrill-Mega, F|276\/276
|switch|p2a: Tyranno|Tyranitar, M|341\/341
|-weather|Sandstorm
|
|-weather|Sandstorm|[upkeep]
|-damage|p1a: Beedrill|259\/276|[from] sandstorm
|turn|5
|
|switch|p2a: Talonflame|Talonflame, M, shiny|319\/319
|move|p1a: Beedrill|U-turn|p2a: Talonflame
|-resisted|p2a: Talonflame
|-damage|p2a: Talonflame|256\/319
|c| mega steelix luver|oh shit u turn out there mofo
|
|switch|p1a: Rotom-Wash|Rotom-Wash|304\/304
|
|-weather|Sandstorm|[upkeep]
|-damage|p2a: Talonflame|237\/319|[from] sandstorm
|-damage|p1a: Rotom-Wash|285\/304|[from] sandstorm
|-heal|p2a: Talonflame|256\/319|[from] item: Leftovers
|-heal|p1a: Rotom-Wash|304\/304|[from] item: Leftovers
|turn|6
|
|switch|p2a: Thundah Cat|Raikou|321\/321
|-ability|p2a: Thundah Cat|Pressure
|move|p1a: Rotom-Wash|Volt Switch|p2a: Thundah Cat
|-resisted|p2a: Thundah Cat
|-damage|p2a: Thundah Cat|279\/321
|c| mega steelix luver|will o wisp predicting the exca drill
|c| mega steelix luver|mold breaker excadrill
|raw|<div class="broadcast-red"><b>Moderated chat was set to +!<\/b><br \/>Only users of rank + and higher can talk.<\/div>
|c|âNuB Central|haha
|c|âNuB Central|he muted you
|c|âbibooo|don't need ur comments
|c|âNuB Central|i dont blame him
|
|switch|p1a: Beedrill|Beedrill-Mega, F|259\/276
|
|-weather|Sandstorm|[upkeep]
|-damage|p1a: Beedrill|242\/276|[from] sandstorm
|-damage|p2a: Thundah Cat|259\/321|[from] sandstorm
|turn|7
|
|move|p1a: Beedrill|U-turn|p2a: Thundah Cat
|-crit|p2a: Thundah Cat
|-damage|p2a: Thundah Cat|0 fnt
|faint|p2a: Thundah Cat
|
|switch|p1a: Magnezone|Magnezone|282\/282
|
|-weather|Sandstorm|[upkeep]
|
|switch|p2a: Tyranno|Tyranitar, M|341\/341
|turn|8
|
|move|p2a: Tyranno|Superpower|p1a: Magnezone
|-supereffective|p1a: Magnezone
|-damage|p1a: Magnezone|44\/282
|-unboost|p2a: Tyranno|atk|1
|-unboost|p2a: Tyranno|def|1
|move|p1a: Magnezone|Flash Cannon|p2a: Tyranno
|-supereffective|p2a: Tyranno
|-damage|p2a: Tyranno|141\/341
|
|-weather|none
|turn|9
|
|switch|p2a: Pwny|Keldeo-Resolute|323\/323
|switch|p1a: Rotom-Wash|Rotom-Wash|304\/304
|
|turn|10
|
|switch|p1a: Latios|Latios, M|302\/302
|move|p2a: Pwny|Secret Sword|p1a: Latios
|-resisted|p1a: Latios
|-damage|p1a: Latios|178\/302
|
|turn|11
|
|switch|p2a: Talonflame|Talonflame, M, shiny|256\/319
|move|p1a: Latios|Surf|p2a: Talonflame
|-supereffective|p2a: Talonflame
|-damage|p2a: Talonflame|0 fnt
|-damage|p1a: Latios|148\/302|[from] item: Life Orb
|faint|p2a: Talonflame
|
|c|âbibooo|thx
|
|switch|p2a: Tyranno|Tyranitar, M|141\/341
|-weather|Sandstorm
|turn|12
|
|move|p2a: Tyranno|Pursuit|p1a: Latios
|-supereffective|p1a: Latios
|-damage|p1a: Latios|0 fnt
|faint|p1a: Latios
|
|-weather|Sandstorm|[upkeep]
|c|âNuB Central|u havent won yet
|
|switch|p1a: Beedrill|Beedrill-Mega, F|242\/276
|turn|13
|c|âNuB Central|cocky noob
|
|switch|p2a: Pwny|Keldeo-Resolute|323\/323
|move|p1a: Beedrill|U-turn|p2a: Pwny
|-resisted|p2a: Pwny
|-damage|p2a: Pwny|221\/323
|
|switch|p1a: Magnezone|Magnezone|44\/282
|
|-weather|Sandstorm|[upkeep]
|-damage|p2a: Pwny|201\/323|[from] sandstorm
|turn|14
|
|switch|p2a: Excadrill|Excadrill, M, shiny|361\/361
|-item|p2a: Excadrill|Air Balloon
|move|p1a: Magnezone|Hidden Power|p2a: Excadrill
|-supereffective|p2a: Excadrill
|-damage|p2a: Excadrill|163\/361
|-enditem|p2a: Excadrill|Air Balloon
|
|-weather|Sandstorm|[upkeep]
|turn|15
|
|move|p2a: Excadrill|Earthquake|p1a: Magnezone
|-supereffective|p1a: Magnezone
|-damage|p1a: Magnezone|0 fnt
|faint|p1a: Magnezone
|
|-weather|Sandstorm|[upkeep]
|
|switch|p1a: Rotom-Wash|Rotom-Wash|304\/304
|turn|16
|
|switch|p2a: Pwny|Keldeo-Resolute|201\/323
|move|p1a: Rotom-Wash|Will-O-Wisp|p2a: Pwny
|-status|p2a: Pwny|brn
|
|-weather|none
|-damage|p2a: Pwny|161\/323 brn|[from] brn
|turn|17
|
|move|p2a: Pwny|Secret Sword|p1a: Rotom-Wash
|-damage|p1a: Rotom-Wash|102\/304
|move|p1a: Rotom-Wash|Volt Switch|p2a: Pwny
|-crit|p2a: Pwny
|-supereffective|p2a: Pwny
|-damage|p2a: Pwny|0 fnt
|faint|p2a: Pwny
|
|switch|p1a: Beedrill|Beedrill-Mega, F|242\/276
|
|
|switch|p2a: Tyranno|Tyranitar, M|141\/341
|-weather|Sandstorm
|turn|18
|
|move|p1a: Beedrill|U-turn|p2a: Tyranno
|-supereffective|p2a: Tyranno
|-damage|p2a: Tyranno|0 fnt
|faint|p2a: Tyranno
|
|switch|p1a: Talonflame|Talonflame, F|299\/299
|
|-weather|Sandstorm|[upkeep]
|-damage|p1a: Talonflame|281\/299|[from] sandstorm
|
|switch|p2a: Excadrill|Excadrill, M, shiny|163\/361
|turn|19
|raw|<div class="broadcast-blue"><b>Moderated chat was disabled!<\/b><br \/>Anyone may talk now.<\/div>
|c| mega steelix luver|haha
|c| mega steelix luver|i rule
|c| mega steelix luver|haha
|c| mega steelix luver|damage calc that bitch
|c| mega steelix luver|hello?
|-message|NuB Central forfeited.
|leave|NuB Central
|
|win|bibooo
|raw|Ladder updating...
|player|p2
|raw|bibooo's rating: 1080 &rarr; <strong>1113<\/strong><br \/>(+33 for winning)
|raw|NuB Central's rating: 1143 &rarr; <strong>1113<\/strong><br \/>(-30 for losing)
|c|âbibooo|yay
|c| mega steelix luver|haha
|c| mega steelix luver|we got him
|c|âbibooo|destroying the player
|c| mega steelix luver|gg bro
|leave|mega steelix luver
|c|âbibooo|who were high on the regular ladder