|join|Calloflochie
|join|Wruce Bayne
|player|p1|Calloflochie|170
|player|p2|Wruce Bayne|161
|gametype|singles
|gen|6
|tier|ORAS OU
|rule|Sleep Clause Mod: Limit one foe put to sleep
|rule|Species Clause: Limit one of each PokÃ©mon
|rule|OHKO Clause: OHKO moves are banned
|rule|Moody Clause: Moody is banned
|rule|Evasion Moves Clause: Evasion moves are banned
|rule|Endless Battle Clause: Forcing endless battles is banned
|rule|HP Percentage Mod: HP is shown in percentages
|clearpoke
|poke|p1|Kyurem-Black
|poke|p1|Gliscor, F
|poke|p1|Latios, M
|poke|p1|Keldeo
|poke|p1|Sceptile, F
|poke|p1|Talonflame, F
|poke|p2|Diggersby, M, shiny
|poke|p2|Keldeo-Resolute, shiny
|poke|p2|Bisharp, M, shiny
|poke|p2|Latias, F, shiny
|poke|p2|Talonflame, M, shiny
|poke|p2|Clefable, F, shiny
|rule|Swagger Clause: Swagger is banned
|rule|Baton Pass Clause: Limit one PokÃ©mon knowing Baton Pass
|teampreview
|join|habajiga
|c|âCalloflochie|gl
|join|WECAMEASROMANS
|join|Jukain
|join|Super Mario Bros
|join|Timid Shuckle
|
|start
|switch|p1a: Gliscor|Gliscor, F|353\/353
|switch|p2a: Claff on Ya|Clefable, F, shiny|394\/394
|turn|1
|join|Zamrock
|join|Prankster
|
|move|p1a: Gliscor|Stealth Rock|p2a: Claff on Ya
|-sidestart|p2: Wruce Bayne|move: Stealth Rock
|move|p2a: Claff on Ya|Stealth Rock|p1a: Gliscor
|-sidestart|p1: Calloflochie|move: Stealth Rock
|
|-status|p1a: Gliscor|tox|[from] item: Toxic Orb
|turn|2
|
|move|p1a: Gliscor|Knock Off|p2a: Claff on Ya
|-resisted|p2a: Claff on Ya
|-damage|p2a: Claff on Ya|362\/394
|-enditem|p2a: Claff on Ya|Leftovers|[from] move: Knock Off|[of] p1a: Gliscor
|move|p2a: Claff on Ya|Moonblast|p1a: Gliscor
|-crit|p1a: Gliscor
|-damage|p1a: Gliscor|215\/353 tox
|
|-damage|p1a: Gliscor|193\/353 tox|[from] psn
|turn|3
|c|âCalloflochie|fuck
|c|âWruce Bayne|LOL
|c|âCalloflochie|im hyper cutter
|c|âCalloflochie|rofl
|c| Timid Shuckle|Haha
|c|âCalloflochie|this does not bode well
|c|âCalloflochie|for me
|join|The DragonKnight
|
|switch|p1a: Talonflame|Talonflame, F|305\/305
|-damage|p1a: Talonflame|153\/305|[from] Stealth Rock
|move|p2a: Claff on Ya|Moonblast|p1a: Talonflame
|-resisted|p1a: Talonflame
|-damage|p1a: Talonflame|75\/305
|
|turn|4
|
|move|p1a: Talonflame|Roost|p1a: Talonflame
|-heal|p1a: Talonflame|228\/305
|move|p2a: Claff on Ya|Thunder Wave|p1a: Talonflame
|-status|p1a: Talonflame|par
|
|turn|5
|
|move|p2a: Claff on Ya|Moonblast|p1a: Talonflame
|-resisted|p1a: Talonflame
|-damage|p1a: Talonflame|157\/305 par
|move|p1a: Talonflame|Swords Dance|p1a: Talonflame
|-boost|p1a: Talonflame|atk|2
|
|turn|6
|
|move|p2a: Claff on Ya|Moonblast|p1a: Talonflame
|-resisted|p1a: Talonflame
|-damage|p1a: Talonflame|91\/305 par
|-unboost|p1a: Talonflame|spa|1
|move|p1a: Talonflame|Brave Bird|p2a: Claff on Ya
|-damage|p2a: Claff on Ya|200\/394
|-damage|p1a: Talonflame|38\/305 par|[from] recoil|[of] p2a: Claff on Ya
|
|turn|7
|c|âCalloflochie|ah
|
|move|p2a: Claff on Ya|Moonblast|p1a: Talonflame
|-resisted|p1a: Talonflame
|-damage|p1a: Talonflame|0 fnt
|faint|p1a: Talonflame
|
|c|âCalloflochie|im also
|c|âCalloflochie|not priority
|c|âCalloflochie|thing
|c| WECAMEASROMANS|DOES TFLAME NOT HAVE GALE WINGS
|c|âCalloflochie|on talon
|c| WECAMEASROMANS|LMAO
|c|+Jukain|lol
|
|switch|p1a: Keldeo|Keldeo|323\/323
|-damage|p1a: Keldeo|303\/323|[from] Stealth Rock
|turn|8
|c| The DragonKnight|lollll
|
|move|p1a: Keldeo|Hydro Pump|p2a: Claff on Ya
|-damage|p2a: Claff on Ya|1\/394
|move|p2a: Claff on Ya|Moonblast|p1a: Keldeo
|-supereffective|p1a: Keldeo
|-damage|p1a: Keldeo|67\/323
|-unboost|p1a: Keldeo|spa|1
|
|-heal|p1a: Keldeo|87\/323|[from] item: Leftovers
|turn|9
|c|âCalloflochie|im also
|c|âCalloflochie|not specs on kelde
|c|âWruce Bayne|1 hp also
|c|âCalloflochie|this could have gone
|
|move|p1a: Keldeo|Secret Sword|p2a: Claff on Ya
|-resisted|p2a: Claff on Ya
|-damage|p2a: Claff on Ya|0 fnt
|faint|p2a: Claff on Ya
|
|-heal|p1a: Keldeo|107\/323|[from] item: Leftovers
|c|âCalloflochie|better
|c|âCalloflochie|tbh
|
|switch|p2a: Mega Jet|Latias, F, shiny|301\/301
|-damage|p2a: Mega Jet|264\/301|[from] Stealth Rock
|turn|10
|
|detailschange|p2a: Mega Jet|Latias-Mega, F, shiny
|message|Latias has Mega Evolved into Mega Latias!
|move|p2a: Mega Jet|Psyshock|p1a: Keldeo
|-supereffective|p1a: Keldeo
|-damage|p1a: Keldeo|0 fnt
|faint|p1a: Keldeo
|
|c| Timid Shuckle|If you still win ur a hod
|
|switch|p1a: Kyurem-Black|Kyurem-Black|391\/391
|-damage|p1a: Kyurem-Black|294\/391|[from] Stealth Rock
|-ability|p1a: Kyurem-Black|Teravolt
|turn|11
|
|move|p1a: Kyurem-Black|Outrage|p2a: Mega Jet
|-supereffective|p2a: Mega Jet
|-damage|p2a: Mega Jet|0 fnt
|faint|p2a: Mega Jet
|
|c| Timid Shuckle|God
|
|switch|p2a: Bloo Rangah|Bisharp, M, shiny|271\/271
|-damage|p2a: Bloo Rangah|255\/271|[from] Stealth Rock
|turn|12
|join|p0k3m3n
|c|âCalloflochie|i did it mum
|
|move|p1a: Kyurem-Black|Outrage|p2a: Bloo Rangah
|-resisted|p2a: Bloo Rangah
|-damage|p2a: Bloo Rangah|133\/271
|move|p2a: Bloo Rangah|Swords Dance|p2a: Bloo Rangah
|-boost|p2a: Bloo Rangah|atk|2
|
|turn|13
|leave|p0k3m3n
|
|move|p2a: Bloo Rangah|Sucker Punch|p1a: Kyurem-Black
|-damage|p1a: Kyurem-Black|0 fnt
|-damage|p2a: Bloo Rangah|106\/271|[from] item: Life Orb
|faint|p1a: Kyurem-Black
|
|
|switch|p1a: Sceptile|Sceptile, F|281\/281
|-damage|p1a: Sceptile|246\/281|[from] Stealth Rock
|turn|14
|
|detailschange|p1a: Sceptile|Sceptile-Mega, F
|message|Sceptile has Mega Evolved into Mega Sceptile!
|move|p2a: Bloo Rangah|Sucker Punch|p1a: Sceptile
|-damage|p1a: Sceptile|0 fnt
|-damage|p2a: Bloo Rangah|79\/271|[from] item: Life Orb
|faint|p1a: Sceptile
|
|c|âCalloflochie|ok
|c|âCalloflochie|i spose i shoulda subbed
|c|âCalloflochie|kekk
|
|switch|p1a: Latios|Latios, M|301\/301
|-damage|p1a: Latios|264\/301|[from] Stealth Rock
|turn|15
|
|move|p2a: Bloo Rangah|Sucker Punch|p1a: Latios
|-supereffective|p1a: Latios
|-damage|p1a: Latios|0 fnt
|-damage|p2a: Bloo Rangah|52\/271|[from] item: Life Orb
|faint|p1a: Latios
|
|c|âCalloflochie|yeah
|c|âCalloflochie|i'll change abilities
|c|âCalloflochie|n_n
|c|âCalloflochie|gg lel
|c|âWruce Bayne|^
|-message|Calloflochie forfeited.
|
|win|Wruce Bayne
|leave|The DragonKnight
|leave|Wruce Bayne
|player|p2
|leave|Calloflochie
|player|p1
|leave|WECAMEASROMANS
|leave|Zamrock
|leave|habajiga
|leave|Prankster
|leave|Timid Shuckle
|join|Prankster
|leave|Prankster
|join|LT6A shartruce2
|leave|LT6A shartruce2
|join|ha nara