|join|Nub Central
|join|Pyroman0125
|player|p1|Nub Central|161
|player|p2|Pyroman0125|102
|gametype|singles
|gen|6
|tier|ORAS OU
|rated
|rule|Sleep Clause Mod: Limit one foe put to sleep
|rule|Species Clause: Limit one of each PokÃ©mon
|rule|OHKO Clause: OHKO moves are banned
|rule|Moody Clause: Moody is banned
|rule|Evasion Moves Clause: Evasion moves are banned
|rule|Endless Battle Clause: Forcing endless battles is banned
|rule|HP Percentage Mod: HP is shown in percentages
|clearpoke
|poke|p1|Weavile, M, shiny
|poke|p1|Azumarill, M
|poke|p1|Greninja, M, shiny
|poke|p1|Zapdos
|poke|p1|Garchomp, M, shiny
|poke|p1|Diancie
|poke|p2|Skarmory, M
|poke|p2|Heatran, F
|poke|p2|Breloom, F
|poke|p2|Ferrothorn, M
|poke|p2|Chansey, F
|poke|p2|Salamence, F
|rule|Swagger Clause: Swagger is banned
|rule|Baton Pass Clause: Limit one PokÃ©mon knowing Baton Pass
|teampreview
|
|start
|switch|p1a: Sharknado|Garchomp, M, shiny|358\/358
|switch|p2a: Ferrothorn|Ferrothorn, M|289\/289
|turn|1
|
|move|p1a: Sharknado|Stealth Rock|p2a: Ferrothorn
|-sidestart|p2: Pyroman0125|move: Stealth Rock
|move|p2a: Ferrothorn|Leech Seed|p1a: Sharknado
|-start|p1a: Sharknado|move: Leech Seed
|
|-damage|p1a: Sharknado|314\/358|[from] Leech Seed|[of] p2a: Ferrothorn
|turn|2
|
|switch|p1a: Blooregard|Azumarill, M|381\/381
|move|p2a: Ferrothorn|Gyro Ball|p1a: Blooregard
|-damage|p1a: Blooregard|258\/381
|
|turn|3
|
|move|p1a: Blooregard|Superpower|p2a: Ferrothorn
|-supereffective|p2a: Ferrothorn
|-damage|p2a: Ferrothorn|0 fnt
|-damage|p1a: Blooregard|211\/381|[from] ability: Iron Barbs|[of] p2a: Ferrothorn
|-damage|p1a: Blooregard|148\/381|[from] item: Rocky Helmet|[of] p2a: Ferrothorn
|-unboost|p1a: Blooregard|atk|1
|-unboost|p1a: Blooregard|def|1
|faint|p2a: Ferrothorn
|
|
|switch|p2a: Salamence|Salamence, F|331\/331
|-damage|p2a: Salamence|249\/331|[from] Stealth Rock
|-ability|p2a: Salamence|Intimidate|[of] p1a: Blooregard
|-unboost|p1a: Blooregard|atk|1
|turn|4
|
|switch|p1a: Zaptwo|Zapdos|383\/383
|-ability|p1a: Zaptwo|Pressure
|detailschange|p2a: Salamence|Salamence-Mega, F
|message|Salamence has Mega Evolved into Mega Salamence!
|move|p2a: Salamence|Hyper Voice|p1a: Zaptwo
|-resisted|p1a: Zaptwo
|-damage|p1a: Zaptwo|290\/383
|
|-heal|p1a: Zaptwo|313\/383|[from] item: Leftovers
|turn|5
|
|switch|p2a: Chansey|Chansey, F|641\/641
|-damage|p2a: Chansey|561\/641|[from] Stealth Rock
|move|p1a: Zaptwo|Thunderbolt|p2a: Chansey
|-crit|p2a: Chansey
|-damage|p2a: Chansey|461\/641
|
|-heal|p1a: Zaptwo|336\/383|[from] item: Leftovers
|turn|6
|
|switch|p1a: Blooregard|Azumarill, M|148\/381
|move|p2a: Chansey|Toxic|p1a: Blooregard
|-status|p1a: Blooregard|tox
|
|-damage|p1a: Blooregard|125\/381 tox|[from] psn
|turn|7
|
|switch|p2a: Skarmory|Skarmory, M|271\/271
|-damage|p2a: Skarmory|238\/271|[from] Stealth Rock
|move|p1a: Blooregard|Superpower|p2a: Skarmory
|-damage|p2a: Skarmory|70\/271
|-unboost|p1a: Blooregard|atk|1
|-unboost|p1a: Blooregard|def|1
|
|-heal|p2a: Skarmory|86\/271|[from] item: Leftovers
|-damage|p1a: Blooregard|79\/381 tox|[from] psn
|turn|8
|
|move|p2a: Skarmory|Stealth Rock|p1a: Blooregard
|-sidestart|p1: Nub Central|move: Stealth Rock
|move|p1a: Blooregard|Superpower|p2a: Skarmory
|-damage|p2a: Skarmory|0 fnt
|-unboost|p1a: Blooregard|atk|1
|-unboost|p1a: Blooregard|def|1
|faint|p2a: Skarmory
|
|-damage|p1a: Blooregard|10\/381 tox|[from] psn
|
|switch|p2a: Chansey|Chansey, F|461\/641
|-damage|p2a: Chansey|381\/641|[from] Stealth Rock
|turn|9
|
|move|p1a: Blooregard|Superpower|p2a: Chansey
|-supereffective|p2a: Chansey
|-damage|p2a: Chansey|23\/641
|-unboost|p1a: Blooregard|atk|1
|-unboost|p1a: Blooregard|def|1
|move|p2a: Chansey|Soft-Boiled|p2a: Chansey
|-heal|p2a: Chansey|344\/641
|
|-damage|p1a: Blooregard|0 fnt|[from] psn
|faint|p1a: Blooregard
|
|switch|p1a: Sharknado|Garchomp, M, shiny|314\/358
|-damage|p1a: Sharknado|292\/358|[from] Stealth Rock
|turn|10
|
|move|p1a: Sharknado|Swords Dance|p1a: Sharknado
|-boost|p1a: Sharknado|atk|2
|move|p2a: Chansey|Soft-Boiled|p2a: Chansey
|-heal|p2a: Chansey|641\/641
|
|turn|11
|
|move|p1a: Sharknado|Outrage|p2a: Chansey
|-damage|p2a: Chansey|29\/641
|move|p2a: Chansey|Toxic|p1a: Sharknado
|-status|p1a: Sharknado|tox
|
|-damage|p1a: Sharknado|270\/358 tox|[from] psn
|turn|12
|
|move|p1a: Sharknado|Outrage|p2a: Chansey
|-damage|p2a: Chansey|0 fnt
|faint|p2a: Chansey
|
|-damage|p1a: Sharknado|226\/358 tox|[from] psn
|join|Cienight
|
|switch|p2a: Salamence|Salamence-Mega, F|249\/331
|-damage|p2a: Salamence|167\/331|[from] Stealth Rock
|turn|13
|join|jake5
|
|move|p2a: Salamence|Hyper Voice|p1a: Sharknado
|-damage|p1a: Sharknado|0 fnt
|faint|p1a: Sharknado
|
|join|Demandred
|
|switch|p1a: Zaptwo|Zapdos|336\/383
|-damage|p1a: Zaptwo|241\/383|[from] Stealth Rock
|-ability|p1a: Zaptwo|Pressure
|turn|14
|
|move|p2a: Salamence|Draco Meteor|p1a: Zaptwo
|-damage|p1a: Zaptwo|30\/383
|-unboost|p2a: Salamence|spa|2
|move|p1a: Zaptwo|Thunderbolt|p2a: Salamence
|-damage|p2a: Salamence|14\/331
|
|-heal|p1a: Zaptwo|53\/383|[from] item: Leftovers
|turn|15
|
|move|p2a: Salamence|Draco Meteor|p1a: Zaptwo
|-damage|p1a: Zaptwo|0 fnt
|-unboost|p2a: Salamence|spa|2
|faint|p1a: Zaptwo
|
|join|oras time
|join|THEMANWHOLAUGHS
|
|switch|p1a: Honey Badger|Weavile, M, shiny|281\/281
|-damage|p1a: Honey Badger|211\/281|[from] Stealth Rock
|-ability|p1a: Honey Badger|Pressure
|turn|16
|
|move|p1a: Honey Badger|Knock Off|p2a: Salamence
|-damage|p2a: Salamence|0 fnt
|-damage|p1a: Honey Badger|183\/281|[from] item: Life Orb
|faint|p2a: Salamence
|
|raw|<div class="broadcast-blue"><b>Join the new ORAS room for real time talk about the upcoming new games!<\/b><\/div>
|
|switch|p2a: Breloom|Breloom, F|261\/261
|-damage|p2a: Breloom|245\/261|[from] Stealth Rock
|turn|17
|
|move|p1a: Honey Badger|Ice Shard|p2a: Breloom
|-supereffective|p2a: Breloom
|-damage|p2a: Breloom|34\/261
|-damage|p1a: Honey Badger|155\/281|[from] item: Life Orb
|move|p2a: Breloom|Mach Punch|p1a: Honey Badger
|-supereffective|p1a: Honey Badger
|-damage|p1a: Honey Badger|0 fnt
|faint|p1a: Honey Badger
|
|
|switch|p1a: Bi-polar|Greninja, M, shiny|285\/285
|-damage|p1a: Bi-polar|250\/285|[from] Stealth Rock
|turn|18
|
|move|p2a: Breloom|Mach Punch|p1a: Bi-polar
|-supereffective|p1a: Bi-polar
|-damage|p1a: Bi-polar|0 fnt
|faint|p1a: Bi-polar
|
|
|switch|p1a: Clarity|Diancie|241\/241
|-damage|p1a: Clarity|211\/241|[from] Stealth Rock
|turn|19
|
|move|p2a: Breloom|Spore|p1a: Clarity
|-status|p1a: Clarity|slp
|cant|p1a: Clarity|slp
|
|turn|20
|c|âNub Central|magic bounce
|c|âNub Central|hello
|
|move|p2a: Breloom|Bullet Seed|p1a: Clarity
|-supereffective|p1a: Clarity
|-damage|p1a: Clarity|119\/241 slp
|-supereffective|p1a: Clarity
|-damage|p1a: Clarity|23\/241 slp
|-hitcount|p1a: Clarity|2
|cant|p1a: Clarity|slp
|
|turn|21
|c| oras time|you didn't
|c| oras time|mega evolve
|c| oras time|lol
|c|âNub Central|i figured you'd be smart enough to bullet
|c|âPyroman0125|aww
|c|âPyroman0125|tnx :D
|-message|Nub Central forfeited.
|
|win|Pyroman0125
|raw|Ladder updating...
|leave|Nub Central
|player|p1
|c| oras time|apparently he wasn't xD
|raw|Nub Central's rating: 1297 &rarr; <strong>1269<\/strong><br \/>(-28 for losing)
|raw|Pyroman0125's rating: 1256 &rarr; <strong>1284<\/strong><br \/>(+28 for winning)