|join|Nub Central
|join|SM bunny
|player|p1|Nub Central|161
|player|p2|SM bunny|266
|gametype|singles
|gen|6
|tier|ORAS OU
|rated
|rule|Sleep Clause Mod: Limit one foe put to sleep
|rule|Species Clause: Limit one of each PokÃ©mon
|rule|OHKO Clause: OHKO moves are banned
|rule|Moody Clause: Moody is banned
|rule|Evasion Moves Clause: Evasion moves are banned
|rule|Endless Battle Clause: Forcing endless battles is banned
|rule|HP Percentage Mod: HP is shown in percentages
|clearpoke
|poke|p1|Weavile, M, shiny
|poke|p1|Azumarill, M
|poke|p1|Greninja, M, shiny
|poke|p1|Zapdos
|poke|p1|Garchomp, M, shiny
|poke|p1|Diancie
|poke|p2|Pidgeot, F
|poke|p2|Alakazam, M
|poke|p2|Lucario, M
|poke|p2|Landorus-Therian, M
|poke|p2|Umbreon, F
|poke|p2|Blastoise, F
|rule|Swagger Clause: Swagger is banned
|rule|Baton Pass Clause: Limit one PokÃ©mon knowing Baton Pass
|teampreview
|join|muhfugginm00se
|join|Wiz BITG
|c| Wiz BITG|HYPE
|c| Wiz BITG|HYPE
|c| Wiz BITG|HYOE
|leave|muhfugginm00se
|c| Wiz BITG|HYPE
|
|start
|switch|p1a: Sharknado|Garchomp, M, shiny|358\/358
|switch|p2a: Lucario|Lucario, M|281\/281
|turn|1
|c| Wiz BITG|I AM HERE TO PRIVE 
|c| Wiz BITG|PROVIDE*
|c| Wiz BITG|THE HYPE
|
|switch|p2a: Landorus-Therian|Landorus-Therian, M|373\/373
|-ability|p2a: Landorus-Therian|Intimidate|[of] p1a: Sharknado
|-unboost|p1a: Sharknado|atk|1
|move|p1a: Sharknado|Earthquake|p2a: Landorus-Therian
|-immune|p2a: Landorus-Therian|[msg]
|
|turn|2
|c|âSM bunny|lol
|c|âNub Central|yussss
|
|move|p1a: Sharknado|Stealth Rock|p2a: Landorus-Therian
|-sidestart|p2: SM bunny|move: Stealth Rock
|move|p2a: Landorus-Therian|Stealth Rock|p1a: Sharknado
|-sidestart|p1: Nub Central|move: Stealth Rock
|
|turn|3
|join|oras time
|
|move|p1a: Sharknado|Swords Dance|p1a: Sharknado
|-boost|p1a: Sharknado|atk|2
|move|p2a: Landorus-Therian|U-turn|p1a: Sharknado
|-damage|p1a: Sharknado|273\/358
|-damage|p2a: Landorus-Therian|327\/373|[from] ability: Rough Skin|[of] p1a: Sharknado
|
|switch|p2a: Alakazam|Alakazam, M|251\/251
|
|turn|4
|
|move|p2a: Alakazam|Dazzling Gleam|p1a: Sharknado
|-supereffective|p1a: Sharknado
|-damage|p1a: Sharknado|57\/358
|move|p1a: Sharknado|Earthquake|p2a: Alakazam
|-enditem|p2a: Alakazam|Focus Sash
|-damage|p2a: Alakazam|1\/251
|
|turn|5
|
|move|p2a: Alakazam|Shadow Ball|p1a: Sharknado
|-damage|p1a: Sharknado|0 fnt
|faint|p1a: Sharknado
|
|
|switch|p1a: Zaptwo|Zapdos|383\/383
|-damage|p1a: Zaptwo|288\/383|[from] Stealth Rock
|-ability|p1a: Zaptwo|Pressure
|turn|6
|
|move|p2a: Alakazam|Psyshock|p1a: Zaptwo
|-damage|p1a: Zaptwo|147\/383
|move|p1a: Zaptwo|Thunderbolt|p2a: Alakazam
|-damage|p2a: Alakazam|0 fnt
|faint|p2a: Alakazam
|
|-heal|p1a: Zaptwo|170\/383|[from] item: Leftovers
|
|switch|p2a: Landorus-Therian|Landorus-Therian, M|327\/373
|-damage|p2a: Landorus-Therian|281\/373|[from] Stealth Rock
|-ability|p2a: Landorus-Therian|Intimidate|[of] p1a: Zaptwo
|-unboost|p1a: Zaptwo|atk|1
|turn|7
|
|move|p1a: Zaptwo|Roost|p1a: Zaptwo
|-heal|p1a: Zaptwo|362\/383
|move|p2a: Landorus-Therian|Stone Edge|p1a: Zaptwo
|-damage|p1a: Zaptwo|252\/383
|
|-heal|p1a: Zaptwo|275\/383|[from] item: Leftovers
|-heal|p2a: Landorus-Therian|304\/373|[from] item: Leftovers
|turn|8
|
|move|p1a: Zaptwo|Roost|p1a: Zaptwo
|-heal|p1a: Zaptwo|383\/383
|move|p2a: Landorus-Therian|Stone Edge|p1a: Zaptwo
|-damage|p1a: Zaptwo|271\/383
|
|-heal|p1a: Zaptwo|294\/383|[from] item: Leftovers
|-heal|p2a: Landorus-Therian|327\/373|[from] item: Leftovers
|turn|9
|
|move|p1a: Zaptwo|Heat Wave|p2a: Landorus-Therian
|-miss|p1a: Zaptwo|p2a: Landorus-Therian
|move|p2a: Landorus-Therian|Stone Edge|p1a: Zaptwo
|-supereffective|p1a: Zaptwo
|-damage|p1a: Zaptwo|48\/383
|
|-heal|p1a: Zaptwo|71\/383|[from] item: Leftovers
|-heal|p2a: Landorus-Therian|350\/373|[from] item: Leftovers
|turn|10
|
|move|p1a: Zaptwo|Heat Wave|p2a: Landorus-Therian
|-damage|p2a: Landorus-Therian|235\/373
|move|p2a: Landorus-Therian|U-turn|p1a: Zaptwo
|-resisted|p1a: Zaptwo
|-damage|p1a: Zaptwo|34\/383
|
|switch|p2a: Lucario|Lucario, M|281\/281
|-damage|p2a: Lucario|273\/281|[from] Stealth Rock
|
|-heal|p1a: Zaptwo|57\/383|[from] item: Leftovers
|turn|11
|
|move|p2a: Lucario|Vacuum Wave|p1a: Zaptwo
|-resisted|p1a: Zaptwo
|-damage|p1a: Zaptwo|27\/383
|move|p1a: Zaptwo|Heat Wave|p2a: Lucario
|-supereffective|p2a: Lucario
|-damage|p2a: Lucario|33\/281
|
|-heal|p1a: Zaptwo|50\/383|[from] item: Leftovers
|turn|12
|
|move|p2a: Lucario|Flash Cannon|p1a: Zaptwo
|-resisted|p1a: Zaptwo
|-damage|p1a: Zaptwo|0 fnt
|faint|p1a: Zaptwo
|
|join|PoweredByRevenge
|leave|PoweredByRevenge
|
|switch|p1a: Honey Badger|Weavile, M, shiny|281\/281
|-damage|p1a: Honey Badger|211\/281|[from] Stealth Rock
|-ability|p1a: Honey Badger|Pressure
|turn|13
|
|move|p1a: Honey Badger|Ice Shard|p2a: Lucario
|-resisted|p2a: Lucario
|-damage|p2a: Lucario|0 fnt
|-damage|p1a: Honey Badger|183\/281|[from] item: Life Orb
|faint|p2a: Lucario
|
|
|switch|p2a: Blastoise|Blastoise, F|362\/362
|-damage|p2a: Blastoise|317\/362|[from] Stealth Rock
|turn|14
|
|move|p1a: Honey Badger|Knock Off|p2a: Blastoise
|-damage|p2a: Blastoise|86\/362
|-enditem|p2a: Blastoise|Assault Vest|[from] move: Knock Off|[of] p1a: Honey Badger
|-damage|p1a: Honey Badger|155\/281|[from] item: Life Orb
|move|p2a: Blastoise|Scald|p1a: Honey Badger
|-damage|p1a: Honey Badger|17\/281
|-status|p1a: Honey Badger|brn
|
|-damage|p1a: Honey Badger|0 fnt|[from] brn
|faint|p1a: Honey Badger
|join|CryoFrost
|
|switch|p1a: Clarity|Diancie|241\/241
|-damage|p1a: Clarity|211\/241|[from] Stealth Rock
|turn|15
|
|detailschange|p1a: Clarity|Diancie-Mega
|message|Diancie has Mega Evolved into Mega Diancie!
|move|p1a: Clarity|Moonblast|p2a: Blastoise
|-damage|p2a: Blastoise|0 fnt
|faint|p2a: Blastoise
|
|
|switch|p2a: Landorus-Therian|Landorus-Therian, M|235\/373
|-damage|p2a: Landorus-Therian|189\/373|[from] Stealth Rock
|-ability|p2a: Landorus-Therian|Intimidate|[of] p1a: Clarity
|-unboost|p1a: Clarity|atk|1
|turn|16
|
|move|p1a: Clarity|Moonblast|p2a: Landorus-Therian
|-damage|p2a: Landorus-Therian|0 fnt
|faint|p2a: Landorus-Therian
|
|-message|SM bunny forfeited.
|
|win|Nub Central
|raw|Ladder updating...
|leave|SM bunny
|player|p2
|raw|Nub Central's rating: 1311 &rarr; <strong>1321<\/strong><br \/>(+10 for winning)
|raw|SM bunny's rating: 1126 &rarr; <strong>1113<\/strong><br \/>(-13 for losing)
|c| CryoFrost|that sprite is just shit
|leave|Nub Central
|player|p1
|c| CryoFrost|zomg