|join|Yousssef
|join|Nub Central
|player|p1|Yousssef|184
|player|p2|Nub Central|161
|gametype|singles
|gen|6
|tier|OU
|rated
|clearpoke
|poke|p1|Chansey, F
|poke|p1|Skarmory, F
|poke|p1|Gliscor, F
|poke|p1|Rotom-Wash
|poke|p1|Quagsire, F
|poke|p1|Mawile, M
|poke|p2|Mawile, M, shiny
|poke|p2|Talonflame, M, shiny
|poke|p2|Greninja, M
|poke|p2|Weavile, M, shiny
|poke|p2|Togekiss, F, shiny
|poke|p2|Landorus, M, shiny
|rule|Swagger Clause: Swagger is banned
|rule|Baton Pass Clause: Limit one PokÃ©mon knowing Baton Pass
|rule|Sleep Clause Mod: Limit one foe put to sleep
|rule|Species Clause: Limit one of each PokÃ©mon
|rule|OHKO Clause: OHKO moves are banned
|rule|Moody Clause: Moody is banned
|rule|Evasion Moves Clause: Evasion moves are banned
|rule|Endless Battle Clause: Forcing endless battles is banned
|rule|HP Percentage Mod: HP is reported as percentages
|teampreview
|
|start
|switch|p1a: Rotom-Wash|Rotom-Wash|304\/304
|switch|p2a: Fairy King|Mawile, M, shiny|281\/281
|-ability|p2a: Fairy King|Intimidate|[of] p1a: Rotom-Wash
|-unboost|p1a: Rotom-Wash|atk|1
|turn|1
|
|switch|p2a: Prioritize|Talonflame, M, shiny|297\/297
|move|p1a: Rotom-Wash|Will-O-Wisp|p2a: Prioritize
|-fail|p2a: Prioritize
|
|turn|2
|
|move|p2a: Prioritize|U-turn|p1a: Rotom-Wash
|-damage|p1a: Rotom-Wash|231\/304
|
|switch|p2a: Nimbus|Landorus, M, shiny|319\/319
|move|p1a: Rotom-Wash|Hydro Pump|p2a: Nimbus
|-supereffective|p2a: Nimbus
|-damage|p2a: Nimbus|0 fnt
|faint|p2a: Nimbus
|
|-heal|p1a: Rotom-Wash|250\/304|[from] item: Leftovers
|
|switch|p2a: Honey Badger|Weavile, M, shiny|281\/281
|-ability|p2a: Honey Badger|Pressure
|turn|3
|
|move|p2a: Honey Badger|Knock Off|p1a: Rotom-Wash
|-crit|p1a: Rotom-Wash
|-damage|p1a: Rotom-Wash|0 fnt
|-enditem|p1a: Rotom-Wash|Leftovers|[from] move: Knock Off|[of] p2a: Honey Badger
|-damage|p2a: Honey Badger|253\/281|[from] item: Life Orb
|faint|p1a: Rotom-Wash
|
|
|switch|p1a: Mawile|Mawile, M|274\/274
|-ability|p1a: Mawile|Intimidate|[of] p2a: Honey Badger
|-unboost|p2a: Honey Badger|atk|1
|turn|4
|
|switch|p2a: Murica Fairies|Togekiss, F, shiny|331\/331
|detailschange|p1a: Mawile|Mawile-Mega, M
|message|Mawile has Mega Evolved into Mega Mawile!
|move|p1a: Mawile|Swords Dance|p1a: Mawile
|-boost|p1a: Mawile|atk|2
|
|turn|5
|
|move|p2a: Murica Fairies|Aura Sphere|p1a: Mawile
|-damage|p1a: Mawile|141\/274
|-damage|p2a: Murica Fairies|298\/331|[from] item: Life Orb
|move|p1a: Mawile|Iron Head|p2a: Murica Fairies
|-supereffective|p2a: Murica Fairies
|-damage|p2a: Murica Fairies|0 fnt
|faint|p2a: Murica Fairies
|
|
|switch|p2a: Fr0gger|Greninja, M|286\/286
|turn|6
|
|move|p1a: Mawile|Sucker Punch|p2a: Fr0gger
|-resisted|p2a: Fr0gger
|-damage|p2a: Fr0gger|34\/286
|move|p2a: Fr0gger|Hydro Pump|p1a: Mawile|[miss]
|-start|p2a: Fr0gger|typechange|Water|[from] Protean
|-miss|p2a: Fr0gger|p1a: Mawile
|
|turn|7
|
|switch|p2a: Fairy King|Mawile, M, shiny|281\/281
|-ability|p2a: Fairy King|Intimidate|[of] p1a: Mawile
|-unboost|p1a: Mawile|atk|1
|move|p1a: Mawile|Sucker Punch|p2a: Fairy King
|-fail|p2a: Fairy King
|
|turn|8
|
|switch|p2a: Prioritize|Talonflame, M, shiny|297\/297
|move|p1a: Mawile|Iron Head|p2a: Prioritize
|-resisted|p2a: Prioritize
|-damage|p2a: Prioritize|42\/297
|
|turn|9
|
|move|p2a: Prioritize|Brave Bird|p1a: Mawile
|-resisted|p1a: Mawile
|-damage|p1a: Mawile|42\/274
|-damage|p2a: Prioritize|9\/297|[from] recoil|[of] p1a: Mawile
|move|p1a: Mawile|Iron Head|p2a: Prioritize
|-resisted|p2a: Prioritize
|-damage|p2a: Prioritize|0 fnt
|faint|p2a: Prioritize
|
|
|switch|p2a: Honey Badger|Weavile, M, shiny|253\/281
|-ability|p2a: Honey Badger|Pressure
|turn|10
|
|move|p1a: Mawile|Sucker Punch|p2a: Honey Badger
|-resisted|p2a: Honey Badger
|-damage|p2a: Honey Badger|73\/281
|move|p2a: Honey Badger|Knock Off|p1a: Mawile
|-resisted|p1a: Mawile
|-damage|p1a: Mawile|0 fnt
|-damage|p2a: Honey Badger|45\/281|[from] item: Life Orb
|faint|p1a: Mawile
|
|
|switch|p1a: Quagsire|Quagsire, F|394\/394
|turn|11
|
|move|p2a: Honey Badger|Knock Off|p1a: Quagsire
|-damage|p1a: Quagsire|203\/394
|-enditem|p1a: Quagsire|Leftovers|[from] move: Knock Off|[of] p2a: Honey Badger
|-damage|p2a: Honey Badger|17\/281|[from] item: Life Orb
|move|p1a: Quagsire|Scald|p2a: Honey Badger
|-damage|p2a: Honey Badger|0 fnt
|faint|p2a: Honey Badger
|
|
|switch|p2a: Fairy King|Mawile, M, shiny|281\/281
|-ability|p2a: Fairy King|Intimidate|[of] p1a: Quagsire
|-unboost|p1a: Quagsire|atk|1
|turn|12
|
|detailschange|p2a: Fairy King|Mawile-Mega, M, shiny
|message|Mawile has Mega Evolved into Mega Mawile!
|move|p2a: Fairy King|Play Rough|p1a: Quagsire
|-damage|p1a: Quagsire|0 fnt
|faint|p1a: Quagsire
|
|
|switch|p1a: Gliscor|Gliscor, F|354\/354
|turn|13
|
|move|p1a: Gliscor|Substitute|p1a: Gliscor
|-start|p1a: Gliscor|Substitute
|-damage|p1a: Gliscor|266\/354
|move|p2a: Fairy King|Ice Punch|p1a: Gliscor
|-supereffective|p1a: Gliscor
|-end|p1a: Gliscor|Substitute
|
|-status|p1a: Gliscor|tox|[from] item: Toxic Orb
|turn|14
|
|move|p1a: Gliscor|Protect|p1a: Gliscor
|-singleturn|p1a: Gliscor|Protect
|move|p2a: Fairy King|Ice Punch|p1a: Gliscor
|-activate|p1a: Gliscor|Protect
|
|-heal|p1a: Gliscor|310\/354 tox|[from] ability: Poison Heal
|turn|15
|
|move|p1a: Gliscor|Earthquake|p2a: Fairy King
|-supereffective|p2a: Fairy King
|-damage|p2a: Fairy King|105\/281
|move|p2a: Fairy King|Ice Punch|p1a: Gliscor
|-supereffective|p1a: Gliscor
|-damage|p1a: Gliscor|0 fnt
|faint|p1a: Gliscor
|
|
|switch|p1a: Skarmory|Skarmory, F|334\/334
|turn|16
|
|-singleturn|p2a: Fairy King|move: Focus Punch
|move|p1a: Skarmory|Spikes|p2a: Fairy King
|-sidestart|p2: Nub Central|Spikes
|move|p2a: Fairy King|Focus Punch|p1a: Skarmory
|-damage|p1a: Skarmory|128\/334
|
|-heal|p1a: Skarmory|148\/334|[from] item: Leftovers
|turn|17
|
|-singleturn|p2a: Fairy King|move: Focus Punch
|move|p2a: Fairy King|Focus Punch|p1a: Skarmory
|-crit|p1a: Skarmory
|-damage|p1a: Skarmory|0 fnt
|faint|p1a: Skarmory
|
|
|switch|p1a: Chansey|Chansey, F|704\/704
|turn|18
|
|move|p2a: Fairy King|Play Rough|p1a: Chansey
|-damage|p1a: Chansey|332\/704
|move|p1a: Chansey|Seismic Toss|p2a: Fairy King
|-damage|p2a: Fairy King|5\/281
|
|turn|19
|
|move|p2a: Fairy King|Play Rough|p1a: Chansey
|-damage|p1a: Chansey|0 fnt
|faint|p1a: Chansey
|
|win|Nub Central
|raw|Ladder updating...
|raw|Yousssef's rating: 1653 &rarr; <strong>1628<\/strong><br \/>(-25 for losing)
|raw|Nub Central's rating: 1576 &rarr; <strong>1600<\/strong><br \/>(+24 for winning)
|chat|Yousssef|gg
|chat|Nub Central|gg
|chat|Nub Central|ice punch
|leave|Yousssef
|player|p1
|chat|Nub Central|new meta