|join|Nub Central
|join|Asitseems
|player|p1|Nub Central|161
|player|p2|Asitseems|164
|gametype|singles
|gen|6
|tier|OU
|clearpoke
|poke|p1|Smeargle, M, shiny
|poke|p1|Heracross, M
|poke|p1|Tyranitar, M
|poke|p1|Landorus, M, shiny
|poke|p1|Latias, F
|poke|p1|Azumarill, M
|poke|p2|Dragonite, M
|poke|p2|Excadrill, M
|poke|p2|Manaphy
|poke|p2|Mew
|poke|p2|Ditto
|poke|p2|Pinsir, F
|rule|Swagger Clause: Swagger is banned
|rule|Baton Pass Clause: Limit one PokÃ©mon knowing Baton Pass
|rule|Sleep Clause Mod: Limit one foe put to sleep
|rule|Species Clause: Limit one of each PokÃ©mon
|rule|OHKO Clause: OHKO moves are banned
|rule|Moody Clause: Moody is banned
|rule|Evasion Moves Clause: Evasion moves are banned
|rule|Endless Battle Clause: Forcing endless battles is banned
|rule|HP Percentage Mod: HP is shown in percentages
|teampreview
|join|rdj
|
|start
|switch|p1a: Azumarill|Azumarill, M|401\/401
|switch|p2a: Dragonite|Dragonite, M|324\/324
|turn|1
|
|switch|p2a: Manaphy|Manaphy|404\/404
|move|p1a: Azumarill|Knock Off|p2a: Manaphy
|-damage|p2a: Manaphy|299\/404
|-enditem|p2a: Manaphy|Leftovers|[from] move: Knock Off|[of] p1a: Azumarill
|
|turn|2
|
|move|p2a: Manaphy|Scald|p1a: Azumarill
|-resisted|p1a: Azumarill
|-damage|p1a: Azumarill|364\/401
|move|p1a: Azumarill|Play Rough|p2a: Manaphy|[miss]
|-miss|p1a: Azumarill|p2a: Manaphy
|
|turn|3
|join|Hwangbang
|
|move|p2a: Manaphy|Rain Dance|p2a: Manaphy
|-weather|RainDance
|move|p1a: Azumarill|Play Rough|p2a: Manaphy
|-damage|p2a: Manaphy|146\/404
|
|-weather|RainDance|[upkeep]
|turn|4
|
|switch|p1a: Rept4r|Tyranitar, M|341\/341
|-weather|Sandstorm
|move|p2a: Manaphy|Rest|p2a: Manaphy
|-status|p2a: Manaphy|slp
|-heal|p2a: Manaphy|404\/404 slp|[silent]
|-status|p2a: Manaphy|slp|[from] move: Rest
|
|-weather|Sandstorm|[upkeep]
|-damage|p2a: Manaphy|379\/404 slp|[from] sandstorm
|turn|5
|
|switch|p2a: Excadrill|Excadrill, M|362\/362
|-ability|p2a: Excadrill|Mold Breaker
|-item|p2a: Excadrill|Air Balloon
|move|p1a: Rept4r|Crunch|p2a: Excadrill
|-damage|p2a: Excadrill|134\/362
|-enditem|p2a: Excadrill|Air Balloon
|-unboost|p2a: Excadrill|def|1
|
|-weather|Sandstorm|[upkeep]
|turn|6
|
|move|p1a: Rept4r|Crunch|p2a: Excadrill
|-damage|p2a: Excadrill|0 fnt
|faint|p2a: Excadrill
|
|-weather|Sandstorm|[upkeep]
|leave|Hwangbang
|
|switch|p2a: Pinsir|Pinsir, F|271\/271
|turn|7
|
|detailschange|p2a: Pinsir|Pinsir-Mega, F
|message|Pinsir has Mega Evolved into Mega Pinsir!
|move|p1a: Rept4r|Crunch|p2a: Pinsir
|-damage|p2a: Pinsir|151\/271
|move|p2a: Pinsir|Close Combat|p1a: Rept4r
|-supereffective|p1a: Rept4r
|-damage|p1a: Rept4r|0 fnt
|-unboost|p2a: Pinsir|def|1
|-unboost|p2a: Pinsir|spd|1
|faint|p1a: Rept4r
|
|-weather|Sandstorm|[upkeep]
|-damage|p2a: Pinsir|135\/271|[from] sandstorm
|
|switch|p1a: Latias|Latias, F|302\/302
|turn|8
|
|switch|p2a: Mew|Mew|404\/404
|move|p1a: Latias|Draco Meteor|p2a: Mew
|-damage|p2a: Mew|178\/404
|-unboost|p1a: Latias|spa|2
|-damage|p1a: Latias|272\/302|[from] item: Life Orb
|
|-weather|none
|-heal|p2a: Mew|203\/404|[from] item: Leftovers
|turn|9
|
|switch|p1a: Gravitron|Landorus, M, shiny|319\/319
|move|p2a: Mew|Knock Off|p1a: Gravitron
|-damage|p1a: Gravitron|232\/319
|-enditem|p1a: Gravitron|Life Orb|[from] move: Knock Off|[of] p2a: Mew
|
|-heal|p2a: Mew|228\/404|[from] item: Leftovers
|turn|10
|
|move|p1a: Gravitron|Earth Power|p2a: Mew
|-damage|p2a: Mew|89\/404
|move|p2a: Mew|Roost|p2a: Mew
|-heal|p2a: Mew|291\/404
|
|-heal|p2a: Mew|316\/404|[from] item: Leftovers
|turn|11
|
|switch|p1a: iTroll|Smeargle, M, shiny|314\/314
|move|p2a: Mew|Will-O-Wisp|p1a: iTroll
|-status|p1a: iTroll|brn
|
|-heal|p2a: Mew|341\/404|[from] item: Leftovers
|-damage|p1a: iTroll|275\/314 brn|[from] brn
|turn|12
|
|switch|p2a: Manaphy|Manaphy|379\/404 slp
|move|p1a: iTroll|Dark Void|p2a: Manaphy
|-fail|p2a: Manaphy|slp
|
|-damage|p1a: iTroll|236\/314 brn|[from] brn
|turn|13
|
|switch|p2a: Pinsir|Pinsir-Mega, F|135\/271
|move|p1a: iTroll|Stealth Rock|p2a: Pinsir
|-sidestart|p2: Asitseems|move: Stealth Rock
|
|-damage|p1a: iTroll|197\/314 brn|[from] brn
|turn|14
|
|move|p2a: Pinsir|Swords Dance|p2a: Pinsir
|-boost|p2a: Pinsir|atk|2
|move|p1a: iTroll|Dark Void|p2a: Pinsir
|-status|p2a: Pinsir|slp
|
|-damage|p1a: iTroll|158\/314 brn|[from] brn
|turn|15
|
|switch|p1a: Latias|Latias, F|272\/302
|cant|p2a: Pinsir|slp
|
|turn|16
|c|âAsitseems|what the fuck
|c|âAsitseems|i have a pokemon asleep
|c|âAsitseems|bullshit
|
|cant|p2a: Pinsir|slp
|move|p1a: Latias|Draco Meteor|p2a: Pinsir
|-damage|p2a: Pinsir|0 fnt
|-unboost|p1a: Latias|spa|2
|-damage|p1a: Latias|242\/302|[from] item: Life Orb
|faint|p2a: Pinsir
|
|
|switch|p2a: Dragonite|Dragonite, M|324\/324
|-damage|p2a: Dragonite|243\/324|[from] Stealth Rock
|turn|17
|
|move|p1a: Latias|Draco Meteor|p2a: Dragonite
|-supereffective|p2a: Dragonite
|-damage|p2a: Dragonite|0 fnt
|-unboost|p1a: Latias|spa|2
|-damage|p1a: Latias|212\/302|[from] item: Life Orb
|faint|p2a: Dragonite
|
|
|switch|p2a: Mew|Mew|341\/404
|-damage|p2a: Mew|291\/404|[from] Stealth Rock
|turn|18
|
|switch|p1a: iTroll|Smeargle, M, shiny|158\/314 brn
|move|p2a: Mew|Will-O-Wisp|p1a: iTroll
|-fail|p1a: iTroll|brn
|
|-heal|p2a: Mew|316\/404|[from] item: Leftovers
|-damage|p1a: iTroll|119\/314 brn|[from] brn
|turn|19
|
|switch|p2a: Manaphy|Manaphy|379\/404 slp
|-damage|p2a: Manaphy|329\/404 slp|[from] Stealth Rock
|move|p1a: iTroll|Dark Void|p2a: Manaphy
|-fail|p2a: Manaphy|slp
|
|-damage|p1a: iTroll|80\/314 brn|[from] brn
|turn|20
|
|switch|p2a: Mew|Mew|316\/404
|-damage|p2a: Mew|266\/404|[from] Stealth Rock
|move|p1a: iTroll|Sticky Web|p2a: Mew
|-sidestart|p2: Asitseems|move: Sticky Web
|
|-heal|p2a: Mew|291\/404|[from] item: Leftovers
|-damage|p1a: iTroll|41\/314 brn|[from] brn
|turn|21
|
|switch|p2a: Manaphy|Manaphy|329\/404 slp
|-activate|p2a: Manaphy|move: Sticky Web
|-unboost|p2a: Manaphy|spe|1
|-damage|p2a: Manaphy|279\/404 slp|[from] Stealth Rock
|move|p1a: iTroll|Dark Void|p2a: Manaphy
|-fail|p2a: Manaphy|slp
|
|-damage|p1a: iTroll|2\/314 brn|[from] brn
|turn|22
|
|switch|p1a: The Beatles|Heracross, M|309\/309
|cant|p2a: Manaphy|slp
|
|turn|23
|join|Spaceman_Sp1ff
|leave|Spaceman_Sp1ff
|
|detailschange|p1a: The Beatles|Heracross-Mega, M
|message|Heracross has Mega Evolved into Mega Heracross!
|move|p1a: The Beatles|Pin Missile|p2a: Manaphy
|-damage|p2a: Manaphy|236\/404 slp
|-damage|p2a: Manaphy|190\/404 slp
|-damage|p2a: Manaphy|144\/404 slp
|-damage|p2a: Manaphy|101\/404 slp
|-damage|p2a: Manaphy|56\/404 slp
|-hitcount|p2a: Manaphy|5
|cant|p2a: Manaphy|slp
|
|turn|24
|
|move|p1a: The Beatles|Pin Missile|p2a: Manaphy|[miss]
|-miss|p1a: The Beatles|p2a: Manaphy
|-curestatus|p2a: Manaphy|slp
|move|p2a: Manaphy|Scald|p1a: The Beatles
|-damage|p1a: The Beatles|213\/309
|-status|p1a: The Beatles|brn
|
|-damage|p1a: The Beatles|175\/309 brn|[from] brn
|turn|25
|
|switch|p2a: Mew|Mew|291\/404
|-activate|p2a: Mew|move: Sticky Web
|-unboost|p2a: Mew|spe|1
|-damage|p2a: Mew|241\/404|[from] Stealth Rock
|move|p1a: The Beatles|Pin Missile|p2a: Mew
|-crit|p2a: Mew
|-supereffective|p2a: Mew
|-damage|p2a: Mew|157\/404
|-supereffective|p2a: Mew
|-damage|p2a: Mew|97\/404
|-supereffective|p2a: Mew
|-damage|p2a: Mew|43\/404
|-supereffective|p2a: Mew
|-damage|p2a: Mew|0 fnt
|-hitcount|p2a: Mew|4
|faint|p2a: Mew
|
|-damage|p1a: The Beatles|137\/309 brn|[from] brn
|
|switch|p2a: Ditto|Ditto|299\/299
|-activate|p2a: Ditto|move: Sticky Web
|-unboost|p2a: Ditto|spe|1
|-damage|p2a: Ditto|262\/299|[from] Stealth Rock
|-transform|p2a: Ditto|p1a: The Beatles
|turn|26
|
|move|p2a: Ditto|Pin Missile|p1a: The Beatles|[miss]
|-miss|p2a: Ditto|p1a: The Beatles
|move|p1a: The Beatles|Rock Blast|p2a: Ditto
|-damage|p2a: Ditto|245\/299
|-damage|p2a: Ditto|228\/299
|-damage|p2a: Ditto|211\/299
|-damage|p2a: Ditto|192\/299
|-damage|p2a: Ditto|174\/299
|-hitcount|p2a: Ditto|5
|
|-damage|p1a: The Beatles|99\/309 brn|[from] brn
|turn|27
|
|switch|p1a: iTroll|Smeargle, M, shiny|2\/314 brn
|move|p2a: Ditto|Pin Missile|p1a: iTroll
|-damage|p1a: iTroll|0 fnt
|-hitcount|p1a: iTroll|1
|faint|p1a: iTroll
|
|
|switch|p1a: Gravitron|Landorus, M, shiny|232\/319
|turn|28
|
|move|p1a: Gravitron|Sludge Wave|p2a: Ditto
|-crit|p2a: Ditto
|-damage|p2a: Ditto|0 fnt
|faint|p2a: Ditto
|
|
|switch|p2a: Manaphy|Manaphy|56\/404
|-activate|p2a: Manaphy|move: Sticky Web
|-unboost|p2a: Manaphy|spe|1
|-damage|p2a: Manaphy|6\/404|[from] Stealth Rock
|turn|29
|leave|Asitseems
|player|p2
|join|echon
|join|DunkmasterT-Rev
|leave|DunkmasterT-Rev
|join|Spaceman_Sp1ff
|leave|rdj
|leave|Spaceman_Sp1ff
|c| echon|voice me 
|c| echon|i will finish
|c| echon|Nub?
|leave|echon
|join|troll844
|-message|Player 2 lost due to inactivity.
|
|win|Nub Central