|join|Nub Central
|join|Preserve
|player|p1|Nub Central|161
|player|p2|Preserve|101
|gametype|singles
|gen|6
|tier|OU
|rated
|clearpoke
|poke|p1|Conkeldurr, M, shiny
|poke|p1|Celebi
|poke|p1|Heatran, M, shiny
|poke|p1|Latios, M
|poke|p1|Mawile, M, shiny
|poke|p1|Thundurus, M
|poke|p2|Tyranitar, F
|poke|p2|Greninja, M
|poke|p2|Clefable, M
|poke|p2|Venusaur, M
|poke|p2|Landorus-Therian, M
|poke|p2|Latios, M
|rule|Swagger Clause: Swagger is banned
|rule|Baton Pass Clause: Limit one PokÃ©mon knowing Baton Pass
|rule|Sleep Clause Mod: Limit one foe put to sleep
|rule|Species Clause: Limit one of each PokÃ©mon
|rule|OHKO Clause: OHKO moves are banned
|rule|Moody Clause: Moody is banned
|rule|Evasion Moves Clause: Evasion moves are banned
|rule|Endless Battle Clause: Forcing endless battles is banned
|rule|HP Percentage Mod: HP is reported as percentages
|teampreview
|chat|Nub Central|gl
|chat|Preserve|k
|chat|Nub Central|little rude
|chat|Preserve|how?
|chat|Nub Central|dw i'll beat u quick
|chat|Preserve|k means okay
|
|start
|switch|p1a: Brute Shot|Conkeldurr, M, shiny|361\/361
|switch|p2a: Greninja|Greninja, M|285\/285
|turn|1
|chat|Preserve|lmao okay
|
|switch|p2a: Clefable|Clefable, M|394\/394
|move|p1a: Brute Shot|Knock Off|p2a: Clefable
|-resisted|p2a: Clefable
|-damage|p2a: Clefable|318\/394
|-enditem|p2a: Clefable|Leftovers|[from] move: Knock Off|[of] p1a: Brute Shot
|
|turn|2
|
|switch|p2a: Landorus-Therian|Landorus-Therian, M|381\/381
|-ability|p2a: Landorus-Therian|Intimidate|[of] p1a: Brute Shot
|-unboost|p1a: Brute Shot|atk|1
|switch|p1a: Volcanic|Heatran, M, shiny|386\/386
|
|turn|3
|
|move|p2a: Landorus-Therian|Stealth Rock|p1a: Volcanic
|-sidestart|p1: Nub Central|move: Stealth Rock
|move|p1a: Volcanic|Will-O-Wisp|p2a: Landorus-Therian
|-status|p2a: Landorus-Therian|brn
|
|-damage|p2a: Landorus-Therian|334\/381 brn|[from] brn
|turn|4
|
|switch|p1a: Salad Bar|Celebi|404\/404
|-damage|p1a: Salad Bar|354\/404|[from] Stealth Rock
|move|p2a: Landorus-Therian|U-turn|p1a: Salad Bar
|-supereffective|p1a: Salad Bar
|-damage|p1a: Salad Bar|246\/404
|
|switch|p2a: Greninja|Greninja, M|285\/285
|
|-heal|p1a: Salad Bar|271\/404|[from] item: Leftovers
|turn|5
|
|switch|p1a: Volcanic|Heatran, M, shiny|386\/386
|-damage|p1a: Volcanic|338\/386|[from] Stealth Rock
|move|p2a: Greninja|Dark Pulse|p1a: Volcanic
|-start|p2a: Greninja|typechange|Dark|[from] Protean
|-crit|p1a: Volcanic
|-damage|p1a: Volcanic|159\/386
|-damage|p2a: Greninja|257\/285|[from] item: Life Orb
|
|-heal|p1a: Volcanic|183\/386|[from] item: Leftovers
|turn|6
|chat|Nub Central|still running dark pulse.. even tho it has no purpose anymore
|chat|Preserve|it does actually
|
|move|p2a: Greninja|Surf|p1a: Volcanic
|-start|p2a: Greninja|typechange|Water|[from] Protean
|-supereffective|p1a: Volcanic
|-damage|p1a: Volcanic|0 fnt
|-damage|p2a: Greninja|229\/285|[from] item: Life Orb
|faint|p1a: Volcanic
|
|chat|Preserve|i faced a team where i lost because i didn't have it
|chat|Preserve|couldnt hit slowbro or mew
|chat|Nub Central|hp grass is better now
|chat|Nub Central|dark was for aegi
|
|switch|p1a: Clear!|Thundurus, M|299\/299
|-damage|p1a: Clear!|225\/299|[from] Stealth Rock
|turn|7
|
|switch|p2a: Tyranitar|Tyranitar, F|403\/403
|-weather|Sandstorm
|move|p1a: Clear!|Thunder Wave|p2a: Tyranitar
|-status|p2a: Tyranitar|par
|
|-weather|Sandstorm|[upkeep]
|-damage|p1a: Clear!|207\/299|[from] sandstorm
|turn|8
|
|move|p1a: Clear!|Superpower|p2a: Tyranitar
|-supereffective|p2a: Tyranitar
|-damage|p2a: Tyranitar|0 fnt
|-unboost|p1a: Clear!|atk|1
|-unboost|p1a: Clear!|def|1
|-damage|p1a: Clear!|178\/299|[from] item: Life Orb
|faint|p2a: Tyranitar
|
|-weather|Sandstorm|[upkeep]
|-damage|p1a: Clear!|160\/299|[from] sandstorm
|
|switch|p2a: Clefable|Clefable, M|318\/394
|turn|9
|
|move|p1a: Clear!|Thunder Wave|p2a: Clefable
|-status|p2a: Clefable|par
|cant|p2a: Clefable|par
|
|-weather|Sandstorm|[upkeep]
|-damage|p1a: Clear!|142\/299|[from] sandstorm
|turn|10
|
|switch|p1a: Salad Bar|Celebi|271\/404
|-damage|p1a: Salad Bar|221\/404|[from] Stealth Rock
|move|p2a: Clefable|Flamethrower|p1a: Salad Bar
|-supereffective|p1a: Salad Bar
|-damage|p1a: Salad Bar|87\/404
|
|-weather|Sandstorm|[upkeep]
|-damage|p1a: Salad Bar|62\/404|[from] sandstorm
|-heal|p1a: Salad Bar|87\/404|[from] item: Leftovers
|turn|11
|
|switch|p2a: Greninja|Greninja, M|229\/285
|move|p1a: Salad Bar|Stealth Rock|p2a: Greninja
|-sidestart|p2: Preserve|move: Stealth Rock
|
|-weather|none
|-heal|p1a: Salad Bar|112\/404|[from] item: Leftovers
|turn|12
|
|move|p2a: Greninja|Dark Pulse|p1a: Salad Bar
|-start|p2a: Greninja|typechange|Dark|[from] Protean
|-supereffective|p1a: Salad Bar
|-damage|p1a: Salad Bar|0 fnt
|-damage|p2a: Greninja|201\/285|[from] item: Life Orb
|faint|p1a: Salad Bar
|
|
|switch|p1a: Brute Shot|Conkeldurr, M, shiny|361\/361
|-damage|p1a: Brute Shot|339\/361|[from] Stealth Rock
|turn|13
|
|switch|p2a: Latios|Latios, M|301\/301
|-damage|p2a: Latios|264\/301|[from] Stealth Rock
|move|p1a: Brute Shot|Ice Punch|p2a: Latios
|-supereffective|p2a: Latios
|-damage|p2a: Latios|12\/301
|
|turn|14
|
|move|p1a: Brute Shot|Mach Punch|p2a: Latios
|-resisted|p2a: Latios
|-damage|p2a: Latios|0 fnt
|faint|p2a: Latios
|
|
|switch|p2a: Venusaur|Venusaur, M|363\/363
|-damage|p2a: Venusaur|318\/363|[from] Stealth Rock
|turn|15
|
|switch|p1a: Jet Blue|Latios, M|301\/301
|-damage|p1a: Jet Blue|264\/301|[from] Stealth Rock
|detailschange|p2a: Venusaur|Venusaur-Mega, M
|message|Venusaur has Mega Evolved into Mega Venusaur!
|move|p2a: Venusaur|Sludge Bomb|p1a: Jet Blue
|-damage|p1a: Jet Blue|152\/301
|
|turn|16
|
|switch|p2a: Clefable|Clefable, M|318\/394 par
|move|p1a: Jet Blue|Psyshock|p2a: Clefable
|-damage|p2a: Clefable|80\/394 par
|-damage|p1a: Jet Blue|122\/301|[from] item: Life Orb
|
|turn|17
|
|move|p1a: Jet Blue|Psyshock|p2a: Clefable
|-damage|p2a: Clefable|0 fnt
|-damage|p1a: Jet Blue|92\/301|[from] item: Life Orb
|faint|p2a: Clefable
|
|
|switch|p2a: Greninja|Greninja, M|201\/285
|-damage|p2a: Greninja|166\/285|[from] Stealth Rock
|turn|18
|
|switch|p1a: Brute Shot|Conkeldurr, M, shiny|339\/361
|-damage|p1a: Brute Shot|317\/361|[from] Stealth Rock
|move|p2a: Greninja|Ice Beam|p1a: Brute Shot
|-start|p2a: Greninja|typechange|Ice|[from] Protean
|-damage|p1a: Brute Shot|184\/361
|-damage|p2a: Greninja|138\/285|[from] item: Life Orb
|
|turn|19
|
|switch|p2a: Venusaur|Venusaur-Mega, M|318\/363
|-damage|p2a: Venusaur|273\/363|[from] Stealth Rock
|move|p1a: Brute Shot|Mach Punch|p2a: Venusaur
|-resisted|p2a: Venusaur
|-damage|p2a: Venusaur|246\/363
|
|turn|20
|
|move|p2a: Venusaur|Earthquake|p1a: Brute Shot
|-damage|p1a: Brute Shot|107\/361
|move|p1a: Brute Shot|Ice Punch|p2a: Venusaur
|-supereffective|p2a: Venusaur
|-damage|p2a: Venusaur|174\/363
|
|turn|21
|
|move|p2a: Venusaur|Synthesis|p2a: Venusaur
|-heal|p2a: Venusaur|355\/363
|move|p1a: Brute Shot|Ice Punch|p2a: Venusaur
|-supereffective|p2a: Venusaur
|-damage|p2a: Venusaur|283\/363
|
|turn|22
|
|move|p2a: Venusaur|Giga Drain|p1a: Brute Shot
|-damage|p1a: Brute Shot|37\/361
|-heal|p2a: Venusaur|318\/363|[from] drain|[of] p1a: Brute Shot
|move|p1a: Brute Shot|Ice Punch|p2a: Venusaur
|-supereffective|p2a: Venusaur
|-damage|p2a: Venusaur|252\/363
|
|turn|23
|
|move|p2a: Venusaur|Giga Drain|p1a: Brute Shot
|-damage|p1a: Brute Shot|0 fnt
|-heal|p2a: Venusaur|271\/363|[from] drain|[of] p1a: Brute Shot
|faint|p1a: Brute Shot
|
|
|switch|p1a: Clear!|Thundurus, M|142\/299
|-damage|p1a: Clear!|68\/299|[from] Stealth Rock
|turn|24
|
|move|p1a: Clear!|Thunder Wave|p2a: Venusaur
|-status|p2a: Venusaur|par
|cant|p2a: Venusaur|par
|
|turn|25
|
|move|p1a: Clear!|Hidden Power|p2a: Venusaur
|-supereffective|p2a: Venusaur
|-damage|p2a: Venusaur|190\/363 par
|-damage|p1a: Clear!|39\/299|[from] item: Life Orb
|move|p2a: Venusaur|Sludge Bomb|p1a: Clear!
|-damage|p1a: Clear!|0 fnt
|faint|p1a: Clear!
|
|
|switch|p1a: Hall of Fame|Mawile, M, shiny|261\/261
|-damage|p1a: Hall of Fame|245\/261|[from] Stealth Rock
|-ability|p1a: Hall of Fame|Intimidate|[of] p2a: Venusaur
|-unboost|p2a: Venusaur|atk|1
|turn|26
|
|detailschange|p1a: Hall of Fame|Mawile-Mega, M, shiny
|message|Mawile has Mega Evolved into Mega Mawile!
|move|p1a: Hall of Fame|Swords Dance|p1a: Hall of Fame
|-boost|p1a: Hall of Fame|atk|2
|move|p2a: Venusaur|Earthquake|p1a: Hall of Fame
|-supereffective|p1a: Hall of Fame
|-damage|p1a: Hall of Fame|163\/261
|
|turn|27
|
|move|p1a: Hall of Fame|Fire Fang|p2a: Venusaur
|-supereffective|p2a: Venusaur
|-damage|p2a: Venusaur|16\/363 par
|move|p2a: Venusaur|Earthquake|p1a: Hall of Fame
|-supereffective|p1a: Hall of Fame
|-damage|p1a: Hall of Fame|75\/261
|
|turn|28
|
|move|p1a: Hall of Fame|Fire Fang|p2a: Venusaur
|-supereffective|p2a: Venusaur
|-damage|p2a: Venusaur|0 fnt
|faint|p2a: Venusaur
|
|
|switch|p2a: Landorus-Therian|Landorus-Therian, M|334\/381 brn
|-damage|p2a: Landorus-Therian|287\/381 brn|[from] Stealth Rock
|-ability|p2a: Landorus-Therian|Intimidate|[of] p1a: Hall of Fame
|-unboost|p1a: Hall of Fame|atk|1
|turn|29
|
|switch|p1a: Jet Blue|Latios, M|92\/301
|-damage|p1a: Jet Blue|55\/301|[from] Stealth Rock
|move|p2a: Landorus-Therian|U-turn|p1a: Jet Blue
|-supereffective|p1a: Jet Blue
|-damage|p1a: Jet Blue|0 fnt
|faint|p1a: Jet Blue
|chat|Preserve|nice job beating me quick though
|
|switch|p2a: Greninja|Greninja, M|138\/285
|-damage|p2a: Greninja|103\/285|[from] Stealth Rock
|
|chat|Preserve|gg
|chat|Nub Central|u won a 50\/50.. grats
|chat|Nub Central|be proud rude ass noob
|
|switch|p1a: Hall of Fame|Mawile-Mega, M, shiny|75\/261
|-damage|p1a: Hall of Fame|59\/261|[from] Stealth Rock
|turn|30
|chat|Preserve|it was really obv
|chat|Preserve|you the one who starting being rude
|
|move|p1a: Hall of Fame|Sucker Punch|p2a: Greninja
|-resisted|p2a: Greninja
|-damage|p2a: Greninja|0 fnt
|faint|p2a: Greninja
|
|
|switch|p2a: Landorus-Therian|Landorus-Therian, M|287\/381 brn
|-damage|p2a: Landorus-Therian|240\/381 brn|[from] Stealth Rock
|-ability|p2a: Landorus-Therian|Intimidate|[of] p1a: Hall of Fame
|-unboost|p1a: Hall of Fame|atk|1
|turn|31
|chat|Nub Central|767-667
|chat|Nub Central|nice record
|chat|Nub Central|pleb
|
|move|p1a: Hall of Fame|Sucker Punch|p2a: Landorus-Therian
|-damage|p2a: Landorus-Therian|141\/381 brn
|move|p2a: Landorus-Therian|Earthquake|p1a: Hall of Fame
|-supereffective|p1a: Hall of Fame
|-damage|p1a: Hall of Fame|0 fnt
|faint|p1a: Hall of Fame
|
|win|Preserve
|raw|Ladder updating...
|raw|Nub Central's rating: 1827 &rarr; <strong>1799<\/strong><br \/>(-28 for losing)
|raw|Preserve's rating: 1678 &rarr; <strong>1706<\/strong><br \/>(+28 for winning)
|chat|Preserve|ty
|leave|Nub Central
|player|p1