|join|wish killer
|join|NuB Central
|player|p1|wish killer|288
|player|p2|NuB Central|161
|gametype|singles
|gen|6
|tier|OU
|rated
|clearpoke
|poke|p1|Bisharp, F
|poke|p1|Venusaur, M
|poke|p1|Heatran, F
|poke|p1|Keldeo
|poke|p1|Chansey, F
|poke|p1|Skarmory, F
|poke|p2|Altaria, M
|poke|p2|Tentacruel, F
|poke|p2|Chesnaught, M, shiny
|poke|p2|Chansey, F
|poke|p2|Slowbro, M, shiny
|poke|p2|Heatran, M, shiny
|rule|Swagger Clause: Swagger is banned
|rule|Baton Pass Clause: Limit one PokÃ©mon knowing Baton Pass
|rule|Sleep Clause Mod: Limit one foe put to sleep
|rule|Species Clause: Limit one of each PokÃ©mon
|rule|OHKO Clause: OHKO moves are banned
|rule|Moody Clause: Moody is banned
|rule|Evasion Moves Clause: Evasion moves are banned
|rule|Endless Battle Clause: Forcing endless battles is banned
|rule|HP Percentage Mod: HP is shown in percentages
|teampreview
|
|start
|switch|p1a: Bisharp|Bisharp, F|334\/334
|switch|p2a: Slowbro|Slowbro, M, shiny|394\/394
|turn|1
|
|switch|p2a: Chesnaught|Chesnaught, M, shiny|380\/380
|move|p1a: Bisharp|Knock Off|p2a: Chesnaught
|-resisted|p2a: Chesnaught
|-damage|p2a: Chesnaught|317\/380
|-enditem|p2a: Chesnaught|Leftovers|[from] move: Knock Off|[of] p1a: Bisharp
|
|turn|2
|
|switch|p1a: Skarmory|Skarmory, F|334\/334
|move|p2a: Chesnaught|Drain Punch|p1a: Skarmory
|-damage|p1a: Skarmory|277\/334
|-heal|p2a: Chesnaught|346\/380|[from] drain|[of] p1a: Skarmory
|-damage|p2a: Chesnaught|283\/380|[from] item: Rocky Helmet|[of] p1a: Skarmory
|
|turn|3
|
|switch|p2a: Tentacruel|Tentacruel, F|364\/364
|move|p1a: Skarmory|Spikes|p2a: Tentacruel
|-sidestart|p2: NuB Central|Spikes
|
|turn|4
|
|switch|p1a: Keldeo|Keldeo|323\/323
|move|p2a: Tentacruel|Knock Off|p1a: Keldeo
|-resisted|p1a: Keldeo
|-damage|p1a: Keldeo|293\/323
|-boost|p1a: Keldeo|atk|1|[from] ability: Justified
|-enditem|p1a: Keldeo|Leftovers|[from] move: Knock Off|[of] p2a: Tentacruel
|
|turn|5
|
|move|p1a: Keldeo|Calm Mind|p1a: Keldeo
|-boost|p1a: Keldeo|spa|1
|-boost|p1a: Keldeo|spd|1
|move|p2a: Tentacruel|Rapid Spin|p1a: Keldeo
|-damage|p1a: Keldeo|280\/323
|-sideend|p2: NuB Central|Spikes|[from] move: Rapid Spin|[of] p2a: Tentacruel
|
|turn|6
|
|switch|p2a: Slowbro|Slowbro, M, shiny|394\/394
|move|p1a: Keldeo|Secret Sword|p2a: Slowbro
|-resisted|p2a: Slowbro
|-damage|p2a: Slowbro|312\/394
|
|-heal|p2a: Slowbro|336\/394|[from] item: Leftovers
|turn|7
|
|switch|p1a: Bisharp|Bisharp, F|334\/334
|move|p2a: Slowbro|Psyshock|p1a: Bisharp
|-immune|p1a: Bisharp|[msg]
|
|-heal|p2a: Slowbro|360\/394|[from] item: Leftovers
|turn|8
|
|move|p1a: Bisharp|Iron Head|p2a: Slowbro
|-resisted|p2a: Slowbro
|-damage|p2a: Slowbro|306\/394
|move|p2a: Slowbro|Scald|p1a: Bisharp
|-damage|p1a: Bisharp|202\/334
|
|-heal|p1a: Bisharp|222\/334|[from] item: Leftovers
|-heal|p2a: Slowbro|330\/394|[from] item: Leftovers
|turn|9
|
|switch|p2a: Chesnaught|Chesnaught, M, shiny|283\/380
|move|p1a: Bisharp|Knock Off|p2a: Chesnaught
|-resisted|p2a: Chesnaught
|-damage|p2a: Chesnaught|241\/380
|
|-heal|p1a: Bisharp|242\/334|[from] item: Leftovers
|turn|10
|
|switch|p1a: Skarmory|Skarmory, F|277\/334
|move|p2a: Chesnaught|Synthesis|p2a: Chesnaught
|-heal|p2a: Chesnaught|380\/380
|
|turn|11
|
|switch|p2a: Tentacruel|Tentacruel, F|364\/364
|move|p1a: Skarmory|Spikes|p2a: Tentacruel
|-sidestart|p2: NuB Central|Spikes
|
|turn|12
|
|switch|p1a: Keldeo|Keldeo|280\/323
|move|p2a: Tentacruel|Knock Off|p1a: Keldeo
|-resisted|p1a: Keldeo
|-damage|p1a: Keldeo|260\/323
|-boost|p1a: Keldeo|atk|1|[from] ability: Justified
|
|turn|13
|
|move|p1a: Keldeo|Scald|p2a: Tentacruel
|-resisted|p2a: Tentacruel
|-damage|p2a: Tentacruel|316\/364
|-status|p2a: Tentacruel|brn
|move|p2a: Tentacruel|Rapid Spin|p1a: Keldeo
|-damage|p1a: Keldeo|253\/323
|-sideend|p2: NuB Central|Spikes|[from] move: Rapid Spin|[of] p2a: Tentacruel
|
|-heal|p2a: Tentacruel|338\/364 brn|[from] item: Black Sludge
|-damage|p2a: Tentacruel|293\/364 brn|[from] brn
|turn|14
|
|switch|p2a: Altaria|Altaria, M|353\/353
|move|p1a: Keldeo|Scald|p2a: Altaria
|-resisted|p2a: Altaria
|-damage|p2a: Altaria|287\/353
|-status|p2a: Altaria|brn
|
|-damage|p2a: Altaria|243\/353 brn|[from] brn
|turn|15
|
|switch|p1a: Bisharp|Bisharp, F|242\/334
|switch|p2a: Slowbro|Slowbro, M, shiny|394\/394
|
|-heal|p1a: Bisharp|262\/334|[from] item: Leftovers
|turn|16
|
|switch|p1a: Heatran|Heatran, F|340\/340
|-item|p1a: Heatran|Air Balloon
|move|p2a: Slowbro|Scald|p1a: Heatran
|-supereffective|p1a: Heatran
|-damage|p1a: Heatran|158\/340
|-enditem|p1a: Heatran|Air Balloon
|
|turn|17
|
|move|p1a: Heatran|Toxic|p2a: Slowbro
|-status|p2a: Slowbro|tox
|move|p2a: Slowbro|Scald|p1a: Heatran
|-supereffective|p1a: Heatran
|-damage|p1a: Heatran|0 fnt
|faint|p1a: Heatran
|
|-damage|p2a: Slowbro|370\/394 tox|[from] psn
|
|switch|p1a: Bisharp|Bisharp, F|262\/334
|turn|18
|join|Yuttt.ttttt
|
|switch|p2a: Chesnaught|Chesnaught, M, shiny|380\/380
|move|p1a: Bisharp|Knock Off|p2a: Chesnaught
|-resisted|p2a: Chesnaught
|-damage|p2a: Chesnaught|341\/380
|
|-heal|p1a: Bisharp|282\/334|[from] item: Leftovers
|turn|19
|
|switch|p1a: Skarmory|Skarmory, F|277\/334
|move|p2a: Chesnaught|Spikes|p1a: Skarmory
|-sidestart|p1: wish killer|Spikes
|
|turn|20
|
|switch|p2a: Altaria|Altaria, M|243\/353
|move|p1a: Skarmory|Brave Bird|p2a: Altaria
|-damage|p2a: Altaria|135\/353
|-damage|p1a: Skarmory|241\/334|[from] recoil|[of] p2a: Altaria
|
|turn|21
|
|detailschange|p2a: Altaria|Altaria-Mega, M
|message|Altaria has Mega Evolved into Mega Altaria!
|move|p2a: Altaria|Heal Bell|p2a: Altaria
|-cureteam|p2a: Altaria|[from] move: HealBell
|move|p1a: Skarmory|Spikes|p2a: Altaria
|-sidestart|p2: NuB Central|Spikes
|
|turn|22
|
|move|p2a: Altaria|Roost|p2a: Altaria
|-heal|p2a: Altaria|312\/353
|move|p1a: Skarmory|Whirlwind|p2a: Altaria
|drag|p2a: Heatran|Heatran, M, shiny|386\/386
|-damage|p2a: Heatran|338\/386|[from] Spikes
|
|-heal|p2a: Heatran|362\/386|[from] item: Leftovers
|turn|23
|c| Yuttt.ttttt|rolllls
|
|switch|p1a: Keldeo|Keldeo|253\/323
|-damage|p1a: Keldeo|213\/323|[from] Spikes
|move|p2a: Heatran|Stealth Rock|p1a: Keldeo
|-sidestart|p1: wish killer|move: Stealth Rock
|
|-heal|p2a: Heatran|386\/386|[from] item: Leftovers
|turn|24
|
|switch|p2a: Altaria|Altaria-Mega, M|312\/353
|-damage|p2a: Altaria|268\/353|[from] Spikes
|move|p1a: Keldeo|Scald|p2a: Altaria
|-resisted|p2a: Altaria
|-damage|p2a: Altaria|195\/353
|
|turn|25
|
|move|p1a: Keldeo|Scald|p2a: Altaria
|-crit|p2a: Altaria
|-resisted|p2a: Altaria
|-damage|p2a: Altaria|99\/353
|move|p2a: Altaria|Roost|p2a: Altaria
|-heal|p2a: Altaria|276\/353
|
|turn|26
|
|move|p1a: Keldeo|Scald|p2a: Altaria
|-resisted|p2a: Altaria
|-damage|p2a: Altaria|212\/353
|move|p2a: Altaria|Return|p1a: Keldeo
|-supereffective|p1a: Keldeo
|-damage|p1a: Keldeo|0 fnt
|faint|p1a: Keldeo
|
|
|switch|p1a: Skarmory|Skarmory, F|241\/334
|-damage|p1a: Skarmory|200\/334|[from] Stealth Rock
|turn|27
|
|move|p2a: Altaria|Roost|p2a: Altaria
|-heal|p2a: Altaria|353\/353
|move|p1a: Skarmory|Spikes|p2a: Altaria
|-sidestart|p2: NuB Central|Spikes
|
|turn|28
|
|switch|p1a: Bisharp|Bisharp, F|282\/334
|-damage|p1a: Bisharp|241\/334|[from] Spikes
|-damage|p1a: Bisharp|221\/334|[from] Stealth Rock
|move|p2a: Altaria|Dragon Dance|p2a: Altaria
|-boost|p2a: Altaria|atk|1
|-boost|p2a: Altaria|spe|1
|
|-heal|p1a: Bisharp|241\/334|[from] item: Leftovers
|turn|29
|-message|wish killer forfeited.
|
|win|NuB Central
|raw|Ladder updating...
|leave|wish killer
|player|p1
|raw|wish killer's rating: 1679 &rarr; <strong>1658<\/strong><br \/>(-21 for losing)
|raw|NuB Central's rating: 1666 &rarr; <strong>1687<\/strong><br \/>(+21 for winning)
|c|âNuB Central|his stall'
|c| Yuttt.ttttt|lmao
|c|âNuB Central|is murdered by mine
|c| Yuttt.ttttt|was out of the meta
|c| Yuttt.ttttt|3 montsh ago
|c|âNuB Central|ahaha
|c| Yuttt.ttttt|lrn2adapt