|join|Reverb
|join|NuB Central
|player|p1|Reverb|#reverb
|player|p2|NuB Central|161
|gametype|singles
|gen|6
|tier|OU
|rated
|clearpoke
|poke|p1|Empoleon, F
|poke|p1|Tyranitar, F
|poke|p1|Charizard, F
|poke|p1|Keldeo
|poke|p1|Kyurem-Black
|poke|p1|Landorus-Therian, M
|poke|p2|Azumarill, M
|poke|p2|Landorus, M
|poke|p2|Scizor, M
|poke|p2|Latios, M
|poke|p2|Lucario, M, shiny
|poke|p2|Venusaur, M, shiny
|rule|Swagger Clause: Swagger is banned
|rule|Baton Pass Clause: Limit one PokÃ©mon knowing Baton Pass
|rule|Sleep Clause Mod: Limit one foe put to sleep
|rule|Species Clause: Limit one of each PokÃ©mon
|rule|OHKO Clause: OHKO moves are banned
|rule|Moody Clause: Moody is banned
|rule|Evasion Moves Clause: Evasion moves are banned
|rule|Endless Battle Clause: Forcing endless battles is banned
|rule|HP Percentage Mod: HP is shown in percentages
|teampreview
|c|âReverb|lel
|c|âReverb|fgt
|join|Ox the Fox
|c|âNuB Central|is this your redmeption
|join|z0mOG
|join|Austin
|c|âReverb|smd
|join|Outrageous Fortune
|c|âReverb|hoe
|c|âReverb|:P
|
|start
|switch|p1a: Charizard|Charizard, F|297\/297
|switch|p2a: Latios|Latios, M|301\/301
|turn|1
|
|switch|p2a: Lucario|Lucario, M, shiny|281\/281
|detailschange|p1a: Charizard|Charizard-Mega-Y, F
|message|Charizard has Mega Evolved into Mega Charizard!
|-weather|SunnyDay
|move|p1a: Charizard|Fire Blast|p2a: Lucario
|-supereffective|p2a: Lucario
|-damage|p2a: Lucario|0 fnt
|faint|p2a: Lucario
|
|-weather|SunnyDay|[upkeep]
|c|âNuB Central|hoe
|
|switch|p2a: Latios|Latios, M|301\/301
|turn|2
|c|âReverb|plays
|
|switch|p2a: Scizor|Scizor, M|281\/281
|move|p1a: Charizard|Fire Blast|p2a: Scizor|[miss]
|-miss|p1a: Charizard|p2a: Scizor
|
|-weather|SunnyDay|[upkeep]
|turn|3
|c|âReverb|aww
|c|âNuB Central|nigga
|c| Ox the Fox|loool
|c|âNuB Central|u can't take me n
|c|âNuB Central|on
|
|switch|p2a: Latios|Latios, M|301\/301
|move|p1a: Charizard|Fire Blast|p2a: Latios
|-resisted|p2a: Latios
|-damage|p2a: Latios|122\/301
|
|-weather|SunnyDay|[upkeep]
|turn|4
|
|switch|p1a: Tyranitar|Tyranitar, F|383\/383
|-weather|Sandstorm
|move|p2a: Latios|Draco Meteor|p1a: Tyranitar
|-damage|p1a: Tyranitar|171\/383
|-unboost|p2a: Latios|spa|2
|-damage|p2a: Latios|92\/301|[from] item: Life Orb
|
|-weather|Sandstorm|[upkeep]
|-damage|p2a: Latios|74\/301|[from] sandstorm
|turn|5
|
|switch|p1a: Landorus-Therian|Landorus-Therian, M|327\/327
|-ability|p1a: Landorus-Therian|Intimidate|[of] p2a: Latios
|-unboost|p2a: Latios|atk|1
|move|p2a: Latios|Draco Meteor|p1a: Landorus-Therian
|-damage|p1a: Landorus-Therian|131\/327
|-unboost|p2a: Latios|spa|2
|-damage|p2a: Latios|44\/301|[from] item: Life Orb
|
|-weather|Sandstorm|[upkeep]
|-damage|p2a: Latios|26\/301|[from] sandstorm
|turn|6
|
|switch|p2a: Landorus|Landorus, M|319\/319
|move|p1a: Landorus-Therian|U-turn|p2a: Landorus
|-resisted|p2a: Landorus
|-damage|p2a: Landorus|270\/319
|
|switch|p1a: Charizard|Charizard-Mega-Y, F|297\/297
|-weather|SunnyDay
|
|-weather|SunnyDay|[upkeep]
|turn|7
|
|move|p2a: Landorus|Stealth Rock|p1a: Charizard
|-sidestart|p1: Reverb|move: Stealth Rock
|move|p1a: Charizard|Fire Blast|p2a: Landorus
|-damage|p2a: Landorus|0 fnt
|faint|p2a: Landorus
|
|-weather|SunnyDay|[upkeep]
|
|switch|p2a: Latios|Latios, M|26\/301
|turn|8
|
|switch|p1a: Empoleon|Empoleon, F|372\/372
|-damage|p1a: Empoleon|349\/372|[from] Stealth Rock
|move|p2a: Latios|Roost|p2a: Latios
|-heal|p2a: Latios|177\/301
|
|-weather|SunnyDay|[upkeep]
|-heal|p1a: Empoleon|372\/372|[from] item: Leftovers
|turn|9
|c|âReverb|mob barely hanging on
|
|switch|p2a: Scizor|Scizor, M|281\/281
|move|p1a: Empoleon|Defog|p2a: Scizor
|-unboost|p2a: Scizor|evasion|1
|-sideend|p1: Reverb|Stealth Rock|[from] move: Defog|[of] p1a: Empoleon
|
|-weather|SunnyDay|[upkeep]
|turn|10
|
|move|p2a: Scizor|Superpower|p1a: Empoleon
|-crit|p1a: Empoleon
|-supereffective|p1a: Empoleon
|-damage|p1a: Empoleon|0 fnt
|-unboost|p2a: Scizor|atk|1
|-unboost|p2a: Scizor|def|1
|faint|p1a: Empoleon
|
|-weather|none
|
|switch|p1a: Charizard|Charizard-Mega-Y, F|297\/297
|-weather|SunnyDay
|turn|11
|
|switch|p2a: Latios|Latios, M|177\/301
|move|p1a: Charizard|Fire Blast|p2a: Latios
|-resisted|p2a: Latios
|-damage|p2a: Latios|8\/301
|
|-weather|SunnyDay|[upkeep]
|turn|12
|leave|z0mOG
|
|switch|p1a: Landorus-Therian|Landorus-Therian, M|131\/327
|-ability|p1a: Landorus-Therian|Intimidate|[of] p2a: Latios
|-unboost|p2a: Latios|atk|1
|move|p2a: Latios|Roost|p2a: Latios
|-heal|p2a: Latios|159\/301
|
|-weather|SunnyDay|[upkeep]
|turn|13
|
|switch|p2a: Venusaur|Venusaur, M, shiny|360\/360
|move|p1a: Landorus-Therian|U-turn|p2a: Venusaur
|-damage|p2a: Venusaur|251\/360
|
|switch|p1a: Charizard|Charizard-Mega-Y, F|297\/297
|
|-weather|SunnyDay|[upkeep]
|turn|14
|
|switch|p2a: Azumarill|Azumarill, M|381\/381
|move|p1a: Charizard|Fire Blast|p2a: Azumarill|[miss]
|-miss|p1a: Charizard|p2a: Azumarill
|
|-weather|SunnyDay|[upkeep]
|turn|15
|
|switch|p2a: Latios|Latios, M|159\/301
|move|p1a: Charizard|Solar Beam|p2a: Latios|[still]
|-prepare|p1a: Charizard|Solar Beam|p2a: Latios
|-anim|p1a: Charizard|Solar Beam|p2a: Latios
|-resisted|p2a: Latios
|-damage|p2a: Latios|72\/301
|
|-weather|none
|turn|16
|
|switch|p1a: Landorus-Therian|Landorus-Therian, M|131\/327
|-ability|p1a: Landorus-Therian|Intimidate|[of] p2a: Latios
|-unboost|p2a: Latios|atk|1
|move|p2a: Latios|Draco Meteor|p1a: Landorus-Therian
|-damage|p1a: Landorus-Therian|0 fnt
|-unboost|p2a: Latios|spa|2
|-damage|p2a: Latios|42\/301|[from] item: Life Orb
|faint|p1a: Landorus-Therian
|
|
|switch|p1a: Tyranitar|Tyranitar, F|171\/383
|-weather|Sandstorm
|turn|17
|
|move|p2a: Latios|Draco Meteor|p1a: Tyranitar
|-damage|p1a: Tyranitar|64\/383
|-unboost|p2a: Latios|spa|2
|-damage|p2a: Latios|12\/301|[from] item: Life Orb
|move|p1a: Tyranitar|Pursuit|p2a: Latios
|-supereffective|p2a: Latios
|-damage|p2a: Latios|0 fnt
|faint|p2a: Latios
|
|-weather|Sandstorm|[upkeep]
|
|switch|p2a: Venusaur|Venusaur, M, shiny|251\/360
|turn|18
|
|detailschange|p2a: Venusaur|Venusaur-Mega, M, shiny
|message|Venusaur has Mega Evolved into Mega Venusaur!
|move|p2a: Venusaur|Giga Drain|p1a: Tyranitar
|-supereffective|p1a: Tyranitar
|-damage|p1a: Tyranitar|0 fnt
|-heal|p2a: Venusaur|283\/360|[from] drain|[of] p1a: Tyranitar
|faint|p1a: Tyranitar
|
|-weather|Sandstorm|[upkeep]
|-damage|p2a: Venusaur|261\/360|[from] sandstorm
|
|switch|p1a: Charizard|Charizard-Mega-Y, F|297\/297
|-weather|SunnyDay
|turn|19
|
|switch|p2a: Azumarill|Azumarill, M|381\/381
|move|p1a: Charizard|Fire Blast|p2a: Azumarill
|-resisted|p2a: Azumarill
|-damage|p2a: Azumarill|160\/381
|
|-weather|SunnyDay|[upkeep]
|turn|20
|
|move|p2a: Azumarill|Aqua Jet|p1a: Charizard
|-supereffective|p1a: Charizard
|-damage|p1a: Charizard|141\/297
|move|p1a: Charizard|Solar Beam|p2a: Azumarill|[still]
|-prepare|p1a: Charizard|Solar Beam|p2a: Azumarill
|-anim|p1a: Charizard|Solar Beam|p2a: Azumarill
|-supereffective|p2a: Azumarill
|-damage|p2a: Azumarill|0 fnt
|faint|p2a: Azumarill
|
|-weather|SunnyDay|[upkeep]
|
|switch|p2a: Scizor|Scizor, M|281\/281
|turn|21
|
|move|p2a: Scizor|Bullet Punch|p1a: Charizard
|-resisted|p1a: Charizard
|-damage|p1a: Charizard|27\/297
|move|p1a: Charizard|Fire Blast|p2a: Scizor
|-supereffective|p2a: Scizor
|-damage|p2a: Scizor|0 fnt
|faint|p2a: Scizor
|
|-weather|SunnyDay|[upkeep]
|c|âNuB Central|u finally beat my lucario team nb
|c|âNuB Central|gg
|
|switch|p2a: Venusaur|Venusaur-Mega, M, shiny|261\/360
|turn|22
|c|âReverb|i have no fb left
|
|move|p1a: Charizard|Focus Blast|p2a: Venusaur|[miss]
|-miss|p1a: Charizard|p2a: Venusaur
|move|p2a: Venusaur|Sludge Bomb|p1a: Charizard
|-damage|p1a: Charizard|0 fnt
|faint|p1a: Charizard
|
|-weather|SunnyDay|[upkeep]
|
|switch|p1a: Kyurem-Black|Kyurem-Black|391\/391
|-ability|p1a: Kyurem-Black|Teravolt
|turn|23
|
|move|p1a: Kyurem-Black|Ice Beam|p2a: Venusaur
|-supereffective|p2a: Venusaur
|-damage|p2a: Venusaur|67\/360
|move|p2a: Venusaur|Synthesis|p2a: Venusaur
|-heal|p2a: Venusaur|307\/360
|
|-weather|none
|turn|24
|
|move|p1a: Kyurem-Black|Ice Beam|p2a: Venusaur
|-supereffective|p2a: Venusaur
|-damage|p2a: Venusaur|97\/360
|move|p2a: Venusaur|Sludge Bomb|p1a: Kyurem-Black
|-crit|p1a: Kyurem-Black
|-damage|p1a: Kyurem-Black|102\/391
|
|turn|25
|c|âNuB Central|thats doing nothing
|
|move|p1a: Kyurem-Black|Ice Beam|p2a: Venusaur
|-supereffective|p2a: Venusaur
|-damage|p2a: Venusaur|0 fnt
|faint|p2a: Venusaur
|
|win|Reverb
|raw|Ladder updating...
|c|âReverb|gg
|leave|NuB Central
|player|p2