|join|troll844
|join|Nub Central
|player|p1|troll844|1
|player|p2|Nub Central|161
|gametype|singles
|gen|6
|tier|OU
|clearpoke
|poke|p1|Tornadus-Therian, M
|poke|p1|Charizard, M
|poke|p1|Gliscor, F
|poke|p1|Slowbro, F
|poke|p1|Amoonguss, M
|poke|p1|Skarmory, M
|poke|p2|Alakazam, M, shiny
|poke|p2|Azumarill, M
|poke|p2|Skarmory, M
|poke|p2|Terrakion, shiny
|poke|p2|Heatran, M, shiny
|poke|p2|Garchomp, M
|rule|Swagger Clause: Swagger is banned
|rule|Baton Pass Clause: Limit one PokÃ©mon knowing Baton Pass
|rule|Sleep Clause Mod: Limit one foe put to sleep
|rule|Species Clause: Limit one of each PokÃ©mon
|rule|OHKO Clause: OHKO moves are banned
|rule|Moody Clause: Moody is banned
|rule|Evasion Moves Clause: Evasion moves are banned
|rule|Endless Battle Clause: Forcing endless battles is banned
|rule|HP Percentage Mod: HP is shown in percentages
|teampreview
|join|LT2K Murkrow
|join|pinkfloydian
|
|start
|switch|p1a: Gliscor|Gliscor, F|353\/353
|switch|p2a: Magma Head|Heatran, M, shiny|386\/386
|turn|1
|
|switch|p2a: Iron Wings|Skarmory, M|334\/334
|move|p1a: Gliscor|Earthquake|p2a: Iron Wings
|-immune|p2a: Iron Wings|[msg]
|
|-status|p1a: Gliscor|tox|[from] item: Toxic Orb
|turn|2
|join|aybec
|join|MasterRyuga
|join|Ill leave
|
|switch|p2a: Scoops|Alakazam, M, shiny|252\/252
|move|p1a: Gliscor|Taunt|p2a: Scoops
|-start|p2a: Scoops|move: Taunt
|
|turn|3
|
|detailschange|p2a: Scoops|Alakazam-Mega, M, shiny
|message|Alakazam has Mega Evolved into Mega Alakazam!
|-ability|p2a: Scoops|Poison Heal|[from] ability: Trace|[of] p1a: Gliscor
|move|p2a: Scoops|Psychic|p1a: Gliscor
|-damage|p1a: Gliscor|67\/353 tox
|move|p1a: Gliscor|U-turn|p2a: Scoops
|-supereffective|p2a: Scoops
|-damage|p2a: Scoops|104\/252
|join|belgrade
|
|switch|p1a: Tornadus-Therian|Tornadus-Therian, M|333\/333
|
|turn|4
|
|switch|p2a: Blooregard|Azumarill, M|345\/345
|move|p1a: Tornadus-Therian|U-turn|p2a: Blooregard
|-resisted|p2a: Blooregard
|-damage|p2a: Blooregard|315\/345
|
|switch|p1a: Amoonguss|Amoonguss, M|432\/432
|
|turn|5
|
|move|p2a: Blooregard|Knock Off|p1a: Amoonguss
|-damage|p1a: Amoonguss|288\/432
|-enditem|p1a: Amoonguss|Black Sludge|[from] move: Knock Off|[of] p2a: Blooregard
|move|p1a: Amoonguss|Spore|p2a: Blooregard
|-status|p2a: Blooregard|slp
|
|turn|6
|
|switch|p2a: Scoops|Alakazam-Mega, M, shiny|104\/252
|-ability|p2a: Scoops|Regenerator|[from] ability: Trace|[of] p1a: Amoonguss
|switch|p1a: Gliscor|Gliscor, F|67\/353 tox
|
|-heal|p1a: Gliscor|111\/353 tox|[from] ability: Poison Heal
|turn|7
|join|MQSMiko
|
|switch|p1a: Slowbro|Slowbro, F|385\/385
|move|p2a: Scoops|Psychic|p1a: Slowbro
|-resisted|p1a: Slowbro
|-damage|p1a: Slowbro|272\/385
|-unboost|p1a: Slowbro|spd|1
|
|-heal|p1a: Slowbro|296\/385|[from] item: Leftovers
|turn|8
|
|switch|p1a: Tornadus-Therian|Tornadus-Therian, M|333\/333
|move|p2a: Scoops|Psychic|p1a: Tornadus-Therian
|-damage|p1a: Tornadus-Therian|179\/333
|
|turn|9
|
|switch|p2a: Iron Wings|Skarmory, M|334\/334
|move|p1a: Tornadus-Therian|U-turn|p2a: Iron Wings
|-resisted|p2a: Iron Wings
|-damage|p2a: Iron Wings|328\/334
|-damage|p1a: Tornadus-Therian|124\/333|[from] item: Rocky Helmet|[of] p2a: Iron Wings
|
|switch|p1a: Gliscor|Gliscor, F|111\/353 tox
|
|-heal|p1a: Gliscor|155\/353 tox|[from] ability: Poison Heal
|turn|10
|join|abigmac
|
|move|p1a: Gliscor|Roost|p1a: Gliscor
|-heal|p1a: Gliscor|332\/353 tox
|move|p2a: Iron Wings|Brave Bird|p1a: Gliscor
|-crit|p1a: Gliscor
|-damage|p1a: Gliscor|226\/353 tox
|-damage|p2a: Iron Wings|293\/334|[from] recoil|[of] p1a: Gliscor
|
|-heal|p1a: Gliscor|270\/353 tox|[from] ability: Poison Heal
|turn|11
|leave|LT2K Murkrow
|
|move|p1a: Gliscor|Taunt|p2a: Iron Wings
|-start|p2a: Iron Wings|move: Taunt
|move|p2a: Iron Wings|Brave Bird|p1a: Gliscor
|-damage|p1a: Gliscor|203\/353 tox
|-damage|p2a: Iron Wings|271\/334|[from] recoil|[of] p1a: Gliscor
|
|-heal|p1a: Gliscor|247\/353 tox|[from] ability: Poison Heal
|turn|12
|
|move|p1a: Gliscor|Roost|p1a: Gliscor
|-heal|p1a: Gliscor|353\/353 tox
|move|p2a: Iron Wings|Brave Bird|p1a: Gliscor
|-crit|p1a: Gliscor
|-damage|p1a: Gliscor|244\/353 tox
|-damage|p2a: Iron Wings|235\/334|[from] recoil|[of] p1a: Gliscor
|
|-heal|p1a: Gliscor|288\/353 tox|[from] ability: Poison Heal
|turn|13
|join|RenaNoulis
|
|switch|p1a: Charizard|Charizard, M|345\/345
|move|p2a: Iron Wings|Brave Bird|p1a: Charizard
|-damage|p1a: Charizard|197\/345
|-damage|p2a: Iron Wings|186\/334|[from] recoil|[of] p1a: Charizard
|
|-end|p2a: Iron Wings|move: Taunt
|turn|14
|
|switch|p1a: Gliscor|Gliscor, F|288\/353 tox
|move|p2a: Iron Wings|Stealth Rock|p1a: Gliscor
|-sidestart|p1: troll844|move: Stealth Rock
|
|-heal|p1a: Gliscor|332\/353 tox|[from] ability: Poison Heal
|turn|15
|c|âtroll844|=<
|join|gogeta478
|
|switch|p2a: Scoops|Alakazam-Mega, M, shiny|188\/252
|-ability|p2a: Scoops|Poison Heal|[from] ability: Trace|[of] p1a: Gliscor
|move|p1a: Gliscor|U-turn|p2a: Scoops
|-crit|p2a: Scoops
|-supereffective|p2a: Scoops
|-damage|p2a: Scoops|0 fnt
|faint|p2a: Scoops
|join|djuf
|
|switch|p1a: Slowbro|Slowbro, F|385\/385
|-damage|p1a: Slowbro|337\/385|[from] Stealth Rock
|
|-heal|p1a: Slowbro|361\/385|[from] item: Leftovers
|leave|belgrade
|join|belgrade
|
|switch|p2a: Magma Head|Heatran, M, shiny|386\/386
|turn|16
|c| gogeta478|slowbro walls that team to dust
|
|switch|p1a: Gliscor|Gliscor, F|332\/353 tox
|-damage|p1a: Gliscor|288\/353 tox|[from] Stealth Rock
|move|p2a: Magma Head|Will-O-Wisp|p1a: Gliscor
|-fail|p1a: Gliscor
|
|-heal|p1a: Gliscor|332\/353 tox|[from] ability: Poison Heal
|turn|17
|
|switch|p2a: Iron Wings|Skarmory, M|186\/334
|move|p1a: Gliscor|Taunt|p2a: Iron Wings
|-start|p2a: Iron Wings|move: Taunt
|
|-heal|p1a: Gliscor|353\/353 tox|[from] ability: Poison Heal
|turn|18
|
|move|p1a: Gliscor|U-turn|p2a: Iron Wings
|-resisted|p2a: Iron Wings
|-damage|p2a: Iron Wings|178\/334
|-damage|p1a: Gliscor|295\/353 tox|[from] item: Rocky Helmet|[of] p2a: Iron Wings
|
|switch|p1a: Slowbro|Slowbro, F|385\/385
|-damage|p1a: Slowbro|337\/385|[from] Stealth Rock
|move|p2a: Iron Wings|Brave Bird|p1a: Slowbro
|-damage|p1a: Slowbro|252\/385
|-damage|p2a: Iron Wings|150\/334|[from] recoil|[of] p1a: Slowbro
|
|-heal|p1a: Slowbro|276\/385|[from] item: Leftovers
|turn|19
|join|uyfogu
|
|switch|p2a: Magma Head|Heatran, M, shiny|386\/386
|move|p1a: Slowbro|Scald|p2a: Magma Head
|-supereffective|p2a: Magma Head
|-damage|p2a: Magma Head|248\/386
|
|-heal|p2a: Magma Head|272\/386|[from] item: Leftovers
|-heal|p1a: Slowbro|300\/385|[from] item: Leftovers
|turn|20
|leave|djuf
|
|move|p2a: Magma Head|Lava Plume|p1a: Slowbro
|-resisted|p1a: Slowbro
|-damage|p1a: Slowbro|236\/385
|move|p1a: Slowbro|Scald|p2a: Magma Head
|-supereffective|p2a: Magma Head
|-damage|p2a: Magma Head|122\/386
|
|-heal|p2a: Magma Head|146\/386|[from] item: Leftovers
|-heal|p1a: Slowbro|260\/385|[from] item: Leftovers
|turn|21
|join|djuf
|
|switch|p1a: Gliscor|Gliscor, F|295\/353 tox
|-damage|p1a: Gliscor|251\/353 tox|[from] Stealth Rock
|move|p2a: Magma Head|Lava Plume|p1a: Gliscor
|-damage|p1a: Gliscor|94\/353 tox
|
|-heal|p2a: Magma Head|170\/386|[from] item: Leftovers
|-heal|p1a: Gliscor|138\/353 tox|[from] ability: Poison Heal
|turn|22
|
|move|p1a: Gliscor|Earthquake|p2a: Magma Head
|-supereffective|p2a: Magma Head
|-damage|p2a: Magma Head|0 fnt
|faint|p2a: Magma Head
|
|-heal|p1a: Gliscor|182\/353 tox|[from] ability: Poison Heal
|
|switch|p2a: Red Bull|Terrakion, shiny|323\/323
|turn|23
|
|move|p2a: Red Bull|Swords Dance|p2a: Red Bull
|-boost|p2a: Red Bull|atk|2
|move|p1a: Gliscor|Earthquake|p2a: Red Bull
|-supereffective|p2a: Red Bull
|-damage|p2a: Red Bull|81\/323
|
|-heal|p1a: Gliscor|226\/353 tox|[from] ability: Poison Heal
|turn|24
|
|move|p2a: Red Bull|Stone Edge|p1a: Gliscor
|-damage|p1a: Gliscor|0 fnt
|-damage|p2a: Red Bull|49\/323|[from] item: Life Orb
|faint|p1a: Gliscor
|
|
|switch|p1a: Tornadus-Therian|Tornadus-Therian, M|235\/333
|-damage|p1a: Tornadus-Therian|152\/333|[from] Stealth Rock
|turn|25
|
|switch|p2a: Land Jaws|Garchomp, M|358\/358
|move|p1a: Tornadus-Therian|Air Slash|p2a: Land Jaws
|-damage|p2a: Land Jaws|226\/358
|
|turn|26
|
|switch|p1a: Skarmory|Skarmory, M|333\/333
|-damage|p1a: Skarmory|292\/333|[from] Stealth Rock
|move|p2a: Land Jaws|Stone Edge|p1a: Skarmory
|-damage|p1a: Skarmory|209\/333
|
|turn|27
|join|JDynasty
|
|switch|p2a: Blooregard|Azumarill, M|315\/345 slp
|move|p1a: Skarmory|Defog|p2a: Blooregard
|-unboost|p2a: Blooregard|evasion|1
|-sideend|p1: troll844|Stealth Rock|[from] move: Defog|[of] p1a: Skarmory
|
|turn|28
|join|whiteapino
|leave|JDynasty
|leave|Nub Central
|player|p2
|leave|MasterRyuga
|leave|djuf
|leave|aybec
|join|Spaceman_Sp1ff
|leave|MQSMiko
|leave|abigmac
|leave|belgrade
|leave|RenaNoulis
|join|sugarhigh
|-message|Player 2 lost due to inactivity.
|
|win|troll844
|leave|sugarhigh
|leave|uyfogu