|join|Coatay
|join|NuB Central
|player|p1|Coatay|169
|player|p2|NuB Central|161
|gametype|singles
|gen|6
|tier|OU
|rated
|clearpoke
|poke|p1|Politoed, F
|poke|p1|Claydol
|poke|p1|Manaphy, shiny
|poke|p1|Amoonguss, F
|poke|p1|Kabutops, F
|poke|p1|Scizor, M
|poke|p2|Heracross, M
|poke|p2|Heatran, M, shiny
|poke|p2|Azumarill, M
|poke|p2|Landorus, M, shiny
|poke|p2|Mew
|poke|p2|Tyranitar, M
|rule|Swagger Clause: Swagger is banned
|rule|Baton Pass Clause: Limit one PokÃ©mon knowing Baton Pass
|rule|Sleep Clause Mod: Limit one foe put to sleep
|rule|Species Clause: Limit one of each PokÃ©mon
|rule|OHKO Clause: OHKO moves are banned
|rule|Moody Clause: Moody is banned
|rule|Evasion Moves Clause: Evasion moves are banned
|rule|Endless Battle Clause: Forcing endless battles is banned
|rule|HP Percentage Mod: HP is shown in percentages
|teampreview
|
|start
|switch|p1a: Scizor|Scizor, M|344\/344
|switch|p2a: Abbey Road|Heracross, M|311\/311
|turn|1
|
|detailschange|p2a: Abbey Road|Heracross-Mega, M
|message|Heracross has Mega Evolved into Mega Heracross!
|detailschange|p1a: Scizor|Scizor-Mega, M
|message|Scizor has Mega Evolved into Mega Scizor!
|move|p2a: Abbey Road|Close Combat|p1a: Scizor
|-crit|p1a: Scizor
|-damage|p1a: Scizor|0 fnt
|-unboost|p2a: Abbey Road|def|1
|-unboost|p2a: Abbey Road|spd|1
|faint|p1a: Scizor
|
|
|switch|p1a: Politoed|Politoed, F|384\/384
|-weather|RainDance
|turn|2
|
|switch|p1a: Claydol|Claydol|324\/324
|move|p2a: Abbey Road|Bullet Seed|p1a: Claydol
|-supereffective|p1a: Claydol
|-damage|p1a: Claydol|256\/324
|-supereffective|p1a: Claydol
|-damage|p1a: Claydol|188\/324
|-supereffective|p1a: Claydol
|-damage|p1a: Claydol|122\/324
|-crit|p1a: Claydol
|-supereffective|p1a: Claydol
|-damage|p1a: Claydol|14\/324
|-supereffective|p1a: Claydol
|-damage|p1a: Claydol|0 fnt
|-hitcount|p1a: Claydol|5
|faint|p1a: Claydol
|
|-weather|RainDance|[upkeep]
|
|switch|p1a: Kabutops|Kabutops, F|262\/262
|turn|3
|
|switch|p2a: Lava Golem|Heatran, M, shiny|323\/323
|move|p1a: Kabutops|Swords Dance|p1a: Kabutops
|-boost|p1a: Kabutops|atk|2
|
|-weather|RainDance|[upkeep]
|turn|4
|
|move|p1a: Kabutops|Waterfall|p2a: Lava Golem
|-supereffective|p2a: Lava Golem
|-damage|p2a: Lava Golem|0 fnt
|-damage|p1a: Kabutops|236\/262|[from] item: Life Orb
|faint|p2a: Lava Golem
|
|-weather|RainDance|[upkeep]
|
|switch|p2a: Dinomite|Tyranitar, M|341\/341
|-weather|Sandstorm
|turn|5
|
|move|p2a: Dinomite|Superpower|p1a: Kabutops
|-supereffective|p1a: Kabutops
|-damage|p1a: Kabutops|0 fnt
|-unboost|p2a: Dinomite|atk|1
|-unboost|p2a: Dinomite|def|1
|faint|p1a: Kabutops
|
|-weather|Sandstorm|[upkeep]
|
|switch|p1a: Politoed|Politoed, F|384\/384
|-weather|RainDance
|turn|6
|
|switch|p2a: Genetics|Mew|404\/404
|move|p1a: Politoed|Scald|p2a: Genetics
|-damage|p2a: Genetics|283\/404
|-status|p2a: Genetics|brn
|-status|p1a: Politoed|brn
|
|-weather|RainDance|[upkeep]
|-heal|p2a: Genetics|308\/404 brn|[from] item: Leftovers
|-damage|p2a: Genetics|258\/404 brn|[from] brn
|-damage|p1a: Politoed|336\/384 brn|[from] brn
|turn|7
|
|switch|p1a: Manaphy|Manaphy, shiny|404\/404
|move|p2a: Genetics|Knock Off|p1a: Manaphy
|-damage|p1a: Manaphy|362\/404
|-enditem|p1a: Manaphy|Leftovers|[from] move: Knock Off|[of] p2a: Genetics
|
|-weather|RainDance|[upkeep]
|-heal|p2a: Genetics|283\/404 brn|[from] item: Leftovers
|-damage|p2a: Genetics|233\/404 brn|[from] brn
|turn|8
|
|switch|p2a: Dinomite|Tyranitar, M|341\/341
|-weather|Sandstorm
|move|p1a: Manaphy|Tail Glow|p1a: Manaphy
|-boost|p1a: Manaphy|spa|3
|
|-weather|Sandstorm|[upkeep]
|-damage|p1a: Manaphy|337\/404|[from] sandstorm
|turn|9
|
|switch|p2a: Genetics|Mew|233\/404 brn
|move|p1a: Manaphy|Surf|p2a: Genetics
|-damage|p2a: Genetics|0 fnt
|faint|p2a: Genetics
|
|-weather|Sandstorm|[upkeep]
|-damage|p1a: Manaphy|312\/404|[from] sandstorm
|
|switch|p2a: Water Bomb|Azumarill, M|401\/401
|turn|10
|
|switch|p1a: Amoonguss|Amoonguss, F|432\/432
|move|p2a: Water Bomb|Play Rough|p1a: Amoonguss
|-resisted|p1a: Amoonguss
|-damage|p1a: Amoonguss|341\/432
|
|-weather|Sandstorm|[upkeep]
|-damage|p2a: Water Bomb|376\/401|[from] sandstorm
|-damage|p1a: Amoonguss|314\/432|[from] sandstorm
|-heal|p1a: Amoonguss|341\/432|[from] item: Black Sludge
|turn|11
|
|move|p2a: Water Bomb|Knock Off|p1a: Amoonguss
|-crit|p1a: Amoonguss
|-damage|p1a: Amoonguss|135\/432
|-enditem|p1a: Amoonguss|Black Sludge|[from] move: Knock Off|[of] p2a: Water Bomb
|move|p1a: Amoonguss|Spore|p2a: Water Bomb
|-status|p2a: Water Bomb|slp
|
|-weather|Sandstorm|[upkeep]
|-damage|p2a: Water Bomb|351\/401 slp|[from] sandstorm
|-damage|p1a: Amoonguss|108\/432|[from] sandstorm
|turn|12
|
|switch|p2a: Nimbus|Landorus, M, shiny|319\/319
|switch|p1a: Politoed|Politoed, F|336\/384 brn
|-weather|RainDance
|
|-weather|RainDance|[upkeep]
|-damage|p1a: Politoed|288\/384 brn|[from] brn
|turn|13
|
|move|p2a: Nimbus|Earth Power|p1a: Politoed
|-damage|p1a: Politoed|37\/384 brn
|move|p1a: Politoed|Ice Beam|p2a: Nimbus
|-supereffective|p2a: Nimbus
|-damage|p2a: Nimbus|0 fnt
|faint|p2a: Nimbus
|
|-weather|RainDance|[upkeep]
|-damage|p1a: Politoed|0 fnt|[from] brn
|faint|p1a: Politoed
|
|switch|p1a: Manaphy|Manaphy, shiny|312\/404
|switch|p2a: Abbey Road|Heracross-Mega, M|311\/311
|turn|14
|
|move|p1a: Manaphy|Surf|p2a: Abbey Road
|-damage|p2a: Abbey Road|119\/311
|move|p2a: Abbey Road|Bullet Seed|p1a: Manaphy
|-supereffective|p1a: Manaphy
|-damage|p1a: Manaphy|232\/404
|-supereffective|p1a: Manaphy
|-damage|p1a: Manaphy|140\/404
|-supereffective|p1a: Manaphy
|-damage|p1a: Manaphy|52\/404
|-supereffective|p1a: Manaphy
|-damage|p1a: Manaphy|0 fnt
|-hitcount|p1a: Manaphy|4
|faint|p1a: Manaphy
|
|-weather|RainDance|[upkeep]
|
|switch|p1a: Amoonguss|Amoonguss, F|252\/432
|turn|15
|
|move|p2a: Abbey Road|Pin Missile|p1a: Amoonguss
|-damage|p1a: Amoonguss|183\/432
|-damage|p1a: Amoonguss|123\/432
|-damage|p1a: Amoonguss|59\/432
|-damage|p1a: Amoonguss|0 fnt
|-hitcount|p1a: Amoonguss|4
|faint|p1a: Amoonguss
|
|win|NuB Central
|raw|Ladder updating...
|raw|Coatay's rating: 1702 &rarr; <strong>1683<\/strong><br \/>(-19 for losing)
|raw|NuB Central's rating: 1720 &rarr; <strong>1739<\/strong><br \/>(+19 for winning)
|c|âNuB Central|you must to ditch claydol
|c|âNuB Central|its dead weight
|c|âCoatay|you must fuck yourself
|leave|Coatay
|player|p1
|c|âNuB Central|ur bad