|join|NuB Central
|join|revoluti0n
|player|p1|NuB Central|161
|player|p2|revoluti0n|1
|gametype|singles
|gen|6
|tier|OU
|rated
|clearpoke
|poke|p1|Gengar, M, shiny
|poke|p1|Keldeo-Resolute
|poke|p1|Tyranitar, M
|poke|p1|Manectric, M, shiny
|poke|p1|Latias, F
|poke|p1|Landorus-Therian, M
|poke|p2|Pinsir, F
|poke|p2|Landorus-Therian, M
|poke|p2|Heatran, M
|poke|p2|Sylveon, F
|poke|p2|Azumarill, M
|poke|p2|Zapdos
|rule|Swagger Clause: Swagger is banned
|rule|Baton Pass Clause: Limit one PokÃ©mon knowing Baton Pass
|rule|Sleep Clause Mod: Limit one foe put to sleep
|rule|Species Clause: Limit one of each PokÃ©mon
|rule|OHKO Clause: OHKO moves are banned
|rule|Moody Clause: Moody is banned
|rule|Evasion Moves Clause: Evasion moves are banned
|rule|Endless Battle Clause: Forcing endless battles is banned
|rule|HP Percentage Mod: HP is shown in percentages
|teampreview
|
|start
|switch|p1a: Gengar|Gengar, M, shiny|261\/261
|switch|p2a: Heatran|Heatran, M|386\/386
|turn|1
|
|switch|p1a: Landorus-Therian|Landorus-Therian, M|319\/319
|-ability|p1a: Landorus-Therian|Intimidate|[of] p2a: Heatran
|-unboost|p2a: Heatran|atk|1
|move|p2a: Heatran|Flamethrower|p1a: Landorus-Therian
|-damage|p1a: Landorus-Therian|171\/319
|
|-heal|p1a: Landorus-Therian|190\/319|[from] item: Leftovers
|turn|2
|
|switch|p2a: Landorus-Therian|Landorus-Therian, M|382\/382
|-ability|p2a: Landorus-Therian|Intimidate|[of] p1a: Landorus-Therian
|-unboost|p1a: Landorus-Therian|atk|1
|move|p1a: Landorus-Therian|U-turn|p2a: Landorus-Therian
|-resisted|p2a: Landorus-Therian
|-damage|p2a: Landorus-Therian|346\/382
|
|switch|p1a: Gengar|Gengar, M, shiny|261\/261
|
|-heal|p2a: Landorus-Therian|369\/382|[from] item: Leftovers
|turn|3
|
|switch|p1a: Keldeo-Resolute|Keldeo-Resolute|323\/323
|move|p2a: Landorus-Therian|Knock Off|p1a: Keldeo-Resolute
|-resisted|p1a: Keldeo-Resolute
|-damage|p1a: Keldeo-Resolute|253\/323
|-boost|p1a: Keldeo-Resolute|atk|1|[from] ability: Justified
|-enditem|p1a: Keldeo-Resolute|Leftovers|[from] move: Knock Off|[of] p2a: Landorus-Therian
|
|-heal|p2a: Landorus-Therian|382\/382|[from] item: Leftovers
|turn|4
|
|switch|p2a: Sylveon|Sylveon, F|363\/363
|move|p1a: Keldeo-Resolute|Scald|p2a: Sylveon
|-damage|p2a: Sylveon|242\/363
|
|-heal|p2a: Sylveon|264\/363|[from] item: Leftovers
|turn|5
|
|switch|p1a: Gengar|Gengar, M, shiny|261\/261
|move|p2a: Sylveon|Hyper Voice|p1a: Gengar
|-resisted|p1a: Gengar
|-damage|p1a: Gengar|155\/261
|
|-heal|p2a: Sylveon|286\/363|[from] item: Leftovers
|turn|6
|
|switch|p2a: Heatran|Heatran, M|386\/386
|move|p1a: Gengar|Trick|p2a: Heatran
|-activate|p1a: Gengar|move: Trick|[of] p2a: Heatran
|-item|p2a: Heatran|Choice Scarf|[from] move: Trick
|-item|p1a: Gengar|Leftovers|[from] move: Trick
|
|-heal|p1a: Gengar|171\/261|[from] item: Leftovers
|turn|7
|
|switch|p1a: Tyranitar|Tyranitar, M|341\/341
|-weather|Sandstorm
|move|p2a: Heatran|Stealth Rock|p1a: Tyranitar
|-sidestart|p1: NuB Central|move: Stealth Rock
|
|-weather|Sandstorm|[upkeep]
|turn|8
|
|move|p1a: Tyranitar|Pursuit|p2a: Heatran|[from]Pursuit
|-damage|p2a: Heatran|250\/386
|switch|p2a: Landorus-Therian|Landorus-Therian, M|382\/382
|-ability|p2a: Landorus-Therian|Intimidate|[of] p1a: Tyranitar
|-unboost|p1a: Tyranitar|atk|1
|
|-weather|Sandstorm|[upkeep]
|turn|9
|join|jake5
|
|move|p1a: Tyranitar|Pursuit|p2a: Landorus-Therian
|-damage|p2a: Landorus-Therian|327\/382
|move|p2a: Landorus-Therian|U-turn|p1a: Tyranitar
|-supereffective|p1a: Tyranitar
|-damage|p1a: Tyranitar|167\/341
|
|switch|p2a: Sylveon|Sylveon, F|286\/363
|
|-weather|Sandstorm|[upkeep]
|-damage|p2a: Sylveon|264\/363|[from] sandstorm
|-heal|p2a: Sylveon|286\/363|[from] item: Leftovers
|turn|10
|
|switch|p1a: Gengar|Gengar, M, shiny|171\/261
|-damage|p1a: Gengar|139\/261|[from] Stealth Rock
|move|p2a: Sylveon|Hyper Voice|p1a: Gengar
|-resisted|p1a: Gengar
|-damage|p1a: Gengar|24\/261
|
|-weather|Sandstorm|[upkeep]
|-damage|p1a: Gengar|8\/261|[from] sandstorm
|-damage|p2a: Sylveon|264\/363|[from] sandstorm
|-heal|p1a: Gengar|24\/261|[from] item: Leftovers
|-heal|p2a: Sylveon|286\/363|[from] item: Leftovers
|turn|11
|
|switch|p2a: Heatran|Heatran, M|250\/386
|move|p1a: Gengar|Sludge Bomb|p2a: Heatran
|-immune|p2a: Heatran|[msg]
|
|-weather|none
|-heal|p1a: Gengar|40\/261|[from] item: Leftovers
|turn|12
|
|switch|p1a: Keldeo-Resolute|Keldeo-Resolute|253\/323
|-damage|p1a: Keldeo-Resolute|233\/323|[from] Stealth Rock
|move|p2a: Heatran|Flamethrower|p1a: Keldeo-Resolute
|-resisted|p1a: Keldeo-Resolute
|-damage|p1a: Keldeo-Resolute|155\/323
|
|turn|13
|
|move|p1a: Keldeo-Resolute|Scald|p2a: Heatran
|-supereffective|p2a: Heatran
|-damage|p2a: Heatran|56\/386
|move|p2a: Heatran|Flamethrower|p1a: Keldeo-Resolute
|-resisted|p1a: Keldeo-Resolute
|-damage|p1a: Keldeo-Resolute|78\/323
|
|turn|14
|
|move|p1a: Keldeo-Resolute|Scald|p2a: Heatran
|-supereffective|p2a: Heatran
|-damage|p2a: Heatran|0 fnt
|faint|p2a: Heatran
|
|
|switch|p2a: Zapdos|Zapdos|383\/383
|-ability|p2a: Zapdos|Pressure
|turn|15
|
|switch|p1a: Manectric|Manectric, M, shiny|281\/281
|-damage|p1a: Manectric|246\/281|[from] Stealth Rock
|move|p2a: Zapdos|Thunderbolt|p1a: Manectric
|-boost|p1a: Manectric|spa|1|[from] ability: Lightning Rod
|
|turn|16
|
|detailschange|p1a: Manectric|Manectric-Mega, M, shiny
|message|Manectric has Mega Evolved into Mega Manectric!
|-ability|p1a: Manectric|Intimidate|[of] p2a: Zapdos
|-unboost|p2a: Zapdos|atk|1
|move|p1a: Manectric|Thunderbolt|p2a: Zapdos
|-damage|p2a: Zapdos|136\/383
|move|p2a: Zapdos|Heat Wave|p1a: Manectric
|-damage|p1a: Manectric|132\/281
|
|-heal|p2a: Zapdos|159\/383|[from] item: Leftovers
|turn|17
|
|switch|p2a: Landorus-Therian|Landorus-Therian, M|327\/382
|-ability|p2a: Landorus-Therian|Intimidate|[of] p1a: Manectric
|-unboost|p1a: Manectric|atk|1
|move|p1a: Manectric|Thunderbolt|p2a: Landorus-Therian
|-immune|p2a: Landorus-Therian|[msg]
|
|-heal|p2a: Landorus-Therian|350\/382|[from] item: Leftovers
|turn|18
|
|switch|p2a: Zapdos|Zapdos|159\/383
|-ability|p2a: Zapdos|Pressure
|move|p1a: Manectric|Hidden Power|p2a: Zapdos
|-supereffective|p2a: Zapdos
|-damage|p2a: Zapdos|0 fnt
|faint|p2a: Zapdos
|
|
|switch|p2a: Sylveon|Sylveon, F|286\/363
|turn|19
|
|move|p1a: Manectric|Volt Switch|p2a: Sylveon
|-damage|p2a: Sylveon|130\/363
|
|switch|p1a: Tyranitar|Tyranitar, M|167\/341
|-damage|p1a: Tyranitar|125\/341|[from] Stealth Rock
|-weather|Sandstorm
|move|p2a: Sylveon|Hyper Voice|p1a: Tyranitar
|-supereffective|p1a: Tyranitar
|-damage|p1a: Tyranitar|0 fnt
|faint|p1a: Tyranitar
|
|-weather|Sandstorm|[upkeep]
|-damage|p2a: Sylveon|108\/363|[from] sandstorm
|-heal|p2a: Sylveon|130\/363|[from] item: Leftovers
|
|switch|p1a: Latias|Latias, F|301\/301
|-damage|p1a: Latias|264\/301|[from] Stealth Rock
|turn|20
|
|move|p1a: Latias|Psyshock|p2a: Sylveon
|-damage|p2a: Sylveon|0 fnt
|-damage|p1a: Latias|234\/301|[from] item: Life Orb
|faint|p2a: Sylveon
|
|-weather|Sandstorm|[upkeep]
|-damage|p1a: Latias|216\/301|[from] sandstorm
|
|switch|p2a: Pinsir|Pinsir, F|272\/272
|-ability|p2a: Pinsir|Mold Breaker
|turn|21
|
|switch|p2a: Landorus-Therian|Landorus-Therian, M|350\/382
|-ability|p2a: Landorus-Therian|Intimidate|[of] p1a: Latias
|-unboost|p1a: Latias|atk|1
|move|p1a: Latias|Draco Meteor|p2a: Landorus-Therian
|-damage|p2a: Landorus-Therian|56\/382
|-unboost|p1a: Latias|spa|2
|-damage|p1a: Latias|186\/301|[from] item: Life Orb
|
|-weather|Sandstorm|[upkeep]
|-damage|p1a: Latias|168\/301|[from] sandstorm
|-heal|p2a: Landorus-Therian|79\/382|[from] item: Leftovers
|turn|22
|
|move|p1a: Latias|Healing Wish|p1a: Latias
|faint|p1a: Latias
|move|p2a: Landorus-Therian|U-turn|p1: Latias|[notarget]
|-notarget
|
|-weather|Sandstorm|[upkeep]
|-heal|p2a: Landorus-Therian|102\/382|[from] item: Leftovers
|
|switch|p1a: Manectric|Manectric-Mega, M, shiny|132\/281
|-heal|p1a: Manectric|281\/281|[from] move: Healing Wish
|-damage|p1a: Manectric|246\/281|[from] Stealth Rock
|-ability|p1a: Manectric|Intimidate|[of] p2a: Landorus-Therian
|-unboost|p2a: Landorus-Therian|atk|1
|turn|23
|
|move|p1a: Manectric|Flamethrower|p2a: Landorus-Therian
|-damage|p2a: Landorus-Therian|0 fnt
|faint|p2a: Landorus-Therian
|
|-weather|none
|
|switch|p2a: Pinsir|Pinsir, F|272\/272
|-ability|p2a: Pinsir|Mold Breaker
|turn|24
|
|move|p1a: Manectric|Volt Switch|p2a: Pinsir
|-damage|p2a: Pinsir|104\/272
|
|switch|p1a: Landorus-Therian|Landorus-Therian, M|190\/319
|-damage|p1a: Landorus-Therian|151\/319|[from] Stealth Rock
|-ability|p1a: Landorus-Therian|Intimidate|[of] p2a: Pinsir
|-unboost|p2a: Pinsir|atk|1
|move|p2a: Pinsir|Earthquake|p1a: Landorus-Therian
|-immune|p1a: Landorus-Therian|[msg]
|
|-heal|p1a: Landorus-Therian|170\/319|[from] item: Leftovers
|turn|25
|
|detailschange|p2a: Pinsir|Pinsir-Mega, F
|message|Pinsir has Mega Evolved into Mega Pinsir!
|move|p2a: Pinsir|Frustration|p1a: Landorus-Therian
|-damage|p1a: Landorus-Therian|0 fnt
|faint|p1a: Landorus-Therian
|
|
|switch|p1a: Manectric|Manectric-Mega, M, shiny|246\/281
|-damage|p1a: Manectric|211\/281|[from] Stealth Rock
|-ability|p1a: Manectric|Intimidate|[of] p2a: Pinsir
|-unboost|p2a: Pinsir|atk|1
|turn|26
|
|move|p2a: Pinsir|Quick Attack|p1a: Manectric
|-resisted|p1a: Manectric
|-damage|p1a: Manectric|178\/281
|move|p1a: Manectric|Thunderbolt|p2a: Pinsir
|-supereffective|p2a: Pinsir
|-damage|p2a: Pinsir|0 fnt
|faint|p2a: Pinsir
|
|
|switch|p2a: Azumarill|Azumarill, M|404\/404
|turn|27
|
|move|p2a: Azumarill|Aqua Jet|p1a: Manectric
|-damage|p1a: Manectric|78\/281
|move|p1a: Manectric|Volt Switch|p2a: Azumarill
|-supereffective|p2a: Azumarill
|-damage|p2a: Azumarill|78\/404
|
|switch|p1a: Gengar|Gengar, M, shiny|40\/261
|-damage|p1a: Gengar|8\/261|[from] Stealth Rock
|-enditem|p2a: Azumarill|Sitrus Berry|[eat]
|-heal|p2a: Azumarill|179\/404|[from] item: Sitrus Berry
|
|-heal|p1a: Gengar|24\/261|[from] item: Leftovers
|turn|28
|c|âNuB Central|shit
|c| jake5|da choke
|
|move|p2a: Azumarill|Aqua Jet|p1a: Gengar
|-crit|p1a: Gengar
|-damage|p1a: Gengar|0 fnt
|faint|p1a: Gengar
|
|c| jake5|is real
|c|âNuB Central|expected AV
|c|âNuB Central|plug
|
|switch|p1a: Manectric|Manectric-Mega, M, shiny|78\/281
|-damage|p1a: Manectric|43\/281|[from] Stealth Rock
|-ability|p1a: Manectric|Intimidate|[of] p2a: Azumarill
|-unboost|p2a: Azumarill|atk|1
|turn|29
|
|move|p2a: Azumarill|Aqua Jet|p1a: Manectric
|-damage|p1a: Manectric|0 fnt
|faint|p1a: Manectric
|
|
|switch|p1a: Keldeo-Resolute|Keldeo-Resolute|78\/323
|-damage|p1a: Keldeo-Resolute|58\/323|[from] Stealth Rock
|turn|30
|
|move|p1a: Keldeo-Resolute|Secret Sword|p2a: Azumarill
|-resisted|p2a: Azumarill
|-damage|p2a: Azumarill|83\/404
|move|p2a: Azumarill|Waterfall|p1a: Keldeo-Resolute
|-crit|p1a: Keldeo-Resolute
|-resisted|p1a: Keldeo-Resolute
|-damage|p1a: Keldeo-Resolute|0 fnt
|faint|p1a: Keldeo-Resolute
|
|win|revoluti0n
|raw|Ladder updating...
|raw|NuB Central's rating: 1691 &rarr; <strong>1662<\/strong><br \/>(-29 for losing)
|raw|revoluti0n's rating: 1527 &rarr; <strong>1556<\/strong><br \/>(+29 for winning)
|leave|NuB Central
|player|p1