|join|carv
|join|NuB Central
|player|p1|carv|266
|player|p2|NuB Central|161
|gametype|singles
|gen|6
|tier|OU
|rated
|clearpoke
|poke|p1|Excadrill, F
|poke|p1|Keldeo
|poke|p1|Tyranitar, M
|poke|p1|Medicham, F
|poke|p1|Ferrothorn, F
|poke|p1|Zapdos
|poke|p2|Azumarill, M, shiny
|poke|p2|Pinsir, M, shiny
|poke|p2|Azelf, shiny
|poke|p2|Raikou
|poke|p2|Landorus-Therian, M, shiny
|poke|p2|Keldeo-Resolute, shiny
|rule|Swagger Clause: Swagger is banned
|rule|Baton Pass Clause: Limit one PokÃ©mon knowing Baton Pass
|rule|Sleep Clause Mod: Limit one foe put to sleep
|rule|Species Clause: Limit one of each PokÃ©mon
|rule|OHKO Clause: OHKO moves are banned
|rule|Moody Clause: Moody is banned
|rule|Evasion Moves Clause: Evasion moves are banned
|rule|Endless Battle Clause: Forcing endless battles is banned
|rule|HP Percentage Mod: HP is shown in percentages
|teampreview
|
|start
|switch|p1a: Ferrothorn|Ferrothorn, F|352\/352
|switch|p2a: Landorus-Therian|Landorus-Therian, M, shiny|319\/319
|-ability|p2a: Landorus-Therian|Intimidate|[of] p1a: Ferrothorn
|-unboost|p1a: Ferrothorn|atk|1
|turn|1
|
|switch|p2a: Azelf|Azelf, shiny|291\/291
|move|p1a: Ferrothorn|Stealth Rock|p2a: Azelf
|-sidestart|p2: NuB Central|move: Stealth Rock
|
|turn|2
|
|switch|p1a: Tyranitar|Tyranitar, M|383\/383
|-weather|Sandstorm
|move|p2a: Azelf|Stealth Rock|p1a: Tyranitar
|-sidestart|p1: carv|move: Stealth Rock
|
|-weather|Sandstorm|[upkeep]
|-damage|p2a: Azelf|273\/291|[from] sandstorm
|turn|3
|
|move|p2a: Azelf|Explosion|p1a: Tyranitar
|-resisted|p1a: Tyranitar
|-damage|p1a: Tyranitar|251\/383
|faint|p2a: Azelf
|move|p1a: Tyranitar|Crunch|p2: Azelf|[notarget]
|-notarget
|
|-weather|Sandstorm|[upkeep]
|
|switch|p2a: Azumarill|Azumarill, M, shiny|381\/381
|-damage|p2a: Azumarill|334\/381|[from] Stealth Rock
|turn|4
|
|switch|p1a: Ferrothorn|Ferrothorn, F|352\/352
|-damage|p1a: Ferrothorn|330\/352|[from] Stealth Rock
|move|p2a: Azumarill|Superpower|p1a: Ferrothorn
|-crit|p1a: Ferrothorn
|-supereffective|p1a: Ferrothorn
|-damage|p1a: Ferrothorn|0 fnt
|-damage|p2a: Azumarill|287\/381|[from] ability: Iron Barbs|[of] p1a: Ferrothorn
|-damage|p2a: Azumarill|224\/381|[from] item: Rocky Helmet|[of] p1a: Ferrothorn
|-unboost|p2a: Azumarill|atk|1
|-unboost|p2a: Azumarill|def|1
|faint|p1a: Ferrothorn
|
|-weather|Sandstorm|[upkeep]
|-damage|p2a: Azumarill|201\/381|[from] sandstorm
|
|switch|p1a: Medicham|Medicham, F|261\/261
|-damage|p1a: Medicham|245\/261|[from] Stealth Rock
|turn|5
|
|switch|p2a: Landorus-Therian|Landorus-Therian, M, shiny|319\/319
|-damage|p2a: Landorus-Therian|280\/319|[from] Stealth Rock
|-ability|p2a: Landorus-Therian|Intimidate|[of] p1a: Medicham
|-unboost|p1a: Medicham|atk|1
|detailschange|p1a: Medicham|Medicham-Mega, F
|message|Medicham has Mega Evolved into Mega Medicham!
|move|p1a: Medicham|Zen Headbutt|p2a: Landorus-Therian
|-damage|p2a: Landorus-Therian|120\/319
|
|-weather|Sandstorm|[upkeep]
|-damage|p1a: Medicham|229\/261|[from] sandstorm
|turn|6
|join|Alvok
|
|switch|p1a: Zapdos|Zapdos|384\/384
|-damage|p1a: Zapdos|288\/384|[from] Stealth Rock
|-ability|p1a: Zapdos|Pressure
|move|p2a: Landorus-Therian|U-turn|p1a: Zapdos
|-resisted|p1a: Zapdos
|-damage|p1a: Zapdos|238\/384
|
|switch|p2a: Raikou|Raikou|321\/321
|-damage|p2a: Raikou|281\/321|[from] Stealth Rock
|-ability|p2a: Raikou|Pressure
|
|-weather|none
|-heal|p2a: Raikou|301\/321|[from] item: Leftovers
|-heal|p1a: Zapdos|262\/384|[from] item: Leftovers
|turn|7
|
|switch|p2a: Landorus-Therian|Landorus-Therian, M, shiny|120\/319
|-damage|p2a: Landorus-Therian|81\/319|[from] Stealth Rock
|-ability|p2a: Landorus-Therian|Intimidate|[of] p1a: Zapdos
|-unboost|p1a: Zapdos|atk|1
|move|p1a: Zapdos|Toxic|p2a: Landorus-Therian
|-status|p2a: Landorus-Therian|tox
|
|-heal|p1a: Zapdos|286\/384|[from] item: Leftovers
|-damage|p2a: Landorus-Therian|62\/319 tox|[from] psn
|turn|8
|join|Ol'DirtyHabastard
|
|switch|p1a: Tyranitar|Tyranitar, M|251\/383
|-damage|p1a: Tyranitar|204\/383|[from] Stealth Rock
|-weather|Sandstorm
|move|p2a: Landorus-Therian|Explosion|p1a: Tyranitar
|-resisted|p1a: Tyranitar
|-damage|p1a: Tyranitar|52\/383
|faint|p2a: Landorus-Therian
|
|-weather|Sandstorm|[upkeep]
|
|switch|p2a: Keldeo-Resolute|Keldeo-Resolute, shiny|323\/323
|-damage|p2a: Keldeo-Resolute|303\/323|[from] Stealth Rock
|turn|9
|
|move|p2a: Keldeo-Resolute|Substitute|p2a: Keldeo-Resolute
|-start|p2a: Keldeo-Resolute|Substitute
|-damage|p2a: Keldeo-Resolute|223\/323
|move|p1a: Tyranitar|Stone Edge|p2a: Keldeo-Resolute
|-resisted|p2a: Keldeo-Resolute
|-end|p2a: Keldeo-Resolute|Substitute
|
|-weather|Sandstorm|[upkeep]
|-damage|p2a: Keldeo-Resolute|203\/323|[from] sandstorm
|-heal|p2a: Keldeo-Resolute|223\/323|[from] item: Leftovers
|turn|10
|
|move|p2a: Keldeo-Resolute|Substitute|p2a: Keldeo-Resolute
|-start|p2a: Keldeo-Resolute|Substitute
|-damage|p2a: Keldeo-Resolute|143\/323
|move|p1a: Tyranitar|Stone Edge|p2a: Keldeo-Resolute
|-resisted|p2a: Keldeo-Resolute
|-end|p2a: Keldeo-Resolute|Substitute
|
|-weather|Sandstorm|[upkeep]
|-damage|p2a: Keldeo-Resolute|123\/323|[from] sandstorm
|-heal|p2a: Keldeo-Resolute|143\/323|[from] item: Leftovers
|turn|11
|
|move|p2a: Keldeo-Resolute|Substitute|p2a: Keldeo-Resolute
|-start|p2a: Keldeo-Resolute|Substitute
|-damage|p2a: Keldeo-Resolute|63\/323
|move|p1a: Tyranitar|Stone Edge|p2a: Keldeo-Resolute
|-resisted|p2a: Keldeo-Resolute
|-end|p2a: Keldeo-Resolute|Substitute
|
|-weather|Sandstorm|[upkeep]
|-damage|p2a: Keldeo-Resolute|43\/323|[from] sandstorm
|-heal|p2a: Keldeo-Resolute|63\/323|[from] item: Leftovers
|turn|12
|
|move|p2a: Keldeo-Resolute|Scald|p1a: Tyranitar
|-supereffective|p1a: Tyranitar
|-damage|p1a: Tyranitar|0 fnt
|faint|p1a: Tyranitar
|
|-weather|none
|-heal|p2a: Keldeo-Resolute|83\/323|[from] item: Leftovers
|
|switch|p1a: Medicham|Medicham-Mega, F|229\/261
|-damage|p1a: Medicham|213\/261|[from] Stealth Rock
|turn|13
|
|switch|p2a: Azumarill|Azumarill, M, shiny|201\/381
|-damage|p2a: Azumarill|154\/381|[from] Stealth Rock
|move|p1a: Medicham|Fake Out|p2a: Azumarill
|-damage|p2a: Azumarill|59\/381
|
|turn|14
|
|move|p1a: Medicham|Bullet Punch|p2a: Azumarill
|-damage|p2a: Azumarill|0 fnt
|faint|p2a: Azumarill
|
|c|âNuB Central|why do ppl run that trash
|c|âNuB Central|i don't get it
|
|switch|p2a: Pinsir|Pinsir, M, shiny|271\/271
|-damage|p2a: Pinsir|204\/271|[from] Stealth Rock
|turn|15
|c|âcarv|lel 
|c|âcarv|mr rager eh
|c|âNuB Central|just such a bad set
|c|âcarv|explain why
|c|âNuB Central|bc
|c|âNuB Central|its bad coverage
|c|âNuB Central|having ice punch
|c|âcarv|from what>
|c|âcarv|?
|c|âNuB Central|is way better
|c|âcarv|fake out + bp kills mega gardevori
|c|âcarv|and cleans up 
|c|âNuB Central|and u get walled
|c|âcarv|lel
|c|âcarv|from who?
|c|âNuB Central|by lando\/gliscor
|c|âNuB Central|dragonite sets up
|c|âcarv|how do you know i don't have ice attacks on other mons lel
|c|âNuB Central|do what u want lol
|c|âNuB Central|idc
|c|âcarv|i thinks its funny people get butthurt about peoples sets
|c|âcarv|just saying
|
|detailschange|p2a: Pinsir|Pinsir-Mega, M, shiny
|message|Pinsir has Mega Evolved into Mega Pinsir!
|move|p1a: Medicham|Zen Headbutt|p2a: Pinsir
|-damage|p2a: Pinsir|11\/271
|move|p2a: Pinsir|Swords Dance|p2a: Pinsir
|-boost|p2a: Pinsir|atk|2
|
|turn|16
|c|âNuB Central|im not "butthurt"
|c|âNuB Central|just shitty set
|c|âNuB Central|o this sets up too
|c|âcarv|lel
|c|âNuB Central|btw
|
|switch|p1a: Zapdos|Zapdos|286\/384
|-damage|p1a: Zapdos|190\/384|[from] Stealth Rock
|-ability|p1a: Zapdos|Pressure
|move|p2a: Pinsir|Quick Attack|p1a: Zapdos
|-resisted|p1a: Zapdos
|-damage|p1a: Zapdos|73\/384
|
|-heal|p1a: Zapdos|97\/384|[from] item: Leftovers
|turn|17
|
|move|p2a: Pinsir|Return|p1a: Zapdos
|-resisted|p1a: Zapdos
|-damage|p1a: Zapdos|0 fnt
|faint|p1a: Zapdos
|
|
|switch|p1a: Medicham|Medicham-Mega, F|213\/261
|-damage|p1a: Medicham|197\/261|[from] Stealth Rock
|turn|18
|
|move|p1a: Medicham|Fake Out|p2a: Pinsir
|-damage|p2a: Pinsir|0 fnt
|faint|p2a: Pinsir
|
|c| Alvok|why didnt you just kill it just now
|
|switch|p2a: Raikou|Raikou|301\/321
|-damage|p2a: Raikou|261\/321|[from] Stealth Rock
|-ability|p2a: Raikou|Pressure
|turn|19
|c| Alvok|at least keld\/raikou wins zapdos and the rest
|
|move|p2a: Raikou|Hidden Power|p1a: Medicham
|-crit|p1a: Medicham
|-damage|p1a: Medicham|86\/261
|move|p1a: Medicham|Drain Punch|p2a: Raikou
|-damage|p2a: Raikou|0 fnt
|-heal|p1a: Medicham|217\/261|[from] drain|[of] p2a: Raikou
|faint|p2a: Raikou
|
|c|âNuB Central|ewwww
|c|âNuB Central|drain punch
|c|âcarv|lel
|c|âNuB Central|medicham is a wall breaker
|c|âNuB Central|omg learn mons
|
|switch|p2a: Keldeo-Resolute|Keldeo-Resolute, shiny|83\/323
|-damage|p2a: Keldeo-Resolute|63\/323|[from] Stealth Rock
|turn|20
|c|âcarv|butthurt
|c|âcarv|you truly are lel
|c|âNuB Central|i have 4 alts +1900
|c|âNuB Central|i know more then your ass does
|-message|NuB Central forfeited.
|
|win|carv
|raw|Ladder updating...
|leave|NuB Central
|player|p2
|raw|carv's rating: 1621 &rarr; <strong>1643<\/strong><br \/>(+22 for winning)
|raw|NuB Central's rating: 1669 &rarr; <strong>1647<\/strong><br \/>(-22 for losing)
|leave|Alvok