|join|Spaceman_Sp1ff
|join|Nub Central
|player|p1|Spaceman_Sp1ff|184
|player|p2|Nub Central|161
|gametype|singles
|gen|6
|tier|OU
|clearpoke
|poke|p1|Aggron, F
|poke|p1|Azumarill, F
|poke|p1|Victini
|poke|p1|Thundurus, M
|poke|p1|Latias, F
|poke|p1|Kyurem-Black
|poke|p2|Alakazam, M, shiny
|poke|p2|Azumarill, M
|poke|p2|Skarmory, F
|poke|p2|Terrakion, shiny
|poke|p2|Heatran, M, shiny
|poke|p2|Garchomp, M
|rule|Swagger Clause: Swagger is banned
|rule|Baton Pass Clause: Limit one PokÃ©mon knowing Baton Pass
|rule|Sleep Clause Mod: Limit one foe put to sleep
|rule|Species Clause: Limit one of each PokÃ©mon
|rule|OHKO Clause: OHKO moves are banned
|rule|Moody Clause: Moody is banned
|rule|Evasion Moves Clause: Evasion moves are banned
|rule|Endless Battle Clause: Forcing endless battles is banned
|rule|HP Percentage Mod: HP is shown in percentages
|teampreview
|c|âSpaceman_Sp1ff|gl
|
|start
|switch|p1a: Little Bill|Victini|403\/403
|switch|p2a: Red Bull|Terrakion, shiny|323\/323
|turn|1
|join|Russian Mafia
|
|move|p2a: Red Bull|Stone Edge|p1a: Little Bill
|-supereffective|p1a: Little Bill
|-damage|p1a: Little Bill|0 fnt
|-damage|p2a: Red Bull|291\/323|[from] item: Life Orb
|faint|p1a: Little Bill
|
|join|SHEDINJAAAAAa
|leave|SHEDINJAAAAAa
|join|troll844
|
|switch|p1a: ASSAULT|Azumarill, F|388\/388
|turn|2
|
|switch|p2a: Iron Wings|Skarmory, F|334\/334
|move|p1a: ASSAULT|Play Rough|p2a: Iron Wings|[miss]
|-miss|p1a: ASSAULT|p2a: Iron Wings
|
|turn|3
|join|LT2K Murkrow
|
|move|p2a: Iron Wings|Stealth Rock|p1a: ASSAULT
|-sidestart|p1: Spaceman_Sp1ff|move: Stealth Rock
|move|p1a: ASSAULT|Knock Off|p2a: Iron Wings
|-damage|p2a: Iron Wings|254\/334
|-damage|p1a: ASSAULT|324\/388|[from] item: Rocky Helmet|[of] p2a: Iron Wings
|-enditem|p2a: Iron Wings|Rocky Helmet|[from] move: Knock Off|[of] p1a: ASSAULT
|
|turn|4
|
|switch|p1a: drop dat thunda|Thundurus, M|299\/299
|-damage|p1a: drop dat thunda|225\/299|[from] Stealth Rock
|move|p2a: Iron Wings|Brave Bird|p1a: drop dat thunda
|-resisted|p1a: drop dat thunda
|-damage|p1a: drop dat thunda|145\/299
|-damage|p2a: Iron Wings|228\/334|[from] recoil|[of] p1a: drop dat thunda
|
|turn|5
|join|Professor Mangos
|join|rdj
|
|switch|p2a: Magma Head|Heatran, M, shiny|386\/386
|move|p1a: drop dat thunda|Hidden Power|p2a: Magma Head
|-resisted|p2a: Magma Head
|-damage|p2a: Magma Head|370\/386
|-damage|p1a: drop dat thunda|116\/299|[from] item: Life Orb
|
|-heal|p2a: Magma Head|386\/386|[from] item: Leftovers
|turn|6
|leave|Russian Mafia
|leave|rdj
|join|DunkmasterT-Rev
|
|move|p1a: drop dat thunda|Superpower|p2a: Magma Head
|-supereffective|p2a: Magma Head
|-damage|p2a: Magma Head|116\/386
|-unboost|p1a: drop dat thunda|atk|1
|-unboost|p1a: drop dat thunda|def|1
|-damage|p1a: drop dat thunda|87\/299|[from] item: Life Orb
|move|p2a: Magma Head|Lava Plume|p1a: drop dat thunda
|-damage|p1a: drop dat thunda|0 fnt
|faint|p1a: drop dat thunda
|
|-heal|p2a: Magma Head|140\/386|[from] item: Leftovers
|join|aybec
|
|switch|p1a: um is this good|Kyurem-Black|391\/391
|-damage|p1a: um is this good|294\/391|[from] Stealth Rock
|-ability|p1a: um is this good|Teravolt
|turn|7
|
|move|p1a: um is this good|Earth Power|p2a: Magma Head
|-supereffective|p2a: Magma Head
|-damage|p2a: Magma Head|0 fnt
|faint|p2a: Magma Head
|
|
|switch|p2a: Land Jaws|Garchomp, M|358\/358
|turn|8
|
|move|p2a: Land Jaws|Earthquake|p1a: um is this good
|-damage|p1a: um is this good|105\/391
|move|p1a: um is this good|Ice Beam|p2a: Land Jaws
|-supereffective|p2a: Land Jaws
|-damage|p2a: Land Jaws|0 fnt
|faint|p2a: Land Jaws
|
|
|switch|p2a: Scoops|Alakazam, M, shiny|252\/252
|turn|9
|
|detailschange|p2a: Scoops|Alakazam-Mega, M, shiny
|message|Alakazam has Mega Evolved into Mega Alakazam!
|-ability|p2a: Scoops|Teravolt|[from] ability: Trace|[of] p1a: um is this good
|-ability|p2a: Scoops|Teravolt
|move|p2a: Scoops|Psychic|p1a: um is this good
|-damage|p1a: um is this good|0 fnt
|faint|p1a: um is this good
|
|join|echon
|
|switch|p1a: BATTERY|Aggron, F|344\/344
|-damage|p1a: BATTERY|323\/344|[from] Stealth Rock
|turn|10
|
|detailschange|p1a: BATTERY|Aggron-Mega, F
|message|Aggron has Mega Evolved into Mega Aggron!
|move|p2a: Scoops|Focus Blast|p1a: BATTERY
|-supereffective|p1a: BATTERY
|-damage|p1a: BATTERY|0 fnt
|faint|p1a: BATTERY
|
|
|switch|p1a: 3\/5 Compromise|Latias, F|302\/302
|-damage|p1a: 3\/5 Compromise|265\/302|[from] Stealth Rock
|turn|11
|c| aybec|thats a wrap
|
|move|p2a: Scoops|Shadow Ball|p1a: 3\/5 Compromise
|-supereffective|p1a: 3\/5 Compromise
|-damage|p1a: 3\/5 Compromise|51\/302
|move|p1a: 3\/5 Compromise|Psyshock|p2a: Scoops
|-crit|p2a: Scoops
|-resisted|p2a: Scoops
|-damage|p2a: Scoops|79\/252
|-damage|p1a: 3\/5 Compromise|21\/302|[from] item: Life Orb
|
|turn|12
|
|move|p2a: Scoops|Psychic|p1a: 3\/5 Compromise
|-resisted|p1a: 3\/5 Compromise
|-damage|p1a: 3\/5 Compromise|0 fnt
|faint|p1a: 3\/5 Compromise
|
|
|switch|p1a: ASSAULT|Azumarill, F|324\/388
|-damage|p1a: ASSAULT|276\/388|[from] Stealth Rock
|turn|13
|c|âSpaceman_Sp1ff|gg
|
|move|p1a: ASSAULT|Aqua Jet|p2a: Scoops
|-damage|p2a: Scoops|0 fnt
|faint|p2a: Scoops
|
|
|switch|p2a: Red Bull|Terrakion, shiny|291\/323
|turn|14
|leave|aybec
|
|move|p2a: Red Bull|Stone Edge|p1a: ASSAULT
|-damage|p1a: ASSAULT|0 fnt
|-damage|p2a: Red Bull|259\/323|[from] item: Life Orb
|faint|p1a: ASSAULT
|
|win|Nub Central
|leave|LT2K Murkrow
|leave|Spaceman_Sp1ff
|player|p1
|leave|Nub Central
|player|p2
|leave|DunkmasterT-Rev
|leave|echon
|leave|Professor Mangos