|join|NuB Central
|join|fritschii
|player|p1|NuB Central|161
|player|p2|fritschii|153
|gametype|singles
|gen|6
|tier|OU
|rated
|clearpoke
|poke|p1|Terrakion, shiny
|poke|p1|Scizor, M
|poke|p1|Manectric, M, shiny
|poke|p1|Landorus-Therian, M, shiny
|poke|p1|Latias, F, shiny
|poke|p1|Bisharp, M, shiny
|poke|p2|Gardevoir, F
|poke|p2|Heatran, F
|poke|p2|Keldeo
|poke|p2|Ferrothorn, F
|poke|p2|Landorus-Therian, M
|poke|p2|Azumarill, M
|rule|Swagger Clause: Swagger is banned
|rule|Baton Pass Clause: Limit one PokÃ©mon knowing Baton Pass
|rule|Sleep Clause Mod: Limit one foe put to sleep
|rule|Species Clause: Limit one of each PokÃ©mon
|rule|OHKO Clause: OHKO moves are banned
|rule|Moody Clause: Moody is banned
|rule|Evasion Moves Clause: Evasion moves are banned
|rule|Endless Battle Clause: Forcing endless battles is banned
|rule|HP Percentage Mod: HP is shown in percentages
|teampreview
|join|Ascendant Justice
|
|start
|switch|p1a: Terrakion|Terrakion, shiny|323\/323
|switch|p2a: Azumarill|Azumarill, M|401\/401
|turn|1
|
|move|p1a: Terrakion|Stealth Rock|p2a: Azumarill
|-sidestart|p2: fritschii|move: Stealth Rock
|move|p2a: Azumarill|Waterfall|p1a: Terrakion
|-supereffective|p1a: Terrakion
|-enditem|p1a: Terrakion|Focus Sash
|-damage|p1a: Terrakion|1\/323
|
|turn|2
|
|switch|p1a: Scizor|Scizor, M|281\/281
|move|p2a: Azumarill|Aqua Jet|p1a: Scizor
|-damage|p1a: Scizor|187\/281
|
|turn|3
|
|move|p1a: Scizor|U-turn|p2a: Azumarill
|-resisted|p2a: Azumarill
|-damage|p2a: Azumarill|281\/401
|
|switch|p1a: Terrakion|Terrakion, shiny|1\/323
|move|p2a: Azumarill|Waterfall|p1a: Terrakion
|-supereffective|p1a: Terrakion
|-damage|p1a: Terrakion|0 fnt
|faint|p1a: Terrakion
|
|
|switch|p1a: Manectric|Manectric, M, shiny|281\/281
|turn|4
|c|âfritschii|gl hf
|
|switch|p2a: Gardevoir|Gardevoir, F|277\/277
|-damage|p2a: Gardevoir|243\/277|[from] Stealth Rock
|-ability|p2a: Gardevoir|Lightning Rod|[from] ability: Trace|[of] p1a: Manectric
|detailschange|p1a: Manectric|Manectric-Mega, M, shiny
|message|Manectric has Mega Evolved into Mega Manectric!
|-ability|p1a: Manectric|Intimidate|[of] p2a: Gardevoir
|-unboost|p2a: Gardevoir|atk|1
|move|p1a: Manectric|Volt Switch|p2a: Gardevoir
|-boost|p2a: Gardevoir|spa|1|[from] ability: Lightning Rod
|
|turn|5
|
|move|p1a: Manectric|Volt Switch|p2a: Gardevoir
|-boost|p2a: Gardevoir|spa|1|[from] ability: Lightning Rod
|move|p2a: Gardevoir|Focus Blast|p1a: Manectric|[miss]
|-miss|p2a: Gardevoir|p1a: Manectric
|
|turn|6
|
|switch|p1a: Landorus-Therian|Landorus-Therian, M, shiny|319\/319
|-ability|p1a: Landorus-Therian|Intimidate|[of] p2a: Gardevoir
|-unboost|p2a: Gardevoir|atk|1
|move|p2a: Gardevoir|Psyshock|p1a: Landorus-Therian
|-damage|p1a: Landorus-Therian|0 fnt
|faint|p1a: Landorus-Therian
|
|
|switch|p1a: Bisharp|Bisharp, M, shiny|271\/271
|turn|7
|
|detailschange|p2a: Gardevoir|Gardevoir-Mega, F
|message|Gardevoir has Mega Evolved into Mega Gardevoir!
|move|p1a: Bisharp|Sucker Punch|p2a: Gardevoir
|-damage|p2a: Gardevoir|0 fnt
|-damage|p1a: Bisharp|244\/271|[from] item: Life Orb
|faint|p2a: Gardevoir
|
|
|switch|p2a: Keldeo|Keldeo|323\/323
|-damage|p2a: Keldeo|303\/323|[from] Stealth Rock
|turn|8
|
|switch|p1a: Latias|Latias, F, shiny|301\/301
|move|p2a: Keldeo|Scald|p1a: Latias
|-resisted|p1a: Latias
|-damage|p1a: Latias|221\/301
|
|turn|9
|
|switch|p1a: Scizor|Scizor, M|187\/281
|switch|p2a: Heatran|Heatran, F|385\/385
|-damage|p2a: Heatran|337\/385|[from] Stealth Rock
|
|-heal|p2a: Heatran|361\/385|[from] item: Leftovers
|turn|10
|
|move|p1a: Scizor|Superpower|p2a: Heatran
|-supereffective|p2a: Heatran
|-damage|p2a: Heatran|0 fnt
|-unboost|p1a: Scizor|atk|1
|-unboost|p1a: Scizor|def|1
|faint|p2a: Heatran
|
|
|switch|p2a: Azumarill|Azumarill, M|281\/401
|-damage|p2a: Azumarill|231\/401|[from] Stealth Rock
|turn|11
|
|move|p1a: Scizor|Superpower|p2a: Azumarill
|-resisted|p2a: Azumarill
|-damage|p2a: Azumarill|133\/401
|-unboost|p1a: Scizor|atk|1
|-unboost|p1a: Scizor|def|1
|move|p2a: Azumarill|Waterfall|p1a: Scizor
|-damage|p1a: Scizor|0 fnt
|faint|p1a: Scizor
|
|
|switch|p1a: Manectric|Manectric-Mega, M, shiny|281\/281
|-ability|p1a: Manectric|Intimidate|[of] p2a: Azumarill
|-unboost|p2a: Azumarill|atk|1
|turn|12
|
|move|p2a: Azumarill|Aqua Jet|p1a: Manectric
|-damage|p1a: Manectric|217\/281
|move|p1a: Manectric|Thunderbolt|p2a: Azumarill
|-supereffective|p2a: Azumarill
|-damage|p2a: Azumarill|0 fnt
|faint|p2a: Azumarill
|
|
|switch|p2a: Landorus-Therian|Landorus-Therian, M|319\/319
|-damage|p2a: Landorus-Therian|280\/319|[from] Stealth Rock
|-ability|p2a: Landorus-Therian|Intimidate|[of] p1a: Manectric
|-unboost|p1a: Manectric|atk|1
|turn|13
|
|switch|p1a: Latias|Latias, F, shiny|221\/301
|move|p2a: Landorus-Therian|U-turn|p1a: Latias
|-supereffective|p1a: Latias
|-damage|p1a: Latias|25\/301
|
|switch|p2a: Ferrothorn|Ferrothorn, F|352\/352
|-damage|p2a: Ferrothorn|330\/352|[from] Stealth Rock
|
|-heal|p2a: Ferrothorn|352\/352|[from] item: Leftovers
|turn|14
|
|move|p1a: Latias|Draco Meteor|p2a: Ferrothorn
|-resisted|p2a: Ferrothorn
|-damage|p2a: Ferrothorn|229\/352
|-unboost|p1a: Latias|spa|2
|-damage|p1a: Latias|0 fnt|[from] item: Life Orb
|faint|p1a: Latias
|move|p2a: Ferrothorn|Leech Seed|p1: Latias|[notarget]
|-notarget
|
|-heal|p2a: Ferrothorn|251\/352|[from] item: Leftovers
|
|switch|p1a: Bisharp|Bisharp, M, shiny|244\/271
|turn|15
|
|switch|p2a: Keldeo|Keldeo|303\/323
|-damage|p2a: Keldeo|283\/323|[from] Stealth Rock
|move|p1a: Bisharp|Swords Dance|p1a: Bisharp
|-boost|p1a: Bisharp|atk|2
|
|turn|16
|
|move|p1a: Bisharp|Sucker Punch|p2a: Keldeo
|-resisted|p2a: Keldeo
|-damage|p2a: Keldeo|54\/323
|-boost|p2a: Keldeo|atk|1|[from] ability: Justified
|-damage|p1a: Bisharp|217\/271|[from] item: Life Orb
|move|p2a: Keldeo|Secret Sword|p1a: Bisharp
|-crit|p1a: Bisharp
|-supereffective|p1a: Bisharp
|-damage|p1a: Bisharp|0 fnt
|faint|p1a: Bisharp
|
|c|âfritschii|gg
|
|switch|p1a: Manectric|Manectric-Mega, M, shiny|217\/281
|-ability|p1a: Manectric|Intimidate|[of] p2a: Keldeo
|-unboost|p2a: Keldeo|atk|1
|turn|17
|
|move|p1a: Manectric|Thunderbolt|p2a: Keldeo
|-supereffective|p2a: Keldeo
|-damage|p2a: Keldeo|0 fnt
|faint|p2a: Keldeo
|
|
|switch|p2a: Landorus-Therian|Landorus-Therian, M|280\/319
|-damage|p2a: Landorus-Therian|241\/319|[from] Stealth Rock
|-ability|p2a: Landorus-Therian|Intimidate|[of] p1a: Manectric
|-unboost|p1a: Manectric|atk|1
|turn|18
|
|move|p2a: Landorus-Therian|Earthquake|p1a: Manectric
|-supereffective|p1a: Manectric
|-damage|p1a: Manectric|0 fnt
|faint|p1a: Manectric
|
|win|fritschii
|raw|Ladder updating...
|raw|NuB Central's rating: 1699 &rarr; <strong>1678<\/strong><br \/>(-21 for losing)
|raw|fritschii's rating: 1691 &rarr; <strong>1712<\/strong><br \/>(+21 for winning)
|leave|NuB Central
|player|p1
|c| Ascendant Justice|gg
|c|âfritschii|gg
|leave|Ascendant Justice