|join|NuB Central
|join|wish killer
|player|p1|NuB Central|161
|player|p2|wish killer|288
|gametype|singles
|gen|6
|tier|OU
|rated
|clearpoke
|poke|p1|Azumarill, M
|poke|p1|Landorus, M
|poke|p1|Scizor, M
|poke|p1|Latios, M
|poke|p1|Lucario, M, shiny
|poke|p1|Venusaur, M, shiny
|poke|p2|Bisharp, F
|poke|p2|Venusaur, F
|poke|p2|Heatran, F
|poke|p2|Keldeo
|poke|p2|Chansey, F
|poke|p2|Skarmory, F
|rule|Swagger Clause: Swagger is banned
|rule|Baton Pass Clause: Limit one PokÃ©mon knowing Baton Pass
|rule|Sleep Clause Mod: Limit one foe put to sleep
|rule|Species Clause: Limit one of each PokÃ©mon
|rule|OHKO Clause: OHKO moves are banned
|rule|Moody Clause: Moody is banned
|rule|Evasion Moves Clause: Evasion moves are banned
|rule|Endless Battle Clause: Forcing endless battles is banned
|rule|HP Percentage Mod: HP is shown in percentages
|teampreview
|
|start
|switch|p1a: Lucario|Lucario, M, shiny|281\/281
|switch|p2a: Keldeo|Keldeo|323\/323
|turn|1
|
|switch|p1a: Venusaur|Venusaur, M, shiny|360\/360
|move|p2a: Keldeo|Scald|p1a: Venusaur
|-crit|p1a: Venusaur
|-resisted|p1a: Venusaur
|-damage|p1a: Venusaur|249\/360
|
|turn|2
|
|switch|p2a: Heatran|Heatran, F|340\/340
|-item|p2a: Heatran|Air Balloon
|switch|p1a: Lucario|Lucario, M, shiny|281\/281
|
|turn|3
|
|switch|p2a: Venusaur|Venusaur, F|364\/364
|move|p1a: Lucario|Close Combat|p2a: Venusaur
|-resisted|p2a: Venusaur
|-damage|p2a: Venusaur|263\/364
|-unboost|p1a: Lucario|def|1
|-unboost|p1a: Lucario|spd|1
|-damage|p1a: Lucario|253\/281|[from] item: Life Orb
|
|turn|4
|
|switch|p1a: Venusaur|Venusaur, M, shiny|249\/360
|detailschange|p2a: Venusaur|Venusaur-Mega, F
|message|Venusaur has Mega Evolved into Mega Venusaur!
|move|p2a: Venusaur|Synthesis|p2a: Venusaur
|-heal|p2a: Venusaur|364\/364
|
|turn|5
|
|switch|p2a: Heatran|Heatran, F|340\/340
|-item|p2a: Heatran|Air Balloon
|detailschange|p1a: Venusaur|Venusaur-Mega, M, shiny
|message|Venusaur has Mega Evolved into Mega Venusaur!
|move|p1a: Venusaur|Giga Drain|p2a: Heatran
|-resisted|p2a: Heatran
|-damage|p2a: Heatran|307\/340
|-heal|p1a: Venusaur|266\/360|[from] drain|[of] p2a: Heatran
|-enditem|p2a: Heatran|Air Balloon
|
|turn|6
|
|switch|p1a: Landorus|Landorus, M|319\/319
|move|p2a: Heatran|Stealth Rock|p1a: Landorus
|-sidestart|p1: NuB Central|move: Stealth Rock
|
|turn|7
|
|switch|p2a: Chansey|Chansey, F|684\/684
|move|p1a: Landorus|Stealth Rock|p2a: Chansey
|-sidestart|p2: wish killer|move: Stealth Rock
|
|turn|8
|
|move|p1a: Landorus|Knock Off|p2a: Chansey
|-damage|p2a: Chansey|525\/684
|-enditem|p2a: Chansey|Eviolite|[from] move: Knock Off|[of] p1a: Landorus
|-damage|p1a: Landorus|288\/319|[from] item: Life Orb
|move|p2a: Chansey|Seismic Toss|p1a: Landorus
|-damage|p1a: Landorus|188\/319
|
|turn|9
|
|switch|p1a: Scizor|Scizor, M|281\/281
|-damage|p1a: Scizor|246\/281|[from] Stealth Rock
|move|p2a: Chansey|Seismic Toss|p1a: Scizor
|-damage|p1a: Scizor|146\/281
|
|turn|10
|
|move|p1a: Scizor|Pursuit|p2a: Chansey
|-damage|p2a: Chansey|304\/684
|move|p2a: Chansey|Thunder Wave|p1a: Scizor
|-status|p1a: Scizor|par
|
|turn|11
|
|switch|p1a: Lucario|Lucario, M, shiny|253\/281
|-damage|p1a: Lucario|245\/281|[from] Stealth Rock
|move|p2a: Chansey|Seismic Toss|p1a: Lucario
|-damage|p1a: Lucario|145\/281
|
|turn|12
|
|move|p1a: Lucario|Close Combat|p2a: Chansey
|-supereffective|p2a: Chansey
|-damage|p2a: Chansey|0 fnt
|-unboost|p1a: Lucario|def|1
|-unboost|p1a: Lucario|spd|1
|-damage|p1a: Lucario|117\/281|[from] item: Life Orb
|faint|p2a: Chansey
|
|
|switch|p2a: Keldeo|Keldeo|323\/323
|-damage|p2a: Keldeo|303\/323|[from] Stealth Rock
|turn|13
|
|switch|p1a: Venusaur|Venusaur-Mega, M, shiny|266\/360
|-damage|p1a: Venusaur|221\/360|[from] Stealth Rock
|move|p2a: Keldeo|Scald|p1a: Venusaur
|-resisted|p1a: Venusaur
|-damage|p1a: Venusaur|161\/360
|-status|p1a: Venusaur|brn
|
|-heal|p2a: Keldeo|323\/323|[from] item: Leftovers
|-damage|p1a: Venusaur|116\/360 brn|[from] brn
|turn|14
|
|switch|p2a: Skarmory|Skarmory, F|334\/334
|-damage|p2a: Skarmory|293\/334|[from] Stealth Rock
|move|p1a: Venusaur|Synthesis|p1a: Venusaur
|-heal|p1a: Venusaur|296\/360 brn
|
|-damage|p1a: Venusaur|251\/360 brn|[from] brn
|turn|15
|
|move|p1a: Venusaur|Hidden Power|p2a: Skarmory
|-supereffective|p2a: Skarmory
|-damage|p2a: Skarmory|117\/334
|move|p2a: Skarmory|Spikes|p1a: Venusaur
|-sidestart|p1: NuB Central|Spikes
|
|-damage|p1a: Venusaur|206\/360 brn|[from] brn
|turn|16
|
|move|p1a: Venusaur|Hidden Power|p2a: Skarmory
|-supereffective|p2a: Skarmory
|-damage|p2a: Skarmory|0 fnt
|faint|p2a: Skarmory
|
|-damage|p1a: Venusaur|161\/360 brn|[from] brn
|
|switch|p2a: Heatran|Heatran, F|307\/340
|-damage|p2a: Heatran|265\/340|[from] Stealth Rock
|turn|17
|
|move|p2a: Heatran|Fire Blast|p1a: Venusaur
|-supereffective|p1a: Venusaur
|-damage|p1a: Venusaur|17\/360 brn
|move|p1a: Venusaur|Synthesis|p1a: Venusaur
|-heal|p1a: Venusaur|197\/360 brn
|
|-damage|p1a: Venusaur|152\/360 brn|[from] brn
|turn|18
|
|switch|p1a: Scizor|Scizor, M|146\/281 par
|-damage|p1a: Scizor|111\/281 par|[from] Spikes
|-damage|p1a: Scizor|76\/281 par|[from] Stealth Rock
|move|p2a: Heatran|Fire Blast|p1a: Scizor|[miss]
|-miss|p2a: Heatran|p1a: Scizor
|
|turn|19
|
|move|p2a: Heatran|Fire Blast|p1a: Scizor
|-supereffective|p1a: Scizor
|-damage|p1a: Scizor|0 fnt
|faint|p1a: Scizor
|
|
|switch|p1a: Landorus|Landorus, M|188\/319
|-damage|p1a: Landorus|149\/319|[from] Stealth Rock
|turn|20
|
|move|p1a: Landorus|Earth Power|p2a: Heatran
|-supereffective|p2a: Heatran
|-damage|p2a: Heatran|0 fnt
|faint|p2a: Heatran
|
|
|switch|p2a: Keldeo|Keldeo|323\/323
|-damage|p2a: Keldeo|303\/323|[from] Stealth Rock
|turn|21
|
|switch|p1a: Venusaur|Venusaur-Mega, M, shiny|152\/360 brn
|-damage|p1a: Venusaur|107\/360 brn|[from] Stealth Rock
|-damage|p1a: Venusaur|62\/360 brn|[from] Spikes
|move|p2a: Keldeo|Icy Wind|p1a: Venusaur
|-supereffective|p1a: Venusaur
|-damage|p1a: Venusaur|8\/360 brn
|-unboost|p1a: Venusaur|spe|1
|
|-heal|p2a: Keldeo|323\/323|[from] item: Leftovers
|-damage|p1a: Venusaur|0 fnt|[from] brn
|faint|p1a: Venusaur
|
|switch|p1a: Latios|Latios, M|301\/301
|-damage|p1a: Latios|264\/301|[from] Stealth Rock
|turn|22
|
|switch|p2a: Bisharp|Bisharp, F|334\/334
|-damage|p2a: Bisharp|314\/334|[from] Stealth Rock
|move|p1a: Latios|Draco Meteor|p2a: Bisharp
|-resisted|p2a: Bisharp
|-damage|p2a: Bisharp|96\/334
|-unboost|p1a: Latios|spa|2
|-damage|p1a: Latios|234\/301|[from] item: Life Orb
|
|-heal|p2a: Bisharp|116\/334|[from] item: Leftovers
|turn|23
|
|switch|p1a: Azumarill|Azumarill, M|381\/381
|-damage|p1a: Azumarill|334\/381|[from] Spikes
|-damage|p1a: Azumarill|287\/381|[from] Stealth Rock
|move|p2a: Bisharp|Sucker Punch|p1a: Azumarill
|-fail|p1a: Azumarill
|
|-heal|p2a: Bisharp|136\/334|[from] item: Leftovers
|turn|24
|
|switch|p2a: Venusaur|Venusaur-Mega, F|364\/364
|-damage|p2a: Venusaur|319\/364|[from] Stealth Rock
|move|p1a: Azumarill|Aqua Jet|p2a: Venusaur
|-resisted|p2a: Venusaur
|-damage|p2a: Venusaur|277\/364
|
|turn|25
|
|switch|p1a: Landorus|Landorus, M|149\/319
|-damage|p1a: Landorus|110\/319|[from] Stealth Rock
|move|p2a: Venusaur|Giga Drain|p1a: Landorus
|-crit|p1a: Landorus
|-damage|p1a: Landorus|0 fnt
|-heal|p2a: Venusaur|332\/364|[from] drain|[of] p1a: Landorus
|faint|p1a: Landorus
|
|
|switch|p1a: Latios|Latios, M|234\/301
|-damage|p1a: Latios|197\/301|[from] Stealth Rock
|turn|26
|
|switch|p2a: Keldeo|Keldeo|323\/323
|-damage|p2a: Keldeo|303\/323|[from] Stealth Rock
|move|p1a: Latios|Psyshock|p2a: Keldeo
|-supereffective|p2a: Keldeo
|-damage|p2a: Keldeo|0 fnt
|-damage|p1a: Latios|167\/301|[from] item: Life Orb
|faint|p2a: Keldeo
|
|
|switch|p2a: Bisharp|Bisharp, F|136\/334
|-damage|p2a: Bisharp|116\/334|[from] Stealth Rock
|turn|27
|
|switch|p1a: Lucario|Lucario, M, shiny|117\/281
|-damage|p1a: Lucario|109\/281|[from] Stealth Rock
|-damage|p1a: Lucario|74\/281|[from] Spikes
|move|p2a: Bisharp|Sucker Punch|p1a: Lucario
|-fail|p1a: Lucario
|
|-heal|p2a: Bisharp|136\/334|[from] item: Leftovers
|turn|28
|
|move|p2a: Bisharp|Sucker Punch|p1a: Lucario
|-fail|p1a: Lucario
|move|p1a: Lucario|Swords Dance|p1a: Lucario
|-boost|p1a: Lucario|atk|2
|
|-heal|p2a: Bisharp|156\/334|[from] item: Leftovers
|turn|29
|
|move|p1a: Lucario|Close Combat|p2a: Bisharp
|-supereffective|p2a: Bisharp
|-damage|p2a: Bisharp|0 fnt
|-unboost|p1a: Lucario|def|1
|-unboost|p1a: Lucario|spd|1
|-damage|p1a: Lucario|46\/281|[from] item: Life Orb
|faint|p2a: Bisharp
|
|-message|wish killer forfeited.
|
|win|NuB Central
|raw|Ladder updating...
|leave|wish killer
|player|p2
|raw|NuB Central's rating: 1616 &rarr; <strong>1634<\/strong><br \/>(+18 for winning)
|raw|wish killer's rating: 1574 &rarr; <strong>1557<\/strong><br \/>(-17 for losing)