|join|NuB Central
|join|Winzd
|player|p1|NuB Central|161
|player|p2|Winzd|1
|gametype|singles
|gen|6
|tier|OU
|rated
|clearpoke
|poke|p1|Azumarill, M
|poke|p1|Landorus, M
|poke|p1|Scizor, M
|poke|p1|Latios, M
|poke|p1|Lucario, M, shiny
|poke|p1|Venusaur, M, shiny
|poke|p2|Politoed, F
|poke|p2|Kingdra, F
|poke|p2|Omastar, F
|poke|p2|Swampert, F
|poke|p2|Kabutops, M
|poke|p2|Beartic, M
|rule|Swagger Clause: Swagger is banned
|rule|Baton Pass Clause: Limit one PokÃ©mon knowing Baton Pass
|rule|Sleep Clause Mod: Limit one foe put to sleep
|rule|Species Clause: Limit one of each PokÃ©mon
|rule|OHKO Clause: OHKO moves are banned
|rule|Moody Clause: Moody is banned
|rule|Evasion Moves Clause: Evasion moves are banned
|rule|Endless Battle Clause: Forcing endless battles is banned
|rule|HP Percentage Mod: HP is shown in percentages
|teampreview
|
|start
|switch|p1a: Venusaur|Venusaur, M, shiny|360\/360
|switch|p2a: Politoed|Politoed, F|384\/384
|-weather|RainDance
|turn|1
|
|switch|p2a: Beartic|Beartic, M|331\/331
|detailschange|p1a: Venusaur|Venusaur-Mega, M, shiny
|message|Venusaur has Mega Evolved into Mega Venusaur!
|move|p1a: Venusaur|Giga Drain|p2a: Beartic
|-damage|p2a: Beartic|169\/331
|
|-weather|RainDance|[upkeep]
|turn|2
|
|move|p2a: Beartic|Swords Dance|p2a: Beartic
|-boost|p2a: Beartic|atk|2
|move|p1a: Venusaur|Giga Drain|p2a: Beartic
|-damage|p2a: Beartic|0 fnt
|faint|p2a: Beartic
|
|-weather|RainDance|[upkeep]
|
|switch|p2a: Kingdra|Kingdra, F|291\/291
|turn|3
|
|move|p2a: Kingdra|Draco Meteor|p1a: Venusaur
|-damage|p1a: Venusaur|114\/360
|-unboost|p2a: Kingdra|spa|2
|move|p1a: Venusaur|Giga Drain|p2a: Kingdra
|-damage|p2a: Kingdra|155\/291
|-heal|p1a: Venusaur|182\/360|[from] drain|[of] p2a: Kingdra
|
|-weather|RainDance|[upkeep]
|turn|4
|
|switch|p1a: Azumarill|Azumarill, M|381\/381
|move|p2a: Kingdra|Draco Meteor|p1a: Azumarill
|-immune|p1a: Azumarill|[msg]
|
|-weather|RainDance|[upkeep]
|turn|5
|
|switch|p2a: Politoed|Politoed, F|384\/384
|move|p1a: Azumarill|Waterfall|p2a: Politoed
|-resisted|p2a: Politoed
|-damage|p2a: Politoed|134\/384
|
|-weather|RainDance|[upkeep]
|turn|6
|
|switch|p2a: Kingdra|Kingdra, F|155\/291
|switch|p1a: Latios|Latios, M|301\/301
|
|-weather|RainDance|[upkeep]
|turn|7
|
|move|p2a: Kingdra|Ice Beam|p1a: Latios
|-supereffective|p1a: Latios
|-damage|p1a: Latios|45\/301
|-status|p1a: Latios|frz
|cant|p1a: Latios|frz
|
|-weather|RainDance|[upkeep]
|turn|8
|
|switch|p2a: Omastar|Omastar, F|281\/281
|cant|p1a: Latios|frz
|
|-weather|none
|turn|9
|
|switch|p1a: Azumarill|Azumarill, M|381\/381
|move|p2a: Omastar|Hydro Pump|p1a: Azumarill
|-resisted|p1a: Azumarill
|-damage|p1a: Azumarill|209\/381
|
|turn|10
|
|move|p2a: Omastar|Hydro Pump|p1a: Azumarill
|-resisted|p1a: Azumarill
|-damage|p1a: Azumarill|22\/381
|move|p1a: Azumarill|Superpower|p2a: Omastar
|-supereffective|p2a: Omastar
|-damage|p2a: Omastar|0 fnt
|-unboost|p1a: Azumarill|atk|1
|-unboost|p1a: Azumarill|def|1
|faint|p2a: Omastar
|
|
|switch|p2a: Politoed|Politoed, F|134\/384
|-weather|RainDance
|turn|11
|
|switch|p2a: Swampert|Swampert, F|341\/341
|switch|p1a: Latios|Latios, M|45\/301 frz
|
|-weather|RainDance|[upkeep]
|turn|12
|
|detailschange|p2a: Swampert|Swampert-Mega, F
|message|Swampert has Mega Evolved into Mega Swampert!
|cant|p1a: Latios|frz
|move|p2a: Swampert|Power-Up Punch|p1a: Latios
|-resisted|p1a: Latios
|-damage|p1a: Latios|12\/301 frz
|-boost|p2a: Swampert|atk|1
|
|-weather|RainDance|[upkeep]
|turn|13
|c|âNuB Central|gtfo
|
|move|p2a: Swampert|Power-Up Punch|p1a: Latios
|-resisted|p1a: Latios
|-damage|p1a: Latios|0 fnt
|-boost|p2a: Swampert|atk|1
|faint|p1a: Latios
|
|-weather|RainDance|[upkeep]
|c|âWinzd|time to destroy
|
|switch|p1a: Azumarill|Azumarill, M|22\/381
|turn|14
|
|move|p1a: Azumarill|Aqua Jet|p2a: Swampert
|-damage|p2a: Swampert|172\/341
|move|p2a: Swampert|Power-Up Punch|p1a: Azumarill
|-resisted|p1a: Azumarill
|-damage|p1a: Azumarill|0 fnt
|-boost|p2a: Swampert|atk|1
|faint|p1a: Azumarill
|
|-weather|RainDance|[upkeep]
|
|switch|p1a: Venusaur|Venusaur-Mega, M, shiny|182\/360
|turn|15
|
|switch|p1a: Landorus|Landorus, M|319\/319
|move|p2a: Swampert|Waterfall|p1a: Landorus
|-crit|p1a: Landorus
|-supereffective|p1a: Landorus
|-damage|p1a: Landorus|0 fnt
|faint|p1a: Landorus
|
|-weather|RainDance|[upkeep]
|
|switch|p1a: Scizor|Scizor, M|281\/281
|turn|16
|
|move|p2a: Swampert|Earthquake|p1a: Scizor
|-damage|p1a: Scizor|0 fnt
|faint|p1a: Scizor
|
|-weather|RainDance|[upkeep]
|c|âWinzd|gg bra
|
|switch|p1a: Lucario|Lucario, M, shiny|281\/281
|turn|17
|c|âNuB Central|ur trash don't talk to me
|
|move|p1a: Lucario|Extreme Speed|p2a: Swampert
|-damage|p2a: Swampert|56\/341
|-damage|p1a: Lucario|253\/281|[from] item: Life Orb
|move|p2a: Swampert|Waterfall|p1a: Lucario
|-damage|p1a: Lucario|0 fnt
|faint|p1a: Lucario
|
|-weather|RainDance|[upkeep]
|c|âWinzd|lols
|c|âWinzd|jelly much
|
|switch|p1a: Venusaur|Venusaur-Mega, M, shiny|182\/360
|turn|18
|c|âNuB Central|of you
|c|âWinzd|il water fall for you
|c|âNuB Central|defintely not
|c|âNuB Central|moron
|-message|NuB Central forfeited.
|
|win|Winzd
|raw|Ladder updating...
|leave|NuB Central
|player|p1
|raw|NuB Central's rating: 1753 &rarr; <strong>1723<\/strong><br \/>(-30 for losing)
|raw|Winzd's rating: 1570 &rarr; <strong>1600<\/strong><br \/>(+30 for winning)