|join|NuB Central
|join|jomolo
|player|p1|NuB Central|161
|player|p2|jomolo|170
|gametype|singles
|gen|6
|tier|OU
|rated
|clearpoke
|poke|p1|Charizard, M, shiny
|poke|p1|Tyranitar, M
|poke|p1|Keldeo-Resolute
|poke|p1|Landorus, M, shiny
|poke|p1|Excadrill, M, shiny
|poke|p1|Kyurem-Black, shiny
|poke|p2|Beedrill, M
|poke|p2|Mandibuzz, F
|poke|p2|Chansey, F
|poke|p2|Greninja, M
|poke|p2|Rotom-Wash
|poke|p2|Conkeldurr, F
|rule|Swagger Clause: Swagger is banned
|rule|Baton Pass Clause: Limit one PokÃ©mon knowing Baton Pass
|rule|Sleep Clause Mod: Limit one foe put to sleep
|rule|Species Clause: Limit one of each PokÃ©mon
|rule|OHKO Clause: OHKO moves are banned
|rule|Moody Clause: Moody is banned
|rule|Evasion Moves Clause: Evasion moves are banned
|rule|Endless Battle Clause: Forcing endless battles is banned
|rule|HP Percentage Mod: HP is shown in percentages
|teampreview
|join|hortdog00
|
|start
|switch|p1a: Landorus|Landorus, M, shiny|319\/319
|switch|p2a: Beedrill|Beedrill, M|272\/272
|turn|1
|
|switch|p2a: Mandibuzz|Mandibuzz, F|424\/424
|move|p1a: Landorus|Stealth Rock|p2a: Mandibuzz
|-sidestart|p2: jomolo|move: Stealth Rock
|
|turn|2
|leave|hortdog00
|
|move|p1a: Landorus|Knock Off|p2a: Mandibuzz
|-resisted|p2a: Mandibuzz
|-damage|p2a: Mandibuzz|386\/424
|-damage|p1a: Landorus|266\/319|[from] item: Rocky Helmet|[of] p2a: Mandibuzz
|-enditem|p2a: Mandibuzz|Rocky Helmet|[from] move: Knock Off|[of] p1a: Landorus
|-damage|p1a: Landorus|235\/319|[from] item: Life Orb
|move|p2a: Mandibuzz|Knock Off|p1a: Landorus
|-damage|p1a: Landorus|153\/319
|-enditem|p1a: Landorus|Life Orb|[from] move: Knock Off|[of] p2a: Mandibuzz
|
|turn|3
|
|switch|p1a: Keldeo-Resolute|Keldeo-Resolute|323\/323
|move|p2a: Mandibuzz|Defog|p1a: Keldeo-Resolute
|-unboost|p1a: Keldeo-Resolute|evasion|1
|-sideend|p2: jomolo|Stealth Rock|[from] move: Defog|[of] p2a: Mandibuzz
|
|turn|4
|
|switch|p2a: Rotom-Wash|Rotom-Wash|304\/304
|move|p1a: Keldeo-Resolute|Substitute|p1a: Keldeo-Resolute
|-start|p1a: Keldeo-Resolute|Substitute
|-damage|p1a: Keldeo-Resolute|243\/323
|
|-heal|p1a: Keldeo-Resolute|263\/323|[from] item: Leftovers
|turn|5
|
|move|p1a: Keldeo-Resolute|Secret Sword|p2a: Rotom-Wash
|-damage|p2a: Rotom-Wash|163\/304
|move|p2a: Rotom-Wash|Volt Switch|p1a: Keldeo-Resolute
|-crit|p1a: Keldeo-Resolute
|-supereffective|p1a: Keldeo-Resolute
|-end|p1a: Keldeo-Resolute|Substitute
|
|switch|p2a: Greninja|Greninja, M|286\/286
|
|-heal|p1a: Keldeo-Resolute|283\/323|[from] item: Leftovers
|turn|6
|
|switch|p1a: Kyurem-Black|Kyurem-Black, shiny|391\/391
|-ability|p1a: Kyurem-Black|Teravolt
|move|p2a: Greninja|Grass Knot|p1a: Kyurem-Black
|-start|p2a: Greninja|typechange|Grass|[from] Protean
|-resisted|p1a: Kyurem-Black
|-damage|p1a: Kyurem-Black|271\/391
|-damage|p2a: Greninja|258\/286|[from] item: Life Orb
|
|turn|7
|
|switch|p2a: Chansey|Chansey, F|704\/704
|move|p1a: Kyurem-Black|Fusion Bolt|p2a: Chansey
|-damage|p2a: Chansey|516\/704
|
|turn|8
|
|switch|p1a: Landorus|Landorus, M, shiny|153\/319
|move|p2a: Chansey|Seismic Toss|p1a: Landorus
|-damage|p1a: Landorus|53\/319
|
|turn|9
|
|move|p1a: Landorus|Stealth Rock|p2a: Chansey
|-sidestart|p2: jomolo|move: Stealth Rock
|move|p2a: Chansey|Seismic Toss|p1a: Landorus
|-damage|p1a: Landorus|0 fnt
|faint|p1a: Landorus
|
|
|switch|p1a: Kyurem-Black|Kyurem-Black, shiny|271\/391
|-ability|p1a: Kyurem-Black|Teravolt
|turn|10
|
|move|p1a: Kyurem-Black|Outrage|p2a: Chansey
|-damage|p2a: Chansey|164\/704
|move|p2a: Chansey|Thunder Wave|p1a: Kyurem-Black
|-status|p1a: Kyurem-Black|par
|
|turn|11
|
|move|p2a: Chansey|Soft-Boiled|p2a: Chansey
|-heal|p2a: Chansey|516\/704
|move|p1a: Kyurem-Black|Outrage|p2a: Chansey
|-damage|p2a: Chansey|161\/704
|
|turn|12
|
|move|p2a: Chansey|Soft-Boiled|p2a: Chansey
|-heal|p2a: Chansey|513\/704
|move|p1a: Kyurem-Black|Outrage|p2a: Chansey
|-damage|p2a: Chansey|191\/704
|
|-end|p1a: Kyurem-Black|rampage
|-start|p1a: Kyurem-Black|confusion
|turn|13
|
|switch|p1a: Tyranitar|Tyranitar, M|341\/341
|-weather|Sandstorm
|move|p2a: Chansey|Soft-Boiled|p2a: Chansey
|-heal|p2a: Chansey|543\/704
|
|-weather|Sandstorm|[upkeep]
|-damage|p2a: Chansey|499\/704|[from] sandstorm
|turn|14
|
|switch|p2a: Conkeldurr|Conkeldurr, F|414\/414
|-damage|p2a: Conkeldurr|389\/414|[from] Stealth Rock
|move|p1a: Tyranitar|Superpower|p2a: Conkeldurr
|-damage|p2a: Conkeldurr|243\/414
|-unboost|p1a: Tyranitar|atk|1
|-unboost|p1a: Tyranitar|def|1
|
|-weather|Sandstorm|[upkeep]
|-damage|p2a: Conkeldurr|218\/414|[from] sandstorm
|turn|15
|join|Starmaster
|
|switch|p1a: Charizard|Charizard, M, shiny|297\/297
|move|p2a: Conkeldurr|Drain Punch|p1a: Charizard
|-resisted|p1a: Charizard
|-damage|p1a: Charizard|202\/297
|-heal|p2a: Conkeldurr|266\/414|[from] drain|[of] p1a: Charizard
|
|-weather|Sandstorm|[upkeep]
|-damage|p1a: Charizard|184\/297|[from] sandstorm
|-damage|p2a: Conkeldurr|241\/414|[from] sandstorm
|turn|16
|
|switch|p2a: Chansey|Chansey, F|499\/704
|-damage|p2a: Chansey|411\/704|[from] Stealth Rock
|detailschange|p1a: Charizard|Charizard-Mega-Y, M, shiny
|-mega|p1a: Charizard|Charizard|Charizardite Y
|-weather|SunnyDay
|move|p1a: Charizard|Fire Blast|p2a: Chansey
|-damage|p2a: Chansey|161\/704
|
|-weather|SunnyDay|[upkeep]
|turn|17
|
|move|p1a: Charizard|Fire Blast|p2a: Chansey
|-damage|p2a: Chansey|0 fnt
|faint|p2a: Chansey
|
|-weather|SunnyDay|[upkeep]
|
|switch|p2a: Greninja|Greninja, M|258\/286
|-damage|p2a: Greninja|223\/286|[from] Stealth Rock
|turn|18
|
|move|p2a: Greninja|Surf|p1a: Charizard
|-start|p2a: Greninja|typechange|Water|[from] Protean
|-supereffective|p1a: Charizard
|-damage|p1a: Charizard|12\/297
|-damage|p2a: Greninja|195\/286|[from] item: Life Orb
|move|p1a: Charizard|Solar Beam|p2a: Greninja|[still]
|-prepare|p1a: Charizard|Solar Beam|p2a: Greninja
|-anim|p1a: Charizard|Solar Beam|p2a: Greninja
|-supereffective|p2a: Greninja
|-damage|p2a: Greninja|0 fnt
|faint|p2a: Greninja
|
|-weather|SunnyDay|[upkeep]
|
|switch|p2a: Conkeldurr|Conkeldurr, F|241\/414
|-damage|p2a: Conkeldurr|216\/414|[from] Stealth Rock
|turn|19
|
|switch|p1a: Tyranitar|Tyranitar, M|341\/341
|-weather|Sandstorm
|move|p2a: Conkeldurr|Mach Punch|p1a: Tyranitar
|-supereffective|p1a: Tyranitar
|-damage|p1a: Tyranitar|53\/341
|
|-weather|Sandstorm|[upkeep]
|-damage|p2a: Conkeldurr|191\/414|[from] sandstorm
|turn|20
|
|move|p2a: Conkeldurr|Mach Punch|p1a: Tyranitar
|-supereffective|p1a: Tyranitar
|-damage|p1a: Tyranitar|0 fnt
|faint|p1a: Tyranitar
|
|-weather|Sandstorm|[upkeep]
|-damage|p2a: Conkeldurr|166\/414|[from] sandstorm
|
|switch|p1a: Excadrill|Excadrill, M, shiny|361\/361
|turn|21
|
|move|p1a: Excadrill|Iron Head|p2a: Conkeldurr
|-damage|p2a: Conkeldurr|0 fnt
|-damage|p1a: Excadrill|325\/361|[from] item: Life Orb
|faint|p2a: Conkeldurr
|
|-weather|Sandstorm|[upkeep]
|
|switch|p2a: Rotom-Wash|Rotom-Wash|163\/304
|-damage|p2a: Rotom-Wash|125\/304|[from] Stealth Rock
|turn|22
|
|move|p1a: Excadrill|Rock Slide|p2a: Rotom-Wash
|-miss|p1a: Excadrill|p2a: Rotom-Wash
|move|p2a: Rotom-Wash|Hydro Pump|p1a: Excadrill|[miss]
|-miss|p2a: Rotom-Wash|p1a: Excadrill
|
|-weather|Sandstorm|[upkeep]
|-damage|p2a: Rotom-Wash|106\/304|[from] sandstorm
|-heal|p2a: Rotom-Wash|125\/304|[from] item: Leftovers
|turn|23
|
|move|p1a: Excadrill|Rock Slide|p2a: Rotom-Wash
|-damage|p2a: Rotom-Wash|0 fnt
|-damage|p1a: Excadrill|289\/361|[from] item: Life Orb
|faint|p2a: Rotom-Wash
|
|-weather|none
|
|switch|p2a: Mandibuzz|Mandibuzz, F|386\/424
|-damage|p2a: Mandibuzz|280\/424|[from] Stealth Rock
|turn|24
|
|move|p1a: Excadrill|Rock Slide|p2a: Mandibuzz
|-supereffective|p2a: Mandibuzz
|-damage|p2a: Mandibuzz|85\/424
|-damage|p1a: Excadrill|253\/361|[from] item: Life Orb
|move|p2a: Mandibuzz|Knock Off|p1a: Excadrill
|-damage|p1a: Excadrill|129\/361
|-enditem|p1a: Excadrill|Life Orb|[from] move: Knock Off|[of] p2a: Mandibuzz
|
|turn|25
|
|move|p1a: Excadrill|Rock Slide|p2a: Mandibuzz
|-supereffective|p2a: Mandibuzz
|-damage|p2a: Mandibuzz|0 fnt
|faint|p2a: Mandibuzz
|
|
|switch|p2a: Beedrill|Beedrill, M|272\/272
|-damage|p2a: Beedrill|204\/272|[from] Stealth Rock
|turn|26
|join|i came from leddit
|
|detailschange|p2a: Beedrill|Beedrill-Mega, M
|-mega|p2a: Beedrill|Beedrill|Beedrillite
|move|p1a: Excadrill|Earthquake|p2a: Beedrill
|-damage|p2a: Beedrill|0 fnt
|faint|p2a: Beedrill
|
|win|NuB Central
|raw|Ladder updating...
|raw|NuB Central's rating: 1728 &rarr; <strong>1738<\/strong><br \/>(+10 for winning)
|raw|jomolo's rating: 1520 &rarr; <strong>1511<\/strong><br \/>(-9 for losing)
|leave|NuB Central
|leave|jomolo
|leave|i came from leddit
|player|p1
|player|p2