|join|the frail
|join|Zamrock
|player|p1|the frail|2
|player|p2|Zamrock|293
|gametype|singles
|gen|5
|tier|[Gen 5] OU
|rule|Evasion Abilities Clause: Evasion abilities are banned
|clearpoke
|poke|p1|Landorus-Therian, M
|poke|p1|Tyranitar, M
|poke|p1|Alakazam, M
|poke|p1|Latias, F
|poke|p1|Keldeo
|poke|p1|Ferrothorn, M
|poke|p2|Forretress, M
|poke|p2|Tyranitar, F
|poke|p2|Gastrodon, F
|poke|p2|Heatran, M
|poke|p2|Reuniclus, F
|poke|p2|Dragonite, M
|rule|Sleep Clause Mod: Limit one foe put to sleep
|rule|Species Clause: Limit one of each PokÃ©mon
|rule|OHKO Clause: OHKO moves are banned
|rule|Moody Clause: Moody is banned
|rule|Evasion Moves Clause: Evasion moves are banned
|rule|Endless Battle Clause: Forcing endless battles is banned
|rule|HP Percentage Mod: HP is shown in percentages
|teampreview
|join|synchroniciteen
|c|âthe frail|ah, the hugo team
|c|âZamrock|every team is assumed hugos
|c|âZamrock|-
|c|âZamrock|sigh
|c|âthe frail|oh thats
|c|âthe frail|not his team?
|c|âthe frail|srry
|c|âZamrock|no
|join|IAmGingy
|
|start
|switch|p1a: Tyranitar|Tyranitar, M|390\/390
|switch|p2a: Tyranitar|Tyranitar, F|341\/341
|-weather|Sandstorm|[from] ability: Sand Stream|[of] p2a: Tyranitar
|turn|1
|join|Tesung
|
|switch|p1a: Ferrothorn|Ferrothorn, M|352\/352
|move|p2a: Tyranitar|Superpower|p1a: Ferrothorn
|-supereffective|p1a: Ferrothorn
|-damage|p1a: Ferrothorn|164\/352
|-damage|p2a: Tyranitar|299\/341|[from] ability: Iron Barbs|[of] p1a: Ferrothorn
|-unboost|p2a: Tyranitar|atk|1
|-unboost|p2a: Tyranitar|def|1
|
|-weather|Sandstorm|[upkeep]
|-heal|p1a: Ferrothorn|186\/352|[from] item: Leftovers
|turn|2
|c|âthe frail|lol i canceled and clicked lando-t
|c|âthe frail|laaaagggg
|c| synchroniciteen|wow, excuses at t1
|
|switch|p2a: Heatran|Heatran, M|323\/323
|switch|p1a: Tyranitar|Tyranitar, M|390\/390
|
|-weather|Sandstorm|[upkeep]
|turn|3
|c|âthe frail|wow!
|c| synchroniciteen|haha
|c| Tesung|stnadard pdc
|c| Tesung|blaming his shit plays on lag
|c| synchroniciteen|stnadard indeed
|c|âZamrock|oh this is
|c|âZamrock|pdc
|c|âZamrock|-
|c|âthe frail|wow
|c|âthe frail|u unveiled
|c|âthe frail|my fucking cover
|c| Tesung|revealed
|c|âthe frail|tesung
|c| Tesung|whoopss
|c|âthe frail|ur a piece of shit
|c|âthe frail|LOOOOOOL
|c| synchroniciteen|what a fool
|c| Tesung|maybe if u played me in spl
|c| Tesung|instead of being a pussy
|c| Tesung|i wouldnt reveal u
|c|âthe frail|maybe if u didn't need to play
|c|âthe frail|because ur team is getting bodied so hard
|c| synchroniciteen|johning is a perfectly respectable and time-honored tradition
|
|switch|p2a: Forretress|Forretress, M|353\/353
|move|p1a: Tyranitar|Stone Edge|p2a: Forretress
|-damage|p2a: Forretress|182\/353
|
|-weather|Sandstorm|[upkeep]
|-heal|p2a: Forretress|204\/353|[from] item: Leftovers
|turn|4
|c| Tesung|that doesnt even make sense
|c| Tesung|as logic
|c| Tesung|in like 3 ways
|c|âthe frail|idc
|c|âthe frail|i'm playing sunday
|c|âthe frail|like always
|c|âthe frail|no johns
|c|âthe frail|but this 1
|
|switch|p2a: Gastrodon|Gastrodon, F|426\/426
|move|p1a: Tyranitar|Stone Edge|p2a: Gastrodon
|-resisted|p2a: Gastrodon
|-damage|p2a: Gastrodon|296\/426
|
|-weather|Sandstorm|[upkeep]
|-heal|p2a: Gastrodon|322\/426|[from] item: Leftovers
|turn|5
|c| IAmGingy|nice hugo team
|
|switch|p1a: Ferrothorn|Ferrothorn, M|186\/352
|switch|p2a: Heatran|Heatran, M|323\/323
|
|-weather|Sandstorm|[upkeep]
|-heal|p1a: Ferrothorn|208\/352|[from] item: Leftovers
|turn|6
|c|âthe frail|zamrock if u can tell me
|c|âthe frail|who made the album
|c|âthe frail|my name is
|c|âthe frail|i will forfeit
|c|âthe frail|no looking it up
|c| IAmGingy|NINE INCH NAILS
|c| IAmGingy|MAYBE
|c|âthe frail|fucking
|c|âthe frail|poopyhead
|c|âthe frail|ngger
|c|âthe frail|gingiy
|c| IAmGingy|ey i didnt even have to look it up
|c| IAmGingy|should be prud
|c|âthe frail|ok
|c| IAmGingy|nut angry
|c|âthe frail|who made the album
|c|âthe frail|loveless
|c| synchroniciteen|alice in chains
|c| IAmGingy|^
|c|âthe frail|,,,,
|c| synchroniciteen|LOL
|c| synchroniciteen|i was right?
|c| IAmGingy|u name ur lucario it
|c|âthe frail|no
|c|âthe frail|u dumbfuck
|c| IAmGingy|shitm,,,,,
|c|âthe frail|my bloody valentine
|c| synchroniciteen|ah
|c|âthe frail|ok who made the album
|c| IAmGingy|oh.
|c|âthe frail|dirt
|c| synchroniciteen|wait, that one was totally alice in chains
|c| IAmGingy|ALICE
|c|âZamrock|sorry, frens being fags in pm
|c|âthe frail|correct!
|c| IAmGingy|IN CHAINS
|c| synchroniciteen|b.c it was in ur rmt
|c|âthe frail|ok who made
|c|âthe frail|the album
|c|âthe frail|souvlaki
|
|switch|p1a: Landorus-Therian|Landorus-Therian, M|381\/381
|-ability|p1a: Landorus-Therian|Intimidate|[of] p2a: Heatran
|-unboost|p2a: Heatran|atk|1
|move|p2a: Heatran|Stealth Rock|p1a: Landorus-Therian
|-sidestart|p1: the frail|move: Stealth Rock
|
|-weather|Sandstorm|[upkeep]
|turn|7
|c| IAmGingy|erm
|c| IAmGingy|oh
|c| IAmGingy|its that
|c| IAmGingy|engriish group
|c| IAmGingy|ummmmmmm
|c|âthe frail|yes
|c| IAmGingy|slow something
|
|switch|p2a: Forretress|Forretress, M|204\/353
|move|p1a: Landorus-Therian|Stealth Rock|p2a: Forretress
|-sidestart|p2: Zamrock|move: Stealth Rock
|
|-weather|Sandstorm|[upkeep]
|-heal|p2a: Forretress|226\/353|[from] item: Leftovers
|turn|8
|c| IAmGingy|idk
|c|âthe frail|what is their name
|c| synchroniciteen|yeah, i couldn't say
|c|âthe frail|slowdive
|
|move|p1a: Landorus-Therian|Earthquake|p2a: Forretress
|-damage|p2a: Forretress|135\/353
|move|p2a: Forretress|Hidden Power|p1a: Landorus-Therian
|-supereffective|p1a: Landorus-Therian
|-damage|p1a: Landorus-Therian|177\/381
|
|-weather|Sandstorm|[upkeep]
|-heal|p1a: Landorus-Therian|200\/381|[from] item: Leftovers
|-heal|p2a: Forretress|157\/353|[from] item: Leftovers
|turn|9
|c| synchroniciteen|not my genre of choice, sadly
|c| IAmGingy|ah das the one
|c| IAmGingy|how can
|c| IAmGingy|dreampop not be ur genre
|c| IAmGingy|?????
|c|âthe frail|????
|
|move|p1a: Landorus-Therian|U-turn|p2a: Forretress
|-resisted|p2a: Forretress
|-damage|p2a: Forretress|133\/353
|c|âthe frail|shoegaze
|c|âthe frail|is fucking hot
|c| synchroniciteen|man, idk, it's one of those i haven't yet delved too far into
|
|switch|p1a: Tyranitar|Tyranitar, M|390\/390
|-damage|p1a: Tyranitar|342\/390|[from] Stealth Rock
|move|p2a: Forretress|Rapid Spin|p1a: Tyranitar
|-resisted|p1a: Tyranitar
|-damage|p1a: Tyranitar|336\/390
|-sideend|p2: Zamrock|Stealth Rock|[from] move: Rapid Spin|[of] p2a: Forretress
|
|-weather|Sandstorm|[upkeep]
|-heal|p2a: Forretress|155\/353|[from] item: Leftovers
|turn|10
|c| synchroniciteen|hmu with some goods album, i'll invest some time into familiarizing myself
|c|âthe frail|ok
|
|move|p1a: Tyranitar|Crunch|p2a: Forretress
|-crit|p2a: Forretress
|-resisted|p2a: Forretress
|-damage|p2a: Forretress|12\/353
|move|p2a: Forretress|Spikes|p1a: Tyranitar
|-sidestart|p1: the frail|Spikes
|
|-weather|Sandstorm|[upkeep]
|-heal|p2a: Forretress|34\/353|[from] item: Leftovers
|turn|11
|c| synchroniciteen|i'd like to think i'm a p.open-minded guy
|c|âthe frail|Loveless \/ Souvlaki \/ Isn't Anything
|c|âthe frail|uhhhh
|c| synchroniciteen|o.k
|c|âthe frail|those are the big 3
|c|âthe frail|mbvs eps are great
|
|switch|p2a: Heatran|Heatran, M|323\/323
|move|p1a: Tyranitar|Crunch|p2a: Heatran
|-resisted|p2a: Heatran
|-damage|p2a: Heatran|221\/323
|
|-weather|Sandstorm|[upkeep]
|-heal|p2a: Heatran|241\/323|[from] item: Leftovers
|turn|12
|
|move|p2a: Heatran|Earth Power|p1a: Tyranitar
|-supereffective|p1a: Tyranitar
|-damage|p1a: Tyranitar|204\/390
|move|p1a: Tyranitar|Crunch|p2a: Heatran
|-resisted|p2a: Heatran
|-damage|p2a: Heatran|133\/323
|
|-weather|Sandstorm|[upkeep]
|-heal|p2a: Heatran|153\/323|[from] item: Leftovers
|turn|13
|join|Nuttenbengel
|
|switch|p2a: Forretress|Forretress, M|34\/353
|switch|p1a: Landorus-Therian|Landorus-Therian, M|200\/381
|-damage|p1a: Landorus-Therian|153\/381|[from] Stealth Rock
|-ability|p1a: Landorus-Therian|Intimidate|[of] p2a: Forretress
|-unboost|p2a: Forretress|atk|1
|
|-weather|Sandstorm|[upkeep]
|-heal|p1a: Landorus-Therian|176\/381|[from] item: Leftovers
|-heal|p2a: Forretress|56\/353|[from] item: Leftovers
|turn|14
|c| synchroniciteen|what kinda alt is that, dang
|c| synchroniciteen|o_o
|join|Cienight
|
|move|p1a: Landorus-Therian|Earthquake|p2a: Forretress
|-damage|p2a: Forretress|0 fnt
|faint|p2a: Forretress
|
|-weather|Sandstorm|[upkeep]
|-heal|p1a: Landorus-Therian|199\/381|[from] item: Leftovers
|c|âthe frail|https:\/\/rateyourmusic.com\/customchart?page=1&chart_type=top&type=album&year=alltime&genre_include=1&include_child_genres=1&genres=shoegaze&include_child_genres_chk=1&include=both&origin_countries=&limit=none&countries=
|c|âZamrock|NO
|c|âthe frail|use that
|
|switch|p2a: Heatran|Heatran, M|153\/323
|turn|15
|c|âthe frail|for shoegaze albums
|c|âZamrock|FUCKIN
|c|âZamrock|MISCLICKED
|
|move|p2a: Heatran|Fire Blast|p1a: Landorus-Therian
|-damage|p1a: Landorus-Therian|0 fnt
|faint|p1a: Landorus-Therian
|
|-weather|Sandstorm|[upkeep]
|-heal|p2a: Heatran|173\/323|[from] item: Leftovers
|c|âthe frail|damn
|c|âZamrock|sike
|c|âthe frail|fast
|c| synchroniciteen|gotcha coach
|
|switch|p1a: Alakazam|Alakazam, M|251\/251
|turn|16
|
|switch|p2a: Reuniclus|Reuniclus, F|424\/424
|move|p1a: Alakazam|Focus Blast|p2a: Reuniclus|[miss]
|-miss|p1a: Alakazam|p2a: Reuniclus
|
|-weather|Sandstorm|[upkeep]
|-status|p2a: Reuniclus|brn|[from] item: Flame Orb
|turn|17
|
|move|p1a: Alakazam|Calm Mind|p1a: Alakazam
|-boost|p1a: Alakazam|spa|1
|-boost|p1a: Alakazam|spd|1
|move|p2a: Reuniclus|Trick|p1a: Alakazam
|-activate|p2a: Reuniclus|move: Trick|[of] p1a: Alakazam
|-item|p1a: Alakazam|Flame Orb|[from] move: Trick
|-item|p2a: Reuniclus|Life Orb|[from] move: Trick
|
|-weather|Sandstorm|[upkeep]
|-status|p1a: Alakazam|brn|[from] item: Flame Orb
|turn|18
|c|âthe frail|damn!
|
|switch|p2a: Tyranitar|Tyranitar, F|299\/341
|move|p1a: Alakazam|Shadow Ball|p2a: Tyranitar
|-resisted|p2a: Tyranitar
|-damage|p2a: Tyranitar|248\/341
|
|-weather|Sandstorm|[upkeep]
|turn|19
|c|âthe frail|bout2miss
|
|move|p1a: Alakazam|Focus Blast|p2a: Tyranitar
|-supereffective|p2a: Tyranitar
|-damage|p2a: Tyranitar|0 fnt
|faint|p2a: Tyranitar
|
|-weather|Sandstorm|[upkeep]
|
|switch|p2a: Dragonite|Dragonite, M|386\/386
|turn|20
|join|yutts final form
|
|switch|p1a: Tyranitar|Tyranitar, M|204\/390
|-damage|p1a: Tyranitar|156\/390|[from] Spikes
|-damage|p1a: Tyranitar|108\/390|[from] Stealth Rock
|move|p2a: Dragonite|Dragon Dance|p2a: Dragonite
|-boost|p2a: Dragonite|atk|1
|-boost|p2a: Dragonite|spe|1
|
|-weather|Sandstorm|[upkeep]
|-damage|p2a: Dragonite|362\/386|[from] sandstorm
|-heal|p2a: Dragonite|386\/386|[from] item: Leftovers
|turn|21
|c|âthe frail|got bodied
|
|move|p2a: Dragonite|Dragon Claw|p1a: Tyranitar
|-damage|p1a: Tyranitar|0 fnt
|faint|p1a: Tyranitar
|
|-weather|Sandstorm|[upkeep]
|-damage|p2a: Dragonite|362\/386|[from] sandstorm
|-heal|p2a: Dragonite|386\/386|[from] item: Leftovers
|
|switch|p1a: Keldeo|Keldeo|323\/323
|-damage|p1a: Keldeo|303\/323|[from] Stealth Rock
|-damage|p1a: Keldeo|263\/323|[from] Spikes
|turn|22
|leave|yutts final form
|
|switch|p2a: Gastrodon|Gastrodon, F|322\/426
|move|p1a: Keldeo|Hidden Power|p2a: Gastrodon
|-damage|p2a: Gastrodon|229\/426
|
|-weather|Sandstorm|[upkeep]
|-damage|p1a: Keldeo|243\/323|[from] sandstorm
|-heal|p2a: Gastrodon|255\/426|[from] item: Leftovers
|turn|23
|-message|the frail forfeited.
|c|âthe frail|draTs
|c|âZamrock|?
|
|win|Zamrock
|c|âthe frail|i couldnt win lol
|c|âZamrock|gg
|leave|Nuttenbengel
|leave|the frail
|leave|Zamrock
|player|p1
|player|p2
|leave|Tesung
|leave|IAmGingy
|leave|Cienight