|join|blue53
|join|Horsea Whisperer
|player|p1|blue53|92
|player|p2|Horsea Whisperer|2
|gametype|singles
|gen|4
|tier|[Gen 4] OU
|rated
|rule|Sleep Clause Mod: Limit one foe put to sleep
|rule|Species Clause: Limit one of each PokÃ©mon
|rule|OHKO Clause: OHKO moves are banned
|rule|Moody Clause: Moody is banned
|rule|Evasion Moves Clause: Evasion moves are banned
|rule|Endless Battle Clause: Forcing endless battles is banned
|rule|HP Percentage Mod: HP is shown in percentages
|
|start
|switch|p1a: Soju|Infernape, M, shiny|293\/293
|switch|p2a: Machamp|Machamp, M|381\/381
|turn|1
|c|âHorsea Whisperer|hf
|c|âblue53|U2
|c|âblue53|:P
|
|move|p1a: Soju|Stealth Rock|p2a: Machamp
|-sidestart|p2: Horsea Whisperer|move: Stealth Rock
|move|p2a: Machamp|Dynamic Punch|p1a: Soju
|-damage|p1a: Soju|13\/293
|-start|p1a: Soju|confusion
|
|turn|2
|
|move|p2a: Machamp|Bullet Punch|p1a: Soju
|-resisted|p1a: Soju
|-damage|p1a: Soju|0 fnt
|faint|p1a: Soju
|
|
|switch|p1a: Staraptor|Staraptor, M|311\/311
|-ability|p1a: Staraptor|Intimidate|[of] p2a: Machamp
|-unboost|p2a: Machamp|atk|1
|turn|3
|
|switch|p2a: Gyarados|Gyarados, F|394\/394
|-damage|p2a: Gyarados|296\/394|[from] Stealth Rock
|-ability|p2a: Gyarados|Intimidate|[of] p1a: Staraptor
|-unboost|p1a: Staraptor|atk|1
|move|p1a: Staraptor|Brave Bird|p2a: Gyarados
|-damage|p2a: Gyarados|220\/394
|-damage|p1a: Staraptor|286\/311|[from] recoil|[of] p2a: Gyarados
|
|-heal|p2a: Gyarados|244\/394|[from] item: Leftovers
|turn|4
|
|switch|p1a: Buffperv|Swampert, M|384\/384
|switch|p2a: Heatran|Heatran, M|323\/323
|-damage|p2a: Heatran|283\/323|[from] Stealth Rock
|
|turn|5
|
|switch|p2a: Forretress|Forretress, F|354\/354
|-damage|p2a: Forretress|310\/354|[from] Stealth Rock
|switch|p1a: Choochoo|Pikachu, F, shiny|211\/211
|
|turn|6
|
|switch|p1a: Mountain Dew|Dragonite, M, shiny|323\/323
|move|p2a: Forretress|Spikes|p1a: Mountain Dew
|-sidestart|p1: blue53|Spikes
|
|turn|7
|
|switch|p2a: Gyarados|Gyarados, F|244\/394
|-damage|p2a: Gyarados|146\/394|[from] Stealth Rock
|-ability|p2a: Gyarados|Intimidate|[of] p1a: Mountain Dew
|-unboost|p1a: Mountain Dew|atk|1
|move|p1a: Mountain Dew|Fire Blast|p2a: Gyarados
|-resisted|p2a: Gyarados
|-damage|p2a: Gyarados|55\/394
|-damage|p1a: Mountain Dew|291\/323|[from] item: Life Orb
|
|-heal|p2a: Gyarados|79\/394|[from] item: Leftovers
|turn|8
|
|move|p1a: Mountain Dew|Extreme Speed|p2a: Gyarados
|-damage|p2a: Gyarados|20\/394
|-damage|p1a: Mountain Dew|259\/323|[from] item: Life Orb
|move|p2a: Gyarados|Rest|p2a: Gyarados
|-status|p2a: Gyarados|slp
|-heal|p2a: Gyarados|394\/394 slp|[silent]
|-status|p2a: Gyarados|slp|[from] move: Rest
|
|turn|9
|
|switch|p1a: Choochoo|Pikachu, F, shiny|211\/211
|-damage|p1a: Choochoo|185\/211|[from] Spikes
|cant|p2a: Gyarados|slp
|move|p2a: Gyarados|Sleep Talk|p2a: Gyarados
|move|p2a: Gyarados|Roar|p1a: Choochoo|[from]Sleep Talk
|drag|p1a: Lucario|Lucario, M|281\/281
|-damage|p1a: Lucario|246\/281|[from] Spikes
|
|turn|10
|
|move|p1a: Lucario|Dragon Pulse|p2a: Gyarados
|-damage|p2a: Gyarados|251\/394 slp
|cant|p2a: Gyarados|slp
|move|p2a: Gyarados|Sleep Talk|p2a: Gyarados
|move|p2a: Gyarados|Waterfall|p1a: Lucario|[from]Sleep Talk
|-damage|p1a: Lucario|89\/281
|
|-heal|p2a: Gyarados|275\/394 slp|[from] item: Leftovers
|turn|11
|
|move|p1a: Lucario|Dragon Pulse|p2a: Gyarados
|-damage|p2a: Gyarados|140\/394 slp
|-curestatus|p2a: Gyarados|slp
|move|p2a: Gyarados|Rest|p2a: Gyarados
|-status|p2a: Gyarados|slp
|-heal|p2a: Gyarados|394\/394 slp|[silent]
|-status|p2a: Gyarados|slp|[from] move: Rest
|
|turn|12
|
|switch|p1a: Buffperv|Swampert, M|384\/384
|-damage|p1a: Buffperv|336\/384|[from] Spikes
|cant|p2a: Gyarados|slp
|move|p2a: Gyarados|Sleep Talk|p2a: Gyarados
|move|p2a: Gyarados|Roar|p1a: Buffperv|[from]Sleep Talk
|drag|p1a: Staraptor|Staraptor, M|286\/311
|-ability|p1a: Staraptor|Intimidate|[of] p2a: Gyarados
|-unboost|p2a: Gyarados|atk|1
|
|turn|13
|
|switch|p1a: Buffperv|Swampert, M|336\/384
|-damage|p1a: Buffperv|288\/384|[from] Spikes
|cant|p2a: Gyarados|slp
|move|p2a: Gyarados|Sleep Talk|p2a: Gyarados
|move|p2a: Gyarados|Roar|p1a: Buffperv|[from]Sleep Talk
|drag|p1a: Choochoo|Pikachu, F, shiny|185\/211
|-damage|p1a: Choochoo|159\/211|[from] Spikes
|
|turn|14
|
|switch|p1a: Mountain Dew|Dragonite, M, shiny|259\/323
|switch|p2a: Jirachi|Jirachi|404\/404
|-damage|p2a: Jirachi|379\/404|[from] Stealth Rock
|
|-heal|p2a: Jirachi|404\/404|[from] item: Leftovers
|turn|15
|
|move|p1a: Mountain Dew|Fire Blast|p2a: Jirachi
|-crit|p2a: Jirachi
|-supereffective|p2a: Jirachi
|-damage|p2a: Jirachi|0 fnt
|-damage|p1a: Mountain Dew|227\/323|[from] item: Life Orb
|faint|p2a: Jirachi
|
|
|switch|p2a: Machamp|Machamp, M|381\/381
|-damage|p2a: Machamp|358\/381|[from] Stealth Rock
|turn|16
|
|switch|p1a: Staraptor|Staraptor, M|286\/311
|-ability|p1a: Staraptor|Intimidate|[of] p2a: Machamp
|-unboost|p2a: Machamp|atk|1
|move|p2a: Machamp|Ice Punch|p1a: Staraptor
|-supereffective|p1a: Staraptor
|-damage|p1a: Staraptor|114\/311
|
|turn|17
|
|switch|p2a: Rotom-Wash|Rotom-Wash|241\/241
|-damage|p2a: Rotom-Wash|211\/241|[from] Stealth Rock
|move|p1a: Staraptor|Close Combat|p2a: Rotom-Wash
|-immune|p2a: Rotom-Wash|[msg]
|
|turn|18
|
|switch|p1a: Buffperv|Swampert, M|288\/384
|-damage|p1a: Buffperv|240\/384|[from] Spikes
|move|p2a: Rotom-Wash|Trick|p1a: Buffperv
|-activate|p2a: Rotom-Wash|move: Trick|[of] p1a: Buffperv
|-item|p1a: Buffperv|Choice Scarf|[from] move: Trick
|-item|p2a: Rotom-Wash|Choice Band|[from] move: Trick
|
|turn|19
|
|switch|p2a: Forretress|Forretress, F|310\/354
|-damage|p2a: Forretress|266\/354|[from] Stealth Rock
|move|p1a: Buffperv|Aqua Tail|p2a: Forretress
|-damage|p2a: Forretress|170\/354
|
|turn|20
|
|move|p1a: Buffperv|Aqua Tail|p2a: Forretress
|-damage|p2a: Forretress|79\/354
|move|p2a: Forretress|Spikes|p1a: Buffperv
|-sidestart|p1: blue53|Spikes
|
|turn|21
|
|switch|p2a: Gyarados|Gyarados, F|394\/394 slp
|-damage|p2a: Gyarados|296\/394 slp|[from] Stealth Rock
|-ability|p2a: Gyarados|Intimidate|[of] p1a: Buffperv
|-unboost|p1a: Buffperv|atk|1
|move|p1a: Buffperv|Aqua Tail|p2a: Gyarados
|-resisted|p2a: Gyarados
|-damage|p2a: Gyarados|255\/394 slp
|
|-heal|p2a: Gyarados|279\/394 slp|[from] item: Leftovers
|turn|22
|
|switch|p1a: Choochoo|Pikachu, F, shiny|159\/211
|-damage|p1a: Choochoo|124\/211|[from] Spikes
|-curestatus|p2a: Gyarados|slp
|move|p2a: Gyarados|Sleep Talk|p2a: Gyarados
|-fail|p2a: Gyarados
|
|-heal|p2a: Gyarados|303\/394|[from] item: Leftovers
|turn|23
|
|switch|p2a: Heatran|Heatran, M|283\/323
|-damage|p2a: Heatran|243\/323|[from] Stealth Rock
|move|p1a: Choochoo|Volt Tackle|p2a: Heatran
|-damage|p2a: Heatran|5\/323
|-damage|p1a: Choochoo|45\/211|[from] recoil|[of] p2a: Heatran
|
|turn|24
|
|move|p1a: Choochoo|Quick Attack|p2a: Heatran
|-resisted|p2a: Heatran
|-damage|p2a: Heatran|0 fnt
|faint|p2a: Heatran
|
|c|âblue53|omg
|c|âblue53|it killed
|c|âHorsea Whisperer|didn't think pikachu was such a monster
|c|âblue53|he kinda is
|c|âblue53|with alot of predicton
|c|âblue53|*prediction 
|
|switch|p2a: Rotom-Wash|Rotom-Wash|211\/241
|-damage|p2a: Rotom-Wash|181\/241|[from] Stealth Rock
|turn|25
|
|switch|p1a: Mountain Dew|Dragonite, M, shiny|227\/323
|move|p2a: Rotom-Wash|Hydro Pump|p1a: Mountain Dew
|-resisted|p1a: Mountain Dew
|-damage|p1a: Mountain Dew|168\/323
|
|turn|26
|
|move|p2a: Rotom-Wash|Hydro Pump|p1a: Mountain Dew
|-resisted|p1a: Mountain Dew
|-damage|p1a: Mountain Dew|105\/323
|move|p1a: Mountain Dew|Draco Meteor|p2a: Rotom-Wash
|-damage|p2a: Rotom-Wash|0 fnt
|-unboost|p1a: Mountain Dew|spa|2
|-damage|p1a: Mountain Dew|73\/323|[from] item: Life Orb
|faint|p2a: Rotom-Wash
|
|
|switch|p2a: Machamp|Machamp, M|358\/381
|-damage|p2a: Machamp|335\/381|[from] Stealth Rock
|turn|27
|
|move|p1a: Mountain Dew|Superpower|p2a: Machamp
|-damage|p2a: Machamp|147\/381
|-unboost|p1a: Mountain Dew|atk|1
|-unboost|p1a: Mountain Dew|def|1
|-damage|p1a: Mountain Dew|41\/323|[from] item: Life Orb
|move|p2a: Machamp|Dynamic Punch|p1a: Mountain Dew
|-resisted|p1a: Mountain Dew
|-damage|p1a: Mountain Dew|0 fnt
|faint|p1a: Mountain Dew
|
|
|switch|p1a: Staraptor|Staraptor, M|114\/311
|-ability|p1a: Staraptor|Intimidate|[of] p2a: Machamp
|-unboost|p2a: Machamp|atk|1
|turn|28
|
|switch|p2a: Gyarados|Gyarados, F|303\/394
|-damage|p2a: Gyarados|205\/394|[from] Stealth Rock
|-ability|p2a: Gyarados|Intimidate|[of] p1a: Staraptor
|-unboost|p1a: Staraptor|atk|1
|move|p1a: Staraptor|Close Combat|p2a: Gyarados
|-resisted|p2a: Gyarados
|-damage|p2a: Gyarados|178\/394
|-unboost|p1a: Staraptor|def|1
|-unboost|p1a: Staraptor|spd|1
|
|-heal|p2a: Gyarados|202\/394|[from] item: Leftovers
|turn|29
|
|switch|p1a: Lucario|Lucario, M|89\/281
|-damage|p1a: Lucario|43\/281|[from] Spikes
|move|p2a: Gyarados|Waterfall|p1a: Lucario
|-damage|p1a: Lucario|0 fnt
|faint|p1a: Lucario
|
|-heal|p2a: Gyarados|226\/394|[from] item: Leftovers
|
|switch|p1a: Choochoo|Pikachu, F, shiny|45\/211
|-damage|p1a: Choochoo|10\/211|[from] Spikes
|turn|30
|
|switch|p2a: Forretress|Forretress, F|79\/354
|-damage|p2a: Forretress|35\/354|[from] Stealth Rock
|move|p1a: Choochoo|Volt Tackle|p2a: Forretress
|-damage|p2a: Forretress|0 fnt
|-damage|p1a: Choochoo|0 fnt|[from] recoil|[of] p2a: Forretress
|faint|p2a: Forretress
|faint|p1a: Choochoo
|
|
|switch|p1a: Staraptor|Staraptor, M|114\/311
|switch|p2a: Machamp|Machamp, M|147\/381
|-damage|p2a: Machamp|124\/381|[from] Stealth Rock
|-ability|p1a: Staraptor|Intimidate|[of] p2a: Machamp
|-unboost|p2a: Machamp|atk|1
|turn|31
|
|move|p2a: Machamp|Bullet Punch|p1a: Staraptor
|-damage|p1a: Staraptor|64\/311
|move|p1a: Staraptor|Brave Bird|p2a: Machamp
|-supereffective|p2a: Machamp
|-damage|p2a: Machamp|0 fnt
|-damage|p1a: Staraptor|23\/311|[from] recoil|[of] p2a: Machamp
|faint|p2a: Machamp
|
|
|switch|p2a: Gyarados|Gyarados, F|226\/394
|-damage|p2a: Gyarados|128\/394|[from] Stealth Rock
|-ability|p2a: Gyarados|Intimidate|[of] p1a: Staraptor
|-unboost|p1a: Staraptor|atk|1
|turn|32
|
|move|p1a: Staraptor|Brave Bird|p2a: Gyarados
|-damage|p2a: Gyarados|44\/394
|-damage|p1a: Staraptor|0 fnt|[from] recoil|[of] p2a: Gyarados
|faint|p1a: Staraptor
|move|p2a: Gyarados|Rest|p2a: Gyarados
|-status|p2a: Gyarados|slp
|-heal|p2a: Gyarados|394\/394 slp|[silent]
|-status|p2a: Gyarados|slp|[from] move: Rest
|
|
|switch|p1a: Buffperv|Swampert, M|240\/384
|-damage|p1a: Buffperv|176\/384|[from] Spikes
|turn|33
|c|âHorsea Whisperer|let's leave it to luck know
|
|move|p1a: Buffperv|Stone Edge|p2a: Gyarados
|-supereffective|p2a: Gyarados
|-damage|p2a: Gyarados|204\/394 slp
|cant|p2a: Gyarados|slp
|move|p2a: Gyarados|Sleep Talk|p2a: Gyarados
|move|p2a: Gyarados|Waterfall|p1a: Buffperv|[from]Sleep Talk
|-damage|p1a: Buffperv|47\/384
|
|-heal|p2a: Gyarados|228\/394 slp|[from] item: Leftovers
|turn|34
|
|move|p1a: Buffperv|Stone Edge|p2a: Gyarados
|-supereffective|p2a: Gyarados
|-damage|p2a: Gyarados|44\/394 slp
|cant|p2a: Gyarados|slp
|move|p2a: Gyarados|Sleep Talk|p2a: Gyarados
|move|p2a: Gyarados|Rest|p2a: Gyarados|[from]Sleep Talk
|-fail|p2a: Gyarados
|
|-heal|p2a: Gyarados|68\/394 slp|[from] item: Leftovers
|turn|35
|
|move|p1a: Buffperv|Stone Edge|p2a: Gyarados
|-supereffective|p2a: Gyarados
|-damage|p2a: Gyarados|0 fnt
|faint|p2a: Gyarados
|
|win|blue53
|raw|Ladder updating...
|c|âHorsea Whisperer|gg
|raw|blue53's rating: 1088 &rarr; <strong>1132<\/strong><br \/>(+44 for winning)
|raw|Horsea Whisperer's rating: 1338 &rarr; <strong>1306<\/strong><br \/>(-32 for losing)
|c|âblue53|gg dude
|c|âblue53|was too close