|join|Horsea Whisperer
|join|Blue53
|player|p1|Horsea Whisperer|2
|player|p2|Blue53|138
|gametype|singles
|gen|4
|tier|[Gen 4] OU
|rated
|rule|Sleep Clause Mod: Limit one foe put to sleep
|rule|Species Clause: Limit one of each PokÃ©mon
|rule|OHKO Clause: OHKO moves are banned
|rule|Moody Clause: Moody is banned
|rule|Evasion Moves Clause: Evasion moves are banned
|rule|Endless Battle Clause: Forcing endless battles is banned
|rule|HP Percentage Mod: HP is shown in percentages
|
|start
|switch|p1a: Machamp|Machamp, M|381\/381
|switch|p2a: Shisa|Infernape, M, shiny|293\/293
|turn|1
|c|âHorsea Whisperer|gl
|
|move|p2a: Shisa|Fake Out|p1a: Machamp
|-damage|p1a: Machamp|338\/381
|cant|p1a: Machamp|flinch
|
|turn|2
|
|move|p2a: Shisa|Stealth Rock|p1a: Machamp
|-sidestart|p1: Horsea Whisperer|move: Stealth Rock
|move|p1a: Machamp|Dynamic Punch|p2a: Shisa
|-enditem|p2a: Shisa|Focus Sash
|-damage|p2a: Shisa|1\/293
|-start|p2a: Shisa|confusion
|
|turn|3
|
|switch|p2a: Cookies|Rotom-Heat, shiny|241\/241
|move|p1a: Machamp|Bullet Punch|p2a: Cookies
|-resisted|p2a: Cookies
|-damage|p2a: Cookies|218\/241
|
|turn|4
|
|move|p2a: Cookies|Thunderbolt|p1a: Machamp
|-damage|p1a: Machamp|155\/381
|move|p1a: Machamp|Payback|p2a: Cookies
|-supereffective|p2a: Cookies
|-damage|p2a: Cookies|0 fnt
|faint|p2a: Cookies
|
|
|switch|p2a: Loomers|Breloom, F|262\/262
|turn|5
|
|move|p2a: Loomers|Seed Bomb|p1a: Machamp
|-damage|p1a: Machamp|0 fnt
|faint|p1a: Machamp
|
|-status|p2a: Loomers|tox|[from] item: Toxic Orb
|
|switch|p1a: Heatran|Heatran, M|323\/323
|-damage|p1a: Heatran|283\/323|[from] Stealth Rock
|turn|6
|
|switch|p2a: Flygon|Flygon, M, shiny|301\/301
|move|p1a: Heatran|Fire Blast|p2a: Flygon
|-resisted|p2a: Flygon
|-damage|p2a: Flygon|153\/301
|
|-heal|p1a: Heatran|303\/323|[from] item: Leftovers
|turn|7
|
|switch|p1a: Gyarados|Gyarados, M|394\/394
|-damage|p1a: Gyarados|296\/394|[from] Stealth Rock
|-ability|p1a: Gyarados|Intimidate|[of] p2a: Flygon
|-unboost|p2a: Flygon|atk|1
|move|p2a: Flygon|Roost|p2a: Flygon
|-heal|p2a: Flygon|301\/301
|
|-heal|p1a: Gyarados|320\/394|[from] item: Leftovers
|turn|8
|
|move|p2a: Flygon|Draco Meteor|p1a: Gyarados
|-damage|p1a: Gyarados|43\/394
|-unboost|p2a: Flygon|spa|2
|-damage|p2a: Flygon|271\/301|[from] item: Life Orb
|move|p1a: Gyarados|Waterfall|p2a: Flygon
|-damage|p2a: Flygon|126\/301
|
|-heal|p1a: Gyarados|67\/394|[from] item: Leftovers
|turn|9
|
|move|p2a: Flygon|Roost|p2a: Flygon
|-heal|p2a: Flygon|277\/301
|move|p1a: Gyarados|Rest|p1a: Gyarados
|-status|p1a: Gyarados|slp
|-heal|p1a: Gyarados|394\/394 slp|[silent]
|-status|p1a: Gyarados|slp|[from] move: Rest
|
|turn|10
|
|switch|p2a: Kappa|Electabuzz, M, shiny|272\/272
|cant|p1a: Gyarados|slp
|move|p1a: Gyarados|Sleep Talk|p1a: Gyarados
|move|p1a: Gyarados|Rest|p1a: Gyarados|[from]Sleep Talk
|-fail|p1a: Gyarados
|
|turn|11
|
|switch|p1a: Rotom-Wash|Rotom-Wash|241\/241
|-damage|p1a: Rotom-Wash|211\/241|[from] Stealth Rock
|move|p2a: Kappa|Thunderbolt|p1a: Rotom-Wash
|-resisted|p1a: Rotom-Wash
|-damage|p1a: Rotom-Wash|142\/241
|
|turn|12
|
|switch|p2a: Loomers|Breloom, F|262\/262 tox
|move|p1a: Rotom-Wash|Shadow Ball|p2a: Loomers
|-damage|p2a: Loomers|82\/262 tox
|
|-heal|p2a: Loomers|114\/262 tox|[from] ability: Poison Heal
|turn|13
|
|move|p1a: Rotom-Wash|Shadow Ball|p2a: Loomers
|-damage|p2a: Loomers|0 fnt
|faint|p2a: Loomers
|
|
|switch|p2a: Cutlass|Empoleon, M|312\/312
|turn|14
|
|switch|p1a: Gyarados|Gyarados, M|394\/394 slp
|-damage|p1a: Gyarados|296\/394 slp|[from] Stealth Rock
|-ability|p1a: Gyarados|Intimidate|[of] p2a: Cutlass
|-unboost|p2a: Cutlass|atk|1
|move|p2a: Cutlass|Agility|p2a: Cutlass
|-boost|p2a: Cutlass|spe|2
|
|-heal|p1a: Gyarados|320\/394 slp|[from] item: Leftovers
|turn|15
|
|move|p2a: Cutlass|Substitute|p2a: Cutlass
|-start|p2a: Cutlass|Substitute
|-damage|p2a: Cutlass|234\/312
|cant|p1a: Gyarados|slp
|move|p1a: Gyarados|Sleep Talk|p1a: Gyarados
|move|p1a: Gyarados|Roar|p2a: Cutlass|[from]Sleep Talk
|drag|p2a: Kappa|Electabuzz, M, shiny|272\/272
|
|-heal|p1a: Gyarados|344\/394 slp|[from] item: Leftovers
|turn|16
|
|switch|p1a: Jirachi|Jirachi|404\/404
|-damage|p1a: Jirachi|379\/404|[from] Stealth Rock
|move|p2a: Kappa|Psychic|p1a: Jirachi
|-resisted|p1a: Jirachi
|-damage|p1a: Jirachi|363\/404
|
|-heal|p1a: Jirachi|388\/404|[from] item: Leftovers
|turn|17
|
|switch|p2a: Flygon|Flygon, M, shiny|277\/301
|move|p1a: Jirachi|Wish|p1a: Jirachi
|
|-heal|p1a: Jirachi|404\/404|[from] item: Leftovers
|turn|18
|
|move|p2a: Flygon|Earthquake|p1a: Jirachi
|-supereffective|p1a: Jirachi
|-damage|p1a: Jirachi|54\/404
|-damage|p2a: Flygon|247\/301|[from] item: Life Orb
|move|p1a: Jirachi|Fire Punch|p2a: Flygon
|-resisted|p2a: Flygon
|-damage|p2a: Flygon|209\/301
|
|-heal|p1a: Jirachi|256\/404|[from] move: Wish|[wisher] Jirachi
|-heal|p1a: Jirachi|281\/404|[from] item: Leftovers
|turn|19
|
|switch|p1a: Forretress|Forretress, M|354\/354
|-damage|p1a: Forretress|310\/354|[from] Stealth Rock
|move|p2a: Flygon|Earthquake|p1a: Forretress
|-damage|p1a: Forretress|205\/354
|-damage|p2a: Flygon|179\/301|[from] item: Life Orb
|
|turn|20
|
|switch|p1a: Gyarados|Gyarados, M|344\/394 slp
|-damage|p1a: Gyarados|246\/394 slp|[from] Stealth Rock
|-ability|p1a: Gyarados|Intimidate|[of] p2a: Flygon
|-unboost|p2a: Flygon|atk|1
|move|p2a: Flygon|Roost|p2a: Flygon
|-heal|p2a: Flygon|301\/301
|
|-heal|p1a: Gyarados|270\/394 slp|[from] item: Leftovers
|turn|21
|
|switch|p1a: Heatran|Heatran, M|303\/323
|-damage|p1a: Heatran|263\/323|[from] Stealth Rock
|move|p2a: Flygon|Draco Meteor|p1a: Heatran
|-resisted|p1a: Heatran
|-damage|p1a: Heatran|143\/323
|-unboost|p2a: Flygon|spa|2
|-damage|p2a: Flygon|271\/301|[from] item: Life Orb
|
|-heal|p1a: Heatran|163\/323|[from] item: Leftovers
|turn|22
|
|switch|p2a: Cutlass|Empoleon, M|234\/312
|switch|p1a: Rotom-Wash|Rotom-Wash|142\/241
|-damage|p1a: Rotom-Wash|112\/241|[from] Stealth Rock
|
|turn|23
|
|switch|p2a: Flygon|Flygon, M, shiny|271\/301
|move|p1a: Rotom-Wash|Trick|p2a: Flygon
|-activate|p1a: Rotom-Wash|move: Trick|[of] p2a: Flygon
|-item|p2a: Flygon|Choice Scarf|[from] move: Trick
|-item|p1a: Rotom-Wash|Life Orb|[from] move: Trick
|
|turn|24
|
|move|p2a: Flygon|Draco Meteor|p1a: Rotom-Wash
|-damage|p1a: Rotom-Wash|0 fnt
|-unboost|p2a: Flygon|spa|2
|faint|p1a: Rotom-Wash
|
|
|switch|p1a: Heatran|Heatran, M|163\/323
|-damage|p1a: Heatran|123\/323|[from] Stealth Rock
|turn|25
|
|switch|p2a: Cutlass|Empoleon, M|234\/312
|move|p1a: Heatran|Fire Blast|p2a: Cutlass
|-damage|p2a: Cutlass|35\/312
|-enditem|p2a: Cutlass|Petaya Berry|[eat]
|-boost|p2a: Cutlass|spa|1|[from] item: Petaya Berry
|
|-heal|p1a: Heatran|143\/323|[from] item: Leftovers
|turn|26
|
|move|p1a: Heatran|Earth Power|p2a: Cutlass
|-supereffective|p2a: Cutlass
|-damage|p2a: Cutlass|0 fnt
|faint|p2a: Cutlass
|
|-heal|p1a: Heatran|163\/323|[from] item: Leftovers
|
|switch|p2a: Shisa|Infernape, M, shiny|1\/293
|turn|27
|
|switch|p1a: Gyarados|Gyarados, M|270\/394 slp
|-damage|p1a: Gyarados|172\/394 slp|[from] Stealth Rock
|-ability|p1a: Gyarados|Intimidate|[of] p2a: Shisa
|-unboost|p2a: Shisa|atk|1
|move|p2a: Shisa|Fake Out|p1a: Gyarados
|-damage|p1a: Gyarados|152\/394 slp
|
|-heal|p1a: Gyarados|176\/394 slp|[from] item: Leftovers
|turn|28
|
|switch|p2a: Kappa|Electabuzz, M, shiny|272\/272
|-curestatus|p1a: Gyarados|slp
|move|p1a: Gyarados|Sleep Talk|p1a: Gyarados
|-fail|p1a: Gyarados
|
|-heal|p1a: Gyarados|200\/394|[from] item: Leftovers
|turn|29
|
|switch|p1a: Jirachi|Jirachi|281\/404
|-damage|p1a: Jirachi|256\/404|[from] Stealth Rock
|move|p2a: Kappa|Thunderbolt|p1a: Jirachi
|-damage|p1a: Jirachi|160\/404
|
|-heal|p1a: Jirachi|185\/404|[from] item: Leftovers
|turn|30
|
|switch|p2a: Flygon|Flygon, M, shiny|271\/301
|move|p1a: Jirachi|Wish|p1a: Jirachi
|
|-heal|p1a: Jirachi|210\/404|[from] item: Leftovers
|turn|31
|
|switch|p2a: Shisa|Infernape, M, shiny|1\/293
|switch|p1a: Gyarados|Gyarados, M|200\/394
|-damage|p1a: Gyarados|102\/394|[from] Stealth Rock
|-ability|p1a: Gyarados|Intimidate|[of] p2a: Shisa
|-unboost|p2a: Shisa|atk|1
|
|-heal|p1a: Gyarados|299\/394|[from] move: Wish|[wisher] Jirachi
|-heal|p1a: Gyarados|323\/394|[from] item: Leftovers
|turn|32
|
|move|p2a: Shisa|Overheat|p1a: Gyarados
|-resisted|p1a: Gyarados
|-damage|p1a: Gyarados|155\/394
|-unboost|p2a: Shisa|spa|2
|move|p1a: Gyarados|Waterfall|p2a: Shisa
|-supereffective|p2a: Shisa
|-damage|p2a: Shisa|0 fnt
|faint|p2a: Shisa
|
|-heal|p1a: Gyarados|179\/394|[from] item: Leftovers
|
|switch|p2a: Kappa|Electabuzz, M, shiny|272\/272
|turn|33
|
|switch|p1a: Jirachi|Jirachi|210\/404
|-damage|p1a: Jirachi|185\/404|[from] Stealth Rock
|move|p2a: Kappa|Thunderbolt|p1a: Jirachi
|-damage|p1a: Jirachi|92\/404
|
|-heal|p1a: Jirachi|117\/404|[from] item: Leftovers
|turn|34
|
|switch|p2a: Flygon|Flygon, M, shiny|271\/301
|move|p1a: Jirachi|Wish|p1a: Jirachi
|
|-heal|p1a: Jirachi|142\/404|[from] item: Leftovers
|turn|35
|
|switch|p1a: Forretress|Forretress, M|205\/354
|-damage|p1a: Forretress|161\/354|[from] Stealth Rock
|move|p2a: Flygon|Draco Meteor|p1a: Forretress
|-resisted|p1a: Forretress
|-damage|p1a: Forretress|3\/354
|-unboost|p2a: Flygon|spa|2
|
|-heal|p1a: Forretress|180\/354|[from] move: Wish|[wisher] Jirachi
|turn|36
|
|switch|p2a: Kappa|Electabuzz, M, shiny|272\/272
|move|p1a: Forretress|Rapid Spin|p2a: Kappa
|-damage|p2a: Kappa|246\/272
|-sideend|p1: Horsea Whisperer|Stealth Rock|[from] move: Rapid Spin|[of] p1a: Forretress
|
|turn|37
|
|move|p2a: Kappa|Thunderbolt|p1a: Forretress
|-damage|p1a: Forretress|0 fnt
|faint|p1a: Forretress
|
|
|switch|p1a: Jirachi|Jirachi|142\/404
|turn|38
|
|move|p2a: Kappa|Thunderbolt|p1a: Jirachi
|-damage|p1a: Jirachi|46\/404
|move|p1a: Jirachi|Wish|p1a: Jirachi
|
|-heal|p1a: Jirachi|71\/404|[from] item: Leftovers
|turn|39
|
|move|p2a: Kappa|Thunderbolt|p1a: Jirachi
|-crit|p1a: Jirachi
|-damage|p1a: Jirachi|0 fnt
|faint|p1a: Jirachi
|
|
|switch|p1a: Heatran|Heatran, M|163\/323
|turn|40
|
|switch|p2a: Flygon|Flygon, M, shiny|271\/301
|move|p1a: Heatran|Earth Power|p2a: Flygon
|-immune|p2a: Flygon|[msg]
|
|-heal|p1a: Heatran|183\/323|[from] item: Leftovers
|turn|41
|
|switch|p1a: Gyarados|Gyarados, M|179\/394
|-ability|p1a: Gyarados|Intimidate|[of] p2a: Flygon
|-unboost|p2a: Flygon|atk|1
|move|p2a: Flygon|Earthquake|p1a: Gyarados
|-immune|p1a: Gyarados|[msg]
|
|-heal|p1a: Gyarados|203\/394|[from] item: Leftovers
|turn|42
|
|switch|p2a: Kappa|Electabuzz, M, shiny|246\/272
|move|p1a: Gyarados|Waterfall|p2a: Kappa
|-damage|p2a: Kappa|75\/272
|
|-heal|p1a: Gyarados|227\/394|[from] item: Leftovers
|turn|43
|
|switch|p1a: Heatran|Heatran, M|183\/323
|move|p2a: Kappa|Thunderbolt|p1a: Heatran
|-damage|p1a: Heatran|65\/323
|
|-heal|p1a: Heatran|85\/323|[from] item: Leftovers
|turn|44
|
|move|p2a: Kappa|Thunderbolt|p1a: Heatran
|-damage|p1a: Heatran|0 fnt
|faint|p1a: Heatran
|
|
|switch|p1a: Gyarados|Gyarados, M|227\/394
|-ability|p1a: Gyarados|Intimidate|[of] p2a: Kappa
|-unboost|p2a: Kappa|atk|1
|turn|45
|c|âBlue53|GG
|c|âHorsea Whisperer|gg
|
|move|p2a: Kappa|Thunderbolt|p1a: Gyarados
|-supereffective|p1a: Gyarados
|-damage|p1a: Gyarados|0 fnt
|faint|p1a: Gyarados
|
|win|Blue53
|raw|Ladder updating...
|raw|Horsea Whisperer's rating: 1280 &rarr; <strong>1247<\/strong><br \/>(-33 for losing)
|raw|Blue53's rating: 1161 &rarr; <strong>1194<\/strong><br \/>(+33 for winning)
|leave|Horsea Whisperer
|player|p1