|join|fenyx4
|join|Horsea Whisperer
|player|p1|fenyx4|167
|player|p2|Horsea Whisperer|2
|gametype|singles
|gen|6
|tier|OU
|rated
|clearpoke
|poke|p1|Metagross
|poke|p1|Haxorus, M
|poke|p1|Volbeat, M
|poke|p1|Galvantula, M
|poke|p1|Greninja, M
|poke|p1|Scolipede, F
|poke|p2|Greninja, F
|poke|p2|Rotom-Wash
|poke|p2|Excadrill, M
|poke|p2|Garchomp, F
|poke|p2|Talonflame, M
|poke|p2|Venusaur, M
|rule|Swagger Clause: Swagger is banned
|rule|Baton Pass Clause: Limit one PokÃ©mon knowing Baton Pass
|rule|Sleep Clause Mod: Limit one foe put to sleep
|rule|Species Clause: Limit one of each PokÃ©mon
|rule|OHKO Clause: OHKO moves are banned
|rule|Moody Clause: Moody is banned
|rule|Evasion Moves Clause: Evasion moves are banned
|rule|Endless Battle Clause: Forcing endless battles is banned
|rule|HP Percentage Mod: HP is shown in percentages
|teampreview
|c|âHorsea Whisperer|hf
|c|âfenyx4|ty; u2
|
|start
|switch|p1a: Galvantula|Galvantula, M|313\/313
|switch|p2a: Rotom-Wash|Rotom-Wash|304\/304
|turn|1
|
|move|p1a: Galvantula|Toxic|p2a: Rotom-Wash
|-status|p2a: Rotom-Wash|tox
|move|p2a: Rotom-Wash|Will-O-Wisp|p1a: Galvantula
|-status|p1a: Galvantula|brn
|
|-damage|p1a: Galvantula|274\/313 brn|[from] brn
|-damage|p2a: Rotom-Wash|285\/304 tox|[from] psn
|turn|2
|
|move|p1a: Galvantula|Sticky Web|p2a: Rotom-Wash
|-sidestart|p2: Horsea Whisperer|move: Sticky Web
|move|p2a: Rotom-Wash|Volt Switch|p1a: Galvantula
|-resisted|p1a: Galvantula
|-damage|p1a: Galvantula|205\/313 brn
|
|switch|p2a: Excadrill|Excadrill, M|361\/361
|-ability|p2a: Excadrill|Mold Breaker
|-item|p2a: Excadrill|Air Balloon
|
|-damage|p1a: Galvantula|166\/313 brn|[from] brn
|turn|3
|
|move|p1a: Galvantula|Bug Buzz|p2a: Excadrill
|-resisted|p2a: Excadrill
|-damage|p2a: Excadrill|282\/361
|-enditem|p2a: Excadrill|Air Balloon
|move|p2a: Excadrill|Rapid Spin|p1a: Galvantula
|-damage|p1a: Galvantula|130\/313 brn
|-sideend|p2: Horsea Whisperer|Sticky Web|[from] move: Rapid Spin|[of] p2a: Excadrill
|
|-damage|p1a: Galvantula|91\/313 brn|[from] brn
|turn|4
|
|move|p1a: Galvantula|Sticky Web|p2a: Excadrill
|-sidestart|p2: Horsea Whisperer|move: Sticky Web
|move|p2a: Excadrill|Earthquake|p1a: Galvantula
|-damage|p1a: Galvantula|0 fnt
|faint|p1a: Galvantula
|
|
|switch|p1a: Haxorus|Haxorus, M|302\/302
|-ability|p1a: Haxorus|Mold Breaker
|turn|5
|
|move|p1a: Haxorus|Dragon Dance|p1a: Haxorus
|-boost|p1a: Haxorus|atk|1
|-boost|p1a: Haxorus|spe|1
|move|p2a: Excadrill|Rapid Spin|p1a: Haxorus
|-damage|p1a: Haxorus|277\/302
|-sideend|p2: Horsea Whisperer|Sticky Web|[from] move: Rapid Spin|[of] p2a: Excadrill
|
|turn|6
|
|move|p1a: Haxorus|Earthquake|p2a: Excadrill
|-supereffective|p2a: Excadrill
|-damage|p2a: Excadrill|0 fnt
|faint|p2a: Excadrill
|
|
|switch|p2a: Garchomp|Garchomp, F|393\/393
|turn|7
|
|move|p1a: Haxorus|Dragon Claw|p2a: Garchomp
|-supereffective|p2a: Garchomp
|-damage|p2a: Garchomp|0 fnt
|-damage|p1a: Haxorus|240\/302|[from] ability: Rough Skin|[of] p2a: Garchomp
|-damage|p1a: Haxorus|190\/302|[from] item: Rocky Helmet|[of] p2a: Garchomp
|faint|p2a: Garchomp
|
|
|switch|p2a: Talonflame|Talonflame, M|297\/297
|turn|8
|
|move|p2a: Talonflame|Brave Bird|p1a: Haxorus
|-damage|p1a: Haxorus|0 fnt
|-damage|p2a: Talonflame|234\/297|[from] recoil|[of] p1a: Haxorus
|faint|p1a: Haxorus
|
|
|switch|p1a: Greninja|Greninja, M|286\/286
|turn|9
|
|move|p2a: Talonflame|Brave Bird|p1a: Greninja
|-enditem|p1a: Greninja|Focus Sash
|-damage|p1a: Greninja|1\/286
|-damage|p2a: Talonflame|140\/297|[from] recoil|[of] p1a: Greninja
|move|p1a: Greninja|Scald|p2a: Talonflame
|-start|p1a: Greninja|typechange|Water|[from] Protean
|-supereffective|p2a: Talonflame
|-damage|p2a: Talonflame|0 fnt
|faint|p2a: Talonflame
|
|
|switch|p2a: Venusaur|Venusaur, M|364\/364
|turn|10
|
|detailschange|p2a: Venusaur|Venusaur-Mega, M
|message|Venusaur has Mega Evolved into Mega Venusaur!
|move|p1a: Greninja|Ice Beam|p2a: Venusaur
|-start|p1a: Greninja|typechange|Ice|[from] Protean
|-supereffective|p2a: Venusaur
|-damage|p2a: Venusaur|248\/364
|move|p2a: Venusaur|Giga Drain|p1a: Greninja
|-damage|p1a: Greninja|0 fnt
|-heal|p2a: Venusaur|249\/364|[from] drain|[of] p1a: Greninja
|faint|p1a: Greninja
|
|
|switch|p1a: Volbeat|Volbeat, M|334\/334
|turn|11
|
|move|p1a: Volbeat|Thunder Wave|p2a: Venusaur
|-status|p2a: Venusaur|par
|move|p2a: Venusaur|Sludge Bomb|p1a: Volbeat
|-damage|p1a: Volbeat|231\/334
|-status|p1a: Volbeat|psn
|
|-damage|p1a: Volbeat|190\/334 psn|[from] psn
|turn|12
|
|switch|p2a: Rotom-Wash|Rotom-Wash|285\/304 tox
|move|p1a: Volbeat|Confuse Ray|p2a: Rotom-Wash
|-start|p2a: Rotom-Wash|confusion
|
|-heal|p2a: Rotom-Wash|304\/304 tox|[from] item: Leftovers
|-damage|p2a: Rotom-Wash|285\/304 tox|[from] psn
|-damage|p1a: Volbeat|149\/334 psn|[from] psn
|turn|13
|
|-activate|p2a: Rotom-Wash|confusion
|-damage|p2a: Rotom-Wash|265\/304 tox|[from] confusion
|move|p1a: Volbeat|Seismic Toss|p2a: Rotom-Wash
|-damage|p2a: Rotom-Wash|165\/304 tox
|
|-heal|p2a: Rotom-Wash|184\/304 tox|[from] item: Leftovers
|-damage|p2a: Rotom-Wash|146\/304 tox|[from] psn
|-damage|p1a: Volbeat|108\/334 psn|[from] psn
|turn|14
|
|switch|p2a: Venusaur|Venusaur-Mega, M|249\/364 par
|move|p1a: Volbeat|Seismic Toss|p2a: Venusaur
|-damage|p2a: Venusaur|149\/364 par
|
|-damage|p1a: Volbeat|67\/334 psn|[from] psn
|turn|15
|
|move|p1a: Volbeat|Seismic Toss|p2a: Venusaur
|-damage|p2a: Venusaur|49\/364 par
|cant|p2a: Venusaur|par
|
|-damage|p1a: Volbeat|26\/334 psn|[from] psn
|turn|16
|
|move|p1a: Volbeat|Seismic Toss|p2a: Venusaur
|-damage|p2a: Venusaur|0 fnt
|faint|p2a: Venusaur
|
|-damage|p1a: Volbeat|0 fnt|[from] psn
|faint|p1a: Volbeat
|
|switch|p1a: Scolipede|Scolipede, F|324\/324
|switch|p2a: Rotom-Wash|Rotom-Wash|146\/304 tox
|turn|17
|
|move|p1a: Scolipede|Toxic Spikes|p2a: Rotom-Wash
|-sidestart|p2: Horsea Whisperer|move: Toxic Spikes
|move|p2a: Rotom-Wash|Volt Switch|p1a: Scolipede
|-damage|p1a: Scolipede|233\/324
|
|switch|p2a: Greninja|Greninja, F|285\/285
|-status|p2a: Greninja|psn
|
|-heal|p1a: Scolipede|253\/324|[from] item: Leftovers
|-damage|p2a: Greninja|250\/285 psn|[from] psn
|-boost|p1a: Scolipede|spe|1|[from] ability: Speed Boost
|turn|18
|
|move|p1a: Scolipede|Protect|p1a: Scolipede
|-singleturn|p1a: Scolipede|Protect
|move|p2a: Greninja|Hydro Pump|p1a: Scolipede
|-start|p2a: Greninja|typechange|Water|[from] Protean
|-activate|p1a: Scolipede|Protect
|
|-heal|p1a: Scolipede|273\/324|[from] item: Leftovers
|-damage|p2a: Greninja|215\/285 psn|[from] psn
|-boost|p1a: Scolipede|spe|1|[from] ability: Speed Boost
|turn|19
|
|move|p1a: Scolipede|Swords Dance|p1a: Scolipede
|-boost|p1a: Scolipede|atk|2
|move|p2a: Greninja|Extrasensory|p1a: Scolipede
|-start|p2a: Greninja|typechange|Psychic|[from] Protean
|-crit|p1a: Scolipede
|-supereffective|p1a: Scolipede
|-damage|p1a: Scolipede|0 fnt
|-damage|p2a: Greninja|187\/285 psn|[from] item: Life Orb
|faint|p1a: Scolipede
|
|-damage|p2a: Greninja|152\/285 psn|[from] psn
|
|switch|p1a: Metagross|Metagross|364\/364
|turn|20
|
|detailschange|p1a: Metagross|Metagross-Mega
|message|Metagross has Mega Evolved into Mega Metagross!
|move|p2a: Greninja|Hydro Pump|p1a: Metagross
|-start|p2a: Greninja|typechange|Water|[from] Protean
|-damage|p1a: Metagross|181\/364
|-damage|p2a: Greninja|124\/285 psn|[from] item: Life Orb
|move|p1a: Metagross|Thunder Punch|p2a: Greninja
|-supereffective|p2a: Greninja
|-damage|p2a: Greninja|0 fnt
|faint|p2a: Greninja
|
|
|switch|p2a: Rotom-Wash|Rotom-Wash|146\/304 tox
|turn|21
|
|move|p1a: Metagross|Thunder Punch|p2a: Rotom-Wash
|-crit|p2a: Rotom-Wash
|-damage|p2a: Rotom-Wash|0 fnt
|faint|p2a: Rotom-Wash
|
|win|fenyx4
|raw|Ladder updating...
|c|âfenyx4|gg
|c|âHorsea Whisperer|gg