|join|With No Survivors
|join|Horsea Whisperer
|player|p1|With No Survivors|248
|player|p2|Horsea Whisperer|2
|gametype|singles
|gen|6
|tier|OU
|rated
|clearpoke
|poke|p1|Excadrill, M
|poke|p1|Tyranitar, M
|poke|p1|Landorus-Therian, M
|poke|p1|Diancie
|poke|p1|Chesnaught, F
|poke|p1|Amoonguss, M
|poke|p2|Greninja, F
|poke|p2|Rotom-Wash
|poke|p2|Excadrill, F
|poke|p2|Garchomp, M
|poke|p2|Talonflame, F
|poke|p2|Venusaur, F
|rule|Swagger Clause: Swagger is banned
|rule|Baton Pass Clause: Limit one PokÃ©mon knowing Baton Pass
|rule|Sleep Clause Mod: Limit one foe put to sleep
|rule|Species Clause: Limit one of each PokÃ©mon
|rule|OHKO Clause: OHKO moves are banned
|rule|Moody Clause: Moody is banned
|rule|Evasion Moves Clause: Evasion moves are banned
|rule|Endless Battle Clause: Forcing endless battles is banned
|rule|HP Percentage Mod: HP is shown in percentages
|teampreview
|c|âHorsea Whisperer|hf
|
|start
|switch|p1a: Landorus-Therian|Landorus-Therian, M|320\/320
|switch|p2a: Talonflame|Talonflame, F|297\/297
|-ability|p1a: Landorus-Therian|Intimidate|[of] p2a: Talonflame
|-unboost|p2a: Talonflame|atk|1
|turn|1
|
|switch|p2a: Garchomp|Garchomp, M|393\/393
|move|p1a: Landorus-Therian|Rock Slide|p2a: Garchomp
|-miss|p1a: Landorus-Therian|p2a: Garchomp
|
|turn|2
|
|switch|p1a: Chesnaught|Chesnaught, F|318\/318
|move|p2a: Garchomp|Stealth Rock|p1a: Chesnaught
|-sidestart|p1: With No Survivors|move: Stealth Rock
|
|turn|3
|
|switch|p2a: Talonflame|Talonflame, F|297\/297
|move|p1a: Chesnaught|Leech Seed|p2a: Talonflame
|-start|p2a: Talonflame|move: Leech Seed
|
|-damage|p2a: Talonflame|260\/297|[from] Leech Seed|[of] p1a: Chesnaught
|turn|4
|
|switch|p1a: Diancie|Diancie|241\/241
|-damage|p1a: Diancie|211\/241|[from] Stealth Rock
|move|p2a: Talonflame|Brave Bird|p1a: Diancie
|-resisted|p1a: Diancie
|-damage|p1a: Diancie|139\/241
|-damage|p2a: Talonflame|236\/297|[from] recoil|[of] p1a: Diancie
|
|-damage|p2a: Talonflame|199\/297|[from] Leech Seed|[of] p1a: Diancie
|-heal|p1a: Diancie|176\/241|[silent]
|turn|5
|
|detailschange|p1a: Diancie|Diancie-Mega
|message|Diancie has Mega Evolved into Mega Diancie!
|move|p2a: Talonflame|U-turn|p1a: Diancie
|-resisted|p1a: Diancie
|-damage|p1a: Diancie|145\/241
|
|switch|p2a: Venusaur|Venusaur, F|364\/364
|move|p1a: Diancie|Moonblast|p2a: Venusaur
|-resisted|p2a: Venusaur
|-damage|p2a: Venusaur|271\/364
|
|turn|6
|
|switch|p1a: Tyranitar|Tyranitar, M|404\/404
|-damage|p1a: Tyranitar|354\/404|[from] Stealth Rock
|-weather|Sandstorm
|detailschange|p2a: Venusaur|Venusaur-Mega, F
|message|Venusaur has Mega Evolved into Mega Venusaur!
|move|p2a: Venusaur|Synthesis|p2a: Venusaur
|-heal|p2a: Venusaur|362\/364
|
|-weather|Sandstorm|[upkeep]
|-damage|p2a: Venusaur|340\/364|[from] sandstorm
|turn|7
|
|move|p2a: Venusaur|Giga Drain|p1a: Tyranitar
|-supereffective|p1a: Tyranitar
|-damage|p1a: Tyranitar|210\/404
|-heal|p2a: Venusaur|364\/364|[from] drain|[of] p1a: Tyranitar
|move|p1a: Tyranitar|Thunder Wave|p2a: Venusaur
|-status|p2a: Venusaur|par
|
|-weather|Sandstorm|[upkeep]
|-damage|p2a: Venusaur|342\/364 par|[from] sandstorm
|turn|8
|
|move|p1a: Tyranitar|Stealth Rock|p2a: Venusaur
|-sidestart|p2: Horsea Whisperer|move: Stealth Rock
|move|p2a: Venusaur|Giga Drain|p1a: Tyranitar
|-supereffective|p1a: Tyranitar
|-damage|p1a: Tyranitar|64\/404
|-heal|p2a: Venusaur|364\/364 par|[from] drain|[of] p1a: Tyranitar
|
|-weather|Sandstorm|[upkeep]
|-damage|p2a: Venusaur|342\/364 par|[from] sandstorm
|turn|9
|
|move|p1a: Tyranitar|Rock Slide|p2a: Venusaur
|-damage|p2a: Venusaur|243\/364 par
|cant|p2a: Venusaur|flinch
|
|-weather|Sandstorm|[upkeep]
|-damage|p2a: Venusaur|221\/364 par|[from] sandstorm
|turn|10
|
|move|p1a: Tyranitar|Rock Slide|p2a: Venusaur
|-damage|p2a: Venusaur|119\/364 par
|move|p2a: Venusaur|Synthesis|p2a: Venusaur
|-heal|p2a: Venusaur|210\/364 par
|
|-weather|none
|turn|11
|
|move|p1a: Tyranitar|Rock Slide|p2a: Venusaur
|-damage|p2a: Venusaur|108\/364 par
|cant|p2a: Venusaur|par
|
|turn|12
|
|move|p1a: Tyranitar|Rock Slide|p2a: Venusaur
|-damage|p2a: Venusaur|8\/364 par
|move|p2a: Venusaur|Synthesis|p2a: Venusaur
|-heal|p2a: Venusaur|190\/364 par
|
|turn|13
|
|move|p1a: Tyranitar|Rock Slide|p2a: Venusaur
|-miss|p1a: Tyranitar|p2a: Venusaur
|move|p2a: Venusaur|Synthesis|p2a: Venusaur
|-heal|p2a: Venusaur|364\/364 par
|
|turn|14
|
|switch|p1a: Excadrill|Excadrill, M|362\/362
|-damage|p1a: Excadrill|351\/362|[from] Stealth Rock
|move|p2a: Venusaur|Giga Drain|p1a: Excadrill
|-damage|p1a: Excadrill|260\/362
|
|turn|15
|
|switch|p2a: Garchomp|Garchomp, M|393\/393
|-damage|p2a: Garchomp|369\/393|[from] Stealth Rock
|move|p1a: Excadrill|Rapid Spin|p2a: Garchomp
|-damage|p2a: Garchomp|339\/393
|-damage|p1a: Excadrill|215\/362|[from] ability: Rough Skin|[of] p2a: Garchomp
|-damage|p1a: Excadrill|155\/362|[from] item: Rocky Helmet|[of] p2a: Garchomp
|-sideend|p1: With No Survivors|Stealth Rock|[from] move: Rapid Spin|[of] p1a: Excadrill
|
|turn|16
|
|move|p2a: Garchomp|Stealth Rock|p1a: Excadrill
|-sidestart|p1: With No Survivors|move: Stealth Rock
|move|p1a: Excadrill|Earthquake|p2a: Garchomp
|-damage|p2a: Garchomp|122\/393
|
|turn|17
|
|switch|p1a: Landorus-Therian|Landorus-Therian, M|320\/320
|-damage|p1a: Landorus-Therian|280\/320|[from] Stealth Rock
|-ability|p1a: Landorus-Therian|Intimidate|[of] p2a: Garchomp
|-unboost|p2a: Garchomp|atk|1
|move|p2a: Garchomp|Earthquake|p1a: Landorus-Therian
|-immune|p1a: Landorus-Therian|[msg]
|
|turn|18
|
|move|p1a: Landorus-Therian|U-turn|p2a: Garchomp
|-crit|p2a: Garchomp
|-damage|p2a: Garchomp|0 fnt
|-damage|p1a: Landorus-Therian|240\/320|[from] ability: Rough Skin|[of] p2a: Garchomp
|-damage|p1a: Landorus-Therian|187\/320|[from] item: Rocky Helmet|[of] p2a: Garchomp
|faint|p2a: Garchomp
|
|switch|p1a: Tyranitar|Tyranitar, M|64\/404
|-damage|p1a: Tyranitar|14\/404|[from] Stealth Rock
|-weather|Sandstorm
|
|-weather|Sandstorm|[upkeep]
|
|switch|p2a: Excadrill|Excadrill, F|361\/361
|-damage|p2a: Excadrill|350\/361|[from] Stealth Rock
|-ability|p2a: Excadrill|Mold Breaker
|-item|p2a: Excadrill|Air Balloon
|turn|19
|
|move|p2a: Excadrill|Rapid Spin|p1a: Tyranitar
|-crit|p1a: Tyranitar
|-resisted|p1a: Tyranitar
|-damage|p1a: Tyranitar|0 fnt
|-sideend|p2: Horsea Whisperer|Stealth Rock|[from] move: Rapid Spin|[of] p2a: Excadrill
|faint|p1a: Tyranitar
|
|-weather|Sandstorm|[upkeep]
|
|switch|p1a: Excadrill|Excadrill, M|155\/362
|-damage|p1a: Excadrill|144\/362|[from] Stealth Rock
|turn|20
|
|move|p1a: Excadrill|Rapid Spin|p2a: Excadrill
|-resisted|p2a: Excadrill
|-damage|p2a: Excadrill|328\/361
|-enditem|p2a: Excadrill|Air Balloon
|-sideend|p1: With No Survivors|Stealth Rock|[from] move: Rapid Spin|[of] p1a: Excadrill
|move|p2a: Excadrill|Earthquake|p1a: Excadrill
|-supereffective|p1a: Excadrill
|-damage|p1a: Excadrill|0 fnt
|faint|p1a: Excadrill
|
|-weather|Sandstorm|[upkeep]
|
|switch|p1a: Diancie|Diancie-Mega|145\/241
|turn|21
|
|switch|p2a: Venusaur|Venusaur-Mega, F|364\/364 par
|move|p1a: Diancie|Earth Power|p2a: Venusaur
|-damage|p2a: Venusaur|264\/364 par
|
|-weather|Sandstorm|[upkeep]
|-damage|p2a: Venusaur|242\/364 par|[from] sandstorm
|turn|22
|
|move|p1a: Diancie|Diamond Storm|p2a: Venusaur
|-damage|p2a: Venusaur|133\/364 par
|cant|p2a: Venusaur|par
|
|-weather|none
|turn|23
|
|switch|p1a: Landorus-Therian|Landorus-Therian, M|187\/320
|-ability|p1a: Landorus-Therian|Intimidate|[of] p2a: Venusaur
|-unboost|p2a: Venusaur|atk|1
|move|p2a: Venusaur|Giga Drain|p1a: Landorus-Therian
|-damage|p1a: Landorus-Therian|54\/320
|-heal|p2a: Venusaur|200\/364 par|[from] drain|[of] p1a: Landorus-Therian
|
|turn|24
|
|move|p1a: Landorus-Therian|Earthquake|p2a: Venusaur
|-damage|p2a: Venusaur|68\/364 par
|move|p2a: Venusaur|Synthesis|p2a: Venusaur
|-heal|p2a: Venusaur|250\/364 par
|
|turn|25
|
|switch|p2a: Rotom-Wash|Rotom-Wash|304\/304
|move|p1a: Landorus-Therian|Earthquake|p2a: Rotom-Wash
|-immune|p2a: Rotom-Wash|[msg]
|
|turn|26
|
|switch|p1a: Amoonguss|Amoonguss, M|432\/432
|move|p2a: Rotom-Wash|Will-O-Wisp|p1a: Amoonguss
|-status|p1a: Amoonguss|brn
|
|-damage|p1a: Amoonguss|378\/432 brn|[from] brn
|turn|27
|
|move|p2a: Rotom-Wash|Volt Switch|p1a: Amoonguss
|-resisted|p1a: Amoonguss
|-damage|p1a: Amoonguss|331\/432 brn
|
|switch|p2a: Venusaur|Venusaur-Mega, F|250\/364 par
|move|p1a: Amoonguss|Spore|p2a: Venusaur
|-fail|p2a: Venusaur
|
|-damage|p1a: Amoonguss|277\/432 brn|[from] brn
|turn|28
|
|move|p1a: Amoonguss|Sludge Bomb|p2a: Venusaur
|-damage|p2a: Venusaur|171\/364 par
|move|p2a: Venusaur|Synthesis|p2a: Venusaur
|-heal|p2a: Venusaur|353\/364 par
|
|-damage|p1a: Amoonguss|223\/432 brn|[from] brn
|turn|29
|
|switch|p1a: Chesnaught|Chesnaught, F|318\/318
|move|p2a: Venusaur|Sludge Bomb|p1a: Chesnaught
|-immune|p1a: Chesnaught|[msg]|[from] Bulletproof
|
|turn|30
|
|switch|p2a: Excadrill|Excadrill, F|328\/361
|-ability|p2a: Excadrill|Mold Breaker
|move|p1a: Chesnaught|Substitute|p1a: Chesnaught
|-start|p1a: Chesnaught|Substitute
|-damage|p1a: Chesnaught|239\/318
|
|-heal|p1a: Chesnaught|258\/318|[from] item: Leftovers
|turn|31
|
|move|p2a: Excadrill|Swords Dance|p2a: Excadrill
|-boost|p2a: Excadrill|atk|2
|move|p1a: Chesnaught|Drain Punch|p2a: Excadrill
|-supereffective|p2a: Excadrill
|-damage|p2a: Excadrill|0 fnt
|-heal|p1a: Chesnaught|318\/318|[from] drain|[of] p2a: Excadrill
|faint|p2a: Excadrill
|
|
|switch|p2a: Greninja|Greninja, F|285\/285
|turn|32
|
|move|p2a: Greninja|Extrasensory|p1a: Chesnaught
|-start|p2a: Greninja|typechange|Psychic|[from] Protean
|-supereffective|p1a: Chesnaught
|-end|p1a: Chesnaught|Substitute
|-damage|p2a: Greninja|257\/285|[from] item: Life Orb
|move|p1a: Chesnaught|Drain Punch|p2a: Greninja
|-resisted|p2a: Greninja
|-damage|p2a: Greninja|174\/285
|
|turn|33
|
|switch|p1a: Landorus-Therian|Landorus-Therian, M|54\/320
|-ability|p1a: Landorus-Therian|Intimidate|[of] p2a: Greninja
|-unboost|p2a: Greninja|atk|1
|move|p2a: Greninja|Extrasensory|p1a: Landorus-Therian
|-damage|p1a: Landorus-Therian|0 fnt
|-damage|p2a: Greninja|146\/285|[from] item: Life Orb
|faint|p1a: Landorus-Therian
|
|
|switch|p1a: Amoonguss|Amoonguss, M|367\/432 brn
|turn|34
|
|move|p2a: Greninja|Extrasensory|p1a: Amoonguss
|-supereffective|p1a: Amoonguss
|-damage|p1a: Amoonguss|8\/432 brn
|-damage|p2a: Greninja|118\/285|[from] item: Life Orb
|move|p1a: Amoonguss|Sludge Bomb|p2a: Greninja
|-damage|p2a: Greninja|0 fnt
|faint|p2a: Greninja
|
|-damage|p1a: Amoonguss|0 fnt|[from] brn
|faint|p1a: Amoonguss
|
|switch|p2a: Talonflame|Talonflame, F|199\/297
|switch|p1a: Diancie|Diancie-Mega|145\/241
|turn|35
|
|move|p2a: Talonflame|U-turn|p1a: Diancie
|-resisted|p1a: Diancie
|-damage|p1a: Diancie|114\/241
|
|switch|p2a: Venusaur|Venusaur-Mega, F|353\/364 par
|move|p1a: Diancie|Diamond Storm|p2a: Venusaur
|-damage|p2a: Venusaur|241\/364 par
|-boost|p1a: Diancie|def|1
|
|turn|36
|
|switch|p1a: Chesnaught|Chesnaught, F|318\/318
|switch|p2a: Rotom-Wash|Rotom-Wash|304\/304
|
|turn|37
|
|move|p1a: Chesnaught|Substitute|p1a: Chesnaught
|-start|p1a: Chesnaught|Substitute
|-damage|p1a: Chesnaught|239\/318
|move|p2a: Rotom-Wash|Will-O-Wisp|p1a: Chesnaught
|
|-heal|p1a: Chesnaught|258\/318|[from] item: Leftovers
|turn|38
|
|move|p1a: Chesnaught|Leech Seed|p2a: Rotom-Wash
|-start|p2a: Rotom-Wash|move: Leech Seed
|move|p2a: Rotom-Wash|Volt Switch|p1a: Chesnaught
|-resisted|p1a: Chesnaught
|-activate|p1a: Chesnaught|Substitute|[damage]
|
|switch|p2a: Venusaur|Venusaur-Mega, F|241\/364 par
|
|-heal|p1a: Chesnaught|277\/318|[from] item: Leftovers
|turn|39
|
|switch|p2a: Rotom-Wash|Rotom-Wash|304\/304
|move|p1a: Chesnaught|Drain Punch|p2a: Rotom-Wash
|-damage|p2a: Rotom-Wash|175\/304
|-heal|p1a: Chesnaught|318\/318|[from] drain|[of] p2a: Rotom-Wash
|
|-heal|p2a: Rotom-Wash|194\/304|[from] item: Leftovers
|turn|40
|
|switch|p2a: Talonflame|Talonflame, F|199\/297
|move|p1a: Chesnaught|Wood Hammer|p2a: Talonflame
|-resisted|p2a: Talonflame
|-damage|p2a: Talonflame|136\/297
|-damage|p1a: Chesnaught|297\/318|[from] recoil|[of] p2a: Talonflame
|
|-heal|p1a: Chesnaught|316\/318|[from] item: Leftovers
|turn|41
|
|move|p2a: Talonflame|Roost|p2a: Talonflame
|-heal|p2a: Talonflame|285\/297
|move|p1a: Chesnaught|Drain Punch|p2a: Talonflame
|-damage|p2a: Talonflame|105\/297
|-heal|p1a: Chesnaught|318\/318|[from] drain|[of] p2a: Talonflame
|
|turn|42
|
|move|p2a: Talonflame|U-turn|p1a: Chesnaught
|-end|p1a: Chesnaught|Substitute
|
|switch|p2a: Rotom-Wash|Rotom-Wash|194\/304
|move|p1a: Chesnaught|Leech Seed|p2a: Rotom-Wash
|-start|p2a: Rotom-Wash|move: Leech Seed
|
|-heal|p2a: Rotom-Wash|213\/304|[from] item: Leftovers
|-damage|p2a: Rotom-Wash|175\/304|[from] Leech Seed|[of] p1a: Chesnaught
|turn|43
|
|move|p1a: Chesnaught|Substitute|p1a: Chesnaught
|-start|p1a: Chesnaught|Substitute
|-damage|p1a: Chesnaught|239\/318
|move|p2a: Rotom-Wash|Hydro Pump|p1a: Chesnaught|[miss]
|-miss|p2a: Rotom-Wash|p1a: Chesnaught
|
|-heal|p1a: Chesnaught|258\/318|[from] item: Leftovers
|-heal|p2a: Rotom-Wash|194\/304|[from] item: Leftovers
|-damage|p2a: Rotom-Wash|156\/304|[from] Leech Seed|[of] p1a: Chesnaught
|-heal|p1a: Chesnaught|296\/318|[silent]
|turn|44
|
|move|p1a: Chesnaught|Wood Hammer|p2a: Rotom-Wash
|-supereffective|p2a: Rotom-Wash
|-damage|p2a: Rotom-Wash|0 fnt
|-damage|p1a: Chesnaught|245\/318|[from] recoil|[of] p2a: Rotom-Wash
|faint|p2a: Rotom-Wash
|
|-heal|p1a: Chesnaught|264\/318|[from] item: Leftovers
|c|âHorsea Whisperer|gg
|-message|Horsea Whisperer forfeited.
|
|win|With No Survivors
|raw|Ladder updating...
|leave|Horsea Whisperer
|player|p2
|raw|With No Survivors's rating: 1518 &rarr; <strong>1538<\/strong><br \/>(+20 for winning)
|raw|Horsea Whisperer's rating: 1512 &rarr; <strong>1492<\/strong><br \/>(-20 for losing)