|join|Horsea Whisperer
|join|berger63
|player|p1|Horsea Whisperer|2
|player|p2|berger63|266
|gametype|singles
|gen|6
|tier|OU
|rated
|clearpoke
|poke|p1|Latios, M
|poke|p1|Landorus-Therian, M
|poke|p1|Bisharp, F
|poke|p1|Azumarill, M
|poke|p1|Heatran, F
|poke|p1|Rotom-Wash
|poke|p2|Kyurem-Black
|poke|p2|Bisharp, F
|poke|p2|Talonflame, F
|poke|p2|Mamoswine, F
|poke|p2|Diancie
|poke|p2|Gengar, F
|rule|Swagger Clause: Swagger is banned
|rule|Baton Pass Clause: Limit one PokÃ©mon knowing Baton Pass
|rule|Sleep Clause Mod: Limit one foe put to sleep
|rule|Species Clause: Limit one of each PokÃ©mon
|rule|OHKO Clause: OHKO moves are banned
|rule|Moody Clause: Moody is banned
|rule|Evasion Moves Clause: Evasion moves are banned
|rule|Endless Battle Clause: Forcing endless battles is banned
|rule|HP Percentage Mod: HP is shown in percentages
|teampreview
|c|âHorsea Whisperer|hf
|
|start
|switch|p1a: Rotom-Wash|Rotom-Wash|303\/303
|switch|p2a: Diancie|Diancie|242\/242
|turn|1
|
|detailschange|p2a: Diancie|Diancie-Mega
|message|Diancie has Mega Evolved into Mega Diancie!
|move|p2a: Diancie|Protect|p2a: Diancie
|-singleturn|p2a: Diancie|Protect
|move|p1a: Rotom-Wash|Hydro Pump|p2a: Diancie
|-activate|p2a: Diancie|Protect
|
|turn|2
|
|switch|p2a: Kyurem-Black|Kyurem-Black|391\/391
|-ability|p2a: Kyurem-Black|Teravolt
|move|p1a: Rotom-Wash|Volt Switch|p2a: Kyurem-Black
|-crit|p2a: Kyurem-Black
|-resisted|p2a: Kyurem-Black
|-damage|p2a: Kyurem-Black|316\/391
|
|switch|p1a: Latios|Latios, M|301\/301
|
|turn|3
|
|switch|p2a: Diancie|Diancie-Mega|242\/242
|detailschange|p1a: Latios|Latios-Mega, M
|message|Latios has Mega Evolved into Mega Latios!
|move|p1a: Latios|Draco Meteor|p2a: Diancie
|-immune|p2a: Diancie|[msg]
|
|turn|4
|
|switch|p1a: Heatran|Heatran, F|386\/386
|move|p2a: Diancie|Moonblast|p1a: Heatran
|-resisted|p1a: Heatran
|-damage|p1a: Heatran|354\/386
|
|-heal|p1a: Heatran|378\/386|[from] item: Leftovers
|turn|5
|
|switch|p1a: Rotom-Wash|Rotom-Wash|303\/303
|move|p2a: Diancie|Earth Power|p1a: Rotom-Wash
|-immune|p1a: Rotom-Wash|[msg]
|
|turn|6
|
|move|p2a: Diancie|Moonblast|p1a: Rotom-Wash
|-damage|p1a: Rotom-Wash|132\/303
|-unboost|p1a: Rotom-Wash|spa|1
|move|p1a: Rotom-Wash|Hydro Pump|p2a: Diancie
|-supereffective|p2a: Diancie
|-damage|p2a: Diancie|78\/242
|
|-heal|p1a: Rotom-Wash|150\/303|[from] item: Leftovers
|turn|7
|
|switch|p1a: Heatran|Heatran, F|378\/386
|move|p2a: Diancie|Moonblast|p1a: Heatran
|-resisted|p1a: Heatran
|-damage|p1a: Heatran|341\/386
|-unboost|p1a: Heatran|spa|1
|
|-heal|p1a: Heatran|365\/386|[from] item: Leftovers
|turn|8
|
|switch|p1a: Azumarill|Azumarill, M|363\/363
|move|p2a: Diancie|Earth Power|p1a: Azumarill
|-damage|p1a: Azumarill|217\/363
|
|turn|9
|
|switch|p2a: Kyurem-Black|Kyurem-Black|316\/391
|-ability|p2a: Kyurem-Black|Teravolt
|move|p1a: Azumarill|Aqua Jet|p2a: Kyurem-Black
|-resisted|p2a: Kyurem-Black
|-damage|p2a: Kyurem-Black|254\/391
|
|turn|10
|
|switch|p1a: Heatran|Heatran, F|365\/386
|move|p2a: Kyurem-Black|Fusion Bolt|p1a: Heatran
|-crit|p1a: Heatran
|-damage|p1a: Heatran|138\/386
|-damage|p2a: Kyurem-Black|215\/391|[from] item: Life Orb
|
|-heal|p1a: Heatran|162\/386|[from] item: Leftovers
|turn|11
|
|move|p2a: Kyurem-Black|Earth Power|p1a: Heatran
|-supereffective|p1a: Heatran
|-damage|p1a: Heatran|0 fnt
|-damage|p2a: Kyurem-Black|176\/391|[from] item: Life Orb
|faint|p1a: Heatran
|
|
|switch|p1a: Latios|Latios-Mega, M|301\/301
|turn|12
|
|switch|p2a: Mamoswine|Mamoswine, F|424\/424
|move|p1a: Latios|Earthquake|p2a: Mamoswine
|-damage|p2a: Mamoswine|300\/424
|
|turn|13
|
|switch|p1a: Rotom-Wash|Rotom-Wash|150\/303
|move|p2a: Mamoswine|Stealth Rock|p1a: Rotom-Wash
|-sidestart|p1: Horsea Whisperer|move: Stealth Rock
|
|-heal|p1a: Rotom-Wash|168\/303|[from] item: Leftovers
|turn|14
|
|move|p1a: Rotom-Wash|Volt Switch|p2a: Mamoswine
|-immune|p2a: Mamoswine|[msg]
|move|p2a: Mamoswine|Icicle Spear|p1a: Rotom-Wash
|-resisted|p1a: Rotom-Wash
|-damage|p1a: Rotom-Wash|152\/303
|-resisted|p1a: Rotom-Wash
|-damage|p1a: Rotom-Wash|135\/303
|-resisted|p1a: Rotom-Wash
|-damage|p1a: Rotom-Wash|118\/303
|-resisted|p1a: Rotom-Wash
|-damage|p1a: Rotom-Wash|101\/303
|-hitcount|p1a: Rotom-Wash|4
|
|-heal|p1a: Rotom-Wash|119\/303|[from] item: Leftovers
|turn|15
|
|move|p1a: Rotom-Wash|Will-O-Wisp|p2a: Mamoswine
|-status|p2a: Mamoswine|brn
|move|p2a: Mamoswine|Icicle Spear|p1a: Rotom-Wash
|-crit|p1a: Rotom-Wash
|-resisted|p1a: Rotom-Wash
|-damage|p1a: Rotom-Wash|107\/303
|-resisted|p1a: Rotom-Wash
|-damage|p1a: Rotom-Wash|98\/303
|-resisted|p1a: Rotom-Wash
|-damage|p1a: Rotom-Wash|90\/303
|-resisted|p1a: Rotom-Wash
|-damage|p1a: Rotom-Wash|82\/303
|-resisted|p1a: Rotom-Wash
|-damage|p1a: Rotom-Wash|74\/303
|-hitcount|p1a: Rotom-Wash|5
|
|-heal|p1a: Rotom-Wash|92\/303|[from] item: Leftovers
|-damage|p2a: Mamoswine|247\/424 brn|[from] brn
|turn|16
|
|move|p1a: Rotom-Wash|Pain Split|p2a: Mamoswine
|-sethp|p2a: Mamoswine|169\/424 brn|p1a: Rotom-Wash|169\/303|[from] move: Pain Split
|move|p2a: Mamoswine|Icicle Spear|p1a: Rotom-Wash
|-resisted|p1a: Rotom-Wash
|-damage|p1a: Rotom-Wash|161\/303
|-resisted|p1a: Rotom-Wash
|-damage|p1a: Rotom-Wash|152\/303
|-resisted|p1a: Rotom-Wash
|-damage|p1a: Rotom-Wash|143\/303
|-hitcount|p1a: Rotom-Wash|3
|
|-heal|p1a: Rotom-Wash|161\/303|[from] item: Leftovers
|-damage|p2a: Mamoswine|116\/424 brn|[from] brn
|turn|17
|
|move|p1a: Rotom-Wash|Hydro Pump|p2a: Mamoswine
|-supereffective|p2a: Mamoswine
|-damage|p2a: Mamoswine|0 fnt
|faint|p2a: Mamoswine
|
|-heal|p1a: Rotom-Wash|179\/303|[from] item: Leftovers
|
|switch|p2a: Kyurem-Black|Kyurem-Black|176\/391
|-ability|p2a: Kyurem-Black|Teravolt
|turn|18
|
|switch|p1a: Landorus-Therian|Landorus-Therian, M|319\/319
|-damage|p1a: Landorus-Therian|280\/319|[from] Stealth Rock
|-ability|p1a: Landorus-Therian|Intimidate|[of] p2a: Kyurem-Black
|-unboost|p2a: Kyurem-Black|atk|1
|move|p2a: Kyurem-Black|Earth Power|p1a: Landorus-Therian
|-immune|p1a: Landorus-Therian|[msg]
|
|turn|19
|
|switch|p2a: Diancie|Diancie-Mega|78\/242
|move|p1a: Landorus-Therian|Stone Edge|p2a: Diancie|[miss]
|-miss|p1a: Landorus-Therian|p2a: Diancie
|
|turn|20
|
|switch|p1a: Azumarill|Azumarill, M|217\/363
|-damage|p1a: Azumarill|172\/363|[from] Stealth Rock
|switch|p2a: Bisharp|Bisharp, F|272\/272
|
|turn|21
|
|move|p2a: Bisharp|Knock Off|p1a: Azumarill
|-resisted|p1a: Azumarill
|-damage|p1a: Azumarill|41\/363
|-enditem|p1a: Azumarill|Choice Band|[from] move: Knock Off|[of] p2a: Bisharp
|move|p1a: Azumarill|Play Rough|p2a: Bisharp
|-damage|p2a: Bisharp|83\/272
|
|turn|22
|
|move|p2a: Bisharp|Sucker Punch|p1a: Azumarill
|-resisted|p1a: Azumarill
|-damage|p1a: Azumarill|0 fnt
|faint|p1a: Azumarill
|
|
|switch|p1a: Bisharp|Bisharp, F|272\/272
|-damage|p1a: Bisharp|255\/272|[from] Stealth Rock
|turn|23
|
|move|p2a: Bisharp|Knock Off|p1a: Bisharp
|-resisted|p1a: Bisharp
|-damage|p1a: Bisharp|144\/272
|-enditem|p1a: Bisharp|Life Orb|[from] move: Knock Off|[of] p2a: Bisharp
|move|p1a: Bisharp|Knock Off|p2a: Bisharp
|-resisted|p2a: Bisharp
|-damage|p2a: Bisharp|0 fnt
|-enditem|p2a: Bisharp|Dread Plate|[from] move: Knock Off|[of] p1a: Bisharp
|faint|p2a: Bisharp
|
|
|switch|p2a: Kyurem-Black|Kyurem-Black|176\/391
|-ability|p2a: Kyurem-Black|Teravolt
|turn|24
|
|switch|p1a: Landorus-Therian|Landorus-Therian, M|280\/319
|-damage|p1a: Landorus-Therian|241\/319|[from] Stealth Rock
|-ability|p1a: Landorus-Therian|Intimidate|[of] p2a: Kyurem-Black
|-unboost|p2a: Kyurem-Black|atk|1
|move|p2a: Kyurem-Black|Ice Beam|p1a: Landorus-Therian
|-supereffective|p1a: Landorus-Therian
|-damage|p1a: Landorus-Therian|0 fnt
|-damage|p2a: Kyurem-Black|137\/391|[from] item: Life Orb
|faint|p1a: Landorus-Therian
|
|
|switch|p1a: Latios|Latios-Mega, M|301\/301
|-damage|p1a: Latios|264\/301|[from] Stealth Rock
|turn|25
|
|move|p1a: Latios|Psyshock|p2a: Kyurem-Black
|-damage|p2a: Kyurem-Black|0 fnt
|faint|p2a: Kyurem-Black
|
|
|switch|p2a: Diancie|Diancie-Mega|78\/242
|turn|26
|
|move|p1a: Latios|Earthquake|p2a: Diancie
|-supereffective|p2a: Diancie
|-damage|p2a: Diancie|0 fnt
|faint|p2a: Diancie
|
|
|switch|p2a: Talonflame|Talonflame, F|298\/298
|turn|27
|
|switch|p1a: Rotom-Wash|Rotom-Wash|179\/303
|-damage|p1a: Rotom-Wash|142\/303|[from] Stealth Rock
|move|p2a: Talonflame|Brave Bird|p1a: Rotom-Wash
|-resisted|p1a: Rotom-Wash
|-damage|p1a: Rotom-Wash|49\/303
|-damage|p2a: Talonflame|267\/298|[from] recoil|[of] p1a: Rotom-Wash
|
|-heal|p1a: Rotom-Wash|67\/303|[from] item: Leftovers
|turn|28
|
|move|p2a: Talonflame|Brave Bird|p1a: Rotom-Wash
|-resisted|p1a: Rotom-Wash
|-damage|p1a: Rotom-Wash|0 fnt
|-damage|p2a: Talonflame|245\/298|[from] recoil|[of] p1a: Rotom-Wash
|faint|p1a: Rotom-Wash
|
|
|switch|p1a: Bisharp|Bisharp, F|144\/272
|-damage|p1a: Bisharp|127\/272|[from] Stealth Rock
|turn|29
|
|move|p2a: Talonflame|Brave Bird|p1a: Bisharp
|-resisted|p1a: Bisharp
|-damage|p1a: Bisharp|0 fnt
|-damage|p2a: Talonflame|203\/298|[from] recoil|[of] p1a: Bisharp
|faint|p1a: Bisharp
|
|
|switch|p1a: Latios|Latios-Mega, M|264\/301
|-damage|p1a: Latios|227\/301|[from] Stealth Rock
|turn|30
|
|move|p2a: Talonflame|Brave Bird|p1a: Latios
|-damage|p1a: Latios|0 fnt
|-damage|p2a: Talonflame|128\/298|[from] recoil|[of] p1a: Latios
|faint|p1a: Latios
|
|win|berger63
|raw|Ladder updating...
|c|âHorsea Whisperer|gg
|leave|Horsea Whisperer
|player|p1
|raw|Horsea Whisperer's rating: 1587 &rarr; <strong>1562<\/strong><br \/>(-25 for losing)
|raw|berger63's rating: 1492 &rarr; <strong>1517<\/strong><br \/>(+25 for winning)