|join|Xexexe
|join|Horsea Whisperer
|player|p1|Xexexe|266
|player|p2|Horsea Whisperer|2
|gametype|singles
|gen|6
|tier|OU
|rated
|clearpoke
|poke|p1|Slowbro, M
|poke|p1|Tyranitar, F
|poke|p1|Amoonguss, M
|poke|p1|Gliscor, M
|poke|p1|Heatran, F
|poke|p1|Keldeo
|poke|p2|Greninja, M
|poke|p2|Rotom-Wash
|poke|p2|Excadrill, M
|poke|p2|Garchomp, M
|poke|p2|Talonflame, F
|poke|p2|Venusaur, F
|rule|Swagger Clause: Swagger is banned
|rule|Baton Pass Clause: Limit one PokÃ©mon knowing Baton Pass
|rule|Sleep Clause Mod: Limit one foe put to sleep
|rule|Species Clause: Limit one of each PokÃ©mon
|rule|OHKO Clause: OHKO moves are banned
|rule|Moody Clause: Moody is banned
|rule|Evasion Moves Clause: Evasion moves are banned
|rule|Endless Battle Clause: Forcing endless battles is banned
|rule|HP Percentage Mod: HP is shown in percentages
|teampreview
|c|âHorsea Whisperer|hf
|
|start
|switch|p1a: Amoonguss|Amoonguss, M|407\/407
|switch|p2a: Garchomp|Garchomp, M|393\/393
|turn|1
|
|switch|p2a: Venusaur|Venusaur, F|364\/364
|switch|p1a: Slowbro|Slowbro, M|394\/394
|
|turn|2
|
|switch|p1a: Amoonguss|Amoonguss, M|407\/407
|detailschange|p2a: Venusaur|Venusaur-Mega, F
|message|Venusaur has Mega Evolved into Mega Venusaur!
|move|p2a: Venusaur|Sleep Powder|p1a: Amoonguss
|-fail|p1a: Amoonguss
|
|turn|3
|
|move|p2a: Venusaur|Sludge Bomb|p1a: Amoonguss
|-damage|p1a: Amoonguss|340\/407
|move|p1a: Amoonguss|Sludge Bomb|p2a: Venusaur
|-damage|p2a: Venusaur|276\/364
|
|turn|4
|
|move|p2a: Venusaur|Sleep Powder|p1a: Amoonguss
|-fail|p1a: Amoonguss
|move|p1a: Amoonguss|Giga Drain|p2a: Venusaur
|-resisted|p2a: Venusaur
|-damage|p2a: Venusaur|260\/364
|-heal|p1a: Amoonguss|348\/407|[from] drain|[of] p2a: Venusaur
|
|turn|5
|
|move|p2a: Venusaur|Sludge Bomb|p1a: Amoonguss
|-damage|p1a: Amoonguss|273\/407
|move|p1a: Amoonguss|Sludge Bomb|p2a: Venusaur
|-crit|p2a: Venusaur
|-damage|p2a: Venusaur|137\/364
|
|turn|6
|
|switch|p1a: Tyranitar|Tyranitar, F|341\/341
|-weather|Sandstorm
|move|p2a: Venusaur|Synthesis|p2a: Venusaur
|-heal|p2a: Venusaur|228\/364
|
|-weather|Sandstorm|[upkeep]
|-damage|p2a: Venusaur|206\/364|[from] sandstorm
|turn|7
|
|move|p1a: Tyranitar|Crunch|p2a: Venusaur
|-damage|p2a: Venusaur|110\/364
|move|p2a: Venusaur|Giga Drain|p1a: Tyranitar
|-supereffective|p1a: Tyranitar
|-damage|p1a: Tyranitar|195\/341
|-heal|p2a: Venusaur|183\/364|[from] drain|[of] p1a: Tyranitar
|
|-weather|Sandstorm|[upkeep]
|-damage|p2a: Venusaur|161\/364|[from] sandstorm
|turn|8
|
|switch|p1a: Amoonguss|Amoonguss, M|407\/407
|move|p2a: Venusaur|Giga Drain|p1a: Amoonguss
|-resisted|p1a: Amoonguss
|-damage|p1a: Amoonguss|391\/407
|-heal|p2a: Venusaur|169\/364|[from] drain|[of] p1a: Amoonguss
|
|-weather|Sandstorm|[upkeep]
|-damage|p2a: Venusaur|147\/364|[from] sandstorm
|-damage|p1a: Amoonguss|366\/407|[from] sandstorm
|turn|9
|
|switch|p2a: Garchomp|Garchomp, M|393\/393
|move|p1a: Amoonguss|Sludge Bomb|p2a: Garchomp
|-resisted|p2a: Garchomp
|-damage|p2a: Garchomp|341\/393
|
|-weather|Sandstorm|[upkeep]
|-damage|p1a: Amoonguss|341\/407|[from] sandstorm
|turn|10
|
|switch|p1a: Slowbro|Slowbro, M|394\/394
|move|p2a: Garchomp|Stealth Rock|p1a: Slowbro
|-sidestart|p1: Xexexe|move: Stealth Rock
|
|-weather|none
|turn|11
|
|switch|p2a: Venusaur|Venusaur-Mega, F|147\/364
|move|p1a: Slowbro|Scald|p2a: Venusaur
|-resisted|p2a: Venusaur
|-damage|p2a: Venusaur|106\/364
|
|turn|12
|
|move|p2a: Venusaur|Synthesis|p2a: Venusaur
|-heal|p2a: Venusaur|288\/364
|move|p1a: Slowbro|Psychic|p2a: Venusaur
|-supereffective|p2a: Venusaur
|-damage|p2a: Venusaur|94\/364
|
|turn|13
|
|switch|p2a: Rotom-Wash|Rotom-Wash|304\/304
|switch|p1a: Heatran|Heatran, F|386\/386
|-damage|p1a: Heatran|338\/386|[from] Stealth Rock
|
|-heal|p1a: Heatran|362\/386|[from] item: Leftovers
|turn|14
|
|move|p1a: Heatran|Protect|p1a: Heatran
|-singleturn|p1a: Heatran|Protect
|move|p2a: Rotom-Wash|Hydro Pump|p1a: Heatran
|-activate|p1a: Heatran|Protect
|
|-heal|p1a: Heatran|386\/386|[from] item: Leftovers
|turn|15
|
|move|p2a: Rotom-Wash|Volt Switch|p1a: Heatran
|-damage|p1a: Heatran|328\/386
|
|switch|p2a: Garchomp|Garchomp, M|341\/393
|move|p1a: Heatran|Stealth Rock|p2a: Garchomp
|-sidestart|p2: Horsea Whisperer|move: Stealth Rock
|
|-heal|p1a: Heatran|352\/386|[from] item: Leftovers
|turn|16
|
|switch|p1a: Slowbro|Slowbro, M|394\/394
|-damage|p1a: Slowbro|345\/394|[from] Stealth Rock
|move|p2a: Garchomp|Dragon Tail|p1a: Slowbro|[miss]
|-miss|p2a: Garchomp|p1a: Slowbro
|
|turn|17
|
|switch|p2a: Rotom-Wash|Rotom-Wash|304\/304
|-damage|p2a: Rotom-Wash|266\/304|[from] Stealth Rock
|move|p1a: Slowbro|Psychic|p2a: Rotom-Wash
|-damage|p2a: Rotom-Wash|188\/304
|
|-heal|p2a: Rotom-Wash|207\/304|[from] item: Leftovers
|turn|18
|
|switch|p1a: Heatran|Heatran, F|352\/386
|-damage|p1a: Heatran|304\/386|[from] Stealth Rock
|move|p2a: Rotom-Wash|Volt Switch|p1a: Heatran
|-damage|p1a: Heatran|243\/386
|
|switch|p2a: Greninja|Greninja, M|285\/285
|-damage|p2a: Greninja|250\/285|[from] Stealth Rock
|
|-heal|p1a: Heatran|267\/386|[from] item: Leftovers
|turn|19
|
|move|p1a: Heatran|Protect|p1a: Heatran
|-singleturn|p1a: Heatran|Protect
|move|p2a: Greninja|Spikes|p1a: Heatran
|-start|p2a: Greninja|typechange|Ground|[from] Protean
|-sidestart|p1: Xexexe|Spikes
|
|-heal|p1a: Heatran|291\/386|[from] item: Leftovers
|turn|20
|
|move|p2a: Greninja|Hydro Pump|p1a: Heatran
|-start|p2a: Greninja|typechange|Water|[from] Protean
|-supereffective|p1a: Heatran
|-damage|p1a: Heatran|0 fnt
|-damage|p2a: Greninja|222\/285|[from] item: Life Orb
|faint|p1a: Heatran
|
|
|switch|p1a: Keldeo|Keldeo|324\/324
|-damage|p1a: Keldeo|284\/324|[from] Spikes
|-damage|p1a: Keldeo|264\/324|[from] Stealth Rock
|turn|21
|
|move|p2a: Greninja|Extrasensory|p1a: Keldeo
|-start|p2a: Greninja|typechange|Psychic|[from] Protean
|-supereffective|p1a: Keldeo
|-damage|p1a: Keldeo|0 fnt
|-damage|p2a: Greninja|194\/285|[from] item: Life Orb
|faint|p1a: Keldeo
|
|
|switch|p1a: Amoonguss|Amoonguss, M|407\/407
|-damage|p1a: Amoonguss|357\/407|[from] Stealth Rock
|-damage|p1a: Amoonguss|307\/407|[from] Spikes
|turn|22
|
|move|p2a: Greninja|Ice Beam|p1a: Amoonguss
|-start|p2a: Greninja|typechange|Ice|[from] Protean
|-supereffective|p1a: Amoonguss
|-damage|p1a: Amoonguss|94\/407
|-damage|p2a: Greninja|166\/285|[from] item: Life Orb
|move|p1a: Amoonguss|Sludge Bomb|p2a: Greninja
|-damage|p2a: Greninja|33\/285
|
|turn|23
|
|switch|p1a: Tyranitar|Tyranitar, F|195\/341
|-damage|p1a: Tyranitar|153\/341|[from] Stealth Rock
|-damage|p1a: Tyranitar|111\/341|[from] Spikes
|-weather|Sandstorm
|move|p2a: Greninja|Spikes|p1a: Tyranitar
|-start|p2a: Greninja|typechange|Ground|[from] Protean
|-sidestart|p1: Xexexe|Spikes
|
|-weather|Sandstorm|[upkeep]
|turn|24
|
|move|p2a: Greninja|Hydro Pump|p1a: Tyranitar|[miss]
|-start|p2a: Greninja|typechange|Water|[from] Protean
|-miss|p2a: Greninja|p1a: Tyranitar
|move|p1a: Tyranitar|Crunch|p2a: Greninja
|-damage|p2a: Greninja|0 fnt
|faint|p2a: Greninja
|
|-weather|Sandstorm|[upkeep]
|
|switch|p2a: Excadrill|Excadrill, M|361\/361
|-damage|p2a: Excadrill|350\/361|[from] Stealth Rock
|-ability|p2a: Excadrill|Mold Breaker
|-item|p2a: Excadrill|Air Balloon
|turn|25
|
|move|p1a: Tyranitar|Crunch|p2a: Excadrill
|-damage|p2a: Excadrill|115\/361
|-enditem|p2a: Excadrill|Air Balloon
|move|p2a: Excadrill|Earthquake|p1a: Tyranitar
|-supereffective|p1a: Tyranitar
|-damage|p1a: Tyranitar|0 fnt
|faint|p1a: Tyranitar
|
|-weather|Sandstorm|[upkeep]
|
|switch|p1a: Gliscor|Gliscor, M|340\/340
|-damage|p1a: Gliscor|298\/340|[from] Stealth Rock
|turn|26
|
|move|p2a: Excadrill|Rapid Spin|p1a: Gliscor
|-damage|p1a: Gliscor|278\/340
|-sideend|p2: Horsea Whisperer|Stealth Rock|[from] move: Rapid Spin|[of] p2a: Excadrill
|move|p1a: Gliscor|Swords Dance|p1a: Gliscor
|-boost|p1a: Gliscor|atk|2
|
|-weather|Sandstorm|[upkeep]
|-status|p1a: Gliscor|tox|[from] item: Toxic Orb
|turn|27
|
|move|p2a: Excadrill|Swords Dance|p2a: Excadrill
|-boost|p2a: Excadrill|atk|2
|move|p1a: Gliscor|Swords Dance|p1a: Gliscor
|-boost|p1a: Gliscor|atk|2
|
|-weather|none
|-heal|p1a: Gliscor|320\/340 tox|[from] ability: Poison Heal
|turn|28
|
|move|p2a: Excadrill|Rock Slide|p1a: Gliscor
|-damage|p1a: Gliscor|184\/340 tox
|move|p1a: Gliscor|Earthquake|p2a: Excadrill
|-supereffective|p2a: Excadrill
|-damage|p2a: Excadrill|0 fnt
|faint|p2a: Excadrill
|
|-heal|p1a: Gliscor|226\/340 tox|[from] ability: Poison Heal
|
|switch|p2a: Rotom-Wash|Rotom-Wash|207\/304
|turn|29
|
|move|p1a: Gliscor|Facade|p2a: Rotom-Wash
|-damage|p2a: Rotom-Wash|0 fnt
|faint|p2a: Rotom-Wash
|
|-heal|p1a: Gliscor|268\/340 tox|[from] ability: Poison Heal
|
|switch|p2a: Garchomp|Garchomp, M|341\/393
|turn|30
|
|move|p1a: Gliscor|Protect|p1a: Gliscor
|-singleturn|p1a: Gliscor|Protect
|move|p2a: Garchomp|Dragon Tail|p1a: Gliscor
|-activate|p1a: Gliscor|Protect
|
|-heal|p1a: Gliscor|310\/340 tox|[from] ability: Poison Heal
|turn|31
|
|move|p1a: Gliscor|Earthquake|p2a: Garchomp
|-damage|p2a: Garchomp|0 fnt
|faint|p2a: Garchomp
|
|-heal|p1a: Gliscor|340\/340 tox|[from] ability: Poison Heal
|
|switch|p2a: Talonflame|Talonflame, F|297\/297
|turn|32
|
|move|p2a: Talonflame|Brave Bird|p1a: Gliscor
|-damage|p1a: Gliscor|169\/340 tox
|-damage|p2a: Talonflame|241\/297|[from] recoil|[of] p1a: Gliscor
|move|p1a: Gliscor|Facade|p2a: Talonflame
|-damage|p2a: Talonflame|0 fnt
|faint|p2a: Talonflame
|
|-heal|p1a: Gliscor|211\/340 tox|[from] ability: Poison Heal
|c|âHorsea Whisperer|gg
|
|switch|p2a: Venusaur|Venusaur-Mega, F|94\/364
|turn|33
|
|move|p1a: Gliscor|Earthquake|p2a: Venusaur
|-damage|p2a: Venusaur|0 fnt
|faint|p2a: Venusaur
|
|win|Xexexe
|raw|Ladder updating...
|raw|Xexexe's rating: 1589 &rarr; <strong>1602<\/strong><br \/>(+13 for winning)
|raw|Horsea Whisperer's rating: 1460 &rarr; <strong>1447<\/strong><br \/>(-13 for losing)