|join|Ken Valbrandur
|join|Horsea Whisperer
|c|âHorsea Whisperer|hf
|player|p1|Ken Valbrandur|265
|player|p2|Horsea Whisperer|2
|gametype|singles
|gen|6
|tier|OU (suspect test)
|rated
|clearpoke
|poke|p1|Landorus-Therian, M
|poke|p1|Gengar, F
|poke|p1|Heatran, M
|poke|p1|Keldeo-Resolute
|poke|p1|Rotom-Wash
|poke|p1|Metagross
|poke|p2|Latios, M
|poke|p2|Landorus-Therian, M
|poke|p2|Bisharp, M
|poke|p2|Azumarill, F
|poke|p2|Heatran, M
|poke|p2|Rotom-Wash
|rule|Swagger Clause: Swagger is banned
|rule|Baton Pass Clause: Limit one PokÃ©mon knowing Baton Pass
|rule|Sleep Clause Mod: Limit one foe put to sleep
|rule|Species Clause: Limit one of each PokÃ©mon
|rule|OHKO Clause: OHKO moves are banned
|rule|Moody Clause: Moody is banned
|rule|Evasion Moves Clause: Evasion moves are banned
|rule|Endless Battle Clause: Forcing endless battles is banned
|rule|HP Percentage Mod: HP is shown in percentages
|teampreview
|c|âKen Valbrandur|u2
|
|start
|switch|p1a: Rotom-Wash|Rotom-Wash|304\/304
|switch|p2a: Rotom-Wash|Rotom-Wash|303\/303
|turn|1
|
|move|p1a: Rotom-Wash|Will-O-Wisp|p2a: Rotom-Wash
|-status|p2a: Rotom-Wash|brn
|move|p2a: Rotom-Wash|Will-O-Wisp|p1a: Rotom-Wash
|-status|p1a: Rotom-Wash|brn
|
|-damage|p2a: Rotom-Wash|266\/303 brn|[from] brn
|-damage|p1a: Rotom-Wash|266\/304 brn|[from] brn
|turn|2
|
|move|p1a: Rotom-Wash|Hydro Pump|p2a: Rotom-Wash
|-resisted|p2a: Rotom-Wash
|-damage|p2a: Rotom-Wash|200\/303 brn
|move|p2a: Rotom-Wash|Volt Switch|p1a: Rotom-Wash
|-damage|p1a: Rotom-Wash|191\/304 brn
|
|switch|p2a: Latios|Latios, M|301\/301
|
|-heal|p1a: Rotom-Wash|210\/304 brn|[from] item: Leftovers
|-damage|p1a: Rotom-Wash|172\/304 brn|[from] brn
|turn|3
|
|switch|p1a: Heatran|Heatran, M|385\/385
|detailschange|p2a: Latios|Latios-Mega, M
|-mega|p2a: Latios|Latios|Latiosite
|move|p2a: Latios|Draco Meteor|p1a: Heatran
|-resisted|p1a: Heatran
|-damage|p1a: Heatran|283\/385
|-unboost|p2a: Latios|spa|2
|
|-heal|p1a: Heatran|307\/385|[from] item: Leftovers
|turn|4
|
|switch|p1a: Landorus-Therian|Landorus-Therian, M|319\/319
|-ability|p1a: Landorus-Therian|Intimidate|[of] p2a: Latios
|-unboost|p2a: Latios|atk|1
|move|p2a: Latios|Earthquake|p1a: Landorus-Therian
|-immune|p1a: Landorus-Therian|[msg]
|
|turn|5
|
|switch|p2a: Landorus-Therian|Landorus-Therian, M|319\/319
|-ability|p2a: Landorus-Therian|Intimidate|[of] p1a: Landorus-Therian
|-unboost|p1a: Landorus-Therian|atk|1
|move|p1a: Landorus-Therian|U-turn|p2a: Landorus-Therian
|-resisted|p2a: Landorus-Therian
|-damage|p2a: Landorus-Therian|285\/319
|
|switch|p1a: Keldeo-Resolute|Keldeo-Resolute|323\/323
|
|turn|6
|
|switch|p2a: Latios|Latios-Mega, M|301\/301
|move|p1a: Keldeo-Resolute|Scald|p2a: Latios
|-resisted|p2a: Latios
|-damage|p2a: Latios|208\/301
|-status|p2a: Latios|brn
|
|-damage|p2a: Latios|171\/301 brn|[from] brn
|turn|7
|
|switch|p1a: Metagross|Metagross|301\/301
|move|p2a: Latios|Psyshock|p1a: Metagross
|-resisted|p1a: Metagross
|-damage|p1a: Metagross|268\/301
|
|-damage|p2a: Latios|134\/301 brn|[from] brn
|turn|8
|
|switch|p2a: Rotom-Wash|Rotom-Wash|200\/303 brn
|detailschange|p1a: Metagross|Metagross-Mega
|-mega|p1a: Metagross|Metagross|Metagrossite
|move|p1a: Metagross|Meteor Mash|p2a: Rotom-Wash
|-resisted|p2a: Rotom-Wash
|-damage|p2a: Rotom-Wash|162\/303 brn
|
|-heal|p2a: Rotom-Wash|180\/303 brn|[from] item: Leftovers
|-damage|p2a: Rotom-Wash|143\/303 brn|[from] brn
|turn|9
|
|switch|p1a: Heatran|Heatran, M|307\/385
|move|p2a: Rotom-Wash|Volt Switch|p1a: Heatran
|-damage|p1a: Heatran|243\/385
|
|switch|p2a: Latios|Latios-Mega, M|134\/301 brn
|
|-heal|p1a: Heatran|267\/385|[from] item: Leftovers
|-damage|p2a: Latios|97\/301 brn|[from] brn
|turn|10
|
|move|p1a: Heatran|Protect|p1a: Heatran
|-singleturn|p1a: Heatran|Protect
|move|p2a: Latios|Roost|p2a: Latios
|-heal|p2a: Latios|248\/301 brn
|
|-heal|p1a: Heatran|291\/385|[from] item: Leftovers
|-damage|p2a: Latios|211\/301 brn|[from] brn
|turn|11
|
|switch|p1a: Landorus-Therian|Landorus-Therian, M|319\/319
|-ability|p1a: Landorus-Therian|Intimidate|[of] p2a: Latios
|-unboost|p2a: Latios|atk|1
|move|p2a: Latios|Draco Meteor|p1a: Landorus-Therian
|-damage|p1a: Landorus-Therian|0 fnt
|-unboost|p2a: Latios|spa|2
|faint|p1a: Landorus-Therian
|
|-damage|p2a: Latios|174\/301 brn|[from] brn
|
|switch|p1a: Heatran|Heatran, M|291\/385
|turn|12
|
|move|p2a: Latios|Earthquake|p1a: Heatran
|-supereffective|p1a: Heatran
|-damage|p1a: Heatran|155\/385
|move|p1a: Heatran|Stealth Rock|p2a: Latios
|-sidestart|p2: Horsea Whisperer|move: Stealth Rock
|
|-heal|p1a: Heatran|179\/385|[from] item: Leftovers
|-damage|p2a: Latios|137\/301 brn|[from] brn
|turn|13
|
|move|p2a: Latios|Roost|p2a: Latios
|-heal|p2a: Latios|288\/301 brn
|move|p1a: Heatran|Lava Plume|p2a: Latios
|-resisted|p2a: Latios
|-damage|p2a: Latios|237\/301 brn
|
|-heal|p1a: Heatran|203\/385|[from] item: Leftovers
|-damage|p2a: Latios|200\/301 brn|[from] brn
|turn|14
|
|switch|p2a: Heatran|Heatran, M|386\/386
|-damage|p2a: Heatran|338\/386|[from] Stealth Rock
|move|p1a: Heatran|Protect|p1a: Heatran
|-fail|p1a: Heatran
|
|-heal|p1a: Heatran|227\/385|[from] item: Leftovers
|-heal|p2a: Heatran|362\/386|[from] item: Leftovers
|turn|15
|
|switch|p1a: Keldeo-Resolute|Keldeo-Resolute|323\/323
|move|p2a: Heatran|Stealth Rock|p1a: Keldeo-Resolute
|-sidestart|p1: Ken Valbrandur|move: Stealth Rock
|
|-heal|p2a: Heatran|386\/386|[from] item: Leftovers
|turn|16
|
|switch|p2a: Azumarill|Azumarill, F|363\/363
|-damage|p2a: Azumarill|318\/363|[from] Stealth Rock
|move|p1a: Keldeo-Resolute|Scald|p2a: Azumarill
|-resisted|p2a: Azumarill
|-damage|p2a: Azumarill|189\/363
|
|turn|17
|
|move|p1a: Keldeo-Resolute|Scald|p2a: Azumarill
|-resisted|p2a: Azumarill
|-damage|p2a: Azumarill|72\/363
|move|p2a: Azumarill|Play Rough|p1a: Keldeo-Resolute|[miss]
|-miss|p2a: Azumarill|p1a: Keldeo-Resolute
|
|turn|18
|
|switch|p2a: Latios|Latios-Mega, M|200\/301 brn
|-damage|p2a: Latios|163\/301 brn|[from] Stealth Rock
|move|p1a: Keldeo-Resolute|Scald|p2a: Latios
|-resisted|p2a: Latios
|-damage|p2a: Latios|74\/301 brn
|
|-damage|p2a: Latios|37\/301 brn|[from] brn
|turn|19
|
|switch|p1a: Metagross|Metagross-Mega|268\/301
|-damage|p1a: Metagross|250\/301|[from] Stealth Rock
|move|p2a: Latios|Roost|p2a: Latios
|-heal|p2a: Latios|188\/301 brn
|
|-damage|p2a: Latios|151\/301 brn|[from] brn
|turn|20
|
|switch|p2a: Landorus-Therian|Landorus-Therian, M|285\/319
|-damage|p2a: Landorus-Therian|246\/319|[from] Stealth Rock
|-ability|p2a: Landorus-Therian|Intimidate|[of] p1a: Metagross
|-unboost|p1a: Metagross|atk|1
|move|p1a: Metagross|Meteor Mash|p2a: Landorus-Therian|[miss]
|-miss|p1a: Metagross|p2a: Landorus-Therian
|
|turn|21
|
|switch|p1a: Heatran|Heatran, M|227\/385
|-damage|p1a: Heatran|179\/385|[from] Stealth Rock
|move|p2a: Landorus-Therian|Earthquake|p1a: Heatran
|-supereffective|p1a: Heatran
|-damage|p1a: Heatran|0 fnt
|faint|p1a: Heatran
|
|
|switch|p1a: Gengar|Gengar, F|261\/261
|-damage|p1a: Gengar|229\/261|[from] Stealth Rock
|turn|22
|
|switch|p2a: Heatran|Heatran, M|386\/386
|-damage|p2a: Heatran|338\/386|[from] Stealth Rock
|move|p1a: Gengar|Shadow Ball|p2a: Heatran
|-crit|p2a: Heatran
|-damage|p2a: Heatran|139\/386
|-damage|p1a: Gengar|203\/261|[from] item: Life Orb
|
|-heal|p2a: Heatran|163\/386|[from] item: Leftovers
|turn|23
|
|move|p1a: Gengar|Focus Blast|p2a: Heatran
|-supereffective|p2a: Heatran
|-damage|p2a: Heatran|0 fnt
|-damage|p1a: Gengar|177\/261|[from] item: Life Orb
|faint|p2a: Heatran
|
|
|switch|p2a: Azumarill|Azumarill, F|72\/363
|-damage|p2a: Azumarill|27\/363|[from] Stealth Rock
|turn|24
|
|move|p2a: Azumarill|Aqua Jet|p1a: Gengar
|-damage|p1a: Gengar|0 fnt
|faint|p1a: Gengar
|
|
|switch|p1a: Keldeo-Resolute|Keldeo-Resolute|323\/323
|-damage|p1a: Keldeo-Resolute|303\/323|[from] Stealth Rock
|turn|25
|
|move|p2a: Azumarill|Aqua Jet|p1a: Keldeo-Resolute
|-crit|p1a: Keldeo-Resolute
|-resisted|p1a: Keldeo-Resolute
|-damage|p1a: Keldeo-Resolute|206\/323
|move|p1a: Keldeo-Resolute|Scald|p2a: Azumarill
|-resisted|p2a: Azumarill
|-damage|p2a: Azumarill|0 fnt
|faint|p2a: Azumarill
|
|
|switch|p2a: Latios|Latios-Mega, M|151\/301 brn
|-damage|p2a: Latios|114\/301 brn|[from] Stealth Rock
|turn|26
|
|switch|p1a: Metagross|Metagross-Mega|250\/301
|-damage|p1a: Metagross|232\/301|[from] Stealth Rock
|move|p2a: Latios|Draco Meteor|p1a: Metagross
|-resisted|p1a: Metagross
|-damage|p1a: Metagross|103\/301
|-unboost|p2a: Latios|spa|2
|
|-damage|p2a: Latios|77\/301 brn|[from] brn
|turn|27
|
|move|p1a: Metagross|Meteor Mash|p2a: Latios
|-damage|p2a: Latios|0 fnt
|-boost|p1a: Metagross|atk|1
|faint|p2a: Latios
|
|
|switch|p2a: Landorus-Therian|Landorus-Therian, M|246\/319
|-damage|p2a: Landorus-Therian|207\/319|[from] Stealth Rock
|-ability|p2a: Landorus-Therian|Intimidate|[of] p1a: Metagross
|-unboost|p1a: Metagross|atk|1
|turn|28
|
|switch|p1a: Rotom-Wash|Rotom-Wash|172\/304 brn
|-damage|p1a: Rotom-Wash|134\/304 brn|[from] Stealth Rock
|move|p2a: Landorus-Therian|Earthquake|p1a: Rotom-Wash
|-immune|p1a: Rotom-Wash|[msg]
|
|-heal|p1a: Rotom-Wash|153\/304 brn|[from] item: Leftovers
|-damage|p1a: Rotom-Wash|115\/304 brn|[from] brn
|turn|29
|
|switch|p2a: Rotom-Wash|Rotom-Wash|143\/303 brn
|-damage|p2a: Rotom-Wash|106\/303 brn|[from] Stealth Rock
|move|p1a: Rotom-Wash|Volt Switch|p2a: Rotom-Wash
|-damage|p2a: Rotom-Wash|25\/303 brn
|
|switch|p1a: Metagross|Metagross-Mega|103\/301
|-damage|p1a: Metagross|85\/301|[from] Stealth Rock
|
|-heal|p2a: Rotom-Wash|43\/303 brn|[from] item: Leftovers
|-damage|p2a: Rotom-Wash|6\/303 brn|[from] brn
|turn|30
|
|move|p1a: Metagross|Meteor Mash|p2a: Rotom-Wash
|-resisted|p2a: Rotom-Wash
|-damage|p2a: Rotom-Wash|0 fnt
|-boost|p1a: Metagross|atk|1
|faint|p2a: Rotom-Wash
|
|
|switch|p2a: Landorus-Therian|Landorus-Therian, M|207\/319
|-damage|p2a: Landorus-Therian|168\/319|[from] Stealth Rock
|-ability|p2a: Landorus-Therian|Intimidate|[of] p1a: Metagross
|-unboost|p1a: Metagross|atk|1
|turn|31
|
|move|p2a: Landorus-Therian|Earthquake|p1a: Metagross
|-supereffective|p1a: Metagross
|-damage|p1a: Metagross|0 fnt
|faint|p1a: Metagross
|
|
|switch|p1a: Rotom-Wash|Rotom-Wash|115\/304 brn
|-damage|p1a: Rotom-Wash|77\/304 brn|[from] Stealth Rock
|turn|32
|c|âHorsea Whisperer|this was a really great game
|
|switch|p2a: Bisharp|Bisharp, M|272\/272
|-damage|p2a: Bisharp|255\/272|[from] Stealth Rock
|switch|p1a: Keldeo-Resolute|Keldeo-Resolute|206\/323
|-damage|p1a: Keldeo-Resolute|186\/323|[from] Stealth Rock
|
|turn|33
|
|move|p2a: Bisharp|Sucker Punch|p1a: Keldeo-Resolute
|-crit|p1a: Keldeo-Resolute
|-resisted|p1a: Keldeo-Resolute
|-damage|p1a: Keldeo-Resolute|38\/323
|-boost|p1a: Keldeo-Resolute|atk|1|[from] ability: Justified
|-damage|p2a: Bisharp|228\/272|[from] item: Life Orb
|move|p1a: Keldeo-Resolute|Scald|p2a: Bisharp
|-damage|p2a: Bisharp|0 fnt
|faint|p2a: Bisharp
|
|c|âKen Valbrandur|yeah
|
|switch|p2a: Landorus-Therian|Landorus-Therian, M|168\/319
|-damage|p2a: Landorus-Therian|129\/319|[from] Stealth Rock
|-ability|p2a: Landorus-Therian|Intimidate|[of] p1a: Keldeo-Resolute
|-unboost|p1a: Keldeo-Resolute|atk|1
|turn|34
|c|âKen Valbrandur|i think that double saved me
|c|âKen Valbrandur|as long as I hit hydro
|c|âHorsea Whisperer|let's see if I don't miss the stone edge
|c|âKen Valbrandur|oh
|c|âKen Valbrandur|yeah
|
|move|p2a: Landorus-Therian|Stone Edge|p1a: Keldeo-Resolute
|-resisted|p1a: Keldeo-Resolute
|-damage|p1a: Keldeo-Resolute|0 fnt
|faint|p1a: Keldeo-Resolute
|
|
|switch|p1a: Rotom-Wash|Rotom-Wash|77\/304 brn
|-damage|p1a: Rotom-Wash|39\/304 brn|[from] Stealth Rock
|turn|35
|c|âKen Valbrandur|this is it
|c|âHorsea Whisperer|it all comes to this
|
|move|p2a: Landorus-Therian|Stone Edge|p1a: Rotom-Wash
|-damage|p1a: Rotom-Wash|0 fnt
|faint|p1a: Rotom-Wash
|
|win|Horsea Whisperer
|raw|Ladder updating...
|c|âKen Valbrandur|aah
|raw|Ken Valbrandur's rating: 1545 &rarr; <strong>1527<\/strong><br \/>(-18 for losing)
|raw|Horsea Whisperer's rating: 1580 &rarr; <strong>1598<\/strong><br \/>(+18 for winning)
|c|âKen Valbrandur|gg
|c|âHorsea Whisperer|yeah
|c|âHorsea Whisperer|gg man
|c|âKen Valbrandur|:]
|leave|Ken Valbrandur
|player|p1