|join|New Light
|join|bewww
|player|p1|New Light|156
|player|p2|bewww|159
|gametype|singles
|gen|6
|tier|OU
|rated
|clearpoke
|poke|p1|Ninetales, F, shiny
|poke|p1|Dugtrio, M, shiny
|poke|p1|Victini
|poke|p1|Venusaur, F
|poke|p1|Charizard, M, shiny
|poke|p1|Mandibuzz, F
|poke|p2|Sylveon, M
|poke|p2|Gardevoir, M
|poke|p2|Gyarados, M
|poke|p2|Dragonite, F
|poke|p2|Empoleon, F
|poke|p2|Breloom, F
|rule|Swagger Clause: Swagger is banned
|rule|Baton Pass Clause: Limit one PokÃ©mon knowing Baton Pass
|rule|Sleep Clause Mod: Limit one foe put to sleep
|rule|Species Clause: Limit one of each PokÃ©mon
|rule|OHKO Clause: OHKO moves are banned
|rule|Moody Clause: Moody is banned
|rule|Evasion Moves Clause: Evasion moves are banned
|rule|Endless Battle Clause: Forcing endless battles is banned
|rule|HP Percentage Mod: HP is shown in percentages
|teampreview
|
|start
|switch|p1a: Ninetales|Ninetales, F, shiny|349\/349
|switch|p2a: Gardevoir|Gardevoir, M|277\/277
|-ability|p2a: Gardevoir|Drought|[from] ability: Trace|[of] p1a: Ninetales
|-weather|SunnyDay
|turn|1
|
|move|p2a: Gardevoir|Psyshock|p1a: Ninetales
|-damage|p1a: Ninetales|166\/349
|move|p1a: Ninetales|Flamethrower|p2a: Gardevoir
|-damage|p2a: Gardevoir|159\/277
|
|-weather|SunnyDay|[upkeep]
|turn|2
|
|switch|p2a: Sylveon|Sylveon, M|393\/393
|switch|p1a: Victini|Victini|341\/341
|
|-weather|SunnyDay|[upkeep]
|turn|3
|
|switch|p2a: Gyarados|Gyarados, M|331\/331
|-ability|p2a: Gyarados|Intimidate|[of] p1a: Victini
|-unboost|p1a: Victini|atk|1
|move|p1a: Victini|V-create|p2a: Gyarados
|-resisted|p2a: Gyarados
|-damage|p2a: Gyarados|43\/331
|-unboost|p1a: Victini|def|1
|-unboost|p1a: Victini|spd|1
|-unboost|p1a: Victini|spe|1
|
|-weather|SunnyDay|[upkeep]
|turn|4
|
|switch|p1a: Mandibuzz|Mandibuzz, F|424\/424
|detailschange|p2a: Gyarados|Gyarados-Mega, M
|-mega|p2a: Gyarados|Gyarados|Gyaradosite
|-ability|p2a: Gyarados|Mold Breaker
|move|p2a: Gyarados|Dragon Dance|p2a: Gyarados
|-boost|p2a: Gyarados|atk|1
|-boost|p2a: Gyarados|spe|1
|
|-weather|SunnyDay|[upkeep]
|turn|5
|
|move|p2a: Gyarados|Waterfall|p1a: Mandibuzz
|-damage|p1a: Mandibuzz|322\/424
|move|p1a: Mandibuzz|Foul Play|p2a: Gyarados
|-resisted|p2a: Gyarados
|-damage|p2a: Gyarados|0 fnt
|faint|p2a: Gyarados
|
|-weather|none
|-heal|p1a: Mandibuzz|348\/424|[from] item: Leftovers
|
|switch|p2a: Sylveon|Sylveon, M|393\/393
|turn|6
|
|switch|p1a: Ninetales|Ninetales, F, shiny|166\/349
|-weather|SunnyDay
|move|p2a: Sylveon|Psyshock|p1a: Ninetales
|-damage|p1a: Ninetales|3\/349
|
|-weather|SunnyDay|[upkeep]
|turn|7
|
|move|p1a: Ninetales|Rest|p1a: Ninetales
|-status|p1a: Ninetales|slp
|-heal|p1a: Ninetales|349\/349 slp|[silent]
|-status|p1a: Ninetales|slp|[from] move: Rest
|move|p2a: Sylveon|Psyshock|p1a: Ninetales
|-damage|p1a: Ninetales|163\/349 slp
|
|-weather|SunnyDay|[upkeep]
|turn|8
|
|switch|p1a: Victini|Victini|341\/341
|move|p2a: Sylveon|Psyshock|p1a: Victini
|-resisted|p1a: Victini
|-damage|p1a: Victini|269\/341
|
|-weather|SunnyDay|[upkeep]
|turn|9
|
|switch|p2a: Empoleon|Empoleon, F|347\/347
|-item|p2a: Empoleon|Air Balloon
|move|p1a: Victini|U-turn|p2a: Empoleon
|-resisted|p2a: Empoleon
|-damage|p2a: Empoleon|303\/347
|-enditem|p2a: Empoleon|Air Balloon
|
|switch|p1a: Dugtrio|Dugtrio, M, shiny|211\/211
|
|-weather|SunnyDay|[upkeep]
|turn|10
|
|move|p1a: Dugtrio|Earthquake|p2a: Empoleon
|-supereffective|p2a: Empoleon
|-damage|p2a: Empoleon|97\/347
|move|p2a: Empoleon|Stealth Rock|p1a: Dugtrio
|-sidestart|p1: New Light|move: Stealth Rock
|
|-weather|SunnyDay|[upkeep]
|turn|11
|
|move|p1a: Dugtrio|Earthquake|p2a: Empoleon
|-supereffective|p2a: Empoleon
|-damage|p2a: Empoleon|0 fnt
|faint|p2a: Empoleon
|
|-weather|SunnyDay|[upkeep]
|
|switch|p2a: Breloom|Breloom, F|261\/261
|turn|12
|
|switch|p1a: Mandibuzz|Mandibuzz, F|348\/424
|-damage|p1a: Mandibuzz|242\/424|[from] Stealth Rock
|move|p2a: Breloom|Rock Tomb|p1a: Mandibuzz
|-supereffective|p1a: Mandibuzz
|-damage|p1a: Mandibuzz|78\/424
|-unboost|p1a: Mandibuzz|spe|1
|
|-weather|SunnyDay|[upkeep]
|-heal|p1a: Mandibuzz|104\/424|[from] item: Leftovers
|turn|13
|
|move|p2a: Breloom|Rock Tomb|p1a: Mandibuzz
|-supereffective|p1a: Mandibuzz
|-damage|p1a: Mandibuzz|0 fnt
|faint|p1a: Mandibuzz
|
|-weather|none
|
|switch|p1a: Venusaur|Venusaur, F|301\/301
|-damage|p1a: Venusaur|264\/301|[from] Stealth Rock
|turn|14
|
|switch|p2a: Dragonite|Dragonite, F|385\/385
|move|p1a: Venusaur|Sludge Bomb|p2a: Dragonite
|-damage|p2a: Dragonite|293\/385
|-status|p2a: Dragonite|psn
|-damage|p1a: Venusaur|234\/301|[from] item: Life Orb
|
|-damage|p2a: Dragonite|245\/385 psn|[from] psn
|turn|15
|
|switch|p1a: Ninetales|Ninetales, F, shiny|163\/349 slp
|-damage|p1a: Ninetales|76\/349 slp|[from] Stealth Rock
|-weather|SunnyDay
|move|p2a: Dragonite|Outrage|p1a: Ninetales
|-damage|p1a: Ninetales|0 fnt
|faint|p1a: Ninetales
|
|-weather|SunnyDay|[upkeep]
|-damage|p2a: Dragonite|197\/385 psn|[from] psn
|
|switch|p1a: Dugtrio|Dugtrio, M, shiny|211\/211
|-damage|p1a: Dugtrio|198\/211|[from] Stealth Rock
|turn|16
|
|move|p1a: Dugtrio|Stealth Rock|p2a: Dragonite
|-sidestart|p2: bewww|move: Stealth Rock
|move|p2a: Dragonite|Outrage|p1a: Dugtrio
|-damage|p1a: Dugtrio|0 fnt
|faint|p1a: Dugtrio
|
|-end|p2a: Dragonite|rampage
|-start|p2a: Dragonite|confusion
|-weather|SunnyDay|[upkeep]
|-damage|p2a: Dragonite|149\/385 psn|[from] psn
|
|switch|p1a: Venusaur|Venusaur, F|234\/301
|-damage|p1a: Venusaur|197\/301|[from] Stealth Rock
|turn|17
|
|switch|p2a: Sylveon|Sylveon, M|393\/393
|-damage|p2a: Sylveon|344\/393|[from] Stealth Rock
|move|p1a: Venusaur|Sludge Bomb|p2a: Sylveon
|-crit|p2a: Sylveon
|-supereffective|p2a: Sylveon
|-damage|p2a: Sylveon|0 fnt
|-damage|p1a: Venusaur|167\/301|[from] item: Life Orb
|faint|p2a: Sylveon
|
|-weather|SunnyDay|[upkeep]
|
|switch|p2a: Dragonite|Dragonite, F|149\/385 psn
|-damage|p2a: Dragonite|53\/385 psn|[from] Stealth Rock
|turn|18
|
|switch|p1a: Victini|Victini|269\/341
|-damage|p1a: Victini|184\/341|[from] Stealth Rock
|move|p2a: Dragonite|Extreme Speed|p1a: Victini
|-damage|p1a: Victini|18\/341
|
|-weather|SunnyDay|[upkeep]
|-damage|p2a: Dragonite|5\/385 psn|[from] psn
|turn|19
|
|move|p2a: Dragonite|Extreme Speed|p1a: Victini
|-damage|p1a: Victini|0 fnt
|faint|p1a: Victini
|
|-weather|SunnyDay|[upkeep]
|-damage|p2a: Dragonite|0 fnt|[from] psn
|faint|p2a: Dragonite
|c|âbewww|stupid poison :(
|
|switch|p1a: Venusaur|Venusaur, F|167\/301
|switch|p2a: Breloom|Breloom, F|261\/261
|-damage|p1a: Venusaur|130\/301|[from] Stealth Rock
|-damage|p2a: Breloom|245\/261|[from] Stealth Rock
|turn|20
|
|move|p2a: Breloom|Mach Punch|p1a: Venusaur
|-resisted|p1a: Venusaur
|-damage|p1a: Venusaur|67\/301
|move|p1a: Venusaur|Sludge Bomb|p2a: Breloom
|-supereffective|p2a: Breloom
|-damage|p2a: Breloom|0 fnt
|-damage|p1a: Venusaur|37\/301|[from] item: Life Orb
|faint|p2a: Breloom
|
|-weather|SunnyDay|[upkeep]
|
|switch|p2a: Gardevoir|Gardevoir, M|159\/277
|-damage|p2a: Gardevoir|125\/277|[from] Stealth Rock
|-ability|p2a: Gardevoir|Chlorophyll|[from] ability: Trace|[of] p1a: Venusaur
|turn|21
|
|move|p2a: Gardevoir|Psyshock|p1a: Venusaur
|-supereffective|p1a: Venusaur
|-damage|p1a: Venusaur|0 fnt
|faint|p1a: Venusaur
|
|-weather|SunnyDay|[upkeep]
|
|switch|p1a: Charizard|Charizard, M, shiny|297\/297
|-damage|p1a: Charizard|149\/297|[from] Stealth Rock
|turn|22
|
|detailschange|p1a: Charizard|Charizard-Mega-Y, M, shiny
|-mega|p1a: Charizard|Charizard|Charizardite Y
|move|p2a: Gardevoir|Psyshock|p1a: Charizard
|-damage|p1a: Charizard|0 fnt
|faint|p1a: Charizard
|
|win|bewww
|raw|Ladder updating...
|raw|New Light's rating: 1621 &rarr; <strong>1601<\/strong><br \/>(-20 for losing)
|raw|bewww's rating: 1615 &rarr; <strong>1635<\/strong><br \/>(+20 for winning)
|leave|New Light
|c|âbewww|gg
|player|p1