|join|New Light
|join|PhillyDieHard11
|player|p1|New Light|156
|player|p2|PhillyDieHard11|200
|gametype|singles
|gen|6
|tier|OU
|rated
|clearpoke
|poke|p1|Dragalge, M
|poke|p1|Gyarados, F
|poke|p1|Magnezone
|poke|p1|Breloom, F
|poke|p1|Mandibuzz, F
|poke|p1|Heatran, F
|poke|p2|Diancie
|poke|p2|Magnezone
|poke|p2|Landorus-Therian, M
|poke|p2|Latias, F
|poke|p2|Conkeldurr, M
|poke|p2|Azumarill, M, shiny
|rule|Swagger Clause: Swagger is banned
|rule|Baton Pass Clause: Limit one PokÃ©mon knowing Baton Pass
|rule|Sleep Clause Mod: Limit one foe put to sleep
|rule|Species Clause: Limit one of each PokÃ©mon
|rule|OHKO Clause: OHKO moves are banned
|rule|Moody Clause: Moody is banned
|rule|Evasion Moves Clause: Evasion moves are banned
|rule|Endless Battle Clause: Forcing endless battles is banned
|rule|HP Percentage Mod: HP is shown in percentages
|teampreview
|
|start
|switch|p1a: Gyarados|Gyarados, F|331\/331
|switch|p2a: Me gusta Ferrothor|Magnezone|281\/281
|-ability|p1a: Gyarados|Intimidate|[of] p2a: Me gusta Ferrothor
|-unboost|p2a: Me gusta Ferrothor|atk|1
|turn|1
|
|switch|p1a: Breloom|Breloom, F|323\/323
|move|p2a: Me gusta Ferrothor|Volt Switch|p1a: Breloom
|-resisted|p1a: Breloom
|-damage|p1a: Breloom|223\/323
|
|switch|p2a: Latias|Latias, F|301\/301
|
|-status|p1a: Breloom|tox|[from] item: Toxic Orb
|turn|2
|
|switch|p2a: Landorus-Therian|Landorus-Therian, M|382\/382
|-ability|p2a: Landorus-Therian|Intimidate|[of] p1a: Breloom
|-unboost|p1a: Breloom|atk|1
|switch|p1a: Magnezone|Magnezone|281\/281
|
|turn|3
|
|move|p1a: Magnezone|Flash Cannon|p2a: Landorus-Therian
|-damage|p2a: Landorus-Therian|219\/382
|move|p2a: Landorus-Therian|Stealth Rock|p1a: Magnezone
|-sidestart|p1: New Light|move: Stealth Rock
|
|-heal|p2a: Landorus-Therian|242\/382|[from] item: Leftovers
|turn|4
|
|switch|p1a: Mandibuzz|Mandibuzz, F|423\/423
|-damage|p1a: Mandibuzz|318\/423|[from] Stealth Rock
|move|p2a: Landorus-Therian|U-turn|p1a: Mandibuzz
|-damage|p1a: Mandibuzz|263\/423
|-damage|p2a: Landorus-Therian|179\/382|[from] item: Rocky Helmet|[of] p1a: Mandibuzz
|
|switch|p2a: Me gusta Ferrothor|Magnezone|281\/281
|
|turn|5
|
|switch|p1a: Dragalge|Dragalge, M|321\/321
|-damage|p1a: Dragalge|281\/321|[from] Stealth Rock
|move|p2a: Me gusta Ferrothor|Volt Switch|p1a: Dragalge
|-resisted|p1a: Dragalge
|-damage|p1a: Dragalge|229\/321
|
|switch|p2a: Azumarill|Azumarill, M, shiny|364\/364
|
|turn|6
|
|move|p2a: Azumarill|Play Rough|p1a: Dragalge
|-damage|p1a: Dragalge|27\/321
|move|p1a: Dragalge|Sludge Wave|p2a: Azumarill
|-supereffective|p2a: Azumarill
|-damage|p2a: Azumarill|0 fnt
|faint|p2a: Azumarill
|
|
|switch|p2a: Me gusta Ferrothor|Magnezone|281\/281
|turn|7
|
|move|p2a: Me gusta Ferrothor|Volt Switch|p1a: Dragalge
|-resisted|p1a: Dragalge
|-damage|p1a: Dragalge|0 fnt
|faint|p1a: Dragalge
|
|switch|p2a: Latias|Latias, F|301\/301
|
|
|switch|p1a: Magnezone|Magnezone|281\/281
|-damage|p1a: Magnezone|264\/281|[from] Stealth Rock
|turn|8
|
|switch|p2a: Conkeldurr|Conkeldurr, M|351\/351
|move|p1a: Magnezone|Flash Cannon|p2a: Conkeldurr
|-damage|p2a: Conkeldurr|242\/351
|
|turn|9
|
|switch|p1a: Breloom|Breloom, F|223\/323 tox
|-damage|p1a: Breloom|203\/323 tox|[from] Stealth Rock
|switch|p2a: Me gusta Ferrothor|Magnezone|281\/281
|
|-heal|p1a: Breloom|243\/323 tox|[from] ability: Poison Heal
|turn|10
|
|move|p2a: Me gusta Ferrothor|Flash Cannon|p1a: Breloom
|-damage|p1a: Breloom|12\/323 tox
|-unboost|p1a: Breloom|spd|1
|move|p1a: Breloom|Rock Tomb|p2a: Me gusta Ferrothor
|-resisted|p2a: Me gusta Ferrothor
|-damage|p2a: Me gusta Ferrothor|244\/281
|-unboost|p2a: Me gusta Ferrothor|spe|1
|
|-heal|p1a: Breloom|52\/323 tox|[from] ability: Poison Heal
|turn|11
|
|switch|p2a: Landorus-Therian|Landorus-Therian, M|179\/382
|-ability|p2a: Landorus-Therian|Intimidate|[of] p1a: Breloom
|-unboost|p1a: Breloom|atk|1
|move|p1a: Breloom|Drain Punch|p2a: Landorus-Therian
|-resisted|p2a: Landorus-Therian
|-damage|p2a: Landorus-Therian|143\/382
|-heal|p1a: Breloom|70\/323 tox|[from] drain|[of] p2a: Landorus-Therian
|
|-heal|p2a: Landorus-Therian|166\/382|[from] item: Leftovers
|-heal|p1a: Breloom|110\/323 tox|[from] ability: Poison Heal
|turn|12
|
|move|p2a: Landorus-Therian|U-turn|p1a: Breloom
|-damage|p1a: Breloom|26\/323 tox
|
|switch|p2a: Latias|Latias, F|301\/301
|move|p1a: Breloom|Seed Bomb|p2a: Latias
|-resisted|p2a: Latias
|-damage|p2a: Latias|247\/301
|
|-heal|p1a: Breloom|66\/323 tox|[from] ability: Poison Heal
|turn|13
|
|switch|p1a: Magnezone|Magnezone|264\/281
|-damage|p1a: Magnezone|247\/281|[from] Stealth Rock
|move|p2a: Latias|Psyshock|p1a: Magnezone
|-resisted|p1a: Magnezone
|-damage|p1a: Magnezone|177\/281
|-damage|p2a: Latias|217\/301|[from] item: Life Orb
|
|turn|14
|
|switch|p2a: Landorus-Therian|Landorus-Therian, M|166\/382
|-ability|p2a: Landorus-Therian|Intimidate|[of] p1a: Magnezone
|-unboost|p1a: Magnezone|atk|1
|move|p1a: Magnezone|Flash Cannon|p2a: Landorus-Therian
|-damage|p2a: Landorus-Therian|0 fnt
|faint|p2a: Landorus-Therian
|
|
|switch|p2a: Me gusta Ferrothor|Magnezone|244\/281
|turn|15
|
|move|p1a: Magnezone|Flash Cannon|p2a: Me gusta Ferrothor
|-resisted|p2a: Me gusta Ferrothor
|-damage|p2a: Me gusta Ferrothor|204\/281
|move|p2a: Me gusta Ferrothor|Hidden Power|p1a: Magnezone
|-supereffective|p1a: Magnezone
|-damage|p1a: Magnezone|19\/281
|
|turn|16
|
|move|p1a: Magnezone|Flash Cannon|p2a: Me gusta Ferrothor
|-resisted|p2a: Me gusta Ferrothor
|-damage|p2a: Me gusta Ferrothor|163\/281
|move|p2a: Me gusta Ferrothor|Hidden Power|p1a: Magnezone
|-supereffective|p1a: Magnezone
|-damage|p1a: Magnezone|0 fnt
|faint|p1a: Magnezone
|
|
|switch|p1a: Gyarados|Gyarados, F|331\/331
|-damage|p1a: Gyarados|249\/331|[from] Stealth Rock
|-ability|p1a: Gyarados|Intimidate|[of] p2a: Me gusta Ferrothor
|-unboost|p2a: Me gusta Ferrothor|atk|1
|turn|17
|
|switch|p2a: Latias|Latias, F|217\/301
|move|p1a: Gyarados|Dragon Dance|p1a: Gyarados
|-boost|p1a: Gyarados|atk|1
|-boost|p1a: Gyarados|spe|1
|
|turn|18
|
|move|p1a: Gyarados|Crunch|p2a: Latias
|-supereffective|p2a: Latias
|-damage|p2a: Latias|0 fnt
|faint|p2a: Latias
|
|
|switch|p2a: Me gusta Ferrothor|Magnezone|163\/281
|turn|19
|
|move|p1a: Gyarados|Waterfall|p2a: Me gusta Ferrothor
|-damage|p2a: Me gusta Ferrothor|0 fnt
|faint|p2a: Me gusta Ferrothor
|
|
|switch|p2a: Diancie|Diancie|242\/242
|turn|20
|
|detailschange|p2a: Diancie|Diancie-Mega
|-mega|p2a: Diancie|Diancie|Diancite
|move|p1a: Gyarados|Waterfall|p2a: Diancie
|-supereffective|p2a: Diancie
|-damage|p2a: Diancie|0 fnt
|faint|p2a: Diancie
|
|-message|PhillyDieHard11 forfeited.
|leave|PhillyDieHard11
|
|win|New Light
|raw|Ladder updating...
|player|p2