|join|wish killer
|join|New Light
|player|p1|wish killer|1
|player|p2|New Light|156
|gametype|singles
|gen|6
|tier|OU
|rated
|clearpoke
|poke|p1|Bisharp, F
|poke|p1|Venusaur, F
|poke|p1|Heatran, M
|poke|p1|Keldeo
|poke|p1|Chansey, F
|poke|p1|Skarmory, M
|poke|p2|Keldeo
|poke|p2|Metagross
|poke|p2|Entei, shiny
|poke|p2|Latias, F
|poke|p2|Chesnaught, F
|poke|p2|Mamoswine, M
|rule|Swagger Clause: Swagger is banned
|rule|Baton Pass Clause: Limit one PokÃ©mon knowing Baton Pass
|rule|Sleep Clause Mod: Limit one foe put to sleep
|rule|Species Clause: Limit one of each PokÃ©mon
|rule|OHKO Clause: OHKO moves are banned
|rule|Moody Clause: Moody is banned
|rule|Evasion Moves Clause: Evasion moves are banned
|rule|Endless Battle Clause: Forcing endless battles is banned
|rule|HP Percentage Mod: HP is shown in percentages
|teampreview
|join|i came from leddit
|
|start
|switch|p1a: Heatran|Heatran, M|340\/340
|switch|p2a: Entei|Entei, shiny|371\/371
|-ability|p2a: Entei|Pressure
|-item|p1a: Heatran|Air Balloon
|turn|1
|join|Dayanne
|c| i came from leddit|go bloody!
|
|move|p2a: Entei|Stone Edge|p1a: Heatran
|-damage|p1a: Heatran|246\/340
|-enditem|p1a: Heatran|Air Balloon
|move|p1a: Heatran|Stealth Rock|p2a: Entei
|-sidestart|p2: New Light|move: Stealth Rock
|
|turn|2
|
|switch|p1a: Chansey|Chansey, F|684\/684
|move|p2a: Entei|Bulldoze|p1a: Chansey
|-damage|p1a: Chansey|587\/684
|-unboost|p1a: Chansey|spe|1
|
|turn|3
|
|move|p2a: Entei|Sacred Fire|p1a: Chansey
|-damage|p1a: Chansey|346\/684
|move|p1a: Chansey|Thunder Wave|p2a: Entei
|-status|p2a: Entei|par
|
|turn|4
|
|move|p1a: Chansey|Soft-Boiled|p1a: Chansey
|-heal|p1a: Chansey|684\/684
|move|p2a: Entei|Sacred Fire|p1a: Chansey
|-damage|p1a: Chansey|432\/684
|-status|p1a: Chansey|brn
|
|-damage|p1a: Chansey|347\/684 brn|[from] brn
|turn|5
|
|switch|p2a: Keldeo|Keldeo|323\/323
|-damage|p2a: Keldeo|303\/323|[from] Stealth Rock
|move|p1a: Chansey|Soft-Boiled|p1a: Chansey
|-heal|p1a: Chansey|684\/684 brn
|
|-heal|p2a: Keldeo|323\/323|[from] item: Leftovers
|-damage|p1a: Chansey|599\/684 brn|[from] brn
|turn|6
|
|switch|p2a: Latias|Latias, F|364\/364
|-damage|p2a: Latias|319\/364|[from] Stealth Rock
|switch|p1a: Venusaur|Venusaur, F|364\/364
|
|-heal|p2a: Latias|341\/364|[from] item: Leftovers
|turn|7
|
|switch|p1a: Bisharp|Bisharp, F|334\/334
|move|p2a: Latias|Defog|p1a: Bisharp
|-unboost|p1a: Bisharp|evasion|1
|-boost|p1a: Bisharp|atk|2|[from] ability: Defiant
|-sideend|p2: New Light|Stealth Rock|[from] move: Defog|[of] p2a: Latias
|
|-heal|p2a: Latias|363\/364|[from] item: Leftovers
|turn|8
|
|switch|p2a: Chesnaught|Chesnaught, F|379\/379
|move|p1a: Bisharp|Knock Off|p2a: Chesnaught
|-resisted|p2a: Chesnaught
|-damage|p2a: Chesnaught|266\/379
|-enditem|p2a: Chesnaught|Leftovers|[from] move: Knock Off|[of] p1a: Bisharp
|
|turn|9
|
|switch|p1a: Skarmory|Skarmory, M|334\/334
|move|p2a: Chesnaught|Spikes|p1a: Skarmory
|-sidestart|p1: wish killer|Spikes
|
|turn|10
|
|switch|p2a: Mamoswine|Mamoswine, M|361\/361
|move|p1a: Skarmory|Spikes|p2a: Mamoswine
|-sidestart|p2: New Light|Spikes
|
|turn|11
|
|move|p2a: Mamoswine|Stealth Rock|p1a: Skarmory
|-sidestart|p1: wish killer|move: Stealth Rock
|move|p1a: Skarmory|Spikes|p2a: Mamoswine
|-sidestart|p2: New Light|Spikes
|
|turn|12
|
|move|p2a: Mamoswine|Ice Shard|p1a: Skarmory
|-damage|p1a: Skarmory|291\/334
|move|p1a: Skarmory|Whirlwind|p2a: Mamoswine
|drag|p2a: Keldeo|Keldeo|323\/323
|-damage|p2a: Keldeo|270\/323|[from] Spikes
|
|-heal|p2a: Keldeo|290\/323|[from] item: Leftovers
|turn|13
|
|switch|p1a: Venusaur|Venusaur, F|364\/364
|-damage|p1a: Venusaur|319\/364|[from] Spikes
|-damage|p1a: Venusaur|274\/364|[from] Stealth Rock
|move|p2a: Keldeo|Scald|p1a: Venusaur
|-resisted|p1a: Venusaur
|-damage|p1a: Venusaur|207\/364
|
|-heal|p2a: Keldeo|310\/323|[from] item: Leftovers
|turn|14
|
|switch|p2a: Entei|Entei, shiny|371\/371 par
|-damage|p2a: Entei|310\/371 par|[from] Spikes
|-ability|p2a: Entei|Pressure
|detailschange|p1a: Venusaur|Venusaur-Mega, F
|-mega|p1a: Venusaur|Venusaur|Venusaurite
|move|p1a: Venusaur|Synthesis|p1a: Venusaur
|-heal|p1a: Venusaur|364\/364
|
|turn|15
|
|switch|p1a: Chansey|Chansey, F|599\/684
|-damage|p1a: Chansey|514\/684|[from] Stealth Rock
|-damage|p1a: Chansey|429\/684|[from] Spikes
|move|p2a: Entei|Sacred Fire|p1a: Chansey
|-damage|p1a: Chansey|188\/684
|
|turn|16
|
|cant|p2a: Entei|par
|move|p1a: Chansey|Soft-Boiled|p1a: Chansey
|-heal|p1a: Chansey|530\/684
|
|turn|17
|
|move|p1a: Chansey|Seismic Toss|p2a: Entei
|-damage|p2a: Entei|210\/371 par
|cant|p2a: Entei|par
|
|turn|18
|
|move|p1a: Chansey|Seismic Toss|p2a: Entei
|-damage|p2a: Entei|110\/371 par
|cant|p2a: Entei|par
|
|turn|19
|c| Dayanne|extreme paralyze
|
|move|p1a: Chansey|Seismic Toss|p2a: Entei
|-damage|p2a: Entei|10\/371 par
|move|p2a: Entei|Sacred Fire|p1a: Chansey
|-damage|p1a: Chansey|299\/684
|-status|p1a: Chansey|brn
|
|-damage|p1a: Chansey|214\/684 brn|[from] brn
|turn|20
|
|move|p1a: Chansey|Soft-Boiled|p1a: Chansey
|-heal|p1a: Chansey|556\/684 brn
|move|p2a: Entei|Sacred Fire|p1a: Chansey
|-damage|p1a: Chansey|336\/684 brn
|
|-damage|p1a: Chansey|251\/684 brn|[from] brn
|turn|21
|
|move|p1a: Chansey|Soft-Boiled|p1a: Chansey
|-heal|p1a: Chansey|593\/684 brn
|move|p2a: Entei|Sacred Fire|p1a: Chansey
|-damage|p1a: Chansey|355\/684 brn
|
|-damage|p1a: Chansey|270\/684 brn|[from] brn
|turn|22
|
|move|p1a: Chansey|Soft-Boiled|p1a: Chansey
|-heal|p1a: Chansey|612\/684 brn
|move|p2a: Entei|Sacred Fire|p1a: Chansey
|-damage|p1a: Chansey|383\/684 brn
|
|-damage|p1a: Chansey|298\/684 brn|[from] brn
|turn|23
|
|move|p1a: Chansey|Soft-Boiled|p1a: Chansey
|-heal|p1a: Chansey|640\/684 brn
|move|p2a: Entei|Sacred Fire|p1a: Chansey
|-damage|p1a: Chansey|388\/684 brn
|
|-damage|p1a: Chansey|303\/684 brn|[from] brn
|turn|24
|
|switch|p2a: Keldeo|Keldeo|310\/323
|-damage|p2a: Keldeo|257\/323|[from] Spikes
|move|p1a: Chansey|Soft-Boiled|p1a: Chansey
|-heal|p1a: Chansey|645\/684 brn
|
|-heal|p2a: Keldeo|277\/323|[from] item: Leftovers
|-damage|p1a: Chansey|560\/684 brn|[from] brn
|turn|25
|
|switch|p1a: Venusaur|Venusaur-Mega, F|364\/364
|-damage|p1a: Venusaur|319\/364|[from] Stealth Rock
|-damage|p1a: Venusaur|274\/364|[from] Spikes
|move|p2a: Keldeo|Substitute|p2a: Keldeo
|-start|p2a: Keldeo|Substitute
|-damage|p2a: Keldeo|197\/323
|
|-heal|p2a: Keldeo|217\/323|[from] item: Leftovers
|turn|26
|
|move|p2a: Keldeo|Scald|p1a: Venusaur
|-resisted|p1a: Venusaur
|-damage|p1a: Venusaur|217\/364
|move|p1a: Venusaur|Giga Drain|p2a: Keldeo
|-supereffective|p2a: Keldeo
|-end|p2a: Keldeo|Substitute
|-heal|p1a: Venusaur|257\/364|[from] drain|[of] p2a: Keldeo
|
|-heal|p2a: Keldeo|237\/323|[from] item: Leftovers
|turn|27
|
|switch|p2a: Metagross|Metagross|301\/301
|-damage|p2a: Metagross|251\/301|[from] Spikes
|move|p1a: Venusaur|Giga Drain|p2a: Metagross
|-resisted|p2a: Metagross
|-damage|p2a: Metagross|197\/301
|-heal|p1a: Venusaur|284\/364|[from] drain|[of] p2a: Metagross
|
|turn|28
|
|switch|p1a: Skarmory|Skarmory, M|291\/334
|-damage|p1a: Skarmory|250\/334|[from] Stealth Rock
|detailschange|p2a: Metagross|Metagross-Mega
|-mega|p2a: Metagross|Metagross|Metagrossite
|move|p2a: Metagross|Meteor Mash|p1a: Skarmory|[miss]
|-miss|p2a: Metagross|p1a: Skarmory
|
|turn|29
|
|move|p2a: Metagross|Thunder Punch|p1a: Skarmory
|-supereffective|p1a: Skarmory
|-damage|p1a: Skarmory|94\/334
|-damage|p2a: Metagross|147\/301|[from] item: Rocky Helmet|[of] p1a: Skarmory
|-status|p1a: Skarmory|par
|cant|p1a: Skarmory|par
|
|turn|30
|
|move|p2a: Metagross|Thunder Punch|p1a: Skarmory
|-supereffective|p1a: Skarmory
|-damage|p1a: Skarmory|0 fnt
|-damage|p2a: Metagross|97\/301|[from] item: Rocky Helmet|[of] p1a: Skarmory
|faint|p1a: Skarmory
|
|
|switch|p1a: Chansey|Chansey, F|560\/684
|-damage|p1a: Chansey|475\/684|[from] Spikes
|-damage|p1a: Chansey|390\/684|[from] Stealth Rock
|turn|31
|
|switch|p2a: Entei|Entei, shiny|10\/371 par
|-damage|p2a: Entei|0 fnt|[from] Spikes
|faint|p2a: Entei
|move|p1a: Chansey|Seismic Toss|p2: Entei|[notarget]
|-notarget
|
|
|switch|p2a: Keldeo|Keldeo|237\/323
|-damage|p2a: Keldeo|184\/323|[from] Spikes
|turn|32
|
|switch|p1a: Venusaur|Venusaur-Mega, F|284\/364
|-damage|p1a: Venusaur|239\/364|[from] Spikes
|-damage|p1a: Venusaur|194\/364|[from] Stealth Rock
|move|p2a: Keldeo|Calm Mind|p2a: Keldeo
|-boost|p2a: Keldeo|spa|1
|-boost|p2a: Keldeo|spd|1
|
|-heal|p2a: Keldeo|204\/323|[from] item: Leftovers
|turn|33
|
|move|p2a: Keldeo|Scald|p1a: Venusaur
|-resisted|p1a: Venusaur
|-damage|p1a: Venusaur|110\/364
|-status|p1a: Venusaur|brn
|move|p1a: Venusaur|Giga Drain|p2a: Keldeo
|-supereffective|p2a: Keldeo
|-damage|p2a: Keldeo|54\/323
|-heal|p1a: Venusaur|185\/364 brn|[from] drain|[of] p2a: Keldeo
|
|-heal|p2a: Keldeo|74\/323|[from] item: Leftovers
|-damage|p1a: Venusaur|140\/364 brn|[from] brn
|turn|34
|
|switch|p2a: Latias|Latias, F|363\/364
|move|p1a: Venusaur|Giga Drain|p2a: Latias
|-resisted|p2a: Latias
|-damage|p2a: Latias|330\/364
|-heal|p1a: Venusaur|157\/364 brn|[from] drain|[of] p2a: Latias
|
|-heal|p2a: Latias|352\/364|[from] item: Leftovers
|-damage|p1a: Venusaur|112\/364 brn|[from] brn
|turn|35
|
|move|p2a: Latias|Defog|p1a: Venusaur
|-unboost|p1a: Venusaur|evasion|1
|-sideend|p1: wish killer|Spikes|[from] move: Defog|[of] p1a: Venusaur
|-sideend|p1: wish killer|Stealth Rock|[from] move: Defog|[of] p1a: Venusaur
|-sideend|p2: New Light|Spikes|[from] move: Defog|[of] p2a: Latias
|move|p1a: Venusaur|Synthesis|p1a: Venusaur
|-heal|p1a: Venusaur|294\/364 brn
|
|-heal|p2a: Latias|364\/364|[from] item: Leftovers
|-damage|p1a: Venusaur|249\/364 brn|[from] brn
|turn|36
|
|switch|p2a: Chesnaught|Chesnaught, F|266\/379
|switch|p1a: Heatran|Heatran, M|246\/340
|
|turn|37
|
|switch|p2a: Mamoswine|Mamoswine, M|361\/361
|move|p1a: Heatran|Fire Blast|p2a: Mamoswine|[miss]
|-miss|p1a: Heatran|p2a: Mamoswine
|
|turn|38
|c| i came from leddit|u srs?
|
|move|p2a: Mamoswine|Stealth Rock|p1a: Heatran
|-sidestart|p1: wish killer|move: Stealth Rock
|move|p1a: Heatran|Fire Blast|p2a: Mamoswine
|-supereffective|p2a: Mamoswine
|-damage|p2a: Mamoswine|115\/361
|
|turn|39
|
|move|p2a: Mamoswine|Earthquake|p1a: Heatran
|-supereffective|p1a: Heatran
|-damage|p1a: Heatran|0 fnt
|faint|p1a: Heatran
|
|
|switch|p1a: Keldeo|Keldeo|323\/323
|-damage|p1a: Keldeo|303\/323|[from] Stealth Rock
|turn|40
|
|switch|p2a: Latias|Latias, F|364\/364
|move|p1a: Keldeo|Scald|p2a: Latias
|-resisted|p2a: Latias
|-damage|p2a: Latias|323\/364
|
|-heal|p1a: Keldeo|323\/323|[from] item: Leftovers
|-heal|p2a: Latias|345\/364|[from] item: Leftovers
|turn|41
|
|switch|p1a: Bisharp|Bisharp, F|334\/334
|-damage|p1a: Bisharp|314\/334|[from] Stealth Rock
|move|p2a: Latias|Dragon Pulse|p1a: Bisharp
|-resisted|p1a: Bisharp
|-damage|p1a: Bisharp|241\/334
|
|-heal|p2a: Latias|364\/364|[from] item: Leftovers
|-heal|p1a: Bisharp|261\/334|[from] item: Leftovers
|turn|42
|
|move|p2a: Latias|Thunder Wave|p1a: Bisharp
|-status|p1a: Bisharp|par
|move|p1a: Bisharp|Knock Off|p2a: Latias
|-supereffective|p2a: Latias
|-damage|p2a: Latias|0 fnt
|-enditem|p2a: Latias|Leftovers|[from] move: Knock Off|[of] p1a: Bisharp
|faint|p2a: Latias
|
|-heal|p1a: Bisharp|281\/334 par|[from] item: Leftovers
|c| i came from leddit|amazing play!
|
|switch|p2a: Chesnaught|Chesnaught, F|266\/379
|turn|43
|join|Venom3000
|
|switch|p1a: Venusaur|Venusaur-Mega, F|249\/364 brn
|-damage|p1a: Venusaur|204\/364 brn|[from] Stealth Rock
|move|p2a: Chesnaught|Spikes|p1a: Venusaur
|-sidestart|p1: wish killer|Spikes
|
|-damage|p1a: Venusaur|159\/364 brn|[from] brn
|turn|44
|
|move|p1a: Venusaur|Hidden Power|p2a: Chesnaught
|-supereffective|p2a: Chesnaught
|-damage|p2a: Chesnaught|134\/379
|move|p2a: Chesnaught|Spikes|p1a: Venusaur
|-sidestart|p1: wish killer|Spikes
|
|-damage|p1a: Venusaur|114\/364 brn|[from] brn
|turn|45
|
|move|p1a: Venusaur|Synthesis|p1a: Venusaur
|-heal|p1a: Venusaur|296\/364 brn
|move|p2a: Chesnaught|Drain Punch|p1a: Venusaur
|-resisted|p1a: Venusaur
|-damage|p1a: Venusaur|265\/364 brn
|-heal|p2a: Chesnaught|150\/379|[from] drain|[of] p1a: Venusaur
|
|-damage|p1a: Venusaur|220\/364 brn|[from] brn
|turn|46
|
|move|p2a: Chesnaught|Spiky Shield|p2a: Chesnaught
|-singleturn|p2a: Chesnaught|move: Protect
|move|p1a: Venusaur|Hidden Power|p2a: Chesnaught
|-activate|p2a: Chesnaught|move: Protect
|
|-damage|p1a: Venusaur|175\/364 brn|[from] brn
|turn|47
|
|switch|p2a: Keldeo|Keldeo|74\/323
|move|p1a: Venusaur|Hidden Power|p2a: Keldeo
|-resisted|p2a: Keldeo
|-damage|p2a: Keldeo|43\/323
|
|-heal|p2a: Keldeo|63\/323|[from] item: Leftovers
|-damage|p1a: Venusaur|130\/364 brn|[from] brn
|turn|48
|
|move|p2a: Keldeo|Calm Mind|p2a: Keldeo
|-boost|p2a: Keldeo|spa|1
|-boost|p2a: Keldeo|spd|1
|move|p1a: Venusaur|Synthesis|p1a: Venusaur
|-heal|p1a: Venusaur|312\/364 brn
|
|-heal|p2a: Keldeo|83\/323|[from] item: Leftovers
|-damage|p1a: Venusaur|267\/364 brn|[from] brn
|turn|49
|
|move|p2a: Keldeo|Scald|p1a: Venusaur
|-resisted|p1a: Venusaur
|-damage|p1a: Venusaur|174\/364 brn
|move|p1a: Venusaur|Giga Drain|p2a: Keldeo
|-supereffective|p2a: Keldeo
|-damage|p2a: Keldeo|0 fnt
|-heal|p1a: Venusaur|216\/364 brn|[from] drain|[of] p2a: Keldeo
|faint|p2a: Keldeo
|
|-damage|p1a: Venusaur|171\/364 brn|[from] brn
|
|switch|p2a: Metagross|Metagross-Mega|97\/301
|turn|50
|
|switch|p1a: Chansey|Chansey, F|390\/684
|-damage|p1a: Chansey|305\/684|[from] Stealth Rock
|-damage|p1a: Chansey|191\/684|[from] Spikes
|move|p2a: Metagross|Zen Headbutt|p1a: Chansey
|-damage|p1a: Chansey|0 fnt
|faint|p1a: Chansey
|
|
|switch|p1a: Bisharp|Bisharp, F|281\/334 par
|-damage|p1a: Bisharp|261\/334 par|[from] Stealth Rock
|-damage|p1a: Bisharp|206\/334 par|[from] Spikes
|turn|51
|
|switch|p2a: Mamoswine|Mamoswine, M|115\/361
|cant|p1a: Bisharp|par
|
|-heal|p1a: Bisharp|226\/334 par|[from] item: Leftovers
|turn|52
|
|move|p1a: Bisharp|Sucker Punch|p2a: Mamoswine
|-damage|p2a: Mamoswine|0 fnt
|faint|p2a: Mamoswine
|
|-heal|p1a: Bisharp|246\/334 par|[from] item: Leftovers
|
|switch|p2a: Chesnaught|Chesnaught, F|150\/379
|turn|53
|
|switch|p1a: Venusaur|Venusaur-Mega, F|171\/364 brn
|-damage|p1a: Venusaur|126\/364 brn|[from] Stealth Rock
|-damage|p1a: Venusaur|66\/364 brn|[from] Spikes
|move|p2a: Chesnaught|Drain Punch|p1a: Venusaur
|-resisted|p1a: Venusaur
|-damage|p1a: Venusaur|37\/364 brn
|-heal|p2a: Chesnaught|165\/379|[from] drain|[of] p1a: Venusaur
|
|-damage|p1a: Venusaur|0 fnt|[from] brn
|faint|p1a: Venusaur
|
|switch|p1a: Keldeo|Keldeo|323\/323
|-damage|p1a: Keldeo|270\/323|[from] Spikes
|-damage|p1a: Keldeo|250\/323|[from] Stealth Rock
|turn|54
|
|move|p1a: Keldeo|Icy Wind|p2a: Chesnaught
|-supereffective|p2a: Chesnaught
|-damage|p2a: Chesnaught|3\/379
|-unboost|p2a: Chesnaught|spe|1
|move|p2a: Chesnaught|Drain Punch|p1a: Keldeo
|-damage|p1a: Keldeo|154\/323
|-heal|p2a: Chesnaught|51\/379|[from] drain|[of] p1a: Keldeo
|
|-heal|p1a: Keldeo|174\/323|[from] item: Leftovers
|turn|55
|
|switch|p2a: Metagross|Metagross-Mega|97\/301
|move|p1a: Keldeo|Icy Wind|p2a: Metagross
|-resisted|p2a: Metagross
|-damage|p2a: Metagross|69\/301
|-unboost|p2a: Metagross|spe|1
|
|-heal|p1a: Keldeo|194\/323|[from] item: Leftovers
|turn|56
|
|switch|p2a: Chesnaught|Chesnaught, F|51\/379
|move|p1a: Keldeo|Scald|p2a: Chesnaught
|-crit|p2a: Chesnaught
|-resisted|p2a: Chesnaught
|-damage|p2a: Chesnaught|0 fnt
|faint|p2a: Chesnaught
|
|-heal|p1a: Keldeo|214\/323|[from] item: Leftovers
|
|switch|p2a: Metagross|Metagross-Mega|69\/301
|turn|57
|
|move|p2a: Metagross|Zen Headbutt|p1a: Keldeo
|-supereffective|p1a: Keldeo
|-damage|p1a: Keldeo|0 fnt
|faint|p1a: Keldeo
|
|
|switch|p1a: Bisharp|Bisharp, F|246\/334 par
|-damage|p1a: Bisharp|191\/334 par|[from] Spikes
|-damage|p1a: Bisharp|171\/334 par|[from] Stealth Rock
|turn|58
|
|move|p1a: Bisharp|Sucker Punch|p2a: Metagross
|-supereffective|p2a: Metagross
|-damage|p2a: Metagross|0 fnt
|faint|p2a: Metagross
|
|win|wish killer
|raw|Ladder updating...
|raw|wish killer's rating: 1868 &rarr; <strong>1878<\/strong><br \/>(+10 for winning)
|raw|New Light's rating: 1697 &rarr; <strong>1686<\/strong><br \/>(-11 for losing)
|leave|New Light
|player|p2
|c| Dayanne|uhuu
|c| i came from leddit|#1 :^)
|c| Dayanne|1
|c| i came from leddit|90.3
|c|âwish killer|wish killer > hax