|join|lil manaphy
|join|New Light
|player|p1|lil manaphy|272
|player|p2|New Light|156
|gametype|singles
|gen|6
|tier|OU
|rated
|clearpoke
|poke|p1|Lopunny, F
|poke|p1|Manaphy
|poke|p1|Scizor, M
|poke|p1|Celebi
|poke|p1|Heatran, M
|poke|p1|Mandibuzz, F
|poke|p2|Keldeo
|poke|p2|Metagross
|poke|p2|Entei, shiny
|poke|p2|Tyranitar, M
|poke|p2|Chesnaught, F
|poke|p2|Excadrill, M
|rule|Swagger Clause: Swagger is banned
|rule|Baton Pass Clause: Limit one PokÃ©mon knowing Baton Pass
|rule|Sleep Clause Mod: Limit one foe put to sleep
|rule|Species Clause: Limit one of each PokÃ©mon
|rule|OHKO Clause: OHKO moves are banned
|rule|Moody Clause: Moody is banned
|rule|Evasion Moves Clause: Evasion moves are banned
|rule|Endless Battle Clause: Forcing endless battles is banned
|rule|HP Percentage Mod: HP is shown in percentages
|teampreview
|join|amg
|
|start
|switch|p1a: Couture|Lopunny, F|271\/271
|switch|p2a: Metagross|Metagross|301\/301
|turn|1
|c| amg|GO LIL MANAPHY
|
|detailschange|p1a: Couture|Lopunny-Mega, F
|-mega|p1a: Couture|Lopunny|Lopunnite
|detailschange|p2a: Metagross|Metagross-Mega
|-mega|p2a: Metagross|Metagross|Metagrossite
|move|p1a: Couture|Fake Out|p2a: Metagross
|-resisted|p2a: Metagross
|-damage|p2a: Metagross|270\/301
|cant|p2a: Metagross|flinch
|
|turn|2
|
|switch|p1a: im walling everyth|Mandibuzz, F|423\/423
|move|p2a: Metagross|Meteor Mash|p1a: im walling everyth
|-crit|p1a: im walling everyth
|-damage|p1a: im walling everyth|194\/423
|-damage|p2a: Metagross|220\/301|[from] item: Rocky Helmet|[of] p1a: im walling everyth
|
|turn|3
|
|switch|p2a: Tyranitar|Tyranitar, M|404\/404
|-weather|Sandstorm
|move|p1a: im walling everyth|Roost|p1a: im walling everyth
|-heal|p1a: im walling everyth|406\/423
|
|-weather|Sandstorm|[upkeep]
|turn|4
|
|move|p1a: im walling everyth|Taunt|p2a: Tyranitar
|-start|p2a: Tyranitar|move: Taunt
|cant|p2a: Tyranitar|move: Taunt|Stealth Rock
|
|-weather|Sandstorm|[upkeep]
|turn|5
|
|switch|p1a: Couture|Lopunny-Mega, F|271\/271
|move|p2a: Tyranitar|Crunch|p1a: Couture
|-resisted|p1a: Couture
|-damage|p1a: Couture|187\/271
|
|-weather|Sandstorm|[upkeep]
|-damage|p1a: Couture|171\/271|[from] sandstorm
|turn|6
|
|switch|p2a: Chesnaught|Chesnaught, F|379\/379
|move|p1a: Couture|Drain Punch|p2a: Chesnaught
|-damage|p2a: Chesnaught|291\/379
|-heal|p1a: Couture|215\/271|[from] drain|[of] p2a: Chesnaught
|
|-weather|Sandstorm|[upkeep]
|-damage|p1a: Couture|199\/271|[from] sandstorm
|-damage|p2a: Chesnaught|268\/379|[from] sandstorm
|-heal|p2a: Chesnaught|291\/379|[from] item: Leftovers
|turn|7
|
|switch|p1a: im walling everyth|Mandibuzz, F|406\/423
|move|p2a: Chesnaught|Spikes|p1a: im walling everyth
|-sidestart|p1: lil manaphy|Spikes
|
|-weather|Sandstorm|[upkeep]
|-damage|p2a: Chesnaught|268\/379|[from] sandstorm
|-heal|p2a: Chesnaught|291\/379|[from] item: Leftovers
|turn|8
|
|switch|p2a: Entei|Entei, shiny|371\/371
|-ability|p2a: Entei|Pressure
|move|p1a: im walling everyth|Defog|p2a: Entei
|-unboost|p2a: Entei|evasion|1
|-sideend|p1: lil manaphy|Spikes|[from] move: Defog|[of] p1a: im walling everyth
|
|-weather|Sandstorm|[upkeep]
|-damage|p2a: Entei|348\/371|[from] sandstorm
|turn|9
|
|switch|p1a: still bigger than|Manaphy|341\/341
|move|p2a: Entei|Stone Edge|p1a: still bigger than
|-damage|p1a: still bigger than|172\/341
|-damage|p2a: Entei|311\/371|[from] item: Life Orb
|
|-weather|Sandstorm|[upkeep]
|-damage|p1a: still bigger than|151\/341|[from] sandstorm
|-damage|p2a: Entei|288\/371|[from] sandstorm
|-heal|p1a: still bigger than|172\/341|[from] item: Leftovers
|turn|10
|join|Sweet Symphony
|
|move|p1a: still bigger than|Psychic|p2a: Entei
|-damage|p2a: Entei|164\/371
|move|p2a: Entei|Stone Edge|p1a: still bigger than
|-damage|p1a: still bigger than|19\/341
|-damage|p2a: Entei|127\/371|[from] item: Life Orb
|
|-weather|none
|-heal|p1a: still bigger than|40\/341|[from] item: Leftovers
|turn|11
|leave|amg
|
|switch|p1a: business|Scizor, M|343\/343
|move|p2a: Entei|Sacred Fire|p1a: business|[miss]
|-miss|p2a: Entei|p1a: business
|
|turn|12
|c| Sweet Symphony|rofl
|
|switch|p1a: bean curd puff|Heatran, M|386\/386
|move|p2a: Entei|Sacred Fire|p1a: bean curd puff
|-start|p1a: bean curd puff|ability: Flash Fire
|
|turn|13
|
|move|p2a: Entei|Bulldoze|p1a: bean curd puff
|-supereffective|p1a: bean curd puff
|-damage|p1a: bean curd puff|43\/386
|-unboost|p1a: bean curd puff|spe|1
|-damage|p2a: Entei|90\/371|[from] item: Life Orb
|move|p1a: bean curd puff|Earth Power|p2a: Entei
|-supereffective|p2a: Entei
|-damage|p2a: Entei|0 fnt
|faint|p2a: Entei
|
|-heal|p1a: bean curd puff|67\/386|[from] item: Leftovers
|
|switch|p2a: Tyranitar|Tyranitar, M|404\/404
|-weather|Sandstorm
|turn|14
|join|squirrelll
|
|move|p2a: Tyranitar|Pursuit|p1a: bean curd puff|[from]Pursuit
|-damage|p1a: bean curd puff|0 fnt
|faint|p1a: bean curd puff
|
|-weather|Sandstorm|[upkeep]
|
|switch|p1a: Couture|Lopunny-Mega, F|199\/271
|turn|15
|
|switch|p2a: Chesnaught|Chesnaught, F|291\/379
|move|p1a: Couture|Drain Punch|p2a: Chesnaught
|-damage|p2a: Chesnaught|197\/379
|-heal|p1a: Couture|246\/271|[from] drain|[of] p2a: Chesnaught
|
|-weather|Sandstorm|[upkeep]
|-damage|p1a: Couture|230\/271|[from] sandstorm
|-damage|p2a: Chesnaught|174\/379|[from] sandstorm
|-heal|p2a: Chesnaught|197\/379|[from] item: Leftovers
|turn|16
|join|Aka DH
|
|switch|p1a: business|Scizor, M|343\/343
|move|p2a: Chesnaught|Drain Punch|p1a: business
|-damage|p1a: business|246\/343
|-heal|p2a: Chesnaught|246\/379|[from] drain|[of] p1a: business
|
|-weather|Sandstorm|[upkeep]
|-damage|p2a: Chesnaught|223\/379|[from] sandstorm
|-heal|p2a: Chesnaught|246\/379|[from] item: Leftovers
|turn|17
|
|move|p2a: Chesnaught|Spiky Shield|p2a: Chesnaught
|-singleturn|p2a: Chesnaught|move: Protect
|move|p1a: business|U-turn|p2a: Chesnaught
|-activate|p2a: Chesnaught|move: Protect
|-damage|p1a: business|204\/343|[from] Spiky Shield|[of] p2a: Chesnaught
|
|-weather|Sandstorm|[upkeep]
|-damage|p2a: Chesnaught|223\/379|[from] sandstorm
|-heal|p2a: Chesnaught|246\/379|[from] item: Leftovers
|turn|18
|
|switch|p2a: Keldeo|Keldeo|323\/323
|move|p1a: business|U-turn|p2a: Keldeo
|-resisted|p2a: Keldeo
|-damage|p2a: Keldeo|217\/323
|
|switch|p1a: Couture|Lopunny-Mega, F|230\/271
|
|-weather|Sandstorm|[upkeep]
|-damage|p1a: Couture|214\/271|[from] sandstorm
|-damage|p2a: Keldeo|197\/323|[from] sandstorm
|-heal|p2a: Keldeo|217\/323|[from] item: Leftovers
|turn|19
|
|move|p1a: Couture|Fake Out|p2a: Keldeo
|-damage|p2a: Keldeo|129\/323
|cant|p2a: Keldeo|flinch
|
|-weather|Sandstorm|[upkeep]
|-damage|p1a: Couture|198\/271|[from] sandstorm
|-damage|p2a: Keldeo|109\/323|[from] sandstorm
|-heal|p2a: Keldeo|129\/323|[from] item: Leftovers
|turn|20
|
|switch|p2a: Excadrill|Excadrill, M|361\/361
|-item|p2a: Excadrill|Air Balloon
|move|p1a: Couture|Return|p2a: Excadrill
|-resisted|p2a: Excadrill
|-damage|p2a: Excadrill|211\/361
|-enditem|p2a: Excadrill|Air Balloon
|
|-weather|Sandstorm|[upkeep]
|-damage|p1a: Couture|182\/271|[from] sandstorm
|turn|21
|
|switch|p1a: still bigger than|Manaphy|40\/341
|move|p2a: Excadrill|Rock Slide|p1a: still bigger than
|-damage|p1a: still bigger than|0 fnt
|faint|p1a: still bigger than
|
|-weather|none
|
|switch|p1a: Couture|Lopunny-Mega, F|182\/271
|turn|22
|
|switch|p2a: Tyranitar|Tyranitar, M|404\/404
|-weather|Sandstorm
|move|p1a: Couture|Drain Punch|p2a: Tyranitar
|-supereffective|p2a: Tyranitar
|-damage|p2a: Tyranitar|0 fnt
|-heal|p1a: Couture|271\/271|[from] drain|[of] p2a: Tyranitar
|faint|p2a: Tyranitar
|
|-weather|Sandstorm|[upkeep]
|-damage|p1a: Couture|255\/271|[from] sandstorm
|
|switch|p2a: Excadrill|Excadrill, M|211\/361
|turn|23
|
|move|p2a: Excadrill|Earthquake|p1a: Couture
|-damage|p1a: Couture|54\/271
|move|p1a: Couture|Drain Punch|p2a: Excadrill
|-supereffective|p2a: Excadrill
|-damage|p2a: Excadrill|0 fnt
|-heal|p1a: Couture|160\/271|[from] drain|[of] p2a: Excadrill
|faint|p2a: Excadrill
|
|-weather|Sandstorm|[upkeep]
|-damage|p1a: Couture|144\/271|[from] sandstorm
|
|switch|p2a: Chesnaught|Chesnaught, F|246\/379
|turn|24
|
|switch|p1a: just my onion|Celebi|404\/404
|move|p2a: Chesnaught|Leech Seed|p1a: just my onion
|-immune|p1a: just my onion|[msg]
|
|-weather|Sandstorm|[upkeep]
|-damage|p1a: just my onion|379\/404|[from] sandstorm
|-damage|p2a: Chesnaught|223\/379|[from] sandstorm
|-heal|p1a: just my onion|404\/404|[from] item: Leftovers
|-heal|p2a: Chesnaught|246\/379|[from] item: Leftovers
|turn|25
|join|UrsaReign
|
|move|p1a: just my onion|Giga Drain|p2a: Chesnaught
|-resisted|p2a: Chesnaught
|-damage|p2a: Chesnaught|195\/379
|move|p2a: Chesnaught|Spikes|p1a: just my onion
|-sidestart|p1: lil manaphy|Spikes
|
|-weather|Sandstorm|[upkeep]
|-damage|p1a: just my onion|379\/404|[from] sandstorm
|-damage|p2a: Chesnaught|172\/379|[from] sandstorm
|-heal|p1a: just my onion|404\/404|[from] item: Leftovers
|-heal|p2a: Chesnaught|195\/379|[from] item: Leftovers
|turn|26
|join|Neo-Lil YoshiXD
|join|CSS)bleachzxzx
|
|move|p1a: just my onion|Giga Drain|p2a: Chesnaught
|-resisted|p2a: Chesnaught
|-damage|p2a: Chesnaught|138\/379
|move|p2a: Chesnaught|Spikes|p1a: just my onion
|-sidestart|p1: lil manaphy|Spikes
|
|-weather|Sandstorm|[upkeep]
|-damage|p1a: just my onion|379\/404|[from] sandstorm
|-damage|p2a: Chesnaught|115\/379|[from] sandstorm
|-heal|p1a: just my onion|404\/404|[from] item: Leftovers
|-heal|p2a: Chesnaught|138\/379|[from] item: Leftovers
|turn|27
|
|switch|p2a: Metagross|Metagross-Mega|220\/301
|move|p1a: just my onion|Giga Drain|p2a: Metagross
|-resisted|p2a: Metagross
|-damage|p2a: Metagross|179\/301
|
|-weather|Sandstorm|[upkeep]
|-damage|p1a: just my onion|379\/404|[from] sandstorm
|-heal|p1a: just my onion|404\/404|[from] item: Leftovers
|turn|28
|c| UrsaReign|ok...no twave?
|
|move|p2a: Metagross|Meteor Mash|p1a: just my onion
|-damage|p1a: just my onion|161\/404
|move|p1a: just my onion|Baton Pass|p1a: just my onion
|c| Sweet Symphony|rofl
|
|switch|p1a: im walling everyth|Mandibuzz, F|406\/423
|
|-weather|Sandstorm|[upkeep]
|turn|29
|c|âlil manaphy|expecting pursuit
|c|âlil manaphy|but ok
|
|switch|p2a: Keldeo|Keldeo|129\/323
|move|p1a: im walling everyth|Foul Play|p2a: Keldeo
|-resisted|p2a: Keldeo
|-damage|p2a: Keldeo|87\/323
|-boost|p2a: Keldeo|atk|1|[from] ability: Justified
|
|-weather|none
|-heal|p2a: Keldeo|107\/323|[from] item: Leftovers
|turn|30
|
|switch|p1a: business|Scizor, M|204\/343
|-damage|p1a: business|147\/343|[from] Spikes
|move|p2a: Keldeo|Scald|p1a: business
|-damage|p1a: business|0 fnt
|faint|p1a: business
|
|-heal|p2a: Keldeo|127\/323|[from] item: Leftovers
|
|switch|p1a: Couture|Lopunny-Mega, F|144\/271
|-damage|p1a: Couture|99\/271|[from] Spikes
|turn|31
|
|switch|p2a: Chesnaught|Chesnaught, F|138\/379
|move|p1a: Couture|Drain Punch|p2a: Chesnaught
|-damage|p2a: Chesnaught|51\/379
|-heal|p1a: Couture|143\/271|[from] drain|[of] p2a: Chesnaught
|
|-heal|p2a: Chesnaught|74\/379|[from] item: Leftovers
|turn|32
|
|move|p1a: Couture|Return|p2a: Chesnaught
|-damage|p2a: Chesnaught|0 fnt
|faint|p2a: Chesnaught
|
|
|switch|p2a: Metagross|Metagross-Mega|179\/301
|turn|33
|
|switch|p1a: im walling everyth|Mandibuzz, F|406\/423
|switch|p2a: Keldeo|Keldeo|127\/323
|
|-heal|p2a: Keldeo|147\/323|[from] item: Leftovers
|turn|34
|c| UrsaReign|ur elo is exactly the same as ur glicko
|
|switch|p1a: just my onion|Celebi|161\/404
|-damage|p1a: just my onion|94\/404|[from] Spikes
|move|p2a: Keldeo|Substitute|p2a: Keldeo
|-start|p2a: Keldeo|Substitute
|-damage|p2a: Keldeo|67\/323
|
|-heal|p2a: Keldeo|87\/323|[from] item: Leftovers
|-heal|p1a: just my onion|119\/404|[from] item: Leftovers
|turn|35
|c|âlil manaphy|oh thank GOD
|c|âlil manaphy|gg
|
|move|p2a: Keldeo|Scald|p1a: just my onion
|-resisted|p1a: just my onion
|-damage|p1a: just my onion|68\/404
|-status|p1a: just my onion|brn
|move|p1a: just my onion|Recover|p1a: just my onion
|-heal|p1a: just my onion|270\/404 brn
|
|-heal|p2a: Keldeo|107\/323|[from] item: Leftovers
|-heal|p1a: just my onion|295\/404 brn|[from] item: Leftovers
|-damage|p1a: just my onion|245\/404 brn|[from] brn
|turn|36
|
|switch|p2a: Metagross|Metagross-Mega|179\/301
|move|p1a: just my onion|Giga Drain|p2a: Metagross
|-resisted|p2a: Metagross
|-damage|p2a: Metagross|139\/301
|-heal|p1a: just my onion|265\/404 brn|[from] drain|[of] p2a: Metagross
|
|-heal|p1a: just my onion|290\/404 brn|[from] item: Leftovers
|-damage|p1a: just my onion|240\/404 brn|[from] brn
|turn|37
|
|switch|p1a: im walling everyth|Mandibuzz, F|406\/423
|move|p2a: Metagross|Meteor Mash|p1a: im walling everyth|[miss]
|-miss|p2a: Metagross|p1a: im walling everyth
|
|turn|38
|c| UrsaReign|psshhh
|
|switch|p2a: Keldeo|Keldeo|107\/323
|move|p1a: im walling everyth|Foul Play|p2a: Keldeo
|-resisted|p2a: Keldeo
|-damage|p2a: Keldeo|67\/323
|-boost|p2a: Keldeo|atk|1|[from] ability: Justified
|
|-heal|p2a: Keldeo|87\/323|[from] item: Leftovers
|turn|39
|c|âlil manaphy|i actually wanted that
|join|Lord Kuvira
|
|switch|p1a: just my onion|Celebi|240\/404
|-damage|p1a: just my onion|173\/404|[from] Spikes
|move|p2a: Keldeo|Scald|p1a: just my onion
|-resisted|p1a: just my onion
|-damage|p1a: just my onion|124\/404
|
|-heal|p2a: Keldeo|107\/323|[from] item: Leftovers
|-heal|p1a: just my onion|149\/404|[from] item: Leftovers
|turn|40
|
|switch|p2a: Metagross|Metagross-Mega|139\/301
|move|p1a: just my onion|Giga Drain|p2a: Metagross
|-resisted|p2a: Metagross
|-damage|p2a: Metagross|98\/301
|-heal|p1a: just my onion|170\/404|[from] drain|[of] p2a: Metagross
|
|-heal|p1a: just my onion|195\/404|[from] item: Leftovers
|turn|41
|
|switch|p2a: Keldeo|Keldeo|107\/323
|move|p1a: just my onion|Giga Drain|p2a: Keldeo
|-supereffective|p2a: Keldeo
|-damage|p2a: Keldeo|0 fnt
|-heal|p1a: just my onion|249\/404|[from] drain|[of] p2a: Keldeo
|faint|p2a: Keldeo
|
|-heal|p1a: just my onion|274\/404|[from] item: Leftovers
|leave|Neo-Lil YoshiXD
|c| UrsaReign|psssshh
|
|switch|p2a: Metagross|Metagross-Mega|98\/301
|turn|42
|c|âlil manaphy|gg
|
|switch|p1a: im walling everyth|Mandibuzz, F|406\/423
|move|p2a: Metagross|Meteor Mash|p1a: im walling everyth
|-damage|p1a: im walling everyth|256\/423
|-damage|p2a: Metagross|48\/301|[from] item: Rocky Helmet|[of] p1a: im walling everyth
|
|turn|43
|
|move|p2a: Metagross|Meteor Mash|p1a: im walling everyth
|-damage|p1a: im walling everyth|93\/423
|-damage|p2a: Metagross|0 fnt|[from] item: Rocky Helmet|[of] p1a: im walling everyth
|faint|p2a: Metagross
|
|win|lil manaphy
|raw|Ladder updating...
|raw|lil manaphy's rating: 1835 &rarr; <strong>1845<\/strong><br \/>(+10 for winning)
|raw|New Light's rating: 1657 &rarr; <strong>1647<\/strong><br \/>(-10 for losing)
|leave|New Light
|leave|squirrelll
|player|p2
|join|squirrelll
|leave|Lord Kuvira