|join|New Light
|join|sempresolojuve
|player|p1|New Light|156
|player|p2|sempresolojuve|92
|gametype|singles
|gen|6
|tier|OU
|rated
|clearpoke
|poke|p1|Keldeo
|poke|p1|Metagross
|poke|p1|Skarmory, M
|poke|p1|Tyranitar, F
|poke|p1|Kyurem-Black, shiny
|poke|p1|Slowbro, M, shiny
|poke|p2|Rotom-Wash
|poke|p2|Shuckle, F
|poke|p2|Heracross, F
|poke|p2|Landorus, M
|poke|p2|Skarmory, M
|poke|p2|Tyranitar, F
|rule|Swagger Clause: Swagger is banned
|rule|Baton Pass Clause: Limit one PokÃ©mon knowing Baton Pass
|rule|Sleep Clause Mod: Limit one foe put to sleep
|rule|Species Clause: Limit one of each PokÃ©mon
|rule|OHKO Clause: OHKO moves are banned
|rule|Moody Clause: Moody is banned
|rule|Evasion Moves Clause: Evasion moves are banned
|rule|Endless Battle Clause: Forcing endless battles is banned
|rule|HP Percentage Mod: HP is shown in percentages
|teampreview
|
|start
|switch|p1a: Kyurem-Black|Kyurem-Black, shiny|391\/391
|switch|p2a: Rotom-Wash|Rotom-Wash|304\/304
|-ability|p1a: Kyurem-Black|Teravolt
|turn|1
|
|move|p1a: Kyurem-Black|Substitute|p1a: Kyurem-Black
|-start|p1a: Kyurem-Black|Substitute
|-damage|p1a: Kyurem-Black|294\/391
|move|p2a: Rotom-Wash|Will-O-Wisp|p1a: Kyurem-Black
|
|-heal|p1a: Kyurem-Black|318\/391|[from] item: Leftovers
|turn|2
|
|move|p1a: Kyurem-Black|Earth Power|p2a: Rotom-Wash
|-crit|p2a: Rotom-Wash
|-supereffective|p2a: Rotom-Wash
|-damage|p2a: Rotom-Wash|4\/304
|move|p2a: Rotom-Wash|Volt Switch|p1a: Kyurem-Black
|-resisted|p1a: Kyurem-Black
|-activate|p1a: Kyurem-Black|Substitute|[damage]
|
|switch|p2a: Heracross|Heracross, F|302\/302
|
|-heal|p1a: Kyurem-Black|342\/391|[from] item: Leftovers
|turn|3
|
|switch|p1a: Skarmory|Skarmory, M|333\/333
|detailschange|p2a: Heracross|Heracross-Mega, F
|-mega|p2a: Heracross|Heracross|Heracronite
|move|p2a: Heracross|Rock Blast|p1a: Skarmory|[miss]
|-miss|p2a: Heracross|p1a: Skarmory
|
|turn|4
|
|switch|p2a: Rotom-Wash|Rotom-Wash|4\/304
|move|p1a: Skarmory|Spikes|p2a: Rotom-Wash
|-sidestart|p2: sempresolojuve|Spikes
|
|-heal|p2a: Rotom-Wash|23\/304|[from] item: Leftovers
|turn|5
|
|switch|p1a: Tyranitar|Tyranitar, F|404\/404
|-weather|Sandstorm
|move|p2a: Rotom-Wash|Will-O-Wisp|p1a: Tyranitar
|-status|p1a: Tyranitar|brn
|
|-weather|Sandstorm|[upkeep]
|-damage|p2a: Rotom-Wash|4\/304|[from] sandstorm
|-heal|p2a: Rotom-Wash|23\/304|[from] item: Leftovers
|-damage|p1a: Tyranitar|354\/404 brn|[from] brn
|turn|6
|
|move|p2a: Rotom-Wash|Hydro Pump|p1a: Tyranitar
|-crit|p1a: Tyranitar
|-supereffective|p1a: Tyranitar
|-damage|p1a: Tyranitar|144\/404 brn
|move|p1a: Tyranitar|Stealth Rock|p2a: Rotom-Wash
|-sidestart|p2: sempresolojuve|move: Stealth Rock
|
|-weather|Sandstorm|[upkeep]
|-damage|p2a: Rotom-Wash|4\/304|[from] sandstorm
|-heal|p2a: Rotom-Wash|23\/304|[from] item: Leftovers
|-heal|p1a: Tyranitar|169\/404 brn|[from] item: Leftovers
|-damage|p1a: Tyranitar|119\/404 brn|[from] brn
|turn|7
|
|move|p2a: Rotom-Wash|Hydro Pump|p1a: Tyranitar
|-supereffective|p1a: Tyranitar
|-damage|p1a: Tyranitar|0 fnt
|faint|p1a: Tyranitar
|
|-weather|Sandstorm|[upkeep]
|-damage|p2a: Rotom-Wash|4\/304|[from] sandstorm
|-heal|p2a: Rotom-Wash|23\/304|[from] item: Leftovers
|
|switch|p1a: Keldeo|Keldeo|323\/323
|turn|8
|
|move|p1a: Keldeo|Scald|p2a: Rotom-Wash
|-resisted|p2a: Rotom-Wash
|-damage|p2a: Rotom-Wash|0 fnt
|faint|p2a: Rotom-Wash
|
|-weather|Sandstorm|[upkeep]
|-damage|p1a: Keldeo|303\/323|[from] sandstorm
|
|switch|p2a: Heracross|Heracross-Mega, F|302\/302
|-damage|p2a: Heracross|265\/302|[from] Spikes
|-damage|p2a: Heracross|228\/302|[from] Stealth Rock
|turn|9
|
|switch|p1a: Skarmory|Skarmory, M|333\/333
|move|p2a: Heracross|Close Combat|p1a: Skarmory
|-damage|p1a: Skarmory|174\/333
|-damage|p2a: Heracross|178\/302|[from] item: Rocky Helmet|[of] p1a: Skarmory
|-unboost|p2a: Heracross|def|1
|-unboost|p2a: Heracross|spd|1
|
|-weather|none
|turn|10
|
|switch|p2a: Skarmory|Skarmory, M|334\/334
|-damage|p2a: Skarmory|293\/334|[from] Stealth Rock
|move|p1a: Skarmory|Whirlwind|p2a: Skarmory
|drag|p2a: Heracross|Heracross-Mega, F|178\/302
|-damage|p2a: Heracross|141\/302|[from] Stealth Rock
|-damage|p2a: Heracross|104\/302|[from] Spikes
|
|turn|11
|
|move|p2a: Heracross|Close Combat|p1a: Skarmory
|-damage|p1a: Skarmory|8\/333
|-damage|p2a: Heracross|54\/302|[from] item: Rocky Helmet|[of] p1a: Skarmory
|-unboost|p2a: Heracross|def|1
|-unboost|p2a: Heracross|spd|1
|move|p1a: Skarmory|Spikes|p2a: Heracross
|-sidestart|p2: sempresolojuve|Spikes
|
|turn|12
|
|move|p2a: Heracross|Bullet Seed|p1a: Skarmory
|-resisted|p1a: Skarmory
|-damage|p1a: Skarmory|2\/333
|-resisted|p1a: Skarmory
|-damage|p1a: Skarmory|0 fnt
|-hitcount|p1a: Skarmory|2
|faint|p1a: Skarmory
|
|
|switch|p1a: Keldeo|Keldeo|303\/323
|turn|13
|
|move|p1a: Keldeo|Scald|p2a: Heracross
|-damage|p2a: Heracross|0 fnt
|faint|p2a: Heracross
|
|
|switch|p2a: Tyranitar|Tyranitar, F|342\/342
|-damage|p2a: Tyranitar|300\/342|[from] Stealth Rock
|-damage|p2a: Tyranitar|243\/342|[from] Spikes
|-weather|Sandstorm
|turn|14
|
|move|p1a: Keldeo|Scald|p2a: Tyranitar
|-supereffective|p2a: Tyranitar
|-damage|p2a: Tyranitar|91\/342
|-status|p2a: Tyranitar|brn
|move|p2a: Tyranitar|Earth Power|p1a: Keldeo
|-damage|p1a: Keldeo|193\/323
|
|-weather|Sandstorm|[upkeep]
|-damage|p1a: Keldeo|173\/323|[from] sandstorm
|-damage|p2a: Tyranitar|49\/342 brn|[from] brn
|turn|15
|
|move|p1a: Keldeo|Scald|p2a: Tyranitar
|-supereffective|p2a: Tyranitar
|-damage|p2a: Tyranitar|0 fnt
|faint|p2a: Tyranitar
|
|-weather|Sandstorm|[upkeep]
|-damage|p1a: Keldeo|153\/323|[from] sandstorm
|
|switch|p2a: Skarmory|Skarmory, M|293\/334
|-damage|p2a: Skarmory|252\/334|[from] Stealth Rock
|turn|16
|
|move|p1a: Keldeo|Scald|p2a: Skarmory
|-damage|p2a: Skarmory|0 fnt
|faint|p2a: Skarmory
|
|-weather|Sandstorm|[upkeep]
|-damage|p1a: Keldeo|133\/323|[from] sandstorm
|
|switch|p2a: Shuckle|Shuckle, F|244\/244
|-damage|p2a: Shuckle|204\/244|[from] Spikes
|-damage|p2a: Shuckle|143\/244|[from] Stealth Rock
|turn|17
|
|move|p1a: Keldeo|Scald|p2a: Shuckle
|-supereffective|p2a: Shuckle
|-damage|p2a: Shuckle|23\/244
|move|p2a: Shuckle|Rest|p2a: Shuckle
|-status|p2a: Shuckle|slp
|-heal|p2a: Shuckle|244\/244 slp|[silent]
|-status|p2a: Shuckle|slp|[from] move: Rest
|-enditem|p2a: Shuckle|Chesto Berry|[eat]
|-curestatus|p2a: Shuckle|slp
|
|-weather|Sandstorm|[upkeep]
|-damage|p1a: Keldeo|113\/323|[from] sandstorm
|turn|18
|
|move|p1a: Keldeo|Scald|p2a: Shuckle
|-crit|p2a: Shuckle
|-supereffective|p2a: Shuckle
|-damage|p2a: Shuckle|58\/244
|move|p2a: Shuckle|Infestation|p1a: Keldeo
|-resisted|p1a: Keldeo
|-damage|p1a: Keldeo|110\/323
|-activate|p1a: Keldeo|move: Infestation|[of] p2a: Shuckle
|
|-weather|none
|-damage|p1a: Keldeo|70\/323|[from] move: Infestation|[partiallytrapped]
|turn|19
|c|âsempresolojuve|bomm lucky
|
|move|p1a: Keldeo|Scald|p2a: Shuckle
|-supereffective|p2a: Shuckle
|-damage|p2a: Shuckle|0 fnt
|faint|p2a: Shuckle
|
|-end|p1a: Keldeo|Infestation|[partiallytrapped]
|
|switch|p2a: Landorus|Landorus, M|320\/320
|-damage|p2a: Landorus|280\/320|[from] Stealth Rock
|turn|20
|
|move|p1a: Keldeo|Scald|p2a: Landorus
|-supereffective|p2a: Landorus
|-damage|p2a: Landorus|0 fnt
|faint|p2a: Landorus
|
|win|New Light
|raw|Ladder updating...
|leave|sempresolojuve