|join|iFenrear
|join|New Light
|player|p1|iFenrear|151
|player|p2|New Light|156
|gametype|singles
|gen|6
|tier|OU (suspect test)
|rated
|clearpoke
|poke|p1|Gengar, M
|poke|p1|Meloetta
|poke|p1|Ferrothorn, M
|poke|p1|Gyarados, M
|poke|p1|Porygon2
|poke|p1|Landorus, M
|poke|p2|Landorus-Therian, M
|poke|p2|Lucario, F
|poke|p2|Kyurem, shiny
|poke|p2|Tentacruel, F
|poke|p2|Clefable, F
|poke|p2|Garchomp, F
|rule|Swagger Clause: Swagger is banned
|rule|Baton Pass Clause: Limit one PokÃ©mon knowing Baton Pass
|rule|Sleep Clause Mod: Limit one foe put to sleep
|rule|Species Clause: Limit one of each PokÃ©mon
|rule|OHKO Clause: OHKO moves are banned
|rule|Moody Clause: Moody is banned
|rule|Evasion Moves Clause: Evasion moves are banned
|rule|Endless Battle Clause: Forcing endless battles is banned
|rule|HP Percentage Mod: HP is shown in percentages
|teampreview
|
|start
|switch|p1a: Enten|Landorus, M|319\/319
|switch|p2a: Garchomp|Garchomp, F|357\/357
|turn|1
|
|move|p2a: Garchomp|Dragon Claw|p1a: Enten
|-damage|p1a: Enten|156\/319
|move|p1a: Enten|Earthquake|p2a: Garchomp
|-damage|p2a: Garchomp|122\/357
|-damage|p1a: Enten|125\/319|[from] item: Life Orb
|
|turn|2
|
|move|p2a: Garchomp|Stealth Rock|p1a: Enten
|-sidestart|p1: iFenrear|move: Stealth Rock
|move|p1a: Enten|Earthquake|p2a: Garchomp
|-damage|p2a: Garchomp|0 fnt
|-damage|p1a: Enten|94\/319|[from] item: Life Orb
|faint|p2a: Garchomp
|
|
|switch|p2a: Lucario|Lucario, F|281\/281
|turn|3
|
|switch|p1a: Tytannial|Ferrothorn, M|352\/352
|-damage|p1a: Tytannial|330\/352|[from] Stealth Rock
|move|p2a: Lucario|Extreme Speed|p1a: Tytannial
|-resisted|p1a: Tytannial
|-damage|p1a: Tytannial|294\/352
|-damage|p2a: Lucario|246\/281|[from] ability: Iron Barbs|[of] p1a: Tytannial
|-damage|p2a: Lucario|200\/281|[from] item: Rocky Helmet|[of] p1a: Tytannial
|-damage|p2a: Lucario|172\/281|[from] item: Life Orb
|
|turn|4
|
|switch|p2a: Tentacruel|Tentacruel, F|364\/364
|switch|p1a: Phantom|Gengar, M|262\/262
|-damage|p1a: Phantom|230\/262|[from] Stealth Rock
|
|turn|5
|
|move|p1a: Phantom|Shadow Ball|p2a: Tentacruel
|-damage|p2a: Tentacruel|239\/364
|-damage|p1a: Phantom|204\/262|[from] item: Life Orb
|move|p2a: Tentacruel|Toxic Spikes|p1a: Phantom
|-sidestart|p1: iFenrear|move: Toxic Spikes
|
|-heal|p2a: Tentacruel|261\/364|[from] item: Black Sludge
|turn|6
|
|move|p1a: Phantom|Shadow Ball|p2a: Tentacruel
|-damage|p2a: Tentacruel|152\/364
|-damage|p1a: Phantom|178\/262|[from] item: Life Orb
|move|p2a: Tentacruel|Scald|p1a: Phantom
|-damage|p1a: Phantom|82\/262
|
|-heal|p2a: Tentacruel|174\/364|[from] item: Black Sludge
|turn|7
|
|move|p1a: Phantom|Shadow Ball|p2a: Tentacruel
|-damage|p2a: Tentacruel|45\/364
|-damage|p1a: Phantom|56\/262|[from] item: Life Orb
|move|p2a: Tentacruel|Scald|p1a: Phantom
|-damage|p1a: Phantom|0 fnt
|faint|p1a: Phantom
|
|-heal|p2a: Tentacruel|67\/364|[from] item: Black Sludge
|
|switch|p1a: Tytannial|Ferrothorn, M|294\/352
|-damage|p1a: Tytannial|272\/352|[from] Stealth Rock
|turn|8
|
|switch|p2a: Kyurem|Kyurem, shiny|405\/405
|-ability|p2a: Kyurem|Pressure
|move|p1a: Tytannial|Stealth Rock|p2a: Kyurem
|-sidestart|p2: New Light|move: Stealth Rock
|
|turn|9
|
|move|p2a: Kyurem|Substitute|p2a: Kyurem
|-start|p2a: Kyurem|Substitute
|-damage|p2a: Kyurem|304\/405
|move|p1a: Tytannial|Gyro Ball|p2a: Kyurem
|-supereffective|p2a: Kyurem
|-end|p2a: Kyurem|Substitute
|
|-heal|p2a: Kyurem|329\/405|[from] item: Leftovers
|turn|10
|
|move|p2a: Kyurem|Substitute|p2a: Kyurem
|-start|p2a: Kyurem|Substitute
|-damage|p2a: Kyurem|228\/405
|move|p1a: Tytannial|Gyro Ball|p2a: Kyurem
|-supereffective|p2a: Kyurem
|-end|p2a: Kyurem|Substitute
|
|-heal|p2a: Kyurem|253\/405|[from] item: Leftovers
|turn|11
|
|move|p2a: Kyurem|Substitute|p2a: Kyurem
|-start|p2a: Kyurem|Substitute
|-damage|p2a: Kyurem|152\/405
|move|p1a: Tytannial|Gyro Ball|p2a: Kyurem
|-supereffective|p2a: Kyurem
|-end|p2a: Kyurem|Substitute
|
|-heal|p2a: Kyurem|177\/405|[from] item: Leftovers
|turn|12
|
|move|p2a: Kyurem|Substitute|p2a: Kyurem
|-start|p2a: Kyurem|Substitute
|-damage|p2a: Kyurem|76\/405
|move|p1a: Tytannial|Gyro Ball|p2a: Kyurem
|-supereffective|p2a: Kyurem
|-end|p2a: Kyurem|Substitute
|
|-heal|p2a: Kyurem|101\/405|[from] item: Leftovers
|turn|13
|
|move|p2a: Kyurem|Roost|p2a: Kyurem
|-heal|p2a: Kyurem|304\/405
|move|p1a: Tytannial|Leech Seed|p2a: Kyurem
|-start|p2a: Kyurem|move: Leech Seed
|
|-heal|p2a: Kyurem|329\/405|[from] item: Leftovers
|-damage|p2a: Kyurem|279\/405|[from] Leech Seed|[of] p1a: Tytannial
|-heal|p1a: Tytannial|322\/352|[silent]
|turn|14
|
|switch|p2a: Tentacruel|Tentacruel, F|67\/364
|-damage|p2a: Tentacruel|22\/364|[from] Stealth Rock
|move|p1a: Tytannial|Spikes|p2a: Tentacruel
|-sidestart|p2: New Light|Spikes
|
|-heal|p2a: Tentacruel|44\/364|[from] item: Black Sludge
|turn|15
|
|move|p2a: Tentacruel|Toxic Spikes|p1a: Tytannial
|-sidestart|p1: iFenrear|move: Toxic Spikes
|move|p1a: Tytannial|Spikes|p2a: Tentacruel
|-sidestart|p2: New Light|Spikes
|
|-heal|p2a: Tentacruel|66\/364|[from] item: Black Sludge
|turn|16
|
|move|p2a: Tentacruel|Rapid Spin|p1a: Tytannial
|-resisted|p1a: Tytannial
|-damage|p1a: Tytannial|319\/352
|-damage|p2a: Tentacruel|21\/364|[from] ability: Iron Barbs|[of] p1a: Tytannial
|-damage|p2a: Tentacruel|0 fnt|[from] item: Rocky Helmet|[of] p1a: Tytannial
|faint|p2a: Tentacruel
|move|p1a: Tytannial|Spikes|p2: Tentacruel
|-sidestart|p2: New Light|Spikes
|
|
|switch|p2a: Kyurem|Kyurem, shiny|279\/405
|-damage|p2a: Kyurem|178\/405|[from] Spikes
|-damage|p2a: Kyurem|77\/405|[from] Stealth Rock
|-ability|p2a: Kyurem|Pressure
|turn|17
|
|move|p2a: Kyurem|Roost|p2a: Kyurem
|-heal|p2a: Kyurem|280\/405
|move|p1a: Tytannial|Leech Seed|p2a: Kyurem
|-start|p2a: Kyurem|move: Leech Seed
|
|-heal|p2a: Kyurem|305\/405|[from] item: Leftovers
|-damage|p2a: Kyurem|255\/405|[from] Leech Seed|[of] p1a: Tytannial
|-heal|p1a: Tytannial|352\/352|[silent]
|turn|18
|
|switch|p1a: R2P2|Porygon2|374\/374
|-damage|p1a: R2P2|328\/374|[from] Stealth Rock
|-status|p1a: R2P2|tox
|-ability|p1a: R2P2|Pressure|[from] ability: Trace|[of] p2a: Kyurem
|-ability|p1a: R2P2|Pressure
|move|p2a: Kyurem|Ice Beam|p1a: R2P2
|-damage|p1a: R2P2|226\/374 tox
|
|-heal|p2a: Kyurem|280\/405|[from] item: Leftovers
|-damage|p2a: Kyurem|230\/405|[from] Leech Seed|[of] p1a: R2P2
|-heal|p1a: R2P2|276\/374 tox|[silent]
|-damage|p1a: R2P2|253\/374 tox|[from] psn
|turn|19
|
|move|p2a: Kyurem|Roost|p2a: Kyurem
|-heal|p2a: Kyurem|405\/405
|move|p1a: R2P2|Discharge|p2a: Kyurem
|-resisted|p2a: Kyurem
|-damage|p2a: Kyurem|369\/405
|
|-heal|p2a: Kyurem|394\/405|[from] item: Leftovers
|-damage|p2a: Kyurem|344\/405|[from] Leech Seed|[of] p1a: R2P2
|-heal|p1a: R2P2|303\/374 tox|[silent]
|-damage|p1a: R2P2|257\/374 tox|[from] psn
|turn|20
|
|switch|p2a: Lucario|Lucario, F|172\/281
|-damage|p2a: Lucario|164\/281|[from] Stealth Rock
|-damage|p2a: Lucario|94\/281|[from] Spikes
|move|p1a: R2P2|Ice Beam|p2a: Lucario
|-resisted|p2a: Lucario
|-damage|p2a: Lucario|45\/281
|
|-damage|p1a: R2P2|188\/374 tox|[from] psn
|turn|21
|
|move|p2a: Lucario|Swords Dance|p2a: Lucario
|-boost|p2a: Lucario|atk|2
|move|p1a: R2P2|Discharge|p2a: Lucario
|-damage|p2a: Lucario|0 fnt
|faint|p2a: Lucario
|
|-damage|p1a: R2P2|96\/374 tox|[from] psn
|join|jake5
|
|switch|p2a: Kyurem|Kyurem, shiny|344\/405
|-damage|p2a: Kyurem|243\/405|[from] Spikes
|-damage|p2a: Kyurem|142\/405|[from] Stealth Rock
|-ability|p2a: Kyurem|Pressure
|turn|22
|
|move|p2a: Kyurem|Substitute|p2a: Kyurem
|-start|p2a: Kyurem|Substitute
|-damage|p2a: Kyurem|41\/405
|move|p1a: R2P2|Ice Beam|p2a: Kyurem
|-activate|p2a: Kyurem|Substitute|[damage]
|
|-heal|p2a: Kyurem|66\/405|[from] item: Leftovers
|-damage|p1a: R2P2|0 fnt|[from] psn
|faint|p1a: R2P2
|
|switch|p1a: Enten|Landorus, M|94\/319
|-damage|p1a: Enten|55\/319|[from] Stealth Rock
|turn|23
|
|move|p1a: Enten|Earthquake|p2a: Kyurem
|-end|p2a: Kyurem|Substitute
|-damage|p1a: Enten|24\/319|[from] item: Life Orb
|move|p2a: Kyurem|Ice Beam|p1a: Enten
|-supereffective|p1a: Enten
|-damage|p1a: Enten|0 fnt
|faint|p1a: Enten
|
|-heal|p2a: Kyurem|91\/405|[from] item: Leftovers
|
|switch|p1a: Predator|Gyarados, M|331\/331
|-damage|p1a: Predator|249\/331|[from] Stealth Rock
|-ability|p1a: Predator|Intimidate|[of] p2a: Kyurem
|-unboost|p2a: Kyurem|atk|1
|turn|24
|
|detailschange|p1a: Predator|Gyarados-Mega, M
|-mega|p1a: Predator|Gyarados|Gyaradosite
|-ability|p1a: Predator|Mold Breaker
|move|p2a: Kyurem|Ice Beam|p1a: Predator
|-resisted|p1a: Predator
|-damage|p1a: Predator|193\/331
|move|p1a: Predator|Substitute|p1a: Predator
|-start|p1a: Predator|Substitute
|-damage|p1a: Predator|111\/331
|
|-heal|p2a: Kyurem|116\/405|[from] item: Leftovers
|turn|25
|
|move|p2a: Kyurem|Earth Power|p1a: Predator
|-end|p1a: Predator|Substitute
|move|p1a: Predator|Dragon Dance|p1a: Predator
|-boost|p1a: Predator|atk|1
|-boost|p1a: Predator|spe|1
|
|-heal|p2a: Kyurem|141\/405|[from] item: Leftovers
|turn|26
|
|move|p1a: Predator|Crunch|p2a: Kyurem
|-damage|p2a: Kyurem|0 fnt
|faint|p2a: Kyurem
|
|
|switch|p2a: Clefable|Clefable, F|394\/394
|-damage|p2a: Clefable|345\/394|[from] Stealth Rock
|-damage|p2a: Clefable|247\/394|[from] Spikes
|turn|27
|
|move|p1a: Predator|Waterfall|p2a: Clefable
|-damage|p2a: Clefable|52\/394
|move|p2a: Clefable|Moonblast|p1a: Predator
|-supereffective|p1a: Predator
|-damage|p1a: Predator|0 fnt
|faint|p1a: Predator
|
|-heal|p2a: Clefable|76\/394|[from] item: Leftovers
|
|switch|p1a: Zelda|Meloetta|404\/404
|-status|p1a: Zelda|tox
|-damage|p1a: Zelda|354\/404 tox|[from] Stealth Rock
|turn|28
|
|move|p1a: Zelda|Psyshock|p2a: Clefable
|-damage|p2a: Clefable|0 fnt
|faint|p2a: Clefable
|
|-heal|p1a: Zelda|379\/404 tox|[from] item: Leftovers
|-damage|p1a: Zelda|354\/404 tox|[from] psn
|
|switch|p2a: Landorus-Therian|Landorus-Therian, M|331\/331
|-damage|p2a: Landorus-Therian|290\/331|[from] Stealth Rock
|-ability|p2a: Landorus-Therian|Intimidate|[of] p1a: Zelda
|-unboost|p1a: Zelda|atk|1
|turn|29
|
|move|p2a: Landorus-Therian|Earthquake|p1a: Zelda
|-damage|p1a: Zelda|167\/404 tox
|move|p1a: Zelda|Psyshock|p2a: Landorus-Therian
|-crit|p2a: Landorus-Therian
|-damage|p2a: Landorus-Therian|85\/331
|
|-heal|p2a: Landorus-Therian|105\/331|[from] item: Leftovers
|-heal|p1a: Zelda|192\/404 tox|[from] item: Leftovers
|-damage|p1a: Zelda|142\/404 tox|[from] psn
|turn|30
|
|move|p2a: Landorus-Therian|Earthquake|p1a: Zelda
|-damage|p1a: Zelda|0 fnt
|faint|p1a: Zelda
|
|-heal|p2a: Landorus-Therian|125\/331|[from] item: Leftovers
|
|switch|p1a: Tytannial|Ferrothorn, M|352\/352
|-damage|p1a: Tytannial|330\/352|[from] Stealth Rock
|turn|31
|
|move|p2a: Landorus-Therian|Swords Dance|p2a: Landorus-Therian
|-boost|p2a: Landorus-Therian|atk|2
|move|p1a: Tytannial|Leech Seed|p2a: Landorus-Therian
|-start|p2a: Landorus-Therian|move: Leech Seed
|
|-heal|p2a: Landorus-Therian|145\/331|[from] item: Leftovers
|-damage|p2a: Landorus-Therian|104\/331|[from] Leech Seed|[of] p1a: Tytannial
|-heal|p1a: Tytannial|352\/352|[silent]
|turn|32
|
|move|p2a: Landorus-Therian|Earthquake|p1a: Tytannial
|-damage|p1a: Tytannial|96\/352
|move|p1a: Tytannial|Leech Seed|p2a: Landorus-Therian|[miss]
|-miss|p1a: Tytannial|p2a: Landorus-Therian
|
|-heal|p2a: Landorus-Therian|124\/331|[from] item: Leftovers
|-damage|p2a: Landorus-Therian|83\/331|[from] Leech Seed|[of] p1a: Tytannial
|-heal|p1a: Tytannial|137\/352|[silent]
|turn|33
|c|âiFenrear|shit im outta gyros
|-message|iFenrear forfeited.
|leave|iFenrear
|
|win|New Light
|raw|Ladder updating...
|player|p1
|raw|iFenrear's rating: 1601 &rarr; <strong>1575<\/strong><br \/>(-26 for losing)
|raw|New Light's rating: 1490 &rarr; <strong>1516<\/strong><br \/>(+26 for winning)
|join|iFenrear