|join|New Light
|join|good alt alert
|player|p1|New Light|156
|player|p2|good alt alert|266
|gametype|singles
|gen|6
|tier|OU (suspect test)
|rated
|clearpoke
|poke|p1|Swampert, M
|poke|p1|Politoed, M
|poke|p1|Celebi
|poke|p1|Manaphy
|poke|p1|Klefki, M
|poke|p1|Bisharp, M
|poke|p2|Quagsire, M
|poke|p2|Chansey, F
|poke|p2|Gothitelle, F
|poke|p2|Sableye, M
|poke|p2|Skarmory, M, shiny
|poke|p2|Cresselia, F, shiny
|rule|Swagger Clause: Swagger is banned
|rule|Baton Pass Clause: Limit one PokÃ©mon knowing Baton Pass
|rule|Sleep Clause Mod: Limit one foe put to sleep
|rule|Species Clause: Limit one of each PokÃ©mon
|rule|OHKO Clause: OHKO moves are banned
|rule|Moody Clause: Moody is banned
|rule|Evasion Moves Clause: Evasion moves are banned
|rule|Endless Battle Clause: Forcing endless battles is banned
|rule|HP Percentage Mod: HP is shown in percentages
|teampreview
|
|start
|switch|p1a: Bisharp|Bisharp, M|271\/271
|switch|p2a: Chansey|Chansey, F|641\/641
|turn|1
|
|switch|p2a: Quagsire|Quagsire, M|391\/391
|move|p1a: Bisharp|Swords Dance|p1a: Bisharp
|-boost|p1a: Bisharp|atk|2
|
|turn|2
|
|move|p1a: Bisharp|Knock Off|p2a: Quagsire
|-damage|p2a: Quagsire|202\/391
|-enditem|p2a: Quagsire|Leftovers|[from] move: Knock Off|[of] p1a: Bisharp
|move|p2a: Quagsire|Scald|p1a: Bisharp
|-damage|p1a: Bisharp|187\/271
|
|turn|3
|
|switch|p1a: Ollie|Politoed, M|384\/384
|-weather|RainDance
|move|p2a: Quagsire|Recover|p2a: Quagsire
|-heal|p2a: Quagsire|391\/391
|
|-weather|RainDance|[upkeep]
|turn|4
|
|switch|p1a: Splash|Swampert, M|391\/391
|switch|p2a: Chansey|Chansey, F|641\/641
|
|-weather|RainDance|[upkeep]
|turn|5
|
|switch|p2a: Skarmory|Skarmory, M, shiny|333\/333
|detailschange|p1a: Splash|Swampert-Mega, M
|-mega|p1a: Splash|Swampert|Swampertite
|move|p1a: Splash|Waterfall|p2a: Skarmory
|-damage|p2a: Skarmory|191\/333
|-damage|p1a: Splash|326\/391|[from] item: Rocky Helmet|[of] p2a: Skarmory
|
|-weather|RainDance|[upkeep]
|turn|6
|
|move|p1a: Splash|Waterfall|p2a: Skarmory
|-damage|p2a: Skarmory|43\/333
|-damage|p1a: Splash|261\/391|[from] item: Rocky Helmet|[of] p2a: Skarmory
|move|p2a: Skarmory|Roost|p2a: Skarmory
|-heal|p2a: Skarmory|210\/333
|
|-weather|RainDance|[upkeep]
|turn|7
|
|move|p1a: Splash|Waterfall|p2a: Skarmory
|-damage|p2a: Skarmory|68\/333
|-damage|p1a: Splash|196\/391|[from] item: Rocky Helmet|[of] p2a: Skarmory
|move|p2a: Skarmory|Roost|p2a: Skarmory
|-heal|p2a: Skarmory|235\/333
|
|-weather|RainDance|[upkeep]
|turn|8
|
|move|p1a: Splash|Waterfall|p2a: Skarmory
|-damage|p2a: Skarmory|85\/333
|-damage|p1a: Splash|131\/391|[from] item: Rocky Helmet|[of] p2a: Skarmory
|move|p2a: Skarmory|Roost|p2a: Skarmory
|-heal|p2a: Skarmory|252\/333
|
|-weather|RainDance|[upkeep]
|turn|9
|
|move|p1a: Splash|Rest|p1a: Splash
|-status|p1a: Splash|slp
|-heal|p1a: Splash|391\/391 slp|[silent]
|-status|p1a: Splash|slp|[from] move: Rest
|move|p2a: Skarmory|Roost|p2a: Skarmory
|-heal|p2a: Skarmory|333\/333
|
|-weather|RainDance|[upkeep]
|turn|10
|
|cant|p1a: Splash|slp
|move|p1a: Splash|Sleep Talk|p1a: Splash
|move|p1a: Splash|Earthquake|p2a: Skarmory|[from]Sleep Talk
|-immune|p2a: Skarmory|[msg]
|move|p2a: Skarmory|Spikes|p1a: Splash
|-sidestart|p1: New Light|Spikes
|
|-weather|none
|turn|11
|
|switch|p1a: Ollie|Politoed, M|384\/384
|-damage|p1a: Ollie|336\/384|[from] Spikes
|-weather|RainDance
|move|p2a: Skarmory|Spikes|p1a: Ollie
|-sidestart|p1: New Light|Spikes
|
|-weather|RainDance|[upkeep]
|turn|12
|
|switch|p2a: Chansey|Chansey, F|641\/641
|switch|p1a: Splash|Swampert-Mega, M|391\/391 slp
|-damage|p1a: Splash|326\/391 slp|[from] Spikes
|
|-weather|RainDance|[upkeep]
|turn|13
|
|cant|p1a: Splash|slp
|move|p1a: Splash|Sleep Talk|p1a: Splash
|move|p1a: Splash|Earthquake|p2a: Chansey|[from]Sleep Talk
|-damage|p2a: Chansey|361\/641
|move|p2a: Chansey|Stealth Rock|p1a: Splash
|-sidestart|p1: New Light|move: Stealth Rock
|
|-weather|RainDance|[upkeep]
|turn|14
|
|switch|p2a: Skarmory|Skarmory, M, shiny|333\/333
|-curestatus|p1a: Splash|slp
|move|p1a: Splash|Waterfall|p2a: Skarmory
|-crit|p2a: Skarmory
|-damage|p2a: Skarmory|101\/333
|-damage|p1a: Splash|261\/391|[from] item: Rocky Helmet|[of] p2a: Skarmory
|
|-weather|RainDance|[upkeep]
|turn|15
|
|move|p1a: Splash|Waterfall|p2a: Skarmory
|-damage|p2a: Skarmory|0 fnt
|-damage|p1a: Splash|196\/391|[from] item: Rocky Helmet|[of] p2a: Skarmory
|faint|p2a: Skarmory
|
|-weather|RainDance|[upkeep]
|
|switch|p2a: Sableye|Sableye, M|301\/301
|turn|16
|
|move|p2a: Sableye|Will-O-Wisp|p1a: Splash|[miss]
|-miss|p2a: Sableye|p1a: Splash
|move|p1a: Splash|Waterfall|p2a: Sableye
|-damage|p2a: Sableye|51\/301
|
|-weather|RainDance|[upkeep]
|turn|17
|
|move|p2a: Sableye|Will-O-Wisp|p1a: Splash
|-status|p1a: Splash|brn
|move|p1a: Splash|Waterfall|p2a: Sableye
|-damage|p2a: Sableye|0 fnt
|faint|p2a: Sableye
|
|-weather|RainDance|[upkeep]
|-damage|p1a: Splash|148\/391 brn|[from] brn
|
|switch|p2a: Cresselia|Cresselia, F, shiny|441\/441
|turn|18
|
|move|p1a: Splash|Rest|p1a: Splash
|-status|p1a: Splash|slp
|-heal|p1a: Splash|391\/391 slp|[silent]
|-status|p1a: Splash|slp|[from] move: Rest
|move|p2a: Cresselia|Psyshock|p1a: Splash
|-damage|p1a: Splash|322\/391 slp
|
|-weather|none
|turn|19
|
|switch|p2a: Gothitelle|Gothitelle, F|301\/301
|cant|p1a: Splash|slp
|move|p1a: Splash|Sleep Talk|p1a: Splash
|move|p1a: Splash|Waterfall|p2a: Gothitelle|[from]Sleep Talk
|-crit|p2a: Gothitelle
|-damage|p2a: Gothitelle|19\/301
|
|turn|20
|
|move|p2a: Gothitelle|Rest|p2a: Gothitelle
|-status|p2a: Gothitelle|slp
|-heal|p2a: Gothitelle|301\/301 slp|[silent]
|-status|p2a: Gothitelle|slp|[from] move: Rest
|cant|p1a: Splash|slp
|move|p1a: Splash|Sleep Talk|p1a: Splash
|move|p1a: Splash|Rest|p1a: Splash|[from]Sleep Talk
|-fail|p1a: Splash
|
|turn|21
|
|switch|p2a: Cresselia|Cresselia, F, shiny|441\/441
|-curestatus|p1a: Splash|slp
|move|p1a: Splash|Earthquake|p2a: Cresselia
|-immune|p2a: Cresselia|[msg]
|
|turn|22
|
|switch|p1a: Bisharp|Bisharp, M|187\/271
|-damage|p1a: Bisharp|171\/271|[from] Stealth Rock
|-damage|p1a: Bisharp|126\/271|[from] Spikes
|move|p2a: Cresselia|Thunder Wave|p1a: Bisharp
|-status|p1a: Bisharp|par
|
|turn|23
|
|move|p1a: Bisharp|Pursuit|p2a: Cresselia|[from]Pursuit
|-supereffective|p2a: Cresselia
|-damage|p2a: Cresselia|177\/441
|switch|p2a: Quagsire|Quagsire, M|391\/391
|
|turn|24
|
|switch|p2a: Cresselia|Cresselia, F, shiny|177\/441
|switch|p1a: Ollie|Politoed, M|336\/384
|-damage|p1a: Ollie|272\/384|[from] Spikes
|-damage|p1a: Ollie|224\/384|[from] Stealth Rock
|-weather|RainDance
|
|-weather|RainDance|[upkeep]
|-heal|p2a: Cresselia|204\/441|[from] item: Leftovers
|turn|25
|
|switch|p1a: Bisharp|Bisharp, M|126\/271 par
|-damage|p1a: Bisharp|110\/271 par|[from] Stealth Rock
|-damage|p1a: Bisharp|65\/271 par|[from] Spikes
|move|p2a: Cresselia|Moonlight|p2a: Cresselia
|-heal|p2a: Cresselia|314\/441
|
|-weather|RainDance|[upkeep]
|-heal|p2a: Cresselia|341\/441|[from] item: Leftovers
|turn|26
|
|move|p2a: Cresselia|Ice Beam|p1a: Bisharp
|-resisted|p1a: Bisharp
|-damage|p1a: Bisharp|31\/271 par
|cant|p1a: Bisharp|par
|
|-weather|RainDance|[upkeep]
|-heal|p2a: Cresselia|368\/441|[from] item: Leftovers
|turn|27
|
|switch|p2a: Quagsire|Quagsire, M|391\/391
|move|p1a: Bisharp|Knock Off|p2a: Quagsire
|-damage|p2a: Quagsire|271\/391
|
|-weather|RainDance|[upkeep]
|turn|28
|
|move|p2a: Quagsire|Recover|p2a: Quagsire
|-heal|p2a: Quagsire|391\/391
|cant|p1a: Bisharp|par
|
|-weather|RainDance|[upkeep]
|turn|29
|
|switch|p1a: Splash|Swampert-Mega, M|322\/391
|-damage|p1a: Splash|257\/391|[from] Spikes
|-damage|p1a: Splash|233\/391|[from] Stealth Rock
|move|p2a: Quagsire|Encore|p1a: Splash
|-fail|p1a: Splash
|
|-weather|RainDance|[upkeep]
|turn|30
|
|move|p1a: Splash|Waterfall|p2a: Quagsire
|-damage|p2a: Quagsire|172\/391
|move|p2a: Quagsire|Recover|p2a: Quagsire
|-heal|p2a: Quagsire|368\/391
|
|-weather|RainDance|[upkeep]
|turn|31
|
|move|p1a: Splash|Waterfall|p2a: Quagsire
|-damage|p2a: Quagsire|167\/391
|cant|p2a: Quagsire|flinch
|
|-weather|none
|turn|32
|
|move|p1a: Splash|Earthquake|p2a: Quagsire
|-damage|p2a: Quagsire|0 fnt
|faint|p2a: Quagsire
|
|
|switch|p2a: Chansey|Chansey, F|361\/641
|turn|33
|
|move|p1a: Splash|Earthquake|p2a: Chansey
|-damage|p2a: Chansey|66\/641
|move|p2a: Chansey|Soft-Boiled|p2a: Chansey
|-heal|p2a: Chansey|387\/641
|
|turn|34
|
|move|p1a: Splash|Waterfall|p2a: Chansey
|-damage|p2a: Chansey|143\/641
|move|p2a: Chansey|Soft-Boiled|p2a: Chansey
|-heal|p2a: Chansey|464\/641
|
|turn|35
|
|move|p1a: Splash|Waterfall|p2a: Chansey
|-damage|p2a: Chansey|239\/641
|move|p2a: Chansey|Soft-Boiled|p2a: Chansey
|-heal|p2a: Chansey|560\/641
|
|turn|36
|
|switch|p2a: Cresselia|Cresselia, F, shiny|368\/441
|move|p1a: Splash|Waterfall|p2a: Cresselia
|-damage|p2a: Cresselia|238\/441
|
|-heal|p2a: Cresselia|265\/441|[from] item: Leftovers
|turn|37
|
|switch|p1a: Ollie|Politoed, M|224\/384
|-damage|p1a: Ollie|160\/384|[from] Spikes
|-damage|p1a: Ollie|112\/384|[from] Stealth Rock
|-weather|RainDance
|move|p2a: Cresselia|Moonlight|p2a: Cresselia
|-heal|p2a: Cresselia|375\/441
|
|-weather|RainDance|[upkeep]
|-heal|p2a: Cresselia|402\/441|[from] item: Leftovers
|turn|38
|
|switch|p2a: Chansey|Chansey, F|560\/641
|switch|p1a: Manaphy|Manaphy|402\/402
|-damage|p1a: Manaphy|352\/402|[from] Stealth Rock
|-damage|p1a: Manaphy|285\/402|[from] Spikes
|
|-weather|RainDance|[upkeep]
|-heal|p1a: Manaphy|310\/402|[from] item: Leftovers
|turn|39
|
|move|p1a: Manaphy|Tail Glow|p1a: Manaphy
|-boost|p1a: Manaphy|spa|3
|move|p2a: Chansey|Aromatherapy|p2a: Chansey
|-cureteam|p2a: Chansey|[from] move: Aromatherapy
|
|-weather|RainDance|[upkeep]
|-heal|p1a: Manaphy|335\/402|[from] item: Leftovers
|turn|40
|
|move|p1a: Manaphy|Tail Glow|p1a: Manaphy
|-boost|p1a: Manaphy|spa|3
|move|p2a: Chansey|Seismic Toss|p1a: Manaphy
|-damage|p1a: Manaphy|235\/402
|
|-weather|RainDance|[upkeep]
|-heal|p1a: Manaphy|260\/402|[from] item: Leftovers
|turn|41
|
|move|p1a: Manaphy|Scald|p2a: Chansey
|-damage|p2a: Chansey|128\/641
|move|p2a: Chansey|Soft-Boiled|p2a: Chansey
|-heal|p2a: Chansey|449\/641
|
|-weather|RainDance|[upkeep]
|-heal|p1a: Manaphy|285\/402|[from] item: Leftovers
|turn|42
|
|move|p1a: Manaphy|Scald|p2a: Chansey
|-damage|p2a: Chansey|61\/641
|-status|p2a: Chansey|brn
|move|p2a: Chansey|Soft-Boiled|p2a: Chansey
|-heal|p2a: Chansey|382\/641 brn
|
|-weather|RainDance|[upkeep]
|-heal|p1a: Manaphy|310\/402|[from] item: Leftovers
|-damage|p2a: Chansey|302\/641 brn|[from] brn
|turn|43
|
|switch|p2a: Cresselia|Cresselia, F, shiny|402\/441
|move|p1a: Manaphy|Scald|p2a: Cresselia
|-damage|p2a: Cresselia|0 fnt
|faint|p2a: Cresselia
|
|-weather|RainDance|[upkeep]
|-heal|p1a: Manaphy|335\/402|[from] item: Leftovers
|
|switch|p2a: Gothitelle|Gothitelle, F|301\/301
|turn|44
|-message|good alt alert forfeited.
|leave|good alt alert
|
|win|New Light
|raw|Ladder updating...
|player|p2
|raw|New Light's rating: 1485 &rarr; <strong>1515<\/strong><br \/>(+30 for winning)
|raw|good alt alert's rating: 1660 &rarr; <strong>1630<\/strong><br \/>(-30 for losing)