|join|Aka DH
|join|New Light
|join|i came from leddit
|player|p1|Aka DH|1
|player|p2|New Light|156
|gametype|singles
|gen|6
|tier|OU (suspect test)
|rated
|clearpoke
|poke|p1|Bisharp, F
|poke|p1|Venusaur, M
|poke|p1|Heatran, F
|poke|p1|Keldeo
|poke|p1|Chansey, F
|poke|p1|Skarmory, M
|poke|p2|Swampert, M
|poke|p2|Politoed, M
|poke|p2|Celebi
|poke|p2|Manaphy
|poke|p2|Klefki, F
|poke|p2|Bisharp, M
|rule|Swagger Clause: Swagger is banned
|rule|Baton Pass Clause: Limit one PokÃ©mon knowing Baton Pass
|rule|Sleep Clause Mod: Limit one foe put to sleep
|rule|Species Clause: Limit one of each PokÃ©mon
|rule|OHKO Clause: OHKO moves are banned
|rule|Moody Clause: Moody is banned
|rule|Evasion Moves Clause: Evasion moves are banned
|rule|Endless Battle Clause: Forcing endless battles is banned
|rule|HP Percentage Mod: HP is shown in percentages
|teampreview
|join|Zenzo
|join|CleanerThanRotom-W
|c| CleanerThanRotom-W|can we talk bloody?
|
|start
|switch|p1a: Bisharp|Bisharp, F|334\/334
|switch|p2a: Klefki|Klefki, F|318\/318
|turn|1
|c| i came from leddit|Aka DH: i hate liars like cleaner, zenzo and you
|join|iFenrear
|c| CleanerThanRotom-W|nobody of us did hack u
|
|move|p2a: Klefki|Light Screen|p2a: Klefki
|-sidestart|p2: New Light|move: Light Screen
|move|p1a: Bisharp|Swords Dance|p1a: Bisharp
|-boost|p1a: Bisharp|atk|2
|
|turn|2
|c|âAka DH|ok
|c| iFenrear|Aka dh: get rekt loser
|c| iFenrear|,,,
|c| Zenzo|why would ew hack you
|c| Zenzo|we*
|
|move|p2a: Klefki|Reflect|p2a: Klefki
|-sidestart|p2: New Light|Reflect
|move|p1a: Bisharp|Knock Off|p2a: Klefki
|-resisted|p2a: Klefki
|-damage|p2a: Klefki|254\/318
|-enditem|p2a: Klefki|Light Clay|[from] move: Knock Off|[of] p1a: Bisharp
|
|turn|3
|c| i came from leddit|thats what whoever was on ur account said before he spammed and got u banned
|join|Stazler
|
|move|p2a: Klefki|Thunder Wave|p1a: Bisharp
|-status|p1a: Bisharp|par
|move|p1a: Bisharp|Swords Dance|p1a: Bisharp
|-boost|p1a: Bisharp|atk|2
|
|turn|4
|c| Zenzo|bloody
|c| Zenzo|who hacked you
|c| Zenzo|who do you suspect
|
|move|p2a: Klefki|Foul Play|p1a: Bisharp
|-resisted|p1a: Bisharp
|-damage|p1a: Bisharp|165\/334 par
|move|p1a: Bisharp|Knock Off|p2a: Klefki
|-crit|p2a: Klefki
|-resisted|p2a: Klefki
|-damage|p2a: Klefki|32\/318
|
|-heal|p1a: Bisharp|185\/334 par|[from] item: Leftovers
|turn|5
|c| iFenrear|You guys don't see that bloody doesn't fucking care who hacked him he just wants to ladder
|c| iFenrear|...
|c| CleanerThanRotom-W|calm stone.
|c| CleanerThanRotom-W|can u pls.
|c| CleanerThanRotom-W|let us talk
|
|switch|p2a: Splash|Swampert, M|391\/391
|cant|p1a: Bisharp|par
|
|-heal|p1a: Bisharp|205\/334 par|[from] item: Leftovers
|turn|6
|c| iFenrear|I never said u couldnt
|
|detailschange|p2a: Splash|Swampert-Mega, M
|-mega|p2a: Splash|Swampert|Swampertite
|move|p1a: Bisharp|Sucker Punch|p2a: Splash
|-damage|p2a: Splash|187\/391
|move|p2a: Splash|Earthquake|p1a: Bisharp
|-supereffective|p1a: Bisharp
|-damage|p1a: Bisharp|0 fnt
|faint|p1a: Bisharp
|
|c| Zenzo|then why the fuck are we getting accused
|join|jake5
|
|switch|p1a: Heatran|Heatran, F|340\/340
|-item|p1a: Heatran|Air Balloon
|turn|7
|c|âAka DH|no problem zenzo
|
|move|p1a: Heatran|Stealth Rock|p2a: Splash
|-sidestart|p2: New Light|move: Stealth Rock
|move|p2a: Splash|Waterfall|p1a: Heatran
|-supereffective|p1a: Heatran
|-damage|p1a: Heatran|40\/340
|-enditem|p1a: Heatran|Air Balloon
|
|turn|8
|c| Zenzo|what do you mean
|
|switch|p1a: Skarmory|Skarmory, M|334\/334
|switch|p2a: Ollie|Politoed, M|384\/384
|-damage|p2a: Ollie|336\/384|[from] Stealth Rock
|-weather|RainDance
|
|-weather|RainDance|[upkeep]
|-sideend|p2: New Light|move: Light Screen
|turn|9
|
|move|p2a: Ollie|Scald|p1a: Skarmory
|-damage|p1a: Skarmory|190\/334
|-status|p1a: Skarmory|brn
|move|p1a: Skarmory|Spikes|p2a: Ollie
|-sidestart|p2: New Light|Spikes
|
|-weather|RainDance|[upkeep]
|-damage|p1a: Skarmory|149\/334 brn|[from] brn
|-sideend|p2: New Light|Reflect
|turn|10
|c|âAka DH|you're forgiven
|c| Zenzo|oh
|
|switch|p1a: Chansey|Chansey, F|684\/684
|move|p2a: Ollie|Encore|p1a: Chansey
|-fail|p1a: Chansey
|
|-weather|RainDance|[upkeep]
|turn|11
|c| Zenzo|thank you
|c| CleanerThanRotom-W|what about leddit and me?
|c| i came from leddit|are we all forgiven
|
|switch|p2a: Manaphy|Manaphy|402\/402
|-damage|p2a: Manaphy|352\/402|[from] Stealth Rock
|-damage|p2a: Manaphy|302\/402|[from] Spikes
|move|p1a: Chansey|Seismic Toss|p2a: Manaphy
|-damage|p2a: Manaphy|202\/402
|
|-weather|RainDance|[upkeep]
|-heal|p2a: Manaphy|227\/402|[from] item: Leftovers
|turn|12
|c|âAka DH|hmmm
|
|switch|p1a: Venusaur|Venusaur, M|364\/364
|move|p2a: Manaphy|Tail Glow|p2a: Manaphy
|-boost|p2a: Manaphy|spa|3
|
|-weather|RainDance|[upkeep]
|-heal|p2a: Manaphy|252\/402|[from] item: Leftovers
|turn|13
|c|âAka DH|maybe
|c| CleanerThanRotom-W|why forgiven, we did nothing
|c| iFenrear|aka dh: hmhm
|
|detailschange|p1a: Venusaur|Venusaur-Mega, M
|-mega|p1a: Venusaur|Venusaur|Venusaurite
|move|p2a: Manaphy|Psychic|p1a: Venusaur
|-supereffective|p1a: Venusaur
|-damage|p1a: Venusaur|0 fnt
|faint|p1a: Venusaur
|
|-weather|RainDance|[upkeep]
|-heal|p2a: Manaphy|277\/402|[from] item: Leftovers
|c| CleanerThanRotom-W|we just supported u
|c| iFenrear|aka dh: maybe
|c| Zenzo|what's the determining factor
|
|switch|p1a: Chansey|Chansey, F|684\/684
|turn|14
|c|âAka DH|who is mistaken?
|c| Zenzo|just mistaken
|c| Zenzo|that's his first account
|
|move|p2a: Manaphy|Scald|p1a: Chansey
|-damage|p1a: Chansey|420\/684
|move|p1a: Chansey|Seismic Toss|p2a: Manaphy
|-damage|p2a: Manaphy|177\/402
|
|-weather|RainDance|[upkeep]
|-heal|p2a: Manaphy|202\/402|[from] item: Leftovers
|turn|15
|c| CleanerThanRotom-W|mistaken is someone else
|c| CleanerThanRotom-W|im not mistaken,,
|c| Zenzo|it's not trice, i can assure you
|c| Zenzo|or cleaner.
|c| i came from leddit|trice hasn't even been online in months
|c|âAka DH|do you know him zenzo?
|c| Zenzo|yes
|c| iFenrear|so u gonna tell me who df did it ._.
|
|move|p2a: Manaphy|Rest|p2a: Manaphy
|-status|p2a: Manaphy|slp
|-heal|p2a: Manaphy|402\/402 slp|[silent]
|-status|p2a: Manaphy|slp|[from] move: Rest
|move|p1a: Chansey|Seismic Toss|p2a: Manaphy
|-damage|p2a: Manaphy|302\/402 slp
|
|-weather|none
|-heal|p2a: Manaphy|327\/402 slp|[from] item: Leftovers
|turn|16
|c| Zenzo|why is he relevant right now
|c| CleanerThanRotom-W|leddit said u believed mistaken was me?
|c| CleanerThanRotom-W|why bloody
|c| iFenrear|mistaken is my friend, a guy who uses rmt's to ladder
|
|switch|p2a: Ollie|Politoed, M|336\/384
|-damage|p2a: Ollie|288\/384|[from] Stealth Rock
|-damage|p2a: Ollie|240\/384|[from] Spikes
|-weather|RainDance
|switch|p1a: Keldeo|Keldeo|323\/323
|
|-weather|RainDance|[upkeep]
|turn|17
|join|u got slowbro'ed
|c| Zenzo|he builds like 3 teams a day
|c|âAka DH|you were offline
|
|switch|p2a: Celebi|Celebi|404\/404
|-damage|p2a: Celebi|354\/404|[from] Spikes
|-damage|p2a: Celebi|304\/404|[from] Stealth Rock
|move|p1a: Keldeo|Secret Sword|p2a: Celebi
|-crit|p2a: Celebi
|-resisted|p2a: Celebi
|-damage|p2a: Celebi|199\/404
|
|-weather|RainDance|[upkeep]
|-heal|p2a: Celebi|224\/404|[from] item: Leftovers
|turn|18
|c| CleanerThanRotom-W|yes i know
|c| i came from leddit|what did mistaken do to you
|c| CleanerThanRotom-W|but u know mistaken isnt my al
|c| CleanerThanRotom-W|*alt
|
|switch|p1a: Heatran|Heatran, F|40\/340
|move|p2a: Celebi|Stealth Rock|p1a: Heatran
|-sidestart|p1: Aka DH|move: Stealth Rock
|
|-weather|RainDance|[upkeep]
|-heal|p2a: Celebi|249\/404|[from] item: Leftovers
|turn|19
|
|move|p1a: Heatran|Taunt|p2a: Celebi
|-start|p2a: Celebi|move: Taunt
|move|p2a: Celebi|Psychic|p1a: Heatran
|-resisted|p1a: Heatran
|-damage|p1a: Heatran|0 fnt
|faint|p1a: Heatran
|
|-weather|RainDance|[upkeep]
|-heal|p2a: Celebi|274\/404|[from] item: Leftovers
|c| iFenrear|Aka Dh, why are you losing
|c| iFenrear|,,
|c| u got slowbro'ed|aka dh is a retard
|c| u got slowbro'ed|no way he wins a bo3
|
|switch|p1a: Skarmory|Skarmory, M|149\/334 brn
|-damage|p1a: Skarmory|108\/334 brn|[from] Stealth Rock
|turn|20
|c| iFenrear|he certainly beat you...
|c| iFenrear|:x
|
|move|p2a: Celebi|Psychic|p1a: Skarmory
|-resisted|p1a: Skarmory
|-damage|p1a: Skarmory|52\/334 brn
|move|p1a: Skarmory|Spikes|p2a: Celebi
|-sidestart|p2: New Light|Spikes
|
|-weather|RainDance|[upkeep]
|-heal|p2a: Celebi|299\/404|[from] item: Leftovers
|-damage|p1a: Skarmory|11\/334 brn|[from] brn
|turn|21
|c| CleanerThanRotom-W|teleGOD is here
|c| CleanerThanRotom-W|"a quality human being"
|c| i came from leddit|a quality human being
|c| iFenrear|tele has an impressive 88 gxe tho
|c| iFenrear|Lol
|
|switch|p1a: Chansey|Chansey, F|420\/684
|-damage|p1a: Chansey|335\/684|[from] Stealth Rock
|move|p2a: Celebi|Psychic|p1a: Chansey
|-damage|p1a: Chansey|271\/684
|
|-weather|RainDance|[upkeep]
|-heal|p2a: Celebi|324\/404|[from] item: Leftovers
|-end|p2a: Celebi|move: Taunt
|turn|22
|c| u got slowbro'ed|ofc i have
|c|âAka DH|you need bp again tele
|c| u got slowbro'ed|the best gxe in the ladder
|c| Zenzo|hahahahha
|c| iFenrear|suspect ladder...
|c| iFenrear|and it will be reset
|join|Alldaalts
|c| iFenrear|bc its a temporary ldr
|c| iFenrear|lol
|
|switch|p2a: Bisharp|Bisharp, M|271\/271
|-damage|p2a: Bisharp|226\/271|[from] Spikes
|-damage|p2a: Bisharp|210\/271|[from] Stealth Rock
|move|p1a: Chansey|Seismic Toss|p2a: Bisharp
|-damage|p2a: Bisharp|110\/271
|
|-weather|RainDance|[upkeep]
|turn|23
|
|move|p2a: Bisharp|Knock Off|p1a: Chansey
|-damage|p1a: Chansey|0 fnt
|-enditem|p1a: Chansey|Eviolite|[from] move: Knock Off|[of] p2a: Bisharp
|faint|p1a: Chansey
|
|-weather|none
|
|switch|p1a: Keldeo|Keldeo|323\/323
|-damage|p1a: Keldeo|303\/323|[from] Stealth Rock
|turn|24
|c| CleanerThanRotom-W|bloody, can we open a room for u, leddit, zenzo and me so we can talk?
|
|move|p1a: Keldeo|Calm Mind|p1a: Keldeo
|-boost|p1a: Keldeo|spa|1
|-boost|p1a: Keldeo|spd|1
|move|p2a: Bisharp|Knock Off|p1a: Keldeo
|-resisted|p1a: Keldeo
|-damage|p1a: Keldeo|177\/323
|-boost|p1a: Keldeo|atk|1|[from] ability: Justified
|-enditem|p1a: Keldeo|Leftovers|[from] move: Knock Off|[of] p2a: Bisharp
|
|turn|25
|c|âAka DH|ok
|c| CleanerThanRotom-W|ok
|c| CleanerThanRotom-W|unblock pms Ã¼ls
|c| CleanerThanRotom-W|*pls
|
|move|p1a: Keldeo|Scald|p2a: Bisharp
|-damage|p2a: Bisharp|0 fnt
|faint|p2a: Bisharp
|
|c| u got slowbro'ed|watch how he gets wrecked by doughtboy rain
|
|switch|p2a: Ollie|Politoed, M|240\/384
|-damage|p2a: Ollie|192\/384|[from] Stealth Rock
|-damage|p2a: Ollie|128\/384|[from] Spikes
|-weather|RainDance
|turn|26
|c| iFenrear|that aint doughboy's rain
|c|âNew Light|^
|c| iFenrear|doughboy's rain is swampert, toed, klefki, thundy, loom, and kingdra
|
|move|p1a: Keldeo|Secret Sword|p2a: Ollie
|-damage|p2a: Ollie|0 fnt
|faint|p2a: Ollie
|
|-weather|RainDance|[upkeep]
|c| iFenrear|this man teambuilds way better den doughboy
|
|switch|p2a: Splash|Swampert-Mega, M|187\/391
|-damage|p2a: Splash|122\/391|[from] Spikes
|-damage|p2a: Splash|98\/391|[from] Stealth Rock
|turn|27
|c|âNew Light|thx
|
|move|p2a: Splash|Earthquake|p1a: Keldeo
|-damage|p1a: Keldeo|0 fnt
|faint|p1a: Keldeo
|
|-weather|RainDance|[upkeep]
|-message|Aka DH forfeited.
|leave|Aka DH
|
|win|New Light
|raw|Ladder updating...
|player|p1
|leave|Zenzo
|leave|i came from leddit