|join|Yong'Seun
|join|BurgerTeamTesting
|player|p1|Yong'Seun|30
|player|p2|BurgerTeamTesting|115
|gametype|singles
|gen|6
|tier|OU
|clearpoke
|poke|p1|Sceptile, M
|poke|p1|Empoleon, F
|poke|p1|Latias, F
|poke|p1|Weezing, F
|poke|p1|Victini
|poke|p1|Terrakion
|poke|p2|Mamoswine, F
|poke|p2|Breloom, M, shiny
|poke|p2|Latias, F
|poke|p2|Magnezone
|poke|p2|Landorus-Therian, M
|poke|p2|Gardevoir, F, shiny
|rule|Swagger Clause: Swagger is banned
|rule|Baton Pass Clause: Limit one PokÃ©mon knowing Baton Pass
|rule|Sleep Clause Mod: Limit one foe put to sleep
|rule|Species Clause: Limit one of each PokÃ©mon
|rule|OHKO Clause: OHKO moves are banned
|rule|Moody Clause: Moody is banned
|rule|Evasion Moves Clause: Evasion moves are banned
|rule|Endless Battle Clause: Forcing endless battles is banned
|rule|HP Percentage Mod: HP is shown in percentages
|teampreview
|join|MagmaAdmin Tabitha
|c|âBurgerTeamTesting|gl hf :3
|c|âYong'Seun|Hey TT
|c|âYong'Seun|:D
|join|Crypto-darkrai
|
|start
|switch|p1a: Weezing|Weezing, F|334\/334
|switch|p2a: Landorous|Landorus-Therian, M|319\/319
|-ability|p2a: Landorous|Intimidate|[of] p1a: Weezing
|-unboost|p1a: Weezing|atk|1
|turn|1
|
|move|p2a: Landorous|U-turn|p1a: Weezing
|-resisted|p1a: Weezing
|-damage|p1a: Weezing|306\/334
|
|switch|p2a: Latias|Latias, F|305\/305
|move|p1a: Weezing|Will-O-Wisp|p2a: Latias
|-status|p2a: Latias|brn
|
|-heal|p1a: Weezing|326\/334|[from] item: Leftovers
|-damage|p2a: Latias|267\/305 brn|[from] brn
|turn|2
|c|âYong'Seun|1sec
|leave|MagmaAdmin Tabitha
|c|âYong'Seun|Battle w. Music is much better :D
|
|switch|p2a: Gotcha|Magnezone|312\/312
|switch|p1a: Empoleon|Empoleon, F|366\/366
|
|turn|3
|c|âBurgerTeamTesting|Ich bin nicht TT btw, bin BÃ¼rgerfresser .-.
|c|âBurgerTeamTesting|*burgerfresser
|c|âYong'Seun|im not deutsche
|c|âYong'Seun|x)
|c|âBurgerTeamTesting|oh .-.
|
|switch|p1a: Sceptile|Sceptile, M|281\/281
|move|p2a: Gotcha|Thunderbolt|p1a: Sceptile
|-resisted|p1a: Sceptile
|-damage|p1a: Sceptile|126\/281
|
|turn|4
|c|âBurgerTeamTesting|shed shell emp
|c|âBurgerTeamTesting|nice
|c|âYong'Seun|thx
|
|switch|p2a: Landorous|Landorus-Therian, M|319\/319
|-ability|p2a: Landorous|Intimidate|[of] p1a: Sceptile
|-unboost|p1a: Sceptile|atk|1
|detailschange|p1a: Sceptile|Sceptile-Mega, M
|message|Sceptile has Mega Evolved into Mega Sceptile!
|move|p1a: Sceptile|Earthquake|p2a: Landorous
|-immune|p2a: Landorous|[msg]
|
|turn|5
|
|switch|p1a: Weezing|Weezing, F|326\/334
|move|p2a: Landorous|U-turn|p1a: Weezing
|-resisted|p1a: Weezing
|-damage|p1a: Weezing|298\/334
|
|switch|p2a: Gardewhore|Gardevoir, F, shiny|277\/277
|-ability|p2a: Gardewhore|Levitate|[from] ability: Trace|[of] p1a: Weezing
|
|-heal|p1a: Weezing|318\/334|[from] item: Leftovers
|turn|6
|
|switch|p1a: Empoleon|Empoleon, F|366\/366
|detailschange|p2a: Gardewhore|Gardevoir-Mega, F, shiny
|message|Gardevoir has Mega Evolved into Mega Gardevoir!
|move|p2a: Gardewhore|Psyshock|p1a: Empoleon
|-resisted|p1a: Empoleon
|-damage|p1a: Empoleon|283\/366
|
|turn|7
|
|move|p2a: Gardewhore|Taunt|p1a: Empoleon
|-start|p1a: Empoleon|move: Taunt
|cant|p1a: Empoleon|move: Taunt|Stealth Rock
|
|turn|8
|
|switch|p1a: Victini|Victini|341\/341
|move|p2a: Gardewhore|Will-O-Wisp|p1a: Victini
|-fail|p1a: Victini
|
|turn|9
|
|switch|p2a: Landorous|Landorus-Therian, M|319\/319
|-ability|p2a: Landorous|Intimidate|[of] p1a: Victini
|-unboost|p1a: Victini|atk|1
|move|p1a: Victini|V-create|p2a: Landorous
|-damage|p2a: Landorous|118\/319
|-unboost|p1a: Victini|def|1
|-unboost|p1a: Victini|spd|1
|-unboost|p1a: Victini|spe|1
|
|turn|10
|
|switch|p1a: Weezing|Weezing, F|318\/334
|move|p2a: Landorous|U-turn|p1a: Weezing
|-resisted|p1a: Weezing
|-damage|p1a: Weezing|290\/334
|
|switch|p2a: Gardewhore|Gardevoir-Mega, F, shiny|277\/277
|
|-heal|p1a: Weezing|310\/334|[from] item: Leftovers
|turn|11
|
|move|p2a: Gardewhore|Will-O-Wisp|p1a: Weezing
|-status|p1a: Weezing|brn
|move|p1a: Weezing|Sludge Bomb|p2a: Gardewhore
|-supereffective|p2a: Gardewhore
|-damage|p2a: Gardewhore|137\/277
|
|-heal|p1a: Weezing|330\/334 brn|[from] item: Leftovers
|-damage|p1a: Weezing|289\/334 brn|[from] brn
|turn|12
|
|switch|p1a: Victini|Victini|341\/341
|move|p2a: Gardewhore|Psyshock|p1a: Victini
|-resisted|p1a: Victini
|-damage|p1a: Victini|256\/341
|
|turn|13
|
|switch|p2a: Landorous|Landorus-Therian, M|118\/319
|-ability|p2a: Landorous|Intimidate|[of] p1a: Victini
|-unboost|p1a: Victini|atk|1
|move|p1a: Victini|V-create|p2a: Landorous
|-damage|p2a: Landorous|0 fnt
|-unboost|p1a: Victini|def|1
|-unboost|p1a: Victini|spd|1
|-unboost|p1a: Victini|spe|1
|faint|p2a: Landorous
|
|
|switch|p2a: Latias|Latias, F|267\/305 brn
|turn|14
|
|switch|p2a: Gotcha|Magnezone|312\/312
|switch|p1a: Empoleon|Empoleon, F|283\/366
|
|turn|15
|
|move|p2a: Gotcha|Hidden Power|p1a: Empoleon
|-damage|p1a: Empoleon|183\/366
|move|p1a: Empoleon|Stealth Rock|p2a: Gotcha
|-sidestart|p2: BurgerTeamTesting|move: Stealth Rock
|
|turn|16
|
|switch|p1a: Terrakion|Terrakion|323\/323
|move|p2a: Gotcha|Hidden Power|p1a: Terrakion
|-resisted|p1a: Terrakion
|-damage|p1a: Terrakion|263\/323
|
|turn|17
|
|switch|p2a: Latias|Latias, F|267\/305 brn
|-damage|p2a: Latias|229\/305 brn|[from] Stealth Rock
|move|p1a: Terrakion|Close Combat|p2a: Latias
|-resisted|p2a: Latias
|-damage|p2a: Latias|106\/305 brn
|-unboost|p1a: Terrakion|def|1
|-unboost|p1a: Terrakion|spd|1
|
|-damage|p2a: Latias|68\/305 brn|[from] brn
|turn|18
|
|move|p1a: Terrakion|Close Combat|p2a: Latias
|-resisted|p2a: Latias
|-damage|p2a: Latias|0 fnt
|-unboost|p1a: Terrakion|def|1
|-unboost|p1a: Terrakion|spd|1
|faint|p2a: Latias
|
|
|switch|p2a: Gardewhore|Gardevoir-Mega, F, shiny|137\/277
|-damage|p2a: Gardewhore|103\/277|[from] Stealth Rock
|turn|19
|
|switch|p1a: Empoleon|Empoleon, F|183\/366
|move|p2a: Gardewhore|Psyshock|p1a: Empoleon
|-resisted|p1a: Empoleon
|-damage|p1a: Empoleon|102\/366
|
|turn|20
|
|switch|p2a: Gotcha|Magnezone|312\/312
|-damage|p2a: Gotcha|293\/312|[from] Stealth Rock
|move|p1a: Empoleon|Scald|p2a: Gotcha
|-damage|p2a: Gotcha|139\/312
|
|turn|21
|
|switch|p1a: Sceptile|Sceptile-Mega, M|126\/281
|move|p2a: Gotcha|Volt Switch|p1a: Sceptile
|-boost|p1a: Sceptile|spa|1|[from] ability: Lightning Rod
|
|turn|22
|
|move|p1a: Sceptile|Giga Drain|p2a: Gotcha
|-resisted|p2a: Gotcha
|-damage|p2a: Gotcha|20\/312
|-heal|p1a: Sceptile|186\/281|[from] drain|[of] p2a: Gotcha
|move|p2a: Gotcha|Volt Switch|p1a: Sceptile
|-boost|p1a: Sceptile|spa|1|[from] ability: Lightning Rod
|
|turn|23
|
|move|p1a: Sceptile|Giga Drain|p2a: Gotcha
|-resisted|p2a: Gotcha
|-damage|p2a: Gotcha|0 fnt
|-heal|p1a: Sceptile|196\/281|[from] drain|[of] p2a: Gotcha
|faint|p2a: Gotcha
|
|
|switch|p2a: Helga|Mamoswine, F|361\/361
|-damage|p2a: Helga|316\/361|[from] Stealth Rock
|turn|24
|
|switch|p1a: Terrakion|Terrakion|263\/323
|switch|p2a: Gardewhore|Gardevoir-Mega, F, shiny|103\/277
|-damage|p2a: Gardewhore|69\/277|[from] Stealth Rock
|
|turn|25
|
|switch|p2a: Helga|Mamoswine, F|316\/361
|-damage|p2a: Helga|271\/361|[from] Stealth Rock
|move|p1a: Terrakion|Close Combat|p2a: Helga
|-supereffective|p2a: Helga
|-damage|p2a: Helga|0 fnt
|-unboost|p1a: Terrakion|def|1
|-unboost|p1a: Terrakion|spd|1
|faint|p2a: Helga
|
|
|switch|p2a: Magic Mushroom|Breloom, M, shiny|262\/262
|-damage|p2a: Magic Mushroom|246\/262|[from] Stealth Rock
|turn|26
|
|switch|p1a: Weezing|Weezing, F|289\/334 brn
|switch|p2a: Gardewhore|Gardevoir-Mega, F, shiny|69\/277
|-damage|p2a: Gardewhore|35\/277|[from] Stealth Rock
|
|-heal|p1a: Weezing|309\/334 brn|[from] item: Leftovers
|-damage|p1a: Weezing|268\/334 brn|[from] brn
|turn|27
|
|move|p2a: Gardewhore|Psyshock|p1a: Weezing
|-supereffective|p1a: Weezing
|-damage|p1a: Weezing|40\/334 brn
|move|p1a: Weezing|Sludge Bomb|p2a: Gardewhore
|-supereffective|p2a: Gardewhore
|-damage|p2a: Gardewhore|0 fnt
|faint|p2a: Gardewhore
|
|-heal|p1a: Weezing|60\/334 brn|[from] item: Leftovers
|-damage|p1a: Weezing|19\/334 brn|[from] brn
|c|âBurgerTeamTesting|gg
|
|switch|p2a: Magic Mushroom|Breloom, M, shiny|246\/262
|-damage|p2a: Magic Mushroom|230\/262|[from] Stealth Rock
|turn|28
|c|âYong'Seun|gg
|
|move|p2a: Magic Mushroom|Rock Tomb|p1a: Weezing
|-damage|p1a: Weezing|0 fnt
|faint|p1a: Weezing
|
|
|switch|p1a: Latias|Latias, F|319\/319
|turn|29
|
|move|p1a: Latias|Psyshock|p2a: Magic Mushroom
|-supereffective|p2a: Magic Mushroom
|-damage|p2a: Magic Mushroom|0 fnt
|-damage|p1a: Latias|288\/319|[from] item: Life Orb
|faint|p2a: Magic Mushroom
|
|win|Yong'Seun
|leave|BurgerTeamTesting
|player|p2
|join|Furih