|join|BurgerTeamTesting
|join|Dat Username
|player|p1|BurgerTeamTesting|115
|player|p2|Dat Username|238
|gametype|singles
|gen|6
|tier|OU
|rated
|clearpoke
|poke|p1|Beedrill, F
|poke|p1|Raikou
|poke|p1|Landorus-Therian, M
|poke|p1|Forretress, F
|poke|p1|Heatran, F
|poke|p1|Mienshao, M
|poke|p2|Infernape, F
|poke|p2|Espeon, M
|poke|p2|Dragonite, M
|poke|p2|Vaporeon, M
|poke|p2|Ferrothorn, F
|poke|p2|Electivire, M
|rule|Swagger Clause: Swagger is banned
|rule|Baton Pass Clause: Limit one PokÃ©mon knowing Baton Pass
|rule|Sleep Clause Mod: Limit one foe put to sleep
|rule|Species Clause: Limit one of each PokÃ©mon
|rule|OHKO Clause: OHKO moves are banned
|rule|Moody Clause: Moody is banned
|rule|Evasion Moves Clause: Evasion moves are banned
|rule|Endless Battle Clause: Forcing endless battles is banned
|rule|HP Percentage Mod: HP is shown in percentages
|teampreview
|
|start
|switch|p1a: Raikou|Raikou|321\/321
|switch|p2a: Rafiki|Infernape, F|293\/293
|-ability|p1a: Raikou|Pressure
|turn|1
|
|move|p1a: Raikou|Extrasensory|p2a: Rafiki
|-supereffective|p2a: Rafiki
|-damage|p2a: Rafiki|53\/293
|move|p2a: Rafiki|Stealth Rock|p1a: Raikou
|-sidestart|p1: BurgerTeamTesting|move: Stealth Rock
|
|turn|2
|
|switch|p2a: ALIENS|Ferrothorn, F|351\/351
|move|p1a: Raikou|Volt Switch|p2a: ALIENS
|-resisted|p2a: ALIENS
|-damage|p2a: ALIENS|299\/351
|
|switch|p1a: Heatran|Heatran, F|386\/386
|-damage|p1a: Heatran|338\/386|[from] Stealth Rock
|
|-heal|p1a: Heatran|362\/386|[from] item: Leftovers
|turn|3
|
|switch|p2a: Omen|Espeon, M|334\/334
|move|p1a: Heatran|Lava Plume|p2a: Omen
|-damage|p2a: Omen|205\/334
|
|-heal|p1a: Heatran|386\/386|[from] item: Leftovers
|turn|4
|
|move|p2a: Omen|Light Screen|p2a: Omen
|-sidestart|p2: Dat Username|move: Light Screen
|move|p1a: Heatran|Lava Plume|p2a: Omen
|-crit|p2a: Omen
|-damage|p2a: Omen|13\/334
|-status|p2a: Omen|brn
|
|-damage|p2a: Omen|0 fnt|[from] brn
|faint|p2a: Omen
|
|switch|p2a: vaquero|Electivire, M|292\/292
|turn|5
|
|switch|p1a: Landorus-Therian|Landorus-Therian, M|319\/319
|-damage|p1a: Landorus-Therian|280\/319|[from] Stealth Rock
|-ability|p1a: Landorus-Therian|Intimidate|[of] p2a: vaquero
|-unboost|p2a: vaquero|atk|1
|move|p2a: vaquero|Earthquake|p1a: Landorus-Therian
|-immune|p1a: Landorus-Therian|[msg]
|
|turn|6
|
|switch|p2a: Barney|Dragonite, M|324\/324
|move|p1a: Landorus-Therian|U-turn|p2a: Barney
|-resisted|p2a: Barney
|-damage|p2a: Barney|301\/324
|c|âBurgerTeamTesting|dat name
|
|switch|p1a: Raikou|Raikou|321\/321
|-damage|p1a: Raikou|281\/321|[from] Stealth Rock
|-ability|p1a: Raikou|Pressure
|
|turn|7
|
|move|p1a: Raikou|Volt Switch|p2a: Barney
|-damage|p2a: Barney|243\/324
|
|switch|p1a: Landorus-Therian|Landorus-Therian, M|280\/319
|-damage|p1a: Landorus-Therian|241\/319|[from] Stealth Rock
|-ability|p1a: Landorus-Therian|Intimidate|[of] p2a: Barney
|-unboost|p2a: Barney|atk|1
|move|p2a: Barney|Dragon Dance|p2a: Barney
|-boost|p2a: Barney|atk|1
|-boost|p2a: Barney|spe|1
|
|turn|8
|
|switch|p2a: ALIENS|Ferrothorn, F|299\/351
|move|p1a: Landorus-Therian|Stone Edge|p2a: ALIENS
|-resisted|p2a: ALIENS
|-damage|p2a: ALIENS|248\/351
|
|turn|9
|
|switch|p1a: Heatran|Heatran, F|386\/386
|-damage|p1a: Heatran|338\/386|[from] Stealth Rock
|move|p2a: ALIENS|Bulldoze|p1a: Heatran
|-supereffective|p1a: Heatran
|-damage|p1a: Heatran|0 fnt
|faint|p1a: Heatran
|
|
|switch|p1a: Forretress|Forretress, F|354\/354
|-damage|p1a: Forretress|310\/354|[from] Stealth Rock
|turn|10
|
|move|p1a: Forretress|Rapid Spin|p2a: ALIENS
|-resisted|p2a: ALIENS
|-damage|p2a: ALIENS|242\/351
|-damage|p1a: Forretress|266\/354|[from] ability: Iron Barbs|[of] p2a: ALIENS
|-sideend|p1: BurgerTeamTesting|Stealth Rock|[from] move: Rapid Spin|[of] p1a: Forretress
|move|p2a: ALIENS|Bulldoze|p1a: Forretress
|-damage|p1a: Forretress|212\/354
|-unboost|p1a: Forretress|spe|1
|
|turn|11
|
|switch|p1a: Landorus-Therian|Landorus-Therian, M|241\/319
|-ability|p1a: Landorus-Therian|Intimidate|[of] p2a: ALIENS
|-unboost|p2a: ALIENS|atk|1
|switch|p2a: Rafiki|Infernape, F|53\/293
|
|-sideend|p2: Dat Username|move: Light Screen
|turn|12
|
|move|p1a: Landorus-Therian|Knock Off|p2a: Rafiki
|-resisted|p2a: Rafiki
|-damage|p2a: Rafiki|0 fnt
|-enditem|p2a: Rafiki|Focus Sash|[from] move: Knock Off|[of] p1a: Landorus-Therian
|faint|p2a: Rafiki
|
|
|switch|p2a: ALIENS|Ferrothorn, F|242\/351
|turn|13
|
|switch|p1a: Forretress|Forretress, F|212\/354
|move|p2a: ALIENS|Power Whip|p1a: Forretress
|-resisted|p1a: Forretress
|-damage|p1a: Forretress|174\/354
|
|turn|14
|
|switch|p2a: Vaporeon|Vaporeon, M|463\/463
|move|p1a: Forretress|Spikes|p2a: Vaporeon
|-sidestart|p2: Dat Username|Spikes
|
|turn|15
|
|move|p2a: Vaporeon|Scald|p1a: Forretress
|-damage|p1a: Forretress|15\/354
|-status|p1a: Forretress|brn
|move|p1a: Forretress|Volt Switch|p2a: Vaporeon
|-supereffective|p2a: Vaporeon
|-damage|p2a: Vaporeon|385\/463
|
|switch|p1a: Beedrill|Beedrill, F|271\/271
|
|-heal|p2a: Vaporeon|413\/463|[from] item: Leftovers
|turn|16
|
|detailschange|p1a: Beedrill|Beedrill-Mega, F
|message|Beedrill has Mega Evolved into Mega Beedrill!
|move|p1a: Beedrill|U-turn|p2a: Vaporeon
|-damage|p2a: Vaporeon|241\/463
|
|switch|p1a: Forretress|Forretress, F|15\/354 brn
|move|p2a: Vaporeon|Wish|p2a: Vaporeon
|
|-heal|p2a: Vaporeon|269\/463|[from] item: Leftovers
|-damage|p1a: Forretress|0 fnt|[from] brn
|faint|p1a: Forretress
|
|switch|p1a: Raikou|Raikou|281\/321
|-ability|p1a: Raikou|Pressure
|turn|17
|
|switch|p1a: Landorus-Therian|Landorus-Therian, M|241\/319
|-ability|p1a: Landorus-Therian|Intimidate|[of] p2a: Vaporeon
|-unboost|p2a: Vaporeon|atk|1
|move|p2a: Vaporeon|Protect|p2a: Vaporeon
|-fail|p2a: Vaporeon
|
|-heal|p2a: Vaporeon|463\/463|[from] move: Wish|[wisher] Vaporeon
|turn|18
|
|move|p2a: Vaporeon|Protect|p2a: Vaporeon
|-singleturn|p2a: Vaporeon|Protect
|move|p1a: Landorus-Therian|U-turn|p2a: Vaporeon
|-activate|p2a: Vaporeon|Protect
|
|turn|19
|
|move|p1a: Landorus-Therian|U-turn|p2a: Vaporeon
|-damage|p2a: Vaporeon|381\/463
|
|switch|p1a: Raikou|Raikou|281\/321
|-ability|p1a: Raikou|Pressure
|move|p2a: Vaporeon|Scald|p1a: Raikou
|-damage|p1a: Raikou|218\/321
|
|-heal|p2a: Vaporeon|409\/463|[from] item: Leftovers
|turn|20
|
|move|p2a: Vaporeon|Protect|p2a: Vaporeon
|-singleturn|p2a: Vaporeon|Protect
|move|p1a: Raikou|Volt Switch|p2a: Vaporeon
|-activate|p2a: Vaporeon|Protect
|
|-heal|p2a: Vaporeon|437\/463|[from] item: Leftovers
|turn|21
|
|switch|p1a: Landorus-Therian|Landorus-Therian, M|241\/319
|-ability|p1a: Landorus-Therian|Intimidate|[of] p2a: Vaporeon
|-unboost|p2a: Vaporeon|atk|1
|move|p2a: Vaporeon|Wish|p2a: Vaporeon
|
|-heal|p2a: Vaporeon|463\/463|[from] item: Leftovers
|turn|22
|
|move|p1a: Landorus-Therian|U-turn|p2a: Vaporeon
|-damage|p2a: Vaporeon|376\/463
|
|switch|p1a: Raikou|Raikou|218\/321
|-ability|p1a: Raikou|Pressure
|move|p2a: Vaporeon|Scald|p1a: Raikou
|-damage|p1a: Raikou|157\/321
|
|-heal|p2a: Vaporeon|463\/463|[from] move: Wish|[wisher] Vaporeon
|turn|23
|
|move|p2a: Vaporeon|Protect|p2a: Vaporeon
|-singleturn|p2a: Vaporeon|Protect
|move|p1a: Raikou|Volt Switch|p2a: Vaporeon
|-activate|p2a: Vaporeon|Protect
|
|turn|24
|
|switch|p2a: vaquero|Electivire, M|292\/292
|-damage|p2a: vaquero|256\/292|[from] Spikes
|move|p1a: Raikou|Thunderbolt|p2a: vaquero
|-boost|p2a: vaquero|spe|1|[from] ability: Motor Drive
|
|turn|25
|
|switch|p1a: Landorus-Therian|Landorus-Therian, M|241\/319
|-ability|p1a: Landorus-Therian|Intimidate|[of] p2a: vaquero
|-unboost|p2a: vaquero|atk|1
|move|p2a: vaquero|Ice Punch|p1a: Landorus-Therian
|-supereffective|p1a: Landorus-Therian
|-damage|p1a: Landorus-Therian|0 fnt
|faint|p1a: Landorus-Therian
|
|
|switch|p1a: Mienshao|Mienshao, M|271\/271
|turn|26
|
|move|p2a: vaquero|Ice Punch|p1a: Mienshao
|-damage|p1a: Mienshao|173\/271
|move|p1a: Mienshao|High Jump Kick|p2a: vaquero
|-damage|p2a: vaquero|0 fnt
|-damage|p1a: Mienshao|146\/271|[from] item: Life Orb
|faint|p2a: vaquero
|
|
|switch|p2a: Vaporeon|Vaporeon, M|463\/463
|-damage|p2a: Vaporeon|406\/463|[from] Spikes
|turn|27
|
|switch|p1a: Beedrill|Beedrill-Mega, F|271\/271
|move|p2a: Vaporeon|Protect|p2a: Vaporeon
|-fail|p2a: Vaporeon
|
|-heal|p2a: Vaporeon|434\/463|[from] item: Leftovers
|turn|28
|
|move|p1a: Beedrill|Poison Jab|p2a: Vaporeon
|-damage|p2a: Vaporeon|240\/463
|move|p2a: Vaporeon|Wish|p2a: Vaporeon
|
|-heal|p2a: Vaporeon|268\/463|[from] item: Leftovers
|turn|29
|
|move|p1a: Beedrill|U-turn|p2a: Vaporeon
|-damage|p2a: Vaporeon|76\/463
|
|switch|p1a: Raikou|Raikou|157\/321
|-ability|p1a: Raikou|Pressure
|move|p2a: Vaporeon|Scald|p1a: Raikou
|-damage|p1a: Raikou|91\/321
|
|-heal|p2a: Vaporeon|307\/463|[from] move: Wish|[wisher] Vaporeon
|-heal|p2a: Vaporeon|335\/463|[from] item: Leftovers
|turn|30
|
|move|p2a: Vaporeon|Protect|p2a: Vaporeon
|-singleturn|p2a: Vaporeon|Protect
|move|p1a: Raikou|Volt Switch|p2a: Vaporeon
|-activate|p2a: Vaporeon|Protect
|
|-heal|p2a: Vaporeon|363\/463|[from] item: Leftovers
|turn|31
|
|switch|p2a: ALIENS|Ferrothorn, F|242\/351
|-damage|p2a: ALIENS|199\/351|[from] Spikes
|move|p1a: Raikou|Thunderbolt|p2a: ALIENS
|-resisted|p2a: ALIENS
|-damage|p2a: ALIENS|132\/351
|
|turn|32
|
|move|p1a: Raikou|Volt Switch|p2a: ALIENS
|-resisted|p2a: ALIENS
|-damage|p2a: ALIENS|85\/351
|
|switch|p1a: Mienshao|Mienshao, M|236\/271
|move|p2a: ALIENS|Power Whip|p1a: Mienshao
|-damage|p1a: Mienshao|0 fnt
|faint|p1a: Mienshao
|
|
|switch|p1a: Beedrill|Beedrill-Mega, F|271\/271
|turn|33
|
|move|p1a: Beedrill|Poison Jab|p2a: ALIENS
|-immune|p2a: ALIENS|[msg]
|move|p2a: ALIENS|Power Whip|p1a: Beedrill|[miss]
|-miss|p2a: ALIENS|p1a: Beedrill
|
|turn|34
|
|move|p1a: Beedrill|Drill Run|p2a: ALIENS
|-damage|p2a: ALIENS|5\/351
|-damage|p1a: Beedrill|238\/271|[from] ability: Iron Barbs|[of] p2a: ALIENS
|move|p2a: ALIENS|Power Whip|p1a: Beedrill
|-resisted|p1a: Beedrill
|-damage|p1a: Beedrill|110\/271
|
|turn|35
|
|move|p1a: Beedrill|Drill Run|p2a: ALIENS
|-damage|p2a: ALIENS|0 fnt
|-damage|p1a: Beedrill|77\/271|[from] ability: Iron Barbs|[of] p2a: ALIENS
|faint|p2a: ALIENS
|
|
|switch|p2a: Barney|Dragonite, M|243\/324
|turn|36
|
|move|p1a: Beedrill|Poison Jab|p2a: Barney
|-damage|p2a: Barney|39\/324
|move|p2a: Barney|Dragon Dance|p2a: Barney
|-boost|p2a: Barney|atk|1
|-boost|p2a: Barney|spe|1
|
|turn|37
|
|move|p2a: Barney|Extreme Speed|p1a: Beedrill
|-damage|p1a: Beedrill|0 fnt
|faint|p1a: Beedrill
|
|-message|BurgerTeamTesting forfeited.
|
|win|Dat Username
|raw|Ladder updating...
|leave|BurgerTeamTesting
|player|p1
|raw|BurgerTeamTesting's rating: 1633 &rarr; <strong>1603<\/strong><br \/>(-30 for losing)
|raw|Dat Username's rating: 1434 &rarr; <strong>1464<\/strong><br \/>(+30 for winning)
|leave|Dat Username
|player|p2
|join|Dat Username