|join|senky
|join|BurgerTeamTesting
|player|p1|senky|101
|player|p2|BurgerTeamTesting|115
|gametype|singles
|gen|6
|tier|OU
|rated
|clearpoke
|poke|p1|Garchomp, F
|poke|p1|Manectric, F
|poke|p1|Crawdaunt, M
|poke|p1|Gengar, F
|poke|p1|Azumarill, F
|poke|p1|Landorus-Therian, M
|poke|p2|Charizard, F
|poke|p2|Conkeldurr, M
|poke|p2|Landorus-Therian, M
|poke|p2|Ferrothorn, M
|poke|p2|Latias, F
|poke|p2|Heatran, F
|rule|Swagger Clause: Swagger is banned
|rule|Baton Pass Clause: Limit one PokÃ©mon knowing Baton Pass
|rule|Sleep Clause Mod: Limit one foe put to sleep
|rule|Species Clause: Limit one of each PokÃ©mon
|rule|OHKO Clause: OHKO moves are banned
|rule|Moody Clause: Moody is banned
|rule|Evasion Moves Clause: Evasion moves are banned
|rule|Endless Battle Clause: Forcing endless battles is banned
|rule|HP Percentage Mod: HP is shown in percentages
|teampreview
|join|INSANE PLAYS
|
|start
|switch|p1a: Azumarill|Azumarill, F|403\/403
|switch|p2a: Charizard|Charizard, F|360\/360
|turn|1
|
|detailschange|p2a: Charizard|Charizard-Mega-X, F
|message|Charizard has Mega Evolved into Mega Charizard!
|move|p2a: Charizard|Will-O-Wisp|p1a: Azumarill|[miss]
|-miss|p2a: Charizard|p1a: Azumarill
|move|p1a: Azumarill|Superpower|p2a: Charizard
|-damage|p2a: Charizard|213\/360
|-unboost|p1a: Azumarill|atk|1
|-unboost|p1a: Azumarill|def|1
|
|turn|2
|
|switch|p1a: Gengar|Gengar, F|261\/261
|move|p2a: Charizard|Roost|p2a: Charizard
|-heal|p2a: Charizard|360\/360
|
|turn|3
|
|move|p1a: Gengar|Sludge Wave|p2a: Charizard
|-damage|p2a: Charizard|148\/360
|-damage|p1a: Gengar|235\/261|[from] item: Life Orb
|move|p2a: Charizard|Dragon Claw|p1a: Gengar
|-damage|p1a: Gengar|4\/261
|
|turn|4
|
|switch|p2a: Heatran|Heatran, F|386\/386
|move|p1a: Gengar|Pain Split|p2a: Heatran
|-sethp|p2a: Heatran|195\/386|p1a: Gengar|195\/261|[from] move: Pain Split
|
|-heal|p2a: Heatran|219\/386|[from] item: Leftovers
|turn|5
|
|move|p1a: Gengar|Focus Blast|p2a: Heatran|[miss]
|-miss|p1a: Gengar|p2a: Heatran
|move|p2a: Heatran|Stealth Rock|p1a: Gengar
|-sidestart|p1: senky|move: Stealth Rock
|
|-heal|p2a: Heatran|243\/386|[from] item: Leftovers
|turn|6
|
|switch|p2a: Landorus-Therian|Landorus-Therian, M|319\/319
|-ability|p2a: Landorus-Therian|Intimidate|[of] p1a: Gengar
|-unboost|p1a: Gengar|atk|1
|move|p1a: Gengar|Focus Blast|p2a: Landorus-Therian
|-resisted|p2a: Landorus-Therian
|-damage|p2a: Landorus-Therian|210\/319
|-damage|p1a: Gengar|169\/261|[from] item: Life Orb
|
|turn|7
|
|switch|p1a: Landorus-Therian|Landorus-Therian, M|319\/319
|-damage|p1a: Landorus-Therian|280\/319|[from] Stealth Rock
|-ability|p1a: Landorus-Therian|Intimidate|[of] p2a: Landorus-Therian
|-unboost|p2a: Landorus-Therian|atk|1
|move|p2a: Landorus-Therian|U-turn|p1a: Landorus-Therian
|-resisted|p1a: Landorus-Therian
|-damage|p1a: Landorus-Therian|248\/319
|
|switch|p2a: Ferrothorn|Ferrothorn, M|352\/352
|
|turn|8
|
|switch|p1a: Manectric|Manectric, F|281\/281
|-damage|p1a: Manectric|246\/281|[from] Stealth Rock
|move|p2a: Ferrothorn|Spikes|p1a: Manectric
|-sidestart|p1: senky|Spikes
|
|turn|9
|
|switch|p2a: Landorus-Therian|Landorus-Therian, M|210\/319
|-ability|p2a: Landorus-Therian|Intimidate|[of] p1a: Manectric
|-unboost|p1a: Manectric|atk|1
|detailschange|p1a: Manectric|Manectric-Mega, F
|message|Manectric has Mega Evolved into Mega Manectric!
|-ability|p1a: Manectric|Intimidate|[of] p2a: Landorus-Therian
|-unboost|p2a: Landorus-Therian|atk|1
|move|p1a: Manectric|Volt Switch|p2a: Landorus-Therian
|-immune|p2a: Landorus-Therian|[msg]
|
|turn|10
|
|move|p2a: Landorus-Therian|U-turn|p1a: Manectric
|-damage|p1a: Manectric|170\/281
|
|switch|p2a: Heatran|Heatran, F|243\/386
|move|p1a: Manectric|Volt Switch|p2a: Heatran
|-damage|p2a: Heatran|152\/386
|
|switch|p1a: Garchomp|Garchomp, F|357\/357
|-damage|p1a: Garchomp|313\/357|[from] Spikes
|-damage|p1a: Garchomp|291\/357|[from] Stealth Rock
|
|-heal|p2a: Heatran|176\/386|[from] item: Leftovers
|turn|11
|
|switch|p2a: Latias|Latias, F|305\/305
|move|p1a: Garchomp|Stealth Rock|p2a: Latias
|-sidestart|p2: BurgerTeamTesting|move: Stealth Rock
|
|turn|12
|
|switch|p1a: Azumarill|Azumarill, F|403\/403
|-damage|p1a: Azumarill|353\/403|[from] Stealth Rock
|-damage|p1a: Azumarill|303\/403|[from] Spikes
|move|p2a: Latias|Psyshock|p1a: Azumarill
|-crit|p1a: Azumarill
|-damage|p1a: Azumarill|25\/403
|-damage|p2a: Latias|275\/305|[from] item: Life Orb
|
|turn|13
|join|NocturOP
|
|move|p1a: Azumarill|Aqua Jet|p2a: Latias
|-resisted|p2a: Latias
|-damage|p2a: Latias|224\/305
|move|p2a: Latias|Psyshock|p1a: Azumarill
|-damage|p1a: Azumarill|0 fnt
|-damage|p2a: Latias|194\/305|[from] item: Life Orb
|faint|p1a: Azumarill
|
|
|switch|p1a: Landorus-Therian|Landorus-Therian, M|248\/319
|-damage|p1a: Landorus-Therian|209\/319|[from] Stealth Rock
|-ability|p1a: Landorus-Therian|Intimidate|[of] p2a: Latias
|-unboost|p2a: Latias|atk|1
|turn|14
|
|switch|p2a: Ferrothorn|Ferrothorn, M|352\/352
|-damage|p2a: Ferrothorn|330\/352|[from] Stealth Rock
|move|p1a: Landorus-Therian|U-turn|p2a: Ferrothorn
|-damage|p2a: Ferrothorn|261\/352
|-damage|p1a: Landorus-Therian|170\/319|[from] ability: Iron Barbs|[of] p2a: Ferrothorn
|
|switch|p1a: Crawdaunt|Crawdaunt, M|267\/267
|-damage|p1a: Crawdaunt|234\/267|[from] Stealth Rock
|-damage|p1a: Crawdaunt|201\/267|[from] Spikes
|
|-heal|p2a: Ferrothorn|283\/352|[from] item: Leftovers
|turn|15
|
|move|p1a: Crawdaunt|Swords Dance|p1a: Crawdaunt
|-boost|p1a: Crawdaunt|atk|2
|move|p2a: Ferrothorn|Knock Off|p1a: Crawdaunt
|-resisted|p1a: Crawdaunt
|-damage|p1a: Crawdaunt|157\/267
|-enditem|p1a: Crawdaunt|Life Orb|[from] move: Knock Off|[of] p2a: Ferrothorn
|
|-heal|p2a: Ferrothorn|305\/352|[from] item: Leftovers
|turn|16
|
|move|p1a: Crawdaunt|Knock Off|p2a: Ferrothorn
|-damage|p2a: Ferrothorn|9\/352
|-damage|p1a: Crawdaunt|124\/267|[from] ability: Iron Barbs|[of] p2a: Ferrothorn
|-enditem|p2a: Ferrothorn|Leftovers|[from] move: Knock Off|[of] p1a: Crawdaunt
|move|p2a: Ferrothorn|Spikes|p1a: Crawdaunt
|-sidestart|p1: senky|Spikes
|
|turn|17
|
|move|p1a: Crawdaunt|Knock Off|p2a: Ferrothorn
|-damage|p2a: Ferrothorn|0 fnt
|-damage|p1a: Crawdaunt|91\/267|[from] ability: Iron Barbs|[of] p2a: Ferrothorn
|faint|p2a: Ferrothorn
|
|
|switch|p2a: Conkeldurr|Conkeldurr, M|414\/414
|-damage|p2a: Conkeldurr|389\/414|[from] Stealth Rock
|turn|18
|
|switch|p1a: Garchomp|Garchomp, F|291\/357
|-damage|p1a: Garchomp|269\/357|[from] Stealth Rock
|-damage|p1a: Garchomp|210\/357|[from] Spikes
|move|p2a: Conkeldurr|Mach Punch|p1a: Garchomp
|-damage|p1a: Garchomp|135\/357
|-damage|p2a: Conkeldurr|338\/414|[from] ability: Rough Skin|[of] p1a: Garchomp
|
|turn|19
|
|move|p1a: Garchomp|Dragon Claw|p2a: Conkeldurr
|-damage|p2a: Conkeldurr|200\/414
|move|p2a: Conkeldurr|Drain Punch|p1a: Garchomp
|-damage|p1a: Garchomp|0 fnt
|-heal|p2a: Conkeldurr|268\/414|[from] drain|[of] p1a: Garchomp
|-damage|p2a: Conkeldurr|217\/414|[from] ability: Rough Skin|[of] p1a: Garchomp
|faint|p1a: Garchomp
|
|
|switch|p1a: Gengar|Gengar, F|169\/261
|-damage|p1a: Gengar|137\/261|[from] Stealth Rock
|turn|20
|
|switch|p2a: Charizard|Charizard-Mega-X, F|148\/360
|-damage|p2a: Charizard|58\/360|[from] Stealth Rock
|move|p1a: Gengar|Sludge Wave|p2a: Charizard
|-damage|p2a: Charizard|0 fnt
|-damage|p1a: Gengar|111\/261|[from] item: Life Orb
|faint|p2a: Charizard
|
|
|switch|p2a: Landorus-Therian|Landorus-Therian, M|210\/319
|-damage|p2a: Landorus-Therian|171\/319|[from] Stealth Rock
|-ability|p2a: Landorus-Therian|Intimidate|[of] p1a: Gengar
|-unboost|p1a: Gengar|atk|1
|turn|21
|
|switch|p1a: Landorus-Therian|Landorus-Therian, M|170\/319
|-damage|p1a: Landorus-Therian|131\/319|[from] Stealth Rock
|-ability|p1a: Landorus-Therian|Intimidate|[of] p2a: Landorus-Therian
|-unboost|p2a: Landorus-Therian|atk|1
|move|p2a: Landorus-Therian|Rock Slide|p1a: Landorus-Therian
|-damage|p1a: Landorus-Therian|58\/319
|
|turn|22
|
|switch|p2a: Heatran|Heatran, F|176\/386
|-damage|p2a: Heatran|128\/386|[from] Stealth Rock
|move|p1a: Landorus-Therian|Explosion|p2a: Heatran
|-resisted|p2a: Heatran
|-damage|p2a: Heatran|0 fnt
|faint|p1a: Landorus-Therian
|faint|p2a: Heatran
|
|
|switch|p1a: Crawdaunt|Crawdaunt, M|91\/267
|switch|p2a: Conkeldurr|Conkeldurr, M|217\/414
|-damage|p1a: Crawdaunt|47\/267|[from] Spikes
|-damage|p1a: Crawdaunt|14\/267|[from] Stealth Rock
|-damage|p2a: Conkeldurr|192\/414|[from] Stealth Rock
|turn|23
|
|move|p1a: Crawdaunt|Aqua Jet|p2a: Conkeldurr
|-damage|p2a: Conkeldurr|92\/414
|move|p2a: Conkeldurr|Mach Punch|p1a: Crawdaunt
|-supereffective|p1a: Crawdaunt
|-damage|p1a: Crawdaunt|0 fnt
|faint|p1a: Crawdaunt
|
|
|switch|p1a: Gengar|Gengar, F|111\/261
|-damage|p1a: Gengar|79\/261|[from] Stealth Rock
|turn|24
|c| NocturOP|esto es para el tag tourÂ¿?
|
|switch|p2a: Latias|Latias, F|194\/305
|-damage|p2a: Latias|156\/305|[from] Stealth Rock
|move|p1a: Gengar|Shadow Ball|p2a: Latias
|-supereffective|p2a: Latias
|-damage|p2a: Latias|0 fnt
|-damage|p1a: Gengar|53\/261|[from] item: Life Orb
|faint|p2a: Latias
|
|c|âsenky|q?
|
|switch|p2a: Landorus-Therian|Landorus-Therian, M|171\/319
|-damage|p2a: Landorus-Therian|132\/319|[from] Stealth Rock
|-ability|p2a: Landorus-Therian|Intimidate|[of] p1a: Gengar
|-unboost|p1a: Gengar|atk|1
|turn|25
|c| INSANE PLAYS|nop
|
|move|p2a: Landorus-Therian|Rock Slide|p1a: Gengar
|-damage|p1a: Gengar|0 fnt
|faint|p1a: Gengar
|
|
|switch|p1a: Manectric|Manectric-Mega, F|170\/281
|-damage|p1a: Manectric|124\/281|[from] Spikes
|-damage|p1a: Manectric|89\/281|[from] Stealth Rock
|-ability|p1a: Manectric|Intimidate|[of] p2a: Landorus-Therian
|-unboost|p2a: Landorus-Therian|atk|1
|turn|26
|c|âBurgerTeamTesting|gg
|c|âsenky|gg
|
|switch|p2a: Conkeldurr|Conkeldurr, M|92\/414
|-damage|p2a: Conkeldurr|67\/414|[from] Stealth Rock
|move|p1a: Manectric|Hidden Power|p2a: Conkeldurr
|-crit|p2a: Conkeldurr
|-damage|p2a: Conkeldurr|0 fnt
|faint|p2a: Conkeldurr
|
|
|switch|p2a: Landorus-Therian|Landorus-Therian, M|132\/319
|-damage|p2a: Landorus-Therian|93\/319|[from] Stealth Rock
|-ability|p2a: Landorus-Therian|Intimidate|[of] p1a: Manectric
|-unboost|p1a: Manectric|atk|1
|turn|27
|
|move|p2a: Landorus-Therian|Earthquake|p1a: Manectric
|-supereffective|p1a: Manectric
|-damage|p1a: Manectric|0 fnt
|faint|p1a: Manectric
|
|win|BurgerTeamTesting
|raw|Ladder updating...
|leave|senky
|player|p1
|raw|senky's rating: 1443 &rarr; <strong>1425<\/strong><br \/>(-18 for losing)
|raw|BurgerTeamTesting's rating: 1481 &rarr; <strong>1499<\/strong><br \/>(+18 for winning)
|leave|NocturOP
|leave|INSANE PLAYS
|leave|BurgerTeamTesting
|player|p2
|join|BurgerTeamTesting