|join|jkk kj k
|join|Example1925
|player|p1|jkk kj k|240
|player|p2|Example1925|137
|gametype|singles
|gen|6
|tier|OU (suspect test)
|rated
|clearpoke
|poke|p1|Latias, F
|poke|p1|Bisharp, M
|poke|p1|Clefable, M
|poke|p1|Rotom-Wash
|poke|p1|Heatran, F
|poke|p1|Sceptile, M
|poke|p2|Skarmory, F
|poke|p2|Heatran, F
|poke|p2|Quagsire, M
|poke|p2|Sableye, M
|poke|p2|Sylveon, F
|poke|p2|Porygon2
|rule|Swagger Clause: Swagger is banned
|rule|Baton Pass Clause: Limit one PokÃ©mon knowing Baton Pass
|rule|Sleep Clause Mod: Limit one foe put to sleep
|rule|Species Clause: Limit one of each PokÃ©mon
|rule|OHKO Clause: OHKO moves are banned
|rule|Moody Clause: Moody is banned
|rule|Evasion Moves Clause: Evasion moves are banned
|rule|Endless Battle Clause: Forcing endless battles is banned
|rule|HP Percentage Mod: HP is shown in percentages
|teampreview
|
|start
|switch|p1a: Anna|Heatran, F|385\/385
|switch|p2a: Quagsire|Quagsire, M|394\/394
|-item|p1a: Anna|Air Balloon
|turn|1
|
|move|p1a: Anna|Stealth Rock|p2a: Quagsire
|-sidestart|p2: Example1925|move: Stealth Rock
|move|p2a: Quagsire|Scald|p1a: Anna
|-supereffective|p1a: Anna
|-damage|p1a: Anna|293\/385
|-enditem|p1a: Anna|Air Balloon
|
|turn|2
|
|switch|p1a: Camarossi|Rotom-Wash|304\/304
|move|p2a: Quagsire|Toxic|p1a: Camarossi
|-status|p1a: Camarossi|tox
|
|-damage|p1a: Camarossi|285\/304 tox|[from] psn
|turn|3
|
|switch|p2a: Sylveon|Sylveon, F|394\/394
|-damage|p2a: Sylveon|345\/394|[from] Stealth Rock
|move|p1a: Camarossi|Will-O-Wisp|p2a: Sylveon
|-status|p2a: Sylveon|brn
|
|-heal|p1a: Camarossi|304\/304 tox|[from] item: Leftovers
|-heal|p2a: Sylveon|369\/394 brn|[from] item: Leftovers
|-damage|p1a: Camarossi|266\/304 tox|[from] psn
|-damage|p2a: Sylveon|320\/394 brn|[from] brn
|turn|4
|
|move|p1a: Camarossi|Volt Switch|p2a: Sylveon
|-damage|p2a: Sylveon|269\/394 brn
|
|switch|p1a: Falckner|Bisharp, M|271\/271
|move|p2a: Sylveon|Heal Bell|p2a: Sylveon
|-cureteam|p2a: Sylveon|[from] move: HealBell
|
|-heal|p2a: Sylveon|293\/394|[from] item: Leftovers
|turn|5
|
|switch|p2a: Sableye|Sableye, M|304\/304
|-damage|p2a: Sableye|266\/304|[from] Stealth Rock
|move|p1a: Falckner|Knock Off|p2a: Sableye
|-damage|p2a: Sableye|158\/304
|
|turn|6
|
|switch|p1a: Anna|Heatran, F|293\/385
|detailschange|p2a: Sableye|Sableye-Mega, M
|-mega|p2a: Sableye|Sableye|Sablenite
|move|p2a: Sableye|Recover|p2a: Sableye
|-heal|p2a: Sableye|304\/304
|
|turn|7
|
|switch|p2a: Porygon2|Porygon2|373\/373
|-damage|p2a: Porygon2|327\/373|[from] Stealth Rock
|-ability|p2a: Porygon2|Flash Fire|[from] ability: Trace|[of] p1a: Anna
|move|p1a: Anna|Lava Plume|p2a: Porygon2
|-start|p2a: Porygon2|ability: Flash Fire
|
|turn|8
|
|move|p1a: Anna|Taunt|p2a: Porygon2
|-start|p2a: Porygon2|move: Taunt
|move|p2a: Porygon2|Discharge|p1a: Anna
|-damage|p1a: Anna|241\/385
|
|turn|9
|
|move|p1a: Anna|Earth Power|p2a: Porygon2
|-damage|p2a: Porygon2|280\/373
|move|p2a: Porygon2|Ice Beam|p1a: Anna
|-resisted|p1a: Anna
|-damage|p1a: Anna|228\/385
|
|turn|10
|
|move|p1a: Anna|Earth Power|p2a: Porygon2
|-damage|p2a: Porygon2|233\/373
|move|p2a: Porygon2|Discharge|p1a: Anna
|-damage|p1a: Anna|178\/385
|
|-end|p2a: Porygon2|move: Taunt
|turn|11
|
|move|p1a: Anna|Taunt|p2a: Porygon2
|-start|p2a: Porygon2|move: Taunt
|cant|p2a: Porygon2|move: Taunt|Recover
|
|turn|12
|
|switch|p1a: Falckner|Bisharp, M|271\/271
|move|p2a: Porygon2|Discharge|p1a: Falckner
|-damage|p1a: Falckner|187\/271
|
|turn|13
|
|switch|p2a: Sableye|Sableye-Mega, M|304\/304
|-damage|p2a: Sableye|266\/304|[from] Stealth Rock
|move|p1a: Falckner|Swords Dance|p1a: Falckner
|-boost|p1a: Falckner|atk|2
|
|turn|14
|
|move|p1a: Falckner|Iron Head|p2a: Sableye
|-damage|p2a: Sableye|92\/304
|cant|p2a: Sableye|flinch
|
|turn|15
|
|switch|p2a: Quagsire|Quagsire, M|394\/394
|-damage|p2a: Quagsire|370\/394|[from] Stealth Rock
|move|p1a: Falckner|Iron Head|p2a: Quagsire
|-resisted|p2a: Quagsire
|-damage|p2a: Quagsire|304\/394
|
|-heal|p2a: Quagsire|328\/394|[from] item: Leftovers
|turn|16
|
|switch|p1a: Weyne|Clefable, M|394\/394
|move|p2a: Quagsire|Toxic|p1a: Weyne
|-status|p1a: Weyne|tox
|
|-heal|p2a: Quagsire|352\/394|[from] item: Leftovers
|turn|17
|
|switch|p2a: Heatran|Heatran, F|386\/386
|-damage|p2a: Heatran|338\/386|[from] Stealth Rock
|move|p1a: Weyne|Moonblast|p2a: Heatran
|-resisted|p2a: Heatran
|-damage|p2a: Heatran|319\/386
|
|-heal|p2a: Heatran|343\/386|[from] item: Leftovers
|turn|18
|
|switch|p1a: Camarossi|Rotom-Wash|266\/304 tox
|move|p2a: Heatran|Stealth Rock|p1a: Camarossi
|-sidestart|p1: jkk kj k|move: Stealth Rock
|
|-heal|p1a: Camarossi|285\/304 tox|[from] item: Leftovers
|-heal|p2a: Heatran|367\/386|[from] item: Leftovers
|-damage|p1a: Camarossi|266\/304 tox|[from] psn
|turn|19
|
|move|p2a: Heatran|Protect|p2a: Heatran
|-singleturn|p2a: Heatran|Protect
|move|p1a: Camarossi|Volt Switch|p2a: Heatran
|-activate|p2a: Heatran|Protect
|
|-heal|p1a: Camarossi|285\/304 tox|[from] item: Leftovers
|-heal|p2a: Heatran|386\/386|[from] item: Leftovers
|-damage|p1a: Camarossi|247\/304 tox|[from] psn
|turn|20
|
|switch|p2a: Porygon2|Porygon2|233\/373
|-damage|p2a: Porygon2|187\/373|[from] Stealth Rock
|-ability|p2a: Porygon2|Levitate|[from] ability: Trace|[of] p1a: Camarossi
|move|p1a: Camarossi|Hydro Pump|p2a: Porygon2|[miss]
|-miss|p1a: Camarossi|p2a: Porygon2
|
|-heal|p1a: Camarossi|266\/304 tox|[from] item: Leftovers
|-damage|p1a: Camarossi|209\/304 tox|[from] psn
|turn|21
|
|move|p1a: Camarossi|Will-O-Wisp|p2a: Porygon2|[miss]
|-miss|p1a: Camarossi|p2a: Porygon2
|move|p2a: Porygon2|Recover|p2a: Porygon2
|-heal|p2a: Porygon2|373\/373
|
|-heal|p1a: Camarossi|228\/304 tox|[from] item: Leftovers
|-damage|p1a: Camarossi|152\/304 tox|[from] psn
|turn|22
|c|âExample1925|sorry
|
|move|p1a: Camarossi|Volt Switch|p2a: Porygon2
|-damage|p2a: Porygon2|331\/373
|
|switch|p1a: Weyne|Clefable, M|394\/394 tox
|move|p2a: Porygon2|Discharge|p1a: Weyne
|-damage|p1a: Weyne|319\/394 tox
|
|-heal|p1a: Weyne|343\/394 tox|[from] item: Leftovers
|turn|23
|
|switch|p2a: Heatran|Heatran, F|386\/386
|-damage|p2a: Heatran|338\/386|[from] Stealth Rock
|move|p1a: Weyne|Calm Mind|p1a: Weyne
|-boost|p1a: Weyne|spa|1
|-boost|p1a: Weyne|spd|1
|
|-heal|p2a: Heatran|362\/386|[from] item: Leftovers
|-heal|p1a: Weyne|367\/394 tox|[from] item: Leftovers
|turn|24
|
|move|p2a: Heatran|Lava Plume|p1a: Weyne
|-damage|p1a: Weyne|282\/394 tox
|move|p1a: Weyne|Calm Mind|p1a: Weyne
|-boost|p1a: Weyne|spa|1
|-boost|p1a: Weyne|spd|1
|
|-heal|p2a: Heatran|386\/386|[from] item: Leftovers
|-heal|p1a: Weyne|306\/394 tox|[from] item: Leftovers
|turn|25
|
|move|p2a: Heatran|Lava Plume|p1a: Weyne
|-damage|p1a: Weyne|242\/394 tox
|move|p1a: Weyne|Calm Mind|p1a: Weyne
|-boost|p1a: Weyne|spa|1
|-boost|p1a: Weyne|spd|1
|
|-heal|p1a: Weyne|266\/394 tox|[from] item: Leftovers
|turn|26
|
|move|p2a: Heatran|Lava Plume|p1a: Weyne
|-crit|p1a: Weyne
|-damage|p1a: Weyne|80\/394 tox
|move|p1a: Weyne|Calm Mind|p1a: Weyne
|-boost|p1a: Weyne|spa|1
|-boost|p1a: Weyne|spd|1
|
|-heal|p1a: Weyne|104\/394 tox|[from] item: Leftovers
|turn|27
|
|move|p2a: Heatran|Lava Plume|p1a: Weyne
|-damage|p1a: Weyne|58\/394 tox
|move|p1a: Weyne|Soft-Boiled|p1a: Weyne
|-heal|p1a: Weyne|255\/394 tox
|
|-heal|p1a: Weyne|279\/394 tox|[from] item: Leftovers
|turn|28
|
|move|p2a: Heatran|Lava Plume|p1a: Weyne
|-damage|p1a: Weyne|239\/394 tox
|move|p1a: Weyne|Soft-Boiled|p1a: Weyne
|-heal|p1a: Weyne|394\/394 tox
|
|turn|29
|
|move|p2a: Heatran|Lava Plume|p1a: Weyne
|-damage|p1a: Weyne|349\/394 tox
|move|p1a: Weyne|Calm Mind|p1a: Weyne
|-boost|p1a: Weyne|spa|1
|-boost|p1a: Weyne|spd|1
|
|-heal|p1a: Weyne|373\/394 tox|[from] item: Leftovers
|turn|30
|
|move|p2a: Heatran|Lava Plume|p1a: Weyne
|-damage|p1a: Weyne|333\/394 tox
|move|p1a: Weyne|Calm Mind|p1a: Weyne
|-boost|p1a: Weyne|spa|1
|-boost|p1a: Weyne|spd|1
|
|-heal|p1a: Weyne|357\/394 tox|[from] item: Leftovers
|turn|31
|
|move|p2a: Heatran|Lava Plume|p1a: Weyne
|-damage|p1a: Weyne|323\/394 tox
|move|p1a: Weyne|Moonblast|p2a: Heatran
|-resisted|p2a: Heatran
|-damage|p2a: Heatran|308\/386
|
|-heal|p2a: Heatran|332\/386|[from] item: Leftovers
|-heal|p1a: Weyne|347\/394 tox|[from] item: Leftovers
|turn|32
|
|move|p2a: Heatran|Stealth Rock|p1a: Weyne
|-fail|p1a: Weyne
|move|p1a: Weyne|Moonblast|p2a: Heatran
|-resisted|p2a: Heatran
|-damage|p2a: Heatran|265\/386
|
|-heal|p2a: Heatran|289\/386|[from] item: Leftovers
|-heal|p1a: Weyne|371\/394 tox|[from] item: Leftovers
|turn|33
|
|move|p2a: Heatran|Lava Plume|p1a: Weyne
|-damage|p1a: Weyne|338\/394 tox
|move|p1a: Weyne|Moonblast|p2a: Heatran
|-resisted|p2a: Heatran
|-damage|p2a: Heatran|213\/386
|
|-heal|p2a: Heatran|237\/386|[from] item: Leftovers
|-heal|p1a: Weyne|362\/394 tox|[from] item: Leftovers
|turn|34
|
|move|p2a: Heatran|Lava Plume|p1a: Weyne
|-damage|p1a: Weyne|329\/394 tox
|move|p1a: Weyne|Moonblast|p2a: Heatran
|-resisted|p2a: Heatran
|-damage|p2a: Heatran|161\/386
|-unboost|p2a: Heatran|spa|1
|
|-heal|p2a: Heatran|185\/386|[from] item: Leftovers
|-heal|p1a: Weyne|353\/394 tox|[from] item: Leftovers
|turn|35
|
|move|p2a: Heatran|Lava Plume|p1a: Weyne
|-damage|p1a: Weyne|329\/394 tox
|move|p1a: Weyne|Moonblast|p2a: Heatran
|-resisted|p2a: Heatran
|-damage|p2a: Heatran|115\/386
|-unboost|p2a: Heatran|spa|1
|
|-heal|p2a: Heatran|139\/386|[from] item: Leftovers
|-heal|p1a: Weyne|353\/394 tox|[from] item: Leftovers
|turn|36
|
|move|p2a: Heatran|Lava Plume|p1a: Weyne
|-damage|p1a: Weyne|337\/394 tox
|move|p1a: Weyne|Moonblast|p2a: Heatran
|-resisted|p2a: Heatran
|-damage|p2a: Heatran|60\/386
|
|-heal|p2a: Heatran|84\/386|[from] item: Leftovers
|-heal|p1a: Weyne|361\/394 tox|[from] item: Leftovers
|turn|37
|
|move|p2a: Heatran|Lava Plume|p1a: Weyne
|-damage|p1a: Weyne|343\/394 tox
|move|p1a: Weyne|Moonblast|p2a: Heatran
|-resisted|p2a: Heatran
|-damage|p2a: Heatran|5\/386
|
|-heal|p2a: Heatran|29\/386|[from] item: Leftovers
|-heal|p1a: Weyne|367\/394 tox|[from] item: Leftovers
|turn|38
|c|âjkk kj k|gg
|
|move|p2a: Heatran|Lava Plume|p1a: Weyne
|-damage|p1a: Weyne|349\/394 tox
|move|p1a: Weyne|Moonblast|p2a: Heatran
|-resisted|p2a: Heatran
|-damage|p2a: Heatran|0 fnt
|faint|p2a: Heatran
|
|-heal|p1a: Weyne|373\/394 tox|[from] item: Leftovers
|
|switch|p2a: Quagsire|Quagsire, M|352\/394
|-damage|p2a: Quagsire|328\/394|[from] Stealth Rock
|turn|39
|c|âExample1925|gg
|c|âjkk kj k|oh unaware
|c|âjkk kj k|XD
|
|move|p1a: Weyne|Moonblast|p2a: Quagsire
|-damage|p2a: Quagsire|186\/394
|-unboost|p2a: Quagsire|spa|1
|move|p2a: Quagsire|Earthquake|p1a: Weyne
|-damage|p1a: Weyne|274\/394 tox
|
|-heal|p1a: Weyne|298\/394 tox|[from] item: Leftovers
|-heal|p2a: Quagsire|210\/394|[from] item: Leftovers
|turn|40
|
|move|p1a: Weyne|Moonblast|p2a: Quagsire
|-damage|p2a: Quagsire|51\/394
|move|p2a: Quagsire|Recover|p2a: Quagsire
|-heal|p2a: Quagsire|248\/394
|
|-heal|p1a: Weyne|322\/394 tox|[from] item: Leftovers
|-heal|p2a: Quagsire|272\/394|[from] item: Leftovers
|turn|41
|
|move|p1a: Weyne|Flamethrower|p2a: Quagsire
|-resisted|p2a: Quagsire
|-damage|p2a: Quagsire|222\/394
|move|p2a: Quagsire|Recover|p2a: Quagsire
|-heal|p2a: Quagsire|394\/394
|
|-heal|p1a: Weyne|346\/394 tox|[from] item: Leftovers
|turn|42
|
|move|p1a: Weyne|Flamethrower|p2a: Quagsire
|-resisted|p2a: Quagsire
|-damage|p2a: Quagsire|345\/394
|move|p2a: Quagsire|Earthquake|p1a: Weyne
|-damage|p1a: Weyne|250\/394 tox
|
|-heal|p1a: Weyne|274\/394 tox|[from] item: Leftovers
|-heal|p2a: Quagsire|369\/394|[from] item: Leftovers
|turn|43
|
|move|p1a: Weyne|Flamethrower|p2a: Quagsire
|-resisted|p2a: Quagsire
|-damage|p2a: Quagsire|318\/394
|move|p2a: Quagsire|Earthquake|p1a: Weyne
|-damage|p1a: Weyne|190\/394 tox
|
|-heal|p1a: Weyne|214\/394 tox|[from] item: Leftovers
|-heal|p2a: Quagsire|342\/394|[from] item: Leftovers
|turn|44
|
|move|p1a: Weyne|Flamethrower|p2a: Quagsire
|-resisted|p2a: Quagsire
|-damage|p2a: Quagsire|294\/394
|move|p2a: Quagsire|Earthquake|p1a: Weyne
|-crit|p1a: Weyne
|-damage|p1a: Weyne|79\/394 tox
|
|-heal|p1a: Weyne|103\/394 tox|[from] item: Leftovers
|-heal|p2a: Quagsire|318\/394|[from] item: Leftovers
|turn|45
|
|move|p1a: Weyne|Soft-Boiled|p1a: Weyne
|-heal|p1a: Weyne|300\/394 tox
|move|p2a: Quagsire|Earthquake|p1a: Weyne
|-damage|p1a: Weyne|215\/394 tox
|
|-heal|p1a: Weyne|239\/394 tox|[from] item: Leftovers
|-heal|p2a: Quagsire|342\/394|[from] item: Leftovers
|turn|46
|
|move|p1a: Weyne|Flamethrower|p2a: Quagsire
|-resisted|p2a: Quagsire
|-damage|p2a: Quagsire|297\/394
|move|p2a: Quagsire|Earthquake|p1a: Weyne
|-damage|p1a: Weyne|148\/394 tox
|
|-heal|p1a: Weyne|172\/394 tox|[from] item: Leftovers
|-heal|p2a: Quagsire|321\/394|[from] item: Leftovers
|turn|47
|
|move|p1a: Weyne|Flamethrower|p2a: Quagsire
|-resisted|p2a: Quagsire
|-damage|p2a: Quagsire|272\/394
|move|p2a: Quagsire|Earthquake|p1a: Weyne
|-damage|p1a: Weyne|79\/394 tox
|
|-heal|p1a: Weyne|103\/394 tox|[from] item: Leftovers
|-heal|p2a: Quagsire|296\/394|[from] item: Leftovers
|turn|48
|
|move|p1a: Weyne|Soft-Boiled|p1a: Weyne
|-heal|p1a: Weyne|300\/394 tox
|move|p2a: Quagsire|Earthquake|p1a: Weyne
|-damage|p1a: Weyne|213\/394 tox
|
|-heal|p1a: Weyne|237\/394 tox|[from] item: Leftovers
|-heal|p2a: Quagsire|320\/394|[from] item: Leftovers
|turn|49
|
|move|p1a: Weyne|Flamethrower|p2a: Quagsire
|-resisted|p2a: Quagsire
|-damage|p2a: Quagsire|272\/394
|move|p2a: Quagsire|Earthquake|p1a: Weyne
|-damage|p1a: Weyne|141\/394 tox
|
|-heal|p1a: Weyne|165\/394 tox|[from] item: Leftovers
|-heal|p2a: Quagsire|296\/394|[from] item: Leftovers
|turn|50
|
|move|p1a: Weyne|Soft-Boiled|p1a: Weyne
|-heal|p1a: Weyne|362\/394 tox
|move|p2a: Quagsire|Earthquake|p1a: Weyne
|-damage|p1a: Weyne|272\/394 tox
|
|-heal|p1a: Weyne|296\/394 tox|[from] item: Leftovers
|-heal|p2a: Quagsire|320\/394|[from] item: Leftovers
|turn|51
|
|move|p1a: Weyne|Flamethrower|p2a: Quagsire
|-resisted|p2a: Quagsire
|-damage|p2a: Quagsire|272\/394
|move|p2a: Quagsire|Earthquake|p1a: Weyne
|-damage|p1a: Weyne|197\/394 tox
|
|-heal|p1a: Weyne|221\/394 tox|[from] item: Leftovers
|-heal|p2a: Quagsire|296\/394|[from] item: Leftovers
|turn|52
|
|move|p1a: Weyne|Flamethrower|p2a: Quagsire
|-crit|p2a: Quagsire
|-resisted|p2a: Quagsire
|-damage|p2a: Quagsire|223\/394
|move|p2a: Quagsire|Scald|p1a: Weyne
|-damage|p1a: Weyne|167\/394 tox
|
|-heal|p1a: Weyne|191\/394 tox|[from] item: Leftovers
|-heal|p2a: Quagsire|247\/394|[from] item: Leftovers
|turn|53
|
|move|p1a: Weyne|Moonblast|p2a: Quagsire
|-damage|p2a: Quagsire|87\/394
|-unboost|p2a: Quagsire|spa|1
|move|p2a: Quagsire|Recover|p2a: Quagsire
|-heal|p2a: Quagsire|284\/394
|
|-heal|p1a: Weyne|215\/394 tox|[from] item: Leftovers
|-heal|p2a: Quagsire|308\/394|[from] item: Leftovers
|turn|54
|
|move|p1a: Weyne|Flamethrower|p2a: Quagsire
|-resisted|p2a: Quagsire
|-damage|p2a: Quagsire|261\/394
|-status|p2a: Quagsire|brn
|move|p2a: Quagsire|Recover|p2a: Quagsire
|-heal|p2a: Quagsire|394\/394 brn
|
|-heal|p1a: Weyne|239\/394 tox|[from] item: Leftovers
|-damage|p2a: Quagsire|345\/394 brn|[from] brn
|turn|55
|c|âjkk kj k|okay
|
|switch|p2a: Sableye|Sableye-Mega, M|92\/304
|-damage|p2a: Sableye|54\/304|[from] Stealth Rock
|move|p1a: Weyne|Moonblast|p2a: Sableye
|-supereffective|p2a: Sableye
|-damage|p2a: Sableye|0 fnt
|faint|p2a: Sableye
|
|-heal|p1a: Weyne|263\/394 tox|[from] item: Leftovers
|
|switch|p2a: Sylveon|Sylveon, F|293\/394
|-damage|p2a: Sylveon|244\/394|[from] Stealth Rock
|turn|56
|
|move|p1a: Weyne|Moonblast|p2a: Sylveon
|-crit|p2a: Sylveon
|-damage|p2a: Sylveon|0 fnt
|faint|p2a: Sylveon
|
|-heal|p1a: Weyne|287\/394 tox|[from] item: Leftovers
|
|switch|p2a: Quagsire|Quagsire, M|345\/394 brn
|-damage|p2a: Quagsire|321\/394 brn|[from] Stealth Rock
|turn|57
|
|move|p1a: Weyne|Flamethrower|p2a: Quagsire
|-resisted|p2a: Quagsire
|-damage|p2a: Quagsire|274\/394 brn
|move|p2a: Quagsire|Recover|p2a: Quagsire
|-heal|p2a: Quagsire|394\/394 brn
|
|-heal|p1a: Weyne|311\/394 tox|[from] item: Leftovers
|-damage|p2a: Quagsire|345\/394 brn|[from] brn
|turn|58
|
|move|p1a: Weyne|Moonblast|p2a: Quagsire
|-damage|p2a: Quagsire|191\/394 brn
|move|p2a: Quagsire|Earthquake|p1a: Weyne
|-damage|p1a: Weyne|268\/394 tox
|
|-heal|p1a: Weyne|292\/394 tox|[from] item: Leftovers
|-heal|p2a: Quagsire|215\/394 brn|[from] item: Leftovers
|-damage|p2a: Quagsire|166\/394 brn|[from] brn
|turn|59
|
|move|p1a: Weyne|Moonblast|p2a: Quagsire
|-damage|p2a: Quagsire|13\/394 brn
|move|p2a: Quagsire|Recover|p2a: Quagsire
|-heal|p2a: Quagsire|210\/394 brn
|
|-heal|p1a: Weyne|316\/394 tox|[from] item: Leftovers
|-heal|p2a: Quagsire|234\/394 brn|[from] item: Leftovers
|-damage|p2a: Quagsire|185\/394 brn|[from] brn
|turn|60
|
|move|p1a: Weyne|Moonblast|p2a: Quagsire
|-damage|p2a: Quagsire|19\/394 brn
|-unboost|p2a: Quagsire|spa|1
|move|p2a: Quagsire|Recover|p2a: Quagsire
|-heal|p2a: Quagsire|216\/394 brn
|
|-heal|p1a: Weyne|340\/394 tox|[from] item: Leftovers
|-heal|p2a: Quagsire|240\/394 brn|[from] item: Leftovers
|-damage|p2a: Quagsire|191\/394 brn|[from] brn
|turn|61
|
|move|p1a: Weyne|Moonblast|p2a: Quagsire
|-damage|p2a: Quagsire|29\/394 brn
|move|p2a: Quagsire|Recover|p2a: Quagsire
|-heal|p2a: Quagsire|226\/394 brn
|
|-heal|p1a: Weyne|364\/394 tox|[from] item: Leftovers
|-heal|p2a: Quagsire|250\/394 brn|[from] item: Leftovers
|-damage|p2a: Quagsire|201\/394 brn|[from] brn
|turn|62
|
|move|p1a: Weyne|Flamethrower|p2a: Quagsire
|-resisted|p2a: Quagsire
|-damage|p2a: Quagsire|152\/394 brn
|move|p2a: Quagsire|Recover|p2a: Quagsire
|-heal|p2a: Quagsire|349\/394 brn
|
|-heal|p1a: Weyne|388\/394 tox|[from] item: Leftovers
|-heal|p2a: Quagsire|373\/394 brn|[from] item: Leftovers
|-damage|p2a: Quagsire|324\/394 brn|[from] brn
|turn|63
|
|move|p1a: Weyne|Flamethrower|p2a: Quagsire
|-resisted|p2a: Quagsire
|-damage|p2a: Quagsire|273\/394 brn
|move|p2a: Quagsire|Scald|p1a: Weyne
|-damage|p1a: Weyne|340\/394 tox
|
|-heal|p1a: Weyne|364\/394 tox|[from] item: Leftovers
|-heal|p2a: Quagsire|297\/394 brn|[from] item: Leftovers
|-damage|p2a: Quagsire|248\/394 brn|[from] brn
|turn|64
|
|move|p1a: Weyne|Moonblast|p2a: Quagsire
|-damage|p2a: Quagsire|100\/394 brn
|move|p2a: Quagsire|Recover|p2a: Quagsire
|-heal|p2a: Quagsire|297\/394 brn
|
|-heal|p1a: Weyne|388\/394 tox|[from] item: Leftovers
|-heal|p2a: Quagsire|321\/394 brn|[from] item: Leftovers
|-damage|p2a: Quagsire|272\/394 brn|[from] brn
|turn|65
|
|move|p1a: Weyne|Flamethrower|p2a: Quagsire
|-resisted|p2a: Quagsire
|-damage|p2a: Quagsire|220\/394 brn
|move|p2a: Quagsire|Recover|p2a: Quagsire
|-heal|p2a: Quagsire|394\/394 brn
|
|-heal|p1a: Weyne|394\/394 tox|[from] item: Leftovers
|-damage|p2a: Quagsire|345\/394 brn|[from] brn
|turn|66
|
|move|p1a: Weyne|Flamethrower|p2a: Quagsire
|-resisted|p2a: Quagsire
|-damage|p2a: Quagsire|299\/394 brn
|move|p2a: Quagsire|Scald|p1a: Weyne
|-damage|p1a: Weyne|346\/394 tox
|
|-heal|p1a: Weyne|370\/394 tox|[from] item: Leftovers
|-heal|p2a: Quagsire|323\/394 brn|[from] item: Leftovers
|-damage|p2a: Quagsire|274\/394 brn|[from] brn
|turn|67
|c|âjkk kj k|u have 2 recovers
|
|move|p1a: Weyne|Moonblast|p2a: Quagsire
|-damage|p2a: Quagsire|108\/394 brn
|move|p2a: Quagsire|Scald|p1a: Weyne
|-damage|p1a: Weyne|319\/394 tox
|
|-heal|p1a: Weyne|343\/394 tox|[from] item: Leftovers
|-heal|p2a: Quagsire|132\/394 brn|[from] item: Leftovers
|-damage|p2a: Quagsire|83\/394 brn|[from] brn
|turn|68
|c|âjkk kj k|i think i win this game
|c|âjkk kj k|yes
|c|âjkk kj k|i win
|c|âExample1925|i canceled this scald but whatever
|
|move|p1a: Weyne|Moonblast|p2a: Quagsire
|-damage|p2a: Quagsire|0 fnt
|faint|p2a: Quagsire
|
|-heal|p1a: Weyne|367\/394 tox|[from] item: Leftovers
|c|âExample1925|i had 5 recvovers
|
|switch|p2a: Porygon2|Porygon2|331\/373
|-damage|p2a: Porygon2|285\/373|[from] Stealth Rock
|-ability|p2a: Porygon2|Magic Guard|[from] ability: Trace|[of] p1a: Weyne
|turn|69
|c|âjkk kj k|!data recover
|c|~|\/data-move Recover

|c|âjkk kj k|ctrl + f recover
|
|move|p1a: Weyne|Moonblast|p2a: Porygon2
|-damage|p2a: Porygon2|65\/373
|-unboost|p2a: Porygon2|spa|1
|move|p2a: Porygon2|Recover|p2a: Porygon2
|-heal|p2a: Porygon2|252\/373
|
|-heal|p1a: Weyne|391\/394 tox|[from] item: Leftovers
|turn|70
|
|move|p1a: Weyne|Flamethrower|p2a: Porygon2
|-damage|p2a: Porygon2|106\/373
|move|p2a: Porygon2|Recover|p2a: Porygon2
|-heal|p2a: Porygon2|293\/373
|
|-heal|p1a: Weyne|394\/394 tox|[from] item: Leftovers
|turn|71
|
|switch|p1a: Falckner|Bisharp, M|187\/271
|-damage|p1a: Falckner|171\/271|[from] Stealth Rock
|move|p2a: Porygon2|Recover|p2a: Porygon2
|-heal|p2a: Porygon2|373\/373
|
|turn|72
|
|switch|p2a: Skarmory|Skarmory, F|334\/334
|-damage|p2a: Skarmory|293\/334|[from] Stealth Rock
|move|p1a: Falckner|Knock Off|p2a: Skarmory
|-damage|p2a: Skarmory|185\/334
|-enditem|p2a: Skarmory|Shed Shell|[from] move: Knock Off|[of] p1a: Falckner
|
|turn|73
|
|move|p1a: Falckner|Swords Dance|p1a: Falckner
|-boost|p1a: Falckner|atk|2
|move|p2a: Skarmory|Roost|p2a: Skarmory
|-heal|p2a: Skarmory|334\/334
|
|turn|74
|
|move|p1a: Falckner|Knock Off|p2a: Skarmory
|-damage|p2a: Skarmory|193\/334
|move|p2a: Skarmory|Whirlwind|p1a: Falckner
|drag|p1a: Nick|Sceptile, M|281\/281
|-damage|p1a: Nick|246\/281|[from] Stealth Rock
|
|turn|75
|
|detailschange|p1a: Nick|Sceptile-Mega, M
|-mega|p1a: Nick|Sceptile|Sceptilite
|move|p1a: Nick|Focus Blast|p2a: Skarmory
|-damage|p2a: Skarmory|0 fnt
|faint|p2a: Skarmory
|
|c|âjkk kj k|gg :p
|
|switch|p2a: Porygon2|Porygon2|373\/373
|-damage|p2a: Porygon2|327\/373|[from] Stealth Rock
|-ability|p2a: Porygon2|Lightning Rod|[from] ability: Trace|[of] p1a: Nick
|turn|76
|c|âExample1925|gg
|
|move|p1a: Nick|Focus Blast|p2a: Porygon2
|-supereffective|p2a: Porygon2
|-damage|p2a: Porygon2|171\/373
|move|p2a: Porygon2|Ice Beam|p1a: Nick
|-supereffective|p1a: Nick
|-damage|p1a: Nick|0 fnt
|faint|p1a: Nick
|
|
|switch|p1a: Falckner|Bisharp, M|171\/271
|-damage|p1a: Falckner|155\/271|[from] Stealth Rock
|turn|77
|
|move|p1a: Falckner|Knock Off|p2a: Porygon2
|-damage|p2a: Porygon2|26\/373
|-enditem|p2a: Porygon2|Eviolite|[from] move: Knock Off|[of] p1a: Falckner
|move|p2a: Porygon2|Recover|p2a: Porygon2
|-heal|p2a: Porygon2|213\/373
|
|turn|78
|
|move|p1a: Falckner|Swords Dance|p1a: Falckner
|-boost|p1a: Falckner|atk|2
|move|p2a: Porygon2|Recover|p2a: Porygon2
|-heal|p2a: Porygon2|373\/373
|
|turn|79
|
|move|p1a: Falckner|Iron Head|p2a: Porygon2
|-damage|p2a: Porygon2|39\/373
|move|p2a: Porygon2|Discharge|p1a: Falckner
|-damage|p1a: Falckner|74\/271
|
|turn|80
|
|move|p1a: Falckner|Iron Head|p2a: Porygon2
|-damage|p2a: Porygon2|0 fnt
|faint|p2a: Porygon2
|
|win|jkk kj k
|raw|Ladder updating...
|raw|jkk kj k's rating: 1390 &rarr; <strong>1410<\/strong><br \/>(+20 for winning)
|raw|Example1925's rating: 1389 &rarr; <strong>1369<\/strong><br \/>(-20 for losing)
|c|âExample1925|happy new year
|c|âjkk kj k|happy new year!