|join|Example1925
|join|PeryDaPlatyPuss
|player|p1|Example1925|137
|player|p2|PeryDaPlatyPuss|265
|gametype|singles
|gen|6
|tier|OU (suspect test)
|rated
|clearpoke
|poke|p1|Slowbro, M
|poke|p1|Talonflame, M
|poke|p1|Landorus-Therian, M
|poke|p1|Clefable, F
|poke|p1|Latios, M
|poke|p1|Heatran, M
|poke|p2|Scizor, F
|poke|p2|Gyarados, F
|poke|p2|Terrakion
|poke|p2|Garchomp, M
|poke|p2|Rotom-Wash
|poke|p2|Latios, M
|rule|Swagger Clause: Swagger is banned
|rule|Baton Pass Clause: Limit one PokÃ©mon knowing Baton Pass
|rule|Sleep Clause Mod: Limit one foe put to sleep
|rule|Species Clause: Limit one of each PokÃ©mon
|rule|OHKO Clause: OHKO moves are banned
|rule|Moody Clause: Moody is banned
|rule|Evasion Moves Clause: Evasion moves are banned
|rule|Endless Battle Clause: Forcing endless battles is banned
|rule|HP Percentage Mod: HP is shown in percentages
|teampreview
|
|start
|switch|p1a: Landorus-Therian|Landorus-Therian, M|337\/337
|switch|p2a: Rotom-Wash|Rotom-Wash|304\/304
|-ability|p1a: Landorus-Therian|Intimidate|[of] p2a: Rotom-Wash
|-unboost|p2a: Rotom-Wash|atk|1
|turn|1
|
|move|p1a: Landorus-Therian|U-turn|p2a: Rotom-Wash
|-damage|p2a: Rotom-Wash|230\/304
|
|switch|p1a: Clefable|Clefable, F|394\/394
|move|p2a: Rotom-Wash|Will-O-Wisp|p1a: Clefable
|-status|p1a: Clefable|brn
|
|-heal|p2a: Rotom-Wash|249\/304|[from] item: Leftovers
|turn|2
|
|move|p2a: Rotom-Wash|Volt Switch|p1a: Clefable
|-damage|p1a: Clefable|322\/394 brn
|
|switch|p2a: Scizor|Scizor, F|298\/298
|move|p1a: Clefable|Moonblast|p2a: Scizor
|-resisted|p2a: Scizor
|-damage|p2a: Scizor|235\/298
|-unboost|p2a: Scizor|spa|1
|
|-heal|p1a: Clefable|346\/394 brn|[from] item: Leftovers
|turn|3
|
|switch|p1a: Landorus-Therian|Landorus-Therian, M|337\/337
|-ability|p1a: Landorus-Therian|Intimidate|[of] p2a: Scizor
|-unboost|p2a: Scizor|atk|1
|detailschange|p2a: Scizor|Scizor-Mega, F
|-mega|p2a: Scizor|Scizor|Scizorite
|move|p2a: Scizor|Swords Dance|p2a: Scizor
|-boost|p2a: Scizor|atk|2
|
|turn|4
|
|move|p1a: Landorus-Therian|Earthquake|p2a: Scizor
|-crit|p2a: Scizor
|-damage|p2a: Scizor|0 fnt
|faint|p2a: Scizor
|
|c|âPeryDaPlatyPuss|FUCKING CRIT
|c|âExample1925|sorry
|
|switch|p2a: Latios|Latios, M|302\/302
|turn|5
|
|move|p2a: Latios|Draco Meteor|p1a: Landorus-Therian
|-damage|p1a: Landorus-Therian|0 fnt
|-unboost|p2a: Latios|spa|2
|-damage|p2a: Latios|272\/302|[from] item: Life Orb
|faint|p1a: Landorus-Therian
|
|
|switch|p1a: Clefable|Clefable, F|346\/394 brn
|turn|6
|
|switch|p2a: Rotom-Wash|Rotom-Wash|249\/304
|move|p1a: Clefable|Calm Mind|p1a: Clefable
|-boost|p1a: Clefable|spa|1
|-boost|p1a: Clefable|spd|1
|
|-heal|p2a: Rotom-Wash|268\/304|[from] item: Leftovers
|-heal|p1a: Clefable|370\/394 brn|[from] item: Leftovers
|turn|7
|
|move|p2a: Rotom-Wash|Volt Switch|p1a: Clefable
|-damage|p1a: Clefable|313\/394 brn
|
|switch|p2a: Gyarados|Gyarados, F|393\/393
|-ability|p2a: Gyarados|Intimidate|[of] p1a: Clefable
|-unboost|p1a: Clefable|atk|1
|move|p1a: Clefable|Calm Mind|p1a: Clefable
|-boost|p1a: Clefable|spa|1
|-boost|p1a: Clefable|spd|1
|
|-heal|p1a: Clefable|337\/394 brn|[from] item: Leftovers
|turn|8
|
|move|p2a: Gyarados|Substitute|p2a: Gyarados
|-start|p2a: Gyarados|Substitute
|-damage|p2a: Gyarados|295\/393
|move|p1a: Clefable|Moonblast|p2a: Gyarados
|-crit|p2a: Gyarados
|-end|p2a: Gyarados|Substitute
|
|-heal|p2a: Gyarados|319\/393|[from] item: Leftovers
|-heal|p1a: Clefable|361\/394 brn|[from] item: Leftovers
|turn|9
|
|move|p2a: Gyarados|Bounce|p1a: Clefable|[still]
|-prepare|p2a: Gyarados|Bounce|p1a: Clefable
|move|p1a: Clefable|Moonblast|p2a: Gyarados|[miss]
|-miss|p1a: Clefable|p2a: Gyarados
|
|-heal|p2a: Gyarados|343\/393|[from] item: Leftovers
|-heal|p1a: Clefable|385\/394 brn|[from] item: Leftovers
|turn|10
|
|move|p2a: Gyarados|Bounce|p1a: Clefable|[miss]
|-miss|p2a: Gyarados|p1a: Clefable
|move|p1a: Clefable|Moonblast|p2a: Gyarados
|-damage|p2a: Gyarados|150\/393
|
|-heal|p2a: Gyarados|174\/393|[from] item: Leftovers
|-heal|p1a: Clefable|394\/394 brn|[from] item: Leftovers
|turn|11
|
|move|p2a: Gyarados|Waterfall|p1a: Clefable
|-damage|p1a: Clefable|264\/394 brn
|move|p1a: Clefable|Calm Mind|p1a: Clefable
|-boost|p1a: Clefable|spa|1
|-boost|p1a: Clefable|spd|1
|
|-heal|p2a: Gyarados|198\/393|[from] item: Leftovers
|-heal|p1a: Clefable|288\/394 brn|[from] item: Leftovers
|turn|12
|
|move|p2a: Gyarados|Bounce|p1a: Clefable|[still]
|-prepare|p2a: Gyarados|Bounce|p1a: Clefable
|move|p1a: Clefable|Soft-Boiled|p1a: Clefable
|-heal|p1a: Clefable|394\/394 brn
|
|-heal|p2a: Gyarados|222\/393|[from] item: Leftovers
|turn|13
|
|move|p2a: Gyarados|Bounce|p1a: Clefable
|-damage|p1a: Clefable|261\/394 brn
|move|p1a: Clefable|Moonblast|p2a: Gyarados
|-damage|p2a: Gyarados|0 fnt
|faint|p2a: Gyarados
|
|-heal|p1a: Clefable|285\/394 brn|[from] item: Leftovers
|
|switch|p2a: Terrakion|Terrakion|323\/323
|turn|14
|
|switch|p1a: Slowbro|Slowbro, M|385\/385
|move|p2a: Terrakion|Stealth Rock|p1a: Slowbro
|-sidestart|p1: Example1925|move: Stealth Rock
|
|turn|15
|
|switch|p1a: Clefable|Clefable, F|285\/394 brn
|move|p2a: Terrakion|Swords Dance|p2a: Terrakion
|-boost|p2a: Terrakion|atk|2
|
|-heal|p1a: Clefable|309\/394 brn|[from] item: Leftovers
|turn|16
|
|switch|p1a: Heatran|Heatran, M|386\/386
|-damage|p1a: Heatran|338\/386|[from] Stealth Rock
|move|p2a: Terrakion|Stone Edge|p1a: Heatran
|-damage|p1a: Heatran|0 fnt
|-damage|p2a: Terrakion|291\/323|[from] item: Life Orb
|faint|p1a: Heatran
|
|
|switch|p1a: Slowbro|Slowbro, M|385\/385
|-damage|p1a: Slowbro|337\/385|[from] Stealth Rock
|turn|17
|
|detailschange|p1a: Slowbro|Slowbro-Mega, M
|-mega|p1a: Slowbro|Slowbro|Slowbronite
|move|p2a: Terrakion|Swords Dance|p2a: Terrakion
|-boost|p2a: Terrakion|atk|2
|move|p1a: Slowbro|Scald|p2a: Terrakion
|-supereffective|p2a: Terrakion
|-damage|p2a: Terrakion|0 fnt
|faint|p2a: Terrakion
|
|
|switch|p2a: Latios|Latios, M|272\/302
|turn|18
|
|switch|p1a: Clefable|Clefable, F|309\/394 brn
|move|p2a: Latios|Draco Meteor|p1a: Clefable
|-immune|p1a: Clefable|[msg]
|
|-heal|p1a: Clefable|333\/394 brn|[from] item: Leftovers
|turn|19
|
|move|p2a: Latios|Psyshock|p1a: Clefable
|-crit|p1a: Clefable
|-damage|p1a: Clefable|47\/394 brn
|-damage|p2a: Latios|242\/302|[from] item: Life Orb
|move|p1a: Clefable|Moonblast|p2a: Latios
|-crit|p2a: Latios
|-supereffective|p2a: Latios
|-damage|p2a: Latios|0 fnt
|faint|p2a: Latios
|
|-heal|p1a: Clefable|71\/394 brn|[from] item: Leftovers
|
|switch|p2a: Garchomp|Garchomp, M|358\/358
|turn|20
|
|move|p2a: Garchomp|Earthquake|p1a: Clefable
|-damage|p1a: Clefable|0 fnt
|faint|p1a: Clefable
|
|
|switch|p1a: Slowbro|Slowbro-Mega, M|337\/385
|-damage|p1a: Slowbro|289\/385|[from] Stealth Rock
|turn|21
|
|move|p2a: Garchomp|Earthquake|p1a: Slowbro
|-damage|p1a: Slowbro|177\/385
|move|p1a: Slowbro|Ice Beam|p2a: Garchomp
|-supereffective|p2a: Garchomp
|-damage|p2a: Garchomp|0 fnt
|faint|p2a: Garchomp
|
|
|switch|p2a: Rotom-Wash|Rotom-Wash|268\/304
|turn|22
|
|move|p2a: Rotom-Wash|Volt Switch|p1a: Slowbro
|-supereffective|p1a: Slowbro
|-damage|p1a: Slowbro|0 fnt
|faint|p1a: Slowbro
|
|-heal|p2a: Rotom-Wash|287\/304|[from] item: Leftovers
|c|âPeryDaPlatyPuss|gg
|c|âExample1925|gg
|
|switch|p1a: Talonflame|Talonflame, M|319\/319
|-damage|p1a: Talonflame|160\/319|[from] Stealth Rock
|turn|23
|
|move|p1a: Talonflame|Brave Bird|p2a: Rotom-Wash
|-resisted|p2a: Rotom-Wash
|-damage|p2a: Rotom-Wash|223\/304
|-damage|p1a: Talonflame|139\/319|[from] recoil|[of] p2a: Rotom-Wash
|move|p2a: Rotom-Wash|Volt Switch|p1a: Talonflame
|-supereffective|p1a: Talonflame
|-damage|p1a: Talonflame|0 fnt
|faint|p1a: Talonflame
|
|-heal|p2a: Rotom-Wash|242\/304|[from] item: Leftovers
|c|âPeryDaPlatyPuss|?
|c|âPeryDaPlatyPuss|why
|
|switch|p1a: Latios|Latios, M|302\/302
|-damage|p1a: Latios|265\/302|[from] Stealth Rock
|turn|24
|
|move|p1a: Latios|Psyshock|p2a: Rotom-Wash
|-damage|p2a: Rotom-Wash|136\/304
|move|p2a: Rotom-Wash|Will-O-Wisp|p1a: Latios
|-status|p1a: Latios|brn
|
|-heal|p2a: Rotom-Wash|155\/304|[from] item: Leftovers
|-damage|p1a: Latios|228\/302 brn|[from] brn
|turn|25
|
|move|p1a: Latios|Psyshock|p2a: Rotom-Wash
|-damage|p2a: Rotom-Wash|46\/304
|move|p2a: Rotom-Wash|Pain Split|p1a: Latios
|-sethp|p1a: Latios|137\/302 brn|p2a: Rotom-Wash|137\/304|[from] move: Pain Split
|
|-heal|p2a: Rotom-Wash|156\/304|[from] item: Leftovers
|-damage|p1a: Latios|100\/302 brn|[from] brn
|turn|26
|
|move|p1a: Latios|Psyshock|p2a: Rotom-Wash
|-damage|p2a: Rotom-Wash|48\/304
|move|p2a: Rotom-Wash|Hydro Pump|p1a: Latios
|-resisted|p1a: Latios
|-damage|p1a: Latios|40\/302 brn
|
|-heal|p2a: Rotom-Wash|67\/304|[from] item: Leftovers
|-damage|p1a: Latios|3\/302 brn|[from] brn
|turn|27
|c|âPeryDaPlatyPuss|WOW
|c|âPeryDaPlatyPuss|BS
|c|âPeryDaPlatyPuss|MINIMUJM FUCKING DAMAGE
|
|move|p1a: Latios|Psyshock|p2a: Rotom-Wash
|-damage|p2a: Rotom-Wash|0 fnt
|faint|p2a: Rotom-Wash
|
|win|Example1925
|raw|Ladder updating...