|join|Octosquidport
|join|Example1925
|player|p1|Octosquidport|25
|player|p2|Example1925|120
|gametype|singles
|gen|6
|tier|OU (suspect test)
|rated
|clearpoke
|poke|p1|Kingdra, F
|poke|p1|Zygarde
|poke|p1|Slowking, F
|poke|p1|Aerodactyl, F
|poke|p1|Galvantula, M
|poke|p1|Porygon-Z
|poke|p2|Crawdaunt, M
|poke|p2|Scizor, M
|poke|p2|Mew
|poke|p2|Landorus, M
|poke|p2|Conkeldurr, F
|poke|p2|Noivern, M
|rule|Swagger Clause: Swagger is banned
|rule|Baton Pass Clause: Limit one PokÃ©mon knowing Baton Pass
|rule|Sleep Clause Mod: Limit one foe put to sleep
|rule|Species Clause: Limit one of each PokÃ©mon
|rule|OHKO Clause: OHKO moves are banned
|rule|Moody Clause: Moody is banned
|rule|Evasion Moves Clause: Evasion moves are banned
|rule|Endless Battle Clause: Forcing endless battles is banned
|rule|HP Percentage Mod: HP is shown in percentages
|teampreview
|
|start
|switch|p1a: Aerodactyl|Aerodactyl, F|301\/301
|switch|p2a: Conkeldurr|Conkeldurr, F|414\/414
|turn|1
|
|switch|p2a: Scizor|Scizor, M|344\/344
|move|p1a: Aerodactyl|Stealth Rock|p2a: Scizor
|-sidestart|p2: Example1925|move: Stealth Rock
|
|turn|2
|
|detailschange|p2a: Scizor|Scizor-Mega, M
|-mega|p2a: Scizor|Scizor|Scizorite
|move|p1a: Aerodactyl|Tailwind|p1a: Aerodactyl
|-sidestart|p1: Octosquidport|move: Tailwind
|move|p2a: Scizor|Defog|p1a: Aerodactyl
|-unboost|p1a: Aerodactyl|evasion|1
|-sideend|p2: Example1925|Stealth Rock|[from] move: Defog|[of] p2a: Scizor
|
|turn|3
|
|move|p1a: Aerodactyl|Stealth Rock|p2a: Scizor
|-sidestart|p2: Example1925|move: Stealth Rock
|move|p2a: Scizor|U-turn|p1a: Aerodactyl
|-resisted|p1a: Aerodactyl
|-damage|p1a: Aerodactyl|216\/301
|-enditem|p1a: Aerodactyl|Eject Button
|
|switch|p1a: Galvantula|Galvantula, M|281\/281
|
|turn|4
|
|move|p1a: Galvantula|Sticky Web|p2a: Scizor
|-sidestart|p2: Example1925|move: Sticky Web
|move|p2a: Scizor|Defog|p1a: Galvantula
|-unboost|p1a: Galvantula|evasion|1
|-sideend|p2: Example1925|Stealth Rock|[from] move: Defog|[of] p2a: Scizor
|-sideend|p2: Example1925|Sticky Web|[from] move: Defog|[of] p2a: Scizor
|
|turn|5
|
|move|p1a: Galvantula|Thunder Wave|p2a: Scizor
|-status|p2a: Scizor|par
|move|p2a: Scizor|U-turn|p1a: Galvantula
|-damage|p1a: Galvantula|116\/281
|
|switch|p2a: Landorus|Landorus, M|319\/319
|
|-sideend|p1: Octosquidport|move: Tailwind
|turn|6
|
|move|p1a: Galvantula|Sticky Web|p2a: Landorus
|-sidestart|p2: Example1925|move: Sticky Web
|move|p2a: Landorus|Psychic|p1a: Galvantula
|-damage|p1a: Galvantula|0 fnt
|faint|p1a: Galvantula
|
|
|switch|p1a: Aerodactyl|Aerodactyl, F|216\/301
|turn|7
|
|switch|p2a: Scizor|Scizor-Mega, M|344\/344 par
|-activate|p2a: Scizor|move: Sticky Web
|-unboost|p2a: Scizor|spe|1
|move|p1a: Aerodactyl|Stealth Rock|p2a: Scizor
|-sidestart|p2: Example1925|move: Stealth Rock
|
|turn|8
|
|move|p1a: Aerodactyl|Earthquake|p2a: Scizor
|-damage|p2a: Scizor|281\/344 par
|move|p2a: Scizor|Defog|p1a: Aerodactyl
|-unboost|p1a: Aerodactyl|evasion|1
|-sideend|p2: Example1925|Stealth Rock|[from] move: Defog|[of] p2a: Scizor
|-sideend|p2: Example1925|Sticky Web|[from] move: Defog|[of] p2a: Scizor
|
|turn|9
|
|cant|p2a: Scizor|par
|move|p1a: Aerodactyl|Earthquake|p2a: Scizor
|-damage|p2a: Scizor|220\/344 par
|
|turn|10
|
|move|p1a: Aerodactyl|Stealth Rock|p2a: Scizor
|-sidestart|p2: Example1925|move: Stealth Rock
|move|p2a: Scizor|U-turn|p1a: Aerodactyl
|-resisted|p1a: Aerodactyl
|-damage|p1a: Aerodactyl|129\/301
|
|switch|p2a: Adaptable|Crawdaunt, M|267\/267
|-damage|p2a: Adaptable|234\/267|[from] Stealth Rock
|
|turn|11
|
|move|p1a: Aerodactyl|Tailwind|p1a: Aerodactyl
|-sidestart|p1: Octosquidport|move: Tailwind
|move|p2a: Adaptable|Dragon Dance|p2a: Adaptable
|-boost|p2a: Adaptable|atk|1
|-boost|p2a: Adaptable|spe|1
|
|turn|12
|
|switch|p1a: Slowking|Slowking, F|393\/393
|move|p2a: Adaptable|Dragon Dance|p2a: Adaptable
|-boost|p2a: Adaptable|atk|1
|-boost|p2a: Adaptable|spe|1
|
|turn|13
|
|move|p2a: Adaptable|Knock Off|p1a: Slowking
|-supereffective|p1a: Slowking
|-damage|p1a: Slowking|0 fnt
|-enditem|p1a: Slowking|Assault Vest|[from] move: Knock Off|[of] p2a: Adaptable
|-damage|p2a: Adaptable|208\/267|[from] item: Life Orb
|faint|p1a: Slowking
|
|
|switch|p1a: Kingdra|Kingdra, F|291\/291
|turn|14
|
|move|p1a: Kingdra|Draco Meteor|p2a: Adaptable
|-damage|p2a: Adaptable|0 fnt
|-unboost|p1a: Kingdra|spa|2
|faint|p2a: Adaptable
|
|-sideend|p1: Octosquidport|move: Tailwind
|
|switch|p2a: Conkeldurr|Conkeldurr, F|414\/414
|-damage|p2a: Conkeldurr|389\/414|[from] Stealth Rock
|turn|15
|
|move|p1a: Kingdra|Focus Energy|p1a: Kingdra
|-start|p1a: Kingdra|move: Focus Energy
|move|p2a: Conkeldurr|Drain Punch|p1a: Kingdra
|-damage|p1a: Kingdra|135\/291
|-heal|p2a: Conkeldurr|414\/414|[from] drain|[of] p1a: Kingdra
|
|turn|16
|
|move|p1a: Kingdra|Draco Meteor|p2a: Conkeldurr
|-crit|p2a: Conkeldurr
|-damage|p2a: Conkeldurr|0 fnt
|-unboost|p1a: Kingdra|spa|2
|faint|p2a: Conkeldurr
|
|
|switch|p2a: Noivern|Noivern, M|311\/311
|-damage|p2a: Noivern|234\/311|[from] Stealth Rock
|turn|17
|
|move|p1a: Kingdra|Protect|p1a: Kingdra
|-singleturn|p1a: Kingdra|Protect
|move|p2a: Noivern|Draco Meteor|p1a: Kingdra
|-activate|p1a: Kingdra|Protect
|
|turn|18
|
|switch|p1a: Porygon-Z|Porygon-Z|373\/373
|move|p2a: Noivern|Draco Meteor|p1a: Porygon-Z
|-damage|p1a: Porygon-Z|33\/373
|-unboost|p2a: Noivern|spa|2
|
|turn|19
|
|switch|p2a: Scizor|Scizor-Mega, M|220\/344 par
|-damage|p2a: Scizor|177\/344 par|[from] Stealth Rock
|move|p1a: Porygon-Z|Ice Beam|p2a: Scizor
|-resisted|p2a: Scizor
|-damage|p2a: Scizor|82\/344 par
|
|turn|20
|
|switch|p1a: Aerodactyl|Aerodactyl, F|129\/301
|cant|p2a: Scizor|par
|
|turn|21
|
|move|p1a: Aerodactyl|Earthquake|p2a: Scizor
|-damage|p2a: Scizor|20\/344 par
|cant|p2a: Scizor|par
|
|turn|22
|
|move|p2a: Scizor|Bullet Punch|p1a: Aerodactyl
|-supereffective|p1a: Aerodactyl
|-damage|p1a: Aerodactyl|0 fnt
|faint|p1a: Aerodactyl
|
|
|switch|p1a: Kingdra|Kingdra, F|135\/291
|turn|23
|
|move|p1a: Kingdra|Focus Energy|p1a: Kingdra
|-start|p1a: Kingdra|move: Focus Energy
|cant|p2a: Scizor|par
|
|turn|24
|
|move|p2a: Scizor|Bullet Punch|p1a: Kingdra
|-resisted|p1a: Kingdra
|-damage|p1a: Kingdra|86\/291
|move|p1a: Kingdra|Surf|p2a: Scizor
|-crit|p2a: Scizor
|-damage|p2a: Scizor|0 fnt
|faint|p2a: Scizor
|
|
|switch|p2a: Noivern|Noivern, M|234\/311
|-damage|p2a: Noivern|157\/311|[from] Stealth Rock
|turn|25
|
|move|p1a: Kingdra|Protect|p1a: Kingdra
|-singleturn|p1a: Kingdra|Protect
|move|p2a: Noivern|Draco Meteor|p1a: Kingdra
|-activate|p1a: Kingdra|Protect
|
|turn|26
|
|switch|p1a: Porygon-Z|Porygon-Z|33\/373
|move|p2a: Noivern|Draco Meteor|p1a: Porygon-Z
|-damage|p1a: Porygon-Z|0 fnt
|-unboost|p2a: Noivern|spa|2
|faint|p1a: Porygon-Z
|
|
|switch|p1a: Zygarde|Zygarde|357\/357
|-ability|p1a: Zygarde|Aura Break
|turn|27
|
|move|p1a: Zygarde|Dragon Pulse|p2a: Noivern
|-supereffective|p2a: Noivern
|-damage|p2a: Noivern|0 fnt
|faint|p2a: Noivern
|
|
|switch|p2a: Mew|Mew|404\/404
|-damage|p2a: Mew|354\/404|[from] Stealth Rock
|turn|28
|
|move|p1a: Zygarde|Dragon Pulse|p2a: Mew
|-crit|p2a: Mew
|-damage|p2a: Mew|261\/404
|move|p2a: Mew|Psychic|p1a: Zygarde
|-damage|p1a: Zygarde|236\/357
|
|-heal|p2a: Mew|286\/404|[from] item: Leftovers
|turn|29
|
|move|p1a: Zygarde|Dragon Pulse|p2a: Mew
|-damage|p2a: Mew|228\/404
|move|p2a: Mew|Psychic|p1a: Zygarde
|-damage|p1a: Zygarde|107\/357
|-unboost|p1a: Zygarde|spd|1
|
|-heal|p2a: Mew|253\/404|[from] item: Leftovers
|turn|30
|
|move|p1a: Zygarde|Dragon Pulse|p2a: Mew
|-damage|p2a: Mew|190\/404
|move|p2a: Mew|Roost|p2a: Mew
|-heal|p2a: Mew|392\/404
|
|-heal|p2a: Mew|404\/404|[from] item: Leftovers
|turn|31
|
|switch|p1a: Kingdra|Kingdra, F|86\/291
|move|p2a: Mew|Psychic|p1a: Kingdra
|-damage|p1a: Kingdra|0 fnt
|faint|p1a: Kingdra
|
|
|switch|p1a: Zygarde|Zygarde|107\/357
|-ability|p1a: Zygarde|Aura Break
|turn|32
|
|move|p2a: Mew|Psychic|p1a: Zygarde
|-damage|p1a: Zygarde|0 fnt
|faint|p1a: Zygarde
|
|win|Example1925
|raw|Ladder updating...
|raw|Octosquidport's rating: 1000 &rarr; <strong>1000<\/strong><br \/>(+0 for losing)
|raw|Example1925's rating: 1000 &rarr; <strong>1040<\/strong><br \/>(+40 for winning)
|c|âExample1925|gg
|c|âOctosquidport|gg
|leave|Example1925
|player|p2