|join|Shiggy Mimo
|join|ThePotatoFairy
|player|p1|Shiggy Mimo|135
|player|p2|ThePotatoFairy|23
|gametype|singles
|gen|6
|tier|UU
|rated
|clearpoke
|poke|p1|Girafarig, F, shiny
|poke|p1|Seismitoad, M
|poke|p1|Solrock
|poke|p1|Weezing, M
|poke|p1|Lickilicky, M
|poke|p1|Togetic, F, shiny
|poke|p2|Florges, F
|poke|p2|Abomasnow, F
|poke|p2|Kyurem
|poke|p2|Jirachi
|poke|p2|Pangoro, F
|poke|p2|Qwilfish, F
|rule|Sleep Clause Mod: Limit one foe put to sleep
|rule|Species Clause: Limit one of each Pokemon
|rule|OHKO Clause: OHKO moves are banned
|rule|Moody Clause: Moody is banned
|rule|Evasion Moves Clause: Evasion moves are banned
|rule|Endless Battle Clause: Forcing endless battles is banned.
|rule|HP Percentage Mod: HP is reported as percentages
|teampreview
|
|start
|switch|p1a: Solarcane|Solrock|343\/343
|switch|p2a: Qwilfish|Qwilfish, F|334\/334
|-ability|p2a: Qwilfish|Intimidate|[of] p1a: Solarcane
|-unboost|p1a: Solarcane|atk|1
|turn|1
|
|move|p2a: Qwilfish|Taunt|p1a: Solarcane
|-start|p1a: Solarcane|move: Taunt
|move|p1a: Solarcane|Earthquake|p2a: Qwilfish
|-crit|p2a: Qwilfish
|-supereffective|p2a: Qwilfish
|-damage|p2a: Qwilfish|142\/334
|
|-heal|p2a: Qwilfish|162\/334|[from] item: Black Sludge
|turn|2
|
|switch|p2a: Abomasnow|Abomasnow, F|384\/384
|-weather|Hail
|switch|p1a: Jovialoft|Togetic, F, shiny|313\/313
|
|-weather|Hail|[upkeep]
|-damage|p1a: Jovialoft|294\/313|[from] hail
|turn|3
|
|switch|p1a: Gluttongue|Lickilicky, M|423\/423
|-formechange|p2a: Abomasnow|Abomasnow-Mega
|message|Abomasnow has Mega Evolved into Mega Abomasnow!
|move|p2a: Abomasnow|Blizzard|p1a: Gluttongue
|-damage|p1a: Gluttongue|303\/423
|
|-weather|Hail|[upkeep]
|-damage|p1a: Gluttongue|277\/423|[from] hail
|-heal|p1a: Gluttongue|303\/423|[from] item: Leftovers
|turn|4
|
|move|p1a: Gluttongue|Wish|p1a: Gluttongue
|move|p2a: Abomasnow|Wood Hammer|p1a: Gluttongue
|-damage|p1a: Gluttongue|36\/423
|-damage|p2a: Abomasnow|296\/384|[from] recoil|[of] p1a: Gluttongue
|
|-weather|Hail|[upkeep]
|-damage|p1a: Gluttongue|10\/423|[from] hail
|-heal|p1a: Gluttongue|36\/423|[from] item: Leftovers
|turn|5
|
|move|p1a: Gluttongue|Protect|p1a: Gluttongue
|-singleturn|p1a: Gluttongue|Protect
|move|p2a: Abomasnow|Wood Hammer|p1a: Gluttongue
|-activate|p1a: Gluttongue|Protect
|
|-weather|Hail|[upkeep]
|-damage|p1a: Gluttongue|10\/423|[from] hail
|-heal|p1a: Gluttongue|221\/423|[from] move: Wish|[wisher] Gluttongue
|-heal|p1a: Gluttongue|247\/423|[from] item: Leftovers
|turn|6
|
|switch|p1a: Gasphyxiate|Weezing, M|333\/333
|move|p2a: Abomasnow|Blizzard|p1a: Gasphyxiate
|-damage|p1a: Gasphyxiate|116\/333
|
|-weather|none
|-heal|p1a: Gasphyxiate|136\/333|[from] item: Black Sludge
|turn|7
|
|switch|p2a: Jirachi|Jirachi|341\/341
|move|p1a: Gasphyxiate|Pain Split|p2a: Jirachi
|-sethp|p2a: Jirachi|238\/341|p1a: Gasphyxiate|238\/333|[from] move: Pain Split
|
|-heal|p1a: Gasphyxiate|258\/333|[from] item: Black Sludge
|turn|8
|
|move|p2a: Jirachi|U-turn|p1a: Gasphyxiate
|-resisted|p1a: Gasphyxiate
|-damage|p1a: Gasphyxiate|235\/333
|
|switch|p2a: Kyurem|Kyurem|404\/404
|-ability|p2a: Kyurem|Pressure
|move|p1a: Gasphyxiate|Will-O-Wisp|p2a: Kyurem
|-status|p2a: Kyurem|brn
|
|-heal|p1a: Gasphyxiate|255\/333|[from] item: Black Sludge
|-damage|p2a: Kyurem|354\/404 brn|[from] brn
|turn|9
|
|switch|p1a: Jovialoft|Togetic, F, shiny|294\/313
|move|p2a: Kyurem|Ice Beam|p1a: Jovialoft
|-supereffective|p1a: Jovialoft
|-damage|p1a: Jovialoft|144\/313
|
|-heal|p2a: Kyurem|379\/404 brn|[from] item: Leftovers
|-damage|p2a: Kyurem|329\/404 brn|[from] brn
|turn|10
|
|switch|p2a: Florges|Florges, F|360\/360
|move|p1a: Jovialoft|Roost|p1a: Jovialoft
|-heal|p1a: Jovialoft|301\/313
|
|turn|11
|
|switch|p1a: Gluttongue|Lickilicky, M|247\/423
|move|p2a: Florges|Aromatherapy|p2a: Florges
|-cureteam|p2a: Florges|[from] move: Aromatherapy
|
|-heal|p1a: Gluttongue|273\/423|[from] item: Leftovers
|turn|12
|
|move|p2a: Florges|Wish|p2a: Florges
|move|p1a: Gluttongue|Wish|p1a: Gluttongue
|
|-heal|p1a: Gluttongue|299\/423|[from] item: Leftovers
|turn|13
|
|switch|p2a: Qwilfish|Qwilfish, F|162\/334
|-ability|p2a: Qwilfish|Intimidate|[of] p1a: Gluttongue
|-unboost|p1a: Gluttongue|atk|1
|switch|p1a: Gasphyxiate|Weezing, M|255\/333
|
|-heal|p2a: Qwilfish|334\/334|[from] move: Wish|[wisher] Florges
|-heal|p1a: Gasphyxiate|333\/333|[from] move: Wish|[wisher] Gluttongue
|turn|14
|
|switch|p1a: Jovialoft|Togetic, F, shiny|301\/313
|move|p2a: Qwilfish|Taunt|p1a: Jovialoft
|-start|p1a: Jovialoft|move: Taunt
|
|turn|15
|
|move|p2a: Qwilfish|Toxic Spikes|p1a: Jovialoft
|-sidestart|p1: Shiggy Mimo|move: Toxic Spikes
|move|p1a: Jovialoft|Flamethrower|p2a: Qwilfish
|-resisted|p2a: Qwilfish
|-damage|p2a: Qwilfish|288\/334
|
|-heal|p2a: Qwilfish|308\/334|[from] item: Black Sludge
|turn|16
|
|move|p2a: Qwilfish|Toxic Spikes|p1a: Jovialoft
|-sidestart|p1: Shiggy Mimo|move: Toxic Spikes
|move|p1a: Jovialoft|Flamethrower|p2a: Qwilfish
|-resisted|p2a: Qwilfish
|-damage|p2a: Qwilfish|256\/334
|
|-heal|p2a: Qwilfish|276\/334|[from] item: Black Sludge
|turn|17
|
|move|p2a: Qwilfish|Waterfall|p1a: Jovialoft
|-damage|p1a: Jovialoft|225\/313
|move|p1a: Jovialoft|Flamethrower|p2a: Qwilfish
|-resisted|p2a: Qwilfish
|-damage|p2a: Qwilfish|228\/334
|
|-heal|p2a: Qwilfish|248\/334|[from] item: Black Sludge
|-end|p1a: Jovialoft|move: Taunt
|turn|18
|
|move|p2a: Qwilfish|Taunt|p1a: Jovialoft
|-start|p1a: Jovialoft|move: Taunt
|move|p1a: Jovialoft|Flamethrower|p2a: Qwilfish
|-resisted|p2a: Qwilfish
|-damage|p2a: Qwilfish|200\/334
|
|-heal|p2a: Qwilfish|220\/334|[from] item: Black Sludge
|turn|19
|
|switch|p2a: Kyurem|Kyurem|329\/404
|-ability|p2a: Kyurem|Pressure
|move|p1a: Jovialoft|Flamethrower|p2a: Kyurem
|-damage|p2a: Kyurem|261\/404
|
|-heal|p2a: Kyurem|286\/404|[from] item: Leftovers
|turn|20
|
|move|p2a: Kyurem|Substitute|p2a: Kyurem
|-start|p2a: Kyurem|Substitute
|-damage|p2a: Kyurem|185\/404
|move|p1a: Jovialoft|Dazzling Gleam|p2a: Kyurem
|-supereffective|p2a: Kyurem
|-end|p2a: Kyurem|Substitute
|
|-heal|p2a: Kyurem|210\/404|[from] item: Leftovers
|-end|p1a: Jovialoft|move: Taunt
|turn|21
|
|move|p2a: Kyurem|Ice Beam|p1a: Jovialoft
|-supereffective|p1a: Jovialoft
|-damage|p1a: Jovialoft|57\/313
|move|p1a: Jovialoft|Roost|p1a: Jovialoft
|-heal|p1a: Jovialoft|214\/313
|
|-heal|p2a: Kyurem|235\/404|[from] item: Leftovers
|turn|22
|
|move|p2a: Kyurem|Substitute|p2a: Kyurem
|-start|p2a: Kyurem|Substitute
|-damage|p2a: Kyurem|134\/404
|move|p1a: Jovialoft|Defog|p2a: Kyurem
|-sideend|p1: Shiggy Mimo|Toxic Spikes|[from] move: Defog|[of] p1a: Jovialoft
|
|-heal|p2a: Kyurem|159\/404|[from] item: Leftovers
|turn|23
|
|switch|p1a: Gluttongue|Lickilicky, M|299\/423
|move|p2a: Kyurem|Ice Beam|p1a: Gluttongue
|-damage|p1a: Gluttongue|173\/423
|
|-heal|p2a: Kyurem|184\/404|[from] item: Leftovers
|-heal|p1a: Gluttongue|199\/423|[from] item: Leftovers
|turn|24
|
|move|p2a: Kyurem|Roost|p2a: Kyurem
|-heal|p2a: Kyurem|386\/404
|move|p1a: Gluttongue|Wish|p1a: Gluttongue
|
|-heal|p2a: Kyurem|404\/404|[from] item: Leftovers
|-heal|p1a: Gluttongue|225\/423|[from] item: Leftovers
|turn|25
|
|switch|p2a: Florges|Florges, F|360\/360
|move|p1a: Gluttongue|Seismic Toss|p2a: Florges
|-damage|p2a: Florges|260\/360
|
|-heal|p1a: Gluttongue|423\/423|[from] move: Wish|[wisher] Gluttongue
|-heal|p2a: Florges|282\/360|[from] item: Leftovers
|turn|26
|
|move|p2a: Florges|Wish|p2a: Florges
|move|p1a: Gluttongue|Wish|p1a: Gluttongue
|
|-heal|p2a: Florges|304\/360|[from] item: Leftovers
|turn|27
|
|switch|p2a: Qwilfish|Qwilfish, F|220\/334
|-ability|p2a: Qwilfish|Intimidate|[of] p1a: Gluttongue
|-unboost|p1a: Gluttongue|atk|1
|switch|p1a: Intailigent|Girafarig, F, shiny|343\/343
|
|-heal|p2a: Qwilfish|334\/334|[from] move: Wish|[wisher] Florges
|turn|28
|
|switch|p2a: Jirachi|Jirachi|238\/341
|move|p1a: Intailigent|Calm Mind|p1a: Intailigent
|-boost|p1a: Intailigent|spa|1
|-boost|p1a: Intailigent|spd|1
|
|turn|29
|
|move|p2a: Jirachi|Iron Head|p1a: Intailigent
|-damage|p1a: Intailigent|183\/343
|cant|p1a: Intailigent|flinch
|
|-heal|p1a: Intailigent|204\/343|[from] item: Leftovers
|turn|30
|
|switch|p1a: Vibratoad|Seismitoad, M|413\/413
|move|p2a: Jirachi|Iron Head|p1a: Vibratoad
|-resisted|p1a: Vibratoad
|-damage|p1a: Vibratoad|361\/413
|
|-heal|p1a: Vibratoad|386\/413|[from] item: Leftovers
|turn|31
|
|switch|p2a: Pangoro|Pangoro, F|394\/394
|move|p1a: Vibratoad|Scald|p2a: Pangoro
|-damage|p2a: Pangoro|291\/394
|
|-heal|p1a: Vibratoad|411\/413|[from] item: Leftovers
|turn|32
|
|move|p1a: Vibratoad|Knock Off|p2a: Pangoro
|-crit|p2a: Pangoro
|-resisted|p2a: Pangoro
|-damage|p2a: Pangoro|259\/394
|-enditem|p2a: Pangoro|Choice Band|[from] move: Knock Off|[of] p1a: Vibratoad
|move|p2a: Pangoro|Parting Shot|p1a: Vibratoad
|-unboost|p1a: Vibratoad|atk|1
|-unboost|p1a: Vibratoad|spa|1
|
|switch|p2a: Abomasnow|Abomasnow, F|296\/384
|-formechange|p2a: Abomasnow|Abomasnow-Mega
|-weather|Hail
|
|-weather|Hail|[upkeep]
|-damage|p1a: Vibratoad|386\/413|[from] hail
|-heal|p1a: Vibratoad|411\/413|[from] item: Leftovers
|turn|33
|
|switch|p1a: Gluttongue|Lickilicky, M|423\/423
|move|p2a: Abomasnow|Blizzard|p1a: Gluttongue
|-damage|p1a: Gluttongue|294\/423
|
|-weather|Hail|[upkeep]
|-damage|p1a: Gluttongue|268\/423|[from] hail
|-heal|p1a: Gluttongue|294\/423|[from] item: Leftovers
|turn|34
|
|move|p1a: Gluttongue|Protect|p1a: Gluttongue
|-singleturn|p1a: Gluttongue|Protect
|move|p2a: Abomasnow|Wood Hammer|p1a: Gluttongue
|-activate|p1a: Gluttongue|Protect
|
|-weather|Hail|[upkeep]
|-damage|p1a: Gluttongue|268\/423|[from] hail
|-heal|p1a: Gluttongue|294\/423|[from] item: Leftovers
|turn|35
|
|move|p1a: Gluttongue|Wish|p1a: Gluttongue
|move|p2a: Abomasnow|Blizzard|p1a: Gluttongue
|-damage|p1a: Gluttongue|176\/423
|
|-weather|Hail|[upkeep]
|-damage|p1a: Gluttongue|150\/423|[from] hail
|-heal|p1a: Gluttongue|176\/423|[from] item: Leftovers
|turn|36
|
|switch|p2a: Qwilfish|Qwilfish, F|334\/334
|-ability|p2a: Qwilfish|Intimidate|[of] p1a: Gluttongue
|-unboost|p1a: Gluttongue|atk|1
|move|p1a: Gluttongue|Protect|p1a: Gluttongue
|-fail|p1a: Gluttongue
|
|-weather|none
|-heal|p1a: Gluttongue|387\/423|[from] move: Wish|[wisher] Gluttongue
|-heal|p1a: Gluttongue|413\/423|[from] item: Leftovers
|turn|37
|
|move|p2a: Qwilfish|Taunt|p1a: Gluttongue
|-immune|p1a: Gluttongue|[msg]|[from] Oblivious
|move|p1a: Gluttongue|Seismic Toss|p2a: Qwilfish
|-damage|p2a: Qwilfish|234\/334
|
|-heal|p2a: Qwilfish|254\/334|[from] item: Black Sludge
|-heal|p1a: Gluttongue|423\/423|[from] item: Leftovers
|turn|38
|
|move|p2a: Qwilfish|Toxic Spikes|p1a: Gluttongue
|-sidestart|p1: Shiggy Mimo|move: Toxic Spikes
|move|p1a: Gluttongue|Seismic Toss|p2a: Qwilfish
|-damage|p2a: Qwilfish|154\/334
|
|-heal|p2a: Qwilfish|174\/334|[from] item: Black Sludge
|turn|39
|
|move|p2a: Qwilfish|Toxic Spikes|p1a: Gluttongue
|-sidestart|p1: Shiggy Mimo|move: Toxic Spikes
|move|p1a: Gluttongue|Seismic Toss|p2a: Qwilfish
|-damage|p2a: Qwilfish|74\/334
|
|-heal|p2a: Qwilfish|94\/334|[from] item: Black Sludge
|turn|40
|
|move|p2a: Qwilfish|Pain Split|p1a: Gluttongue
|-sethp|p1a: Gluttongue|258\/423|p2a: Qwilfish|258\/334|[from] move: Pain Split
|move|p1a: Gluttongue|Seismic Toss|p2a: Qwilfish
|-damage|p2a: Qwilfish|158\/334
|
|-heal|p2a: Qwilfish|178\/334|[from] item: Black Sludge
|-heal|p1a: Gluttongue|284\/423|[from] item: Leftovers
|turn|41
|
|move|p2a: Qwilfish|Waterfall|p1a: Gluttongue
|-damage|p1a: Gluttongue|193\/423
|cant|p1a: Gluttongue|flinch
|
|-heal|p2a: Qwilfish|198\/334|[from] item: Black Sludge
|-heal|p1a: Gluttongue|219\/423|[from] item: Leftovers
|turn|42
|
|switch|p2a: Pangoro|Pangoro, F|259\/394
|move|p1a: Gluttongue|Seismic Toss|p2a: Pangoro
|-damage|p2a: Pangoro|159\/394
|
|-heal|p1a: Gluttongue|245\/423|[from] item: Leftovers
|turn|43
|
|switch|p1a: Jovialoft|Togetic, F, shiny|214\/313
|move|p2a: Pangoro|Hammer Arm|p1a: Jovialoft
|-resisted|p1a: Jovialoft
|-damage|p1a: Jovialoft|174\/313
|-unboost|p2a: Pangoro|spe|1
|
|turn|44
|
|move|p1a: Jovialoft|Defog|p2a: Pangoro
|-unboost|p2a: Pangoro|evasion|1
|-sideend|p1: Shiggy Mimo|Toxic Spikes|[from] move: Defog|[of] p1a: Jovialoft
|move|p2a: Pangoro|Parting Shot|p1a: Jovialoft
|-unboost|p1a: Jovialoft|atk|1
|-unboost|p1a: Jovialoft|spa|1
|
|switch|p2a: Qwilfish|Qwilfish, F|198\/334
|-ability|p2a: Qwilfish|Intimidate|[of] p1a: Jovialoft
|-unboost|p1a: Jovialoft|atk|1
|
|-heal|p2a: Qwilfish|218\/334|[from] item: Black Sludge
|turn|45
|
|switch|p1a: Vibratoad|Seismitoad, M|411\/413
|move|p2a: Qwilfish|Taunt|p1a: Vibratoad
|-start|p1a: Vibratoad|move: Taunt
|
|-heal|p2a: Qwilfish|238\/334|[from] item: Black Sludge
|-heal|p1a: Vibratoad|413\/413|[from] item: Leftovers
|turn|46
|
|switch|p2a: Abomasnow|Abomasnow, F|296\/384
|-formechange|p2a: Abomasnow|Abomasnow-Mega
|-weather|Hail
|move|p1a: Vibratoad|Earthquake|p2a: Abomasnow
|-resisted|p2a: Abomasnow
|-damage|p2a: Abomasnow|245\/384
|
|-weather|Hail|[upkeep]
|-damage|p1a: Vibratoad|388\/413|[from] hail
|-heal|p1a: Vibratoad|413\/413|[from] item: Leftovers
|turn|47
|
|switch|p1a: Intailigent|Girafarig, F, shiny|204\/343
|move|p2a: Abomasnow|Blizzard|p1a: Intailigent
|-damage|p1a: Intailigent|0 fnt
|faint|p1a: Intailigent
|
|-weather|Hail|[upkeep]
|
|switch|p1a: Solarcane|Solrock|343\/343
|turn|48
|
|switch|p2a: Qwilfish|Qwilfish, F|238\/334
|-ability|p2a: Qwilfish|Intimidate|[of] p1a: Solarcane
|-unboost|p1a: Solarcane|atk|1
|move|p1a: Solarcane|Will-O-Wisp|p2a: Qwilfish
|-status|p2a: Qwilfish|brn
|
|-weather|Hail|[upkeep]
|-damage|p2a: Qwilfish|218\/334 brn|[from] hail
|-damage|p1a: Solarcane|322\/343|[from] hail
|-heal|p2a: Qwilfish|238\/334 brn|[from] item: Black Sludge
|-heal|p1a: Solarcane|343\/343|[from] item: Leftovers
|-damage|p2a: Qwilfish|197\/334 brn|[from] brn
|turn|49
|
|switch|p2a: Kyurem|Kyurem|404\/404
|-ability|p2a: Kyurem|Pressure
|move|p1a: Solarcane|Stealth Rock|p2a: Kyurem
|-sidestart|p2: ThePotatoFairy|move: Stealth Rock
|
|-weather|Hail|[upkeep]
|-damage|p1a: Solarcane|322\/343|[from] hail
|-heal|p1a: Solarcane|343\/343|[from] item: Leftovers
|turn|50
|
|switch|p1a: Gluttongue|Lickilicky, M|245\/423
|move|p2a: Kyurem|Substitute|p2a: Kyurem
|-start|p2a: Kyurem|Substitute
|-damage|p2a: Kyurem|303\/404
|
|-weather|none
|-heal|p2a: Kyurem|328\/404|[from] item: Leftovers
|-heal|p1a: Gluttongue|271\/423|[from] item: Leftovers
|turn|51
|
|switch|p2a: Florges|Florges, F|304\/360
|-damage|p2a: Florges|259\/360|[from] Stealth Rock
|move|p1a: Gluttongue|Wish|p1a: Gluttongue
|
|-heal|p2a: Florges|281\/360|[from] item: Leftovers
|-heal|p1a: Gluttongue|297\/423|[from] item: Leftovers
|turn|52
|
|switch|p1a: Jovialoft|Togetic, F, shiny|174\/313
|move|p2a: Florges|Wish|p2a: Florges
|
|-heal|p1a: Jovialoft|313\/313|[from] move: Wish|[wisher] Gluttongue
|-heal|p2a: Florges|303\/360|[from] item: Leftovers
|turn|53
|
|switch|p2a: Qwilfish|Qwilfish, F|197\/334 brn
|-damage|p2a: Qwilfish|156\/334 brn|[from] Stealth Rock
|-ability|p2a: Qwilfish|Intimidate|[of] p1a: Jovialoft
|-unboost|p1a: Jovialoft|atk|1
|move|p1a: Jovialoft|Flamethrower|p2a: Qwilfish
|-resisted|p2a: Qwilfish
|-damage|p2a: Qwilfish|106\/334 brn
|
|-heal|p2a: Qwilfish|286\/334 brn|[from] move: Wish|[wisher] Florges
|-heal|p2a: Qwilfish|306\/334 brn|[from] item: Black Sludge
|-damage|p2a: Qwilfish|265\/334 brn|[from] brn
|turn|54
|
|move|p2a: Qwilfish|Toxic Spikes|p1a: Jovialoft
|-sidestart|p1: Shiggy Mimo|move: Toxic Spikes
|move|p1a: Jovialoft|Dazzling Gleam|p2a: Qwilfish
|-resisted|p2a: Qwilfish
|-damage|p2a: Qwilfish|206\/334 brn
|
|-heal|p2a: Qwilfish|226\/334 brn|[from] item: Black Sludge
|-damage|p2a: Qwilfish|185\/334 brn|[from] brn
|turn|55
|
|switch|p2a: Florges|Florges, F|303\/360
|-damage|p2a: Florges|258\/360|[from] Stealth Rock
|move|p1a: Jovialoft|Dazzling Gleam|p2a: Florges
|-damage|p2a: Florges|213\/360
|
|-heal|p2a: Florges|235\/360|[from] item: Leftovers
|turn|56
|
|move|p2a: Florges|Aromatherapy|p2a: Florges
|-cureteam|p2a: Florges|[from] move: Aromatherapy
|move|p1a: Jovialoft|Defog|p2a: Florges
|-unboost|p2a: Florges|evasion|1
|-sideend|p2: ThePotatoFairy|Stealth Rock|[from] move: Defog|[of] p2a: Florges
|-sideend|p1: Shiggy Mimo|Toxic Spikes|[from] move: Defog|[of] p1a: Jovialoft
|
|-heal|p2a: Florges|257\/360|[from] item: Leftovers
|turn|57
|
|switch|p2a: Jirachi|Jirachi|238\/341
|switch|p1a: Vibratoad|Seismitoad, M|413\/413
|
|turn|58
|
|move|p2a: Jirachi|U-turn|p1a: Vibratoad
|-damage|p1a: Vibratoad|349\/413
|
|switch|p2a: Kyurem|Kyurem|328\/404
|-ability|p2a: Kyurem|Pressure
|move|p1a: Vibratoad|Scald|p2a: Kyurem
|-resisted|p2a: Kyurem
|-damage|p2a: Kyurem|283\/404
|-status|p2a: Kyurem|brn
|
|-heal|p2a: Kyurem|308\/404 brn|[from] item: Leftovers
|-heal|p1a: Vibratoad|374\/413|[from] item: Leftovers
|-damage|p2a: Kyurem|258\/404 brn|[from] brn
|turn|59
|
|switch|p2a: Pangoro|Pangoro, F|159\/394
|switch|p1a: Gluttongue|Lickilicky, M|297\/423
|
|-heal|p1a: Gluttongue|323\/423|[from] item: Leftovers
|turn|60
|
|move|p1a: Gluttongue|Protect|p1a: Gluttongue
|-singleturn|p1a: Gluttongue|Protect
|move|p2a: Pangoro|Stone Edge|p1a: Gluttongue
|-activate|p1a: Gluttongue|Protect
|
|-heal|p1a: Gluttongue|349\/423|[from] item: Leftovers
|turn|61
|
|switch|p1a: Jovialoft|Togetic, F, shiny|313\/313
|move|p2a: Pangoro|Hammer Arm|p1a: Jovialoft
|-resisted|p1a: Jovialoft
|-damage|p1a: Jovialoft|267\/313
|-unboost|p2a: Pangoro|spe|1
|
|turn|62
|
|switch|p2a: Florges|Florges, F|257\/360
|move|p1a: Jovialoft|Dazzling Gleam|p2a: Florges
|-crit|p2a: Florges
|-damage|p2a: Florges|193\/360
|
|-heal|p2a: Florges|215\/360|[from] item: Leftovers
|turn|63
|
|switch|p1a: Solarcane|Solrock|343\/343
|move|p2a: Florges|Wish|p2a: Florges
|
|-heal|p2a: Florges|237\/360|[from] item: Leftovers
|turn|64
|
|switch|p2a: Pangoro|Pangoro, F|159\/394
|move|p1a: Solarcane|Will-O-Wisp|p2a: Pangoro
|-status|p2a: Pangoro|brn
|
|-heal|p2a: Pangoro|339\/394 brn|[from] move: Wish|[wisher] Florges
|-damage|p2a: Pangoro|290\/394 brn|[from] brn
|turn|65
|
|move|p1a: Solarcane|Stealth Rock|p2a: Pangoro
|-sidestart|p2: ThePotatoFairy|move: Stealth Rock
|move|p2a: Pangoro|Parting Shot|p1a: Solarcane
|-unboost|p1a: Solarcane|atk|1
|-unboost|p1a: Solarcane|spa|1
|
|switch|p2a: Florges|Florges, F|237\/360
|-damage|p2a: Florges|192\/360|[from] Stealth Rock
|
|-heal|p2a: Florges|214\/360|[from] item: Leftovers
|turn|66
|
|move|p2a: Florges|Wish|p2a: Florges
|move|p1a: Solarcane|Earthquake|p2a: Florges
|-damage|p2a: Florges|149\/360
|
|-heal|p2a: Florges|171\/360|[from] item: Leftovers
|turn|67
|
|move|p2a: Florges|Aromatherapy|p2a: Florges
|-cureteam|p2a: Florges|[from] move: Aromatherapy
|move|p1a: Solarcane|Will-O-Wisp|p2a: Florges
|-status|p2a: Florges|brn
|
|-heal|p2a: Florges|351\/360 brn|[from] move: Wish|[wisher] Florges
|-heal|p2a: Florges|360\/360 brn|[from] item: Leftovers
|-damage|p2a: Florges|315\/360 brn|[from] brn
|turn|68
|
|move|p2a: Florges|Moonblast|p1a: Solarcane
|-crit|p1a: Solarcane
|-damage|p1a: Solarcane|58\/343
|-unboost|p1a: Solarcane|spa|1
|move|p1a: Solarcane|Will-O-Wisp|p2a: Florges
|-fail|p2a: Florges|brn
|
|-heal|p2a: Florges|337\/360 brn|[from] item: Leftovers
|-heal|p1a: Solarcane|79\/343|[from] item: Leftovers
|-damage|p2a: Florges|292\/360 brn|[from] brn
|turn|69
|
|switch|p1a: Gluttongue|Lickilicky, M|349\/423
|move|p2a: Florges|Wish|p2a: Florges
|
|-heal|p2a: Florges|314\/360 brn|[from] item: Leftovers
|-heal|p1a: Gluttongue|375\/423|[from] item: Leftovers
|-damage|p2a: Florges|269\/360 brn|[from] brn
|turn|70
|
|switch|p2a: Abomasnow|Abomasnow, F|245\/384
|-formechange|p2a: Abomasnow|Abomasnow-Mega
|-damage|p2a: Abomasnow|149\/384|[from] Stealth Rock
|-weather|Hail
|move|p1a: Gluttongue|Wish|p1a: Gluttongue
|
|-weather|Hail|[upkeep]
|-damage|p1a: Gluttongue|349\/423|[from] hail
|-heal|p2a: Abomasnow|329\/384|[from] move: Wish|[wisher] Florges
|-heal|p1a: Gluttongue|375\/423|[from] item: Leftovers
|turn|71
|
|switch|p1a: Gasphyxiate|Weezing, M|333\/333
|move|p2a: Abomasnow|Earthquake|p1a: Gasphyxiate
|-immune|p1a: Gasphyxiate|[msg]
|
|-weather|Hail|[upkeep]
|-damage|p1a: Gasphyxiate|313\/333|[from] hail
|-heal|p1a: Gasphyxiate|333\/333|[from] move: Wish|[wisher] Gluttongue
|turn|72
|
|move|p1a: Gasphyxiate|Flamethrower|p2a: Abomasnow
|-supereffective|p2a: Abomasnow
|-damage|p2a: Abomasnow|101\/384
|move|p2a: Abomasnow|Blizzard|p1a: Gasphyxiate
|-damage|p1a: Gasphyxiate|116\/333
|
|-weather|Hail|[upkeep]
|-damage|p1a: Gasphyxiate|96\/333|[from] hail
|-heal|p1a: Gasphyxiate|116\/333|[from] item: Black Sludge
|turn|73
|
|move|p1a: Gasphyxiate|Will-O-Wisp|p2a: Abomasnow
|-status|p2a: Abomasnow|brn
|move|p2a: Abomasnow|Blizzard|p1a: Gasphyxiate
|-damage|p1a: Gasphyxiate|0 fnt
|faint|p1a: Gasphyxiate
|
|-weather|Hail|[upkeep]
|-damage|p2a: Abomasnow|53\/384 brn|[from] brn
|
|switch|p1a: Vibratoad|Seismitoad, M|374\/413
|turn|74
|
|switch|p1a: Jovialoft|Togetic, F, shiny|267\/313
|move|p2a: Abomasnow|Wood Hammer|p1a: Jovialoft
|-resisted|p1a: Jovialoft
|-damage|p1a: Jovialoft|224\/313
|-damage|p2a: Abomasnow|39\/384 brn|[from] recoil|[of] p1a: Jovialoft
|
|-weather|none
|-damage|p2a: Abomasnow|0 fnt|[from] brn
|faint|p2a: Abomasnow
|
|switch|p2a: Qwilfish|Qwilfish, F|185\/334
|-damage|p2a: Qwilfish|144\/334|[from] Stealth Rock
|-ability|p2a: Qwilfish|Intimidate|[of] p1a: Jovialoft
|-unboost|p1a: Jovialoft|atk|1
|turn|75
|
|switch|p1a: Vibratoad|Seismitoad, M|374\/413
|move|p2a: Qwilfish|Toxic Spikes|p1a: Vibratoad
|-sidestart|p1: Shiggy Mimo|move: Toxic Spikes
|
|-heal|p2a: Qwilfish|164\/334|[from] item: Black Sludge
|-heal|p1a: Vibratoad|399\/413|[from] item: Leftovers
|turn|76
|
|switch|p2a: Florges|Florges, F|269\/360 brn
|-damage|p2a: Florges|224\/360 brn|[from] Stealth Rock
|move|p1a: Vibratoad|Earthquake|p2a: Florges
|-damage|p2a: Florges|62\/360 brn
|
|-heal|p2a: Florges|84\/360 brn|[from] item: Leftovers
|-heal|p1a: Vibratoad|413\/413|[from] item: Leftovers
|-damage|p2a: Florges|39\/360 brn|[from] brn
|turn|77
|
|move|p2a: Florges|Wish|p2a: Florges
|move|p1a: Vibratoad|Earthquake|p2a: Florges
|-damage|p2a: Florges|0 fnt
|faint|p2a: Florges
|
|
|switch|p2a: Pangoro|Pangoro, F|290\/394
|-damage|p2a: Pangoro|266\/394|[from] Stealth Rock
|turn|78
|
|move|p1a: Vibratoad|Scald|p2a: Pangoro
|-damage|p2a: Pangoro|157\/394
|move|p2a: Pangoro|Crunch|p1a: Vibratoad
|-damage|p1a: Vibratoad|284\/413
|
|-heal|p2a: Pangoro|337\/394|[from] move: Wish|[wisher] Florges
|-heal|p1a: Vibratoad|309\/413|[from] item: Leftovers
|turn|79
|
|move|p1a: Vibratoad|Scald|p2a: Pangoro
|-damage|p2a: Pangoro|217\/394
|move|p2a: Pangoro|Parting Shot|p1a: Vibratoad
|-unboost|p1a: Vibratoad|atk|1
|-unboost|p1a: Vibratoad|spa|1
|
|switch|p2a: Kyurem|Kyurem|258\/404
|-damage|p2a: Kyurem|157\/404|[from] Stealth Rock
|-ability|p2a: Kyurem|Pressure
|
|-heal|p2a: Kyurem|182\/404|[from] item: Leftovers
|-heal|p1a: Vibratoad|334\/413|[from] item: Leftovers
|turn|80
|
|switch|p1a: Gluttongue|Lickilicky, M|375\/423
|-status|p1a: Gluttongue|psn
|move|p2a: Kyurem|Substitute|p2a: Kyurem
|-start|p2a: Kyurem|Substitute
|-damage|p2a: Kyurem|81\/404
|
|-heal|p2a: Kyurem|106\/404|[from] item: Leftovers
|-heal|p1a: Gluttongue|401\/423 psn|[from] item: Leftovers
|-damage|p1a: Gluttongue|349\/423 psn|[from] psn
|turn|81
|
|move|p2a: Kyurem|Ice Beam|p1a: Gluttongue
|-damage|p1a: Gluttongue|220\/423 psn
|move|p1a: Gluttongue|Heal Bell|p1a: Gluttongue
|-cureteam|p1a: Gluttongue|[from] move: HealBell
|
|-heal|p2a: Kyurem|131\/404|[from] item: Leftovers
|-heal|p1a: Gluttongue|246\/423|[from] item: Leftovers
|turn|82
|
|move|p2a: Kyurem|Roost|p2a: Kyurem
|-heal|p2a: Kyurem|333\/404
|move|p1a: Gluttongue|Wish|p1a: Gluttongue
|
|-heal|p2a: Kyurem|358\/404|[from] item: Leftovers
|-heal|p1a: Gluttongue|272\/423|[from] item: Leftovers
|turn|83
|
|move|p2a: Kyurem|Ice Beam|p1a: Gluttongue
|-damage|p1a: Gluttongue|146\/423
|-status|p1a: Gluttongue|frz
|cant|p1a: Gluttongue|frz
|
|-heal|p1a: Gluttongue|357\/423 frz|[from] move: Wish|[wisher] Gluttongue
|-heal|p2a: Kyurem|383\/404|[from] item: Leftovers
|-heal|p1a: Gluttongue|383\/423 frz|[from] item: Leftovers
|turn|84
|
|-curestatus|p1a: Gluttongue|frz
|move|p1a: Gluttongue|Protect|p1a: Gluttongue
|-singleturn|p1a: Gluttongue|Protect
|move|p2a: Kyurem|Ice Beam|p1a: Gluttongue
|-activate|p1a: Gluttongue|Protect
|
|-heal|p2a: Kyurem|404\/404|[from] item: Leftovers
|-heal|p1a: Gluttongue|409\/423|[from] item: Leftovers
|turn|85
|
|move|p2a: Kyurem|Earth Power|p1a: Gluttongue
|-damage|p1a: Gluttongue|317\/423
|move|p1a: Gluttongue|Seismic Toss|p2a: Kyurem
|-activate|p2a: Kyurem|Substitute|[damage]
|
|-heal|p1a: Gluttongue|343\/423|[from] item: Leftovers
|turn|86
|
|switch|p2a: Qwilfish|Qwilfish, F|164\/334
|-damage|p2a: Qwilfish|123\/334|[from] Stealth Rock
|-ability|p2a: Qwilfish|Intimidate|[of] p1a: Gluttongue
|-unboost|p1a: Gluttongue|atk|1
|move|p1a: Gluttongue|Seismic Toss|p2a: Qwilfish
|-damage|p2a: Qwilfish|23\/334
|
|-heal|p2a: Qwilfish|43\/334|[from] item: Black Sludge
|-heal|p1a: Gluttongue|369\/423|[from] item: Leftovers
|turn|87
|
|switch|p1a: Solarcane|Solrock|79\/343
|move|p2a: Qwilfish|Pain Split|p1a: Solarcane
|-sethp|p1a: Solarcane|61\/343|p2a: Qwilfish|61\/334|[from] move: Pain Split
|
|-heal|p2a: Qwilfish|81\/334|[from] item: Black Sludge
|-heal|p1a: Solarcane|82\/343|[from] item: Leftovers
|turn|88
|
|move|p2a: Qwilfish|Waterfall|p1a: Solarcane
|-supereffective|p1a: Solarcane
|-damage|p1a: Solarcane|0 fnt
|faint|p1a: Solarcane
|
|-heal|p2a: Qwilfish|101\/334|[from] item: Black Sludge
|
|switch|p1a: Vibratoad|Seismitoad, M|334\/413
|-status|p1a: Vibratoad|psn
|turn|89
|
|switch|p2a: Kyurem|Kyurem|404\/404
|-damage|p2a: Kyurem|303\/404|[from] Stealth Rock
|-ability|p2a: Kyurem|Pressure
|move|p1a: Vibratoad|Knock Off|p2a: Kyurem
|-damage|p2a: Kyurem|225\/404
|-enditem|p2a: Kyurem|Leftovers|[from] move: Knock Off|[of] p1a: Vibratoad
|
|-heal|p1a: Vibratoad|359\/413 psn|[from] item: Leftovers
|-damage|p1a: Vibratoad|308\/413 psn|[from] psn
|turn|90
|
|move|p2a: Kyurem|Ice Beam|p1a: Vibratoad
|-damage|p1a: Vibratoad|95\/413 psn
|move|p1a: Vibratoad|Earthquake|p2a: Kyurem
|-damage|p2a: Kyurem|110\/404
|
|-heal|p1a: Vibratoad|120\/413 psn|[from] item: Leftovers
|-damage|p1a: Vibratoad|69\/413 psn|[from] psn
|turn|91
|
|switch|p1a: Gluttongue|Lickilicky, M|369\/423
|-status|p1a: Gluttongue|psn
|move|p2a: Kyurem|Ice Beam|p1a: Gluttongue
|-damage|p1a: Gluttongue|233\/423 psn
|
|-heal|p1a: Gluttongue|259\/423 psn|[from] item: Leftovers
|-damage|p1a: Gluttongue|207\/423 psn|[from] psn
|turn|92
|
|move|p2a: Kyurem|Ice Beam|p1a: Gluttongue
|-damage|p1a: Gluttongue|83\/423 psn
|move|p1a: Gluttongue|Wish|p1a: Gluttongue
|
|-heal|p1a: Gluttongue|109\/423 psn|[from] item: Leftovers
|-damage|p1a: Gluttongue|57\/423 psn|[from] psn
|turn|93
|
|move|p1a: Gluttongue|Protect|p1a: Gluttongue
|-singleturn|p1a: Gluttongue|Protect
|move|p2a: Kyurem|Roost|p2a: Kyurem
|-heal|p2a: Kyurem|312\/404
|
|-heal|p1a: Gluttongue|268\/423 psn|[from] move: Wish|[wisher] Gluttongue
|-heal|p1a: Gluttongue|294\/423 psn|[from] item: Leftovers
|-damage|p1a: Gluttongue|242\/423 psn|[from] psn
|turn|94
|
|move|p2a: Kyurem|Ice Beam|p1a: Gluttongue
|-damage|p1a: Gluttongue|109\/423 psn
|move|p1a: Gluttongue|Heal Bell|p1a: Gluttongue
|-cureteam|p1a: Gluttongue|[from] move: HealBell
|
|-heal|p1a: Gluttongue|135\/423|[from] item: Leftovers
|turn|95
|
|move|p1a: Gluttongue|Protect|p1a: Gluttongue
|-singleturn|p1a: Gluttongue|Protect
|move|p2a: Kyurem|Ice Beam|p1a: Gluttongue
|-activate|p1a: Gluttongue|Protect
|
|-heal|p1a: Gluttongue|161\/423|[from] item: Leftovers
|turn|96
|
|switch|p2a: Qwilfish|Qwilfish, F|101\/334
|-damage|p2a: Qwilfish|60\/334|[from] Stealth Rock
|-ability|p2a: Qwilfish|Intimidate|[of] p1a: Gluttongue
|-unboost|p1a: Gluttongue|atk|1
|move|p1a: Gluttongue|Wish|p1a: Gluttongue
|
|-heal|p2a: Qwilfish|80\/334|[from] item: Black Sludge
|-heal|p1a: Gluttongue|187\/423|[from] item: Leftovers
|turn|97
|
|move|p2a: Qwilfish|Pain Split|p1a: Gluttongue
|-sethp|p1a: Gluttongue|133\/423|p2a: Qwilfish|133\/334|[from] move: Pain Split
|move|p1a: Gluttongue|Seismic Toss|p2a: Qwilfish
|-damage|p2a: Qwilfish|33\/334
|
|-heal|p1a: Gluttongue|344\/423|[from] move: Wish|[wisher] Gluttongue
|-heal|p2a: Qwilfish|53\/334|[from] item: Black Sludge
|-heal|p1a: Gluttongue|370\/423|[from] item: Leftovers
|turn|98
|
|switch|p1a: Vibratoad|Seismitoad, M|69\/413
|-status|p1a: Vibratoad|psn
|move|p2a: Qwilfish|Pain Split|p1a: Vibratoad
|-sethp|p1a: Vibratoad|61\/413 psn|p2a: Qwilfish|61\/334|[from] move: Pain Split
|
|-heal|p2a: Qwilfish|81\/334|[from] item: Black Sludge
|-heal|p1a: Vibratoad|86\/413 psn|[from] item: Leftovers
|-damage|p1a: Vibratoad|35\/413 psn|[from] psn
|turn|99
|
|switch|p2a: Kyurem|Kyurem|312\/404
|-damage|p2a: Kyurem|211\/404|[from] Stealth Rock
|-ability|p2a: Kyurem|Pressure
|move|p1a: Vibratoad|Earthquake|p2a: Kyurem
|-crit|p2a: Kyurem
|-damage|p2a: Kyurem|18\/404
|
|-heal|p1a: Vibratoad|60\/413 psn|[from] item: Leftovers
|-damage|p1a: Vibratoad|9\/413 psn|[from] psn
|turn|100
|
|move|p2a: Kyurem|Earth Power|p1a: Vibratoad
|-damage|p1a: Vibratoad|0 fnt
|faint|p1a: Vibratoad
|
|
|switch|p1a: Jovialoft|Togetic, F, shiny|224\/313
|turn|101
|
|move|p2a: Kyurem|Roost|p2a: Kyurem
|-heal|p2a: Kyurem|220\/404
|move|p1a: Jovialoft|Flamethrower|p2a: Kyurem
|-damage|p2a: Kyurem|158\/404
|
|turn|102
|
|move|p2a: Kyurem|Roost|p2a: Kyurem
|-heal|p2a: Kyurem|360\/404
|move|p1a: Jovialoft|Flamethrower|p2a: Kyurem
|-crit|p2a: Kyurem
|-damage|p2a: Kyurem|266\/404
|
|turn|103
|
|switch|p1a: Gluttongue|Lickilicky, M|370\/423
|-status|p1a: Gluttongue|psn
|move|p2a: Kyurem|Ice Beam|p1a: Gluttongue
|-crit|p1a: Gluttongue
|-damage|p1a: Gluttongue|163\/423 psn
|
|-heal|p1a: Gluttongue|189\/423 psn|[from] item: Leftovers
|-damage|p1a: Gluttongue|137\/423 psn|[from] psn
|turn|104
|
|move|p2a: Kyurem|Ice Beam|p1a: Gluttongue
|-damage|p1a: Gluttongue|0 fnt
|faint|p1a: Gluttongue
|
|
|switch|p1a: Jovialoft|Togetic, F, shiny|224\/313
|turn|105
|
|move|p2a: Kyurem|Ice Beam|p1a: Jovialoft
|-supereffective|p1a: Jovialoft
|-damage|p1a: Jovialoft|56\/313
|move|p1a: Jovialoft|Dazzling Gleam|p2a: Kyurem
|-supereffective|p2a: Kyurem
|-damage|p2a: Kyurem|92\/404
|
|turn|106
|
|move|p2a: Kyurem|Ice Beam|p1a: Jovialoft
|-supereffective|p1a: Jovialoft
|-damage|p1a: Jovialoft|0 fnt
|faint|p1a: Jovialoft
|
|win|ThePotatoFairy
|raw|Ladder updating...