|join|ThePotatoFairy
|join|harunocannonfodder
|player|p1|ThePotatoFairy|23
|player|p2|harunocannonfodder|101
|gametype|singles
|gen|6
|tier|UU
|rated
|clearpoke
|poke|p1|Meloetta
|poke|p1|Dugtrio, M
|poke|p1|Galvantula, F
|poke|p1|Roserade, M
|poke|p1|Sharpedo, F
|poke|p1|Krookodile, F
|poke|p2|Roserade, M
|poke|p2|Victini
|poke|p2|Crobat, M
|poke|p2|Suicune
|poke|p2|Mienshao, M
|poke|p2|Aggron, M
|rule|Sleep Clause Mod: Limit one foe put to sleep
|rule|Species Clause: Limit one of each Pokemon
|rule|OHKO Clause: OHKO moves are banned
|rule|Moody Clause: Moody is banned
|rule|Evasion Moves Clause: Evasion moves are banned
|rule|Endless Battle Clause: Forcing endless battles is banned.
|rule|HP Percentage Mod: HP is reported as percentages
|teampreview
|
|start
|switch|p1a: Krookodile|Krookodile, F|394\/394
|switch|p2a: Mienshao|Mienshao, M|271\/271
|-ability|p1a: Krookodile|Intimidate|[of] p2a: Mienshao
|-unboost|p2a: Mienshao|atk|1
|turn|1
|
|switch|p1a: Galvantula|Galvantula, F|281\/281
|move|p2a: Mienshao|High Jump Kick|p1a: Galvantula
|-resisted|p1a: Galvantula
|-damage|p1a: Galvantula|146\/281
|
|turn|2
|
|switch|p2a: Roserade|Roserade, M|261\/261
|move|p1a: Galvantula|Sticky Web|p2a: Roserade
|-sidestart|p2: harunocannonfodder|move: Sticky Web
|
|turn|3
|
|switch|p1a: Roserade|Roserade, M|324\/324
|move|p2a: Roserade|Sludge Bomb|p1a: Roserade
|-damage|p1a: Roserade|182\/324
|-damage|p2a: Roserade|235\/261|[from] item: Life Orb
|
|-heal|p1a: Roserade|202\/324|[from] item: Black Sludge
|turn|4
|
|move|p2a: Roserade|Spikes|p1a: Roserade
|-sidestart|p1: ThePotatoFairy|Spikes
|move|p1a: Roserade|Toxic Spikes|p2a: Roserade
|-sidestart|p2: harunocannonfodder|move: Toxic Spikes
|
|-heal|p1a: Roserade|222\/324|[from] item: Black Sludge
|turn|5
|
|move|p2a: Roserade|Sludge Bomb|p1a: Roserade
|-damage|p1a: Roserade|82\/324
|-damage|p2a: Roserade|209\/261|[from] item: Life Orb
|move|p1a: Roserade|Sludge Bomb|p2a: Roserade
|-damage|p2a: Roserade|89\/261
|
|-heal|p1a: Roserade|102\/324|[from] item: Black Sludge
|turn|6
|
|move|p2a: Roserade|Sludge Bomb|p1a: Roserade
|-damage|p1a: Roserade|0 fnt
|-damage|p2a: Roserade|63\/261|[from] item: Life Orb
|faint|p1a: Roserade
|
|
|switch|p1a: Dugtrio|Dugtrio, M|212\/212
|-damage|p1a: Dugtrio|186\/212|[from] Spikes
|turn|7
|
|move|p1a: Dugtrio|Earthquake|p2a: Roserade
|-damage|p2a: Roserade|0 fnt
|faint|p2a: Roserade
|
|
|switch|p2a: Crobat|Crobat, M|373\/373
|turn|8
|
|switch|p1a: Krookodile|Krookodile, F|394\/394
|-damage|p1a: Krookodile|345\/394|[from] Spikes
|-ability|p1a: Krookodile|Intimidate|[of] p2a: Crobat
|-unboost|p2a: Crobat|atk|1
|move|p2a: Crobat|Defog|p1a: Krookodile
|-unboost|p1a: Krookodile|evasion|1
|-sideend|p1: ThePotatoFairy|Spikes|[from] move: Defog|[of] p1a: Krookodile
|-sideend|p2: harunocannonfodder|Toxic Spikes|[from] move: Defog|[of] p2a: Crobat
|-sideend|p2: harunocannonfodder|Sticky Web|[from] move: Defog|[of] p2a: Crobat
|
|-heal|p1a: Krookodile|369\/394|[from] item: Leftovers
|turn|9
|
|move|p2a: Crobat|Toxic|p1a: Krookodile
|-status|p1a: Krookodile|tox
|move|p1a: Krookodile|Knock Off|p2a: Crobat
|-damage|p2a: Crobat|207\/373
|-enditem|p2a: Crobat|Leftovers|[from] move: Knock Off|[of] p1a: Krookodile
|
|-heal|p1a: Krookodile|393\/394 tox|[from] item: Leftovers
|-damage|p1a: Krookodile|369\/394 tox|[from] psn
|turn|10
|
|move|p2a: Crobat|Roost|p2a: Crobat
|-heal|p2a: Crobat|373\/373
|move|p1a: Krookodile|Stealth Rock|p2a: Crobat
|-sidestart|p2: harunocannonfodder|move: Stealth Rock
|
|-heal|p1a: Krookodile|393\/394 tox|[from] item: Leftovers
|-damage|p1a: Krookodile|345\/394 tox|[from] psn
|turn|11
|
|switch|p1a: Sharpedo|Sharpedo, F|281\/281
|move|p2a: Crobat|Defog|p1a: Sharpedo
|-unboost|p1a: Sharpedo|evasion|1
|-sideend|p2: harunocannonfodder|Stealth Rock|[from] move: Defog|[of] p2a: Crobat
|
|turn|12
|
|switch|p2a: Suicune|Suicune|369\/369
|-ability|p2a: Suicune|Pressure
|move|p1a: Sharpedo|Waterfall|p2a: Suicune
|-resisted|p2a: Suicune
|-damage|p2a: Suicune|283\/369
|-damage|p1a: Sharpedo|253\/281|[from] item: Life Orb
|
|-boost|p1a: Sharpedo|spe|1|[from] ability: Speed Boost
|turn|13
|
|switch|p1a: Meloetta|Meloetta|384\/384
|move|p2a: Suicune|Hydro Pump|p1a: Meloetta
|-damage|p1a: Meloetta|260\/384
|
|-heal|p1a: Meloetta|284\/384|[from] item: Leftovers
|turn|14
|
|move|p2a: Suicune|Calm Mind|p2a: Suicune
|-boost|p2a: Suicune|spa|1
|-boost|p2a: Suicune|spd|1
|move|p1a: Meloetta|Substitute|p1a: Meloetta
|-start|p1a: Meloetta|Substitute
|-damage|p1a: Meloetta|188\/384
|
|-heal|p1a: Meloetta|212\/384|[from] item: Leftovers
|turn|15
|
|move|p2a: Suicune|Ice Beam|p1a: Meloetta
|-end|p1a: Meloetta|Substitute
|move|p1a: Meloetta|Calm Mind|p1a: Meloetta
|-boost|p1a: Meloetta|spa|1
|-boost|p1a: Meloetta|spd|1
|
|-heal|p1a: Meloetta|236\/384|[from] item: Leftovers
|turn|16
|
|move|p2a: Suicune|Hydro Pump|p1a: Meloetta|[miss]
|-miss|p2a: Suicune|p1a: Meloetta
|move|p1a: Meloetta|Psyshock|p2a: Suicune
|-damage|p2a: Suicune|85\/369
|
|-heal|p1a: Meloetta|260\/384|[from] item: Leftovers
|turn|17
|
|move|p2a: Suicune|Hydro Pump|p1a: Meloetta
|-damage|p1a: Meloetta|142\/384
|move|p1a: Meloetta|Psyshock|p2a: Suicune
|-crit|p2a: Suicune
|-damage|p2a: Suicune|0 fnt
|faint|p2a: Suicune
|
|-heal|p1a: Meloetta|166\/384|[from] item: Leftovers
|
|switch|p2a: Mienshao|Mienshao, M|271\/271
|turn|18
|
|move|p2a: Mienshao|High Jump Kick|p1a: Meloetta
|-damage|p1a: Meloetta|0 fnt
|faint|p1a: Meloetta
|
|
|switch|p1a: Krookodile|Krookodile, F|345\/394 tox
|-ability|p1a: Krookodile|Intimidate|[of] p2a: Mienshao
|-unboost|p2a: Mienshao|atk|1
|turn|19
|
|move|p2a: Mienshao|High Jump Kick|p1a: Krookodile
|-supereffective|p1a: Krookodile
|-damage|p1a: Krookodile|31\/394 tox
|move|p1a: Krookodile|Knock Off|p2a: Mienshao
|-resisted|p2a: Mienshao
|-damage|p2a: Mienshao|166\/271
|-enditem|p2a: Mienshao|Choice Scarf|[from] move: Knock Off|[of] p1a: Krookodile
|
|-heal|p1a: Krookodile|55\/394 tox|[from] item: Leftovers
|-damage|p1a: Krookodile|31\/394 tox|[from] psn
|turn|20
|chat|harunocannonfodder|god what a good pokemon lol
|chat|harunocannonfodder|eating it up
|
|move|p2a: Mienshao|High Jump Kick|p1a: Krookodile
|-supereffective|p1a: Krookodile
|-damage|p1a: Krookodile|0 fnt
|faint|p1a: Krookodile
|
|
|switch|p1a: Dugtrio|Dugtrio, M|186\/212
|turn|21
|
|move|p1a: Dugtrio|Earthquake|p2a: Mienshao
|-damage|p2a: Mienshao|0 fnt
|faint|p2a: Mienshao
|
|
|switch|p2a: Crobat|Crobat, M|373\/373
|turn|22
|
|switch|p1a: Galvantula|Galvantula, F|146\/281
|move|p2a: Crobat|Brave Bird|p1a: Galvantula
|-damage|p1a: Galvantula|0 fnt
|-damage|p2a: Crobat|325\/373|[from] recoil|[of] p1a: Galvantula
|faint|p1a: Galvantula
|
|
|switch|p1a: Sharpedo|Sharpedo, F|253\/281
|turn|23
|
|move|p2a: Crobat|Brave Bird|p1a: Sharpedo
|-damage|p1a: Sharpedo|0 fnt
|-damage|p2a: Crobat|242\/373|[from] recoil|[of] p1a: Sharpedo
|faint|p1a: Sharpedo
|
|-message|ThePotatoFairy forfeited.
|
|win|harunocannonfodder
|raw|Ladder updating...
|raw|ThePotatoFairy's rating: 1592 &rarr; <strong>1563<\/strong><br \/>(-29 for losing)
|raw|harunocannonfodder's rating: 1407 &rarr; <strong>1437<\/strong><br \/>(+30 for winning)
|leave|ThePotatoFairy
|player|p1