|join|IcyFireDelta
|join|ThePotatoFairy
|player|p1|IcyFireDelta|168
|player|p2|ThePotatoFairy|23
|gametype|singles
|gen|6
|tier|UU
|rated
|rule|Sleep Clause Mod: Limit one foe put to sleep
|rule|Species Clause: Limit one of each PokÃ©mon
|rule|OHKO Clause: OHKO moves are banned
|rule|Moody Clause: Moody is banned
|rule|Evasion Moves Clause: Evasion moves are banned
|rule|Endless Battle Clause: Forcing endless battles is banned
|rule|HP Percentage Mod: HP is shown in percentages
|clearpoke
|poke|p1|Celebi
|poke|p1|Ninjask, M
|poke|p1|Arcanine, M
|poke|p1|Goodra, M
|poke|p1|Donphan, M
|poke|p1|Crobat, F
|poke|p2|Ampharos, F
|poke|p2|Togekiss, F
|poke|p2|Reuniclus, F
|poke|p2|Kyurem
|poke|p2|Espeon, M
|poke|p2|Metagross
|rule|Swagger Clause: Swagger is banned
|rule|Baton Pass Clause: Limit one PokÃ©mon knowing Baton Pass
|teampreview
|
|start
|switch|p1a: Celebi|Celebi|404\/404
|switch|p2a: Ampharos|Ampharos, F|383\/383
|turn|1
|
|switch|p2a: Espeon|Espeon, M|271\/271
|move|p1a: Celebi|Swords Dance|p1a: Celebi
|-boost|p1a: Celebi|atk|2
|
|turn|2
|
|move|p2a: Espeon|Hidden Power|p1a: Celebi
|-supereffective|p1a: Celebi
|-damage|p1a: Celebi|212\/404
|-damage|p2a: Espeon|244\/271|[from] item: Life Orb
|move|p1a: Celebi|Seed Bomb|p2a: Espeon
|-crit|p2a: Espeon
|-damage|p2a: Espeon|0 fnt
|faint|p2a: Espeon
|
|-heal|p1a: Celebi|237\/404|[from] item: Leftovers
|
|switch|p2a: Reuniclus|Reuniclus, F|424\/424
|turn|3
|
|move|p1a: Celebi|Sucker Punch|p2a: Reuniclus
|-supereffective|p2a: Reuniclus
|-damage|p2a: Reuniclus|112\/424
|move|p2a: Reuniclus|Signal Beam|p1a: Celebi
|-supereffective|p1a: Celebi
|-damage|p1a: Celebi|0 fnt
|faint|p1a: Celebi
|
|-heal|p2a: Reuniclus|138\/424|[from] item: Leftovers
|
|switch|p1a: Donphan|Donphan, M|322\/322
|turn|4
|
|move|p1a: Donphan|Knock Off|p2a: Reuniclus
|-supereffective|p2a: Reuniclus
|-damage|p2a: Reuniclus|0 fnt
|-enditem|p2a: Reuniclus|Leftovers|[from] move: Knock Off|[of] p1a: Donphan
|faint|p2a: Reuniclus
|
|
|switch|p2a: Togekiss|Togekiss, F|311\/311
|turn|5
|
|switch|p1a: Crobat|Crobat, F|312\/312
|move|p2a: Togekiss|Air Slash|p1a: Crobat
|-damage|p1a: Crobat|134\/312
|
|turn|6
|
|switch|p2a: Metagross|Metagross|364\/364
|move|p1a: Crobat|Cross Poison|p2a: Metagross
|-immune|p2a: Metagross|[msg]
|
|turn|7
|
|switch|p1a: Arcanine|Arcanine, M|384\/384
|-ability|p1a: Arcanine|Intimidate|[of] p2a: Metagross
|-fail|p2a: Metagross|unboost|[from] ability: Clear Body|[of] p2a: Metagross
|move|p2a: Metagross|Stealth Rock|p1a: Arcanine
|-sidestart|p1: IcyFireDelta|move: Stealth Rock
|
|turn|8
|
|move|p1a: Arcanine|Flare Blitz|p2a: Metagross
|-crit|p2a: Metagross
|-supereffective|p2a: Metagross
|-damage|p2a: Metagross|0 fnt
|-damage|p1a: Arcanine|264\/384|[from] recoil|[of] p2a: Metagross
|faint|p2a: Metagross
|
|
|switch|p2a: Ampharos|Ampharos, F|383\/383
|turn|9
|
|detailschange|p2a: Ampharos|Ampharos-Mega, F
|message|Ampharos has Mega Evolved into Mega Ampharos!
|-ability|p2a: Ampharos|Mold Breaker
|move|p1a: Arcanine|Flare Blitz|p2a: Ampharos
|-resisted|p2a: Ampharos
|-damage|p2a: Ampharos|298\/383
|-damage|p1a: Arcanine|236\/384|[from] recoil|[of] p2a: Ampharos
|move|p2a: Ampharos|Dragon Pulse|p1a: Arcanine
|-damage|p1a: Arcanine|100\/384
|
|turn|10
|
|move|p1a: Arcanine|Close Combat|p2a: Ampharos
|-crit|p2a: Ampharos
|-damage|p2a: Ampharos|135\/383
|-unboost|p1a: Arcanine|def|1
|-unboost|p1a: Arcanine|spd|1
|move|p2a: Ampharos|Dragon Pulse|p1a: Arcanine
|-damage|p1a: Arcanine|0 fnt
|faint|p1a: Arcanine
|
|
|switch|p1a: Crobat|Crobat, F|134\/312
|-damage|p1a: Crobat|56\/312|[from] Stealth Rock
|turn|11
|
|move|p1a: Crobat|Defog|p2a: Ampharos
|-unboost|p2a: Ampharos|evasion|1
|-sideend|p1: IcyFireDelta|Stealth Rock|[from] move: Defog|[of] p1a: Crobat
|move|p2a: Ampharos|Rest|p2a: Ampharos
|-status|p2a: Ampharos|slp
|-heal|p2a: Ampharos|383\/383 slp|[silent]
|-status|p2a: Ampharos|slp|[from] move: Rest
|
|turn|12
|
|switch|p1a: Donphan|Donphan, M|322\/322
|cant|p2a: Ampharos|slp
|move|p2a: Ampharos|Sleep Talk|p2a: Ampharos
|move|p2a: Ampharos|Volt Switch|p1a: Donphan|[from]Sleep Talk
|-immune|p1a: Donphan|[msg]
|
|turn|13
|
|switch|p2a: Togekiss|Togekiss, F|311\/311
|move|p1a: Donphan|Ice Shard|p2a: Togekiss
|-supereffective|p2a: Togekiss
|-damage|p2a: Togekiss|209\/311
|
|-heal|p2a: Togekiss|228\/311|[from] item: Leftovers
|turn|14
|
|switch|p1a: Goodra|Goodra, M|326\/326
|move|p2a: Togekiss|Air Slash|p1a: Goodra
|-damage|p1a: Goodra|257\/326
|
|-heal|p2a: Togekiss|247\/311|[from] item: Leftovers
|turn|15
|
|move|p2a: Togekiss|Air Slash|p1a: Goodra
|-damage|p1a: Goodra|190\/326
|cant|p1a: Goodra|flinch
|
|-heal|p2a: Togekiss|266\/311|[from] item: Leftovers
|turn|16
|
|move|p2a: Togekiss|Air Slash|p1a: Goodra
|-damage|p1a: Goodra|121\/326
|move|p1a: Goodra|Sludge Bomb|p2a: Togekiss
|-supereffective|p2a: Togekiss
|-damage|p2a: Togekiss|104\/311
|-status|p2a: Togekiss|psn
|
|-heal|p2a: Togekiss|123\/311 psn|[from] item: Leftovers
|-damage|p2a: Togekiss|85\/311 psn|[from] psn
|turn|17
|
|move|p2a: Togekiss|Dazzling Gleam|p1a: Goodra
|-supereffective|p1a: Goodra
|-damage|p1a: Goodra|0 fnt
|faint|p1a: Goodra
|
|-heal|p2a: Togekiss|104\/311 psn|[from] item: Leftovers
|-damage|p2a: Togekiss|66\/311 psn|[from] psn
|
|switch|p1a: Ninjask|Ninjask, M|264\/264
|turn|18
|
|move|p1a: Ninjask|Protect|p1a: Ninjask
|-singleturn|p1a: Ninjask|Protect
|move|p2a: Togekiss|Dazzling Gleam|p1a: Ninjask
|-activate|p1a: Ninjask|Protect
|
|-heal|p2a: Togekiss|85\/311 psn|[from] item: Leftovers
|-damage|p2a: Togekiss|47\/311 psn|[from] psn
|-boost|p1a: Ninjask|spe|1|[from] ability: Speed Boost
|turn|19
|
|move|p1a: Ninjask|Swords Dance|p1a: Ninjask
|-boost|p1a: Ninjask|atk|2
|move|p2a: Togekiss|Air Slash|p1a: Ninjask
|-supereffective|p1a: Ninjask
|-damage|p1a: Ninjask|0 fnt
|faint|p1a: Ninjask
|
|-heal|p2a: Togekiss|66\/311 psn|[from] item: Leftovers
|-damage|p2a: Togekiss|28\/311 psn|[from] psn
|
|switch|p1a: Crobat|Crobat, F|56\/312
|turn|20
|
|move|p1a: Crobat|Brave Bird|p2a: Togekiss
|-damage|p2a: Togekiss|0 fnt
|-damage|p1a: Crobat|47\/312|[from] recoil|[of] p2a: Togekiss
|faint|p2a: Togekiss
|
|
|switch|p2a: Kyurem|Kyurem|391\/391
|-ability|p2a: Kyurem|Pressure
|turn|21
|
|move|p1a: Crobat|Brave Bird|p2a: Kyurem
|-damage|p2a: Kyurem|207\/391
|-damage|p1a: Crobat|0 fnt|[from] recoil|[of] p2a: Kyurem
|faint|p1a: Crobat
|move|p2a: Kyurem|Ice Beam|p1: Crobat|[notarget]
|-notarget
|
|
|switch|p1a: Donphan|Donphan, M|322\/322
|turn|22
|
|move|p2a: Kyurem|Ice Beam|p1a: Donphan
|-supereffective|p1a: Donphan
|-activate|p1a: Donphan|Sturdy
|-damage|p1a: Donphan|1\/322
|-enditem|p1a: Donphan|Weakness Policy
|-boost|p1a: Donphan|atk|2|[from] item: Weakness Policy
|-boost|p1a: Donphan|spa|2|[from] item: Weakness Policy
|-damage|p2a: Kyurem|168\/391|[from] item: Life Orb
|move|p1a: Donphan|Rock Polish|p1a: Donphan
|-boost|p1a: Donphan|spe|2
|
|turn|23
|
|move|p1a: Donphan|Earthquake|p2a: Kyurem
|-damage|p2a: Kyurem|0 fnt
|faint|p2a: Kyurem
|
|
|switch|p2a: Ampharos|Ampharos-Mega, F|383\/383 slp
|-ability|p2a: Ampharos|Mold Breaker
|turn|24
|
|move|p1a: Donphan|Earthquake|p2a: Ampharos
|-supereffective|p2a: Ampharos
|-damage|p2a: Ampharos|0 fnt
|faint|p2a: Ampharos
|
|win|IcyFireDelta
|raw|Ladder updating...
|raw|IcyFireDelta's rating: 1434 &rarr; <strong>1459<\/strong><br \/>(+25 for winning)
|raw|ThePotatoFairy's rating: 1534 &rarr; <strong>1509<\/strong><br \/>(-25 for losing)