|join|ThePotatoFairy
|join|Kellus
|player|p1|ThePotatoFairy|23
|player|p2|Kellus|113
|gametype|singles
|gen|6
|tier|UU
|rated
|clearpoke
|poke|p1|Honchkrow, F
|poke|p1|Starmie
|poke|p1|Ampharos, M
|poke|p1|Reuniclus, F
|poke|p1|Heracross, M
|poke|p1|Metagross
|poke|p2|Kecleon, M
|poke|p2|Emolga, F
|poke|p2|Mew
|poke|p2|Florges, F
|poke|p2|Avalugg, M
|poke|p2|Qwilfish, F
|rule|Sleep Clause Mod: Limit one foe put to sleep
|rule|Species Clause: Limit one of each Pokemon
|rule|OHKO Clause: OHKO moves are banned
|rule|Moody Clause: Moody is banned
|rule|Evasion Moves Clause: Evasion moves are banned
|rule|Endless Battle Clause: Forcing endless battles is banned.
|rule|HP Percentage Mod: HP is reported as percentages
|teampreview
|
|start
|switch|p1a: Ampharos|Ampharos, M|383\/383
|switch|p2a: Emolga|Emolga, F|314\/314
|turn|1
|
|switch|p2a: Florges|Florges, F|360\/360
|-formechange|p1a: Ampharos|Ampharos-Mega
|message|Ampharos has Mega Evolved into Mega Ampharos!
|-ability|p1a: Ampharos|Mold Breaker
|move|p1a: Ampharos|Dragon Pulse|p2a: Florges
|-immune|p2a: Florges|[msg]
|
|turn|2
|
|switch|p1a: Metagross|Metagross|364\/364
|move|p2a: Florges|Moonblast|p1a: Metagross
|-resisted|p1a: Metagross
|-damage|p1a: Metagross|305\/364
|
|-heal|p1a: Metagross|327\/364|[from] item: Leftovers
|turn|3
|
|switch|p2a: Qwilfish|Qwilfish, F|334\/334
|-ability|p2a: Qwilfish|Intimidate|[of] p1a: Metagross
|-fail|p1a: Metagross|unboost|[from] ability: Clear Body|[of] p1a: Metagross
|move|p1a: Metagross|Stealth Rock|p2a: Qwilfish
|-sidestart|p2: Kellus|move: Stealth Rock
|
|-heal|p1a: Metagross|349\/364|[from] item: Leftovers
|turn|4
|
|move|p2a: Qwilfish|Spikes|p1a: Metagross
|-sidestart|p1: ThePotatoFairy|Spikes
|move|p1a: Metagross|Earthquake|p2a: Qwilfish
|-supereffective|p2a: Qwilfish
|-damage|p2a: Qwilfish|124\/334
|
|-heal|p2a: Qwilfish|144\/334|[from] item: Black Sludge
|-heal|p1a: Metagross|364\/364|[from] item: Leftovers
|turn|5
|
|move|p2a: Qwilfish|Destiny Bond|p2a: Qwilfish
|-singlemove|p2a: Qwilfish|Destiny Bond
|move|p1a: Metagross|Earthquake|p2a: Qwilfish
|-supereffective|p2a: Qwilfish
|-damage|p2a: Qwilfish|0 fnt
|faint|p2a: Qwilfish
|-activate|p2a: Qwilfish|Destiny Bond
|faint|p1a: Metagross
|
|
|switch|p1a: Starmie|Starmie|261\/261
|-damage|p1a: Starmie|229\/261|[from] Spikes
|switch|p2a: Emolga|Emolga, F|314\/314
|-damage|p2a: Emolga|236\/314|[from] Stealth Rock
|turn|6
|
|switch|p1a: Ampharos|Ampharos, M|383\/383
|-formechange|p1a: Ampharos|Ampharos-Mega
|-damage|p1a: Ampharos|336\/383|[from] Spikes
|-ability|p1a: Ampharos|Mold Breaker
|move|p2a: Emolga|Knock Off|p1a: Ampharos
|-damage|p1a: Ampharos|297\/383
|
|turn|7
|
|switch|p2a: Florges|Florges, F|360\/360
|-damage|p2a: Florges|315\/360|[from] Stealth Rock
|move|p1a: Ampharos|Volt Switch|p2a: Florges
|-damage|p2a: Florges|225\/360
|
|switch|p1a: Honchkrow|Honchkrow, F|341\/341
|
|-heal|p2a: Florges|247\/360|[from] item: Leftovers
|turn|8
|
|switch|p2a: Avalugg|Avalugg, M|394\/394
|-damage|p2a: Avalugg|296\/394|[from] Stealth Rock
|move|p1a: Honchkrow|Brave Bird|p2a: Avalugg
|-damage|p2a: Avalugg|158\/394
|-damage|p1a: Honchkrow|295\/341|[from] recoil|[of] p2a: Avalugg
|-damage|p1a: Honchkrow|239\/341|[from] item: Rocky Helmet|[of] p2a: Avalugg
|-damage|p1a: Honchkrow|205\/341|[from] item: Life Orb
|
|turn|9
|
|move|p1a: Honchkrow|Superpower|p2a: Avalugg
|-supereffective|p2a: Avalugg
|-damage|p2a: Avalugg|0 fnt
|-damage|p1a: Honchkrow|149\/341|[from] item: Rocky Helmet|[of] p2a: Avalugg
|-unboost|p1a: Honchkrow|atk|1
|-unboost|p1a: Honchkrow|def|1
|-damage|p1a: Honchkrow|115\/341|[from] item: Life Orb
|faint|p2a: Avalugg
|-boost|p1a: Honchkrow|atk|1|[from] ability: Moxie
|
|
|switch|p2a: Mew|Mew|404\/404
|-damage|p2a: Mew|354\/404|[from] Stealth Rock
|turn|10
|
|move|p1a: Honchkrow|Brave Bird|p2a: Mew
|-damage|p2a: Mew|76\/404
|-damage|p1a: Honchkrow|23\/341|[from] recoil|[of] p2a: Mew
|-damage|p1a: Honchkrow|0 fnt|[from] item: Life Orb
|faint|p1a: Honchkrow
|move|p2a: Mew|Will-O-Wisp|p1: Honchkrow|[notarget]
|-notarget
|
|-heal|p2a: Mew|101\/404|[from] item: Leftovers
|
|switch|p1a: Starmie|Starmie|229\/261
|-damage|p1a: Starmie|197\/261|[from] Spikes
|turn|11
|
|move|p1a: Starmie|Surf|p2a: Mew
|-damage|p2a: Mew|0 fnt
|-damage|p1a: Starmie|171\/261|[from] item: Life Orb
|faint|p2a: Mew
|
|
|switch|p2a: Kecleon|Kecleon, M|324\/324
|-damage|p2a: Kecleon|284\/324|[from] Stealth Rock
|turn|12
|
|switch|p1a: Ampharos|Ampharos, M|297\/383
|-formechange|p1a: Ampharos|Ampharos-Mega
|-damage|p1a: Ampharos|250\/383|[from] Spikes
|-ability|p1a: Ampharos|Mold Breaker
|move|p2a: Kecleon|Fake Out|p1a: Ampharos
|-damage|p1a: Ampharos|187\/383
|
|turn|13
|
|-start|p2a: Kecleon|typechange|Fighting|[from] Protean
|move|p2a: Kecleon|Power-Up Punch|p1a: Ampharos
|-damage|p1a: Ampharos|127\/383
|-boost|p2a: Kecleon|atk|1
|move|p1a: Ampharos|Rest|p1a: Ampharos
|-status|p1a: Ampharos|slp
|-heal|p1a: Ampharos|383\/383 slp|[silent]
|-status|p1a: Ampharos|slp|[from] move: Rest
|
|turn|14
|
|move|p2a: Kecleon|Power-Up Punch|p1a: Ampharos
|-damage|p1a: Ampharos|295\/383 slp
|-boost|p2a: Kecleon|atk|1
|cant|p1a: Ampharos|slp
|move|p1a: Ampharos|Sleep Talk|p1a: Ampharos
|move|p1a: Ampharos|Dragon Pulse|p2a: Kecleon|[from]Sleep Talk
|-damage|p2a: Kecleon|175\/324
|
|turn|15
|
|move|p2a: Kecleon|Power-Up Punch|p1a: Ampharos
|-damage|p1a: Ampharos|169\/383 slp
|-boost|p2a: Kecleon|atk|1
|cant|p1a: Ampharos|slp
|move|p1a: Ampharos|Sleep Talk|p1a: Ampharos
|move|p1a: Ampharos|Volt Switch|p2a: Kecleon|[from]Sleep Talk
|-damage|p2a: Kecleon|78\/324
|
|switch|p1a: Heracross|Heracross, M|301\/301
|-damage|p1a: Heracross|264\/301|[from] Spikes
|
|turn|16
|
|-start|p2a: Kecleon|typechange|Ghost|[from] Protean
|move|p2a: Kecleon|Shadow Sneak|p1a: Heracross
|-damage|p1a: Heracross|78\/301
|move|p1a: Heracross|Close Combat|p2a: Kecleon
|-immune|p2a: Kecleon|[msg]
|
|turn|17
|
|move|p2a: Kecleon|Shadow Sneak|p1a: Heracross
|-damage|p1a: Heracross|0 fnt
|faint|p1a: Heracross
|
|
|switch|p1a: Ampharos|Ampharos, M|169\/383 slp
|-formechange|p1a: Ampharos|Ampharos-Mega
|-damage|p1a: Ampharos|122\/383 slp|[from] Spikes
|-ability|p1a: Ampharos|Mold Breaker
|turn|18
|
|-start|p2a: Kecleon|typechange|Fighting|[from] Protean
|move|p2a: Kecleon|Power-Up Punch|p1a: Ampharos
|-damage|p1a: Ampharos|0 fnt
|-boost|p2a: Kecleon|atk|1
|faint|p1a: Ampharos
|
|-message|ThePotatoFairy forfeited.
|
|win|Kellus
|raw|Ladder updating...
|raw|ThePotatoFairy's rating: 1472 &rarr; <strong>1449<\/strong><br \/>(-23 for losing)
|raw|Kellus's rating: 1408 &rarr; <strong>1431<\/strong><br \/>(+23 for winning)
|leave|ThePotatoFairy
|player|p1