|join|pokemonisfun
|join|ThePotatoFairy
|player|p1|pokemonisfun|184
|player|p2|ThePotatoFairy|23
|gametype|singles
|gen|6
|tier|UU
|rated
|rule|Sleep Clause Mod: Limit one foe put to sleep
|rule|Species Clause: Limit one of each PokÃ©mon
|rule|OHKO Clause: OHKO moves are banned
|rule|Moody Clause: Moody is banned
|rule|Evasion Moves Clause: Evasion moves are banned
|rule|Endless Battle Clause: Forcing endless battles is banned
|rule|HP Percentage Mod: HP is shown in percentages
|clearpoke
|poke|p1|Zoroark, M
|poke|p1|Zygarde
|poke|p1|Nidoking, M
|poke|p1|Espeon, F
|poke|p1|Starmie
|poke|p1|Shedinja
|poke|p2|Slurpuff, F
|poke|p2|Froslass, F
|poke|p2|Raikou
|poke|p2|Roserade, F
|poke|p2|Absol, M
|poke|p2|Rhyperior, M
|rule|Swagger Clause: Swagger is banned
|rule|Baton Pass Clause: Limit one PokÃ©mon knowing Baton Pass
|teampreview
|
|start
|switch|p1a: Espeon|Espeon, F|261\/261
|switch|p2a: Froslass|Froslass, F|343\/343
|turn|1
|
|move|p2a: Froslass|Icy Wind|p1a: Espeon
|replace|p1a: Zoroark|Zoroark, M|261\/261
|-damage|p1a: Zoroark|174\/261
|-unboost|p1a: Zoroark|spe|1
|move|p1a: Zoroark|U-turn|p2a: Froslass
|-resisted|p2a: Froslass
|-damage|p2a: Froslass|308\/343
|
|switch|p1a: Espeon|Espeon, F|271\/271
|
|turn|2
|
|switch|p2a: Absol|Absol, M|271\/271
|move|p1a: Espeon|Shadow Ball|p2a: Absol
|-resisted|p2a: Absol
|-damage|p2a: Absol|174\/271
|-damage|p1a: Espeon|244\/271|[from] item: Life Orb
|
|turn|3
|
|detailschange|p2a: Absol|Absol-Mega, M
|-mega|p2a: Absol|Absol|Absolite
|move|p1a: Espeon|Dazzling Gleam|p2a: Absol
|-supereffective|p2a: Absol
|-damage|p2a: Absol|0 fnt
|-damage|p1a: Espeon|217\/271|[from] item: Life Orb
|faint|p2a: Absol
|
|
|switch|p2a: Raikou|Raikou|321\/321
|-ability|p2a: Raikou|Pressure
|turn|4
|
|switch|p1a: Nidoking|Nidoking, M|303\/303
|move|p2a: Raikou|Shadow Ball|p1a: Nidoking
|-damage|p1a: Nidoking|188\/303
|
|turn|5
|
|move|p2a: Raikou|Hidden Power|p1a: Nidoking
|-supereffective|p1a: Nidoking
|-damage|p1a: Nidoking|0 fnt
|faint|p1a: Nidoking
|
|
|switch|p1a: Starmie|Starmie|261\/261
|turn|6
|
|move|p1a: Starmie|Psyshock|p2a: Raikou
|-crit|p2a: Raikou
|-damage|p2a: Raikou|32\/321
|-damage|p1a: Starmie|235\/261|[from] item: Life Orb
|move|p2a: Raikou|Volt Switch|p1a: Starmie
|-supereffective|p1a: Starmie
|-damage|p1a: Starmie|0 fnt
|faint|p1a: Starmie
|
|switch|p2a: Rhyperior|Rhyperior, M|433\/433
|
|
|switch|p1a: Espeon|Espeon, F|217\/271
|turn|7
|
|move|p1a: Espeon|Grass Knot|p2a: Rhyperior
|-supereffective|p2a: Rhyperior
|-damage|p2a: Rhyperior|0 fnt
|-damage|p1a: Espeon|190\/271|[from] item: Life Orb
|faint|p2a: Rhyperior
|
|
|switch|p2a: Raikou|Raikou|32\/321
|-ability|p2a: Raikou|Pressure
|turn|8
|
|switch|p1a: Zygarde|Zygarde|404\/404
|-ability|p1a: Zygarde|Aura Break
|move|p2a: Raikou|Thunderbolt|p1a: Zygarde
|-immune|p1a: Zygarde|[msg]
|
|turn|9
|
|switch|p2a: Froslass|Froslass, F|308\/343
|move|p1a: Zygarde|Extreme Speed|p2a: Froslass
|-immune|p2a: Froslass|[msg]
|
|turn|10
|
|switch|p1a: Shedinja|Shedinja|1\/1
|move|p2a: Froslass|Icy Wind|p1a: Shedinja
|-activate|p1a: Shedinja|ability: Wonder Guard
|
|turn|11
|
|switch|p2a: Roserade|Roserade, F|261\/261
|move|p1a: Shedinja|Swords Dance|p1a: Shedinja
|-boost|p1a: Shedinja|atk|2
|
|turn|12
|
|move|p2a: Roserade|Sleep Powder|p1a: Shedinja|[miss]
|-miss|p2a: Roserade|p1a: Shedinja
|move|p1a: Shedinja|X-Scissor|p2a: Roserade
|-damage|p2a: Roserade|0 fnt
|faint|p2a: Roserade
|
|-message|ThePotatoFairy forfeited.
|leave|ThePotatoFairy
|
|win|pokemonisfun
|raw|Ladder updating...
|player|p2