|join|HappyK
|join|ThePotatoFairy
|player|p1|HappyK|273
|player|p2|ThePotatoFairy|23
|gametype|singles
|gen|6
|tier|UU
|rated
|rule|Sleep Clause Mod: Limit one foe put to sleep
|rule|Species Clause: Limit one of each PokÃ©mon
|rule|OHKO Clause: OHKO moves are banned
|rule|Moody Clause: Moody is banned
|rule|Evasion Moves Clause: Evasion moves are banned
|rule|Endless Battle Clause: Forcing endless battles is banned
|rule|HP Percentage Mod: HP is shown in percentages
|clearpoke
|poke|p1|Galvantula, M, shiny
|poke|p1|Zygarde
|poke|p1|Kingdra, M
|poke|p1|Cloyster, F, shiny
|poke|p1|Pidgeot, M
|poke|p1|Jirachi
|poke|p2|Beedrill, M
|poke|p2|Forretress, M
|poke|p2|Mienshao, M
|poke|p2|Darmanitan, F
|poke|p2|Whimsicott, M
|poke|p2|Raikou, shiny
|rule|Swagger Clause: Swagger is banned
|rule|Baton Pass Clause: Limit one PokÃ©mon knowing Baton Pass
|teampreview
|
|start
|switch|p1a: Greatvantula|Galvantula, M, shiny|282\/282
|switch|p2a: Raikou|Raikou, shiny|321\/321
|-ability|p2a: Raikou|Pressure
|turn|1
|
|move|p2a: Raikou|Extrasensory|p1a: Greatvantula
|-damage|p1a: Greatvantula|84\/282
|move|p1a: Greatvantula|Sticky Web|p2a: Raikou
|-sidestart|p2: ThePotatoFairy|move: Sticky Web
|
|turn|2
|
|move|p2a: Raikou|Extrasensory|p1a: Greatvantula
|-damage|p1a: Greatvantula|0 fnt
|faint|p1a: Greatvantula
|
|
|switch|p1a: Diegarde|Zygarde|397\/397
|-ability|p1a: Diegarde|Aura Break
|turn|3
|
|switch|p2a: Whimsicott|Whimsicott, M|323\/323
|-activate|p2a: Whimsicott|move: Sticky Web
|-unboost|p2a: Whimsicott|spe|1
|move|p1a: Diegarde|Dragon Dance|p1a: Diegarde
|-boost|p1a: Diegarde|atk|1
|-boost|p1a: Diegarde|spe|1
|
|turn|4
|
|move|p2a: Whimsicott|Encore|p1a: Diegarde
|-start|p1a: Diegarde|Encore
|move|p1a: Diegarde|Dragon Dance|p1a: Diegarde
|-boost|p1a: Diegarde|atk|1
|-boost|p1a: Diegarde|spe|1
|
|turn|5
|
|switch|p1a: Jimatchi|Jirachi|345\/345
|move|p2a: Whimsicott|Moonblast|p1a: Jimatchi
|-resisted|p1a: Jimatchi
|-damage|p1a: Jimatchi|297\/345
|-unboost|p1a: Jimatchi|spa|1
|
|turn|6
|
|move|p2a: Whimsicott|Stun Spore|p1a: Jimatchi
|-status|p1a: Jimatchi|par
|move|p1a: Jimatchi|Fire Punch|p2a: Whimsicott
|-supereffective|p2a: Whimsicott
|-damage|p2a: Whimsicott|197\/323
|
|-heal|p2a: Whimsicott|217\/323|[from] item: Leftovers
|turn|7
|
|switch|p2a: Darmanitan|Darmanitan, F|351\/351
|-activate|p2a: Darmanitan|move: Sticky Web
|-unboost|p2a: Darmanitan|spe|1
|cant|p1a: Jimatchi|par
|
|turn|8
|
|switch|p2a: Forretress|Forretress, M|354\/354
|-activate|p2a: Forretress|move: Sticky Web
|-unboost|p2a: Forretress|spe|1
|switch|p1a: Diegarde|Zygarde|397\/397
|-ability|p1a: Diegarde|Aura Break
|
|turn|9
|
|switch|p2a: Whimsicott|Whimsicott, M|217\/323
|-activate|p2a: Whimsicott|move: Sticky Web
|-unboost|p2a: Whimsicott|spe|1
|move|p1a: Diegarde|Dragon Dance|p1a: Diegarde
|-boost|p1a: Diegarde|atk|1
|-boost|p1a: Diegarde|spe|1
|
|-heal|p2a: Whimsicott|237\/323|[from] item: Leftovers
|turn|10
|
|move|p2a: Whimsicott|Encore|p1a: Diegarde
|-start|p1a: Diegarde|Encore
|move|p1a: Diegarde|Dragon Dance|p1a: Diegarde
|-boost|p1a: Diegarde|atk|1
|-boost|p1a: Diegarde|spe|1
|
|-heal|p2a: Whimsicott|257\/323|[from] item: Leftovers
|turn|11
|
|move|p1a: Diegarde|Dragon Dance|p1a: Diegarde
|-boost|p1a: Diegarde|atk|1
|-boost|p1a: Diegarde|spe|1
|move|p2a: Whimsicott|Moonblast|p1a: Diegarde
|-supereffective|p1a: Diegarde
|-damage|p1a: Diegarde|211\/397
|-enditem|p1a: Diegarde|Weakness Policy
|-boost|p1a: Diegarde|atk|2|[from] item: Weakness Policy
|-boost|p1a: Diegarde|spa|2|[from] item: Weakness Policy
|-unboost|p1a: Diegarde|spa|1
|
|-heal|p2a: Whimsicott|277\/323|[from] item: Leftovers
|turn|12
|
|move|p1a: Diegarde|Dragon Dance|p1a: Diegarde
|-boost|p1a: Diegarde|atk|1
|-boost|p1a: Diegarde|spe|1
|move|p2a: Whimsicott|Moonblast|p1a: Diegarde
|-supereffective|p1a: Diegarde
|-damage|p1a: Diegarde|29\/397
|-unboost|p1a: Diegarde|spa|1
|
|-heal|p2a: Whimsicott|297\/323|[from] item: Leftovers
|-end|p1a: Diegarde|Encore
|turn|13
|
|move|p1a: Diegarde|Extreme Speed|p2a: Whimsicott
|-crit|p2a: Whimsicott
|-damage|p2a: Whimsicott|0 fnt
|faint|p2a: Whimsicott
|
|
|switch|p2a: Forretress|Forretress, M|354\/354
|-activate|p2a: Forretress|move: Sticky Web
|-unboost|p2a: Forretress|spe|1
|turn|14
|
|move|p1a: Diegarde|Earthquake|p2a: Forretress
|-damage|p2a: Forretress|3\/354
|move|p2a: Forretress|Rapid Spin|p1a: Diegarde
|-damage|p1a: Diegarde|17\/397
|-sideend|p2: ThePotatoFairy|Sticky Web|[from] move: Rapid Spin|[of] p2a: Forretress
|
|-heal|p2a: Forretress|25\/354|[from] item: Leftovers
|turn|15
|
|move|p1a: Diegarde|Extreme Speed|p2a: Forretress
|-resisted|p2a: Forretress
|-damage|p2a: Forretress|0 fnt
|faint|p2a: Forretress
|
|-message|ThePotatoFairy forfeited.
|
|win|HappyK
|raw|Ladder updating...
|leave|ThePotatoFairy
|player|p2
|c|âHappyK|get rekt