|join|aazamhz
|join|Miror D
|player|p1|aazamhz|3
|player|p2|Miror D|273
|gametype|singles
|gen|6
|tier|UU
|rated
|rule|Sleep Clause Mod: Limit one foe put to sleep
|rule|Species Clause: Limit one of each PokÃ©mon
|rule|OHKO Clause: OHKO moves are banned
|rule|Moody Clause: Moody is banned
|rule|Evasion Moves Clause: Evasion moves are banned
|rule|Endless Battle Clause: Forcing endless battles is banned
|rule|HP Percentage Mod: HP is shown in percentages
|clearpoke
|poke|p1|Porygon-Z, shiny
|poke|p1|Darmanitan, M
|poke|p1|Blissey, F
|poke|p1|Haxorus, F, shiny
|poke|p1|Jirachi
|poke|p1|Alakazam, M
|poke|p2|Durant, M
|poke|p2|Gogoat, M
|poke|p2|Infernape, F
|poke|p2|Jellicent, F
|poke|p2|Milotic, M
|poke|p2|Donphan, M
|rule|Swagger Clause: Swagger is banned
|rule|Baton Pass Clause: Limit one PokÃ©mon knowing Baton Pass
|teampreview
|
|start
|switch|p1a: Alakazam|Alakazam, M|251\/251
|switch|p2a: Donphan|Donphan, M|384\/384
|turn|1
|
|detailschange|p1a: Alakazam|Alakazam-Mega, M
|message|Alakazam has Mega Evolved into Mega Alakazam!
|-ability|p1a: Alakazam|Sturdy|[from] ability: Trace|[of] p2a: Donphan
|move|p1a: Alakazam|Energy Ball|p2a: Donphan
|-supereffective|p2a: Donphan
|-activate|p2a: Donphan|Sturdy
|-damage|p2a: Donphan|1\/384
|move|p2a: Donphan|Earthquake|p1a: Alakazam
|-crit|p1a: Alakazam
|-activate|p1a: Alakazam|Sturdy
|-damage|p1a: Alakazam|1\/251
|
|-heal|p2a: Donphan|25\/384|[from] item: Leftovers
|turn|2
|
|move|p2a: Donphan|Ice Shard|p1a: Alakazam
|-damage|p1a: Alakazam|0 fnt
|faint|p1a: Alakazam
|
|-heal|p2a: Donphan|49\/384|[from] item: Leftovers
|
|switch|p1a: Porygon-Z|Porygon-Z, shiny|312\/312
|turn|3
|
|switch|p2a: Jellicent|Jellicent, F|391\/391
|move|p1a: Porygon-Z|Nasty Plot|p1a: Porygon-Z
|-boost|p1a: Porygon-Z|spa|2
|
|turn|4
|
|move|p1a: Porygon-Z|Dark Pulse|p2a: Jellicent
|-supereffective|p2a: Jellicent
|-damage|p2a: Jellicent|37\/391
|-damage|p1a: Porygon-Z|281\/312|[from] item: Life Orb
|cant|p2a: Jellicent|flinch
|
|-heal|p2a: Jellicent|61\/391|[from] item: Leftovers
|turn|5
|
|move|p1a: Porygon-Z|Dark Pulse|p2a: Jellicent
|-supereffective|p2a: Jellicent
|-damage|p2a: Jellicent|0 fnt
|-damage|p1a: Porygon-Z|250\/312|[from] item: Life Orb
|faint|p2a: Jellicent
|
|
|switch|p2a: Infernape|Infernape, F|293\/293
|turn|6
|
|switch|p1a: Blissey|Blissey, F|651\/651
|move|p2a: Infernape|Close Combat|p1a: Blissey
|-supereffective|p1a: Blissey
|-damage|p1a: Blissey|0 fnt
|-unboost|p2a: Infernape|def|1
|-unboost|p2a: Infernape|spd|1
|-damage|p2a: Infernape|264\/293|[from] item: Life Orb
|faint|p1a: Blissey
|
|
|switch|p1a: Jirachi|Jirachi|404\/404
|turn|7
|
|move|p2a: Infernape|U-turn|p1a: Jirachi
|-damage|p1a: Jirachi|316\/404
|-damage|p2a: Infernape|235\/293|[from] item: Life Orb
|
|switch|p2a: Durant|Durant, M|257\/257
|move|p1a: Jirachi|Body Slam|p2a: Durant
|-resisted|p2a: Durant
|-damage|p2a: Durant|225\/257
|
|-heal|p2a: Durant|241\/257|[from] item: Leftovers
|-heal|p1a: Jirachi|341\/404|[from] item: Leftovers
|turn|8
|
|move|p2a: Durant|Thunder Wave|p1a: Jirachi
|-status|p1a: Jirachi|par
|move|p1a: Jirachi|Body Slam|p2a: Durant
|-resisted|p2a: Durant
|-damage|p2a: Durant|207\/257
|-status|p2a: Durant|par
|
|-heal|p2a: Durant|223\/257 par|[from] item: Leftovers
|-heal|p1a: Jirachi|366\/404 par|[from] item: Leftovers
|turn|9
|
|switch|p2a: Gogoat|Gogoat, M|441\/441
|cant|p1a: Jirachi|par
|
|-heal|p1a: Jirachi|391\/404 par|[from] item: Leftovers
|turn|10
|
|move|p2a: Gogoat|Substitute|p2a: Gogoat
|-start|p2a: Gogoat|Substitute
|-damage|p2a: Gogoat|331\/441
|move|p1a: Jirachi|Wish|p1a: Jirachi
|
|-heal|p2a: Gogoat|358\/441|[from] item: Leftovers
|-heal|p1a: Jirachi|404\/404 par|[from] item: Leftovers
|turn|11
|
|switch|p1a: Porygon-Z|Porygon-Z, shiny|250\/312
|move|p2a: Gogoat|Leech Seed|p1a: Porygon-Z
|-start|p1a: Porygon-Z|move: Leech Seed
|
|-heal|p1a: Porygon-Z|312\/312|[from] move: Wish|[wisher] Jirachi
|-heal|p2a: Gogoat|385\/441|[from] item: Leftovers
|-damage|p1a: Porygon-Z|273\/312|[from] Leech Seed|[of] p2a: Gogoat
|-heal|p2a: Gogoat|424\/441|[silent]
|turn|12
|
|move|p1a: Porygon-Z|Tri Attack|p2a: Gogoat
|-crit|p2a: Gogoat
|-end|p2a: Gogoat|Substitute
|-damage|p1a: Porygon-Z|242\/312|[from] item: Life Orb
|move|p2a: Gogoat|Bulk Up|p2a: Gogoat
|-boost|p2a: Gogoat|atk|1
|-boost|p2a: Gogoat|def|1
|
|-heal|p2a: Gogoat|441\/441|[from] item: Leftovers
|-damage|p1a: Porygon-Z|203\/312|[from] Leech Seed|[of] p2a: Gogoat
|turn|13
|
|move|p1a: Porygon-Z|Nasty Plot|p1a: Porygon-Z
|-boost|p1a: Porygon-Z|spa|2
|move|p2a: Gogoat|Substitute|p2a: Gogoat
|-start|p2a: Gogoat|Substitute
|-damage|p2a: Gogoat|331\/441
|
|-heal|p2a: Gogoat|358\/441|[from] item: Leftovers
|-damage|p1a: Porygon-Z|164\/312|[from] Leech Seed|[of] p2a: Gogoat
|-heal|p2a: Gogoat|397\/441|[silent]
|turn|14
|
|move|p1a: Porygon-Z|Tri Attack|p2a: Gogoat
|-end|p2a: Gogoat|Substitute
|-damage|p1a: Porygon-Z|133\/312|[from] item: Life Orb
|move|p2a: Gogoat|Substitute|p2a: Gogoat
|-start|p2a: Gogoat|Substitute
|-damage|p2a: Gogoat|287\/441
|
|-heal|p2a: Gogoat|314\/441|[from] item: Leftovers
|-damage|p1a: Porygon-Z|94\/312|[from] Leech Seed|[of] p2a: Gogoat
|-heal|p2a: Gogoat|353\/441|[silent]
|turn|15
|
|move|p1a: Porygon-Z|Tri Attack|p2a: Gogoat
|-end|p2a: Gogoat|Substitute
|-damage|p1a: Porygon-Z|63\/312|[from] item: Life Orb
|move|p2a: Gogoat|Substitute|p2a: Gogoat
|-start|p2a: Gogoat|Substitute
|-damage|p2a: Gogoat|243\/441
|
|-heal|p2a: Gogoat|270\/441|[from] item: Leftovers
|-damage|p1a: Porygon-Z|24\/312|[from] Leech Seed|[of] p2a: Gogoat
|-heal|p2a: Gogoat|309\/441|[silent]
|turn|16
|
|switch|p1a: Darmanitan|Darmanitan, M|352\/352
|move|p2a: Gogoat|Substitute|p2a: Gogoat
|-fail|p2a: Gogoat|move: Substitute
|
|-heal|p2a: Gogoat|336\/441|[from] item: Leftovers
|turn|17
|
|move|p1a: Darmanitan|Flare Blitz|p2a: Gogoat
|-supereffective|p2a: Gogoat
|-end|p2a: Gogoat|Substitute
|-damage|p1a: Darmanitan|316\/352|[from] recoil|[of] p2a: Gogoat
|move|p2a: Gogoat|Leech Seed|p1a: Darmanitan
|-start|p1a: Darmanitan|move: Leech Seed
|
|-heal|p2a: Gogoat|363\/441|[from] item: Leftovers
|-damage|p1a: Darmanitan|272\/352|[from] Leech Seed|[of] p2a: Gogoat
|-heal|p2a: Gogoat|407\/441|[silent]
|turn|18
|
|switch|p2a: Milotic|Milotic, M|332\/332
|move|p1a: Darmanitan|Flare Blitz|p2a: Milotic
|-resisted|p2a: Milotic
|-damage|p2a: Milotic|149\/332
|-damage|p1a: Darmanitan|212\/352|[from] recoil|[of] p2a: Milotic
|
|-damage|p1a: Darmanitan|168\/352|[from] Leech Seed|[of] p2a: Milotic
|-heal|p2a: Milotic|193\/332|[silent]
|turn|19
|
|move|p1a: Darmanitan|Flare Blitz|p2a: Milotic
|-resisted|p2a: Milotic
|-damage|p2a: Milotic|12\/332
|-damage|p1a: Darmanitan|108\/352|[from] recoil|[of] p2a: Milotic
|move|p2a: Milotic|Brine|p1a: Darmanitan
|-supereffective|p1a: Darmanitan
|-damage|p1a: Darmanitan|0 fnt
|faint|p1a: Darmanitan
|
|
|switch|p1a: Porygon-Z|Porygon-Z, shiny|24\/312
|turn|20
|
|move|p2a: Milotic|Brine|p1a: Porygon-Z
|-damage|p1a: Porygon-Z|0 fnt
|faint|p1a: Porygon-Z
|
|
|switch|p1a: Haxorus|Haxorus, F, shiny|293\/293
|-ability|p1a: Haxorus|Unnerve|p2: Miror D
|turn|21
|
|switch|p2a: Durant|Durant, M|223\/257 par
|move|p1a: Haxorus|Dragon Dance|p1a: Haxorus
|-boost|p1a: Haxorus|atk|1
|-boost|p1a: Haxorus|spe|1
|
|-heal|p2a: Durant|239\/257 par|[from] item: Leftovers
|turn|22
|
|move|p1a: Haxorus|Dragon Dance|p1a: Haxorus
|-boost|p1a: Haxorus|atk|1
|-boost|p1a: Haxorus|spe|1
|move|p2a: Durant|Entrainment|p1a: Haxorus
|-ability|p1a: Haxorus|truant|[from] move: Entrainment
|
|-heal|p2a: Durant|255\/257 par|[from] item: Leftovers
|turn|23
|
|move|p1a: Haxorus|Outrage|p2a: Durant
|-resisted|p2a: Durant
|-damage|p2a: Durant|63\/257 par
|cant|p2a: Durant|ability: Truant|Thunder Wave
|
|-heal|p2a: Durant|79\/257 par|[from] item: Leftovers
|turn|24
|
|cant|p1a: Haxorus|ability: Truant|Outrage
|move|p2a: Durant|Thunder Wave|p1a: Haxorus
|-status|p1a: Haxorus|par
|-enditem|p1a: Haxorus|Lum Berry|[eat]
|-curestatus|p1a: Haxorus|par
|
|-end|p1a: Haxorus|rampage
|-start|p1a: Haxorus|confusion
|-heal|p2a: Durant|95\/257 par|[from] item: Leftovers
|turn|25
|
|-activate|p1a: Haxorus|confusion
|-damage|p1a: Haxorus|163\/293|[from] confusion
|cant|p2a: Durant|ability: Truant|Thunder Wave
|
|-heal|p2a: Durant|111\/257 par|[from] item: Leftovers
|turn|26
|
|cant|p1a: Haxorus|ability: Truant|Outrage
|move|p2a: Durant|Thunder Wave|p1a: Haxorus
|-status|p1a: Haxorus|par
|
|-heal|p2a: Durant|127\/257 par|[from] item: Leftovers
|turn|27
|
|cant|p1a: Haxorus|par
|cant|p2a: Durant|ability: Truant|Iron Head
|
|-heal|p2a: Durant|143\/257 par|[from] item: Leftovers
|turn|28
|
|cant|p1a: Haxorus|ability: Truant|Outrage
|move|p2a: Durant|Iron Head|p1a: Haxorus
|-damage|p1a: Haxorus|49\/293 par
|
|-heal|p2a: Durant|159\/257 par|[from] item: Leftovers
|turn|29
|
|cant|p1a: Haxorus|par
|cant|p2a: Durant|ability: Truant|Iron Head
|
|-heal|p2a: Durant|175\/257 par|[from] item: Leftovers
|turn|30
|
|cant|p1a: Haxorus|ability: Truant|Outrage
|move|p2a: Durant|Iron Head|p1a: Haxorus
|-damage|p1a: Haxorus|0 fnt
|faint|p1a: Haxorus
|
|-heal|p2a: Durant|191\/257 par|[from] item: Leftovers
|
|switch|p1a: Jirachi|Jirachi|404\/404 par
|turn|31
|c|âMiror D|JOKES
|-message|aazamhz forfeited.
|leave|aazamhz
|
|win|Miror D
|raw|Ladder updating...
|player|p1
|raw|aazamhz's rating: 1366 &rarr; <strong>1350<\/strong><br \/>(-16 for losing)
|raw|Miror D's rating: 1435 &rarr; <strong>1451<\/strong><br \/>(+16 for winning)