|join|Miss Noob
|join|Miror D
|player|p1|Miss Noob|266
|player|p2|Miror D|273
|gametype|singles
|gen|6
|tier|UU
|rated
|rule|Sleep Clause Mod: Limit one foe put to sleep
|rule|Species Clause: Limit one of each PokÃ©mon
|rule|OHKO Clause: OHKO moves are banned
|rule|Moody Clause: Moody is banned
|rule|Evasion Moves Clause: Evasion moves are banned
|rule|Endless Battle Clause: Forcing endless battles is banned
|rule|HP Percentage Mod: HP is shown in percentages
|clearpoke
|poke|p1|Fletchinder, F, shiny
|poke|p1|Raikou, shiny
|poke|p1|Absol, M
|poke|p1|Donphan, M
|poke|p1|Flygon, F
|poke|p1|Uxie
|poke|p2|Celebi
|poke|p2|Cobalion
|poke|p2|Snorlax, F
|poke|p2|Rotom-Heat
|poke|p2|Drifblim, F
|poke|p2|Empoleon, F
|rule|Swagger Clause: Swagger is banned
|rule|Baton Pass Clause: Limit one PokÃ©mon knowing Baton Pass
|teampreview
|
|start
|switch|p1a: D-Angelo|Absol, M|271\/271
|switch|p2a: Empoleon|Empoleon, F|372\/372
|turn|1
|
|detailschange|p1a: D-Angelo|Absol-Mega, M
|message|Absol has Mega Evolved into Mega Absol!
|move|p2a: Empoleon|Aqua Jet|p1a: D-Angelo
|-damage|p1a: D-Angelo|154\/271
|-damage|p2a: Empoleon|335\/372|[from] item: Life Orb
|move|p1a: D-Angelo|Will-O-Wisp|p2a: Empoleon
|-status|p2a: Empoleon|brn
|
|-damage|p2a: Empoleon|289\/372 brn|[from] brn
|turn|2
|
|move|p1a: D-Angelo|Protect|p1a: D-Angelo
|-singleturn|p1a: D-Angelo|Protect
|move|p2a: Empoleon|Ice Beam|p1a: D-Angelo
|-activate|p1a: D-Angelo|Protect
|
|-damage|p2a: Empoleon|243\/372 brn|[from] brn
|turn|3
|
|switch|p1a: Uzzi|Uxie|353\/353
|move|p2a: Empoleon|Ice Beam|p1a: Uzzi
|-damage|p1a: Uzzi|284\/353
|-damage|p2a: Empoleon|206\/372 brn|[from] item: Life Orb
|
|-heal|p1a: Uzzi|306\/353|[from] item: Leftovers
|-damage|p2a: Empoleon|160\/372 brn|[from] brn
|turn|4
|
|move|p1a: Uzzi|Stealth Rock|p2a: Empoleon
|-sidestart|p2: Miror D|move: Stealth Rock
|move|p2a: Empoleon|Knock Off|p1a: Uzzi
|-supereffective|p1a: Uzzi
|-damage|p1a: Uzzi|215\/353
|-enditem|p1a: Uzzi|Leftovers|[from] move: Knock Off|[of] p2a: Empoleon
|-damage|p2a: Empoleon|123\/372 brn|[from] item: Life Orb
|
|-damage|p2a: Empoleon|77\/372 brn|[from] brn
|turn|5
|
|switch|p2a: Celebi|Celebi|396\/396
|-damage|p2a: Celebi|347\/396|[from] Stealth Rock
|move|p1a: Uzzi|Knock Off|p2a: Celebi
|-supereffective|p2a: Celebi
|-damage|p2a: Celebi|215\/396
|-enditem|p2a: Celebi|Leftovers|[from] move: Knock Off|[of] p1a: Uzzi
|
|turn|6
|
|move|p2a: Celebi|Stealth Rock|p1a: Uzzi
|-sidestart|p1: Miss Noob|move: Stealth Rock
|move|p1a: Uzzi|U-turn|p2a: Celebi
|-supereffective|p2a: Celebi
|-damage|p2a: Celebi|39\/396
|
|switch|p1a: Rodolfo|Donphan, M|383\/383
|-damage|p1a: Rodolfo|360\/383|[from] Stealth Rock
|
|-heal|p1a: Rodolfo|383\/383|[from] item: Leftovers
|turn|7
|
|move|p1a: Rodolfo|Ice Shard|p2a: Celebi
|-supereffective|p2a: Celebi
|-damage|p2a: Celebi|0 fnt
|faint|p2a: Celebi
|
|
|switch|p2a: Empoleon|Empoleon, F|77\/372 brn
|-damage|p2a: Empoleon|54\/372 brn|[from] Stealth Rock
|turn|8
|
|switch|p1a: Uzzi|Uxie|215\/353
|-damage|p1a: Uzzi|171\/353|[from] Stealth Rock
|move|p2a: Empoleon|Aqua Jet|p1a: Uzzi
|-damage|p1a: Uzzi|131\/353
|-damage|p2a: Empoleon|17\/372 brn|[from] item: Life Orb
|
|-damage|p2a: Empoleon|0 fnt|[from] brn
|faint|p2a: Empoleon
|
|switch|p2a: Drifblim|Drifblim, F|442\/442
|-damage|p2a: Drifblim|332\/442|[from] Stealth Rock
|turn|9
|
|move|p2a: Drifblim|Substitute|p2a: Drifblim
|-start|p2a: Drifblim|Substitute
|-damage|p2a: Drifblim|222\/442
|move|p1a: Uzzi|Knock Off|p2a: Drifblim
|-supereffective|p2a: Drifblim
|-end|p2a: Drifblim|Substitute
|
|turn|10
|
|move|p2a: Drifblim|Substitute|p2a: Drifblim
|-start|p2a: Drifblim|Substitute
|-damage|p2a: Drifblim|112\/442
|move|p1a: Uzzi|Knock Off|p2a: Drifblim
|-crit|p2a: Drifblim
|-supereffective|p2a: Drifblim
|-end|p2a: Drifblim|Substitute
|
|turn|11
|
|move|p2a: Drifblim|Substitute|p2a: Drifblim
|-start|p2a: Drifblim|Substitute
|-damage|p2a: Drifblim|2\/442
|-enditem|p2a: Drifblim|Liechi Berry|[eat]
|-boost|p2a: Drifblim|atk|1|[from] item: Liechi Berry
|move|p1a: Uzzi|Yawn|p2a: Drifblim
|
|turn|12
|
|move|p2a: Drifblim|Acrobatics|p1a: Uzzi
|-damage|p1a: Uzzi|0 fnt
|faint|p1a: Uzzi
|
|
|switch|p1a: Rodolfo|Donphan, M|383\/383
|-damage|p1a: Rodolfo|360\/383|[from] Stealth Rock
|turn|13
|
|move|p2a: Drifblim|Acrobatics|p1a: Rodolfo
|-damage|p1a: Rodolfo|191\/383
|move|p1a: Rodolfo|Roar|p2a: Drifblim
|drag|p2a: Rotom-Heat|Rotom-Heat|303\/303
|-damage|p2a: Rotom-Heat|228\/303|[from] Stealth Rock
|
|-heal|p2a: Rotom-Heat|246\/303|[from] item: Leftovers
|-heal|p1a: Rodolfo|214\/383|[from] item: Leftovers
|turn|14
|
|move|p2a: Rotom-Heat|Overheat|p1a: Rodolfo
|-damage|p1a: Rodolfo|1\/383
|-unboost|p2a: Rotom-Heat|spa|2
|move|p1a: Rodolfo|Rapid Spin|p2a: Rotom-Heat
|-damage|p2a: Rotom-Heat|229\/303
|-sideend|p1: Miss Noob|Stealth Rock|[from] move: Rapid Spin|[of] p1a: Rodolfo
|
|-heal|p2a: Rotom-Heat|247\/303|[from] item: Leftovers
|-heal|p1a: Rodolfo|24\/383|[from] item: Leftovers
|turn|15
|
|switch|p1a: Bichona|Flygon, F|301\/301
|move|p2a: Rotom-Heat|Overheat|p1a: Bichona
|-resisted|p1a: Bichona
|-damage|p1a: Bichona|256\/301
|-unboost|p2a: Rotom-Heat|spa|2
|
|-heal|p2a: Rotom-Heat|265\/303|[from] item: Leftovers
|turn|16
|
|move|p1a: Bichona|U-turn|p2a: Rotom-Heat
|-resisted|p2a: Rotom-Heat
|-damage|p2a: Rotom-Heat|232\/303
|
|switch|p1a: 5|Fletchinder, F, shiny|327\/327
|move|p2a: Rotom-Heat|Will-O-Wisp|p1a: 5
|-fail|p1a: 5
|
|-heal|p2a: Rotom-Heat|250\/303|[from] item: Leftovers
|turn|17
|
|switch|p2a: Cobalion|Cobalion|323\/323
|-damage|p2a: Cobalion|313\/323|[from] Stealth Rock
|switch|p1a: D-Angelo|Absol-Mega, M|154\/271
|
|turn|18
|
|move|p2a: Cobalion|Close Combat|p1a: D-Angelo
|-supereffective|p1a: D-Angelo
|-damage|p1a: D-Angelo|0 fnt
|-unboost|p2a: Cobalion|def|1
|-unboost|p2a: Cobalion|spd|1
|faint|p1a: D-Angelo
|
|
|switch|p1a: 5|Fletchinder, F, shiny|327\/327
|turn|19
|
|switch|p2a: Drifblim|Drifblim, F|2\/442
|-damage|p2a: Drifblim|0 fnt|[from] Stealth Rock
|faint|p2a: Drifblim
|move|p1a: 5|Acrobatics|p2: Drifblim|[notarget]
|-notarget
|
|
|switch|p2a: Cobalion|Cobalion|313\/323
|-damage|p2a: Cobalion|303\/323|[from] Stealth Rock
|turn|20
|
|switch|p1a: Rodolfo|Donphan, M|24\/383
|move|p2a: Cobalion|Stone Edge|p1a: Rodolfo
|-resisted|p1a: Rodolfo
|-damage|p1a: Rodolfo|0 fnt
|faint|p1a: Rodolfo
|
|
|switch|p1a: Bichona|Flygon, F|256\/301
|turn|21
|
|move|p2a: Cobalion|Stone Edge|p1a: Bichona
|-resisted|p1a: Bichona
|-damage|p1a: Bichona|204\/301
|move|p1a: Bichona|Earthquake|p2a: Cobalion
|-supereffective|p2a: Cobalion
|-damage|p2a: Cobalion|73\/323
|
|turn|22
|
|switch|p2a: Rotom-Heat|Rotom-Heat|250\/303
|-damage|p2a: Rotom-Heat|175\/303|[from] Stealth Rock
|move|p1a: Bichona|Earthquake|p2a: Rotom-Heat
|-immune|p2a: Rotom-Heat|[msg]
|
|-heal|p2a: Rotom-Heat|193\/303|[from] item: Leftovers
|turn|23
|
|switch|p2a: Snorlax|Snorlax, F|501\/501
|-damage|p2a: Snorlax|439\/501|[from] Stealth Rock
|move|p1a: Bichona|Earthquake|p2a: Snorlax
|-damage|p2a: Snorlax|238\/501
|
|-heal|p2a: Snorlax|269\/501|[from] item: Leftovers
|turn|24
|
|move|p1a: Bichona|Earthquake|p2a: Snorlax
|-damage|p2a: Snorlax|77\/501
|move|p2a: Snorlax|Rest|p2a: Snorlax
|-status|p2a: Snorlax|slp
|-heal|p2a: Snorlax|501\/501 slp|[silent]
|-status|p2a: Snorlax|slp|[from] move: Rest
|
|turn|25
|
|switch|p1a: Musho|Raikou, shiny|322\/322
|-ability|p1a: Musho|Pressure
|switch|p2a: Rotom-Heat|Rotom-Heat|193\/303
|-damage|p2a: Rotom-Heat|118\/303|[from] Stealth Rock
|
|-heal|p2a: Rotom-Heat|136\/303|[from] item: Leftovers
|turn|26
|
|move|p1a: Musho|Substitute|p1a: Musho
|-start|p1a: Musho|Substitute
|-damage|p1a: Musho|242\/322
|move|p2a: Rotom-Heat|Pain Split|p1a: Musho
|
|-heal|p1a: Musho|262\/322|[from] item: Leftovers
|-heal|p2a: Rotom-Heat|154\/303|[from] item: Leftovers
|turn|27
|
|switch|p2a: Snorlax|Snorlax, F|501\/501 slp
|-damage|p2a: Snorlax|439\/501 slp|[from] Stealth Rock
|move|p1a: Musho|Calm Mind|p1a: Musho
|-boost|p1a: Musho|spa|1
|-boost|p1a: Musho|spd|1
|
|-heal|p1a: Musho|282\/322|[from] item: Leftovers
|-heal|p2a: Snorlax|470\/501 slp|[from] item: Leftovers
|turn|28
|
|move|p1a: Musho|Thunderbolt|p2a: Snorlax
|-damage|p2a: Snorlax|254\/501 slp
|cant|p2a: Snorlax|slp
|move|p2a: Snorlax|Sleep Talk|p2a: Snorlax
|move|p2a: Snorlax|Rest|p2a: Snorlax|[from]Sleep Talk
|-fail|p2a: Snorlax
|
|-heal|p1a: Musho|302\/322|[from] item: Leftovers
|-heal|p2a: Snorlax|285\/501 slp|[from] item: Leftovers
|turn|29
|
|move|p1a: Musho|Thunderbolt|p2a: Snorlax
|-damage|p2a: Snorlax|65\/501 slp
|cant|p2a: Snorlax|slp
|move|p2a: Snorlax|Sleep Talk|p2a: Snorlax
|move|p2a: Snorlax|Crunch|p1a: Musho|[from]Sleep Talk
|-end|p1a: Musho|Substitute
|
|-heal|p1a: Musho|322\/322|[from] item: Leftovers
|-heal|p2a: Snorlax|96\/501 slp|[from] item: Leftovers
|turn|30
|
|switch|p2a: Rotom-Heat|Rotom-Heat|154\/303
|-damage|p2a: Rotom-Heat|79\/303|[from] Stealth Rock
|move|p1a: Musho|Thunderbolt|p2a: Rotom-Heat
|-resisted|p2a: Rotom-Heat
|-damage|p2a: Rotom-Heat|0 fnt
|faint|p2a: Rotom-Heat
|
|
|switch|p2a: Cobalion|Cobalion|73\/323
|-damage|p2a: Cobalion|63\/323|[from] Stealth Rock
|turn|31
|
|move|p2a: Cobalion|Close Combat|p1a: Musho
|-damage|p1a: Musho|99\/322
|-unboost|p2a: Cobalion|def|1
|-unboost|p2a: Cobalion|spd|1
|move|p1a: Musho|Thunderbolt|p2a: Cobalion
|-damage|p2a: Cobalion|0 fnt
|faint|p2a: Cobalion
|
|-heal|p1a: Musho|119\/322|[from] item: Leftovers
|-message|Miror D forfeited.
|
|win|Miss Noob
|raw|Ladder updating...
|leave|Miror D
|player|p2
|raw|Miss Noob's rating: 1568 &rarr; <strong>1585<\/strong><br \/>(+17 for winning)
|raw|Miror D's rating: 1516 &rarr; <strong>1499<\/strong><br \/>(-17 for losing)
|c|âMiss Noob|gg