|join|Sweep
|join|Miror D
|player|p1|Sweep|213
|player|p2|Miror D|273
|gametype|singles
|gen|6
|tier|UU
|rated
|rule|Sleep Clause Mod: Limit one foe put to sleep
|rule|Species Clause: Limit one of each PokÃ©mon
|rule|OHKO Clause: OHKO moves are banned
|rule|Moody Clause: Moody is banned
|rule|Evasion Moves Clause: Evasion moves are banned
|rule|Endless Battle Clause: Forcing endless battles is banned
|rule|HP Percentage Mod: HP is shown in percentages
|clearpoke
|poke|p1|Yanmega, M
|poke|p1|Krookodile, M
|poke|p1|Blastoise, M
|poke|p1|Azelf
|poke|p1|Metagross
|poke|p1|Entei, shiny
|poke|p2|Blastoise, M
|poke|p2|Crobat, M
|poke|p2|Florges, F
|poke|p2|Lucario, F
|poke|p2|Shuckle, M
|poke|p2|Nidoking, M
|rule|Swagger Clause: Swagger is banned
|rule|Baton Pass Clause: Limit one PokÃ©mon knowing Baton Pass
|teampreview
|
|start
|switch|p1a: Azelf|Azelf|291\/291
|switch|p2a: Shuckle|Shuckle, M|244\/244
|turn|1
|
|move|p1a: Azelf|Stealth Rock|p2a: Shuckle
|-sidestart|p2: Miror D|move: Stealth Rock
|move|p2a: Shuckle|Wrap|p1a: Azelf
|-crit|p1a: Azelf
|-damage|p1a: Azelf|283\/291
|-activate|p1a: Azelf|move: Wrap|[of] p2a: Shuckle
|
|-damage|p1a: Azelf|247\/291|[from] move: Wrap|[partiallytrapped]
|turn|2
|
|move|p1a: Azelf|Taunt|p2a: Shuckle
|-start|p2a: Shuckle|move: Taunt
|cant|p2a: Shuckle|move: Taunt|Toxic
|
|-damage|p1a: Azelf|211\/291|[from] move: Wrap|[partiallytrapped]
|turn|3
|
|move|p1a: Azelf|Zen Headbutt|p2a: Shuckle
|-damage|p2a: Shuckle|171\/244
|move|p2a: Shuckle|Wrap|p1a: Azelf|[miss]
|-miss|p2a: Shuckle|p1a: Azelf
|
|-damage|p1a: Azelf|175\/291|[from] move: Wrap|[partiallytrapped]
|turn|4
|
|move|p1a: Azelf|Zen Headbutt|p2a: Shuckle
|-damage|p2a: Shuckle|102\/244
|move|p2a: Shuckle|Wrap|p1a: Azelf
|-damage|p1a: Azelf|170\/291
|
|-damage|p1a: Azelf|134\/291|[from] move: Wrap|[partiallytrapped]
|-end|p2a: Shuckle|move: Taunt
|turn|5
|
|move|p1a: Azelf|Taunt|p2a: Shuckle
|-start|p2a: Shuckle|move: Taunt
|cant|p2a: Shuckle|move: Taunt|Sticky Web
|
|-damage|p1a: Azelf|98\/291|[from] move: Wrap|[partiallytrapped]
|turn|6
|
|move|p1a: Azelf|Zen Headbutt|p2a: Shuckle
|-damage|p2a: Shuckle|41\/244
|move|p2a: Shuckle|Wrap|p1a: Azelf
|-damage|p1a: Azelf|93\/291
|
|-damage|p1a: Azelf|57\/291|[from] move: Wrap|[partiallytrapped]
|turn|7
|
|switch|p2a: Florges|Florges, F|360\/360
|-damage|p2a: Florges|315\/360|[from] Stealth Rock
|move|p1a: Azelf|Zen Headbutt|p2a: Florges
|-damage|p2a: Florges|195\/360
|
|-heal|p2a: Florges|217\/360|[from] item: Leftovers
|-end|p1a: Azelf|Wrap|[partiallytrapped]
|turn|8
|
|move|p1a: Azelf|Explosion|p2a: Florges
|-damage|p2a: Florges|0 fnt
|faint|p1a: Azelf
|faint|p2a: Florges
|
|
|switch|p1a: Blastoise|Blastoise, M|331\/331
|switch|p2a: Blastoise|Blastoise, M|344\/344
|-damage|p2a: Blastoise|301\/344|[from] Stealth Rock
|turn|9
|
|detailschange|p1a: Blastoise|Blastoise-Mega, M
|message|Blastoise has Mega Evolved into Mega Blastoise!
|detailschange|p2a: Blastoise|Blastoise-Mega, M
|message|Blastoise has Mega Evolved into Mega Blastoise!
|move|p1a: Blastoise|Dragon Pulse|p2a: Blastoise
|-damage|p2a: Blastoise|160\/344
|move|p2a: Blastoise|Aura Sphere|p1a: Blastoise
|-damage|p1a: Blastoise|180\/331
|
|turn|10
|
|move|p1a: Blastoise|Dragon Pulse|p2a: Blastoise
|-damage|p2a: Blastoise|6\/344
|move|p2a: Blastoise|Aura Sphere|p1a: Blastoise
|-damage|p1a: Blastoise|39\/331
|
|turn|11
|
|switch|p2a: Lucario|Lucario, F|281\/281
|-damage|p2a: Lucario|273\/281|[from] Stealth Rock
|move|p1a: Blastoise|Ice Beam|p2a: Lucario
|-resisted|p2a: Lucario
|-damage|p2a: Lucario|192\/281
|
|turn|12
|
|move|p2a: Lucario|Nasty Plot|p2a: Lucario
|-boost|p2a: Lucario|spa|2
|move|p1a: Blastoise|Hydro Pump|p2a: Lucario
|-damage|p2a: Lucario|0 fnt
|faint|p2a: Lucario
|
|
|switch|p2a: Nidoking|Nidoking, M|304\/304
|-damage|p2a: Nidoking|285\/304|[from] Stealth Rock
|turn|13
|
|move|p2a: Nidoking|Earth Power|p1a: Blastoise
|-damage|p1a: Blastoise|0 fnt
|faint|p1a: Blastoise
|
|
|switch|p1a: Krookodile|Krookodile, M|331\/331
|-ability|p1a: Krookodile|Intimidate|[of] p2a: Nidoking
|-unboost|p2a: Nidoking|atk|1
|turn|14
|
|switch|p2a: Blastoise|Blastoise-Mega, M|6\/344
|-damage|p2a: Blastoise|0 fnt|[from] Stealth Rock
|faint|p2a: Blastoise
|move|p1a: Krookodile|Knock Off|p2: Blastoise|[notarget]
|-notarget
|
|
|switch|p2a: Vento|Crobat, M|311\/311
|-damage|p2a: Vento|234\/311|[from] Stealth Rock
|turn|15
|
|move|p2a: Vento|U-turn|p1a: Krookodile
|-supereffective|p1a: Krookodile
|-damage|p1a: Krookodile|95\/331
|
|switch|p2a: Shuckle|Shuckle, M|41\/244
|-damage|p2a: Shuckle|0 fnt|[from] Stealth Rock
|faint|p2a: Shuckle
|move|p1a: Krookodile|Knock Off|p2: Shuckle|[notarget]
|-notarget
|
|
|switch|p2a: Vento|Crobat, M|234\/311
|-damage|p2a: Vento|157\/311|[from] Stealth Rock
|turn|16
|
|move|p2a: Vento|Brave Bird|p1a: Krookodile
|-damage|p1a: Krookodile|0 fnt
|-damage|p2a: Vento|126\/311|[from] recoil|[of] p1a: Krookodile
|faint|p1a: Krookodile
|
|
|switch|p1a: Entei|Entei, shiny|371\/371
|-ability|p1a: Entei|Pressure
|turn|17
|
|move|p1a: Entei|Extreme Speed|p2a: Vento
|-crit|p2a: Vento
|-damage|p2a: Vento|0 fnt
|faint|p2a: Vento
|
|
|switch|p2a: Nidoking|Nidoking, M|285\/304
|-damage|p2a: Nidoking|266\/304|[from] Stealth Rock
|turn|18
|
|move|p1a: Entei|Sacred Fire|p2a: Nidoking
|-damage|p2a: Nidoking|0 fnt
|faint|p2a: Nidoking
|
|win|Sweep
|raw|Ladder updating...
|raw|Sweep's rating: 1668 &rarr; <strong>1680<\/strong><br \/>(+12 for winning)
|raw|Miror D's rating: 1514 &rarr; <strong>1503<\/strong><br \/>(-11 for losing)