|join|Pocket Launcher
|join|Miror D
|player|p1|Pocket Launcher|150
|player|p2|Miror D|273
|gametype|singles
|gen|6
|tier|UU
|rated
|rule|Sleep Clause Mod: Limit one foe put to sleep
|rule|Species Clause: Limit one of each PokÃ©mon
|rule|OHKO Clause: OHKO moves are banned
|rule|Moody Clause: Moody is banned
|rule|Evasion Moves Clause: Evasion moves are banned
|rule|Endless Battle Clause: Forcing endless battles is banned
|rule|HP Percentage Mod: HP is shown in percentages
|clearpoke
|poke|p1|Jirachi
|poke|p1|Blastoise, M
|poke|p1|Mienshao, F, shiny
|poke|p1|Tangrowth, M
|poke|p1|Honchkrow, M
|poke|p1|Dragalge, M
|poke|p2|Mismagius, F
|poke|p2|Drifblim, F
|poke|p2|Snorlax, M
|poke|p2|Banette, F, shiny
|poke|p2|Gligar, F
|poke|p2|Registeel
|rule|Swagger Clause: Swagger is banned
|rule|Baton Pass Clause: Limit one PokÃ©mon knowing Baton Pass
|teampreview
|c|âMiror D|wanna play another match with me after?
|c|âMiror D|\/\/ Pocket Launcher
|c|âPocket Launcher|Hi
|c|âPocket Launcher|Sorry I canceled
|c|âPocket Launcher|But it took me here anyway
|
|start
|switch|p1a: Kung Pow|Mienshao, F, shiny|271\/271
|switch|p2a: Gligar|Gligar, F|271\/271
|turn|1
|c|âPocket Launcher|Sure I can, in fact, I'd be glad to, Im gonna restructure my team a bit
|c|âMiror D|cool
|
|move|p1a: Kung Pow|U-turn|p2a: Gligar
|-resisted|p2a: Gligar
|-damage|p2a: Gligar|249\/271
|c|âMiror D|yeah im testing out a bunch of teams
|
|switch|p1a: Schwerer Gustaf|Blastoise, M|357\/357
|move|p2a: Gligar|Toxic|p1a: Schwerer Gustaf
|-status|p1a: Schwerer Gustaf|tox
|
|-damage|p1a: Schwerer Gustaf|335\/357 tox|[from] psn
|turn|2
|c|âMiror D|but my rating has suffered
|c|âPocket Launcher|That's why you create an alt :)
|c|âMiror D|but i want to play vs higher rated ppl :3
|
|switch|p2a: RegiStuDee|Registeel|301\/301
|detailschange|p1a: Schwerer Gustaf|Blastoise-Mega, M
|-mega|p1a: Schwerer Gustaf|Blastoise|Blastoisinite
|move|p1a: Schwerer Gustaf|Scald|p2a: RegiStuDee
|-damage|p2a: RegiStuDee|234\/301
|
|-damage|p1a: Schwerer Gustaf|291\/357 tox|[from] psn
|turn|3
|c|âPocket Launcher|Well, you'll get there pretty fast
|c|âMiror D|thats true
|
|switch|p1a: Motherfucker|Jirachi|404\/404
|move|p2a: RegiStuDee|Stealth Rock|p1a: Motherfucker
|-sidestart|p1: Pocket Launcher|move: Stealth Rock
|
|turn|4
|
|move|p1a: Motherfucker|Stealth Rock|p2a: RegiStuDee
|-sidestart|p2: Miror D|move: Stealth Rock
|move|p2a: RegiStuDee|Thunder Wave|p1a: Motherfucker
|-status|p1a: Motherfucker|par
|
|turn|5
|
|switch|p2a: D-Blim|Drifblim, F|442\/442
|-damage|p2a: D-Blim|332\/442|[from] Stealth Rock
|move|p1a: Motherfucker|U-turn|p2a: D-Blim
|-resisted|p2a: D-Blim
|-damage|p2a: D-Blim|305\/442
|
|switch|p1a: Dragalge|Dragalge, M|321\/321
|-damage|p1a: Dragalge|281\/321|[from] Stealth Rock
|
|turn|6
|
|move|p2a: D-Blim|Substitute|p2a: D-Blim
|-start|p2a: D-Blim|Substitute
|-damage|p2a: D-Blim|195\/442
|move|p1a: Dragalge|Draco Meteor|p2a: D-Blim
|-end|p2a: D-Blim|Substitute
|-unboost|p1a: Dragalge|spa|2
|
|turn|7
|
|move|p2a: D-Blim|Substitute|p2a: D-Blim
|-start|p2a: D-Blim|Substitute
|-damage|p2a: D-Blim|85\/442
|-enditem|p2a: D-Blim|Liechi Berry|[eat]
|-boost|p2a: D-Blim|atk|1|[from] item: Liechi Berry
|move|p1a: Dragalge|Draco Meteor|p2a: D-Blim
|-end|p2a: D-Blim|Substitute
|-unboost|p1a: Dragalge|spa|2
|
|turn|8
|
|switch|p1a: Schwerer Gustaf|Blastoise-Mega, M|291\/357 tox
|-damage|p1a: Schwerer Gustaf|247\/357 tox|[from] Stealth Rock
|move|p2a: D-Blim|Acrobatics|p1a: Schwerer Gustaf
|-damage|p1a: Schwerer Gustaf|90\/357 tox
|
|-damage|p1a: Schwerer Gustaf|68\/357 tox|[from] psn
|turn|9
|
|move|p2a: D-Blim|Acrobatics|p1a: Schwerer Gustaf
|-damage|p1a: Schwerer Gustaf|0 fnt
|faint|p1a: Schwerer Gustaf
|
|
|switch|p1a: Honchkrow|Honchkrow, M|341\/341
|-damage|p1a: Honchkrow|256\/341|[from] Stealth Rock
|turn|10
|
|move|p1a: Honchkrow|Sucker Punch|p2a: D-Blim
|-fail|p2a: D-Blim
|move|p2a: D-Blim|Destiny Bond|p2a: D-Blim
|-singlemove|p2a: D-Blim|Destiny Bond
|
|turn|11
|
|move|p1a: Honchkrow|Sucker Punch|p2a: D-Blim
|-supereffective|p2a: D-Blim
|-damage|p2a: D-Blim|0 fnt
|-damage|p1a: Honchkrow|222\/341|[from] item: Life Orb
|faint|p2a: D-Blim
|-activate|p2a: D-Blim|Destiny Bond
|faint|p1a: Honchkrow
|
|c|âPocket Launcher|Cancel button, y u no work!
|c|âMiror D|:\/
|
|switch|p2a: Lord of D|Mismagius, F|261\/261
|switch|p1a: Noodle Wall|Tangrowth, M|404\/404
|-damage|p2a: Lord of D|229\/261|[from] Stealth Rock
|-damage|p1a: Noodle Wall|354\/404|[from] Stealth Rock
|turn|12
|
|switch|p2a: RegiStuDee|Registeel|234\/301
|-damage|p2a: RegiStuDee|216\/301|[from] Stealth Rock
|move|p1a: Noodle Wall|Knock Off|p2a: RegiStuDee
|-damage|p2a: RegiStuDee|164\/301
|-enditem|p2a: RegiStuDee|Chesto Berry|[from] move: Knock Off|[of] p1a: Noodle Wall
|
|turn|13
|
|switch|p1a: Dragalge|Dragalge, M|281\/321
|-damage|p1a: Dragalge|241\/321|[from] Stealth Rock
|move|p2a: RegiStuDee|Thunder Wave|p1a: Dragalge
|-status|p1a: Dragalge|par
|
|turn|14
|
|move|p2a: RegiStuDee|Seismic Toss|p1a: Dragalge
|-damage|p1a: Dragalge|141\/321 par
|cant|p1a: Dragalge|par
|
|turn|15
|
|move|p2a: RegiStuDee|Seismic Toss|p1a: Dragalge
|-damage|p1a: Dragalge|41\/321 par
|move|p1a: Dragalge|Focus Blast|p2a: RegiStuDee
|-supereffective|p2a: RegiStuDee
|-damage|p2a: RegiStuDee|0 fnt
|faint|p2a: RegiStuDee
|
|
|switch|p2a: Derrick|Banette, F, shiny|270\/270
|-damage|p2a: Derrick|237\/270|[from] Stealth Rock
|-item|p1a: Dragalge|Choice Specs|[from] ability: Frisk|[of] p2a: Derrick|[identify]
|turn|16
|
|switch|p1a: Motherfucker|Jirachi|404\/404 par
|-damage|p1a: Motherfucker|379\/404 par|[from] Stealth Rock
|detailschange|p2a: Derrick|Banette-Mega, F, shiny
|-mega|p2a: Derrick|Banette|Banettite
|move|p2a: Derrick|Knock Off|p1a: Motherfucker
|-supereffective|p1a: Motherfucker
|-damage|p1a: Motherfucker|71\/404 par
|-enditem|p1a: Motherfucker|Leftovers|[from] move: Knock Off|[of] p2a: Derrick
|
|turn|17
|
|move|p2a: Derrick|Shadow Claw|p1a: Motherfucker
|-supereffective|p1a: Motherfucker
|-damage|p1a: Motherfucker|0 fnt
|faint|p1a: Motherfucker
|
|
|switch|p1a: Kung Pow|Mienshao, F, shiny|271\/271
|-damage|p1a: Kung Pow|255\/271|[from] Stealth Rock
|turn|18
|
|move|p2a: Derrick|Destiny Bond|p2a: Derrick
|-singlemove|p2a: Derrick|Destiny Bond
|move|p1a: Kung Pow|Knock Off|p2a: Derrick
|-crit|p2a: Derrick
|-supereffective|p2a: Derrick
|-damage|p2a: Derrick|0 fnt
|faint|p2a: Derrick
|-activate|p2a: Derrick|Destiny Bond
|faint|p1a: Kung Pow
|
|
|switch|p2a: Gligar|Gligar, F|249\/271
|switch|p1a: Noodle Wall|Tangrowth, M|404\/404
|-damage|p2a: Gligar|216\/271|[from] Stealth Rock
|-damage|p1a: Noodle Wall|354\/404|[from] Stealth Rock
|turn|19
|
|move|p2a: Gligar|Toxic|p1a: Noodle Wall|[miss]
|-miss|p2a: Gligar|p1a: Noodle Wall
|move|p1a: Noodle Wall|Hidden Power|p2a: Gligar
|-supereffective|p2a: Gligar
|-damage|p2a: Gligar|32\/271
|
|turn|20
|
|move|p2a: Gligar|Toxic|p1a: Noodle Wall
|-status|p1a: Noodle Wall|tox
|move|p1a: Noodle Wall|Knock Off|p2a: Gligar
|-damage|p2a: Gligar|0 fnt
|-enditem|p2a: Gligar|Eviolite|[from] move: Knock Off|[of] p1a: Noodle Wall
|faint|p2a: Gligar
|
|-damage|p1a: Noodle Wall|329\/404 tox|[from] psn
|
|switch|p2a: Papa D's|Snorlax, M|501\/501
|-damage|p2a: Papa D's|439\/501|[from] Stealth Rock
|turn|21
|
|move|p1a: Noodle Wall|Knock Off|p2a: Papa D's
|-damage|p2a: Papa D's|348\/501
|-enditem|p2a: Papa D's|Leftovers|[from] move: Knock Off|[of] p1a: Noodle Wall
|move|p2a: Papa D's|Return|p1a: Noodle Wall
|-damage|p1a: Noodle Wall|190\/404 tox
|
|-damage|p1a: Noodle Wall|140\/404 tox|[from] psn
|turn|22
|
|switch|p1a: Dragalge|Dragalge, M|41\/321 par
|-damage|p1a: Dragalge|1\/321 par|[from] Stealth Rock
|move|p2a: Papa D's|Return|p1a: Dragalge
|-damage|p1a: Dragalge|0 fnt
|faint|p1a: Dragalge
|
|c|âPocket Launcher|gg
|
|switch|p1a: Noodle Wall|Tangrowth, M|274\/404 tox
|-damage|p1a: Noodle Wall|224\/404 tox|[from] Stealth Rock
|turn|23
|c|âMiror D|gg
|
|move|p1a: Noodle Wall|Poison Jab|p2a: Papa D's
|-damage|p2a: Papa D's|269\/501
|move|p2a: Papa D's|Return|p1a: Noodle Wall
|-damage|p1a: Noodle Wall|76\/404 tox
|
|-damage|p1a: Noodle Wall|51\/404 tox|[from] psn
|turn|24
|c|âPocket Launcher|I'll revamp my team real quick, just need to change on team member
|
|switch|p2a: Lord of D|Mismagius, F|229\/261
|-damage|p2a: Lord of D|197\/261|[from] Stealth Rock
|move|p1a: Noodle Wall|Poison Jab|p2a: Lord of D
|-resisted|p2a: Lord of D
|-damage|p2a: Lord of D|153\/261
|
|-damage|p1a: Noodle Wall|1\/404 tox|[from] psn
|turn|25
|c|âMiror D|kay
|
|move|p2a: Lord of D|Destiny Bond|p2a: Lord of D
|-singlemove|p2a: Lord of D|Destiny Bond
|move|p1a: Noodle Wall|Knock Off|p2a: Lord of D
|-supereffective|p2a: Lord of D
|-damage|p2a: Lord of D|0 fnt
|-enditem|p2a: Lord of D|Choice Scarf|[from] move: Knock Off|[of] p1a: Noodle Wall
|faint|p2a: Lord of D
|-activate|p2a: Lord of D|Destiny Bond
|faint|p1a: Noodle Wall
|
|win|Miror D
|raw|Ladder updating...
|raw|Pocket Launcher's rating: 1439 &rarr; <strong>1416<\/strong><br \/>(-23 for losing)
|raw|Miror D's rating: 1390 &rarr; <strong>1413<\/strong><br \/>(+23 for winning)