|join|dudman
|join|Miror D
|player|p1|dudman|171
|player|p2|Miror D|273
|gametype|singles
|gen|6
|tier|UU
|rated
|rule|Sleep Clause Mod: Limit one foe put to sleep
|rule|Species Clause: Limit one of each PokÃ©mon
|rule|OHKO Clause: OHKO moves are banned
|rule|Moody Clause: Moody is banned
|rule|Evasion Moves Clause: Evasion moves are banned
|rule|Endless Battle Clause: Forcing endless battles is banned
|rule|HP Percentage Mod: HP is shown in percentages
|clearpoke
|poke|p1|Azelf
|poke|p1|Sharpedo, M
|poke|p1|Honchkrow, M
|poke|p1|Entei, shiny
|poke|p1|Celebi
|poke|p1|Haxorus, F
|poke|p2|Celebi
|poke|p2|Cobalion
|poke|p2|Snorlax, F
|poke|p2|Rotom-Heat
|poke|p2|Drifblim, M
|poke|p2|Empoleon, M
|rule|Swagger Clause: Swagger is banned
|rule|Baton Pass Clause: Limit one PokÃ©mon knowing Baton Pass
|teampreview
|
|start
|switch|p1a: Azelf|Azelf|291\/291
|switch|p2a: Empoleon|Empoleon, M|372\/372
|turn|1
|
|move|p1a: Azelf|Stealth Rock|p2a: Empoleon
|-sidestart|p2: Miror D|move: Stealth Rock
|move|p2a: Empoleon|Knock Off|p1a: Azelf
|-supereffective|p1a: Azelf
|-enditem|p1a: Azelf|Focus Sash
|-damage|p1a: Azelf|1\/291
|-damage|p2a: Empoleon|335\/372|[from] item: Life Orb
|
|turn|2
|
|switch|p1a: Haxorus|Haxorus, F|302\/302
|-ability|p1a: Haxorus|Mold Breaker
|move|p2a: Empoleon|Aqua Jet|p1a: Haxorus
|-resisted|p1a: Haxorus
|-damage|p1a: Haxorus|257\/302
|-damage|p2a: Empoleon|298\/372|[from] item: Life Orb
|
|turn|3
|
|move|p1a: Haxorus|Dragon Dance|p1a: Haxorus
|-boost|p1a: Haxorus|atk|1
|-boost|p1a: Haxorus|spe|1
|move|p2a: Empoleon|Ice Beam|p1a: Haxorus
|-supereffective|p1a: Haxorus
|-damage|p1a: Haxorus|0 fnt
|-damage|p2a: Empoleon|261\/372|[from] item: Life Orb
|faint|p1a: Haxorus
|
|
|switch|p1a: Celebi|Celebi|404\/404
|turn|4
|
|move|p1a: Celebi|Swords Dance|p1a: Celebi
|-boost|p1a: Celebi|atk|2
|move|p2a: Empoleon|Defog|p1a: Celebi
|-unboost|p1a: Celebi|evasion|1
|-sideend|p2: Miror D|Stealth Rock|[from] move: Defog|[of] p2a: Empoleon
|
|turn|5
|
|move|p1a: Celebi|Swords Dance|p1a: Celebi
|-boost|p1a: Celebi|atk|2
|move|p2a: Empoleon|Knock Off|p1a: Celebi
|-crit|p1a: Celebi
|-supereffective|p1a: Celebi
|-damage|p1a: Celebi|19\/404
|-enditem|p1a: Celebi|Weakness Policy
|-boost|p1a: Celebi|atk|2|[from] item: Weakness Policy
|-boost|p1a: Celebi|spa|2|[from] item: Weakness Policy
|-damage|p2a: Empoleon|224\/372|[from] item: Life Orb
|
|turn|6
|c|âdudman|srs
|
|move|p2a: Empoleon|Aqua Jet|p1a: Celebi
|-resisted|p1a: Celebi
|-damage|p1a: Celebi|0 fnt
|-damage|p2a: Empoleon|187\/372|[from] item: Life Orb
|faint|p1a: Celebi
|
|c|âMiror D|sorry
|c|âdudman|lool
|c|âMiror D|life orb empoleon 
|
|switch|p1a: Sharpedo|Sharpedo, M|281\/281
|turn|7
|
|move|p1a: Sharpedo|Crunch|p2a: Empoleon
|-damage|p2a: Empoleon|0 fnt
|-damage|p1a: Sharpedo|253\/281|[from] item: Life Orb
|faint|p2a: Empoleon
|
|-boost|p1a: Sharpedo|spe|1|[from] ability: Speed Boost
|
|switch|p2a: Cobalion|Cobalion|323\/323
|turn|8
|
|move|p2a: Cobalion|Close Combat|p1a: Sharpedo
|-supereffective|p1a: Sharpedo
|-damage|p1a: Sharpedo|0 fnt
|-unboost|p2a: Cobalion|def|1
|-unboost|p2a: Cobalion|spd|1
|faint|p1a: Sharpedo
|
|c|âMiror D|sorry
|
|switch|p1a: Entei|Entei, shiny|371\/371
|-ability|p1a: Entei|Pressure
|turn|9
|
|switch|p2a: Snorlax|Snorlax, F|501\/501
|move|p1a: Entei|Sacred Fire|p2a: Snorlax
|-damage|p2a: Snorlax|365\/501
|-damage|p1a: Entei|334\/371|[from] item: Life Orb
|
|-heal|p2a: Snorlax|396\/501|[from] item: Leftovers
|turn|10
|c|âdudman|this is aids
|-message|dudman forfeited.
|
|win|Miror D
|raw|Ladder updating...
|leave|dudman
|player|p1
|raw|dudman's rating: 1636 &rarr; <strong>1607<\/strong><br \/>(-29 for losing)
|raw|Miror D's rating: 1482 &rarr; <strong>1510<\/strong><br \/>(+28 for winning)