|join|Miror D
|join|Vaporeon for Ubers
|player|p1|Miror D|273
|player|p2|Vaporeon for Ubers|#cpgtan
|gametype|singles
|gen|6
|tier|UU
|rated
|rule|Sleep Clause Mod: Limit one foe put to sleep
|rule|Species Clause: Limit one of each PokÃ©mon
|rule|OHKO Clause: OHKO moves are banned
|rule|Moody Clause: Moody is banned
|rule|Evasion Moves Clause: Evasion moves are banned
|rule|Endless Battle Clause: Forcing endless battles is banned
|rule|HP Percentage Mod: HP is shown in percentages
|clearpoke
|poke|p1|Froslass, F
|poke|p1|Drifblim, M
|poke|p1|Snorlax, F
|poke|p1|Banette, F, shiny
|poke|p1|Gligar, F
|poke|p1|Registeel
|poke|p2|Roserade, M
|poke|p2|Vaporeon, M
|poke|p2|Raikou
|poke|p2|Forretress, M
|poke|p2|Beedrill, M
|poke|p2|Jirachi
|rule|Swagger Clause: Swagger is banned
|rule|Baton Pass Clause: Limit one PokÃ©mon knowing Baton Pass
|teampreview
|
|start
|switch|p1a: Froslass|Froslass, F|343\/343
|switch|p2a: Beedrill|Beedrill, M|271\/271
|turn|1
|
|detailschange|p2a: Beedrill|Beedrill-Mega, M
|-mega|p2a: Beedrill|Beedrill|Beedrillite
|move|p1a: Froslass|Frost Breath|p2a: Beedrill
|-crit|p2a: Beedrill
|-damage|p2a: Beedrill|160\/271
|move|p2a: Beedrill|Knock Off|p1a: Froslass
|-supereffective|p1a: Froslass
|-damage|p1a: Froslass|1\/343
|-start|p2a: Beedrill|Disable|Knock Off
|-enditem|p1a: Froslass|Focus Sash|[from] move: Knock Off|[of] p2a: Beedrill
|
|turn|2
|
|switch|p1a: Gligar|Gligar, F|325\/325
|move|p2a: Beedrill|U-turn|p1a: Gligar
|-resisted|p1a: Gligar
|-damage|p1a: Gligar|284\/325
|
|switch|p2a: Roserade|Roserade, M|261\/261
|
|turn|3
|
|switch|p1a: RegiStuDee|Registeel|362\/362
|move|p2a: Roserade|Sleep Powder|p1a: RegiStuDee
|-status|p1a: RegiStuDee|slp
|-enditem|p1a: RegiStuDee|Chesto Berry|[eat]
|-curestatus|p1a: RegiStuDee|slp
|
|turn|4
|join|deogenerate
|
|move|p2a: Roserade|Sleep Powder|p1a: RegiStuDee|[miss]
|-miss|p2a: Roserade|p1a: RegiStuDee
|move|p1a: RegiStuDee|Thunder Wave|p2a: Roserade
|-status|p2a: Roserade|par
|
|turn|5
|
|move|p1a: RegiStuDee|Stealth Rock|p2a: Roserade
|-sidestart|p2: Vaporeon for Ubers|move: Stealth Rock
|cant|p2a: Roserade|par
|
|turn|6
|c|âVaporeon for Ubers|i am enjoying this
|join|Matthew Marshall
|
|move|p1a: RegiStuDee|Seismic Toss|p2a: Roserade
|-damage|p2a: Roserade|161\/261 par
|move|p2a: Roserade|Spikes|p1a: RegiStuDee
|-sidestart|p1: Miror D|Spikes
|
|turn|7
|c|âMiror D|i love my team very much <3
|
|switch|p2a: Forretress|Forretress, M|354\/354
|-damage|p2a: Forretress|310\/354|[from] Stealth Rock
|move|p1a: RegiStuDee|Seismic Toss|p2a: Forretress
|-damage|p2a: Forretress|210\/354
|
|-heal|p2a: Forretress|232\/354|[from] item: Leftovers
|turn|8
|c|âVaporeon for Ubers|haha suck my ass <3
|c| deogenerate|good to know you love shit
|c| deogenerate|tbqh
|
|switch|p1a: Derrick|Banette, F, shiny|270\/270
|-damage|p1a: Derrick|237\/270|[from] Spikes
|-item|p2a: Forretress|Leftovers|[from] ability: Frisk|[of] p1a: Derrick|[identify]
|move|p2a: Forretress|Stealth Rock|p1a: Derrick
|-sidestart|p1: Miror D|move: Stealth Rock
|
|-heal|p2a: Forretress|254\/354|[from] item: Leftovers
|turn|9
|
|detailschange|p1a: Derrick|Banette-Mega, F, shiny
|-mega|p1a: Derrick|Banette|Banettite
|move|p1a: Derrick|Knock Off|p2a: Forretress
|-damage|p2a: Forretress|166\/354
|-enditem|p2a: Forretress|Leftovers|[from] move: Knock Off|[of] p1a: Derrick
|move|p2a: Forretress|Volt Switch|p1a: Derrick
|-damage|p1a: Derrick|191\/270
|c|âMiror D|woah your 11th
|c|âVaporeon for Ubers|what about my 11th
|
|switch|p2a: Raikou|Raikou|321\/321
|-damage|p2a: Raikou|281\/321|[from] Stealth Rock
|-ability|p2a: Raikou|Pressure
|
|turn|10
|c|âMiror D|no wonder all these people are joing this game
|c|âMiror D|I think your raikou is weak
|
|move|p1a: Derrick|Destiny Bond|p1a: Derrick
|-singlemove|p1a: Derrick|Destiny Bond
|move|p2a: Raikou|Thunderbolt|p1a: Derrick
|-damage|p1a: Derrick|4\/270
|
|turn|11
|c|âVaporeon for Ubers|I think your memes are dank
|c|âMiror D|dang this raikou is weak
|
|switch|p2a: Forretress|Forretress, M|166\/354
|-damage|p2a: Forretress|122\/354|[from] Stealth Rock
|move|p1a: Derrick|Knock Off|p2a: Forretress
|-crit|p2a: Forretress
|-damage|p2a: Forretress|32\/354
|
|turn|12
|c|âVaporeon for Ubers|nice crit :}}]}}}}}}]]}
|
|move|p1a: Derrick|Shadow Claw|p2a: Forretress
|-damage|p2a: Forretress|0 fnt
|faint|p2a: Forretress
|
|c|âMiror D|thanks i trained him well
|
|switch|p2a: Roserade|Roserade, M|161\/261
|-damage|p2a: Roserade|129\/261|[from] Stealth Rock
|turn|13
|
|move|p2a: Roserade|Sleep Powder|p1a: Derrick
|-status|p1a: Derrick|slp
|cant|p1a: Derrick|slp
|
|turn|14
|
|switch|p1a: RegiStuDee|Registeel|362\/362
|-damage|p1a: RegiStuDee|317\/362|[from] Spikes
|-damage|p1a: RegiStuDee|295\/362|[from] Stealth Rock
|move|p2a: Roserade|Giga Drain|p1a: RegiStuDee
|-resisted|p1a: RegiStuDee
|-damage|p1a: RegiStuDee|246\/362
|-heal|p2a: Roserade|154\/261|[from] drain|[of] p1a: RegiStuDee
|-damage|p2a: Roserade|128\/261|[from] item: Life Orb
|
|turn|15
|
|switch|p2a: Raikou|Raikou|281\/321
|-damage|p2a: Raikou|241\/321|[from] Stealth Rock
|-ability|p2a: Raikou|Pressure
|move|p1a: RegiStuDee|Thunder Wave|p2a: Raikou
|-fail|p2a: Raikou
|
|turn|16
|join|chechote
|
|move|p2a: Raikou|Thunderbolt|p1a: RegiStuDee
|-damage|p1a: RegiStuDee|173\/362
|move|p1a: RegiStuDee|Seismic Toss|p2a: Raikou
|-damage|p2a: Raikou|141\/321
|
|turn|17
|
|move|p2a: Raikou|Volt Switch|p1a: RegiStuDee
|-damage|p1a: RegiStuDee|112\/362
|c|âMiror D|lol your not cchoiced?
|leave|chechote
|c|âVaporeon for Ubers|i am
|c|âVaporeon for Ubers|im banded
|c| deogenerate|xDddD
|
|switch|p2a: Vaporeon|Vaporeon, M|452\/452
|-damage|p2a: Vaporeon|396\/452|[from] Stealth Rock
|move|p1a: RegiStuDee|Thunder Wave|p2a: Vaporeon
|-status|p2a: Vaporeon|par
|
|-heal|p2a: Vaporeon|424\/452 par|[from] item: Leftovers
|turn|18
|c|âMiror D|nice custom avatar
|c|âVaporeon for Ubers|thanks
|c|âVaporeon for Ubers|nice custom team
|
|move|p1a: RegiStuDee|Seismic Toss|p2a: Vaporeon
|-damage|p2a: Vaporeon|324\/452 par
|move|p2a: Vaporeon|Wish|p2a: Vaporeon
|
|-heal|p2a: Vaporeon|352\/452 par|[from] item: Leftovers
|turn|19
|c|âVaporeon for Ubers|it's pretty eric ngl
|c| deogenerate|>maybe if i'm passive i can beat someone whos actually good xD
|c|âMiror D|thanks
|c|âMiror D|i dont know who eric is
|
|switch|p2a: Raikou|Raikou|141\/321
|-damage|p2a: Raikou|101\/321|[from] Stealth Rock
|-ability|p2a: Raikou|Pressure
|move|p1a: RegiStuDee|Seismic Toss|p2a: Raikou
|-damage|p2a: Raikou|1\/321
|
|-heal|p2a: Raikou|227\/321|[from] move: Wish|[wisher] Vaporeon
|turn|20
|c|âMiror D|bs\!!
|c|âMiror D|lol
|c|âVaporeon for Ubers|>implying i didnt calc it just to make sure
|
|move|p2a: Raikou|Thunderbolt|p1a: RegiStuDee
|-damage|p1a: RegiStuDee|33\/362
|move|p1a: RegiStuDee|Rest|p1a: RegiStuDee
|-status|p1a: RegiStuDee|slp
|-heal|p1a: RegiStuDee|362\/362 slp|[silent]
|-status|p1a: RegiStuDee|slp|[from] move: Rest
|
|turn|21
|
|move|p2a: Raikou|Volt Switch|p1a: RegiStuDee
|-damage|p1a: RegiStuDee|296\/362 slp
|
|switch|p2a: Jirachi|Jirachi|341\/341
|-damage|p2a: Jirachi|320\/341|[from] Stealth Rock
|cant|p1a: RegiStuDee|slp
|
|turn|22
|
|switch|p1a: Gligar|Gligar, F|284\/325
|-damage|p1a: Gligar|244\/325|[from] Stealth Rock
|move|p2a: Jirachi|Fire Punch|p1a: Gligar
|-damage|p1a: Gligar|210\/325
|
|turn|23
|c|âMiror D|now your choiced
|c|âMiror D|please
|
|switch|p2a: Vaporeon|Vaporeon, M|352\/452 par
|-damage|p2a: Vaporeon|296\/452 par|[from] Stealth Rock
|move|p1a: Gligar|Defog|p2a: Vaporeon
|-unboost|p2a: Vaporeon|evasion|1
|-sideend|p2: Vaporeon for Ubers|Stealth Rock|[from] move: Defog|[of] p2a: Vaporeon
|-sideend|p1: Miror D|Spikes|[from] move: Defog|[of] p1a: Gligar
|-sideend|p1: Miror D|Stealth Rock|[from] move: Defog|[of] p1a: Gligar
|
|-heal|p2a: Vaporeon|324\/452 par|[from] item: Leftovers
|turn|24
|
|switch|p1a: Froslass|Froslass, F|1\/343
|cant|p2a: Vaporeon|par
|
|-heal|p2a: Vaporeon|352\/452 par|[from] item: Leftovers
|turn|25
|c|âVaporeon for Ubers|cool!
|
|move|p1a: Froslass|Taunt|p2a: Vaporeon
|-start|p2a: Vaporeon|move: Taunt
|move|p2a: Vaporeon|Scald|p1a: Froslass
|-crit|p1a: Froslass
|-damage|p1a: Froslass|0 fnt
|-start|p2a: Vaporeon|Disable|Scald
|faint|p1a: Froslass
|
|-heal|p2a: Vaporeon|380\/452 par|[from] item: Leftovers
|
|switch|p1a: D-Blim|Drifblim, M|442\/442
|turn|26
|
|move|p1a: D-Blim|Substitute|p1a: D-Blim
|-start|p1a: D-Blim|Substitute
|-damage|p1a: D-Blim|332\/442
|move|p2a: Vaporeon|Ice Beam|p1a: D-Blim
|-supereffective|p1a: D-Blim
|-end|p1a: D-Blim|Substitute
|
|-heal|p2a: Vaporeon|408\/452 par|[from] item: Leftovers
|turn|27
|c|âMiror D|lol what
|
|switch|p1a: Papa D's|Snorlax, F|501\/501
|move|p2a: Vaporeon|Ice Beam|p1a: Papa D's
|-damage|p1a: Papa D's|467\/501
|
|-heal|p1a: Papa D's|498\/501|[from] item: Leftovers
|-heal|p2a: Vaporeon|436\/452 par|[from] item: Leftovers
|-end|p2a: Vaporeon|move: Taunt
|turn|28
|c|âVaporeon for Ubers|?
|join|Mastoise
|c|âVaporeon for Ubers|is there an issue
|
|switch|p2a: Jirachi|Jirachi|320\/341
|move|p1a: Papa D's|Return|p2a: Jirachi
|-resisted|p2a: Jirachi
|-damage|p2a: Jirachi|227\/341
|
|-heal|p1a: Papa D's|501\/501|[from] item: Leftovers
|turn|29
|c|âMiror D|idk i didnt think youd run 2 moves
|c|âVaporeon for Ubers|zygardes a thing
|
|move|p2a: Jirachi|U-turn|p1a: Papa D's
|-crit|p1a: Papa D's
|-damage|p1a: Papa D's|364\/501
|c| Matthew Marshall|>bad players
|c| Matthew Marshall|what else
|
|switch|p2a: Vaporeon|Vaporeon, M|436\/452 par
|move|p1a: Papa D's|Crunch|p2a: Vaporeon
|-damage|p2a: Vaporeon|318\/452 par
|
|-heal|p1a: Papa D's|395\/501|[from] item: Leftovers
|-heal|p2a: Vaporeon|346\/452 par|[from] item: Leftovers
|turn|30
|c|âMiror D|i hate that zyrgardes got over 400 hp
|
|move|p1a: Papa D's|Return|p2a: Vaporeon
|-crit|p2a: Vaporeon
|-damage|p2a: Vaporeon|19\/452 par
|move|p2a: Vaporeon|Scald|p1a: Papa D's
|-damage|p1a: Papa D's|307\/501
|
|-heal|p1a: Papa D's|338\/501|[from] item: Leftovers
|-heal|p2a: Vaporeon|47\/452 par|[from] item: Leftovers
|turn|31
|c|âVaporeon for Ubers|i hate lucky and bad players
|c|âMiror D|me too
|
|switch|p2a: Jirachi|Jirachi|227\/341
|move|p1a: Papa D's|Return|p2a: Jirachi
|-resisted|p2a: Jirachi
|-damage|p2a: Jirachi|140\/341
|
|-heal|p1a: Papa D's|369\/501|[from] item: Leftovers
|turn|32
|c| Matthew Marshall|I hate shitters
|c|âMiror D|crit u turns hurt
|
|move|p2a: Jirachi|Iron Head|p1a: Papa D's
|-damage|p1a: Papa D's|216\/501
|cant|p1a: Papa D's|flinch
|
|-heal|p1a: Papa D's|247\/501|[from] item: Leftovers
|turn|33
|c| Matthew Marshall|because that one mattered, right????
|c|âVaporeon for Ubers|yeah it did
|
|move|p2a: Jirachi|Iron Head|p1a: Papa D's
|-damage|p1a: Papa D's|103\/501
|cant|p1a: Papa D's|flinch
|
|-heal|p1a: Papa D's|134\/501|[from] item: Leftovers
|turn|34
|c| Matthew Marshall|just get 6 flinches here
|c|âVaporeon for Ubers|but the return crit didnt xd
|c| Matthew Marshall|to make up for it
|c| Matthew Marshall|;^O
|
|switch|p1a: Gligar|Gligar, F|210\/325
|move|p2a: Jirachi|Iron Head|p1a: Gligar
|-crit|p1a: Gligar
|-damage|p1a: Gligar|129\/325
|
|turn|35
|c| Matthew Marshall|the
|c| Matthew Marshall|game
|c| Matthew Marshall|knows
|c| deogenerate|lmop
|c|âMiror D|crits all over
|
|move|p2a: Jirachi|Iron Head|p1a: Gligar
|-damage|p1a: Gligar|69\/325
|move|p1a: Gligar|Earthquake|p2a: Jirachi
|-supereffective|p2a: Jirachi
|-damage|p2a: Jirachi|0 fnt
|faint|p2a: Jirachi
|
|
|switch|p2a: Roserade|Roserade, M|128\/261
|turn|36
|c|âVaporeon for Ubers|lucky players all over
|c|âVaporeon for Ubers|what els
|
|switch|p1a: RegiStuDee|Registeel|296\/362 slp
|move|p2a: Roserade|Giga Drain|p1a: RegiStuDee
|-resisted|p1a: RegiStuDee
|-damage|p1a: RegiStuDee|252\/362 slp
|-heal|p2a: Roserade|150\/261|[from] drain|[of] p1a: RegiStuDee
|-damage|p2a: Roserade|124\/261|[from] item: Life Orb
|
|turn|37
|
|switch|p2a: Vaporeon|Vaporeon, M|47\/452 par
|cant|p1a: RegiStuDee|slp
|
|-heal|p2a: Vaporeon|75\/452 par|[from] item: Leftovers
|turn|38
|
|move|p2a: Vaporeon|Protect|p2a: Vaporeon
|-singleturn|p2a: Vaporeon|Protect
|-curestatus|p1a: RegiStuDee|slp
|move|p1a: RegiStuDee|Seismic Toss|p2a: Vaporeon
|-activate|p2a: Vaporeon|Protect
|
|-heal|p2a: Vaporeon|103\/452 par|[from] item: Leftovers
|turn|39
|
|move|p1a: RegiStuDee|Seismic Toss|p2a: Vaporeon
|-damage|p2a: Vaporeon|3\/452 par
|move|p2a: Vaporeon|Wish|p2a: Vaporeon
|
|-heal|p2a: Vaporeon|31\/452 par|[from] item: Leftovers
|turn|40
|
|move|p2a: Vaporeon|Protect|p2a: Vaporeon
|-singleturn|p2a: Vaporeon|Protect
|move|p1a: RegiStuDee|Seismic Toss|p2a: Vaporeon
|-activate|p2a: Vaporeon|Protect
|
|-heal|p2a: Vaporeon|257\/452 par|[from] move: Wish|[wisher] Vaporeon
|-heal|p2a: Vaporeon|285\/452 par|[from] item: Leftovers
|turn|41
|c|âMiror D|lol i like the 1 percents
|
|move|p1a: RegiStuDee|Stealth Rock|p2a: Vaporeon
|-sidestart|p2: Vaporeon for Ubers|move: Stealth Rock
|move|p2a: Vaporeon|Wish|p2a: Vaporeon
|
|-heal|p2a: Vaporeon|313\/452 par|[from] item: Leftovers
|turn|42
|c|âVaporeon for Ubers|it's seismic toss
|c|âVaporeon for Ubers|you had 0% chance to kill
|c|âVaporeon for Ubers|so why are you complaining
|c|âMiror D|i could have killed with a para anywhere along the way
|c|âVaporeon for Ubers|>complaining about not getting hax
|
|move|p1a: RegiStuDee|Thunder Wave|p2a: Vaporeon
|-fail|p2a: Vaporeon|par
|move|p2a: Vaporeon|Scald|p1a: RegiStuDee
|-damage|p1a: RegiStuDee|195\/362
|-status|p1a: RegiStuDee|brn
|
|-heal|p2a: Vaporeon|452\/452 par|[from] move: Wish|[wisher] Vaporeon
|-damage|p1a: RegiStuDee|150\/362 brn|[from] brn
|turn|43
|
|switch|p1a: Papa D's|Snorlax, F|134\/501
|cant|p2a: Vaporeon|par
|
|-heal|p1a: Papa D's|165\/501|[from] item: Leftovers
|turn|44
|
|move|p1a: Papa D's|Rest|p1a: Papa D's
|-status|p1a: Papa D's|slp
|-heal|p1a: Papa D's|501\/501 slp|[silent]
|-status|p1a: Papa D's|slp|[from] move: Rest
|cant|p2a: Vaporeon|par
|
|turn|45
|
|cant|p1a: Papa D's|slp
|move|p1a: Papa D's|Sleep Talk|p1a: Papa D's
|move|p1a: Papa D's|Rest|p1a: Papa D's|[from]Sleep Talk
|-fail|p1a: Papa D's
|move|p2a: Vaporeon|Wish|p2a: Vaporeon
|
|turn|46
|-message|Vaporeon for Ubers forfeited.
|leave|Vaporeon for Ubers
|leave|deogenerate
|
|win|Miror D
|raw|Ladder updating...
|player|p2
|raw|Miror D's rating: 1413 &rarr; <strong>1434<\/strong><br \/>(+21 for winning)
|raw|Vaporeon for Ubers's rating: 1425 &rarr; <strong>1404<\/strong><br \/>(-21 for losing)
|leave|Matthew Marshall