|join|Miror D
|join|jlovelez
|player|p1|Miror D|273
|player|p2|jlovelez|170
|gametype|singles
|gen|6
|tier|UU
|rated
|rule|Sleep Clause Mod: Limit one foe put to sleep
|rule|Species Clause: Limit one of each PokÃ©mon
|rule|OHKO Clause: OHKO moves are banned
|rule|Moody Clause: Moody is banned
|rule|Evasion Moves Clause: Evasion moves are banned
|rule|Endless Battle Clause: Forcing endless battles is banned
|rule|HP Percentage Mod: HP is shown in percentages
|clearpoke
|poke|p1|Drifblim, M
|poke|p1|Snorlax, F
|poke|p1|Banette, F, shiny
|poke|p1|Gligar, M
|poke|p1|Registeel
|poke|p1|Weezing, F
|poke|p2|Haxorus, F, shiny
|poke|p2|Hydreigon, M
|poke|p2|Jirachi
|poke|p2|Chesnaught, F
|poke|p2|Blastoise, M
|poke|p2|Florges, F
|rule|Swagger Clause: Swagger is banned
|rule|Baton Pass Clause: Limit one PokÃ©mon knowing Baton Pass
|teampreview
|
|start
|switch|p1a: Derrick|Banette, F, shiny|270\/270
|switch|p2a: Chesnaught|Chesnaught, F|380\/380
|-item|p2a: Chesnaught|Leftovers|[from] ability: Frisk|[of] p1a: Derrick|[identify]
|turn|1
|
|detailschange|p1a: Derrick|Banette-Mega, F, shiny
|-mega|p1a: Derrick|Banette|Banettite
|move|p1a: Derrick|Knock Off|p2a: Chesnaught
|-resisted|p2a: Chesnaught
|-damage|p2a: Chesnaught|333\/380
|-enditem|p2a: Chesnaught|Leftovers|[from] move: Knock Off|[of] p1a: Derrick
|move|p2a: Chesnaught|Leech Seed|p1a: Derrick
|-start|p1a: Derrick|move: Leech Seed
|
|-damage|p1a: Derrick|237\/270|[from] Leech Seed|[of] p2a: Chesnaught
|-heal|p2a: Chesnaught|366\/380|[silent]
|turn|2
|join|Falcort
|
|switch|p1a: RegiStuDee|Registeel|362\/362
|move|p2a: Chesnaught|Spikes|p1a: RegiStuDee
|-sidestart|p1: Miror D|Spikes
|
|turn|3
|
|move|p2a: Chesnaught|Leech Seed|p1a: RegiStuDee|[miss]
|-miss|p2a: Chesnaught|p1a: RegiStuDee
|move|p1a: RegiStuDee|Thunder Wave|p2a: Chesnaught
|-status|p2a: Chesnaught|par
|
|turn|4
|
|move|p1a: RegiStuDee|Stealth Rock|p2a: Chesnaught
|-sidestart|p2: jlovelez|move: Stealth Rock
|move|p2a: Chesnaught|Leech Seed|p1a: RegiStuDee
|-start|p1a: RegiStuDee|move: Leech Seed
|
|-damage|p1a: RegiStuDee|317\/362|[from] Leech Seed|[of] p2a: Chesnaught
|-heal|p2a: Chesnaught|380\/380 par|[silent]
|turn|5
|
|switch|p1a: Gligar|Gligar, M|325\/325
|cant|p2a: Chesnaught|par
|
|turn|6
|
|move|p1a: Gligar|Defog|p2a: Chesnaught
|-unboost|p2a: Chesnaught|evasion|1
|-sideend|p2: jlovelez|Stealth Rock|[from] move: Defog|[of] p2a: Chesnaught
|-sideend|p1: Miror D|Spikes|[from] move: Defog|[of] p1a: Gligar
|move|p2a: Chesnaught|Leech Seed|p1a: Gligar
|-start|p1a: Gligar|move: Leech Seed
|
|-damage|p1a: Gligar|285\/325|[from] Leech Seed|[of] p2a: Chesnaught
|turn|7
|
|switch|p1a: D-Blim|Drifblim, M|442\/442
|move|p2a: Chesnaught|Spikes|p1a: D-Blim
|-sidestart|p1: Miror D|Spikes
|
|turn|8
|
|move|p1a: D-Blim|Substitute|p1a: D-Blim
|-start|p1a: D-Blim|Substitute
|-damage|p1a: D-Blim|332\/442
|move|p2a: Chesnaught|Leech Seed|p1a: D-Blim
|
|turn|9
|
|switch|p2a: Hydreigon|Hydreigon, M|326\/326
|move|p1a: D-Blim|Acrobatics|p2a: Hydreigon
|-crit|p2a: Hydreigon
|-damage|p2a: Hydreigon|188\/326
|
|turn|10
|
|move|p2a: Hydreigon|Dark Pulse|p1a: D-Blim
|-supereffective|p1a: D-Blim
|-end|p1a: D-Blim|Substitute
|move|p1a: D-Blim|Substitute|p1a: D-Blim
|-start|p1a: D-Blim|Substitute
|-damage|p1a: D-Blim|222\/442
|
|turn|11
|
|move|p2a: Hydreigon|Dark Pulse|p1a: D-Blim
|-supereffective|p1a: D-Blim
|-end|p1a: D-Blim|Substitute
|move|p1a: D-Blim|Substitute|p1a: D-Blim
|-start|p1a: D-Blim|Substitute
|-damage|p1a: D-Blim|112\/442
|
|turn|12
|
|move|p2a: Hydreigon|Dark Pulse|p1a: D-Blim
|-crit|p1a: D-Blim
|-supereffective|p1a: D-Blim
|-end|p1a: D-Blim|Substitute
|move|p1a: D-Blim|Substitute|p1a: D-Blim
|-start|p1a: D-Blim|Substitute
|-damage|p1a: D-Blim|2\/442
|-enditem|p1a: D-Blim|Liechi Berry|[eat]
|-boost|p1a: D-Blim|atk|1|[from] item: Liechi Berry
|
|turn|13
|
|switch|p2a: Jirachi|Jirachi|341\/341
|move|p1a: D-Blim|Acrobatics|p2a: Jirachi
|-resisted|p2a: Jirachi
|-damage|p2a: Jirachi|231\/341
|
|turn|14
|
|move|p1a: D-Blim|Knock Off|p2a: Jirachi
|-supereffective|p2a: Jirachi
|-damage|p2a: Jirachi|0 fnt
|-enditem|p2a: Jirachi|Choice Scarf|[from] move: Knock Off|[of] p1a: D-Blim
|faint|p2a: Jirachi
|
|
|switch|p2a: Florges|Florges, F|360\/360
|turn|15
|
|move|p1a: D-Blim|Acrobatics|p2a: Florges
|-damage|p2a: Florges|162\/360
|move|p2a: Florges|Moonblast|p1a: D-Blim
|-end|p1a: D-Blim|Substitute
|
|-heal|p2a: Florges|184\/360|[from] item: Leftovers
|turn|16
|c|âjlovelez|bows down to drifblim
|
|move|p1a: D-Blim|Acrobatics|p2a: Florges
|-damage|p2a: Florges|0 fnt
|faint|p2a: Florges
|
|c|âMiror D|<3
|c|âjlovelez|please have mercy ;)
|
|switch|p2a: Blastoise|Blastoise, M|362\/362
|turn|17
|
|detailschange|p2a: Blastoise|Blastoise-Mega, M
|-mega|p2a: Blastoise|Blastoise|Blastoisinite
|move|p1a: D-Blim|Destiny Bond|p1a: D-Blim
|-singlemove|p1a: D-Blim|Destiny Bond
|move|p2a: Blastoise|Water Pulse|p1a: D-Blim
|-damage|p1a: D-Blim|0 fnt
|faint|p1a: D-Blim
|-activate|p1a: D-Blim|Destiny Bond
|faint|p2a: Blastoise
|
|c|âjlovelez|expected baton pass
|c|âMiror D|i was the first to value drifblim
|c|âMiror D|i made a natural gift set
|c|âMiror D|but it doent work with unburden in showdown
|c|âjlovelez|? sounds fun
|
|switch|p1a: Derrick|Banette-Mega, F, shiny|237\/270
|switch|p2a: Chesnaught|Chesnaught, F|380\/380 par
|-damage|p1a: Derrick|204\/270|[from] Spikes
|turn|18
|
|move|p1a: Derrick|Knock Off|p2a: Chesnaught
|-resisted|p2a: Chesnaught
|-damage|p2a: Chesnaught|349\/380 par
|move|p2a: Chesnaught|Leech Seed|p1a: Derrick
|-start|p1a: Derrick|move: Leech Seed
|
|-damage|p1a: Derrick|171\/270|[from] Leech Seed|[of] p2a: Chesnaught
|-heal|p2a: Chesnaught|380\/380 par|[silent]
|turn|19
|
|switch|p1a: Papa D's|Snorlax, F|501\/501
|-damage|p1a: Papa D's|439\/501|[from] Spikes
|move|p2a: Chesnaught|Leech Seed|p1a: Papa D's
|-start|p1a: Papa D's|move: Leech Seed
|
|-heal|p1a: Papa D's|470\/501|[from] item: Leftovers
|-damage|p1a: Papa D's|408\/501|[from] Leech Seed|[of] p2a: Chesnaught
|turn|20
|
|move|p1a: Papa D's|Return|p2a: Chesnaught
|-damage|p2a: Chesnaught|266\/380 par
|move|p2a: Chesnaught|Drain Punch|p1a: Papa D's
|-crit|p1a: Papa D's
|-supereffective|p1a: Papa D's
|-damage|p1a: Papa D's|52\/501
|-heal|p2a: Chesnaught|380\/380 par|[from] drain|[of] p1a: Papa D's
|
|-heal|p1a: Papa D's|83\/501|[from] item: Leftovers
|-damage|p1a: Papa D's|21\/501|[from] Leech Seed|[of] p2a: Chesnaught
|turn|21
|
|move|p1a: Papa D's|Rest|p1a: Papa D's
|-status|p1a: Papa D's|slp
|-heal|p1a: Papa D's|501\/501 slp|[silent]
|-status|p1a: Papa D's|slp|[from] move: Rest
|move|p2a: Chesnaught|Spikes|p1a: Papa D's
|-sidestart|p1: Miror D|Spikes
|
|-damage|p1a: Papa D's|439\/501 slp|[from] Leech Seed|[of] p2a: Chesnaught
|turn|22
|
|switch|p1a: Gligar|Gligar, M|285\/325
|switch|p2a: Hydreigon|Hydreigon, M|188\/326
|
|turn|23
|
|move|p2a: Hydreigon|Draco Meteor|p1a: Gligar
|-damage|p1a: Gligar|0 fnt
|-unboost|p2a: Hydreigon|spa|2
|faint|p1a: Gligar
|
|
|switch|p1a: RegiStuDee|Registeel|317\/362
|-damage|p1a: RegiStuDee|257\/362|[from] Spikes
|turn|24
|c|âjlovelez|;)
|
|switch|p2a: Chesnaught|Chesnaught, F|380\/380 par
|move|p1a: RegiStuDee|Seismic Toss|p2a: Chesnaught
|-damage|p2a: Chesnaught|280\/380 par
|
|turn|25
|c|âMiror D|i should have switched out
|c|âMiror D|but i trusted gligar
|
|cant|p2a: Chesnaught|par
|move|p1a: RegiStuDee|Seismic Toss|p2a: Chesnaught
|-damage|p2a: Chesnaught|180\/380 par
|
|turn|26
|
|move|p1a: RegiStuDee|Seismic Toss|p2a: Chesnaught
|-damage|p2a: Chesnaught|80\/380 par
|move|p2a: Chesnaught|Leech Seed|p1a: RegiStuDee
|-start|p1a: RegiStuDee|move: Leech Seed
|
|-damage|p1a: RegiStuDee|212\/362|[from] Leech Seed|[of] p2a: Chesnaught
|-heal|p2a: Chesnaught|125\/380 par|[silent]
|turn|27
|c|âjlovelez|the fact that he was at 88% helped
|
|move|p2a: Chesnaught|Spiky Shield|p2a: Chesnaught
|-singleturn|p2a: Chesnaught|move: Protect
|move|p1a: RegiStuDee|Seismic Toss|p2a: Chesnaught
|-activate|p2a: Chesnaught|move: Protect
|-damage|p1a: RegiStuDee|167\/362|[from] Spiky Shield|[of] p2a: Chesnaught
|
|-damage|p1a: RegiStuDee|122\/362|[from] Leech Seed|[of] p2a: Chesnaught
|-heal|p2a: Chesnaught|170\/380 par|[silent]
|turn|28
|
|move|p1a: RegiStuDee|Seismic Toss|p2a: Chesnaught
|-damage|p2a: Chesnaught|70\/380 par
|cant|p2a: Chesnaught|par
|
|-damage|p1a: RegiStuDee|77\/362|[from] Leech Seed|[of] p2a: Chesnaught
|-heal|p2a: Chesnaught|115\/380 par|[silent]
|turn|29
|c|âjlovelez|those paras lol
|
|move|p2a: Chesnaught|Spiky Shield|p2a: Chesnaught
|-singleturn|p2a: Chesnaught|move: Protect
|move|p1a: RegiStuDee|Rest|p1a: RegiStuDee
|-status|p1a: RegiStuDee|slp
|-heal|p1a: RegiStuDee|362\/362 slp|[silent]
|-status|p1a: RegiStuDee|slp|[from] move: Rest
|-enditem|p1a: RegiStuDee|Chesto Berry|[eat]
|-curestatus|p1a: RegiStuDee|slp
|
|-damage|p1a: RegiStuDee|317\/362|[from] Leech Seed|[of] p2a: Chesnaught
|-heal|p2a: Chesnaught|160\/380 par|[silent]
|turn|30
|-message|Miror D lost due to inactivity.
|c|âMiror D|sorry
|
|move|p1a: RegiStuDee|Seismic Toss|p2a: Chesnaught
|-damage|p2a: Chesnaught|60\/380 par
|cant|p2a: Chesnaught|par
|
|-damage|p1a: RegiStuDee|272\/362|[from] Leech Seed|[of] p2a: Chesnaught
|-heal|p2a: Chesnaught|105\/380 par|[silent]
|turn|31
|c|âMiror D|i was in class
|c|âjlovelez|why took so long
|c|âjlovelez|oh
|
|win|jlovelez
|raw|Ladder updating...
|c|âjlovelez|gg
|c|âMiror D|gg sorry!
|raw|Miror D's rating: 1455 &rarr; <strong>1432<\/strong><br \/>(-23 for losing)
|raw|jlovelez's rating: 1396 &rarr; <strong>1419<\/strong><br \/>(+23 for winning)
|leave|Falcort
|leave|jlovelez
|player|p2