|join|ULT Bob
|join|Miror D
|player|p1|ULT Bob|23
|player|p2|Miror D|273
|gametype|singles
|gen|6
|tier|UU
|rated
|rule|Sleep Clause Mod: Limit one foe put to sleep
|rule|Species Clause: Limit one of each PokÃ©mon
|rule|OHKO Clause: OHKO moves are banned
|rule|Moody Clause: Moody is banned
|rule|Evasion Moves Clause: Evasion moves are banned
|rule|Endless Battle Clause: Forcing endless battles is banned
|rule|HP Percentage Mod: HP is shown in percentages
|clearpoke
|poke|p1|Celebi
|poke|p1|Aggron, M, shiny
|poke|p1|Crobat, F, shiny
|poke|p1|Blissey, F, shiny
|poke|p1|Alomomola, M, shiny
|poke|p1|Krookodile, M, shiny
|poke|p2|Drifblim, M
|poke|p2|Snorlax, F
|poke|p2|Banette, F, shiny
|poke|p2|Gligar, F
|poke|p2|Registeel
|poke|p2|Weezing, F
|rule|Swagger Clause: Swagger is banned
|rule|Baton Pass Clause: Limit one PokÃ©mon knowing Baton Pass
|teampreview
|
|start
|switch|p1a: The Don|Krookodile, M, shiny|331\/331
|switch|p2a: Deezing|Weezing, F|333\/333
|-ability|p1a: The Don|Intimidate|[of] p2a: Deezing
|-unboost|p2a: Deezing|atk|1
|turn|1
|
|move|p1a: The Don|Knock Off|p2a: Deezing
|-damage|p2a: Deezing|188\/333
|-damage|p1a: The Don|276\/331|[from] item: Rocky Helmet|[of] p2a: Deezing
|-enditem|p2a: Deezing|Rocky Helmet|[from] move: Knock Off|[of] p1a: The Don
|move|p2a: Deezing|Will-O-Wisp|p1a: The Don
|-status|p1a: The Don|brn
|
|-damage|p1a: The Don|235\/331 brn|[from] brn
|turn|2
|
|switch|p1a: Fattest fuck|Blissey, F, shiny|714\/714
|move|p2a: Deezing|Fire Blast|p1a: Fattest fuck
|-damage|p1a: Fattest fuck|659\/714
|
|-heal|p1a: Fattest fuck|703\/714|[from] item: Leftovers
|turn|3
|
|move|p1a: Fattest fuck|Heal Bell|p1a: Fattest fuck
|-cureteam|p1a: Fattest fuck|[from] move: HealBell
|move|p2a: Deezing|Pain Split|p1a: Fattest fuck
|-sethp|p1a: Fattest fuck|445\/714|p2a: Deezing|333\/333|[from] move: Pain Split
|
|-heal|p1a: Fattest fuck|489\/714|[from] item: Leftovers
|turn|4
|
|switch|p2a: RegiStuDee|Registeel|362\/362
|move|p1a: Fattest fuck|Seismic Toss|p2a: RegiStuDee
|-damage|p2a: RegiStuDee|262\/362
|
|-heal|p1a: Fattest fuck|533\/714|[from] item: Leftovers
|turn|5
|
|move|p1a: Fattest fuck|Seismic Toss|p2a: RegiStuDee
|-damage|p2a: RegiStuDee|162\/362
|move|p2a: RegiStuDee|Thunder Wave|p1a: Fattest fuck
|-status|p1a: Fattest fuck|par
|
|-heal|p1a: Fattest fuck|577\/714 par|[from] item: Leftovers
|turn|6
|
|switch|p1a: The Don|Krookodile, M, shiny|235\/331
|-ability|p1a: The Don|Intimidate|[of] p2a: RegiStuDee
|-fail|p2a: RegiStuDee|unboost|[from] ability: Clear Body|[of] p2a: RegiStuDee
|move|p2a: RegiStuDee|Stealth Rock|p1a: The Don
|-sidestart|p1: ULT Bob|move: Stealth Rock
|
|turn|7
|
|switch|p2a: Deezing|Weezing, F|333\/333
|move|p1a: The Don|Knock Off|p2a: Deezing
|-damage|p2a: Deezing|230\/333
|
|turn|8
|
|switch|p1a: ugly fuck|Alomomola, M, shiny|534\/534
|-damage|p1a: ugly fuck|468\/534|[from] Stealth Rock
|move|p2a: Deezing|Will-O-Wisp|p1a: ugly fuck
|-status|p1a: ugly fuck|brn
|
|-damage|p1a: ugly fuck|402\/534 brn|[from] brn
|turn|9
|
|switch|p2a: D-Blim|Drifblim, M|442\/442
|move|p1a: ugly fuck|Wish|p1a: ugly fuck
|
|-damage|p1a: ugly fuck|336\/534 brn|[from] brn
|turn|10
|
|move|p2a: D-Blim|Substitute|p2a: D-Blim
|-start|p2a: D-Blim|Substitute
|-damage|p2a: D-Blim|332\/442
|move|p1a: ugly fuck|Knock Off|p2a: D-Blim
|-supereffective|p2a: D-Blim
|-activate|p2a: D-Blim|Substitute|[damage]
|
|-heal|p1a: ugly fuck|534\/534 brn|[from] move: Wish|[wisher] ugly fuck
|-damage|p1a: ugly fuck|468\/534 brn|[from] brn
|turn|11
|
|switch|p1a: fat fuck|Aggron, M, shiny|344\/344
|-damage|p1a: fat fuck|323\/344|[from] Stealth Rock
|move|p2a: D-Blim|Knock Off|p1a: fat fuck
|-damage|p1a: fat fuck|284\/344
|
|turn|12
|
|detailschange|p1a: fat fuck|Aggron-Mega, M, shiny
|-mega|p1a: fat fuck|Aggron|Aggronite
|move|p2a: D-Blim|Acrobatics|p1a: fat fuck
|-resisted|p1a: fat fuck
|-damage|p1a: fat fuck|267\/344
|move|p1a: fat fuck|Stealth Rock|p2a: D-Blim
|-sidestart|p2: Miror D|move: Stealth Rock
|
|turn|13
|
|move|p2a: D-Blim|Knock Off|p1a: fat fuck
|-damage|p1a: fat fuck|236\/344
|move|p1a: fat fuck|Roar|p2a: D-Blim
|drag|p2a: RegiStuDee|Registeel|162\/362
|-damage|p2a: RegiStuDee|140\/362|[from] Stealth Rock
|
|turn|14
|
|move|p2a: RegiStuDee|Seismic Toss|p1a: fat fuck
|-damage|p1a: fat fuck|136\/344
|move|p1a: fat fuck|Earthquake|p2a: RegiStuDee
|-supereffective|p2a: RegiStuDee
|-damage|p2a: RegiStuDee|0 fnt
|faint|p2a: RegiStuDee
|
|
|switch|p2a: Derrick|Banette, F, shiny|270\/270
|-damage|p2a: Derrick|237\/270|[from] Stealth Rock
|-item|p1a: fat fuck|Aggronite|[from] ability: Frisk|[of] p2a: Derrick|[identify]
|turn|15
|
|detailschange|p2a: Derrick|Banette-Mega, F, shiny
|-mega|p2a: Derrick|Banette|Banettite
|move|p2a: Derrick|Shadow Claw|p1a: fat fuck
|-damage|p1a: fat fuck|54\/344
|move|p1a: fat fuck|Heavy Slam|p2a: Derrick
|-damage|p2a: Derrick|0 fnt
|faint|p2a: Derrick
|
|
|switch|p2a: Deezing|Weezing, F|230\/333
|-damage|p2a: Deezing|189\/333|[from] Stealth Rock
|turn|16
|
|switch|p1a: Fattest fuck|Blissey, F, shiny|577\/714
|-damage|p1a: Fattest fuck|488\/714|[from] Stealth Rock
|move|p2a: Deezing|Fire Blast|p1a: Fattest fuck
|-damage|p1a: Fattest fuck|432\/714
|
|-heal|p1a: Fattest fuck|476\/714|[from] item: Leftovers
|turn|17
|
|switch|p2a: Papa D's|Snorlax, F|501\/501
|-damage|p2a: Papa D's|439\/501|[from] Stealth Rock
|move|p1a: Fattest fuck|Wish|p1a: Fattest fuck
|
|-heal|p1a: Fattest fuck|520\/714|[from] item: Leftovers
|-heal|p2a: Papa D's|470\/501|[from] item: Leftovers
|turn|18
|
|switch|p1a: fat fuck|Aggron-Mega, M, shiny|54\/344
|-damage|p1a: fat fuck|33\/344|[from] Stealth Rock
|move|p2a: Papa D's|Crunch|p1a: fat fuck
|-damage|p1a: fat fuck|0 fnt
|faint|p1a: fat fuck
|
|-heal|p2a: Papa D's|501\/501|[from] item: Leftovers
|
|switch|p1a: The Don|Krookodile, M, shiny|235\/331
|-damage|p1a: The Don|215\/331|[from] Stealth Rock
|-ability|p1a: The Don|Intimidate|[of] p2a: Papa D's
|-unboost|p2a: Papa D's|atk|1
|turn|19
|
|switch|p2a: Deezing|Weezing, F|189\/333
|-damage|p2a: Deezing|148\/333|[from] Stealth Rock
|move|p1a: The Don|Knock Off|p2a: Deezing
|-damage|p2a: Deezing|45\/333
|
|turn|20
|
|move|p1a: The Don|Knock Off|p2a: Deezing
|-damage|p2a: Deezing|0 fnt
|faint|p2a: Deezing
|
|
|switch|p2a: Papa D's|Snorlax, F|501\/501
|-damage|p2a: Papa D's|439\/501|[from] Stealth Rock
|turn|21
|
|move|p1a: The Don|Knock Off|p2a: Papa D's
|-damage|p2a: Papa D's|150\/501
|-enditem|p2a: Papa D's|Leftovers|[from] move: Knock Off|[of] p1a: The Don
|move|p2a: Papa D's|Return|p1a: The Don
|-damage|p1a: The Don|0 fnt
|faint|p1a: The Don
|
|
|switch|p1a: bob the brobat|Crobat, F, shiny|325\/325
|-damage|p1a: bob the brobat|244\/325|[from] Stealth Rock
|turn|22
|
|switch|p2a: Dong|Gligar, F|325\/325
|-damage|p2a: Dong|285\/325|[from] Stealth Rock
|move|p1a: bob the brobat|Brave Bird|p2a: Dong
|-damage|p2a: Dong|210\/325
|-damage|p1a: bob the brobat|219\/325|[from] recoil|[of] p2a: Dong
|
|-heal|p1a: bob the brobat|239\/325|[from] item: Black Sludge
|turn|23
|
|move|p1a: bob the brobat|Toxic|p2a: Dong
|-status|p2a: Dong|tox
|move|p2a: Dong|Toxic|p1a: bob the brobat
|-fail|p1a: bob the brobat
|
|-heal|p1a: bob the brobat|259\/325|[from] item: Black Sludge
|-damage|p2a: Dong|190\/325 tox|[from] psn
|turn|24
|
|move|p1a: bob the brobat|Brave Bird|p2a: Dong
|-crit|p2a: Dong
|-damage|p2a: Dong|81\/325 tox
|-damage|p1a: bob the brobat|223\/325|[from] recoil|[of] p2a: Dong
|move|p2a: Dong|Defog|p1a: bob the brobat
|-unboost|p1a: bob the brobat|evasion|1
|-sideend|p1: ULT Bob|Stealth Rock|[from] move: Defog|[of] p1a: bob the brobat
|-sideend|p2: Miror D|Stealth Rock|[from] move: Defog|[of] p2a: Dong
|
|-heal|p1a: bob the brobat|243\/325|[from] item: Black Sludge
|-damage|p2a: Dong|41\/325 tox|[from] psn
|turn|25
|
|move|p1a: bob the brobat|Brave Bird|p2a: Dong
|-damage|p2a: Dong|0 fnt
|-damage|p1a: bob the brobat|229\/325|[from] recoil|[of] p2a: Dong
|faint|p2a: Dong
|
|-heal|p1a: bob the brobat|249\/325|[from] item: Black Sludge
|
|switch|p2a: D-Blim|Drifblim, M|332\/442
|turn|26
|
|move|p1a: bob the brobat|Brave Bird|p2a: D-Blim
|-damage|p2a: D-Blim|5\/442
|-damage|p1a: bob the brobat|141\/325|[from] recoil|[of] p2a: D-Blim
|-enditem|p2a: D-Blim|Liechi Berry|[eat]
|-boost|p2a: D-Blim|atk|1|[from] item: Liechi Berry
|move|p2a: D-Blim|Knock Off|p1a: bob the brobat
|-damage|p1a: bob the brobat|0 fnt
|-enditem|p1a: bob the brobat|Black Sludge|[from] move: Knock Off|[of] p2a: D-Blim
|faint|p1a: bob the brobat
|
|
|switch|p1a: ugly fuck|Alomomola, M, shiny|534\/534 brn
|turn|27
|
|move|p2a: D-Blim|Destiny Bond|p2a: D-Blim
|-singlemove|p2a: D-Blim|Destiny Bond
|move|p1a: ugly fuck|Wish|p1a: ugly fuck
|
|-damage|p1a: ugly fuck|468\/534 brn|[from] brn
|turn|28
|
|move|p2a: D-Blim|Acrobatics|p1a: ugly fuck
|-damage|p1a: ugly fuck|288\/534 brn
|-damage|p2a: D-Blim|0 fnt|[from] item: Rocky Helmet|[of] p1a: ugly fuck
|faint|p2a: D-Blim
|move|p1a: ugly fuck|Knock Off|p2: D-Blim|[notarget]
|-notarget
|
|-heal|p1a: ugly fuck|534\/534 brn|[from] move: Wish|[wisher] ugly fuck
|-damage|p1a: ugly fuck|468\/534 brn|[from] brn
|
|switch|p2a: Papa D's|Snorlax, F|150\/501
|turn|29
|
|switch|p1a: cabbage tinkerbell|Celebi|341\/341
|move|p2a: Papa D's|Rest|p2a: Papa D's
|-status|p2a: Papa D's|slp
|-heal|p2a: Papa D's|501\/501 slp|[silent]
|-status|p2a: Papa D's|slp|[from] move: Rest
|
|turn|30
|
|move|p1a: cabbage tinkerbell|Swords Dance|p1a: cabbage tinkerbell
|-boost|p1a: cabbage tinkerbell|atk|2
|cant|p2a: Papa D's|slp
|move|p2a: Papa D's|Sleep Talk|p2a: Papa D's
|move|p2a: Papa D's|Return|p1a: cabbage tinkerbell|[from]Sleep Talk
|-damage|p1a: cabbage tinkerbell|194\/341
|
|-heal|p1a: cabbage tinkerbell|215\/341|[from] item: Leftovers
|turn|31
|
|move|p1a: cabbage tinkerbell|Seed Bomb|p2a: Papa D's
|-damage|p2a: Papa D's|245\/501 slp
|cant|p2a: Papa D's|slp
|move|p2a: Papa D's|Sleep Talk|p2a: Papa D's
|move|p2a: Papa D's|Crunch|p1a: cabbage tinkerbell|[from]Sleep Talk
|-supereffective|p1a: cabbage tinkerbell
|-damage|p1a: cabbage tinkerbell|75\/341
|
|-heal|p1a: cabbage tinkerbell|96\/341|[from] item: Leftovers
|turn|32
|
|move|p1a: cabbage tinkerbell|Seed Bomb|p2a: Papa D's
|-damage|p2a: Papa D's|0 fnt
|faint|p2a: Papa D's
|
|win|ULT Bob
|raw|Ladder updating...
|raw|ULT Bob's rating: 1553 &rarr; <strong>1566<\/strong><br \/>(+13 for winning)
|raw|Miror D's rating: 1415 &rarr; <strong>1403<\/strong><br \/>(-12 for losing)
|leave|ULT Bob
|player|p1