|join|Miror D
|join|rubbox1992
|player|p1|Miror D|273
|player|p2|rubbox1992|145
|gametype|singles
|gen|6
|tier|UU
|rated
|rule|Sleep Clause Mod: Limit one foe put to sleep
|rule|Species Clause: Limit one of each PokÃ©mon
|rule|OHKO Clause: OHKO moves are banned
|rule|Moody Clause: Moody is banned
|rule|Evasion Moves Clause: Evasion moves are banned
|rule|Endless Battle Clause: Forcing endless battles is banned
|rule|HP Percentage Mod: HP is shown in percentages
|clearpoke
|poke|p1|Drifblim, F
|poke|p1|Snorlax, M
|poke|p1|Banette, M, shiny
|poke|p1|Gligar, M
|poke|p1|Registeel
|poke|p1|Weezing, F
|poke|p2|Krookodile, F
|poke|p2|Vaporeon, M
|poke|p2|Sceptile, M, shiny
|poke|p2|Jirachi, shiny
|poke|p2|Crobat, F, shiny
|poke|p2|Infernape, F, shiny
|rule|Swagger Clause: Swagger is banned
|rule|Baton Pass Clause: Limit one PokÃ©mon knowing Baton Pass
|teampreview
|
|start
|switch|p1a: Weezing|Weezing, F|333\/333
|switch|p2a: you a|Vaporeon, M|464\/464
|turn|1
|
|move|p2a: you a|Scald|p1a: Weezing
|-damage|p1a: Weezing|200\/333
|-status|p1a: Weezing|brn
|move|p1a: Weezing|Will-O-Wisp|p2a: you a
|-status|p2a: you a|brn
|
|-damage|p2a: you a|406\/464 brn|[from] brn
|-damage|p1a: Weezing|159\/333 brn|[from] brn
|turn|2
|
|switch|p1a: Derrick|Banette, M, shiny|270\/270
|-item|p2a: you a|Leftovers|[from] ability: Frisk|[of] p1a: Derrick|[identify]
|move|p2a: you a|Heal Bell|p2a: you a
|-cureteam|p2a: you a|[from] move: HealBell
|
|-heal|p2a: you a|435\/464|[from] item: Leftovers
|turn|3
|
|detailschange|p1a: Derrick|Banette-Mega, M, shiny
|-mega|p1a: Derrick|Banette|Banettite
|move|p2a: you a|Protect|p2a: you a
|-singleturn|p2a: you a|Protect
|move|p1a: Derrick|Knock Off|p2a: you a
|-activate|p2a: you a|Protect
|
|-heal|p2a: you a|464\/464|[from] item: Leftovers
|turn|4
|
|switch|p2a: We wish|Krookodile, F|331\/331
|move|p1a: Derrick|Knock Off|p2a: We wish
|-resisted|p2a: We wish
|-damage|p2a: We wish|236\/331
|-enditem|p2a: We wish|Choice Band|[from] move: Knock Off|[of] p1a: Derrick
|
|turn|5
|
|move|p2a: We wish|Pursuit|p1a: Derrick|[from]Pursuit
|-crit|p1a: Derrick
|-supereffective|p1a: Derrick
|-damage|p1a: Derrick|0 fnt
|faint|p1a: Derrick
|-boost|p2a: We wish|atk|1|[from] ability: Moxie
|
|
|switch|p1a: Weezing|Weezing, F|159\/333 brn
|turn|6
|
|move|p2a: We wish|Knock Off|p1a: Weezing
|-damage|p1a: Weezing|6\/333 brn
|-damage|p2a: We wish|181\/331|[from] item: Rocky Helmet|[of] p1a: Weezing
|-enditem|p1a: Weezing|Rocky Helmet|[from] move: Knock Off|[of] p2a: We wish
|move|p1a: Weezing|Pain Split|p2a: We wish
|-sethp|p2a: We wish|93\/331|p1a: Weezing|93\/333 brn|[from] move: Pain Split
|
|-damage|p1a: Weezing|52\/333 brn|[from] brn
|turn|7
|
|move|p2a: We wish|Knock Off|p1a: Weezing
|-damage|p1a: Weezing|0 fnt
|faint|p1a: Weezing
|-boost|p2a: We wish|atk|1|[from] ability: Moxie
|
|c|ârubbox1992|stallllll breakkkkkerrr
|
|switch|p1a: Gligar|Gligar, M|325\/325
|turn|8
|
|move|p2a: We wish|Knock Off|p1a: Gligar
|-damage|p1a: Gligar|171\/325
|-enditem|p1a: Gligar|Eviolite|[from] move: Knock Off|[of] p2a: We wish
|move|p1a: Gligar|Earthquake|p2a: We wish
|-damage|p2a: We wish|0 fnt
|faint|p2a: We wish
|
|
|switch|p2a: you a|Vaporeon, M|464\/464
|turn|9
|
|switch|p1a: RegiStuDee|Registeel|362\/362
|move|p2a: you a|Scald|p1a: RegiStuDee
|-damage|p1a: RegiStuDee|302\/362
|-status|p1a: RegiStuDee|brn
|
|-damage|p1a: RegiStuDee|257\/362 brn|[from] brn
|turn|10
|
|move|p2a: you a|Wish|p2a: you a
|move|p1a: RegiStuDee|Thunder Wave|p2a: you a
|-status|p2a: you a|par
|
|-damage|p1a: RegiStuDee|212\/362 brn|[from] brn
|turn|11
|
|switch|p2a: New Year|Infernape, F, shiny|293\/293
|move|p1a: RegiStuDee|Stealth Rock|p2a: New Year
|-sidestart|p2: rubbox1992|move: Stealth Rock
|
|-damage|p1a: RegiStuDee|167\/362 brn|[from] brn
|turn|12
|
|move|p2a: New Year|Flare Blitz|p1a: RegiStuDee
|-supereffective|p1a: RegiStuDee
|-damage|p1a: RegiStuDee|0 fnt
|-damage|p2a: New Year|238\/293|[from] recoil|[of] p1a: RegiStuDee
|faint|p1a: RegiStuDee
|
|
|switch|p1a: Gligar|Gligar, M|171\/325
|turn|13
|
|switch|p2a: happy|Crobat, F, shiny|373\/373
|-damage|p2a: happy|280\/373|[from] Stealth Rock
|move|p1a: Gligar|Earthquake|p2a: happy
|-immune|p2a: happy|[msg]
|
|-heal|p2a: happy|303\/373|[from] item: Black Sludge
|turn|14
|
|move|p2a: happy|Defog|p1a: Gligar
|-unboost|p1a: Gligar|evasion|1
|-sideend|p2: rubbox1992|Stealth Rock|[from] move: Defog|[of] p2a: happy
|move|p1a: Gligar|Roost|p1a: Gligar
|-heal|p1a: Gligar|325\/325
|
|-heal|p2a: happy|326\/373|[from] item: Black Sludge
|turn|15
|
|move|p2a: happy|U-turn|p1a: Gligar
|-resisted|p1a: Gligar
|-damage|p1a: Gligar|307\/325
|
|switch|p2a: you a|Vaporeon, M|464\/464 par
|move|p1a: Gligar|Earthquake|p2a: you a
|-damage|p2a: you a|365\/464 par
|
|-heal|p2a: you a|394\/464 par|[from] item: Leftovers
|turn|16
|
|switch|p1a: Papa D's|Snorlax, M|501\/501
|cant|p2a: you a|par
|
|-heal|p2a: you a|423\/464 par|[from] item: Leftovers
|turn|17
|
|switch|p2a: New Year|Infernape, F, shiny|238\/293
|move|p1a: Papa D's|Return|p2a: New Year
|-damage|p2a: New Year|12\/293
|
|turn|18
|
|switch|p1a: Gligar|Gligar, M|307\/325
|move|p2a: New Year|Close Combat|p1a: Gligar
|-resisted|p1a: Gligar
|-damage|p1a: Gligar|240\/325
|-unboost|p2a: New Year|def|1
|-unboost|p2a: New Year|spd|1
|
|turn|19
|
|switch|p2a: you a|Vaporeon, M|423\/464 par
|move|p1a: Gligar|Earthquake|p2a: you a
|-damage|p2a: you a|327\/464 par
|
|-heal|p2a: you a|356\/464 par|[from] item: Leftovers
|turn|20
|
|switch|p1a: Papa D's|Snorlax, M|501\/501
|move|p2a: you a|Heal Bell|p2a: you a
|-cureteam|p2a: you a|[from] move: HealBell
|
|-heal|p2a: you a|385\/464|[from] item: Leftovers
|turn|21
|
|move|p2a: you a|Wish|p2a: you a
|move|p1a: Papa D's|Return|p2a: you a
|-damage|p2a: you a|217\/464
|
|-heal|p2a: you a|246\/464|[from] item: Leftovers
|turn|22
|
|move|p2a: you a|Scald|p1a: Papa D's
|-crit|p1a: Papa D's
|-damage|p1a: Papa D's|353\/501
|move|p1a: Papa D's|Crunch|p2a: you a
|-damage|p2a: you a|154\/464
|-unboost|p2a: you a|def|1
|
|-heal|p2a: you a|386\/464|[from] move: Wish|[wisher] you a
|-heal|p2a: you a|415\/464|[from] item: Leftovers
|-heal|p1a: Papa D's|384\/501|[from] item: Leftovers
|turn|23
|
|move|p2a: you a|Scald|p1a: Papa D's
|-damage|p1a: Papa D's|293\/501
|-status|p1a: Papa D's|brn
|move|p1a: Papa D's|Return|p2a: you a
|-damage|p2a: you a|285\/464
|
|-heal|p2a: you a|314\/464|[from] item: Leftovers
|-heal|p1a: Papa D's|324\/501 brn|[from] item: Leftovers
|-damage|p1a: Papa D's|262\/501 brn|[from] brn
|turn|24
|
|move|p2a: you a|Wish|p2a: you a
|move|p1a: Papa D's|Rest|p1a: Papa D's
|-status|p1a: Papa D's|slp
|-heal|p1a: Papa D's|501\/501 slp|[silent]
|-status|p1a: Papa D's|slp|[from] move: Rest
|
|-heal|p2a: you a|343\/464|[from] item: Leftovers
|turn|25
|
|switch|p2a: Merry Christmas|Sceptile, M, shiny|281\/281
|cant|p1a: Papa D's|slp
|move|p1a: Papa D's|Sleep Talk|p1a: Papa D's
|move|p1a: Papa D's|Return|p2a: Merry Christmas|[from]Sleep Talk
|-damage|p2a: Merry Christmas|22\/281
|
|-heal|p2a: Merry Christmas|254\/281|[from] move: Wish|[wisher] you a
|turn|26
|
|detailschange|p2a: Merry Christmas|Sceptile-Mega, M, shiny
|-mega|p2a: Merry Christmas|Sceptile|Sceptilite
|move|p2a: Merry Christmas|Substitute|p2a: Merry Christmas
|-start|p2a: Merry Christmas|Substitute
|-damage|p2a: Merry Christmas|184\/281
|cant|p1a: Papa D's|slp
|move|p1a: Papa D's|Sleep Talk|p1a: Papa D's
|move|p1a: Papa D's|Crunch|p2a: Merry Christmas|[from]Sleep Talk
|-end|p2a: Merry Christmas|Substitute
|
|turn|27
|
|switch|p2a: you a|Vaporeon, M|343\/464
|-curestatus|p1a: Papa D's|slp
|move|p1a: Papa D's|Return|p2a: you a
|-damage|p2a: you a|166\/464
|
|-heal|p2a: you a|195\/464|[from] item: Leftovers
|turn|28
|
|move|p2a: you a|Protect|p2a: you a
|-singleturn|p2a: you a|Protect
|move|p1a: Papa D's|Return|p2a: you a
|-activate|p2a: you a|Protect
|
|-heal|p2a: you a|224\/464|[from] item: Leftovers
|turn|29
|
|move|p2a: you a|Wish|p2a: you a
|move|p1a: Papa D's|Return|p2a: you a
|-damage|p2a: you a|64\/464
|
|-heal|p2a: you a|93\/464|[from] item: Leftovers
|turn|30
|
|move|p2a: you a|Protect|p2a: you a
|-singleturn|p2a: you a|Protect
|move|p1a: Papa D's|Return|p2a: you a
|-activate|p2a: you a|Protect
|
|-heal|p2a: you a|325\/464|[from] move: Wish|[wisher] you a
|-heal|p2a: you a|354\/464|[from] item: Leftovers
|turn|31
|
|move|p2a: you a|Scald|p1a: Papa D's
|-damage|p1a: Papa D's|408\/501
|move|p1a: Papa D's|Crunch|p2a: you a
|-damage|p2a: you a|261\/464
|
|-heal|p2a: you a|290\/464|[from] item: Leftovers
|-heal|p1a: Papa D's|439\/501|[from] item: Leftovers
|turn|32
|
|move|p2a: you a|Scald|p1a: Papa D's
|-damage|p1a: Papa D's|345\/501
|move|p1a: Papa D's|Crunch|p2a: you a
|-damage|p2a: you a|190\/464
|
|-heal|p2a: you a|219\/464|[from] item: Leftovers
|-heal|p1a: Papa D's|376\/501|[from] item: Leftovers
|turn|33
|
|move|p2a: you a|Wish|p2a: you a
|move|p1a: Papa D's|Crunch|p2a: you a
|-damage|p2a: you a|129\/464
|
|-heal|p2a: you a|158\/464|[from] item: Leftovers
|-heal|p1a: Papa D's|407\/501|[from] item: Leftovers
|turn|34
|
|move|p2a: you a|Protect|p2a: you a
|-singleturn|p2a: you a|Protect
|move|p1a: Papa D's|Return|p2a: you a
|-activate|p2a: you a|Protect
|
|-heal|p2a: you a|390\/464|[from] move: Wish|[wisher] you a
|-heal|p2a: you a|419\/464|[from] item: Leftovers
|-heal|p1a: Papa D's|438\/501|[from] item: Leftovers
|turn|35
|
|move|p2a: you a|Scald|p1a: Papa D's
|-damage|p1a: Papa D's|339\/501
|move|p1a: Papa D's|Crunch|p2a: you a
|-damage|p2a: you a|332\/464
|-unboost|p2a: you a|def|1
|
|-heal|p2a: you a|361\/464|[from] item: Leftovers
|-heal|p1a: Papa D's|370\/501|[from] item: Leftovers
|turn|36
|
|move|p2a: you a|Scald|p1a: Papa D's
|-damage|p1a: Papa D's|277\/501
|move|p1a: Papa D's|Return|p2a: you a
|-damage|p2a: you a|84\/464
|
|-heal|p2a: you a|113\/464|[from] item: Leftovers
|-heal|p1a: Papa D's|308\/501|[from] item: Leftovers
|turn|37
|
|move|p2a: you a|Protect|p2a: you a
|-singleturn|p2a: you a|Protect
|move|p1a: Papa D's|Return|p2a: you a
|-activate|p2a: you a|Protect
|
|-heal|p2a: you a|142\/464|[from] item: Leftovers
|-heal|p1a: Papa D's|339\/501|[from] item: Leftovers
|turn|38
|
|switch|p2a: and a|Jirachi, shiny|404\/404
|move|p1a: Papa D's|Return|p2a: and a
|-resisted|p2a: and a
|-damage|p2a: and a|320\/404
|
|-heal|p2a: and a|345\/404|[from] item: Leftovers
|-heal|p1a: Papa D's|370\/501|[from] item: Leftovers
|turn|39
|
|move|p2a: and a|Stealth Rock|p1a: Papa D's
|-sidestart|p1: Miror D|move: Stealth Rock
|move|p1a: Papa D's|Crunch|p2a: and a
|-supereffective|p2a: and a
|-damage|p2a: and a|169\/404
|
|-heal|p2a: and a|194\/404|[from] item: Leftovers
|-heal|p1a: Papa D's|401\/501|[from] item: Leftovers
|turn|40
|
|move|p2a: and a|Thunder Wave|p1a: Papa D's
|-status|p1a: Papa D's|par
|move|p1a: Papa D's|Crunch|p2a: and a
|-supereffective|p2a: and a
|-damage|p2a: and a|0 fnt
|faint|p2a: and a
|
|-heal|p1a: Papa D's|432\/501 par|[from] item: Leftovers
|
|switch|p2a: New Year|Infernape, F, shiny|12\/293
|turn|41
|
|switch|p1a: Gligar|Gligar, M|240\/325
|-damage|p1a: Gligar|200\/325|[from] Stealth Rock
|move|p2a: New Year|U-turn|p1a: Gligar
|-resisted|p1a: Gligar
|-damage|p1a: Gligar|173\/325
|
|switch|p2a: you a|Vaporeon, M|142\/464
|
|-heal|p2a: you a|171\/464|[from] item: Leftovers
|turn|42
|
|move|p1a: Gligar|Toxic|p2a: you a
|-status|p2a: you a|tox
|move|p2a: you a|Wish|p2a: you a
|
|-heal|p2a: you a|200\/464 tox|[from] item: Leftovers
|-damage|p2a: you a|171\/464 tox|[from] psn
|turn|43
|
|switch|p1a: Papa D's|Snorlax, M|432\/501 par
|-damage|p1a: Papa D's|370\/501 par|[from] Stealth Rock
|move|p2a: you a|Heal Bell|p2a: you a
|-cureteam|p2a: you a|[from] move: HealBell
|
|-heal|p2a: you a|403\/464|[from] move: Wish|[wisher] you a
|-heal|p2a: you a|432\/464|[from] item: Leftovers
|-heal|p1a: Papa D's|401\/501 par|[from] item: Leftovers
|turn|44
|
|move|p2a: you a|Wish|p2a: you a
|move|p1a: Papa D's|Rest|p1a: Papa D's
|-status|p1a: Papa D's|slp
|-heal|p1a: Papa D's|501\/501 slp|[silent]
|-status|p1a: Papa D's|slp|[from] move: Rest
|
|-heal|p2a: you a|461\/464|[from] item: Leftovers
|turn|45
|
|switch|p2a: happy|Crobat, F, shiny|326\/373
|cant|p1a: Papa D's|slp
|move|p1a: Papa D's|Sleep Talk|p1a: Papa D's
|move|p1a: Papa D's|Rest|p1a: Papa D's|[from]Sleep Talk
|-fail|p1a: Papa D's
|
|-heal|p2a: happy|373\/373|[from] move: Wish|[wisher] you a
|turn|46
|
|move|p2a: happy|Brave Bird|p1a: Papa D's
|-damage|p1a: Papa D's|321\/501 slp
|-damage|p2a: happy|314\/373|[from] recoil|[of] p1a: Papa D's
|cant|p1a: Papa D's|slp
|move|p1a: Papa D's|Sleep Talk|p1a: Papa D's
|move|p1a: Papa D's|Rest|p1a: Papa D's|[from]Sleep Talk
|-fail|p1a: Papa D's
|
|-heal|p2a: happy|337\/373|[from] item: Black Sludge
|-heal|p1a: Papa D's|352\/501 slp|[from] item: Leftovers
|turn|47
|
|move|p2a: happy|Brave Bird|p1a: Papa D's
|-damage|p1a: Papa D's|172\/501 slp
|-damage|p2a: happy|278\/373|[from] recoil|[of] p1a: Papa D's
|-curestatus|p1a: Papa D's|slp
|move|p1a: Papa D's|Return|p2a: happy
|-damage|p2a: happy|56\/373
|
|-heal|p2a: happy|79\/373|[from] item: Black Sludge
|-heal|p1a: Papa D's|203\/501|[from] item: Leftovers
|turn|48
|
|move|p2a: happy|U-turn|p1a: Papa D's
|-damage|p1a: Papa D's|139\/501
|
|switch|p2a: Merry Christmas|Sceptile-Mega, M, shiny|184\/281
|move|p1a: Papa D's|Rest|p1a: Papa D's
|-status|p1a: Papa D's|slp
|-heal|p1a: Papa D's|501\/501 slp|[silent]
|-status|p1a: Papa D's|slp|[from] move: Rest
|
|turn|49
|
|move|p2a: Merry Christmas|Focus Blast|p1a: Papa D's
|-supereffective|p1a: Papa D's
|-damage|p1a: Papa D's|201\/501 slp
|cant|p1a: Papa D's|slp
|move|p1a: Papa D's|Sleep Talk|p1a: Papa D's
|move|p1a: Papa D's|Return|p2a: Merry Christmas|[from]Sleep Talk
|-damage|p2a: Merry Christmas|0 fnt
|faint|p2a: Merry Christmas
|
|-heal|p1a: Papa D's|232\/501 slp|[from] item: Leftovers
|
|switch|p2a: New Year|Infernape, F, shiny|12\/293
|turn|50
|
|switch|p1a: Gligar|Gligar, M|173\/325
|-damage|p1a: Gligar|133\/325|[from] Stealth Rock
|move|p2a: New Year|Close Combat|p1a: Gligar
|-resisted|p1a: Gligar
|-damage|p1a: Gligar|69\/325
|-unboost|p2a: New Year|def|1
|-unboost|p2a: New Year|spd|1
|
|turn|51
|
|switch|p2a: happy|Crobat, F, shiny|79\/373
|move|p1a: Gligar|Roost|p1a: Gligar
|-heal|p1a: Gligar|232\/325
|
|-heal|p2a: happy|102\/373|[from] item: Black Sludge
|turn|52
|
|move|p2a: happy|Roost|p2a: happy
|-heal|p2a: happy|289\/373
|move|p1a: Gligar|Roost|p1a: Gligar
|-heal|p1a: Gligar|325\/325
|
|-heal|p2a: happy|312\/373|[from] item: Black Sludge
|turn|53
|
|move|p2a: happy|Brave Bird|p1a: Gligar
|-damage|p1a: Gligar|229\/325
|-damage|p2a: happy|280\/373|[from] recoil|[of] p1a: Gligar
|move|p1a: Gligar|Defog|p2a: happy
|-unboost|p2a: happy|evasion|1
|-sideend|p1: Miror D|Stealth Rock|[from] move: Defog|[of] p1a: Gligar
|
|-heal|p2a: happy|303\/373|[from] item: Black Sludge
|turn|54
|
|move|p2a: happy|Brave Bird|p1a: Gligar
|-damage|p1a: Gligar|132\/325
|-damage|p2a: happy|271\/373|[from] recoil|[of] p1a: Gligar
|move|p1a: Gligar|Earthquake|p2a: happy
|-immune|p2a: happy|[msg]
|
|-heal|p2a: happy|294\/373|[from] item: Black Sludge
|turn|55
|
|move|p2a: happy|Brave Bird|p1a: Gligar
|-damage|p1a: Gligar|36\/325
|-damage|p2a: happy|262\/373|[from] recoil|[of] p1a: Gligar
|move|p1a: Gligar|Roost|p1a: Gligar
|-heal|p1a: Gligar|199\/325
|
|-heal|p2a: happy|285\/373|[from] item: Black Sludge
|turn|56
|
|move|p2a: happy|Brave Bird|p1a: Gligar
|-damage|p1a: Gligar|100\/325
|-damage|p2a: happy|252\/373|[from] recoil|[of] p1a: Gligar
|move|p1a: Gligar|Toxic|p2a: happy
|-fail|p2a: happy
|
|-heal|p2a: happy|275\/373|[from] item: Black Sludge
|turn|57
|
|move|p2a: happy|Brave Bird|p1a: Gligar
|-damage|p1a: Gligar|6\/325
|-damage|p2a: happy|244\/373|[from] recoil|[of] p1a: Gligar
|move|p1a: Gligar|Roost|p1a: Gligar
|-heal|p1a: Gligar|169\/325
|
|-heal|p2a: happy|267\/373|[from] item: Black Sludge
|turn|58
|
|move|p2a: happy|Brave Bird|p1a: Gligar
|-damage|p1a: Gligar|67\/325
|-damage|p2a: happy|233\/373|[from] recoil|[of] p1a: Gligar
|move|p1a: Gligar|Roost|p1a: Gligar
|-heal|p1a: Gligar|230\/325
|
|-heal|p2a: happy|256\/373|[from] item: Black Sludge
|turn|59
|
|move|p2a: happy|U-turn|p1a: Gligar
|-resisted|p1a: Gligar
|-damage|p1a: Gligar|210\/325
|
|switch|p2a: you a|Vaporeon, M|461\/464
|move|p1a: Gligar|Earthquake|p2a: you a
|-damage|p2a: you a|361\/464
|
|-heal|p2a: you a|390\/464|[from] item: Leftovers
|turn|60
|
|switch|p1a: Papa D's|Snorlax, M|232\/501 slp
|move|p2a: you a|Scald|p1a: Papa D's
|-damage|p1a: Papa D's|139\/501 slp
|
|-heal|p2a: you a|419\/464|[from] item: Leftovers
|-heal|p1a: Papa D's|170\/501 slp|[from] item: Leftovers
|turn|61
|
|move|p2a: you a|Wish|p2a: you a
|cant|p1a: Papa D's|slp
|move|p1a: Papa D's|Sleep Talk|p1a: Papa D's
|move|p1a: Papa D's|Crunch|p2a: you a|[from]Sleep Talk
|-damage|p2a: you a|322\/464
|
|-heal|p2a: you a|351\/464|[from] item: Leftovers
|-heal|p1a: Papa D's|201\/501 slp|[from] item: Leftovers
|turn|62
|
|switch|p2a: New Year|Infernape, F, shiny|12\/293
|-curestatus|p1a: Papa D's|slp
|move|p1a: Papa D's|Return|p2a: New Year
|-damage|p2a: New Year|0 fnt
|faint|p2a: New Year
|
|-heal|p1a: Papa D's|232\/501|[from] item: Leftovers
|
|switch|p2a: happy|Crobat, F, shiny|256\/373
|turn|63
|
|move|p2a: happy|Brave Bird|p1a: Papa D's
|-damage|p1a: Papa D's|64\/501
|-damage|p2a: happy|201\/373|[from] recoil|[of] p1a: Papa D's
|move|p1a: Papa D's|Return|p2a: happy
|-damage|p2a: happy|0 fnt
|faint|p2a: happy
|
|-heal|p1a: Papa D's|95\/501|[from] item: Leftovers
|
|switch|p2a: you a|Vaporeon, M|351\/464
|turn|64
|
|switch|p1a: Gligar|Gligar, M|210\/325
|move|p2a: you a|Scald|p1a: Gligar
|-supereffective|p1a: Gligar
|-damage|p1a: Gligar|0 fnt
|faint|p1a: Gligar
|
|-heal|p2a: you a|380\/464|[from] item: Leftovers
|
|switch|p1a: D-Blim|Drifblim, F|442\/442
|turn|65
|
|move|p1a: D-Blim|Substitute|p1a: D-Blim
|-start|p1a: D-Blim|Substitute
|-damage|p1a: D-Blim|332\/442
|move|p2a: you a|Scald|p1a: D-Blim
|-end|p1a: D-Blim|Substitute
|
|-heal|p2a: you a|409\/464|[from] item: Leftovers
|turn|66
|
|move|p1a: D-Blim|Substitute|p1a: D-Blim
|-start|p1a: D-Blim|Substitute
|-damage|p1a: D-Blim|222\/442
|move|p2a: you a|Scald|p1a: D-Blim
|-end|p1a: D-Blim|Substitute
|
|-heal|p2a: you a|438\/464|[from] item: Leftovers
|turn|67
|
|move|p1a: D-Blim|Substitute|p1a: D-Blim
|-start|p1a: D-Blim|Substitute
|-damage|p1a: D-Blim|112\/442
|move|p2a: you a|Scald|p1a: D-Blim
|-end|p1a: D-Blim|Substitute
|
|-heal|p2a: you a|464\/464|[from] item: Leftovers
|turn|68
|c|âMiror D|gg
|
|move|p2a: you a|Protect|p2a: you a
|-singleturn|p2a: you a|Protect
|move|p1a: D-Blim|Destiny Bond|p1a: D-Blim
|-singlemove|p1a: D-Blim|Destiny Bond
|
|turn|69
|
|move|p1a: D-Blim|Substitute|p1a: D-Blim
|-start|p1a: D-Blim|Substitute
|-damage|p1a: D-Blim|2\/442
|-enditem|p1a: D-Blim|Liechi Berry|[eat]
|-boost|p1a: D-Blim|atk|1|[from] item: Liechi Berry
|move|p2a: you a|Wish|p2a: you a
|
|turn|70
|
|move|p1a: D-Blim|Acrobatics|p2a: you a
|-damage|p2a: you a|215\/464
|move|p2a: you a|Scald|p1a: D-Blim
|-end|p1a: D-Blim|Substitute
|
|-heal|p2a: you a|447\/464|[from] move: Wish|[wisher] you a
|-heal|p2a: you a|464\/464|[from] item: Leftovers
|turn|71
|
|switch|p1a: Papa D's|Snorlax, M|95\/501
|move|p2a: you a|Wish|p2a: you a
|
|-heal|p1a: Papa D's|126\/501|[from] item: Leftovers
|turn|72
|
|move|p2a: you a|Scald|p1a: Papa D's
|-damage|p1a: Papa D's|35\/501
|move|p1a: Papa D's|Rest|p1a: Papa D's
|-status|p1a: Papa D's|slp
|-heal|p1a: Papa D's|501\/501 slp|[silent]
|-status|p1a: Papa D's|slp|[from] move: Rest
|
|turn|73
|
|move|p2a: you a|Scald|p1a: Papa D's
|-damage|p1a: Papa D's|411\/501 slp
|cant|p1a: Papa D's|slp
|move|p1a: Papa D's|Sleep Talk|p1a: Papa D's
|move|p1a: Papa D's|Rest|p1a: Papa D's|[from]Sleep Talk
|-fail|p1a: Papa D's
|
|-heal|p1a: Papa D's|442\/501 slp|[from] item: Leftovers
|turn|74
|
|move|p2a: you a|Scald|p1a: Papa D's
|-damage|p1a: Papa D's|352\/501 slp
|cant|p1a: Papa D's|slp
|move|p1a: Papa D's|Sleep Talk|p1a: Papa D's
|move|p1a: Papa D's|Rest|p1a: Papa D's|[from]Sleep Talk
|-fail|p1a: Papa D's
|
|-heal|p1a: Papa D's|383\/501 slp|[from] item: Leftovers
|turn|75
|c|âMiror D|im too generous
|
|move|p2a: you a|Wish|p2a: you a
|-curestatus|p1a: Papa D's|slp
|move|p1a: Papa D's|Crunch|p2a: you a
|-crit|p2a: you a
|-damage|p2a: you a|322\/464
|
|-heal|p2a: you a|351\/464|[from] item: Leftovers
|-heal|p1a: Papa D's|414\/501|[from] item: Leftovers
|turn|76
|
|move|p2a: you a|Scald|p1a: Papa D's
|-damage|p1a: Papa D's|317\/501
|move|p1a: Papa D's|Crunch|p2a: you a
|-damage|p2a: you a|264\/464
|
|-heal|p2a: you a|464\/464|[from] move: Wish|[wisher] you a
|-heal|p1a: Papa D's|348\/501|[from] item: Leftovers
|turn|77
|
|move|p2a: you a|Scald|p1a: Papa D's
|-damage|p1a: Papa D's|246\/501
|move|p1a: Papa D's|Crunch|p2a: you a
|-damage|p2a: you a|377\/464
|
|-heal|p2a: you a|406\/464|[from] item: Leftovers
|-heal|p1a: Papa D's|277\/501|[from] item: Leftovers
|turn|78
|
|move|p2a: you a|Scald|p1a: Papa D's
|-damage|p1a: Papa D's|187\/501
|move|p1a: Papa D's|Crunch|p2a: you a
|-damage|p2a: you a|320\/464
|
|-heal|p2a: you a|349\/464|[from] item: Leftovers
|-heal|p1a: Papa D's|218\/501|[from] item: Leftovers
|turn|79
|
|move|p2a: you a|Scald|p1a: Papa D's
|-damage|p1a: Papa D's|115\/501
|move|p1a: Papa D's|Rest|p1a: Papa D's
|-status|p1a: Papa D's|slp
|-heal|p1a: Papa D's|501\/501 slp|[silent]
|-status|p1a: Papa D's|slp|[from] move: Rest
|
|-heal|p2a: you a|378\/464|[from] item: Leftovers
|turn|80
|
|move|p2a: you a|Heal Bell|p2a: you a
|-cureteam|p2a: you a|[from] move: HealBell
|cant|p1a: Papa D's|slp
|move|p1a: Papa D's|Sleep Talk|p1a: Papa D's
|move|p1a: Papa D's|Return|p2a: you a|[from]Sleep Talk
|-damage|p2a: you a|201\/464
|
|-heal|p2a: you a|230\/464|[from] item: Leftovers
|turn|81
|
|move|p2a: you a|Wish|p2a: you a
|cant|p1a: Papa D's|slp
|move|p1a: Papa D's|Sleep Talk|p1a: Papa D's
|move|p1a: Papa D's|Rest|p1a: Papa D's|[from]Sleep Talk
|-fail|p1a: Papa D's
|
|-heal|p2a: you a|259\/464|[from] item: Leftovers
|turn|82
|
|move|p2a: you a|Protect|p2a: you a
|-singleturn|p2a: you a|Protect
|-curestatus|p1a: Papa D's|slp
|move|p1a: Papa D's|Crunch|p2a: you a
|-activate|p2a: you a|Protect
|
|-heal|p2a: you a|464\/464|[from] move: Wish|[wisher] you a
|turn|83
|
|move|p2a: you a|Scald|p1a: Papa D's
|-damage|p1a: Papa D's|414\/501
|-status|p1a: Papa D's|brn
|move|p1a: Papa D's|Crunch|p2a: you a
|-damage|p2a: you a|420\/464
|
|-heal|p2a: you a|449\/464|[from] item: Leftovers
|-heal|p1a: Papa D's|445\/501 brn|[from] item: Leftovers
|-damage|p1a: Papa D's|383\/501 brn|[from] brn
|turn|84
|
|move|p2a: you a|Heal Bell|p2a: you a
|-cureteam|p2a: you a|[from] move: HealBell
|move|p1a: Papa D's|Crunch|p2a: you a
|-damage|p2a: you a|398\/464
|
|-heal|p2a: you a|427\/464|[from] item: Leftovers
|-heal|p1a: Papa D's|414\/501 brn|[from] item: Leftovers
|-damage|p1a: Papa D's|352\/501 brn|[from] brn
|turn|85
|
|move|p2a: you a|Heal Bell|p2a: you a
|-cureteam|p2a: you a|[from] move: HealBell
|move|p1a: Papa D's|Crunch|p2a: you a
|-crit|p2a: you a
|-damage|p2a: you a|361\/464
|
|-heal|p2a: you a|390\/464|[from] item: Leftovers
|-heal|p1a: Papa D's|383\/501 brn|[from] item: Leftovers
|-damage|p1a: Papa D's|321\/501 brn|[from] brn
|turn|86
|
|move|p2a: you a|Wish|p2a: you a
|move|p1a: Papa D's|Crunch|p2a: you a
|-damage|p2a: you a|341\/464
|-unboost|p2a: you a|def|1
|
|-heal|p2a: you a|370\/464|[from] item: Leftovers
|-heal|p1a: Papa D's|352\/501 brn|[from] item: Leftovers
|-damage|p1a: Papa D's|290\/501 brn|[from] brn
|turn|87
|
|move|p2a: you a|Protect|p2a: you a
|-singleturn|p2a: you a|Protect
|move|p1a: Papa D's|Crunch|p2a: you a
|-activate|p2a: you a|Protect
|
|-heal|p2a: you a|464\/464|[from] move: Wish|[wisher] you a
|-heal|p1a: Papa D's|321\/501 brn|[from] item: Leftovers
|-damage|p1a: Papa D's|259\/501 brn|[from] brn
|turn|88
|
|move|p2a: you a|Heal Bell|p2a: you a
|-cureteam|p2a: you a|[from] move: HealBell
|move|p1a: Papa D's|Crunch|p2a: you a
|-damage|p2a: you a|397\/464
|
|-heal|p2a: you a|426\/464|[from] item: Leftovers
|-heal|p1a: Papa D's|290\/501 brn|[from] item: Leftovers
|-damage|p1a: Papa D's|228\/501 brn|[from] brn
|turn|89
|
|move|p2a: you a|Protect|p2a: you a
|-singleturn|p2a: you a|Protect
|move|p1a: Papa D's|Rest|p1a: Papa D's
|-status|p1a: Papa D's|slp
|-heal|p1a: Papa D's|501\/501 slp|[silent]
|-status|p1a: Papa D's|slp|[from] move: Rest
|
|-heal|p2a: you a|455\/464|[from] item: Leftovers
|turn|90
|
|move|p2a: you a|Heal Bell|p2a: you a
|-cureteam|p2a: you a|[from] move: HealBell
|cant|p1a: Papa D's|slp
|move|p1a: Papa D's|Sleep Talk|p1a: Papa D's
|move|p1a: Papa D's|Crunch|p2a: you a|[from]Sleep Talk
|-damage|p2a: you a|315\/464
|
|-heal|p2a: you a|344\/464|[from] item: Leftovers
|turn|91
|
|move|p2a: you a|Wish|p2a: you a
|cant|p1a: Papa D's|slp
|move|p1a: Papa D's|Sleep Talk|p1a: Papa D's
|move|p1a: Papa D's|Return|p2a: you a|[from]Sleep Talk
|-damage|p2a: you a|88\/464
|
|-heal|p2a: you a|117\/464|[from] item: Leftovers
|turn|92
|
|move|p2a: you a|Protect|p2a: you a
|-singleturn|p2a: you a|Protect
|-curestatus|p1a: Papa D's|slp
|move|p1a: Papa D's|Return|p2a: you a
|-activate|p2a: you a|Protect
|
|-heal|p2a: you a|349\/464|[from] move: Wish|[wisher] you a
|-heal|p2a: you a|378\/464|[from] item: Leftovers
|turn|93
|
|move|p2a: you a|Scald|p1a: Papa D's
|-crit|p1a: Papa D's
|-damage|p1a: Papa D's|350\/501
|move|p1a: Papa D's|Crunch|p2a: you a
|-damage|p2a: you a|252\/464
|
|-heal|p2a: you a|281\/464|[from] item: Leftovers
|-heal|p1a: Papa D's|381\/501|[from] item: Leftovers
|turn|94
|
|move|p2a: you a|Wish|p2a: you a
|move|p1a: Papa D's|Return|p2a: you a
|-damage|p2a: you a|7\/464
|
|-heal|p2a: you a|36\/464|[from] item: Leftovers
|-heal|p1a: Papa D's|412\/501|[from] item: Leftovers
|turn|95
|c|âMiror D|a=awh your saving 24 scalds?
|c|ârubbox1992|and u 16 rest?
|
|move|p2a: you a|Protect|p2a: you a
|-singleturn|p2a: you a|Protect
|move|p1a: Papa D's|Return|p2a: you a
|-activate|p2a: you a|Protect
|
|-heal|p2a: you a|268\/464|[from] move: Wish|[wisher] you a
|-heal|p2a: you a|297\/464|[from] item: Leftovers
|-heal|p1a: Papa D's|443\/501|[from] item: Leftovers
|turn|96
|c|âMiror D|well
|
|move|p2a: you a|Wish|p2a: you a
|move|p1a: Papa D's|Return|p2a: you a
|-damage|p2a: you a|35\/464
|
|-heal|p2a: you a|64\/464|[from] item: Leftovers
|-heal|p1a: Papa D's|474\/501|[from] item: Leftovers
|turn|97
|c|âMiror D|i just wanted a stats drop
|c|âMiror D|with cruch
|
|move|p2a: you a|Protect|p2a: you a
|-singleturn|p2a: you a|Protect
|move|p1a: Papa D's|Return|p2a: you a
|-activate|p2a: you a|Protect
|
|-heal|p2a: you a|296\/464|[from] move: Wish|[wisher] you a
|-heal|p2a: you a|325\/464|[from] item: Leftovers
|-heal|p1a: Papa D's|501\/501|[from] item: Leftovers
|turn|98
|
|move|p2a: you a|Scald|p1a: Papa D's
|-damage|p1a: Papa D's|401\/501
|move|p1a: Papa D's|Crunch|p2a: you a
|-damage|p2a: you a|193\/464
|
|-heal|p2a: you a|222\/464|[from] item: Leftovers
|-heal|p1a: Papa D's|432\/501|[from] item: Leftovers
|turn|99
|c|âMiror D|gg
|-message|rubbox1992 forfeited.
|leave|rubbox1992
|
|move|p2a: you a|Protect|p2a: you a
|-singleturn|p2a: you a|Protect
|move|p1a: Papa D's|Return|p2a: you a
|-activate|p2a: you a|Protect
|
|-heal|p2a: you a|251\/464|[from] item: Leftovers
|-heal|p1a: Papa D's|463\/501|[from] item: Leftovers
|turn|100
|
|win|Miror D
|raw|Ladder updating...
|player|p2
|raw|Miror D's rating: 1404 &rarr; <strong>1418<\/strong><br \/>(+14 for winning)
|raw|rubbox1992's rating: 1285 &rarr; <strong>1268<\/strong><br \/>(-17 for losing)