|join|Miror D
|join|martinaugustopp
|c|âmartinaugustopp|sup-bruh
|player|p1|Miror D|273
|player|p2|martinaugustopp|2
|gametype|singles
|gen|6
|tier|UU
|rated
|rule|Sleep Clause Mod: Limit one foe put to sleep
|rule|Species Clause: Limit one of each PokÃ©mon
|rule|OHKO Clause: OHKO moves are banned
|rule|Moody Clause: Moody is banned
|rule|Evasion Moves Clause: Evasion moves are banned
|rule|Endless Battle Clause: Forcing endless battles is banned
|rule|HP Percentage Mod: HP is shown in percentages
|clearpoke
|poke|p1|Drifblim, F
|poke|p1|Snorlax, M
|poke|p1|Banette, M, shiny
|poke|p1|Gligar, M
|poke|p1|Registeel
|poke|p1|Weezing, F
|poke|p2|Alakazam, M
|poke|p2|Darmanitan, M
|poke|p2|Sharpedo, M
|poke|p2|Donphan, F
|poke|p2|Honchkrow, M
|poke|p2|Goodra, M
|rule|Swagger Clause: Swagger is banned
|rule|Baton Pass Clause: Limit one PokÃ©mon knowing Baton Pass
|teampreview
|c|âmartinaugustopp|oly-uu-in-there-is-snorlax
|
|start
|switch|p1a: Dong|Gligar, M|325\/325
|switch|p2a: Darmanitan|Darmanitan, M|351\/351
|turn|1
|
|move|p2a: Darmanitan|U-turn|p1a: Dong
|-resisted|p1a: Dong
|-damage|p1a: Dong|301\/325
|
|switch|p2a: Sharpedo|Sharpedo, M|281\/281
|move|p1a: Dong|Toxic|p2a: Sharpedo
|-status|p2a: Sharpedo|tox
|
|-damage|p2a: Sharpedo|264\/281 tox|[from] psn
|turn|2
|
|switch|p1a: Deezing|Weezing, F|333\/333
|move|p2a: Sharpedo|Ice Fang|p1a: Deezing
|-crit|p1a: Deezing
|-damage|p1a: Deezing|261\/333
|-damage|p2a: Sharpedo|218\/281 tox|[from] item: Rocky Helmet|[of] p1a: Deezing
|
|-damage|p2a: Sharpedo|184\/281 tox|[from] psn
|-boost|p2a: Sharpedo|spe|1|[from] ability: Speed Boost
|turn|3
|
|detailschange|p2a: Sharpedo|Sharpedo-Mega, M
|-mega|p2a: Sharpedo|Sharpedo|Sharpedonite
|move|p2a: Sharpedo|Crunch|p1a: Deezing
|-damage|p1a: Deezing|101\/333
|-damage|p2a: Sharpedo|138\/281 tox|[from] item: Rocky Helmet|[of] p1a: Deezing
|move|p1a: Deezing|Fire Blast|p2a: Sharpedo
|-resisted|p2a: Sharpedo
|-damage|p2a: Sharpedo|81\/281 tox
|
|-damage|p2a: Sharpedo|30\/281 tox|[from] psn
|turn|4
|
|switch|p1a: RegiStuDee|Registeel|362\/362
|move|p2a: Sharpedo|Waterfall|p1a: RegiStuDee
|-damage|p1a: RegiStuDee|244\/362
|
|-damage|p2a: Sharpedo|0 fnt|[from] psn
|faint|p2a: Sharpedo
|
|switch|p2a: Donphan|Donphan, F|384\/384
|turn|5
|
|switch|p1a: Deezing|Weezing, F|101\/333
|move|p2a: Donphan|Knock Off|p1a: Deezing
|-damage|p1a: Deezing|38\/333
|-damage|p2a: Donphan|320\/384|[from] item: Rocky Helmet|[of] p1a: Deezing
|-enditem|p1a: Deezing|Rocky Helmet|[from] move: Knock Off|[of] p2a: Donphan
|
|-heal|p2a: Donphan|344\/384|[from] item: Leftovers
|turn|6
|
|move|p2a: Donphan|Stealth Rock|p1a: Deezing
|-sidestart|p1: Miror D|move: Stealth Rock
|move|p1a: Deezing|Pain Split|p2a: Donphan
|-sethp|p2a: Donphan|191\/384|p1a: Deezing|191\/333|[from] move: Pain Split
|
|-heal|p2a: Donphan|215\/384|[from] item: Leftovers
|turn|7
|
|switch|p2a: Alakazam|Alakazam, M|251\/251
|move|p1a: Deezing|Will-O-Wisp|p2a: Alakazam
|-status|p2a: Alakazam|brn
|
|turn|8
|
|move|p2a: Alakazam|Psyshock|p1a: Deezing
|-supereffective|p1a: Deezing
|-damage|p1a: Deezing|0 fnt
|faint|p1a: Deezing
|
|
|switch|p1a: Papa D's|Snorlax, M|501\/501
|-damage|p1a: Papa D's|439\/501|[from] Stealth Rock
|turn|9
|
|move|p2a: Alakazam|Psyshock|p1a: Papa D's
|-damage|p1a: Papa D's|193\/501
|move|p1a: Papa D's|Return|p2a: Alakazam
|-damage|p2a: Alakazam|0 fnt
|faint|p2a: Alakazam
|
|-heal|p1a: Papa D's|224\/501|[from] item: Leftovers
|c|âmartinaugustopp|awww
|
|switch|p2a: Darmanitan|Darmanitan, M|351\/351
|turn|10
|
|switch|p1a: Dong|Gligar, M|301\/325
|-damage|p1a: Dong|261\/325|[from] Stealth Rock
|move|p2a: Darmanitan|Superpower|p1a: Dong
|-resisted|p1a: Dong
|-damage|p1a: Dong|225\/325
|-unboost|p2a: Darmanitan|atk|1
|-unboost|p2a: Darmanitan|def|1
|
|turn|11
|
|switch|p2a: Donphan|Donphan, F|215\/384
|move|p1a: Dong|Toxic|p2a: Donphan|[miss]
|-miss|p1a: Dong|p2a: Donphan
|
|-heal|p2a: Donphan|239\/384|[from] item: Leftovers
|turn|12
|
|move|p1a: Dong|Toxic|p2a: Donphan
|-status|p2a: Donphan|tox
|move|p2a: Donphan|Knock Off|p1a: Dong
|-damage|p1a: Dong|182\/325
|-enditem|p1a: Dong|Eviolite|[from] move: Knock Off|[of] p2a: Donphan
|
|-heal|p2a: Donphan|263\/384 tox|[from] item: Leftovers
|-damage|p2a: Donphan|239\/384 tox|[from] psn
|turn|13
|
|switch|p2a: Honchkrow|Honchkrow, M|342\/342
|move|p1a: Dong|Roost|p1a: Dong
|-heal|p1a: Dong|325\/325
|
|turn|14
|
|switch|p1a: RegiStuDee|Registeel|244\/362
|-damage|p1a: RegiStuDee|222\/362|[from] Stealth Rock
|move|p2a: Honchkrow|Substitute|p2a: Honchkrow
|-start|p2a: Honchkrow|Substitute
|-damage|p2a: Honchkrow|257\/342
|
|-heal|p2a: Honchkrow|278\/342|[from] item: Leftovers
|turn|15
|
|move|p2a: Honchkrow|Brave Bird|p1a: RegiStuDee
|-resisted|p1a: RegiStuDee
|-damage|p1a: RegiStuDee|135\/362
|-damage|p2a: Honchkrow|249\/342|[from] recoil|[of] p1a: RegiStuDee
|move|p1a: RegiStuDee|Rest|p1a: RegiStuDee
|-status|p1a: RegiStuDee|slp
|-heal|p1a: RegiStuDee|362\/362 slp|[silent]
|-status|p1a: RegiStuDee|slp|[from] move: Rest
|-enditem|p1a: RegiStuDee|Chesto Berry|[eat]
|-curestatus|p1a: RegiStuDee|slp
|
|-heal|p2a: Honchkrow|270\/342|[from] item: Leftovers
|turn|16
|
|switch|p2a: Darmanitan|Darmanitan, M|351\/351
|move|p1a: RegiStuDee|Stealth Rock|p2a: Darmanitan
|-sidestart|p2: martinaugustopp|move: Stealth Rock
|
|turn|17
|c|âmartinaugustopp|such-a-stally-team
|
|switch|p1a: Dong|Gligar, M|325\/325
|-damage|p1a: Dong|285\/325|[from] Stealth Rock
|move|p2a: Darmanitan|Flare Blitz|p1a: Dong
|-damage|p1a: Dong|53\/325
|-damage|p2a: Darmanitan|274\/351|[from] recoil|[of] p1a: Dong
|
|turn|18
|c|âMiror D|im using ru stuff
|
|move|p2a: Darmanitan|Flare Blitz|p1a: Dong
|-damage|p1a: Dong|0 fnt
|-damage|p2a: Darmanitan|257\/351|[from] recoil|[of] p1a: Dong
|faint|p1a: Dong
|
|c|âmartinaugustopp|still..stalling-sucks
|
|switch|p1a: Derrick|Banette, M, shiny|270\/270
|-damage|p1a: Derrick|237\/270|[from] Stealth Rock
|-item|p2a: Darmanitan|Choice Scarf|[from] ability: Frisk|[of] p1a: Derrick|[identify]
|turn|19
|
|detailschange|p1a: Derrick|Banette-Mega, M, shiny
|-mega|p1a: Derrick|Banette|Banettite
|move|p1a: Derrick|Sucker Punch|p2a: Darmanitan
|-damage|p2a: Darmanitan|50\/351
|move|p2a: Darmanitan|Flare Blitz|p1a: Derrick
|-damage|p1a: Derrick|0 fnt
|-damage|p2a: Darmanitan|0 fnt|[from] recoil|[of] p1a: Derrick
|faint|p1a: Derrick
|faint|p2a: Darmanitan
|
|
|switch|p1a: D-Blim|Drifblim, F|442\/442
|switch|p2a: Honchkrow|Honchkrow, M|270\/342
|-damage|p1a: D-Blim|332\/442|[from] Stealth Rock
|-damage|p2a: Honchkrow|185\/342|[from] Stealth Rock
|turn|20
|
|move|p2a: Honchkrow|Sucker Punch|p1a: D-Blim
|-fail|p1a: D-Blim
|move|p1a: D-Blim|Substitute|p1a: D-Blim
|-start|p1a: D-Blim|Substitute
|-damage|p1a: D-Blim|222\/442
|
|-heal|p2a: Honchkrow|206\/342|[from] item: Leftovers
|turn|21
|c|âmartinaugustopp|well..tits
|
|move|p1a: D-Blim|Acrobatics|p2a: Honchkrow
|-damage|p2a: Honchkrow|80\/342
|move|p2a: Honchkrow|Brave Bird|p1a: D-Blim
|-end|p1a: D-Blim|Substitute
|-damage|p2a: Honchkrow|44\/342|[from] recoil|[of] p1a: D-Blim
|
|-heal|p2a: Honchkrow|65\/342|[from] item: Leftovers
|turn|22
|
|move|p1a: D-Blim|Substitute|p1a: D-Blim
|-start|p1a: D-Blim|Substitute
|-damage|p1a: D-Blim|112\/442
|move|p2a: Honchkrow|Roost|p2a: Honchkrow
|-heal|p2a: Honchkrow|236\/342
|
|-heal|p2a: Honchkrow|257\/342|[from] item: Leftovers
|turn|23
|
|move|p1a: D-Blim|Knock Off|p2a: Honchkrow
|-resisted|p2a: Honchkrow
|-damage|p2a: Honchkrow|186\/342
|-enditem|p2a: Honchkrow|Leftovers|[from] move: Knock Off|[of] p1a: D-Blim
|move|p2a: Honchkrow|Substitute|p2a: Honchkrow
|-start|p2a: Honchkrow|Substitute
|-damage|p2a: Honchkrow|101\/342
|
|turn|24
|
|move|p1a: D-Blim|Acrobatics|p2a: Honchkrow
|-end|p2a: Honchkrow|Substitute
|move|p2a: Honchkrow|Brave Bird|p1a: D-Blim
|-end|p1a: D-Blim|Substitute
|-damage|p2a: Honchkrow|65\/342|[from] recoil|[of] p1a: D-Blim
|
|turn|25
|
|move|p2a: Honchkrow|Sucker Punch|p1a: D-Blim
|-fail|p1a: D-Blim
|move|p1a: D-Blim|Substitute|p1a: D-Blim
|-start|p1a: D-Blim|Substitute
|-damage|p1a: D-Blim|2\/442
|-enditem|p1a: D-Blim|Liechi Berry|[eat]
|-boost|p1a: D-Blim|atk|1|[from] item: Liechi Berry
|
|turn|26
|c|âmartinaugustopp|mhmhhmh
|c|âmartinaugustopp|i-still-got-a-plan
|
|switch|p2a: Donphan|Donphan, F|239\/384 tox
|-damage|p2a: Donphan|215\/384 tox|[from] Stealth Rock
|move|p1a: D-Blim|Acrobatics|p2a: Donphan
|-damage|p2a: Donphan|65\/384 tox
|
|-heal|p2a: Donphan|89\/384 tox|[from] item: Leftovers
|-damage|p2a: Donphan|65\/384 tox|[from] psn
|turn|27
|c|âmartinaugustopp|gg
|c|âmartinaugustopp|i-lost
|c|âMiror D|gg
|
|move|p1a: D-Blim|Acrobatics|p2a: Donphan
|-damage|p2a: Donphan|0 fnt
|faint|p2a: Donphan
|
|
|switch|p2a: Goodra|Goodra, M|383\/383
|-damage|p2a: Goodra|336\/383|[from] Stealth Rock
|turn|28
|c|âmartinaugustopp|wtf
|
|move|p1a: D-Blim|Acrobatics|p2a: Goodra
|-damage|p2a: Goodra|9\/383
|move|p2a: Goodra|Flamethrower|p1a: D-Blim
|-end|p1a: D-Blim|Substitute
|
|turn|29
|c|âmartinaugustopp|i-always-choose-right-away
|
|move|p1a: D-Blim|Acrobatics|p2a: Goodra
|-crit|p2a: Goodra
|-damage|p2a: Goodra|0 fnt
|faint|p2a: Goodra
|
|c|âmartinaugustopp|gg
|
|switch|p2a: Honchkrow|Honchkrow, M|65\/342
|-damage|p2a: Honchkrow|0 fnt|[from] Stealth Rock
|faint|p2a: Honchkrow
|
|win|Miror D
|raw|Ladder updating...
|raw|Miror D's rating: 1432 &rarr; <strong>1454<\/strong><br \/>(+22 for winning)
|raw|martinaugustopp's rating: 1473 &rarr; <strong>1450<\/strong><br \/>(-23 for losing)
|leave|martinaugustopp