|join|Miror D
|join|OsamaBinBallin
|player|p1|Miror D|273
|player|p2|OsamaBinBallin|214
|gametype|singles
|gen|6
|tier|UU
|rated
|rule|Sleep Clause Mod: Limit one foe put to sleep
|rule|Species Clause: Limit one of each PokÃ©mon
|rule|OHKO Clause: OHKO moves are banned
|rule|Moody Clause: Moody is banned
|rule|Evasion Moves Clause: Evasion moves are banned
|rule|Endless Battle Clause: Forcing endless battles is banned
|rule|HP Percentage Mod: HP is shown in percentages
|clearpoke
|poke|p1|Drifblim, M
|poke|p1|Snorlax, F
|poke|p1|Banette, F, shiny
|poke|p1|Gligar, F
|poke|p1|Registeel
|poke|p1|Weezing, M
|poke|p2|Beedrill, F
|poke|p2|Lucario, F
|poke|p2|Donphan, F
|poke|p2|Roserade, M
|poke|p2|Vaporeon, M
|poke|p2|Darmanitan, M
|rule|Swagger Clause: Swagger is banned
|rule|Baton Pass Clause: Limit one PokÃ©mon knowing Baton Pass
|teampreview
|c|âOsamaBinBallin|gl
|c|âOsamaBinBallin|!dt banette
|c|~|\/data-pokemon Banette
|raw|<font size="1"><font color=#585858>Dex#:<\/font> 354&nbsp;|&ThickSpace;<font color=#585858>Height:<\/font> 1.1 m&nbsp;|&ThickSpace;<font color=#585858>Weight:<\/font> 12.5 kg <em>(40 BP)<\/em>&nbsp;|&ThickSpace;<font color=#585858>Dex Colour:<\/font> Black&nbsp;|&ThickSpace;<font color=#585858>Egg Group(s):<\/font> Amorphous&nbsp;|&ThickSpace;<font color=#585858><font color=#585858>Does Not Evolve<\/font><\/font><\/font>
|c|âMiror D|you too
|
|start
|switch|p1a: Weezing|Weezing, M|333\/333
|switch|p2a: Darmanislam|Darmanitan, M|351\/351
|turn|1
|
|move|p2a: Darmanislam|U-turn|p1a: Weezing
|-resisted|p1a: Weezing
|-damage|p1a: Weezing|307\/333
|-damage|p2a: Darmanislam|293\/351|[from] item: Rocky Helmet|[of] p1a: Weezing
|
|switch|p2a: What even|Donphan, F|384\/384
|move|p1a: Weezing|Gyro Ball|p2a: What even
|-damage|p2a: What even|369\/384
|
|-heal|p2a: What even|384\/384|[from] item: Leftovers
|turn|2
|
|move|p2a: What even|Stealth Rock|p1a: Weezing
|-sidestart|p1: Miror D|move: Stealth Rock
|move|p1a: Weezing|Will-O-Wisp|p2a: What even|[miss]
|-miss|p1a: Weezing|p2a: What even
|
|turn|3
|
|switch|p2a: Roserape|Roserade, M|262\/262
|move|p1a: Weezing|Will-O-Wisp|p2a: Roserape
|-status|p2a: Roserape|brn
|
|-damage|p2a: Roserape|230\/262 brn|[from] brn
|turn|4
|
|switch|p1a: RegiStuDee|Registeel|362\/362
|-damage|p1a: RegiStuDee|340\/362|[from] Stealth Rock
|move|p2a: Roserape|Extrasensory|p1a: RegiStuDee
|-resisted|p1a: RegiStuDee
|-damage|p1a: RegiStuDee|305\/362
|-damage|p2a: Roserape|204\/262 brn|[from] item: Life Orb
|
|-damage|p2a: Roserape|172\/262 brn|[from] brn
|turn|5
|
|switch|p2a: Vape|Vaporeon, M|464\/464
|move|p1a: RegiStuDee|Thunder Wave|p2a: Vape
|-status|p2a: Vape|par
|
|turn|6
|
|move|p1a: RegiStuDee|Stealth Rock|p2a: Vape
|-sidestart|p2: OsamaBinBallin|move: Stealth Rock
|move|p2a: Vape|Heal Bell|p2a: Vape
|-cureteam|p2a: Vape|[from] move: HealBell
|
|turn|7
|
|switch|p2a: What even|Donphan, F|384\/384
|-damage|p2a: What even|360\/384|[from] Stealth Rock
|switch|p1a: Derrick|Banette, F, shiny|270\/270
|-damage|p1a: Derrick|237\/270|[from] Stealth Rock
|-item|p2a: What even|Leftovers|[from] ability: Frisk|[of] p1a: Derrick|[identify]
|
|-heal|p2a: What even|384\/384|[from] item: Leftovers
|turn|8
|
|switch|p2a: Vape|Vaporeon, M|464\/464
|-damage|p2a: Vape|406\/464|[from] Stealth Rock
|detailschange|p1a: Derrick|Banette-Mega, F, shiny
|-mega|p1a: Derrick|Banette|Banettite
|move|p1a: Derrick|Destiny Bond|p1a: Derrick
|-singlemove|p1a: Derrick|Destiny Bond
|
|-heal|p2a: Vape|435\/464|[from] item: Leftovers
|turn|9
|
|move|p1a: Derrick|Knock Off|p2a: Vape
|-damage|p2a: Vape|261\/464
|-enditem|p2a: Vape|Leftovers|[from] move: Knock Off|[of] p1a: Derrick
|move|p2a: Vape|Scald|p1a: Derrick
|-damage|p1a: Derrick|117\/270
|
|turn|10
|
|switch|p1a: Papa D's|Snorlax, F|501\/501
|-damage|p1a: Papa D's|439\/501|[from] Stealth Rock
|move|p2a: Vape|Wish|p2a: Vape
|
|-heal|p1a: Papa D's|470\/501|[from] item: Leftovers
|turn|11
|
|switch|p2a: What even|Donphan, F|384\/384
|-damage|p2a: What even|360\/384|[from] Stealth Rock
|move|p1a: Papa D's|Return|p2a: What even
|-damage|p2a: What even|246\/384
|
|-heal|p2a: What even|384\/384|[from] move: Wish|[wisher] Vape
|-heal|p1a: Papa D's|501\/501|[from] item: Leftovers
|turn|12
|
|switch|p1a: D-Blim|Drifblim, M|442\/442
|-damage|p1a: D-Blim|332\/442|[from] Stealth Rock
|move|p2a: What even|Roar|p1a: D-Blim
|drag|p1a: Papa D's|Snorlax, F|501\/501
|-damage|p1a: Papa D's|439\/501|[from] Stealth Rock
|
|-heal|p1a: Papa D's|470\/501|[from] item: Leftovers
|turn|13
|
|switch|p1a: Weezing|Weezing, M|307\/333
|-damage|p1a: Weezing|266\/333|[from] Stealth Rock
|move|p2a: What even|Earthquake|p1a: Weezing
|-immune|p1a: Weezing|[msg]
|
|turn|14
|
|switch|p2a: Ayy Lmao|Lucario, F|281\/281
|-damage|p2a: Ayy Lmao|273\/281|[from] Stealth Rock
|move|p1a: Weezing|Will-O-Wisp|p2a: Ayy Lmao
|-status|p2a: Ayy Lmao|brn
|
|-damage|p2a: Ayy Lmao|238\/281 brn|[from] brn
|turn|15
|
|switch|p1a: Gligar|Gligar, F|325\/325
|-damage|p1a: Gligar|285\/325|[from] Stealth Rock
|move|p2a: Ayy Lmao|Flash Cannon|p1a: Gligar
|-damage|p1a: Gligar|72\/325
|
|-damage|p2a: Ayy Lmao|203\/281 brn|[from] brn
|turn|16
|
|switch|p1a: RegiStuDee|Registeel|305\/362
|-damage|p1a: RegiStuDee|283\/362|[from] Stealth Rock
|move|p2a: Ayy Lmao|Flash Cannon|p1a: RegiStuDee
|-resisted|p1a: RegiStuDee
|-damage|p1a: RegiStuDee|229\/362
|
|-damage|p2a: Ayy Lmao|168\/281 brn|[from] brn
|turn|17
|
|switch|p2a: What even|Donphan, F|384\/384
|-damage|p2a: What even|360\/384|[from] Stealth Rock
|switch|p1a: D-Blim|Drifblim, M|332\/442
|-damage|p1a: D-Blim|222\/442|[from] Stealth Rock
|
|-heal|p2a: What even|384\/384|[from] item: Leftovers
|turn|18
|
|move|p1a: D-Blim|Knock Off|p2a: What even
|-damage|p2a: What even|329\/384
|-enditem|p2a: What even|Leftovers|[from] move: Knock Off|[of] p1a: D-Blim
|move|p2a: What even|Roar|p1a: D-Blim
|drag|p1a: Weezing|Weezing, M|266\/333
|-damage|p1a: Weezing|225\/333|[from] Stealth Rock
|
|turn|19
|
|move|p1a: Weezing|Will-O-Wisp|p2a: What even
|-status|p2a: What even|brn
|move|p2a: What even|Roar|p1a: Weezing
|drag|p1a: Papa D's|Snorlax, F|470\/501
|-damage|p1a: Papa D's|408\/501|[from] Stealth Rock
|
|-heal|p1a: Papa D's|439\/501|[from] item: Leftovers
|-damage|p2a: What even|281\/384 brn|[from] brn
|turn|20
|
|move|p1a: Papa D's|Return|p2a: What even
|-damage|p2a: What even|160\/384 brn
|move|p2a: What even|Roar|p1a: Papa D's
|drag|p1a: Weezing|Weezing, M|225\/333
|-damage|p1a: Weezing|184\/333|[from] Stealth Rock
|
|-damage|p2a: What even|112\/384 brn|[from] brn
|turn|21
|
|switch|p2a: Vape|Vaporeon, M|261\/464
|-damage|p2a: Vape|203\/464|[from] Stealth Rock
|move|p1a: Weezing|Gyro Ball|p2a: Vape
|-resisted|p2a: Vape
|-damage|p2a: Vape|188\/464
|
|turn|22
|
|switch|p1a: Derrick|Banette-Mega, F, shiny|117\/270
|-damage|p1a: Derrick|84\/270|[from] Stealth Rock
|move|p2a: Vape|Wish|p2a: Vape
|
|turn|23
|
|move|p2a: Vape|Protect|p2a: Vape
|-singleturn|p2a: Vape|Protect
|move|p1a: Derrick|Shadow Claw|p2a: Vape
|-activate|p2a: Vape|Protect
|
|-heal|p2a: Vape|420\/464|[from] move: Wish|[wisher] Vape
|turn|24
|
|move|p1a: Derrick|Shadow Claw|p2a: Vape
|-damage|p2a: Vape|224\/464
|move|p2a: Vape|Heal Bell|p2a: Vape
|-cureteam|p2a: Vape|[from] move: HealBell
|
|turn|25
|
|move|p1a: Derrick|Shadow Claw|p2a: Vape
|-damage|p2a: Vape|52\/464
|move|p2a: Vape|Wish|p2a: Vape
|
|turn|26
|
|move|p2a: Vape|Protect|p2a: Vape
|-singleturn|p2a: Vape|Protect
|move|p1a: Derrick|Shadow Claw|p2a: Vape
|-activate|p2a: Vape|Protect
|
|-heal|p2a: Vape|284\/464|[from] move: Wish|[wisher] Vape
|turn|27
|
|move|p1a: Derrick|Shadow Claw|p2a: Vape
|-damage|p2a: Vape|94\/464
|move|p2a: Vape|Scald|p1a: Derrick
|-damage|p1a: Derrick|0 fnt
|faint|p1a: Derrick
|
|
|switch|p1a: D-Blim|Drifblim, M|222\/442
|-damage|p1a: D-Blim|112\/442|[from] Stealth Rock
|turn|28
|
|move|p1a: D-Blim|Substitute|p1a: D-Blim
|-start|p1a: D-Blim|Substitute
|-damage|p1a: D-Blim|2\/442
|-enditem|p1a: D-Blim|Liechi Berry|[eat]
|-boost|p1a: D-Blim|atk|1|[from] item: Liechi Berry
|move|p2a: Vape|Wish|p2a: Vape
|
|turn|29
|
|move|p2a: Vape|Protect|p2a: Vape
|-singleturn|p2a: Vape|Protect
|move|p1a: D-Blim|Acrobatics|p2a: Vape
|-activate|p2a: Vape|Protect
|
|-heal|p2a: Vape|326\/464|[from] move: Wish|[wisher] Vape
|turn|30
|
|move|p1a: D-Blim|Acrobatics|p2a: Vape
|-damage|p2a: Vape|79\/464
|move|p2a: Vape|Scald|p1a: D-Blim
|-end|p1a: D-Blim|Substitute
|
|turn|31
|c|âOsamaBinBallin|:L
|c|âMiror D|yeah like you know im unburden
|
|move|p1a: D-Blim|Acrobatics|p2a: Vape
|-damage|p2a: Vape|0 fnt
|faint|p2a: Vape
|
|c|âMiror D|lets finish this
|c|âOsamaBinBallin|i also hate how you're imune to my priority
|c|âOsamaBinBallin|edgy teams
|c|âOsamaBinBallin|cant cover all the threats
|c|âMiror D|my team is meta
|
|switch|p2a: Darmanislam|Darmanitan, M|293\/351
|-damage|p2a: Darmanislam|206\/351|[from] Stealth Rock
|turn|32
|c|âOsamaBinBallin|you mean RU?
|c|âOsamaBinBallin|yeah
|
|move|p1a: D-Blim|Acrobatics|p2a: Darmanislam
|-damage|p2a: Darmanislam|0 fnt
|faint|p2a: Darmanislam
|
|c|âMiror D|woah woah woah snorlax is not ru
|c|âOsamaBinBallin|wow
|c|âOsamaBinBallin|one UU mon
|c|âOsamaBinBallin|way to go
|
|switch|p2a: Ayy Lmao|Lucario, F|168\/281
|-damage|p2a: Ayy Lmao|160\/281|[from] Stealth Rock
|turn|33
|c|âOsamaBinBallin|im not saying you're team is bad
|c|âMiror D|bullet punch !
|c|âMiror D|yeah i know :3
|c|âOsamaBinBallin|specs
|
|move|p1a: D-Blim|Acrobatics|p2a: Ayy Lmao
|-damage|p2a: Ayy Lmao|0 fnt
|faint|p2a: Ayy Lmao
|
|c|âOsamaBinBallin|the worst part is,  if I had one mon with rocky helmet
|c|âMiror D|i carry icce shard on donphan
|c|âMiror D|yeah
|c|âMiror D|i mean i would destiny bond you then
|c|âOsamaBinBallin|i stopped carrying it when i realized it 3hko'd scarf flygon
|
|switch|p2a: What even|Donphan, F|112\/384
|-damage|p2a: What even|88\/384|[from] Stealth Rock
|turn|34
|
|move|p1a: D-Blim|Acrobatics|p2a: What even
|-damage|p2a: What even|0 fnt
|faint|p2a: What even
|
|
|switch|p2a: Drillin Dat Ass|Beedrill, F|272\/272
|-damage|p2a: Drillin Dat Ass|204\/272|[from] Stealth Rock
|turn|35
|c|âMiror D|your donphan had neither knock of ice shard lol
|c|âOsamaBinBallin|those are bad moves for donphan
|
|detailschange|p2a: Drillin Dat Ass|Beedrill-Mega, F
|-mega|p2a: Drillin Dat Ass|Beedrill|Beedrillite
|move|p2a: Drillin Dat Ass|Protect|p2a: Drillin Dat Ass
|-singleturn|p2a: Drillin Dat Ass|Protect
|move|p1a: D-Blim|Acrobatics|p2a: Drillin Dat Ass
|-activate|p2a: Drillin Dat Ass|Protect
|
|turn|36
|
|move|p1a: D-Blim|Acrobatics|p2a: Drillin Dat Ass
|-supereffective|p2a: Drillin Dat Ass
|-damage|p2a: Drillin Dat Ass|0 fnt
|faint|p2a: Drillin Dat Ass
|
|c|âMiror D|im still faster
|c|âOsamaBinBallin|have to try
|
|switch|p2a: Roserape|Roserade, M|172\/262
|-damage|p2a: Roserape|140\/262|[from] Stealth Rock
|turn|37
|c|âMiror D|gg lemme record the drif sweep
|
|move|p1a: D-Blim|Acrobatics|p2a: Roserape
|-supereffective|p2a: Roserape
|-damage|p2a: Roserape|0 fnt
|faint|p2a: Roserape
|
|win|Miror D
|raw|Ladder updating...
|raw|Miror D's rating: 1362 &rarr; <strong>1385<\/strong><br \/>(+23 for winning)
|raw|OsamaBinBallin's rating: 1419 &rarr; <strong>1396<\/strong><br \/>(-23 for losing)
|c|âMiror D|gg