|join|Miror D
|join|kanyetest2
|player|p1|Miror D|273
|player|p2|kanyetest2|170
|gametype|singles
|gen|6
|tier|UU
|rated
|rule|Sleep Clause Mod: Limit one foe put to sleep
|rule|Species Clause: Limit one of each PokÃ©mon
|rule|OHKO Clause: OHKO moves are banned
|rule|Moody Clause: Moody is banned
|rule|Evasion Moves Clause: Evasion moves are banned
|rule|Endless Battle Clause: Forcing endless battles is banned
|rule|HP Percentage Mod: HP is shown in percentages
|clearpoke
|poke|p1|Drifblim, F
|poke|p1|Snorlax, M
|poke|p1|Banette, F, shiny
|poke|p1|Gligar, F
|poke|p1|Registeel
|poke|p1|Weezing, F
|poke|p2|Flygon, F
|poke|p2|Jolteon, M
|poke|p2|Hitmonlee, M
|poke|p2|Roserade, M
|poke|p2|Slowking, F
|poke|p2|Arcanine, F
|rule|Swagger Clause: Swagger is banned
|rule|Baton Pass Clause: Limit one PokÃ©mon knowing Baton Pass
|teampreview
|
|start
|switch|p1a: Derrick|Banette, F, shiny|270\/270
|switch|p2a: Good Morning|Flygon, F|301\/301
|-item|p2a: Good Morning|Choice Scarf|[from] ability: Frisk|[of] p1a: Derrick|[identify]
|turn|1
|
|switch|p2a: Flashing Lights|Arcanine, F|321\/321
|-ability|p2a: Flashing Lights|Intimidate|[of] p1a: Derrick
|-unboost|p1a: Derrick|atk|1
|detailschange|p1a: Derrick|Banette-Mega, F, shiny
|-mega|p1a: Derrick|Banette|Banettite
|move|p1a: Derrick|Sucker Punch|p2a: Flashing Lights
|-fail|p1a: Derrick
|
|turn|2
|
|switch|p1a: Papa D's|Snorlax, M|501\/501
|move|p2a: Flashing Lights|Will-O-Wisp|p1a: Papa D's
|-status|p1a: Papa D's|brn
|
|-damage|p1a: Papa D's|439\/501 brn|[from] brn
|turn|3
|
|switch|p2a: Stronger|Hitmonlee, M|241\/241
|move|p1a: Papa D's|Rest|p1a: Papa D's
|-status|p1a: Papa D's|slp
|-heal|p1a: Papa D's|501\/501 slp|[silent]
|-status|p1a: Papa D's|slp|[from] move: Rest
|
|turn|4
|
|switch|p1a: Dong|Gligar, F|325\/325
|move|p2a: Stronger|Stone Edge|p1a: Dong
|-crit|p1a: Dong
|-damage|p1a: Dong|234\/325
|
|turn|5
|
|switch|p2a: Roses|Roserade, M|261\/261
|move|p1a: Dong|Earthquake|p2a: Roses
|-damage|p2a: Roses|125\/261
|
|turn|6
|
|switch|p2a: Good Morning|Flygon, F|301\/301
|move|p1a: Dong|Earthquake|p2a: Good Morning
|-immune|p2a: Good Morning|[msg]
|
|turn|7
|
|move|p2a: Good Morning|U-turn|p1a: Dong
|-resisted|p1a: Dong
|-damage|p1a: Dong|218\/325
|
|switch|p2a: Roses|Roserade, M|125\/261
|move|p1a: Dong|Toxic|p2a: Roses
|-fail|p2a: Roses
|
|turn|8
|
|switch|p2a: Good Morning|Flygon, F|301\/301
|move|p1a: Dong|Earthquake|p2a: Good Morning
|-immune|p2a: Good Morning|[msg]
|
|turn|9
|
|move|p2a: Good Morning|Dragon Claw|p1a: Dong
|-damage|p1a: Dong|151\/325
|move|p1a: Dong|Earthquake|p2a: Good Morning
|-immune|p2a: Good Morning|[msg]
|
|turn|10
|
|move|p2a: Good Morning|Dragon Claw|p1a: Dong
|-damage|p1a: Dong|88\/325
|move|p1a: Dong|Roost|p1a: Dong
|-heal|p1a: Dong|251\/325
|
|turn|11
|
|switch|p2a: Drive Slow|Slowking, F|331\/331
|move|p1a: Dong|Earthquake|p2a: Drive Slow
|-damage|p2a: Drive Slow|229\/331
|
|-heal|p2a: Drive Slow|249\/331|[from] item: Leftovers
|turn|12
|
|switch|p1a: RegiStuDee|Registeel|362\/362
|move|p2a: Drive Slow|Scald|p1a: RegiStuDee
|-damage|p1a: RegiStuDee|302\/362
|
|-heal|p2a: Drive Slow|269\/331|[from] item: Leftovers
|turn|13
|
|switch|p2a: Roses|Roserade, M|125\/261
|move|p1a: RegiStuDee|Thunder Wave|p2a: Roses
|-status|p2a: Roses|par
|
|turn|14
|
|move|p1a: RegiStuDee|Stealth Rock|p2a: Roses
|-sidestart|p2: kanyetest2|move: Stealth Rock
|cant|p2a: Roses|par
|
|turn|15
|
|move|p1a: RegiStuDee|Seismic Toss|p2a: Roses
|-damage|p2a: Roses|25\/261 par
|move|p2a: Roses|Rest|p2a: Roses
|-status|p2a: Roses|slp
|-heal|p2a: Roses|261\/261 slp|[silent]
|-status|p2a: Roses|slp|[from] move: Rest
|
|turn|16
|
|switch|p2a: Flashing Lights|Arcanine, F|321\/321
|-damage|p2a: Flashing Lights|241\/321|[from] Stealth Rock
|-ability|p2a: Flashing Lights|Intimidate|[of] p1a: RegiStuDee
|-fail|p1a: RegiStuDee|unboost|[from] ability: Clear Body|[of] p1a: RegiStuDee
|move|p1a: RegiStuDee|Thunder Wave|p2a: Flashing Lights
|-status|p2a: Flashing Lights|par
|
|turn|17
|
|switch|p1a: Papa D's|Snorlax, M|501\/501 slp
|move|p2a: Flashing Lights|Will-O-Wisp|p1a: Papa D's
|-fail|p1a: Papa D's
|
|turn|18
|
|cant|p1a: Papa D's|slp
|move|p1a: Papa D's|Sleep Talk|p1a: Papa D's
|move|p1a: Papa D's|Crunch|p2a: Flashing Lights|[from]Sleep Talk
|-damage|p2a: Flashing Lights|163\/321 par
|-damage|p1a: Papa D's|418\/501 slp|[from] item: Rocky Helmet|[of] p2a: Flashing Lights
|cant|p2a: Flashing Lights|par
|
|-heal|p1a: Papa D's|449\/501 slp|[from] item: Leftovers
|turn|19
|
|cant|p1a: Papa D's|slp
|move|p1a: Papa D's|Sleep Talk|p1a: Papa D's
|move|p1a: Papa D's|Return|p2a: Flashing Lights|[from]Sleep Talk
|-damage|p2a: Flashing Lights|15\/321 par
|-damage|p1a: Papa D's|366\/501 slp|[from] item: Rocky Helmet|[of] p2a: Flashing Lights
|move|p2a: Flashing Lights|Morning Sun|p2a: Flashing Lights
|-heal|p2a: Flashing Lights|175\/321 par
|
|-heal|p1a: Papa D's|397\/501 slp|[from] item: Leftovers
|turn|20
|
|-curestatus|p1a: Papa D's|slp
|move|p1a: Papa D's|Return|p2a: Flashing Lights
|-damage|p2a: Flashing Lights|9\/321 par
|-damage|p1a: Papa D's|314\/501|[from] item: Rocky Helmet|[of] p2a: Flashing Lights
|cant|p2a: Flashing Lights|par
|
|-heal|p1a: Papa D's|345\/501|[from] item: Leftovers
|turn|21
|
|move|p2a: Flashing Lights|Extreme Speed|p1a: Papa D's
|-damage|p1a: Papa D's|247\/501
|move|p1a: Papa D's|Crunch|p2a: Flashing Lights
|-damage|p2a: Flashing Lights|0 fnt
|-damage|p1a: Papa D's|164\/501|[from] item: Rocky Helmet|[of] p2a: Flashing Lights
|faint|p2a: Flashing Lights
|
|-heal|p1a: Papa D's|195\/501|[from] item: Leftovers
|
|switch|p2a: Stronger|Hitmonlee, M|241\/241
|-damage|p2a: Stronger|226\/241|[from] Stealth Rock
|turn|22
|
|switch|p1a: Dong|Gligar, F|251\/325
|move|p2a: Stronger|Close Combat|p1a: Dong
|-resisted|p1a: Dong
|-damage|p1a: Dong|201\/325
|-unboost|p2a: Stronger|def|1
|-unboost|p2a: Stronger|spd|1
|
|turn|23
|
|switch|p2a: Good Morning|Flygon, F|301\/301
|-damage|p2a: Good Morning|283\/301|[from] Stealth Rock
|move|p1a: Dong|Toxic|p2a: Good Morning
|-status|p2a: Good Morning|tox
|
|-damage|p2a: Good Morning|265\/301 tox|[from] psn
|turn|24
|
|move|p2a: Good Morning|U-turn|p1a: Dong
|-resisted|p1a: Dong
|-damage|p1a: Dong|184\/325
|
|switch|p2a: Power|Jolteon, M|271\/271
|-damage|p2a: Power|238\/271|[from] Stealth Rock
|move|p1a: Dong|Roost|p1a: Dong
|-heal|p1a: Dong|325\/325
|
|turn|25
|
|move|p2a: Power|Hidden Power|p1a: Dong
|-supereffective|p1a: Dong
|-damage|p1a: Dong|0 fnt
|faint|p1a: Dong
|
|
|switch|p1a: Papa D's|Snorlax, M|195\/501
|turn|26
|
|switch|p2a: Stronger|Hitmonlee, M|226\/241
|-damage|p2a: Stronger|211\/241|[from] Stealth Rock
|move|p1a: Papa D's|Rest|p1a: Papa D's
|-status|p1a: Papa D's|slp
|-heal|p1a: Papa D's|501\/501 slp|[silent]
|-status|p1a: Papa D's|slp|[from] move: Rest
|
|turn|27
|
|switch|p1a: Deezing|Weezing, F|333\/333
|move|p2a: Stronger|Stone Edge|p1a: Deezing
|-damage|p1a: Deezing|254\/333
|
|turn|28
|
|switch|p2a: Drive Slow|Slowking, F|331\/331
|-damage|p2a: Drive Slow|290\/331|[from] Stealth Rock
|move|p1a: Deezing|Will-O-Wisp|p2a: Drive Slow
|-status|p2a: Drive Slow|brn
|
|-heal|p2a: Drive Slow|310\/331 brn|[from] item: Leftovers
|-damage|p2a: Drive Slow|269\/331 brn|[from] brn
|turn|29
|
|switch|p1a: Papa D's|Snorlax, M|501\/501 slp
|move|p2a: Drive Slow|Scald|p1a: Papa D's
|-damage|p1a: Papa D's|387\/501 slp
|
|-heal|p1a: Papa D's|418\/501 slp|[from] item: Leftovers
|-heal|p2a: Drive Slow|289\/331 brn|[from] item: Leftovers
|-damage|p2a: Drive Slow|248\/331 brn|[from] brn
|turn|30
|
|cant|p1a: Papa D's|slp
|move|p1a: Papa D's|Sleep Talk|p1a: Papa D's
|move|p1a: Papa D's|Rest|p1a: Papa D's|[from]Sleep Talk
|-fail|p1a: Papa D's
|move|p2a: Drive Slow|Psyshock|p1a: Papa D's
|-damage|p1a: Papa D's|256\/501 slp
|
|-heal|p1a: Papa D's|287\/501 slp|[from] item: Leftovers
|-heal|p2a: Drive Slow|268\/331 brn|[from] item: Leftovers
|-damage|p2a: Drive Slow|227\/331 brn|[from] brn
|turn|31
|
|switch|p2a: Good Morning|Flygon, F|265\/301 tox
|-damage|p2a: Good Morning|247\/301 tox|[from] Stealth Rock
|cant|p1a: Papa D's|slp
|move|p1a: Papa D's|Sleep Talk|p1a: Papa D's
|move|p1a: Papa D's|Rest|p1a: Papa D's|[from]Sleep Talk
|-fail|p1a: Papa D's
|
|-heal|p1a: Papa D's|318\/501 slp|[from] item: Leftovers
|-damage|p2a: Good Morning|229\/301 tox|[from] psn
|turn|32
|
|switch|p1a: Deezing|Weezing, F|254\/333
|move|p2a: Good Morning|Dragon Claw|p1a: Deezing
|-damage|p1a: Deezing|169\/333
|-damage|p2a: Good Morning|179\/301 tox|[from] item: Rocky Helmet|[of] p1a: Deezing
|
|-damage|p2a: Good Morning|143\/301 tox|[from] psn
|turn|33
|
|switch|p2a: Power|Jolteon, M|238\/271
|-damage|p2a: Power|205\/271|[from] Stealth Rock
|move|p1a: Deezing|Fire Blast|p2a: Power|[miss]
|-miss|p1a: Deezing|p2a: Power
|
|turn|34
|
|switch|p1a: RegiStuDee|Registeel|302\/362
|move|p2a: Power|Heal Bell|p2a: Power
|-cureteam|p2a: Power|[from] move: HealBell
|
|turn|35
|
|switch|p2a: Good Morning|Flygon, F|143\/301
|-damage|p2a: Good Morning|125\/301|[from] Stealth Rock
|move|p1a: RegiStuDee|Seismic Toss|p2a: Good Morning
|-damage|p2a: Good Morning|25\/301
|
|turn|36
|
|switch|p2a: Drive Slow|Slowking, F|331\/331
|-damage|p2a: Drive Slow|290\/331|[from] Stealth Rock
|switch|p1a: Deezing|Weezing, F|169\/333
|
|-heal|p2a: Drive Slow|310\/331|[from] item: Leftovers
|turn|37
|
|switch|p1a: RegiStuDee|Registeel|302\/362
|move|p2a: Drive Slow|Scald|p1a: RegiStuDee
|-damage|p1a: RegiStuDee|239\/362
|
|-heal|p2a: Drive Slow|330\/331|[from] item: Leftovers
|turn|38
|
|move|p1a: RegiStuDee|Seismic Toss|p2a: Drive Slow
|-damage|p2a: Drive Slow|230\/331
|move|p2a: Drive Slow|Focus Blast|p1a: RegiStuDee
|-supereffective|p1a: RegiStuDee
|-damage|p1a: RegiStuDee|119\/362
|
|-heal|p2a: Drive Slow|250\/331|[from] item: Leftovers
|turn|39
|
|move|p1a: RegiStuDee|Rest|p1a: RegiStuDee
|-status|p1a: RegiStuDee|slp
|-heal|p1a: RegiStuDee|362\/362 slp|[silent]
|-status|p1a: RegiStuDee|slp|[from] move: Rest
|-enditem|p1a: RegiStuDee|Chesto Berry|[eat]
|-curestatus|p1a: RegiStuDee|slp
|move|p2a: Drive Slow|Scald|p1a: RegiStuDee
|-damage|p1a: RegiStuDee|301\/362
|-status|p1a: RegiStuDee|brn
|
|-heal|p2a: Drive Slow|270\/331|[from] item: Leftovers
|-damage|p1a: RegiStuDee|256\/362 brn|[from] brn
|turn|40
|
|move|p1a: RegiStuDee|Thunder Wave|p2a: Drive Slow
|-status|p2a: Drive Slow|par
|move|p2a: Drive Slow|Focus Blast|p1a: RegiStuDee|[miss]
|-miss|p2a: Drive Slow|p1a: RegiStuDee
|
|-heal|p2a: Drive Slow|290\/331 par|[from] item: Leftovers
|-damage|p1a: RegiStuDee|211\/362 brn|[from] brn
|turn|41
|
|switch|p1a: Papa D's|Snorlax, M|318\/501 slp
|cant|p2a: Drive Slow|par
|
|-heal|p1a: Papa D's|349\/501 slp|[from] item: Leftovers
|-heal|p2a: Drive Slow|310\/331 par|[from] item: Leftovers
|turn|42
|
|-curestatus|p1a: Papa D's|slp
|move|p1a: Papa D's|Crunch|p2a: Drive Slow
|-supereffective|p2a: Drive Slow
|-damage|p2a: Drive Slow|106\/331 par
|move|p2a: Drive Slow|Focus Blast|p1a: Papa D's
|-supereffective|p1a: Papa D's
|-damage|p1a: Papa D's|131\/501
|
|-heal|p1a: Papa D's|162\/501|[from] item: Leftovers
|-heal|p2a: Drive Slow|126\/331 par|[from] item: Leftovers
|turn|43
|
|switch|p2a: Stronger|Hitmonlee, M|211\/241
|-damage|p2a: Stronger|196\/241|[from] Stealth Rock
|move|p1a: Papa D's|Return|p2a: Stronger
|-damage|p2a: Stronger|0 fnt
|faint|p2a: Stronger
|
|-heal|p1a: Papa D's|193\/501|[from] item: Leftovers
|
|switch|p2a: Good Morning|Flygon, F|25\/301
|-damage|p2a: Good Morning|7\/301|[from] Stealth Rock
|turn|44
|
|switch|p1a: Deezing|Weezing, F|169\/333
|move|p2a: Good Morning|Iron Tail|p1a: Deezing
|-crit|p1a: Deezing
|-damage|p1a: Deezing|65\/333
|-damage|p2a: Good Morning|0 fnt|[from] item: Rocky Helmet|[of] p1a: Deezing
|faint|p2a: Good Morning
|
|
|switch|p2a: Power|Jolteon, M|205\/271
|-damage|p2a: Power|172\/271|[from] Stealth Rock
|turn|45
|
|switch|p1a: RegiStuDee|Registeel|211\/362 brn
|move|p2a: Power|Volt Switch|p1a: RegiStuDee
|-damage|p1a: RegiStuDee|121\/362 brn
|
|switch|p2a: Drive Slow|Slowking, F|236\/331 par
|-damage|p2a: Drive Slow|195\/331 par|[from] Stealth Rock
|
|-heal|p2a: Drive Slow|215\/331 par|[from] item: Leftovers
|-damage|p1a: RegiStuDee|76\/362 brn|[from] brn
|turn|46
|
|move|p1a: RegiStuDee|Rest|p1a: RegiStuDee
|-status|p1a: RegiStuDee|slp
|-heal|p1a: RegiStuDee|362\/362 slp|[silent]
|-status|p1a: RegiStuDee|slp|[from] move: Rest
|move|p2a: Drive Slow|Scald|p1a: RegiStuDee
|-damage|p1a: RegiStuDee|293\/362 slp
|
|-heal|p2a: Drive Slow|235\/331 par|[from] item: Leftovers
|turn|47
|
|switch|p2a: Power|Jolteon, M|172\/271
|-damage|p2a: Power|139\/271|[from] Stealth Rock
|cant|p1a: RegiStuDee|slp
|
|turn|48
|
|move|p2a: Power|Heal Bell|p2a: Power
|-cureteam|p2a: Power|[from] move: HealBell
|cant|p1a: RegiStuDee|slp
|
|turn|49
|
|switch|p2a: Roses|Roserade, M|261\/261
|-damage|p2a: Roses|229\/261|[from] Stealth Rock
|-curestatus|p1a: RegiStuDee|slp
|move|p1a: RegiStuDee|Seismic Toss|p2a: Roses
|-damage|p2a: Roses|129\/261
|
|turn|50
|
|move|p2a: Roses|Rest|p2a: Roses
|-status|p2a: Roses|slp
|-heal|p2a: Roses|261\/261 slp|[silent]
|-status|p2a: Roses|slp|[from] move: Rest
|move|p1a: RegiStuDee|Thunder Wave|p2a: Roses
|-fail|p2a: Roses
|
|turn|51
|
|switch|p2a: Power|Jolteon, M|139\/271
|-damage|p2a: Power|106\/271|[from] Stealth Rock
|move|p1a: RegiStuDee|Seismic Toss|p2a: Power
|-damage|p2a: Power|6\/271
|
|turn|52
|
|move|p2a: Power|Volt Switch|p1a: RegiStuDee
|-damage|p1a: RegiStuDee|199\/362
|
|switch|p2a: Drive Slow|Slowking, F|331\/331
|-damage|p2a: Drive Slow|290\/331|[from] Stealth Rock
|move|p1a: RegiStuDee|Seismic Toss|p2a: Drive Slow
|-damage|p2a: Drive Slow|190\/331
|
|-heal|p2a: Drive Slow|210\/331|[from] item: Leftovers
|turn|53
|
|switch|p2a: Roses|Roserade, M|261\/261
|-damage|p2a: Roses|229\/261|[from] Stealth Rock
|move|p1a: RegiStuDee|Thunder Wave|p2a: Roses
|-status|p2a: Roses|par
|
|turn|54
|
|switch|p1a: D-Blim|Drifblim, F|442\/442
|cant|p2a: Roses|par
|
|turn|55
|
|move|p1a: D-Blim|Substitute|p1a: D-Blim
|-start|p1a: D-Blim|Substitute
|-damage|p1a: D-Blim|332\/442
|cant|p2a: Roses|par
|
|turn|56
|
|move|p1a: D-Blim|Knock Off|p2a: Roses
|-damage|p2a: Roses|93\/261 par
|-enditem|p2a: Roses|Life Orb|[from] move: Knock Off|[of] p1a: D-Blim
|move|p2a: Roses|Dazzling Gleam|p1a: D-Blim
|-end|p1a: D-Blim|Substitute
|
|turn|57
|
|move|p1a: D-Blim|Substitute|p1a: D-Blim
|-start|p1a: D-Blim|Substitute
|-damage|p1a: D-Blim|222\/442
|move|p2a: Roses|Rest|p2a: Roses
|-status|p2a: Roses|slp
|-heal|p2a: Roses|261\/261 slp|[silent]
|-status|p2a: Roses|slp|[from] move: Rest
|
|turn|58
|
|switch|p2a: Power|Jolteon, M|6\/271
|-damage|p2a: Power|0 fnt|[from] Stealth Rock
|faint|p2a: Power
|move|p1a: D-Blim|Acrobatics|p2: Power|[notarget]
|-notarget
|
|
|switch|p2a: Roses|Roserade, M|261\/261
|-damage|p2a: Roses|229\/261|[from] Stealth Rock
|turn|59
|
|move|p2a: Roses|Sludge Bomb|p1a: D-Blim
|-resisted|p1a: D-Blim
|-end|p1a: D-Blim|Substitute
|move|p1a: D-Blim|Acrobatics|p2a: Roses
|-supereffective|p2a: Roses
|-damage|p2a: Roses|7\/261
|
|turn|60
|
|move|p2a: Roses|Giga Drain|p1a: D-Blim
|-resisted|p1a: D-Blim
|-damage|p1a: D-Blim|110\/442
|-heal|p2a: Roses|63\/261|[from] drain|[of] p1a: D-Blim
|-enditem|p1a: D-Blim|Liechi Berry|[eat]
|-boost|p1a: D-Blim|atk|1|[from] item: Liechi Berry
|move|p1a: D-Blim|Substitute|p1a: D-Blim
|-fail|p1a: D-Blim|move: Substitute|[weak]
|
|turn|61
|
|move|p1a: D-Blim|Acrobatics|p2a: Roses
|-supereffective|p2a: Roses
|-damage|p2a: Roses|0 fnt
|faint|p2a: Roses
|
|
|switch|p2a: Drive Slow|Slowking, F|320\/331
|-damage|p2a: Drive Slow|279\/331|[from] Stealth Rock
|turn|62
|c|âkanyetest2|gg
|
|move|p1a: D-Blim|Knock Off|p2a: Drive Slow
|-supereffective|p2a: Drive Slow
|-damage|p2a: Drive Slow|0 fnt
|-enditem|p2a: Drive Slow|Leftovers|[from] move: Knock Off|[of] p1a: D-Blim
|faint|p2a: Drive Slow
|
|win|Miror D
|raw|Ladder updating...
|raw|Miror D's rating: 1367 &rarr; <strong>1382<\/strong><br \/>(+15 for winning)
|raw|kanyetest2's rating: 1273 &rarr; <strong>1255<\/strong><br \/>(-18 for losing)