|join|Emblema de Fuego
|join|Miror D
|player|p1|Emblema de Fuego|289
|player|p2|Miror D|273
|gametype|singles
|gen|6
|tier|UU
|rated
|rule|Sleep Clause Mod: Limit one foe put to sleep
|rule|Species Clause: Limit one of each PokÃ©mon
|rule|OHKO Clause: OHKO moves are banned
|rule|Moody Clause: Moody is banned
|rule|Evasion Moves Clause: Evasion moves are banned
|rule|Endless Battle Clause: Forcing endless battles is banned
|rule|HP Percentage Mod: HP is shown in percentages
|clearpoke
|poke|p1|Absol, F
|poke|p1|Fletchinder, F, shiny
|poke|p1|Donphan, M
|poke|p1|Uxie
|poke|p1|Raikou, shiny
|poke|p1|Seismitoad, M
|poke|p2|Drifblim, F
|poke|p2|Snorlax, M
|poke|p2|Banette, F, shiny
|poke|p2|Gligar, M
|poke|p2|Registeel
|poke|p2|Weezing, M
|rule|Swagger Clause: Swagger is banned
|rule|Baton Pass Clause: Limit one PokÃ©mon knowing Baton Pass
|teampreview
|
|start
|switch|p1a: Angela|Absol, F|271\/271
|switch|p2a: Derrick|Banette, F, shiny|270\/270
|-ability|p1a: Angela|Pressure
|-item|p1a: Angela|Absolite|[from] ability: Frisk|[of] p2a: Derrick|[identify]
|turn|1
|
|switch|p2a: Deezing|Weezing, M|333\/333
|detailschange|p1a: Angela|Absol-Mega, F
|-mega|p1a: Angela|Absol|Absolite
|move|p1a: Angela|Will-O-Wisp|p2a: Deezing
|-status|p2a: Deezing|brn
|
|-damage|p2a: Deezing|292\/333 brn|[from] brn
|turn|2
|
|move|p1a: Angela|Protect|p1a: Angela
|-singleturn|p1a: Angela|Protect
|move|p2a: Deezing|Pain Split|p1a: Angela
|-activate|p1a: Angela|Protect
|
|-damage|p2a: Deezing|251\/333 brn|[from] brn
|turn|3
|
|switch|p1a: Musho|Raikou, shiny|321\/321
|-ability|p1a: Musho|Pressure
|move|p2a: Deezing|Pain Split|p1a: Musho
|-sethp|p1a: Musho|286\/321|p2a: Deezing|286\/333 brn|[from] move: Pain Split
|
|-heal|p1a: Musho|306\/321|[from] item: Leftovers
|-damage|p2a: Deezing|245\/333 brn|[from] brn
|turn|4
|
|switch|p2a: RegiStuDee|Registeel|362\/362
|move|p1a: Musho|Substitute|p1a: Musho
|-start|p1a: Musho|Substitute
|-damage|p1a: Musho|226\/321
|
|-heal|p1a: Musho|246\/321|[from] item: Leftovers
|turn|5
|
|move|p1a: Musho|Thunderbolt|p2a: RegiStuDee
|-damage|p2a: RegiStuDee|280\/362
|move|p2a: RegiStuDee|Seismic Toss|p1a: Musho
|-end|p1a: Musho|Substitute
|
|-heal|p1a: Musho|266\/321|[from] item: Leftovers
|turn|6
|
|switch|p1a: Uzzzi|Uxie|353\/353
|move|p2a: RegiStuDee|Stealth Rock|p1a: Uzzzi
|-sidestart|p1: Emblema de Fuego|move: Stealth Rock
|
|turn|7
|
|move|p1a: Uzzzi|Stealth Rock|p2a: RegiStuDee
|-sidestart|p2: Miror D|move: Stealth Rock
|move|p2a: RegiStuDee|Thunder Wave|p1a: Uzzzi
|-status|p1a: Uzzzi|par
|
|turn|8
|
|switch|p2a: Derrick|Banette, F, shiny|270\/270
|-damage|p2a: Derrick|237\/270|[from] Stealth Rock
|-item|p1a: Uzzzi|Leftovers|[from] ability: Frisk|[of] p2a: Derrick|[identify]
|cant|p1a: Uzzzi|par
|
|turn|9
|
|detailschange|p2a: Derrick|Banette-Mega, F, shiny
|-mega|p2a: Derrick|Banette|Banettite
|move|p2a: Derrick|Knock Off|p1a: Uzzzi
|-supereffective|p1a: Uzzzi
|-damage|p1a: Uzzzi|129\/353 par
|-enditem|p1a: Uzzzi|Leftovers|[from] move: Knock Off|[of] p2a: Derrick
|move|p1a: Uzzzi|Yawn|p2a: Derrick
|-start|p2a: Derrick|move: Yawn|[of] p1a: Uzzzi
|
|turn|10
|
|switch|p2a: D-Blim|Drifblim, F|442\/442
|-damage|p2a: D-Blim|332\/442|[from] Stealth Rock
|move|p1a: Uzzzi|U-turn|p2a: D-Blim
|-resisted|p2a: D-Blim
|-damage|p2a: D-Blim|310\/442
|
|switch|p1a: Musho|Raikou, shiny|266\/321
|-damage|p1a: Musho|226\/321|[from] Stealth Rock
|-ability|p1a: Musho|Pressure
|
|-heal|p1a: Musho|246\/321|[from] item: Leftovers
|turn|11
|
|switch|p2a: RegiStuDee|Registeel|280\/362
|-damage|p2a: RegiStuDee|258\/362|[from] Stealth Rock
|move|p1a: Musho|Substitute|p1a: Musho
|-start|p1a: Musho|Substitute
|-damage|p1a: Musho|166\/321
|
|-heal|p1a: Musho|186\/321|[from] item: Leftovers
|turn|12
|
|move|p1a: Musho|Thunderbolt|p2a: RegiStuDee
|-damage|p2a: RegiStuDee|173\/362
|move|p2a: RegiStuDee|Seismic Toss|p1a: Musho
|-end|p1a: Musho|Substitute
|
|-heal|p1a: Musho|206\/321|[from] item: Leftovers
|turn|13
|
|switch|p1a: Rodolfo|Donphan, M|383\/383
|-damage|p1a: Rodolfo|360\/383|[from] Stealth Rock
|move|p2a: RegiStuDee|Seismic Toss|p1a: Rodolfo
|-damage|p1a: Rodolfo|260\/383
|
|-heal|p1a: Rodolfo|283\/383|[from] item: Leftovers
|turn|14
|
|switch|p2a: D-Blim|Drifblim, F|310\/442
|-damage|p2a: D-Blim|200\/442|[from] Stealth Rock
|move|p1a: Rodolfo|Knock Off|p2a: D-Blim
|-supereffective|p2a: D-Blim
|-damage|p2a: D-Blim|0 fnt
|-enditem|p2a: D-Blim|Liechi Berry|[from] move: Knock Off|[of] p1a: Rodolfo
|faint|p2a: D-Blim
|
|-heal|p1a: Rodolfo|306\/383|[from] item: Leftovers
|
|switch|p2a: Deezing|Weezing, M|245\/333 brn
|-damage|p2a: Deezing|204\/333 brn|[from] Stealth Rock
|turn|15
|
|switch|p1a: Angela|Absol-Mega, F|271\/271
|-damage|p1a: Angela|238\/271|[from] Stealth Rock
|move|p2a: Deezing|Will-O-Wisp|p1a: Angela
|move|p1a: Angela|Will-O-Wisp|p2a: Deezing|[from]Magic Bounce
|-fail|p2a: Deezing|brn
|
|-damage|p2a: Deezing|163\/333 brn|[from] brn
|turn|16
|
|switch|p1a: Rodolfo|Donphan, M|306\/383
|-damage|p1a: Rodolfo|283\/383|[from] Stealth Rock
|move|p2a: Deezing|Pain Split|p1a: Rodolfo
|-sethp|p1a: Rodolfo|223\/383|p2a: Deezing|223\/333 brn|[from] move: Pain Split
|
|-heal|p1a: Rodolfo|246\/383|[from] item: Leftovers
|-damage|p2a: Deezing|182\/333 brn|[from] brn
|turn|17
|
|move|p1a: Rodolfo|Rapid Spin|p2a: Deezing
|-damage|p2a: Deezing|169\/333 brn
|-damage|p1a: Rodolfo|183\/383|[from] item: Rocky Helmet|[of] p2a: Deezing
|-sideend|p1: Emblema de Fuego|Stealth Rock|[from] move: Rapid Spin|[of] p1a: Rodolfo
|move|p2a: Deezing|Will-O-Wisp|p1a: Rodolfo
|-status|p1a: Rodolfo|brn
|
|-heal|p1a: Rodolfo|206\/383 brn|[from] item: Leftovers
|-damage|p1a: Rodolfo|159\/383 brn|[from] brn
|-damage|p2a: Deezing|128\/333 brn|[from] brn
|turn|18
|
|switch|p1a: Uzzzi|Uxie|129\/353 par
|move|p2a: Deezing|Fire Blast|p1a: Uzzzi
|-damage|p1a: Uzzzi|78\/353 par
|
|-damage|p2a: Deezing|87\/333 brn|[from] brn
|turn|19
|
|move|p2a: Deezing|Fire Blast|p1a: Uzzzi
|-crit|p1a: Uzzzi
|-damage|p1a: Uzzzi|7\/353 par
|cant|p1a: Uzzzi|par
|
|-damage|p2a: Deezing|46\/333 brn|[from] brn
|turn|20
|c|âEmblema de Fuego|comon
|
|move|p2a: Deezing|Fire Blast|p1a: Uzzzi
|-damage|p1a: Uzzzi|0 fnt
|faint|p1a: Uzzzi
|
|-damage|p2a: Deezing|5\/333 brn|[from] brn
|
|switch|p1a: Seismitoad|Seismitoad, M|405\/405
|turn|21
|
|move|p1a: Seismitoad|Substitute|p1a: Seismitoad
|-start|p1a: Seismitoad|Substitute
|-damage|p1a: Seismitoad|304\/405
|move|p2a: Deezing|Pain Split|p1a: Seismitoad
|
|-heal|p1a: Seismitoad|329\/405|[from] item: Leftovers
|-damage|p2a: Deezing|0 fnt|[from] brn
|faint|p2a: Deezing
|
|switch|p2a: Papa D's|Snorlax, M|501\/501
|-damage|p2a: Papa D's|439\/501|[from] Stealth Rock
|turn|22
|
|-singleturn|p1a: Seismitoad|move: Focus Punch
|move|p2a: Papa D's|Return|p1a: Seismitoad
|-end|p1a: Seismitoad|Substitute
|move|p1a: Seismitoad|Focus Punch|p2a: Papa D's
|-supereffective|p2a: Papa D's
|-damage|p2a: Papa D's|171\/501
|
|-heal|p1a: Seismitoad|354\/405|[from] item: Leftovers
|-heal|p2a: Papa D's|202\/501|[from] item: Leftovers
|turn|23
|
|move|p1a: Seismitoad|Infestation|p2a: Papa D's
|-damage|p2a: Papa D's|190\/501
|-activate|p2a: Papa D's|move: Infestation|[of] p1a: Seismitoad
|move|p2a: Papa D's|Return|p1a: Seismitoad
|-damage|p1a: Seismitoad|179\/405
|
|-heal|p1a: Seismitoad|204\/405|[from] item: Leftovers
|-heal|p2a: Papa D's|221\/501|[from] item: Leftovers
|-damage|p2a: Papa D's|159\/501|[from] move: Infestation|[partiallytrapped]
|turn|24
|
|move|p1a: Seismitoad|Earthquake|p2a: Papa D's
|-damage|p2a: Papa D's|3\/501
|move|p2a: Papa D's|Rest|p2a: Papa D's
|-status|p2a: Papa D's|slp
|-heal|p2a: Papa D's|501\/501 slp|[silent]
|-status|p2a: Papa D's|slp|[from] move: Rest
|
|-heal|p1a: Seismitoad|229\/405|[from] item: Leftovers
|-damage|p2a: Papa D's|439\/501 slp|[from] move: Infestation|[partiallytrapped]
|turn|25
|
|move|p1a: Seismitoad|Substitute|p1a: Seismitoad
|-start|p1a: Seismitoad|Substitute
|-damage|p1a: Seismitoad|128\/405
|cant|p2a: Papa D's|slp
|move|p2a: Papa D's|Sleep Talk|p2a: Papa D's
|move|p2a: Papa D's|Crunch|p1a: Seismitoad|[from]Sleep Talk
|-activate|p1a: Seismitoad|Substitute|[damage]
|
|-heal|p1a: Seismitoad|153\/405|[from] item: Leftovers
|-heal|p2a: Papa D's|470\/501 slp|[from] item: Leftovers
|-damage|p2a: Papa D's|408\/501 slp|[from] move: Infestation|[partiallytrapped]
|turn|26
|
|-singleturn|p1a: Seismitoad|move: Focus Punch
|cant|p2a: Papa D's|slp
|move|p2a: Papa D's|Sleep Talk|p2a: Papa D's
|move|p2a: Papa D's|Crunch|p1a: Seismitoad|[from]Sleep Talk
|-end|p1a: Seismitoad|Substitute
|move|p1a: Seismitoad|Focus Punch|p2a: Papa D's
|-supereffective|p2a: Papa D's
|-damage|p2a: Papa D's|108\/501 slp
|
|-heal|p1a: Seismitoad|178\/405|[from] item: Leftovers
|-heal|p2a: Papa D's|139\/501 slp|[from] item: Leftovers
|-damage|p2a: Papa D's|77\/501 slp|[from] move: Infestation|[partiallytrapped]
|turn|27
|
|move|p1a: Seismitoad|Earthquake|p2a: Papa D's
|-damage|p2a: Papa D's|0 fnt
|faint|p2a: Papa D's
|
|-heal|p1a: Seismitoad|203\/405|[from] item: Leftovers
|
|switch|p2a: Derrick|Banette-Mega, F, shiny|237\/270
|-damage|p2a: Derrick|204\/270|[from] Stealth Rock
|turn|28
|
|move|p2a: Derrick|Knock Off|p1a: Seismitoad
|-damage|p1a: Seismitoad|47\/405
|-enditem|p1a: Seismitoad|Leftovers|[from] move: Knock Off|[of] p2a: Derrick
|move|p1a: Seismitoad|Earthquake|p2a: Derrick
|-crit|p2a: Derrick
|-damage|p2a: Derrick|0 fnt
|faint|p2a: Derrick
|
|
|switch|p2a: Dong|Gligar, M|325\/325
|-damage|p2a: Dong|285\/325|[from] Stealth Rock
|turn|29
|
|move|p1a: Seismitoad|Infestation|p2a: Dong
|-resisted|p2a: Dong
|-damage|p2a: Dong|279\/325
|-activate|p2a: Dong|move: Infestation|[of] p1a: Seismitoad
|move|p2a: Dong|Earthquake|p1a: Seismitoad
|-damage|p1a: Seismitoad|0 fnt
|faint|p1a: Seismitoad
|
|-end|p2a: Dong|Infestation|[partiallytrapped]
|
|switch|p1a: Rodolfo|Donphan, M|159\/383 brn
|turn|30
|
|move|p2a: Dong|Earthquake|p1a: Rodolfo
|-damage|p1a: Rodolfo|92\/383 brn
|move|p1a: Rodolfo|Knock Off|p2a: Dong
|-damage|p2a: Dong|258\/325
|-enditem|p2a: Dong|Eviolite|[from] move: Knock Off|[of] p1a: Rodolfo
|
|-heal|p1a: Rodolfo|115\/383 brn|[from] item: Leftovers
|-damage|p1a: Rodolfo|68\/383 brn|[from] brn
|turn|31
|
|move|p2a: Dong|Earthquake|p1a: Rodolfo
|-damage|p1a: Rodolfo|8\/383 brn
|move|p1a: Rodolfo|Roar|p2a: Dong
|drag|p2a: RegiStuDee|Registeel|173\/362
|-damage|p2a: RegiStuDee|151\/362|[from] Stealth Rock
|
|-heal|p1a: Rodolfo|31\/383 brn|[from] item: Leftovers
|-damage|p1a: Rodolfo|0 fnt|[from] brn
|faint|p1a: Rodolfo
|
|switch|p1a: Angela|Absol-Mega, F|238\/271
|turn|32
|
|move|p1a: Angela|Will-O-Wisp|p2a: RegiStuDee
|-status|p2a: RegiStuDee|brn
|move|p2a: RegiStuDee|Rest|p2a: RegiStuDee
|-status|p2a: RegiStuDee|slp
|-heal|p2a: RegiStuDee|362\/362 slp|[silent]
|-status|p2a: RegiStuDee|slp|[from] move: Rest
|-enditem|p2a: RegiStuDee|Chesto Berry|[eat]
|-curestatus|p2a: RegiStuDee|slp
|
|turn|33
|
|move|p1a: Angela|Will-O-Wisp|p2a: RegiStuDee
|-status|p2a: RegiStuDee|brn
|move|p2a: RegiStuDee|Seismic Toss|p1a: Angela
|-damage|p1a: Angela|138\/271
|
|-damage|p2a: RegiStuDee|317\/362 brn|[from] brn
|turn|34
|
|move|p1a: Angela|Sucker Punch|p2a: RegiStuDee
|-damage|p2a: RegiStuDee|209\/362 brn
|move|p2a: RegiStuDee|Seismic Toss|p1a: Angela
|-damage|p1a: Angela|38\/271
|
|-damage|p2a: RegiStuDee|164\/362 brn|[from] brn
|turn|35
|
|switch|p1a: 5|Fletchinder, F, shiny|327\/327
|move|p2a: RegiStuDee|Seismic Toss|p1a: 5
|-damage|p1a: 5|227\/327
|
|-damage|p2a: RegiStuDee|119\/362 brn|[from] brn
|turn|36
|
|move|p1a: 5|Swords Dance|p1a: 5
|-boost|p1a: 5|atk|2
|move|p2a: RegiStuDee|Rest|p2a: RegiStuDee
|-status|p2a: RegiStuDee|slp
|-heal|p2a: RegiStuDee|362\/362 slp|[silent]
|-status|p2a: RegiStuDee|slp|[from] move: Rest
|
|turn|37
|
|move|p1a: 5|Swords Dance|p1a: 5
|-boost|p1a: 5|atk|2
|cant|p2a: RegiStuDee|slp
|
|turn|38
|
|move|p1a: 5|Acrobatics|p2a: RegiStuDee
|-resisted|p2a: RegiStuDee
|-damage|p2a: RegiStuDee|199\/362 slp
|cant|p2a: RegiStuDee|slp
|
|turn|39
|
|switch|p2a: Dong|Gligar, M|258\/325
|-damage|p2a: Dong|218\/325|[from] Stealth Rock
|move|p1a: 5|Acrobatics|p2a: Dong
|-crit|p2a: Dong
|-damage|p2a: Dong|0 fnt
|faint|p2a: Dong
|
|
|switch|p2a: RegiStuDee|Registeel|199\/362 slp
|-damage|p2a: RegiStuDee|177\/362 slp|[from] Stealth Rock
|turn|40
|
|move|p1a: 5|Acrobatics|p2a: RegiStuDee
|-resisted|p2a: RegiStuDee
|-damage|p2a: RegiStuDee|22\/362 slp
|-curestatus|p2a: RegiStuDee|slp
|move|p2a: RegiStuDee|Rest|p2a: RegiStuDee
|-status|p2a: RegiStuDee|slp
|-heal|p2a: RegiStuDee|362\/362 slp|[silent]
|-status|p2a: RegiStuDee|slp|[from] move: Rest
|
|turn|41
|
|move|p1a: 5|Swords Dance|p1a: 5
|-boost|p1a: 5|atk|2
|cant|p2a: RegiStuDee|slp
|
|turn|42
|
|move|p1a: 5|Acrobatics|p2a: RegiStuDee
|-resisted|p2a: RegiStuDee
|-damage|p2a: RegiStuDee|142\/362 slp
|cant|p2a: RegiStuDee|slp
|
|turn|43
|
|move|p1a: 5|Acrobatics|p2a: RegiStuDee
|-resisted|p2a: RegiStuDee
|-damage|p2a: RegiStuDee|0 fnt
|faint|p2a: RegiStuDee
|
|win|Emblema de Fuego
|raw|Ladder updating...
|raw|Emblema de Fuego's rating: 1361 &rarr; <strong>1387<\/strong><br \/>(+26 for winning)
|raw|Miror D's rating: 1473 &rarr; <strong>1446<\/strong><br \/>(-27 for losing)
|leave|Miror D
|player|p2