|join|beardy superman
|join|Amoongbro
|player|p1|beardy superman|266
|player|p2|Amoongbro|169
|gametype|singles
|gen|6
|tier|OU
|rated
|clearpoke
|poke|p1|Metagross
|poke|p1|Keldeo
|poke|p1|Talonflame, F
|poke|p1|Rotom-Wash
|poke|p1|Landorus-Therian, M
|poke|p1|Latias, F
|poke|p2|Chansey, F, shiny
|poke|p2|Skarmory, F, shiny
|poke|p2|Alomomola, M, shiny
|poke|p2|Amoonguss, F, shiny
|poke|p2|Quagsire, M, shiny
|poke|p2|Sableye, F, shiny
|rule|Swagger Clause: Swagger is banned
|rule|Baton Pass Clause: Limit one PokÃ©mon knowing Baton Pass
|rule|Sleep Clause Mod: Limit one foe put to sleep
|rule|Species Clause: Limit one of each PokÃ©mon
|rule|OHKO Clause: OHKO moves are banned
|rule|Moody Clause: Moody is banned
|rule|Evasion Moves Clause: Evasion moves are banned
|rule|Endless Battle Clause: Forcing endless battles is banned
|rule|HP Percentage Mod: HP is shown in percentages
|teampreview
|
|start
|switch|p1a: Keldeo|Keldeo|323\/323
|switch|p2a: Not Mega|Sableye, F, shiny|304\/304
|turn|1
|
|switch|p2a: Mr Blobby|Amoonguss, F, shiny|432\/432
|move|p1a: Keldeo|Calm Mind|p1a: Keldeo
|-boost|p1a: Keldeo|spa|1
|-boost|p1a: Keldeo|spd|1
|
|turn|2
|
|move|p1a: Keldeo|Substitute|p1a: Keldeo
|-start|p1a: Keldeo|Substitute
|-damage|p1a: Keldeo|243\/323
|move|p2a: Mr Blobby|Clear Smog|p1a: Keldeo
|-activate|p1a: Keldeo|Substitute|[damage]
|
|-heal|p1a: Keldeo|263\/323|[from] item: Leftovers
|turn|3
|
|move|p1a: Keldeo|Scald|p2a: Mr Blobby
|-resisted|p2a: Mr Blobby
|-damage|p2a: Mr Blobby|343\/432
|-status|p2a: Mr Blobby|brn
|move|p2a: Mr Blobby|Giga Drain|p1a: Keldeo
|-supereffective|p1a: Keldeo
|-end|p1a: Keldeo|Substitute
|-heal|p2a: Mr Blobby|363\/432 brn|[from] drain|[of] p1a: Keldeo
|
|-heal|p1a: Keldeo|283\/323|[from] item: Leftovers
|-damage|p2a: Mr Blobby|309\/432 brn|[from] brn
|turn|4
|
|switch|p1a: Talonflame|Talonflame, F|297\/297
|move|p2a: Mr Blobby|Giga Drain|p1a: Talonflame
|-resisted|p1a: Talonflame
|-damage|p1a: Talonflame|271\/297
|-heal|p2a: Mr Blobby|322\/432 brn|[from] drain|[of] p1a: Talonflame
|
|-damage|p2a: Mr Blobby|268\/432 brn|[from] brn
|turn|5
|
|switch|p1a: Rotom-Wash|Rotom-Wash|304\/304
|switch|p2a: Mrs Blobby|Alomomola, M, shiny|529\/529
|
|turn|6
|
|switch|p2a: Mr Blobby|Amoonguss, F, shiny|412\/432 brn
|move|p1a: Rotom-Wash|Volt Switch|p2a: Mr Blobby
|-resisted|p2a: Mr Blobby
|-damage|p2a: Mr Blobby|378\/432 brn
|
|switch|p1a: Metagross|Metagross|301\/301
|
|-damage|p2a: Mr Blobby|324\/432 brn|[from] brn
|turn|7
|
|switch|p1a: Rotom-Wash|Rotom-Wash|304\/304
|switch|p2a: Fuck Magnezone|Skarmory, F, shiny|334\/334
|
|turn|8
|
|switch|p2a: Mr Blobby|Amoonguss, F, shiny|432\/432 brn
|move|p1a: Rotom-Wash|Volt Switch|p2a: Mr Blobby
|-resisted|p2a: Mr Blobby
|-damage|p2a: Mr Blobby|397\/432 brn
|
|switch|p1a: Landorus-Therian|Landorus-Therian, M|381\/381
|-ability|p1a: Landorus-Therian|Intimidate|[of] p2a: Mr Blobby
|-unboost|p2a: Mr Blobby|atk|1
|
|-damage|p2a: Mr Blobby|343\/432 brn|[from] brn
|turn|9
|
|switch|p2a: Fuck Magnezone|Skarmory, F, shiny|334\/334
|move|p1a: Landorus-Therian|Stealth Rock|p2a: Fuck Magnezone
|-sidestart|p2: Amoongbro|move: Stealth Rock
|
|turn|10
|
|move|p1a: Landorus-Therian|U-turn|p2a: Fuck Magnezone
|-resisted|p2a: Fuck Magnezone
|-damage|p2a: Fuck Magnezone|324\/334
|
|switch|p1a: Rotom-Wash|Rotom-Wash|304\/304
|move|p2a: Fuck Magnezone|Defog|p1a: Rotom-Wash
|-unboost|p1a: Rotom-Wash|evasion|1
|-sideend|p2: Amoongbro|Stealth Rock|[from] move: Defog|[of] p2a: Fuck Magnezone
|
|turn|11
|
|switch|p2a: Mr Blobby|Amoonguss, F, shiny|432\/432 brn
|move|p1a: Rotom-Wash|Volt Switch|p2a: Mr Blobby
|-resisted|p2a: Mr Blobby
|-damage|p2a: Mr Blobby|400\/432 brn
|
|switch|p1a: Landorus-Therian|Landorus-Therian, M|381\/381
|-ability|p1a: Landorus-Therian|Intimidate|[of] p2a: Mr Blobby
|-unboost|p2a: Mr Blobby|atk|1
|
|-damage|p2a: Mr Blobby|346\/432 brn|[from] brn
|turn|12
|
|switch|p2a: Fuck Magnezone|Skarmory, F, shiny|324\/334
|move|p1a: Landorus-Therian|Stealth Rock|p2a: Fuck Magnezone
|-sidestart|p2: Amoongbro|move: Stealth Rock
|
|turn|13
|
|move|p1a: Landorus-Therian|U-turn|p2a: Fuck Magnezone
|-resisted|p2a: Fuck Magnezone
|-damage|p2a: Fuck Magnezone|313\/334
|
|switch|p1a: Rotom-Wash|Rotom-Wash|304\/304
|move|p2a: Fuck Magnezone|Defog|p1a: Rotom-Wash
|-unboost|p1a: Rotom-Wash|evasion|1
|-sideend|p2: Amoongbro|Stealth Rock|[from] move: Defog|[of] p2a: Fuck Magnezone
|
|turn|14
|
|switch|p2a: Mr Blobby|Amoonguss, F, shiny|432\/432 brn
|move|p1a: Rotom-Wash|Volt Switch|p2a: Mr Blobby
|-resisted|p2a: Mr Blobby
|-damage|p2a: Mr Blobby|399\/432 brn
|
|switch|p1a: Landorus-Therian|Landorus-Therian, M|381\/381
|-ability|p1a: Landorus-Therian|Intimidate|[of] p2a: Mr Blobby
|-unboost|p2a: Mr Blobby|atk|1
|
|-damage|p2a: Mr Blobby|345\/432 brn|[from] brn
|turn|15
|
|switch|p2a: Fuck Magnezone|Skarmory, F, shiny|313\/334
|move|p1a: Landorus-Therian|Stealth Rock|p2a: Fuck Magnezone
|-sidestart|p2: Amoongbro|move: Stealth Rock
|
|turn|16
|
|move|p1a: Landorus-Therian|U-turn|p2a: Fuck Magnezone
|-resisted|p2a: Fuck Magnezone
|-damage|p2a: Fuck Magnezone|303\/334
|
|switch|p1a: Rotom-Wash|Rotom-Wash|304\/304
|move|p2a: Fuck Magnezone|Stealth Rock|p1a: Rotom-Wash
|-sidestart|p1: beardy superman|move: Stealth Rock
|
|turn|17
|
|switch|p2a: Mr Blobby|Amoonguss, F, shiny|432\/432 brn
|-damage|p2a: Mr Blobby|378\/432 brn|[from] Stealth Rock
|move|p1a: Rotom-Wash|Volt Switch|p2a: Mr Blobby
|-resisted|p2a: Mr Blobby
|-damage|p2a: Mr Blobby|343\/432 brn
|
|switch|p1a: Metagross|Metagross|301\/301
|-damage|p1a: Metagross|283\/301|[from] Stealth Rock
|
|-damage|p2a: Mr Blobby|289\/432 brn|[from] brn
|turn|18
|
|switch|p1a: Rotom-Wash|Rotom-Wash|304\/304
|-damage|p1a: Rotom-Wash|266\/304|[from] Stealth Rock
|switch|p2a: Mrs Blobby|Alomomola, M, shiny|529\/529
|-damage|p2a: Mrs Blobby|463\/529|[from] Stealth Rock
|
|-heal|p1a: Rotom-Wash|285\/304|[from] item: Leftovers
|-heal|p2a: Mrs Blobby|496\/529|[from] item: Leftovers
|turn|19
|
|switch|p2a: Mr Blobby|Amoonguss, F, shiny|432\/432 brn
|-damage|p2a: Mr Blobby|378\/432 brn|[from] Stealth Rock
|move|p1a: Rotom-Wash|Volt Switch|p2a: Mr Blobby
|-resisted|p2a: Mr Blobby
|-damage|p2a: Mr Blobby|343\/432 brn
|
|switch|p1a: Latias|Latias, F|301\/301
|-damage|p1a: Latias|264\/301|[from] Stealth Rock
|
|-damage|p2a: Mr Blobby|289\/432 brn|[from] brn
|turn|20
|
|switch|p2a: Baby Blobby|Chansey, F, shiny|704\/704
|-damage|p2a: Baby Blobby|616\/704|[from] Stealth Rock
|move|p1a: Latias|Defog|p2a: Baby Blobby
|-unboost|p2a: Baby Blobby|evasion|1
|-sideend|p2: Amoongbro|Stealth Rock|[from] move: Defog|[of] p2a: Baby Blobby
|-sideend|p1: beardy superman|Stealth Rock|[from] move: Defog|[of] p1a: Latias
|
|turn|21
|
|switch|p1a: Landorus-Therian|Landorus-Therian, M|381\/381
|-ability|p1a: Landorus-Therian|Intimidate|[of] p2a: Baby Blobby
|-unboost|p2a: Baby Blobby|atk|1
|move|p2a: Baby Blobby|Toxic|p1a: Landorus-Therian
|-status|p1a: Landorus-Therian|tox
|
|-damage|p1a: Landorus-Therian|358\/381 tox|[from] psn
|turn|22
|
|switch|p2a: Fuck Magnezone|Skarmory, F, shiny|303\/334
|move|p1a: Landorus-Therian|U-turn|p2a: Fuck Magnezone
|-resisted|p2a: Fuck Magnezone
|-damage|p2a: Fuck Magnezone|292\/334
|
|switch|p1a: Rotom-Wash|Rotom-Wash|285\/304
|
|-heal|p1a: Rotom-Wash|304\/304|[from] item: Leftovers
|turn|23
|
|switch|p2a: Mr Blobby|Amoonguss, F, shiny|432\/432 brn
|move|p1a: Rotom-Wash|Volt Switch|p2a: Mr Blobby
|-resisted|p2a: Mr Blobby
|-damage|p2a: Mr Blobby|398\/432 brn
|
|switch|p1a: Talonflame|Talonflame, F|271\/297
|
|-damage|p2a: Mr Blobby|344\/432 brn|[from] brn
|turn|24
|
|switch|p2a: Mrs Blobby|Alomomola, M, shiny|529\/529
|move|p1a: Talonflame|Swords Dance|p1a: Talonflame
|-boost|p1a: Talonflame|atk|2
|
|turn|25
|
|switch|p2a: Uncle Blobby|Quagsire, M, shiny|394\/394
|move|p1a: Talonflame|Brave Bird|p2a: Uncle Blobby
|-damage|p2a: Uncle Blobby|240\/394
|-damage|p1a: Talonflame|220\/297|[from] recoil|[of] p2a: Uncle Blobby
|
|-heal|p2a: Uncle Blobby|264\/394|[from] item: Leftovers
|turn|26
|
|switch|p1a: Latias|Latias, F|264\/301
|move|p2a: Uncle Blobby|Recover|p2a: Uncle Blobby
|-heal|p2a: Uncle Blobby|394\/394
|
|turn|27
|
|switch|p2a: Baby Blobby|Chansey, F, shiny|616\/704
|move|p1a: Latias|Psyshock|p2a: Baby Blobby
|-damage|p2a: Baby Blobby|405\/704
|-damage|p1a: Latias|234\/301|[from] item: Life Orb
|
|turn|28
|
|switch|p1a: Metagross|Metagross|283\/301
|move|p2a: Baby Blobby|Soft-Boiled|p2a: Baby Blobby
|-heal|p2a: Baby Blobby|704\/704
|
|turn|29
|
|switch|p2a: Mrs Blobby|Alomomola, M, shiny|529\/529
|detailschange|p1a: Metagross|Metagross-Mega
|-mega|p1a: Metagross|Metagross|Metagrossite
|move|p1a: Metagross|Zen Headbutt|p2a: Mrs Blobby
|-damage|p2a: Mrs Blobby|369\/529
|
|-heal|p2a: Mrs Blobby|402\/529|[from] item: Leftovers
|turn|30
|
|move|p1a: Metagross|Zen Headbutt|p2a: Mrs Blobby
|-damage|p2a: Mrs Blobby|240\/529
|move|p2a: Mrs Blobby|Scald|p1a: Metagross
|-damage|p1a: Metagross|240\/301
|
|-heal|p2a: Mrs Blobby|273\/529|[from] item: Leftovers
|turn|31
|
|switch|p1a: Keldeo|Keldeo|283\/323
|move|p2a: Mrs Blobby|Wish|p2a: Mrs Blobby
|
|-heal|p1a: Keldeo|303\/323|[from] item: Leftovers
|-heal|p2a: Mrs Blobby|306\/529|[from] item: Leftovers
|turn|32
|
|switch|p2a: Mr Blobby|Amoonguss, F, shiny|432\/432 brn
|move|p1a: Keldeo|Substitute|p1a: Keldeo
|-start|p1a: Keldeo|Substitute
|-damage|p1a: Keldeo|223\/323
|
|-heal|p1a: Keldeo|243\/323|[from] item: Leftovers
|-damage|p2a: Mr Blobby|378\/432 brn|[from] brn
|turn|33
|
|move|p1a: Keldeo|Calm Mind|p1a: Keldeo
|-boost|p1a: Keldeo|spa|1
|-boost|p1a: Keldeo|spd|1
|move|p2a: Mr Blobby|Giga Drain|p1a: Keldeo
|-supereffective|p1a: Keldeo
|-end|p1a: Keldeo|Substitute
|-heal|p2a: Mr Blobby|418\/432 brn|[from] drain|[of] p1a: Keldeo
|
|-heal|p1a: Keldeo|263\/323|[from] item: Leftovers
|-damage|p2a: Mr Blobby|364\/432 brn|[from] brn
|turn|34
|
|move|p1a: Keldeo|Calm Mind|p1a: Keldeo
|-boost|p1a: Keldeo|spa|1
|-boost|p1a: Keldeo|spd|1
|move|p2a: Mr Blobby|Giga Drain|p1a: Keldeo
|-supereffective|p1a: Keldeo
|-damage|p1a: Keldeo|183\/323
|-heal|p2a: Mr Blobby|404\/432 brn|[from] drain|[of] p1a: Keldeo
|
|-heal|p1a: Keldeo|203\/323|[from] item: Leftovers
|-damage|p2a: Mr Blobby|350\/432 brn|[from] brn
|turn|35
|
|move|p1a: Keldeo|Substitute|p1a: Keldeo
|-start|p1a: Keldeo|Substitute
|-damage|p1a: Keldeo|123\/323
|move|p2a: Mr Blobby|Giga Drain|p1a: Keldeo
|-supereffective|p1a: Keldeo
|-end|p1a: Keldeo|Substitute
|-heal|p2a: Mr Blobby|390\/432 brn|[from] drain|[of] p1a: Keldeo
|
|-heal|p1a: Keldeo|143\/323|[from] item: Leftovers
|-damage|p2a: Mr Blobby|336\/432 brn|[from] brn
|turn|36
|
|move|p1a: Keldeo|Calm Mind|p1a: Keldeo
|-boost|p1a: Keldeo|spa|1
|-boost|p1a: Keldeo|spd|1
|move|p2a: Mr Blobby|Giga Drain|p1a: Keldeo
|-supereffective|p1a: Keldeo
|-damage|p1a: Keldeo|77\/323
|-heal|p2a: Mr Blobby|369\/432 brn|[from] drain|[of] p1a: Keldeo
|
|-heal|p1a: Keldeo|97\/323|[from] item: Leftovers
|-damage|p2a: Mr Blobby|315\/432 brn|[from] brn
|turn|37
|
|move|p1a: Keldeo|Substitute|p1a: Keldeo
|-start|p1a: Keldeo|Substitute
|-damage|p1a: Keldeo|17\/323
|move|p2a: Mr Blobby|Giga Drain|p1a: Keldeo
|-supereffective|p1a: Keldeo
|-activate|p1a: Keldeo|Substitute|[damage]
|-heal|p2a: Mr Blobby|346\/432 brn|[from] drain|[of] p1a: Keldeo
|
|-heal|p1a: Keldeo|37\/323|[from] item: Leftovers
|-damage|p2a: Mr Blobby|292\/432 brn|[from] brn
|turn|38
|
|move|p1a: Keldeo|Scald|p2a: Mr Blobby
|-resisted|p2a: Mr Blobby
|-damage|p2a: Mr Blobby|148\/432 brn
|move|p2a: Mr Blobby|Giga Drain|p1a: Keldeo
|-supereffective|p1a: Keldeo
|-end|p1a: Keldeo|Substitute
|-heal|p2a: Mr Blobby|157\/432 brn|[from] drain|[of] p1a: Keldeo
|
|-heal|p1a: Keldeo|57\/323|[from] item: Leftovers
|-damage|p2a: Mr Blobby|103\/432 brn|[from] brn
|turn|39
|
|switch|p2a: Uncle Blobby|Quagsire, M, shiny|394\/394
|move|p1a: Keldeo|Scald|p2a: Uncle Blobby
|-damage|p2a: Uncle Blobby|181\/394
|
|-heal|p1a: Keldeo|77\/323|[from] item: Leftovers
|-heal|p2a: Uncle Blobby|205\/394|[from] item: Leftovers
|turn|40
|
|move|p1a: Keldeo|Scald|p2a: Uncle Blobby
|-crit|p2a: Uncle Blobby
|-damage|p2a: Uncle Blobby|0 fnt
|faint|p2a: Uncle Blobby
|
|-heal|p1a: Keldeo|97\/323|[from] item: Leftovers
|c|âAmoongbro|wins cuz of a burn
|c|âAmoongbro|total noob
|c|âbeardy superman|lol
|c|âAmoongbro|beardy man from pokebattle
|c|âbeardy superman|salty stall is salty
|c|âAmoongbro|noob
|c|âAmoongbro|gg won cuz of a burn
|c|âbeardy superman|if scald doesnt burn i'd b using hpump or at least surf
|c|âbeardy superman|its there to fking burn
|c|âbeardy superman|scrub
|c|âAmoongbro|nah
|c|âAmoongbro|you dont win 1v1 if im not burned
|c|âbeardy superman|i used 6 scalds so far
|c|âAmoongbro|spamming boostin moves for 10 turns...if any of them crit when the sub is down you die too
|c|âbeardy superman|and got 1 burn
|c|âbeardy superman|i'd think thats pretty average
|c|âbeardy superman|anyways
|c|âbeardy superman|qq moar
|c|âbeardy superman|scrub
|c|âAmoongbro|you got it the very first one you used dumb ass
|c|âbeardy superman|u made like
|c|âAmoongbro|and this is beardy man from pokebattle
|c|âbeardy superman|exactly zero predictions
|
|switch|p2a: Mr Blobby|Amoonguss, F, shiny|247\/432 brn
|turn|41
|c|âbeardy superman|all match
|c|âbeardy superman|and u blame the scald
|c|âAmoongbro|shut up i predicted you every turn lol
|c|âbeardy superman|hahahaha u predicted exactly zero doubles
|c|âAmoongbro|thats why you couldnt do anything
|c|âbeardy superman|u just switched to wutever can take it
|c|âAmoongbro|thats why you started boosting up after 33 turns of doing nothing
|c|âAmoongbro|of course
|c|âbeardy superman|i wanted to test out just how pathetically weak ur shroom truly is
|c|âAmoongbro|why would i switch to something that dies on the switch
|c|âbeardy superman|and it was weak as hell
|c|âAmoongbro|even HO teams dont switch something in that dies
|c|âbeardy superman|all my doubles
|c|âAmoongbro|dude lol its AV
|c|âbeardy superman|r obvious as fuck
|c|âAmoongbro|"pathetically weak"
|
|move|p1a: Keldeo|Secret Sword|p2a: Mr Blobby
|-resisted|p2a: Mr Blobby
|-damage|p2a: Mr Blobby|88\/432 brn
|move|p2a: Mr Blobby|Giga Drain|p1a: Keldeo
|-supereffective|p1a: Keldeo
|-damage|p1a: Keldeo|25\/323
|-heal|p2a: Mr Blobby|124\/432 brn|[from] drain|[of] p1a: Keldeo
|
|-heal|p1a: Keldeo|45\/323|[from] item: Leftovers
|-damage|p2a: Mr Blobby|70\/432 brn|[from] brn
|turn|42
|c|âAmoongbro|its the stongest specially defenesive amoongus you can make dumb ass lol
|c|âAmoongbro|only winning cuz of a burn
|c|âbeardy superman|lolol, giga barely breaks sub after 1 CM
|c|âbeardy superman|hell, even thats probably a roll
|c|âbeardy superman|since the 1 time i took it did exactly 25
|c|âAmoongbro|dude the burn killed me not the scalds
|c|âAmoongbro|you would have died
|c|âAmoongbro|if i werent burned trus tme
|c|âbeardy superman|so basically
|
|move|p1a: Keldeo|Scald|p2a: Mr Blobby
|-resisted|p2a: Mr Blobby
|-damage|p2a: Mr Blobby|0 fnt
|faint|p2a: Mr Blobby
|
|-heal|p1a: Keldeo|65\/323|[from] item: Leftovers
|c|âAmoongbro|gg
|c|âAmoongbro|you won cuz of that burn
|c|âbeardy superman|if i sack rotom to get wisp off
|c|âbeardy superman|i get the same effect?
|c|âAmoongbro|you didnt do that tho
|c|âAmoongbro|you used scald and got burn 1\/1
|c|âbeardy superman|because i got u on first burn already
|c|âAmoongbro|you didnt do that tho
|c|âbeardy superman|look at my team, wut can my rotom do against u?
|c|âAmoongbro|and rotom burning me does nothing
|c|âbeardy superman|i didnt because i didnt have to
|c|âbeardy superman|yes, rotom's burn does nothing
|c|âAmoongbro|excuses
|c|âbeardy superman|but keldeo's scald one does
|c|âbeardy superman|#LOGIC
|c|âAmoongbro|if thats what you wanted to do you would have just used wisp on rotom then
|c|âAmoongbro|but you didnt
|c|âbeardy superman|because pokemon differentiates the burns
|c|âAmoongbro|you just spammed scald with keldeo and got lucky
|c|âbeardy superman|u r already burnt
|c|âbeardy superman|why do i need to burn again?
|c|âAmoongbro|dude if you dont get that burn keldeo dies
|c|âbeardy superman|if ur mushroom wasnt burnt i'd at least have a reason to go for it
|c|âAmoongbro|and then nothing on your team does anything to me
|c|âbeardy superman|i switch to rotom, sack it to get wisp on u
|c|âAmoongbro|once keldeo dies to amoongus you have nothing on your team
|c|âbeardy superman|or r u saying that u'd switch out on rotom with amooguss?
|c|âAmoongbro|yeah but once kelde is dead burning me is pointless
|
|switch|p2a: Mrs Blobby|Alomomola, M, shiny|482\/529
|turn|43
|c|âbeardy superman|âbeardy superman: i switch to rotom, sack it to get wisp on u
|c|âbeardy superman|how'd keld die exactly?
|c|âAmoongbro|cause smoong only comes in on rotom and a burned amoongus does not fear rotom
|c|âAmoongbro|because youre a dumb fuck who would have tried to take out amoongus befor ethat
|c|âbeardy superman|so u get burnt anyways?
|c|âAmoongbro|you would have kept going for the scald burn with keldeo befor ethat
|c|âAmoongbro|and you would have died before it happens
|c|âbeardy superman|why'd i sack my keld when it gets to the whole team?
|c|âbeardy superman|man u r bad
|c|âAmoongbro|usually what happens is you f a g s do 3 subs and almost kill yourself before a burn goes off
|c|âbeardy superman|lol
|
|move|p1a: Keldeo|Secret Sword|p2a: Mrs Blobby
|-damage|p2a: Mrs Blobby|151\/529
|move|p2a: Mrs Blobby|Scald|p1a: Keldeo
|-resisted|p1a: Keldeo
|-damage|p1a: Keldeo|54\/323
|
|-heal|p1a: Keldeo|74\/323|[from] item: Leftovers
|-heal|p2a: Mrs Blobby|184\/529|[from] item: Leftovers
|turn|44
|c|âbeardy superman|terrible stall blaming it on a burn, get good nub
|c|âAmoongbro|how stupid are you
|c|âAmoongbro|scald ohkos mola
|c|âAmoongbro|why the fuck would i switch chansey in there
|c|âAmoongbro|youre so bad
|c|âAmoongbro|games over but you are a bad player
|c|âAmoongbro|won by hax
|
|switch|p2a: Not Mega|Sableye, F, shiny|304\/304
|move|p1a: Keldeo|Scald|p2a: Not Mega
|-damage|p2a: Not Mega|0 fnt
|faint|p2a: Not Mega
|
|-heal|p1a: Keldeo|94\/323|[from] item: Leftovers
|c|âbeardy superman|yup, im bad
|
|switch|p2a: Mrs Blobby|Alomomola, M, shiny|360\/529
|turn|45
|c|âAmoongbro|yeah you are
|c|âbeardy superman|gj on sacking ur sableye
|c|âAmoongbro|the game is over you idiot
|c|âAmoongbro|everything dies now
|c|âbeardy superman|then forf
|c|âbeardy superman|instead of timestalling like u r doign now
|c|âAmoongbro|let me show you dumb ass ill put mola back at full
|c|âAmoongbro|and then use scald you dumb fuck
|
|switch|p2a: Fuck Magnezone|Skarmory, F, shiny|292\/334
|move|p1a: Keldeo|Substitute|p1a: Keldeo
|-start|p1a: Keldeo|Substitute
|-damage|p1a: Keldeo|14\/323
|
|-heal|p1a: Keldeo|34\/323|[from] item: Leftovers
|turn|46
|c|âAmoongbro|wow
|c|âAmoongbro|what a tard
|c|âAmoongbro|all you have to do is spam scald
|
|move|p1a: Keldeo|Scald|p2a: Fuck Magnezone
|-damage|p2a: Fuck Magnezone|0 fnt
|faint|p2a: Fuck Magnezone
|
|-heal|p1a: Keldeo|54\/323|[from] item: Leftovers
|c|âbeardy superman|why do that when i can get free sub
|c|âbeardy superman|and NOT risk a mola burn?
|c|âAmoongbro|everything is a ohko you idiot
|c|âAmoongbro|dude youre stupid
|
|switch|p2a: Baby Blobby|Chansey, F, shiny|704\/704
|turn|47
|
|move|p1a: Keldeo|Secret Sword|p2a: Baby Blobby
|-supereffective|p2a: Baby Blobby
|-damage|p2a: Baby Blobby|0 fnt
|faint|p2a: Baby Blobby
|
|-heal|p1a: Keldeo|74\/323|[from] item: Leftovers
|c|âbeardy superman|lol
|c|âAmoongbro|you probably copied and pasted that team
|c|âbeardy superman|stall gets 6-0'd
|c|âAmoongbro|and have no idea how to play
|c|âbeardy superman|whines the other player is stupid
|c|âbeardy superman|well, find me the rmt of this team then
|c|âAmoongbro|nah i keep telling you the burn
|
|switch|p2a: Mrs Blobby|Alomomola, M, shiny|529\/529
|turn|48
|c|âbeardy superman|cuz im pretty sure its original
|c|âAmoongbro|dude lol
|c|âAmoongbro|keldeo with calm mind\/sub\/scald\/secret sword and lefties
|c|âAmoongbro|EVERYONE is using IT ATM
|
|move|p1a: Keldeo|Scald|p2a: Mrs Blobby
|-resisted|p2a: Mrs Blobby
|-damage|p2a: Mrs Blobby|208\/529
|-status|p2a: Mrs Blobby|brn
|move|p2a: Mrs Blobby|Scald|p1a: Keldeo
|-resisted|p1a: Keldeo
|-activate|p1a: Keldeo|Substitute|[damage]
|
|-heal|p1a: Keldeo|94\/323|[from] item: Leftovers
|-heal|p2a: Mrs Blobby|241\/529 brn|[from] item: Leftovers
|-damage|p2a: Mrs Blobby|175\/529 brn|[from] brn
|turn|49
|c|âbeardy superman|uh...its a good set, so wut?
|c|âAmoongbro|gg
|c|âAmoongbro|but your bad
|c|âbeardy superman|lolol
|c|âbeardy superman|says the guy who got 6-0d
|c|âbeardy superman|and blames it on BURN
|c|âAmoongbro|dude you had nothing for my team
|c|âbeardy superman|even though scald burn isnt even considered hax
|c|âAmoongbro|the only chance you had was to burn amoongus with keldeo
|c|âbeardy superman|i can wisp ur amoonguss
|c|âAmoongbro|its hax
|c|âbeardy superman|and sack rotom
|c|âbeardy superman|and get a 5-0
|c|âAmoongbro|nah
|c|âAmoongbro|youre not good enough to think like that
|c|âbeardy superman|lolol
|c|âAmoongbro|youre only saying that now cuz of the convo
|c|âbeardy superman|and u arent good enough to predict shit
|c|âbeardy superman|scrub
|c|âAmoongbro|youre bad
|-message|Amoongbro lost due to inactivity.
|
|win|beardy superman
|raw|Ladder updating...
|raw|beardy superman's rating: 1568 &rarr; <strong>1592<\/strong><br \/>(+24 for winning)
|raw|Amoongbro's rating: 1639 &rarr; <strong>1615<\/strong><br \/>(-24 for losing)
|c|âAmoongbro|nice rank
|c|âAmoongbro|nice win loss ratio
|c|âAmoongbro|suck more
|c|âbeardy superman|urs is shitty too
|c|âAmoongbro|nah
|c|âbeardy superman|ive been away from competitive for a month already lol
|c|âAmoongbro|youve lost 40 matches
|c|âbeardy superman|and this is my teamtesting alt, so what
|c|âAmoongbro|nah
|c|âAmoongbro|youve always been shit
|c|âAmoongbro|beardy man from poke battle
|c|âbeardy superman|says the guy who got 6-0d
|c|âbeardy superman|wut a noob
|c|âAmoongbro|beardy man from pokebattle
|c|âbeardy superman|wut a fuckign noob