|join|miasmata
|join|Amoongbro
|player|p1|miasmata|101
|player|p2|Amoongbro|169
|gametype|singles
|gen|6
|tier|OU
|rated
|clearpoke
|poke|p1|Cradily, F
|poke|p1|Slowbro, F
|poke|p1|Clefable, F
|poke|p1|Raikou
|poke|p1|Keldeo
|poke|p1|Landorus-Therian, M
|poke|p2|Chansey, F, shiny
|poke|p2|Skarmory, M, shiny
|poke|p2|Alomomola, M, shiny
|poke|p2|Amoonguss, M, shiny
|poke|p2|Quagsire, F, shiny
|poke|p2|Sableye, F, shiny
|rule|Swagger Clause: Swagger is banned
|rule|Baton Pass Clause: Limit one PokÃ©mon knowing Baton Pass
|rule|Sleep Clause Mod: Limit one foe put to sleep
|rule|Species Clause: Limit one of each PokÃ©mon
|rule|OHKO Clause: OHKO moves are banned
|rule|Moody Clause: Moody is banned
|rule|Evasion Moves Clause: Evasion moves are banned
|rule|Endless Battle Clause: Forcing endless battles is banned
|rule|HP Percentage Mod: HP is shown in percentages
|teampreview
|
|start
|switch|p1a: Clefable|Clefable, F|394\/394
|switch|p2a: Not Mega|Sableye, F, shiny|304\/304
|turn|1
|join|thenoobman
|
|switch|p2a: Baby Blobby|Chansey, F, shiny|704\/704
|move|p1a: Clefable|Calm Mind|p1a: Clefable
|-boost|p1a: Clefable|spa|1
|-boost|p1a: Clefable|spd|1
|
|turn|2
|
|switch|p2a: Mr Blobby|Amoonguss, M, shiny|432\/432
|move|p1a: Clefable|Calm Mind|p1a: Clefable
|-boost|p1a: Clefable|spa|1
|-boost|p1a: Clefable|spd|1
|
|turn|3
|
|move|p1a: Clefable|Stored Power|p2a: Mr Blobby
|-supereffective|p2a: Mr Blobby
|-damage|p2a: Mr Blobby|184\/432
|move|p2a: Mr Blobby|Clear Smog|p1a: Clefable
|-supereffective|p1a: Clefable
|-damage|p1a: Clefable|338\/394
|-clearboost|p1a: Clefable
|
|-heal|p1a: Clefable|362\/394|[from] item: Leftovers
|turn|4
|raw|<div class="broadcast-blue"><b>I've updated Battle Spot Doubles name to Battle Spot Doubles (VGC 2015). This ensures a fair total ladder reset for all BS Dubs \/ VGC players. These two formats are equal as of ORAS, bar unimplemented timer rules (on the pipeline). Enjoy!<\/b><\/div>
|join|FlamingVictini PB
|c| FlamingVictini PB|miasmata dw this guy thinks lucario and infernape are bad mons
|c| FlamingVictini PB|u can win this ez
|c|âAmoongbro|show me where i said they are bad mons
|c|âAmoongbro|quote where i said they are bad
|c|âAmoongbro|and why are you even here
|c|âmiasmata|mooooove
|c|âAmoongbro|i cant cause this tard is talking
|c| FlamingVictini PB|have some respect fren
|c|âAmoongbro|interupting the match
|c| FlamingVictini PB|miasmata this guy is a btch using stall, turn on the timer
|c|âAmoongbro|leave victini
|c|âmiasmata|hurry dude
|c|âmiasmata|why do u care if hes talking
|c| FlamingVictini PB|masimata just take teh timer win
|c|âmiasmata|lol
|c| FlamingVictini PB|^
|
|switch|p1a: Cradily|Cradily, F|375\/375
|switch|p2a: Not Mega|Sableye, F, shiny|304\/304
|
|turn|5
|c|âAmoongbro|theyre such a loser
|leave|thenoobman
|c| FlamingVictini PB|>calls an opponent loser
|
|switch|p1a: Clefable|Clefable, F|362\/394
|detailschange|p2a: Not Mega|Sableye-Mega, F, shiny
|-mega|p2a: Not Mega|Sableye|Sablenite
|move|p2a: Not Mega|Knock Off|p1a: Clefable
|-resisted|p1a: Clefable
|-damage|p1a: Clefable|318\/394
|-enditem|p1a: Clefable|Leftovers|[from] move: Knock Off|[of] p2a: Not Mega
|
|turn|6
|c| FlamingVictini PB|>0-2 vs same user
|c| FlamingVictini PB|>uses standard stall
|c| FlamingVictini PB|>complaisn about lucario and infernape
|c| FlamingVictini PB|>thinks #8 is an achievement
|c|âAmoongbro|dude i was talking about your sets
|c| FlamingVictini PB|what, is sd lucario bad?
|c|âAmoongbro|you have fire blast infernape, and a lucario which not many people are using anymore
|c| FlamingVictini PB|infernape is on the rist
|c|âAmoongbro|i never said it was bad just that you hardly see it on showdown anymore
|c| FlamingVictini PB|and it doesn't matter if peole don't use luke
|
|switch|p2a: Fuck Magnezone|Skarmory, M, shiny|334\/334
|move|p1a: Clefable|Calm Mind|p1a: Clefable
|-boost|p1a: Clefable|spa|1
|-boost|p1a: Clefable|spd|1
|
|turn|7
|c| FlamingVictini PB|so is there a problem because you only play bad players and thus have that impression and think that you're good?
|c|âAmoongbro|dude if youre the only one thats used it in 6 months of all my matches on here...then yeah it matters
|c|âAmoongbro|nah you just think youre a god
|c| FlamingVictini PB|then you haven't played anyone good
|c|âAmoongbro|ive played plenty good players...you just think youre god
|
|move|p2a: Fuck Magnezone|Stealth Rock|p1a: Clefable
|-sidestart|p1: miasmata|move: Stealth Rock
|move|p1a: Clefable|Calm Mind|p1a: Clefable
|-boost|p1a: Clefable|spa|1
|-boost|p1a: Clefable|spd|1
|
|turn|8
|c| FlamingVictini PB|i think i'm better than you
|
|switch|p2a: Uncle Blobby|Quagsire, F, shiny|394\/394
|move|p1a: Clefable|Moonblast|p2a: Uncle Blobby
|-damage|p2a: Uncle Blobby|244\/394
|-unboost|p2a: Uncle Blobby|spa|1
|
|-heal|p2a: Uncle Blobby|268\/394|[from] item: Leftovers
|turn|9
|c| FlamingVictini PB|and you have no business knocking sets
|c| FlamingVictini PB|or players
|c| FlamingVictini PB|or making yourself think ur good
|c|âAmoongbro|victini nobody cares. again i never knocked the set
|c|âAmoongbro|YOURE the one making yourself sound good
|c|âAmoongbro|nobody cares
|c| FlamingVictini PB|smh
|c|âAmoongbro|youve come in here to gloat about two wins vs me
|c| FlamingVictini PB|miasmata i wish u luck against this guy
|c|âAmoongbro|if im so bad why do you care
|c| FlamingVictini PB|gloat?
|c|âAmoongbro|why are you here
|c| FlamingVictini PB|u wanted screenshots of my rank
|c|âAmoongbro|youve played me once months ago
|c| FlamingVictini PB|and acted cocky
|c|âAmoongbro|and once just now
|c| FlamingVictini PB|months
|c|âAmoongbro|nobody cares
|c| FlamingVictini PB|that was like a week ago
|c| FlamingVictini PB|with a team i RECENTLY built
|c| FlamingVictini PB|if it displeases ou
|c|âAmoongbro|i made a comment that fir eblast infernape is not common
|c| FlamingVictini PB|you*
|c| FlamingVictini PB|it was long ago
|c|âAmoongbro|which it isnt
|c| FlamingVictini PB|is subcm keldeo uncommon?
|c|âAmoongbro|why are you changing the subject
|c|âAmoongbro|fire blast infernape isnt that common
|c| FlamingVictini PB|and also fire blast infernape is actually a well used set
|c| FlamingVictini PB|i can understand lucario
|c|âAmoongbro|its not common tho
|c| FlamingVictini PB|but infernape is a well used, COMMON mon
|
|move|p1a: Clefable|Calm Mind|p1a: Clefable
|-boost|p1a: Clefable|spa|1
|-boost|p1a: Clefable|spd|1
|move|p2a: Uncle Blobby|Recover|p2a: Uncle Blobby
|-heal|p2a: Uncle Blobby|394\/394
|
|turn|10
|c| FlamingVictini PB|not as common as LATIOS, but still COMMON
|
|move|p1a: Clefable|Calm Mind|p1a: Clefable
|-boost|p1a: Clefable|spa|1
|-boost|p1a: Clefable|spd|1
|move|p2a: Uncle Blobby|Haze|p2a: Uncle Blobby
|-clearallboost
|
|turn|11
|c|âAmoongbro|dude i play on here every day and its not common
|
|move|p1a: Clefable|Calm Mind|p1a: Clefable
|-boost|p1a: Clefable|spa|1
|-boost|p1a: Clefable|spd|1
|move|p2a: Uncle Blobby|Haze|p2a: Uncle Blobby
|-clearallboost
|
|turn|12
|
|move|p1a: Clefable|Moonblast|p2a: Uncle Blobby
|-crit|p2a: Uncle Blobby
|-damage|p2a: Uncle Blobby|183\/394
|move|p2a: Uncle Blobby|Haze|p2a: Uncle Blobby
|-clearallboost
|
|-heal|p2a: Uncle Blobby|207\/394|[from] item: Leftovers
|turn|13
|
|move|p1a: Clefable|Moonblast|p2a: Uncle Blobby
|-damage|p2a: Uncle Blobby|51\/394
|move|p2a: Uncle Blobby|Recover|p2a: Uncle Blobby
|-heal|p2a: Uncle Blobby|248\/394
|
|-heal|p2a: Uncle Blobby|272\/394|[from] item: Leftovers
|turn|14
|c| FlamingVictini PB|next your gonna say "cradily is uncommon it beat me ;_;"
|c|âAmoongbro|the only comment was that fire blast infernape is uncommon, and not many people have used lucario on here since its ban to ubers
|c|âAmoongbro|which is the truth
|
|move|p1a: Clefable|Calm Mind|p1a: Clefable
|-boost|p1a: Clefable|spa|1
|-boost|p1a: Clefable|spd|1
|move|p2a: Uncle Blobby|Recover|p2a: Uncle Blobby
|-heal|p2a: Uncle Blobby|394\/394
|
|turn|15
|
|move|p1a: Clefable|Moonblast|p2a: Uncle Blobby
|-damage|p2a: Uncle Blobby|243\/394
|move|p2a: Uncle Blobby|Haze|p2a: Uncle Blobby
|-clearallboost
|
|-heal|p2a: Uncle Blobby|267\/394|[from] item: Leftovers
|turn|16
|leave|FlamingVictini PB
|
|move|p1a: Clefable|Moonblast|p2a: Uncle Blobby
|-damage|p2a: Uncle Blobby|104\/394
|move|p2a: Uncle Blobby|Recover|p2a: Uncle Blobby
|-heal|p2a: Uncle Blobby|301\/394
|
|-heal|p2a: Uncle Blobby|325\/394|[from] item: Leftovers
|turn|17
|c|âAmoongbro|good riddance
|
|move|p1a: Clefable|Moonblast|p2a: Uncle Blobby
|-damage|p2a: Uncle Blobby|169\/394
|-unboost|p2a: Uncle Blobby|spa|1
|move|p2a: Uncle Blobby|Haze|p2a: Uncle Blobby
|-clearallboost
|
|-heal|p2a: Uncle Blobby|193\/394|[from] item: Leftovers
|turn|18
|
|move|p1a: Clefable|Moonblast|p2a: Uncle Blobby
|-damage|p2a: Uncle Blobby|45\/394
|move|p2a: Uncle Blobby|Recover|p2a: Uncle Blobby
|-heal|p2a: Uncle Blobby|242\/394
|
|-heal|p2a: Uncle Blobby|266\/394|[from] item: Leftovers
|turn|19
|
|move|p1a: Clefable|Moonblast|p2a: Uncle Blobby
|-damage|p2a: Uncle Blobby|103\/394
|-unboost|p2a: Uncle Blobby|spa|1
|move|p2a: Uncle Blobby|Recover|p2a: Uncle Blobby
|-heal|p2a: Uncle Blobby|300\/394
|
|-heal|p2a: Uncle Blobby|324\/394|[from] item: Leftovers
|turn|20
|
|switch|p2a: Mr Blobby|Amoonguss, M, shiny|328\/432
|move|p1a: Clefable|Calm Mind|p1a: Clefable
|-boost|p1a: Clefable|spa|1
|-boost|p1a: Clefable|spd|1
|
|turn|21
|
|switch|p1a: Cradily|Cradily, F|375\/375
|-damage|p1a: Cradily|329\/375|[from] Stealth Rock
|move|p2a: Mr Blobby|Clear Smog|p1a: Cradily
|-damage|p1a: Cradily|283\/375
|-clearboost|p1a: Cradily
|
|-heal|p1a: Cradily|306\/375|[from] item: Leftovers
|turn|22
|
|switch|p2a: Not Mega|Sableye-Mega, F, shiny|304\/304
|move|p1a: Cradily|Giga Drain|p2a: Not Mega
|-damage|p2a: Not Mega|237\/304
|-heal|p1a: Cradily|340\/375|[from] drain|[of] p2a: Not Mega
|
|-heal|p1a: Cradily|363\/375|[from] item: Leftovers
|turn|23
|
|switch|p1a: Clefable|Clefable, F|318\/394
|move|p2a: Not Mega|Toxic|p1a: Clefable
|-status|p1a: Clefable|tox
|
|turn|24
|
|switch|p2a: Mr Blobby|Amoonguss, M, shiny|432\/432
|move|p1a: Clefable|Calm Mind|p1a: Clefable
|-boost|p1a: Clefable|spa|1
|-boost|p1a: Clefable|spd|1
|
|turn|25
|c|âAmoongbro|dude stop fucking pmming me nobody cares
|c|âAmoongbro|mt
|
|switch|p1a: Cradily|Cradily, F|363\/375
|-damage|p1a: Cradily|317\/375|[from] Stealth Rock
|move|p2a: Mr Blobby|Clear Smog|p1a: Cradily
|-damage|p1a: Cradily|266\/375
|-clearboost|p1a: Cradily
|
|-heal|p1a: Cradily|289\/375|[from] item: Leftovers
|turn|26
|
|switch|p2a: Not Mega|Sableye-Mega, F, shiny|237\/304
|move|p1a: Cradily|Stealth Rock|p2a: Not Mega
|move|p2a: Not Mega|Stealth Rock|p1a: Cradily|[from]Magic Bounce
|-fail|p1a: Cradily
|
|-heal|p1a: Cradily|312\/375|[from] item: Leftovers
|turn|27
|join|Omegasization
|c|âAmoongbro|ugh this guy thinks he is some sort of god. annoying fuck. following me around cause he beat me
|c| Omegasization|so why are you muted this time
|c|âAmoongbro|FlamingVictini following me around preachin
|c|âAmoongbro|about how i suck
|c| Omegasization|just ignore him..
|c|âAmoongbro|mute them. ask the guy in this room
|c| Omegasization|people are gonna say that you suck
|c| Omegasization|gingy says i suck
|c|âAmoongbro|im not bothred i know
|c| Omegasization|i dont care
|c|âAmoongbro|but following me around every match to say it
|
|switch|p1a: Clefable|Clefable, F|318\/394 tox
|move|p2a: Not Mega|Knock Off|p1a: Clefable
|-resisted|p1a: Clefable
|-damage|p1a: Clefable|287\/394 tox
|
|turn|28
|c| Omegasization|thats some warnable shit
|join|The Phantom Tele
|
|switch|p1a: Cradily|Cradily, F|312\/375
|-damage|p1a: Cradily|266\/375|[from] Stealth Rock
|switch|p2a: Mr Blobby|Amoonguss, M, shiny|432\/432
|
|-heal|p1a: Cradily|289\/375|[from] item: Leftovers
|turn|29
|c|âmiasmata|chill, men
|join|rnhateh
|c|âmiasmata|its pkmn who cares.
|c|âAmoongbro|exactly ive got to #8 yesterday so i dont need to justify myself to some loser who thinks theyre the "best" at pokemon
|
|switch|p2a: Not Mega|Sableye-Mega, F, shiny|237\/304
|move|p1a: Cradily|Giga Drain|p2a: Not Mega
|-damage|p2a: Not Mega|177\/304
|-heal|p1a: Cradily|319\/375|[from] drain|[of] p2a: Not Mega
|
|-heal|p1a: Cradily|342\/375|[from] item: Leftovers
|turn|30
|
|switch|p1a: Clefable|Clefable, F|287\/394 tox
|move|p2a: Not Mega|Recover|p2a: Not Mega
|-heal|p2a: Not Mega|304\/304
|
|turn|31
|
|switch|p2a: Mr Blobby|Amoonguss, M, shiny|432\/432
|move|p1a: Clefable|Calm Mind|p1a: Clefable
|-boost|p1a: Clefable|spa|1
|-boost|p1a: Clefable|spd|1
|
|turn|32
|
|move|p1a: Clefable|Moonblast|p2a: Mr Blobby
|-resisted|p2a: Mr Blobby
|-damage|p2a: Mr Blobby|365\/432
|move|p2a: Mr Blobby|Clear Smog|p1a: Clefable
|-supereffective|p1a: Clefable
|-damage|p1a: Clefable|215\/394 tox
|-clearboost|p1a: Clefable
|
|turn|33
|c| Omegasization|asked him to stop
|
|move|p1a: Clefable|Soft-Boiled|p1a: Clefable
|-heal|p1a: Clefable|394\/394 tox
|move|p2a: Mr Blobby|Giga Drain|p1a: Clefable
|-damage|p1a: Clefable|313\/394 tox
|-heal|p2a: Mr Blobby|406\/432|[from] drain|[of] p1a: Clefable
|
|turn|34
|
|switch|p1a: Cradily|Cradily, F|342\/375
|-damage|p1a: Cradily|296\/375|[from] Stealth Rock
|move|p2a: Mr Blobby|Giga Drain|p1a: Cradily
|-damage|p1a: Cradily|226\/375
|-heal|p2a: Mr Blobby|432\/432|[from] drain|[of] p1a: Cradily
|
|-heal|p1a: Cradily|249\/375|[from] item: Leftovers
|turn|35
|c|âAmoongbro|he wont listen
|c|âAmoongbro|he does it all the time
|
|switch|p2a: Not Mega|Sableye-Mega, F, shiny|304\/304
|move|p1a: Cradily|Giga Drain|p2a: Not Mega
|-damage|p2a: Not Mega|241\/304
|-heal|p1a: Cradily|281\/375|[from] drain|[of] p2a: Not Mega
|
|-heal|p1a: Cradily|304\/375|[from] item: Leftovers
|turn|36
|
|switch|p1a: Clefable|Clefable, F|313\/394 tox
|move|p2a: Not Mega|Knock Off|p1a: Clefable
|-resisted|p1a: Clefable
|-damage|p1a: Clefable|284\/394 tox
|
|turn|37
|c|âAmoongbro|he beat me with a fire blast infernape, and a lucario. all i said to him was that fire blast infernape isnt that common in ou (and i do play a lot here). also that you dont see lucario much any more since mega was banned
|c|âAmoongbro|he took that as me saying all his sets were bad. i was just saying its uncommon
|
|switch|p1a: Cradily|Cradily, F|304\/375
|-damage|p1a: Cradily|258\/375|[from] Stealth Rock
|switch|p2a: Mr Blobby|Amoonguss, M, shiny|432\/432
|
|-heal|p1a: Cradily|281\/375|[from] item: Leftovers
|turn|38
|
|move|p1a: Cradily|Giga Drain|p2a: Mr Blobby
|-resisted|p2a: Mr Blobby
|-damage|p2a: Mr Blobby|416\/432
|-heal|p1a: Cradily|289\/375|[from] drain|[of] p2a: Mr Blobby
|move|p2a: Mr Blobby|Giga Drain|p1a: Cradily
|-damage|p1a: Cradily|214\/375
|-heal|p2a: Mr Blobby|432\/432|[from] drain|[of] p1a: Cradily
|
|-heal|p1a: Cradily|237\/375|[from] item: Leftovers
|turn|39
|
|switch|p2a: Not Mega|Sableye-Mega, F, shiny|241\/304
|move|p1a: Cradily|Giga Drain|p2a: Not Mega
|-damage|p2a: Not Mega|174\/304
|-heal|p1a: Cradily|271\/375|[from] drain|[of] p2a: Not Mega
|
|-heal|p1a: Cradily|294\/375|[from] item: Leftovers
|turn|40
|c|âAmoongbro|i dont see cradily a lot, doesnt mean its bad.
|
|move|p1a: Cradily|Giga Drain|p2a: Not Mega
|-damage|p2a: Not Mega|104\/304
|-heal|p1a: Cradily|329\/375|[from] drain|[of] p2a: Not Mega
|move|p2a: Not Mega|Recover|p2a: Not Mega
|-heal|p2a: Not Mega|256\/304
|
|-heal|p1a: Cradily|352\/375|[from] item: Leftovers
|turn|41
|
|switch|p1a: Clefable|Clefable, F|284\/394 tox
|move|p2a: Not Mega|Will-O-Wisp|p1a: Clefable
|-fail|p1a: Clefable
|
|turn|42
|
|switch|p2a: Mr Blobby|Amoonguss, M, shiny|432\/432
|move|p1a: Clefable|Moonblast|p2a: Mr Blobby
|-resisted|p2a: Mr Blobby
|-damage|p2a: Mr Blobby|388\/432
|
|turn|43
|
|switch|p1a: Cradily|Cradily, F|352\/375
|-damage|p1a: Cradily|306\/375|[from] Stealth Rock
|move|p2a: Mr Blobby|Giga Drain|p1a: Cradily
|-damage|p1a: Cradily|240\/375
|-heal|p2a: Mr Blobby|421\/432|[from] drain|[of] p1a: Cradily
|
|-heal|p1a: Cradily|263\/375|[from] item: Leftovers
|turn|44
|
|move|p1a: Cradily|Recover|p1a: Cradily
|-heal|p1a: Cradily|375\/375
|move|p2a: Mr Blobby|Giga Drain|p1a: Cradily
|-damage|p1a: Cradily|306\/375
|-heal|p2a: Mr Blobby|432\/432|[from] drain|[of] p1a: Cradily
|
|-heal|p1a: Cradily|329\/375|[from] item: Leftovers
|turn|45
|
|switch|p2a: Not Mega|Sableye-Mega, F, shiny|256\/304
|move|p1a: Cradily|Stealth Rock|p2a: Not Mega
|move|p2a: Not Mega|Stealth Rock|p1a: Cradily|[from]Magic Bounce
|-fail|p1a: Cradily
|
|-heal|p1a: Cradily|352\/375|[from] item: Leftovers
|turn|46
|
|switch|p1a: Clefable|Clefable, F|284\/394 tox
|move|p2a: Not Mega|Knock Off|p1a: Clefable
|-resisted|p1a: Clefable
|-damage|p1a: Clefable|256\/394 tox
|
|turn|47
|
|switch|p2a: Mr Blobby|Amoonguss, M, shiny|432\/432
|move|p1a: Clefable|Soft-Boiled|p1a: Clefable
|-heal|p1a: Clefable|394\/394 tox
|
|turn|48
|
|switch|p1a: Cradily|Cradily, F|352\/375
|-damage|p1a: Cradily|306\/375|[from] Stealth Rock
|move|p2a: Mr Blobby|Hidden Power|p1a: Cradily
|-damage|p1a: Cradily|268\/375
|
|-heal|p1a: Cradily|291\/375|[from] item: Leftovers
|turn|49
|
|switch|p2a: Not Mega|Sableye-Mega, F, shiny|256\/304
|move|p1a: Cradily|Stealth Rock|p2a: Not Mega
|move|p2a: Not Mega|Stealth Rock|p1a: Cradily|[from]Magic Bounce
|-fail|p1a: Cradily
|
|-heal|p1a: Cradily|314\/375|[from] item: Leftovers
|turn|50
|
|switch|p1a: Clefable|Clefable, F|394\/394 tox
|move|p2a: Not Mega|Knock Off|p1a: Clefable
|-resisted|p1a: Clefable
|-damage|p1a: Clefable|364\/394 tox
|
|turn|51
|
|switch|p1a: Cradily|Cradily, F|314\/375
|-damage|p1a: Cradily|268\/375|[from] Stealth Rock
|switch|p2a: Mr Blobby|Amoonguss, M, shiny|432\/432
|
|-heal|p1a: Cradily|291\/375|[from] item: Leftovers
|turn|52
|
|switch|p2a: Not Mega|Sableye-Mega, F, shiny|256\/304
|move|p1a: Cradily|Stealth Rock|p2a: Not Mega
|move|p2a: Not Mega|Stealth Rock|p1a: Cradily|[from]Magic Bounce
|-fail|p1a: Cradily
|
|-heal|p1a: Cradily|314\/375|[from] item: Leftovers
|turn|53
|
|switch|p1a: Clefable|Clefable, F|364\/394 tox
|move|p2a: Not Mega|Knock Off|p1a: Clefable
|-resisted|p1a: Clefable
|-damage|p1a: Clefable|336\/394 tox
|
|turn|54
|
|switch|p2a: Mr Blobby|Amoonguss, M, shiny|432\/432
|move|p1a: Clefable|Calm Mind|p1a: Clefable
|-boost|p1a: Clefable|spa|1
|-boost|p1a: Clefable|spd|1
|
|turn|55
|
|switch|p1a: Cradily|Cradily, F|314\/375
|-damage|p1a: Cradily|268\/375|[from] Stealth Rock
|move|p2a: Mr Blobby|Clear Smog|p1a: Cradily
|-damage|p1a: Cradily|216\/375
|-clearboost|p1a: Cradily
|
|-heal|p1a: Cradily|239\/375|[from] item: Leftovers
|turn|56
|
|switch|p2a: Not Mega|Sableye-Mega, F, shiny|256\/304
|move|p1a: Cradily|Stealth Rock|p2a: Not Mega
|move|p2a: Not Mega|Stealth Rock|p1a: Cradily|[from]Magic Bounce
|-fail|p1a: Cradily
|
|-heal|p1a: Cradily|262\/375|[from] item: Leftovers
|turn|57
|
|switch|p1a: Clefable|Clefable, F|336\/394 tox
|move|p2a: Not Mega|Knock Off|p1a: Clefable
|-resisted|p1a: Clefable
|-damage|p1a: Clefable|307\/394 tox
|
|turn|58
|
|switch|p2a: Mr Blobby|Amoonguss, M, shiny|432\/432
|move|p1a: Clefable|Moonblast|p2a: Mr Blobby
|-resisted|p2a: Mr Blobby
|-damage|p2a: Mr Blobby|390\/432
|
|turn|59
|
|switch|p1a: Cradily|Cradily, F|262\/375
|-damage|p1a: Cradily|216\/375|[from] Stealth Rock
|move|p2a: Mr Blobby|Foul Play|p1a: Cradily
|-damage|p1a: Cradily|179\/375
|
|-heal|p1a: Cradily|202\/375|[from] item: Leftovers
|turn|60
|
|switch|p2a: Not Mega|Sableye-Mega, F, shiny|256\/304
|move|p1a: Cradily|Recover|p1a: Cradily
|-heal|p1a: Cradily|375\/375
|
|turn|61
|
|switch|p1a: Clefable|Clefable, F|307\/394 tox
|move|p2a: Not Mega|Knock Off|p1a: Clefable
|-crit|p1a: Clefable
|-resisted|p1a: Clefable
|-damage|p1a: Clefable|262\/394 tox
|
|turn|62
|
|switch|p1a: Cradily|Cradily, F|375\/375
|-damage|p1a: Cradily|329\/375|[from] Stealth Rock
|switch|p2a: Mr Blobby|Amoonguss, M, shiny|432\/432
|
|-heal|p1a: Cradily|352\/375|[from] item: Leftovers
|turn|63
|join|heartfield
|
|switch|p2a: Not Mega|Sableye-Mega, F, shiny|256\/304
|move|p1a: Cradily|Giga Drain|p2a: Not Mega
|-damage|p2a: Not Mega|196\/304
|-heal|p1a: Cradily|375\/375|[from] drain|[of] p2a: Not Mega
|
|turn|64
|
|switch|p1a: Clefable|Clefable, F|262\/394 tox
|move|p2a: Not Mega|Knock Off|p1a: Clefable
|-resisted|p1a: Clefable
|-damage|p1a: Clefable|232\/394 tox
|
|turn|65
|
|switch|p2a: Mr Blobby|Amoonguss, M, shiny|432\/432
|move|p1a: Clefable|Soft-Boiled|p1a: Clefable
|-heal|p1a: Clefable|394\/394 tox
|
|turn|66
|
|switch|p1a: Cradily|Cradily, F|375\/375
|-damage|p1a: Cradily|329\/375|[from] Stealth Rock
|move|p2a: Mr Blobby|Foul Play|p1a: Cradily
|-damage|p1a: Cradily|295\/375
|
|-heal|p1a: Cradily|318\/375|[from] item: Leftovers
|turn|67
|c|âAmoongbro|you can win this match without stealth rocks bro lol. NOt being rude but do you really want to pp stall at 6v6 for over a hundred turns just to get rocks up?
|
|switch|p2a: Not Mega|Sableye-Mega, F, shiny|196\/304
|move|p1a: Cradily|Stealth Rock|p2a: Not Mega
|move|p2a: Not Mega|Stealth Rock|p1a: Cradily|[from]Magic Bounce
|-fail|p1a: Cradily
|
|-heal|p1a: Cradily|341\/375|[from] item: Leftovers
|turn|68
|
|switch|p1a: Clefable|Clefable, F|394\/394 tox
|move|p2a: Not Mega|Recover|p2a: Not Mega
|-heal|p2a: Not Mega|304\/304
|
|turn|69
|c|âmiasmata|im playing another game
|c|âmiasmata|not being rude but this is boring as fuck
|c|âmiasmata|u cant break through me, i cant break through u
|c|âAmoongbro|it is
|c|âmiasmata|boggles my mind that people wanna spend hours on a game playing stall
|c|âmiasmata|on the ladder
|c|âAmoongbro|but youre the one doing the same thing over and over just to get rocks up
|c|âmiasmata|heh.
|c|âAmoongbro|dude youre the one making this match last this long
|c|âAmoongbro|your only objective right now it appears is to get rocks up befoe you do anything else
|c|âmiasmata|yea because i dont wanna switch around when your shit walls me?
|c|âAmoongbro|obviously im gonna try and prevent that
|c|âmiasmata|yes.
|leave|The Phantom Tele
|leave|heartfield
|c|âAmoongbro|i already said you have some pokemon on your team that can win without rocls
|c|âmiasmata|idk why you're complaining you're the one who brought that shit
|c|âmiasmata|heed your own advice to that victini dude
|c|âmiasmata|hush.
|c|âAmoongbro|its 6v6 and youre forcing a pp stall already just cause you want rocks up...and you call me boring
|c|âmiasmata|yeah sorry for saying unaware stall with haze is boring
|c|âAmoongbro|dude you called the match boring as fuck not me
|c|âmiasmata|some feelings are being hurt
|
|switch|p2a: Mr Blobby|Amoonguss, M, shiny|432\/432
|move|p1a: Clefable|Moonblast|p2a: Mr Blobby
|-resisted|p2a: Mr Blobby
|-damage|p2a: Mr Blobby|387\/432
|-unboost|p2a: Mr Blobby|spa|1
|
|turn|70
|c|âAmoongbro|sigh
|
|switch|p1a: Cradily|Cradily, F|341\/375
|-damage|p1a: Cradily|295\/375|[from] Stealth Rock
|move|p2a: Mr Blobby|Foul Play|p1a: Cradily
|-damage|p1a: Cradily|259\/375
|
|-heal|p1a: Cradily|282\/375|[from] item: Leftovers
|turn|71
|c|âmiasmata|dw eventually i'll lose interest and time out
|
|switch|p2a: Not Mega|Sableye-Mega, F, shiny|304\/304
|move|p1a: Cradily|Giga Drain|p2a: Not Mega
|-damage|p2a: Not Mega|237\/304
|-heal|p1a: Cradily|316\/375|[from] drain|[of] p2a: Not Mega
|
|-heal|p1a: Cradily|339\/375|[from] item: Leftovers
|turn|72
|c|âAmoongbro|im trying to give constructive criticism but as usual you cant take it any other way
|
|switch|p1a: Clefable|Clefable, F|394\/394 tox
|move|p2a: Not Mega|Knock Off|p1a: Clefable
|-resisted|p1a: Clefable
|-damage|p1a: Clefable|365\/394 tox
|
|turn|73
|c|âmiasmata|well at least now i understand why that victini dude flames you
|c|âmiasmata|haha...
|c|âmiasmata|but no its not your fault its everyone else
|c|âAmoongbro|âmiasmata: not being rude but this is boring as fuck
|c|âAmoongbro|you said that not me
|c|âmiasmata|whats your point
|c|âmiasmata|it is boring as fuck because of the shit you brought
|c|âmiasmata|i was silent until you started talking
|c|âmiasmata|"same thing over and over"
|c|âmiasmata|can u explain how i have other ways to "win"
|
|switch|p1a: Cradily|Cradily, F|339\/375
|-damage|p1a: Cradily|293\/375|[from] Stealth Rock
|switch|p2a: Mr Blobby|Amoonguss, M, shiny|432\/432
|
|-heal|p1a: Cradily|316\/375|[from] item: Leftovers
|turn|74
|c|âAmoongbro|i dont see how switching into only two pokemon over and over cause you want rocks up not boring
|c|âmiasmata|ok
|c|âmiasmata|tell me how do i win then
|c|âmiasmata|you apparently know something about my team
|c|âmiasmata|that i dont
|c|âAmoongbro|if i let you put rocks up what are you gonna do then
|
|switch|p2a: Not Mega|Sableye-Mega, F, shiny|237\/304
|move|p1a: Cradily|Giga Drain|p2a: Not Mega
|-damage|p2a: Not Mega|174\/304
|-heal|p1a: Cradily|348\/375|[from] drain|[of] p2a: Not Mega
|
|-heal|p1a: Cradily|371\/375|[from] item: Leftovers
|turn|75
|c|âmiasmata|i dont think you realize nobody really gives a shit when playing v stall on the ladder
|
|switch|p1a: Clefable|Clefable, F|365\/394 tox
|move|p2a: Not Mega|Recover|p2a: Not Mega
|-heal|p2a: Not Mega|304\/304
|
|turn|76
|c|âAmoongbro|My first comment was one saying i had hope that you could win without rocks. but typical you cant take it any other way than an insult
|c|âmiasmata|âAmoongbro: you can win this match without stealth rocks bro lol.
|c|âmiasmata|i see
|c|âmiasmata|you had hope.
|c|âAmoongbro|i also said "i dont really see cradily a lot, doesnt mean its bad". youre just like voctini in a way. you cant understand the context of what someone is saying
|
|switch|p2a: Mr Blobby|Amoonguss, M, shiny|432\/432
|move|p1a: Clefable|Moonblast|p2a: Mr Blobby
|-resisted|p2a: Mr Blobby
|-damage|p2a: Mr Blobby|392\/432
|
|turn|77
|c|âmiasmata|err
|c|âmiasmata|who gives a shit about cradily
|c|âmiasmata|its shit
|c|âmiasmata|so be it
|c|âmiasmata|rofl
|c|âmiasmata|i think you're a little retarded in that sense
|c|âAmoongbro|cradily isnt bad
|c|âmiasmata|you didnt offend me at all
|c|âmiasmata|why are u bringing up cardily
|
|switch|p1a: Cradily|Cradily, F|371\/375
|-damage|p1a: Cradily|325\/375|[from] Stealth Rock
|move|p2a: Mr Blobby|Foul Play|p1a: Cradily
|-damage|p1a: Cradily|290\/375
|
|-heal|p1a: Cradily|313\/375|[from] item: Leftovers
|turn|78
|c|âAmoongbro|because it was in reference to victini (who you brought up)
|
|switch|p2a: Not Mega|Sableye-Mega, F, shiny|304\/304
|move|p1a: Cradily|Giga Drain|p2a: Not Mega
|-damage|p2a: Not Mega|241\/304
|-heal|p1a: Cradily|345\/375|[from] drain|[of] p2a: Not Mega
|
|-heal|p1a: Cradily|368\/375|[from] item: Leftovers
|turn|79
|c|âmiasmata|LOL
|c|âmiasmata|ok?
|c|âmiasmata|so somehow u think i got offended
|c|âmiasmata|as u implied cradily is bad???
|c|âAmoongbro|sigh. i was saying it was good
|
|switch|p1a: Clefable|Clefable, F|365\/394 tox
|move|p2a: Not Mega|Knock Off|p1a: Clefable
|-resisted|p1a: Clefable
|-damage|p1a: Clefable|333\/394 tox
|
|turn|80
|c|âmiasmata|and that has nothing to do with this game being boring as shit
|c|âmiasmata|you're retarded lets leave it at that
|c|âAmoongbro|it does
|c|âAmoongbro|cradily has everything to do why this game is boring
|c|âAmoongbro|its the main reason this game is boring
|c|âmiasmata|why
|c|âmiasmata|because its a switchin to your amoonguss
|c|âmiasmata|amoonguss cradily sableye on the other hand
|c|âmiasmata|makes this game exciting
|
|switch|p2a: Mr Blobby|Amoonguss, M, shiny|432\/432
|move|p1a: Clefable|Moonblast|p2a: Mr Blobby
|-resisted|p2a: Mr Blobby
|-damage|p2a: Mr Blobby|390\/432
|-unboost|p2a: Mr Blobby|spa|1
|
|turn|81
|c|âAmoongbro|nah, the only reason you keep switching it in is to put rocks up. why not play the game a bit and try and look for opening a different way
|-message|miasmata forfeited.
|
|win|Amoongbro
|raw|Ladder updating...
|leave|miasmata
|player|p1
|raw|miasmata's rating: 1637 &rarr; <strong>1623<\/strong><br \/>(-14 for losing)
|raw|Amoongbro's rating: 1740 &rarr; <strong>1755<\/strong><br \/>(+15 for winning)
|leave|rnhateh
|c|âAmoongbro|like i said i wasnt trying to be rude but all you cared about was rocks with cradily so its the only reason the game is boring