|join|ThisFireBurns
|join|Amoongbro
|player|p1|ThisFireBurns|265
|player|p2|Amoongbro|1
|gametype|singles
|gen|6
|tier|OU
|rated
|clearpoke
|poke|p1|Scizor, F
|poke|p1|Rotom-Wash
|poke|p1|Bisharp, M
|poke|p1|Gardevoir, M
|poke|p1|Landorus-Therian, M
|poke|p1|Talonflame, F
|poke|p2|Chansey, F, shiny
|poke|p2|Skarmory, M, shiny
|poke|p2|Alomomola, F, shiny
|poke|p2|Amoonguss, F, shiny
|poke|p2|Quagsire, M, shiny
|poke|p2|Sableye, M, shiny
|rule|Swagger Clause: Swagger is banned
|rule|Baton Pass Clause: Limit one PokÃ©mon knowing Baton Pass
|rule|Sleep Clause Mod: Limit one foe put to sleep
|rule|Species Clause: Limit one of each PokÃ©mon
|rule|OHKO Clause: OHKO moves are banned
|rule|Moody Clause: Moody is banned
|rule|Evasion Moves Clause: Evasion moves are banned
|rule|Endless Battle Clause: Forcing endless battles is banned
|rule|HP Percentage Mod: HP is shown in percentages
|teampreview
|c|âThisFireBurns|hi bro
|c|âThisFireBurns|remember me?
|c|âThisFireBurns|haha
|c|âAmoongbro|oh its that taunt + volt turn spam noob
|c|âThisFireBurns|ready for one hour of battle?
|c|âAmoongbro|not really
|c|âThisFireBurns|and loose in the final
|c|âThisFireBurns|UHASUHASUHASHUAS
|c|âAmoongbro|youve lost 96 matches
|c|âAmoongbro|sigh
|c|âThisFireBurns|lol
|c|âThisFireBurns|when?
|c|âThisFireBurns|i won against you
|c|âAmoongbro|on your \/rank m8
|c|âThisFireBurns|and became 1700 score dude
|c|âThisFireBurns|=)
|
|start
|switch|p1a: Rotom-Wash|Rotom-Wash|299\/299
|switch|p2a: Not Mega|Sableye, M, shiny|304\/304
|turn|1
|c|âAmoongbro|if you win this match it will give you like 10 points lol
|c|âThisFireBurns|in the last battle against you
|c|âThisFireBurns|it give a few more
|
|detailschange|p2a: Not Mega|Sableye-Mega, M, shiny
|-mega|p2a: Not Mega|Sableye|Sablenite
|move|p1a: Rotom-Wash|Volt Switch|p2a: Not Mega
|-crit|p2a: Not Mega
|-damage|p2a: Not Mega|183\/304
|c|âAmoongbro|sigh
|
|switch|p1a: Talonflame|Talonflame, F|297\/297
|move|p2a: Not Mega|Knock Off|p1a: Talonflame
|-damage|p1a: Talonflame|164\/297
|-enditem|p1a: Talonflame|Choice Band|[from] move: Knock Off|[of] p2a: Not Mega
|
|turn|2
|
|move|p1a: Talonflame|Flare Blitz|p2a: Not Mega
|-damage|p2a: Not Mega|83\/304
|-damage|p1a: Talonflame|131\/297|[from] recoil|[of] p2a: Not Mega
|move|p2a: Not Mega|Recover|p2a: Not Mega
|-heal|p2a: Not Mega|235\/304
|
|turn|3
|
|move|p1a: Talonflame|U-turn|p2a: Not Mega
|-damage|p2a: Not Mega|191\/304
|
|switch|p1a: Gardevoir|Gardevoir, M|277\/277
|-ability|p1a: Gardevoir|Magic Bounce|[from] ability: Trace|[of] p2a: Not Mega
|move|p2a: Not Mega|Knock Off|p1a: Gardevoir
|-damage|p1a: Gardevoir|123\/277
|-enditem|p1a: Gardevoir|Choice Scarf|[from] move: Knock Off|[of] p2a: Not Mega
|
|turn|4
|
|switch|p2a: Baby Blobby|Chansey, F, shiny|704\/704
|move|p1a: Gardevoir|Moonblast|p2a: Baby Blobby
|-damage|p2a: Baby Blobby|593\/704
|
|turn|5
|
|move|p1a: Gardevoir|Psyshock|p2a: Baby Blobby
|-damage|p2a: Baby Blobby|388\/704
|move|p2a: Baby Blobby|Seismic Toss|p1a: Gardevoir
|-damage|p1a: Gardevoir|23\/277
|
|turn|6
|
|switch|p1a: Scizor|Scizor, F|343\/343
|move|p2a: Baby Blobby|Soft-Boiled|p2a: Baby Blobby
|-heal|p2a: Baby Blobby|704\/704
|
|turn|7
|
|switch|p2a: Mrs Blobby|Alomomola, F, shiny|529\/529
|detailschange|p1a: Scizor|Scizor-Mega, F
|-mega|p1a: Scizor|Scizor|Scizorite
|move|p1a: Scizor|U-turn|p2a: Mrs Blobby
|-damage|p2a: Mrs Blobby|426\/529
|c|âAmoongbro|sigh
|c|âAmoongbro|youre pathetic
|
|switch|p1a: Gardevoir|Gardevoir, M|23\/277
|-ability|p1a: Gardevoir|Regenerator|[from] ability: Trace|[of] p2a: Mrs Blobby
|
|-heal|p2a: Mrs Blobby|459\/529|[from] item: Leftovers
|turn|8
|c|âThisFireBurns|and still
|c|âThisFireBurns|i won against you
|c|âAmoongbro|its turn 7
|c|âAmoongbro|and all you are gonna do for 150 turns is spam volt turn
|c|âThisFireBurns|yep
|c|âThisFireBurns|relax
|c|âThisFireBurns|there still so much more volt turn for you
|c|âThisFireBurns|in this battle
|
|switch|p1a: Rotom-Wash|Rotom-Wash|299\/299
|switch|p2a: Baby Blobby|Chansey, F, shiny|704\/704
|
|turn|9
|c|âAmoongbro|such a retard
|c|âThisFireBurns|and still
|c|âThisFireBurns|win against you
|
|switch|p2a: Not Mega|Sableye-Mega, M, shiny|191\/304
|move|p1a: Rotom-Wash|Volt Switch|p2a: Not Mega
|-damage|p2a: Not Mega|104\/304
|
|switch|p1a: Bisharp|Bisharp, M|271\/271
|
|turn|10
|
|switch|p2a: Uncle Blobby|Quagsire, M, shiny|394\/394
|move|p1a: Bisharp|Knock Off|p2a: Uncle Blobby
|-damage|p2a: Uncle Blobby|213\/394
|-enditem|p2a: Uncle Blobby|Leftovers|[from] move: Knock Off|[of] p1a: Bisharp
|-damage|p1a: Bisharp|244\/271|[from] item: Life Orb
|
|turn|11
|
|switch|p1a: Rotom-Wash|Rotom-Wash|299\/299
|move|p2a: Uncle Blobby|Recover|p2a: Uncle Blobby
|-heal|p2a: Uncle Blobby|394\/394
|
|turn|12
|c|âAmoongbro|only reason sableye is low is cuz of your crit turn 1 volt switch btw
|c|âAmoongbro|noob
|c|âThisFireBurns|oks bro
|c|âThisFireBurns|and you still
|c|âThisFireBurns|lose against a noob
|
|switch|p2a: Mr Blobby|Amoonguss, F, shiny|432\/432
|move|p1a: Rotom-Wash|Will-O-Wisp|p2a: Mr Blobby
|-status|p2a: Mr Blobby|brn
|
|-damage|p2a: Mr Blobby|378\/432 brn|[from] brn
|turn|13
|
|move|p1a: Rotom-Wash|Volt Switch|p2a: Mr Blobby
|-resisted|p2a: Mr Blobby
|-damage|p2a: Mr Blobby|337\/432 brn
|
|switch|p1a: Bisharp|Bisharp, M|244\/271
|move|p2a: Mr Blobby|Foul Play|p1a: Bisharp
|-resisted|p1a: Bisharp
|-damage|p1a: Bisharp|216\/271
|
|-damage|p2a: Mr Blobby|283\/432 brn|[from] brn
|turn|14
|c|âAmoongbro|your gardevoir is 9%, you have had tflames band knocked off, and a choice scarf knocked off. talonflame is 45%. even with all your shitty volt turn that happened
|c|âThisFireBurns|ok bros
|
|switch|p1a: Gardevoir|Gardevoir, M|115\/277
|-ability|p1a: Gardevoir|Regenerator|[from] ability: Trace|[of] p2a: Mr Blobby
|switch|p2a: Uncle Blobby|Quagsire, M, shiny|394\/394
|
|turn|15
|c|âThisFireBurns|oks
|
|switch|p1a: Rotom-Wash|Rotom-Wash|299\/299
|switch|p2a: Baby Blobby|Chansey, F, shiny|704\/704
|
|turn|16
|
|move|p1a: Rotom-Wash|Volt Switch|p2a: Baby Blobby
|-damage|p2a: Baby Blobby|641\/704
|c|âAmoongbro|noob
|
|switch|p1a: Scizor|Scizor-Mega, F|343\/343
|move|p2a: Baby Blobby|Toxic|p1a: Scizor
|-fail|p1a: Scizor
|
|turn|17
|c|âAmoongbro|just go to a steel you thought something else was coming in
|c|âAmoongbro|you didnt think chansey was staying in
|c|âAmoongbro|thats why you are a noob
|c|âThisFireBurns|bro
|c|âAmoongbro|bro nothing
|c|âThisFireBurns|you just say all the shit
|c|âAmoongbro|youre a fucking tard
|
|switch|p2a: Mrs Blobby|Alomomola, F, shiny|529\/529
|move|p1a: Scizor|U-turn|p2a: Mrs Blobby
|-damage|p2a: Mrs Blobby|430\/529
|c|âThisFireBurns|time to \/ignore you
|c|âThisFireBurns|just a moment
|c|âAmoongbro|you play shit in the first 10 turns then just volt turn cause the only chance you have is pp stall
|
|switch|p1a: Rotom-Wash|Rotom-Wash|299\/299
|
|-heal|p2a: Mrs Blobby|463\/529|[from] item: Leftovers
|turn|18
|c|âAmoongbro|im sick i have to waste my fucking like on zombie no skill fucks like you
|c|âAmoongbro|that spam two moves for 2 hours 150 turns
|
|move|p1a: Rotom-Wash|Volt Switch|p2a: Mrs Blobby
|-supereffective|p2a: Mrs Blobby
|-damage|p2a: Mrs Blobby|85\/529
|c|âAmoongbro|again
|c|âAmoongbro|you didnt think mola was staying in
|c|âAmoongbro|so now you just alter
|
|switch|p1a: Gardevoir|Gardevoir, M|207\/277
|-ability|p1a: Gardevoir|Regenerator|[from] ability: Trace|[of] p2a: Mrs Blobby
|move|p2a: Mrs Blobby|Toxic|p1a: Gardevoir
|-status|p1a: Gardevoir|tox
|
|-heal|p2a: Mrs Blobby|118\/529|[from] item: Leftovers
|-damage|p1a: Gardevoir|190\/277 tox|[from] psn
|turn|19
|c|âAmoongbro|cause you suck
|c|âAmoongbro|"oh crap he left mola in....ill just go to somehting that ohkos it now even tho i expected something else to come in cause i cant predict
|
|move|p2a: Mrs Blobby|Protect|p2a: Mrs Blobby
|-singleturn|p2a: Mrs Blobby|Protect
|move|p1a: Gardevoir|Psyshock|p2a: Mrs Blobby
|-activate|p2a: Mrs Blobby|Protect
|
|-heal|p2a: Mrs Blobby|151\/529|[from] item: Leftovers
|-damage|p1a: Gardevoir|156\/277 tox|[from] psn
|turn|20
|c|âAmoongbro|youre a fucking bad player end of
|
|switch|p2a: Fuck Magnezone|Skarmory, M, shiny|334\/334
|move|p1a: Gardevoir|Psyshock|p2a: Fuck Magnezone
|-resisted|p2a: Fuck Magnezone
|-damage|p2a: Fuck Magnezone|287\/334
|
|-damage|p1a: Gardevoir|105\/277 tox|[from] psn
|turn|21
|
|switch|p1a: Rotom-Wash|Rotom-Wash|299\/299
|switch|p2a: Baby Blobby|Chansey, F, shiny|641\/704
|
|turn|22
|
|switch|p2a: Mr Blobby|Amoonguss, F, shiny|427\/432 brn
|move|p1a: Rotom-Wash|Volt Switch|p2a: Mr Blobby
|-resisted|p2a: Mr Blobby
|-damage|p2a: Mr Blobby|389\/432 brn
|
|switch|p1a: Gardevoir|Gardevoir, M|197\/277 tox
|-ability|p1a: Gardevoir|Regenerator|[from] ability: Trace|[of] p2a: Mr Blobby
|
|-damage|p1a: Gardevoir|180\/277 tox|[from] psn
|-damage|p2a: Mr Blobby|335\/432 brn|[from] brn
|turn|23
|
|switch|p2a: Baby Blobby|Chansey, F, shiny|641\/704
|move|p1a: Gardevoir|Psyshock|p2a: Baby Blobby
|-damage|p2a: Baby Blobby|439\/704
|
|-damage|p1a: Gardevoir|146\/277 tox|[from] psn
|turn|24
|
|switch|p1a: Talonflame|Talonflame, F|131\/297
|move|p2a: Baby Blobby|Soft-Boiled|p2a: Baby Blobby
|-heal|p2a: Baby Blobby|704\/704
|
|turn|25
|
|move|p1a: Talonflame|U-turn|p2a: Baby Blobby
|-damage|p2a: Baby Blobby|614\/704
|c|âAmoongbro|sigh
|c|âAmoongbro|noob fuck
|
|switch|p1a: Scizor|Scizor-Mega, F|343\/343
|move|p2a: Baby Blobby|Toxic|p1a: Scizor
|-fail|p1a: Scizor
|
|turn|26
|c|âAmoongbro|go to gardevoir to trace natural cure was obvious
|c|âAmoongbro|thats how bad you are
|
|switch|p2a: Mrs Blobby|Alomomola, F, shiny|327\/529
|move|p1a: Scizor|U-turn|p2a: Mrs Blobby
|-crit|p2a: Mrs Blobby
|-damage|p2a: Mrs Blobby|177\/529
|c|âAmoongbro|sigh gets crit
|c|âAmoongbro|typical
|c|âAmoongbro|ofc
|c|âAmoongbro|gets crit at low health
|c|âAmoongbro|ofc
|
|switch|p1a: Rotom-Wash|Rotom-Wash|299\/299
|
|-heal|p2a: Mrs Blobby|210\/529|[from] item: Leftovers
|turn|27
|c|âAmoongbro|negates regen with crit
|c|âAmoongbro|ofc
|
|switch|p2a: Mr Blobby|Amoonguss, F, shiny|432\/432 brn
|move|p1a: Rotom-Wash|Volt Switch|p2a: Mr Blobby
|-resisted|p2a: Mr Blobby
|-damage|p2a: Mr Blobby|393\/432 brn
|
|switch|p1a: Gardevoir|Gardevoir, M|238\/277 tox
|-ability|p1a: Gardevoir|Regenerator|[from] ability: Trace|[of] p2a: Mr Blobby
|
|-damage|p1a: Gardevoir|221\/277 tox|[from] psn
|-damage|p2a: Mr Blobby|339\/432 brn|[from] brn
|turn|28
|c|âAmoongbro|i honestly pity you that you just sit on here and spam volt turn all day
|
|switch|p2a: Baby Blobby|Chansey, F, shiny|614\/704
|move|p1a: Gardevoir|Psyshock|p2a: Baby Blobby
|-damage|p2a: Baby Blobby|422\/704
|
|-damage|p1a: Gardevoir|187\/277 tox|[from] psn
|turn|29
|
|switch|p1a: Scizor|Scizor-Mega, F|343\/343
|move|p2a: Baby Blobby|Soft-Boiled|p2a: Baby Blobby
|-heal|p2a: Baby Blobby|704\/704
|
|turn|30
|
|switch|p2a: Mrs Blobby|Alomomola, F, shiny|386\/529
|move|p1a: Scizor|U-turn|p2a: Mrs Blobby
|-damage|p2a: Mrs Blobby|286\/529
|
|switch|p1a: Rotom-Wash|Rotom-Wash|299\/299
|
|-heal|p2a: Mrs Blobby|319\/529|[from] item: Leftovers
|turn|31
|c|âAmoongbro|such a bad player
|c|âThisFireBurns|bro are you listening?
|c|âThisFireBurns|just gave up
|c|âThisFireBurns|we know in the end i will gona won
|c|âAmoongbro|so reliant on not predicting getting free switches
|c|âThisFireBurns|just dont waste one hour of your live
|c|âThisFireBurns|go get a girlfriend
|c|âAmoongbro|nah w\/e
|c|âAmoongbro|thats you
|c|âThisFireBurns|or anything like
|c|âAmoongbro|dumb fuck sittinf on a pokemon sim spamming volt turn
|
|switch|p2a: Mr Blobby|Amoonguss, F, shiny|432\/432 brn
|move|p1a: Rotom-Wash|Volt Switch|p2a: Mr Blobby
|-resisted|p2a: Mr Blobby
|-damage|p2a: Mr Blobby|390\/432 brn
|
|switch|p1a: Talonflame|Talonflame, F|131\/297
|
|-damage|p2a: Mr Blobby|336\/432 brn|[from] brn
|turn|32
|c|âAmoongbro|youre the one that needs a fucking girlfriend and some pokemon skill. volt switch u turn forever. get a life you tard
|c|âAmoongbro|sitting on here for hours a day. youve lost 95 matches you tard
|c|âThisFireBurns|remembering that a cant read a thing you send
|c|âThisFireBurns|because i \/ignore you
|c|âAmoongbro|but youre reading it now
|c|âAmoongbro|so tard
|
|switch|p2a: Mrs Blobby|Alomomola, F, shiny|495\/529
|move|p1a: Talonflame|Roost|p1a: Talonflame
|-heal|p1a: Talonflame|280\/297
|
|-heal|p2a: Mrs Blobby|528\/529|[from] item: Leftovers
|turn|33
|
|move|p1a: Talonflame|U-turn|p2a: Mrs Blobby
|-damage|p2a: Mrs Blobby|476\/529
|
|switch|p1a: Rotom-Wash|Rotom-Wash|299\/299
|move|p2a: Mrs Blobby|Scald|p1a: Rotom-Wash
|-resisted|p1a: Rotom-Wash
|-damage|p1a: Rotom-Wash|278\/299
|
|-heal|p2a: Mrs Blobby|509\/529|[from] item: Leftovers
|turn|34
|
|switch|p2a: Mr Blobby|Amoonguss, F, shiny|432\/432 brn
|move|p1a: Rotom-Wash|Volt Switch|p2a: Mr Blobby
|-resisted|p2a: Mr Blobby
|-damage|p2a: Mr Blobby|390\/432 brn
|
|switch|p1a: Gardevoir|Gardevoir, M|277\/277 tox
|-ability|p1a: Gardevoir|Regenerator|[from] ability: Trace|[of] p2a: Mr Blobby
|
|-damage|p1a: Gardevoir|260\/277 tox|[from] psn
|-damage|p2a: Mr Blobby|336\/432 brn|[from] brn
|turn|35
|
|switch|p2a: Baby Blobby|Chansey, F, shiny|704\/704
|move|p1a: Gardevoir|Psyshock|p2a: Baby Blobby
|-damage|p2a: Baby Blobby|497\/704
|
|-damage|p1a: Gardevoir|226\/277 tox|[from] psn
|turn|36
|
|move|p1a: Gardevoir|Psyshock|p2a: Baby Blobby
|-damage|p2a: Baby Blobby|304\/704
|move|p2a: Baby Blobby|Toxic|p1a: Gardevoir
|-fail|p1a: Gardevoir|tox
|
|-damage|p1a: Gardevoir|175\/277 tox|[from] psn
|turn|37
|c|âAmoongbro|inb4 crit at low health
|
|switch|p1a: Talonflame|Talonflame, F|280\/297
|move|p2a: Baby Blobby|Soft-Boiled|p2a: Baby Blobby
|-heal|p2a: Baby Blobby|656\/704
|
|turn|38
|
|switch|p2a: Mrs Blobby|Alomomola, F, shiny|529\/529
|move|p1a: Talonflame|U-turn|p2a: Mrs Blobby
|-damage|p2a: Mrs Blobby|470\/529
|
|switch|p1a: Rotom-Wash|Rotom-Wash|278\/299
|
|-heal|p2a: Mrs Blobby|503\/529|[from] item: Leftovers
|turn|39
|c|âAmoongbro|i cant believe after the other match you didnt learn a thing
|c|âAmoongbro|youre still using a team that has lost 95 matches
|
|switch|p2a: Mr Blobby|Amoonguss, F, shiny|432\/432 brn
|move|p1a: Rotom-Wash|Volt Switch|p2a: Mr Blobby
|-resisted|p2a: Mr Blobby
|-damage|p2a: Mr Blobby|390\/432 brn
|c|âAmoongbro|volt switch 9.7% < regenerator 33%
|
|switch|p1a: Gardevoir|Gardevoir, M|267\/277 tox
|-ability|p1a: Gardevoir|Regenerator|[from] ability: Trace|[of] p2a: Mr Blobby
|
|-damage|p1a: Gardevoir|250\/277 tox|[from] psn
|-damage|p2a: Mr Blobby|336\/432 brn|[from] brn
|turn|40
|
|switch|p2a: Baby Blobby|Chansey, F, shiny|656\/704
|move|p1a: Gardevoir|Psyshock|p2a: Baby Blobby
|-damage|p2a: Baby Blobby|446\/704
|
|-damage|p1a: Gardevoir|216\/277 tox|[from] psn
|turn|41
|
|move|p1a: Gardevoir|Focus Blast|p2a: Baby Blobby
|-supereffective|p2a: Baby Blobby
|-damage|p2a: Baby Blobby|266\/704
|move|p2a: Baby Blobby|Seismic Toss|p1a: Gardevoir
|-damage|p1a: Gardevoir|116\/277 tox
|
|-damage|p1a: Gardevoir|65\/277 tox|[from] psn
|turn|42
|
|switch|p1a: Scizor|Scizor-Mega, F|343\/343
|move|p2a: Baby Blobby|Soft-Boiled|p2a: Baby Blobby
|-heal|p2a: Baby Blobby|618\/704
|
|turn|43
|
|switch|p2a: Mrs Blobby|Alomomola, F, shiny|529\/529
|move|p1a: Scizor|U-turn|p2a: Mrs Blobby
|-damage|p2a: Mrs Blobby|427\/529
|
|switch|p1a: Gardevoir|Gardevoir, M|157\/277 tox
|-ability|p1a: Gardevoir|Regenerator|[from] ability: Trace|[of] p2a: Mrs Blobby
|
|-heal|p2a: Mrs Blobby|460\/529|[from] item: Leftovers
|-damage|p1a: Gardevoir|140\/277 tox|[from] psn
|turn|44
|
|switch|p1a: Rotom-Wash|Rotom-Wash|278\/299
|switch|p2a: Baby Blobby|Chansey, F, shiny|618\/704
|
|turn|45
|
|switch|p1a: Scizor|Scizor-Mega, F|343\/343
|switch|p2a: Mr Blobby|Amoonguss, F, shiny|432\/432 brn
|
|-damage|p2a: Mr Blobby|378\/432 brn|[from] brn
|turn|46
|
|switch|p2a: Mrs Blobby|Alomomola, F, shiny|529\/529
|move|p1a: Scizor|U-turn|p2a: Mrs Blobby
|-damage|p2a: Mrs Blobby|430\/529
|
|switch|p1a: Gardevoir|Gardevoir, M|232\/277 tox
|-ability|p1a: Gardevoir|Regenerator|[from] ability: Trace|[of] p2a: Mrs Blobby
|
|-heal|p2a: Mrs Blobby|463\/529|[from] item: Leftovers
|-damage|p1a: Gardevoir|215\/277 tox|[from] psn
|turn|47
|
|switch|p1a: Rotom-Wash|Rotom-Wash|278\/299
|switch|p2a: Baby Blobby|Chansey, F, shiny|618\/704
|
|turn|48
|
|switch|p1a: Gardevoir|Gardevoir, M|277\/277 tox
|-ability|p1a: Gardevoir|Natural Cure|[from] ability: Trace|[of] p2a: Baby Blobby
|switch|p2a: Mr Blobby|Amoonguss, F, shiny|432\/432 brn
|
|-damage|p1a: Gardevoir|260\/277 tox|[from] psn
|-damage|p2a: Mr Blobby|378\/432 brn|[from] brn
|turn|49
|c|âAmoongbro|dude youre a shit player who gets outpredicted every turn
|c|âThisFireBurns|amoongbro?
|c|âAmoongbro|softboiled has 16pp and you have 4 attacking moves totalling like 50pp prob more on gardevoir....thats the only reason you won
|c|âThisFireBurns|just play fast bro
|c|âThisFireBurns|there still a 200 turns
|c|âAmoongbro|youre shit. all you have is to just spam volt switch and pp stall
|
|switch|p1a: Scizor|Scizor-Mega, F|343\/343
|switch|p2a: Fuck Magnezone|Skarmory, M, shiny|287\/334
|
|turn|50
|c|âThisFireBurns|until a get done your chansey softboiled  pp
|
|move|p1a: Scizor|U-turn|p2a: Fuck Magnezone
|-resisted|p2a: Fuck Magnezone
|-damage|p2a: Fuck Magnezone|271\/334
|
|switch|p1a: Rotom-Wash|Rotom-Wash|278\/299
|move|p2a: Fuck Magnezone|Stealth Rock|p1a: Rotom-Wash
|-sidestart|p1: ThisFireBurns|move: Stealth Rock
|
|turn|51
|
|switch|p2a: Mr Blobby|Amoonguss, F, shiny|432\/432 brn
|move|p1a: Rotom-Wash|Volt Switch|p2a: Mr Blobby
|-resisted|p2a: Mr Blobby
|-damage|p2a: Mr Blobby|388\/432 brn
|
|switch|p1a: Scizor|Scizor-Mega, F|343\/343
|-damage|p1a: Scizor|301\/343|[from] Stealth Rock
|
|-damage|p2a: Mr Blobby|334\/432 brn|[from] brn
|turn|52
|c|âAmoongbro|scizor inb4 defog. cant predict himself
|c|âAmoongbro|has to use volt turn to get it in
|
|switch|p2a: Fuck Magnezone|Skarmory, M, shiny|271\/334
|move|p1a: Scizor|Defog|p2a: Fuck Magnezone
|-unboost|p2a: Fuck Magnezone|evasion|1
|-sideend|p1: ThisFireBurns|Stealth Rock|[from] move: Defog|[of] p1a: Scizor
|
|turn|53
|
|switch|p1a: Landorus-Therian|Landorus-Therian, M|329\/329
|-ability|p1a: Landorus-Therian|Intimidate|[of] p2a: Fuck Magnezone
|-unboost|p2a: Fuck Magnezone|atk|1
|move|p2a: Fuck Magnezone|Stealth Rock|p1a: Landorus-Therian
|-sidestart|p1: ThisFireBurns|move: Stealth Rock
|
|turn|54
|
|switch|p2a: Mrs Blobby|Alomomola, F, shiny|529\/529
|move|p1a: Landorus-Therian|U-turn|p2a: Mrs Blobby
|-damage|p2a: Mrs Blobby|445\/529
|
|switch|p1a: Rotom-Wash|Rotom-Wash|278\/299
|-damage|p1a: Rotom-Wash|241\/299|[from] Stealth Rock
|
|-heal|p2a: Mrs Blobby|478\/529|[from] item: Leftovers
|turn|55
|
|switch|p2a: Mr Blobby|Amoonguss, F, shiny|432\/432 brn
|move|p1a: Rotom-Wash|Volt Switch|p2a: Mr Blobby
|-resisted|p2a: Mr Blobby
|-damage|p2a: Mr Blobby|393\/432 brn
|
|switch|p1a: Scizor|Scizor-Mega, F|301\/343
|-damage|p1a: Scizor|259\/343|[from] Stealth Rock
|
|-damage|p2a: Mr Blobby|339\/432 brn|[from] brn
|turn|56
|
|switch|p2a: Fuck Magnezone|Skarmory, M, shiny|271\/334
|move|p1a: Scizor|Defog|p2a: Fuck Magnezone
|-unboost|p2a: Fuck Magnezone|evasion|1
|-sideend|p1: ThisFireBurns|Stealth Rock|[from] move: Defog|[of] p1a: Scizor
|
|turn|57
|
|switch|p1a: Landorus-Therian|Landorus-Therian, M|329\/329
|-ability|p1a: Landorus-Therian|Intimidate|[of] p2a: Fuck Magnezone
|-unboost|p2a: Fuck Magnezone|atk|1
|move|p2a: Fuck Magnezone|Stealth Rock|p1a: Landorus-Therian
|-sidestart|p1: ThisFireBurns|move: Stealth Rock
|
|turn|58
|
|switch|p2a: Mrs Blobby|Alomomola, F, shiny|529\/529
|move|p1a: Landorus-Therian|Stealth Rock|p2a: Mrs Blobby
|-sidestart|p2: Amoongbro|move: Stealth Rock
|
|turn|59
|
|switch|p1a: Rotom-Wash|Rotom-Wash|241\/299
|-damage|p1a: Rotom-Wash|204\/299|[from] Stealth Rock
|move|p2a: Mrs Blobby|Wish|p2a: Mrs Blobby
|
|turn|60
|
|switch|p2a: Mr Blobby|Amoonguss, F, shiny|432\/432 brn
|-damage|p2a: Mr Blobby|378\/432 brn|[from] Stealth Rock
|move|p1a: Rotom-Wash|Hydro Pump|p2a: Mr Blobby
|-resisted|p2a: Mr Blobby
|-damage|p2a: Mr Blobby|315\/432 brn
|
|-heal|p2a: Mr Blobby|432\/432 brn|[from] move: Wish|[wisher] Mrs Blobby
|-damage|p2a: Mr Blobby|378\/432 brn|[from] brn
|turn|61
|c|âAmoongbro|thinks sableye is coming in
|c|âAmoongbro|shit prediction as usual
|c|âAmoongbro|sableyes dead regardless once rocks go up you dumb ass fuck
|
|switch|p1a: Scizor|Scizor-Mega, F|259\/343
|-damage|p1a: Scizor|217\/343|[from] Stealth Rock
|move|p2a: Mr Blobby|Foul Play|p1a: Scizor
|-damage|p1a: Scizor|189\/343
|
|-damage|p2a: Mr Blobby|324\/432 brn|[from] brn
|turn|62
|
|switch|p2a: Mrs Blobby|Alomomola, F, shiny|529\/529
|-damage|p2a: Mrs Blobby|463\/529|[from] Stealth Rock
|move|p1a: Scizor|U-turn|p2a: Mrs Blobby
|-damage|p2a: Mrs Blobby|363\/529
|c|âAmoongbro|fucking chip damage noob fuck
|
|switch|p1a: Gardevoir|Gardevoir, M|260\/277
|-damage|p1a: Gardevoir|226\/277|[from] Stealth Rock
|-ability|p1a: Gardevoir|Regenerator|[from] ability: Trace|[of] p2a: Mrs Blobby
|
|-heal|p2a: Mrs Blobby|396\/529|[from] item: Leftovers
|turn|63
|
|switch|p2a: Not Mega|Sableye-Mega, M, shiny|104\/304
|-damage|p2a: Not Mega|66\/304|[from] Stealth Rock
|move|p1a: Gardevoir|Moonblast|p2a: Not Mega
|-supereffective|p2a: Not Mega
|-damage|p2a: Not Mega|0 fnt
|faint|p2a: Not Mega
|
|c|âThisFireBurns|first already gone
|c|âAmoongbro|63 turns to make a predict
|c|âThisFireBurns|just more 5
|c|âThisFireBurns|and about a hour
|c|âThisFireBurns|again
|c|âAmoongbro|it took you 63 turns to make a prediction against me
|c|âAmoongbro|cant believe that makes you feel like youve achieved something lol
|c|âAmoongbro|63 turns to get a prediction against me
|c|âAmoongbro|the only supereffective attack you have done in 63 turns
|c|âThisFireBurns|play fast bro
|
|switch|p2a: Baby Blobby|Chansey, F, shiny|618\/704
|-damage|p2a: Baby Blobby|530\/704|[from] Stealth Rock
|turn|64
|
|switch|p1a: Scizor|Scizor-Mega, F|189\/343
|-damage|p1a: Scizor|147\/343|[from] Stealth Rock
|move|p2a: Baby Blobby|Seismic Toss|p1a: Scizor
|-damage|p1a: Scizor|47\/343
|
|turn|65
|
|move|p1a: Scizor|Roost|p1a: Scizor
|-heal|p1a: Scizor|219\/343
|move|p2a: Baby Blobby|Seismic Toss|p1a: Scizor
|-damage|p1a: Scizor|119\/343
|
|turn|66
|
|move|p1a: Scizor|Roost|p1a: Scizor
|-heal|p1a: Scizor|291\/343
|move|p2a: Baby Blobby|Seismic Toss|p1a: Scizor
|-damage|p1a: Scizor|191\/343
|
|turn|67
|
|move|p1a: Scizor|Roost|p1a: Scizor
|-heal|p1a: Scizor|343\/343
|move|p2a: Baby Blobby|Seismic Toss|p1a: Scizor
|-damage|p1a: Scizor|243\/343
|
|turn|68
|
|switch|p2a: Mrs Blobby|Alomomola, F, shiny|529\/529
|-damage|p2a: Mrs Blobby|463\/529|[from] Stealth Rock
|move|p1a: Scizor|U-turn|p2a: Mrs Blobby
|-damage|p2a: Mrs Blobby|361\/529
|c|âAmoongbro|see
|
|switch|p1a: Gardevoir|Gardevoir, M|277\/277
|-damage|p1a: Gardevoir|243\/277|[from] Stealth Rock
|-ability|p1a: Gardevoir|Regenerator|[from] ability: Trace|[of] p2a: Mrs Blobby
|
|-heal|p2a: Mrs Blobby|394\/529|[from] item: Leftovers
|turn|69
|c|âAmoongbro|complete utter f a g g o t
|c|âAmoongbro|predicted all over the place
|
|switch|p2a: Baby Blobby|Chansey, F, shiny|530\/704
|-damage|p2a: Baby Blobby|442\/704|[from] Stealth Rock
|move|p1a: Gardevoir|Moonblast|p2a: Baby Blobby
|-damage|p2a: Baby Blobby|331\/704
|
|turn|70
|
|switch|p1a: Landorus-Therian|Landorus-Therian, M|329\/329
|-damage|p1a: Landorus-Therian|288\/329|[from] Stealth Rock
|-ability|p1a: Landorus-Therian|Intimidate|[of] p2a: Baby Blobby
|-unboost|p2a: Baby Blobby|atk|1
|move|p2a: Baby Blobby|Soft-Boiled|p2a: Baby Blobby
|-heal|p2a: Baby Blobby|683\/704
|
|turn|71
|c|âAmoongbro|moonblast pp + focus blast pp + random psyshock pp > softboiled pp
|c|âAmoongbro|^this does not make you a good player
|c|âAmoongbro|youre a fucking tard thats why you have 95 losses
|
|switch|p2a: Mrs Blobby|Alomomola, F, shiny|529\/529
|-damage|p2a: Mrs Blobby|463\/529|[from] Stealth Rock
|move|p1a: Landorus-Therian|U-turn|p2a: Mrs Blobby
|-damage|p2a: Mrs Blobby|382\/529
|c|âAmoongbro|jesus man you make me want to fucking guage my eyes out
|
|switch|p1a: Gardevoir|Gardevoir, M|277\/277
|-damage|p1a: Gardevoir|243\/277|[from] Stealth Rock
|-ability|p1a: Gardevoir|Regenerator|[from] ability: Trace|[of] p2a: Mrs Blobby
|
|-heal|p2a: Mrs Blobby|415\/529|[from] item: Leftovers
|turn|72
|c|âAmoongbro|all i see is fucking volt switch and u turn
|c|âAmoongbro|such a noob player
|
|switch|p2a: Baby Blobby|Chansey, F, shiny|683\/704
|-damage|p2a: Baby Blobby|595\/704|[from] Stealth Rock
|move|p1a: Gardevoir|Moonblast|p2a: Baby Blobby
|-damage|p2a: Baby Blobby|478\/704
|
|turn|73
|
|move|p1a: Gardevoir|Psyshock|p2a: Baby Blobby
|-damage|p2a: Baby Blobby|288\/704
|move|p2a: Baby Blobby|Seismic Toss|p1a: Gardevoir
|-damage|p1a: Gardevoir|143\/277
|
|turn|74
|c|âAmoongbro|YOU ONLY WIN CAUSE SOFTBOILED HAS LESS PP THAN 3 ATTACKING MOVES PUT TOGETHER....THEN GARDEVOIR SWEEPS WHOLE TEAM. YOURE A FUCKING POOPYHEAD
|
|switch|p1a: Bisharp|Bisharp, M|216\/271
|-damage|p1a: Bisharp|200\/271|[from] Stealth Rock
|move|p2a: Baby Blobby|Soft-Boiled|p2a: Baby Blobby
|-heal|p2a: Baby Blobby|640\/704
|
|turn|75
|
|switch|p2a: Uncle Blobby|Quagsire, M, shiny|394\/394
|-damage|p2a: Uncle Blobby|370\/394|[from] Stealth Rock
|move|p1a: Bisharp|Knock Off|p2a: Uncle Blobby
|-damage|p2a: Uncle Blobby|230\/394
|-damage|p1a: Bisharp|173\/271|[from] item: Life Orb
|
|turn|76
|
|move|p1a: Bisharp|Knock Off|p2a: Uncle Blobby
|-damage|p2a: Uncle Blobby|90\/394
|-damage|p1a: Bisharp|146\/271|[from] item: Life Orb
|move|p2a: Uncle Blobby|Recover|p2a: Uncle Blobby
|-heal|p2a: Uncle Blobby|287\/394
|
|turn|77
|c|âAmoongbro|TRIES TO KNOCK OFF CHANSEY FOR THE 50TH TIME
|
|switch|p1a: Gardevoir|Gardevoir, M|235\/277
|-damage|p1a: Gardevoir|201\/277|[from] Stealth Rock
|-ability|p1a: Gardevoir|Unaware|[from] ability: Trace|[of] p2a: Uncle Blobby
|move|p2a: Uncle Blobby|Recover|p2a: Uncle Blobby
|-heal|p2a: Uncle Blobby|394\/394
|
|turn|78
|c|âAmoongbro|DUDE YOU AINT KNOCKING OFF EVIOLITE UNTIL ITS THE LAST FUCKING POKEMON IN AND CANT SWITCH. THATS HOW I FUCKING ROLL
|
|switch|p2a: Baby Blobby|Chansey, F, shiny|640\/704
|-damage|p2a: Baby Blobby|552\/704|[from] Stealth Rock
|move|p1a: Gardevoir|Moonblast|p2a: Baby Blobby
|-damage|p2a: Baby Blobby|434\/704
|
|turn|79
|
|move|p1a: Gardevoir|Focus Blast|p2a: Baby Blobby
|-supereffective|p2a: Baby Blobby
|-damage|p2a: Baby Blobby|238\/704
|move|p2a: Baby Blobby|Seismic Toss|p1a: Gardevoir
|-damage|p1a: Gardevoir|101\/277
|
|turn|80
|c|âAmoongbro|INB4 CRITKILL AT LOW HEALTH
|
|move|p1a: Gardevoir|Focus Blast|p2a: Baby Blobby
|-supereffective|p2a: Baby Blobby
|-damage|p2a: Baby Blobby|44\/704
|move|p2a: Baby Blobby|Soft-Boiled|p2a: Baby Blobby
|-heal|p2a: Baby Blobby|396\/704
|
|turn|81
|
|switch|p1a: Scizor|Scizor-Mega, F|243\/343
|-damage|p1a: Scizor|201\/343|[from] Stealth Rock
|move|p2a: Baby Blobby|Seismic Toss|p1a: Scizor
|-damage|p1a: Scizor|101\/343
|
|turn|82
|
|move|p1a: Scizor|Roost|p1a: Scizor
|-heal|p1a: Scizor|273\/343
|move|p2a: Baby Blobby|Seismic Toss|p1a: Scizor
|-damage|p1a: Scizor|173\/343
|
|turn|83
|
|move|p1a: Scizor|U-turn|p2a: Baby Blobby
|-damage|p2a: Baby Blobby|243\/704
|
|switch|p1a: Landorus-Therian|Landorus-Therian, M|288\/329
|-damage|p1a: Landorus-Therian|247\/329|[from] Stealth Rock
|-ability|p1a: Landorus-Therian|Intimidate|[of] p2a: Baby Blobby
|-unboost|p2a: Baby Blobby|atk|1
|move|p2a: Baby Blobby|Soft-Boiled|p2a: Baby Blobby
|-heal|p2a: Baby Blobby|595\/704
|
|turn|84
|c|âAmoongbro|FUCKING POOPYHEAD
|
|switch|p2a: Fuck Magnezone|Skarmory, M, shiny|271\/334
|-damage|p2a: Fuck Magnezone|230\/334|[from] Stealth Rock
|move|p1a: Landorus-Therian|U-turn|p2a: Fuck Magnezone
|-resisted|p2a: Fuck Magnezone
|-damage|p2a: Fuck Magnezone|215\/334
|c|âAmoongbro|F A G G O T
|c|âAmoongbro|F A G G O T
|c|âAmoongbro|F A G G O T
|c|âAmoongbro|F A G G O T
|
|switch|p1a: Rotom-Wash|Rotom-Wash|204\/299
|-damage|p1a: Rotom-Wash|167\/299|[from] Stealth Rock
|
|turn|85
|c|âAmoongbro|EVERY FUCKING MATCH YOU PLAY IS OVER A 100 TURNS
|c|âAmoongbro|EVERY FUCKING MATCH YOU PLAY IS OVER A 100 TURNS
|c|âAmoongbro|EVERY FUCKING MATCH YOU PLAY IS OVER A 100 TURNS
|
|switch|p2a: Mr Blobby|Amoonguss, F, shiny|432\/432 brn
|-damage|p2a: Mr Blobby|378\/432 brn|[from] Stealth Rock
|move|p1a: Rotom-Wash|Volt Switch|p2a: Mr Blobby
|-resisted|p2a: Mr Blobby
|-damage|p2a: Mr Blobby|335\/432 brn
|c|âAmoongbro|SUCH A FUCKING LOSER SLUG
|
|switch|p1a: Gardevoir|Gardevoir, M|101\/277
|-damage|p1a: Gardevoir|67\/277|[from] Stealth Rock
|-ability|p1a: Gardevoir|Regenerator|[from] ability: Trace|[of] p2a: Mr Blobby
|
|-damage|p2a: Mr Blobby|281\/432 brn|[from] brn
|turn|86
|
|switch|p2a: Fuck Magnezone|Skarmory, M, shiny|215\/334
|-damage|p2a: Fuck Magnezone|174\/334|[from] Stealth Rock
|move|p1a: Gardevoir|Psyshock|p2a: Fuck Magnezone
|-resisted|p2a: Fuck Magnezone
|-damage|p2a: Fuck Magnezone|128\/334
|
|turn|87
|
|switch|p2a: Baby Blobby|Chansey, F, shiny|595\/704
|-damage|p2a: Baby Blobby|507\/704|[from] Stealth Rock
|move|p1a: Gardevoir|Focus Blast|p2a: Baby Blobby|[miss]
|-miss|p1a: Gardevoir|p2a: Baby Blobby
|
|turn|88
|c|âAmoongbro|"CUMMED YOUR PANTS THEN DIDNT YOU SKARMORY IN YELOOOW HEALTH CAUSE OF 88 TURN HKO
|c|âAmoongbro|GOES FOR FOCUS BLAST FINALLY I GOT SKARMORY INTO KILL ZONE 88TURNKO
|
|switch|p1a: Scizor|Scizor-Mega, F|173\/343
|-damage|p1a: Scizor|131\/343|[from] Stealth Rock
|move|p2a: Baby Blobby|Seismic Toss|p1a: Scizor
|-damage|p1a: Scizor|31\/343
|
|turn|89
|c|âAmoongbro|SWITCH OUT REGENERATOR NOOB CHEAP FUCK
|
|move|p1a: Scizor|Roost|p1a: Scizor
|-heal|p1a: Scizor|203\/343
|move|p2a: Baby Blobby|Seismic Toss|p1a: Scizor
|-damage|p1a: Scizor|103\/343
|
|turn|90
|c|âAmoongbro|SPAM ROOST
|
|move|p1a: Scizor|U-turn|p2a: Baby Blobby
|-damage|p2a: Baby Blobby|356\/704
|
|switch|p1a: Landorus-Therian|Landorus-Therian, M|247\/329
|-damage|p1a: Landorus-Therian|206\/329|[from] Stealth Rock
|-ability|p1a: Landorus-Therian|Intimidate|[of] p2a: Baby Blobby
|-unboost|p2a: Baby Blobby|atk|1
|move|p2a: Baby Blobby|Seismic Toss|p1a: Landorus-Therian
|-damage|p1a: Landorus-Therian|106\/329
|
|turn|91
|
|move|p1a: Landorus-Therian|U-turn|p2a: Baby Blobby
|-damage|p2a: Baby Blobby|225\/704
|
|switch|p1a: Bisharp|Bisharp, M|146\/271
|-damage|p1a: Bisharp|130\/271|[from] Stealth Rock
|move|p2a: Baby Blobby|Soft-Boiled|p2a: Baby Blobby
|-heal|p2a: Baby Blobby|577\/704
|
|turn|92
|
|switch|p2a: Uncle Blobby|Quagsire, M, shiny|394\/394
|-damage|p2a: Uncle Blobby|370\/394|[from] Stealth Rock
|move|p1a: Bisharp|Knock Off|p2a: Uncle Blobby
|-damage|p2a: Uncle Blobby|236\/394
|-damage|p1a: Bisharp|103\/271|[from] item: Life Orb
|
|turn|93
|c|âAmoongbro|DUDE
|c|âAmoongbro|YOU AINT FUCKING KNOCKING OFF EVOILITE ARE YOU FUCKING DUMB
|
|switch|p1a: Rotom-Wash|Rotom-Wash|167\/299
|-damage|p1a: Rotom-Wash|130\/299|[from] Stealth Rock
|move|p2a: Uncle Blobby|Recover|p2a: Uncle Blobby
|-heal|p2a: Uncle Blobby|394\/394
|
|turn|94
|
|switch|p2a: Mr Blobby|Amoonguss, F, shiny|425\/432 brn
|-damage|p2a: Mr Blobby|371\/432 brn|[from] Stealth Rock
|move|p1a: Rotom-Wash|Will-O-Wisp|p2a: Mr Blobby
|-fail|p2a: Mr Blobby|brn
|
|-damage|p2a: Mr Blobby|317\/432 brn|[from] brn
|turn|95
|c|âAmoongbro|ANOTHER SHIT PREDICT
|
|switch|p1a: Gardevoir|Gardevoir, M|159\/277
|-damage|p1a: Gardevoir|125\/277|[from] Stealth Rock
|-ability|p1a: Gardevoir|Regenerator|[from] ability: Trace|[of] p2a: Mr Blobby
|move|p2a: Mr Blobby|Giga Drain|p1a: Gardevoir
|-damage|p1a: Gardevoir|61\/277
|-heal|p2a: Mr Blobby|349\/432 brn|[from] drain|[of] p1a: Gardevoir
|
|-damage|p2a: Mr Blobby|295\/432 brn|[from] brn
|turn|96
|
|switch|p2a: Baby Blobby|Chansey, F, shiny|577\/704
|-damage|p2a: Baby Blobby|489\/704|[from] Stealth Rock
|move|p1a: Gardevoir|Psyshock|p2a: Baby Blobby
|-damage|p2a: Baby Blobby|293\/704
|
|turn|97
|
|switch|p1a: Talonflame|Talonflame, F|280\/297
|-damage|p1a: Talonflame|132\/297|[from] Stealth Rock
|move|p2a: Baby Blobby|Soft-Boiled|p2a: Baby Blobby
|-heal|p2a: Baby Blobby|645\/704
|
|turn|98
|c|âAmoongbro|REGEN OUT STEAL MY OWN GOOD TRICK YOU TARD. JUST GET A FICKING REGEN MON YOU TARD
|
|move|p1a: Talonflame|Roost|p1a: Talonflame
|-heal|p1a: Talonflame|281\/297
|move|p2a: Baby Blobby|Toxic|p1a: Talonflame
|-status|p1a: Talonflame|tox
|
|-damage|p1a: Talonflame|263\/297 tox|[from] psn
|turn|99
|
|switch|p2a: Mrs Blobby|Alomomola, F, shiny|529\/529
|-damage|p2a: Mrs Blobby|463\/529|[from] Stealth Rock
|move|p1a: Talonflame|Flare Blitz|p2a: Mrs Blobby
|-resisted|p2a: Mrs Blobby
|-damage|p2a: Mrs Blobby|397\/529
|-damage|p1a: Talonflame|241\/297 tox|[from] recoil|[of] p2a: Mrs Blobby
|
|-heal|p2a: Mrs Blobby|430\/529|[from] item: Leftovers
|-damage|p1a: Talonflame|205\/297 tox|[from] psn
|turn|100
|
|switch|p1a: Rotom-Wash|Rotom-Wash|130\/299
|-damage|p1a: Rotom-Wash|93\/299|[from] Stealth Rock
|move|p2a: Mrs Blobby|Wish|p2a: Mrs Blobby
|
|-heal|p2a: Mrs Blobby|463\/529|[from] item: Leftovers
|turn|101
|
|move|p1a: Rotom-Wash|Volt Switch|p2a: Mrs Blobby
|-supereffective|p2a: Mrs Blobby
|-damage|p2a: Mrs Blobby|85\/529
|c|âAmoongbro|SUCH A FUCKING TARD
|
|switch|p1a: Gardevoir|Gardevoir, M|153\/277
|-damage|p1a: Gardevoir|119\/277|[from] Stealth Rock
|-ability|p1a: Gardevoir|Regenerator|[from] ability: Trace|[of] p2a: Mrs Blobby
|move|p2a: Mrs Blobby|Toxic|p1a: Gardevoir
|-status|p1a: Gardevoir|tox
|
|-heal|p2a: Mrs Blobby|349\/529|[from] move: Wish|[wisher] Mrs Blobby
|-heal|p2a: Mrs Blobby|382\/529|[from] item: Leftovers
|-damage|p1a: Gardevoir|102\/277 tox|[from] psn
|turn|102
|
|switch|p1a: Rotom-Wash|Rotom-Wash|93\/299
|-damage|p1a: Rotom-Wash|56\/299|[from] Stealth Rock
|move|p2a: Mrs Blobby|Protect|p2a: Mrs Blobby
|-fail|p2a: Mrs Blobby
|
|-heal|p2a: Mrs Blobby|415\/529|[from] item: Leftovers
|turn|103
|
|switch|p2a: Baby Blobby|Chansey, F, shiny|645\/704
|-damage|p2a: Baby Blobby|557\/704|[from] Stealth Rock
|move|p1a: Rotom-Wash|Rest|p1a: Rotom-Wash
|-status|p1a: Rotom-Wash|slp
|-heal|p1a: Rotom-Wash|299\/299 slp|[silent]
|-status|p1a: Rotom-Wash|slp|[from] move: Rest
|-enditem|p1a: Rotom-Wash|Chesto Berry|[eat]
|-curestatus|p1a: Rotom-Wash|slp
|
|turn|104
|c|âAmoongbro|CHESTO NOOOB FUCK
|
|move|p1a: Rotom-Wash|Will-O-Wisp|p2a: Baby Blobby
|-status|p2a: Baby Blobby|brn
|move|p2a: Baby Blobby|Seismic Toss|p1a: Rotom-Wash
|-damage|p1a: Rotom-Wash|199\/299
|
|-damage|p2a: Baby Blobby|469\/704 brn|[from] brn
|turn|105
|
|move|p1a: Rotom-Wash|Volt Switch|p2a: Baby Blobby
|-damage|p2a: Baby Blobby|406\/704 brn
|
|switch|p1a: Gardevoir|Gardevoir, M|194\/277 tox
|-damage|p1a: Gardevoir|160\/277 tox|[from] Stealth Rock
|-ability|p1a: Gardevoir|Natural Cure|[from] ability: Trace|[of] p2a: Baby Blobby
|move|p2a: Baby Blobby|Heal Bell|p2a: Baby Blobby
|-cureteam|p2a: Baby Blobby|[from] move: HealBell
|
|-damage|p1a: Gardevoir|143\/277 tox|[from] psn
|turn|106
|
|move|p1a: Gardevoir|Focus Blast|p2a: Baby Blobby
|-supereffective|p2a: Baby Blobby
|-damage|p2a: Baby Blobby|210\/704
|move|p2a: Baby Blobby|Seismic Toss|p1a: Gardevoir
|-damage|p1a: Gardevoir|43\/277 tox
|
|-damage|p1a: Gardevoir|9\/277 tox|[from] psn
|turn|107
|c|âAmoongbro|INB4 CRITKILL
|
|switch|p1a: Bisharp|Bisharp, M|103\/271
|-damage|p1a: Bisharp|87\/271|[from] Stealth Rock
|move|p2a: Baby Blobby|Soft-Boiled|p2a: Baby Blobby
|-heal|p2a: Baby Blobby|562\/704
|
|turn|108
|
|switch|p1a: Rotom-Wash|Rotom-Wash|199\/299
|-damage|p1a: Rotom-Wash|162\/299|[from] Stealth Rock
|switch|p2a: Uncle Blobby|Quagsire, M, shiny|394\/394
|-damage|p2a: Uncle Blobby|370\/394|[from] Stealth Rock
|
|turn|109
|
|switch|p2a: Baby Blobby|Chansey, F, shiny|562\/704
|-damage|p2a: Baby Blobby|474\/704|[from] Stealth Rock
|move|p1a: Rotom-Wash|Volt Switch|p2a: Baby Blobby
|-damage|p2a: Baby Blobby|405\/704
|
|switch|p1a: Scizor|Scizor-Mega, F|103\/343
|-damage|p1a: Scizor|61\/343|[from] Stealth Rock
|
|turn|110
|
|move|p1a: Scizor|Roost|p1a: Scizor
|-heal|p1a: Scizor|233\/343
|move|p2a: Baby Blobby|Seismic Toss|p1a: Scizor
|-damage|p1a: Scizor|133\/343
|
|turn|111
|
|move|p1a: Scizor|Roost|p1a: Scizor
|-heal|p1a: Scizor|305\/343
|move|p2a: Baby Blobby|Seismic Toss|p1a: Scizor
|-damage|p1a: Scizor|205\/343
|
|turn|112
|
|move|p1a: Scizor|Roost|p1a: Scizor
|-heal|p1a: Scizor|343\/343
|move|p2a: Baby Blobby|Soft-Boiled|p2a: Baby Blobby
|-heal|p2a: Baby Blobby|704\/704
|
|turn|113
|
|switch|p2a: Fuck Magnezone|Skarmory, M, shiny|128\/334
|-damage|p2a: Fuck Magnezone|87\/334|[from] Stealth Rock
|move|p1a: Scizor|Defog|p2a: Fuck Magnezone
|-unboost|p2a: Fuck Magnezone|evasion|1
|-sideend|p2: Amoongbro|Stealth Rock|[from] move: Defog|[of] p2a: Fuck Magnezone
|-sideend|p1: ThisFireBurns|Stealth Rock|[from] move: Defog|[of] p1a: Scizor
|
|turn|114
|c|âAmoongbro|obvious as fuck
|
|move|p1a: Scizor|U-turn|p2a: Fuck Magnezone
|-resisted|p2a: Fuck Magnezone
|-damage|p2a: Fuck Magnezone|70\/334
|
|switch|p1a: Rotom-Wash|Rotom-Wash|162\/299
|move|p2a: Fuck Magnezone|Roost|p2a: Fuck Magnezone
|-heal|p2a: Fuck Magnezone|237\/334
|
|turn|115
|
|switch|p2a: Baby Blobby|Chansey, F, shiny|704\/704
|move|p1a: Rotom-Wash|Volt Switch|p2a: Baby Blobby
|-damage|p2a: Baby Blobby|635\/704
|
|switch|p1a: Landorus-Therian|Landorus-Therian, M|106\/329
|-ability|p1a: Landorus-Therian|Intimidate|[of] p2a: Baby Blobby
|-unboost|p2a: Baby Blobby|atk|1
|
|turn|116
|c|âAmoongbro|look man youve played fucking shit
|
|switch|p2a: Fuck Magnezone|Skarmory, M, shiny|237\/334
|move|p1a: Landorus-Therian|U-turn|p2a: Fuck Magnezone
|-resisted|p2a: Fuck Magnezone
|-damage|p2a: Fuck Magnezone|223\/334
|c|âAmoongbro|youre gonna get rocks back you tard
|
|switch|p1a: Rotom-Wash|Rotom-Wash|162\/299
|
|turn|117
|c|âAmoongbro|oh i made on mis predict in 116 turns my bad
|
|switch|p2a: Baby Blobby|Chansey, F, shiny|635\/704
|move|p1a: Rotom-Wash|Volt Switch|p2a: Baby Blobby
|-damage|p2a: Baby Blobby|574\/704
|c|âAmoongbro|cancering up the meta by making every match 150 turns
|
|switch|p1a: Landorus-Therian|Landorus-Therian, M|106\/329
|-ability|p1a: Landorus-Therian|Intimidate|[of] p2a: Baby Blobby
|-unboost|p2a: Baby Blobby|atk|1
|
|turn|118
|
|switch|p2a: Fuck Magnezone|Skarmory, M, shiny|223\/334
|move|p1a: Landorus-Therian|U-turn|p2a: Fuck Magnezone
|-resisted|p2a: Fuck Magnezone
|-damage|p2a: Fuck Magnezone|208\/334
|
|switch|p1a: Rotom-Wash|Rotom-Wash|162\/299
|
|turn|119
|c|âAmoongbro|i honestly dont know why humans like you exist
|c|âAmoongbro|theyre honestly just a fucking waste of oxygen
|
|switch|p2a: Baby Blobby|Chansey, F, shiny|574\/704
|move|p1a: Rotom-Wash|Will-O-Wisp|p2a: Baby Blobby
|-status|p2a: Baby Blobby|brn
|
|-damage|p2a: Baby Blobby|486\/704 brn|[from] brn
|turn|120
|
|move|p1a: Rotom-Wash|Volt Switch|p2a: Baby Blobby
|-damage|p2a: Baby Blobby|428\/704 brn
|
|switch|p1a: Scizor|Scizor-Mega, F|343\/343
|move|p2a: Baby Blobby|Seismic Toss|p1a: Scizor
|-damage|p1a: Scizor|243\/343
|
|-damage|p2a: Baby Blobby|340\/704 brn|[from] brn
|turn|121
|
|move|p1a: Scizor|U-turn|p2a: Baby Blobby
|-damage|p2a: Baby Blobby|175\/704 brn
|
|switch|p1a: Landorus-Therian|Landorus-Therian, M|106\/329
|-ability|p1a: Landorus-Therian|Intimidate|[of] p2a: Baby Blobby
|-unboost|p2a: Baby Blobby|atk|1
|move|p2a: Baby Blobby|Soft-Boiled|p2a: Baby Blobby
|-heal|p2a: Baby Blobby|527\/704 brn
|
|-damage|p2a: Baby Blobby|439\/704 brn|[from] brn
|turn|122
|c|âAmoongbro|SUCH A MORONIC ZOMBIE TARD FUCK
|
|switch|p2a: Fuck Magnezone|Skarmory, M, shiny|208\/334
|move|p1a: Landorus-Therian|U-turn|p2a: Fuck Magnezone
|-resisted|p2a: Fuck Magnezone
|-damage|p2a: Fuck Magnezone|194\/334
|c|âAmoongbro|LOOK MAN VOLT TURN ID FOR NOOBS JUST KILL YOURSELF
|
|switch|p1a: Rotom-Wash|Rotom-Wash|162\/299
|
|turn|123
|c|âAmoongbro|IT ONLY WORKS AGAINST STALL AND REGEN COMPLETELY WALLS IT
|c|âAmoongbro|KILL YOURSELF PLEASE
|
|switch|p2a: Baby Blobby|Chansey, F, shiny|439\/704
|move|p1a: Rotom-Wash|Volt Switch|p2a: Baby Blobby
|-damage|p2a: Baby Blobby|370\/704
|
|switch|p1a: Talonflame|Talonflame, F|205\/297 tox
|
|-damage|p1a: Talonflame|187\/297 tox|[from] psn
|turn|124
|
|switch|p2a: Mrs Blobby|Alomomola, F, shiny|529\/529
|move|p1a: Talonflame|U-turn|p2a: Mrs Blobby
|-damage|p2a: Mrs Blobby|475\/529
|
|switch|p1a: Gardevoir|Gardevoir, M|9\/277
|-ability|p1a: Gardevoir|Regenerator|[from] ability: Trace|[of] p2a: Mrs Blobby
|
|-heal|p2a: Mrs Blobby|508\/529|[from] item: Leftovers
|turn|125
|c|âAmoongbro|FUCK OFF
|c|âThisFireBurns|gg bro
|c|âThisFireBurns|easy
|c|âThisFireBurns|one softboiled last
|c|âThisFireBurns|gg bro
|c|âAmoongbro|"EASY"
|c|âThisFireBurns|i said to learn how to play and still you doenst
|c|âThisFireBurns|come on
|c|âAmoongbro|EVERY FUCKING MATCH YOU PLAY AGAINST ME IS 150 TURNS +
|c|âThisFireBurns|try harder next time
|c|âAmoongbro|YOU FUCKING SUCK
|c|âAmoongbro|YOURE THE ONLY PERSON THAT HAS TO TAKE THIS LONG
|c|âThisFireBurns|play fast bro
|c|âThisFireBurns|its almost over
|c|âThisFireBurns|and remember
|c|âThisFireBurns|i cant read what you send
|
|switch|p1a: Rotom-Wash|Rotom-Wash|162\/299
|move|p2a: Mrs Blobby|Wish|p2a: Mrs Blobby
|
|-heal|p2a: Mrs Blobby|529\/529|[from] item: Leftovers
|turn|126
|c|âAmoongbro|SHUT UP YOU FUCKING COCK NOOB
|
|switch|p2a: Baby Blobby|Chansey, F, shiny|370\/704
|move|p1a: Rotom-Wash|Will-O-Wisp|p2a: Baby Blobby
|-status|p2a: Baby Blobby|brn
|
|-heal|p2a: Baby Blobby|634\/704 brn|[from] move: Wish|[wisher] Mrs Blobby
|-damage|p2a: Baby Blobby|546\/704 brn|[from] brn
|turn|127
|c|âAmoongbro|YOURE THE ONLY CANCER ON THIS SITE
|
|move|p1a: Rotom-Wash|Volt Switch|p2a: Baby Blobby
|-damage|p2a: Baby Blobby|483\/704 brn
|c|âAmoongbro|FUCKING DRAGGING OUT MATCHES THIS LONG ITS FUCKING PATHETIC
|
|switch|p1a: Scizor|Scizor-Mega, F|243\/343
|move|p2a: Baby Blobby|Heal Bell|p2a: Baby Blobby
|-cureteam|p2a: Baby Blobby|[from] move: HealBell
|
|turn|128
|
|switch|p2a: Uncle Blobby|Quagsire, M, shiny|370\/394
|move|p1a: Scizor|U-turn|p2a: Uncle Blobby
|-damage|p2a: Uncle Blobby|282\/394
|c|âAmoongbro|MAKE A FUCKING PLAY YOU DUMB ASS
|
|switch|p1a: Rotom-Wash|Rotom-Wash|162\/299
|
|turn|129
|c|âAmoongbro|INSTEAD OF FUCING SPAMMING TWO MOVES THAT PREDICT FOR YOU
|
|switch|p2a: Baby Blobby|Chansey, F, shiny|483\/704
|move|p1a: Rotom-Wash|Will-O-Wisp|p2a: Baby Blobby
|-status|p2a: Baby Blobby|brn
|
|-damage|p2a: Baby Blobby|395\/704 brn|[from] brn
|turn|130
|
|switch|p2a: Uncle Blobby|Quagsire, M, shiny|282\/394
|move|p1a: Rotom-Wash|Volt Switch|p2a: Uncle Blobby
|-immune|p2a: Uncle Blobby|[msg]
|
|turn|131
|c|âAmoongbro|THIS IS WHY YOURE A RETARDED FUCK
|c|âAmoongbro|TARD FUCK
|c|âAmoongbro|CANT FUCKING PREDICT ANYTHING
|
|move|p1a: Rotom-Wash|Hydro Pump|p2a: Uncle Blobby
|-damage|p2a: Uncle Blobby|77\/394
|move|p2a: Uncle Blobby|Earthquake|p1a: Rotom-Wash
|-immune|p1a: Rotom-Wash|[msg]
|
|turn|132
|c|âAmoongbro|132 TURNS TO GET ONE OF MY POKEMON INTO THE RED
|c|âAmoongbro|JUST KILL YOURSELF
|c|âThisFireBurns|gg easy
|c|âThisFireBurns|gg bro
|
|switch|p2a: Mrs Blobby|Alomomola, F, shiny|529\/529
|move|p1a: Rotom-Wash|Hydro Pump|p2a: Mrs Blobby
|-resisted|p2a: Mrs Blobby
|-damage|p2a: Mrs Blobby|400\/529
|
|-heal|p2a: Mrs Blobby|433\/529|[from] item: Leftovers
|turn|133
|c|âThisFireBurns|i told you to gave up
|c|âAmoongbro|NAH
|c|âAmoongbro|AGAIN ANOTHER SHIT PREDICT
|c|âAmoongbro|150 TURNS ONCE AGAIN
|c|âAmoongbro|ONLY WON CAUSE OF PP NOTHING MORE
|c|âAmoongbro|MADE A SHIT LOAD OF SHIT PREDICTS
|c|âThisFireBurns|its gg
|c|âThisFireBurns|gg easy
|c|âThisFireBurns|6x0
|
|move|p2a: Mrs Blobby|Protect|p2a: Mrs Blobby
|-singleturn|p2a: Mrs Blobby|Protect
|move|p1a: Rotom-Wash|Volt Switch|p2a: Mrs Blobby
|-activate|p2a: Mrs Blobby|Protect
|
|-heal|p2a: Mrs Blobby|466\/529|[from] item: Leftovers
|turn|134
|c|âAmoongbro|NAH
|c|âThisFireBurns|gg easy
|c|âThisFireBurns|6x0
|c|âThisFireBurns|forever
|c|âThisFireBurns|thanks bro
|c|âThisFireBurns|thanks for another win
|c|âThisFireBurns|you just suck
|
|switch|p2a: Baby Blobby|Chansey, F, shiny|395\/704
|move|p1a: Rotom-Wash|Volt Switch|p2a: Baby Blobby
|-damage|p2a: Baby Blobby|335\/704
|c|âThisFireBurns|serously
|c|âThisFireBurns|just suck
|
|switch|p1a: Bisharp|Bisharp, M|87\/271
|
|turn|135
|
|switch|p2a: Fuck Magnezone|Skarmory, M, shiny|194\/334
|move|p1a: Bisharp|Knock Off|p2a: Fuck Magnezone
|-damage|p2a: Fuck Magnezone|45\/334
|-enditem|p2a: Fuck Magnezone|Shed Shell|[from] move: Knock Off|[of] p1a: Bisharp
|-damage|p1a: Bisharp|60\/271|[from] item: Life Orb
|
|turn|136
|c|âAmoongbro|150 TURNS TO BEAT ME AGAIN BAD PLAYER
|
|move|p1a: Bisharp|Knock Off|p2a: Fuck Magnezone
|-damage|p2a: Fuck Magnezone|0 fnt
|-damage|p1a: Bisharp|33\/271|[from] item: Life Orb
|faint|p2a: Fuck Magnezone
|
|
|switch|p2a: Uncle Blobby|Quagsire, M, shiny|77\/394
|turn|137
|c|âAmoongbro|PURELY PP
|c|âAmoongbro|NOTHING ELSE
|c|âAmoongbro|118 TURNS TO MAKE ONE PREDICT AGAINST ME
|c|âThisFireBurns|gg easy
|
|move|p1a: Bisharp|Knock Off|p2a: Uncle Blobby
|-damage|p2a: Uncle Blobby|0 fnt
|-damage|p1a: Bisharp|6\/271|[from] item: Life Orb
|faint|p2a: Uncle Blobby
|
|c|âThisFireBurns|bye skarmory
|c|âThisFireBurns|bye quag
|c|âAmoongbro|ITS TURN 137
|c|âThisFireBurns|thanks for another hour of fun bro
|c|âAmoongbro|YOU DELUDED FUCK
|c|âThisFireBurns|and thanks for the points
|c|âThisFireBurns|easy points
|c|âThisFireBurns|gg easy
|c|âThisFireBurns|6x0
|-message|Amoongbro lost due to inactivity.
|
|switch|p2a: Mr Blobby|Amoonguss, F, shiny|432\/432
|turn|138
|
|win|ThisFireBurns
|raw|Ladder updating...
|raw|ThisFireBurns's rating: 1619 &rarr; <strong>1640<\/strong><br \/>(+21 for winning)
|raw|Amoongbro's rating: 1623 &rarr; <strong>1603<\/strong><br \/>(-20 for losing)
|c|âAmoongbro|BAD PLAYER
|c|âAmoongbro|95 LOSSES
|c|âThisFireBurns|gg easy
|c|âAmoongbro|ATROCIOUS
|c|âThisFireBurns|noob
|c|âAmoongbro|"EASY" ;LOL
|c|âThisFireBurns|noob as awalys
|c|âAmoongbro|NEEDS TO WIN IN 150 TURNS