|join|Amoongbro
|join|don't use mega
|player|p1|Amoongbro|170
|player|p2|don't use mega|101
|gametype|singles
|gen|6
|tier|OU
|rated
|clearpoke
|poke|p1|Chansey, F, shiny
|poke|p1|Skarmory, F, shiny
|poke|p1|Alomomola, M, shiny
|poke|p1|Amoonguss, M, shiny
|poke|p1|Quagsire, M, shiny
|poke|p1|Sableye, M, shiny
|poke|p2|Mandibuzz, F
|poke|p2|Quagsire, F
|poke|p2|Tyranitar, F
|poke|p2|Slowbro, F
|poke|p2|Gliscor, F
|poke|p2|Chansey, F
|rule|Swagger Clause: Swagger is banned
|rule|Baton Pass Clause: Limit one PokÃ©mon knowing Baton Pass
|rule|Sleep Clause Mod: Limit one foe put to sleep
|rule|Species Clause: Limit one of each PokÃ©mon
|rule|OHKO Clause: OHKO moves are banned
|rule|Moody Clause: Moody is banned
|rule|Evasion Moves Clause: Evasion moves are banned
|rule|Endless Battle Clause: Forcing endless battles is banned
|rule|HP Percentage Mod: HP is shown in percentages
|teampreview
|c|âAmoongbro|mega bro
|c|âAmoongbro|straight away
|
|start
|switch|p1a: Not Mega|Sableye, M, shiny|304\/304
|switch|p2a: Mandibuzz|Mandibuzz, F|420\/420
|turn|1
|
|switch|p2a: Slowbro|Slowbro, F|392\/392
|detailschange|p1a: Not Mega|Sableye-Mega, M, shiny
|-mega|p1a: Not Mega|Sableye|Sablenite
|move|p1a: Not Mega|Will-O-Wisp|p2a: Slowbro
|-status|p2a: Slowbro|brn
|
|-damage|p2a: Slowbro|343\/392 brn|[from] brn
|turn|2
|
|switch|p2a: Gliscor|Gliscor, F|350\/350
|move|p1a: Not Mega|Will-O-Wisp|p2a: Gliscor
|-status|p2a: Gliscor|brn
|
|-damage|p2a: Gliscor|307\/350 brn|[from] brn
|turn|3
|
|switch|p2a: Slowbro|Slowbro, F|392\/392 brn
|move|p1a: Not Mega|Knock Off|p2a: Slowbro
|-supereffective|p2a: Slowbro
|-damage|p2a: Slowbro|252\/392 brn
|-enditem|p2a: Slowbro|Leftovers|[from] move: Knock Off|[of] p1a: Not Mega
|
|-damage|p2a: Slowbro|203\/392 brn|[from] brn
|turn|4
|
|move|p2a: Slowbro|Scald|p1a: Not Mega
|-damage|p1a: Not Mega|223\/304
|move|p1a: Not Mega|Knock Off|p2a: Slowbro
|-supereffective|p2a: Slowbro
|-damage|p2a: Slowbro|113\/392 brn
|
|-damage|p2a: Slowbro|64\/392 brn|[from] brn
|turn|5
|
|move|p2a: Slowbro|Slack Off|p2a: Slowbro
|-heal|p2a: Slowbro|260\/392 brn
|move|p1a: Not Mega|Recover|p1a: Not Mega
|-heal|p1a: Not Mega|304\/304
|
|-damage|p2a: Slowbro|211\/392 brn|[from] brn
|turn|6
|
|move|p2a: Slowbro|Scald|p1a: Not Mega
|-damage|p1a: Not Mega|220\/304
|move|p1a: Not Mega|Dark Pulse|p2a: Slowbro
|-supereffective|p2a: Slowbro
|-damage|p2a: Slowbro|29\/392 brn
|
|-damage|p2a: Slowbro|0 fnt|[from] brn
|faint|p2a: Slowbro
|
|switch|p2a: Chansey|Chansey, F|703\/703
|turn|7
|
|move|p2a: Chansey|Heal Bell|p2a: Chansey
|-cureteam|p2a: Chansey|[from] move: HealBell
|move|p1a: Not Mega|Knock Off|p2a: Chansey
|-damage|p2a: Chansey|565\/703
|-enditem|p2a: Chansey|Eviolite|[from] move: Knock Off|[of] p1a: Not Mega
|
|turn|8
|
|move|p2a: Chansey|Seismic Toss|p1a: Not Mega
|-immune|p1a: Not Mega|[msg]
|move|p1a: Not Mega|Recover|p1a: Not Mega
|-heal|p1a: Not Mega|304\/304
|
|turn|9
|
|move|p2a: Chansey|Seismic Toss|p1a: Not Mega
|-immune|p1a: Not Mega|[msg]
|move|p1a: Not Mega|Will-O-Wisp|p2a: Chansey|[miss]
|-miss|p1a: Not Mega|p2a: Chansey
|
|turn|10
|
|move|p2a: Chansey|Seismic Toss|p1a: Not Mega
|-immune|p1a: Not Mega|[msg]
|move|p1a: Not Mega|Will-O-Wisp|p2a: Chansey
|-status|p2a: Chansey|brn
|
|-damage|p2a: Chansey|478\/703 brn|[from] brn
|turn|11
|
|move|p2a: Chansey|Seismic Toss|p1a: Not Mega
|-immune|p1a: Not Mega|[msg]
|move|p1a: Not Mega|Knock Off|p2a: Chansey
|-damage|p2a: Chansey|352\/703 brn
|
|-damage|p2a: Chansey|265\/703 brn|[from] brn
|turn|12
|
|move|p2a: Chansey|Soft-Boiled|p2a: Chansey
|-heal|p2a: Chansey|617\/703 brn
|move|p1a: Not Mega|Knock Off|p2a: Chansey
|-damage|p2a: Chansey|478\/703 brn
|
|-damage|p2a: Chansey|391\/703 brn|[from] brn
|turn|13
|
|move|p2a: Chansey|Seismic Toss|p1a: Not Mega
|-immune|p1a: Not Mega|[msg]
|move|p1a: Not Mega|Knock Off|p2a: Chansey
|-damage|p2a: Chansey|255\/703 brn
|
|-damage|p2a: Chansey|168\/703 brn|[from] brn
|turn|14
|
|move|p2a: Chansey|Soft-Boiled|p2a: Chansey
|-heal|p2a: Chansey|520\/703 brn
|move|p1a: Not Mega|Knock Off|p2a: Chansey
|-damage|p2a: Chansey|397\/703 brn
|
|-damage|p2a: Chansey|310\/703 brn|[from] brn
|turn|15
|
|move|p2a: Chansey|Soft-Boiled|p2a: Chansey
|-heal|p2a: Chansey|662\/703 brn
|move|p1a: Not Mega|Knock Off|p2a: Chansey
|-damage|p2a: Chansey|532\/703 brn
|
|-damage|p2a: Chansey|445\/703 brn|[from] brn
|turn|16
|
|switch|p2a: Tyranitar|Tyranitar, F|342\/342
|-weather|Sandstorm
|move|p1a: Not Mega|Knock Off|p2a: Tyranitar
|-crit|p2a: Tyranitar
|-resisted|p2a: Tyranitar
|-damage|p2a: Tyranitar|279\/342
|-enditem|p2a: Tyranitar|Choice Scarf|[from] move: Knock Off|[of] p1a: Not Mega
|
|-weather|Sandstorm|[upkeep]
|-damage|p1a: Not Mega|285\/304|[from] sandstorm
|turn|17
|
|move|p2a: Tyranitar|Stone Edge|p1a: Not Mega
|-damage|p1a: Not Mega|177\/304
|move|p1a: Not Mega|Will-O-Wisp|p2a: Tyranitar
|-status|p2a: Tyranitar|brn
|
|-weather|Sandstorm|[upkeep]
|-damage|p1a: Not Mega|158\/304|[from] sandstorm
|-damage|p2a: Tyranitar|237\/342 brn|[from] brn
|turn|18
|
|switch|p2a: Gliscor|Gliscor, F|307\/350
|move|p1a: Not Mega|Recover|p1a: Not Mega
|-heal|p1a: Not Mega|304\/304
|
|-weather|Sandstorm|[upkeep]
|-damage|p1a: Not Mega|285\/304|[from] sandstorm
|-status|p2a: Gliscor|tox|[from] item: Toxic Orb
|turn|19
|
|move|p2a: Gliscor|Earthquake|p1a: Not Mega
|-damage|p1a: Not Mega|212\/304
|move|p1a: Not Mega|Dark Pulse|p2a: Gliscor
|-damage|p2a: Gliscor|232\/350 tox
|
|-weather|Sandstorm|[upkeep]
|-damage|p1a: Not Mega|193\/304|[from] sandstorm
|-heal|p2a: Gliscor|275\/350 tox|[from] ability: Poison Heal
|turn|20
|
|move|p2a: Gliscor|Earthquake|p1a: Not Mega
|-damage|p1a: Not Mega|129\/304
|move|p1a: Not Mega|Recover|p1a: Not Mega
|-heal|p1a: Not Mega|281\/304
|
|-weather|none
|-heal|p2a: Gliscor|318\/350 tox|[from] ability: Poison Heal
|turn|21
|
|move|p2a: Gliscor|Knock Off|p1a: Not Mega
|-damage|p1a: Not Mega|251\/304
|move|p1a: Not Mega|Dark Pulse|p2a: Gliscor
|-damage|p2a: Gliscor|248\/350 tox
|
|-heal|p2a: Gliscor|291\/350 tox|[from] ability: Poison Heal
|turn|22
|
|move|p2a: Gliscor|Knock Off|p1a: Not Mega
|-damage|p1a: Not Mega|217\/304
|move|p1a: Not Mega|Dark Pulse|p2a: Gliscor
|-damage|p2a: Gliscor|219\/350 tox
|
|-heal|p2a: Gliscor|262\/350 tox|[from] ability: Poison Heal
|turn|23
|
|move|p2a: Gliscor|Knock Off|p1a: Not Mega
|-damage|p1a: Not Mega|186\/304
|move|p1a: Not Mega|Dark Pulse|p2a: Gliscor
|-damage|p2a: Gliscor|189\/350 tox
|
|-heal|p2a: Gliscor|232\/350 tox|[from] ability: Poison Heal
|turn|24
|
|move|p2a: Gliscor|Knock Off|p1a: Not Mega
|-damage|p1a: Not Mega|157\/304
|move|p1a: Not Mega|Recover|p1a: Not Mega
|-heal|p1a: Not Mega|304\/304
|
|-heal|p2a: Gliscor|275\/350 tox|[from] ability: Poison Heal
|turn|25
|
|move|p2a: Gliscor|Knock Off|p1a: Not Mega
|-damage|p1a: Not Mega|273\/304
|move|p1a: Not Mega|Dark Pulse|p2a: Gliscor
|-damage|p2a: Gliscor|203\/350 tox
|
|-heal|p2a: Gliscor|246\/350 tox|[from] ability: Poison Heal
|turn|26
|
|move|p2a: Gliscor|Knock Off|p1a: Not Mega
|-damage|p1a: Not Mega|241\/304
|move|p1a: Not Mega|Dark Pulse|p2a: Gliscor
|-damage|p2a: Gliscor|176\/350 tox
|
|-heal|p2a: Gliscor|219\/350 tox|[from] ability: Poison Heal
|turn|27
|
|move|p2a: Gliscor|Knock Off|p1a: Not Mega
|-damage|p1a: Not Mega|212\/304
|move|p1a: Not Mega|Dark Pulse|p2a: Gliscor
|-damage|p2a: Gliscor|147\/350 tox
|
|-heal|p2a: Gliscor|190\/350 tox|[from] ability: Poison Heal
|turn|28
|
|move|p2a: Gliscor|Knock Off|p1a: Not Mega
|-damage|p1a: Not Mega|178\/304
|move|p1a: Not Mega|Dark Pulse|p2a: Gliscor
|-damage|p2a: Gliscor|121\/350 tox
|
|-heal|p2a: Gliscor|164\/350 tox|[from] ability: Poison Heal
|turn|29
|
|move|p2a: Gliscor|Knock Off|p1a: Not Mega
|-damage|p1a: Not Mega|150\/304
|move|p1a: Not Mega|Recover|p1a: Not Mega
|-heal|p1a: Not Mega|302\/304
|
|-heal|p2a: Gliscor|207\/350 tox|[from] ability: Poison Heal
|turn|30
|
|move|p2a: Gliscor|Knock Off|p1a: Not Mega
|-damage|p1a: Not Mega|272\/304
|move|p1a: Not Mega|Dark Pulse|p2a: Gliscor
|-damage|p2a: Gliscor|128\/350 tox
|
|-heal|p2a: Gliscor|171\/350 tox|[from] ability: Poison Heal
|turn|31
|
|move|p2a: Gliscor|Knock Off|p1a: Not Mega
|-damage|p1a: Not Mega|242\/304
|move|p1a: Not Mega|Knock Off|p2a: Gliscor
|-damage|p2a: Gliscor|81\/350 tox
|-enditem|p2a: Gliscor|Toxic Orb|[from] move: Knock Off|[of] p1a: Not Mega
|
|-heal|p2a: Gliscor|124\/350 tox|[from] ability: Poison Heal
|turn|32
|
|move|p2a: Gliscor|Roost|p2a: Gliscor
|-heal|p2a: Gliscor|299\/350 tox
|move|p1a: Not Mega|Knock Off|p2a: Gliscor
|-damage|p2a: Gliscor|242\/350 tox
|
|-heal|p2a: Gliscor|285\/350 tox|[from] ability: Poison Heal
|turn|33
|
|move|p2a: Gliscor|Knock Off|p1a: Not Mega
|-damage|p1a: Not Mega|209\/304
|move|p1a: Not Mega|Knock Off|p2a: Gliscor
|-damage|p2a: Gliscor|224\/350 tox
|
|-heal|p2a: Gliscor|267\/350 tox|[from] ability: Poison Heal
|turn|34
|
|move|p2a: Gliscor|Knock Off|p1a: Not Mega
|-crit|p1a: Not Mega
|-damage|p1a: Not Mega|162\/304
|move|p1a: Not Mega|Knock Off|p2a: Gliscor
|-damage|p2a: Gliscor|212\/350 tox
|
|-heal|p2a: Gliscor|255\/350 tox|[from] ability: Poison Heal
|turn|35
|
|move|p2a: Gliscor|Knock Off|p1a: Not Mega
|-damage|p1a: Not Mega|130\/304
|move|p1a: Not Mega|Recover|p1a: Not Mega
|-heal|p1a: Not Mega|282\/304
|
|-heal|p2a: Gliscor|298\/350 tox|[from] ability: Poison Heal
|turn|36
|
|switch|p1a: Fuck Magnezone|Skarmory, F, shiny|334\/334
|move|p2a: Gliscor|Knock Off|p1a: Fuck Magnezone
|-crit|p1a: Fuck Magnezone
|-damage|p1a: Fuck Magnezone|276\/334
|-enditem|p1a: Fuck Magnezone|Shed Shell|[from] move: Knock Off|[of] p2a: Gliscor
|
|-heal|p2a: Gliscor|341\/350 tox|[from] ability: Poison Heal
|turn|37
|
|switch|p1a: Not Mega|Sableye-Mega, M, shiny|282\/304
|move|p2a: Gliscor|Taunt|p1a: Not Mega
|move|p1a: Not Mega|Taunt|p2a: Gliscor|[from]Magic Bounce
|-start|p2a: Gliscor|move: Taunt
|
|-heal|p2a: Gliscor|350\/350 tox|[from] ability: Poison Heal
|turn|38
|
|switch|p2a: Mandibuzz|Mandibuzz, F|420\/420
|move|p1a: Not Mega|Dark Pulse|p2a: Mandibuzz
|-resisted|p2a: Mandibuzz
|-damage|p2a: Mandibuzz|378\/420
|
|-heal|p2a: Mandibuzz|404\/420|[from] item: Leftovers
|turn|39
|
|switch|p2a: Gliscor|Gliscor, F|350\/350 tox
|move|p1a: Not Mega|Will-O-Wisp|p2a: Gliscor
|-fail|p2a: Gliscor
|
|turn|40
|
|move|p2a: Gliscor|Taunt|p1a: Not Mega
|move|p1a: Not Mega|Taunt|p2a: Gliscor|[from]Magic Bounce
|-start|p2a: Gliscor|move: Taunt
|move|p1a: Not Mega|Will-O-Wisp|p2a: Gliscor
|-fail|p2a: Gliscor
|
|turn|41
|
|switch|p2a: Chansey|Chansey, F|445\/703
|move|p1a: Not Mega|Knock Off|p2a: Chansey
|-damage|p2a: Chansey|322\/703
|
|turn|42
|
|move|p2a: Chansey|Soft-Boiled|p2a: Chansey
|-heal|p2a: Chansey|674\/703
|move|p1a: Not Mega|Will-O-Wisp|p2a: Chansey
|-status|p2a: Chansey|brn
|
|-damage|p2a: Chansey|587\/703 brn|[from] brn
|turn|43
|
|switch|p2a: Gliscor|Gliscor, F|350\/350 tox
|move|p1a: Not Mega|Will-O-Wisp|p2a: Gliscor
|-fail|p2a: Gliscor
|
|turn|44
|
|switch|p2a: Chansey|Chansey, F|587\/703
|move|p1a: Not Mega|Knock Off|p2a: Chansey
|-damage|p2a: Chansey|466\/703
|
|turn|45
|
|switch|p2a: Gliscor|Gliscor, F|350\/350 tox
|move|p1a: Not Mega|Will-O-Wisp|p2a: Gliscor
|-fail|p2a: Gliscor
|
|turn|46
|
|move|p2a: Gliscor|Knock Off|p1a: Not Mega
|-damage|p1a: Not Mega|252\/304
|move|p1a: Not Mega|Will-O-Wisp|p2a: Gliscor
|-fail|p2a: Gliscor
|
|turn|47
|
|move|p2a: Gliscor|Knock Off|p1a: Not Mega
|-damage|p1a: Not Mega|222\/304
|move|p1a: Not Mega|Knock Off|p2a: Gliscor
|-damage|p2a: Gliscor|298\/350 tox
|
|-heal|p2a: Gliscor|341\/350 tox|[from] ability: Poison Heal
|turn|48
|
|switch|p2a: Chansey|Chansey, F|466\/703
|move|p1a: Not Mega|Knock Off|p2a: Chansey
|-damage|p2a: Chansey|322\/703
|
|turn|49
|
|move|p2a: Chansey|Soft-Boiled|p2a: Chansey
|-heal|p2a: Chansey|674\/703
|move|p1a: Not Mega|Knock Off|p2a: Chansey
|-damage|p2a: Chansey|544\/703
|
|turn|50
|
|switch|p2a: Gliscor|Gliscor, F|341\/350 tox
|move|p1a: Not Mega|Knock Off|p2a: Gliscor
|-crit|p2a: Gliscor
|-damage|p2a: Gliscor|263\/350 tox
|
|-heal|p2a: Gliscor|306\/350 tox|[from] ability: Poison Heal
|turn|51
|
|move|p2a: Gliscor|Earthquake|p1a: Not Mega
|-damage|p1a: Not Mega|158\/304
|move|p1a: Not Mega|Dark Pulse|p2a: Gliscor
|-damage|p2a: Gliscor|228\/350 tox
|
|-heal|p2a: Gliscor|271\/350 tox|[from] ability: Poison Heal
|turn|52
|
|move|p2a: Gliscor|Earthquake|p1a: Not Mega
|-damage|p1a: Not Mega|88\/304
|move|p1a: Not Mega|Recover|p1a: Not Mega
|-heal|p1a: Not Mega|240\/304
|
|-heal|p2a: Gliscor|314\/350 tox|[from] ability: Poison Heal
|turn|53
|
|move|p2a: Gliscor|Earthquake|p1a: Not Mega
|-damage|p1a: Not Mega|173\/304
|move|p1a: Not Mega|Will-O-Wisp|p2a: Gliscor
|-fail|p2a: Gliscor
|
|-heal|p2a: Gliscor|350\/350 tox|[from] ability: Poison Heal
|turn|54
|
|move|p2a: Gliscor|Earthquake|p1a: Not Mega
|-damage|p1a: Not Mega|104\/304
|move|p1a: Not Mega|Recover|p1a: Not Mega
|-heal|p1a: Not Mega|256\/304
|
|turn|55
|
|switch|p2a: Chansey|Chansey, F|544\/703
|move|p1a: Not Mega|Knock Off|p2a: Chansey
|-damage|p2a: Chansey|423\/703
|
|turn|56
|
|switch|p2a: Gliscor|Gliscor, F|350\/350 tox
|switch|p1a: Fuck Magnezone|Skarmory, F, shiny|276\/334
|
|turn|57
|
|switch|p1a: Not Mega|Sableye-Mega, M, shiny|256\/304
|move|p2a: Gliscor|Taunt|p1a: Not Mega
|move|p1a: Not Mega|Taunt|p2a: Gliscor|[from]Magic Bounce
|-start|p2a: Gliscor|move: Taunt
|
|turn|58
|
|switch|p2a: Chansey|Chansey, F|423\/703
|switch|p1a: Fuck Magnezone|Skarmory, F, shiny|276\/334
|
|turn|59
|
|move|p1a: Fuck Magnezone|Stealth Rock|p2a: Chansey
|-sidestart|p2: don't use mega|move: Stealth Rock
|move|p2a: Chansey|Stealth Rock|p1a: Fuck Magnezone
|-sidestart|p1: Amoongbro|move: Stealth Rock
|
|turn|60
|
|move|p1a: Fuck Magnezone|Defog|p2a: Chansey
|-unboost|p2a: Chansey|evasion|1
|-sideend|p2: don't use mega|Stealth Rock|[from] move: Defog|[of] p2a: Chansey
|-sideend|p1: Amoongbro|Stealth Rock|[from] move: Defog|[of] p1a: Fuck Magnezone
|move|p2a: Chansey|Seismic Toss|p1a: Fuck Magnezone
|-damage|p1a: Fuck Magnezone|176\/334
|
|turn|61
|
|move|p1a: Fuck Magnezone|Roost|p1a: Fuck Magnezone
|-heal|p1a: Fuck Magnezone|334\/334
|move|p2a: Chansey|Stealth Rock|p1a: Fuck Magnezone
|-sidestart|p1: Amoongbro|move: Stealth Rock
|
|turn|62
|
|switch|p2a: Gliscor|Gliscor, F|350\/350 tox
|move|p1a: Fuck Magnezone|Stealth Rock|p2a: Gliscor
|-sidestart|p2: don't use mega|move: Stealth Rock
|
|turn|63
|
|switch|p1a: Mr Blobby|Amoonguss, M, shiny|432\/432
|-damage|p1a: Mr Blobby|378\/432|[from] Stealth Rock
|move|p2a: Gliscor|Earthquake|p1a: Mr Blobby
|-damage|p1a: Mr Blobby|281\/432
|
|turn|64
|
|switch|p1a: Mrs Blobby|Alomomola, M, shiny|529\/529
|-damage|p1a: Mrs Blobby|463\/529|[from] Stealth Rock
|move|p2a: Gliscor|Knock Off|p1a: Mrs Blobby
|-damage|p1a: Mrs Blobby|402\/529
|-enditem|p1a: Mrs Blobby|Leftovers|[from] move: Knock Off|[of] p2a: Gliscor
|
|turn|65
|
|move|p1a: Mrs Blobby|Protect|p1a: Mrs Blobby
|-singleturn|p1a: Mrs Blobby|Protect
|move|p2a: Gliscor|Taunt|p1a: Mrs Blobby
|-activate|p1a: Mrs Blobby|Protect
|
|turn|66
|
|switch|p1a: Mr Blobby|Amoonguss, M, shiny|425\/432
|-damage|p1a: Mr Blobby|371\/432|[from] Stealth Rock
|move|p2a: Gliscor|Taunt|p1a: Mr Blobby
|-start|p1a: Mr Blobby|move: Taunt
|
|turn|67
|
|switch|p1a: Mrs Blobby|Alomomola, M, shiny|529\/529
|-damage|p1a: Mrs Blobby|463\/529|[from] Stealth Rock
|move|p2a: Gliscor|Taunt|p1a: Mrs Blobby
|-start|p1a: Mrs Blobby|move: Taunt
|
|turn|68
|
|switch|p1a: Mr Blobby|Amoonguss, M, shiny|432\/432
|-damage|p1a: Mr Blobby|378\/432|[from] Stealth Rock
|move|p2a: Gliscor|Knock Off|p1a: Mr Blobby
|-damage|p1a: Mr Blobby|308\/432
|-enditem|p1a: Mr Blobby|Assault Vest|[from] move: Knock Off|[of] p2a: Gliscor
|
|turn|69
|
|switch|p2a: Quagsire|Quagsire, F|394\/394
|-damage|p2a: Quagsire|370\/394|[from] Stealth Rock
|switch|p1a: Mrs Blobby|Alomomola, M, shiny|529\/529
|-damage|p1a: Mrs Blobby|463\/529|[from] Stealth Rock
|
|-heal|p2a: Quagsire|394\/394|[from] item: Leftovers
|turn|70
|
|switch|p1a: Mr Blobby|Amoonguss, M, shiny|432\/432
|-damage|p1a: Mr Blobby|378\/432|[from] Stealth Rock
|move|p2a: Quagsire|Toxic|p1a: Mr Blobby
|-fail|p1a: Mr Blobby
|
|turn|71
|
|switch|p2a: Mandibuzz|Mandibuzz, F|404\/420
|-damage|p2a: Mandibuzz|299\/420|[from] Stealth Rock
|move|p1a: Mr Blobby|Giga Drain|p2a: Mandibuzz
|-resisted|p2a: Mandibuzz
|-damage|p2a: Mandibuzz|260\/420
|-heal|p1a: Mr Blobby|398\/432|[from] drain|[of] p2a: Mandibuzz
|
|-heal|p2a: Mandibuzz|286\/420|[from] item: Leftovers
|turn|72
|
|switch|p1a: Mrs Blobby|Alomomola, M, shiny|529\/529
|-damage|p1a: Mrs Blobby|463\/529|[from] Stealth Rock
|move|p2a: Mandibuzz|Defog|p1a: Mrs Blobby
|-unboost|p1a: Mrs Blobby|evasion|1
|-sideend|p1: Amoongbro|Stealth Rock|[from] move: Defog|[of] p1a: Mrs Blobby
|-sideend|p2: don't use mega|Stealth Rock|[from] move: Defog|[of] p2a: Mandibuzz
|
|-heal|p2a: Mandibuzz|312\/420|[from] item: Leftovers
|turn|73
|
|switch|p1a: Not Mega|Sableye-Mega, M, shiny|256\/304
|move|p2a: Mandibuzz|Taunt|p1a: Not Mega
|move|p1a: Not Mega|Taunt|p2a: Mandibuzz|[from]Magic Bounce
|-start|p2a: Mandibuzz|move: Taunt
|
|-heal|p2a: Mandibuzz|338\/420|[from] item: Leftovers
|turn|74
|
|switch|p2a: Gliscor|Gliscor, F|350\/350 tox
|switch|p1a: Mrs Blobby|Alomomola, M, shiny|529\/529
|
|turn|75
|
|switch|p2a: Chansey|Chansey, F|423\/703
|switch|p1a: Not Mega|Sableye-Mega, M, shiny|256\/304
|
|turn|76
|c|âdon't use mega|. . .
|
|switch|p2a: Gliscor|Gliscor, F|350\/350 tox
|switch|p1a: Fuck Magnezone|Skarmory, F, shiny|334\/334
|
|turn|77
|
|switch|p1a: Not Mega|Sableye-Mega, M, shiny|256\/304
|move|p2a: Gliscor|Taunt|p1a: Not Mega
|move|p1a: Not Mega|Taunt|p2a: Gliscor|[from]Magic Bounce
|-start|p2a: Gliscor|move: Taunt
|
|turn|78
|c|âAmoongbro|. . . .
|
|switch|p1a: Fuck Magnezone|Skarmory, F, shiny|334\/334
|move|p2a: Gliscor|Knock Off|p1a: Fuck Magnezone
|-damage|p1a: Fuck Magnezone|308\/334
|
|turn|79
|
|switch|p2a: Mandibuzz|Mandibuzz, F|338\/420
|move|p1a: Fuck Magnezone|Stealth Rock|p2a: Mandibuzz
|-sidestart|p2: don't use mega|move: Stealth Rock
|
|-heal|p2a: Mandibuzz|364\/420|[from] item: Leftovers
|turn|80
|
|move|p2a: Mandibuzz|Defog|p1a: Fuck Magnezone
|-unboost|p1a: Fuck Magnezone|evasion|1
|-sideend|p2: don't use mega|Stealth Rock|[from] move: Defog|[of] p2a: Mandibuzz
|move|p1a: Fuck Magnezone|Stealth Rock|p2a: Mandibuzz
|-sidestart|p2: don't use mega|move: Stealth Rock
|
|-heal|p2a: Mandibuzz|390\/420|[from] item: Leftovers
|turn|81
|
|move|p2a: Mandibuzz|Taunt|p1a: Fuck Magnezone
|-start|p1a: Fuck Magnezone|move: Taunt
|cant|p1a: Fuck Magnezone|move: Taunt|Stealth Rock
|
|-heal|p2a: Mandibuzz|416\/420|[from] item: Leftovers
|turn|82
|
|switch|p1a: Not Mega|Sableye-Mega, M, shiny|256\/304
|move|p2a: Mandibuzz|Defog|p1a: Not Mega
|move|p1a: Not Mega|Defog|p2a: Mandibuzz|[from]Magic Bounce
|-unboost|p2a: Mandibuzz|evasion|1
|-sideend|p2: don't use mega|Stealth Rock|[from] move: Defog|[of] p2a: Mandibuzz
|
|-heal|p2a: Mandibuzz|420\/420|[from] item: Leftovers
|turn|83
|
|switch|p2a: Gliscor|Gliscor, F|350\/350 tox
|switch|p1a: Fuck Magnezone|Skarmory, F, shiny|308\/334
|
|turn|84
|
|move|p2a: Gliscor|Taunt|p1a: Fuck Magnezone
|-start|p1a: Fuck Magnezone|move: Taunt
|cant|p1a: Fuck Magnezone|move: Taunt|Stealth Rock
|
|turn|85
|
|switch|p2a: Mandibuzz|Mandibuzz, F|420\/420
|switch|p1a: Not Mega|Sableye-Mega, M, shiny|256\/304
|
|turn|86
|
|switch|p1a: Fuck Magnezone|Skarmory, F, shiny|308\/334
|move|p2a: Mandibuzz|Foul Play|p1a: Fuck Magnezone
|-damage|p1a: Fuck Magnezone|251\/334
|
|turn|87
|
|move|p2a: Mandibuzz|Foul Play|p1a: Fuck Magnezone
|-damage|p1a: Fuck Magnezone|196\/334
|move|p1a: Fuck Magnezone|Stealth Rock|p2a: Mandibuzz
|-sidestart|p2: don't use mega|move: Stealth Rock
|
|turn|88
|
|switch|p1a: Not Mega|Sableye-Mega, M, shiny|256\/304
|move|p2a: Mandibuzz|Taunt|p1a: Not Mega
|move|p1a: Not Mega|Taunt|p2a: Mandibuzz|[from]Magic Bounce
|-start|p2a: Mandibuzz|move: Taunt
|
|turn|89
|
|switch|p2a: Gliscor|Gliscor, F|350\/350 tox
|-damage|p2a: Gliscor|307\/350 tox|[from] Stealth Rock
|switch|p1a: Fuck Magnezone|Skarmory, F, shiny|196\/334
|
|-heal|p2a: Gliscor|350\/350 tox|[from] ability: Poison Heal
|turn|90
|
|switch|p1a: Not Mega|Sableye-Mega, M, shiny|256\/304
|move|p2a: Gliscor|Taunt|p1a: Not Mega
|move|p1a: Not Mega|Taunt|p2a: Gliscor|[from]Magic Bounce
|-start|p2a: Gliscor|move: Taunt
|
|turn|91
|
|switch|p1a: Fuck Magnezone|Skarmory, F, shiny|196\/334
|move|p2a: Gliscor|Knock Off|p1a: Fuck Magnezone
|-damage|p1a: Fuck Magnezone|170\/334
|
|turn|92
|
|switch|p2a: Mandibuzz|Mandibuzz, F|420\/420
|-damage|p2a: Mandibuzz|315\/420|[from] Stealth Rock
|move|p1a: Fuck Magnezone|Roost|p1a: Fuck Magnezone
|-heal|p1a: Fuck Magnezone|334\/334
|
|-heal|p2a: Mandibuzz|341\/420|[from] item: Leftovers
|turn|93
|
|switch|p1a: Not Mega|Sableye-Mega, M, shiny|256\/304
|move|p2a: Mandibuzz|Defog|p1a: Not Mega
|move|p1a: Not Mega|Defog|p2a: Mandibuzz|[from]Magic Bounce
|-unboost|p2a: Mandibuzz|evasion|1
|-sideend|p2: don't use mega|Stealth Rock|[from] move: Defog|[of] p2a: Mandibuzz
|
|-heal|p2a: Mandibuzz|367\/420|[from] item: Leftovers
|turn|94
|
|switch|p2a: Gliscor|Gliscor, F|350\/350 tox
|switch|p1a: Fuck Magnezone|Skarmory, F, shiny|334\/334
|
|turn|95
|
|move|p2a: Gliscor|Taunt|p1a: Fuck Magnezone
|-start|p1a: Fuck Magnezone|move: Taunt
|cant|p1a: Fuck Magnezone|move: Taunt|Stealth Rock
|
|turn|96
|
|switch|p1a: Not Mega|Sableye-Mega, M, shiny|256\/304
|move|p2a: Gliscor|Earthquake|p1a: Not Mega
|-damage|p1a: Not Mega|183\/304
|
|turn|97
|
|move|p2a: Gliscor|Earthquake|p1a: Not Mega
|-damage|p1a: Not Mega|119\/304
|move|p1a: Not Mega|Dark Pulse|p2a: Gliscor
|-damage|p2a: Gliscor|281\/350 tox
|
|-heal|p2a: Gliscor|324\/350 tox|[from] ability: Poison Heal
|turn|98
|
|move|p2a: Gliscor|Earthquake|p1a: Not Mega
|-damage|p1a: Not Mega|46\/304
|move|p1a: Not Mega|Recover|p1a: Not Mega
|-heal|p1a: Not Mega|198\/304
|
|-heal|p2a: Gliscor|350\/350 tox|[from] ability: Poison Heal
|turn|99
|
|switch|p1a: Mrs Blobby|Alomomola, M, shiny|529\/529
|move|p2a: Gliscor|Earthquake|p1a: Mrs Blobby
|-damage|p1a: Mrs Blobby|441\/529
|
|turn|100
|
|switch|p2a: Mandibuzz|Mandibuzz, F|367\/420
|move|p1a: Mrs Blobby|Scald|p2a: Mandibuzz
|-damage|p2a: Mandibuzz|318\/420
|
|-heal|p2a: Mandibuzz|344\/420|[from] item: Leftovers
|turn|101
|
|switch|p2a: Chansey|Chansey, F|423\/703
|switch|p1a: Not Mega|Sableye-Mega, M, shiny|198\/304
|
|turn|102
|
|switch|p1a: Fuck Magnezone|Skarmory, F, shiny|334\/334
|move|p2a: Chansey|Seismic Toss|p1a: Fuck Magnezone
|-damage|p1a: Fuck Magnezone|234\/334
|
|turn|103
|
|switch|p1a: Not Mega|Sableye-Mega, M, shiny|198\/304
|move|p2a: Chansey|Seismic Toss|p1a: Not Mega
|-immune|p1a: Not Mega|[msg]
|
|turn|104
|
|switch|p1a: Fuck Magnezone|Skarmory, F, shiny|234\/334
|move|p2a: Chansey|Seismic Toss|p1a: Fuck Magnezone
|-damage|p1a: Fuck Magnezone|134\/334
|
|turn|105
|
|move|p1a: Fuck Magnezone|Roost|p1a: Fuck Magnezone
|-heal|p1a: Fuck Magnezone|301\/334
|move|p2a: Chansey|Seismic Toss|p1a: Fuck Magnezone
|-damage|p1a: Fuck Magnezone|201\/334
|
|turn|106
|
|move|p1a: Fuck Magnezone|Roost|p1a: Fuck Magnezone
|-heal|p1a: Fuck Magnezone|334\/334
|move|p2a: Chansey|Seismic Toss|p1a: Fuck Magnezone
|-damage|p1a: Fuck Magnezone|234\/334
|
|turn|107
|-message|don't use mega forfeited.
|
|win|Amoongbro
|raw|Ladder updating...
|leave|don't use mega
|player|p2
|raw|Amoongbro's rating: 1667 &rarr; <strong>1694<\/strong><br \/>(+27 for winning)
|raw|don&apos;t use mega's rating: 1796 &rarr; <strong>1769<\/strong><br \/>(-27 for losing)
|c|âAmoongbro|im actually surprised how you even have 180 wins vs 58 losses, and a gxe of 89. makes no sense. eviolite dropped off really early lost bro really early. ttar burned via wisp. plethora of taunts from you predicted by me. how are you 18 on the ladder ><