|join|Amoongbro
|join|aj112354
|player|p1|Amoongbro|169
|player|p2|aj112354|61
|gametype|singles
|gen|6
|tier|OU
|rated
|clearpoke
|poke|p1|Chansey, F, shiny
|poke|p1|Skarmory, M, shiny
|poke|p1|Alomomola, F, shiny
|poke|p1|Amoonguss, F, shiny
|poke|p1|Quagsire, M, shiny
|poke|p1|Sableye, M, shiny
|poke|p2|Beedrill, M
|poke|p2|Crawdaunt, M
|poke|p2|Ferrothorn, F
|poke|p2|Goodra, M
|poke|p2|Tentacruel, M
|poke|p2|Sylveon, F
|rule|Swagger Clause: Swagger is banned
|rule|Baton Pass Clause: Limit one PokÃ©mon knowing Baton Pass
|rule|Sleep Clause Mod: Limit one foe put to sleep
|rule|Species Clause: Limit one of each PokÃ©mon
|rule|OHKO Clause: OHKO moves are banned
|rule|Moody Clause: Moody is banned
|rule|Evasion Moves Clause: Evasion moves are banned
|rule|Endless Battle Clause: Forcing endless battles is banned
|rule|HP Percentage Mod: HP is shown in percentages
|teampreview
|
|start
|switch|p1a: Not Mega|Sableye, M, shiny|304\/304
|switch|p2a: Beedrill|Beedrill, M|271\/271
|turn|1
|
|detailschange|p2a: Beedrill|Beedrill-Mega, M
|-mega|p2a: Beedrill|Beedrill|Beedrillite
|detailschange|p1a: Not Mega|Sableye-Mega, M, shiny
|-mega|p1a: Not Mega|Sableye|Sablenite
|move|p2a: Beedrill|Protect|p2a: Beedrill
|-singleturn|p2a: Beedrill|Protect
|move|p1a: Not Mega|Will-O-Wisp|p2a: Beedrill
|-activate|p2a: Beedrill|Protect
|
|turn|2
|
|move|p2a: Beedrill|U-turn|p1a: Not Mega
|-damage|p1a: Not Mega|178\/304
|
|switch|p2a: Sylveon|Sylveon, F|394\/394
|move|p1a: Not Mega|Knock Off|p2a: Sylveon
|-resisted|p2a: Sylveon
|-damage|p2a: Sylveon|345\/394
|-enditem|p2a: Sylveon|Leftovers|[from] move: Knock Off|[of] p1a: Not Mega
|
|turn|3
|
|switch|p2a: Crawdaunt|Crawdaunt, M|268\/268
|switch|p1a: Baby Blobby|Chansey, F, shiny|704\/704
|
|turn|4
|
|switch|p1a: Uncle Blobby|Quagsire, M, shiny|394\/394
|move|p2a: Crawdaunt|Swords Dance|p2a: Crawdaunt
|-boost|p2a: Crawdaunt|atk|2
|
|turn|5
|
|move|p2a: Crawdaunt|Knock Off|p1a: Uncle Blobby
|-damage|p1a: Uncle Blobby|150\/394
|-enditem|p1a: Uncle Blobby|Leftovers|[from] move: Knock Off|[of] p2a: Crawdaunt
|-damage|p2a: Crawdaunt|242\/268|[from] item: Life Orb
|move|p1a: Uncle Blobby|Earthquake|p2a: Crawdaunt
|-damage|p2a: Crawdaunt|125\/268
|
|turn|6
|
|move|p2a: Crawdaunt|Crabhammer|p1a: Uncle Blobby
|-damage|p1a: Uncle Blobby|0 fnt
|-damage|p2a: Crawdaunt|99\/268|[from] item: Life Orb
|faint|p1a: Uncle Blobby
|
|
|switch|p1a: Mrs Blobby|Alomomola, F, shiny|529\/529
|turn|7
|
|move|p2a: Crawdaunt|Knock Off|p1a: Mrs Blobby
|-damage|p1a: Mrs Blobby|77\/529
|-enditem|p1a: Mrs Blobby|Leftovers|[from] move: Knock Off|[of] p2a: Crawdaunt
|-damage|p2a: Crawdaunt|73\/268|[from] item: Life Orb
|move|p1a: Mrs Blobby|Toxic|p2a: Crawdaunt
|-status|p2a: Crawdaunt|tox
|
|-damage|p2a: Crawdaunt|57\/268 tox|[from] psn
|turn|8
|
|switch|p2a: Sylveon|Sylveon, F|345\/394
|move|p1a: Mrs Blobby|Protect|p1a: Mrs Blobby
|-fail|p1a: Mrs Blobby
|
|turn|9
|
|switch|p1a: Mr Blobby|Amoonguss, F, shiny|432\/432
|move|p2a: Sylveon|Heal Bell|p2a: Sylveon
|-cureteam|p2a: Sylveon|[from] move: HealBell
|
|turn|10
|
|switch|p2a: Goodra|Goodra, M|383\/383
|move|p1a: Mr Blobby|Giga Drain|p2a: Goodra
|-boost|p2a: Goodra|atk|1|[from] ability: Sap Sipper
|
|turn|11
|
|move|p2a: Goodra|Flamethrower|p1a: Mr Blobby
|-supereffective|p1a: Mr Blobby
|-damage|p1a: Mr Blobby|272\/432
|move|p1a: Mr Blobby|Clear Smog|p2a: Goodra
|-damage|p2a: Goodra|359\/383
|-clearboost|p2a: Goodra
|
|turn|12
|
|switch|p1a: Baby Blobby|Chansey, F, shiny|704\/704
|move|p2a: Goodra|Flamethrower|p1a: Baby Blobby
|-crit|p1a: Baby Blobby
|-damage|p1a: Baby Blobby|600\/704
|
|turn|13
|
|switch|p1a: Mrs Blobby|Alomomola, F, shiny|253\/529
|move|p2a: Goodra|Earthquake|p1a: Mrs Blobby
|-damage|p1a: Mrs Blobby|189\/529
|
|turn|14
|
|switch|p2a: Beedrill|Beedrill-Mega, M|271\/271
|switch|p1a: Baby Blobby|Chansey, F, shiny|600\/704
|
|turn|15
|
|switch|p1a: Fuck Magnezone|Skarmory, M, shiny|334\/334
|move|p2a: Beedrill|Poison Jab|p1a: Fuck Magnezone
|-immune|p1a: Fuck Magnezone|[msg]
|
|turn|16
|
|move|p2a: Beedrill|U-turn|p1a: Fuck Magnezone
|-resisted|p1a: Fuck Magnezone
|-damage|p1a: Fuck Magnezone|306\/334
|
|switch|p2a: Sylveon|Sylveon, F|345\/394
|move|p1a: Fuck Magnezone|Stealth Rock|p2a: Sylveon
|-sidestart|p2: aj112354|move: Stealth Rock
|
|turn|17
|
|switch|p1a: Mr Blobby|Amoonguss, F, shiny|416\/432
|move|p2a: Sylveon|Wish|p2a: Sylveon
|
|turn|18
|
|switch|p2a: Ferrothorn|Ferrothorn, F|351\/351
|-damage|p2a: Ferrothorn|330\/351|[from] Stealth Rock
|move|p1a: Mr Blobby|Giga Drain|p2a: Ferrothorn
|-resisted|p2a: Ferrothorn
|-damage|p2a: Ferrothorn|313\/351
|-heal|p1a: Mr Blobby|425\/432|[from] drain|[of] p2a: Ferrothorn
|
|-heal|p2a: Ferrothorn|351\/351|[from] move: Wish|[wisher] Sylveon
|turn|19
|
|switch|p1a: Not Mega|Sableye-Mega, M, shiny|178\/304
|move|p2a: Ferrothorn|Stealth Rock|p1a: Not Mega
|move|p1a: Not Mega|Stealth Rock|p2a: Ferrothorn|[from]Magic Bounce
|-fail|p2a: Ferrothorn
|
|turn|20
|
|switch|p2a: Sylveon|Sylveon, F|345\/394
|-damage|p2a: Sylveon|296\/394|[from] Stealth Rock
|move|p1a: Not Mega|Recover|p1a: Not Mega
|-heal|p1a: Not Mega|304\/304
|
|turn|21
|
|switch|p1a: Mr Blobby|Amoonguss, F, shiny|432\/432
|move|p2a: Sylveon|Wish|p2a: Sylveon
|
|turn|22
|
|move|p2a: Sylveon|Protect|p2a: Sylveon
|-singleturn|p2a: Sylveon|Protect
|move|p1a: Mr Blobby|Foul Play|p2a: Sylveon
|-activate|p2a: Sylveon|Protect
|
|-heal|p2a: Sylveon|394\/394|[from] move: Wish|[wisher] Sylveon
|turn|23
|
|switch|p2a: Tentacruel|Tentacruel, M|363\/363
|-damage|p2a: Tentacruel|318\/363|[from] Stealth Rock
|move|p1a: Mr Blobby|Clear Smog|p2a: Tentacruel
|-resisted|p2a: Tentacruel
|-damage|p2a: Tentacruel|294\/363
|-clearboost|p2a: Tentacruel
|
|-heal|p2a: Tentacruel|316\/363|[from] item: Black Sludge
|turn|24
|
|switch|p1a: Mrs Blobby|Alomomola, F, shiny|365\/529
|move|p2a: Tentacruel|Scald|p1a: Mrs Blobby
|-resisted|p1a: Mrs Blobby
|-damage|p1a: Mrs Blobby|295\/529
|-status|p1a: Mrs Blobby|brn
|
|-heal|p2a: Tentacruel|338\/363|[from] item: Black Sludge
|-damage|p1a: Mrs Blobby|229\/529 brn|[from] brn
|turn|25
|
|switch|p1a: Mr Blobby|Amoonguss, F, shiny|432\/432
|move|p2a: Tentacruel|Rapid Spin|p1a: Mr Blobby
|-damage|p1a: Mr Blobby|422\/432
|-sideend|p2: aj112354|Stealth Rock|[from] move: Rapid Spin|[of] p2a: Tentacruel
|
|-heal|p2a: Tentacruel|360\/363|[from] item: Black Sludge
|turn|26
|
|move|p2a: Tentacruel|Scald|p1a: Mr Blobby
|-resisted|p1a: Mr Blobby
|-damage|p1a: Mr Blobby|391\/432
|move|p1a: Mr Blobby|Giga Drain|p2a: Tentacruel
|-damage|p2a: Tentacruel|300\/363
|-damage|p1a: Mr Blobby|361\/432|[from] ability: Liquid Ooze|[of] p2a: Tentacruel
|
|-heal|p2a: Tentacruel|322\/363|[from] item: Black Sludge
|turn|27
|
|switch|p1a: Baby Blobby|Chansey, F, shiny|600\/704
|move|p2a: Tentacruel|Scald|p1a: Baby Blobby
|-damage|p1a: Baby Blobby|543\/704
|-status|p1a: Baby Blobby|brn
|
|-heal|p2a: Tentacruel|344\/363|[from] item: Black Sludge
|-damage|p1a: Baby Blobby|455\/704 brn|[from] brn
|turn|28
|
|switch|p2a: Sylveon|Sylveon, F|394\/394
|move|p1a: Baby Blobby|Soft-Boiled|p1a: Baby Blobby
|-heal|p1a: Baby Blobby|704\/704 brn
|
|-damage|p1a: Baby Blobby|616\/704 brn|[from] brn
|turn|29
|
|move|p2a: Sylveon|Wish|p2a: Sylveon
|move|p1a: Baby Blobby|Heal Bell|p1a: Baby Blobby
|-cureteam|p1a: Baby Blobby|[from] move: HealBell
|
|turn|30
|
|switch|p2a: Crawdaunt|Crawdaunt, M|57\/268
|move|p1a: Baby Blobby|Seismic Toss|p2a: Crawdaunt
|-damage|p2a: Crawdaunt|0 fnt
|faint|p2a: Crawdaunt
|
|
|switch|p2a: Beedrill|Beedrill-Mega, M|271\/271
|turn|31
|
|switch|p1a: Fuck Magnezone|Skarmory, M, shiny|306\/334
|move|p2a: Beedrill|U-turn|p1a: Fuck Magnezone
|-resisted|p1a: Fuck Magnezone
|-damage|p1a: Fuck Magnezone|279\/334
|
|switch|p2a: Goodra|Goodra, M|359\/383
|
|turn|32
|
|switch|p1a: Baby Blobby|Chansey, F, shiny|616\/704
|move|p2a: Goodra|Flamethrower|p1a: Baby Blobby
|-damage|p1a: Baby Blobby|543\/704
|-status|p1a: Baby Blobby|brn
|
|-damage|p1a: Baby Blobby|455\/704 brn|[from] brn
|turn|33
|
|switch|p2a: Beedrill|Beedrill-Mega, M|271\/271
|switch|p1a: Mrs Blobby|Alomomola, F, shiny|405\/529
|
|turn|34
|
|switch|p1a: Fuck Magnezone|Skarmory, M, shiny|279\/334
|move|p2a: Beedrill|U-turn|p1a: Fuck Magnezone
|-resisted|p1a: Fuck Magnezone
|-damage|p1a: Fuck Magnezone|253\/334
|
|switch|p2a: Ferrothorn|Ferrothorn, F|351\/351
|
|turn|35
|
|switch|p1a: Not Mega|Sableye-Mega, M, shiny|304\/304
|move|p2a: Ferrothorn|Power Whip|p1a: Not Mega
|-damage|p1a: Not Mega|219\/304
|
|turn|36
|
|switch|p2a: Tentacruel|Tentacruel, M|344\/363
|move|p1a: Not Mega|Recover|p1a: Not Mega
|-heal|p1a: Not Mega|304\/304
|
|-heal|p2a: Tentacruel|363\/363|[from] item: Black Sludge
|turn|37
|
|switch|p1a: Baby Blobby|Chansey, F, shiny|455\/704
|move|p2a: Tentacruel|Scald|p1a: Baby Blobby
|-damage|p1a: Baby Blobby|403\/704
|
|turn|38
|
|switch|p2a: Beedrill|Beedrill-Mega, M|271\/271
|move|p1a: Baby Blobby|Soft-Boiled|p1a: Baby Blobby
|-heal|p1a: Baby Blobby|704\/704
|
|turn|39
|
|switch|p1a: Fuck Magnezone|Skarmory, M, shiny|253\/334
|move|p2a: Beedrill|U-turn|p1a: Fuck Magnezone
|-crit|p1a: Fuck Magnezone
|-resisted|p1a: Fuck Magnezone
|-damage|p1a: Fuck Magnezone|213\/334
|
|switch|p2a: Goodra|Goodra, M|359\/383
|
|turn|40
|
|switch|p1a: Baby Blobby|Chansey, F, shiny|704\/704
|move|p2a: Goodra|Flamethrower|p1a: Baby Blobby
|-damage|p1a: Baby Blobby|642\/704
|
|turn|41
|
|switch|p2a: Ferrothorn|Ferrothorn, F|351\/351
|switch|p1a: Mrs Blobby|Alomomola, F, shiny|529\/529
|
|turn|42
|
|switch|p2a: Beedrill|Beedrill-Mega, M|271\/271
|move|p1a: Mrs Blobby|Scald|p2a: Beedrill
|-damage|p2a: Beedrill|216\/271
|-status|p2a: Beedrill|brn
|
|-damage|p2a: Beedrill|183\/271 brn|[from] brn
|turn|43
|
|switch|p2a: Sylveon|Sylveon, F|394\/394
|move|p1a: Mrs Blobby|Wish|p1a: Mrs Blobby
|
|turn|44
|
|switch|p1a: Fuck Magnezone|Skarmory, M, shiny|213\/334
|move|p2a: Sylveon|Heal Bell|p2a: Sylveon
|-cureteam|p2a: Sylveon|[from] move: HealBell
|
|-heal|p1a: Fuck Magnezone|334\/334|[from] move: Wish|[wisher] Mrs Blobby
|turn|45
|
|switch|p2a: Tentacruel|Tentacruel, M|363\/363
|move|p1a: Fuck Magnezone|Stealth Rock|p2a: Tentacruel
|-sidestart|p2: aj112354|move: Stealth Rock
|
|turn|46
|
|switch|p1a: Baby Blobby|Chansey, F, shiny|642\/704
|move|p2a: Tentacruel|Scald|p1a: Baby Blobby
|-damage|p1a: Baby Blobby|584\/704
|-status|p1a: Baby Blobby|brn
|
|-damage|p1a: Baby Blobby|496\/704 brn|[from] brn
|turn|47
|
|switch|p1a: Mrs Blobby|Alomomola, F, shiny|529\/529
|move|p2a: Tentacruel|Rapid Spin|p1a: Mrs Blobby
|-damage|p1a: Mrs Blobby|520\/529
|-sideend|p2: aj112354|Stealth Rock|[from] move: Rapid Spin|[of] p2a: Tentacruel
|
|turn|48
|
|switch|p2a: Sylveon|Sylveon, F|394\/394
|switch|p1a: Baby Blobby|Chansey, F, shiny|496\/704
|
|turn|49
|
|switch|p1a: Mr Blobby|Amoonguss, F, shiny|432\/432
|move|p2a: Sylveon|Wish|p2a: Sylveon
|
|turn|50
|
|switch|p2a: Beedrill|Beedrill-Mega, M|183\/271
|move|p1a: Mr Blobby|Foul Play|p2a: Beedrill
|-damage|p2a: Beedrill|0 fnt
|faint|p2a: Beedrill
|
|c|âaj112354|lol
|-message|aj112354 forfeited.
|
|win|Amoongbro
|raw|Ladder updating...
|raw|Amoongbro's rating: 1793 &rarr; <strong>1802<\/strong><br \/>(+9 for winning)
|raw|aj112354's rating: 1589 &rarr; <strong>1580<\/strong><br \/>(-9 for losing)
|c|âAmoongbro|lol nothing you fell into it both times
|c|âAmoongbro|0- Atk Amoonguss Foul Play vs. 0 HP \/ 0 Def Mega Beedrill: 257-303 (94.8 - 111.8%) -- 68.8% chance to OHKO