|join|np92
|join|Amoongbro
|player|p1|np92|101
|player|p2|Amoongbro|102
|gametype|singles
|gen|6
|tier|OU
|rated
|clearpoke
|poke|p1|Charizard, M
|poke|p1|Excadrill, F
|poke|p1|Slowbro, F
|poke|p1|Ferrothorn, F
|poke|p1|Tyranitar, M
|poke|p1|Tentacruel, F
|poke|p2|Chansey, F, shiny
|poke|p2|Skarmory, M, shiny
|poke|p2|Alomomola, F, shiny
|poke|p2|Amoonguss, F, shiny
|poke|p2|Quagsire, F, shiny
|poke|p2|Sableye, M, shiny
|rule|Swagger Clause: Swagger is banned
|rule|Baton Pass Clause: Limit one PokÃ©mon knowing Baton Pass
|rule|Sleep Clause Mod: Limit one foe put to sleep
|rule|Species Clause: Limit one of each PokÃ©mon
|rule|OHKO Clause: OHKO moves are banned
|rule|Moody Clause: Moody is banned
|rule|Evasion Moves Clause: Evasion moves are banned
|rule|Endless Battle Clause: Forcing endless battles is banned
|rule|HP Percentage Mod: HP is shown in percentages
|teampreview
|
|start
|switch|p1a: Charizard|Charizard, M|297\/297
|switch|p2a: Not Mega|Sableye, M, shiny|304\/304
|turn|1
|
|switch|p2a: Baby Blobby|Chansey, F, shiny|704\/704
|detailschange|p1a: Charizard|Charizard-Mega-Y, M
|-mega|p1a: Charizard|Charizard|Charizardite Y
|-weather|SunnyDay
|move|p1a: Charizard|Fire Blast|p2a: Baby Blobby
|-damage|p2a: Baby Blobby|472\/704
|
|-weather|SunnyDay|[upkeep]
|turn|2
|
|switch|p1a: Ferrothorn|Ferrothorn, F|352\/352
|move|p2a: Baby Blobby|Soft-Boiled|p2a: Baby Blobby
|-heal|p2a: Baby Blobby|704\/704
|
|-weather|SunnyDay|[upkeep]
|turn|3
|
|switch|p2a: Fuck Magnezone|Skarmory, M, shiny|334\/334
|move|p1a: Ferrothorn|Stealth Rock|p2a: Fuck Magnezone
|-sidestart|p2: Amoongbro|move: Stealth Rock
|
|-weather|SunnyDay|[upkeep]
|turn|4
|
|switch|p1a: Charizard|Charizard-Mega-Y, M|297\/297
|move|p2a: Fuck Magnezone|Defog|p1a: Charizard
|-unboost|p1a: Charizard|evasion|1
|-sideend|p2: Amoongbro|Stealth Rock|[from] move: Defog|[of] p2a: Fuck Magnezone
|
|-weather|SunnyDay|[upkeep]
|turn|5
|
|switch|p2a: Baby Blobby|Chansey, F, shiny|704\/704
|move|p1a: Charizard|Focus Blast|p2a: Baby Blobby
|-supereffective|p2a: Baby Blobby
|-damage|p2a: Baby Blobby|480\/704
|
|-weather|none
|turn|6
|
|switch|p1a: Ferrothorn|Ferrothorn, F|352\/352
|move|p2a: Baby Blobby|Soft-Boiled|p2a: Baby Blobby
|-heal|p2a: Baby Blobby|704\/704
|
|turn|7
|
|switch|p2a: Fuck Magnezone|Skarmory, M, shiny|334\/334
|switch|p1a: Charizard|Charizard-Mega-Y, M|297\/297
|-weather|SunnyDay
|
|-weather|SunnyDay|[upkeep]
|turn|8
|
|switch|p1a: Excadrill|Excadrill, F|361\/361
|switch|p2a: Baby Blobby|Chansey, F, shiny|704\/704
|
|-weather|SunnyDay|[upkeep]
|turn|9
|
|switch|p2a: Fuck Magnezone|Skarmory, M, shiny|334\/334
|move|p1a: Excadrill|Swords Dance|p1a: Excadrill
|-boost|p1a: Excadrill|atk|2
|
|-weather|SunnyDay|[upkeep]
|turn|10
|
|switch|p2a: Uncle Blobby|Quagsire, F, shiny|394\/394
|move|p1a: Excadrill|Rock Slide|p2a: Uncle Blobby
|-resisted|p2a: Uncle Blobby
|-damage|p2a: Uncle Blobby|345\/394
|-damage|p1a: Excadrill|325\/361|[from] item: Life Orb
|
|-weather|SunnyDay|[upkeep]
|-heal|p2a: Uncle Blobby|369\/394|[from] item: Leftovers
|turn|11
|
|move|p1a: Excadrill|Earthquake|p2a: Uncle Blobby
|-crit|p2a: Uncle Blobby
|-damage|p2a: Uncle Blobby|77\/394
|-damage|p1a: Excadrill|289\/361|[from] item: Life Orb
|move|p2a: Uncle Blobby|Earthquake|p1a: Excadrill
|-supereffective|p1a: Excadrill
|-damage|p1a: Excadrill|0 fnt
|faint|p1a: Excadrill
|
|-weather|none
|-heal|p2a: Uncle Blobby|101\/394|[from] item: Leftovers
|
|switch|p1a: Tentacruel|Tentacruel, F|364\/364
|turn|12
|
|switch|p2a: Mr Blobby|Amoonguss, F, shiny|432\/432
|move|p1a: Tentacruel|Scald|p2a: Mr Blobby
|-resisted|p2a: Mr Blobby
|-damage|p2a: Mr Blobby|402\/432
|
|turn|13
|
|move|p1a: Tentacruel|Scald|p2a: Mr Blobby
|-resisted|p2a: Mr Blobby
|-damage|p2a: Mr Blobby|372\/432
|-status|p2a: Mr Blobby|brn
|move|p2a: Mr Blobby|Giga Drain|p1a: Tentacruel
|-crit|p1a: Tentacruel
|-damage|p1a: Tentacruel|264\/364
|-damage|p2a: Mr Blobby|322\/432 brn|[from] ability: Liquid Ooze|[of] p1a: Tentacruel
|
|-heal|p1a: Tentacruel|286\/364|[from] item: Black Sludge
|-damage|p2a: Mr Blobby|268\/432 brn|[from] brn
|turn|14
|
|switch|p2a: Mrs Blobby|Alomomola, F, shiny|529\/529
|move|p1a: Tentacruel|Toxic Spikes|p2a: Mrs Blobby
|-sidestart|p2: Amoongbro|move: Toxic Spikes
|
|-heal|p1a: Tentacruel|308\/364|[from] item: Black Sludge
|turn|15
|
|switch|p1a: Charizard|Charizard-Mega-Y, M|297\/297
|-weather|SunnyDay
|move|p2a: Mrs Blobby|Scald|p1a: Charizard
|-supereffective|p1a: Charizard
|-damage|p1a: Charizard|255\/297
|
|-weather|SunnyDay|[upkeep]
|turn|16
|
|switch|p1a: Ferrothorn|Ferrothorn, F|352\/352
|switch|p2a: Baby Blobby|Chansey, F, shiny|704\/704
|-status|p2a: Baby Blobby|psn
|
|-weather|SunnyDay|[upkeep]
|-damage|p2a: Baby Blobby|616\/704 psn|[from] psn
|turn|17
|
|switch|p2a: Mr Blobby|Amoonguss, F, shiny|412\/432 brn
|-sideend|p2: Amoongbro|move: Toxic Spikes|[of] p2a: Mr Blobby
|switch|p1a: Charizard|Charizard-Mega-Y, M|255\/297
|
|-weather|SunnyDay|[upkeep]
|-damage|p2a: Mr Blobby|358\/432 brn|[from] brn
|turn|18
|
|switch|p1a: Tentacruel|Tentacruel, F|308\/364
|switch|p2a: Baby Blobby|Chansey, F, shiny|616\/704
|
|-weather|SunnyDay|[upkeep]
|-heal|p1a: Tentacruel|330\/364|[from] item: Black Sludge
|turn|19
|
|switch|p2a: Not Mega|Sableye, M, shiny|304\/304
|move|p1a: Tentacruel|Toxic Spikes|p2a: Not Mega
|-sidestart|p2: Amoongbro|move: Toxic Spikes
|
|-weather|none
|-heal|p1a: Tentacruel|352\/364|[from] item: Black Sludge
|turn|20
|
|switch|p1a: Charizard|Charizard-Mega-Y, M|255\/297
|-weather|SunnyDay
|detailschange|p2a: Not Mega|Sableye-Mega, M, shiny
|-mega|p2a: Not Mega|Sableye|Sablenite
|move|p2a: Not Mega|Knock Off|p1a: Charizard
|-damage|p1a: Charizard|173\/297
|
|-weather|SunnyDay|[upkeep]
|turn|21
|
|switch|p2a: Baby Blobby|Chansey, F, shiny|616\/704
|-status|p2a: Baby Blobby|psn
|move|p1a: Charizard|Fire Blast|p2a: Baby Blobby
|-damage|p2a: Baby Blobby|367\/704 psn
|
|-weather|SunnyDay|[upkeep]
|-damage|p2a: Baby Blobby|279\/704 psn|[from] psn
|turn|22
|
|switch|p1a: Ferrothorn|Ferrothorn, F|352\/352
|move|p2a: Baby Blobby|Soft-Boiled|p2a: Baby Blobby
|-heal|p2a: Baby Blobby|631\/704 psn
|
|-weather|SunnyDay|[upkeep]
|-damage|p2a: Baby Blobby|543\/704 psn|[from] psn
|turn|23
|
|switch|p1a: Charizard|Charizard-Mega-Y, M|173\/297
|move|p2a: Baby Blobby|Heal Bell|p2a: Baby Blobby
|-cureteam|p2a: Baby Blobby|[from] move: HealBell
|
|-weather|SunnyDay|[upkeep]
|turn|24
|
|switch|p1a: Ferrothorn|Ferrothorn, F|352\/352
|move|p2a: Baby Blobby|Toxic|p1a: Ferrothorn
|-fail|p1a: Ferrothorn
|
|-weather|none
|turn|25
|
|switch|p2a: Mr Blobby|Amoonguss, F, shiny|432\/432
|-sideend|p2: Amoongbro|move: Toxic Spikes|[of] p2a: Mr Blobby
|move|p1a: Ferrothorn|Leech Seed|p2a: Mr Blobby
|-immune|p2a: Mr Blobby|[msg]
|
|turn|26
|
|switch|p2a: Not Mega|Sableye-Mega, M, shiny|304\/304
|move|p1a: Ferrothorn|Stealth Rock|p2a: Not Mega
|move|p2a: Not Mega|Stealth Rock|p1a: Ferrothorn|[from]Magic Bounce
|-sidestart|p1: np92|move: Stealth Rock
|
|turn|27
|leave|np92
|player|p1
|-message|np92 lost due to inactivity.
|
|win|Amoongbro
|raw|Ladder updating...
|raw|np92's rating: 1604 &rarr; <strong>1589<\/strong><br \/>(-15 for losing)
|raw|Amoongbro's rating: 1705 &rarr; <strong>1720<\/strong><br \/>(+15 for winning)