|join|Amoongbro
|join|Hunter42000
|player|p1|Amoongbro|169
|player|p2|Hunter42000|34
|gametype|singles
|gen|6
|tier|OU
|rated
|clearpoke
|poke|p1|Chansey, F, shiny
|poke|p1|Skarmory, F, shiny
|poke|p1|Alomomola, M, shiny
|poke|p1|Amoonguss, M, shiny
|poke|p1|Quagsire, F, shiny
|poke|p1|Sableye, F, shiny
|poke|p2|Gallade, M
|poke|p2|Bisharp, M
|poke|p2|Clefable, M
|poke|p2|Raikou
|poke|p2|Keldeo-Resolute
|poke|p2|Hippowdon, F
|rule|Swagger Clause: Swagger is banned
|rule|Baton Pass Clause: Limit one PokÃ©mon knowing Baton Pass
|rule|Sleep Clause Mod: Limit one foe put to sleep
|rule|Species Clause: Limit one of each PokÃ©mon
|rule|OHKO Clause: OHKO moves are banned
|rule|Moody Clause: Moody is banned
|rule|Evasion Moves Clause: Evasion moves are banned
|rule|Endless Battle Clause: Forcing endless battles is banned
|rule|HP Percentage Mod: HP is shown in percentages
|teampreview
|
|start
|switch|p1a: Not Mega|Sableye, F, shiny|304\/304
|switch|p2a: Clefable|Clefable, M|394\/394
|turn|1
|
|detailschange|p1a: Not Mega|Sableye-Mega, F, shiny
|-mega|p1a: Not Mega|Sableye|Sablenite
|move|p2a: Clefable|Calm Mind|p2a: Clefable
|-boost|p2a: Clefable|spa|1
|-boost|p2a: Clefable|spd|1
|move|p1a: Not Mega|Knock Off|p2a: Clefable
|-resisted|p2a: Clefable
|-damage|p2a: Clefable|343\/394
|-enditem|p2a: Clefable|Leftovers|[from] move: Knock Off|[of] p1a: Not Mega
|
|turn|2
|
|switch|p1a: Mr Blobby|Amoonguss, M, shiny|432\/432
|move|p2a: Clefable|Flamethrower|p1a: Mr Blobby
|-supereffective|p1a: Mr Blobby
|-damage|p1a: Mr Blobby|272\/432
|
|turn|3
|
|move|p2a: Clefable|Flamethrower|p1a: Mr Blobby
|-supereffective|p1a: Mr Blobby
|-damage|p1a: Mr Blobby|110\/432
|move|p1a: Mr Blobby|Clear Smog|p2a: Clefable
|-supereffective|p2a: Clefable
|-damage|p2a: Clefable|281\/394
|-clearboost|p2a: Clefable
|
|turn|4
|
|switch|p1a: Baby Blobby|Chansey, F, shiny|704\/704
|move|p2a: Clefable|Calm Mind|p2a: Clefable
|-boost|p2a: Clefable|spa|1
|-boost|p2a: Clefable|spd|1
|
|turn|5
|
|switch|p1a: Mr Blobby|Amoonguss, M, shiny|254\/432
|move|p2a: Clefable|Calm Mind|p2a: Clefable
|-boost|p2a: Clefable|spa|1
|-boost|p2a: Clefable|spd|1
|
|turn|6
|
|switch|p1a: Baby Blobby|Chansey, F, shiny|704\/704
|move|p2a: Clefable|Flamethrower|p1a: Baby Blobby
|-damage|p1a: Baby Blobby|610\/704
|-status|p1a: Baby Blobby|brn
|
|-damage|p1a: Baby Blobby|522\/704 brn|[from] brn
|turn|7
|
|switch|p1a: Mr Blobby|Amoonguss, M, shiny|398\/432
|move|p2a: Clefable|Calm Mind|p2a: Clefable
|-boost|p2a: Clefable|spa|1
|-boost|p2a: Clefable|spd|1
|
|turn|8
|
|move|p2a: Clefable|Flamethrower|p1a: Mr Blobby
|-supereffective|p1a: Mr Blobby
|-damage|p1a: Mr Blobby|142\/432
|move|p1a: Mr Blobby|Clear Smog|p2a: Clefable
|-supereffective|p2a: Clefable
|-damage|p2a: Clefable|245\/394
|-clearboost|p2a: Clefable
|
|turn|9
|
|switch|p1a: Baby Blobby|Chansey, F, shiny|522\/704
|move|p2a: Clefable|Calm Mind|p2a: Clefable
|-boost|p2a: Clefable|spa|1
|-boost|p2a: Clefable|spd|1
|
|turn|10
|
|move|p2a: Clefable|Calm Mind|p2a: Clefable
|-boost|p2a: Clefable|spa|1
|-boost|p2a: Clefable|spd|1
|move|p1a: Baby Blobby|Seismic Toss|p2a: Clefable
|-damage|p2a: Clefable|145\/394
|
|turn|11
|
|switch|p1a: Uncle Blobby|Quagsire, F, shiny|394\/394
|move|p2a: Clefable|Flamethrower|p1a: Uncle Blobby
|-resisted|p1a: Uncle Blobby
|-damage|p1a: Uncle Blobby|349\/394
|
|-heal|p1a: Uncle Blobby|373\/394|[from] item: Leftovers
|turn|12
|
|move|p2a: Clefable|Soft-Boiled|p2a: Clefable
|-heal|p2a: Clefable|342\/394
|move|p1a: Uncle Blobby|Earthquake|p2a: Clefable
|-damage|p2a: Clefable|224\/394
|
|-heal|p1a: Uncle Blobby|394\/394|[from] item: Leftovers
|turn|13
|
|move|p2a: Clefable|Calm Mind|p2a: Clefable
|-boost|p2a: Clefable|spa|1
|-boost|p2a: Clefable|spd|1
|move|p1a: Uncle Blobby|Earthquake|p2a: Clefable
|-damage|p2a: Clefable|107\/394
|
|turn|14
|
|move|p2a: Clefable|Soft-Boiled|p2a: Clefable
|-heal|p2a: Clefable|304\/394
|move|p1a: Uncle Blobby|Haze|p1a: Uncle Blobby
|-clearallboost
|
|turn|15
|
|move|p2a: Clefable|Moonblast|p1a: Uncle Blobby
|-damage|p1a: Uncle Blobby|238\/394
|move|p1a: Uncle Blobby|Earthquake|p2a: Clefable
|-damage|p2a: Clefable|192\/394
|
|-heal|p1a: Uncle Blobby|262\/394|[from] item: Leftovers
|turn|16
|
|move|p2a: Clefable|Soft-Boiled|p2a: Clefable
|-heal|p2a: Clefable|389\/394
|move|p1a: Uncle Blobby|Recover|p1a: Uncle Blobby
|-heal|p1a: Uncle Blobby|394\/394
|
|turn|17
|
|move|p2a: Clefable|Calm Mind|p2a: Clefable
|-boost|p2a: Clefable|spa|1
|-boost|p2a: Clefable|spd|1
|move|p1a: Uncle Blobby|Earthquake|p2a: Clefable
|-damage|p2a: Clefable|274\/394
|
|turn|18
|
|move|p2a: Clefable|Moonblast|p1a: Uncle Blobby
|-damage|p1a: Uncle Blobby|255\/394
|-unboost|p1a: Uncle Blobby|spa|1
|move|p1a: Uncle Blobby|Earthquake|p2a: Clefable
|-damage|p2a: Clefable|169\/394
|
|-heal|p1a: Uncle Blobby|279\/394|[from] item: Leftovers
|turn|19
|
|move|p2a: Clefable|Soft-Boiled|p2a: Clefable
|-heal|p2a: Clefable|366\/394
|move|p1a: Uncle Blobby|Recover|p1a: Uncle Blobby
|-heal|p1a: Uncle Blobby|394\/394
|
|turn|20
|c|âAmoongbro|are you fucked in the head or something?
|
|move|p2a: Clefable|Calm Mind|p2a: Clefable
|-boost|p2a: Clefable|spa|1
|-boost|p2a: Clefable|spd|1
|move|p1a: Uncle Blobby|Haze|p1a: Uncle Blobby
|-clearallboost
|
|turn|21
|
|move|p2a: Clefable|Moonblast|p1a: Uncle Blobby
|-crit|p1a: Uncle Blobby
|-damage|p1a: Uncle Blobby|157\/394
|move|p1a: Uncle Blobby|Haze|p1a: Uncle Blobby
|-clearallboost
|
|-heal|p1a: Uncle Blobby|181\/394|[from] item: Leftovers
|turn|22
|
|move|p2a: Clefable|Moonblast|p1a: Uncle Blobby
|-damage|p1a: Uncle Blobby|43\/394
|move|p1a: Uncle Blobby|Recover|p1a: Uncle Blobby
|-heal|p1a: Uncle Blobby|240\/394
|
|-heal|p1a: Uncle Blobby|264\/394|[from] item: Leftovers
|turn|23
|
|move|p2a: Clefable|Moonblast|p1a: Uncle Blobby
|-damage|p1a: Uncle Blobby|107\/394
|-unboost|p1a: Uncle Blobby|spa|1
|move|p1a: Uncle Blobby|Recover|p1a: Uncle Blobby
|-heal|p1a: Uncle Blobby|304\/394
|
|-heal|p1a: Uncle Blobby|328\/394|[from] item: Leftovers
|turn|24
|
|switch|p1a: Mrs Blobby|Alomomola, M, shiny|529\/529
|move|p2a: Clefable|Moonblast|p1a: Mrs Blobby
|-damage|p1a: Mrs Blobby|337\/529
|
|-heal|p1a: Mrs Blobby|370\/529|[from] item: Leftovers
|turn|25
|
|switch|p1a: Mr Blobby|Amoonguss, M, shiny|286\/432
|move|p2a: Clefable|Calm Mind|p2a: Clefable
|-boost|p2a: Clefable|spa|1
|-boost|p2a: Clefable|spd|1
|
|turn|26
|c|âAmoongbro|worst player ive come across in years
|
|switch|p1a: Baby Blobby|Chansey, F, shiny|522\/704
|move|p2a: Clefable|Flamethrower|p1a: Baby Blobby
|-damage|p1a: Baby Blobby|459\/704
|
|turn|27
|
|move|p2a: Clefable|Moonblast|p1a: Baby Blobby
|-damage|p1a: Baby Blobby|351\/704
|move|p1a: Baby Blobby|Soft-Boiled|p1a: Baby Blobby
|-heal|p1a: Baby Blobby|703\/704
|
|turn|28
|
|move|p2a: Clefable|Calm Mind|p2a: Clefable
|-boost|p2a: Clefable|spa|1
|-boost|p2a: Clefable|spd|1
|move|p1a: Baby Blobby|Seismic Toss|p2a: Clefable
|-damage|p2a: Clefable|266\/394
|
|turn|29
|
|move|p2a: Clefable|Moonblast|p1a: Baby Blobby
|-damage|p1a: Baby Blobby|558\/704
|move|p1a: Baby Blobby|Seismic Toss|p2a: Clefable
|-damage|p2a: Clefable|166\/394
|
|turn|30
|
|move|p2a: Clefable|Calm Mind|p2a: Clefable
|-boost|p2a: Clefable|spa|1
|-boost|p2a: Clefable|spd|1
|move|p1a: Baby Blobby|Seismic Toss|p2a: Clefable
|-damage|p2a: Clefable|66\/394
|
|turn|31
|
|switch|p1a: Uncle Blobby|Quagsire, F, shiny|328\/394
|move|p2a: Clefable|Soft-Boiled|p2a: Clefable
|-heal|p2a: Clefable|263\/394
|
|-heal|p1a: Uncle Blobby|352\/394|[from] item: Leftovers
|turn|32
|
|move|p2a: Clefable|Moonblast|p1a: Uncle Blobby
|-damage|p1a: Uncle Blobby|207\/394
|move|p1a: Uncle Blobby|Haze|p1a: Uncle Blobby
|-clearallboost
|
|-heal|p1a: Uncle Blobby|231\/394|[from] item: Leftovers
|turn|33
|c|âAmoongbro|this is just sheer retardedness
|
|move|p2a: Clefable|Moonblast|p1a: Uncle Blobby
|-damage|p1a: Uncle Blobby|89\/394
|move|p1a: Uncle Blobby|Recover|p1a: Uncle Blobby
|-heal|p1a: Uncle Blobby|286\/394
|
|-heal|p1a: Uncle Blobby|310\/394|[from] item: Leftovers
|turn|34
|
|switch|p1a: Mrs Blobby|Alomomola, M, shiny|529\/529
|move|p2a: Clefable|Moonblast|p1a: Mrs Blobby
|-damage|p1a: Mrs Blobby|346\/529
|-unboost|p1a: Mrs Blobby|spa|1
|
|-heal|p1a: Mrs Blobby|379\/529|[from] item: Leftovers
|turn|35
|c|âAmoongbro|w\/e be a tard
|
|switch|p2a: Gallade|Gallade, M|277\/277
|move|p1a: Mrs Blobby|Wish|p1a: Mrs Blobby
|
|-heal|p1a: Mrs Blobby|412\/529|[from] item: Leftovers
|turn|36
|
|detailschange|p2a: Gallade|Gallade-Mega, M
|-mega|p2a: Gallade|Gallade|Galladite
|move|p2a: Gallade|Swords Dance|p2a: Gallade
|-boost|p2a: Gallade|atk|2
|move|p1a: Mrs Blobby|Toxic|p2a: Gallade
|-status|p2a: Gallade|tox
|
|-heal|p1a: Mrs Blobby|529\/529|[from] move: Wish|[wisher] Mrs Blobby
|-damage|p2a: Gallade|260\/277 tox|[from] psn
|turn|37
|c|âAmoongbro|ok now i see....everything boosts
|c|âAmoongbro|sigh
|
|move|p2a: Gallade|Leaf Blade|p1a: Mrs Blobby
|-crit|p1a: Mrs Blobby
|-supereffective|p1a: Mrs Blobby
|-damage|p1a: Mrs Blobby|0 fnt
|faint|p1a: Mrs Blobby
|
|-damage|p2a: Gallade|226\/277 tox|[from] psn
|c|âHunter42000|:')
|c|âAmoongbro|sigh
|c|âAmoongbro|youre a noob
|c|âHunter42000|thx
|
|switch|p1a: Fuck Magnezone|Skarmory, F, shiny|334\/334
|turn|38
|c|âAmoongbro|spent 30 turns trying to fucking sweep with clef
|c|âAmoongbro|that kill was a pure fluke
|
|switch|p2a: Keldeo-Resolute|Keldeo-Resolute|334\/334
|move|p1a: Fuck Magnezone|Brave Bird|p2a: Keldeo-Resolute
|-supereffective|p2a: Keldeo-Resolute
|-damage|p2a: Keldeo-Resolute|64\/334
|-damage|p1a: Fuck Magnezone|245\/334|[from] recoil|[of] p2a: Keldeo-Resolute
|
|turn|39
|c|âAmoongbro|all you do is go for the SE attack on whats out
|
|switch|p2a: Bisharp|Bisharp, M|289\/289
|switch|p1a: Mr Blobby|Amoonguss, M, shiny|430\/432
|
|turn|40
|c|âAmoongbro|swords dance ofc
|
|switch|p1a: Not Mega|Sableye-Mega, F, shiny|304\/304
|move|p2a: Bisharp|Knock Off|p1a: Not Mega
|-damage|p1a: Not Mega|201\/304
|-damage|p2a: Bisharp|261\/289|[from] item: Life Orb
|
|turn|41
|
|switch|p2a: Clefable|Clefable, M|263\/394
|move|p1a: Not Mega|Recover|p1a: Not Mega
|-heal|p1a: Not Mega|304\/304
|
|turn|42
|
|switch|p2a: Bisharp|Bisharp, M|261\/289
|switch|p1a: Baby Blobby|Chansey, F, shiny|558\/704
|
|turn|43
|
|switch|p1a: Not Mega|Sableye-Mega, F, shiny|304\/304
|move|p2a: Bisharp|Swords Dance|p2a: Bisharp
|-boost|p2a: Bisharp|atk|2
|
|turn|44
|
|move|p2a: Bisharp|Iron Head|p1a: Not Mega
|-damage|p1a: Not Mega|66\/304
|-damage|p2a: Bisharp|233\/289|[from] item: Life Orb
|move|p1a: Not Mega|Will-O-Wisp|p2a: Bisharp
|-status|p2a: Bisharp|brn
|
|-damage|p2a: Bisharp|197\/289 brn|[from] brn
|turn|45
|
|switch|p1a: Uncle Blobby|Quagsire, F, shiny|310\/394
|move|p2a: Bisharp|Knock Off|p1a: Uncle Blobby
|-damage|p1a: Uncle Blobby|213\/394
|-enditem|p1a: Uncle Blobby|Leftovers|[from] move: Knock Off|[of] p2a: Bisharp
|-damage|p2a: Bisharp|169\/289 brn|[from] item: Life Orb
|
|-damage|p2a: Bisharp|133\/289 brn|[from] brn
|turn|46
|
|switch|p2a: Keldeo-Resolute|Keldeo-Resolute|64\/334
|move|p1a: Uncle Blobby|Recover|p1a: Uncle Blobby
|-heal|p1a: Uncle Blobby|394\/394
|
|turn|47
|
|switch|p2a: Gallade|Gallade-Mega, M|226\/277 tox
|switch|p1a: Mr Blobby|Amoonguss, M, shiny|432\/432
|
|-damage|p2a: Gallade|209\/277 tox|[from] psn
|turn|48
|
|move|p2a: Gallade|Swords Dance|p2a: Gallade
|-boost|p2a: Gallade|atk|2
|move|p1a: Mr Blobby|Foul Play|p2a: Gallade
|-damage|p2a: Gallade|0 fnt
|faint|p2a: Gallade
|
|-message|Hunter42000 forfeited.
|leave|Hunter42000
|c|âAmoongbro|psycho cut doesnt kill without a boost. learn how to play
|
|win|Amoongbro
|raw|Ladder updating...
|player|p2
|c|âAmoongbro|typical raging noob
|raw|Amoongbro's rating: 1732 &rarr; <strong>1749<\/strong><br \/>(+17 for winning)
|raw|Hunter42000's rating: 1676 &rarr; <strong>1659<\/strong><br \/>(-17 for losing)
|c|âAmoongbro|only attacks whats in front of them with SE attacks