|join|estralita
|join|Amoongbro
|player|p1|estralita|272
|player|p2|Amoongbro|1
|gametype|singles
|gen|6
|tier|OU
|rated
|clearpoke
|poke|p1|Sylveon, F
|poke|p1|Metagross
|poke|p1|Garchomp, F
|poke|p1|Breloom, F
|poke|p1|Heatran, F
|poke|p1|Latias, F
|poke|p2|Chansey, F
|poke|p2|Skarmory, F
|poke|p2|Alomomola, F
|poke|p2|Amoonguss, F
|poke|p2|Quagsire, M
|poke|p2|Sableye, F
|rule|Swagger Clause: Swagger is banned
|rule|Baton Pass Clause: Limit one PokÃ©mon knowing Baton Pass
|rule|Sleep Clause Mod: Limit one foe put to sleep
|rule|Species Clause: Limit one of each PokÃ©mon
|rule|OHKO Clause: OHKO moves are banned
|rule|Moody Clause: Moody is banned
|rule|Evasion Moves Clause: Evasion moves are banned
|rule|Endless Battle Clause: Forcing endless battles is banned
|rule|HP Percentage Mod: HP is shown in percentages
|teampreview
|c|âestralita|gl hf
|
|start
|switch|p1a: Sylvia|Sylveon, F|393\/393
|switch|p2a: Not Mega|Sableye, F|304\/304
|turn|1
|
|switch|p2a: Baby Blobby|Chansey, F|704\/704
|move|p1a: Sylvia|Hyper Voice|p2a: Baby Blobby
|-damage|p2a: Baby Blobby|503\/704
|
|turn|2
|
|switch|p1a: Meda|Metagross|301\/301
|move|p2a: Baby Blobby|Soft-Boiled|p2a: Baby Blobby
|-heal|p2a: Baby Blobby|704\/704
|
|turn|3
|c|âAmoongbro|specs sylveon
|c|âestralita|and?
|
|switch|p2a: Mrs Blobby|Alomomola, F|529\/529
|detailschange|p1a: Meda|Metagross-Mega
|-mega|p1a: Meda|Metagross|Metagrossite
|move|p1a: Meda|Meteor Mash|p2a: Mrs Blobby
|-resisted|p2a: Mrs Blobby
|-damage|p2a: Mrs Blobby|427\/529
|
|-heal|p2a: Mrs Blobby|460\/529|[from] item: Leftovers
|turn|4
|
|move|p1a: Meda|Zen Headbutt|p2a: Mrs Blobby
|-damage|p2a: Mrs Blobby|276\/529
|move|p2a: Mrs Blobby|Wish|p2a: Mrs Blobby
|
|-heal|p2a: Mrs Blobby|309\/529|[from] item: Leftovers
|turn|5
|
|switch|p1a: Louisa|Breloom, F|261\/261
|switch|p2a: Not Mega|Sableye, F|304\/304
|
|turn|6
|
|switch|p1a: Helen|Heatran, F|326\/326
|-item|p1a: Helen|Air Balloon
|move|p2a: Not Mega|Will-O-Wisp|p1a: Helen
|-start|p1a: Helen|ability: Flash Fire
|
|turn|7
|
|switch|p2a: Baby Blobby|Chansey, F|704\/704
|move|p1a: Helen|Flamethrower|p2a: Baby Blobby
|-damage|p2a: Baby Blobby|556\/704
|
|turn|8
|
|switch|p1a: Georgiana|Garchomp, F|357\/357
|move|p2a: Baby Blobby|Seismic Toss|p1a: Georgiana
|-damage|p1a: Georgiana|257\/357
|-damage|p2a: Baby Blobby|468\/704|[from] ability: Rough Skin|[of] p1a: Georgiana
|-damage|p2a: Baby Blobby|351\/704|[from] item: Rocky Helmet|[of] p1a: Georgiana
|
|turn|9
|
|switch|p2a: Mrs Blobby|Alomomola, F|485\/529
|move|p1a: Georgiana|Earthquake|p2a: Mrs Blobby
|-damage|p2a: Mrs Blobby|329\/529
|
|-heal|p2a: Mrs Blobby|362\/529|[from] item: Leftovers
|turn|10
|
|switch|p1a: Louisa|Breloom, F|261\/261
|move|p2a: Mrs Blobby|Wish|p2a: Mrs Blobby
|
|-heal|p2a: Mrs Blobby|395\/529|[from] item: Leftovers
|turn|11
|
|switch|p2a: Not Mega|Sableye, F|304\/304
|move|p1a: Louisa|Bullet Seed|p2a: Not Mega
|-damage|p2a: Not Mega|230\/304
|-damage|p2a: Not Mega|155\/304
|-damage|p2a: Not Mega|84\/304
|-damage|p2a: Not Mega|9\/304
|-damage|p2a: Not Mega|0 fnt
|-hitcount|p2a: Not Mega|5
|-damage|p1a: Louisa|235\/261|[from] item: Life Orb
|faint|p2a: Not Mega
|
|c|âAmoongbro|sigh
|c|âAmoongbro|ultimate noob
|
|switch|p2a: Mr Blobby|Amoonguss, F|432\/432
|turn|12
|
|switch|p1a: Helen|Heatran, F|326\/326
|-item|p1a: Helen|Air Balloon
|move|p2a: Mr Blobby|Foul Play|p1a: Helen
|-damage|p1a: Helen|269\/326
|-enditem|p1a: Helen|Air Balloon
|
|turn|13
|c|âAmoongbro|choice band breloom too eh?
|c|âestralita|no
|
|switch|p2a: Baby Blobby|Chansey, F|351\/704
|move|p1a: Helen|Flamethrower|p2a: Baby Blobby
|-damage|p2a: Baby Blobby|243\/704
|
|turn|14
|c|âAmoongbro|5 hit fluker
|c|âAmoongbro|how the fuck were each of those doing so much then
|
|move|p2a: Baby Blobby|Soft-Boiled|p2a: Baby Blobby
|-heal|p2a: Baby Blobby|595\/704
|move|p1a: Helen|Roar|p2a: Baby Blobby
|drag|p2a: Fuck Magnezone|Skarmory, F|334\/334
|
|turn|15
|c|âestralita|maybe you should pay more attention
|c|âAmoongbro|shut up
|c|âAmoongbro|ive calced it on a non mega sableye you tard
|
|switch|p1a: Georgiana|Garchomp, F|257\/357
|switch|p2a: Baby Blobby|Chansey, F|595\/704
|
|turn|16
|c|âAmoongbro|thats never happened before
|c|âAmoongbro|everythings banded
|
|switch|p2a: Mrs Blobby|Alomomola, F|529\/529
|move|p1a: Georgiana|Stealth Rock|p2a: Mrs Blobby
|-sidestart|p2: Amoongbro|move: Stealth Rock
|
|turn|17
|c|âAmoongbro|thats what it is
|
|switch|p1a: Anya|Latias, F|319\/319
|switch|p2a: Fuck Magnezone|Skarmory, F|334\/334
|-damage|p2a: Fuck Magnezone|293\/334|[from] Stealth Rock
|
|turn|18
|c|âAmoongbro|im actually sick of every match i get into its full of hazard noobs
|c|âAmoongbro|desperate fucks that cant win unless hazards are up
|c|âAmoongbro|its depressing as fuck
|
|switch|p2a: Baby Blobby|Chansey, F|595\/704
|-damage|p2a: Baby Blobby|507\/704|[from] Stealth Rock
|move|p1a: Anya|Thunderbolt|p2a: Baby Blobby
|-damage|p2a: Baby Blobby|432\/704
|-status|p2a: Baby Blobby|par
|-damage|p1a: Anya|288\/319|[from] item: Life Orb
|
|turn|19
|
|switch|p1a: Louisa|Breloom, F|235\/261
|move|p2a: Baby Blobby|Soft-Boiled|p2a: Baby Blobby
|-heal|p2a: Baby Blobby|704\/704 par
|
|turn|20
|
|switch|p2a: Mr Blobby|Amoonguss, F|432\/432
|-damage|p2a: Mr Blobby|378\/432|[from] Stealth Rock
|move|p1a: Louisa|Rock Tomb|p2a: Mr Blobby
|-damage|p2a: Mr Blobby|244\/432
|-unboost|p2a: Mr Blobby|spe|1
|-damage|p1a: Louisa|209\/261|[from] item: Life Orb
|
|turn|21
|
|switch|p1a: Meda|Metagross-Mega|301\/301
|move|p2a: Mr Blobby|Clear Smog|p1a: Meda
|-immune|p1a: Meda|[msg]
|
|turn|22
|
|switch|p2a: Fuck Magnezone|Skarmory, F|293\/334
|-damage|p2a: Fuck Magnezone|252\/334|[from] Stealth Rock
|move|p1a: Meda|Zen Headbutt|p2a: Fuck Magnezone
|-resisted|p2a: Fuck Magnezone
|-damage|p2a: Fuck Magnezone|189\/334
|
|turn|23
|
|move|p1a: Meda|Hammer Arm|p2a: Fuck Magnezone
|-damage|p2a: Fuck Magnezone|92\/334
|-unboost|p1a: Meda|spe|1
|move|p2a: Fuck Magnezone|Stealth Rock|p1a: Meda
|-sidestart|p1: estralita|move: Stealth Rock
|
|turn|24
|
|switch|p2a: Mrs Blobby|Alomomola, F|529\/529
|-damage|p2a: Mrs Blobby|463\/529|[from] Stealth Rock
|move|p1a: Meda|Hammer Arm|p2a: Mrs Blobby
|-damage|p2a: Mrs Blobby|329\/529
|-unboost|p1a: Meda|spe|1
|
|-heal|p2a: Mrs Blobby|362\/529|[from] item: Leftovers
|turn|25
|
|switch|p1a: Anya|Latias, F|288\/319
|-damage|p1a: Anya|249\/319|[from] Stealth Rock
|move|p2a: Mrs Blobby|Toxic|p1a: Anya|[miss]
|-miss|p2a: Mrs Blobby|p1a: Anya
|
|-heal|p2a: Mrs Blobby|395\/529|[from] item: Leftovers
|turn|26
|c|âAmoongbro|fuck off
|c|âAmoongbro|you fucking noob
|c|âAmoongbro|ofc
|c|âAmoongbro|you fucking avoid it when i make a play
|
|switch|p2a: Baby Blobby|Chansey, F|704\/704
|-damage|p2a: Baby Blobby|616\/704|[from] Stealth Rock
|move|p1a: Anya|Draco Meteor|p2a: Baby Blobby
|-damage|p2a: Baby Blobby|467\/704
|-unboost|p1a: Anya|spa|2
|-damage|p1a: Anya|218\/319|[from] item: Life Orb
|
|turn|27
|c|âestralita|clearly, I controlled that miss, so you should be yelling at me
|c|âAmoongbro|fuck off
|c|âAmoongbro|kill yourself
|
|move|p1a: Anya|Defog|p2a: Baby Blobby
|-unboost|p2a: Baby Blobby|evasion|1
|-sideend|p2: Amoongbro|Stealth Rock|[from] move: Defog|[of] p2a: Baby Blobby
|-sideend|p1: estralita|Stealth Rock|[from] move: Defog|[of] p1a: Anya
|move|p2a: Baby Blobby|Soft-Boiled|p2a: Baby Blobby
|-heal|p2a: Baby Blobby|704\/704
|
|turn|28
|
|switch|p1a: Georgiana|Garchomp, F|257\/357
|switch|p2a: Mrs Blobby|Alomomola, F|529\/529
|
|turn|29
|c|âAmoongbro|hazrd noob
|c|âAmoongbro|fuck you
|c|âAmoongbro|hazrd noob
|c|âAmoongbro|hazrd noob
|c|âAmoongbro|hazrd noob
|c|âAmoongbro|hazrd noob
|c|âAmoongbro|hazrd noob
|c|âAmoongbro|hazrd noob
|c|âAmoongbro|hazrd noob
|c|âestralita|cause you clearly don't use hazards
|c|âAmoongbro|hazrd noob
|c|âAmoongbro|hazrd noob
|c|âAmoongbro|i used it once to even things up
|
|switch|p2a: Fuck Magnezone|Skarmory, F|92\/334
|move|p1a: Georgiana|Stealth Rock|p2a: Fuck Magnezone
|-sidestart|p2: Amoongbro|move: Stealth Rock
|
|turn|30
|c|âAmoongbro|i dont desperate try to put them up every fucking tufrn
|
|move|p1a: Georgiana|Fire Blast|p2a: Fuck Magnezone
|-supereffective|p2a: Fuck Magnezone
|-damage|p2a: Fuck Magnezone|0 fnt
|faint|p2a: Fuck Magnezone
|
|c|âAmoongbro|gg you fucking hazard noob
|c|âAmoongbro|cant fucking win any matches without rocks
|c|âAmoongbro|seriously just stab yourself in the face
|
|switch|p2a: Mrs Blobby|Alomomola, F|529\/529
|-damage|p2a: Mrs Blobby|463\/529|[from] Stealth Rock
|turn|31
|c|âAmoongbro|slug
|c|âAmoongbro|fucking oxygen stealing cunt
|
|switch|p1a: Sylvia|Sylveon, F|393\/393
|move|p2a: Mrs Blobby|Scald|p1a: Sylvia
|-damage|p1a: Sylvia|356\/393
|
|-heal|p2a: Mrs Blobby|496\/529|[from] item: Leftovers
|turn|32
|
|switch|p2a: Baby Blobby|Chansey, F|704\/704
|-damage|p2a: Baby Blobby|616\/704|[from] Stealth Rock
|move|p1a: Sylvia|Psyshock|p2a: Baby Blobby
|-damage|p2a: Baby Blobby|431\/704
|
|turn|33
|
|switch|p1a: Georgiana|Garchomp, F|257\/357
|move|p2a: Baby Blobby|Soft-Boiled|p2a: Baby Blobby
|-heal|p2a: Baby Blobby|704\/704
|
|turn|34
|c|âAmoongbro|desperate hazard noob
|c|âAmoongbro|desperate hazard noob
|c|âAmoongbro|desperate hazard noob
|c|âAmoongbro|desperate hazard noob
|c|âAmoongbro|desperate hazard noob
|c|âAmoongbro|desperate hazard noob
|c|âAmoongbro|desperate hazard noob
|c|âAmoongbro|desperate hazard noob
|
|switch|p2a: Mrs Blobby|Alomomola, F|529\/529
|-damage|p2a: Mrs Blobby|463\/529|[from] Stealth Rock
|move|p1a: Georgiana|Earthquake|p2a: Mrs Blobby
|-damage|p2a: Mrs Blobby|327\/529
|
|-heal|p2a: Mrs Blobby|360\/529|[from] item: Leftovers
|turn|35
|c|âAmoongbro|do you ever play a game where you dont fucking get carried by hazards
|
|switch|p1a: Meda|Metagross-Mega|301\/301
|move|p2a: Mrs Blobby|Toxic|p1a: Meda
|-fail|p1a: Meda
|
|-heal|p2a: Mrs Blobby|393\/529|[from] item: Leftovers
|turn|36
|
|move|p1a: Meda|Zen Headbutt|p2a: Mrs Blobby
|-damage|p2a: Mrs Blobby|221\/529
|move|p2a: Mrs Blobby|Wish|p2a: Mrs Blobby
|
|-heal|p2a: Mrs Blobby|254\/529|[from] item: Leftovers
|turn|37
|
|move|p1a: Meda|Zen Headbutt|p2a: Mrs Blobby
|-damage|p2a: Mrs Blobby|80\/529
|move|p2a: Mrs Blobby|Toxic|p1a: Meda
|-fail|p1a: Meda
|
|-heal|p2a: Mrs Blobby|344\/529|[from] move: Wish|[wisher] Mrs Blobby
|-heal|p2a: Mrs Blobby|377\/529|[from] item: Leftovers
|turn|38
|
|move|p1a: Meda|Zen Headbutt|p2a: Mrs Blobby
|-damage|p2a: Mrs Blobby|197\/529
|move|p2a: Mrs Blobby|Wish|p2a: Mrs Blobby
|
|-heal|p2a: Mrs Blobby|230\/529|[from] item: Leftovers
|turn|39
|c|âAmoongbro|fucking flinch noob
|c|âAmoongbro|hax noob
|c|âAmoongbro|hax noob
|c|âAmoongbro|hax noob
|c|âAmoongbro|hax noob
|
|move|p2a: Mrs Blobby|Protect|p2a: Mrs Blobby
|-singleturn|p2a: Mrs Blobby|Protect
|move|p1a: Meda|Hammer Arm|p2a: Mrs Blobby
|-activate|p2a: Mrs Blobby|Protect
|
|-heal|p2a: Mrs Blobby|494\/529|[from] move: Wish|[wisher] Mrs Blobby
|-heal|p2a: Mrs Blobby|527\/529|[from] item: Leftovers
|turn|40
|c|âAmoongbro|hax noob
|c|âAmoongbro|hax noob
|
|switch|p1a: Anya|Latias, F|218\/319
|move|p2a: Mrs Blobby|Scald|p1a: Anya
|-resisted|p1a: Anya
|-damage|p1a: Anya|200\/319
|
|-heal|p2a: Mrs Blobby|529\/529|[from] item: Leftovers
|turn|41
|c|âAmoongbro|un fucking believable
|
|switch|p2a: Baby Blobby|Chansey, F|704\/704
|-damage|p2a: Baby Blobby|616\/704|[from] Stealth Rock
|move|p1a: Anya|Thunderbolt|p2a: Baby Blobby
|-damage|p2a: Baby Blobby|537\/704
|-damage|p1a: Anya|169\/319|[from] item: Life Orb
|
|turn|42
|c|âAmoongbro|this mon should be toxiced you fucking bell end
|
|switch|p1a: Georgiana|Garchomp, F|257\/357
|move|p2a: Baby Blobby|Soft-Boiled|p2a: Baby Blobby
|-heal|p2a: Baby Blobby|704\/704
|
|turn|43
|c|âAmoongbro|fucking piece of shit hazard noob
|
|switch|p2a: Mrs Blobby|Alomomola, F|529\/529
|-damage|p2a: Mrs Blobby|463\/529|[from] Stealth Rock
|move|p1a: Georgiana|Outrage|p2a: Mrs Blobby
|-damage|p2a: Mrs Blobby|273\/529
|
|-heal|p2a: Mrs Blobby|306\/529|[from] item: Leftovers
|turn|44
|
|move|p2a: Mrs Blobby|Protect|p2a: Mrs Blobby
|-singleturn|p2a: Mrs Blobby|Protect
|move|p1a: Georgiana|Outrage|p2a: Mrs Blobby
|-activate|p2a: Mrs Blobby|Protect
|
|-end|p1a: Georgiana|rampage
|-start|p1a: Georgiana|confusion
|-heal|p2a: Mrs Blobby|339\/529|[from] item: Leftovers
|turn|45
|
|switch|p1a: Sylvia|Sylveon, F|356\/393
|move|p2a: Mrs Blobby|Wish|p2a: Mrs Blobby
|
|-heal|p2a: Mrs Blobby|372\/529|[from] item: Leftovers
|turn|46
|
|switch|p2a: Baby Blobby|Chansey, F|704\/704
|-damage|p2a: Baby Blobby|616\/704|[from] Stealth Rock
|move|p1a: Sylvia|Baton Pass|p1a: Sylvia
|c|âAmoongbro|wtf
|c|âAmoongbro|sigh
|
|switch|p1a: Louisa|Breloom, F|209\/261
|
|-heal|p2a: Baby Blobby|704\/704|[from] move: Wish|[wisher] Mrs Blobby
|turn|47
|
|switch|p2a: Mr Blobby|Amoonguss, F|388\/432
|-damage|p2a: Mr Blobby|334\/432|[from] Stealth Rock
|move|p1a: Louisa|Bullet Seed|p2a: Mr Blobby
|-resisted|p2a: Mr Blobby
|-damage|p2a: Mr Blobby|316\/432
|-resisted|p2a: Mr Blobby
|-damage|p2a: Mr Blobby|295\/432
|-hitcount|p2a: Mr Blobby|2
|-damage|p1a: Louisa|183\/261|[from] item: Life Orb
|
|turn|48
|
|switch|p1a: Helen|Heatran, F|269\/326
|move|p2a: Mr Blobby|Foul Play|p1a: Helen
|-damage|p1a: Helen|213\/326
|
|turn|49
|c|âAmoongbro|choice
|c|âAmoongbro|again
|
|switch|p2a: Baby Blobby|Chansey, F|704\/704
|-damage|p2a: Baby Blobby|616\/704|[from] Stealth Rock
|move|p1a: Helen|Roar|p2a: Baby Blobby
|drag|p2a: Mr Blobby|Amoonguss, F|432\/432
|-damage|p2a: Mr Blobby|378\/432|[from] Stealth Rock
|
|turn|50
|
|switch|p2a: Baby Blobby|Chansey, F|616\/704
|-damage|p2a: Baby Blobby|528\/704|[from] Stealth Rock
|move|p1a: Helen|Flamethrower|p2a: Baby Blobby
|-damage|p2a: Baby Blobby|420\/704
|
|turn|51
|c|âAmoongbro|piece of shit
|c|âAmoongbro|aids fuck
|c|âAmoongbro|hazard noob
|c|âAmoongbro|try and win a game without hazards for once in your measly pathetic slug existence
|
|move|p2a: Baby Blobby|Soft-Boiled|p2a: Baby Blobby
|-heal|p2a: Baby Blobby|704\/704
|move|p1a: Helen|Roar|p2a: Baby Blobby
|drag|p2a: Mrs Blobby|Alomomola, F|529\/529
|-damage|p2a: Mrs Blobby|463\/529|[from] Stealth Rock
|
|-heal|p2a: Mrs Blobby|496\/529|[from] item: Leftovers
|turn|52
|
|switch|p1a: Sylvia|Sylveon, F|356\/393
|move|p2a: Mrs Blobby|Scald|p1a: Sylvia
|-damage|p1a: Sylvia|317\/393
|
|-heal|p2a: Mrs Blobby|529\/529|[from] item: Leftovers
|turn|53
|
|switch|p2a: Baby Blobby|Chansey, F|704\/704
|-damage|p2a: Baby Blobby|616\/704|[from] Stealth Rock
|move|p1a: Sylvia|Hyper Voice|p2a: Baby Blobby
|-damage|p2a: Baby Blobby|406\/704
|
|turn|54
|
|switch|p1a: Meda|Metagross-Mega|301\/301
|move|p2a: Baby Blobby|Soft-Boiled|p2a: Baby Blobby
|-heal|p2a: Baby Blobby|704\/704
|
|turn|55
|
|switch|p2a: Mrs Blobby|Alomomola, F|529\/529
|-damage|p2a: Mrs Blobby|463\/529|[from] Stealth Rock
|move|p1a: Meda|Zen Headbutt|p2a: Mrs Blobby
|-damage|p2a: Mrs Blobby|283\/529
|
|-heal|p2a: Mrs Blobby|316\/529|[from] item: Leftovers
|turn|56
|c|âAmoongbro|rocks noob
|c|âAmoongbro|rocks noob
|c|âAmoongbro|rocks noob
|c|âAmoongbro|rocks noob
|c|âAmoongbro|rocks noob
|c|âAmoongbro|rocks noob
|c|âAmoongbro|rocks noob
|
|switch|p1a: Sylvia|Sylveon, F|317\/393
|move|p2a: Mrs Blobby|Wish|p2a: Mrs Blobby
|
|-heal|p2a: Mrs Blobby|349\/529|[from] item: Leftovers
|turn|57
|
|switch|p2a: Baby Blobby|Chansey, F|704\/704
|-damage|p2a: Baby Blobby|616\/704|[from] Stealth Rock
|move|p1a: Sylvia|Baton Pass|p1a: Sylvia
|c|âAmoongbro|i hope you fucking die of cancer
|c|âAmoongbro|and your whole family
|
|switch|p1a: Meda|Metagross-Mega|301\/301
|
|-heal|p2a: Baby Blobby|704\/704|[from] move: Wish|[wisher] Mrs Blobby
|turn|58
|
|switch|p2a: Mrs Blobby|Alomomola, F|525\/529
|-damage|p2a: Mrs Blobby|459\/529|[from] Stealth Rock
|move|p1a: Meda|Hammer Arm|p2a: Mrs Blobby|[miss]
|-miss|p1a: Meda|p2a: Mrs Blobby
|
|-heal|p2a: Mrs Blobby|492\/529|[from] item: Leftovers
|turn|59
|c|âAmoongbro|OOOOh massive helpful hax for me therel...i was so lucky i avoided that hammer arm
|c|âAmoongbro|OOOOh massive helpful hax for me therel...i was so lucky i avoided that hammer arm
|c|âAmoongbro|OOOOh massive helpful hax for me therel...i was so lucky i avoided that hammer arm
|c|âAmoongbro|OOOOh massive helpful hax for me therel...i was so lucky i avoided that hammer arm
|
|switch|p1a: Sylvia|Sylveon, F|317\/393
|move|p2a: Mrs Blobby|Toxic|p1a: Sylvia
|-status|p1a: Sylvia|tox
|
|-heal|p2a: Mrs Blobby|525\/529|[from] item: Leftovers
|-damage|p1a: Sylvia|293\/393 tox|[from] psn
|turn|60
|
|move|p2a: Mrs Blobby|Protect|p2a: Mrs Blobby
|-singleturn|p2a: Mrs Blobby|Protect
|move|p1a: Sylvia|Psyshock|p2a: Mrs Blobby
|-activate|p2a: Mrs Blobby|Protect
|
|-heal|p2a: Mrs Blobby|529\/529|[from] item: Leftovers
|-damage|p1a: Sylvia|245\/393 tox|[from] psn
|turn|61
|
|switch|p2a: Baby Blobby|Chansey, F|704\/704
|-damage|p2a: Baby Blobby|616\/704|[from] Stealth Rock
|move|p1a: Sylvia|Psyshock|p2a: Baby Blobby
|-damage|p2a: Baby Blobby|439\/704
|
|-damage|p1a: Sylvia|173\/393 tox|[from] psn
|turn|62
|
|switch|p1a: Louisa|Breloom, F|183\/261
|move|p2a: Baby Blobby|Soft-Boiled|p2a: Baby Blobby
|-heal|p2a: Baby Blobby|704\/704
|
|turn|63
|
|switch|p2a: Mr Blobby|Amoonguss, F|432\/432
|-damage|p2a: Mr Blobby|378\/432|[from] Stealth Rock
|move|p1a: Louisa|Rock Tomb|p2a: Mr Blobby
|-damage|p2a: Mr Blobby|245\/432
|-unboost|p2a: Mr Blobby|spe|1
|-damage|p1a: Louisa|157\/261|[from] item: Life Orb
|
|turn|64
|
|switch|p1a: Georgiana|Garchomp, F|257\/357
|move|p2a: Mr Blobby|Clear Smog|p1a: Georgiana
|-resisted|p1a: Georgiana
|-damage|p1a: Georgiana|224\/357
|-clearboost|p1a: Georgiana
|
|turn|65
|
|switch|p2a: Mrs Blobby|Alomomola, F|529\/529
|-damage|p2a: Mrs Blobby|463\/529|[from] Stealth Rock
|move|p1a: Georgiana|Fire Blast|p2a: Mrs Blobby
|-resisted|p2a: Mrs Blobby
|-damage|p2a: Mrs Blobby|400\/529
|
|-heal|p2a: Mrs Blobby|433\/529|[from] item: Leftovers
|turn|66
|
|switch|p1a: Louisa|Breloom, F|157\/261
|move|p2a: Mrs Blobby|Scald|p1a: Louisa
|-resisted|p1a: Louisa
|-damage|p1a: Louisa|123\/261
|
|-heal|p2a: Mrs Blobby|466\/529|[from] item: Leftovers
|turn|67
|
|switch|p2a: Mr Blobby|Amoonguss, F|389\/432
|-damage|p2a: Mr Blobby|335\/432|[from] Stealth Rock
|move|p1a: Louisa|Bullet Seed|p2a: Mr Blobby
|-resisted|p2a: Mr Blobby
|-damage|p2a: Mr Blobby|317\/432
|-resisted|p2a: Mr Blobby
|-damage|p2a: Mr Blobby|298\/432
|-resisted|p2a: Mr Blobby
|-damage|p2a: Mr Blobby|279\/432
|-crit|p2a: Mr Blobby
|-resisted|p2a: Mr Blobby
|-damage|p2a: Mr Blobby|248\/432
|-hitcount|p2a: Mr Blobby|4
|-damage|p1a: Louisa|97\/261|[from] item: Life Orb
|
|turn|68
|
|switch|p1a: Georgiana|Garchomp, F|224\/357
|move|p2a: Mr Blobby|Foul Play|p1a: Georgiana
|-damage|p1a: Georgiana|102\/357
|-damage|p2a: Mr Blobby|194\/432|[from] ability: Rough Skin|[of] p1a: Georgiana
|-damage|p2a: Mr Blobby|122\/432|[from] item: Rocky Helmet|[of] p1a: Georgiana
|
|turn|69
|
|switch|p2a: Mrs Blobby|Alomomola, F|529\/529
|-damage|p2a: Mrs Blobby|463\/529|[from] Stealth Rock
|move|p1a: Georgiana|Outrage|p2a: Mrs Blobby
|-damage|p2a: Mrs Blobby|282\/529
|
|-heal|p2a: Mrs Blobby|315\/529|[from] item: Leftovers
|turn|70
|
|move|p1a: Georgiana|Outrage|p2a: Mrs Blobby
|-damage|p2a: Mrs Blobby|125\/529
|move|p2a: Mrs Blobby|Wish|p2a: Mrs Blobby
|
|-heal|p2a: Mrs Blobby|158\/529|[from] item: Leftovers
|turn|71
|c|âAmoongbro|i have to heal every fucking turn cause of these dumb fucking hazards. without them you suck
|
|move|p2a: Mrs Blobby|Protect|p2a: Mrs Blobby
|-singleturn|p2a: Mrs Blobby|Protect
|move|p1a: Georgiana|Outrage|p2a: Mrs Blobby
|-activate|p2a: Mrs Blobby|Protect
|
|-end|p1a: Georgiana|rampage
|-start|p1a: Georgiana|confusion
|-heal|p2a: Mrs Blobby|422\/529|[from] move: Wish|[wisher] Mrs Blobby
|-heal|p2a: Mrs Blobby|455\/529|[from] item: Leftovers
|turn|72
|
|switch|p1a: Anya|Latias, F|169\/319
|move|p2a: Mrs Blobby|Wish|p2a: Mrs Blobby
|
|-heal|p2a: Mrs Blobby|488\/529|[from] item: Leftovers
|turn|73
|
|switch|p1a: Meda|Metagross-Mega|301\/301
|switch|p2a: Baby Blobby|Chansey, F|704\/704
|-damage|p2a: Baby Blobby|616\/704|[from] Stealth Rock
|
|-heal|p2a: Baby Blobby|704\/704|[from] move: Wish|[wisher] Mrs Blobby
|turn|74
|
|switch|p2a: Mrs Blobby|Alomomola, F|529\/529
|-damage|p2a: Mrs Blobby|463\/529|[from] Stealth Rock
|move|p1a: Meda|Zen Headbutt|p2a: Mrs Blobby
|-damage|p2a: Mrs Blobby|307\/529
|
|-heal|p2a: Mrs Blobby|340\/529|[from] item: Leftovers
|turn|75
|
|move|p1a: Meda|Zen Headbutt|p2a: Mrs Blobby
|-damage|p2a: Mrs Blobby|184\/529
|move|p2a: Mrs Blobby|Wish|p2a: Mrs Blobby
|
|-heal|p2a: Mrs Blobby|217\/529|[from] item: Leftovers
|turn|76
|
|switch|p1a: Helen|Heatran, F|213\/326
|move|p2a: Mrs Blobby|Scald|p1a: Helen
|-supereffective|p1a: Helen
|-damage|p1a: Helen|115\/326
|
|-heal|p2a: Mrs Blobby|481\/529|[from] move: Wish|[wisher] Mrs Blobby
|-heal|p2a: Mrs Blobby|514\/529|[from] item: Leftovers
|turn|77
|
|move|p1a: Helen|Toxic|p2a: Mrs Blobby
|-status|p2a: Mrs Blobby|tox
|move|p2a: Mrs Blobby|Scald|p1a: Helen
|-supereffective|p1a: Helen
|-damage|p1a: Helen|25\/326
|
|-heal|p2a: Mrs Blobby|529\/529 tox|[from] item: Leftovers
|-damage|p2a: Mrs Blobby|496\/529 tox|[from] psn
|turn|78
|
|switch|p1a: Anya|Latias, F|169\/319
|move|p2a: Mrs Blobby|Scald|p1a: Anya
|-resisted|p1a: Anya
|-damage|p1a: Anya|149\/319
|-status|p1a: Anya|brn
|
|-heal|p2a: Mrs Blobby|529\/529 tox|[from] item: Leftovers
|-damage|p1a: Anya|110\/319 brn|[from] brn
|-damage|p2a: Mrs Blobby|463\/529 tox|[from] psn
|turn|79
|
|switch|p2a: Baby Blobby|Chansey, F|704\/704
|-damage|p2a: Baby Blobby|616\/704|[from] Stealth Rock
|move|p1a: Anya|Thunderbolt|p2a: Baby Blobby
|-damage|p2a: Baby Blobby|535\/704
|-damage|p1a: Anya|79\/319 brn|[from] item: Life Orb
|
|-damage|p1a: Anya|40\/319 brn|[from] brn
|turn|80
|
|switch|p1a: Meda|Metagross-Mega|301\/301
|move|p2a: Baby Blobby|Heal Bell|p2a: Baby Blobby
|-cureteam|p2a: Baby Blobby|[from] move: HealBell
|
|turn|81
|
|switch|p2a: Mrs Blobby|Alomomola, F|529\/529
|-damage|p2a: Mrs Blobby|463\/529|[from] Stealth Rock
|move|p1a: Meda|Hammer Arm|p2a: Mrs Blobby|[miss]
|-miss|p1a: Meda|p2a: Mrs Blobby
|
|-heal|p2a: Mrs Blobby|496\/529|[from] item: Leftovers
|turn|82
|
|move|p1a: Meda|Hammer Arm|p2a: Mrs Blobby
|-damage|p2a: Mrs Blobby|355\/529
|-unboost|p1a: Meda|spe|1
|move|p2a: Mrs Blobby|Scald|p1a: Meda
|-damage|p1a: Meda|261\/301
|
|-heal|p2a: Mrs Blobby|388\/529|[from] item: Leftovers
|turn|83
|
|switch|p1a: Louisa|Breloom, F|97\/261
|move|p2a: Mrs Blobby|Scald|p1a: Louisa
|-resisted|p1a: Louisa
|-damage|p1a: Louisa|60\/261
|-status|p1a: Louisa|brn
|
|-heal|p2a: Mrs Blobby|421\/529|[from] item: Leftovers
|-damage|p1a: Louisa|28\/261 brn|[from] brn
|turn|84
|
|switch|p1a: Sylvia|Sylveon, F|173\/393 tox
|move|p2a: Mrs Blobby|Protect|p2a: Mrs Blobby
|-fail|p2a: Mrs Blobby
|
|-heal|p2a: Mrs Blobby|454\/529|[from] item: Leftovers
|-damage|p1a: Sylvia|149\/393 tox|[from] psn
|turn|85
|
|switch|p2a: Baby Blobby|Chansey, F|535\/704
|-damage|p2a: Baby Blobby|447\/704|[from] Stealth Rock
|move|p1a: Sylvia|Psyshock|p2a: Baby Blobby
|-damage|p2a: Baby Blobby|256\/704
|
|-damage|p1a: Sylvia|101\/393 tox|[from] psn
|turn|86
|c|âAmoongbro|hazard noob
|c|âAmoongbro|i actually want to sleep tonight before im 79 years old
|
|switch|p1a: Meda|Metagross-Mega|261\/301
|move|p2a: Baby Blobby|Soft-Boiled|p2a: Baby Blobby
|-heal|p2a: Baby Blobby|608\/704
|
|turn|87
|
|switch|p2a: Mrs Blobby|Alomomola, F|529\/529
|-damage|p2a: Mrs Blobby|463\/529|[from] Stealth Rock
|move|p1a: Meda|Hammer Arm|p2a: Mrs Blobby
|-damage|p2a: Mrs Blobby|329\/529
|-unboost|p1a: Meda|spe|1
|
|-heal|p2a: Mrs Blobby|362\/529|[from] item: Leftovers
|turn|88
|
|move|p1a: Meda|Zen Headbutt|p2a: Mrs Blobby|[miss]
|-miss|p1a: Meda|p2a: Mrs Blobby
|move|p2a: Mrs Blobby|Scald|p1a: Meda
|-damage|p1a: Meda|221\/301
|
|-heal|p2a: Mrs Blobby|395\/529|[from] item: Leftovers
|turn|89
|
|switch|p1a: Sylvia|Sylveon, F|101\/393 tox
|move|p2a: Mrs Blobby|Scald|p1a: Sylvia
|-damage|p1a: Sylvia|62\/393 tox
|
|-heal|p2a: Mrs Blobby|428\/529|[from] item: Leftovers
|-damage|p1a: Sylvia|38\/393 tox|[from] psn
|turn|90
|
|move|p2a: Mrs Blobby|Protect|p2a: Mrs Blobby
|-singleturn|p2a: Mrs Blobby|Protect
|move|p1a: Sylvia|Hyper Voice|p2a: Mrs Blobby
|-activate|p2a: Mrs Blobby|Protect
|
|-heal|p2a: Mrs Blobby|461\/529|[from] item: Leftovers
|-damage|p1a: Sylvia|0 fnt|[from] psn
|faint|p1a: Sylvia
|
|switch|p1a: Anya|Latias, F|40\/319 brn
|turn|91
|
|switch|p2a: Baby Blobby|Chansey, F|608\/704
|-damage|p2a: Baby Blobby|520\/704|[from] Stealth Rock
|move|p1a: Anya|Healing Wish|p1a: Anya
|faint|p1a: Anya
|
|c|âAmoongbro|sigh
|c|âAmoongbro|typical noob fuck
|
|switch|p1a: Louisa|Breloom, F|28\/261 brn
|-heal|p1a: Louisa|261\/261|[from] move: Healing Wish
|turn|92
|c|âAmoongbro|needs second chance
|
|switch|p1a: Meda|Metagross-Mega|221\/301
|switch|p2a: Uncle Blobby|Quagsire, M|394\/394
|-damage|p2a: Uncle Blobby|370\/394|[from] Stealth Rock
|
|-heal|p2a: Uncle Blobby|394\/394|[from] item: Leftovers
|turn|93
|
|move|p1a: Meda|Zen Headbutt|p2a: Uncle Blobby
|-damage|p2a: Uncle Blobby|229\/394
|move|p2a: Uncle Blobby|Earthquake|p1a: Meda
|-supereffective|p1a: Meda
|-damage|p1a: Meda|69\/301
|
|-heal|p2a: Uncle Blobby|253\/394|[from] item: Leftovers
|turn|94
|
|switch|p1a: Louisa|Breloom, F|261\/261
|move|p2a: Uncle Blobby|Earthquake|p1a: Louisa
|-crit|p1a: Louisa
|-resisted|p1a: Louisa
|-damage|p1a: Louisa|171\/261
|
|-heal|p2a: Uncle Blobby|277\/394|[from] item: Leftovers
|turn|95
|
|move|p1a: Louisa|Rock Tomb|p2a: Uncle Blobby|[miss]
|-miss|p1a: Louisa|p2a: Uncle Blobby
|move|p2a: Uncle Blobby|Scald|p1a: Louisa
|-resisted|p1a: Louisa
|-damage|p1a: Louisa|125\/261
|
|-heal|p2a: Uncle Blobby|301\/394|[from] item: Leftovers
|turn|96
|
|move|p1a: Louisa|Rock Tomb|p2a: Uncle Blobby
|-resisted|p2a: Uncle Blobby
|-damage|p2a: Uncle Blobby|246\/394
|-unboost|p2a: Uncle Blobby|spe|1
|-damage|p1a: Louisa|99\/261|[from] item: Life Orb
|move|p2a: Uncle Blobby|Scald|p1a: Louisa
|-resisted|p1a: Louisa
|-damage|p1a: Louisa|52\/261
|
|-heal|p2a: Uncle Blobby|270\/394|[from] item: Leftovers
|turn|97
|
|move|p1a: Louisa|Bullet Seed|p2a: Uncle Blobby
|-supereffective|p2a: Uncle Blobby
|-damage|p2a: Uncle Blobby|0 fnt
|-hitcount|p2a: Uncle Blobby|1
|-damage|p1a: Louisa|26\/261|[from] item: Life Orb
|faint|p2a: Uncle Blobby
|
|
|switch|p2a: Mr Blobby|Amoonguss, F|266\/432
|-damage|p2a: Mr Blobby|212\/432|[from] Stealth Rock
|turn|98
|
|switch|p1a: Georgiana|Garchomp, F|102\/357
|move|p2a: Mr Blobby|Foul Play|p1a: Georgiana
|-damage|p1a: Georgiana|0 fnt
|-damage|p2a: Mr Blobby|158\/432|[from] ability: Rough Skin|[of] p1a: Georgiana
|-damage|p2a: Mr Blobby|86\/432|[from] item: Rocky Helmet|[of] p1a: Georgiana
|faint|p1a: Georgiana
|
|
|switch|p1a: Meda|Metagross-Mega|69\/301
|turn|99
|
|switch|p2a: Mrs Blobby|Alomomola, F|529\/529
|-damage|p2a: Mrs Blobby|463\/529|[from] Stealth Rock
|move|p1a: Meda|Zen Headbutt|p2a: Mrs Blobby
|-damage|p2a: Mrs Blobby|279\/529
|
|-heal|p2a: Mrs Blobby|312\/529|[from] item: Leftovers
|turn|100
|
|move|p1a: Meda|Zen Headbutt|p2a: Mrs Blobby
|-damage|p2a: Mrs Blobby|146\/529
|cant|p2a: Mrs Blobby|flinch
|
|-heal|p2a: Mrs Blobby|179\/529|[from] item: Leftovers
|turn|101
|c|âAmoongbro|sigh
|c|âAmoongbro|you fucking
|c|âAmoongbro|noob
|c|âAmoongbro|noob
|c|âAmoongbro|noob
|c|âAmoongbro|noob
|c|âAmoongbro|noob
|c|âAmoongbro|noob
|c|âAmoongbro|noob
|c|âAmoongbro|noob
|
|move|p2a: Mrs Blobby|Protect|p2a: Mrs Blobby
|-singleturn|p2a: Mrs Blobby|Protect
|move|p1a: Meda|Zen Headbutt|p2a: Mrs Blobby
|-activate|p2a: Mrs Blobby|Protect
|
|-heal|p2a: Mrs Blobby|212\/529|[from] item: Leftovers
|turn|102
|c|âAmoongbro|fuck off
|c|âAmoongbro|invred fuck
|c|âAmoongbro|inbred fuck
|
|move|p1a: Meda|Zen Headbutt|p2a: Mrs Blobby|[miss]
|-miss|p1a: Meda|p2a: Mrs Blobby
|move|p2a: Mrs Blobby|Wish|p2a: Mrs Blobby
|
|-heal|p2a: Mrs Blobby|245\/529|[from] item: Leftovers
|turn|103
|
|move|p1a: Meda|Zen Headbutt|p2a: Mrs Blobby
|-damage|p2a: Mrs Blobby|85\/529
|move|p2a: Mrs Blobby|Scald|p1a: Meda
|-damage|p1a: Meda|21\/301
|-status|p1a: Meda|brn
|
|-heal|p2a: Mrs Blobby|349\/529|[from] move: Wish|[wisher] Mrs Blobby
|-heal|p2a: Mrs Blobby|382\/529|[from] item: Leftovers
|-damage|p1a: Meda|0 fnt|[from] brn
|faint|p1a: Meda
|
|switch|p1a: Louisa|Breloom, F|26\/261
|turn|104
|
|move|p1a: Louisa|Bullet Seed|p2a: Mrs Blobby
|-supereffective|p2a: Mrs Blobby
|-damage|p2a: Mrs Blobby|231\/529
|-crit|p2a: Mrs Blobby
|-supereffective|p2a: Mrs Blobby
|-damage|p2a: Mrs Blobby|0 fnt
|-hitcount|p2a: Mrs Blobby|2
|-damage|p1a: Louisa|0 fnt|[from] item: Life Orb
|faint|p2a: Mrs Blobby
|faint|p1a: Louisa
|
|
|switch|p1a: Helen|Heatran, F|25\/326
|switch|p2a: Baby Blobby|Chansey, F|520\/704
|-damage|p2a: Baby Blobby|432\/704|[from] Stealth Rock
|turn|105
|c|âAmoongbro|rocks up on my side none on yours and i still beat you
|c|âestralita|gg
|
|move|p1a: Helen|Flamethrower|p2a: Baby Blobby
|-crit|p2a: Baby Blobby
|-damage|p2a: Baby Blobby|267\/704
|move|p2a: Baby Blobby|Seismic Toss|p1a: Helen
|-damage|p1a: Helen|0 fnt
|faint|p1a: Helen
|
|win|Amoongbro
|raw|Ladder updating...
|raw|estralita's rating: 1528 &rarr; <strong>1507<\/strong><br \/>(-21 for losing)
|raw|Amoongbro's rating: 1517 &rarr; <strong>1537<\/strong><br \/>(+20 for winning)
|c|âAmoongbro|thats how you win
|c|âAmoongbro|wuth skill
|c|âAmoongbro|not hazards
|c|âestralita|by being an asshole
|leave|estralita
|c|âAmoongbro|nah
|player|p1
|c|âAmoongbro|yeah i won cause i was an asshole purely nothing to do with the fact i outplayed ya even tho you had the upper hand