|join|Amoongbro
|join|Albacore
|player|p1|Amoongbro|1
|player|p2|Albacore|234
|gametype|singles
|gen|6
|tier|OU
|rated
|clearpoke
|poke|p1|Chansey, F
|poke|p1|Skarmory, F
|poke|p1|Alomomola, F
|poke|p1|Amoonguss, F
|poke|p1|Quagsire, M
|poke|p1|Sableye, M
|poke|p2|Serperior, F
|poke|p2|Dugtrio, M
|poke|p2|Manectric, F
|poke|p2|Heatran, M
|poke|p2|Hawlucha, F
|poke|p2|Scizor, M
|rule|Swagger Clause: Swagger is banned
|rule|Baton Pass Clause: Limit one PokÃ©mon knowing Baton Pass
|rule|Sleep Clause Mod: Limit one foe put to sleep
|rule|Species Clause: Limit one of each PokÃ©mon
|rule|OHKO Clause: OHKO moves are banned
|rule|Moody Clause: Moody is banned
|rule|Evasion Moves Clause: Evasion moves are banned
|rule|Endless Battle Clause: Forcing endless battles is banned
|rule|HP Percentage Mod: HP is shown in percentages
|teampreview
|
|start
|switch|p1a: Not Mega|Sableye, M|304\/304
|switch|p2a: Manectric|Manectric, F|281\/281
|turn|1
|
|detailschange|p2a: Manectric|Manectric-Mega, F
|-mega|p2a: Manectric|Manectric|Manectite
|-ability|p2a: Manectric|Intimidate|[of] p1a: Not Mega
|-unboost|p1a: Not Mega|atk|1
|detailschange|p1a: Not Mega|Sableye-Mega, M
|-mega|p1a: Not Mega|Sableye|Sablenite
|move|p2a: Manectric|Volt Switch|p1a: Not Mega
|-damage|p1a: Not Mega|195\/304
|
|switch|p2a: Hawlucha|Hawlucha, F|297\/297
|move|p1a: Not Mega|Knock Off|p2a: Hawlucha
|-resisted|p2a: Hawlucha
|-damage|p2a: Hawlucha|259\/297
|-enditem|p2a: Hawlucha|Sitrus Berry|[from] move: Knock Off|[of] p1a: Not Mega
|
|turn|2
|
|move|p2a: Hawlucha|Substitute|p2a: Hawlucha
|-start|p2a: Hawlucha|Substitute
|-damage|p2a: Hawlucha|185\/297
|move|p1a: Not Mega|Will-O-Wisp|p2a: Hawlucha
|
|turn|3
|
|switch|p1a: Uncle Blobby|Quagsire, M|394\/394
|move|p2a: Hawlucha|Swords Dance|p2a: Hawlucha
|-boost|p2a: Hawlucha|atk|2
|
|turn|4
|join|PhobiaBB
|
|move|p2a: Hawlucha|High Jump Kick|p1a: Uncle Blobby
|-damage|p1a: Uncle Blobby|243\/394
|move|p1a: Uncle Blobby|Scald|p2a: Hawlucha
|-end|p2a: Hawlucha|Substitute
|
|-heal|p1a: Uncle Blobby|267\/394|[from] item: Leftovers
|turn|5
|join|khkjhj
|join|JSB15
|leave|PhobiaBB
|
|switch|p2a: Serperior|Serperior, F|291\/291
|move|p1a: Uncle Blobby|Recover|p1a: Uncle Blobby
|-heal|p1a: Uncle Blobby|394\/394
|
|turn|6
|c|âAmoongbro|^trolls....nobody cares
|c|âAmoongbro|go back under your rock
|
|switch|p1a: Baby Blobby|Chansey, F|704\/704
|move|p2a: Serperior|Leaf Storm|p1a: Baby Blobby
|-damage|p1a: Baby Blobby|558\/704
|-boost|p2a: Serperior|spa|2
|-damage|p2a: Serperior|262\/291|[from] item: Life Orb
|
|turn|7
|
|switch|p2a: Dugtrio|Dugtrio, M|201\/201
|move|p1a: Baby Blobby|Toxic|p2a: Dugtrio
|-status|p2a: Dugtrio|tox
|
|-damage|p2a: Dugtrio|189\/201 tox|[from] psn
|turn|8
|
|move|p2a: Dugtrio|Stealth Rock|p1a: Baby Blobby
|-sidestart|p1: Amoongbro|move: Stealth Rock
|move|p1a: Baby Blobby|Soft-Boiled|p1a: Baby Blobby
|-heal|p1a: Baby Blobby|704\/704
|
|-damage|p2a: Dugtrio|165\/201 tox|[from] psn
|turn|9
|
|move|p2a: Dugtrio|Earthquake|p1a: Baby Blobby
|-damage|p1a: Baby Blobby|521\/704
|move|p1a: Baby Blobby|Seismic Toss|p2a: Dugtrio
|-damage|p2a: Dugtrio|65\/201 tox
|
|-damage|p2a: Dugtrio|29\/201 tox|[from] psn
|turn|10
|
|move|p2a: Dugtrio|Reversal|p1a: Baby Blobby
|-supereffective|p1a: Baby Blobby
|-damage|p1a: Baby Blobby|307\/704
|move|p1a: Baby Blobby|Soft-Boiled|p1a: Baby Blobby
|-heal|p1a: Baby Blobby|659\/704
|
|-damage|p2a: Dugtrio|0 fnt|[from] psn
|faint|p2a: Dugtrio
|
|switch|p2a: Hawlucha|Hawlucha, F|185\/297
|turn|11
|
|switch|p2a: Serperior|Serperior, F|262\/291
|move|p1a: Baby Blobby|Seismic Toss|p2a: Serperior
|-damage|p2a: Serperior|162\/291
|
|turn|12
|leave|JSB15
|-message|Albacore forfeited.
|leave|Albacore
|
|win|Amoongbro
|raw|Ladder updating...
|player|p2
|raw|Amoongbro's rating: 1475 &rarr; <strong>1496<\/strong><br \/>(+21 for winning)
|raw|Albacore's rating: 1499 &rarr; <strong>1478<\/strong><br \/>(-21 for losing)
|leave|Amoongbro
|player|p1