|join|WECAMEASROMANS
|join|Amoongbro
|player|p1|WECAMEASROMANS|265
|player|p2|Amoongbro|1
|gametype|singles
|gen|6
|tier|OU
|rated
|clearpoke
|poke|p1|Kyurem-Black
|poke|p1|Latios, M
|poke|p1|Mamoswine, F
|poke|p1|Victini
|poke|p1|Lopunny, M
|poke|p1|Landorus-Therian, M
|poke|p2|Chansey, F, shiny
|poke|p2|Skarmory, M, shiny
|poke|p2|Alomomola, F, shiny
|poke|p2|Amoonguss, F, shiny
|poke|p2|Quagsire, M, shiny
|poke|p2|Sableye, M, shiny
|rule|Swagger Clause: Swagger is banned
|rule|Baton Pass Clause: Limit one PokÃ©mon knowing Baton Pass
|rule|Sleep Clause Mod: Limit one foe put to sleep
|rule|Species Clause: Limit one of each PokÃ©mon
|rule|OHKO Clause: OHKO moves are banned
|rule|Moody Clause: Moody is banned
|rule|Evasion Moves Clause: Evasion moves are banned
|rule|Endless Battle Clause: Forcing endless battles is banned
|rule|HP Percentage Mod: HP is shown in percentages
|teampreview
|
|start
|switch|p1a: Kyurem-Black|Kyurem-Black|391\/391
|switch|p2a: Not Mega|Sableye, M, shiny|304\/304
|-ability|p1a: Kyurem-Black|Teravolt
|turn|1
|join|Snickered
|
|detailschange|p2a: Not Mega|Sableye-Mega, M, shiny
|-mega|p2a: Not Mega|Sableye|Sablenite
|move|p2a: Not Mega|Will-O-Wisp|p1a: Kyurem-Black
|-status|p1a: Kyurem-Black|brn
|move|p1a: Kyurem-Black|Ice Beam|p2a: Not Mega
|-damage|p2a: Not Mega|123\/304
|-damage|p1a: Kyurem-Black|352\/391 brn|[from] item: Life Orb
|
|-damage|p1a: Kyurem-Black|304\/391 brn|[from] brn
|turn|2
|
|switch|p2a: Baby Blobby|Chansey, F, shiny|704\/704
|move|p1a: Kyurem-Black|Ice Beam|p2a: Baby Blobby
|-damage|p2a: Baby Blobby|568\/704
|-damage|p1a: Kyurem-Black|265\/391 brn|[from] item: Life Orb
|
|-damage|p1a: Kyurem-Black|217\/391 brn|[from] brn
|turn|3
|c| Snickered|damn amoongbro your team is annoying af
|
|switch|p1a: Mamoswine|Mamoswine, F|361\/361
|move|p2a: Baby Blobby|Toxic|p1a: Mamoswine
|-status|p1a: Mamoswine|tox
|
|-damage|p1a: Mamoswine|339\/361 tox|[from] psn
|turn|4
|join|oikmjii
|
|switch|p2a: Not Mega|Sableye-Mega, M, shiny|123\/304
|move|p1a: Mamoswine|Icicle Spear|p2a: Not Mega
|-damage|p2a: Not Mega|95\/304
|-crit|p2a: Not Mega
|-damage|p2a: Not Mega|56\/304
|-damage|p2a: Not Mega|26\/304
|-hitcount|p2a: Not Mega|3
|
|-damage|p1a: Mamoswine|295\/361 tox|[from] psn
|turn|5
|join|belgrade
|
|switch|p2a: Fuck Magnezone|Skarmory, M, shiny|334\/334
|move|p1a: Mamoswine|Icicle Spear|p2a: Fuck Magnezone
|-damage|p2a: Fuck Magnezone|309\/334
|-damage|p2a: Fuck Magnezone|281\/334
|-damage|p2a: Fuck Magnezone|254\/334
|-hitcount|p2a: Fuck Magnezone|3
|
|-damage|p1a: Mamoswine|229\/361 tox|[from] psn
|turn|6
|
|move|p1a: Mamoswine|Stealth Rock|p2a: Fuck Magnezone
|-sidestart|p2: Amoongbro|move: Stealth Rock
|move|p2a: Fuck Magnezone|Roost|p2a: Fuck Magnezone
|-heal|p2a: Fuck Magnezone|334\/334
|
|-damage|p1a: Mamoswine|141\/361 tox|[from] psn
|turn|7
|
|switch|p1a: Victini|Victini|365\/365
|move|p2a: Fuck Magnezone|Defog|p1a: Victini
|-unboost|p1a: Victini|evasion|1
|-sideend|p2: Amoongbro|Stealth Rock|[from] move: Defog|[of] p2a: Fuck Magnezone
|
|turn|8
|join|ryzed
|
|switch|p2a: Mrs Blobby|Alomomola, F, shiny|529\/529
|move|p1a: Victini|V-create|p2a: Mrs Blobby
|-resisted|p2a: Mrs Blobby
|-damage|p2a: Mrs Blobby|416\/529
|-unboost|p1a: Victini|def|1
|-unboost|p1a: Victini|spd|1
|-unboost|p1a: Victini|spe|1
|
|-heal|p2a: Mrs Blobby|449\/529|[from] item: Leftovers
|turn|9
|
|move|p1a: Victini|Bolt Strike|p2a: Mrs Blobby|[miss]
|-miss|p1a: Victini|p2a: Mrs Blobby
|move|p2a: Mrs Blobby|Toxic|p1a: Victini
|-status|p1a: Victini|tox
|
|-heal|p2a: Mrs Blobby|482\/529|[from] item: Leftovers
|-damage|p1a: Victini|343\/365 tox|[from] psn
|turn|10
|
|switch|p1a: Lopunny|Lopunny, M|271\/271
|move|p2a: Mrs Blobby|Wish|p2a: Mrs Blobby
|
|-heal|p2a: Mrs Blobby|515\/529|[from] item: Leftovers
|turn|11
|
|detailschange|p1a: Lopunny|Lopunny-Mega, M
|-mega|p1a: Lopunny|Lopunny|Lopunnite
|move|p1a: Lopunny|Encore|p2a: Mrs Blobby
|-start|p2a: Mrs Blobby|Encore
|move|p2a: Mrs Blobby|Wish|p2a: Mrs Blobby
|-fail|p2a: Mrs Blobby
|
|-heal|p2a: Mrs Blobby|529\/529|[from] move: Wish|[wisher] Mrs Blobby
|turn|12
|
|switch|p2a: Not Mega|Sableye-Mega, M, shiny|26\/304
|move|p1a: Lopunny|Power-Up Punch|p2a: Not Mega
|-supereffective|p2a: Not Mega
|-damage|p2a: Not Mega|0 fnt
|-boost|p1a: Lopunny|atk|1
|faint|p2a: Not Mega
|
|
|switch|p2a: Mrs Blobby|Alomomola, F, shiny|529\/529
|turn|13
|
|switch|p1a: Mamoswine|Mamoswine, F|141\/361 tox
|move|p2a: Mrs Blobby|Toxic|p1a: Mamoswine
|-fail|p1a: Mamoswine|tox
|
|-damage|p1a: Mamoswine|119\/361 tox|[from] psn
|turn|14
|
|switch|p2a: Fuck Magnezone|Skarmory, M, shiny|334\/334
|move|p1a: Mamoswine|Stealth Rock|p2a: Fuck Magnezone
|-sidestart|p2: Amoongbro|move: Stealth Rock
|
|-damage|p1a: Mamoswine|75\/361 tox|[from] psn
|turn|15
|
|switch|p1a: Lopunny|Lopunny-Mega, M|271\/271
|move|p2a: Fuck Magnezone|Defog|p1a: Lopunny
|-unboost|p1a: Lopunny|evasion|1
|-sideend|p2: Amoongbro|Stealth Rock|[from] move: Defog|[of] p2a: Fuck Magnezone
|
|turn|16
|
|switch|p2a: Mrs Blobby|Alomomola, F, shiny|529\/529
|move|p1a: Lopunny|High Jump Kick|p2a: Mrs Blobby
|-damage|p2a: Mrs Blobby|295\/529
|
|-heal|p2a: Mrs Blobby|328\/529|[from] item: Leftovers
|turn|17
|
|switch|p1a: Kyurem-Black|Kyurem-Black|217\/391 brn
|-ability|p1a: Kyurem-Black|Teravolt
|move|p2a: Mrs Blobby|Toxic|p1a: Kyurem-Black|[miss]
|-miss|p2a: Mrs Blobby|p1a: Kyurem-Black
|
|-heal|p2a: Mrs Blobby|361\/529|[from] item: Leftovers
|-damage|p1a: Kyurem-Black|169\/391 brn|[from] brn
|turn|18
|
|move|p2a: Mrs Blobby|Protect|p2a: Mrs Blobby
|-singleturn|p2a: Mrs Blobby|Protect
|move|p1a: Kyurem-Black|Earth Power|p2a: Mrs Blobby
|-activate|p2a: Mrs Blobby|Protect
|
|-heal|p2a: Mrs Blobby|394\/529|[from] item: Leftovers
|-damage|p1a: Kyurem-Black|121\/391 brn|[from] brn
|turn|19
|
|switch|p1a: Latios|Latios, M|299\/299
|switch|p2a: Baby Blobby|Chansey, F, shiny|568\/704
|
|turn|20
|
|move|p1a: Latios|Psyshock|p2a: Baby Blobby
|-damage|p2a: Baby Blobby|337\/704
|-damage|p1a: Latios|270\/299|[from] item: Life Orb
|move|p2a: Baby Blobby|Toxic|p1a: Latios
|-status|p1a: Latios|tox
|
|-damage|p1a: Latios|252\/299 tox|[from] psn
|turn|21
|join|WhyPokemonWhy
|leave|Snickered
|c| ryzed|inb4 heal block
|
|switch|p1a: Lopunny|Lopunny-Mega, M|271\/271
|move|p2a: Baby Blobby|Soft-Boiled|p2a: Baby Blobby
|-heal|p2a: Baby Blobby|689\/704
|
|turn|22
|
|switch|p2a: Mrs Blobby|Alomomola, F, shiny|529\/529
|move|p1a: Lopunny|Return|p2a: Mrs Blobby
|-damage|p2a: Mrs Blobby|352\/529
|
|-heal|p2a: Mrs Blobby|385\/529|[from] item: Leftovers
|turn|23
|
|switch|p1a: Latios|Latios, M|252\/299 tox
|move|p2a: Mrs Blobby|Wish|p2a: Mrs Blobby
|
|-heal|p2a: Mrs Blobby|418\/529|[from] item: Leftovers
|-damage|p1a: Latios|234\/299 tox|[from] psn
|turn|24
|
|switch|p2a: Baby Blobby|Chansey, F, shiny|689\/704
|move|p1a: Latios|Draco Meteor|p2a: Baby Blobby
|-damage|p2a: Baby Blobby|506\/704
|-unboost|p1a: Latios|spa|2
|-damage|p1a: Latios|205\/299 tox|[from] item: Life Orb
|
|-heal|p2a: Baby Blobby|704\/704|[from] move: Wish|[wisher] Mrs Blobby
|-damage|p1a: Latios|169\/299 tox|[from] psn
|turn|25
|
|switch|p1a: Mamoswine|Mamoswine, F|75\/361 tox
|move|p2a: Baby Blobby|Toxic|p1a: Mamoswine
|-fail|p1a: Mamoswine|tox
|
|-damage|p1a: Mamoswine|53\/361 tox|[from] psn
|turn|26
|
|switch|p2a: Fuck Magnezone|Skarmory, M, shiny|334\/334
|move|p1a: Mamoswine|Stealth Rock|p2a: Fuck Magnezone
|-sidestart|p2: Amoongbro|move: Stealth Rock
|
|-damage|p1a: Mamoswine|9\/361 tox|[from] psn
|turn|27
|
|switch|p1a: Lopunny|Lopunny-Mega, M|271\/271
|move|p2a: Fuck Magnezone|Defog|p1a: Lopunny
|-unboost|p1a: Lopunny|evasion|1
|-sideend|p2: Amoongbro|Stealth Rock|[from] move: Defog|[of] p2a: Fuck Magnezone
|
|turn|28
|
|move|p1a: Lopunny|High Jump Kick|p2a: Fuck Magnezone
|-damage|p2a: Fuck Magnezone|178\/334
|move|p2a: Fuck Magnezone|Brave Bird|p1a: Lopunny
|-crit|p1a: Lopunny
|-supereffective|p1a: Lopunny
|-damage|p1a: Lopunny|0 fnt
|-damage|p2a: Fuck Magnezone|89\/334|[from] recoil|[of] p1a: Lopunny
|faint|p1a: Lopunny
|
|
|switch|p1a: Kyurem-Black|Kyurem-Black|121\/391 brn
|-ability|p1a: Kyurem-Black|Teravolt
|turn|29
|
|switch|p2a: Baby Blobby|Chansey, F, shiny|704\/704
|move|p1a: Kyurem-Black|Ice Beam|p2a: Baby Blobby
|-crit|p2a: Baby Blobby
|-damage|p2a: Baby Blobby|497\/704
|-damage|p1a: Kyurem-Black|82\/391 brn|[from] item: Life Orb
|
|-damage|p1a: Kyurem-Black|34\/391 brn|[from] brn
|turn|30
|join|BlazingApe
|
|move|p1a: Kyurem-Black|Outrage|p2a: Baby Blobby
|-damage|p2a: Baby Blobby|305\/704
|-damage|p1a: Kyurem-Black|0 fnt|[from] item: Life Orb
|faint|p1a: Kyurem-Black
|move|p2a: Baby Blobby|Soft-Boiled|p2a: Baby Blobby
|-heal|p2a: Baby Blobby|657\/704
|
|leave|BlazingApe
|
|switch|p1a: Mamoswine|Mamoswine, F|9\/361 tox
|turn|31
|
|move|p1a: Mamoswine|Stealth Rock|p2a: Baby Blobby
|-sidestart|p2: Amoongbro|move: Stealth Rock
|move|p2a: Baby Blobby|Seismic Toss|p1a: Mamoswine
|-damage|p1a: Mamoswine|0 fnt
|faint|p1a: Mamoswine
|
|leave|ryzed
|
|switch|p1a: Landorus-Therian|Landorus-Therian, M|325\/325
|-ability|p1a: Landorus-Therian|Intimidate|[of] p2a: Baby Blobby
|-unboost|p2a: Baby Blobby|atk|1
|turn|32
|
|switch|p2a: Mrs Blobby|Alomomola, F, shiny|529\/529
|-damage|p2a: Mrs Blobby|463\/529|[from] Stealth Rock
|move|p1a: Landorus-Therian|Superpower|p2a: Mrs Blobby
|-damage|p2a: Mrs Blobby|342\/529
|-unboost|p1a: Landorus-Therian|atk|1
|-unboost|p1a: Landorus-Therian|def|1
|
|-heal|p2a: Mrs Blobby|375\/529|[from] item: Leftovers
|turn|33
|
|switch|p1a: Latios|Latios, M|169\/299 tox
|move|p2a: Mrs Blobby|Wish|p2a: Mrs Blobby
|
|-heal|p2a: Mrs Blobby|408\/529|[from] item: Leftovers
|-damage|p1a: Latios|151\/299 tox|[from] psn
|turn|34
|
|switch|p1a: Landorus-Therian|Landorus-Therian, M|325\/325
|-ability|p1a: Landorus-Therian|Intimidate|[of] p2a: Mrs Blobby
|-unboost|p2a: Mrs Blobby|atk|1
|switch|p2a: Baby Blobby|Chansey, F, shiny|657\/704
|-damage|p2a: Baby Blobby|569\/704|[from] Stealth Rock
|
|-heal|p2a: Baby Blobby|704\/704|[from] move: Wish|[wisher] Mrs Blobby
|turn|35
|
|switch|p2a: Mrs Blobby|Alomomola, F, shiny|529\/529
|-damage|p2a: Mrs Blobby|463\/529|[from] Stealth Rock
|move|p1a: Landorus-Therian|Superpower|p2a: Mrs Blobby
|-damage|p2a: Mrs Blobby|343\/529
|-unboost|p1a: Landorus-Therian|atk|1
|-unboost|p1a: Landorus-Therian|def|1
|
|-heal|p2a: Mrs Blobby|376\/529|[from] item: Leftovers
|turn|36
|leave|WhyPokemonWhy
|
|switch|p1a: Latios|Latios, M|151\/299 tox
|move|p2a: Mrs Blobby|Wish|p2a: Mrs Blobby
|
|-heal|p2a: Mrs Blobby|409\/529|[from] item: Leftovers
|-damage|p1a: Latios|133\/299 tox|[from] psn
|turn|37
|
|switch|p2a: Fuck Magnezone|Skarmory, M, shiny|89\/334
|-damage|p2a: Fuck Magnezone|48\/334|[from] Stealth Rock
|move|p1a: Latios|Roost|p1a: Latios
|-heal|p1a: Latios|283\/299 tox
|
|-heal|p2a: Fuck Magnezone|312\/334|[from] move: Wish|[wisher] Mrs Blobby
|-damage|p1a: Latios|247\/299 tox|[from] psn
|turn|38
|-message|WECAMEASROMANS forfeited.
|leave|WECAMEASROMANS
|
|win|Amoongbro
|raw|Ladder updating...
|player|p1
|raw|WECAMEASROMANS's rating: 1809 &rarr; <strong>1785<\/strong><br \/>(-24 for losing)
|raw|Amoongbro's rating: 1747 &rarr; <strong>1770<\/strong><br \/>(+23 for winning)