|join|Amoongbro
|join|LivingTarget
|player|p1|Amoongbro|170
|player|p2|LivingTarget|238
|gametype|singles
|gen|6
|tier|OU
|rated
|clearpoke
|poke|p1|Chansey, F, shiny
|poke|p1|Skarmory, F, shiny
|poke|p1|Alomomola, F, shiny
|poke|p1|Amoonguss, F, shiny
|poke|p1|Quagsire, F, shiny
|poke|p1|Sableye, M, shiny
|poke|p2|Lopunny, F
|poke|p2|Rotom-Wash
|poke|p2|Bisharp, M
|poke|p2|Landorus, M
|poke|p2|Volcarona, M
|poke|p2|Scizor, M
|rule|Swagger Clause: Swagger is banned
|rule|Baton Pass Clause: Limit one PokÃ©mon knowing Baton Pass
|rule|Sleep Clause Mod: Limit one foe put to sleep
|rule|Species Clause: Limit one of each PokÃ©mon
|rule|OHKO Clause: OHKO moves are banned
|rule|Moody Clause: Moody is banned
|rule|Evasion Moves Clause: Evasion moves are banned
|rule|Endless Battle Clause: Forcing endless battles is banned
|rule|HP Percentage Mod: HP is shown in percentages
|teampreview
|
|start
|switch|p1a: Mrs Blobby|Alomomola, F, shiny|529\/529
|switch|p2a: Volcarona|Volcarona, M|373\/373
|turn|1
|
|switch|p2a: Rotom-Wash|Rotom-Wash|304\/304
|switch|p1a: Baby Blobby|Chansey, F, shiny|704\/704
|
|turn|2
|
|move|p2a: Rotom-Wash|Volt Switch|p1a: Baby Blobby
|-damage|p1a: Baby Blobby|652\/704
|
|switch|p2a: Bisharp|Bisharp, M|289\/289
|move|p1a: Baby Blobby|Toxic|p2a: Bisharp
|-fail|p2a: Bisharp
|
|turn|3
|
|switch|p1a: Not Mega|Sableye, M, shiny|304\/304
|move|p2a: Bisharp|Knock Off|p1a: Not Mega
|-damage|p1a: Not Mega|183\/304
|
|turn|4
|
|switch|p2a: Volcarona|Volcarona, M|373\/373
|detailschange|p1a: Not Mega|Sableye-Mega, M, shiny
|-mega|p1a: Not Mega|Sableye|Sablenite
|move|p1a: Not Mega|Recover|p1a: Not Mega
|-heal|p1a: Not Mega|304\/304
|
|turn|5
|
|switch|p1a: Baby Blobby|Chansey, F, shiny|652\/704
|move|p2a: Volcarona|Substitute|p2a: Volcarona
|-start|p2a: Volcarona|Substitute
|-damage|p2a: Volcarona|280\/373
|
|-heal|p2a: Volcarona|303\/373|[from] item: Leftovers
|turn|6
|
|move|p2a: Volcarona|Quiver Dance|p2a: Volcarona
|-boost|p2a: Volcarona|spa|1
|-boost|p2a: Volcarona|spd|1
|-boost|p2a: Volcarona|spe|1
|move|p1a: Baby Blobby|Seismic Toss|p2a: Volcarona
|-end|p2a: Volcarona|Substitute
|
|-heal|p2a: Volcarona|326\/373|[from] item: Leftovers
|turn|7
|
|move|p2a: Volcarona|Quiver Dance|p2a: Volcarona
|-boost|p2a: Volcarona|spa|1
|-boost|p2a: Volcarona|spd|1
|-boost|p2a: Volcarona|spe|1
|move|p1a: Baby Blobby|Seismic Toss|p2a: Volcarona
|-damage|p2a: Volcarona|226\/373
|
|-heal|p2a: Volcarona|249\/373|[from] item: Leftovers
|turn|8
|
|move|p2a: Volcarona|Quiver Dance|p2a: Volcarona
|-boost|p2a: Volcarona|spa|1
|-boost|p2a: Volcarona|spd|1
|-boost|p2a: Volcarona|spe|1
|move|p1a: Baby Blobby|Seismic Toss|p2a: Volcarona
|-damage|p2a: Volcarona|149\/373
|
|-heal|p2a: Volcarona|172\/373|[from] item: Leftovers
|turn|9
|
|move|p2a: Volcarona|Fiery Dance|p1a: Baby Blobby
|-damage|p1a: Baby Blobby|451\/704
|move|p1a: Baby Blobby|Seismic Toss|p2a: Volcarona
|-damage|p2a: Volcarona|72\/373
|
|-heal|p2a: Volcarona|95\/373|[from] item: Leftovers
|turn|10
|
|switch|p2a: Bisharp|Bisharp, M|289\/289
|move|p1a: Baby Blobby|Seismic Toss|p2a: Bisharp
|-damage|p2a: Bisharp|189\/289
|
|turn|11
|
|move|p2a: Bisharp|Pursuit|p1a: Baby Blobby|[from]Pursuit
|-damage|p1a: Baby Blobby|189\/704
|switch|p1a: Not Mega|Sableye-Mega, M, shiny|304\/304
|
|turn|12
|
|switch|p2a: Volcarona|Volcarona, M|95\/373
|move|p1a: Not Mega|Knock Off|p2a: Volcarona
|-damage|p2a: Volcarona|0 fnt
|-status|p1a: Not Mega|brn
|-enditem|p2a: Volcarona|Leftovers|[from] move: Knock Off|[of] p1a: Not Mega
|faint|p2a: Volcarona
|
|-damage|p1a: Not Mega|266\/304 brn|[from] brn
|
|switch|p2a: Lopunny|Lopunny, F|272\/272
|turn|13
|
|switch|p1a: Mrs Blobby|Alomomola, F, shiny|529\/529
|detailschange|p2a: Lopunny|Lopunny-Mega, F
|-mega|p2a: Lopunny|Lopunny|Lopunnite
|move|p2a: Lopunny|High Jump Kick|p1a: Mrs Blobby
|-damage|p1a: Mrs Blobby|340\/529
|
|-heal|p1a: Mrs Blobby|373\/529|[from] item: Leftovers
|turn|14
|
|switch|p2a: Rotom-Wash|Rotom-Wash|304\/304
|move|p1a: Mrs Blobby|Wish|p1a: Mrs Blobby
|
|-heal|p1a: Mrs Blobby|406\/529|[from] item: Leftovers
|turn|15
|
|switch|p1a: Baby Blobby|Chansey, F, shiny|189\/704
|move|p2a: Rotom-Wash|Volt Switch|p1a: Baby Blobby
|-damage|p1a: Baby Blobby|128\/704
|
|switch|p2a: Bisharp|Bisharp, M|189\/289
|
|-heal|p1a: Baby Blobby|392\/704|[from] move: Wish|[wisher] Mrs Blobby
|turn|16
|
|move|p2a: Bisharp|Pursuit|p1a: Baby Blobby
|-damage|p1a: Baby Blobby|265\/704
|move|p1a: Baby Blobby|Soft-Boiled|p1a: Baby Blobby
|-heal|p1a: Baby Blobby|617\/704
|
|turn|17
|
|move|p2a: Bisharp|Pursuit|p1a: Baby Blobby|[from]Pursuit
|-damage|p1a: Baby Blobby|386\/704
|switch|p1a: Uncle Blobby|Quagsire, F, shiny|394\/394
|
|turn|18
|
|switch|p2a: Rotom-Wash|Rotom-Wash|304\/304
|move|p1a: Uncle Blobby|Earthquake|p2a: Rotom-Wash
|-immune|p2a: Rotom-Wash|[msg]
|
|turn|19
|
|move|p2a: Rotom-Wash|Will-O-Wisp|p1a: Uncle Blobby
|-status|p1a: Uncle Blobby|brn
|move|p1a: Uncle Blobby|Earthquake|p2a: Rotom-Wash
|-immune|p2a: Rotom-Wash|[msg]
|
|-damage|p1a: Uncle Blobby|345\/394 brn|[from] brn
|turn|20
|
|switch|p2a: Scizor|Scizor, M|343\/343
|switch|p1a: Baby Blobby|Chansey, F, shiny|386\/704
|
|turn|21
|
|switch|p1a: Mrs Blobby|Alomomola, F, shiny|529\/529
|move|p2a: Scizor|Knock Off|p1a: Mrs Blobby
|-damage|p1a: Mrs Blobby|429\/529
|-enditem|p1a: Mrs Blobby|Leftovers|[from] move: Knock Off|[of] p2a: Scizor
|
|turn|22
|
|switch|p2a: Rotom-Wash|Rotom-Wash|304\/304
|move|p1a: Mrs Blobby|Wish|p1a: Mrs Blobby
|
|turn|23
|
|switch|p1a: Not Mega|Sableye-Mega, M, shiny|266\/304 brn
|move|p2a: Rotom-Wash|Volt Switch|p1a: Not Mega
|-damage|p1a: Not Mega|187\/304 brn
|
|switch|p2a: Lopunny|Lopunny-Mega, F|272\/272
|
|-heal|p1a: Not Mega|304\/304 brn|[from] move: Wish|[wisher] Mrs Blobby
|-damage|p1a: Not Mega|266\/304 brn|[from] brn
|turn|24
|
|switch|p1a: Mrs Blobby|Alomomola, F, shiny|529\/529
|move|p2a: Lopunny|High Jump Kick|p1a: Mrs Blobby
|-damage|p1a: Mrs Blobby|325\/529
|
|turn|25
|
|switch|p2a: Rotom-Wash|Rotom-Wash|304\/304
|move|p1a: Mrs Blobby|Wish|p1a: Mrs Blobby
|
|turn|26
|
|switch|p1a: Mr Blobby|Amoonguss, F, shiny|432\/432
|move|p2a: Rotom-Wash|Volt Switch|p1a: Mr Blobby
|-resisted|p1a: Mr Blobby
|-damage|p1a: Mr Blobby|399\/432
|
|switch|p2a: Landorus|Landorus, M|319\/319
|
|-heal|p1a: Mr Blobby|432\/432|[from] move: Wish|[wisher] Mrs Blobby
|turn|27
|
|move|p2a: Landorus|Psychic|p1a: Mr Blobby
|-supereffective|p1a: Mr Blobby
|-damage|p1a: Mr Blobby|175\/432
|move|p1a: Mr Blobby|Foul Play|p2a: Landorus
|-damage|p2a: Landorus|232\/319
|
|turn|28
|
|switch|p1a: Baby Blobby|Chansey, F, shiny|386\/704
|move|p2a: Landorus|Calm Mind|p2a: Landorus
|-boost|p2a: Landorus|spa|1
|-boost|p2a: Landorus|spd|1
|
|turn|29
|
|move|p2a: Landorus|Earth Power|p1a: Baby Blobby
|-damage|p1a: Baby Blobby|152\/704
|move|p1a: Baby Blobby|Soft-Boiled|p1a: Baby Blobby
|-heal|p1a: Baby Blobby|504\/704
|
|turn|30
|
|switch|p2a: Bisharp|Bisharp, M|189\/289
|move|p1a: Baby Blobby|Soft-Boiled|p1a: Baby Blobby
|-heal|p1a: Baby Blobby|704\/704
|
|turn|31
|
|move|p2a: Bisharp|Pursuit|p1a: Baby Blobby
|-damage|p1a: Baby Blobby|586\/704
|move|p1a: Baby Blobby|Seismic Toss|p2a: Bisharp
|-damage|p2a: Bisharp|89\/289
|
|turn|32
|
|switch|p1a: Mrs Blobby|Alomomola, F, shiny|501\/529
|move|p2a: Bisharp|Knock Off|p1a: Mrs Blobby
|-damage|p1a: Mrs Blobby|368\/529
|
|turn|33
|
|switch|p2a: Rotom-Wash|Rotom-Wash|304\/304
|move|p1a: Mrs Blobby|Wish|p1a: Mrs Blobby
|
|turn|34
|
|switch|p1a: Mr Blobby|Amoonguss, F, shiny|319\/432
|move|p2a: Rotom-Wash|Volt Switch|p1a: Mr Blobby
|-resisted|p1a: Mr Blobby
|-damage|p1a: Mr Blobby|284\/432
|
|switch|p2a: Landorus|Landorus, M|232\/319
|
|-heal|p1a: Mr Blobby|432\/432|[from] move: Wish|[wisher] Mrs Blobby
|turn|35
|
|move|p2a: Landorus|Psychic|p1a: Mr Blobby
|-supereffective|p1a: Mr Blobby
|-damage|p1a: Mr Blobby|156\/432
|move|p1a: Mr Blobby|Giga Drain|p2a: Landorus
|-damage|p2a: Landorus|142\/319
|-heal|p1a: Mr Blobby|201\/432|[from] drain|[of] p2a: Landorus
|
|turn|36
|
|switch|p2a: Bisharp|Bisharp, M|89\/289
|switch|p1a: Mrs Blobby|Alomomola, F, shiny|529\/529
|
|turn|37
|
|switch|p2a: Rotom-Wash|Rotom-Wash|304\/304
|move|p1a: Mrs Blobby|Toxic|p2a: Rotom-Wash
|-status|p2a: Rotom-Wash|tox
|
|-damage|p2a: Rotom-Wash|285\/304 tox|[from] psn
|turn|38
|
|move|p1a: Mrs Blobby|Protect|p1a: Mrs Blobby
|-singleturn|p1a: Mrs Blobby|Protect
|move|p2a: Rotom-Wash|Volt Switch|p1a: Mrs Blobby
|-activate|p1a: Mrs Blobby|Protect
|
|-heal|p2a: Rotom-Wash|304\/304 tox|[from] item: Leftovers
|-damage|p2a: Rotom-Wash|266\/304 tox|[from] psn
|turn|39
|
|switch|p1a: Mr Blobby|Amoonguss, F, shiny|345\/432
|move|p2a: Rotom-Wash|Volt Switch|p1a: Mr Blobby
|-resisted|p1a: Mr Blobby
|-damage|p1a: Mr Blobby|312\/432
|
|switch|p2a: Bisharp|Bisharp, M|89\/289
|
|turn|40
|
|move|p2a: Bisharp|Pursuit|p1a: Mr Blobby|[from]Pursuit
|-damage|p1a: Mr Blobby|152\/432
|switch|p1a: Mrs Blobby|Alomomola, F, shiny|529\/529
|
|turn|41
|
|switch|p2a: Scizor|Scizor, M|343\/343
|move|p1a: Mrs Blobby|Scald|p2a: Scizor
|-damage|p2a: Scizor|300\/343
|
|-heal|p2a: Scizor|321\/343|[from] item: Leftovers
|turn|42
|
|move|p1a: Mrs Blobby|Scald|p2a: Scizor
|-damage|p2a: Scizor|272\/343
|-status|p2a: Scizor|brn
|move|p2a: Scizor|U-turn|p1a: Mrs Blobby
|-damage|p1a: Mrs Blobby|477\/529
|
|switch|p2a: Landorus|Landorus, M|142\/319
|
|turn|43
|
|move|p1a: Mrs Blobby|Protect|p1a: Mrs Blobby
|-singleturn|p1a: Mrs Blobby|Protect
|move|p2a: Landorus|Earth Power|p1a: Mrs Blobby
|-activate|p1a: Mrs Blobby|Protect
|
|turn|44
|
|switch|p2a: Lopunny|Lopunny-Mega, F|272\/272
|switch|p1a: Baby Blobby|Chansey, F, shiny|586\/704
|
|turn|45
|
|switch|p1a: Mrs Blobby|Alomomola, F, shiny|529\/529
|move|p2a: Lopunny|High Jump Kick|p1a: Mrs Blobby
|-damage|p1a: Mrs Blobby|322\/529
|
|turn|46
|
|move|p2a: Lopunny|High Jump Kick|p1a: Mrs Blobby
|-damage|p1a: Mrs Blobby|135\/529
|move|p1a: Mrs Blobby|Wish|p1a: Mrs Blobby
|
|turn|47
|
|move|p1a: Mrs Blobby|Protect|p1a: Mrs Blobby
|-singleturn|p1a: Mrs Blobby|Protect
|move|p2a: Lopunny|Return|p1a: Mrs Blobby
|-activate|p1a: Mrs Blobby|Protect
|
|-heal|p1a: Mrs Blobby|399\/529|[from] move: Wish|[wisher] Mrs Blobby
|turn|48
|
|switch|p2a: Rotom-Wash|Rotom-Wash|266\/304 tox
|move|p1a: Mrs Blobby|Wish|p1a: Mrs Blobby
|
|-heal|p2a: Rotom-Wash|285\/304 tox|[from] item: Leftovers
|-damage|p2a: Rotom-Wash|266\/304 tox|[from] psn
|turn|49
|
|switch|p1a: Mr Blobby|Amoonguss, F, shiny|296\/432
|move|p2a: Rotom-Wash|Will-O-Wisp|p1a: Mr Blobby
|-status|p1a: Mr Blobby|brn
|
|-heal|p1a: Mr Blobby|432\/432 brn|[from] move: Wish|[wisher] Mrs Blobby
|-heal|p2a: Rotom-Wash|285\/304 tox|[from] item: Leftovers
|-damage|p2a: Rotom-Wash|247\/304 tox|[from] psn
|-damage|p1a: Mr Blobby|378\/432 brn|[from] brn
|turn|50
|
|move|p2a: Rotom-Wash|Volt Switch|p1a: Mr Blobby
|-resisted|p1a: Mr Blobby
|-damage|p1a: Mr Blobby|344\/432 brn
|
|switch|p2a: Scizor|Scizor, M|272\/343 brn
|move|p1a: Mr Blobby|Foul Play|p2a: Scizor
|-damage|p2a: Scizor|212\/343 brn
|
|-heal|p2a: Scizor|233\/343 brn|[from] item: Leftovers
|-damage|p2a: Scizor|191\/343 brn|[from] brn
|-damage|p1a: Mr Blobby|290\/432 brn|[from] brn
|turn|51
|
|switch|p1a: Mrs Blobby|Alomomola, F, shiny|529\/529
|move|p2a: Scizor|U-turn|p1a: Mrs Blobby
|-damage|p1a: Mrs Blobby|477\/529
|
|switch|p2a: Landorus|Landorus, M|142\/319
|
|turn|52
|
|switch|p1a: Fuck Magnezone|Skarmory, F, shiny|334\/334
|move|p2a: Landorus|Earth Power|p1a: Fuck Magnezone
|-immune|p1a: Fuck Magnezone|[msg]
|
|turn|53
|
|move|p2a: Landorus|Psychic|p1a: Fuck Magnezone
|-resisted|p1a: Fuck Magnezone
|-damage|p1a: Fuck Magnezone|231\/334
|move|p1a: Fuck Magnezone|Stealth Rock|p2a: Landorus
|-sidestart|p2: LivingTarget|move: Stealth Rock
|
|turn|54
|
|switch|p1a: Baby Blobby|Chansey, F, shiny|586\/704
|move|p2a: Landorus|Calm Mind|p2a: Landorus
|-boost|p2a: Landorus|spa|1
|-boost|p2a: Landorus|spd|1
|
|turn|55
|
|move|p2a: Landorus|Earth Power|p1a: Baby Blobby
|-crit|p1a: Baby Blobby
|-damage|p1a: Baby Blobby|200\/704
|move|p1a: Baby Blobby|Seismic Toss|p2a: Landorus
|-damage|p2a: Landorus|42\/319
|
|turn|56
|
|move|p2a: Landorus|Earth Power|p1a: Baby Blobby
|-damage|p1a: Baby Blobby|0 fnt
|faint|p1a: Baby Blobby
|
|c|âAmoongbro|fucking crit noob
|c|âAmoongbro|gg
|c|âAmoongbro|sweep cuz of crit
|c|âAmoongbro|i was gonna win too
|c|âAmoongbro|1700 fucked up cuz of you
|c|âAmoongbro|fluking a crit
|c|âAmoongbro|kill yourself
|
|switch|p1a: Fuck Magnezone|Skarmory, F, shiny|231\/334
|turn|57
|
|move|p2a: Landorus|Psychic|p1a: Fuck Magnezone
|-resisted|p1a: Fuck Magnezone
|-damage|p1a: Fuck Magnezone|62\/334
|move|p1a: Fuck Magnezone|Brave Bird|p2a: Landorus
|-damage|p2a: Landorus|0 fnt
|-damage|p1a: Fuck Magnezone|48\/334|[from] recoil|[of] p2a: Landorus
|faint|p2a: Landorus
|
|
|switch|p2a: Rotom-Wash|Rotom-Wash|247\/304 tox
|-damage|p2a: Rotom-Wash|209\/304 tox|[from] Stealth Rock
|turn|58
|
|switch|p1a: Mr Blobby|Amoonguss, F, shiny|432\/432 brn
|move|p2a: Rotom-Wash|Volt Switch|p1a: Mr Blobby
|-resisted|p1a: Mr Blobby
|-damage|p1a: Mr Blobby|398\/432 brn
|
|switch|p2a: Bisharp|Bisharp, M|89\/289
|-damage|p2a: Bisharp|71\/289|[from] Stealth Rock
|
|-damage|p1a: Mr Blobby|344\/432 brn|[from] brn
|turn|59
|
|move|p2a: Bisharp|Pursuit|p1a: Mr Blobby|[from]Pursuit
|-damage|p1a: Mr Blobby|170\/432 brn
|switch|p1a: Mrs Blobby|Alomomola, F, shiny|529\/529
|
|turn|60
|
|switch|p2a: Rotom-Wash|Rotom-Wash|209\/304 tox
|-damage|p2a: Rotom-Wash|171\/304 tox|[from] Stealth Rock
|move|p1a: Mrs Blobby|Scald|p2a: Rotom-Wash
|-resisted|p2a: Rotom-Wash
|-damage|p2a: Rotom-Wash|150\/304 tox
|
|-heal|p2a: Rotom-Wash|169\/304 tox|[from] item: Leftovers
|-damage|p2a: Rotom-Wash|150\/304 tox|[from] psn
|turn|61
|
|move|p1a: Mrs Blobby|Protect|p1a: Mrs Blobby
|-singleturn|p1a: Mrs Blobby|Protect
|move|p2a: Rotom-Wash|Volt Switch|p1a: Mrs Blobby
|-activate|p1a: Mrs Blobby|Protect
|
|-heal|p2a: Rotom-Wash|169\/304 tox|[from] item: Leftovers
|-damage|p2a: Rotom-Wash|131\/304 tox|[from] psn
|turn|62
|
|switch|p1a: Mr Blobby|Amoonguss, F, shiny|314\/432 brn
|move|p2a: Rotom-Wash|Volt Switch|p1a: Mr Blobby
|-resisted|p1a: Mr Blobby
|-damage|p1a: Mr Blobby|280\/432 brn
|
|switch|p2a: Bisharp|Bisharp, M|71\/289
|-damage|p2a: Bisharp|53\/289|[from] Stealth Rock
|
|-damage|p1a: Mr Blobby|226\/432 brn|[from] brn
|turn|63
|
|move|p2a: Bisharp|Pursuit|p1a: Mr Blobby|[from]Pursuit
|-damage|p1a: Mr Blobby|70\/432 brn
|switch|p1a: Mrs Blobby|Alomomola, F, shiny|529\/529
|
|turn|64
|
|switch|p2a: Rotom-Wash|Rotom-Wash|131\/304 tox
|-damage|p2a: Rotom-Wash|93\/304 tox|[from] Stealth Rock
|move|p1a: Mrs Blobby|Wish|p1a: Mrs Blobby
|
|-heal|p2a: Rotom-Wash|112\/304 tox|[from] item: Leftovers
|-damage|p2a: Rotom-Wash|93\/304 tox|[from] psn
|turn|65
|
|switch|p1a: Mr Blobby|Amoonguss, F, shiny|214\/432 brn
|move|p2a: Rotom-Wash|Pain Split|p1a: Mr Blobby
|-sethp|p1a: Mr Blobby|153\/432 brn|p2a: Rotom-Wash|153\/304 tox|[from] move: Pain Split
|
|-heal|p1a: Mr Blobby|417\/432 brn|[from] move: Wish|[wisher] Mrs Blobby
|-heal|p2a: Rotom-Wash|172\/304 tox|[from] item: Leftovers
|-damage|p2a: Rotom-Wash|134\/304 tox|[from] psn
|-damage|p1a: Mr Blobby|363\/432 brn|[from] brn
|turn|66
|
|move|p2a: Rotom-Wash|Volt Switch|p1a: Mr Blobby
|-resisted|p1a: Mr Blobby
|-damage|p1a: Mr Blobby|331\/432 brn
|
|switch|p2a: Bisharp|Bisharp, M|53\/289
|-damage|p2a: Bisharp|35\/289|[from] Stealth Rock
|move|p1a: Mr Blobby|Giga Drain|p2a: Bisharp
|-resisted|p2a: Bisharp
|-damage|p2a: Bisharp|0 fnt
|-heal|p1a: Mr Blobby|349\/432 brn|[from] drain|[of] p2a: Bisharp
|faint|p2a: Bisharp
|
|-damage|p1a: Mr Blobby|295\/432 brn|[from] brn
|
|switch|p2a: Scizor|Scizor, M|191\/343 brn
|-damage|p2a: Scizor|149\/343 brn|[from] Stealth Rock
|turn|67
|
|switch|p1a: Mrs Blobby|Alomomola, F, shiny|529\/529
|move|p2a: Scizor|U-turn|p1a: Mrs Blobby
|-damage|p1a: Mrs Blobby|478\/529
|
|switch|p2a: Rotom-Wash|Rotom-Wash|134\/304 tox
|-damage|p2a: Rotom-Wash|96\/304 tox|[from] Stealth Rock
|
|-heal|p2a: Rotom-Wash|115\/304 tox|[from] item: Leftovers
|-damage|p2a: Rotom-Wash|96\/304 tox|[from] psn
|turn|68
|
|switch|p1a: Mr Blobby|Amoonguss, F, shiny|432\/432 brn
|move|p2a: Rotom-Wash|Volt Switch|p1a: Mr Blobby
|-resisted|p1a: Mr Blobby
|-damage|p1a: Mr Blobby|396\/432 brn
|
|switch|p2a: Lopunny|Lopunny-Mega, F|272\/272
|-damage|p2a: Lopunny|255\/272|[from] Stealth Rock
|
|-damage|p1a: Mr Blobby|342\/432 brn|[from] brn
|turn|69
|
|switch|p1a: Mrs Blobby|Alomomola, F, shiny|529\/529
|move|p2a: Lopunny|High Jump Kick|p1a: Mrs Blobby
|-damage|p1a: Mrs Blobby|316\/529
|
|turn|70
|
|move|p1a: Mrs Blobby|Protect|p1a: Mrs Blobby
|-singleturn|p1a: Mrs Blobby|Protect
|move|p2a: Lopunny|High Jump Kick|p1a: Mrs Blobby
|-activate|p1a: Mrs Blobby|Protect
|-damage|p2a: Lopunny|119\/272|[from] highjumpkick
|
|turn|71
|
|move|p2a: Lopunny|High Jump Kick|p1a: Mrs Blobby|[miss]
|-miss|p2a: Lopunny|p1a: Mrs Blobby
|-damage|p2a: Lopunny|0 fnt|[from] highjumpkick
|faint|p2a: Lopunny
|move|p1a: Mrs Blobby|Wish|p1a: Mrs Blobby
|
|c|âAmoongbro|fag volt turn strat
|
|switch|p2a: Rotom-Wash|Rotom-Wash|96\/304 tox
|-damage|p2a: Rotom-Wash|58\/304 tox|[from] Stealth Rock
|turn|72
|
|move|p1a: Mrs Blobby|Protect|p1a: Mrs Blobby
|-singleturn|p1a: Mrs Blobby|Protect
|move|p2a: Rotom-Wash|Volt Switch|p1a: Mrs Blobby
|-activate|p1a: Mrs Blobby|Protect
|
|-heal|p1a: Mrs Blobby|529\/529|[from] move: Wish|[wisher] Mrs Blobby
|-heal|p2a: Rotom-Wash|77\/304 tox|[from] item: Leftovers
|-damage|p2a: Rotom-Wash|58\/304 tox|[from] psn
|turn|73
|
|switch|p1a: Fuck Magnezone|Skarmory, F, shiny|48\/334
|move|p2a: Rotom-Wash|Pain Split|p1a: Fuck Magnezone
|-sethp|p1a: Fuck Magnezone|53\/334|p2a: Rotom-Wash|53\/304 tox|[from] move: Pain Split
|
|-heal|p2a: Rotom-Wash|72\/304 tox|[from] item: Leftovers
|-damage|p2a: Rotom-Wash|34\/304 tox|[from] psn
|turn|74
|
|move|p2a: Rotom-Wash|Pain Split|p1a: Fuck Magnezone
|-sethp|p1a: Fuck Magnezone|43\/334|p2a: Rotom-Wash|43\/304 tox|[from] move: Pain Split
|move|p1a: Fuck Magnezone|Roost|p1a: Fuck Magnezone
|-heal|p1a: Fuck Magnezone|210\/334
|
|-heal|p2a: Rotom-Wash|62\/304 tox|[from] item: Leftovers
|-damage|p2a: Rotom-Wash|5\/304 tox|[from] psn
|turn|75
|
|move|p2a: Rotom-Wash|Pain Split|p1a: Fuck Magnezone
|-sethp|p1a: Fuck Magnezone|107\/334|p2a: Rotom-Wash|107\/304 tox|[from] move: Pain Split
|move|p1a: Fuck Magnezone|Roost|p1a: Fuck Magnezone
|-heal|p1a: Fuck Magnezone|274\/334
|
|-heal|p2a: Rotom-Wash|126\/304 tox|[from] item: Leftovers
|-damage|p2a: Rotom-Wash|50\/304 tox|[from] psn
|turn|76
|
|move|p2a: Rotom-Wash|Volt Switch|p1a: Fuck Magnezone
|-supereffective|p1a: Fuck Magnezone
|-damage|p1a: Fuck Magnezone|62\/334
|
|switch|p2a: Scizor|Scizor, M|149\/343 brn
|-damage|p2a: Scizor|107\/343 brn|[from] Stealth Rock
|move|p1a: Fuck Magnezone|Roost|p1a: Fuck Magnezone
|-heal|p1a: Fuck Magnezone|229\/334
|
|-heal|p2a: Scizor|128\/343 brn|[from] item: Leftovers
|-damage|p2a: Scizor|86\/343 brn|[from] brn
|turn|77
|
|move|p1a: Fuck Magnezone|Roost|p1a: Fuck Magnezone
|-heal|p1a: Fuck Magnezone|334\/334
|move|p2a: Scizor|Knock Off|p1a: Fuck Magnezone
|-damage|p1a: Fuck Magnezone|302\/334
|-enditem|p1a: Fuck Magnezone|Shed Shell|[from] move: Knock Off|[of] p2a: Scizor
|
|-heal|p2a: Scizor|107\/343 brn|[from] item: Leftovers
|-damage|p2a: Scizor|65\/343 brn|[from] brn
|turn|78
|
|move|p2a: Scizor|Bullet Punch|p1a: Fuck Magnezone
|-resisted|p1a: Fuck Magnezone
|-damage|p1a: Fuck Magnezone|287\/334
|move|p1a: Fuck Magnezone|Brave Bird|p2a: Scizor
|-damage|p2a: Scizor|0 fnt
|-damage|p1a: Fuck Magnezone|266\/334|[from] recoil|[of] p2a: Scizor
|faint|p2a: Scizor
|
|
|switch|p2a: Rotom-Wash|Rotom-Wash|50\/304 tox
|-damage|p2a: Rotom-Wash|12\/304 tox|[from] Stealth Rock
|turn|79
|
|move|p2a: Rotom-Wash|Pain Split|p1a: Fuck Magnezone
|-sethp|p1a: Fuck Magnezone|139\/334|p2a: Rotom-Wash|139\/304 tox|[from] move: Pain Split
|move|p1a: Fuck Magnezone|Roost|p1a: Fuck Magnezone
|-heal|p1a: Fuck Magnezone|306\/334
|
|-heal|p2a: Rotom-Wash|158\/304 tox|[from] item: Leftovers
|-damage|p2a: Rotom-Wash|139\/304 tox|[from] psn
|turn|80
|
|move|p2a: Rotom-Wash|Hydro Pump|p1a: Fuck Magnezone
|-damage|p1a: Fuck Magnezone|138\/334
|move|p1a: Fuck Magnezone|Roost|p1a: Fuck Magnezone
|-heal|p1a: Fuck Magnezone|305\/334
|
|-heal|p2a: Rotom-Wash|158\/304 tox|[from] item: Leftovers
|-damage|p2a: Rotom-Wash|120\/304 tox|[from] psn
|turn|81
|c|âLivingTarget|you know
|c|âAmoongbro|shut up
|c|âLivingTarget|I would have quit a long time ago if you weren't such an asshole
|c|âAmoongbro|no you wouldnt
|c|âLivingTarget|That's why I'm playing this out lol
|c|âAmoongbro|lies
|
|move|p2a: Rotom-Wash|Hydro Pump|p1a: Fuck Magnezone
|-damage|p1a: Fuck Magnezone|131\/334
|move|p1a: Fuck Magnezone|Roost|p1a: Fuck Magnezone
|-heal|p1a: Fuck Magnezone|298\/334
|
|-heal|p2a: Rotom-Wash|139\/304 tox|[from] item: Leftovers
|-damage|p2a: Rotom-Wash|82\/304 tox|[from] psn
|turn|82
|
|move|p2a: Rotom-Wash|Pain Split|p1a: Fuck Magnezone
|-sethp|p1a: Fuck Magnezone|190\/334|p2a: Rotom-Wash|190\/304 tox|[from] move: Pain Split
|move|p1a: Fuck Magnezone|Roost|p1a: Fuck Magnezone
|-heal|p1a: Fuck Magnezone|334\/334
|
|-heal|p2a: Rotom-Wash|209\/304 tox|[from] item: Leftovers
|-damage|p2a: Rotom-Wash|133\/304 tox|[from] psn
|turn|83
|
|move|p2a: Rotom-Wash|Volt Switch|p1a: Fuck Magnezone
|-supereffective|p1a: Fuck Magnezone
|-damage|p1a: Fuck Magnezone|82\/334
|move|p1a: Fuck Magnezone|Roost|p1a: Fuck Magnezone
|-heal|p1a: Fuck Magnezone|249\/334
|
|-heal|p2a: Rotom-Wash|152\/304 tox|[from] item: Leftovers
|-damage|p2a: Rotom-Wash|57\/304 tox|[from] psn
|turn|84
|
|move|p2a: Rotom-Wash|Pain Split|p1a: Fuck Magnezone
|-sethp|p1a: Fuck Magnezone|153\/334|p2a: Rotom-Wash|153\/304 tox|[from] move: Pain Split
|move|p1a: Fuck Magnezone|Roost|p1a: Fuck Magnezone
|-heal|p1a: Fuck Magnezone|320\/334
|
|-heal|p2a: Rotom-Wash|172\/304 tox|[from] item: Leftovers
|-damage|p2a: Rotom-Wash|58\/304 tox|[from] psn
|turn|85
|
|move|p2a: Rotom-Wash|Pain Split|p1a: Fuck Magnezone
|-sethp|p1a: Fuck Magnezone|189\/334|p2a: Rotom-Wash|189\/304 tox|[from] move: Pain Split
|move|p1a: Fuck Magnezone|Roost|p1a: Fuck Magnezone
|-heal|p1a: Fuck Magnezone|334\/334
|
|-heal|p2a: Rotom-Wash|208\/304 tox|[from] item: Leftovers
|-damage|p2a: Rotom-Wash|75\/304 tox|[from] psn
|turn|86
|
|move|p2a: Rotom-Wash|Pain Split|p1a: Fuck Magnezone
|-sethp|p1a: Fuck Magnezone|204\/334|p2a: Rotom-Wash|204\/304 tox|[from] move: Pain Split
|move|p1a: Fuck Magnezone|Roost|p1a: Fuck Magnezone
|-heal|p1a: Fuck Magnezone|334\/334
|
|-heal|p2a: Rotom-Wash|223\/304 tox|[from] item: Leftovers
|-damage|p2a: Rotom-Wash|71\/304 tox|[from] psn
|turn|87
|
|move|p2a: Rotom-Wash|Pain Split|p1a: Fuck Magnezone
|-sethp|p1a: Fuck Magnezone|202\/334|p2a: Rotom-Wash|202\/304 tox|[from] move: Pain Split
|move|p1a: Fuck Magnezone|Roost|p1a: Fuck Magnezone
|-heal|p1a: Fuck Magnezone|334\/334
|
|-heal|p2a: Rotom-Wash|221\/304 tox|[from] item: Leftovers
|-damage|p2a: Rotom-Wash|50\/304 tox|[from] psn
|turn|88
|
|move|p2a: Rotom-Wash|Pain Split|p1a: Fuck Magnezone
|-sethp|p1a: Fuck Magnezone|192\/334|p2a: Rotom-Wash|192\/304 tox|[from] move: Pain Split
|move|p1a: Fuck Magnezone|Roost|p1a: Fuck Magnezone
|-heal|p1a: Fuck Magnezone|334\/334
|
|-heal|p2a: Rotom-Wash|211\/304 tox|[from] item: Leftovers
|-damage|p2a: Rotom-Wash|21\/304 tox|[from] psn
|turn|89
|
|move|p2a: Rotom-Wash|Pain Split|p1a: Fuck Magnezone
|-sethp|p1a: Fuck Magnezone|177\/334|p2a: Rotom-Wash|177\/304 tox|[from] move: Pain Split
|move|p1a: Fuck Magnezone|Roost|p1a: Fuck Magnezone
|-heal|p1a: Fuck Magnezone|334\/334
|
|-heal|p2a: Rotom-Wash|196\/304 tox|[from] item: Leftovers
|-damage|p2a: Rotom-Wash|0 fnt|[from] psn
|faint|p2a: Rotom-Wash
|
|win|Amoongbro
|raw|Ladder updating...
|raw|Amoongbro's rating: 1694 &rarr; <strong>1704<\/strong><br \/>(+10 for winning)
|raw|LivingTarget's rating: 1488 &rarr; <strong>1479<\/strong><br \/>(-9 for losing)
|leave|LivingTarget
|player|p2
|c|âAmoongbro|got outpredicted on HJK twice...and all your other gay voolt turn pursuit crap. gg noob