|join|Amoongbro
|join|italoshaberle
|player|p1|Amoongbro|169
|player|p2|italoshaberle|102
|gametype|singles
|gen|6
|tier|OU
|rated
|clearpoke
|poke|p1|Chansey, F, shiny
|poke|p1|Skarmory, M, shiny
|poke|p1|Alomomola, M, shiny
|poke|p1|Amoonguss, M, shiny
|poke|p1|Quagsire, M, shiny
|poke|p1|Sableye, F, shiny
|poke|p2|Sableye, F
|poke|p2|Slowbro, F
|poke|p2|Granbull, M
|poke|p2|Scizor, M
|poke|p2|Heatran, F
|poke|p2|Latias, F
|rule|Swagger Clause: Swagger is banned
|rule|Baton Pass Clause: Limit one PokÃ©mon knowing Baton Pass
|rule|Sleep Clause Mod: Limit one foe put to sleep
|rule|Species Clause: Limit one of each PokÃ©mon
|rule|OHKO Clause: OHKO moves are banned
|rule|Moody Clause: Moody is banned
|rule|Evasion Moves Clause: Evasion moves are banned
|rule|Endless Battle Clause: Forcing endless battles is banned
|rule|HP Percentage Mod: HP is shown in percentages
|teampreview
|join|horsehead3
|
|start
|switch|p1a: Not Mega|Sableye, F, shiny|304\/304
|switch|p2a: Heatran|Heatran, F|386\/386
|turn|1
|c| horsehead3|stall :(
|
|detailschange|p1a: Not Mega|Sableye-Mega, F, shiny
|-mega|p1a: Not Mega|Sableye|Sablenite
|move|p2a: Heatran|Lava Plume|p1a: Not Mega
|-damage|p1a: Not Mega|204\/304
|move|p1a: Not Mega|Knock Off|p2a: Heatran
|-damage|p2a: Heatran|298\/386
|-enditem|p2a: Heatran|Leftovers|[from] move: Knock Off|[of] p1a: Not Mega
|
|turn|2
|c|âAmoongbro|youre stall too you idiot
|c| horsehead3|im not playing you idiot
|c|âitaloshaberle|o.O
|c| horsehead3|your 100% stall tho lol
|c|âAmoongbro|whatever thought it was the person playing. idgaf
|c|âAmoongbro|so is theoteh rguy
|c|âAmoongbro|and im not 100% stall actually
|
|switch|p1a: Baby Blobby|Chansey, F, shiny|704\/704
|move|p2a: Heatran|Lava Plume|p1a: Baby Blobby
|-damage|p1a: Baby Blobby|625\/704
|
|turn|3
|c| horsehead3|sableye is offensive?
|c|âAmoongbro|thats one pokemon
|
|switch|p1a: Not Mega|Sableye-Mega, F, shiny|204\/304
|move|p2a: Heatran|Lava Plume|p1a: Not Mega
|-damage|p1a: Not Mega|105\/304
|-status|p1a: Not Mega|brn
|
|-damage|p1a: Not Mega|67\/304 brn|[from] brn
|turn|4
|
|switch|p1a: Baby Blobby|Chansey, F, shiny|625\/704
|move|p2a: Heatran|Lava Plume|p1a: Baby Blobby
|-damage|p1a: Baby Blobby|555\/704
|
|turn|5
|c|âAmoongbro|sigh
|c|âAmoongbro|fucking pathetic
|
|switch|p2a: Scizor|Scizor, M|343\/343
|move|p1a: Baby Blobby|Seismic Toss|p2a: Scizor
|-damage|p2a: Scizor|243\/343
|
|turn|6
|
|switch|p1a: Mrs Blobby|Alomomola, M, shiny|529\/529
|move|p2a: Scizor|U-turn|p1a: Mrs Blobby
|-damage|p1a: Mrs Blobby|348\/529
|
|switch|p2a: Sableye|Sableye, F|304\/304
|
|-heal|p1a: Mrs Blobby|381\/529|[from] item: Leftovers
|turn|7
|
|switch|p1a: Mr Blobby|Amoonguss, M, shiny|432\/432
|move|p2a: Sableye|Knock Off|p1a: Mr Blobby
|-damage|p1a: Mr Blobby|342\/432
|-enditem|p1a: Mr Blobby|Assault Vest|[from] move: Knock Off|[of] p2a: Sableye
|
|turn|8
|
|move|p2a: Sableye|Taunt|p1a: Mr Blobby
|-start|p1a: Mr Blobby|move: Taunt
|move|p1a: Mr Blobby|Giga Drain|p2a: Sableye
|-damage|p2a: Sableye|234\/304
|-heal|p1a: Mr Blobby|377\/432|[from] drain|[of] p2a: Sableye
|
|-heal|p2a: Sableye|253\/304|[from] item: Leftovers
|turn|9
|
|switch|p2a: Scizor|Scizor, M|243\/343
|move|p1a: Mr Blobby|Foul Play|p2a: Scizor
|-damage|p2a: Scizor|117\/343
|
|turn|10
|
|switch|p1a: Mrs Blobby|Alomomola, M, shiny|529\/529
|move|p2a: Scizor|U-turn|p1a: Mrs Blobby
|-damage|p1a: Mrs Blobby|361\/529
|
|switch|p2a: Latias|Latias, F|319\/319
|
|-heal|p1a: Mrs Blobby|394\/529|[from] item: Leftovers
|turn|11
|
|switch|p1a: Baby Blobby|Chansey, F, shiny|555\/704
|move|p2a: Latias|Thunderbolt|p1a: Baby Blobby
|-damage|p1a: Baby Blobby|478\/704
|-damage|p2a: Latias|288\/319|[from] item: Life Orb
|
|turn|12
|
|switch|p2a: Sableye|Sableye, F|253\/304
|move|p1a: Baby Blobby|Soft-Boiled|p1a: Baby Blobby
|-heal|p1a: Baby Blobby|704\/704
|
|-heal|p2a: Sableye|272\/304|[from] item: Leftovers
|turn|13
|
|switch|p1a: Fuck Magnezone|Skarmory, M, shiny|334\/334
|move|p2a: Sableye|Knock Off|p1a: Fuck Magnezone
|-damage|p1a: Fuck Magnezone|277\/334
|-enditem|p1a: Fuck Magnezone|Shed Shell|[from] move: Knock Off|[of] p2a: Sableye
|
|-heal|p2a: Sableye|291\/304|[from] item: Leftovers
|turn|14
|
|move|p2a: Sableye|Taunt|p1a: Fuck Magnezone
|-start|p1a: Fuck Magnezone|move: Taunt
|cant|p1a: Fuck Magnezone|move: Taunt|Stealth Rock
|
|-heal|p2a: Sableye|304\/304|[from] item: Leftovers
|turn|15
|
|switch|p1a: Mrs Blobby|Alomomola, M, shiny|529\/529
|move|p2a: Sableye|Will-O-Wisp|p1a: Mrs Blobby
|-status|p1a: Mrs Blobby|brn
|
|-damage|p1a: Mrs Blobby|463\/529 brn|[from] brn
|turn|16
|
|move|p2a: Sableye|Taunt|p1a: Mrs Blobby
|-start|p1a: Mrs Blobby|move: Taunt
|cant|p1a: Mrs Blobby|move: Taunt|Wish
|
|-heal|p1a: Mrs Blobby|496\/529 brn|[from] item: Leftovers
|-damage|p1a: Mrs Blobby|430\/529 brn|[from] brn
|turn|17
|
|switch|p1a: Mr Blobby|Amoonguss, M, shiny|432\/432
|move|p2a: Sableye|Knock Off|p1a: Mr Blobby
|-crit|p1a: Mr Blobby
|-damage|p1a: Mr Blobby|351\/432
|
|turn|18
|
|switch|p1a: Mrs Blobby|Alomomola, M, shiny|529\/529 brn
|move|p2a: Sableye|Taunt|p1a: Mrs Blobby
|-start|p1a: Mrs Blobby|move: Taunt
|
|-damage|p1a: Mrs Blobby|463\/529 brn|[from] brn
|turn|19
|
|switch|p1a: Mr Blobby|Amoonguss, M, shiny|432\/432
|switch|p2a: Latias|Latias, F|288\/319
|
|turn|20
|
|switch|p1a: Baby Blobby|Chansey, F, shiny|704\/704
|move|p2a: Latias|Ice Beam|p1a: Baby Blobby
|-damage|p1a: Baby Blobby|631\/704
|-damage|p2a: Latias|257\/319|[from] item: Life Orb
|
|turn|21
|
|switch|p2a: Heatran|Heatran, F|298\/386
|move|p1a: Baby Blobby|Heal Bell|p1a: Baby Blobby
|-cureteam|p1a: Baby Blobby|[from] move: HealBell
|
|turn|22
|
|move|p2a: Heatran|Toxic|p1a: Baby Blobby
|-status|p1a: Baby Blobby|tox
|move|p1a: Baby Blobby|Seismic Toss|p2a: Heatran
|-damage|p2a: Heatran|198\/386
|
|-damage|p1a: Baby Blobby|587\/704 tox|[from] psn
|turn|23
|
|switch|p2a: Sableye|Sableye, F|304\/304
|move|p1a: Baby Blobby|Seismic Toss|p2a: Sableye
|-immune|p2a: Sableye|[msg]
|
|-damage|p1a: Baby Blobby|499\/704 tox|[from] psn
|turn|24
|
|switch|p1a: Mrs Blobby|Alomomola, M, shiny|529\/529
|move|p2a: Sableye|Knock Off|p1a: Mrs Blobby
|-damage|p1a: Mrs Blobby|453\/529
|-enditem|p1a: Mrs Blobby|Leftovers|[from] move: Knock Off|[of] p2a: Sableye
|
|turn|25
|
|switch|p1a: Mr Blobby|Amoonguss, M, shiny|432\/432
|move|p2a: Sableye|Will-O-Wisp|p1a: Mr Blobby
|-status|p1a: Mr Blobby|brn
|
|-damage|p1a: Mr Blobby|378\/432 brn|[from] brn
|turn|26
|
|switch|p1a: Mrs Blobby|Alomomola, M, shiny|529\/529
|move|p2a: Sableye|Taunt|p1a: Mrs Blobby
|-start|p1a: Mrs Blobby|move: Taunt
|
|turn|27
|
|switch|p1a: Mr Blobby|Amoonguss, M, shiny|432\/432 brn
|move|p2a: Sableye|Knock Off|p1a: Mr Blobby
|-damage|p1a: Mr Blobby|372\/432 brn
|
|-damage|p1a: Mr Blobby|318\/432 brn|[from] brn
|turn|28
|
|switch|p1a: Mrs Blobby|Alomomola, M, shiny|529\/529
|move|p2a: Sableye|Taunt|p1a: Mrs Blobby
|-start|p1a: Mrs Blobby|move: Taunt
|
|turn|29
|
|switch|p1a: Mr Blobby|Amoonguss, M, shiny|432\/432 brn
|switch|p2a: Slowbro|Slowbro, F|394\/394
|
|-damage|p1a: Mr Blobby|378\/432 brn|[from] brn
|turn|30
|
|switch|p2a: Heatran|Heatran, F|198\/386
|switch|p1a: Baby Blobby|Chansey, F, shiny|499\/704
|
|turn|31
|
|move|p2a: Heatran|Stealth Rock|p1a: Baby Blobby
|-sidestart|p1: Amoongbro|move: Stealth Rock
|move|p1a: Baby Blobby|Soft-Boiled|p1a: Baby Blobby
|-heal|p1a: Baby Blobby|704\/704
|
|turn|32
|
|switch|p2a: Sableye|Sableye, F|304\/304
|move|p1a: Baby Blobby|Seismic Toss|p2a: Sableye
|-immune|p2a: Sableye|[msg]
|
|turn|33
|
|switch|p1a: Mrs Blobby|Alomomola, M, shiny|529\/529
|-damage|p1a: Mrs Blobby|463\/529|[from] Stealth Rock
|move|p2a: Sableye|Taunt|p1a: Mrs Blobby
|-start|p1a: Mrs Blobby|move: Taunt
|
|turn|34
|
|switch|p1a: Mr Blobby|Amoonguss, M, shiny|432\/432 brn
|-damage|p1a: Mr Blobby|378\/432 brn|[from] Stealth Rock
|switch|p2a: Latias|Latias, F|257\/319
|
|-damage|p1a: Mr Blobby|324\/432 brn|[from] brn
|turn|35
|
|switch|p2a: Scizor|Scizor, M|117\/343
|switch|p1a: Baby Blobby|Chansey, F, shiny|704\/704
|-damage|p1a: Baby Blobby|616\/704|[from] Stealth Rock
|
|turn|36
|
|switch|p1a: Mrs Blobby|Alomomola, M, shiny|529\/529
|-damage|p1a: Mrs Blobby|463\/529|[from] Stealth Rock
|move|p2a: Scizor|Knock Off|p1a: Mrs Blobby
|-damage|p1a: Mrs Blobby|358\/529
|
|turn|37
|
|switch|p2a: Latias|Latias, F|257\/319
|move|p1a: Mrs Blobby|Wish|p1a: Mrs Blobby
|
|turn|38
|
|switch|p1a: Baby Blobby|Chansey, F, shiny|616\/704
|-damage|p1a: Baby Blobby|528\/704|[from] Stealth Rock
|move|p2a: Latias|Draco Meteor|p1a: Baby Blobby
|-damage|p1a: Baby Blobby|371\/704
|-unboost|p2a: Latias|spa|2
|-damage|p2a: Latias|226\/319|[from] item: Life Orb
|
|-heal|p1a: Baby Blobby|635\/704|[from] move: Wish|[wisher] Mrs Blobby
|turn|39
|
|switch|p2a: Slowbro|Slowbro, F|394\/394
|switch|p1a: Mrs Blobby|Alomomola, M, shiny|529\/529
|-damage|p1a: Mrs Blobby|463\/529|[from] Stealth Rock
|
|turn|40
|
|move|p1a: Mrs Blobby|Wish|p1a: Mrs Blobby
|move|p2a: Slowbro|Calm Mind|p2a: Slowbro
|-boost|p2a: Slowbro|spa|1
|-boost|p2a: Slowbro|spd|1
|
|turn|41
|
|switch|p1a: Baby Blobby|Chansey, F, shiny|635\/704
|-damage|p1a: Baby Blobby|547\/704|[from] Stealth Rock
|move|p2a: Slowbro|Calm Mind|p2a: Slowbro
|-boost|p2a: Slowbro|spa|1
|-boost|p2a: Slowbro|spd|1
|
|-heal|p1a: Baby Blobby|704\/704|[from] move: Wish|[wisher] Mrs Blobby
|turn|42
|
|move|p1a: Baby Blobby|Toxic|p2a: Slowbro
|-status|p2a: Slowbro|tox
|move|p2a: Slowbro|Calm Mind|p2a: Slowbro
|-boost|p2a: Slowbro|spa|1
|-boost|p2a: Slowbro|spd|1
|
|-damage|p2a: Slowbro|370\/394 tox|[from] psn
|turn|43
|
|switch|p1a: Uncle Blobby|Quagsire, M, shiny|394\/394
|-damage|p1a: Uncle Blobby|370\/394|[from] Stealth Rock
|move|p2a: Slowbro|Scald|p1a: Uncle Blobby
|-damage|p1a: Uncle Blobby|243\/394
|-status|p1a: Uncle Blobby|brn
|
|-heal|p1a: Uncle Blobby|267\/394 brn|[from] item: Leftovers
|-damage|p2a: Slowbro|322\/394 tox|[from] psn
|-damage|p1a: Uncle Blobby|218\/394 brn|[from] brn
|turn|44
|
|detailschange|p2a: Slowbro|Slowbro-Mega, F
|-mega|p2a: Slowbro|Slowbro|Slowbronite
|move|p2a: Slowbro|Scald|p1a: Uncle Blobby
|-damage|p1a: Uncle Blobby|47\/394 brn
|move|p1a: Uncle Blobby|Recover|p1a: Uncle Blobby
|-heal|p1a: Uncle Blobby|244\/394 brn
|
|-heal|p1a: Uncle Blobby|268\/394 brn|[from] item: Leftovers
|-damage|p2a: Slowbro|250\/394 tox|[from] psn
|-damage|p1a: Uncle Blobby|219\/394 brn|[from] brn
|turn|45
|
|move|p2a: Slowbro|Calm Mind|p2a: Slowbro
|-boost|p2a: Slowbro|spa|1
|-boost|p2a: Slowbro|spd|1
|move|p1a: Uncle Blobby|Recover|p1a: Uncle Blobby
|-heal|p1a: Uncle Blobby|394\/394 brn
|
|-damage|p2a: Slowbro|154\/394 tox|[from] psn
|-damage|p1a: Uncle Blobby|345\/394 brn|[from] brn
|turn|46
|
|switch|p2a: Granbull|Granbull, M|384\/384
|-ability|p2a: Granbull|Intimidate|[of] p1a: Uncle Blobby
|-unboost|p1a: Uncle Blobby|atk|1
|move|p1a: Uncle Blobby|Recover|p1a: Uncle Blobby
|-heal|p1a: Uncle Blobby|394\/394 brn
|
|-damage|p1a: Uncle Blobby|345\/394 brn|[from] brn
|turn|47
|
|switch|p1a: Fuck Magnezone|Skarmory, M, shiny|277\/334
|-damage|p1a: Fuck Magnezone|236\/334|[from] Stealth Rock
|move|p2a: Granbull|Heal Bell|p2a: Granbull
|-cureteam|p2a: Granbull|[from] move: HealBell
|
|turn|48
|leave|horsehead3
|
|switch|p2a: Slowbro|Slowbro-Mega, F|154\/394
|move|p1a: Fuck Magnezone|Defog|p2a: Slowbro
|-unboost|p2a: Slowbro|evasion|1
|-sideend|p1: Amoongbro|Stealth Rock|[from] move: Defog|[of] p1a: Fuck Magnezone
|
|turn|49
|
|switch|p1a: Baby Blobby|Chansey, F, shiny|704\/704
|move|p2a: Slowbro|Slack Off|p2a: Slowbro
|-heal|p2a: Slowbro|351\/394
|
|turn|50
|
|switch|p2a: Scizor|Scizor, M|117\/343
|move|p1a: Baby Blobby|Seismic Toss|p2a: Scizor
|-damage|p2a: Scizor|17\/343
|
|turn|51
|
|switch|p2a: Latias|Latias, F|226\/319
|switch|p1a: Mrs Blobby|Alomomola, M, shiny|529\/529
|
|turn|52
|
|switch|p1a: Baby Blobby|Chansey, F, shiny|704\/704
|move|p2a: Latias|Thunderbolt|p1a: Baby Blobby
|-damage|p1a: Baby Blobby|625\/704
|-damage|p2a: Latias|195\/319|[from] item: Life Orb
|
|turn|53
|
|switch|p2a: Sableye|Sableye, F|304\/304
|move|p1a: Baby Blobby|Heal Bell|p1a: Baby Blobby
|-cureteam|p1a: Baby Blobby|[from] move: HealBell
|
|turn|54
|
|switch|p1a: Mrs Blobby|Alomomola, M, shiny|529\/529
|move|p2a: Sableye|Knock Off|p1a: Mrs Blobby
|-damage|p1a: Mrs Blobby|478\/529
|
|turn|55
|
|switch|p1a: Not Mega|Sableye-Mega, F, shiny|67\/304
|move|p2a: Sableye|Will-O-Wisp|p1a: Not Mega
|move|p1a: Not Mega|Will-O-Wisp|p2a: Sableye|[from]Magic Bounce
|-status|p2a: Sableye|brn
|
|-damage|p2a: Sableye|266\/304 brn|[from] brn
|turn|56
|
|switch|p2a: Scizor|Scizor, M|17\/343
|move|p1a: Not Mega|Recover|p1a: Not Mega
|-heal|p1a: Not Mega|219\/304
|
|turn|57
|
|switch|p1a: Mrs Blobby|Alomomola, M, shiny|529\/529
|move|p2a: Scizor|U-turn|p1a: Mrs Blobby
|-damage|p1a: Mrs Blobby|346\/529
|
|switch|p2a: Slowbro|Slowbro-Mega, F|351\/394
|
|turn|58
|
|switch|p2a: Granbull|Granbull, M|384\/384
|-ability|p2a: Granbull|Intimidate|[of] p1a: Mrs Blobby
|-unboost|p1a: Mrs Blobby|atk|1
|move|p1a: Mrs Blobby|Toxic|p2a: Granbull
|-status|p2a: Granbull|tox
|
|-damage|p2a: Granbull|360\/384 tox|[from] psn
|turn|59
|
|move|p1a: Mrs Blobby|Toxic|p2a: Granbull
|-fail|p2a: Granbull|tox
|move|p2a: Granbull|Heal Bell|p2a: Granbull
|-cureteam|p2a: Granbull|[from] move: HealBell
|
|-heal|p2a: Granbull|384\/384|[from] item: Leftovers
|turn|60
|
|switch|p1a: Fuck Magnezone|Skarmory, M, shiny|236\/334
|move|p2a: Granbull|Play Rough|p1a: Fuck Magnezone
|-resisted|p1a: Fuck Magnezone
|-damage|p1a: Fuck Magnezone|203\/334
|
|turn|61
|
|switch|p2a: Heatran|Heatran, F|198\/386
|move|p1a: Fuck Magnezone|Stealth Rock|p2a: Heatran
|-sidestart|p2: italoshaberle|move: Stealth Rock
|
|turn|62
|
|switch|p1a: Baby Blobby|Chansey, F, shiny|625\/704
|move|p2a: Heatran|Stealth Rock|p1a: Baby Blobby
|-sidestart|p1: Amoongbro|move: Stealth Rock
|
|turn|63
|
|move|p2a: Heatran|Lava Plume|p1a: Baby Blobby
|-damage|p1a: Baby Blobby|549\/704
|move|p1a: Baby Blobby|Seismic Toss|p2a: Heatran
|-damage|p2a: Heatran|98\/386
|
|turn|64
|
|move|p2a: Heatran|Protect|p2a: Heatran
|-singleturn|p2a: Heatran|Protect
|move|p1a: Baby Blobby|Soft-Boiled|p1a: Baby Blobby
|-heal|p1a: Baby Blobby|704\/704
|
|turn|65
|
|switch|p2a: Sableye|Sableye, F|266\/304
|-damage|p2a: Sableye|228\/304|[from] Stealth Rock
|move|p1a: Baby Blobby|Seismic Toss|p2a: Sableye
|-immune|p2a: Sableye|[msg]
|
|-heal|p2a: Sableye|247\/304|[from] item: Leftovers
|turn|66
|
|switch|p2a: Scizor|Scizor, M|17\/343
|-damage|p2a: Scizor|0 fnt|[from] Stealth Rock
|faint|p2a: Scizor
|switch|p1a: Not Mega|Sableye-Mega, F, shiny|219\/304
|-damage|p1a: Not Mega|181\/304|[from] Stealth Rock
|
|
|switch|p2a: Slowbro|Slowbro-Mega, F|351\/394
|-damage|p2a: Slowbro|302\/394|[from] Stealth Rock
|turn|67
|
|move|p2a: Slowbro|Calm Mind|p2a: Slowbro
|-boost|p2a: Slowbro|spa|1
|-boost|p2a: Slowbro|spd|1
|move|p1a: Not Mega|Recover|p1a: Not Mega
|-heal|p1a: Not Mega|304\/304
|
|turn|68
|
|switch|p1a: Baby Blobby|Chansey, F, shiny|704\/704
|-damage|p1a: Baby Blobby|616\/704|[from] Stealth Rock
|move|p2a: Slowbro|Calm Mind|p2a: Slowbro
|-boost|p2a: Slowbro|spa|1
|-boost|p2a: Slowbro|spd|1
|
|turn|69
|
|move|p1a: Baby Blobby|Toxic|p2a: Slowbro
|-status|p2a: Slowbro|tox
|move|p2a: Slowbro|Calm Mind|p2a: Slowbro
|-boost|p2a: Slowbro|spa|1
|-boost|p2a: Slowbro|spd|1
|
|-damage|p2a: Slowbro|278\/394 tox|[from] psn
|turn|70
|
|move|p1a: Baby Blobby|Soft-Boiled|p1a: Baby Blobby
|-heal|p1a: Baby Blobby|704\/704
|move|p2a: Slowbro|Scald|p1a: Baby Blobby
|-damage|p1a: Baby Blobby|505\/704
|-status|p1a: Baby Blobby|brn
|
|-damage|p1a: Baby Blobby|417\/704 brn|[from] brn
|-damage|p2a: Slowbro|230\/394 tox|[from] psn
|turn|71
|
|switch|p1a: Uncle Blobby|Quagsire, M, shiny|345\/394
|-damage|p1a: Uncle Blobby|321\/394|[from] Stealth Rock
|switch|p2a: Sableye|Sableye, F|247\/304
|-damage|p2a: Sableye|209\/304|[from] Stealth Rock
|
|-heal|p2a: Sableye|228\/304|[from] item: Leftovers
|-heal|p1a: Uncle Blobby|345\/394|[from] item: Leftovers
|turn|72
|
|switch|p1a: Not Mega|Sableye-Mega, F, shiny|304\/304
|-damage|p1a: Not Mega|266\/304|[from] Stealth Rock
|move|p2a: Sableye|Knock Off|p1a: Not Mega
|-damage|p1a: Not Mega|227\/304
|
|-heal|p2a: Sableye|247\/304|[from] item: Leftovers
|turn|73
|
|switch|p2a: Heatran|Heatran, F|98\/386
|-damage|p2a: Heatran|50\/386|[from] Stealth Rock
|move|p1a: Not Mega|Recover|p1a: Not Mega
|-heal|p1a: Not Mega|304\/304
|
|turn|74
|
|switch|p1a: Mrs Blobby|Alomomola, M, shiny|522\/529
|-damage|p1a: Mrs Blobby|456\/529|[from] Stealth Rock
|move|p2a: Heatran|Lava Plume|p1a: Mrs Blobby
|-resisted|p1a: Mrs Blobby
|-damage|p1a: Mrs Blobby|352\/529
|
|turn|75
|
|move|p2a: Heatran|Toxic|p1a: Mrs Blobby
|-status|p1a: Mrs Blobby|tox
|move|p1a: Mrs Blobby|Scald|p2a: Heatran
|-supereffective|p2a: Heatran
|-damage|p2a: Heatran|0 fnt
|faint|p2a: Heatran
|
|-damage|p1a: Mrs Blobby|319\/529 tox|[from] psn
|
|switch|p2a: Latias|Latias, F|195\/319
|-damage|p2a: Latias|156\/319|[from] Stealth Rock
|turn|76
|
|switch|p1a: Mr Blobby|Amoonguss, M, shiny|432\/432
|-damage|p1a: Mr Blobby|378\/432|[from] Stealth Rock
|move|p2a: Latias|Roost|p2a: Latias
|-heal|p2a: Latias|316\/319
|
|turn|77
|
|move|p2a: Latias|Ice Beam|p1a: Mr Blobby
|-supereffective|p1a: Mr Blobby
|-damage|p1a: Mr Blobby|121\/432
|-damage|p2a: Latias|285\/319|[from] item: Life Orb
|move|p1a: Mr Blobby|Foul Play|p2a: Latias
|-supereffective|p2a: Latias
|-damage|p2a: Latias|167\/319
|
|turn|78
|
|move|p2a: Latias|Roost|p2a: Latias
|-heal|p2a: Latias|319\/319
|move|p1a: Mr Blobby|Foul Play|p2a: Latias
|-supereffective|p2a: Latias
|-damage|p2a: Latias|201\/319
|
|turn|79
|
|move|p2a: Latias|Draco Meteor|p1a: Mr Blobby
|-damage|p1a: Mr Blobby|0 fnt
|-unboost|p2a: Latias|spa|2
|-damage|p2a: Latias|170\/319|[from] item: Life Orb
|faint|p1a: Mr Blobby
|
|
|switch|p1a: Baby Blobby|Chansey, F, shiny|417\/704
|-damage|p1a: Baby Blobby|329\/704|[from] Stealth Rock
|turn|80
|
|move|p2a: Latias|Roost|p2a: Latias
|-heal|p2a: Latias|319\/319
|move|p1a: Baby Blobby|Soft-Boiled|p1a: Baby Blobby
|-heal|p1a: Baby Blobby|681\/704
|
|turn|81
|
|switch|p2a: Granbull|Granbull, M|384\/384
|-damage|p2a: Granbull|336\/384|[from] Stealth Rock
|-ability|p2a: Granbull|Intimidate|[of] p1a: Baby Blobby
|-unboost|p1a: Baby Blobby|atk|1
|move|p1a: Baby Blobby|Toxic|p2a: Granbull
|-status|p2a: Granbull|tox
|
|-heal|p2a: Granbull|360\/384 tox|[from] item: Leftovers
|-damage|p2a: Granbull|336\/384 tox|[from] psn
|turn|82
|
|switch|p1a: Mrs Blobby|Alomomola, M, shiny|495\/529 tox
|-damage|p1a: Mrs Blobby|429\/529 tox|[from] Stealth Rock
|move|p2a: Granbull|Heal Bell|p2a: Granbull
|-cureteam|p2a: Granbull|[from] move: HealBell
|
|-heal|p2a: Granbull|360\/384|[from] item: Leftovers
|-damage|p1a: Mrs Blobby|396\/529 tox|[from] psn
|turn|83
|
|switch|p1a: Fuck Magnezone|Skarmory, M, shiny|203\/334
|-damage|p1a: Fuck Magnezone|162\/334|[from] Stealth Rock
|switch|p2a: Latias|Latias, F|319\/319
|-damage|p2a: Latias|280\/319|[from] Stealth Rock
|
|turn|84
|
|switch|p1a: Baby Blobby|Chansey, F, shiny|681\/704
|-damage|p1a: Baby Blobby|593\/704|[from] Stealth Rock
|move|p2a: Latias|Thunderbolt|p1a: Baby Blobby
|-damage|p1a: Baby Blobby|523\/704
|-damage|p2a: Latias|249\/319|[from] item: Life Orb
|
|turn|85
|
|switch|p2a: Granbull|Granbull, M|360\/384
|-damage|p2a: Granbull|312\/384|[from] Stealth Rock
|-ability|p2a: Granbull|Intimidate|[of] p1a: Baby Blobby
|-unboost|p1a: Baby Blobby|atk|1
|move|p1a: Baby Blobby|Soft-Boiled|p1a: Baby Blobby
|-heal|p1a: Baby Blobby|704\/704
|
|-heal|p2a: Granbull|336\/384|[from] item: Leftovers
|turn|86
|
|switch|p1a: Mrs Blobby|Alomomola, M, shiny|529\/529 tox
|-damage|p1a: Mrs Blobby|463\/529 tox|[from] Stealth Rock
|move|p2a: Granbull|Play Rough|p1a: Mrs Blobby
|-damage|p1a: Mrs Blobby|360\/529 tox
|
|-heal|p2a: Granbull|360\/384|[from] item: Leftovers
|-damage|p1a: Mrs Blobby|327\/529 tox|[from] psn
|turn|87
|
|move|p1a: Mrs Blobby|Wish|p1a: Mrs Blobby
|move|p2a: Granbull|Play Rough|p1a: Mrs Blobby
|-damage|p1a: Mrs Blobby|222\/529 tox
|
|-heal|p2a: Granbull|384\/384|[from] item: Leftovers
|-damage|p1a: Mrs Blobby|156\/529 tox|[from] psn
|turn|88
|
|switch|p1a: Fuck Magnezone|Skarmory, M, shiny|162\/334
|-damage|p1a: Fuck Magnezone|121\/334|[from] Stealth Rock
|switch|p2a: Slowbro|Slowbro-Mega, F|230\/394
|-damage|p2a: Slowbro|181\/394|[from] Stealth Rock
|
|-heal|p1a: Fuck Magnezone|334\/334|[from] move: Wish|[wisher] Mrs Blobby
|turn|89
|
|move|p1a: Fuck Magnezone|Defog|p2a: Slowbro
|-unboost|p2a: Slowbro|evasion|1
|-sideend|p2: italoshaberle|Stealth Rock|[from] move: Defog|[of] p2a: Slowbro
|-sideend|p1: Amoongbro|Stealth Rock|[from] move: Defog|[of] p1a: Fuck Magnezone
|move|p2a: Slowbro|Slack Off|p2a: Slowbro
|-heal|p2a: Slowbro|378\/394
|
|turn|90
|
|move|p1a: Fuck Magnezone|Stealth Rock|p2a: Slowbro
|-sidestart|p2: italoshaberle|move: Stealth Rock
|move|p2a: Slowbro|Scald|p1a: Fuck Magnezone
|-damage|p1a: Fuck Magnezone|184\/334
|
|turn|91
|
|switch|p1a: Baby Blobby|Chansey, F, shiny|704\/704
|move|p2a: Slowbro|Scald|p1a: Baby Blobby
|-damage|p1a: Baby Blobby|632\/704
|
|turn|92
|
|move|p1a: Baby Blobby|Heal Bell|p1a: Baby Blobby
|-cureteam|p1a: Baby Blobby|[from] move: HealBell
|move|p2a: Slowbro|Scald|p1a: Baby Blobby
|-damage|p1a: Baby Blobby|560\/704
|-status|p1a: Baby Blobby|brn
|
|-damage|p1a: Baby Blobby|472\/704 brn|[from] brn
|turn|93
|
|move|p1a: Baby Blobby|Soft-Boiled|p1a: Baby Blobby
|-heal|p1a: Baby Blobby|704\/704 brn
|move|p2a: Slowbro|Scald|p1a: Baby Blobby
|-crit|p1a: Baby Blobby
|-damage|p1a: Baby Blobby|583\/704 brn
|
|-damage|p1a: Baby Blobby|495\/704 brn|[from] brn
|turn|94
|
|switch|p1a: Mrs Blobby|Alomomola, M, shiny|332\/529
|move|p2a: Slowbro|Calm Mind|p2a: Slowbro
|-boost|p2a: Slowbro|spa|1
|-boost|p2a: Slowbro|spd|1
|
|turn|95
|
|switch|p1a: Baby Blobby|Chansey, F, shiny|495\/704
|move|p2a: Slowbro|Scald|p1a: Baby Blobby
|-damage|p1a: Baby Blobby|392\/704
|
|turn|96
|
|move|p1a: Baby Blobby|Soft-Boiled|p1a: Baby Blobby
|-heal|p1a: Baby Blobby|704\/704
|move|p2a: Slowbro|Scald|p1a: Baby Blobby
|-damage|p1a: Baby Blobby|599\/704
|
|turn|97
|
|move|p1a: Baby Blobby|Toxic|p2a: Slowbro
|-status|p2a: Slowbro|tox
|move|p2a: Slowbro|Scald|p1a: Baby Blobby
|-damage|p1a: Baby Blobby|482\/704
|
|-damage|p2a: Slowbro|354\/394 tox|[from] psn
|turn|98
|
|move|p1a: Baby Blobby|Soft-Boiled|p1a: Baby Blobby
|-heal|p1a: Baby Blobby|704\/704
|move|p2a: Slowbro|Scald|p1a: Baby Blobby
|-damage|p1a: Baby Blobby|583\/704
|
|-damage|p2a: Slowbro|306\/394 tox|[from] psn
|turn|99
|
|switch|p1a: Uncle Blobby|Quagsire, M, shiny|345\/394
|move|p2a: Slowbro|Slack Off|p2a: Slowbro
|-heal|p2a: Slowbro|394\/394 tox
|
|-heal|p1a: Uncle Blobby|369\/394|[from] item: Leftovers
|-damage|p2a: Slowbro|322\/394 tox|[from] psn
|turn|100
|
|move|p2a: Slowbro|Scald|p1a: Uncle Blobby
|-damage|p1a: Uncle Blobby|201\/394
|move|p1a: Uncle Blobby|Earthquake|p2a: Slowbro
|-damage|p2a: Slowbro|270\/394 tox
|
|-heal|p1a: Uncle Blobby|225\/394|[from] item: Leftovers
|-damage|p2a: Slowbro|174\/394 tox|[from] psn
|turn|101
|
|switch|p2a: Granbull|Granbull, M|384\/384
|-damage|p2a: Granbull|336\/384|[from] Stealth Rock
|-ability|p2a: Granbull|Intimidate|[of] p1a: Uncle Blobby
|-unboost|p1a: Uncle Blobby|atk|1
|switch|p1a: Mrs Blobby|Alomomola, M, shiny|508\/529
|
|-heal|p2a: Granbull|360\/384|[from] item: Leftovers
|turn|102
|
|move|p1a: Mrs Blobby|Toxic|p2a: Granbull
|-status|p2a: Granbull|tox
|move|p2a: Granbull|Heal Bell|p2a: Granbull
|-cureteam|p2a: Granbull|[from] move: HealBell
|
|-heal|p2a: Granbull|384\/384|[from] item: Leftovers
|turn|103
|
|move|p1a: Mrs Blobby|Toxic|p2a: Granbull
|-status|p2a: Granbull|tox
|move|p2a: Granbull|Stone Edge|p1a: Mrs Blobby
|-damage|p1a: Mrs Blobby|434\/529
|
|-damage|p2a: Granbull|360\/384 tox|[from] psn
|turn|104
|
|move|p1a: Mrs Blobby|Toxic|p2a: Granbull
|-fail|p2a: Granbull|tox
|move|p2a: Granbull|Heal Bell|p2a: Granbull
|-cureteam|p2a: Granbull|[from] move: HealBell
|
|-heal|p2a: Granbull|384\/384|[from] item: Leftovers
|turn|105
|
|move|p1a: Mrs Blobby|Toxic|p2a: Granbull
|-status|p2a: Granbull|tox
|move|p2a: Granbull|Play Rough|p1a: Mrs Blobby
|-damage|p1a: Mrs Blobby|335\/529
|
|-damage|p2a: Granbull|360\/384 tox|[from] psn
|turn|106
|
|move|p1a: Mrs Blobby|Wish|p1a: Mrs Blobby
|move|p2a: Granbull|Play Rough|p1a: Mrs Blobby
|-damage|p1a: Mrs Blobby|223\/529
|
|-heal|p2a: Granbull|384\/384 tox|[from] item: Leftovers
|-damage|p2a: Granbull|336\/384 tox|[from] psn
|turn|107
|
|move|p1a: Mrs Blobby|Toxic|p2a: Granbull
|-fail|p2a: Granbull|tox
|move|p2a: Granbull|Heal Bell|p2a: Granbull
|-cureteam|p2a: Granbull|[from] move: HealBell
|
|-heal|p1a: Mrs Blobby|487\/529|[from] move: Wish|[wisher] Mrs Blobby
|-heal|p2a: Granbull|360\/384|[from] item: Leftovers
|turn|108
|
|switch|p2a: Latias|Latias, F|249\/319
|-damage|p2a: Latias|210\/319|[from] Stealth Rock
|move|p1a: Mrs Blobby|Toxic|p2a: Latias
|-status|p2a: Latias|tox
|
|-damage|p2a: Latias|191\/319 tox|[from] psn
|turn|109
|
|switch|p1a: Baby Blobby|Chansey, F, shiny|583\/704
|move|p2a: Latias|Draco Meteor|p1a: Baby Blobby
|-damage|p1a: Baby Blobby|430\/704
|-unboost|p2a: Latias|spa|2
|-damage|p2a: Latias|160\/319 tox|[from] item: Life Orb
|
|-damage|p2a: Latias|122\/319 tox|[from] psn
|turn|110
|
|move|p2a: Latias|Roost|p2a: Latias
|-heal|p2a: Latias|282\/319 tox
|move|p1a: Baby Blobby|Soft-Boiled|p1a: Baby Blobby
|-heal|p1a: Baby Blobby|704\/704
|
|-damage|p2a: Latias|225\/319 tox|[from] psn
|turn|111
|
|switch|p2a: Slowbro|Slowbro-Mega, F|174\/394
|-damage|p2a: Slowbro|125\/394|[from] Stealth Rock
|move|p1a: Baby Blobby|Seismic Toss|p2a: Slowbro
|-damage|p2a: Slowbro|25\/394
|
|turn|112
|
|move|p1a: Baby Blobby|Seismic Toss|p2a: Slowbro
|-damage|p2a: Slowbro|0 fnt
|faint|p2a: Slowbro
|
|
|switch|p2a: Granbull|Granbull, M|360\/384
|-damage|p2a: Granbull|312\/384|[from] Stealth Rock
|-ability|p2a: Granbull|Intimidate|[of] p1a: Baby Blobby
|-unboost|p1a: Baby Blobby|atk|1
|turn|113
|
|switch|p1a: Mrs Blobby|Alomomola, M, shiny|529\/529
|move|p2a: Granbull|Close Combat|p1a: Mrs Blobby
|-damage|p1a: Mrs Blobby|434\/529
|-unboost|p2a: Granbull|def|1
|-unboost|p2a: Granbull|spd|1
|
|-heal|p2a: Granbull|336\/384|[from] item: Leftovers
|turn|114
|
|move|p1a: Mrs Blobby|Wish|p1a: Mrs Blobby
|move|p2a: Granbull|Heal Bell|p2a: Granbull
|-cureteam|p2a: Granbull|[from] move: HealBell
|
|-heal|p2a: Granbull|360\/384|[from] item: Leftovers
|turn|115
|
|switch|p1a: Fuck Magnezone|Skarmory, M, shiny|184\/334
|switch|p2a: Sableye|Sableye, F|247\/304
|-damage|p2a: Sableye|209\/304|[from] Stealth Rock
|
|-heal|p1a: Fuck Magnezone|334\/334|[from] move: Wish|[wisher] Mrs Blobby
|-heal|p2a: Sableye|228\/304|[from] item: Leftovers
|turn|116
|
|switch|p1a: Not Mega|Sableye-Mega, F, shiny|304\/304
|switch|p2a: Latias|Latias, F|225\/319
|-damage|p2a: Latias|186\/319|[from] Stealth Rock
|
|turn|117
|
|switch|p1a: Baby Blobby|Chansey, F, shiny|704\/704
|move|p2a: Latias|Thunderbolt|p1a: Baby Blobby
|-damage|p1a: Baby Blobby|630\/704
|-damage|p2a: Latias|155\/319|[from] item: Life Orb
|
|turn|118
|
|move|p2a: Latias|Roost|p2a: Latias
|-heal|p2a: Latias|315\/319
|move|p1a: Baby Blobby|Toxic|p2a: Latias
|-status|p2a: Latias|tox
|
|-damage|p2a: Latias|296\/319 tox|[from] psn
|turn|119
|
|switch|p2a: Sableye|Sableye, F|228\/304
|-damage|p2a: Sableye|190\/304|[from] Stealth Rock
|move|p1a: Baby Blobby|Toxic|p2a: Sableye
|-status|p2a: Sableye|tox
|
|-heal|p2a: Sableye|209\/304 tox|[from] item: Leftovers
|-damage|p2a: Sableye|190\/304 tox|[from] psn
|turn|120
|
|switch|p1a: Not Mega|Sableye-Mega, F, shiny|304\/304
|move|p2a: Sableye|Knock Off|p1a: Not Mega
|-damage|p1a: Not Mega|270\/304
|
|-heal|p2a: Sableye|209\/304 tox|[from] item: Leftovers
|-damage|p2a: Sableye|171\/304 tox|[from] psn
|turn|121
|
|move|p2a: Sableye|Recover|p2a: Sableye
|-heal|p2a: Sableye|304\/304 tox
|move|p1a: Not Mega|Knock Off|p2a: Sableye
|-damage|p2a: Sableye|186\/304 tox
|-enditem|p2a: Sableye|Leftovers|[from] move: Knock Off|[of] p1a: Not Mega
|
|-damage|p2a: Sableye|129\/304 tox|[from] psn
|turn|122
|c|âitaloshaberle|PFF
|-message|italoshaberle forfeited.
|leave|italoshaberle
|
|win|Amoongbro
|raw|Ladder updating...
|player|p2
|raw|Amoongbro's rating: 1750 &rarr; <strong>1761<\/strong><br \/>(+11 for winning)
|raw|italoshaberle's rating: 1590 &rarr; <strong>1578<\/strong><br \/>(-12 for losing)
|c|âAmoongbro|shot your load too early when you burned my sableye in like turn 3 + crit. allwed it to come back in thats why you lost