|join|Amoongbro
|join|HolySavagery
|player|p1|Amoongbro|102
|player|p2|HolySavagery|1
|gametype|singles
|gen|6
|tier|OU
|rated
|clearpoke
|poke|p1|Chansey, F, shiny
|poke|p1|Skarmory, M, shiny
|poke|p1|Alomomola, F, shiny
|poke|p1|Amoonguss, F, shiny
|poke|p1|Quagsire, M, shiny
|poke|p1|Sableye, F, shiny
|poke|p2|Victini
|poke|p2|Gyarados, F
|poke|p2|Ferrothorn, M
|poke|p2|Excadrill, M
|poke|p2|Tyranitar, F
|poke|p2|Landorus, M
|rule|Swagger Clause: Swagger is banned
|rule|Baton Pass Clause: Limit one PokÃ©mon knowing Baton Pass
|rule|Sleep Clause Mod: Limit one foe put to sleep
|rule|Species Clause: Limit one of each PokÃ©mon
|rule|OHKO Clause: OHKO moves are banned
|rule|Moody Clause: Moody is banned
|rule|Evasion Moves Clause: Evasion moves are banned
|rule|Endless Battle Clause: Forcing endless battles is banned
|rule|HP Percentage Mod: HP is shown in percentages
|teampreview
|
|start
|switch|p1a: Not Mega|Sableye, F, shiny|304\/304
|switch|p2a: Victini|Victini|341\/341
|turn|1
|
|detailschange|p1a: Not Mega|Sableye-Mega, F, shiny
|-mega|p1a: Not Mega|Sableye|Sablenite
|move|p2a: Victini|U-turn|p1a: Not Mega
|-damage|p1a: Not Mega|271\/304
|
|switch|p2a: Landorus|Landorus, M|319\/319
|move|p1a: Not Mega|Knock Off|p2a: Landorus
|-damage|p2a: Landorus|216\/319
|-enditem|p2a: Landorus|Life Orb|[from] move: Knock Off|[of] p1a: Not Mega
|
|turn|2
|
|move|p2a: Landorus|Earth Power|p1a: Not Mega
|-damage|p1a: Not Mega|93\/304
|move|p1a: Not Mega|Toxic|p2a: Landorus
|-status|p2a: Landorus|tox
|
|-damage|p2a: Landorus|197\/319 tox|[from] psn
|turn|3
|
|switch|p2a: Victini|Victini|341\/341
|switch|p1a: Baby Blobby|Chansey, F, shiny|704\/704
|
|turn|4
|
|switch|p1a: Mrs Blobby|Alomomola, F, shiny|529\/529
|move|p2a: Victini|U-turn|p1a: Mrs Blobby
|-damage|p1a: Mrs Blobby|484\/529
|
|switch|p2a: Gyarados|Gyarados, F|331\/331
|-ability|p2a: Gyarados|Intimidate|[of] p1a: Mrs Blobby
|-unboost|p1a: Mrs Blobby|atk|1
|
|-heal|p1a: Mrs Blobby|517\/529|[from] item: Leftovers
|turn|5
|
|move|p2a: Gyarados|Dragon Dance|p2a: Gyarados
|-boost|p2a: Gyarados|atk|1
|-boost|p2a: Gyarados|spe|1
|move|p1a: Mrs Blobby|Toxic|p2a: Gyarados
|-status|p2a: Gyarados|tox
|
|-heal|p1a: Mrs Blobby|529\/529|[from] item: Leftovers
|-damage|p2a: Gyarados|311\/331 tox|[from] psn
|turn|6
|
|move|p2a: Gyarados|Dragon Dance|p2a: Gyarados
|-boost|p2a: Gyarados|atk|1
|-boost|p2a: Gyarados|spe|1
|move|p1a: Mrs Blobby|Wish|p1a: Mrs Blobby
|
|-damage|p2a: Gyarados|271\/331 tox|[from] psn
|turn|7
|
|switch|p1a: Uncle Blobby|Quagsire, M, shiny|394\/394
|detailschange|p2a: Gyarados|Gyarados-Mega, F
|-mega|p2a: Gyarados|Gyarados|Gyaradosite
|-ability|p2a: Gyarados|Mold Breaker
|move|p2a: Gyarados|Crunch|p1a: Uncle Blobby
|-damage|p1a: Uncle Blobby|156\/394
|
|-heal|p1a: Uncle Blobby|394\/394|[from] move: Wish|[wisher] Mrs Blobby
|-damage|p2a: Gyarados|211\/331 tox|[from] psn
|turn|8
|
|move|p2a: Gyarados|Crunch|p1a: Uncle Blobby
|-damage|p1a: Uncle Blobby|115\/394
|move|p1a: Uncle Blobby|Recover|p1a: Uncle Blobby
|-heal|p1a: Uncle Blobby|312\/394
|
|-heal|p1a: Uncle Blobby|336\/394|[from] item: Leftovers
|-damage|p2a: Gyarados|131\/331 tox|[from] psn
|turn|9
|
|switch|p2a: Landorus|Landorus, M|197\/319 tox
|move|p1a: Uncle Blobby|Recover|p1a: Uncle Blobby
|-heal|p1a: Uncle Blobby|394\/394
|
|-damage|p2a: Landorus|178\/319 tox|[from] psn
|turn|10
|
|switch|p1a: Baby Blobby|Chansey, F, shiny|704\/704
|move|p2a: Landorus|Grass Knot|p1a: Baby Blobby
|-damage|p1a: Baby Blobby|659\/704
|
|-damage|p2a: Landorus|140\/319 tox|[from] psn
|turn|11
|
|switch|p2a: Ferrothorn|Ferrothorn, M|352\/352
|move|p1a: Baby Blobby|Seismic Toss|p2a: Ferrothorn
|-damage|p2a: Ferrothorn|252\/352
|-damage|p1a: Baby Blobby|571\/704|[from] ability: Iron Barbs|[of] p2a: Ferrothorn
|
|-heal|p2a: Ferrothorn|274\/352|[from] item: Leftovers
|turn|12
|
|switch|p1a: Not Mega|Sableye-Mega, F, shiny|93\/304
|move|p2a: Ferrothorn|Stealth Rock|p1a: Not Mega
|move|p1a: Not Mega|Stealth Rock|p2a: Ferrothorn|[from]Magic Bounce
|-sidestart|p2: HolySavagery|move: Stealth Rock
|
|-heal|p2a: Ferrothorn|296\/352|[from] item: Leftovers
|turn|13
|leave|HolySavagery
|player|p2
|-message|holysavagery lost due to inactivity.
|
|win|Amoongbro
|raw|Ladder updating...
|raw|Amoongbro's rating: 1696 &rarr; <strong>1705<\/strong><br \/>(+9 for winning)
|raw|HolySavagery's rating: 1497 &rarr; <strong>1487<\/strong><br \/>(-10 for losing)