|join|Amoongbro
|join|Mounts
|player|p1|Amoongbro|169
|player|p2|Mounts|101
|gametype|singles
|gen|6
|tier|OU
|rated
|clearpoke
|poke|p1|Chansey, F, shiny
|poke|p1|Skarmory, F, shiny
|poke|p1|Alomomola, F, shiny
|poke|p1|Amoonguss, F, shiny
|poke|p1|Quagsire, M, shiny
|poke|p1|Sableye, F, shiny
|poke|p2|Altaria, M
|poke|p2|Bisharp, M
|poke|p2|Garchomp, M
|poke|p2|Thundurus, M
|poke|p2|Klefki, M
|poke|p2|Azelf
|rule|Swagger Clause: Swagger is banned
|rule|Baton Pass Clause: Limit one PokÃ©mon knowing Baton Pass
|rule|Sleep Clause Mod: Limit one foe put to sleep
|rule|Species Clause: Limit one of each PokÃ©mon
|rule|OHKO Clause: OHKO moves are banned
|rule|Moody Clause: Moody is banned
|rule|Evasion Moves Clause: Evasion moves are banned
|rule|Endless Battle Clause: Forcing endless battles is banned
|rule|HP Percentage Mod: HP is shown in percentages
|teampreview
|
|start
|switch|p1a: Not Mega|Sableye, F, shiny|304\/304
|switch|p2a: Garchomp|Garchomp, M|357\/357
|turn|1
|
|detailschange|p1a: Not Mega|Sableye-Mega, F, shiny
|-mega|p1a: Not Mega|Sableye|Sablenite
|move|p1a: Not Mega|Will-O-Wisp|p2a: Garchomp|[miss]
|-miss|p1a: Not Mega|p2a: Garchomp
|move|p2a: Garchomp|Swords Dance|p2a: Garchomp
|-boost|p2a: Garchomp|atk|2
|
|turn|2
|c|âAmoongbro|seriously could you get any luckier
|c|âMounts|yes
|c|âAmoongbro|> makes a stupid move
|c|âMounts|if you miss another one
|c|âMounts|:)
|
|move|p2a: Garchomp|Earthquake|p1a: Not Mega
|-damage|p1a: Not Mega|97\/304
|move|p1a: Not Mega|Will-O-Wisp|p2a: Garchomp
|-status|p2a: Garchomp|brn
|-enditem|p2a: Garchomp|Lum Berry|[eat]
|-curestatus|p2a: Garchomp|brn
|
|turn|3
|c|âAmoongbro|nah damage is already done.
|c|âAmoongbro|you got way too lucky
|
|switch|p1a: Uncle Blobby|Quagsire, M, shiny|394\/394
|move|p2a: Garchomp|Stealth Rock|p1a: Uncle Blobby
|-sidestart|p1: Amoongbro|move: Stealth Rock
|
|turn|4
|c|âAmoongbro|sigh
|c|âMounts|not enough for me......
|c|âAmoongbro|rocks went up purely cause of the first miss
|
|switch|p2a: Azelf|Azelf|291\/291
|move|p1a: Uncle Blobby|Scald|p2a: Azelf
|-crit|p2a: Azelf
|-damage|p2a: Azelf|147\/291
|
|turn|5
|c|âMounts|lol stop bitching man, if u're a good player you can face shit like this, especially with fucking stall team
|c|âAmoongbro|you can play this anyway you want. you got extremely lucky after making a shitty move
|c|âAmoongbro|shut up
|
|switch|p1a: Mrs Blobby|Alomomola, F, shiny|529\/529
|-damage|p1a: Mrs Blobby|463\/529|[from] Stealth Rock
|move|p2a: Azelf|Psychic|p1a: Mrs Blobby
|-damage|p1a: Mrs Blobby|93\/529
|-damage|p2a: Azelf|118\/291|[from] item: Life Orb
|
|-heal|p1a: Mrs Blobby|126\/529|[from] item: Leftovers
|turn|6
|c|âAmoongbro|match is over
|c|âAmoongbro|your whole team is based around getting rocks up then spamming thinkgs that 2hko after rocks
|
|switch|p2a: Altaria|Altaria, M|307\/307
|switch|p1a: Baby Blobby|Chansey, F, shiny|704\/704
|-damage|p1a: Baby Blobby|616\/704|[from] Stealth Rock
|
|turn|7
|c|âAmoongbro|again...rocks only went up cause of the first miss
|
|switch|p1a: Fuck Magnezone|Skarmory, F, shiny|334\/334
|-damage|p1a: Fuck Magnezone|293\/334|[from] Stealth Rock
|detailschange|p2a: Altaria|Altaria-Mega, M
|-mega|p2a: Altaria|Altaria|Altarianite
|move|p2a: Altaria|Dragon Dance|p2a: Altaria
|-boost|p2a: Altaria|atk|1
|-boost|p2a: Altaria|spe|1
|
|turn|8
|c|âAmoongbro|> has to sack skarmory
|
|move|p2a: Altaria|Return|p1a: Fuck Magnezone
|-resisted|p1a: Fuck Magnezone
|-damage|p1a: Fuck Magnezone|202\/334
|move|p1a: Fuck Magnezone|Defog|p2a: Altaria
|-unboost|p2a: Altaria|evasion|1
|-sideend|p1: Amoongbro|Stealth Rock|[from] move: Defog|[of] p1a: Fuck Magnezone
|
|turn|9
|c|âAmoongbro|> all cause of first miss
|
|move|p2a: Altaria|Dragon Dance|p2a: Altaria
|-boost|p2a: Altaria|atk|1
|-boost|p2a: Altaria|spe|1
|move|p1a: Fuck Magnezone|Stealth Rock|p2a: Altaria
|-sidestart|p2: Mounts|move: Stealth Rock
|
|turn|10
|
|move|p2a: Altaria|Return|p1a: Fuck Magnezone
|-resisted|p1a: Fuck Magnezone
|-damage|p1a: Fuck Magnezone|75\/334
|move|p1a: Fuck Magnezone|Roost|p1a: Fuck Magnezone
|-heal|p1a: Fuck Magnezone|242\/334
|
|turn|11
|c|âAmoongbro|once skarmory is dead quag is just gonna haze away whatever you boosted
|
|move|p2a: Altaria|Return|p1a: Fuck Magnezone
|-resisted|p1a: Fuck Magnezone
|-damage|p1a: Fuck Magnezone|114\/334
|move|p1a: Fuck Magnezone|Roost|p1a: Fuck Magnezone
|-heal|p1a: Fuck Magnezone|281\/334
|
|turn|12
|
|move|p2a: Altaria|Return|p1a: Fuck Magnezone
|-resisted|p1a: Fuck Magnezone
|-damage|p1a: Fuck Magnezone|153\/334
|move|p1a: Fuck Magnezone|Brave Bird|p2a: Altaria
|-damage|p2a: Altaria|202\/307
|-damage|p1a: Fuck Magnezone|118\/334|[from] recoil|[of] p2a: Altaria
|
|turn|13
|
|move|p2a: Altaria|Return|p1a: Fuck Magnezone
|-resisted|p1a: Fuck Magnezone
|-damage|p1a: Fuck Magnezone|0 fnt
|faint|p1a: Fuck Magnezone
|
|
|switch|p1a: Uncle Blobby|Quagsire, M, shiny|394\/394
|turn|14
|
|move|p2a: Altaria|Return|p1a: Uncle Blobby
|-damage|p1a: Uncle Blobby|202\/394
|move|p1a: Uncle Blobby|Haze|p1a: Uncle Blobby
|-clearallboost
|
|-heal|p1a: Uncle Blobby|226\/394|[from] item: Leftovers
|turn|15
|
|move|p2a: Altaria|Return|p1a: Uncle Blobby
|-damage|p1a: Uncle Blobby|64\/394
|move|p1a: Uncle Blobby|Recover|p1a: Uncle Blobby
|-heal|p1a: Uncle Blobby|261\/394
|
|-heal|p1a: Uncle Blobby|285\/394|[from] item: Leftovers
|turn|16
|c|âAmoongbro|inb4 more luck
|
|move|p2a: Altaria|Return|p1a: Uncle Blobby
|-damage|p1a: Uncle Blobby|113\/394
|move|p1a: Uncle Blobby|Recover|p1a: Uncle Blobby
|-heal|p1a: Uncle Blobby|310\/394
|
|-heal|p1a: Uncle Blobby|334\/394|[from] item: Leftovers
|turn|17
|
|move|p2a: Altaria|Return|p1a: Uncle Blobby
|-damage|p1a: Uncle Blobby|153\/394
|move|p1a: Uncle Blobby|Recover|p1a: Uncle Blobby
|-heal|p1a: Uncle Blobby|350\/394
|
|-heal|p1a: Uncle Blobby|374\/394|[from] item: Leftovers
|turn|18
|
|move|p2a: Altaria|Return|p1a: Uncle Blobby
|-damage|p1a: Uncle Blobby|185\/394
|move|p1a: Uncle Blobby|Earthquake|p2a: Altaria
|-damage|p2a: Altaria|106\/307
|
|-heal|p1a: Uncle Blobby|209\/394|[from] item: Leftovers
|turn|19
|
|move|p2a: Altaria|Return|p1a: Uncle Blobby
|-damage|p1a: Uncle Blobby|44\/394
|move|p1a: Uncle Blobby|Recover|p1a: Uncle Blobby
|-heal|p1a: Uncle Blobby|241\/394
|
|-heal|p1a: Uncle Blobby|265\/394|[from] item: Leftovers
|turn|20
|
|move|p2a: Altaria|Roost|p2a: Altaria
|-heal|p2a: Altaria|260\/307
|move|p1a: Uncle Blobby|Recover|p1a: Uncle Blobby
|-heal|p1a: Uncle Blobby|394\/394
|
|turn|21
|
|move|p2a: Altaria|Return|p1a: Uncle Blobby
|-damage|p1a: Uncle Blobby|225\/394
|move|p1a: Uncle Blobby|Scald|p2a: Altaria
|-resisted|p2a: Altaria
|-damage|p2a: Altaria|226\/307
|
|-heal|p1a: Uncle Blobby|249\/394|[from] item: Leftovers
|turn|22
|
|switch|p1a: Mrs Blobby|Alomomola, F, shiny|302\/529
|move|p2a: Altaria|Return|p1a: Mrs Blobby
|-damage|p1a: Mrs Blobby|107\/529
|
|-heal|p1a: Mrs Blobby|140\/529|[from] item: Leftovers
|turn|23
|
|switch|p1a: Mr Blobby|Amoonguss, F, shiny|432\/432
|move|p2a: Altaria|Return|p1a: Mr Blobby
|-resisted|p1a: Mr Blobby
|-damage|p1a: Mr Blobby|331\/432
|
|turn|24
|
|switch|p2a: Azelf|Azelf|118\/291
|-damage|p2a: Azelf|82\/291|[from] Stealth Rock
|move|p1a: Mr Blobby|Clear Smog|p2a: Azelf
|-damage|p2a: Azelf|18\/291
|-clearboost|p2a: Azelf
|
|turn|25
|
|switch|p1a: Baby Blobby|Chansey, F, shiny|616\/704
|move|p2a: Azelf|Psychic|p1a: Baby Blobby
|-damage|p1a: Baby Blobby|495\/704
|-damage|p2a: Azelf|0 fnt|[from] item: Life Orb
|faint|p2a: Azelf
|
|
|switch|p2a: Bisharp|Bisharp, M|271\/271
|-damage|p2a: Bisharp|255\/271|[from] Stealth Rock
|turn|26
|
|switch|p1a: Not Mega|Sableye-Mega, F, shiny|97\/304
|move|p2a: Bisharp|Knock Off|p1a: Not Mega
|-damage|p1a: Not Mega|0 fnt
|-damage|p2a: Bisharp|228\/271|[from] item: Life Orb
|faint|p1a: Not Mega
|
|
|switch|p1a: Mrs Blobby|Alomomola, F, shiny|316\/529
|turn|27
|
|switch|p2a: Klefki|Klefki, M|317\/317
|-damage|p2a: Klefki|298\/317|[from] Stealth Rock
|move|p1a: Mrs Blobby|Wish|p1a: Mrs Blobby
|
|-heal|p1a: Mrs Blobby|349\/529|[from] item: Leftovers
|turn|28
|
|switch|p1a: Uncle Blobby|Quagsire, M, shiny|249\/394
|move|p2a: Klefki|Light Screen|p2a: Klefki
|-sidestart|p2: Mounts|move: Light Screen
|
|-heal|p1a: Uncle Blobby|394\/394|[from] move: Wish|[wisher] Mrs Blobby
|turn|29
|
|move|p2a: Klefki|Reflect|p2a: Klefki
|-sidestart|p2: Mounts|Reflect
|move|p1a: Uncle Blobby|Earthquake|p2a: Klefki
|-supereffective|p2a: Klefki
|-damage|p2a: Klefki|220\/317
|
|turn|30
|
|move|p2a: Klefki|Spikes|p1a: Uncle Blobby
|-sidestart|p1: Amoongbro|Spikes
|move|p1a: Uncle Blobby|Scald|p2a: Klefki
|-damage|p2a: Klefki|184\/317
|
|turn|31
|c|âAmoongbro|you suck
|c|âAmoongbro|> cant win without hazards
|c|âAmoongbro|gg
|
|move|p2a: Klefki|Spikes|p1a: Uncle Blobby
|-sidestart|p1: Amoongbro|Spikes
|move|p1a: Uncle Blobby|Scald|p2a: Klefki
|-damage|p2a: Klefki|150\/317
|
|turn|32
|c|âAmoongbro|but youre shit
|
|move|p2a: Klefki|Spikes|p1a: Uncle Blobby
|-sidestart|p1: Amoongbro|Spikes
|move|p1a: Uncle Blobby|Scald|p2a: Klefki
|-damage|p2a: Klefki|116\/317
|-status|p2a: Klefki|brn
|
|-damage|p2a: Klefki|77\/317 brn|[from] brn
|turn|33
|c|âAmoongbro|terrible player
|c|âAmoongbro|typical hazards noob
|
|switch|p2a: Garchomp|Garchomp, M|357\/357
|-damage|p2a: Garchomp|335\/357|[from] Stealth Rock
|move|p1a: Uncle Blobby|Scald|p2a: Garchomp
|-damage|p2a: Garchomp|295\/357
|-status|p2a: Garchomp|brn
|
|-damage|p2a: Garchomp|251\/357 brn|[from] brn
|turn|34
|c|âAmoongbro|your whole team....azelf, garchomp with rocks, klefki....its a fag "i need hazards to win" strat
|
|move|p2a: Garchomp|Stealth Rock|p1a: Uncle Blobby
|-sidestart|p1: Amoongbro|move: Stealth Rock
|move|p1a: Uncle Blobby|Scald|p2a: Garchomp
|-damage|p2a: Garchomp|213\/357 brn
|
|-damage|p2a: Garchomp|169\/357 brn|[from] brn
|turn|35
|
|switch|p2a: Altaria|Altaria-Mega, M|226\/307
|-damage|p2a: Altaria|188\/307|[from] Stealth Rock
|move|p1a: Uncle Blobby|Scald|p2a: Altaria
|-resisted|p2a: Altaria
|-damage|p2a: Altaria|172\/307
|
|-sideend|p2: Mounts|move: Light Screen
|turn|36
|
|move|p2a: Altaria|Dragon Dance|p2a: Altaria
|-boost|p2a: Altaria|atk|1
|-boost|p2a: Altaria|spe|1
|move|p1a: Uncle Blobby|Scald|p2a: Altaria
|-resisted|p2a: Altaria
|-damage|p2a: Altaria|142\/307
|
|-sideend|p2: Mounts|Reflect
|turn|37
|
|move|p2a: Altaria|Return|p1a: Uncle Blobby
|-damage|p1a: Uncle Blobby|207\/394
|move|p1a: Uncle Blobby|Scald|p2a: Altaria
|-crit|p2a: Altaria
|-resisted|p2a: Altaria
|-damage|p2a: Altaria|96\/307
|
|-heal|p1a: Uncle Blobby|231\/394|[from] item: Leftovers
|turn|38
|
|move|p2a: Altaria|Roost|p2a: Altaria
|-heal|p2a: Altaria|250\/307
|move|p1a: Uncle Blobby|Recover|p1a: Uncle Blobby
|-heal|p1a: Uncle Blobby|394\/394
|
|turn|39
|
|move|p2a: Altaria|Return|p1a: Uncle Blobby
|-damage|p1a: Uncle Blobby|207\/394
|move|p1a: Uncle Blobby|Scald|p2a: Altaria
|-resisted|p2a: Altaria
|-damage|p2a: Altaria|221\/307
|
|-heal|p1a: Uncle Blobby|231\/394|[from] item: Leftovers
|turn|40
|
|move|p2a: Altaria|Return|p1a: Uncle Blobby
|-damage|p1a: Uncle Blobby|63\/394
|move|p1a: Uncle Blobby|Recover|p1a: Uncle Blobby
|-heal|p1a: Uncle Blobby|260\/394
|
|-heal|p1a: Uncle Blobby|284\/394|[from] item: Leftovers
|turn|41
|
|move|p2a: Altaria|Return|p1a: Uncle Blobby
|-damage|p1a: Uncle Blobby|110\/394
|move|p1a: Uncle Blobby|Recover|p1a: Uncle Blobby
|-heal|p1a: Uncle Blobby|307\/394
|
|-heal|p1a: Uncle Blobby|331\/394|[from] item: Leftovers
|turn|42
|
|move|p2a: Altaria|Roost|p2a: Altaria
|-heal|p2a: Altaria|307\/307
|move|p1a: Uncle Blobby|Recover|p1a: Uncle Blobby
|-heal|p1a: Uncle Blobby|394\/394
|
|turn|43
|
|move|p2a: Altaria|Return|p1a: Uncle Blobby
|-damage|p1a: Uncle Blobby|225\/394
|move|p1a: Uncle Blobby|Scald|p2a: Altaria
|-resisted|p2a: Altaria
|-damage|p2a: Altaria|277\/307
|
|-heal|p1a: Uncle Blobby|249\/394|[from] item: Leftovers
|turn|44
|
|move|p2a: Altaria|Return|p1a: Uncle Blobby
|-damage|p1a: Uncle Blobby|80\/394
|move|p1a: Uncle Blobby|Recover|p1a: Uncle Blobby
|-heal|p1a: Uncle Blobby|277\/394
|
|-heal|p1a: Uncle Blobby|301\/394|[from] item: Leftovers
|turn|45
|
|move|p2a: Altaria|Return|p1a: Uncle Blobby
|-damage|p1a: Uncle Blobby|115\/394
|move|p1a: Uncle Blobby|Recover|p1a: Uncle Blobby
|-heal|p1a: Uncle Blobby|312\/394
|
|-heal|p1a: Uncle Blobby|336\/394|[from] item: Leftovers
|turn|46
|
|move|p2a: Altaria|Return|p1a: Uncle Blobby
|-damage|p1a: Uncle Blobby|147\/394
|move|p1a: Uncle Blobby|Recover|p1a: Uncle Blobby
|-heal|p1a: Uncle Blobby|344\/394
|
|-heal|p1a: Uncle Blobby|368\/394|[from] item: Leftovers
|turn|47
|
|move|p2a: Altaria|Return|p1a: Uncle Blobby
|-damage|p1a: Uncle Blobby|188\/394
|move|p1a: Uncle Blobby|Scald|p2a: Altaria
|-resisted|p2a: Altaria
|-damage|p2a: Altaria|247\/307
|
|-heal|p1a: Uncle Blobby|212\/394|[from] item: Leftovers
|turn|48
|
|move|p2a: Altaria|Return|p1a: Uncle Blobby
|-damage|p1a: Uncle Blobby|34\/394
|move|p1a: Uncle Blobby|Recover|p1a: Uncle Blobby
|-heal|p1a: Uncle Blobby|231\/394
|
|-heal|p1a: Uncle Blobby|255\/394|[from] item: Leftovers
|turn|49
|
|move|p2a: Altaria|Return|p1a: Uncle Blobby
|-damage|p1a: Uncle Blobby|86\/394
|move|p1a: Uncle Blobby|Recover|p1a: Uncle Blobby
|-heal|p1a: Uncle Blobby|283\/394
|
|-heal|p1a: Uncle Blobby|307\/394|[from] item: Leftovers
|turn|50
|
|move|p2a: Altaria|Return|p1a: Uncle Blobby
|-damage|p1a: Uncle Blobby|120\/394
|move|p1a: Uncle Blobby|Recover|p1a: Uncle Blobby
|-heal|p1a: Uncle Blobby|317\/394
|
|-heal|p1a: Uncle Blobby|341\/394|[from] item: Leftovers
|turn|51
|c|âAmoongbro|sigh fuck off noob. 12 scalds no burn > = wastes all recovers. also fag boosters are supposed to bad luck on themselves too not the other way around. go fuck yourself lucky as fuck all the way through
|
|move|p2a: Altaria|Return|p1a: Uncle Blobby
|-damage|p1a: Uncle Blobby|152\/394
|move|p1a: Uncle Blobby|Scald|p2a: Altaria
|-resisted|p2a: Altaria
|-damage|p2a: Altaria|212\/307
|
|-heal|p1a: Uncle Blobby|176\/394|[from] item: Leftovers
|turn|52
|c|âAmoongbro|sigh bg
|c|âAmoongbro|bad game
|
|move|p2a: Altaria|Return|p1a: Uncle Blobby
|-damage|p1a: Uncle Blobby|0 fnt
|faint|p1a: Uncle Blobby
|
|c|âAmoongbro|16 recovers, 13 scalds....no burn
|
|switch|p1a: Mrs Blobby|Alomomola, F, shiny|525\/529
|-damage|p1a: Mrs Blobby|459\/529|[from] Stealth Rock
|-damage|p1a: Mrs Blobby|327\/529|[from] Spikes
|turn|53
|
|move|p2a: Altaria|Dragon Dance|p2a: Altaria
|-boost|p2a: Altaria|atk|1
|-boost|p2a: Altaria|spe|1
|move|p1a: Mrs Blobby|Wish|p1a: Mrs Blobby
|
|-heal|p1a: Mrs Blobby|360\/529|[from] item: Leftovers
|turn|54
|c|âAmoongbro|sigh go fuck yourself hazards and luck noob.
|
|move|p2a: Altaria|Dragon Dance|p2a: Altaria
|-boost|p2a: Altaria|atk|1
|-boost|p2a: Altaria|spe|1
|move|p1a: Mrs Blobby|Scald|p2a: Altaria
|-resisted|p2a: Altaria
|-damage|p2a: Altaria|191\/307
|
|-heal|p1a: Mrs Blobby|529\/529|[from] move: Wish|[wisher] Mrs Blobby
|turn|55
|c|âAmoongbro|seriously just go fuck yourself
|c|âAmoongbro|couldnt get any luckier
|
|move|p2a: Altaria|Dragon Dance|p2a: Altaria
|-boost|p2a: Altaria|atk|1
|-boost|p2a: Altaria|spe|1
|move|p1a: Mrs Blobby|Scald|p2a: Altaria
|-resisted|p2a: Altaria
|-damage|p2a: Altaria|168\/307
|-status|p2a: Altaria|brn
|
|-damage|p2a: Altaria|130\/307 brn|[from] brn
|turn|56
|c|âAmoongbro|makes no difference now btw
|c|âAmoongbro|too late
|
|move|p2a: Altaria|Roost|p2a: Altaria
|-heal|p2a: Altaria|284\/307 brn
|move|p1a: Mrs Blobby|Wish|p1a: Mrs Blobby
|
|-damage|p2a: Altaria|246\/307 brn|[from] brn
|turn|57
|
|move|p2a: Altaria|Heal Bell|p2a: Altaria
|-cureteam|p2a: Altaria|[from] move: HealBell
|move|p1a: Mrs Blobby|Scald|p2a: Altaria
|-resisted|p2a: Altaria
|-damage|p2a: Altaria|222\/307
|
|turn|58
|
|move|p2a: Altaria|Dragon Dance|p2a: Altaria
|-boost|p2a: Altaria|atk|1
|-boost|p2a: Altaria|spe|1
|move|p1a: Mrs Blobby|Toxic|p2a: Altaria
|-status|p2a: Altaria|tox
|
|-damage|p2a: Altaria|203\/307 tox|[from] psn
|turn|59
|c|âAmoongbro|fag noob
|c|âAmoongbro|put hazards up then just boost on everything
|
|move|p2a: Altaria|Heal Bell|p2a: Altaria
|-cureteam|p2a: Altaria|[from] move: HealBell
|move|p1a: Mrs Blobby|Wish|p1a: Mrs Blobby
|
|turn|60
|c|âAmoongbro|dude
|c|âAmoongbro|are you retarded in the head
|c|âAmoongbro|attack
|c|âAmoongbro|youve won
|c|âAmoongbro|no point heal belling
|c|âAmoongbro|just attack you win in 3 turns dumb ass fuck
|
|move|p2a: Altaria|Return|p1a: Mrs Blobby
|-damage|p1a: Mrs Blobby|0 fnt
|faint|p1a: Mrs Blobby
|
|
|switch|p1a: Mr Blobby|Amoonguss, F, shiny|432\/432
|-damage|p1a: Mr Blobby|378\/432|[from] Stealth Rock
|-damage|p1a: Mr Blobby|270\/432|[from] Spikes
|turn|61
|
|move|p2a: Altaria|Return|p1a: Mr Blobby
|-resisted|p1a: Mr Blobby
|-damage|p1a: Mr Blobby|0 fnt
|faint|p1a: Mr Blobby
|
|
|switch|p1a: Baby Blobby|Chansey, F, shiny|495\/704
|-damage|p1a: Baby Blobby|319\/704|[from] Spikes
|-damage|p1a: Baby Blobby|231\/704|[from] Stealth Rock
|turn|62
|-message|Amoongbro forfeited.
|leave|Amoongbro
|
|win|Mounts
|raw|Ladder updating...
|player|p1
|raw|Amoongbro's rating: 1755 &rarr; <strong>1728<\/strong><br \/>(-27 for losing)
|raw|Mounts's rating: 1646 &rarr; <strong>1672<\/strong><br \/>(+26 for winning)