|join|bad n lucky
|join|dzc4627
|player|p1|bad n lucky|266
|player|p2|dzc4627|137
|gametype|singles
|gen|6
|tier|OU
|rated
|clearpoke
|poke|p1|Talonflame, F, shiny
|poke|p1|Celebi
|poke|p1|Keldeo
|poke|p1|Landorus-Therian, M
|poke|p1|Latios, M, shiny
|poke|p1|Manectric, F
|poke|p2|Gallade, M
|poke|p2|Manaphy
|poke|p2|Wobbuffet, M
|poke|p2|Shuckle, M
|poke|p2|Bisharp, M
|poke|p2|Gengar, M
|rule|Swagger Clause: Swagger is banned
|rule|Baton Pass Clause: Limit one PokÃ©mon knowing Baton Pass
|rule|Sleep Clause Mod: Limit one foe put to sleep
|rule|Species Clause: Limit one of each PokÃ©mon
|rule|OHKO Clause: OHKO moves are banned
|rule|Moody Clause: Moody is banned
|rule|Evasion Moves Clause: Evasion moves are banned
|rule|Endless Battle Clause: Forcing endless battles is banned
|rule|HP Percentage Mod: HP is shown in percentages
|teampreview
|
|start
|switch|p1a: Manectric|Manectric, F|281\/281
|switch|p2a: Wobbuffet|Wobbuffet, M|534\/534
|turn|1
|
|detailschange|p1a: Manectric|Manectric-Mega, F
|-mega|p1a: Manectric|Manectric|Manectite
|-ability|p1a: Manectric|Intimidate|[of] p2a: Wobbuffet
|-unboost|p2a: Wobbuffet|atk|1
|move|p1a: Manectric|Volt Switch|p2a: Wobbuffet
|-damage|p2a: Wobbuffet|389\/534
|
|switch|p1a: Celebi|Celebi|404\/404
|move|p2a: Wobbuffet|Mirror Coat|p1a: Celebi
|-damage|p1a: Celebi|114\/404
|
|-heal|p1a: Celebi|139\/404|[from] item: Leftovers
|turn|2
|
|move|p1a: Celebi|Baton Pass|p1a: Celebi
|
|switch|p1a: Landorus-Therian|Landorus-Therian, M|382\/382
|-ability|p1a: Landorus-Therian|Intimidate|[of] p2a: Wobbuffet
|-unboost|p2a: Wobbuffet|atk|1
|move|p2a: Wobbuffet|Encore|p1a: Landorus-Therian
|-fail|p1a: Landorus-Therian
|
|turn|3
|
|move|p1a: Landorus-Therian|Stealth Rock|p2a: Wobbuffet
|-sidestart|p2: dzc4627|move: Stealth Rock
|move|p2a: Wobbuffet|Counter|p1a: Landorus-Therian
|-fail|p1a: Landorus-Therian
|
|turn|4
|
|move|p1a: Landorus-Therian|U-turn|p2a: Wobbuffet
|-supereffective|p2a: Wobbuffet
|-damage|p2a: Wobbuffet|241\/534
|
|switch|p1a: Celebi|Celebi|139\/404
|-enditem|p2a: Wobbuffet|Sitrus Berry|[eat]
|-heal|p2a: Wobbuffet|374\/534|[from] item: Sitrus Berry
|move|p2a: Wobbuffet|Counter|p1a: Celebi
|-damage|p1a: Celebi|0 fnt
|faint|p1a: Celebi
|
|
|switch|p1a: Talonflame|Talonflame, F, shiny|319\/319
|turn|5
|
|move|p1a: Talonflame|Swords Dance|p1a: Talonflame
|-boost|p1a: Talonflame|atk|2
|move|p2a: Wobbuffet|Encore|p1a: Talonflame
|-start|p1a: Talonflame|Encore
|
|turn|6
|
|switch|p2a: Manaphy|Manaphy|353\/353
|-damage|p2a: Manaphy|309\/353|[from] Stealth Rock
|move|p1a: Talonflame|Swords Dance|p1a: Talonflame
|-boost|p1a: Talonflame|atk|2
|
|-heal|p2a: Manaphy|331\/353|[from] item: Leftovers
|turn|7
|
|switch|p1a: Latios|Latios, M, shiny|301\/301
|move|p2a: Manaphy|Tail Glow|p2a: Manaphy
|-boost|p2a: Manaphy|spa|3
|
|-heal|p2a: Manaphy|353\/353|[from] item: Leftovers
|turn|8
|
|move|p1a: Latios|Psychic|p2a: Manaphy
|-damage|p2a: Manaphy|145\/353
|-unboost|p2a: Manaphy|spd|1
|-damage|p1a: Latios|271\/301|[from] item: Life Orb
|move|p2a: Manaphy|Ice Beam|p1a: Latios
|-supereffective|p1a: Latios
|-damage|p1a: Latios|0 fnt
|faint|p1a: Latios
|
|-heal|p2a: Manaphy|167\/353|[from] item: Leftovers
|
|switch|p1a: Manectric|Manectric-Mega, F|281\/281
|-ability|p1a: Manectric|Intimidate|[of] p2a: Manaphy
|-unboost|p2a: Manaphy|atk|1
|turn|9
|
|switch|p2a: Shuckle|Shuckle, M|244\/244
|-damage|p2a: Shuckle|183\/244|[from] Stealth Rock
|move|p1a: Manectric|Thunderbolt|p2a: Shuckle
|-damage|p2a: Shuckle|110\/244
|
|turn|10
|
|move|p1a: Manectric|Thunderbolt|p2a: Shuckle
|-damage|p2a: Shuckle|32\/244
|-status|p2a: Shuckle|par
|move|p2a: Shuckle|Sticky Web|p1a: Manectric
|-sidestart|p1: bad n lucky|move: Sticky Web
|
|turn|11
|
|move|p1a: Manectric|Thunderbolt|p2a: Shuckle
|-damage|p2a: Shuckle|0 fnt
|faint|p2a: Shuckle
|
|
|switch|p2a: Wobbuffet|Wobbuffet, M|374\/534
|-damage|p2a: Wobbuffet|308\/534|[from] Stealth Rock
|turn|12
|
|move|p1a: Manectric|Thunderbolt|p2a: Wobbuffet
|-damage|p2a: Wobbuffet|121\/534
|move|p2a: Wobbuffet|Mirror Coat|p1a: Manectric
|-damage|p1a: Manectric|0 fnt
|faint|p1a: Manectric
|
|
|switch|p1a: Keldeo|Keldeo|323\/323
|-activate|p1a: Keldeo|move: Sticky Web
|-unboost|p1a: Keldeo|spe|1
|turn|13
|
|move|p1a: Keldeo|Scald|p2a: Wobbuffet
|-damage|p2a: Wobbuffet|0 fnt
|faint|p2a: Wobbuffet
|
|
|switch|p2a: Manaphy|Manaphy|167\/353
|-damage|p2a: Manaphy|123\/353|[from] Stealth Rock
|turn|14
|
|move|p2a: Manaphy|Energy Ball|p1a: Keldeo
|-supereffective|p1a: Keldeo
|-damage|p1a: Keldeo|119\/323
|-unboost|p1a: Keldeo|spd|1
|move|p1a: Keldeo|Scald|p2a: Manaphy
|-resisted|p2a: Manaphy
|-damage|p2a: Manaphy|26\/353
|-status|p2a: Manaphy|brn
|
|-heal|p2a: Manaphy|48\/353 brn|[from] item: Leftovers
|-damage|p2a: Manaphy|4\/353 brn|[from] brn
|turn|15
|
|move|p2a: Manaphy|Scald|p1a: Keldeo
|-resisted|p1a: Keldeo
|-damage|p1a: Keldeo|30\/323
|-status|p1a: Keldeo|brn
|move|p1a: Keldeo|Scald|p2a: Manaphy
|-resisted|p2a: Manaphy
|-damage|p2a: Manaphy|0 fnt
|faint|p2a: Manaphy
|
|-damage|p1a: Keldeo|0 fnt|[from] brn
|faint|p1a: Keldeo
|
|switch|p1a: Talonflame|Talonflame, F, shiny|319\/319
|switch|p2a: Gengar|Gengar, M|261\/261
|-damage|p2a: Gengar|229\/261|[from] Stealth Rock
|turn|16
|
|move|p1a: Talonflame|Brave Bird|p2a: Gengar
|-damage|p2a: Gengar|0 fnt
|-damage|p1a: Talonflame|243\/319|[from] recoil|[of] p2a: Gengar
|faint|p2a: Gengar
|
|
|switch|p2a: Bisharp|Bisharp, M|272\/272
|-damage|p2a: Bisharp|255\/272|[from] Stealth Rock
|turn|17
|
|move|p1a: Talonflame|Flare Blitz|p2a: Bisharp
|-supereffective|p2a: Bisharp
|-damage|p2a: Bisharp|0 fnt
|-damage|p1a: Talonflame|159\/319|[from] recoil|[of] p2a: Bisharp
|faint|p2a: Bisharp
|
|
|switch|p2a: Gallade|Gallade, M|277\/277
|-damage|p2a: Gallade|260\/277|[from] Stealth Rock
|turn|18
|
|detailschange|p2a: Gallade|Gallade-Mega, M
|-mega|p2a: Gallade|Gallade|Galladite
|move|p1a: Talonflame|Brave Bird|p2a: Gallade
|-supereffective|p2a: Gallade
|-damage|p2a: Gallade|0 fnt
|-damage|p1a: Talonflame|73\/319|[from] recoil|[of] p2a: Gallade
|faint|p2a: Gallade
|
|win|bad n lucky
|raw|Ladder updating...
|raw|bad n lucky's rating: 1643 &rarr; <strong>1657<\/strong><br \/>(+14 for winning)
|raw|dzc4627's rating: 1538 &rarr; <strong>1523<\/strong><br \/>(-15 for losing)
|c|âdzc4627|gg