|join|Shurt
|join|blackwing zero
|player|p1|Shurt|2
|player|p2|blackwing zero|170
|gametype|singles
|gen|6
|tier|OU
|rated
|clearpoke
|poke|p1|Landorus-Therian, M
|poke|p1|Diancie
|poke|p1|Mew
|poke|p1|Kyurem-Black
|poke|p1|Tornadus-Therian, M
|poke|p1|Talonflame, F
|poke|p2|Serperior, F
|poke|p2|Bisharp, M
|poke|p2|Keldeo
|poke|p2|Azumarill, F
|poke|p2|Skarmory, M
|poke|p2|Metagross
|rule|Swagger Clause: Swagger is banned
|rule|Baton Pass Clause: Limit one PokÃ©mon knowing Baton Pass
|rule|Sleep Clause Mod: Limit one foe put to sleep
|rule|Species Clause: Limit one of each PokÃ©mon
|rule|OHKO Clause: OHKO moves are banned
|rule|Moody Clause: Moody is banned
|rule|Evasion Moves Clause: Evasion moves are banned
|rule|Endless Battle Clause: Forcing endless battles is banned
|rule|HP Percentage Mod: HP is shown in percentages
|teampreview
|
|start
|switch|p1a: Diancie|Diancie|241\/241
|switch|p2a: Metagross|Metagross|301\/301
|turn|1
|
|detailschange|p2a: Metagross|Metagross-Mega
|-mega|p2a: Metagross|Metagross|Metagrossite
|detailschange|p1a: Diancie|Diancie-Mega
|-mega|p1a: Diancie|Diancie|Diancite
|move|p1a: Diancie|Protect|p1a: Diancie
|-singleturn|p1a: Diancie|Protect
|move|p2a: Metagross|Meteor Mash|p1a: Diancie
|-activate|p1a: Diancie|Protect
|
|turn|2
|
|switch|p1a: Landorus-Therian|Landorus-Therian, M|382\/382
|-ability|p1a: Landorus-Therian|Intimidate|[of] p2a: Metagross
|-unboost|p2a: Metagross|atk|1
|move|p2a: Metagross|Meteor Mash|p1a: Landorus-Therian
|-damage|p1a: Landorus-Therian|253\/382
|
|-heal|p1a: Landorus-Therian|276\/382|[from] item: Leftovers
|turn|3
|
|switch|p2a: Skarmory|Skarmory, M|271\/271
|move|p1a: Landorus-Therian|Stealth Rock|p2a: Skarmory
|-sidestart|p2: blackwing zero|move: Stealth Rock
|
|-heal|p1a: Landorus-Therian|299\/382|[from] item: Leftovers
|turn|4
|
|switch|p1a: Diancie|Diancie-Mega|241\/241
|move|p2a: Skarmory|Stealth Rock|p1a: Diancie
|move|p1a: Diancie|Stealth Rock|p2a: Skarmory|[from]Magic Bounce
|-fail|p2a: Skarmory
|
|turn|5
|
|switch|p2a: Metagross|Metagross-Mega|301\/301
|-damage|p2a: Metagross|283\/301|[from] Stealth Rock
|move|p1a: Diancie|Moonblast|p2a: Metagross
|-resisted|p2a: Metagross
|-damage|p2a: Metagross|200\/301
|
|turn|6
|
|move|p2a: Metagross|Meteor Mash|p1a: Diancie
|-supereffective|p1a: Diancie
|-damage|p1a: Diancie|0 fnt
|faint|p1a: Diancie
|
|
|switch|p1a: Tornadus-Therian|Tornadus-Therian, M|332\/332
|turn|7
|
|move|p1a: Tornadus-Therian|Heat Wave|p2a: Metagross
|-supereffective|p2a: Metagross
|-damage|p2a: Metagross|24\/301
|move|p2a: Metagross|Meteor Mash|p1a: Tornadus-Therian
|-damage|p1a: Tornadus-Therian|40\/332
|
|turn|8
|
|move|p1a: Tornadus-Therian|Knock Off|p2a: Metagross
|-supereffective|p2a: Metagross
|-damage|p2a: Metagross|0 fnt
|faint|p2a: Metagross
|
|
|switch|p2a: Azumarill|Azumarill, F|404\/404
|-damage|p2a: Azumarill|354\/404|[from] Stealth Rock
|turn|9
|
|switch|p1a: Mew|Mew|404\/404
|move|p2a: Azumarill|Play Rough|p1a: Mew
|-damage|p1a: Mew|241\/404
|
|-heal|p1a: Mew|266\/404|[from] item: Leftovers
|turn|10
|
|switch|p2a: Serperior|Serperior, F|291\/291
|-damage|p2a: Serperior|255\/291|[from] Stealth Rock
|move|p1a: Mew|Will-O-Wisp|p2a: Serperior
|-status|p2a: Serperior|brn
|
|-heal|p1a: Mew|291\/404|[from] item: Leftovers
|-damage|p2a: Serperior|219\/291 brn|[from] brn
|turn|11
|
|switch|p1a: Talonflame|Talonflame, F|297\/297
|move|p2a: Serperior|Leaf Storm|p1a: Talonflame
|-resisted|p1a: Talonflame
|-damage|p1a: Talonflame|222\/297
|-boost|p2a: Serperior|spa|2
|-damage|p2a: Serperior|190\/291 brn|[from] item: Life Orb
|
|-damage|p2a: Serperior|154\/291 brn|[from] brn
|turn|12
|
|move|p1a: Talonflame|Brave Bird|p2a: Serperior
|-supereffective|p2a: Serperior
|-damage|p2a: Serperior|0 fnt
|-damage|p1a: Talonflame|171\/297|[from] recoil|[of] p2a: Serperior
|faint|p2a: Serperior
|
|
|switch|p2a: Azumarill|Azumarill, F|354\/404
|-damage|p2a: Azumarill|304\/404|[from] Stealth Rock
|turn|13
|
|switch|p1a: Mew|Mew|291\/404
|move|p2a: Azumarill|Aqua Jet|p1a: Mew
|-damage|p1a: Mew|210\/404
|
|-heal|p1a: Mew|235\/404|[from] item: Leftovers
|turn|14
|
|switch|p2a: Skarmory|Skarmory, M|271\/271
|-damage|p2a: Skarmory|238\/271|[from] Stealth Rock
|move|p1a: Mew|Will-O-Wisp|p2a: Skarmory
|-status|p2a: Skarmory|brn
|
|-heal|p1a: Mew|260\/404|[from] item: Leftovers
|-damage|p2a: Skarmory|205\/271 brn|[from] brn
|turn|15
|
|move|p1a: Mew|Taunt|p2a: Skarmory
|-start|p2a: Skarmory|move: Taunt
|-enditem|p2a: Skarmory|Mental Herb
|-end|p2a: Skarmory|move: Taunt
|move|p2a: Skarmory|Stealth Rock|p1a: Mew
|-sidestart|p1: Shurt|move: Stealth Rock
|
|-heal|p1a: Mew|285\/404|[from] item: Leftovers
|-damage|p2a: Skarmory|172\/271 brn|[from] brn
|turn|16
|
|move|p1a: Mew|Defog|p2a: Skarmory
|-unboost|p2a: Skarmory|evasion|1
|-sideend|p2: blackwing zero|Stealth Rock|[from] move: Defog|[of] p2a: Skarmory
|-sideend|p1: Shurt|Stealth Rock|[from] move: Defog|[of] p1a: Mew
|move|p2a: Skarmory|Spikes|p1a: Mew
|-sidestart|p1: Shurt|Spikes
|
|-heal|p1a: Mew|310\/404|[from] item: Leftovers
|-damage|p2a: Skarmory|139\/271 brn|[from] brn
|turn|17
|
|switch|p2a: Keldeo|Keldeo|323\/323
|move|p1a: Mew|Taunt|p2a: Keldeo
|-start|p2a: Keldeo|move: Taunt
|
|-heal|p1a: Mew|335\/404|[from] item: Leftovers
|turn|18
|
|switch|p1a: Tornadus-Therian|Tornadus-Therian, M|150\/332
|move|p2a: Keldeo|Scald|p1a: Tornadus-Therian
|-damage|p1a: Tornadus-Therian|10\/332
|-damage|p2a: Keldeo|291\/323|[from] item: Life Orb
|
|turn|19
|
|switch|p2a: Skarmory|Skarmory, M|139\/271 brn
|move|p1a: Tornadus-Therian|Hurricane|p2a: Skarmory
|-resisted|p2a: Skarmory
|-damage|p2a: Skarmory|27\/271 brn
|
|-damage|p2a: Skarmory|0 fnt|[from] brn
|faint|p2a: Skarmory
|
|switch|p2a: Azumarill|Azumarill, F|304\/404
|turn|20
|
|switch|p1a: Mew|Mew|335\/404
|-damage|p1a: Mew|285\/404|[from] Spikes
|move|p2a: Azumarill|Aqua Jet|p1a: Mew
|-damage|p1a: Mew|207\/404
|
|-heal|p1a: Mew|232\/404|[from] item: Leftovers
|turn|21
|
|switch|p2a: Keldeo|Keldeo|291\/323
|move|p1a: Mew|Will-O-Wisp|p2a: Keldeo
|-status|p2a: Keldeo|brn
|
|-heal|p1a: Mew|257\/404|[from] item: Leftovers
|-damage|p2a: Keldeo|251\/323 brn|[from] brn
|turn|22
|
|move|p2a: Keldeo|Taunt|p1a: Mew
|-start|p1a: Mew|move: Taunt
|cant|p1a: Mew|move: Taunt|Roost
|
|-heal|p1a: Mew|282\/404|[from] item: Leftovers
|-damage|p2a: Keldeo|211\/323 brn|[from] brn
|turn|23
|
|switch|p1a: Landorus-Therian|Landorus-Therian, M|299\/382
|-ability|p1a: Landorus-Therian|Intimidate|[of] p2a: Keldeo
|-unboost|p2a: Keldeo|atk|1
|move|p2a: Keldeo|Scald|p1a: Landorus-Therian
|-supereffective|p1a: Landorus-Therian
|-damage|p1a: Landorus-Therian|0 fnt
|-damage|p2a: Keldeo|179\/323 brn|[from] item: Life Orb
|faint|p1a: Landorus-Therian
|
|-damage|p2a: Keldeo|139\/323 brn|[from] brn
|
|switch|p1a: Tornadus-Therian|Tornadus-Therian, M|120\/332
|turn|24
|
|switch|p2a: Bisharp|Bisharp, M|271\/271
|move|p1a: Tornadus-Therian|Hurricane|p2a: Bisharp
|-resisted|p2a: Bisharp
|-damage|p2a: Bisharp|163\/271
|
|turn|25
|
|switch|p1a: Mew|Mew|282\/404
|-damage|p1a: Mew|232\/404|[from] Spikes
|move|p2a: Bisharp|Sucker Punch|p1a: Mew
|-fail|p1a: Mew
|
|-heal|p1a: Mew|257\/404|[from] item: Leftovers
|turn|26
|
|switch|p2a: Keldeo|Keldeo|139\/323 brn
|move|p1a: Mew|Will-O-Wisp|p2a: Keldeo
|-fail|p2a: Keldeo|brn
|
|-heal|p1a: Mew|282\/404|[from] item: Leftovers
|-damage|p2a: Keldeo|99\/323 brn|[from] brn
|turn|27
|
|move|p2a: Keldeo|Scald|p1a: Mew
|-damage|p1a: Mew|105\/404
|-status|p1a: Mew|brn
|-damage|p2a: Keldeo|67\/323 brn|[from] item: Life Orb
|move|p1a: Mew|Roost|p1a: Mew
|-heal|p1a: Mew|307\/404 brn
|
|-heal|p1a: Mew|332\/404 brn|[from] item: Leftovers
|-damage|p2a: Keldeo|27\/323 brn|[from] brn
|-damage|p1a: Mew|282\/404 brn|[from] brn
|turn|28
|
|switch|p1a: Tornadus-Therian|Tornadus-Therian, M|230\/332
|move|p2a: Keldeo|Taunt|p1a: Tornadus-Therian
|-start|p1a: Tornadus-Therian|move: Taunt
|
|-damage|p2a: Keldeo|0 fnt|[from] brn
|faint|p2a: Keldeo
|
|switch|p2a: Bisharp|Bisharp, M|163\/271
|turn|29
|
|move|p1a: Tornadus-Therian|Superpower|p2a: Bisharp
|-supereffective|p2a: Bisharp
|-damage|p2a: Bisharp|0 fnt
|-unboost|p1a: Tornadus-Therian|atk|1
|-unboost|p1a: Tornadus-Therian|def|1
|faint|p2a: Bisharp
|
|
|switch|p2a: Azumarill|Azumarill, F|304\/404
|turn|30
|-message|blackwing zero forfeited.
|
|win|Shurt
|raw|Ladder updating...
|raw|Shurt's rating: 1689 &rarr; <strong>1703<\/strong><br \/>(+14 for winning)
|raw|blackwing zero's rating: 1587 &rarr; <strong>1573<\/strong><br \/>(-14 for losing)