|join|PikachuCandy
|join|Shurt
|player|p1|PikachuCandy|155
|player|p2|Shurt|170
|gametype|singles
|gen|6
|tier|OU
|rated
|clearpoke
|poke|p1|Landorus-Therian, M
|poke|p1|Wobbuffet, M, shiny
|poke|p1|Mandibuzz, F
|poke|p1|Garchomp, M, shiny
|poke|p1|Kyurem-Black, shiny
|poke|p1|Gardevoir, F, shiny
|poke|p2|Landorus-Therian, M
|poke|p2|Diancie
|poke|p2|Mew
|poke|p2|Kyurem-Black
|poke|p2|Talonflame, F
|poke|p2|Tornadus-Therian, M, shiny
|rule|Swagger Clause: Swagger is banned
|rule|Baton Pass Clause: Limit one PokÃ©mon knowing Baton Pass
|rule|Sleep Clause Mod: Limit one foe put to sleep
|rule|Species Clause: Limit one of each PokÃ©mon
|rule|OHKO Clause: OHKO moves are banned
|rule|Moody Clause: Moody is banned
|rule|Evasion Moves Clause: Evasion moves are banned
|rule|Endless Battle Clause: Forcing endless battles is banned
|rule|HP Percentage Mod: HP is shown in percentages
|teampreview
|
|start
|switch|p1a: Teriyaki|Kyurem-Black, shiny|392\/392
|switch|p2a: Mew|Mew|404\/404
|-ability|p1a: Teriyaki|Teravolt
|turn|1
|
|switch|p1a: DustFairy|Gardevoir, F, shiny|301\/301
|move|p2a: Mew|Will-O-Wisp|p1a: DustFairy
|-status|p1a: DustFairy|brn
|-status|p2a: Mew|brn
|
|-damage|p2a: Mew|354\/404 brn|[from] brn
|-damage|p1a: DustFairy|264\/301 brn|[from] brn
|turn|2
|
|switch|p2a: Diancie|Diancie|241\/241
|detailschange|p1a: DustFairy|Gardevoir-Mega, F, shiny
|-mega|p1a: DustFairy|Gardevoir|Gardevoirite
|move|p1a: DustFairy|Hyper Voice|p2a: Diancie
|-damage|p2a: Diancie|46\/241
|
|-damage|p1a: DustFairy|227\/301 brn|[from] brn
|turn|3
|join|the real amarok
|
|detailschange|p2a: Diancie|Diancie-Mega
|-mega|p2a: Diancie|Diancie|Diancite
|move|p2a: Diancie|Protect|p2a: Diancie
|-singleturn|p2a: Diancie|Protect
|move|p1a: DustFairy|Psyshock|p2a: Diancie
|-activate|p2a: Diancie|Protect
|
|-damage|p1a: DustFairy|190\/301 brn|[from] brn
|turn|4
|
|move|p2a: Diancie|Diamond Storm|p1a: DustFairy
|-damage|p1a: DustFairy|0 fnt
|faint|p1a: DustFairy
|
|
|switch|p1a: WishTail|Landorus-Therian, M|319\/319
|-ability|p1a: WishTail|Intimidate|[of] p2a: Diancie
|-unboost|p2a: Diancie|atk|1
|turn|5
|
|move|p2a: Diancie|Protect|p2a: Diancie
|-singleturn|p2a: Diancie|Protect
|move|p1a: WishTail|Earthquake|p2a: Diancie
|-activate|p2a: Diancie|Protect
|
|turn|6
|
|switch|p2a: Tornadus-Therian|Tornadus-Therian, M, shiny|333\/333
|move|p1a: WishTail|Earthquake|p2a: Tornadus-Therian
|-immune|p2a: Tornadus-Therian|[msg]
|
|turn|7
|
|switch|p1a: Wiz BITG|Mandibuzz, F|424\/424
|move|p2a: Tornadus-Therian|Knock Off|p1a: Wiz BITG
|-resisted|p1a: Wiz BITG
|-damage|p1a: Wiz BITG|397\/424
|-enditem|p1a: Wiz BITG|Leftovers|[from] move: Knock Off|[of] p2a: Tornadus-Therian
|
|turn|8
|join|TheNoob023
|
|switch|p2a: Kyurem-Black|Kyurem-Black|391\/391
|-ability|p2a: Kyurem-Black|Teravolt
|move|p1a: Wiz BITG|Foul Play|p2a: Kyurem-Black
|-damage|p2a: Kyurem-Black|178\/391
|
|turn|9
|leave|TheNoob023
|join|TheNoob023
|
|move|p2a: Kyurem-Black|Ice Beam|p1a: Wiz BITG
|-supereffective|p1a: Wiz BITG
|-damage|p1a: Wiz BITG|0 fnt
|-damage|p2a: Kyurem-Black|139\/391|[from] item: Life Orb
|faint|p1a: Wiz BITG
|
|c| the real amarok|life orb kyu b new meta?
|
|switch|p1a: WishTail|Landorus-Therian, M|319\/319
|-ability|p1a: WishTail|Intimidate|[of] p2a: Kyurem-Black
|-unboost|p2a: Kyurem-Black|atk|1
|turn|10
|
|switch|p2a: Landorus-Therian|Landorus-Therian, M|381\/381
|-ability|p2a: Landorus-Therian|Intimidate|[of] p1a: WishTail
|-unboost|p1a: WishTail|atk|1
|move|p1a: WishTail|U-turn|p2a: Landorus-Therian
|-resisted|p2a: Landorus-Therian
|-damage|p2a: Landorus-Therian|352\/381
|
|switch|p1a: Teriyaki|Kyurem-Black, shiny|392\/392
|-ability|p1a: Teriyaki|Teravolt
|
|-heal|p2a: Landorus-Therian|375\/381|[from] item: Leftovers
|turn|11
|
|switch|p2a: Kyurem-Black|Kyurem-Black|139\/391
|-ability|p2a: Kyurem-Black|Teravolt
|move|p1a: Teriyaki|Substitute|p1a: Teriyaki
|-start|p1a: Teriyaki|Substitute
|-damage|p1a: Teriyaki|294\/392
|
|-heal|p1a: Teriyaki|318\/392|[from] item: Leftovers
|turn|12
|
|move|p2a: Kyurem-Black|Ice Beam|p1a: Teriyaki
|-end|p1a: Teriyaki|Substitute
|-damage|p2a: Kyurem-Black|100\/391|[from] item: Life Orb
|move|p1a: Teriyaki|Iron Head|p2a: Kyurem-Black
|-supereffective|p2a: Kyurem-Black
|-damage|p2a: Kyurem-Black|0 fnt
|faint|p2a: Kyurem-Black
|
|-heal|p1a: Teriyaki|342\/392|[from] item: Leftovers
|
|switch|p2a: Mew|Mew|354\/404 brn
|turn|13
|
|move|p2a: Mew|Will-O-Wisp|p1a: Teriyaki|[miss]
|-miss|p2a: Mew|p1a: Teriyaki
|move|p1a: Teriyaki|Substitute|p1a: Teriyaki
|-start|p1a: Teriyaki|Substitute
|-damage|p1a: Teriyaki|244\/392
|
|-heal|p2a: Mew|379\/404 brn|[from] item: Leftovers
|-heal|p1a: Teriyaki|268\/392|[from] item: Leftovers
|-damage|p2a: Mew|329\/404 brn|[from] brn
|turn|14
|
|switch|p2a: Talonflame|Talonflame, F|297\/297
|move|p1a: Teriyaki|Ice Beam|p2a: Talonflame
|-damage|p2a: Talonflame|56\/297
|
|-heal|p1a: Teriyaki|292\/392|[from] item: Leftovers
|turn|15
|
|move|p2a: Talonflame|U-turn|p1a: Teriyaki
|-activate|p1a: Teriyaki|Substitute|[damage]
|
|switch|p2a: Diancie|Diancie-Mega|46\/241
|move|p1a: Teriyaki|Earth Power|p2a: Diancie
|-supereffective|p2a: Diancie
|-damage|p2a: Diancie|0 fnt
|faint|p2a: Diancie
|
|-heal|p1a: Teriyaki|316\/392|[from] item: Leftovers
|
|switch|p2a: Tornadus-Therian|Tornadus-Therian, M, shiny|333\/333
|turn|16
|
|move|p2a: Tornadus-Therian|Knock Off|p1a: Teriyaki
|-end|p1a: Teriyaki|Substitute
|move|p1a: Teriyaki|Substitute|p1a: Teriyaki
|-start|p1a: Teriyaki|Substitute
|-damage|p1a: Teriyaki|218\/392
|
|-heal|p1a: Teriyaki|242\/392|[from] item: Leftovers
|turn|17
|
|move|p2a: Tornadus-Therian|Hurricane|p1a: Teriyaki
|-end|p1a: Teriyaki|Substitute
|move|p1a: Teriyaki|Ice Beam|p2a: Tornadus-Therian
|-supereffective|p2a: Tornadus-Therian
|-damage|p2a: Tornadus-Therian|75\/333
|
|-heal|p1a: Teriyaki|266\/392|[from] item: Leftovers
|turn|18
|
|switch|p1a: BubbleTea|Wobbuffet, M, shiny|584\/584
|move|p2a: Tornadus-Therian|Superpower|p1a: BubbleTea
|-resisted|p1a: BubbleTea
|-damage|p1a: BubbleTea|508\/584
|-unboost|p2a: Tornadus-Therian|atk|1
|-unboost|p2a: Tornadus-Therian|def|1
|
|-heal|p1a: BubbleTea|544\/584|[from] item: Leftovers
|turn|19
|
|move|p2a: Tornadus-Therian|Knock Off|p1a: BubbleTea
|-supereffective|p1a: BubbleTea
|-damage|p1a: BubbleTea|376\/584
|-enditem|p1a: BubbleTea|Leftovers|[from] move: Knock Off|[of] p2a: Tornadus-Therian
|move|p1a: BubbleTea|Mirror Coat|p2a: Tornadus-Therian
|-fail|p2a: Tornadus-Therian
|
|turn|20
|
|move|p2a: Tornadus-Therian|Hurricane|p1a: BubbleTea|[miss]
|-miss|p2a: Tornadus-Therian|p1a: BubbleTea
|move|p1a: BubbleTea|Mirror Coat|p2a: Tornadus-Therian
|-fail|p2a: Tornadus-Therian
|
|turn|21
|
|move|p2a: Tornadus-Therian|Hurricane|p1a: BubbleTea
|-damage|p1a: BubbleTea|204\/584
|move|p1a: BubbleTea|Counter|p2a: Tornadus-Therian
|-fail|p2a: Tornadus-Therian
|
|turn|22
|
|move|p2a: Tornadus-Therian|Knock Off|p1a: BubbleTea
|-supereffective|p1a: BubbleTea
|-damage|p1a: BubbleTea|104\/584
|move|p1a: BubbleTea|Destiny Bond|p1a: BubbleTea
|-singlemove|p1a: BubbleTea|Destiny Bond
|
|turn|23
|
|move|p2a: Tornadus-Therian|Hurricane|p1a: BubbleTea
|-damage|p1a: BubbleTea|0 fnt
|faint|p1a: BubbleTea
|-activate|p1a: BubbleTea|Destiny Bond
|faint|p2a: Tornadus-Therian
|
|
|switch|p1a: WishTail|Landorus-Therian, M|319\/319
|switch|p2a: Talonflame|Talonflame, F|56\/297
|-ability|p1a: WishTail|Intimidate|[of] p2a: Talonflame
|-unboost|p2a: Talonflame|atk|1
|turn|24
|
|move|p2a: Talonflame|Brave Bird|p1a: WishTail
|-damage|p1a: WishTail|120\/319
|-damage|p2a: Talonflame|0 fnt|[from] recoil|[of] p1a: WishTail
|faint|p2a: Talonflame
|move|p1a: WishTail|Knock Off|p2: Talonflame|[notarget]
|-notarget
|
|
|switch|p2a: Landorus-Therian|Landorus-Therian, M|375\/381
|-ability|p2a: Landorus-Therian|Intimidate|[of] p1a: WishTail
|-unboost|p1a: WishTail|atk|1
|turn|25
|
|move|p1a: WishTail|Knock Off|p2a: Landorus-Therian
|-damage|p2a: Landorus-Therian|300\/381
|-enditem|p2a: Landorus-Therian|Leftovers|[from] move: Knock Off|[of] p1a: WishTail
|move|p2a: Landorus-Therian|Stealth Rock|p1a: WishTail
|-sidestart|p1: PikachuCandy|move: Stealth Rock
|
|turn|26
|
|move|p1a: WishTail|Knock Off|p2a: Landorus-Therian
|-damage|p2a: Landorus-Therian|249\/381
|move|p2a: Landorus-Therian|Stone Edge|p1a: WishTail
|-crit|p1a: WishTail
|-damage|p1a: WishTail|0 fnt
|faint|p1a: WishTail
|
|
|switch|p1a: Teriyaki|Kyurem-Black, shiny|266\/392
|-damage|p1a: Teriyaki|168\/392|[from] Stealth Rock
|-ability|p1a: Teriyaki|Teravolt
|turn|27
|
|move|p2a: Landorus-Therian|Earthquake|p1a: Teriyaki
|-damage|p1a: Teriyaki|15\/392
|move|p1a: Teriyaki|Ice Beam|p2a: Landorus-Therian
|-supereffective|p2a: Landorus-Therian
|-damage|p2a: Landorus-Therian|0 fnt
|faint|p2a: Landorus-Therian
|
|-heal|p1a: Teriyaki|39\/392|[from] item: Leftovers
|
|switch|p2a: Mew|Mew|329\/404 brn
|turn|28
|
|move|p2a: Mew|Will-O-Wisp|p1a: Teriyaki
|-status|p1a: Teriyaki|brn
|move|p1a: Teriyaki|Ice Beam|p2a: Mew
|-damage|p2a: Mew|176\/404 brn
|
|-heal|p2a: Mew|201\/404 brn|[from] item: Leftovers
|-heal|p1a: Teriyaki|63\/392 brn|[from] item: Leftovers
|-damage|p2a: Mew|151\/404 brn|[from] brn
|-damage|p1a: Teriyaki|14\/392 brn|[from] brn
|turn|29
|
|move|p2a: Mew|Roost|p2a: Mew
|-heal|p2a: Mew|353\/404 brn
|move|p1a: Teriyaki|Ice Beam|p2a: Mew
|-damage|p2a: Mew|191\/404 brn
|
|-heal|p2a: Mew|216\/404 brn|[from] item: Leftovers
|-heal|p1a: Teriyaki|38\/392 brn|[from] item: Leftovers
|-damage|p2a: Mew|166\/404 brn|[from] brn
|-damage|p1a: Teriyaki|0 fnt|[from] brn
|faint|p1a: Teriyaki
|c|âPikachuCandy|gg
|
|switch|p1a: Torpedo|Garchomp, M, shiny|357\/357
|-damage|p1a: Torpedo|335\/357|[from] Stealth Rock
|turn|30
|
|move|p1a: Torpedo|Earthquake|p2a: Mew
|-damage|p2a: Mew|12\/404 brn
|move|p2a: Mew|Roost|p2a: Mew
|-heal|p2a: Mew|214\/404 brn
|
|-heal|p2a: Mew|239\/404 brn|[from] item: Leftovers
|-damage|p2a: Mew|189\/404 brn|[from] brn
|turn|31
|
|move|p1a: Torpedo|Swords Dance|p1a: Torpedo
|-boost|p1a: Torpedo|atk|2
|move|p2a: Mew|Roost|p2a: Mew
|-heal|p2a: Mew|391\/404 brn
|
|-heal|p2a: Mew|404\/404 brn|[from] item: Leftovers
|-damage|p2a: Mew|354\/404 brn|[from] brn
|turn|32
|join|TheOriginalKrew
|
|move|p1a: Torpedo|Earthquake|p2a: Mew
|-crit|p2a: Mew
|-damage|p2a: Mew|0 fnt
|faint|p2a: Mew
|
|win|PikachuCandy
|raw|Ladder updating...
|raw|PikachuCandy's rating: 1613 &rarr; <strong>1635<\/strong><br \/>(+22 for winning)
|raw|Shurt's rating: 1640 &rarr; <strong>1618<\/strong><br \/>(-22 for losing)
|c|âShurt|bg - wisp miss on kyub lost me the game
|c|âPikachuCandy|gg
|c|âShurt|and now you even crit me
|c|âShurt|pls
|leave|Shurt
|player|p2
|c|âPikachuCandy|salty tho