|join|Ox the Box
|join|Shurt
|player|p1|Ox the Box|201
|player|p2|Shurt|170
|gametype|singles
|gen|6
|tier|OU
|rated
|clearpoke
|poke|p1|Shelgon, M
|poke|p1|Sableye, F
|poke|p1|Slowking, F
|poke|p1|Skarmory, F
|poke|p1|Chansey, F
|poke|p1|Quagsire, F
|poke|p2|Landorus-Therian, M
|poke|p2|Diancie
|poke|p2|Mew
|poke|p2|Kyurem-Black
|poke|p2|Talonflame, F
|poke|p2|Tornadus-Therian, M, shiny
|rule|Swagger Clause: Swagger is banned
|rule|Baton Pass Clause: Limit one PokÃ©mon knowing Baton Pass
|rule|Sleep Clause Mod: Limit one foe put to sleep
|rule|Species Clause: Limit one of each PokÃ©mon
|rule|OHKO Clause: OHKO moves are banned
|rule|Moody Clause: Moody is banned
|rule|Evasion Moves Clause: Evasion moves are banned
|rule|Endless Battle Clause: Forcing endless battles is banned
|rule|HP Percentage Mod: HP is shown in percentages
|teampreview
|c|âShurt|what on earth is this
|join|TCMK
|c|âOx the Box|what
|join|FlamingVictini PB
|c|âShurt|shelfon
|join|tbh js imo
|join|daftmau5
|c|âShurt|*shelgon
|leave|tbh js imo
|c| FlamingVictini PB|ox wtf does shelgon do
|c|âShurt|what can shelgon even do
|
|start
|switch|p1a: Fastking|Slowking, F|394\/394
|switch|p2a: Diancie|Diancie|241\/241
|turn|1
|c|âOx the Box|yeah?
|join|Arcanine is Regal
|join|lil manaphy
|c|âOx the Box|im new to showdown
|join|Nutfuck
|c|âOx the Box|is it good
|c| TCMK|flamingvictini stop playing mons
|c| FlamingVictini PB|ROFL
|c| FlamingVictini PB|tcmk
|
|detailschange|p2a: Diancie|Diancie-Mega
|-mega|p2a: Diancie|Diancie|Diancite
|move|p2a: Diancie|Protect|p2a: Diancie
|-singleturn|p2a: Diancie|Protect
|move|p1a: Fastking|Scald|p2a: Diancie
|-activate|p2a: Diancie|Protect
|
|turn|2
|c| FlamingVictini PB|nice to see u
|c| TCMK|and shurt dont lose to this guy
|join|Alldaalts
|c|âShurt|it would be the third time if i did
|c|âShurt|he had the biggest ct ever
|c| FlamingVictini PB|tcmk how's the stall innovation going
|c| TCMK|actually if you lose to this i wont be hard on you
|c| Nutfuck|he CTd you with archeops and cacturne?
|
|switch|p2a: Mew|Mew|404\/404
|move|p1a: Fastking|Future Sight|p2a: Mew
|-start|p1a: Fastking|move: Future Sight
|
|turn|3
|join|Cienight
|join|haunter
|c| TCMK|he has the mega sab + chans core
|c| lil manaphy|ugly
|c|âShurt|sabe + skarm  + chansey + quags
|c| lil manaphy|OX . mega gardevoir
|
|switch|p1a: Sableyeambroken|Sableye, F|303\/303
|move|p2a: Mew|Will-O-Wisp|p1a: Sableyeambroken
|-status|p1a: Sableyeambroken|brn
|
|-damage|p1a: Sableyeambroken|266\/303 brn|[from] brn
|turn|4
|c|âShurt|yet i bet he poses at
|c|âShurt|*as
|c|âShurt|innovating
|c|âOx the Box|mana slowking beats mega garde
|c|âShurt|because of the existence of two other pokes
|c| lil manaphy|it doesnt
|c| lil manaphy|unless its av
|c|âOx the Box|it does
|
|switch|p2a: Diancie|Diancie-Mega|241\/241
|detailschange|p1a: Sableyeambroken|Sableye-Mega, F
|-mega|p1a: Sableyeambroken|Sableye|Sablenite
|move|p1a: Sableyeambroken|Snarl|p2a: Diancie
|-resisted|p2a: Diancie
|-damage|p2a: Diancie|212\/241
|-unboost|p2a: Diancie|spa|1
|
|-end|p2a: Diancie|move: Future Sight
|-damage|p2a: Diancie|58\/241
|-damage|p1a: Sableyeambroken|229\/303 brn|[from] brn
|turn|5
|c|âOx the Box|I don't want to reveal sets but I'm av
|c| Cienight|no stall mons beat cm mega garde
|c|âOx the Box|OH SHIT
|c| FlamingVictini PB|av shelgon
|c| FlamingVictini PB|gonna wreck
|
|switch|p2a: Kyurem-Black|Kyurem-Black|391\/391
|-ability|p2a: Kyurem-Black|Teravolt
|switch|p1a: the beats|Chansey, F|703\/703
|
|turn|6
|c| Nutfuck|how does AV slowking beat calm mind gardevoir
|c| Nutfuck|tell me
|c|âOx the Box|burns
|c| lil manaphy|252+ SpA Pixilate Mega Gardevoir Hyper Voice vs. 248 HP \/ 252+ SpD Slowking: 169-201 (43 - 51.1%) -- 4.7% chance to 2HKO
|
|switch|p2a: Landorus-Therian|Landorus-Therian, M|381\/381
|-ability|p2a: Landorus-Therian|Intimidate|[of] p1a: the beats
|-unboost|p1a: the beats|atk|1
|move|p1a: the beats|Heal Bell|p1a: the beats
|-cureteam|p1a: the beats|[from] move: HealBell
|
|turn|7
|c| TCMK|this man banks off hax
|join|the Infant meme
|c| TCMK|to win
|c|âOx the Box|that's not av
|c| lil manaphy|thats a ko after rocks
|c| TCMK|when hes already using stall
|
|switch|p1a: l3l|Skarmory, F|334\/334
|move|p2a: Landorus-Therian|U-turn|p1a: l3l
|-resisted|p1a: l3l
|-damage|p1a: l3l|324\/334
|join|RayDalio
|
|switch|p2a: Tornadus-Therian|Tornadus-Therian, M, shiny|333\/333
|
|-heal|p1a: l3l|334\/334|[from] item: Leftovers
|turn|8
|c|âOx the Box|nigga I have shelgod
|
|switch|p1a: ShelGOD|Shelgon, M|333\/333
|move|p2a: Tornadus-Therian|Heat Wave|p1a: ShelGOD
|-resisted|p1a: ShelGOD
|-damage|p1a: ShelGOD|276\/333
|
|turn|9
|c| lil manaphy|slowking checks garde the way av tornadus does. shes gonna get past it
|c| TCMK|you also have mega sab
|c| TCMK|and chansey
|
|move|p2a: Tornadus-Therian|Knock Off|p1a: ShelGOD
|-damage|p1a: ShelGOD|237\/333
|-enditem|p1a: ShelGOD|Eviolite|[from] move: Knock Off|[of] p2a: Tornadus-Therian
|move|p1a: ShelGOD|Wish|p1a: ShelGOD
|
|turn|10
|c|âShurt|LOL
|c|âShurt|tornt
|c|âShurt|does not check gard
|c|âShurt|at all
|c| lil manaphy|it comes in once
|c|âShurt|no
|c| lil manaphy|also exactly
|c|âShurt|hyper voie
|c|âShurt|does
|c| lil manaphy|thats my point
|c|âShurt|51%
|c| Cienight|av torn
|c|âOx the Box|it checks
|c| Cienight|checks
|c|âOx the Box|nigga that's checking
|c|âShurt|it cant
|c|âShurt|OHKO
|join|breeloom
|c| TCMK|hurricane does nigga dick
|
|switch|p2a: Diancie|Diancie-Mega|58\/241
|move|p1a: ShelGOD|Toxic|p2a: Diancie
|move|p2a: Diancie|Toxic|p1a: ShelGOD|[from]Magic Bounce
|-status|p1a: ShelGOD|tox
|
|-heal|p1a: ShelGOD|333\/333 tox|[from] move: Wish|[wisher] ShelGOD
|-damage|p1a: ShelGOD|313\/333 tox|[from] psn
|turn|11
|c|âOx the Box|and u can scare it off with h cane
|c|âShurt|back
|c| TCMK|to mega garde
|c|âShurt|how the fuck is that a check
|c| Cienight|2hkos , he's faster
|c| Cienight|means its a check
|c| TCMK|this nigga got predicted out of his asshole
|c|âShurt|no
|c|âShurt|hurricane does 47%
|c|âShurt|when you're avest
|c|âShurt|!
|c|âShurt|unless your max spa
|c|âShurt|then your avest tornt sucks
|c|âOx the Box|it still **checks**
|c|âShurt|no
|c|âOx the Box|key word checks
|c| Nutfuck|if you think AV slowking is a good answer to mega gard then you're fucking lost
|leave|Cienight
|c|âShurt|checks means it can KO it
|c| lil manaphy|it checks go away
|
|switch|p1a: Fastking|Slowking, F|394\/394
|move|p2a: Diancie|Moonblast|p1a: Fastking
|-damage|p1a: Fastking|307\/394
|
|turn|12
|c|âShurt|it cant 2hko
|c|âShurt|it cant switch in
|
|switch|p2a: Mew|Mew|404\/404
|move|p1a: Fastking|Future Sight|p2a: Mew
|-start|p1a: Fastking|move: Future Sight
|
|turn|13
|c|âShurt|and the move you're checking it with
|c|âOx the Box|do you not know what check means?
|c|âShurt|has 70 acc
|c|âShurt|ive been playing this game 5 years
|c|âShurt|and wrote a guide about checks and counters
|c|âShurt|-____-
|c|âOx the Box|then u shuold fucking know
|c| Nutfuck|this nigga wrote a guide
|c| Nutfuck|watch out
|
|switch|p1a: Sableyeambroken|Sableye-Mega, F|229\/303
|move|p2a: Mew|Will-O-Wisp|p1a: Sableyeambroken
|move|p1a: Sableyeambroken|Will-O-Wisp|p2a: Mew|[from]Magic Bounce
|-status|p2a: Mew|brn
|-status|p1a: Sableyeambroken|brn
|
|-damage|p2a: Mew|354\/404 brn|[from] brn
|-damage|p1a: Sableyeambroken|192\/303 brn|[from] brn
|turn|14
|
|move|p2a: Mew|Will-O-Wisp|p1a: Sableyeambroken
|move|p1a: Sableyeambroken|Will-O-Wisp|p2a: Mew|[from]Magic Bounce
|-fail|p2a: Mew|brn
|move|p1a: Sableyeambroken|Snarl|p2a: Mew
|-supereffective|p2a: Mew
|-damage|p2a: Mew|234\/404 brn
|-unboost|p2a: Mew|spa|1
|
|-end|p2a: Mew|move: Future Sight
|-resisted|p2a: Mew
|-damage|p2a: Mew|170\/404 brn
|-heal|p2a: Mew|195\/404 brn|[from] item: Leftovers
|-damage|p2a: Mew|145\/404 brn|[from] brn
|-damage|p1a: Sableyeambroken|155\/303 brn|[from] brn
|turn|15
|c| lil manaphy|snarl
|c|âShurt|snarl is legit
|c|âShurt|i've used it too
|c|âShurt|lol
|
|move|p2a: Mew|Roost|p2a: Mew
|-heal|p2a: Mew|347\/404 brn
|move|p1a: Sableyeambroken|Recover|p1a: Sableyeambroken
|-heal|p1a: Sableyeambroken|303\/303 brn
|
|-heal|p2a: Mew|372\/404 brn|[from] item: Leftovers
|-damage|p2a: Mew|322\/404 brn|[from] brn
|-damage|p1a: Sableyeambroken|266\/303 brn|[from] brn
|turn|16
|c| TCMK|my question is
|c| TCMK|why is this user getting views
|c| lil manaphy|can we reveal sd talonflame with a grass type natural gift already? why isnt that a thing
|
|move|p2a: Mew|Will-O-Wisp|p1a: Sableyeambroken
|move|p1a: Sableyeambroken|Will-O-Wisp|p2a: Mew|[from]Magic Bounce
|-fail|p2a: Mew|brn
|move|p1a: Sableyeambroken|Calm Mind|p1a: Sableyeambroken
|-boost|p1a: Sableyeambroken|spa|1
|-boost|p1a: Sableyeambroken|spd|1
|
|-heal|p2a: Mew|347\/404 brn|[from] item: Leftovers
|-damage|p2a: Mew|297\/404 brn|[from] brn
|-damage|p1a: Sableyeambroken|229\/303 brn|[from] brn
|turn|17
|c| FlamingVictini PB|because he's a based ou frend
|c| lil manaphy|beats rotom-w and quag
|c| TCMK|this man plays as if hes the son of jasonpwn
|c|âOx the Box|TCMK who are you
|leave|breeloom
|c|âShurt|LOL
|c|âShurt|ctc
|
|switch|p2a: Diancie|Diancie-Mega|58\/241
|move|p1a: Sableyeambroken|Snarl|p2a: Diancie
|-resisted|p2a: Diancie
|-damage|p2a: Diancie|10\/241
|-unboost|p2a: Diancie|spa|1
|
|-damage|p1a: Sableyeambroken|192\/303 brn|[from] brn
|turn|18
|c|âShurt|who are you?
|c| TCMK|homie who are you
|c| Nutfuck|cocks the cocks
|
|switch|p1a: Fastking|Slowking, F|394\/394
|move|p2a: Diancie|Diamond Storm|p1a: Fastking
|-damage|p1a: Fastking|162\/394
|
|turn|19
|c|âOx the Box|oh you're a low life pokebattle scrub
|c|âOx the Box|figures
|c| TCMK|ah and you're a showdown fag who's terrible
|
|switch|p1a: the beats|Chansey, F|703\/703
|move|p2a: Diancie|Diamond Storm|p1a: the beats
|-damage|p1a: the beats|438\/703
|-boost|p2a: Diancie|def|1
|
|turn|20
|c| TCMK|makes sense
|c| Nutfuck|Hey he's black and its mlk day go easy on him
|c|âOx the Box|yup
|c|âOx the Box|oh hes balck
|c|âOx the Box|black
|
|move|p2a: Diancie|Diamond Storm|p1a: the beats
|-damage|p1a: the beats|185\/703
|-boost|p2a: Diancie|def|1
|move|p1a: the beats|Soft-Boiled|p1a: the beats
|-heal|p1a: the beats|537\/703
|
|turn|21
|
|switch|p2a: Tornadus-Therian|Tornadus-Therian, M, shiny|333\/333
|move|p1a: the beats|Soft-Boiled|p1a: the beats
|-heal|p1a: the beats|703\/703
|
|turn|22
|
|switch|p1a: ShelGOD|Shelgon, M|313\/333 tox
|move|p2a: Tornadus-Therian|Knock Off|p1a: ShelGOD
|-damage|p1a: ShelGOD|277\/333 tox
|
|-damage|p1a: ShelGOD|257\/333 tox|[from] psn
|turn|23
|
|switch|p2a: Mew|Mew|297\/404 brn
|move|p1a: ShelGOD|Wish|p1a: ShelGOD
|
|-heal|p2a: Mew|322\/404 brn|[from] item: Leftovers
|-damage|p2a: Mew|272\/404 brn|[from] brn
|-damage|p1a: ShelGOD|217\/333 tox|[from] psn
|turn|24
|
|switch|p1a: Sableyeambroken|Sableye-Mega, F|192\/303 brn
|move|p2a: Mew|Will-O-Wisp|p1a: Sableyeambroken
|move|p1a: Sableyeambroken|Will-O-Wisp|p2a: Mew|[from]Magic Bounce
|-fail|p2a: Mew|brn
|
|-heal|p1a: Sableyeambroken|303\/303 brn|[from] move: Wish|[wisher] ShelGOD
|-heal|p2a: Mew|297\/404 brn|[from] item: Leftovers
|-damage|p2a: Mew|247\/404 brn|[from] brn
|-damage|p1a: Sableyeambroken|266\/303 brn|[from] brn
|turn|25
|c| Nutfuck|that pokemon already has the burn status
|c|âShurt|he also has a slowking
|c| lil manaphy|what really no way
|c| Nutfuck|going for another will o wisp is not the optimal play imo tbh js
|
|switch|p2a: Talonflame|Talonflame, F|297\/297
|move|p1a: Sableyeambroken|Calm Mind|p1a: Sableyeambroken
|-boost|p1a: Sableyeambroken|spa|1
|-boost|p1a: Sableyeambroken|spd|1
|
|-damage|p1a: Sableyeambroken|229\/303 brn|[from] brn
|turn|26
|join|Cienight
|leave|Cienight
|
|move|p2a: Talonflame|Flare Blitz|p1a: Sableyeambroken
|-damage|p1a: Sableyeambroken|67\/303 brn
|-damage|p2a: Talonflame|244\/297|[from] recoil|[of] p1a: Sableyeambroken
|move|p1a: Sableyeambroken|Recover|p1a: Sableyeambroken
|-heal|p1a: Sableyeambroken|219\/303 brn
|
|-damage|p1a: Sableyeambroken|182\/303 brn|[from] brn
|turn|27
|join|ltoi6
|
|switch|p2a: Kyurem-Black|Kyurem-Black|391\/391
|-ability|p2a: Kyurem-Black|Teravolt
|switch|p1a: Quagmire|Quagsire, F|394\/394
|
|turn|28
|
|move|p2a: Kyurem-Black|Ice Beam|p1a: Quagmire
|-damage|p1a: Quagmire|96\/394
|-damage|p2a: Kyurem-Black|352\/391|[from] item: Life Orb
|move|p1a: Quagmire|Toxic|p2a: Kyurem-Black
|-status|p2a: Kyurem-Black|tox
|
|-heal|p1a: Quagmire|120\/394|[from] item: Leftovers
|-damage|p2a: Kyurem-Black|328\/391 tox|[from] psn
|turn|29
|c| Nutfuck|why are u letting ur mons get widdled
|
|switch|p1a: the beats|Chansey, F|703\/703
|move|p2a: Kyurem-Black|Ice Beam|p1a: the beats
|-crit|p1a: the beats
|-damage|p1a: the beats|487\/703
|-damage|p2a: Kyurem-Black|289\/391 tox|[from] item: Life Orb
|
|-damage|p2a: Kyurem-Black|241\/391 tox|[from] psn
|turn|30
|c| TCMK|ah the great play to take a 75 perc
|c| TCMK|to toic the ky-b
|
|switch|p2a: Tornadus-Therian|Tornadus-Therian, M, shiny|333\/333
|move|p1a: the beats|Soft-Boiled|p1a: the beats
|-heal|p1a: the beats|703\/703
|
|turn|31
|
|move|p2a: Tornadus-Therian|Hurricane|p1a: the beats
|-damage|p1a: the beats|597\/703
|-start|p1a: the beats|confusion
|-activate|p1a: the beats|confusion
|-damage|p1a: the beats|588\/703|[from] confusion
|
|turn|32
|
|switch|p1a: ShelGOD|Shelgon, M|217\/333 tox
|move|p2a: Tornadus-Therian|Hurricane|p1a: ShelGOD|[miss]
|-miss|p2a: Tornadus-Therian|p1a: ShelGOD
|
|-damage|p1a: ShelGOD|197\/333 tox|[from] psn
|turn|33
|
|switch|p2a: Kyurem-Black|Kyurem-Black|241\/391 tox
|-ability|p2a: Kyurem-Black|Teravolt
|move|p1a: ShelGOD|Wish|p1a: ShelGOD
|
|-damage|p2a: Kyurem-Black|217\/391 tox|[from] psn
|-damage|p1a: ShelGOD|157\/333 tox|[from] psn
|turn|34
|c| Nutfuck|it died to knock off+poison+hurricane homie
|c| Nutfuck|no need to hurricane the chansey
|
|switch|p1a: the beats|Chansey, F|588\/703
|move|p2a: Kyurem-Black|Ice Beam|p1a: the beats
|-damage|p1a: the beats|444\/703
|-status|p1a: the beats|frz
|-damage|p2a: Kyurem-Black|178\/391 tox|[from] item: Life Orb
|
|-heal|p1a: the beats|610\/703 frz|[from] move: Wish|[wisher] ShelGOD
|-damage|p2a: Kyurem-Black|130\/391 tox|[from] psn
|turn|35
|c|âShurt|omg that wish did nothing
|
|move|p2a: Kyurem-Black|Roost|p2a: Kyurem-Black
|-heal|p2a: Kyurem-Black|326\/391 tox
|cant|p1a: the beats|frz
|
|-damage|p2a: Kyurem-Black|254\/391 tox|[from] psn
|turn|36
|c|âOx the Box|great player alert
|
|switch|p2a: Tornadus-Therian|Tornadus-Therian, M, shiny|333\/333
|cant|p1a: the beats|frz
|
|turn|37
|-message|Ox the Box forfeited.
|leave|Ox the Box
|
|switch|p1a: l3l|Skarmory, F|334\/334
|move|p2a: Tornadus-Therian|Knock Off|p1a: l3l
|-damage|p1a: l3l|286\/334
|-enditem|p1a: l3l|Leftovers|[from] move: Knock Off|[of] p2a: Tornadus-Therian
|
|turn|38
|
|win|Shurt
|raw|Ladder updating...
|c| TCMK|lol
|player|p1
|raw|Ox the Box's rating: 1786 &rarr; <strong>1760<\/strong><br \/>(-26 for losing)
|raw|Shurt's rating: 1678 &rarr; <strong>1704<\/strong><br \/>(+26 for winning)
|c|âShurt|lol