|join|Giorgio Bin Laden
|join|CyndaKillSH
|player|p1|Giorgio Bin Laden|170
|player|p2|CyndaKillSH|161
|gametype|singles
|gen|6
|tier|OU
|rated
|clearpoke
|poke|p1|Heatran, F
|poke|p1|Ferrothorn, M
|poke|p1|Tentacruel, F
|poke|p1|Skarmory, M
|poke|p1|Charizard, F
|poke|p1|Keldeo
|poke|p2|Volcarona, M, shiny
|poke|p2|Landorus-Therian, M, shiny
|poke|p2|Charizard, M, shiny
|poke|p2|Terrakion, shiny
|poke|p2|Venusaur, M, shiny
|poke|p2|Latios, M, shiny
|rule|Swagger Clause: Swagger is banned
|rule|Baton Pass Clause: Limit one PokÃ©mon knowing Baton Pass
|rule|Sleep Clause Mod: Limit one foe put to sleep
|rule|Species Clause: Limit one of each PokÃ©mon
|rule|OHKO Clause: OHKO moves are banned
|rule|Moody Clause: Moody is banned
|rule|Evasion Moves Clause: Evasion moves are banned
|rule|Endless Battle Clause: Forcing endless battles is banned
|rule|HP Percentage Mod: HP is shown in percentages
|teampreview
|
|start
|switch|p1a: Skarmory|Skarmory, M|334\/334
|switch|p2a: Demeteros|Landorus-Therian, M, shiny|320\/320
|-ability|p2a: Demeteros|Intimidate|[of] p1a: Skarmory
|-unboost|p1a: Skarmory|atk|1
|turn|1
|
|move|p2a: Demeteros|Stealth Rock|p1a: Skarmory
|-sidestart|p1: Giorgio Bin Laden|move: Stealth Rock
|move|p1a: Skarmory|Stealth Rock|p2a: Demeteros
|-sidestart|p2: CyndaKillSH|move: Stealth Rock
|
|turn|2
|
|move|p2a: Demeteros|U-turn|p1a: Skarmory
|-resisted|p1a: Skarmory
|-damage|p1a: Skarmory|321\/334
|
|switch|p2a: Latios|Latios, M, shiny|302\/302
|-damage|p2a: Latios|265\/302|[from] Stealth Rock
|move|p1a: Skarmory|Roar|p2a: Latios
|drag|p2a: Florizarre|Venusaur, M, shiny|319\/319
|-damage|p2a: Florizarre|280\/319|[from] Stealth Rock
|
|turn|3
|
|move|p2a: Florizarre|Giga Drain|p1a: Skarmory
|-resisted|p1a: Skarmory
|-damage|p1a: Skarmory|272\/334
|-heal|p2a: Florizarre|305\/319|[from] drain|[of] p1a: Skarmory
|-damage|p2a: Florizarre|274\/319|[from] item: Life Orb
|move|p1a: Skarmory|Brave Bird|p2a: Florizarre
|-supereffective|p2a: Florizarre
|-damage|p2a: Florizarre|82\/319
|-damage|p1a: Skarmory|209\/334|[from] recoil|[of] p2a: Florizarre
|
|turn|4
|leave|Giorgio Bin Laden
|player|p1
|join|Giorgio Bin Laden
|player|p1|Giorgio Bin Laden|170
|
|move|p2a: Florizarre|Substitute|p2a: Florizarre
|-start|p2a: Florizarre|Substitute
|-damage|p2a: Florizarre|3\/319
|move|p1a: Skarmory|Brave Bird|p2a: Florizarre
|-supereffective|p2a: Florizarre
|-end|p2a: Florizarre|Substitute
|-damage|p1a: Skarmory|183\/334|[from] recoil|[of] p2a: Florizarre
|
|turn|5
|
|move|p2a: Florizarre|Giga Drain|p1a: Skarmory
|-crit|p1a: Skarmory
|-resisted|p1a: Skarmory
|-damage|p1a: Skarmory|110\/334
|-heal|p2a: Florizarre|40\/319|[from] drain|[of] p1a: Skarmory
|-damage|p2a: Florizarre|9\/319|[from] item: Life Orb
|move|p1a: Skarmory|Brave Bird|p2a: Florizarre
|-supereffective|p2a: Florizarre
|-damage|p2a: Florizarre|0 fnt
|-damage|p1a: Skarmory|107\/334|[from] recoil|[of] p2a: Florizarre
|faint|p2a: Florizarre
|
|
|switch|p2a: Latios|Latios, M, shiny|265\/302
|-damage|p2a: Latios|228\/302|[from] Stealth Rock
|turn|6
|
|move|p2a: Latios|Thunderbolt|p1a: Skarmory
|-supereffective|p1a: Skarmory
|-damage|p1a: Skarmory|0 fnt
|faint|p1a: Skarmory
|
|
|switch|p1a: Ferrothorn|Ferrothorn, M|352\/352
|-damage|p1a: Ferrothorn|330\/352|[from] Stealth Rock
|turn|7
|
|move|p2a: Latios|Defog|p1a: Ferrothorn
|-unboost|p1a: Ferrothorn|evasion|1
|-sideend|p1: Giorgio Bin Laden|Stealth Rock|[from] move: Defog|[of] p1a: Ferrothorn
|-sideend|p2: CyndaKillSH|Stealth Rock|[from] move: Defog|[of] p2a: Latios
|move|p1a: Ferrothorn|Knock Off|p2a: Latios
|-supereffective|p2a: Latios
|-damage|p2a: Latios|40\/302
|-enditem|p2a: Latios|Expert Belt|[from] move: Knock Off|[of] p1a: Ferrothorn
|
|-heal|p1a: Ferrothorn|352\/352|[from] item: Leftovers
|turn|8
|
|move|p2a: Latios|Dragon Pulse|p1a: Ferrothorn
|-resisted|p1a: Ferrothorn
|-damage|p1a: Ferrothorn|298\/352
|move|p1a: Ferrothorn|Stealth Rock|p2a: Latios
|-sidestart|p2: CyndaKillSH|move: Stealth Rock
|
|-heal|p1a: Ferrothorn|320\/352|[from] item: Leftovers
|turn|9
|
|move|p2a: Latios|Defog|p1a: Ferrothorn
|-unboost|p1a: Ferrothorn|evasion|1
|-sideend|p2: CyndaKillSH|Stealth Rock|[from] move: Defog|[of] p2a: Latios
|move|p1a: Ferrothorn|Leech Seed|p2a: Latios|[miss]
|-miss|p1a: Ferrothorn|p2a: Latios
|
|-heal|p1a: Ferrothorn|342\/352|[from] item: Leftovers
|turn|10
|
|switch|p2a: Dracaufeu|Charizard, M, shiny|297\/297
|move|p1a: Ferrothorn|Leech Seed|p2a: Dracaufeu
|-start|p2a: Dracaufeu|move: Leech Seed
|
|-heal|p1a: Ferrothorn|352\/352|[from] item: Leftovers
|-damage|p2a: Dracaufeu|260\/297|[from] Leech Seed|[of] p1a: Ferrothorn
|turn|11
|
|detailschange|p2a: Dracaufeu|Charizard-Mega-Y, M, shiny
|-mega|p2a: Dracaufeu|Charizard|Charizardite Y
|-weather|SunnyDay
|move|p2a: Dracaufeu|Hidden Power|p1a: Ferrothorn
|-damage|p1a: Ferrothorn|295\/352
|move|p1a: Ferrothorn|Stealth Rock|p2a: Dracaufeu
|-sidestart|p2: CyndaKillSH|move: Stealth Rock
|
|-weather|SunnyDay|[upkeep]
|-heal|p1a: Ferrothorn|317\/352|[from] item: Leftovers
|-damage|p2a: Dracaufeu|223\/297|[from] Leech Seed|[of] p1a: Ferrothorn
|-heal|p1a: Ferrothorn|352\/352|[silent]
|turn|12
|
|switch|p1a: Tentacruel|Tentacruel, F|364\/364
|move|p2a: Dracaufeu|Flamethrower|p1a: Tentacruel
|-resisted|p1a: Tentacruel
|-damage|p1a: Tentacruel|283\/364
|
|-weather|SunnyDay|[upkeep]
|-heal|p1a: Tentacruel|305\/364|[from] item: Black Sludge
|-damage|p2a: Dracaufeu|186\/297|[from] Leech Seed|[of] p1a: Tentacruel
|-heal|p1a: Tentacruel|342\/364|[silent]
|turn|13
|
|move|p2a: Dracaufeu|Air Slash|p1a: Tentacruel
|-damage|p1a: Tentacruel|248\/364
|move|p1a: Tentacruel|Scald|p2a: Dracaufeu
|-supereffective|p2a: Dracaufeu
|-damage|p2a: Dracaufeu|118\/297
|
|-weather|SunnyDay|[upkeep]
|-heal|p1a: Tentacruel|270\/364|[from] item: Black Sludge
|-damage|p2a: Dracaufeu|81\/297|[from] Leech Seed|[of] p1a: Tentacruel
|-heal|p1a: Tentacruel|307\/364|[silent]
|turn|14
|
|move|p2a: Dracaufeu|Air Slash|p1a: Tentacruel
|-damage|p1a: Tentacruel|202\/364
|move|p1a: Tentacruel|Scald|p2a: Dracaufeu
|-supereffective|p2a: Dracaufeu
|-damage|p2a: Dracaufeu|15\/297
|
|-weather|SunnyDay|[upkeep]
|-heal|p1a: Tentacruel|224\/364|[from] item: Black Sludge
|-damage|p2a: Dracaufeu|0 fnt|[from] Leech Seed|[of] p1a: Tentacruel
|-heal|p1a: Tentacruel|239\/364|[silent]
|faint|p2a: Dracaufeu
|
|switch|p2a: Latios|Latios, M, shiny|40\/302
|-damage|p2a: Latios|3\/302|[from] Stealth Rock
|turn|15
|
|move|p2a: Latios|Defog|p1a: Tentacruel
|-unboost|p1a: Tentacruel|evasion|1
|-sideend|p2: CyndaKillSH|Stealth Rock|[from] move: Defog|[of] p2a: Latios
|move|p1a: Tentacruel|Knock Off|p2a: Latios
|-supereffective|p2a: Latios
|-damage|p2a: Latios|0 fnt
|faint|p2a: Latios
|
|-weather|none
|-heal|p1a: Tentacruel|261\/364|[from] item: Black Sludge
|
|switch|p2a: Demeteros|Landorus-Therian, M, shiny|320\/320
|-ability|p2a: Demeteros|Intimidate|[of] p1a: Tentacruel
|-unboost|p1a: Tentacruel|atk|1
|turn|16
|
|switch|p1a: Ferrothorn|Ferrothorn, M|352\/352
|move|p2a: Demeteros|Earthquake|p1a: Ferrothorn
|-damage|p1a: Ferrothorn|211\/352
|
|-heal|p1a: Ferrothorn|233\/352|[from] item: Leftovers
|turn|17
|
|move|p2a: Demeteros|Earthquake|p1a: Ferrothorn
|-damage|p1a: Ferrothorn|79\/352
|move|p1a: Ferrothorn|Leech Seed|p2a: Demeteros
|-start|p2a: Demeteros|move: Leech Seed
|
|-heal|p1a: Ferrothorn|101\/352|[from] item: Leftovers
|-damage|p2a: Demeteros|280\/320|[from] Leech Seed|[of] p1a: Ferrothorn
|-heal|p1a: Ferrothorn|141\/352|[silent]
|turn|18
|
|switch|p2a: Terrakium|Terrakion, shiny|323\/323
|move|p1a: Ferrothorn|Protect|p1a: Ferrothorn
|-fail|p1a: Ferrothorn
|
|-heal|p1a: Ferrothorn|163\/352|[from] item: Leftovers
|turn|19
|
|switch|p1a: Tentacruel|Tentacruel, F|261\/364
|move|p2a: Terrakium|Rock Slide|p1a: Tentacruel
|-damage|p1a: Tentacruel|66\/364
|
|-heal|p1a: Tentacruel|88\/364|[from] item: Black Sludge
|turn|20
|
|switch|p1a: Heatran|Heatran, F|386\/386
|move|p2a: Terrakium|Earthquake|p1a: Heatran
|-supereffective|p1a: Heatran
|-damage|p1a: Heatran|0 fnt
|faint|p1a: Heatran
|
|
|switch|p1a: Keldeo|Keldeo|324\/324
|turn|21
|
|switch|p2a: Demeteros|Landorus-Therian, M, shiny|280\/320
|-ability|p2a: Demeteros|Intimidate|[of] p1a: Keldeo
|-unboost|p1a: Keldeo|atk|1
|move|p1a: Keldeo|Scald|p2a: Demeteros
|-supereffective|p2a: Demeteros
|-damage|p2a: Demeteros|0 fnt
|faint|p2a: Demeteros
|
|
|switch|p2a: Pyrax|Volcarona, M, shiny|374\/374
|turn|22
|
|move|p1a: Keldeo|Scald|p2a: Pyrax
|-supereffective|p2a: Pyrax
|-damage|p2a: Pyrax|80\/374
|-enditem|p2a: Pyrax|Sitrus Berry|[eat]
|-heal|p2a: Pyrax|173\/374|[from] item: Sitrus Berry
|move|p2a: Pyrax|Quiver Dance|p2a: Pyrax
|-boost|p2a: Pyrax|spa|1
|-boost|p2a: Pyrax|spd|1
|-boost|p2a: Pyrax|spe|1
|
|turn|23
|
|move|p2a: Pyrax|Quiver Dance|p2a: Pyrax
|-boost|p2a: Pyrax|spa|1
|-boost|p2a: Pyrax|spd|1
|-boost|p2a: Pyrax|spe|1
|move|p1a: Keldeo|Scald|p2a: Pyrax
|-supereffective|p2a: Pyrax
|-damage|p2a: Pyrax|35\/374
|
|turn|24
|
|move|p2a: Pyrax|Giga Drain|p1a: Keldeo
|-supereffective|p1a: Keldeo
|-damage|p1a: Keldeo|0 fnt
|-heal|p2a: Pyrax|197\/374|[from] drain|[of] p1a: Keldeo
|faint|p1a: Keldeo
|
|-message|Giorgio Bin Laden forfeited.
|leave|Giorgio Bin Laden
|c|âCyndaKillSH|gg
|
|win|CyndaKillSH
|raw|Ladder updating...
|player|p1
|raw|Giorgio Bin Laden's rating: 1576 &rarr; <strong>1551<\/strong><br \/>(-25 for losing)
|raw|CyndaKillSH's rating: 1481 &rarr; <strong>1506<\/strong><br \/>(+25 for winning)