|join|CMPunkGTS
|join|CyndaKillSH
|player|p1|CMPunkGTS|66
|player|p2|CyndaKillSH|161
|gametype|singles
|gen|6
|tier|OU
|rated
|clearpoke
|poke|p1|Landorus, M
|poke|p1|Scizor, M
|poke|p1|Tyranitar, M
|poke|p1|Latios, M
|poke|p1|Lopunny, F
|poke|p1|Azumarill, F
|poke|p2|Volcarona, M, shiny
|poke|p2|Landorus-Therian, M, shiny
|poke|p2|Charizard, M, shiny
|poke|p2|Terrakion, shiny
|poke|p2|Venusaur, M, shiny
|poke|p2|Latios, M, shiny
|rule|Swagger Clause: Swagger is banned
|rule|Baton Pass Clause: Limit one PokÃ©mon knowing Baton Pass
|rule|Sleep Clause Mod: Limit one foe put to sleep
|rule|Species Clause: Limit one of each PokÃ©mon
|rule|OHKO Clause: OHKO moves are banned
|rule|Moody Clause: Moody is banned
|rule|Evasion Moves Clause: Evasion moves are banned
|rule|Endless Battle Clause: Forcing endless battles is banned
|rule|HP Percentage Mod: HP is shown in percentages
|teampreview
|
|start
|switch|p1a: Lopunny|Lopunny, F|271\/271
|switch|p2a: Demeteros|Landorus-Therian, M, shiny|320\/320
|-ability|p2a: Demeteros|Intimidate|[of] p1a: Lopunny
|-unboost|p1a: Lopunny|atk|1
|turn|1
|
|switch|p2a: Pyrax|Volcarona, M, shiny|374\/374
|detailschange|p1a: Lopunny|Lopunny-Mega, F
|-mega|p1a: Lopunny|Lopunny|Lopunnite
|move|p1a: Lopunny|Fake Out|p2a: Pyrax
|-damage|p2a: Pyrax|319\/374
|
|turn|2
|
|switch|p1a: Tyranitar|Tyranitar, M|404\/404
|-weather|Sandstorm
|move|p2a: Pyrax|Quiver Dance|p2a: Pyrax
|-boost|p2a: Pyrax|spa|1
|-boost|p2a: Pyrax|spd|1
|-boost|p2a: Pyrax|spe|1
|
|-weather|Sandstorm|[upkeep]
|-damage|p2a: Pyrax|296\/374|[from] sandstorm
|turn|3
|
|move|p2a: Pyrax|Bug Buzz|p1a: Tyranitar
|-supereffective|p1a: Tyranitar
|-damage|p1a: Tyranitar|230\/404
|move|p1a: Tyranitar|Stone Edge|p2a: Pyrax|[miss]
|-miss|p1a: Tyranitar|p2a: Pyrax
|
|-weather|Sandstorm|[upkeep]
|-damage|p2a: Pyrax|273\/374|[from] sandstorm
|turn|4
|
|move|p2a: Pyrax|Bug Buzz|p1a: Tyranitar
|-supereffective|p1a: Tyranitar
|-damage|p1a: Tyranitar|54\/404
|move|p1a: Tyranitar|Stone Edge|p2a: Pyrax|[miss]
|-miss|p1a: Tyranitar|p2a: Pyrax
|
|-weather|Sandstorm|[upkeep]
|-damage|p2a: Pyrax|250\/374|[from] sandstorm
|turn|5
|c|âCMPunkGTS|...
|c|âCyndaKillSH|sry
|
|move|p2a: Pyrax|Giga Drain|p1a: Tyranitar
|-supereffective|p1a: Tyranitar
|-damage|p1a: Tyranitar|0 fnt
|-heal|p2a: Pyrax|277\/374|[from] drain|[of] p1a: Tyranitar
|faint|p1a: Tyranitar
|
|-weather|Sandstorm|[upkeep]
|-damage|p2a: Pyrax|254\/374|[from] sandstorm
|
|switch|p1a: Azumarill|Azumarill, F|404\/404
|turn|6
|
|move|p1a: Azumarill|Aqua Jet|p2a: Pyrax
|-supereffective|p2a: Pyrax
|-damage|p2a: Pyrax|84\/374
|-enditem|p2a: Pyrax|Sitrus Berry|[eat]
|-heal|p2a: Pyrax|177\/374|[from] item: Sitrus Berry
|move|p2a: Pyrax|Giga Drain|p1a: Azumarill
|-supereffective|p1a: Azumarill
|-damage|p1a: Azumarill|222\/404
|-heal|p2a: Pyrax|268\/374|[from] drain|[of] p1a: Azumarill
|
|-weather|none
|turn|7
|
|move|p2a: Pyrax|Giga Drain|p1a: Azumarill
|-supereffective|p1a: Azumarill
|-damage|p1a: Azumarill|26\/404
|-heal|p2a: Pyrax|366\/374|[from] drain|[of] p1a: Azumarill
|move|p1a: Azumarill|Waterfall|p2a: Pyrax
|-supereffective|p2a: Pyrax
|-damage|p2a: Pyrax|16\/374
|-status|p1a: Azumarill|brn
|
|-damage|p1a: Azumarill|0 fnt|[from] brn
|faint|p1a: Azumarill
|leave|CMPunkGTS
|player|p1
|-message|cmpunkgts lost due to inactivity.
|
|win|CyndaKillSH
|raw|Ladder updating...
|raw|CMPunkGTS's rating: 1582 &rarr; <strong>1563<\/strong><br \/>(-19 for losing)
|raw|CyndaKillSH's rating: 1599 &rarr; <strong>1618<\/strong><br \/>(+19 for winning)