|join|CyndaKillSH
|join|Drummy
|player|p1|CyndaKillSH|161
|player|p2|Drummy|289
|gametype|singles
|gen|6
|tier|OU
|rated
|clearpoke
|poke|p1|Volcarona, M, shiny
|poke|p1|Landorus-Therian, M, shiny
|poke|p1|Charizard, M, shiny
|poke|p1|Terrakion, shiny
|poke|p1|Venusaur, M, shiny
|poke|p1|Latios, M, shiny
|poke|p2|Magnezone
|poke|p2|Talonflame, M
|poke|p2|Diancie
|poke|p2|Starmie
|poke|p2|Landorus-Therian, M
|poke|p2|Kyurem-Black
|rule|Swagger Clause: Swagger is banned
|rule|Baton Pass Clause: Limit one PokÃ©mon knowing Baton Pass
|rule|Sleep Clause Mod: Limit one foe put to sleep
|rule|Species Clause: Limit one of each PokÃ©mon
|rule|OHKO Clause: OHKO moves are banned
|rule|Moody Clause: Moody is banned
|rule|Evasion Moves Clause: Evasion moves are banned
|rule|Endless Battle Clause: Forcing endless battles is banned
|rule|HP Percentage Mod: HP is shown in percentages
|teampreview
|join|Like me 2
|
|start
|switch|p1a: Demeteros|Landorus-Therian, M, shiny|320\/320
|switch|p2a: Diancie|Diancie|241\/241
|-ability|p1a: Demeteros|Intimidate|[of] p2a: Diancie
|-fail|p2a: Diancie|unboost|[from] ability: Clear Body|[of] p2a: Diancie
|turn|1
|
|move|p2a: Diancie|Protect|p2a: Diancie
|-singleturn|p2a: Diancie|Protect
|move|p1a: Demeteros|Earthquake|p2a: Diancie
|-activate|p2a: Diancie|Protect
|
|turn|2
|
|detailschange|p2a: Diancie|Diancie-Mega
|-mega|p2a: Diancie|Diancie|Diancite
|move|p1a: Demeteros|Stealth Rock|p2a: Diancie
|move|p2a: Diancie|Stealth Rock|p1a: Demeteros|[from]Magic Bounce
|-sidestart|p1: CyndaKillSH|move: Stealth Rock
|move|p2a: Diancie|Diamond Storm|p1a: Demeteros
|-damage|p1a: Demeteros|115\/320
|-boost|p2a: Diancie|def|1
|
|turn|3
|c|âCyndaKillSH|ok gg
|
|move|p2a: Diancie|Moonblast|p1a: Demeteros
|-damage|p1a: Demeteros|0 fnt
|faint|p1a: Demeteros
|
|
|switch|p1a: Latios|Latios, M, shiny|302\/302
|-damage|p1a: Latios|265\/302|[from] Stealth Rock
|turn|4
|
|move|p1a: Latios|Defog|p2a: Diancie
|move|p2a: Diancie|Defog|p1a: Latios|[from]Magic Bounce
|-unboost|p1a: Latios|evasion|1
|-sideend|p1: CyndaKillSH|Stealth Rock|[from] move: Defog|[of] p1a: Latios
|move|p2a: Diancie|Moonblast|p1a: Latios
|-supereffective|p1a: Latios
|-damage|p1a: Latios|0 fnt
|faint|p1a: Latios
|
|
|switch|p1a: Dracaufeu|Charizard, M, shiny|297\/297
|turn|5
|
|detailschange|p1a: Dracaufeu|Charizard-Mega-Y, M, shiny
|-mega|p1a: Dracaufeu|Charizard|Charizardite Y
|-weather|SunnyDay
|move|p2a: Diancie|Diamond Storm|p1a: Dracaufeu
|-supereffective|p1a: Dracaufeu
|-damage|p1a: Dracaufeu|0 fnt
|-boost|p2a: Diancie|def|1
|faint|p1a: Dracaufeu
|
|-weather|SunnyDay|[upkeep]
|
|switch|p1a: Florizarre|Venusaur, M, shiny|319\/319
|turn|6
|
|switch|p2a: Kyurem-Black|Kyurem-Black|391\/391
|-ability|p2a: Kyurem-Black|Teravolt
|move|p1a: Florizarre|Sludge Bomb|p2a: Kyurem-Black
|-damage|p2a: Kyurem-Black|156\/391
|-damage|p1a: Florizarre|288\/319|[from] item: Life Orb
|
|-weather|SunnyDay|[upkeep]
|turn|7
|
|move|p1a: Florizarre|Sludge Bomb|p2a: Kyurem-Black
|-damage|p2a: Kyurem-Black|0 fnt
|-damage|p1a: Florizarre|257\/319|[from] item: Life Orb
|faint|p2a: Kyurem-Black
|
|-weather|SunnyDay|[upkeep]
|
|switch|p2a: Talonflame|Talonflame, M|297\/297
|turn|8
|
|move|p2a: Talonflame|Brave Bird|p1a: Florizarre
|-supereffective|p1a: Florizarre
|-damage|p1a: Florizarre|0 fnt
|-damage|p2a: Talonflame|212\/297|[from] recoil|[of] p1a: Florizarre
|faint|p1a: Florizarre
|
|-weather|SunnyDay|[upkeep]
|
|switch|p1a: Terrakium|Terrakion, shiny|323\/323
|turn|9
|
|switch|p2a: Landorus-Therian|Landorus-Therian, M|382\/382
|-ability|p2a: Landorus-Therian|Intimidate|[of] p1a: Terrakium
|-unboost|p1a: Terrakium|atk|1
|move|p1a: Terrakium|Rock Slide|p2a: Landorus-Therian
|-damage|p2a: Landorus-Therian|301\/382
|
|-weather|none
|-heal|p2a: Landorus-Therian|324\/382|[from] item: Leftovers
|turn|10
|
|move|p1a: Terrakium|Rock Slide|p2a: Landorus-Therian
|-damage|p2a: Landorus-Therian|249\/382
|move|p2a: Landorus-Therian|U-turn|p1a: Terrakium
|-resisted|p1a: Terrakium
|-damage|p1a: Terrakium|280\/323
|
|switch|p2a: Magnezone|Magnezone|281\/281
|
|turn|11
|
|move|p2a: Magnezone|Volt Switch|p1a: Terrakium
|-damage|p1a: Terrakium|132\/323
|
|switch|p2a: Landorus-Therian|Landorus-Therian, M|249\/382
|-ability|p2a: Landorus-Therian|Intimidate|[of] p1a: Terrakium
|-unboost|p1a: Terrakium|atk|1
|move|p1a: Terrakium|Earthquake|p2a: Landorus-Therian
|-immune|p2a: Landorus-Therian|[msg]
|
|-heal|p2a: Landorus-Therian|272\/382|[from] item: Leftovers
|turn|12
|
|switch|p1a: Pyrax|Volcarona, M, shiny|374\/374
|move|p2a: Landorus-Therian|U-turn|p1a: Pyrax
|-resisted|p1a: Pyrax
|-damage|p1a: Pyrax|333\/374
|
|switch|p2a: Talonflame|Talonflame, M|212\/297
|
|turn|13
|
|move|p2a: Talonflame|Brave Bird|p1a: Pyrax
|-supereffective|p1a: Pyrax
|-damage|p1a: Pyrax|0 fnt
|-damage|p2a: Talonflame|102\/297|[from] recoil|[of] p1a: Pyrax
|faint|p1a: Pyrax
|
|
|switch|p1a: Terrakium|Terrakion, shiny|132\/323
|turn|14
|
|move|p2a: Talonflame|Brave Bird|p1a: Terrakium
|-damage|p1a: Terrakium|0 fnt
|-damage|p2a: Talonflame|58\/297|[from] recoil|[of] p1a: Terrakium
|faint|p1a: Terrakium
|
|win|Drummy
|raw|Ladder updating...
|raw|CyndaKillSH's rating: 1510 &rarr; <strong>1490<\/strong><br \/>(-20 for losing)
|raw|Drummy's rating: 1508 &rarr; <strong>1528<\/strong><br \/>(+20 for winning)
|c|âDrummy|gg
|leave|CyndaKillSH