|join|CyndaKillSH
|join|FRMaybe
|player|p1|CyndaKillSH|161
|player|p2|FRMaybe|166
|gametype|singles
|gen|6
|tier|OU
|rated
|clearpoke
|poke|p1|Volcarona, M, shiny
|poke|p1|Landorus-Therian, M, shiny
|poke|p1|Charizard, M, shiny
|poke|p1|Terrakion, shiny
|poke|p1|Venusaur, M, shiny
|poke|p1|Latios, M, shiny
|poke|p2|Bisharp, M
|poke|p2|Keldeo
|poke|p2|Garchomp, F
|poke|p2|Metagross
|poke|p2|Landorus, M
|poke|p2|Rotom-Wash
|rule|Swagger Clause: Swagger is banned
|rule|Baton Pass Clause: Limit one PokÃ©mon knowing Baton Pass
|rule|Sleep Clause Mod: Limit one foe put to sleep
|rule|Species Clause: Limit one of each PokÃ©mon
|rule|OHKO Clause: OHKO moves are banned
|rule|Moody Clause: Moody is banned
|rule|Evasion Moves Clause: Evasion moves are banned
|rule|Endless Battle Clause: Forcing endless battles is banned
|rule|HP Percentage Mod: HP is shown in percentages
|teampreview
|c|âCyndaKillSH|T'es FranÃ§ais ?
|c|âFRMaybe|ouip
|c|âCyndaKillSH|cool
|c|âFRMaybe|bon courage :p
|c|âCyndaKillSH|merci, je vais en avoir besoin :P Je dÃ©bute en OU, mon domaine c'est les doubles (j'suis 14Ã¨me)
|c|âFRMaybe|c'est une team de test que j'utilise la
|
|start
|switch|p1a: Dracaufeu|Charizard, M, shiny|297\/297
|switch|p2a: Garchomp|Garchomp, F|420\/420
|turn|1
|c|âFRMaybe|Ã§a fait 3jours que je suis sur simulateur xD
|c|âCyndaKillSH|Ton match-up est pas dÃ©gueulasse XD
|c|âCyndaKillSH|Ah ok
|c|âFRMaybe|j'suis plus cartouche x)
|
|switch|p1a: Demeteros|Landorus-Therian, M, shiny|320\/320
|-ability|p1a: Demeteros|Intimidate|[of] p2a: Garchomp
|-unboost|p2a: Garchomp|atk|1
|move|p2a: Garchomp|Toxic|p1a: Demeteros
|-status|p1a: Demeteros|tox
|
|-damage|p1a: Demeteros|300\/320 tox|[from] psn
|turn|2
|c|âCyndaKillSH|Moi Ã§a fait 3 jours que j'ai comencÃ© le OU sÃ©rieusement
|c|âCyndaKillSH|Ah oklol
|
|move|p1a: Demeteros|U-turn|p2a: Garchomp
|-damage|p2a: Garchomp|355\/420
|-damage|p1a: Demeteros|260\/320 tox|[from] ability: Rough Skin|[of] p2a: Garchomp
|-damage|p1a: Demeteros|207\/320 tox|[from] item: Rocky Helmet|[of] p2a: Garchomp
|
|switch|p1a: Florizarre|Venusaur, M, shiny|319\/319
|move|p2a: Garchomp|Stealth Rock|p1a: Florizarre
|-sidestart|p1: CyndaKillSH|move: Stealth Rock
|
|turn|3
|c|âCyndaKillSH|Ah sinon
|c|âFRMaybe|oui ?
|c|âCyndaKillSH|On a remontÃ© une team rÃ©cemment, tu voudrais pas nous rejoindre ?
|c|âFRMaybe|je sais pas si je suis assez bon pour xD
|
|move|p1a: Florizarre|Giga Drain|p2a: Garchomp
|-damage|p2a: Garchomp|174\/420
|-damage|p1a: Florizarre|288\/319|[from] item: Life Orb
|move|p2a: Garchomp|Earthquake|p1a: Florizarre
|-damage|p1a: Florizarre|179\/319
|
|turn|4
|c|âCyndaKillSH|Bah
|c|âCyndaKillSH|On te teste t'faÃ§on
|
|switch|p2a: Metagross|Metagross|301\/301
|move|p1a: Florizarre|Giga Drain|p2a: Metagross
|-crit|p2a: Metagross
|-resisted|p2a: Metagross
|-damage|p2a: Metagross|168\/301
|-heal|p1a: Florizarre|246\/319|[from] drain|[of] p2a: Metagross
|-damage|p1a: Florizarre|215\/319|[from] item: Life Orb
|
|turn|5
|c|âFRMaybe|pourquoi pas dans ce cas^^
|
|detailschange|p2a: Metagross|Metagross-Mega
|-mega|p2a: Metagross|Metagross|Metagrossite
|move|p1a: Florizarre|Giga Drain|p2a: Metagross
|-resisted|p2a: Metagross
|-damage|p2a: Metagross|91\/301
|-heal|p1a: Florizarre|254\/319|[from] drain|[of] p2a: Metagross
|-damage|p1a: Florizarre|223\/319|[from] item: Life Orb
|move|p2a: Metagross|Zen Headbutt|p1a: Florizarre
|-supereffective|p1a: Florizarre
|-damage|p1a: Florizarre|0 fnt
|faint|p1a: Florizarre
|
|c|âCyndaKillSH|Att j'te donne le lien du forum
|
|switch|p1a: Demeteros|Landorus-Therian, M, shiny|207\/320 tox
|-damage|p1a: Demeteros|167\/320 tox|[from] Stealth Rock
|-ability|p1a: Demeteros|Intimidate|[of] p2a: Metagross
|-unboost|p2a: Metagross|atk|1
|turn|6
|c|âCyndaKillSH|Y a plusieurs teams, nous c'est la World Friend
|c|âCyndaKillSH|http:\/\/ambassade-pokemon.xooit.fr\/index.php
|
|switch|p2a: Landorus|Landorus, M|319\/319
|move|p1a: Demeteros|Earthquake|p2a: Landorus
|-immune|p2a: Landorus|[msg]
|
|-damage|p1a: Demeteros|147\/320 tox|[from] psn
|turn|7
|
|move|p2a: Landorus|Calm Mind|p2a: Landorus
|-boost|p2a: Landorus|spa|1
|-boost|p2a: Landorus|spd|1
|move|p1a: Demeteros|Knock Off|p2a: Landorus
|-damage|p2a: Landorus|189\/319
|-enditem|p2a: Landorus|Life Orb|[from] move: Knock Off|[of] p1a: Demeteros
|
|-damage|p1a: Demeteros|107\/320 tox|[from] psn
|turn|8
|
|move|p2a: Landorus|Psychic|p1a: Demeteros
|-damage|p1a: Demeteros|0 fnt
|faint|p1a: Demeteros
|
|c|âFRMaybe|je vois Ã§a aprÃ¨s manger ;)
|c|âCyndaKillSH|ok
|c|âCyndaKillSH|T'faÃ§on je suis lÃ  jusqu'Ã  ~23h
|
|switch|p1a: Latios|Latios, M, shiny|302\/302
|-damage|p1a: Latios|265\/302|[from] Stealth Rock
|turn|9
|c|âFRMaybe|ok
|
|switch|p2a: Bisharp|Bisharp, M|272\/272
|move|p1a: Latios|Defog|p2a: Bisharp
|-unboost|p2a: Bisharp|evasion|1
|-boost|p2a: Bisharp|atk|2|[from] ability: Defiant
|-sideend|p1: CyndaKillSH|Stealth Rock|[from] move: Defog|[of] p1a: Latios
|
|turn|10
|c|âCyndaKillSH|urgh
|c|âFRMaybe|'-'
|c|âCyndaKillSH|joli
|
|move|p1a: Latios|Thunderbolt|p2a: Bisharp
|-damage|p2a: Bisharp|124\/272
|move|p2a: Bisharp|Iron Head|p1a: Latios
|-damage|p1a: Latios|0 fnt
|faint|p1a: Latios
|
|c|âCyndaKillSH|t'as win
|
|switch|p1a: Pyrax|Volcarona, M, shiny|374\/374
|turn|11
|c|âCyndaKillSH|gg
|c|âFRMaybe|tu peux encore win j'pense
|c|âFRMaybe|quoi que
|c|âFRMaybe|ah ouais mais non j'avais pas vu ce qu'il me restait
|c|âFRMaybe|xD
|
|switch|p1a: Terrakium|Terrakion, shiny|323\/323
|move|p2a: Bisharp|Sucker Punch|p1a: Terrakium
|-fail|p1a: Terrakium
|
|turn|12
|c|âCyndaKillSH|YOLO STRAT IS LIFE
|
|switch|p2a: Garchomp|Garchomp, F|174\/420
|move|p1a: Terrakium|Earthquake|p2a: Garchomp
|-damage|p2a: Garchomp|84\/420
|
|turn|13
|c|âFRMaybe|cette team marche super bien en ou je trouve
|c|âCyndaKillSH|tellement '-'
|
|move|p1a: Terrakium|Earthquake|p2a: Garchomp
|-damage|p2a: Garchomp|0 fnt
|faint|p2a: Garchomp
|
|
|switch|p2a: Landorus|Landorus, M|189\/319
|turn|14
|
|move|p1a: Terrakium|Rock Slide|p2a: Landorus
|-damage|p2a: Landorus|44\/319
|move|p2a: Landorus|Psychic|p1a: Terrakium
|-supereffective|p1a: Terrakium
|-damage|p1a: Terrakium|21\/323
|
|turn|15
|c|âFRMaybe|ah je sais pas si je win
|
|switch|p1a: Pyrax|Volcarona, M, shiny|374\/374
|move|p2a: Landorus|Earth Power|p1a: Pyrax
|-damage|p1a: Pyrax|202\/374
|
|turn|16
|c|âCyndaKillSH|avec un flinch t'avais perdu, lÃ  c'est plus trÃ¨s sÃ»r
|
|move|p2a: Landorus|Psychic|p1a: Pyrax
|-damage|p1a: Pyrax|83\/374
|-enditem|p1a: Pyrax|Sitrus Berry|[eat]
|-heal|p1a: Pyrax|176\/374|[from] item: Sitrus Berry
|move|p1a: Pyrax|Quiver Dance|p1a: Pyrax
|-boost|p1a: Pyrax|spa|1
|-boost|p1a: Pyrax|spd|1
|-boost|p1a: Pyrax|spe|1
|
|turn|17
|c|âFRMaybe|hii
|
|move|p1a: Pyrax|Giga Drain|p2a: Landorus
|-damage|p2a: Landorus|0 fnt
|-heal|p1a: Pyrax|198\/374|[from] drain|[of] p2a: Landorus
|faint|p2a: Landorus
|
|
|switch|p2a: Keldeo|Keldeo|323\/323
|turn|18
|
|move|p2a: Keldeo|Hydro Pump|p1a: Pyrax|[miss]
|-miss|p2a: Keldeo|p1a: Pyrax
|move|p1a: Pyrax|Giga Drain|p2a: Keldeo
|-supereffective|p2a: Keldeo
|-damage|p2a: Keldeo|67\/323
|-heal|p1a: Pyrax|326\/374|[from] drain|[of] p2a: Keldeo
|
|turn|19
|c|âFRMaybe|oh fuck
|c|âCyndaKillSH|ouch sorry
|c|âFRMaybe|la oui je perds
|c|âFRMaybe|xD
|c|âFRMaybe|np^^
|
|move|p2a: Keldeo|Hydro Pump|p1a: Pyrax
|-supereffective|p1a: Pyrax
|-damage|p1a: Pyrax|90\/374
|move|p1a: Pyrax|Giga Drain|p2a: Keldeo
|-supereffective|p2a: Keldeo
|-damage|p2a: Keldeo|0 fnt
|-heal|p1a: Pyrax|124\/374|[from] drain|[of] p2a: Keldeo
|faint|p2a: Keldeo
|
|c|âFRMaybe|c'est le jeu de toute faÃ§on x)
|
|switch|p2a: Bisharp|Bisharp, M|124\/272
|turn|20
|
|move|p2a: Bisharp|Sucker Punch|p1a: Pyrax
|-damage|p1a: Pyrax|0 fnt
|-status|p2a: Bisharp|brn
|faint|p1a: Pyrax
|-enditem|p2a: Bisharp|Lum Berry|[eat]
|-curestatus|p2a: Bisharp|brn
|
|c|âFRMaybe|ce burn
|c|âCyndaKillSH|Ah LumSharp
|c|âCyndaKillSH|Pas mal
|
|switch|p1a: Dracaufeu|Charizard, M, shiny|297\/297
|turn|21
|c|âFRMaybe|j'ai eu peur j'avais complÃ©tement oubliÃ© qu'il l'avait
|c|âFRMaybe|xD
|
|detailschange|p1a: Dracaufeu|Charizard-Mega-Y, M, shiny
|-mega|p1a: Dracaufeu|Charizard|Charizardite Y
|-weather|SunnyDay
|move|p2a: Bisharp|Sucker Punch|p1a: Dracaufeu
|-damage|p1a: Dracaufeu|98\/297
|move|p1a: Dracaufeu|Flamethrower|p2a: Bisharp
|-supereffective|p2a: Bisharp
|-damage|p2a: Bisharp|0 fnt
|faint|p2a: Bisharp
|
|-weather|SunnyDay|[upkeep]
|c|âCyndaKillSH|gg
|c|âCyndaKillSH|lÃ  c'est bien fini lol
|
|switch|p2a: Rotom-Wash|Rotom-Wash|303\/303
|turn|22
|c|âFRMaybe|rah ce vieux miss
|c|âFRMaybe|xD
|c|âFRMaybe|j'vais finir par jouer keldeo sur sÃ©rieux
|c|âFRMaybe|surf*
|
|move|p1a: Dracaufeu|Solar Beam|p2a: Rotom-Wash|[still]
|-prepare|p1a: Dracaufeu|Solar Beam|p2a: Rotom-Wash
|-anim|p1a: Dracaufeu|Solar Beam|p2a: Rotom-Wash
|-supereffective|p2a: Rotom-Wash
|-damage|p2a: Rotom-Wash|87\/303
|move|p2a: Rotom-Wash|Volt Switch|p1a: Dracaufeu
|-supereffective|p1a: Dracaufeu
|-damage|p1a: Dracaufeu|0 fnt
|faint|p1a: Dracaufeu
|c|âCyndaKillSH|Ouais
|
|switch|p2a: Metagross|Metagross-Mega|91\/301
|
|-weather|SunnyDay|[upkeep]
|c|âCyndaKillSH|C'mieux
|c|âCyndaKillSH|'fin t'as Scald aussi
|c|âFRMaybe|oui
|c|âFRMaybe|il a scald^^
|
|switch|p1a: Terrakium|Terrakion, shiny|21\/323
|turn|23
|c|âCyndaKillSH|ah ok
|c|âCyndaKillSH|mets plutÃ´t une PC du coup
|
|move|p1a: Terrakium|Earthquake|p2a: Metagross
|-supereffective|p2a: Metagross
|-damage|p2a: Metagross|0 fnt
|faint|p2a: Metagross
|
|-weather|SunnyDay|[upkeep]
|c|âFRMaybe|je joue mes sets de cartouche^^
|c|âCyndaKillSH|Genre PC Elek pour emmerder profondÃ©ment LÃ©viator
|c|âCyndaKillSH|Ah mayrde okok
|
|switch|p2a: Rotom-Wash|Rotom-Wash|87\/303
|turn|24
|c|âFRMaybe|il a une pc dragon j'crois ou vol
|c|âFRMaybe|m'enfin
|
|move|p1a: Terrakium|Close Combat|p2a: Rotom-Wash
|-damage|p2a: Rotom-Wash|0 fnt
|-unboost|p1a: Terrakium|def|1
|-unboost|p1a: Terrakium|spd|1
|faint|p2a: Rotom-Wash
|
|win|CyndaKillSH
|raw|Ladder updating...
|raw|CyndaKillSH's rating: 1474 &rarr; <strong>1492<\/strong><br \/>(+18 for winning)
|raw|FRMaybe's rating: 1439 &rarr; <strong>1421<\/strong><br \/>(-18 for losing)
|c|âCyndaKillSH|T'as pas Bullet Punch ?
|c|âFRMaybe|pas sur ce set^^
|c|âCyndaKillSH|Et il est pas Jovial ?
|c|âFRMaybe|et non il est rigide
|c|âCyndaKillSH|ah ok
|c|âCyndaKillSH|Original :P
|c|âFRMaybe|disons que
|c|âCyndaKillSH|Mais je te jure que buter un Latios sur un Tie Ã§a peut te sauver un match
|c|âFRMaybe|je cherches des idÃ©es, puis je les remanies
|c|âCyndaKillSH|Je vois
|c|âFRMaybe|mon keldeo scarf aurait pas du mourrir :(
|c|âFRMaybe|xD
|c|âCyndaKillSH|Perso mes teams elles sortent en 5 minutes, et aprÃ¨s je touche pratiquement plus rien
|c|âCyndaKillSH|Ouais, ce miss Ã©tait bien sale
|c|âFRMaybe|celle la est sortie en 5min aussi
|c|âFRMaybe|mais Ã§a varie
|c|âFRMaybe|et des fois c'est violent
|c|âFRMaybe|genre 3-4 jours sur une team
|c|âCyndaKillSH|ouch
|c|âFRMaybe|que j'amÃ©liore au fur et Ã  mesure mais bon
|c|âCyndaKillSH|J'connais un mec qui a passÃ© 4 mois sur la sienne... Quand il l'a finie, X\/Y sortaient dans 2 mois
|c|âCyndaKillSH|Le seum XD
|c|âFRMaybe|ah oui
|c|âFRMaybe|xD
|c|âFRMaybe|aller bim changement de meta
|c|âFRMaybe|tu peux repartir
|c|âCyndaKillSH|Et la rain dont il se servait Ã©tait plus du tout Ã©ternelle
|c|âCyndaKillSH|Plus les joyaux qui ont disparu (sauf le Normal)
|c|âCyndaKillSH|Ã§a c'Ã©tait cool par contre
|c|âFRMaybe|Ã§a c'est violent pour les joyaux
|c|âCyndaKillSH|Dommage qu'ils les aient enlevÃ©s
|c|âFRMaybe|acrobatie + joyaux vol c'Ã©tait fun
|c|âCyndaKillSH|Maja Contestation Joyau Plante <3
|c|âCyndaKillSH|Ah oui, je jouais AÃ©roptÃ©ryx comme Ã§a
|c|âCyndaKillSH|C'Ã©tait instantkill en gÃ©nÃ©ral
|c|âFRMaybe|bon je te laisse, je vais manger
|c|âCyndaKillSH|Ok bon app'
|c|âFRMaybe|je passerais sur le forum aprÃ¨s^^
|c|âCyndaKillSH|T'as Skype ?
|c|âFRMaybe|oui
|c|âFRMaybe|Eradiiction sur skype si tu veux m'add
|c|âCyndaKillSH|ok
|c|âCyndaKillSH|Je suis hadpierlo, je t'envoie la demande ;)
|c|âFRMaybe|ok
|c|âCyndaKillSH|A tout'
|c|âFRMaybe|+
|leave|FRMaybe