|join|CyndaKillSH
|join|SuperheroVizor
|player|p1|CyndaKillSH|161
|player|p2|SuperheroVizor|153
|gametype|singles
|gen|6
|tier|OU
|rated
|clearpoke
|poke|p1|Volcarona, M, shiny
|poke|p1|Landorus-Therian, M, shiny
|poke|p1|Charizard, M, shiny
|poke|p1|Terrakion, shiny
|poke|p1|Venusaur, M, shiny
|poke|p1|Latios, M, shiny
|poke|p2|Charizard, M
|poke|p2|Shuckle, M
|poke|p2|Scizor, F
|poke|p2|Azumarill, M
|poke|p2|Dragonite, F
|poke|p2|Venusaur, F
|rule|Swagger Clause: Swagger is banned
|rule|Baton Pass Clause: Limit one PokÃ©mon knowing Baton Pass
|rule|Sleep Clause Mod: Limit one foe put to sleep
|rule|Species Clause: Limit one of each PokÃ©mon
|rule|OHKO Clause: OHKO moves are banned
|rule|Moody Clause: Moody is banned
|rule|Evasion Moves Clause: Evasion moves are banned
|rule|Endless Battle Clause: Forcing endless battles is banned
|rule|HP Percentage Mod: HP is shown in percentages
|teampreview
|
|start
|switch|p1a: Dracaufeu|Charizard, M, shiny|297\/297
|switch|p2a: Shuckle|Shuckle, M|244\/244
|turn|1
|
|detailschange|p1a: Dracaufeu|Charizard-Mega-Y, M, shiny
|-mega|p1a: Dracaufeu|Charizard|Charizardite Y
|-weather|SunnyDay
|move|p1a: Dracaufeu|Flamethrower|p2a: Shuckle
|-damage|p2a: Shuckle|133\/244
|move|p2a: Shuckle|Stealth Rock|p1a: Dracaufeu
|-sidestart|p1: CyndaKillSH|move: Stealth Rock
|
|-weather|SunnyDay|[upkeep]
|-heal|p2a: Shuckle|148\/244|[from] item: Leftovers
|turn|2
|
|move|p1a: Dracaufeu|Flamethrower|p2a: Shuckle
|-damage|p2a: Shuckle|36\/244
|move|p2a: Shuckle|Sticky Web|p1a: Dracaufeu
|-sidestart|p1: CyndaKillSH|move: Sticky Web
|
|-weather|SunnyDay|[upkeep]
|-heal|p2a: Shuckle|51\/244|[from] item: Leftovers
|turn|3
|
|move|p1a: Dracaufeu|Flamethrower|p2a: Shuckle
|-damage|p2a: Shuckle|0 fnt
|faint|p2a: Shuckle
|
|-weather|SunnyDay|[upkeep]
|
|switch|p2a: Charizard|Charizard, M|298\/298
|turn|4
|
|detailschange|p2a: Charizard|Charizard-Mega-Y, M
|-mega|p2a: Charizard|Charizard|Charizardite Y
|move|p1a: Dracaufeu|Air Slash|p2a: Charizard
|-damage|p2a: Charizard|162\/298
|move|p2a: Charizard|Flamethrower|p1a: Dracaufeu
|-resisted|p1a: Dracaufeu
|-damage|p1a: Dracaufeu|183\/297
|
|-weather|SunnyDay|[upkeep]
|turn|5
|
|move|p1a: Dracaufeu|Air Slash|p2a: Charizard
|-damage|p2a: Charizard|33\/298
|cant|p2a: Charizard|flinch
|
|-weather|none
|turn|6
|
|switch|p2a: Azumarill|Azumarill, M|404\/404
|move|p1a: Dracaufeu|Air Slash|p2a: Azumarill
|-crit|p2a: Azumarill
|-damage|p2a: Azumarill|133\/404
|-enditem|p2a: Azumarill|Sitrus Berry|[eat]
|-heal|p2a: Azumarill|234\/404|[from] item: Sitrus Berry
|
|turn|7
|leave|SuperheroVizor
|
|move|p1a: Dracaufeu|Air Slash|p2a: Azumarill
|-damage|p2a: Azumarill|63\/404
|move|p2a: Azumarill|Play Rough|p1a: Dracaufeu
|-resisted|p1a: Dracaufeu
|-damage|p1a: Dracaufeu|66\/297
|
|turn|8
|player|p2
|-message|superherovizor lost due to inactivity.
|
|win|CyndaKillSH
|raw|Ladder updating...
|raw|CyndaKillSH's rating: 1577 &rarr; <strong>1588<\/strong><br \/>(+11 for winning)
|raw|SuperheroVizor's rating: 1415 &rarr; <strong>1404<\/strong><br \/>(-11 for losing)