|join|nintendistagamer
|join|CyndaKillSH
|player|p1|nintendistagamer|137
|player|p2|CyndaKillSH|161
|gametype|singles
|gen|6
|tier|OU
|rated
|clearpoke
|poke|p1|Slowbro, M
|poke|p1|Seismitoad, M
|poke|p1|Breloom, F
|poke|p1|Gliscor, F
|poke|p1|Talonflame, M
|poke|p1|Hitmontop, M
|poke|p2|Volcarona, M, shiny
|poke|p2|Landorus-Therian, M, shiny
|poke|p2|Charizard, M, shiny
|poke|p2|Terrakion, shiny
|poke|p2|Venusaur, M, shiny
|poke|p2|Latios, M, shiny
|rule|Swagger Clause: Swagger is banned
|rule|Baton Pass Clause: Limit one PokÃ©mon knowing Baton Pass
|rule|Sleep Clause Mod: Limit one foe put to sleep
|rule|Species Clause: Limit one of each PokÃ©mon
|rule|OHKO Clause: OHKO moves are banned
|rule|Moody Clause: Moody is banned
|rule|Evasion Moves Clause: Evasion moves are banned
|rule|Endless Battle Clause: Forcing endless battles is banned
|rule|HP Percentage Mod: HP is shown in percentages
|teampreview
|
|start
|switch|p1a: Breloom|Breloom, F|261\/261
|switch|p2a: Demeteros|Landorus-Therian, M, shiny|320\/320
|-ability|p2a: Demeteros|Intimidate|[of] p1a: Breloom
|-unboost|p1a: Breloom|atk|1
|turn|1
|
|move|p2a: Demeteros|U-turn|p1a: Breloom
|-damage|p1a: Breloom|154\/261
|
|switch|p2a: Florizarre|Venusaur, M, shiny|319\/319
|move|p1a: Breloom|Spore|p2a: Florizarre
|-fail|p2a: Florizarre
|
|turn|2
|
|switch|p1a: Talonflame|Talonflame, M|297\/297
|move|p2a: Florizarre|Substitute|p2a: Florizarre
|-start|p2a: Florizarre|Substitute
|-damage|p2a: Florizarre|240\/319
|
|turn|3
|
|move|p1a: Talonflame|Brave Bird|p2a: Florizarre
|-supereffective|p2a: Florizarre
|-end|p2a: Florizarre|Substitute
|-damage|p1a: Talonflame|271\/297|[from] recoil|[of] p2a: Florizarre
|move|p2a: Florizarre|Sludge Bomb|p1a: Talonflame
|-damage|p1a: Talonflame|29\/297
|-damage|p2a: Florizarre|209\/319|[from] item: Life Orb
|
|turn|4
|
|switch|p2a: Demeteros|Landorus-Therian, M, shiny|320\/320
|-ability|p2a: Demeteros|Intimidate|[of] p1a: Talonflame
|-unboost|p1a: Talonflame|atk|1
|move|p1a: Talonflame|Roost|p1a: Talonflame
|-heal|p1a: Talonflame|178\/297
|
|turn|5
|
|switch|p1a: Gliscor|Gliscor, F|353\/353
|move|p2a: Demeteros|Knock Off|p1a: Gliscor
|-damage|p1a: Gliscor|262\/353
|-enditem|p1a: Gliscor|Toxic Orb|[from] move: Knock Off|[of] p2a: Demeteros
|
|turn|6
|
|move|p2a: Demeteros|Stealth Rock|p1a: Gliscor
|-sidestart|p1: nintendistagamer|move: Stealth Rock
|move|p1a: Gliscor|Toxic|p2a: Demeteros
|-status|p2a: Demeteros|tox
|
|-damage|p2a: Demeteros|300\/320 tox|[from] psn
|turn|7
|
|move|p2a: Demeteros|U-turn|p1a: Gliscor
|-resisted|p1a: Gliscor
|-damage|p1a: Gliscor|229\/353
|
|switch|p2a: Latios|Latios, M, shiny|302\/302
|move|p1a: Gliscor|Substitute|p1a: Gliscor
|-start|p1a: Gliscor|Substitute
|-damage|p1a: Gliscor|141\/353
|
|turn|8
|
|move|p2a: Latios|Dragon Pulse|p1a: Gliscor
|-end|p1a: Gliscor|Substitute
|move|p1a: Gliscor|Toxic|p2a: Latios
|-status|p2a: Latios|tox
|
|-damage|p2a: Latios|284\/302 tox|[from] psn
|turn|9
|
|switch|p1a: Breloom|Breloom, F|154\/261
|-damage|p1a: Breloom|138\/261|[from] Stealth Rock
|move|p2a: Latios|Dragon Pulse|p1a: Breloom
|-damage|p1a: Breloom|0 fnt
|faint|p1a: Breloom
|
|-damage|p2a: Latios|248\/302 tox|[from] psn
|
|switch|p1a: Slowbro|Slowbro, M|394\/394
|-damage|p1a: Slowbro|345\/394|[from] Stealth Rock
|turn|10
|
|detailschange|p1a: Slowbro|Slowbro-Mega, M
|-mega|p1a: Slowbro|Slowbro|Slowbronite
|move|p2a: Latios|Thunderbolt|p1a: Slowbro
|-supereffective|p1a: Slowbro
|-damage|p1a: Slowbro|98\/394
|move|p1a: Slowbro|Calm Mind|p1a: Slowbro
|-boost|p1a: Slowbro|spa|1
|-boost|p1a: Slowbro|spd|1
|
|-damage|p2a: Latios|194\/302 tox|[from] psn
|turn|11
|
|move|p2a: Latios|Dragon Pulse|p1a: Slowbro
|-damage|p1a: Slowbro|2\/394
|move|p1a: Slowbro|Slack Off|p1a: Slowbro
|-heal|p1a: Slowbro|199\/394
|
|-damage|p2a: Latios|122\/302 tox|[from] psn
|turn|12
|
|move|p2a: Latios|Thunderbolt|p1a: Slowbro
|-supereffective|p1a: Slowbro
|-damage|p1a: Slowbro|48\/394
|move|p1a: Slowbro|Slack Off|p1a: Slowbro
|-heal|p1a: Slowbro|245\/394
|
|-damage|p2a: Latios|32\/302 tox|[from] psn
|turn|13
|
|move|p2a: Latios|Thunderbolt|p1a: Slowbro
|-supereffective|p1a: Slowbro
|-damage|p1a: Slowbro|87\/394
|-status|p1a: Slowbro|par
|cant|p1a: Slowbro|par
|
|-damage|p2a: Latios|0 fnt|[from] psn
|faint|p2a: Latios
|-message|nintendistagamer forfeited.
|leave|nintendistagamer
|
|win|CyndaKillSH
|raw|Ladder updating...
|player|p1
|
|switch|p2a: Pyrax|Volcarona, M, shiny|374\/374
|raw|nintendistagamer's rating: 1634 &rarr; <strong>1609<\/strong><br \/>(-25 for losing)
|raw|CyndaKillSH's rating: 1552 &rarr; <strong>1577<\/strong><br \/>(+25 for winning)