|join|CyndaKillSH
|join|tomatocarrot
|player|p1|CyndaKillSH|161
|player|p2|tomatocarrot|153
|gametype|singles
|gen|6
|tier|OU
|rated
|clearpoke
|poke|p1|Volcarona, M, shiny
|poke|p1|Landorus-Therian, M, shiny
|poke|p1|Charizard, M, shiny
|poke|p1|Terrakion, shiny
|poke|p1|Venusaur, M, shiny
|poke|p1|Latios, M, shiny
|poke|p2|Scizor, F
|poke|p2|Ferrothorn, F
|poke|p2|Sylveon, F
|poke|p2|Landorus-Therian, M
|poke|p2|Tentacruel, F
|poke|p2|Heatran, M
|rule|Swagger Clause: Swagger is banned
|rule|Baton Pass Clause: Limit one PokÃ©mon knowing Baton Pass
|rule|Sleep Clause Mod: Limit one foe put to sleep
|rule|Species Clause: Limit one of each PokÃ©mon
|rule|OHKO Clause: OHKO moves are banned
|rule|Moody Clause: Moody is banned
|rule|Evasion Moves Clause: Evasion moves are banned
|rule|Endless Battle Clause: Forcing endless battles is banned
|rule|HP Percentage Mod: HP is shown in percentages
|teampreview
|
|start
|switch|p1a: Dracaufeu|Charizard, M, shiny|297\/297
|switch|p2a: Scizor|Scizor, F|343\/343
|turn|1
|
|switch|p2a: Landorus-Therian|Landorus-Therian, M|382\/382
|-ability|p2a: Landorus-Therian|Intimidate|[of] p1a: Dracaufeu
|-unboost|p1a: Dracaufeu|atk|1
|detailschange|p1a: Dracaufeu|Charizard-Mega-Y, M, shiny
|-mega|p1a: Dracaufeu|Charizard|Charizardite Y
|-weather|SunnyDay
|move|p1a: Dracaufeu|Hidden Power|p2a: Landorus-Therian
|-immune|p2a: Landorus-Therian|[msg]
|
|-weather|SunnyDay|[upkeep]
|turn|2
|
|switch|p1a: Demeteros|Landorus-Therian, M, shiny|320\/320
|-ability|p1a: Demeteros|Intimidate|[of] p2a: Landorus-Therian
|-unboost|p2a: Landorus-Therian|atk|1
|move|p2a: Landorus-Therian|U-turn|p1a: Demeteros
|-resisted|p1a: Demeteros
|-damage|p1a: Demeteros|292\/320
|
|switch|p2a: Ferrothorn|Ferrothorn, F|352\/352
|
|-weather|SunnyDay|[upkeep]
|turn|3
|
|move|p1a: Demeteros|Stealth Rock|p2a: Ferrothorn
|-sidestart|p2: tomatocarrot|move: Stealth Rock
|move|p2a: Ferrothorn|Leech Seed|p1a: Demeteros
|-start|p1a: Demeteros|move: Leech Seed
|
|-weather|SunnyDay|[upkeep]
|-damage|p1a: Demeteros|252\/320|[from] Leech Seed|[of] p2a: Ferrothorn
|turn|4
|
|switch|p1a: Dracaufeu|Charizard-Mega-Y, M, shiny|297\/297
|move|p2a: Ferrothorn|Thunder Wave|p1a: Dracaufeu
|-status|p1a: Dracaufeu|par
|
|-weather|SunnyDay|[upkeep]
|turn|5
|
|cant|p1a: Dracaufeu|par
|move|p2a: Ferrothorn|Leech Seed|p1a: Dracaufeu
|-start|p1a: Dracaufeu|move: Leech Seed
|
|-weather|none
|-damage|p1a: Dracaufeu|260\/297 par|[from] Leech Seed|[of] p2a: Ferrothorn
|turn|6
|
|switch|p1a: Pyrax|Volcarona, M, shiny|374\/374
|switch|p2a: Tentacruel|Tentacruel, F|364\/364
|-damage|p2a: Tentacruel|319\/364|[from] Stealth Rock
|
|-heal|p2a: Tentacruel|341\/364|[from] item: Leftovers
|turn|7
|
|switch|p1a: Latios|Latios, M, shiny|302\/302
|move|p2a: Tentacruel|Scald|p1a: Latios
|-resisted|p1a: Latios
|-damage|p1a: Latios|269\/302
|
|-heal|p2a: Tentacruel|363\/364|[from] item: Leftovers
|turn|8
|
|switch|p2a: Scizor|Scizor, F|343\/343
|-damage|p2a: Scizor|301\/343|[from] Stealth Rock
|move|p1a: Latios|Thunderbolt|p2a: Scizor
|-damage|p2a: Scizor|177\/343
|-status|p2a: Scizor|par
|
|turn|9
|
|switch|p2a: Heatran|Heatran, M|386\/386
|-damage|p2a: Heatran|338\/386|[from] Stealth Rock
|move|p1a: Latios|Thunderbolt|p2a: Heatran
|-damage|p2a: Heatran|237\/386
|
|-heal|p2a: Heatran|261\/386|[from] item: Leftovers
|turn|10
|
|move|p1a: Latios|Thunderbolt|p2a: Heatran
|-damage|p2a: Heatran|157\/386
|move|p2a: Heatran|Flamethrower|p1a: Latios
|-resisted|p1a: Latios
|-damage|p1a: Latios|189\/302
|
|-heal|p2a: Heatran|181\/386|[from] item: Leftovers
|turn|11
|
|switch|p2a: Landorus-Therian|Landorus-Therian, M|382\/382
|-damage|p2a: Landorus-Therian|335\/382|[from] Stealth Rock
|-ability|p2a: Landorus-Therian|Intimidate|[of] p1a: Latios
|-unboost|p1a: Latios|atk|1
|move|p1a: Latios|Thunderbolt|p2a: Landorus-Therian
|-immune|p2a: Landorus-Therian|[msg]
|
|-heal|p2a: Landorus-Therian|358\/382|[from] item: Leftovers
|turn|12
|c|âCyndaKillSH|lol I chose Dragon Pulse
|
|switch|p1a: Dracaufeu|Charizard-Mega-Y, M, shiny|260\/297 par
|-weather|SunnyDay
|move|p2a: Landorus-Therian|Stealth Rock|p1a: Dracaufeu
|-sidestart|p1: CyndaKillSH|move: Stealth Rock
|
|-weather|SunnyDay|[upkeep]
|-heal|p2a: Landorus-Therian|381\/382|[from] item: Leftovers
|turn|13
|
|move|p2a: Landorus-Therian|Stone Edge|p1a: Dracaufeu
|-supereffective|p1a: Dracaufeu
|-damage|p1a: Dracaufeu|0 fnt
|faint|p1a: Dracaufeu
|
|-weather|SunnyDay|[upkeep]
|-heal|p2a: Landorus-Therian|382\/382|[from] item: Leftovers
|
|switch|p1a: Florizarre|Venusaur, M, shiny|319\/319
|-damage|p1a: Florizarre|280\/319|[from] Stealth Rock
|turn|14
|
|switch|p2a: Ferrothorn|Ferrothorn, F|352\/352
|-damage|p2a: Ferrothorn|330\/352|[from] Stealth Rock
|move|p1a: Florizarre|Hidden Power|p2a: Ferrothorn
|-damage|p2a: Ferrothorn|275\/352
|-damage|p1a: Florizarre|249\/319|[from] item: Life Orb
|
|-weather|SunnyDay|[upkeep]
|-heal|p2a: Ferrothorn|297\/352|[from] item: Leftovers
|turn|15
|
|switch|p1a: Latios|Latios, M, shiny|189\/302
|-damage|p1a: Latios|152\/302|[from] Stealth Rock
|move|p2a: Ferrothorn|Leech Seed|p1a: Latios
|-start|p1a: Latios|move: Leech Seed
|
|-weather|SunnyDay|[upkeep]
|-heal|p2a: Ferrothorn|319\/352|[from] item: Leftovers
|-damage|p1a: Latios|115\/302|[from] Leech Seed|[of] p2a: Ferrothorn
|-heal|p2a: Ferrothorn|352\/352|[silent]
|turn|16
|
|switch|p2a: Scizor|Scizor, F|177\/343 par
|-damage|p2a: Scizor|135\/343 par|[from] Stealth Rock
|move|p1a: Latios|Defog|p2a: Scizor
|-unboost|p2a: Scizor|evasion|1
|-sideend|p2: tomatocarrot|Stealth Rock|[from] move: Defog|[of] p2a: Scizor
|-sideend|p1: CyndaKillSH|Stealth Rock|[from] move: Defog|[of] p1a: Latios
|
|-weather|none
|-damage|p1a: Latios|78\/302|[from] Leech Seed|[of] p2a: Scizor
|-heal|p2a: Scizor|172\/343 par|[silent]
|turn|17
|
|detailschange|p2a: Scizor|Scizor-Mega, F
|-mega|p2a: Scizor|Scizor|Scizorite
|cant|p2a: Scizor|par
|move|p1a: Latios|Thunderbolt|p2a: Scizor
|-damage|p2a: Scizor|61\/343 par
|
|-damage|p1a: Latios|41\/302|[from] Leech Seed|[of] p2a: Scizor
|-heal|p2a: Scizor|98\/343 par|[silent]
|turn|18
|
|move|p2a: Scizor|Bullet Punch|p1a: Latios
|-damage|p1a: Latios|0 fnt
|faint|p1a: Latios
|
|
|switch|p1a: Pyrax|Volcarona, M, shiny|374\/374
|turn|19
|
|switch|p2a: Heatran|Heatran, M|181\/386
|move|p1a: Pyrax|Quiver Dance|p1a: Pyrax
|-boost|p1a: Pyrax|spa|1
|-boost|p1a: Pyrax|spd|1
|-boost|p1a: Pyrax|spe|1
|
|-heal|p2a: Heatran|205\/386|[from] item: Leftovers
|turn|20
|
|move|p1a: Pyrax|Quiver Dance|p1a: Pyrax
|-boost|p1a: Pyrax|spa|1
|-boost|p1a: Pyrax|spd|1
|-boost|p1a: Pyrax|spe|1
|move|p2a: Heatran|Roar|p1a: Pyrax
|drag|p1a: Demeteros|Landorus-Therian, M, shiny|252\/320
|-ability|p1a: Demeteros|Intimidate|[of] p2a: Heatran
|-unboost|p2a: Heatran|atk|1
|
|-heal|p2a: Heatran|229\/386|[from] item: Leftovers
|turn|21
|
|switch|p2a: Landorus-Therian|Landorus-Therian, M|382\/382
|-ability|p2a: Landorus-Therian|Intimidate|[of] p1a: Demeteros
|-unboost|p1a: Demeteros|atk|1
|move|p1a: Demeteros|Knock Off|p2a: Landorus-Therian
|-damage|p2a: Landorus-Therian|322\/382
|-enditem|p2a: Landorus-Therian|Leftovers|[from] move: Knock Off|[of] p1a: Demeteros
|
|turn|22
|
|switch|p1a: Florizarre|Venusaur, M, shiny|249\/319
|move|p2a: Landorus-Therian|Stealth Rock|p1a: Florizarre
|-sidestart|p1: CyndaKillSH|move: Stealth Rock
|
|turn|23
|
|switch|p1a: Pyrax|Volcarona, M, shiny|374\/374
|-damage|p1a: Pyrax|187\/374|[from] Stealth Rock
|-enditem|p1a: Pyrax|Sitrus Berry|[eat]
|-heal|p1a: Pyrax|280\/374|[from] item: Sitrus Berry
|switch|p2a: Ferrothorn|Ferrothorn, F|352\/352
|
|turn|24
|
|move|p1a: Pyrax|Fiery Dance|p2a: Ferrothorn
|-supereffective|p2a: Ferrothorn
|-damage|p2a: Ferrothorn|24\/352
|move|p2a: Ferrothorn|Thunder Wave|p1a: Pyrax
|-status|p1a: Pyrax|par
|
|-heal|p2a: Ferrothorn|46\/352|[from] item: Leftovers
|turn|25
|c|âCyndaKillSH|lol
|
|switch|p2a: Heatran|Heatran, M|229\/386
|move|p1a: Pyrax|Bug Buzz|p2a: Heatran
|-resisted|p2a: Heatran
|-damage|p2a: Heatran|196\/386
|
|-heal|p2a: Heatran|220\/386|[from] item: Leftovers
|turn|26
|
|move|p2a: Heatran|Flamethrower|p1a: Pyrax
|-damage|p1a: Pyrax|109\/374 par
|move|p1a: Pyrax|Bug Buzz|p2a: Heatran
|-resisted|p2a: Heatran
|-damage|p2a: Heatran|188\/386
|
|-heal|p2a: Heatran|212\/386|[from] item: Leftovers
|turn|27
|
|move|p2a: Heatran|Flamethrower|p1a: Pyrax
|-damage|p1a: Pyrax|0 fnt
|faint|p1a: Pyrax
|
|-heal|p2a: Heatran|236\/386|[from] item: Leftovers
|
|switch|p1a: Terrakium|Terrakion, shiny|323\/323
|-damage|p1a: Terrakium|303\/323|[from] Stealth Rock
|turn|28
|
|switch|p2a: Landorus-Therian|Landorus-Therian, M|322\/382
|-ability|p2a: Landorus-Therian|Intimidate|[of] p1a: Terrakium
|-unboost|p1a: Terrakium|atk|1
|move|p1a: Terrakium|Earthquake|p2a: Landorus-Therian
|-immune|p2a: Landorus-Therian|[msg]
|
|turn|29
|
|switch|p1a: Demeteros|Landorus-Therian, M, shiny|252\/320
|-damage|p1a: Demeteros|212\/320|[from] Stealth Rock
|-ability|p1a: Demeteros|Intimidate|[of] p2a: Landorus-Therian
|-unboost|p2a: Landorus-Therian|atk|1
|move|p2a: Landorus-Therian|Stone Edge|p1a: Demeteros
|-damage|p1a: Demeteros|136\/320
|
|turn|30
|
|move|p1a: Demeteros|Stealth Rock|p2a: Landorus-Therian
|-sidestart|p2: tomatocarrot|move: Stealth Rock
|move|p2a: Landorus-Therian|U-turn|p1a: Demeteros
|-resisted|p1a: Demeteros
|-damage|p1a: Demeteros|107\/320
|-message|tomatocarrot lost due to inactivity.
|-message|tomatocarrot forfeited.
|leave|tomatocarrot
|
|switch|p2a: Sylveon|Sylveon, F|394\/394
|-damage|p2a: Sylveon|345\/394|[from] Stealth Rock
|
|-heal|p2a: Sylveon|369\/394|[from] item: Leftovers
|turn|31
|
|win|CyndaKillSH
|raw|Ladder updating...
|player|p2
|raw|CyndaKillSH's rating: 1583 &rarr; <strong>1601<\/strong><br \/>(+18 for winning)
|raw|tomatocarrot's rating: 1547 &rarr; <strong>1529<\/strong><br \/>(-18 for losing)