|join|CyndaKillSH
|join|Hoenn Zach
|player|p1|CyndaKillSH|161
|player|p2|Hoenn Zach|99
|gametype|singles
|gen|6
|tier|OU
|rated
|clearpoke
|poke|p1|Volcarona, M, shiny
|poke|p1|Landorus-Therian, M, shiny
|poke|p1|Charizard, M, shiny
|poke|p1|Terrakion, shiny
|poke|p1|Venusaur, M, shiny
|poke|p1|Latios, M, shiny
|poke|p2|Lopunny, M
|poke|p2|Diggersby, M
|poke|p2|Azumarill, M
|poke|p2|Magnezone
|poke|p2|Rotom-Wash
|poke|p2|Latias, F
|rule|Swagger Clause: Swagger is banned
|rule|Baton Pass Clause: Limit one PokÃ©mon knowing Baton Pass
|rule|Sleep Clause Mod: Limit one foe put to sleep
|rule|Species Clause: Limit one of each PokÃ©mon
|rule|OHKO Clause: OHKO moves are banned
|rule|Moody Clause: Moody is banned
|rule|Evasion Moves Clause: Evasion moves are banned
|rule|Endless Battle Clause: Forcing endless battles is banned
|rule|HP Percentage Mod: HP is shown in percentages
|teampreview
|leave|CyndaKillSH
|
|start
|switch|p1a: Dracaufeu|Charizard, M, shiny|297\/297
|switch|p2a: Mega Bunny|Lopunny, M|271\/271
|turn|1
|player|p1
|join|CyndaKillSH
|player|p1|CyndaKillSH|161
|
|detailschange|p2a: Mega Bunny|Lopunny-Mega, M
|-mega|p2a: Mega Bunny|Lopunny|Lopunnite
|detailschange|p1a: Dracaufeu|Charizard-Mega-Y, M, shiny
|-mega|p1a: Dracaufeu|Charizard|Charizardite Y
|-weather|SunnyDay
|move|p2a: Mega Bunny|Fake Out|p1a: Dracaufeu
|-damage|p1a: Dracaufeu|201\/297
|cant|p1a: Dracaufeu|flinch
|
|-weather|SunnyDay|[upkeep]
|turn|2
|
|switch|p1a: Terrakium|Terrakion, shiny|323\/323
|move|p2a: Mega Bunny|Frustration|p1a: Terrakium
|-resisted|p1a: Terrakium
|-damage|p1a: Terrakium|221\/323
|
|-weather|SunnyDay|[upkeep]
|turn|3
|
|switch|p2a: Bunny Offense|Azumarill, M|401\/401
|switch|p1a: Demeteros|Landorus-Therian, M, shiny|320\/320
|-ability|p1a: Demeteros|Intimidate|[of] p2a: Bunny Offense
|-unboost|p2a: Bunny Offense|atk|1
|
|-weather|SunnyDay|[upkeep]
|turn|4
|
|move|p1a: Demeteros|Earthquake|p2a: Bunny Offense
|-damage|p2a: Bunny Offense|173\/401
|move|p2a: Bunny Offense|Waterfall|p1a: Demeteros
|-supereffective|p1a: Demeteros
|-damage|p1a: Demeteros|188\/320
|
|-weather|SunnyDay|[upkeep]
|turn|5
|
|switch|p2a: Cleaning Bunny|Rotom-Wash|304\/304
|move|p1a: Demeteros|Earthquake|p2a: Cleaning Bunny
|-immune|p2a: Cleaning Bunny|[msg]
|
|-weather|none
|turn|6
|
|move|p1a: Demeteros|U-turn|p2a: Cleaning Bunny
|-damage|p2a: Cleaning Bunny|244\/304
|
|switch|p1a: Latios|Latios, M, shiny|302\/302
|move|p2a: Cleaning Bunny|Volt Switch|p1a: Latios
|-resisted|p1a: Latios
|-damage|p1a: Latios|261\/302
|
|switch|p2a: Mega Bunny|Lopunny-Mega, M|271\/271
|
|turn|7
|
|switch|p1a: Pyrax|Volcarona, M, shiny|374\/374
|move|p2a: Mega Bunny|Fake Out|p1a: Pyrax
|-damage|p1a: Pyrax|296\/374
|
|turn|8
|
|switch|p2a: Bunny Soul Taker|Diggersby, M|311\/311
|switch|p1a: Demeteros|Landorus-Therian, M, shiny|188\/320
|-ability|p1a: Demeteros|Intimidate|[of] p2a: Bunny Soul Taker
|-unboost|p2a: Bunny Soul Taker|atk|1
|
|turn|9
|
|move|p2a: Bunny Soul Taker|U-turn|p1a: Demeteros
|-resisted|p1a: Demeteros
|-damage|p1a: Demeteros|146\/320
|
|switch|p2a: Cleaning Bunny|Rotom-Wash|244\/304
|move|p1a: Demeteros|Knock Off|p2a: Cleaning Bunny
|-damage|p2a: Cleaning Bunny|159\/304
|-enditem|p2a: Cleaning Bunny|Leftovers|[from] move: Knock Off|[of] p1a: Demeteros
|
|turn|10
|
|move|p1a: Demeteros|Knock Off|p2a: Cleaning Bunny
|-damage|p2a: Cleaning Bunny|95\/304
|move|p2a: Cleaning Bunny|Will-O-Wisp|p1a: Demeteros
|-status|p1a: Demeteros|brn
|
|-damage|p1a: Demeteros|106\/320 brn|[from] brn
|turn|11
|
|move|p1a: Demeteros|U-turn|p2a: Cleaning Bunny
|-damage|p2a: Cleaning Bunny|61\/304
|
|switch|p1a: Latios|Latios, M, shiny|261\/302
|move|p2a: Cleaning Bunny|Pain Split|p1a: Latios
|-sethp|p1a: Latios|161\/302|p2a: Cleaning Bunny|161\/304|[from] move: Pain Split
|
|turn|12
|
|switch|p2a: Bunny Offense|Azumarill, M|173\/401
|move|p1a: Latios|Psyshock|p2a: Bunny Offense
|-damage|p2a: Bunny Offense|0 fnt
|faint|p2a: Bunny Offense
|
|
|switch|p2a: Mega Bunny|Lopunny-Mega, M|271\/271
|turn|13
|
|switch|p1a: Demeteros|Landorus-Therian, M, shiny|106\/320 brn
|-ability|p1a: Demeteros|Intimidate|[of] p2a: Mega Bunny
|-unboost|p2a: Mega Bunny|atk|1
|move|p2a: Mega Bunny|Ice Punch|p1a: Demeteros
|-crit|p1a: Demeteros
|-supereffective|p1a: Demeteros
|-enditem|p1a: Demeteros|Yache Berry|[eat]
|-damage|p1a: Demeteros|0 fnt
|faint|p1a: Demeteros
|
|
|switch|p1a: Pyrax|Volcarona, M, shiny|296\/374
|turn|14
|
|switch|p2a: Bunny Soul Taker|Diggersby, M|311\/311
|move|p1a: Pyrax|Quiver Dance|p1a: Pyrax
|-boost|p1a: Pyrax|spa|1
|-boost|p1a: Pyrax|spd|1
|-boost|p1a: Pyrax|spe|1
|
|turn|15
|
|move|p1a: Pyrax|Quiver Dance|p1a: Pyrax
|-boost|p1a: Pyrax|spa|1
|-boost|p1a: Pyrax|spd|1
|-boost|p1a: Pyrax|spe|1
|move|p2a: Bunny Soul Taker|Return|p1a: Pyrax
|-damage|p1a: Pyrax|64\/374
|-status|p2a: Bunny Soul Taker|brn
|-enditem|p1a: Pyrax|Sitrus Berry|[eat]
|-heal|p1a: Pyrax|157\/374|[from] item: Sitrus Berry
|
|-damage|p2a: Bunny Soul Taker|273\/311 brn|[from] brn
|turn|16
|c|âHoenn Zach|wtf
|c|âCyndaKillSH|?
|
|move|p1a: Pyrax|Giga Drain|p2a: Bunny Soul Taker
|-supereffective|p2a: Bunny Soul Taker
|-damage|p2a: Bunny Soul Taker|0 fnt
|-heal|p1a: Pyrax|294\/374|[from] drain|[of] p2a: Bunny Soul Taker
|faint|p2a: Bunny Soul Taker
|
|-message|Hoenn Zach forfeited.
|leave|Hoenn Zach
|
|win|CyndaKillSH
|raw|Ladder updating...
|player|p2
|raw|CyndaKillSH's rating: 1489 &rarr; <strong>1508<\/strong><br \/>(+19 for winning)
|raw|Hoenn Zach's rating: 1466 &rarr; <strong>1448<\/strong><br \/>(-18 for losing)