|join|TCTphantom
|join|CyndaKillSH
|player|p1|TCTphantom|266
|player|p2|CyndaKillSH|161
|gametype|singles
|gen|6
|tier|OU
|rated
|clearpoke
|poke|p1|Serperior, M, shiny
|poke|p1|Tyranitar, F
|poke|p1|Metagross, shiny
|poke|p1|Raikou, shiny
|poke|p1|Clefable, F
|poke|p1|Landorus-Therian, M
|poke|p2|Volcarona, M, shiny
|poke|p2|Landorus-Therian, M, shiny
|poke|p2|Charizard, M, shiny
|poke|p2|Terrakion, shiny
|poke|p2|Venusaur, M, shiny
|poke|p2|Latios, M, shiny
|rule|Swagger Clause: Swagger is banned
|rule|Baton Pass Clause: Limit one PokÃ©mon knowing Baton Pass
|rule|Sleep Clause Mod: Limit one foe put to sleep
|rule|Species Clause: Limit one of each PokÃ©mon
|rule|OHKO Clause: OHKO moves are banned
|rule|Moody Clause: Moody is banned
|rule|Evasion Moves Clause: Evasion moves are banned
|rule|Endless Battle Clause: Forcing endless battles is banned
|rule|HP Percentage Mod: HP is shown in percentages
|teampreview
|
|start
|switch|p1a: Oscar|Landorus-Therian, M|361\/361
|switch|p2a: Dracaufeu|Charizard, M, shiny|297\/297
|-ability|p1a: Oscar|Intimidate|[of] p2a: Dracaufeu
|-unboost|p2a: Dracaufeu|atk|1
|turn|1
|
|detailschange|p2a: Dracaufeu|Charizard-Mega-Y, M, shiny
|-mega|p2a: Dracaufeu|Charizard|Charizardite Y
|-weather|SunnyDay
|move|p2a: Dracaufeu|Flamethrower|p1a: Oscar
|-damage|p1a: Oscar|54\/361
|move|p1a: Oscar|Stealth Rock|p2a: Dracaufeu
|-sidestart|p2: CyndaKillSH|move: Stealth Rock
|
|-weather|SunnyDay|[upkeep]
|-heal|p1a: Oscar|76\/361|[from] item: Leftovers
|turn|2
|
|switch|p1a: Greil|Tyranitar, F|341\/341
|-weather|Sandstorm
|move|p2a: Dracaufeu|Flamethrower|p1a: Greil
|-resisted|p1a: Greil
|-damage|p1a: Greil|284\/341
|
|-weather|Sandstorm|[upkeep]
|-damage|p2a: Dracaufeu|279\/297|[from] sandstorm
|turn|3
|
|switch|p2a: Demeteros|Landorus-Therian, M, shiny|320\/320
|-damage|p2a: Demeteros|280\/320|[from] Stealth Rock
|-ability|p2a: Demeteros|Intimidate|[of] p1a: Greil
|-unboost|p1a: Greil|atk|1
|move|p1a: Greil|Stone Edge|p2a: Demeteros|[miss]
|-miss|p1a: Greil|p2a: Demeteros
|
|-weather|Sandstorm|[upkeep]
|turn|4
|
|switch|p1a: Oscar|Landorus-Therian, M|76\/361
|-ability|p1a: Oscar|Intimidate|[of] p2a: Demeteros
|-unboost|p2a: Demeteros|atk|1
|move|p2a: Demeteros|U-turn|p1a: Oscar
|-resisted|p1a: Oscar
|-damage|p1a: Oscar|53\/361
|
|switch|p2a: Latios|Latios, M, shiny|302\/302
|-damage|p2a: Latios|265\/302|[from] Stealth Rock
|
|-weather|Sandstorm|[upkeep]
|-damage|p2a: Latios|247\/302|[from] sandstorm
|-heal|p1a: Oscar|75\/361|[from] item: Leftovers
|turn|5
|
|move|p2a: Latios|Psyshock|p1a: Oscar
|-crit|p1a: Oscar
|-damage|p1a: Oscar|0 fnt
|faint|p1a: Oscar
|
|-weather|Sandstorm|[upkeep]
|-damage|p2a: Latios|229\/302|[from] sandstorm
|
|switch|p1a: Ike|Metagross, shiny|301\/301
|turn|6
|
|detailschange|p1a: Ike|Metagross-Mega, shiny
|-mega|p1a: Ike|Metagross|Metagrossite
|move|p2a: Latios|Defog|p1a: Ike
|-unboost|p1a: Ike|evasion|1
|-sideend|p2: CyndaKillSH|Stealth Rock|[from] move: Defog|[of] p2a: Latios
|move|p1a: Ike|Meteor Mash|p2a: Latios
|-damage|p2a: Latios|0 fnt
|faint|p2a: Latios
|
|-weather|none
|
|switch|p2a: Pyrax|Volcarona, M, shiny|374\/374
|turn|7
|
|move|p1a: Ike|Zen Headbutt|p2a: Pyrax
|-damage|p2a: Pyrax|155\/374
|-enditem|p2a: Pyrax|Sitrus Berry|[eat]
|-heal|p2a: Pyrax|248\/374|[from] item: Sitrus Berry
|cant|p2a: Pyrax|flinch
|
|turn|8
|c|âCyndaKillSH|...
|c|âCyndaKillSH|no burn, a flinch.
|
|move|p1a: Ike|Zen Headbutt|p2a: Pyrax
|-damage|p2a: Pyrax|43\/374
|-status|p1a: Ike|brn
|move|p2a: Pyrax|Quiver Dance|p2a: Pyrax
|-boost|p2a: Pyrax|spa|1
|-boost|p2a: Pyrax|spd|1
|-boost|p2a: Pyrax|spe|1
|
|-damage|p1a: Ike|264\/301 brn|[from] brn
|turn|9
|
|switch|p1a: Greil|Tyranitar, F|284\/341
|-weather|Sandstorm
|move|p2a: Pyrax|Fiery Dance|p1a: Greil
|-resisted|p1a: Greil
|-damage|p1a: Greil|218\/341
|
|-weather|Sandstorm|[upkeep]
|-damage|p2a: Pyrax|20\/374|[from] sandstorm
|turn|10
|
|switch|p1a: Mist|Clefable, F|393\/393
|move|p2a: Pyrax|Giga Drain|p1a: Mist
|-damage|p1a: Mist|308\/393
|-heal|p2a: Pyrax|63\/374|[from] drain|[of] p1a: Mist
|
|-weather|Sandstorm|[upkeep]
|-damage|p2a: Pyrax|40\/374|[from] sandstorm
|-damage|p1a: Mist|284\/393|[from] sandstorm
|-heal|p1a: Mist|308\/393|[from] item: Leftovers
|turn|11
|
|move|p1a: Mist|Protect|p1a: Mist
|-singleturn|p1a: Mist|Protect
|move|p2a: Pyrax|Fiery Dance|p1a: Mist
|-activate|p1a: Mist|Protect
|
|-weather|Sandstorm|[upkeep]
|-damage|p2a: Pyrax|17\/374|[from] sandstorm
|-damage|p1a: Mist|284\/393|[from] sandstorm
|-heal|p1a: Mist|308\/393|[from] item: Leftovers
|turn|12
|
|move|p2a: Pyrax|Giga Drain|p1a: Mist
|-damage|p1a: Mist|230\/393
|-heal|p2a: Pyrax|56\/374|[from] drain|[of] p1a: Mist
|move|p1a: Mist|Wish|p1a: Mist
|
|-weather|Sandstorm|[upkeep]
|-damage|p2a: Pyrax|33\/374|[from] sandstorm
|-damage|p1a: Mist|206\/393|[from] sandstorm
|-heal|p1a: Mist|230\/393|[from] item: Leftovers
|turn|13
|
|move|p2a: Pyrax|Quiver Dance|p2a: Pyrax
|-boost|p2a: Pyrax|spa|1
|-boost|p2a: Pyrax|spd|1
|-boost|p2a: Pyrax|spe|1
|move|p1a: Mist|Moonblast|p2a: Pyrax
|-resisted|p2a: Pyrax
|-damage|p2a: Pyrax|0 fnt
|faint|p2a: Pyrax
|
|-weather|none
|-heal|p1a: Mist|393\/393|[from] move: Wish|[wisher] Mist
|
|switch|p2a: Dracaufeu|Charizard-Mega-Y, M, shiny|279\/297
|-weather|SunnyDay
|turn|14
|
|move|p2a: Dracaufeu|Flamethrower|p1a: Mist
|-damage|p1a: Mist|116\/393
|move|p1a: Mist|Heal Bell|p1a: Mist
|-cureteam|p1a: Mist|[from] move: HealBell
|
|-weather|SunnyDay|[upkeep]
|-heal|p1a: Mist|140\/393|[from] item: Leftovers
|turn|15
|
|move|p1a: Mist|Protect|p1a: Mist
|-singleturn|p1a: Mist|Protect
|move|p2a: Dracaufeu|Flamethrower|p1a: Mist
|-activate|p1a: Mist|Protect
|
|-weather|SunnyDay|[upkeep]
|-heal|p1a: Mist|164\/393|[from] item: Leftovers
|turn|16
|
|switch|p1a: Greil|Tyranitar, F|218\/341
|-weather|Sandstorm
|move|p2a: Dracaufeu|Flamethrower|p1a: Greil
|-resisted|p1a: Greil
|-damage|p1a: Greil|155\/341
|
|-weather|Sandstorm|[upkeep]
|-damage|p2a: Dracaufeu|261\/297|[from] sandstorm
|turn|17
|
|move|p1a: Greil|Pursuit|p2a: Dracaufeu|[from]Pursuit
|-damage|p2a: Dracaufeu|87\/297
|switch|p2a: Terrakium|Terrakion, shiny|323\/323
|
|-weather|Sandstorm|[upkeep]
|turn|18
|
|switch|p1a: Titania|Raikou, shiny|321\/321
|-ability|p1a: Titania|Pressure
|move|p2a: Terrakium|Earthquake|p1a: Titania
|-supereffective|p1a: Titania
|-damage|p1a: Titania|0 fnt
|faint|p1a: Titania
|
|-weather|Sandstorm|[upkeep]
|
|switch|p1a: Soren|Serperior, M, shiny|291\/291
|turn|19
|
|switch|p2a: Florizarre|Venusaur, M, shiny|319\/319
|move|p1a: Soren|Leaf Storm|p2a: Florizarre
|-resisted|p2a: Florizarre
|-damage|p2a: Florizarre|264\/319
|-boost|p1a: Soren|spa|2
|-damage|p1a: Soren|262\/291|[from] item: Life Orb
|
|-weather|Sandstorm|[upkeep]
|-damage|p1a: Soren|244\/291|[from] sandstorm
|-damage|p2a: Florizarre|245\/319|[from] sandstorm
|turn|20
|
|switch|p1a: Ike|Metagross-Mega, shiny|264\/301
|move|p2a: Florizarre|Substitute|p2a: Florizarre
|-start|p2a: Florizarre|Substitute
|-damage|p2a: Florizarre|166\/319
|
|-weather|none
|turn|21
|
|move|p1a: Ike|Zen Headbutt|p2a: Florizarre
|-supereffective|p2a: Florizarre
|-end|p2a: Florizarre|Substitute
|move|p2a: Florizarre|Giga Drain|p1a: Ike
|-resisted|p1a: Ike
|-damage|p1a: Ike|186\/301
|-heal|p2a: Florizarre|205\/319|[from] drain|[of] p1a: Ike
|-damage|p2a: Florizarre|174\/319|[from] item: Life Orb
|
|turn|22
|
|move|p1a: Ike|Meteor Mash|p2a: Florizarre
|-damage|p2a: Florizarre|0 fnt
|faint|p2a: Florizarre
|
|
|switch|p2a: Demeteros|Landorus-Therian, M, shiny|280\/320
|-ability|p2a: Demeteros|Intimidate|[of] p1a: Ike
|-unboost|p1a: Ike|atk|1
|turn|23
|
|switch|p1a: Mist|Clefable, F|164\/393
|move|p2a: Demeteros|U-turn|p1a: Mist
|-resisted|p1a: Mist
|-damage|p1a: Mist|127\/393
|
|switch|p2a: Dracaufeu|Charizard-Mega-Y, M, shiny|87\/297
|-weather|SunnyDay
|
|-weather|SunnyDay|[upkeep]
|-heal|p1a: Mist|151\/393|[from] item: Leftovers
|turn|24
|
|move|p1a: Mist|Protect|p1a: Mist
|-singleturn|p1a: Mist|Protect
|move|p2a: Dracaufeu|Flamethrower|p1a: Mist
|-activate|p1a: Mist|Protect
|
|-weather|SunnyDay|[upkeep]
|-heal|p1a: Mist|175\/393|[from] item: Leftovers
|turn|25
|
|move|p2a: Dracaufeu|Hidden Power|p1a: Mist
|-damage|p1a: Mist|85\/393
|move|p1a: Mist|Wish|p1a: Mist
|
|-weather|SunnyDay|[upkeep]
|-heal|p1a: Mist|109\/393|[from] item: Leftovers
|turn|26
|
|move|p1a: Mist|Protect|p1a: Mist
|-singleturn|p1a: Mist|Protect
|move|p2a: Dracaufeu|Flamethrower|p1a: Mist
|-activate|p1a: Mist|Protect
|
|-weather|SunnyDay|[upkeep]
|-heal|p1a: Mist|305\/393|[from] move: Wish|[wisher] Mist
|-heal|p1a: Mist|329\/393|[from] item: Leftovers
|turn|27
|
|move|p2a: Dracaufeu|Flamethrower|p1a: Mist
|-damage|p1a: Mist|7\/393
|move|p1a: Mist|Wish|p1a: Mist
|
|-weather|none
|-heal|p1a: Mist|31\/393|[from] item: Leftovers
|turn|28
|
|switch|p2a: Demeteros|Landorus-Therian, M, shiny|280\/320
|-ability|p2a: Demeteros|Intimidate|[of] p1a: Mist
|-unboost|p1a: Mist|atk|1
|move|p1a: Mist|Protect|p1a: Mist
|-fail|p1a: Mist
|
|-heal|p1a: Mist|227\/393|[from] move: Wish|[wisher] Mist
|-heal|p1a: Mist|251\/393|[from] item: Leftovers
|turn|29
|
|move|p1a: Mist|Protect|p1a: Mist
|-singleturn|p1a: Mist|Protect
|move|p2a: Demeteros|Earthquake|p1a: Mist
|-activate|p1a: Mist|Protect
|
|-heal|p1a: Mist|275\/393|[from] item: Leftovers
|turn|30
|
|switch|p1a: Soren|Serperior, M, shiny|244\/291
|move|p2a: Demeteros|U-turn|p1a: Soren
|-crit|p1a: Soren
|-supereffective|p1a: Soren
|-damage|p1a: Soren|0 fnt
|faint|p1a: Soren
|
|switch|p2a: Dracaufeu|Charizard-Mega-Y, M, shiny|87\/297
|-weather|SunnyDay
|
|-weather|SunnyDay|[upkeep]
|
|switch|p1a: Ike|Metagross-Mega, shiny|186\/301
|turn|31
|
|switch|p2a: Terrakium|Terrakion, shiny|323\/323
|move|p1a: Ike|Zen Headbutt|p2a: Terrakium
|-supereffective|p2a: Terrakium
|-damage|p2a: Terrakium|0 fnt
|faint|p2a: Terrakium
|
|-weather|SunnyDay|[upkeep]
|
|switch|p2a: Demeteros|Landorus-Therian, M, shiny|280\/320
|-ability|p2a: Demeteros|Intimidate|[of] p1a: Ike
|-unboost|p1a: Ike|atk|1
|turn|32
|
|switch|p1a: Mist|Clefable, F|275\/393
|move|p2a: Demeteros|Earthquake|p1a: Mist
|-damage|p1a: Mist|110\/393
|
|-weather|SunnyDay|[upkeep]
|-heal|p1a: Mist|134\/393|[from] item: Leftovers
|turn|33
|
|move|p1a: Mist|Protect|p1a: Mist
|-singleturn|p1a: Mist|Protect
|move|p2a: Demeteros|Stealth Rock|p1a: Mist
|-sidestart|p1: TCTphantom|move: Stealth Rock
|
|-weather|SunnyDay|[upkeep]
|-heal|p1a: Mist|158\/393|[from] item: Leftovers
|turn|34
|
|move|p2a: Demeteros|Earthquake|p1a: Mist
|-damage|p1a: Mist|0 fnt
|faint|p1a: Mist
|
|-weather|none
|-message|TCTphantom forfeited.
|leave|TCTphantom
|
|win|CyndaKillSH
|raw|Ladder updating...
|player|p1
|raw|TCTphantom's rating: 1434 &rarr; <strong>1416<\/strong><br \/>(-18 for losing)
|raw|CyndaKillSH's rating: 1464 &rarr; <strong>1482<\/strong><br \/>(+18 for winning)