|join|CyndaKillSH
|join|Tajae mcfarlane
|player|p1|CyndaKillSH|161
|player|p2|Tajae mcfarlane|52
|gametype|singles
|gen|6
|tier|OU (suspect test)
|rated
|clearpoke
|poke|p1|Absol, M, shiny
|poke|p1|Dragonite, M, shiny
|poke|p1|Thundurus-Therian, M, shiny
|poke|p1|Landorus-Therian, M, shiny
|poke|p1|Sigilyph, M
|poke|p1|Starmie, shiny
|poke|p2|Lucario, M
|poke|p2|Landorus-Therian, M
|poke|p2|Electivire, M
|poke|p2|Garchomp, M
|poke|p2|Talonflame, M
|poke|p2|Sharpedo, M
|rule|Swagger Clause: Swagger is banned
|rule|Baton Pass Clause: Limit one PokÃ©mon knowing Baton Pass
|rule|Sleep Clause Mod: Limit one foe put to sleep
|rule|Species Clause: Limit one of each PokÃ©mon
|rule|OHKO Clause: OHKO moves are banned
|rule|Moody Clause: Moody is banned
|rule|Evasion Moves Clause: Evasion moves are banned
|rule|Endless Battle Clause: Forcing endless battles is banned
|rule|HP Percentage Mod: HP is shown in percentages
|teampreview
|
|start
|switch|p1a: Absol|Absol, M, shiny|272\/272
|switch|p2a: Landorus-Therian|Landorus-Therian, M|319\/319
|-ability|p2a: Landorus-Therian|Intimidate|[of] p1a: Absol
|-unboost|p1a: Absol|atk|1
|turn|1
|
|switch|p1a: Landorus-Therian|Landorus-Therian, M, shiny|320\/320
|-ability|p1a: Landorus-Therian|Intimidate|[of] p2a: Landorus-Therian
|-unboost|p2a: Landorus-Therian|atk|1
|move|p2a: Landorus-Therian|Stealth Rock|p1a: Landorus-Therian
|-sidestart|p1: CyndaKillSH|move: Stealth Rock
|
|turn|2
|
|move|p1a: Landorus-Therian|Stealth Rock|p2a: Landorus-Therian
|-sidestart|p2: Tajae mcfarlane|move: Stealth Rock
|move|p2a: Landorus-Therian|Stone Edge|p1a: Landorus-Therian
|-damage|p1a: Landorus-Therian|193\/320
|-damage|p2a: Landorus-Therian|288\/319|[from] item: Life Orb
|
|turn|3
|
|move|p1a: Landorus-Therian|U-turn|p2a: Landorus-Therian
|-resisted|p2a: Landorus-Therian
|-damage|p2a: Landorus-Therian|238\/319
|
|switch|p1a: Starmie|Starmie, shiny|262\/262
|-damage|p1a: Starmie|230\/262|[from] Stealth Rock
|move|p2a: Landorus-Therian|Stone Edge|p1a: Starmie|[miss]
|-miss|p2a: Landorus-Therian|p1a: Starmie
|
|turn|4
|
|switch|p1a: Thundurus-Therian|Thundurus-Therian, M, shiny|299\/299
|-damage|p1a: Thundurus-Therian|225\/299|[from] Stealth Rock
|switch|p2a: Sharpedo|Sharpedo, M|281\/281
|-damage|p2a: Sharpedo|246\/281|[from] Stealth Rock
|
|turn|5
|
|move|p2a: Sharpedo|Protect|p2a: Sharpedo
|-singleturn|p2a: Sharpedo|Protect
|move|p1a: Thundurus-Therian|Hidden Power|p2a: Sharpedo
|-activate|p2a: Sharpedo|Protect
|
|-boost|p2a: Sharpedo|spe|1|[from] ability: Speed Boost
|turn|6
|
|detailschange|p2a: Sharpedo|Sharpedo-Mega, M
|-mega|p2a: Sharpedo|Sharpedo|Sharpedonite
|move|p2a: Sharpedo|Ice Fang|p1a: Thundurus-Therian
|-supereffective|p1a: Thundurus-Therian
|-damage|p1a: Thundurus-Therian|0 fnt
|faint|p1a: Thundurus-Therian
|
|c|âCyndaKillSH|!learn sharpedo, baton pass
|raw|<div class="infobox">Sharpedo <span class="message-learn-cannotlearn">can't<\/span> learn Baton Pass<\/div>
|
|switch|p1a: Landorus-Therian|Landorus-Therian, M, shiny|193\/320
|-damage|p1a: Landorus-Therian|153\/320|[from] Stealth Rock
|-ability|p1a: Landorus-Therian|Intimidate|[of] p2a: Sharpedo
|-unboost|p2a: Sharpedo|atk|1
|turn|7
|
|switch|p1a: Starmie|Starmie, shiny|230\/262
|-damage|p1a: Starmie|198\/262|[from] Stealth Rock
|move|p2a: Sharpedo|Waterfall|p1a: Starmie
|-resisted|p1a: Starmie
|-damage|p1a: Starmie|130\/262
|
|turn|8
|
|move|p2a: Sharpedo|Crunch|p1a: Starmie
|-supereffective|p1a: Starmie
|-damage|p1a: Starmie|0 fnt
|faint|p1a: Starmie
|
|
|switch|p1a: Landorus-Therian|Landorus-Therian, M, shiny|153\/320
|-damage|p1a: Landorus-Therian|113\/320|[from] Stealth Rock
|-ability|p1a: Landorus-Therian|Intimidate|[of] p2a: Sharpedo
|-unboost|p2a: Sharpedo|atk|1
|turn|9
|
|switch|p1a: Sigilyph|Sigilyph, M|330\/330
|move|p2a: Sharpedo|Waterfall|p1a: Sigilyph
|-damage|p1a: Sigilyph|242\/330
|
|-status|p1a: Sigilyph|brn|[from] item: Flame Orb
|turn|10
|
|move|p2a: Sharpedo|Ice Fang|p1a: Sigilyph
|-supereffective|p1a: Sigilyph
|-damage|p1a: Sigilyph|100\/330 brn
|move|p1a: Sigilyph|Psycho Shift|p2a: Sharpedo
|-status|p2a: Sharpedo|brn
|-curestatus|p1a: Sigilyph|brn
|
|-damage|p2a: Sharpedo|211\/281 brn|[from] brn
|-status|p1a: Sigilyph|brn|[from] item: Flame Orb
|turn|11
|
|move|p2a: Sharpedo|Ice Fang|p1a: Sigilyph
|-supereffective|p1a: Sigilyph
|-damage|p1a: Sigilyph|24\/330 brn
|move|p1a: Sigilyph|Roost|p1a: Sigilyph
|-heal|p1a: Sigilyph|189\/330 brn
|
|-damage|p2a: Sharpedo|176\/281 brn|[from] brn
|turn|12
|
|move|p2a: Sharpedo|Crunch|p1a: Sigilyph
|-supereffective|p1a: Sigilyph
|-damage|p1a: Sigilyph|57\/330 brn
|-unboost|p1a: Sigilyph|def|1
|move|p1a: Sigilyph|Roost|p1a: Sigilyph
|-heal|p1a: Sigilyph|222\/330 brn
|
|-damage|p2a: Sharpedo|141\/281 brn|[from] brn
|turn|13
|
|switch|p2a: Landorus-Therian|Landorus-Therian, M|238\/319
|-damage|p2a: Landorus-Therian|199\/319|[from] Stealth Rock
|-ability|p2a: Landorus-Therian|Intimidate|[of] p1a: Sigilyph
|-unboost|p1a: Sigilyph|atk|1
|switch|p1a: Absol|Absol, M, shiny|272\/272
|-damage|p1a: Absol|238\/272|[from] Stealth Rock
|
|turn|14
|
|switch|p1a: Landorus-Therian|Landorus-Therian, M, shiny|113\/320
|-damage|p1a: Landorus-Therian|73\/320|[from] Stealth Rock
|-ability|p1a: Landorus-Therian|Intimidate|[of] p2a: Landorus-Therian
|-unboost|p2a: Landorus-Therian|atk|1
|move|p2a: Landorus-Therian|Stone Edge|p1a: Landorus-Therian|[miss]
|-miss|p2a: Landorus-Therian|p1a: Landorus-Therian
|
|turn|15
|
|move|p1a: Landorus-Therian|Knock Off|p2a: Landorus-Therian
|-damage|p2a: Landorus-Therian|65\/319
|-enditem|p2a: Landorus-Therian|Life Orb|[from] move: Knock Off|[of] p1a: Landorus-Therian
|move|p2a: Landorus-Therian|Stone Edge|p1a: Landorus-Therian|[miss]
|-miss|p2a: Landorus-Therian|p1a: Landorus-Therian
|
|turn|16
|
|move|p1a: Landorus-Therian|Knock Off|p2a: Landorus-Therian
|-damage|p2a: Landorus-Therian|0 fnt
|faint|p2a: Landorus-Therian
|
|
|switch|p2a: Talonflame|Talonflame, M|297\/297
|-damage|p2a: Talonflame|149\/297|[from] Stealth Rock
|turn|17
|
|move|p2a: Talonflame|Brave Bird|p1a: Landorus-Therian
|-crit|p1a: Landorus-Therian
|-damage|p1a: Landorus-Therian|0 fnt
|-damage|p2a: Talonflame|125\/297|[from] recoil|[of] p1a: Landorus-Therian
|faint|p1a: Landorus-Therian
|
|
|switch|p1a: Absol|Absol, M, shiny|238\/272
|-damage|p1a: Absol|204\/272|[from] Stealth Rock
|turn|18
|
|detailschange|p1a: Absol|Absol-Mega, M, shiny
|-mega|p1a: Absol|Absol|Absolite
|move|p2a: Talonflame|U-turn|p1a: Absol
|-supereffective|p1a: Absol
|-damage|p1a: Absol|16\/272
|
|switch|p2a: Electivire|Electivire, M|291\/291
|-damage|p2a: Electivire|255\/291|[from] Stealth Rock
|move|p1a: Absol|Night Slash|p2a: Electivire
|-damage|p2a: Electivire|56\/291
|
|turn|19
|
|move|p1a: Absol|Sucker Punch|p2a: Electivire
|-damage|p2a: Electivire|0 fnt
|faint|p2a: Electivire
|
|
|switch|p2a: Sharpedo|Sharpedo-Mega, M|141\/281 brn
|-damage|p2a: Sharpedo|106\/281 brn|[from] Stealth Rock
|turn|20
|
|move|p1a: Absol|Play Rough|p2a: Sharpedo
|-supereffective|p2a: Sharpedo
|-damage|p2a: Sharpedo|0 fnt
|faint|p2a: Sharpedo
|
|
|switch|p2a: Lucario|Lucario, M|281\/281
|-damage|p2a: Lucario|273\/281|[from] Stealth Rock
|turn|21
|
|move|p1a: Absol|Play Rough|p2a: Lucario|[miss]
|-miss|p1a: Absol|p2a: Lucario
|move|p2a: Lucario|Aura Sphere|p1a: Absol
|-supereffective|p1a: Absol
|-damage|p1a: Absol|0 fnt
|-damage|p2a: Lucario|245\/281|[from] item: Life Orb
|faint|p1a: Absol
|
|
|switch|p1a: Sigilyph|Sigilyph, M|222\/330 brn
|turn|22
|
|move|p2a: Lucario|Dark Pulse|p1a: Sigilyph
|-supereffective|p1a: Sigilyph
|-damage|p1a: Sigilyph|0 fnt
|-damage|p2a: Lucario|217\/281|[from] item: Life Orb
|faint|p1a: Sigilyph
|
|
|switch|p1a: Dragonite|Dragonite, M, shiny|324\/324
|-damage|p1a: Dragonite|243\/324|[from] Stealth Rock
|turn|23
|
|move|p2a: Lucario|Dragon Pulse|p1a: Dragonite
|-supereffective|p1a: Dragonite
|-damage|p1a: Dragonite|6\/324
|-enditem|p1a: Dragonite|Weakness Policy
|-boost|p1a: Dragonite|atk|2|[from] item: Weakness Policy
|-boost|p1a: Dragonite|spa|2|[from] item: Weakness Policy
|-damage|p2a: Lucario|189\/281|[from] item: Life Orb
|move|p1a: Dragonite|Dragon Dance|p1a: Dragonite
|-boost|p1a: Dragonite|atk|1
|-boost|p1a: Dragonite|spe|1
|
|turn|24
|
|move|p1a: Dragonite|Earthquake|p2a: Lucario
|-supereffective|p2a: Lucario
|-damage|p2a: Lucario|0 fnt
|faint|p2a: Lucario
|
|
|switch|p2a: Garchomp|Garchomp, M|357\/357
|-damage|p2a: Garchomp|335\/357|[from] Stealth Rock
|turn|25
|
|move|p1a: Dragonite|Earthquake|p2a: Garchomp
|-damage|p2a: Garchomp|0 fnt
|faint|p2a: Garchomp
|
|c|âCyndaKillSH|gg
|-message|Tajae mcfarlane forfeited.
|
|win|CyndaKillSH
|raw|Ladder updating...
|leave|Tajae mcfarlane
|player|p2
|raw|CyndaKillSH's rating: 1187 &rarr; <strong>1207<\/strong><br \/>(+20 for winning)
|raw|Tajae mcfarlane's rating: 1117 &rarr; <strong>1097<\/strong><br \/>(-20 for losing)