|join|alexix22x
|join|CyndaKillSH
|player|p1|alexix22x|102
|player|p2|CyndaKillSH|161
|gametype|singles
|gen|6
|tier|OU (suspect test)
|rated
|clearpoke
|poke|p1|Manectric, M
|poke|p1|Garchomp, M
|poke|p1|Crawdaunt, F
|poke|p1|Gengar, F
|poke|p1|Azumarill, F
|poke|p1|Landorus-Therian, M
|poke|p2|Absol, M, shiny
|poke|p2|Dragonite, M, shiny
|poke|p2|Thundurus-Therian, M, shiny
|poke|p2|Landorus-Therian, M, shiny
|poke|p2|Sigilyph, M
|poke|p2|Starmie, shiny
|rule|Swagger Clause: Swagger is banned
|rule|Baton Pass Clause: Limit one PokÃ©mon knowing Baton Pass
|rule|Sleep Clause Mod: Limit one foe put to sleep
|rule|Species Clause: Limit one of each PokÃ©mon
|rule|OHKO Clause: OHKO moves are banned
|rule|Moody Clause: Moody is banned
|rule|Evasion Moves Clause: Evasion moves are banned
|rule|Endless Battle Clause: Forcing endless battles is banned
|rule|HP Percentage Mod: HP is shown in percentages
|teampreview
|
|start
|switch|p1a: Landorus-Therian|Landorus-Therian, M|319\/319
|switch|p2a: Thundurus-Therian|Thundurus-Therian, M, shiny|299\/299
|-ability|p1a: Landorus-Therian|Intimidate|[of] p2a: Thundurus-Therian
|-unboost|p2a: Thundurus-Therian|atk|1
|turn|1
|
|move|p1a: Landorus-Therian|Stone Edge|p2a: Thundurus-Therian
|-supereffective|p2a: Thundurus-Therian
|-damage|p2a: Thundurus-Therian|0 fnt
|faint|p2a: Thundurus-Therian
|
|
|switch|p2a: Landorus-Therian|Landorus-Therian, M, shiny|320\/320
|-ability|p2a: Landorus-Therian|Intimidate|[of] p1a: Landorus-Therian
|-unboost|p1a: Landorus-Therian|atk|1
|turn|2
|
|switch|p1a: Garchomp|Garchomp, M|357\/357
|move|p2a: Landorus-Therian|Stealth Rock|p1a: Garchomp
|-sidestart|p1: alexix22x|move: Stealth Rock
|
|turn|3
|
|move|p1a: Garchomp|Stealth Rock|p2a: Landorus-Therian
|-sidestart|p2: CyndaKillSH|move: Stealth Rock
|move|p2a: Landorus-Therian|U-turn|p1a: Garchomp
|-damage|p1a: Garchomp|256\/357
|-damage|p2a: Landorus-Therian|280\/320|[from] ability: Rough Skin|[of] p1a: Garchomp
|
|switch|p2a: Starmie|Starmie, shiny|262\/262
|-damage|p2a: Starmie|230\/262|[from] Stealth Rock
|
|turn|4
|
|switch|p1a: Azumarill|Azumarill, F|399\/399
|-damage|p1a: Azumarill|350\/399|[from] Stealth Rock
|move|p2a: Starmie|Rapid Spin|p1a: Azumarill
|-damage|p1a: Azumarill|338\/399
|-sideend|p2: CyndaKillSH|Stealth Rock|[from] move: Rapid Spin|[of] p2a: Starmie
|
|turn|5
|
|move|p2a: Starmie|Psychic|p1a: Azumarill
|-damage|p1a: Azumarill|227\/399
|move|p1a: Azumarill|Play Rough|p2a: Starmie
|-damage|p2a: Starmie|20\/262
|
|turn|6
|
|move|p1a: Azumarill|Aqua Jet|p2a: Starmie
|-resisted|p2a: Starmie
|-damage|p2a: Starmie|0 fnt
|faint|p2a: Starmie
|
|
|switch|p2a: Sigilyph|Sigilyph, M|330\/330
|turn|7
|
|switch|p1a: Manectric|Manectric, M|281\/281
|-damage|p1a: Manectric|246\/281|[from] Stealth Rock
|move|p2a: Sigilyph|Cosmic Power|p2a: Sigilyph
|-boost|p2a: Sigilyph|def|1
|-boost|p2a: Sigilyph|spd|1
|
|-status|p2a: Sigilyph|brn|[from] item: Flame Orb
|turn|8
|
|detailschange|p1a: Manectric|Manectric-Mega, M
|-mega|p1a: Manectric|Manectric|Manectite
|-ability|p1a: Manectric|Intimidate|[of] p2a: Sigilyph
|-unboost|p2a: Sigilyph|atk|1
|move|p1a: Manectric|Thunderbolt|p2a: Sigilyph
|-supereffective|p2a: Sigilyph
|-damage|p2a: Sigilyph|112\/330 brn
|move|p2a: Sigilyph|Cosmic Power|p2a: Sigilyph
|-boost|p2a: Sigilyph|def|1
|-boost|p2a: Sigilyph|spd|1
|
|turn|9
|
|switch|p2a: Landorus-Therian|Landorus-Therian, M, shiny|280\/320
|-ability|p2a: Landorus-Therian|Intimidate|[of] p1a: Manectric
|-unboost|p1a: Manectric|atk|1
|move|p1a: Manectric|Thunderbolt|p2a: Landorus-Therian
|-immune|p2a: Landorus-Therian|[msg]
|
|turn|10
|
|switch|p1a: Landorus-Therian|Landorus-Therian, M|319\/319
|-damage|p1a: Landorus-Therian|280\/319|[from] Stealth Rock
|-ability|p1a: Landorus-Therian|Intimidate|[of] p2a: Landorus-Therian
|-unboost|p2a: Landorus-Therian|atk|1
|move|p2a: Landorus-Therian|U-turn|p1a: Landorus-Therian
|-resisted|p1a: Landorus-Therian
|-damage|p1a: Landorus-Therian|247\/319
|
|switch|p2a: Dragonite|Dragonite, M, shiny|324\/324
|
|turn|11
|
|move|p1a: Landorus-Therian|U-turn|p2a: Dragonite
|-resisted|p2a: Dragonite
|-damage|p2a: Dragonite|302\/324
|
|switch|p1a: Azumarill|Azumarill, F|227\/399
|-damage|p1a: Azumarill|178\/399|[from] Stealth Rock
|move|p2a: Dragonite|Dragon Dance|p2a: Dragonite
|-boost|p2a: Dragonite|atk|1
|-boost|p2a: Dragonite|spe|1
|
|turn|12
|
|move|p2a: Dragonite|Earthquake|p1a: Azumarill
|-damage|p1a: Azumarill|0 fnt
|faint|p1a: Azumarill
|
|
|switch|p1a: Landorus-Therian|Landorus-Therian, M|247\/319
|-damage|p1a: Landorus-Therian|208\/319|[from] Stealth Rock
|-ability|p1a: Landorus-Therian|Intimidate|[of] p2a: Dragonite
|-unboost|p2a: Dragonite|atk|1
|turn|13
|
|move|p1a: Landorus-Therian|Stone Edge|p2a: Dragonite
|-supereffective|p2a: Dragonite
|-damage|p2a: Dragonite|22\/324
|-enditem|p2a: Dragonite|Weakness Policy
|-boost|p2a: Dragonite|atk|2|[from] item: Weakness Policy
|-boost|p2a: Dragonite|spa|2|[from] item: Weakness Policy
|move|p2a: Dragonite|Dragon Claw|p1a: Landorus-Therian
|-damage|p1a: Landorus-Therian|0 fnt
|faint|p1a: Landorus-Therian
|
|
|switch|p1a: Manectric|Manectric-Mega, M|246\/281
|-damage|p1a: Manectric|211\/281|[from] Stealth Rock
|-ability|p1a: Manectric|Intimidate|[of] p2a: Dragonite
|-unboost|p2a: Dragonite|atk|1
|turn|14
|
|switch|p1a: Garchomp|Garchomp, M|256\/357
|-damage|p1a: Garchomp|234\/357|[from] Stealth Rock
|move|p2a: Dragonite|Dragon Claw|p1a: Garchomp
|-supereffective|p1a: Garchomp
|-damage|p1a: Garchomp|0 fnt
|-damage|p2a: Dragonite|0 fnt|[from] ability: Rough Skin|[of] p1a: Garchomp
|faint|p2a: Dragonite
|faint|p1a: Garchomp
|
|
|switch|p1a: Gengar|Gengar, F|261\/261
|switch|p2a: Landorus-Therian|Landorus-Therian, M, shiny|280\/320
|-damage|p1a: Gengar|229\/261|[from] Stealth Rock
|-ability|p2a: Landorus-Therian|Intimidate|[of] p1a: Gengar
|-unboost|p1a: Gengar|atk|1
|turn|15
|
|switch|p1a: Manectric|Manectric-Mega, M|211\/281
|-damage|p1a: Manectric|176\/281|[from] Stealth Rock
|-ability|p1a: Manectric|Intimidate|[of] p2a: Landorus-Therian
|-unboost|p2a: Landorus-Therian|atk|1
|move|p2a: Landorus-Therian|Knock Off|p1a: Manectric
|-damage|p1a: Manectric|113\/281
|
|turn|16
|
|move|p1a: Manectric|Thunderbolt|p2a: Landorus-Therian
|-immune|p2a: Landorus-Therian|[msg]
|move|p2a: Landorus-Therian|Earthquake|p1a: Manectric
|-supereffective|p1a: Manectric
|-damage|p1a: Manectric|0 fnt
|faint|p1a: Manectric
|
|
|switch|p1a: Crawdaunt|Crawdaunt, F|267\/267
|-damage|p1a: Crawdaunt|234\/267|[from] Stealth Rock
|turn|17
|
|move|p2a: Landorus-Therian|U-turn|p1a: Crawdaunt
|-supereffective|p1a: Crawdaunt
|-damage|p1a: Crawdaunt|86\/267
|
|switch|p2a: Sigilyph|Sigilyph, M|112\/330 brn
|move|p1a: Crawdaunt|Crabhammer|p2a: Sigilyph
|-crit|p2a: Sigilyph
|-damage|p2a: Sigilyph|0 fnt
|-damage|p1a: Crawdaunt|60\/267|[from] item: Life Orb
|faint|p2a: Sigilyph
|
|
|switch|p2a: Absol|Absol, M, shiny|272\/272
|turn|18
|
|detailschange|p2a: Absol|Absol-Mega, M, shiny
|-mega|p2a: Absol|Absol|Absolite
|move|p2a: Absol|Sucker Punch|p1a: Crawdaunt
|-resisted|p1a: Crawdaunt
|-damage|p1a: Crawdaunt|0 fnt
|faint|p1a: Crawdaunt
|
|-message|alexix22x forfeited.
|
|win|CyndaKillSH
|raw|Ladder updating...
|leave|alexix22x
|player|p1
|raw|alexix22x's rating: 1274 &rarr; <strong>1240<\/strong><br \/>(-34 for losing)
|raw|CyndaKillSH's rating: 1151 &rarr; <strong>1185<\/strong><br \/>(+34 for winning)