|join|CyndaKillSH
|join|Ephellie
|player|p1|CyndaKillSH|161
|player|p2|Ephellie|161
|gametype|doubles
|gen|6
|tier|Smogon Doubles
|rated
|clearpoke
|poke|p1|Chandelure, M, shiny
|poke|p1|Sylveon, M, shiny
|poke|p1|Scrafty, M, shiny
|poke|p1|Bisharp, M, shiny
|poke|p1|Ampharos, M, shiny
|poke|p1|Porygon2, shiny
|poke|p2|Gengar, M, shiny
|poke|p2|Whimsicott, M
|poke|p2|Rotom-Wash
|poke|p2|Talonflame, F
|poke|p2|Terrakion
|poke|p2|Chansey, F
|rule|Species Clause: Limit one of each PokÃ©mon
|rule|OHKO Clause: OHKO moves are banned
|rule|Moody Clause: Moody is banned
|rule|Evasion Abilities Clause: Evasion abilities are banned
|rule|Evasion Moves Clause: Evasion moves are banned
|rule|Endless Battle Clause: Forcing endless battles is banned
|rule|HP Percentage Mod: HP is shown in percentages
|teampreview
|c|âEphellie|glhf :)
|c|âCyndaKillSH|u2
|c|âCyndaKillSH|TerraCott *puke*
|
|start
|switch|p1a: Baggaid|Scrafty, M, shiny|329\/329
|switch|p1b: Lugulabre|Chandelure, M, shiny|324\/324
|switch|p2a: Gengar|Gengar, M, shiny|308\/308
|switch|p2b: Whimsicott|Whimsicott, M|261\/261
|-ability|p1a: Baggaid|Intimidate|[of] p2a: Gengar
|-unboost|p2a: Gengar|atk|1
|-ability|p1a: Baggaid|Intimidate|[of] p2b: Whimsicott
|-unboost|p2b: Whimsicott|atk|1
|turn|1
|
|detailschange|p2a: Gengar|Gengar-Mega, M, shiny
|-mega|p2a: Gengar|Gengar|Gengarite
|move|p2b: Whimsicott|Protect|p2b: Whimsicott
|-singleturn|p2b: Whimsicott|Protect
|move|p2a: Gengar|Protect|p2a: Gengar
|-singleturn|p2a: Gengar|Protect
|move|p1a: Baggaid|Fake Out|p2b: Whimsicott
|-activate|p2b: Whimsicott|Protect
|move|p1b: Lugulabre|Trick Room|p1b: Lugulabre
|-fieldstart|move: Trick Room|[of] p1b: Lugulabre
|
|turn|2
|
|move|p2b: Whimsicott|Encore|p1a: Baggaid
|-start|p1a: Baggaid|Encore
|move|p1a: Baggaid|Fake Out|p2b: Whimsicott
|-hint|Fake Out only works on your first turn out.
|-fail|p2b: Whimsicott
|move|p1b: Lugulabre|Heat Wave|p2a: Gengar
|-damage|p2a: Gengar|140\/308
|-supereffective|p2b: Whimsicott
|-enditem|p2b: Whimsicott|Focus Sash
|-damage|p2b: Whimsicott|1\/261
|move|p2a: Gengar|Shadow Ball|p1b: Lugulabre
|-supereffective|p1b: Lugulabre
|-enditem|p1b: Lugulabre|Focus Sash
|-damage|p1b: Lugulabre|1\/324
|
|turn|3
|
|move|p2b: Whimsicott|Protect|p2b: Whimsicott
|-singleturn|p2b: Whimsicott|Protect
|move|p2a: Gengar|Protect|p2a: Gengar
|-singleturn|p2a: Gengar|Protect
|move|p1a: Baggaid|Fake Out|p2a: Gengar
|-immune|p2a: Gengar|[msg]
|move|p1b: Lugulabre|Heat Wave|p2b: Whimsicott
|-activate|p2a: Gengar|Protect
|-activate|p2b: Whimsicott|Protect
|
|turn|4
|
|switch|p2b: Talonflame|Talonflame, F|298\/298
|switch|p2a: Rotom-Wash|Rotom-Wash|304\/304
|move|p1a: Baggaid|Fake Out|p2a: Rotom-Wash
|-hint|Fake Out only works on your first turn out.
|-fail|p2a: Rotom-Wash
|move|p1b: Lugulabre|Heat Wave|p2a: Rotom-Wash
|-resisted|p2a: Rotom-Wash
|-damage|p2a: Rotom-Wash|238\/304
|-status|p2a: Rotom-Wash|brn
|-resisted|p2b: Talonflame
|-damage|p2b: Talonflame|189\/298
|
|-damage|p2a: Rotom-Wash|200\/304 brn|[from] brn
|-end|p1a: Baggaid|Encore
|turn|5
|
|switch|p1a: Scalproie|Bisharp, M, shiny|301\/301
|switch|p1b: Porygon2|Porygon2, shiny|374\/374
|-boost|p1b: Porygon2|spa|1|[from] ability: Download
|move|p2b: Talonflame|Brave Bird|p1b: Porygon2
|-damage|p1b: Porygon2|228\/374
|-damage|p2b: Talonflame|141\/298|[from] recoil|[of] p1b: Porygon2
|-damage|p2b: Talonflame|112\/298|[from] item: Life Orb
|move|p2a: Rotom-Wash|Will-O-Wisp|p1a: Scalproie
|-status|p1a: Scalproie|brn
|
|-damage|p1a: Scalproie|264\/301 brn|[from] brn
|-damage|p2a: Rotom-Wash|162\/304 brn|[from] brn
|-fieldend|move: Trick Room
|turn|6
|
|switch|p1a: Baggaid|Scrafty, M, shiny|329\/329
|-ability|p1a: Baggaid|Intimidate|[of] p2a: Rotom-Wash
|-unboost|p2a: Rotom-Wash|atk|1
|-ability|p1a: Baggaid|Intimidate|[of] p2b: Talonflame
|-unboost|p2b: Talonflame|atk|1
|move|p2a: Rotom-Wash|Protect|p2a: Rotom-Wash
|-singleturn|p2a: Rotom-Wash|Protect
|move|p2b: Talonflame|Flare Blitz|p1a: Baggaid
|-damage|p1a: Baggaid|216\/329
|-damage|p2b: Talonflame|75\/298|[from] recoil|[of] p1a: Baggaid
|-damage|p2b: Talonflame|46\/298|[from] item: Life Orb
|move|p1b: Porygon2|Trick Room|p1b: Porygon2
|-fieldstart|move: Trick Room|[of] p1b: Porygon2
|
|-damage|p2a: Rotom-Wash|124\/304 brn|[from] brn
|-enditem|p2a: Rotom-Wash|Sitrus Berry|[eat]
|-heal|p2a: Rotom-Wash|200\/304 brn|[from] item: Sitrus Berry
|turn|7
|
|move|p1a: Baggaid|Fake Out|p2b: Talonflame
|-damage|p2b: Talonflame|0 fnt
|faint|p2b: Talonflame
|move|p1b: Porygon2|Psychic|p2a: Rotom-Wash
|-damage|p2a: Rotom-Wash|78\/304 brn
|move|p2a: Rotom-Wash|Will-O-Wisp|p1a: Baggaid
|-status|p1a: Baggaid|brn
|
|-damage|p1a: Baggaid|175\/329 brn|[from] brn
|-damage|p2a: Rotom-Wash|40\/304 brn|[from] brn
|
|switch|p2b: Terrakion|Terrakion|323\/323
|turn|8
|
|move|p2a: Rotom-Wash|Protect|p2a: Rotom-Wash
|-singleturn|p2a: Rotom-Wash|Protect
|move|p1a: Baggaid|Knock Off|p2a: Rotom-Wash
|-activate|p2a: Rotom-Wash|Protect
|move|p1b: Porygon2|Psychic|p2b: Terrakion
|-supereffective|p2b: Terrakion
|-damage|p2b: Terrakion|21\/323
|move|p2b: Terrakion|Sacred Sword|p1a: Baggaid
|-supereffective|p1a: Baggaid
|-damage|p1a: Baggaid|0 fnt
|faint|p1a: Baggaid
|
|-damage|p2a: Rotom-Wash|2\/304 brn|[from] brn
|
|switch|p1a: Nymphali|Sylveon, M, shiny|357\/357
|turn|9
|c|âEphellie|hyper voice pixilate sylveon? lol
|
|switch|p1b: Scalproie|Bisharp, M, shiny|264\/301 brn
|move|p1a: Nymphali|Hyper Voice|p2b: Terrakion
|-damage|p2a: Rotom-Wash|0 fnt
|-supereffective|p2b: Terrakion
|-damage|p2b: Terrakion|0 fnt
|faint|p2a: Rotom-Wash
|faint|p2b: Terrakion
|
|-damage|p1b: Scalproie|227\/301 brn|[from] brn
|c|âEphellie|lol
|c|âCyndaKillSH|*Specs
|
|switch|p2b: Whimsicott|Whimsicott, M|1\/261
|switch|p2a: Gengar|Gengar-Mega, M, shiny|140\/308
|turn|10
|
|move|p2b: Whimsicott|Protect|p2b: Whimsicott
|-singleturn|p2b: Whimsicott|Protect
|move|p2a: Gengar|Protect|p2a: Gengar
|-singleturn|p2a: Gengar|Protect
|move|p1a: Nymphali|Hyper Voice|p2b: Whimsicott
|-activate|p2a: Gengar|Protect
|-activate|p2b: Whimsicott|Protect
|move|p1b: Scalproie|Knock Off|p2a: Gengar
|-activate|p2a: Gengar|Protect
|
|-damage|p1b: Scalproie|190\/301 brn|[from] brn
|-fieldend|move: Trick Room
|turn|11
|
|move|p1b: Scalproie|Sucker Punch|p2a: Gengar
|-fail|p2a: Gengar
|move|p2a: Gengar|Disable|p1a: Nymphali
|-start|p1a: Nymphali|Disable|Hyper Voice
|move|p2b: Whimsicott|Moonblast|p1b: Scalproie
|-damage|p1b: Scalproie|46\/301 brn
|cant|p1a: Nymphali|Disable|Hyper Voice
|
|-damage|p1b: Scalproie|9\/301 brn|[from] brn
|turn|12
|
|move|p2b: Whimsicott|Protect|p2b: Whimsicott
|-singleturn|p2b: Whimsicott|Protect
|move|p2a: Gengar|Protect|p2a: Gengar
|-singleturn|p2a: Gengar|Protect
|move|p1b: Scalproie|Sucker Punch|p2a: Gengar
|-fail|p2a: Gengar
|move|p1a: Nymphali|Struggle|p2b: Whimsicott
|-activate|p2b: Whimsicott|Protect
|
|-damage|p1b: Scalproie|0 fnt|[from] brn
|faint|p1b: Scalproie
|
|switch|p1b: Pharamp|Ampharos, M, shiny|384\/384
|turn|13
|
|detailschange|p1b: Pharamp|Ampharos-Mega, M, shiny
|-mega|p1b: Pharamp|Ampharos|Ampharosite
|-ability|p1b: Pharamp|Mold Breaker
|move|p2a: Gengar|Sludge Bomb|p1a: Nymphali
|-supereffective|p1a: Nymphali
|-damage|p1a: Nymphali|67\/357
|-status|p1a: Nymphali|psn
|move|p2b: Whimsicott|Moonblast|p1b: Pharamp
|-supereffective|p1b: Pharamp
|-damage|p1b: Pharamp|168\/384
|move|p1a: Nymphali|Struggle|p2b: Whimsicott
|-damage|p2b: Whimsicott|0 fnt
|-damage|p1a: Nymphali|0 fnt
|faint|p2b: Whimsicott
|faint|p1a: Nymphali
|move|p1b: Pharamp|Volt Switch|p2a: Gengar
|-damage|p2a: Gengar|0 fnt
|faint|p2a: Gengar
|c|âEphellie|gg haha
|
|switch|p1b: Porygon2|Porygon2, shiny|228\/374
|
|c|âCyndaKillSH|take that
|c|âCyndaKillSH|gg
|
|switch|p2b: Chansey|Chansey, F|703\/703
|switch|p1a: Pharamp|Ampharos-Mega, M, shiny|168\/384
|-ability|p1a: Pharamp|Mold Breaker
|turn|14
|
|move|p2b: Chansey|Toxic|p1a: Pharamp
|-status|p1a: Pharamp|tox
|move|p1a: Pharamp|Electric Terrain|p1a: Pharamp
|-fieldstart|move: Electric Terrain
|move|p1b: Porygon2|Trick Room|p1b: Porygon2
|-fieldstart|move: Trick Room|[of] p1b: Porygon2
|
|-damage|p1a: Pharamp|144\/384 tox|[from] psn
|turn|15
|c|âCyndaKillSH|c'mon
|
|move|p1a: Pharamp|Thunderbolt|p2b: Chansey
|-damage|p2b: Chansey|516\/703
|move|p1b: Porygon2|Psychic|p2b: Chansey
|-damage|p2b: Chansey|465\/703
|move|p2b: Chansey|Toxic|p1b: Porygon2|[miss]
|-miss|p2b: Chansey|p1b: Porygon2
|
|-damage|p1a: Pharamp|96\/384 tox|[from] psn
|turn|16
|
|move|p1a: Pharamp|Volt Switch|p2b: Chansey
|-damage|p2b: Chansey|335\/703
|
|switch|p1a: Lugulabre|Chandelure, M, shiny|1\/324
|move|p1b: Porygon2|Psychic|p2b: Chansey
|-damage|p2b: Chansey|284\/703
|move|p2b: Chansey|Toxic|p1b: Porygon2
|-status|p1b: Porygon2|tox
|
|-damage|p1b: Porygon2|205\/374 tox|[from] psn
|turn|17
|
|move|p2b: Chansey|Protect|p2b: Chansey
|-singleturn|p2b: Chansey|Protect
|move|p1b: Porygon2|Psychic|p2b: Chansey
|-activate|p2b: Chansey|Protect
|move|p1a: Lugulabre|Heat Wave|p2b: Chansey
|-activate|p2b: Chansey|Protect
|
|-damage|p1b: Porygon2|159\/374 tox|[from] psn
|turn|18
|
|move|p1b: Porygon2|Recover|p1b: Porygon2
|-heal|p1b: Porygon2|346\/374 tox
|move|p2b: Chansey|Soft-Boiled|p2b: Chansey
|-heal|p2b: Chansey|636\/703
|move|p1a: Lugulabre|Heat Wave|p2b: Chansey
|-damage|p2b: Chansey|510\/703
|
|-damage|p1b: Porygon2|277\/374 tox|[from] psn
|-fieldend|move: Electric Terrain
|-fieldend|move: Trick Room
|turn|19
|
|move|p1a: Lugulabre|Heat Wave|p2b: Chansey
|-damage|p2b: Chansey|396\/703
|move|p2b: Chansey|Toxic|p1a: Lugulabre
|-status|p1a: Lugulabre|tox
|move|p1b: Porygon2|Trick Room|p1b: Porygon2
|-fieldstart|move: Trick Room|[of] p1b: Porygon2
|
|-damage|p1b: Porygon2|185\/374 tox|[from] psn
|-damage|p1a: Lugulabre|0 fnt|[from] psn
|faint|p1a: Lugulabre
|
|switch|p1a: Pharamp|Ampharos-Mega, M, shiny|96\/384 tox
|-ability|p1a: Pharamp|Mold Breaker
|turn|20
|
|move|p1a: Pharamp|Electric Terrain|p1a: Pharamp
|-fieldstart|move: Electric Terrain
|move|p1b: Porygon2|Psychic|p2b: Chansey
|-damage|p2b: Chansey|341\/703
|move|p2b: Chansey|Soft-Boiled|p2b: Chansey
|-heal|p2b: Chansey|693\/703
|
|-damage|p1a: Pharamp|72\/384 tox|[from] psn
|-damage|p1b: Porygon2|70\/374 tox|[from] psn
|turn|21
|
|move|p2b: Chansey|Protect|p2b: Chansey
|-singleturn|p2b: Chansey|Protect
|move|p1a: Pharamp|Thunderbolt|p2b: Chansey
|-activate|p2b: Chansey|Protect
|move|p1b: Porygon2|Recover|p1b: Porygon2
|-heal|p1b: Porygon2|257\/374 tox
|
|-damage|p1a: Pharamp|24\/384 tox|[from] psn
|-damage|p1b: Porygon2|119\/374 tox|[from] psn
|turn|22
|c|âCyndaKillSH|ok
|
|move|p1a: Pharamp|Thunderbolt|p2b: Chansey
|-damage|p2b: Chansey|495\/703
|move|p1b: Porygon2|Ice Beam|p2b: Chansey
|-damage|p2b: Chansey|443\/703
|move|p2b: Chansey|Seismic Toss|p1a: Pharamp
|-damage|p1a: Pharamp|0 fnt
|faint|p1a: Pharamp
|
|-damage|p1b: Porygon2|0 fnt|[from] psn
|faint|p1b: Porygon2
|
|win|Ephellie
|raw|Ladder updating...
|raw|CyndaKillSH's rating: 1520 &rarr; <strong>1486<\/strong><br \/>(-34 for losing)
|raw|Ephellie's rating: 1208 &rarr; <strong>1251<\/strong><br \/>(+43 for winning)
|leave|CyndaKillSH
|c|âEphellie|gg
|player|p1