|join|CyndaKillSH
|join|AsherNoel
|player|p1|CyndaKillSH|161
|player|p2|AsherNoel|293
|gametype|doubles
|gen|6
|tier|Smogon Doubles
|rated
|clearpoke
|poke|p1|Chandelure, M, shiny
|poke|p1|Sylveon, M, shiny
|poke|p1|Scrafty, M, shiny
|poke|p1|Bisharp, M, shiny
|poke|p1|Ampharos, M, shiny
|poke|p1|Porygon2, shiny
|poke|p2|Kangaskhan, F
|poke|p2|Amoonguss, M
|poke|p2|Landorus-Therian, M
|poke|p2|Zapdos, shiny
|poke|p2|Heatran, M
|poke|p2|Talonflame, M
|rule|Species Clause: Limit one of each PokÃ©mon
|rule|OHKO Clause: OHKO moves are banned
|rule|Moody Clause: Moody is banned
|rule|Evasion Abilities Clause: Evasion abilities are banned
|rule|Evasion Moves Clause: Evasion moves are banned
|rule|Endless Battle Clause: Forcing endless battles is banned
|rule|HP Percentage Mod: HP is shown in percentages
|teampreview
|
|start
|switch|p1a: Baggaid|Scrafty, M, shiny|329\/329
|switch|p1b: Lugulabre|Chandelure, M, shiny|324\/324
|switch|p2a: Kangaskhan|Kangaskhan, F|351\/351
|switch|p2b: Amoonguss|Amoonguss, M|432\/432
|-ability|p1a: Baggaid|Intimidate|[of] p2a: Kangaskhan
|-unboost|p2a: Kangaskhan|atk|1
|-ability|p1a: Baggaid|Intimidate|[of] p2b: Amoonguss
|-unboost|p2b: Amoonguss|atk|1
|turn|1
|
|move|p2a: Kangaskhan|Fake Out|p1b: Lugulabre
|-immune|p1b: Lugulabre|[msg]
|move|p1a: Baggaid|Fake Out|p2b: Amoonguss
|-damage|p2b: Amoonguss|379\/432
|move|p1b: Lugulabre|Heat Wave|p2b: Amoonguss
|-miss|p1b: Lugulabre|p2a: Kangaskhan
|-supereffective|p2b: Amoonguss
|-damage|p2b: Amoonguss|139\/432
|-status|p2b: Amoonguss|brn
|cant|p2b: Amoonguss|flinch
|
|-heal|p2b: Amoonguss|166\/432 brn|[from] item: Black Sludge
|-damage|p2b: Amoonguss|112\/432 brn|[from] brn
|turn|2
|c|âAsherNoel|omf
|
|switch|p2b: Heatran|Heatran, M|385\/385
|detailschange|p2a: Kangaskhan|Kangaskhan-Mega, F
|-mega|p2a: Kangaskhan|Kangaskhan|Kangaskhanite
|move|p2a: Kangaskhan|Sucker Punch|p1b: Lugulabre
|-fail|p1b: Lugulabre
|move|p1a: Baggaid|Ice Punch|p2b: Heatran
|-resisted|p2b: Heatran
|-damage|p2b: Heatran|368\/385
|move|p1b: Lugulabre|Trick Room|p1b: Lugulabre
|-fieldstart|move: Trick Room|[of] p1b: Lugulabre
|
|turn|3
|
|switch|p1b: Pharamp|Ampharos, M, shiny|384\/384
|move|p1a: Baggaid|Drain Punch|p2a: Kangaskhan
|-supereffective|p2a: Kangaskhan
|-damage|p2a: Kangaskhan|141\/351
|move|p2b: Heatran|Earth Power|p1b: Pharamp
|-supereffective|p1b: Pharamp
|-damage|p1b: Pharamp|124\/384
|move|p2a: Kangaskhan|Power-Up Punch|p1a: Baggaid
|-supereffective|p1a: Baggaid
|-damage|p1a: Baggaid|277\/329
|-boost|p2a: Kangaskhan|atk|1
|-supereffective|p1a: Baggaid
|-damage|p1a: Baggaid|231\/329
|-boost|p2a: Kangaskhan|atk|1
|-hitcount|p1a: Baggaid|2
|
|turn|4
|
|detailschange|p1b: Pharamp|Ampharos-Mega, M, shiny
|-mega|p1b: Pharamp|Ampharos|Ampharosite
|-ability|p1b: Pharamp|Mold Breaker
|move|p2a: Kangaskhan|Sucker Punch|p1b: Pharamp
|-fail|p1b: Pharamp
|move|p1b: Pharamp|Electric Terrain|p1b: Pharamp
|-fieldstart|move: Electric Terrain
|move|p1a: Baggaid|Drain Punch|p2a: Kangaskhan
|-supereffective|p2a: Kangaskhan
|-damage|p2a: Kangaskhan|0 fnt
|-heal|p1a: Baggaid|302\/329|[from] drain|[of] p2a: Kangaskhan
|faint|p2a: Kangaskhan
|move|p2b: Heatran|Heat Wave|p1b: Pharamp
|-damage|p1a: Baggaid|178\/329
|-resisted|p1b: Pharamp
|-damage|p1b: Pharamp|64\/384
|-status|p1b: Pharamp|brn
|
|-damage|p1b: Pharamp|16\/384 brn|[from] brn
|
|switch|p2a: Talonflame|Talonflame, M|309\/309
|turn|5
|
|move|p2a: Talonflame|Brave Bird|p1a: Baggaid
|-supereffective|p1a: Baggaid
|-damage|p1a: Baggaid|0 fnt
|-damage|p2a: Talonflame|250\/309|[from] recoil|[of] p1a: Baggaid
|-damage|p2a: Talonflame|220\/309|[from] item: Life Orb
|faint|p1a: Baggaid
|move|p1b: Pharamp|Thunderbolt|p2a: Talonflame
|-supereffective|p2a: Talonflame
|-damage|p2a: Talonflame|0 fnt
|faint|p2a: Talonflame
|move|p2b: Heatran|Ancient Power|p1b: Pharamp
|-damage|p1b: Pharamp|0 fnt
|faint|p1b: Pharamp
|
|
|switch|p1b: Scalproie|Bisharp, M, shiny|301\/301
|switch|p1a: Nymphali|Sylveon, M, shiny|357\/357
|switch|p2a: Amoonguss|Amoonguss, M|256\/432 brn
|turn|6
|
|move|p2a: Amoonguss|Spore|p1a: Nymphali
|-fail|p1a: Nymphali
|move|p1a: Nymphali|Hidden Power|p2b: Heatran
|-supereffective|p2b: Heatran
|-damage|p2b: Heatran|0 fnt
|faint|p2b: Heatran
|move|p1b: Scalproie|Brick Break|p2a: Amoonguss
|-resisted|p2a: Amoonguss
|-damage|p2a: Amoonguss|196\/432 brn
|
|-heal|p2a: Amoonguss|223\/432 brn|[from] item: Black Sludge
|-damage|p2a: Amoonguss|169\/432 brn|[from] brn
|-fieldend|move: Trick Room
|c|âAsherNoel|btw I went
|c|âCyndaKillSH|!data electric terrain
|c|~|\/data-move Electric Terrain

|c|âCyndaKillSH|;)
|
|switch|p2b: Zapdos|Zapdos, shiny|321\/321
|-ability|p2b: Zapdos|Pressure
|turn|7
|c|âAsherNoel|that's a nice set
|c|âAsherNoel|how much stronger?
|
|move|p2a: Amoonguss|Protect|p2a: Amoonguss
|-singleturn|p2a: Amoonguss|Protect
|move|p2b: Zapdos|Heat Wave|p1a: Nymphali
|-damage|p1a: Nymphali|293\/357
|-supereffective|p1b: Scalproie
|-damage|p1b: Scalproie|115\/301
|move|p1b: Scalproie|Knock Off|p2b: Zapdos
|-damage|p2b: Zapdos|111\/321
|-enditem|p2b: Zapdos|Choice Scarf|[from] move: Knock Off|[of] p1b: Scalproie
|move|p1a: Nymphali|Hidden Power|p2a: Amoonguss
|-activate|p2a: Amoonguss|Protect
|
|-heal|p2a: Amoonguss|196\/432 brn|[from] item: Black Sludge
|-damage|p2a: Amoonguss|142\/432 brn|[from] brn
|turn|8
|c|âAsherNoel|like..1.5
|c|âCyndaKillSH|50%
|c|âCyndaKillSH|1,5, yeah
|
|switch|p2a: Landorus-Therian|Landorus-Therian, M|319\/319
|-ability|p2a: Landorus-Therian|Intimidate|[of] p1a: Nymphali
|-unboost|p1a: Nymphali|atk|1
|-ability|p2a: Landorus-Therian|Intimidate|[of] p1b: Scalproie
|-unboost|p1b: Scalproie|atk|1
|-boost|p1b: Scalproie|atk|2|[from] ability: Defiant
|move|p1b: Scalproie|Sucker Punch|p2b: Zapdos
|-damage|p2b: Zapdos|0 fnt
|faint|p2b: Zapdos
|move|p1a: Nymphali|Hidden Power|p2a: Landorus-Therian
|-immune|p2a: Landorus-Therian|[msg]
|
|-fieldend|move: Electric Terrain
|c|âAsherNoel|That's really cool
|c|âCyndaKillSH|yup
|c|âAsherNoel|ah
|c|âAsherNoel|gg
|
|switch|p2b: Amoonguss|Amoonguss, M|286\/432 brn
|turn|9
|c|âCyndaKillSH|I had no interesting move to put in the 4th slot... I saw that and now I think it's the strongest move on Amphy
|c|âCyndaKillSH|gg
|
|move|p2b: Amoonguss|Protect|p2b: Amoonguss
|-singleturn|p2b: Amoonguss|Protect
|move|p1b: Scalproie|Sucker Punch|p2a: Landorus-Therian
|-damage|p2a: Landorus-Therian|61\/319
|move|p2a: Landorus-Therian|Earthquake|p1b: Scalproie
|-activate|p2b: Amoonguss|Protect
|-damage|p1a: Nymphali|115\/357
|-supereffective|p1b: Scalproie
|-damage|p1b: Scalproie|0 fnt
|faint|p1b: Scalproie
|move|p1a: Nymphali|Hidden Power|p2b: Amoonguss
|-activate|p2b: Amoonguss|Protect
|
|-heal|p2b: Amoonguss|313\/432 brn|[from] item: Black Sludge
|-damage|p2b: Amoonguss|259\/432 brn|[from] brn
|
|switch|p1b: Lugulabre|Chandelure, M, shiny|324\/324
|turn|10
|
|move|p2a: Landorus-Therian|Earthquake|p1b: Lugulabre
|-damage|p2b: Amoonguss|78\/432 brn
|-damage|p1a: Nymphali|0 fnt
|-supereffective|p1b: Lugulabre
|-enditem|p1b: Lugulabre|Focus Sash
|-damage|p1b: Lugulabre|1\/324
|faint|p1a: Nymphali
|move|p1b: Lugulabre|Heat Wave|p2b: Amoonguss
|-damage|p2a: Landorus-Therian|0 fnt
|-miss|p1b: Lugulabre|p2b: Amoonguss
|faint|p2a: Landorus-Therian
|move|p2b: Amoonguss|Spore|p1b: Lugulabre
|-status|p1b: Lugulabre|slp
|
|-heal|p2b: Amoonguss|105\/432 brn|[from] item: Black Sludge
|-damage|p2b: Amoonguss|51\/432 brn|[from] brn
|
|switch|p1a: Porygon2|Porygon2, shiny|374\/374
|-boost|p1a: Porygon2|atk|1|[from] ability: Download
|turn|11
|
|cant|p1b: Lugulabre|slp
|move|p1a: Porygon2|Ice Beam|p2b: Amoonguss
|-supereffective|p2b: Amoonguss
|-damage|p2b: Amoonguss|0 fnt
|faint|p2b: Amoonguss
|
|win|CyndaKillSH
|raw|Ladder updating...
|raw|CyndaKillSH's rating: 1519 &rarr; <strong>1537<\/strong><br \/>(+18 for winning)
|raw|AsherNoel's rating: 1485 &rarr; <strong>1467<\/strong><br \/>(-18 for losing)
|c|âAsherNoel|hope I don't lose like 30 points
|c|âAsherNoel|18
|c|âAsherNoel|cool
|c|âAsherNoel|cya around!
|c|âCyndaKillSH|+18 :o
|c|âCyndaKillSH|cya
|leave|AsherNoel
|player|p2