|join|CyndaKillSH
|join|Cyco Vision
|player|p1|CyndaKillSH|161
|player|p2|Cyco Vision|294
|gametype|doubles
|gen|6
|tier|Smogon Doubles
|rated
|clearpoke
|poke|p1|Chandelure, M, shiny
|poke|p1|Sylveon, M, shiny
|poke|p1|Scrafty, M, shiny
|poke|p1|Bisharp, M, shiny
|poke|p1|Ampharos, M, shiny
|poke|p1|Porygon2, shiny
|poke|p2|Zapdos
|poke|p2|Azumarill, M
|poke|p2|Landorus-Therian, M
|poke|p2|Kangaskhan, F
|poke|p2|Heatran, M
|poke|p2|Togekiss, M
|rule|Species Clause: Limit one of each PokÃ©mon
|rule|OHKO Clause: OHKO moves are banned
|rule|Moody Clause: Moody is banned
|rule|Evasion Abilities Clause: Evasion abilities are banned
|rule|Evasion Moves Clause: Evasion moves are banned
|rule|Endless Battle Clause: Forcing endless battles is banned
|rule|HP Percentage Mod: HP is shown in percentages
|teampreview
|
|start
|switch|p1a: Baggaid|Scrafty, M, shiny|329\/329
|switch|p1b: Lugulabre|Chandelure, M, shiny|324\/324
|switch|p2a: Azumarill|Azumarill, M|402\/402
|switch|p2b: Togekiss|Togekiss, M|374\/374
|-ability|p1a: Baggaid|Intimidate|[of] p2a: Azumarill
|-unboost|p2a: Azumarill|atk|1
|-ability|p1a: Baggaid|Intimidate|[of] p2b: Togekiss
|-unboost|p2b: Togekiss|atk|1
|turn|1
|
|move|p2a: Azumarill|Protect|p2a: Azumarill
|-singleturn|p2a: Azumarill|Protect
|move|p1a: Baggaid|Fake Out|p2b: Togekiss
|-damage|p2b: Togekiss|338\/374
|cant|p2b: Togekiss|flinch
|move|p1b: Lugulabre|Trick Room|p1b: Lugulabre
|-fieldstart|move: Trick Room|[of] p1b: Lugulabre
|
|turn|2
|
|move|p2b: Togekiss|Follow Me|p2b: Togekiss
|move|p1a: Baggaid|Ice Punch|p2b: Togekiss
|-supereffective|p2b: Togekiss
|-damage|p2b: Togekiss|204\/374
|move|p2a: Azumarill|Belly Drum|p2a: Azumarill
|-damage|p2a: Azumarill|201\/402
|-setboost|p2a: Azumarill|atk|6|[from] move: Belly Drum
|-enditem|p2a: Azumarill|Sitrus Berry|[eat]
|-heal|p2a: Azumarill|301\/402|[from] item: Sitrus Berry
|move|p1b: Lugulabre|Shadow Ball|p2a: Azumarill
|-damage|p2b: Togekiss|80\/374
|
|turn|3
|
|move|p2a: Azumarill|Protect|p2a: Azumarill
|-singleturn|p2a: Azumarill|Protect
|move|p2b: Togekiss|Protect|p2b: Togekiss
|-singleturn|p2b: Togekiss|Protect
|move|p1a: Baggaid|Ice Punch|p2b: Togekiss
|-activate|p2b: Togekiss|Protect
|move|p1b: Lugulabre|Energy Ball|p2a: Azumarill
|-activate|p2a: Azumarill|Protect
|
|turn|4
|
|move|p2b: Togekiss|Follow Me|p2b: Togekiss
|move|p2a: Azumarill|Aqua Jet|p1a: Baggaid
|-damage|p1a: Baggaid|26\/329
|move|p1a: Baggaid|Ice Punch|p2b: Togekiss
|-supereffective|p2b: Togekiss
|-damage|p2b: Togekiss|0 fnt
|faint|p2b: Togekiss
|move|p1b: Lugulabre|Shadow Ball|p2a: Azumarill
|-damage|p2a: Azumarill|82\/402
|-unboost|p2a: Azumarill|spd|1
|
|
|switch|p2b: Kangaskhan|Kangaskhan, F|401\/401
|turn|5
|
|detailschange|p2b: Kangaskhan|Kangaskhan-Mega, F
|-mega|p2b: Kangaskhan|Kangaskhan|Kangaskhanite
|move|p2b: Kangaskhan|Fake Out|p1a: Baggaid
|-damage|p1a: Baggaid|0 fnt
|-hitcount|p1a: Baggaid|1
|faint|p1a: Baggaid
|move|p2a: Azumarill|Aqua Jet|p1b: Lugulabre
|-supereffective|p1b: Lugulabre
|-enditem|p1b: Lugulabre|Focus Sash
|-damage|p1b: Lugulabre|1\/324
|move|p1b: Lugulabre|Heat Wave|p2b: Kangaskhan
|-resisted|p2a: Azumarill
|-damage|p2a: Azumarill|0 fnt
|-damage|p2b: Kangaskhan|251\/401
|faint|p2a: Azumarill
|
|-fieldend|move: Trick Room
|
|switch|p2a: Heatran|Heatran, M|374\/374
|switch|p1a: Scalproie|Bisharp, M, shiny|301\/301
|-item|p2a: Heatran|Air Balloon
|turn|6
|
|switch|p1a: Nymphali|Sylveon, M, shiny|357\/357
|move|p2b: Kangaskhan|Power-Up Punch|p1a: Nymphali
|-resisted|p1a: Nymphali
|-damage|p1a: Nymphali|328\/357
|-boost|p2b: Kangaskhan|atk|1
|-resisted|p1a: Nymphali
|-damage|p1a: Nymphali|307\/357
|-boost|p2b: Kangaskhan|atk|1
|-hitcount|p1a: Nymphali|2
|move|p2a: Heatran|Earth Power|p1b: Lugulabre
|-supereffective|p1b: Lugulabre
|-damage|p1b: Lugulabre|0 fnt
|faint|p1b: Lugulabre
|
|
|switch|p1b: Porygon2|Porygon2, shiny|374\/374
|-boost|p1b: Porygon2|spa|1|[from] ability: Download
|turn|7
|c|âCyndaKillSH|gg
|
|move|p2b: Kangaskhan|Return|p1a: Nymphali
|-damage|p1a: Nymphali|0 fnt
|-hitcount|p1a: Nymphali|1
|faint|p1a: Nymphali
|move|p2a: Heatran|Heat Wave|p1b: Porygon2
|-damage|p1b: Porygon2|253\/374
|move|p1b: Porygon2|Trick Room|p1b: Porygon2
|-fieldstart|move: Trick Room|[of] p1b: Porygon2
|
|c|âCyco Vision|gg
|c|âCyndaKillSH|Mom destroys my team
|
|switch|p1a: Pharamp|Ampharos, M, shiny|384\/384
|turn|8
|
|detailschange|p1a: Pharamp|Ampharos-Mega, M, shiny
|-mega|p1a: Pharamp|Ampharos|Ampharosite
|-ability|p1a: Pharamp|Mold Breaker
|move|p1a: Pharamp|Thunderbolt|p2b: Kangaskhan
|-damage|p2b: Kangaskhan|35\/401
|-status|p2b: Kangaskhan|par
|move|p1b: Porygon2|Psychic|p2b: Kangaskhan
|-damage|p2b: Kangaskhan|0 fnt
|faint|p2b: Kangaskhan
|move|p2a: Heatran|Heat Wave|p1b: Porygon2
|-resisted|p1a: Pharamp
|-damage|p1a: Pharamp|320\/384
|-damage|p1b: Porygon2|165\/374
|
|c|âCyndaKillSH|oO
|
|switch|p2b: Zapdos|Zapdos|384\/384
|-ability|p2b: Zapdos|Pressure
|turn|9
|
|move|p1a: Pharamp|Thunderbolt|p2a: Heatran
|-damage|p2a: Heatran|188\/374
|-enditem|p2a: Heatran|Air Balloon
|move|p1b: Porygon2|Ice Beam|p2a: Heatran
|-resisted|p2a: Heatran
|-damage|p2a: Heatran|154\/374
|move|p2a: Heatran|Earth Power|p1a: Pharamp
|-supereffective|p1a: Pharamp
|-damage|p1a: Pharamp|110\/384
|move|p2b: Zapdos|Hidden Power|p1a: Pharamp
|-supereffective|p1a: Pharamp
|-damage|p1a: Pharamp|0 fnt
|faint|p1a: Pharamp
|
|
|switch|p1a: Scalproie|Bisharp, M, shiny|301\/301
|turn|10
|
|move|p2a: Heatran|Protect|p2a: Heatran
|-singleturn|p2a: Heatran|Protect
|move|p1b: Porygon2|Ice Beam|p2b: Zapdos
|-supereffective|p2b: Zapdos
|-damage|p2b: Zapdos|84\/384
|-enditem|p2b: Zapdos|Sitrus Berry|[eat]
|-heal|p2b: Zapdos|180\/384|[from] item: Sitrus Berry
|move|p1a: Scalproie|Brick Break|p2a: Heatran
|-activate|p2a: Heatran|Protect
|move|p2b: Zapdos|Heat Wave|p1b: Porygon2
|-supereffective|p1a: Scalproie
|-damage|p1a: Scalproie|81\/301
|-damage|p1b: Porygon2|104\/374
|
|turn|11
|
|move|p1b: Porygon2|Ice Beam|p2b: Zapdos
|-supereffective|p2b: Zapdos
|-damage|p2b: Zapdos|0 fnt
|faint|p2b: Zapdos
|move|p1a: Scalproie|Brick Break|p2a: Heatran
|-crit|p2a: Heatran
|-supereffective|p2a: Heatran
|-damage|p2a: Heatran|0 fnt
|faint|p2a: Heatran
|
|-fieldend|move: Trick Room
|
|switch|p2b: Landorus-Therian|Landorus-Therian, M|320\/320
|-ability|p2b: Landorus-Therian|Intimidate|[of] p1a: Scalproie
|-unboost|p1a: Scalproie|atk|1
|-boost|p1a: Scalproie|atk|2|[from] ability: Defiant
|-ability|p2b: Landorus-Therian|Intimidate|[of] p1b: Porygon2
|-unboost|p1b: Porygon2|atk|1
|turn|12
|c|âCyndaKillSH|gg
|c|âCyco Vision|omg gg
|c|âCyndaKillSH|!calc
|raw|<div class="infobox">Pokemon Showdown! damage calculator. (Courtesy of Honko)<br \/>- <a href="https:\/\/pokemonshowdown.com\/damagecalc\/">Damage Calculator<\/a><\/div>
|c|âCyndaKillSH|252+ Atk Landorus-T Earthquake vs. 252 HP \/ 92 Def Eviolite Porygon2: 96-114 (25.6 - 30.4%) -- guaranteed 4HKO Close
|
|move|p1a: Scalproie|Sucker Punch|p2b: Landorus-Therian
|-damage|p2b: Landorus-Therian|53\/320
|move|p2b: Landorus-Therian|Earthquake|p1a: Scalproie
|-supereffective|p1a: Scalproie
|-damage|p1a: Scalproie|0 fnt
|-crit|p1b: Porygon2
|-damage|p1b: Porygon2|0 fnt
|-damage|p2b: Landorus-Therian|21\/320|[from] item: Life Orb
|faint|p1a: Scalproie
|faint|p1b: Porygon2
|
|win|Cyco Vision
|raw|Ladder updating...
|raw|CyndaKillSH's rating: 1486 &rarr; <strong>1472<\/strong><br \/>(-14 for losing)
|raw|Cyco Vision's rating: 1588 &rarr; <strong>1603<\/strong><br \/>(+15 for winning)
|c|âCyndaKillSH|Oh no, the crit XD
|c|âCyco Vision|LO xd
|c|âCyndaKillSH|So it didn't matter
|c|âCyco Vision|yes
|c|âCyndaKillSH|gg
|c|âCyco Vision|gg