|join|CyndaKillSH
|join|Caveira
|player|p1|CyndaKillSH|161
|player|p2|Caveira|156
|gametype|doubles
|gen|6
|tier|Smogon Doubles
|rated
|clearpoke
|poke|p1|Chandelure, M, shiny
|poke|p1|Sylveon, M, shiny
|poke|p1|Scrafty, M, shiny
|poke|p1|Bisharp, M, shiny
|poke|p1|Ampharos, M, shiny
|poke|p1|Porygon2, shiny
|poke|p2|Rotom-Wash
|poke|p2|Togekiss, F
|poke|p2|Thundurus, M
|poke|p2|Garchomp, M
|poke|p2|Scizor, F
|poke|p2|Keldeo
|rule|Species Clause: Limit one of each PokÃ©mon
|rule|OHKO Clause: OHKO moves are banned
|rule|Moody Clause: Moody is banned
|rule|Evasion Abilities Clause: Evasion abilities are banned
|rule|Evasion Moves Clause: Evasion moves are banned
|rule|Endless Battle Clause: Forcing endless battles is banned
|rule|HP Percentage Mod: HP is shown in percentages
|teampreview
|
|start
|switch|p1a: Baggaid|Scrafty, M, shiny|329\/329
|switch|p1b: Lugulabre|Chandelure, M, shiny|324\/324
|switch|p2a: Keldeo|Keldeo|329\/329
|switch|p2b: Thundurus|Thundurus, M|299\/299
|-ability|p1a: Baggaid|Intimidate|[of] p2a: Keldeo
|-unboost|p2a: Keldeo|atk|1
|-ability|p1a: Baggaid|Intimidate|[of] p2b: Thundurus
|-unboost|p2b: Thundurus|atk|1
|turn|1
|c|âCaveira|now
|c|âCaveira|to taunt or not
|c|âCaveira|Or I get a free shadow ball in the ass
|c|âCyndaKillSH|hard decision
|
|move|p2a: Keldeo|Quick Guard|p2a: Keldeo
|-singleturn|p2a: Keldeo|Quick Guard
|move|p1a: Baggaid|Fake Out|p2b: Thundurus
|-activate|p2b: Thundurus|Quick Guard
|move|p2b: Thundurus|Taunt|p1b: Lugulabre
|-start|p1b: Lugulabre|move: Taunt
|cant|p1b: Lugulabre|move: Taunt|Trick Room
|
|turn|2
|c|âCyndaKillSH|the same XD
|c|âCaveira|yeah
|
|move|p2b: Thundurus|Volt Switch|p1b: Lugulabre
|-damage|p1b: Lugulabre|201\/324
|
|switch|p2b: Scizor|Scizor, F|281\/281
|move|p2a: Keldeo|Scald|p1b: Lugulabre
|-supereffective|p1b: Lugulabre
|-damage|p1b: Lugulabre|0 fnt
|-damage|p2a: Keldeo|297\/329|[from] item: Life Orb
|faint|p1b: Lugulabre
|move|p1a: Baggaid|Knock Off|p2a: Keldeo
|-resisted|p2a: Keldeo
|-damage|p2a: Keldeo|216\/329
|-boost|p2a: Keldeo|atk|1|[from] ability: Justified
|-enditem|p2a: Keldeo|Life Orb|[from] move: Knock Off|[of] p1a: Baggaid
|
|
|switch|p1b: Pharamp|Ampharos, M, shiny|384\/384
|turn|3
|
|detailschange|p2b: Scizor|Scizor-Mega, F
|-mega|p2b: Scizor|Scizor|Scizorite
|detailschange|p1b: Pharamp|Ampharos-Mega, M, shiny
|-mega|p1b: Pharamp|Ampharos|Ampharosite
|-ability|p1b: Pharamp|Mold Breaker
|move|p2a: Keldeo|Secret Sword|p1b: Pharamp
|-damage|p1b: Pharamp|245\/384
|move|p2b: Scizor|Bug Bite|p1b: Pharamp
|-damage|p1b: Pharamp|44\/384
|move|p1a: Baggaid|Knock Off|p2b: Scizor
|-damage|p2b: Scizor|205\/281
|move|p1b: Pharamp|Thunderbolt|p2a: Keldeo
|-supereffective|p2a: Keldeo
|-damage|p2a: Keldeo|0 fnt
|faint|p2a: Keldeo
|
|
|switch|p2a: Togekiss|Togekiss, F|374\/374
|turn|4
|
|switch|p1b: Scalproie|Bisharp, M, shiny|301\/301
|move|p2b: Scizor|Swords Dance|p2b: Scizor
|-boost|p2b: Scizor|atk|2
|move|p2a: Togekiss|Dazzling Gleam|p1b: Scalproie
|-supereffective|p1a: Baggaid
|-enditem|p1a: Baggaid|Roseli Berry|[eat]
|-damage|p1a: Baggaid|195\/329
|-damage|p1b: Scalproie|214\/301
|move|p1a: Baggaid|Drain Punch|p2b: Scizor
|-damage|p2b: Scizor|124\/281
|-heal|p1a: Baggaid|236\/329|[from] drain|[of] p2b: Scizor
|
|turn|5
|
|move|p2b: Scizor|Bug Bite|p1a: Baggaid
|-crit|p1a: Baggaid
|-damage|p1a: Baggaid|0 fnt
|faint|p1a: Baggaid
|move|p2a: Togekiss|Flamethrower|p1b: Scalproie
|-supereffective|p1b: Scalproie
|-damage|p1b: Scalproie|42\/301
|move|p1b: Scalproie|Iron Head|p2a: Togekiss
|-supereffective|p2a: Togekiss
|-damage|p2a: Togekiss|96\/374
|-enditem|p2a: Togekiss|Sitrus Berry|[eat]
|-heal|p2a: Togekiss|189\/374|[from] item: Sitrus Berry
|
|
|switch|p1a: Porygon2|Porygon2, shiny|374\/374
|-boost|p1a: Porygon2|spa|1|[from] ability: Download
|turn|6
|
|move|p1b: Scalproie|Sucker Punch|p2b: Scizor
|-damage|p2b: Scizor|9\/281
|move|p2b: Scizor|Bug Bite|p1a: Porygon2
|-damage|p1a: Porygon2|118\/374
|move|p2a: Togekiss|Dazzling Gleam|p1b: Scalproie
|-damage|p1a: Porygon2|66\/374
|-damage|p1b: Scalproie|0 fnt
|faint|p1b: Scalproie
|move|p1a: Porygon2|Trick Room|p1a: Porygon2
|-fieldstart|move: Trick Room|[of] p1a: Porygon2
|
|
|switch|p1b: Pharamp|Ampharos-Mega, M, shiny|44\/384
|-ability|p1b: Pharamp|Mold Breaker
|turn|7
|
|move|p2a: Togekiss|Follow Me|p2a: Togekiss
|move|p2b: Scizor|Bullet Punch|p1b: Pharamp
|-resisted|p1b: Pharamp
|-damage|p1b: Pharamp|0 fnt
|faint|p1b: Pharamp
|move|p1a: Porygon2|Ice Beam|p2b: Scizor
|-supereffective|p2a: Togekiss
|-damage|p2a: Togekiss|0 fnt
|faint|p2a: Togekiss
|
|
|switch|p1b: Nymphali|Sylveon, M, shiny|357\/357
|switch|p2a: Rotom-Wash|Rotom-Wash|301\/301
|turn|8
|
|move|p2b: Scizor|Protect|p2b: Scizor
|-singleturn|p2b: Scizor|Protect
|move|p1a: Porygon2|Psychic|p2b: Scizor
|-activate|p2b: Scizor|Protect
|move|p1b: Nymphali|Hyper Voice|p2b: Scizor
|-damage|p2a: Rotom-Wash|100\/301
|-activate|p2b: Scizor|Protect
|move|p2a: Rotom-Wash|Thunderbolt|p1a: Porygon2
|-damage|p1a: Porygon2|0 fnt
|faint|p1a: Porygon2
|
|turn|9
|
|move|p2b: Scizor|Bullet Punch|p1b: Nymphali
|-supereffective|p1b: Nymphali
|-damage|p1b: Nymphali|0 fnt
|faint|p1b: Nymphali
|
|win|Caveira
|raw|Ladder updating...