|join|Mlle Noob
|join|Le-Hydra
|player|p1|Mlle Noob|289
|player|p2|Le-Hydra|124
|gametype|singles
|gen|6
|tier|UU
|rated
|rule|Sleep Clause Mod: Limit one foe put to sleep
|rule|Species Clause: Limit one of each PokÃ©mon
|rule|OHKO Clause: OHKO moves are banned
|rule|Moody Clause: Moody is banned
|rule|Evasion Moves Clause: Evasion moves are banned
|rule|Endless Battle Clause: Forcing endless battles is banned
|rule|HP Percentage Mod: HP is shown in percentages
|clearpoke
|poke|p1|Fletchinder, F, shiny
|poke|p1|Flygon, M
|poke|p1|Uxie
|poke|p1|Absol, M
|poke|p1|Donphan, F
|poke|p1|Raikou, shiny
|poke|p2|Hippowdon, M
|poke|p2|Blissey, F
|poke|p2|Tentacruel, M
|poke|p2|Chesnaught, M, shiny
|poke|p2|Goodra, M, shiny
|poke|p2|Aerodactyl, M
|rule|Swagger Clause: Swagger is banned
|rule|Baton Pass Clause: Limit one PokÃ©mon knowing Baton Pass
|teampreview
|
|start
|switch|p1a: D-Angelo|Absol, M|271\/271
|switch|p2a: PASTBLAST|Aerodactyl, M|302\/302
|-ability|p2a: PASTBLAST|Unnerve|p1: Mlle Noob
|turn|1
|
|detailschange|p2a: PASTBLAST|Aerodactyl-Mega, M
|message|Aerodactyl has Mega Evolved into Mega Aerodactyl!
|detailschange|p1a: D-Angelo|Absol-Mega, M
|message|Absol has Mega Evolved into Mega Absol!
|move|p1a: D-Angelo|Protect|p1a: D-Angelo
|-singleturn|p1a: D-Angelo|Protect
|move|p2a: PASTBLAST|Stone Edge|p1a: D-Angelo
|-activate|p1a: D-Angelo|Protect
|
|turn|2
|
|switch|p1a: Rodolfo|Donphan, F|384\/384
|move|p2a: PASTBLAST|Stone Edge|p1a: Rodolfo
|-crit|p1a: Rodolfo
|-resisted|p1a: Rodolfo
|-damage|p1a: Rodolfo|288\/384
|
|-heal|p1a: Rodolfo|312\/384|[from] item: Leftovers
|turn|3
|
|move|p1a: Rodolfo|Ice Shard|p2a: PASTBLAST
|-supereffective|p2a: PASTBLAST
|-damage|p2a: PASTBLAST|214\/302
|move|p2a: PASTBLAST|Ice Fang|p1a: Rodolfo
|-supereffective|p1a: Rodolfo
|-damage|p1a: Rodolfo|162\/384
|
|-heal|p1a: Rodolfo|186\/384|[from] item: Leftovers
|turn|4
|
|switch|p1a: Uzzi|Uxie|354\/354
|move|p2a: PASTBLAST|Ice Fang|p1a: Uzzi
|-damage|p1a: Uzzi|278\/354
|
|-heal|p1a: Uzzi|300\/354|[from] item: Leftovers
|turn|5
|
|switch|p2a: Grimace|Goodra, M, shiny|384\/384
|move|p1a: Uzzi|Yawn|p2a: Grimace
|-start|p2a: Grimace|move: Yawn|[of] p1a: Uzzi
|
|-heal|p1a: Uzzi|322\/354|[from] item: Leftovers
|turn|6
|
|switch|p2a: Wavey Davey|Tentacruel, M|361\/361
|move|p1a: Uzzi|Stealth Rock|p2a: Wavey Davey
|-sidestart|p2: Le-Hydra|move: Stealth Rock
|
|-heal|p1a: Uzzi|344\/354|[from] item: Leftovers
|turn|7
|
|move|p2a: Wavey Davey|Toxic Spikes|p1a: Uzzi
|-sidestart|p1: Mlle Noob|move: Toxic Spikes
|move|p1a: Uzzi|Knock Off|p2a: Wavey Davey
|-damage|p2a: Wavey Davey|304\/361
|-enditem|p2a: Wavey Davey|Black Sludge|[from] move: Knock Off|[of] p1a: Uzzi
|
|-heal|p1a: Uzzi|354\/354|[from] item: Leftovers
|turn|8
|
|move|p2a: Wavey Davey|Toxic Spikes|p1a: Uzzi
|-sidestart|p1: Mlle Noob|move: Toxic Spikes
|move|p1a: Uzzi|Yawn|p2a: Wavey Davey
|-start|p2a: Wavey Davey|move: Yawn|[of] p1a: Uzzi
|
|turn|9
|
|switch|p2a: Grimace|Goodra, M, shiny|384\/384
|-damage|p2a: Grimace|336\/384|[from] Stealth Rock
|move|p1a: Uzzi|Knock Off|p2a: Grimace
|-damage|p2a: Grimace|250\/384
|-enditem|p2a: Grimace|Assault Vest|[from] move: Knock Off|[of] p1a: Uzzi
|
|turn|10
|
|move|p1a: Uzzi|Yawn|p2a: Grimace
|-start|p2a: Grimace|move: Yawn|[of] p1a: Uzzi
|move|p2a: Grimace|Draco Meteor|p1a: Uzzi
|-damage|p1a: Uzzi|194\/354
|-unboost|p2a: Grimace|spa|2
|
|-heal|p1a: Uzzi|216\/354|[from] item: Leftovers
|turn|11
|
|switch|p2a: Don't judge me|Blissey, F|652\/652
|-damage|p2a: Don't judge me|571\/652|[from] Stealth Rock
|move|p1a: Uzzi|Yawn|p2a: Don't judge me
|-start|p2a: Don't judge me|move: Yawn|[of] p1a: Uzzi
|
|-heal|p1a: Uzzi|238\/354|[from] item: Leftovers
|-heal|p2a: Don't judge me|611\/652|[from] item: Leftovers
|turn|12
|
|move|p1a: Uzzi|Knock Off|p2a: Don't judge me
|-damage|p2a: Don't judge me|508\/652
|-enditem|p2a: Don't judge me|Leftovers|[from] move: Knock Off|[of] p1a: Uzzi
|move|p2a: Don't judge me|Wish|p2a: Don't judge me
|
|-status|p2a: Don't judge me|slp
|-heal|p1a: Uzzi|260\/354|[from] item: Leftovers
|turn|13
|
|switch|p2a: PASTBLAST|Aerodactyl-Mega, M|214\/302
|-damage|p2a: PASTBLAST|139\/302|[from] Stealth Rock
|move|p1a: Uzzi|Yawn|p2a: PASTBLAST
|-start|p2a: PASTBLAST|move: Yawn|[of] p1a: Uzzi
|
|-heal|p2a: PASTBLAST|302\/302|[from] move: Wish|[wisher] Don't judge me
|-heal|p1a: Uzzi|282\/354|[from] item: Leftovers
|turn|14
|
|switch|p2a: Wavey Davey|Tentacruel, M|304\/361
|-damage|p2a: Wavey Davey|259\/361|[from] Stealth Rock
|move|p1a: Uzzi|U-turn|p2a: Wavey Davey
|-resisted|p2a: Wavey Davey
|-damage|p2a: Wavey Davey|238\/361
|
|switch|p1a: Flygon|Flygon, M|301\/301
|
|turn|15
|
|switch|p2a: All for naught|Chesnaught, M, shiny|380\/380
|-damage|p2a: All for naught|357\/380|[from] Stealth Rock
|move|p1a: Flygon|U-turn|p2a: All for naught
|-damage|p2a: All for naught|315\/380
|-damage|p1a: Flygon|251\/301|[from] item: Rocky Helmet|[of] p2a: All for naught
|
|switch|p1a: 5|Fletchinder, F, shiny|327\/327
|
|turn|16
|
|switch|p2a: Hippower|Hippowdon, M|420\/420
|-damage|p2a: Hippower|394\/420|[from] Stealth Rock
|move|p1a: 5|Acrobatics|p2a: Hippower
|-damage|p2a: Hippower|306\/420
|
|-heal|p2a: Hippower|332\/420|[from] item: Leftovers
|turn|17
|
|switch|p1a: Rodolfo|Donphan, F|186\/384
|-status|p1a: Rodolfo|tox
|move|p2a: Hippower|Rock Slide|p1a: Rodolfo
|-resisted|p1a: Rodolfo
|-damage|p1a: Rodolfo|163\/384 tox
|
|-heal|p1a: Rodolfo|187\/384 tox|[from] item: Leftovers
|-heal|p2a: Hippower|358\/420|[from] item: Leftovers
|-damage|p1a: Rodolfo|163\/384 tox|[from] psn
|turn|18
|
|move|p1a: Rodolfo|Rapid Spin|p2a: Hippower
|-damage|p2a: Hippower|346\/420
|-sideend|p1: Mlle Noob|Toxic Spikes|[from] move: Rapid Spin|[of] p1a: Rodolfo
|move|p2a: Hippower|Stealth Rock|p1a: Rodolfo
|-sidestart|p1: Mlle Noob|move: Stealth Rock
|
|-heal|p1a: Rodolfo|187\/384 tox|[from] item: Leftovers
|-heal|p2a: Hippower|372\/420|[from] item: Leftovers
|-damage|p1a: Rodolfo|139\/384 tox|[from] psn
|turn|19
|
|move|p1a: Rodolfo|Rapid Spin|p2a: Hippower
|-damage|p2a: Hippower|360\/420
|-sideend|p1: Mlle Noob|Stealth Rock|[from] move: Rapid Spin|[of] p1a: Rodolfo
|move|p2a: Hippower|Slack Off|p2a: Hippower
|-heal|p2a: Hippower|420\/420
|
|-heal|p1a: Rodolfo|163\/384 tox|[from] item: Leftovers
|-damage|p1a: Rodolfo|91\/384 tox|[from] psn
|turn|20
|
|switch|p1a: D-Angelo|Absol-Mega, M|271\/271
|move|p2a: Hippower|Stealth Rock|p1a: D-Angelo
|move|p1a: D-Angelo|Stealth Rock|p2a: Hippower|[from]Magic Bounce
|-fail|p2a: Hippower
|
|turn|21
|
|move|p1a: D-Angelo|Will-O-Wisp|p2a: Hippower
|-status|p2a: Hippower|brn
|move|p2a: Hippower|Earthquake|p1a: D-Angelo
|-crit|p1a: D-Angelo
|-damage|p1a: D-Angelo|133\/271
|
|-damage|p2a: Hippower|368\/420 brn|[from] brn
|turn|22
|
|move|p1a: D-Angelo|Protect|p1a: D-Angelo
|-singleturn|p1a: D-Angelo|Protect
|move|p2a: Hippower|Earthquake|p1a: D-Angelo
|-activate|p1a: D-Angelo|Protect
|
|-heal|p2a: Hippower|394\/420 brn|[from] item: Leftovers
|-damage|p2a: Hippower|342\/420 brn|[from] brn
|turn|23
|
|switch|p1a: Uzzi|Uxie|282\/354
|move|p2a: Hippower|Earthquake|p1a: Uzzi
|-immune|p1a: Uzzi|[msg]
|
|-heal|p1a: Uzzi|304\/354|[from] item: Leftovers
|-heal|p2a: Hippower|368\/420 brn|[from] item: Leftovers
|-damage|p2a: Hippower|316\/420 brn|[from] brn
|turn|24
|
|switch|p2a: Don't judge me|Blissey, F|508\/652
|-damage|p2a: Don't judge me|427\/652|[from] Stealth Rock
|move|p1a: Uzzi|Knock Off|p2a: Don't judge me
|-damage|p2a: Don't judge me|352\/652
|
|-heal|p1a: Uzzi|326\/354|[from] item: Leftovers
|turn|25
|
|move|p1a: Uzzi|U-turn|p2a: Don't judge me
|-damage|p2a: Don't judge me|269\/652
|
|switch|p1a: 5|Fletchinder, F, shiny|327\/327
|move|p2a: Don't judge me|Wish|p2a: Don't judge me
|
|turn|26
|
|move|p2a: Don't judge me|Protect|p2a: Don't judge me
|-singleturn|p2a: Don't judge me|Protect
|move|p1a: 5|Swords Dance|p1a: 5
|-boost|p1a: 5|atk|2
|
|-heal|p2a: Don't judge me|595\/652|[from] move: Wish|[wisher] Don't judge me
|turn|27
|
|switch|p2a: PASTBLAST|Aerodactyl-Mega, M|302\/302
|-damage|p2a: PASTBLAST|227\/302|[from] Stealth Rock
|move|p1a: 5|Acrobatics|p2a: PASTBLAST
|-resisted|p2a: PASTBLAST
|-damage|p2a: PASTBLAST|56\/302
|
|turn|28
|
|move|p1a: 5|Acrobatics|p2a: PASTBLAST
|-resisted|p2a: PASTBLAST
|-damage|p2a: PASTBLAST|0 fnt
|faint|p2a: PASTBLAST
|
|
|switch|p2a: Wavey Davey|Tentacruel, M|238\/361
|-damage|p2a: Wavey Davey|193\/361|[from] Stealth Rock
|turn|29
|
|move|p1a: 5|Acrobatics|p2a: Wavey Davey
|-damage|p2a: Wavey Davey|0 fnt
|faint|p2a: Wavey Davey
|
|-message|Le-Hydra forfeited.
|
|win|Mlle Noob
|raw|Ladder updating...
|leave|Le-Hydra
|player|p2
|raw|Mlle Noob's rating: 1219 &rarr; <strong>1250<\/strong><br \/>(+31 for winning)
|raw|Le-Hydra's rating: 1300 &rarr; <strong>1269<\/strong><br \/>(-31 for losing)