|join|proassassin15
|join|Mlle Noob
|player|p1|proassassin15|293
|player|p2|Mlle Noob|289
|gametype|singles
|gen|6
|tier|UU
|rated
|rule|Sleep Clause Mod: Limit one foe put to sleep
|rule|Species Clause: Limit one of each PokÃ©mon
|rule|OHKO Clause: OHKO moves are banned
|rule|Moody Clause: Moody is banned
|rule|Evasion Moves Clause: Evasion moves are banned
|rule|Endless Battle Clause: Forcing endless battles is banned
|rule|HP Percentage Mod: HP is shown in percentages
|clearpoke
|poke|p1|Haxorus, M, shiny
|poke|p1|Exploud, M
|poke|p1|Donphan, F
|poke|p1|Milotic, F
|poke|p1|Arcanine, M
|poke|p1|Honchkrow, F
|poke|p2|Fletchinder, F, shiny
|poke|p2|Flygon, F
|poke|p2|Uxie
|poke|p2|Absol, F
|poke|p2|Donphan, F
|poke|p2|Raikou, shiny
|rule|Swagger Clause: Swagger is banned
|rule|Baton Pass Clause: Limit one PokÃ©mon knowing Baton Pass
|teampreview
|
|start
|switch|p1a: Donphan|Donphan, F|384\/384
|switch|p2a: D-Angelo|Absol, F|271\/271
|turn|1
|
|detailschange|p2a: D-Angelo|Absol-Mega, F
|message|Absol has Mega Evolved into Mega Absol!
|move|p2a: D-Angelo|Will-O-Wisp|p1a: Donphan
|-status|p1a: Donphan|brn
|move|p1a: Donphan|Earthquake|p2a: D-Angelo
|-damage|p2a: D-Angelo|168\/271
|
|-damage|p1a: Donphan|336\/384 brn|[from] brn
|turn|2
|
|switch|p1a: Arcanine|Arcanine, M|384\/384
|-ability|p1a: Arcanine|Intimidate|[of] p2a: D-Angelo
|-unboost|p2a: D-Angelo|atk|1
|move|p2a: D-Angelo|Protect|p2a: D-Angelo
|-fail|p2a: D-Angelo
|
|turn|3
|
|move|p2a: D-Angelo|Protect|p2a: D-Angelo
|-singleturn|p2a: D-Angelo|Protect
|move|p1a: Arcanine|Flamethrower|p2a: D-Angelo
|-activate|p2a: D-Angelo|Protect
|
|turn|4
|
|switch|p2a: Uzzi|Uxie|354\/354
|move|p1a: Arcanine|Flamethrower|p2a: Uzzi
|-damage|p2a: Uzzi|285\/354
|
|-heal|p2a: Uzzi|307\/354|[from] item: Leftovers
|turn|5
|
|switch|p1a: Donphan|Donphan, F|336\/384 brn
|move|p2a: Uzzi|Stealth Rock|p1a: Donphan
|-sidestart|p1: proassassin15|move: Stealth Rock
|
|-heal|p2a: Uzzi|329\/354|[from] item: Leftovers
|-heal|p1a: Donphan|360\/384 brn|[from] item: Leftovers
|-damage|p1a: Donphan|312\/384 brn|[from] brn
|turn|6
|
|move|p2a: Uzzi|U-turn|p1a: Donphan
|-damage|p1a: Donphan|284\/384 brn
|
|switch|p2a: D-Angelo|Absol-Mega, F|168\/271
|move|p1a: Donphan|Rapid Spin|p2a: D-Angelo
|-damage|p2a: D-Angelo|154\/271
|-sideend|p1: proassassin15|Stealth Rock|[from] move: Rapid Spin|[of] p1a: Donphan
|
|-heal|p1a: Donphan|308\/384 brn|[from] item: Leftovers
|-damage|p1a: Donphan|260\/384 brn|[from] brn
|turn|7
|
|switch|p1a: Arcanine|Arcanine, M|384\/384
|-ability|p1a: Arcanine|Intimidate|[of] p2a: D-Angelo
|-unboost|p2a: D-Angelo|atk|1
|move|p2a: D-Angelo|Protect|p2a: D-Angelo
|-fail|p2a: D-Angelo
|
|turn|8
|
|switch|p2a: Uzzi|Uxie|329\/354
|move|p1a: Arcanine|Flamethrower|p2a: Uzzi
|-damage|p2a: Uzzi|251\/354
|
|-heal|p2a: Uzzi|273\/354|[from] item: Leftovers
|turn|9
|
|switch|p1a: Honchkrow|Honchkrow, F|342\/342
|move|p2a: Uzzi|Stealth Rock|p1a: Honchkrow
|-sidestart|p1: proassassin15|move: Stealth Rock
|
|-heal|p2a: Uzzi|295\/354|[from] item: Leftovers
|turn|10
|
|move|p1a: Honchkrow|Pursuit|p2a: Uzzi
|-supereffective|p2a: Uzzi
|-damage|p2a: Uzzi|162\/354
|-damage|p1a: Honchkrow|308\/342|[from] item: Life Orb
|move|p2a: Uzzi|U-turn|p1a: Honchkrow
|-damage|p1a: Honchkrow|231\/342
|
|switch|p2a: D-Angelo|Absol-Mega, F|154\/271
|
|turn|11
|
|move|p2a: D-Angelo|Play Rough|p1a: Honchkrow
|-crit|p1a: Honchkrow
|-supereffective|p1a: Honchkrow
|-damage|p1a: Honchkrow|0 fnt
|faint|p1a: Honchkrow
|
|
|switch|p1a: Donphan|Donphan, F|260\/384 brn
|-damage|p1a: Donphan|236\/384 brn|[from] Stealth Rock
|turn|12
|
|move|p2a: D-Angelo|Protect|p2a: D-Angelo
|-singleturn|p2a: D-Angelo|Protect
|move|p1a: Donphan|Rapid Spin|p2a: D-Angelo
|-activate|p2a: D-Angelo|Protect
|
|-heal|p1a: Donphan|260\/384 brn|[from] item: Leftovers
|-damage|p1a: Donphan|212\/384 brn|[from] brn
|turn|13
|
|switch|p2a: Uzzi|Uxie|162\/354
|move|p1a: Donphan|Rapid Spin|p2a: Uzzi
|-damage|p2a: Uzzi|155\/354
|-sideend|p1: proassassin15|Stealth Rock|[from] move: Rapid Spin|[of] p1a: Donphan
|
|-heal|p2a: Uzzi|177\/354|[from] item: Leftovers
|-heal|p1a: Donphan|236\/384 brn|[from] item: Leftovers
|-damage|p1a: Donphan|188\/384 brn|[from] brn
|turn|14
|
|move|p2a: Uzzi|Stealth Rock|p1a: Donphan
|-sidestart|p1: proassassin15|move: Stealth Rock
|move|p1a: Donphan|Knock Off|p2a: Uzzi
|-supereffective|p2a: Uzzi
|-damage|p2a: Uzzi|113\/354
|-enditem|p2a: Uzzi|Leftovers|[from] move: Knock Off|[of] p1a: Donphan
|
|-heal|p1a: Donphan|212\/384 brn|[from] item: Leftovers
|-damage|p1a: Donphan|164\/384 brn|[from] brn
|turn|15
|
|move|p2a: Uzzi|Knock Off|p1a: Donphan
|-crit|p1a: Donphan
|-damage|p1a: Donphan|105\/384 brn
|-enditem|p1a: Donphan|Leftovers|[from] move: Knock Off|[of] p2a: Uzzi
|move|p1a: Donphan|Rapid Spin|p2a: Uzzi
|-damage|p2a: Uzzi|106\/354
|-sideend|p1: proassassin15|Stealth Rock|[from] move: Rapid Spin|[of] p1a: Donphan
|
|-damage|p1a: Donphan|57\/384 brn|[from] brn
|turn|16
|
|move|p2a: Uzzi|Stealth Rock|p1a: Donphan
|-sidestart|p1: proassassin15|move: Stealth Rock
|move|p1a: Donphan|Stealth Rock|p2a: Uzzi
|-sidestart|p2: Mlle Noob|move: Stealth Rock
|
|-damage|p1a: Donphan|9\/384 brn|[from] brn
|turn|17
|
|move|p2a: Uzzi|U-turn|p1a: Donphan
|-damage|p1a: Donphan|0 fnt
|faint|p1a: Donphan
|
|switch|p2a: Flygon|Flygon, F|301\/301
|-damage|p2a: Flygon|283\/301|[from] Stealth Rock
|
|
|switch|p1a: Blade|Haxorus, M, shiny|294\/294
|-damage|p1a: Blade|258\/294|[from] Stealth Rock
|-ability|p1a: Blade|Mold Breaker
|turn|18
|
|move|p2a: Flygon|Dragon Claw|p1a: Blade
|-supereffective|p1a: Blade
|-damage|p1a: Blade|0 fnt
|faint|p1a: Blade
|
|-message|proassassin15 forfeited.
|
|win|Mlle Noob
|raw|Ladder updating...
|leave|proassassin15
|player|p1
|raw|proassassin15's rating: 1331 &rarr; <strong>1307<\/strong><br \/>(-24 for losing)
|raw|Mlle Noob's rating: 1257 &rarr; <strong>1287<\/strong><br \/>(+30 for winning)