|join|Shami15
|join|Mlle Noob
|player|p1|Shami15|101
|player|p2|Mlle Noob|289
|gametype|singles
|gen|6
|tier|UU
|rated
|rule|Sleep Clause Mod: Limit one foe put to sleep
|rule|Species Clause: Limit one of each PokÃ©mon
|rule|OHKO Clause: OHKO moves are banned
|rule|Moody Clause: Moody is banned
|rule|Evasion Moves Clause: Evasion moves are banned
|rule|Endless Battle Clause: Forcing endless battles is banned
|rule|HP Percentage Mod: HP is shown in percentages
|clearpoke
|poke|p1|Ampharos, F
|poke|p1|Metagross, shiny
|poke|p1|Snorlax, M, shiny
|poke|p1|Roserade, F
|poke|p1|Milotic, F
|poke|p1|Infernape, M, shiny
|poke|p2|Fletchinder, F, shiny
|poke|p2|Flygon, M
|poke|p2|Uxie
|poke|p2|Absol, M
|poke|p2|Donphan, F
|poke|p2|Raikou, shiny
|rule|Swagger Clause: Swagger is banned
|rule|Baton Pass Clause: Limit one PokÃ©mon knowing Baton Pass
|teampreview
|
|start
|switch|p1a: Milotic|Milotic, F|353\/353
|switch|p2a: D-Angelo|Absol, M|271\/271
|turn|1
|
|detailschange|p2a: D-Angelo|Absol-Mega, M
|message|Absol has Mega Evolved into Mega Absol!
|move|p2a: D-Angelo|Protect|p2a: D-Angelo
|-singleturn|p2a: D-Angelo|Protect
|move|p1a: Milotic|Scald|p2a: D-Angelo
|-activate|p2a: D-Angelo|Protect
|
|-status|p1a: Milotic|brn|[from] item: Flame Orb
|turn|2
|join|Trying My Best
|
|switch|p2a: Uzzi|Uxie|354\/354
|move|p1a: Milotic|Ice Beam|p2a: Uzzi
|-damage|p2a: Uzzi|303\/354
|
|-heal|p2a: Uzzi|325\/354|[from] item: Leftovers
|-damage|p1a: Milotic|309\/353 brn|[from] brn
|turn|3
|leave|Trying My Best
|
|move|p1a: Milotic|Toxic|p2a: Uzzi
|-status|p2a: Uzzi|tox
|move|p2a: Uzzi|Stealth Rock|p1a: Milotic
|-sidestart|p1: Shami15|move: Stealth Rock
|
|-heal|p2a: Uzzi|347\/354 tox|[from] item: Leftovers
|-damage|p1a: Milotic|265\/353 brn|[from] brn
|-damage|p2a: Uzzi|325\/354 tox|[from] psn
|turn|4
|
|switch|p1a: Snorlax|Snorlax, M, shiny|524\/524
|-damage|p1a: Snorlax|459\/524|[from] Stealth Rock
|move|p2a: Uzzi|Knock Off|p1a: Snorlax
|-damage|p1a: Snorlax|375\/524
|-enditem|p1a: Snorlax|Leftovers|[from] move: Knock Off|[of] p2a: Uzzi
|
|-heal|p2a: Uzzi|347\/354 tox|[from] item: Leftovers
|-damage|p2a: Uzzi|303\/354 tox|[from] psn
|turn|5
|
|move|p2a: Uzzi|Yawn|p1a: Snorlax
|-start|p1a: Snorlax|move: Yawn|[of] p2a: Uzzi
|move|p1a: Snorlax|Crunch|p2a: Uzzi
|-supereffective|p2a: Uzzi
|-damage|p2a: Uzzi|195\/354 tox
|
|-heal|p2a: Uzzi|217\/354 tox|[from] item: Leftovers
|-damage|p2a: Uzzi|151\/354 tox|[from] psn
|turn|6
|
|move|p2a: Uzzi|U-turn|p1a: Snorlax
|-damage|p1a: Snorlax|311\/524
|
|switch|p2a: Rodolfo|Donphan, F|384\/384
|move|p1a: Snorlax|Crunch|p2a: Rodolfo
|-damage|p2a: Rodolfo|323\/384
|-unboost|p2a: Rodolfo|def|1
|
|-status|p1a: Snorlax|slp
|-heal|p2a: Rodolfo|347\/384|[from] item: Leftovers
|turn|7
|c|âMlle Noob|?????????????
|c|âShami15|srry
|
|switch|p1a: Milotic|Milotic, F|265\/353 brn
|-damage|p1a: Milotic|221\/353 brn|[from] Stealth Rock
|move|p2a: Rodolfo|Earthquake|p1a: Milotic
|-damage|p1a: Milotic|104\/353 brn
|
|-heal|p2a: Rodolfo|371\/384|[from] item: Leftovers
|-damage|p1a: Milotic|60\/353 brn|[from] brn
|turn|8
|c|âMlle Noob|ok n.n
|
|switch|p2a: Musho|Raikou, shiny|322\/322
|-ability|p2a: Musho|Pressure
|move|p1a: Milotic|Recover|p1a: Milotic
|-heal|p1a: Milotic|237\/353 brn
|
|-damage|p1a: Milotic|193\/353 brn|[from] brn
|turn|9
|
|switch|p1a: Roserade|Roserade, F|283\/283
|-damage|p1a: Roserade|248\/283|[from] Stealth Rock
|move|p2a: Musho|Substitute|p2a: Musho
|-start|p2a: Musho|Substitute
|-damage|p2a: Musho|242\/322
|
|-heal|p2a: Musho|262\/322|[from] item: Leftovers
|-heal|p1a: Roserade|265\/283|[from] item: Black Sludge
|turn|10
|
|move|p2a: Musho|Hidden Power|p1a: Roserade
|-supereffective|p1a: Roserade
|-damage|p1a: Roserade|161\/283
|move|p1a: Roserade|Sludge Bomb|p2a: Musho
|-end|p2a: Musho|Substitute
|
|-heal|p2a: Musho|282\/322|[from] item: Leftovers
|-heal|p1a: Roserade|178\/283|[from] item: Black Sludge
|turn|11
|
|switch|p2a: Uzzi|Uxie|151\/354 tox
|move|p1a: Roserade|Giga Drain|p2a: Uzzi
|-damage|p2a: Uzzi|58\/354 tox
|-heal|p1a: Roserade|225\/283|[from] drain|[of] p2a: Uzzi
|
|-heal|p2a: Uzzi|80\/354 tox|[from] item: Leftovers
|-heal|p1a: Roserade|242\/283|[from] item: Black Sludge
|-damage|p2a: Uzzi|58\/354 tox|[from] psn
|turn|12
|
|switch|p2a: 5|Fletchinder, F, shiny|327\/327
|move|p1a: Roserade|Giga Drain|p2a: 5
|-resisted|p2a: 5
|-damage|p2a: 5|271\/327
|-heal|p1a: Roserade|270\/283|[from] drain|[of] p2a: 5
|
|-heal|p1a: Roserade|283\/283|[from] item: Black Sludge
|turn|13
|
|switch|p1a: Ampharos|Ampharos, F|384\/384
|-damage|p1a: Ampharos|336\/384|[from] Stealth Rock
|move|p2a: 5|Will-O-Wisp|p1a: Ampharos
|-status|p1a: Ampharos|brn
|
|-damage|p1a: Ampharos|288\/384 brn|[from] brn
|turn|14
|c|âShami15|NAO!
|
|switch|p2a: Uzzi|Uxie|58\/354 tox
|move|p1a: Ampharos|Magnet Rise|p1a: Ampharos
|-start|p1a: Ampharos|Magnet Rise
|
|-heal|p2a: Uzzi|80\/354 tox|[from] item: Leftovers
|-damage|p2a: Uzzi|58\/354 tox|[from] psn
|-damage|p1a: Ampharos|240\/384 brn|[from] brn
|turn|15
|
|detailschange|p1a: Ampharos|Ampharos-Mega, F
|message|Ampharos has Mega Evolved into Mega Ampharos!
|-ability|p1a: Ampharos|Mold Breaker
|move|p2a: Uzzi|Knock Off|p1a: Ampharos
|-damage|p1a: Ampharos|197\/384 brn
|move|p1a: Ampharos|Thunderbolt|p2a: Uzzi
|-crit|p2a: Uzzi
|-damage|p2a: Uzzi|0 fnt
|faint|p2a: Uzzi
|
|-damage|p1a: Ampharos|149\/384 brn|[from] brn
|
|switch|p2a: D-Angelo|Absol-Mega, M|271\/271
|turn|16
|
|switch|p1a: Metagross|Metagross, shiny|301\/301
|-damage|p1a: Metagross|283\/301|[from] Stealth Rock
|move|p2a: D-Angelo|Play Rough|p1a: Metagross
|-resisted|p1a: Metagross
|-damage|p1a: Metagross|249\/301
|
|turn|17
|leave|Shami15
|player|p1
|join|Shami15
|player|p1|Shami15|101
|
|move|p2a: D-Angelo|Will-O-Wisp|p1a: Metagross
|-status|p1a: Metagross|brn
|move|p1a: Metagross|Reflect|p1a: Metagross
|-sidestart|p1: Shami15|Reflect
|
|-damage|p1a: Metagross|212\/301 brn|[from] brn
|turn|18
|c|âShami15|clicked reflect on accident
|c|âMlle Noob|sorry
|c|âShami15|i mean refreash
|
|move|p2a: D-Angelo|Sucker Punch|p1a: Metagross
|-fail|p1a: Metagross
|move|p1a: Metagross|Light Screen|p1a: Metagross
|-sidestart|p1: Shami15|move: Light Screen
|
|-damage|p1a: Metagross|175\/301 brn|[from] brn
|turn|19
|c|âShami15|not that
|c|âShami15|lol
|
|switch|p1a: Infernape|Infernape, M, shiny|323\/323
|-damage|p1a: Infernape|283\/323|[from] Stealth Rock
|move|p2a: D-Angelo|Protect|p2a: D-Angelo
|-fail|p2a: D-Angelo
|
|turn|20
|
|move|p2a: D-Angelo|Protect|p2a: D-Angelo
|-singleturn|p2a: D-Angelo|Protect
|move|p1a: Infernape|Flare Blitz|p2a: D-Angelo
|-activate|p2a: D-Angelo|Protect
|
|turn|21
|
|switch|p2a: Rodolfo|Donphan, F|371\/384
|move|p1a: Infernape|Flare Blitz|p2a: Rodolfo
|-damage|p2a: Rodolfo|178\/384
|-damage|p1a: Infernape|219\/323|[from] recoil|[of] p2a: Rodolfo
|
|-heal|p2a: Rodolfo|202\/384|[from] item: Leftovers
|turn|22
|
|move|p1a: Infernape|Flare Blitz|p2a: Rodolfo
|-damage|p2a: Rodolfo|0 fnt
|-damage|p1a: Infernape|152\/323|[from] recoil|[of] p2a: Rodolfo
|faint|p2a: Rodolfo
|
|c|âShami15|WOOOOOOOOOOOOOOO
|c|âShami15|MID MAX YOLO!
|
|switch|p2a: 5|Fletchinder, F, shiny|271\/327
|turn|23
|c|âMlle Noob|mid max yolo?
|
|switch|p1a: Metagross|Metagross, shiny|175\/301 brn
|-damage|p1a: Metagross|157\/301 brn|[from] Stealth Rock
|move|p2a: 5|Acrobatics|p1a: Metagross
|-resisted|p1a: Metagross
|-damage|p1a: Metagross|133\/301 brn
|
|-damage|p1a: Metagross|96\/301 brn|[from] brn
|turn|24
|c|âShami15|that flare blitts did more damage than it did last turn
|
|switch|p1a: Milotic|Milotic, F|193\/353 brn
|-damage|p1a: Milotic|149\/353 brn|[from] Stealth Rock
|move|p2a: 5|Swords Dance|p2a: 5
|-boost|p2a: 5|atk|2
|
|-damage|p1a: Milotic|105\/353 brn|[from] brn
|-sideend|p1: Shami15|Reflect
|turn|25
|
|move|p2a: 5|Acrobatics|p1a: Milotic
|-damage|p1a: Milotic|0 fnt
|faint|p1a: Milotic
|
|-sideend|p1: Shami15|move: Light Screen
|
|switch|p1a: Ampharos|Ampharos-Mega, F|149\/384 brn
|-damage|p1a: Ampharos|101\/384 brn|[from] Stealth Rock
|-ability|p1a: Ampharos|Mold Breaker
|turn|26
|
|move|p2a: 5|Acrobatics|p1a: Ampharos
|-resisted|p1a: Ampharos
|-damage|p1a: Ampharos|0 fnt
|faint|p1a: Ampharos
|
|c|âShami15|well shit
|
|switch|p1a: Snorlax|Snorlax, M, shiny|311\/524 slp
|-damage|p1a: Snorlax|246\/524 slp|[from] Stealth Rock
|turn|27
|c|âShami15|ima get wrecked by this thing
|
|move|p2a: 5|Acrobatics|p1a: Snorlax
|-damage|p1a: Snorlax|0 fnt
|faint|p1a: Snorlax
|
|c|âShami15|:O
|
|switch|p1a: Metagross|Metagross, shiny|96\/301 brn
|-damage|p1a: Metagross|78\/301 brn|[from] Stealth Rock
|turn|28
|leave|Shami15
|player|p1
|c|âMlle Noob|jaja is op xD
|-message|shami15 lost due to inactivity.
|
|win|Mlle Noob
|raw|Ladder updating...
|raw|Shami15's rating: 1174 &rarr; <strong>1153<\/strong><br \/>(-21 for losing)
|raw|Mlle Noob's rating: 1237 &rarr; <strong>1257<\/strong><br \/>(+20 for winning)