|join|Mlle Noob
|join|flash2323
|player|p1|Mlle Noob|289
|player|p2|flash2323|1
|gametype|singles
|gen|6
|tier|UU
|rated
|rule|Sleep Clause Mod: Limit one foe put to sleep
|rule|Species Clause: Limit one of each PokÃ©mon
|rule|OHKO Clause: OHKO moves are banned
|rule|Moody Clause: Moody is banned
|rule|Evasion Moves Clause: Evasion moves are banned
|rule|Endless Battle Clause: Forcing endless battles is banned
|rule|HP Percentage Mod: HP is shown in percentages
|clearpoke
|poke|p1|Fletchinder, F, shiny
|poke|p1|Flygon, F
|poke|p1|Uxie
|poke|p1|Absol, M
|poke|p1|Donphan, M
|poke|p1|Raikou, shiny
|poke|p2|Scrafty, F
|poke|p2|Metagross
|poke|p2|Milotic, M
|poke|p2|Goodra, F
|poke|p2|Darmanitan, F
|poke|p2|Golbat, F
|rule|Swagger Clause: Swagger is banned
|rule|Baton Pass Clause: Limit one PokÃ©mon knowing Baton Pass
|teampreview
|
|start
|switch|p1a: Flygon|Flygon, F|301\/301
|switch|p2a: Scrafty|Scrafty, F|334\/334
|-ability|p2a: Scrafty|Intimidate|[of] p1a: Flygon
|-unboost|p1a: Flygon|atk|1
|turn|1
|
|move|p1a: Flygon|U-turn|p2a: Scrafty
|-damage|p2a: Scrafty|290\/334
|
|switch|p1a: Rodolfo|Donphan, M|384\/384
|move|p2a: Scrafty|Knock Off|p1a: Rodolfo
|-damage|p1a: Rodolfo|246\/384
|-enditem|p1a: Rodolfo|Leftovers|[from] move: Knock Off|[of] p2a: Scrafty
|-damage|p2a: Scrafty|257\/334|[from] item: Life Orb
|
|turn|2
|
|switch|p2a: Golbat|Golbat, F|354\/354
|move|p1a: Rodolfo|Earthquake|p2a: Golbat
|-immune|p2a: Golbat|[msg]
|
|turn|3
|
|move|p1a: Rodolfo|Ice Shard|p2a: Golbat
|-supereffective|p2a: Golbat
|-damage|p2a: Golbat|310\/354
|move|p2a: Golbat|Toxic|p1a: Rodolfo
|-status|p1a: Rodolfo|tox
|
|-damage|p1a: Rodolfo|222\/384 tox|[from] psn
|turn|4
|
|switch|p1a: Uzzi|Uxie|354\/354
|move|p2a: Golbat|Super Fang|p1a: Uzzi
|-damage|p1a: Uzzi|177\/354
|
|-heal|p1a: Uzzi|199\/354|[from] item: Leftovers
|turn|5
|
|switch|p2a: Scrafty|Scrafty, F|257\/334
|-ability|p2a: Scrafty|Intimidate|[of] p1a: Uzzi
|-unboost|p1a: Uzzi|atk|1
|move|p1a: Uzzi|Knock Off|p2a: Scrafty
|-resisted|p2a: Scrafty
|-damage|p2a: Scrafty|249\/334
|-enditem|p2a: Scrafty|Life Orb|[from] move: Knock Off|[of] p1a: Uzzi
|
|-heal|p1a: Uzzi|221\/354|[from] item: Leftovers
|turn|6
|
|switch|p1a: 5|Fletchinder, F, shiny|327\/327
|move|p2a: Scrafty|Drain Punch|p1a: 5
|-crit|p1a: 5
|-resisted|p1a: 5
|-damage|p1a: 5|192\/327
|-heal|p2a: Scrafty|317\/334|[from] drain|[of] p1a: 5
|
|turn|7
|
|switch|p2a: Golbat|Golbat, F|310\/354
|move|p1a: 5|Will-O-Wisp|p2a: Golbat
|-status|p2a: Golbat|brn
|
|-damage|p2a: Golbat|266\/354 brn|[from] brn
|turn|8
|
|switch|p1a: Uzzi|Uxie|221\/354
|move|p2a: Golbat|Super Fang|p1a: Uzzi
|-damage|p1a: Uzzi|111\/354
|
|-heal|p1a: Uzzi|133\/354|[from] item: Leftovers
|-damage|p2a: Golbat|222\/354 brn|[from] brn
|turn|9
|
|switch|p2a: Scrafty|Scrafty, F|317\/334
|-ability|p2a: Scrafty|Intimidate|[of] p1a: Uzzi
|-unboost|p1a: Uzzi|atk|1
|move|p1a: Uzzi|Stealth Rock|p2a: Scrafty
|-sidestart|p2: flash2323|move: Stealth Rock
|
|-heal|p1a: Uzzi|155\/354|[from] item: Leftovers
|turn|10
|
|move|p1a: Uzzi|Yawn|p2a: Scrafty
|-start|p2a: Scrafty|move: Yawn|[of] p1a: Uzzi
|move|p2a: Scrafty|Dragon Dance|p2a: Scrafty
|-boost|p2a: Scrafty|atk|1
|-boost|p2a: Scrafty|spe|1
|
|-heal|p1a: Uzzi|177\/354|[from] item: Leftovers
|turn|11
|
|switch|p2a: Metagross|Metagross|364\/364
|-damage|p2a: Metagross|342\/364|[from] Stealth Rock
|move|p1a: Uzzi|U-turn|p2a: Metagross
|-damage|p2a: Metagross|323\/364
|
|switch|p1a: D-Angelo|Absol, M|271\/271
|
|-heal|p2a: Metagross|345\/364|[from] item: Leftovers
|turn|12
|
|switch|p2a: Scrafty|Scrafty, F|317\/334
|-damage|p2a: Scrafty|297\/334|[from] Stealth Rock
|-ability|p2a: Scrafty|Intimidate|[of] p1a: D-Angelo
|-unboost|p1a: D-Angelo|atk|1
|detailschange|p1a: D-Angelo|Absol-Mega, M
|message|Absol has Mega Evolved into Mega Absol!
|move|p1a: D-Angelo|Will-O-Wisp|p2a: Scrafty
|-status|p2a: Scrafty|brn
|
|-damage|p2a: Scrafty|256\/334 brn|[from] brn
|turn|13
|
|switch|p1a: 5|Fletchinder, F, shiny|192\/327
|move|p2a: Scrafty|Dragon Dance|p2a: Scrafty
|-boost|p2a: Scrafty|atk|1
|-boost|p2a: Scrafty|spe|1
|
|-damage|p2a: Scrafty|215\/334 brn|[from] brn
|turn|14
|
|move|p1a: 5|Roost|p1a: 5
|-heal|p1a: 5|327\/327
|move|p2a: Scrafty|Knock Off|p1a: 5
|-damage|p1a: 5|209\/327
|
|-damage|p2a: Scrafty|174\/334 brn|[from] brn
|turn|15
|
|move|p1a: 5|Acrobatics|p2a: Scrafty
|-supereffective|p2a: Scrafty
|-damage|p2a: Scrafty|0 fnt
|faint|p2a: Scrafty
|
|
|switch|p2a: Milotic|Milotic, M|394\/394
|-damage|p2a: Milotic|345\/394|[from] Stealth Rock
|turn|16
|
|switch|p1a: Uzzi|Uxie|177\/354
|move|p2a: Milotic|Scald|p1a: Uzzi
|-damage|p1a: Uzzi|117\/354
|-status|p1a: Uzzi|brn
|
|-heal|p1a: Uzzi|139\/354 brn|[from] item: Leftovers
|-heal|p2a: Milotic|369\/394|[from] item: Leftovers
|-damage|p1a: Uzzi|95\/354 brn|[from] brn
|turn|17
|
|move|p1a: Uzzi|Knock Off|p2a: Milotic
|-damage|p2a: Milotic|335\/394
|-enditem|p2a: Milotic|Leftovers|[from] move: Knock Off|[of] p1a: Uzzi
|move|p2a: Milotic|Scald|p1a: Uzzi
|-damage|p1a: Uzzi|34\/354 brn
|
|-heal|p1a: Uzzi|56\/354 brn|[from] item: Leftovers
|-damage|p1a: Uzzi|12\/354 brn|[from] brn
|turn|18
|
|move|p1a: Uzzi|Yawn|p2a: Milotic
|-start|p2a: Milotic|move: Yawn|[of] p1a: Uzzi
|move|p2a: Milotic|Recover|p2a: Milotic
|-heal|p2a: Milotic|394\/394
|
|-heal|p1a: Uzzi|34\/354 brn|[from] item: Leftovers
|-damage|p1a: Uzzi|0 fnt|[from] brn
|faint|p1a: Uzzi
|
|switch|p1a: Flygon|Flygon, F|301\/301
|turn|19
|
|switch|p2a: Golbat|Golbat, F|222\/354 brn
|-damage|p2a: Golbat|134\/354 brn|[from] Stealth Rock
|move|p1a: Flygon|U-turn|p2a: Golbat
|-resisted|p2a: Golbat
|-damage|p2a: Golbat|123\/354 brn
|
|switch|p1a: 5|Fletchinder, F, shiny|209\/327
|
|-damage|p2a: Golbat|79\/354 brn|[from] brn
|turn|20
|
|move|p1a: 5|Acrobatics|p2a: Golbat
|-damage|p2a: Golbat|0 fnt
|faint|p2a: Golbat
|
|
|switch|p2a: Milotic|Milotic, M|394\/394
|-damage|p2a: Milotic|345\/394|[from] Stealth Rock
|turn|21
|
|switch|p1a: Rodolfo|Donphan, M|222\/384 tox
|move|p2a: Milotic|Scald|p1a: Rodolfo
|-supereffective|p1a: Rodolfo
|-damage|p1a: Rodolfo|0 fnt
|faint|p1a: Rodolfo
|
|
|switch|p1a: Musho|Raikou, shiny|322\/322
|-ability|p1a: Musho|Pressure
|turn|22
|
|switch|p2a: Goodra|Goodra, F|384\/384
|-damage|p2a: Goodra|336\/384|[from] Stealth Rock
|move|p1a: Musho|Substitute|p1a: Musho
|-start|p1a: Musho|Substitute
|-damage|p1a: Musho|242\/322
|
|-heal|p1a: Musho|262\/322|[from] item: Leftovers
|turn|23
|
|move|p1a: Musho|Calm Mind|p1a: Musho
|-boost|p1a: Musho|spa|1
|-boost|p1a: Musho|spd|1
|move|p2a: Goodra|Dragon Tail|p1a: Musho
|-end|p1a: Musho|Substitute
|
|-heal|p1a: Musho|282\/322|[from] item: Leftovers
|turn|24
|
|move|p1a: Musho|Hidden Power|p2a: Goodra
|-supereffective|p2a: Goodra
|-damage|p2a: Goodra|262\/384
|move|p2a: Goodra|Dragon Tail|p1a: Musho
|-damage|p1a: Musho|206\/322
|drag|p1a: 5|Fletchinder, F, shiny|209\/327
|
|turn|25
|
|move|p1a: 5|Acrobatics|p2a: Goodra
|-damage|p2a: Goodra|69\/384
|move|p2a: Goodra|Thunderbolt|p1a: 5
|-supereffective|p1a: 5
|-damage|p1a: 5|0 fnt
|faint|p1a: 5
|
|
|switch|p1a: Flygon|Flygon, F|301\/301
|turn|26
|
|switch|p2a: Milotic|Milotic, M|345\/394
|-damage|p2a: Milotic|296\/394|[from] Stealth Rock
|move|p1a: Flygon|U-turn|p2a: Milotic
|-damage|p2a: Milotic|215\/394
|
|switch|p1a: Musho|Raikou, shiny|206\/322
|-ability|p1a: Musho|Pressure
|
|-heal|p1a: Musho|226\/322|[from] item: Leftovers
|turn|27
|
|move|p1a: Musho|Calm Mind|p1a: Musho
|-boost|p1a: Musho|spa|1
|-boost|p1a: Musho|spd|1
|move|p2a: Milotic|Scald|p1a: Musho
|-damage|p1a: Musho|160\/322
|-status|p1a: Musho|brn
|
|-heal|p1a: Musho|180\/322 brn|[from] item: Leftovers
|-damage|p1a: Musho|140\/322 brn|[from] brn
|turn|28
|c|âMlle Noob|nooo
|c|âMlle Noob|2 scald 2 burns
|c|âflash2323|lol yes ;) 
|
|move|p1a: Musho|Thunderbolt|p2a: Milotic
|-supereffective|p2a: Milotic
|-damage|p2a: Milotic|0 fnt
|faint|p2a: Milotic
|
|-heal|p1a: Musho|160\/322 brn|[from] item: Leftovers
|-damage|p1a: Musho|120\/322 brn|[from] brn
|
|switch|p2a: Darmanitan|Darmanitan, F|352\/352
|-damage|p2a: Darmanitan|264\/352|[from] Stealth Rock
|turn|29
|
|move|p2a: Darmanitan|Flare Blitz|p1a: Musho
|-damage|p1a: Musho|0 fnt
|-damage|p2a: Darmanitan|224\/352|[from] recoil|[of] p1a: Musho
|faint|p1a: Musho
|
|
|switch|p1a: Flygon|Flygon, F|301\/301
|turn|30
|
|switch|p2a: Goodra|Goodra, F|69\/384
|-damage|p2a: Goodra|21\/384|[from] Stealth Rock
|move|p1a: Flygon|Earthquake|p2a: Goodra
|-damage|p2a: Goodra|0 fnt
|faint|p2a: Goodra
|
|
|switch|p2a: Metagross|Metagross|345\/364
|-damage|p2a: Metagross|323\/364|[from] Stealth Rock
|turn|31
|
|move|p1a: Flygon|Earthquake|p2a: Metagross
|-supereffective|p2a: Metagross
|-damage|p2a: Metagross|155\/364
|move|p2a: Metagross|Meteor Mash|p1a: Flygon
|-damage|p1a: Flygon|138\/301
|
|-heal|p2a: Metagross|177\/364|[from] item: Leftovers
|turn|32
|
|move|p1a: Flygon|Earthquake|p2a: Metagross
|-supereffective|p2a: Metagross
|-damage|p2a: Metagross|0 fnt
|faint|p2a: Metagross
|
|c|âMlle Noob|gg
|
|switch|p2a: Darmanitan|Darmanitan, F|224\/352
|-damage|p2a: Darmanitan|136\/352|[from] Stealth Rock
|turn|33
|
|move|p1a: Flygon|Earthquake|p2a: Darmanitan
|-supereffective|p2a: Darmanitan
|-damage|p2a: Darmanitan|0 fnt
|faint|p2a: Darmanitan
|
|win|Mlle Noob
|raw|Ladder updating...
|raw|Mlle Noob's rating: 1040 &rarr; <strong>1078<\/strong><br \/>(+38 for winning)
|raw|flash2323's rating: 1077 &rarr; <strong>1053<\/strong><br \/>(-24 for losing)