|join|Conorconorf
|join|Mlle Noob
|player|p1|Conorconorf|1
|player|p2|Mlle Noob|289
|gametype|singles
|gen|6
|tier|UU
|rated
|rule|Sleep Clause Mod: Limit one foe put to sleep
|rule|Species Clause: Limit one of each PokÃ©mon
|rule|OHKO Clause: OHKO moves are banned
|rule|Moody Clause: Moody is banned
|rule|Evasion Moves Clause: Evasion moves are banned
|rule|Endless Battle Clause: Forcing endless battles is banned
|rule|HP Percentage Mod: HP is shown in percentages
|clearpoke
|poke|p1|Blastoise, F
|poke|p1|Roserade, M
|poke|p1|Milotic, M
|poke|p1|Mienshao, M
|poke|p1|Nidoking, M
|poke|p1|Haxorus, M
|poke|p2|Fletchinder, F, shiny
|poke|p2|Flygon, M
|poke|p2|Uxie
|poke|p2|Absol, M
|poke|p2|Donphan, F
|poke|p2|Raikou, shiny
|rule|Swagger Clause: Swagger is banned
|rule|Baton Pass Clause: Limit one PokÃ©mon knowing Baton Pass
|teampreview
|
|start
|switch|p1a: Milotic|Milotic, M|394\/394
|switch|p2a: D-Angelo|Absol, M|271\/271
|turn|1
|
|detailschange|p2a: D-Angelo|Absol-Mega, M
|message|Absol has Mega Evolved into Mega Absol!
|move|p2a: D-Angelo|Protect|p2a: D-Angelo
|-singleturn|p2a: D-Angelo|Protect
|move|p1a: Milotic|Dragon Tail|p2a: D-Angelo
|-activate|p2a: D-Angelo|Protect
|
|turn|2
|
|switch|p2a: Uzzi|Uxie|354\/354
|move|p1a: Milotic|Scald|p2a: Uzzi
|-damage|p2a: Uzzi|287\/354
|
|-heal|p2a: Uzzi|309\/354|[from] item: Leftovers
|turn|3
|
|move|p2a: Uzzi|Stealth Rock|p1a: Milotic
|-sidestart|p1: Conorconorf|move: Stealth Rock
|move|p1a: Milotic|Toxic|p2a: Uzzi
|-status|p2a: Uzzi|tox
|
|-heal|p2a: Uzzi|331\/354 tox|[from] item: Leftovers
|-damage|p2a: Uzzi|309\/354 tox|[from] psn
|turn|4
|
|move|p2a: Uzzi|Knock Off|p1a: Milotic
|-damage|p1a: Milotic|342\/394
|-enditem|p1a: Milotic|Leftovers|[from] move: Knock Off|[of] p2a: Uzzi
|move|p1a: Milotic|Dragon Tail|p2a: Uzzi
|-damage|p2a: Uzzi|285\/354 tox
|drag|p2a: 5|Fletchinder, F, shiny|327\/327
|
|turn|5
|
|switch|p2a: Uzzi|Uxie|285\/354 tox
|move|p1a: Milotic|Scald|p2a: Uzzi
|-damage|p2a: Uzzi|222\/354 tox
|
|-heal|p2a: Uzzi|244\/354 tox|[from] item: Leftovers
|-damage|p2a: Uzzi|222\/354 tox|[from] psn
|turn|6
|
|move|p2a: Uzzi|Yawn|p1a: Milotic
|-start|p1a: Milotic|move: Yawn|[of] p2a: Uzzi
|move|p1a: Milotic|Scald|p2a: Uzzi
|-damage|p2a: Uzzi|158\/354 tox
|
|-heal|p2a: Uzzi|180\/354 tox|[from] item: Leftovers
|-damage|p2a: Uzzi|136\/354 tox|[from] psn
|turn|7
|
|switch|p1a: Blastoise|Blastoise, F|362\/362
|-damage|p1a: Blastoise|317\/362|[from] Stealth Rock
|move|p2a: Uzzi|U-turn|p1a: Blastoise
|-damage|p1a: Blastoise|272\/362
|
|switch|p2a: Musho|Raikou, shiny|322\/322
|-ability|p2a: Musho|Pressure
|
|turn|8
|
|detailschange|p1a: Blastoise|Blastoise-Mega, F
|message|Blastoise has Mega Evolved into Mega Blastoise!
|move|p2a: Musho|Substitute|p2a: Musho
|-start|p2a: Musho|Substitute
|-damage|p2a: Musho|242\/322
|move|p1a: Blastoise|Rapid Spin|p2a: Musho
|-activate|p2a: Musho|Substitute|[damage]
|-sideend|p1: Conorconorf|Stealth Rock|[from] move: Rapid Spin|[of] p1a: Blastoise
|
|-heal|p2a: Musho|262\/322|[from] item: Leftovers
|turn|9
|
|switch|p1a: Roserade|Roserade, M|324\/324
|move|p2a: Musho|Calm Mind|p2a: Musho
|-boost|p2a: Musho|spa|1
|-boost|p2a: Musho|spd|1
|
|-heal|p2a: Musho|282\/322|[from] item: Leftovers
|turn|10
|
|move|p2a: Musho|Hidden Power|p1a: Roserade
|-supereffective|p1a: Roserade
|-damage|p1a: Roserade|188\/324
|move|p1a: Roserade|Giga Drain|p2a: Musho
|-end|p2a: Musho|Substitute
|-heal|p1a: Roserade|219\/324|[from] drain|[of] p2a: Musho
|
|-heal|p2a: Musho|302\/322|[from] item: Leftovers
|-heal|p1a: Roserade|239\/324|[from] item: Black Sludge
|turn|11
|
|move|p2a: Musho|Calm Mind|p2a: Musho
|-boost|p2a: Musho|spa|1
|-boost|p2a: Musho|spd|1
|move|p1a: Roserade|Giga Drain|p2a: Musho
|-damage|p2a: Musho|248\/322
|-heal|p1a: Roserade|266\/324|[from] drain|[of] p2a: Musho
|
|-heal|p2a: Musho|268\/322|[from] item: Leftovers
|-heal|p1a: Roserade|286\/324|[from] item: Black Sludge
|turn|12
|
|move|p2a: Musho|Substitute|p2a: Musho
|-start|p2a: Musho|Substitute
|-damage|p2a: Musho|188\/322
|move|p1a: Roserade|Giga Drain|p2a: Musho
|-activate|p2a: Musho|Substitute|[damage]
|-heal|p1a: Roserade|315\/324|[from] drain|[of] p2a: Musho
|
|-heal|p2a: Musho|208\/322|[from] item: Leftovers
|-heal|p1a: Roserade|324\/324|[from] item: Black Sludge
|turn|13
|
|move|p2a: Musho|Hidden Power|p1a: Roserade
|-supereffective|p1a: Roserade
|-damage|p1a: Roserade|132\/324
|move|p1a: Roserade|Spikes|p2a: Musho
|-sidestart|p2: Mlle Noob|Spikes
|
|-heal|p2a: Musho|228\/322|[from] item: Leftovers
|-heal|p1a: Roserade|152\/324|[from] item: Black Sludge
|turn|14
|
|move|p2a: Musho|Hidden Power|p1a: Roserade
|-supereffective|p1a: Roserade
|-damage|p1a: Roserade|0 fnt
|faint|p1a: Roserade
|
|-heal|p2a: Musho|248\/322|[from] item: Leftovers
|
|switch|p1a: Mienshao|Mienshao, M|271\/271
|turn|15
|
|move|p1a: Mienshao|High Jump Kick|p2a: Musho
|-end|p2a: Musho|Substitute
|move|p2a: Musho|Thunderbolt|p1a: Mienshao
|-damage|p1a: Mienshao|0 fnt
|faint|p1a: Mienshao
|
|-heal|p2a: Musho|268\/322|[from] item: Leftovers
|
|switch|p1a: Haxorus|Haxorus, M|302\/302
|-ability|p1a: Haxorus|Mold Breaker
|turn|16
|
|move|p2a: Musho|Hidden Power|p1a: Haxorus
|-supereffective|p1a: Haxorus
|-damage|p1a: Haxorus|0 fnt
|faint|p1a: Haxorus
|
|-heal|p2a: Musho|288\/322|[from] item: Leftovers
|-message|Conorconorf forfeited.
|
|win|Mlle Noob
|raw|Ladder updating...
|raw|Conorconorf's rating: 1211 &rarr; <strong>1183<\/strong><br \/>(-28 for losing)
|raw|Mlle Noob's rating: 1169 &rarr; <strong>1197<\/strong><br \/>(+28 for winning)
|leave|Conorconorf
|player|p1