|join|AllSeeingGoggles
|join|Mlle Noob
|player|p1|AllSeeingGoggles|265
|player|p2|Mlle Noob|289
|gametype|singles
|gen|6
|tier|UU
|rated
|rule|Sleep Clause Mod: Limit one foe put to sleep
|rule|Species Clause: Limit one of each PokÃ©mon
|rule|OHKO Clause: OHKO moves are banned
|rule|Moody Clause: Moody is banned
|rule|Evasion Moves Clause: Evasion moves are banned
|rule|Endless Battle Clause: Forcing endless battles is banned
|rule|HP Percentage Mod: HP is shown in percentages
|clearpoke
|poke|p1|Absol, F
|poke|p1|Reuniclus, M
|poke|p1|Jumpluff, F
|poke|p1|Forretress, F
|poke|p1|Starmie
|poke|p1|Haunter, M
|poke|p2|Absol, F
|poke|p2|Fletchinder, F, shiny
|poke|p2|Donphan, M
|poke|p2|Uxie
|poke|p2|Raikou, shiny
|poke|p2|Zygarde
|rule|Swagger Clause: Swagger is banned
|rule|Baton Pass Clause: Limit one PokÃ©mon knowing Baton Pass
|teampreview
|
|start
|switch|p1a: Forretress|Forretress, F|353\/353
|switch|p2a: Angela|Absol, F|271\/271
|-ability|p2a: Angela|Pressure
|turn|1
|
|detailschange|p2a: Angela|Absol-Mega, F
|-mega|p2a: Angela|Absol|Absolite
|move|p2a: Angela|Will-O-Wisp|p1a: Forretress
|-status|p1a: Forretress|brn
|move|p1a: Forretress|Stealth Rock|p2a: Angela
|move|p2a: Angela|Stealth Rock|p1a: Forretress|[from]Magic Bounce
|-sidestart|p1: AllSeeingGoggles|move: Stealth Rock
|
|-damage|p1a: Forretress|309\/353 brn|[from] brn
|turn|2
|
|switch|p2a: Uzzzi|Uxie|353\/353
|move|p1a: Forretress|Earthquake|p2a: Uzzzi
|-immune|p2a: Uzzzi|[msg]
|
|-damage|p1a: Forretress|265\/353 brn|[from] brn
|turn|3
|
|move|p2a: Uzzzi|Knock Off|p1a: Forretress
|-damage|p1a: Forretress|229\/353 brn
|-damage|p2a: Uzzzi|295\/353|[from] item: Rocky Helmet|[of] p1a: Forretress
|-enditem|p1a: Forretress|Rocky Helmet|[from] move: Knock Off|[of] p2a: Uzzzi
|move|p1a: Forretress|Toxic Spikes|p2a: Uzzzi
|-sidestart|p2: Mlle Noob|move: Toxic Spikes
|
|-heal|p2a: Uzzzi|317\/353|[from] item: Leftovers
|-damage|p1a: Forretress|185\/353 brn|[from] brn
|turn|4
|
|switch|p1a: Absol|Absol, F|271\/271
|-damage|p1a: Absol|238\/271|[from] Stealth Rock
|move|p2a: Uzzzi|U-turn|p1a: Absol
|-supereffective|p1a: Absol
|-damage|p1a: Absol|84\/271
|
|switch|p2a: Rodolfo|Donphan, M|383\/383
|-status|p2a: Rodolfo|psn
|
|-damage|p2a: Rodolfo|336\/383 psn|[from] psn
|-status|p1a: Absol|brn|[from] item: Flame Orb
|turn|5
|
|move|p1a: Absol|Knock Off|p2a: Rodolfo
|-crit|p2a: Rodolfo
|-damage|p2a: Rodolfo|245\/383 psn
|-enditem|p2a: Rodolfo|Leftovers|[from] move: Knock Off|[of] p1a: Absol
|move|p2a: Rodolfo|Rapid Spin|p1a: Absol
|-damage|p1a: Absol|54\/271 brn
|-sideend|p2: Mlle Noob|Toxic Spikes|[from] move: Rapid Spin|[of] p2a: Rodolfo
|
|-damage|p1a: Absol|21\/271 brn|[from] brn
|-damage|p2a: Rodolfo|198\/383 psn|[from] psn
|turn|6
|
|move|p1a: Absol|Facade|p2a: Rodolfo
|-damage|p2a: Rodolfo|78\/383 psn
|move|p2a: Rodolfo|Earthquake|p1a: Absol
|-damage|p1a: Absol|0 fnt
|faint|p1a: Absol
|
|-damage|p2a: Rodolfo|31\/383 psn|[from] psn
|
|switch|p1a: Starmie|Starmie|261\/261
|-damage|p1a: Starmie|229\/261|[from] Stealth Rock
|turn|7
|
|switch|p2a: Uzzzi|Uxie|317\/353
|move|p1a: Starmie|Rapid Spin|p2a: Uzzzi
|-damage|p2a: Uzzzi|305\/353
|-sideend|p1: AllSeeingGoggles|Stealth Rock|[from] move: Rapid Spin|[of] p1a: Starmie
|
|-heal|p2a: Uzzzi|327\/353|[from] item: Leftovers
|turn|8
|
|move|p1a: Starmie|Confuse Ray|p2a: Uzzzi
|-start|p2a: Uzzzi|confusion
|-activate|p2a: Uzzzi|confusion
|move|p2a: Uzzzi|Knock Off|p1a: Starmie
|-supereffective|p1a: Starmie
|-damage|p1a: Starmie|101\/261
|-enditem|p1a: Starmie|Sea Incense|[from] move: Knock Off|[of] p2a: Uzzzi
|
|-heal|p2a: Uzzzi|349\/353|[from] item: Leftovers
|turn|9
|
|move|p1a: Starmie|Surf|p2a: Uzzzi
|-damage|p2a: Uzzzi|261\/353
|-activate|p2a: Uzzzi|confusion
|move|p2a: Uzzzi|Stealth Rock|p1a: Starmie
|-sidestart|p1: AllSeeingGoggles|move: Stealth Rock
|
|-heal|p2a: Uzzzi|283\/353|[from] item: Leftovers
|turn|10
|
|move|p1a: Starmie|Rapid Spin|p2a: Uzzzi
|-damage|p2a: Uzzzi|274\/353
|-sideend|p1: AllSeeingGoggles|Stealth Rock|[from] move: Rapid Spin|[of] p1a: Starmie
|-end|p2a: Uzzzi|confusion
|move|p2a: Uzzzi|Knock Off|p1a: Starmie
|-supereffective|p1a: Starmie
|-damage|p1a: Starmie|15\/261
|
|-heal|p2a: Uzzzi|296\/353|[from] item: Leftovers
|turn|11
|
|move|p1a: Starmie|Confuse Ray|p2a: Uzzzi
|-start|p2a: Uzzzi|confusion
|-activate|p2a: Uzzzi|confusion
|-damage|p2a: Uzzzi|277\/353|[from] confusion
|
|-heal|p2a: Uzzzi|299\/353|[from] item: Leftovers
|turn|12
|
|move|p1a: Starmie|Surf|p2a: Uzzzi
|-damage|p2a: Uzzzi|211\/353
|-end|p2a: Uzzzi|confusion
|move|p2a: Uzzzi|Knock Off|p1a: Starmie
|-supereffective|p1a: Starmie
|-damage|p1a: Starmie|0 fnt
|faint|p1a: Starmie
|
|-heal|p2a: Uzzzi|233\/353|[from] item: Leftovers
|
|switch|p1a: Haunter|Haunter, M|294\/294
|turn|13
|
|move|p1a: Haunter|Hypnosis|p2a: Uzzzi
|-status|p2a: Uzzzi|slp
|cant|p2a: Uzzzi|slp
|
|-heal|p2a: Uzzzi|255\/353 slp|[from] item: Leftovers
|turn|14
|
|move|p1a: Haunter|Dream Eater|p2a: Uzzzi
|-resisted|p2a: Uzzzi
|-damage|p2a: Uzzzi|226\/353 slp
|cant|p2a: Uzzzi|slp
|
|-heal|p2a: Uzzzi|248\/353 slp|[from] item: Leftovers
|turn|15
|
|move|p1a: Haunter|Curse|p2a: Uzzzi
|-start|p2a: Uzzzi|Curse|[of] p1a: Haunter
|-damage|p1a: Haunter|147\/294
|cant|p2a: Uzzzi|slp
|
|-heal|p1a: Haunter|165\/294|[from] item: Black Sludge
|-heal|p2a: Uzzzi|270\/353 slp|[from] item: Leftovers
|-damage|p2a: Uzzzi|182\/353 slp|[from] Curse
|turn|16
|
|switch|p1a: Jumpluff|Jumpluff, F|353\/353
|-curestatus|p2a: Uzzzi|slp
|move|p2a: Uzzzi|Stealth Rock|p1a: Jumpluff
|-sidestart|p1: AllSeeingGoggles|move: Stealth Rock
|
|-heal|p2a: Uzzzi|204\/353|[from] item: Leftovers
|-damage|p2a: Uzzzi|116\/353|[from] Curse
|turn|17
|
|move|p1a: Jumpluff|Sleep Powder|p2a: Uzzzi
|-status|p2a: Uzzzi|slp
|cant|p2a: Uzzzi|slp
|
|-heal|p2a: Uzzzi|138\/353 slp|[from] item: Leftovers
|-damage|p2a: Uzzzi|50\/353 slp|[from] Curse
|turn|18
|
|switch|p1a: Haunter|Haunter, M|165\/294
|-damage|p1a: Haunter|129\/294|[from] Stealth Rock
|cant|p2a: Uzzzi|slp
|
|-heal|p1a: Haunter|147\/294|[from] item: Black Sludge
|-heal|p2a: Uzzzi|72\/353 slp|[from] item: Leftovers
|-damage|p2a: Uzzzi|0 fnt|[from] Curse
|faint|p2a: Uzzzi
|
|switch|p2a: Angela|Absol-Mega, F|271\/271
|turn|19
|
|move|p2a: Angela|Sucker Punch|p1a: Haunter
|-fail|p1a: Haunter
|move|p1a: Haunter|Hypnosis|p2a: Angela
|move|p2a: Angela|Hypnosis|p1a: Haunter|[from]Magic Bounce
|-status|p1a: Haunter|slp
|
|-heal|p1a: Haunter|165\/294 slp|[from] item: Black Sludge
|turn|20
|
|switch|p1a: Forretress|Forretress, F|185\/353 brn
|-damage|p1a: Forretress|141\/353 brn|[from] Stealth Rock
|move|p2a: Angela|Play Rough|p1a: Forretress|[miss]
|-miss|p2a: Angela|p1a: Forretress
|
|-damage|p1a: Forretress|97\/353 brn|[from] brn
|turn|21
|
|switch|p2a: 5|Fletchinder, F, shiny|327\/327
|move|p1a: Forretress|Earthquake|p2a: 5
|-immune|p2a: 5|[msg]
|
|-damage|p1a: Forretress|53\/353 brn|[from] brn
|turn|22
|
|switch|p1a: Reuniclus|Reuniclus, M|424\/424
|move|p2a: 5|Acrobatics|p1a: Reuniclus
|-damage|p1a: Reuniclus|229\/424
|
|-heal|p1a: Reuniclus|255\/424|[from] item: Leftovers
|turn|23
|
|switch|p2a: Angela|Absol-Mega, F|271\/271
|move|p1a: Reuniclus|Trick Room|p1a: Reuniclus
|-fieldstart|move: Trick Room|[of] p1a: Reuniclus
|
|-heal|p1a: Reuniclus|281\/424|[from] item: Leftovers
|turn|24
|
|move|p2a: Angela|Protect|p2a: Angela
|-singleturn|p2a: Angela|Protect
|move|p1a: Reuniclus|Drain Punch|p2a: Angela
|-activate|p2a: Angela|Protect
|
|-heal|p1a: Reuniclus|307\/424|[from] item: Leftovers
|turn|25
|
|move|p2a: Angela|Sucker Punch|p1a: Reuniclus
|-supereffective|p1a: Reuniclus
|-damage|p1a: Reuniclus|0 fnt
|faint|p1a: Reuniclus
|
|
|switch|p1a: Jumpluff|Jumpluff, F|353\/353
|-damage|p1a: Jumpluff|265\/353|[from] Stealth Rock
|turn|26
|
|move|p1a: Jumpluff|Sleep Powder|p2a: Angela
|move|p2a: Angela|Sleep Powder|p1a: Jumpluff|[from]Magic Bounce
|-fail|p1a: Jumpluff
|move|p2a: Angela|Will-O-Wisp|p1a: Jumpluff
|-status|p1a: Jumpluff|brn
|
|-damage|p1a: Jumpluff|221\/353 brn|[from] brn
|turn|27
|
|move|p2a: Angela|Protect|p2a: Angela
|-singleturn|p2a: Angela|Protect
|move|p1a: Jumpluff|Aerial Ace|p2a: Angela
|-activate|p2a: Angela|Protect
|
|-damage|p1a: Jumpluff|177\/353 brn|[from] brn
|-fieldend|move: Trick Room
|turn|28
|
|switch|p2a: Musho|Raikou, shiny|321\/321
|-ability|p2a: Musho|Pressure
|move|p1a: Jumpluff|Aerial Ace|p2a: Musho
|-resisted|p2a: Musho
|-damage|p2a: Musho|306\/321
|
|-heal|p2a: Musho|321\/321|[from] item: Leftovers
|-damage|p1a: Jumpluff|133\/353 brn|[from] brn
|turn|29
|
|switch|p1a: Haunter|Haunter, M|165\/294 slp
|-damage|p1a: Haunter|129\/294 slp|[from] Stealth Rock
|move|p2a: Musho|Hidden Power|p1a: Haunter
|-damage|p1a: Haunter|21\/294 slp
|
|-heal|p1a: Haunter|39\/294 slp|[from] item: Black Sludge
|turn|30
|
|move|p2a: Musho|Substitute|p2a: Musho
|-start|p2a: Musho|Substitute
|-damage|p2a: Musho|241\/321
|cant|p1a: Haunter|slp
|
|-heal|p2a: Musho|261\/321|[from] item: Leftovers
|-heal|p1a: Haunter|57\/294 slp|[from] item: Black Sludge
|turn|31
|
|move|p2a: Musho|Thunderbolt|p1a: Haunter
|-damage|p1a: Haunter|0 fnt
|faint|p1a: Haunter
|
|-heal|p2a: Musho|281\/321|[from] item: Leftovers
|
|switch|p1a: Jumpluff|Jumpluff, F|133\/353 brn
|-damage|p1a: Jumpluff|45\/353 brn|[from] Stealth Rock
|turn|32
|
|move|p2a: Musho|Thunderbolt|p1a: Jumpluff
|-damage|p1a: Jumpluff|0 fnt
|faint|p1a: Jumpluff
|
|-heal|p2a: Musho|301\/321|[from] item: Leftovers
|
|switch|p1a: Forretress|Forretress, F|53\/353 brn
|-damage|p1a: Forretress|9\/353 brn|[from] Stealth Rock
|turn|33
|
|move|p2a: Musho|Thunderbolt|p1a: Forretress
|-crit|p1a: Forretress
|-damage|p1a: Forretress|0 fnt
|faint|p1a: Forretress
|
|win|Mlle Noob
|raw|Ladder updating...
|raw|AllSeeingGoggles's rating: 1077 &rarr; <strong>1058<\/strong><br \/>(-19 for losing)
|raw|Mlle Noob's rating: 1117 &rarr; <strong>1139<\/strong><br \/>(+22 for winning)