|join|taylorswift4life
|join|Mlle Noob
|player|p1|taylorswift4life|2
|player|p2|Mlle Noob|289
|gametype|singles
|gen|6
|tier|UU
|rated
|rule|Sleep Clause Mod: Limit one foe put to sleep
|rule|Species Clause: Limit one of each PokÃ©mon
|rule|OHKO Clause: OHKO moves are banned
|rule|Moody Clause: Moody is banned
|rule|Evasion Moves Clause: Evasion moves are banned
|rule|Endless Battle Clause: Forcing endless battles is banned
|rule|HP Percentage Mod: HP is shown in percentages
|clearpoke
|poke|p1|Aerodactyl, M
|poke|p1|Darmanitan, M
|poke|p1|Hydreigon, F
|poke|p1|Jirachi
|poke|p1|Kingdra, M
|poke|p1|Galvantula, F
|poke|p2|Fletchinder, F, shiny
|poke|p2|Flygon, M
|poke|p2|Uxie
|poke|p2|Absol, F
|poke|p2|Donphan, M
|poke|p2|Raikou, shiny
|rule|Swagger Clause: Swagger is banned
|rule|Baton Pass Clause: Limit one PokÃ©mon knowing Baton Pass
|teampreview
|
|start
|switch|p1a: Galvantula|Galvantula, F|281\/281
|switch|p2a: Musho|Raikou, shiny|322\/322
|-ability|p2a: Musho|Pressure
|turn|1
|
|move|p2a: Musho|Calm Mind|p2a: Musho
|-boost|p2a: Musho|spa|1
|-boost|p2a: Musho|spd|1
|move|p1a: Galvantula|Bug Buzz|p2a: Musho
|-damage|p2a: Musho|229\/322
|
|-heal|p2a: Musho|249\/322|[from] item: Leftovers
|turn|2
|
|move|p2a: Musho|Calm Mind|p2a: Musho
|-boost|p2a: Musho|spa|1
|-boost|p2a: Musho|spd|1
|move|p1a: Galvantula|Volt Switch|p2a: Musho
|-crit|p2a: Musho
|-resisted|p2a: Musho
|-damage|p2a: Musho|167\/322
|
|switch|p1a: Hydreigon|Hydreigon, F|325\/325
|
|-heal|p2a: Musho|187\/322|[from] item: Leftovers
|turn|3
|
|move|p2a: Musho|Hidden Power|p1a: Hydreigon
|-supereffective|p1a: Hydreigon
|-damage|p1a: Hydreigon|43\/325
|move|p1a: Hydreigon|Draco Meteor|p2a: Musho
|-damage|p2a: Musho|7\/322
|-unboost|p1a: Hydreigon|spa|2
|
|-heal|p2a: Musho|27\/322|[from] item: Leftovers
|turn|4
|
|switch|p1a: Jirachi|Jirachi|341\/341
|move|p2a: Musho|Thunderbolt|p1a: Jirachi
|-damage|p1a: Jirachi|73\/341
|
|-heal|p2a: Musho|47\/322|[from] item: Leftovers
|turn|5
|
|switch|p2a: Uzzi|Uxie|354\/354
|move|p1a: Jirachi|U-turn|p2a: Uzzi
|-supereffective|p2a: Uzzi
|-damage|p2a: Uzzi|254\/354
|
|switch|p1a: Hydreigon|Hydreigon, F|43\/325
|
|-heal|p2a: Uzzi|276\/354|[from] item: Leftovers
|turn|6
|
|move|p1a: Hydreigon|Dark Pulse|p2a: Uzzi
|-supereffective|p2a: Uzzi
|-damage|p2a: Uzzi|0 fnt
|faint|p2a: Uzzi
|
|
|switch|p2a: D-Angelo|Absol, F|271\/271
|turn|7
|
|detailschange|p2a: D-Angelo|Absol-Mega, F
|message|Absol has Mega Evolved into Mega Absol!
|move|p2a: D-Angelo|Sucker Punch|p1a: Hydreigon
|-resisted|p1a: Hydreigon
|-damage|p1a: Hydreigon|0 fnt
|faint|p1a: Hydreigon
|
|
|switch|p1a: Galvantula|Galvantula, F|281\/281
|turn|8
|
|move|p2a: D-Angelo|Play Rough|p1a: Galvantula
|-damage|p1a: Galvantula|104\/281
|move|p1a: Galvantula|Bug Buzz|p2a: D-Angelo
|-supereffective|p2a: D-Angelo
|-damage|p2a: D-Angelo|0 fnt
|faint|p2a: D-Angelo
|
|
|switch|p2a: Flygon|Flygon, M|301\/301
|turn|9
|
|move|p2a: Flygon|Dragon Claw|p1a: Galvantula
|-damage|p1a: Galvantula|0 fnt
|faint|p1a: Galvantula
|
|
|switch|p1a: Aerodactyl|Aerodactyl, M|302\/302
|-ability|p1a: Aerodactyl|Pressure
|turn|10
|
|detailschange|p1a: Aerodactyl|Aerodactyl-Mega, M
|message|Aerodactyl has Mega Evolved into Mega Aerodactyl!
|move|p2a: Flygon|Dragon Claw|p1a: Aerodactyl
|-damage|p1a: Aerodactyl|164\/302
|move|p1a: Aerodactyl|Aerial Ace|p2a: Flygon
|-damage|p2a: Flygon|112\/301
|
|turn|11
|
|switch|p2a: Rodolfo|Donphan, M|384\/384
|move|p1a: Aerodactyl|Aerial Ace|p2a: Rodolfo
|-damage|p2a: Rodolfo|276\/384
|
|-heal|p2a: Rodolfo|300\/384|[from] item: Leftovers
|turn|12
|
|switch|p1a: Kingdra|Kingdra, M|291\/291
|move|p2a: Rodolfo|Ice Shard|p1a: Kingdra
|-damage|p1a: Kingdra|255\/291
|
|-heal|p2a: Rodolfo|324\/384|[from] item: Leftovers
|turn|13
|
|move|p1a: Kingdra|Scald|p2a: Rodolfo
|-supereffective|p2a: Rodolfo
|-damage|p2a: Rodolfo|0 fnt
|faint|p2a: Rodolfo
|
|
|switch|p2a: Flygon|Flygon, M|112\/301
|turn|14
|
|switch|p1a: Darmanitan|Darmanitan, M|351\/351
|move|p2a: Flygon|Dragon Claw|p1a: Darmanitan
|-damage|p1a: Darmanitan|150\/351
|
|turn|15
|
|move|p2a: Flygon|Dragon Claw|p1a: Darmanitan
|-damage|p1a: Darmanitan|0 fnt
|faint|p1a: Darmanitan
|
|
|switch|p1a: Jirachi|Jirachi|73\/341
|turn|16
|
|move|p2a: Flygon|Dragon Claw|p1a: Jirachi
|-resisted|p1a: Jirachi
|-damage|p1a: Jirachi|12\/341
|move|p1a: Jirachi|Iron Head|p2a: Flygon
|-damage|p2a: Flygon|0 fnt
|faint|p2a: Flygon
|
|
|switch|p2a: 5|Fletchinder, F, shiny|327\/327
|turn|17
|
|switch|p1a: Kingdra|Kingdra, M|255\/291
|move|p2a: 5|Swords Dance|p2a: 5
|-boost|p2a: 5|atk|2
|
|turn|18
|
|move|p2a: 5|Acrobatics|p1a: Kingdra
|-damage|p1a: Kingdra|0 fnt
|faint|p1a: Kingdra
|
|
|switch|p1a: Aerodactyl|Aerodactyl-Mega, M|164\/302
|turn|19
|
|move|p2a: 5|Acrobatics|p1a: Aerodactyl
|-resisted|p1a: Aerodactyl
|-damage|p1a: Aerodactyl|0 fnt
|faint|p1a: Aerodactyl
|
|c|âtaylorswift4life|oh dang
|c|âtaylorswift4life|gg
|c|âMlle Noob|gg
|-message|taylorswift4life forfeited.
|
|win|Mlle Noob
|raw|Ladder updating...
|leave|taylorswift4life
|player|p1
|raw|taylorswift4life's rating: 1234 &rarr; <strong>1213<\/strong><br \/>(-21 for losing)
|raw|Mlle Noob's rating: 1287 &rarr; <strong>1309<\/strong><br \/>(+22 for winning)
|c|âMlle Noob|so closet