|join|Mlle Noob
|join|Batian
|player|p1|Mlle Noob|289
|player|p2|Batian|102
|gametype|singles
|gen|6
|tier|UU
|rated
|rule|Sleep Clause Mod: Limit one foe put to sleep
|rule|Species Clause: Limit one of each PokÃ©mon
|rule|OHKO Clause: OHKO moves are banned
|rule|Moody Clause: Moody is banned
|rule|Evasion Moves Clause: Evasion moves are banned
|rule|Endless Battle Clause: Forcing endless battles is banned
|rule|HP Percentage Mod: HP is shown in percentages
|clearpoke
|poke|p1|Absol, F
|poke|p1|Fletchinder, F, shiny
|poke|p1|Donphan, M
|poke|p1|Uxie
|poke|p1|Raikou, shiny
|poke|p1|Zygarde
|poke|p2|Roserade, F
|poke|p2|Audino, F
|poke|p2|Empoleon, F
|poke|p2|Zebstrika, M
|poke|p2|Crobat, M
|poke|p2|Krookodile, M
|rule|Swagger Clause: Swagger is banned
|rule|Baton Pass Clause: Limit one PokÃ©mon knowing Baton Pass
|teampreview
|
|start
|switch|p1a: Angela|Absol, F|271\/271
|switch|p2a: Roserade|Roserade, F|323\/323
|-ability|p1a: Angela|Pressure
|turn|1
|
|detailschange|p1a: Angela|Absol-Mega, F
|-mega|p1a: Angela|Absol|Absolite
|move|p1a: Angela|Protect|p1a: Angela
|-singleturn|p1a: Angela|Protect
|move|p2a: Roserade|Sleep Powder|p1a: Angela
|-activate|p1a: Angela|Protect
|
|turn|2
|
|move|p1a: Angela|Will-O-Wisp|p2a: Roserade
|-status|p2a: Roserade|brn
|move|p2a: Roserade|Sleep Powder|p1a: Angela
|move|p1a: Angela|Sleep Powder|p2a: Roserade|[from]Magic Bounce|[miss]
|-miss|p1a: Angela|p2a: Roserade
|
|-damage|p2a: Roserade|283\/323 brn|[from] brn
|turn|3
|
|switch|p1a: Uzzzi|Uxie|353\/353
|switch|p2a: Crobat|Crobat, M|373\/373
|
|turn|4
|
|move|p2a: Crobat|U-turn|p1a: Uzzzi
|-supereffective|p1a: Uzzzi
|-damage|p1a: Uzzzi|275\/353
|
|switch|p2a: Krookodile|Krookodile, M|332\/332
|-ability|p2a: Krookodile|Intimidate|[of] p1a: Uzzzi
|-unboost|p1a: Uzzzi|atk|1
|move|p1a: Uzzzi|Knock Off|p2a: Krookodile
|-resisted|p2a: Krookodile
|-damage|p2a: Krookodile|309\/332
|-enditem|p2a: Krookodile|Choice Band|[from] move: Knock Off|[of] p1a: Uzzzi
|
|-heal|p1a: Uzzzi|297\/353|[from] item: Leftovers
|turn|5
|
|move|p2a: Krookodile|Pursuit|p1a: Uzzzi
|-supereffective|p1a: Uzzzi
|-damage|p1a: Uzzzi|195\/353
|move|p1a: Uzzzi|Yawn|p2a: Krookodile
|-start|p2a: Krookodile|move: Yawn|[of] p1a: Uzzzi
|
|-heal|p1a: Uzzzi|217\/353|[from] item: Leftovers
|turn|6
|
|move|p2a: Krookodile|Knock Off|p1a: Uzzzi
|-supereffective|p1a: Uzzzi
|-damage|p1a: Uzzzi|0 fnt
|-enditem|p1a: Uzzzi|Leftovers|[from] move: Knock Off|[of] p2a: Krookodile
|faint|p1a: Uzzzi
|
|-status|p2a: Krookodile|slp
|
|switch|p1a: Rodolfo|Donphan, M|383\/383
|turn|7
|
|switch|p2a: Crobat|Crobat, M|373\/373
|move|p1a: Rodolfo|Ice Shard|p2a: Crobat
|-supereffective|p2a: Crobat
|-damage|p2a: Crobat|277\/373
|
|-heal|p2a: Crobat|300\/373|[from] item: Black Sludge
|turn|8
|
|move|p1a: Rodolfo|Ice Shard|p2a: Crobat
|-supereffective|p2a: Crobat
|-damage|p2a: Crobat|204\/373
|move|p2a: Crobat|Brave Bird|p1a: Rodolfo
|-damage|p1a: Rodolfo|293\/383
|-damage|p2a: Crobat|174\/373|[from] recoil|[of] p1a: Rodolfo
|
|-heal|p2a: Crobat|197\/373|[from] item: Black Sludge
|-heal|p1a: Rodolfo|316\/383|[from] item: Leftovers
|turn|9
|
|switch|p2a: Empoleon|Empoleon, F|310\/310
|switch|p1a: Musho|Raikou, shiny|321\/321
|-ability|p1a: Musho|Pressure
|
|turn|10
|
|switch|p2a: Krookodile|Krookodile, M|309\/332 slp
|-ability|p2a: Krookodile|Intimidate|[of] p1a: Musho
|-unboost|p1a: Musho|atk|1
|move|p1a: Musho|Thunderbolt|p2a: Krookodile
|-immune|p2a: Krookodile|[msg]
|
|turn|11
|
|switch|p2a: Audino|Audino, F|410\/410
|move|p1a: Musho|Hidden Power|p2a: Audino
|-damage|p2a: Audino|360\/410
|
|turn|12
|
|detailschange|p2a: Audino|Audino-Mega, F
|-mega|p2a: Audino|Audino|Audinite
|move|p1a: Musho|Calm Mind|p1a: Musho
|-boost|p1a: Musho|spa|1
|-boost|p1a: Musho|spd|1
|move|p2a: Audino|Heal Bell|p2a: Audino
|-cureteam|p2a: Audino|[from] move: HealBell
|
|turn|13
|
|move|p1a: Musho|Substitute|p1a: Musho
|-start|p1a: Musho|Substitute
|-damage|p1a: Musho|241\/321
|move|p2a: Audino|Toxic|p1a: Musho
|
|-heal|p1a: Musho|261\/321|[from] item: Leftovers
|turn|14
|
|move|p1a: Musho|Calm Mind|p1a: Musho
|-boost|p1a: Musho|spa|1
|-boost|p1a: Musho|spd|1
|move|p2a: Audino|Draining Kiss|p1a: Musho
|-activate|p1a: Musho|Substitute|[damage]
|-heal|p2a: Audino|378\/410|[from] drain|[of] p1a: Musho
|
|-heal|p1a: Musho|281\/321|[from] item: Leftovers
|turn|15
|
|switch|p2a: Krookodile|Krookodile, M|309\/332
|-activate|p1a: Musho|Substitute|ability: Intimidate|[of] p2a: Krookodile
|move|p1a: Musho|Thunderbolt|p2a: Krookodile
|-immune|p2a: Krookodile|[msg]
|
|-heal|p1a: Musho|301\/321|[from] item: Leftovers
|turn|16
|
|move|p1a: Musho|Thunderbolt|p2a: Krookodile
|-immune|p2a: Krookodile|[msg]
|move|p2a: Krookodile|Earthquake|p1a: Musho
|-supereffective|p1a: Musho
|-end|p1a: Musho|Substitute
|
|-heal|p1a: Musho|321\/321|[from] item: Leftovers
|turn|17
|
|move|p1a: Musho|Hidden Power|p2a: Krookodile
|-supereffective|p2a: Krookodile
|-damage|p2a: Krookodile|0 fnt
|faint|p2a: Krookodile
|
|
|switch|p2a: Audino|Audino-Mega, F|378\/410
|turn|18
|
|move|p1a: Musho|Thunderbolt|p2a: Audino
|-damage|p2a: Audino|189\/410
|move|p2a: Audino|Toxic|p1a: Musho
|-status|p1a: Musho|tox
|
|-damage|p1a: Musho|301\/321 tox|[from] psn
|turn|19
|
|switch|p2a: Roserade|Roserade, F|283\/323
|move|p1a: Musho|Hidden Power|p2a: Roserade
|-supereffective|p2a: Roserade
|-damage|p2a: Roserade|43\/323
|
|-heal|p1a: Musho|321\/321 tox|[from] item: Leftovers
|-damage|p1a: Musho|281\/321 tox|[from] psn
|turn|20
|
|move|p1a: Musho|Thunderbolt|p2a: Roserade
|-resisted|p2a: Roserade
|-damage|p2a: Roserade|0 fnt
|faint|p2a: Roserade
|
|-heal|p1a: Musho|301\/321 tox|[from] item: Leftovers
|-damage|p1a: Musho|241\/321 tox|[from] psn
|
|switch|p2a: Crobat|Crobat, M|197\/373
|turn|21
|
|move|p2a: Crobat|U-turn|p1a: Musho
|-damage|p1a: Musho|173\/321 tox
|
|switch|p2a: Empoleon|Empoleon, F|310\/310
|move|p1a: Musho|Thunderbolt|p2a: Empoleon
|-supereffective|p2a: Empoleon
|-damage|p2a: Empoleon|0 fnt
|faint|p2a: Empoleon
|
|-heal|p1a: Musho|193\/321 tox|[from] item: Leftovers
|-damage|p1a: Musho|113\/321 tox|[from] psn
|
|switch|p2a: Crobat|Crobat, M|197\/373
|turn|22
|
|move|p2a: Crobat|U-turn|p1a: Musho
|-damage|p1a: Musho|43\/321 tox
|
|switch|p2a: Zebstrika|Zebstrika, M|292\/292
|-item|p2a: Zebstrika|Air Balloon
|move|p1a: Musho|Thunderbolt|p2a: Zebstrika
|-resisted|p2a: Zebstrika
|-damage|p2a: Zebstrika|79\/292
|-enditem|p2a: Zebstrika|Air Balloon
|
|-heal|p1a: Musho|63\/321 tox|[from] item: Leftovers
|-damage|p1a: Musho|0 fnt|[from] psn
|faint|p1a: Musho
|
|switch|p1a: Rodolfo|Donphan, M|316\/383
|turn|23
|
|switch|p2a: Audino|Audino-Mega, F|189\/410
|move|p1a: Rodolfo|Earthquake|p2a: Audino
|-damage|p2a: Audino|71\/410
|
|-heal|p1a: Rodolfo|339\/383|[from] item: Leftovers
|turn|24
|
|move|p2a: Audino|Toxic|p1a: Rodolfo
|-status|p1a: Rodolfo|tox
|move|p1a: Rodolfo|Roar|p2a: Audino
|drag|p2a: Zebstrika|Zebstrika, M|79\/292
|
|-heal|p1a: Rodolfo|362\/383 tox|[from] item: Leftovers
|-damage|p1a: Rodolfo|339\/383 tox|[from] psn
|turn|25
|
|move|p1a: Rodolfo|Ice Shard|p2a: Zebstrika
|-damage|p2a: Zebstrika|24\/292
|move|p2a: Zebstrika|Volt Switch|p1a: Rodolfo
|-immune|p1a: Rodolfo|[msg]
|
|-heal|p1a: Rodolfo|362\/383 tox|[from] item: Leftovers
|-damage|p1a: Rodolfo|316\/383 tox|[from] psn
|turn|26
|
|switch|p2a: Crobat|Crobat, M|197\/373
|move|p1a: Rodolfo|Earthquake|p2a: Crobat
|-immune|p2a: Crobat|[msg]
|
|-heal|p2a: Crobat|220\/373|[from] item: Black Sludge
|-heal|p1a: Rodolfo|339\/383 tox|[from] item: Leftovers
|-damage|p1a: Rodolfo|270\/383 tox|[from] psn
|turn|27
|
|move|p1a: Rodolfo|Ice Shard|p2a: Crobat
|-supereffective|p2a: Crobat
|-damage|p2a: Crobat|130\/373
|move|p2a: Crobat|Roost|p2a: Crobat
|-heal|p2a: Crobat|317\/373
|
|-heal|p2a: Crobat|340\/373|[from] item: Black Sludge
|-heal|p1a: Rodolfo|293\/383 tox|[from] item: Leftovers
|-damage|p1a: Rodolfo|201\/383 tox|[from] psn
|turn|28
|
|switch|p1a: 5|Fletchinder, F, shiny|327\/327
|move|p2a: Crobat|Roost|p2a: Crobat
|-heal|p2a: Crobat|373\/373
|
|turn|29
|
|move|p2a: Crobat|U-turn|p1a: 5
|-resisted|p1a: 5
|-damage|p1a: 5|305\/327
|
|switch|p2a: Zebstrika|Zebstrika, M|24\/292
|move|p1a: 5|Will-O-Wisp|p2a: Zebstrika
|-status|p2a: Zebstrika|brn
|
|-damage|p2a: Zebstrika|0 fnt|[from] brn
|faint|p2a: Zebstrika
|
|switch|p2a: Audino|Audino-Mega, F|71\/410
|turn|30
|
|move|p1a: 5|Acrobatics|p2a: Audino
|-damage|p2a: Audino|0 fnt
|faint|p2a: Audino
|
|
|switch|p2a: Crobat|Crobat, M|373\/373
|turn|31
|
|move|p2a: Crobat|Brave Bird|p1a: 5
|-damage|p1a: 5|82\/327
|-damage|p2a: Crobat|299\/373|[from] recoil|[of] p1a: 5
|move|p1a: 5|Will-O-Wisp|p2a: Crobat|[miss]
|-miss|p1a: 5|p2a: Crobat
|
|-heal|p2a: Crobat|322\/373|[from] item: Black Sludge
|turn|32
|
|move|p1a: 5|Acrobatics|p2a: Crobat
|-damage|p2a: Crobat|135\/373
|move|p2a: Crobat|Brave Bird|p1a: 5
|-damage|p1a: 5|0 fnt
|-damage|p2a: Crobat|108\/373|[from] recoil|[of] p1a: 5
|faint|p1a: 5
|
|-heal|p2a: Crobat|131\/373|[from] item: Black Sludge
|
|switch|p1a: Angela|Absol-Mega, F|271\/271
|turn|33
|
|move|p1a: Angela|Sucker Punch|p2a: Crobat
|-fail|p2a: Crobat
|move|p2a: Crobat|Roost|p2a: Crobat
|-heal|p2a: Crobat|318\/373
|
|-heal|p2a: Crobat|341\/373|[from] item: Black Sludge
|turn|34
|
|move|p1a: Angela|Sucker Punch|p2a: Crobat
|-damage|p2a: Crobat|161\/373
|move|p2a: Crobat|U-turn|p1a: Angela
|-supereffective|p1a: Angela
|-damage|p1a: Angela|113\/271
|
|-heal|p2a: Crobat|184\/373|[from] item: Black Sludge
|turn|35
|
|move|p1a: Angela|Sucker Punch|p2a: Crobat
|-crit|p2a: Crobat
|-damage|p2a: Crobat|0 fnt
|faint|p2a: Crobat
|
|win|Mlle Noob
|raw|Ladder updating...
|raw|Mlle Noob's rating: 1143 &rarr; <strong>1163<\/strong><br \/>(+20 for winning)
|raw|Batian's rating: 1070 &rarr; <strong>1054<\/strong><br \/>(-16 for losing)