|join|Matt2395
|join|Mlle Noob
|player|p1|Matt2395|20
|player|p2|Mlle Noob|289
|gametype|singles
|gen|6
|tier|UU
|rated
|rule|Sleep Clause Mod: Limit one foe put to sleep
|rule|Species Clause: Limit one of each PokÃ©mon
|rule|OHKO Clause: OHKO moves are banned
|rule|Moody Clause: Moody is banned
|rule|Evasion Moves Clause: Evasion moves are banned
|rule|Endless Battle Clause: Forcing endless battles is banned
|rule|HP Percentage Mod: HP is shown in percentages
|clearpoke
|poke|p1|Machamp, M
|poke|p1|Vaporeon, M
|poke|p1|Honchkrow, F
|poke|p1|Forretress, M
|poke|p1|Galvantula, F
|poke|p1|Nidoking, M
|poke|p2|Absol, F
|poke|p2|Fletchinder, F, shiny
|poke|p2|Donphan, M
|poke|p2|Uxie
|poke|p2|Raikou, shiny
|poke|p2|Zygarde
|rule|Swagger Clause: Swagger is banned
|rule|Baton Pass Clause: Limit one PokÃ©mon knowing Baton Pass
|teampreview
|
|start
|switch|p1a: Galvantula|Galvantula, F|281\/281
|switch|p2a: Musho|Raikou, shiny|321\/321
|-ability|p2a: Musho|Pressure
|turn|1
|
|move|p2a: Musho|Calm Mind|p2a: Musho
|-boost|p2a: Musho|spa|1
|-boost|p2a: Musho|spd|1
|move|p1a: Galvantula|Sticky Web|p2a: Musho
|-sidestart|p2: Mlle Noob|move: Sticky Web
|
|turn|2
|
|move|p2a: Musho|Calm Mind|p2a: Musho
|-boost|p2a: Musho|spa|1
|-boost|p2a: Musho|spd|1
|move|p1a: Galvantula|Bug Buzz|p2a: Musho
|-damage|p2a: Musho|258\/321
|
|-heal|p2a: Musho|278\/321|[from] item: Leftovers
|turn|3
|
|switch|p1a: Nidoking|Nidoking, M|303\/303
|move|p2a: Musho|Thunderbolt|p1a: Nidoking
|-immune|p1a: Nidoking|[msg]
|
|-heal|p2a: Musho|298\/321|[from] item: Leftovers
|turn|4
|
|move|p2a: Musho|Substitute|p2a: Musho
|-start|p2a: Musho|Substitute
|-damage|p2a: Musho|218\/321
|move|p1a: Nidoking|Earth Power|p2a: Musho
|-supereffective|p2a: Musho
|-end|p2a: Musho|Substitute
|
|-heal|p2a: Musho|238\/321|[from] item: Leftovers
|turn|5
|
|move|p2a: Musho|Substitute|p2a: Musho
|-start|p2a: Musho|Substitute
|-damage|p2a: Musho|158\/321
|move|p1a: Nidoking|Earth Power|p2a: Musho
|-supereffective|p2a: Musho
|-end|p2a: Musho|Substitute
|
|-heal|p2a: Musho|178\/321|[from] item: Leftovers
|turn|6
|
|switch|p2a: Angela|Absol, F|271\/271
|-activate|p2a: Angela|move: Sticky Web
|-unboost|p2a: Angela|spe|1
|-ability|p2a: Angela|Pressure
|move|p1a: Nidoking|Earth Power|p2a: Angela
|-damage|p2a: Angela|0 fnt
|faint|p2a: Angela
|
|
|switch|p2a: Uzzzi|Uxie|353\/353
|turn|7
|
|move|p1a: Nidoking|Ice Beam|p2a: Uzzzi
|-damage|p2a: Uzzzi|263\/353
|move|p2a: Uzzzi|Knock Off|p1a: Nidoking
|-damage|p1a: Nidoking|228\/303
|-enditem|p1a: Nidoking|Life Orb|[from] move: Knock Off|[of] p2a: Uzzzi
|
|-heal|p2a: Uzzzi|285\/353|[from] item: Leftovers
|turn|8
|
|move|p1a: Nidoking|Stealth Rock|p2a: Uzzzi
|-sidestart|p2: Mlle Noob|move: Stealth Rock
|move|p2a: Uzzzi|Stealth Rock|p1a: Nidoking
|-sidestart|p1: Matt2395|move: Stealth Rock
|
|-heal|p2a: Uzzzi|307\/353|[from] item: Leftovers
|turn|9
|
|switch|p1a: Forretress|Forretress, M|353\/353
|-damage|p1a: Forretress|309\/353|[from] Stealth Rock
|move|p2a: Uzzzi|U-turn|p1a: Forretress
|-resisted|p1a: Forretress
|-damage|p1a: Forretress|293\/353
|
|switch|p2a: Rodolfo|Donphan, M|383\/383
|-damage|p2a: Rodolfo|360\/383|[from] Stealth Rock
|-activate|p2a: Rodolfo|move: Sticky Web
|-unboost|p2a: Rodolfo|spe|1
|
|-heal|p1a: Forretress|315\/353|[from] item: Leftovers
|-heal|p2a: Rodolfo|383\/383|[from] item: Leftovers
|turn|10
|
|move|p1a: Forretress|Toxic|p2a: Rodolfo
|-status|p2a: Rodolfo|tox
|move|p2a: Rodolfo|Rapid Spin|p1a: Forretress
|-resisted|p1a: Forretress
|-damage|p1a: Forretress|309\/353
|-sideend|p2: Mlle Noob|Stealth Rock|[from] move: Rapid Spin|[of] p2a: Rodolfo
|-sideend|p2: Mlle Noob|Sticky Web|[from] move: Rapid Spin|[of] p2a: Rodolfo
|
|-heal|p1a: Forretress|331\/353|[from] item: Leftovers
|-damage|p2a: Rodolfo|360\/383 tox|[from] psn
|turn|11
|
|switch|p2a: Uzzzi|Uxie|307\/353
|move|p1a: Forretress|Rapid Spin|p2a: Uzzzi
|-damage|p2a: Uzzzi|297\/353
|-sideend|p1: Matt2395|Stealth Rock|[from] move: Rapid Spin|[of] p1a: Forretress
|
|-heal|p2a: Uzzzi|319\/353|[from] item: Leftovers
|-heal|p1a: Forretress|353\/353|[from] item: Leftovers
|turn|12
|
|move|p2a: Uzzzi|Knock Off|p1a: Forretress
|-damage|p1a: Forretress|311\/353
|-enditem|p1a: Forretress|Leftovers|[from] move: Knock Off|[of] p2a: Uzzzi
|move|p1a: Forretress|Toxic|p2a: Uzzzi
|-status|p2a: Uzzzi|tox
|
|-heal|p2a: Uzzzi|341\/353 tox|[from] item: Leftovers
|-damage|p2a: Uzzzi|319\/353 tox|[from] psn
|turn|13
|
|move|p2a: Uzzzi|Yawn|p1a: Forretress
|-start|p1a: Forretress|move: Yawn|[of] p2a: Uzzzi
|move|p1a: Forretress|Volt Switch|p2a: Uzzzi
|-damage|p2a: Uzzzi|294\/353 tox
|
|switch|p1a: Vaporeon|Vaporeon, M|451\/451
|
|-heal|p2a: Uzzzi|316\/353 tox|[from] item: Leftovers
|-damage|p2a: Uzzzi|272\/353 tox|[from] psn
|turn|14
|
|move|p2a: Uzzzi|Yawn|p1a: Vaporeon
|-start|p1a: Vaporeon|move: Yawn|[of] p2a: Uzzzi
|move|p1a: Vaporeon|Work Up|p1a: Vaporeon
|-boost|p1a: Vaporeon|atk|1
|-boost|p1a: Vaporeon|spa|1
|
|-heal|p2a: Uzzzi|294\/353 tox|[from] item: Leftovers
|-damage|p2a: Uzzzi|228\/353 tox|[from] psn
|turn|15
|
|move|p2a: Uzzzi|Stealth Rock|p1a: Vaporeon
|-sidestart|p1: Matt2395|move: Stealth Rock
|move|p1a: Vaporeon|Baton Pass|p1a: Vaporeon
|
|switch|p1a: Machamp|Machamp, M|364\/364
|-damage|p1a: Machamp|342\/364|[from] Stealth Rock
|
|-heal|p2a: Uzzzi|250\/353 tox|[from] item: Leftovers
|-damage|p2a: Uzzzi|162\/353 tox|[from] psn
|turn|16
|
|move|p2a: Uzzzi|U-turn|p1a: Machamp
|-resisted|p1a: Machamp
|-damage|p1a: Machamp|316\/364
|
|switch|p2a: Rodolfo|Donphan, M|360\/383 tox
|move|p1a: Machamp|Knock Off|p2a: Rodolfo
|-damage|p2a: Rodolfo|238\/383 tox
|-enditem|p2a: Rodolfo|Leftovers|[from] move: Knock Off|[of] p1a: Machamp
|
|-damage|p2a: Rodolfo|215\/383 tox|[from] psn
|turn|17
|
|move|p1a: Machamp|Dynamic Punch|p2a: Rodolfo
|-damage|p2a: Rodolfo|22\/383 tox
|-start|p2a: Rodolfo|confusion
|-activate|p2a: Rodolfo|confusion
|move|p2a: Rodolfo|Roar|p1a: Machamp
|drag|p1a: Nidoking|Nidoking, M|228\/303
|-damage|p1a: Nidoking|210\/303|[from] Stealth Rock
|
|-damage|p2a: Rodolfo|0 fnt|[from] psn
|faint|p2a: Rodolfo
|
|switch|p2a: Lagarton|Zygarde|407\/407
|-ability|p2a: Lagarton|Aura Break
|turn|18
|
|move|p1a: Nidoking|Ice Beam|p2a: Lagarton
|-supereffective|p2a: Lagarton
|-damage|p2a: Lagarton|107\/407
|move|p2a: Lagarton|Substitute|p2a: Lagarton
|-start|p2a: Lagarton|Substitute
|-damage|p2a: Lagarton|6\/407
|
|-heal|p2a: Lagarton|31\/407|[from] item: Leftovers
|turn|19
|
|move|p1a: Nidoking|Ice Beam|p2a: Lagarton
|-supereffective|p2a: Lagarton
|-end|p2a: Lagarton|Substitute
|move|p2a: Lagarton|Earthquake|p1a: Nidoking
|-supereffective|p1a: Nidoking
|-damage|p1a: Nidoking|0 fnt
|faint|p1a: Nidoking
|
|-heal|p2a: Lagarton|56\/407|[from] item: Leftovers
|
|switch|p1a: Forretress|Forretress, M|311\/353
|-damage|p1a: Forretress|267\/353|[from] Stealth Rock
|turn|20
|
|move|p2a: Lagarton|Earthquake|p1a: Forretress
|-damage|p1a: Forretress|179\/353
|move|p1a: Forretress|Rapid Spin|p2a: Lagarton
|-damage|p2a: Lagarton|45\/407
|-sideend|p1: Matt2395|Stealth Rock|[from] move: Rapid Spin|[of] p1a: Forretress
|
|-heal|p2a: Lagarton|70\/407|[from] item: Leftovers
|turn|21
|
|switch|p2a: 5|Fletchinder, F, shiny|327\/327
|move|p1a: Forretress|Toxic|p2a: 5
|-status|p2a: 5|tox
|
|-damage|p2a: 5|307\/327 tox|[from] psn
|turn|22
|
|move|p2a: 5|Will-O-Wisp|p1a: Forretress
|-status|p1a: Forretress|brn
|move|p1a: Forretress|Volt Switch|p2a: 5
|-supereffective|p2a: 5
|-damage|p2a: 5|185\/327 tox
|
|switch|p1a: Galvantula|Galvantula, F|281\/281
|
|-damage|p2a: 5|145\/327 tox|[from] psn
|turn|23
|
|move|p2a: 5|Acrobatics|p1a: Galvantula
|-damage|p1a: Galvantula|77\/281
|move|p1a: Galvantula|Thunder|p2a: 5
|-crit|p2a: 5
|-supereffective|p2a: 5
|-damage|p2a: 5|0 fnt
|faint|p2a: 5
|
|
|switch|p2a: Musho|Raikou, shiny|178\/321
|-ability|p2a: Musho|Pressure
|turn|24
|
|move|p2a: Musho|Hidden Power|p1a: Galvantula
|-damage|p1a: Galvantula|0 fnt
|faint|p1a: Galvantula
|
|-heal|p2a: Musho|198\/321|[from] item: Leftovers
|
|switch|p1a: Honchkrow|Honchkrow, F|341\/341
|turn|25
|
|move|p1a: Honchkrow|Sucker Punch|p2a: Musho
|-fail|p2a: Musho
|move|p2a: Musho|Substitute|p2a: Musho
|-start|p2a: Musho|Substitute
|-damage|p2a: Musho|118\/321
|
|-heal|p2a: Musho|138\/321|[from] item: Leftovers
|turn|26
|
|move|p2a: Musho|Thunderbolt|p1a: Honchkrow
|-supereffective|p1a: Honchkrow
|-damage|p1a: Honchkrow|0 fnt
|faint|p1a: Honchkrow
|
|-heal|p2a: Musho|158\/321|[from] item: Leftovers
|
|switch|p1a: Vaporeon|Vaporeon, M|451\/451
|turn|27
|
|move|p2a: Musho|Thunderbolt|p1a: Vaporeon
|-supereffective|p1a: Vaporeon
|-damage|p1a: Vaporeon|185\/451
|move|p1a: Vaporeon|Scald|p2a: Musho
|-end|p2a: Musho|Substitute
|
|-heal|p2a: Musho|178\/321|[from] item: Leftovers
|-heal|p1a: Vaporeon|213\/451|[from] item: Leftovers
|turn|28
|
|move|p2a: Musho|Thunderbolt|p1a: Vaporeon
|-supereffective|p1a: Vaporeon
|-damage|p1a: Vaporeon|0 fnt
|faint|p1a: Vaporeon
|
|-heal|p2a: Musho|198\/321|[from] item: Leftovers
|
|switch|p1a: Machamp|Machamp, M|316\/364
|turn|29
|
|move|p2a: Musho|Substitute|p2a: Musho
|-start|p2a: Musho|Substitute
|-damage|p2a: Musho|118\/321
|move|p1a: Machamp|Dynamic Punch|p2a: Musho
|-end|p2a: Musho|Substitute
|
|-heal|p2a: Musho|138\/321|[from] item: Leftovers
|turn|30
|
|switch|p2a: Uzzzi|Uxie|162\/353 tox
|move|p1a: Machamp|Dynamic Punch|p2a: Uzzzi
|-resisted|p2a: Uzzzi
|-damage|p2a: Uzzzi|91\/353 tox
|-start|p2a: Uzzzi|confusion
|
|-heal|p2a: Uzzzi|113\/353 tox|[from] item: Leftovers
|-damage|p2a: Uzzzi|91\/353 tox|[from] psn
|turn|31
|
|-activate|p2a: Uzzzi|confusion
|-damage|p2a: Uzzzi|72\/353 tox|[from] confusion
|move|p1a: Machamp|Knock Off|p2a: Uzzzi
|-supereffective|p2a: Uzzzi
|-damage|p2a: Uzzzi|0 fnt
|-enditem|p2a: Uzzzi|Leftovers|[from] move: Knock Off|[of] p1a: Machamp
|faint|p2a: Uzzzi
|
|
|switch|p2a: Lagarton|Zygarde|70\/407
|-ability|p2a: Lagarton|Aura Break
|turn|32
|
|move|p1a: Machamp|Bullet Punch|p2a: Lagarton
|-damage|p2a: Lagarton|25\/407
|move|p2a: Lagarton|Coil|p2a: Lagarton
|-boost|p2a: Lagarton|atk|1
|-boost|p2a: Lagarton|def|1
|-boost|p2a: Lagarton|accuracy|1
|
|-heal|p2a: Lagarton|50\/407|[from] item: Leftovers
|turn|33
|
|move|p2a: Lagarton|Earthquake|p1a: Machamp
|-damage|p1a: Machamp|87\/364
|move|p1a: Machamp|Dynamic Punch|p2a: Lagarton
|-damage|p2a: Lagarton|0 fnt
|faint|p2a: Lagarton
|
|
|switch|p2a: Musho|Raikou, shiny|138\/321
|-ability|p2a: Musho|Pressure
|turn|34
|
|move|p1a: Machamp|Bullet Punch|p2a: Musho
|-resisted|p2a: Musho
|-damage|p2a: Musho|102\/321
|move|p2a: Musho|Thunderbolt|p1a: Machamp
|-damage|p1a: Machamp|0 fnt
|faint|p1a: Machamp
|
|-heal|p2a: Musho|122\/321|[from] item: Leftovers
|
|switch|p1a: Forretress|Forretress, M|179\/353 brn
|turn|35
|
|move|p2a: Musho|Substitute|p2a: Musho
|-start|p2a: Musho|Substitute
|-damage|p2a: Musho|42\/321
|move|p1a: Forretress|Toxic|p2a: Musho
|
|-heal|p2a: Musho|62\/321|[from] item: Leftovers
|-damage|p1a: Forretress|135\/353 brn|[from] brn
|turn|36
|
|move|p2a: Musho|Thunderbolt|p1a: Forretress
|-damage|p1a: Forretress|0 fnt
|faint|p1a: Forretress
|
|win|Mlle Noob
|raw|Ladder updating...
|raw|Matt2395's rating: 1128 &rarr; <strong>1104<\/strong><br \/>(-24 for losing)
|raw|Mlle Noob's rating: 1139 &rarr; <strong>1163<\/strong><br \/>(+24 for winning)