|join|Hyunation
|join|Mlle Noob
|player|p1|Hyunation|217
|player|p2|Mlle Noob|289
|gametype|singles
|gen|6
|tier|UU
|rated
|rule|Sleep Clause Mod: Limit one foe put to sleep
|rule|Species Clause: Limit one of each PokÃ©mon
|rule|OHKO Clause: OHKO moves are banned
|rule|Moody Clause: Moody is banned
|rule|Evasion Moves Clause: Evasion moves are banned
|rule|Endless Battle Clause: Forcing endless battles is banned
|rule|HP Percentage Mod: HP is shown in percentages
|clearpoke
|poke|p1|Haxorus, F
|poke|p1|Aggron, F
|poke|p1|Florges, F
|poke|p1|Entei, shiny
|poke|p1|Starmie
|poke|p1|Nidoqueen, F
|poke|p2|Fletchinder, F, shiny
|poke|p2|Flygon, F
|poke|p2|Uxie
|poke|p2|Absol, M
|poke|p2|Donphan, M
|poke|p2|Raikou, shiny
|rule|Swagger Clause: Swagger is banned
|rule|Baton Pass Clause: Limit one PokÃ©mon knowing Baton Pass
|teampreview
|
|start
|switch|p1a: Aggron|Aggron, F|344\/344
|switch|p2a: D-Angelo|Absol, M|271\/271
|turn|1
|
|detailschange|p2a: D-Angelo|Absol-Mega, M
|message|Absol has Mega Evolved into Mega Absol!
|detailschange|p1a: Aggron|Aggron-Mega, F
|message|Aggron has Mega Evolved into Mega Aggron!
|move|p2a: D-Angelo|Will-O-Wisp|p1a: Aggron
|-status|p1a: Aggron|brn
|move|p1a: Aggron|Heavy Slam|p2a: D-Angelo
|-damage|p2a: D-Angelo|138\/271
|
|-damage|p1a: Aggron|301\/344 brn|[from] brn
|turn|2
|
|move|p2a: D-Angelo|Protect|p2a: D-Angelo
|-singleturn|p2a: D-Angelo|Protect
|move|p1a: Aggron|Heavy Slam|p2a: D-Angelo
|-activate|p2a: D-Angelo|Protect
|
|-damage|p1a: Aggron|258\/344 brn|[from] brn
|turn|3
|
|switch|p2a: Uzzi|Uxie|354\/354
|move|p1a: Aggron|Heavy Slam|p2a: Uzzi
|-damage|p2a: Uzzi|285\/354
|
|-heal|p2a: Uzzi|307\/354|[from] item: Leftovers
|-damage|p1a: Aggron|215\/344 brn|[from] brn
|turn|4
|
|move|p2a: Uzzi|Stealth Rock|p1a: Aggron
|-sidestart|p1: Hyunation|move: Stealth Rock
|move|p1a: Aggron|Thunder Wave|p2a: Uzzi
|-status|p2a: Uzzi|par
|
|-heal|p2a: Uzzi|329\/354 par|[from] item: Leftovers
|-damage|p1a: Aggron|172\/344 brn|[from] brn
|turn|5
|
|move|p1a: Aggron|Stealth Rock|p2a: Uzzi
|-sidestart|p2: Mlle Noob|move: Stealth Rock
|cant|p2a: Uzzi|par
|
|-heal|p2a: Uzzi|351\/354 par|[from] item: Leftovers
|-damage|p1a: Aggron|129\/344 brn|[from] brn
|turn|6
|
|switch|p1a: Starmie|Starmie|262\/262
|-damage|p1a: Starmie|230\/262|[from] Stealth Rock
|cant|p2a: Uzzi|par
|
|-heal|p2a: Uzzi|354\/354 par|[from] item: Leftovers
|turn|7
|
|move|p1a: Starmie|Rapid Spin|p2a: Uzzi
|-damage|p2a: Uzzi|342\/354 par
|-sideend|p1: Hyunation|Stealth Rock|[from] move: Rapid Spin|[of] p1a: Starmie
|-damage|p1a: Starmie|204\/262|[from] item: Life Orb
|move|p2a: Uzzi|Knock Off|p1a: Starmie
|-supereffective|p1a: Starmie
|-damage|p1a: Starmie|66\/262
|-enditem|p1a: Starmie|Life Orb|[from] move: Knock Off|[of] p2a: Uzzi
|
|-heal|p2a: Uzzi|354\/354 par|[from] item: Leftovers
|turn|8
|
|move|p1a: Starmie|Surf|p2a: Uzzi
|-damage|p2a: Uzzi|258\/354 par
|cant|p2a: Uzzi|par
|
|-heal|p2a: Uzzi|280\/354 par|[from] item: Leftovers
|turn|9
|
|move|p1a: Starmie|Surf|p2a: Uzzi
|-damage|p2a: Uzzi|192\/354 par
|move|p2a: Uzzi|Yawn|p1a: Starmie
|-start|p1a: Starmie|move: Yawn|[of] p2a: Uzzi
|
|-heal|p2a: Uzzi|214\/354 par|[from] item: Leftovers
|turn|10
|
|switch|p1a: Entei|Entei, shiny|371\/371
|-ability|p1a: Entei|Pressure
|cant|p2a: Uzzi|par
|
|-heal|p2a: Uzzi|236\/354 par|[from] item: Leftovers
|turn|11
|
|move|p1a: Entei|Flare Blitz|p2a: Uzzi
|-damage|p2a: Uzzi|11\/354 par
|-damage|p1a: Entei|297\/371|[from] recoil|[of] p2a: Uzzi
|move|p2a: Uzzi|Stealth Rock|p1a: Entei
|-sidestart|p1: Hyunation|move: Stealth Rock
|
|-heal|p2a: Uzzi|33\/354 par|[from] item: Leftovers
|turn|12
|
|switch|p1a: Starmie|Starmie|66\/262
|-damage|p1a: Starmie|34\/262|[from] Stealth Rock
|move|p2a: Uzzi|Yawn|p1a: Starmie
|-start|p1a: Starmie|move: Yawn|[of] p2a: Uzzi
|
|-heal|p2a: Uzzi|55\/354 par|[from] item: Leftovers
|turn|13
|
|move|p1a: Starmie|Surf|p2a: Uzzi
|-crit|p2a: Uzzi
|-damage|p2a: Uzzi|0 fnt
|faint|p2a: Uzzi
|
|-status|p1a: Starmie|slp
|
|switch|p2a: Rodolfo|Donphan, M|384\/384
|-damage|p2a: Rodolfo|360\/384|[from] Stealth Rock
|turn|14
|
|switch|p1a: Florges|Florges, F|360\/360
|-damage|p1a: Florges|315\/360|[from] Stealth Rock
|move|p2a: Rodolfo|Rapid Spin|p1a: Florges
|-damage|p1a: Florges|297\/360
|-sideend|p2: Mlle Noob|Stealth Rock|[from] move: Rapid Spin|[of] p2a: Rodolfo
|
|-heal|p1a: Florges|319\/360|[from] item: Leftovers
|-heal|p2a: Rodolfo|384\/384|[from] item: Leftovers
|turn|15
|
|move|p1a: Florges|Aromatherapy|p1a: Florges
|-cureteam|p1a: Florges|[from] move: Aromatherapy
|move|p2a: Rodolfo|Earthquake|p1a: Florges
|-damage|p1a: Florges|168\/360
|
|-heal|p1a: Florges|190\/360|[from] item: Leftovers
|turn|16
|
|move|p1a: Florges|Wish|p1a: Florges
|move|p2a: Rodolfo|Earthquake|p1a: Florges
|-damage|p1a: Florges|63\/360
|
|-heal|p1a: Florges|85\/360|[from] item: Leftovers
|turn|17
|
|switch|p1a: Aggron|Aggron-Mega, F|129\/344
|-damage|p1a: Aggron|108\/344|[from] Stealth Rock
|switch|p2a: Musho|Raikou, shiny|322\/322
|-ability|p2a: Musho|Pressure
|
|-heal|p1a: Aggron|288\/344|[from] move: Wish|[wisher] Florges
|turn|18
|
|move|p2a: Musho|Substitute|p2a: Musho
|-start|p2a: Musho|Substitute
|-damage|p2a: Musho|242\/322
|move|p1a: Aggron|Stealth Rock|p2a: Musho
|-sidestart|p2: Mlle Noob|move: Stealth Rock
|
|-heal|p2a: Musho|262\/322|[from] item: Leftovers
|turn|19
|
|move|p2a: Musho|Thunderbolt|p1a: Aggron
|-damage|p1a: Aggron|152\/344
|move|p1a: Aggron|Earthquake|p2a: Musho
|-supereffective|p2a: Musho
|-end|p2a: Musho|Substitute
|
|-heal|p2a: Musho|282\/322|[from] item: Leftovers
|turn|20
|
|switch|p2a: Rodolfo|Donphan, M|384\/384
|-damage|p2a: Rodolfo|360\/384|[from] Stealth Rock
|move|p1a: Aggron|Earthquake|p2a: Rodolfo
|-damage|p2a: Rodolfo|293\/384
|
|-heal|p2a: Rodolfo|317\/384|[from] item: Leftovers
|turn|21
|
|switch|p1a: Starmie|Starmie|34\/262
|-damage|p1a: Starmie|2\/262|[from] Stealth Rock
|move|p2a: Rodolfo|Rapid Spin|p1a: Starmie
|-damage|p1a: Starmie|0 fnt
|-sideend|p2: Mlle Noob|Stealth Rock|[from] move: Rapid Spin|[of] p2a: Rodolfo
|faint|p1a: Starmie
|
|-heal|p2a: Rodolfo|341\/384|[from] item: Leftovers
|
|switch|p1a: Aggron|Aggron-Mega, F|152\/344
|-damage|p1a: Aggron|131\/344|[from] Stealth Rock
|turn|22
|
|move|p2a: Rodolfo|Earthquake|p1a: Aggron
|-supereffective|p1a: Aggron
|-damage|p1a: Aggron|32\/344
|move|p1a: Aggron|Stealth Rock|p2a: Rodolfo
|-sidestart|p2: Mlle Noob|move: Stealth Rock
|
|-heal|p2a: Rodolfo|365\/384|[from] item: Leftovers
|turn|23
|
|move|p2a: Rodolfo|Earthquake|p1a: Aggron
|-supereffective|p1a: Aggron
|-damage|p1a: Aggron|0 fnt
|faint|p1a: Aggron
|
|-heal|p2a: Rodolfo|384\/384|[from] item: Leftovers
|
|switch|p1a: Entei|Entei, shiny|297\/371
|-damage|p1a: Entei|205\/371|[from] Stealth Rock
|-ability|p1a: Entei|Pressure
|turn|24
|
|move|p1a: Entei|Sacred Fire|p2a: Rodolfo
|-damage|p2a: Rodolfo|204\/384
|move|p2a: Rodolfo|Earthquake|p1a: Entei
|-crit|p1a: Entei
|-supereffective|p1a: Entei
|-damage|p1a: Entei|0 fnt
|faint|p1a: Entei
|
|-heal|p2a: Rodolfo|228\/384|[from] item: Leftovers
|
|switch|p1a: Haxorus|Haxorus, F|297\/297
|-damage|p1a: Haxorus|260\/297|[from] Stealth Rock
|-ability|p1a: Haxorus|Mold Breaker
|turn|25
|
|move|p1a: Haxorus|Dragon Dance|p1a: Haxorus
|-boost|p1a: Haxorus|atk|1
|-boost|p1a: Haxorus|spe|1
|move|p2a: Rodolfo|Rapid Spin|p1a: Haxorus
|-damage|p1a: Haxorus|238\/297
|-sideend|p2: Mlle Noob|Stealth Rock|[from] move: Rapid Spin|[of] p2a: Rodolfo
|
|-heal|p2a: Rodolfo|252\/384|[from] item: Leftovers
|turn|26
|
|move|p1a: Haxorus|Outrage|p2a: Rodolfo
|-damage|p2a: Rodolfo|0 fnt
|faint|p2a: Rodolfo
|
|
|switch|p2a: Flygon|Flygon, F|301\/301
|turn|27
|
|move|p2a: Flygon|Dragon Claw|p1a: Haxorus
|-supereffective|p1a: Haxorus
|-damage|p1a: Haxorus|0 fnt
|faint|p1a: Haxorus
|
|
|switch|p1a: Nidoqueen|Nidoqueen, F|383\/383
|-damage|p1a: Nidoqueen|360\/383|[from] Stealth Rock
|turn|28
|
|move|p2a: Flygon|Dragon Claw|p1a: Nidoqueen
|-damage|p1a: Nidoqueen|264\/383
|move|p1a: Nidoqueen|Dragon Tail|p2a: Flygon
|-supereffective|p2a: Flygon
|-damage|p2a: Flygon|211\/301
|drag|p2a: D-Angelo|Absol-Mega, M|138\/271
|
|-heal|p1a: Nidoqueen|287\/383|[from] item: Black Sludge
|turn|29
|
|move|p2a: D-Angelo|Sucker Punch|p1a: Nidoqueen
|-damage|p1a: Nidoqueen|155\/383
|move|p1a: Nidoqueen|Earth Power|p2a: D-Angelo
|-damage|p2a: D-Angelo|0 fnt
|faint|p2a: D-Angelo
|
|-heal|p1a: Nidoqueen|178\/383|[from] item: Black Sludge
|c|âHyunation|nice scarfed flygon poopyhead
|c|âHyunation|no one runs that
|
|switch|p2a: Flygon|Flygon, F|211\/301
|turn|30
|c|âHyunation|complete twat
|c|âHyunation|scarfed flygon,, what a joke
|c|âMlle Noob|before of hydreigon scarf, flygon is very usefull
|
|move|p2a: Flygon|Earthquake|p1a: Nidoqueen
|-supereffective|p1a: Nidoqueen
|-damage|p1a: Nidoqueen|0 fnt
|faint|p1a: Nidoqueen
|
|c|âHyunation|y tf would u run it
|
|switch|p1a: Florges|Florges, F|85\/360
|-damage|p1a: Florges|40\/360|[from] Stealth Rock
|turn|31
|c|âHyunation|its way too weak
|
|move|p1a: Florges|Protect|p1a: Florges
|-singleturn|p1a: Florges|Protect
|move|p2a: Flygon|Earthquake|p1a: Florges
|-activate|p1a: Florges|Protect
|
|-heal|p1a: Florges|62\/360|[from] item: Leftovers
|turn|32
|c|âMlle Noob|yeah
|c|âMlle Noob|but is my favorite dragon
|
|move|p2a: Flygon|Earthquake|p1a: Florges
|-damage|p1a: Florges|0 fnt
|faint|p1a: Florges
|
|win|Mlle Noob
|raw|Ladder updating...
|raw|Hyunation's rating: 1439 &rarr; <strong>1408<\/strong><br \/>(-31 for losing)
|raw|Mlle Noob's rating: 1228 &rarr; <strong>1266<\/strong><br \/>(+38 for winning)
|leave|Hyunation
|player|p1
|c|âMlle Noob|GG