|join|jtaubman99
|join|Mlle Noob
|player|p1|jtaubman99|80
|player|p2|Mlle Noob|289
|gametype|singles
|gen|6
|tier|UU
|rated
|rule|Sleep Clause Mod: Limit one foe put to sleep
|rule|Species Clause: Limit one of each PokÃ©mon
|rule|OHKO Clause: OHKO moves are banned
|rule|Moody Clause: Moody is banned
|rule|Evasion Moves Clause: Evasion moves are banned
|rule|Endless Battle Clause: Forcing endless battles is banned
|rule|HP Percentage Mod: HP is shown in percentages
|clearpoke
|poke|p1|Jirachi, shiny
|poke|p1|Snorlax, F
|poke|p1|Mienshao, M
|poke|p1|Blastoise, F
|poke|p1|Froslass, F, shiny
|poke|p1|Krookodile, M
|poke|p2|Fletchinder, F, shiny
|poke|p2|Raikou, shiny
|poke|p2|Absol, M
|poke|p2|Donphan, M
|poke|p2|Flygon, F
|poke|p2|Uxie
|rule|Swagger Clause: Swagger is banned
|rule|Baton Pass Clause: Limit one PokÃ©mon knowing Baton Pass
|teampreview
|
|start
|switch|p1a: Froslass|Froslass, F, shiny|281\/281
|switch|p2a: D-Angelo|Absol, M|271\/271
|turn|1
|
|switch|p1a: Krookodile|Krookodile, M|393\/393
|detailschange|p2a: D-Angelo|Absol-Mega, M
|-mega|p2a: D-Angelo|Absol|Absolite
|move|p2a: D-Angelo|Sucker Punch|p1a: Krookodile
|-fail|p1a: Krookodile
|
|turn|2
|
|move|p2a: D-Angelo|Protect|p2a: D-Angelo
|-singleturn|p2a: D-Angelo|Protect
|move|p1a: Krookodile|Earthquake|p2a: D-Angelo
|-activate|p2a: D-Angelo|Protect
|
|turn|3
|
|switch|p2a: Uzzi|Uxie|353\/353
|move|p1a: Krookodile|Stone Edge|p2a: Uzzi
|-damage|p2a: Uzzi|271\/353
|
|-heal|p2a: Uzzi|293\/353|[from] item: Leftovers
|turn|4
|
|move|p2a: Uzzi|Knock Off|p1a: Krookodile
|-resisted|p1a: Krookodile
|-damage|p1a: Krookodile|360\/393
|-enditem|p1a: Krookodile|Assault Vest|[from] move: Knock Off|[of] p2a: Uzzi
|move|p1a: Krookodile|Pursuit|p2a: Uzzi
|-supereffective|p2a: Uzzi
|-damage|p2a: Uzzi|185\/353
|
|-heal|p2a: Uzzi|207\/353|[from] item: Leftovers
|turn|5
|
|move|p2a: Uzzi|Stealth Rock|p1a: Krookodile
|-sidestart|p1: jtaubman99|move: Stealth Rock
|move|p1a: Krookodile|Pursuit|p2a: Uzzi
|-supereffective|p2a: Uzzi
|-damage|p2a: Uzzi|97\/353
|
|-heal|p2a: Uzzi|119\/353|[from] item: Leftovers
|turn|6
|
|move|p2a: Uzzi|U-turn|p1a: Krookodile
|-supereffective|p1a: Krookodile
|-damage|p1a: Krookodile|260\/393
|
|move|p1a: Krookodile|Pursuit|p2a: Uzzi|[from]Pursuit
|-supereffective|p2a: Uzzi
|-damage|p2a: Uzzi|0 fnt
|faint|p2a: Uzzi
|-boost|p1a: Krookodile|atk|1|[from] ability: Moxie
|
|
|switch|p2a: Rodolfo|Donphan, M|383\/383
|turn|7
|
|move|p2a: Rodolfo|Ice Shard|p1a: Krookodile
|-supereffective|p1a: Krookodile
|-damage|p1a: Krookodile|168\/393
|move|p1a: Krookodile|Knock Off|p2a: Rodolfo
|-damage|p2a: Rodolfo|197\/383
|-enditem|p2a: Rodolfo|Leftovers|[from] move: Knock Off|[of] p1a: Krookodile
|
|turn|8
|
|switch|p1a: Snorlax|Snorlax, F|524\/524
|-damage|p1a: Snorlax|459\/524|[from] Stealth Rock
|move|p2a: Rodolfo|Ice Shard|p1a: Snorlax
|-damage|p1a: Snorlax|432\/524
|
|-heal|p1a: Snorlax|464\/524|[from] item: Leftovers
|turn|9
|
|move|p2a: Rodolfo|Earthquake|p1a: Snorlax
|-damage|p1a: Snorlax|269\/524
|move|p1a: Snorlax|Curse|p1a: Snorlax
|-boost|p1a: Snorlax|atk|1
|-boost|p1a: Snorlax|def|1
|-unboost|p1a: Snorlax|spe|1
|
|-heal|p1a: Snorlax|301\/524|[from] item: Leftovers
|turn|10
|
|move|p1a: Snorlax|Rest|p1a: Snorlax
|-status|p1a: Snorlax|slp
|-heal|p1a: Snorlax|524\/524 slp|[silent]
|-status|p1a: Snorlax|slp|[from] move: Rest
|move|p2a: Rodolfo|Roar|p1a: Snorlax
|drag|p1a: Blastoise|Blastoise, F|361\/361
|-damage|p1a: Blastoise|316\/361|[from] Stealth Rock
|
|turn|11
|
|switch|p2a: D-Angelo|Absol-Mega, M|271\/271
|detailschange|p1a: Blastoise|Blastoise-Mega, F
|-mega|p1a: Blastoise|Blastoise|Blastoisinite
|move|p1a: Blastoise|Hydro Pump|p2a: D-Angelo
|-damage|p2a: D-Angelo|0 fnt
|faint|p2a: D-Angelo
|
|
|switch|p2a: Musho|Raikou, shiny|322\/322
|-ability|p2a: Musho|Pressure
|turn|12
|
|switch|p1a: Krookodile|Krookodile, M|168\/393
|-damage|p1a: Krookodile|144\/393|[from] Stealth Rock
|move|p2a: Musho|Substitute|p2a: Musho
|-start|p2a: Musho|Substitute
|-damage|p2a: Musho|242\/322
|
|-heal|p2a: Musho|262\/322|[from] item: Leftovers
|turn|13
|
|move|p2a: Musho|Hidden Power|p1a: Krookodile
|-supereffective|p1a: Krookodile
|-damage|p1a: Krookodile|0 fnt
|faint|p1a: Krookodile
|
|-heal|p2a: Musho|282\/322|[from] item: Leftovers
|
|switch|p1a: Mienshao|Mienshao, M|271\/271
|-damage|p1a: Mienshao|255\/271|[from] Stealth Rock
|turn|14
|
|move|p1a: Mienshao|Fake Out|p2a: Musho
|-end|p2a: Musho|Substitute
|-damage|p1a: Mienshao|228\/271|[from] item: Life Orb
|move|p2a: Musho|Thunderbolt|p1a: Mienshao
|-damage|p1a: Mienshao|0 fnt
|faint|p1a: Mienshao
|
|-heal|p2a: Musho|302\/322|[from] item: Leftovers
|-message|jtaubman99 forfeited.
|
|switch|p1a: Snorlax|Snorlax, F|524\/524 slp
|-damage|p1a: Snorlax|459\/524 slp|[from] Stealth Rock
|turn|15
|leave|jtaubman99
|
|win|Mlle Noob
|raw|Ladder updating...
|player|p1
|raw|jtaubman99's rating: 1140 &rarr; <strong>1114<\/strong><br \/>(-26 for losing)
|raw|Mlle Noob's rating: 1122 &rarr; <strong>1148<\/strong><br \/>(+26 for winning)