|join|Mlle Noob
|join|Zibilicious
|player|p1|Mlle Noob|289
|player|p2|Zibilicious|99
|gametype|singles
|gen|6
|tier|UU
|rated
|rule|Sleep Clause Mod: Limit one foe put to sleep
|rule|Species Clause: Limit one of each PokÃ©mon
|rule|OHKO Clause: OHKO moves are banned
|rule|Moody Clause: Moody is banned
|rule|Evasion Moves Clause: Evasion moves are banned
|rule|Endless Battle Clause: Forcing endless battles is banned
|rule|HP Percentage Mod: HP is shown in percentages
|clearpoke
|poke|p1|Fletchinder, F, shiny
|poke|p1|Raikou, shiny
|poke|p1|Absol, M
|poke|p1|Donphan, M
|poke|p1|Flygon, F
|poke|p1|Uxie
|poke|p2|Absol, F
|poke|p2|Azelf
|poke|p2|Umbreon, M
|poke|p2|Ursaring, M
|poke|p2|Alakazam, F
|poke|p2|Cloyster, M
|rule|Swagger Clause: Swagger is banned
|rule|Baton Pass Clause: Limit one PokÃ©mon knowing Baton Pass
|teampreview
|
|start
|switch|p1a: D-Angelo|Absol, M|271\/271
|switch|p2a: Serial Killer|Absol, F|271\/271
|-ability|p2a: Serial Killer|Pressure
|turn|1
|
|detailschange|p1a: D-Angelo|Absol-Mega, M
|-mega|p1a: D-Angelo|Absol|Absolite
|detailschange|p2a: Serial Killer|Absol-Mega, F
|-mega|p2a: Serial Killer|Absol|Absolite
|move|p1a: D-Angelo|Protect|p1a: D-Angelo
|-singleturn|p1a: D-Angelo|Protect
|move|p2a: Serial Killer|Superpower|p1a: D-Angelo
|-activate|p1a: D-Angelo|Protect
|
|turn|2
|
|move|p1a: D-Angelo|Play Rough|p2a: Serial Killer
|-supereffective|p2a: Serial Killer
|-damage|p2a: Serial Killer|0 fnt
|faint|p2a: Serial Killer
|
|
|switch|p2a: The rapist|Alakazam, F|251\/251
|turn|3
|
|switch|p1a: Uzzi|Uxie|353\/353
|move|p2a: The rapist|Focus Blast|p1a: Uzzi|[miss]
|-miss|p2a: The rapist|p1a: Uzzi
|
|turn|4
|
|move|p2a: The rapist|Shadow Ball|p1a: Uzzi
|-supereffective|p1a: Uzzi
|-damage|p1a: Uzzi|192\/353
|move|p1a: Uzzi|Knock Off|p2a: The rapist
|-supereffective|p2a: The rapist
|-damage|p2a: The rapist|17\/251
|-enditem|p2a: The rapist|Life Orb|[from] move: Knock Off|[of] p1a: Uzzi
|
|-heal|p1a: Uzzi|214\/353|[from] item: Leftovers
|turn|5
|
|switch|p2a: Lost puppy|Umbreon, M|394\/394
|move|p1a: Uzzi|Stealth Rock|p2a: Lost puppy
|-sidestart|p2: Zibilicious|move: Stealth Rock
|
|-heal|p1a: Uzzi|236\/353|[from] item: Leftovers
|turn|6
|
|move|p1a: Uzzi|U-turn|p2a: Lost puppy
|-supereffective|p2a: Lost puppy
|-damage|p2a: Lost puppy|312\/394
|
|switch|p1a: Bichona|Flygon, F|301\/301
|move|p2a: Lost puppy|Curse|p2a: Lost puppy
|-boost|p2a: Lost puppy|atk|1
|-boost|p2a: Lost puppy|def|1
|-unboost|p2a: Lost puppy|spe|1
|
|-heal|p2a: Lost puppy|336\/394|[from] item: Leftovers
|turn|7
|
|move|p1a: Bichona|Earthquake|p2a: Lost puppy
|-damage|p2a: Lost puppy|249\/394
|move|p2a: Lost puppy|Mean Look|p1a: Bichona
|-activate|p1a: Bichona|trapped
|
|-heal|p2a: Lost puppy|273\/394|[from] item: Leftovers
|turn|8
|
|move|p1a: Bichona|Earthquake|p2a: Lost puppy
|-damage|p2a: Lost puppy|188\/394
|move|p2a: Lost puppy|Curse|p2a: Lost puppy
|-boost|p2a: Lost puppy|atk|1
|-boost|p2a: Lost puppy|def|1
|-unboost|p2a: Lost puppy|spe|1
|
|-heal|p2a: Lost puppy|212\/394|[from] item: Leftovers
|turn|9
|
|move|p1a: Bichona|Earthquake|p2a: Lost puppy
|-damage|p2a: Lost puppy|148\/394
|move|p2a: Lost puppy|Moonlight|p2a: Lost puppy
|-heal|p2a: Lost puppy|345\/394
|
|-heal|p2a: Lost puppy|369\/394|[from] item: Leftovers
|turn|10
|
|move|p1a: Bichona|Earthquake|p2a: Lost puppy
|-damage|p2a: Lost puppy|306\/394
|move|p2a: Lost puppy|Curse|p2a: Lost puppy
|-boost|p2a: Lost puppy|atk|1
|-boost|p2a: Lost puppy|def|1
|-unboost|p2a: Lost puppy|spe|1
|
|-heal|p2a: Lost puppy|330\/394|[from] item: Leftovers
|turn|11
|
|move|p1a: Bichona|Earthquake|p2a: Lost puppy
|-damage|p2a: Lost puppy|276\/394
|move|p2a: Lost puppy|Curse|p2a: Lost puppy
|-boost|p2a: Lost puppy|atk|1
|-boost|p2a: Lost puppy|def|1
|-unboost|p2a: Lost puppy|spe|1
|
|-heal|p2a: Lost puppy|300\/394|[from] item: Leftovers
|turn|12
|
|move|p1a: Bichona|Earthquake|p2a: Lost puppy
|-damage|p2a: Lost puppy|257\/394
|move|p2a: Lost puppy|Curse|p2a: Lost puppy
|-boost|p2a: Lost puppy|atk|1
|-boost|p2a: Lost puppy|def|1
|-unboost|p2a: Lost puppy|spe|1
|
|-heal|p2a: Lost puppy|281\/394|[from] item: Leftovers
|turn|13
|-message|Mlle Noob lost due to inactivity.
|
|move|p1a: Bichona|Earthquake|p2a: Lost puppy
|-damage|p2a: Lost puppy|244\/394
|move|p2a: Lost puppy|Curse|p2a: Lost puppy
|-boost|p2a: Lost puppy|atk|1
|-boost|p2a: Lost puppy|def|1
|-unboost|p2a: Lost puppy|spe|1
|
|-heal|p2a: Lost puppy|268\/394|[from] item: Leftovers
|turn|14
|
|win|Zibilicious
|raw|Ladder updating...
|raw|Ladder (probably) updated, but score could not be retrieved (Error: read ECONNRESET).
|leave|Zibilicious
|player|p2