|join|newlife10
|join|Mlle Noob
|player|p1|newlife10|282
|player|p2|Mlle Noob|289
|gametype|singles
|gen|6
|tier|UU
|rated
|rule|Sleep Clause Mod: Limit one foe put to sleep
|rule|Species Clause: Limit one of each PokÃ©mon
|rule|OHKO Clause: OHKO moves are banned
|rule|Moody Clause: Moody is banned
|rule|Evasion Moves Clause: Evasion moves are banned
|rule|Endless Battle Clause: Forcing endless battles is banned
|rule|HP Percentage Mod: HP is shown in percentages
|clearpoke
|poke|p1|Mienshao, F
|poke|p1|Honchkrow, F
|poke|p1|Tentacruel, F
|poke|p1|Porygon-Z
|poke|p1|Blissey, F
|poke|p1|Arcanine, F
|poke|p2|Absol, F
|poke|p2|Fletchinder, F, shiny
|poke|p2|Donphan, M
|poke|p2|Uxie
|poke|p2|Raikou, shiny
|poke|p2|Seismitoad, M
|rule|Swagger Clause: Swagger is banned
|rule|Baton Pass Clause: Limit one PokÃ©mon knowing Baton Pass
|teampreview
|
|start
|switch|p1a: Porygon-Z|Porygon-Z|311\/311
|switch|p2a: Uzzzi|Uxie|353\/353
|-boost|p1a: Porygon-Z|atk|1|[from] ability: Download
|turn|1
|
|switch|p1a: Honchkrow|Honchkrow, F|341\/341
|move|p2a: Uzzzi|Stealth Rock|p1a: Honchkrow
|-sidestart|p1: newlife10|move: Stealth Rock
|
|turn|2
|
|move|p1a: Honchkrow|Pursuit|p2a: Uzzzi
|-supereffective|p2a: Uzzzi
|-damage|p2a: Uzzzi|202\/353
|-damage|p1a: Honchkrow|307\/341|[from] item: Life Orb
|move|p2a: Uzzzi|Yawn|p1a: Honchkrow
|-start|p1a: Honchkrow|move: Yawn|[of] p2a: Uzzzi
|
|-heal|p2a: Uzzzi|224\/353|[from] item: Leftovers
|turn|3
|
|switch|p1a: Tentacruel|Tentacruel, F|301\/301
|-damage|p1a: Tentacruel|264\/301|[from] Stealth Rock
|move|p2a: Uzzzi|U-turn|p1a: Tentacruel
|-resisted|p1a: Tentacruel
|-damage|p1a: Tentacruel|242\/301
|
|switch|p2a: Trolltoad|Seismitoad, M|405\/405
|
|-heal|p1a: Tentacruel|260\/301|[from] item: Black Sludge
|turn|4
|
|move|p1a: Tentacruel|Rapid Spin|p2a: Trolltoad
|-damage|p2a: Trolltoad|392\/405
|-sideend|p1: newlife10|Stealth Rock|[from] move: Rapid Spin|[of] p1a: Tentacruel
|move|p2a: Trolltoad|Earthquake|p1a: Tentacruel
|-supereffective|p1a: Tentacruel
|-damage|p1a: Tentacruel|0 fnt
|faint|p1a: Tentacruel
|
|-heal|p2a: Trolltoad|405\/405|[from] item: Leftovers
|
|switch|p1a: Porygon-Z|Porygon-Z|311\/311
|-boost|p1a: Porygon-Z|spa|1|[from] ability: Download
|turn|5
|
|switch|p2a: Musho|Raikou, shiny|321\/321
|-ability|p2a: Musho|Pressure
|move|p1a: Porygon-Z|Tri Attack|p2a: Musho
|-damage|p2a: Musho|0 fnt
|faint|p2a: Musho
|
|
|switch|p2a: Angela|Absol, F|271\/271
|-ability|p2a: Angela|Pressure
|turn|6
|
|switch|p1a: Arcanine|Arcanine, F|384\/384
|-ability|p1a: Arcanine|Intimidate|[of] p2a: Angela
|-unboost|p2a: Angela|atk|1
|detailschange|p2a: Angela|Absol-Mega, F
|-mega|p2a: Angela|Absol|Absolite
|move|p2a: Angela|Sucker Punch|p1a: Arcanine
|-fail|p1a: Arcanine
|
|turn|7
|
|switch|p2a: Uzzzi|Uxie|224\/353
|move|p1a: Arcanine|Fire Spin|p2a: Uzzzi
|-damage|p2a: Uzzzi|200\/353
|-activate|p2a: Uzzzi|move: Fire Spin|[of] p1a: Arcanine
|
|-heal|p2a: Uzzzi|222\/353|[from] item: Leftovers
|-damage|p2a: Uzzzi|178\/353|[from] move: Fire Spin|[partiallytrapped]
|turn|8
|
|move|p2a: Uzzzi|Stealth Rock|p1a: Arcanine
|-sidestart|p1: newlife10|move: Stealth Rock
|move|p1a: Arcanine|Will-O-Wisp|p2a: Uzzzi
|-status|p2a: Uzzzi|brn
|
|-heal|p2a: Uzzzi|200\/353 brn|[from] item: Leftovers
|-damage|p2a: Uzzzi|156\/353 brn|[from] brn
|-damage|p2a: Uzzzi|112\/353 brn|[from] move: Fire Spin|[partiallytrapped]
|turn|9
|
|move|p1a: Arcanine|Extreme Speed|p2a: Uzzzi
|-damage|p2a: Uzzzi|64\/353 brn
|move|p2a: Uzzzi|U-turn|p1a: Arcanine
|-resisted|p1a: Arcanine
|-damage|p1a: Arcanine|374\/384
|-damage|p2a: Uzzzi|6\/353 brn|[from] item: Rocky Helmet|[of] p1a: Arcanine
|
|switch|p2a: Trolltoad|Seismitoad, M|405\/405
|
|turn|10
|
|switch|p1a: Blissey|Blissey, F|714\/714
|-damage|p1a: Blissey|625\/714|[from] Stealth Rock
|move|p2a: Trolltoad|Substitute|p2a: Trolltoad
|-start|p2a: Trolltoad|Substitute
|-damage|p2a: Trolltoad|304\/405
|
|-heal|p2a: Trolltoad|329\/405|[from] item: Leftovers
|-heal|p1a: Blissey|669\/714|[from] item: Leftovers
|turn|11
|
|move|p2a: Trolltoad|Infestation|p1a: Blissey
|-damage|p1a: Blissey|659\/714
|-activate|p1a: Blissey|move: Infestation|[of] p2a: Trolltoad
|move|p1a: Blissey|Stealth Rock|p2a: Trolltoad
|-sidestart|p2: Mlle Noob|move: Stealth Rock
|
|-heal|p2a: Trolltoad|354\/405|[from] item: Leftovers
|-heal|p1a: Blissey|703\/714|[from] item: Leftovers
|-damage|p1a: Blissey|614\/714|[from] move: Infestation|[partiallytrapped]
|turn|12
|c|âMlle Noob|lag?
|
|-singleturn|p2a: Trolltoad|move: Focus Punch
|move|p1a: Blissey|Seismic Toss|p2a: Trolltoad
|-activate|p2a: Trolltoad|Substitute|[damage]
|move|p2a: Trolltoad|Focus Punch|p1a: Blissey
|-supereffective|p1a: Blissey
|-damage|p1a: Blissey|138\/714
|
|-heal|p2a: Trolltoad|379\/405|[from] item: Leftovers
|-heal|p1a: Blissey|182\/714|[from] item: Leftovers
|-damage|p1a: Blissey|93\/714|[from] move: Infestation|[partiallytrapped]
|turn|13
|
|move|p2a: Trolltoad|Earthquake|p1a: Blissey
|-crit|p1a: Blissey
|-damage|p1a: Blissey|0 fnt
|faint|p1a: Blissey
|
|-heal|p2a: Trolltoad|404\/405|[from] item: Leftovers
|
|switch|p1a: Porygon-Z|Porygon-Z|311\/311
|-damage|p1a: Porygon-Z|273\/311|[from] Stealth Rock
|-boost|p1a: Porygon-Z|spa|1|[from] ability: Download
|turn|14
|
|-singleturn|p2a: Trolltoad|move: Focus Punch
|move|p1a: Porygon-Z|Tri Attack|p2a: Trolltoad
|-end|p2a: Trolltoad|Substitute
|move|p2a: Trolltoad|Focus Punch|p1a: Porygon-Z
|-supereffective|p1a: Porygon-Z
|-damage|p1a: Porygon-Z|0 fnt
|faint|p1a: Porygon-Z
|
|-heal|p2a: Trolltoad|405\/405|[from] item: Leftovers
|
|switch|p1a: Mienshao|Mienshao, F|271\/271
|-damage|p1a: Mienshao|255\/271|[from] Stealth Rock
|turn|15
|
|switch|p2a: Uzzzi|Uxie|6\/353 brn
|-damage|p2a: Uzzzi|0 fnt|[from] Stealth Rock
|faint|p2a: Uzzzi
|move|p1a: Mienshao|High Jump Kick|p2: Uzzzi|[notarget]
|-notarget
|
|
|switch|p2a: Rodolfo|Donphan, M|383\/383
|-damage|p2a: Rodolfo|360\/383|[from] Stealth Rock
|turn|16
|
|move|p1a: Mienshao|High Jump Kick|p2a: Rodolfo
|-damage|p2a: Rodolfo|165\/383
|move|p2a: Rodolfo|Rapid Spin|p1a: Mienshao
|-damage|p1a: Mienshao|229\/271
|-sideend|p2: Mlle Noob|Stealth Rock|[from] move: Rapid Spin|[of] p2a: Rodolfo
|
|-heal|p2a: Rodolfo|188\/383|[from] item: Leftovers
|turn|17
|
|move|p1a: Mienshao|High Jump Kick|p2a: Rodolfo
|-damage|p2a: Rodolfo|0 fnt
|faint|p2a: Rodolfo
|
|
|switch|p2a: 5|Fletchinder, F, shiny|327\/327
|turn|18
|
|switch|p1a: Arcanine|Arcanine, F|374\/384
|-damage|p1a: Arcanine|278\/384|[from] Stealth Rock
|-ability|p1a: Arcanine|Intimidate|[of] p2a: 5
|-unboost|p2a: 5|atk|1
|move|p2a: 5|Acrobatics|p1a: Arcanine
|-damage|p1a: Arcanine|193\/384
|-damage|p2a: 5|273\/327|[from] item: Rocky Helmet|[of] p1a: Arcanine
|
|turn|19
|
|move|p1a: Arcanine|Will-O-Wisp|p2a: 5|[miss]
|-miss|p1a: Arcanine|p2a: 5
|move|p2a: 5|Swords Dance|p2a: 5
|-boost|p2a: 5|atk|2
|
|turn|20
|
|switch|p2a: Trolltoad|Seismitoad, M|405\/405
|move|p1a: Arcanine|Morning Sun|p1a: Arcanine
|-heal|p1a: Arcanine|384\/384
|
|turn|21
|
|move|p1a: Arcanine|Extreme Speed|p2a: Trolltoad
|-damage|p2a: Trolltoad|311\/405
|move|p2a: Trolltoad|Substitute|p2a: Trolltoad
|-start|p2a: Trolltoad|Substitute
|-damage|p2a: Trolltoad|210\/405
|
|-heal|p2a: Trolltoad|235\/405|[from] item: Leftovers
|turn|22
|
|move|p1a: Arcanine|Extreme Speed|p2a: Trolltoad
|-activate|p2a: Trolltoad|Substitute|[damage]
|move|p2a: Trolltoad|Infestation|p1a: Arcanine
|-resisted|p1a: Arcanine
|-damage|p1a: Arcanine|377\/384
|-damage|p2a: Trolltoad|168\/405|[from] item: Rocky Helmet|[of] p1a: Arcanine
|-activate|p1a: Arcanine|move: Infestation|[of] p2a: Trolltoad
|
|-heal|p2a: Trolltoad|193\/405|[from] item: Leftovers
|-damage|p1a: Arcanine|329\/384|[from] move: Infestation|[partiallytrapped]
|turn|23
|
|move|p1a: Arcanine|Extreme Speed|p2a: Trolltoad
|-end|p2a: Trolltoad|Substitute
|move|p2a: Trolltoad|Earthquake|p1a: Arcanine
|-crit|p1a: Arcanine
|-supereffective|p1a: Arcanine
|-damage|p1a: Arcanine|0 fnt
|faint|p1a: Arcanine
|
|-heal|p2a: Trolltoad|218\/405|[from] item: Leftovers
|c|âMlle Noob|shit
|
|switch|p1a: Honchkrow|Honchkrow, F|307\/341
|-damage|p1a: Honchkrow|222\/341|[from] Stealth Rock
|turn|24
|
|move|p1a: Honchkrow|Brave Bird|p2a: Trolltoad
|-damage|p2a: Trolltoad|0 fnt
|-damage|p1a: Honchkrow|150\/341|[from] recoil|[of] p2a: Trolltoad
|-damage|p1a: Honchkrow|116\/341|[from] item: Life Orb
|faint|p2a: Trolltoad
|-boost|p1a: Honchkrow|atk|1|[from] ability: Moxie
|
|
|switch|p2a: Angela|Absol-Mega, F|271\/271
|turn|25
|
|switch|p1a: Mienshao|Mienshao, F|229\/271
|-damage|p1a: Mienshao|213\/271|[from] Stealth Rock
|move|p2a: Angela|Play Rough|p1a: Mienshao
|-supereffective|p1a: Mienshao
|-damage|p1a: Mienshao|0 fnt
|faint|p1a: Mienshao
|
|c|âMlle Noob|ok comon
|-message|newlife10 forfeited.
|leave|newlife10
|
|win|Mlle Noob
|raw|Ladder updating...
|player|p1
|raw|newlife10's rating: 1289 &rarr; <strong>1268<\/strong><br \/>(-21 for losing)
|raw|Mlle Noob's rating: 1342 &rarr; <strong>1359<\/strong><br \/>(+17 for winning)