|join|Rich8847
|join|Mlle Noob
|player|p1|Rich8847|124
|player|p2|Mlle Noob|289
|gametype|singles
|gen|6
|tier|UU
|rated
|rule|Sleep Clause Mod: Limit one foe put to sleep
|rule|Species Clause: Limit one of each PokÃ©mon
|rule|OHKO Clause: OHKO moves are banned
|rule|Moody Clause: Moody is banned
|rule|Evasion Moves Clause: Evasion moves are banned
|rule|Endless Battle Clause: Forcing endless battles is banned
|rule|HP Percentage Mod: HP is shown in percentages
|clearpoke
|poke|p1|Beedrill, M
|poke|p1|Azelf
|poke|p1|Rotom-Heat
|poke|p1|Tentacruel, F
|poke|p1|Hippowdon, M
|poke|p1|Hydreigon, M
|poke|p2|Absol, F
|poke|p2|Fletchinder, F, shiny
|poke|p2|Donphan, M
|poke|p2|Uxie
|poke|p2|Raikou, shiny
|poke|p2|Seismitoad, M
|rule|Swagger Clause: Swagger is banned
|rule|Baton Pass Clause: Limit one PokÃ©mon knowing Baton Pass
|teampreview
|
|start
|switch|p1a: Hydreigon|Hydreigon, M|325\/325
|switch|p2a: Angela|Absol, F|271\/271
|-ability|p2a: Angela|Pressure
|turn|1
|
|detailschange|p2a: Angela|Absol-Mega, F
|-mega|p2a: Angela|Absol|Absolite
|move|p2a: Angela|Protect|p2a: Angela
|-singleturn|p2a: Angela|Protect
|move|p1a: Hydreigon|U-turn|p2a: Angela
|-activate|p2a: Angela|Protect
|
|turn|2
|join|unaware sharpedo
|
|switch|p2a: 5|Fletchinder, F, shiny|327\/327
|move|p1a: Hydreigon|U-turn|p2a: 5
|-resisted|p2a: 5
|-damage|p2a: 5|304\/327
|
|switch|p1a: Tentacruel|Tentacruel, F|364\/364
|
|turn|3
|
|switch|p2a: Angela|Absol-Mega, F|271\/271
|move|p1a: Tentacruel|Toxic Spikes|p2a: Angela
|move|p2a: Angela|Toxic Spikes|p1a: Tentacruel|[from]Magic Bounce
|-sidestart|p1: Rich8847|move: Toxic Spikes
|
|turn|4
|
|switch|p2a: Trolltoad|Seismitoad, M|405\/405
|move|p1a: Tentacruel|Scald|p2a: Trolltoad
|-immune|p2a: Trolltoad|[msg]
|
|turn|5
|
|switch|p1a: Hydreigon|Hydreigon, M|325\/325
|move|p2a: Trolltoad|Substitute|p2a: Trolltoad
|-start|p2a: Trolltoad|Substitute
|-damage|p2a: Trolltoad|304\/405
|
|-heal|p2a: Trolltoad|329\/405|[from] item: Leftovers
|turn|6
|
|-singleturn|p2a: Trolltoad|move: Focus Punch
|switch|p1a: Tentacruel|Tentacruel, F|364\/364
|-sideend|p1: Rich8847|move: Toxic Spikes|[of] p1a: Tentacruel
|move|p2a: Trolltoad|Focus Punch|p1a: Tentacruel
|-resisted|p1a: Tentacruel
|-damage|p1a: Tentacruel|304\/364
|
|-heal|p2a: Trolltoad|354\/405|[from] item: Leftovers
|-heal|p1a: Tentacruel|326\/364|[from] item: Black Sludge
|turn|7
|
|move|p2a: Trolltoad|Earthquake|p1a: Tentacruel
|-supereffective|p1a: Tentacruel
|-damage|p1a: Tentacruel|60\/364
|move|p1a: Tentacruel|Sludge Bomb|p2a: Trolltoad
|-resisted|p2a: Trolltoad
|-activate|p2a: Trolltoad|Substitute|[damage]
|
|-heal|p2a: Trolltoad|379\/405|[from] item: Leftovers
|-heal|p1a: Tentacruel|82\/364|[from] item: Black Sludge
|turn|8
|
|move|p2a: Trolltoad|Earthquake|p1a: Tentacruel
|-crit|p1a: Tentacruel
|-supereffective|p1a: Tentacruel
|-damage|p1a: Tentacruel|0 fnt
|faint|p1a: Tentacruel
|
|-heal|p2a: Trolltoad|404\/405|[from] item: Leftovers
|
|switch|p1a: Hydreigon|Hydreigon, M|325\/325
|turn|9
|
|move|p1a: Hydreigon|Dark Pulse|p2a: Trolltoad
|-end|p2a: Trolltoad|Substitute
|move|p2a: Trolltoad|Substitute|p2a: Trolltoad
|-start|p2a: Trolltoad|Substitute
|-damage|p2a: Trolltoad|303\/405
|
|-heal|p2a: Trolltoad|328\/405|[from] item: Leftovers
|turn|10
|
|-singleturn|p2a: Trolltoad|move: Focus Punch
|move|p1a: Hydreigon|Dark Pulse|p2a: Trolltoad
|-end|p2a: Trolltoad|Substitute
|move|p2a: Trolltoad|Focus Punch|p1a: Hydreigon
|-supereffective|p1a: Hydreigon
|-damage|p1a: Hydreigon|3\/325
|
|-heal|p2a: Trolltoad|353\/405|[from] item: Leftovers
|turn|11
|c|âMlle Noob|lol
|
|switch|p2a: Angela|Absol-Mega, F|271\/271
|move|p1a: Hydreigon|Dark Pulse|p2a: Angela
|-resisted|p2a: Angela
|-damage|p2a: Angela|123\/271
|
|turn|12
|
|switch|p1a: Hippowdon|Hippowdon, M|420\/420
|move|p2a: Angela|Sucker Punch|p1a: Hippowdon
|-fail|p1a: Hippowdon
|
|turn|13
|
|switch|p1a: Hydreigon|Hydreigon, M|3\/325
|move|p2a: Angela|Will-O-Wisp|p1a: Hydreigon
|-status|p1a: Hydreigon|brn
|
|-damage|p1a: Hydreigon|0 fnt|[from] brn
|faint|p1a: Hydreigon
|
|switch|p1a: Rotom-Heat|Rotom-Heat|241\/241
|turn|14
|
|move|p2a: Angela|Protect|p2a: Angela
|-singleturn|p2a: Angela|Protect
|move|p1a: Rotom-Heat|Trick|p2a: Angela
|-activate|p2a: Angela|Protect
|
|turn|15
|c| unaware sharpedo|protect is so lame :D
|
|switch|p1a: Hippowdon|Hippowdon, M|420\/420
|move|p2a: Angela|Will-O-Wisp|p1a: Hippowdon
|-status|p1a: Hippowdon|brn
|
|-damage|p1a: Hippowdon|368\/420 brn|[from] brn
|turn|16
|c|âMlle Noob|yea but works
|c|âMlle Noob|XD
|c|âMlle Noob|or not?
|c| unaware sharpedo|yes
|
|move|p2a: Angela|Protect|p2a: Angela
|-singleturn|p2a: Angela|Protect
|move|p1a: Hippowdon|Slack Off|p1a: Hippowdon
|-heal|p1a: Hippowdon|420\/420 brn
|
|-damage|p1a: Hippowdon|368\/420 brn|[from] brn
|turn|17
|
|switch|p2a: Uzzzi|Uxie|353\/353
|switch|p1a: Rotom-Heat|Rotom-Heat|241\/241
|
|turn|18
|
|move|p1a: Rotom-Heat|Volt Switch|p2a: Uzzzi
|-damage|p2a: Uzzzi|286\/353
|
|switch|p1a: Beedrill|Beedrill, M|271\/271
|move|p2a: Uzzzi|Stealth Rock|p1a: Beedrill
|-sidestart|p1: Rich8847|move: Stealth Rock
|
|-heal|p2a: Uzzzi|308\/353|[from] item: Leftovers
|turn|19
|
|switch|p2a: Rodolfo|Donphan, M|383\/383
|detailschange|p1a: Beedrill|Beedrill-Mega, M
|-mega|p1a: Beedrill|Beedrill|Beedrillite
|move|p1a: Beedrill|U-turn|p2a: Rodolfo
|-damage|p2a: Rodolfo|261\/383
|
|switch|p1a: Rotom-Heat|Rotom-Heat|241\/241
|-damage|p1a: Rotom-Heat|181\/241|[from] Stealth Rock
|
|-heal|p2a: Rodolfo|284\/383|[from] item: Leftovers
|turn|20
|
|switch|p2a: Uzzzi|Uxie|308\/353
|move|p1a: Rotom-Heat|Overheat|p2a: Uzzzi
|-damage|p2a: Uzzzi|190\/353
|-unboost|p1a: Rotom-Heat|spa|2
|
|-heal|p2a: Uzzzi|212\/353|[from] item: Leftovers
|turn|21
|
|switch|p1a: Azelf|Azelf|291\/291
|-damage|p1a: Azelf|255\/291|[from] Stealth Rock
|move|p2a: Uzzzi|U-turn|p1a: Azelf
|-supereffective|p1a: Azelf
|-damage|p1a: Azelf|123\/291
|
|switch|p2a: 5|Fletchinder, F, shiny|304\/327
|
|turn|22
|
|move|p2a: 5|Acrobatics|p1a: Azelf
|-damage|p1a: Azelf|0 fnt
|faint|p1a: Azelf
|
|-message|Rich8847 forfeited.
|leave|Rich8847
|
|win|Mlle Noob
|raw|Ladder updating...
|player|p1
|raw|Rich8847's rating: 1185 &rarr; <strong>1160<\/strong><br \/>(-25 for losing)
|raw|Mlle Noob's rating: 1188 &rarr; <strong>1212<\/strong><br \/>(+24 for winning)
|leave|unaware sharpedo
|c|âMlle Noob|gg