|join|Acemanassasin
|join|Mlle Noob
|player|p1|Acemanassasin|120
|player|p2|Mlle Noob|289
|gametype|singles
|gen|6
|tier|UU
|rated
|rule|Sleep Clause Mod: Limit one foe put to sleep
|rule|Species Clause: Limit one of each PokÃ©mon
|rule|OHKO Clause: OHKO moves are banned
|rule|Moody Clause: Moody is banned
|rule|Evasion Moves Clause: Evasion moves are banned
|rule|Endless Battle Clause: Forcing endless battles is banned
|rule|HP Percentage Mod: HP is shown in percentages
|clearpoke
|poke|p1|Whimsicott, F
|poke|p1|Jirachi
|poke|p1|Tentacruel, F
|poke|p1|Machamp, F
|poke|p1|Sharpedo, F
|poke|p1|Hippowdon, M
|poke|p2|Absol, F
|poke|p2|Fletchinder, F, shiny
|poke|p2|Donphan, M
|poke|p2|Uxie
|poke|p2|Raikou, shiny
|poke|p2|Seismitoad, F
|rule|Swagger Clause: Swagger is banned
|rule|Baton Pass Clause: Limit one PokÃ©mon knowing Baton Pass
|teampreview
|c|âAcemanassasin|ooooninlove seismitoad
|
|start
|switch|p1a: Machamp|Machamp, F|343\/343
|switch|p2a: Angela|Absol, F|271\/271
|-ability|p2a: Angela|Pressure
|turn|1
|c|âMlle Noob|xd
|
|detailschange|p2a: Angela|Absol-Mega, F
|-mega|p2a: Angela|Absol|Absolite
|move|p2a: Angela|Protect|p2a: Angela
|-singleturn|p2a: Angela|Protect
|move|p1a: Machamp|Close Combat|p2a: Angela
|-activate|p2a: Angela|Protect
|
|turn|2
|
|switch|p2a: Uzzzi|Uxie|353\/353
|switch|p1a: Tentacruel|Tentacruel, F|364\/364
|
|turn|3
|
|switch|p1a: Machamp|Machamp, F|343\/343
|switch|p2a: Angela|Absol-Mega, F|271\/271
|
|turn|4
|c|âAcemanassasin|lol
|
|move|p2a: Angela|Protect|p2a: Angela
|-singleturn|p2a: Angela|Protect
|move|p1a: Machamp|Close Combat|p2a: Angela
|-activate|p2a: Angela|Protect
|
|turn|5
|c|âAcemanassasin|fuck
|c|âMlle Noob|yea fuck XD
|
|switch|p2a: Uzzzi|Uxie|353\/353
|move|p1a: Machamp|Close Combat|p2a: Uzzzi
|-resisted|p2a: Uzzzi
|-damage|p2a: Uzzzi|270\/353
|-unboost|p1a: Machamp|def|1
|-unboost|p1a: Machamp|spd|1
|
|-heal|p2a: Uzzzi|292\/353|[from] item: Leftovers
|turn|6
|
|move|p2a: Uzzzi|Stealth Rock|p1a: Machamp
|-sidestart|p1: Acemanassasin|move: Stealth Rock
|move|p1a: Machamp|Knock Off|p2a: Uzzzi
|-supereffective|p2a: Uzzzi
|-damage|p2a: Uzzzi|122\/353
|-enditem|p2a: Uzzzi|Leftovers|[from] move: Knock Off|[of] p1a: Machamp
|
|turn|7
|
|move|p2a: Uzzzi|U-turn|p1a: Machamp
|-resisted|p1a: Machamp
|-damage|p1a: Machamp|303\/343
|
|switch|p2a: 5|Fletchinder, F, shiny|327\/327
|move|p1a: Machamp|Knock Off|p2a: 5
|-damage|p2a: 5|193\/327
|
|turn|8
|
|switch|p1a: Tentacruel|Tentacruel, F|364\/364
|-damage|p1a: Tentacruel|319\/364|[from] Stealth Rock
|move|p2a: 5|Acrobatics|p1a: Tentacruel
|-damage|p1a: Tentacruel|162\/364
|
|-heal|p1a: Tentacruel|184\/364|[from] item: Black Sludge
|turn|9
|
|switch|p2a: Trolltoad|Seismitoad, F|405\/405
|move|p1a: Tentacruel|Rapid Spin|p2a: Trolltoad
|-damage|p2a: Trolltoad|392\/405
|-sideend|p1: Acemanassasin|Stealth Rock|[from] move: Rapid Spin|[of] p1a: Tentacruel
|
|-heal|p1a: Tentacruel|206\/364|[from] item: Black Sludge
|-heal|p2a: Trolltoad|405\/405|[from] item: Leftovers
|turn|10
|
|switch|p1a: Whimsicott|Whimsicott, F|280\/280
|move|p2a: Trolltoad|Earthquake|p1a: Whimsicott
|-resisted|p1a: Whimsicott
|-damage|p1a: Whimsicott|209\/280
|
|-heal|p1a: Whimsicott|226\/280|[from] item: Leftovers
|turn|11
|
|switch|p2a: 5|Fletchinder, F, shiny|193\/327
|move|p1a: Whimsicott|U-turn|p2a: 5
|-crit|p2a: 5
|-resisted|p2a: 5
|-damage|p2a: 5|173\/327
|
|switch|p1a: Hippowdon|Hippowdon, M|420\/420
|-weather|Sandstorm
|
|-weather|Sandstorm|[upkeep]
|-damage|p2a: 5|153\/327|[from] sandstorm
|turn|12
|
|switch|p2a: Angela|Absol-Mega, F|271\/271
|move|p1a: Hippowdon|Stealth Rock|p2a: Angela
|move|p2a: Angela|Stealth Rock|p1a: Hippowdon|[from]Magic Bounce
|-sidestart|p1: Acemanassasin|move: Stealth Rock
|
|-weather|Sandstorm|[upkeep]
|-damage|p2a: Angela|255\/271|[from] sandstorm
|turn|13
|c|âAcemanassasin|oh yeah i forgot about that
|c|âMlle Noob|XD
|
|move|p2a: Angela|Will-O-Wisp|p1a: Hippowdon
|-status|p1a: Hippowdon|brn
|move|p1a: Hippowdon|Earthquake|p2a: Angela
|-damage|p2a: Angela|147\/271
|
|-weather|Sandstorm|[upkeep]
|-damage|p2a: Angela|131\/271|[from] sandstorm
|-damage|p1a: Hippowdon|368\/420 brn|[from] brn
|turn|14
|c|âAcemanassasin|hardly ever see absol these days
|
|switch|p2a: Rodolfo|Donphan, M|383\/383
|move|p1a: Hippowdon|Earthquake|p2a: Rodolfo
|-damage|p2a: Rodolfo|335\/383
|
|-weather|Sandstorm|[upkeep]
|-heal|p2a: Rodolfo|358\/383|[from] item: Leftovers
|-heal|p1a: Hippowdon|394\/420 brn|[from] item: Leftovers
|-damage|p1a: Hippowdon|342\/420 brn|[from] brn
|turn|15
|
|move|p2a: Rodolfo|Knock Off|p1a: Hippowdon
|-crit|p1a: Hippowdon
|-damage|p1a: Hippowdon|245\/420 brn
|-enditem|p1a: Hippowdon|Leftovers|[from] move: Knock Off|[of] p2a: Rodolfo
|move|p1a: Hippowdon|Toxic|p2a: Rodolfo|[miss]
|-miss|p1a: Hippowdon|p2a: Rodolfo
|
|-weather|none
|-heal|p2a: Rodolfo|381\/383|[from] item: Leftovers
|-damage|p1a: Hippowdon|193\/420 brn|[from] brn
|turn|16
|c|âMlle Noob|sorry
|c|âAcemanassasin|not your fault
|c|âAcemanassasin|sometimes battles dont go your way
|
|move|p2a: Rodolfo|Earthquake|p1a: Hippowdon
|-damage|p1a: Hippowdon|96\/420 brn
|move|p1a: Hippowdon|Slack Off|p1a: Hippowdon
|-heal|p1a: Hippowdon|306\/420 brn
|
|-heal|p2a: Rodolfo|383\/383|[from] item: Leftovers
|-damage|p1a: Hippowdon|254\/420 brn|[from] brn
|turn|17
|
|move|p2a: Rodolfo|Earthquake|p1a: Hippowdon
|-damage|p1a: Hippowdon|154\/420 brn
|move|p1a: Hippowdon|Slack Off|p1a: Hippowdon
|-heal|p1a: Hippowdon|364\/420 brn
|
|-damage|p1a: Hippowdon|312\/420 brn|[from] brn
|turn|18
|
|move|p2a: Rodolfo|Earthquake|p1a: Hippowdon
|-damage|p1a: Hippowdon|210\/420 brn
|move|p1a: Hippowdon|Toxic|p2a: Rodolfo
|-status|p2a: Rodolfo|tox
|
|-damage|p2a: Rodolfo|360\/383 tox|[from] psn
|-damage|p1a: Hippowdon|158\/420 brn|[from] brn
|turn|19
|
|switch|p2a: Uzzzi|Uxie|122\/353
|move|p1a: Hippowdon|Slack Off|p1a: Hippowdon
|-heal|p1a: Hippowdon|368\/420 brn
|
|-damage|p1a: Hippowdon|316\/420 brn|[from] brn
|turn|20
|c|âMlle Noob|lag
|c|âAcemanassasin|yeah
|
|move|p2a: Uzzzi|Heal Bell|p2a: Uzzzi
|-cureteam|p2a: Uzzzi|[from] move: HealBell
|move|p1a: Hippowdon|Stealth Rock|p2a: Uzzzi
|-sidestart|p2: Mlle Noob|move: Stealth Rock
|
|-damage|p1a: Hippowdon|264\/420 brn|[from] brn
|turn|21
|
|move|p2a: Uzzzi|U-turn|p1a: Hippowdon
|-damage|p1a: Hippowdon|233\/420 brn
|
|switch|p2a: Angela|Absol-Mega, F|131\/271
|-damage|p2a: Angela|98\/271|[from] Stealth Rock
|move|p1a: Hippowdon|Slack Off|p1a: Hippowdon
|-heal|p1a: Hippowdon|420\/420 brn
|
|-damage|p1a: Hippowdon|368\/420 brn|[from] brn
|turn|22
|c|âAcemanassasin|im lagging bad
|c|âMlle Noob|mmm
|c|âAcemanassasin|reckless emboar has been released
|
|move|p2a: Angela|Protect|p2a: Angela
|-singleturn|p2a: Angela|Protect
|move|p1a: Hippowdon|Earthquake|p2a: Angela
|-activate|p2a: Angela|Protect
|
|-damage|p1a: Hippowdon|316\/420 brn|[from] brn
|turn|23
|
|switch|p2a: Trolltoad|Seismitoad, F|405\/405
|-damage|p2a: Trolltoad|380\/405|[from] Stealth Rock
|move|p1a: Hippowdon|Earthquake|p2a: Trolltoad
|-damage|p2a: Trolltoad|295\/405
|
|-heal|p2a: Trolltoad|320\/405|[from] item: Leftovers
|-damage|p1a: Hippowdon|264\/420 brn|[from] brn
|turn|24
|c|âAcemanassasin|are we still rolling?
|c|âMlle Noob|rolling?
|c|âMlle Noob|i dont understand
|c|âAcemanassasin|i mean the game im lagging so bad
|c|âMlle Noob|i know
|
|switch|p1a: Tentacruel|Tentacruel, F|206\/364
|-damage|p1a: Tentacruel|161\/364|[from] Stealth Rock
|move|p2a: Trolltoad|Substitute|p2a: Trolltoad
|-start|p2a: Trolltoad|Substitute
|-damage|p2a: Trolltoad|219\/405
|
|-heal|p1a: Tentacruel|183\/364|[from] item: Black Sludge
|-heal|p2a: Trolltoad|244\/405|[from] item: Leftovers
|turn|25
|c|âAcemanassasin|earth POWER
|
|move|p1a: Tentacruel|Rapid Spin|p2a: Trolltoad
|-activate|p2a: Trolltoad|Substitute|[damage]
|-sideend|p1: Acemanassasin|Stealth Rock|[from] move: Rapid Spin|[of] p1a: Tentacruel
|move|p2a: Trolltoad|Earthquake|p1a: Tentacruel
|-supereffective|p1a: Tentacruel
|-damage|p1a: Tentacruel|0 fnt
|faint|p1a: Tentacruel
|
|-heal|p2a: Trolltoad|269\/405|[from] item: Leftovers
|c|âMlle Noob|ah
|c|âAcemanassasin|jokes quake
|
|switch|p1a: Whimsicott|Whimsicott, F|226\/280
|turn|26
|
|move|p1a: Whimsicott|Encore|p2a: Trolltoad
|-start|p2a: Trolltoad|Encore
|move|p2a: Trolltoad|Earthquake|p1a: Whimsicott
|-resisted|p1a: Whimsicott
|-damage|p1a: Whimsicott|145\/280
|
|-heal|p1a: Whimsicott|162\/280|[from] item: Leftovers
|-heal|p2a: Trolltoad|294\/405|[from] item: Leftovers
|turn|27
|
|move|p1a: Whimsicott|Giga Drain|p2a: Trolltoad
|-supereffective|p2a: Trolltoad
|-end|p2a: Trolltoad|Substitute
|-heal|p1a: Whimsicott|206\/280|[from] drain|[of] p2a: Trolltoad
|move|p2a: Trolltoad|Earthquake|p1a: Whimsicott
|-resisted|p1a: Whimsicott
|-damage|p1a: Whimsicott|127\/280
|
|-heal|p1a: Whimsicott|144\/280|[from] item: Leftovers
|-heal|p2a: Trolltoad|319\/405|[from] item: Leftovers
|turn|28
|
|switch|p2a: Uzzzi|Uxie|122\/353
|-damage|p2a: Uzzzi|78\/353|[from] Stealth Rock
|move|p1a: Whimsicott|Giga Drain|p2a: Uzzzi
|-damage|p2a: Uzzzi|12\/353
|-heal|p1a: Whimsicott|177\/280|[from] drain|[of] p2a: Uzzzi
|
|-heal|p1a: Whimsicott|194\/280|[from] item: Leftovers
|turn|29
|
|move|p1a: Whimsicott|Moonblast|p2a: Uzzzi
|-damage|p2a: Uzzzi|0 fnt
|faint|p2a: Uzzzi
|
|-heal|p1a: Whimsicott|211\/280|[from] item: Leftovers
|
|switch|p2a: Musho|Raikou, shiny|321\/321
|-damage|p2a: Musho|281\/321|[from] Stealth Rock
|-ability|p2a: Musho|Pressure
|turn|30
|
|move|p2a: Musho|Hidden Power|p1a: Whimsicott
|-supereffective|p1a: Whimsicott
|-damage|p1a: Whimsicott|31\/280
|move|p1a: Whimsicott|U-turn|p2a: Musho
|-crit|p2a: Musho
|-damage|p2a: Musho|216\/321
|
|switch|p1a: Machamp|Machamp, F|303\/343
|
|-heal|p2a: Musho|236\/321|[from] item: Leftovers
|turn|31
|
|move|p2a: Musho|Substitute|p2a: Musho
|-start|p2a: Musho|Substitute
|-damage|p2a: Musho|156\/321
|move|p1a: Machamp|Knock Off|p2a: Musho
|-end|p2a: Musho|Substitute
|
|-heal|p2a: Musho|176\/321|[from] item: Leftovers
|turn|32
|
|switch|p2a: Rodolfo|Donphan, M|360\/383
|-damage|p2a: Rodolfo|337\/383|[from] Stealth Rock
|move|p1a: Machamp|Knock Off|p2a: Rodolfo
|-damage|p2a: Rodolfo|253\/383
|-enditem|p2a: Rodolfo|Leftovers|[from] move: Knock Off|[of] p1a: Machamp
|
|turn|33
|
|move|p1a: Machamp|Ice Punch|p2a: Rodolfo
|-supereffective|p2a: Rodolfo
|-damage|p2a: Rodolfo|123\/383
|move|p2a: Rodolfo|Rapid Spin|p1a: Machamp
|-damage|p1a: Machamp|281\/343
|-sideend|p2: Mlle Noob|Stealth Rock|[from] move: Rapid Spin|[of] p2a: Rodolfo
|
|turn|34
|
|move|p1a: Machamp|Ice Punch|p2a: Rodolfo
|-supereffective|p2a: Rodolfo
|-damage|p2a: Rodolfo|0 fnt
|faint|p2a: Rodolfo
|
|
|switch|p2a: Angela|Absol-Mega, F|98\/271
|turn|35
|
|move|p2a: Angela|Play Rough|p1a: Machamp
|-supereffective|p1a: Machamp
|-damage|p1a: Machamp|0 fnt
|faint|p1a: Machamp
|
|
|switch|p1a: Hippowdon|Hippowdon, M|264\/420 brn
|-weather|Sandstorm
|turn|36
|
|switch|p2a: 5|Fletchinder, F, shiny|153\/327
|move|p1a: Hippowdon|Earthquake|p2a: 5
|-immune|p2a: 5|[msg]
|
|-weather|Sandstorm|[upkeep]
|-damage|p2a: 5|133\/327|[from] sandstorm
|-damage|p1a: Hippowdon|212\/420 brn|[from] brn
|turn|37
|c|âAcemanassasin|balls
|
|move|p2a: 5|Swords Dance|p2a: 5
|-boost|p2a: 5|atk|2
|move|p1a: Hippowdon|Slack Off|p1a: Hippowdon
|-heal|p1a: Hippowdon|420\/420 brn
|
|-weather|Sandstorm|[upkeep]
|-damage|p2a: 5|113\/327|[from] sandstorm
|-damage|p1a: Hippowdon|368\/420 brn|[from] brn
|turn|38
|
|move|p2a: 5|Acrobatics|p1a: Hippowdon
|-damage|p1a: Hippowdon|140\/420 brn
|move|p1a: Hippowdon|Stealth Rock|p2a: 5
|-sidestart|p2: Mlle Noob|move: Stealth Rock
|
|-weather|Sandstorm|[upkeep]
|-damage|p2a: 5|93\/327|[from] sandstorm
|-damage|p1a: Hippowdon|88\/420 brn|[from] brn
|turn|39
|
|move|p2a: 5|Acrobatics|p1a: Hippowdon
|-damage|p1a: Hippowdon|0 fnt
|faint|p1a: Hippowdon
|
|-weather|Sandstorm|[upkeep]
|-damage|p2a: 5|73\/327|[from] sandstorm
|c|âMlle Noob|why thne rocs?
|
|switch|p1a: Jirachi|Jirachi|342\/342
|turn|40
|
|move|p2a: 5|Roost|p2a: 5
|-heal|p2a: 5|237\/327
|move|p1a: Jirachi|Iron Head|p2a: 5
|-resisted|p2a: 5
|-damage|p2a: 5|149\/327
|
|-weather|none
|turn|41
|c|âAcemanassasin|chip damage so that pedo can sweep
|c|âMlle Noob|mmmm
|c|âMlle Noob|no toxic for Fletchinder?
|c|âAcemanassasin|was not expecting that though
|c|âAcemanassasin|was not expecting that though
|
|switch|p1a: Whimsicott|Whimsicott, F|31\/280
|move|p2a: 5|Acrobatics|p1a: Whimsicott
|-supereffective|p1a: Whimsicott
|-damage|p1a: Whimsicott|0 fnt
|faint|p1a: Whimsicott
|
|c|âAcemanassasin|i didnt expect roost
|c|âMlle Noob|ah
|
|switch|p1a: Jirachi|Jirachi|342\/342
|turn|42
|
|move|p2a: 5|Roost|p2a: 5
|-heal|p2a: 5|313\/327
|move|p1a: Jirachi|Zen Headbutt|p2a: 5
|-damage|p2a: 5|130\/327
|
|turn|43
|c|âAcemanassasin|ive never played a fletch
|c|âMlle Noob|ah
|
|move|p2a: 5|Roost|p2a: 5
|-heal|p2a: 5|294\/327
|move|p1a: Jirachi|Zen Headbutt|p2a: 5
|-damage|p2a: 5|89\/327
|
|turn|44
|
|move|p2a: 5|Acrobatics|p1a: Jirachi
|-resisted|p1a: Jirachi
|-damage|p1a: Jirachi|183\/342
|move|p1a: Jirachi|Zen Headbutt|p2a: 5
|-damage|p2a: 5|0 fnt
|faint|p2a: 5
|
|
|switch|p2a: Angela|Absol-Mega, F|98\/271
|-damage|p2a: Angela|65\/271|[from] Stealth Rock
|turn|45
|
|move|p1a: Jirachi|Zen Headbutt|p2a: Angela
|-immune|p2a: Angela|[msg]
|move|p2a: Angela|Play Rough|p1a: Jirachi
|-resisted|p1a: Jirachi
|-damage|p1a: Jirachi|127\/342
|
|turn|46
|
|move|p1a: Jirachi|Zen Headbutt|p2a: Angela
|-immune|p2a: Angela|[msg]
|move|p2a: Angela|Will-O-Wisp|p1a: Jirachi
|-status|p1a: Jirachi|brn
|
|-damage|p1a: Jirachi|85\/342 brn|[from] brn
|turn|47
|
|switch|p2a: Trolltoad|Seismitoad, F|319\/405
|-damage|p2a: Trolltoad|294\/405|[from] Stealth Rock
|move|p1a: Jirachi|Zen Headbutt|p2a: Trolltoad
|-damage|p2a: Trolltoad|224\/405
|
|-heal|p2a: Trolltoad|249\/405|[from] item: Leftovers
|-damage|p1a: Jirachi|43\/342 brn|[from] brn
|turn|48
|c|âAcemanassasin|do you not have sd?
|c|âMlle Noob|no
|
|move|p1a: Jirachi|Zen Headbutt|p2a: Trolltoad
|-damage|p2a: Trolltoad|176\/405
|move|p2a: Trolltoad|Substitute|p2a: Trolltoad
|-start|p2a: Trolltoad|Substitute
|-damage|p2a: Trolltoad|75\/405
|
|-heal|p2a: Trolltoad|100\/405|[from] item: Leftovers
|-damage|p1a: Jirachi|1\/342 brn|[from] brn
|turn|49
|c|âAcemanassasin|oh
|c|âAcemanassasin|hmmm
|
|move|p1a: Jirachi|Zen Headbutt|p2a: Trolltoad
|-activate|p2a: Trolltoad|Substitute|[damage]
|move|p2a: Trolltoad|Earthquake|p1a: Jirachi
|-crit|p1a: Jirachi
|-supereffective|p1a: Jirachi
|-damage|p1a: Jirachi|0 fnt
|faint|p1a: Jirachi
|
|-heal|p2a: Trolltoad|125\/405|[from] item: Leftovers
|c|âMlle Noob|gg
|c|âMlle Noob|ufff
|c|âMlle Noob|so close
|c|âAcemanassasin|gg
|
|switch|p1a: Sharpedo|Sharpedo, F|282\/282
|turn|50
|
|-singleturn|p2a: Trolltoad|move: Focus Punch
|move|p1a: Sharpedo|Protect|p1a: Sharpedo
|-singleturn|p1a: Sharpedo|Protect
|move|p2a: Trolltoad|Focus Punch|p1a: Sharpedo
|-activate|p1a: Sharpedo|Protect
|
|-heal|p2a: Trolltoad|150\/405|[from] item: Leftovers
|-boost|p1a: Sharpedo|spe|1|[from] ability: Speed Boost
|turn|51
|c|âMlle Noob|mega?
|
|-singleturn|p2a: Trolltoad|move: Focus Punch
|move|p1a: Sharpedo|Crunch|p2a: Trolltoad
|-end|p2a: Trolltoad|Substitute
|move|p2a: Trolltoad|Focus Punch|p1a: Sharpedo
|-supereffective|p1a: Sharpedo
|-damage|p1a: Sharpedo|0 fnt
|faint|p1a: Sharpedo
|
|win|Mlle Noob
|raw|Ladder updating...
|c|âAcemanassasin|hahaha
|raw|Acemanassasin's rating: 1492 &rarr; <strong>1463<\/strong><br \/>(-29 for losing)
|raw|Mlle Noob's rating: 1331 &rarr; <strong>1360<\/strong><br \/>(+29 for winning)
|c|âMlle Noob|gg
|leave|Acemanassasin
|player|p1