|join|Dr.MTL
|join|Mlle Noob
|player|p1|Dr.MTL|156
|player|p2|Mlle Noob|289
|gametype|singles
|gen|6
|tier|UU
|rated
|rule|Sleep Clause Mod: Limit one foe put to sleep
|rule|Species Clause: Limit one of each PokÃ©mon
|rule|OHKO Clause: OHKO moves are banned
|rule|Moody Clause: Moody is banned
|rule|Evasion Moves Clause: Evasion moves are banned
|rule|Endless Battle Clause: Forcing endless battles is banned
|rule|HP Percentage Mod: HP is shown in percentages
|clearpoke
|poke|p1|Aerodactyl, M
|poke|p1|Florges, F
|poke|p1|Aggron, M
|poke|p1|Hydreigon, M
|poke|p1|Cofagrigus, F
|poke|p1|Mesprit
|poke|p2|Fletchinder, F, shiny
|poke|p2|Raikou, shiny
|poke|p2|Absol, M
|poke|p2|Donphan, M
|poke|p2|Flygon, F
|poke|p2|Uxie
|rule|Swagger Clause: Swagger is banned
|rule|Baton Pass Clause: Limit one PokÃ©mon knowing Baton Pass
|teampreview
|join|Emblema de Fuego
|
|start
|switch|p1a: Gargoyle|Aerodactyl, M|364\/364
|switch|p2a: D-Angelo|Absol, M|271\/271
|turn|1
|
|detailschange|p2a: D-Angelo|Absol-Mega, M
|-mega|p2a: D-Angelo|Absol|Absolite
|move|p2a: D-Angelo|Protect|p2a: D-Angelo
|-singleturn|p2a: D-Angelo|Protect
|move|p1a: Gargoyle|Earthquake|p2a: D-Angelo
|-activate|p2a: D-Angelo|Protect
|
|turn|2
|
|switch|p2a: Uzzi|Uxie|353\/353
|move|p1a: Gargoyle|Earthquake|p2a: Uzzi
|-immune|p2a: Uzzi|[msg]
|
|turn|3
|
|switch|p1a: Chimera|Hydreigon, M|325\/325
|move|p2a: Uzzi|U-turn|p1a: Chimera
|-supereffective|p1a: Chimera
|-damage|p1a: Chimera|229\/325
|
|switch|p2a: Bichona|Flygon, F|301\/301
|
|-heal|p1a: Chimera|249\/325|[from] item: Leftovers
|turn|4
|
|move|p2a: Bichona|Dragon Claw|p1a: Chimera
|-supereffective|p1a: Chimera
|-damage|p1a: Chimera|0 fnt
|faint|p1a: Chimera
|
|
|switch|p1a: Gargoyle|Aerodactyl, M|364\/364
|turn|5
|
|move|p2a: Bichona|Dragon Claw|p1a: Gargoyle
|-damage|p1a: Gargoyle|204\/364
|move|p1a: Gargoyle|Ice Fang|p2a: Bichona
|-supereffective|p2a: Bichona
|-damage|p2a: Bichona|0 fnt
|-damage|p1a: Gargoyle|168\/364|[from] item: Life Orb
|faint|p2a: Bichona
|
|
|switch|p2a: Uzzi|Uxie|353\/353
|turn|6
|
|move|p1a: Gargoyle|Stone Edge|p2a: Uzzi
|-crit|p2a: Uzzi
|-damage|p2a: Uzzi|189\/353
|-damage|p1a: Gargoyle|132\/364|[from] item: Life Orb
|move|p2a: Uzzi|Stealth Rock|p1a: Gargoyle
|-sidestart|p1: Dr.MTL|move: Stealth Rock
|
|-heal|p2a: Uzzi|211\/353|[from] item: Leftovers
|turn|7
|
|move|p1a: Gargoyle|Hone Claws|p1a: Gargoyle
|-boost|p1a: Gargoyle|atk|1
|-boost|p1a: Gargoyle|accuracy|1
|move|p2a: Uzzi|U-turn|p1a: Gargoyle
|-resisted|p1a: Gargoyle
|-damage|p1a: Gargoyle|104\/364
|
|switch|p2a: Rodolfo|Donphan, M|383\/383
|
|turn|8
|
|move|p2a: Rodolfo|Ice Shard|p1a: Gargoyle
|-supereffective|p1a: Gargoyle
|-damage|p1a: Gargoyle|2\/364
|move|p1a: Gargoyle|Ice Fang|p2a: Rodolfo
|-supereffective|p2a: Rodolfo
|-damage|p2a: Rodolfo|240\/383
|-damage|p1a: Gargoyle|0 fnt|[from] item: Life Orb
|faint|p1a: Gargoyle
|
|-heal|p2a: Rodolfo|263\/383|[from] item: Leftovers
|
|switch|p1a: Yummy Mummy|Cofagrigus, F|320\/320
|-damage|p1a: Yummy Mummy|280\/320|[from] Stealth Rock
|turn|9
|
|switch|p2a: Uzzi|Uxie|211\/353
|move|p1a: Yummy Mummy|Will-O-Wisp|p2a: Uzzi
|-status|p2a: Uzzi|brn
|
|-heal|p2a: Uzzi|233\/353 brn|[from] item: Leftovers
|-heal|p1a: Yummy Mummy|300\/320|[from] item: Leftovers
|-damage|p2a: Uzzi|189\/353 brn|[from] brn
|turn|10
|
|switch|p1a: Atlas|Aggron, M|344\/344
|-damage|p1a: Atlas|323\/344|[from] Stealth Rock
|move|p2a: Uzzi|Knock Off|p1a: Atlas
|-damage|p1a: Atlas|310\/344
|
|-heal|p2a: Uzzi|211\/353 brn|[from] item: Leftovers
|-damage|p2a: Uzzi|167\/353 brn|[from] brn
|turn|11
|
|detailschange|p1a: Atlas|Aggron-Mega, M
|-mega|p1a: Atlas|Aggron|Aggronite
|move|p2a: Uzzi|Yawn|p1a: Atlas
|-start|p1a: Atlas|move: Yawn|[of] p2a: Uzzi
|move|p1a: Atlas|Heavy Slam|p2a: Uzzi
|-damage|p2a: Uzzi|17\/353 brn
|
|-heal|p2a: Uzzi|39\/353 brn|[from] item: Leftovers
|-damage|p2a: Uzzi|0 fnt|[from] brn
|faint|p2a: Uzzi
|
|switch|p2a: Musho|Raikou, shiny|322\/322
|-ability|p2a: Musho|Pressure
|turn|12
|
|switch|p1a: Sakura|Florges, F|360\/360
|-damage|p1a: Sakura|315\/360|[from] Stealth Rock
|move|p2a: Musho|Substitute|p2a: Musho
|-start|p2a: Musho|Substitute
|-damage|p2a: Musho|242\/322
|
|-heal|p2a: Musho|262\/322|[from] item: Leftovers
|-heal|p1a: Sakura|337\/360|[from] item: Leftovers
|turn|13
|
|move|p2a: Musho|Calm Mind|p2a: Musho
|-boost|p2a: Musho|spa|1
|-boost|p2a: Musho|spd|1
|move|p1a: Sakura|Moonblast|p2a: Musho
|-activate|p2a: Musho|Substitute|[damage]
|
|-heal|p2a: Musho|282\/322|[from] item: Leftovers
|-heal|p1a: Sakura|359\/360|[from] item: Leftovers
|turn|14
|
|move|p2a: Musho|Calm Mind|p2a: Musho
|-boost|p2a: Musho|spa|1
|-boost|p2a: Musho|spd|1
|move|p1a: Sakura|Moonblast|p2a: Musho
|-end|p2a: Musho|Substitute
|
|-heal|p2a: Musho|302\/322|[from] item: Leftovers
|-heal|p1a: Sakura|360\/360|[from] item: Leftovers
|turn|15
|
|switch|p1a: Me + You|Mesprit|364\/364
|-damage|p1a: Me + You|319\/364|[from] Stealth Rock
|move|p2a: Musho|Substitute|p2a: Musho
|-start|p2a: Musho|Substitute
|-damage|p2a: Musho|222\/322
|
|-heal|p2a: Musho|242\/322|[from] item: Leftovers
|-heal|p1a: Me + You|341\/364|[from] item: Leftovers
|turn|16
|
|move|p2a: Musho|Thunderbolt|p1a: Me + You
|-damage|p1a: Me + You|46\/364
|move|p1a: Me + You|Knock Off|p2a: Musho
|-end|p2a: Musho|Substitute
|
|-heal|p2a: Musho|262\/322|[from] item: Leftovers
|-heal|p1a: Me + You|68\/364|[from] item: Leftovers
|turn|17
|
|move|p2a: Musho|Thunderbolt|p1a: Me + You
|-damage|p1a: Me + You|0 fnt
|faint|p1a: Me + You
|
|-heal|p2a: Musho|282\/322|[from] item: Leftovers
|
|switch|p1a: Atlas|Aggron-Mega, M|310\/344
|-damage|p1a: Atlas|289\/344|[from] Stealth Rock
|turn|18
|
|move|p2a: Musho|Thunderbolt|p1a: Atlas
|-damage|p1a: Atlas|37\/344
|-status|p1a: Atlas|par
|move|p1a: Atlas|Heavy Slam|p2a: Musho
|-resisted|p2a: Musho
|-damage|p2a: Musho|218\/322
|
|-heal|p2a: Musho|238\/322|[from] item: Leftovers
|turn|19
|
|move|p2a: Musho|Thunderbolt|p1a: Atlas
|-damage|p1a: Atlas|0 fnt
|faint|p1a: Atlas
|
|-heal|p2a: Musho|258\/322|[from] item: Leftovers
|-message|Dr.MTL forfeited.
|leave|Dr.MTL
|
|win|Mlle Noob
|raw|Ladder updating...
|player|p1
|raw|Dr.MTL's rating: 1227 &rarr; <strong>1196<\/strong><br \/>(-31 for losing)
|raw|Mlle Noob's rating: 1143 &rarr; <strong>1174<\/strong><br \/>(+31 for winning)
|leave|Emblema de Fuego