|join|HiryuSan108
|join|Mlle Noob
|player|p1|HiryuSan108|148
|player|p2|Mlle Noob|289
|gametype|singles
|gen|6
|tier|UU
|rated
|rule|Sleep Clause Mod: Limit one foe put to sleep
|rule|Species Clause: Limit one of each PokÃ©mon
|rule|OHKO Clause: OHKO moves are banned
|rule|Moody Clause: Moody is banned
|rule|Evasion Moves Clause: Evasion moves are banned
|rule|Endless Battle Clause: Forcing endless battles is banned
|rule|HP Percentage Mod: HP is shown in percentages
|clearpoke
|poke|p1|Hydreigon, M
|poke|p1|Galvantula, M, shiny
|poke|p1|Haxorus, M, shiny
|poke|p1|Beedrill, M, shiny
|poke|p1|Forretress, M, shiny
|poke|p1|Tentacruel, M, shiny
|poke|p2|Absol, F
|poke|p2|Fletchinder, F, shiny
|poke|p2|Donphan, M
|poke|p2|Uxie
|poke|p2|Raikou, shiny
|poke|p2|Seismitoad, M
|rule|Swagger Clause: Swagger is banned
|rule|Baton Pass Clause: Limit one PokÃ©mon knowing Baton Pass
|teampreview
|
|start
|switch|p1a: Giga-Brilliant|Galvantula, M, shiny|281\/281
|switch|p2a: Musho|Raikou, shiny|321\/321
|-ability|p2a: Musho|Pressure
|turn|1
|
|move|p2a: Musho|Calm Mind|p2a: Musho
|-boost|p2a: Musho|spa|1
|-boost|p2a: Musho|spd|1
|move|p1a: Giga-Brilliant|Sticky Web|p2a: Musho
|-sidestart|p2: Mlle Noob|move: Sticky Web
|
|turn|2
|
|move|p2a: Musho|Substitute|p2a: Musho
|-start|p2a: Musho|Substitute
|-damage|p2a: Musho|241\/321
|move|p1a: Giga-Brilliant|Bug Buzz|p2a: Musho
|-damage|p2a: Musho|153\/321
|
|-heal|p2a: Musho|173\/321|[from] item: Leftovers
|turn|3
|
|move|p2a: Musho|Thunderbolt|p1a: Giga-Brilliant
|-resisted|p1a: Giga-Brilliant
|-damage|p1a: Giga-Brilliant|108\/281
|move|p1a: Giga-Brilliant|Bug Buzz|p2a: Musho
|-damage|p2a: Musho|82\/321
|
|-heal|p2a: Musho|102\/321|[from] item: Leftovers
|turn|4
|
|move|p2a: Musho|Thunderbolt|p1a: Giga-Brilliant
|-resisted|p1a: Giga-Brilliant
|-damage|p1a: Giga-Brilliant|0 fnt
|faint|p1a: Giga-Brilliant
|
|-heal|p2a: Musho|122\/321|[from] item: Leftovers
|
|switch|p1a: Tick|Beedrill, M, shiny|271\/271
|turn|5
|
|detailschange|p1a: Tick|Beedrill-Mega, M, shiny
|-mega|p1a: Tick|Beedrill|Beedrillite
|move|p1a: Tick|Protect|p1a: Tick
|-singleturn|p1a: Tick|Protect
|move|p2a: Musho|Calm Mind|p2a: Musho
|-boost|p2a: Musho|spa|1
|-boost|p2a: Musho|spd|1
|
|-heal|p2a: Musho|142\/321|[from] item: Leftovers
|turn|6
|
|move|p1a: Tick|U-turn|p2a: Musho
|-end|p2a: Musho|Substitute
|
|switch|p1a: Squidward T-Balls|Tentacruel, M, shiny|361\/361
|move|p2a: Musho|Substitute|p2a: Musho
|-start|p2a: Musho|Substitute
|-damage|p2a: Musho|62\/321
|
|-heal|p2a: Musho|82\/321|[from] item: Leftovers
|turn|7
|
|move|p2a: Musho|Thunderbolt|p1a: Squidward T-Balls
|-supereffective|p1a: Squidward T-Balls
|-damage|p1a: Squidward T-Balls|0 fnt
|faint|p1a: Squidward T-Balls
|
|-heal|p2a: Musho|102\/321|[from] item: Leftovers
|
|switch|p1a: Goldd|Forretress, M, shiny|291\/291
|turn|8
|
|move|p2a: Musho|Thunderbolt|p1a: Goldd
|-crit|p1a: Goldd
|-activate|p1a: Goldd|Sturdy
|-damage|p1a: Goldd|1\/291
|move|p1a: Goldd|Stealth Rock|p2a: Musho
|-sidestart|p2: Mlle Noob|move: Stealth Rock
|
|-heal|p2a: Musho|122\/321|[from] item: Leftovers
|-heal|p1a: Goldd|19\/291|[from] item: Leftovers
|turn|9
|
|move|p2a: Musho|Thunderbolt|p1a: Goldd
|-damage|p1a: Goldd|0 fnt
|faint|p1a: Goldd
|
|-heal|p2a: Musho|142\/321|[from] item: Leftovers
|
|switch|p1a: Tick|Beedrill-Mega, M, shiny|271\/271
|turn|10
|
|move|p1a: Tick|U-turn|p2a: Musho
|-end|p2a: Musho|Substitute
|
|switch|p1a: Helios|Hydreigon, M|325\/325
|move|p2a: Musho|Thunderbolt|p1a: Helios
|-resisted|p1a: Helios
|-damage|p1a: Helios|170\/325
|-status|p1a: Helios|par
|
|-heal|p2a: Musho|162\/321|[from] item: Leftovers
|turn|11
|
|move|p2a: Musho|Substitute|p2a: Musho
|-start|p2a: Musho|Substitute
|-damage|p2a: Musho|82\/321
|move|p1a: Helios|Dark Pulse|p2a: Musho
|-activate|p2a: Musho|Substitute|[damage]
|
|-heal|p2a: Musho|102\/321|[from] item: Leftovers
|turn|12
|
|move|p2a: Musho|Hidden Power|p1a: Helios
|-supereffective|p1a: Helios
|-damage|p1a: Helios|0 fnt
|faint|p1a: Helios
|
|-heal|p2a: Musho|122\/321|[from] item: Leftovers
|c|âMlle Noob|spects?
|c|âMlle Noob|or scarf?
|
|switch|p1a: Tick|Beedrill-Mega, M, shiny|271\/271
|turn|13
|c|âHiryuSan108|Scarf...You paralyzed me...
|c|âMlle Noob|ah
|c|âMlle Noob|sorry
|
|move|p1a: Tick|U-turn|p2a: Musho
|-end|p2a: Musho|Substitute
|c|âMlle Noob|bbut anyways i put m sub
|
|switch|p1a: H4XX0RZ|Haxorus, M, shiny|293\/293
|-ability|p1a: H4XX0RZ|Mold Breaker
|move|p2a: Musho|Thunderbolt|p1a: H4XX0RZ
|-resisted|p1a: H4XX0RZ
|-damage|p1a: H4XX0RZ|90\/293
|
|-heal|p2a: Musho|142\/321|[from] item: Leftovers
|turn|14
|c|âMlle Noob|hax mather of curse
|c|âHiryuSan108|You went for what I would've tried were I in the situation...
|
|move|p2a: Musho|Thunderbolt|p1a: H4XX0RZ
|-resisted|p1a: H4XX0RZ
|-damage|p1a: H4XX0RZ|0 fnt
|faint|p1a: H4XX0RZ
|
|-heal|p2a: Musho|162\/321|[from] item: Leftovers
|c|âHiryuSan108|Unfortunately, you're gonna have to kill me off here...
|c|âMlle Noob|yea
|
|switch|p1a: Tick|Beedrill-Mega, M, shiny|271\/271
|turn|15
|c|âHiryuSan108|I can't sit back and let you beat me 6-0.
|c|âHiryuSan108|I want to at least leave a dent in your team when I go out...
|
|move|p1a: Tick|Poison Jab|p2a: Musho
|-damage|p2a: Musho|0 fnt
|faint|p2a: Musho
|
|
|switch|p2a: 5|Fletchinder, F, shiny|327\/327
|-damage|p2a: 5|164\/327|[from] Stealth Rock
|turn|16
|c|âHiryuSan108|Acrobatics?
|
|move|p2a: 5|Acrobatics|p1a: Tick
|-supereffective|p1a: Tick
|-damage|p1a: Tick|0 fnt
|faint|p1a: Tick
|
|win|Mlle Noob
|raw|Ladder updating...
|c|âMlle Noob|yea
|raw|HiryuSan108's rating: 1367 &rarr; <strong>1350<\/strong><br \/>(-17 for losing)
|raw|Mlle Noob's rating: 1429 &rarr; <strong>1445<\/strong><br \/>(+16 for winning)
|c|âHiryuSan108|Yep...
|leave|HiryuSan108
|c|âMlle Noob|gg
|player|p1