|join|The Master Blaster
|join|Mlle Noob
|player|p1|The Master Blaster|2
|player|p2|Mlle Noob|289
|gametype|singles
|gen|6
|tier|UU
|rated
|rule|Sleep Clause Mod: Limit one foe put to sleep
|rule|Species Clause: Limit one of each PokÃ©mon
|rule|OHKO Clause: OHKO moves are banned
|rule|Moody Clause: Moody is banned
|rule|Evasion Moves Clause: Evasion moves are banned
|rule|Endless Battle Clause: Forcing endless battles is banned
|rule|HP Percentage Mod: HP is shown in percentages
|clearpoke
|poke|p1|Swampert, M, shiny
|poke|p1|Forretress, M, shiny
|poke|p1|Roserade, F, shiny
|poke|p1|Mienshao, M, shiny
|poke|p1|Porygon-Z, shiny
|poke|p1|Raikou, shiny
|poke|p2|Absol, F
|poke|p2|Fletchinder, F, shiny
|poke|p2|Donphan, M
|poke|p2|Uxie
|poke|p2|Raikou, shiny
|poke|p2|Seismitoad, M
|rule|Swagger Clause: Swagger is banned
|rule|Baton Pass Clause: Limit one PokÃ©mon knowing Baton Pass
|teampreview
|
|start
|switch|p1a: Roserade|Roserade, F, shiny|324\/324
|switch|p2a: Angela|Absol, F|271\/271
|-ability|p2a: Angela|Pressure
|turn|1
|join|Bill the krill
|
|switch|p1a: Swampert|Swampert, M, shiny|341\/341
|detailschange|p2a: Angela|Absol-Mega, F
|-mega|p2a: Angela|Absol|Absolite
|move|p2a: Angela|Protect|p2a: Angela
|-fail|p2a: Angela
|
|turn|2
|join|Sr.Braistoll
|c| Bill the krill|will o wisp
|leave|Sr.Braistoll
|c|âMlle Noob|ah?
|c|âMlle Noob|XD
|c|âMlle Noob|how????
|c| Bill the krill|youre gonna use it right here
|c|âMlle Noob|wtf?
|
|detailschange|p1a: Swampert|Swampert-Mega, M, shiny
|-mega|p1a: Swampert|Swampert|Swampertite
|move|p2a: Angela|Will-O-Wisp|p1a: Swampert
|-status|p1a: Swampert|brn
|move|p1a: Swampert|Earthquake|p2a: Angela
|-damage|p2a: Angela|132\/271
|
|-damage|p1a: Swampert|299\/341 brn|[from] brn
|turn|3
|c| Bill the krill|see
|c| Bill the krill|i was warning him but hes too dumb to listen i guess
|c|âMlle Noob|you know me?
|c| Bill the krill|no lol
|c| Bill the krill|im just bored
|c|âThe Master Blaster|i didn't even know it got willo :)
|
|move|p2a: Angela|Protect|p2a: Angela
|-singleturn|p2a: Angela|Protect
|move|p1a: Swampert|Earthquake|p2a: Angela
|-activate|p2a: Angela|Protect
|
|-damage|p1a: Swampert|257\/341 brn|[from] brn
|turn|4
|c| Bill the krill|now you know
|c|âMlle Noob|hey don spoiler
|c| Bill the krill|and play rough
|c|âMlle Noob|....
|c| Bill the krill|hahaha
|c|âThe Master Blaster|there's a button to ignore spectators :)
|
|switch|p2a: Uzzzi|Uxie|353\/353
|switch|p1a: Roserade|Roserade, F, shiny|324\/324
|
|turn|5
|
|move|p2a: Uzzzi|Stealth Rock|p1a: Roserade
|-sidestart|p1: The Master Blaster|move: Stealth Rock
|move|p1a: Roserade|Sludge Bomb|p2a: Uzzzi
|-damage|p2a: Uzzzi|244\/353
|
|-heal|p2a: Uzzzi|266\/353|[from] item: Leftovers
|turn|6
|c| Bill the krill|he doesnt have a psychic move fyi
|c| Bill the krill|watch out for yawn
|c| Bill the krill|;]
|
|move|p2a: Uzzzi|Yawn|p1a: Roserade
|-start|p1a: Roserade|move: Yawn|[of] p2a: Uzzzi
|move|p1a: Roserade|Giga Drain|p2a: Uzzzi
|-damage|p2a: Uzzzi|167\/353
|
|-heal|p2a: Uzzzi|189\/353|[from] item: Leftovers
|turn|7
|c| Bill the krill|there it is
|
|switch|p1a: Porygon-Z|Porygon-Z, shiny|311\/311
|-damage|p1a: Porygon-Z|273\/311|[from] Stealth Rock
|move|p2a: Uzzzi|U-turn|p1a: Porygon-Z
|-damage|p1a: Porygon-Z|217\/311
|
|switch|p2a: Musho|Raikou, shiny|321\/321
|-ability|p2a: Musho|Pressure
|
|turn|8
|
|switch|p1a: Roserade|Roserade, F, shiny|324\/324
|-damage|p1a: Roserade|284\/324|[from] Stealth Rock
|move|p2a: Musho|Thunderbolt|p1a: Roserade
|-resisted|p1a: Roserade
|-damage|p1a: Roserade|238\/324
|
|turn|9
|
|switch|p2a: Uzzzi|Uxie|189\/353
|move|p1a: Roserade|Sludge Bomb|p2a: Uzzzi
|-damage|p2a: Uzzzi|74\/353
|
|-heal|p2a: Uzzzi|96\/353|[from] item: Leftovers
|turn|10
|
|move|p2a: Uzzzi|Yawn|p1a: Roserade
|-start|p1a: Roserade|move: Yawn|[of] p2a: Uzzzi
|move|p1a: Roserade|Sludge Bomb|p2a: Uzzzi
|-damage|p2a: Uzzzi|0 fnt
|faint|p2a: Uzzzi
|
|
|switch|p2a: Trolltoad|Seismitoad, M|405\/405
|turn|11
|
|move|p2a: Trolltoad|Substitute|p2a: Trolltoad
|-start|p2a: Trolltoad|Substitute
|-damage|p2a: Trolltoad|304\/405
|move|p1a: Roserade|Giga Drain|p2a: Trolltoad
|-crit|p2a: Trolltoad
|-supereffective|p2a: Trolltoad
|-end|p2a: Trolltoad|Substitute
|-heal|p1a: Roserade|289\/324|[from] drain|[of] p2a: Trolltoad
|
|-status|p1a: Roserade|slp
|-heal|p2a: Trolltoad|329\/405|[from] item: Leftovers
|turn|12
|
|switch|p1a: Porygon-Z|Porygon-Z, shiny|217\/311
|-damage|p1a: Porygon-Z|179\/311|[from] Stealth Rock
|move|p2a: Trolltoad|Substitute|p2a: Trolltoad
|-start|p2a: Trolltoad|Substitute
|-damage|p2a: Trolltoad|228\/405
|
|-heal|p2a: Trolltoad|253\/405|[from] item: Leftovers
|turn|13
|
|-singleturn|p2a: Trolltoad|move: Focus Punch
|move|p1a: Porygon-Z|Tri Attack|p2a: Trolltoad
|-end|p2a: Trolltoad|Substitute
|move|p2a: Trolltoad|Focus Punch|p1a: Porygon-Z
|-supereffective|p1a: Porygon-Z
|-damage|p1a: Porygon-Z|0 fnt
|faint|p1a: Porygon-Z
|
|-heal|p2a: Trolltoad|278\/405|[from] item: Leftovers
|
|switch|p1a: Mienshao|Mienshao, M, shiny|271\/271
|-damage|p1a: Mienshao|255\/271|[from] Stealth Rock
|turn|14
|
|switch|p2a: Rodolfo|Donphan, M|383\/383
|move|p1a: Mienshao|Fake Out|p2a: Rodolfo
|-damage|p2a: Rodolfo|343\/383
|-damage|p1a: Mienshao|228\/271|[from] item: Life Orb
|
|-heal|p2a: Rodolfo|366\/383|[from] item: Leftovers
|turn|15
|
|move|p1a: Mienshao|High Jump Kick|p2a: Rodolfo
|-damage|p2a: Rodolfo|175\/383
|-damage|p1a: Mienshao|201\/271|[from] item: Life Orb
|move|p2a: Rodolfo|Earthquake|p1a: Mienshao
|-crit|p1a: Mienshao
|-damage|p1a: Mienshao|0 fnt
|faint|p1a: Mienshao
|
|-heal|p2a: Rodolfo|198\/383|[from] item: Leftovers
|
|switch|p1a: Roserade|Roserade, F, shiny|289\/324
|-damage|p1a: Roserade|249\/324|[from] Stealth Rock
|turn|16
|
|move|p1a: Roserade|Giga Drain|p2a: Rodolfo
|-supereffective|p2a: Rodolfo
|-damage|p2a: Rodolfo|0 fnt
|-heal|p1a: Roserade|324\/324|[from] drain|[of] p2a: Rodolfo
|faint|p2a: Rodolfo
|
|
|switch|p2a: 5|Fletchinder, F, shiny|327\/327
|turn|17
|
|switch|p1a: Swampert|Swampert-Mega, M, shiny|257\/341 brn
|-damage|p1a: Swampert|236\/341 brn|[from] Stealth Rock
|move|p2a: 5|Acrobatics|p1a: Swampert
|-damage|p1a: Swampert|109\/341 brn
|
|-damage|p1a: Swampert|67\/341 brn|[from] brn
|turn|18
|
|move|p2a: 5|Acrobatics|p1a: Swampert
|-damage|p1a: Swampert|0 fnt
|faint|p1a: Swampert
|
|
|switch|p1a: Forretress|Forretress, M, shiny|354\/354
|-damage|p1a: Forretress|310\/354|[from] Stealth Rock
|turn|19
|leave|Bill the krill
|
|move|p2a: 5|Swords Dance|p2a: 5
|-boost|p2a: 5|atk|2
|move|p1a: Forretress|Rapid Spin|p2a: 5
|-damage|p2a: 5|305\/327
|-sideend|p1: The Master Blaster|Stealth Rock|[from] move: Rapid Spin|[of] p1a: Forretress
|
|-heal|p1a: Forretress|332\/354|[from] item: Leftovers
|turn|20
|
|move|p2a: 5|Will-O-Wisp|p1a: Forretress
|-status|p1a: Forretress|brn
|move|p1a: Forretress|Volt Switch|p2a: 5
|-supereffective|p2a: 5
|-damage|p2a: 5|181\/327
|
|switch|p1a: Raikou|Raikou, shiny|321\/321
|-ability|p1a: Raikou|Pressure
|
|turn|21
|
|switch|p2a: Trolltoad|Seismitoad, M|278\/405
|move|p1a: Raikou|Volt Switch|p2a: Trolltoad
|-immune|p2a: Trolltoad|[msg]
|
|-heal|p2a: Trolltoad|303\/405|[from] item: Leftovers
|turn|22
|
|switch|p1a: Roserade|Roserade, F, shiny|324\/324
|move|p2a: Trolltoad|Substitute|p2a: Trolltoad
|-start|p2a: Trolltoad|Substitute
|-damage|p2a: Trolltoad|202\/405
|
|-heal|p2a: Trolltoad|227\/405|[from] item: Leftovers
|turn|23
|
|move|p2a: Trolltoad|Earthquake|p1a: Roserade
|-damage|p1a: Roserade|131\/324
|move|p1a: Roserade|Giga Drain|p2a: Trolltoad
|-supereffective|p2a: Trolltoad
|-end|p2a: Trolltoad|Substitute
|-heal|p1a: Roserade|182\/324|[from] drain|[of] p2a: Trolltoad
|
|-heal|p2a: Trolltoad|252\/405|[from] item: Leftovers
|turn|24
|
|move|p2a: Trolltoad|Earthquake|p1a: Roserade
|-damage|p1a: Roserade|0 fnt
|faint|p1a: Roserade
|
|-heal|p2a: Trolltoad|277\/405|[from] item: Leftovers
|-message|The Master Blaster forfeited.
|leave|The Master Blaster
|
|win|Mlle Noob
|raw|Ladder updating...
|player|p1
|raw|The Master Blaster's rating: 1331 &rarr; <strong>1317<\/strong><br \/>(-14 for losing)
|raw|Mlle Noob's rating: 1439 &rarr; <strong>1453<\/strong><br \/>(+14 for winning)