|join|biggie5757
|join|Mlle Noob
|player|p1|biggie5757|176
|player|p2|Mlle Noob|289
|gametype|singles
|gen|6
|tier|UU
|rated
|rule|Sleep Clause Mod: Limit one foe put to sleep
|rule|Species Clause: Limit one of each PokÃ©mon
|rule|OHKO Clause: OHKO moves are banned
|rule|Moody Clause: Moody is banned
|rule|Evasion Moves Clause: Evasion moves are banned
|rule|Endless Battle Clause: Forcing endless battles is banned
|rule|HP Percentage Mod: HP is shown in percentages
|clearpoke
|poke|p1|Swampert, M
|poke|p1|Goodra, M
|poke|p1|Forretress, F
|poke|p1|Kingdra, M
|poke|p1|Bronzong
|poke|p1|Tornadus, M
|poke|p2|Absol, F
|poke|p2|Fletchinder, F, shiny
|poke|p2|Donphan, M
|poke|p2|Uxie
|poke|p2|Raikou, shiny
|poke|p2|Seismitoad, F
|rule|Swagger Clause: Swagger is banned
|rule|Baton Pass Clause: Limit one PokÃ©mon knowing Baton Pass
|teampreview
|
|start
|switch|p1a: Tornadus|Tornadus, M|361\/361
|switch|p2a: Angela|Absol, F|271\/271
|-ability|p2a: Angela|Pressure
|turn|1
|
|detailschange|p2a: Angela|Absol-Mega, F
|-mega|p2a: Angela|Absol|Absolite
|move|p2a: Angela|Protect|p2a: Angela
|-singleturn|p2a: Angela|Protect
|move|p1a: Tornadus|Rain Dance|p1a: Tornadus
|-weather|RainDance
|
|-weather|RainDance|[upkeep]
|turn|2
|
|switch|p2a: Musho|Raikou, shiny|321\/321
|-ability|p2a: Musho|Pressure
|move|p1a: Tornadus|U-turn|p2a: Musho
|-damage|p2a: Musho|225\/321
|
|switch|p1a: Kingdra|Kingdra, M|291\/291
|
|-weather|RainDance|[upkeep]
|-heal|p2a: Musho|245\/321|[from] item: Leftovers
|turn|3
|
|switch|p2a: Trolltoad|Seismitoad, F|405\/405
|move|p1a: Kingdra|Surf|p2a: Trolltoad
|-immune|p2a: Trolltoad|[msg]
|
|-weather|RainDance|[upkeep]
|turn|4
|
|switch|p1a: Forretress|Forretress, F|354\/354
|switch|p2a: Uzzzi|Uxie|353\/353
|
|-weather|RainDance|[upkeep]
|turn|5
|
|switch|p1a: Goodra|Goodra, M|384\/384
|move|p2a: Uzzzi|Stealth Rock|p1a: Goodra
|-sidestart|p1: biggie5757|move: Stealth Rock
|
|-weather|RainDance|[upkeep]
|turn|6
|
|move|p2a: Uzzzi|Yawn|p1a: Goodra
|-start|p1a: Goodra|move: Yawn|[of] p2a: Uzzzi
|move|p1a: Goodra|Muddy Water|p2a: Uzzzi
|-damage|p2a: Uzzzi|250\/353
|-unboost|p2a: Uzzzi|accuracy|1
|
|-weather|RainDance|[upkeep]
|-heal|p2a: Uzzzi|272\/353|[from] item: Leftovers
|turn|7
|
|switch|p1a: Bronzong|Bronzong|338\/338
|-damage|p1a: Bronzong|317\/338|[from] Stealth Rock
|move|p2a: Uzzzi|U-turn|p1a: Bronzong
|-damage|p1a: Bronzong|278\/338
|
|switch|p2a: Angela|Absol-Mega, F|271\/271
|
|-weather|RainDance|[upkeep]
|turn|8
|
|move|p2a: Angela|Will-O-Wisp|p1a: Bronzong
|-status|p1a: Bronzong|brn
|move|p1a: Bronzong|Flash Cannon|p2a: Angela
|-damage|p2a: Angela|162\/271
|
|-weather|none
|-damage|p1a: Bronzong|236\/338 brn|[from] brn
|turn|9
|
|move|p2a: Angela|Protect|p2a: Angela
|-singleturn|p2a: Angela|Protect
|move|p1a: Bronzong|Rain Dance|p1a: Bronzong
|-weather|RainDance
|
|-weather|RainDance|[upkeep]
|-damage|p1a: Bronzong|194\/338 brn|[from] brn
|turn|10
|
|switch|p2a: Musho|Raikou, shiny|245\/321
|-ability|p2a: Musho|Pressure
|move|p1a: Bronzong|Flash Cannon|p2a: Musho
|-resisted|p2a: Musho
|-damage|p2a: Musho|209\/321
|
|-weather|RainDance|[upkeep]
|-heal|p2a: Musho|229\/321|[from] item: Leftovers
|-damage|p1a: Bronzong|152\/338 brn|[from] brn
|turn|11
|
|move|p2a: Musho|Substitute|p2a: Musho
|-start|p2a: Musho|Substitute
|-damage|p2a: Musho|149\/321
|move|p1a: Bronzong|Toxic|p2a: Musho
|
|-weather|RainDance|[upkeep]
|-heal|p2a: Musho|169\/321|[from] item: Leftovers
|-damage|p1a: Bronzong|110\/338 brn|[from] brn
|turn|12
|
|move|p2a: Musho|Calm Mind|p2a: Musho
|-boost|p2a: Musho|spa|1
|-boost|p2a: Musho|spd|1
|move|p1a: Bronzong|Psychic|p2a: Musho
|-activate|p2a: Musho|Substitute|[damage]
|
|-weather|RainDance|[upkeep]
|-heal|p2a: Musho|189\/321|[from] item: Leftovers
|-damage|p1a: Bronzong|68\/338 brn|[from] brn
|turn|13
|
|move|p2a: Musho|Calm Mind|p2a: Musho
|-boost|p2a: Musho|spa|1
|-boost|p2a: Musho|spd|1
|move|p1a: Bronzong|Psychic|p2a: Musho
|-end|p2a: Musho|Substitute
|
|-weather|RainDance|[upkeep]
|-heal|p2a: Musho|209\/321|[from] item: Leftovers
|-damage|p1a: Bronzong|26\/338 brn|[from] brn
|turn|14
|
|move|p2a: Musho|Substitute|p2a: Musho
|-start|p2a: Musho|Substitute
|-damage|p2a: Musho|129\/321
|move|p1a: Bronzong|Psychic|p2a: Musho
|-activate|p2a: Musho|Substitute|[damage]
|
|-weather|RainDance|[upkeep]
|-heal|p2a: Musho|149\/321|[from] item: Leftovers
|-damage|p1a: Bronzong|0 fnt|[from] brn
|faint|p1a: Bronzong
|
|switch|p1a: Goodra|Goodra, M|384\/384
|-damage|p1a: Goodra|336\/384|[from] Stealth Rock
|turn|15
|
|move|p2a: Musho|Hidden Power|p1a: Goodra
|-supereffective|p1a: Goodra
|-damage|p1a: Goodra|220\/384
|move|p1a: Goodra|Muddy Water|p2a: Musho
|-end|p2a: Musho|Substitute
|
|-weather|RainDance|[upkeep]
|-heal|p2a: Musho|169\/321|[from] item: Leftovers
|turn|16
|
|move|p2a: Musho|Calm Mind|p2a: Musho
|-boost|p2a: Musho|spa|1
|-boost|p2a: Musho|spd|1
|move|p1a: Goodra|Muddy Water|p2a: Musho
|-damage|p2a: Musho|110\/321
|-unboost|p2a: Musho|accuracy|1
|
|-weather|none
|-heal|p2a: Musho|130\/321|[from] item: Leftovers
|turn|17
|
|switch|p1a: Swampert|Swampert, M|365\/365
|-damage|p1a: Swampert|343\/365|[from] Stealth Rock
|move|p2a: Musho|Substitute|p2a: Musho
|-start|p2a: Musho|Substitute
|-damage|p2a: Musho|50\/321
|
|-heal|p2a: Musho|70\/321|[from] item: Leftovers
|turn|18
|
|detailschange|p1a: Swampert|Swampert-Mega, M
|-mega|p1a: Swampert|Swampert|Swampertite
|move|p2a: Musho|Hidden Power|p1a: Swampert|[miss]
|-miss|p2a: Musho|p1a: Swampert
|move|p1a: Swampert|Earthquake|p2a: Musho
|-supereffective|p2a: Musho
|-end|p2a: Musho|Substitute
|
|-heal|p2a: Musho|90\/321|[from] item: Leftovers
|turn|19
|
|switch|p2a: Uzzzi|Uxie|272\/353
|move|p1a: Swampert|Earthquake|p2a: Uzzzi
|-immune|p2a: Uzzzi|[msg]
|
|-heal|p2a: Uzzzi|294\/353|[from] item: Leftovers
|turn|20
|c|âMlle Noob|......
|
|move|p2a: Uzzzi|Yawn|p1a: Swampert
|-start|p1a: Swampert|move: Yawn|[of] p2a: Uzzzi
|move|p1a: Swampert|Waterfall|p2a: Uzzzi
|-crit|p2a: Uzzzi
|-damage|p2a: Uzzzi|95\/353
|
|-heal|p2a: Uzzzi|117\/353|[from] item: Leftovers
|turn|21
|
|switch|p1a: Goodra|Goodra, M|220\/384
|-damage|p1a: Goodra|172\/384|[from] Stealth Rock
|move|p2a: Uzzzi|U-turn|p1a: Goodra
|-damage|p1a: Goodra|118\/384
|
|switch|p2a: Trolltoad|Seismitoad, F|405\/405
|
|turn|22
|
|move|p2a: Trolltoad|Substitute|p2a: Trolltoad
|-start|p2a: Trolltoad|Substitute
|-damage|p2a: Trolltoad|304\/405
|move|p1a: Goodra|Draco Meteor|p2a: Trolltoad
|-end|p2a: Trolltoad|Substitute
|-unboost|p1a: Goodra|spa|2
|
|-heal|p2a: Trolltoad|329\/405|[from] item: Leftovers
|turn|23
|
|switch|p1a: Tornadus|Tornadus, M|361\/361
|-damage|p1a: Tornadus|271\/361|[from] Stealth Rock
|move|p2a: Trolltoad|Substitute|p2a: Trolltoad
|-start|p2a: Trolltoad|Substitute
|-damage|p2a: Trolltoad|228\/405
|
|-heal|p2a: Trolltoad|253\/405|[from] item: Leftovers
|turn|24
|
|move|p1a: Tornadus|Hurricane|p2a: Trolltoad
|-end|p2a: Trolltoad|Substitute
|move|p2a: Trolltoad|Infestation|p1a: Tornadus
|-resisted|p1a: Tornadus
|-damage|p1a: Tornadus|263\/361
|-activate|p1a: Tornadus|move: Infestation|[of] p2a: Trolltoad
|
|-heal|p2a: Trolltoad|278\/405|[from] item: Leftovers
|-damage|p1a: Tornadus|218\/361|[from] move: Infestation|[partiallytrapped]
|turn|25
|
|switch|p2a: Uzzzi|Uxie|117\/353
|move|p1a: Tornadus|Rain Dance|p1a: Tornadus
|-weather|RainDance
|
|-weather|RainDance|[upkeep]
|-heal|p2a: Uzzzi|139\/353|[from] item: Leftovers
|-end|p1a: Tornadus|Infestation|[partiallytrapped]
|turn|26
|
|move|p1a: Tornadus|Knock Off|p2a: Uzzzi
|-supereffective|p2a: Uzzzi
|-damage|p2a: Uzzzi|0 fnt
|-enditem|p2a: Uzzzi|Leftovers|[from] move: Knock Off|[of] p1a: Tornadus
|faint|p2a: Uzzzi
|
|-weather|RainDance|[upkeep]
|
|switch|p2a: Musho|Raikou, shiny|90\/321
|-ability|p2a: Musho|Pressure
|turn|27
|
|move|p2a: Musho|Hidden Power|p1a: Tornadus
|-supereffective|p1a: Tornadus
|-damage|p1a: Tornadus|72\/361
|move|p1a: Tornadus|Knock Off|p2a: Musho
|-damage|p2a: Musho|0 fnt
|-enditem|p2a: Musho|Leftovers|[from] move: Knock Off|[of] p1a: Tornadus
|faint|p2a: Musho
|
|-weather|RainDance|[upkeep]
|
|switch|p2a: 5|Fletchinder, F, shiny|327\/327
|turn|28
|
|switch|p1a: Swampert|Swampert-Mega, M|343\/365
|-damage|p1a: Swampert|321\/365|[from] Stealth Rock
|move|p2a: 5|Acrobatics|p1a: Swampert
|-damage|p1a: Swampert|179\/365
|
|-weather|RainDance|[upkeep]
|turn|29
|
|switch|p2a: Trolltoad|Seismitoad, F|278\/405
|move|p1a: Swampert|Waterfall|p2a: Trolltoad
|-heal|p2a: Trolltoad|379\/405|[from] ability: Water Absorb|[of] p1a: Swampert
|
|-weather|RainDance|[upkeep]
|-heal|p2a: Trolltoad|404\/405|[from] item: Leftovers
|turn|30
|
|move|p1a: Swampert|Earthquake|p2a: Trolltoad
|-damage|p2a: Trolltoad|112\/405
|move|p2a: Trolltoad|Earthquake|p1a: Swampert
|-damage|p1a: Swampert|59\/365
|
|-weather|RainDance|[upkeep]
|-heal|p2a: Trolltoad|137\/405|[from] item: Leftovers
|turn|31
|
|move|p1a: Swampert|Ice Punch|p2a: Trolltoad
|-damage|p2a: Trolltoad|10\/405
|-status|p2a: Trolltoad|frz
|cant|p2a: Trolltoad|frz
|
|-weather|RainDance|[upkeep]
|-heal|p2a: Trolltoad|35\/405 frz|[from] item: Leftovers
|turn|32
|c|âMlle Noob|to muchluck
|
|move|p1a: Swampert|Ice Punch|p2a: Trolltoad
|-damage|p2a: Trolltoad|0 fnt
|faint|p2a: Trolltoad
|
|-weather|none
|
|switch|p2a: Angela|Absol-Mega, F|162\/271
|turn|33
|
|switch|p1a: Forretress|Forretress, F|354\/354
|-damage|p1a: Forretress|310\/354|[from] Stealth Rock
|move|p2a: Angela|Play Rough|p1a: Forretress
|-resisted|p1a: Forretress
|-damage|p1a: Forretress|276\/354
|
|-heal|p1a: Forretress|298\/354|[from] item: Leftovers
|turn|34
|
|switch|p2a: 5|Fletchinder, F, shiny|327\/327
|move|p1a: Forretress|Rapid Spin|p2a: 5
|-damage|p2a: 5|303\/327
|-sideend|p1: biggie5757|Stealth Rock|[from] move: Rapid Spin|[of] p1a: Forretress
|
|-heal|p1a: Forretress|320\/354|[from] item: Leftovers
|turn|35
|
|switch|p1a: Goodra|Goodra, M|118\/384
|move|p2a: 5|Swords Dance|p2a: 5
|-boost|p2a: 5|atk|2
|
|turn|36
|
|move|p2a: 5|Acrobatics|p1a: Goodra
|-damage|p1a: Goodra|0 fnt
|faint|p1a: Goodra
|
|
|switch|p1a: Tornadus|Tornadus, M|72\/361
|turn|37
|
|move|p1a: Tornadus|Rain Dance|p1a: Tornadus
|-weather|RainDance
|move|p2a: 5|Acrobatics|p1a: Tornadus
|-damage|p1a: Tornadus|0 fnt
|faint|p1a: Tornadus
|
|-weather|RainDance|[upkeep]
|
|switch|p1a: Kingdra|Kingdra, M|291\/291
|turn|38
|
|move|p2a: 5|Acrobatics|p1a: Kingdra
|-damage|p1a: Kingdra|0 fnt
|faint|p1a: Kingdra
|
|-weather|RainDance|[upkeep]
|c|âMlle Noob|cool
|
|switch|p1a: Forretress|Forretress, F|320\/354
|turn|39
|
|move|p2a: 5|Will-O-Wisp|p1a: Forretress
|-status|p1a: Forretress|brn
|move|p1a: Forretress|Gyro Ball|p2a: 5
|-resisted|p2a: 5
|-damage|p2a: 5|272\/327
|
|-weather|RainDance|[upkeep]
|-heal|p1a: Forretress|342\/354 brn|[from] item: Leftovers
|-damage|p1a: Forretress|298\/354 brn|[from] brn
|turn|40
|
|move|p2a: 5|Swords Dance|p2a: 5
|-boost|p2a: 5|atk|2
|move|p1a: Forretress|Toxic|p2a: 5
|-status|p2a: 5|tox
|
|-weather|RainDance|[upkeep]
|-heal|p1a: Forretress|320\/354 brn|[from] item: Leftovers
|-damage|p2a: 5|252\/327 tox|[from] psn
|-damage|p1a: Forretress|276\/354 brn|[from] brn
|turn|41
|
|move|p2a: 5|Acrobatics|p1a: Forretress
|-damage|p1a: Forretress|14\/354 brn
|move|p1a: Forretress|Gyro Ball|p2a: 5
|-resisted|p2a: 5
|-damage|p2a: 5|224\/327 tox
|
|-weather|RainDance|[upkeep]
|-heal|p1a: Forretress|36\/354 brn|[from] item: Leftovers
|-damage|p2a: 5|184\/327 tox|[from] psn
|-damage|p1a: Forretress|0 fnt|[from] brn
|faint|p1a: Forretress
|
|switch|p1a: Swampert|Swampert-Mega, M|59\/365
|turn|42
|
|move|p2a: 5|Acrobatics|p1a: Swampert
|-damage|p1a: Swampert|0 fnt
|faint|p1a: Swampert
|
|win|Mlle Noob
|raw|Ladder updating...
|raw|biggie5757's rating: 1276 &rarr; <strong>1248<\/strong><br \/>(-28 for losing)
|raw|Mlle Noob's rating: 1228 &rarr; <strong>1257<\/strong><br \/>(+29 for winning)