|join|ULT Bob
|join|Mlle Noob
|player|p1|ULT Bob|23
|player|p2|Mlle Noob|289
|gametype|singles
|gen|6
|tier|UU
|rated
|rule|Sleep Clause Mod: Limit one foe put to sleep
|rule|Species Clause: Limit one of each PokÃ©mon
|rule|OHKO Clause: OHKO moves are banned
|rule|Moody Clause: Moody is banned
|rule|Evasion Moves Clause: Evasion moves are banned
|rule|Endless Battle Clause: Forcing endless battles is banned
|rule|HP Percentage Mod: HP is shown in percentages
|clearpoke
|poke|p1|Cobalion
|poke|p1|Serperior, F
|poke|p1|Florges, F
|poke|p1|Reuniclus, M
|poke|p1|Gligar, F
|poke|p1|Vaporeon, F
|poke|p2|Absol, F
|poke|p2|Fletchinder, F, shiny
|poke|p2|Donphan, M
|poke|p2|Uxie
|poke|p2|Raikou, shiny
|poke|p2|Seismitoad, F
|rule|Swagger Clause: Swagger is banned
|rule|Baton Pass Clause: Limit one PokÃ©mon knowing Baton Pass
|teampreview
|c|âMlle Noob|batled before?
|c|âMlle Noob|i see this team
|join|hairy toenail
|
|start
|switch|p1a: Gligar|Gligar, F|334\/334
|switch|p2a: 5|Fletchinder, F, shiny|327\/327
|turn|1
|c|âULT Bob|i dunno
|
|switch|p1a: bae|Cobalion|323\/323
|move|p2a: 5|Will-O-Wisp|p1a: bae
|-status|p1a: bae|brn
|-enditem|p1a: bae|Lum Berry|[eat]
|-curestatus|p1a: bae|brn
|
|turn|2
|c|âMlle Noob|yea, some guy use this
|
|switch|p2a: Uzzzi|Uxie|353\/353
|move|p1a: bae|Stone Edge|p2a: Uzzzi
|-damage|p2a: Uzzzi|285\/353
|
|-heal|p2a: Uzzzi|307\/353|[from] item: Leftovers
|turn|3
|c|âULT Bob|well i made it
|c|âULT Bob|your team is kinda scary
|
|move|p1a: bae|Swords Dance|p1a: bae
|-boost|p1a: bae|atk|2
|move|p2a: Uzzzi|Yawn|p1a: bae
|-start|p1a: bae|move: Yawn|[of] p2a: Uzzzi
|
|-heal|p2a: Uzzzi|329\/353|[from] item: Leftovers
|turn|4
|join|Amme
|c| Amme|bob you shit
|c|âMlle Noob|haha
|
|move|p1a: bae|Iron Head|p2a: Uzzzi
|-damage|p2a: Uzzzi|172\/353
|move|p2a: Uzzzi|Stealth Rock|p1a: bae
|-sidestart|p1: ULT Bob|move: Stealth Rock
|
|-status|p1a: bae|slp
|-heal|p2a: Uzzzi|194\/353|[from] item: Leftovers
|turn|5
|c| Amme|bobo
|
|cant|p1a: bae|slp
|move|p2a: Uzzzi|U-turn|p1a: bae
|-resisted|p1a: bae
|-damage|p1a: bae|314\/323 slp
|c|âULT Bob|?
|c| Amme|I like your team fren
|c| Amme|also (Luna)
|c|âULT Bob|ty
|c|âULT Bob|i know
|c|âULT Bob|pleb
|c| Amme|o nb
|c| Amme|how did you know
|c| Amme|fkr
|c|âULT Bob|no one else uses that ugly avatar
|c| Amme|kek
|
|switch|p2a: Rodolfo|Donphan, M|383\/383
|
|turn|6
|
|switch|p1a: Gligar|Gligar, F|334\/334
|-damage|p1a: Gligar|293\/334|[from] Stealth Rock
|move|p2a: Rodolfo|Earthquake|p1a: Gligar
|-immune|p1a: Gligar|[msg]
|
|turn|7
|join|FUQ GLISCORE
|
|move|p1a: Gligar|Defog|p2a: Rodolfo
|-unboost|p2a: Rodolfo|evasion|1
|-sideend|p1: ULT Bob|Stealth Rock|[from] move: Defog|[of] p1a: Gligar
|move|p2a: Rodolfo|Knock Off|p1a: Gligar
|-damage|p1a: Gligar|244\/334
|-enditem|p1a: Gligar|Eviolite|[from] move: Knock Off|[of] p2a: Rodolfo
|
|turn|8
|
|move|p1a: Gligar|Stealth Rock|p2a: Rodolfo
|-sidestart|p2: Mlle Noob|move: Stealth Rock
|move|p2a: Rodolfo|Rapid Spin|p1a: Gligar
|-damage|p1a: Gligar|225\/334
|-sideend|p2: Mlle Noob|Stealth Rock|[from] move: Rapid Spin|[of] p2a: Rodolfo
|
|turn|9
|
|switch|p2a: Angela|Absol, F|271\/271
|-ability|p2a: Angela|Pressure
|move|p1a: Gligar|Stealth Rock|p2a: Angela
|-sidestart|p2: Mlle Noob|move: Stealth Rock
|
|turn|10
|join|xMarth
|
|switch|p1a: not blissey|Florges, F|360\/360
|detailschange|p2a: Angela|Absol-Mega, F
|-mega|p2a: Angela|Absol|Absolite
|move|p2a: Angela|Will-O-Wisp|p1a: not blissey
|-status|p1a: not blissey|brn
|
|-damage|p1a: not blissey|315\/360 brn|[from] brn
|turn|11
|c|âULT Bob|the fk
|
|switch|p2a: Uzzzi|Uxie|194\/353
|-damage|p2a: Uzzzi|150\/353|[from] Stealth Rock
|move|p1a: not blissey|Aromatherapy|p1a: not blissey
|-cureteam|p1a: not blissey|[from] move: Aromatherapy
|
|-heal|p2a: Uzzzi|172\/353|[from] item: Leftovers
|-heal|p1a: not blissey|337\/360|[from] item: Leftovers
|turn|12
|
|move|p2a: Uzzzi|Stealth Rock|p1a: not blissey
|-sidestart|p1: ULT Bob|move: Stealth Rock
|move|p1a: not blissey|Moonblast|p2a: Uzzzi
|-damage|p2a: Uzzzi|93\/353
|
|-heal|p2a: Uzzzi|115\/353|[from] item: Leftovers
|-heal|p1a: not blissey|359\/360|[from] item: Leftovers
|turn|13
|
|move|p2a: Uzzzi|U-turn|p1a: not blissey
|-resisted|p1a: not blissey
|-damage|p1a: not blissey|339\/360
|
|switch|p2a: Rodolfo|Donphan, M|383\/383
|-damage|p2a: Rodolfo|360\/383|[from] Stealth Rock
|move|p1a: not blissey|Moonblast|p2a: Rodolfo
|-damage|p2a: Rodolfo|201\/383
|-unboost|p2a: Rodolfo|spa|1
|
|-heal|p1a: not blissey|360\/360|[from] item: Leftovers
|-heal|p2a: Rodolfo|224\/383|[from] item: Leftovers
|turn|14
|
|move|p1a: not blissey|Moonblast|p2a: Rodolfo
|-damage|p2a: Rodolfo|74\/383
|move|p2a: Rodolfo|Rapid Spin|p1a: not blissey
|-damage|p1a: not blissey|344\/360
|-sideend|p2: Mlle Noob|Stealth Rock|[from] move: Rapid Spin|[of] p2a: Rodolfo
|
|-heal|p1a: not blissey|360\/360|[from] item: Leftovers
|-heal|p2a: Rodolfo|97\/383|[from] item: Leftovers
|turn|15
|
|switch|p2a: 5|Fletchinder, F, shiny|327\/327
|move|p1a: not blissey|Moonblast|p2a: 5
|-resisted|p2a: 5
|-damage|p2a: 5|222\/327
|
|turn|16
|
|switch|p1a: cat mermaid|Vaporeon, F|464\/464
|-damage|p1a: cat mermaid|406\/464|[from] Stealth Rock
|move|p2a: 5|Swords Dance|p2a: 5
|-boost|p2a: 5|atk|2
|
|-heal|p1a: cat mermaid|435\/464|[from] item: Leftovers
|turn|17
|
|switch|p2a: Trolltoad|Seismitoad, F|405\/405
|move|p1a: cat mermaid|Scald|p2a: Trolltoad
|-immune|p2a: Trolltoad|[msg]
|
|-heal|p1a: cat mermaid|464\/464|[from] item: Leftovers
|turn|18
|
|move|p2a: Trolltoad|Substitute|p2a: Trolltoad
|-start|p2a: Trolltoad|Substitute
|-damage|p2a: Trolltoad|304\/405
|move|p1a: cat mermaid|Baton Pass|p1a: cat mermaid
|c|âULT Bob|the fk
|
|switch|p1a: Serperior|Serperior, F|291\/291
|-damage|p1a: Serperior|255\/291|[from] Stealth Rock
|
|-heal|p2a: Trolltoad|329\/405|[from] item: Leftovers
|turn|19
|
|-singleturn|p2a: Trolltoad|move: Focus Punch
|move|p1a: Serperior|Leaf Storm|p2a: Trolltoad
|-supereffective|p2a: Trolltoad
|-end|p2a: Trolltoad|Substitute
|-boost|p1a: Serperior|spa|2
|move|p2a: Trolltoad|Focus Punch|p1a: Serperior
|-damage|p1a: Serperior|117\/291
|
|-heal|p2a: Trolltoad|354\/405|[from] item: Leftovers
|turn|20
|
|switch|p2a: Rodolfo|Donphan, M|97\/383
|move|p1a: Serperior|Leaf Storm|p2a: Rodolfo
|-supereffective|p2a: Rodolfo
|-damage|p2a: Rodolfo|0 fnt
|-boost|p1a: Serperior|spa|2
|faint|p2a: Rodolfo
|
|c|âULT Bob|what the actual fuck
|c| Amme|bobo is this snake good?
|
|switch|p2a: 5|Fletchinder, F, shiny|222\/327
|turn|21
|c|âULT Bob|ya
|c|âULT Bob|very
|
|switch|p1a: cat mermaid|Vaporeon, F|464\/464
|-damage|p1a: cat mermaid|406\/464|[from] Stealth Rock
|move|p2a: 5|Acrobatics|p1a: cat mermaid
|-damage|p1a: cat mermaid|252\/464
|
|-heal|p1a: cat mermaid|281\/464|[from] item: Leftovers
|turn|22
|c| Amme|what's it's use
|c| Amme|other than cune counter
|
|switch|p2a: Uzzzi|Uxie|115\/353
|move|p1a: cat mermaid|Wish|p1a: cat mermaid
|
|-heal|p2a: Uzzzi|137\/353|[from] item: Leftovers
|-heal|p1a: cat mermaid|310\/464|[from] item: Leftovers
|turn|23
|
|move|p2a: Uzzzi|Yawn|p1a: cat mermaid
|-start|p1a: cat mermaid|move: Yawn|[of] p2a: Uzzzi
|move|p1a: cat mermaid|Baton Pass|p1a: cat mermaid
|c|âULT Bob|does yaen get passed
|c|âULT Bob|?
|c|âULT Bob|yawn
|c| hairy toenail|only 1 way to find out
|c| Amme|idk
|c|âMlle Noob|ea
|
|switch|p1a: Serperior|Serperior, F|117\/291
|-damage|p1a: Serperior|81\/291|[from] Stealth Rock
|
|-heal|p1a: Serperior|291\/291|[from] move: Wish|[wisher] cat mermaid
|-heal|p2a: Uzzzi|159\/353|[from] item: Leftovers
|turn|24
|c| Amme|n
|
|move|p1a: Serperior|Leaf Storm|p2a: Uzzzi
|-damage|p2a: Uzzzi|39\/353
|-boost|p1a: Serperior|spa|2
|move|p2a: Uzzzi|U-turn|p1a: Serperior
|-supereffective|p1a: Serperior
|-damage|p1a: Serperior|205\/291
|c|âULT Bob|rip
|
|switch|p2a: 5|Fletchinder, F, shiny|222\/327
|
|turn|25
|
|move|p2a: 5|Acrobatics|p1a: Serperior
|-supereffective|p1a: Serperior
|-damage|p1a: Serperior|0 fnt
|faint|p1a: Serperior
|
|
|switch|p1a: kawaiiiiiiiiiiiiii|Reuniclus, M|423\/423
|turn|26
|c|âULT Bob|im dumb
|
|switch|p2a: Musho|Raikou, shiny|321\/321
|-ability|p2a: Musho|Pressure
|move|p1a: kawaiiiiiiiiiiiiii|Signal Beam|p2a: Musho
|-damage|p2a: Musho|248\/321
|
|-heal|p2a: Musho|268\/321|[from] item: Leftovers
|turn|27
|
|move|p2a: Musho|Calm Mind|p2a: Musho
|-boost|p2a: Musho|spa|1
|-boost|p2a: Musho|spd|1
|move|p1a: kawaiiiiiiiiiiiiii|Calm Mind|p1a: kawaiiiiiiiiiiiiii
|-boost|p1a: kawaiiiiiiiiiiiiii|spa|1
|-boost|p1a: kawaiiiiiiiiiiiiii|spd|1
|
|-heal|p2a: Musho|288\/321|[from] item: Leftovers
|turn|28
|join|dodmen
|
|move|p2a: Musho|Thunderbolt|p1a: kawaiiiiiiiiiiiiii
|-damage|p1a: kawaiiiiiiiiiiiiii|254\/423
|move|p1a: kawaiiiiiiiiiiiiii|Psyshock|p2a: Musho
|-damage|p2a: Musho|68\/321
|
|-heal|p2a: Musho|88\/321|[from] item: Leftovers
|-heal|p1a: kawaiiiiiiiiiiiiii|280\/423|[from] item: Leftovers
|turn|29
|
|move|p2a: Musho|Thunderbolt|p1a: kawaiiiiiiiiiiiiii
|-damage|p1a: kawaiiiiiiiiiiiiii|105\/423
|move|p1a: kawaiiiiiiiiiiiiii|Recover|p1a: kawaiiiiiiiiiiiiii
|-heal|p1a: kawaiiiiiiiiiiiiii|317\/423
|
|-heal|p2a: Musho|108\/321|[from] item: Leftovers
|-heal|p1a: kawaiiiiiiiiiiiiii|343\/423|[from] item: Leftovers
|turn|30
|
|move|p2a: Musho|Thunderbolt|p1a: kawaiiiiiiiiiiiiii
|-damage|p1a: kawaiiiiiiiiiiiiii|166\/423
|move|p1a: kawaiiiiiiiiiiiiii|Psyshock|p2a: Musho
|-damage|p2a: Musho|0 fnt
|faint|p2a: Musho
|
|-heal|p1a: kawaiiiiiiiiiiiiii|192\/423|[from] item: Leftovers
|
|switch|p2a: Uzzzi|Uxie|39\/353
|turn|31
|
|move|p2a: Uzzzi|Yawn|p1a: kawaiiiiiiiiiiiiii
|-start|p1a: kawaiiiiiiiiiiiiii|move: Yawn|[of] p2a: Uzzzi
|move|p1a: kawaiiiiiiiiiiiiii|Recover|p1a: kawaiiiiiiiiiiiiii
|-heal|p1a: kawaiiiiiiiiiiiiii|404\/423
|
|-heal|p2a: Uzzzi|61\/353|[from] item: Leftovers
|-heal|p1a: kawaiiiiiiiiiiiiii|423\/423|[from] item: Leftovers
|turn|32
|
|switch|p1a: Gligar|Gligar, F|225\/334
|-damage|p1a: Gligar|184\/334|[from] Stealth Rock
|move|p2a: Uzzzi|Yawn|p1a: Gligar
|-start|p1a: Gligar|move: Yawn|[of] p2a: Uzzzi
|
|-heal|p2a: Uzzzi|83\/353|[from] item: Leftovers
|turn|33
|
|move|p2a: Uzzzi|U-turn|p1a: Gligar
|-resisted|p1a: Gligar
|-damage|p1a: Gligar|166\/334
|
|switch|p2a: 5|Fletchinder, F, shiny|222\/327
|move|p1a: Gligar|Stealth Rock|p2a: 5
|-sidestart|p2: Mlle Noob|move: Stealth Rock
|
|-status|p1a: Gligar|slp
|turn|34
|join|THEiTodd
|
|switch|p1a: bae|Cobalion|314\/323
|-damage|p1a: bae|304\/323|[from] Stealth Rock
|move|p2a: 5|Swords Dance|p2a: 5
|-boost|p2a: 5|atk|2
|
|turn|35
|c| THEiTodd|linda
|c| THEiTodd|n_n
|c|âULT Bob|gonna catch this miss
|c|âULT Bob|tbh
|c|âULT Bob|and lose
|c| THEiTodd|imo
|
|move|p2a: 5|Acrobatics|p1a: bae
|-damage|p1a: bae|66\/323
|move|p1a: bae|Stone Edge|p2a: 5|[miss]
|-miss|p1a: bae|p2a: 5
|
|turn|36
|c|âULT Bob|.................................
|c| hairy toenail|__lol__
|c|âMlle Noob|uf
|c| THEiTodd|well
|c| THEiTodd|you predicted it
|c| xMarth|âULT Bob: gonna catch this miss
|c| THEiTodd|so not hax
|c| xMarth|âULT Bob: tbh
|c| xMarth|âULT Bob: and lose
|c|âMlle Noob|sorry
|
|switch|p1a: Gligar|Gligar, F|166\/334 slp
|-damage|p1a: Gligar|125\/334 slp|[from] Stealth Rock
|move|p2a: 5|Acrobatics|p1a: Gligar
|-damage|p1a: Gligar|0 fnt
|faint|p1a: Gligar
|
|c| THEiTodd|don't be sorry mlle
|
|switch|p1a: kawaiiiiiiiiiiiiii|Reuniclus, M|423\/423
|turn|37
|c| THEiTodd|he predicted the miss
|c| THEiTodd|and got it
|join|boltsandbombers
|c|âMlle Noob|haha
|c|âMlle Noob|Reuniclus fuck my team
|c| hairy toenail|u should have sd'd again
|c|âMlle Noob|yea but, i dont know..
|
|move|p2a: 5|Acrobatics|p1a: kawaiiiiiiiiiiiiii
|-damage|p1a: kawaiiiiiiiiiiiiii|150\/423
|move|p1a: kawaiiiiiiiiiiiiii|Psyshock|p2a: 5
|-damage|p2a: 5|47\/327
|
|-heal|p1a: kawaiiiiiiiiiiiiii|176\/423|[from] item: Leftovers
|turn|38
|c|âMlle Noob|yeaaaaa
|c|âULT Bob|fucking there goes my first
|c| THEiTodd|why didn't you send in
|c|âMlle Noob|hey Bob
|c| THEiTodd|vaporeon
|c|âULT Bob|it dies
|c|âMlle Noob|i fight whit your team before
|c|âULT Bob|?
|c| THEiTodd|are you not
|c|âMlle Noob|yea
|c| THEiTodd|defensive
|c|âMlle Noob|i sure
|c|âULT Bob|i am
|c|âMlle Noob|not you
|
|move|p2a: 5|Acrobatics|p1a: kawaiiiiiiiiiiiiii
|-damage|p1a: kawaiiiiiiiiiiiiii|0 fnt
|faint|p1a: kawaiiiiiiiiiiiiii
|
|c| THEiTodd|how low
|c| THEiTodd|is it?
|c|âMlle Noob|some guy diferent
|c|âULT Bob|under 60
|c| THEiTodd|oh
|
|switch|p1a: not blissey|Florges, F|360\/360
|-damage|p1a: not blissey|315\/360|[from] Stealth Rock
|turn|39
|c|âMlle Noob|mmm no
|
|move|p2a: 5|Roost|p2a: 5
|-heal|p2a: 5|211\/327
|move|p1a: not blissey|Moonblast|p2a: 5
|-resisted|p2a: 5
|-damage|p2a: 5|104\/327
|
|-heal|p1a: not blissey|337\/360|[from] item: Leftovers
|turn|40
|c|âULT Bob|gayest loss ever
|
|switch|p1a: cat mermaid|Vaporeon, F|310\/464
|-damage|p1a: cat mermaid|252\/464|[from] Stealth Rock
|move|p2a: 5|Roost|p2a: 5
|-heal|p2a: 5|268\/327
|
|-heal|p1a: cat mermaid|281\/464|[from] item: Leftovers
|turn|41
|
|move|p1a: cat mermaid|Protect|p1a: cat mermaid
|-singleturn|p1a: cat mermaid|Protect
|move|p2a: 5|Acrobatics|p1a: cat mermaid
|-activate|p1a: cat mermaid|Protect
|
|-heal|p1a: cat mermaid|310\/464|[from] item: Leftovers
|turn|42
|
|move|p2a: 5|Acrobatics|p1a: cat mermaid
|-damage|p1a: cat mermaid|7\/464
|move|p1a: cat mermaid|Scald|p2a: 5
|-supereffective|p2a: 5
|-damage|p2a: 5|0 fnt
|faint|p2a: 5
|
|-heal|p1a: cat mermaid|36\/464|[from] item: Leftovers
|c| THEiTodd|told you
|c|âMlle Noob|XD
|c| THEiTodd|should've sent in vap
|c|âMlle Noob|yea know
|c| THEiTodd|instead of sacking your team
|c|âMlle Noob|Florges lives
|c| THEiTodd|yeah but you beat florges 1 on 1
|c|âMlle Noob|fuking 1%
|c| THEiTodd|its ok
|
|switch|p2a: Trolltoad|Seismitoad, F|354\/405
|-damage|p2a: Trolltoad|329\/405|[from] Stealth Rock
|turn|43
|c|âMlle Noob|Xd
|
|move|p2a: Trolltoad|Earthquake|p1a: cat mermaid
|-damage|p1a: cat mermaid|0 fnt
|faint|p1a: cat mermaid
|
|-heal|p2a: Trolltoad|354\/405|[from] item: Leftovers
|c| THEiTodd|if you have sludge wave
|c| THEiTodd|oh you're not special
|
|switch|p1a: not blissey|Florges, F|337\/360
|-damage|p1a: not blissey|292\/360|[from] Stealth Rock
|turn|44
|c|âMlle Noob|but no XD
|
|move|p2a: Trolltoad|Infestation|p1a: not blissey
|-resisted|p1a: not blissey
|-damage|p1a: not blissey|287\/360
|-activate|p1a: not blissey|move: Infestation|[of] p2a: Trolltoad
|move|p1a: not blissey|Wish|p1a: not blissey
|
|-heal|p2a: Trolltoad|379\/405|[from] item: Leftovers
|-heal|p1a: not blissey|309\/360|[from] item: Leftovers
|-damage|p1a: not blissey|264\/360|[from] move: Infestation|[partiallytrapped]
|turn|45
|
|move|p2a: Trolltoad|Earthquake|p1a: not blissey
|-damage|p1a: not blissey|146\/360
|move|p1a: not blissey|Moonblast|p2a: Trolltoad
|-damage|p2a: Trolltoad|234\/405
|
|-heal|p1a: not blissey|326\/360|[from] move: Wish|[wisher] not blissey
|-heal|p2a: Trolltoad|259\/405|[from] item: Leftovers
|-heal|p1a: not blissey|348\/360|[from] item: Leftovers
|-damage|p1a: not blissey|303\/360|[from] move: Infestation|[partiallytrapped]
|turn|46
|
|move|p2a: Trolltoad|Earthquake|p1a: not blissey
|-damage|p1a: not blissey|171\/360
|move|p1a: not blissey|Wish|p1a: not blissey
|
|-heal|p2a: Trolltoad|284\/405|[from] item: Leftovers
|-heal|p1a: not blissey|193\/360|[from] item: Leftovers
|-damage|p1a: not blissey|148\/360|[from] move: Infestation|[partiallytrapped]
|turn|47
|leave|boltsandbombers
|
|move|p1a: not blissey|Protect|p1a: not blissey
|-singleturn|p1a: not blissey|Protect
|move|p2a: Trolltoad|Substitute|p2a: Trolltoad
|-start|p2a: Trolltoad|Substitute
|-damage|p2a: Trolltoad|183\/405
|
|-heal|p1a: not blissey|328\/360|[from] move: Wish|[wisher] not blissey
|-heal|p2a: Trolltoad|208\/405|[from] item: Leftovers
|-heal|p1a: not blissey|350\/360|[from] item: Leftovers
|-damage|p1a: not blissey|305\/360|[from] move: Infestation|[partiallytrapped]
|turn|48
|
|move|p2a: Trolltoad|Earthquake|p1a: not blissey
|-damage|p1a: not blissey|185\/360
|move|p1a: not blissey|Wish|p1a: not blissey
|
|-heal|p2a: Trolltoad|233\/405|[from] item: Leftovers
|-heal|p1a: not blissey|207\/360|[from] item: Leftovers
|-end|p1a: not blissey|Infestation|[partiallytrapped]
|turn|49
|
|move|p2a: Trolltoad|Earthquake|p1a: not blissey
|-damage|p1a: not blissey|83\/360
|move|p1a: not blissey|Moonblast|p2a: Trolltoad
|-end|p2a: Trolltoad|Substitute
|
|-heal|p1a: not blissey|263\/360|[from] move: Wish|[wisher] not blissey
|-heal|p2a: Trolltoad|258\/405|[from] item: Leftovers
|-heal|p1a: not blissey|285\/360|[from] item: Leftovers
|turn|50
|leave|Amme
|
|move|p2a: Trolltoad|Infestation|p1a: not blissey
|-resisted|p1a: not blissey
|-damage|p1a: not blissey|280\/360
|-activate|p1a: not blissey|move: Infestation|[of] p2a: Trolltoad
|move|p1a: not blissey|Wish|p1a: not blissey
|
|-heal|p2a: Trolltoad|283\/405|[from] item: Leftovers
|-heal|p1a: not blissey|302\/360|[from] item: Leftovers
|-damage|p1a: not blissey|257\/360|[from] move: Infestation|[partiallytrapped]
|turn|51
|
|move|p2a: Trolltoad|Earthquake|p1a: not blissey
|-damage|p1a: not blissey|128\/360
|move|p1a: not blissey|Moonblast|p2a: Trolltoad
|-damage|p2a: Trolltoad|135\/405
|-unboost|p2a: Trolltoad|spa|1
|
|-heal|p1a: not blissey|308\/360|[from] move: Wish|[wisher] not blissey
|-heal|p2a: Trolltoad|160\/405|[from] item: Leftovers
|-heal|p1a: not blissey|330\/360|[from] item: Leftovers
|-damage|p1a: not blissey|285\/360|[from] move: Infestation|[partiallytrapped]
|turn|52
|
|move|p2a: Trolltoad|Earthquake|p1a: not blissey
|-damage|p1a: not blissey|165\/360
|move|p1a: not blissey|Wish|p1a: not blissey
|
|-heal|p2a: Trolltoad|185\/405|[from] item: Leftovers
|-heal|p1a: not blissey|187\/360|[from] item: Leftovers
|-damage|p1a: not blissey|142\/360|[from] move: Infestation|[partiallytrapped]
|turn|53
|
|move|p1a: not blissey|Protect|p1a: not blissey
|-singleturn|p1a: not blissey|Protect
|move|p2a: Trolltoad|Earthquake|p1a: not blissey
|-activate|p1a: not blissey|Protect
|
|-heal|p1a: not blissey|322\/360|[from] move: Wish|[wisher] not blissey
|-heal|p2a: Trolltoad|210\/405|[from] item: Leftovers
|-heal|p1a: not blissey|344\/360|[from] item: Leftovers
|-damage|p1a: not blissey|299\/360|[from] move: Infestation|[partiallytrapped]
|turn|54
|
|move|p2a: Trolltoad|Earthquake|p1a: not blissey
|-damage|p1a: not blissey|173\/360
|move|p1a: not blissey|Wish|p1a: not blissey
|
|-heal|p2a: Trolltoad|235\/405|[from] item: Leftovers
|-heal|p1a: not blissey|195\/360|[from] item: Leftovers
|-damage|p1a: not blissey|150\/360|[from] move: Infestation|[partiallytrapped]
|turn|55
|
|move|p1a: not blissey|Protect|p1a: not blissey
|-singleturn|p1a: not blissey|Protect
|move|p2a: Trolltoad|Substitute|p2a: Trolltoad
|-start|p2a: Trolltoad|Substitute
|-damage|p2a: Trolltoad|134\/405
|
|-heal|p1a: not blissey|330\/360|[from] move: Wish|[wisher] not blissey
|-heal|p2a: Trolltoad|159\/405|[from] item: Leftovers
|-heal|p1a: not blissey|352\/360|[from] item: Leftovers
|-end|p1a: not blissey|Infestation|[partiallytrapped]
|turn|56
|
|move|p2a: Trolltoad|Infestation|p1a: not blissey
|-resisted|p1a: not blissey
|-damage|p1a: not blissey|350\/360
|-activate|p1a: not blissey|move: Infestation|[of] p2a: Trolltoad
|move|p1a: not blissey|Wish|p1a: not blissey
|
|-heal|p2a: Trolltoad|184\/405|[from] item: Leftovers
|-heal|p1a: not blissey|360\/360|[from] item: Leftovers
|-damage|p1a: not blissey|315\/360|[from] move: Infestation|[partiallytrapped]
|turn|57
|
|move|p2a: Trolltoad|Earthquake|p1a: not blissey
|-damage|p1a: not blissey|183\/360
|move|p1a: not blissey|Moonblast|p2a: Trolltoad
|-end|p2a: Trolltoad|Substitute
|
|-heal|p1a: not blissey|360\/360|[from] move: Wish|[wisher] not blissey
|-heal|p2a: Trolltoad|209\/405|[from] item: Leftovers
|-damage|p1a: not blissey|315\/360|[from] move: Infestation|[partiallytrapped]
|turn|58
|c|âULT Bob|infestation op
|
|move|p2a: Trolltoad|Earthquake|p1a: not blissey
|-damage|p1a: not blissey|200\/360
|move|p1a: not blissey|Wish|p1a: not blissey
|
|-heal|p2a: Trolltoad|234\/405|[from] item: Leftovers
|-heal|p1a: not blissey|222\/360|[from] item: Leftovers
|-damage|p1a: not blissey|177\/360|[from] move: Infestation|[partiallytrapped]
|turn|59
|c|âMlle Noob|XD
|c|âMlle Noob|trap Blisey
|
|move|p1a: not blissey|Protect|p1a: not blissey
|-singleturn|p1a: not blissey|Protect
|move|p2a: Trolltoad|Earthquake|p1a: not blissey
|-activate|p1a: not blissey|Protect
|
|-heal|p1a: not blissey|357\/360|[from] move: Wish|[wisher] not blissey
|-heal|p2a: Trolltoad|259\/405|[from] item: Leftovers
|-heal|p1a: not blissey|360\/360|[from] item: Leftovers
|-damage|p1a: not blissey|315\/360|[from] move: Infestation|[partiallytrapped]
|turn|60
|leave|THEiTodd
|
|move|p2a: Trolltoad|Earthquake|p1a: not blissey
|-damage|p1a: not blissey|188\/360
|move|p1a: not blissey|Wish|p1a: not blissey
|
|-heal|p2a: Trolltoad|284\/405|[from] item: Leftovers
|-heal|p1a: not blissey|210\/360|[from] item: Leftovers
|-end|p1a: not blissey|Infestation|[partiallytrapped]
|turn|61
|
|move|p2a: Trolltoad|Earthquake|p1a: not blissey
|-damage|p1a: not blissey|86\/360
|move|p1a: not blissey|Moonblast|p2a: Trolltoad
|-damage|p2a: Trolltoad|131\/405
|-unboost|p2a: Trolltoad|spa|1
|
|-heal|p1a: not blissey|266\/360|[from] move: Wish|[wisher] not blissey
|-heal|p2a: Trolltoad|156\/405|[from] item: Leftovers
|-heal|p1a: not blissey|288\/360|[from] item: Leftovers
|turn|62
|
|switch|p2a: Uzzzi|Uxie|83\/353
|-damage|p2a: Uzzzi|39\/353|[from] Stealth Rock
|move|p1a: not blissey|Wish|p1a: not blissey
|
|-heal|p2a: Uzzzi|61\/353|[from] item: Leftovers
|-heal|p1a: not blissey|310\/360|[from] item: Leftovers
|turn|63
|
|move|p2a: Uzzzi|Yawn|p1a: not blissey
|-start|p1a: not blissey|move: Yawn|[of] p2a: Uzzzi
|move|p1a: not blissey|Moonblast|p2a: Uzzzi
|-crit|p2a: Uzzzi
|-damage|p2a: Uzzzi|0 fnt
|faint|p2a: Uzzzi
|
|-heal|p1a: not blissey|360\/360|[from] move: Wish|[wisher] not blissey
|
|switch|p2a: Angela|Absol-Mega, F|271\/271
|-damage|p2a: Angela|238\/271|[from] Stealth Rock
|turn|64
|
|switch|p1a: bae|Cobalion|66\/323
|-damage|p1a: bae|56\/323|[from] Stealth Rock
|move|p2a: Angela|Play Rough|p1a: bae
|-damage|p1a: bae|0 fnt
|faint|p1a: bae
|
|
|switch|p1a: not blissey|Florges, F|360\/360
|-damage|p1a: not blissey|315\/360|[from] Stealth Rock
|turn|65
|c|âULT Bob|oh new animation
|c|âMlle Noob|yea
|
|move|p2a: Angela|Play Rough|p1a: not blissey
|-damage|p1a: not blissey|209\/360
|move|p1a: not blissey|Moonblast|p2a: Angela
|-supereffective|p2a: Angela
|-damage|p2a: Angela|0 fnt
|faint|p2a: Angela
|
|-heal|p1a: not blissey|231\/360|[from] item: Leftovers
|c|âMlle Noob|gg
|c|âULT Bob|ya
|c|âULT Bob|gg
|c|âMlle Noob|your team is very good
|
|switch|p2a: Trolltoad|Seismitoad, F|156\/405
|-damage|p2a: Trolltoad|131\/405|[from] Stealth Rock
|turn|66
|c|âMlle Noob|pp of earthquake gone
|
|move|p2a: Trolltoad|Infestation|p1a: not blissey
|-resisted|p1a: not blissey
|-damage|p1a: not blissey|226\/360
|-activate|p1a: not blissey|move: Infestation|[of] p2a: Trolltoad
|move|p1a: not blissey|Wish|p1a: not blissey
|
|-heal|p2a: Trolltoad|156\/405|[from] item: Leftovers
|-heal|p1a: not blissey|248\/360|[from] item: Leftovers
|-damage|p1a: not blissey|203\/360|[from] move: Infestation|[partiallytrapped]
|turn|67
|c|âMlle Noob|i test this set
|
|move|p2a: Trolltoad|Earthquake|p1a: not blissey
|-damage|p1a: not blissey|70\/360
|move|p1a: not blissey|Moonblast|p2a: Trolltoad
|-damage|p2a: Trolltoad|3\/405
|
|-heal|p1a: not blissey|250\/360|[from] move: Wish|[wisher] not blissey
|-heal|p2a: Trolltoad|28\/405|[from] item: Leftovers
|-heal|p1a: not blissey|272\/360|[from] item: Leftovers
|-damage|p1a: not blissey|227\/360|[from] move: Infestation|[partiallytrapped]
|turn|68
|c|âULT Bob|you have 1 more eq
|c|âULT Bob|right
|c|âULT Bob|?
|c|âMlle Noob|yea
|
|move|p2a: Trolltoad|Earthquake|p1a: not blissey
|-damage|p1a: not blissey|98\/360
|move|p1a: not blissey|Moonblast|p2a: Trolltoad
|-damage|p2a: Trolltoad|0 fnt
|faint|p2a: Trolltoad
|
|win|ULT Bob
|raw|Ladder updating...
|raw|ULT Bob's rating: 1719 &rarr; <strong>1726<\/strong><br \/>(+7 for winning)
|raw|Mlle Noob's rating: 1451 &rarr; <strong>1444<\/strong><br \/>(-7 for losing)
|leave|xMarth
|leave|hairy toenail
|c|âMlle Noob|how many monns?
|leave|ULT Bob
|player|p1
|join|ULT Bob