|join|Mlle Noob
|join|Dos Mef
|player|p1|Mlle Noob|289
|player|p2|Dos Mef|165
|gametype|singles
|gen|6
|tier|UU
|rated
|rule|Sleep Clause Mod: Limit one foe put to sleep
|rule|Species Clause: Limit one of each PokÃ©mon
|rule|OHKO Clause: OHKO moves are banned
|rule|Moody Clause: Moody is banned
|rule|Evasion Moves Clause: Evasion moves are banned
|rule|Endless Battle Clause: Forcing endless battles is banned
|rule|HP Percentage Mod: HP is shown in percentages
|clearpoke
|poke|p1|Absol, F
|poke|p1|Fletchinder, F, shiny
|poke|p1|Donphan, M
|poke|p1|Uxie
|poke|p1|Raikou, shiny
|poke|p1|Seismitoad, F
|poke|p2|Serperior, F
|poke|p2|Aggron, M
|poke|p2|Slowking, M
|poke|p2|Krookodile, F
|poke|p2|Florges, F
|poke|p2|Mienshao, F
|rule|Swagger Clause: Swagger is banned
|rule|Baton Pass Clause: Limit one PokÃ©mon knowing Baton Pass
|teampreview
|
|start
|switch|p1a: Angela|Absol, F|271\/271
|switch|p2a: Serperior|Serperior, F|354\/354
|-ability|p1a: Angela|Pressure
|turn|1
|join|annakay06
|leave|annakay06
|
|switch|p2a: Krookodile|Krookodile, F|331\/331
|-ability|p2a: Krookodile|Intimidate|[of] p1a: Angela
|-unboost|p1a: Angela|atk|1
|detailschange|p1a: Angela|Absol-Mega, F
|-mega|p1a: Angela|Absol|Absolite
|move|p1a: Angela|Protect|p1a: Angela
|-fail|p1a: Angela
|
|turn|2
|
|move|p1a: Angela|Will-O-Wisp|p2a: Krookodile|[miss]
|-miss|p1a: Angela|p2a: Krookodile
|move|p2a: Krookodile|Stone Edge|p1a: Angela
|-damage|p1a: Angela|15\/271
|
|turn|3
|c|âMlle Noob|fuck
|
|switch|p1a: Trolltoad|Seismitoad, F|405\/405
|switch|p2a: Florges|Florges, F|360\/360
|
|turn|4
|
|switch|p1a: Uzzzi|Uxie|353\/353
|move|p2a: Florges|Moonblast|p1a: Uzzzi
|-damage|p1a: Uzzzi|266\/353
|
|-heal|p1a: Uzzzi|288\/353|[from] item: Leftovers
|turn|5
|
|switch|p2a: Krookodile|Krookodile, F|331\/331
|-ability|p2a: Krookodile|Intimidate|[of] p1a: Uzzzi
|-unboost|p1a: Uzzzi|atk|1
|move|p1a: Uzzzi|Stealth Rock|p2a: Krookodile
|-sidestart|p2: Dos Mef|move: Stealth Rock
|
|-heal|p1a: Uzzzi|310\/353|[from] item: Leftovers
|turn|6
|
|move|p2a: Krookodile|Knock Off|p1a: Uzzzi
|-supereffective|p1a: Uzzzi
|-damage|p1a: Uzzzi|0 fnt
|-enditem|p1a: Uzzzi|Leftovers|[from] move: Knock Off|[of] p2a: Krookodile
|faint|p1a: Uzzzi
|
|
|switch|p1a: 5|Fletchinder, F, shiny|327\/327
|turn|7
|
|switch|p2a: Aggron|Aggron, M|344\/344
|-damage|p2a: Aggron|323\/344|[from] Stealth Rock
|move|p1a: 5|Will-O-Wisp|p2a: Aggron
|-status|p2a: Aggron|brn
|
|-damage|p2a: Aggron|280\/344 brn|[from] brn
|turn|8
|
|switch|p1a: Rodolfo|Donphan, M|383\/383
|detailschange|p2a: Aggron|Aggron-Mega, M
|-mega|p2a: Aggron|Aggron|Aggronite
|move|p2a: Aggron|Stealth Rock|p1a: Rodolfo
|-sidestart|p1: Mlle Noob|move: Stealth Rock
|
|-damage|p2a: Aggron|237\/344 brn|[from] brn
|turn|9
|
|move|p1a: Rodolfo|Rapid Spin|p2a: Aggron
|-resisted|p2a: Aggron
|-damage|p2a: Aggron|233\/344 brn
|-sideend|p1: Mlle Noob|Stealth Rock|[from] move: Rapid Spin|[of] p1a: Rodolfo
|move|p2a: Aggron|Heavy Slam|p1a: Rodolfo
|-damage|p1a: Rodolfo|338\/383
|
|-heal|p1a: Rodolfo|361\/383|[from] item: Leftovers
|-damage|p2a: Aggron|190\/344 brn|[from] brn
|turn|10
|
|move|p1a: Rodolfo|Knock Off|p2a: Aggron
|-damage|p2a: Aggron|164\/344 brn
|move|p2a: Aggron|Stealth Rock|p1a: Rodolfo
|-sidestart|p1: Mlle Noob|move: Stealth Rock
|
|-heal|p1a: Rodolfo|383\/383|[from] item: Leftovers
|-damage|p2a: Aggron|121\/344 brn|[from] brn
|turn|11
|
|switch|p2a: Serperior|Serperior, F|354\/354
|-damage|p2a: Serperior|310\/354|[from] Stealth Rock
|move|p1a: Rodolfo|Rapid Spin|p2a: Serperior
|-crit|p2a: Serperior
|-damage|p2a: Serperior|277\/354
|-sideend|p1: Mlle Noob|Stealth Rock|[from] move: Rapid Spin|[of] p1a: Rodolfo
|
|-heal|p2a: Serperior|299\/354|[from] item: Leftovers
|turn|12
|
|switch|p1a: 5|Fletchinder, F, shiny|327\/327
|move|p2a: Serperior|Leaf Storm|p1a: 5
|-resisted|p1a: 5
|-damage|p1a: 5|273\/327
|-boost|p2a: Serperior|spa|2
|
|-heal|p2a: Serperior|321\/354|[from] item: Leftovers
|turn|13
|
|switch|p2a: Slowking|Slowking, M|394\/394
|-damage|p2a: Slowking|345\/394|[from] Stealth Rock
|move|p1a: 5|Acrobatics|p2a: Slowking
|-damage|p2a: Slowking|225\/394
|
|-heal|p2a: Slowking|249\/394|[from] item: Leftovers
|turn|14
|
|switch|p1a: Trolltoad|Seismitoad, F|405\/405
|move|p2a: Slowking|Toxic|p1a: Trolltoad
|-status|p1a: Trolltoad|tox
|
|-heal|p2a: Slowking|273\/394|[from] item: Leftovers
|-damage|p1a: Trolltoad|380\/405 tox|[from] psn
|turn|15
|
|move|p1a: Trolltoad|Infestation|p2a: Slowking
|-supereffective|p2a: Slowking
|-damage|p2a: Slowking|249\/394
|-activate|p2a: Slowking|move: Infestation|[of] p1a: Trolltoad
|move|p2a: Slowking|Slack Off|p2a: Slowking
|-heal|p2a: Slowking|394\/394
|
|-heal|p1a: Trolltoad|405\/405 tox|[from] item: Leftovers
|-damage|p1a: Trolltoad|355\/405 tox|[from] psn
|-damage|p2a: Slowking|345\/394|[from] move: Infestation|[partiallytrapped]
|turn|16
|
|move|p1a: Trolltoad|Earthquake|p2a: Slowking
|-damage|p2a: Slowking|224\/394
|move|p2a: Slowking|Scald|p1a: Trolltoad
|-heal|p1a: Trolltoad|405\/405 tox|[from] ability: Water Absorb|[of] p2a: Slowking
|
|-heal|p2a: Slowking|248\/394|[from] item: Leftovers
|-damage|p1a: Trolltoad|330\/405 tox|[from] psn
|-damage|p2a: Slowking|199\/394|[from] move: Infestation|[partiallytrapped]
|turn|17
|
|switch|p1a: Musho|Raikou, shiny|321\/321
|-ability|p1a: Musho|Pressure
|move|p2a: Slowking|Slack Off|p2a: Slowking
|-heal|p2a: Slowking|394\/394
|
|-end|p2a: Slowking|Infestation|[partiallytrapped]
|turn|18
|
|move|p1a: Musho|Substitute|p1a: Musho
|-start|p1a: Musho|Substitute
|-damage|p1a: Musho|241\/321
|move|p2a: Slowking|Psyshock|p1a: Musho
|-end|p1a: Musho|Substitute
|
|-heal|p1a: Musho|261\/321|[from] item: Leftovers
|turn|19
|
|move|p1a: Musho|Thunderbolt|p2a: Slowking
|-supereffective|p2a: Slowking
|-damage|p2a: Slowking|128\/394
|move|p2a: Slowking|Psyshock|p1a: Musho
|-damage|p1a: Musho|141\/321
|
|-heal|p1a: Musho|161\/321|[from] item: Leftovers
|-heal|p2a: Slowking|152\/394|[from] item: Leftovers
|turn|20
|
|switch|p2a: Florges|Florges, F|360\/360
|-damage|p2a: Florges|315\/360|[from] Stealth Rock
|move|p1a: Musho|Substitute|p1a: Musho
|-start|p1a: Musho|Substitute
|-damage|p1a: Musho|81\/321
|
|-heal|p1a: Musho|101\/321|[from] item: Leftovers
|-heal|p2a: Florges|337\/360|[from] item: Leftovers
|turn|21
|
|move|p1a: Musho|Calm Mind|p1a: Musho
|-boost|p1a: Musho|spa|1
|-boost|p1a: Musho|spd|1
|move|p2a: Florges|Moonblast|p1a: Musho
|-end|p1a: Musho|Substitute
|
|-heal|p1a: Musho|121\/321|[from] item: Leftovers
|-heal|p2a: Florges|359\/360|[from] item: Leftovers
|turn|22
|
|move|p1a: Musho|Calm Mind|p1a: Musho
|-boost|p1a: Musho|spa|1
|-boost|p1a: Musho|spd|1
|move|p2a: Florges|Wish|p2a: Florges
|
|-heal|p1a: Musho|141\/321|[from] item: Leftovers
|-heal|p2a: Florges|360\/360|[from] item: Leftovers
|turn|23
|
|switch|p2a: Aggron|Aggron-Mega, M|121\/344 brn
|-damage|p2a: Aggron|100\/344 brn|[from] Stealth Rock
|move|p1a: Musho|Substitute|p1a: Musho
|-start|p1a: Musho|Substitute
|-damage|p1a: Musho|61\/321
|
|-heal|p2a: Aggron|280\/344 brn|[from] move: Wish|[wisher] Florges
|-heal|p1a: Musho|81\/321|[from] item: Leftovers
|-damage|p2a: Aggron|237\/344 brn|[from] brn
|turn|24
|
|move|p1a: Musho|Thunderbolt|p2a: Aggron
|-damage|p2a: Aggron|0 fnt
|faint|p2a: Aggron
|
|-heal|p1a: Musho|101\/321|[from] item: Leftovers
|
|switch|p2a: Mienshao|Mienshao, F|271\/271
|-damage|p2a: Mienshao|255\/271|[from] Stealth Rock
|turn|25
|
|move|p2a: Mienshao|U-turn|p1a: Musho
|-end|p1a: Musho|Substitute
|
|switch|p2a: Krookodile|Krookodile, F|331\/331
|-damage|p2a: Krookodile|311\/331|[from] Stealth Rock
|-ability|p2a: Krookodile|Intimidate|[of] p1a: Musho
|-unboost|p1a: Musho|atk|1
|move|p1a: Musho|Hidden Power|p2a: Krookodile
|-supereffective|p2a: Krookodile
|-damage|p2a: Krookodile|0 fnt
|faint|p2a: Krookodile
|
|-heal|p1a: Musho|121\/321|[from] item: Leftovers
|
|switch|p2a: Mienshao|Mienshao, F|255\/271
|-damage|p2a: Mienshao|239\/271|[from] Stealth Rock
|turn|26
|
|switch|p1a: Trolltoad|Seismitoad, F|330\/405 tox
|move|p2a: Mienshao|High Jump Kick|p1a: Trolltoad
|-damage|p1a: Trolltoad|0 fnt
|faint|p1a: Trolltoad
|
|
|switch|p1a: 5|Fletchinder, F, shiny|273\/327
|turn|27
|
|move|p1a: 5|Acrobatics|p2a: Mienshao
|-supereffective|p2a: Mienshao
|-damage|p2a: Mienshao|0 fnt
|faint|p2a: Mienshao
|
|
|switch|p2a: Slowking|Slowking, M|283\/394
|-damage|p2a: Slowking|234\/394|[from] Stealth Rock
|turn|28
|
|switch|p1a: Rodolfo|Donphan, M|383\/383
|move|p2a: Slowking|Scald|p1a: Rodolfo
|-supereffective|p1a: Rodolfo
|-damage|p1a: Rodolfo|119\/383
|
|-heal|p1a: Rodolfo|142\/383|[from] item: Leftovers
|-heal|p2a: Slowking|258\/394|[from] item: Leftovers
|turn|29
|
|move|p1a: Rodolfo|Knock Off|p2a: Slowking
|-crit|p2a: Slowking
|-supereffective|p2a: Slowking
|-damage|p2a: Slowking|34\/394
|-enditem|p2a: Slowking|Leftovers|[from] move: Knock Off|[of] p1a: Rodolfo
|move|p2a: Slowking|Slack Off|p2a: Slowking
|-heal|p2a: Slowking|231\/394
|
|-heal|p1a: Rodolfo|165\/383|[from] item: Leftovers
|turn|30
|
|move|p1a: Rodolfo|Earthquake|p2a: Slowking
|-damage|p2a: Slowking|108\/394
|move|p2a: Slowking|Slack Off|p2a: Slowking
|-heal|p2a: Slowking|305\/394
|
|-heal|p1a: Rodolfo|188\/383|[from] item: Leftovers
|turn|31
|
|move|p1a: Rodolfo|Earthquake|p2a: Slowking
|-damage|p2a: Slowking|196\/394
|move|p2a: Slowking|Scald|p1a: Rodolfo
|-supereffective|p1a: Rodolfo
|-damage|p1a: Rodolfo|0 fnt
|faint|p1a: Rodolfo
|
|
|switch|p1a: Angela|Absol-Mega, F|15\/271
|turn|32
|
|move|p1a: Angela|Will-O-Wisp|p2a: Slowking
|-status|p2a: Slowking|brn
|move|p2a: Slowking|Slack Off|p2a: Slowking
|-heal|p2a: Slowking|393\/394 brn
|
|-damage|p2a: Slowking|344\/394 brn|[from] brn
|turn|33
|
|move|p1a: Angela|Sucker Punch|p2a: Slowking
|-supereffective|p2a: Slowking
|-damage|p2a: Slowking|98\/394 brn
|move|p2a: Slowking|Scald|p1a: Angela
|-damage|p1a: Angela|0 fnt
|faint|p1a: Angela
|
|-damage|p2a: Slowking|49\/394 brn|[from] brn
|
|switch|p1a: 5|Fletchinder, F, shiny|273\/327
|turn|34
|
|switch|p2a: Florges|Florges, F|360\/360
|-damage|p2a: Florges|315\/360|[from] Stealth Rock
|move|p1a: 5|Acrobatics|p2a: Florges
|-damage|p2a: Florges|108\/360
|
|-heal|p2a: Florges|130\/360|[from] item: Leftovers
|turn|35
|
|move|p1a: 5|Swords Dance|p1a: 5
|-boost|p1a: 5|atk|2
|move|p2a: Florges|Wish|p2a: Florges
|
|-heal|p2a: Florges|152\/360|[from] item: Leftovers
|turn|36
|
|move|p1a: 5|Acrobatics|p2a: Florges
|-damage|p2a: Florges|0 fnt
|faint|p2a: Florges
|
|
|switch|p2a: Slowking|Slowking, M|180\/394 brn
|-damage|p2a: Slowking|131\/394 brn|[from] Stealth Rock
|turn|37
|
|switch|p2a: Serperior|Serperior, F|321\/354
|-damage|p2a: Serperior|277\/354|[from] Stealth Rock
|move|p1a: 5|Acrobatics|p2a: Serperior
|-supereffective|p2a: Serperior
|-damage|p2a: Serperior|0 fnt
|faint|p2a: Serperior
|
|
|switch|p2a: Slowking|Slowking, M|262\/394 brn
|-damage|p2a: Slowking|213\/394 brn|[from] Stealth Rock
|turn|38
|
|move|p1a: 5|Acrobatics|p2a: Slowking
|-damage|p2a: Slowking|0 fnt
|faint|p2a: Slowking
|
|win|Mlle Noob
|raw|Ladder updating...
|raw|Mlle Noob's rating: 1463 &rarr; <strong>1482<\/strong><br \/>(+19 for winning)
|raw|Dos Mef's rating: 1451 &rarr; <strong>1432<\/strong><br \/>(-19 for losing)
|c|âDos Mef|gg
|c|âMlle Noob|gg
|leave|Dos Mef
|player|p2