|join|Mlle Noob
|join|cheezitsCOD
|player|p1|Mlle Noob|289
|player|p2|cheezitsCOD|266
|gametype|singles
|gen|6
|tier|UU
|rated
|rule|Sleep Clause Mod: Limit one foe put to sleep
|rule|Species Clause: Limit one of each PokÃ©mon
|rule|OHKO Clause: OHKO moves are banned
|rule|Moody Clause: Moody is banned
|rule|Evasion Moves Clause: Evasion moves are banned
|rule|Endless Battle Clause: Forcing endless battles is banned
|rule|HP Percentage Mod: HP is shown in percentages
|clearpoke
|poke|p1|Absol, F
|poke|p1|Fletchinder, F, shiny
|poke|p1|Donphan, M
|poke|p1|Uxie
|poke|p1|Raikou, shiny
|poke|p1|Seismitoad, M
|poke|p2|Nidoking, M
|poke|p2|Arcanine, F
|poke|p2|Beedrill, F
|poke|p2|Azelf
|poke|p2|Chesnaught, F
|poke|p2|Empoleon, F
|rule|Swagger Clause: Swagger is banned
|rule|Baton Pass Clause: Limit one PokÃ©mon knowing Baton Pass
|teampreview
|
|start
|switch|p1a: Angela|Absol, F|271\/271
|switch|p2a: Chesnaught|Chesnaught, F|380\/380
|-ability|p1a: Angela|Pressure
|turn|1
|
|detailschange|p1a: Angela|Absol-Mega, F
|-mega|p1a: Angela|Absol|Absolite
|move|p1a: Angela|Protect|p1a: Angela
|-singleturn|p1a: Angela|Protect
|move|p2a: Chesnaught|Drain Punch|p1a: Angela
|-activate|p1a: Angela|Protect
|
|turn|2
|
|switch|p1a: Uzzzi|Uxie|353\/353
|move|p2a: Chesnaught|Spiky Shield|p2a: Chesnaught
|-fail|p2a: Chesnaught
|
|turn|3
|
|switch|p2a: Empoleon|Empoleon, F|310\/310
|move|p1a: Uzzzi|Stealth Rock|p2a: Empoleon
|-sidestart|p2: cheezitsCOD|move: Stealth Rock
|
|turn|4
|
|move|p1a: Uzzzi|Yawn|p2a: Empoleon
|-start|p2a: Empoleon|move: Yawn|[of] p1a: Uzzzi
|move|p2a: Empoleon|Toxic|p1a: Uzzzi
|-status|p1a: Uzzzi|tox
|
|-damage|p1a: Uzzzi|331\/353 tox|[from] psn
|turn|5
|
|move|p1a: Uzzzi|U-turn|p2a: Empoleon
|-crit|p2a: Empoleon
|-resisted|p2a: Empoleon
|-damage|p2a: Empoleon|275\/310
|
|switch|p1a: Musho|Raikou, shiny|321\/321
|-ability|p1a: Musho|Pressure
|move|p2a: Empoleon|Defog|p1a: Musho
|-unboost|p1a: Musho|evasion|1
|-sideend|p2: cheezitsCOD|Stealth Rock|[from] move: Defog|[of] p2a: Empoleon
|
|-status|p2a: Empoleon|slp
|-heal|p2a: Empoleon|294\/310 slp|[from] item: Leftovers
|turn|6
|
|switch|p2a: Nidoking|Nidoking, M|304\/304
|move|p1a: Musho|Substitute|p1a: Musho
|-start|p1a: Musho|Substitute
|-damage|p1a: Musho|241\/321
|
|-heal|p1a: Musho|261\/321|[from] item: Leftovers
|turn|7
|
|move|p2a: Nidoking|Earth Power|p1a: Musho
|-supereffective|p1a: Musho
|-end|p1a: Musho|Substitute
|move|p1a: Musho|Hidden Power|p2a: Nidoking
|-supereffective|p2a: Nidoking
|-damage|p2a: Nidoking|130\/304
|
|-heal|p1a: Musho|281\/321|[from] item: Leftovers
|turn|8
|
|switch|p1a: Uzzzi|Uxie|331\/353 tox
|move|p2a: Nidoking|Earth Power|p1a: Uzzzi
|-immune|p1a: Uzzzi|[msg]
|
|-heal|p1a: Uzzzi|353\/353 tox|[from] item: Leftovers
|-damage|p1a: Uzzzi|331\/353 tox|[from] psn
|turn|9
|
|switch|p2a: Beedrill|Beedrill, F|272\/272
|move|p1a: Uzzzi|Stealth Rock|p2a: Beedrill
|-sidestart|p2: cheezitsCOD|move: Stealth Rock
|
|-heal|p1a: Uzzzi|353\/353 tox|[from] item: Leftovers
|-damage|p1a: Uzzzi|309\/353 tox|[from] psn
|turn|10
|
|switch|p1a: Rodolfo|Donphan, M|383\/383
|detailschange|p2a: Beedrill|Beedrill-Mega, F
|-mega|p2a: Beedrill|Beedrill|Beedrillite
|move|p2a: Beedrill|U-turn|p1a: Rodolfo
|-damage|p1a: Rodolfo|251\/383
|
|switch|p2a: Chesnaught|Chesnaught, F|380\/380
|-damage|p2a: Chesnaught|357\/380|[from] Stealth Rock
|
|-heal|p2a: Chesnaught|380\/380|[from] item: Leftovers
|-heal|p1a: Rodolfo|274\/383|[from] item: Leftovers
|turn|11
|
|switch|p1a: 5|Fletchinder, F, shiny|327\/327
|move|p2a: Chesnaught|Leech Seed|p1a: 5
|-start|p1a: 5|move: Leech Seed
|
|-damage|p1a: 5|287\/327|[from] Leech Seed|[of] p2a: Chesnaught
|turn|12
|
|move|p2a: Chesnaught|Spiky Shield|p2a: Chesnaught
|-singleturn|p2a: Chesnaught|move: Protect
|move|p1a: 5|Swords Dance|p1a: 5
|-boost|p1a: 5|atk|2
|
|-damage|p1a: 5|247\/327|[from] Leech Seed|[of] p2a: Chesnaught
|turn|13
|
|switch|p2a: Empoleon|Empoleon, F|294\/310 slp
|-damage|p2a: Empoleon|275\/310 slp|[from] Stealth Rock
|move|p1a: 5|Acrobatics|p2a: Empoleon
|-resisted|p2a: Empoleon
|-damage|p2a: Empoleon|113\/310 slp
|
|-heal|p2a: Empoleon|132\/310 slp|[from] item: Leftovers
|-damage|p1a: 5|207\/327|[from] Leech Seed|[of] p2a: Empoleon
|-heal|p2a: Empoleon|172\/310 slp|[silent]
|turn|14
|
|cant|p2a: Empoleon|slp
|move|p1a: 5|Swords Dance|p1a: 5
|-boost|p1a: 5|atk|2
|
|-heal|p2a: Empoleon|191\/310 slp|[from] item: Leftovers
|-damage|p1a: 5|167\/327|[from] Leech Seed|[of] p2a: Empoleon
|-heal|p2a: Empoleon|231\/310 slp|[silent]
|turn|15
|
|move|p1a: 5|Acrobatics|p2a: Empoleon
|-resisted|p2a: Empoleon
|-damage|p2a: Empoleon|0 fnt
|faint|p2a: Empoleon
|
|
|switch|p2a: Arcanine|Arcanine, F|322\/322
|-damage|p2a: Arcanine|242\/322|[from] Stealth Rock
|-ability|p2a: Arcanine|Intimidate|[of] p1a: 5
|-unboost|p1a: 5|atk|1
|turn|16
|
|switch|p1a: Trolltoad|Seismitoad, M|405\/405
|move|p2a: Arcanine|Extreme Speed|p1a: Trolltoad
|-damage|p1a: Trolltoad|247\/405
|
|-heal|p1a: Trolltoad|272\/405|[from] item: Leftovers
|turn|17
|
|switch|p2a: Chesnaught|Chesnaught, F|380\/380
|-damage|p2a: Chesnaught|357\/380|[from] Stealth Rock
|move|p1a: Trolltoad|Earthquake|p2a: Chesnaught
|-resisted|p2a: Chesnaught
|-damage|p2a: Chesnaught|317\/380
|
|-heal|p1a: Trolltoad|297\/405|[from] item: Leftovers
|-heal|p2a: Chesnaught|340\/380|[from] item: Leftovers
|turn|18
|
|move|p1a: Trolltoad|Substitute|p1a: Trolltoad
|-start|p1a: Trolltoad|Substitute
|-damage|p1a: Trolltoad|196\/405
|move|p2a: Chesnaught|Wood Hammer|p1a: Trolltoad
|-supereffective|p1a: Trolltoad
|-end|p1a: Trolltoad|Substitute
|-damage|p2a: Chesnaught|307\/380|[from] recoil|[of] p1a: Trolltoad
|
|-heal|p1a: Trolltoad|221\/405|[from] item: Leftovers
|-heal|p2a: Chesnaught|330\/380|[from] item: Leftovers
|turn|19
|
|switch|p1a: 5|Fletchinder, F, shiny|167\/327
|move|p2a: Chesnaught|Wood Hammer|p1a: 5
|-resisted|p1a: 5
|-damage|p1a: 5|107\/327
|-damage|p2a: Chesnaught|310\/380|[from] recoil|[of] p1a: 5
|
|-heal|p2a: Chesnaught|333\/380|[from] item: Leftovers
|turn|20
|
|move|p1a: 5|Acrobatics|p2a: Chesnaught
|-supereffective|p2a: Chesnaught
|-damage|p2a: Chesnaught|0 fnt
|faint|p2a: Chesnaught
|
|
|switch|p2a: Arcanine|Arcanine, F|242\/322
|-damage|p2a: Arcanine|162\/322|[from] Stealth Rock
|-ability|p2a: Arcanine|Intimidate|[of] p1a: 5
|-unboost|p1a: 5|atk|1
|turn|21
|
|switch|p1a: Rodolfo|Donphan, M|274\/383
|move|p2a: Arcanine|Crunch|p1a: Rodolfo
|-damage|p1a: Rodolfo|192\/383
|
|-heal|p1a: Rodolfo|215\/383|[from] item: Leftovers
|turn|22
|-message|cheezitsCOD forfeited.
|
|win|Mlle Noob
|raw|Ladder updating...
|leave|cheezitsCOD
|
|player|p2
|raw|Mlle Noob's rating: 1160 &rarr; <strong>1188<\/strong><br \/>(+28 for winning)
|raw|cheezitsCOD's rating: 1192 &rarr; <strong>1164<\/strong><br \/>(-28 for losing)