|join|S0ftie
|join|Mlle Noob
|player|p1|S0ftie|170
|player|p2|Mlle Noob|289
|gametype|singles
|gen|6
|tier|UU
|rated
|rule|Sleep Clause Mod: Limit one foe put to sleep
|rule|Species Clause: Limit one of each PokÃ©mon
|rule|OHKO Clause: OHKO moves are banned
|rule|Moody Clause: Moody is banned
|rule|Evasion Moves Clause: Evasion moves are banned
|rule|Endless Battle Clause: Forcing endless battles is banned
|rule|HP Percentage Mod: HP is shown in percentages
|clearpoke
|poke|p1|Abomasnow, M
|poke|p1|Dugtrio, F
|poke|p1|Crobat, M
|poke|p1|Florges, F
|poke|p1|Suicune
|poke|p1|Jirachi
|poke|p2|Absol, F
|poke|p2|Fletchinder, F, shiny
|poke|p2|Donphan, M
|poke|p2|Uxie
|poke|p2|Raikou, shiny
|poke|p2|Seismitoad, M
|rule|Swagger Clause: Swagger is banned
|rule|Baton Pass Clause: Limit one PokÃ©mon knowing Baton Pass
|teampreview
|
|start
|switch|p1a: Jirachi|Jirachi|371\/371
|switch|p2a: Uzzzi|Uxie|353\/353
|turn|1
|
|move|p1a: Jirachi|Stealth Rock|p2a: Uzzzi
|-sidestart|p2: Mlle Noob|move: Stealth Rock
|move|p2a: Uzzzi|Stealth Rock|p1a: Jirachi
|-sidestart|p1: S0ftie|move: Stealth Rock
|
|turn|2
|join|maasdfx
|
|move|p1a: Jirachi|U-turn|p2a: Uzzzi
|-supereffective|p2a: Uzzzi
|-damage|p2a: Uzzzi|255\/353
|
|switch|p1a: Crobat|Crobat, M|373\/373
|-damage|p1a: Crobat|280\/373|[from] Stealth Rock
|move|p2a: Uzzzi|Yawn|p1a: Crobat
|-start|p1a: Crobat|move: Yawn|[of] p2a: Uzzzi
|
|-heal|p1a: Crobat|303\/373|[from] item: Black Sludge
|-heal|p2a: Uzzzi|277\/353|[from] item: Leftovers
|turn|3
|
|move|p1a: Crobat|U-turn|p2a: Uzzzi
|-supereffective|p2a: Uzzzi
|-damage|p2a: Uzzzi|203\/353
|
|switch|p1a: Suicune|Suicune|404\/404
|-damage|p1a: Suicune|354\/404|[from] Stealth Rock
|-ability|p1a: Suicune|Pressure
|move|p2a: Uzzzi|U-turn|p1a: Suicune
|-damage|p1a: Suicune|327\/404
|
|switch|p2a: Musho|Raikou, shiny|321\/321
|-damage|p2a: Musho|281\/321|[from] Stealth Rock
|-ability|p2a: Musho|Pressure
|
|-heal|p2a: Musho|301\/321|[from] item: Leftovers
|-heal|p1a: Suicune|352\/404|[from] item: Leftovers
|turn|4
|
|switch|p1a: Jirachi|Jirachi|371\/371
|-damage|p1a: Jirachi|348\/371|[from] Stealth Rock
|move|p2a: Musho|Substitute|p2a: Musho
|-start|p2a: Musho|Substitute
|-damage|p2a: Musho|221\/321
|
|-heal|p2a: Musho|241\/321|[from] item: Leftovers
|-heal|p1a: Jirachi|371\/371|[from] item: Leftovers
|turn|5
|
|move|p2a: Musho|Calm Mind|p2a: Musho
|-boost|p2a: Musho|spa|1
|-boost|p2a: Musho|spd|1
|move|p1a: Jirachi|U-turn|p2a: Musho
|-end|p2a: Musho|Substitute
|
|switch|p1a: Dugtrio|Dugtrio, F|211\/211
|-damage|p1a: Dugtrio|198\/211|[from] Stealth Rock
|
|-heal|p2a: Musho|261\/321|[from] item: Leftovers
|turn|6
|
|move|p1a: Dugtrio|Earthquake|p2a: Musho
|-supereffective|p2a: Musho
|-damage|p2a: Musho|0 fnt
|faint|p2a: Musho
|
|
|switch|p2a: Rodolfo|Donphan, M|383\/383
|-damage|p2a: Rodolfo|360\/383|[from] Stealth Rock
|turn|7
|
|switch|p1a: Jirachi|Jirachi|371\/371
|-damage|p1a: Jirachi|348\/371|[from] Stealth Rock
|move|p2a: Rodolfo|Rapid Spin|p1a: Jirachi
|-resisted|p1a: Jirachi
|-damage|p1a: Jirachi|338\/371
|-sideend|p2: Mlle Noob|Stealth Rock|[from] move: Rapid Spin|[of] p2a: Rodolfo
|
|-heal|p1a: Jirachi|361\/371|[from] item: Leftovers
|-heal|p2a: Rodolfo|383\/383|[from] item: Leftovers
|turn|8
|
|move|p1a: Jirachi|Stealth Rock|p2a: Rodolfo
|-sidestart|p2: Mlle Noob|move: Stealth Rock
|move|p2a: Rodolfo|Knock Off|p1a: Jirachi
|-supereffective|p1a: Jirachi
|-damage|p1a: Jirachi|195\/371
|-enditem|p1a: Jirachi|Leftovers|[from] move: Knock Off|[of] p2a: Rodolfo
|
|turn|9
|
|move|p1a: Jirachi|U-turn|p2a: Rodolfo
|-damage|p2a: Rodolfo|336\/383
|
|switch|p1a: Abomasnow|Abomasnow, M|383\/383
|-damage|p1a: Abomasnow|288\/383|[from] Stealth Rock
|-weather|Hail
|move|p2a: Rodolfo|Rapid Spin|p1a: Abomasnow
|-damage|p1a: Abomasnow|266\/383
|-sideend|p2: Mlle Noob|Stealth Rock|[from] move: Rapid Spin|[of] p2a: Rodolfo
|
|-weather|Hail|[upkeep]
|-damage|p2a: Rodolfo|313\/383|[from] hail
|-heal|p2a: Rodolfo|336\/383|[from] item: Leftovers
|turn|10
|
|switch|p2a: Uzzzi|Uxie|203\/353
|detailschange|p1a: Abomasnow|Abomasnow-Mega, M
|-mega|p1a: Abomasnow|Abomasnow|Abomasite
|move|p1a: Abomasnow|Swords Dance|p1a: Abomasnow
|-boost|p1a: Abomasnow|atk|2
|
|-weather|Hail|[upkeep]
|-damage|p2a: Uzzzi|181\/353|[from] hail
|-heal|p2a: Uzzzi|203\/353|[from] item: Leftovers
|turn|11
|
|move|p2a: Uzzzi|Yawn|p1a: Abomasnow
|-start|p1a: Abomasnow|move: Yawn|[of] p2a: Uzzzi
|move|p1a: Abomasnow|Wood Hammer|p2a: Uzzzi
|-crit|p2a: Uzzzi
|-damage|p2a: Uzzzi|0 fnt
|-damage|p1a: Abomasnow|199\/383|[from] recoil|[of] p2a: Uzzzi
|faint|p2a: Uzzzi
|
|-weather|Hail|[upkeep]
|
|switch|p2a: 5|Fletchinder, F, shiny|327\/327
|turn|12
|leave|maasdfx
|
|move|p1a: Abomasnow|Ice Shard|p2a: 5
|-damage|p2a: 5|65\/327
|move|p2a: 5|Swords Dance|p2a: 5
|-boost|p2a: 5|atk|2
|
|-status|p1a: Abomasnow|slp
|-weather|Hail|[upkeep]
|-damage|p2a: 5|45\/327|[from] hail
|turn|13
|
|switch|p1a: Jirachi|Jirachi|195\/371
|-damage|p1a: Jirachi|172\/371|[from] Stealth Rock
|move|p2a: 5|Swords Dance|p2a: 5
|-boost|p2a: 5|atk|2
|
|-weather|none
|turn|14
|
|move|p2a: 5|Acrobatics|p1a: Jirachi
|-resisted|p1a: Jirachi
|-damage|p1a: Jirachi|0 fnt
|faint|p1a: Jirachi
|
|
|switch|p1a: Dugtrio|Dugtrio, F|198\/211
|-damage|p1a: Dugtrio|185\/211|[from] Stealth Rock
|turn|15
|
|move|p1a: Dugtrio|Sucker Punch|p2a: 5
|-fail|p2a: 5
|move|p2a: 5|Roost|p2a: 5
|-heal|p2a: 5|209\/327
|
|turn|16
|
|move|p1a: Dugtrio|Sucker Punch|p2a: 5
|-damage|p2a: 5|37\/327
|move|p2a: 5|Acrobatics|p1a: Dugtrio
|-damage|p1a: Dugtrio|0 fnt
|faint|p1a: Dugtrio
|
|
|switch|p1a: Florges|Florges, F|360\/360
|-damage|p1a: Florges|315\/360|[from] Stealth Rock
|turn|17
|c|âS0ftie|gg
|-message|S0ftie forfeited.
|leave|S0ftie
|
|win|Mlle Noob
|raw|Ladder updating...
|player|p1
|c|âMlle Noob|gg
|
|raw|S0ftie's rating: 1287 &rarr; <strong>1268<\/strong><br \/>(-19 for losing)
|raw|Mlle Noob's rating: 1372 &rarr; <strong>1387<\/strong><br \/>(+15 for winning)