|join|Mlle Noob
|join|ubers ez
|player|p1|Mlle Noob|289
|player|p2|ubers ez|237
|gametype|singles
|gen|6
|tier|UU
|rated
|rule|Sleep Clause Mod: Limit one foe put to sleep
|rule|Species Clause: Limit one of each PokÃ©mon
|rule|OHKO Clause: OHKO moves are banned
|rule|Moody Clause: Moody is banned
|rule|Evasion Moves Clause: Evasion moves are banned
|rule|Endless Battle Clause: Forcing endless battles is banned
|rule|HP Percentage Mod: HP is shown in percentages
|clearpoke
|poke|p1|Absol, F
|poke|p1|Fletchinder, F, shiny
|poke|p1|Donphan, M
|poke|p1|Uxie
|poke|p1|Raikou, shiny
|poke|p1|Seismitoad, F
|poke|p2|Cresselia, F
|poke|p2|Blastoise, F
|poke|p2|Chesnaught, F
|poke|p2|Blissey, F
|poke|p2|Entei, shiny
|poke|p2|Noivern, F
|rule|Swagger Clause: Swagger is banned
|rule|Baton Pass Clause: Limit one PokÃ©mon knowing Baton Pass
|teampreview
|c|âubers ez|gl
|
|start
|switch|p1a: Uzzzi|Uxie|353\/353
|switch|p2a: Chesnaught|Chesnaught, F|380\/380
|turn|1
|
|switch|p2a: Cresselia|Cresselia, F|443\/443
|move|p1a: Uzzzi|Stealth Rock|p2a: Cresselia
|-sidestart|p2: ubers ez|move: Stealth Rock
|
|turn|2
|
|move|p1a: Uzzzi|Yawn|p2a: Cresselia
|-start|p2a: Cresselia|move: Yawn|[of] p1a: Uzzzi
|move|p2a: Cresselia|Substitute|p2a: Cresselia
|-start|p2a: Cresselia|Substitute
|-damage|p2a: Cresselia|333\/443
|
|-heal|p2a: Cresselia|360\/443|[from] item: Leftovers
|turn|3
|
|switch|p2a: Blissey|Blissey, F|714\/714
|-damage|p2a: Blissey|625\/714|[from] Stealth Rock
|move|p1a: Uzzzi|U-turn|p2a: Blissey
|-damage|p2a: Blissey|458\/714
|
|switch|p1a: Trolltoad|Seismitoad, F|405\/405
|
|-heal|p2a: Blissey|502\/714|[from] item: Leftovers
|turn|4
|
|move|p2a: Blissey|Protect|p2a: Blissey
|-singleturn|p2a: Blissey|Protect
|move|p1a: Trolltoad|Infestation|p2a: Blissey
|-activate|p2a: Blissey|Protect
|
|-heal|p2a: Blissey|546\/714|[from] item: Leftovers
|turn|5
|
|switch|p2a: Blastoise|Blastoise, F|361\/361
|-damage|p2a: Blastoise|316\/361|[from] Stealth Rock
|move|p1a: Trolltoad|Substitute|p1a: Trolltoad
|-start|p1a: Trolltoad|Substitute
|-damage|p1a: Trolltoad|304\/405
|
|-heal|p1a: Trolltoad|329\/405|[from] item: Leftovers
|turn|6
|
|move|p1a: Trolltoad|Earthquake|p2a: Blastoise
|-crit|p2a: Blastoise
|-damage|p2a: Blastoise|180\/361
|move|p2a: Blastoise|Rapid Spin|p1a: Trolltoad
|-activate|p1a: Trolltoad|Substitute|[damage]
|-sideend|p2: ubers ez|Stealth Rock|[from] move: Rapid Spin|[of] p2a: Blastoise
|
|-heal|p1a: Trolltoad|354\/405|[from] item: Leftovers
|turn|7
|
|detailschange|p2a: Blastoise|Blastoise-Mega, F
|-mega|p2a: Blastoise|Blastoise|Blastoisinite
|move|p1a: Trolltoad|Infestation|p2a: Blastoise
|-damage|p2a: Blastoise|167\/361
|-activate|p2a: Blastoise|move: Infestation|[of] p1a: Trolltoad
|move|p2a: Blastoise|Dark Pulse|p1a: Trolltoad
|-end|p1a: Trolltoad|Substitute
|
|-heal|p1a: Trolltoad|379\/405|[from] item: Leftovers
|-damage|p2a: Blastoise|122\/361|[from] move: Infestation|[partiallytrapped]
|turn|8
|
|move|p1a: Trolltoad|Substitute|p1a: Trolltoad
|-start|p1a: Trolltoad|Substitute
|-damage|p1a: Trolltoad|278\/405
|move|p2a: Blastoise|Dark Pulse|p1a: Trolltoad
|-end|p1a: Trolltoad|Substitute
|
|-heal|p1a: Trolltoad|303\/405|[from] item: Leftovers
|-damage|p2a: Blastoise|77\/361|[from] move: Infestation|[partiallytrapped]
|turn|9
|
|move|p1a: Trolltoad|Earthquake|p2a: Blastoise
|-damage|p2a: Blastoise|0 fnt
|faint|p2a: Blastoise
|
|-heal|p1a: Trolltoad|328\/405|[from] item: Leftovers
|
|switch|p2a: Cresselia|Cresselia, F|360\/443
|turn|10
|
|switch|p1a: Rodolfo|Donphan, M|383\/383
|move|p2a: Cresselia|Substitute|p2a: Cresselia
|-start|p2a: Cresselia|Substitute
|-damage|p2a: Cresselia|250\/443
|
|-heal|p2a: Cresselia|277\/443|[from] item: Leftovers
|turn|11
|
|move|p2a: Cresselia|Calm Mind|p2a: Cresselia
|-boost|p2a: Cresselia|spa|1
|-boost|p2a: Cresselia|spd|1
|move|p1a: Rodolfo|Roar|p2a: Cresselia
|drag|p2a: Entei|Entei, shiny|371\/371
|-ability|p2a: Entei|Pressure
|
|turn|12
|
|switch|p2a: Chesnaught|Chesnaught, F|380\/380
|move|p1a: Rodolfo|Earthquake|p2a: Chesnaught
|-resisted|p2a: Chesnaught
|-damage|p2a: Chesnaught|333\/380
|
|-heal|p2a: Chesnaught|356\/380|[from] item: Leftovers
|turn|13
|
|switch|p1a: Uzzzi|Uxie|353\/353
|move|p2a: Chesnaught|Leech Seed|p1a: Uzzzi
|-start|p1a: Uzzzi|move: Leech Seed
|
|-heal|p2a: Chesnaught|379\/380|[from] item: Leftovers
|-damage|p1a: Uzzzi|309\/353|[from] Leech Seed|[of] p2a: Chesnaught
|-heal|p2a: Chesnaught|380\/380|[silent]
|turn|14
|
|move|p1a: Uzzzi|Stealth Rock|p2a: Chesnaught
|-sidestart|p2: ubers ez|move: Stealth Rock
|move|p2a: Chesnaught|Spikes|p1a: Uzzzi
|-sidestart|p1: Mlle Noob|Spikes
|
|-heal|p1a: Uzzzi|331\/353|[from] item: Leftovers
|-damage|p1a: Uzzzi|287\/353|[from] Leech Seed|[of] p2a: Chesnaught
|turn|15
|
|move|p1a: Uzzzi|Yawn|p2a: Chesnaught
|-start|p2a: Chesnaught|move: Yawn|[of] p1a: Uzzzi
|move|p2a: Chesnaught|Spikes|p1a: Uzzzi
|-sidestart|p1: Mlle Noob|Spikes
|
|-heal|p1a: Uzzzi|309\/353|[from] item: Leftovers
|-damage|p1a: Uzzzi|265\/353|[from] Leech Seed|[of] p2a: Chesnaught
|turn|16
|
|move|p2a: Chesnaught|Spiky Shield|p2a: Chesnaught
|-singleturn|p2a: Chesnaught|move: Protect
|move|p1a: Uzzzi|U-turn|p2a: Chesnaught
|-activate|p2a: Chesnaught|move: Protect
|-damage|p1a: Uzzzi|221\/353|[from] Spiky Shield|[of] p2a: Chesnaught
|
|-status|p2a: Chesnaught|slp
|-heal|p1a: Uzzzi|243\/353|[from] item: Leftovers
|-damage|p1a: Uzzzi|199\/353|[from] Leech Seed|[of] p2a: Chesnaught
|turn|17
|
|switch|p1a: 5|Fletchinder, F, shiny|327\/327
|cant|p2a: Chesnaught|slp
|
|turn|18
|
|switch|p2a: Cresselia|Cresselia, F|277\/443
|-damage|p2a: Cresselia|222\/443|[from] Stealth Rock
|move|p1a: 5|Swords Dance|p1a: 5
|-boost|p1a: 5|atk|2
|
|-heal|p2a: Cresselia|249\/443|[from] item: Leftovers
|turn|19
|
|move|p1a: 5|Acrobatics|p2a: Cresselia
|-damage|p2a: Cresselia|0 fnt
|faint|p2a: Cresselia
|
|
|switch|p2a: Entei|Entei, shiny|371\/371
|-damage|p2a: Entei|279\/371|[from] Stealth Rock
|-ability|p2a: Entei|Pressure
|turn|20
|
|move|p2a: Entei|Extreme Speed|p1a: 5
|-crit|p1a: 5
|-damage|p1a: 5|0 fnt
|faint|p1a: 5
|
|c|âMlle Noob|lol
|c|âMlle Noob|gg or hax
|c|âubers ez|did not matter
|c|âMlle Noob|yea mather
|c|âubers ez|never with choice band
|c|âMlle Noob|252+ Atk Choice Band Entei Extreme Speed vs. 248 HP \/ 4 Def Fletchinder: 211-249 (64.5 - 76.1%) -- guaranteed 2HKO
|c|âMlle Noob|learn
|
|switch|p1a: Rodolfo|Donphan, M|383\/383
|-damage|p1a: Rodolfo|320\/383|[from] Spikes
|turn|21
|c|âMlle Noob|HAX
|c|âubers ez|hm ok
|
|switch|p2a: Noivern|Noivern, F|311\/311
|-damage|p2a: Noivern|234\/311|[from] Stealth Rock
|move|p1a: Rodolfo|Rapid Spin|p2a: Noivern
|-damage|p2a: Noivern|212\/311
|-sideend|p1: Mlle Noob|Spikes|[from] move: Rapid Spin|[of] p1a: Rodolfo
|
|-heal|p1a: Rodolfo|343\/383|[from] item: Leftovers
|turn|22
|
|switch|p2a: Chesnaught|Chesnaught, F|380\/380 slp
|-damage|p2a: Chesnaught|357\/380 slp|[from] Stealth Rock
|switch|p1a: Uzzzi|Uxie|199\/353
|
|-heal|p1a: Uzzzi|221\/353|[from] item: Leftovers
|-heal|p2a: Chesnaught|380\/380 slp|[from] item: Leftovers
|turn|23
|
|move|p1a: Uzzzi|U-turn|p2a: Chesnaught
|-damage|p2a: Chesnaught|350\/380 slp
|
|switch|p1a: Musho|Raikou, shiny|321\/321
|-ability|p1a: Musho|Pressure
|-curestatus|p2a: Chesnaught|slp
|move|p2a: Chesnaught|Leech Seed|p1a: Musho
|-start|p1a: Musho|move: Leech Seed
|
|-heal|p2a: Chesnaught|373\/380|[from] item: Leftovers
|-damage|p1a: Musho|281\/321|[from] Leech Seed|[of] p2a: Chesnaught
|-heal|p2a: Chesnaught|380\/380|[silent]
|turn|24
|
|switch|p1a: Angela|Absol, F|271\/271
|-ability|p1a: Angela|Pressure
|move|p2a: Chesnaught|Spiky Shield|p2a: Chesnaught
|-fail|p2a: Chesnaught
|
|turn|25
|
|detailschange|p1a: Angela|Absol-Mega, F
|-mega|p1a: Angela|Absol|Absolite
|move|p1a: Angela|Will-O-Wisp|p2a: Chesnaught|[miss]
|-miss|p1a: Angela|p2a: Chesnaught
|move|p2a: Chesnaught|Leech Seed|p1a: Angela
|move|p1a: Angela|Leech Seed|p2a: Chesnaught|[from]Magic Bounce
|-immune|p2a: Chesnaught|[msg]
|
|turn|26
|c|âMlle Noob|comon!
|
|switch|p1a: Uzzzi|Uxie|221\/353
|move|p2a: Chesnaught|Spiky Shield|p2a: Chesnaught
|-fail|p2a: Chesnaught
|
|-heal|p1a: Uzzzi|243\/353|[from] item: Leftovers
|turn|27
|
|move|p1a: Uzzzi|Yawn|p2a: Chesnaught
|-start|p2a: Chesnaught|move: Yawn|[of] p1a: Uzzzi
|move|p2a: Chesnaught|Leech Seed|p1a: Uzzzi
|-start|p1a: Uzzzi|move: Leech Seed
|
|-heal|p1a: Uzzzi|265\/353|[from] item: Leftovers
|-damage|p1a: Uzzzi|221\/353|[from] Leech Seed|[of] p2a: Chesnaught
|turn|28
|
|switch|p1a: Musho|Raikou, shiny|281\/321
|-ability|p1a: Musho|Pressure
|move|p2a: Chesnaught|Drain Punch|p1a: Musho
|-damage|p1a: Musho|155\/321
|
|-status|p2a: Chesnaught|slp
|-heal|p1a: Musho|175\/321|[from] item: Leftovers
|turn|29
|
|switch|p2a: Blissey|Blissey, F|546\/714
|-damage|p2a: Blissey|457\/714|[from] Stealth Rock
|move|p1a: Musho|Substitute|p1a: Musho
|-start|p1a: Musho|Substitute
|-damage|p1a: Musho|95\/321
|
|-heal|p1a: Musho|115\/321|[from] item: Leftovers
|-heal|p2a: Blissey|501\/714|[from] item: Leftovers
|turn|30
|
|switch|p1a: Trolltoad|Seismitoad, F|328\/405
|move|p2a: Blissey|Wish|p2a: Blissey
|
|-heal|p1a: Trolltoad|353\/405|[from] item: Leftovers
|-heal|p2a: Blissey|545\/714|[from] item: Leftovers
|turn|31
|
|switch|p2a: Chesnaught|Chesnaught, F|380\/380 slp
|-damage|p2a: Chesnaught|357\/380 slp|[from] Stealth Rock
|move|p1a: Trolltoad|Infestation|p2a: Chesnaught
|-damage|p2a: Chesnaught|342\/380 slp
|-activate|p2a: Chesnaught|move: Infestation|[of] p1a: Trolltoad
|
|-heal|p2a: Chesnaught|380\/380 slp|[from] move: Wish|[wisher] Blissey
|-heal|p1a: Trolltoad|378\/405|[from] item: Leftovers
|-damage|p2a: Chesnaught|333\/380 slp|[from] move: Infestation|[partiallytrapped]
|turn|32
|
|move|p1a: Trolltoad|Substitute|p1a: Trolltoad
|-start|p1a: Trolltoad|Substitute
|-damage|p1a: Trolltoad|277\/405
|cant|p2a: Chesnaught|slp
|
|-heal|p1a: Trolltoad|302\/405|[from] item: Leftovers
|-heal|p2a: Chesnaught|356\/380 slp|[from] item: Leftovers
|-damage|p2a: Chesnaught|309\/380 slp|[from] move: Infestation|[partiallytrapped]
|turn|33
|
|-singleturn|p1a: Trolltoad|move: Focus Punch
|cant|p2a: Chesnaught|slp
|move|p1a: Trolltoad|Focus Punch|p2a: Chesnaught
|-damage|p2a: Chesnaught|226\/380 slp
|
|-heal|p1a: Trolltoad|327\/405|[from] item: Leftovers
|-heal|p2a: Chesnaught|249\/380 slp|[from] item: Leftovers
|-damage|p2a: Chesnaught|202\/380 slp|[from] move: Infestation|[partiallytrapped]
|turn|34
|c|âubers ez|zzzz
|
|-singleturn|p1a: Trolltoad|move: Focus Punch
|cant|p2a: Chesnaught|slp
|move|p1a: Trolltoad|Focus Punch|p2a: Chesnaught
|-damage|p2a: Chesnaught|117\/380 slp
|
|-heal|p1a: Trolltoad|352\/405|[from] item: Leftovers
|-heal|p2a: Chesnaught|140\/380 slp|[from] item: Leftovers
|-damage|p2a: Chesnaught|93\/380 slp|[from] move: Infestation|[partiallytrapped]
|turn|35
|
|-singleturn|p1a: Trolltoad|move: Focus Punch
|-curestatus|p2a: Chesnaught|slp
|move|p2a: Chesnaught|Drain Punch|p1a: Trolltoad
|-end|p1a: Trolltoad|Substitute
|-heal|p2a: Chesnaught|144\/380|[from] drain|[of] p1a: Trolltoad
|move|p1a: Trolltoad|Focus Punch|p2a: Chesnaught
|-damage|p2a: Chesnaught|65\/380
|
|-heal|p1a: Trolltoad|377\/405|[from] item: Leftovers
|-heal|p2a: Chesnaught|88\/380|[from] item: Leftovers
|-end|p2a: Chesnaught|Infestation|[partiallytrapped]
|turn|36
|
|switch|p1a: Uzzzi|Uxie|221\/353
|move|p2a: Chesnaught|Leech Seed|p1a: Uzzzi
|-start|p1a: Uzzzi|move: Leech Seed
|
|-heal|p1a: Uzzzi|243\/353|[from] item: Leftovers
|-heal|p2a: Chesnaught|111\/380|[from] item: Leftovers
|-damage|p1a: Uzzzi|199\/353|[from] Leech Seed|[of] p2a: Chesnaught
|-heal|p2a: Chesnaught|155\/380|[silent]
|turn|37
|
|switch|p1a: Musho|Raikou, shiny|115\/321
|-ability|p1a: Musho|Pressure
|move|p2a: Chesnaught|Spikes|p1a: Musho
|-sidestart|p1: Mlle Noob|Spikes
|
|-heal|p1a: Musho|135\/321|[from] item: Leftovers
|-heal|p2a: Chesnaught|178\/380|[from] item: Leftovers
|turn|38
|
|switch|p1a: Trolltoad|Seismitoad, F|377\/405
|-damage|p1a: Trolltoad|327\/405|[from] Spikes
|move|p2a: Chesnaught|Drain Punch|p1a: Trolltoad
|-crit|p1a: Trolltoad
|-damage|p1a: Trolltoad|156\/405
|-heal|p2a: Chesnaught|264\/380|[from] drain|[of] p1a: Trolltoad
|
|-heal|p1a: Trolltoad|181\/405|[from] item: Leftovers
|-heal|p2a: Chesnaught|287\/380|[from] item: Leftovers
|turn|39
|
|move|p1a: Trolltoad|Infestation|p2a: Chesnaught
|-damage|p2a: Chesnaught|270\/380
|-activate|p2a: Chesnaught|move: Infestation|[of] p1a: Trolltoad
|move|p2a: Chesnaught|Leech Seed|p1a: Trolltoad
|-start|p1a: Trolltoad|move: Leech Seed
|
|-heal|p1a: Trolltoad|206\/405|[from] item: Leftovers
|-heal|p2a: Chesnaught|293\/380|[from] item: Leftovers
|-damage|p1a: Trolltoad|156\/405|[from] Leech Seed|[of] p2a: Chesnaught
|-heal|p2a: Chesnaught|343\/380|[silent]
|-damage|p2a: Chesnaught|296\/380|[from] move: Infestation|[partiallytrapped]
|turn|40
|
|switch|p1a: Uzzzi|Uxie|199\/353
|move|p2a: Chesnaught|Drain Punch|p1a: Uzzzi
|-resisted|p1a: Uzzzi
|-damage|p1a: Uzzzi|163\/353
|-heal|p2a: Chesnaught|314\/380|[from] drain|[of] p1a: Uzzzi
|
|-heal|p1a: Uzzzi|185\/353|[from] item: Leftovers
|-heal|p2a: Chesnaught|337\/380|[from] item: Leftovers
|-end|p2a: Chesnaught|Infestation|[partiallytrapped]
|turn|41
|
|move|p1a: Uzzzi|Yawn|p2a: Chesnaught
|-start|p2a: Chesnaught|move: Yawn|[of] p1a: Uzzzi
|move|p2a: Chesnaught|Spikes|p1a: Uzzzi
|-sidestart|p1: Mlle Noob|Spikes
|
|-heal|p1a: Uzzzi|207\/353|[from] item: Leftovers
|-heal|p2a: Chesnaught|360\/380|[from] item: Leftovers
|turn|42
|
|switch|p1a: Rodolfo|Donphan, M|343\/383
|-damage|p1a: Rodolfo|280\/383|[from] Spikes
|move|p2a: Chesnaught|Spiky Shield|p2a: Chesnaught
|-fail|p2a: Chesnaught
|
|-status|p2a: Chesnaught|slp
|-heal|p2a: Chesnaught|380\/380 slp|[from] item: Leftovers
|-heal|p1a: Rodolfo|303\/383|[from] item: Leftovers
|turn|43
|
|cant|p2a: Chesnaught|slp
|move|p1a: Rodolfo|Rapid Spin|p2a: Chesnaught
|-damage|p2a: Chesnaught|367\/380 slp
|-sideend|p1: Mlle Noob|Spikes|[from] move: Rapid Spin|[of] p1a: Rodolfo
|
|-heal|p2a: Chesnaught|380\/380 slp|[from] item: Leftovers
|-heal|p1a: Rodolfo|326\/383|[from] item: Leftovers
|turn|44
|
|switch|p1a: Angela|Absol-Mega, F|271\/271
|cant|p2a: Chesnaught|slp
|
|turn|45
|
|move|p1a: Angela|Play Rough|p2a: Chesnaught|[miss]
|-miss|p1a: Angela|p2a: Chesnaught
|-curestatus|p2a: Chesnaught|slp
|move|p2a: Chesnaught|Drain Punch|p1a: Angela
|-supereffective|p1a: Angela
|-damage|p1a: Angela|1\/271
|
|turn|46
|c|âubers ez|sry
|
|move|p2a: Chesnaught|Spiky Shield|p2a: Chesnaught
|-singleturn|p2a: Chesnaught|move: Protect
|move|p1a: Angela|Will-O-Wisp|p2a: Chesnaught
|-activate|p2a: Chesnaught|move: Protect
|
|turn|47
|
|switch|p2a: Entei|Entei, shiny|279\/371
|-damage|p2a: Entei|187\/371|[from] Stealth Rock
|-ability|p2a: Entei|Pressure
|move|p1a: Angela|Will-O-Wisp|p2a: Entei|[miss]
|-miss|p1a: Angela|p2a: Entei
|
|turn|48
|
|move|p1a: Angela|Protect|p1a: Angela
|-singleturn|p1a: Angela|Protect
|move|p2a: Entei|Extreme Speed|p1a: Angela
|-activate|p1a: Angela|Protect
|
|turn|49
|
|switch|p1a: Rodolfo|Donphan, M|326\/383
|switch|p2a: Chesnaught|Chesnaught, F|380\/380
|-damage|p2a: Chesnaught|357\/380|[from] Stealth Rock
|
|-heal|p2a: Chesnaught|380\/380|[from] item: Leftovers
|-heal|p1a: Rodolfo|349\/383|[from] item: Leftovers
|turn|50
|
|move|p2a: Chesnaught|Leech Seed|p1a: Rodolfo
|-start|p1a: Rodolfo|move: Leech Seed
|move|p1a: Rodolfo|Knock Off|p2a: Chesnaught
|-resisted|p2a: Chesnaught
|-damage|p2a: Chesnaught|352\/380
|-enditem|p2a: Chesnaught|Leftovers|[from] move: Knock Off|[of] p1a: Rodolfo
|
|-heal|p1a: Rodolfo|372\/383|[from] item: Leftovers
|-damage|p1a: Rodolfo|325\/383|[from] Leech Seed|[of] p2a: Chesnaught
|-heal|p2a: Chesnaught|380\/380|[silent]
|turn|51
|
|move|p2a: Chesnaught|Leech Seed|p1a: Rodolfo
|-fail|p1a: Rodolfo
|move|p1a: Rodolfo|Rapid Spin|p2a: Chesnaught
|-damage|p2a: Chesnaught|367\/380
|-end|p1a: Rodolfo|Leech Seed|[from] move: Rapid Spin|[of] p1a: Rodolfo
|
|-heal|p1a: Rodolfo|348\/383|[from] item: Leftovers
|turn|52
|
|switch|p1a: Uzzzi|Uxie|207\/353
|move|p2a: Chesnaught|Drain Punch|p1a: Uzzzi
|-resisted|p1a: Uzzzi
|-damage|p1a: Uzzzi|172\/353
|-heal|p2a: Chesnaught|380\/380|[from] drain|[of] p1a: Uzzzi
|
|-heal|p1a: Uzzzi|194\/353|[from] item: Leftovers
|turn|53
|
|move|p1a: Uzzzi|Yawn|p2a: Chesnaught
|-start|p2a: Chesnaught|move: Yawn|[of] p1a: Uzzzi
|move|p2a: Chesnaught|Spikes|p1a: Uzzzi
|-sidestart|p1: Mlle Noob|Spikes
|
|-heal|p1a: Uzzzi|216\/353|[from] item: Leftovers
|turn|54
|
|switch|p1a: Musho|Raikou, shiny|135\/321
|-damage|p1a: Musho|95\/321|[from] Spikes
|-ability|p1a: Musho|Pressure
|move|p2a: Chesnaught|Leech Seed|p1a: Musho
|-start|p1a: Musho|move: Leech Seed
|
|-status|p2a: Chesnaught|slp
|-heal|p1a: Musho|115\/321|[from] item: Leftovers
|-damage|p1a: Musho|75\/321|[from] Leech Seed|[of] p2a: Chesnaught
|turn|55
|
|switch|p1a: Trolltoad|Seismitoad, F|156\/405
|-damage|p1a: Trolltoad|106\/405|[from] Spikes
|switch|p2a: Blissey|Blissey, F|545\/714
|-damage|p2a: Blissey|456\/714|[from] Stealth Rock
|
|-heal|p1a: Trolltoad|131\/405|[from] item: Leftovers
|-heal|p2a: Blissey|500\/714|[from] item: Leftovers
|turn|56
|
|move|p1a: Trolltoad|Substitute|p1a: Trolltoad
|-start|p1a: Trolltoad|Substitute
|-damage|p1a: Trolltoad|30\/405
|move|p2a: Blissey|Seismic Toss|p1a: Trolltoad
|-activate|p1a: Trolltoad|Substitute|[damage]
|
|-heal|p1a: Trolltoad|55\/405|[from] item: Leftovers
|-heal|p2a: Blissey|544\/714|[from] item: Leftovers
|turn|57
|
|-singleturn|p1a: Trolltoad|move: Focus Punch
|switch|p2a: Noivern|Noivern, F|212\/311
|-damage|p2a: Noivern|135\/311|[from] Stealth Rock
|move|p1a: Trolltoad|Focus Punch|p2a: Noivern
|-resisted|p2a: Noivern
|-damage|p2a: Noivern|50\/311
|
|-heal|p1a: Trolltoad|80\/405|[from] item: Leftovers
|turn|58
|
|switch|p1a: Uzzzi|Uxie|216\/353
|move|p2a: Noivern|Hyper Voice|p1a: Uzzzi
|-damage|p1a: Uzzzi|137\/353
|
|-heal|p1a: Uzzzi|159\/353|[from] item: Leftovers
|turn|59
|
|move|p2a: Noivern|Hyper Voice|p1a: Uzzzi
|-damage|p1a: Uzzzi|74\/353
|move|p1a: Uzzzi|Yawn|p2a: Noivern
|-start|p2a: Noivern|move: Yawn|[of] p1a: Uzzzi
|
|-heal|p1a: Uzzzi|96\/353|[from] item: Leftovers
|turn|60
|
|move|p2a: Noivern|Hyper Voice|p1a: Uzzzi
|-damage|p1a: Uzzzi|13\/353
|move|p1a: Uzzzi|U-turn|p2a: Noivern
|-resisted|p2a: Noivern
|-damage|p2a: Noivern|23\/311
|
|switch|p1a: Rodolfo|Donphan, M|348\/383
|-damage|p1a: Rodolfo|301\/383|[from] Spikes
|
|-message|Sleep Clause Mod activated.
|-heal|p1a: Rodolfo|324\/383|[from] item: Leftovers
|turn|61
|
|move|p2a: Noivern|Hyper Voice|p1a: Rodolfo
|-damage|p1a: Rodolfo|144\/383
|move|p1a: Rodolfo|Roar|p2a: Noivern
|drag|p2a: Chesnaught|Chesnaught, F|380\/380 slp
|-damage|p2a: Chesnaught|357\/380 slp|[from] Stealth Rock
|
|-heal|p1a: Rodolfo|167\/383|[from] item: Leftovers
|turn|62
|
|cant|p2a: Chesnaught|slp
|move|p1a: Rodolfo|Rapid Spin|p2a: Chesnaught
|-damage|p2a: Chesnaught|344\/380 slp
|-sideend|p1: Mlle Noob|Spikes|[from] move: Rapid Spin|[of] p1a: Rodolfo
|
|-heal|p1a: Rodolfo|190\/383|[from] item: Leftovers
|turn|63
|
|switch|p1a: Angela|Absol-Mega, F|1\/271
|cant|p2a: Chesnaught|slp
|
|turn|64
|
|switch|p2a: Entei|Entei, shiny|187\/371
|-damage|p2a: Entei|95\/371|[from] Stealth Rock
|-ability|p2a: Entei|Pressure
|move|p1a: Angela|Play Rough|p2a: Entei
|-resisted|p2a: Entei
|-damage|p2a: Entei|22\/371
|
|turn|65
|
|move|p1a: Angela|Protect|p1a: Angela
|-singleturn|p1a: Angela|Protect
|move|p2a: Entei|Sacred Fire|p1a: Angela
|-activate|p1a: Angela|Protect
|
|turn|66
|
|move|p1a: Angela|Sucker Punch|p2a: Entei
|-damage|p2a: Entei|0 fnt
|faint|p2a: Entei
|
|c|âubers ez|gg
|-message|ubers ez forfeited.
|
|win|Mlle Noob
|raw|Ladder updating...
|c|âMlle Noob|lo
|raw|Mlle Noob's rating: 1216 &rarr; <strong>1245<\/strong><br \/>(+29 for winning)
|raw|ubers ez's rating: 1268 &rarr; <strong>1240<\/strong><br \/>(-28 for losing)
|c|âMlle Noob|lololol
|c|âubers ez|?
|c|âMlle Noob|tiene hax y todas las de ganar y se rinde
|c|âubers ez|what
|c|âMlle Noob|you have all to win
|c|âubers ez|what do i have
|c|âMlle Noob|Chesnaug wall all my team
|c|âubers ez|but it takes me too long
|c|âMlle Noob|absol play rough is weak
|c|âMlle Noob|lol my team is fuck
|c|âubers ez|nah
|c|âMlle Noob|all low hp
|c|âubers ez|but will o wisp
|c|âubers ez|dont want to win with hax
|c|âMlle Noob|whit your luck sure miss
|c|âubers ez|gg
|c|âMlle Noob|but entei speed extreme is the sure choice
|c|âMlle Noob|gg
|leave|ubers ez
|player|p2