|join|Shedinja LMOA
|join|LiberalLucario
|player|p1|Shedinja LMOA|160
|player|p2|LiberalLucario|290
|gametype|singles
|gen|6
|tier|UU
|rule|Sleep Clause Mod: Limit one foe put to sleep
|rule|Species Clause: Limit one of each PokÃ©mon
|rule|OHKO Clause: OHKO moves are banned
|rule|Moody Clause: Moody is banned
|rule|Evasion Moves Clause: Evasion moves are banned
|rule|Endless Battle Clause: Forcing endless battles is banned
|rule|HP Percentage Mod: HP is shown in percentages
|clearpoke
|poke|p1|Shedinja
|poke|p1|Aggron, M
|poke|p1|Tentacruel, M
|poke|p1|Aromatisse, F
|poke|p1|Xatu, M
|poke|p1|Snorlax, M
|poke|p2|Gallade, M
|poke|p2|Magneton
|poke|p2|Gligar, F
|poke|p2|Hydreigon, M
|poke|p2|Starmie
|poke|p2|Jirachi
|rule|Swagger Clause: Swagger is banned
|rule|Baton Pass Clause: Limit one PokÃ©mon knowing Baton Pass
|teampreview
|c|âLiberalLucario|mfw
|join|So Dynamic
|join|Dudeman130498
|c|âLiberalLucario|fuck sheddy
|join|roast toast
|join|Zebra Nadeau
|c|âShedinja LMOA|lol
|
|start
|switch|p1a: Tentacruel|Tentacruel, M|364\/364
|switch|p2a: Jirachi|Jirachi|403\/403
|turn|1
|
|switch|p2a: Starmie|Starmie|324\/324
|move|p1a: Tentacruel|Toxic Spikes|p2a: Starmie
|-sidestart|p2: LiberalLucario|move: Toxic Spikes
|
|turn|2
|c|âLiberalLucario|oh jeez
|c|âLiberalLucario|i can't spin these away
|c|âLiberalLucario|rip
|c| Dudeman130498|gg
|
|switch|p2a: Jirachi|Jirachi|403\/403
|switch|p1a: _(ã)_\/Â¯|Shedinja|1\/1
|
|turn|3
|
|switch|p1a: Aggron|Aggron, M|344\/344
|move|p2a: Jirachi|Fire Punch|p1a: Aggron
|-damage|p1a: Aggron|309\/344
|
|turn|4
|c|âLiberalLucario|burn
|c|âLiberalLucario|fukin
|c|âLiberalLucario|not even burning
|
|switch|p2a: Gligar|Gligar, F|334\/334
|detailschange|p1a: Aggron|Aggron-Mega, M
|message|Aggron has Mega Evolved into Mega Aggron!
|move|p1a: Aggron|Stealth Rock|p2a: Gligar
|-sidestart|p2: LiberalLucario|move: Stealth Rock
|
|turn|5
|
|switch|p1a: Xatu|Xatu, M|333\/333
|move|p2a: Gligar|U-turn|p1a: Xatu
|-damage|p1a: Xatu|296\/333
|-damage|p2a: Gligar|279\/334|[from] item: Rocky Helmet|[of] p1a: Xatu
|c|âShedinja LMOA|chip dmg
|
|switch|p2a: Jirachi|Jirachi|403\/403
|-damage|p2a: Jirachi|378\/403|[from] Stealth Rock
|
|-heal|p2a: Jirachi|403\/403|[from] item: Leftovers
|turn|6
|
|switch|p1a: Tentacruel|Tentacruel, M|364\/364
|move|p2a: Jirachi|Substitute|p2a: Jirachi
|-start|p2a: Jirachi|Substitute
|-damage|p2a: Jirachi|303\/403
|
|-heal|p2a: Jirachi|328\/403|[from] item: Leftovers
|turn|7
|
|move|p2a: Jirachi|Iron Head|p1a: Tentacruel
|-resisted|p1a: Tentacruel
|-damage|p1a: Tentacruel|300\/364
|cant|p1a: Tentacruel|flinch
|
|-heal|p2a: Jirachi|353\/403|[from] item: Leftovers
|-heal|p1a: Tentacruel|322\/364|[from] item: Black Sludge
|turn|8
|c|âShedinja LMOA|aids set
|join|Eren Swaeger
|leave|Zebra Nadeau
|
|switch|p1a: Snorlax|Snorlax, M|497\/497
|move|p2a: Jirachi|Iron Head|p1a: Snorlax
|-damage|p1a: Snorlax|388\/497
|
|-heal|p2a: Jirachi|378\/403|[from] item: Leftovers
|-heal|p1a: Snorlax|419\/497|[from] item: Leftovers
|turn|9
|
|move|p2a: Jirachi|Iron Head|p1a: Snorlax
|-damage|p1a: Snorlax|320\/497
|cant|p1a: Snorlax|flinch
|
|-heal|p2a: Jirachi|403\/403|[from] item: Leftovers
|-heal|p1a: Snorlax|351\/497|[from] item: Leftovers
|turn|10
|c| roast toast|gg
|
|switch|p1a: _(ã)_\/Â¯|Shedinja|1\/1
|move|p2a: Jirachi|Iron Head|p1a: _(ã)_\/Â¯
|-activate|p1a: _(ã)_\/Â¯|ability: Wonder Guard
|
|turn|11
|
|switch|p1a: Xatu|Xatu, M|296\/333
|move|p2a: Jirachi|Fire Punch|p1a: Xatu
|-damage|p1a: Xatu|245\/333
|-damage|p2a: Jirachi|336\/403|[from] item: Rocky Helmet|[of] p1a: Xatu
|
|-heal|p2a: Jirachi|361\/403|[from] item: Leftovers
|turn|12
|
|move|p2a: Jirachi|Iron Head|p1a: Xatu
|-damage|p1a: Xatu|161\/333
|-damage|p2a: Jirachi|294\/403|[from] item: Rocky Helmet|[of] p1a: Xatu
|move|p1a: Xatu|Night Shade|p2a: Jirachi
|-end|p2a: Jirachi|Substitute
|
|-heal|p2a: Jirachi|319\/403|[from] item: Leftovers
|turn|13
|c| Eren Swaeger|That teams Ebola
|c| Eren Swaeger|tf
|c|âLiberalLucario|rip
|c| Dudeman130498|nice subs
|c|âShedinja LMOA|max hp where
|c|âLiberalLucario|i'm
|c|âLiberalLucario|248 hp
|c|âLiberalLucario|by accident
|c|âLiberalLucario|i think
|c|âShedinja LMOA|lol
|
|move|p2a: Jirachi|Iron Head|p1a: Xatu
|-damage|p1a: Xatu|80\/333
|-damage|p2a: Jirachi|252\/403|[from] item: Rocky Helmet|[of] p1a: Xatu
|cant|p1a: Xatu|flinch
|
|-heal|p2a: Jirachi|277\/403|[from] item: Leftovers
|turn|14
|
|switch|p1a: Snorlax|Snorlax, M|351\/497
|move|p2a: Jirachi|Iron Head|p1a: Snorlax
|-damage|p1a: Snorlax|248\/497
|
|-heal|p2a: Jirachi|302\/403|[from] item: Leftovers
|-heal|p1a: Snorlax|279\/497|[from] item: Leftovers
|turn|15
|
|move|p2a: Jirachi|Iron Head|p1a: Snorlax
|-damage|p1a: Snorlax|176\/497
|cant|p1a: Snorlax|flinch
|
|-heal|p2a: Jirachi|327\/403|[from] item: Leftovers
|-heal|p1a: Snorlax|207\/497|[from] item: Leftovers
|turn|16
|
|move|p2a: Jirachi|Iron Head|p1a: Snorlax
|-damage|p1a: Snorlax|96\/497
|cant|p1a: Snorlax|flinch
|
|-heal|p2a: Jirachi|352\/403|[from] item: Leftovers
|-heal|p1a: Snorlax|127\/497|[from] item: Leftovers
|turn|17
|c|âShedinja LMOA|stop
|c|âShedinja LMOA|being
|c| roast toast|skil
|c|âShedinja LMOA|aids
|c| roast toast|skill
|c|âLiberalLucario|yeah
|c|âLiberalLucario|skill imo
|
|move|p2a: Jirachi|Iron Head|p1a: Snorlax
|-damage|p1a: Snorlax|19\/497
|cant|p1a: Snorlax|flinch
|
|-heal|p2a: Jirachi|377\/403|[from] item: Leftovers
|-heal|p1a: Snorlax|50\/497|[from] item: Leftovers
|turn|18
|join|BurstStream
|
|switch|p1a: Aggron|Aggron-Mega, M|309\/344
|move|p2a: Jirachi|Iron Head|p1a: Aggron
|-resisted|p1a: Aggron
|-damage|p1a: Aggron|287\/344
|
|-heal|p2a: Jirachi|402\/403|[from] item: Leftovers
|turn|19
|
|switch|p2a: Starmie|Starmie|324\/324
|-status|p2a: Starmie|psn
|-damage|p2a: Starmie|284\/324 psn|[from] Stealth Rock
|move|p1a: Aggron|Roar|p2a: Starmie
|drag|p2a: Gallade|Gallade, M|277\/277
|-status|p2a: Gallade|psn
|-damage|p2a: Gallade|260\/277 psn|[from] Stealth Rock
|
|-damage|p2a: Gallade|226\/277 psn|[from] psn
|turn|20
|c| Eren Swaeger|Needs more rocky helm
|c| BurstStream|Meowiekins pls
|
|switch|p1a: Aromatisse|Aromatisse, F|406\/406
|detailschange|p2a: Gallade|Gallade-Mega, M
|message|Gallade has Mega Evolved into Mega Gallade!
|move|p2a: Gallade|Shadow Sneak|p1a: Aromatisse
|-damage|p1a: Aromatisse|357\/406
|
|-heal|p1a: Aromatisse|382\/406|[from] item: Leftovers
|-damage|p2a: Gallade|192\/277 psn|[from] psn
|turn|21
|c|âLiberalLucario|aww
|c|âLiberalLucario|thought i might catch sheddy
|c|âShedinja LMOA|lolno
|c| BurstStream|Dat dmg
|c| BurstStream|was to reall
|
|switch|p2a: Jirachi|Jirachi|402\/403
|-damage|p2a: Jirachi|377\/403|[from] Stealth Rock
|move|p1a: Aromatisse|Wish|p1a: Aromatisse
|
|-heal|p2a: Jirachi|402\/403|[from] item: Leftovers
|-heal|p1a: Aromatisse|406\/406|[from] item: Leftovers
|turn|22
|
|switch|p1a: Aggron|Aggron-Mega, M|287\/344
|move|p2a: Jirachi|Fire Punch|p1a: Aggron
|-supereffective|p1a: Aggron
|-damage|p1a: Aggron|242\/344
|
|-heal|p1a: Aggron|344\/344|[from] move: Wish|[wisher] Aromatisse
|-heal|p2a: Jirachi|403\/403|[from] item: Leftovers
|turn|23
|c|âLiberalLucario|mfw
|c|âLiberalLucario|im not eve
|c|âLiberalLucario|burning
|c|âShedinja LMOA|mfw
|c|âShedinja LMOA|you flinched two mons
|c|âShedinja LMOA|to deth
|
|move|p2a: Jirachi|Fire Punch|p1a: Aggron
|-supereffective|p1a: Aggron
|-damage|p1a: Aggron|301\/344
|move|p1a: Aggron|Roar|p2a: Jirachi
|drag|p2a: Starmie|Starmie|284\/324
|-damage|p2a: Starmie|244\/324|[from] Stealth Rock
|-status|p2a: Starmie|psn
|
|-heal|p2a: Starmie|264\/324 psn|[from] item: Leftovers
|-damage|p2a: Starmie|224\/324 psn|[from] psn
|turn|24
|
|switch|p1a: _(ã)_\/Â¯|Shedinja|1\/1
|move|p2a: Starmie|Recover|p2a: Starmie
|-heal|p2a: Starmie|324\/324 psn
|
|-damage|p2a: Starmie|284\/324 psn|[from] psn
|turn|25
|c| Eren Swaeger|>Implying 2 mons are ded
|
|switch|p2a: Jirachi|Jirachi|403\/403
|-damage|p2a: Jirachi|378\/403|[from] Stealth Rock
|move|p1a: _(ã)_\/Â¯|Will-O-Wisp|p2a: Jirachi|[miss]
|-miss|p1a: _(ã)_\/Â¯|p2a: Jirachi
|
|-heal|p2a: Jirachi|403\/403|[from] item: Leftovers
|turn|26
|c|âLiberalLucario|WHAT
|c|âShedinja LMOA|YOU FUCKING
|c|âLiberalLucario|WHAT
|c|âShedinja LMOA|WOT
|c|âLiberalLucario|WHAT
|c| roast toast|hnnnng
|c|âLiberalLucario|WHAT
|c|âShedinja LMOA|M8
|c|âLiberalLucario|WHAT
|c|âShedinja LMOA|let me
|c|âLiberalLucario|WHAT
|c| Dudeman130498|good player alert
|c|âShedinja LMOA|burn
|c|âLiberalLucario|WHAT
|c|âShedinja LMOA|you fucker
|c|âLiberalLucario|WHAT
|c| roast toast|iron head
|c| roast toast|be a ma,
|c|âLiberalLucario|sigh
|c| roast toast|man
|c|âLiberalLucario|shit sets
|c| Dudeman130498|shit player
|c| Eren Swaeger|dayum
|
|switch|p1a: Aggron|Aggron-Mega, M|301\/344
|move|p2a: Jirachi|Fire Punch|p1a: Aggron
|-supereffective|p1a: Aggron
|-damage|p1a: Aggron|255\/344
|
|turn|27
|c|âShedinja LMOA|zzzzzzzz
|c| Eren Swaeger|That shedinja needs to be more trained
|join|OG_Wanka
|
|switch|p2a: Gligar|Gligar, F|279\/334
|-damage|p2a: Gligar|238\/334|[from] Stealth Rock
|move|p1a: Aggron|Roar|p2a: Gligar
|drag|p2a: Gallade|Gallade-Mega, M|192\/277 psn
|-damage|p2a: Gallade|175\/277 psn|[from] Stealth Rock
|
|-damage|p2a: Gallade|141\/277 psn|[from] psn
|turn|28
|
|switch|p1a: Aromatisse|Aromatisse, F|406\/406
|move|p2a: Gallade|Close Combat|p1a: Aromatisse
|-resisted|p1a: Aromatisse
|-damage|p1a: Aromatisse|287\/406
|-unboost|p2a: Gallade|def|1
|-unboost|p2a: Gallade|spd|1
|
|-heal|p1a: Aromatisse|312\/406|[from] item: Leftovers
|-damage|p2a: Gallade|107\/277 psn|[from] psn
|turn|29
|c|âLiberalLucario|oh god
|c|âLiberalLucario|that did 0
|c| Dudeman130498|making bad plays
|
|switch|p2a: Jirachi|Jirachi|403\/403
|-damage|p2a: Jirachi|378\/403|[from] Stealth Rock
|move|p1a: Aromatisse|Wish|p1a: Aromatisse
|
|-heal|p2a: Jirachi|403\/403|[from] item: Leftovers
|-heal|p1a: Aromatisse|337\/406|[from] item: Leftovers
|turn|30
|c| Dudeman130498|just to win by flinching
|
|switch|p1a: Aggron|Aggron-Mega, M|255\/344
|move|p2a: Jirachi|Iron Head|p1a: Aggron
|-resisted|p1a: Aggron
|-damage|p1a: Aggron|231\/344
|
|-heal|p1a: Aggron|344\/344|[from] move: Wish|[wisher] Aromatisse
|turn|31
|c|âLiberalLucario|tbh
|c|âShedinja LMOA|if this was burned
|c|âShedinja LMOA|it was gg
|c|âShedinja LMOA|lmoa
|c|âLiberalLucario|this team matchup is shit
|c| Dudeman130498|hello
|c|âLiberalLucario|because you have a sheddy
|c| Dudeman130498|just win with this
|c| roast toast|>team matchup
|c| roast toast|pls
|
|move|p2a: Jirachi|Fire Punch|p1a: Aggron
|-supereffective|p1a: Aggron
|-damage|p1a: Aggron|299\/344
|move|p1a: Aggron|Roar|p2a: Jirachi
|drag|p2a: Hydreigon|Hydreigon, M|325\/325
|-damage|p2a: Hydreigon|285\/325|[from] Stealth Rock
|
|turn|32
|
|switch|p1a: Snorlax|Snorlax, M|50\/497
|move|p2a: Hydreigon|Fire Blast|p1a: Snorlax
|-damage|p1a: Snorlax|3\/497
|
|-heal|p1a: Snorlax|34\/497|[from] item: Leftovers
|turn|33
|c|âShedinja LMOA|lmoa
|c|âShedinja LMOA|nice dmg
|c|âLiberalLucario|rip
|c| Dudeman130498|nice meme
|c|âShedinja LMOA|ez dodge
|
|move|p2a: Hydreigon|Fire Blast|p1a: Snorlax
|-damage|p1a: Snorlax|0 fnt
|faint|p1a: Snorlax
|
|c| roast toast|miss
|c|âShedinja LMOA|wowowow
|c| Eren Swaeger|lol
|join|Starmie Sweep
|
|switch|p1a: Tentacruel|Tentacruel, M|322\/364
|turn|34
|c| Dudeman130498|if you don't double to shedinja right here
|
|switch|p2a: Magneton|Magneton|241\/241
|-damage|p2a: Magneton|226\/241|[from] Stealth Rock
|move|p1a: Tentacruel|Scald|p2a: Magneton
|-crit|p2a: Magneton
|-damage|p2a: Magneton|123\/241
|
|-heal|p1a: Tentacruel|344\/364|[from] item: Black Sludge
|turn|35
|c|âLiberalLucario|not
|c|âLiberalLucario|rel enuff
|c| Eren Swaeger|Nice crit
|c|âShedinja LMOA|internet
|c|âShedinja LMOA|pls
|c| Dudeman130498|nice xcuse
|c| Dudeman130498|both bad christ
|leave|Dudeman130498
|c|âLiberalLucario|rip dod
|c|âShedinja LMOA|net died
|c|âShedinja LMOA|zoz
|c|âShedinja LMOA|how is scald
|c|âShedinja LMOA|a bad play
|c|âShedinja LMOA|lmoa
|
|switch|p1a: _(ã)_\/Â¯|Shedinja|1\/1
|switch|p2a: Hydreigon|Hydreigon, M|285\/325
|-damage|p2a: Hydreigon|245\/325|[from] Stealth Rock
|
|turn|36
|c| OG_Wanka|hp fire here
|c| OG_Wanka|wtf
|
|switch|p1a: Aromatisse|Aromatisse, F|337\/406
|move|p2a: Hydreigon|Dark Pulse|p1a: Aromatisse
|-resisted|p1a: Aromatisse
|-damage|p1a: Aromatisse|257\/406
|
|-heal|p1a: Aromatisse|282\/406|[from] item: Leftovers
|turn|37
|
|switch|p2a: Jirachi|Jirachi|403\/403
|-damage|p2a: Jirachi|378\/403|[from] Stealth Rock
|move|p1a: Aromatisse|Wish|p1a: Aromatisse
|
|-heal|p2a: Jirachi|403\/403|[from] item: Leftovers
|-heal|p1a: Aromatisse|307\/406|[from] item: Leftovers
|turn|38
|
|switch|p1a: Aggron|Aggron-Mega, M|299\/344
|move|p2a: Jirachi|Substitute|p2a: Jirachi
|-start|p2a: Jirachi|Substitute
|-damage|p2a: Jirachi|303\/403
|
|-heal|p1a: Aggron|344\/344|[from] move: Wish|[wisher] Aromatisse
|-heal|p2a: Jirachi|328\/403|[from] item: Leftovers
|turn|39
|
|move|p2a: Jirachi|Fire Punch|p1a: Aggron
|-supereffective|p1a: Aggron
|-damage|p1a: Aggron|302\/344
|-status|p1a: Aggron|brn
|move|p1a: Aggron|Roar|p2a: Jirachi
|drag|p2a: Gligar|Gligar, F|238\/334
|-damage|p2a: Gligar|197\/334|[from] Stealth Rock
|
|-damage|p1a: Aggron|259\/344 brn|[from] brn
|turn|40
|c|âLiberalLucario|finally
|c|âShedinja LMOA|nice hax
|
|switch|p1a: Aromatisse|Aromatisse, F|307\/406
|move|p2a: Gligar|Roost|p2a: Gligar
|-heal|p2a: Gligar|334\/334
|
|-heal|p1a: Aromatisse|332\/406|[from] item: Leftovers
|turn|41
|c| Eren Swaeger|Defog pls
|
|move|p2a: Gligar|U-turn|p1a: Aromatisse
|-resisted|p1a: Aromatisse
|-damage|p1a: Aromatisse|312\/406
|
|switch|p2a: Jirachi|Jirachi|328\/403
|-damage|p2a: Jirachi|303\/403|[from] Stealth Rock
|move|p1a: Aromatisse|Aromatherapy|p1a: Aromatisse
|-cureteam|p1a: Aromatisse|[from] move: Aromatherapy
|
|-heal|p2a: Jirachi|328\/403|[from] item: Leftovers
|-heal|p1a: Aromatisse|337\/406|[from] item: Leftovers
|turn|42
|
|move|p1a: Aromatisse|Protect|p1a: Aromatisse
|-singleturn|p1a: Aromatisse|Protect
|move|p2a: Jirachi|Fire Punch|p1a: Aromatisse
|-activate|p1a: Aromatisse|Protect
|
|-heal|p2a: Jirachi|353\/403|[from] item: Leftovers
|-heal|p1a: Aromatisse|362\/406|[from] item: Leftovers
|turn|43
|c| roast toast|only
|c| roast toast|17 fire punch left
|c| roast toast|imo
|c|âShedinja LMOA|and 12 iron head
|
|switch|p1a: Tentacruel|Tentacruel, M|344\/364
|move|p2a: Jirachi|Fire Punch|p1a: Tentacruel
|-resisted|p1a: Tentacruel
|-damage|p1a: Tentacruel|307\/364
|
|-heal|p2a: Jirachi|378\/403|[from] item: Leftovers
|-heal|p1a: Tentacruel|329\/364|[from] item: Black Sludge
|turn|44
|
|move|p2a: Jirachi|Iron Head|p1a: Tentacruel
|-resisted|p1a: Tentacruel
|-damage|p1a: Tentacruel|264\/364
|cant|p1a: Tentacruel|flinch
|
|-heal|p2a: Jirachi|403\/403|[from] item: Leftovers
|-heal|p1a: Tentacruel|286\/364|[from] item: Black Sludge
|turn|45
|c|âShedinja LMOA|youre really gonna flinch me...
|c|âLiberalLucario|no
|c|âLiberalLucario|i just want
|c|âLiberalLucario|a bit of prior damage
|
|switch|p1a: Aggron|Aggron-Mega, M|259\/344
|move|p2a: Jirachi|Iron Head|p1a: Aggron
|-resisted|p1a: Aggron
|-damage|p1a: Aggron|237\/344
|
|turn|46
|
|move|p2a: Jirachi|Fire Punch|p1a: Aggron
|-supereffective|p1a: Aggron
|-damage|p1a: Aggron|195\/344
|move|p1a: Aggron|Roar|p2a: Jirachi
|drag|p2a: Gligar|Gligar, F|334\/334
|-damage|p2a: Gligar|293\/334|[from] Stealth Rock
|
|turn|47
|
|switch|p1a: Aromatisse|Aromatisse, F|362\/406
|move|p2a: Gligar|Stealth Rock|p1a: Aromatisse
|-sidestart|p1: Shedinja LMOA|move: Stealth Rock
|
|-heal|p1a: Aromatisse|387\/406|[from] item: Leftovers
|turn|48
|
|move|p2a: Gligar|Earthquake|p1a: Aromatisse
|-damage|p1a: Aromatisse|299\/406
|move|p1a: Aromatisse|Wish|p1a: Aromatisse
|
|-heal|p1a: Aromatisse|324\/406|[from] item: Leftovers
|turn|49
|c|âShedinja LMOA|gg
|c|âLiberalLucario|you have spin
|c|âLiberalLucario|technically
|
|switch|p1a: Aggron|Aggron-Mega, M|195\/344
|-damage|p1a: Aggron|174\/344|[from] Stealth Rock
|move|p2a: Gligar|Earthquake|p1a: Aggron
|-supereffective|p1a: Aggron
|-damage|p1a: Aggron|101\/344
|
|-heal|p1a: Aggron|304\/344|[from] move: Wish|[wisher] Aromatisse
|turn|50
|
|move|p2a: Gligar|Earthquake|p1a: Aggron
|-supereffective|p1a: Aggron
|-damage|p1a: Aggron|235\/344
|move|p1a: Aggron|Toxic|p2a: Gligar
|-fail|p2a: Gligar
|
|turn|51
|c|âLiberalLucario|rip.
|c|âShedinja LMOA|immunity
|c|âShedinja LMOA|lmoa
|c|âLiberalLucario|well
|c| BurstStream|And you have Phsyical Bulk Estraordianaire
|c|âLiberalLucario|why would i run hyper cutter
|c|âLiberalLucario|with stealth rock
|c|âLiberalLucario|think before you move imo
|
|switch|p1a: Aromatisse|Aromatisse, F|324\/406
|-damage|p1a: Aromatisse|274\/406|[from] Stealth Rock
|move|p2a: Gligar|Earthquake|p1a: Aromatisse
|-damage|p1a: Aromatisse|186\/406
|
|-heal|p1a: Aromatisse|211\/406|[from] item: Leftovers
|turn|52
|c| BurstStream|Becuase you forgot
|c| BurstStream|you are not defog
|
|move|p2a: Gligar|U-turn|p1a: Aromatisse
|-resisted|p1a: Aromatisse
|-damage|p1a: Aromatisse|191\/406
|c| BurstStream|and you think you need to run Hyper Cutter?
|
|switch|p2a: Magneton|Magneton|123\/241
|-damage|p2a: Magneton|108\/241|[from] Stealth Rock
|move|p1a: Aromatisse|Wish|p1a: Aromatisse
|
|-heal|p1a: Aromatisse|216\/406|[from] item: Leftovers
|turn|53
|
|move|p1a: Aromatisse|Protect|p1a: Aromatisse
|-singleturn|p1a: Aromatisse|Protect
|move|p2a: Magneton|Thunderbolt|p1a: Aromatisse
|-activate|p1a: Aromatisse|Protect
|
|-heal|p1a: Aromatisse|406\/406|[from] move: Wish|[wisher] Aromatisse
|turn|54
|
|move|p2a: Magneton|Flash Cannon|p1a: Aromatisse
|-crit|p1a: Aromatisse
|-supereffective|p1a: Aromatisse
|-damage|p1a: Aromatisse|0 fnt
|faint|p1a: Aromatisse
|
|c|âLiberalLucario|rip
|c|âLiberalLucario|imo
|
|switch|p1a: Tentacruel|Tentacruel, M|286\/364
|-damage|p1a: Tentacruel|241\/364|[from] Stealth Rock
|turn|55
|
|move|p1a: Tentacruel|Rapid Spin|p2a: Magneton
|-crit|p2a: Magneton
|-resisted|p2a: Magneton
|-damage|p2a: Magneton|102\/241
|-sideend|p1: Shedinja LMOA|Stealth Rock|[from] move: Rapid Spin|[of] p1a: Tentacruel
|move|p2a: Magneton|Thunderbolt|p1a: Tentacruel
|-supereffective|p1a: Tentacruel
|-damage|p1a: Tentacruel|0 fnt
|faint|p1a: Tentacruel
|
|c| BurstStream|rest in Pepeornis
|c| BurstStream|ALSO CRIT MATTERED
|
|switch|p1a: _(ã)_\/Â¯|Shedinja|1\/1
|turn|56
|
|switch|p2a: Gallade|Gallade-Mega, M|107\/277 psn
|-damage|p2a: Gallade|90\/277 psn|[from] Stealth Rock
|move|p1a: _(ã)_\/Â¯|Will-O-Wisp|p2a: Gallade
|-fail|p2a: Gallade
|
|-damage|p2a: Gallade|56\/277 psn|[from] psn
|turn|57
|c| Starmie Sweep|Betting that your opponent made errors in teambuilder: numeta
|c| roast toast|crit the rachi
|
|switch|p1a: Xatu|Xatu, M|80\/333
|move|p2a: Gallade|Shadow Sneak|p1a: Xatu
|-supereffective|p1a: Xatu
|-damage|p1a: Xatu|0 fnt
|-damage|p2a: Gallade|10\/277 psn|[from] item: Rocky Helmet|[of] p1a: Xatu
|faint|p1a: Xatu
|
|-damage|p2a: Gallade|0 fnt|[from] psn
|faint|p2a: Gallade
|c| BurstStream|Nice Will-Whisp
|c|âShedinja LMOA|fkn wisp miss
|
|switch|p2a: Hydreigon|Hydreigon, M|245\/325
|switch|p1a: _(ã)_\/Â¯|Shedinja|1\/1
|-damage|p2a: Hydreigon|205\/325|[from] Stealth Rock
|turn|58
|
|move|p2a: Hydreigon|Dark Pulse|p1a: _(ã)_\/Â¯
|-supereffective|p1a: _(ã)_\/Â¯
|-enditem|p1a: _(ã)_\/Â¯|Focus Sash
|-damage|p1a: _(ã)_\/Â¯|1\/1
|move|p1a: _(ã)_\/Â¯|X-Scissor|p2a: Hydreigon
|-supereffective|p2a: Hydreigon
|-damage|p2a: Hydreigon|0 fnt
|faint|p2a: Hydreigon
|
|
|switch|p2a: Jirachi|Jirachi|403\/403
|-damage|p2a: Jirachi|378\/403|[from] Stealth Rock
|turn|59
|
|switch|p1a: Aggron|Aggron-Mega, M|235\/344
|move|p2a: Jirachi|Fire Punch|p1a: Aggron
|-supereffective|p1a: Aggron
|-damage|p1a: Aggron|190\/344
|
|-heal|p2a: Jirachi|403\/403|[from] item: Leftovers
|turn|60
|c|âShedinja LMOA|quite literally lost me the game
|c|âLiberalLucario|lol
|c|âLiberalLucario|mfw
|
|switch|p1a: _(ã)_\/Â¯|Shedinja|1\/1
|move|p2a: Jirachi|Fire Punch|p1a: _(ã)_\/Â¯
|-supereffective|p1a: _(ã)_\/Â¯
|-damage|p1a: _(ã)_\/Â¯|0 fnt
|faint|p1a: _(ã)_\/Â¯
|
|c| roast toast|it's true
|c| roast toast|though
|c|âLiberalLucario|just gonna hax my opponents
|c|âShedinja LMOA|gg
|c|âLiberalLucario|and win
|
|switch|p1a: Aggron|Aggron-Mega, M|190\/344
|turn|61
|-message|Shedinja LMOA forfeited.
|
|move|p2a: Jirachi|Fire Punch|p1a: Aggron
|-supereffective|p1a: Aggron
|-damage|p1a: Aggron|148\/344
|-status|p1a: Aggron|brn
|move|p1a: Aggron|Stealth Rock|p2a: Jirachi
|-fail|p2a: Jirachi
|
|-damage|p1a: Aggron|105\/344 brn|[from] brn
|turn|62
|
|win|LiberalLucario
|leave|Starmie Sweep
|leave|LiberalLucario
|player|p2
|leave|roast toast
|join|Cell in a Hell
|leave|So Dynamic
|leave|Cell in a Hell
|leave|BurstStream
|leave|OG_Wanka
|join|Swag test account