|join|Meruu
|join|Shedinja LMOA
|player|p1|Meruu|174
|player|p2|Shedinja LMOA|160
|gametype|singles
|gen|6
|tier|UU
|rule|Sleep Clause Mod: Limit one foe put to sleep
|rule|Species Clause: Limit one of each PokÃ©mon
|rule|OHKO Clause: OHKO moves are banned
|rule|Moody Clause: Moody is banned
|rule|Evasion Moves Clause: Evasion moves are banned
|rule|Endless Battle Clause: Forcing endless battles is banned
|rule|HP Percentage Mod: HP is shown in percentages
|clearpoke
|poke|p1|Bronzong
|poke|p1|Florges, F
|poke|p1|Entei, shiny
|poke|p1|Roserade, F
|poke|p1|Starmie
|poke|p1|Pidgeot, M
|poke|p2|Shedinja
|poke|p2|Aggron, M
|poke|p2|Tentacruel, M
|poke|p2|Aromatisse, M
|poke|p2|Xatu, M
|poke|p2|Snorlax, M
|rule|Swagger Clause: Swagger is banned
|rule|Baton Pass Clause: Limit one PokÃ©mon knowing Baton Pass
|teampreview
|join|LiberalLucario
|
|start
|switch|p1a: Entei|Entei, shiny|371\/371
|switch|p2a: Aggron|Aggron, M|344\/344
|-ability|p1a: Entei|Pressure
|turn|1
|
|switch|p2a: Snorlax|Snorlax, M|497\/497
|move|p1a: Entei|Sacred Fire|p2a: Snorlax
|-damage|p2a: Snorlax|343\/497
|
|-heal|p2a: Snorlax|374\/497|[from] item: Leftovers
|turn|2
|
|switch|p1a: Bronzong|Bronzong|338\/338
|move|p2a: Snorlax|Curse|p2a: Snorlax
|-boost|p2a: Snorlax|atk|1
|-boost|p2a: Snorlax|def|1
|-unboost|p2a: Snorlax|spe|1
|
|-heal|p2a: Snorlax|405\/497|[from] item: Leftovers
|turn|3
|
|move|p1a: Bronzong|Toxic|p2a: Snorlax
|-status|p2a: Snorlax|tox
|move|p2a: Snorlax|Curse|p2a: Snorlax
|-boost|p2a: Snorlax|atk|1
|-boost|p2a: Snorlax|def|1
|-unboost|p2a: Snorlax|spe|1
|
|-heal|p2a: Snorlax|436\/497 tox|[from] item: Leftovers
|-damage|p2a: Snorlax|405\/497 tox|[from] psn
|turn|4
|c|âMeruu|who needs phazing
|c|âMeruu|im just gonna hax u
|c|âMeruu|bop
|
|move|p1a: Bronzong|Stealth Rock|p2a: Snorlax
|-sidestart|p2: Shedinja LMOA|move: Stealth Rock
|move|p2a: Snorlax|Curse|p2a: Snorlax
|-boost|p2a: Snorlax|atk|1
|-boost|p2a: Snorlax|def|1
|-unboost|p2a: Snorlax|spe|1
|
|-heal|p2a: Snorlax|436\/497 tox|[from] item: Leftovers
|-damage|p2a: Snorlax|374\/497 tox|[from] psn
|turn|5
|join|wakeru
|c|âMeruu|also this probably won't
|c|âMeruu|end well
|c|âMeruu|rip
|
|move|p1a: Bronzong|Iron Head|p2a: Snorlax
|-damage|p2a: Snorlax|334\/497 tox
|move|p2a: Snorlax|Body Slam|p1a: Bronzong
|-resisted|p1a: Bronzong
|-damage|p1a: Bronzong|245\/338
|
|-heal|p1a: Bronzong|266\/338|[from] item: Leftovers
|-heal|p2a: Snorlax|365\/497 tox|[from] item: Leftovers
|-damage|p2a: Snorlax|272\/497 tox|[from] psn
|turn|6
|
|move|p1a: Bronzong|Iron Head|p2a: Snorlax
|-damage|p2a: Snorlax|233\/497 tox
|move|p2a: Snorlax|Rest|p2a: Snorlax
|-status|p2a: Snorlax|slp
|-heal|p2a: Snorlax|497\/497 slp|[silent]
|-status|p2a: Snorlax|slp|[from] move: Rest
|
|-heal|p1a: Bronzong|287\/338|[from] item: Leftovers
|turn|7
|
|switch|p1a: Pidgeot|Pidgeot, M|317\/317
|cant|p2a: Snorlax|slp
|move|p2a: Snorlax|Sleep Talk|p2a: Snorlax
|move|p2a: Snorlax|Rest|p2a: Snorlax|[from]Sleep Talk
|-fail|p2a: Snorlax
|
|turn|8
|c|âShedinja LMOA|ez slam here
|c|âShedinja LMOA|tbh
|
|detailschange|p1a: Pidgeot|Pidgeot-Mega, M
|message|Pidgeot has Mega Evolved into Mega Pidgeot!
|move|p1a: Pidgeot|Substitute|p1a: Pidgeot
|-start|p1a: Pidgeot|Substitute
|-damage|p1a: Pidgeot|238\/317
|cant|p2a: Snorlax|slp
|move|p2a: Snorlax|Sleep Talk|p2a: Snorlax
|move|p2a: Snorlax|Curse|p2a: Snorlax|[from]Sleep Talk
|-boost|p2a: Snorlax|atk|1
|-boost|p2a: Snorlax|def|1
|-unboost|p2a: Snorlax|spe|1
|
|turn|9
|c|âShedinja LMOA|O_O
|
|move|p1a: Pidgeot|Hurricane|p2a: Snorlax
|-damage|p2a: Snorlax|347\/497 slp
|-start|p2a: Snorlax|confusion
|-curestatus|p2a: Snorlax|slp
|-activate|p2a: Snorlax|confusion
|-damage|p2a: Snorlax|305\/497|[from] confusion
|
|-heal|p2a: Snorlax|336\/497|[from] item: Leftovers
|turn|10
|c|âShedinja LMOA|pls no
|c|âMeruu|bop
|c|âMeruu|told u
|
|move|p1a: Pidgeot|Hurricane|p2a: Snorlax
|-damage|p2a: Snorlax|203\/497
|-activate|p2a: Snorlax|confusion
|move|p2a: Snorlax|Body Slam|p1a: Pidgeot
|-end|p1a: Pidgeot|Substitute
|
|-heal|p2a: Snorlax|234\/497|[from] item: Leftovers
|turn|11
|c|âMeruu|dont say u wasnt warned
|c|âShedinja LMOA|true
|
|move|p1a: Pidgeot|Substitute|p1a: Pidgeot
|-start|p1a: Pidgeot|Substitute
|-damage|p1a: Pidgeot|159\/317
|-activate|p2a: Snorlax|confusion
|-damage|p2a: Snorlax|192\/497|[from] confusion
|
|-heal|p2a: Snorlax|223\/497|[from] item: Leftovers
|turn|12
|
|move|p1a: Pidgeot|Hurricane|p2a: Snorlax
|-damage|p2a: Snorlax|84\/497
|-end|p2a: Snorlax|confusion
|move|p2a: Snorlax|Rest|p2a: Snorlax
|-status|p2a: Snorlax|slp
|-heal|p2a: Snorlax|497\/497 slp|[silent]
|-status|p2a: Snorlax|slp|[from] move: Rest
|
|turn|13
|
|move|p1a: Pidgeot|Hurricane|p2a: Snorlax
|-damage|p2a: Snorlax|347\/497 slp
|-start|p2a: Snorlax|confusion
|cant|p2a: Snorlax|slp
|-activate|p2a: Snorlax|confusion
|move|p2a: Snorlax|Sleep Talk|p2a: Snorlax
|move|p2a: Snorlax|Body Slam|p1a: Pidgeot|[from]Sleep Talk
|-end|p1a: Pidgeot|Substitute
|
|-heal|p2a: Snorlax|378\/497 slp|[from] item: Leftovers
|turn|14
|c|âShedinja LMOA|>30% chance
|
|move|p1a: Pidgeot|Hurricane|p2a: Snorlax
|-damage|p2a: Snorlax|242\/497 slp
|cant|p2a: Snorlax|slp
|-activate|p2a: Snorlax|confusion
|-damage|p2a: Snorlax|203\/497 slp|[from] confusion
|
|-heal|p2a: Snorlax|234\/497 slp|[from] item: Leftovers
|turn|15
|join|Planet Hell
|
|move|p1a: Pidgeot|Hurricane|p2a: Snorlax
|-damage|p2a: Snorlax|84\/497 slp
|-curestatus|p2a: Snorlax|slp
|-end|p2a: Snorlax|confusion
|move|p2a: Snorlax|Rest|p2a: Snorlax
|-status|p2a: Snorlax|slp
|-heal|p2a: Snorlax|497\/497 slp|[silent]
|-status|p2a: Snorlax|slp|[from] move: Rest
|
|turn|16
|leave|Planet Hell
|
|move|p1a: Pidgeot|Hurricane|p2a: Snorlax
|-damage|p2a: Snorlax|347\/497 slp
|-start|p2a: Snorlax|confusion
|cant|p2a: Snorlax|slp
|-activate|p2a: Snorlax|confusion
|-damage|p2a: Snorlax|306\/497 slp|[from] confusion
|
|-heal|p2a: Snorlax|337\/497 slp|[from] item: Leftovers
|turn|17
|c|âShedinja LMOA|>30% chance
|
|move|p1a: Pidgeot|Hurricane|p2a: Snorlax
|-damage|p2a: Snorlax|198\/497 slp
|cant|p2a: Snorlax|slp
|-activate|p2a: Snorlax|confusion
|move|p2a: Snorlax|Sleep Talk|p2a: Snorlax
|move|p2a: Snorlax|Rest|p2a: Snorlax|[from]Sleep Talk
|-fail|p2a: Snorlax
|
|-heal|p2a: Snorlax|229\/497 slp|[from] item: Leftovers
|turn|18
|
|move|p1a: Pidgeot|Hurricane|p2a: Snorlax
|-damage|p2a: Snorlax|72\/497 slp
|-curestatus|p2a: Snorlax|slp
|-activate|p2a: Snorlax|confusion
|-damage|p2a: Snorlax|31\/497|[from] confusion
|
|-heal|p2a: Snorlax|62\/497|[from] item: Leftovers
|turn|19
|c|âMeruu|bop
|c|âMeruu|achieved
|c|âShedinja LMOA|rip
|c|âShedinja LMOA|im gonna go play isaac
|-message|Shedinja LMOA forfeited.
|
|win|Meruu
|c|âShedinja LMOA|gg