|join|Arisage
|join|Naxuj
|player|p1|Arisage|101
|player|p2|Naxuj|144
|gametype|singles
|gen|6
|tier|UU
|rated
|rule|Sleep Clause Mod: Limit one foe put to sleep
|rule|Species Clause: Limit one of each PokÃ©mon
|rule|OHKO Clause: OHKO moves are banned
|rule|Moody Clause: Moody is banned
|rule|Evasion Moves Clause: Evasion moves are banned
|rule|Endless Battle Clause: Forcing endless battles is banned
|rule|HP Percentage Mod: HP is shown in percentages
|clearpoke
|poke|p1|Klefki, M
|poke|p1|Darmanitan, F
|poke|p1|Sableye, F
|poke|p1|Cloyster, F
|poke|p1|Nidoking, M
|poke|p1|Lucario, M
|poke|p2|Beedrill, M
|poke|p2|Slowking, F
|poke|p2|Hippowdon, M
|poke|p2|Hydreigon, F
|poke|p2|Jolteon, M
|poke|p2|Snorlax, M
|rule|Swagger Clause: Swagger is banned
|rule|Baton Pass Clause: Limit one PokÃ©mon knowing Baton Pass
|teampreview
|
|start
|switch|p1a: Sableye|Sableye, F|304\/304
|switch|p2a: Hippowdon|Hippowdon, M|420\/420
|-weather|Sandstorm
|turn|1
|
|switch|p2a: Jolteon|Jolteon, M|272\/272
|detailschange|p1a: Sableye|Sableye-Mega, F
|message|Sableye has Mega Evolved into Mega Sableye!
|move|p1a: Sableye|Will-O-Wisp|p2a: Jolteon
|-status|p2a: Jolteon|brn
|
|-weather|Sandstorm|[upkeep]
|-damage|p2a: Jolteon|255\/272 brn|[from] sandstorm
|-damage|p1a: Sableye|285\/304|[from] sandstorm
|-damage|p2a: Jolteon|221\/272 brn|[from] brn
|turn|2
|
|move|p2a: Jolteon|Signal Beam|p1a: Sableye
|-damage|p1a: Sableye|224\/304
|-start|p1a: Sableye|confusion
|-activate|p1a: Sableye|confusion
|move|p1a: Sableye|Calm Mind|p1a: Sableye
|-boost|p1a: Sableye|spa|1
|-boost|p1a: Sableye|spd|1
|
|-weather|Sandstorm|[upkeep]
|-damage|p2a: Jolteon|204\/272 brn|[from] sandstorm
|-damage|p1a: Sableye|205\/304|[from] sandstorm
|-damage|p2a: Jolteon|170\/272 brn|[from] brn
|turn|3
|
|move|p2a: Jolteon|Shadow Ball|p1a: Sableye
|-damage|p1a: Sableye|161\/304
|-activate|p1a: Sableye|confusion
|-damage|p1a: Sableye|143\/304|[from] confusion
|
|-weather|Sandstorm|[upkeep]
|-damage|p2a: Jolteon|153\/272 brn|[from] sandstorm
|-damage|p1a: Sableye|124\/304|[from] sandstorm
|-damage|p2a: Jolteon|119\/272 brn|[from] brn
|turn|4
|
|move|p2a: Jolteon|Shadow Ball|p1a: Sableye
|-damage|p1a: Sableye|81\/304
|-unboost|p1a: Sableye|spd|1
|-end|p1a: Sableye|confusion
|move|p1a: Sableye|Recover|p1a: Sableye
|-heal|p1a: Sableye|233\/304
|
|-weather|Sandstorm|[upkeep]
|-damage|p2a: Jolteon|102\/272 brn|[from] sandstorm
|-damage|p1a: Sableye|214\/304|[from] sandstorm
|-damage|p2a: Jolteon|68\/272 brn|[from] brn
|turn|5
|
|move|p2a: Jolteon|Volt Switch|p1a: Sableye
|-damage|p1a: Sableye|123\/304
|
|switch|p2a: Hydreigon|Hydreigon, F|325\/325
|move|p1a: Sableye|Calm Mind|p1a: Sableye
|-boost|p1a: Sableye|spa|1
|-boost|p1a: Sableye|spd|1
|
|-weather|none
|turn|6
|
|switch|p1a: Klefki|Klefki, M|318\/318
|move|p2a: Hydreigon|Dragon Pulse|p1a: Klefki
|-immune|p1a: Klefki|[msg]
|
|turn|7
|
|switch|p2a: Hippowdon|Hippowdon, M|420\/420
|-weather|Sandstorm
|move|p1a: Klefki|Light Screen|p1a: Klefki
|-sidestart|p1: Arisage|move: Light Screen
|
|-weather|Sandstorm|[upkeep]
|turn|8
|
|move|p1a: Klefki|Reflect|p1a: Klefki
|-sidestart|p1: Arisage|Reflect
|move|p2a: Hippowdon|Earthquake|p1a: Klefki
|-supereffective|p1a: Klefki
|-damage|p1a: Klefki|209\/318
|
|-weather|Sandstorm|[upkeep]
|-heal|p1a: Klefki|228\/318|[from] item: Leftovers
|turn|9
|
|switch|p1a: Cloyster|Cloyster, F|242\/242
|move|p2a: Hippowdon|Earthquake|p1a: Cloyster
|-damage|p1a: Cloyster|203\/242
|
|-weather|Sandstorm|[upkeep]
|-damage|p1a: Cloyster|188\/242|[from] sandstorm
|turn|10
|
|move|p1a: Cloyster|Shell Smash|p1a: Cloyster
|-boost|p1a: Cloyster|atk|2
|-boost|p1a: Cloyster|spa|2
|-boost|p1a: Cloyster|spe|2
|-unboost|p1a: Cloyster|def|1
|-unboost|p1a: Cloyster|spd|1
|move|p2a: Hippowdon|Earthquake|p1a: Cloyster
|-damage|p1a: Cloyster|130\/242
|
|-weather|Sandstorm|[upkeep]
|-damage|p1a: Cloyster|115\/242|[from] sandstorm
|turn|11
|
|move|p1a: Cloyster|Icicle Spear|p2a: Hippowdon
|-supereffective|p2a: Hippowdon
|-damage|p2a: Hippowdon|322\/420
|-crit|p2a: Hippowdon
|-supereffective|p2a: Hippowdon
|-damage|p2a: Hippowdon|176\/420
|-supereffective|p2a: Hippowdon
|-damage|p2a: Hippowdon|74\/420
|-supereffective|p2a: Hippowdon
|-damage|p2a: Hippowdon|0 fnt
|-hitcount|p2a: Hippowdon|4
|faint|p2a: Hippowdon
|
|-weather|none
|-sideend|p1: Arisage|move: Light Screen
|
|switch|p2a: Hydreigon|Hydreigon, F|325\/325
|turn|12
|
|move|p2a: Hydreigon|Earth Power|p1a: Cloyster
|-damage|p1a: Cloyster|0 fnt
|faint|p1a: Cloyster
|
|-sideend|p1: Arisage|Reflect
|
|switch|p1a: Klefki|Klefki, M|228\/318
|turn|13
|
|move|p1a: Klefki|Light Screen|p1a: Klefki
|-sidestart|p1: Arisage|move: Light Screen
|move|p2a: Hydreigon|Earth Power|p1a: Klefki
|-crit|p1a: Klefki
|-supereffective|p1a: Klefki
|-damage|p1a: Klefki|0 fnt
|faint|p1a: Klefki
|
|
|switch|p1a: Sableye|Sableye-Mega, F|123\/304
|turn|14
|
|switch|p2a: Jolteon|Jolteon, M|68\/272 brn
|move|p1a: Sableye|Recover|p1a: Sableye
|-heal|p1a: Sableye|275\/304
|
|-damage|p2a: Jolteon|34\/272 brn|[from] brn
|turn|15
|
|move|p2a: Jolteon|Shadow Ball|p1a: Sableye
|-damage|p1a: Sableye|239\/304
|move|p1a: Sableye|Calm Mind|p1a: Sableye
|-boost|p1a: Sableye|spa|1
|-boost|p1a: Sableye|spd|1
|
|-damage|p2a: Jolteon|0 fnt|[from] brn
|faint|p2a: Jolteon
|
|switch|p2a: Snorlax|Snorlax, M|524\/524
|turn|16
|
|move|p2a: Snorlax|Earthquake|p1a: Sableye
|-damage|p1a: Sableye|114\/304
|move|p1a: Sableye|Will-O-Wisp|p2a: Snorlax
|-status|p2a: Snorlax|brn
|
|-damage|p2a: Snorlax|459\/524 brn|[from] brn
|turn|17
|
|move|p2a: Snorlax|Earthquake|p1a: Sableye
|-damage|p1a: Sableye|51\/304
|move|p1a: Sableye|Recover|p1a: Sableye
|-heal|p1a: Sableye|203\/304
|
|-damage|p2a: Snorlax|394\/524 brn|[from] brn
|-sideend|p1: Arisage|move: Light Screen
|turn|18
|
|move|p2a: Snorlax|Earthquake|p1a: Sableye
|-damage|p1a: Sableye|146\/304
|move|p1a: Sableye|Calm Mind|p1a: Sableye
|-boost|p1a: Sableye|spa|1
|-boost|p1a: Sableye|spd|1
|
|-damage|p2a: Snorlax|329\/524 brn|[from] brn
|turn|19
|
|move|p2a: Snorlax|Earthquake|p1a: Sableye
|-damage|p1a: Sableye|83\/304
|move|p1a: Sableye|Recover|p1a: Sableye
|-heal|p1a: Sableye|235\/304
|
|-damage|p2a: Snorlax|264\/524 brn|[from] brn
|turn|20
|
|move|p2a: Snorlax|Earthquake|p1a: Sableye
|-damage|p1a: Sableye|175\/304
|move|p1a: Sableye|Calm Mind|p1a: Sableye
|-boost|p1a: Sableye|spa|1
|-boost|p1a: Sableye|spd|1
|
|-damage|p2a: Snorlax|199\/524 brn|[from] brn
|turn|21
|
|move|p2a: Snorlax|Earthquake|p1a: Sableye
|-damage|p1a: Sableye|114\/304
|move|p1a: Sableye|Calm Mind|p1a: Sableye
|-boost|p1a: Sableye|spa|1
|-boost|p1a: Sableye|spd|1
|
|-damage|p2a: Snorlax|134\/524 brn|[from] brn
|turn|22
|
|move|p2a: Snorlax|Earthquake|p1a: Sableye
|-damage|p1a: Sableye|53\/304
|move|p1a: Sableye|Recover|p1a: Sableye
|-heal|p1a: Sableye|205\/304
|
|-damage|p2a: Snorlax|69\/524 brn|[from] brn
|turn|23
|
|move|p2a: Snorlax|Earthquake|p1a: Sableye
|-damage|p1a: Sableye|147\/304
|move|p1a: Sableye|Recover|p1a: Sableye
|-heal|p1a: Sableye|299\/304
|
|-damage|p2a: Snorlax|4\/524 brn|[from] brn
|turn|24
|
|move|p2a: Snorlax|Earthquake|p1a: Sableye
|-damage|p1a: Sableye|236\/304
|move|p1a: Sableye|Calm Mind|p1a: Sableye
|-boost|p1a: Sableye|spa|1
|-boost|p1a: Sableye|spd|1
|
|-damage|p2a: Snorlax|0 fnt|[from] brn
|faint|p2a: Snorlax
|
|switch|p2a: Beedrill|Beedrill, M|271\/271
|turn|25
|
|detailschange|p2a: Beedrill|Beedrill-Mega, M
|message|Beedrill has Mega Evolved into Mega Beedrill!
|move|p2a: Beedrill|X-Scissor|p1a: Sableye
|-damage|p1a: Sableye|82\/304
|move|p1a: Sableye|Will-O-Wisp|p2a: Beedrill
|-status|p2a: Beedrill|brn
|
|-damage|p2a: Beedrill|238\/271 brn|[from] brn
|turn|26
|
|move|p2a: Beedrill|X-Scissor|p1a: Sableye
|-damage|p1a: Sableye|8\/304
|move|p1a: Sableye|Recover|p1a: Sableye
|-heal|p1a: Sableye|160\/304
|
|-damage|p2a: Beedrill|205\/271 brn|[from] brn
|turn|27
|-message|Naxuj forfeited.
|
|win|Arisage
|raw|Ladder updating...
|leave|Naxuj
|player|p2
|raw|Arisage's rating: 1244 &rarr; <strong>1269<\/strong><br \/>(+25 for winning)
|raw|Naxuj's rating: 1242 &rarr; <strong>1217<\/strong><br \/>(-25 for losing)