|join|Arisage
|join|pattimus-prime
|player|p1|Arisage|101
|player|p2|pattimus-prime|115
|gametype|singles
|gen|6
|tier|UU
|rated
|rule|Sleep Clause Mod: Limit one foe put to sleep
|rule|Species Clause: Limit one of each PokÃ©mon
|rule|OHKO Clause: OHKO moves are banned
|rule|Moody Clause: Moody is banned
|rule|Evasion Moves Clause: Evasion moves are banned
|rule|Endless Battle Clause: Forcing endless battles is banned
|rule|HP Percentage Mod: HP is shown in percentages
|clearpoke
|poke|p1|Espeon, M
|poke|p1|Shedinja
|poke|p1|Toxicroak, F
|poke|p1|Sharpedo, M
|poke|p1|Florges, F
|poke|p1|Forretress, M
|poke|p2|Raikou, shiny
|poke|p2|Starmie
|poke|p2|Ninjask, F
|poke|p2|Zangoose, M, shiny
|poke|p2|Forretress, F
|poke|p2|Regigigas, shiny
|rule|Swagger Clause: Swagger is banned
|rule|Baton Pass Clause: Limit one PokÃ©mon knowing Baton Pass
|teampreview
|
|start
|switch|p1a: Forretress|Forretress, M|354\/354
|switch|p2a: Ninjask|Ninjask, F|326\/326
|turn|1
|
|move|p2a: Ninjask|Swords Dance|p2a: Ninjask
|-boost|p2a: Ninjask|atk|2
|move|p1a: Forretress|Stealth Rock|p2a: Ninjask
|-sidestart|p2: pattimus-prime|move: Stealth Rock
|
|-boost|p2a: Ninjask|spe|1|[from] ability: Speed Boost
|turn|2
|
|move|p2a: Ninjask|Swords Dance|p2a: Ninjask
|-boost|p2a: Ninjask|atk|2
|move|p1a: Forretress|Spikes|p2a: Ninjask
|-sidestart|p2: pattimus-prime|Spikes
|
|-boost|p2a: Ninjask|spe|1|[from] ability: Speed Boost
|turn|3
|
|move|p2a: Ninjask|Swords Dance|p2a: Ninjask
|-boost|p2a: Ninjask|atk|2
|move|p1a: Forretress|Spikes|p2a: Ninjask
|-sidestart|p2: pattimus-prime|Spikes
|
|-boost|p2a: Ninjask|spe|1|[from] ability: Speed Boost
|turn|4
|
|move|p2a: Ninjask|Baton Pass|p2a: Ninjask
|
|switch|p2a: Zangoose|Zangoose, M, shiny|287\/287
|-damage|p2a: Zangoose|240\/287|[from] Spikes
|-damage|p2a: Zangoose|205\/287|[from] Stealth Rock
|move|p1a: Forretress|Spikes|p2a: Zangoose
|-sidestart|p2: pattimus-prime|Spikes
|
|-status|p2a: Zangoose|tox|[from] item: Toxic Orb
|turn|5
|
|move|p1a: Forretress|Protect|p1a: Forretress
|-singleturn|p1a: Forretress|Protect
|move|p2a: Zangoose|Facade|p1a: Forretress
|-activate|p1a: Forretress|Protect
|
|-damage|p2a: Zangoose|188\/287 tox|[from] psn
|turn|6
|
|switch|p1a: Shedinja|Shedinja|1\/1
|move|p2a: Zangoose|Close Combat|p1a: Shedinja
|-immune|p1a: Shedinja|[msg]
|
|-damage|p2a: Zangoose|154\/287 tox|[from] psn
|turn|7
|
|move|p2a: Zangoose|Knock Off|p1a: Shedinja
|-supereffective|p1a: Shedinja
|-enditem|p1a: Shedinja|Focus Sash
|-damage|p1a: Shedinja|1\/1
|move|p1a: Shedinja|Swords Dance|p1a: Shedinja
|-boost|p1a: Shedinja|atk|2
|
|-damage|p2a: Zangoose|103\/287 tox|[from] psn
|turn|8
|
|switch|p1a: Forretress|Forretress, M|354\/354
|move|p2a: Zangoose|Knock Off|p1a: Forretress
|-damage|p1a: Forretress|16\/354
|-enditem|p1a: Forretress|Leftovers|[from] move: Knock Off|[of] p2a: Zangoose
|
|-damage|p2a: Zangoose|35\/287 tox|[from] psn
|turn|9
|
|move|p1a: Forretress|Protect|p1a: Forretress
|-singleturn|p1a: Forretress|Protect
|move|p2a: Zangoose|Quick Attack|p1a: Forretress
|-activate|p1a: Forretress|Protect
|
|-damage|p2a: Zangoose|0 fnt|[from] psn
|faint|p2a: Zangoose
|c|âpattimus-prime|wp
|
|switch|p2a: Starmie|Starmie|261\/261
|-damage|p2a: Starmie|229\/261|[from] Stealth Rock
|-damage|p2a: Starmie|164\/261|[from] Spikes
|turn|10
|
|switch|p1a: Shedinja|Shedinja|1\/1
|move|p2a: Starmie|Rapid Spin|p1a: Shedinja
|-immune|p1a: Shedinja|[msg]
|
|-heal|p2a: Starmie|180\/261|[from] item: Leftovers
|turn|11
|
|move|p2a: Starmie|Ice Beam|p1a: Shedinja
|-activate|p1a: Shedinja|ability: Wonder Guard
|move|p1a: Shedinja|Toxic|p2a: Starmie
|-status|p2a: Starmie|tox
|
|-heal|p2a: Starmie|196\/261 tox|[from] item: Leftovers
|-damage|p2a: Starmie|180\/261 tox|[from] psn
|turn|12
|
|switch|p2a: Raikou|Raikou, shiny|321\/321
|-damage|p2a: Raikou|241\/321|[from] Spikes
|-damage|p2a: Raikou|201\/321|[from] Stealth Rock
|-ability|p2a: Raikou|Pressure
|move|p1a: Shedinja|Swords Dance|p1a: Shedinja
|-boost|p1a: Shedinja|atk|2
|
|turn|13
|
|switch|p1a: Florges|Florges, F|360\/360
|move|p2a: Raikou|Roar|p1a: Florges
|drag|p1a: Shedinja|Shedinja|1\/1
|
|turn|14
|
|move|p1a: Shedinja|Toxic|p2a: Raikou
|-status|p2a: Raikou|tox
|move|p2a: Raikou|Roar|p1a: Shedinja
|drag|p1a: Forretress|Forretress, M|16\/354
|
|-damage|p2a: Raikou|181\/321 tox|[from] psn
|turn|15
|
|move|p1a: Forretress|Protect|p1a: Forretress
|-singleturn|p1a: Forretress|Protect
|move|p2a: Raikou|Aura Sphere|p1a: Forretress
|-activate|p1a: Forretress|Protect
|
|-damage|p2a: Raikou|141\/321 tox|[from] psn
|turn|16
|
|switch|p1a: Florges|Florges, F|360\/360
|move|p2a: Raikou|Aura Sphere|p1a: Florges
|-resisted|p1a: Florges
|-damage|p1a: Florges|326\/360
|-damage|p2a: Raikou|109\/321 tox|[from] item: Life Orb
|
|-heal|p1a: Florges|348\/360|[from] item: Leftovers
|-damage|p2a: Raikou|49\/321 tox|[from] psn
|turn|17
|
|switch|p2a: Starmie|Starmie|180\/261 tox
|-damage|p2a: Starmie|148\/261 tox|[from] Stealth Rock
|-damage|p2a: Starmie|83\/261 tox|[from] Spikes
|move|p1a: Florges|Wish|p1a: Florges
|
|-heal|p2a: Starmie|99\/261 tox|[from] item: Leftovers
|-heal|p1a: Florges|360\/360|[from] item: Leftovers
|-damage|p2a: Starmie|83\/261 tox|[from] psn
|turn|18
|
|switch|p1a: Shedinja|Shedinja|1\/1
|move|p2a: Starmie|Rapid Spin|p1a: Shedinja
|-immune|p1a: Shedinja|[msg]
|
|-heal|p2a: Starmie|99\/261 tox|[from] item: Leftovers
|-damage|p2a: Starmie|67\/261 tox|[from] psn
|turn|19
|
|switch|p2a: Forretress|Forretress, F|354\/354
|-damage|p2a: Forretress|266\/354|[from] Spikes
|-damage|p2a: Forretress|222\/354|[from] Stealth Rock
|move|p1a: Shedinja|Swords Dance|p1a: Shedinja
|-boost|p1a: Shedinja|atk|2
|
|-heal|p2a: Forretress|244\/354|[from] item: Leftovers
|turn|20
|
|switch|p1a: Espeon|Espeon, M|334\/334
|move|p2a: Forretress|Toxic|p1a: Espeon
|move|p1a: Espeon|Toxic|p2a: Forretress|[from]Magic Bounce
|-fail|p2a: Forretress
|
|-heal|p2a: Forretress|266\/354|[from] item: Leftovers
|turn|21
|
|move|p1a: Espeon|Substitute|p1a: Espeon
|-start|p1a: Espeon|Substitute
|-damage|p1a: Espeon|251\/334
|move|p2a: Forretress|Gyro Ball|p1a: Espeon
|-end|p1a: Espeon|Substitute
|
|-heal|p1a: Espeon|271\/334|[from] item: Leftovers
|-heal|p2a: Forretress|288\/354|[from] item: Leftovers
|turn|22
|
|move|p1a: Espeon|Substitute|p1a: Espeon
|-start|p1a: Espeon|Substitute
|-damage|p1a: Espeon|188\/334
|move|p2a: Forretress|Gyro Ball|p1a: Espeon
|-end|p1a: Espeon|Substitute
|
|-heal|p1a: Espeon|208\/334|[from] item: Leftovers
|-heal|p2a: Forretress|310\/354|[from] item: Leftovers
|turn|23
|
|switch|p1a: Toxicroak|Toxicroak, F|370\/370
|move|p2a: Forretress|Gyro Ball|p1a: Toxicroak
|-damage|p1a: Toxicroak|267\/370
|
|-heal|p1a: Toxicroak|290\/370|[from] item: Black Sludge
|-heal|p2a: Forretress|332\/354|[from] item: Leftovers
|turn|24
|
|move|p1a: Toxicroak|Swords Dance|p1a: Toxicroak
|-boost|p1a: Toxicroak|atk|2
|move|p2a: Forretress|Spikes|p1a: Toxicroak
|-sidestart|p1: Arisage|Spikes
|
|-heal|p1a: Toxicroak|313\/370|[from] item: Black Sludge
|-heal|p2a: Forretress|354\/354|[from] item: Leftovers
|turn|25
|
|move|p1a: Toxicroak|Swords Dance|p1a: Toxicroak
|-boost|p1a: Toxicroak|atk|2
|move|p2a: Forretress|Stealth Rock|p1a: Toxicroak
|-sidestart|p1: Arisage|move: Stealth Rock
|
|-heal|p1a: Toxicroak|336\/370|[from] item: Black Sludge
|turn|26
|
|move|p1a: Toxicroak|Swords Dance|p1a: Toxicroak
|-boost|p1a: Toxicroak|atk|2
|move|p2a: Forretress|Spikes|p1a: Toxicroak
|-sidestart|p1: Arisage|Spikes
|
|-heal|p1a: Toxicroak|359\/370|[from] item: Black Sludge
|turn|27
|
|move|p1a: Toxicroak|Drain Punch|p2a: Forretress
|-damage|p2a: Forretress|41\/354
|-heal|p1a: Toxicroak|370\/370|[from] drain|[of] p2a: Forretress
|move|p2a: Forretress|Spikes|p1a: Toxicroak
|-sidestart|p1: Arisage|Spikes
|
|-heal|p2a: Forretress|63\/354|[from] item: Leftovers
|turn|28
|
|move|p1a: Toxicroak|Drain Punch|p2a: Forretress
|-damage|p2a: Forretress|0 fnt
|faint|p2a: Forretress
|
|
|switch|p2a: Starmie|Starmie|67\/261 tox
|-damage|p2a: Starmie|2\/261 tox|[from] Spikes
|-damage|p2a: Starmie|0 fnt|[from] Stealth Rock
|faint|p2a: Starmie
|
|switch|p2a: Raikou|Raikou, shiny|49\/321 tox
|-damage|p2a: Raikou|9\/321 tox|[from] Stealth Rock
|-damage|p2a: Raikou|0 fnt|[from] Spikes
|faint|p2a: Raikou
|
|switch|p2a: Regigigas|Regigigas, shiny|423\/423
|-damage|p2a: Regigigas|318\/423|[from] Spikes
|-damage|p2a: Regigigas|266\/423|[from] Stealth Rock
|-start|p2a: Regigigas|Slow Start
|turn|29
|
|move|p1a: Toxicroak|Drain Punch|p2a: Regigigas
|-supereffective|p2a: Regigigas
|-damage|p2a: Regigigas|0 fnt
|faint|p2a: Regigigas
|
|
|switch|p2a: Ninjask|Ninjask, F|326\/326
|-damage|p2a: Ninjask|163\/326|[from] Stealth Rock
|turn|30
|
|move|p2a: Ninjask|Swords Dance|p2a: Ninjask
|-boost|p2a: Ninjask|atk|2
|move|p1a: Toxicroak|Drain Punch|p2a: Ninjask
|-resisted|p2a: Ninjask
|-damage|p2a: Ninjask|0 fnt
|faint|p2a: Ninjask
|
|win|Arisage
|raw|Ladder updating...
|raw|Arisage's rating: 1333 &rarr; <strong>1343<\/strong><br \/>(+10 for winning)
|raw|pattimus-prime's rating: 1145 &rarr; <strong>1132<\/strong><br \/>(-13 for losing)