|join|Arisage
|join|Deeexton
|player|p1|Arisage|101
|player|p2|Deeexton|1
|gametype|singles
|gen|6
|tier|UU
|rated
|rule|Sleep Clause Mod: Limit one foe put to sleep
|rule|Species Clause: Limit one of each PokÃ©mon
|rule|OHKO Clause: OHKO moves are banned
|rule|Moody Clause: Moody is banned
|rule|Evasion Moves Clause: Evasion moves are banned
|rule|Endless Battle Clause: Forcing endless battles is banned
|rule|HP Percentage Mod: HP is shown in percentages
|clearpoke
|poke|p1|Klefki, M
|poke|p1|Darmanitan, M
|poke|p1|Cloyster, M
|poke|p1|Mawile, M
|poke|p1|Rotom-Mow
|poke|p1|Altaria, F
|poke|p2|Swampert, M, shiny
|poke|p2|Nidoking, M
|poke|p2|Alakazam, M
|poke|p2|Haxorus, M
|poke|p2|Umbreon, M
|poke|p2|Golbat, F
|rule|Swagger Clause: Swagger is banned
|rule|Baton Pass Clause: Limit one PokÃ©mon knowing Baton Pass
|teampreview
|
|start
|switch|p1a: Cloyster|Cloyster, M|242\/242
|switch|p2a: Pimp|Nidoking, M|304\/304
|turn|1
|
|switch|p1a: Rotom-Mow|Rotom-Mow|241\/241
|move|p2a: Pimp|Thunderbolt|p1a: Rotom-Mow
|-resisted|p1a: Rotom-Mow
|-damage|p1a: Rotom-Mow|217\/241
|
|turn|2
|
|switch|p2a: ... This cat|Umbreon, M|394\/394
|move|p1a: Rotom-Mow|Leaf Storm|p2a: ... This cat
|-damage|p2a: ... This cat|277\/394
|-unboost|p1a: Rotom-Mow|spa|2
|
|-heal|p2a: ... This cat|301\/394|[from] item: Leftovers
|turn|3
|
|switch|p1a: Klefki|Klefki, M|318\/318
|move|p2a: ... This cat|Mean Look|p1a: Klefki
|-activate|p1a: Klefki|trapped
|
|-heal|p2a: ... This cat|325\/394|[from] item: Leftovers
|turn|4
|
|move|p1a: Klefki|Light Screen|p1a: Klefki
|-sidestart|p1: Arisage|move: Light Screen
|move|p2a: ... This cat|Curse|p2a: ... This cat
|-boost|p2a: ... This cat|atk|1
|-boost|p2a: ... This cat|def|1
|-unboost|p2a: ... This cat|spe|1
|
|-heal|p2a: ... This cat|349\/394|[from] item: Leftovers
|turn|5
|
|move|p1a: Klefki|Reflect|p1a: Klefki
|-sidestart|p1: Arisage|Reflect
|move|p2a: ... This cat|Curse|p2a: ... This cat
|-boost|p2a: ... This cat|atk|1
|-boost|p2a: ... This cat|def|1
|-unboost|p2a: ... This cat|spe|1
|
|-heal|p2a: ... This cat|373\/394|[from] item: Leftovers
|turn|6
|
|move|p1a: Klefki|Foul Play|p2a: ... This cat
|-resisted|p2a: ... This cat
|-damage|p2a: ... This cat|348\/394
|move|p2a: ... This cat|Curse|p2a: ... This cat
|-boost|p2a: ... This cat|atk|1
|-boost|p2a: ... This cat|def|1
|-unboost|p2a: ... This cat|spe|1
|
|-heal|p2a: ... This cat|372\/394|[from] item: Leftovers
|turn|7
|
|move|p1a: Klefki|Foul Play|p2a: ... This cat
|-resisted|p2a: ... This cat
|-damage|p2a: ... This cat|347\/394
|move|p2a: ... This cat|Curse|p2a: ... This cat
|-boost|p2a: ... This cat|atk|1
|-boost|p2a: ... This cat|def|1
|-unboost|p2a: ... This cat|spe|1
|
|-heal|p2a: ... This cat|371\/394|[from] item: Leftovers
|turn|8
|
|move|p1a: Klefki|Foul Play|p2a: ... This cat
|-resisted|p2a: ... This cat
|-damage|p2a: ... This cat|347\/394
|move|p2a: ... This cat|Curse|p2a: ... This cat
|-boost|p2a: ... This cat|atk|1
|-boost|p2a: ... This cat|def|1
|-unboost|p2a: ... This cat|spe|1
|
|-heal|p2a: ... This cat|371\/394|[from] item: Leftovers
|-sideend|p1: Arisage|move: Light Screen
|turn|9
|
|move|p1a: Klefki|Foul Play|p2a: ... This cat
|-resisted|p2a: ... This cat
|-damage|p2a: ... This cat|348\/394
|move|p2a: ... This cat|Curse|p2a: ... This cat
|-boost|p2a: ... This cat|atk|1
|-boost|p2a: ... This cat|def|1
|-unboost|p2a: ... This cat|spe|1
|
|-heal|p2a: ... This cat|372\/394|[from] item: Leftovers
|-sideend|p1: Arisage|Reflect
|turn|10
|
|move|p1a: Klefki|Reflect|p1a: Klefki
|-sidestart|p1: Arisage|Reflect
|move|p2a: ... This cat|Baton Pass|p2a: ... This cat
|
|switch|p2a: Hax|Haxorus, M|356\/356
|-ability|p2a: Hax|Mold Breaker
|
|turn|11
|
|move|p1a: Klefki|Light Screen|p1a: Klefki
|-sidestart|p1: Arisage|move: Light Screen
|move|p2a: Hax|Earthquake|p1a: Klefki
|-supereffective|p1a: Klefki
|-damage|p1a: Klefki|0 fnt
|faint|p1a: Klefki
|
|
|switch|p1a: Altaria|Altaria, F|354\/354
|turn|12
|
|detailschange|p1a: Altaria|Altaria-Mega, F
|message|Altaria has Mega Evolved into Mega Altaria!
|move|p1a: Altaria|Hyper Voice|p2a: Hax
|-supereffective|p2a: Hax
|-damage|p2a: Hax|0 fnt
|faint|p2a: Hax
|
|
|switch|p2a: Pimp|Nidoking, M|304\/304
|turn|13
|c|âArisage|why you spent that much time getting rid of a klefki is beyond me.
|
|move|p2a: Pimp|Sludge Wave|p1a: Altaria
|-supereffective|p1a: Altaria
|-damage|p1a: Altaria|192\/354
|move|p1a: Altaria|Hyper Voice|p2a: Pimp
|-resisted|p2a: Pimp
|-damage|p2a: Pimp|171\/304
|
|turn|14
|
|switch|p1a: Mawile|Mawile, M|304\/304
|-ability|p1a: Mawile|Intimidate|[of] p2a: Pimp
|-unboost|p2a: Pimp|atk|1
|move|p2a: Pimp|Sludge Wave|p1a: Mawile
|-immune|p1a: Mawile|[msg]
|
|-sideend|p1: Arisage|Reflect
|turn|15
|
|switch|p2a: Golbat|Golbat, F|354\/354
|switch|p1a: Rotom-Mow|Rotom-Mow|217\/241
|
|-sideend|p1: Arisage|move: Light Screen
|turn|16
|
|switch|p2a: ForgotLegDay|Swampert, M, shiny|342\/342
|move|p1a: Rotom-Mow|Volt Switch|p2a: ForgotLegDay
|-immune|p2a: ForgotLegDay|[msg]
|
|turn|17
|
|switch|p1a: Mawile|Mawile, M|304\/304
|-ability|p1a: Mawile|Intimidate|[of] p2a: ForgotLegDay
|-unboost|p2a: ForgotLegDay|atk|1
|detailschange|p2a: ForgotLegDay|Swampert-Mega, M, shiny
|message|Swampert has Mega Evolved into Mega Swampert!
|move|p2a: ForgotLegDay|Rain Dance|p2a: ForgotLegDay
|-weather|RainDance
|
|-weather|RainDance|[upkeep]
|turn|18
|
|move|p2a: ForgotLegDay|Earthquake|p1a: Mawile
|-supereffective|p1a: Mawile
|-damage|p1a: Mawile|58\/304
|move|p1a: Mawile|Swords Dance|p1a: Mawile
|-boost|p1a: Mawile|atk|2
|
|-weather|RainDance|[upkeep]
|turn|19
|
|move|p1a: Mawile|Sucker Punch|p2a: ForgotLegDay
|-damage|p2a: ForgotLegDay|199\/342
|-damage|p1a: Mawile|28\/304|[from] item: Life Orb
|move|p2a: ForgotLegDay|Earthquake|p1a: Mawile
|-supereffective|p1a: Mawile
|-damage|p1a: Mawile|0 fnt
|faint|p1a: Mawile
|
|-weather|RainDance|[upkeep]
|
|switch|p1a: Cloyster|Cloyster, M|242\/242
|turn|20
|
|move|p2a: ForgotLegDay|Earthquake|p1a: Cloyster
|-damage|p1a: Cloyster|157\/242
|move|p1a: Cloyster|Shell Smash|p1a: Cloyster
|-boost|p1a: Cloyster|atk|2
|-boost|p1a: Cloyster|spa|2
|-boost|p1a: Cloyster|spe|2
|-unboost|p1a: Cloyster|def|1
|-unboost|p1a: Cloyster|spd|1
|
|-weather|RainDance|[upkeep]
|turn|21
|
|move|p1a: Cloyster|Icicle Spear|p2a: ForgotLegDay
|-damage|p2a: ForgotLegDay|126\/342
|-damage|p2a: ForgotLegDay|60\/342
|-damage|p2a: ForgotLegDay|0 fnt
|-hitcount|p2a: ForgotLegDay|3
|faint|p2a: ForgotLegDay
|
|-weather|none
|
|switch|p2a: Alakazam|Alakazam, M|251\/251
|turn|22
|
|move|p1a: Cloyster|Icicle Spear|p2a: Alakazam
|-damage|p2a: Alakazam|121\/251
|-damage|p2a: Alakazam|0 fnt
|-hitcount|p2a: Alakazam|2
|faint|p2a: Alakazam
|
|
|switch|p2a: Pimp|Nidoking, M|171\/304
|turn|23
|
|move|p1a: Cloyster|Icicle Spear|p2a: Pimp
|-supereffective|p2a: Pimp
|-damage|p2a: Pimp|0 fnt
|-hitcount|p2a: Pimp|1
|faint|p2a: Pimp
|
|
|switch|p2a: Golbat|Golbat, F|354\/354
|turn|24
|-message|Deeexton forfeited.
|
|win|Arisage
|raw|Ladder updating...
|raw|Arisage's rating: 1177 &rarr; <strong>1196<\/strong><br \/>(+19 for winning)
|raw|Deeexton's rating: 1105 &rarr; <strong>1085<\/strong><br \/>(-20 for losing)