|join|Bro Battington
|join|Perennia
|player|p1|Bro Battington|#coolstorybrobat
|player|p2|Perennia|17
|gametype|singles
|tier|[Gen 5] UU
|rule|Sleep Clause Mod: Limit one foe put to sleep
|rule|Species Clause: Limit one of each Pokemon
|rule|OHKO Clause: OHKO moves are banned
|rule|Moody Clause: Moody is banned
|rule|Evasion Moves Clause: Evasion moves are banned
|rule|HP Percentage Mod: HP is reported as percentages
|rule|Evasion Abilities Clause: Evasion abilities are banned
|clearpoke
|poke|p1|Crobat, M
|poke|p1|Roserade, F
|poke|p1|Chandelure, F
|poke|p1|Porygon2
|poke|p1|Cobalion
|poke|p1|Swampert, M
|poke|p2|Mandibuzz, F
|poke|p2|Snorlax, F
|poke|p2|Bronzong
|poke|p2|Slowbro, F
|poke|p2|Victini
|poke|p2|Virizion
|teampreview
|callback|decision
|join|Satorin
|
|start
|switch|p1a: Chandra|Chandelure, F|261\/261
|switch|p2a: Slowbro|Slowbro, F|394\/394
|turn|1
|callback|decision
|join|Calloflochie
|join|Sweep
|
|move|p1a: Chandra|Trick|p2a: Slowbro
|-activate|p1a: Chandra|move: Trick|[of] p2a: Slowbro
|-item|p2a: Slowbro|Choice Scarf|[from] move: Trick
|-item|p1a: Chandra|Choice Specs|[from] move: Trick
|move|p2a: Slowbro|Psyshock|p1a: Chandra
|-damage|p1a: Chandra|108\/261
|
|turn|2
|callback|decision
|join|fat mouthbreather
|chat|Perennia|D:
|
|switch|p1a: Wheaties|Swampert, M|401\/401
|switch|p2a: Snorlax|Snorlax, F|461\/461
|
|turn|3
|callback|decision
|chat|Satorin|clutch trick
|join|Is-keldeo
|
|move|p1a: Wheaties|Stealth Rock|p2a: Snorlax
|-sidestart|p2: Perennia|move: Stealth Rock
|move|p2a: Snorlax|Earthquake|p1a: Wheaties
|-damage|p1a: Wheaties|313\/401
|
|-heal|p1a: Wheaties|338\/401|[from] item: Leftovers
|turn|4
|callback|decision
|chat|Perennia|fuq da bulk.
|
|switch|p2a: Bronzong|Bronzong|338\/338
|-damage|p2a: Bronzong|317\/338|[from] Stealth Rock
|move|p1a: Wheaties|Waterfall|p2a: Bronzong
|-damage|p2a: Bronzong|250\/338
|
|-heal|p1a: Wheaties|363\/401|[from] item: Leftovers
|-heal|p2a: Bronzong|271\/338|[from] item: Leftovers
|turn|5
|callback|decision
|join|DinaIsha
|
|switch|p1a: Chandra|Chandelure, F|108\/261
|move|p2a: Bronzong|Stealth Rock|p1a: Chandra
|-sidestart|p1: Bro Battington|move: Stealth Rock
|
|-heal|p2a: Bronzong|292\/338|[from] item: Leftovers
|turn|6
|callback|decision
|
|move|p1a: Chandra|Fire Blast|p2a: Bronzong
|-supereffective|p2a: Bronzong
|-damage|p2a: Bronzong|0 fnt
|faint|p2a: Bronzong
|
|callback|decision
|
|switch|p2a: Snorlax|Snorlax, F|461\/461
|-damage|p2a: Snorlax|404\/461|[from] Stealth Rock
|turn|7
|callback|decision
|
|move|p1a: Chandra|Fire Blast|p2a: Snorlax
|-damage|p2a: Snorlax|277\/461
|move|p2a: Snorlax|Pursuit|p1a: Chandra
|-supereffective|p1a: Chandra
|-damage|p1a: Chandra|10\/261
|
|-heal|p2a: Snorlax|305\/461|[from] item: Leftovers
|turn|8
|callback|decision
|chat|DinaIsha|wat
|
|move|p1a: Chandra|Fire Blast|p2a: Snorlax
|-damage|p2a: Snorlax|166\/461
|move|p2a: Snorlax|Pursuit|p1a: Chandra
|-supereffective|p1a: Chandra
|-damage|p1a: Chandra|0 fnt
|faint|p1a: Chandra
|
|-heal|p2a: Snorlax|194\/461|[from] item: Leftovers
|callback|decision
|chat|Perennia|I should band this Lax.
|
|switch|p1a: Brobat|Crobat, M|340\/340
|-damage|p1a: Brobat|255\/340|[from] Stealth Rock
|turn|9
|callback|decision
|
|switch|p2a: Mandibuzz|Mandibuzz, F|424\/424
|-damage|p2a: Mandibuzz|318\/424|[from] Stealth Rock
|move|p1a: Brobat|Brave Bird|p2a: Mandibuzz
|-damage|p2a: Mandibuzz|209\/424
|-damage|p1a: Brobat|219\/340|[from] recoil|[of] p2a: Mandibuzz
|
|-heal|p1a: Brobat|240\/340|[from] item: Black Sludge
|-heal|p2a: Mandibuzz|235\/424|[from] item: Leftovers
|turn|10
|callback|decision
|chat|DinaIsha|locking snorlax is a waste
|chat|DinaIsha|It's a great wall
|chat|DinaIsha|Physical and special
|chat|Bro Battington|Band Lax 100% counters Chandelure, when you factor Trick
|chat|Bro Battington|And it hits pretty hard 
|
|move|p1a: Brobat|Taunt|p2a: Mandibuzz
|-start|p2a: Mandibuzz|move: Taunt
|move|p2a: Mandibuzz|Foul Play|p1a: Brobat
|-damage|p1a: Brobat|72\/340
|
|-heal|p1a: Brobat|93\/340|[from] item: Black Sludge
|-heal|p2a: Mandibuzz|261\/424|[from] item: Leftovers
|turn|11
|callback|decision
|chat|Perennia|I'm typically more worried about Raikou.
|chat|DinaIsha|You can't build a Pokemon just to counter another
|chat|Perennia|But whatever.
|chat|Perennia|This is just a quick little fun team I tossed together.
|
|move|p1a: Brobat|Roost|p1a: Brobat
|-heal|p1a: Brobat|263\/340
|move|p2a: Mandibuzz|Foul Play|p1a: Brobat
|-damage|p1a: Brobat|113\/340
|
|-heal|p1a: Brobat|134\/340|[from] item: Black Sludge
|-heal|p2a: Mandibuzz|287\/424|[from] item: Leftovers
|turn|12
|callback|decision
|chat|DinaIsha|Ah
|
|switch|p2a: Victini|Victini|341\/341
|-damage|p2a: Victini|256\/341|[from] Stealth Rock
|move|p1a: Brobat|U-turn|p2a: Victini
|-damage|p2a: Victini|181\/341
|callback|decision
|join|THE_iTodd
|chat|DinaIsha|Mandibuzz should be OU this gen
|chat|Perennia|damnit XD
|chat|DinaIsha|much power
|
|switch|p1a: P2 Unit|Porygon2|374\/374
|-damage|p1a: P2 Unit|328\/374|[from] Stealth Rock
|-ability|p1a: P2 Unit|Victory Star|[from] ability: Trace|[of] p2a: Victini
|
|turn|13
|callback|decision
|
|move|p2a: Victini|U-turn|p1a: P2 Unit
|-damage|p1a: P2 Unit|285\/374
|callback|decision
|
|switch|p2a: Slowbro|Slowbro, F|394\/394
|-damage|p2a: Slowbro|345\/394|[from] Stealth Rock
|move|p1a: P2 Unit|Discharge|p2a: Slowbro
|-crit|p2a: Slowbro
|-supereffective|p2a: Slowbro
|-damage|p2a: Slowbro|13\/394
|-status|p2a: Slowbro|par
|
|turn|14
|callback|decision
|chat|Perennia|OW.
|chat|Bro Battington|Sorry
|
|move|p1a: P2 Unit|Discharge|p2a: Slowbro
|-supereffective|p2a: Slowbro
|-damage|p2a: Slowbro|0 fnt
|faint|p2a: Slowbro
|
|callback|decision
|chat|DinaIsha|many hax
|
|switch|p2a: Virizion|Virizion|323\/323
|-damage|p2a: Virizion|303\/323|[from] Stealth Rock
|turn|15
|callback|decision
|chat|Perennia|There goes that option.
|
|switch|p1a: Rosetta Stone|Roserade, F|321\/321
|-damage|p1a: Rosetta Stone|281\/321|[from] Stealth Rock
|move|p2a: Virizion|Work Up|p2a: Virizion
|-boost|p2a: Virizion|atk|1
|-boost|p2a: Virizion|spa|1
|
|-heal|p1a: Rosetta Stone|301\/321|[from] item: Black Sludge
|turn|16
|callback|decision
|chat|Perennia|the walls.
|
|move|p2a: Virizion|Close Combat|p1a: Rosetta Stone
|-resisted|p1a: Rosetta Stone
|-damage|p1a: Rosetta Stone|81\/321
|-unboost|p2a: Virizion|def|1
|-unboost|p2a: Virizion|spd|1
|-damage|p2a: Virizion|271\/323|[from] item: Life Orb
|move|p1a: Rosetta Stone|Sludge Bomb|p2a: Virizion
|-supereffective|p2a: Virizion
|-damage|p2a: Virizion|0 fnt
|faint|p2a: Virizion
|
|-heal|p1a: Rosetta Stone|101\/321|[from] item: Black Sludge
|callback|decision
|join|Wombastic
|join|Jimmyftw
|chat|Satorin|mixed virizion with work up?
|chat|DinaIsha|Baton Pass teams are really more fun
|chat|Perennia|yup.
|chat|Wombastic|my eyes 
|chat|Perennia|This really isn't my normal team at all XD
|
|switch|p2a: Mandibuzz|Mandibuzz, F|287\/424
|-damage|p2a: Mandibuzz|181\/424|[from] Stealth Rock
|turn|17
|callback|decision
|
|move|p1a: Rosetta Stone|Sludge Bomb|p2a: Mandibuzz
|-damage|p2a: Mandibuzz|49\/424
|-status|p2a: Mandibuzz|psn
|move|p2a: Mandibuzz|Roost|p2a: Mandibuzz
|-heal|p2a: Mandibuzz|261\/424 psn
|
|-heal|p1a: Rosetta Stone|121\/321|[from] item: Black Sludge
|-heal|p2a: Mandibuzz|287\/424 psn|[from] item: Leftovers
|-damage|p2a: Mandibuzz|234\/424 psn|[from] psn
|turn|18
|callback|decision
|chat|Satorin|so CC, HP Ice and uh something? Leaf blade?
|leave|Jimmyftw
|
|move|p1a: Rosetta Stone|Sludge Bomb|p2a: Mandibuzz
|-damage|p2a: Mandibuzz|96\/424 psn
|move|p2a: Mandibuzz|Foul Play|p1a: Rosetta Stone
|-damage|p1a: Rosetta Stone|24\/321
|
|-heal|p1a: Rosetta Stone|44\/321|[from] item: Black Sludge
|-heal|p2a: Mandibuzz|122\/424 psn|[from] item: Leftovers
|-damage|p2a: Mandibuzz|69\/424 psn|[from] psn
|turn|19
|callback|decision
|chat|Perennia|Giga drain CC, hp rock, and work up.
|
|move|p1a: Rosetta Stone|Sludge Bomb|p2a: Mandibuzz
|-damage|p2a: Mandibuzz|0 fnt
|faint|p2a: Mandibuzz
|
|-heal|p1a: Rosetta Stone|64\/321|[from] item: Black Sludge
|callback|decision
|chat|Wombastic|giga drain
|chat|Wombastic|or leaf blade
|chat|Perennia|Also, damn I got wrecked.
|chat|Satorin|oh yeah giga drain
|
|switch|p2a: Snorlax|Snorlax, F|194\/461
|-damage|p2a: Snorlax|137\/461|[from] Stealth Rock
|turn|20
|callback|decision
|chat|Wombastic|stone edge 
|
|move|p1a: Rosetta Stone|Sludge Bomb|p2a: Snorlax
|-damage|p2a: Snorlax|46\/461
|move|p2a: Snorlax|Fire Punch|p1a: Rosetta Stone
|-supereffective|p1a: Rosetta Stone
|-damage|p1a: Rosetta Stone|0 fnt
|faint|p1a: Rosetta Stone
|
|-heal|p2a: Snorlax|74\/461|[from] item: Leftovers
|callback|decision
|
|switch|p1a: Brobalion|Cobalion|324\/324
|-damage|p1a: Brobalion|314\/324|[from] Stealth Rock
|turn|21
|callback|decision
|chat|Satorin|mixed feels so rare in UU never expect it
|chat|Perennia|fuck this team, terribad.
|chat|DinaIsha|Leaf storm?
|
|move|p1a: Brobalion|Close Combat|p2a: Snorlax
|-supereffective|p2a: Snorlax
|-damage|p2a: Snorlax|0 fnt
|-unboost|p1a: Brobalion|def|1
|-unboost|p1a: Brobalion|spd|1
|faint|p2a: Snorlax
|
|callback|decision
|
|switch|p2a: Victini|Victini|181\/341
|-damage|p2a: Victini|96\/341|[from] Stealth Rock
|turn|22
|callback|decision
|chat|Wombastic|yeah satorin
|
|move|p1a: Brobalion|Stone Edge|p2a: Victini|[miss]
|-miss|p1a: Brobalion|p2a: Victini
|move|p2a: Victini|Grass Knot|p1a: Brobalion
|-resisted|p1a: Brobalion
|-damage|p1a: Brobalion|219\/324
|
|turn|23
|callback|decision
|chat|Wombastic|it would be better if it get grow
|chat|Wombastic|growth*
|chat|Perennia|lmao you outspeed?
|chat|Perennia|XD
|
|move|p1a: Brobalion|Stone Edge|p2a: Victini
|-supereffective|p2a: Victini
|-damage|p2a: Victini|0 fnt
|faint|p2a: Victini
|
|win|Bro Battington
|leave|DinaIsha
|leave|Sweep
|chat|Bro Battington|Yeah, man. Base 108
|chat|Bro Battington|Good game
|chat|Perennia|Trashing this team right nowXD
|leave|Is-keldeo
|chat|Wombastic|of course he outspeed
|leave|fat mouthbreather
|chat|Wombastic|lol
|leave|Wombastic
|join|fat mouthbreather
|leave|Bro Battington
|player|p1
|leave|Perennia
|player|p2
|leave|THE_iTodd
|join|THE_iTodd
|leave|Satorin
|leave|fat mouthbreather
|leave|THE_iTodd
|leave|Calloflochie