|join|Poluke
|join|Bro Battington
|player|p1|Poluke|5
|player|p2|Bro Battington|#coolstorybrobat
|gametype|singles
|gen|6
|tier|UU
|rated
|rule|Sleep Clause Mod: Limit one foe put to sleep
|rule|Species Clause: Limit one of each PokÃ©mon
|rule|OHKO Clause: OHKO moves are banned
|rule|Moody Clause: Moody is banned
|rule|Evasion Moves Clause: Evasion moves are banned
|rule|Endless Battle Clause: Forcing endless battles is banned
|rule|HP Percentage Mod: HP is shown in percentages
|clearpoke
|poke|p1|Crustle, M
|poke|p1|Gurdurr, M
|poke|p1|Feraligatr, M
|poke|p1|Kangaskhan, F
|poke|p1|Spiritomb, M
|poke|p1|Uxie
|poke|p2|Tornadus, M
|poke|p2|Toxicroak, M
|poke|p2|Hydreigon, M
|poke|p2|Florges, F
|poke|p2|Hippowdon, M
|poke|p2|Blastoise, M
|rule|Swagger Clause: Swagger is banned
|rule|Baton Pass Clause: Limit one PokÃ©mon knowing Baton Pass
|teampreview
|c|âPoluke|Wrong tier :'(
|c|âBro Battington|lol, I was about to say
|c|âBro Battington|Team looks nice though
|c|âPoluke|It is pretty strong for NU
|c|âPoluke|I will my points now lol
|join|memory machine
|
|start
|switch|p1a: Crustle|Crustle, M|282\/282
|switch|p2a: The Gun Show|Blastoise, M|335\/335
|turn|1
|
|detailschange|p2a: The Gun Show|Blastoise-Mega, M
|message|Blastoise has Mega Evolved into Mega Blastoise!
|move|p2a: The Gun Show|Rapid Spin|p1a: Crustle
|-resisted|p1a: Crustle
|-damage|p1a: Crustle|277\/282
|-enditem|p1a: Crustle|Red Card|[of] p2a: The Gun Show
|drag|p2a: Wither|Hydreigon, M|325\/325
|move|p1a: Crustle|Stealth Rock|p2a: Wither
|-sidestart|p2: Bro Battington|move: Stealth Rock
|
|turn|2
|
|move|p2a: Wither|U-turn|p1a: Crustle
|-damage|p1a: Crustle|227\/282
|
|switch|p2a: The Gun Show|Blastoise-Mega, M|335\/335
|-damage|p2a: The Gun Show|294\/335|[from] Stealth Rock
|move|p1a: Crustle|Spikes|p2a: The Gun Show
|-sidestart|p2: Bro Battington|Spikes
|
|turn|3
|
|switch|p1a: Spiritomb|Spiritomb, M|304\/304
|-ability|p1a: Spiritomb|Pressure
|move|p2a: The Gun Show|Hydro Pump|p1a: Spiritomb
|-damage|p1a: Spiritomb|145\/304
|
|turn|4
|
|move|p2a: The Gun Show|Hydro Pump|p1a: Spiritomb
|-damage|p1a: Spiritomb|0 fnt
|faint|p1a: Spiritomb
|
|
|switch|p1a: Uxie|Uxie|353\/353
|turn|5
|
|move|p1a: Uxie|Substitute|p1a: Uxie
|-start|p1a: Uxie|Substitute
|-damage|p1a: Uxie|265\/353
|move|p2a: The Gun Show|Rapid Spin|p1a: Uxie
|-activate|p1a: Uxie|Substitute|[damage]
|-sideend|p2: Bro Battington|Spikes|[from] move: Rapid Spin|[of] p2a: The Gun Show
|-sideend|p2: Bro Battington|Stealth Rock|[from] move: Rapid Spin|[of] p2a: The Gun Show
|
|-heal|p1a: Uxie|287\/353|[from] item: Leftovers
|turn|6
|
|move|p1a: Uxie|Calm Mind|p1a: Uxie
|-boost|p1a: Uxie|spa|1
|-boost|p1a: Uxie|spd|1
|move|p2a: The Gun Show|Dark Pulse|p1a: Uxie
|-supereffective|p1a: Uxie
|-end|p1a: Uxie|Substitute
|
|-heal|p1a: Uxie|309\/353|[from] item: Leftovers
|turn|7
|
|move|p1a: Uxie|Calm Mind|p1a: Uxie
|-boost|p1a: Uxie|spa|1
|-boost|p1a: Uxie|spd|1
|move|p2a: The Gun Show|Dark Pulse|p1a: Uxie
|-supereffective|p1a: Uxie
|-damage|p1a: Uxie|169\/353
|
|-heal|p1a: Uxie|191\/353|[from] item: Leftovers
|turn|8
|
|move|p1a: Uxie|Giga Drain|p2a: The Gun Show
|-supereffective|p2a: The Gun Show
|-damage|p2a: The Gun Show|116\/335
|-heal|p1a: Uxie|280\/353|[from] drain|[of] p2a: The Gun Show
|move|p2a: The Gun Show|Dark Pulse|p1a: Uxie
|-supereffective|p1a: Uxie
|-damage|p1a: Uxie|154\/353
|
|-heal|p1a: Uxie|176\/353|[from] item: Leftovers
|turn|9
|c|âBro Battington|Can't say I was ready for that
|
|move|p1a: Uxie|Giga Drain|p2a: The Gun Show
|-crit|p2a: The Gun Show
|-supereffective|p2a: The Gun Show
|-damage|p2a: The Gun Show|0 fnt
|-heal|p1a: Uxie|234\/353|[from] drain|[of] p2a: The Gun Show
|faint|p2a: The Gun Show
|
|-heal|p1a: Uxie|256\/353|[from] item: Leftovers
|
|switch|p2a: Twista|Tornadus, M|325\/325
|turn|10
|c|âPoluke|I like this set
|
|move|p2a: Twista|Knock Off|p1a: Uxie
|-supereffective|p1a: Uxie
|-damage|p1a: Uxie|148\/353
|-enditem|p1a: Uxie|Leftovers|[from] move: Knock Off|[of] p2a: Twista
|move|p1a: Uxie|Psyshock|p2a: Twista
|-damage|p2a: Twista|109\/325
|
|turn|11
|
|switch|p2a: Wither|Hydreigon, M|325\/325
|move|p1a: Uxie|Psyshock|p2a: Wither
|-immune|p2a: Wither|[msg]
|
|turn|12
|
|move|p2a: Wither|Dark Pulse|p1a: Uxie
|-supereffective|p1a: Uxie
|-damage|p1a: Uxie|38\/353
|move|p1a: Uxie|Giga Drain|p2a: Wither
|-resisted|p2a: Wither
|-damage|p2a: Wither|271\/325
|-heal|p1a: Uxie|65\/353|[from] drain|[of] p2a: Wither
|
|turn|13
|
|move|p2a: Wither|Dark Pulse|p1a: Uxie
|-supereffective|p1a: Uxie
|-damage|p1a: Uxie|0 fnt
|faint|p1a: Uxie
|
|
|switch|p1a: Crustle|Crustle, M|227\/282
|turn|14
|
|move|p2a: Wither|Dark Pulse|p1a: Crustle
|-damage|p1a: Crustle|41\/282
|cant|p1a: Crustle|flinch
|
|turn|15
|c|âBro Battington|Sorry
|c|âPoluke|Ah
|
|move|p2a: Wither|Dark Pulse|p1a: Crustle
|-damage|p1a: Crustle|0 fnt
|faint|p1a: Crustle
|
|
|switch|p1a: Gurdurr|Gurdurr, M|374\/374
|turn|16
|
|switch|p2a: Wanda|Florges, F|360\/360
|move|p1a: Gurdurr|Drain Punch|p2a: Wanda
|-resisted|p2a: Wanda
|-damage|p2a: Wanda|301\/360
|
|-heal|p2a: Wanda|323\/360|[from] item: Leftovers
|turn|17
|
|switch|p1a: Feraligatr|Feraligatr, M|312\/312
|move|p2a: Wanda|Moonblast|p1a: Feraligatr
|-damage|p1a: Feraligatr|176\/312
|
|-heal|p2a: Wanda|345\/360|[from] item: Leftovers
|turn|18
|
|switch|p2a: ToxiCRUNK|Toxicroak, M|307\/307
|move|p1a: Feraligatr|Dragon Dance|p1a: Feraligatr
|-boost|p1a: Feraligatr|atk|1
|-boost|p1a: Feraligatr|spe|1
|
|turn|19
|
|move|p2a: ToxiCRUNK|Sucker Punch|p1a: Feraligatr
|-fail|p1a: Feraligatr
|move|p1a: Feraligatr|Substitute|p1a: Feraligatr
|-start|p1a: Feraligatr|Substitute
|-damage|p1a: Feraligatr|98\/312
|
|turn|20
|
|move|p2a: ToxiCRUNK|Sucker Punch|p1a: Feraligatr
|-fail|p1a: Feraligatr
|move|p1a: Feraligatr|Dragon Dance|p1a: Feraligatr
|-boost|p1a: Feraligatr|atk|1
|-boost|p1a: Feraligatr|spe|1
|
|turn|21
|join|Volbeatdown
|
|move|p2a: ToxiCRUNK|Sucker Punch|p1a: Feraligatr
|-crit|p1a: Feraligatr
|-end|p1a: Feraligatr|Substitute
|-damage|p2a: ToxiCRUNK|277\/307|[from] item: Life Orb
|move|p1a: Feraligatr|Crunch|p2a: ToxiCRUNK
|-resisted|p2a: ToxiCRUNK
|-damage|p2a: ToxiCRUNK|144\/307
|-unboost|p2a: ToxiCRUNK|def|1
|
|turn|22
|c|âBro Battington|well
|
|move|p2a: ToxiCRUNK|Sucker Punch|p1a: Feraligatr
|-fail|p1a: Feraligatr
|move|p1a: Feraligatr|Substitute|p1a: Feraligatr
|-start|p1a: Feraligatr|Substitute
|-damage|p1a: Feraligatr|20\/312
|
|turn|23
|
|move|p1a: Feraligatr|Crunch|p2a: ToxiCRUNK
|-resisted|p2a: ToxiCRUNK
|-damage|p2a: ToxiCRUNK|0 fnt
|faint|p2a: ToxiCRUNK
|
|c| Volbeatdown|mfw brobat loses to NU
|c|âBro Battington|gg. Folded, sad part is I canceled and hit Drain Punch lol
|
|switch|p2a: Wither|Hydreigon, M|271\/325
|turn|24
|
|move|p1a: Feraligatr|Waterfall|p2a: Wither
|-resisted|p2a: Wither
|-damage|p2a: Wither|48\/325
|cant|p2a: Wither|flinch
|
|turn|25
|
|move|p1a: Feraligatr|Waterfall|p2a: Wither
|-resisted|p2a: Wither
|-damage|p2a: Wither|0 fnt
|faint|p2a: Wither
|
|join|meeowiekins
|leave|Volbeatdown
|
|switch|p2a: Wanda|Florges, F|345\/360
|turn|26
|
|move|p1a: Feraligatr|Waterfall|p2a: Wanda
|-damage|p2a: Wanda|0 fnt
|faint|p2a: Wanda
|
|
|switch|p2a: Twista|Tornadus, M|109\/325
|turn|27
|
|move|p1a: Feraligatr|Waterfall|p2a: Twista
|-damage|p2a: Twista|0 fnt
|faint|p2a: Twista
|
|
|switch|p2a: Hippow Da Don|Hippowdon, M|420\/420
|turn|28
|c| meeowiekins|is that the fabled
|
|move|p1a: Feraligatr|Waterfall|p2a: Hippow Da Don
|-supereffective|p2a: Hippow Da Don
|-damage|p2a: Hippow Da Don|0 fnt
|faint|p2a: Hippow Da Don
|
|win|Poluke
|raw|Ladder updating...
|c| meeowiekins|ice fang hippow
|raw|Poluke's rating: 1473 &rarr; <strong>1499<\/strong><br \/>(+26 for winning)
|raw|Bro Battington's rating: 1569 &rarr; <strong>1543<\/strong><br \/>(-26 for losing)
|leave|Bro Battington
|player|p2
|leave|meeowiekins
|c|âPoluke|yay! :)