|join|Bro Battington
|join|Raevon
|player|p1|Bro Battington|#coolstorybrobat
|player|p2|Raevon|110
|gametype|singles
|gen|6
|tier|UU
|rated
|rule|Sleep Clause Mod: Limit one foe put to sleep
|rule|Species Clause: Limit one of each PokÃ©mon
|rule|OHKO Clause: OHKO moves are banned
|rule|Moody Clause: Moody is banned
|rule|Evasion Moves Clause: Evasion moves are banned
|rule|Endless Battle Clause: Forcing endless battles is banned
|rule|HP Percentage Mod: HP is shown in percentages
|clearpoke
|poke|p1|Hawlucha, M
|poke|p1|Nidoking, M
|poke|p1|Chandelure, M
|poke|p1|Ampharos, F
|poke|p1|Mew
|poke|p1|Snorlax, M
|poke|p2|Alomomola, F
|poke|p2|Slowbro, F
|poke|p2|Goodra, M
|poke|p2|Hippowdon, M
|poke|p2|Umbreon, F
|poke|p2|Forretress, M
|rule|Swagger Clause: Swagger is banned
|rule|Baton Pass Clause: Limit one PokÃ©mon knowing Baton Pass
|teampreview
|
|start
|switch|p1a: Burger King|Nidoking, M|303\/303
|switch|p2a: Hippowdon|Hippowdon, M|357\/357
|-weather|Sandstorm
|turn|1
|join|Happee
|join|3f3qf3qf
|
|switch|p1a: Light Mew|Mew|404\/404
|move|p2a: Hippowdon|Earthquake|p1a: Light Mew
|-damage|p1a: Light Mew|263\/404
|
|-weather|Sandstorm|[upkeep]
|-damage|p1a: Light Mew|238\/404|[from] sandstorm
|-heal|p1a: Light Mew|263\/404|[from] item: Leftovers
|turn|2
|chat|3f3qf3qf|use eq
|chat|3f3qf3qf|he predicted rocks smh
|
|switch|p2a: Goodra|Goodra, M|384\/384
|move|p1a: Light Mew|Defog|p2a: Goodra
|-unboost|p2a: Goodra|evasion|1
|
|-weather|Sandstorm|[upkeep]
|-damage|p1a: Light Mew|238\/404|[from] sandstorm
|-damage|p2a: Goodra|360\/384|[from] sandstorm
|-heal|p1a: Light Mew|263\/404|[from] item: Leftovers
|turn|3
|
|switch|p1a: Rick Ross|Snorlax, M|497\/497
|move|p2a: Goodra|Draco Meteor|p1a: Rick Ross
|-damage|p1a: Rick Ross|272\/497
|-unboost|p2a: Goodra|spa|2
|
|-weather|Sandstorm|[upkeep]
|-damage|p2a: Goodra|336\/384|[from] sandstorm
|-damage|p1a: Rick Ross|241\/497|[from] sandstorm
|-heal|p1a: Rick Ross|272\/497|[from] item: Leftovers
|turn|4
|
|switch|p2a: Alomomola|Alomomola, F|534\/534
|switch|p1a: Burger King|Nidoking, M|303\/303
|
|-weather|Sandstorm|[upkeep]
|-damage|p2a: Alomomola|501\/534|[from] sandstorm
|-heal|p2a: Alomomola|534\/534|[from] item: Leftovers
|turn|5
|
|switch|p2a: Slowbro|Slowbro, F|331\/331
|move|p1a: Burger King|Earth Power|p2a: Slowbro
|-damage|p2a: Slowbro|214\/331
|
|-weather|none
|turn|6
|chat|Bro Battington|AV Bro...that's just sinful
|chat|Bro Battington|:[
|chat|Raevon|o.o
|
|move|p1a: Burger King|Sludge Wave|p2a: Slowbro
|-damage|p2a: Slowbro|93\/331
|move|p2a: Slowbro|Scald|p1a: Burger King
|-supereffective|p1a: Burger King
|-damage|p1a: Burger King|13\/303
|-status|p1a: Burger King|brn
|
|-damage|p1a: Burger King|0 fnt|[from] brn
|faint|p1a: Burger King
|chat|Happee|;-;
|chat|Bro Battington|So is that
|chat|Happee|slowbro doesn't like what you said ;-;
|chat|Raevon|._. sry
|
|switch|p1a: Candleja|Chandelure, M|261\/261
|turn|7
|
|switch|p2a: Hippowdon|Hippowdon, M|357\/357
|-weather|Sandstorm
|move|p1a: Candleja|Trick|p2a: Hippowdon
|-activate|p1a: Candleja|move: Trick|[of] p2a: Hippowdon
|-item|p2a: Hippowdon|Choice Scarf|[from] move: Trick
|
|-weather|Sandstorm|[upkeep]
|-damage|p1a: Candleja|245\/261|[from] sandstorm
|turn|8
|
|switch|p1a: MUCHA LUCHA|Hawlucha, M|304\/304
|move|p2a: Hippowdon|Stone Edge|p1a: MUCHA LUCHA
|-damage|p1a: MUCHA LUCHA|183\/304
|
|-weather|Sandstorm|[upkeep]
|-damage|p1a: MUCHA LUCHA|164\/304|[from] sandstorm
|turn|9
|chat|Happee|?
|chat|Happee|to take knock offs?
|chat|Bro Battington|?
|chat|Bro Battington|no, just to mess up defensive things
|chat|Raevon|Yup
|join|Colbrushie
|chat|Happee|no utem hippo
|chat|Happee|item*
|chat|Bro Battington|oh
|chat|Bro Battington|That's overly bold
|chat|Happee|^
|chat|Raevon|I have two wish passers
|
|switch|p1a: Amp Champ|Ampharos, F|383\/383
|move|p2a: Hippowdon|Stone Edge|p1a: Amp Champ
|-damage|p1a: Amp Champ|304\/383
|
|-weather|Sandstorm|[upkeep]
|-damage|p1a: Amp Champ|281\/383|[from] sandstorm
|turn|10
|chat|Bro Battington|Still overly bold
|chat|3f3qf3qf|bullkin
|chat|Happee|y not rocky helmet ?
|
|switch|p2a: Umbreon|Umbreon, F|386\/386
|detailschange|p1a: Amp Champ|Ampharos-Mega, F
|message|Ampharos has Mega Evolved into Mega Ampharos!
|-ability|p1a: Amp Champ|Mold Breaker
|move|p1a: Amp Champ|Volt Switch|p2a: Umbreon
|-damage|p2a: Umbreon|302\/386
|
|switch|p1a: Rick Ross|Snorlax, M|272\/497
|
|-weather|Sandstorm|[upkeep]
|-damage|p2a: Umbreon|278\/386|[from] sandstorm
|-damage|p1a: Rick Ross|241\/497|[from] sandstorm
|-heal|p2a: Umbreon|302\/386|[from] item: Leftovers
|-heal|p1a: Rick Ross|272\/497|[from] item: Leftovers
|turn|11
|chat|Raevon|\/me shrugs. "Just made the team."
|
|move|p2a: Umbreon|Taunt|p1a: Rick Ross
|-start|p1a: Rick Ross|move: Taunt
|cant|p1a: Rick Ross|move: Taunt|Curse
|
|-weather|none
|-heal|p2a: Umbreon|326\/386|[from] item: Leftovers
|-heal|p1a: Rick Ross|303\/497|[from] item: Leftovers
|turn|12
|chat|Happee|lol
|chat|Bro Battington|Man
|chat|Bro Battington|I hate you
|chat|Raevon|Ha
|chat|Bro Battington|So if Umbreon's runing WIsh and Taunt
|chat|Raevon|I know it's brobat so I am thinking
|chat|Colbrushie|how the hell does moon moon rile you up anyways
|chat|Bro Battington|Because he's the only Taunt Umbreon in the world and it actually helped him right here
|
|switch|p1a: Amp Champ|Ampharos-Mega, F|281\/383
|-ability|p1a: Amp Champ|Mold Breaker
|move|p2a: Umbreon|Wish|p2a: Umbreon
|
|-heal|p2a: Umbreon|350\/386|[from] item: Leftovers
|turn|13
|chat|Colbrushie|scarf galv?
|chat|Bro Battington|Let go of #SBLT 3 already
|
|switch|p2a: Hippowdon|Hippowdon, M|357\/357
|-weather|Sandstorm
|move|p1a: Amp Champ|Dragon Pulse|p2a: Hippowdon
|-damage|p2a: Hippowdon|221\/357
|
|-weather|Sandstorm|[upkeep]
|-damage|p1a: Amp Champ|258\/383|[from] sandstorm
|-heal|p2a: Hippowdon|357\/357|[from] move: Wish|[wisher] Umbreon
|turn|14
|chat|Colbrushie|No
|chat|Bro Battington|Please?
|chat|Colbrushie|N-
|chat|Colbrushie|no
|chat|Colbrushie|No!
|
|move|p2a: Hippowdon|Stealth Rock|p1a: Amp Champ
|-sidestart|p1: Bro Battington|move: Stealth Rock
|move|p1a: Amp Champ|Rest|p1a: Amp Champ
|-status|p1a: Amp Champ|slp
|-heal|p1a: Amp Champ|383\/383 slp|[silent]
|-status|p1a: Amp Champ|slp|[from] move: Rest
|
|-weather|Sandstorm|[upkeep]
|-damage|p1a: Amp Champ|360\/383 slp|[from] sandstorm
|turn|15
|
|switch|p2a: Goodra|Goodra, M|336\/384
|cant|p1a: Amp Champ|slp
|move|p1a: Amp Champ|Sleep Talk|p1a: Amp Champ
|move|p1a: Amp Champ|Dragon Pulse|p2a: Goodra|[from]Sleep Talk
|-supereffective|p2a: Goodra
|-damage|p2a: Goodra|112\/384
|
|-weather|Sandstorm|[upkeep]
|-damage|p2a: Goodra|88\/384|[from] sandstorm
|-damage|p1a: Amp Champ|337\/383 slp|[from] sandstorm
|turn|16
|chat|Bro Battington|I picked a bad game to get into with such a short time constraint
|chat|Bro Battington|Can't switch windows now
|chat|Raevon|Oh damn
|
|switch|p1a: Light Mew|Mew|263\/404
|-damage|p1a: Light Mew|213\/404|[from] Stealth Rock
|move|p2a: Goodra|Draco Meteor|p1a: Light Mew
|-damage|p1a: Light Mew|0 fnt
|-unboost|p2a: Goodra|spa|2
|faint|p1a: Light Mew
|
|-weather|Sandstorm|[upkeep]
|-damage|p2a: Goodra|64\/384|[from] sandstorm
|chat|3f3qf3qf|I mean u could
|chat|Colbrushie|want me
|chat|Colbrushie|to calc for you?
|chat|Bro Battington|nah...I'm good
|chat|3f3qf3qf|how much does your online pokemon account matter to you
|chat|Bro Battington|Well I got in the game I figured I'd finish it
|chat|Bro Battington|Not that much
|
|switch|p1a: MUCHA LUCHA|Hawlucha, M|164\/304
|-damage|p1a: MUCHA LUCHA|126\/304|[from] Stealth Rock
|-enditem|p1a: MUCHA LUCHA|Sitrus Berry|[eat]
|-heal|p1a: MUCHA LUCHA|202\/304|[from] item: Sitrus Berry
|turn|17
|chat|Colbrushie|yo
|chat|Colbrushie|demote sniperaim
|chat|Colbrushie|http:\/\/puu.sh\/b2R6E\/1e0cee65fe.png
|
|switch|p2a: Forretress|Forretress, M|354\/354
|move|p1a: MUCHA LUCHA|Substitute|p1a: MUCHA LUCHA
|-start|p1a: MUCHA LUCHA|Substitute
|-damage|p1a: MUCHA LUCHA|126\/304
|
|-weather|none
|turn|18
|chat|3f3qf3qf|could you get off aand never come back
|
|move|p1a: MUCHA LUCHA|Swords Dance|p1a: MUCHA LUCHA
|-boost|p1a: MUCHA LUCHA|atk|2
|move|p2a: Forretress|Spikes|p1a: MUCHA LUCHA
|-sidestart|p1: Bro Battington|Spikes
|
|turn|19
|chat|Bro Battington|ugh red card
|
|move|p1a: MUCHA LUCHA|Acrobatics|p2a: Forretress
|-damage|p2a: Forretress|120\/354
|-damage|p1a: MUCHA LUCHA|76\/304|[from] item: Rocky Helmet|[of] p2a: Forretress
|move|p2a: Forretress|Volt Switch|p1a: MUCHA LUCHA
|-supereffective|p1a: MUCHA LUCHA
|-end|p1a: MUCHA LUCHA|Substitute
|chat|Colbrushie|nop
|chat|Bro Battington|oh
|chat|Colbrushie|rused
|chat|Happee|o3o
|chat|Bro Battington|almost equally gay
|
|switch|p2a: Hippowdon|Hippowdon, M|357\/357
|-weather|Sandstorm
|
|-weather|Sandstorm|[upkeep]
|-damage|p1a: MUCHA LUCHA|57\/304|[from] sandstorm
|turn|20
|chat|Bro Battington|Rocky Helmet :l
|chat|3f3qf3qf|hes eqing
|
|move|p1a: MUCHA LUCHA|High Jump Kick|p2a: Hippowdon
|-damage|p2a: Hippowdon|54\/357
|move|p2a: Hippowdon|Stone Edge|p1a: MUCHA LUCHA
|-crit|p1a: MUCHA LUCHA
|-damage|p1a: MUCHA LUCHA|0 fnt
|faint|p1a: MUCHA LUCHA
|
|-weather|Sandstorm|[upkeep]
|chat|3f3qf3qf|lol
|
|switch|p1a: Rick Ross|Snorlax, M|303\/497
|-damage|p1a: Rick Ross|241\/497|[from] Stealth Rock
|-damage|p1a: Rick Ross|179\/497|[from] Spikes
|turn|21
|chat|Colbrushie|damn 
|chat|Colbrushie|that is a hippo
|
|switch|p2a: Umbreon|Umbreon, F|350\/386
|move|p1a: Rick Ross|Curse|p1a: Rick Ross
|-boost|p1a: Rick Ross|atk|1
|-boost|p1a: Rick Ross|def|1
|-unboost|p1a: Rick Ross|spe|1
|
|-weather|Sandstorm|[upkeep]
|-damage|p2a: Umbreon|326\/386|[from] sandstorm
|-damage|p1a: Rick Ross|148\/497|[from] sandstorm
|-heal|p2a: Umbreon|350\/386|[from] item: Leftovers
|-heal|p1a: Rick Ross|179\/497|[from] item: Leftovers
|turn|22
|
|move|p2a: Umbreon|Foul Play|p1a: Rick Ross
|-damage|p1a: Rick Ross|43\/497
|move|p1a: Rick Ross|Body Slam|p2a: Umbreon
|-damage|p2a: Umbreon|200\/386
|
|-weather|Sandstorm|[upkeep]
|-damage|p2a: Umbreon|176\/386|[from] sandstorm
|-damage|p1a: Rick Ross|12\/497|[from] sandstorm
|-heal|p2a: Umbreon|200\/386|[from] item: Leftovers
|-heal|p1a: Rick Ross|43\/497|[from] item: Leftovers
|turn|23
|chat|Colbrushie|oof
|
|move|p2a: Umbreon|Foul Play|p1a: Rick Ross
|-damage|p1a: Rick Ross|0 fnt
|faint|p1a: Rick Ross
|
|-weather|none
|-heal|p2a: Umbreon|224\/386|[from] item: Leftovers
|
|switch|p1a: Candleja|Chandelure, M|245\/261
|-damage|p1a: Candleja|180\/261|[from] Stealth Rock
|-damage|p1a: Candleja|148\/261|[from] Spikes
|turn|24
|
|move|p1a: Candleja|Fire Blast|p2a: Umbreon
|-damage|p2a: Umbreon|97\/386
|move|p2a: Umbreon|Wish|p2a: Umbreon
|
|-heal|p2a: Umbreon|121\/386|[from] item: Leftovers
|turn|25
|
|switch|p2a: Slowbro|Slowbro, F|203\/331
|move|p1a: Candleja|Fire Blast|p2a: Slowbro
|-resisted|p2a: Slowbro
|-damage|p2a: Slowbro|146\/331
|
|-heal|p2a: Slowbro|331\/331|[from] move: Wish|[wisher] Umbreon
|turn|26
|
|move|p1a: Candleja|Shadow Ball|p2a: Slowbro
|-supereffective|p2a: Slowbro
|-damage|p2a: Slowbro|139\/331
|move|p2a: Slowbro|Scald|p1a: Candleja
|-supereffective|p1a: Candleja
|-damage|p1a: Candleja|0 fnt
|faint|p1a: Candleja
|
|
|switch|p1a: Amp Champ|Ampharos-Mega, F|337\/383 slp
|-damage|p1a: Amp Champ|290\/383 slp|[from] Stealth Rock
|-damage|p1a: Amp Champ|243\/383 slp|[from] Spikes
|-ability|p1a: Amp Champ|Mold Breaker
|turn|27
|
|cant|p1a: Amp Champ|slp
|move|p2a: Slowbro|Psyshock|p1a: Amp Champ
|-damage|p1a: Amp Champ|174\/383 slp
|
|turn|28
|
|-curestatus|p1a: Amp Champ|slp
|move|p1a: Amp Champ|Volt Switch|p2a: Slowbro
|-supereffective|p2a: Slowbro
|-damage|p2a: Slowbro|0 fnt
|faint|p2a: Slowbro
|
|chat|Bro Battington|Hey look. Not a 6-0
|
|switch|p2a: Umbreon|Umbreon, F|121\/386
|turn|29
|
|move|p2a: Umbreon|Wish|p2a: Umbreon
|move|p1a: Amp Champ|Rest|p1a: Amp Champ
|-status|p1a: Amp Champ|slp
|-heal|p1a: Amp Champ|383\/383 slp|[silent]
|-status|p1a: Amp Champ|slp|[from] move: Rest
|
|-heal|p2a: Umbreon|145\/386|[from] item: Leftovers
|turn|30
|chat|Happee|;-; u got this csb
|
|move|p2a: Umbreon|Taunt|p1a: Amp Champ
|-start|p1a: Amp Champ|move: Taunt
|cant|p1a: Amp Champ|slp
|cant|p1a: Amp Champ|move: Taunt|Sleep Talk
|
|-heal|p2a: Umbreon|338\/386|[from] move: Wish|[wisher] Umbreon
|-heal|p2a: Umbreon|362\/386|[from] item: Leftovers
|turn|31
|chat|Colbrushie|taunt tho
|chat|Bro Battington|And that's why I didn't Rest
|chat|Bro Battington|If I did I might've done something better than this
|chat|Happee|you will parahax him to death
|
|move|p2a: Umbreon|Wish|p2a: Umbreon
|cant|p1a: Amp Champ|slp
|
|-heal|p2a: Umbreon|386\/386|[from] item: Leftovers
|turn|32
|
|switch|p2a: Goodra|Goodra, M|64\/384
|-curestatus|p1a: Amp Champ|slp
|move|p1a: Amp Champ|Dragon Pulse|p2a: Goodra
|-supereffective|p2a: Goodra
|-damage|p2a: Goodra|0 fnt
|faint|p2a: Goodra
|
|-end|p1a: Amp Champ|move: Taunt
|chat|Colbrushie|oof
|chat|Raevon|Ouch. e.e
|chat|Bro Battington|It's cool you got Scarf Hippo
|
|switch|p2a: Hippowdon|Hippowdon, M|54\/357
|-weather|Sandstorm
|turn|33
|
|move|p2a: Hippowdon|Earthquake|p1a: Amp Champ
|-supereffective|p1a: Amp Champ
|-damage|p1a: Amp Champ|177\/383
|move|p1a: Amp Champ|Dragon Pulse|p2a: Hippowdon
|-damage|p2a: Hippowdon|0 fnt
|faint|p2a: Hippowdon
|
|-weather|Sandstorm|[upkeep]
|-damage|p1a: Amp Champ|154\/383|[from] sandstorm
|chat|Happee|lol
|
|switch|p2a: Umbreon|Umbreon, F|386\/386
|turn|34
|chat|Bro Battington|Umbreon (kinda?) wins anyway
|chat|Bro Battington|If only
|chat|Bro Battington|And strictly only
|chat|Colbrushie|Is
|chat|Colbrushie|Is he
|chat|Bro Battington|Because it has Taunt
|chat|Happee|parahax to death
|chat|Colbrushie|Curse Stored Power?
|
|move|p2a: Umbreon|Taunt|p1a: Amp Champ
|-start|p1a: Amp Champ|move: Taunt
|move|p1a: Amp Champ|Dragon Pulse|p2a: Umbreon
|-damage|p2a: Umbreon|292\/386
|
|-weather|Sandstorm|[upkeep]
|-damage|p2a: Umbreon|268\/386|[from] sandstorm
|-damage|p1a: Amp Champ|131\/383|[from] sandstorm
|-heal|p2a: Umbreon|292\/386|[from] item: Leftovers
|turn|35
|chat|Happee|;-;
|chat|Bro Battington|Cause if you didn't have Taunt I could at least stall you out
|chat|Happee|crit and no wish
|
|move|p2a: Umbreon|Foul Play|p1a: Amp Champ
|-damage|p1a: Amp Champ|68\/383
|move|p1a: Amp Champ|Dragon Pulse|p2a: Umbreon
|-damage|p2a: Umbreon|202\/386
|
|-weather|Sandstorm|[upkeep]
|-damage|p2a: Umbreon|178\/386|[from] sandstorm
|-damage|p1a: Amp Champ|45\/383|[from] sandstorm
|-heal|p2a: Umbreon|202\/386|[from] item: Leftovers
|turn|36
|chat|Raevon|that was a gg tho o.o
|chat|Raevon|I run awkward uymbreon and hippo
|join|Technosis
|chat|Bro Battington|it helped here
|chat|Bro Battington|gg
|chat|Technosis|You highlight me?
|chat|Raevon|EVs: 144 Atk \/ 112 Def \/ 252 SpD
|chat|Bro Battington|I was highlighting yu to mute somebody
|chat|Raevon|Hippos Ev's
|chat|Bro Battington|But I went and did it myself
|chat|Technosis|Oh, I'm sorry
|chat|Bro Battington|it's cool
|chat|Raevon|No Item, AND no HP
|chat|Bro Battington|bout to leave after dis anyway
|chat|Technosis|I honestly forgot this is open have the time
|chat|Technosis|*forget
|chat|Bro Battington|An HP-less Hippowdon
|chat|Bro Battington|Man the stuff I take Ls to sometimes
|chat|Happee|why this spread though?
|chat|Bro Battington|^
|chat|Technosis|also what?
|join|dudman
|chat|Technosis|Why does Hippo have no HP?
|chat|Technosis|and no item?
|chat|Raevon|Pack an uexpected punch and so absorb some special attack while still using hippos good defence.
|chat|Raevon|No item to tank knock off
|chat|Bro Battington|Technically though if you invest HP you can optimize that spread
|chat|Colbrushie|knock off isn't gonna hurt anyways
|chat|Technosis|Yeah.... orrr
|chat|Technosis|you could just invest in HP and Defense
|chat|Bro Battington|It seems inefficient without HP since you lose general bulk
|chat|Technosis|and tank Knock offs and oh so much more
|chat|Colbrushie|HP investment is better than defense investment unless you're Blissey\/Alom
|chat|Happee|^
|chat|Technosis|At least that's what I'd do
|
|move|p2a: Umbreon|Foul Play|p1a: Amp Champ
|-damage|p1a: Amp Champ|0 fnt
|faint|p1a: Amp Champ
|
|win|Raevon
|raw|Ladder updating...
|raw|Bro Battington's rating: 1509 &rarr; <strong>1480<\/strong><br \/>(-29 for losing)
|raw|Raevon's rating: 1326 &rarr; <strong>1356<\/strong><br \/>(+30 for winning)
|chat|Bro Battington|well gg
|chat|Raevon|I thought I clicked that ages ago
|chat|Raevon|._.
|chat|Raevon|gg
|leave|Bro Battington
|player|p1
|leave|Happee
|leave|Technosis
|leave|Colbrushie