|join|Dad's Dad
|join|Bro Battington
|player|p1|Dad's Dad|2
|player|p2|Bro Battington|#coolstorybrobat
|gametype|singles
|gen|6
|tier|UU
|rated
|rule|Sleep Clause Mod: Limit one foe put to sleep
|rule|Species Clause: Limit one of each PokÃ©mon
|rule|OHKO Clause: OHKO moves are banned
|rule|Moody Clause: Moody is banned
|rule|Evasion Moves Clause: Evasion moves are banned
|rule|Endless Battle Clause: Forcing endless battles is banned
|rule|HP Percentage Mod: HP is shown in percentages
|clearpoke
|poke|p1|Snorlax, M, shiny
|poke|p1|Aromatisse, M, shiny
|poke|p1|Jirachi, shiny
|poke|p1|Sableye, M
|poke|p1|Hawlucha, F
|poke|p1|Suicune
|poke|p2|Tornadus, M
|poke|p2|Rotom-Heat
|poke|p2|Toxicroak, M
|poke|p2|Florges, F
|poke|p2|Hippowdon, M
|poke|p2|Blastoise, M
|rule|Swagger Clause: Swagger is banned
|rule|Baton Pass Clause: Limit one PokÃ©mon knowing Baton Pass
|teampreview
|chat|Bro Battington|Your team can go kill itself
|chat|Dad's Dad|cool
|
|start
|switch|p1a: (Not) Dad's Dad|Jirachi, shiny|404\/404
|switch|p2a: Oven Mitts|Rotom-Heat|241\/241
|turn|1
|
|move|p1a: (Not) Dad's Dad|Protect|p1a: (Not) Dad's Dad
|-singleturn|p1a: (Not) Dad's Dad|Protect
|move|p2a: Oven Mitts|Trick|p1a: (Not) Dad's Dad
|-activate|p1a: (Not) Dad's Dad|Protect
|
|turn|2
|
|move|p2a: Oven Mitts|Trick|p1a: (Not) Dad's Dad
|-activate|p2a: Oven Mitts|move: Trick|[of] p1a: (Not) Dad's Dad
|-item|p1a: (Not) Dad's Dad|Choice Scarf|[from] move: Trick
|-item|p2a: Oven Mitts|Leftovers|[from] move: Trick
|move|p1a: (Not) Dad's Dad|Stealth Rock|p2a: Oven Mitts
|-sidestart|p2: Bro Battington|move: Stealth Rock
|
|turn|3
|
|switch|p1a: FeelingKingKToday|Snorlax, M, shiny|497\/497
|move|p2a: Oven Mitts|Overheat|p1a: FeelingKingKToday
|-damage|p1a: FeelingKingKToday|404\/497
|-unboost|p2a: Oven Mitts|spa|2
|
|-heal|p1a: FeelingKingKToday|435\/497|[from] item: Leftovers
|turn|4
|
|move|p2a: Oven Mitts|Volt Switch|p1a: FeelingKingKToday
|-damage|p1a: FeelingKingKToday|390\/497
|
|switch|p2a: Hippow Da Don|Hippowdon, M|420\/420
|-damage|p2a: Hippow Da Don|394\/420|[from] Stealth Rock
|move|p1a: FeelingKingKToday|Body Slam|p2a: Hippow Da Don
|-damage|p2a: Hippow Da Don|304\/420
|-status|p2a: Hippow Da Don|par
|
|-heal|p1a: FeelingKingKToday|421\/497|[from] item: Leftovers
|-heal|p2a: Hippow Da Don|330\/420 par|[from] item: Leftovers
|turn|5
|
|move|p1a: FeelingKingKToday|Curse|p1a: FeelingKingKToday
|-boost|p1a: FeelingKingKToday|atk|1
|-boost|p1a: FeelingKingKToday|def|1
|-unboost|p1a: FeelingKingKToday|spe|1
|cant|p2a: Hippow Da Don|par
|
|-heal|p1a: FeelingKingKToday|452\/497|[from] item: Leftovers
|-heal|p2a: Hippow Da Don|356\/420 par|[from] item: Leftovers
|turn|6
|
|move|p1a: FeelingKingKToday|Curse|p1a: FeelingKingKToday
|-boost|p1a: FeelingKingKToday|atk|1
|-boost|p1a: FeelingKingKToday|def|1
|-unboost|p1a: FeelingKingKToday|spe|1
|cant|p2a: Hippow Da Don|par
|
|-heal|p1a: FeelingKingKToday|483\/497|[from] item: Leftovers
|-heal|p2a: Hippow Da Don|382\/420 par|[from] item: Leftovers
|turn|7
|chat|Bro Battington|really
|
|move|p1a: FeelingKingKToday|Body Slam|p2a: Hippow Da Don
|-damage|p2a: Hippow Da Don|229\/420 par
|move|p2a: Hippow Da Don|Stealth Rock|p1a: FeelingKingKToday
|-sidestart|p1: Dad's Dad|move: Stealth Rock
|
|-heal|p1a: FeelingKingKToday|497\/497|[from] item: Leftovers
|-heal|p2a: Hippow Da Don|255\/420 par|[from] item: Leftovers
|turn|8
|
|move|p1a: FeelingKingKToday|Body Slam|p2a: Hippow Da Don
|-damage|p2a: Hippow Da Don|104\/420 par
|cant|p2a: Hippow Da Don|par
|
|-heal|p2a: Hippow Da Don|130\/420 par|[from] item: Leftovers
|turn|9
|
|move|p1a: FeelingKingKToday|Body Slam|p2a: Hippow Da Don
|-damage|p2a: Hippow Da Don|0 fnt
|faint|p2a: Hippow Da Don
|
|
|switch|p2a: The Gun Show|Blastoise, M|335\/335
|-damage|p2a: The Gun Show|294\/335|[from] Stealth Rock
|turn|10
|join|Colbrushie
|
|detailschange|p2a: The Gun Show|Blastoise-Mega, M
|message|Blastoise has Mega Evolved into Mega Blastoise!
|move|p2a: The Gun Show|Aura Sphere|p1a: FeelingKingKToday
|-supereffective|p1a: FeelingKingKToday
|-damage|p1a: FeelingKingKToday|237\/497
|move|p1a: FeelingKingKToday|Curse|p1a: FeelingKingKToday
|-boost|p1a: FeelingKingKToday|atk|1
|-boost|p1a: FeelingKingKToday|def|1
|-unboost|p1a: FeelingKingKToday|spe|1
|
|-heal|p1a: FeelingKingKToday|268\/497|[from] item: Leftovers
|turn|11
|chat|Bro Battington|Swear this game is so gay sometimes
|chat|Colbrushie|o
|chat|Colbrushie|brobat
|
|move|p2a: The Gun Show|Aura Sphere|p1a: FeelingKingKToday
|-supereffective|p1a: FeelingKingKToday
|-damage|p1a: FeelingKingKToday|0 fnt
|faint|p1a: FeelingKingKToday
|
|chat|Colbrushie|why do you always match up
|chat|Colbrushie|against curselaxes
|chat|Bro Battington|because the ladder hates me
|
|switch|p1a: Kiyo|Sableye, M|304\/304
|-damage|p1a: Kiyo|266\/304|[from] Stealth Rock
|turn|12
|chat|Bro Battington|And I hate it right back
|
|move|p1a: Kiyo|Will-O-Wisp|p2a: The Gun Show
|-status|p2a: The Gun Show|brn
|move|p2a: The Gun Show|Hydro Pump|p1a: Kiyo
|-damage|p1a: Kiyo|64\/304
|
|-heal|p1a: Kiyo|83\/304|[from] item: Leftovers
|-damage|p2a: The Gun Show|253\/335 brn|[from] brn
|turn|13
|chat|Colbrushie|oof
|
|switch|p1a: (Not) Dad's Dad|Jirachi, shiny|404\/404
|-damage|p1a: (Not) Dad's Dad|379\/404|[from] Stealth Rock
|move|p2a: The Gun Show|Hydro Pump|p1a: (Not) Dad's Dad
|-damage|p1a: (Not) Dad's Dad|216\/404
|
|-damage|p2a: The Gun Show|212\/335 brn|[from] brn
|turn|14
|
|move|p1a: (Not) Dad's Dad|Iron Head|p2a: The Gun Show
|-resisted|p2a: The Gun Show
|-damage|p2a: The Gun Show|170\/335 brn
|cant|p2a: The Gun Show|flinch
|
|-damage|p2a: The Gun Show|129\/335 brn|[from] brn
|turn|15
|
|move|p1a: (Not) Dad's Dad|Iron Head|p2a: The Gun Show
|-resisted|p2a: The Gun Show
|-damage|p2a: The Gun Show|90\/335 brn
|move|p2a: The Gun Show|Rapid Spin|p1a: (Not) Dad's Dad
|-resisted|p1a: (Not) Dad's Dad
|-damage|p1a: (Not) Dad's Dad|213\/404
|-sideend|p2: Bro Battington|Stealth Rock|[from] move: Rapid Spin|[of] p2a: The Gun Show
|
|-damage|p2a: The Gun Show|49\/335 brn|[from] brn
|turn|16
|
|move|p1a: (Not) Dad's Dad|Iron Head|p2a: The Gun Show
|-resisted|p2a: The Gun Show
|-damage|p2a: The Gun Show|6\/335 brn
|cant|p2a: The Gun Show|flinch
|
|-damage|p2a: The Gun Show|0 fnt|[from] brn
|faint|p2a: The Gun Show
|
|switch|p2a: Oven Mitts|Rotom-Heat|241\/241
|turn|17
|
|move|p1a: (Not) Dad's Dad|Iron Head|p2a: Oven Mitts
|-resisted|p2a: Oven Mitts
|-damage|p2a: Oven Mitts|221\/241
|cant|p2a: Oven Mitts|flinch
|
|-heal|p2a: Oven Mitts|236\/241|[from] item: Leftovers
|turn|18
|
|move|p1a: (Not) Dad's Dad|Iron Head|p2a: Oven Mitts
|-resisted|p2a: Oven Mitts
|-damage|p2a: Oven Mitts|214\/241
|cant|p2a: Oven Mitts|flinch
|
|-heal|p2a: Oven Mitts|229\/241|[from] item: Leftovers
|turn|19
|
|move|p1a: (Not) Dad's Dad|Iron Head|p2a: Oven Mitts
|-resisted|p2a: Oven Mitts
|-damage|p2a: Oven Mitts|208\/241
|cant|p2a: Oven Mitts|flinch
|
|-heal|p2a: Oven Mitts|223\/241|[from] item: Leftovers
|turn|20
|chat|Bro Battington|the density of the plays
|
|move|p1a: (Not) Dad's Dad|Iron Head|p2a: Oven Mitts
|-resisted|p2a: Oven Mitts
|-damage|p2a: Oven Mitts|200\/241
|move|p2a: Oven Mitts|Volt Switch|p1a: (Not) Dad's Dad
|-damage|p1a: (Not) Dad's Dad|126\/404
|
|switch|p2a: ToxiCRUNK|Toxicroak, M|307\/307
|
|turn|21
|
|switch|p1a: Kiyo|Sableye, M|83\/304
|-damage|p1a: Kiyo|45\/304|[from] Stealth Rock
|switch|p2a: Oven Mitts|Rotom-Heat|200\/241
|
|-heal|p2a: Oven Mitts|215\/241|[from] item: Leftovers
|-heal|p1a: Kiyo|64\/304|[from] item: Leftovers
|turn|22
|
|move|p1a: Kiyo|Recover|p1a: Kiyo
|-heal|p1a: Kiyo|216\/304
|move|p2a: Oven Mitts|Overheat|p1a: Kiyo
|-damage|p1a: Kiyo|29\/304
|-unboost|p2a: Oven Mitts|spa|2
|
|-heal|p2a: Oven Mitts|230\/241|[from] item: Leftovers
|-heal|p1a: Kiyo|48\/304|[from] item: Leftovers
|turn|23
|
|move|p2a: Oven Mitts|Volt Switch|p1a: Kiyo
|-damage|p1a: Kiyo|0 fnt
|faint|p1a: Kiyo
|
|switch|p2a: Twista|Tornadus, M|325\/325
|
|
|switch|p1a: (Not) Dad's Dad|Jirachi, shiny|126\/404
|-damage|p1a: (Not) Dad's Dad|101\/404|[from] Stealth Rock
|turn|24
|
|move|p2a: Twista|Bulk Up|p2a: Twista
|-boost|p2a: Twista|atk|1
|-boost|p2a: Twista|def|1
|move|p1a: (Not) Dad's Dad|Iron Head|p2a: Twista
|-damage|p2a: Twista|241\/325
|
|turn|25
|
|move|p2a: Twista|Bulk Up|p2a: Twista
|-boost|p2a: Twista|atk|1
|-boost|p2a: Twista|def|1
|move|p1a: (Not) Dad's Dad|Iron Head|p2a: Twista
|-damage|p2a: Twista|183\/325
|
|turn|26
|
|move|p2a: Twista|Bulk Up|p2a: Twista
|-boost|p2a: Twista|atk|1
|-boost|p2a: Twista|def|1
|move|p1a: (Not) Dad's Dad|Iron Head|p2a: Twista
|-damage|p2a: Twista|129\/325
|
|turn|27
|join|zTerribadTastic
|
|move|p2a: Twista|Rest|p2a: Twista
|-status|p2a: Twista|slp
|-heal|p2a: Twista|325\/325 slp|[silent]
|-status|p2a: Twista|slp|[from] move: Rest
|-enditem|p2a: Twista|Chesto Berry|[eat]
|-curestatus|p2a: Twista|slp
|move|p1a: (Not) Dad's Dad|Iron Head|p2a: Twista
|-damage|p2a: Twista|271\/325
|
|turn|28
|
|move|p1a: (Not) Dad's Dad|Iron Head|p2a: Twista
|-damage|p2a: Twista|214\/325
|move|p2a: Twista|Acrobatics|p1a: (Not) Dad's Dad
|-resisted|p1a: (Not) Dad's Dad
|-damage|p1a: (Not) Dad's Dad|0 fnt
|faint|p1a: (Not) Dad's Dad
|
|
|switch|p1a: Bobby|Suicune|404\/404
|-damage|p1a: Bobby|354\/404|[from] Stealth Rock
|-ability|p1a: Bobby|Pressure
|turn|29
|
|move|p2a: Twista|Acrobatics|p1a: Bobby
|-damage|p1a: Bobby|102\/404
|move|p1a: Bobby|Scald|p2a: Twista
|-damage|p2a: Twista|105\/325
|
|-heal|p1a: Bobby|127\/404|[from] item: Leftovers
|turn|30
|chat|Colbrushie|ooh
|chat|Colbrushie|ow
|chat|Colbrushie|no burn
|
|move|p2a: Twista|Acrobatics|p1a: Bobby
|-damage|p1a: Bobby|0 fnt
|faint|p1a: Bobby
|
|chat|Dad's Dad|calm down fren this isn't mlg
|
|switch|p1a: BM145|Aromatisse, M, shiny|406\/406
|-damage|p1a: BM145|356\/406|[from] Stealth Rock
|turn|31
|
|move|p2a: Twista|Acrobatics|p1a: BM145
|-damage|p1a: BM145|0 fnt
|faint|p1a: BM145
|
|
|switch|p1a: iplaytennislol|Hawlucha, F|300\/300
|-damage|p1a: iplaytennislol|263\/300|[from] Stealth Rock
|turn|32
|chat|Bro Battington|He does have the tennis player swag going on
|
|move|p2a: Twista|Acrobatics|p1a: iplaytennislol
|-crit|p1a: iplaytennislol
|-supereffective|p1a: iplaytennislol
|-damage|p1a: iplaytennislol|0 fnt
|faint|p1a: iplaytennislol
|
|win|Bro Battington
|raw|Ladder updating...
|raw|Dad&apos;s Dad's rating: 1501 &rarr; <strong>1483<\/strong><br \/>(-18 for losing)
|raw|Bro Battington's rating: 1529 &rarr; <strong>1547<\/strong><br \/>(+18 for winning)
|chat|Dad's Dad|gg
|chat|Bro Battington|gg
|leave|Dad's Dad
|player|p1