|join|Bro Battington
|join|Volbeatdown
|player|p1|Bro Battington|#coolstorybrobat
|player|p2|Volbeatdown|126
|gametype|singles
|gen|6
|tier|UU
|rated
|rule|Sleep Clause Mod: Limit one foe put to sleep
|rule|Species Clause: Limit one of each PokÃ©mon
|rule|OHKO Clause: OHKO moves are banned
|rule|Moody Clause: Moody is banned
|rule|Evasion Moves Clause: Evasion moves are banned
|rule|Endless Battle Clause: Forcing endless battles is banned
|rule|HP Percentage Mod: HP is shown in percentages
|clearpoke
|poke|p1|Swampert, M
|poke|p1|Tornadus, M
|poke|p1|Hydreigon, M
|poke|p1|Forretress, F
|poke|p1|Azelf
|poke|p1|Florges, F
|poke|p2|Aerodactyl, F
|poke|p2|Cresselia, F
|poke|p2|Zygarde
|poke|p2|Roserade, F
|poke|p2|Empoleon, M
|poke|p2|Darmanitan, F
|rule|Swagger Clause: Swagger is banned
|rule|Baton Pass Clause: Limit one PokÃ©mon knowing Baton Pass
|teampreview
|c|âVolbeatdown|o
|
|start
|switch|p1a: Azelf|Azelf|291\/291
|switch|p2a: Empoleon|Empoleon, M|372\/372
|turn|1
|
|move|p1a: Azelf|Taunt|p2a: Empoleon
|-start|p2a: Empoleon|move: Taunt
|move|p2a: Empoleon|Scald|p1a: Azelf
|-damage|p1a: Azelf|161\/291
|
|turn|2
|
|move|p1a: Azelf|Fire Blast|p2a: Empoleon
|-damage|p2a: Empoleon|221\/372
|-damage|p1a: Azelf|132\/291|[from] item: Life Orb
|move|p2a: Empoleon|Scald|p1a: Azelf
|-damage|p1a: Azelf|0 fnt
|faint|p1a: Azelf
|
|-heal|p2a: Empoleon|244\/372|[from] item: Leftovers
|
|switch|p1a: Tornadus|Tornadus, M|299\/299
|turn|3
|
|switch|p1a: Hydreigon|Hydreigon, M|325\/325
|switch|p2a: Aerodactyl|Aerodactyl, F|317\/317
|
|turn|4
|
|switch|p2a: Empoleon|Empoleon, M|244\/372
|move|p1a: Hydreigon|Draco Meteor|p2a: Empoleon
|-resisted|p2a: Empoleon
|-damage|p2a: Empoleon|139\/372
|-unboost|p1a: Hydreigon|spa|2
|
|-heal|p2a: Empoleon|162\/372|[from] item: Leftovers
|turn|5
|
|switch|p1a: Wheaties|Swampert, M|344\/344
|move|p2a: Empoleon|Toxic|p1a: Wheaties
|-status|p1a: Wheaties|tox
|
|-heal|p2a: Empoleon|185\/372|[from] item: Leftovers
|-damage|p1a: Wheaties|323\/344 tox|[from] psn
|turn|6
|join|u shit got git
|
|switch|p2a: Cresselia|Cresselia, F|444\/444
|detailschange|p1a: Wheaties|Swampert-Mega, M
|message|Swampert has Mega Evolved into Mega Swampert!
|move|p1a: Wheaties|Waterfall|p2a: Cresselia
|-damage|p2a: Cresselia|339\/444
|
|-heal|p2a: Cresselia|366\/444|[from] item: Leftovers
|-damage|p1a: Wheaties|281\/344 tox|[from] psn
|turn|7
|c| u shit got git|nick how did u lose that prev match :s
|c|âVolbeatdown|his sets were impossible to read
|c|âVolbeatdown|because he was so bad
|c|âVolbeatdown|:x
|
|switch|p1a: Hydreigon|Hydreigon, M|325\/325
|move|p2a: Cresselia|Calm Mind|p2a: Cresselia
|-boost|p2a: Cresselia|spa|1
|-boost|p2a: Cresselia|spd|1
|
|-heal|p2a: Cresselia|393\/444|[from] item: Leftovers
|turn|8
|
|move|p1a: Hydreigon|Dark Pulse|p2a: Cresselia
|-supereffective|p2a: Cresselia
|-damage|p2a: Cresselia|243\/444
|move|p2a: Cresselia|Moonblast|p1a: Hydreigon
|-supereffective|p1a: Hydreigon
|-damage|p1a: Hydreigon|0 fnt
|faint|p1a: Hydreigon
|
|-heal|p2a: Cresselia|270\/444|[from] item: Leftovers
|
|switch|p1a: Tornadus|Tornadus, M|299\/299
|turn|9
|
|move|p1a: Tornadus|Hurricane|p2a: Cresselia
|-damage|p2a: Cresselia|141\/444
|-start|p2a: Cresselia|confusion
|-damage|p1a: Tornadus|270\/299|[from] item: Life Orb
|-activate|p2a: Cresselia|confusion
|move|p2a: Cresselia|Psyshock|p1a: Tornadus
|-damage|p1a: Tornadus|116\/299
|
|-heal|p2a: Cresselia|168\/444|[from] item: Leftovers
|turn|10
|
|switch|p2a: Empoleon|Empoleon, M|185\/372
|move|p1a: Tornadus|Hurricane|p2a: Empoleon|[miss]
|-miss|p1a: Tornadus|p2a: Empoleon
|
|-heal|p2a: Empoleon|208\/372|[from] item: Leftovers
|turn|11
|
|switch|p2a: Cresselia|Cresselia, F|168\/444
|move|p1a: Tornadus|Superpower|p2a: Cresselia
|-resisted|p2a: Cresselia
|-damage|p2a: Cresselia|117\/444
|-unboost|p1a: Tornadus|atk|1
|-unboost|p1a: Tornadus|def|1
|-damage|p1a: Tornadus|87\/299|[from] item: Life Orb
|
|-heal|p2a: Cresselia|144\/444|[from] item: Leftovers
|turn|12
|
|move|p1a: Tornadus|Hurricane|p2a: Cresselia
|-damage|p2a: Cresselia|0 fnt
|-damage|p1a: Tornadus|58\/299|[from] item: Life Orb
|faint|p2a: Cresselia
|
|
|switch|p2a: Aerodactyl|Aerodactyl, F|317\/317
|turn|13
|c|âBro Battington|You sacked arguably the most deudly thing you had
|
|switch|p1a: Forretress|Forretress, F|354\/354
|detailschange|p2a: Aerodactyl|Aerodactyl-Mega, F
|message|Aerodactyl has Mega Evolved into Mega Aerodactyl!
|move|p2a: Aerodactyl|Stealth Rock|p1a: Forretress
|-sidestart|p1: Bro Battington|move: Stealth Rock
|
|turn|14
|c| u shit got git|what keep the 6-0 ;_;
|
|move|p2a: Aerodactyl|Stone Edge|p1a: Forretress|[miss]
|-miss|p2a: Aerodactyl|p1a: Forretress
|move|p1a: Forretress|Rapid Spin|p2a: Aerodactyl
|-resisted|p2a: Aerodactyl
|-damage|p2a: Aerodactyl|308\/317
|-sideend|p1: Bro Battington|Stealth Rock|[from] move: Rapid Spin|[of] p1a: Forretress
|
|turn|15
|
|move|p2a: Aerodactyl|Stealth Rock|p1a: Forretress
|-sidestart|p1: Bro Battington|move: Stealth Rock
|move|p1a: Forretress|Volt Switch|p2a: Aerodactyl
|-supereffective|p2a: Aerodactyl
|-damage|p2a: Aerodactyl|230\/317
|
|switch|p1a: Florges|Florges, F|360\/360
|-damage|p1a: Florges|315\/360|[from] Stealth Rock
|
|-heal|p1a: Florges|337\/360|[from] item: Leftovers
|turn|16
|
|switch|p2a: Roserade|Roserade, F|324\/324
|switch|p1a: Forretress|Forretress, F|354\/354
|-damage|p1a: Forretress|310\/354|[from] Stealth Rock
|
|-heal|p1a: Forretress|332\/354|[from] item: Leftovers
|turn|17
|
|move|p2a: Roserade|Toxic Spikes|p1a: Forretress
|-sidestart|p1: Bro Battington|move: Toxic Spikes
|move|p1a: Forretress|Rapid Spin|p2a: Roserade
|-damage|p2a: Roserade|305\/324
|-sideend|p1: Bro Battington|Toxic Spikes|[from] move: Rapid Spin|[of] p1a: Forretress
|-sideend|p1: Bro Battington|Stealth Rock|[from] move: Rapid Spin|[of] p1a: Forretress
|
|-heal|p2a: Roserade|324\/324|[from] item: Black Sludge
|-heal|p1a: Forretress|354\/354|[from] item: Leftovers
|turn|18
|c| u shit got git|wtf it says ur teams have 5 mons
|
|move|p2a: Roserade|Giga Drain|p1a: Forretress
|-resisted|p1a: Forretress
|-damage|p1a: Forretress|303\/354
|move|p1a: Forretress|Gyro Ball|p2a: Roserade
|-damage|p2a: Roserade|206\/324
|
|-heal|p2a: Roserade|226\/324|[from] item: Black Sludge
|-heal|p1a: Forretress|325\/354|[from] item: Leftovers
|turn|19
|
|switch|p2a: Zygarde|Zygarde|404\/404
|-ability|p2a: Zygarde|Aura Break
|move|p1a: Forretress|Stealth Rock|p2a: Zygarde
|-sidestart|p2: Volbeatdown|move: Stealth Rock
|
|-heal|p1a: Forretress|347\/354|[from] item: Leftovers
|turn|20
|
|switch|p1a: Florges|Florges, F|337\/360
|move|p2a: Zygarde|Coil|p2a: Zygarde
|-boost|p2a: Zygarde|atk|1
|-boost|p2a: Zygarde|def|1
|-boost|p2a: Zygarde|accuracy|1
|
|-heal|p1a: Florges|359\/360|[from] item: Leftovers
|turn|21
|
|move|p2a: Zygarde|Earthquake|p1a: Florges
|-damage|p1a: Florges|173\/360
|move|p1a: Florges|Moonblast|p2a: Zygarde
|-supereffective|p2a: Zygarde
|-damage|p2a: Zygarde|188\/404
|
|-heal|p2a: Zygarde|213\/404|[from] item: Leftovers
|-heal|p1a: Florges|195\/360|[from] item: Leftovers
|turn|22
|
|move|p2a: Zygarde|Earthquake|p1a: Florges
|-damage|p1a: Florges|14\/360
|move|p1a: Florges|Moonblast|p2a: Zygarde
|-supereffective|p2a: Zygarde
|-damage|p2a: Zygarde|7\/404
|
|-heal|p2a: Zygarde|32\/404|[from] item: Leftovers
|-heal|p1a: Florges|36\/360|[from] item: Leftovers
|turn|23
|
|move|p2a: Zygarde|Earthquake|p1a: Florges
|-damage|p1a: Florges|0 fnt
|faint|p1a: Florges
|
|-heal|p2a: Zygarde|57\/404|[from] item: Leftovers
|
|switch|p1a: Tornadus|Tornadus, M|58\/299
|turn|24
|
|move|p1a: Tornadus|Grass Knot|p2a: Zygarde
|-damage|p2a: Zygarde|0 fnt
|-damage|p1a: Tornadus|29\/299|[from] item: Life Orb
|faint|p2a: Zygarde
|
|c|âBro Battington|pls don't be coil ew
|c|âBro Battington|es*
|c|âBro Battington|phew
|
|switch|p2a: Empoleon|Empoleon, M|208\/372
|-damage|p2a: Empoleon|185\/372|[from] Stealth Rock
|turn|25
|c|âVolbeatdown|welp
|
|move|p1a: Tornadus|Rain Dance|p1a: Tornadus
|-weather|RainDance
|move|p2a: Empoleon|Scald|p1a: Tornadus
|-damage|p1a: Tornadus|0 fnt
|faint|p1a: Tornadus
|
|-weather|RainDance|[upkeep]
|-heal|p2a: Empoleon|208\/372|[from] item: Leftovers
|
|switch|p1a: Wheaties|Swampert-Mega, M|281\/344 tox
|turn|26
|c|âVolbeatdown|gg smwamp
|c|âVolbeatdown|swamp*
|join|Tipsy Russian
|
|move|p1a: Wheaties|Waterfall|p2a: Empoleon
|-resisted|p2a: Empoleon
|-damage|p2a: Empoleon|105\/372
|move|p2a: Empoleon|Scald|p1a: Wheaties
|-damage|p1a: Wheaties|61\/344 tox
|
|-weather|RainDance|[upkeep]
|-heal|p2a: Empoleon|128\/372|[from] item: Leftovers
|-damage|p1a: Wheaties|40\/344 tox|[from] psn
|turn|27
|c|âVolbeatdown|o
|c|âVolbeatdown|ok
|
|move|p1a: Wheaties|Earthquake|p2a: Empoleon
|-supereffective|p2a: Empoleon
|-damage|p2a: Empoleon|0 fnt
|faint|p2a: Empoleon
|
|-weather|RainDance|[upkeep]
|-damage|p1a: Wheaties|0 fnt|[from] psn
|faint|p1a: Wheaties
|
|switch|p2a: Aerodactyl|Aerodactyl-Mega, F|230\/317
|switch|p1a: Forretress|Forretress, F|347\/354
|-damage|p2a: Aerodactyl|151\/317|[from] Stealth Rock
|turn|28
|c|âBro Battington|Man I need to
|c|âBro Battington|quit life
|
|move|p2a: Aerodactyl|Stone Edge|p1a: Forretress
|-damage|p1a: Forretress|248\/354
|move|p1a: Forretress|Gyro Ball|p2a: Aerodactyl
|-supereffective|p2a: Aerodactyl
|-damage|p2a: Aerodactyl|0 fnt
|faint|p2a: Aerodactyl
|
|-weather|RainDance|[upkeep]
|-heal|p1a: Forretress|270\/354|[from] item: Leftovers
|c| u shit got git|y arent the megas showing in the team viewer thing, is ti cus of the sprites thing?
|
|switch|p2a: Roserade|Roserade, F|226\/324
|-damage|p2a: Roserade|186\/324|[from] Stealth Rock
|turn|29
|c|âVolbeatdown|i see them fine
|c| u shit got git|:l
|
|move|p2a: Roserade|Sleep Powder|p1a: Forretress
|-fail|p1a: Forretress
|move|p1a: Forretress|Gyro Ball|p2a: Roserade
|-damage|p2a: Roserade|57\/324
|
|-weather|none
|-heal|p2a: Roserade|77\/324|[from] item: Black Sludge
|-heal|p1a: Forretress|292\/354|[from] item: Leftovers
|turn|30
|
|move|p2a: Roserade|Giga Drain|p1a: Forretress
|-resisted|p1a: Forretress
|-damage|p1a: Forretress|243\/354
|-heal|p2a: Roserade|102\/324|[from] drain|[of] p1a: Forretress
|move|p1a: Forretress|Gyro Ball|p2a: Roserade
|-damage|p2a: Roserade|0 fnt
|faint|p2a: Roserade
|
|-heal|p1a: Forretress|265\/354|[from] item: Leftovers
|c| u shit got git|says here u got 5 mons each lol
|
|switch|p2a: Darmanitan|Darmanitan, F|351\/351
|-damage|p2a: Darmanitan|264\/351|[from] Stealth Rock
|turn|31
|c|âVolbeatdown|gg
|c|âBro Battington|Unleash the U-turn to victory
|
|move|p2a: Darmanitan|Flare Blitz|p1a: Forretress
|-supereffective|p1a: Forretress
|-damage|p1a: Forretress|0 fnt
|-damage|p2a: Darmanitan|177\/351|[from] recoil|[of] p1a: Forretress
|faint|p1a: Forretress
|
|win|Volbeatdown
|raw|Ladder updating...
|raw|Bro Battington's rating: 1463 &rarr; <strong>1436<\/strong><br \/>(-27 for losing)
|raw|Volbeatdown's rating: 1338 &rarr; <strong>1365<\/strong><br \/>(+27 for winning)
|c|âBro Battington|gg