|join|Bro Battington
|join|pikachu'sbeeatch
|player|p1|Bro Battington|#coolstorybrobat
|player|p2|pikachu'sbeeatch|266
|gametype|singles
|gen|6
|tier|UU
|rated
|clearpoke
|poke|p1|Articuno
|poke|p1|Cobalion
|poke|p1|Houndoom, M
|poke|p1|Swampert, M
|poke|p1|Florges, F
|poke|p1|Crobat, M
|poke|p2|Empoleon, F
|poke|p2|Entei, shiny
|poke|p2|Umbreon, F
|poke|p2|Amoonguss, M
|poke|p2|Tornadus-Therian, M
|poke|p2|Jolteon, F
|rule|Sleep Clause Mod: Limit one foe put to sleep
|rule|Species Clause: Limit one of each Pokemon
|rule|OHKO Clause: OHKO moves are banned
|rule|Moody Clause: Moody is banned
|rule|Evasion Moves Clause: Evasion moves are banned
|rule|Endless Battle Clause: Forcing endless battles is banned.
|rule|HP Percentage Mod: HP is reported as percentages
|teampreview
|join|sniperaim
|
|start
|switch|p1a: Cold Turkey|Articuno|383\/383
|switch|p2a: Jolteon|Jolteon, F|271\/271
|-ability|p1a: Cold Turkey|Pressure
|turn|1
|chat|pikachu'sbeeatch|are you a stallfag too?
|chat|sniperaim|articuno is a turkey??
|chat|pikachu'sbeeatch|are you sure?
|chat|Bro Battington|When's the last time you saw a Houndoom on a stall team
|chat|pikachu'sbeeatch|did you check
|chat|Bro Battington|And you're seriously asking me that
|chat|sniperaim|his team is balanced
|chat|sniperaim|if anything
|chat|sniperaim|chill
|
|move|p2a: Jolteon|Volt Switch|p1a: Cold Turkey
|-supereffective|p1a: Cold Turkey
|-damage|p1a: Cold Turkey|155\/383
|
|switch|p2a: Empoleon|Empoleon, F|372\/372
|move|p1a: Cold Turkey|U-turn|p2a: Empoleon
|-resisted|p2a: Empoleon
|-damage|p2a: Empoleon|357\/372
|
|switch|p1a: Brobalion|Cobalion|324\/324
|
|-heal|p2a: Empoleon|372\/372|[from] item: Leftovers
|turn|2
|chat|pikachu'sbeeatch|can i ask questions anymore
|join|Billtodamax
|join|Wombastic
|
|move|p1a: Brobalion|Close Combat|p2a: Empoleon
|-crit|p2a: Empoleon
|-supereffective|p2a: Empoleon
|-damage|p2a: Empoleon|6\/372
|-unboost|p1a: Brobalion|def|1
|-unboost|p1a: Brobalion|spd|1
|move|p2a: Empoleon|Stealth Rock|p1a: Brobalion
|-sidestart|p1: Bro Battington|move: Stealth Rock
|
|-heal|p2a: Empoleon|29\/372|[from] item: Leftovers
|turn|3
|chat|Bro Battington|no you beeatch
|chat|pikachu'sbeeatch|no yours ho
|
|switch|p2a: Tornadus-Therian|Tornadus-Therian, M|362\/362
|move|p1a: Brobalion|Iron Head|p2a: Tornadus-Therian
|-crit|p2a: Tornadus-Therian
|-damage|p2a: Tornadus-Therian|157\/362
|
|turn|4
|chat|Wombastic|lol
|chat|sniperaim|why
|join|bleve n_n
|join|burundi
|
|switch|p1a: Wheaties|Swampert, M|401\/401
|-damage|p1a: Wheaties|376\/401|[from] Stealth Rock
|move|p2a: Tornadus-Therian|Superpower|p1a: Wheaties
|-damage|p1a: Wheaties|308\/401
|-unboost|p2a: Tornadus-Therian|atk|1
|-unboost|p2a: Tornadus-Therian|def|1
|
|-heal|p1a: Wheaties|333\/401|[from] item: Leftovers
|turn|5
|
|move|p2a: Tornadus-Therian|U-turn|p1a: Wheaties
|-damage|p1a: Wheaties|306\/401
|
|switch|p2a: Amoonguss|Amoonguss, M|432\/432
|move|p1a: Wheaties|Ice Beam|p2a: Amoonguss
|-supereffective|p2a: Amoonguss
|-damage|p2a: Amoonguss|308\/432
|
|-heal|p1a: Wheaties|331\/401|[from] item: Leftovers
|-heal|p2a: Amoonguss|335\/432|[from] item: Black Sludge
|turn|6
|join|Donnavan
|chat|pikachu'sbeeatch|who are you ppl?
|chat|sniperaim|my web and bag galvantula team is better than i thought it was
|join|Nightmare Vampire
|chat|sniperaim|we are your standard players
|join|watfor
|chat|Nightmare Vampire|Wheaties, <3
|chat|sniperaim|who are you
|
|switch|p1a: Cold Turkey|Articuno|155\/383
|-damage|p1a: Cold Turkey|0 fnt|[from] Stealth Rock
|faint|p1a: Cold Turkey
|move|p2a: Amoonguss|Spore|p1: Cold Turkey|[notarget]
|-notarget
|
|-heal|p2a: Amoonguss|362\/432|[from] item: Black Sludge
|chat|watfor|Dat articuno
|chat|Donnavan|fan boys of bro bat I guess?
|chat|watfor|;-;
|chat|Nightmare Vampire|Articuno is baw imo
|chat|pikachu'sbeeatch|why my game is my opp a youtuber?
|chat|Nightmare Vampire|baws*
|chat|watfor|NUUU Articuno ;-;
|chat|bleve n_n|>fan boys
|chat|Bro Battington|Because I'm shofu
|chat|sniperaim|bronat put articuno on his team for death fodder imo
|chat|bleve n_n|i'll rek u nerd
|chat|sniperaim|brobat*
|
|switch|p1a: Brobalion|Cobalion|324\/324
|-damage|p1a: Brobalion|314\/324|[from] Stealth Rock
|turn|7
|chat|burundi|i was in it for an articuno rampage, not delivered!
|
|move|p1a: Brobalion|Taunt|p2a: Amoonguss
|-start|p2a: Amoonguss|move: Taunt
|cant|p2a: Amoonguss|move: Taunt|Spore
|
|-heal|p1a: Brobalion|324\/324|[from] item: Leftovers
|-heal|p2a: Amoonguss|389\/432|[from] item: Black Sludge
|turn|8
|join|Hekso
|chat|pikachu'sbeeatch|oh hai shofu
|chat|burundi|but coba is about awesome right now so its all good
|chat|sniperaim|LOL
|
|move|p1a: Brobalion|Stealth Rock|p2a: Amoonguss
|-sidestart|p2: pikachu'sbeeatch|move: Stealth Rock
|move|p2a: Amoonguss|Giga Drain|p1a: Brobalion
|-resisted|p1a: Brobalion
|-damage|p1a: Brobalion|267\/324
|-heal|p2a: Amoonguss|418\/432|[from] drain|[of] p1a: Brobalion
|
|-heal|p1a: Brobalion|287\/324|[from] item: Leftovers
|-heal|p2a: Amoonguss|432\/432|[from] item: Black Sludge
|turn|9
|chat|watfor|Brobat are you uploading this lol
|chat|Hekso|OMG
|chat|watfor|I have watched your last vid lol
|chat|Hekso|SHOFu
|chat|Hekso|WHERE?
|
|move|p1a: Brobalion|Iron Head|p2a: Amoonguss
|-damage|p2a: Amoonguss|315\/432
|cant|p2a: Amoonguss|flinch
|
|-heal|p1a: Brobalion|307\/324|[from] item: Leftovers
|-heal|p2a: Amoonguss|342\/432|[from] item: Black Sludge
|-end|p2a: Amoonguss|move: Taunt
|turn|10
|leave|burundi
|chat|Bro Battington|Nah I'm not uploading this. At least not planning to unless it turns out to be super good
|chat|watfor|Nice flinch btw
|
|move|p1a: Brobalion|Iron Head|p2a: Amoonguss
|-damage|p2a: Amoonguss|222\/432
|move|p2a: Amoonguss|Giga Drain|p1a: Brobalion
|-resisted|p1a: Brobalion
|-damage|p1a: Brobalion|250\/324
|-heal|p2a: Amoonguss|251\/432|[from] drain|[of] p1a: Brobalion
|
|-heal|p1a: Brobalion|270\/324|[from] item: Leftovers
|-heal|p2a: Amoonguss|278\/432|[from] item: Black Sludge
|turn|11
|chat|watfor|Ahh nice.
|leave|Hekso
|
|move|p1a: Brobalion|Taunt|p2a: Amoonguss
|-start|p2a: Amoonguss|move: Taunt
|cant|p2a: Amoonguss|move: Taunt|Spore
|
|-heal|p1a: Brobalion|290\/324|[from] item: Leftovers
|-heal|p2a: Amoonguss|305\/432|[from] item: Black Sludge
|turn|12
|
|switch|p2a: Entei|Entei, shiny|371\/371
|-damage|p2a: Entei|279\/371|[from] Stealth Rock
|-ability|p2a: Entei|Pressure
|move|p1a: Brobalion|Iron Head|p2a: Entei
|-resisted|p2a: Entei
|-damage|p2a: Entei|219\/371
|
|-heal|p1a: Brobalion|310\/324|[from] item: Leftovers
|turn|13
|chat|sniperaim|i lost to a sub amoongus once
|chat|sniperaim|i was salty af
|chat|watfor|#salt
|chat|sniperaim|i looked at my team and was like i have nothing for this!
|
|switch|p1a: Wheaties|Swampert, M|331\/401
|-damage|p1a: Wheaties|306\/401|[from] Stealth Rock
|move|p2a: Entei|Stone Edge|p1a: Wheaties|[miss]
|-miss|p2a: Entei|p1a: Wheaties
|
|-heal|p1a: Wheaties|331\/401|[from] item: Leftovers
|turn|14
|join|Dudeman130498
|chat|sniperaim|my fazer was pert 
|
|switch|p2a: Umbreon|Umbreon, F|394\/394
|-damage|p2a: Umbreon|345\/394|[from] Stealth Rock
|move|p1a: Wheaties|Scald|p2a: Umbreon
|-damage|p2a: Umbreon|279\/394
|-status|p2a: Umbreon|brn
|-status|p1a: Wheaties|brn
|
|-heal|p2a: Umbreon|303\/394 brn|[from] item: Leftovers
|-heal|p1a: Wheaties|356\/401 brn|[from] item: Leftovers
|-damage|p2a: Umbreon|254\/394 brn|[from] brn
|-damage|p1a: Wheaties|306\/401 brn|[from] brn
|turn|15
|chat|sniperaim|sad
|chat|watfor|The burn.
|
|switch|p1a: Brobalion|Cobalion|310\/324
|-damage|p1a: Brobalion|300\/324|[from] Stealth Rock
|move|p2a: Umbreon|Wish|p2a: Umbreon
|
|-heal|p1a: Brobalion|320\/324|[from] item: Leftovers
|-heal|p2a: Umbreon|278\/394 brn|[from] item: Leftovers
|-damage|p2a: Umbreon|229\/394 brn|[from] brn
|turn|16
|chat|watfor|If only that guy watched your vids, Brobat |e|
|chat|sniperaim|florges got his back
|chat|watfor|Then he would have known your sets lol
|
|move|p2a: Umbreon|Protect|p2a: Umbreon
|-singleturn|p2a: Umbreon|Protect
|move|p1a: Brobalion|Iron Head|p2a: Umbreon
|-activate|p2a: Umbreon|Protect
|
|-heal|p2a: Umbreon|394\/394 brn|[from] move: Wish|[wisher] Umbreon
|-heal|p1a: Brobalion|324\/324|[from] item: Leftovers
|-damage|p2a: Umbreon|345\/394 brn|[from] brn
|turn|17
|
|move|p1a: Brobalion|Close Combat|p2a: Umbreon
|-supereffective|p2a: Umbreon
|-damage|p2a: Umbreon|111\/394 brn
|-unboost|p1a: Brobalion|def|1
|-unboost|p1a: Brobalion|spd|1
|move|p2a: Umbreon|Heal Bell|p2a: Umbreon
|-cureteam|p2a: Umbreon|[from] move: HealBell
|
|-heal|p2a: Umbreon|135\/394|[from] item: Leftovers
|turn|18
|chat|pikachu'sbeeatch|bt is the only poiketuber i watch
|chat|sniperaim|usually the best method is to use a diff team everytime tho
|chat|Bro Battington|That answers a lot of questions then
|
|switch|p2a: Amoonguss|Amoonguss, M|432\/432
|-damage|p2a: Amoonguss|378\/432|[from] Stealth Rock
|move|p1a: Brobalion|Close Combat|p2a: Amoonguss
|-resisted|p2a: Amoonguss
|-damage|p2a: Amoonguss|294\/432
|-unboost|p1a: Brobalion|def|1
|-unboost|p1a: Brobalion|spd|1
|
|-heal|p2a: Amoonguss|321\/432|[from] item: Black Sludge
|turn|19
|chat|sniperaim|or just upload an ass team
|
|move|p1a: Brobalion|Taunt|p2a: Amoonguss
|-start|p2a: Amoonguss|move: Taunt
|cant|p2a: Amoonguss|move: Taunt|Spore
|
|-heal|p2a: Amoonguss|348\/432|[from] item: Black Sludge
|turn|20
|
|switch|p1a: Brobat|Crobat, M|337\/337
|-damage|p1a: Brobat|253\/337|[from] Stealth Rock
|move|p2a: Amoonguss|Giga Drain|p1a: Brobat
|-resisted|p1a: Brobat
|-damage|p1a: Brobat|229\/337
|-heal|p2a: Amoonguss|360\/432|[from] drain|[of] p1a: Brobat
|
|-heal|p1a: Brobat|250\/337|[from] item: Black Sludge
|-heal|p2a: Amoonguss|387\/432|[from] item: Black Sludge
|turn|21
|chat|sniperaim|for those who steal em lol
|
|switch|p2a: Jolteon|Jolteon, F|271\/271
|-damage|p2a: Jolteon|238\/271|[from] Stealth Rock
|move|p1a: Brobat|Brave Bird|p2a: Jolteon
|-resisted|p2a: Jolteon
|-damage|p2a: Jolteon|117\/271
|-damage|p1a: Brobat|210\/337|[from] recoil|[of] p2a: Jolteon
|
|-heal|p1a: Brobat|231\/337|[from] item: Black Sludge
|turn|22
|
|switch|p1a: Wheaties|Swampert, M|306\/401 brn
|-damage|p1a: Wheaties|281\/401 brn|[from] Stealth Rock
|move|p2a: Jolteon|Shadow Ball|p1a: Wheaties
|-damage|p1a: Wheaties|154\/401 brn
|
|-heal|p1a: Wheaties|179\/401 brn|[from] item: Leftovers
|-damage|p1a: Wheaties|129\/401 brn|[from] brn
|turn|23
|
|move|p2a: Jolteon|Shadow Ball|p1a: Wheaties
|-damage|p1a: Wheaties|0 fnt
|faint|p1a: Wheaties
|
|
|switch|p1a: Wanda|Florges, F|360\/360
|-damage|p1a: Wanda|315\/360|[from] Stealth Rock
|turn|24
|
|switch|p2a: Amoonguss|Amoonguss, M|432\/432
|-damage|p2a: Amoonguss|378\/432|[from] Stealth Rock
|move|p1a: Wanda|Moonblast|p2a: Amoonguss
|-resisted|p2a: Amoonguss
|-damage|p2a: Amoonguss|308\/432
|-unboost|p2a: Amoonguss|spa|1
|
|-heal|p1a: Wanda|337\/360|[from] item: Leftovers
|-heal|p2a: Amoonguss|335\/432|[from] item: Black Sludge
|turn|25
|
|switch|p1a: Baphomutt|Houndoom, M|291\/291
|-damage|p1a: Baphomutt|219\/291|[from] Stealth Rock
|move|p2a: Amoonguss|Spore|p1a: Baphomutt
|-status|p1a: Baphomutt|slp
|
|-heal|p2a: Amoonguss|362\/432|[from] item: Black Sludge
|turn|26
|chat|Nightmare Vampire|Hey Brobat you have Wanda...where's Cosmo?
|chat|watfor|lol
|
|switch|p1a: Brobat|Crobat, M|231\/337
|-damage|p1a: Brobat|147\/337|[from] Stealth Rock
|switch|p2a: Jolteon|Jolteon, F|117\/271
|-damage|p2a: Jolteon|84\/271|[from] Stealth Rock
|
|-heal|p1a: Brobat|168\/337|[from] item: Black Sludge
|turn|27
|chat|Bro Battington|Not on this team of course
|chat|Nightmare Vampire|:(
|
|switch|p1a: Wanda|Florges, F|337\/360
|-damage|p1a: Wanda|292\/360|[from] Stealth Rock
|move|p2a: Jolteon|Thunderbolt|p1a: Wanda
|-damage|p1a: Wanda|165\/360
|
|-heal|p1a: Wanda|187\/360|[from] item: Leftovers
|turn|28
|chat|Donnavan|but y no cosmo
|chat|Nightmare Vampire|But they are Timmy' Fairly Oddparents...
|
|move|p2a: Jolteon|Thunderbolt|p1a: Wanda
|-damage|p1a: Wanda|67\/360
|move|p1a: Wanda|Wish|p1a: Wanda
|
|-heal|p1a: Wanda|89\/360|[from] item: Leftovers
|turn|29
|
|move|p1a: Wanda|Protect|p1a: Wanda
|-singleturn|p1a: Wanda|Protect
|move|p2a: Jolteon|Thunderbolt|p1a: Wanda
|-activate|p1a: Wanda|Protect
|
|-heal|p1a: Wanda|269\/360|[from] move: Wish|[wisher] Wanda
|-heal|p1a: Wanda|291\/360|[from] item: Leftovers
|turn|30
|chat|Nightmare Vampire|\/me starts singing theme song
|chat|watfor|One doesn't simply kills a Florges btw
|
|switch|p2a: Amoonguss|Amoonguss, M|432\/432
|-damage|p2a: Amoonguss|378\/432|[from] Stealth Rock
|move|p1a: Wanda|Moonblast|p2a: Amoonguss
|-resisted|p2a: Amoonguss
|-damage|p2a: Amoonguss|316\/432
|
|-heal|p1a: Wanda|313\/360|[from] item: Leftovers
|-heal|p2a: Amoonguss|343\/432|[from] item: Black Sludge
|turn|31
|chat|pikachu'sbeeatch|umbreon is my preferred wall over flor
|
|move|p1a: Wanda|Wish|p1a: Wanda
|move|p2a: Amoonguss|Hidden Power|p1a: Wanda
|-damage|p1a: Wanda|287\/360
|
|-heal|p1a: Wanda|309\/360|[from] item: Leftovers
|-heal|p2a: Amoonguss|370\/432|[from] item: Black Sludge
|turn|32
|chat|Bro Battington|Cool story bro
|chat|watfor|Wait what... Hidden Power O_O
|
|switch|p1a: Brobat|Crobat, M|168\/337
|-damage|p1a: Brobat|84\/337|[from] Stealth Rock
|move|p2a: Amoonguss|Sludge Bomb|p1a: Brobat
|-resisted|p1a: Brobat
|-damage|p1a: Brobat|26\/337
|
|-heal|p1a: Brobat|206\/337|[from] move: Wish|[wisher] Wanda
|-heal|p1a: Brobat|227\/337|[from] item: Black Sludge
|-heal|p2a: Amoonguss|397\/432|[from] item: Black Sludge
|turn|33
|chat|Donnavan|da fuck
|
|switch|p2a: Empoleon|Empoleon, F|29\/372
|-damage|p2a: Empoleon|6\/372|[from] Stealth Rock
|move|p1a: Brobat|Brave Bird|p2a: Empoleon
|-resisted|p2a: Empoleon
|-damage|p2a: Empoleon|0 fnt
|-damage|p1a: Brobat|225\/337|[from] recoil|[of] p2a: Empoleon
|faint|p2a: Empoleon
|
|-heal|p1a: Brobat|246\/337|[from] item: Black Sludge
|
|switch|p2a: Jolteon|Jolteon, F|84\/271
|-damage|p2a: Jolteon|51\/271|[from] Stealth Rock
|turn|34
|
|switch|p1a: Wanda|Florges, F|309\/360
|-damage|p1a: Wanda|264\/360|[from] Stealth Rock
|move|p2a: Jolteon|Thunderbolt|p1a: Wanda
|-crit|p1a: Wanda
|-damage|p1a: Wanda|74\/360
|
|-heal|p1a: Wanda|96\/360|[from] item: Leftovers
|turn|35
|chat|watfor|Specs Jolt?
|chat|Billtodamax|crit
|chat|Billtodamax|nb
|
|move|p1a: Wanda|Protect|p1a: Wanda
|-singleturn|p1a: Wanda|Protect
|move|p2a: Jolteon|Thunderbolt|p1a: Wanda
|-activate|p1a: Wanda|Protect
|
|-heal|p1a: Wanda|118\/360|[from] item: Leftovers
|turn|36
|chat|Bro Battington|Yeah that's specs
|chat|watfor|Yeah
|chat|Billtodamax|live next hit n\/n
|chat|pikachu'sbeeatch|why would i run anything else
|
|move|p2a: Jolteon|Thunderbolt|p1a: Wanda
|-damage|p1a: Wanda|0 fnt
|faint|p1a: Wanda
|
|chat|Nightmare Vampire|:(
|chat|Bro Battington|because you think people care what you have to say
|chat|watfor|Idk Specs Jolt is like
|chat|watfor|Banded Crobat
|
|switch|p1a: Brobalion|Cobalion|324\/324
|-damage|p1a: Brobalion|314\/324|[from] Stealth Rock
|turn|37
|chat|Billtodamax|tbolt goes straight thru
|chat|Billtodamax|imo
|chat|watfor|Or some shit like that.
|chat|pikachu'sbeeatch|brobats a dick
|chat|sniperaim|i forgot jolteon existed till now
|
|move|p2a: Jolteon|Thunderbolt|p1a: Brobalion
|-damage|p1a: Brobalion|40\/324
|-status|p1a: Brobalion|par
|move|p1a: Brobalion|Iron Head|p2a: Jolteon
|-resisted|p2a: Jolteon
|-damage|p2a: Jolteon|0 fnt
|faint|p2a: Jolteon
|
|-heal|p1a: Brobalion|60\/324 par|[from] item: Leftovers
|chat|Bro Battington|Not disagreeing
|chat|Bro Battington|But the hax justifies my attitude
|
|switch|p2a: Tornadus-Therian|Tornadus-Therian, M|277\/362
|-damage|p2a: Tornadus-Therian|187\/362|[from] Stealth Rock
|turn|38
|chat|watfor|Dat para tho
|chat|watfor|At least no full para
|chat|watfor|lol
|chat|pikachu'sbeeatch|last time i checked haxs were a part of the game
|chat|watfor|Last time I checked there was no salt here.
|
|move|p2a: Tornadus-Therian|Superpower|p1a: Brobalion
|-supereffective|p1a: Brobalion
|-damage|p1a: Brobalion|0 fnt
|-unboost|p2a: Tornadus-Therian|atk|1
|-unboost|p2a: Tornadus-Therian|def|1
|faint|p1a: Brobalion
|
|chat|Bro Battington|All good
|
|switch|p1a: Brobat|Crobat, M|246\/337
|-damage|p1a: Brobat|162\/337|[from] Stealth Rock
|turn|39
|chat|pikachu'sbeeatch|but my french fire >.<
|
|switch|p2a: Umbreon|Umbreon, F|135\/394
|-damage|p2a: Umbreon|86\/394|[from] Stealth Rock
|move|p1a: Brobat|Brave Bird|p2a: Umbreon
|-damage|p2a: Umbreon|0 fnt
|-damage|p1a: Brobat|134\/337|[from] recoil|[of] p2a: Umbreon
|faint|p2a: Umbreon
|
|-heal|p1a: Brobat|155\/337|[from] item: Black Sludge
|
|switch|p2a: Entei|Entei, shiny|219\/371
|-damage|p2a: Entei|127\/371|[from] Stealth Rock
|-ability|p2a: Entei|Pressure
|turn|40
|chat|watfor|inb4 Sacred Miss
|chat|sniperaim|demand it
|chat|sniperaim|and it will
|join|PotatoSoup
|
|move|p2a: Entei|Sacred Fire|p1a: Brobat
|-damage|p1a: Brobat|0 fnt
|faint|p1a: Brobat
|
|chat|Bro Battington|A scarfed Entei
|
|switch|p1a: Baphomutt|Houndoom, M|219\/291 slp
|-damage|p1a: Baphomutt|147\/291 slp|[from] Stealth Rock
|turn|41
|chat|watfor|Scarf Entei
|chat|watfor|I am done
|chat|watfor|I am so done
|
|switch|p2a: Tornadus-Therian|Tornadus-Therian, M|307\/362
|-damage|p2a: Tornadus-Therian|217\/362|[from] Stealth Rock
|cant|p1a: Baphomutt|slp
|
|turn|42
|chat|sniperaim|dnt mega till u wake pls
|
|-formechange|p1a: Baphomutt|Houndoom-Mega
|message|Houndoom has Mega Evolved into Mega Houndoom!
|move|p2a: Tornadus-Therian|Superpower|p1a: Baphomutt
|-supereffective|p1a: Baphomutt
|-damage|p1a: Baphomutt|0 fnt
|-unboost|p2a: Tornadus-Therian|atk|1
|-unboost|p2a: Tornadus-Therian|def|1
|faint|p1a: Baphomutt
|
|win|pikachu'sbeeatch
|raw|Ladder updating...
|raw|Bro Battington's rating: 1268 &rarr; <strong>1238<\/strong><br \/>(-30 for losing)
|raw|pikachu&apos;sbeeatch's rating: 1201 &rarr; <strong>1230<\/strong><br \/>(+29 for winning)
|chat|pikachu'sbeeatch|gg
|leave|Bro Battington
|player|p1
|chat|watfor|Brobat
|chat|watfor|;-;
|leave|Nightmare Vampire
|leave|watfor
|leave|sniperaim
|leave|PotatoSoup
|leave|bleve n_n
|chat|pikachu'sbeeatch|yayyy
|leave|Donnavan
|leave|Dudeman130498
|join|Dudeman130498
|leave|Dudeman130498
|leave|Wombastic