|join|juancar_eng
|join|Bro Battington
|player|p1|juancar_eng|144
|player|p2|Bro Battington|212
|gametype|singles
|gen|6
|tier|UU
|rated
|clearpoke
|poke|p1|Venomoth, F
|poke|p1|Victini
|poke|p1|Umbreon, F, shiny
|poke|p1|Swampert, M
|poke|p1|Hitmonlee, M
|poke|p1|Flygon, M
|poke|p2|Porygon-Z
|poke|p2|Victini
|poke|p2|Roserade, M
|poke|p2|Florges, F
|poke|p2|Swampert, M
|poke|p2|Aerodactyl, M
|rule|Sleep Clause Mod: Limit one foe put to sleep
|rule|Species Clause: Limit one of each Pokemon
|rule|OHKO Clause: OHKO moves are banned
|rule|Moody Clause: Moody is banned
|rule|Evasion Moves Clause: Evasion moves are banned
|rule|Endless Battle Clause: Forcing endless battles is banned.
|rule|HP Percentage Mod: HP is reported as percentages
|teampreview
|
|start
|switch|p1a: Fortaleza|Swampert, M|404\/404
|switch|p2a: Aerosmactyl|Aerodactyl, M|331\/331
|-ability|p2a: Aerosmactyl|Pressure
|turn|1
|chat|juancar_eng|gl
|chat|Bro Battington|I ain't wishing you luck, but have fun
|
|switch|p2a: Cosmo|Roserade, M|261\/261
|move|p1a: Fortaleza|Scald|p2a: Cosmo
|-resisted|p2a: Cosmo
|-damage|p2a: Cosmo|221\/261
|
|turn|2
|
|move|p2a: Cosmo|Sludge Bomb|p1a: Fortaleza
|-crit|p1a: Fortaleza
|-resisted|p1a: Fortaleza
|-damage|p1a: Fortaleza|245\/404
|-damage|p2a: Cosmo|195\/261|[from] item: Life Orb
|move|p1a: Fortaleza|Stealth Rock|p2a: Cosmo
|-sidestart|p2: Bro Battington|move: Stealth Rock
|
|-heal|p1a: Fortaleza|270\/404|[from] item: Leftovers
|turn|3
|
|switch|p1a: SabidurÃ­a|Umbreon, F, shiny|394\/394
|move|p2a: Cosmo|Giga Drain|p1a: SabidurÃ­a
|-damage|p1a: SabidurÃ­a|295\/394
|-heal|p2a: Cosmo|245\/261|[from] drain|[of] p1a: SabidurÃ­a
|-damage|p2a: Cosmo|219\/261|[from] item: Life Orb
|
|-heal|p1a: SabidurÃ­a|319\/394|[from] item: Leftovers
|turn|4
|
|move|p2a: Cosmo|Toxic Spikes|p1a: SabidurÃ­a
|-sidestart|p1: juancar_eng|move: Toxic Spikes
|move|p1a: SabidurÃ­a|Wish|p1a: SabidurÃ­a
|
|-heal|p1a: SabidurÃ­a|343\/394|[from] item: Leftovers
|turn|5
|
|switch|p1a: Crueldad|Venomoth, F|282\/282
|-sideend|p1: juancar_eng|move: Toxic Spikes|[of] p1a: Crueldad
|move|p2a: Cosmo|Toxic Spikes|p1a: Crueldad
|-sidestart|p1: juancar_eng|move: Toxic Spikes
|
|turn|6
|
|move|p1a: Crueldad|Quiver Dance|p1a: Crueldad
|-boost|p1a: Crueldad|spa|1
|-boost|p1a: Crueldad|spd|1
|-boost|p1a: Crueldad|spe|1
|move|p2a: Cosmo|Hidden Power|p1a: Crueldad
|-supereffective|p1a: Crueldad
|-damage|p1a: Crueldad|32\/282
|-damage|p2a: Cosmo|193\/261|[from] item: Life Orb
|
|turn|7
|join|ANGER MANAGEMENT
|
|move|p1a: Crueldad|Baton Pass|p1a: Crueldad
|
|switch|p1a: Vigor|Victini|341\/341
|-status|p1a: Vigor|psn
|move|p2a: Cosmo|Sludge Bomb|p1a: Vigor
|-damage|p1a: Vigor|201\/341 psn
|-damage|p2a: Cosmo|167\/261|[from] item: Life Orb
|
|-damage|p1a: Vigor|159\/341 psn|[from] psn
|turn|8
|
|switch|p2a: V4Vendetta|Victini|341\/341
|-damage|p2a: V4Vendetta|256\/341|[from] Stealth Rock
|move|p1a: Vigor|Blue Flare|p2a: V4Vendetta|[miss]
|-miss|p1a: Vigor|p2a: V4Vendetta
|
|-damage|p1a: Vigor|117\/341 psn|[from] psn
|turn|9
|
|move|p1a: Vigor|Blue Flare|p2a: V4Vendetta
|-resisted|p2a: V4Vendetta
|-damage|p2a: V4Vendetta|118\/341
|move|p2a: V4Vendetta|U-turn|p1a: Vigor
|-damage|p1a: Vigor|8\/341 psn
|join|Mikela
|chat|juancar_eng|fuck miss jaj:P
|chat|Mikela|Oh, I missed 8 turns ;-;
|chat|Bro Battington|See that's why you don't wish people luck
|
|switch|p2a: Wanda|Florges, F|360\/360
|-damage|p2a: Wanda|315\/360|[from] Stealth Rock
|
|-heal|p2a: Wanda|337\/360|[from] item: Leftovers
|-damage|p1a: Vigor|0 fnt|[from] psn
|faint|p1a: Vigor
|
|switch|p1a: Crueldad|Venomoth, F|32\/282
|-sideend|p1: juancar_eng|move: Toxic Spikes|[of] p1a: Crueldad
|turn|10
|
|switch|p2a: Cosmo|Roserade, M|167\/261
|-damage|p2a: Cosmo|135\/261|[from] Stealth Rock
|move|p1a: Crueldad|Sleep Powder|p2a: Cosmo|[miss]
|-miss|p1a: Crueldad|p2a: Cosmo
|
|turn|11
|
|move|p1a: Crueldad|Bug Buzz|p2a: Cosmo
|-damage|p2a: Cosmo|6\/261
|move|p2a: Cosmo|Sludge Bomb|p1a: Crueldad
|-resisted|p1a: Crueldad
|-damage|p1a: Crueldad|0 fnt
|-damage|p2a: Cosmo|0 fnt|[from] item: Life Orb
|faint|p1a: Crueldad
|faint|p2a: Cosmo
|
|
|switch|p1a: Fortaleza|Swampert, M|270\/404
|switch|p2a: Wheaties|Swampert, M|404\/404
|-damage|p2a: Wheaties|379\/404|[from] Stealth Rock
|turn|12
|
|move|p2a: Wheaties|Stealth Rock|p1a: Fortaleza
|-sidestart|p1: juancar_eng|move: Stealth Rock
|move|p1a: Fortaleza|Roar|p2a: Wheaties
|drag|p2a: OSX.Crisis|Porygon-Z|359\/359
|-damage|p2a: OSX.Crisis|315\/359|[from] Stealth Rock
|
|-heal|p1a: Fortaleza|295\/404|[from] item: Leftovers
|turn|13
|
|move|p2a: OSX.Crisis|Tri Attack|p1a: Fortaleza
|-damage|p1a: Fortaleza|69\/404
|move|p1a: Fortaleza|Roar|p2a: OSX.Crisis
|drag|p2a: V4Vendetta|Victini|118\/341
|-damage|p2a: V4Vendetta|33\/341|[from] Stealth Rock
|
|-heal|p1a: Fortaleza|94\/404|[from] item: Leftovers
|turn|14
|join|Rosalia
|
|move|p2a: V4Vendetta|U-turn|p1a: Fortaleza
|-damage|p1a: Fortaleza|8\/404
|
|switch|p2a: Wheaties|Swampert, M|379\/404
|-damage|p2a: Wheaties|354\/404|[from] Stealth Rock
|move|p1a: Fortaleza|Roar|p2a: Wheaties
|drag|p2a: V4Vendetta|Victini|33\/341
|-damage|p2a: V4Vendetta|0 fnt|[from] Stealth Rock
|faint|p2a: V4Vendetta
|
|-heal|p1a: Fortaleza|33\/404|[from] item: Leftovers
|leave|Rosalia
|
|switch|p2a: Wheaties|Swampert, M|354\/404
|-damage|p2a: Wheaties|329\/404|[from] Stealth Rock
|turn|15
|
|move|p1a: Fortaleza|Scald|p2a: Wheaties
|-damage|p2a: Wheaties|187\/404
|-status|p2a: Wheaties|brn
|move|p2a: Wheaties|Scald|p1a: Fortaleza
|-damage|p1a: Fortaleza|0 fnt
|faint|p1a: Fortaleza
|
|-heal|p2a: Wheaties|212\/404 brn|[from] item: Leftovers
|-damage|p2a: Wheaties|162\/404 brn|[from] brn
|
|switch|p1a: TheOne|Flygon, M|301\/301
|-damage|p1a: TheOne|283\/301|[from] Stealth Rock
|turn|16
|
|move|p1a: TheOne|Defog|p2a: Wheaties
|-unboost|p2a: Wheaties|evasion|1
|-sideend|p2: Bro Battington|Stealth Rock|[from] move: Defog|[of] p2a: Wheaties
|-sideend|p1: juancar_eng|Stealth Rock|[from] move: Defog|[of] p1a: TheOne
|move|p2a: Wheaties|Scald|p1a: TheOne
|-damage|p1a: TheOne|186\/301
|
|-heal|p2a: Wheaties|187\/404 brn|[from] item: Leftovers
|-damage|p2a: Wheaties|137\/404 brn|[from] brn
|turn|17
|
|switch|p1a: SabidurÃ­a|Umbreon, F, shiny|343\/394
|move|p2a: Wheaties|Scald|p1a: SabidurÃ­a
|-damage|p1a: SabidurÃ­a|297\/394
|-status|p1a: SabidurÃ­a|brn
|
|-heal|p1a: SabidurÃ­a|321\/394 brn|[from] item: Leftovers
|-heal|p2a: Wheaties|162\/404 brn|[from] item: Leftovers
|-damage|p1a: SabidurÃ­a|272\/394 brn|[from] brn
|-damage|p2a: Wheaties|112\/404 brn|[from] brn
|turn|18
|join|bleve PSG
|
|move|p1a: SabidurÃ­a|Heal Bell|p1a: SabidurÃ­a
|-cureteam|p1a: SabidurÃ­a|[from] move: HealBell
|move|p2a: Wheaties|Stealth Rock|p1a: SabidurÃ­a
|-sidestart|p1: juancar_eng|move: Stealth Rock
|
|-heal|p1a: SabidurÃ­a|296\/394|[from] item: Leftovers
|-heal|p2a: Wheaties|137\/404 brn|[from] item: Leftovers
|-damage|p2a: Wheaties|87\/404 brn|[from] brn
|turn|19
|
|move|p1a: SabidurÃ­a|Wish|p1a: SabidurÃ­a
|move|p2a: Wheaties|Scald|p1a: SabidurÃ­a
|-damage|p1a: SabidurÃ­a|217\/394
|-status|p1a: SabidurÃ­a|brn
|
|-heal|p1a: SabidurÃ­a|241\/394 brn|[from] item: Leftovers
|-heal|p2a: Wheaties|112\/404 brn|[from] item: Leftovers
|-damage|p1a: SabidurÃ­a|192\/394 brn|[from] brn
|-damage|p2a: Wheaties|62\/404 brn|[from] brn
|turn|20
|chat|bleve PSG|inb4 florges
|chat|Mikela|Is Piloswine any good?
|chat|Bro Battington|Yeah
|chat|bleve PSG|it is
|
|move|p1a: SabidurÃ­a|Heal Bell|p1a: SabidurÃ­a
|-cureteam|p1a: SabidurÃ­a|[from] move: HealBell
|move|p2a: Wheaties|Roar|p1a: SabidurÃ­a
|drag|p1a: TheOne|Flygon, M|186\/301
|-damage|p1a: TheOne|168\/301|[from] Stealth Rock
|
|-heal|p1a: TheOne|301\/301|[from] move: Wish|[wisher] SabidurÃ­a
|-heal|p2a: Wheaties|87\/404 brn|[from] item: Leftovers
|-damage|p2a: Wheaties|37\/404 brn|[from] brn
|turn|21
|chat|bleve PSG|girl
|join|git gud of frik
|join|Dudeman130498
|
|move|p1a: TheOne|Earthquake|p2a: Wheaties
|-damage|p2a: Wheaties|0 fnt
|faint|p2a: Wheaties
|
|
|switch|p2a: Wanda|Florges, F|337\/360
|turn|22
|chat|Mikela|Iwas thinking of using it to counter Victini and Darmanitan
|chat|Mikela|But meh
|
|switch|p1a: SabidurÃ­a|Umbreon, F, shiny|192\/394
|-damage|p1a: SabidurÃ­a|143\/394|[from] Stealth Rock
|move|p2a: Wanda|Moonblast|p1a: SabidurÃ­a
|-supereffective|p1a: SabidurÃ­a
|-damage|p1a: SabidurÃ­a|0 fnt
|faint|p1a: SabidurÃ­a
|
|-heal|p2a: Wanda|359\/360|[from] item: Leftovers
|chat|Mikela|Didn't work out
|chat|Bro Battington|Well it's not so much a counter
|chat|git gud of frik|how are you getting rekt by juan
|chat|git gud of frik|oh
|
|switch|p1a: TheOne|Flygon, M|301\/301
|-damage|p1a: TheOne|283\/301|[from] Stealth Rock
|turn|23
|chat|git gud of frik|gud gaim frum here
|chat|Bro Battington|As it is the fact it just doesn't die to a Flare Blitz\/V-Create 1 time
|chat|ANGER MANAGEMENT|it kinda helps if your counter
|
|move|p1a: TheOne|Iron Tail|p2a: Wanda|[miss]
|-miss|p1a: TheOne|p2a: Wanda
|move|p2a: Wanda|Moonblast|p1a: TheOne
|-supereffective|p1a: TheOne
|-damage|p1a: TheOne|0 fnt
|faint|p1a: TheOne
|
|-heal|p2a: Wanda|360\/360|[from] item: Leftovers
|chat|ANGER MANAGEMENT|resists one of thier STABs
|chat|git gud of frik|nice iron tail nerd
|
|switch|p1a: ConcentraciÃ³n|Hitmonlee, M|242\/242
|-damage|p1a: ConcentraciÃ³n|227\/242|[from] Stealth Rock
|turn|24
|chat|bleve PSG|well mikela you have vapo
|
|move|p1a: ConcentraciÃ³n|Endure|p1a: ConcentraciÃ³n
|-singleturn|p1a: ConcentraciÃ³n|move: Endure
|move|p2a: Wanda|Protect|p2a: Wanda
|-fail|p2a: Wanda
|
|turn|25
|join|sniperaim
|chat|git gud of frik|lol
|chat|Mikela|Lmao
|chat|git gud of frik|bleve pm me
|
|move|p1a: ConcentraciÃ³n|Earthquake|p2a: Wanda
|-damage|p2a: Wanda|217\/360
|move|p2a: Wanda|Moonblast|p1a: ConcentraciÃ³n
|-supereffective|p1a: ConcentraciÃ³n
|-damage|p1a: ConcentraciÃ³n|3\/242
|-enditem|p1a: ConcentraciÃ³n|Liechi Berry|[eat]
|-boost|p1a: ConcentraciÃ³n|atk|1|[from] item: Liechi Berry
|
|-heal|p2a: Wanda|239\/360|[from] item: Leftovers
|turn|26
|chat|juancar_eng|:P
|
|move|p2a: Wanda|Protect|p2a: Wanda
|-singleturn|p2a: Wanda|Protect
|move|p1a: ConcentraciÃ³n|Reversal|p2a: Wanda
|-activate|p2a: Wanda|Protect
|
|-heal|p2a: Wanda|261\/360|[from] item: Leftovers
|turn|27
|chat|git gud of frik|LEECH
|chat|Mikela|Oh shit
|chat|Mikela|Reversel pls
|chat|Mikela|Yeaaa
|
|move|p1a: ConcentraciÃ³n|Reversal|p2a: Wanda
|-resisted|p2a: Wanda
|-damage|p2a: Wanda|0 fnt
|faint|p2a: Wanda
|
|chat|Mikela|He knows what's up
|chat|ANGER MANAGEMENT|eh
|chat|git gud of frik|oh god you're fucked
|chat|Dudeman130498|ur fukt
|chat|Bro Battington|Dang I had 160 Def
|chat|Mikela|GG
|
|switch|p2a: Aerosmactyl|Aerodactyl, M|331\/331
|-ability|p2a: Aerosmactyl|Pressure
|turn|28
|
|-formechange|p2a: Aerosmactyl|Aerodactyl-Mega
|message|Aerodactyl has Mega Evolved into Mega Aerodactyl!
|move|p1a: ConcentraciÃ³n|Reversal|p2a: Aerosmactyl
|-damage|p2a: Aerosmactyl|0 fnt
|faint|p2a: Aerosmactyl
|
|chat|bleve PSG|pls
|
|switch|p2a: OSX.Crisis|Porygon-Z|315\/359
|turn|29
|
|move|p1a: ConcentraciÃ³n|Reversal|p2a: OSX.Crisis
|-supereffective|p2a: OSX.Crisis
|-damage|p2a: OSX.Crisis|0 fnt
|faint|p2a: OSX.Crisis
|
|win|juancar_eng
|raw|Ladder updating...
|chat|bleve PSG|crobat
|chat|juancar_eng|gg
|chat|Bro Battington|Well that was lame
|chat|Bro Battington|Got my hopes up for nothing
|chat|Mikela|xD
|chat|bleve PSG|was your fault
|raw|juancar_eng's rating: 1493 &rarr; <strong>1514<\/strong><br \/>(+21 for winning)
|raw|Bro Battington's rating: 1507 &rarr; <strong>1486<\/strong><br \/>(-21 for losing)
|leave|bleve PSG
|leave|ANGER MANAGEMENT
|leave|sniperaim
|leave|Dudeman130498
|leave|git gud of frik