|join|Bockscar
|join|Bro Battington
|player|p1|Bockscar|137
|player|p2|Bro Battington|#coolstorybrobat
|gametype|singles
|gen|6
|tier|UU
|rated
|rule|Sleep Clause Mod: Limit one foe put to sleep
|rule|Species Clause: Limit one of each PokÃ©mon
|rule|OHKO Clause: OHKO moves are banned
|rule|Moody Clause: Moody is banned
|rule|Evasion Moves Clause: Evasion moves are banned
|rule|Endless Battle Clause: Forcing endless battles is banned
|rule|HP Percentage Mod: HP is shown in percentages
|clearpoke
|poke|p1|Lopunny, M
|poke|p1|Starmie, shiny
|poke|p1|Roserade, F
|poke|p1|Togekiss, M
|poke|p1|Jirachi
|poke|p1|Gligar, M
|poke|p2|Gallade, M
|poke|p2|Rhyperior, M
|poke|p2|Rotom-Mow
|poke|p2|Tentacruel, M
|poke|p2|Umbreon, M
|poke|p2|Doublade, M
|rule|Swagger Clause: Swagger is banned
|rule|Baton Pass Clause: Limit one PokÃ©mon knowing Baton Pass
|teampreview
|
|start
|switch|p1a: Lopunny|Lopunny, M|277\/277
|switch|p2a: Seto Kaiba|Gallade, M|277\/277
|turn|1
|c|âBockscar|sub csb
|c|âBro Battington|Sup man
|
|switch|p1a: Togekiss|Togekiss, M|373\/373
|detailschange|p2a: Seto Kaiba|Gallade-Mega, M
|message|Gallade has Mega Evolved into Mega Gallade!
|move|p2a: Seto Kaiba|Close Combat|p1a: Togekiss
|-resisted|p1a: Togekiss
|-damage|p1a: Togekiss|325\/373
|-unboost|p2a: Seto Kaiba|def|1
|-unboost|p2a: Seto Kaiba|spd|1
|
|-heal|p1a: Togekiss|348\/373|[from] item: Leftovers
|turn|2
|
|switch|p2a: Dem Chores|Rotom-Mow|271\/271
|switch|p1a: Roserade|Roserade, F|324\/324
|
|turn|3
|
|switch|p2a: 2 Bladez|Doublade, M|322\/322
|move|p1a: Roserade|Sleep Powder|p2a: 2 Bladez
|-status|p2a: 2 Bladez|slp
|
|turn|4
|
|switch|p1a: Gligar|Gligar, M|334\/334
|cant|p2a: 2 Bladez|slp
|
|turn|5
|
|switch|p2a: Dem Chores|Rotom-Mow|271\/271
|move|p1a: Gligar|Stealth Rock|p2a: Dem Chores
|-sidestart|p2: Bro Battington|move: Stealth Rock
|
|turn|6
|
|switch|p1a: Jirachi|Jirachi|341\/341
|move|p2a: Dem Chores|Hidden Power|p1a: Jirachi
|-resisted|p1a: Jirachi
|-damage|p1a: Jirachi|293\/341
|
|turn|7
|
|switch|p2a: T-Pain|Tentacruel, M|361\/361
|-damage|p2a: T-Pain|316\/361|[from] Stealth Rock
|move|p1a: Jirachi|U-turn|p2a: T-Pain
|-resisted|p2a: T-Pain
|-damage|p2a: T-Pain|283\/361
|
|switch|p1a: Starmie|Starmie, shiny|261\/261
|
|-heal|p2a: T-Pain|305\/361|[from] item: Black Sludge
|turn|8
|
|switch|p1a: Lopunny|Lopunny, M|277\/277
|switch|p2a: Hombreon|Umbreon, M|394\/394
|-damage|p2a: Hombreon|345\/394|[from] Stealth Rock
|
|-heal|p2a: Hombreon|369\/394|[from] item: Leftovers
|turn|9
|
|switch|p2a: T-Pain|Tentacruel, M|305\/361
|-damage|p2a: T-Pain|260\/361|[from] Stealth Rock
|detailschange|p1a: Lopunny|Lopunny-Mega, M
|message|Lopunny has Mega Evolved into Mega Lopunny!
|move|p1a: Lopunny|High Jump Kick|p2a: T-Pain
|-resisted|p2a: T-Pain
|-damage|p2a: T-Pain|156\/361
|
|-heal|p2a: T-Pain|178\/361|[from] item: Black Sludge
|turn|10
|
|move|p1a: Lopunny|Return|p2a: T-Pain
|-crit|p2a: T-Pain
|-damage|p2a: T-Pain|0 fnt
|faint|p2a: T-Pain
|
|c|âBro Battington|:\
|c|âBockscar|oops
|
|switch|p2a: Seto Kaiba|Gallade-Mega, M|277\/277
|-damage|p2a: Seto Kaiba|260\/277|[from] Stealth Rock
|turn|11
|
|switch|p1a: Starmie|Starmie, shiny|261\/261
|move|p2a: Seto Kaiba|Zen Headbutt|p1a: Starmie
|-resisted|p1a: Starmie
|-damage|p1a: Starmie|163\/261
|
|turn|12
|
|switch|p2a: Hombreon|Umbreon, M|369\/394
|-damage|p2a: Hombreon|320\/394|[from] Stealth Rock
|move|p1a: Starmie|Psyshock|p2a: Hombreon
|-immune|p2a: Hombreon|[msg]
|
|-heal|p2a: Hombreon|344\/394|[from] item: Leftovers
|turn|13
|
|switch|p1a: Togekiss|Togekiss, M|348\/373
|move|p2a: Hombreon|Foul Play|p1a: Togekiss
|-resisted|p1a: Togekiss
|-damage|p1a: Togekiss|327\/373
|
|-heal|p1a: Togekiss|350\/373|[from] item: Leftovers
|-heal|p2a: Hombreon|368\/394|[from] item: Leftovers
|turn|14
|
|move|p1a: Togekiss|Nasty Plot|p1a: Togekiss
|-boost|p1a: Togekiss|spa|2
|move|p2a: Hombreon|Heal Bell|p2a: Hombreon
|-cureteam|p2a: Hombreon|[from] move: HealBell
|
|-heal|p1a: Togekiss|373\/373|[from] item: Leftovers
|-heal|p2a: Hombreon|392\/394|[from] item: Leftovers
|turn|15
|
|switch|p2a: Rocksteady|Rhyperior, M|433\/433
|-damage|p2a: Rocksteady|406\/433|[from] Stealth Rock
|move|p1a: Togekiss|Air Slash|p2a: Rocksteady
|-resisted|p2a: Rocksteady
|-damage|p2a: Rocksteady|277\/433
|
|-heal|p2a: Rocksteady|304\/433|[from] item: Leftovers
|turn|16
|
|move|p1a: Togekiss|Air Slash|p2a: Rocksteady
|-resisted|p2a: Rocksteady
|-damage|p2a: Rocksteady|166\/433
|cant|p2a: Rocksteady|flinch
|
|-heal|p2a: Rocksteady|193\/433|[from] item: Leftovers
|turn|17
|
|move|p1a: Togekiss|Air Slash|p2a: Rocksteady
|-resisted|p2a: Rocksteady
|-damage|p2a: Rocksteady|64\/433
|move|p2a: Rocksteady|Rock Blast|p1a: Togekiss
|-supereffective|p1a: Togekiss
|-damage|p1a: Togekiss|307\/373
|-supereffective|p1a: Togekiss
|-damage|p1a: Togekiss|235\/373
|-supereffective|p1a: Togekiss
|-damage|p1a: Togekiss|163\/373
|-hitcount|p1a: Togekiss|3
|
|-heal|p1a: Togekiss|186\/373|[from] item: Leftovers
|-heal|p2a: Rocksteady|91\/433|[from] item: Leftovers
|turn|18
|
|move|p1a: Togekiss|Air Slash|p2a: Rocksteady
|-resisted|p2a: Rocksteady
|-damage|p2a: Rocksteady|0 fnt
|faint|p2a: Rocksteady
|
|-heal|p1a: Togekiss|209\/373|[from] item: Leftovers
|
|switch|p2a: Dem Chores|Rotom-Mow|271\/271
|-damage|p2a: Dem Chores|238\/271|[from] Stealth Rock
|turn|19
|
|switch|p1a: Roserade|Roserade, F|324\/324
|move|p2a: Dem Chores|Volt Switch|p1a: Roserade
|-resisted|p1a: Roserade
|-damage|p1a: Roserade|264\/324
|
|switch|p2a: Seto Kaiba|Gallade-Mega, M|260\/277
|-damage|p2a: Seto Kaiba|243\/277|[from] Stealth Rock
|
|-heal|p1a: Roserade|284\/324|[from] item: Black Sludge
|turn|20
|
|move|p2a: Seto Kaiba|Swords Dance|p2a: Seto Kaiba
|-boost|p2a: Seto Kaiba|atk|2
|move|p1a: Roserade|Sleep Powder|p2a: Seto Kaiba
|-status|p2a: Seto Kaiba|slp
|
|-heal|p1a: Roserade|304\/324|[from] item: Black Sludge
|turn|21
|c|âBro Battington|Really
|c|âBro Battington|You'd risk that?
|c|âBockscar|yeah
|c|âBockscar|i just did
|
|switch|p2a: 2 Bladez|Doublade, M|322\/322
|-damage|p2a: 2 Bladez|302\/322|[from] Stealth Rock
|move|p1a: Roserade|Sludge Bomb|p2a: 2 Bladez
|-immune|p2a: 2 Bladez|[msg]
|
|-heal|p1a: Roserade|324\/324|[from] item: Black Sludge
|turn|22
|c|âBockscar|rotom mow i can handle decently well
|
|switch|p2a: Dem Chores|Rotom-Mow|238\/271
|-damage|p2a: Dem Chores|205\/271|[from] Stealth Rock
|move|p1a: Roserade|Toxic Spikes|p2a: Dem Chores
|-sidestart|p2: Bro Battington|move: Toxic Spikes
|
|turn|23
|
|move|p2a: Dem Chores|Trick|p1a: Roserade
|-activate|p2a: Dem Chores|move: Trick|[of] p1a: Roserade
|-item|p1a: Roserade|Choice Specs|[from] move: Trick
|-item|p2a: Dem Chores|Black Sludge|[from] move: Trick
|move|p1a: Roserade|Sludge Bomb|p2a: Dem Chores
|-supereffective|p2a: Dem Chores
|-damage|p2a: Dem Chores|0 fnt
|faint|p2a: Dem Chores
|
|
|switch|p2a: 2 Bladez|Doublade, M|302\/322
|-damage|p2a: 2 Bladez|282\/322|[from] Stealth Rock
|turn|24
|
|switch|p1a: Gligar|Gligar, M|334\/334
|move|p2a: 2 Bladez|Swords Dance|p2a: 2 Bladez
|-boost|p2a: 2 Bladez|atk|2
|
|turn|25
|
|move|p1a: Gligar|Earthquake|p2a: 2 Bladez
|-supereffective|p2a: 2 Bladez
|-damage|p2a: 2 Bladez|210\/322
|move|p2a: 2 Bladez|Swords Dance|p2a: 2 Bladez
|-boost|p2a: 2 Bladez|atk|2
|
|turn|26
|
|move|p1a: Gligar|Earthquake|p2a: 2 Bladez
|-supereffective|p2a: 2 Bladez
|-damage|p2a: 2 Bladez|132\/322
|move|p2a: 2 Bladez|Swords Dance|p2a: 2 Bladez
|-boost|p2a: 2 Bladez|atk|2
|
|turn|27
|
|move|p1a: Gligar|Earthquake|p2a: 2 Bladez
|-supereffective|p2a: 2 Bladez
|-damage|p2a: 2 Bladez|54\/322
|move|p2a: 2 Bladez|Gyro Ball|p1a: Gligar
|-damage|p1a: Gligar|7\/334
|
|turn|28
|
|move|p2a: 2 Bladez|Shadow Sneak|p1a: Gligar
|-damage|p1a: Gligar|0 fnt
|faint|p1a: Gligar
|
|
|switch|p1a: Lopunny|Lopunny-Mega, M|277\/277
|turn|29
|
|move|p1a: Lopunny|Fake Out|p2a: 2 Bladez
|-crit|p2a: 2 Bladez
|-resisted|p2a: 2 Bladez
|-damage|p2a: 2 Bladez|30\/322
|cant|p2a: 2 Bladez|flinch
|
|turn|30
|
|move|p1a: Lopunny|Return|p2a: 2 Bladez
|-resisted|p2a: 2 Bladez
|-damage|p2a: 2 Bladez|0 fnt
|faint|p2a: 2 Bladez
|
|
|switch|p2a: Hombreon|Umbreon, M|392\/394
|-status|p2a: Hombreon|psn
|-damage|p2a: Hombreon|343\/394 psn|[from] Stealth Rock
|turn|31
|
|switch|p1a: Togekiss|Togekiss, M|209\/373
|move|p2a: Hombreon|Heal Bell|p2a: Hombreon
|-cureteam|p2a: Hombreon|[from] move: HealBell
|
|-heal|p1a: Togekiss|232\/373|[from] item: Leftovers
|-heal|p2a: Hombreon|367\/394|[from] item: Leftovers
|turn|32
|
|switch|p2a: Seto Kaiba|Gallade-Mega, M|243\/277
|-damage|p2a: Seto Kaiba|226\/277|[from] Stealth Rock
|-status|p2a: Seto Kaiba|psn
|move|p1a: Togekiss|Nasty Plot|p1a: Togekiss
|-boost|p1a: Togekiss|spa|2
|
|-heal|p1a: Togekiss|255\/373|[from] item: Leftovers
|-damage|p2a: Seto Kaiba|192\/277 psn|[from] psn
|turn|33
|
|move|p2a: Seto Kaiba|Zen Headbutt|p1a: Togekiss
|-damage|p1a: Togekiss|117\/373
|move|p1a: Togekiss|Air Slash|p2a: Seto Kaiba
|-supereffective|p2a: Seto Kaiba
|-damage|p2a: Seto Kaiba|0 fnt
|faint|p2a: Seto Kaiba
|
|-heal|p1a: Togekiss|140\/373|[from] item: Leftovers
|
|switch|p2a: Hombreon|Umbreon, M|367\/394
|-status|p2a: Hombreon|psn
|-damage|p2a: Hombreon|318\/394 psn|[from] Stealth Rock
|turn|34
|-message|Bro Battington forfeited.
|
|win|Bockscar
|raw|Ladder updating...
|leave|Bro Battington
|player|p2
|raw|Bockscar's rating: 1335 &rarr; <strong>1350<\/strong><br \/>(+15 for winning)
|raw|Bro Battington's rating: 1232 &rarr; <strong>1214<\/strong><br \/>(-18 for losing)