|join|z0mOG
|join|Bro Battington
|player|p1|z0mOG|271
|player|p2|Bro Battington|#coolstorybrobat
|gametype|singles
|gen|6
|tier|UU
|rated
|rule|Sleep Clause Mod: Limit one foe put to sleep
|rule|Species Clause: Limit one of each PokÃ©mon
|rule|OHKO Clause: OHKO moves are banned
|rule|Moody Clause: Moody is banned
|rule|Evasion Moves Clause: Evasion moves are banned
|rule|Endless Battle Clause: Forcing endless battles is banned
|rule|HP Percentage Mod: HP is shown in percentages
|clearpoke
|poke|p1|Swampert, M
|poke|p1|Roserade, M, shiny
|poke|p1|Doublade, M
|poke|p1|Florges, F
|poke|p1|Heracross, M
|poke|p1|Slowbro, M
|poke|p2|Tornadus, M
|poke|p2|Swampert, M
|poke|p2|Houndoom, M
|poke|p2|Forretress, M
|poke|p2|Florges, F
|poke|p2|Sableye, F
|rule|Swagger Clause: Swagger is banned
|rule|Baton Pass Clause: Limit one PokÃ©mon knowing Baton Pass
|teampreview
|c|âz0mOG|oh you
|c|âz0mOG|hello
|c|âBro Battington|I know you
|c|âBro Battington|hi
|c|âz0mOG|gl
|c|âBro Battington|have fun
|
|start
|switch|p1a: kakoii|Roserade, M, shiny|261\/261
|switch|p2a: D'eyemond|Sableye, F|304\/304
|turn|1
|
|switch|p2a: TF2|Forretress, M|354\/354
|move|p1a: kakoii|Sludge Bomb|p2a: TF2
|-immune|p2a: TF2|[msg]
|
|turn|2
|
|move|p1a: kakoii|Hidden Power|p2a: TF2
|-supereffective|p2a: TF2
|-activate|p2a: TF2|Sturdy
|-damage|p2a: TF2|1\/354
|-damage|p1a: kakoii|235\/261|[from] item: Life Orb
|move|p2a: TF2|Stealth Rock|p1a: kakoii
|-sidestart|p1: z0mOG|move: Stealth Rock
|
|-heal|p2a: TF2|23\/354|[from] item: Leftovers
|turn|3
|
|move|p1a: kakoii|Giga Drain|p2a: TF2
|-resisted|p2a: TF2
|-damage|p2a: TF2|0 fnt
|-heal|p1a: kakoii|247\/261|[from] drain|[of] p2a: TF2
|-damage|p1a: kakoii|221\/261|[from] item: Life Orb
|faint|p2a: TF2
|
|
|switch|p2a: Baphomutt|Houndoom, M|291\/291
|turn|4
|join|Ultra Possum
|
|detailschange|p2a: Baphomutt|Houndoom-Mega, M
|message|Houndoom has Mega Evolved into Mega Houndoom!
|move|p2a: Baphomutt|Fire Blast|p1a: kakoii
|-supereffective|p1a: kakoii
|-damage|p1a: kakoii|0 fnt
|faint|p1a: kakoii
|
|
|switch|p1a: Muddy Fodder|Swampert, M|401\/401
|-damage|p1a: Muddy Fodder|376\/401|[from] Stealth Rock
|turn|5
|join|thunderkid max
|
|switch|p2a: D'eyemond|Sableye, F|304\/304
|move|p1a: Muddy Fodder|Waterfall|p2a: D'eyemond
|-damage|p2a: D'eyemond|118\/304
|
|-heal|p1a: Muddy Fodder|401\/401|[from] item: Leftovers
|-heal|p2a: D'eyemond|137\/304|[from] item: Leftovers
|turn|6
|join|Fletchinhur
|join|gobosox
|
|switch|p1a: Duke Nukem|Heracross, M|301\/301
|-damage|p1a: Duke Nukem|264\/301|[from] Stealth Rock
|move|p2a: D'eyemond|Will-O-Wisp|p1a: Duke Nukem
|-status|p1a: Duke Nukem|brn
|
|-heal|p2a: D'eyemond|156\/304|[from] item: Leftovers
|-damage|p1a: Duke Nukem|227\/301 brn|[from] brn
|turn|7
|c|âz0mOG|es time
|c| Fletchinhur|what do you do
|c|âBro Battington|Body me up
|c| Fletchinhur|vs hera brobat?
|c|âBro Battington|I wait 4 more days till it moves to OU
|c| gobosox|he uses crobat]
|c| Fletchinhur|oh
|c| gobosox|oh wait
|c|âz0mOG|lel
|leave|thunderkid max
|c|âz0mOG|florges checks it pretty well
|
|move|p2a: D'eyemond|Recover|p2a: D'eyemond
|-heal|p2a: D'eyemond|304\/304
|move|p1a: Duke Nukem|Megahorn|p2a: D'eyemond
|-damage|p2a: D'eyemond|0 fnt
|faint|p2a: D'eyemond
|
|-damage|p1a: Duke Nukem|190\/301 brn|[from] brn
|c|âz0mOG|if phys. def
|c| Fletchinhur|spoiler: use fletch
|
|switch|p2a: Twista|Tornadus, M|325\/325
|turn|8
|leave|Fletchinhur
|
|switch|p1a: kawaii|Florges, F|357\/357
|-damage|p1a: kawaii|313\/357|[from] Stealth Rock
|move|p2a: Twista|Bulk Up|p2a: Twista
|-boost|p2a: Twista|atk|1
|-boost|p2a: Twista|def|1
|
|-heal|p1a: kawaii|335\/357|[from] item: Leftovers
|turn|9
|
|move|p2a: Twista|Bulk Up|p2a: Twista
|-boost|p2a: Twista|atk|1
|-boost|p2a: Twista|def|1
|move|p1a: kawaii|Moonblast|p2a: Twista
|-damage|p2a: Twista|183\/325
|
|-heal|p1a: kawaii|357\/357|[from] item: Leftovers
|turn|10
|
|move|p2a: Twista|Bulk Up|p2a: Twista
|-boost|p2a: Twista|atk|1
|-boost|p2a: Twista|def|1
|move|p1a: kawaii|Moonblast|p2a: Twista
|-damage|p2a: Twista|44\/325
|
|turn|11
|
|switch|p1a: spoopy sword|Doublade, M|319\/319
|-damage|p1a: spoopy sword|300\/319|[from] Stealth Rock
|move|p2a: Twista|Rest|p2a: Twista
|-status|p2a: Twista|slp
|-heal|p2a: Twista|325\/325 slp|[silent]
|-status|p2a: Twista|slp|[from] move: Rest
|-enditem|p2a: Twista|Chesto Berry|[eat]
|-curestatus|p2a: Twista|slp
|
|turn|12
|c|âz0mOG|woah
|c|âz0mOG|that's uh
|c|âz0mOG|scary
|c|âBro Battington|you ain't seen scary
|
|move|p2a: Twista|Knock Off|p1a: spoopy sword
|-supereffective|p1a: spoopy sword
|-damage|p1a: spoopy sword|68\/319
|-enditem|p1a: spoopy sword|Eviolite|[from] move: Knock Off|[of] p2a: Twista
|move|p1a: spoopy sword|Iron Head|p2a: Twista
|-damage|p2a: Twista|255\/325
|
|turn|13
|
|move|p1a: spoopy sword|Shadow Sneak|p2a: Twista
|-damage|p2a: Twista|215\/325
|move|p2a: Twista|Knock Off|p1a: spoopy sword
|-supereffective|p1a: spoopy sword
|-damage|p1a: spoopy sword|0 fnt
|faint|p1a: spoopy sword
|
|
|switch|p1a: Duke Nukem|Heracross, M|190\/301 brn
|-damage|p1a: Duke Nukem|153\/301 brn|[from] Stealth Rock
|turn|14
|
|move|p1a: Duke Nukem|Stone Edge|p2a: Twista
|-supereffective|p2a: Twista
|-damage|p2a: Twista|45\/325
|move|p2a: Twista|Acrobatics|p1a: Duke Nukem
|-supereffective|p1a: Duke Nukem
|-damage|p1a: Duke Nukem|0 fnt
|faint|p1a: Duke Nukem
|
|c|âBro Battington|The Guts Scarf
|c|âBro Battington|geez
|c|âz0mOG|moxie is overrated
|c|âz0mOG|tbh
|
|switch|p1a: kawaii|Florges, F|357\/357
|-damage|p1a: kawaii|313\/357|[from] Stealth Rock
|turn|15
|
|move|p2a: Twista|Acrobatics|p1a: kawaii
|-damage|p1a: kawaii|0 fnt
|faint|p1a: kawaii
|
|
|switch|p1a: Muddy Fodder|Swampert, M|401\/401
|-damage|p1a: Muddy Fodder|376\/401|[from] Stealth Rock
|turn|16
|
|move|p2a: Twista|Acrobatics|p1a: Muddy Fodder
|-damage|p1a: Muddy Fodder|0 fnt
|faint|p1a: Muddy Fodder
|
|
|switch|p1a: Verlish|Slowbro, M|391\/391
|-damage|p1a: Verlish|343\/391|[from] Stealth Rock
|turn|17
|c|âz0mOG|gg
|c|âBro Battington|gg
|
|move|p2a: Twista|Knock Off|p1a: Verlish
|-supereffective|p1a: Verlish
|-damage|p1a: Verlish|31\/391
|-enditem|p1a: Verlish|Leftovers|[from] move: Knock Off|[of] p2a: Twista
|move|p1a: Verlish|Scald|p2a: Twista
|-damage|p2a: Twista|0 fnt
|faint|p2a: Twista
|
|c|âz0mOG|oh
|c|âz0mOG|damn
|c|âBro Battington|lol
|c|âz0mOG|I should have probably done that
|
|switch|p2a: Baphomutt|Houndoom-Mega, M|291\/291
|turn|18
|c|âz0mOG|calc'ing would have been smart there
|
|move|p2a: Baphomutt|Dark Pulse|p1a: Verlish
|-supereffective|p1a: Verlish
|-damage|p1a: Verlish|0 fnt
|faint|p1a: Verlish
|
|win|Bro Battington
|raw|Ladder updating...
|raw|z0mOG's rating: 1654 &rarr; <strong>1628<\/strong><br \/>(-26 for losing)
|raw|Bro Battington's rating: 1542 &rarr; <strong>1569<\/strong><br \/>(+27 for winning)
|c|âBro Battington|gg for real now
|leave|Ultra Possum
|c|âz0mOG|gg
|leave|z0mOG
|player|p1