|join|Bro Battington
|join|Bob the Bae
|player|p1|Bro Battington|#coolstorybrobat
|player|p2|Bob the Bae|23
|gametype|singles
|gen|6
|tier|UU
|rated
|rule|Sleep Clause Mod: Limit one foe put to sleep
|rule|Species Clause: Limit one of each PokÃ©mon
|rule|OHKO Clause: OHKO moves are banned
|rule|Moody Clause: Moody is banned
|rule|Evasion Moves Clause: Evasion moves are banned
|rule|Endless Battle Clause: Forcing endless battles is banned
|rule|HP Percentage Mod: HP is shown in percentages
|clearpoke
|poke|p1|Swampert, M
|poke|p1|Tornadus, M
|poke|p1|Goodra, M
|poke|p1|Jirachi
|poke|p1|Tentacruel, F
|poke|p1|Whimsicott, M
|poke|p2|Sharpedo, M
|poke|p2|Mienshao, F
|poke|p2|Raikou
|poke|p2|Froslass, F
|poke|p2|Forretress, F
|poke|p2|Vaporeon, M
|rule|Swagger Clause: Swagger is banned
|rule|Baton Pass Clause: Limit one PokÃ©mon knowing Baton Pass
|teampreview
|c|âBob the Bae|oh
|c|âBob the Bae|hi
|c|âBro Battington|Here goes I guess
|
|start
|switch|p1a: Jirachi|Jirachi|404\/404
|switch|p2a: Forretress|Forretress, F|354\/354
|turn|1
|
|move|p1a: Jirachi|Stealth Rock|p2a: Forretress
|-sidestart|p2: Bob the Bae|move: Stealth Rock
|move|p2a: Forretress|Stealth Rock|p1a: Jirachi
|-sidestart|p1: Bro Battington|move: Stealth Rock
|
|turn|2
|
|move|p1a: Jirachi|U-turn|p2a: Forretress
|-resisted|p2a: Forretress
|-damage|p2a: Forretress|337\/354
|
|switch|p1a: Goodra|Goodra, M|374\/374
|-damage|p1a: Goodra|328\/374|[from] Stealth Rock
|move|p2a: Forretress|Volt Switch|p1a: Goodra
|-resisted|p1a: Goodra
|-damage|p1a: Goodra|315\/374
|
|switch|p2a: Mienshao|Mienshao, F|271\/271
|-damage|p2a: Mienshao|255\/271|[from] Stealth Rock
|
|turn|3
|
|move|p2a: Mienshao|U-turn|p1a: Goodra
|-damage|p1a: Goodra|206\/374
|
|switch|p2a: Vaporeon|Vaporeon, M|464\/464
|-damage|p2a: Vaporeon|406\/464|[from] Stealth Rock
|move|p1a: Goodra|Fire Punch|p2a: Vaporeon
|-crit|p2a: Vaporeon
|-resisted|p2a: Vaporeon
|-damage|p2a: Vaporeon|312\/464
|
|-heal|p2a: Vaporeon|341\/464|[from] item: Leftovers
|turn|4
|
|switch|p1a: Tentacruel|Tentacruel, F|363\/363
|-damage|p1a: Tentacruel|318\/363|[from] Stealth Rock
|move|p2a: Vaporeon|Scald|p1a: Tentacruel
|-resisted|p1a: Tentacruel
|-damage|p1a: Tentacruel|276\/363
|
|-heal|p1a: Tentacruel|298\/363|[from] item: Black Sludge
|-heal|p2a: Vaporeon|370\/464|[from] item: Leftovers
|turn|5
|
|move|p1a: Tentacruel|Toxic Spikes|p2a: Vaporeon
|-sidestart|p2: Bob the Bae|move: Toxic Spikes
|move|p2a: Vaporeon|Scald|p1a: Tentacruel
|-resisted|p1a: Tentacruel
|-damage|p1a: Tentacruel|256\/363
|
|-heal|p1a: Tentacruel|278\/363|[from] item: Black Sludge
|-heal|p2a: Vaporeon|399\/464|[from] item: Leftovers
|turn|6
|
|switch|p2a: Froslass|Froslass, F|343\/343
|-status|p2a: Froslass|psn
|-damage|p2a: Froslass|258\/343 psn|[from] Stealth Rock
|move|p1a: Tentacruel|Rapid Spin|p2a: Froslass
|-immune|p2a: Froslass|[msg]
|
|-heal|p1a: Tentacruel|300\/363|[from] item: Black Sludge
|-damage|p2a: Froslass|216\/343 psn|[from] psn
|turn|7
|
|move|p2a: Froslass|Spikes|p1a: Tentacruel
|-sidestart|p1: Bro Battington|Spikes
|move|p1a: Tentacruel|Scald|p2a: Froslass
|-damage|p2a: Froslass|113\/343 psn
|
|-heal|p1a: Tentacruel|322\/363|[from] item: Black Sludge
|-damage|p2a: Froslass|71\/343 psn|[from] psn
|turn|8
|
|switch|p1a: Whimsicott|Whimsicott, M|261\/261
|-damage|p1a: Whimsicott|229\/261|[from] Spikes
|-damage|p1a: Whimsicott|197\/261|[from] Stealth Rock
|move|p2a: Froslass|Destiny Bond|p2a: Froslass
|-singlemove|p2a: Froslass|Destiny Bond
|
|-damage|p2a: Froslass|29\/343 psn|[from] psn
|turn|9
|
|switch|p1a: Tentacruel|Tentacruel, F|322\/363
|-damage|p1a: Tentacruel|277\/363|[from] Spikes
|-damage|p1a: Tentacruel|232\/363|[from] Stealth Rock
|switch|p2a: Forretress|Forretress, F|337\/354
|-damage|p2a: Forretress|293\/354|[from] Stealth Rock
|
|-heal|p1a: Tentacruel|254\/363|[from] item: Black Sludge
|-heal|p2a: Forretress|315\/354|[from] item: Leftovers
|turn|10
|
|move|p1a: Tentacruel|Rapid Spin|p2a: Forretress
|-resisted|p2a: Forretress
|-damage|p2a: Forretress|312\/354
|-sideend|p1: Bro Battington|Spikes|[from] move: Rapid Spin|[of] p1a: Tentacruel
|-sideend|p1: Bro Battington|Stealth Rock|[from] move: Rapid Spin|[of] p1a: Tentacruel
|move|p2a: Forretress|Rapid Spin|p1a: Tentacruel
|-damage|p1a: Tentacruel|239\/363
|-sideend|p2: Bob the Bae|Toxic Spikes|[from] move: Rapid Spin|[of] p2a: Forretress
|-sideend|p2: Bob the Bae|Stealth Rock|[from] move: Rapid Spin|[of] p2a: Forretress
|
|-heal|p1a: Tentacruel|261\/363|[from] item: Black Sludge
|-heal|p2a: Forretress|334\/354|[from] item: Leftovers
|turn|11
|
|move|p1a: Tentacruel|Scald|p2a: Forretress
|-damage|p2a: Forretress|220\/354
|move|p2a: Forretress|Volt Switch|p1a: Tentacruel
|-supereffective|p1a: Tentacruel
|-damage|p1a: Tentacruel|197\/363
|
|switch|p2a: Raikou|Raikou|321\/321
|-ability|p2a: Raikou|Pressure
|
|-heal|p1a: Tentacruel|219\/363|[from] item: Black Sludge
|turn|12
|
|switch|p1a: Goodra|Goodra, M|206\/374
|move|p2a: Raikou|Extrasensory|p1a: Goodra
|-damage|p1a: Goodra|123\/374
|-damage|p2a: Raikou|289\/321|[from] item: Life Orb
|
|turn|13
|
|move|p2a: Raikou|Hidden Power|p1a: Goodra
|-supereffective|p1a: Goodra
|-damage|p1a: Goodra|9\/374
|-damage|p2a: Raikou|257\/321|[from] item: Life Orb
|move|p1a: Goodra|Outrage|p2a: Raikou
|-damage|p2a: Raikou|0 fnt
|faint|p2a: Raikou
|
|c|âBob the Bae|fuk
|
|switch|p2a: Froslass|Froslass, F|29\/343 psn
|turn|14
|
|move|p2a: Froslass|Spikes|p1a: Goodra
|-sidestart|p1: Bro Battington|Spikes
|move|p1a: Goodra|Outrage|p2a: Froslass
|-damage|p2a: Froslass|0 fnt
|faint|p2a: Froslass
|
|-end|p1a: Goodra|rampage
|-start|p1a: Goodra|confusion
|
|switch|p2a: Forretress|Forretress, F|220\/354
|turn|15
|
|-activate|p1a: Goodra|confusion
|-damage|p1a: Goodra|0 fnt|[from] confusion
|faint|p1a: Goodra
|move|p2a: Forretress|Volt Switch|p1: Goodra|[notarget]
|-notarget
|
|-heal|p2a: Forretress|242\/354|[from] item: Leftovers
|c|âBro Battington|Ha
|
|switch|p1a: Whimsicott|Whimsicott, M|197\/261
|-damage|p1a: Whimsicott|165\/261|[from] Spikes
|turn|16
|
|move|p1a: Whimsicott|Hidden Power|p2a: Forretress
|-crit|p2a: Forretress
|-supereffective|p2a: Forretress
|-damage|p2a: Forretress|0 fnt
|faint|p2a: Forretress
|
|c|âBob the Bae|fuk
|c|âBob the Bae|this is bad
|
|switch|p2a: Sharpedo|Sharpedo, M|281\/281
|turn|17
|c|âBro Battington|Yeah it is pretty bad, I normally don't cosign on HP Fire Whimsicott
|
|switch|p1a: Tentacruel|Tentacruel, F|219\/363
|-damage|p1a: Tentacruel|174\/363|[from] Spikes
|move|p2a: Sharpedo|Protect|p2a: Sharpedo
|-fail|p2a: Sharpedo
|
|-heal|p1a: Tentacruel|196\/363|[from] item: Black Sludge
|-boost|p2a: Sharpedo|spe|1|[from] ability: Speed Boost
|turn|18
|
|move|p2a: Sharpedo|Protect|p2a: Sharpedo
|-singleturn|p2a: Sharpedo|Protect
|move|p1a: Tentacruel|Toxic Spikes|p2a: Sharpedo
|-sidestart|p2: Bob the Bae|move: Toxic Spikes
|
|-heal|p1a: Tentacruel|218\/363|[from] item: Black Sludge
|-boost|p2a: Sharpedo|spe|1|[from] ability: Speed Boost
|turn|19
|
|detailschange|p2a: Sharpedo|Sharpedo-Mega, M
|message|Sharpedo has Mega Evolved into Mega Sharpedo!
|move|p2a: Sharpedo|Crunch|p1a: Tentacruel
|-damage|p1a: Tentacruel|0 fnt
|faint|p1a: Tentacruel
|
|
|switch|p1a: Wheaties|Swampert, M|344\/344
|-damage|p1a: Wheaties|301\/344|[from] Spikes
|turn|20
|
|detailschange|p1a: Wheaties|Swampert-Mega, M
|message|Swampert has Mega Evolved into Mega Swampert!
|move|p2a: Sharpedo|Crunch|p1a: Wheaties
|-damage|p1a: Wheaties|90\/344
|-unboost|p1a: Wheaties|def|1
|move|p1a: Wheaties|Earthquake|p2a: Sharpedo
|-damage|p2a: Sharpedo|0 fnt
|faint|p2a: Sharpedo
|
|c|âBro Battington|part of a balanced breakfast
|
|switch|p2a: Mienshao|Mienshao, F|255\/271
|-status|p2a: Mienshao|psn
|turn|21
|
|switch|p1a: Jirachi|Jirachi|404\/404
|-damage|p1a: Jirachi|354\/404|[from] Spikes
|move|p2a: Mienshao|U-turn|p1a: Jirachi
|-damage|p1a: Jirachi|277\/404
|
|switch|p2a: Vaporeon|Vaporeon, M|399\/464
|-status|p2a: Vaporeon|psn
|
|-heal|p1a: Jirachi|302\/404|[from] item: Leftovers
|-heal|p2a: Vaporeon|428\/464 psn|[from] item: Leftovers
|-damage|p2a: Vaporeon|370\/464 psn|[from] psn
|turn|22
|
|move|p1a: Jirachi|Wish|p1a: Jirachi
|move|p2a: Vaporeon|Baton Pass|p2a: Vaporeon
|
|switch|p2a: Mienshao|Mienshao, F|255\/271 psn
|
|-heal|p1a: Jirachi|327\/404|[from] item: Leftovers
|-damage|p2a: Mienshao|222\/271 psn|[from] psn
|turn|23
|
|move|p2a: Mienshao|Knock Off|p1a: Jirachi
|-crit|p1a: Jirachi
|-supereffective|p1a: Jirachi
|-damage|p1a: Jirachi|0 fnt
|-enditem|p1a: Jirachi|Leftovers|[from] move: Knock Off|[of] p2a: Mienshao
|faint|p1a: Jirachi
|
|-damage|p2a: Mienshao|189\/271 psn|[from] psn
|c|âBob the Bae|ez
|c|âBro Battington|:\
|c|âBro Battington|all good doe
|c|âBro Battington|I was finna U-turn
|c|âBro Battington|and catch a Wish
|
|switch|p1a: Whimsicott|Whimsicott, M|165\/261
|-damage|p1a: Whimsicott|133\/261|[from] Spikes
|turn|24
|
|switch|p2a: Vaporeon|Vaporeon, M|370\/464 psn
|move|p1a: Whimsicott|Giga Drain|p2a: Vaporeon
|-supereffective|p2a: Vaporeon
|-damage|p2a: Vaporeon|147\/464 psn
|-heal|p1a: Whimsicott|245\/261|[from] drain|[of] p2a: Vaporeon
|
|-heal|p2a: Vaporeon|176\/464 psn|[from] item: Leftovers
|-damage|p2a: Vaporeon|118\/464 psn|[from] psn
|turn|25
|
|move|p1a: Whimsicott|Giga Drain|p2a: Vaporeon
|-supereffective|p2a: Vaporeon
|-damage|p2a: Vaporeon|0 fnt
|-heal|p1a: Whimsicott|261\/261|[from] drain|[of] p2a: Vaporeon
|faint|p2a: Vaporeon
|
|
|switch|p2a: Mienshao|Mienshao, F|189\/271 psn
|turn|26
|
|move|p2a: Mienshao|High Jump Kick|p1a: Whimsicott
|-resisted|p1a: Whimsicott
|-damage|p1a: Whimsicott|120\/261
|move|p1a: Whimsicott|Moonblast|p2a: Mienshao
|-supereffective|p2a: Mienshao
|-damage|p2a: Mienshao|0 fnt
|faint|p2a: Mienshao
|
|win|Bro Battington
|raw|Ladder updating...
|raw|Bro Battington's rating: 1420 &rarr; <strong>1448<\/strong><br \/>(+28 for winning)
|raw|Bob the Bae's rating: 1568 &rarr; <strong>1540<\/strong><br \/>(-28 for losing)
|c|âBob the Bae|gg
|c|âBro Battington|gg
|leave|Bob the Bae
|player|p2