|join|Bro Battington
|join|Dr.Duckworth
|player|p1|Bro Battington|#coolstorybrobat
|player|p2|Dr.Duckworth|163
|gametype|singles
|gen|6
|tier|UU
|rated
|rule|Sleep Clause Mod: Limit one foe put to sleep
|rule|Species Clause: Limit one of each PokÃ©mon
|rule|OHKO Clause: OHKO moves are banned
|rule|Moody Clause: Moody is banned
|rule|Evasion Moves Clause: Evasion moves are banned
|rule|Endless Battle Clause: Forcing endless battles is banned
|rule|HP Percentage Mod: HP is shown in percentages
|clearpoke
|poke|p1|Tornadus, M
|poke|p1|Rotom-Heat
|poke|p1|Toxicroak, M
|poke|p1|Florges, F
|poke|p1|Krookodile, M
|poke|p1|Blastoise, M
|poke|p2|Entei, shiny
|poke|p2|Nidoqueen, F
|poke|p2|Forretress, M
|poke|p2|Shaymin
|poke|p2|Kingdra, F
|poke|p2|Jellicent, F
|rule|Swagger Clause: Swagger is banned
|rule|Baton Pass Clause: Limit one PokÃ©mon knowing Baton Pass
|teampreview
|
|start
|switch|p1a: The Gun Show|Blastoise, M|335\/335
|switch|p2a: Nidoqueen|Nidoqueen, F|383\/383
|turn|1
|
|switch|p2a: Jellicent|Jellicent, F|404\/404
|detailschange|p1a: The Gun Show|Blastoise-Mega, M
|message|Blastoise has Mega Evolved into Mega Blastoise!
|move|p1a: The Gun Show|Scald|p2a: Jellicent
|-resisted|p2a: Jellicent
|-damage|p2a: Jellicent|351\/404
|-status|p2a: Jellicent|brn
|
|-heal|p2a: Jellicent|376\/404 brn|[from] item: Leftovers
|-damage|p2a: Jellicent|326\/404 brn|[from] brn
|turn|2
|
|switch|p2a: Shaymin|Shaymin|362\/362
|move|p1a: The Gun Show|Dark Pulse|p2a: Shaymin
|-damage|p2a: Shaymin|212\/362
|
|-heal|p2a: Shaymin|234\/362|[from] item: Leftovers
|turn|3
|
|switch|p1a: Twista|Tornadus, M|325\/325
|move|p2a: Shaymin|Seed Flare|p1a: Twista
|-resisted|p1a: Twista
|-damage|p1a: Twista|236\/325
|-unboost|p1a: Twista|spd|2
|
|-heal|p2a: Shaymin|256\/362|[from] item: Leftovers
|turn|4
|
|switch|p2a: Jellicent|Jellicent, F|326\/404 brn
|move|p1a: Twista|Bulk Up|p1a: Twista
|-boost|p1a: Twista|atk|1
|-boost|p1a: Twista|def|1
|
|-heal|p2a: Jellicent|351\/404 brn|[from] item: Leftovers
|-damage|p2a: Jellicent|301\/404 brn|[from] brn
|turn|5
|
|move|p1a: Twista|Bulk Up|p1a: Twista
|-boost|p1a: Twista|atk|1
|-boost|p1a: Twista|def|1
|move|p2a: Jellicent|Ice Beam|p1a: Twista
|-supereffective|p1a: Twista
|-damage|p1a: Twista|0 fnt
|faint|p1a: Twista
|
|-heal|p2a: Jellicent|326\/404 brn|[from] item: Leftovers
|-damage|p2a: Jellicent|276\/404 brn|[from] brn
|
|switch|p1a: The Gun Show|Blastoise-Mega, M|335\/335
|turn|6
|join|ult blitzfiend
|
|switch|p2a: Kingdra|Kingdra, F|291\/291
|move|p1a: The Gun Show|Dark Pulse|p2a: Kingdra
|-damage|p2a: Kingdra|125\/291
|
|turn|7
|
|move|p2a: Kingdra|Outrage|p1a: The Gun Show
|-damage|p1a: The Gun Show|179\/335
|move|p1a: The Gun Show|Dark Pulse|p2a: Kingdra
|-damage|p2a: Kingdra|0 fnt
|faint|p2a: Kingdra
|
|leave|ult blitzfiend
|
|switch|p2a: Shaymin|Shaymin|256\/362
|turn|8
|
|switch|p1a: Oven Mitts|Rotom-Heat|241\/241
|move|p2a: Shaymin|Seed Flare|p1a: Oven Mitts
|-resisted|p1a: Oven Mitts
|-damage|p1a: Oven Mitts|175\/241
|-unboost|p1a: Oven Mitts|spd|2
|
|-heal|p2a: Shaymin|278\/362|[from] item: Leftovers
|turn|9
|join|ult blitzfiend
|
|switch|p2a: Nidoqueen|Nidoqueen, F|383\/383
|move|p1a: Oven Mitts|Overheat|p2a: Nidoqueen|[miss]
|-miss|p1a: Oven Mitts|p2a: Nidoqueen
|
|turn|10
|
|switch|p1a: NAK NAK NAK|Krookodile, M|394\/394
|-ability|p1a: NAK NAK NAK|Intimidate|[of] p2a: Nidoqueen
|-unboost|p2a: Nidoqueen|atk|1
|move|p2a: Nidoqueen|Sludge Wave|p1a: NAK NAK NAK
|-resisted|p1a: NAK NAK NAK
|-damage|p1a: NAK NAK NAK|314\/394
|
|-heal|p1a: NAK NAK NAK|338\/394|[from] item: Leftovers
|turn|11
|
|switch|p2a: Forretress|Forretress, M|353\/353
|move|p1a: NAK NAK NAK|Earthquake|p2a: Forretress
|-damage|p2a: Forretress|248\/353
|
|-heal|p1a: NAK NAK NAK|362\/394|[from] item: Leftovers
|-heal|p2a: Forretress|270\/353|[from] item: Leftovers
|turn|12
|
|move|p1a: NAK NAK NAK|Taunt|p2a: Forretress
|-start|p2a: Forretress|move: Taunt
|cant|p2a: Forretress|move: Taunt|Stealth Rock
|
|-heal|p1a: NAK NAK NAK|386\/394|[from] item: Leftovers
|-heal|p2a: Forretress|292\/353|[from] item: Leftovers
|turn|13
|
|move|p1a: NAK NAK NAK|Knock Off|p2a: Forretress
|-damage|p2a: Forretress|192\/353
|-enditem|p2a: Forretress|Leftovers|[from] move: Knock Off|[of] p1a: NAK NAK NAK
|move|p2a: Forretress|Counter|p1a: NAK NAK NAK
|-damage|p1a: NAK NAK NAK|186\/394
|
|-heal|p1a: NAK NAK NAK|210\/394|[from] item: Leftovers
|turn|14
|
|move|p1a: NAK NAK NAK|Stealth Rock|p2a: Forretress
|-sidestart|p2: Dr.Duckworth|move: Stealth Rock
|move|p2a: Forretress|Volt Switch|p1a: NAK NAK NAK
|-immune|p1a: NAK NAK NAK|[msg]
|
|-heal|p1a: NAK NAK NAK|234\/394|[from] item: Leftovers
|-end|p2a: Forretress|move: Taunt
|turn|15
|
|move|p1a: NAK NAK NAK|Taunt|p2a: Forretress
|-start|p2a: Forretress|move: Taunt
|move|p2a: Forretress|Rapid Spin|p1a: NAK NAK NAK
|-damage|p1a: NAK NAK NAK|218\/394
|-sideend|p2: Dr.Duckworth|Stealth Rock|[from] move: Rapid Spin|[of] p2a: Forretress
|
|-heal|p1a: NAK NAK NAK|242\/394|[from] item: Leftovers
|turn|16
|
|switch|p1a: ToxiCRUNK|Toxicroak, M|307\/307
|switch|p2a: Jellicent|Jellicent, F|276\/404 brn
|
|-heal|p2a: Jellicent|301\/404 brn|[from] item: Leftovers
|-damage|p2a: Jellicent|251\/404 brn|[from] brn
|turn|17
|
|move|p1a: ToxiCRUNK|Swords Dance|p1a: ToxiCRUNK
|-boost|p1a: ToxiCRUNK|atk|2
|move|p2a: Jellicent|Recover|p2a: Jellicent
|-heal|p2a: Jellicent|404\/404 brn
|
|-damage|p2a: Jellicent|354\/404 brn|[from] brn
|turn|18
|
|move|p1a: ToxiCRUNK|Swords Dance|p1a: ToxiCRUNK
|-boost|p1a: ToxiCRUNK|atk|2
|move|p2a: Jellicent|Hex|p1a: ToxiCRUNK
|-damage|p1a: ToxiCRUNK|217\/307
|
|-heal|p2a: Jellicent|379\/404 brn|[from] item: Leftovers
|-damage|p2a: Jellicent|329\/404 brn|[from] brn
|turn|19
|
|move|p1a: ToxiCRUNK|Sucker Punch|p2a: Jellicent
|-supereffective|p2a: Jellicent
|-damage|p2a: Jellicent|0 fnt
|-damage|p1a: ToxiCRUNK|187\/307|[from] item: Life Orb
|faint|p2a: Jellicent
|
|join|Sweep with Scrafty
|
|switch|p2a: Forretress|Forretress, M|192\/353
|turn|20
|
|move|p1a: ToxiCRUNK|Drain Punch|p2a: Forretress
|-damage|p2a: Forretress|0 fnt
|-heal|p1a: ToxiCRUNK|283\/307|[from] drain|[of] p2a: Forretress
|-damage|p1a: ToxiCRUNK|253\/307|[from] item: Life Orb
|faint|p2a: Forretress
|
|join|Excuse
|
|switch|p2a: Nidoqueen|Nidoqueen, F|383\/383
|turn|21
|
|move|p1a: ToxiCRUNK|Gunk Shot|p2a: Nidoqueen|[miss]
|-miss|p1a: ToxiCRUNK|p2a: Nidoqueen
|move|p2a: Nidoqueen|Earth Power|p1a: ToxiCRUNK
|-supereffective|p1a: ToxiCRUNK
|-damage|p1a: ToxiCRUNK|0 fnt
|faint|p1a: ToxiCRUNK
|
|
|switch|p1a: NAK NAK NAK|Krookodile, M|242\/394
|-ability|p1a: NAK NAK NAK|Intimidate|[of] p2a: Nidoqueen
|-unboost|p2a: Nidoqueen|atk|1
|turn|22
|
|switch|p2a: Shaymin|Shaymin|278\/362
|move|p1a: NAK NAK NAK|Earthquake|p2a: Shaymin
|-resisted|p2a: Shaymin
|-damage|p2a: Shaymin|217\/362
|
|-heal|p1a: NAK NAK NAK|266\/394|[from] item: Leftovers
|-heal|p2a: Shaymin|239\/362|[from] item: Leftovers
|turn|23
|
|switch|p1a: Oven Mitts|Rotom-Heat|175\/241
|switch|p2a: Entei|Entei, shiny|371\/371
|-ability|p2a: Entei|Pressure
|
|turn|24
|
|move|p1a: Oven Mitts|Volt Switch|p2a: Entei
|-damage|p2a: Entei|236\/371
|
|switch|p1a: NAK NAK NAK|Krookodile, M|266\/394
|-ability|p1a: NAK NAK NAK|Intimidate|[of] p2a: Entei
|-unboost|p2a: Entei|atk|1
|move|p2a: Entei|Sacred Fire|p1a: NAK NAK NAK
|-damage|p1a: NAK NAK NAK|77\/394
|
|-heal|p1a: NAK NAK NAK|101\/394|[from] item: Leftovers
|turn|25
|
|switch|p2a: Shaymin|Shaymin|239\/362
|move|p1a: NAK NAK NAK|Earthquake|p2a: Shaymin
|-resisted|p2a: Shaymin
|-damage|p2a: Shaymin|178\/362
|
|-heal|p1a: NAK NAK NAK|125\/394|[from] item: Leftovers
|-heal|p2a: Shaymin|200\/362|[from] item: Leftovers
|turn|26
|
|switch|p1a: Oven Mitts|Rotom-Heat|175\/241
|switch|p2a: Nidoqueen|Nidoqueen, F|383\/383
|
|turn|27
|
|switch|p1a: Wanda|Florges, F|360\/360
|move|p2a: Nidoqueen|Toxic Spikes|p1a: Wanda
|-sidestart|p1: Bro Battington|move: Toxic Spikes
|
|turn|28
|
|move|p2a: Nidoqueen|Sludge Wave|p1a: Wanda
|-supereffective|p1a: Wanda
|-damage|p1a: Wanda|226\/360
|move|p1a: Wanda|Wish|p1a: Wanda
|
|-heal|p1a: Wanda|248\/360|[from] item: Leftovers
|turn|29
|
|switch|p1a: NAK NAK NAK|Krookodile, M|125\/394
|-status|p1a: NAK NAK NAK|psn
|-ability|p1a: NAK NAK NAK|Intimidate|[of] p2a: Nidoqueen
|-unboost|p2a: Nidoqueen|atk|1
|move|p2a: Nidoqueen|Roar|p1a: NAK NAK NAK
|drag|p1a: Wanda|Florges, F|248\/360
|-status|p1a: Wanda|psn
|
|-heal|p1a: Wanda|360\/360 psn|[from] move: Wish|[wisher] Wanda
|-damage|p1a: Wanda|315\/360 psn|[from] psn
|turn|30
|
|move|p1a: Wanda|Wish|p1a: Wanda
|move|p2a: Nidoqueen|Roar|p1a: Wanda
|drag|p1a: The Gun Show|Blastoise-Mega, M|179\/335
|-status|p1a: The Gun Show|psn
|
|-damage|p1a: The Gun Show|138\/335 psn|[from] psn
|turn|31
|
|move|p1a: The Gun Show|Scald|p2a: Nidoqueen
|-supereffective|p2a: Nidoqueen
|-damage|p2a: Nidoqueen|0 fnt
|faint|p2a: Nidoqueen
|
|-heal|p1a: The Gun Show|318\/335 psn|[from] move: Wish|[wisher] Wanda
|-damage|p1a: The Gun Show|277\/335 psn|[from] psn
|
|switch|p2a: Shaymin|Shaymin|200\/362
|turn|32
|
|switch|p2a: Entei|Entei, shiny|236\/371
|-ability|p2a: Entei|Pressure
|switch|p1a: NAK NAK NAK|Krookodile, M|125\/394 psn
|-ability|p1a: NAK NAK NAK|Intimidate|[of] p2a: Entei
|-unboost|p2a: Entei|atk|1
|
|-heal|p1a: NAK NAK NAK|149\/394 psn|[from] item: Leftovers
|-damage|p1a: NAK NAK NAK|100\/394 psn|[from] psn
|turn|33
|
|move|p2a: Entei|Sacred Fire|p1a: NAK NAK NAK
|-damage|p1a: NAK NAK NAK|0 fnt
|faint|p1a: NAK NAK NAK
|
|
|switch|p1a: The Gun Show|Blastoise-Mega, M|277\/335 psn
|turn|34
|
|switch|p2a: Shaymin|Shaymin|200\/362
|move|p1a: The Gun Show|Dragon Pulse|p2a: Shaymin
|-damage|p2a: Shaymin|42\/362
|
|-heal|p2a: Shaymin|64\/362|[from] item: Leftovers
|-damage|p1a: The Gun Show|236\/335 psn|[from] psn
|turn|35
|
|switch|p1a: Oven Mitts|Rotom-Heat|175\/241
|move|p2a: Shaymin|Rest|p2a: Shaymin
|-status|p2a: Shaymin|slp
|-heal|p2a: Shaymin|362\/362 slp|[silent]
|-status|p2a: Shaymin|slp|[from] move: Rest
|
|turn|36
|
|switch|p2a: Entei|Entei, shiny|236\/371
|-ability|p2a: Entei|Pressure
|move|p1a: Oven Mitts|Volt Switch|p2a: Entei
|-damage|p2a: Entei|103\/371
|join|Technosis
|
|switch|p1a: Wanda|Florges, F|315\/360 psn
|
|-heal|p1a: Wanda|337\/360 psn|[from] item: Leftovers
|-damage|p1a: Wanda|292\/360 psn|[from] psn
|turn|37
|
|move|p1a: Wanda|Protect|p1a: Wanda
|-singleturn|p1a: Wanda|Protect
|move|p2a: Entei|Sacred Fire|p1a: Wanda
|-activate|p1a: Wanda|Protect
|
|-heal|p1a: Wanda|314\/360 psn|[from] item: Leftovers
|-damage|p1a: Wanda|269\/360 psn|[from] psn
|turn|38
|
|switch|p1a: The Gun Show|Blastoise-Mega, M|236\/335 psn
|move|p2a: Entei|Sacred Fire|p1a: The Gun Show
|-crit|p1a: The Gun Show
|-resisted|p1a: The Gun Show
|-damage|p1a: The Gun Show|61\/335 psn
|
|-damage|p1a: The Gun Show|20\/335 psn|[from] psn
|turn|39
|
|move|p2a: Entei|Sacred Fire|p1a: The Gun Show
|-crit|p1a: The Gun Show
|-resisted|p1a: The Gun Show
|-damage|p1a: The Gun Show|0 fnt
|faint|p1a: The Gun Show
|
|
|switch|p1a: Oven Mitts|Rotom-Heat|175\/241
|turn|40
|
|switch|p2a: Shaymin|Shaymin|362\/362
|move|p1a: Oven Mitts|Overheat|p2a: Shaymin
|-supereffective|p2a: Shaymin
|-damage|p2a: Shaymin|24\/362
|-unboost|p1a: Oven Mitts|spa|2
|
|-heal|p2a: Shaymin|46\/362|[from] item: Leftovers
|turn|41
|
|move|p1a: Oven Mitts|Overheat|p2a: Shaymin
|-supereffective|p2a: Shaymin
|-damage|p2a: Shaymin|0 fnt
|-unboost|p1a: Oven Mitts|spa|2
|faint|p2a: Shaymin
|
|
|switch|p2a: Entei|Entei, shiny|103\/371
|-ability|p2a: Entei|Pressure
|turn|42
|
|switch|p1a: Wanda|Florges, F|269\/360 psn
|move|p2a: Entei|Stone Edge|p1a: Wanda
|-damage|p1a: Wanda|76\/360 psn
|
|-heal|p1a: Wanda|98\/360 psn|[from] item: Leftovers
|-damage|p1a: Wanda|53\/360 psn|[from] psn
|turn|43
|
|move|p2a: Entei|Stone Edge|p1a: Wanda
|-damage|p1a: Wanda|0 fnt
|faint|p1a: Wanda
|
|
|switch|p1a: Oven Mitts|Rotom-Heat|175\/241
|turn|44
|
|move|p1a: Oven Mitts|Volt Switch|p2a: Entei
|-damage|p2a: Entei|0 fnt
|faint|p2a: Entei
|
|win|Bro Battington
|raw|Ladder updating...
|raw|Bro Battington's rating: 1472 &rarr; <strong>1485<\/strong><br \/>(+13 for winning)
|raw|Dr.Duckworth's rating: 1361 &rarr; <strong>1347<\/strong><br \/>(-14 for losing)
|chat|Bro Battington|gg
|chat|Dr.Duckworth|gg
|leave|Bro Battington
|player|p1
|leave|Dr.Duckworth
|player|p2
|leave|ult blitzfiend
|leave|Excuse
|join|ult blitzfiend
|leave|Technosis
|leave|ult blitzfiend