|join|Bro Battington
|join|Duskt70
|player|p1|Bro Battington|#coolstorybrobat
|player|p2|Duskt70|208
|gametype|singles
|gen|6
|tier|UU
|rated
|rule|Sleep Clause Mod: Limit one foe put to sleep
|rule|Species Clause: Limit one of each PokÃ©mon
|rule|OHKO Clause: OHKO moves are banned
|rule|Moody Clause: Moody is banned
|rule|Evasion Moves Clause: Evasion moves are banned
|rule|Endless Battle Clause: Forcing endless battles is banned
|rule|HP Percentage Mod: HP is shown in percentages
|clearpoke
|poke|p1|Abomasnow, M
|poke|p1|Alakazam, M
|poke|p1|Suicune
|poke|p1|Crobat, M
|poke|p1|Umbreon, F
|poke|p1|Cobalion
|poke|p2|Sceptile, M
|poke|p2|Empoleon, M
|poke|p2|Chandelure, F
|poke|p2|Zygarde
|poke|p2|Crobat, F
|poke|p2|Jirachi
|rule|Swagger Clause: Swagger is banned
|rule|Baton Pass Clause: Limit one PokÃ©mon knowing Baton Pass
|teampreview
|join|BenzMafia
|c|âDuskt70|!
|
|start
|switch|p1a: Abomasnow|Abomasnow, M|321\/321
|switch|p2a: Wishmaker|Jirachi|341\/341
|-weather|Hail
|turn|1
|
|switch|p1a: Cobalion|Cobalion|324\/324
|move|p2a: Wishmaker|U-turn|p1a: Cobalion
|-resisted|p1a: Cobalion
|-damage|p1a: Cobalion|312\/324
|
|switch|p2a: Handy Chandy|Chandelure, F|261\/261
|
|-weather|Hail|[upkeep]
|-damage|p1a: Cobalion|292\/324|[from] hail
|-damage|p2a: Handy Chandy|245\/261|[from] hail
|-heal|p1a: Cobalion|312\/324|[from] item: Leftovers
|turn|2
|join|dodmen
|
|switch|p1a: Suicune|Suicune|403\/403
|-ability|p1a: Suicune|Pressure
|move|p2a: Handy Chandy|Fire Blast|p1a: Suicune
|-resisted|p1a: Suicune
|-damage|p1a: Suicune|251\/403
|
|-weather|Hail|[upkeep]
|-damage|p2a: Handy Chandy|229\/261|[from] hail
|-damage|p1a: Suicune|226\/403|[from] hail
|-heal|p1a: Suicune|251\/403|[from] item: Leftovers
|turn|3
|
|switch|p2a: The Sceptre|Sceptile, M|291\/291
|move|p1a: Suicune|Scald|p2a: The Sceptre
|-resisted|p2a: The Sceptre
|-damage|p2a: The Sceptre|240\/291
|-status|p2a: The Sceptre|brn
|
|-weather|Hail|[upkeep]
|-damage|p2a: The Sceptre|222\/291 brn|[from] hail
|-damage|p1a: Suicune|226\/403|[from] hail
|-heal|p1a: Suicune|251\/403|[from] item: Leftovers
|-damage|p2a: The Sceptre|186\/291 brn|[from] brn
|turn|4
|
|switch|p1a: Brobat|Crobat, M|335\/335
|detailschange|p2a: The Sceptre|Sceptile-Mega, M
|message|Sceptile has Mega Evolved into Mega Sceptile!
|move|p2a: The Sceptre|Dragon Pulse|p1a: Brobat
|-crit|p1a: Brobat
|-damage|p1a: Brobat|0 fnt
|faint|p1a: Brobat
|
|-weather|Hail|[upkeep]
|-damage|p2a: The Sceptre|168\/291 brn|[from] hail
|-damage|p2a: The Sceptre|132\/291 brn|[from] brn
|c|âBro Battington|...
|
|switch|p1a: Abomasnow|Abomasnow, M|321\/321
|turn|5
|c|âDuskt70|Sorry...
|c|âBro Battington|All good
|join|thunderkid blitz
|
|switch|p2a: Wishmaker|Jirachi|341\/341
|move|p1a: Abomasnow|Ice Shard|p2a: Wishmaker
|-resisted|p2a: Wishmaker
|-damage|p2a: Wishmaker|309\/341
|-damage|p1a: Abomasnow|289\/321|[from] item: Life Orb
|
|-weather|none
|turn|6
|
|switch|p1a: Umbreon|Umbreon, F|394\/394
|move|p2a: Wishmaker|U-turn|p1a: Umbreon
|-supereffective|p1a: Umbreon
|-damage|p1a: Umbreon|276\/394
|
|switch|p2a: Jormungandr|Zygarde|404\/404
|-ability|p2a: Jormungandr|Aura Break
|
|-heal|p1a: Umbreon|300\/394|[from] item: Leftovers
|turn|7
|
|switch|p1a: Abomasnow|Abomasnow, M|289\/321
|-weather|Hail
|move|p2a: Jormungandr|Substitute|p2a: Jormungandr
|-start|p2a: Jormungandr|Substitute
|-damage|p2a: Jormungandr|303\/404
|
|-weather|Hail|[upkeep]
|-damage|p2a: Jormungandr|278\/404|[from] hail
|-heal|p2a: Jormungandr|303\/404|[from] item: Leftovers
|turn|8
|
|move|p1a: Abomasnow|Ice Shard|p2a: Jormungandr
|-supereffective|p2a: Jormungandr
|-end|p2a: Jormungandr|Substitute
|-damage|p1a: Abomasnow|257\/321|[from] item: Life Orb
|move|p2a: Jormungandr|Dragon Tail|p1a: Abomasnow
|-crit|p1a: Abomasnow
|-damage|p1a: Abomasnow|112\/321
|drag|p1a: Umbreon|Umbreon, F|300\/394
|
|-weather|Hail|[upkeep]
|-damage|p2a: Jormungandr|278\/404|[from] hail
|-damage|p1a: Umbreon|276\/394|[from] hail
|-heal|p2a: Jormungandr|303\/404|[from] item: Leftovers
|-heal|p1a: Umbreon|300\/394|[from] item: Leftovers
|turn|9
|c| dodmen|sick
|leave|dodmen
|
|move|p2a: Jormungandr|Substitute|p2a: Jormungandr
|-start|p2a: Jormungandr|Substitute
|-damage|p2a: Jormungandr|202\/404
|move|p1a: Umbreon|Foul Play|p2a: Jormungandr
|-activate|p2a: Jormungandr|Substitute|[damage]
|
|-weather|Hail|[upkeep]
|-damage|p2a: Jormungandr|177\/404|[from] hail
|-damage|p1a: Umbreon|276\/394|[from] hail
|-heal|p2a: Jormungandr|202\/404|[from] item: Leftovers
|-heal|p1a: Umbreon|300\/394|[from] item: Leftovers
|turn|10
|
|move|p2a: Jormungandr|Coil|p2a: Jormungandr
|-boost|p2a: Jormungandr|atk|1
|-boost|p2a: Jormungandr|def|1
|-boost|p2a: Jormungandr|accuracy|1
|move|p1a: Umbreon|Foul Play|p2a: Jormungandr
|-end|p2a: Jormungandr|Substitute
|
|-weather|Hail|[upkeep]
|-damage|p2a: Jormungandr|177\/404|[from] hail
|-damage|p1a: Umbreon|276\/394|[from] hail
|-heal|p2a: Jormungandr|202\/404|[from] item: Leftovers
|-heal|p1a: Umbreon|300\/394|[from] item: Leftovers
|turn|11
|join|Shit user
|
|move|p2a: Jormungandr|Substitute|p2a: Jormungandr
|-start|p2a: Jormungandr|Substitute
|-damage|p2a: Jormungandr|101\/404
|move|p1a: Umbreon|Foul Play|p2a: Jormungandr
|-activate|p2a: Jormungandr|Substitute|[damage]
|
|-weather|none
|-heal|p2a: Jormungandr|126\/404|[from] item: Leftovers
|-heal|p1a: Umbreon|324\/394|[from] item: Leftovers
|turn|12
|
|move|p2a: Jormungandr|Coil|p2a: Jormungandr
|-boost|p2a: Jormungandr|atk|1
|-boost|p2a: Jormungandr|def|1
|-boost|p2a: Jormungandr|accuracy|1
|move|p1a: Umbreon|Foul Play|p2a: Jormungandr
|-end|p2a: Jormungandr|Substitute
|
|-heal|p2a: Jormungandr|151\/404|[from] item: Leftovers
|-heal|p1a: Umbreon|348\/394|[from] item: Leftovers
|turn|13
|
|move|p2a: Jormungandr|Earthquake|p1a: Umbreon
|-damage|p1a: Umbreon|134\/394
|move|p1a: Umbreon|Foul Play|p2a: Jormungandr
|-damage|p2a: Jormungandr|60\/404
|
|-heal|p2a: Jormungandr|85\/404|[from] item: Leftovers
|-heal|p1a: Umbreon|158\/394|[from] item: Leftovers
|turn|14
|
|switch|p2a: Justinian I|Empoleon, M|371\/371
|move|p1a: Umbreon|Foul Play|p2a: Justinian I
|-damage|p2a: Justinian I|286\/371
|
|-heal|p1a: Umbreon|182\/394|[from] item: Leftovers
|-heal|p2a: Justinian I|309\/371|[from] item: Leftovers
|turn|15
|c| Shit user|err
|c| Shit user|what
|
|switch|p1a: Abomasnow|Abomasnow, M|112\/321
|-weather|Hail
|move|p2a: Justinian I|Stealth Rock|p1a: Abomasnow
|-sidestart|p1: Bro Battington|move: Stealth Rock
|
|-weather|Hail|[upkeep]
|-damage|p2a: Justinian I|286\/371|[from] hail
|-heal|p2a: Justinian I|309\/371|[from] item: Leftovers
|turn|16
|
|move|p1a: Abomasnow|Focus Blast|p2a: Justinian I
|-supereffective|p2a: Justinian I
|-damage|p2a: Justinian I|124\/371
|-damage|p1a: Abomasnow|80\/321|[from] item: Life Orb
|move|p2a: Justinian I|Scald|p1a: Abomasnow
|-resisted|p1a: Abomasnow
|-damage|p1a: Abomasnow|20\/321
|
|-weather|Hail|[upkeep]
|-damage|p2a: Justinian I|101\/371|[from] hail
|-heal|p2a: Justinian I|124\/371|[from] item: Leftovers
|turn|17
|
|move|p1a: Abomasnow|Wood Hammer|p2a: Justinian I
|-damage|p2a: Justinian I|0 fnt
|-damage|p1a: Abomasnow|0 fnt|[from] recoil|[of] p2a: Justinian I
|faint|p2a: Justinian I
|faint|p1a: Abomasnow
|
|-weather|Hail|[upkeep]
|
|switch|p2a: Wishmaker|Jirachi|309\/341
|switch|p1a: Alakazam|Alakazam, M|252\/252
|turn|18
|
|switch|p1a: Cobalion|Cobalion|312\/324
|-damage|p1a: Cobalion|302\/324|[from] Stealth Rock
|move|p2a: Wishmaker|U-turn|p1a: Cobalion
|-resisted|p1a: Cobalion
|-damage|p1a: Cobalion|289\/324
|
|switch|p2a: Handy Chandy|Chandelure, F|229\/261
|
|-weather|Hail|[upkeep]
|-damage|p1a: Cobalion|269\/324|[from] hail
|-damage|p2a: Handy Chandy|213\/261|[from] hail
|-heal|p1a: Cobalion|289\/324|[from] item: Leftovers
|turn|19
|
|move|p1a: Cobalion|Stealth Rock|p2a: Handy Chandy
|-sidestart|p2: Duskt70|move: Stealth Rock
|move|p2a: Handy Chandy|Trick|p1a: Cobalion
|-activate|p2a: Handy Chandy|move: Trick|[of] p1a: Cobalion
|-item|p1a: Cobalion|Choice Specs|[from] move: Trick
|-item|p2a: Handy Chandy|Leftovers|[from] move: Trick
|
|-weather|none
|-heal|p2a: Handy Chandy|229\/261|[from] item: Leftovers
|turn|20
|
|move|p1a: Cobalion|Iron Head|p2a: Handy Chandy
|-resisted|p2a: Handy Chandy
|-damage|p2a: Handy Chandy|169\/261
|move|p2a: Handy Chandy|Fire Blast|p1a: Cobalion
|-supereffective|p1a: Cobalion
|-damage|p1a: Cobalion|0 fnt
|faint|p1a: Cobalion
|
|-heal|p2a: Handy Chandy|185\/261|[from] item: Leftovers
|
|switch|p1a: Alakazam|Alakazam, M|252\/252
|turn|21
|
|detailschange|p1a: Alakazam|Alakazam-Mega, M
|message|Alakazam has Mega Evolved into Mega Alakazam!
|-ability|p1a: Alakazam|Flash Fire|[from] ability: Trace|[of] p2a: Handy Chandy
|move|p1a: Alakazam|Substitute|p1a: Alakazam
|-start|p1a: Alakazam|Substitute
|-damage|p1a: Alakazam|189\/252
|move|p2a: Handy Chandy|Shadow Ball|p1a: Alakazam
|-supereffective|p1a: Alakazam
|-end|p1a: Alakazam|Substitute
|
|-heal|p2a: Handy Chandy|201\/261|[from] item: Leftovers
|turn|22
|
|move|p1a: Alakazam|Shadow Ball|p2a: Handy Chandy
|-supereffective|p2a: Handy Chandy
|-damage|p2a: Handy Chandy|0 fnt
|faint|p2a: Handy Chandy
|
|
|switch|p2a: Wishmaker|Jirachi|309\/341
|-damage|p2a: Wishmaker|288\/341|[from] Stealth Rock
|turn|23
|
|switch|p1a: Umbreon|Umbreon, F|182\/394
|-damage|p1a: Umbreon|133\/394|[from] Stealth Rock
|move|p2a: Wishmaker|U-turn|p1a: Umbreon
|-supereffective|p1a: Umbreon
|-damage|p1a: Umbreon|13\/394
|
|switch|p2a: Dingbat|Crobat, F|325\/325
|-damage|p2a: Dingbat|244\/325|[from] Stealth Rock
|
|-heal|p1a: Umbreon|37\/394|[from] item: Leftovers
|turn|24
|
|move|p2a: Dingbat|Acrobatics|p1a: Umbreon
|-damage|p1a: Umbreon|0 fnt
|faint|p1a: Umbreon
|
|
|switch|p1a: Alakazam|Alakazam-Mega, M|189\/252
|-damage|p1a: Alakazam|158\/252|[from] Stealth Rock
|-ability|p1a: Alakazam|Infiltrator|[from] ability: Trace|[of] p2a: Dingbat
|turn|25
|
|switch|p2a: Jormungandr|Zygarde|85\/404
|-damage|p2a: Jormungandr|60\/404|[from] Stealth Rock
|-ability|p2a: Jormungandr|Aura Break
|move|p1a: Alakazam|Psyshock|p2a: Jormungandr
|-damage|p2a: Jormungandr|0 fnt
|faint|p2a: Jormungandr
|
|
|switch|p2a: Wishmaker|Jirachi|288\/341
|-damage|p2a: Wishmaker|267\/341|[from] Stealth Rock
|turn|26
|c|âBro Battington|was this close to subbing
|join|Yellow Skarmory
|
|switch|p1a: Suicune|Suicune|251\/403
|-damage|p1a: Suicune|201\/403|[from] Stealth Rock
|-ability|p1a: Suicune|Pressure
|move|p2a: Wishmaker|U-turn|p1a: Suicune
|-damage|p1a: Suicune|156\/403
|
|switch|p2a: The Sceptre|Sceptile-Mega, M|132\/291 brn
|-damage|p2a: The Sceptre|96\/291 brn|[from] Stealth Rock
|
|-heal|p1a: Suicune|181\/403|[from] item: Leftovers
|-damage|p2a: The Sceptre|60\/291 brn|[from] brn
|turn|27
|
|move|p2a: The Sceptre|Giga Drain|p1a: Suicune
|-supereffective|p1a: Suicune
|-damage|p1a: Suicune|0 fnt
|-heal|p2a: The Sceptre|151\/291 brn|[from] drain|[of] p1a: Suicune
|faint|p1a: Suicune
|
|-damage|p2a: The Sceptre|115\/291 brn|[from] brn
|
|switch|p1a: Alakazam|Alakazam-Mega, M|158\/252
|-damage|p1a: Alakazam|127\/252|[from] Stealth Rock
|-ability|p1a: Alakazam|Lightning Rod|[from] ability: Trace|[of] p2a: The Sceptre
|turn|28
|
|move|p1a: Alakazam|Psyshock|p2a: The Sceptre
|-damage|p2a: The Sceptre|0 fnt
|faint|p2a: The Sceptre
|
|
|switch|p2a: Wishmaker|Jirachi|267\/341
|-damage|p2a: Wishmaker|246\/341|[from] Stealth Rock
|turn|29
|
|move|p2a: Wishmaker|U-turn|p1a: Alakazam
|-supereffective|p1a: Alakazam
|-damage|p1a: Alakazam|0 fnt
|faint|p1a: Alakazam
|
|win|Duskt70
|raw|Ladder updating...
|c|âDuskt70|gg
|c|âBro Battington|gg
|leave|Bro Battington
|player|p1
|leave|Yellow Skarmory
|leave|Shit user
|leave|thunderkid blitz
|raw|Bro Battington's rating: 1411 &rarr; <strong>1390<\/strong><br \/>(-21 for losing)
|raw|Duskt70's rating: 1388 &rarr; <strong>1409<\/strong><br \/>(+21 for winning)
|leave|BenzMafia