|join|tazerz95
|join|Bro Battington
|player|p1|tazerz95|283
|player|p2|Bro Battington|#coolstorybrobat
|gametype|singles
|gen|6
|tier|UU
|rated
|rule|Sleep Clause Mod: Limit one foe put to sleep
|rule|Species Clause: Limit one of each PokÃ©mon
|rule|OHKO Clause: OHKO moves are banned
|rule|Moody Clause: Moody is banned
|rule|Evasion Moves Clause: Evasion moves are banned
|rule|Endless Battle Clause: Forcing endless battles is banned
|rule|HP Percentage Mod: HP is shown in percentages
|clearpoke
|poke|p1|Heracross, F
|poke|p1|Shaymin
|poke|p1|Scrafty, M
|poke|p1|Chandelure, M
|poke|p1|Yanmega, M
|poke|p1|Empoleon, F
|poke|p2|Tornadus, M
|poke|p2|Swampert, M
|poke|p2|Houndoom, M
|poke|p2|Forretress, M
|poke|p2|Florges, F
|poke|p2|Mew
|rule|Swagger Clause: Swagger is banned
|rule|Baton Pass Clause: Limit one PokÃ©mon knowing Baton Pass
|teampreview
|join|Colbrushie
|
|start
|switch|p1a: Chandelure|Chandelure, M|261\/261
|switch|p2a: Wheaties|Swampert, M|384\/384
|turn|1
|
|switch|p2a: Baphomutt|Houndoom, M|291\/291
|move|p1a: Chandelure|Trick|p2a: Baphomutt
|-fail|p2a: Baphomutt
|
|turn|2
|
|switch|p1a: Scrafty|Scrafty, M|333\/333
|detailschange|p2a: Baphomutt|Houndoom-Mega, M
|message|Houndoom has Mega Evolved into Mega Houndoom!
|move|p2a: Baphomutt|Fire Blast|p1a: Scrafty
|-damage|p1a: Scrafty|207\/333
|
|turn|3
|join|Technosis
|c|âBro Battington|Nice n tuff AV
|
|switch|p2a: Wanda|Florges, F|360\/360
|move|p1a: Scrafty|Knock Off|p2a: Wanda
|-resisted|p2a: Wanda
|-damage|p2a: Wanda|282\/360
|-enditem|p2a: Wanda|Leftovers|[from] move: Knock Off|[of] p1a: Scrafty
|
|turn|4
|
|switch|p1a: Empoleon|Empoleon, F|371\/371
|move|p2a: Wanda|Moonblast|p1a: Empoleon
|-resisted|p1a: Empoleon
|-damage|p1a: Empoleon|311\/371
|-unboost|p1a: Empoleon|spa|1
|
|-heal|p1a: Empoleon|334\/371|[from] item: Leftovers
|turn|5
|
|switch|p2a: Wheaties|Swampert, M|384\/384
|move|p1a: Empoleon|Stealth Rock|p2a: Wheaties
|-sidestart|p2: Bro Battington|move: Stealth Rock
|
|-heal|p1a: Empoleon|357\/371|[from] item: Leftovers
|turn|6
|
|switch|p1a: Yanmega|Yanmega, M|313\/313
|move|p2a: Wheaties|Ice Punch|p1a: Yanmega
|-supereffective|p1a: Yanmega
|-damage|p1a: Yanmega|17\/313
|
|turn|7
|
|switch|p2a: Wanda|Florges, F|282\/360
|-damage|p2a: Wanda|237\/360|[from] Stealth Rock
|move|p1a: Yanmega|Giga Drain|p2a: Wanda
|-damage|p2a: Wanda|164\/360
|-heal|p1a: Yanmega|54\/313|[from] drain|[of] p2a: Wanda
|-damage|p1a: Yanmega|23\/313|[from] item: Life Orb
|
|-boost|p1a: Yanmega|spe|1|[from] ability: Speed Boost
|turn|8
|
|switch|p1a: Empoleon|Empoleon, F|357\/371
|move|p2a: Wanda|Wish|p2a: Wanda
|
|-heal|p1a: Empoleon|371\/371|[from] item: Leftovers
|turn|9
|
|move|p2a: Wanda|Protect|p2a: Wanda
|-singleturn|p2a: Wanda|Protect
|move|p1a: Empoleon|Toxic|p2a: Wanda
|-activate|p2a: Wanda|Protect
|
|-heal|p2a: Wanda|344\/360|[from] move: Wish|[wisher] Wanda
|turn|10
|
|switch|p2a: TF2|Forretress, M|354\/354
|-damage|p2a: TF2|310\/354|[from] Stealth Rock
|move|p1a: Empoleon|Scald|p2a: TF2
|-damage|p2a: TF2|157\/354
|-status|p2a: TF2|brn
|
|-heal|p2a: TF2|179\/354 brn|[from] item: Leftovers
|-damage|p2a: TF2|135\/354 brn|[from] brn
|turn|11
|
|move|p1a: Empoleon|Scald|p2a: TF2
|-damage|p2a: TF2|0 fnt
|faint|p2a: TF2
|
|
|switch|p2a: Wheaties|Swampert, M|384\/384
|-damage|p2a: Wheaties|360\/384|[from] Stealth Rock
|turn|12
|
|move|p2a: Wheaties|Superpower|p1a: Empoleon
|-supereffective|p1a: Empoleon
|-damage|p1a: Empoleon|17\/371
|-unboost|p2a: Wheaties|atk|1
|-unboost|p2a: Wheaties|def|1
|move|p1a: Empoleon|Toxic|p2a: Wheaties
|-status|p2a: Wheaties|tox
|
|-heal|p1a: Empoleon|40\/371|[from] item: Leftovers
|-damage|p2a: Wheaties|336\/384 tox|[from] psn
|turn|13
|
|switch|p2a: Wanda|Florges, F|344\/360
|-damage|p2a: Wanda|299\/360|[from] Stealth Rock
|move|p1a: Empoleon|Scald|p2a: Wanda
|-damage|p2a: Wanda|206\/360
|
|-heal|p1a: Empoleon|63\/371|[from] item: Leftovers
|turn|14
|
|move|p2a: Wanda|Moonblast|p1a: Empoleon
|-resisted|p1a: Empoleon
|-damage|p1a: Empoleon|4\/371
|move|p1a: Empoleon|Toxic|p2a: Wanda
|-status|p2a: Wanda|tox
|
|-heal|p1a: Empoleon|27\/371|[from] item: Leftovers
|-damage|p2a: Wanda|184\/360 tox|[from] psn
|turn|15
|
|move|p2a: Wanda|Moonblast|p1a: Empoleon
|-resisted|p1a: Empoleon
|-damage|p1a: Empoleon|0 fnt
|faint|p1a: Empoleon
|
|-damage|p2a: Wanda|140\/360 tox|[from] psn
|
|switch|p1a: Yanmega|Yanmega, M|23\/313
|turn|16
|
|move|p1a: Yanmega|Protect|p1a: Yanmega
|-singleturn|p1a: Yanmega|Protect
|move|p2a: Wanda|Moonblast|p1a: Yanmega
|-activate|p1a: Yanmega|Protect
|
|-damage|p2a: Wanda|74\/360 tox|[from] psn
|-boost|p1a: Yanmega|spe|1|[from] ability: Speed Boost
|turn|17
|
|move|p1a: Yanmega|Giga Drain|p2a: Wanda
|-damage|p2a: Wanda|8\/360 tox
|-heal|p1a: Yanmega|56\/313|[from] drain|[of] p2a: Wanda
|-damage|p1a: Yanmega|25\/313|[from] item: Life Orb
|move|p2a: Wanda|Moonblast|p1a: Yanmega
|-damage|p1a: Yanmega|0 fnt
|faint|p1a: Yanmega
|
|-damage|p2a: Wanda|0 fnt|[from] psn
|faint|p2a: Wanda
|
|switch|p1a: Heracross|Heracross, F|301\/301
|switch|p2a: Light Mew|Mew|403\/403
|-damage|p2a: Light Mew|353\/403|[from] Stealth Rock
|turn|18
|
|move|p1a: Heracross|Knock Off|p2a: Light Mew
|-supereffective|p2a: Light Mew
|-damage|p2a: Light Mew|125\/403
|-enditem|p2a: Light Mew|Leftovers|[from] move: Knock Off|[of] p1a: Heracross
|move|p2a: Light Mew|Will-O-Wisp|p1a: Heracross
|-status|p1a: Heracross|brn
|
|-damage|p1a: Heracross|264\/301 brn|[from] brn
|turn|19
|
|switch|p1a: Scrafty|Scrafty, M|207\/333
|move|p2a: Light Mew|Roost|p2a: Light Mew
|-heal|p2a: Light Mew|327\/403
|
|turn|20
|
|move|p2a: Light Mew|Will-O-Wisp|p1a: Scrafty
|-status|p1a: Scrafty|brn
|move|p1a: Scrafty|Knock Off|p2a: Light Mew
|-supereffective|p2a: Light Mew
|-damage|p2a: Light Mew|219\/403
|
|-damage|p1a: Scrafty|166\/333 brn|[from] brn
|turn|21
|
|move|p2a: Light Mew|Roost|p2a: Light Mew
|-heal|p2a: Light Mew|403\/403
|move|p1a: Scrafty|Knock Off|p2a: Light Mew
|-supereffective|p2a: Light Mew
|-damage|p2a: Light Mew|295\/403
|
|-damage|p1a: Scrafty|125\/333 brn|[from] brn
|turn|22
|
|switch|p1a: Chandelure|Chandelure, M|261\/261
|move|p2a: Light Mew|Roost|p2a: Light Mew
|-heal|p2a: Light Mew|403\/403
|
|turn|23
|
|move|p2a: Light Mew|Foul Play|p1a: Chandelure
|-supereffective|p1a: Chandelure
|-damage|p1a: Chandelure|163\/261
|move|p1a: Chandelure|Hidden Power|p2a: Light Mew
|-damage|p2a: Light Mew|287\/403
|
|turn|24
|c|âBro Battington|HP...Ground?
|
|switch|p1a: Scrafty|Scrafty, M|125\/333 brn
|move|p2a: Light Mew|Foul Play|p1a: Scrafty
|-resisted|p1a: Scrafty
|-damage|p1a: Scrafty|106\/333 brn
|
|-damage|p1a: Scrafty|65\/333 brn|[from] brn
|turn|25
|
|move|p2a: Light Mew|Foul Play|p1a: Scrafty
|-resisted|p1a: Scrafty
|-damage|p1a: Scrafty|44\/333 brn
|move|p1a: Scrafty|Drain Punch|p2a: Light Mew
|-resisted|p2a: Light Mew
|-damage|p2a: Light Mew|256\/403
|-heal|p1a: Scrafty|60\/333 brn|[from] drain|[of] p2a: Light Mew
|
|-damage|p1a: Scrafty|19\/333 brn|[from] brn
|turn|26
|
|move|p2a: Light Mew|Foul Play|p1a: Scrafty
|-resisted|p1a: Scrafty
|-damage|p1a: Scrafty|0 fnt
|faint|p1a: Scrafty
|
|
|switch|p1a: Chandelure|Chandelure, M|163\/261
|turn|27
|
|move|p2a: Light Mew|Foul Play|p1a: Chandelure
|-supereffective|p1a: Chandelure
|-damage|p1a: Chandelure|79\/261
|move|p1a: Chandelure|Shadow Ball|p2a: Light Mew
|-supereffective|p2a: Light Mew
|-damage|p2a: Light Mew|0 fnt
|faint|p2a: Light Mew
|
|
|switch|p2a: Twista|Tornadus, M|325\/325
|-damage|p2a: Twista|244\/325|[from] Stealth Rock
|turn|28
|
|move|p2a: Twista|Knock Off|p1a: Chandelure
|-supereffective|p1a: Chandelure
|-damage|p1a: Chandelure|0 fnt
|-enditem|p1a: Chandelure|Choice Specs|[from] move: Knock Off|[of] p2a: Twista
|faint|p1a: Chandelure
|
|
|switch|p1a: Shaymin|Shaymin|403\/403
|turn|29
|
|move|p2a: Twista|Bulk Up|p2a: Twista
|-boost|p2a: Twista|atk|1
|-boost|p2a: Twista|def|1
|move|p1a: Shaymin|Seed Flare|p2a: Twista|[miss]
|-miss|p1a: Shaymin|p2a: Twista
|
|turn|30
|
|move|p2a: Twista|Bulk Up|p2a: Twista
|-boost|p2a: Twista|atk|1
|-boost|p2a: Twista|def|1
|move|p1a: Shaymin|Seed Flare|p2a: Twista
|-resisted|p2a: Twista
|-damage|p2a: Twista|79\/325
|-damage|p1a: Shaymin|363\/403|[from] item: Life Orb
|
|turn|31
|
|move|p2a: Twista|Rest|p2a: Twista
|-status|p2a: Twista|slp
|-heal|p2a: Twista|325\/325 slp|[silent]
|-status|p2a: Twista|slp|[from] move: Rest
|-enditem|p2a: Twista|Chesto Berry|[eat]
|-curestatus|p2a: Twista|slp
|move|p1a: Shaymin|Dazzling Gleam|p2a: Twista
|-damage|p2a: Twista|194\/325
|-damage|p1a: Shaymin|323\/403|[from] item: Life Orb
|
|turn|32
|
|move|p2a: Twista|Acrobatics|p1a: Shaymin
|-supereffective|p1a: Shaymin
|-damage|p1a: Shaymin|0 fnt
|faint|p1a: Shaymin
|
|
|switch|p1a: Heracross|Heracross, F|264\/301 brn
|turn|33
|
|move|p1a: Heracross|Close Combat|p2a: Twista
|-resisted|p2a: Twista
|-damage|p2a: Twista|162\/325
|-unboost|p1a: Heracross|def|1
|-unboost|p1a: Heracross|spd|1
|move|p2a: Twista|Acrobatics|p1a: Heracross
|-supereffective|p1a: Heracross
|-damage|p1a: Heracross|0 fnt
|faint|p1a: Heracross
|
|win|Bro Battington
|raw|Ladder updating...
|raw|tazerz95's rating: 1467 &rarr; <strong>1453<\/strong><br \/>(-14 for losing)
|raw|Bro Battington's rating: 1568 &rarr; <strong>1582<\/strong><br \/>(+14 for winning)
|leave|tazerz95
|player|p1