|join|Bro Battington
|join|BadAss Tsuna
|player|p1|Bro Battington|#coolstorybrobat
|player|p2|BadAss Tsuna|209
|gametype|singles
|gen|6
|tier|UU
|rated
|rule|Sleep Clause Mod: Limit one foe put to sleep
|rule|Species Clause: Limit one of each PokÃ©mon
|rule|OHKO Clause: OHKO moves are banned
|rule|Moody Clause: Moody is banned
|rule|Evasion Moves Clause: Evasion moves are banned
|rule|Endless Battle Clause: Forcing endless battles is banned
|rule|HP Percentage Mod: HP is shown in percentages
|clearpoke
|poke|p1|Cobalion
|poke|p1|Krookodile, M
|poke|p1|Aerodactyl, M
|poke|p1|Chesnaught, M
|poke|p1|Starmie
|poke|p1|Aromatisse, M
|poke|p2|Nidoking, M
|poke|p2|Swampert, F
|poke|p2|Houndoom, F
|poke|p2|Jirachi
|poke|p2|Forretress, M
|poke|p2|Shaymin
|rule|Swagger Clause: Swagger is banned
|rule|Baton Pass Clause: Limit one PokÃ©mon knowing Baton Pass
|teampreview
|
|start
|switch|p1a: Starmie|Starmie|261\/261
|switch|p2a: Swampert|Swampert, F|404\/404
|turn|1
|
|move|p1a: Starmie|Hydro Pump|p2a: Swampert
|-damage|p2a: Swampert|184\/404
|-damage|p1a: Starmie|235\/261|[from] item: Life Orb
|move|p2a: Swampert|Stealth Rock|p1a: Starmie
|-sidestart|p1: Bro Battington|move: Stealth Rock
|
|-heal|p2a: Swampert|209\/404|[from] item: Leftovers
|turn|2
|
|switch|p2a: Shaymin|Shaymin|341\/341
|move|p1a: Starmie|Rapid Spin|p2a: Shaymin
|-damage|p2a: Shaymin|324\/341
|-sideend|p1: Bro Battington|Stealth Rock|[from] move: Rapid Spin|[of] p1a: Starmie
|-damage|p1a: Starmie|209\/261|[from] item: Life Orb
|
|turn|3
|join|Duskt70
|
|switch|p1a: Chesnaught|Chesnaught, M|380\/380
|move|p2a: Shaymin|Air Slash|p1a: Chesnaught
|-supereffective|p1a: Chesnaught
|-damage|p1a: Chesnaught|63\/380
|-damage|p2a: Shaymin|290\/341|[from] item: Life Orb
|
|-heal|p1a: Chesnaught|86\/380|[from] item: Leftovers
|turn|4
|c|âBro Battington|OW
|
|switch|p1a: Aerodactyl|Aerodactyl, M|331\/331
|move|p2a: Shaymin|Air Slash|p1a: Aerodactyl
|-resisted|p1a: Aerodactyl
|-damage|p1a: Aerodactyl|267\/331
|-damage|p2a: Shaymin|256\/341|[from] item: Life Orb
|
|turn|5
|
|switch|p2a: Forretress|Forretress, M|354\/354
|detailschange|p1a: Aerodactyl|Aerodactyl-Mega, M
|message|Aerodactyl has Mega Evolved into Mega Aerodactyl!
|move|p1a: Aerodactyl|Aerial Ace|p2a: Forretress
|-damage|p2a: Forretress|270\/354
|
|-heal|p2a: Forretress|292\/354|[from] item: Leftovers
|turn|6
|
|switch|p1a: Starmie|Starmie|209\/261
|move|p2a: Forretress|Spikes|p1a: Starmie
|-sidestart|p1: Bro Battington|Spikes
|
|-heal|p2a: Forretress|314\/354|[from] item: Leftovers
|turn|7
|
|move|p1a: Starmie|Hydro Pump|p2a: Forretress
|-damage|p2a: Forretress|0 fnt
|-damage|p1a: Starmie|183\/261|[from] item: Life Orb
|faint|p2a: Forretress
|
|
|switch|p2a: Shaymin|Shaymin|256\/341
|turn|8
|
|switch|p1a: Chesnaught|Chesnaught, M|86\/380
|-damage|p1a: Chesnaught|39\/380|[from] Spikes
|move|p2a: Shaymin|Seed Flare|p1a: Chesnaught
|-resisted|p1a: Chesnaught
|-damage|p1a: Chesnaught|0 fnt
|-damage|p2a: Shaymin|222\/341|[from] item: Life Orb
|faint|p1a: Chesnaught
|
|
|switch|p1a: Aerodactyl|Aerodactyl-Mega, M|267\/331
|turn|9
|
|switch|p2a: Jirachi|Jirachi|341\/341
|move|p1a: Aerodactyl|Aerial Ace|p2a: Jirachi
|-resisted|p2a: Jirachi
|-damage|p2a: Jirachi|263\/341
|
|turn|10
|c| Duskt70|*Aeromsactyl
|c| Duskt70|shit
|c|âBro Battington|nice lol
|c| Duskt70|*Aerosmactyl
|
|switch|p1a: Cobalion|Cobalion|324\/324
|-damage|p1a: Cobalion|284\/324|[from] Spikes
|move|p2a: Jirachi|Iron Head|p1a: Cobalion
|-resisted|p1a: Cobalion
|-damage|p1a: Cobalion|232\/324
|
|turn|11
|
|switch|p2a: Nidoking|Nidoking, M|304\/304
|move|p1a: Cobalion|Substitute|p1a: Cobalion
|-start|p1a: Cobalion|Substitute
|-damage|p1a: Cobalion|151\/324
|
|turn|12
|
|move|p1a: Cobalion|Iron Head|p2a: Nidoking
|-crit|p2a: Nidoking
|-damage|p2a: Nidoking|96\/304
|move|p2a: Nidoking|Earth Power|p1a: Cobalion
|-supereffective|p1a: Cobalion
|-end|p1a: Cobalion|Substitute
|
|turn|13
|c|âBro Battington|Sorry brah
|c| Duskt70|well trained cobalion
|c| Duskt70|imo
|c| Duskt70|at least it didn't flinch?
|c|âBro Battington|yea
|c|âBadAss Tsuna|part of the game
|
|move|p1a: Cobalion|Substitute|p1a: Cobalion
|-start|p1a: Cobalion|Substitute
|-damage|p1a: Cobalion|70\/324
|-enditem|p1a: Cobalion|Salac Berry|[eat]
|-boost|p1a: Cobalion|spe|1|[from] item: Salac Berry
|move|p2a: Nidoking|Earth Power|p1a: Cobalion
|-supereffective|p1a: Cobalion
|-end|p1a: Cobalion|Substitute
|
|turn|14
|c|âBro Battington|Nah man it's not part of the game, that's a lie the Illuminati fabricated to keep the masses down when they get haxed
|c|âBro Battington|Stand up and reovlt!
|c|âBro Battington|revolt!*
|c|âBadAss Tsuna|lol
|
|switch|p2a: Swampert|Swampert, F|209\/404
|move|p1a: Cobalion|Iron Head|p2a: Swampert
|-resisted|p2a: Swampert
|-damage|p2a: Swampert|163\/404
|
|-heal|p2a: Swampert|188\/404|[from] item: Leftovers
|turn|15
|join|sniperaim
|
|move|p1a: Cobalion|Close Combat|p2a: Swampert
|-damage|p2a: Swampert|68\/404
|-unboost|p1a: Cobalion|def|1
|-unboost|p1a: Cobalion|spd|1
|move|p2a: Swampert|Earthquake|p1a: Cobalion
|-supereffective|p1a: Cobalion
|-damage|p1a: Cobalion|0 fnt
|faint|p1a: Cobalion
|
|-heal|p2a: Swampert|93\/404|[from] item: Leftovers
|c|âBro Battington|See what I didn't realize that messed me up was the +2 Iron Head didn't OHKO Nidoking
|c|âBro Battington|So that took this game a whole diff direction
|c|âBro Battington|BUT IT'S OKAY
|c|âBro Battington|I have a plan..
|c|âBadAss Tsuna|cool
|c| sniperaim|omg is this the famous brobat!?
|c|âBro Battington|lol
|c| sniperaim|HUUUUUUUUUUUUGE FAN
|c| Duskt70|Baldrick: I have a cunning plan...
|
|switch|p1a: Aerodactyl|Aerodactyl-Mega, M|267\/331
|turn|16
|c| sniperaim|SRRY FANBOYING
|
|move|p1a: Aerodactyl|Aerial Ace|p2a: Swampert
|-damage|p2a: Swampert|0 fnt
|faint|p2a: Swampert
|
|
|switch|p2a: Jirachi|Jirachi|263\/341
|turn|17
|
|switch|p1a: Aromatisse|Aromatisse, M|406\/406
|-damage|p1a: Aromatisse|356\/406|[from] Spikes
|move|p2a: Jirachi|U-turn|p1a: Aromatisse
|-resisted|p1a: Aromatisse
|-damage|p1a: Aromatisse|323\/406
|
|switch|p2a: Nidoking|Nidoking, M|96\/304
|
|-heal|p1a: Aromatisse|348\/406|[from] item: Leftovers
|turn|18
|
|move|p2a: Nidoking|Sludge Wave|p1a: Aromatisse
|-supereffective|p1a: Aromatisse
|-damage|p1a: Aromatisse|0 fnt
|faint|p1a: Aromatisse
|
|
|switch|p1a: Krookodile|Krookodile, M|332\/332
|-damage|p1a: Krookodile|291\/332|[from] Spikes
|turn|19
|
|move|p1a: Krookodile|Earthquake|p2a: Nidoking
|-supereffective|p2a: Nidoking
|-damage|p2a: Nidoking|0 fnt
|faint|p2a: Nidoking
|-boost|p1a: Krookodile|atk|1|[from] ability: Moxie
|
|
|switch|p2a: Jirachi|Jirachi|263\/341
|turn|20
|
|move|p2a: Jirachi|U-turn|p1a: Krookodile
|-supereffective|p1a: Krookodile
|-damage|p1a: Krookodile|117\/332
|
|switch|p2a: Houndoom|Houndoom, F|291\/291
|move|p1a: Krookodile|Earthquake|p2a: Houndoom
|-supereffective|p2a: Houndoom
|-damage|p2a: Houndoom|0 fnt
|faint|p2a: Houndoom
|-boost|p1a: Krookodile|atk|1|[from] ability: Moxie
|
|
|switch|p2a: Shaymin|Shaymin|222\/341
|turn|21
|c| Duskt70|i'm confused
|c| Duskt70|why didn't you just go for shaymin
|c|âBro Battington|That was kinda a bad play you did 
|c| Duskt70|before that
|c| sniperaim|WHY NOT GO BACK INTO RACHI
|c|âBro Battington|You could have gone for Shaymin or at least sacked Houndoom and gone back to Rachi
|c| sniperaim|caps
|c|âBadAss Tsuna|i miss clicked
|
|move|p1a: Krookodile|Earthquake|p2a: Shaymin
|-resisted|p2a: Shaymin
|-damage|p2a: Shaymin|57\/341
|move|p2a: Shaymin|Seed Flare|p1a: Krookodile|[miss]
|-miss|p2a: Shaymin|p1a: Krookodile
|
|turn|22
|c|âBro Battington|Sorry again
|c| Duskt70|well trained krook too
|
|move|p1a: Krookodile|Earthquake|p2a: Shaymin
|-resisted|p2a: Shaymin
|-damage|p2a: Shaymin|0 fnt
|faint|p2a: Shaymin
|-boost|p1a: Krookodile|atk|1|[from] ability: Moxie
|
|c| Duskt70|wow
|
|switch|p2a: Jirachi|Jirachi|263\/341
|turn|23
|c| sniperaim|u can still win tho
|c| sniperaim|flinch go
|
|move|p2a: Jirachi|Iron Head|p1a: Krookodile
|-damage|p1a: Krookodile|0 fnt
|faint|p1a: Krookodile
|
|
|switch|p1a: Starmie|Starmie|183\/261
|-damage|p1a: Starmie|151\/261|[from] Spikes
|turn|24
|
|move|p2a: Jirachi|Iron Head|p1a: Starmie
|-resisted|p1a: Starmie
|-damage|p1a: Starmie|77\/261
|cant|p1a: Starmie|flinch
|
|turn|25
|
|move|p2a: Jirachi|Iron Head|p1a: Starmie
|-resisted|p1a: Starmie
|-damage|p1a: Starmie|14\/261
|move|p1a: Starmie|Hydro Pump|p2a: Jirachi|[miss]
|-miss|p1a: Starmie|p2a: Jirachi
|
|turn|26
|c| Duskt70|here we go
|c| Duskt70|the flinch train
|c|âBro Battington|lol
|c| sniperaim|bop
|
|move|p2a: Jirachi|Iron Head|p1a: Starmie
|-resisted|p1a: Starmie
|-damage|p1a: Starmie|0 fnt
|faint|p1a: Starmie
|
|c| Duskt70|wow
|c|âBro Battington|Man all cause I didn't use SR
|
|switch|p1a: Aerodactyl|Aerodactyl-Mega, M|267\/331
|turn|27
|
|move|p2a: Jirachi|Iron Head|p1a: Aerodactyl
|-supereffective|p1a: Aerodactyl
|-damage|p1a: Aerodactyl|0 fnt
|faint|p1a: Aerodactyl
|
|win|BadAss Tsuna
|raw|Ladder updating...
|raw|Bro Battington's rating: 1495 &rarr; <strong>1467<\/strong><br \/>(-28 for losing)
|raw|BadAss Tsuna's rating: 1337 &rarr; <strong>1365<\/strong><br \/>(+28 for winning)
|c|âBadAss Tsuna|gg
|c|âBro Battington|gg
|leave|sniperaim
|leave|Duskt70
|c|âBro Battington|#Killuminati2014
|leave|Bro Battington
|player|p1