|join|Bro Battington
|join|knacka
|player|p1|Bro Battington|1
|player|p2|knacka|159
|gametype|singles
|gen|6
|tier|UU
|rated
|rule|Sleep Clause Mod: Limit one foe put to sleep
|rule|Species Clause: Limit one of each PokÃ©mon
|rule|OHKO Clause: OHKO moves are banned
|rule|Moody Clause: Moody is banned
|rule|Evasion Moves Clause: Evasion moves are banned
|rule|Endless Battle Clause: Forcing endless battles is banned
|rule|HP Percentage Mod: HP is shown in percentages
|clearpoke
|poke|p1|Cloyster, F
|poke|p1|Houndoom, M
|poke|p1|Whimsicott, M
|poke|p1|Jirachi
|poke|p1|Gligar, M
|poke|p1|Vaporeon, F
|poke|p2|Hydreigon, M, shiny
|poke|p2|Crobat, F
|poke|p2|Roserade, F, shiny
|poke|p2|Porygon2
|poke|p2|Donphan, M
|poke|p2|Cloyster, F
|rule|Swagger Clause: Swagger is banned
|rule|Baton Pass Clause: Limit one PokÃ©mon knowing Baton Pass
|teampreview
|
|start
|switch|p1a: Whimsicott|Whimsicott, M|262\/262
|switch|p2a: X-Crash|Crobat, F|311\/311
|turn|1
|
|switch|p1a: Jirachi|Jirachi|341\/341
|move|p2a: X-Crash|Brave Bird|p1a: Jirachi
|-resisted|p1a: Jirachi
|-damage|p1a: Jirachi|206\/341
|-damage|p2a: X-Crash|266\/311|[from] recoil|[of] p1a: Jirachi
|
|-heal|p1a: Jirachi|227\/341|[from] item: Leftovers
|turn|2
|join|dodmen
|join|Bro Boing
|
|switch|p2a: Baadra|Hydreigon, M, shiny|326\/326
|move|p1a: Jirachi|U-turn|p2a: Baadra
|-supereffective|p2a: Baadra
|-damage|p2a: Baadra|182\/326
|join|unlafflewaffle
|c| Bro Boing|why did you forfeit the previous one?
|
|switch|p1a: Gligar|Gligar, M|333\/333
|
|turn|3
|join|So Dynamic
|c|âBro Battington|Why do you care
|c| Bro Boing|lol
|join|BenzMafia
|c| Bro Boing|why do you have to be mean to me?
|c| Bro Boing|i am just asking lol
|c| So Dynamic|cause he isnt?
|c| Bro Boing|well
|
|move|p2a: Baadra|U-turn|p1a: Gligar
|-resisted|p1a: Gligar
|-damage|p1a: Gligar|317\/333
|
|switch|p2a: SeeMeRollin|Donphan, M|384\/384
|move|p1a: Gligar|U-turn|p2a: SeeMeRollin
|-damage|p2a: SeeMeRollin|349\/384
|c| Bro Boing|is not like giving easily 
|
|switch|p1a: Cloyster|Cloyster, F|241\/241
|
|-heal|p2a: SeeMeRollin|373\/384|[from] item: Leftovers
|turn|4
|
|move|p1a: Cloyster|Shell Smash|p1a: Cloyster
|-boost|p1a: Cloyster|atk|2
|-boost|p1a: Cloyster|spa|2
|-boost|p1a: Cloyster|spe|2
|-unboost|p1a: Cloyster|def|1
|-unboost|p1a: Cloyster|spd|1
|move|p2a: SeeMeRollin|Earthquake|p1a: Cloyster
|-damage|p1a: Cloyster|67\/241
|
|-heal|p2a: SeeMeRollin|384\/384|[from] item: Leftovers
|turn|5
|
|move|p2a: SeeMeRollin|Ice Shard|p1a: Cloyster
|-resisted|p1a: Cloyster
|-damage|p1a: Cloyster|56\/241
|move|p1a: Cloyster|Icicle Spear|p2a: SeeMeRollin
|-supereffective|p2a: SeeMeRollin
|-damage|p2a: SeeMeRollin|205\/384
|-supereffective|p2a: SeeMeRollin
|-damage|p2a: SeeMeRollin|23\/384
|-supereffective|p2a: SeeMeRollin
|-damage|p2a: SeeMeRollin|0 fnt
|-hitcount|p2a: SeeMeRollin|3
|-damage|p1a: Cloyster|32\/241|[from] item: Life Orb
|faint|p2a: SeeMeRollin
|
|join|Archacke
|leave|Archacke
|c| Bro Boing|what
|c| Bro Boing|that is a good damage
|c| Bro Boing|oh life orb lol
|
|switch|p2a: Kleister|Cloyster, F|242\/242
|turn|6
|c| So Dynamic|not a counter
|
|move|p2a: Kleister|Ice Shard|p1a: Cloyster
|-resisted|p1a: Cloyster
|-damage|p1a: Cloyster|19\/241
|move|p1a: Cloyster|Rock Blast|p2a: Kleister
|-supereffective|p2a: Kleister
|-damage|p2a: Kleister|161\/242
|-supereffective|p2a: Kleister
|-damage|p2a: Kleister|78\/242
|-supereffective|p2a: Kleister
|-damage|p2a: Kleister|0 fnt
|-hitcount|p2a: Kleister|3
|-damage|p1a: Cloyster|0 fnt|[from] item: Life Orb
|faint|p2a: Kleister
|faint|p1a: Cloyster
|
|c| So Dynamic|shouldve just
|c| So Dynamic|gone into p2
|
|switch|p2a: Baadra|Hydreigon, M, shiny|182\/326
|switch|p1a: Gligar|Gligar, M|317\/333
|turn|7
|
|move|p2a: Baadra|Draco Meteor|p1a: Gligar
|-damage|p1a: Gligar|176\/333
|-unboost|p2a: Baadra|spa|2
|move|p1a: Gligar|U-turn|p2a: Baadra
|-supereffective|p2a: Baadra
|-damage|p2a: Baadra|90\/326
|c| Bro Boing|player 2?
|
|switch|p1a: Whimsicott|Whimsicott, M|262\/262
|
|turn|8
|c| So Dynamic|porygon2
|c| Bro Boing|oh lol
|c| Bro Boing|what
|c| Bro Boing|gligar with evo take that hit pretty well
|c|âknacka|why was this so low damega?
|c|âBro Battington|SpD Gligar is a thing
|c| Bro Boing|oh
|c| So Dynamic|because hes sp def gar
|
|switch|p2a: LadyRose|Roserade, F, shiny|324\/324
|move|p1a: Whimsicott|Psychic|p2a: LadyRose
|-supereffective|p2a: LadyRose
|-damage|p2a: LadyRose|137\/324
|-damage|p1a: Whimsicott|236\/262|[from] item: Life Orb
|
|-heal|p2a: LadyRose|157\/324|[from] item: Black Sludge
|turn|9
|
|switch|p2a: DuckDummy|Porygon2|374\/374
|-ability|p2a: DuckDummy|Prankster|[from] ability: Trace|[of] p1a: Whimsicott
|move|p1a: Whimsicott|Psychic|p2a: DuckDummy
|-damage|p2a: DuckDummy|313\/374
|-damage|p1a: Whimsicott|210\/262|[from] item: Life Orb
|
|turn|10
|c| dodmen|wtf king just straight copied my team for This One's for the Little Guys
|c|âBro Battington|That he did
|
|switch|p1a: Jirachi|Jirachi|227\/341
|move|p2a: DuckDummy|Tri Attack|p1a: Jirachi
|-resisted|p1a: Jirachi
|-damage|p1a: Jirachi|182\/341
|-status|p1a: Jirachi|brn
|
|-heal|p1a: Jirachi|203\/341 brn|[from] item: Leftovers
|-damage|p1a: Jirachi|161\/341 brn|[from] brn
|turn|11
|c| dodmen|and then didn't even win his opponent forfeited with like 5 mons left
|c| dodmen|WOT
|c|âBro Battington|.........
|c| dodmen|sick burn
|
|switch|p2a: X-Crash|Crobat, F|266\/311
|move|p1a: Jirachi|U-turn|p2a: X-Crash
|-resisted|p2a: X-Crash
|-damage|p2a: X-Crash|255\/311
|c|âBro Battington|he's just bent on winning achievements
|c| dodmen|like
|c|âBro Battington|Every time I open the thread he's posted in it
|
|switch|p1a: Vaporeon|Vaporeon, F|464\/464
|
|turn|12
|c| dodmen|how does it count as a win if his opponent forfeited with 5 mons left
|
|move|p2a: X-Crash|U-turn|p1a: Vaporeon
|-damage|p1a: Vaporeon|364\/464
|
|switch|p2a: LadyRose|Roserade, F, shiny|157\/324
|move|p1a: Vaporeon|Heal Bell|p1a: Vaporeon
|-cureteam|p1a: Vaporeon|[from] move: HealBell
|
|-heal|p2a: LadyRose|177\/324|[from] item: Black Sludge
|-heal|p1a: Vaporeon|393\/464|[from] item: Leftovers
|turn|13
|c| So Dynamic|it shouldnt
|c| dodmen|and he literally juts copied my exact team without telling me
|c| dodmen|mfw
|
|switch|p1a: Jirachi|Jirachi|161\/341
|move|p2a: LadyRose|Substitute|p2a: LadyRose
|-start|p2a: LadyRose|Substitute
|-damage|p2a: LadyRose|96\/324
|
|-heal|p1a: Jirachi|182\/341|[from] item: Leftovers
|-heal|p2a: LadyRose|116\/324|[from] item: Black Sludge
|turn|14
|c|âBro Battington|And here I thought he asked you for yours
|c| So Dynamic|i used lol1z for where heat doe
|c| dodmen|what a fag thing to do
|
|move|p1a: Jirachi|Iron Head|p2a: LadyRose
|-end|p2a: LadyRose|Substitute
|move|p2a: LadyRose|Giga Drain|p1a: Jirachi
|-crit|p1a: Jirachi
|-resisted|p1a: Jirachi
|-damage|p1a: Jirachi|74\/341
|-heal|p2a: LadyRose|170\/324|[from] drain|[of] p1a: Jirachi
|
|-heal|p1a: Jirachi|95\/341|[from] item: Leftovers
|-heal|p2a: LadyRose|190\/324|[from] item: Black Sludge
|turn|15
|c| So Dynamic|kek
|c| So Dynamic|me?
|c| dodmen|no
|
|move|p1a: Jirachi|Iron Head|p2a: LadyRose
|-damage|p2a: LadyRose|34\/324
|move|p2a: LadyRose|Giga Drain|p1a: Jirachi
|-resisted|p1a: Jirachi
|-damage|p1a: Jirachi|20\/341
|-heal|p2a: LadyRose|72\/324|[from] drain|[of] p1a: Jirachi
|
|-heal|p1a: Jirachi|41\/341|[from] item: Leftovers
|-heal|p2a: LadyRose|92\/324|[from] item: Black Sludge
|turn|16
|c| So Dynamic|o
|c|âBro Battington|tf is my flinch at
|
|switch|p2a: X-Crash|Crobat, F|255\/311
|move|p1a: Jirachi|Iron Head|p2a: X-Crash
|-damage|p2a: X-Crash|110\/311
|
|-heal|p1a: Jirachi|62\/341|[from] item: Leftovers
|turn|17
|
|move|p2a: X-Crash|Brave Bird|p1a: Jirachi
|-resisted|p1a: Jirachi
|-damage|p1a: Jirachi|0 fnt
|-damage|p2a: X-Crash|90\/311|[from] recoil|[of] p1a: Jirachi
|faint|p1a: Jirachi
|
|
|switch|p1a: Vaporeon|Vaporeon, F|393\/464
|turn|18
|
|switch|p2a: LadyRose|Roserade, F, shiny|92\/324
|move|p1a: Vaporeon|Scald|p2a: LadyRose
|-resisted|p2a: LadyRose
|-damage|p2a: LadyRose|47\/324
|
|-heal|p2a: LadyRose|67\/324|[from] item: Black Sludge
|-heal|p1a: Vaporeon|422\/464|[from] item: Leftovers
|turn|19
|
|switch|p1a: Gligar|Gligar, M|176\/333
|move|p2a: LadyRose|Giga Drain|p1a: Gligar
|-damage|p1a: Gligar|82\/333
|-heal|p2a: LadyRose|114\/324|[from] drain|[of] p1a: Gligar
|
|-heal|p2a: LadyRose|134\/324|[from] item: Black Sludge
|turn|20
|
|move|p1a: Gligar|Earthquake|p2a: LadyRose
|-damage|p2a: LadyRose|11\/324
|move|p2a: LadyRose|Giga Drain|p1a: Gligar
|-damage|p1a: Gligar|0 fnt
|-heal|p2a: LadyRose|52\/324|[from] drain|[of] p1a: Gligar
|faint|p1a: Gligar
|
|-heal|p2a: LadyRose|72\/324|[from] item: Black Sludge
|
|switch|p1a: Houndoom|Houndoom, M|291\/291
|turn|21
|c|âknacka|init investment?
|
|switch|p2a: DuckDummy|Porygon2|313\/374
|-ability|p2a: DuckDummy|Flash Fire|[from] ability: Trace|[of] p1a: Houndoom
|detailschange|p1a: Houndoom|Houndoom-Mega, M
|message|Houndoom has Mega Evolved into Mega Houndoom!
|move|p1a: Houndoom|Dark Pulse|p2a: DuckDummy
|-damage|p2a: DuckDummy|219\/374
|
|turn|22
|
|move|p1a: Houndoom|Nasty Plot|p1a: Houndoom
|-boost|p1a: Houndoom|spa|2
|move|p2a: DuckDummy|Recover|p2a: DuckDummy
|-heal|p2a: DuckDummy|374\/374
|
|turn|23
|
|move|p1a: Houndoom|Nasty Plot|p1a: Houndoom
|-boost|p1a: Houndoom|spa|2
|move|p2a: DuckDummy|Tri Attack|p1a: Houndoom
|-damage|p1a: Houndoom|191\/291
|
|turn|24
|c| Bro Boing|brobat
|
|move|p1a: Houndoom|Dark Pulse|p2a: DuckDummy
|-damage|p2a: DuckDummy|91\/374
|move|p2a: DuckDummy|Toxic|p1a: Houndoom
|-status|p1a: Houndoom|tox
|
|-damage|p1a: Houndoom|173\/291 tox|[from] psn
|turn|25
|c| Bro Boing|you will para
|c| Bro Boing|nvm
|
|move|p1a: Houndoom|Dark Pulse|p2a: DuckDummy
|-damage|p2a: DuckDummy|0 fnt
|faint|p2a: DuckDummy
|
|-damage|p1a: Houndoom|137\/291 tox|[from] psn
|leave|dodmen
|join|Dudeman130498
|
|switch|p2a: X-Crash|Crobat, F|90\/311
|turn|26
|c| So Dynamic|i want to try making a mega doom team
|
|move|p2a: X-Crash|Brave Bird|p1a: Houndoom
|-damage|p1a: Houndoom|0 fnt
|-damage|p2a: X-Crash|45\/311|[from] recoil|[of] p1a: Houndoom
|faint|p1a: Houndoom
|
|
|switch|p1a: Vaporeon|Vaporeon, F|422\/464
|turn|27
|
|switch|p2a: LadyRose|Roserade, F, shiny|72\/324
|move|p1a: Vaporeon|Scald|p2a: LadyRose
|-resisted|p2a: LadyRose
|-damage|p2a: LadyRose|25\/324
|
|-heal|p2a: LadyRose|45\/324|[from] item: Black Sludge
|-heal|p1a: Vaporeon|451\/464|[from] item: Leftovers
|turn|28
|
|move|p2a: LadyRose|Sludge Bomb|p1a: Vaporeon
|-damage|p1a: Vaporeon|279\/464
|move|p1a: Vaporeon|Scald|p2a: LadyRose
|-resisted|p2a: LadyRose
|-damage|p2a: LadyRose|0 fnt
|faint|p2a: LadyRose
|
|-heal|p1a: Vaporeon|308\/464|[from] item: Leftovers
|c|âknacka|i thought you would switch :(
|
|switch|p2a: X-Crash|Crobat, F|45\/311
|turn|29
|
|move|p2a: X-Crash|Brave Bird|p1a: Vaporeon
|-crit|p1a: Vaporeon
|-damage|p1a: Vaporeon|0 fnt
|-damage|p2a: X-Crash|0 fnt|[from] recoil|[of] p1a: Vaporeon
|faint|p1a: Vaporeon
|faint|p2a: X-Crash
|
|c|âBro Battington|......
|
|switch|p2a: Baadra|Hydreigon, M, shiny|90\/326
|switch|p1a: Whimsicott|Whimsicott, M|210\/262
|turn|30
|c| Bro Boing|how much
|c| Bro Boing|that mattered 
|c| dodmen|it mattered 7.
|c| Bro Boing|you survive the fire miss
|c|âknacka|dont knowi am cb
|c| Bro Boing|kek
|
|move|p2a: Baadra|Dark Pulse|p1a: Whimsicott
|-resisted|p1a: Whimsicott
|-damage|p1a: Whimsicott|124\/262
|cant|p1a: Whimsicott|flinch
|
|turn|31
|c|âBro Battington|It was phys def Vaporeon of course it mattered
|c| dodmen|EASY
|c| dodmen|FLINCH
|c| Bro Boing|LOL
|c| Bro Boing|HAHAHA
|
|move|p2a: Baadra|Dark Pulse|p1a: Whimsicott
|-resisted|p1a: Whimsicott
|-damage|p1a: Whimsicott|28\/262
|move|p1a: Whimsicott|Moonblast|p2a: Baadra
|-supereffective|p2a: Baadra
|-damage|p2a: Baadra|0 fnt
|-damage|p1a: Whimsicott|2\/262|[from] item: Life Orb
|faint|p2a: Baadra
|
|win|Bro Battington
|raw|Ladder updating...
|raw|Bro Battington's rating: 1504 &rarr; <strong>1518<\/strong><br \/>(+14 for winning)
|raw|knacka's rating: 1392 &rarr; <strong>1379<\/strong><br \/>(-13 for losing)
|c| Bro Boing|almost
|leave|Bro Battington
|player|p1
|leave|Bro Boing
|c|âknacka|so cloooose
|leave|knacka
|player|p2