|join|hp chicken
|join|Bro Battington
|player|p1|hp chicken|5
|player|p2|Bro Battington|#coolstorybrobat
|gametype|singles
|gen|6
|tier|UU
|rated
|rule|Sleep Clause Mod: Limit one foe put to sleep
|rule|Species Clause: Limit one of each PokÃ©mon
|rule|OHKO Clause: OHKO moves are banned
|rule|Moody Clause: Moody is banned
|rule|Evasion Moves Clause: Evasion moves are banned
|rule|Endless Battle Clause: Forcing endless battles is banned
|rule|HP Percentage Mod: HP is shown in percentages
|clearpoke
|poke|p1|Kyurem
|poke|p1|Spiritomb, M
|poke|p1|Tentacruel, F
|poke|p1|Umbreon, F
|poke|p1|Hippowdon, M
|poke|p1|Clefairy, F
|poke|p2|Trevenant, M
|poke|p2|Omastar, F
|poke|p2|Absol, M
|poke|p2|Alakazam, F
|poke|p2|Jirachi
|poke|p2|Slurpuff, M
|rule|Swagger Clause: Swagger is banned
|rule|Baton Pass Clause: Limit one PokÃ©mon knowing Baton Pass
|teampreview
|
|start
|switch|p1a: Hippowdon|Hippowdon, M|420\/420
|switch|p2a: Omastar|Omastar, F|282\/282
|-weather|Sandstorm
|turn|1
|
|move|p2a: Omastar|Hydro Pump|p1a: Hippowdon
|-supereffective|p1a: Hippowdon
|-damage|p1a: Hippowdon|0 fnt
|faint|p1a: Hippowdon
|
|-weather|Sandstorm|[upkeep]
|
|switch|p1a: Tentacruel|Tentacruel, F|364\/364
|turn|2
|
|move|p1a: Tentacruel|Knock Off|p2a: Omastar
|-damage|p2a: Omastar|237\/282
|-boost|p2a: Omastar|spe|1|[from] ability: Weak Armor
|-unboost|p2a: Omastar|def|1|[from] ability: Weak Armor
|-enditem|p2a: Omastar|Focus Sash|[from] move: Knock Off|[of] p1a: Tentacruel
|move|p2a: Omastar|Stealth Rock|p1a: Tentacruel
|-sidestart|p1: hp chicken|move: Stealth Rock
|
|-weather|Sandstorm|[upkeep]
|-damage|p1a: Tentacruel|342\/364|[from] sandstorm
|-heal|p1a: Tentacruel|364\/364|[from] item: Black Sludge
|turn|3
|
|move|p2a: Omastar|Spikes|p1a: Tentacruel
|-sidestart|p1: hp chicken|Spikes
|move|p1a: Tentacruel|Scald|p2a: Omastar
|-damage|p2a: Omastar|171\/282
|
|-weather|Sandstorm|[upkeep]
|-damage|p1a: Tentacruel|342\/364|[from] sandstorm
|-heal|p1a: Tentacruel|364\/364|[from] item: Black Sludge
|turn|4
|
|switch|p2a: Trevenant|Trevenant, M|322\/322
|move|p1a: Tentacruel|Rapid Spin|p2a: Trevenant
|-immune|p2a: Trevenant|[msg]
|
|-weather|Sandstorm|[upkeep]
|-damage|p1a: Tentacruel|342\/364|[from] sandstorm
|-damage|p2a: Trevenant|302\/322|[from] sandstorm
|-heal|p1a: Tentacruel|364\/364|[from] item: Black Sludge
|turn|5
|
|move|p1a: Tentacruel|Knock Off|p2a: Trevenant
|-supereffective|p2a: Trevenant
|-enditem|p2a: Trevenant|Colbur Berry|[eat]
|-damage|p2a: Trevenant|234\/322
|move|p2a: Trevenant|Wood Hammer|p1a: Tentacruel
|-damage|p1a: Tentacruel|187\/364
|-damage|p2a: Trevenant|176\/322|[from] recoil|[of] p1a: Tentacruel
|
|-weather|none
|-heal|p1a: Tentacruel|209\/364|[from] item: Black Sludge
|turn|6
|
|switch|p1a: Clefairy|Clefairy, F|344\/344
|move|p2a: Trevenant|Will-O-Wisp|p1a: Clefairy
|-status|p1a: Clefairy|brn
|
|turn|7
|
|move|p2a: Trevenant|Wood Hammer|p1a: Clefairy
|-damage|p1a: Clefairy|208\/344 brn
|-damage|p2a: Trevenant|131\/322|[from] recoil|[of] p1a: Clefairy
|move|p1a: Clefairy|Knock Off|p2a: Trevenant
|-supereffective|p2a: Trevenant
|-damage|p2a: Trevenant|107\/322
|
|turn|8
|
|move|p2a: Trevenant|Shadow Claw|p1a: Clefairy
|-damage|p1a: Clefairy|126\/344 brn
|move|p1a: Clefairy|Soft-Boiled|p1a: Clefairy
|-heal|p1a: Clefairy|298\/344 brn
|
|turn|9
|
|move|p2a: Trevenant|Rest|p2a: Trevenant
|-status|p2a: Trevenant|slp
|-heal|p2a: Trevenant|322\/322 slp|[silent]
|-status|p2a: Trevenant|slp|[from] move: Rest
|move|p1a: Clefairy|Calm Mind|p1a: Clefairy
|-boost|p1a: Clefairy|spa|1
|-boost|p1a: Clefairy|spd|1
|
|turn|10
|
|switch|p2a: Jirachi|Jirachi|341\/341
|move|p1a: Clefairy|Knock Off|p2a: Jirachi
|-supereffective|p2a: Jirachi
|-damage|p2a: Jirachi|311\/341
|-enditem|p2a: Jirachi|Choice Scarf|[from] move: Knock Off|[of] p1a: Clefairy
|
|turn|11
|
|switch|p1a: Umbreon|Umbreon, F|394\/394
|-damage|p1a: Umbreon|345\/394|[from] Stealth Rock
|-damage|p1a: Umbreon|296\/394|[from] Spikes
|move|p2a: Jirachi|Iron Head|p1a: Umbreon
|-damage|p1a: Umbreon|193\/394
|
|-heal|p1a: Umbreon|217\/394|[from] item: Leftovers
|turn|12
|
|move|p2a: Jirachi|Iron Head|p1a: Umbreon
|-damage|p1a: Umbreon|109\/394
|cant|p1a: Umbreon|flinch
|
|-heal|p1a: Umbreon|133\/394|[from] item: Leftovers
|turn|13
|
|move|p2a: Jirachi|Iron Head|p1a: Umbreon
|-damage|p1a: Umbreon|18\/394
|cant|p1a: Umbreon|flinch
|
|-heal|p1a: Umbreon|42\/394|[from] item: Leftovers
|turn|14
|
|move|p2a: Jirachi|Iron Head|p1a: Umbreon
|-damage|p1a: Umbreon|0 fnt
|faint|p1a: Umbreon
|
|
|switch|p1a: Spiritomb|Spiritomb, M|304\/304
|-damage|p1a: Spiritomb|266\/304|[from] Stealth Rock
|-damage|p1a: Spiritomb|228\/304|[from] Spikes
|turn|15
|
|switch|p2a: Omastar|Omastar, F|171\/282
|move|p1a: Spiritomb|Sucker Punch|p2a: Omastar
|-fail|p2a: Omastar
|
|turn|16
|
|switch|p1a: Tentacruel|Tentacruel, F|209\/364
|-damage|p1a: Tentacruel|164\/364|[from] Spikes
|-damage|p1a: Tentacruel|119\/364|[from] Stealth Rock
|move|p2a: Omastar|Spikes|p1a: Tentacruel
|-sidestart|p1: hp chicken|Spikes
|
|-heal|p1a: Tentacruel|141\/364|[from] item: Black Sludge
|turn|17
|
|switch|p2a: Trevenant|Trevenant, M|322\/322
|move|p1a: Tentacruel|Rapid Spin|p2a: Trevenant
|-immune|p2a: Trevenant|[msg]
|
|-heal|p1a: Tentacruel|163\/364|[from] item: Black Sludge
|turn|18
|
|move|p1a: Tentacruel|Sludge Bomb|p2a: Trevenant
|-damage|p2a: Trevenant|210\/322
|-status|p2a: Trevenant|psn
|move|p2a: Trevenant|Wood Hammer|p1a: Tentacruel
|-damage|p1a: Tentacruel|0 fnt
|-damage|p2a: Trevenant|156\/322 psn|[from] recoil|[of] p1a: Tentacruel
|faint|p1a: Tentacruel
|
|-damage|p2a: Trevenant|116\/322 psn|[from] psn
|
|switch|p1a: Cojiro|Kyurem|404\/404
|-damage|p1a: Cojiro|303\/404|[from] Stealth Rock
|-damage|p1a: Cojiro|236\/404|[from] Spikes
|-ability|p1a: Cojiro|Pressure
|turn|19
|
|switch|p2a: Omastar|Omastar, F|171\/282
|move|p1a: Cojiro|Substitute|p1a: Cojiro
|-start|p1a: Cojiro|Substitute
|-damage|p1a: Cojiro|135\/404
|
|-heal|p1a: Cojiro|160\/404|[from] item: Leftovers
|turn|20
|
|move|p1a: Cojiro|Roost|p1a: Cojiro
|-heal|p1a: Cojiro|362\/404
|move|p2a: Omastar|Ice Beam|p1a: Cojiro
|-end|p1a: Cojiro|Substitute
|
|-heal|p1a: Cojiro|387\/404|[from] item: Leftovers
|turn|21
|join|Pikachu173
|
|move|p1a: Cojiro|Ice Beam|p2a: Omastar
|-resisted|p2a: Omastar
|-damage|p2a: Omastar|70\/282
|move|p2a: Omastar|Ice Beam|p1a: Cojiro
|-damage|p1a: Cojiro|285\/404
|
|-heal|p1a: Cojiro|310\/404|[from] item: Leftovers
|turn|22
|
|move|p1a: Cojiro|Substitute|p1a: Cojiro
|-start|p1a: Cojiro|Substitute
|-damage|p1a: Cojiro|209\/404
|move|p2a: Omastar|Ice Beam|p1a: Cojiro
|-activate|p1a: Cojiro|Substitute|[damage]
|
|-heal|p1a: Cojiro|234\/404|[from] item: Leftovers
|turn|23
|
|move|p1a: Cojiro|Ice Beam|p2a: Omastar
|-resisted|p2a: Omastar
|-damage|p2a: Omastar|0 fnt
|faint|p2a: Omastar
|
|-heal|p1a: Cojiro|259\/404|[from] item: Leftovers
|c| Pikachu173|preserve the 6-0
|c| Pikachu173|nvm
|
|switch|p2a: Jirachi|Jirachi|311\/341
|turn|24
|
|move|p2a: Jirachi|U-turn|p1a: Cojiro
|-end|p1a: Cojiro|Substitute
|
|switch|p2a: Trevenant|Trevenant, M|116\/322
|move|p1a: Cojiro|Ice Beam|p2a: Trevenant
|-supereffective|p2a: Trevenant
|-damage|p2a: Trevenant|0 fnt
|faint|p2a: Trevenant
|
|-heal|p1a: Cojiro|284\/404|[from] item: Leftovers
|
|switch|p2a: Jirachi|Jirachi|311\/341
|turn|25
|
|move|p2a: Jirachi|Iron Head|p1a: Cojiro
|-supereffective|p1a: Cojiro
|-damage|p1a: Cojiro|18\/404
|cant|p1a: Cojiro|flinch
|
|-heal|p1a: Cojiro|43\/404|[from] item: Leftovers
|turn|26
|
|move|p2a: Jirachi|U-turn|p1a: Cojiro
|-damage|p1a: Cojiro|0 fnt
|faint|p1a: Cojiro
|
|switch|p2a: Alakazam|Alakazam, F|252\/252
|
|
|switch|p1a: Clefairy|Clefairy, F|298\/344 brn
|turn|27
|
|move|p2a: Alakazam|Calm Mind|p2a: Alakazam
|-boost|p2a: Alakazam|spa|1
|-boost|p2a: Alakazam|spd|1
|move|p1a: Clefairy|Calm Mind|p1a: Clefairy
|-boost|p1a: Clefairy|spa|1
|-boost|p1a: Clefairy|spd|1
|
|turn|28
|
|move|p2a: Alakazam|Encore|p1a: Clefairy
|-start|p1a: Clefairy|Encore
|move|p1a: Clefairy|Calm Mind|p1a: Clefairy
|-boost|p1a: Clefairy|spa|1
|-boost|p1a: Clefairy|spd|1
|
|turn|29
|
|switch|p1a: Spiritomb|Spiritomb, M|228\/304
|-damage|p1a: Spiritomb|190\/304|[from] Stealth Rock
|-damage|p1a: Spiritomb|140\/304|[from] Spikes
|move|p2a: Alakazam|Calm Mind|p2a: Alakazam
|-boost|p2a: Alakazam|spa|1
|-boost|p2a: Alakazam|spd|1
|
|turn|30
|c| Pikachu173|Encore alakazam..k then
|
|move|p1a: Spiritomb|Sucker Punch|p2a: Alakazam
|-supereffective|p2a: Alakazam
|-enditem|p2a: Alakazam|Focus Sash
|-damage|p2a: Alakazam|1\/252
|-damage|p1a: Spiritomb|110\/304|[from] item: Life Orb
|move|p2a: Alakazam|Dazzling Gleam|p1a: Spiritomb
|-supereffective|p1a: Spiritomb
|-damage|p1a: Spiritomb|0 fnt
|faint|p1a: Spiritomb
|
|-message|hp chicken forfeited.
|
|win|Bro Battington
|raw|Ladder updating...
|leave|hp chicken
|player|p1
|raw|hp chicken's rating: 1705 &rarr; <strong>1676<\/strong><br \/>(-29 for losing)
|raw|Bro Battington's rating: 1538 &rarr; <strong>1567<\/strong><br \/>(+29 for winning)