|join|TBoostR
|join|Bro Battington
|player|p1|TBoostR|164
|player|p2|Bro Battington|#coolstorybrobat
|gametype|singles
|gen|6
|tier|UU
|rated
|rule|Sleep Clause Mod: Limit one foe put to sleep
|rule|Species Clause: Limit one of each PokÃ©mon
|rule|OHKO Clause: OHKO moves are banned
|rule|Moody Clause: Moody is banned
|rule|Evasion Moves Clause: Evasion moves are banned
|rule|Endless Battle Clause: Forcing endless battles is banned
|rule|HP Percentage Mod: HP is shown in percentages
|clearpoke
|poke|p1|Amoonguss, M
|poke|p1|Cresselia, F
|poke|p1|Alomomola, M
|poke|p1|Claydol
|poke|p1|Cobalion
|poke|p1|Arcanine, M
|poke|p2|Meloetta
|poke|p2|Tentacruel, F
|poke|p2|Umbreon, F
|poke|p2|Cobalion
|poke|p2|Whimsicott, F
|poke|p2|Aerodactyl, M
|rule|Swagger Clause: Swagger is banned
|rule|Baton Pass Clause: Limit one PokÃ©mon knowing Baton Pass
|teampreview
|c|âTBoostR|gl hf
|c|âBro Battington|not wishing you luck. Have fun
|c|âTBoostR|:(
|
|start
|switch|p1a: Claydol|Claydol|324\/324
|switch|p2a: Tentacruel|Tentacruel, F|361\/361
|turn|1
|
|move|p2a: Tentacruel|Scald|p1a: Claydol
|-supereffective|p1a: Claydol
|-damage|p1a: Claydol|180\/324
|move|p1a: Claydol|Stealth Rock|p2a: Tentacruel
|-sidestart|p2: Bro Battington|move: Stealth Rock
|
|-heal|p1a: Claydol|200\/324|[from] item: Leftovers
|turn|2
|
|switch|p1a: Amoonguss|Amoonguss, M|431\/431
|move|p2a: Tentacruel|Rapid Spin|p1a: Amoonguss
|-damage|p1a: Amoonguss|419\/431
|-sideend|p2: Bro Battington|Stealth Rock|[from] move: Rapid Spin|[of] p2a: Tentacruel
|
|turn|3
|join|SweetDelight
|
|move|p2a: Tentacruel|Sludge Bomb|p1a: Amoonguss
|-damage|p1a: Amoonguss|373\/431
|move|p1a: Amoonguss|Grass Knot|p2a: Tentacruel
|-damage|p2a: Tentacruel|294\/361
|
|-heal|p2a: Tentacruel|316\/361|[from] item: Black Sludge
|turn|4
|
|switch|p2a: Whimsicott|Whimsicott, F|262\/262
|move|p1a: Amoonguss|Grass Knot|p2a: Whimsicott
|-resisted|p2a: Whimsicott
|-damage|p2a: Whimsicott|249\/262
|
|turn|5
|
|move|p2a: Whimsicott|Encore|p1a: Amoonguss
|-start|p1a: Amoonguss|Encore
|move|p1a: Amoonguss|Grass Knot|p2a: Whimsicott
|-resisted|p2a: Whimsicott
|-damage|p2a: Whimsicott|235\/262
|
|turn|6
|
|switch|p1a: Arcanine|Arcanine, M|321\/321
|move|p2a: Whimsicott|Psychic|p1a: Arcanine
|-damage|p1a: Arcanine|199\/321
|-unboost|p1a: Arcanine|spd|1
|-damage|p2a: Whimsicott|209\/262|[from] item: Life Orb
|
|turn|7
|
|switch|p2a: Tentacruel|Tentacruel, F|316\/361
|switch|p1a: Amoonguss|Amoonguss, M|431\/431
|
|-heal|p2a: Tentacruel|338\/361|[from] item: Black Sludge
|turn|8
|
|move|p2a: Tentacruel|Sludge Bomb|p1a: Amoonguss
|-crit|p1a: Amoonguss
|-damage|p1a: Amoonguss|356\/431
|move|p1a: Amoonguss|Sludge Bomb|p2a: Tentacruel
|-resisted|p2a: Tentacruel
|-damage|p2a: Tentacruel|296\/361
|
|-heal|p2a: Tentacruel|318\/361|[from] item: Black Sludge
|turn|9
|
|switch|p2a: Aerodactyl|Aerodactyl, M|301\/301
|-ability|p2a: Aerodactyl|Pressure
|move|p1a: Amoonguss|Sludge Bomb|p2a: Aerodactyl
|-resisted|p2a: Aerodactyl
|-damage|p2a: Aerodactyl|241\/301
|-status|p2a: Aerodactyl|psn
|
|-damage|p2a: Aerodactyl|204\/301 psn|[from] psn
|turn|10
|c|âBro Battington|Part 1 of why I don't wish nigs luck
|
|detailschange|p2a: Aerodactyl|Aerodactyl-Mega, M
|message|Aerodactyl has Mega Evolved into Mega Aerodactyl!
|move|p2a: Aerodactyl|Pursuit|p1a: Amoonguss|[from]Pursuit
|-damage|p1a: Amoonguss|171\/431
|switch|p1a: Alomomola|Alomomola, M|529\/529
|
|-damage|p2a: Aerodactyl|167\/301 psn|[from] psn
|turn|11
|c|âTBoostR|unfortunately its a part of the game
|c|âBro Battington|It is
|
|switch|p2a: Whimsicott|Whimsicott, F|209\/262
|move|p1a: Alomomola|Scald|p2a: Whimsicott
|-resisted|p2a: Whimsicott
|-damage|p2a: Whimsicott|178\/262
|-status|p2a: Whimsicott|brn
|
|-damage|p2a: Whimsicott|146\/262 brn|[from] brn
|turn|12
|c|âBro Battington|But it gets worse
|c|âBro Battington|So much worse
|
|move|p1a: Alomomola|Protect|p1a: Alomomola
|-singleturn|p1a: Alomomola|Protect
|move|p2a: Whimsicott|Giga Drain|p1a: Alomomola
|-activate|p1a: Alomomola|Protect
|
|-damage|p2a: Whimsicott|114\/262 brn|[from] brn
|turn|13
|
|switch|p2a: Meloetta|Meloetta|404\/404
|switch|p1a: Amoonguss|Amoonguss, M|314\/431
|
|turn|14
|
|move|p2a: Meloetta|Substitute|p2a: Meloetta
|-start|p2a: Meloetta|Substitute
|-damage|p2a: Meloetta|303\/404
|move|p1a: Amoonguss|Sludge Bomb|p2a: Meloetta
|-activate|p2a: Meloetta|Substitute|[damage]
|
|-heal|p2a: Meloetta|328\/404|[from] item: Leftovers
|turn|15
|
|switch|p1a: Cresselia|Cresselia, F|444\/444
|move|p2a: Meloetta|Calm Mind|p2a: Meloetta
|-boost|p2a: Meloetta|spa|1
|-boost|p2a: Meloetta|spd|1
|
|-heal|p2a: Meloetta|353\/404|[from] item: Leftovers
|turn|16
|
|move|p2a: Meloetta|Calm Mind|p2a: Meloetta
|-boost|p2a: Meloetta|spa|1
|-boost|p2a: Meloetta|spd|1
|move|p1a: Cresselia|Calm Mind|p1a: Cresselia
|-boost|p1a: Cresselia|spa|1
|-boost|p1a: Cresselia|spd|1
|
|-heal|p2a: Meloetta|378\/404|[from] item: Leftovers
|turn|17
|leave|SweetDelight
|
|move|p2a: Meloetta|Calm Mind|p2a: Meloetta
|-boost|p2a: Meloetta|spa|1
|-boost|p2a: Meloetta|spd|1
|move|p1a: Cresselia|Calm Mind|p1a: Cresselia
|-boost|p1a: Cresselia|spa|1
|-boost|p1a: Cresselia|spd|1
|
|-heal|p2a: Meloetta|403\/404|[from] item: Leftovers
|turn|18
|
|move|p2a: Meloetta|Calm Mind|p2a: Meloetta
|-boost|p2a: Meloetta|spa|1
|-boost|p2a: Meloetta|spd|1
|move|p1a: Cresselia|Calm Mind|p1a: Cresselia
|-boost|p1a: Cresselia|spa|1
|-boost|p1a: Cresselia|spd|1
|
|-heal|p2a: Meloetta|404\/404|[from] item: Leftovers
|turn|19
|
|move|p2a: Meloetta|Calm Mind|p2a: Meloetta
|-boost|p2a: Meloetta|spa|1
|-boost|p2a: Meloetta|spd|1
|move|p1a: Cresselia|Psyshock|p2a: Meloetta
|-resisted|p2a: Meloetta
|-end|p2a: Meloetta|Substitute
|
|turn|20
|join|SweetDelight
|
|move|p2a: Meloetta|Psyshock|p1a: Cresselia
|-resisted|p1a: Cresselia
|-damage|p1a: Cresselia|300\/444
|move|p1a: Cresselia|Calm Mind|p1a: Cresselia
|-boost|p1a: Cresselia|spa|1
|-boost|p1a: Cresselia|spd|1
|
|-heal|p1a: Cresselia|327\/444|[from] item: Leftovers
|turn|21
|
|move|p2a: Meloetta|Psyshock|p1a: Cresselia
|-resisted|p1a: Cresselia
|-damage|p1a: Cresselia|186\/444
|move|p1a: Cresselia|Psyshock|p2a: Meloetta
|-crit|p2a: Meloetta
|-resisted|p2a: Meloetta
|-damage|p2a: Meloetta|206\/404
|
|-heal|p2a: Meloetta|231\/404|[from] item: Leftovers
|-heal|p1a: Cresselia|213\/444|[from] item: Leftovers
|turn|22
|
|move|p2a: Meloetta|Calm Mind|p2a: Meloetta
|-boost|p2a: Meloetta|spa|1
|-boost|p2a: Meloetta|spd|1
|move|p1a: Cresselia|Moonlight|p1a: Cresselia
|-heal|p1a: Cresselia|435\/444
|
|-heal|p2a: Meloetta|256\/404|[from] item: Leftovers
|-heal|p1a: Cresselia|444\/444|[from] item: Leftovers
|turn|23
|
|move|p2a: Meloetta|Psyshock|p1a: Cresselia
|-resisted|p1a: Cresselia
|-damage|p1a: Cresselia|285\/444
|move|p1a: Cresselia|Psyshock|p2a: Meloetta
|-resisted|p2a: Meloetta
|-damage|p2a: Meloetta|116\/404
|
|-heal|p2a: Meloetta|141\/404|[from] item: Leftovers
|-heal|p1a: Cresselia|312\/444|[from] item: Leftovers
|turn|24
|
|move|p2a: Meloetta|Psyshock|p1a: Cresselia
|-resisted|p1a: Cresselia
|-damage|p1a: Cresselia|153\/444
|move|p1a: Cresselia|Psyshock|p2a: Meloetta
|-resisted|p2a: Meloetta
|-damage|p2a: Meloetta|0 fnt
|faint|p2a: Meloetta
|
|-heal|p1a: Cresselia|180\/444|[from] item: Leftovers
|
|switch|p2a: Aerodactyl|Aerodactyl-Mega, M|167\/301 psn
|turn|25
|
|switch|p1a: Alomomola|Alomomola, M|529\/529
|move|p2a: Aerodactyl|Stone Edge|p1a: Alomomola|[miss]
|-miss|p2a: Aerodactyl|p1a: Alomomola
|
|-damage|p2a: Aerodactyl|130\/301 psn|[from] psn
|turn|26
|
|switch|p2a: Umbreon|Umbreon, F|394\/394
|move|p1a: Alomomola|Knock Off|p2a: Umbreon
|-resisted|p2a: Umbreon
|-damage|p2a: Umbreon|368\/394
|-enditem|p2a: Umbreon|Leftovers|[from] move: Knock Off|[of] p1a: Alomomola
|
|turn|27
|
|move|p1a: Alomomola|Protect|p1a: Alomomola
|-singleturn|p1a: Alomomola|Protect
|move|p2a: Umbreon|Heal Bell|p2a: Umbreon
|-cureteam|p2a: Umbreon|[from] move: HealBell
|
|turn|28
|
|move|p2a: Umbreon|Wish|p2a: Umbreon
|move|p1a: Alomomola|Wish|p1a: Alomomola
|
|turn|29
|
|switch|p1a: Cresselia|Cresselia, F|180\/444
|switch|p2a: Whimsicott|Whimsicott, F|114\/262
|
|-heal|p1a: Cresselia|444\/444|[from] move: Wish|[wisher] Alomomola
|-heal|p2a: Whimsicott|262\/262|[from] move: Wish|[wisher] Umbreon
|turn|30
|
|switch|p1a: Amoonguss|Amoonguss, M|431\/431
|move|p2a: Whimsicott|Moonblast|p1a: Amoonguss
|-resisted|p1a: Amoonguss
|-damage|p1a: Amoonguss|391\/431
|-unboost|p1a: Amoonguss|spa|1
|-damage|p2a: Whimsicott|236\/262|[from] item: Life Orb
|
|turn|31
|
|switch|p2a: Cobalion|Cobalion|324\/324
|move|p1a: Amoonguss|Sludge Bomb|p2a: Cobalion
|-immune|p2a: Cobalion|[msg]
|
|turn|32
|
|switch|p1a: Alomomola|Alomomola, M|529\/529
|move|p2a: Cobalion|Stealth Rock|p1a: Alomomola
|-sidestart|p1: TBoostR|move: Stealth Rock
|
|turn|33
|
|move|p2a: Cobalion|Volt Switch|p1a: Alomomola
|-supereffective|p1a: Alomomola
|-damage|p1a: Alomomola|355\/529
|
|switch|p2a: Whimsicott|Whimsicott, F|236\/262
|move|p1a: Alomomola|Scald|p2a: Whimsicott
|-resisted|p2a: Whimsicott
|-damage|p2a: Whimsicott|206\/262
|-status|p2a: Whimsicott|brn
|
|-damage|p2a: Whimsicott|174\/262 brn|[from] brn
|turn|34
|
|switch|p1a: Amoonguss|Amoonguss, M|431\/431
|-damage|p1a: Amoonguss|378\/431|[from] Stealth Rock
|move|p2a: Whimsicott|Psychic|p1a: Amoonguss
|-supereffective|p1a: Amoonguss
|-damage|p1a: Amoonguss|269\/431
|-damage|p2a: Whimsicott|148\/262 brn|[from] item: Life Orb
|
|-damage|p2a: Whimsicott|116\/262 brn|[from] brn
|turn|35
|c|âBro Battington|AV Amooguss. Whyyyyyyy do you run this crap
|
|switch|p2a: Cobalion|Cobalion|324\/324
|move|p1a: Amoonguss|Hidden Power|p2a: Cobalion
|-supereffective|p2a: Cobalion
|-damage|p2a: Cobalion|220\/324
|
|-heal|p2a: Cobalion|240\/324|[from] item: Leftovers
|turn|36
|c|âTBoostR|cuz i like it :)
|
|switch|p1a: Alomomola|Alomomola, M|529\/529
|-damage|p1a: Alomomola|463\/529|[from] Stealth Rock
|move|p2a: Cobalion|Iron Head|p1a: Alomomola
|-resisted|p1a: Alomomola
|-damage|p1a: Alomomola|415\/529
|-damage|p2a: Cobalion|186\/324|[from] item: Rocky Helmet|[of] p1a: Alomomola
|
|-heal|p2a: Cobalion|206\/324|[from] item: Leftovers
|turn|37
|
|move|p2a: Cobalion|Volt Switch|p1a: Alomomola
|-supereffective|p1a: Alomomola
|-damage|p1a: Alomomola|267\/529
|
|switch|p2a: Umbreon|Umbreon, F|368\/394
|move|p1a: Alomomola|Wish|p1a: Alomomola
|
|turn|38
|
|switch|p1a: Claydol|Claydol|200\/324
|-damage|p1a: Claydol|180\/324|[from] Stealth Rock
|move|p2a: Umbreon|Wish|p2a: Umbreon
|
|-heal|p1a: Claydol|324\/324|[from] move: Wish|[wisher] Alomomola
|turn|39
|
|switch|p2a: Aerodactyl|Aerodactyl-Mega, M|130\/301
|move|p1a: Claydol|Rapid Spin|p2a: Aerodactyl
|-resisted|p2a: Aerodactyl
|-damage|p2a: Aerodactyl|124\/301
|-sideend|p1: TBoostR|Stealth Rock|[from] move: Rapid Spin|[of] p1a: Claydol
|
|-heal|p2a: Aerodactyl|301\/301|[from] move: Wish|[wisher] Umbreon
|turn|40
|
|move|p2a: Aerodactyl|Pursuit|p1a: Claydol|[from]Pursuit
|-supereffective|p1a: Claydol
|-damage|p1a: Claydol|116\/324
|switch|p1a: Alomomola|Alomomola, M|443\/529
|
|turn|41
|
|switch|p2a: Umbreon|Umbreon, F|368\/394
|move|p1a: Alomomola|Scald|p2a: Umbreon
|-damage|p2a: Umbreon|340\/394
|-status|p2a: Umbreon|brn
|-status|p1a: Alomomola|brn
|
|-damage|p2a: Umbreon|291\/394 brn|[from] brn
|-damage|p1a: Alomomola|377\/529 brn|[from] brn
|turn|42
|
|move|p1a: Alomomola|Wish|p1a: Alomomola
|move|p2a: Umbreon|Heal Bell|p2a: Umbreon
|-cureteam|p2a: Umbreon|[from] move: HealBell
|
|-damage|p1a: Alomomola|311\/529 brn|[from] brn
|turn|43
|
|switch|p1a: Claydol|Claydol|116\/324
|move|p2a: Umbreon|Foul Play|p1a: Claydol
|-supereffective|p1a: Claydol
|-damage|p1a: Claydol|12\/324
|
|-heal|p1a: Claydol|276\/324|[from] move: Wish|[wisher] Alomomola
|-heal|p1a: Claydol|296\/324|[from] item: Leftovers
|turn|44
|
|switch|p2a: Aerodactyl|Aerodactyl-Mega, M|301\/301
|move|p1a: Claydol|Stealth Rock|p2a: Aerodactyl
|-sidestart|p2: Bro Battington|move: Stealth Rock
|
|-heal|p1a: Claydol|316\/324|[from] item: Leftovers
|turn|45
|
|move|p2a: Aerodactyl|Aqua Tail|p1a: Claydol
|-supereffective|p1a: Claydol
|-damage|p1a: Claydol|94\/324
|move|p1a: Claydol|Toxic|p2a: Aerodactyl
|-status|p2a: Aerodactyl|tox
|
|-heal|p1a: Claydol|114\/324|[from] item: Leftovers
|-damage|p2a: Aerodactyl|283\/301 tox|[from] psn
|turn|46
|
|move|p2a: Aerodactyl|Pursuit|p1a: Claydol|[from]Pursuit
|-supereffective|p1a: Claydol
|-damage|p1a: Claydol|0 fnt
|faint|p1a: Claydol
|
|-damage|p2a: Aerodactyl|247\/301 tox|[from] psn
|
|switch|p1a: Alomomola|Alomomola, M|487\/529 brn
|turn|47
|
|switch|p2a: Tentacruel|Tentacruel, F|318\/361
|-damage|p2a: Tentacruel|273\/361|[from] Stealth Rock
|switch|p1a: Cresselia|Cresselia, F|444\/444
|
|-heal|p2a: Tentacruel|295\/361|[from] item: Black Sludge
|turn|48
|
|move|p2a: Tentacruel|Rapid Spin|p1a: Cresselia
|-damage|p1a: Cresselia|437\/444
|-sideend|p2: Bro Battington|Stealth Rock|[from] move: Rapid Spin|[of] p2a: Tentacruel
|move|p1a: Cresselia|Moonblast|p2a: Tentacruel
|-resisted|p2a: Tentacruel
|-damage|p2a: Tentacruel|271\/361
|
|-heal|p2a: Tentacruel|293\/361|[from] item: Black Sludge
|-heal|p1a: Cresselia|444\/444|[from] item: Leftovers
|turn|49
|
|move|p2a: Tentacruel|Sludge Bomb|p1a: Cresselia
|-damage|p1a: Cresselia|374\/444
|move|p1a: Cresselia|Psyshock|p2a: Tentacruel
|-supereffective|p2a: Tentacruel
|-damage|p2a: Tentacruel|153\/361
|
|-heal|p2a: Tentacruel|175\/361|[from] item: Black Sludge
|-heal|p1a: Cresselia|401\/444|[from] item: Leftovers
|turn|50
|
|move|p2a: Tentacruel|Sludge Bomb|p1a: Cresselia
|-damage|p1a: Cresselia|329\/444
|-status|p1a: Cresselia|psn
|move|p1a: Cresselia|Moonblast|p2a: Tentacruel
|-resisted|p2a: Tentacruel
|-damage|p2a: Tentacruel|152\/361
|
|-heal|p2a: Tentacruel|174\/361|[from] item: Black Sludge
|-heal|p1a: Cresselia|356\/444 psn|[from] item: Leftovers
|-damage|p1a: Cresselia|301\/444 psn|[from] psn
|turn|51
|
|switch|p2a: Whimsicott|Whimsicott, F|116\/262
|move|p1a: Cresselia|Psyshock|p2a: Whimsicott
|-damage|p2a: Whimsicott|37\/262
|
|-heal|p1a: Cresselia|328\/444 psn|[from] item: Leftovers
|-damage|p1a: Cresselia|273\/444 psn|[from] psn
|turn|52
|
|switch|p1a: Amoonguss|Amoonguss, M|412\/431
|move|p2a: Whimsicott|Moonblast|p1a: Amoonguss
|-crit|p1a: Amoonguss
|-resisted|p1a: Amoonguss
|-damage|p1a: Amoonguss|344\/431
|-unboost|p1a: Amoonguss|spa|1
|-damage|p2a: Whimsicott|11\/262|[from] item: Life Orb
|
|turn|53
|
|switch|p2a: Cobalion|Cobalion|206\/324
|move|p1a: Amoonguss|Hidden Power|p2a: Cobalion
|-supereffective|p2a: Cobalion
|-damage|p2a: Cobalion|134\/324
|
|-heal|p2a: Cobalion|154\/324|[from] item: Leftovers
|turn|54
|
|switch|p1a: Alomomola|Alomomola, M|529\/529 brn
|move|p2a: Cobalion|Stealth Rock|p1a: Alomomola
|-sidestart|p1: TBoostR|move: Stealth Rock
|
|-heal|p2a: Cobalion|174\/324|[from] item: Leftovers
|-damage|p1a: Alomomola|463\/529 brn|[from] brn
|turn|55
|
|move|p2a: Cobalion|Volt Switch|p1a: Alomomola
|-supereffective|p1a: Alomomola
|-damage|p1a: Alomomola|315\/529 brn
|
|switch|p2a: Tentacruel|Tentacruel, F|174\/361
|move|p1a: Alomomola|Scald|p2a: Tentacruel
|-resisted|p2a: Tentacruel
|-damage|p2a: Tentacruel|156\/361
|
|-heal|p2a: Tentacruel|178\/361|[from] item: Black Sludge
|-damage|p1a: Alomomola|249\/529 brn|[from] brn
|turn|56
|
|move|p2a: Tentacruel|Toxic Spikes|p1a: Alomomola
|-sidestart|p1: TBoostR|move: Toxic Spikes
|move|p1a: Alomomola|Wish|p1a: Alomomola
|
|-heal|p2a: Tentacruel|200\/361|[from] item: Black Sludge
|-damage|p1a: Alomomola|183\/529 brn|[from] brn
|turn|57
|join|meowiekins
|
|switch|p2a: Aerodactyl|Aerodactyl-Mega, M|247\/301 tox
|move|p1a: Alomomola|Knock Off|p2a: Aerodactyl
|-damage|p2a: Aerodactyl|225\/301 tox
|
|-heal|p1a: Alomomola|447\/529 brn|[from] move: Wish|[wisher] Alomomola
|-damage|p2a: Aerodactyl|207\/301 tox|[from] psn
|-damage|p1a: Alomomola|381\/529 brn|[from] brn
|turn|58
|
|switch|p2a: Tentacruel|Tentacruel, F|200\/361
|move|p1a: Alomomola|Wish|p1a: Alomomola
|
|-heal|p2a: Tentacruel|222\/361|[from] item: Black Sludge
|-damage|p1a: Alomomola|315\/529 brn|[from] brn
|turn|59
|
|switch|p2a: Aerodactyl|Aerodactyl-Mega, M|207\/301 tox
|move|p1a: Alomomola|Knock Off|p2a: Aerodactyl
|-damage|p2a: Aerodactyl|187\/301 tox
|
|-heal|p1a: Alomomola|529\/529 brn|[from] move: Wish|[wisher] Alomomola
|-damage|p2a: Aerodactyl|169\/301 tox|[from] psn
|-damage|p1a: Alomomola|463\/529 brn|[from] brn
|turn|60
|join|so dynamic
|
|switch|p2a: Whimsicott|Whimsicott, F|11\/262
|move|p1a: Alomomola|Wish|p1a: Alomomola
|
|-damage|p1a: Alomomola|397\/529 brn|[from] brn
|turn|61
|
|switch|p1a: Amoonguss|Amoonguss, M|431\/431
|-damage|p1a: Amoonguss|378\/431|[from] Stealth Rock
|-sideend|p1: TBoostR|move: Toxic Spikes|[of] p1a: Amoonguss
|move|p2a: Whimsicott|Psychic|p1a: Amoonguss
|-supereffective|p1a: Amoonguss
|-damage|p1a: Amoonguss|261\/431
|-unboost|p1a: Amoonguss|spd|1
|-damage|p2a: Whimsicott|0 fnt|[from] item: Life Orb
|faint|p2a: Whimsicott
|
|-heal|p1a: Amoonguss|431\/431|[from] move: Wish|[wisher] Alomomola
|
|switch|p2a: Aerodactyl|Aerodactyl-Mega, M|169\/301 tox
|turn|62
|
|move|p2a: Aerodactyl|Stone Edge|p1a: Amoonguss
|-damage|p1a: Amoonguss|169\/431
|move|p1a: Amoonguss|Sludge Bomb|p2a: Aerodactyl
|-resisted|p2a: Aerodactyl
|-damage|p2a: Aerodactyl|124\/301 tox
|
|-damage|p2a: Aerodactyl|106\/301 tox|[from] psn
|turn|63
|
|move|p2a: Aerodactyl|Pursuit|p1a: Amoonguss|[from]Pursuit
|-damage|p1a: Amoonguss|0 fnt
|faint|p1a: Amoonguss
|
|-damage|p2a: Aerodactyl|70\/301 tox|[from] psn
|c| so dynamic|bop
|c| meowiekins|pursuit is p much standard at this point right?
|c| so dynamic|its not standard
|c|âBro Battington|I don't know
|c| so dynamic|its an option though
|
|switch|p1a: Alomomola|Alomomola, M|529\/529 brn
|-damage|p1a: Alomomola|463\/529 brn|[from] Stealth Rock
|turn|64
|c|âBro Battington|This tier sucks too much for me to wanna care if it is or not by this point
|
|switch|p2a: Umbreon|Umbreon, F|291\/394
|move|p1a: Alomomola|Scald|p2a: Umbreon
|-damage|p2a: Umbreon|263\/394
|-status|p2a: Umbreon|brn
|
|-damage|p1a: Alomomola|397\/529 brn|[from] brn
|-damage|p2a: Umbreon|214\/394 brn|[from] brn
|turn|65
|c| meowiekins|:[
|
|switch|p1a: Cobalion|Cobalion|324\/324
|-damage|p1a: Cobalion|314\/324|[from] Stealth Rock
|move|p2a: Umbreon|Heal Bell|p2a: Umbreon
|-cureteam|p2a: Umbreon|[from] move: HealBell
|
|turn|66
|c| so dynamic|ye im tryna to make some cooler teams
|
|switch|p2a: Tentacruel|Tentacruel, F|222\/361
|move|p1a: Cobalion|Swords Dance|p1a: Cobalion
|-boost|p1a: Cobalion|atk|2
|
|-heal|p2a: Tentacruel|244\/361|[from] item: Black Sludge
|turn|67
|
|move|p1a: Cobalion|Iron Head|p2a: Tentacruel
|-resisted|p2a: Tentacruel
|-damage|p2a: Tentacruel|113\/361
|-damage|p1a: Cobalion|282\/324|[from] item: Life Orb
|move|p2a: Tentacruel|Scald|p1a: Cobalion
|-damage|p1a: Cobalion|179\/324
|
|-heal|p2a: Tentacruel|135\/361|[from] item: Black Sludge
|turn|68
|
|move|p1a: Cobalion|Close Combat|p2a: Tentacruel
|-resisted|p2a: Tentacruel
|-damage|p2a: Tentacruel|0 fnt
|-unboost|p1a: Cobalion|def|1
|-unboost|p1a: Cobalion|spd|1
|-damage|p1a: Cobalion|147\/324|[from] item: Life Orb
|faint|p2a: Tentacruel
|
|
|switch|p2a: Aerodactyl|Aerodactyl-Mega, M|70\/301
|turn|69
|
|switch|p1a: Alomomola|Alomomola, M|529\/529 brn
|-damage|p1a: Alomomola|463\/529 brn|[from] Stealth Rock
|move|p2a: Aerodactyl|Aerial Ace|p1a: Alomomola
|-damage|p1a: Alomomola|340\/529 brn
|-damage|p2a: Aerodactyl|20\/301|[from] item: Rocky Helmet|[of] p1a: Alomomola
|
|-damage|p1a: Alomomola|274\/529 brn|[from] brn
|turn|70
|
|switch|p2a: Umbreon|Umbreon, F|214\/394
|switch|p1a: Cobalion|Cobalion|147\/324
|-damage|p1a: Cobalion|137\/324|[from] Stealth Rock
|
|turn|71
|
|move|p1a: Cobalion|Close Combat|p2a: Umbreon
|-supereffective|p2a: Umbreon
|-damage|p2a: Umbreon|0 fnt
|-unboost|p1a: Cobalion|def|1
|-unboost|p1a: Cobalion|spd|1
|-damage|p1a: Cobalion|105\/324|[from] item: Life Orb
|faint|p2a: Umbreon
|
|
|switch|p2a: Aerodactyl|Aerodactyl-Mega, M|20\/301
|turn|72
|
|switch|p1a: Alomomola|Alomomola, M|450\/529 brn
|-damage|p1a: Alomomola|384\/529 brn|[from] Stealth Rock
|move|p2a: Aerodactyl|Stone Edge|p1a: Alomomola|[miss]
|-miss|p2a: Aerodactyl|p1a: Alomomola
|
|-damage|p1a: Alomomola|318\/529 brn|[from] brn
|turn|73
|join|I<3Magikarp
|c|âBro Battington|It's like the game plays itself 
|
|move|p2a: Aerodactyl|Stone Edge|p1a: Alomomola
|-damage|p1a: Alomomola|137\/529 brn
|move|p1a: Alomomola|Scald|p2a: Aerodactyl
|-supereffective|p2a: Aerodactyl
|-damage|p2a: Aerodactyl|0 fnt
|faint|p2a: Aerodactyl
|
|-damage|p1a: Alomomola|71\/529 brn|[from] brn
|
|switch|p2a: Cobalion|Cobalion|174\/324
|turn|74
|
|move|p2a: Cobalion|Volt Switch|p1a: Alomomola
|-supereffective|p1a: Alomomola
|-damage|p1a: Alomomola|0 fnt
|faint|p1a: Alomomola
|
|-heal|p2a: Cobalion|194\/324|[from] item: Leftovers
|
|switch|p1a: Arcanine|Arcanine, M|199\/321
|-damage|p1a: Arcanine|119\/321|[from] Stealth Rock
|turn|75
|
|move|p2a: Cobalion|Close Combat|p1a: Arcanine
|-damage|p1a: Arcanine|0 fnt
|-unboost|p2a: Cobalion|def|1
|-unboost|p2a: Cobalion|spd|1
|faint|p1a: Arcanine
|
|-heal|p2a: Cobalion|214\/324|[from] item: Leftovers
|
|switch|p1a: Cobalion|Cobalion|105\/324
|-damage|p1a: Cobalion|95\/324|[from] Stealth Rock
|turn|76
|
|move|p2a: Cobalion|Close Combat|p1a: Cobalion
|-supereffective|p1a: Cobalion
|-damage|p1a: Cobalion|0 fnt
|-unboost|p2a: Cobalion|def|1
|-unboost|p2a: Cobalion|spd|1
|faint|p1a: Cobalion
|
|-heal|p2a: Cobalion|234\/324|[from] item: Leftovers
|
|switch|p1a: Cresselia|Cresselia, F|273\/444 psn
|-damage|p1a: Cresselia|218\/444 psn|[from] Stealth Rock
|turn|77
|c| meowiekins|O.O
|c|âBro Battington|I can't really win unless I rack up flinches
|
|move|p2a: Cobalion|Iron Head|p1a: Cresselia
|-damage|p1a: Cresselia|146\/444 psn
|move|p1a: Cresselia|Moonlight|p1a: Cresselia
|-heal|p1a: Cresselia|368\/444 psn
|
|-heal|p2a: Cobalion|254\/324|[from] item: Leftovers
|-heal|p1a: Cresselia|395\/444 psn|[from] item: Leftovers
|-damage|p1a: Cresselia|340\/444 psn|[from] psn
|turn|78
|c|âBro Battington|I die to 2 Psyshocks
|c|âBro Battington|And I'm p sure I'm not flinching so gg
|join|Colbrushie
|
|move|p2a: Cobalion|Iron Head|p1a: Cresselia
|-damage|p1a: Cresselia|268\/444 psn
|move|p1a: Cresselia|Calm Mind|p1a: Cresselia
|-boost|p1a: Cresselia|spa|1
|-boost|p1a: Cresselia|spd|1
|
|-heal|p2a: Cobalion|274\/324|[from] item: Leftovers
|-heal|p1a: Cresselia|295\/444 psn|[from] item: Leftovers
|-damage|p1a: Cresselia|240\/444 psn|[from] psn
|turn|79
|c| meowiekins|..
|c|âBro Battington|Oh hey I'm gonna CM here like a fgt instead of finishing the game
|c| Colbrushie|i think moonblast
|c|âBro Battington|ok
|c| Colbrushie|will do more?
|c|âBro Battington|If you do get flinched down don't say a word
|c|âTBoostR|gg. great battle
|
|move|p2a: Cobalion|Iron Head|p1a: Cresselia
|-damage|p1a: Cresselia|168\/444 psn
|cant|p1a: Cresselia|flinch
|
|-heal|p2a: Cobalion|294\/324|[from] item: Leftovers
|-heal|p1a: Cresselia|195\/444 psn|[from] item: Leftovers
|-damage|p1a: Cresselia|140\/444 psn|[from] psn
|turn|80
|c| Colbrushie|o
|c| meowiekins|O.O
|c| Colbrushie|o
|c| meowiekins|uno
|
|move|p2a: Cobalion|Iron Head|p1a: Cresselia
|-damage|p1a: Cresselia|59\/444 psn
|move|p1a: Cresselia|Moonlight|p1a: Cresselia
|-heal|p1a: Cresselia|281\/444 psn
|
|-heal|p2a: Cobalion|314\/324|[from] item: Leftovers
|-heal|p1a: Cresselia|308\/444 psn|[from] item: Leftovers
|-damage|p1a: Cresselia|253\/444 psn|[from] psn
|turn|81
|c| meowiekins|mas
|c| Colbrushie|rip
|
|move|p2a: Cobalion|Iron Head|p1a: Cresselia
|-damage|p1a: Cresselia|169\/444 psn
|cant|p1a: Cresselia|flinch
|
|-heal|p2a: Cobalion|324\/324|[from] item: Leftovers
|-heal|p1a: Cresselia|196\/444 psn|[from] item: Leftovers
|-damage|p1a: Cresselia|141\/444 psn|[from] psn
|turn|82
|c| meowiekins|did this get sludge bomb poisoned?
|c|âBro Battington|yeah
|c|âTBoostR|lol
|
|move|p2a: Cobalion|Iron Head|p1a: Cresselia
|-damage|p1a: Cresselia|59\/444 psn
|move|p1a: Cresselia|Moonlight|p1a: Cresselia
|-heal|p1a: Cresselia|281\/444 psn
|
|-heal|p1a: Cresselia|308\/444 psn|[from] item: Leftovers
|-damage|p1a: Cresselia|253\/444 psn|[from] psn
|turn|83
|c| Colbrushie|one more
|c| Colbrushie|bleve
|c| Colbrushie|bleve
|c| I<3Magikarp|mother fucker
|c| Colbrushie|aw
|c| meowiekins|why not acid spray?
|c| Colbrushie|because sludge bomb has scald chance of poison
|
|move|p2a: Cobalion|Iron Head|p1a: Cresselia
|-damage|p1a: Cresselia|181\/444 psn
|move|p1a: Cresselia|Moonlight|p1a: Cresselia
|-heal|p1a: Cresselia|403\/444 psn
|
|-heal|p1a: Cresselia|430\/444 psn|[from] item: Leftovers
|-damage|p1a: Cresselia|375\/444 psn|[from] psn
|turn|84
|c| Colbrushie|idk
|c| Colbrushie|it hits harder
|c| meowiekins|ya but acid spray
|
|move|p2a: Cobalion|Iron Head|p1a: Cresselia
|-damage|p1a: Cresselia|293\/444 psn
|move|p1a: Cresselia|Psyshock|p2a: Cobalion
|-damage|p2a: Cobalion|131\/324
|
|-heal|p2a: Cobalion|151\/324|[from] item: Leftovers
|-heal|p1a: Cresselia|320\/444 psn|[from] item: Leftovers
|-damage|p1a: Cresselia|265\/444 psn|[from] psn
|turn|85
|c| meowiekins|lets you bypass sableye
|c|âBro Battington|Well I'm not gonna keep a Tentacruel on a Cresselia just so I can lower its SpD
|
|move|p2a: Cobalion|Iron Head|p1a: Cresselia
|-damage|p1a: Cresselia|184\/444 psn
|move|p1a: Cresselia|Psyshock|p2a: Cobalion
|-damage|p2a: Cobalion|0 fnt
|faint|p2a: Cobalion
|
|win|TBoostR
|raw|Ladder updating...
|raw|TBoostR's rating: 1398 &rarr; <strong>1423<\/strong><br \/>(+25 for winning)
|raw|Bro Battington's rating: 1479 &rarr; <strong>1454<\/strong><br \/>(-25 for losing)
|leave|Bro Battington
|player|p2
|c|âTBoostR|gg
|leave|I<3Magikarp
|leave|meowiekins