|join|Bro Battington
|join|KNDFET
|player|p1|Bro Battington|#coolstorybrobat
|player|p2|KNDFET|92
|gametype|singles
|gen|6
|tier|UU
|rated
|rule|Sleep Clause Mod: Limit one foe put to sleep
|rule|Species Clause: Limit one of each PokÃ©mon
|rule|OHKO Clause: OHKO moves are banned
|rule|Moody Clause: Moody is banned
|rule|Evasion Moves Clause: Evasion moves are banned
|rule|Endless Battle Clause: Forcing endless battles is banned
|rule|HP Percentage Mod: HP is shown in percentages
|clearpoke
|poke|p1|Kingdra, M
|poke|p1|Houndoom, M
|poke|p1|Jirachi
|poke|p1|Aromatisse, F
|poke|p1|Snorlax, M
|poke|p1|Forretress, M
|poke|p2|Mienshao, M
|poke|p2|Victini
|poke|p2|Hydreigon, F
|poke|p2|Sableye, M
|poke|p2|Swampert, M
|poke|p2|Forretress, F
|rule|Swagger Clause: Swagger is banned
|rule|Baton Pass Clause: Limit one PokÃ©mon knowing Baton Pass
|teampreview
|join|LessThanThreeMan
|
|start
|switch|p1a: Rick Ross|Snorlax, M|462\/462
|switch|p2a: Mienshao|Mienshao, M|271\/271
|turn|1
|
|switch|p1a: MalefiSCENT|Aromatisse, F|405\/405
|move|p2a: Mienshao|U-turn|p1a: MalefiSCENT
|-resisted|p1a: MalefiSCENT
|-damage|p1a: MalefiSCENT|370\/405
|
|switch|p2a: Victini|Victini|341\/341
|
|-heal|p1a: MalefiSCENT|395\/405|[from] item: Leftovers
|turn|2
|
|move|p1a: MalefiSCENT|Protect|p1a: MalefiSCENT
|-singleturn|p1a: MalefiSCENT|Protect
|move|p2a: Victini|V-create|p1a: MalefiSCENT
|-activate|p1a: MalefiSCENT|Protect
|
|-heal|p1a: MalefiSCENT|405\/405|[from] item: Leftovers
|turn|3
|
|switch|p2a: Swampert|Swampert, M|401\/401
|switch|p1a: Rick Ross|Snorlax, M|462\/462
|
|turn|4
|
|move|p2a: Swampert|Stealth Rock|p1a: Rick Ross
|-sidestart|p1: Bro Battington|move: Stealth Rock
|move|p1a: Rick Ross|Body Slam|p2a: Swampert
|-damage|p2a: Swampert|286\/401
|
|-heal|p2a: Swampert|311\/401|[from] item: Leftovers
|turn|5
|
|switch|p2a: Forretress|Forretress, F|354\/354
|move|p1a: Rick Ross|Body Slam|p2a: Forretress
|-resisted|p2a: Forretress
|-damage|p2a: Forretress|300\/354
|
|-heal|p2a: Forretress|322\/354|[from] item: Leftovers
|turn|6
|
|switch|p1a: TF2|Forretress, M|354\/354
|-damage|p1a: TF2|310\/354|[from] Stealth Rock
|move|p2a: Forretress|Spikes|p1a: TF2
|-sidestart|p1: Bro Battington|Spikes
|
|-heal|p2a: Forretress|344\/354|[from] item: Leftovers
|-heal|p1a: TF2|332\/354|[from] item: Leftovers
|turn|7
|
|switch|p2a: Sableye|Sableye, M|304\/304
|move|p1a: TF2|Rapid Spin|p2a: Sableye
|-immune|p2a: Sableye|[msg]
|
|-heal|p1a: TF2|354\/354|[from] item: Leftovers
|turn|8
|
|move|p2a: Sableye|Taunt|p1a: TF2
|-start|p1a: TF2|move: Taunt
|move|p1a: TF2|Volt Switch|p2a: Sableye
|-damage|p2a: Sableye|269\/304
|
|switch|p1a: MalefiSCENT|Aromatisse, F|405\/405
|-damage|p1a: MalefiSCENT|355\/405|[from] Stealth Rock
|-damage|p1a: MalefiSCENT|305\/405|[from] Spikes
|
|-heal|p2a: Sableye|288\/304|[from] item: Leftovers
|-heal|p1a: MalefiSCENT|330\/405|[from] item: Leftovers
|turn|9
|
|switch|p2a: Victini|Victini|341\/341
|move|p1a: MalefiSCENT|Moonblast|p2a: Victini
|-resisted|p2a: Victini
|-damage|p2a: Victini|287\/341
|-unboost|p2a: Victini|spa|1
|
|-heal|p1a: MalefiSCENT|355\/405|[from] item: Leftovers
|turn|10
|
|move|p1a: MalefiSCENT|Protect|p1a: MalefiSCENT
|-singleturn|p1a: MalefiSCENT|Protect
|move|p2a: Victini|Bolt Strike|p1a: MalefiSCENT
|-activate|p1a: MalefiSCENT|Protect
|
|-heal|p1a: MalefiSCENT|380\/405|[from] item: Leftovers
|turn|11
|
|move|p2a: Victini|Bolt Strike|p1a: MalefiSCENT
|-damage|p1a: MalefiSCENT|207\/405
|move|p1a: MalefiSCENT|Wish|p1a: MalefiSCENT
|
|-heal|p1a: MalefiSCENT|232\/405|[from] item: Leftovers
|turn|12
|
|switch|p2a: Forretress|Forretress, F|344\/354
|move|p1a: MalefiSCENT|Moonblast|p2a: Forretress
|-resisted|p2a: Forretress
|-damage|p2a: Forretress|292\/354
|-unboost|p2a: Forretress|spa|1
|
|-heal|p1a: MalefiSCENT|405\/405|[from] move: Wish|[wisher] MalefiSCENT
|-heal|p2a: Forretress|314\/354|[from] item: Leftovers
|turn|13
|
|switch|p1a: TF2|Forretress, M|354\/354
|-damage|p1a: TF2|310\/354|[from] Stealth Rock
|-damage|p1a: TF2|266\/354|[from] Spikes
|move|p2a: Forretress|Volt Switch|p1a: TF2
|-damage|p1a: TF2|230\/354
|join|meeowiekins
|
|switch|p2a: Victini|Victini|287\/341
|
|-heal|p1a: TF2|252\/354|[from] item: Leftovers
|turn|14
|
|switch|p1a: Rick Ross|Snorlax, M|462\/462
|-damage|p1a: Rick Ross|405\/462|[from] Stealth Rock
|-damage|p1a: Rick Ross|348\/462|[from] Spikes
|move|p2a: Victini|V-create|p1a: Rick Ross
|-damage|p1a: Rick Ross|128\/462
|-unboost|p2a: Victini|def|1
|-unboost|p2a: Victini|spd|1
|-unboost|p2a: Victini|spe|1
|
|turn|15
|
|move|p1a: Rick Ross|Pursuit|p2a: Victini|[from]Pursuit
|-supereffective|p2a: Victini
|-damage|p2a: Victini|25\/341
|switch|p2a: Forretress|Forretress, F|314\/354
|
|-heal|p2a: Forretress|336\/354|[from] item: Leftovers
|turn|16
|
|move|p1a: Rick Ross|Crunch|p2a: Forretress
|-damage|p2a: Forretress|266\/354
|move|p2a: Forretress|Spikes|p1a: Rick Ross
|-sidestart|p1: Bro Battington|Spikes
|
|-heal|p2a: Forretress|288\/354|[from] item: Leftovers
|turn|17
|
|move|p1a: Rick Ross|Crunch|p2a: Forretress
|-damage|p2a: Forretress|219\/354
|move|p2a: Forretress|Spikes|p1a: Rick Ross
|-sidestart|p1: Bro Battington|Spikes
|
|-heal|p2a: Forretress|241\/354|[from] item: Leftovers
|turn|18
|
|move|p1a: Rick Ross|Crunch|p2a: Forretress
|-damage|p2a: Forretress|172\/354
|move|p2a: Forretress|Volt Switch|p1a: Rick Ross
|-damage|p1a: Rick Ross|107\/462
|
|switch|p2a: Mienshao|Mienshao, M|271\/271
|
|turn|19
|
|move|p2a: Mienshao|High Jump Kick|p1a: Rick Ross
|-supereffective|p1a: Rick Ross
|-damage|p1a: Rick Ross|0 fnt
|faint|p1a: Rick Ross
|
|
|switch|p1a: MalefiSCENT|Aromatisse, F|405\/405
|-damage|p1a: MalefiSCENT|304\/405|[from] Spikes
|-damage|p1a: MalefiSCENT|254\/405|[from] Stealth Rock
|turn|20
|
|switch|p2a: Swampert|Swampert, M|311\/401
|move|p1a: MalefiSCENT|Moonblast|p2a: Swampert
|-damage|p2a: Swampert|193\/401
|-unboost|p2a: Swampert|spa|1
|
|-heal|p2a: Swampert|218\/401|[from] item: Leftovers
|-heal|p1a: MalefiSCENT|279\/405|[from] item: Leftovers
|turn|21
|
|move|p2a: Swampert|Earthquake|p1a: MalefiSCENT
|-damage|p1a: MalefiSCENT|158\/405
|move|p1a: MalefiSCENT|Wish|p1a: MalefiSCENT
|
|-heal|p2a: Swampert|243\/401|[from] item: Leftovers
|-heal|p1a: MalefiSCENT|183\/405|[from] item: Leftovers
|turn|22
|
|move|p2a: Swampert|Scald|p1a: MalefiSCENT
|-damage|p1a: MalefiSCENT|123\/405
|-status|p1a: MalefiSCENT|brn
|move|p1a: MalefiSCENT|Moonblast|p2a: Swampert
|-damage|p2a: Swampert|111\/401
|-unboost|p2a: Swampert|spa|1
|
|-heal|p1a: MalefiSCENT|325\/405 brn|[from] move: Wish|[wisher] MalefiSCENT
|-heal|p2a: Swampert|136\/401|[from] item: Leftovers
|-heal|p1a: MalefiSCENT|350\/405 brn|[from] item: Leftovers
|-damage|p1a: MalefiSCENT|300\/405 brn|[from] brn
|turn|23
|
|move|p1a: MalefiSCENT|Aromatherapy|p1a: MalefiSCENT
|-cureteam|p1a: MalefiSCENT|[from] move: Aromatherapy
|move|p2a: Swampert|Roar|p1a: MalefiSCENT
|drag|p1a: Sea Biscuit|Kingdra, M|291\/291
|-damage|p1a: Sea Biscuit|219\/291|[from] Spikes
|-damage|p1a: Sea Biscuit|183\/291|[from] Stealth Rock
|
|-heal|p2a: Swampert|161\/401|[from] item: Leftovers
|turn|24
|
|move|p1a: Sea Biscuit|Draco Meteor|p2a: Swampert
|-damage|p2a: Swampert|0 fnt
|-unboost|p1a: Sea Biscuit|spa|2
|faint|p2a: Swampert
|
|
|switch|p2a: Mienshao|Mienshao, M|271\/271
|turn|25
|join|Dracp
|join|where is bleve
|c| Dracp|Hola brobat :p0
|
|move|p2a: Mienshao|U-turn|p1a: Sea Biscuit
|-damage|p1a: Sea Biscuit|99\/291
|c|âBro Battington|hi
|
|switch|p2a: Sableye|Sableye, M|288\/304
|move|p1a: Sea Biscuit|Waterfall|p2a: Sableye
|-damage|p2a: Sableye|164\/304
|
|-heal|p2a: Sableye|183\/304|[from] item: Leftovers
|turn|26
|
|move|p2a: Sableye|Taunt|p1a: Sea Biscuit
|-start|p1a: Sea Biscuit|move: Taunt
|cant|p1a: Sea Biscuit|move: Taunt|Focus Energy
|
|-heal|p2a: Sableye|202\/304|[from] item: Leftovers
|turn|27
|
|move|p2a: Sableye|Will-O-Wisp|p1a: Sea Biscuit
|-status|p1a: Sea Biscuit|brn
|move|p1a: Sea Biscuit|Waterfall|p2a: Sableye
|-damage|p2a: Sableye|141\/304
|
|-heal|p2a: Sableye|160\/304|[from] item: Leftovers
|-damage|p1a: Sea Biscuit|63\/291 brn|[from] brn
|turn|28
|
|move|p2a: Sableye|Recover|p2a: Sableye
|-heal|p2a: Sableye|304\/304
|move|p1a: Sea Biscuit|Draco Meteor|p2a: Sableye
|-crit|p2a: Sableye
|-damage|p2a: Sableye|0 fnt
|-unboost|p1a: Sea Biscuit|spa|2
|faint|p2a: Sableye
|
|-damage|p1a: Sea Biscuit|27\/291 brn|[from] brn
|-end|p1a: Sea Biscuit|move: Taunt
|join|Dudeman130498
|c| Dracp|kek
|c|âBro Battington|Semi-influenced hax always pays off
|
|switch|p2a: Mienshao|Mienshao, M|271\/271
|turn|29
|
|move|p2a: Mienshao|U-turn|p1a: Sea Biscuit
|-damage|p1a: Sea Biscuit|0 fnt
|faint|p1a: Sea Biscuit
|join|LiberalLucario
|
|switch|p2a: Victini|Victini|25\/341
|
|
|switch|p1a: Baphomutt|Houndoom, M|291\/291
|-damage|p1a: Baphomutt|219\/291|[from] Spikes
|-damage|p1a: Baphomutt|147\/291|[from] Stealth Rock
|turn|30
|
|switch|p2a: Hydreigon|Hydreigon, F|325\/325
|detailschange|p1a: Baphomutt|Houndoom-Mega, M
|message|Houndoom has Mega Evolved into Mega Houndoom!
|move|p1a: Baphomutt|Flame Charge|p2a: Hydreigon
|-resisted|p2a: Hydreigon
|-damage|p2a: Hydreigon|302\/325
|-boost|p1a: Baphomutt|spe|1
|
|turn|31
|
|move|p1a: Baphomutt|Fire Blast|p2a: Hydreigon
|-resisted|p2a: Hydreigon
|-damage|p2a: Hydreigon|167\/325
|move|p2a: Hydreigon|Draco Meteor|p1a: Baphomutt
|-damage|p1a: Baphomutt|0 fnt
|-unboost|p2a: Hydreigon|spa|2
|faint|p1a: Baphomutt
|
|
|switch|p1a: TF2|Forretress, M|252\/354
|-damage|p1a: TF2|164\/354|[from] Spikes
|-damage|p1a: TF2|120\/354|[from] Stealth Rock
|turn|32
|
|switch|p2a: Mienshao|Mienshao, M|271\/271
|move|p1a: TF2|Rapid Spin|p2a: Mienshao
|-damage|p2a: Mienshao|247\/271
|-sideend|p1: Bro Battington|Spikes|[from] move: Rapid Spin|[of] p1a: TF2
|-sideend|p1: Bro Battington|Stealth Rock|[from] move: Rapid Spin|[of] p1a: TF2
|
|-heal|p1a: TF2|142\/354|[from] item: Leftovers
|turn|33
|
|move|p2a: Mienshao|High Jump Kick|p1a: TF2
|-damage|p1a: TF2|0 fnt
|faint|p1a: TF2
|
|
|switch|p1a: MalefiSCENT|Aromatisse, F|300\/405
|turn|34
|
|switch|p2a: Forretress|Forretress, F|172\/354
|move|p1a: MalefiSCENT|Moonblast|p2a: Forretress
|-resisted|p2a: Forretress
|-damage|p2a: Forretress|122\/354
|
|-heal|p1a: MalefiSCENT|325\/405|[from] item: Leftovers
|-heal|p2a: Forretress|144\/354|[from] item: Leftovers
|turn|35
|
|switch|p1a: Liberachi|Jirachi|404\/404
|move|p2a: Forretress|Gyro Ball|p1a: Liberachi
|-resisted|p1a: Liberachi
|-damage|p1a: Liberachi|347\/404
|
|-heal|p1a: Liberachi|372\/404|[from] item: Leftovers
|-heal|p2a: Forretress|166\/354|[from] item: Leftovers
|turn|36
|
|move|p1a: Liberachi|Substitute|p1a: Liberachi
|-start|p1a: Liberachi|Substitute
|-damage|p1a: Liberachi|271\/404
|move|p2a: Forretress|Volt Switch|p1a: Liberachi
|-activate|p1a: Liberachi|Substitute|[damage]
|
|switch|p2a: Mienshao|Mienshao, M|247\/271
|
|-heal|p1a: Liberachi|296\/404|[from] item: Leftovers
|turn|37
|
|move|p2a: Mienshao|U-turn|p1a: Liberachi
|-end|p1a: Liberachi|Substitute
|
|switch|p2a: Hydreigon|Hydreigon, F|167\/325
|move|p1a: Liberachi|Substitute|p1a: Liberachi
|-start|p1a: Liberachi|Substitute
|-damage|p1a: Liberachi|195\/404
|
|-heal|p1a: Liberachi|220\/404|[from] item: Leftovers
|turn|38
|
|move|p1a: Liberachi|Iron Head|p2a: Hydreigon
|-damage|p2a: Hydreigon|61\/325
|cant|p2a: Hydreigon|flinch
|
|-heal|p1a: Liberachi|245\/404|[from] item: Leftovers
|turn|39
|
|move|p1a: Liberachi|Iron Head|p2a: Hydreigon
|-damage|p2a: Hydreigon|0 fnt
|faint|p2a: Hydreigon
|
|-heal|p1a: Liberachi|270\/404|[from] item: Leftovers
|
|switch|p2a: Mienshao|Mienshao, M|247\/271
|turn|40
|
|move|p2a: Mienshao|High Jump Kick|p1a: Liberachi
|-end|p1a: Liberachi|Substitute
|move|p1a: Liberachi|Substitute|p1a: Liberachi
|-start|p1a: Liberachi|Substitute
|-damage|p1a: Liberachi|169\/404
|
|-heal|p1a: Liberachi|194\/404|[from] item: Leftovers
|turn|41
|
|move|p2a: Mienshao|High Jump Kick|p1a: Liberachi
|-end|p1a: Liberachi|Substitute
|move|p1a: Liberachi|Iron Head|p2a: Mienshao
|-damage|p2a: Mienshao|100\/271
|
|-heal|p1a: Liberachi|219\/404|[from] item: Leftovers
|turn|42
|
|switch|p2a: Victini|Victini|25\/341
|switch|p1a: MalefiSCENT|Aromatisse, F|325\/405
|
|-heal|p1a: MalefiSCENT|350\/405|[from] item: Leftovers
|turn|43
|c|âBro Battington|I almost Iron Headed again. I was this close
|
|move|p1a: MalefiSCENT|Protect|p1a: MalefiSCENT
|-singleturn|p1a: MalefiSCENT|Protect
|move|p2a: Victini|V-create|p1a: MalefiSCENT
|-activate|p1a: MalefiSCENT|Protect
|
|-heal|p1a: MalefiSCENT|375\/405|[from] item: Leftovers
|turn|44
|
|move|p2a: Victini|V-create|p1a: MalefiSCENT
|-damage|p1a: MalefiSCENT|17\/405
|-unboost|p2a: Victini|def|1
|-unboost|p2a: Victini|spd|1
|-unboost|p2a: Victini|spe|1
|move|p1a: MalefiSCENT|Moonblast|p2a: Victini
|-crit|p2a: Victini
|-resisted|p2a: Victini
|-damage|p2a: Victini|0 fnt
|faint|p2a: Victini
|
|-heal|p1a: MalefiSCENT|42\/405|[from] item: Leftovers
|
|switch|p2a: Mienshao|Mienshao, M|100\/271
|turn|45
|c|âBro Battington|!
|
|move|p1a: MalefiSCENT|Protect|p1a: MalefiSCENT
|-singleturn|p1a: MalefiSCENT|Protect
|move|p2a: Mienshao|Stone Edge|p1a: MalefiSCENT
|-activate|p1a: MalefiSCENT|Protect
|
|-heal|p1a: MalefiSCENT|67\/405|[from] item: Leftovers
|turn|46
|
|switch|p1a: Liberachi|Jirachi|219\/404
|move|p2a: Mienshao|Stone Edge|p1a: Liberachi
|-resisted|p1a: Liberachi
|-damage|p1a: Liberachi|161\/404
|
|-heal|p1a: Liberachi|186\/404|[from] item: Leftovers
|turn|47
|
|switch|p2a: Forretress|Forretress, F|166\/354
|move|p1a: Liberachi|Fire Punch|p2a: Forretress
|-supereffective|p2a: Forretress
|-damage|p2a: Forretress|2\/354
|-status|p2a: Forretress|brn
|
|-heal|p1a: Liberachi|211\/404|[from] item: Leftovers
|-heal|p2a: Forretress|24\/354 brn|[from] item: Leftovers
|-damage|p2a: Forretress|0 fnt|[from] brn
|faint|p2a: Forretress
|
|switch|p2a: Mienshao|Mienshao, M|100\/271
|turn|48
|c|âKNDFET|gg
|c|âBro Battington|gg
|
|move|p2a: Mienshao|Knock Off|p1a: Liberachi
|-supereffective|p1a: Liberachi
|-damage|p1a: Liberachi|0 fnt
|-enditem|p1a: Liberachi|Leftovers|[from] move: Knock Off|[of] p2a: Mienshao
|faint|p1a: Liberachi
|
|
|switch|p1a: MalefiSCENT|Aromatisse, F|67\/405
|turn|49
|
|move|p1a: MalefiSCENT|Protect|p1a: MalefiSCENT
|-singleturn|p1a: MalefiSCENT|Protect
|move|p2a: Mienshao|Knock Off|p1a: MalefiSCENT
|-activate|p1a: MalefiSCENT|Protect
|
|-heal|p1a: MalefiSCENT|92\/405|[from] item: Leftovers
|turn|50
|
|move|p2a: Mienshao|Knock Off|p1a: MalefiSCENT
|-resisted|p1a: MalefiSCENT
|-damage|p1a: MalefiSCENT|44\/405
|-enditem|p1a: MalefiSCENT|Leftovers|[from] move: Knock Off|[of] p2a: Mienshao
|move|p1a: MalefiSCENT|Moonblast|p2a: Mienshao
|-supereffective|p2a: Mienshao
|-damage|p2a: Mienshao|0 fnt
|faint|p2a: Mienshao
|
|win|Bro Battington
|raw|Ladder updating...
|raw|Bro Battington's rating: 1581 &rarr; <strong>1606<\/strong><br \/>(+25 for winning)
|raw|KNDFET's rating: 1654 &rarr; <strong>1630<\/strong><br \/>(-24 for losing)
|leave|KNDFET
|player|p2
|leave|LessThanThreeMan