|join|tnbm
|join|Bro Battington
|player|p1|tnbm|92
|player|p2|Bro Battington|#coolstorybrobat
|gametype|singles
|gen|6
|tier|UU
|rule|Sleep Clause Mod: Limit one foe put to sleep
|rule|Species Clause: Limit one of each PokÃ©mon
|rule|OHKO Clause: OHKO moves are banned
|rule|Moody Clause: Moody is banned
|rule|Evasion Moves Clause: Evasion moves are banned
|rule|Endless Battle Clause: Forcing endless battles is banned
|rule|HP Percentage Mod: HP is shown in percentages
|clearpoke
|poke|p1|Empoleon, F
|poke|p1|Blissey, F, shiny
|poke|p1|Gligar, F
|poke|p1|Slowking, F, shiny
|poke|p1|Umbreon, M
|poke|p1|Arcanine, F
|poke|p2|Delphox, M
|poke|p2|Cobalion
|poke|p2|Crobat, M
|poke|p2|Hydreigon, M
|poke|p2|Vaporeon, M
|poke|p2|Hippowdon, M
|rule|Swagger Clause: Swagger is banned
|rule|Baton Pass Clause: Limit one PokÃ©mon knowing Baton Pass
|teampreview
|join|DrReuniclus3
|join|Sixkiller
|join|Pre8==Dtable Pu
|join|poonHunter (D>D)
|join|Noriya
|c| DrReuniclus3|Hi
|join|Fat Lenny
|join|Freelancer Mac
|join|kyla-kylls
|join|poofadoof9679
|c|âtnbm|csb knows me team lel
|join|Greshamer
|c|âBro Battington|The one thing...
|join|For Wattington
|join|Vight Nampire
|c|âBro Battington|Guess I'mma have to just use my head
|join|Super Mario Kek
|
|start
|switch|p1a: Empoleon|Empoleon, F|367\/367
|switch|p2a: Cobalion|Cobalion|324\/324
|turn|1
|join|sir_quags_swag
|c| Brobat's showdown|why?
|
|move|p2a: Cobalion|Close Combat|p1a: Empoleon
|-supereffective|p1a: Empoleon
|-damage|p1a: Empoleon|121\/367
|-unboost|p2a: Cobalion|def|1
|-unboost|p2a: Cobalion|spd|1
|move|p1a: Empoleon|Stealth Rock|p2a: Cobalion
|-sidestart|p2: Bro Battington|move: Stealth Rock
|
|-heal|p1a: Empoleon|143\/367|[from] item: Leftovers
|turn|2
|join|interplanet janett
|
|switch|p1a: Gligar|Gligar, F|334\/334
|move|p2a: Cobalion|Toxic|p1a: Gligar
|-fail|p1a: Gligar
|
|turn|3
|c|âBro Battington|You'll see soon enough
|join|GeathDrips
|
|switch|p2a: Brobat|Crobat, M|343\/343
|-damage|p2a: Brobat|258\/343|[from] Stealth Rock
|move|p1a: Gligar|Toxic|p2a: Brobat
|-fail|p2a: Brobat
|
|-heal|p2a: Brobat|279\/343|[from] item: Black Sludge
|turn|4
|
|switch|p1a: Arcanine|Arcanine, F|384\/384
|-ability|p1a: Arcanine|Intimidate|[of] p2a: Brobat
|-unboost|p2a: Brobat|atk|1
|move|p2a: Brobat|Defog|p1a: Arcanine
|-unboost|p1a: Arcanine|evasion|1
|-sideend|p2: Bro Battington|Stealth Rock|[from] move: Defog|[of] p2a: Brobat
|
|-heal|p2a: Brobat|300\/343|[from] item: Black Sludge
|turn|5
|c| Pre8==Dtable Pu|you gave that empoleon much damage :l
|join|Calloflochie
|
|move|p2a: Brobat|U-turn|p1a: Arcanine
|-resisted|p1a: Arcanine
|-damage|p1a: Arcanine|366\/384
|c| Brobat's showdown|what
|c| Pre8==Dtable Pu|^
|
|switch|p2a: Vaporeon|Vaporeon, M|464\/464
|move|p1a: Arcanine|Will-O-Wisp|p2a: Vaporeon
|-status|p2a: Vaporeon|brn
|
|-heal|p1a: Arcanine|384\/384|[from] item: Leftovers
|-damage|p2a: Vaporeon|406\/464 brn|[from] brn
|turn|6
|c| Brobat's showdown|that gligar doesnt have defog
|c| Brobat's showdown|i mean 
|join|Psymaster
|c| Pre8==Dtable Pu|I like the respect of delphox right now
|c| Brobat's showdown|loool
|c|âBro Battington|The Empol has Defog, which is why
|
|switch|p1a: Blissey|Blissey, F, shiny|652\/652
|move|p2a: Vaporeon|Heal Bell|p2a: Vaporeon
|-cureteam|p2a: Vaporeon|[from] move: HealBell
|
|-heal|p2a: Vaporeon|435\/464|[from] item: Leftovers
|turn|7
|c| Brobat's showdown|oh
|c| Brobat's showdown|kek
|
|switch|p2a: Cobalion|Cobalion|324\/324
|move|p1a: Blissey|Wish|p1a: Blissey
|
|turn|8
|join|newfren
|join|meeowiekins
|c| sir_quags_swag|the stall on tnbm's team is real
|
|switch|p1a: Arcanine|Arcanine, F|384\/384
|-ability|p1a: Arcanine|Intimidate|[of] p2a: Cobalion
|-unboost|p2a: Cobalion|atk|1
|move|p2a: Cobalion|Close Combat|p1a: Arcanine
|-damage|p1a: Arcanine|282\/384
|-unboost|p2a: Cobalion|def|1
|-unboost|p2a: Cobalion|spd|1
|
|-heal|p1a: Arcanine|384\/384|[from] move: Wish|[wisher] Blissey
|turn|9
|c|âBro Battington|Innit?
|join|Colbrushie
|join|pls unlock :(
|c| Pre8==Dtable Pu|he let it take a CC rocks won't be a thing for a long time
|join|EX X X
|join|Treozucic
|
|switch|p1a: Gligar|Gligar, F|334\/334
|move|p2a: Cobalion|Volt Switch|p1a: Gligar
|-immune|p1a: Gligar|[msg]
|
|turn|10
|c| Brobat's showdown|oh
|c| Brobat's showdown|i hate support coba
|
|switch|p2a: Brobat|Crobat, M|300\/343
|switch|p1a: Empoleon|Empoleon, F|143\/367
|
|-heal|p2a: Brobat|321\/343|[from] item: Black Sludge
|-heal|p1a: Empoleon|165\/367|[from] item: Leftovers
|turn|11
|c| Brobat's showdown|d_D
|c| EX X X|smashed
|c| EX X X|imo
|c| Brobat's showdown|ugh
|c|âBro Battington|Not like SubSD was going to destroy this team
|leave|pls unlock :(
|join|DMTriceratops
|join|pls unlock :(
|leave|pls unlock :(
|join|pls unlock :(
|leave|pls unlock :(
|c| Brobat's showdown|LOL
|c| Brobat's showdown|unlock him pls
|
|move|p2a: Brobat|U-turn|p1a: Empoleon
|-resisted|p1a: Empoleon
|-damage|p1a: Empoleon|139\/367
|c| Pre8==Dtable Pu|lol
|join|Naranja LTTM
|join|pls unlock :(
|c|âBro Battington|I can't do that on this account
|c|âBro Battington|And I can't switch during a battle
|c| Pre8==Dtable Pu|who is that?
|c|âBro Battington|I don't know some guy who screwed upp in life
|
|switch|p2a: Hydreigon|Hydreigon, M|325\/325
|move|p1a: Empoleon|Ice Beam|p2a: Hydreigon
|-supereffective|p2a: Hydreigon
|-damage|p2a: Hydreigon|145\/325
|
|-heal|p1a: Empoleon|161\/367|[from] item: Leftovers
|turn|12
|c| DMT more like DMV|leave him locked imo
|join|Ness28
|c| Brobat's showdown|LOL
|leave|pls unlock :(
|c| Pre8==Dtable Pu|deep
|c| DMT more like DMV|also I love this alt
|c| EX X X|nice
|join|pls unlock :(
|c| Pre8==Dtable Pu|and predickted
|c| EX X X|eat that icebeam
|leave|pls unlock :(
|c| EX X X|nb nb
|c| Brobat's showdown|i wonder why is so meanie brobat
|join|pls unlock :(
|
|switch|p1a: Gligar|Gligar, F|334\/334
|move|p2a: Hydreigon|U-turn|p1a: Gligar
|-resisted|p1a: Gligar
|-damage|p1a: Gligar|317\/334
|c| Brobat's showdown|LOOOOOL
|c|âBro Battington|Yo do I have to get a mod in here
|c| EX X X|bbat chokin as usual
|c| kyla-kylls|hmmm i wonder who bro battington is
|c| EX X X|imo
|c| Brobat's showdown|dmt more like dmv
|c| kyla-kylls|lol
|raw|<div class="broadcast-red"><b>Moderated chat was set to +!<\/b><br \/>Only users of rank + and higher can talk.<\/div>
|leave|pls unlock :(
|
|switch|p2a: Vaporeon|Vaporeon, M|435\/464
|
|-heal|p2a: Vaporeon|464\/464|[from] item: Leftovers
|turn|13
|join|pls unlock :(
|join|Jimmy Russel
|c|âtnbm|can i even talk
|leave|pls unlock :(
|c|âtnbm|=o
|join|pls unlock :(
|
|move|p1a: Gligar|Toxic|p2a: Vaporeon
|-status|p2a: Vaporeon|tox
|move|p2a: Vaporeon|Wish|p2a: Vaporeon
|
|-damage|p2a: Vaporeon|435\/464 tox|[from] psn
|turn|14
|leave|pls unlock :(
|join|pls unlock :(
|
|switch|p1a: Blissey|Blissey, F, shiny|652\/652
|switch|p2a: Hydreigon|Hydreigon, M|145\/325
|
|-heal|p2a: Hydreigon|325\/325|[from] move: Wish|[wisher] Vaporeon
|turn|15
|join|Tipsy American
|leave|GeathDrips
|
|switch|p1a: Gligar|Gligar, F|317\/334
|move|p2a: Hydreigon|U-turn|p1a: Gligar
|-resisted|p1a: Gligar
|-damage|p1a: Gligar|300\/334
|
|switch|p2a: Brobat|Crobat, M|321\/343
|
|-heal|p2a: Brobat|342\/343|[from] item: Black Sludge
|turn|16
|
|move|p2a: Brobat|Brave Bird|p1a: Gligar
|-damage|p1a: Gligar|192\/334
|-damage|p2a: Brobat|306\/343|[from] recoil|[of] p1a: Gligar
|move|p1a: Gligar|Aerial Ace|p2a: Brobat
|-damage|p2a: Brobat|233\/343
|
|-heal|p2a: Brobat|254\/343|[from] item: Black Sludge
|turn|17
|join|GeathDrips
|join|DMT
|
|move|p2a: Brobat|U-turn|p1a: Gligar
|-resisted|p1a: Gligar
|-damage|p1a: Gligar|172\/334
|
|switch|p2a: Hydreigon|Hydreigon, M|325\/325
|move|p1a: Gligar|Roost|p1a: Gligar
|-heal|p1a: Gligar|334\/334
|
|turn|18
|
|move|p2a: Hydreigon|U-turn|p1a: Gligar
|-resisted|p1a: Gligar
|-damage|p1a: Gligar|317\/334
|
|switch|p2a: Brobat|Crobat, M|254\/343
|move|p1a: Gligar|Roost|p1a: Gligar
|-heal|p1a: Gligar|334\/334
|
|-heal|p2a: Brobat|275\/343|[from] item: Black Sludge
|turn|19
|
|move|p2a: Brobat|Brave Bird|p1a: Gligar
|-damage|p1a: Gligar|238\/334
|-damage|p2a: Brobat|243\/343|[from] recoil|[of] p1a: Gligar
|move|p1a: Gligar|Aerial Ace|p2a: Brobat
|-damage|p2a: Brobat|171\/343
|
|-heal|p2a: Brobat|192\/343|[from] item: Black Sludge
|turn|20
|
|move|p2a: Brobat|U-turn|p1a: Gligar
|-resisted|p1a: Gligar
|-damage|p1a: Gligar|219\/334
|
|switch|p2a: Vaporeon|Vaporeon, M|435\/464 tox
|move|p1a: Gligar|Earthquake|p2a: Vaporeon
|-damage|p2a: Vaporeon|333\/464 tox
|
|-heal|p2a: Vaporeon|362\/464 tox|[from] item: Leftovers
|-damage|p2a: Vaporeon|333\/464 tox|[from] psn
|turn|21
|
|switch|p1a: Blissey|Blissey, F, shiny|652\/652
|move|p2a: Vaporeon|Heal Bell|p2a: Vaporeon
|-cureteam|p2a: Vaporeon|[from] move: HealBell
|
|-heal|p2a: Vaporeon|362\/464|[from] item: Leftovers
|turn|22
|leave|Psymaster
|leave|pls unlock :(
|join|pls unlock :(
|leave|pls unlock :(
|join|pls unlock :(
|join|Beowulf
|join|Snowflakes
|join|innovamania
|join|Trickster
|c|âtnbm|Snowflakes =O
|c|@Snowflakes|well
|
|switch|p2a: Cobalion|Cobalion|324\/324
|move|p1a: Blissey|Toxic|p2a: Cobalion
|-fail|p2a: Cobalion
|
|turn|23
|c|@Snowflakes|funny finding you here
|leave|EX X X
|c|âtnbm|finals bru
|join|iplaytennislol
|c|@Snowflakes|good stuff
|
|switch|p2a: Delphox|Delphox, M|291\/291
|switch|p1a: Arcanine|Arcanine, F|384\/384
|-ability|p1a: Arcanine|Intimidate|[of] p2a: Delphox
|-unboost|p2a: Delphox|atk|1
|
|turn|24
|leave|Beowulf
|
|switch|p1a: Slowking|Slowking, F, shiny|394\/394
|move|p2a: Delphox|Calm Mind|p2a: Delphox
|-boost|p2a: Delphox|spa|1
|-boost|p2a: Delphox|spd|1
|
|turn|25
|join|Squiggs
|join|Too Many Dreams
|leave|pls unlock :(
|c|@innovamania|vaporeon can't learn growth anymore
|join|sniperaim
|c|@innovamania|;;
|join|pls unlock :(
|c|+DMT|what what
|leave|sir_quags_swag
|leave|pls unlock :(
|join|pls unlock :(
pls unlock :( was banned from room battle-uu-168942559 by Trickster.
|unlink|plsunlock
|leave|pls unlock :(
|
|switch|p2a: Vaporeon|Vaporeon, M|362\/464
|move|p1a: Slowking|Nasty Plot|p1a: Slowking
|-boost|p1a: Slowking|spa|2
|
|-heal|p2a: Vaporeon|391\/464|[from] item: Leftovers
|turn|26
|c|âBro Battington|Thanks
|leave|Trickster
|c|âBro Battington|Wait
|c|âBro Battington|what the
|leave|Snowflakes
|leave|DMT
|leave|Squiggs
|
|move|p2a: Vaporeon|Wish|p2a: Vaporeon
|move|p1a: Slowking|Scald|p2a: Vaporeon
|-heal|p2a: Vaporeon|464\/464|[from] ability: Water Absorb|[of] p1a: Slowking
|
|turn|27
|leave|iplaytennislol
|
|switch|p2a: Hydreigon|Hydreigon, M|325\/325
|move|p1a: Slowking|Psyshock|p2a: Hydreigon
|-immune|p2a: Hydreigon|[msg]
|
|turn|28
|join|Dudeman130498
|c|âtnbm|fs
|
|switch|p1a: Gligar|Gligar, F|219\/334
|move|p2a: Hydreigon|U-turn|p1a: Gligar
|-resisted|p1a: Gligar
|-damage|p1a: Gligar|203\/334
|join|idontplaytennislol
|leave|idontplaytennislol
|c|âBro Battington|@newfren: brobat
|c|âBro Battington|@newfren: pls say
|c|âBro Battington|@newfren: get smashed nerd
|c|âBro Battington|@newfren: to tnbm
|c|@innovamania|rude
|c|@innovamania|brb reporting to mods
|join|EX X X
|join|sir_quags_swag
|
|switch|p2a: Vaporeon|Vaporeon, M|464\/464
|
|turn|29
|leave|sir_quags_swag
|
|move|p1a: Gligar|Roost|p1a: Gligar
|-heal|p1a: Gligar|334\/334
|move|p2a: Vaporeon|Scald|p1a: Gligar
|-supereffective|p1a: Gligar
|-damage|p1a: Gligar|188\/334
|
|turn|30
|join|sir_quags_swag
|join|Squiggs
|
|switch|p1a: Blissey|Blissey, F, shiny|652\/652
|move|p2a: Vaporeon|Wish|p2a: Vaporeon
|
|turn|31
|leave|poonHunter (D>D)
|c|âtnbm|is it possible to do a tie and get a split first place
|leave|Brobat's showdown
|c|âBro Battington|Nope
|
|switch|p2a: Brobat|Crobat, M|192\/343
|move|p1a: Blissey|Seismic Toss|p2a: Brobat
|-damage|p2a: Brobat|92\/343
|
|-heal|p2a: Brobat|324\/343|[from] move: Wish|[wisher] Vaporeon
|-heal|p2a: Brobat|343\/343|[from] item: Black Sludge
|turn|32
|join|dmkek
|c|âBro Battington|You chose to bring stall to a tourney you gotta embrace the pain of everything taking forever
|
|move|p2a: Brobat|U-turn|p1a: Blissey
|-damage|p1a: Blissey|532\/652
|c|âBro Battington|basically it's all your fault
|
|switch|p2a: Cobalion|Cobalion|324\/324
|move|p1a: Blissey|Counter|p2a: Cobalion
|-damage|p2a: Cobalion|84\/324
|
|-heal|p2a: Cobalion|104\/324|[from] item: Leftovers
|-heal|p1a: Blissey|572\/652|[from] item: Leftovers
|turn|33
|join|Psymaster
|leave|dmkek
|leave|sniperaim
|c|âBro Battington|I like how 12% to Blissey translates to almost 75% to a Cobalion
|
|switch|p1a: Gligar|Gligar, F|188\/334
|move|p2a: Cobalion|Close Combat|p1a: Gligar
|-resisted|p1a: Gligar
|-damage|p1a: Gligar|138\/334
|-unboost|p2a: Cobalion|def|1
|-unboost|p2a: Cobalion|spd|1
|
|-heal|p2a: Cobalion|124\/324|[from] item: Leftovers
|turn|34
|join|brobat is mad^
|
|switch|p2a: Vaporeon|Vaporeon, M|464\/464
|move|p1a: Gligar|Toxic|p2a: Vaporeon
|-status|p2a: Vaporeon|tox
|
|-damage|p2a: Vaporeon|435\/464 tox|[from] psn
|turn|35
|c|âBro Battington|Nah I'm not lol
|leave|brobat is mad^
|
|switch|p1a: Slowking|Slowking, F, shiny|394\/394
|move|p2a: Vaporeon|Scald|p1a: Slowking
|-resisted|p1a: Slowking
|-damage|p1a: Slowking|358\/394
|-status|p1a: Slowking|brn
|
|-heal|p2a: Vaporeon|464\/464 tox|[from] item: Leftovers
|-heal|p1a: Slowking|382\/394 brn|[from] item: Leftovers
|-damage|p2a: Vaporeon|406\/464 tox|[from] psn
|-damage|p1a: Slowking|333\/394 brn|[from] brn
|turn|36
|join|okay my bad
|
|switch|p2a: Hydreigon|Hydreigon, M|325\/325
|switch|p1a: Umbreon|Umbreon, M|394\/394
|
|turn|37
|
|move|p1a: Umbreon|Protect|p1a: Umbreon
|-singleturn|p1a: Umbreon|Protect
|move|p2a: Hydreigon|U-turn|p1a: Umbreon
|-activate|p1a: Umbreon|Protect
|
|turn|38
|
|switch|p2a: Delphox|Delphox, M|291\/291
|switch|p1a: Arcanine|Arcanine, F|384\/384
|-ability|p1a: Arcanine|Intimidate|[of] p2a: Delphox
|-unboost|p2a: Delphox|atk|1
|
|turn|39
|
|switch|p1a: Slowking|Slowking, F, shiny|394\/394 brn
|move|p2a: Delphox|Calm Mind|p2a: Delphox
|-boost|p2a: Delphox|spa|1
|-boost|p2a: Delphox|spd|1
|
|-damage|p1a: Slowking|345\/394 brn|[from] brn
|turn|40
|
|move|p2a: Delphox|Grass Knot|p1a: Slowking
|-supereffective|p1a: Slowking
|-damage|p1a: Slowking|116\/394 brn
|-damage|p2a: Delphox|262\/291|[from] item: Life Orb
|move|p1a: Slowking|Nasty Plot|p1a: Slowking
|-boost|p1a: Slowking|spa|2
|
|-heal|p1a: Slowking|140\/394 brn|[from] item: Leftovers
|-damage|p1a: Slowking|91\/394 brn|[from] brn
|turn|41
|c|âBro Battington|Dun dun dun
|
|switch|p1a: Blissey|Blissey, F, shiny|572\/652
|move|p2a: Delphox|Fire Blast|p1a: Blissey
|-damage|p1a: Blissey|342\/652
|-damage|p2a: Delphox|233\/291|[from] item: Life Orb
|
|-heal|p1a: Blissey|382\/652|[from] item: Leftovers
|turn|42
|join|Pope Patrick
|
|move|p2a: Delphox|Psyshock|p1a: Blissey
|-damage|p1a: Blissey|0 fnt
|-damage|p2a: Delphox|204\/291|[from] item: Life Orb
|faint|p1a: Blissey
|
|
|switch|p1a: Umbreon|Umbreon, M|394\/394
|turn|43
|leave|okay my bad
|join|harrison guice
|join|ban cm delphox
|c|âtnbm|^
|c|âBro Battington|@newfren: csb pls ask why he's using blissey and umbreon
|
|switch|p2a: Cobalion|Cobalion|124\/324
|move|p1a: Umbreon|Foul Play|p2a: Cobalion
|-resisted|p2a: Cobalion
|-damage|p2a: Cobalion|75\/324
|-boost|p2a: Cobalion|atk|1|[from] ability: Justified
|
|-heal|p2a: Cobalion|95\/324|[from] item: Leftovers
|turn|44
|c|âtnbm|ffs
|join|poonHunter (D>D)
|
|move|p1a: Umbreon|Protect|p1a: Umbreon
|-singleturn|p1a: Umbreon|Protect
|move|p2a: Cobalion|Close Combat|p1a: Umbreon
|-activate|p1a: Umbreon|Protect
|
|-heal|p2a: Cobalion|115\/324|[from] item: Leftovers
|turn|45
|
|switch|p1a: Arcanine|Arcanine, F|384\/384
|-ability|p1a: Arcanine|Intimidate|[of] p2a: Cobalion
|-unboost|p2a: Cobalion|atk|1
|move|p2a: Cobalion|Toxic|p1a: Arcanine
|-status|p1a: Arcanine|tox
|
|-heal|p2a: Cobalion|135\/324|[from] item: Leftovers
|-damage|p1a: Arcanine|360\/384 tox|[from] psn
|turn|46
|c|âBro Battington|There is no chill
|
|switch|p1a: Umbreon|Umbreon, M|394\/394
|move|p2a: Cobalion|Volt Switch|p1a: Umbreon
|-crit|p1a: Umbreon
|-damage|p1a: Umbreon|354\/394
|
|switch|p2a: Brobat|Crobat, M|343\/343
|
|-heal|p1a: Umbreon|378\/394|[from] item: Leftovers
|turn|47
|leave|what does ffs mean
|join|what does ffs mean
|join|newfrend
|
|move|p2a: Brobat|U-turn|p1a: Umbreon
|-supereffective|p1a: Umbreon
|-damage|p1a: Umbreon|270\/394
|
|switch|p2a: Cobalion|Cobalion|135\/324
|move|p1a: Umbreon|Wish|p1a: Umbreon
|
|-heal|p2a: Cobalion|155\/324|[from] item: Leftovers
|-heal|p1a: Umbreon|294\/394|[from] item: Leftovers
|turn|48
|
|move|p2a: Cobalion|Close Combat|p1a: Umbreon
|-supereffective|p1a: Umbreon
|-damage|p1a: Umbreon|0 fnt
|-unboost|p2a: Cobalion|def|1
|-unboost|p2a: Cobalion|spd|1
|faint|p1a: Umbreon
|
|-heal|p2a: Cobalion|175\/324|[from] item: Leftovers
|leave|Too Many Dreams
|leave|ban cm delphox
|leave|what does ffs mean
|
|switch|p1a: Gligar|Gligar, F|138\/334
|turn|49
|join|will brobat choke?
|join|what does ffs mean
|leave|what does ffs mean
|join|what does ffs mean
|leave|what does ffs mean
|
|switch|p2a: Hydreigon|Hydreigon, M|325\/325
|move|p1a: Gligar|Roost|p1a: Gligar
|-heal|p1a: Gligar|305\/334
|
|turn|50
|join|what does ffs mean
|
|move|p2a: Hydreigon|Dark Pulse|p1a: Gligar
|-damage|p1a: Gligar|212\/334
|move|p1a: Gligar|Toxic|p2a: Hydreigon
|-status|p2a: Hydreigon|tox
|
|-damage|p2a: Hydreigon|305\/325 tox|[from] psn
|turn|51
|leave|for fucks sakes
|join|for fucks sakes
|
|move|p2a: Hydreigon|Dark Pulse|p1a: Gligar
|-damage|p1a: Gligar|127\/334
|move|p1a: Gligar|Toxic|p2a: Hydreigon
|-fail|p2a: Hydreigon|tox
|
|-damage|p2a: Hydreigon|265\/325 tox|[from] psn
|turn|52
|leave|Psymaster
|
|switch|p2a: Vaporeon|Vaporeon, M|406\/464 tox
|move|p1a: Gligar|Roost|p1a: Gligar
|-heal|p1a: Gligar|294\/334
|
|-heal|p2a: Vaporeon|435\/464 tox|[from] item: Leftovers
|-damage|p2a: Vaporeon|406\/464 tox|[from] psn
|turn|53
|leave|ok thanks
|join|ok thanks
|
|move|p1a: Gligar|Toxic|p2a: Vaporeon
|-fail|p2a: Vaporeon|tox
|move|p2a: Vaporeon|Heal Bell|p2a: Vaporeon
|-cureteam|p2a: Vaporeon|[from] move: HealBell
|
|-heal|p2a: Vaporeon|435\/464|[from] item: Leftovers
|turn|54
|c|âtnbm|speed tie?
|leave|will brobat choke?
|c|âBro Battington|Gligar has like base 85
|leave|DrReuniclus3
|c|âBro Battington|Vape is like 65
|
|switch|p1a: Slowking|Slowking, F, shiny|222\/394 brn
|move|p2a: Vaporeon|Scald|p1a: Slowking
|-resisted|p1a: Slowking
|-damage|p1a: Slowking|189\/394 brn
|
|-heal|p2a: Vaporeon|464\/464|[from] item: Leftovers
|-heal|p1a: Slowking|213\/394 brn|[from] item: Leftovers
|-damage|p1a: Slowking|164\/394 brn|[from] brn
|turn|55
|c|âtnbm|might as well say gg
|leave|ok thanks
|c|âtnbm|no wishers
|-message|tnbm forfeited.
|
|win|Bro Battington
|c|âBro Battington|gg
|leave|tnbm
|player|p1
|leave|EX X X
|join|cmdelphoxforwin
|join|brobat's got this
|leave|Bro Battington
|player|p2
|leave|poofadoof9679
|join|zvz
|leave|newfren
|leave|zvz
|leave|cmdelphoxforwin
|leave|newfrend
|leave|Squiggs
|leave|Dudeman130498
|leave|poonHunter (D>D)
|leave|watfor
|leave|kyla-kylls
|leave|Orange LTThreeM
|leave|Living Proof
|leave|Jimmy Russel
|leave|Freelancer Mac
|join|Jimmy Russel
|leave|Jimmy Russel
|leave|Fat Lenny
|join|DrReuniclus3
|leave|DrReuniclus3
|join|watfor
|leave|watfor
|join|DrReuniclus3
|leave|meeowiekins
|join|Dudeman130498
|join|cmdelphoxforwin
|leave|DrReuniclus3