|join|Lord Delibird
|join|Bro Battington
|player|p1|Lord Delibird|102
|player|p2|Bro Battington|#coolstorybrobat
|gametype|singles
|gen|6
|tier|UU
|rated
|rule|Sleep Clause Mod: Limit one foe put to sleep
|rule|Species Clause: Limit one of each Pokemon
|rule|OHKO Clause: OHKO moves are banned
|rule|Moody Clause: Moody is banned
|rule|Evasion Moves Clause: Evasion moves are banned
|rule|Endless Battle Clause: Forcing endless battles is banned.
|rule|HP Percentage Mod: HP is reported as percentages
|clearpoke
|poke|p1|Blissey, F
|poke|p1|Aromatisse, F
|poke|p1|Tentacruel, M
|poke|p1|Aggron, M
|poke|p1|Arcanine, M
|poke|p1|Chesnaught, M
|poke|p2|Feraligatr, M
|poke|p2|Rotom-Mow
|poke|p2|Dugtrio, M
|poke|p2|Forretress, M
|poke|p2|Alomomola, F
|poke|p2|Snorlax, M
|teampreview
|join|Shaymin :D
|chat|Bro Battington|UGH
|chat|Bro Battington|Word man?
|chat|Lord Delibird|?
|chat|Bro Battington|That team
|
|start
|switch|p1a: Chesnaught|Chesnaught, M|380\/380
|switch|p2a: Dig 'Em|Dugtrio, M|212\/212
|turn|1
|chat|Bro Battington|Just looks obnoxious
|chat|Lord Delibird|yeah its really good
|
|switch|p2a: Dem Chores|Rotom-Mow|241\/241
|move|p1a: Chesnaught|Leech Seed|p2a: Dem Chores
|-immune|p2a: Dem Chores|[msg]
|
|turn|2
|
|switch|p1a: Aggron|Aggron, M|344\/344
|move|p2a: Dem Chores|Hidden Power|p1a: Aggron
|-damage|p1a: Aggron|253\/344
|
|turn|3
|
|detailschange|p1a: Aggron|Aggron-Mega, M
|message|Aggron has Mega Evolved into Mega Aggron!
|move|p2a: Dem Chores|Hidden Power|p1a: Aggron
|-supereffective|p1a: Aggron
|-damage|p1a: Aggron|133\/344
|move|p1a: Aggron|Stealth Rock|p2a: Dem Chores
|-sidestart|p2: Bro Battington|move: Stealth Rock
|
|turn|4
|
|switch|p2a: TF2|Forretress, M|354\/354
|-damage|p2a: TF2|310\/354|[from] Stealth Rock
|switch|p1a: Blissey|Blissey, F|652\/652
|
|-heal|p2a: TF2|332\/354|[from] item: Leftovers
|turn|5
|
|move|p1a: Blissey|Wish|p1a: Blissey
|move|p2a: TF2|Rapid Spin|p1a: Blissey
|-damage|p1a: Blissey|623\/652
|-sideend|p2: Bro Battington|Stealth Rock|[from] move: Rapid Spin|[of] p2a: TF2
|
|-heal|p1a: Blissey|652\/652|[from] item: Leftovers
|-heal|p2a: TF2|354\/354|[from] item: Leftovers
|turn|6
|
|switch|p1a: Aggron|Aggron-Mega, M|133\/344
|move|p2a: TF2|Volt Switch|p1a: Aggron
|-damage|p1a: Aggron|101\/344
|
|switch|p2a: Aloe Vera|Alomomola, F|534\/534
|
|-heal|p1a: Aggron|344\/344|[from] move: Wish|[wisher] Blissey
|turn|7
|
|move|p2a: Aloe Vera|Scald|p1a: Aggron
|-damage|p1a: Aggron|298\/344
|move|p1a: Aggron|Stealth Rock|p2a: Aloe Vera
|-sidestart|p2: Bro Battington|move: Stealth Rock
|
|turn|8
|
|move|p2a: Aloe Vera|Scald|p1a: Aggron
|-damage|p1a: Aggron|252\/344
|move|p1a: Aggron|Dragon Tail|p2a: Aloe Vera
|-damage|p2a: Aloe Vera|479\/534
|drag|p2a: TF2|Forretress, M|354\/354
|-damage|p2a: TF2|310\/354|[from] Stealth Rock
|
|-heal|p2a: TF2|332\/354|[from] item: Leftovers
|turn|9
|join|SweetDelight
|chat|Lord Delibird|lol
|
|move|p2a: TF2|Rapid Spin|p1a: Aggron
|-resisted|p1a: Aggron
|-damage|p1a: Aggron|249\/344
|-sideend|p2: Bro Battington|Stealth Rock|[from] move: Rapid Spin|[of] p2a: TF2
|move|p1a: Aggron|Dragon Tail|p2a: TF2
|-resisted|p2a: TF2
|-damage|p2a: TF2|314\/354
|drag|p2a: Dig 'Em|Dugtrio, M|212\/212
|
|turn|10
|
|switch|p2a: Dem Chores|Rotom-Mow|241\/241
|move|p1a: Aggron|Dragon Tail|p2a: Dem Chores
|-damage|p2a: Dem Chores|184\/241
|drag|p2a: Dig 'Em|Dugtrio, M|212\/212
|
|turn|11
|
|switch|p2a: TF2|Forretress, M|314\/354
|move|p1a: Aggron|Dragon Tail|p2a: TF2
|-resisted|p2a: TF2
|-damage|p2a: TF2|295\/354
|drag|p2a: Dig 'Em|Dugtrio, M|212\/212
|
|turn|12
|chat|Lord Delibird|lmao
|
|switch|p2a: TF2|Forretress, M|295\/354
|move|p1a: Aggron|Dragon Tail|p2a: TF2
|-resisted|p2a: TF2
|-damage|p2a: TF2|278\/354
|drag|p2a: Dig 'Em|Dugtrio, M|212\/212
|
|turn|13
|chat|Lord Delibird|it really doesn't want me to swtich
|chat|Lord Delibird|ermagerddddd
|chat|Bro Battington|For God's sake
|
|switch|p2a: TF2|Forretress, M|278\/354
|move|p1a: Aggron|Dragon Tail|p2a: TF2
|-resisted|p2a: TF2
|-damage|p2a: TF2|260\/354
|drag|p2a: Rick Ross|Snorlax, M|461\/461
|
|turn|14
|chat|Lord Delibird|I JUST WANT TO SWITCH OUT
|chat|Lord Delibird|or put rocks back
|
|switch|p2a: Dem Chores|Rotom-Mow|184\/241
|move|p1a: Aggron|Stealth Rock|p2a: Dem Chores
|-sidestart|p2: Bro Battington|move: Stealth Rock
|
|turn|15
|join|Technosis
|join|tim bobson
|chat|tim bobson|lets go lord delibird
|chat|Lord Delibird|lol woo
|chat|tim bobson|I'm your #1 fan
|join|Nysyr
|chat|tim bobson|i hate bro battington
|chat|Lord Delibird|I'm confused
|chat|Lord Delibird|but okay
|chat|tim bobson|you must win
|chat|Lord Delibird|I can only hope
|chat|Lord Delibird|People really don't like stall
|leave|Shaymin :D
|chat|tim bobson|i do
|chat|tim bobson|nt
|chat|Lord Delibird|Maybe that's why the gen2 metagame was so small
|chat|tim bobson|not
|chat|Lord Delibird|its a shame stall is so effective with blissey
|chat|Lord Delibird|"shame"
|chat|tim bobson|who's blissey
|
|switch|p1a: Chesnaught|Chesnaught, M|380\/380
|move|p2a: Dem Chores|Volt Switch|p1a: Chesnaught
|-resisted|p1a: Chesnaught
|-damage|p1a: Chesnaught|311\/380
|chat|Bro Battington|Tim Bobson seek death for hating on a real G
|chat|Bro Battington|Whose connection seems to be his enemy
|chat|Lord Delibird|lol
|chat|tim bobson|bro battington
|
|switch|p2a: TF2|Forretress, M|260\/354
|-damage|p2a: TF2|216\/354|[from] Stealth Rock
|
|-heal|p1a: Chesnaught|334\/380|[from] item: Leftovers
|-heal|p2a: TF2|238\/354|[from] item: Leftovers
|turn|16
|chat|tim bobson|you must lose
|chat|tim bobson|no one likes crobats with hats
|chat|Bro Battington|To be fair he's kinda got the matchup advantage
|chat|tim bobson|and sunglasses
|chat|Bro Battington|But least I don't have two first names with the suffix of a last name on the second one
|
|switch|p1a: Arcanine|Arcanine, M|384\/384
|-ability|p1a: Arcanine|Intimidate|[of] p2a: TF2
|-unboost|p2a: TF2|atk|1
|move|p2a: TF2|Rapid Spin|p1a: Arcanine
|-damage|p1a: Arcanine|376\/384
|-sideend|p2: Bro Battington|Stealth Rock|[from] move: Rapid Spin|[of] p2a: TF2
|
|-heal|p1a: Arcanine|384\/384|[from] item: Leftovers
|-heal|p2a: TF2|260\/354|[from] item: Leftovers
|turn|17
|
|switch|p2a: Aloe Vera|Alomomola, F|534\/534
|move|p1a: Arcanine|Will-O-Wisp|p2a: Aloe Vera
|-status|p2a: Aloe Vera|brn
|
|-damage|p2a: Aloe Vera|468\/534 brn|[from] brn
|turn|18
|chat|tim bobson|:(
|chat|tim bobson|my name is grrrrreat
|
|switch|p1a: Chesnaught|Chesnaught, M|334\/380
|move|p2a: Aloe Vera|Scald|p1a: Chesnaught
|-resisted|p1a: Chesnaught
|-damage|p1a: Chesnaught|312\/380
|
|-heal|p1a: Chesnaught|335\/380|[from] item: Leftovers
|-heal|p2a: Aloe Vera|501\/534 brn|[from] item: Leftovers
|-damage|p2a: Aloe Vera|435\/534 brn|[from] brn
|turn|19
|chat|tim bobson|-Tony the Tiger
|chat|tim bobson|oh no
|chat|tim bobson|its aloe vera
|
|switch|p2a: Dem Chores|Rotom-Mow|184\/241
|move|p1a: Chesnaught|Spikes|p2a: Dem Chores
|-sidestart|p2: Bro Battington|Spikes
|
|-heal|p1a: Chesnaught|358\/380|[from] item: Leftovers
|turn|20
|chat|tim bobson|quick
|chat|tim bobson|drink him
|
|move|p2a: Dem Chores|Volt Switch|p1a: Chesnaught
|-resisted|p1a: Chesnaught
|-damage|p1a: Chesnaught|285\/380
|
|switch|p2a: TF2|Forretress, M|260\/354
|-damage|p2a: TF2|216\/354|[from] Spikes
|move|p1a: Chesnaught|Toxic|p2a: TF2
|-fail|p2a: TF2
|
|-heal|p1a: Chesnaught|308\/380|[from] item: Leftovers
|-heal|p2a: TF2|238\/354|[from] item: Leftovers
|turn|21
|
|move|p1a: Chesnaught|Hammer Arm|p2a: TF2
|-damage|p2a: TF2|163\/354
|-unboost|p1a: Chesnaught|spe|1
|move|p2a: TF2|Stealth Rock|p1a: Chesnaught
|-sidestart|p1: Lord Delibird|move: Stealth Rock
|
|-heal|p1a: Chesnaught|331\/380|[from] item: Leftovers
|-heal|p2a: TF2|185\/354|[from] item: Leftovers
|turn|22
|
|switch|p1a: Tentacruel|Tentacruel, M|364\/364
|-damage|p1a: Tentacruel|319\/364|[from] Stealth Rock
|move|p2a: TF2|Rapid Spin|p1a: Tentacruel
|-damage|p1a: Tentacruel|304\/364
|-sideend|p2: Bro Battington|Spikes|[from] move: Rapid Spin|[of] p2a: TF2
|
|-heal|p1a: Tentacruel|326\/364|[from] item: Leftovers
|-heal|p2a: TF2|207\/354|[from] item: Leftovers
|turn|23
|chat|tim bobson|that spin was quite rapid
|
|move|p1a: Tentacruel|Scald|p2a: TF2
|-damage|p2a: TF2|98\/354
|move|p2a: TF2|Volt Switch|p1a: Tentacruel
|-crit|p1a: Tentacruel
|-supereffective|p1a: Tentacruel
|-damage|p1a: Tentacruel|232\/364
|
|switch|p2a: Dig 'Em|Dugtrio, M|212\/212
|
|-heal|p1a: Tentacruel|254\/364|[from] item: Leftovers
|turn|24
|
|move|p2a: Dig 'Em|Earthquake|p1a: Tentacruel
|-supereffective|p1a: Tentacruel
|-damage|p1a: Tentacruel|12\/364
|move|p1a: Tentacruel|Scald|p2a: Dig 'Em
|-supereffective|p2a: Dig 'Em
|-damage|p2a: Dig 'Em|6\/212
|
|-heal|p1a: Tentacruel|34\/364|[from] item: Leftovers
|turn|25
|chat|tim bobson|watch out for his dug trio,
|chat|tim bobson|it might have v-create
|chat|Bro Battington|Man that was disgustingly disappointing
|chat|tim bobson|courtesy of Victini
|
|move|p2a: Dig 'Em|Earthquake|p1a: Tentacruel
|-supereffective|p1a: Tentacruel
|-damage|p1a: Tentacruel|0 fnt
|faint|p1a: Tentacruel
|
|
|switch|p1a: Chesnaught|Chesnaught, M|331\/380
|-damage|p1a: Chesnaught|308\/380|[from] Stealth Rock
|turn|26
|
|switch|p2a: TF2|Forretress, M|98\/354
|move|p1a: Chesnaught|Leech Seed|p2a: TF2
|-start|p2a: TF2|move: Leech Seed
|
|-heal|p1a: Chesnaught|331\/380|[from] item: Leftovers
|-heal|p2a: TF2|120\/354|[from] item: Leftovers
|-damage|p2a: TF2|76\/354|[from] Leech Seed|[of] p1a: Chesnaught
|-heal|p1a: Chesnaught|375\/380|[silent]
|turn|27
|
|move|p1a: Chesnaught|Hammer Arm|p2a: TF2
|-damage|p2a: TF2|7\/354
|-unboost|p1a: Chesnaught|spe|1
|move|p2a: TF2|Volt Switch|p1a: Chesnaught
|-resisted|p1a: Chesnaught
|-damage|p1a: Chesnaught|360\/380
|
|switch|p2a: Dem Chores|Rotom-Mow|184\/241
|
|-heal|p1a: Chesnaught|380\/380|[from] item: Leftovers
|turn|28
|
|move|p2a: Dem Chores|Hidden Power|p1a: Chesnaught
|-supereffective|p1a: Chesnaught
|-damage|p1a: Chesnaught|210\/380
|move|p1a: Chesnaught|Spikes|p2a: Dem Chores
|-sidestart|p2: Bro Battington|Spikes
|
|-heal|p1a: Chesnaught|233\/380|[from] item: Leftovers
|turn|29
|chat|tim bobson|no
|chat|tim bobson|he will mow you
|
|switch|p1a: Blissey|Blissey, F|652\/652
|-damage|p1a: Blissey|571\/652|[from] Stealth Rock
|move|p2a: Dem Chores|Hidden Power|p1a: Blissey
|-damage|p1a: Blissey|515\/652
|
|-heal|p1a: Blissey|555\/652|[from] item: Leftovers
|turn|30
|chat|tim bobson|bb blissey
|leave|tim bobson
|
|switch|p2a: TF2|Forretress, M|7\/354
|-damage|p2a: TF2|0 fnt|[from] Spikes
|faint|p2a: TF2
|move|p1a: Blissey|Wish|p1a: Blissey
|
|-heal|p1a: Blissey|595\/652|[from] item: Leftovers
|
|switch|p2a: Rick Ross|Snorlax, M|461\/461
|-damage|p2a: Rick Ross|404\/461|[from] Spikes
|turn|31
|
|switch|p1a: Arcanine|Arcanine, M|384\/384
|-damage|p1a: Arcanine|288\/384|[from] Stealth Rock
|-ability|p1a: Arcanine|Intimidate|[of] p2a: Rick Ross
|-unboost|p2a: Rick Ross|atk|1
|move|p2a: Rick Ross|Body Slam|p1a: Arcanine
|-damage|p1a: Arcanine|212\/384
|
|-heal|p1a: Arcanine|384\/384|[from] move: Wish|[wisher] Blissey
|turn|32
|chat|SweetDelight|this battle lasts forever
|chat|Bro Battington|That's the premise of stall
|chat|Bro Battington|And what I hate most about it
|chat|Lord Delibird|yeah. The point of stall isn't to win. It is to not lose
|chat|Technosis|M-Aggron\/Aromatiss\/Blissey core?
|
|switch|p2a: Aloe Vera|Alomomola, F|534\/534 brn
|-damage|p2a: Aloe Vera|468\/534 brn|[from] Spikes
|move|p1a: Arcanine|Will-O-Wisp|p2a: Aloe Vera
|-fail|p2a: Aloe Vera|brn
|
|-heal|p2a: Aloe Vera|501\/534 brn|[from] item: Leftovers
|-damage|p2a: Aloe Vera|435\/534 brn|[from] brn
|turn|33
|chat|Technosis|Does Nidoking even beat that?
|chat|Lord Delibird|nido gets laughed at by blissey
|chat|Bro Battington|No special attacker beats a core with Blissey
|chat|Bro Battington|infernape tears that up though
|chat|Technosis|Forgot about based nape
|chat|Lord Delibird|yeah that's why tentacruel exists
|chat|Bro Battington|Well duh
|chat|Bro Battington|Stall's a 6-mon core
|chat|Lord Delibird|Pretty much.
|chat|Bro Battington|Just saying, you can point out what threatens a bigger chunk of the team if A or B is gone
|
|switch|p1a: Aggron|Aggron-Mega, M|249\/344
|-damage|p1a: Aggron|228\/344|[from] Stealth Rock
|move|p2a: Aloe Vera|Wish|p2a: Aloe Vera
|
|-heal|p2a: Aloe Vera|468\/534 brn|[from] item: Leftovers
|-damage|p2a: Aloe Vera|402\/534 brn|[from] brn
|turn|34
|
|move|p2a: Aloe Vera|Scald|p1a: Aggron
|-damage|p1a: Aggron|188\/344
|-status|p1a: Aggron|brn
|move|p1a: Aggron|Stealth Rock|p2a: Aloe Vera
|-sidestart|p2: Bro Battington|move: Stealth Rock
|
|-heal|p2a: Aloe Vera|534\/534 brn|[from] move: Wish|[wisher] Aloe Vera
|-damage|p2a: Aloe Vera|468\/534 brn|[from] brn
|-damage|p1a: Aggron|145\/344 brn|[from] brn
|turn|35
|
|switch|p1a: Aromatisse|Aromatisse, F|406\/406
|-damage|p1a: Aromatisse|356\/406|[from] Stealth Rock
|move|p2a: Aloe Vera|Wish|p2a: Aloe Vera
|
|-heal|p2a: Aloe Vera|501\/534 brn|[from] item: Leftovers
|-heal|p1a: Aromatisse|381\/406|[from] item: Leftovers
|-damage|p2a: Aloe Vera|435\/534 brn|[from] brn
|turn|36
|chat|Technosis|Nidoking does get Super Power
|
|switch|p2a: Lagiacrus|Feraligatr, M|311\/311
|-damage|p2a: Lagiacrus|273\/311|[from] Spikes
|-damage|p2a: Lagiacrus|235\/311|[from] Stealth Rock
|move|p1a: Aromatisse|Aromatherapy|p1a: Aromatisse
|-cureteam|p1a: Aromatisse|[from] move: Aromatherapy
|
|-heal|p2a: Lagiacrus|311\/311|[from] move: Wish|[wisher] Aloe Vera
|-heal|p1a: Aromatisse|406\/406|[from] item: Leftovers
|turn|37
|chat|Technosis|Maybe it could beat that core?
|
|move|p2a: Lagiacrus|Swords Dance|p2a: Lagiacrus
|-boost|p2a: Lagiacrus|atk|2
|move|p1a: Aromatisse|Wish|p1a: Aromatisse
|
|turn|38
|chat|Lord Delibird|superpower nido is new meta
|
|switch|p1a: Chesnaught|Chesnaught, M|233\/380
|-damage|p1a: Chesnaught|210\/380|[from] Stealth Rock
|move|p2a: Lagiacrus|Swords Dance|p2a: Lagiacrus
|-boost|p2a: Lagiacrus|atk|2
|
|-heal|p1a: Chesnaught|380\/380|[from] move: Wish|[wisher] Aromatisse
|turn|39
|chat|Bro Battington|Man...I'm wishing I had my other set lol
|join|SpeSweeper Gatomon
|
|move|p2a: Lagiacrus|Waterfall|p1a: Chesnaught
|-resisted|p1a: Chesnaught
|-damage|p1a: Chesnaught|172\/380
|-damage|p2a: Lagiacrus|280\/311|[from] item: Life Orb
|move|p1a: Chesnaught|Leech Seed|p2a: Lagiacrus
|-start|p2a: Lagiacrus|move: Leech Seed
|
|-heal|p1a: Chesnaught|195\/380|[from] item: Leftovers
|-damage|p2a: Lagiacrus|242\/311|[from] Leech Seed|[of] p1a: Chesnaught
|-heal|p1a: Chesnaught|233\/380|[silent]
|turn|40
|chat|Technosis|Nido did run MegaHorn to beat the pink core
|join|C'mon Red For NV
|chat|Bro Battington|Oh
|chat|Bro Battington|nevermind that's good nuff
|chat|Technosis|why no ice punch?
|chat|Bro Battington|Cuz
|
|move|p2a: Lagiacrus|Waterfall|p1a: Chesnaught
|-resisted|p1a: Chesnaught
|-damage|p1a: Chesnaught|0 fnt
|-damage|p2a: Lagiacrus|211\/311|[from] item: Life Orb
|faint|p1a: Chesnaught
|
|chat|C'mon Red For NV|Why you leave UU, Brobat?
|chat|Bro Battington|God damn
|chat|Technosis|testing power
|chat|Bro Battington|That was vicious min-max
|
|switch|p1a: Blissey|Blissey, F|595\/652
|-damage|p1a: Blissey|514\/652|[from] Stealth Rock
|turn|41
|chat|Lord Delibird|yeah it was haha
|
|move|p1a: Blissey|Protect|p1a: Blissey
|-singleturn|p1a: Blissey|Protect
|move|p2a: Lagiacrus|Waterfall|p1a: Blissey
|-activate|p1a: Blissey|Protect
|
|-heal|p1a: Blissey|554\/652|[from] item: Leftovers
|-damage|p2a: Lagiacrus|173\/311|[from] Leech Seed|[of] p1a: Blissey
|-heal|p1a: Blissey|592\/652|[silent]
|turn|42
|
|switch|p1a: Aggron|Aggron-Mega, M|145\/344
|-damage|p1a: Aggron|124\/344|[from] Stealth Rock
|move|p2a: Lagiacrus|Waterfall|p1a: Aggron
|-crit|p1a: Aggron
|-damage|p1a: Aggron|0 fnt
|-damage|p2a: Lagiacrus|142\/311|[from] item: Life Orb
|faint|p1a: Aggron
|
|chat|Lord Delibird|I really wish I hadn't tried the wish
|
|switch|p1a: Aromatisse|Aromatisse, F|406\/406
|-damage|p1a: Aromatisse|356\/406|[from] Stealth Rock
|turn|43
|chat|Bro Battington|Don't you dare be "that guy" and go for a double
|chat|Bro Battington|okay phew
|chat|Lord Delibird|not yet at least
|
|move|p1a: Aromatisse|Protect|p1a: Aromatisse
|-singleturn|p1a: Aromatisse|Protect
|move|p2a: Lagiacrus|Waterfall|p1a: Aromatisse
|-activate|p1a: Aromatisse|Protect
|
|-heal|p1a: Aromatisse|381\/406|[from] item: Leftovers
|-damage|p2a: Lagiacrus|104\/311|[from] Leech Seed|[of] p1a: Aromatisse
|-heal|p1a: Aromatisse|406\/406|[silent]
|turn|44
|chat|Bro Battington|Aaargh
|
|move|p1a: Aromatisse|Protect|p1a: Aromatisse
|-fail|p1a: Aromatisse
|move|p2a: Lagiacrus|Waterfall|p1a: Aromatisse
|-damage|p1a: Aromatisse|0 fnt
|-damage|p2a: Lagiacrus|73\/311|[from] item: Life Orb
|faint|p1a: Aromatisse
|
|chat|Lord Delibird|okay
|chat|Lord Delibird|first time didn't work
|chat|Bro Battington|You really tried to be that guy
|join|Oh Don Piaaano
|
|switch|p1a: Blissey|Blissey, F|592\/652
|-damage|p1a: Blissey|511\/652|[from] Stealth Rock
|turn|45
|chat|Lord Delibird|Not much else I can do tbh.
|
|move|p1a: Blissey|Protect|p1a: Blissey
|-singleturn|p1a: Blissey|Protect
|move|p2a: Lagiacrus|Waterfall|p1a: Blissey
|-activate|p1a: Blissey|Protect
|
|-heal|p1a: Blissey|551\/652|[from] item: Leftovers
|-damage|p2a: Lagiacrus|35\/311|[from] Leech Seed|[of] p1a: Blissey
|-heal|p1a: Blissey|589\/652|[silent]
|turn|46
|chat|Lord Delibird|plz
|chat|Lord Delibird|plz
|chat|Bro Battington|This team is taking games it honestly shouldn't
|chat|Lord Delibird|probably won't
|
|move|p1a: Blissey|Protect|p1a: Blissey
|-fail|p1a: Blissey
|move|p2a: Lagiacrus|Waterfall|p1a: Blissey
|-crit|p1a: Blissey
|-damage|p1a: Blissey|0 fnt
|-damage|p2a: Lagiacrus|4\/311|[from] item: Life Orb
|faint|p1a: Blissey
|
|chat|Lord Delibird|fuck me
|chat|Lord Delibird|gg
|
|switch|p1a: Arcanine|Arcanine, M|384\/384
|-damage|p1a: Arcanine|288\/384|[from] Stealth Rock
|-ability|p1a: Arcanine|Intimidate|[of] p2a: Lagiacrus
|-unboost|p2a: Lagiacrus|atk|1
|turn|47
|
|move|p2a: Lagiacrus|Waterfall|p1a: Arcanine
|-supereffective|p1a: Arcanine
|-damage|p1a: Arcanine|0 fnt
|-damage|p2a: Lagiacrus|0 fnt|[from] item: Life Orb
|faint|p1a: Arcanine
|faint|p2a: Lagiacrus
|
|win|Bro Battington
|raw|Ladder updating...
|raw|Lord Delibird's rating: 1540 &rarr; <strong>1512<\/strong><br \/>(-28 for losing)
|raw|Bro Battington's rating: 1383 &rarr; <strong>1411<\/strong><br \/>(+28 for winning)
|chat|Bro Battington|Good game
|chat|Lord Delibird|god damn
|leave|Nysyr
|leave|Technosis
|leave|Lord Delibird
|player|p1
|chat|Bro Battington|The Gatr is mighty