|join|Bro Battington
|join|xera cool
|player|p1|Bro Battington|#coolstorybrobat
|player|p2|xera cool|266
|gametype|singles
|gen|6
|tier|UU
|rated
|rule|Sleep Clause Mod: Limit one foe put to sleep
|rule|Species Clause: Limit one of each PokÃ©mon
|rule|OHKO Clause: OHKO moves are banned
|rule|Moody Clause: Moody is banned
|rule|Evasion Moves Clause: Evasion moves are banned
|rule|Endless Battle Clause: Forcing endless battles is banned
|rule|HP Percentage Mod: HP is shown in percentages
|clearpoke
|poke|p1|Sneasel, M
|poke|p1|Serperior, M
|poke|p1|Aerodactyl, M
|poke|p1|Hippowdon, M
|poke|p1|Slowking, F
|poke|p1|Florges, F
|poke|p2|Blissey, F
|poke|p2|Pidgeot, M
|poke|p2|Chesnaught, M
|poke|p2|Infernape, F
|poke|p2|Slowking, M
|poke|p2|Tentacruel, F
|rule|Swagger Clause: Swagger is banned
|rule|Baton Pass Clause: Limit one PokÃ©mon knowing Baton Pass
|teampreview
|join|Pink Core Is Back
|join|dodmen
|
|start
|switch|p1a: Sneasel|Sneasel, M|251\/251
|switch|p2a: Pidgeot|Pidgeot, M|323\/323
|turn|1
|
|switch|p2a: Chesnaught|Chesnaught, M|380\/380
|move|p1a: Sneasel|Ice Punch|p2a: Chesnaught
|-supereffective|p2a: Chesnaught
|-damage|p2a: Chesnaught|185\/380
|-damage|p1a: Sneasel|226\/251|[from] item: Life Orb
|
|-heal|p2a: Chesnaught|208\/380|[from] item: Leftovers
|turn|2
|
|switch|p1a: Serperior|Serperior, M|291\/291
|switch|p2a: Infernape|Infernape, F|294\/294
|
|turn|3
|
|switch|p1a: Slowking|Slowking, F|393\/393
|move|p2a: Infernape|U-turn|p1a: Slowking
|-supereffective|p1a: Slowking
|-damage|p1a: Slowking|113\/393
|
|switch|p2a: Pidgeot|Pidgeot, M|323\/323
|
|turn|4
|c|+dodmen|holy shit
|
|switch|p1a: Aerodactyl|Aerodactyl, M|311\/311
|-ability|p1a: Aerodactyl|Pressure
|detailschange|p2a: Pidgeot|Pidgeot-Mega, M
|-mega|p2a: Pidgeot|Pidgeot|Pidgeotite
|move|p2a: Pidgeot|U-turn|p1a: Aerodactyl
|-resisted|p1a: Aerodactyl
|-damage|p1a: Aerodactyl|281\/311
|
|switch|p2a: Slowking|Slowking, M|331\/331
|
|turn|5
|
|switch|p1a: Serperior|Serperior, M|291\/291
|move|p2a: Slowking|Scald|p1a: Serperior
|-resisted|p1a: Serperior
|-damage|p1a: Serperior|181\/291
|-status|p1a: Serperior|brn
|
|-damage|p1a: Serperior|145\/291 brn|[from] brn
|turn|6
|
|switch|p1a: Sneasel|Sneasel, M|226\/251
|switch|p2a: Pidgeot|Pidgeot-Mega, M|323\/323
|
|turn|7
|join|Zenza
|
|switch|p2a: Infernape|Infernape, F|294\/294
|switch|p1a: Hippowdon|Hippowdon, M|420\/420
|
|turn|8
|
|move|p2a: Infernape|U-turn|p1a: Hippowdon
|-damage|p1a: Hippowdon|357\/420
|
|switch|p2a: Chesnaught|Chesnaught, M|208\/380
|move|p1a: Hippowdon|Stealth Rock|p2a: Chesnaught
|-sidestart|p2: xera cool|move: Stealth Rock
|
|-heal|p2a: Chesnaught|231\/380|[from] item: Leftovers
|-heal|p1a: Hippowdon|383\/420|[from] item: Leftovers
|turn|9
|
|move|p2a: Chesnaught|Leech Seed|p1a: Hippowdon
|-start|p1a: Hippowdon|move: Leech Seed
|move|p1a: Hippowdon|Toxic|p2a: Chesnaught
|-status|p2a: Chesnaught|tox
|
|-heal|p2a: Chesnaught|254\/380 tox|[from] item: Leftovers
|-heal|p1a: Hippowdon|409\/420|[from] item: Leftovers
|-damage|p1a: Hippowdon|357\/420|[from] Leech Seed|[of] p2a: Chesnaught
|-heal|p2a: Chesnaught|306\/380 tox|[silent]
|-damage|p2a: Chesnaught|283\/380 tox|[from] psn
|turn|10
|
|switch|p1a: Aerodactyl|Aerodactyl, M|281\/311
|-ability|p1a: Aerodactyl|Pressure
|move|p2a: Chesnaught|Spikes|p1a: Aerodactyl
|-sidestart|p1: Bro Battington|Spikes
|
|-heal|p2a: Chesnaught|306\/380 tox|[from] item: Leftovers
|-damage|p2a: Chesnaught|260\/380 tox|[from] psn
|turn|11
|join|Tipsy Russian
|leave|Zenza
|
|switch|p2a: Slowking|Slowking, M|331\/331
|-damage|p2a: Slowking|290\/331|[from] Stealth Rock
|detailschange|p1a: Aerodactyl|Aerodactyl-Mega, M
|-mega|p1a: Aerodactyl|Aerodactyl|Aerodactylite
|move|p1a: Aerodactyl|Aerial Ace|p2a: Slowking
|-damage|p2a: Slowking|149\/331
|
|turn|12
|
|move|p1a: Aerodactyl|Stone Edge|p2a: Slowking
|-damage|p2a: Slowking|0 fnt
|faint|p2a: Slowking
|
|
|switch|p2a: Tentacruel|Tentacruel, F|360\/360
|-damage|p2a: Tentacruel|315\/360|[from] Stealth Rock
|turn|13
|
|move|p1a: Aerodactyl|Stone Edge|p2a: Tentacruel|[miss]
|-miss|p1a: Aerodactyl|p2a: Tentacruel
|move|p2a: Tentacruel|Toxic Spikes|p1a: Aerodactyl
|-sidestart|p1: Bro Battington|move: Toxic Spikes
|
|-heal|p2a: Tentacruel|337\/360|[from] item: Black Sludge
|turn|14
|
|move|p1a: Aerodactyl|Defog|p2a: Tentacruel
|-unboost|p2a: Tentacruel|evasion|1
|-sideend|p2: xera cool|Stealth Rock|[from] move: Defog|[of] p2a: Tentacruel
|-sideend|p1: Bro Battington|Spikes|[from] move: Defog|[of] p1a: Aerodactyl
|-sideend|p1: Bro Battington|Toxic Spikes|[from] move: Defog|[of] p1a: Aerodactyl
|move|p2a: Tentacruel|Scald|p1a: Aerodactyl
|-supereffective|p1a: Aerodactyl
|-damage|p1a: Aerodactyl|105\/311
|
|-heal|p2a: Tentacruel|359\/360|[from] item: Black Sludge
|turn|15
|
|switch|p1a: Slowking|Slowking, F|244\/393
|move|p2a: Tentacruel|Scald|p1a: Slowking
|-resisted|p1a: Slowking
|-damage|p1a: Slowking|219\/393
|
|-heal|p2a: Tentacruel|360\/360|[from] item: Black Sludge
|turn|16
|
|move|p2a: Tentacruel|Protect|p2a: Tentacruel
|-singleturn|p2a: Tentacruel|Protect
|move|p1a: Slowking|Psyshock|p2a: Tentacruel
|-activate|p2a: Tentacruel|Protect
|
|turn|17
|
|switch|p2a: Blissey|Blissey, F|714\/714
|move|p1a: Slowking|Psyshock|p2a: Blissey
|-damage|p2a: Blissey|482\/714
|
|-heal|p2a: Blissey|526\/714|[from] item: Leftovers
|turn|18
|
|switch|p1a: Sneasel|Sneasel, M|226\/251
|move|p2a: Blissey|Stealth Rock|p1a: Sneasel
|-sidestart|p1: Bro Battington|move: Stealth Rock
|
|-heal|p2a: Blissey|570\/714|[from] item: Leftovers
|turn|19
|
|switch|p2a: Infernape|Infernape, F|294\/294
|move|p1a: Sneasel|Swords Dance|p1a: Sneasel
|-boost|p1a: Sneasel|atk|2
|
|turn|20
|
|switch|p1a: Serperior|Serperior, M|145\/291 brn
|-damage|p1a: Serperior|109\/291 brn|[from] Stealth Rock
|move|p2a: Infernape|Mach Punch|p1a: Serperior
|-damage|p1a: Serperior|0 fnt
|faint|p1a: Serperior
|
|c| Tipsy Russian|oh
|
|switch|p1a: Hippowdon|Hippowdon, M|357\/420
|-damage|p1a: Hippowdon|331\/420|[from] Stealth Rock
|turn|21
|
|switch|p2a: Pidgeot|Pidgeot-Mega, M|323\/323
|move|p1a: Hippowdon|Stealth Rock|p2a: Pidgeot
|-sidestart|p2: xera cool|move: Stealth Rock
|
|-heal|p1a: Hippowdon|357\/420|[from] item: Leftovers
|turn|22
|
|switch|p1a: Slowking|Slowking, F|350\/393
|-damage|p1a: Slowking|301\/393|[from] Stealth Rock
|move|p2a: Pidgeot|Hurricane|p1a: Slowking
|-damage|p1a: Slowking|180\/393
|-start|p1a: Slowking|confusion
|
|turn|23
|
|move|p2a: Pidgeot|Hurricane|p1a: Slowking
|-damage|p1a: Slowking|47\/393
|-activate|p1a: Slowking|confusion
|-damage|p1a: Slowking|24\/393|[from] confusion
|
|turn|24
|
|switch|p1a: Florges|Florges, F|360\/360
|-damage|p1a: Florges|315\/360|[from] Stealth Rock
|move|p2a: Pidgeot|U-turn|p1a: Florges
|-resisted|p1a: Florges
|-damage|p1a: Florges|294\/360
|
|switch|p2a: Tentacruel|Tentacruel, F|360\/360
|-damage|p2a: Tentacruel|315\/360|[from] Stealth Rock
|
|-heal|p2a: Tentacruel|337\/360|[from] item: Black Sludge
|-heal|p1a: Florges|316\/360|[from] item: Leftovers
|turn|25
|
|switch|p1a: Hippowdon|Hippowdon, M|357\/420
|-damage|p1a: Hippowdon|331\/420|[from] Stealth Rock
|move|p2a: Tentacruel|Toxic Spikes|p1a: Hippowdon
|-sidestart|p1: Bro Battington|move: Toxic Spikes
|
|-heal|p2a: Tentacruel|359\/360|[from] item: Black Sludge
|-heal|p1a: Hippowdon|357\/420|[from] item: Leftovers
|turn|26
|
|move|p2a: Tentacruel|Toxic Spikes|p1a: Hippowdon
|-sidestart|p1: Bro Battington|move: Toxic Spikes
|move|p1a: Hippowdon|Earthquake|p2a: Tentacruel
|-supereffective|p2a: Tentacruel
|-damage|p2a: Tentacruel|95\/360
|
|-heal|p2a: Tentacruel|117\/360|[from] item: Black Sludge
|-heal|p1a: Hippowdon|383\/420|[from] item: Leftovers
|turn|27
|
|switch|p2a: Chesnaught|Chesnaught, M|260\/380 tox
|-damage|p2a: Chesnaught|237\/380 tox|[from] Stealth Rock
|move|p1a: Hippowdon|Toxic|p2a: Chesnaught
|-fail|p2a: Chesnaught|tox
|
|-heal|p2a: Chesnaught|260\/380 tox|[from] item: Leftovers
|-heal|p1a: Hippowdon|409\/420|[from] item: Leftovers
|-damage|p2a: Chesnaught|237\/380 tox|[from] psn
|turn|28
|
|switch|p1a: Slowking|Slowking, F|155\/393
|-status|p1a: Slowking|tox
|-damage|p1a: Slowking|106\/393 tox|[from] Stealth Rock
|move|p2a: Chesnaught|Leech Seed|p1a: Slowking
|-start|p1a: Slowking|move: Leech Seed
|
|-heal|p2a: Chesnaught|260\/380 tox|[from] item: Leftovers
|-damage|p1a: Slowking|57\/393 tox|[from] Leech Seed|[of] p2a: Chesnaught
|-heal|p2a: Chesnaught|309\/380 tox|[silent]
|-damage|p2a: Chesnaught|263\/380 tox|[from] psn
|-damage|p1a: Slowking|33\/393 tox|[from] psn
|turn|29
|
|move|p2a: Chesnaught|Drain Punch|p1a: Slowking
|-resisted|p1a: Slowking
|-damage|p1a: Slowking|0 fnt
|-heal|p2a: Chesnaught|280\/380 tox|[from] drain|[of] p1a: Slowking
|faint|p1a: Slowking
|
|-heal|p2a: Chesnaught|303\/380 tox|[from] item: Leftovers
|-damage|p2a: Chesnaught|234\/380 tox|[from] psn
|
|switch|p1a: Aerodactyl|Aerodactyl-Mega, M|105\/311
|-damage|p1a: Aerodactyl|28\/311|[from] Stealth Rock
|turn|30
|
|move|p1a: Aerodactyl|Defog|p2a: Chesnaught
|-unboost|p2a: Chesnaught|evasion|1
|-sideend|p2: xera cool|Stealth Rock|[from] move: Defog|[of] p2a: Chesnaught
|-sideend|p1: Bro Battington|Toxic Spikes|[from] move: Defog|[of] p1a: Aerodactyl
|-sideend|p1: Bro Battington|Stealth Rock|[from] move: Defog|[of] p1a: Aerodactyl
|move|p2a: Chesnaught|Drain Punch|p1a: Aerodactyl
|-damage|p1a: Aerodactyl|0 fnt
|-heal|p2a: Chesnaught|248\/380 tox|[from] drain|[of] p1a: Aerodactyl
|faint|p1a: Aerodactyl
|
|-heal|p2a: Chesnaught|271\/380 tox|[from] item: Leftovers
|-damage|p2a: Chesnaught|179\/380 tox|[from] psn
|c|âxera cool|you missplayed
|
|switch|p1a: Florges|Florges, F|316\/360
|turn|31
|
|switch|p2a: Blissey|Blissey, F|570\/714
|move|p1a: Florges|Moonblast|p2a: Blissey
|-damage|p2a: Blissey|474\/714
|
|-heal|p1a: Florges|338\/360|[from] item: Leftovers
|-heal|p2a: Blissey|518\/714|[from] item: Leftovers
|turn|32
|c|âBro Battington|I mean you could have had Spiky Shield, that wasn't entirely a misplay
|
|move|p1a: Florges|Calm Mind|p1a: Florges
|-boost|p1a: Florges|spa|1
|-boost|p1a: Florges|spd|1
|move|p2a: Blissey|Stealth Rock|p1a: Florges
|-sidestart|p1: Bro Battington|move: Stealth Rock
|
|-heal|p1a: Florges|360\/360|[from] item: Leftovers
|-heal|p2a: Blissey|562\/714|[from] item: Leftovers
|turn|33
|join|hilarious
|
|switch|p2a: Tentacruel|Tentacruel, F|117\/360
|move|p1a: Florges|Calm Mind|p1a: Florges
|-boost|p1a: Florges|spa|1
|-boost|p1a: Florges|spd|1
|
|-heal|p2a: Tentacruel|139\/360|[from] item: Black Sludge
|turn|34
|c| hilarious|is sneasel going to make a come back
|c| hilarious|or this
|c|âBro Battington|prolly not
|
|move|p2a: Tentacruel|Toxic Spikes|p1a: Florges
|-sidestart|p1: Bro Battington|move: Toxic Spikes
|move|p1a: Florges|Moonblast|p2a: Tentacruel
|-resisted|p2a: Tentacruel
|-damage|p2a: Tentacruel|36\/360
|
|-heal|p2a: Tentacruel|58\/360|[from] item: Black Sludge
|turn|35
|c| hilarious|he has acid spray
|
|move|p2a: Tentacruel|Scald|p1a: Florges
|-damage|p1a: Florges|335\/360
|move|p1a: Florges|Moonblast|p2a: Tentacruel
|-resisted|p2a: Tentacruel
|-damage|p2a: Tentacruel|0 fnt
|faint|p2a: Tentacruel
|
|-heal|p1a: Florges|357\/360|[from] item: Leftovers
|
|switch|p2a: Infernape|Infernape, F|294\/294
|turn|36
|c| hilarious|gunk shot
|c| hilarious|is a threat
|
|move|p2a: Infernape|Flare Blitz|p1a: Florges
|-damage|p1a: Florges|98\/360
|-damage|p2a: Infernape|209\/294|[from] recoil|[of] p1a: Florges
|move|p1a: Florges|Moonblast|p2a: Infernape
|-damage|p2a: Infernape|0 fnt
|faint|p2a: Infernape
|
|-heal|p1a: Florges|120\/360|[from] item: Leftovers
|c| hilarious|or that
|c| Tipsy Russian|would cm florges be better with psyshock
|
|switch|p2a: Pidgeot|Pidgeot-Mega, M|323\/323
|turn|37
|c|âBro Battington|No doubt
|c|âxera cool|confuse is real
|
|move|p2a: Pidgeot|Hurricane|p1a: Florges
|-damage|p1a: Florges|57\/360
|move|p1a: Florges|Synthesis|p1a: Florges
|-heal|p1a: Florges|237\/360
|
|-heal|p1a: Florges|259\/360|[from] item: Leftovers
|turn|38
|c| hilarious|hurricane confusion full confuse
|join|Meowiekins
|
|move|p2a: Pidgeot|Hurricane|p1a: Florges
|-damage|p1a: Florges|190\/360
|move|p1a: Florges|Moonblast|p2a: Pidgeot
|-damage|p2a: Pidgeot|34\/323
|-unboost|p2a: Pidgeot|spa|1
|
|-heal|p1a: Florges|212\/360|[from] item: Leftovers
|turn|39
|leave|Tipsy Russian
|
|move|p2a: Pidgeot|Hurricane|p1a: Florges
|-damage|p1a: Florges|169\/360
|move|p1a: Florges|Calm Mind|p1a: Florges
|-boost|p1a: Florges|spa|1
|-boost|p1a: Florges|spd|1
|
|-heal|p1a: Florges|191\/360|[from] item: Leftovers
|turn|40
|
|move|p2a: Pidgeot|Hurricane|p1a: Florges
|-damage|p1a: Florges|154\/360
|move|p1a: Florges|Calm Mind|p1a: Florges
|-boost|p1a: Florges|spa|1
|-boost|p1a: Florges|spd|1
|
|-heal|p1a: Florges|176\/360|[from] item: Leftovers
|turn|41
|c| Meowiekins|can +6 florges kill bliss?
|c|âBro Battington|Depends on his spread
|c|âBro Battington|I wasn't so lucky against pif
|
|move|p2a: Pidgeot|Hurricane|p1a: Florges
|-damage|p1a: Florges|148\/360
|-start|p1a: Florges|confusion
|-activate|p1a: Florges|confusion
|move|p1a: Florges|Synthesis|p1a: Florges
|-heal|p1a: Florges|328\/360
|
|-heal|p1a: Florges|350\/360|[from] item: Leftovers
|turn|42
|c|âBro Battington|But this might be different
|c| hilarious|why are you letting hurricane crit you
|
|switch|p2a: Chesnaught|Chesnaught, M|179\/380 tox
|-end|p1a: Florges|confusion
|move|p1a: Florges|Calm Mind|p1a: Florges
|-boost|p1a: Florges|spa|1
|-boost|p1a: Florges|spd|1
|
|-heal|p1a: Florges|360\/360|[from] item: Leftovers
|-heal|p2a: Chesnaught|202\/380 tox|[from] item: Leftovers
|-damage|p2a: Chesnaught|179\/380 tox|[from] psn
|turn|43
|
|move|p1a: Florges|Moonblast|p2a: Chesnaught
|-supereffective|p2a: Chesnaught
|-damage|p2a: Chesnaught|0 fnt
|faint|p2a: Chesnaught
|
|c|+dodmen|pif was spdef though
|
|switch|p2a: Blissey|Blissey, F|562\/714
|turn|44
|c|âBro Battington|yeah
|c|+dodmen|p sure it's over
|
|move|p1a: Florges|Moonblast|p2a: Blissey
|-damage|p2a: Blissey|244\/714
|-unboost|p2a: Blissey|spa|1
|move|p2a: Blissey|Seismic Toss|p1a: Florges
|-damage|p1a: Florges|260\/360
|
|-heal|p1a: Florges|282\/360|[from] item: Leftovers
|-heal|p2a: Blissey|288\/714|[from] item: Leftovers
|turn|45
|c| hilarious|max spdef max hp blissey
|c| hilarious|and av
|c|+dodmen|lol
|
|move|p1a: Florges|Moonblast|p2a: Blissey
|-damage|p2a: Blissey|0 fnt
|faint|p2a: Blissey
|
|-heal|p1a: Florges|304\/360|[from] item: Leftovers
|-message|xera cool forfeited.
|leave|xera cool
|
|win|Bro Battington
|raw|Ladder updating...
|leave|hilarious
|raw|Bro Battington's rating: 1509 &rarr; <strong>1524<\/strong><br \/>(+15 for winning)
|raw|xera cool's rating: 1428 &rarr; <strong>1413<\/strong><br \/>(-15 for losing)
|player|p2
|c|âBro Battington|I ain't think I would have pulled that one through...That's the first time CM Florges showed up for me
|leave|Meowiekins