|join|Taylor Swift Me
|join|Bro Battington
|player|p1|Taylor Swift Me|37
|player|p2|Bro Battington|#coolstorybrobat
|gametype|singles
|gen|6
|tier|UU
|rated
|rule|Sleep Clause Mod: Limit one foe put to sleep
|rule|Species Clause: Limit one of each PokÃ©mon
|rule|OHKO Clause: OHKO moves are banned
|rule|Moody Clause: Moody is banned
|rule|Evasion Moves Clause: Evasion moves are banned
|rule|Endless Battle Clause: Forcing endless battles is banned
|rule|HP Percentage Mod: HP is shown in percentages
|clearpoke
|poke|p1|Ludicolo, M
|poke|p1|Swampert, F
|poke|p1|Tornadus, M
|poke|p1|Toxicroak, M
|poke|p1|Jirachi
|poke|p1|Forretress, M
|poke|p2|Emboar, M
|poke|p2|Jirachi
|poke|p2|Serperior, M
|poke|p2|Blastoise, M
|poke|p2|Hippowdon, M
|poke|p2|Umbreon, F
|rule|Swagger Clause: Swagger is banned
|rule|Baton Pass Clause: Limit one PokÃ©mon knowing Baton Pass
|teampreview
|
|start
|switch|p1a: Tornadus|Tornadus, M|309\/309
|switch|p2a: Blastoise|Blastoise, M|313\/313
|turn|1
|
|switch|p1a: Toxicroak|Toxicroak, M|370\/370
|detailschange|p2a: Blastoise|Blastoise-Mega, M
|-mega|p2a: Blastoise|Blastoise|Blastoisinite
|move|p2a: Blastoise|Scald|p1a: Toxicroak
|-immune|p1a: Toxicroak|[msg]
|
|turn|2
|
|move|p2a: Blastoise|Ice Beam|p1a: Toxicroak
|-damage|p1a: Toxicroak|212\/370
|move|p1a: Toxicroak|Substitute|p1a: Toxicroak
|-start|p1a: Toxicroak|Substitute
|-damage|p1a: Toxicroak|120\/370
|
|-heal|p1a: Toxicroak|143\/370|[from] item: Leftovers
|turn|3
|
|move|p2a: Blastoise|Ice Beam|p1a: Toxicroak
|-end|p1a: Toxicroak|Substitute
|move|p1a: Toxicroak|Drain Punch|p2a: Blastoise
|-damage|p2a: Blastoise|201\/313
|-heal|p1a: Toxicroak|199\/370|[from] drain|[of] p2a: Blastoise
|
|-heal|p1a: Toxicroak|222\/370|[from] item: Leftovers
|turn|4
|
|switch|p1a: Jirachi|Jirachi|404\/404
|move|p2a: Blastoise|Ice Beam|p1a: Jirachi
|-resisted|p1a: Jirachi
|-damage|p1a: Jirachi|358\/404
|
|-heal|p1a: Jirachi|383\/404|[from] item: Leftovers
|turn|5
|
|move|p2a: Blastoise|Dark Pulse|p1a: Jirachi
|-supereffective|p1a: Jirachi
|-damage|p1a: Jirachi|163\/404
|cant|p1a: Jirachi|flinch
|
|-heal|p1a: Jirachi|188\/404|[from] item: Leftovers
|turn|6
|
|switch|p1a: Tornadus|Tornadus, M|309\/309
|move|p2a: Blastoise|Dark Pulse|p1a: Tornadus
|-damage|p1a: Tornadus|114\/309
|
|turn|7
|
|move|p1a: Tornadus|Rain Dance|p1a: Tornadus
|-weather|RainDance
|move|p2a: Blastoise|Scald|p1a: Tornadus
|-damage|p1a: Tornadus|0 fnt
|faint|p1a: Tornadus
|
|-weather|RainDance|[upkeep]
|
|switch|p1a: Ludicolo|Ludicolo, M|309\/309
|turn|8
|
|switch|p2a: Umbreon|Umbreon, F|394\/394
|move|p1a: Ludicolo|Giga Drain|p2a: Umbreon
|-damage|p2a: Umbreon|334\/394
|
|-weather|RainDance|[upkeep]
|-heal|p2a: Umbreon|358\/394|[from] item: Leftovers
|turn|9
|
|switch|p1a: Swampert|Swampert, F|366\/366
|move|p2a: Umbreon|Protect|p2a: Umbreon
|-fail|p2a: Umbreon
|
|-weather|RainDance|[upkeep]
|-heal|p2a: Umbreon|382\/394|[from] item: Leftovers
|turn|10
|
|detailschange|p1a: Swampert|Swampert-Mega, F
|-mega|p1a: Swampert|Swampert|Swampertite
|move|p2a: Umbreon|Protect|p2a: Umbreon
|-singleturn|p2a: Umbreon|Protect
|move|p1a: Swampert|Waterfall|p2a: Umbreon
|-activate|p2a: Umbreon|Protect
|
|-weather|RainDance|[upkeep]
|-heal|p2a: Umbreon|394\/394|[from] item: Leftovers
|turn|11
|
|move|p1a: Swampert|Waterfall|p2a: Umbreon
|-damage|p2a: Umbreon|141\/394
|move|p2a: Umbreon|Wish|p2a: Umbreon
|
|-weather|RainDance|[upkeep]
|-heal|p2a: Umbreon|165\/394|[from] item: Leftovers
|turn|12
|
|move|p2a: Umbreon|Protect|p2a: Umbreon
|-singleturn|p2a: Umbreon|Protect
|move|p1a: Swampert|Waterfall|p2a: Umbreon
|-activate|p2a: Umbreon|Protect
|
|-weather|RainDance|[upkeep]
|-heal|p2a: Umbreon|362\/394|[from] move: Wish|[wisher] Umbreon
|-heal|p2a: Umbreon|386\/394|[from] item: Leftovers
|turn|13
|
|move|p1a: Swampert|Waterfall|p2a: Umbreon
|-damage|p2a: Umbreon|166\/394
|move|p2a: Umbreon|Wish|p2a: Umbreon
|
|-weather|RainDance|[upkeep]
|-heal|p2a: Umbreon|190\/394|[from] item: Leftovers
|turn|14
|
|move|p2a: Umbreon|Protect|p2a: Umbreon
|-singleturn|p2a: Umbreon|Protect
|move|p1a: Swampert|Waterfall|p2a: Umbreon
|-activate|p2a: Umbreon|Protect
|
|-weather|none
|-heal|p2a: Umbreon|387\/394|[from] move: Wish|[wisher] Umbreon
|-heal|p2a: Umbreon|394\/394|[from] item: Leftovers
|turn|15
|
|move|p1a: Swampert|Rain Dance|p1a: Swampert
|-weather|RainDance
|move|p2a: Umbreon|Foul Play|p1a: Swampert
|-damage|p1a: Swampert|189\/366
|
|-weather|RainDance|[upkeep]
|turn|16
|
|move|p2a: Umbreon|Protect|p2a: Umbreon
|-singleturn|p2a: Umbreon|Protect
|move|p1a: Swampert|Waterfall|p2a: Umbreon
|-activate|p2a: Umbreon|Protect
|
|-weather|RainDance|[upkeep]
|turn|17
|
|move|p1a: Swampert|Waterfall|p2a: Umbreon
|-damage|p2a: Umbreon|154\/394
|move|p2a: Umbreon|Wish|p2a: Umbreon
|
|-weather|RainDance|[upkeep]
|-heal|p2a: Umbreon|178\/394|[from] item: Leftovers
|turn|18
|
|move|p2a: Umbreon|Protect|p2a: Umbreon
|-singleturn|p2a: Umbreon|Protect
|move|p1a: Swampert|Waterfall|p2a: Umbreon
|-activate|p2a: Umbreon|Protect
|
|-weather|RainDance|[upkeep]
|-heal|p2a: Umbreon|375\/394|[from] move: Wish|[wisher] Umbreon
|-heal|p2a: Umbreon|394\/394|[from] item: Leftovers
|turn|19
|
|move|p1a: Swampert|Waterfall|p2a: Umbreon
|-damage|p2a: Umbreon|145\/394
|move|p2a: Umbreon|Wish|p2a: Umbreon
|
|-weather|none
|-heal|p2a: Umbreon|169\/394|[from] item: Leftovers
|turn|20
|
|move|p1a: Swampert|Rain Dance|p1a: Swampert
|-weather|RainDance
|move|p2a: Umbreon|Foul Play|p1a: Swampert
|-damage|p1a: Swampert|0 fnt
|faint|p1a: Swampert
|
|-weather|RainDance|[upkeep]
|-heal|p2a: Umbreon|366\/394|[from] move: Wish|[wisher] Umbreon
|-heal|p2a: Umbreon|390\/394|[from] item: Leftovers
|c|âTaylor Swift Me|should have calced it i guess
|c|âTaylor Swift Me|one flich and it was over
|c|âBro Battington|True but it's not like it would have OHKOed Serp
|join|ahyueah
|c|âBro Battington|All I had to do was last out the rain
|c|âTaylor Swift Me|ya ice punch
|c|âBro Battington|Ice Punch doesn't OHKO lol
|c|âTaylor Swift Me|with healing wish
|
|switch|p1a: Forretress|Forretress, M|354\/354
|turn|21
|
|switch|p2a: Blastoise|Blastoise-Mega, M|201\/313
|move|p1a: Forretress|Spikes|p2a: Blastoise
|-sidestart|p2: Bro Battington|Spikes
|
|-weather|RainDance|[upkeep]
|turn|22
|
|switch|p1a: Ludicolo|Ludicolo, M|309\/309
|move|p2a: Blastoise|Ice Beam|p1a: Ludicolo
|-damage|p1a: Ludicolo|194\/309
|
|-weather|RainDance|[upkeep]
|turn|23
|
|switch|p1a: Forretress|Forretress, M|354\/354
|switch|p2a: Jirachi|Jirachi|404\/404
|-damage|p2a: Jirachi|354\/404|[from] Spikes
|
|-weather|RainDance|[upkeep]
|-heal|p2a: Jirachi|379\/404|[from] item: Leftovers
|turn|24
|
|move|p2a: Jirachi|Substitute|p2a: Jirachi
|-start|p2a: Jirachi|Substitute
|-damage|p2a: Jirachi|278\/404
|move|p1a: Forretress|Toxic Spikes|p2a: Jirachi
|-sidestart|p2: Bro Battington|move: Toxic Spikes
|
|-weather|none
|-heal|p2a: Jirachi|303\/404|[from] item: Leftovers
|turn|25
|
|move|p2a: Jirachi|Fire Punch|p1a: Forretress
|-supereffective|p1a: Forretress
|-damage|p1a: Forretress|214\/354
|-status|p1a: Forretress|brn
|move|p1a: Forretress|Spikes|p2a: Jirachi
|-sidestart|p2: Bro Battington|Spikes
|
|-heal|p2a: Jirachi|328\/404|[from] item: Leftovers
|-heal|p1a: Forretress|236\/354 brn|[from] item: Leftovers
|-damage|p1a: Forretress|192\/354 brn|[from] brn
|turn|26
|
|switch|p1a: Toxicroak|Toxicroak, M|222\/370
|move|p2a: Jirachi|Fire Punch|p1a: Toxicroak
|-damage|p1a: Toxicroak|124\/370
|
|-heal|p2a: Jirachi|353\/404|[from] item: Leftovers
|-heal|p1a: Toxicroak|147\/370|[from] item: Leftovers
|turn|27
|
|move|p2a: Jirachi|Iron Head|p1a: Toxicroak
|-damage|p1a: Toxicroak|14\/370
|cant|p1a: Toxicroak|flinch
|
|-heal|p2a: Jirachi|378\/404|[from] item: Leftovers
|-heal|p1a: Toxicroak|37\/370|[from] item: Leftovers
|turn|28
|-message|Taylor Swift Me forfeited.
|
|win|Bro Battington
|raw|Ladder updating...
|leave|Taylor Swift Me
|player|p1