|join|RS Swept
|join|MissLemonade
|player|p1|RS Swept|29
|player|p2|MissLemonade|233
|gametype|singles
|gen|6
|tier|OU
|rated
|clearpoke
|poke|p1|Gothitelle, M
|poke|p1|Skarmory, M
|poke|p1|Cresselia, F
|poke|p1|Quagsire, M
|poke|p1|Sableye, M
|poke|p1|Chansey, F
|poke|p2|Charizard, M
|poke|p2|Crobat, F
|poke|p2|Rotom-Heat
|poke|p2|Clefable, M
|poke|p2|Excadrill, M
|poke|p2|Skarmory, F
|rule|Swagger Clause: Swagger is banned
|rule|Baton Pass Clause: Limit one PokÃ©mon knowing Baton Pass
|rule|Sleep Clause Mod: Limit one foe put to sleep
|rule|Species Clause: Limit one of each PokÃ©mon
|rule|OHKO Clause: OHKO moves are banned
|rule|Moody Clause: Moody is banned
|rule|Evasion Moves Clause: Evasion moves are banned
|rule|Endless Battle Clause: Forcing endless battles is banned
|rule|HP Percentage Mod: HP is shown in percentages
|teampreview
|join|Pokeplays777
|
|start
|switch|p1a: Chansey|Chansey, F|645\/645
|switch|p2a: Crobat|Crobat, F|311\/311
|turn|1
|
|switch|p1a: Skarmory|Skarmory, M|333\/333
|move|p2a: Crobat|Taunt|p1a: Skarmory
|-start|p1a: Skarmory|move: Taunt
|
|turn|2
|
|switch|p2a: Charizard|Charizard, M|297\/297
|switch|p1a: Sableye|Sableye, M|303\/303
|
|turn|3
|
|switch|p1a: Chansey|Chansey, F|645\/645
|detailschange|p2a: Charizard|Charizard-Mega-Y, M
|message|Charizard has Mega Evolved into Mega Charizard!
|-weather|SunnyDay
|move|p2a: Charizard|Flamethrower|p1a: Chansey
|-damage|p1a: Chansey|483\/645
|
|-weather|SunnyDay|[upkeep]
|turn|4
|
|switch|p2a: Clefable|Clefable, M|394\/394
|move|p1a: Chansey|Stealth Rock|p2a: Clefable
|-sidestart|p2: MissLemonade|move: Stealth Rock
|
|-weather|SunnyDay|[upkeep]
|turn|5
|
|switch|p1a: Gothitelle|Gothitelle, M|301\/301
|move|p2a: Clefable|Stealth Rock|p1a: Gothitelle
|-sidestart|p1: RS Swept|move: Stealth Rock
|
|-weather|SunnyDay|[upkeep]
|turn|6
|
|move|p1a: Gothitelle|Trick|p2a: Clefable
|-activate|p1a: Gothitelle|move: Trick|[of] p2a: Clefable
|-item|p2a: Clefable|Choice Scarf|[from] move: Trick
|-item|p1a: Gothitelle|Leftovers|[from] move: Trick
|move|p2a: Clefable|Moonblast|p1a: Gothitelle
|-damage|p1a: Gothitelle|198\/301
|
|-weather|SunnyDay|[upkeep]
|-heal|p1a: Gothitelle|216\/301|[from] item: Leftovers
|turn|7
|join|HENRY
|
|move|p1a: Gothitelle|Calm Mind|p1a: Gothitelle
|-boost|p1a: Gothitelle|spa|1
|-boost|p1a: Gothitelle|spd|1
|move|p2a: Clefable|Moonblast|p1a: Gothitelle
|-damage|p1a: Gothitelle|144\/301
|
|-weather|none
|-heal|p1a: Gothitelle|162\/301|[from] item: Leftovers
|turn|8
|
|move|p1a: Gothitelle|Calm Mind|p1a: Gothitelle
|-boost|p1a: Gothitelle|spa|1
|-boost|p1a: Gothitelle|spd|1
|move|p2a: Clefable|Moonblast|p1a: Gothitelle
|-damage|p1a: Gothitelle|108\/301
|-unboost|p1a: Gothitelle|spa|1
|
|-heal|p1a: Gothitelle|126\/301|[from] item: Leftovers
|turn|9
|join|Croven
|
|move|p1a: Gothitelle|Rest|p1a: Gothitelle
|-status|p1a: Gothitelle|slp
|-heal|p1a: Gothitelle|301\/301 slp|[silent]
|-status|p1a: Gothitelle|slp|[from] move: Rest
|move|p2a: Clefable|Moonblast|p1a: Gothitelle
|-damage|p1a: Gothitelle|252\/301 slp
|-unboost|p1a: Gothitelle|spa|1
|
|-heal|p1a: Gothitelle|270\/301 slp|[from] item: Leftovers
|turn|10
|
|cant|p1a: Gothitelle|slp
|move|p2a: Clefable|Moonblast|p1a: Gothitelle
|-damage|p1a: Gothitelle|218\/301 slp
|
|-heal|p1a: Gothitelle|236\/301 slp|[from] item: Leftovers
|turn|11
|
|cant|p1a: Gothitelle|slp
|move|p2a: Clefable|Moonblast|p1a: Gothitelle
|-damage|p1a: Gothitelle|185\/301 slp
|-unboost|p1a: Gothitelle|spa|1
|
|-heal|p1a: Gothitelle|203\/301 slp|[from] item: Leftovers
|turn|12
|
|-curestatus|p1a: Gothitelle|slp
|move|p1a: Gothitelle|Calm Mind|p1a: Gothitelle
|-boost|p1a: Gothitelle|spa|1
|-boost|p1a: Gothitelle|spd|1
|move|p2a: Clefable|Moonblast|p1a: Gothitelle
|-damage|p1a: Gothitelle|163\/301
|
|-heal|p1a: Gothitelle|181\/301|[from] item: Leftovers
|turn|13
|
|move|p1a: Gothitelle|Calm Mind|p1a: Gothitelle
|-boost|p1a: Gothitelle|spa|1
|-boost|p1a: Gothitelle|spd|1
|move|p2a: Clefable|Moonblast|p1a: Gothitelle
|-damage|p1a: Gothitelle|150\/301
|-unboost|p1a: Gothitelle|spa|1
|
|-heal|p1a: Gothitelle|168\/301|[from] item: Leftovers
|turn|14
|join|Cienight
|
|move|p1a: Gothitelle|Calm Mind|p1a: Gothitelle
|-boost|p1a: Gothitelle|spa|1
|-boost|p1a: Gothitelle|spd|1
|move|p2a: Clefable|Moonblast|p1a: Gothitelle
|-damage|p1a: Gothitelle|141\/301
|
|-heal|p1a: Gothitelle|159\/301|[from] item: Leftovers
|turn|15
|
|move|p1a: Gothitelle|Calm Mind|p1a: Gothitelle
|-boost|p1a: Gothitelle|spa|1
|-boost|p1a: Gothitelle|spd|1
|move|p2a: Clefable|Moonblast|p1a: Gothitelle
|-damage|p1a: Gothitelle|134\/301
|
|-heal|p1a: Gothitelle|152\/301|[from] item: Leftovers
|turn|16
|join|Kreiser
|
|move|p1a: Gothitelle|Psyshock|p2a: Clefable
|-damage|p2a: Clefable|139\/394
|move|p2a: Clefable|Moonblast|p1a: Gothitelle
|-crit|p1a: Gothitelle
|-damage|p1a: Gothitelle|0 fnt
|faint|p1a: Gothitelle
|
|c|âMissLemonade|sorta risky staying in crit range like that
|c|âRS Swept|roll too
|c|âRS Swept|i didnt think that was crit range
|join|tst_100
|c|âRS Swept|32+16=48
|
|switch|p1a: Skarmory|Skarmory, M|333\/333
|-damage|p1a: Skarmory|292\/333|[from] Stealth Rock
|turn|17
|
|switch|p2a: Crobat|Crobat, F|311\/311
|-damage|p2a: Crobat|234\/311|[from] Stealth Rock
|move|p1a: Skarmory|Defog|p2a: Crobat
|-unboost|p2a: Crobat|evasion|1
|-sideend|p2: MissLemonade|Stealth Rock|[from] move: Defog|[of] p2a: Crobat
|-sideend|p1: RS Swept|Stealth Rock|[from] move: Defog|[of] p1a: Skarmory
|
|turn|18
|c|âRS Swept|there's really no way for you to win this matchup either
|
|switch|p1a: Cresselia|Cresselia, F|444\/444
|move|p2a: Crobat|Taunt|p1a: Cresselia
|-start|p1a: Cresselia|move: Taunt
|
|turn|19
|
|switch|p2a: Clefable|Clefable, M|139\/394
|switch|p1a: Sableye|Sableye, M|303\/303
|
|turn|20
|
|switch|p1a: Chansey|Chansey, F|483\/645
|move|p2a: Clefable|Stealth Rock|p1a: Chansey
|-sidestart|p1: RS Swept|move: Stealth Rock
|
|turn|21
|
|switch|p2a: Crobat|Crobat, F|234\/311
|move|p1a: Chansey|Stealth Rock|p2a: Crobat
|-sidestart|p2: MissLemonade|move: Stealth Rock
|
|turn|22
|
|switch|p1a: Cresselia|Cresselia, F|444\/444
|-damage|p1a: Cresselia|389\/444|[from] Stealth Rock
|move|p2a: Crobat|Brave Bird|p1a: Cresselia
|-crit|p1a: Cresselia
|-damage|p1a: Cresselia|158\/444
|-damage|p2a: Crobat|158\/311|[from] recoil|[of] p1a: Cresselia
|-damage|p2a: Crobat|127\/311|[from] item: Life Orb
|
|-heal|p1a: Cresselia|185\/444|[from] item: Leftovers
|turn|23
|
|move|p2a: Crobat|Roost|p2a: Crobat
|-heal|p2a: Crobat|283\/311
|move|p1a: Cresselia|Psyshock|p2a: Crobat
|-supereffective|p2a: Crobat
|-damage|p2a: Crobat|95\/311
|
|-heal|p1a: Cresselia|212\/444|[from] item: Leftovers
|turn|24
|join|jake5
|leave|Cienight
|c| jake5|can costa break 2000?
|
|switch|p2a: Charizard|Charizard-Mega-Y, M|297\/297
|-damage|p2a: Charizard|149\/297|[from] Stealth Rock
|-weather|SunnyDay
|move|p1a: Cresselia|Moonlight|p1a: Cresselia
|-heal|p1a: Cresselia|444\/444
|
|-weather|SunnyDay|[upkeep]
|turn|25
|
|switch|p1a: Chansey|Chansey, F|483\/645
|-damage|p1a: Chansey|403\/645|[from] Stealth Rock
|move|p2a: Charizard|Flamethrower|p1a: Chansey
|-damage|p1a: Chansey|256\/645
|
|-weather|SunnyDay|[upkeep]
|turn|26
|
|switch|p2a: Crobat|Crobat, F|95\/311
|-damage|p2a: Crobat|18\/311|[from] Stealth Rock
|move|p1a: Chansey|Soft-Boiled|p1a: Chansey
|-heal|p1a: Chansey|579\/645
|
|-weather|SunnyDay|[upkeep]
|turn|27
|
|switch|p1a: Sableye|Sableye, M|303\/303
|-damage|p1a: Sableye|266\/303|[from] Stealth Rock
|move|p2a: Crobat|Roost|p2a: Crobat
|-heal|p2a: Crobat|174\/311
|
|-weather|SunnyDay|[upkeep]
|turn|28
|
|switch|p2a: Rotom-Heat|Rotom-Heat|304\/304
|-damage|p2a: Rotom-Heat|228\/304|[from] Stealth Rock
|detailschange|p1a: Sableye|Sableye-Mega, M
|message|Sableye has Mega Evolved into Mega Sableye!
|move|p1a: Sableye|Will-O-Wisp|p2a: Rotom-Heat
|-fail|p2a: Rotom-Heat
|
|-weather|none
|-heal|p2a: Rotom-Heat|247\/304|[from] item: Leftovers
|turn|29
|join|IAmGingy
|join|mistaken
|
|move|p2a: Rotom-Heat|Thunderbolt|p1a: Sableye
|-damage|p1a: Sableye|178\/303
|move|p1a: Sableye|Recover|p1a: Sableye
|-heal|p1a: Sableye|303\/303
|
|-heal|p2a: Rotom-Heat|266\/304|[from] item: Leftovers
|turn|30
|leave|mistaken
|
|move|p2a: Rotom-Heat|Thunderbolt|p1a: Sableye
|-crit|p1a: Sableye
|-damage|p1a: Sableye|168\/303
|move|p1a: Sableye|Calm Mind|p1a: Sableye
|-boost|p1a: Sableye|spa|1
|-boost|p1a: Sableye|spd|1
|
|-heal|p2a: Rotom-Heat|285\/304|[from] item: Leftovers
|turn|31
|
|switch|p2a: Excadrill|Excadrill, M|361\/361
|-damage|p2a: Excadrill|350\/361|[from] Stealth Rock
|-ability|p2a: Excadrill|Mold Breaker
|move|p1a: Sableye|Recover|p1a: Sableye
|-heal|p1a: Sableye|303\/303
|
|turn|32
|
|move|p2a: Excadrill|Earthquake|p1a: Sableye
|-damage|p1a: Sableye|168\/303
|move|p1a: Sableye|Will-O-Wisp|p2a: Excadrill
|-status|p2a: Excadrill|brn
|
|-damage|p2a: Excadrill|305\/361 brn|[from] brn
|turn|33
|
|switch|p2a: Clefable|Clefable, M|139\/394
|move|p1a: Sableye|Recover|p1a: Sableye
|-heal|p1a: Sableye|303\/303
|
|turn|34
|
|move|p2a: Clefable|Moonblast|p1a: Sableye
|-supereffective|p1a: Sableye
|-damage|p1a: Sableye|189\/303
|-unboost|p1a: Sableye|spa|1
|move|p1a: Sableye|Snarl|p2a: Clefable
|-resisted|p2a: Clefable
|-damage|p2a: Clefable|116\/394
|-unboost|p2a: Clefable|spa|1
|
|turn|35
|join|Omegasization
|
|move|p2a: Clefable|Moonblast|p1a: Sableye
|-supereffective|p1a: Sableye
|-damage|p1a: Sableye|117\/303
|move|p1a: Sableye|Recover|p1a: Sableye
|-heal|p1a: Sableye|269\/303
|
|turn|36
|c| Omegasization|oml dat stall
|
|switch|p1a: Skarmory|Skarmory, M|292\/333
|-damage|p1a: Skarmory|251\/333|[from] Stealth Rock
|move|p2a: Clefable|Moonblast|p1a: Skarmory
|-resisted|p1a: Skarmory
|-damage|p1a: Skarmory|203\/333
|
|turn|37
|
|switch|p2a: Crobat|Crobat, F|174\/311
|-damage|p2a: Crobat|97\/311|[from] Stealth Rock
|move|p1a: Skarmory|Defog|p2a: Crobat
|-unboost|p2a: Crobat|evasion|1
|-sideend|p2: MissLemonade|Stealth Rock|[from] move: Defog|[of] p2a: Crobat
|-sideend|p1: RS Swept|Stealth Rock|[from] move: Defog|[of] p1a: Skarmory
|
|turn|38
|
|move|p2a: Crobat|Roost|p2a: Crobat
|-heal|p2a: Crobat|253\/311
|move|p1a: Skarmory|Spikes|p2a: Crobat
|-sidestart|p2: MissLemonade|Spikes
|
|turn|39
|
|switch|p1a: Cresselia|Cresselia, F|444\/444
|move|p2a: Crobat|Taunt|p1a: Cresselia
|-start|p1a: Cresselia|move: Taunt
|
|turn|40
|
|switch|p2a: Charizard|Charizard-Mega-Y, M|149\/297
|-weather|SunnyDay
|move|p1a: Cresselia|Psyshock|p2a: Charizard
|-damage|p2a: Charizard|46\/297
|
|-weather|SunnyDay|[upkeep]
|turn|41
|
|switch|p2a: Crobat|Crobat, F|253\/311
|switch|p1a: Chansey|Chansey, F|579\/645
|
|-weather|SunnyDay|[upkeep]
|turn|42
|
|switch|p1a: Cresselia|Cresselia, F|444\/444
|move|p2a: Crobat|Brave Bird|p1a: Cresselia
|-damage|p1a: Cresselia|302\/444
|-damage|p2a: Crobat|206\/311|[from] recoil|[of] p1a: Cresselia
|-damage|p2a: Crobat|175\/311|[from] item: Life Orb
|
|-weather|SunnyDay|[upkeep]
|-heal|p1a: Cresselia|329\/444|[from] item: Leftovers
|turn|43
|leave|Kreiser
|join|z0mOG
|
|move|p2a: Crobat|Brave Bird|p1a: Cresselia
|-damage|p1a: Cresselia|180\/444
|-damage|p2a: Crobat|126\/311|[from] recoil|[of] p1a: Cresselia
|-damage|p2a: Crobat|95\/311|[from] item: Life Orb
|move|p1a: Cresselia|Psyshock|p2a: Crobat
|-supereffective|p2a: Crobat
|-damage|p2a: Crobat|0 fnt
|faint|p2a: Crobat
|
|-weather|SunnyDay|[upkeep]
|-heal|p1a: Cresselia|207\/444|[from] item: Leftovers
|leave|IAmGingy
|c|âMissLemonade|your team seems like it's weak to mega gyara with taunt
|
|switch|p2a: Rotom-Heat|Rotom-Heat|285\/304
|turn|44
|c|âRS Swept|that's not a thing
|c| z0mOG|he has skill swap cress
|c|âRS Swept|so ill be okay
|c| jake5|every team is weak to something
|c| z0mOG|>taunt mega gyara isn't a thing
|c| z0mOG|that's just plain untrue
|c| jake5|it is a thing
|
|switch|p1a: Quagsire|Quagsire, M|394\/394
|move|p2a: Rotom-Heat|Thunderbolt|p1a: Quagsire
|-immune|p1a: Quagsire|[msg]
|
|-weather|none
|-heal|p2a: Rotom-Heat|304\/304|[from] item: Leftovers
|turn|45
|c| jake5|but every team is weak to something
|c| jake5|crawdaunt can probs put a big dent in his team too
|c|âRS Swept|that hasnt been a thing since bp was banned
|join|CatchThisDead
|c|âMissLemonade|it's a thing now and it gets crunch too
|
|switch|p2a: Skarmory|Skarmory, F|334\/334
|move|p1a: Quagsire|Toxic|p2a: Skarmory
|-fail|p2a: Skarmory
|
|turn|46
|
|switch|p1a: Sableye|Sableye-Mega, M|269\/303
|move|p2a: Skarmory|Spikes|p1a: Sableye
|move|p1a: Sableye|Spikes|p2a: Skarmory|[from]Magic Bounce
|-sidestart|p2: MissLemonade|Spikes
|
|turn|47
|
|move|p2a: Skarmory|Spikes|p1a: Sableye
|move|p1a: Sableye|Spikes|p2a: Skarmory|[from]Magic Bounce
|-sidestart|p2: MissLemonade|Spikes
|move|p1a: Sableye|Snarl|p2a: Skarmory
|-damage|p2a: Skarmory|264\/334
|-unboost|p2a: Skarmory|spa|1
|
|turn|48
|c|âMissLemonade|anyway nothing i can do
|c|âMissLemonade|gg
|c|âRS Swept|gg
|-message|MissLemonade forfeited.
|
|win|RS Swept
|raw|Ladder updating...
|leave|MissLemonade
|player|p2
|leave|tst_100
|leave|z0mOG
|c| CatchThisDead|who made that team?
|join|mistaken
|c| CatchThisDead|mega sableye stall
|leave|mistaken
|leave|RS Swept
|player|p1
|c| CatchThisDead|i see it a lot in ladder
|raw|Ladder (probably) updated, but score could not be retrieved (timeout).
|raw|Ladder (probably) updated, but score could not be retrieved (Error: socket hang up).
|leave|Pokeplays777
|leave|jake5
|leave|CatchThisDead
|join|IAmGingy
|leave|IAmGingy
|leave|Croven
|join|HighWish
|join|Croven
|leave|Croven
|leave|Omegasization