|join|RS Swept
|join|bad n lucky
|player|p1|RS Swept|29
|player|p2|bad n lucky|33
|gametype|singles
|gen|6
|tier|OU
|rated
|clearpoke
|poke|p1|Gothitelle, F
|poke|p1|Skarmory, M
|poke|p1|Cresselia, F
|poke|p1|Quagsire, M
|poke|p1|Sableye, M
|poke|p1|Chansey, F
|poke|p2|Tyranitar, F
|poke|p2|Landorus-Therian, M
|poke|p2|Latios, M
|poke|p2|Gyarados, F
|poke|p2|Keldeo
|poke|p2|Garchomp, M
|rule|Swagger Clause: Swagger is banned
|rule|Baton Pass Clause: Limit one PokÃ©mon knowing Baton Pass
|rule|Sleep Clause Mod: Limit one foe put to sleep
|rule|Species Clause: Limit one of each PokÃ©mon
|rule|OHKO Clause: OHKO moves are banned
|rule|Moody Clause: Moody is banned
|rule|Evasion Moves Clause: Evasion moves are banned
|rule|Endless Battle Clause: Forcing endless battles is banned
|rule|HP Percentage Mod: HP is shown in percentages
|teampreview
|c|âRS Swept|gl;hf
|
|start
|switch|p1a: Sableye|Sableye, M|304\/304
|switch|p2a: Keldeo|Keldeo|323\/323
|turn|1
|
|detailschange|p1a: Sableye|Sableye-Mega, M
|message|Sableye has Mega Evolved into Mega Sableye!
|move|p1a: Sableye|Will-O-Wisp|p2a: Keldeo
|-status|p2a: Keldeo|brn
|move|p2a: Keldeo|Scald|p1a: Sableye
|-damage|p1a: Sableye|123\/304
|-status|p1a: Sableye|brn
|
|-damage|p2a: Keldeo|283\/323 brn|[from] brn
|-damage|p1a: Sableye|85\/304 brn|[from] brn
|turn|2
|join|CleanerThanRotom-W
|
|move|p2a: Keldeo|Scald|p1a: Sableye
|-damage|p1a: Sableye|0 fnt
|faint|p1a: Sableye
|
|-damage|p2a: Keldeo|243\/323 brn|[from] brn
|
|switch|p1a: Gothitelle|Gothitelle, F|301\/301
|turn|3
|
|move|p1a: Gothitelle|Psyshock|p2a: Keldeo
|-supereffective|p2a: Keldeo
|-damage|p2a: Keldeo|25\/323 brn
|move|p2a: Keldeo|Scald|p1a: Gothitelle
|-damage|p1a: Gothitelle|93\/301
|-status|p1a: Gothitelle|brn
|
|-damage|p1a: Gothitelle|56\/301 brn|[from] brn
|-damage|p2a: Keldeo|0 fnt|[from] brn
|faint|p2a: Keldeo
|
|switch|p2a: Gyarados|Gyarados, F|332\/332
|-ability|p2a: Gyarados|Intimidate|[of] p1a: Gothitelle
|-unboost|p1a: Gothitelle|atk|1
|turn|4
|
|switch|p1a: Cresselia|Cresselia, F|444\/444
|detailschange|p2a: Gyarados|Gyarados-Mega, F
|message|Gyarados has Mega Evolved into Mega Gyarados!
|-ability|p2a: Gyarados|Mold Breaker
|move|p2a: Gyarados|Dragon Dance|p2a: Gyarados
|-boost|p2a: Gyarados|atk|1
|-boost|p2a: Gyarados|spe|1
|
|turn|5
|
|move|p2a: Gyarados|Crunch|p1a: Cresselia
|-supereffective|p1a: Cresselia
|-damage|p1a: Cresselia|94\/444
|move|p1a: Cresselia|Skill Swap|p2a: Gyarados
|-activate|p1a: Cresselia|move: Skill Swap|Mold Breaker|Levitate|[of] p2a: Gyarados
|-ability|p1a: Cresselia|Mold Breaker
|
|-heal|p1a: Cresselia|121\/444|[from] item: Leftovers
|turn|6
|
|switch|p1a: Quagsire|Quagsire, M|394\/394
|move|p2a: Gyarados|Crunch|p1a: Quagsire
|-damage|p1a: Quagsire|241\/394
|
|-heal|p1a: Quagsire|265\/394|[from] item: Leftovers
|turn|7
|
|switch|p2a: Garchomp|Garchomp, M|358\/358
|move|p1a: Quagsire|Recover|p1a: Quagsire
|-heal|p1a: Quagsire|394\/394
|
|turn|8
|
|move|p2a: Garchomp|Stealth Rock|p1a: Quagsire
|-sidestart|p1: RS Swept|move: Stealth Rock
|move|p1a: Quagsire|Toxic|p2a: Garchomp
|-status|p2a: Garchomp|tox
|
|-damage|p2a: Garchomp|336\/358 tox|[from] psn
|turn|9
|
|move|p2a: Garchomp|Earthquake|p1a: Quagsire
|-crit|p1a: Quagsire
|-damage|p1a: Quagsire|187\/394
|move|p1a: Quagsire|Toxic|p2a: Garchomp
|-fail|p2a: Garchomp|tox
|
|-heal|p1a: Quagsire|211\/394|[from] item: Leftovers
|-damage|p2a: Garchomp|292\/358 tox|[from] psn
|turn|10
|
|switch|p2a: Gyarados|Gyarados-Mega, F|332\/332
|-ability|p2a: Gyarados|Mold Breaker
|move|p1a: Quagsire|Recover|p1a: Quagsire
|-heal|p1a: Quagsire|394\/394
|
|turn|11
|
|move|p2a: Gyarados|Substitute|p2a: Gyarados
|-start|p2a: Gyarados|Substitute
|-damage|p2a: Gyarados|249\/332
|move|p1a: Quagsire|Earthquake|p2a: Gyarados
|-end|p2a: Gyarados|Substitute
|
|turn|12
|
|move|p2a: Gyarados|Dragon Dance|p2a: Gyarados
|-boost|p2a: Gyarados|atk|1
|-boost|p2a: Gyarados|spe|1
|move|p1a: Quagsire|Toxic|p2a: Gyarados
|-status|p2a: Gyarados|tox
|
|-damage|p2a: Gyarados|229\/332 tox|[from] psn
|turn|13
|
|move|p2a: Gyarados|Crunch|p1a: Quagsire
|-damage|p1a: Quagsire|183\/394
|move|p1a: Quagsire|Recover|p1a: Quagsire
|-heal|p1a: Quagsire|380\/394
|
|-heal|p1a: Quagsire|394\/394|[from] item: Leftovers
|-damage|p2a: Gyarados|189\/332 tox|[from] psn
|turn|14
|
|move|p2a: Gyarados|Dragon Dance|p2a: Gyarados
|-boost|p2a: Gyarados|atk|1
|-boost|p2a: Gyarados|spe|1
|move|p1a: Quagsire|Recover|p1a: Quagsire
|-fail|p1a: Quagsire
|
|-damage|p2a: Gyarados|129\/332 tox|[from] psn
|turn|15
|
|move|p2a: Gyarados|Dragon Dance|p2a: Gyarados
|-boost|p2a: Gyarados|atk|1
|-boost|p2a: Gyarados|spe|1
|move|p1a: Quagsire|Recover|p1a: Quagsire
|-fail|p1a: Quagsire
|
|-damage|p2a: Gyarados|49\/332 tox|[from] psn
|turn|16
|
|switch|p1a: Gothitelle|Gothitelle, F|56\/301 brn
|-damage|p1a: Gothitelle|19\/301 brn|[from] Stealth Rock
|move|p2a: Gyarados|Crunch|p1a: Gothitelle
|-supereffective|p1a: Gothitelle
|-damage|p1a: Gothitelle|0 fnt
|faint|p1a: Gothitelle
|
|-damage|p2a: Gyarados|0 fnt|[from] psn
|faint|p2a: Gyarados
|
|switch|p2a: Tyranitar|Tyranitar, F|383\/383
|switch|p1a: Quagsire|Quagsire, M|394\/394
|-weather|Sandstorm
|-damage|p1a: Quagsire|370\/394|[from] Stealth Rock
|turn|17
|
|move|p2a: Tyranitar|Crunch|p1a: Quagsire
|-crit|p1a: Quagsire
|-damage|p1a: Quagsire|54\/394
|move|p1a: Quagsire|Toxic|p2a: Tyranitar
|-status|p2a: Tyranitar|tox
|
|-weather|Sandstorm|[upkeep]
|-heal|p1a: Quagsire|78\/394|[from] item: Leftovers
|-damage|p2a: Tyranitar|360\/383 tox|[from] psn
|turn|18
|
|move|p2a: Tyranitar|Crunch|p1a: Quagsire
|-damage|p1a: Quagsire|0 fnt
|faint|p1a: Quagsire
|
|-weather|Sandstorm|[upkeep]
|-damage|p2a: Tyranitar|314\/383 tox|[from] psn
|
|switch|p1a: Skarmory|Skarmory, M|333\/333
|-damage|p1a: Skarmory|292\/333|[from] Stealth Rock
|turn|19
|
|switch|p2a: Latios|Latios, M|302\/302
|move|p1a: Skarmory|Defog|p2a: Latios
|-unboost|p2a: Latios|evasion|1
|-sideend|p1: RS Swept|Stealth Rock|[from] move: Defog|[of] p1a: Skarmory
|
|-weather|Sandstorm|[upkeep]
|-damage|p2a: Latios|284\/302|[from] sandstorm
|turn|20
|
|switch|p1a: Chansey|Chansey, F|645\/645
|move|p2a: Latios|Trick|p1a: Chansey
|-activate|p2a: Latios|move: Trick|[of] p1a: Chansey
|-item|p1a: Chansey|Choice Scarf|[from] move: Trick
|-item|p2a: Latios|Eviolite|[from] move: Trick
|
|-weather|Sandstorm|[upkeep]
|-damage|p2a: Latios|266\/302|[from] sandstorm
|-damage|p1a: Chansey|605\/645|[from] sandstorm
|turn|21
|
|switch|p2a: Garchomp|Garchomp, M|292\/358 tox
|move|p1a: Chansey|Seismic Toss|p2a: Garchomp
|-damage|p2a: Garchomp|192\/358 tox
|-damage|p1a: Chansey|525\/645|[from] ability: Rough Skin|[of] p2a: Garchomp
|
|-weather|none
|-damage|p2a: Garchomp|170\/358 tox|[from] psn
|turn|22
|
|move|p2a: Garchomp|Swords Dance|p2a: Garchomp
|-boost|p2a: Garchomp|atk|2
|move|p1a: Chansey|Seismic Toss|p2a: Garchomp
|-damage|p2a: Garchomp|70\/358 tox
|-damage|p1a: Chansey|445\/645|[from] ability: Rough Skin|[of] p2a: Garchomp
|
|-damage|p2a: Garchomp|26\/358 tox|[from] psn
|turn|23
|join|squirrelll
|
|move|p2a: Garchomp|Outrage|p1a: Chansey
|-damage|p1a: Chansey|0 fnt
|faint|p1a: Chansey
|
|-damage|p2a: Garchomp|0 fnt|[from] psn
|faint|p2a: Garchomp
|
|switch|p2a: Landorus-Therian|Landorus-Therian, M|354\/354
|switch|p1a: Skarmory|Skarmory, M|292\/333
|-ability|p2a: Landorus-Therian|Intimidate|[of] p1a: Skarmory
|-unboost|p1a: Skarmory|atk|1
|turn|24
|
|move|p2a: Landorus-Therian|Knock Off|p1a: Skarmory
|-damage|p1a: Skarmory|214\/333
|-enditem|p1a: Skarmory|Shed Shell|[from] move: Knock Off|[of] p2a: Landorus-Therian
|move|p1a: Skarmory|Roost|p1a: Skarmory
|-heal|p1a: Skarmory|333\/333
|
|turn|25
|
|switch|p2a: Tyranitar|Tyranitar, F|314\/383 tox
|-weather|Sandstorm
|move|p1a: Skarmory|Brave Bird|p2a: Tyranitar
|-resisted|p2a: Tyranitar
|-damage|p2a: Tyranitar|280\/383 tox
|-damage|p1a: Skarmory|322\/333|[from] recoil|[of] p2a: Tyranitar
|
|-weather|Sandstorm|[upkeep]
|-damage|p2a: Tyranitar|257\/383 tox|[from] psn
|turn|26
|
|move|p2a: Tyranitar|Stone Edge|p1a: Skarmory
|-damage|p1a: Skarmory|160\/333
|move|p1a: Skarmory|Roost|p1a: Skarmory
|-heal|p1a: Skarmory|327\/333
|
|-weather|Sandstorm|[upkeep]
|-damage|p2a: Tyranitar|211\/383 tox|[from] psn
|turn|27
|
|switch|p2a: Landorus-Therian|Landorus-Therian, M|354\/354
|-ability|p2a: Landorus-Therian|Intimidate|[of] p1a: Skarmory
|-unboost|p1a: Skarmory|atk|1
|move|p1a: Skarmory|Roost|p1a: Skarmory
|-heal|p1a: Skarmory|333\/333
|
|-weather|Sandstorm|[upkeep]
|turn|28
|
|move|p2a: Landorus-Therian|Stone Edge|p1a: Skarmory
|-damage|p1a: Skarmory|262\/333
|move|p1a: Skarmory|Spikes|p2a: Landorus-Therian
|-sidestart|p2: bad n lucky|Spikes
|
|-weather|Sandstorm|[upkeep]
|turn|29
|
|move|p2a: Landorus-Therian|Stone Edge|p1a: Skarmory|[miss]
|-miss|p2a: Landorus-Therian|p1a: Skarmory
|move|p1a: Skarmory|Roost|p1a: Skarmory
|-heal|p1a: Skarmory|333\/333
|
|-weather|none
|turn|30
|
|switch|p2a: Latios|Latios, M|266\/302
|move|p1a: Skarmory|Spikes|p2a: Latios
|-sidestart|p2: bad n lucky|Spikes
|
|turn|31
|
|move|p2a: Latios|Defog|p1a: Skarmory
|-unboost|p1a: Skarmory|evasion|1
|-sideend|p2: bad n lucky|Spikes|[from] move: Defog|[of] p2a: Latios
|move|p1a: Skarmory|Roost|p1a: Skarmory
|-fail|p1a: Skarmory
|
|turn|32
|
|move|p2a: Latios|Defog|p1a: Skarmory
|-unboost|p1a: Skarmory|evasion|1
|move|p1a: Skarmory|Roost|p1a: Skarmory
|-fail|p1a: Skarmory
|
|turn|33
|join|InToDaPussi
|
|move|p2a: Latios|Draco Meteor|p1a: Skarmory
|-resisted|p1a: Skarmory
|-damage|p1a: Skarmory|186\/333
|-unboost|p2a: Latios|spa|2
|move|p1a: Skarmory|Brave Bird|p2a: Latios
|-damage|p2a: Latios|193\/302
|-damage|p1a: Skarmory|162\/333|[from] recoil|[of] p2a: Latios
|
|turn|34
|
|switch|p2a: Landorus-Therian|Landorus-Therian, M|354\/354
|-ability|p2a: Landorus-Therian|Intimidate|[of] p1a: Skarmory
|-unboost|p1a: Skarmory|atk|1
|move|p1a: Skarmory|Roost|p1a: Skarmory
|-heal|p1a: Skarmory|329\/333
|
|turn|35
|
|move|p2a: Landorus-Therian|U-turn|p1a: Skarmory
|-resisted|p1a: Skarmory
|-damage|p1a: Skarmory|316\/333
|
|switch|p2a: Tyranitar|Tyranitar, F|211\/383 tox
|-weather|Sandstorm
|move|p1a: Skarmory|Spikes|p2a: Tyranitar
|-sidestart|p2: bad n lucky|Spikes
|
|-weather|Sandstorm|[upkeep]
|-damage|p2a: Tyranitar|188\/383 tox|[from] psn
|turn|36
|
|move|p2a: Tyranitar|Crunch|p1a: Skarmory
|-damage|p1a: Skarmory|186\/333
|move|p1a: Skarmory|Roost|p1a: Skarmory
|-heal|p1a: Skarmory|333\/333
|
|-weather|Sandstorm|[upkeep]
|-damage|p2a: Tyranitar|142\/383 tox|[from] psn
|turn|37
|
|switch|p2a: Landorus-Therian|Landorus-Therian, M|354\/354
|-ability|p2a: Landorus-Therian|Intimidate|[of] p1a: Skarmory
|-unboost|p1a: Skarmory|atk|1
|move|p1a: Skarmory|Brave Bird|p2a: Landorus-Therian
|-damage|p2a: Landorus-Therian|312\/354
|-damage|p1a: Skarmory|319\/333|[from] recoil|[of] p2a: Landorus-Therian
|
|-weather|Sandstorm|[upkeep]
|turn|38
|
|move|p2a: Landorus-Therian|Stone Edge|p1a: Skarmory
|-damage|p1a: Skarmory|246\/333
|move|p1a: Skarmory|Brave Bird|p2a: Landorus-Therian
|-damage|p2a: Landorus-Therian|270\/354
|-damage|p1a: Skarmory|232\/333|[from] recoil|[of] p2a: Landorus-Therian
|
|-weather|Sandstorm|[upkeep]
|turn|39
|
|move|p2a: Landorus-Therian|Stone Edge|p1a: Skarmory
|-damage|p1a: Skarmory|153\/333
|move|p1a: Skarmory|Roost|p1a: Skarmory
|-heal|p1a: Skarmory|320\/333
|
|-weather|none
|turn|40
|join|Albyness
|
|switch|p2a: Latios|Latios, M|193\/302
|move|p1a: Skarmory|Brave Bird|p2a: Latios
|-damage|p2a: Latios|142\/302
|-damage|p1a: Skarmory|303\/333|[from] recoil|[of] p2a: Latios
|
|turn|41
|
|move|p2a: Latios|Defog|p1a: Skarmory
|-unboost|p1a: Skarmory|evasion|1
|-sideend|p2: bad n lucky|Spikes|[from] move: Defog|[of] p2a: Latios
|move|p1a: Skarmory|Brave Bird|p2a: Latios
|-damage|p2a: Latios|96\/302
|-damage|p1a: Skarmory|288\/333|[from] recoil|[of] p2a: Latios
|
|turn|42
|
|move|p2a: Latios|Psyshock|p1a: Skarmory
|-resisted|p1a: Skarmory
|-damage|p1a: Skarmory|251\/333
|move|p1a: Skarmory|Brave Bird|p2a: Latios
|-damage|p2a: Latios|50\/302
|-damage|p1a: Skarmory|236\/333|[from] recoil|[of] p2a: Latios
|
|turn|43
|
|move|p2a: Latios|Psyshock|p1a: Skarmory
|-resisted|p1a: Skarmory
|-damage|p1a: Skarmory|194\/333
|move|p1a: Skarmory|Roost|p1a: Skarmory
|-heal|p1a: Skarmory|333\/333
|
|turn|44
|
|switch|p2a: Landorus-Therian|Landorus-Therian, M|270\/354
|-ability|p2a: Landorus-Therian|Intimidate|[of] p1a: Skarmory
|-unboost|p1a: Skarmory|atk|1
|move|p1a: Skarmory|Brave Bird|p2a: Landorus-Therian
|-damage|p2a: Landorus-Therian|233\/354
|-damage|p1a: Skarmory|321\/333|[from] recoil|[of] p2a: Landorus-Therian
|
|turn|45
|c| squirrelll|wtf is that set
|c| squirrelll|no healing wish?
|
|move|p2a: Landorus-Therian|Earthquake|p1a: Skarmory
|-immune|p1a: Skarmory|[msg]
|move|p1a: Skarmory|Spikes|p2a: Landorus-Therian
|-sidestart|p2: bad n lucky|Spikes
|
|turn|46
|c| squirrelll|or roost?
|c|âRS Swept|scarf
|c| squirrelll|oh
|
|switch|p2a: Latios|Latios, M|50\/302
|move|p1a: Skarmory|Spikes|p2a: Latios
|-sidestart|p2: bad n lucky|Spikes
|
|turn|47
|c| CleanerThanRotom-W|healing wish latios
|c| CleanerThanRotom-W|k
|
|move|p2a: Latios|Draco Meteor|p1a: Skarmory
|-resisted|p1a: Skarmory
|-damage|p1a: Skarmory|164\/333
|-unboost|p2a: Latios|spa|2
|move|p1a: Skarmory|Brave Bird|p2a: Latios
|-damage|p2a: Latios|10\/302
|-damage|p1a: Skarmory|151\/333|[from] recoil|[of] p2a: Latios
|
|turn|48
|c| squirrelll|oh right
|
|move|p2a: Latios|Defog|p1a: Skarmory
|-unboost|p1a: Skarmory|evasion|1
|-sideend|p2: bad n lucky|Spikes|[from] move: Defog|[of] p2a: Latios
|move|p1a: Skarmory|Roost|p1a: Skarmory
|-heal|p1a: Skarmory|318\/333
|
|turn|49
|
|switch|p2a: Landorus-Therian|Landorus-Therian, M|233\/354
|-ability|p2a: Landorus-Therian|Intimidate|[of] p1a: Skarmory
|-unboost|p1a: Skarmory|atk|1
|move|p1a: Skarmory|Spikes|p2a: Landorus-Therian
|-sidestart|p2: bad n lucky|Spikes
|
|turn|50
|c| InToDaPussi|is that skarmory specially def?
|c| squirrelll|that sass
|
|move|p2a: Landorus-Therian|Stone Edge|p1a: Skarmory
|-damage|p1a: Skarmory|241\/333
|move|p1a: Skarmory|Brave Bird|p2a: Landorus-Therian
|-crit|p2a: Landorus-Therian
|-damage|p2a: Landorus-Therian|49\/354
|-damage|p1a: Skarmory|180\/333|[from] recoil|[of] p2a: Landorus-Therian
|
|turn|51
|c| squirrelll|no
|
|move|p2a: Landorus-Therian|Stone Edge|p1a: Skarmory
|-damage|p1a: Skarmory|107\/333
|move|p1a: Skarmory|Roost|p1a: Skarmory
|-heal|p1a: Skarmory|274\/333
|
|turn|52
|c| InToDaPussi|then why does he take 0 damage from everything
|c| InToDaPussi|?
|
|move|p2a: Landorus-Therian|Stone Edge|p1a: Skarmory
|-damage|p1a: Skarmory|202\/333
|move|p1a: Skarmory|Brave Bird|p2a: Landorus-Therian
|-damage|p2a: Landorus-Therian|19\/354
|-damage|p1a: Skarmory|192\/333|[from] recoil|[of] p2a: Landorus-Therian
|
|turn|53
|
|move|p2a: Landorus-Therian|Stone Edge|p1a: Skarmory
|-damage|p1a: Skarmory|122\/333
|move|p1a: Skarmory|Roost|p1a: Skarmory
|-heal|p1a: Skarmory|289\/333
|
|turn|54
|
|move|p2a: Landorus-Therian|Struggle|p1a: Skarmory
|-damage|p1a: Skarmory|249\/333
|-damage|p2a: Landorus-Therian|0 fnt
|faint|p2a: Landorus-Therian
|move|p1a: Skarmory|Brave Bird|p2: Landorus-Therian|[notarget]
|-notarget
|
|
|switch|p2a: Latios|Latios, M|10\/302
|turn|55
|c| InToDaPussi|da struggle is real
|
|move|p2a: Latios|Draco Meteor|p1a: Skarmory
|-resisted|p1a: Skarmory
|-damage|p1a: Skarmory|85\/333
|-unboost|p2a: Latios|spa|2
|move|p1a: Skarmory|Roost|p1a: Skarmory
|-heal|p1a: Skarmory|252\/333
|
|turn|56
|
|move|p2a: Latios|Defog|p1a: Skarmory
|-unboost|p1a: Skarmory|evasion|1
|-sideend|p2: bad n lucky|Spikes|[from] move: Defog|[of] p2a: Latios
|move|p1a: Skarmory|Brave Bird|p2a: Latios
|-damage|p2a: Latios|0 fnt
|-damage|p1a: Skarmory|249\/333|[from] recoil|[of] p2a: Latios
|faint|p2a: Latios
|
|
|switch|p2a: Tyranitar|Tyranitar, F|142\/383 tox
|-weather|Sandstorm
|turn|57
|
|move|p2a: Tyranitar|Stone Edge|p1a: Skarmory
|-damage|p1a: Skarmory|89\/333
|move|p1a: Skarmory|Roost|p1a: Skarmory
|-heal|p1a: Skarmory|256\/333
|
|-weather|Sandstorm|[upkeep]
|-damage|p2a: Tyranitar|119\/383 tox|[from] psn
|turn|58
|
|move|p2a: Tyranitar|Stone Edge|p1a: Skarmory
|-crit|p1a: Skarmory
|-damage|p1a: Skarmory|12\/333
|move|p1a: Skarmory|Roost|p1a: Skarmory
|-heal|p1a: Skarmory|179\/333
|
|-weather|Sandstorm|[upkeep]
|-damage|p2a: Tyranitar|73\/383 tox|[from] psn
|turn|59
|
|move|p2a: Tyranitar|Stone Edge|p1a: Skarmory
|-damage|p1a: Skarmory|0 fnt
|faint|p1a: Skarmory
|
|-weather|Sandstorm|[upkeep]
|-damage|p2a: Tyranitar|4\/383 tox|[from] psn
|
|switch|p1a: Cresselia|Cresselia, F|121\/444
|turn|60
|
|move|p1a: Cresselia|Moonlight|p1a: Cresselia
|-heal|p1a: Cresselia|232\/444
|move|p2a: Tyranitar|Stone Edge|p1a: Cresselia
|-damage|p1a: Cresselia|34\/444
|
|-weather|Sandstorm|[upkeep]
|-damage|p1a: Cresselia|7\/444|[from] sandstorm
|-heal|p1a: Cresselia|34\/444|[from] item: Leftovers
|-damage|p2a: Tyranitar|0 fnt|[from] psn
|faint|p2a: Tyranitar
|
|win|RS Swept
|raw|Ladder updating...
|c| InToDaPussi|aw man
|raw|RS Swept's rating: 1902 &rarr; <strong>1908<\/strong><br \/>(+6 for winning)
|raw|bad n lucky's rating: 1616 &rarr; <strong>1609<\/strong><br \/>(-7 for losing)
|c|âRS Swept|cress holds strong
|c|âbad n lucky|gg
|c|âRS Swept|gg
|c| InToDaPussi|did that guy have 3 scarfers
|c| InToDaPussi|?