|join|RS Swept
|join|Ox the Fox
|player|p1|RS Swept|29
|player|p2|Ox the Fox|201
|gametype|singles
|gen|6
|tier|OU
|rated
|clearpoke
|poke|p1|Gothitelle, M
|poke|p1|Skarmory, M
|poke|p1|Cresselia, F
|poke|p1|Quagsire, M
|poke|p1|Sableye, F
|poke|p1|Chansey, F
|poke|p2|Slowbro, F
|poke|p2|Heatran, M
|poke|p2|Celebi
|poke|p2|Excadrill, M
|poke|p2|Tyranitar, F
|poke|p2|Conkeldurr, M
|rule|Swagger Clause: Swagger is banned
|rule|Baton Pass Clause: Limit one PokÃ©mon knowing Baton Pass
|rule|Sleep Clause Mod: Limit one foe put to sleep
|rule|Species Clause: Limit one of each PokÃ©mon
|rule|OHKO Clause: OHKO moves are banned
|rule|Moody Clause: Moody is banned
|rule|Evasion Moves Clause: Evasion moves are banned
|rule|Endless Battle Clause: Forcing endless battles is banned
|rule|HP Percentage Mod: HP is shown in percentages
|teampreview
|c|âRS Swept|okay ox
|c|âRS Swept|i know your tricks
|join|QuartzQuadrantTest
|c|âRS Swept|pls dont hax
|join|fsdadfsafdas
|c|âOx the Fox|lol
|
|start
|switch|p1a: Sableye|Sableye, F|303\/303
|switch|p2a: Heatran|Heatran, M|355\/355
|turn|1
|c|âOx the Fox|u know my sets :[
|c| fsdadfsafdas|specs tran?
|
|switch|p1a: Chansey|Chansey, F|645\/645
|move|p2a: Heatran|Flamethrower|p1a: Chansey
|-crit|p1a: Chansey
|-damage|p1a: Chansey|455\/645
|
|turn|2
|c| fsdadfsafdas|is that any good?
|
|move|p2a: Heatran|Flamethrower|p1a: Chansey
|-damage|p1a: Chansey|311\/645
|move|p1a: Chansey|Stealth Rock|p2a: Heatran
|-sidestart|p2: Ox the Fox|move: Stealth Rock
|
|turn|3
|
|move|p2a: Heatran|Flamethrower|p1a: Chansey
|-crit|p1a: Chansey
|-damage|p1a: Chansey|119\/645
|move|p1a: Chansey|Soft-Boiled|p1a: Chansey
|-heal|p1a: Chansey|442\/645
|
|turn|4
|join|chumped
|c|âOx the Fox|lol
|c|âRS Swept|it's okay when you crit a ton
|
|switch|p2a: Tyranitar|Tyranitar, F|404\/404
|-damage|p2a: Tyranitar|354\/404|[from] Stealth Rock
|-weather|Sandstorm
|move|p1a: Chansey|Soft-Boiled|p1a: Chansey
|-heal|p1a: Chansey|645\/645
|
|-weather|Sandstorm|[upkeep]
|-damage|p1a: Chansey|605\/645|[from] sandstorm
|turn|5
|
|move|p2a: Tyranitar|Stealth Rock|p1a: Chansey
|-sidestart|p1: RS Swept|move: Stealth Rock
|move|p1a: Chansey|Seismic Toss|p2a: Tyranitar
|-damage|p2a: Tyranitar|254\/404
|
|-weather|Sandstorm|[upkeep]
|-damage|p1a: Chansey|565\/645|[from] sandstorm
|turn|6
|
|switch|p2a: Conkeldurr|Conkeldurr, M|364\/364
|-damage|p2a: Conkeldurr|342\/364|[from] Stealth Rock
|move|p1a: Chansey|Seismic Toss|p2a: Conkeldurr
|-damage|p2a: Conkeldurr|242\/364
|
|-weather|Sandstorm|[upkeep]
|-damage|p1a: Chansey|525\/645|[from] sandstorm
|-damage|p2a: Conkeldurr|220\/364|[from] sandstorm
|turn|7
|join|hats.marumaru
|join|strOKing
|join|stally the kid
|c| QuartzQuadrantTest|Im awful at using every heatran except specially defensive lol
|join|tripsbot
|join|Updated Kanto
|
|switch|p1a: Sableye|Sableye, F|303\/303
|-damage|p1a: Sableye|266\/303|[from] Stealth Rock
|move|p2a: Conkeldurr|Stone Edge|p1a: Sableye
|-damage|p1a: Sableye|127\/303
|
|-weather|Sandstorm|[upkeep]
|-damage|p1a: Sableye|109\/303|[from] sandstorm
|-damage|p2a: Conkeldurr|198\/364|[from] sandstorm
|turn|8
|leave|hats.marumaru
|c| fsdadfsafdas|how is specs viable for tran lol
|join|hats.marumaru
|c| tripsbot|RS Swept quickly pivots into his bulky Mega-Sableye.
|join|flyingsweater
|
|detailschange|p1a: Sableye|Sableye-Mega, F
|message|Sableye has Mega Evolved into Mega Sableye!
|move|p1a: Sableye|Recover|p1a: Sableye
|-heal|p1a: Sableye|261\/303
|move|p2a: Conkeldurr|Stone Edge|p1a: Sableye
|-damage|p1a: Sableye|170\/303
|
|-weather|Sandstorm|[upkeep]
|-damage|p2a: Conkeldurr|176\/364|[from] sandstorm
|-damage|p1a: Sableye|152\/303|[from] sandstorm
|turn|9
|join|Jefo
|
|switch|p2a: Heatran|Heatran, M|355\/355
|-damage|p2a: Heatran|311\/355|[from] Stealth Rock
|move|p1a: Sableye|Recover|p1a: Sableye
|-heal|p1a: Sableye|303\/303
|
|-weather|Sandstorm|[upkeep]
|-damage|p1a: Sableye|285\/303|[from] sandstorm
|turn|10
|join|I'm Rick Astley
|c| hats.marumaru|scarf tran > specs
|c| tripsbot|He Mega Evolves and recovers a nice chunk of HP with recover.
|join|Outrageous Fortune
|raw|<div class="broadcast-red"><b>Moderated chat was set to +!<\/b><br \/>Only users of rank + and higher can talk.<\/div>
|join|Henry
tripsbot was promoted to Room Voice by RS Swept.
|c|+tripsbot|Thanks costa:)
|c|âOx the Fox|ffs
|c|âRS Swept|i like the announcer
|c|âOx the Fox|tripsbot is so annoying
|
|switch|p1a: Chansey|Chansey, F|525\/645
|-damage|p1a: Chansey|445\/645|[from] Stealth Rock
|move|p2a: Heatran|Flamethrower|p1a: Chansey
|-damage|p1a: Chansey|303\/645
|
|-weather|Sandstorm|[upkeep]
|-damage|p1a: Chansey|263\/645|[from] sandstorm
|turn|11
|
|switch|p2a: Excadrill|Excadrill, M|361\/361
|-damage|p2a: Excadrill|350\/361|[from] Stealth Rock
|move|p1a: Chansey|Soft-Boiled|p1a: Chansey
|-heal|p1a: Chansey|586\/645
|
|-weather|none
|turn|12
|c|+tripsbot|Costa goes into his Chansey, his best heatran switch-in.
|
|switch|p1a: Quagsire|Quagsire, M|394\/394
|-damage|p1a: Quagsire|370\/394|[from] Stealth Rock
|move|p2a: Excadrill|Swords Dance|p2a: Excadrill
|-boost|p2a: Excadrill|atk|2
|
|-heal|p1a: Quagsire|394\/394|[from] item: Leftovers
|turn|13
|
|switch|p2a: Celebi|Celebi|403\/403
|-damage|p2a: Celebi|353\/403|[from] Stealth Rock
|move|p1a: Quagsire|Scald|p2a: Celebi
|-resisted|p2a: Celebi
|-damage|p2a: Celebi|319\/403
|-status|p2a: Celebi|brn
|
|-heal|p2a: Celebi|344\/403 brn|[from] item: Leftovers
|-damage|p2a: Celebi|294\/403 brn|[from] brn
|turn|14
|
|switch|p1a: Skarmory|Skarmory, M|333\/333
|-damage|p1a: Skarmory|292\/333|[from] Stealth Rock
|move|p2a: Celebi|Baton Pass|p2a: Celebi
|
|switch|p2a: Slowbro|Slowbro, F|394\/394
|-damage|p2a: Slowbro|345\/394|[from] Stealth Rock
|
|turn|15
|join|I Iike Squirtles
|c|+tripsbot|Ox The Fox has no options except to go into Excadrill, which Costa goes into his Quagsire to check.
|join|Arcanine is Regal
|
|switch|p1a: Chansey|Chansey, F|586\/645
|-damage|p1a: Chansey|506\/645|[from] Stealth Rock
|move|p2a: Slowbro|Scald|p1a: Chansey
|-damage|p1a: Chansey|452\/645
|
|turn|16
|
|move|p1a: Chansey|Soft-Boiled|p1a: Chansey
|-heal|p1a: Chansey|645\/645
|move|p2a: Slowbro|Calm Mind|p2a: Slowbro
|-boost|p2a: Slowbro|spa|1
|-boost|p2a: Slowbro|spd|1
|
|turn|17
|
|move|p1a: Chansey|Seismic Toss|p2a: Slowbro
|-damage|p2a: Slowbro|245\/394
|move|p2a: Slowbro|Calm Mind|p2a: Slowbro
|-boost|p2a: Slowbro|spa|1
|-boost|p2a: Slowbro|spd|1
|
|turn|18
|
|switch|p1a: Quagsire|Quagsire, M|394\/394
|-damage|p1a: Quagsire|370\/394|[from] Stealth Rock
|move|p2a: Slowbro|Calm Mind|p2a: Slowbro
|-boost|p2a: Slowbro|spa|1
|-boost|p2a: Slowbro|spd|1
|
|-heal|p1a: Quagsire|394\/394|[from] item: Leftovers
|turn|19
|
|move|p1a: Quagsire|Encore|p2a: Slowbro
|-start|p2a: Slowbro|Encore
|move|p2a: Slowbro|Calm Mind|p2a: Slowbro
|-boost|p2a: Slowbro|spa|1
|-boost|p2a: Slowbro|spd|1
|
|turn|20
|join|Powerful Stop
|c|âOx the Fox|oh
|
|switch|p1a: Skarmory|Skarmory, M|292\/333
|-damage|p1a: Skarmory|251\/333|[from] Stealth Rock
|switch|p2a: Celebi|Celebi|294\/403
|-damage|p2a: Celebi|244\/403|[from] Stealth Rock
|
|-heal|p2a: Celebi|269\/403|[from] item: Leftovers
|turn|21
|c|+tripsbot|Ox the Fox calm minds, revealing that he is a Calm Mind Mega Slowbro, but costa goes straight for the encore with quagsire. which is epic.
|
|move|p2a: Celebi|Baton Pass|p2a: Celebi
|
|switch|p2a: Heatran|Heatran, M|311\/355
|-damage|p2a: Heatran|267\/355|[from] Stealth Rock
|move|p1a: Skarmory|Spikes|p2a: Heatran
|-sidestart|p2: Ox the Fox|Spikes
|
|turn|22
|
|switch|p2a: Slowbro|Slowbro, F|376\/394
|-damage|p2a: Slowbro|327\/394|[from] Spikes
|-damage|p2a: Slowbro|278\/394|[from] Stealth Rock
|switch|p1a: Chansey|Chansey, F|645\/645
|-damage|p1a: Chansey|565\/645|[from] Stealth Rock
|
|turn|23
|
|move|p1a: Chansey|Seismic Toss|p2a: Slowbro
|-damage|p2a: Slowbro|178\/394
|move|p2a: Slowbro|Calm Mind|p2a: Slowbro
|-boost|p2a: Slowbro|spa|1
|-boost|p2a: Slowbro|spd|1
|
|turn|24
|
|move|p1a: Chansey|Seismic Toss|p2a: Slowbro
|-damage|p2a: Slowbro|78\/394
|move|p2a: Slowbro|Rest|p2a: Slowbro
|-status|p2a: Slowbro|slp
|-heal|p2a: Slowbro|394\/394 slp|[silent]
|-status|p2a: Slowbro|slp|[from] move: Rest
|
|turn|25
Arcanine is Regal was promoted to Room Voice by Ox the Fox.
|leave|Jefo
|
|switch|p1a: Sableye|Sableye-Mega, F|285\/303
|-damage|p1a: Sableye|248\/303|[from] Stealth Rock
|cant|p2a: Slowbro|slp
|
|turn|26
|
|cant|p2a: Slowbro|slp
|move|p1a: Sableye|Snarl|p2a: Slowbro
|-supereffective|p2a: Slowbro
|-damage|p2a: Slowbro|314\/394 slp
|-unboost|p2a: Slowbro|spa|1
|
|turn|27
|join|Jefo
|c|âOx the Fox|this is hard now that you know I'm specs tran
|join|Yuttt.ttttt
|
|-curestatus|p2a: Slowbro|slp
|move|p2a: Slowbro|Calm Mind|p2a: Slowbro
|-boost|p2a: Slowbro|spa|1
|-boost|p2a: Slowbro|spd|1
|move|p1a: Sableye|Snarl|p2a: Slowbro
|-crit|p2a: Slowbro
|-supereffective|p2a: Slowbro
|-damage|p2a: Slowbro|122\/394
|-unboost|p2a: Slowbro|spa|1
|
|turn|28
|c|âOx the Fox|.
|c|+tripsbot|RS Swept goes for the epic snarl, lowering slowbro's special attack effectively making sableye a counter.
|
|move|p2a: Slowbro|Scald|p1a: Sableye
|-damage|p1a: Sableye|169\/303
|move|p1a: Sableye|Calm Mind|p1a: Sableye
|-boost|p1a: Sableye|spa|1
|-boost|p1a: Sableye|spd|1
|
|turn|29
|
|move|p2a: Slowbro|Calm Mind|p2a: Slowbro
|-boost|p2a: Slowbro|spa|1
|-boost|p2a: Slowbro|spd|1
|move|p1a: Sableye|Snarl|p2a: Slowbro
|-supereffective|p2a: Slowbro
|-damage|p2a: Slowbro|54\/394
|-unboost|p2a: Slowbro|spa|1
|
|turn|30
|join|Squirrelll
|
|detailschange|p2a: Slowbro|Slowbro-Mega, F
|message|Slowbro has Mega Evolved into Mega Slowbro!
|move|p2a: Slowbro|Rest|p2a: Slowbro
|-status|p2a: Slowbro|slp
|-heal|p2a: Slowbro|394\/394 slp|[silent]
|-status|p2a: Slowbro|slp|[from] move: Rest
|move|p1a: Sableye|Recover|p1a: Sableye
|-heal|p1a: Sableye|303\/303
|
|turn|31
|leave|I'm Rick Astley
|c|+tripsbot|Scald does miniscule damage, so costa goes straight for the calm mind.
|join|I'm Rick Astley
|
|cant|p2a: Slowbro|slp
|move|p1a: Sableye|Calm Mind|p1a: Sableye
|-boost|p1a: Sableye|spa|1
|-boost|p1a: Sableye|spd|1
|
|turn|32
|
|cant|p2a: Slowbro|slp
|move|p1a: Sableye|Calm Mind|p1a: Sableye
|-boost|p1a: Sableye|spa|1
|-boost|p1a: Sableye|spd|1
|
|turn|33
|join|mouse de frank
|join|Alvadora
|
|-curestatus|p2a: Slowbro|slp
|move|p2a: Slowbro|Calm Mind|p2a: Slowbro
|-boost|p2a: Slowbro|spa|1
|-boost|p2a: Slowbro|spd|1
|move|p1a: Sableye|Calm Mind|p1a: Sableye
|-boost|p1a: Sableye|spa|1
|-boost|p1a: Sableye|spd|1
|
|turn|34
|
|move|p2a: Slowbro|Scald|p1a: Sableye
|-crit|p1a: Sableye
|-damage|p1a: Sableye|104\/303
|move|p1a: Sableye|Snarl|p2a: Slowbro
|-supereffective|p2a: Slowbro
|-damage|p2a: Slowbro|280\/394
|-unboost|p2a: Slowbro|spa|1
|
|turn|35
|c|+tripsbot|Costa now continues to Calm Mind, initiating a Calm Mind war which mega sableye will obviously win
|c|âOx the Fox|ouch
|
|move|p2a: Slowbro|Scald|p1a: Sableye
|-damage|p1a: Sableye|71\/303
|move|p1a: Sableye|Recover|p1a: Sableye
|-heal|p1a: Sableye|223\/303
|
|turn|36
|c|âOx the Fox|I just want to burn
|
|move|p2a: Slowbro|Scald|p1a: Sableye
|-damage|p1a: Sableye|193\/303
|move|p1a: Sableye|Recover|p1a: Sableye
|-heal|p1a: Sableye|303\/303
|
|turn|37
|
|move|p2a: Slowbro|Calm Mind|p2a: Slowbro
|-boost|p2a: Slowbro|spa|1
|-boost|p2a: Slowbro|spd|1
|move|p1a: Sableye|Snarl|p2a: Slowbro
|-supereffective|p2a: Slowbro
|-damage|p2a: Slowbro|182\/394
|-unboost|p2a: Slowbro|spa|1
|
|turn|38
|
|move|p2a: Slowbro|Scald|p1a: Sableye
|-damage|p1a: Sableye|270\/303
|move|p1a: Sableye|Calm Mind|p1a: Sableye
|-boost|p1a: Sableye|spa|1
|-boost|p1a: Sableye|spd|1
|
|turn|39
|
|move|p2a: Slowbro|Calm Mind|p2a: Slowbro
|-boost|p2a: Slowbro|spa|1
|-boost|p2a: Slowbro|spd|1
|move|p1a: Sableye|Snarl|p2a: Slowbro
|-supereffective|p2a: Slowbro
|-damage|p2a: Slowbro|66\/394
|-unboost|p2a: Slowbro|spa|1
|
|turn|40
|
|move|p2a: Slowbro|Rest|p2a: Slowbro
|-status|p2a: Slowbro|slp
|-heal|p2a: Slowbro|394\/394 slp|[silent]
|-status|p2a: Slowbro|slp|[from] move: Rest
|move|p1a: Sableye|Calm Mind|p1a: Sableye
|-boost|p1a: Sableye|spa|1
|-boost|p1a: Sableye|spd|1
|
|turn|41
|c|+tripsbot|Unfortunately for Ox, he doesn't net the burn, and now costa is sitting with a +5 mega sableye on his side.
|
|cant|p2a: Slowbro|slp
|move|p1a: Sableye|Snarl|p2a: Slowbro
|-supereffective|p2a: Slowbro
|-damage|p2a: Slowbro|262\/394 slp
|-unboost|p2a: Slowbro|spa|1
|
|turn|42
|c|+tripsbot|this isn't looking good for ox.
|
|cant|p2a: Slowbro|slp
|move|p1a: Sableye|Snarl|p2a: Slowbro
|-supereffective|p2a: Slowbro
|-damage|p2a: Slowbro|134\/394 slp
|-unboost|p2a: Slowbro|spa|1
|
|turn|43
|
|-curestatus|p2a: Slowbro|slp
|move|p2a: Slowbro|Rest|p2a: Slowbro
|-status|p2a: Slowbro|slp
|-heal|p2a: Slowbro|394\/394 slp|[silent]
|-status|p2a: Slowbro|slp|[from] move: Rest
|move|p1a: Sableye|Snarl|p2a: Slowbro
|-supereffective|p2a: Slowbro
|-damage|p2a: Slowbro|260\/394 slp
|-unboost|p2a: Slowbro|spa|1
|
|turn|44
|
|cant|p2a: Slowbro|slp
|move|p1a: Sableye|Snarl|p2a: Slowbro
|-supereffective|p2a: Slowbro
|-damage|p2a: Slowbro|140\/394 slp
|-unboost|p2a: Slowbro|spa|1
|
|turn|45
|
|cant|p2a: Slowbro|slp
|move|p1a: Sableye|Snarl|p2a: Slowbro
|-supereffective|p2a: Slowbro
|-damage|p2a: Slowbro|12\/394 slp
|-unboost|p2a: Slowbro|spa|1
|
|turn|46
|
|-curestatus|p2a: Slowbro|slp
|move|p2a: Slowbro|Rest|p2a: Slowbro
|-status|p2a: Slowbro|slp
|-heal|p2a: Slowbro|394\/394 slp|[silent]
|-status|p2a: Slowbro|slp|[from] move: Rest
|move|p1a: Sableye|Snarl|p2a: Slowbro
|-supereffective|p2a: Slowbro
|-damage|p2a: Slowbro|278\/394 slp
|-unboost|p2a: Slowbro|spa|1
|
|turn|47
|
|cant|p2a: Slowbro|slp
|move|p1a: Sableye|Snarl|p2a: Slowbro
|-supereffective|p2a: Slowbro
|-damage|p2a: Slowbro|158\/394 slp
|
|turn|48
|
|cant|p2a: Slowbro|slp
|move|p1a: Sableye|Snarl|p2a: Slowbro
|-supereffective|p2a: Slowbro
|-damage|p2a: Slowbro|30\/394 slp
|
|turn|49
|c|+tripsbot|ox is now spamming rest, hoping to stall costa out.
|
|-curestatus|p2a: Slowbro|slp
|move|p2a: Slowbro|Rest|p2a: Slowbro
|-status|p2a: Slowbro|slp
|-heal|p2a: Slowbro|394\/394 slp|[silent]
|-status|p2a: Slowbro|slp|[from] move: Rest
|move|p1a: Sableye|Snarl|p2a: Slowbro
|-supereffective|p2a: Slowbro
|-damage|p2a: Slowbro|280\/394 slp
|
|turn|50
|
|cant|p2a: Slowbro|slp
|move|p1a: Sableye|Snarl|p2a: Slowbro
|-supereffective|p2a: Slowbro
|-damage|p2a: Slowbro|154\/394 slp
|
|turn|51
|
|cant|p2a: Slowbro|slp
|move|p1a: Sableye|Snarl|p2a: Slowbro
|-supereffective|p2a: Slowbro
|-damage|p2a: Slowbro|40\/394 slp
|
|turn|52
|
|-curestatus|p2a: Slowbro|slp
|move|p2a: Slowbro|Rest|p2a: Slowbro
|-status|p2a: Slowbro|slp
|-heal|p2a: Slowbro|394\/394 slp|[silent]
|-status|p2a: Slowbro|slp|[from] move: Rest
|move|p1a: Sableye|Snarl|p2a: Slowbro
|-miss|p1a: Sableye|p2a: Slowbro
|
|turn|53
|
|cant|p2a: Slowbro|slp
|move|p1a: Sableye|Snarl|p2a: Slowbro
|-supereffective|p2a: Slowbro
|-damage|p2a: Slowbro|262\/394 slp
|
|turn|54
|
|cant|p2a: Slowbro|slp
|move|p1a: Sableye|Snarl|p2a: Slowbro
|-supereffective|p2a: Slowbro
|-damage|p2a: Slowbro|142\/394 slp
|
|turn|55
|c|+Arcanine is Regal|!dt snarl
|c|~|\/data-move Snarl
|raw|<font size="1"><font color=#585858>Priority:<\/font> 0&nbsp;|&ThickSpace;<font color=#585858><font color=black>&#10003; Secondary Effect<\/font><\/font>&nbsp;|&ThickSpace;<font color=#585858><font color=black>&#10003; Sound<\/font><\/font>&nbsp;|&ThickSpace;<font color=#585858>Target:<\/font> Adjacent Foes<\/font>
|
|-curestatus|p2a: Slowbro|slp
|move|p2a: Slowbro|Scald|p1a: Sableye
|-damage|p1a: Sableye|263\/303
|move|p1a: Sableye|Snarl|p2a: Slowbro
|-supereffective|p2a: Slowbro
|-damage|p2a: Slowbro|26\/394
|
|turn|56
|
|move|p2a: Slowbro|Rest|p2a: Slowbro
|-status|p2a: Slowbro|slp
|-heal|p2a: Slowbro|394\/394 slp|[silent]
|-status|p2a: Slowbro|slp|[from] move: Rest
|move|p1a: Sableye|Snarl|p2a: Slowbro
|-supereffective|p2a: Slowbro
|-damage|p2a: Slowbro|280\/394 slp
|
|turn|57
|c|âOx the Fox|nice burns
|
|cant|p2a: Slowbro|slp
|move|p1a: Sableye|Snarl|p2a: Slowbro
|-supereffective|p2a: Slowbro
|-damage|p2a: Slowbro|148\/394 slp
|
|turn|58
|c|âRS Swept|where's my crit
|c|âRS Swept|you noob
|c|+Arcanine is Regal|lol
|
|cant|p2a: Slowbro|slp
|move|p1a: Sableye|Snarl|p2a: Slowbro
|-supereffective|p2a: Slowbro
|-damage|p2a: Slowbro|20\/394 slp
|
|turn|59
|c|+tripsbot|costa now is hoping for a crit, or he will be stalled out by mega slowbro
|c|âOx the Fox|lol
|c|âRS Swept|iknow lol
|c|âRS Swept|dont worry
|c|âRS Swept|!dt shell armor
|c|~|\/data-ability Shell Armor
|raw|<font size="1"><\/font>
|c|+tripsbot|epic crit banking
|join|Win Conditioner
|
|switch|p1a: Skarmory|Skarmory, M|251\/333
|-damage|p1a: Skarmory|210\/333|[from] Stealth Rock
|-curestatus|p2a: Slowbro|slp
|move|p2a: Slowbro|Scald|p1a: Skarmory
|-damage|p1a: Skarmory|171\/333
|-status|p1a: Skarmory|brn
|
|-damage|p1a: Skarmory|130\/333 brn|[from] brn
|turn|60
|join|m00n's blanket
|join|Breeloom
|c|âOx the Fox|live
|c|âRS Swept|real?
|c|âOx the Fox|PLEASE
|
|move|p1a: Skarmory|Brave Bird|p2a: Slowbro
|-damage|p2a: Slowbro|0 fnt
|-damage|p1a: Skarmory|123\/333 brn|[from] recoil|[of] p2a: Slowbro
|faint|p2a: Slowbro
|
|-damage|p1a: Skarmory|82\/333 brn|[from] brn
|c|âOx the Fox|gg
|-message|Ox the Fox forfeited.
|
|win|RS Swept
|raw|Ladder updating...
|join|z0mOG
|c|+tripsbot|costa wins
|c|âRS Swept|ox the noob
|c|+tripsbot|eqip
|leave|Breeloom
|c|âOx the Fox|;_;
|leave|Win Conditioner
|raw|RS Swept's rating: 1930 &rarr; <strong>1946<\/strong><br \/>(+16 for winning)
|raw|Ox the Fox's rating: 1855 &rarr; <strong>1840<\/strong><br \/>(-15 for losing)
|leave|mouse de frank
|leave|Ox the Fox
|leave|RS Swept
|leave|m00n's blanket
|player|p2
|player|p1
|leave|Henry
|leave|Updated Kanto
|leave|Outrageous Fortune
|join|Funnelby
|leave|strOKing
|leave|I'm Rick Astley
|leave|I Iike Squirtles
|leave|flyingsweater
|join|I'm Rick Astley
|leave|Alvadora
|leave|Squirrelll
|leave|stally the kid
|leave|I'm Rick Astley