|join|RS Swept
|join|FlashyZoey
|player|p1|RS Swept|29
|player|p2|FlashyZoey|33
|gametype|singles
|gen|6
|tier|OU
|rated
|clearpoke
|poke|p1|Gothitelle, M
|poke|p1|Skarmory, F
|poke|p1|Cresselia, F
|poke|p1|Quagsire, M
|poke|p1|Sableye, M
|poke|p1|Chansey, F
|poke|p2|Excadrill, F
|poke|p2|Manectric, M
|poke|p2|Celebi
|poke|p2|Manaphy
|poke|p2|Talonflame, M
|poke|p2|Tyranitar, M
|rule|Swagger Clause: Swagger is banned
|rule|Baton Pass Clause: Limit one PokÃ©mon knowing Baton Pass
|rule|Sleep Clause Mod: Limit one foe put to sleep
|rule|Species Clause: Limit one of each PokÃ©mon
|rule|OHKO Clause: OHKO moves are banned
|rule|Moody Clause: Moody is banned
|rule|Evasion Moves Clause: Evasion moves are banned
|rule|Endless Battle Clause: Forcing endless battles is banned
|rule|HP Percentage Mod: HP is shown in percentages
|teampreview
|
|start
|switch|p1a: Sableye|Sableye, M|304\/304
|switch|p2a: Manaphy|Manaphy|400\/400
|turn|1
|
|switch|p2a: Tyranitar|Tyranitar, M|341\/341
|-weather|Sandstorm
|switch|p1a: Gothitelle|Gothitelle, M|301\/301
|
|-weather|Sandstorm|[upkeep]
|-damage|p1a: Gothitelle|283\/301|[from] sandstorm
|turn|2
|c|âRS Swept|gg
|
|move|p1a: Gothitelle|Trick|p2a: Tyranitar
|-activate|p1a: Gothitelle|move: Trick|[of] p2a: Tyranitar
|-item|p2a: Tyranitar|Choice Scarf|[from] move: Trick
|-item|p1a: Gothitelle|Choice Scarf|[from] move: Trick
|move|p2a: Tyranitar|Pursuit|p1a: Gothitelle
|-supereffective|p1a: Gothitelle
|-damage|p1a: Gothitelle|133\/301
|
|-weather|Sandstorm|[upkeep]
|-damage|p1a: Gothitelle|115\/301|[from] sandstorm
|turn|3
|c|âFlashyZoey|pleee
|
|move|p1a: Gothitelle|Rest|p1a: Gothitelle
|-status|p1a: Gothitelle|slp
|-heal|p1a: Gothitelle|301\/301 slp|[silent]
|-status|p1a: Gothitelle|slp|[from] move: Rest
|move|p2a: Tyranitar|Pursuit|p1a: Gothitelle
|-supereffective|p1a: Gothitelle
|-damage|p1a: Gothitelle|143\/301 slp
|
|-weather|Sandstorm|[upkeep]
|-damage|p1a: Gothitelle|125\/301 slp|[from] sandstorm
|turn|4
|
|cant|p1a: Gothitelle|slp
|move|p2a: Tyranitar|Pursuit|p1a: Gothitelle
|-supereffective|p1a: Gothitelle
|-damage|p1a: Gothitelle|0 fnt
|faint|p1a: Gothitelle
|
|-weather|Sandstorm|[upkeep]
|
|switch|p1a: Sableye|Sableye, M|304\/304
|turn|5
|
|switch|p2a: Manaphy|Manaphy|400\/400
|detailschange|p1a: Sableye|Sableye-Mega, M
|message|Sableye has Mega Evolved into Mega Sableye!
|move|p1a: Sableye|Dark Pulse|p2a: Manaphy
|-damage|p2a: Manaphy|315\/400
|
|-weather|none
|-heal|p2a: Manaphy|340\/400|[from] item: Leftovers
|turn|6
|
|switch|p1a: Chansey|Chansey, F|645\/645
|move|p2a: Manaphy|Tail Glow|p2a: Manaphy
|-boost|p2a: Manaphy|spa|3
|
|-heal|p2a: Manaphy|365\/400|[from] item: Leftovers
|turn|7
|
|move|p2a: Manaphy|Tail Glow|p2a: Manaphy
|-boost|p2a: Manaphy|spa|3
|move|p1a: Chansey|Seismic Toss|p2a: Manaphy
|-damage|p2a: Manaphy|265\/400
|
|-heal|p2a: Manaphy|290\/400|[from] item: Leftovers
|turn|8
|
|move|p2a: Manaphy|Rain Dance|p2a: Manaphy
|-weather|RainDance
|move|p1a: Chansey|Seismic Toss|p2a: Manaphy
|-damage|p2a: Manaphy|190\/400
|
|-weather|RainDance|[upkeep]
|-heal|p2a: Manaphy|215\/400|[from] item: Leftovers
|turn|9
|
|move|p2a: Manaphy|Scald|p1a: Chansey
|-damage|p1a: Chansey|351\/645
|move|p1a: Chansey|Seismic Toss|p2a: Manaphy
|-damage|p2a: Manaphy|115\/400
|
|-weather|RainDance|[upkeep]
|-heal|p2a: Manaphy|140\/400|[from] item: Leftovers
|turn|10
|join|craing _;
|
|move|p2a: Manaphy|Scald|p1a: Chansey
|-damage|p1a: Chansey|69\/645
|move|p1a: Chansey|Seismic Toss|p2a: Manaphy
|-damage|p2a: Manaphy|40\/400
|
|-weather|RainDance|[upkeep]
|-heal|p2a: Manaphy|65\/400|[from] item: Leftovers
|turn|11
|
|move|p2a: Manaphy|Rest|p2a: Manaphy
|-status|p2a: Manaphy|slp
|-heal|p2a: Manaphy|400\/400 slp|[silent]
|-status|p2a: Manaphy|slp|[from] move: Rest
|move|p1a: Chansey|Seismic Toss|p2a: Manaphy
|-damage|p2a: Manaphy|300\/400 slp
|
|-weather|RainDance|[upkeep]
|-curestatus|p2a: Manaphy|slp
|-heal|p2a: Manaphy|325\/400|[from] item: Leftovers
|turn|12
|c|âRS Swept|oh jesus christ
|-message|RS Swept forfeited.
|
|win|FlashyZoey
|raw|Ladder updating...
|leave|RS Swept
|player|p1
|raw|RS Swept's rating: 1833 &rarr; <strong>1801<\/strong><br \/>(-32 for losing)
|raw|FlashyZoey's rating: 1606 &rarr; <strong>1638<\/strong><br \/>(+32 for winning)
|join|Jukain
|leave|craing _;
|leave|Jukain