|join|hardpuzzle
|join|RS Swept
|player|p1|hardpuzzle|101
|player|p2|RS Swept|29
|gametype|singles
|gen|6
|tier|OU
|rated
|clearpoke
|poke|p1|Tyranitar, M
|poke|p1|Slowbro, F
|poke|p1|Skarmory, M
|poke|p1|Amoonguss, M
|poke|p1|Clefable, F
|poke|p1|Chansey, F
|poke|p2|Gothitelle, F
|poke|p2|Skarmory, F
|poke|p2|Cresselia, F
|poke|p2|Quagsire, M
|poke|p2|Sableye, F
|poke|p2|Chansey, F
|rule|Swagger Clause: Swagger is banned
|rule|Baton Pass Clause: Limit one PokÃ©mon knowing Baton Pass
|rule|Sleep Clause Mod: Limit one foe put to sleep
|rule|Species Clause: Limit one of each PokÃ©mon
|rule|OHKO Clause: OHKO moves are banned
|rule|Moody Clause: Moody is banned
|rule|Evasion Moves Clause: Evasion moves are banned
|rule|Endless Battle Clause: Forcing endless battles is banned
|rule|HP Percentage Mod: HP is shown in percentages
|teampreview
|
|start
|switch|p1a: Clefable|Clefable, F|392\/392
|switch|p2a: Sableye|Sableye, F|304\/304
|turn|1
|
|switch|p2a: Gothitelle|Gothitelle, F|301\/301
|move|p1a: Clefable|Knock Off|p2a: Gothitelle
|-supereffective|p2a: Gothitelle
|-damage|p2a: Gothitelle|189\/301
|-enditem|p2a: Gothitelle|Choice Scarf|[from] move: Knock Off|[of] p1a: Clefable
|
|turn|2
|
|move|p2a: Gothitelle|Trick|p1a: Clefable
|-activate|p2a: Gothitelle|move: Trick|[of] p1a: Clefable
|-item|p2a: Gothitelle|Leftovers|[from] move: Trick
|move|p1a: Clefable|Calm Mind|p1a: Clefable
|-boost|p1a: Clefable|spa|1
|-boost|p1a: Clefable|spd|1
|
|-heal|p2a: Gothitelle|207\/301|[from] item: Leftovers
|turn|3
|
|move|p2a: Gothitelle|Calm Mind|p2a: Gothitelle
|-boost|p2a: Gothitelle|spa|1
|-boost|p2a: Gothitelle|spd|1
|move|p1a: Clefable|Knock Off|p2a: Gothitelle
|-supereffective|p2a: Gothitelle
|-damage|p2a: Gothitelle|91\/301
|-enditem|p2a: Gothitelle|Leftovers|[from] move: Knock Off|[of] p1a: Clefable
|
|turn|4
|join|Dayanne
|
|switch|p2a: Quagsire|Quagsire, M|394\/394
|move|p1a: Clefable|Moonblast|p2a: Quagsire
|-damage|p2a: Quagsire|222\/394
|
|-heal|p2a: Quagsire|246\/394|[from] item: Leftovers
|turn|5
|join|uioghug
|
|move|p1a: Clefable|Knock Off|p2a: Quagsire
|-damage|p2a: Quagsire|202\/394
|-enditem|p2a: Quagsire|Leftovers|[from] move: Knock Off|[of] p1a: Clefable
|move|p2a: Quagsire|Recover|p2a: Quagsire
|-heal|p2a: Quagsire|394\/394
|
|turn|6
|
|move|p1a: Clefable|Moonblast|p2a: Quagsire
|-damage|p2a: Quagsire|228\/394
|move|p2a: Quagsire|Toxic|p1a: Clefable
|-status|p1a: Clefable|tox
|
|turn|7
|
|move|p1a: Clefable|Moonblast|p2a: Quagsire
|-damage|p2a: Quagsire|56\/394
|-unboost|p2a: Quagsire|spa|1
|move|p2a: Quagsire|Recover|p2a: Quagsire
|-heal|p2a: Quagsire|253\/394
|
|turn|8
|
|move|p1a: Clefable|Moonblast|p2a: Quagsire
|-damage|p2a: Quagsire|82\/394
|move|p2a: Quagsire|Recover|p2a: Quagsire
|-heal|p2a: Quagsire|279\/394
|
|turn|9
|join|Venom GT
|
|move|p1a: Clefable|Knock Off|p2a: Quagsire
|-crit|p2a: Quagsire
|-damage|p2a: Quagsire|234\/394
|move|p2a: Quagsire|Recover|p2a: Quagsire
|-heal|p2a: Quagsire|394\/394
|
|turn|10
|join|TheFlamingSword
|
|move|p1a: Clefable|Knock Off|p2a: Quagsire
|-damage|p2a: Quagsire|367\/394
|move|p2a: Quagsire|Earthquake|p1a: Clefable
|-crit|p1a: Clefable
|-damage|p1a: Clefable|259\/392 tox
|
|turn|11
|
|move|p1a: Clefable|Knock Off|p2a: Quagsire
|-damage|p2a: Quagsire|341\/394
|move|p2a: Quagsire|Earthquake|p1a: Clefable
|-damage|p1a: Clefable|169\/392 tox
|
|turn|12
|
|switch|p2a: Skarmory|Skarmory, F|333\/333
|move|p1a: Clefable|Soft-Boiled|p1a: Clefable
|-heal|p1a: Clefable|365\/392 tox
|
|turn|13
|
|move|p2a: Skarmory|Spikes|p1a: Clefable
|-sidestart|p1: hardpuzzle|Spikes
|move|p1a: Clefable|Knock Off|p2a: Skarmory
|-damage|p2a: Skarmory|304\/333
|-enditem|p2a: Skarmory|Shed Shell|[from] move: Knock Off|[of] p1a: Clefable
|
|turn|14
|
|move|p2a: Skarmory|Spikes|p1a: Clefable
|-sidestart|p1: hardpuzzle|Spikes
|move|p1a: Clefable|Moonblast|p2a: Skarmory
|-resisted|p2a: Skarmory
|-damage|p2a: Skarmory|198\/333
|-unboost|p2a: Skarmory|spa|1
|
|turn|15
|
|move|p2a: Skarmory|Roost|p2a: Skarmory
|-heal|p2a: Skarmory|333\/333
|move|p1a: Clefable|Calm Mind|p1a: Clefable
|-boost|p1a: Clefable|spa|1
|-boost|p1a: Clefable|spd|1
|
|turn|16
|
|switch|p2a: Cresselia|Cresselia, F|444\/444
|move|p1a: Clefable|Moonblast|p2a: Cresselia
|-damage|p2a: Cresselia|296\/444
|-unboost|p2a: Cresselia|spa|1
|
|-heal|p2a: Cresselia|323\/444|[from] item: Leftovers
|turn|17
|c| TheFlamingSword|LOL
|
|switch|p1a: Tyranitar|Tyranitar, M|342\/342
|-damage|p1a: Tyranitar|285\/342|[from] Spikes
|-weather|Sandstorm
|move|p2a: Cresselia|Skill Swap|p1a: Tyranitar
|-activate|p2a: Cresselia|move: Skill Swap|Sand Stream|Levitate|[of] p1a: Tyranitar
|
|-weather|Sandstorm|[upkeep]
|-damage|p2a: Cresselia|296\/444|[from] sandstorm
|-heal|p2a: Cresselia|323\/444|[from] item: Leftovers
|turn|18
|c| TheFlamingSword|knock off?
|c|âhardpuzzle|pra morrer ?
|
|move|p1a: Tyranitar|Pursuit|p2a: Cresselia
|-supereffective|p2a: Cresselia
|-damage|p2a: Cresselia|215\/444
|move|p2a: Cresselia|Thunder Wave|p1a: Tyranitar
|-status|p1a: Tyranitar|par
|
|-weather|Sandstorm|[upkeep]
|-damage|p2a: Cresselia|188\/444|[from] sandstorm
|-heal|p2a: Cresselia|215\/444|[from] item: Leftovers
|turn|19
|
|move|p2a: Cresselia|Moonlight|p2a: Cresselia
|-heal|p2a: Cresselia|326\/444
|cant|p1a: Tyranitar|par
|
|-weather|Sandstorm|[upkeep]
|-damage|p2a: Cresselia|299\/444|[from] sandstorm
|-heal|p2a: Cresselia|326\/444|[from] item: Leftovers
|turn|20
|
|move|p1a: Tyranitar|Pursuit|p2a: Cresselia|[from]Pursuit
|-supereffective|p2a: Cresselia
|-damage|p2a: Cresselia|126\/444
|switch|p2a: Sableye|Sableye, F|304\/304
|
|-weather|Sandstorm|[upkeep]
|-damage|p2a: Sableye|285\/304|[from] sandstorm
|turn|21
|
|detailschange|p2a: Sableye|Sableye-Mega, F
|message|Sableye has Mega Evolved into Mega Sableye!
|move|p2a: Sableye|Dark Pulse|p1a: Tyranitar
|-resisted|p1a: Tyranitar
|-damage|p1a: Tyranitar|258\/342 par
|cant|p1a: Tyranitar|par
|
|-weather|none
|turn|22
|c| TheFlamingSword|lol
|
|switch|p1a: Clefable|Clefable, F|365\/392 tox
|move|p2a: Sableye|Dark Pulse|p1a: Clefable
|-resisted|p1a: Clefable
|-damage|p1a: Clefable|317\/392 tox
|
|turn|23
|c| TheFlamingSword|eu nem sabia q isso pegava knock off
|
|switch|p1a: Skarmory|Skarmory, M|334\/334
|switch|p2a: Skarmory|Skarmory, F|333\/333
|
|turn|24
|
|switch|p2a: Gothitelle|Gothitelle, F|91\/301
|move|p1a: Skarmory|Spikes|p2a: Gothitelle
|-sidestart|p2: RS Swept|Spikes
|
|turn|25
|
|move|p2a: Gothitelle|Rest|p2a: Gothitelle
|-status|p2a: Gothitelle|slp
|-heal|p2a: Gothitelle|301\/301 slp|[silent]
|-status|p2a: Gothitelle|slp|[from] move: Rest
|move|p1a: Skarmory|Spikes|p2a: Gothitelle
|-sidestart|p2: RS Swept|Spikes
|
|turn|26
|
|cant|p2a: Gothitelle|slp
|move|p1a: Skarmory|Spikes|p2a: Gothitelle
|-sidestart|p2: RS Swept|Spikes
|
|turn|27
|
|switch|p1a: Tyranitar|Tyranitar, M|258\/342 par
|-damage|p1a: Tyranitar|201\/342 par|[from] Spikes
|-weather|Sandstorm
|cant|p2a: Gothitelle|slp
|
|-weather|Sandstorm|[upkeep]
|-damage|p2a: Gothitelle|283\/301 slp|[from] sandstorm
|turn|28
|
|-curestatus|p2a: Gothitelle|slp
|move|p2a: Gothitelle|Trick|p1a: Tyranitar
|-activate|p2a: Gothitelle|move: Trick|[of] p1a: Tyranitar
|-item|p2a: Gothitelle|Choice Scarf|[from] move: Trick
|move|p1a: Tyranitar|Pursuit|p2a: Gothitelle
|-supereffective|p2a: Gothitelle
|-damage|p2a: Gothitelle|137\/301
|
|-weather|Sandstorm|[upkeep]
|-damage|p2a: Gothitelle|119\/301|[from] sandstorm
|turn|29
|
|move|p2a: Gothitelle|Trick|p1a: Tyranitar
|-activate|p2a: Gothitelle|move: Trick|[of] p1a: Tyranitar
|-item|p1a: Tyranitar|Choice Scarf|[from] move: Trick
|move|p1a: Tyranitar|Pursuit|p2a: Gothitelle
|-supereffective|p2a: Gothitelle
|-damage|p2a: Gothitelle|0 fnt
|faint|p2a: Gothitelle
|
|-weather|Sandstorm|[upkeep]
|
|switch|p2a: Skarmory|Skarmory, F|333\/333
|turn|30
|c| TheFlamingSword|._.
|join|Prankster
|c| Dayanne|nice
|
|switch|p1a: Clefable|Clefable, F|317\/392 tox
|move|p2a: Skarmory|Defog|p1a: Clefable
|-unboost|p1a: Clefable|evasion|1
|-sideend|p1: hardpuzzle|Spikes|[from] move: Defog|[of] p1a: Clefable
|-sideend|p2: RS Swept|Spikes|[from] move: Defog|[of] p2a: Skarmory
|
|-weather|Sandstorm|[upkeep]
|turn|31
|
|switch|p1a: Skarmory|Skarmory, M|334\/334
|move|p2a: Skarmory|Spikes|p1a: Skarmory
|-sidestart|p1: hardpuzzle|Spikes
|
|-weather|none
|turn|32
|
|switch|p2a: Sableye|Sableye-Mega, F|285\/304
|move|p1a: Skarmory|Brave Bird|p2a: Sableye
|-damage|p2a: Sableye|201\/304
|-damage|p1a: Skarmory|306\/334|[from] recoil|[of] p2a: Sableye
|
|turn|33
|c| Dayanne|spikes and defog
|
|switch|p1a: Clefable|Clefable, F|317\/392 tox
|move|p2a: Sableye|Recover|p2a: Sableye
|-heal|p2a: Sableye|304\/304
|
|turn|34
|c|âhardpuzzle|como entender ?
|
|switch|p2a: Skarmory|Skarmory, F|333\/333
|move|p1a: Clefable|Calm Mind|p1a: Clefable
|-boost|p1a: Clefable|spa|1
|-boost|p1a: Clefable|spd|1
|
|turn|35
|c| TheFlamingSword|lol
|
|move|p2a: Skarmory|Spikes|p1a: Clefable
|-sidestart|p1: hardpuzzle|Spikes
|move|p1a: Clefable|Calm Mind|p1a: Clefable
|-boost|p1a: Clefable|spa|1
|-boost|p1a: Clefable|spd|1
|
|turn|36
|
|move|p2a: Skarmory|Spikes|p1a: Clefable
|-sidestart|p1: hardpuzzle|Spikes
|move|p1a: Clefable|Moonblast|p2a: Skarmory
|-resisted|p2a: Skarmory
|-damage|p2a: Skarmory|183\/333
|
|turn|37
|
|move|p2a: Skarmory|Roost|p2a: Skarmory
|-heal|p2a: Skarmory|333\/333
|move|p1a: Clefable|Calm Mind|p1a: Clefable
|-boost|p1a: Clefable|spa|1
|-boost|p1a: Clefable|spd|1
|
|turn|38
|
|switch|p2a: Chansey|Chansey, F|645\/645
|move|p1a: Clefable|Moonblast|p2a: Chansey
|-damage|p2a: Chansey|506\/645
|
|turn|39
|
|switch|p2a: Quagsire|Quagsire, M|341\/394
|move|p1a: Clefable|Knock Off|p2a: Quagsire
|-damage|p2a: Quagsire|313\/394
|
|turn|40
|
|move|p1a: Clefable|Knock Off|p2a: Quagsire
|-damage|p2a: Quagsire|283\/394
|move|p2a: Quagsire|Recover|p2a: Quagsire
|-heal|p2a: Quagsire|394\/394
|
|turn|41
|
|move|p1a: Clefable|Knock Off|p2a: Quagsire
|-damage|p2a: Quagsire|368\/394
|move|p2a: Quagsire|Earthquake|p1a: Clefable
|-damage|p1a: Clefable|227\/392 tox
|
|turn|42
|
|move|p1a: Clefable|Knock Off|p2a: Quagsire
|-damage|p2a: Quagsire|340\/394
|move|p2a: Quagsire|Earthquake|p1a: Clefable
|-damage|p1a: Clefable|139\/392 tox
|
|turn|43
|
|move|p1a: Clefable|Soft-Boiled|p1a: Clefable
|-heal|p1a: Clefable|335\/392 tox
|move|p2a: Quagsire|Earthquake|p1a: Clefable
|-damage|p1a: Clefable|250\/392 tox
|
|turn|44
|
|move|p1a: Clefable|Moonblast|p2a: Quagsire
|-damage|p2a: Quagsire|169\/394
|move|p2a: Quagsire|Scald|p1a: Clefable
|-damage|p1a: Clefable|178\/392 tox
|
|turn|45
|
|move|p1a: Clefable|Moonblast|p2a: Quagsire
|-damage|p2a: Quagsire|0 fnt
|faint|p2a: Quagsire
|
|
|switch|p2a: Skarmory|Skarmory, F|333\/333
|turn|46
|join|Robert Edward Lee
|c| Venom GT|seta mais
|
|move|p2a: Skarmory|Brave Bird|p1a: Clefable
|-damage|p1a: Clefable|75\/392 tox
|-damage|p2a: Skarmory|299\/333|[from] recoil|[of] p1a: Clefable
|move|p1a: Clefable|Soft-Boiled|p1a: Clefable
|-heal|p1a: Clefable|271\/392 tox
|
|turn|47
|c| TheFlamingSword|top 5?
|
|switch|p2a: Chansey|Chansey, F|506\/645
|move|p1a: Clefable|Moonblast|p2a: Chansey
|-damage|p2a: Chansey|377\/645
|
|turn|48
|c|âhardpuzzle|mano
|c|âhardpuzzle|eu tava top 2
|
|move|p1a: Clefable|Moonblast|p2a: Chansey
|-damage|p2a: Chansey|235\/645
|move|p2a: Chansey|Stealth Rock|p1a: Clefable
|-sidestart|p1: hardpuzzle|move: Stealth Rock
|
|turn|49
|
|move|p1a: Clefable|Knock Off|p2a: Chansey
|-crit|p2a: Chansey
|-damage|p2a: Chansey|134\/645
|-enditem|p2a: Chansey|Eviolite|[from] move: Knock Off|[of] p1a: Clefable
|move|p2a: Chansey|Soft-Boiled|p2a: Chansey
|-heal|p2a: Chansey|457\/645
|
|turn|50
|
|move|p1a: Clefable|Moonblast|p2a: Chansey
|-damage|p2a: Chansey|247\/645
|move|p2a: Chansey|Soft-Boiled|p2a: Chansey
|-heal|p2a: Chansey|570\/645
|
|turn|51
|join|Saved by Dragonite
|
|move|p1a: Clefable|Calm Mind|p1a: Clefable
|-boost|p1a: Clefable|spa|1
|-boost|p1a: Clefable|spd|1
|move|p2a: Chansey|Soft-Boiled|p2a: Chansey
|-heal|p2a: Chansey|645\/645
|
|turn|52
|c| Saved by Dragonite|prankster
|
|move|p1a: Clefable|Moonblast|p2a: Chansey
|-damage|p2a: Chansey|395\/645
|move|p2a: Chansey|Seismic Toss|p1a: Clefable
|-damage|p1a: Clefable|171\/392 tox
|
|turn|53
|
|move|p1a: Clefable|Calm Mind|p1a: Clefable
|-boost|p1a: Clefable|spa|1
|-boost|p1a: Clefable|spd|1
|move|p2a: Chansey|Soft-Boiled|p2a: Chansey
|-heal|p2a: Chansey|645\/645
|
|turn|54
|leave|Robert Edward Lee
|
|move|p1a: Clefable|Moonblast|p2a: Chansey
|-damage|p2a: Chansey|368\/645
|move|p2a: Chansey|Seismic Toss|p1a: Clefable
|-damage|p1a: Clefable|71\/392 tox
|
|turn|55
|
|move|p1a: Clefable|Soft-Boiled|p1a: Clefable
|-heal|p1a: Clefable|267\/392 tox
|move|p2a: Chansey|Seismic Toss|p1a: Clefable
|-damage|p1a: Clefable|167\/392 tox
|
|turn|56
|
|move|p1a: Clefable|Calm Mind|p1a: Clefable
|-boost|p1a: Clefable|spa|1
|-boost|p1a: Clefable|spd|1
|move|p2a: Chansey|Soft-Boiled|p2a: Chansey
|-heal|p2a: Chansey|645\/645
|
|turn|57
|leave|Saved by Dragonite
|
|move|p1a: Clefable|Soft-Boiled|p1a: Clefable
|-heal|p1a: Clefable|363\/392 tox
|move|p2a: Chansey|Soft-Boiled|p2a: Chansey
|-fail|p2a: Chansey
|
|turn|58
|
|move|p1a: Clefable|Moonblast|p2a: Chansey
|-damage|p2a: Chansey|312\/645
|move|p2a: Chansey|Soft-Boiled|p2a: Chansey
|-heal|p2a: Chansey|635\/645
|
|turn|59
|
|move|p1a: Clefable|Knock Off|p2a: Chansey
|-damage|p2a: Chansey|573\/645
|move|p2a: Chansey|Soft-Boiled|p2a: Chansey
|-heal|p2a: Chansey|645\/645
|
|turn|60
|
|move|p1a: Clefable|Moonblast|p2a: Chansey
|-damage|p2a: Chansey|326\/645
|-unboost|p2a: Chansey|spa|1
|move|p2a: Chansey|Soft-Boiled|p2a: Chansey
|-heal|p2a: Chansey|645\/645
|
|turn|61
|
|move|p1a: Clefable|Knock Off|p2a: Chansey
|-damage|p2a: Chansey|582\/645
|move|p2a: Chansey|Seismic Toss|p1a: Clefable
|-damage|p1a: Clefable|263\/392 tox
|
|turn|62
|
|move|p1a: Clefable|Knock Off|p2a: Chansey
|-damage|p2a: Chansey|514\/645
|move|p2a: Chansey|Soft-Boiled|p2a: Chansey
|-heal|p2a: Chansey|645\/645
|
|turn|63
|
|move|p1a: Clefable|Knock Off|p2a: Chansey
|-damage|p2a: Chansey|577\/645
|move|p2a: Chansey|Seismic Toss|p1a: Clefable
|-damage|p1a: Clefable|163\/392 tox
|
|turn|64
|
|move|p1a: Clefable|Knock Off|p2a: Chansey
|-damage|p2a: Chansey|508\/645
|move|p2a: Chansey|Seismic Toss|p1a: Clefable
|-damage|p1a: Clefable|63\/392 tox
|
|turn|65
|
|move|p1a: Clefable|Soft-Boiled|p1a: Clefable
|-heal|p1a: Clefable|259\/392 tox
|move|p2a: Chansey|Seismic Toss|p1a: Clefable
|-damage|p1a: Clefable|159\/392 tox
|
|turn|66
|
|move|p1a: Clefable|Soft-Boiled|p1a: Clefable
|-heal|p1a: Clefable|355\/392 tox
|move|p2a: Chansey|Seismic Toss|p1a: Clefable
|-damage|p1a: Clefable|255\/392 tox
|
|turn|67
|
|move|p1a: Clefable|Knock Off|p2a: Chansey
|-damage|p2a: Chansey|440\/645
|move|p2a: Chansey|Soft-Boiled|p2a: Chansey
|-heal|p2a: Chansey|645\/645
|
|turn|68
|
|move|p1a: Clefable|Knock Off|p2a: Chansey
|-damage|p2a: Chansey|577\/645
|move|p2a: Chansey|Seismic Toss|p1a: Clefable
|-damage|p1a: Clefable|155\/392 tox
|
|turn|69
|c| TheFlamingSword|llol
|
|switch|p2a: Cresselia|Cresselia, F|126\/444
|move|p1a: Clefable|Moonblast|p2a: Cresselia
|-damage|p2a: Cresselia|0 fnt
|faint|p2a: Cresselia
|
|c|âhardpuzzle|ai sim
|
|switch|p2a: Skarmory|Skarmory, F|299\/333
|turn|70
|
|move|p2a: Skarmory|Brave Bird|p1a: Clefable
|-damage|p1a: Clefable|47\/392 tox
|-damage|p2a: Skarmory|263\/333|[from] recoil|[of] p1a: Clefable
|move|p1a: Clefable|Soft-Boiled|p1a: Clefable
|-heal|p1a: Clefable|243\/392 tox
|
|turn|71
|
|move|p2a: Skarmory|Roost|p2a: Skarmory
|-heal|p2a: Skarmory|333\/333
|move|p1a: Clefable|Moonblast|p2a: Skarmory
|-resisted|p2a: Skarmory
|-damage|p2a: Skarmory|66\/333
|-unboost|p2a: Skarmory|spa|1
|
|turn|72
|
|move|p2a: Skarmory|Roost|p2a: Skarmory
|-heal|p2a: Skarmory|233\/333
|move|p1a: Clefable|Moonblast|p2a: Skarmory
|-resisted|p2a: Skarmory
|-damage|p2a: Skarmory|0 fnt
|faint|p2a: Skarmory
|
|
|switch|p2a: Chansey|Chansey, F|577\/645
|turn|73
|c| TheFlamingSword|eba
|c|âhardpuzzle|tudo isso pra ganhar quanto ?
|c|âhardpuzzle|20 pontos
|
|move|p1a: Clefable|Knock Off|p2a: Chansey
|-damage|p2a: Chansey|506\/645
|move|p2a: Chansey|Soft-Boiled|p2a: Chansey
|-heal|p2a: Chansey|645\/645
|
|turn|74
|
|move|p1a: Clefable|Knock Off|p2a: Chansey
|-damage|p2a: Chansey|583\/645
|move|p2a: Chansey|Seismic Toss|p1a: Clefable
|-damage|p1a: Clefable|143\/392 tox
|
|turn|75
|c| TheFlamingSword|mas ajudou
|
|move|p1a: Clefable|Soft-Boiled|p1a: Clefable
|-heal|p1a: Clefable|339\/392 tox
|move|p2a: Chansey|Seismic Toss|p1a: Clefable
|-damage|p1a: Clefable|239\/392 tox
|
|turn|76
|c| TheFlamingSword|ue
|c|âhardpuzzle|mas perdi 32
|c|âhardpuzzle|por hax imenso
|
|move|p1a: Clefable|Knock Off|p2a: Chansey
|-damage|p2a: Chansey|509\/645
|move|p2a: Chansey|Seismic Toss|p1a: Clefable
|-damage|p1a: Clefable|139\/392 tox
|
|turn|77
|
|move|p1a: Clefable|Moonblast|p2a: Chansey
|-damage|p2a: Chansey|208\/645
|move|p2a: Chansey|Seismic Toss|p1a: Clefable
|-damage|p1a: Clefable|39\/392 tox
|
|turn|78
|
|move|p1a: Clefable|Moonblast|p2a: Chansey
|-damage|p2a: Chansey|0 fnt
|faint|p2a: Chansey
|
|c| TheFlamingSword|lol
|
|switch|p2a: Sableye|Sableye-Mega, F|304\/304
|turn|79
|
|move|p1a: Clefable|Moonblast|p2a: Sableye
|-supereffective|p2a: Sableye
|-damage|p2a: Sableye|0 fnt
|faint|p2a: Sableye
|
|win|hardpuzzle
|raw|Ladder updating...
|c| TheFlamingSword|gg
|raw|hardpuzzle's rating: 1832 &rarr; <strong>1851<\/strong><br \/>(+19 for winning)
|raw|RS Swept's rating: 1829 &rarr; <strong>1809<\/strong><br \/>(-20 for losing)
|c| TheFlamingSword|19
|c|âhardpuzzle|nem 20 pontos
|c| TheFlamingSword|por 1
|leave|RS Swept
|player|p2
|c| TheFlamingSword|vc ta em top 2
|c| TheFlamingSword|3 *
|join|Bloodz
|leave|Bloodz
|leave|Venom GT
|join|Venom GT
|leave|Venom GT
|join|Saved by Dragonite
|c| Saved by Dragonite|prankster
|leave|Saved by Dragonite
|join|Langziehpopel
|leave|Langziehpopel
|join|Langziehpopel
|leave|Langziehpopel
|join|Venom GT
|leave|Venom GT
|leave|Prankster
|leave|uioghug