|join|RS Swept
|join|Reptikrook
|player|p1|RS Swept|29
|player|p2|Reptikrook|17
|gametype|singles
|gen|6
|tier|OU
|rated
|clearpoke
|poke|p1|Gothitelle, M
|poke|p1|Skarmory, F
|poke|p1|Cresselia, F
|poke|p1|Quagsire, F
|poke|p1|Sableye, F
|poke|p1|Chansey, F
|poke|p2|Heracross, F
|poke|p2|Heatran, F
|poke|p2|Zapdos
|poke|p2|Slowbro, M
|poke|p2|Talonflame, M
|poke|p2|Landorus-Therian, M
|rule|Swagger Clause: Swagger is banned
|rule|Baton Pass Clause: Limit one PokÃ©mon knowing Baton Pass
|rule|Sleep Clause Mod: Limit one foe put to sleep
|rule|Species Clause: Limit one of each PokÃ©mon
|rule|OHKO Clause: OHKO moves are banned
|rule|Moody Clause: Moody is banned
|rule|Evasion Moves Clause: Evasion moves are banned
|rule|Endless Battle Clause: Forcing endless battles is banned
|rule|HP Percentage Mod: HP is shown in percentages
|teampreview
|
|start
|switch|p1a: Sableye|Sableye, F|303\/303
|switch|p2a: Heatransexual|Heatran, F|386\/386
|turn|1
|
|switch|p2a: Raw|Talonflame, M|345\/345
|detailschange|p1a: Sableye|Sableye-Mega, F
|message|Sableye has Mega Evolved into Mega Sableye!
|move|p1a: Sableye|Snarl|p2a: Raw
|-damage|p2a: Raw|264\/345
|-unboost|p2a: Raw|spa|1
|
|turn|2
|
|switch|p1a: Quagsire|Quagsire, F|394\/394
|move|p2a: Raw|Swords Dance|p2a: Raw
|-boost|p2a: Raw|atk|2
|
|turn|3
|join|Pokeplays777
|
|switch|p2a: Heracross|Heracross, F|301\/301
|move|p1a: Quagsire|Toxic|p2a: Heracross
|-status|p2a: Heracross|tox
|
|-damage|p2a: Heracross|283\/301 tox|[from] psn
|turn|4
|
|switch|p1a: Skarmory|Skarmory, F|333\/333
|move|p2a: Heracross|Bullet Seed|p1a: Skarmory
|-resisted|p1a: Skarmory
|-damage|p1a: Skarmory|326\/333
|-resisted|p1a: Skarmory
|-damage|p1a: Skarmory|319\/333
|-resisted|p1a: Skarmory
|-damage|p1a: Skarmory|313\/333
|-hitcount|p1a: Skarmory|3
|
|-damage|p2a: Heracross|247\/301 tox|[from] psn
|turn|5
|
|move|p2a: Heracross|Close Combat|p1a: Skarmory
|-damage|p1a: Skarmory|111\/333
|-unboost|p2a: Heracross|def|1
|-unboost|p2a: Heracross|spd|1
|move|p1a: Skarmory|Spikes|p2a: Heracross
|-sidestart|p2: Reptikrook|Spikes
|
|-damage|p2a: Heracross|193\/301 tox|[from] psn
|turn|6
|
|switch|p2a: Raw|Talonflame, M|264\/345
|switch|p1a: Cresselia|Cresselia, F|444\/444
|
|turn|7
|
|move|p2a: Raw|Brave Bird|p1a: Cresselia
|-damage|p1a: Cresselia|306\/444
|-damage|p2a: Raw|218\/345|[from] recoil|[of] p1a: Cresselia
|move|p1a: Cresselia|Thunder Wave|p2a: Raw
|-status|p2a: Raw|par
|
|-heal|p1a: Cresselia|333\/444|[from] item: Leftovers
|turn|8
|
|switch|p2a: Zapdos|Zapdos|384\/384
|-ability|p2a: Zapdos|Pressure
|move|p1a: Cresselia|Moonlight|p1a: Cresselia
|-heal|p1a: Cresselia|444\/444
|
|turn|9
|
|switch|p1a: Chansey|Chansey, F|645\/645
|move|p2a: Zapdos|Defog|p1a: Chansey
|-unboost|p1a: Chansey|evasion|1
|-sideend|p2: Reptikrook|Spikes|[from] move: Defog|[of] p2a: Zapdos
|
|turn|10
|join|InToDaPussi
|
|switch|p2a: Heatransexual|Heatran, F|386\/386
|move|p1a: Chansey|Stealth Rock|p2a: Heatransexual
|-sidestart|p2: Reptikrook|move: Stealth Rock
|
|turn|11
|
|switch|p1a: Sableye|Sableye-Mega, F|303\/303
|move|p2a: Heatransexual|Magma Storm|p1a: Sableye
|-damage|p1a: Sableye|195\/303
|-activate|p1a: Sableye|move: Magma Storm|[of] p2a: Heatransexual
|
|-damage|p1a: Sableye|158\/303|[from] move: Magma Storm|[partiallytrapped]
|turn|12
|
|move|p2a: Heatransexual|Magma Storm|p1a: Sableye
|-damage|p1a: Sableye|55\/303
|move|p1a: Sableye|Recover|p1a: Sableye
|-heal|p1a: Sableye|207\/303
|
|-damage|p1a: Sableye|170\/303|[from] move: Magma Storm|[partiallytrapped]
|turn|13
|
|switch|p2a: Zapdos|Zapdos|384\/384
|-damage|p2a: Zapdos|288\/384|[from] Stealth Rock
|-ability|p2a: Zapdos|Pressure
|move|p1a: Sableye|Recover|p1a: Sableye
|-heal|p1a: Sableye|303\/303
|
|-heal|p2a: Zapdos|312\/384|[from] item: Leftovers
|-end|p1a: Sableye|Magma Storm|[partiallytrapped]
|turn|14
|
|move|p2a: Zapdos|Defog|p1a: Sableye
|move|p1a: Sableye|Defog|p2a: Zapdos|[from]Magic Bounce
|-unboost|p2a: Zapdos|evasion|1
|-sideend|p2: Reptikrook|Stealth Rock|[from] move: Defog|[of] p2a: Zapdos
|move|p1a: Sableye|Will-O-Wisp|p2a: Zapdos
|-status|p2a: Zapdos|brn
|
|-heal|p2a: Zapdos|336\/384 brn|[from] item: Leftovers
|-damage|p2a: Zapdos|288\/384 brn|[from] brn
|turn|15
|-message|Reptikrook forfeited.
|
|win|RS Swept
|raw|Ladder updating...
|leave|Reptikrook
|player|p2
|raw|Ladder (probably) updated, but score could not be retrieved (timeout).
|raw|Ladder (probably) updated, but score could not be retrieved (Error: socket hang up).
|leave|RS Swept
|player|p1