|join|RS Swept
|join|wishful thinking 1
|player|p1|RS Swept|29
|player|p2|wishful thinking 1|102
|gametype|singles
|gen|6
|tier|OU
|rated
|clearpoke
|poke|p1|Gothitelle, F
|poke|p1|Skarmory, M
|poke|p1|Cresselia, F
|poke|p1|Quagsire, F
|poke|p1|Sableye, F
|poke|p1|Chansey, F
|poke|p2|Charizard, F
|poke|p2|Greninja, F
|poke|p2|Rotom-Wash
|poke|p2|Mew
|poke|p2|Landorus-Therian, M
|poke|p2|Talonflame, F
|rule|Swagger Clause: Swagger is banned
|rule|Baton Pass Clause: Limit one PokÃ©mon knowing Baton Pass
|rule|Sleep Clause Mod: Limit one foe put to sleep
|rule|Species Clause: Limit one of each PokÃ©mon
|rule|OHKO Clause: OHKO moves are banned
|rule|Moody Clause: Moody is banned
|rule|Evasion Moves Clause: Evasion moves are banned
|rule|Endless Battle Clause: Forcing endless battles is banned
|rule|HP Percentage Mod: HP is shown in percentages
|teampreview
|
|start
|switch|p1a: Cresselia|Cresselia, F|444\/444
|switch|p2a: Charizard|Charizard, F|297\/297
|turn|1
|
|detailschange|p2a: Charizard|Charizard-Mega-Y, F
|message|Charizard has Mega Evolved into Mega Charizard!
|-weather|SunnyDay
|move|p2a: Charizard|Fire Blast|p1a: Cresselia
|-crit|p1a: Cresselia
|-damage|p1a: Cresselia|42\/444
|move|p1a: Cresselia|Thunder Wave|p2a: Charizard
|-status|p2a: Charizard|par
|
|-weather|SunnyDay|[upkeep]
|-heal|p1a: Cresselia|69\/444|[from] item: Leftovers
|turn|2
|
|switch|p2a: Talonflame|Talonflame, F|297\/297
|move|p1a: Cresselia|Moonlight|p1a: Cresselia
|-heal|p1a: Cresselia|365\/444
|
|-weather|SunnyDay|[upkeep]
|-heal|p1a: Cresselia|392\/444|[from] item: Leftovers
|turn|3
|
|move|p2a: Talonflame|Toxic|p1a: Cresselia
|-status|p1a: Cresselia|tox
|move|p1a: Cresselia|Thunder Wave|p2a: Talonflame
|-status|p2a: Talonflame|par
|
|-weather|SunnyDay|[upkeep]
|-heal|p1a: Cresselia|419\/444 tox|[from] item: Leftovers
|-damage|p1a: Cresselia|392\/444 tox|[from] psn
|turn|4
|
|switch|p1a: Skarmory|Skarmory, M|333\/333
|switch|p2a: Mew|Mew|404\/404
|
|-weather|SunnyDay|[upkeep]
|turn|5
|
|switch|p1a: Sableye|Sableye, F|303\/303
|move|p2a: Mew|Heal Bell|p2a: Mew
|-cureteam|p2a: Mew|[from] move: HealBell
|
|-weather|none
|turn|6
|
|detailschange|p1a: Sableye|Sableye-Mega, F
|message|Sableye has Mega Evolved into Mega Sableye!
|move|p2a: Mew|U-turn|p1a: Sableye
|-damage|p1a: Sableye|261\/303
|
|switch|p2a: Landorus-Therian|Landorus-Therian, M|319\/319
|-ability|p2a: Landorus-Therian|Intimidate|[of] p1a: Sableye
|-unboost|p1a: Sableye|atk|1
|move|p1a: Sableye|Snarl|p2a: Landorus-Therian
|-damage|p2a: Landorus-Therian|249\/319
|-unboost|p2a: Landorus-Therian|spa|1
|
|turn|7
|
|move|p2a: Landorus-Therian|U-turn|p1a: Sableye
|-damage|p1a: Sableye|198\/303
|
|switch|p2a: Charizard|Charizard-Mega-Y, F|297\/297
|-weather|SunnyDay
|move|p1a: Sableye|Will-O-Wisp|p2a: Charizard
|-fail|p2a: Charizard
|
|-weather|SunnyDay|[upkeep]
|turn|8
|
|switch|p1a: Chansey|Chansey, F|645\/645
|move|p2a: Charizard|Focus Blast|p1a: Chansey
|-supereffective|p1a: Chansey
|-damage|p1a: Chansey|475\/645
|
|-weather|SunnyDay|[upkeep]
|turn|9
|
|switch|p2a: Talonflame|Talonflame, F|297\/297
|move|p1a: Chansey|Stealth Rock|p2a: Talonflame
|-sidestart|p2: wishful thinking 1|move: Stealth Rock
|
|-weather|SunnyDay|[upkeep]
|turn|10
|
|move|p2a: Talonflame|U-turn|p1a: Chansey
|-damage|p1a: Chansey|352\/645
|
|switch|p2a: Mew|Mew|404\/404
|-damage|p2a: Mew|354\/404|[from] Stealth Rock
|move|p1a: Chansey|Aromatherapy|p1a: Chansey
|-cureteam|p1a: Chansey|[from] move: Aromatherapy
|
|-weather|SunnyDay|[upkeep]
|-heal|p2a: Mew|379\/404|[from] item: Leftovers
|turn|11
|
|move|p2a: Mew|Defog|p1a: Chansey
|-unboost|p1a: Chansey|evasion|1
|-sideend|p2: wishful thinking 1|Stealth Rock|[from] move: Defog|[of] p2a: Mew
|move|p1a: Chansey|Soft-Boiled|p1a: Chansey
|-heal|p1a: Chansey|645\/645
|
|-weather|none
|-heal|p2a: Mew|404\/404|[from] item: Leftovers
|turn|12
|
|move|p2a: Mew|U-turn|p1a: Chansey
|-damage|p1a: Chansey|568\/645
|
|switch|p2a: Landorus-Therian|Landorus-Therian, M|249\/319
|-ability|p2a: Landorus-Therian|Intimidate|[of] p1a: Chansey
|-unboost|p1a: Chansey|atk|1
|move|p1a: Chansey|Stealth Rock|p2a: Landorus-Therian
|-sidestart|p2: wishful thinking 1|move: Stealth Rock
|
|turn|13
|join|Cram.Racan69
|leave|Cram.Racan69
|
|switch|p1a: Sableye|Sableye-Mega, F|198\/303
|move|p2a: Landorus-Therian|U-turn|p1a: Sableye
|-damage|p1a: Sableye|136\/303
|
|switch|p2a: Mew|Mew|404\/404
|-damage|p2a: Mew|354\/404|[from] Stealth Rock
|
|-heal|p2a: Mew|379\/404|[from] item: Leftovers
|turn|14
|
|move|p2a: Mew|Defog|p1a: Sableye
|move|p1a: Sableye|Defog|p2a: Mew|[from]Magic Bounce
|-unboost|p2a: Mew|evasion|1
|-sideend|p2: wishful thinking 1|Stealth Rock|[from] move: Defog|[of] p2a: Mew
|move|p1a: Sableye|Recover|p1a: Sableye
|-heal|p1a: Sableye|288\/303
|
|-heal|p2a: Mew|404\/404|[from] item: Leftovers
|turn|15
|
|move|p2a: Mew|U-turn|p1a: Sableye
|-damage|p1a: Sableye|247\/303
|
|switch|p2a: Rotom-Wash|Rotom-Wash|304\/304
|move|p1a: Sableye|Snarl|p2a: Rotom-Wash
|-damage|p2a: Rotom-Wash|246\/304
|-unboost|p2a: Rotom-Wash|spa|1
|
|-heal|p2a: Rotom-Wash|265\/304|[from] item: Leftovers
|turn|16
|
|move|p2a: Rotom-Wash|Volt Switch|p1a: Sableye
|-damage|p1a: Sableye|205\/303
|
|switch|p2a: Mew|Mew|404\/404
|move|p1a: Sableye|Recover|p1a: Sableye
|-heal|p1a: Sableye|303\/303
|
|turn|17
|
|move|p2a: Mew|U-turn|p1a: Sableye
|-damage|p1a: Sableye|261\/303
|
|switch|p2a: Rotom-Wash|Rotom-Wash|265\/304
|move|p1a: Sableye|Will-O-Wisp|p2a: Rotom-Wash
|-status|p2a: Rotom-Wash|brn
|
|-heal|p2a: Rotom-Wash|284\/304 brn|[from] item: Leftovers
|-damage|p2a: Rotom-Wash|246\/304 brn|[from] brn
|turn|18
|
|move|p2a: Rotom-Wash|Hydro Pump|p1a: Sableye
|-damage|p1a: Sableye|152\/303
|move|p1a: Sableye|Recover|p1a: Sableye
|-heal|p1a: Sableye|303\/303
|
|-heal|p2a: Rotom-Wash|265\/304 brn|[from] item: Leftovers
|-damage|p2a: Rotom-Wash|227\/304 brn|[from] brn
|turn|19
|
|move|p2a: Rotom-Wash|Volt Switch|p1a: Sableye
|-damage|p1a: Sableye|239\/303
|
|switch|p2a: Charizard|Charizard-Mega-Y, F|297\/297
|-weather|SunnyDay
|move|p1a: Sableye|Snarl|p2a: Charizard
|-damage|p2a: Charizard|237\/297
|-unboost|p2a: Charizard|spa|1
|
|-weather|SunnyDay|[upkeep]
|turn|20
|
|switch|p2a: Landorus-Therian|Landorus-Therian, M|249\/319
|-ability|p2a: Landorus-Therian|Intimidate|[of] p1a: Sableye
|-unboost|p1a: Sableye|atk|1
|switch|p1a: Chansey|Chansey, F|568\/645
|
|-weather|SunnyDay|[upkeep]
|turn|21
|
|switch|p1a: Skarmory|Skarmory, M|333\/333
|move|p2a: Landorus-Therian|Knock Off|p1a: Skarmory
|-damage|p1a: Skarmory|256\/333
|-enditem|p1a: Skarmory|Shed Shell|[from] move: Knock Off|[of] p2a: Landorus-Therian
|
|-weather|SunnyDay|[upkeep]
|turn|22
|
|switch|p2a: Charizard|Charizard-Mega-Y, F|237\/297
|move|p1a: Skarmory|Spikes|p2a: Charizard
|-sidestart|p2: wishful thinking 1|Spikes
|
|-weather|SunnyDay|[upkeep]
|turn|23
|
|switch|p2a: Landorus-Therian|Landorus-Therian, M|249\/319
|-ability|p2a: Landorus-Therian|Intimidate|[of] p1a: Skarmory
|-unboost|p1a: Skarmory|atk|1
|switch|p1a: Chansey|Chansey, F|568\/645
|
|-weather|none
|turn|24
|
|switch|p1a: Sableye|Sableye-Mega, F|239\/303
|move|p2a: Landorus-Therian|U-turn|p1a: Sableye
|-damage|p1a: Sableye|174\/303
|
|switch|p2a: Charizard|Charizard-Mega-Y, F|237\/297
|-weather|SunnyDay
|
|-weather|SunnyDay|[upkeep]
|turn|25
|
|switch|p1a: Chansey|Chansey, F|568\/645
|move|p2a: Charizard|Flare Blitz|p1a: Chansey
|-crit|p1a: Chansey
|-damage|p1a: Chansey|135\/645
|-damage|p2a: Charizard|94\/297|[from] recoil|[of] p1a: Chansey
|
|-weather|SunnyDay|[upkeep]
|turn|26
|
|switch|p1a: Cresselia|Cresselia, F|392\/444
|move|p2a: Charizard|Flare Blitz|p1a: Cresselia
|-damage|p1a: Cresselia|253\/444
|-damage|p2a: Charizard|48\/297|[from] recoil|[of] p1a: Cresselia
|
|-weather|SunnyDay|[upkeep]
|-heal|p1a: Cresselia|280\/444|[from] item: Leftovers
|turn|27
|join|jake5
|
|move|p2a: Charizard|Fire Blast|p1a: Cresselia
|-damage|p1a: Cresselia|37\/444
|move|p1a: Cresselia|Thunder Wave|p2a: Charizard
|-status|p2a: Charizard|par
|
|-weather|SunnyDay|[upkeep]
|-heal|p1a: Cresselia|64\/444|[from] item: Leftovers
|turn|28
|
|switch|p2a: Landorus-Therian|Landorus-Therian, M|249\/319
|-ability|p2a: Landorus-Therian|Intimidate|[of] p1a: Cresselia
|-unboost|p1a: Cresselia|atk|1
|move|p1a: Cresselia|Moonlight|p1a: Cresselia
|-heal|p1a: Cresselia|360\/444
|
|-weather|none
|-heal|p1a: Cresselia|387\/444|[from] item: Leftovers
|turn|29
|
|move|p2a: Landorus-Therian|U-turn|p1a: Cresselia
|-supereffective|p1a: Cresselia
|-damage|p1a: Cresselia|255\/444
|
|switch|p2a: Rotom-Wash|Rotom-Wash|227\/304 brn
|move|p1a: Cresselia|Psyshock|p2a: Rotom-Wash
|-crit|p2a: Rotom-Wash
|-damage|p2a: Rotom-Wash|148\/304 brn
|
|-heal|p2a: Rotom-Wash|167\/304 brn|[from] item: Leftovers
|-heal|p1a: Cresselia|282\/444|[from] item: Leftovers
|-damage|p2a: Rotom-Wash|129\/304 brn|[from] brn
|turn|30
|
|move|p2a: Rotom-Wash|Will-O-Wisp|p1a: Cresselia
|-status|p1a: Cresselia|brn
|move|p1a: Cresselia|Moonlight|p1a: Cresselia
|-heal|p1a: Cresselia|444\/444 brn
|
|-heal|p2a: Rotom-Wash|148\/304 brn|[from] item: Leftovers
|-damage|p2a: Rotom-Wash|110\/304 brn|[from] brn
|-damage|p1a: Cresselia|389\/444 brn|[from] brn
|turn|31
|
|switch|p1a: Chansey|Chansey, F|135\/645
|move|p2a: Rotom-Wash|Volt Switch|p1a: Chansey
|-damage|p1a: Chansey|93\/645
|
|switch|p2a: Talonflame|Talonflame, F|297\/297
|
|turn|32
|
|move|p2a: Talonflame|U-turn|p1a: Chansey
|-damage|p1a: Chansey|0 fnt
|faint|p1a: Chansey
|
|switch|p2a: Mew|Mew|404\/404
|-damage|p2a: Mew|354\/404|[from] Spikes
|
|-heal|p2a: Mew|379\/404|[from] item: Leftovers
|
|switch|p1a: Gothitelle|Gothitelle, F|301\/301
|turn|33
|join|Not Alvadora
|join|Squirrelll
|
|move|p1a: Gothitelle|Trick|p2a: Mew
|-activate|p1a: Gothitelle|move: Trick|[of] p2a: Mew
|-item|p2a: Mew|Choice Scarf|[from] move: Trick
|-item|p1a: Gothitelle|Leftovers|[from] move: Trick
|move|p2a: Mew|U-turn|p1a: Gothitelle
|-supereffective|p1a: Gothitelle
|-damage|p1a: Gothitelle|179\/301
|
|switch|p2a: Talonflame|Talonflame, F|297\/297
|
|-heal|p1a: Gothitelle|197\/301|[from] item: Leftovers
|turn|34
|
|switch|p1a: Skarmory|Skarmory, M|256\/333
|move|p2a: Talonflame|U-turn|p1a: Skarmory
|-resisted|p1a: Skarmory
|-damage|p1a: Skarmory|241\/333
|
|switch|p2a: Rotom-Wash|Rotom-Wash|110\/304 brn
|
|-heal|p2a: Rotom-Wash|129\/304 brn|[from] item: Leftovers
|-damage|p2a: Rotom-Wash|91\/304 brn|[from] brn
|turn|35
|
|switch|p1a: Gothitelle|Gothitelle, F|197\/301
|move|p2a: Rotom-Wash|Pain Split|p1a: Gothitelle
|-sethp|p1a: Gothitelle|144\/301|p2a: Rotom-Wash|144\/304 brn|[from] move: Pain Split
|
|-heal|p1a: Gothitelle|162\/301|[from] item: Leftovers
|-heal|p2a: Rotom-Wash|163\/304 brn|[from] item: Leftovers
|-damage|p2a: Rotom-Wash|125\/304 brn|[from] brn
|turn|36
|
|move|p1a: Gothitelle|Calm Mind|p1a: Gothitelle
|-boost|p1a: Gothitelle|spa|1
|-boost|p1a: Gothitelle|spd|1
|move|p2a: Rotom-Wash|Volt Switch|p1a: Gothitelle
|-damage|p1a: Gothitelle|113\/301
|
|switch|p2a: Talonflame|Talonflame, F|297\/297
|
|-heal|p1a: Gothitelle|131\/301|[from] item: Leftovers
|turn|37
|
|switch|p1a: Skarmory|Skarmory, M|241\/333
|move|p2a: Talonflame|U-turn|p1a: Skarmory
|-resisted|p1a: Skarmory
|-damage|p1a: Skarmory|228\/333
|
|switch|p2a: Rotom-Wash|Rotom-Wash|125\/304 brn
|
|-heal|p2a: Rotom-Wash|144\/304 brn|[from] item: Leftovers
|-damage|p2a: Rotom-Wash|106\/304 brn|[from] brn
|turn|38
|
|switch|p1a: Gothitelle|Gothitelle, F|131\/301
|move|p2a: Rotom-Wash|Volt Switch|p1a: Gothitelle
|-damage|p1a: Gothitelle|49\/301
|
|switch|p2a: Talonflame|Talonflame, F|297\/297
|
|-heal|p1a: Gothitelle|67\/301|[from] item: Leftovers
|turn|39
|
|switch|p1a: Skarmory|Skarmory, M|228\/333
|move|p2a: Talonflame|U-turn|p1a: Skarmory
|-resisted|p1a: Skarmory
|-damage|p1a: Skarmory|214\/333
|
|switch|p2a: Mew|Mew|379\/404
|-damage|p2a: Mew|329\/404|[from] Spikes
|
|turn|40
|c| Squirrelll|howd he get chantey?
|
|move|p2a: Mew|U-turn|p1a: Skarmory
|-resisted|p1a: Skarmory
|-damage|p1a: Skarmory|206\/333
|
|switch|p2a: Rotom-Wash|Rotom-Wash|106\/304 brn
|move|p1a: Skarmory|Spikes|p2a: Rotom-Wash
|-sidestart|p2: wishful thinking 1|Spikes
|
|-heal|p2a: Rotom-Wash|125\/304 brn|[from] item: Leftovers
|-damage|p2a: Rotom-Wash|87\/304 brn|[from] brn
|turn|41
|
|switch|p1a: Quagsire|Quagsire, F|394\/394
|move|p2a: Rotom-Wash|Volt Switch|p1a: Quagsire
|-immune|p1a: Quagsire|[msg]
|
|-heal|p2a: Rotom-Wash|106\/304 brn|[from] item: Leftovers
|-damage|p2a: Rotom-Wash|68\/304 brn|[from] brn
|turn|42
|c|âRS Swept|im falling asleep
|c|âRS Swept|i dont remember
|c|âRS Swept|flare blitz char-y
|c| jake5|hhahaahaaaha
|
|switch|p1a: Gothitelle|Gothitelle, F|67\/301
|move|p2a: Rotom-Wash|Hydro Pump|p1a: Gothitelle
|-damage|p1a: Gothitelle|0 fnt
|faint|p1a: Gothitelle
|
|-heal|p2a: Rotom-Wash|87\/304 brn|[from] item: Leftovers
|-damage|p2a: Rotom-Wash|49\/304 brn|[from] brn
|c| jake5|iirc it 2hko's the blob though
|
|switch|p1a: Sableye|Sableye-Mega, F|174\/303
|turn|43
|
|move|p2a: Rotom-Wash|Volt Switch|p1a: Sableye
|-damage|p1a: Sableye|105\/303
|
|switch|p2a: Mew|Mew|329\/404
|-damage|p2a: Mew|262\/404|[from] Spikes
|move|p1a: Sableye|Calm Mind|p1a: Sableye
|-boost|p1a: Sableye|spa|1
|-boost|p1a: Sableye|spd|1
|
|turn|44
|
|move|p2a: Mew|Heal Bell|p2a: Mew
|-cureteam|p2a: Mew|[from] move: HealBell
|move|p1a: Sableye|Recover|p1a: Sableye
|-heal|p1a: Sableye|257\/303
|
|turn|45
|
|switch|p2a: Charizard|Charizard-Mega-Y, F|48\/297
|-weather|SunnyDay
|move|p1a: Sableye|Calm Mind|p1a: Sableye
|-boost|p1a: Sableye|spa|1
|-boost|p1a: Sableye|spd|1
|
|-weather|SunnyDay|[upkeep]
|turn|46
|c| jake5|4 Atk Mega Charizard Y Flare Blitz vs. 252 HP \/ 252+ Def Eviolite Chansey in Sun: 267-315 (37.9 - 44.7%) -- 4.7% chance to 2HKO after Stealth Rock
|
|move|p2a: Charizard|Fire Blast|p1a: Sableye
|-damage|p1a: Sableye|115\/303
|move|p1a: Sableye|Snarl|p2a: Charizard
|-damage|p2a: Charizard|0 fnt
|faint|p2a: Charizard
|
|-weather|SunnyDay|[upkeep]
|
|switch|p2a: Talonflame|Talonflame, F|297\/297
|turn|47
|
|move|p2a: Talonflame|Brave Bird|p1a: Sableye
|-damage|p1a: Sableye|0 fnt
|-damage|p2a: Talonflame|259\/297|[from] recoil|[of] p1a: Sableye
|faint|p1a: Sableye
|
|-weather|SunnyDay|[upkeep]
|
|switch|p1a: Quagsire|Quagsire, F|394\/394
|turn|48
|join|Prankster
|leave|Prankster
|
|switch|p2a: Mew|Mew|262\/404
|-damage|p2a: Mew|195\/404|[from] Spikes
|move|p1a: Quagsire|Scald|p2a: Mew
|-damage|p2a: Mew|170\/404
|
|-weather|SunnyDay|[upkeep]
|turn|49
|
|switch|p1a: Skarmory|Skarmory, M|206\/333
|move|p2a: Mew|Defog|p1a: Skarmory
|-unboost|p1a: Skarmory|evasion|1
|-sideend|p2: wishful thinking 1|Spikes|[from] move: Defog|[of] p2a: Mew
|
|-weather|none
|turn|50
|raw|<div class="broadcast-red"><b>The server is restarting soon.<\/b><br \/>Please finish your battles quickly. No new battles can be started until the server resets in a few minutes.<\/div>
|raw|<div class="broadcast-red"><b>Moderated chat was set to +!<\/b><br \/>Only users of rank + and higher can talk.<\/div>
|join|Escavalier
|join|xtraDOLLARshine
|join|MoB Barley
|
|switch|p2a: Rotom-Wash|Rotom-Wash|49\/304
|move|p1a: Skarmory|Roost|p1a: Skarmory
|-heal|p1a: Skarmory|333\/333
|
|-heal|p2a: Rotom-Wash|68\/304|[from] item: Leftovers
|turn|51
|join|QuartzQuadrantTest
|
|switch|p1a: Quagsire|Quagsire, F|394\/394
|move|p2a: Rotom-Wash|Pain Split|p1a: Quagsire
|-sethp|p1a: Quagsire|231\/394|p2a: Rotom-Wash|231\/304|[from] move: Pain Split
|
|-heal|p2a: Rotom-Wash|250\/304|[from] item: Leftovers
|-heal|p1a: Quagsire|255\/394|[from] item: Leftovers
|turn|52
|
|move|p2a: Rotom-Wash|Will-O-Wisp|p1a: Quagsire
|-status|p1a: Quagsire|brn
|move|p1a: Quagsire|Recover|p1a: Quagsire
|-heal|p1a: Quagsire|394\/394 brn
|
|-heal|p2a: Rotom-Wash|269\/304|[from] item: Leftovers
|-damage|p1a: Quagsire|345\/394 brn|[from] brn
|turn|53
|join|Prankster
|raw|<div class="broadcast-blue"><b>Moderated chat was disabled!<\/b><br \/>Anyone may talk now.<\/div>
|leave|Prankster
|c| xtraDOLLARshine|decisions decisions
|c| xtraDOLLARshine|what to do
|c| jake5|LOL
|c| MoB Barley|hype
|c| Alvadora|thinking so hard
|
|move|p2a: Rotom-Wash|Hydro Pump|p1a: Quagsire
|-damage|p1a: Quagsire|141\/394 brn
|move|p1a: Quagsire|Toxic|p2a: Rotom-Wash
|-status|p2a: Rotom-Wash|tox
|
|-heal|p2a: Rotom-Wash|288\/304 tox|[from] item: Leftovers
|-heal|p1a: Quagsire|165\/394 brn|[from] item: Leftovers
|-damage|p2a: Rotom-Wash|269\/304 tox|[from] psn
|-damage|p1a: Quagsire|116\/394 brn|[from] brn
|turn|54
|join|Ordalt
|c| jake5|zzzz
|c| xtraDOLLARshine|RESET?
|c| jake5|n
|leave|wishful thinking 1
|player|p2
|c| xtraDOLLARshine|i felt a breeze
|join|Preverb
|c| jake5|LOL
|c| jake5|free win
|leave|Preverb
|c| Squirrelll|loool
|join|wishful thinking 1
|c| xtraDOLLARshine|not unlezz i join
|c|âRS Swept|let's go timer
|c| jake5|oh he's back
|player|p2|wishful thinking 1|102
|join|Jesus Approves
|join|junseo.lee
|join|Babouchou
|c| Squirrelll|he panicked for a sec no doubt
|join|kaspian
|join|kick hopper
|join|Get Skrelp't
|join|Daytime Arsonist
|c| jake5|is this one of the last batles
|c| jake5|leme check
|leave|Jesus Approves
RS Swept made this room private.
|join|Jesus Approves
|c| xtraDOLLARshine|i bet zarels watching this
|join|pillowcase blue
RS Swept turned on modjoin.
|raw|<div class="broadcast-red"><b>Moderated chat was set to +!<\/b><br \/>Only users of rank + and higher can talk.<\/div>
|leave|Babouchou
|leave|Jesus Approves
|leave|kaspian
|leave|Daytime Arsonist
|leave|junseo.lee
|
|switch|p2a: Greninja|Greninja, F|285\/285
|move|p1a: Quagsire|Recover|p1a: Quagsire
|-heal|p1a: Quagsire|313\/394 brn
|
|-heal|p1a: Quagsire|337\/394 brn|[from] item: Leftovers
|-damage|p1a: Quagsire|288\/394 brn|[from] brn
|turn|55
|
|switch|p1a: Cresselia|Cresselia, F|389\/444 brn
|move|p2a: Greninja|Dark Pulse|p1a: Cresselia
|-start|p2a: Greninja|typechange|Dark|[from] Protean
|-supereffective|p1a: Cresselia
|-damage|p1a: Cresselia|210\/444 brn
|-damage|p2a: Greninja|257\/285|[from] item: Life Orb
|
|-heal|p1a: Cresselia|237\/444 brn|[from] item: Leftovers
|-damage|p1a: Cresselia|182\/444 brn|[from] brn
|turn|56
|
|move|p2a: Greninja|U-turn|p1a: Cresselia
|-start|p2a: Greninja|typechange|Bug|[from] Protean
|-supereffective|p1a: Cresselia
|-damage|p1a: Cresselia|3\/444 brn
|-damage|p2a: Greninja|229\/285|[from] item: Life Orb
|
|switch|p2a: Landorus-Therian|Landorus-Therian, M|249\/319
|-ability|p2a: Landorus-Therian|Intimidate|[of] p1a: Cresselia
|-unboost|p1a: Cresselia|atk|1
|move|p1a: Cresselia|Moonlight|p1a: Cresselia
|-heal|p1a: Cresselia|225\/444 brn
|
|-heal|p1a: Cresselia|252\/444 brn|[from] item: Leftovers
|-damage|p1a: Cresselia|197\/444 brn|[from] brn
|turn|57
|
|move|p2a: Landorus-Therian|U-turn|p1a: Cresselia
|-supereffective|p1a: Cresselia
|-damage|p1a: Cresselia|69\/444 brn
|
|switch|p2a: Greninja|Greninja, F|229\/285
|move|p1a: Cresselia|Moonlight|p1a: Cresselia
|-heal|p1a: Cresselia|291\/444 brn
|
|-heal|p1a: Cresselia|318\/444 brn|[from] item: Leftovers
|-damage|p1a: Cresselia|263\/444 brn|[from] brn
|turn|58
|
|move|p2a: Greninja|Dark Pulse|p1a: Cresselia
|-start|p2a: Greninja|typechange|Dark|[from] Protean
|-supereffective|p1a: Cresselia
|-damage|p1a: Cresselia|65\/444 brn
|-damage|p2a: Greninja|201\/285|[from] item: Life Orb
|move|p1a: Cresselia|Moonlight|p1a: Cresselia
|-heal|p1a: Cresselia|287\/444 brn
|
|-heal|p1a: Cresselia|314\/444 brn|[from] item: Leftovers
|-damage|p1a: Cresselia|259\/444 brn|[from] brn
|turn|59
|
|move|p2a: Greninja|U-turn|p1a: Cresselia
|-start|p2a: Greninja|typechange|Bug|[from] Protean
|-supereffective|p1a: Cresselia
|-damage|p1a: Cresselia|85\/444 brn
|-damage|p2a: Greninja|173\/285|[from] item: Life Orb
|
|switch|p2a: Landorus-Therian|Landorus-Therian, M|249\/319
|-ability|p2a: Landorus-Therian|Intimidate|[of] p1a: Cresselia
|-unboost|p1a: Cresselia|atk|1
|move|p1a: Cresselia|Thunder Wave|p2a: Landorus-Therian
|-immune|p2a: Landorus-Therian|[msg]
|
|-heal|p1a: Cresselia|112\/444 brn|[from] item: Leftovers
|-damage|p1a: Cresselia|57\/444 brn|[from] brn
|turn|60
|
|switch|p1a: Skarmory|Skarmory, M|333\/333
|move|p2a: Landorus-Therian|U-turn|p1a: Skarmory
|-resisted|p1a: Skarmory
|-damage|p1a: Skarmory|321\/333
|
|switch|p2a: Rotom-Wash|Rotom-Wash|269\/304 tox
|
|-heal|p2a: Rotom-Wash|288\/304 tox|[from] item: Leftovers
|-damage|p2a: Rotom-Wash|269\/304 tox|[from] psn
|turn|61
|
|move|p2a: Rotom-Wash|Will-O-Wisp|p1a: Skarmory
|-status|p1a: Skarmory|brn
|move|p1a: Skarmory|Roost|p1a: Skarmory
|-heal|p1a: Skarmory|333\/333 brn
|
|-heal|p2a: Rotom-Wash|288\/304 tox|[from] item: Leftovers
|-damage|p2a: Rotom-Wash|250\/304 tox|[from] psn
|-damage|p1a: Skarmory|292\/333 brn|[from] brn
|turn|62
|
|move|p2a: Rotom-Wash|Volt Switch|p1a: Skarmory
|-supereffective|p1a: Skarmory
|-damage|p1a: Skarmory|52\/333 brn
|
|switch|p2a: Greninja|Greninja, F|173\/285
|move|p1a: Skarmory|Roost|p1a: Skarmory
|-heal|p1a: Skarmory|219\/333 brn
|
|-damage|p1a: Skarmory|178\/333 brn|[from] brn
|turn|63
|
|switch|p1a: Cresselia|Cresselia, F|57\/444 brn
|move|p2a: Greninja|Dark Pulse|p1a: Cresselia
|-start|p2a: Greninja|typechange|Dark|[from] Protean
|-supereffective|p1a: Cresselia
|-damage|p1a: Cresselia|0 fnt
|-damage|p2a: Greninja|145\/285|[from] item: Life Orb
|faint|p1a: Cresselia
|
|
|switch|p1a: Quagsire|Quagsire, F|288\/394 brn
|turn|64
|
|move|p2a: Greninja|Dark Pulse|p1a: Quagsire
|-damage|p1a: Quagsire|111\/394 brn
|-damage|p2a: Greninja|117\/285|[from] item: Life Orb
|move|p1a: Quagsire|Recover|p1a: Quagsire
|-heal|p1a: Quagsire|308\/394 brn
|
|-heal|p1a: Quagsire|332\/394 brn|[from] item: Leftovers
|-damage|p1a: Quagsire|283\/394 brn|[from] brn
|turn|65
|
|move|p2a: Greninja|Dark Pulse|p1a: Quagsire
|-damage|p1a: Quagsire|98\/394 brn
|-damage|p2a: Greninja|89\/285|[from] item: Life Orb
|move|p1a: Quagsire|Recover|p1a: Quagsire
|-heal|p1a: Quagsire|295\/394 brn
|
|-heal|p1a: Quagsire|319\/394 brn|[from] item: Leftovers
|-damage|p1a: Quagsire|270\/394 brn|[from] brn
|turn|66
|
|move|p2a: Greninja|Dark Pulse|p1a: Quagsire
|-damage|p1a: Quagsire|87\/394 brn
|-damage|p2a: Greninja|61\/285|[from] item: Life Orb
|move|p1a: Quagsire|Recover|p1a: Quagsire
|-heal|p1a: Quagsire|284\/394 brn
|
|-heal|p1a: Quagsire|308\/394 brn|[from] item: Leftovers
|-damage|p1a: Quagsire|259\/394 brn|[from] brn
|turn|67
|
|move|p2a: Greninja|Dark Pulse|p1a: Quagsire
|-damage|p1a: Quagsire|74\/394 brn
|-damage|p2a: Greninja|33\/285|[from] item: Life Orb
|move|p1a: Quagsire|Recover|p1a: Quagsire
|-heal|p1a: Quagsire|271\/394 brn
|
|-heal|p1a: Quagsire|295\/394 brn|[from] item: Leftovers
|-damage|p1a: Quagsire|246\/394 brn|[from] brn
|turn|68
|
|move|p2a: Greninja|Dark Pulse|p1a: Quagsire
|-damage|p1a: Quagsire|46\/394 brn
|-damage|p2a: Greninja|5\/285|[from] item: Life Orb
|move|p1a: Quagsire|Recover|p1a: Quagsire
|-heal|p1a: Quagsire|243\/394 brn
|
|-heal|p1a: Quagsire|267\/394 brn|[from] item: Leftovers
|-damage|p1a: Quagsire|218\/394 brn|[from] brn
|turn|69
|
|move|p2a: Greninja|Dark Pulse|p1a: Quagsire
|-damage|p1a: Quagsire|35\/394 brn
|-damage|p2a: Greninja|0 fnt|[from] item: Life Orb
|faint|p2a: Greninja
|move|p1a: Quagsire|Recover|p1a: Quagsire
|-heal|p1a: Quagsire|232\/394 brn
|
|-heal|p1a: Quagsire|256\/394 brn|[from] item: Leftovers
|-damage|p1a: Quagsire|207\/394 brn|[from] brn
|
|switch|p2a: Rotom-Wash|Rotom-Wash|250\/304 tox
|turn|70
|
|move|p2a: Rotom-Wash|Hydro Pump|p1a: Quagsire
|-damage|p1a: Quagsire|0 fnt
|faint|p1a: Quagsire
|
|-heal|p2a: Rotom-Wash|269\/304 tox|[from] item: Leftovers
|-damage|p2a: Rotom-Wash|250\/304 tox|[from] psn
|
|switch|p1a: Skarmory|Skarmory, M|178\/333 brn
|turn|71
|-message|RS Swept lost due to inactivity.
|
|win|wishful thinking 1
|raw|Ladder updating...
|raw|RS Swept's rating: 1927 &rarr; <strong>1900<\/strong><br \/>(-27 for losing)
|raw|wishful thinking 1's rating: 1796 &rarr; <strong>1824<\/strong><br \/>(+28 for winning)
|leave|MoB Barley
|leave|wishful thinking 1
|player|p2