|join|RS Swept
|join|Jukain
|player|p1|RS Swept|29
|player|p2|Jukain|291
|gametype|singles
|gen|6
|tier|OU
|rated
|clearpoke
|poke|p1|Gothitelle, M
|poke|p1|Skarmory, F
|poke|p1|Cresselia, F
|poke|p1|Quagsire, F
|poke|p1|Sableye, F
|poke|p1|Chansey, F
|poke|p2|Hydreigon, M
|poke|p2|Metagross
|poke|p2|Azumarill, M
|poke|p2|Landorus-Therian, M
|poke|p2|Thundurus, M
|poke|p2|Breloom, F
|rule|Swagger Clause: Swagger is banned
|rule|Baton Pass Clause: Limit one PokÃ©mon knowing Baton Pass
|rule|Sleep Clause Mod: Limit one foe put to sleep
|rule|Species Clause: Limit one of each PokÃ©mon
|rule|OHKO Clause: OHKO moves are banned
|rule|Moody Clause: Moody is banned
|rule|Evasion Moves Clause: Evasion moves are banned
|rule|Endless Battle Clause: Forcing endless battles is banned
|rule|HP Percentage Mod: HP is shown in percentages
|teampreview
|join|RNGzus
|join|Alvadora
|join|stally the kid
|join|mouse de frank
|
|start
|switch|p1a: Sableye|Sableye, F|303\/303
|switch|p2a: Thundurus|Thundurus, M|299\/299
|turn|1
|join|Outrageous Fortune
|
|detailschange|p1a: Sableye|Sableye-Mega, F
|message|Sableye has Mega Evolved into Mega Sableye!
|move|p1a: Sableye|Calm Mind|p1a: Sableye
|-boost|p1a: Sableye|spa|1
|-boost|p1a: Sableye|spd|1
|move|p2a: Thundurus|Thunderbolt|p1a: Sableye
|-damage|p1a: Sableye|202\/303
|-damage|p2a: Thundurus|270\/299|[from] item: Life Orb
|
|turn|2
|join|chumped
|join|hats.marumaru
|
|move|p2a: Thundurus|Thunderbolt|p1a: Sableye
|-damage|p1a: Sableye|89\/303
|-damage|p2a: Thundurus|241\/299|[from] item: Life Orb
|move|p1a: Sableye|Recover|p1a: Sableye
|-heal|p1a: Sableye|241\/303
|
|turn|3
|
|move|p2a: Thundurus|Thunderbolt|p1a: Sableye
|-damage|p1a: Sableye|134\/303
|-damage|p2a: Thundurus|212\/299|[from] item: Life Orb
|move|p1a: Sableye|Recover|p1a: Sableye
|-heal|p1a: Sableye|286\/303
|
|turn|4
|join|bellicose
|
|move|p2a: Thundurus|Thunderbolt|p1a: Sableye
|-damage|p1a: Sableye|183\/303
|-damage|p2a: Thundurus|183\/299|[from] item: Life Orb
|move|p1a: Sableye|Snarl|p2a: Thundurus
|-damage|p2a: Thundurus|75\/299
|-unboost|p2a: Thundurus|spa|1
|
|turn|5
|
|switch|p2a: Azumarill|Azumarill, M|341\/341
|move|p1a: Sableye|Recover|p1a: Sableye
|-heal|p1a: Sableye|303\/303
|
|turn|6
|join|I'm Rick Astley
|join|PorroPorro
|
|switch|p1a: Skarmory|Skarmory, F|333\/333
|move|p2a: Azumarill|Waterfall|p1a: Skarmory
|-damage|p1a: Skarmory|180\/333
|
|turn|7
|
|move|p2a: Azumarill|Waterfall|p1a: Skarmory
|-damage|p1a: Skarmory|36\/333
|move|p1a: Skarmory|Roost|p1a: Skarmory
|-heal|p1a: Skarmory|203\/333
|
|turn|8
|
|switch|p1a: Cresselia|Cresselia, F|444\/444
|move|p2a: Azumarill|Waterfall|p1a: Cresselia
|-damage|p1a: Cresselia|255\/444
|
|-heal|p1a: Cresselia|282\/444|[from] item: Leftovers
|turn|9
|join|TyranitarTerror
|
|move|p1a: Cresselia|Moonlight|p1a: Cresselia
|-heal|p1a: Cresselia|444\/444
|move|p2a: Azumarill|Waterfall|p1a: Cresselia
|-damage|p1a: Cresselia|272\/444
|
|-heal|p1a: Cresselia|299\/444|[from] item: Leftovers
|turn|10
|join|Anditeo
|
|switch|p2a: Metagross|Metagross|301\/301
|move|p1a: Cresselia|Thunder Wave|p2a: Metagross
|-status|p2a: Metagross|par
|
|-heal|p1a: Cresselia|326\/444|[from] item: Leftovers
|turn|11
|join|Animefan8451
|
|switch|p1a: Skarmory|Skarmory, F|203\/333
|detailschange|p2a: Metagross|Metagross-Mega
|message|Metagross has Mega Evolved into Mega Metagross!
|move|p2a: Metagross|Stealth Rock|p1a: Skarmory
|-sidestart|p1: RS Swept|move: Stealth Rock
|
|turn|12
|join|Albyness
|
|move|p1a: Skarmory|Defog|p2a: Metagross
|-unboost|p2a: Metagross|evasion|1
|-sideend|p1: RS Swept|Stealth Rock|[from] move: Defog|[of] p1a: Skarmory
|cant|p2a: Metagross|par
|
|turn|13
|join|jessmister
|join|Thomas Is Mango
|
|move|p1a: Skarmory|Roost|p1a: Skarmory
|-heal|p1a: Skarmory|333\/333
|cant|p2a: Metagross|par
|
|turn|14
|join|z0mOG
|
|move|p1a: Skarmory|Brave Bird|p2a: Metagross
|-resisted|p2a: Metagross
|-damage|p2a: Metagross|263\/301 par
|-damage|p1a: Skarmory|320\/333|[from] recoil|[of] p2a: Metagross
|move|p2a: Metagross|Stealth Rock|p1a: Skarmory
|-sidestart|p1: RS Swept|move: Stealth Rock
|
|turn|15
|
|move|p1a: Skarmory|Defog|p2a: Metagross
|-unboost|p2a: Metagross|evasion|1
|-sideend|p1: RS Swept|Stealth Rock|[from] move: Defog|[of] p1a: Skarmory
|move|p2a: Metagross|Hammer Arm|p1a: Skarmory
|-damage|p1a: Skarmory|223\/333
|-unboost|p2a: Metagross|spe|1
|
|turn|16
|join|Scrotom-Posh
|c| bellicose|Thunderpunch jukain
|c|âJukain|damn paras lol
|
|move|p1a: Skarmory|Spikes|p2a: Metagross
|-sidestart|p2: Jukain|Spikes
|move|p2a: Metagross|Stealth Rock|p1a: Skarmory
|-sidestart|p1: RS Swept|move: Stealth Rock
|
|turn|17
|c| z0mOG|thunderpunch is prob the best coverage
|c| z0mOG|tbh
|
|move|p1a: Skarmory|Spikes|p2a: Metagross
|-sidestart|p2: Jukain|Spikes
|cant|p2a: Metagross|par
|
|turn|18
|
|move|p1a: Skarmory|Spikes|p2a: Metagross
|-sidestart|p2: Jukain|Spikes
|move|p2a: Metagross|Hammer Arm|p1a: Skarmory
|-damage|p1a: Skarmory|121\/333
|-unboost|p2a: Metagross|spe|1
|
|turn|19
|c| bellicose|Ud be doing half with tpunch
|c| bellicose|noob
|
|move|p1a: Skarmory|Defog|p2a: Metagross
|-unboost|p2a: Metagross|evasion|1
|-sideend|p2: Jukain|Spikes|[from] move: Defog|[of] p2a: Metagross
|-sideend|p1: RS Swept|Stealth Rock|[from] move: Defog|[of] p1a: Skarmory
|move|p2a: Metagross|Hammer Arm|p1a: Skarmory
|-damage|p1a: Skarmory|15\/333
|-unboost|p2a: Metagross|spe|1
|
|turn|20
|
|move|p1a: Skarmory|Spikes|p2a: Metagross
|-sidestart|p2: Jukain|Spikes
|move|p2a: Metagross|Hammer Arm|p1a: Skarmory|[miss]
|-miss|p2a: Metagross|p1a: Skarmory
|
|turn|21
|c| Thomas Is Mango|Spike stack :]]
|
|move|p1a: Skarmory|Spikes|p2a: Metagross
|-sidestart|p2: Jukain|Spikes
|move|p2a: Metagross|Hammer Arm|p1a: Skarmory
|-damage|p1a: Skarmory|0 fnt
|-unboost|p2a: Metagross|spe|1
|faint|p1a: Skarmory
|
|
|switch|p1a: Quagsire|Quagsire, F|394\/394
|turn|22
|
|move|p1a: Quagsire|Scald|p2a: Metagross
|-damage|p2a: Metagross|203\/301 par
|cant|p2a: Metagross|par
|
|turn|23
|c| Albyness|sable imo
|
|move|p1a: Quagsire|Encore|p2a: Metagross
|-start|p2a: Metagross|Encore
|move|p2a: Metagross|Hammer Arm|p1a: Quagsire
|-damage|p1a: Quagsire|256\/394
|-unboost|p2a: Metagross|spe|1
|
|-heal|p1a: Quagsire|280\/394|[from] item: Leftovers
|turn|24
|c|âJukain|come on...
|join|Squirrelll
|c|âRS Swept|woah i thought of the play just a turn too late
|leave|I'm Rick Astley
|c|âRS Swept|:3
|
|switch|p2a: Hydreigon|Hydreigon, M|325\/325
|move|p1a: Quagsire|Scald|p2a: Hydreigon
|-resisted|p2a: Hydreigon
|-damage|p2a: Hydreigon|288\/325
|-status|p2a: Hydreigon|brn
|
|-heal|p1a: Quagsire|304\/394|[from] item: Leftovers
|-damage|p2a: Hydreigon|248\/325 brn|[from] brn
|turn|25
|c|âJukain|can u stop
|c|âJukain|please
|join|I'm Rick Astley
|leave|I'm Rick Astley
|
|switch|p2a: Azumarill|Azumarill, M|341\/341
|-damage|p2a: Azumarill|285\/341|[from] Spikes
|switch|p1a: Chansey|Chansey, F|645\/645
|
|turn|26
|c| bellicose|Jukain is bad.
|c| hats.marumaru|jukain
|c| hats.marumaru|do you suck penis
|c|âJukain|im getting haxed
|c|âJukain|by this aids
|
|switch|p1a: Quagsire|Quagsire, F|304\/394
|move|p2a: Azumarill|Play Rough|p1a: Quagsire
|-damage|p1a: Quagsire|87\/394
|-unboost|p1a: Quagsire|atk|1
|
|-heal|p1a: Quagsire|111\/394|[from] item: Leftovers
|turn|27
|
|switch|p1a: Cresselia|Cresselia, F|326\/444
|move|p2a: Azumarill|Play Rough|p1a: Cresselia
|-damage|p1a: Cresselia|121\/444
|
|-heal|p1a: Cresselia|148\/444|[from] item: Leftovers
|turn|28
|
|move|p1a: Cresselia|Moonlight|p1a: Cresselia
|-heal|p1a: Cresselia|370\/444
|move|p2a: Azumarill|Play Rough|p1a: Cresselia|[miss]
|-miss|p2a: Azumarill|p1a: Cresselia
|
|-heal|p1a: Cresselia|397\/444|[from] item: Leftovers
|turn|29
|
|switch|p2a: Hydreigon|Hydreigon, M|248\/325 brn
|move|p1a: Cresselia|Psyshock|p2a: Hydreigon
|-immune|p2a: Hydreigon|[msg]
|
|-heal|p1a: Cresselia|424\/444|[from] item: Leftovers
|-damage|p2a: Hydreigon|208\/325 brn|[from] brn
|turn|30
|
|switch|p1a: Chansey|Chansey, F|645\/645
|move|p2a: Hydreigon|Dark Pulse|p1a: Chansey
|-damage|p1a: Chansey|548\/645
|-damage|p2a: Hydreigon|176\/325 brn|[from] item: Life Orb
|
|-damage|p2a: Hydreigon|136\/325 brn|[from] brn
|turn|31
|
|move|p2a: Hydreigon|Draco Meteor|p1a: Chansey|[miss]
|-miss|p2a: Hydreigon|p1a: Chansey
|move|p1a: Chansey|Stealth Rock|p2a: Hydreigon
|-sidestart|p2: Jukain|move: Stealth Rock
|
|-damage|p2a: Hydreigon|96\/325 brn|[from] brn
|turn|32
|c| hats.marumaru|ogre
|c| hats.marumaru|swept wins
|c| hats.marumaru|he wins
|c|âJukain|holy FUCK
|
|move|p2a: Hydreigon|Dark Pulse|p1a: Chansey
|-damage|p1a: Chansey|439\/645
|-damage|p2a: Hydreigon|64\/325 brn|[from] item: Life Orb
|cant|p1a: Chansey|flinch
|
|-damage|p2a: Hydreigon|24\/325 brn|[from] brn
|turn|33
|c|âJukain|this lucky piece of ass
|
|move|p2a: Hydreigon|Dark Pulse|p1a: Chansey
|-damage|p1a: Chansey|330\/645
|-damage|p2a: Hydreigon|0 fnt|[from] item: Life Orb
|faint|p2a: Hydreigon
|move|p1a: Chansey|Soft-Boiled|p1a: Chansey
|-heal|p1a: Chansey|645\/645
|
|c| hats.marumaru|costa
|c| hats.marumaru|is hacking
|c| chumped|WOW FLINCH JUKAIN R U A HACKER
|c| hats.marumaru|lucker dug
|c| Outrageous Fortune|jukain is losing despite haxing costa.....
|
|switch|p2a: Breloom|Breloom, F|261\/261
|-damage|p2a: Breloom|245\/261|[from] Stealth Rock
|-damage|p2a: Breloom|202\/261|[from] Spikes
|turn|34
|c|âJukain|nigga
|c|âJukain|...lol
|join|KingoftheRedLions
|
|switch|p1a: Sableye|Sableye-Mega, F|303\/303
|move|p2a: Breloom|Bullet Seed|p1a: Sableye
|-damage|p1a: Sableye|251\/303
|-damage|p1a: Sableye|200\/303
|-hitcount|p1a: Sableye|2
|
|turn|35
|
|move|p2a: Breloom|Bullet Seed|p1a: Sableye
|-damage|p1a: Sableye|154\/303
|-damage|p1a: Sableye|105\/303
|-damage|p1a: Sableye|60\/303
|-hitcount|p1a: Sableye|3
|move|p1a: Sableye|Will-O-Wisp|p2a: Breloom
|-status|p2a: Breloom|brn
|
|-damage|p2a: Breloom|170\/261 brn|[from] brn
|turn|36
|join|Henry
|c| hats.marumaru|o g r e
|join|I'm Rick Astley
|c| hats.marumaru|so
|c| hats.marumaru|ogre
|raw|<div class="broadcast-red"><b>Moderated chat was set to +!<\/b><br \/>Only users of rank + and higher can talk.<\/div>
|
|switch|p1a: Gothitelle|Gothitelle, M|301\/301
|move|p2a: Breloom|Bullet Seed|p1a: Gothitelle
|-damage|p1a: Gothitelle|262\/301
|-damage|p1a: Gothitelle|225\/301
|-crit|p1a: Gothitelle
|-damage|p1a: Gothitelle|171\/301
|-hitcount|p1a: Gothitelle|3
|
|-damage|p2a: Breloom|138\/261 brn|[from] brn
|turn|37
|
|move|p1a: Gothitelle|Psyshock|p2a: Breloom
|-supereffective|p2a: Breloom
|-damage|p2a: Breloom|0 fnt
|faint|p2a: Breloom
|
|leave|z0mOG
|
|switch|p2a: Landorus-Therian|Landorus-Therian, M|319\/319
|-damage|p2a: Landorus-Therian|280\/319|[from] Stealth Rock
|-ability|p2a: Landorus-Therian|Intimidate|[of] p1a: Gothitelle
|-unboost|p1a: Gothitelle|atk|1
|turn|38
|leave|TyranitarTerror
|
|switch|p1a: Cresselia|Cresselia, F|424\/444
|move|p2a: Landorus-Therian|U-turn|p1a: Cresselia
|-supereffective|p1a: Cresselia
|-damage|p1a: Cresselia|300\/444
|join|Updated Kanto
|join|akkeshi
|
|switch|p2a: Azumarill|Azumarill, M|285\/341
|-damage|p2a: Azumarill|229\/341|[from] Spikes
|-damage|p2a: Azumarill|187\/341|[from] Stealth Rock
|
|-heal|p1a: Cresselia|327\/444|[from] item: Leftovers
|turn|39
|join|Thomas's Ego
|
|move|p1a: Cresselia|Psyshock|p2a: Azumarill
|-damage|p2a: Azumarill|93\/341
|move|p2a: Azumarill|Play Rough|p1a: Cresselia
|-crit|p1a: Cresselia
|-damage|p1a: Cresselia|23\/444
|
|-heal|p1a: Cresselia|50\/444|[from] item: Leftovers
|turn|40
|join|tripsbot
|join|Jefo
|join|sugarhigh
|
|move|p1a: Cresselia|Moonlight|p1a: Cresselia
|-heal|p1a: Cresselia|272\/444
|move|p2a: Azumarill|Play Rough|p1a: Cresselia
|-damage|p1a: Cresselia|86\/444
|-unboost|p1a: Cresselia|atk|1
|
|-heal|p1a: Cresselia|113\/444|[from] item: Leftovers
|turn|41
|
|move|p1a: Cresselia|Moonlight|p1a: Cresselia
|-heal|p1a: Cresselia|335\/444
|move|p2a: Azumarill|Play Rough|p1a: Cresselia|[miss]
|-miss|p2a: Azumarill|p1a: Cresselia
|
|-heal|p1a: Cresselia|362\/444|[from] item: Leftovers
|turn|42
|c|âJukain|ughhhhhhhhhhhhhhhhhhhhhhhhhhhhhhhhhhhhhhhhhhh
|c|âJukain|STOP
|
|move|p1a: Cresselia|Thunder Wave|p2a: Azumarill
|-status|p2a: Azumarill|par
|move|p2a: Azumarill|Play Rough|p1a: Cresselia
|-damage|p1a: Cresselia|166\/444
|
|-heal|p1a: Cresselia|193\/444|[from] item: Leftovers
|turn|43
|
|move|p1a: Cresselia|Moonlight|p1a: Cresselia
|-heal|p1a: Cresselia|415\/444
|cant|p2a: Azumarill|par
|
|-heal|p1a: Cresselia|442\/444|[from] item: Leftovers
|turn|44
|
|move|p1a: Cresselia|Psyshock|p2a: Azumarill
|-damage|p2a: Azumarill|9\/341 par
|move|p2a: Azumarill|Play Rough|p1a: Cresselia
|-damage|p1a: Cresselia|226\/444
|
|-heal|p1a: Cresselia|253\/444|[from] item: Leftovers
|turn|45
|c|âJukain|so done
|c|âJukain|with u fucking lucky trash
|c|âJukain|u have hazards because u haxed
|c|âRS Swept|mhmm
|c|âRS Swept|qq
|c|âJukain|u have mons because u haxed
|
|move|p1a: Cresselia|Skill Swap|p2a: Azumarill
|-activate|p1a: Cresselia|move: Skill Swap|Huge Power|Levitate|[of] p2a: Azumarill
|move|p2a: Azumarill|Play Rough|p1a: Cresselia
|-damage|p1a: Cresselia|153\/444
|
|-heal|p1a: Cresselia|180\/444|[from] item: Leftovers
|turn|46
|join|Endless Sky
|leave|sugarhigh
|c|âJukain|u played like shit and are winning
|
|move|p1a: Cresselia|Moonlight|p1a: Cresselia
|-heal|p1a: Cresselia|402\/444
|cant|p2a: Azumarill|par
|
|-heal|p1a: Cresselia|429\/444|[from] item: Leftovers
|turn|47
|
|move|p1a: Cresselia|Psyshock|p2a: Azumarill
|-damage|p2a: Azumarill|0 fnt
|faint|p2a: Azumarill
|
|-heal|p1a: Cresselia|444\/444|[from] item: Leftovers
|
|switch|p2a: Thundurus|Thundurus, M|75\/299
|-damage|p2a: Thundurus|1\/299|[from] Stealth Rock
|turn|48
|
|switch|p1a: Sableye|Sableye-Mega, F|60\/303
|move|p2a: Thundurus|Thunder Wave|p1a: Sableye
|move|p1a: Sableye|Thunder Wave|p2a: Thundurus|[from]Magic Bounce
|-fail|p2a: Thundurus
|
|turn|49
|
|move|p2a: Thundurus|Thunderbolt|p1a: Sableye
|-damage|p1a: Sableye|0 fnt
|-damage|p2a: Thundurus|0 fnt|[from] item: Life Orb
|faint|p1a: Sableye
|faint|p2a: Thundurus
|
|
|switch|p2a: Landorus-Therian|Landorus-Therian, M|280\/319
|switch|p1a: Chansey|Chansey, F|645\/645
|-damage|p2a: Landorus-Therian|241\/319|[from] Stealth Rock
|-ability|p2a: Landorus-Therian|Intimidate|[of] p1a: Chansey
|-unboost|p1a: Chansey|atk|1
|turn|50
|
|move|p2a: Landorus-Therian|Explosion|p1a: Chansey
|-damage|p1a: Chansey|208\/645
|faint|p2a: Landorus-Therian
|move|p1a: Chansey|Seismic Toss|p2: Landorus-Therian|[notarget]
|-notarget
|
|
|switch|p2a: Metagross|Metagross-Mega|203\/301 par
|-damage|p2a: Metagross|185\/301 par|[from] Stealth Rock
|-damage|p2a: Metagross|135\/301 par|[from] Spikes
|turn|51
|
|move|p1a: Chansey|Seismic Toss|p2a: Metagross
|-damage|p2a: Metagross|35\/301 par
|move|p2a: Metagross|Meteor Mash|p1a: Chansey
|-damage|p1a: Chansey|0 fnt
|faint|p1a: Chansey
|
|
|switch|p1a: Cresselia|Cresselia, F|444\/444
|turn|52
|
|move|p1a: Cresselia|Skill Swap|p2a: Metagross
|-activate|p1a: Cresselia|move: Skill Swap|Tough Claws|Levitate|[of] p2a: Metagross
|cant|p2a: Metagross|par
|
|turn|53
|c|âRS Swept|:3
|
|move|p1a: Cresselia|Psyshock|p2a: Metagross
|-resisted|p2a: Metagross
|-damage|p2a: Metagross|23\/301 par
|move|p2a: Metagross|Meteor Mash|p1a: Cresselia
|-damage|p1a: Cresselia|320\/444
|
|-heal|p1a: Cresselia|347\/444|[from] item: Leftovers
|turn|54
|c|âJukain|dont u dare say gg
|
|move|p1a: Cresselia|Psyshock|p2a: Metagross
|-resisted|p2a: Metagross
|-damage|p2a: Metagross|11\/301 par
|move|p2a: Metagross|Meteor Mash|p1a: Cresselia
|-damage|p1a: Cresselia|230\/444
|
|-heal|p1a: Cresselia|257\/444|[from] item: Leftovers
|turn|55
|
|move|p1a: Cresselia|Psyshock|p2a: Metagross
|-resisted|p2a: Metagross
|-damage|p2a: Metagross|0 fnt
|faint|p2a: Metagross
|
|win|RS Swept
|raw|Ladder updating...
|leave|Jukain
|player|p2
|c|âRS Swept|gg
|c|âRS Swept|noob
|leave|Alvadora
|leave|RS Swept
|player|p1
|leave|Scrotom-Posh
|leave|PorroPorro
|leave|stally the kid
|leave|Thomas's Ego
|leave|jessmister
|raw|RS Swept's rating: 1913 &rarr; <strong>1928<\/strong><br \/>(+15 for winning)
|raw|Jukain's rating: 1814 &rarr; <strong>1799<\/strong><br \/>(-15 for losing)
|leave|akkeshi
|leave|Animefan8451
|leave|Squirrelll
|leave|RNGzus
|leave|Anditeo
|leave|tripsbot
|leave|Albyness
|leave|Jefo
|join|Jefo
|leave|Jefo