|join|Nagari
|join|RS Swept
|player|p1|Nagari|192
|player|p2|RS Swept|29
|gametype|singles
|gen|6
|tier|OU
|clearpoke
|poke|p1|Latios, M
|poke|p1|Heracross, M
|poke|p1|Heatran, M
|poke|p1|Chesnaught, F
|poke|p1|Empoleon, M
|poke|p1|Thundurus, M
|poke|p2|Heatran, M
|poke|p2|Scizor, M
|poke|p2|Kyurem-Black
|poke|p2|Greninja, M
|poke|p2|Landorus-Therian, M
|poke|p2|Latias, F
|rule|Swagger Clause: Swagger is banned
|rule|Baton Pass Clause: Limit one PokÃ©mon knowing Baton Pass
|rule|Sleep Clause Mod: Limit one foe put to sleep
|rule|Species Clause: Limit one of each PokÃ©mon
|rule|OHKO Clause: OHKO moves are banned
|rule|Moody Clause: Moody is banned
|rule|Evasion Moves Clause: Evasion moves are banned
|rule|Endless Battle Clause: Forcing endless battles is banned
|rule|HP Percentage Mod: HP is shown in percentages
|teampreview
|join|Prankster
|join|jake5
|join|Jinhao
|join|Mad Scientist X
|join|Not Alvadora
|join|Where Dey At Doe
|join|Squirrelll
|join|sweqfeq
|join|Lady Keldeo
|join|forfeit spam
|c|âNagari|wonder how time's gonna fair against someone like you
|join|Supah Glitch
|join|Politoed in Green
|
|start
|switch|p1a: StallBitches|Heracross, M|302\/302
|switch|p2a: Landorus-Therian|Landorus-Therian, M|379\/379
|-ability|p2a: Landorus-Therian|Intimidate|[of] p1a: StallBitches
|-unboost|p1a: StallBitches|atk|1
|turn|1
|leave|Politoed in Green
|join|McMann
|
|move|p1a: StallBitches|Knock Off|p2a: Landorus-Therian
|-damage|p2a: Landorus-Therian|278\/379
|-enditem|p2a: Landorus-Therian|Leftovers|[from] move: Knock Off|[of] p1a: StallBitches
|move|p2a: Landorus-Therian|Stealth Rock|p1a: StallBitches
|-sidestart|p1: Nagari|move: Stealth Rock
|
|turn|2
|join|pwmckd
|leave|Mad Scientist X
|join|Darmanitando
|join|hialeah
|
|switch|p1a: Chesnaught|Chesnaught, F|380\/380
|-damage|p1a: Chesnaught|357\/380|[from] Stealth Rock
|move|p2a: Landorus-Therian|U-turn|p1a: Chesnaught
|-damage|p1a: Chesnaught|313\/380
|
|switch|p2a: Heatran|Heatran, M|323\/323
|
|-heal|p1a: Chesnaught|336\/380|[from] item: Leftovers
|turn|3
|join|kerthorok
|
|switch|p1a: Legend|Latios, M|301\/301
|-damage|p1a: Legend|264\/301|[from] Stealth Rock
|move|p2a: Heatran|Magma Storm|p1a: Legend
|-resisted|p1a: Legend
|-damage|p1a: Legend|186\/301
|-activate|p1a: Legend|move: Magma Storm|[of] p2a: Heatran
|
|-damage|p1a: Legend|149\/301|[from] move: Magma Storm|[partiallytrapped]
|turn|4
|
|detailschange|p1a: Legend|Latios-Mega, M
|message|Latios has Mega Evolved into Mega Latios!
|move|p1a: Legend|Earthquake|p2a: Heatran
|-supereffective|p2a: Heatran
|-damage|p2a: Heatran|0 fnt
|faint|p2a: Heatran
|
|-end|p1a: Legend|Magma Storm|[partiallytrapped]
|c| kerthorok|my man
|c| forfeit spam|lol
|c|âNagari|who?
|c| kerthorok|dat earthquake
|c|âNagari|thx
|
|switch|p2a: Greninja|Greninja, M|285\/285
|turn|5
|join|DerpaniteX
|
|switch|p1a: Empoleon|Empoleon, M|372\/372
|-damage|p1a: Empoleon|349\/372|[from] Stealth Rock
|move|p2a: Greninja|Dark Pulse|p1a: Empoleon
|-start|p2a: Greninja|typechange|Dark|[from] Protean
|-damage|p1a: Empoleon|246\/372
|-damage|p2a: Greninja|257\/285|[from] item: Life Orb
|
|turn|6
|
|move|p2a: Greninja|Dark Pulse|p1a: Empoleon
|-damage|p1a: Empoleon|141\/372
|-damage|p2a: Greninja|229\/285|[from] item: Life Orb
|cant|p1a: Empoleon|flinch
|
|turn|7
|c| sweqfeq|low kick?
|
|move|p2a: Greninja|Hydro Pump|p1a: Empoleon|[miss]
|-start|p2a: Greninja|typechange|Water|[from] Protean
|-miss|p2a: Greninja|p1a: Empoleon
|move|p1a: Empoleon|Scald|p2a: Greninja
|-resisted|p2a: Greninja
|-damage|p2a: Greninja|155\/285
|
|turn|8
|c| Squirrelll|obv not lol
|c| jake5|^
|
|move|p2a: Greninja|Hydro Pump|p1a: Empoleon|[miss]
|-miss|p2a: Greninja|p1a: Empoleon
|move|p1a: Empoleon|Stealth Rock|p2a: Greninja
|-sidestart|p2: RS Swept|move: Stealth Rock
|
|turn|9
|c| Jinhao|hax everywhere
|
|move|p2a: Greninja|Dark Pulse|p1a: Empoleon
|-start|p2a: Greninja|typechange|Dark|[from] Protean
|-damage|p1a: Empoleon|31\/372
|-damage|p2a: Greninja|127\/285|[from] item: Life Orb
|move|p1a: Empoleon|Toxic|p2a: Greninja
|-status|p2a: Greninja|tox
|
|-damage|p2a: Greninja|110\/285 tox|[from] psn
|turn|10
|c| Squirrelll|idk why he didnt defog tho
|c| Supah Glitch|lol
|
|move|p2a: Greninja|Dark Pulse|p1a: Empoleon
|-damage|p1a: Empoleon|0 fnt
|-damage|p2a: Greninja|82\/285 tox|[from] item: Life Orb
|faint|p1a: Empoleon
|
|-damage|p2a: Greninja|48\/285 tox|[from] psn
|
|switch|p1a: Heatran|Heatran, M|323\/323
|-damage|p1a: Heatran|283\/323|[from] Stealth Rock
|turn|11
|c| Supah Glitch|I think empoleon is the gren check
|c| Supah Glitch|official
|
|move|p1a: Heatran|Hidden Power|p2a: Greninja
|-damage|p2a: Greninja|0 fnt
|faint|p2a: Greninja
|
|c| Squirrelll|no lowkick 2hkos
|c| kerthorok|low kick
|c| jake5|^
|c| kerthorok|low kick and gun shot should be on every greninja
|c| kerthorok|gunk*
|c|âNagari|no
|c| sweqfeq|Not low kick
|c| Squirrelll|i disagree
|join|DracoNinja
|c| Supah Glitch|its a special attacker
|c|âNagari|low  kick is not mandatory
|c| sweqfeq|Gunk shot is pretty necessary
|
|switch|p2a: Scizor|Scizor, M|283\/283
|-damage|p2a: Scizor|248\/283|[from] Stealth Rock
|turn|12
|c| kerthorok|unwallable moveset
|c| Supah Glitch|what the hell? low kick?
|c| sweqfeq|But low kick is more on what ur team needs
|c| Squirrelll|i still think lowkick is dumb af lol
|c| jake5|lol unwallable
|
|switch|p1a: Thundurus|Thundurus, M|332\/332
|-damage|p1a: Thundurus|249\/332|[from] Stealth Rock
|detailschange|p2a: Scizor|Scizor-Mega, M
|message|Scizor has Mega Evolved into Mega Scizor!
|move|p2a: Scizor|Swords Dance|p2a: Scizor
|-boost|p2a: Scizor|atk|2
|
|-heal|p1a: Thundurus|269\/332|[from] item: Leftovers
|turn|13
|c| jake5|i agree with squirell
|c| Supah Glitch|lowkick is gimmicky
|c| jake5|tentacruel says hi
|c| Supah Glitch|its based on weight
|
|move|p1a: Thundurus|Taunt|p2a: Scizor
|-start|p2a: Scizor|move: Taunt
|move|p2a: Scizor|Bug Bite|p1a: Thundurus
|-resisted|p1a: Thundurus
|-damage|p1a: Thundurus|22\/332
|
|-heal|p1a: Thundurus|42\/332|[from] item: Leftovers
|turn|14
|c| Squirrelll|its def one of the most common moves on gren tho
|c| kerthorok|very few people use Tentacruel
|
|move|p1a: Thundurus|Thunder Wave|p2a: Scizor
|-status|p2a: Scizor|par
|move|p2a: Scizor|Bullet Punch|p1a: Thundurus
|-resisted|p1a: Thundurus
|-damage|p1a: Thundurus|0 fnt
|faint|p1a: Thundurus
|
|
|switch|p1a: Heatran|Heatran, M|283\/323
|-damage|p1a: Heatran|243\/323|[from] Stealth Rock
|turn|15
|c| jake5|LOL
|c| jake5|very few use tentacruel
|
|switch|p2a: Latias|Latias, F|301\/301
|-damage|p2a: Latias|264\/301|[from] Stealth Rock
|move|p1a: Heatran|Overheat|p2a: Latias
|-resisted|p2a: Latias
|-damage|p2a: Latias|179\/301
|-unboost|p1a: Heatran|spa|2
|
|turn|16
|c| Supah Glitch|and if Tentacruel, liquid ooze
|c| Squirrelll|tenta is on like every mega sableye team
|c| kerthorok|compared to heavy steel types, just saying
|c| sweqfeq|u stoopid
|c| kerthorok|yeah but mega sableye is not the most common mega
|c| jake5|lol
|c| Squirrelll|doesnt mean tenta isnt common lol
|c| Squirrelll|that logic
|c| sweqfeq|jake im using a team that went 30-0
|c| kerthorok|tentacruel can be dealt with any psychic type
|c| sweqfeq|with 4 choice mons
|c| jake5|gratz
|c| sweqfeq|..
|c| jake5|if your using the same team that everyones using
|c| jake5|i dont give you credit
|
|switch|p1a: Chesnaught|Chesnaught, F|336\/380
|-damage|p1a: Chesnaught|313\/380|[from] Stealth Rock
|move|p2a: Latias|Psyshock|p1a: Chesnaught
|-supereffective|p1a: Chesnaught
|-damage|p1a: Chesnaught|110\/380
|-damage|p2a: Latias|149\/301|[from] item: Life Orb
|
|-heal|p1a: Chesnaught|133\/380|[from] item: Leftovers
|turn|17
|c| Squirrelll|what team
|
|move|p1a: Chesnaught|Spiky Shield|p1a: Chesnaught
|-singleturn|p1a: Chesnaught|move: Protect
|move|p2a: Latias|Psyshock|p1a: Chesnaught
|-activate|p1a: Chesnaught|move: Protect
|
|-heal|p1a: Chesnaught|156\/380|[from] item: Leftovers
|turn|18
|c| Squirrelll|with 4 choiced mons
|c| Squirrelll|lol
|c| jake5|prolly yours squirell
|
|switch|p1a: Heatran|Heatran, M|243\/323
|-damage|p1a: Heatran|203\/323|[from] Stealth Rock
|move|p2a: Latias|Psyshock|p1a: Heatran
|-resisted|p1a: Heatran
|-damage|p1a: Heatran|125\/323
|-damage|p2a: Latias|119\/301|[from] item: Life Orb
|
|turn|19
|c| Squirrelll|yeah thats what im thinking ol
|c| sweqfeq|tran\/gren\/lati\/lando 2 fillers
|c| Squirrelll|ah nope
|c| jake5|yeah thats not it
|
|switch|p2a: Landorus-Therian|Landorus-Therian, M|278\/379
|-damage|p2a: Landorus-Therian|231\/379|[from] Stealth Rock
|-ability|p2a: Landorus-Therian|Intimidate|[of] p1a: Heatran
|-unboost|p1a: Heatran|atk|1
|move|p1a: Heatran|Flash Cannon|p2a: Landorus-Therian
|-damage|p2a: Landorus-Therian|63\/379
|
|turn|20
|join|shadowthorn
|join|frostleaf
|c| Squirrelll|which one of those is even choiced o_O
|
|switch|p1a: Chesnaught|Chesnaught, F|156\/380
|-damage|p1a: Chesnaught|133\/380|[from] Stealth Rock
|switch|p2a: Scizor|Scizor-Mega, M|248\/283 par
|-damage|p2a: Scizor|213\/283 par|[from] Stealth Rock
|
|-heal|p1a: Chesnaught|156\/380|[from] item: Leftovers
|turn|21
|c| jake5|heatranis
|c| sweqfeq|tran?
|c| jake5|lando aint
|c| jake5|he knocked off leftiez turn 1
|c| Squirrelll|gren shouldnt be
|
|move|p1a: Chesnaught|Leech Seed|p2a: Scizor|[miss]
|-miss|p1a: Chesnaught|p2a: Scizor
|move|p2a: Scizor|Swords Dance|p2a: Scizor
|-boost|p2a: Scizor|atk|2
|
|-heal|p1a: Chesnaught|179\/380|[from] item: Leftovers
|turn|22
|
|move|p1a: Chesnaught|Leech Seed|p2a: Scizor
|-start|p2a: Scizor|move: Leech Seed
|move|p2a: Scizor|Superpower|p1a: Chesnaught
|-damage|p1a: Chesnaught|0 fnt
|-unboost|p2a: Scizor|atk|1
|-unboost|p2a: Scizor|def|1
|faint|p1a: Chesnaught
|
|leave|DerpaniteX
|
|switch|p1a: StallBitches|Heracross, M|302\/302
|-damage|p1a: StallBitches|265\/302|[from] Stealth Rock
|turn|23
|
|switch|p2a: Landorus-Therian|Landorus-Therian, M|63\/379
|-damage|p2a: Landorus-Therian|16\/379|[from] Stealth Rock
|-ability|p2a: Landorus-Therian|Intimidate|[of] p1a: StallBitches
|-unboost|p1a: StallBitches|atk|1
|move|p1a: StallBitches|Close Combat|p2a: Landorus-Therian
|-resisted|p2a: Landorus-Therian
|-damage|p2a: Landorus-Therian|0 fnt
|-unboost|p1a: StallBitches|def|1
|-unboost|p1a: StallBitches|spd|1
|faint|p2a: Landorus-Therian
|
|c|âNagari|heracross like a threat
|c| jake5|hardly
|c| jake5|when its banded
|c|âNagari|i think it's swept's win tho
|
|switch|p2a: Latias|Latias, F|119\/301
|-damage|p2a: Latias|82\/301|[from] Stealth Rock
|turn|24
|
|switch|p1a: Heatran|Heatran, M|125\/323
|-damage|p1a: Heatran|85\/323|[from] Stealth Rock
|move|p2a: Latias|Psyshock|p1a: Heatran
|-resisted|p1a: Heatran
|-damage|p1a: Heatran|7\/323
|-damage|p2a: Latias|52\/301|[from] item: Life Orb
|
|turn|25
|c| sweqfeq|it was fro mthe start
|c| sweqfeq|lets be honest
|join|DerpaniteX
|
|move|p1a: Heatran|Overheat|p2a: Latias
|-resisted|p2a: Latias
|-damage|p2a: Latias|0 fnt
|-unboost|p1a: Heatran|spa|2
|faint|p2a: Latias
|
|
|switch|p2a: Kyurem-Black|Kyurem-Black|391\/391
|-damage|p2a: Kyurem-Black|294\/391|[from] Stealth Rock
|-ability|p2a: Kyurem-Black|Teravolt
|turn|26
|c| jake5|lol zor prolly sweeps now assuming it dont get para'd
|
|move|p2a: Kyurem-Black|Dragon Claw|p1a: Heatran
|-resisted|p1a: Heatran
|-damage|p1a: Heatran|0 fnt
|faint|p1a: Heatran
|
|c| jake5|hmm
|c|âNagari|scarf
|c|âNagari|YES
|
|switch|p1a: StallBitches|Heracross, M|265\/302
|-damage|p1a: StallBitches|228\/302|[from] Stealth Rock
|turn|27
|c| jake5|what are you so happy about lol
|c| sweqfeq|inb4 jolly
|
|switch|p2a: Scizor|Scizor-Mega, M|213\/283 par
|-damage|p2a: Scizor|178\/283 par|[from] Stealth Rock
|move|p1a: StallBitches|Close Combat|p2a: Scizor
|-damage|p2a: Scizor|0 fnt
|-unboost|p1a: StallBitches|def|1
|-unboost|p1a: StallBitches|spd|1
|faint|p2a: Scizor
|
|
|switch|p2a: Kyurem-Black|Kyurem-Black|294\/391
|-damage|p2a: Kyurem-Black|197\/391|[from] Stealth Rock
|-ability|p2a: Kyurem-Black|Teravolt
|turn|28
|c| Jinhao|ooohh
|c| Squirrelll|outrage
|c| Squirrelll|cleans
|c| jake5|outrage spam prollywins
|c|âNagari|yeah
|c|âNagari|gg
|c|âNagari|very close one
|
|switch|p1a: Legend|Latios-Mega, M|149\/301
|-damage|p1a: Legend|112\/301|[from] Stealth Rock
|move|p2a: Kyurem-Black|Outrage|p1a: Legend
|-supereffective|p1a: Legend
|-damage|p1a: Legend|0 fnt
|faint|p1a: Legend
|
|leave|DerpaniteX
|join|Motita
|join|DerpaniteX
|join|MoB Barley
|leave|Supah Glitch
|join|illestt
|join|Vogas
|leave|DerpaniteX
|c|âNagari|illest
|c|âNagari|watch the replay
|join|jelos
|c|âNagari|check out my new team
|leave|jake5
|join|DerpaniteX
|
|switch|p1a: StallBitches|Heracross, M|228\/302
|-damage|p1a: StallBitches|191\/302|[from] Stealth Rock
|turn|29
|c| illestt|kk
|join|jake5
|
|move|p2a: Kyurem-Black|Outrage|p1a: StallBitches
|-damage|p1a: StallBitches|0 fnt
|faint|p1a: StallBitches
|
|win|RS Swept
|leave|MoB Barley
|leave|jake5
|leave|Prankster
|leave|sweqfeq
|leave|shadowthorn
|leave|Lady Keldeo
|leave|DerpaniteX
|c|âNagari|im surprised i got this close to RS Swept
|leave|jelos
|leave|Where Dey At Doe
|leave|hialeah
|leave|RS Swept
|player|p2
|leave|Jinhao