|join|RS Swept
|join|Jagged
|player|p1|RS Swept|29
|player|p2|Jagged|169
|gametype|singles
|gen|6
|tier|OU
|rated
|clearpoke
|poke|p1|Gothitelle, M
|poke|p1|Skarmory, F
|poke|p1|Cresselia, F
|poke|p1|Quagsire, F
|poke|p1|Sableye, F
|poke|p1|Chansey, F
|poke|p2|Sharpedo, M
|poke|p2|Swampert, F
|poke|p2|Scizor, F
|poke|p2|Arcanine, F
|poke|p2|Goodra, M
|poke|p2|Latios, M
|rule|Swagger Clause: Swagger is banned
|rule|Baton Pass Clause: Limit one PokÃ©mon knowing Baton Pass
|rule|Sleep Clause Mod: Limit one foe put to sleep
|rule|Species Clause: Limit one of each PokÃ©mon
|rule|OHKO Clause: OHKO moves are banned
|rule|Moody Clause: Moody is banned
|rule|Evasion Moves Clause: Evasion moves are banned
|rule|Endless Battle Clause: Forcing endless battles is banned
|rule|HP Percentage Mod: HP is shown in percentages
|teampreview
|
|start
|switch|p1a: Quagsire|Quagsire, F|394\/394
|switch|p2a: Latios|Latios, M|301\/301
|turn|1
|
|switch|p1a: Chansey|Chansey, F|645\/645
|move|p2a: Latios|Draco Meteor|p1a: Chansey
|-damage|p1a: Chansey|476\/645
|-unboost|p2a: Latios|spa|2
|-damage|p2a: Latios|271\/301|[from] item: Life Orb
|
|turn|2
|
|switch|p2a: Scizor|Scizor, F|343\/343
|move|p1a: Chansey|Stealth Rock|p2a: Scizor
|-sidestart|p2: Jagged|move: Stealth Rock
|
|turn|3
|
|switch|p1a: Skarmory|Skarmory, F|333\/333
|move|p2a: Scizor|Knock Off|p1a: Skarmory
|-damage|p1a: Skarmory|262\/333
|-enditem|p1a: Skarmory|Shed Shell|[from] move: Knock Off|[of] p2a: Scizor
|
|turn|4
|
|move|p1a: Skarmory|Brave Bird|p2a: Scizor
|-damage|p2a: Scizor|222\/343
|-damage|p1a: Skarmory|222\/333|[from] recoil|[of] p2a: Scizor
|move|p2a: Scizor|U-turn|p1a: Skarmory
|-resisted|p1a: Skarmory
|-damage|p1a: Skarmory|204\/333
|
|switch|p2a: Latios|Latios, M|271\/301
|-damage|p2a: Latios|234\/301|[from] Stealth Rock
|
|turn|5
|join|Albyness
|
|move|p2a: Latios|Thunderbolt|p1a: Skarmory
|-supereffective|p1a: Skarmory
|-damage|p1a: Skarmory|0 fnt
|-damage|p2a: Latios|204\/301|[from] item: Life Orb
|faint|p1a: Skarmory
|
|
|switch|p1a: Gothitelle|Gothitelle, M|301\/301
|turn|6
|join|stally the kid
|join|Updated Kanto
|join|I'm Rick Astley
|join|chumped
|leave|I'm Rick Astley
|
|switch|p1a: Chansey|Chansey, F|476\/645
|move|p2a: Latios|Defog|p1a: Chansey
|-unboost|p1a: Chansey|evasion|1
|-sideend|p2: Jagged|Stealth Rock|[from] move: Defog|[of] p2a: Latios
|
|turn|7
|join|Henry
|
|switch|p2a: Scizor|Scizor, F|222\/343
|move|p1a: Chansey|Soft-Boiled|p1a: Chansey
|-heal|p1a: Chansey|645\/645
|
|-heal|p2a: Scizor|243\/343|[from] item: Leftovers
|turn|8
|
|switch|p1a: Quagsire|Quagsire, F|394\/394
|move|p2a: Scizor|Knock Off|p1a: Quagsire
|-damage|p1a: Quagsire|299\/394
|-enditem|p1a: Quagsire|Leftovers|[from] move: Knock Off|[of] p2a: Scizor
|
|-heal|p2a: Scizor|264\/343|[from] item: Leftovers
|turn|9
|
|move|p2a: Scizor|U-turn|p1a: Quagsire
|-damage|p1a: Quagsire|197\/394
|
|switch|p2a: Latios|Latios, M|204\/301
|move|p1a: Quagsire|Recover|p1a: Quagsire
|-heal|p1a: Quagsire|394\/394
|
|turn|10
|join|Squirrelll
|
|switch|p2a: Scizor|Scizor, F|264\/343
|switch|p1a: Chansey|Chansey, F|645\/645
|
|-heal|p2a: Scizor|285\/343|[from] item: Leftovers
|turn|11
|
|move|p2a: Scizor|Knock Off|p1a: Chansey
|-damage|p1a: Chansey|478\/645
|-enditem|p1a: Chansey|Eviolite|[from] move: Knock Off|[of] p2a: Scizor
|move|p1a: Chansey|Stealth Rock|p2a: Scizor
|-sidestart|p2: Jagged|move: Stealth Rock
|
|-heal|p2a: Scizor|306\/343|[from] item: Leftovers
|turn|12
|join|tripsbot
|
|move|p2a: Scizor|U-turn|p1a: Chansey
|-damage|p1a: Chansey|193\/645
|join|Alvadora
|
|switch|p2a: Latios|Latios, M|204\/301
|-damage|p2a: Latios|167\/301|[from] Stealth Rock
|move|p1a: Chansey|Soft-Boiled|p1a: Chansey
|-heal|p1a: Chansey|516\/645
|
|turn|13
|join|I'm Rick Astley
|join|strOKing
|
|move|p2a: Latios|Psyshock|p1a: Chansey
|-damage|p1a: Chansey|156\/645
|-damage|p2a: Latios|137\/301|[from] item: Life Orb
|move|p1a: Chansey|Seismic Toss|p2a: Latios
|-damage|p2a: Latios|37\/301
|
|turn|14
|join|Outrageous Fortune
|
|move|p2a: Latios|Draco Meteor|p1a: Chansey|[miss]
|-miss|p2a: Latios|p1a: Chansey
|move|p1a: Chansey|Stealth Rock|p2a: Latios
|-fail|p2a: Latios
|
|turn|15
|join|Jefo
|c| Outrageous Fortune|how can costa even win against this god......
|
|move|p2a: Latios|Psyshock|p1a: Chansey
|-damage|p1a: Chansey|0 fnt
|-damage|p2a: Latios|7\/301|[from] item: Life Orb
|faint|p1a: Chansey
|
|
|switch|p1a: Gothitelle|Gothitelle, M|301\/301
|turn|16
|
|move|p1a: Gothitelle|Psyshock|p2a: Latios
|-crit|p2a: Latios
|-resisted|p2a: Latios
|-damage|p2a: Latios|0 fnt
|faint|p2a: Latios
|
|
|switch|p2a: Scizor|Scizor, F|306\/343
|-damage|p2a: Scizor|264\/343|[from] Stealth Rock
|turn|17
|
|move|p1a: Gothitelle|Psyshock|p2a: Scizor
|-resisted|p2a: Scizor
|-damage|p2a: Scizor|212\/343
|move|p2a: Scizor|U-turn|p1a: Gothitelle
|-supereffective|p1a: Gothitelle
|-damage|p1a: Gothitelle|17\/301
|join|bellicose
|
|switch|p2a: Sharpedo|Sharpedo, M|281\/281
|-damage|p2a: Sharpedo|246\/281|[from] Stealth Rock
|
|turn|18
|
|move|p1a: Gothitelle|Psyshock|p2a: Sharpedo
|-immune|p2a: Sharpedo|[msg]
|move|p2a: Sharpedo|Crunch|p1a: Gothitelle
|-supereffective|p1a: Gothitelle
|-damage|p1a: Gothitelle|0 fnt
|faint|p1a: Gothitelle
|
|-boost|p2a: Sharpedo|spe|1|[from] ability: Speed Boost
|
|switch|p1a: Sableye|Sableye, F|303\/303
|turn|19
|join|PorroPorro
|
|switch|p2a: Arcanine|Arcanine, F|339\/339
|-damage|p2a: Arcanine|255\/339|[from] Stealth Rock
|-ability|p2a: Arcanine|Intimidate|[of] p1a: Sableye
|-unboost|p1a: Sableye|atk|1
|move|p1a: Sableye|Will-O-Wisp|p2a: Arcanine
|-fail|p2a: Arcanine
|
|turn|20
|c| bellicose|Costa lost to literal shit
|c| bellicose|fucking lol!
|
|switch|p1a: Quagsire|Quagsire, F|394\/394
|move|p2a: Arcanine|Close Combat|p1a: Quagsire
|-damage|p1a: Quagsire|255\/394
|-unboost|p2a: Arcanine|def|1
|-unboost|p2a: Arcanine|spd|1
|-damage|p2a: Arcanine|222\/339|[from] item: Life Orb
|
|turn|21
|c| bellicose|Sunnybeam
|c| bellicose|not even
|
|switch|p2a: Swampert|Swampert, F|404\/404
|-damage|p2a: Swampert|379\/404|[from] Stealth Rock
|move|p1a: Quagsire|Recover|p1a: Quagsire
|-heal|p1a: Quagsire|394\/394
|
|-heal|p2a: Swampert|404\/404|[from] item: Leftovers
|turn|22
|join|Anditeo
|c| Squirrelll|thats kinda what alot of stall teams are broken by
|
|move|p2a: Swampert|Stealth Rock|p1a: Quagsire
|-sidestart|p1: RS Swept|move: Stealth Rock
|move|p1a: Quagsire|Toxic|p2a: Swampert
|-status|p2a: Swampert|tox
|
|-damage|p2a: Swampert|379\/404 tox|[from] psn
|turn|23
|join|MushMunkey
|
|move|p1a: Quagsire|Scald|p2a: Swampert
|-damage|p2a: Swampert|309\/404 tox
|move|p2a: Swampert|Roar|p1a: Quagsire
|drag|p1a: Cresselia|Cresselia, F|444\/444
|-damage|p1a: Cresselia|389\/444|[from] Stealth Rock
|
|-heal|p1a: Cresselia|416\/444|[from] item: Leftovers
|-heal|p2a: Swampert|334\/404 tox|[from] item: Leftovers
|-damage|p2a: Swampert|284\/404 tox|[from] psn
|turn|24
|c| Squirrelll|random irrelevant mons
|join|Scrotom-Posh
|
|move|p1a: Cresselia|Psyshock|p2a: Swampert
|-damage|p2a: Swampert|227\/404 tox
|move|p2a: Swampert|Roar|p1a: Cresselia
|drag|p1a: Sableye|Sableye, F|303\/303
|-damage|p1a: Sableye|266\/303|[from] Stealth Rock
|
|-heal|p2a: Swampert|252\/404 tox|[from] item: Leftovers
|-damage|p2a: Swampert|177\/404 tox|[from] psn
|turn|25
|c| bellicose|kid,...
|c| Outrageous Fortune|yah goodra and arcanine the stallbreakers
|join|I ABR I
|c| bellicose|goodra aint irrelevant...
|c| MushMunkey|>random
|
|switch|p2a: Arcanine|Arcanine, F|222\/339
|-damage|p2a: Arcanine|138\/339|[from] Stealth Rock
|-ability|p2a: Arcanine|Intimidate|[of] p1a: Sableye
|-unboost|p1a: Sableye|atk|1
|switch|p1a: Quagsire|Quagsire, F|394\/394
|-damage|p1a: Quagsire|370\/394|[from] Stealth Rock
|
|turn|26
|c| MushMunkey|that gives u more of a reason for you to win
|c| I ABR I|wait how did so much shit die
|c| I ABR I|im confused
|
|move|p2a: Arcanine|Morning Sun|p2a: Arcanine
|-heal|p2a: Arcanine|307\/339
|move|p1a: Quagsire|Scald|p2a: Arcanine
|-supereffective|p2a: Arcanine
|-damage|p2a: Arcanine|157\/339
|
|turn|27
|join|Harumonia Natura
|
|move|p2a: Arcanine|Morning Sun|p2a: Arcanine
|-heal|p2a: Arcanine|326\/339
|move|p1a: Quagsire|Toxic|p2a: Arcanine
|-status|p2a: Arcanine|tox
|
|-damage|p2a: Arcanine|305\/339 tox|[from] psn
|turn|28
|
|switch|p2a: Swampert|Swampert, F|177\/404 tox
|-damage|p2a: Swampert|152\/404 tox|[from] Stealth Rock
|move|p1a: Quagsire|Scald|p2a: Swampert
|-damage|p2a: Swampert|79\/404 tox
|
|-heal|p2a: Swampert|104\/404 tox|[from] item: Leftovers
|-damage|p2a: Swampert|79\/404 tox|[from] psn
|turn|29
|
|move|p2a: Swampert|Earthquake|p1a: Quagsire
|-damage|p1a: Quagsire|261\/394
|move|p1a: Quagsire|Recover|p1a: Quagsire
|-heal|p1a: Quagsire|394\/394
|
|-heal|p2a: Swampert|104\/404 tox|[from] item: Leftovers
|-damage|p2a: Swampert|54\/404 tox|[from] psn
|turn|30
|
|move|p1a: Quagsire|Recover|p1a: Quagsire
|-fail|p1a: Quagsire
|move|p2a: Swampert|Roar|p1a: Quagsire
|drag|p1a: Cresselia|Cresselia, F|416\/444
|-damage|p1a: Cresselia|361\/444|[from] Stealth Rock
|
|-heal|p1a: Cresselia|388\/444|[from] item: Leftovers
|-heal|p2a: Swampert|79\/404 tox|[from] item: Leftovers
|-damage|p2a: Swampert|4\/404 tox|[from] psn
|turn|31
|c| Squirrelll|sharpedo 2hkos everything lol
|
|move|p1a: Cresselia|Psyshock|p2a: Swampert
|-damage|p2a: Swampert|0 fnt
|faint|p2a: Swampert
|
|-heal|p1a: Cresselia|415\/444|[from] item: Leftovers
|join|fsdadfsafdas
|
|switch|p2a: Sharpedo|Sharpedo, M|246\/281
|-damage|p2a: Sharpedo|211\/281|[from] Stealth Rock
|turn|32
|c| I ABR I|how does a team like his
|c| I ABR I|break stall
|c|âRS Swept|do i play para
|c|âRS Swept|or have some balls
|c|âRS Swept|opinions
|c| I ABR I|er
|c| Squirrelll|you can live the crunch
|c|âRS Swept|ikow
|c| I ABR I|twave
|c| I ABR I|fosho
|
|detailschange|p2a: Sharpedo|Sharpedo-Mega, M
|message|Sharpedo has Mega Evolved into Mega Sharpedo!
|move|p2a: Sharpedo|Crunch|p1a: Cresselia
|-supereffective|p1a: Cresselia
|-damage|p1a: Cresselia|71\/444
|move|p1a: Cresselia|Thunder Wave|p2a: Sharpedo
|-status|p2a: Sharpedo|par
|
|-heal|p1a: Cresselia|98\/444|[from] item: Leftovers
|turn|33
|c| Squirrelll|you have to twave
|c| Outrageous Fortune|just hax him
|c| I ABR I|it 2hkos every switch in
|
|switch|p1a: Quagsire|Quagsire, F|394\/394
|-damage|p1a: Quagsire|370\/394|[from] Stealth Rock
|move|p2a: Sharpedo|Crunch|p1a: Quagsire
|-damage|p1a: Quagsire|163\/394
|
|turn|34
|c| Outrageous Fortune|it'll beez
|
|move|p1a: Quagsire|Recover|p1a: Quagsire
|-heal|p1a: Quagsire|360\/394
|cant|p2a: Sharpedo|par
|
|turn|35
|c| I ABR I|tbh
|c| I ABR I|u shoulda sac'd
|join|Thomas Is M2K
|c| MushMunkey|lmao
|leave|Updated Kanto
|c| I ABR I|w\/o twav
|c| Jefo|:^)
|c| I ABR I|now u cant tox
|c| Jefo|;P)
|c| I ABR I|or wisp
|c| bellicose|Ngl disappointed @ no will o arcanine
|
|move|p1a: Quagsire|Scald|p2a: Sharpedo
|-resisted|p2a: Sharpedo
|-damage|p2a: Sharpedo|166\/281 par
|move|p2a: Sharpedo|Crunch|p1a: Quagsire
|-damage|p1a: Quagsire|167\/394
|
|turn|36
|c| I ABR I|i woulda psy'd
|c| fsdadfsafdas|is that adamant
|c| I ABR I|with cress
|c| I ABR I|tbh
|
|move|p1a: Quagsire|Recover|p1a: Quagsire
|-heal|p1a: Quagsire|364\/394
|move|p2a: Sharpedo|Crunch|p1a: Quagsire
|-damage|p1a: Quagsire|153\/394
|
|turn|37
|join|mouse de frank
|c| tripsbot|use haze, it dampens his teeth
|c| I ABR I|ofc its ada sharp lol
|c| Squirrelll|nah this is the best way to go about it he was just gonna switch on the toxic or wisp
|join|jessmister
|
|move|p1a: Quagsire|Recover|p1a: Quagsire
|-heal|p1a: Quagsire|350\/394
|cant|p2a: Sharpedo|par
|
|turn|38
|join|HI ROLL
|
|move|p1a: Quagsire|Scald|p2a: Sharpedo
|-crit|p2a: Sharpedo
|-resisted|p2a: Sharpedo
|-damage|p2a: Sharpedo|94\/281 par
|move|p2a: Sharpedo|Crunch|p1a: Quagsire
|-damage|p1a: Quagsire|158\/394
|-unboost|p1a: Quagsire|def|1
|
|turn|39
|c| I ABR I|idk quag kinda wins
|c| Alvadora|lol
|c| PorroPorro|there it is
|c| fsdadfsafdas|gg
|c| I ABR I|o wait goodra is full
|c| bellicose|AYY LMAO
|c| MushMunkey|goodra wins
|
|switch|p1a: Cresselia|Cresselia, F|98\/444
|-damage|p1a: Cresselia|43\/444|[from] Stealth Rock
|cant|p2a: Sharpedo|par
|
|-heal|p1a: Cresselia|70\/444|[from] item: Leftovers
|turn|40
|c| MushMunkey|lmop
|join|asdfCookie
|c| I ABR I|goodra doesnt break sab
|c| fsdadfsafdas|nice
|c| tripsbot|L M O A
|c| Squirrelll|goodra doesnt break sableye lol
|join|Animefan8451
|
|move|p1a: Cresselia|Skill Swap|p2a: Sharpedo
|-activate|p1a: Cresselia|move: Skill Swap|Strong Jaw|Levitate|[of] p2a: Sharpedo
|move|p2a: Sharpedo|Crunch|p1a: Cresselia
|-supereffective|p1a: Cresselia
|-damage|p1a: Cresselia|0 fnt
|faint|p1a: Cresselia
|
|
|switch|p1a: Quagsire|Quagsire, F|158\/394
|-damage|p1a: Quagsire|134\/394|[from] Stealth Rock
|turn|41
|c| I ABR I|there we go
|c| fsdadfsafdas|YASSSSS
|c| HI ROLL|gg
|c| tripsbot|HOLY FUCK EPIC
|c| PorroPorro|holy shit
|c| bellicose|Get le drop
|c| I ABR I|ye get a drop
|c| I ABR I|right here
|c| Thomas Is M2K|God damn
|
|switch|p2a: Scizor|Scizor, F|212\/343
|-damage|p2a: Scizor|170\/343|[from] Stealth Rock
|move|p1a: Quagsire|Recover|p1a: Quagsire
|-heal|p1a: Quagsire|331\/394
|
|-heal|p2a: Scizor|191\/343|[from] item: Leftovers
|turn|42
|c| I'm Rick Astley|Why not just goodra?
|join|Hands Catch'Em
|
|move|p2a: Scizor|U-turn|p1a: Quagsire
|-damage|p1a: Quagsire|211\/394
|c| I ABR I|goodra loses t sab
|c| bellicose|Draco specs
|c| I'm Rick Astley|Sab can't switch in.
|
|switch|p2a: Goodra|Goodra, M|384\/384
|-damage|p2a: Goodra|336\/384|[from] Stealth Rock
|move|p1a: Quagsire|Recover|p1a: Quagsire
|-heal|p1a: Quagsire|394\/394
|
|turn|43
|c| I ABR I|sab avoids 2hko...
|join|Updated Kanto
|c| I'm Rick Astley|With rocks???
|c| Alvadora|powerwhip goodra
|c| Alvadora|lets go
|join|sugarhigh
|
|move|p2a: Goodra|Dragon Pulse|p1a: Quagsire
|-damage|p1a: Quagsire|192\/394
|move|p1a: Quagsire|Toxic|p2a: Goodra
|-status|p2a: Goodra|tox
|
|-damage|p2a: Goodra|312\/384 tox|[from] psn
|turn|44
|c| tripsbot|at least its a male
|c| I ABR I|and it aint specs lol
|
|switch|p1a: Sableye|Sableye, F|266\/303
|-damage|p1a: Sableye|229\/303|[from] Stealth Rock
|move|p2a: Goodra|Dragon Pulse|p1a: Sableye
|-damage|p1a: Sableye|61\/303
|
|-damage|p2a: Goodra|264\/384 tox|[from] psn
|turn|45
|c| fsdadfsafdas|assvest
|join|z0mOG
|c| I ABR I|nice sab killing...
|
|switch|p2a: Sharpedo|Sharpedo-Mega, M|94\/281 par
|-damage|p2a: Sharpedo|59\/281 par|[from] Stealth Rock
|detailschange|p1a: Sableye|Sableye-Mega, F
|message|Sableye has Mega Evolved into Mega Sableye!
|move|p1a: Sableye|Recover|p1a: Sableye
|-heal|p1a: Sableye|213\/303
|
|turn|46
|c| I ABR I|aint even mega
|c| tripsbot|l m o a
|c| Updated Kanto|why did you switch
|c| fsdadfsafdas|252+ SpA Goodra Dragon Pulse vs. 252 HP \/ 0 SpD Mega Sableye: 120-142 (39.4 - 46.7%) -- guaranteed 3HKO
|
|move|p1a: Sableye|Snarl|p2a: Sharpedo
|-resisted|p2a: Sharpedo
|-damage|p2a: Sharpedo|20\/281 par
|-unboost|p2a: Sharpedo|spa|1
|move|p2a: Sharpedo|Crunch|p1a: Sableye
|-damage|p1a: Sableye|27\/303
|
|turn|47
|c| Updated Kanto|now u lose
|c| Updated Kanto|imo..........................
|c| Updated Kanto|nvm
|c| bellicose|LOL
|c| bellicose|KID
|c| Outrageous Fortune|AJET
|c| Squirrelll|he played it right
|c| Updated Kanto|unless para
|c| Outrageous Fortune|SHARPEDO
|c| tripsbot|costa voice me
|
|move|p2a: Sharpedo|Aqua Jet|p1a: Sableye
|-damage|p1a: Sableye|0 fnt
|faint|p1a: Sableye
|
|
|switch|p1a: Quagsire|Quagsire, F|192\/394
|-damage|p1a: Quagsire|168\/394|[from] Stealth Rock
|turn|48
|c| I ABR I|oml
|c| Alvadora|rip
|c| Albyness|^
|c| Outrageous Fortune|lmao
|c| I ABR I|he just choked
|c| bellicose|AHHHHH
|c| tripsbot|ok nevermind thats epic
|
|move|p1a: Quagsire|Recover|p1a: Quagsire
|-heal|p1a: Quagsire|365\/394
|move|p2a: Sharpedo|Crunch|p1a: Quagsire
|-damage|p1a: Quagsire|181\/394
|-unboost|p1a: Quagsire|def|1
|
|turn|49
|c| I ABR I|he had to
|c| I ABR I|crunch
|c| fsdadfsafdas|gg
|c| bellicose|KEK
|c| I ABR I|he needs full para
|c| tripsbot|RISK IT
|c| I ABR I|this turn
|
|move|p1a: Quagsire|Recover|p1a: Quagsire
|-heal|p1a: Quagsire|378\/394
|move|p2a: Sharpedo|Crunch|p1a: Quagsire
|-damage|p1a: Quagsire|83\/394
|
|turn|50
|c| tripsbot|RISK IT
|c| MushMunkey|DESTROYED
|c| I ABR I|1 more
|c| MushMunkey|DESTROYED
|c| MushMunkey|DESTROYED
|c| I ABR I|turn
|c| MushMunkey|DESTROYED
|
|move|p2a: Sharpedo|Aqua Jet|p1a: Quagsire
|-damage|p1a: Quagsire|0 fnt
|faint|p1a: Quagsire
|
|win|Jagged
|raw|Ladder updating...
|c| I ABR I|rip
|leave|I ABR I
|raw|RS Swept's rating: 1946 &rarr; <strong>1913<\/strong><br \/>(-33 for losing)
|raw|Jagged's rating: 1681 &rarr; <strong>1714<\/strong><br \/>(+33 for winning)
|leave|mouse de frank
|leave|tripsbot
|leave|RS Swept
|player|p1
|leave|I'm Rick Astley
|leave|bellicose
|leave|PorroPorro
|leave|Hands Catch'Em
|leave|Animefan8451
|c| Alvadora|-33
|c| Alvadora|yum
|leave|jessmister
|leave|Alvadora
|leave|Updated Kanto
|leave|strOKing
|leave|HI ROLL
|leave|Outrageous Fortune
|leave|Squirrelll
|leave|chumped
|leave|Anditeo
|leave|Thomas Is M2K
|leave|Albyness
|leave|Henry
|leave|stally the kid
|join|Animefan8451