|join|RS Swept
|join|Leafstorm121
|player|p1|RS Swept|29
|player|p2|Leafstorm121|34
|gametype|singles
|gen|6
|tier|OU
|rated
|clearpoke
|poke|p1|Gothitelle, M
|poke|p1|Skarmory, F
|poke|p1|Cresselia, F
|poke|p1|Quagsire, F
|poke|p1|Sableye, F
|poke|p1|Chansey, F
|poke|p2|Azelf
|poke|p2|Gyarados, M
|poke|p2|Landorus, M
|poke|p2|Thundurus, M
|poke|p2|Scolipede, M
|poke|p2|Manaphy
|rule|Swagger Clause: Swagger is banned
|rule|Baton Pass Clause: Limit one PokÃ©mon knowing Baton Pass
|rule|Sleep Clause Mod: Limit one foe put to sleep
|rule|Species Clause: Limit one of each PokÃ©mon
|rule|OHKO Clause: OHKO moves are banned
|rule|Moody Clause: Moody is banned
|rule|Evasion Moves Clause: Evasion moves are banned
|rule|Endless Battle Clause: Forcing endless battles is banned
|rule|HP Percentage Mod: HP is shown in percentages
|teampreview
|join|Cosine180
|
|start
|switch|p1a: Sableye|Sableye, F|303\/303
|switch|p2a: Azelf|Azelf|354\/354
|turn|1
|leave|Cosine180
|
|detailschange|p1a: Sableye|Sableye-Mega, F
|message|Sableye has Mega Evolved into Mega Sableye!
|move|p1a: Sableye|Calm Mind|p1a: Sableye
|-boost|p1a: Sableye|spa|1
|-boost|p1a: Sableye|spd|1
|move|p2a: Azelf|Light Screen|p2a: Azelf
|-sidestart|p2: Leafstorm121|move: Light Screen
|
|turn|2
|join|monkeypath
|
|switch|p2a: Landorus|Landorus, M|320\/320
|move|p1a: Sableye|Calm Mind|p1a: Sableye
|-boost|p1a: Sableye|spa|1
|-boost|p1a: Sableye|spd|1
|
|turn|3
|
|move|p2a: Landorus|Calm Mind|p2a: Landorus
|-boost|p2a: Landorus|spa|1
|-boost|p2a: Landorus|spd|1
|move|p1a: Sableye|Snarl|p2a: Landorus
|-damage|p2a: Landorus|271\/320
|-unboost|p2a: Landorus|spa|1
|
|turn|4
|
|move|p2a: Landorus|Earth Power|p1a: Sableye
|-damage|p1a: Sableye|209\/303
|move|p1a: Sableye|Will-O-Wisp|p2a: Landorus
|-status|p2a: Landorus|brn
|
|-damage|p2a: Landorus|231\/320 brn|[from] brn
|turn|5
|
|move|p2a: Landorus|Calm Mind|p2a: Landorus
|-boost|p2a: Landorus|spa|1
|-boost|p2a: Landorus|spd|1
|move|p1a: Sableye|Snarl|p2a: Landorus
|-miss|p1a: Sableye|p2a: Landorus
|
|-damage|p2a: Landorus|191\/320 brn|[from] brn
|turn|6
|
|move|p2a: Landorus|Earth Power|p1a: Sableye
|-damage|p1a: Sableye|76\/303
|move|p1a: Sableye|Recover|p1a: Sableye
|-heal|p1a: Sableye|228\/303
|
|-damage|p2a: Landorus|151\/320 brn|[from] brn
|turn|7
|
|move|p2a: Landorus|Earth Power|p1a: Sableye
|-damage|p1a: Sableye|94\/303
|move|p1a: Sableye|Recover|p1a: Sableye
|-heal|p1a: Sableye|246\/303
|
|-damage|p2a: Landorus|111\/320 brn|[from] brn
|turn|8
|c|âRS Swept|95% accuracy miss
|c|âRS Swept|not bad
|c|âRS Swept|imo
|
|move|p2a: Landorus|Earth Power|p1a: Sableye
|-damage|p1a: Sableye|110\/303
|move|p1a: Sableye|Recover|p1a: Sableye
|-heal|p1a: Sableye|262\/303
|
|-damage|p2a: Landorus|71\/320 brn|[from] brn
|-sideend|p2: Leafstorm121|move: Light Screen
|turn|9
|
|move|p2a: Landorus|Earth Power|p1a: Sableye
|-damage|p1a: Sableye|114\/303
|move|p1a: Sableye|Recover|p1a: Sableye
|-heal|p1a: Sableye|266\/303
|
|-damage|p2a: Landorus|31\/320 brn|[from] brn
|turn|10
|
|move|p2a: Landorus|Earth Power|p1a: Sableye
|-damage|p1a: Sableye|133\/303
|move|p1a: Sableye|Recover|p1a: Sableye
|-heal|p1a: Sableye|285\/303
|
|-damage|p2a: Landorus|0 fnt|[from] brn
|faint|p2a: Landorus
|join|GunnerRohan
|
|switch|p2a: Gyarados|Gyarados, M|332\/332
|-ability|p2a: Gyarados|Intimidate|[of] p1a: Sableye
|-unboost|p1a: Sableye|atk|1
|turn|11
|
|detailschange|p2a: Gyarados|Gyarados-Mega, M
|message|Gyarados has Mega Evolved into Mega Gyarados!
|-ability|p2a: Gyarados|Mold Breaker
|move|p2a: Gyarados|Taunt|p1a: Sableye
|-start|p1a: Sableye|move: Taunt
|move|p1a: Sableye|Snarl|p2a: Gyarados
|-crit|p2a: Gyarados
|-resisted|p2a: Gyarados
|-damage|p2a: Gyarados|264\/332
|-unboost|p2a: Gyarados|spa|1
|
|turn|12
|
|move|p2a: Gyarados|Dragon Dance|p2a: Gyarados
|-boost|p2a: Gyarados|atk|1
|-boost|p2a: Gyarados|spe|1
|move|p1a: Sableye|Snarl|p2a: Gyarados
|-resisted|p2a: Gyarados
|-damage|p2a: Gyarados|222\/332
|-unboost|p2a: Gyarados|spa|1
|
|turn|13
|
|switch|p1a: Cresselia|Cresselia, F|444\/444
|move|p2a: Gyarados|Dragon Dance|p2a: Gyarados
|-boost|p2a: Gyarados|atk|1
|-boost|p2a: Gyarados|spe|1
|
|turn|14
|
|move|p2a: Gyarados|Taunt|p1a: Cresselia
|-start|p1a: Cresselia|move: Taunt
|cant|p1a: Cresselia|move: Taunt|Thunder Wave
|
|turn|15
|
|switch|p1a: Quagsire|Quagsire, F|394\/394
|move|p2a: Gyarados|Dragon Dance|p2a: Gyarados
|-boost|p2a: Gyarados|atk|1
|-boost|p2a: Gyarados|spe|1
|
|turn|16
|
|move|p2a: Gyarados|Waterfall|p1a: Quagsire
|-damage|p1a: Quagsire|67\/394
|move|p1a: Quagsire|Scald|p2a: Gyarados
|-resisted|p2a: Gyarados
|-damage|p2a: Gyarados|195\/332
|
|-heal|p1a: Quagsire|91\/394|[from] item: Leftovers
|turn|17
|join|The Goomy
|
|move|p2a: Gyarados|Waterfall|p1a: Quagsire
|-damage|p1a: Quagsire|0 fnt
|faint|p1a: Quagsire
|
|
|switch|p1a: Skarmory|Skarmory, F|333\/333
|turn|18
|
|move|p2a: Gyarados|Taunt|p1a: Skarmory
|-start|p1a: Skarmory|move: Taunt
|move|p1a: Skarmory|Brave Bird|p2a: Gyarados
|-damage|p2a: Gyarados|86\/332
|-damage|p1a: Skarmory|297\/333|[from] recoil|[of] p2a: Gyarados
|
|turn|19
|
|move|p2a: Gyarados|Waterfall|p1a: Skarmory
|-damage|p1a: Skarmory|48\/333
|move|p1a: Skarmory|Brave Bird|p2a: Gyarados
|-damage|p2a: Gyarados|0 fnt
|-damage|p1a: Skarmory|20\/333|[from] recoil|[of] p2a: Gyarados
|faint|p2a: Gyarados
|
|c|âRS Swept|achieve
|
|switch|p2a: Thundurus|Thundurus, M|300\/300
|turn|20
|join|Bunnelfy
|join|Cienight
|
|move|p2a: Thundurus|Nasty Plot|p2a: Thundurus
|-boost|p2a: Thundurus|spa|2
|move|p1a: Skarmory|Brave Bird|p2a: Thundurus
|-resisted|p2a: Thundurus
|-damage|p2a: Thundurus|219\/300
|-damage|p1a: Skarmory|0 fnt|[from] recoil|[of] p2a: Thundurus
|faint|p1a: Skarmory
|
|join|Orda-Y
|
|switch|p1a: Chansey|Chansey, F|645\/645
|turn|21
|join|ratman1242
|
|move|p2a: Thundurus|Focus Blast|p1a: Chansey|[miss]
|-miss|p2a: Thundurus|p1a: Chansey
|move|p1a: Chansey|Seismic Toss|p2a: Thundurus
|-damage|p2a: Thundurus|119\/300
|
|turn|22
|
|move|p2a: Thundurus|Focus Blast|p1a: Chansey|[miss]
|-miss|p2a: Thundurus|p1a: Chansey
|move|p1a: Chansey|Soft-Boiled|p1a: Chansey
|-fail|p1a: Chansey
|
|turn|23
|c| The Goomy|ez
|
|move|p2a: Thundurus|Focus Blast|p1a: Chansey
|-supereffective|p1a: Chansey
|-damage|p1a: Chansey|255\/645
|-damage|p2a: Thundurus|89\/300|[from] item: Life Orb
|move|p1a: Chansey|Soft-Boiled|p1a: Chansey
|-heal|p1a: Chansey|578\/645
|
|turn|24
|
|move|p2a: Thundurus|Focus Blast|p1a: Chansey
|-supereffective|p1a: Chansey
|-damage|p1a: Chansey|180\/645
|-damage|p2a: Thundurus|59\/300|[from] item: Life Orb
|move|p1a: Chansey|Seismic Toss|p2a: Thundurus
|-damage|p2a: Thundurus|0 fnt
|faint|p2a: Thundurus
|
|leave|ratman1242
|
|switch|p2a: Scolipede|Scolipede, M|323\/323
|turn|25
|
|move|p2a: Scolipede|Substitute|p2a: Scolipede
|-start|p2a: Scolipede|Substitute
|-damage|p2a: Scolipede|243\/323
|move|p1a: Chansey|Soft-Boiled|p1a: Chansey
|-heal|p1a: Chansey|503\/645
|
|-heal|p2a: Scolipede|263\/323|[from] item: Black Sludge
|-boost|p2a: Scolipede|spe|1|[from] ability: Speed Boost
|turn|26
|
|move|p2a: Scolipede|Protect|p2a: Scolipede
|-singleturn|p2a: Scolipede|Protect
|move|p1a: Chansey|Seismic Toss|p2a: Scolipede
|-activate|p2a: Scolipede|Protect
|
|-heal|p2a: Scolipede|283\/323|[from] item: Black Sludge
|-boost|p2a: Scolipede|spe|1|[from] ability: Speed Boost
|turn|27
|
|move|p2a: Scolipede|Baton Pass|p2a: Scolipede
|
|switch|p2a: Manaphy|Manaphy|404\/404
|move|p1a: Chansey|Seismic Toss|p2a: Manaphy
|-end|p2a: Manaphy|Substitute
|
|turn|28
|
|switch|p1a: Gothitelle|Gothitelle, M|301\/301
|move|p2a: Manaphy|Tail Glow|p2a: Manaphy
|-boost|p2a: Manaphy|spa|3
|
|turn|29
|
|move|p2a: Manaphy|Surf|p1a: Gothitelle
|-damage|p1a: Gothitelle|0 fnt
|faint|p1a: Gothitelle
|
|join|hi im hanyuu
|c| Orda-Y|ouch
|join|Henry
|join|ratman1242
|join|Thomas9779
|join|no more h4x
|join|I Am Mike Chang
|join|tiltin
|join|I'm Rick Astley
|join|bellicose
|join|McMeghan
|leave|McMeghan
|join|Omegasization
|
|switch|p1a: Sableye|Sableye-Mega, F|285\/303
|turn|30
|
|move|p2a: Manaphy|Surf|p1a: Sableye
|-damage|p1a: Sableye|0 fnt
|faint|p1a: Sableye
|
|c| bellicose|Costa got storme'ed
|
|switch|p1a: Cresselia|Cresselia, F|444\/444
|turn|31
|
|move|p2a: Manaphy|Rain Dance|p2a: Manaphy
|-weather|RainDance
|move|p1a: Cresselia|Thunder Wave|p2a: Manaphy
|-status|p2a: Manaphy|par
|
|-weather|RainDance|[upkeep]
|-curestatus|p2a: Manaphy|par
|turn|32
|
|move|p2a: Manaphy|Tail Glow|p2a: Manaphy
|-boost|p2a: Manaphy|spa|3
|move|p1a: Cresselia|Skill Swap|p2a: Manaphy
|-activate|p1a: Cresselia|move: Skill Swap|Hydration|Levitate|[of] p2a: Manaphy
|
|-weather|RainDance|[upkeep]
|turn|33
|c| The Goomy|fuckin outplayed oml
|c| Omegasization|damn
|c| hi im hanyuu|OML
|c| I Am Mike Chang|lol
|join|el toxic
|c| hi im hanyuu|now this getting heated
|c| The Goomy|this man had
|
|move|p2a: Manaphy|Surf|p1a: Cresselia
|-damage|p1a: Cresselia|0 fnt
|faint|p1a: Cresselia
|
|-weather|RainDance|[upkeep]
|
|switch|p1a: Chansey|Chansey, F|503\/645
|turn|34
|c| The Goomy|such a CT
|c| The Goomy|lol
|
|move|p2a: Manaphy|Surf|p1a: Chansey
|-damage|p1a: Chansey|13\/645
|move|p1a: Chansey|Soft-Boiled|p1a: Chansey
|-heal|p1a: Chansey|336\/645
|
|-weather|RainDance|[upkeep]
|turn|35
|-message|RS Swept forfeited.
|
|win|Leafstorm121
|raw|Ladder updating...
|leave|RS Swept
|player|p1
|leave|I'm Rick Astley
|leave|Henry
|leave|Orda-Y
|join|I'm Rick Astley
|leave|bellicose
|leave|I'm Rick Astley
|join|I'm Rick Astley
|raw|RS Swept's rating: 1923 &rarr; <strong>1892<\/strong><br \/>(-31 for losing)
|raw|Leafstorm121's rating: 1709 &rarr; <strong>1740<\/strong><br \/>(+31 for winning)
|leave|ratman1242
|leave|I'm Rick Astley
|leave|The Goomy
|join|I'm Rick Astley
|leave|Thomas9779
|join|bellicose
|leave|I'm Rick Astley
|join|flyingsweater
|leave|bellicose
|join|bellicose
|leave|I Am Mike Chang
|leave|Cienight
|leave|bellicose
|leave|flyingsweater
|leave|GunnerRohan
|leave|Bunnelfy
|leave|Omegasization
|leave|monkeypath
|leave|no more h4x
|leave|el toxic
|leave|hi im hanyuu