|join|RS Swept
|join|shartruce2
|player|p1|RS Swept|29
|player|p2|shartruce2|43
|gametype|singles
|gen|6
|tier|OU
|rated
|clearpoke
|poke|p1|Gothitelle, M
|poke|p1|Skarmory, M
|poke|p1|Cresselia, F
|poke|p1|Quagsire, F
|poke|p1|Sableye, F
|poke|p1|Chansey, F
|poke|p2|Victini
|poke|p2|Empoleon, F
|poke|p2|Heracross, F
|poke|p2|Altaria, F
|poke|p2|Landorus-Therian, M
|poke|p2|Rotom-Wash
|rule|Swagger Clause: Swagger is banned
|rule|Baton Pass Clause: Limit one PokÃ©mon knowing Baton Pass
|rule|Sleep Clause Mod: Limit one foe put to sleep
|rule|Species Clause: Limit one of each PokÃ©mon
|rule|OHKO Clause: OHKO moves are banned
|rule|Moody Clause: Moody is banned
|rule|Evasion Moves Clause: Evasion moves are banned
|rule|Endless Battle Clause: Forcing endless battles is banned
|rule|HP Percentage Mod: HP is shown in percentages
|teampreview
|join|Squirrelll
|c|âRS Swept|gl
|c|âshartruce2|fren
|c|âshartruce2|gl
|
|start
|switch|p1a: Quagsire|Quagsire, F|394\/394
|switch|p2a: Rotom-Wash|Rotom-Wash|304\/304
|turn|1
|
|switch|p1a: Chansey|Chansey, F|645\/645
|move|p2a: Rotom-Wash|Will-O-Wisp|p1a: Chansey
|-status|p1a: Chansey|brn
|
|-damage|p1a: Chansey|565\/645 brn|[from] brn
|turn|2
|join|jake5
|
|move|p2a: Rotom-Wash|Volt Switch|p1a: Chansey
|-damage|p1a: Chansey|517\/645 brn
|
|switch|p2a: Heracross|Heracross, F|308\/308
|move|p1a: Chansey|Stealth Rock|p2a: Heracross
|-sidestart|p2: shartruce2|move: Stealth Rock
|
|-damage|p1a: Chansey|437\/645 brn|[from] brn
|turn|3
|join|MoB Barley
|
|switch|p1a: Skarmory|Skarmory, M|333\/333
|move|p2a: Heracross|Knock Off|p1a: Skarmory
|-damage|p1a: Skarmory|226\/333
|-enditem|p1a: Skarmory|Shed Shell|[from] move: Knock Off|[of] p2a: Heracross
|
|turn|4
|join|Prankster
|
|switch|p2a: Empoleon|Empoleon, F|372\/372
|-damage|p2a: Empoleon|349\/372|[from] Stealth Rock
|move|p1a: Skarmory|Roost|p1a: Skarmory
|-heal|p1a: Skarmory|333\/333
|
|-heal|p2a: Empoleon|372\/372|[from] item: Leftovers
|turn|5
|
|switch|p1a: Gothitelle|Gothitelle, M|301\/301
|switch|p2a: Victini|Victini|342\/342
|-damage|p2a: Victini|257\/342|[from] Stealth Rock
|
|turn|6
|
|switch|p1a: Quagsire|Quagsire, F|394\/394
|move|p2a: Victini|U-turn|p1a: Quagsire
|-damage|p1a: Quagsire|338\/394
|join|VoD Lochie
|join|Kiyo
|leave|MoB Barley
|
|switch|p2a: Rotom-Wash|Rotom-Wash|304\/304
|-damage|p2a: Rotom-Wash|266\/304|[from] Stealth Rock
|
|-heal|p2a: Rotom-Wash|285\/304|[from] item: Leftovers
|-heal|p1a: Quagsire|362\/394|[from] item: Leftovers
|turn|7
|
|switch|p1a: Chansey|Chansey, F|437\/645
|move|p2a: Rotom-Wash|Will-O-Wisp|p1a: Chansey
|-status|p1a: Chansey|brn
|
|-heal|p2a: Rotom-Wash|304\/304|[from] item: Leftovers
|-damage|p1a: Chansey|357\/645 brn|[from] brn
|turn|8
|
|move|p2a: Rotom-Wash|Volt Switch|p1a: Chansey
|-crit|p1a: Chansey
|-damage|p1a: Chansey|290\/645 brn
|
|switch|p2a: Heracross|Heracross, F|308\/308
|-damage|p2a: Heracross|270\/308|[from] Stealth Rock
|move|p1a: Chansey|Soft-Boiled|p1a: Chansey
|-heal|p1a: Chansey|613\/645 brn
|
|-damage|p1a: Chansey|533\/645 brn|[from] brn
|turn|9
|
|switch|p1a: Sableye|Sableye, F|303\/303
|move|p2a: Heracross|Megahorn|p1a: Sableye
|-damage|p1a: Sableye|0 fnt
|faint|p1a: Sableye
|
|
|switch|p1a: Skarmory|Skarmory, M|333\/333
|turn|10
|
|switch|p2a: Rotom-Wash|Rotom-Wash|304\/304
|-damage|p2a: Rotom-Wash|266\/304|[from] Stealth Rock
|move|p1a: Skarmory|Spikes|p2a: Rotom-Wash
|-sidestart|p2: shartruce2|Spikes
|
|-heal|p2a: Rotom-Wash|285\/304|[from] item: Leftovers
|turn|11
|join|TheBumbleBeeBoy
|
|switch|p1a: Chansey|Chansey, F|533\/645
|move|p2a: Rotom-Wash|Will-O-Wisp|p1a: Chansey
|-status|p1a: Chansey|brn
|
|-heal|p2a: Rotom-Wash|304\/304|[from] item: Leftovers
|-damage|p1a: Chansey|453\/645 brn|[from] brn
|turn|12
|
|move|p2a: Rotom-Wash|Volt Switch|p1a: Chansey
|-damage|p1a: Chansey|411\/645 brn
|
|switch|p2a: Empoleon|Empoleon, F|372\/372
|-damage|p2a: Empoleon|326\/372|[from] Spikes
|-damage|p2a: Empoleon|303\/372|[from] Stealth Rock
|move|p1a: Chansey|Soft-Boiled|p1a: Chansey
|-heal|p1a: Chansey|645\/645 brn
|
|-heal|p2a: Empoleon|326\/372|[from] item: Leftovers
|-damage|p1a: Chansey|565\/645 brn|[from] brn
|turn|13
|
|switch|p1a: Gothitelle|Gothitelle, M|301\/301
|move|p2a: Empoleon|Defog|p1a: Gothitelle
|-unboost|p1a: Gothitelle|evasion|1
|-sideend|p2: shartruce2|Spikes|[from] move: Defog|[of] p2a: Empoleon
|-sideend|p2: shartruce2|Stealth Rock|[from] move: Defog|[of] p2a: Empoleon
|
|-heal|p2a: Empoleon|349\/372|[from] item: Leftovers
|turn|14
|c| jake5|hmm
|
|move|p1a: Gothitelle|Trick|p2a: Empoleon
|-activate|p1a: Gothitelle|move: Trick|[of] p2a: Empoleon
|-item|p2a: Empoleon|Choice Scarf|[from] move: Trick
|-item|p1a: Gothitelle|Leftovers|[from] move: Trick
|move|p2a: Empoleon|Scald|p1a: Gothitelle
|-damage|p1a: Gothitelle|210\/301
|
|-heal|p1a: Gothitelle|228\/301|[from] item: Leftovers
|turn|15
|c| jake5|if thats the cm set ...
|
|move|p1a: Gothitelle|Calm Mind|p1a: Gothitelle
|-boost|p1a: Gothitelle|spa|1
|-boost|p1a: Gothitelle|spd|1
|move|p2a: Empoleon|Scald|p1a: Gothitelle
|-damage|p1a: Gothitelle|162\/301
|
|-heal|p1a: Gothitelle|180\/301|[from] item: Leftovers
|turn|16
|
|move|p1a: Gothitelle|Calm Mind|p1a: Gothitelle
|-boost|p1a: Gothitelle|spa|1
|-boost|p1a: Gothitelle|spd|1
|move|p2a: Empoleon|Scald|p1a: Gothitelle
|-damage|p1a: Gothitelle|128\/301
|
|-heal|p1a: Gothitelle|146\/301|[from] item: Leftovers
|turn|17
|
|move|p1a: Gothitelle|Rest|p1a: Gothitelle
|-status|p1a: Gothitelle|slp
|-heal|p1a: Gothitelle|301\/301 slp|[silent]
|-status|p1a: Gothitelle|slp|[from] move: Rest
|move|p2a: Empoleon|Scald|p1a: Gothitelle
|-damage|p1a: Gothitelle|249\/301 slp
|
|-heal|p1a: Gothitelle|267\/301 slp|[from] item: Leftovers
|turn|18
|
|cant|p1a: Gothitelle|slp
|move|p2a: Empoleon|Scald|p1a: Gothitelle
|-damage|p1a: Gothitelle|221\/301 slp
|
|-heal|p1a: Gothitelle|239\/301 slp|[from] item: Leftovers
|turn|19
|
|cant|p1a: Gothitelle|slp
|move|p2a: Empoleon|Scald|p1a: Gothitelle
|-damage|p1a: Gothitelle|188\/301 slp
|
|-heal|p1a: Gothitelle|206\/301 slp|[from] item: Leftovers
|turn|20
|c| VoD Lochie|crit
|c| VoD Lochie|when
|c| jake5|doesn't matter
|c| Squirrelll|gotta raor
|c| Squirrelll|roar*
|c| Squirrelll|why would you scald
|c| Squirrelll|lol
|c| VoD Lochie|tricked
|c| jake5|yeah lol
|c| VoD Lochie|scarf
|c| VoD Lochie|into it
|c| VoD Lochie|-
|c| Squirrelll|he had a choice
|c| jake5|n
|c| Squirrelll|scald
|c| Squirrelll|or roar
|c| Squirrelll|he choose scald
|c| VoD Lochie|why would you roar
|c| jake5|he used defog
|c|âshartruce2|i dont have roar lol
|c| Squirrelll|-
|c| VoD Lochie|das silly
|
|-curestatus|p1a: Gothitelle|slp
|move|p1a: Gothitelle|Calm Mind|p1a: Gothitelle
|-boost|p1a: Gothitelle|spa|1
|-boost|p1a: Gothitelle|spd|1
|move|p2a: Empoleon|Scald|p1a: Gothitelle
|-damage|p1a: Gothitelle|169\/301
|
|-heal|p1a: Gothitelle|187\/301|[from] item: Leftovers
|turn|21
|c| jake5|then he had a choice
|c| jake5|lol he doesn't have roar
|
|move|p1a: Gothitelle|Psyshock|p2a: Empoleon
|-crit|p2a: Empoleon
|-resisted|p2a: Empoleon
|-damage|p2a: Empoleon|196\/372
|move|p2a: Empoleon|Scald|p1a: Gothitelle
|-damage|p1a: Gothitelle|148\/301
|
|-heal|p1a: Gothitelle|166\/301|[from] item: Leftovers
|turn|22
|c| Squirrelll|wtf
|c| Squirrelll|what set
|c| Squirrelll|are you running
|c| jake5|whats your 4th move?
|
|move|p1a: Gothitelle|Rest|p1a: Gothitelle
|-status|p1a: Gothitelle|slp
|-heal|p1a: Gothitelle|301\/301 slp|[silent]
|-status|p1a: Gothitelle|slp|[from] move: Rest
|move|p2a: Empoleon|Scald|p1a: Gothitelle
|-damage|p1a: Gothitelle|262\/301 slp
|
|-heal|p1a: Gothitelle|280\/301 slp|[from] item: Leftovers
|turn|23
|
|cant|p1a: Gothitelle|slp
|move|p2a: Empoleon|Scald|p1a: Gothitelle
|-damage|p1a: Gothitelle|241\/301 slp
|
|-heal|p1a: Gothitelle|259\/301 slp|[from] item: Leftovers
|turn|24
|
|cant|p1a: Gothitelle|slp
|move|p2a: Empoleon|Scald|p1a: Gothitelle
|-damage|p1a: Gothitelle|219\/301 slp
|
|-heal|p1a: Gothitelle|237\/301 slp|[from] item: Leftovers
|turn|25
|
|-curestatus|p1a: Gothitelle|slp
|move|p1a: Gothitelle|Psyshock|p2a: Empoleon
|-resisted|p2a: Empoleon
|-damage|p2a: Empoleon|100\/372
|move|p2a: Empoleon|Scald|p1a: Gothitelle
|-damage|p1a: Gothitelle|176\/301
|
|-heal|p1a: Gothitelle|194\/301|[from] item: Leftovers
|turn|26
|c| Squirrelll|it has 4 viable moves imo
|c| Squirrelll|hard to deviate from that
|c| jake5|yeah ik
|c| jake5|but some run defog and sr
|join|iplaytennislol
|c|âRS Swept|oops
|c| Squirrelll|lets you not get set up on my alt
|c|âRS Swept|that was dumb of me
|c| Squirrelll|and charx
|
|move|p1a: Gothitelle|Calm Mind|p1a: Gothitelle
|-boost|p1a: Gothitelle|spa|1
|-boost|p1a: Gothitelle|spd|1
|move|p2a: Empoleon|Scald|p1a: Gothitelle
|-damage|p1a: Gothitelle|149\/301
|-status|p1a: Gothitelle|brn
|
|-heal|p1a: Gothitelle|167\/301 brn|[from] item: Leftovers
|-damage|p1a: Gothitelle|130\/301 brn|[from] brn
|turn|27
|c| VoD Lochie|now hes torrent u goose
|join|secret kekleon
|c| VoD Lochie|crit
|c| VoD Lochie|here
|
|move|p1a: Gothitelle|Rest|p1a: Gothitelle
|-status|p1a: Gothitelle|slp
|-heal|p1a: Gothitelle|301\/301 slp|[silent]
|-status|p1a: Gothitelle|slp|[from] move: Rest
|move|p2a: Empoleon|Scald|p1a: Gothitelle
|-damage|p1a: Gothitelle|253\/301 slp
|
|-heal|p1a: Gothitelle|271\/301 slp|[from] item: Leftovers
|turn|28
|c| VoD Lochie|also
|
|cant|p1a: Gothitelle|slp
|move|p2a: Empoleon|Scald|p1a: Gothitelle
|-damage|p1a: Gothitelle|225\/301 slp
|
|-heal|p1a: Gothitelle|243\/301 slp|[from] item: Leftovers
|turn|29
|
|cant|p1a: Gothitelle|slp
|move|p2a: Empoleon|Scald|p1a: Gothitelle
|-damage|p1a: Gothitelle|198\/301 slp
|
|-heal|p1a: Gothitelle|216\/301 slp|[from] item: Leftovers
|turn|30
|c| Squirrelll|whats your 4th short?
|c| Squirrelll|shart*
|
|-curestatus|p1a: Gothitelle|slp
|move|p1a: Gothitelle|Calm Mind|p1a: Gothitelle
|-boost|p1a: Gothitelle|spa|1
|-boost|p1a: Gothitelle|spd|1
|move|p2a: Empoleon|Scald|p1a: Gothitelle
|-damage|p1a: Gothitelle|177\/301
|
|-heal|p1a: Gothitelle|195\/301|[from] item: Leftovers
|turn|31
|c|âshartruce2|toxic
|c| Squirrelll|ah
|c|âshartruce2|roar doesnt sound bad tho
|join|Preverb
|c|âshartruce2|probly will change
|join|PuddlesA1
|c| Squirrelll|its good
|
|move|p1a: Gothitelle|Calm Mind|p1a: Gothitelle
|-boost|p1a: Gothitelle|spa|1
|-boost|p1a: Gothitelle|spd|1
|move|p2a: Empoleon|Scald|p1a: Gothitelle
|-damage|p1a: Gothitelle|161\/301
|
|-heal|p1a: Gothitelle|179\/301|[from] item: Leftovers
|turn|32
|c| Squirrelll|i run emp alot lol
|
|move|p1a: Gothitelle|Rest|p1a: Gothitelle
|-status|p1a: Gothitelle|slp
|-heal|p1a: Gothitelle|301\/301 slp|[silent]
|-status|p1a: Gothitelle|slp|[from] move: Rest
|move|p2a: Empoleon|Scald|p1a: Gothitelle
|-damage|p1a: Gothitelle|265\/301 slp
|
|-heal|p1a: Gothitelle|283\/301 slp|[from] item: Leftovers
|turn|33
|c| Squirrelll|such a good mon in this meta imo
|c|âshartruce2|yea
|leave|secret kekleon
|
|cant|p1a: Gothitelle|slp
|move|p2a: Empoleon|Scald|p1a: Gothitelle
|-damage|p1a: Gothitelle|243\/301 slp
|
|-heal|p1a: Gothitelle|261\/301 slp|[from] item: Leftovers
|turn|34
|
|cant|p1a: Gothitelle|slp
|move|p2a: Empoleon|Scald|p1a: Gothitelle
|-damage|p1a: Gothitelle|222\/301 slp
|
|-heal|p1a: Gothitelle|240\/301 slp|[from] item: Leftovers
|turn|35
|c| Squirrelll|it was never meant to be a gren switch in for me
|
|-curestatus|p1a: Gothitelle|slp
|move|p1a: Gothitelle|Trick|p2a: Empoleon
|-activate|p1a: Gothitelle|move: Trick|[of] p2a: Empoleon
|-item|p2a: Empoleon|Leftovers|[from] move: Trick
|-item|p1a: Gothitelle|Choice Scarf|[from] move: Trick
|move|p2a: Empoleon|Scald|p1a: Gothitelle
|-damage|p1a: Gothitelle|200\/301
|-status|p1a: Gothitelle|brn
|
|-heal|p2a: Empoleon|123\/372|[from] item: Leftovers
|-damage|p1a: Gothitelle|163\/301 brn|[from] brn
|turn|36
|
|move|p1a: Gothitelle|Psyshock|p2a: Empoleon
|-resisted|p2a: Empoleon
|-damage|p2a: Empoleon|0 fnt
|faint|p2a: Empoleon
|
|-damage|p1a: Gothitelle|126\/301 brn|[from] brn
|c| jake5|yeah rora is pretty good
|
|switch|p2a: Victini|Victini|257\/342
|turn|37
|c| jake5|to disuade set up sweepers
|c| Squirrelll|lets you keep charx, clefable, and alt  from setting up
|c| Squirrelll|and other random cm mons
|
|move|p2a: Victini|V-create|p1a: Gothitelle
|-damage|p1a: Gothitelle|0 fnt
|-unboost|p2a: Victini|def|1
|-unboost|p2a: Victini|spd|1
|-unboost|p2a: Victini|spe|1
|faint|p1a: Gothitelle
|
|c| Squirrelll|like sylveon lol
|
|switch|p1a: Quagsire|Quagsire, F|362\/394
|turn|38
|
|switch|p2a: Rotom-Wash|Rotom-Wash|304\/304
|move|p1a: Quagsire|Toxic|p2a: Rotom-Wash
|-status|p2a: Rotom-Wash|tox
|
|-heal|p1a: Quagsire|386\/394|[from] item: Leftovers
|-damage|p2a: Rotom-Wash|285\/304 tox|[from] psn
|turn|39
|
|move|p2a: Rotom-Wash|Volt Switch|p1a: Quagsire
|-immune|p1a: Quagsire|[msg]
|move|p1a: Quagsire|Encore|p2a: Rotom-Wash
|-start|p2a: Rotom-Wash|Encore
|
|-heal|p2a: Rotom-Wash|304\/304 tox|[from] item: Leftovers
|-heal|p1a: Quagsire|394\/394|[from] item: Leftovers
|-damage|p2a: Rotom-Wash|266\/304 tox|[from] psn
|turn|40
|c| jake5|LOL
|join|ZvZ
|
|switch|p2a: Heracross|Heracross, F|270\/308
|move|p1a: Quagsire|Toxic|p2a: Heracross
|-status|p2a: Heracross|tox
|
|-damage|p2a: Heracross|251\/308 tox|[from] psn
|turn|41
|c| jake5|ooo guts bandeed op
|
|move|p2a: Heracross|Close Combat|p1a: Quagsire
|-damage|p1a: Quagsire|0 fnt
|-unboost|p2a: Heracross|def|1
|-unboost|p2a: Heracross|spd|1
|faint|p1a: Quagsire
|
|-damage|p2a: Heracross|213\/308 tox|[from] psn
|join|Chillingtilsweg
|c|âRS Swept|i did not expect that to kill
|c|âRS Swept|wow
|leave|Prankster
|
|switch|p1a: Cresselia|Cresselia, F|444\/444
|turn|42
|
|switch|p2a: Victini|Victini|257\/342
|switch|p1a: Chansey|Chansey, F|565\/645
|
|turn|43
|c| jake5|well it is 2.25 timoes the original atk
|leave|TheBumbleBeeBoy
|
|move|p2a: Victini|Trick|p1a: Chansey
|-activate|p2a: Victini|move: Trick|[of] p1a: Chansey
|-item|p1a: Chansey|Choice Scarf|[from] move: Trick
|-item|p2a: Victini|Eviolite|[from] move: Trick
|move|p1a: Chansey|Stealth Rock|p2a: Victini
|-sidestart|p2: shartruce2|move: Stealth Rock
|
|turn|44
|c| jake5|and base 120 atk power move with base 125 stab
|
|switch|p1a: Cresselia|Cresselia, F|444\/444
|move|p2a: Victini|U-turn|p1a: Cresselia
|-supereffective|p1a: Cresselia
|-damage|p1a: Cresselia|342\/444
|
|switch|p2a: Altaria|Altaria, F|353\/353
|-damage|p2a: Altaria|265\/353|[from] Stealth Rock
|
|-heal|p1a: Cresselia|369\/444|[from] item: Leftovers
|turn|45
|join|Montsegur
|
|detailschange|p2a: Altaria|Altaria-Mega, F
|message|Altaria has Mega Evolved into Mega Altaria!
|move|p1a: Cresselia|Thunder Wave|p2a: Altaria
|-status|p2a: Altaria|par
|move|p2a: Altaria|Toxic|p1a: Cresselia
|-status|p1a: Cresselia|tox
|
|-heal|p1a: Cresselia|396\/444 tox|[from] item: Leftovers
|-damage|p1a: Cresselia|369\/444 tox|[from] psn
|turn|46
|
|switch|p1a: Skarmory|Skarmory, M|333\/333
|cant|p2a: Altaria|par
|
|turn|47
|join|Not Helloooo
|
|move|p1a: Skarmory|Spikes|p2a: Altaria
|-sidestart|p2: shartruce2|Spikes
|cant|p2a: Altaria|par
|
|turn|48
|
|switch|p1a: Chansey|Chansey, F|565\/645
|move|p2a: Altaria|Flamethrower|p1a: Chansey
|-damage|p1a: Chansey|506\/645
|
|turn|49
|
|move|p1a: Chansey|Seismic Toss|p2a: Altaria
|-damage|p2a: Altaria|165\/353 par
|move|p2a: Altaria|Roost|p2a: Altaria
|-heal|p2a: Altaria|342\/353 par
|
|turn|50
|
|move|p1a: Chansey|Seismic Toss|p2a: Altaria
|-damage|p2a: Altaria|242\/353 par
|cant|p2a: Altaria|par
|
|turn|51
|
|move|p1a: Chansey|Seismic Toss|p2a: Altaria
|-damage|p2a: Altaria|142\/353 par
|move|p2a: Altaria|Roost|p2a: Altaria
|-heal|p2a: Altaria|319\/353 par
|
|turn|52
|join|Winter's Howl
|
|switch|p1a: Cresselia|Cresselia, F|369\/444 tox
|switch|p2a: Landorus-Therian|Landorus-Therian, M|320\/320
|-damage|p2a: Landorus-Therian|280\/320|[from] Stealth Rock
|-ability|p2a: Landorus-Therian|Intimidate|[of] p1a: Cresselia
|-unboost|p1a: Cresselia|atk|1
|
|-heal|p1a: Cresselia|396\/444 tox|[from] item: Leftovers
|-damage|p1a: Cresselia|369\/444 tox|[from] psn
|turn|53
|
|switch|p1a: Skarmory|Skarmory, M|333\/333
|move|p2a: Landorus-Therian|U-turn|p1a: Skarmory
|-resisted|p1a: Skarmory
|-damage|p1a: Skarmory|319\/333
|
|switch|p2a: Rotom-Wash|Rotom-Wash|266\/304 tox
|-damage|p2a: Rotom-Wash|228\/304 tox|[from] Stealth Rock
|
|-heal|p2a: Rotom-Wash|247\/304 tox|[from] item: Leftovers
|-damage|p2a: Rotom-Wash|228\/304 tox|[from] psn
|turn|54
|
|move|p2a: Rotom-Wash|Volt Switch|p1a: Skarmory
|-supereffective|p1a: Skarmory
|-damage|p1a: Skarmory|89\/333
|
|switch|p2a: Landorus-Therian|Landorus-Therian, M|280\/320
|-damage|p2a: Landorus-Therian|240\/320|[from] Stealth Rock
|-ability|p2a: Landorus-Therian|Intimidate|[of] p1a: Skarmory
|-unboost|p1a: Skarmory|atk|1
|move|p1a: Skarmory|Roost|p1a: Skarmory
|-heal|p1a: Skarmory|256\/333
|
|turn|55
|
|move|p2a: Landorus-Therian|U-turn|p1a: Skarmory
|-resisted|p1a: Skarmory
|-damage|p1a: Skarmory|244\/333
|
|switch|p2a: Rotom-Wash|Rotom-Wash|228\/304 tox
|-damage|p2a: Rotom-Wash|190\/304 tox|[from] Stealth Rock
|move|p1a: Skarmory|Spikes|p2a: Rotom-Wash
|-sidestart|p2: shartruce2|Spikes
|
|-heal|p2a: Rotom-Wash|209\/304 tox|[from] item: Leftovers
|-damage|p2a: Rotom-Wash|190\/304 tox|[from] psn
|turn|56
|
|move|p2a: Rotom-Wash|Volt Switch|p1a: Skarmory
|-supereffective|p1a: Skarmory
|-damage|p1a: Skarmory|0 fnt
|faint|p1a: Skarmory
|c|âshartruce2|oo roll
|
|switch|p2a: Victini|Victini|257\/342
|-damage|p2a: Victini|172\/342|[from] Stealth Rock
|-damage|p2a: Victini|115\/342|[from] Spikes
|
|c|âRS Swept|i was fucked regardless
|c|âRS Swept|i played this so poorly
|
|switch|p1a: Chansey|Chansey, F|506\/645
|turn|57
|
|move|p2a: Victini|V-create|p1a: Chansey
|-damage|p1a: Chansey|0 fnt
|-unboost|p2a: Victini|def|1
|-unboost|p2a: Victini|spd|1
|-unboost|p2a: Victini|spe|1
|faint|p1a: Chansey
|
|
|switch|p1a: Cresselia|Cresselia, F|369\/444 tox
|turn|58
|
|move|p2a: Victini|V-create|p1a: Cresselia
|-damage|p1a: Cresselia|185\/444 tox
|-unboost|p2a: Victini|def|1
|-unboost|p2a: Victini|spd|1
|-unboost|p2a: Victini|spe|1
|move|p1a: Cresselia|Psyshock|p2a: Victini
|-resisted|p2a: Victini
|-damage|p2a: Victini|40\/342
|
|-heal|p1a: Cresselia|212\/444 tox|[from] item: Leftovers
|-damage|p1a: Cresselia|185\/444 tox|[from] psn
|turn|59
|
|move|p1a: Cresselia|Psyshock|p2a: Victini
|-resisted|p2a: Victini
|-damage|p2a: Victini|0 fnt
|faint|p2a: Victini
|
|-heal|p1a: Cresselia|212\/444 tox|[from] item: Leftovers
|-damage|p1a: Cresselia|158\/444 tox|[from] psn
|
|switch|p2a: Heracross|Heracross, F|213\/308 tox
|-damage|p2a: Heracross|162\/308 tox|[from] Spikes
|-damage|p2a: Heracross|124\/308 tox|[from] Stealth Rock
|turn|60
|
|move|p2a: Heracross|Knock Off|p1a: Cresselia
|-supereffective|p1a: Cresselia
|-damage|p1a: Cresselia|0 fnt
|-enditem|p1a: Cresselia|Leftovers|[from] move: Knock Off|[of] p2a: Heracross
|faint|p1a: Cresselia
|
|win|shartruce2
|raw|Ladder updating...
|raw|RS Swept's rating: 1918 &rarr; <strong>1890<\/strong><br \/>(-28 for losing)
|raw|shartruce2's rating: 1784 &rarr; <strong>1812<\/strong><br \/>(+28 for winning)
|join|Adramelek
|leave|RS Swept
|player|p1
|leave|Montsegur
|leave|Preverb
|leave|shartruce2
|player|p2
|leave|Kiyo
|leave|jake5
|leave|Winter's Howl
|join|DerpaniteX
|join|Reddragonn
|join|gg fagget
|leave|gg fagget
|leave|PuddlesA1
|leave|Reddragonn
|leave|iplaytennislol
|leave|Chillingtilsweg
|leave|ZvZ
|join|Coltestes
|leave|Not Helloooo
|leave|Coltestes
|leave|VoD Lochie