|join|RS Swept
|join|DoughBoy
|player|p1|RS Swept|29
|player|p2|DoughBoy|129
|gametype|singles
|gen|6
|tier|OU
|rated
|clearpoke
|poke|p1|Gothitelle, M
|poke|p1|Skarmory, M
|poke|p1|Cresselia, F
|poke|p1|Quagsire, F
|poke|p1|Sableye, M
|poke|p1|Chansey, F
|poke|p2|Politoed, F
|poke|p2|Swampert, F
|poke|p2|Kingdra, M
|poke|p2|Klefki, M
|poke|p2|Thundurus, M
|poke|p2|Breloom, F
|rule|Swagger Clause: Swagger is banned
|rule|Baton Pass Clause: Limit one PokÃ©mon knowing Baton Pass
|rule|Sleep Clause Mod: Limit one foe put to sleep
|rule|Species Clause: Limit one of each PokÃ©mon
|rule|OHKO Clause: OHKO moves are banned
|rule|Moody Clause: Moody is banned
|rule|Evasion Moves Clause: Evasion moves are banned
|rule|Endless Battle Clause: Forcing endless battles is banned
|rule|HP Percentage Mod: HP is shown in percentages
|teampreview
|join|DarkCelebi59
|c|âRS Swept|lgi
|
|start
|switch|p1a: Gothitelle|Gothitelle, M|301\/301
|switch|p2a: Klefki|Klefki, M|318\/318
|turn|1
|
|switch|p1a: Sableye|Sableye, M|304\/304
|move|p2a: Klefki|Spikes|p1a: Sableye
|-sidestart|p1: RS Swept|Spikes
|
|turn|2
|
|detailschange|p1a: Sableye|Sableye-Mega, M
|message|Sableye has Mega Evolved into Mega Sableye!
|move|p1a: Sableye|Will-O-Wisp|p2a: Klefki
|-status|p2a: Klefki|brn
|move|p2a: Klefki|Dazzling Gleam|p1a: Sableye
|-supereffective|p1a: Sableye
|-damage|p1a: Sableye|146\/304
|
|-damage|p2a: Klefki|279\/318 brn|[from] brn
|turn|3
|c|âRS Swept|ow
|
|switch|p1a: Skarmory|Skarmory, M|333\/333
|move|p2a: Klefki|Spikes|p1a: Skarmory
|-sidestart|p1: RS Swept|Spikes
|
|-damage|p2a: Klefki|240\/318 brn|[from] brn
|turn|4
|
|switch|p2a: Thundurus|Thundurus, M|299\/299
|move|p1a: Skarmory|Defog|p2a: Thundurus
|-unboost|p2a: Thundurus|evasion|1
|-boost|p2a: Thundurus|atk|2|[from] ability: Defiant
|-sideend|p1: RS Swept|Spikes|[from] move: Defog|[of] p1a: Skarmory
|
|turn|5
|
|switch|p1a: Quagsire|Quagsire, F|394\/394
|move|p2a: Thundurus|Thunderbolt|p1a: Quagsire
|-immune|p1a: Quagsire|[msg]
|
|turn|6
|
|switch|p1a: Gothitelle|Gothitelle, M|301\/301
|move|p2a: Thundurus|Knock Off|p1a: Gothitelle
|-supereffective|p1a: Gothitelle
|-damage|p1a: Gothitelle|0 fnt
|-enditem|p1a: Gothitelle|Choice Scarf|[from] move: Knock Off|[of] p2a: Thundurus
|-damage|p2a: Thundurus|270\/299|[from] item: Life Orb
|faint|p1a: Gothitelle
|
|
|switch|p1a: Quagsire|Quagsire, F|394\/394
|turn|7
|
|switch|p2a: Politoed|Politoed, F|383\/383
|-weather|RainDance
|move|p1a: Quagsire|Toxic|p2a: Politoed
|-status|p2a: Politoed|tox
|
|-weather|RainDance|[upkeep]
|-damage|p2a: Politoed|360\/383 tox|[from] psn
|turn|8
|
|switch|p2a: Breloom|Breloom, F|261\/261
|switch|p1a: Chansey|Chansey, F|645\/645
|
|-weather|RainDance|[upkeep]
|-status|p2a: Breloom|tox|[from] item: Toxic Orb
|turn|9
|
|move|p2a: Breloom|Facade|p1a: Chansey
|-damage|p1a: Chansey|430\/645
|move|p1a: Chansey|Stealth Rock|p2a: Breloom
|-sidestart|p2: DoughBoy|move: Stealth Rock
|
|-weather|RainDance|[upkeep]
|turn|10
|
|switch|p1a: Sableye|Sableye-Mega, M|146\/304
|move|p2a: Breloom|Swords Dance|p2a: Breloom
|-boost|p2a: Breloom|atk|2
|
|-weather|RainDance|[upkeep]
|turn|11
|
|switch|p1a: Cresselia|Cresselia, F|444\/444
|move|p2a: Breloom|Swords Dance|p2a: Breloom
|-boost|p2a: Breloom|atk|2
|
|-weather|RainDance|[upkeep]
|turn|12
|
|move|p2a: Breloom|Facade|p1a: Cresselia
|-damage|p1a: Cresselia|120\/444
|move|p1a: Cresselia|Psyshock|p2a: Breloom
|-supereffective|p2a: Breloom
|-damage|p2a: Breloom|75\/261 tox
|
|-weather|RainDance|[upkeep]
|-heal|p1a: Cresselia|147\/444|[from] item: Leftovers
|-heal|p2a: Breloom|107\/261 tox|[from] ability: Poison Heal
|turn|13
|join|Cienight
|join|Murkrow Jupiter
|
|switch|p1a: Skarmory|Skarmory, M|333\/333
|move|p2a: Breloom|Facade|p1a: Skarmory
|-resisted|p1a: Skarmory
|-damage|p1a: Skarmory|190\/333
|
|-weather|RainDance|[upkeep]
|-heal|p2a: Breloom|139\/261 tox|[from] ability: Poison Heal
|turn|14
|
|switch|p1a: Sableye|Sableye-Mega, M|146\/304
|move|p2a: Breloom|Superpower|p1a: Sableye
|-immune|p1a: Sableye|[msg]
|
|-weather|none
|-heal|p2a: Breloom|171\/261 tox|[from] ability: Poison Heal
|turn|15
|
|move|p2a: Breloom|Swords Dance|p2a: Breloom
|-boost|p2a: Breloom|atk|2
|move|p1a: Sableye|Recover|p1a: Sableye
|-heal|p1a: Sableye|298\/304
|
|-heal|p2a: Breloom|203\/261 tox|[from] ability: Poison Heal
|turn|16
|
|move|p2a: Breloom|Seed Bomb|p1a: Sableye
|-damage|p1a: Sableye|0 fnt
|faint|p1a: Sableye
|
|-heal|p2a: Breloom|235\/261 tox|[from] ability: Poison Heal
|c| DarkCelebi59|thats game
|-message|RS Swept forfeited.
|
|win|DoughBoy
|raw|Ladder updating...
|leave|RS Swept
|player|p1
|raw|RS Swept's rating: 1868 &rarr; <strong>1848<\/strong><br \/>(-20 for losing)
|raw|DoughBoy's rating: 1870 &rarr; <strong>1890<\/strong><br \/>(+20 for winning)
|join|Pokeplays777
|join|ebtest1
|leave|DarkCelebi59
|leave|Pokeplays777
|join|Starmaster
|join|Pokeplays777
|leave|Pokeplays777
|leave|ebtest1