|join|Level 56
|join|RS Swept
|player|p1|Level 56|275
|player|p2|RS Swept|29
|gametype|singles
|gen|6
|tier|OU
|rated
|clearpoke
|poke|p1|Metagross
|poke|p1|Keldeo-Resolute
|poke|p1|Dragonite, M
|poke|p1|Infernape, M
|poke|p1|Thundurus, M
|poke|p1|Bisharp, F
|poke|p2|Gothitelle, F
|poke|p2|Skarmory, F
|poke|p2|Cresselia, F
|poke|p2|Quagsire, F
|poke|p2|Sableye, M
|poke|p2|Chansey, F
|rule|Swagger Clause: Swagger is banned
|rule|Baton Pass Clause: Limit one PokÃ©mon knowing Baton Pass
|rule|Sleep Clause Mod: Limit one foe put to sleep
|rule|Species Clause: Limit one of each PokÃ©mon
|rule|OHKO Clause: OHKO moves are banned
|rule|Moody Clause: Moody is banned
|rule|Evasion Moves Clause: Evasion moves are banned
|rule|Endless Battle Clause: Forcing endless battles is banned
|rule|HP Percentage Mod: HP is shown in percentages
|teampreview
|
|start
|switch|p1a: Bisharp|Bisharp, F|272\/272
|switch|p2a: Cresselia|Cresselia, F|444\/444
|turn|1
|
|move|p1a: Bisharp|Knock Off|p2a: Cresselia
|-supereffective|p2a: Cresselia
|-damage|p2a: Cresselia|122\/444
|-enditem|p2a: Cresselia|Leftovers|[from] move: Knock Off|[of] p1a: Bisharp
|-damage|p1a: Bisharp|245\/272|[from] item: Life Orb
|move|p2a: Cresselia|Thunder Wave|p1a: Bisharp
|-status|p1a: Bisharp|par
|
|turn|2
|
|move|p2a: Cresselia|Moonlight|p2a: Cresselia
|-heal|p2a: Cresselia|344\/444
|move|p1a: Bisharp|Swords Dance|p1a: Bisharp
|-boost|p1a: Bisharp|atk|2
|
|turn|3
|
|switch|p2a: Quagsire|Quagsire, F|394\/394
|cant|p1a: Bisharp|par
|
|turn|4
|
|move|p2a: Quagsire|Scald|p1a: Bisharp
|-damage|p1a: Bisharp|157\/272 par
|cant|p1a: Bisharp|par
|
|turn|5
|
|move|p2a: Quagsire|Scald|p1a: Bisharp
|-damage|p1a: Bisharp|69\/272 par
|move|p1a: Bisharp|Knock Off|p2a: Quagsire
|-damage|p2a: Quagsire|226\/394
|-enditem|p2a: Quagsire|Leftovers|[from] move: Knock Off|[of] p1a: Bisharp
|-damage|p1a: Bisharp|42\/272 par|[from] item: Life Orb
|
|turn|6
|
|switch|p1a: Infernape|Infernape, M|293\/293
|move|p2a: Quagsire|Recover|p2a: Quagsire
|-heal|p2a: Quagsire|394\/394
|
|turn|7
|
|switch|p2a: Cresselia|Cresselia, F|344\/444
|move|p1a: Infernape|Stealth Rock|p2a: Cresselia
|-sidestart|p2: RS Swept|move: Stealth Rock
|
|turn|8
|
|switch|p1a: Bisharp|Bisharp, F|42\/272 par
|move|p2a: Cresselia|Psyshock|p1a: Bisharp
|-immune|p1a: Bisharp|[msg]
|
|turn|9
|
|switch|p2a: Quagsire|Quagsire, F|394\/394
|-damage|p2a: Quagsire|370\/394|[from] Stealth Rock
|move|p1a: Bisharp|Knock Off|p2a: Quagsire
|-crit|p2a: Quagsire
|-damage|p2a: Quagsire|197\/394
|-damage|p1a: Bisharp|15\/272 par|[from] item: Life Orb
|
|turn|10
|
|switch|p1a: Keldeo-Resolute|Keldeo-Resolute|323\/323
|move|p2a: Quagsire|Recover|p2a: Quagsire
|-heal|p2a: Quagsire|394\/394
|
|turn|11
|
|move|p1a: Keldeo-Resolute|Scald|p2a: Quagsire
|-damage|p2a: Quagsire|112\/394
|move|p2a: Quagsire|Toxic|p1a: Keldeo-Resolute
|-status|p1a: Keldeo-Resolute|tox
|
|-damage|p1a: Keldeo-Resolute|303\/323 tox|[from] psn
|turn|12
|
|move|p1a: Keldeo-Resolute|Scald|p2a: Quagsire
|-damage|p2a: Quagsire|0 fnt
|faint|p2a: Quagsire
|
|-damage|p1a: Keldeo-Resolute|263\/323 tox|[from] psn
|
|switch|p2a: Gothitelle|Gothitelle, F|301\/301
|-damage|p2a: Gothitelle|264\/301|[from] Stealth Rock
|turn|13
|
|move|p2a: Gothitelle|Psyshock|p1a: Keldeo-Resolute
|-supereffective|p1a: Keldeo-Resolute
|-damage|p1a: Keldeo-Resolute|9\/323 tox
|move|p1a: Keldeo-Resolute|Scald|p2a: Gothitelle
|-damage|p2a: Gothitelle|54\/301
|
|-damage|p1a: Keldeo-Resolute|0 fnt|[from] psn
|faint|p1a: Keldeo-Resolute
|
|switch|p1a: Metagross|Metagross|302\/302
|turn|14
|
|switch|p2a: Skarmory|Skarmory, F|333\/333
|-damage|p2a: Skarmory|292\/333|[from] Stealth Rock
|detailschange|p1a: Metagross|Metagross-Mega
|message|Metagross has Mega Evolved into Mega Metagross!
|move|p1a: Metagross|Meteor Mash|p2a: Skarmory
|-resisted|p2a: Skarmory
|-damage|p2a: Skarmory|225\/333
|-damage|p1a: Metagross|252\/302|[from] item: Rocky Helmet|[of] p2a: Skarmory
|-boost|p1a: Metagross|atk|1
|
|turn|15
|
|move|p1a: Metagross|Thunder Punch|p2a: Skarmory
|-supereffective|p2a: Skarmory
|-damage|p2a: Skarmory|0 fnt
|-damage|p1a: Metagross|202\/302|[from] item: Rocky Helmet|[of] p2a: Skarmory
|faint|p2a: Skarmory
|
|c|âRS Swept|lol
|
|switch|p2a: Sableye|Sableye, M|303\/303
|-damage|p2a: Sableye|266\/303|[from] Stealth Rock
|turn|16
|
|switch|p1a: Infernape|Infernape, M|293\/293
|detailschange|p2a: Sableye|Sableye-Mega, M
|message|Sableye has Mega Evolved into Mega Sableye!
|move|p2a: Sableye|Will-O-Wisp|p1a: Infernape
|-fail|p1a: Infernape
|
|turn|17
|
|switch|p2a: Cresselia|Cresselia, F|344\/444
|-damage|p2a: Cresselia|289\/444|[from] Stealth Rock
|move|p1a: Infernape|Fire Blast|p2a: Cresselia
|-damage|p2a: Cresselia|159\/444
|
|turn|18
|
|switch|p1a: Bisharp|Bisharp, F|15\/272 par
|move|p2a: Cresselia|Moonlight|p2a: Cresselia
|-heal|p2a: Cresselia|381\/444
|
|turn|19
|
|switch|p2a: Sableye|Sableye-Mega, M|266\/303
|-damage|p2a: Sableye|229\/303|[from] Stealth Rock
|move|p1a: Bisharp|Knock Off|p2a: Sableye
|-damage|p2a: Sableye|120\/303
|-damage|p1a: Bisharp|0 fnt|[from] item: Life Orb
|faint|p1a: Bisharp
|
|
|switch|p1a: Metagross|Metagross-Mega|202\/302
|turn|20
|
|move|p1a: Metagross|Meteor Mash|p2a: Sableye
|-damage|p2a: Sableye|0 fnt
|faint|p2a: Sableye
|
|
|switch|p2a: Cresselia|Cresselia, F|381\/444
|-damage|p2a: Cresselia|326\/444|[from] Stealth Rock
|turn|21
|
|switch|p1a: Thundurus|Thundurus, M|299\/299
|move|p2a: Cresselia|Moonlight|p2a: Cresselia
|-heal|p2a: Cresselia|444\/444
|
|turn|22
|
|switch|p2a: Chansey|Chansey, F|645\/645
|-damage|p2a: Chansey|565\/645|[from] Stealth Rock
|move|p1a: Thundurus|Thunder Wave|p2a: Chansey
|-status|p2a: Chansey|par
|
|turn|23
|
|switch|p1a: Dragonite|Dragonite, M|324\/324
|move|p2a: Chansey|Stealth Rock|p1a: Dragonite
|-sidestart|p1: Level 56|move: Stealth Rock
|
|turn|24
|
|move|p1a: Dragonite|Outrage|p2a: Chansey
|-damage|p2a: Chansey|76\/645 par
|move|p2a: Chansey|Soft-Boiled|p2a: Chansey
|-heal|p2a: Chansey|399\/645 par
|
|turn|25
|
|switch|p2a: Cresselia|Cresselia, F|444\/444
|-damage|p2a: Cresselia|389\/444|[from] Stealth Rock
|move|p1a: Dragonite|Outrage|p2a: Cresselia
|-damage|p2a: Cresselia|160\/444
|
|-end|p1a: Dragonite|rampage
|-start|p1a: Dragonite|confusion
|turn|26
|
|-activate|p1a: Dragonite|confusion
|move|p1a: Dragonite|Outrage|p2a: Cresselia
|-damage|p2a: Cresselia|0 fnt
|faint|p2a: Cresselia
|
|join|jake5
|
|switch|p2a: Gothitelle|Gothitelle, F|54\/301
|-damage|p2a: Gothitelle|17\/301|[from] Stealth Rock
|turn|27
|
|move|p2a: Gothitelle|Trick|p1a: Dragonite
|-activate|p2a: Gothitelle|move: Trick|[of] p1a: Dragonite
|-item|p1a: Dragonite|Choice Scarf|[from] move: Trick
|-item|p2a: Gothitelle|Choice Band|[from] move: Trick
|-activate|p1a: Dragonite|confusion
|-damage|p1a: Dragonite|295\/324|[from] confusion
|
|-end|p1a: Dragonite|rampage
|turn|28
|c|âRS Swept|grats on the hax
|
|-end|p1a: Dragonite|confusion
|move|p1a: Dragonite|Extreme Speed|p2a: Gothitelle
|-damage|p2a: Gothitelle|0 fnt
|faint|p2a: Gothitelle
|
|
|switch|p2a: Chansey|Chansey, F|399\/645
|-damage|p2a: Chansey|319\/645|[from] Stealth Rock
|turn|29
|join|thenewguy24
|
|switch|p1a: Metagross|Metagross-Mega|202\/302
|-damage|p1a: Metagross|184\/302|[from] Stealth Rock
|move|p2a: Chansey|Soft-Boiled|p2a: Chansey
|-heal|p2a: Chansey|642\/645
|
|turn|30
|c|âRS Swept|earning this win for sure
|
|move|p1a: Metagross|Meteor Mash|p2a: Chansey
|-damage|p2a: Chansey|347\/645
|move|p2a: Chansey|Seismic Toss|p1a: Metagross
|-damage|p1a: Metagross|84\/302
|
|turn|31
|
|move|p1a: Metagross|Meteor Mash|p2a: Chansey
|-damage|p2a: Chansey|22\/645
|-boost|p1a: Metagross|atk|1
|move|p2a: Chansey|Soft-Boiled|p2a: Chansey
|-heal|p2a: Chansey|345\/645
|
|turn|32
|
|move|p1a: Metagross|Meteor Mash|p2a: Chansey
|-damage|p2a: Chansey|0 fnt
|faint|p2a: Chansey
|
|win|Level 56
|raw|Ladder updating...
|raw|Level 56's rating: 1906 &rarr; <strong>1927<\/strong><br \/>(+21 for winning)
|raw|RS Swept's rating: 1915 &rarr; <strong>1895<\/strong><br \/>(-20 for losing)