|join|RS Swept
|join|craing _;
|player|p1|RS Swept|29
|player|p2|craing _;|43
|gametype|singles
|gen|6
|tier|OU
|rated
|clearpoke
|poke|p1|Gothitelle, F
|poke|p1|Skarmory, F
|poke|p1|Cresselia, F
|poke|p1|Quagsire, F
|poke|p1|Sableye, M
|poke|p1|Chansey, F
|poke|p2|Sceptile, M
|poke|p2|Landorus, M
|poke|p2|Bisharp, M
|poke|p2|Keldeo-Resolute
|poke|p2|Skarmory, F
|poke|p2|Latios, M
|rule|Swagger Clause: Swagger is banned
|rule|Baton Pass Clause: Limit one PokÃ©mon knowing Baton Pass
|rule|Sleep Clause Mod: Limit one foe put to sleep
|rule|Species Clause: Limit one of each PokÃ©mon
|rule|OHKO Clause: OHKO moves are banned
|rule|Moody Clause: Moody is banned
|rule|Evasion Moves Clause: Evasion moves are banned
|rule|Endless Battle Clause: Forcing endless battles is banned
|rule|HP Percentage Mod: HP is shown in percentages
|teampreview
|c|âRS Swept|bengy :#
|c|âRS Swept|HI
|c|âcraing _;|o
|c|âcraing _;|hey
|c|âcraing _;|hf!
|c|âRS Swept|u2
|
|start
|switch|p1a: Sableye|Sableye, M|303\/303
|switch|p2a: Sceptile|Sceptile, M|281\/281
|turn|1
|join|test4999
|
|switch|p2a: Landorus|Landorus, M|319\/319
|detailschange|p1a: Sableye|Sableye-Mega, M
|message|Sableye has Mega Evolved into Mega Sableye!
|move|p1a: Sableye|Calm Mind|p1a: Sableye
|-boost|p1a: Sableye|spa|1
|-boost|p1a: Sableye|spd|1
|
|turn|2
|
|move|p2a: Landorus|Earth Power|p1a: Sableye
|-damage|p1a: Sableye|174\/303
|move|p1a: Sableye|Snarl|p2a: Landorus
|-damage|p2a: Landorus|216\/319
|-unboost|p2a: Landorus|spa|1
|
|turn|3
|c|âcraing _;|wtf
|c|âcraing _;|ok
|c|âcraing _;|crit
|
|switch|p2a: Keldeo-Resolute|Keldeo-Resolute|324\/324
|move|p1a: Sableye|Recover|p1a: Sableye
|-heal|p1a: Sableye|303\/303
|
|turn|4
|
|move|p2a: Keldeo-Resolute|Substitute|p2a: Keldeo-Resolute
|-start|p2a: Keldeo-Resolute|Substitute
|-damage|p2a: Keldeo-Resolute|243\/324
|move|p1a: Sableye|Will-O-Wisp|p2a: Keldeo-Resolute
|
|turn|5
|join|Reverb
|
|switch|p2a: Bisharp|Bisharp, M|271\/271
|switch|p1a: Gothitelle|Gothitelle, F|301\/301
|
|turn|6
|join|squirrelll
|c|âRS Swept|nbad ben
|
|move|p2a: Bisharp|Pursuit|p1a: Gothitelle
|-supereffective|p1a: Gothitelle
|-damage|p1a: Gothitelle|161\/301
|move|p1a: Gothitelle|Trick|p2a: Bisharp
|-activate|p1a: Gothitelle|move: Trick|[of] p2a: Bisharp
|-item|p2a: Bisharp|Choice Scarf|[from] move: Trick
|-item|p1a: Gothitelle|Choice Scarf|[from] move: Trick
|
|turn|7
|c|âRS Swept|BEN
|c|âcraing _;|?
|c|âRS Swept|WHAT IS THIS NONSENSE
|c|âcraing _;|o
|c|âcraing _;|wrong item
|c|âcraing _;|woops
|
|move|p2a: Bisharp|Pursuit|p1a: Gothitelle|[from]Pursuit
|-supereffective|p1a: Gothitelle
|-damage|p1a: Gothitelle|0 fnt
|faint|p1a: Gothitelle
|
|
|switch|p1a: Skarmory|Skarmory, F|333\/333
|turn|8
|
|switch|p2a: Landorus|Landorus, M|216\/319
|move|p1a: Skarmory|Spikes|p2a: Landorus
|-sidestart|p2: craing _;|Spikes
|
|turn|9
|
|switch|p1a: Cresselia|Cresselia, F|444\/444
|move|p2a: Landorus|Earth Power|p1a: Cresselia
|-immune|p1a: Cresselia|[msg]
|
|turn|10
|
|move|p2a: Landorus|Earth Power|p1a: Cresselia
|-immune|p1a: Cresselia|[msg]
|move|p1a: Cresselia|Psyshock|p2a: Landorus
|-damage|p2a: Landorus|129\/319
|
|turn|11
|
|move|p2a: Landorus|Earth Power|p1a: Cresselia
|-immune|p1a: Cresselia|[msg]
|move|p1a: Cresselia|Psyshock|p2a: Landorus
|-damage|p2a: Landorus|48\/319
|
|turn|12
|c|âcraing _;|hnng
|
|switch|p2a: Bisharp|Bisharp, M|271\/271
|-damage|p2a: Bisharp|238\/271|[from] Spikes
|move|p1a: Cresselia|Psyshock|p2a: Bisharp
|-immune|p2a: Bisharp|[msg]
|
|turn|13
|c|âRS Swept|ben
|c|âRS Swept|are you having a stroke
|c|âcraing _;|occasionally
|join|JohnxYiu
|
|move|p2a: Bisharp|Knock Off|p1a: Cresselia
|-supereffective|p1a: Cresselia
|-damage|p1a: Cresselia|204\/444
|-enditem|p1a: Cresselia|Leftovers|[from] move: Knock Off|[of] p2a: Bisharp
|move|p1a: Cresselia|Thunder Wave|p2a: Bisharp
|-status|p2a: Bisharp|par
|
|turn|14
|
|move|p1a: Cresselia|Moonlight|p1a: Cresselia
|-heal|p1a: Cresselia|426\/444
|move|p2a: Bisharp|Knock Off|p1a: Cresselia
|-supereffective|p1a: Cresselia
|-damage|p1a: Cresselia|268\/444
|
|turn|15
|
|move|p1a: Cresselia|Moonlight|p1a: Cresselia
|-heal|p1a: Cresselia|444\/444
|move|p2a: Bisharp|Knock Off|p1a: Cresselia
|-supereffective|p1a: Cresselia
|-damage|p1a: Cresselia|298\/444
|
|turn|16
|
|move|p1a: Cresselia|Moonlight|p1a: Cresselia
|-heal|p1a: Cresselia|444\/444
|move|p2a: Bisharp|Knock Off|p1a: Cresselia
|-supereffective|p1a: Cresselia
|-damage|p1a: Cresselia|298\/444
|
|turn|17
|
|switch|p2a: Latios|Latios, M|309\/309
|move|p1a: Cresselia|Moonlight|p1a: Cresselia
|-heal|p1a: Cresselia|444\/444
|
|turn|18
|
|switch|p2a: Bisharp|Bisharp, M|238\/271 par
|-damage|p2a: Bisharp|205\/271 par|[from] Spikes
|switch|p1a: Chansey|Chansey, F|645\/645
|
|turn|19
|
|switch|p1a: Skarmory|Skarmory, F|333\/333
|move|p2a: Bisharp|Knock Off|p1a: Skarmory
|-damage|p1a: Skarmory|233\/333
|-enditem|p1a: Skarmory|Shed Shell|[from] move: Knock Off|[of] p2a: Bisharp
|
|turn|20
|
|switch|p2a: Landorus|Landorus, M|48\/319
|move|p1a: Skarmory|Spikes|p2a: Landorus
|-sidestart|p2: craing _;|Spikes
|
|turn|21
|
|switch|p1a: Cresselia|Cresselia, F|444\/444
|move|p2a: Landorus|Stealth Rock|p1a: Cresselia
|-sidestart|p1: RS Swept|move: Stealth Rock
|
|turn|22
|
|switch|p2a: Bisharp|Bisharp, M|205\/271 par
|-damage|p2a: Bisharp|160\/271 par|[from] Spikes
|move|p1a: Cresselia|Psyshock|p2a: Bisharp
|-immune|p2a: Bisharp|[msg]
|
|turn|23
|
|switch|p1a: Skarmory|Skarmory, F|233\/333
|-damage|p1a: Skarmory|192\/333|[from] Stealth Rock
|move|p2a: Bisharp|Knock Off|p1a: Skarmory
|-damage|p1a: Skarmory|131\/333
|
|turn|24
|c|@Reverb|this battle needs less johnyiu
|
|switch|p2a: Landorus|Landorus, M|48\/319
|move|p1a: Skarmory|Roost|p1a: Skarmory
|-heal|p1a: Skarmory|298\/333
|
|turn|25
|c| JohnxYiu|lel
|
|switch|p1a: Chansey|Chansey, F|645\/645
|-damage|p1a: Chansey|565\/645|[from] Stealth Rock
|move|p2a: Landorus|Sludge Wave|p1a: Chansey
|-damage|p1a: Chansey|466\/645
|
|turn|26
JohnxYiu was banned from room battle-ou-194872986 by Reverb.
|unlink|johnxyiu
|leave|JohnxYiu
|
|switch|p2a: Skarmory|Skarmory, F|333\/333
|move|p1a: Chansey|Seismic Toss|p2a: Skarmory
|-damage|p2a: Skarmory|233\/333
|-damage|p1a: Chansey|359\/645|[from] item: Rocky Helmet|[of] p2a: Skarmory
|
|turn|27
|
|move|p2a: Skarmory|Taunt|p1a: Chansey
|-start|p1a: Chansey|move: Taunt
|cant|p1a: Chansey|move: Taunt|Soft-Boiled
|
|turn|28
JohnxYiu was unbanned from room battle-ou-194872986 by Reverb.
|c|âRS Swept|can players do that?
|join|JohnxYiu
|c|@Reverb|n
|join|seba1124
|leave|JohnxYiu
|c|âRS Swept|promote me to global mod then
|join|JohnxYiu
|c|âRS Swept|i want the power
|c|@Reverb|get nello
|c| JohnxYiu|only mod can do that
|c| JohnxYiu|lel
|
|switch|p2a: Landorus|Landorus, M|48\/319
|switch|p1a: Sableye|Sableye-Mega, M|303\/303
|-damage|p1a: Sableye|266\/303|[from] Stealth Rock
|
|turn|29
|
|switch|p1a: Cresselia|Cresselia, F|444\/444
|-damage|p1a: Cresselia|389\/444|[from] Stealth Rock
|move|p2a: Landorus|Earth Power|p1a: Cresselia
|-immune|p1a: Cresselia|[msg]
|
|turn|30
|c|âcraing _;|ugh
|c| seba1124|rank rs swept
|c|@Reverb|costa reps team lil dick
|c|âcraing _;|this is annoying as hell
|
|move|p2a: Landorus|Sludge Wave|p1a: Cresselia
|-damage|p1a: Cresselia|260\/444
|move|p1a: Cresselia|Psyshock|p2a: Landorus
|-damage|p2a: Landorus|0 fnt
|faint|p2a: Landorus
|
|c| JohnxYiu|reverb can u kick the players ?
|c|@Reverb|yep
|c| JohnxYiu|powerful lol
|
|switch|p2a: Bisharp|Bisharp, M|160\/271 par
|-damage|p2a: Bisharp|115\/271 par|[from] Spikes
|turn|31
|c|âRS Swept|reverb's only chance of getting to #1
|c|âRS Swept|now that im back
|c|@Reverb|pls
|
|move|p1a: Cresselia|Moonlight|p1a: Cresselia
|-heal|p1a: Cresselia|444\/444
|cant|p2a: Bisharp|par
|
|turn|32
|c|@Reverb|.fr rs swept
|c|@Reverb|wouldntthat be funny?!?!?!
|
|move|p2a: Bisharp|Pursuit|p1a: Cresselia|[from]Pursuit
|-supereffective|p1a: Cresselia
|-damage|p1a: Cresselia|262\/444
|switch|p1a: Skarmory|Skarmory, F|298\/333
|-damage|p1a: Skarmory|257\/333|[from] Stealth Rock
|
|turn|33
|c|@Reverb|.forcewin craing
|
|switch|p2a: Latios|Latios, M|309\/309
|move|p1a: Skarmory|Roost|p1a: Skarmory
|-heal|p1a: Skarmory|333\/333
|
|turn|34
|
|move|p2a: Latios|Calm Mind|p2a: Latios
|-boost|p2a: Latios|spa|1
|-boost|p2a: Latios|spd|1
|move|p1a: Skarmory|Roost|p1a: Skarmory
|-fail|p1a: Skarmory
|
|turn|35
|c|âcraing _;|game?
|c|@Reverb|too real
|c|âRS Swept|nah whirlwind
|
|switch|p1a: Quagsire|Quagsire, F|394\/394
|-damage|p1a: Quagsire|370\/394|[from] Stealth Rock
|move|p2a: Latios|Draco Meteor|p1a: Quagsire
|-damage|p1a: Quagsire|0 fnt
|-unboost|p2a: Latios|spa|2
|-damage|p2a: Latios|279\/309|[from] item: Life Orb
|faint|p1a: Quagsire
|
|
|switch|p1a: Sableye|Sableye-Mega, M|266\/303
|-damage|p1a: Sableye|229\/303|[from] Stealth Rock
|turn|36
|
|move|p2a: Latios|Calm Mind|p2a: Latios
|-boost|p2a: Latios|spa|1
|-boost|p2a: Latios|spd|1
|move|p1a: Sableye|Will-O-Wisp|p2a: Latios|[miss]
|-miss|p1a: Sableye|p2a: Latios
|
|turn|37
|c|âcraing _;|nice!
|c|âRS Swept|dammit ben
|c|@Reverb|lel
|
|move|p2a: Latios|Draco Meteor|p1a: Sableye
|-damage|p1a: Sableye|18\/303
|-unboost|p2a: Latios|spa|2
|-damage|p2a: Latios|249\/309|[from] item: Life Orb
|move|p1a: Sableye|Recover|p1a: Sableye
|-heal|p1a: Sableye|170\/303
|
|turn|38
|
|switch|p2a: Keldeo-Resolute|Keldeo-Resolute|243\/324
|-damage|p2a: Keldeo-Resolute|189\/324|[from] Spikes
|move|p1a: Sableye|Recover|p1a: Sableye
|-heal|p1a: Sableye|303\/303
|
|turn|39
|c|@Reverb|costa's fav website is hrc.org
|join|Laby'
|
|switch|p1a: Cresselia|Cresselia, F|262\/444
|-damage|p1a: Cresselia|207\/444|[from] Stealth Rock
|move|p2a: Keldeo-Resolute|Scald|p1a: Cresselia
|-damage|p1a: Cresselia|101\/444
|
|turn|40
|
|move|p2a: Keldeo-Resolute|Scald|p1a: Cresselia
|-damage|p1a: Cresselia|0 fnt
|faint|p1a: Cresselia
|
|
|switch|p1a: Skarmory|Skarmory, F|333\/333
|-damage|p1a: Skarmory|292\/333|[from] Stealth Rock
|turn|41
|
|move|p2a: Keldeo-Resolute|Scald|p1a: Skarmory
|-damage|p1a: Skarmory|109\/333
|-status|p1a: Skarmory|brn
|move|p1a: Skarmory|Brave Bird|p2a: Keldeo-Resolute
|-supereffective|p2a: Keldeo-Resolute
|-damage|p2a: Keldeo-Resolute|73\/324
|-damage|p1a: Skarmory|71\/333 brn|[from] recoil|[of] p2a: Keldeo-Resolute
|-enditem|p2a: Keldeo-Resolute|Salac Berry|[eat]
|-boost|p2a: Keldeo-Resolute|spe|1|[from] item: Salac Berry
|
|-damage|p1a: Skarmory|30\/333 brn|[from] brn
|turn|42
|c|âRS Swept|ben noooooooooooooo
|c|âRS Swept|I HAD THE WIN
|c|âcraing _;|:]
|c|@Reverb|yes
|c|@Reverb|oh
|join|Chillingtilsweg
|c|@Reverb|costa
|
|move|p2a: Keldeo-Resolute|Scald|p1a: Skarmory
|-damage|p1a: Skarmory|0 fnt
|faint|p1a: Skarmory
|
|c|@Reverb|remember this keld set?
|c|@Reverb|from wcop?
|c|âRS Swept|i didnt know it was salac?
|c|âRS Swept|but yeah i remember cancer
|
|switch|p1a: Sableye|Sableye-Mega, M|303\/303
|-damage|p1a: Sableye|266\/303|[from] Stealth Rock
|turn|43
|c|@Reverb|>irony
|
|move|p2a: Keldeo-Resolute|Calm Mind|p2a: Keldeo-Resolute
|-boost|p2a: Keldeo-Resolute|spa|1
|-boost|p2a: Keldeo-Resolute|spd|1
|move|p1a: Sableye|Calm Mind|p1a: Sableye
|-boost|p1a: Sableye|spa|1
|-boost|p1a: Sableye|spd|1
|
|turn|44
|
|move|p2a: Keldeo-Resolute|Scald|p1a: Sableye
|-damage|p1a: Sableye|166\/303
|move|p1a: Sableye|Calm Mind|p1a: Sableye
|-boost|p1a: Sableye|spa|1
|-boost|p1a: Sableye|spd|1
|
|turn|45
|join|Prankster
|
|move|p2a: Keldeo-Resolute|Scald|p1a: Sableye
|-damage|p1a: Sableye|90\/303
|move|p1a: Sableye|Recover|p1a: Sableye
|-heal|p1a: Sableye|242\/303
|
|turn|46
|
|move|p2a: Keldeo-Resolute|Scald|p1a: Sableye
|-damage|p1a: Sableye|161\/303
|move|p1a: Sableye|Will-O-Wisp|p2a: Keldeo-Resolute
|-status|p2a: Keldeo-Resolute|brn
|
|-damage|p2a: Keldeo-Resolute|33\/324 brn|[from] brn
|turn|47
|
|move|p2a: Keldeo-Resolute|Scald|p1a: Sableye
|-damage|p1a: Sableye|82\/303
|move|p1a: Sableye|Recover|p1a: Sableye
|-heal|p1a: Sableye|234\/303
|
|-damage|p2a: Keldeo-Resolute|0 fnt|[from] brn
|faint|p2a: Keldeo-Resolute
|c|âcraing _;|rly
|c|âRS Swept|YOU DIDNT ACHIEVE
|c|@Reverb|bs hax
|c|âRS Swept|YOU NOOB
|
|switch|p2a: Bisharp|Bisharp, M|115\/271 par
|-damage|p2a: Bisharp|70\/271 par|[from] Spikes
|turn|48
|
|move|p2a: Bisharp|Iron Head|p1a: Sableye
|-damage|p1a: Sableye|126\/303
|move|p1a: Sableye|Calm Mind|p1a: Sableye
|-boost|p1a: Sableye|spa|1
|-boost|p1a: Sableye|spd|1
|
|turn|49
|c|âcraing _;|ok
|c|âRS Swept|OW
|c|âcraing _;|pull through
|
|cant|p2a: Bisharp|par
|move|p1a: Sableye|Recover|p1a: Sableye
|-heal|p1a: Sableye|278\/303
|
|turn|50
|c|âRS Swept|fuck sableye is slow
|c|@Reverb|sd
|c|@Reverb|sd
|c|@Reverb|sd
|c|@Reverb|err
|c|@Reverb|of
|c|@Reverb|*oh
|c|@Reverb|x2.5
JohnxYiu was redirected to room PortuguÃªs by Reverb.
|leave|JohnxYiu
|c| Chillingtilsweg|lol
|join|JohnxYiu
|c| JohnxYiu|LOL
|c| JohnxYiu|y PortuguÃªs LOLO
|c|âcraing _;|hurry up gotta study
|c|@Reverb|rs swept
|c|@Reverb|hrc.org
|c|@Reverb|that's for you
|
|move|p2a: Bisharp|Iron Head|p1a: Sableye
|-damage|p1a: Sableye|182\/303
|move|p1a: Sableye|Snarl|p2a: Bisharp
|-resisted|p2a: Bisharp
|-damage|p2a: Bisharp|0 fnt
|faint|p2a: Bisharp
|
|c|âRS Swept|srry had to calc
|
|switch|p2a: Sceptile|Sceptile, M|281\/281
|-damage|p2a: Sceptile|235\/281|[from] Spikes
|turn|51
|c|âRS Swept|whatcha studying
|c|@Reverb|dick
|c|@Reverb|the history of dick
|c|âcraing _;|grammar
|c|âcraing _;|english final lol
|
|detailschange|p2a: Sceptile|Sceptile-Mega, M
|message|Sceptile has Mega Evolved into Mega Sceptile!
|move|p2a: Sceptile|Dragon Pulse|p1a: Sableye
|-damage|p1a: Sableye|133\/303
|move|p1a: Sableye|Recover|p1a: Sableye
|-heal|p1a: Sableye|285\/303
|
|turn|52
|c| JohnxYiu|crit now
|c|@Reverb|craing arent you in high school?
|c|âRS Swept|well you barely speak english
|c|âRS Swept|so youre fucked
|c|âcraing _;|rip
|
|move|p2a: Sceptile|Leaf Storm|p1a: Sableye|[miss]
|-miss|p2a: Sceptile|p1a: Sableye
|move|p1a: Sableye|Snarl|p2a: Sceptile
|-damage|p2a: Sceptile|46\/281
|-unboost|p2a: Sceptile|spa|1
|
|turn|53
|c|âcraing _;|damn needed that burn
|c|@Reverb|crit
|c|@Reverb|crit
|c|@Reverb|crit
|
|move|p2a: Sceptile|Leaf Storm|p1a: Sableye
|-crit|p1a: Sableye
|-damage|p1a: Sableye|0 fnt
|-unboost|p2a: Sceptile|spa|2
|faint|p1a: Sableye
|
|c| JohnxYiu|LOL
|c|@Reverb|ooh
|c| JohnxYiu|LOL
|c|âcraing _;|yumu
|c| JohnxYiu|LOL
|c| Chillingtilsweg|REKT
|c|âRS Swept|nooooooooo
|c| test4999|xD
|
|switch|p1a: Chansey|Chansey, F|359\/645
|-damage|p1a: Chansey|279\/645|[from] Stealth Rock
|turn|54
|c| seba1124|HAHA
|c| Chillingtilsweg|lol
|
|switch|p2a: Skarmory|Skarmory, F|233\/333
|move|p1a: Chansey|Soft-Boiled|p1a: Chansey
|-heal|p1a: Chansey|602\/645
|
|turn|55
|join|MoB Barley
|c| JohnxYiu|reverb hacked the system
|
|move|p2a: Skarmory|Taunt|p1a: Chansey
|-start|p1a: Chansey|move: Taunt
|move|p1a: Chansey|Seismic Toss|p2a: Skarmory
|-damage|p2a: Skarmory|133\/333
|-damage|p1a: Chansey|495\/645|[from] item: Rocky Helmet|[of] p2a: Skarmory
|
|turn|56
|c| JohnxYiu|:]
|c|âcraing _;|gg ^^
|
|move|p2a: Skarmory|Roost|p2a: Skarmory
|-heal|p2a: Skarmory|300\/333
|move|p1a: Chansey|Seismic Toss|p2a: Skarmory
|-damage|p2a: Skarmory|200\/333
|-damage|p1a: Chansey|388\/645|[from] item: Rocky Helmet|[of] p2a: Skarmory
|
|turn|57
|c|âRS Swept|nooo ben
|c|âRS Swept|my points :'(
|c|âcraing _;|who cares
|c|âcraing _;|about ladder
|c|âRS Swept|I DO!
|c| Chillingtilsweg|lol
|c|âRS Swept|ladder is love
|c| JohnxYiu|lol
|c|âRS Swept|ladder is life
|
|move|p2a: Skarmory|Roost|p2a: Skarmory
|-heal|p2a: Skarmory|333\/333
|move|p1a: Chansey|Seismic Toss|p2a: Skarmory
|-damage|p2a: Skarmory|233\/333
|-damage|p1a: Chansey|281\/645|[from] item: Rocky Helmet|[of] p2a: Skarmory
|
|-end|p1a: Chansey|move: Taunt
|turn|58
|c|@Reverb|oml
|c|@Reverb|you have been gone a while
|c|@Reverb|>using that meme
|c|âRS Swept|tournaments are for noob
|c| Prankster|I hate hax
|
|move|p2a: Skarmory|Taunt|p1a: Chansey
|-start|p1a: Chansey|move: Taunt
|cant|p1a: Chansey|move: Taunt|Soft-Boiled
|
|turn|59
|c|@Reverb|i hate black people
|
|move|p2a: Skarmory|Roost|p2a: Skarmory
|-heal|p2a: Skarmory|333\/333
|move|p1a: Chansey|Seismic Toss|p2a: Skarmory
|-damage|p2a: Skarmory|233\/333
|-damage|p1a: Chansey|174\/645|[from] item: Rocky Helmet|[of] p2a: Skarmory
|
|turn|60
|c| Prankster|Reverb only beats me with hax
|
|move|p2a: Skarmory|Roost|p2a: Skarmory
|-heal|p2a: Skarmory|333\/333
|move|p1a: Chansey|Seismic Toss|p2a: Skarmory
|-damage|p2a: Skarmory|233\/333
|-damage|p1a: Chansey|67\/645|[from] item: Rocky Helmet|[of] p2a: Skarmory
|
|-end|p1a: Chansey|move: Taunt
|turn|61
|
|move|p2a: Skarmory|Taunt|p1a: Chansey
|-start|p1a: Chansey|move: Taunt
|cant|p1a: Chansey|move: Taunt|Soft-Boiled
|
|turn|62
|c| Prankster|Reverb I'm black from the waist down, you racist
|c| Chillingtilsweg|reverb is mean to black people
|c| Chillingtilsweg|LOL
|c|âRS Swept|god dammit ben
|c|@Reverb|chilling are you black?
|
|move|p2a: Skarmory|Roost|p2a: Skarmory
|-heal|p2a: Skarmory|333\/333
|move|p1a: Chansey|Seismic Toss|p2a: Skarmory
|-damage|p2a: Skarmory|233\/333
|-damage|p1a: Chansey|0 fnt|[from] item: Rocky Helmet|[of] p2a: Skarmory
|faint|p1a: Chansey
|
|win|craing _;
|raw|Ladder updating...
|c|âcraing _;|beep boo bop
|raw|RS Swept's rating: 1893 &rarr; <strong>1863<\/strong><br \/>(-30 for losing)
|raw|craing _;'s rating: 1715 &rarr; <strong>1744<\/strong><br \/>(+29 for winning)
|c|âcraing _;|ggs
|c| Chillingtilsweg|ben pulls thru
|leave|RS Swept
|player|p1
|c|@Reverb|bc if you are, no, i dont want to buy your mixtape
|c| Chillingtilsweg|nah
|leave|craing _;
|player|p2
|c| Chillingtilsweg|im white trash
|leave|Prankster
|leave|JohnxYiu
|leave|MoB Barley
|leave|Reverb
|leave|squirrelll
|leave|Chillingtilsweg