|join|RS Swept
|join|fraaa )
|player|p1|RS Swept|29
|player|p2|fraaa )|102
|gametype|singles
|gen|6
|tier|OU
|rated
|clearpoke
|poke|p1|Gothitelle, F
|poke|p1|Skarmory, M
|poke|p1|Cresselia, F
|poke|p1|Quagsire, F
|poke|p1|Sableye, M
|poke|p1|Chansey, F
|poke|p2|Chansey, F
|poke|p2|Gliscor, F, shiny
|poke|p2|Quagsire, M, shiny
|poke|p2|Heatran, M, shiny
|poke|p2|Gothitelle, F
|poke|p2|Venusaur, F, shiny
|rule|Swagger Clause: Swagger is banned
|rule|Baton Pass Clause: Limit one PokÃ©mon knowing Baton Pass
|rule|Sleep Clause Mod: Limit one foe put to sleep
|rule|Species Clause: Limit one of each PokÃ©mon
|rule|OHKO Clause: OHKO moves are banned
|rule|Moody Clause: Moody is banned
|rule|Evasion Moves Clause: Evasion moves are banned
|rule|Endless Battle Clause: Forcing endless battles is banned
|rule|HP Percentage Mod: HP is shown in percentages
|teampreview
|
|start
|switch|p1a: Sableye|Sableye, M|304\/304
|switch|p2a: Gothitelle|Gothitelle, F|344\/344
|turn|1
|c|âfraaa )|NOOOOOOOOOO
|
|switch|p2a: Heatran|Heatran, M, shiny|386\/386
|detailschange|p1a: Sableye|Sableye-Mega, M
|message|Sableye has Mega Evolved into Mega Sableye!
|move|p1a: Sableye|Snarl|p2a: Heatran
|-damage|p2a: Heatran|344\/386
|-unboost|p2a: Heatran|spa|1
|
|-heal|p2a: Heatran|368\/386|[from] item: Leftovers
|turn|2
|
|switch|p1a: Gothitelle|Gothitelle, F|301\/301
|move|p2a: Heatran|Lava Plume|p1a: Gothitelle
|-crit|p1a: Gothitelle
|-damage|p1a: Gothitelle|142\/301
|
|-heal|p2a: Heatran|386\/386|[from] item: Leftovers
|turn|3
|
|move|p1a: Gothitelle|Trick|p2a: Heatran
|-activate|p1a: Gothitelle|move: Trick|[of] p2a: Heatran
|-item|p2a: Heatran|Choice Scarf|[from] move: Trick
|-item|p1a: Gothitelle|Leftovers|[from] move: Trick
|move|p2a: Heatran|Stealth Rock|p1a: Gothitelle
|-sidestart|p1: RS Swept|move: Stealth Rock
|
|-heal|p1a: Gothitelle|160\/301|[from] item: Leftovers
|turn|4
|
|move|p2a: Heatran|Stealth Rock|p1a: Gothitelle
|-fail|p1a: Gothitelle
|move|p1a: Gothitelle|Calm Mind|p1a: Gothitelle
|-boost|p1a: Gothitelle|spa|1
|-boost|p1a: Gothitelle|spd|1
|
|-heal|p1a: Gothitelle|178\/301|[from] item: Leftovers
|turn|5
|
|move|p2a: Heatran|Stealth Rock|p1a: Gothitelle
|-fail|p1a: Gothitelle
|move|p1a: Gothitelle|Calm Mind|p1a: Gothitelle
|-boost|p1a: Gothitelle|spa|1
|-boost|p1a: Gothitelle|spd|1
|
|-heal|p1a: Gothitelle|196\/301|[from] item: Leftovers
|turn|6
|join|Pokeplays777
|
|move|p2a: Heatran|Stealth Rock|p1a: Gothitelle
|-fail|p1a: Gothitelle
|move|p1a: Gothitelle|Calm Mind|p1a: Gothitelle
|-boost|p1a: Gothitelle|spa|1
|-boost|p1a: Gothitelle|spd|1
|
|-heal|p1a: Gothitelle|214\/301|[from] item: Leftovers
|turn|7
|
|move|p2a: Heatran|Stealth Rock|p1a: Gothitelle
|-fail|p1a: Gothitelle
|move|p1a: Gothitelle|Psyshock|p2a: Heatran
|-crit|p2a: Heatran
|-resisted|p2a: Heatran
|-damage|p2a: Heatran|190\/386
|
|-heal|p1a: Gothitelle|232\/301|[from] item: Leftovers
|turn|8
|
|move|p2a: Heatran|Stealth Rock|p1a: Gothitelle
|-fail|p1a: Gothitelle
|move|p1a: Gothitelle|Psyshock|p2a: Heatran
|-resisted|p2a: Heatran
|-damage|p2a: Heatran|73\/386
|
|-heal|p1a: Gothitelle|250\/301|[from] item: Leftovers
|turn|9
|
|move|p2a: Heatran|Stealth Rock|p1a: Gothitelle
|-fail|p1a: Gothitelle
|move|p1a: Gothitelle|Calm Mind|p1a: Gothitelle
|-boost|p1a: Gothitelle|spa|1
|-boost|p1a: Gothitelle|spd|1
|
|-heal|p1a: Gothitelle|268\/301|[from] item: Leftovers
|turn|10
|
|move|p2a: Heatran|Stealth Rock|p1a: Gothitelle
|-fail|p1a: Gothitelle
|move|p1a: Gothitelle|Calm Mind|p1a: Gothitelle
|-boost|p1a: Gothitelle|spa|1
|-boost|p1a: Gothitelle|spd|1
|
|-heal|p1a: Gothitelle|286\/301|[from] item: Leftovers
|turn|11
|
|move|p2a: Heatran|Stealth Rock|p1a: Gothitelle
|-fail|p1a: Gothitelle
|move|p1a: Gothitelle|Calm Mind|p1a: Gothitelle
|-boost|p1a: Gothitelle|spa|1
|-boost|p1a: Gothitelle|spd|1
|
|-heal|p1a: Gothitelle|301\/301|[from] item: Leftovers
|turn|12
|c|âRS Swept|4 kills for goth this game
|c|âRS Swept|calling it now :P
|
|move|p2a: Heatran|Stealth Rock|p1a: Gothitelle
|-fail|p1a: Gothitelle
|move|p1a: Gothitelle|Trick|p2a: Heatran
|-activate|p1a: Gothitelle|move: Trick|[of] p2a: Heatran
|-item|p2a: Heatran|Leftovers|[from] move: Trick
|-item|p1a: Gothitelle|Choice Scarf|[from] move: Trick
|
|-heal|p2a: Heatran|97\/386|[from] item: Leftovers
|turn|13
|
|move|p1a: Gothitelle|Psyshock|p2a: Heatran
|-resisted|p2a: Heatran
|-damage|p2a: Heatran|0 fnt
|faint|p2a: Heatran
|
|
|switch|p2a: Quagsire|Quagsire, M, shiny|394\/394
|turn|14
|
|switch|p1a: Skarmory|Skarmory, M|333\/333
|-damage|p1a: Skarmory|292\/333|[from] Stealth Rock
|move|p2a: Quagsire|Toxic|p1a: Skarmory
|-fail|p1a: Skarmory
|
|turn|15
|
|switch|p2a: Gliscor|Gliscor, F, shiny|354\/354
|move|p1a: Skarmory|Defog|p2a: Gliscor
|-unboost|p2a: Gliscor|evasion|1
|-sideend|p1: RS Swept|Stealth Rock|[from] move: Defog|[of] p1a: Skarmory
|
|-status|p2a: Gliscor|tox|[from] item: Toxic Orb
|turn|16
|
|move|p2a: Gliscor|Taunt|p1a: Skarmory
|-start|p1a: Skarmory|move: Taunt
|cant|p1a: Skarmory|move: Taunt|Spikes
|
|turn|17
|
|switch|p1a: Sableye|Sableye-Mega, M|304\/304
|move|p2a: Gliscor|Earthquake|p1a: Sableye
|-crit|p1a: Sableye
|-damage|p1a: Sableye|190\/304
|
|turn|18
|
|move|p2a: Gliscor|Earthquake|p1a: Sableye
|-damage|p1a: Sableye|121\/304
|move|p1a: Sableye|Recover|p1a: Sableye
|-heal|p1a: Sableye|273\/304
|
|turn|19
|
|move|p2a: Gliscor|Earthquake|p1a: Sableye
|-damage|p1a: Sableye|203\/304
|move|p1a: Sableye|Calm Mind|p1a: Sableye
|-boost|p1a: Sableye|spa|1
|-boost|p1a: Sableye|spd|1
|
|turn|20
|
|switch|p2a: Quagsire|Quagsire, M, shiny|394\/394
|move|p1a: Sableye|Recover|p1a: Sableye
|-heal|p1a: Sableye|304\/304
|
|turn|21
|
|move|p2a: Quagsire|Scald|p1a: Sableye
|-damage|p1a: Sableye|243\/304
|move|p1a: Sableye|Will-O-Wisp|p2a: Quagsire
|-status|p2a: Quagsire|brn
|
|-damage|p2a: Quagsire|345\/394 brn|[from] brn
|turn|22
|
|switch|p1a: Gothitelle|Gothitelle, F|301\/301
|move|p2a: Quagsire|Scald|p1a: Gothitelle
|-damage|p1a: Gothitelle|235\/301
|
|-damage|p2a: Quagsire|296\/394 brn|[from] brn
|turn|23
|
|move|p1a: Gothitelle|Trick|p2a: Quagsire
|-activate|p1a: Gothitelle|move: Trick|[of] p2a: Quagsire
|-item|p2a: Quagsire|Choice Scarf|[from] move: Trick
|-item|p1a: Gothitelle|Rocky Helmet|[from] move: Trick
|move|p2a: Quagsire|Toxic|p1a: Gothitelle
|-status|p1a: Gothitelle|tox
|
|-damage|p1a: Gothitelle|217\/301 tox|[from] psn
|-damage|p2a: Quagsire|247\/394 brn|[from] brn
|turn|24
|c|âfraaa )|fuuuuuuuuuuuuuu
|
|move|p1a: Gothitelle|Calm Mind|p1a: Gothitelle
|-boost|p1a: Gothitelle|spa|1
|-boost|p1a: Gothitelle|spd|1
|move|p2a: Quagsire|Toxic|p1a: Gothitelle|[miss]
|-miss|p2a: Quagsire|p1a: Gothitelle
|
|-damage|p1a: Gothitelle|181\/301 tox|[from] psn
|-damage|p2a: Quagsire|198\/394 brn|[from] brn
|turn|25
|
|move|p1a: Gothitelle|Calm Mind|p1a: Gothitelle
|-boost|p1a: Gothitelle|spa|1
|-boost|p1a: Gothitelle|spd|1
|move|p2a: Quagsire|Toxic|p1a: Gothitelle|[miss]
|-miss|p2a: Quagsire|p1a: Gothitelle
|
|-damage|p1a: Gothitelle|127\/301 tox|[from] psn
|-damage|p2a: Quagsire|149\/394 brn|[from] brn
|turn|26
|
|move|p1a: Gothitelle|Rest|p1a: Gothitelle
|-status|p1a: Gothitelle|slp
|-heal|p1a: Gothitelle|301\/301 slp|[silent]
|-status|p1a: Gothitelle|slp|[from] move: Rest
|move|p2a: Quagsire|Toxic|p1a: Gothitelle
|-fail|p1a: Gothitelle
|
|-damage|p2a: Quagsire|100\/394 brn|[from] brn
|turn|27
|join|Cienight
|
|cant|p1a: Gothitelle|slp
|move|p2a: Quagsire|Toxic|p1a: Gothitelle
|-fail|p1a: Gothitelle
|
|-damage|p2a: Quagsire|51\/394 brn|[from] brn
|turn|28
|
|cant|p1a: Gothitelle|slp
|move|p2a: Quagsire|Toxic|p1a: Gothitelle
|-fail|p1a: Gothitelle
|
|-damage|p2a: Quagsire|2\/394 brn|[from] brn
|turn|29
|
|-curestatus|p1a: Gothitelle|slp
|move|p1a: Gothitelle|Trick|p2a: Quagsire
|-activate|p1a: Gothitelle|move: Trick|[of] p2a: Quagsire
|-item|p2a: Quagsire|Rocky Helmet|[from] move: Trick
|-item|p1a: Gothitelle|Choice Scarf|[from] move: Trick
|move|p2a: Quagsire|Toxic|p1a: Gothitelle
|-status|p1a: Gothitelle|tox
|
|-damage|p1a: Gothitelle|283\/301 tox|[from] psn
|-damage|p2a: Quagsire|0 fnt|[from] brn
|faint|p2a: Quagsire
|
|switch|p2a: Gothitelle|Gothitelle, F|344\/344
|turn|30
|
|switch|p1a: Sableye|Sableye-Mega, M|243\/304
|move|p2a: Gothitelle|Shadow Ball|p1a: Sableye
|-damage|p1a: Sableye|178\/304
|
|turn|31
|
|move|p2a: Gothitelle|Shadow Ball|p1a: Sableye
|-damage|p1a: Sableye|105\/304
|-unboost|p1a: Sableye|spd|1
|move|p1a: Sableye|Recover|p1a: Sableye
|-heal|p1a: Sableye|257\/304
|
|turn|32
|
|move|p2a: Gothitelle|Shadow Ball|p1a: Sableye
|-damage|p1a: Sableye|154\/304
|move|p1a: Sableye|Snarl|p2a: Gothitelle
|-supereffective|p2a: Gothitelle
|-damage|p2a: Gothitelle|228\/344
|-unboost|p2a: Gothitelle|spa|1
|
|turn|33
|
|switch|p2a: Venusaur|Venusaur, F, shiny|364\/364
|move|p1a: Sableye|Recover|p1a: Sableye
|-heal|p1a: Sableye|304\/304
|
|turn|34
|
|switch|p1a: Cresselia|Cresselia, F|444\/444
|detailschange|p2a: Venusaur|Venusaur-Mega, F, shiny
|message|Venusaur has Mega Evolved into Mega Venusaur!
|move|p2a: Venusaur|Sludge Bomb|p1a: Cresselia
|-damage|p1a: Cresselia|347\/444
|-status|p1a: Cresselia|psn
|
|-heal|p1a: Cresselia|374\/444 psn|[from] item: Leftovers
|-damage|p1a: Cresselia|319\/444 psn|[from] psn
|turn|35
|
|move|p1a: Cresselia|Thunder Wave|p2a: Venusaur
|-status|p2a: Venusaur|par
|move|p2a: Venusaur|Leech Seed|p1a: Cresselia
|-start|p1a: Cresselia|move: Leech Seed
|
|-heal|p1a: Cresselia|346\/444 psn|[from] item: Leftovers
|-damage|p1a: Cresselia|291\/444 psn|[from] Leech Seed|[of] p2a: Venusaur
|-damage|p1a: Cresselia|236\/444 psn|[from] psn
|turn|36
|
|switch|p2a: Gothitelle|Gothitelle, F|228\/344
|move|p1a: Cresselia|Moonlight|p1a: Cresselia
|-heal|p1a: Cresselia|444\/444 psn
|
|-damage|p1a: Cresselia|389\/444 psn|[from] Leech Seed|[of] p2a: Gothitelle
|-heal|p2a: Gothitelle|283\/344|[silent]
|-damage|p1a: Cresselia|334\/444 psn|[from] psn
|turn|37
|
|move|p2a: Gothitelle|Trick|p1a: Cresselia
|-activate|p2a: Gothitelle|move: Trick|[of] p1a: Cresselia
|-item|p1a: Cresselia|Choice Scarf|[from] move: Trick
|-item|p2a: Gothitelle|Leftovers|[from] move: Trick
|move|p1a: Cresselia|Skill Swap|p2a: Gothitelle
|-activate|p1a: Cresselia|move: Skill Swap|Shadow Tag|Levitate|[of] p2a: Gothitelle
|
|-heal|p2a: Gothitelle|304\/344|[from] item: Leftovers
|-damage|p1a: Cresselia|279\/444 psn|[from] Leech Seed|[of] p2a: Gothitelle
|-heal|p2a: Gothitelle|344\/344|[silent]
|-damage|p1a: Cresselia|224\/444 psn|[from] psn
|turn|38
|
|switch|p1a: Sableye|Sableye-Mega, M|304\/304
|move|p2a: Gothitelle|Calm Mind|p2a: Gothitelle
|-boost|p2a: Gothitelle|spa|1
|-boost|p2a: Gothitelle|spd|1
|
|turn|39
|join|Abraham is bad
|
|move|p2a: Gothitelle|Calm Mind|p2a: Gothitelle
|-boost|p2a: Gothitelle|spa|1
|-boost|p2a: Gothitelle|spd|1
|move|p1a: Sableye|Snarl|p2a: Gothitelle
|-supereffective|p2a: Gothitelle
|-damage|p2a: Gothitelle|288\/344
|-unboost|p2a: Gothitelle|spa|1
|
|-heal|p2a: Gothitelle|309\/344|[from] item: Leftovers
|turn|40
|join|Alldaalts
|
|move|p2a: Gothitelle|Calm Mind|p2a: Gothitelle
|-boost|p2a: Gothitelle|spa|1
|-boost|p2a: Gothitelle|spd|1
|move|p1a: Sableye|Will-O-Wisp|p2a: Gothitelle
|-status|p2a: Gothitelle|brn
|
|-heal|p2a: Gothitelle|330\/344 brn|[from] item: Leftovers
|-damage|p2a: Gothitelle|287\/344 brn|[from] brn
|turn|41
|
|move|p2a: Gothitelle|Shadow Ball|p1a: Sableye
|-damage|p1a: Sableye|166\/304
|move|p1a: Sableye|Snarl|p2a: Gothitelle
|-supereffective|p2a: Gothitelle
|-damage|p2a: Gothitelle|245\/344 brn
|-unboost|p2a: Gothitelle|spa|1
|
|-heal|p2a: Gothitelle|266\/344 brn|[from] item: Leftovers
|-damage|p2a: Gothitelle|223\/344 brn|[from] brn
|turn|42
|leave|fraaa )
|player|p2
|leave|Abraham is bad
|join|B470-killer
|join|fraaa )
|player|p2|fraaa )|102
|
|move|p2a: Gothitelle|Shadow Ball|p1a: Sableye
|-damage|p1a: Sableye|68\/304
|move|p1a: Sableye|Recover|p1a: Sableye
|-heal|p1a: Sableye|220\/304
|
|-heal|p2a: Gothitelle|244\/344 brn|[from] item: Leftovers
|-damage|p2a: Gothitelle|201\/344 brn|[from] brn
|turn|43
|
|move|p2a: Gothitelle|Shadow Ball|p1a: Sableye
|-crit|p1a: Sableye
|-damage|p1a: Sableye|55\/304
|move|p1a: Sableye|Recover|p1a: Sableye
|-heal|p1a: Sableye|207\/304
|
|-heal|p2a: Gothitelle|222\/344 brn|[from] item: Leftovers
|-damage|p2a: Gothitelle|179\/344 brn|[from] brn
|turn|44
|
|move|p2a: Gothitelle|Shadow Ball|p1a: Sableye
|-damage|p1a: Sableye|98\/304
|move|p1a: Sableye|Recover|p1a: Sableye
|-heal|p1a: Sableye|250\/304
|
|-heal|p2a: Gothitelle|200\/344 brn|[from] item: Leftovers
|-damage|p2a: Gothitelle|157\/344 brn|[from] brn
|turn|45
|join|tst_100
|
|move|p2a: Gothitelle|Shadow Ball|p1a: Sableye
|-damage|p1a: Sableye|151\/304
|move|p1a: Sableye|Snarl|p2a: Gothitelle
|-supereffective|p2a: Gothitelle
|-damage|p2a: Gothitelle|113\/344 brn
|-unboost|p2a: Gothitelle|spa|1
|
|-heal|p2a: Gothitelle|134\/344 brn|[from] item: Leftovers
|-damage|p2a: Gothitelle|91\/344 brn|[from] brn
|turn|46
|
|move|p2a: Gothitelle|Shadow Ball|p1a: Sableye
|-damage|p1a: Sableye|82\/304
|move|p1a: Sableye|Recover|p1a: Sableye
|-heal|p1a: Sableye|234\/304
|
|-heal|p2a: Gothitelle|112\/344 brn|[from] item: Leftovers
|-damage|p2a: Gothitelle|69\/344 brn|[from] brn
|turn|47
|
|move|p2a: Gothitelle|Shadow Ball|p1a: Sableye
|-damage|p1a: Sableye|168\/304
|move|p1a: Sableye|Calm Mind|p1a: Sableye
|-boost|p1a: Sableye|spa|1
|-boost|p1a: Sableye|spd|1
|
|-heal|p2a: Gothitelle|90\/344 brn|[from] item: Leftovers
|-damage|p2a: Gothitelle|47\/344 brn|[from] brn
|turn|48
|
|move|p2a: Gothitelle|Shadow Ball|p1a: Sableye
|-crit|p1a: Sableye
|-damage|p1a: Sableye|67\/304
|move|p1a: Sableye|Recover|p1a: Sableye
|-heal|p1a: Sableye|219\/304
|
|-heal|p2a: Gothitelle|68\/344 brn|[from] item: Leftovers
|-damage|p2a: Gothitelle|25\/344 brn|[from] brn
|turn|49
|
|move|p2a: Gothitelle|Shadow Ball|p1a: Sableye
|-damage|p1a: Sableye|169\/304
|-unboost|p1a: Sableye|spd|1
|move|p1a: Sableye|Recover|p1a: Sableye
|-heal|p1a: Sableye|304\/304
|
|-heal|p2a: Gothitelle|46\/344 brn|[from] item: Leftovers
|-damage|p2a: Gothitelle|3\/344 brn|[from] brn
|turn|50
|-message|fraaa ) forfeited.
|
|win|RS Swept
|raw|Ladder updating...
|leave|fraaa )
|player|p2
|raw|RS Swept's rating: 1892 &rarr; <strong>1900<\/strong><br \/>(+8 for winning)
|raw|fraaa )'s rating: 1636 &rarr; <strong>1628<\/strong><br \/>(-8 for losing)
|leave|tst_100
|leave|RS Swept
|player|p1
|leave|Cienight
|leave|Pokeplays777
|leave|Alldaalts