|join|RS Swept
|join|wts this
|player|p1|RS Swept|169
|player|p2|wts this|20
|gametype|singles
|gen|6
|tier|OU
|rated
|clearpoke
|poke|p1|Gothitelle, M
|poke|p1|Skarmory, F
|poke|p1|Cresselia, F
|poke|p1|Quagsire, M
|poke|p1|Sableye, M
|poke|p1|Chansey, F
|poke|p2|Charizard, M
|poke|p2|Bisharp, M
|poke|p2|Clefable, F, shiny
|poke|p2|Rotom-Wash
|poke|p2|Ferrothorn, F
|poke|p2|Latias, F
|rule|Swagger Clause: Swagger is banned
|rule|Baton Pass Clause: Limit one PokÃ©mon knowing Baton Pass
|rule|Sleep Clause Mod: Limit one foe put to sleep
|rule|Species Clause: Limit one of each PokÃ©mon
|rule|OHKO Clause: OHKO moves are banned
|rule|Moody Clause: Moody is banned
|rule|Evasion Moves Clause: Evasion moves are banned
|rule|Endless Battle Clause: Forcing endless battles is banned
|rule|HP Percentage Mod: HP is shown in percentages
|teampreview
|
|start
|switch|p1a: Chansey|Chansey, F|645\/645
|switch|p2a: Charizard|Charizard, M|315\/315
|turn|1
|
|detailschange|p2a: Charizard|Charizard-Mega-X, M
|-mega|p2a: Charizard|Charizard|Charizardite X
|move|p2a: Charizard|Flare Blitz|p1a: Chansey
|-damage|p1a: Chansey|290\/645
|-status|p1a: Chansey|brn
|-damage|p2a: Charizard|198\/315|[from] recoil|[of] p1a: Chansey
|move|p1a: Chansey|Soft-Boiled|p1a: Chansey
|-heal|p1a: Chansey|613\/645 brn
|
|-damage|p1a: Chansey|533\/645 brn|[from] brn
|turn|2
|
|switch|p1a: Quagsire|Quagsire, M|394\/394
|move|p2a: Charizard|Flare Blitz|p1a: Quagsire
|-resisted|p1a: Quagsire
|-damage|p1a: Quagsire|278\/394
|-status|p1a: Quagsire|brn
|-damage|p2a: Charizard|160\/315|[from] recoil|[of] p1a: Quagsire
|
|-heal|p1a: Quagsire|302\/394 brn|[from] item: Leftovers
|-damage|p1a: Quagsire|253\/394 brn|[from] brn
|turn|3
|join|Aloha
|leave|Aloha
|c|âRS Swept|lol 2\/2
|c|âwts this|lol
|
|switch|p2a: Ferrothorn|Ferrothorn, F|352\/352
|move|p1a: Quagsire|Recover|p1a: Quagsire
|-heal|p1a: Quagsire|394\/394 brn
|
|-damage|p1a: Quagsire|345\/394 brn|[from] brn
|turn|4
|
|switch|p1a: Chansey|Chansey, F|533\/645
|switch|p2a: Bisharp|Bisharp, M|271\/271
|
|turn|5
|
|move|p2a: Bisharp|Knock Off|p1a: Chansey
|-damage|p1a: Chansey|220\/645
|-enditem|p1a: Chansey|Eviolite|[from] move: Knock Off|[of] p2a: Bisharp
|-damage|p2a: Bisharp|244\/271|[from] item: Life Orb
|move|p1a: Chansey|Aromatherapy|p1a: Chansey
|-cureteam|p1a: Chansey|[from] move: Aromatherapy
|
|turn|6
|
|switch|p1a: Skarmory|Skarmory, F|333\/333
|move|p2a: Bisharp|Low Kick|p1a: Skarmory
|-damage|p1a: Skarmory|265\/333
|-damage|p2a: Bisharp|199\/271|[from] item: Rocky Helmet|[of] p1a: Skarmory
|-damage|p2a: Bisharp|172\/271|[from] item: Life Orb
|
|turn|7
|
|switch|p2a: Rotom-Wash|Rotom-Wash|303\/303
|move|p1a: Skarmory|Spikes|p2a: Rotom-Wash
|-sidestart|p2: wts this|Spikes
|
|turn|8
|
|switch|p1a: Cresselia|Cresselia, F|444\/444
|move|p2a: Rotom-Wash|Volt Switch|p1a: Cresselia
|-damage|p1a: Cresselia|378\/444
|
|switch|p2a: Bisharp|Bisharp, M|172\/271
|-damage|p2a: Bisharp|139\/271|[from] Spikes
|
|-heal|p1a: Cresselia|405\/444|[from] item: Leftovers
|turn|9
|
|switch|p1a: Skarmory|Skarmory, F|265\/333
|move|p2a: Bisharp|Knock Off|p1a: Skarmory
|-damage|p1a: Skarmory|151\/333
|-damage|p2a: Bisharp|94\/271|[from] item: Rocky Helmet|[of] p1a: Skarmory
|-enditem|p1a: Skarmory|Rocky Helmet|[from] move: Knock Off|[of] p2a: Bisharp
|-damage|p2a: Bisharp|67\/271|[from] item: Life Orb
|
|turn|10
|
|switch|p2a: Rotom-Wash|Rotom-Wash|303\/303
|move|p1a: Skarmory|Roost|p1a: Skarmory
|-heal|p1a: Skarmory|318\/333
|
|turn|11
|
|switch|p1a: Cresselia|Cresselia, F|405\/444
|move|p2a: Rotom-Wash|Will-O-Wisp|p1a: Cresselia|[miss]
|-miss|p2a: Rotom-Wash|p1a: Cresselia
|
|-heal|p1a: Cresselia|432\/444|[from] item: Leftovers
|turn|12
|
|move|p2a: Rotom-Wash|Volt Switch|p1a: Cresselia
|-damage|p1a: Cresselia|374\/444
|
|switch|p2a: Latias|Latias, F|319\/319
|move|p1a: Cresselia|Psyshock|p2a: Latias
|-crit|p2a: Latias
|-resisted|p2a: Latias
|-damage|p2a: Latias|256\/319
|
|-heal|p1a: Cresselia|401\/444|[from] item: Leftovers
|turn|13
|
|move|p2a: Latias|Defog|p1a: Cresselia
|-unboost|p1a: Cresselia|evasion|1
|-sideend|p2: wts this|Spikes|[from] move: Defog|[of] p2a: Latias
|move|p1a: Cresselia|Thunder Wave|p2a: Latias
|-status|p2a: Latias|par
|
|-heal|p1a: Cresselia|428\/444|[from] item: Leftovers
|turn|14
|
|switch|p1a: Skarmory|Skarmory, F|318\/333
|switch|p2a: Charizard|Charizard-Mega-X, M|160\/315
|
|turn|15
|join|TheUberTherian
|
|switch|p1a: Quagsire|Quagsire, M|345\/394
|move|p2a: Charizard|Roost|p2a: Charizard
|-heal|p2a: Charizard|315\/315
|
|-heal|p1a: Quagsire|369\/394|[from] item: Leftovers
|turn|16
|
|switch|p2a: Ferrothorn|Ferrothorn, F|352\/352
|move|p1a: Quagsire|Toxic|p2a: Ferrothorn
|-fail|p2a: Ferrothorn
|
|-heal|p1a: Quagsire|393\/394|[from] item: Leftovers
|turn|17
|
|switch|p1a: Chansey|Chansey, F|220\/645
|move|p2a: Ferrothorn|Power Whip|p1a: Chansey
|-damage|p1a: Chansey|0 fnt
|faint|p1a: Chansey
|
|
|switch|p1a: Skarmory|Skarmory, F|318\/333
|turn|18
|
|switch|p2a: Clefable|Clefable, F, shiny|393\/393
|move|p1a: Skarmory|Spikes|p2a: Clefable
|-sidestart|p2: wts this|Spikes
|
|turn|19
|
|switch|p1a: Gothitelle|Gothitelle, M|301\/301
|move|p2a: Clefable|Heal Bell|p2a: Clefable
|-cureteam|p2a: Clefable|[from] move: HealBell
|
|turn|20
|
|move|p1a: Gothitelle|Trick|p2a: Clefable
|-activate|p1a: Gothitelle|move: Trick|[of] p2a: Clefable
|-item|p2a: Clefable|Choice Scarf|[from] move: Trick
|-item|p1a: Gothitelle|Leftovers|[from] move: Trick
|move|p2a: Clefable|Moonblast|p1a: Gothitelle
|-damage|p1a: Gothitelle|193\/301
|
|-heal|p1a: Gothitelle|211\/301|[from] item: Leftovers
|turn|21
|
|switch|p1a: Skarmory|Skarmory, F|318\/333
|move|p2a: Clefable|Moonblast|p1a: Skarmory
|-resisted|p1a: Skarmory
|-damage|p1a: Skarmory|240\/333
|
|turn|22
|
|switch|p2a: Latias|Latias, F|256\/319
|switch|p1a: Cresselia|Cresselia, F|428\/444
|
|-heal|p1a: Cresselia|444\/444|[from] item: Leftovers
|turn|23
|
|switch|p2a: Rotom-Wash|Rotom-Wash|303\/303
|move|p1a: Cresselia|Thunder Wave|p2a: Rotom-Wash
|-fail|p2a: Rotom-Wash
|
|turn|24
|
|switch|p1a: Gothitelle|Gothitelle, M|211\/301
|move|p2a: Rotom-Wash|Will-O-Wisp|p1a: Gothitelle
|-status|p1a: Gothitelle|brn
|
|-heal|p1a: Gothitelle|229\/301 brn|[from] item: Leftovers
|-damage|p1a: Gothitelle|192\/301 brn|[from] brn
|turn|25
|
|move|p1a: Gothitelle|Rest|p1a: Gothitelle
|-status|p1a: Gothitelle|slp
|-heal|p1a: Gothitelle|301\/301 slp|[silent]
|-status|p1a: Gothitelle|slp|[from] move: Rest
|move|p2a: Rotom-Wash|Volt Switch|p1a: Gothitelle
|-crit|p1a: Gothitelle
|-damage|p1a: Gothitelle|177\/301 slp
|
|switch|p2a: Latias|Latias, F|256\/319
|
|-heal|p1a: Gothitelle|195\/301 slp|[from] item: Leftovers
|turn|26
|
|switch|p1a: Sableye|Sableye, M|303\/303
|move|p2a: Latias|Defog|p1a: Sableye
|-unboost|p1a: Sableye|evasion|1
|-sideend|p2: wts this|Spikes|[from] move: Defog|[of] p2a: Latias
|
|turn|27
|
|switch|p2a: Charizard|Charizard-Mega-X, M|315\/315
|detailschange|p1a: Sableye|Sableye-Mega, M
|-mega|p1a: Sableye|Sableye|Sablenite
|move|p1a: Sableye|Calm Mind|p1a: Sableye
|-boost|p1a: Sableye|spa|1
|-boost|p1a: Sableye|spd|1
|
|turn|28
|
|switch|p1a: Quagsire|Quagsire, M|393\/394
|move|p2a: Charizard|Flare Blitz|p1a: Quagsire
|-resisted|p1a: Quagsire
|-damage|p1a: Quagsire|285\/394
|-damage|p2a: Charizard|279\/315|[from] recoil|[of] p1a: Quagsire
|
|-heal|p1a: Quagsire|309\/394|[from] item: Leftovers
|turn|29
|
|switch|p2a: Ferrothorn|Ferrothorn, F|352\/352
|move|p1a: Quagsire|Scald|p2a: Ferrothorn
|-resisted|p2a: Ferrothorn
|-damage|p2a: Ferrothorn|328\/352
|
|-heal|p1a: Quagsire|333\/394|[from] item: Leftovers
|-heal|p2a: Ferrothorn|350\/352|[from] item: Leftovers
|turn|30
|
|switch|p1a: Sableye|Sableye-Mega, M|303\/303
|move|p2a: Ferrothorn|Power Whip|p1a: Sableye
|-damage|p1a: Sableye|213\/303
|
|-heal|p2a: Ferrothorn|352\/352|[from] item: Leftovers
|turn|31
|join|IAmgingy
|leave|TheUberTherian
|
|switch|p2a: Clefable|Clefable, F, shiny|393\/393
|move|p1a: Sableye|Recover|p1a: Sableye
|-heal|p1a: Sableye|303\/303
|
|turn|32
|
|switch|p1a: Cresselia|Cresselia, F|444\/444
|move|p2a: Clefable|Wish|p2a: Clefable
|
|turn|33
|
|switch|p2a: Bisharp|Bisharp, M|67\/271
|switch|p1a: Skarmory|Skarmory, F|240\/333
|
|-heal|p2a: Bisharp|263\/271|[from] move: Wish|[wisher] Clefable
|turn|34
|join|TheUberTherian
|c| TheUberTherian|The stall is real
|
|switch|p2a: Rotom-Wash|Rotom-Wash|303\/303
|move|p1a: Skarmory|Spikes|p2a: Rotom-Wash
|-sidestart|p2: wts this|Spikes
|
|turn|35
|
|switch|p1a: Sableye|Sableye-Mega, M|303\/303
|move|p2a: Rotom-Wash|Will-O-Wisp|p1a: Sableye
|move|p1a: Sableye|Will-O-Wisp|p2a: Rotom-Wash|[from]Magic Bounce
|-status|p2a: Rotom-Wash|brn
|
|-damage|p2a: Rotom-Wash|266\/303 brn|[from] brn
|turn|36
|
|move|p2a: Rotom-Wash|Volt Switch|p1a: Sableye
|-damage|p1a: Sableye|237\/303
|
|switch|p2a: Clefable|Clefable, F, shiny|393\/393
|-damage|p2a: Clefable|344\/393|[from] Spikes
|move|p1a: Sableye|Snarl|p2a: Clefable
|-resisted|p2a: Clefable
|-damage|p2a: Clefable|314\/393
|-unboost|p2a: Clefable|spa|1
|
|turn|37
|
|switch|p1a: Gothitelle|Gothitelle, M|195\/301 slp
|move|p2a: Clefable|Moonblast|p1a: Gothitelle
|-damage|p1a: Gothitelle|132\/301 slp
|
|-heal|p1a: Gothitelle|150\/301 slp|[from] item: Leftovers
|turn|38
|
|cant|p1a: Gothitelle|slp
|move|p2a: Clefable|Moonblast|p1a: Gothitelle
|-damage|p1a: Gothitelle|81\/301 slp
|
|-heal|p1a: Gothitelle|99\/301 slp|[from] item: Leftovers
|turn|39
|
|cant|p1a: Gothitelle|slp
|move|p2a: Clefable|Moonblast|p1a: Gothitelle
|-damage|p1a: Gothitelle|39\/301 slp
|
|-heal|p1a: Gothitelle|57\/301 slp|[from] item: Leftovers
|turn|40
|
|-curestatus|p1a: Gothitelle|slp
|move|p1a: Gothitelle|Rest|p1a: Gothitelle
|-status|p1a: Gothitelle|slp
|-heal|p1a: Gothitelle|301\/301 slp|[silent]
|-status|p1a: Gothitelle|slp|[from] move: Rest
|move|p2a: Clefable|Moonblast|p1a: Gothitelle
|-damage|p1a: Gothitelle|240\/301 slp
|-unboost|p1a: Gothitelle|spa|1
|
|-heal|p1a: Gothitelle|258\/301 slp|[from] item: Leftovers
|turn|41
|
|cant|p1a: Gothitelle|slp
|move|p2a: Clefable|Moonblast|p1a: Gothitelle
|-damage|p1a: Gothitelle|188\/301 slp
|
|-heal|p1a: Gothitelle|206\/301 slp|[from] item: Leftovers
|turn|42
|
|cant|p1a: Gothitelle|slp
|move|p2a: Clefable|Moonblast|p1a: Gothitelle
|-damage|p1a: Gothitelle|142\/301 slp
|
|-heal|p1a: Gothitelle|160\/301 slp|[from] item: Leftovers
|turn|43
|
|-curestatus|p1a: Gothitelle|slp
|move|p1a: Gothitelle|Psyshock|p2a: Clefable
|-damage|p2a: Clefable|211\/393
|move|p2a: Clefable|Moonblast|p1a: Gothitelle
|-damage|p1a: Gothitelle|99\/301
|
|-heal|p1a: Gothitelle|117\/301|[from] item: Leftovers
|turn|44
|
|move|p1a: Gothitelle|Psyshock|p2a: Clefable
|-crit|p2a: Clefable
|-damage|p2a: Clefable|75\/393
|move|p2a: Clefable|Moonblast|p1a: Gothitelle
|-damage|p1a: Gothitelle|47\/301
|
|-heal|p1a: Gothitelle|65\/301|[from] item: Leftovers
|turn|45
|
|move|p1a: Gothitelle|Rest|p1a: Gothitelle
|-status|p1a: Gothitelle|slp
|-heal|p1a: Gothitelle|301\/301 slp|[silent]
|-status|p1a: Gothitelle|slp|[from] move: Rest
|move|p2a: Clefable|Moonblast|p1a: Gothitelle
|-damage|p1a: Gothitelle|237\/301 slp
|
|-heal|p1a: Gothitelle|255\/301 slp|[from] item: Leftovers
|turn|46
|
|cant|p1a: Gothitelle|slp
|move|p2a: Clefable|Moonblast|p1a: Gothitelle
|-damage|p1a: Gothitelle|188\/301 slp
|
|-heal|p1a: Gothitelle|206\/301 slp|[from] item: Leftovers
|turn|47
|
|cant|p1a: Gothitelle|slp
|move|p2a: Clefable|Moonblast|p1a: Gothitelle
|-damage|p1a: Gothitelle|136\/301 slp
|
|-heal|p1a: Gothitelle|154\/301 slp|[from] item: Leftovers
|turn|48
|
|-curestatus|p1a: Gothitelle|slp
|move|p1a: Gothitelle|Psyshock|p2a: Clefable
|-damage|p2a: Clefable|0 fnt
|faint|p2a: Clefable
|
|-heal|p1a: Gothitelle|172\/301|[from] item: Leftovers
|
|switch|p2a: Ferrothorn|Ferrothorn, F|352\/352
|-damage|p2a: Ferrothorn|308\/352|[from] Spikes
|turn|49
|
|switch|p1a: Sableye|Sableye-Mega, M|237\/303
|move|p2a: Ferrothorn|Power Whip|p1a: Sableye
|-damage|p1a: Sableye|144\/303
|
|-heal|p2a: Ferrothorn|330\/352|[from] item: Leftovers
|turn|50
|
|switch|p2a: Charizard|Charizard-Mega-X, M|279\/315
|-damage|p2a: Charizard|240\/315|[from] Spikes
|move|p1a: Sableye|Recover|p1a: Sableye
|-heal|p1a: Sableye|296\/303
|
|turn|51
|
|switch|p1a: Quagsire|Quagsire, M|333\/394
|move|p2a: Charizard|Dragon Claw|p1a: Quagsire
|-damage|p1a: Quagsire|182\/394
|
|-heal|p1a: Quagsire|206\/394|[from] item: Leftovers
|turn|52
|
|move|p2a: Charizard|Dragon Claw|p1a: Quagsire
|-damage|p1a: Quagsire|52\/394
|move|p1a: Quagsire|Recover|p1a: Quagsire
|-heal|p1a: Quagsire|249\/394
|
|-heal|p1a: Quagsire|273\/394|[from] item: Leftovers
|turn|53
|leave|IAmgingy
|
|move|p2a: Charizard|Dragon Claw|p1a: Quagsire
|-damage|p1a: Quagsire|111\/394
|move|p1a: Quagsire|Recover|p1a: Quagsire
|-heal|p1a: Quagsire|308\/394
|
|-heal|p1a: Quagsire|332\/394|[from] item: Leftovers
|turn|54
|
|switch|p2a: Bisharp|Bisharp, M|263\/271
|-damage|p2a: Bisharp|230\/271|[from] Spikes
|move|p1a: Quagsire|Toxic|p2a: Bisharp
|-fail|p2a: Bisharp
|
|-heal|p1a: Quagsire|356\/394|[from] item: Leftovers
|turn|55
|
|switch|p2a: Rotom-Wash|Rotom-Wash|266\/303 brn
|switch|p1a: Skarmory|Skarmory, F|240\/333
|
|-heal|p2a: Rotom-Wash|284\/303 brn|[from] item: Leftovers
|-damage|p2a: Rotom-Wash|247\/303 brn|[from] brn
|turn|56
|
|switch|p1a: Cresselia|Cresselia, F|444\/444
|move|p2a: Rotom-Wash|Volt Switch|p1a: Cresselia
|-damage|p1a: Cresselia|377\/444
|
|switch|p2a: Ferrothorn|Ferrothorn, F|330\/352
|-damage|p2a: Ferrothorn|286\/352|[from] Spikes
|
|-heal|p1a: Cresselia|404\/444|[from] item: Leftovers
|-heal|p2a: Ferrothorn|308\/352|[from] item: Leftovers
|turn|57
|
|switch|p1a: Sableye|Sableye-Mega, M|296\/303
|switch|p2a: Charizard|Charizard-Mega-X, M|240\/315
|-damage|p2a: Charizard|201\/315|[from] Spikes
|
|turn|58
|
|switch|p1a: Quagsire|Quagsire, M|356\/394
|move|p2a: Charizard|Dragon Claw|p1a: Quagsire
|-damage|p1a: Quagsire|215\/394
|
|-heal|p1a: Quagsire|239\/394|[from] item: Leftovers
|turn|59
|
|move|p2a: Charizard|Dragon Claw|p1a: Quagsire
|-damage|p1a: Quagsire|88\/394
|move|p1a: Quagsire|Recover|p1a: Quagsire
|-heal|p1a: Quagsire|285\/394
|
|-heal|p1a: Quagsire|309\/394|[from] item: Leftovers
|turn|60
|
|switch|p2a: Bisharp|Bisharp, M|230\/271
|-damage|p2a: Bisharp|197\/271|[from] Spikes
|move|p1a: Quagsire|Scald|p2a: Bisharp
|-damage|p2a: Bisharp|101\/271
|-status|p2a: Bisharp|brn
|
|-heal|p1a: Quagsire|333\/394|[from] item: Leftovers
|-damage|p2a: Bisharp|68\/271 brn|[from] brn
|turn|61
|c|âwts this|ok gg
|c|âwts this|cancel button
|c|âRS Swept|gg
|join|nisell.
|join|PAH5
|
|switch|p1a: Skarmory|Skarmory, F|240\/333
|move|p2a: Bisharp|Knock Off|p1a: Skarmory
|-crit|p1a: Skarmory
|-damage|p1a: Skarmory|180\/333
|-damage|p2a: Bisharp|41\/271 brn|[from] item: Life Orb
|
|-damage|p2a: Bisharp|8\/271 brn|[from] brn
|turn|62
|
|move|p2a: Bisharp|Iron Head|p1a: Skarmory
|-resisted|p1a: Skarmory
|-damage|p1a: Skarmory|155\/333
|-damage|p2a: Bisharp|0 fnt|[from] item: Life Orb
|faint|p2a: Bisharp
|move|p1a: Skarmory|Roost|p1a: Skarmory
|-heal|p1a: Skarmory|322\/333
|
|
|switch|p2a: Rotom-Wash|Rotom-Wash|247\/303 brn
|turn|63
|
|switch|p1a: Cresselia|Cresselia, F|404\/444
|move|p2a: Rotom-Wash|Volt Switch|p1a: Cresselia
|-damage|p1a: Cresselia|337\/444
|
|switch|p2a: Charizard|Charizard-Mega-X, M|201\/315
|-damage|p2a: Charizard|162\/315|[from] Spikes
|
|-heal|p1a: Cresselia|364\/444|[from] item: Leftovers
|turn|64
|join|Ox the Box
|c|âwts this|cancel button sucks
|-message|wts this forfeited.
|leave|wts this
|leave|PAH5
|
|win|RS Swept
|raw|Ladder updating...
|player|p2
|raw|RS Swept's rating: 1772 &rarr; <strong>1778<\/strong><br \/>(+6 for winning)
|raw|wts this's rating: 1457 &rarr; <strong>1451<\/strong><br \/>(-6 for losing)
|leave|RS Swept
|leave|TheUberTherian
|player|p1
|leave|nisell.
|leave|Ox the Box