|join|RS Swept
|join|wish killer
|player|p1|RS Swept|29
|player|p2|wish killer|68
|gametype|singles
|gen|6
|tier|OU
|rated
|clearpoke
|poke|p1|Gothitelle, M
|poke|p1|Skarmory, M
|poke|p1|Cresselia, F
|poke|p1|Quagsire, F
|poke|p1|Sableye, F
|poke|p1|Chansey, F
|poke|p2|Bisharp, M
|poke|p2|Venusaur, M
|poke|p2|Heatran, F
|poke|p2|Keldeo
|poke|p2|Chansey, F
|poke|p2|Skarmory, M
|rule|Swagger Clause: Swagger is banned
|rule|Baton Pass Clause: Limit one PokÃ©mon knowing Baton Pass
|rule|Sleep Clause Mod: Limit one foe put to sleep
|rule|Species Clause: Limit one of each PokÃ©mon
|rule|OHKO Clause: OHKO moves are banned
|rule|Moody Clause: Moody is banned
|rule|Evasion Moves Clause: Evasion moves are banned
|rule|Endless Battle Clause: Forcing endless battles is banned
|rule|HP Percentage Mod: HP is shown in percentages
|teampreview
|join|Prince Rdan
|join|Zenzoh
|c| Zenzoh|**go bloody!**
|c| Prince Rdan|What's that even mean?
|join|WECAMEASROMANS
|join|Gizmo
|c| Prince Rdan|Oh my god.
|
|start
|switch|p1a: Sableye|Sableye, F|303\/303
|switch|p2a: Nice try hacker|Keldeo|323\/323
|turn|1
|join|Draeden
|join|Dragonite VII
|c| Prince Rdan|Romans, I swear to god: you are stalking me.
|join|SeventyFive
|join|LUSTY LEDDIT
|
|switch|p1a: Cresselia|Cresselia, F|444\/444
|move|p2a: Nice try hacker|Scald|p1a: Cresselia
|-damage|p1a: Cresselia|347\/444
|
|-heal|p1a: Cresselia|374\/444|[from] item: Leftovers
|turn|2
|
|move|p2a: Nice try hacker|Scald|p1a: Cresselia
|-damage|p1a: Cresselia|272\/444
|move|p1a: Cresselia|Thunder Wave|p2a: Nice try hacker
|-status|p2a: Nice try hacker|par
|
|-heal|p1a: Cresselia|299\/444|[from] item: Leftovers
|turn|3
|c| LUSTY LEDDIT|bloody vs costa nice
|c| LUSTY LEDDIT|:^)
|
|switch|p1a: Gothitelle|Gothitelle, M|301\/301
|switch|p2a: Nice try hacker|Heatran, F|340\/340
|-item|p2a: Nice try hacker|Air Balloon
|
|turn|4
|join|Arcanine is Regal
|
|switch|p1a: Chansey|Chansey, F|645\/645
|move|p2a: Nice try hacker|Fire Blast|p1a: Chansey|[miss]
|-miss|p2a: Nice try hacker|p1a: Chansey
|
|turn|5
|join|Ox the Box
|c|âwish killer|wish killer vs cleaner
|c| LUSTY LEDDIT|cleaner vs cleaner
|
|move|p2a: Nice try hacker|Stealth Rock|p1a: Chansey
|-sidestart|p1: RS Swept|move: Stealth Rock
|move|p1a: Chansey|Seismic Toss|p2a: Nice try hacker
|-damage|p2a: Nice try hacker|240\/340
|-enditem|p2a: Nice try hacker|Air Balloon
|
|turn|6
|join|daftmau5
|c|âRS Swept|god youre so salty
|c|âRS Swept|I've been beating you with literally everything for the past 2 years, keep crying
|join|Rolling Kick
|
|switch|p2a: Nice try hacker|Skarmory, M|334\/334
|move|p1a: Chansey|Stealth Rock|p2a: Nice try hacker
|-sidestart|p2: wish killer|move: Stealth Rock
|
|turn|7
|c|âwish killer|7 years
|
|switch|p1a: Skarmory|Skarmory, M|333\/333
|-damage|p1a: Skarmory|292\/333|[from] Stealth Rock
|move|p2a: Nice try hacker|Spikes|p1a: Skarmory
|-sidestart|p1: RS Swept|Spikes
|
|turn|8
|join|Jukain
|c| LUSTY LEDDIT|19*
|c|+Jukain|OMG ITS COSTA
|join|c1one
|c|+Jukain|OMG
|c|+Jukain|OMG
|c| SeventyFive|OMG
|
|switch|p2a: Nice try hacker|Heatran, F|240\/340
|-damage|p2a: Nice try hacker|198\/340|[from] Stealth Rock
|move|p1a: Skarmory|Defog|p2a: Nice try hacker
|-unboost|p2a: Nice try hacker|evasion|1
|-sideend|p2: wish killer|Stealth Rock|[from] move: Defog|[of] p2a: Nice try hacker
|-sideend|p1: RS Swept|Spikes|[from] move: Defog|[of] p1a: Skarmory
|-sideend|p1: RS Swept|Stealth Rock|[from] move: Defog|[of] p1a: Skarmory
|
|turn|9
|c|+Jukain|BIG FAN :]]]
|
|switch|p1a: Chansey|Chansey, F|645\/645
|move|p2a: Nice try hacker|Stealth Rock|p1a: Chansey
|-sidestart|p1: RS Swept|move: Stealth Rock
|
|turn|10
|c| Draeden|lmao
|
|switch|p2a: Nice try hacker|Chansey, F|684\/684
|move|p1a: Chansey|Stealth Rock|p2a: Nice try hacker
|-sidestart|p2: wish killer|move: Stealth Rock
|
|turn|11
|c| LUSTY LEDDIT|hey **ZENZOH** i love your youtube :)
|c| Zenzoh|ty!
|
|switch|p1a: Gothitelle|Gothitelle, M|301\/301
|-damage|p1a: Gothitelle|264\/301|[from] Stealth Rock
|switch|p2a: Nice try hacker|Bisharp, M|334\/334
|-damage|p2a: Nice try hacker|314\/334|[from] Stealth Rock
|
|-heal|p2a: Nice try hacker|334\/334|[from] item: Leftovers
|turn|12
|
|switch|p1a: Quagsire|Quagsire, F|394\/394
|-damage|p1a: Quagsire|370\/394|[from] Stealth Rock
|move|p2a: Nice try hacker|Knock Off|p1a: Quagsire
|-damage|p1a: Quagsire|214\/394
|-enditem|p1a: Quagsire|Leftovers|[from] move: Knock Off|[of] p2a: Nice try hacker
|
|turn|13
|
|move|p2a: Nice try hacker|Iron Head|p1a: Quagsire
|-resisted|p1a: Quagsire
|-damage|p1a: Quagsire|148\/394
|move|p1a: Quagsire|Recover|p1a: Quagsire
|-heal|p1a: Quagsire|345\/394
|
|turn|14
|
|switch|p2a: Nice try hacker|Skarmory, M|334\/334
|-damage|p2a: Nice try hacker|293\/334|[from] Stealth Rock
|move|p1a: Quagsire|Scald|p2a: Nice try hacker
|-damage|p2a: Nice try hacker|224\/334
|-status|p2a: Nice try hacker|brn
|
|-damage|p2a: Nice try hacker|183\/334 brn|[from] brn
|turn|15
|
|switch|p1a: Skarmory|Skarmory, M|292\/333
|-damage|p1a: Skarmory|251\/333|[from] Stealth Rock
|move|p2a: Nice try hacker|Whirlwind|p1a: Skarmory
|drag|p1a: Cresselia|Cresselia, F|299\/444
|-damage|p1a: Cresselia|244\/444|[from] Stealth Rock
|
|-heal|p1a: Cresselia|271\/444|[from] item: Leftovers
|-damage|p2a: Nice try hacker|142\/334 brn|[from] brn
|turn|16
|leave|Dragonite VII
|join|Apathos
|
|switch|p1a: Skarmory|Skarmory, M|251\/333
|-damage|p1a: Skarmory|210\/333|[from] Stealth Rock
|switch|p2a: Nice try hacker|Bisharp, M|334\/334
|-damage|p2a: Nice try hacker|314\/334|[from] Stealth Rock
|
|-heal|p2a: Nice try hacker|334\/334|[from] item: Leftovers
|turn|17
|join|semenspire
|
|move|p1a: Skarmory|Roost|p1a: Skarmory
|-heal|p1a: Skarmory|333\/333
|move|p2a: Nice try hacker|Swords Dance|p2a: Nice try hacker
|-boost|p2a: Nice try hacker|atk|2
|
|turn|18
|
|switch|p1a: Quagsire|Quagsire, F|345\/394
|-damage|p1a: Quagsire|321\/394|[from] Stealth Rock
|move|p2a: Nice try hacker|Iron Head|p1a: Quagsire
|-resisted|p1a: Quagsire
|-damage|p1a: Quagsire|256\/394
|
|turn|19
|
|switch|p2a: Nice try hacker|Chansey, F|684\/684
|-damage|p2a: Nice try hacker|599\/684|[from] Stealth Rock
|move|p1a: Quagsire|Recover|p1a: Quagsire
|-heal|p1a: Quagsire|394\/394
|
|turn|20
|
|switch|p2a: Nice try hacker|Skarmory, M|142\/334 brn
|-damage|p2a: Nice try hacker|101\/334 brn|[from] Stealth Rock
|switch|p1a: Gothitelle|Gothitelle, M|264\/301
|-damage|p1a: Gothitelle|227\/301|[from] Stealth Rock
|
|-damage|p2a: Nice try hacker|60\/334 brn|[from] brn
|turn|21
|c| LUSTY LEDDIT|:{
|
|switch|p1a: Skarmory|Skarmory, M|333\/333
|-damage|p1a: Skarmory|292\/333|[from] Stealth Rock
|move|p2a: Nice try hacker|Roost|p2a: Nice try hacker
|-heal|p2a: Nice try hacker|227\/334 brn
|
|-damage|p2a: Nice try hacker|186\/334 brn|[from] brn
|turn|22
|c| LUSTY LEDDIT|:}
|
|switch|p2a: Nice try hacker|Heatran, F|198\/340
|-damage|p2a: Nice try hacker|156\/340|[from] Stealth Rock
|move|p1a: Skarmory|Spikes|p2a: Nice try hacker
|-sidestart|p2: wish killer|Spikes
|
|turn|23
|join|Imagine Dwagons
|
|switch|p1a: Chansey|Chansey, F|645\/645
|-damage|p1a: Chansey|565\/645|[from] Stealth Rock
|move|p2a: Nice try hacker|Fire Blast|p1a: Chansey
|-damage|p1a: Chansey|472\/645
|
|turn|24
|
|switch|p2a: Nice try hacker|Chansey, F|599\/684
|-damage|p2a: Nice try hacker|514\/684|[from] Stealth Rock
|-damage|p2a: Nice try hacker|429\/684|[from] Spikes
|move|p1a: Chansey|Seismic Toss|p2a: Nice try hacker
|-damage|p2a: Nice try hacker|329\/684
|
|turn|25
|join|hashtag fabulous
|
|switch|p1a: Gothitelle|Gothitelle, M|227\/301
|-damage|p1a: Gothitelle|190\/301|[from] Stealth Rock
|move|p2a: Nice try hacker|Seismic Toss|p1a: Gothitelle
|-damage|p1a: Gothitelle|90\/301
|
|turn|26
|c| Ox the Box|gooo costa
|join|Kiyo
|leave|Imagine Dwagons
|c| LUSTY LEDDIT|bop?
|
|move|p1a: Gothitelle|Trick|p2a: Nice try hacker
|-activate|p1a: Gothitelle|move: Trick|[of] p2a: Nice try hacker
|-item|p2a: Nice try hacker|Choice Scarf|[from] move: Trick
|-item|p1a: Gothitelle|Eviolite|[from] move: Trick
|move|p2a: Nice try hacker|Seismic Toss|p1a: Gothitelle
|-damage|p1a: Gothitelle|0 fnt
|faint|p1a: Gothitelle
|
|
|switch|p1a: Cresselia|Cresselia, F|271\/444
|-damage|p1a: Cresselia|216\/444|[from] Stealth Rock
|turn|27
|
|switch|p2a: Nice try hacker|Skarmory, M|186\/334 brn
|-damage|p2a: Nice try hacker|145\/334 brn|[from] Stealth Rock
|move|p1a: Cresselia|Moonlight|p1a: Cresselia
|-heal|p1a: Cresselia|438\/444
|
|-heal|p1a: Cresselia|444\/444|[from] item: Leftovers
|-damage|p2a: Nice try hacker|104\/334 brn|[from] brn
|turn|28
|leave|WECAMEASROMANS
|
|switch|p1a: Sableye|Sableye, F|303\/303
|-damage|p1a: Sableye|266\/303|[from] Stealth Rock
|move|p2a: Nice try hacker|Spikes|p1a: Sableye
|-sidestart|p1: RS Swept|Spikes
|
|-damage|p2a: Nice try hacker|63\/334 brn|[from] brn
|turn|29
|
|switch|p2a: Nice try hacker|Keldeo|323\/323 par
|-damage|p2a: Nice try hacker|283\/323 par|[from] Spikes
|-damage|p2a: Nice try hacker|263\/323 par|[from] Stealth Rock
|detailschange|p1a: Sableye|Sableye-Mega, F
|-mega|p1a: Sableye|Sableye|Sablenite
|move|p1a: Sableye|Calm Mind|p1a: Sableye
|-boost|p1a: Sableye|spa|1
|-boost|p1a: Sableye|spd|1
|
|-heal|p2a: Nice try hacker|283\/323 par|[from] item: Leftovers
|turn|30
|
|move|p2a: Nice try hacker|Scald|p1a: Sableye
|-damage|p1a: Sableye|196\/303
|move|p1a: Sableye|Snarl|p2a: Nice try hacker
|-resisted|p2a: Nice try hacker
|-damage|p2a: Nice try hacker|239\/323 par
|-boost|p2a: Nice try hacker|atk|1|[from] ability: Justified
|-unboost|p2a: Nice try hacker|spa|1
|
|-heal|p2a: Nice try hacker|259\/323 par|[from] item: Leftovers
|turn|31
|
|cant|p2a: Nice try hacker|par
|move|p1a: Sableye|Recover|p1a: Sableye
|-heal|p1a: Sableye|303\/303
|
|-heal|p2a: Nice try hacker|279\/323 par|[from] item: Leftovers
|turn|32
|
|switch|p1a: Cresselia|Cresselia, F|444\/444
|-damage|p1a: Cresselia|389\/444|[from] Stealth Rock
|move|p2a: Nice try hacker|Scald|p1a: Cresselia
|-damage|p1a: Cresselia|319\/444
|
|-heal|p1a: Cresselia|346\/444|[from] item: Leftovers
|-heal|p2a: Nice try hacker|299\/323 par|[from] item: Leftovers
|turn|33
|
|switch|p2a: Nice try hacker|Chansey, F|329\/684
|-damage|p2a: Nice try hacker|244\/684|[from] Spikes
|-damage|p2a: Nice try hacker|159\/684|[from] Stealth Rock
|move|p1a: Cresselia|Psyshock|p2a: Nice try hacker
|-crit|p2a: Nice try hacker
|-damage|p2a: Nice try hacker|0 fnt
|faint|p2a: Nice try hacker
|
|-heal|p1a: Cresselia|373\/444|[from] item: Leftovers
|c| Zenzoh|where the fuck is the burn?
|
|switch|p2a: Nice try hacker|Bisharp, M|334\/334
|-damage|p2a: Nice try hacker|314\/334|[from] Stealth Rock
|-damage|p2a: Nice try hacker|273\/334|[from] Spikes
|turn|34
|join|LadderSoTall
|
|switch|p1a: Skarmory|Skarmory, M|292\/333
|-damage|p1a: Skarmory|251\/333|[from] Stealth Rock
|move|p2a: Nice try hacker|Knock Off|p1a: Skarmory
|-damage|p1a: Skarmory|154\/333
|-damage|p2a: Nice try hacker|218\/334|[from] item: Rocky Helmet|[of] p1a: Skarmory
|-enditem|p1a: Skarmory|Rocky Helmet|[from] move: Knock Off|[of] p2a: Nice try hacker
|
|-heal|p2a: Nice try hacker|238\/334|[from] item: Leftovers
|turn|35
|c| Gizmo|hp fight
|join|jhkgkjgh
|join|LordKuvira
|join|Zax0
|join|Gutsufadsa
|join|bforrester16
|join|Suicuneisnotdoge
|leave|Gutsufadsa
|join|I'm Virus (~'o')~
|join|Chivalry Lives
|join|MikeDawg
|join|Mr. Boy
|leave|jhkgkjgh
|join|5th
|join|jhkgkjgh
|join|Sir Slaking
|join|Better Call Staul
|c| Gizmo|lag oml
|
|move|p1a: Skarmory|Roost|p1a: Skarmory
|-heal|p1a: Skarmory|321\/333
|move|p2a: Nice try hacker|Swords Dance|p2a: Nice try hacker
|-boost|p2a: Nice try hacker|atk|2
|
|-heal|p2a: Nice try hacker|258\/334|[from] item: Leftovers
|turn|36
|c| LadderSoTall|lel
|c| LUSTY LEDDIT|hi mikedawg :^)
|join|Nog
|c| MikeDawg|hi!
|c| LUSTY LEDDIT|good alt y\/y
|c| MikeDawg|i was search 4 u
|c| MikeDawg|y
|leave|Chivalry Lives
|
|switch|p1a: Quagsire|Quagsire, F|394\/394
|-damage|p1a: Quagsire|370\/394|[from] Stealth Rock
|-damage|p1a: Quagsire|321\/394|[from] Spikes
|switch|p2a: Nice try hacker|Heatran, F|156\/340
|-damage|p2a: Nice try hacker|114\/340|[from] Stealth Rock
|-damage|p2a: Nice try hacker|72\/340|[from] Spikes
|
|turn|37
|join|AbyAce2513
|join|TheChancelor
|c|+Jukain|MikeDawg "This is completely anecdotal evidence, but I have personally never had an issue with Metagross, and I have never considered it in teambuilding."
|join|rolling da dice
|join|Gym LeaderTNC
|join|sand1234
|join|Alldaalts
|join|Biz
|c|+Jukain|"Even sylveon poses a greater threat in the teambuilder due to how easy it is to be weak to strong fairy attacks."
|join|dude09666
|join|Flan76
|join|Demandred
|c|+Jukain|the lord sylveon
|c|+Jukain|ahaha
|c| MikeDawg|every team i ever make
|c| MikeDawg|is weak to sylveon
|leave|LUSTY LEDDIT
|c| Gym LeaderTNC|Team wish
|c| MikeDawg|6-0 weak
|c| Gym LeaderTNC|imo
|c| MikeDawg|:(
|leave|Biz
|c| c1one|u have issues
|leave|Demandred
|leave|Flan76
|c| c1one|lol
|
|move|p2a: Nice try hacker|Toxic|p1a: Quagsire
|-status|p1a: Quagsire|tox
|move|p1a: Quagsire|Recover|p1a: Quagsire
|-heal|p1a: Quagsire|394\/394 tox
|
|-damage|p1a: Quagsire|370\/394 tox|[from] psn
|turn|38
|
|move|p2a: Nice try hacker|Fire Blast|p1a: Quagsire
|-crit|p1a: Quagsire
|-resisted|p1a: Quagsire
|-damage|p1a: Quagsire|194\/394 tox
|move|p1a: Quagsire|Scald|p2a: Nice try hacker
|-supereffective|p2a: Nice try hacker
|-damage|p2a: Nice try hacker|0 fnt
|faint|p2a: Nice try hacker
|
|-damage|p1a: Quagsire|146\/394 tox|[from] psn
|join|semenspire
|leave|sand1234
|
|switch|p2a: Nice try hacker|Bisharp, M|258\/334
|-damage|p2a: Nice try hacker|217\/334|[from] Spikes
|-damage|p2a: Nice try hacker|197\/334|[from] Stealth Rock
|turn|39
|c| bforrester16|if enough people actually ran specs sylveon i would prob be 6-0'd
|c| bforrester16|often
|c|+Jukain|c1one
|c|+Jukain|was the last thing in your post
|join|misc all day
|c|+Jukain|filler
|c|+Jukain|i'm confused
|
|move|p2a: Nice try hacker|Iron Head|p1a: Quagsire
|-resisted|p1a: Quagsire
|-damage|p1a: Quagsire|88\/394 tox
|move|p1a: Quagsire|Scald|p2a: Nice try hacker
|-damage|p2a: Nice try hacker|107\/334
|
|-heal|p2a: Nice try hacker|127\/334|[from] item: Leftovers
|-damage|p1a: Quagsire|16\/394 tox|[from] psn
|turn|40
|c|+Jukain|nobody said that
|c| c1one|the fairy thing?
|c|+Jukain|yes
|
|move|p2a: Nice try hacker|Knock Off|p1a: Quagsire
|-damage|p1a: Quagsire|0 fnt
|faint|p1a: Quagsire
|
|-heal|p2a: Nice try hacker|147\/334|[from] item: Leftovers
|c|+Jukain|like that doesnt make
|c|+Jukain|any sense
|c|+Jukain|lol
|leave|AbyAce2513
|c| c1one|i saw it in the ou room
|join|Yuttt.annual
|c| MikeDawg|someone def said that
|c| MikeDawg|multiple people
|c| MikeDawg|lol
|c| c1one|and it bothered me way too much
|c| bforrester16|bring in the check
|c|+Jukain|whoever said that is full of shit and completely unknowledgeable
|
|switch|p1a: Sableye|Sableye-Mega, F|303\/303
|-damage|p1a: Sableye|266\/303|[from] Stealth Rock
|-damage|p1a: Sableye|229\/303|[from] Spikes
|turn|41
|c| c1one|yeah ik
|c|+Jukain|wasting your time on that
|c|+Jukain|oo
|
|switch|p2a: Nice try hacker|Keldeo|299\/323 par
|-damage|p2a: Nice try hacker|259\/323 par|[from] Spikes
|-damage|p2a: Nice try hacker|239\/323 par|[from] Stealth Rock
|move|p1a: Sableye|Recover|p1a: Sableye
|-heal|p1a: Sableye|303\/303
|
|-heal|p2a: Nice try hacker|259\/323 par|[from] item: Leftovers
|turn|42
|c| MikeDawg|how can we sweep teams with specs sylveon
|join|SSB is better
|c|+Jukain|im also intrigued
|c| MikeDawg|when metagross is here
|c|+Jukain|as to how you check mega metagross with heatran
|c|+Jukain|i'm legitimately intrigued
|
|switch|p1a: Cresselia|Cresselia, F|373\/444
|-damage|p1a: Cresselia|318\/444|[from] Stealth Rock
|cant|p2a: Nice try hacker|par
|
|-heal|p1a: Cresselia|345\/444|[from] item: Leftovers
|-heal|p2a: Nice try hacker|279\/323 par|[from] item: Leftovers
|turn|43
|c| LadderSoTall|it has eq
|c| Yuttt.annual|scarf overheat heatran
|c| Yuttt.annual|checks
|c|+Jukain|unless it's the scarf set
|c| LadderSoTall|or hammer arm
|
|move|p1a: Cresselia|Psyshock|p2a: Nice try hacker
|-supereffective|p2a: Nice try hacker
|-damage|p2a: Nice try hacker|123\/323 par
|move|p2a: Nice try hacker|Scald|p1a: Cresselia
|-damage|p1a: Cresselia|243\/444
|
|-heal|p1a: Cresselia|270\/444|[from] item: Leftovers
|-heal|p2a: Nice try hacker|143\/323 par|[from] item: Leftovers
|turn|44
|c| Yuttt.annual|inb4 scarf eq metagross
|join|AbyAce2513
|c| SSB is better|lel
|
|move|p1a: Cresselia|Psyshock|p2a: Nice try hacker
|-supereffective|p2a: Nice try hacker
|-damage|p2a: Nice try hacker|0 fnt
|faint|p2a: Nice try hacker
|
|-heal|p1a: Cresselia|297\/444|[from] item: Leftovers
|c| Zenzoh|still no fucking burn
|c| MikeDawg|bpass iron defense speed to heatran
|
|switch|p2a: Nice try hacker|Bisharp, M|147\/334
|-damage|p2a: Nice try hacker|127\/334|[from] Stealth Rock
|-damage|p2a: Nice try hacker|86\/334|[from] Spikes
|turn|45
|leave|AbyAce2513
|c| c1one|^
|c| c1one|i may have made a mistake or two in the post
|
|switch|p1a: Skarmory|Skarmory, M|321\/333
|-damage|p1a: Skarmory|280\/333|[from] Stealth Rock
|move|p2a: Nice try hacker|Knock Off|p1a: Skarmory
|-damage|p1a: Skarmory|208\/333
|
|-heal|p2a: Nice try hacker|106\/334|[from] item: Leftovers
|turn|46
|c| c1one|but i still stand by it
|c| LadderSoTall|even more how does either team beat baton pass teams lol
|
|move|p1a: Skarmory|Brave Bird|p2a: Nice try hacker
|-resisted|p2a: Nice try hacker
|-damage|p2a: Nice try hacker|50\/334
|-damage|p1a: Skarmory|190\/333|[from] recoil|[of] p2a: Nice try hacker
|move|p2a: Nice try hacker|Swords Dance|p2a: Nice try hacker
|-boost|p2a: Nice try hacker|atk|2
|
|-heal|p2a: Nice try hacker|70\/334|[from] item: Leftovers
|turn|47
|c|+Jukain|um yeah
|c|+Jukain|Physically defensive Mew, Mandibuzz, Gliscor, Landorus-T, Slowbro, Mega Sableye, Quagsire, Heatran, Hippowdon, and Ferrothorn
|c|+Jukain|half of these lose
|c|+Jukain|to the hammer arm grass knot set
|
|move|p1a: Skarmory|Roost|p1a: Skarmory
|-heal|p1a: Skarmory|333\/333
|move|p2a: Nice try hacker|Swords Dance|p2a: Nice try hacker
|-boost|p2a: Nice try hacker|atk|2
|
|-heal|p2a: Nice try hacker|90\/334|[from] item: Leftovers
|turn|48
|c| MikeDawg|^
|c|+Jukain|mandibuzz loses
|c|+Jukain|with rocks up
|
|move|p1a: Skarmory|Brave Bird|p2a: Nice try hacker
|-resisted|p2a: Nice try hacker
|-damage|p2a: Nice try hacker|30\/334
|-damage|p1a: Skarmory|313\/333|[from] recoil|[of] p2a: Nice try hacker
|move|p2a: Nice try hacker|Knock Off|p1a: Skarmory
|-damage|p1a: Skarmory|85\/333
|
|-heal|p2a: Nice try hacker|50\/334|[from] item: Leftovers
|turn|49
|c|+Jukain|landorus-t can't switch in initally
|leave|semenspire
|c| Zenzoh|gg
|c| Rolling Kick|jukain which thread was that metagross discussion from
|c|+Jukain|and u have two of these mons that lose long-term
|c| c1one|not all run that tho
|c| Rolling Kick|that you posted earlier
|c| c1one|which is why i said they were checks
|c| c1one|and
|
|move|p2a: Nice try hacker|Sucker Punch|p1a: Skarmory
|-fail|p1a: Skarmory
|move|p1a: Skarmory|Roost|p1a: Skarmory
|-heal|p1a: Skarmory|252\/333
|
|-heal|p2a: Nice try hacker|70\/334|[from] item: Leftovers
|turn|50
|c| MikeDawg|metagame discussion
|c| LadderSoTall|plays
|c| MikeDawg|rolling kick
|leave|Suicuneisnotdoge
|c| Rolling Kick|k
|c|+Jukain|given
|c| Rolling Kick|thx
|c|+Jukain|!data meteor mash
|c|~|\/data-move Meteor Mash

|
|move|p1a: Skarmory|Brave Bird|p2a: Nice try hacker
|-resisted|p2a: Nice try hacker
|-damage|p2a: Nice try hacker|9\/334
|-damage|p1a: Skarmory|232\/333|[from] recoil|[of] p2a: Nice try hacker
|move|p2a: Nice try hacker|Knock Off|p1a: Skarmory
|-damage|p1a: Skarmory|33\/333
|
|-heal|p2a: Nice try hacker|29\/334|[from] item: Leftovers
|turn|51
|c| SSB is better|this nigga doesn't run whirlwind??
|c| LadderSoTall|wow
|c| MikeDawg|If metagross had
|c| LadderSoTall|lol
|c| LadderSoTall|or counter
|c| MikeDawg|typical bp moves
|c| MikeDawg|outrage, hpump, fblast, etc.
|c| Zenzoh|i think its time for some speed investment
|c|+Jukain|mega sableye
|c|+Jukain|is not a counter
|c| MikeDawg|then it would be better
|c| LadderSoTall|50 50
|
|move|p2a: Nice try hacker|Sucker Punch|p1a: Skarmory
|-fail|p1a: Skarmory
|move|p1a: Skarmory|Roost|p1a: Skarmory
|-heal|p1a: Skarmory|200\/333
|
|-heal|p2a: Nice try hacker|49\/334|[from] item: Leftovers
|turn|52
|c| SSB is better|both players are scrubs imo
|join|Biz
|c|+Jukain|im not really sure where that came from
|c| MikeDawg|perhaps broken
|c| LadderSoTall|plays
|join|oml it's too ez
|c| SSB is better|1 team noobs
|c|+Jukain|it already has a chance to be 2hkoed by meteor mash though small
|c| c1one|sab checks
|
|move|p2a: Nice try hacker|Sucker Punch|p1a: Skarmory
|-fail|p1a: Skarmory
|move|p1a: Skarmory|Roost|p1a: Skarmory
|-heal|p1a: Skarmory|333\/333
|
|-heal|p2a: Nice try hacker|69\/334|[from] item: Leftovers
|turn|53
|c|âRS Swept|I'm a 1 team noob?
|c|+Jukain|PLUS the chance for an attack raise
|c| LadderSoTall|lel
|c| bforrester16|so real
|c|+Jukain|yea it
|c|âRS Swept|Wtf I've been on top of ladder with literally 75+ teams
|c|+Jukain|revenge kills
|c|+Jukain|it can't even switch in
|
|move|p1a: Skarmory|Brave Bird|p2a: Nice try hacker
|-resisted|p2a: Nice try hacker
|-damage|p2a: Nice try hacker|10\/334
|-damage|p1a: Skarmory|314\/333|[from] recoil|[of] p2a: Nice try hacker
|move|p2a: Nice try hacker|Knock Off|p1a: Skarmory
|-damage|p1a: Skarmory|94\/333
|
|-heal|p2a: Nice try hacker|30\/334|[from] item: Leftovers
|turn|54
|c| c1one|i dont think i said that in my post
|c| c1one|tho i did say that in the analysis (which i still need to fix)
|c|+Nog|BB HERE
|c|+Nog|!
|
|move|p2a: Nice try hacker|Sucker Punch|p1a: Skarmory
|-damage|p1a: Skarmory|0 fnt
|faint|p1a: Skarmory
|
|-heal|p2a: Nice try hacker|50\/334|[from] item: Leftovers
|c|+Nog|yus
|c| Zenzoh|kek
|c| Zax0|RS swept has sooo many teams dude
|c|+Jukain|your counter list
|c| Arcanine is Regal|nog is rusty
|
|switch|p1a: Cresselia|Cresselia, F|297\/444
|-damage|p1a: Cresselia|242\/444|[from] Stealth Rock
|turn|55
|c| c1one|nog is alive?
|c| c1one|wut
|
|move|p1a: Cresselia|Thunder Wave|p2a: Nice try hacker
|-status|p2a: Nice try hacker|par
|move|p2a: Nice try hacker|Knock Off|p1a: Cresselia
|-supereffective|p1a: Cresselia
|-damage|p1a: Cresselia|0 fnt
|-enditem|p1a: Cresselia|Leftovers|[from] move: Knock Off|[of] p2a: Nice try hacker
|faint|p1a: Cresselia
|
|-heal|p2a: Nice try hacker|70\/334 par|[from] item: Leftovers
|c|+Jukain|is completely invalid
|c|+Nog|first day back in like
|c|+Nog|3 months
|c|+Nog|xD
|c| Zax0|and not to chirp but wish killer, is that actually the only team you use?
|
|switch|p1a: Chansey|Chansey, F|472\/645
|-damage|p1a: Chansey|392\/645|[from] Spikes
|-damage|p1a: Chansey|312\/645|[from] Stealth Rock
|turn|56
|c| MikeDawg|fast :o
|
|move|p2a: Nice try hacker|Sucker Punch|p1a: Chansey
|-fail|p1a: Chansey
|move|p1a: Chansey|Soft-Boiled|p1a: Chansey
|-heal|p1a: Chansey|635\/645
|
|-heal|p2a: Nice try hacker|90\/334 par|[from] item: Leftovers
|turn|57
|c|+Nog|>sucker punch
|
|move|p2a: Nice try hacker|Sucker Punch|p1a: Chansey
|-damage|p1a: Chansey|10\/645
|move|p1a: Chansey|Seismic Toss|p2a: Nice try hacker
|-damage|p2a: Nice try hacker|0 fnt
|faint|p2a: Nice try hacker
|
|c| LadderSoTall|wow
|c| bforrester16|it lived
|c|+Jukain|rip
|c| bforrester16|what a lord
|c| Zenzoh|..
|
|switch|p2a: Nice try hacker|Skarmory, M|63\/334 brn
|-damage|p2a: Nice try hacker|22\/334 brn|[from] Stealth Rock
|turn|58
|c| bforrester16|f chansey man lol
|
|move|p2a: Nice try hacker|Brave Bird|p1a: Chansey
|-damage|p1a: Chansey|0 fnt
|-damage|p2a: Nice try hacker|19\/334 brn|[from] recoil|[of] p1a: Chansey
|faint|p1a: Chansey
|
|-damage|p2a: Nice try hacker|0 fnt|[from] brn
|faint|p2a: Nice try hacker
|c| bforrester16|seriously
|
|switch|p2a: Nice try hacker|Venusaur, M|364\/364
|switch|p1a: Sableye|Sableye-Mega, F|303\/303
|-damage|p2a: Nice try hacker|319\/364|[from] Stealth Rock
|-damage|p2a: Nice try hacker|274\/364|[from] Spikes
|-damage|p1a: Sableye|266\/303|[from] Stealth Rock
|-damage|p1a: Sableye|229\/303|[from] Spikes
|turn|59
|c| Arcanine is Regal|mega v mega
|c| LadderSoTall|pls have CM
|leave|SeventyFive
|c| jhkgkjgh|:0
|c| LadderSoTall|pls have CM
|c|+Jukain|Scarf lando-t has a wonderful time with Metagross
|c|+Jukain|mikedawg
|c|+Jukain|you do realize
|c|+Jukain|that it takes a lot from meteor mash
|c|+Jukain|and doesn't ohko with eq
|c|+Jukain|right?
|c| daftmau5|clear body mash + bp
|c| daftmau5|kos
|
|detailschange|p2a: Nice try hacker|Venusaur-Mega, M
|-mega|p2a: Nice try hacker|Venusaur|Venusaurite
|move|p2a: Nice try hacker|Giga Drain|p1a: Sableye
|-damage|p1a: Sableye|156\/303
|-heal|p2a: Nice try hacker|311\/364|[from] drain|[of] p1a: Sableye
|move|p1a: Sableye|Recover|p1a: Sableye
|-heal|p1a: Sableye|303\/303
|
|turn|60
|c| daftmau5|lol
|c| Yuttt.annual|meteor mash + bullet punch KOs scarf landT
|c| Yuttt.annual|with clear body
|c| Yuttt.annual|iirc
|-message|wish killer forfeited.
|
|win|RS Swept
|raw|Ladder updating...
|leave|wish killer
|c| MikeDawg|252 Atk Landorus-T Earthquake vs. 0 HP \/ 0- Def Mega Metagross: 278-330 (92.3 - 109.6%) -- 56.3% chance to OHKO
|player|p2
|c| daftmau5|slow yutt
|raw|RS Swept's rating: 1794 &rarr; <strong>1813<\/strong><br \/>(+19 for winning)
|raw|wish killer's rating: 1776 &rarr; <strong>1757<\/strong><br \/>(-19 for losing)
|leave|Zenzoh
|c| Yuttt.annual|>- def
|c| LadderSoTall|lel
|c|+Jukain|nice -def
|c|âRS Swept|wish killer fucking sucks
|c| daftmau5|nub
|c|âRS Swept|discuss
|c| MikeDawg|doesnt even matter
|leave|Biz
|c| Zax0|does he only use that team?
|c| MikeDawg|metagross wins if fun prediction
|leave|dude09666
|c|+Jukain|>if fun prediction
|c|+Jukain|what the fuck?
|c| MikeDawg|and ideal conditions
|join|Biz
|leave|Biz
|leave|RS Swept
|c| Yuttt.annual|just meteor mash ._.
|player|p1