|join|indi
|join|Scizeon
|player|p1|indi|163
|player|p2|Scizeon|266
|gametype|singles
|tier|Pokebank OU (beta)
|rated
|clearpoke
|poke|p1|Talonflame, F
|poke|p1|Lucario, M
|poke|p1|Bisharp, F
|poke|p1|Azumarill, F
|poke|p1|Deoxys-Defense
|poke|p1|Ditto
|poke|p2|Landorus-Therian, M
|poke|p2|Slowbro, F
|poke|p2|Nidoking, M
|poke|p2|Genesect
|poke|p2|Azumarill, M
|poke|p2|Mawile, M
|rule|Sleep Clause Mod: Limit one foe put to sleep
|rule|Species Clause: Limit one of each Pokemon
|rule|Moody Clause: Moody is banned
|rule|OHKO Clause: OHKO moves are banned
|rule|Evasion Moves Clause: Evasion moves are banned
|rule|HP Percentage Mod: HP is reported as percentages
|teampreview
|callback|decision
|
|start
|switch|p1a: Deoxys-Defense|Deoxys-Defense|304\/304
|switch|p2a: Slowbro|Slowbro, F|394\/394
|-ability|p1a: Deoxys-Defense|Pressure
|turn|1
|callback|decision
|
|move|p1a: Deoxys-Defense|Taunt|p2a: Slowbro
|-start|p2a: Slowbro|move: Taunt
|move|p2a: Slowbro|Scald|p1a: Deoxys-Defense
|-damage|p1a: Deoxys-Defense|175\/304
|-enditem|p1a: Deoxys-Defense|Red Card|[of] p2a: Slowbro
|drag|p2a: Mawile|Mawile, M|304\/304
|-ability|p2a: Mawile|Intimidate|[of] p1a: Deoxys-Defense
|-unboost|p1a: Deoxys-Defense|atk|1
|
|turn|2
|callback|decision
|
|-formechange|p2a: Mawile|Mawile-Mega
|message|Mawile has Mega Evolved into Mega Mawile!
|move|p1a: Deoxys-Defense|Thunder Wave|p2a: Mawile
|-status|p2a: Mawile|par
|move|p2a: Mawile|Play Rough|p1a: Deoxys-Defense
|-damage|p1a: Deoxys-Defense|0 fnt
|faint|p1a: Deoxys-Defense
|
|callback|decision
|
|switch|p1a: Ditto|Ditto|299\/299
|-transform|p1a: Ditto|p2a: Mawile
|turn|3
|callback|decision
|
|move|p1a: Ditto|Iron Head|p2a: Mawile
|-damage|p2a: Mawile|88\/304 par
|cant|p2a: Mawile|par
|
|turn|4
|callback|decision
|
|switch|p2a: Slowbro|Slowbro, F|394\/394
|move|p1a: Ditto|Iron Head|p2a: Slowbro
|-resisted|p2a: Slowbro
|-damage|p2a: Slowbro|271\/394
|
|turn|5
|callback|decision
|
|move|p1a: Ditto|Iron Head|p2a: Slowbro
|-resisted|p2a: Slowbro
|-damage|p2a: Slowbro|151\/394
|cant|p2a: Slowbro|flinch
|
|turn|6
|callback|decision
|
|move|p1a: Ditto|Iron Head|p2a: Slowbro
|-resisted|p2a: Slowbro
|-damage|p2a: Slowbro|17\/394
|move|p2a: Slowbro|Scald|p1a: Ditto
|-damage|p1a: Ditto|83\/299
|-status|p1a: Ditto|brn
|
|-damage|p1a: Ditto|46\/299 brn|[from] brn
|turn|7
|callback|decision
|
|switch|p2a: Landorus-Therian|Landorus-Therian, M|320\/320
|-ability|p2a: Landorus-Therian|Intimidate|[of] p1a: Ditto
|-unboost|p1a: Ditto|atk|1
|move|p1a: Ditto|Iron Head|p2a: Landorus-Therian
|-crit|p2a: Landorus-Therian
|-damage|p2a: Landorus-Therian|112\/320
|
|-damage|p1a: Ditto|9\/299 brn|[from] brn
|turn|8
|callback|decision
|
|move|p2a: Landorus-Therian|Stealth Rock|p1a: Ditto
|-sidestart|p1: indi|move: Stealth Rock
|-activate|p1a: Ditto|move: Struggle
|move|p1a: Ditto|Struggle|p2a: Landorus-Therian
|-damage|p2a: Landorus-Therian|71\/320
|-damage|p1a: Ditto|0 fnt
|faint|p1a: Ditto
|
|callback|decision
|
|switch|p1a: Azumarill|Azumarill, F|342\/342
|-damage|p1a: Azumarill|300\/342|[from] Stealth Rock
|turn|9
|callback|decision
|
|switch|p2a: Mawile|Mawile, M|88\/304 par
|-formechange|p2a: Mawile|Mawile-Mega
|move|p1a: Azumarill|Belly Drum|p1a: Azumarill
|-damage|p1a: Azumarill|129\/342
|-setboost|p1a: Azumarill|atk|6|[from] move: Belly Drum
|-enditem|p1a: Azumarill|Sitrus Berry|[eat]
|-heal|p1a: Azumarill|214\/342|[from] item: Sitrus Berry
|
|turn|10
|callback|decision
|
|move|p1a: Azumarill|Aqua Jet|p2a: Mawile
|-damage|p2a: Mawile|0 fnt
|faint|p2a: Mawile
|
|callback|decision
|
|switch|p2a: Azumarill|Azumarill, M|404\/404
|turn|11
|callback|decision
|
|move|p1a: Azumarill|Play Rough|p2a: Azumarill|[miss]
|-miss|p1a: Azumarill|p2a: Azumarill
|move|p2a: Azumarill|Play Rough|p1a: Azumarill
|-damage|p1a: Azumarill|0 fnt
|faint|p1a: Azumarill
|
|callback|decision
|
|switch|p1a: Lucario|Lucario, M|281\/281
|-damage|p1a: Lucario|273\/281|[from] Stealth Rock
|turn|12
|callback|decision
|
|switch|p2a: Genesect|Genesect|283\/283
|-boost|p2a: Genesect|atk|1|[from] ability: Download
|-formechange|p1a: Lucario|Lucario-Mega
|message|Lucario has Mega Evolved into Mega Lucario!
|move|p1a: Lucario|Nasty Plot|p1a: Lucario
|-boost|p1a: Lucario|spa|2
|
|turn|13
|callback|decision
|
|move|p1a: Lucario|Vacuum Wave|p2a: Genesect
|-damage|p2a: Genesect|61\/283
|move|p2a: Genesect|Flamethrower|p1a: Lucario
|-supereffective|p1a: Lucario
|-damage|p1a: Lucario|0 fnt
|faint|p1a: Lucario
|
|callback|decision
|
|switch|p1a: Talonflame|Talonflame, F|297\/297
|-damage|p1a: Talonflame|149\/297|[from] Stealth Rock
|turn|14
|callback|decision
|
|move|p1a: Talonflame|Swords Dance|p1a: Talonflame
|-boost|p1a: Talonflame|atk|2
|move|p2a: Genesect|Thunderbolt|p1a: Talonflame
|-supereffective|p1a: Talonflame
|-damage|p1a: Talonflame|0 fnt
|faint|p1a: Talonflame
|
|callback|decision
|
|switch|p1a: Bisharp|Bisharp, F|279\/279
|-damage|p1a: Bisharp|262\/279|[from] Stealth Rock
|turn|15
|callback|decision
|
|move|p1a: Bisharp|Sucker Punch|p2a: Genesect
|-damage|p2a: Genesect|0 fnt
|-damage|p1a: Bisharp|235\/279|[from] item: Life Orb
|faint|p2a: Genesect
|
|callback|decision
|
|switch|p2a: Landorus-Therian|Landorus-Therian, M|71\/320
|-ability|p2a: Landorus-Therian|Intimidate|[of] p1a: Bisharp
|-unboost|p1a: Bisharp|atk|1
|-boost|p1a: Bisharp|atk|2|[from] ability: Defiant
|turn|16
|callback|decision
|
|move|p1a: Bisharp|Sucker Punch|p2a: Landorus-Therian
|-damage|p2a: Landorus-Therian|0 fnt
|-damage|p1a: Bisharp|208\/279|[from] item: Life Orb
|faint|p2a: Landorus-Therian
|
|callback|decision
|
|switch|p2a: Slowbro|Slowbro, F|148\/394
|turn|17
|callback|decision
|
|move|p1a: Bisharp|Knock Off|p2a: Slowbro
|-supereffective|p2a: Slowbro
|-damage|p2a: Slowbro|0 fnt
|-damage|p1a: Bisharp|181\/279|[from] item: Life Orb
|faint|p2a: Slowbro
|
|callback|decision
|
|switch|p2a: Nidoking|Nidoking, M|366\/366
|turn|18
|callback|decision
|
|move|p1a: Bisharp|Sucker Punch|p2a: Nidoking
|-damage|p2a: Nidoking|0 fnt
|-damage|p1a: Bisharp|154\/279|[from] item: Life Orb
|faint|p2a: Nidoking
|
|callback|decision
|
|switch|p2a: Azumarill|Azumarill, M|404\/404
|turn|19
|callback|decision
|
|move|p2a: Azumarill|Aqua Jet|p1a: Bisharp
|-damage|p1a: Bisharp|58\/279
|move|p1a: Bisharp|Iron Head|p2a: Azumarill
|-damage|p2a: Azumarill|30\/404
|-damage|p1a: Bisharp|31\/279|[from] item: Life Orb
|-enditem|p2a: Azumarill|Sitrus Berry|[eat]
|-heal|p2a: Azumarill|131\/404|[from] item: Sitrus Berry
|
|turn|20
|callback|decision
|
|move|p1a: Bisharp|Sucker Punch|p2a: Azumarill
|-resisted|p2a: Azumarill
|-damage|p2a: Azumarill|0 fnt
|-damage|p1a: Bisharp|4\/279|[from] item: Life Orb
|faint|p2a: Azumarill
|
|win|indi
|raw|Ladder updating...
|raw|indi's rating: 1360 &rarr; <strong>1436<\/strong><br \/>(+76 for winning)
|raw|Scizeon's rating: 1569 &rarr; <strong>1543<\/strong><br \/>(-26 for losing)
|leave|Scizeon
|player|p2