|join|keroluxray
|join|Scizeon
|player|p1|keroluxray|126
|player|p2|Scizeon|102
|gametype|singles
|gen|6
|tier|ORAS OU
|rated
|rule|Sleep Clause Mod: Limit one foe put to sleep
|rule|Species Clause: Limit one of each PokÃ©mon
|rule|OHKO Clause: OHKO moves are banned
|rule|Moody Clause: Moody is banned
|rule|Evasion Moves Clause: Evasion moves are banned
|rule|Endless Battle Clause: Forcing endless battles is banned
|rule|HP Percentage Mod: HP is shown in percentages
|clearpoke
|poke|p1|Salamence, M
|poke|p1|Greninja, M
|poke|p1|Conkeldurr, F
|poke|p1|Talonflame, M
|poke|p1|Gengar, M
|poke|p1|Heatran, M
|poke|p2|Altaria, F
|poke|p2|Skarmory, F
|poke|p2|Tentacruel, M
|poke|p2|Rotom-Heat
|poke|p2|Ferrothorn, F
|poke|p2|Mew
|rule|Swagger Clause: Swagger is banned
|rule|Baton Pass Clause: Limit one PokÃ©mon knowing Baton Pass
|teampreview
|
|start
|switch|p1a: Heatran|Heatran, M|323\/323
|switch|p2a: Mew|Mew|404\/404
|-item|p1a: Heatran|Air Balloon
|turn|1
|
|move|p1a: Heatran|Stealth Rock|p2a: Mew
|-sidestart|p2: Scizeon|move: Stealth Rock
|move|p2a: Mew|Knock Off|p1a: Heatran
|-damage|p1a: Heatran|267\/323
|-enditem|p1a: Heatran|Air Balloon
|
|turn|2
|
|move|p2a: Mew|Knock Off|p1a: Heatran
|-damage|p1a: Heatran|228\/323
|move|p1a: Heatran|Roar|p2a: Mew
|drag|p2a: Skarmory|Skarmory, F|334\/334
|-damage|p2a: Skarmory|293\/334|[from] Stealth Rock
|
|turn|3
|
|switch|p2a: Rotom-Heat|Rotom-Heat|304\/304
|-damage|p2a: Rotom-Heat|228\/304|[from] Stealth Rock
|move|p1a: Heatran|Lava Plume|p2a: Rotom-Heat
|-resisted|p2a: Rotom-Heat
|-damage|p2a: Rotom-Heat|186\/304
|
|-heal|p2a: Rotom-Heat|205\/304|[from] item: Leftovers
|turn|4
|
|move|p2a: Rotom-Heat|Pain Split|p1a: Heatran
|-sethp|p1a: Heatran|216\/323|p2a: Rotom-Heat|216\/304|[from] move: Pain Split
|move|p1a: Heatran|Roar|p2a: Rotom-Heat
|drag|p2a: Mew|Mew|404\/404
|-damage|p2a: Mew|354\/404|[from] Stealth Rock
|
|-heal|p2a: Mew|379\/404|[from] item: Leftovers
|turn|5
|
|move|p1a: Heatran|Lava Plume|p2a: Mew
|-damage|p2a: Mew|286\/404
|-status|p2a: Mew|brn
|move|p2a: Mew|Taunt|p1a: Heatran
|-start|p1a: Heatran|move: Taunt
|
|-heal|p2a: Mew|311\/404 brn|[from] item: Leftovers
|-damage|p2a: Mew|261\/404 brn|[from] brn
|turn|6
|
|move|p1a: Heatran|Lava Plume|p2a: Mew
|-damage|p2a: Mew|170\/404 brn
|move|p2a: Mew|Soft-Boiled|p2a: Mew
|-heal|p2a: Mew|372\/404 brn
|
|-heal|p2a: Mew|397\/404 brn|[from] item: Leftovers
|-damage|p2a: Mew|347\/404 brn|[from] brn
|turn|7
|
|switch|p2a: Tentacruel|Tentacruel, M|364\/364
|-damage|p2a: Tentacruel|319\/364|[from] Stealth Rock
|move|p1a: Heatran|Lava Plume|p2a: Tentacruel
|-resisted|p2a: Tentacruel
|-damage|p2a: Tentacruel|267\/364
|-status|p2a: Tentacruel|brn
|
|-heal|p2a: Tentacruel|289\/364 brn|[from] item: Black Sludge
|-damage|p2a: Tentacruel|244\/364 brn|[from] brn
|turn|8
|
|switch|p1a: Gengar|Gengar, M|323\/323
|move|p2a: Tentacruel|Scald|p1a: Gengar
|-damage|p1a: Gengar|227\/323
|
|-heal|p1a: Gengar|247\/323|[from] item: Black Sludge
|-heal|p2a: Tentacruel|266\/364 brn|[from] item: Black Sludge
|-damage|p2a: Tentacruel|221\/364 brn|[from] brn
|turn|9
|
|switch|p2a: Ferrothorn|Ferrothorn, F|352\/352
|-damage|p2a: Ferrothorn|330\/352|[from] Stealth Rock
|move|p1a: Gengar|Shadow Ball|p2a: Ferrothorn
|-damage|p2a: Ferrothorn|248\/352
|
|-heal|p1a: Gengar|267\/323|[from] item: Black Sludge
|-heal|p2a: Ferrothorn|270\/352|[from] item: Leftovers
|turn|10
|
|move|p1a: Gengar|Substitute|p1a: Gengar
|-start|p1a: Gengar|Substitute
|-damage|p1a: Gengar|187\/323
|move|p2a: Ferrothorn|Stealth Rock|p1a: Gengar
|-sidestart|p1: keroluxray|move: Stealth Rock
|
|-heal|p1a: Gengar|207\/323|[from] item: Black Sludge
|-heal|p2a: Ferrothorn|292\/352|[from] item: Leftovers
|turn|11
|
|move|p1a: Gengar|Taunt|p2a: Ferrothorn
|-start|p2a: Ferrothorn|move: Taunt
|move|p2a: Ferrothorn|Gyro Ball|p1a: Gengar
|-end|p1a: Gengar|Substitute
|
|-heal|p1a: Gengar|227\/323|[from] item: Black Sludge
|-heal|p2a: Ferrothorn|314\/352|[from] item: Leftovers
|turn|12
|
|move|p1a: Gengar|Will-O-Wisp|p2a: Ferrothorn
|-status|p2a: Ferrothorn|brn
|move|p2a: Ferrothorn|Knock Off|p1a: Gengar
|-supereffective|p1a: Gengar
|-damage|p1a: Gengar|117\/323
|-enditem|p1a: Gengar|Black Sludge|[from] move: Knock Off|[of] p2a: Ferrothorn
|
|-heal|p2a: Ferrothorn|336\/352 brn|[from] item: Leftovers
|-damage|p2a: Ferrothorn|292\/352 brn|[from] brn
|turn|13
|
|move|p1a: Gengar|Shadow Ball|p2a: Ferrothorn
|-damage|p2a: Ferrothorn|213\/352 brn
|move|p2a: Ferrothorn|Gyro Ball|p1a: Gengar
|-damage|p1a: Gengar|0 fnt
|faint|p1a: Gengar
|
|-heal|p2a: Ferrothorn|235\/352 brn|[from] item: Leftovers
|-damage|p2a: Ferrothorn|191\/352 brn|[from] brn
|-end|p2a: Ferrothorn|move: Taunt
|
|switch|p1a: Heatran|Heatran, M|216\/323
|-damage|p1a: Heatran|176\/323|[from] Stealth Rock
|turn|14
|
|move|p2a: Ferrothorn|Leech Seed|p1a: Heatran
|-start|p1a: Heatran|move: Leech Seed
|move|p1a: Heatran|Roar|p2a: Ferrothorn
|drag|p2a: Mew|Mew|347\/404 brn
|-damage|p2a: Mew|297\/404 brn|[from] Stealth Rock
|
|-heal|p2a: Mew|322\/404 brn|[from] item: Leftovers
|-damage|p1a: Heatran|136\/323|[from] Leech Seed|[of] p2a: Mew
|-heal|p2a: Mew|362\/404 brn|[silent]
|-damage|p2a: Mew|312\/404 brn|[from] brn
|turn|15
|
|switch|p1a: Conkeldurr|Conkeldurr, F|413\/413
|-damage|p1a: Conkeldurr|388\/413|[from] Stealth Rock
|move|p2a: Mew|Knock Off|p1a: Conkeldurr
|-resisted|p1a: Conkeldurr
|-damage|p1a: Conkeldurr|368\/413
|-enditem|p1a: Conkeldurr|Flame Orb|[from] move: Knock Off|[of] p2a: Mew
|
|-heal|p2a: Mew|337\/404 brn|[from] item: Leftovers
|-damage|p2a: Mew|287\/404 brn|[from] brn
|turn|16
|
|switch|p2a: Ferrothorn|Ferrothorn, F|191\/352 brn
|-damage|p2a: Ferrothorn|169\/352 brn|[from] Stealth Rock
|move|p1a: Conkeldurr|Ice Punch|p2a: Ferrothorn
|-damage|p2a: Ferrothorn|91\/352 brn
|-damage|p1a: Conkeldurr|317\/413|[from] ability: Iron Barbs|[of] p2a: Ferrothorn
|
|-heal|p2a: Ferrothorn|113\/352 brn|[from] item: Leftovers
|-damage|p2a: Ferrothorn|69\/352 brn|[from] brn
|turn|17
|
|move|p1a: Conkeldurr|Drain Punch|p2a: Ferrothorn
|-supereffective|p2a: Ferrothorn
|-damage|p2a: Ferrothorn|0 fnt
|-heal|p1a: Conkeldurr|352\/413|[from] drain|[of] p2a: Ferrothorn
|-damage|p1a: Conkeldurr|301\/413|[from] ability: Iron Barbs|[of] p2a: Ferrothorn
|faint|p2a: Ferrothorn
|
|
|switch|p2a: Altaria|Altaria, F|354\/354
|-damage|p2a: Altaria|266\/354|[from] Stealth Rock
|turn|18
|
|detailschange|p2a: Altaria|Altaria-Mega, F
|message|Altaria has Mega Evolved into Mega Altaria!
|move|p2a: Altaria|Heal Bell|p2a: Altaria
|-cureteam|p2a: Altaria|[from] move: HealBell
|move|p1a: Conkeldurr|Ice Punch|p2a: Altaria
|-supereffective|p2a: Altaria
|-damage|p2a: Altaria|120\/354
|
|turn|19
|
|move|p2a: Altaria|Roost|p2a: Altaria
|-heal|p2a: Altaria|297\/354
|move|p1a: Conkeldurr|Ice Punch|p2a: Altaria
|-supereffective|p2a: Altaria
|-damage|p2a: Altaria|161\/354
|
|turn|20
|
|move|p2a: Altaria|Roost|p2a: Altaria
|-heal|p2a: Altaria|338\/354
|move|p1a: Conkeldurr|Ice Punch|p2a: Altaria
|-supereffective|p2a: Altaria
|-damage|p2a: Altaria|208\/354
|
|turn|21
|
|move|p2a: Altaria|Hyper Voice|p1a: Conkeldurr
|-supereffective|p1a: Conkeldurr
|-damage|p1a: Conkeldurr|0 fnt
|faint|p1a: Conkeldurr
|
|
|switch|p1a: Greninja|Greninja, M|285\/285
|-damage|p1a: Greninja|250\/285|[from] Stealth Rock
|turn|22
|
|move|p1a: Greninja|Gunk Shot|p2a: Altaria
|-start|p1a: Greninja|typechange|Poison|[from] Protean
|-crit|p2a: Altaria
|-supereffective|p2a: Altaria
|-damage|p2a: Altaria|0 fnt
|-damage|p1a: Greninja|222\/285|[from] item: Life Orb
|faint|p2a: Altaria
|
|
|switch|p2a: Tentacruel|Tentacruel, M|221\/364
|-damage|p2a: Tentacruel|176\/364|[from] Stealth Rock
|turn|23
|
|move|p1a: Greninja|Scald|p2a: Tentacruel
|-start|p1a: Greninja|typechange|Water|[from] Protean
|-resisted|p2a: Tentacruel
|-damage|p2a: Tentacruel|114\/364
|-damage|p1a: Greninja|194\/285|[from] item: Life Orb
|move|p2a: Tentacruel|Rapid Spin|p1a: Greninja
|-damage|p1a: Greninja|179\/285
|-sideend|p2: Scizeon|Stealth Rock|[from] move: Rapid Spin|[of] p2a: Tentacruel
|
|-heal|p2a: Tentacruel|136\/364|[from] item: Black Sludge
|turn|24
|
|move|p1a: Greninja|Scald|p2a: Tentacruel
|-crit|p2a: Tentacruel
|-resisted|p2a: Tentacruel
|-damage|p2a: Tentacruel|31\/364
|-damage|p1a: Greninja|151\/285|[from] item: Life Orb
|move|p2a: Tentacruel|Toxic|p1a: Greninja
|-status|p1a: Greninja|tox
|
|-heal|p2a: Tentacruel|53\/364|[from] item: Black Sludge
|-damage|p1a: Greninja|134\/285 tox|[from] psn
|turn|25
|
|move|p2a: Tentacruel|Protect|p2a: Tentacruel
|-singleturn|p2a: Tentacruel|Protect
|move|p1a: Greninja|Scald|p2a: Tentacruel
|-activate|p2a: Tentacruel|Protect
|
|-heal|p2a: Tentacruel|75\/364|[from] item: Black Sludge
|-damage|p1a: Greninja|100\/285 tox|[from] psn
|turn|26
|
|move|p1a: Greninja|Scald|p2a: Tentacruel
|-resisted|p2a: Tentacruel
|-damage|p2a: Tentacruel|9\/364
|-damage|p1a: Greninja|72\/285 tox|[from] item: Life Orb
|move|p2a: Tentacruel|Scald|p1a: Greninja
|-resisted|p1a: Greninja
|-damage|p1a: Greninja|14\/285 tox
|
|-heal|p2a: Tentacruel|31\/364|[from] item: Black Sludge
|-damage|p1a: Greninja|0 fnt|[from] psn
|faint|p1a: Greninja
|
|switch|p1a: Salamence|Salamence, M|331\/331
|-damage|p1a: Salamence|249\/331|[from] Stealth Rock
|-ability|p1a: Salamence|Intimidate|[of] p2a: Tentacruel
|-unboost|p2a: Tentacruel|atk|1
|turn|27
|
|switch|p2a: Skarmory|Skarmory, F|293\/334
|detailschange|p1a: Salamence|Salamence-Mega, M
|message|Salamence has Mega Evolved into Mega Salamence!
|move|p1a: Salamence|Substitute|p1a: Salamence
|-start|p1a: Salamence|Substitute
|-damage|p1a: Salamence|167\/331
|
|turn|28
|
|move|p1a: Salamence|Roost|p1a: Salamence
|-heal|p1a: Salamence|331\/331
|move|p2a: Skarmory|Whirlwind|p1a: Salamence
|drag|p1a: Talonflame|Talonflame, M|297\/297
|-damage|p1a: Talonflame|149\/297|[from] Stealth Rock
|
|turn|29
|
|switch|p2a: Rotom-Heat|Rotom-Heat|216\/304
|move|p1a: Talonflame|U-turn|p2a: Rotom-Heat
|-resisted|p2a: Rotom-Heat
|-damage|p2a: Rotom-Heat|181\/304
|
|switch|p1a: Heatran|Heatran, M|136\/323
|-damage|p1a: Heatran|96\/323|[from] Stealth Rock
|
|-heal|p2a: Rotom-Heat|200\/304|[from] item: Leftovers
|turn|30
|
|move|p1a: Heatran|Stealth Rock|p2a: Rotom-Heat
|-sidestart|p2: Scizeon|move: Stealth Rock
|move|p2a: Rotom-Heat|Volt Switch|p1a: Heatran
|-damage|p1a: Heatran|30\/323
|
|switch|p2a: Tentacruel|Tentacruel, M|31\/364
|-damage|p2a: Tentacruel|0 fnt|[from] Stealth Rock
|faint|p2a: Tentacruel
|
|
|switch|p2a: Mew|Mew|287\/404
|-damage|p2a: Mew|237\/404|[from] Stealth Rock
|turn|31
|
|move|p1a: Heatran|Lava Plume|p2a: Mew
|-damage|p2a: Mew|147\/404
|move|p2a: Mew|Soft-Boiled|p2a: Mew
|-heal|p2a: Mew|349\/404
|
|-heal|p2a: Mew|374\/404|[from] item: Leftovers
|turn|32
|
|move|p1a: Heatran|Lava Plume|p2a: Mew
|-damage|p2a: Mew|281\/404
|move|p2a: Mew|Knock Off|p1a: Heatran
|-damage|p1a: Heatran|0 fnt
|faint|p1a: Heatran
|
|-heal|p2a: Mew|306\/404|[from] item: Leftovers
|
|switch|p1a: Talonflame|Talonflame, M|149\/297
|-damage|p1a: Talonflame|1\/297|[from] Stealth Rock
|turn|33
|
|move|p1a: Talonflame|Flare Blitz|p2a: Mew
|-damage|p2a: Mew|114\/404
|-damage|p1a: Talonflame|0 fnt|[from] recoil|[of] p2a: Mew
|faint|p1a: Talonflame
|move|p2a: Mew|Soft-Boiled|p2a: Mew
|-heal|p2a: Mew|316\/404
|
|-heal|p2a: Mew|341\/404|[from] item: Leftovers
|
|switch|p1a: Salamence|Salamence-Mega, M|331\/331
|-damage|p1a: Salamence|249\/331|[from] Stealth Rock
|turn|34
|
|move|p1a: Salamence|Substitute|p1a: Salamence
|-start|p1a: Salamence|Substitute
|-damage|p1a: Salamence|167\/331
|move|p2a: Mew|Taunt|p1a: Salamence
|-start|p1a: Salamence|move: Taunt
|
|-heal|p2a: Mew|366\/404|[from] item: Leftovers
|turn|35
|
|switch|p2a: Skarmory|Skarmory, F|293\/334
|-damage|p2a: Skarmory|252\/334|[from] Stealth Rock
|move|p1a: Salamence|Return|p2a: Skarmory
|-resisted|p2a: Skarmory
|-damage|p2a: Skarmory|173\/334
|
|turn|36
|
|move|p1a: Salamence|Return|p2a: Skarmory
|-resisted|p2a: Skarmory
|-damage|p2a: Skarmory|93\/334
|move|p2a: Skarmory|Brave Bird|p1a: Salamence
|-end|p1a: Salamence|Substitute
|-damage|p2a: Skarmory|66\/334|[from] recoil|[of] p1a: Salamence
|
|turn|37
|
|move|p1a: Salamence|Return|p2a: Skarmory
|-resisted|p2a: Skarmory
|-damage|p2a: Skarmory|0 fnt
|faint|p2a: Skarmory
|
|-end|p1a: Salamence|move: Taunt
|
|switch|p2a: Rotom-Heat|Rotom-Heat|200\/304
|-damage|p2a: Rotom-Heat|124\/304|[from] Stealth Rock
|turn|38
|
|move|p1a: Salamence|Return|p2a: Rotom-Heat
|-resisted|p2a: Rotom-Heat
|-damage|p2a: Rotom-Heat|0 fnt
|faint|p2a: Rotom-Heat
|
|
|switch|p2a: Mew|Mew|366\/404
|-damage|p2a: Mew|316\/404|[from] Stealth Rock
|turn|39
|
|move|p1a: Salamence|Return|p2a: Mew
|-damage|p2a: Mew|57\/404
|move|p2a: Mew|Will-O-Wisp|p1a: Salamence
|-status|p1a: Salamence|brn
|
|-heal|p2a: Mew|82\/404|[from] item: Leftovers
|-damage|p1a: Salamence|126\/331 brn|[from] brn
|turn|40
|
|move|p1a: Salamence|Return|p2a: Mew
|-damage|p2a: Mew|0 fnt
|faint|p2a: Mew
|
|win|keroluxray
|raw|Ladder updating...
|raw|keroluxray's rating: 1378 &rarr; <strong>1396<\/strong><br \/>(+18 for winning)
|raw|Scizeon's rating: 1342 &rarr; <strong>1324<\/strong><br \/>(-18 for losing)
|leave|Scizeon
|player|p2