|join|Mr. Purr
|join|Scizeon
|player|p1|Mr. Purr|110
|player|p2|Scizeon|169
|gametype|singles
|gen|6
|tier|ORAS OU
|rated
|rule|Sleep Clause Mod: Limit one foe put to sleep
|rule|Species Clause: Limit one of each PokÃ©mon
|rule|OHKO Clause: OHKO moves are banned
|rule|Moody Clause: Moody is banned
|rule|Evasion Moves Clause: Evasion moves are banned
|rule|Endless Battle Clause: Forcing endless battles is banned
|rule|HP Percentage Mod: HP is shown in percentages
|clearpoke
|poke|p1|Keldeo-Resolute, shiny
|poke|p1|Amoonguss, F, shiny
|poke|p1|Magnezone
|poke|p1|Slowbro, F
|poke|p1|Gallade, M
|poke|p1|Mandibuzz, F
|poke|p2|Altaria, F
|poke|p2|Skarmory, M
|poke|p2|Tentacruel, M
|poke|p2|Rotom-Heat
|poke|p2|Ferrothorn, M
|poke|p2|Mew
|rule|Swagger Clause: Swagger is banned
|rule|Baton Pass Clause: Limit one PokÃ©mon knowing Baton Pass
|teampreview
|
|start
|switch|p1a: Sporini|Amoonguss, F, shiny|432\/432
|switch|p2a: Rotom-Heat|Rotom-Heat|304\/304
|turn|1
|
|switch|p1a: Cyborg|Magnezone|281\/281
|move|p2a: Rotom-Heat|Overheat|p1a: Cyborg|[miss]
|-miss|p2a: Rotom-Heat|p1a: Cyborg
|
|turn|2
|
|switch|p1a: Zup|Slowbro, F|394\/394
|move|p2a: Rotom-Heat|Volt Switch|p1a: Zup
|-supereffective|p1a: Zup
|-damage|p1a: Zup|194\/394
|join|saqab
|
|switch|p2a: Mew|Mew|404\/404
|
|-heal|p1a: Zup|218\/394|[from] item: Leftovers
|turn|3
|
|move|p2a: Mew|Knock Off|p1a: Zup
|-supereffective|p1a: Zup
|-damage|p1a: Zup|106\/394
|-enditem|p1a: Zup|Leftovers|[from] move: Knock Off|[of] p2a: Mew
|move|p1a: Zup|Slack Off|p1a: Zup
|-heal|p1a: Zup|303\/394
|
|turn|4
|
|move|p2a: Mew|Taunt|p1a: Zup
|-start|p1a: Zup|move: Taunt
|move|p1a: Zup|Scald|p2a: Mew
|-damage|p2a: Mew|331\/404
|-status|p2a: Mew|brn
|-status|p1a: Zup|brn
|
|-heal|p2a: Mew|356\/404 brn|[from] item: Leftovers
|-damage|p2a: Mew|306\/404 brn|[from] brn
|-damage|p1a: Zup|254\/394 brn|[from] brn
|turn|5
|
|move|p2a: Mew|Knock Off|p1a: Zup
|-supereffective|p1a: Zup
|-damage|p1a: Zup|218\/394 brn
|move|p1a: Zup|Ice Beam|p2a: Mew
|-damage|p2a: Mew|253\/404 brn
|
|-heal|p2a: Mew|278\/404 brn|[from] item: Leftovers
|-damage|p2a: Mew|228\/404 brn|[from] brn
|-damage|p1a: Zup|169\/394 brn|[from] brn
|turn|6
|c| saqab|lol
|
|switch|p1a: Sirknight|Gallade, M|340\/340
|move|p2a: Mew|Soft-Boiled|p2a: Mew
|-heal|p2a: Mew|404\/404 brn
|
|-damage|p2a: Mew|354\/404 brn|[from] brn
|turn|7
|
|switch|p1a: Zup|Slowbro, F|300\/394 brn
|move|p2a: Mew|Will-O-Wisp|p1a: Zup
|-fail|p1a: Zup|brn
|
|-heal|p2a: Mew|379\/404 brn|[from] item: Leftovers
|-damage|p2a: Mew|329\/404 brn|[from] brn
|-damage|p1a: Zup|251\/394 brn|[from] brn
|turn|8
|
|switch|p2a: Tentacruel|Tentacruel, M|364\/364
|switch|p1a: Sirknight|Gallade, M|340\/340
|
|turn|9
|leave|saqab
|
|switch|p2a: Skarmory|Skarmory, M|334\/334
|detailschange|p1a: Sirknight|Gallade-Mega, M
|message|Gallade has Mega Evolved into Mega Gallade!
|move|p1a: Sirknight|Bulk Up|p1a: Sirknight
|-boost|p1a: Sirknight|atk|1
|-boost|p1a: Sirknight|def|1
|
|turn|10
|
|move|p1a: Sirknight|Knock Off|p2a: Skarmory
|-damage|p2a: Skarmory|228\/334
|-enditem|p2a: Skarmory|Leftovers|[from] move: Knock Off|[of] p1a: Sirknight
|move|p2a: Skarmory|Whirlwind|p1a: Sirknight
|drag|p1a: Zup|Slowbro, F|382\/394 brn
|
|-damage|p1a: Zup|333\/394 brn|[from] brn
|turn|11
|
|switch|p2a: Tentacruel|Tentacruel, M|364\/364
|switch|p1a: Cyborg|Magnezone|281\/281
|
|turn|12
|
|switch|p2a: Rotom-Heat|Rotom-Heat|304\/304
|move|p1a: Cyborg|Volt Switch|p2a: Rotom-Heat
|-resisted|p2a: Rotom-Heat
|-damage|p2a: Rotom-Heat|264\/304
|
|switch|p1a: Rainbow Dash|Keldeo-Resolute, shiny|322\/322
|
|-heal|p2a: Rotom-Heat|283\/304|[from] item: Leftovers
|turn|13
|
|switch|p2a: Altaria|Altaria, F|292\/292
|move|p1a: Rainbow Dash|Scald|p2a: Altaria
|-resisted|p2a: Altaria
|-damage|p2a: Altaria|195\/292
|
|turn|14
|
|switch|p1a: Sporini|Amoonguss, F, shiny|432\/432
|detailschange|p2a: Altaria|Altaria-Mega, F
|message|Altaria has Mega Evolved into Mega Altaria!
|move|p2a: Altaria|Return|p1a: Sporini
|-resisted|p1a: Sporini
|-damage|p1a: Sporini|312\/432
|
|-heal|p1a: Sporini|339\/432|[from] item: Black Sludge
|turn|15
|
|switch|p2a: Ferrothorn|Ferrothorn, M|352\/352
|move|p1a: Sporini|Spore|p2a: Ferrothorn
|-fail|p2a: Ferrothorn
|
|-heal|p1a: Sporini|366\/432|[from] item: Black Sludge
|turn|16
|
|switch|p1a: Cyborg|Magnezone|281\/281
|move|p2a: Ferrothorn|Stealth Rock|p1a: Cyborg
|-sidestart|p1: Mr. Purr|move: Stealth Rock
|
|turn|17
|
|move|p1a: Cyborg|Hidden Power|p2a: Ferrothorn
|-supereffective|p2a: Ferrothorn
|-damage|p2a: Ferrothorn|112\/352
|move|p2a: Ferrothorn|Knock Off|p1a: Cyborg
|-damage|p1a: Cyborg|217\/281
|-enditem|p1a: Cyborg|Choice Scarf|[from] move: Knock Off|[of] p2a: Ferrothorn
|
|-heal|p2a: Ferrothorn|134\/352|[from] item: Leftovers
|turn|18
|
|move|p1a: Cyborg|Hidden Power|p2a: Ferrothorn
|-supereffective|p2a: Ferrothorn
|-damage|p2a: Ferrothorn|0 fnt
|faint|p2a: Ferrothorn
|
|
|switch|p2a: Altaria|Altaria-Mega, F|195\/292
|turn|19
|
|switch|p1a: Sporini|Amoonguss, F, shiny|432\/432
|-damage|p1a: Sporini|378\/432|[from] Stealth Rock
|move|p2a: Altaria|Earthquake|p1a: Sporini
|-damage|p1a: Sporini|249\/432
|
|-heal|p1a: Sporini|276\/432|[from] item: Black Sludge
|turn|20
|
|switch|p2a: Mew|Mew|329\/404 brn
|move|p1a: Sporini|Spore|p2a: Mew
|-fail|p2a: Mew
|
|-heal|p2a: Mew|354\/404 brn|[from] item: Leftovers
|-heal|p1a: Sporini|303\/432|[from] item: Black Sludge
|-damage|p2a: Mew|304\/404 brn|[from] brn
|turn|21
|
|switch|p2a: Tentacruel|Tentacruel, M|364\/364
|switch|p1a: Zup|Slowbro, F|394\/394 brn
|-damage|p1a: Zup|345\/394 brn|[from] Stealth Rock
|
|-damage|p1a: Zup|296\/394 brn|[from] brn
|turn|22
|
|move|p2a: Tentacruel|Acid Spray|p1a: Zup
|-damage|p1a: Zup|247\/394 brn
|-unboost|p1a: Zup|spd|2
|move|p1a: Zup|Psyshock|p2a: Tentacruel
|-supereffective|p2a: Tentacruel
|-damage|p2a: Tentacruel|184\/364
|
|-heal|p2a: Tentacruel|206\/364|[from] item: Black Sludge
|-damage|p1a: Zup|198\/394 brn|[from] brn
|turn|23
|
|switch|p1a: Mandy|Mandibuzz, F|424\/424
|-damage|p1a: Mandy|318\/424|[from] Stealth Rock
|move|p2a: Tentacruel|Acid Spray|p1a: Mandy
|-damage|p1a: Mandy|279\/424
|-unboost|p1a: Mandy|spd|2
|
|-heal|p2a: Tentacruel|228\/364|[from] item: Black Sludge
|-heal|p1a: Mandy|305\/424|[from] item: Leftovers
|turn|24
|
|move|p2a: Tentacruel|Scald|p1a: Mandy
|-damage|p1a: Mandy|145\/424
|-status|p1a: Mandy|brn
|move|p1a: Mandy|Defog|p2a: Tentacruel
|-unboost|p2a: Tentacruel|evasion|1
|-sideend|p1: Mr. Purr|Stealth Rock|[from] move: Defog|[of] p1a: Mandy
|
|-heal|p2a: Tentacruel|250\/364|[from] item: Black Sludge
|-heal|p1a: Mandy|171\/424 brn|[from] item: Leftovers
|-damage|p1a: Mandy|118\/424 brn|[from] brn
|turn|25
|
|switch|p1a: Zup|Slowbro, F|329\/394 brn
|move|p2a: Tentacruel|Scald|p1a: Zup
|-resisted|p1a: Zup
|-damage|p1a: Zup|280\/394 brn
|
|-heal|p2a: Tentacruel|272\/364|[from] item: Black Sludge
|-damage|p1a: Zup|231\/394 brn|[from] brn
|turn|26
|
|switch|p2a: Mew|Mew|304\/404 brn
|switch|p1a: Cyborg|Magnezone|217\/281
|
|-heal|p2a: Mew|329\/404 brn|[from] item: Leftovers
|-damage|p2a: Mew|279\/404 brn|[from] brn
|turn|27
|
|switch|p1a: Mandy|Mandibuzz, F|118\/424 brn
|move|p2a: Mew|Will-O-Wisp|p1a: Mandy
|-fail|p1a: Mandy|brn
|
|-heal|p2a: Mew|304\/404 brn|[from] item: Leftovers
|-heal|p1a: Mandy|144\/424 brn|[from] item: Leftovers
|-damage|p2a: Mew|254\/404 brn|[from] brn
|-damage|p1a: Mandy|91\/424 brn|[from] brn
|turn|28
|
|move|p2a: Mew|Taunt|p1a: Mandy
|-start|p1a: Mandy|move: Taunt
|move|p1a: Mandy|Knock Off|p2a: Mew
|-supereffective|p2a: Mew
|-damage|p2a: Mew|168\/404 brn
|-enditem|p2a: Mew|Leftovers|[from] move: Knock Off|[of] p1a: Mandy
|
|-heal|p1a: Mandy|117\/424 brn|[from] item: Leftovers
|-damage|p2a: Mew|118\/404 brn|[from] brn
|-damage|p1a: Mandy|64\/424 brn|[from] brn
|turn|29
|
|switch|p1a: Sirknight|Gallade-Mega, M|340\/340
|move|p2a: Mew|Soft-Boiled|p2a: Mew
|-heal|p2a: Mew|320\/404 brn
|
|-damage|p2a: Mew|270\/404 brn|[from] brn
|turn|30
|
|move|p1a: Sirknight|Bulk Up|p1a: Sirknight
|-boost|p1a: Sirknight|atk|1
|-boost|p1a: Sirknight|def|1
|move|p2a: Mew|Will-O-Wisp|p1a: Sirknight
|-status|p1a: Sirknight|brn
|
|-damage|p1a: Sirknight|298\/340 brn|[from] brn
|-damage|p2a: Mew|220\/404 brn|[from] brn
|turn|31
|
|switch|p2a: Rotom-Heat|Rotom-Heat|283\/304
|move|p1a: Sirknight|Bulk Up|p1a: Sirknight
|-boost|p1a: Sirknight|atk|1
|-boost|p1a: Sirknight|def|1
|
|-heal|p2a: Rotom-Heat|302\/304|[from] item: Leftovers
|-damage|p1a: Sirknight|256\/340 brn|[from] brn
|turn|32
|
|move|p1a: Sirknight|Drain Punch|p2a: Rotom-Heat
|-damage|p2a: Rotom-Heat|181\/304
|-heal|p1a: Sirknight|317\/340 brn|[from] drain|[of] p2a: Rotom-Heat
|move|p2a: Rotom-Heat|Pain Split|p1a: Sirknight
|-sethp|p1a: Sirknight|249\/340 brn|p2a: Rotom-Heat|249\/304|[from] move: Pain Split
|
|-heal|p2a: Rotom-Heat|268\/304|[from] item: Leftovers
|-damage|p1a: Sirknight|207\/340 brn|[from] brn
|turn|33
|
|move|p1a: Sirknight|Bulk Up|p1a: Sirknight
|-boost|p1a: Sirknight|atk|1
|-boost|p1a: Sirknight|def|1
|move|p2a: Rotom-Heat|Overheat|p1a: Sirknight
|-damage|p1a: Sirknight|57\/340 brn
|-unboost|p2a: Rotom-Heat|spa|2
|
|-heal|p2a: Rotom-Heat|287\/304|[from] item: Leftovers
|-damage|p1a: Sirknight|15\/340 brn|[from] brn
|turn|34
|
|move|p1a: Sirknight|Drain Punch|p2a: Rotom-Heat
|-damage|p2a: Rotom-Heat|118\/304
|-heal|p1a: Sirknight|100\/340 brn|[from] drain|[of] p2a: Rotom-Heat
|move|p2a: Rotom-Heat|Overheat|p1a: Sirknight
|-damage|p1a: Sirknight|25\/340 brn
|-unboost|p2a: Rotom-Heat|spa|2
|
|-heal|p2a: Rotom-Heat|137\/304|[from] item: Leftovers
|-damage|p1a: Sirknight|0 fnt|[from] brn
|faint|p1a: Sirknight
|
|switch|p1a: Cyborg|Magnezone|217\/281
|turn|35
|
|move|p1a: Cyborg|Volt Switch|p2a: Rotom-Heat
|-resisted|p2a: Rotom-Heat
|-damage|p2a: Rotom-Heat|93\/304
|
|switch|p1a: Sporini|Amoonguss, F, shiny|432\/432
|move|p2a: Rotom-Heat|Pain Split|p1a: Sporini
|-sethp|p1a: Sporini|262\/432|p2a: Rotom-Heat|262\/304|[from] move: Pain Split
|
|-heal|p2a: Rotom-Heat|281\/304|[from] item: Leftovers
|-heal|p1a: Sporini|289\/432|[from] item: Black Sludge
|turn|36
|
|switch|p2a: Mew|Mew|220\/404 brn
|switch|p1a: Rainbow Dash|Keldeo-Resolute, shiny|322\/322
|
|-damage|p2a: Mew|170\/404 brn|[from] brn
|turn|37
|
|move|p1a: Rainbow Dash|Scald|p2a: Mew
|-damage|p2a: Mew|26\/404 brn
|move|p2a: Mew|Soft-Boiled|p2a: Mew
|-heal|p2a: Mew|228\/404 brn
|
|-damage|p2a: Mew|178\/404 brn|[from] brn
|turn|38
|
|move|p1a: Rainbow Dash|Scald|p2a: Mew
|-crit|p2a: Mew
|-damage|p2a: Mew|0 fnt
|faint|p2a: Mew
|
|
|switch|p2a: Tentacruel|Tentacruel, M|272\/364
|turn|39
|
|switch|p1a: Cyborg|Magnezone|217\/281
|switch|p2a: Rotom-Heat|Rotom-Heat|281\/304
|
|-heal|p2a: Rotom-Heat|300\/304|[from] item: Leftovers
|turn|40
|
|move|p1a: Cyborg|Volt Switch|p2a: Rotom-Heat
|-resisted|p2a: Rotom-Heat
|-damage|p2a: Rotom-Heat|256\/304
|
|switch|p1a: Sporini|Amoonguss, F, shiny|432\/432
|move|p2a: Rotom-Heat|Volt Switch|p1a: Sporini
|-resisted|p1a: Sporini
|-damage|p1a: Sporini|388\/432
|
|switch|p2a: Skarmory|Skarmory, M|228\/334
|
|-heal|p1a: Sporini|415\/432|[from] item: Black Sludge
|turn|41
|
|switch|p1a: Cyborg|Magnezone|217\/281
|move|p2a: Skarmory|Spikes|p1a: Cyborg
|-sidestart|p1: Mr. Purr|Spikes
|
|turn|42
|
|move|p1a: Cyborg|Thunderbolt|p2a: Skarmory
|-supereffective|p2a: Skarmory
|-damage|p2a: Skarmory|0 fnt
|faint|p2a: Skarmory
|
|
|switch|p2a: Rotom-Heat|Rotom-Heat|256\/304
|turn|43
|
|switch|p1a: Sporini|Amoonguss, F, shiny|432\/432
|-damage|p1a: Sporini|378\/432|[from] Spikes
|move|p2a: Rotom-Heat|Volt Switch|p1a: Sporini
|-resisted|p1a: Sporini
|-damage|p1a: Sporini|333\/432
|
|switch|p2a: Tentacruel|Tentacruel, M|272\/364
|
|-heal|p2a: Tentacruel|294\/364|[from] item: Black Sludge
|-heal|p1a: Sporini|360\/432|[from] item: Black Sludge
|turn|44
|
|move|p2a: Tentacruel|Toxic Spikes|p1a: Sporini
|-sidestart|p1: Mr. Purr|move: Toxic Spikes
|move|p1a: Sporini|Spore|p2a: Tentacruel
|-status|p2a: Tentacruel|slp
|
|-heal|p2a: Tentacruel|316\/364 slp|[from] item: Black Sludge
|-heal|p1a: Sporini|387\/432|[from] item: Black Sludge
|turn|45
|
|switch|p2a: Rotom-Heat|Rotom-Heat|256\/304
|move|p1a: Sporini|Sludge Bomb|p2a: Rotom-Heat
|-damage|p2a: Rotom-Heat|190\/304
|-status|p2a: Rotom-Heat|psn
|
|-heal|p2a: Rotom-Heat|209\/304 psn|[from] item: Leftovers
|-heal|p1a: Sporini|414\/432|[from] item: Black Sludge
|-damage|p2a: Rotom-Heat|171\/304 psn|[from] psn
|turn|46
|
|switch|p1a: Zup|Slowbro, F|362\/394 brn
|-damage|p1a: Zup|313\/394 brn|[from] Spikes
|move|p2a: Rotom-Heat|Will-O-Wisp|p1a: Zup|[miss]
|-miss|p2a: Rotom-Heat|p1a: Zup
|
|-heal|p2a: Rotom-Heat|190\/304 psn|[from] item: Leftovers
|-damage|p2a: Rotom-Heat|152\/304 psn|[from] psn
|-damage|p1a: Zup|264\/394 brn|[from] brn
|turn|47
|
|switch|p1a: Sporini|Amoonguss, F, shiny|432\/432
|-damage|p1a: Sporini|378\/432|[from] Spikes
|-sideend|p1: Mr. Purr|move: Toxic Spikes|[of] p1a: Sporini
|move|p2a: Rotom-Heat|Volt Switch|p1a: Sporini
|-resisted|p1a: Sporini
|-damage|p1a: Sporini|336\/432
|
|switch|p2a: Tentacruel|Tentacruel, M|316\/364 slp
|
|-heal|p2a: Tentacruel|338\/364 slp|[from] item: Black Sludge
|-heal|p1a: Sporini|363\/432|[from] item: Black Sludge
|turn|48
|
|switch|p1a: Mandy|Mandibuzz, F|64\/424 brn
|cant|p2a: Tentacruel|slp
|
|-heal|p2a: Tentacruel|360\/364 slp|[from] item: Black Sludge
|-heal|p1a: Mandy|90\/424 brn|[from] item: Leftovers
|-damage|p1a: Mandy|37\/424 brn|[from] brn
|turn|49
|
|cant|p2a: Tentacruel|slp
|move|p1a: Mandy|Roost|p1a: Mandy
|-heal|p1a: Mandy|249\/424 brn
|
|-heal|p2a: Tentacruel|364\/364 slp|[from] item: Black Sludge
|-heal|p1a: Mandy|275\/424 brn|[from] item: Leftovers
|-damage|p1a: Mandy|222\/424 brn|[from] brn
|turn|50
|
|cant|p2a: Tentacruel|slp
|move|p1a: Mandy|Defog|p2a: Tentacruel
|-unboost|p2a: Tentacruel|evasion|1
|-sideend|p1: Mr. Purr|Spikes|[from] move: Defog|[of] p1a: Mandy
|
|-heal|p1a: Mandy|248\/424 brn|[from] item: Leftovers
|-damage|p1a: Mandy|195\/424 brn|[from] brn
|turn|51
|
|-curestatus|p2a: Tentacruel|slp
|move|p2a: Tentacruel|Acid Spray|p1a: Mandy
|-damage|p1a: Mandy|150\/424 brn
|-unboost|p1a: Mandy|spd|2
|move|p1a: Mandy|Roost|p1a: Mandy
|-heal|p1a: Mandy|362\/424 brn
|
|-heal|p1a: Mandy|388\/424 brn|[from] item: Leftovers
|-damage|p1a: Mandy|335\/424 brn|[from] brn
|turn|52
|
|switch|p1a: Zup|Slowbro, F|394\/394 brn
|move|p2a: Tentacruel|Acid Spray|p1a: Zup
|-damage|p1a: Zup|346\/394 brn
|-unboost|p1a: Zup|spd|2
|
|-damage|p1a: Zup|297\/394 brn|[from] brn
|turn|53
|
|move|p2a: Tentacruel|Acid Spray|p1a: Zup
|-damage|p1a: Zup|198\/394 brn
|-unboost|p1a: Zup|spd|2
|move|p1a: Zup|Psyshock|p2a: Tentacruel
|-supereffective|p2a: Tentacruel
|-damage|p2a: Tentacruel|172\/364
|
|-heal|p2a: Tentacruel|194\/364|[from] item: Black Sludge
|-damage|p1a: Zup|149\/394 brn|[from] brn
|turn|54
|
|switch|p1a: Sporini|Amoonguss, F, shiny|432\/432
|move|p2a: Tentacruel|Acid Spray|p1a: Sporini
|-crit|p1a: Sporini
|-damage|p1a: Sporini|368\/432
|-unboost|p1a: Sporini|spd|2
|
|-heal|p2a: Tentacruel|216\/364|[from] item: Black Sludge
|-heal|p1a: Sporini|395\/432|[from] item: Black Sludge
|turn|55
|
|switch|p2a: Rotom-Heat|Rotom-Heat|152\/304 psn
|switch|p1a: Cyborg|Magnezone|217\/281
|
|-heal|p2a: Rotom-Heat|171\/304 psn|[from] item: Leftovers
|-damage|p2a: Rotom-Heat|133\/304 psn|[from] psn
|turn|56
|
|move|p1a: Cyborg|Volt Switch|p2a: Rotom-Heat
|-resisted|p2a: Rotom-Heat
|-damage|p2a: Rotom-Heat|91\/304 psn
|
|switch|p1a: Zup|Slowbro, F|280\/394 brn
|move|p2a: Rotom-Heat|Pain Split|p1a: Zup
|-sethp|p1a: Zup|185\/394 brn|p2a: Rotom-Heat|185\/304 psn|[from] move: Pain Split
|
|-heal|p2a: Rotom-Heat|204\/304 psn|[from] item: Leftovers
|-damage|p2a: Rotom-Heat|166\/304 psn|[from] psn
|-damage|p1a: Zup|136\/394 brn|[from] brn
|turn|57
|
|switch|p1a: Sporini|Amoonguss, F, shiny|432\/432
|move|p2a: Rotom-Heat|Volt Switch|p1a: Sporini
|-resisted|p1a: Sporini
|-damage|p1a: Sporini|389\/432
|
|switch|p2a: Tentacruel|Tentacruel, M|216\/364
|
|-heal|p2a: Tentacruel|238\/364|[from] item: Black Sludge
|-heal|p1a: Sporini|416\/432|[from] item: Black Sludge
|turn|58
|
|switch|p2a: Rotom-Heat|Rotom-Heat|166\/304 psn
|move|p1a: Sporini|Spore|p2a: Rotom-Heat
|-fail|p2a: Rotom-Heat
|
|-heal|p2a: Rotom-Heat|185\/304 psn|[from] item: Leftovers
|-heal|p1a: Sporini|432\/432|[from] item: Black Sludge
|-damage|p2a: Rotom-Heat|147\/304 psn|[from] psn
|turn|59
|
|move|p2a: Rotom-Heat|Pain Split|p1a: Sporini
|-sethp|p1a: Sporini|289\/432|p2a: Rotom-Heat|289\/304 psn|[from] move: Pain Split
|move|p1a: Sporini|Sludge Bomb|p2a: Rotom-Heat
|-damage|p2a: Rotom-Heat|223\/304 psn
|
|-heal|p2a: Rotom-Heat|242\/304 psn|[from] item: Leftovers
|-heal|p1a: Sporini|316\/432|[from] item: Black Sludge
|-damage|p2a: Rotom-Heat|204\/304 psn|[from] psn
|turn|60
|
|move|p2a: Rotom-Heat|Will-O-Wisp|p1a: Sporini
|-status|p1a: Sporini|brn
|move|p1a: Sporini|Sludge Bomb|p2a: Rotom-Heat
|-damage|p2a: Rotom-Heat|135\/304 psn
|
|-heal|p2a: Rotom-Heat|154\/304 psn|[from] item: Leftovers
|-heal|p1a: Sporini|343\/432 brn|[from] item: Black Sludge
|-damage|p2a: Rotom-Heat|116\/304 psn|[from] psn
|-damage|p1a: Sporini|289\/432 brn|[from] brn
|turn|61
|
|switch|p1a: Zup|Slowbro, F|267\/394 brn
|move|p2a: Rotom-Heat|Pain Split|p1a: Zup
|-sethp|p1a: Zup|191\/394 brn|p2a: Rotom-Heat|191\/304 psn|[from] move: Pain Split
|
|-heal|p2a: Rotom-Heat|210\/304 psn|[from] item: Leftovers
|-damage|p2a: Rotom-Heat|172\/304 psn|[from] psn
|-damage|p1a: Zup|142\/394 brn|[from] brn
|turn|62
|
|switch|p1a: Cyborg|Magnezone|217\/281
|move|p2a: Rotom-Heat|Volt Switch|p1a: Cyborg
|-resisted|p1a: Cyborg
|-damage|p1a: Cyborg|172\/281
|
|switch|p2a: Tentacruel|Tentacruel, M|238\/364
|
|-heal|p2a: Tentacruel|260\/364|[from] item: Black Sludge
|turn|63
|
|switch|p2a: Altaria|Altaria-Mega, F|195\/292
|move|p1a: Cyborg|Volt Switch|p2a: Altaria
|-resisted|p2a: Altaria
|-damage|p2a: Altaria|135\/292
|
|switch|p1a: Rainbow Dash|Keldeo-Resolute, shiny|322\/322
|
|turn|64
|
|switch|p2a: Tentacruel|Tentacruel, M|260\/364
|move|p1a: Rainbow Dash|Icy Wind|p2a: Tentacruel
|-resisted|p2a: Tentacruel
|-damage|p2a: Tentacruel|215\/364
|-unboost|p2a: Tentacruel|spe|1
|
|-heal|p2a: Tentacruel|237\/364|[from] item: Black Sludge
|turn|65
|
|switch|p1a: Cyborg|Magnezone|172\/281
|move|p2a: Tentacruel|Acid Spray|p1a: Cyborg
|-immune|p1a: Cyborg|[msg]
|
|-heal|p2a: Tentacruel|259\/364|[from] item: Black Sludge
|turn|66
|
|switch|p1a: Rainbow Dash|Keldeo-Resolute, shiny|322\/322
|move|p2a: Tentacruel|Acid Spray|p1a: Rainbow Dash
|-damage|p1a: Rainbow Dash|277\/322
|-unboost|p1a: Rainbow Dash|spd|2
|
|-heal|p2a: Tentacruel|281\/364|[from] item: Black Sludge
|turn|67
|
|move|p1a: Rainbow Dash|Scald|p2a: Tentacruel
|-resisted|p2a: Tentacruel
|-damage|p2a: Tentacruel|188\/364
|-status|p2a: Tentacruel|brn
|move|p2a: Tentacruel|Scald|p1a: Rainbow Dash
|-resisted|p1a: Rainbow Dash
|-damage|p1a: Rainbow Dash|187\/322
|
|-heal|p2a: Tentacruel|210\/364 brn|[from] item: Black Sludge
|-damage|p2a: Tentacruel|165\/364 brn|[from] brn
|turn|68
|
|switch|p1a: Sporini|Amoonguss, F, shiny|432\/432 brn
|move|p2a: Tentacruel|Scald|p1a: Sporini
|-resisted|p1a: Sporini
|-damage|p1a: Sporini|392\/432 brn
|
|-heal|p2a: Tentacruel|187\/364 brn|[from] item: Black Sludge
|-heal|p1a: Sporini|419\/432 brn|[from] item: Black Sludge
|-damage|p2a: Tentacruel|142\/364 brn|[from] brn
|-damage|p1a: Sporini|365\/432 brn|[from] brn
|turn|69
|
|move|p2a: Tentacruel|Toxic Spikes|p1a: Sporini
|-sidestart|p1: Mr. Purr|move: Toxic Spikes
|move|p1a: Sporini|Sludge Bomb|p2a: Tentacruel
|-crit|p2a: Tentacruel
|-resisted|p2a: Tentacruel
|-damage|p2a: Tentacruel|85\/364 brn
|
|-heal|p2a: Tentacruel|107\/364 brn|[from] item: Black Sludge
|-heal|p1a: Sporini|392\/432 brn|[from] item: Black Sludge
|-damage|p2a: Tentacruel|62\/364 brn|[from] brn
|-damage|p1a: Sporini|338\/432 brn|[from] brn
|turn|70
|
|move|p2a: Tentacruel|Acid Spray|p1a: Sporini
|-damage|p1a: Sporini|295\/432 brn
|-unboost|p1a: Sporini|spd|2
|move|p1a: Sporini|Sludge Bomb|p2a: Tentacruel
|-resisted|p2a: Tentacruel
|-damage|p2a: Tentacruel|23\/364 brn
|
|-heal|p2a: Tentacruel|45\/364 brn|[from] item: Black Sludge
|-heal|p1a: Sporini|322\/432 brn|[from] item: Black Sludge
|-damage|p2a: Tentacruel|0 fnt|[from] brn
|-damage|p1a: Sporini|268\/432 brn|[from] brn
|faint|p2a: Tentacruel
|
|switch|p2a: Rotom-Heat|Rotom-Heat|172\/304 psn
|turn|71
|
|switch|p1a: Zup|Slowbro, F|273\/394 brn
|move|p2a: Rotom-Heat|Overheat|p1a: Zup
|-resisted|p1a: Zup
|-damage|p1a: Zup|174\/394 brn
|-unboost|p2a: Rotom-Heat|spa|2
|
|-heal|p2a: Rotom-Heat|191\/304 psn|[from] item: Leftovers
|-damage|p2a: Rotom-Heat|153\/304 psn|[from] psn
|-damage|p1a: Zup|125\/394 brn|[from] brn
|turn|72
|
|switch|p1a: Sporini|Amoonguss, F, shiny|412\/432 brn
|-sideend|p1: Mr. Purr|move: Toxic Spikes|[of] p1a: Sporini
|move|p2a: Rotom-Heat|Volt Switch|p1a: Sporini
|-resisted|p1a: Sporini
|-damage|p1a: Sporini|391\/432 brn
|
|switch|p2a: Altaria|Altaria-Mega, F|135\/292
|
|-heal|p1a: Sporini|418\/432 brn|[from] item: Black Sludge
|-damage|p1a: Sporini|364\/432 brn|[from] brn
|turn|73
|
|switch|p2a: Rotom-Heat|Rotom-Heat|153\/304 psn
|move|p1a: Sporini|Sludge Bomb|p2a: Rotom-Heat
|-damage|p2a: Rotom-Heat|87\/304 psn
|
|-heal|p2a: Rotom-Heat|106\/304 psn|[from] item: Leftovers
|-heal|p1a: Sporini|391\/432 brn|[from] item: Black Sludge
|-damage|p2a: Rotom-Heat|68\/304 psn|[from] psn
|-damage|p1a: Sporini|337\/432 brn|[from] brn
|turn|74
|
|move|p2a: Rotom-Heat|Pain Split|p1a: Sporini
|-sethp|p1a: Sporini|202\/432 brn|p2a: Rotom-Heat|202\/304 psn|[from] move: Pain Split
|move|p1a: Sporini|Sludge Bomb|p2a: Rotom-Heat
|-damage|p2a: Rotom-Heat|135\/304 psn
|
|-heal|p2a: Rotom-Heat|154\/304 psn|[from] item: Leftovers
|-heal|p1a: Sporini|229\/432 brn|[from] item: Black Sludge
|-damage|p2a: Rotom-Heat|116\/304 psn|[from] psn
|-damage|p1a: Sporini|175\/432 brn|[from] brn
|turn|75
|
|switch|p1a: Zup|Slowbro, F|256\/394 brn
|move|p2a: Rotom-Heat|Volt Switch|p1a: Zup
|-supereffective|p1a: Zup
|-damage|p1a: Zup|50\/394 brn
|
|switch|p2a: Altaria|Altaria-Mega, F|135\/292
|
|-damage|p1a: Zup|1\/394 brn|[from] brn
|turn|76
|
|switch|p1a: Sporini|Amoonguss, F, shiny|319\/432 brn
|move|p2a: Altaria|Dragon Dance|p2a: Altaria
|-boost|p2a: Altaria|atk|1
|-boost|p2a: Altaria|spe|1
|
|-heal|p1a: Sporini|346\/432 brn|[from] item: Black Sludge
|-damage|p1a: Sporini|292\/432 brn|[from] brn
|turn|77
|
|move|p2a: Altaria|Earthquake|p1a: Sporini
|-damage|p1a: Sporini|100\/432 brn
|move|p1a: Sporini|Sludge Bomb|p2a: Altaria
|-supereffective|p2a: Altaria
|-damage|p2a: Altaria|0 fnt
|faint|p2a: Altaria
|
|-heal|p1a: Sporini|127\/432 brn|[from] item: Black Sludge
|-damage|p1a: Sporini|73\/432 brn|[from] brn
|-message|Scizeon forfeited.
|
|win|Mr. Purr
|raw|Ladder updating...
|leave|Scizeon
|player|p2
|raw|Mr. Purr's rating: 1386 &rarr; <strong>1403<\/strong><br \/>(+17 for winning)
|raw|Scizeon's rating: 1339 &rarr; <strong>1322<\/strong><br \/>(-17 for losing)