|join|Scizeon
|join|gabwab
|player|p1|Scizeon|170
|player|p2|gabwab|265
|gametype|singles
|gen|6
|tier|OU
|rated
|clearpoke
|poke|p1|Crobat, M
|poke|p1|Trevenant, F
|poke|p1|Heatran, F
|poke|p1|Sylveon, F
|poke|p1|Umbreon, F
|poke|p1|Manectric, F
|poke|p2|Terrakion
|poke|p2|Dusclops, M
|poke|p2|Vaporeon, F
|poke|p2|Alakazam, M
|poke|p2|Zapdos
|poke|p2|Gengar, M, shiny
|rule|Sleep Clause Mod: Limit one foe put to sleep
|rule|Species Clause: Limit one of each Pokemon
|rule|OHKO Clause: OHKO moves are banned
|rule|Moody Clause: Moody is banned
|rule|Evasion Moves Clause: Evasion moves are banned
|rule|Endless Battle Clause: Forcing endless battles is banned.
|rule|HP Percentage Mod: HP is reported as percentages
|teampreview
|leave|Scizeon
|player|p1
|join|Scizeon
|player|p1|Scizeon|170
|teampreview
|
|start
|switch|p1a: Trevenant|Trevenant, F|374\/374
|switch|p2a: Murder|Terrakion|324\/324
|turn|1
|
|switch|p2a: Zapdos|Zapdos|384\/384
|-ability|p2a: Zapdos|Pressure
|move|p1a: Trevenant|Substitute|p1a: Trevenant
|-start|p1a: Trevenant|Substitute
|-damage|p1a: Trevenant|281\/374
|
|turn|2
|
|move|p2a: Zapdos|Thunderbolt|p1a: Trevenant
|-resisted|p1a: Trevenant
|-activate|p1a: Trevenant|Substitute|[damage]
|move|p1a: Trevenant|Will-O-Wisp|p2a: Zapdos
|-status|p2a: Zapdos|brn
|
|-damage|p2a: Zapdos|336\/384 brn|[from] brn
|turn|3
|
|switch|p2a: sorry|Dusclops, M|284\/284
|-ability|p2a: sorry|Pressure
|move|p1a: Trevenant|Leech Seed|p2a: sorry
|-start|p2a: sorry|move: Leech Seed
|
|-damage|p2a: sorry|249\/284|[from] Leech Seed|[of] p1a: Trevenant
|-heal|p1a: Trevenant|316\/374|[silent]
|turn|4
|
|move|p1a: Trevenant|Curse|p2a: sorry
|-start|p2a: sorry|Curse|[of] p1a: Trevenant
|-damage|p1a: Trevenant|129\/374
|-enditem|p1a: Trevenant|Sitrus Berry|[eat]
|-heal|p1a: Trevenant|222\/374|[from] item: Sitrus Berry
|move|p2a: sorry|Curse|p1a: Trevenant
|-start|p1a: Trevenant|Curse|[of] p2a: sorry
|-damage|p2a: sorry|107\/284
|
|-damage|p2a: sorry|72\/284|[from] Leech Seed|[of] p1a: Trevenant
|-heal|p1a: Trevenant|257\/374|[silent]
|-damage|p1a: Trevenant|164\/374|[from] Curse
|-damage|p2a: sorry|1\/284|[from] Curse
|turn|5
|
|switch|p1a: Heatran|Heatran, F|386\/386
|move|p2a: sorry|Pain Split|p1a: Heatran
|-sethp|p1a: Heatran|193\/386|p2a: sorry|193\/284|[from] move: Pain Split
|
|-heal|p1a: Heatran|217\/386|[from] item: Leftovers
|-damage|p2a: sorry|158\/284|[from] Leech Seed|[of] p1a: Heatran
|-heal|p1a: Heatran|252\/386|[silent]
|-damage|p2a: sorry|87\/284|[from] Curse
|turn|6
|
|move|p1a: Heatran|Taunt|p2a: sorry
|-start|p2a: sorry|move: Taunt
|cant|p2a: sorry|move: Taunt|Curse
|
|-heal|p1a: Heatran|276\/386|[from] item: Leftovers
|-damage|p2a: sorry|52\/284|[from] Leech Seed|[of] p1a: Heatran
|-heal|p1a: Heatran|311\/386|[silent]
|-damage|p2a: sorry|0 fnt|[from] Curse
|faint|p2a: sorry
|
|switch|p2a: Murder|Terrakion|324\/324
|turn|7
|
|move|p2a: Murder|Close Combat|p1a: Heatran
|-supereffective|p1a: Heatran
|-damage|p1a: Heatran|0 fnt
|-unboost|p2a: Murder|def|1
|-unboost|p2a: Murder|spd|1
|-damage|p2a: Murder|292\/324|[from] item: Life Orb
|faint|p1a: Heatran
|
|
|switch|p1a: Crobat|Crobat, M|353\/353
|turn|8
|
|switch|p2a: Zapdos|Zapdos|336\/384 brn
|-ability|p2a: Zapdos|Pressure
|move|p1a: Crobat|Brave Bird|p2a: Zapdos
|-resisted|p2a: Zapdos
|-damage|p2a: Zapdos|273\/384 brn
|-damage|p1a: Crobat|332\/353|[from] recoil|[of] p2a: Zapdos
|
|-heal|p1a: Crobat|353\/353|[from] item: Black Sludge
|-heal|p2a: Zapdos|297\/384 brn|[from] item: Leftovers
|-damage|p2a: Zapdos|249\/384 brn|[from] brn
|turn|9
|
|switch|p1a: Manectric|Manectric, F|281\/281
|move|p2a: Zapdos|Roost|p2a: Zapdos
|-heal|p2a: Zapdos|384\/384 brn
|
|-damage|p2a: Zapdos|336\/384 brn|[from] brn
|turn|10
|
|move|p1a: Manectric|Hidden Power|p2a: Zapdos
|-supereffective|p2a: Zapdos
|-damage|p2a: Zapdos|208\/384 brn
|move|p2a: Zapdos|Roost|p2a: Zapdos
|-heal|p2a: Zapdos|384\/384 brn
|
|-damage|p2a: Zapdos|336\/384 brn|[from] brn
|turn|11
|
|-formechange|p1a: Manectric|Manectric-Mega
|message|Manectric has Mega Evolved into Mega Manectric!
|-ability|p1a: Manectric|Intimidate|[of] p2a: Zapdos
|-unboost|p2a: Zapdos|atk|1
|move|p1a: Manectric|Hidden Power|p2a: Zapdos
|-supereffective|p2a: Zapdos
|-damage|p2a: Zapdos|192\/384 brn
|move|p2a: Zapdos|Thunderbolt|p1a: Manectric
|-crit|p1a: Manectric
|-resisted|p1a: Manectric
|-damage|p1a: Manectric|164\/281
|
|-heal|p2a: Zapdos|216\/384 brn|[from] item: Leftovers
|-damage|p2a: Zapdos|168\/384 brn|[from] brn
|turn|12
|
|move|p1a: Manectric|Thunder|p2a: Zapdos
|-damage|p2a: Zapdos|0 fnt
|faint|p2a: Zapdos
|
|
|switch|p2a: Die with Me?|Gengar, M, shiny|261\/261
|turn|13
|
|switch|p1a: Sylveon|Sylveon, F|394\/394
|move|p2a: Die with Me?|Trick|p1a: Sylveon
|-activate|p2a: Die with Me?|move: Trick|[of] p1a: Sylveon
|-item|p1a: Sylveon|Choice Scarf|[from] move: Trick
|-item|p2a: Die with Me?|Leftovers|[from] move: Trick
|
|turn|14
|
|switch|p2a: Vaporeon|Vaporeon, F|464\/464
|move|p1a: Sylveon|Hyper Voice|p2a: Vaporeon
|-crit|p2a: Vaporeon
|-damage|p2a: Vaporeon|221\/464
|
|-heal|p2a: Vaporeon|250\/464|[from] item: Leftovers
|turn|15
|
|switch|p1a: Manectric|Manectric, F|164\/281
|-formechange|p1a: Manectric|Manectric-Mega
|-ability|p1a: Manectric|Intimidate|[of] p2a: Vaporeon
|-unboost|p2a: Vaporeon|atk|1
|switch|p2a: Murder|Terrakion|292\/324
|
|turn|16
|
|move|p1a: Manectric|Volt Switch|p2a: Murder
|-crit|p2a: Murder
|-damage|p2a: Murder|79\/324
|
|switch|p1a: Crobat|Crobat, M|353\/353
|move|p2a: Murder|Stone Edge|p1a: Crobat
|-supereffective|p1a: Crobat
|-damage|p1a: Crobat|0 fnt
|-damage|p2a: Murder|47\/324|[from] item: Life Orb
|faint|p1a: Crobat
|
|
|switch|p1a: Manectric|Manectric, F|164\/281
|-formechange|p1a: Manectric|Manectric-Mega
|-ability|p1a: Manectric|Intimidate|[of] p2a: Murder
|-unboost|p2a: Murder|atk|1
|turn|17
|
|switch|p2a: Vaporeon|Vaporeon, F|250\/464
|move|p1a: Manectric|Volt Switch|p2a: Vaporeon
|-supereffective|p2a: Vaporeon
|-damage|p2a: Vaporeon|0 fnt
|faint|p2a: Vaporeon
|
|switch|p1a: Trevenant|Trevenant, F|164\/374
|
|-item|p1a: Trevenant|Sitrus Berry|[from] ability: Harvest
|
|switch|p2a: Alakazam|Alakazam, M|252\/252
|-enditem|p1a: Trevenant|Sitrus Berry|[eat]
|-heal|p1a: Trevenant|257\/374|[from] item: Sitrus Berry
|turn|18
|
|move|p2a: Alakazam|Focus Blast|p1a: Trevenant
|-immune|p1a: Trevenant|[msg]
|move|p1a: Trevenant|Leech Seed|p2a: Alakazam
|-start|p2a: Alakazam|move: Leech Seed
|
|-item|p1a: Trevenant|Sitrus Berry|[from] ability: Harvest
|turn|19
|
|move|p2a: Alakazam|Focus Blast|p1a: Trevenant
|-immune|p1a: Trevenant|[msg]
|move|p1a: Trevenant|Substitute|p1a: Trevenant
|-start|p1a: Trevenant|Substitute
|-damage|p1a: Trevenant|164\/374
|-enditem|p1a: Trevenant|Sitrus Berry|[eat]
|-heal|p1a: Trevenant|257\/374|[from] item: Sitrus Berry
|
|turn|20
|
|move|p2a: Alakazam|Psychic|p1a: Trevenant
|-end|p1a: Trevenant|Substitute
|move|p1a: Trevenant|Will-O-Wisp|p2a: Alakazam
|-status|p2a: Alakazam|brn
|
|-item|p1a: Trevenant|Sitrus Berry|[from] ability: Harvest
|turn|21
|
|switch|p1a: Umbreon|Umbreon, F|394\/394
|move|p2a: Alakazam|Focus Blast|p1a: Umbreon
|-supereffective|p1a: Umbreon
|-damage|p1a: Umbreon|126\/394
|
|-heal|p1a: Umbreon|150\/394|[from] item: Leftovers
|turn|22
|
|switch|p1a: Sylveon|Sylveon, F|394\/394
|move|p2a: Alakazam|Dazzling Gleam|p1a: Sylveon
|-crit|p1a: Sylveon
|-damage|p1a: Sylveon|298\/394
|
|turn|23
|leave|Scizeon
|player|p1
|-message|scizeon lost due to inactivity.
|
|win|gabwab
|raw|Ladder updating...
|raw|Scizeon's rating: 1752 &rarr; <strong>1723<\/strong><br \/>(-29 for losing)
|raw|gabwab's rating: 1566 &rarr; <strong>1596<\/strong><br \/>(+30 for winning)