|join|Scizeon
|join|rs (not c0sta)
|player|p1|Scizeon|169
|player|p2|rs (not c0sta)|1
|gametype|singles
|gen|6
|tier|OU
|rated
|clearpoke
|poke|p1|Gliscor, M
|poke|p1|Salamence, F
|poke|p1|Sylveon, F
|poke|p1|Heatran, F
|poke|p1|Ampharos, F
|poke|p1|Ferrothorn, F
|poke|p2|Gyarados, F
|poke|p2|Volcarona, M
|poke|p2|Latios, M
|poke|p2|Azumarill, F
|poke|p2|Garchomp, M
|poke|p2|Alakazam, M
|rule|Sleep Clause Mod: Limit one foe put to sleep
|rule|Species Clause: Limit one of each Pokemon
|rule|OHKO Clause: OHKO moves are banned
|rule|Moody Clause: Moody is banned
|rule|Evasion Moves Clause: Evasion moves are banned
|rule|Endless Battle Clause: Forcing endless battles is banned.
|rule|HP Percentage Mod: HP is reported as percentages
|teampreview
|
|start
|switch|p1a: Ampharos|Ampharos, F|384\/384
|switch|p2a: Garchomp|Garchomp, M|357\/357
|turn|1
|
|-formechange|p1a: Ampharos|Ampharos-Mega
|message|Ampharos has Mega Evolved into Mega Ampharos!
|-ability|p1a: Ampharos|Mold Breaker
|move|p2a: Garchomp|Stealth Rock|p1a: Ampharos
|-sidestart|p1: Scizeon|move: Stealth Rock
|move|p1a: Ampharos|Dragon Pulse|p2a: Garchomp
|-supereffective|p2a: Garchomp
|-enditem|p2a: Garchomp|Focus Sash
|-damage|p2a: Garchomp|1\/357
|
|turn|2
|
|switch|p1a: Gliscor|Gliscor, M|354\/354
|-damage|p1a: Gliscor|310\/354|[from] Stealth Rock
|move|p2a: Garchomp|Earthquake|p1a: Gliscor
|-immune|p1a: Gliscor|[msg]
|
|-status|p1a: Gliscor|tox|[from] item: Toxic Orb
|turn|3
|
|move|p2a: Garchomp|Dragon Claw|p1a: Gliscor
|-damage|p1a: Gliscor|219\/354 tox
|move|p1a: Gliscor|Earthquake|p2a: Garchomp
|-damage|p2a: Garchomp|0 fnt
|faint|p2a: Garchomp
|
|-heal|p1a: Gliscor|263\/354 tox|[from] ability: Poison Heal
|
|switch|p2a: Volcarona|Volcarona, M|311\/311
|turn|4
|
|switch|p2a: Gyarados|Gyarados, F|353\/353
|-ability|p2a: Gyarados|Intimidate|[of] p1a: Gliscor
|-unboost|p1a: Gliscor|atk|1
|switch|p1a: Heatran|Heatran, F|386\/386
|-damage|p1a: Heatran|338\/386|[from] Stealth Rock
|
|-heal|p1a: Heatran|362\/386|[from] item: Leftovers
|turn|5
|
|switch|p1a: Ferrothorn|Ferrothorn, F|352\/352
|-damage|p1a: Ferrothorn|330\/352|[from] Stealth Rock
|-formechange|p2a: Gyarados|Gyarados-Mega
|message|Gyarados has Mega Evolved into Mega Gyarados!
|-ability|p2a: Gyarados|Mold Breaker
|move|p2a: Gyarados|Dragon Dance|p2a: Gyarados
|-boost|p2a: Gyarados|atk|1
|-boost|p2a: Gyarados|spe|1
|
|-heal|p1a: Ferrothorn|352\/352|[from] item: Leftovers
|turn|6
|
|move|p2a: Gyarados|Taunt|p1a: Ferrothorn
|-start|p1a: Ferrothorn|move: Taunt
|cant|p1a: Ferrothorn|move: Taunt|Spikes
|
|turn|7
|
|move|p2a: Gyarados|Earthquake|p1a: Ferrothorn
|-damage|p1a: Ferrothorn|223\/352
|move|p1a: Ferrothorn|Power Whip|p2a: Gyarados
|-supereffective|p2a: Gyarados
|-damage|p2a: Gyarados|99\/353
|
|-heal|p1a: Ferrothorn|245\/352|[from] item: Leftovers
|turn|8
|
|move|p2a: Gyarados|Earthquake|p1a: Ferrothorn
|-damage|p1a: Ferrothorn|106\/352
|move|p1a: Ferrothorn|Gyro Ball|p2a: Gyarados
|-resisted|p2a: Gyarados
|-damage|p2a: Gyarados|17\/353
|
|-heal|p1a: Ferrothorn|128\/352|[from] item: Leftovers
|-end|p1a: Ferrothorn|move: Taunt
|turn|9
|
|switch|p1a: Salamence|Salamence, F|331\/331
|-damage|p1a: Salamence|249\/331|[from] Stealth Rock
|move|p2a: Gyarados|Earthquake|p1a: Salamence
|-immune|p1a: Salamence|[msg]
|
|turn|10
|
|move|p1a: Salamence|Dragon Claw|p2a: Gyarados
|-damage|p2a: Gyarados|0 fnt
|faint|p2a: Gyarados
|-boost|p1a: Salamence|atk|1|[from] ability: Moxie
|
|
|switch|p2a: Azumarill|Azumarill, F|342\/342
|turn|11
|
|switch|p1a: Ferrothorn|Ferrothorn, F|128\/352
|-damage|p1a: Ferrothorn|106\/352|[from] Stealth Rock
|move|p2a: Azumarill|Belly Drum|p2a: Azumarill
|-damage|p2a: Azumarill|171\/342
|-setboost|p2a: Azumarill|atk|6|[from] move: Belly Drum
|-enditem|p2a: Azumarill|Sitrus Berry|[eat]
|-heal|p2a: Azumarill|256\/342|[from] item: Sitrus Berry
|
|-heal|p1a: Ferrothorn|128\/352|[from] item: Leftovers
|turn|12
|
|move|p2a: Azumarill|Play Rough|p1a: Ferrothorn
|-resisted|p1a: Ferrothorn
|-damage|p1a: Ferrothorn|0 fnt
|-damage|p2a: Azumarill|214\/342|[from] ability: Iron Barbs|[of] p1a: Ferrothorn
|faint|p1a: Ferrothorn
|
|
|switch|p1a: Ampharos|Ampharos, F|384\/384
|-formechange|p1a: Ampharos|Ampharos-Mega
|-damage|p1a: Ampharos|336\/384|[from] Stealth Rock
|-ability|p1a: Ampharos|Mold Breaker
|turn|13
|
|move|p2a: Azumarill|Play Rough|p1a: Ampharos
|-supereffective|p1a: Ampharos
|-damage|p1a: Ampharos|0 fnt
|faint|p1a: Ampharos
|
|-message|Scizeon forfeited.
|
|win|rs (not c0sta)
|raw|Ladder updating...
|leave|Scizeon
|player|p1