|join|N4f33z
|join|Scizeon
|player|p1|N4f33z|52
|player|p2|Scizeon|288
|gametype|singles
|gen|6
|tier|OU
|rated
|clearpoke
|poke|p1|Cloyster, M
|poke|p1|Wobbuffet, M
|poke|p1|Rotom-Wash
|poke|p1|Espeon, F
|poke|p1|Pinsir, M
|poke|p1|Zygarde
|poke|p2|Venusaur, M
|poke|p2|Slowbro, F
|poke|p2|Heatran, F
|poke|p2|Excadrill, M
|poke|p2|Sylveon, M
|poke|p2|Gengar, M
|rule|Swagger Clause: Swagger is banned
|rule|Baton Pass Clause: Limit one PokÃ©mon knowing Baton Pass
|rule|Sleep Clause Mod: Limit one foe put to sleep
|rule|Species Clause: Limit one of each PokÃ©mon
|rule|OHKO Clause: OHKO moves are banned
|rule|Moody Clause: Moody is banned
|rule|Evasion Moves Clause: Evasion moves are banned
|rule|Endless Battle Clause: Forcing endless battles is banned
|rule|HP Percentage Mod: HP is shown in percentages
|teampreview
|
|start
|switch|p1a: Rotom-Wash|Rotom-Wash|276\/276
|switch|p2a: Gengar|Gengar, M|259\/259
|turn|1
|
|switch|p2a: Sylveon|Sylveon, M|394\/394
|move|p1a: Rotom-Wash|Volt Switch|p2a: Sylveon
|-damage|p2a: Sylveon|333\/394
|
|switch|p1a: Pinsir|Pinsir, M|272\/272
|
|-heal|p2a: Sylveon|357\/394|[from] item: Leftovers
|turn|2
|
|switch|p2a: Slowbro|Slowbro, F|393\/393
|detailschange|p1a: Pinsir|Pinsir-Mega, M
|-mega|p1a: Pinsir|Pinsir|Pinsirite
|move|p1a: Pinsir|Return|p2a: Slowbro
|-damage|p2a: Slowbro|216\/393
|-damage|p1a: Pinsir|227\/272|[from] item: Rocky Helmet|[of] p2a: Slowbro
|
|turn|3
|
|move|p1a: Pinsir|Swords Dance|p1a: Pinsir
|-boost|p1a: Pinsir|atk|2
|move|p2a: Slowbro|Scald|p1a: Pinsir
|-damage|p1a: Pinsir|124\/272
|
|turn|4
|
|move|p1a: Pinsir|Return|p2a: Slowbro
|-damage|p2a: Slowbro|0 fnt
|-damage|p1a: Pinsir|79\/272|[from] item: Rocky Helmet|[of] p2a: Slowbro
|faint|p2a: Slowbro
|
|
|switch|p2a: Excadrill|Excadrill, M|362\/362
|-ability|p2a: Excadrill|Mold Breaker
|turn|5
|
|move|p2a: Excadrill|Iron Head|p1a: Pinsir
|-damage|p1a: Pinsir|0 fnt
|faint|p1a: Pinsir
|
|
|switch|p1a: Wobbuffet|Wobbuffet, M|584\/584
|turn|6
|
|move|p2a: Excadrill|Iron Head|p1a: Wobbuffet
|-damage|p1a: Wobbuffet|332\/584
|move|p1a: Wobbuffet|Counter|p2a: Excadrill
|-damage|p2a: Excadrill|0 fnt
|faint|p2a: Excadrill
|
|-heal|p1a: Wobbuffet|368\/584|[from] item: Leftovers
|
|switch|p2a: Gengar|Gengar, M|259\/259
|turn|7
|
|move|p2a: Gengar|Shadow Ball|p1a: Wobbuffet
|-supereffective|p1a: Wobbuffet
|-damage|p1a: Wobbuffet|14\/584
|-damage|p2a: Gengar|234\/259|[from] item: Life Orb
|move|p1a: Wobbuffet|Destiny Bond|p1a: Wobbuffet
|-singlemove|p1a: Wobbuffet|Destiny Bond
|
|-heal|p1a: Wobbuffet|50\/584|[from] item: Leftovers
|turn|8
|
|move|p2a: Gengar|Taunt|p1a: Wobbuffet
|-start|p1a: Wobbuffet|move: Taunt
|cant|p1a: Wobbuffet|move: Taunt|Encore
|
|-heal|p1a: Wobbuffet|86\/584|[from] item: Leftovers
|turn|9
|
|move|p2a: Gengar|Shadow Ball|p1a: Wobbuffet
|-supereffective|p1a: Wobbuffet
|-damage|p1a: Wobbuffet|0 fnt
|-damage|p2a: Gengar|209\/259|[from] item: Life Orb
|faint|p1a: Wobbuffet
|
|
|switch|p1a: Cloyster|Cloyster, M|242\/242
|turn|10
|
|move|p2a: Gengar|Focus Blast|p1a: Cloyster
|-supereffective|p1a: Cloyster
|-enditem|p1a: Cloyster|Focus Sash
|-damage|p1a: Cloyster|1\/242
|-damage|p2a: Gengar|184\/259|[from] item: Life Orb
|move|p1a: Cloyster|Shell Smash|p1a: Cloyster
|-boost|p1a: Cloyster|atk|2
|-boost|p1a: Cloyster|spa|2
|-boost|p1a: Cloyster|spe|2
|-unboost|p1a: Cloyster|def|1
|-unboost|p1a: Cloyster|spd|1
|
|turn|11
|
|switch|p2a: Heatran|Heatran, F|386\/386
|move|p1a: Cloyster|Icicle Spear|p2a: Heatran
|-resisted|p2a: Heatran
|-damage|p2a: Heatran|367\/386
|-resisted|p2a: Heatran
|-damage|p2a: Heatran|347\/386
|-resisted|p2a: Heatran
|-damage|p2a: Heatran|327\/386
|-resisted|p2a: Heatran
|-damage|p2a: Heatran|308\/386
|-resisted|p2a: Heatran
|-damage|p2a: Heatran|289\/386
|-hitcount|p2a: Heatran|5
|
|-heal|p2a: Heatran|313\/386|[from] item: Leftovers
|turn|12
|
|move|p1a: Cloyster|Razor Shell|p2a: Heatran
|-supereffective|p2a: Heatran
|-damage|p2a: Heatran|0 fnt
|faint|p2a: Heatran
|
|
|switch|p2a: Venusaur|Venusaur, M|363\/363
|turn|13
|
|detailschange|p2a: Venusaur|Venusaur-Mega, M
|-mega|p2a: Venusaur|Venusaur|Venusaurite
|move|p1a: Cloyster|Icicle Spear|p2a: Venusaur
|-supereffective|p2a: Venusaur
|-damage|p2a: Venusaur|309\/363
|-crit|p2a: Venusaur
|-supereffective|p2a: Venusaur
|-damage|p2a: Venusaur|237\/363
|-supereffective|p2a: Venusaur
|-damage|p2a: Venusaur|183\/363
|-supereffective|p2a: Venusaur
|-damage|p2a: Venusaur|133\/363
|-supereffective|p2a: Venusaur
|-damage|p2a: Venusaur|83\/363
|-hitcount|p2a: Venusaur|5
|move|p2a: Venusaur|Earthquake|p1a: Cloyster
|-damage|p1a: Cloyster|0 fnt
|faint|p1a: Cloyster
|
|
|switch|p1a: Espeon|Espeon, F|271\/271
|turn|14
|
|switch|p2a: Sylveon|Sylveon, M|357\/394
|move|p1a: Espeon|Psychic|p2a: Sylveon
|-damage|p2a: Sylveon|200\/394
|
|-heal|p2a: Sylveon|224\/394|[from] item: Leftovers
|turn|15
|
|switch|p1a: Rotom-Wash|Rotom-Wash|276\/276
|move|p2a: Sylveon|Wish|p2a: Sylveon
|
|-heal|p2a: Sylveon|248\/394|[from] item: Leftovers
|turn|16
|
|switch|p2a: Venusaur|Venusaur-Mega, M|83\/363
|move|p1a: Rotom-Wash|Volt Switch|p2a: Venusaur
|-resisted|p2a: Venusaur
|-damage|p2a: Venusaur|29\/363
|
|switch|p1a: Zygarde|Zygarde|358\/358
|-ability|p1a: Zygarde|Aura Break
|
|-heal|p2a: Venusaur|226\/363|[from] move: Wish|[wisher] Sylveon
|turn|17
|
|move|p1a: Zygarde|Dragon Dance|p1a: Zygarde
|-boost|p1a: Zygarde|atk|1
|-boost|p1a: Zygarde|spe|1
|move|p2a: Venusaur|Leech Seed|p1a: Zygarde
|-start|p1a: Zygarde|move: Leech Seed
|
|-damage|p1a: Zygarde|314\/358|[from] Leech Seed|[of] p2a: Venusaur
|-heal|p2a: Venusaur|270\/363|[silent]
|turn|18
|
|move|p1a: Zygarde|Dragon Dance|p1a: Zygarde
|-boost|p1a: Zygarde|atk|1
|-boost|p1a: Zygarde|spe|1
|move|p2a: Venusaur|Sludge Bomb|p1a: Zygarde
|-resisted|p1a: Zygarde
|-damage|p1a: Zygarde|246\/358
|
|-damage|p1a: Zygarde|202\/358|[from] Leech Seed|[of] p2a: Venusaur
|-heal|p2a: Venusaur|314\/363|[silent]
|turn|19
|
|move|p1a: Zygarde|Earthquake|p2a: Venusaur
|-damage|p2a: Venusaur|112\/363
|move|p2a: Venusaur|Sludge Bomb|p1a: Zygarde
|-resisted|p1a: Zygarde
|-damage|p1a: Zygarde|133\/358
|-status|p1a: Zygarde|psn
|-enditem|p1a: Zygarde|Lum Berry|[eat]
|-curestatus|p1a: Zygarde|psn
|
|-damage|p1a: Zygarde|89\/358|[from] Leech Seed|[of] p2a: Venusaur
|-heal|p2a: Venusaur|156\/363|[silent]
|turn|20
|
|switch|p2a: Gengar|Gengar, M|184\/259
|move|p1a: Zygarde|Outrage|p2a: Gengar
|-damage|p2a: Gengar|0 fnt
|faint|p2a: Gengar
|
|
|switch|p2a: Sylveon|Sylveon, M|248\/394
|turn|21
|
|move|p1a: Zygarde|Outrage|p2a: Sylveon
|-immune|p2a: Sylveon|[msg]
|move|p2a: Sylveon|Hyper Voice|p1a: Zygarde
|-supereffective|p1a: Zygarde
|-damage|p1a: Zygarde|0 fnt
|faint|p1a: Zygarde
|
|-heal|p2a: Sylveon|272\/394|[from] item: Leftovers
|
|switch|p1a: Rotom-Wash|Rotom-Wash|276\/276
|turn|22
|
|move|p1a: Rotom-Wash|Trick|p2a: Sylveon
|-activate|p1a: Rotom-Wash|move: Trick|[of] p2a: Sylveon
|-item|p2a: Sylveon|Choice Scarf|[from] move: Trick
|-item|p1a: Rotom-Wash|Leftovers|[from] move: Trick
|move|p2a: Sylveon|Wish|p2a: Sylveon
|
|turn|23
|
|switch|p1a: Espeon|Espeon, F|271\/271
|switch|p2a: Venusaur|Venusaur-Mega, M|156\/363
|
|-heal|p2a: Venusaur|353\/363|[from] move: Wish|[wisher] Sylveon
|turn|24
|
|switch|p1a: Rotom-Wash|Rotom-Wash|276\/276
|move|p2a: Venusaur|Sludge Bomb|p1a: Rotom-Wash
|-damage|p1a: Rotom-Wash|167\/276
|
|-heal|p1a: Rotom-Wash|184\/276|[from] item: Leftovers
|turn|25
|
|move|p1a: Rotom-Wash|Volt Switch|p2a: Venusaur
|-resisted|p2a: Venusaur
|-damage|p2a: Venusaur|301\/363
|
|switch|p1a: Espeon|Espeon, F|271\/271
|move|p2a: Venusaur|Sludge Bomb|p1a: Espeon
|-damage|p1a: Espeon|147\/271
|
|turn|26
|
|move|p1a: Espeon|Psychic|p2a: Venusaur
|-supereffective|p2a: Venusaur
|-damage|p2a: Venusaur|0 fnt
|faint|p2a: Venusaur
|
|
|switch|p2a: Sylveon|Sylveon, M|272\/394
|turn|27
|
|move|p1a: Espeon|Psychic|p2a: Sylveon
|-damage|p2a: Sylveon|128\/394
|move|p2a: Sylveon|Hyper Voice|p1a: Espeon
|-damage|p1a: Espeon|0 fnt
|faint|p1a: Espeon
|
|
|switch|p1a: Rotom-Wash|Rotom-Wash|184\/276
|turn|28
|
|move|p1a: Rotom-Wash|Hydro Pump|p2a: Sylveon
|-damage|p2a: Sylveon|31\/394
|move|p2a: Sylveon|Hyper Voice|p1a: Rotom-Wash
|-crit|p1a: Rotom-Wash
|-damage|p1a: Rotom-Wash|0 fnt
|faint|p1a: Rotom-Wash
|
|win|Scizeon
|raw|Ladder updating...
|raw|N4f33z's rating: 1638 &rarr; <strong>1612<\/strong><br \/>(-26 for losing)
|raw|Scizeon's rating: 1531 &rarr; <strong>1557<\/strong><br \/>(+26 for winning)
|leave|Scizeon
|player|p2