|join|Scizeon
|join|Gioltek
|player|p1|Scizeon|102
|player|p2|Gioltek|163
|gametype|singles
|tier|OU
|rated
|rule|Evasion Abilities Clause: Evasion abilities are banned
|clearpoke
|poke|p1|Ferrothorn, F
|poke|p1|Gastrodon, M
|poke|p1|Landorus-Therian, M
|poke|p1|Hydreigon, F
|poke|p1|Heatran, M
|poke|p1|Espeon, F
|poke|p2|Smeargle, L1, F
|poke|p2|Celebi
|poke|p2|Conkeldurr, F
|poke|p2|Bronzong
|poke|p2|Reuniclus, F
|poke|p2|Salamence, M
|rule|Sleep Clause Mod: Limit one foe put to sleep
|rule|Species Clause: Limit one of each Pokemon
|rule|OHKO Clause: OHKO moves are banned
|rule|Moody Clause: Moody is banned
|rule|Evasion Moves Clause: Evasion moves are banned
|rule|HP Percentage Mod: HP is reported as percentages
|teampreview
|callback|decision
|
|start
|switch|p1a: Landorus-Therian|Landorus-Therian, M|320\/320
|switch|p2a: Smeargle|Smeargle, L1, F|12\/12
|-ability|p1a: Landorus-Therian|Intimidate|[of] p2a: Smeargle
|-unboost|p2a: Smeargle|atk|1
|turn|1
|callback|decision
|
|move|p1a: Landorus-Therian|U-turn|p2a: Smeargle
|-crit|p2a: Smeargle
|-enditem|p2a: Smeargle|Focus Sash
|-damage|p2a: Smeargle|1\/12
|callback|decision
|
|switch|p1a: Espeon|Espeon, F|272\/272
|move|p2a: Smeargle|Spore|p1a: Espeon
|move|p1a: Espeon|Spore|p2a: Smeargle|[from]Magic Bounce
|-status|p2a: Smeargle|slp
|
|turn|2
|callback|decision
|
|move|p1a: Espeon|Psyshock|p2a: Smeargle
|-damage|p2a: Smeargle|0 fnt
|faint|p2a: Smeargle
|
|callback|decision
|
|switch|p2a: Bronzong|Bronzong|338\/338
|turn|3
|callback|decision
|
|switch|p1a: Ferrothorn|Ferrothorn, F|352\/352
|move|p2a: Bronzong|Trick Room|p2a: Bronzong
|-fieldstart|move: Trick Room|[of] p2a: Bronzong
|
|turn|4
|callback|decision
|
|switch|p1a: Espeon|Espeon, F|272\/272
|move|p2a: Bronzong|Stealth Rock|p1a: Espeon
|move|p1a: Espeon|Stealth Rock|p2a: Bronzong|[from]Magic Bounce
|-sidestart|p2: Gioltek|move: Stealth Rock
|
|turn|5
|callback|decision
|
|switch|p2a: Conkeldurr|Conkeldurr, F|414\/414
|-damage|p2a: Conkeldurr|389\/414|[from] Stealth Rock
|move|p1a: Espeon|Trick|p2a: Conkeldurr
|-activate|p1a: Espeon|move: Trick|[of] p2a: Conkeldurr
|-item|p2a: Conkeldurr|Choice Specs|[from] move: Trick
|-item|p1a: Espeon|Life Orb|[from] move: Trick
|
|turn|6
|callback|decision
|
|switch|p1a: Landorus-Therian|Landorus-Therian, M|320\/320
|-ability|p1a: Landorus-Therian|Intimidate|[of] p2a: Conkeldurr
|-unboost|p2a: Conkeldurr|atk|1
|move|p2a: Conkeldurr|Hammer Arm|p1a: Landorus-Therian|[miss]
|-miss|p2a: Conkeldurr|p1a: Landorus-Therian
|
|turn|7
|callback|decision
|
|switch|p2a: Bronzong|Bronzong|338\/338
|-damage|p2a: Bronzong|317\/338|[from] Stealth Rock
|switch|p1a: Gastrodon|Gastrodon, M|426\/426
|
|-heal|p2a: Bronzong|338\/338|[from] item: Leftovers
|-fieldend|move: Trick Room
|turn|8
|callback|decision
|
|switch|p1a: Espeon|Espeon, F|272\/272
|move|p2a: Bronzong|Trick Room|p2a: Bronzong
|-fieldstart|move: Trick Room|[of] p2a: Bronzong
|
|turn|9
|callback|decision
|
|switch|p2a: Reuniclus|Reuniclus, F|424\/424
|move|p1a: Espeon|Hidden Power|p2a: Reuniclus
|-damage|p2a: Reuniclus|291\/424
|-damage|p1a: Espeon|245\/272|[from] item: Life Orb
|
|turn|10
|callback|decision
|
|switch|p1a: Ferrothorn|Ferrothorn, F|352\/352
|move|p2a: Reuniclus|Shadow Ball|p1a: Ferrothorn
|-resisted|p1a: Ferrothorn
|-damage|p1a: Ferrothorn|296\/352
|-unboost|p1a: Ferrothorn|spd|1
|
|-heal|p1a: Ferrothorn|318\/352|[from] item: Leftovers
|turn|11
|callback|decision
|
|switch|p1a: Espeon|Espeon, F|245\/272
|move|p2a: Reuniclus|Focus Blast|p1a: Espeon|[miss]
|-miss|p2a: Reuniclus|p1a: Espeon
|
|turn|12
|callback|decision
|
|move|p2a: Reuniclus|Focus Blast|p1a: Espeon
|-resisted|p1a: Espeon
|-damage|p1a: Espeon|133\/272
|move|p1a: Espeon|Hidden Power|p2a: Reuniclus
|-damage|p2a: Reuniclus|175\/424
|-damage|p1a: Espeon|106\/272|[from] item: Life Orb
|
|-fieldend|move: Trick Room
|turn|13
|callback|decision
|
|move|p1a: Espeon|Wish|p1a: Espeon
|move|p2a: Reuniclus|Trick Room|p2a: Reuniclus
|-fieldstart|move: Trick Room|[of] p2a: Reuniclus
|
|turn|14
|callback|decision
|
|switch|p1a: Heatran|Heatran, M|386\/386
|move|p2a: Reuniclus|Focus Blast|p1a: Heatran
|-supereffective|p1a: Heatran
|-damage|p1a: Heatran|95\/386
|
|-heal|p1a: Heatran|231\/386|[from] move: Wish|[wisher] Espeon
|-heal|p1a: Heatran|255\/386|[from] item: Leftovers
|turn|15
|callback|decision
|
|switch|p1a: Espeon|Espeon, F|106\/272
|move|p2a: Reuniclus|Focus Blast|p1a: Espeon
|-resisted|p1a: Espeon
|-damage|p1a: Espeon|7\/272
|
|turn|16
|callback|decision
|
|move|p2a: Reuniclus|Shadow Ball|p1a: Espeon
|-supereffective|p1a: Espeon
|-damage|p1a: Espeon|0 fnt
|faint|p1a: Espeon
|
|callback|decision
|
|switch|p1a: Ferrothorn|Ferrothorn, F|318\/352
|turn|17
|callback|decision
|
|move|p2a: Reuniclus|Focus Blast|p1a: Ferrothorn
|-supereffective|p1a: Ferrothorn
|-damage|p1a: Ferrothorn|0 fnt
|faint|p1a: Ferrothorn
|
|-fieldend|move: Trick Room
|callback|decision
|
|switch|p1a: Landorus-Therian|Landorus-Therian, M|320\/320
|-ability|p1a: Landorus-Therian|Intimidate|[of] p2a: Reuniclus
|-unboost|p2a: Reuniclus|atk|1
|turn|18
|callback|decision
|
|switch|p2a: Bronzong|Bronzong|338\/338
|-damage|p2a: Bronzong|317\/338|[from] Stealth Rock
|move|p1a: Landorus-Therian|U-turn|p2a: Bronzong
|-damage|p2a: Bronzong|225\/338
|callback|decision
|
|switch|p1a: Hydreigon|Hydreigon, F|325\/325
|
|-heal|p2a: Bronzong|246\/338|[from] item: Leftovers
|turn|19
|callback|decision
|
|move|p1a: Hydreigon|Fire Blast|p2a: Bronzong
|-supereffective|p2a: Bronzong
|-damage|p2a: Bronzong|23\/338
|move|p2a: Bronzong|Stealth Rock|p1a: Hydreigon
|-sidestart|p1: Scizeon|move: Stealth Rock
|
|-heal|p2a: Bronzong|44\/338|[from] item: Leftovers
|turn|20
|callback|decision
|
|move|p1a: Hydreigon|Dark Pulse|p2a: Bronzong
|-damage|p2a: Bronzong|0 fnt
|faint|p2a: Bronzong
|
|callback|decision
|
|switch|p2a: Salamence|Salamence, M|331\/331
|-damage|p2a: Salamence|249\/331|[from] Stealth Rock
|-ability|p2a: Salamence|Intimidate|[of] p1a: Hydreigon
|-unboost|p1a: Hydreigon|atk|1
|turn|21
|callback|decision
|
|switch|p1a: Gastrodon|Gastrodon, M|426\/426
|-damage|p1a: Gastrodon|400\/426|[from] Stealth Rock
|move|p2a: Salamence|Dragon Claw|p1a: Gastrodon
|-damage|p1a: Gastrodon|292\/426
|
|-heal|p1a: Gastrodon|318\/426|[from] item: Leftovers
|turn|22
|callback|decision
|
|switch|p2a: Celebi|Celebi|404\/404
|-damage|p2a: Celebi|354\/404|[from] Stealth Rock
|switch|p1a: Landorus-Therian|Landorus-Therian, M|320\/320
|-damage|p1a: Landorus-Therian|280\/320|[from] Stealth Rock
|-ability|p1a: Landorus-Therian|Intimidate|[of] p2a: Celebi
|-unboost|p2a: Celebi|atk|1
|
|-heal|p2a: Celebi|379\/404|[from] item: Leftovers
|turn|23
|callback|decision
|
|switch|p2a: Salamence|Salamence, M|249\/331
|-damage|p2a: Salamence|167\/331|[from] Stealth Rock
|-ability|p2a: Salamence|Intimidate|[of] p1a: Landorus-Therian
|-unboost|p1a: Landorus-Therian|atk|1
|move|p1a: Landorus-Therian|U-turn|p2a: Salamence
|-resisted|p2a: Salamence
|-damage|p2a: Salamence|127\/331
|callback|decision
|
|switch|p1a: Hydreigon|Hydreigon, F|325\/325
|-damage|p1a: Hydreigon|285\/325|[from] Stealth Rock
|
|turn|24
|callback|decision
|
|switch|p1a: Landorus-Therian|Landorus-Therian, M|280\/320
|-damage|p1a: Landorus-Therian|240\/320|[from] Stealth Rock
|-ability|p1a: Landorus-Therian|Intimidate|[of] p2a: Salamence
|-unboost|p2a: Salamence|atk|1
|move|p2a: Salamence|Dragon Claw|p1a: Landorus-Therian
|-damage|p1a: Landorus-Therian|143\/320
|
|turn|25
|callback|decision
|
|move|p1a: Landorus-Therian|Stone Edge|p2a: Salamence
|-supereffective|p2a: Salamence
|-damage|p2a: Salamence|0 fnt
|faint|p2a: Salamence
|
|callback|decision
|
|switch|p2a: Reuniclus|Reuniclus, F|175\/424
|turn|26
|callback|decision
|
|move|p1a: Landorus-Therian|Stone Edge|p2a: Reuniclus
|-damage|p2a: Reuniclus|10\/424
|move|p2a: Reuniclus|Trick Room|p2a: Reuniclus
|-fieldstart|move: Trick Room|[of] p2a: Reuniclus
|
|turn|27
|callback|decision
|
|switch|p1a: Heatran|Heatran, M|255\/386
|-damage|p1a: Heatran|207\/386|[from] Stealth Rock
|move|p2a: Reuniclus|Psyshock|p1a: Heatran
|-resisted|p1a: Heatran
|-damage|p1a: Heatran|106\/386
|
|-heal|p1a: Heatran|130\/386|[from] item: Leftovers
|turn|28
|callback|decision
|
|move|p2a: Reuniclus|Focus Blast|p1a: Heatran
|-supereffective|p1a: Heatran
|-damage|p1a: Heatran|0 fnt
|faint|p1a: Heatran
|
|callback|decision
|
|switch|p1a: Gastrodon|Gastrodon, M|318\/426
|-damage|p1a: Gastrodon|292\/426|[from] Stealth Rock
|turn|29
|callback|decision
|
|switch|p1a: Hydreigon|Hydreigon, F|285\/325
|-damage|p1a: Hydreigon|245\/325|[from] Stealth Rock
|move|p2a: Reuniclus|Psyshock|p1a: Hydreigon
|-immune|p1a: Hydreigon|[msg]
|
|turn|30
|callback|decision
|
|switch|p1a: Gastrodon|Gastrodon, M|292\/426
|-damage|p1a: Gastrodon|266\/426|[from] Stealth Rock
|move|p2a: Reuniclus|Focus Blast|p1a: Gastrodon|[miss]
|-miss|p2a: Reuniclus|p1a: Gastrodon
|
|-heal|p1a: Gastrodon|292\/426|[from] item: Leftovers
|-fieldend|move: Trick Room
|turn|31
|callback|decision
|
|move|p1a: Gastrodon|Scald|p2a: Reuniclus
|-damage|p2a: Reuniclus|0 fnt
|faint|p2a: Reuniclus
|
|-heal|p1a: Gastrodon|318\/426|[from] item: Leftovers
|callback|decision
|
|switch|p2a: Celebi|Celebi|379\/404
|-damage|p2a: Celebi|329\/404|[from] Stealth Rock
|turn|32
|callback|decision
|
|move|p1a: Gastrodon|Toxic|p2a: Celebi
|-status|p2a: Celebi|tox
|move|p2a: Celebi|Trick Room|p2a: Celebi
|-fieldstart|move: Trick Room|[of] p2a: Celebi
|
|-heal|p1a: Gastrodon|344\/426|[from] item: Leftovers
|-heal|p2a: Celebi|354\/404 tox|[from] item: Leftovers
|-damage|p2a: Celebi|329\/404 tox|[from] psn
|turn|33
|callback|decision
|
|switch|p1a: Hydreigon|Hydreigon, F|245\/325
|-damage|p1a: Hydreigon|205\/325|[from] Stealth Rock
|move|p2a: Celebi|Giga Drain|p1a: Hydreigon
|-resisted|p1a: Hydreigon
|-damage|p1a: Hydreigon|157\/325
|-heal|p2a: Celebi|353\/404 tox|[from] drain|[of] p1a: Hydreigon
|
|-heal|p2a: Celebi|378\/404 tox|[from] item: Leftovers
|-damage|p2a: Celebi|328\/404 tox|[from] psn
|turn|34
|callback|decision
|
|switch|p2a: Conkeldurr|Conkeldurr, F|389\/414
|-damage|p2a: Conkeldurr|364\/414|[from] Stealth Rock
|move|p1a: Hydreigon|Draco Meteor|p2a: Conkeldurr
|-damage|p2a: Conkeldurr|10\/414
|-unboost|p1a: Hydreigon|spa|2
|
|turn|35
|callback|decision
|
|switch|p1a: Landorus-Therian|Landorus-Therian, M|143\/320
|-damage|p1a: Landorus-Therian|103\/320|[from] Stealth Rock
|-ability|p1a: Landorus-Therian|Intimidate|[of] p2a: Conkeldurr
|-unboost|p2a: Conkeldurr|atk|1
|move|p2a: Conkeldurr|Hammer Arm|p1a: Landorus-Therian
|-resisted|p1a: Landorus-Therian
|-damage|p1a: Landorus-Therian|22\/320
|-unboost|p2a: Conkeldurr|spe|1
|
|turn|36
|callback|decision
|
|move|p2a: Conkeldurr|Hammer Arm|p1a: Landorus-Therian
|-resisted|p1a: Landorus-Therian
|-damage|p1a: Landorus-Therian|0 fnt
|-unboost|p2a: Conkeldurr|spe|1
|faint|p1a: Landorus-Therian
|
|-fieldend|move: Trick Room
|callback|decision
|
|switch|p1a: Gastrodon|Gastrodon, M|344\/426
|-damage|p1a: Gastrodon|318\/426|[from] Stealth Rock
|turn|37
|callback|decision
|
|move|p1a: Gastrodon|Scald|p2a: Conkeldurr
|-damage|p2a: Conkeldurr|0 fnt
|faint|p2a: Conkeldurr
|
|-heal|p1a: Gastrodon|344\/426|[from] item: Leftovers
|callback|decision
|
|switch|p2a: Celebi|Celebi|328\/404
|-damage|p2a: Celebi|278\/404|[from] Stealth Rock
|turn|38
|callback|decision
|
|move|p1a: Gastrodon|Toxic|p2a: Celebi
|-status|p2a: Celebi|tox
|move|p2a: Celebi|Trick Room|p2a: Celebi
|-fieldstart|move: Trick Room|[of] p2a: Celebi
|
|-heal|p1a: Gastrodon|370\/426|[from] item: Leftovers
|-heal|p2a: Celebi|303\/404 tox|[from] item: Leftovers
|-damage|p2a: Celebi|278\/404 tox|[from] psn
|turn|39
|callback|decision
|
|move|p1a: Gastrodon|Scald|p2a: Celebi
|-resisted|p2a: Celebi
|-damage|p2a: Celebi|234\/404 tox
|move|p2a: Celebi|Giga Drain|p1a: Gastrodon
|-supereffective|p1a: Gastrodon
|-damage|p1a: Gastrodon|0 fnt
|-heal|p2a: Celebi|404\/404 tox|[from] drain|[of] p1a: Gastrodon
|faint|p1a: Gastrodon
|
|-damage|p2a: Celebi|354\/404 tox|[from] psn
|callback|decision
|
|switch|p1a: Hydreigon|Hydreigon, F|157\/325
|-damage|p1a: Hydreigon|117\/325|[from] Stealth Rock
|turn|40
|callback|decision
|
|move|p2a: Celebi|Giga Drain|p1a: Hydreigon
|-resisted|p1a: Hydreigon
|-damage|p1a: Hydreigon|67\/325
|-heal|p2a: Celebi|379\/404 tox|[from] drain|[of] p1a: Hydreigon
|move|p1a: Hydreigon|Dark Pulse|p2a: Celebi
|-supereffective|p2a: Celebi
|-damage|p2a: Celebi|53\/404 tox
|
|-heal|p2a: Celebi|78\/404 tox|[from] item: Leftovers
|-damage|p2a: Celebi|3\/404 tox|[from] psn
|turn|41
|callback|decision
|
|move|p2a: Celebi|Giga Drain|p1a: Hydreigon
|-resisted|p1a: Hydreigon
|-damage|p1a: Hydreigon|20\/325
|-heal|p2a: Celebi|27\/404 tox|[from] drain|[of] p1a: Hydreigon
|move|p1a: Hydreigon|Dark Pulse|p2a: Celebi
|-supereffective|p2a: Celebi
|-damage|p2a: Celebi|0 fnt
|faint|p2a: Celebi
|
|win|Scizeon
|raw|Ladder updating...
|raw|Scizeon's rating: 1975 &rarr; <strong>1990<\/strong><br \/>(+15 for winning)
|raw|Gioltek's rating: 1602 &rarr; <strong>1601<\/strong><br \/>(-1 for losing)
|chat|Scizeon|gg
|chat|Gioltek|gg
|leave|Scizeon
|player|p1