|join|Scizeon
|join|MagykGirl
|player|p1|Scizeon|288
|player|p2|MagykGirl|285
|gametype|singles
|gen|6
|tier|OU
|rated
|clearpoke
|poke|p1|Greninja, M
|poke|p1|Scizor, M
|poke|p1|Heatran, F
|poke|p1|Rotom-Wash
|poke|p1|Landorus-Therian, M
|poke|p1|Sylveon, M
|poke|p2|Galvantula, M
|poke|p2|Gliscor, M, shiny
|poke|p2|Thundurus-Therian, M, shiny
|poke|p2|Scizor, F
|poke|p2|Magnezone, shiny
|poke|p2|Rotom-Heat
|rule|Sleep Clause Mod: Limit one foe put to sleep
|rule|Species Clause: Limit one of each Pokemon
|rule|OHKO Clause: OHKO moves are banned
|rule|Moody Clause: Moody is banned
|rule|Evasion Moves Clause: Evasion moves are banned
|rule|Endless Battle Clause: Forcing endless battles is banned.
|rule|HP Percentage Mod: HP is reported as percentages
|teampreview
|
|start
|switch|p1a: Heatran|Heatran, F|386\/386
|switch|p2a: Charolette's Dad|Galvantula, M|344\/344
|turn|1
|
|move|p2a: Charolette's Dad|Sticky Web|p1a: Heatran
|-sidestart|p1: Scizeon|move: Sticky Web
|move|p1a: Heatran|Lava Plume|p2a: Charolette's Dad
|-supereffective|p2a: Charolette's Dad
|-enditem|p2a: Charolette's Dad|Focus Sash
|-damage|p2a: Charolette's Dad|1\/344
|-status|p2a: Charolette's Dad|brn
|
|-damage|p2a: Charolette's Dad|0 fnt|[from] brn
|faint|p2a: Charolette's Dad
|
|switch|p2a: Nightmare Fuel|Gliscor, M, shiny|354\/354
|turn|2
|
|switch|p1a: Rotom-Wash|Rotom-Wash|304\/304
|move|p2a: Nightmare Fuel|Stealth Rock|p1a: Rotom-Wash
|-sidestart|p1: Scizeon|move: Stealth Rock
|
|-activate|p2a: Nightmare Fuel|item: Toxic Orb
|-status|p2a: Nightmare Fuel|tox
|turn|3
|
|move|p2a: Nightmare Fuel|U-turn|p1a: Rotom-Wash
|-damage|p1a: Rotom-Wash|270\/304
|
|switch|p2a: UFO|Magnezone, shiny|344\/344
|-item|p2a: UFO|Air Balloon
|move|p1a: Rotom-Wash|Hydro Pump|p2a: UFO
|-damage|p2a: UFO|200\/344
|-enditem|p2a: UFO|Air Balloon
|
|turn|4
|
|move|p1a: Rotom-Wash|Volt Switch|p2a: UFO
|-resisted|p2a: UFO
|-damage|p2a: UFO|159\/344
|
|switch|p1a: Landorus-Therian|Landorus-Therian, M|382\/382
|-damage|p1a: Landorus-Therian|335\/382|[from] Stealth Rock
|-ability|p1a: Landorus-Therian|Intimidate|[of] p2a: UFO
|-unboost|p2a: UFO|atk|1
|move|p2a: UFO|Volt Switch|p1a: Landorus-Therian
|-immune|p1a: Landorus-Therian|[msg]
|
|-heal|p1a: Landorus-Therian|358\/382|[from] item: Leftovers
|turn|5
|
|switch|p2a: King of the Sky|Thundurus-Therian, M, shiny|299\/299
|move|p1a: Landorus-Therian|U-turn|p2a: King of the Sky
|-resisted|p2a: King of the Sky
|-damage|p2a: King of the Sky|228\/299
|
|switch|p1a: Scizor|Scizor, M|344\/344
|-damage|p1a: Scizor|301\/344|[from] Stealth Rock
|-activate|p1a: Scizor|move: Sticky Web
|-unboost|p1a: Scizor|spe|1
|
|turn|6
|
|-formechange|p1a: Scizor|Scizor-Mega
|message|Scizor has Mega Evolved into Mega Scizor!
|move|p2a: King of the Sky|Volt Switch|p1a: Scizor
|-damage|p1a: Scizor|169\/344
|
|switch|p2a: EatingItUp|Rotom-Heat|304\/304
|move|p1a: Scizor|U-turn|p2a: EatingItUp
|-resisted|p2a: EatingItUp
|-damage|p2a: EatingItUp|233\/304
|
|switch|p1a: Landorus-Therian|Landorus-Therian, M|358\/382
|-damage|p1a: Landorus-Therian|311\/382|[from] Stealth Rock
|-ability|p1a: Landorus-Therian|Intimidate|[of] p2a: EatingItUp
|-unboost|p2a: EatingItUp|atk|1
|
|-heal|p1a: Landorus-Therian|334\/382|[from] item: Leftovers
|turn|7
|
|switch|p1a: Heatran|Heatran, F|386\/386
|-activate|p1a: Heatran|move: Sticky Web
|-unboost|p1a: Heatran|spe|1
|-damage|p1a: Heatran|338\/386|[from] Stealth Rock
|move|p2a: EatingItUp|Dark Pulse|p1a: Heatran
|-damage|p1a: Heatran|280\/386
|
|-heal|p1a: Heatran|304\/386|[from] item: Leftovers
|turn|8
|
|move|p2a: EatingItUp|Volt Switch|p1a: Heatran
|-damage|p1a: Heatran|222\/386
|
|switch|p2a: Nightmare Fuel|Gliscor, M, shiny|354\/354 tox
|move|p1a: Heatran|Stealth Rock|p2a: Nightmare Fuel
|-sidestart|p2: MagykGirl|move: Stealth Rock
|
|-heal|p1a: Heatran|246\/386|[from] item: Leftovers
|turn|9
|
|switch|p1a: Sylveon|Sylveon, M|394\/394
|-activate|p1a: Sylveon|move: Sticky Web
|-unboost|p1a: Sylveon|spe|1
|-damage|p1a: Sylveon|345\/394|[from] Stealth Rock
|move|p2a: Nightmare Fuel|Aerial Ace|p1a: Sylveon
|-damage|p1a: Sylveon|255\/394
|
|-heal|p1a: Sylveon|279\/394|[from] item: Leftovers
|turn|10
|
|move|p2a: Nightmare Fuel|U-turn|p1a: Sylveon
|-resisted|p1a: Sylveon
|-damage|p1a: Sylveon|243\/394
|
|switch|p2a: UFO|Magnezone, shiny|159\/344
|-damage|p2a: UFO|138\/344|[from] Stealth Rock
|move|p1a: Sylveon|Wish|p1a: Sylveon
|
|-heal|p1a: Sylveon|267\/394|[from] item: Leftovers
|turn|11
|
|move|p1a: Sylveon|Protect|p1a: Sylveon
|-singleturn|p1a: Sylveon|Protect
|move|p2a: UFO|Flash Cannon|p1a: Sylveon
|-activate|p1a: Sylveon|Protect
|
|-heal|p1a: Sylveon|394\/394|[from] move: Wish|[wisher] Sylveon
|turn|12
|
|move|p2a: UFO|Flash Cannon|p1a: Sylveon
|-supereffective|p1a: Sylveon
|-damage|p1a: Sylveon|206\/394
|move|p1a: Sylveon|Wish|p1a: Sylveon
|
|-heal|p1a: Sylveon|230\/394|[from] item: Leftovers
|turn|13
|
|switch|p1a: Scizor|Scizor, M|169\/344
|-formechange|p1a: Scizor|Scizor-Mega
|-activate|p1a: Scizor|move: Sticky Web
|-unboost|p1a: Scizor|spe|1
|-damage|p1a: Scizor|126\/344|[from] Stealth Rock
|move|p2a: UFO|Flash Cannon|p1a: Scizor
|-crit|p1a: Scizor
|-resisted|p1a: Scizor
|-damage|p1a: Scizor|0 fnt
|faint|p1a: Scizor
|
|
|switch|p1a: Landorus-Therian|Landorus-Therian, M|334\/382
|-damage|p1a: Landorus-Therian|287\/382|[from] Stealth Rock
|-ability|p1a: Landorus-Therian|Intimidate|[of] p2a: UFO
|-unboost|p2a: UFO|atk|1
|turn|14
|chat|MagykGirl|that crit mattered... right?
|
|move|p1a: Landorus-Therian|Knock Off|p2a: UFO
|-damage|p2a: UFO|52\/344
|move|p2a: UFO|Hidden Power|p1a: Landorus-Therian
|-supereffective|p1a: Landorus-Therian
|-damage|p1a: Landorus-Therian|49\/382
|
|-heal|p1a: Landorus-Therian|72\/382|[from] item: Leftovers
|turn|15
|chat|Scizeon|I think so
|
|move|p1a: Landorus-Therian|Knock Off|p2a: UFO
|-damage|p2a: UFO|0 fnt
|faint|p2a: UFO
|
|-heal|p1a: Landorus-Therian|95\/382|[from] item: Leftovers
|
|switch|p2a: King of the Sky|Thundurus-Therian, M, shiny|228\/299
|-damage|p2a: King of the Sky|154\/299|[from] Stealth Rock
|turn|16
|
|move|p2a: King of the Sky|Hidden Power|p1a: Landorus-Therian
|-supereffective|p1a: Landorus-Therian
|-damage|p1a: Landorus-Therian|0 fnt
|faint|p1a: Landorus-Therian
|
|
|switch|p1a: Sylveon|Sylveon, M|230\/394
|-activate|p1a: Sylveon|move: Sticky Web
|-unboost|p1a: Sylveon|spe|1
|-damage|p1a: Sylveon|181\/394|[from] Stealth Rock
|turn|17
|
|move|p2a: King of the Sky|Volt Switch|p1a: Sylveon
|-damage|p1a: Sylveon|91\/394
|
|switch|p2a: Scizor 2.0|Scizor, F|282\/282
|-damage|p2a: Scizor 2.0|247\/282|[from] Stealth Rock
|move|p1a: Sylveon|Wish|p1a: Sylveon
|
|-heal|p1a: Sylveon|115\/394|[from] item: Leftovers
|turn|18
|
|-formechange|p2a: Scizor 2.0|Scizor-Mega
|message|Scizor has Mega Evolved into Mega Scizor!
|move|p1a: Sylveon|Protect|p1a: Sylveon
|-singleturn|p1a: Sylveon|Protect
|move|p2a: Scizor 2.0|Bullet Punch|p1a: Sylveon
|-activate|p1a: Sylveon|Protect
|
|-heal|p1a: Sylveon|312\/394|[from] move: Wish|[wisher] Sylveon
|-heal|p1a: Sylveon|336\/394|[from] item: Leftovers
|turn|19
|
|switch|p1a: Rotom-Wash|Rotom-Wash|270\/304
|-damage|p1a: Rotom-Wash|232\/304|[from] Stealth Rock
|move|p2a: Scizor 2.0|Iron Head|p1a: Rotom-Wash
|-resisted|p1a: Rotom-Wash
|-damage|p1a: Rotom-Wash|206\/304
|
|turn|20
|
|move|p2a: Scizor 2.0|U-turn|p1a: Rotom-Wash
|-damage|p1a: Rotom-Wash|101\/304
|
|switch|p2a: Nightmare Fuel|Gliscor, M, shiny|354\/354 tox
|-damage|p2a: Nightmare Fuel|310\/354 tox|[from] Stealth Rock
|move|p1a: Rotom-Wash|Hydro Pump|p2a: Nightmare Fuel
|-supereffective|p2a: Nightmare Fuel
|-damage|p2a: Nightmare Fuel|74\/354 tox
|
|-heal|p2a: Nightmare Fuel|118\/354 tox|[from] ability: Poison Heal
|turn|21
|
|move|p2a: Nightmare Fuel|U-turn|p1a: Rotom-Wash
|-damage|p1a: Rotom-Wash|65\/304
|
|switch|p2a: King of the Sky|Thundurus-Therian, M, shiny|154\/299
|-damage|p2a: King of the Sky|80\/299|[from] Stealth Rock
|move|p1a: Rotom-Wash|Rest|p1a: Rotom-Wash
|-status|p1a: Rotom-Wash|slp
|-heal|p1a: Rotom-Wash|304\/304 slp|[silent]
|-status|p1a: Rotom-Wash|slp|[from] move: Rest
|-enditem|p1a: Rotom-Wash|Chesto Berry|[eat]
|-curestatus|p1a: Rotom-Wash|slp
|
|turn|22
|
|move|p2a: King of the Sky|Thunder|p1a: Rotom-Wash
|-damage|p1a: Rotom-Wash|109\/304
|move|p1a: Rotom-Wash|Hydro Pump|p2a: King of the Sky|[miss]
|-miss|p1a: Rotom-Wash|p2a: King of the Sky
|
|turn|23
|
|switch|p1a: Sylveon|Sylveon, M|336\/394
|-damage|p1a: Sylveon|287\/394|[from] Stealth Rock
|-activate|p1a: Sylveon|move: Sticky Web
|-unboost|p1a: Sylveon|spe|1
|move|p2a: King of the Sky|Thunder|p1a: Sylveon
|-damage|p1a: Sylveon|169\/394
|
|-heal|p1a: Sylveon|193\/394|[from] item: Leftovers
|turn|24
|
|move|p2a: King of the Sky|Volt Switch|p1a: Sylveon
|-damage|p1a: Sylveon|108\/394
|
|switch|p2a: Scizor 2.0|Scizor, F|247\/282
|-formechange|p2a: Scizor 2.0|Scizor-Mega
|-damage|p2a: Scizor 2.0|212\/282|[from] Stealth Rock
|move|p1a: Sylveon|Wish|p1a: Sylveon
|
|-heal|p1a: Sylveon|132\/394|[from] item: Leftovers
|turn|25
|
|move|p1a: Sylveon|Protect|p1a: Sylveon
|-singleturn|p1a: Sylveon|Protect
|move|p2a: Scizor 2.0|Bullet Punch|p1a: Sylveon
|-activate|p1a: Sylveon|Protect
|
|-heal|p1a: Sylveon|329\/394|[from] move: Wish|[wisher] Sylveon
|-heal|p1a: Sylveon|353\/394|[from] item: Leftovers
|turn|26
|
|switch|p1a: Heatran|Heatran, F|246\/386
|-activate|p1a: Heatran|move: Sticky Web
|-unboost|p1a: Heatran|spe|1
|-damage|p1a: Heatran|198\/386|[from] Stealth Rock
|move|p2a: Scizor 2.0|Iron Head|p1a: Heatran
|-resisted|p1a: Heatran
|-damage|p1a: Heatran|162\/386
|
|-heal|p1a: Heatran|186\/386|[from] item: Leftovers
|turn|27
|
|move|p2a: Scizor 2.0|U-turn|p1a: Heatran
|-resisted|p1a: Heatran
|-damage|p1a: Heatran|150\/386
|
|switch|p2a: EatingItUp|Rotom-Heat|233\/304
|-damage|p2a: EatingItUp|157\/304|[from] Stealth Rock
|move|p1a: Heatran|Roar|p2a: EatingItUp
|drag|p2a: King of the Sky|Thundurus-Therian, M, shiny|80\/299
|-damage|p2a: King of the Sky|6\/299|[from] Stealth Rock
|
|-heal|p1a: Heatran|174\/386|[from] item: Leftovers
|turn|28
|
|switch|p1a: Sylveon|Sylveon, M|353\/394
|-damage|p1a: Sylveon|304\/394|[from] Stealth Rock
|-activate|p1a: Sylveon|move: Sticky Web
|-unboost|p1a: Sylveon|spe|1
|move|p2a: King of the Sky|Thunder|p1a: Sylveon
|-damage|p1a: Sylveon|186\/394
|
|-heal|p1a: Sylveon|210\/394|[from] item: Leftovers
|turn|29
|
|move|p2a: King of the Sky|Thunder|p1a: Sylveon
|-damage|p1a: Sylveon|86\/394
|-status|p1a: Sylveon|par
|move|p1a: Sylveon|Wish|p1a: Sylveon
|
|-heal|p1a: Sylveon|110\/394 par|[from] item: Leftovers
|turn|30
|
|switch|p2a: Scizor 2.0|Scizor, F|212\/282
|-formechange|p2a: Scizor 2.0|Scizor-Mega
|-damage|p2a: Scizor 2.0|177\/282|[from] Stealth Rock
|move|p1a: Sylveon|Protect|p1a: Sylveon
|-fail|p1a: Sylveon
|
|-heal|p1a: Sylveon|307\/394 par|[from] move: Wish|[wisher] Sylveon
|-heal|p1a: Sylveon|331\/394 par|[from] item: Leftovers
|turn|31
|
|switch|p1a: Heatran|Heatran, F|174\/386
|-damage|p1a: Heatran|126\/386|[from] Stealth Rock
|-activate|p1a: Heatran|move: Sticky Web
|-unboost|p1a: Heatran|spe|1
|move|p2a: Scizor 2.0|Iron Head|p1a: Heatran
|-resisted|p1a: Heatran
|-damage|p1a: Heatran|92\/386
|
|-heal|p1a: Heatran|116\/386|[from] item: Leftovers
|turn|32
|
|move|p2a: Scizor 2.0|U-turn|p1a: Heatran
|-resisted|p1a: Heatran
|-damage|p1a: Heatran|85\/386
|
|switch|p2a: Nightmare Fuel|Gliscor, M, shiny|118\/354 tox
|-damage|p2a: Nightmare Fuel|74\/354 tox|[from] Stealth Rock
|move|p1a: Heatran|Lava Plume|p2a: Nightmare Fuel
|-crit|p2a: Nightmare Fuel
|-damage|p2a: Nightmare Fuel|0 fnt
|faint|p2a: Nightmare Fuel
|
|-heal|p1a: Heatran|109\/386|[from] item: Leftovers
|
|switch|p2a: EatingItUp|Rotom-Heat|157\/304
|-damage|p2a: EatingItUp|81\/304|[from] Stealth Rock
|turn|33
|
|move|p2a: EatingItUp|Thunderbolt|p1a: Heatran
|-damage|p1a: Heatran|10\/386
|move|p1a: Heatran|Lava Plume|p2a: EatingItUp
|-resisted|p2a: EatingItUp
|-damage|p2a: EatingItUp|30\/304
|
|-heal|p1a: Heatran|34\/386|[from] item: Leftovers
|turn|34
|
|move|p2a: EatingItUp|Thunderbolt|p1a: Heatran
|-damage|p1a: Heatran|0 fnt
|faint|p1a: Heatran
|
|
|switch|p1a: Sylveon|Sylveon, M|331\/394 par
|-activate|p1a: Sylveon|move: Sticky Web
|-unboost|p1a: Sylveon|spe|1
|-damage|p1a: Sylveon|282\/394 par|[from] Stealth Rock
|turn|35
|
|move|p2a: EatingItUp|Volt Switch|p1a: Sylveon
|-damage|p1a: Sylveon|210\/394 par
|
|switch|p2a: Scizor 2.0|Scizor, F|177\/282
|-formechange|p2a: Scizor 2.0|Scizor-Mega
|-damage|p2a: Scizor 2.0|142\/282|[from] Stealth Rock
|cant|p1a: Sylveon|par
|
|-heal|p1a: Sylveon|234\/394 par|[from] item: Leftovers
|turn|36
|
|cant|p1a: Sylveon|par
|move|p2a: Scizor 2.0|Iron Head|p1a: Sylveon
|-supereffective|p1a: Sylveon
|-damage|p1a: Sylveon|0 fnt
|faint|p1a: Sylveon
|
|
|switch|p1a: Rotom-Wash|Rotom-Wash|109\/304
|-damage|p1a: Rotom-Wash|71\/304|[from] Stealth Rock
|turn|37
|
|move|p2a: Scizor 2.0|Bug Bite|p1a: Rotom-Wash
|-damage|p1a: Rotom-Wash|0 fnt
|faint|p1a: Rotom-Wash
|
|
|switch|p1a: Greninja|Greninja, M|286\/286
|-damage|p1a: Greninja|251\/286|[from] Stealth Rock
|-activate|p1a: Greninja|move: Sticky Web
|-unboost|p1a: Greninja|spe|1
|turn|38
|
|move|p2a: Scizor 2.0|Bug Bite|p1a: Greninja
|-supereffective|p1a: Greninja
|-damage|p1a: Greninja|0 fnt
|faint|p1a: Greninja
|
|win|MagykGirl
|raw|Ladder updating...
|raw|Scizeon's rating: 1040 &rarr; <strong>1025<\/strong><br \/>(-15 for losing)
|raw|MagykGirl's rating: 1067 &rarr; <strong>1095<\/strong><br \/>(+28 for winning)
|chat|MagykGirl|gg
|leave|Scizeon
|player|p1