|join|Scizeon
|join|Metatag
|player|p1|Scizeon|266
|player|p2|Metatag|124
|gametype|singles
|tier|OU Monotype
|rated
|rule|Same Type Clause: Pokemon in a team must share a type
|rule|Evasion Abilities Clause: Evasion abilities are banned
|clearpoke
|poke|p1|Venomoth, M
|poke|p1|Scizor, F
|poke|p1|Volcarona, M
|poke|p1|Heracross, F
|poke|p1|Yanmega, M
|poke|p1|Galvantula, F
|poke|p2|Ambipom, F
|poke|p2|Blissey, F, shiny
|poke|p2|Staraptor, M
|poke|p2|Girafarig, M
|poke|p2|Meloetta
|poke|p2|Ditto
|rule|Sleep Clause Mod: Limit one foe put to sleep
|rule|Species Clause: Limit one of each Pokemon
|rule|OHKO Clause: OHKO moves are banned
|rule|Moody Clause: Moody is banned
|rule|Evasion Moves Clause: Evasion moves are banned
|rule|HP Percentage Mod: HP is reported as percentages
|teampreview
|callback|decision
|
|start
|switch|p1a: Volcarona|Volcarona, M|312\/312
|switch|p2a: Ambipom|Ambipom, F|292\/292
|turn|1
|callback|decision
|
|switch|p1a: Scizor|Scizor, F|344\/344
|move|p2a: Ambipom|Fake Out|p1a: Scizor
|-resisted|p1a: Scizor
|-damage|p1a: Scizor|281\/344
|
|turn|2
|callback|decision
|
|move|p2a: Ambipom|U-turn|p1a: Scizor
|-resisted|p1a: Scizor
|-damage|p1a: Scizor|241\/344
|callback|decision
|
|switch|p2a: Blissey|Blissey, F, shiny|714\/714
|move|p1a: Scizor|U-turn|p2a: Blissey
|-damage|p2a: Blissey|348\/714
|callback|decision
|
|switch|p1a: Heracross|Heracross, F|302\/302
|
|-heal|p2a: Blissey|392\/714|[from] item: Leftovers
|turn|3
|callback|decision
|
|move|p1a: Heracross|Close Combat|p2a: Blissey
|-supereffective|p2a: Blissey
|-damage|p2a: Blissey|0 fnt
|-unboost|p1a: Heracross|def|1
|-unboost|p1a: Heracross|spd|1
|faint|p2a: Blissey
|-boost|p1a: Heracross|atk|1|[from] ability: Moxie
|
|callback|decision
|
|switch|p2a: Staraptor|Staraptor, M|312\/312
|-ability|p2a: Staraptor|Intimidate|[of] p1a: Heracross
|-unboost|p1a: Heracross|atk|1
|turn|4
|callback|decision
|
|switch|p1a: Volcarona|Volcarona, M|312\/312
|move|p2a: Staraptor|Brave Bird|p1a: Volcarona
|-supereffective|p1a: Volcarona
|-enditem|p1a: Volcarona|Focus Sash
|-damage|p1a: Volcarona|1\/312
|-damage|p2a: Staraptor|209\/312|[from] recoil|[of] p1a: Volcarona
|
|turn|5
|callback|decision
|
|move|p2a: Staraptor|Brave Bird|p1a: Volcarona
|-supereffective|p1a: Volcarona
|-damage|p1a: Volcarona|0 fnt
|-damage|p2a: Staraptor|208\/312|[from] recoil|[of] p1a: Volcarona
|faint|p1a: Volcarona
|
|callback|decision
|
|switch|p1a: Yanmega|Yanmega, M|314\/314
|turn|6
|callback|decision
|
|move|p1a: Yanmega|Protect|p1a: Yanmega
|-singleturn|p1a: Yanmega|Protect
|move|p2a: Staraptor|Brave Bird|p1a: Yanmega
|-activate|p1a: Yanmega|Protect
|
|-boost|p1a: Yanmega|spe|1|[from] ability: Speed Boost
|turn|7
|callback|decision
|
|move|p1a: Yanmega|Air Slash|p2a: Staraptor|[miss]
|-miss|p1a: Yanmega|p2a: Staraptor
|move|p2a: Staraptor|Brave Bird|p1a: Yanmega
|-supereffective|p1a: Yanmega
|-damage|p1a: Yanmega|0 fnt
|-damage|p2a: Staraptor|104\/312|[from] recoil|[of] p1a: Yanmega
|faint|p1a: Yanmega
|
|callback|decision
|
|switch|p1a: Scizor|Scizor, F|241\/344
|turn|8
|callback|decision
|
|move|p1a: Scizor|Bullet Punch|p2a: Staraptor
|-damage|p2a: Staraptor|0 fnt
|faint|p2a: Staraptor
|
|callback|decision
|
|switch|p2a: Girafarig|Girafarig, M|344\/344
|turn|9
|callback|decision
|
|move|p1a: Scizor|Bullet Punch|p2a: Girafarig
|-damage|p2a: Girafarig|106\/344
|move|p2a: Girafarig|Thunder Wave|p1a: Scizor
|-status|p1a: Scizor|par
|
|turn|10
|callback|decision
|
|move|p1a: Scizor|Bullet Punch|p2a: Girafarig
|-damage|p2a: Girafarig|0 fnt
|faint|p2a: Girafarig
|
|callback|decision
|
|switch|p2a: Meloetta|Meloetta|404\/404
|turn|11
|callback|decision
|
|move|p1a: Scizor|Bullet Punch|p2a: Meloetta
|-damage|p2a: Meloetta|169\/404
|move|p2a: Meloetta|Relic Song|p1a: Scizor
|-resisted|p1a: Scizor
|-damage|p1a: Scizor|178\/344 par
|-formechange|p2a: Meloetta|Meloetta-Pirouette
|
|-heal|p2a: Meloetta|194\/404|[from] item: Leftovers
|turn|12
|callback|decision
|
|move|p1a: Scizor|Bullet Punch|p2a: Meloetta
|-damage|p2a: Meloetta|0 fnt
|faint|p2a: Meloetta
|
|callback|decision
|
|switch|p2a: Ambipom|Ambipom, F|292\/292
|turn|13
|callback|decision
|
|move|p1a: Scizor|Bullet Punch|p2a: Ambipom
|-damage|p2a: Ambipom|36\/292
|move|p2a: Ambipom|Aerial Ace|p1a: Scizor
|-damage|p1a: Scizor|78\/344 par
|
|turn|14
|callback|decision
|
|cant|p1a: Scizor|par
|move|p2a: Ambipom|Aerial Ace|p1a: Scizor
|-damage|p1a: Scizor|0 fnt
|faint|p1a: Scizor
|
|callback|decision
|
|switch|p1a: Heracross|Heracross, F|302\/302
|turn|15
|callback|decision
|
|move|p1a: Heracross|Close Combat|p2a: Ambipom
|-supereffective|p2a: Ambipom
|-damage|p2a: Ambipom|0 fnt
|-unboost|p1a: Heracross|def|1
|-unboost|p1a: Heracross|spd|1
|faint|p2a: Ambipom
|-boost|p1a: Heracross|atk|1|[from] ability: Moxie
|
|callback|decision
|
|switch|p2a: Ditto|Ditto|300\/300
|-transform|p2a: Ditto|p1a: Heracross
|turn|16
|callback|decision
|
|move|p1a: Heracross|Close Combat|p2a: Ditto
|-resisted|p2a: Ditto
|-damage|p2a: Ditto|22\/300
|-unboost|p1a: Heracross|def|1
|-unboost|p1a: Heracross|spd|1
|move|p2a: Ditto|Stone Edge|p1a: Heracross
|-damage|p1a: Heracross|0 fnt
|faint|p1a: Heracross
|-boost|p2a: Ditto|atk|1|[from] ability: Moxie
|
|callback|decision
|
|switch|p1a: Venomoth|Venomoth, M|281\/281
|turn|17
|callback|decision
|
|move|p2a: Ditto|Stone Edge|p1a: Venomoth
|-supereffective|p1a: Venomoth
|-damage|p1a: Venomoth|0 fnt
|faint|p1a: Venomoth
|-boost|p2a: Ditto|atk|1|[from] ability: Moxie
|
|callback|decision
|
|switch|p1a: Galvantula|Galvantula, F|281\/281
|turn|18
|callback|decision
|
|move|p2a: Ditto|Stone Edge|p1a: Galvantula
|-supereffective|p1a: Galvantula
|-damage|p1a: Galvantula|0 fnt
|faint|p1a: Galvantula
|-boost|p2a: Ditto|atk|1|[from] ability: Moxie
|
|win|Metatag
|raw|Ladder updating...
|raw|Scizeon's rating: 1565 &rarr; <strong>1454<\/strong><br \/>(-111 for losing)
|raw|Metatag's rating: 1231 &rarr; <strong>1276<\/strong><br \/>(+45 for winning)
|chat|Metatag|gg
|leave|Scizeon
|player|p1