|join|Dragonite1999
|join|Scizeon
|player|p1|Dragonite1999|228
|player|p2|Scizeon|288
|gametype|singles
|gen|6
|tier|OU (suspect test)
|rated
|clearpoke
|poke|p1|Metagross
|poke|p1|Magnezone
|poke|p1|Landorus-Therian, M
|poke|p1|Keldeo
|poke|p1|Latias, F
|poke|p1|Conkeldurr, M
|poke|p2|Venusaur, F
|poke|p2|Slowbro, M
|poke|p2|Heatran, M
|poke|p2|Excadrill, F
|poke|p2|Sylveon, F
|poke|p2|Crobat, F
|rule|Swagger Clause: Swagger is banned
|rule|Baton Pass Clause: Limit one PokÃ©mon knowing Baton Pass
|rule|Sleep Clause Mod: Limit one foe put to sleep
|rule|Species Clause: Limit one of each PokÃ©mon
|rule|OHKO Clause: OHKO moves are banned
|rule|Moody Clause: Moody is banned
|rule|Evasion Moves Clause: Evasion moves are banned
|rule|Endless Battle Clause: Forcing endless battles is banned
|rule|HP Percentage Mod: HP is shown in percentages
|teampreview
|
|start
|switch|p1a: Keldeo|Keldeo|323\/323
|switch|p2a: Slowbro|Slowbro, M|393\/393
|turn|1
|
|move|p1a: Keldeo|Scald|p2a: Slowbro
|-resisted|p2a: Slowbro
|-damage|p2a: Slowbro|255\/393
|-status|p2a: Slowbro|brn
|move|p2a: Slowbro|Toxic|p1a: Keldeo
|-status|p1a: Keldeo|tox
|
|-damage|p1a: Keldeo|303\/323 tox|[from] psn
|-damage|p2a: Slowbro|206\/393 brn|[from] brn
|turn|2
|
|switch|p1a: Metagross|Metagross|301\/301
|move|p2a: Slowbro|Slack Off|p2a: Slowbro
|-heal|p2a: Slowbro|393\/393 brn
|
|-damage|p2a: Slowbro|344\/393 brn|[from] brn
|turn|3
|
|switch|p1a: Conkeldurr|Conkeldurr, M|413\/413
|move|p2a: Slowbro|Scald|p1a: Conkeldurr
|-crit|p1a: Conkeldurr
|-damage|p1a: Conkeldurr|281\/413
|
|-damage|p2a: Slowbro|295\/393 brn|[from] brn
|turn|4
|
|switch|p2a: Venusaur|Venusaur, F|363\/363
|move|p1a: Conkeldurr|Knock Off|p2a: Venusaur
|-damage|p2a: Venusaur|285\/363
|
|turn|5
|join|Henry
|
|switch|p1a: Metagross|Metagross|301\/301
|detailschange|p2a: Venusaur|Venusaur-Mega, F
|-mega|p2a: Venusaur|Venusaur|Venusaurite
|move|p2a: Venusaur|Leech Seed|p1a: Metagross
|-start|p1a: Metagross|move: Leech Seed
|
|-damage|p1a: Metagross|264\/301|[from] Leech Seed|[of] p2a: Venusaur
|-heal|p2a: Venusaur|322\/363|[silent]
|turn|6
|
|switch|p1a: Latias|Latias, F|301\/301
|switch|p2a: Slowbro|Slowbro, M|393\/393 brn
|
|-damage|p2a: Slowbro|344\/393 brn|[from] brn
|turn|7
|
|switch|p1a: Metagross|Metagross|264\/301
|switch|p2a: Heatran|Heatran, M|386\/386
|
|turn|8
|
|switch|p2a: Slowbro|Slowbro, M|393\/393 brn
|detailschange|p1a: Metagross|Metagross-Mega
|-mega|p1a: Metagross|Metagross|Metagrossite
|move|p1a: Metagross|Earthquake|p2a: Slowbro
|-damage|p2a: Slowbro|308\/393 brn
|
|-damage|p2a: Slowbro|259\/393 brn|[from] brn
|turn|9
|
|move|p1a: Metagross|Zen Headbutt|p2a: Slowbro|[miss]
|-miss|p1a: Metagross|p2a: Slowbro
|move|p2a: Slowbro|Scald|p1a: Metagross
|-damage|p1a: Metagross|183\/301
|
|-damage|p2a: Slowbro|210\/393 brn|[from] brn
|turn|10
|
|move|p1a: Metagross|Zen Headbutt|p2a: Slowbro
|-resisted|p2a: Slowbro
|-damage|p2a: Slowbro|144\/393 brn
|-damage|p1a: Metagross|133\/301|[from] item: Rocky Helmet|[of] p2a: Slowbro
|cant|p2a: Slowbro|flinch
|
|-damage|p2a: Slowbro|95\/393 brn|[from] brn
|turn|11
|
|switch|p2a: Excadrill|Excadrill, F|423\/423
|-ability|p2a: Excadrill|Mold Breaker
|-item|p2a: Excadrill|Air Balloon
|move|p1a: Metagross|Earthquake|p2a: Excadrill
|-immune|p2a: Excadrill|[msg]
|
|turn|12
|join|doge ebinest
|
|switch|p1a: Landorus-Therian|Landorus-Therian, M|379\/379
|-ability|p1a: Landorus-Therian|Intimidate|[of] p2a: Excadrill
|-unboost|p2a: Excadrill|atk|1
|move|p2a: Excadrill|Earthquake|p1a: Landorus-Therian
|-immune|p1a: Landorus-Therian|[msg]
|
|turn|13
|join|updated kiddo
|
|switch|p2a: Crobat|Crobat, F|311\/311
|move|p1a: Landorus-Therian|Stealth Rock|p2a: Crobat
|-sidestart|p2: Scizeon|move: Stealth Rock
|
|turn|14
|
|switch|p1a: Metagross|Metagross-Mega|133\/301
|move|p2a: Crobat|Super Fang|p1a: Metagross
|-damage|p1a: Metagross|67\/301
|
|turn|15
|
|switch|p2a: Excadrill|Excadrill, F|423\/423
|-damage|p2a: Excadrill|410\/423|[from] Stealth Rock
|-ability|p2a: Excadrill|Mold Breaker
|-item|p2a: Excadrill|Air Balloon
|move|p1a: Metagross|Zen Headbutt|p2a: Excadrill
|-resisted|p2a: Excadrill
|-damage|p2a: Excadrill|268\/423
|-enditem|p2a: Excadrill|Air Balloon
|
|turn|16
|
|switch|p2a: Crobat|Crobat, F|311\/311
|-damage|p2a: Crobat|234\/311|[from] Stealth Rock
|move|p1a: Metagross|Earthquake|p2a: Crobat
|-immune|p2a: Crobat|[msg]
|
|turn|17
|join|Alector
|
|switch|p1a: Magnezone|Magnezone|343\/343
|move|p2a: Crobat|U-turn|p1a: Magnezone
|-resisted|p1a: Magnezone
|-damage|p1a: Magnezone|299\/343
|
|switch|p2a: Sylveon|Sylveon, F|394\/394
|-damage|p2a: Sylveon|345\/394|[from] Stealth Rock
|
|-heal|p2a: Sylveon|369\/394|[from] item: Leftovers
|-heal|p1a: Magnezone|320\/343|[from] item: Leftovers
|turn|18
|c| updated kiddo|yiff
|
|switch|p2a: Excadrill|Excadrill, F|268\/423
|-damage|p2a: Excadrill|255\/423|[from] Stealth Rock
|-ability|p2a: Excadrill|Mold Breaker
|move|p1a: Magnezone|Thunderbolt|p2a: Excadrill
|-immune|p2a: Excadrill|[msg]
|
|-heal|p1a: Magnezone|341\/343|[from] item: Leftovers
|turn|19
|join|0sasu
|
|switch|p1a: Landorus-Therian|Landorus-Therian, M|379\/379
|-ability|p1a: Landorus-Therian|Intimidate|[of] p2a: Excadrill
|-unboost|p2a: Excadrill|atk|1
|move|p2a: Excadrill|Rapid Spin|p1a: Landorus-Therian
|-damage|p1a: Landorus-Therian|363\/379
|-sideend|p2: Scizeon|Stealth Rock|[from] move: Rapid Spin|[of] p2a: Excadrill
|
|-heal|p1a: Landorus-Therian|379\/379|[from] item: Leftovers
|turn|20
|
|switch|p2a: Slowbro|Slowbro, M|226\/393 brn
|move|p1a: Landorus-Therian|Stealth Rock|p2a: Slowbro
|-sidestart|p2: Scizeon|move: Stealth Rock
|
|-damage|p2a: Slowbro|177\/393 brn|[from] brn
|turn|21
|leave|Alector
|join|ROTTERDAM NATION
|
|move|p1a: Landorus-Therian|U-turn|p2a: Slowbro
|-supereffective|p2a: Slowbro
|-damage|p2a: Slowbro|77\/393 brn
|-damage|p1a: Landorus-Therian|316\/379|[from] item: Rocky Helmet|[of] p2a: Slowbro
|
|switch|p1a: Magnezone|Magnezone|341\/343
|move|p2a: Slowbro|Slack Off|p2a: Slowbro
|-heal|p2a: Slowbro|274\/393 brn
|
|-heal|p1a: Magnezone|343\/343|[from] item: Leftovers
|-damage|p2a: Slowbro|225\/393 brn|[from] brn
|turn|22
|
|switch|p2a: Venusaur|Venusaur-Mega, F|322\/363
|-damage|p2a: Venusaur|277\/363|[from] Stealth Rock
|move|p1a: Magnezone|Substitute|p1a: Magnezone
|-start|p1a: Magnezone|Substitute
|-damage|p1a: Magnezone|258\/343
|
|-heal|p1a: Magnezone|279\/343|[from] item: Leftovers
|turn|23
|
|move|p2a: Venusaur|Giga Drain|p1a: Magnezone
|-resisted|p1a: Magnezone
|-activate|p1a: Magnezone|Substitute|[damage]
|-heal|p2a: Venusaur|307\/363|[from] drain|[of] p1a: Magnezone
|move|p1a: Magnezone|Thunderbolt|p2a: Venusaur
|-resisted|p2a: Venusaur
|-damage|p2a: Venusaur|231\/363
|
|-heal|p1a: Magnezone|300\/343|[from] item: Leftovers
|turn|24
|leave|0sasu
|
|move|p2a: Venusaur|Giga Drain|p1a: Magnezone
|-resisted|p1a: Magnezone
|-end|p1a: Magnezone|Substitute
|-heal|p2a: Venusaur|244\/363|[from] drain|[of] p1a: Magnezone
|move|p1a: Magnezone|Hidden Power|p2a: Venusaur
|-supereffective|p2a: Venusaur
|-damage|p2a: Venusaur|170\/363
|
|-heal|p1a: Magnezone|321\/343|[from] item: Leftovers
|turn|25
|join|0sasu
|
|switch|p1a: Latias|Latias, F|301\/301
|move|p2a: Venusaur|Leech Seed|p1a: Latias
|-start|p1a: Latias|move: Leech Seed
|
|-damage|p1a: Latias|264\/301|[from] Leech Seed|[of] p2a: Venusaur
|-heal|p2a: Venusaur|207\/363|[silent]
|turn|26
|
|switch|p2a: Heatran|Heatran, M|386\/386
|-damage|p2a: Heatran|338\/386|[from] Stealth Rock
|move|p1a: Latias|Healing Wish|p1a: Latias
|faint|p1a: Latias
|
|-heal|p2a: Heatran|362\/386|[from] item: Leftovers
|
|switch|p1a: Metagross|Metagross-Mega|67\/301
|-heal|p1a: Metagross|301\/301|[from] move: Healing Wish
|turn|27
|join|Yiffeon
|
|switch|p2a: Slowbro|Slowbro, M|356\/393 brn
|-damage|p2a: Slowbro|307\/393 brn|[from] Stealth Rock
|move|p1a: Metagross|Earthquake|p2a: Slowbro
|-damage|p2a: Slowbro|213\/393 brn
|
|-damage|p2a: Slowbro|164\/393 brn|[from] brn
|turn|28
|
|switch|p1a: Magnezone|Magnezone|321\/343
|move|p2a: Slowbro|Slack Off|p2a: Slowbro
|-heal|p2a: Slowbro|361\/393 brn
|
|-heal|p1a: Magnezone|342\/343|[from] item: Leftovers
|-damage|p2a: Slowbro|312\/393 brn|[from] brn
|turn|29
|
|switch|p2a: Heatran|Heatran, M|362\/386
|-damage|p2a: Heatran|314\/386|[from] Stealth Rock
|move|p1a: Magnezone|Substitute|p1a: Magnezone
|-start|p1a: Magnezone|Substitute
|-damage|p1a: Magnezone|257\/343
|
|-heal|p2a: Heatran|338\/386|[from] item: Leftovers
|-heal|p1a: Magnezone|278\/343|[from] item: Leftovers
|turn|30
|
|move|p2a: Heatran|Stealth Rock|p1a: Magnezone
|-sidestart|p1: Dragonite1999|move: Stealth Rock
|move|p1a: Magnezone|Thunderbolt|p2a: Heatran
|-damage|p2a: Heatran|221\/386
|
|-heal|p2a: Heatran|245\/386|[from] item: Leftovers
|-heal|p1a: Magnezone|299\/343|[from] item: Leftovers
|turn|31
|
|move|p2a: Heatran|Lava Plume|p1a: Magnezone
|-supereffective|p1a: Magnezone
|-end|p1a: Magnezone|Substitute
|move|p1a: Magnezone|Thunderbolt|p2a: Heatran
|-damage|p2a: Heatran|125\/386
|
|-heal|p2a: Heatran|149\/386|[from] item: Leftovers
|-heal|p1a: Magnezone|320\/343|[from] item: Leftovers
|turn|32
|
|switch|p1a: Conkeldurr|Conkeldurr, M|281\/413
|-damage|p1a: Conkeldurr|256\/413|[from] Stealth Rock
|move|p2a: Heatran|Roar|p1a: Conkeldurr
|drag|p1a: Metagross|Metagross-Mega|301\/301
|-damage|p1a: Metagross|283\/301|[from] Stealth Rock
|
|-heal|p2a: Heatran|173\/386|[from] item: Leftovers
|turn|33
|
|switch|p2a: Slowbro|Slowbro, M|393\/393 brn
|-damage|p2a: Slowbro|344\/393 brn|[from] Stealth Rock
|move|p1a: Metagross|Earthquake|p2a: Slowbro
|-damage|p2a: Slowbro|256\/393 brn
|
|-damage|p2a: Slowbro|207\/393 brn|[from] brn
|turn|34
|
|move|p1a: Metagross|Earthquake|p2a: Slowbro
|-damage|p2a: Slowbro|120\/393 brn
|move|p2a: Slowbro|Slack Off|p2a: Slowbro
|-heal|p2a: Slowbro|317\/393 brn
|
|-damage|p2a: Slowbro|268\/393 brn|[from] brn
|turn|35
|
|switch|p1a: Conkeldurr|Conkeldurr, M|256\/413
|-damage|p1a: Conkeldurr|231\/413|[from] Stealth Rock
|move|p2a: Slowbro|Scald|p1a: Conkeldurr
|-damage|p1a: Conkeldurr|137\/413
|
|-damage|p2a: Slowbro|219\/393 brn|[from] brn
|turn|36
|
|switch|p2a: Sylveon|Sylveon, F|369\/394
|-damage|p2a: Sylveon|320\/394|[from] Stealth Rock
|move|p1a: Conkeldurr|Knock Off|p2a: Sylveon
|-resisted|p2a: Sylveon
|-damage|p2a: Sylveon|222\/394
|-enditem|p2a: Sylveon|Leftovers|[from] move: Knock Off|[of] p1a: Conkeldurr
|
|turn|37
|join|Nigguh Wit Tude
|
|switch|p1a: Metagross|Metagross-Mega|283\/301
|-damage|p1a: Metagross|265\/301|[from] Stealth Rock
|move|p2a: Sylveon|Heal Bell|p2a: Sylveon
|-cureteam|p2a: Sylveon|[from] move: HealBell
|
|turn|38
|
|switch|p2a: Slowbro|Slowbro, M|350\/393
|-damage|p2a: Slowbro|301\/393|[from] Stealth Rock
|move|p1a: Metagross|Zen Headbutt|p2a: Slowbro
|-crit|p2a: Slowbro
|-resisted|p2a: Slowbro
|-damage|p2a: Slowbro|195\/393
|-damage|p1a: Metagross|215\/301|[from] item: Rocky Helmet|[of] p2a: Slowbro
|
|turn|39
|-message|Dragonite1999 lost due to inactivity.
|
|win|Scizeon
|raw|Ladder updating...
|leave|Scizeon
|raw|Dragonite1999's rating: 1489 &rarr; <strong>1462<\/strong><br \/>(-27 for losing)
|raw|Scizeon's rating: 1362 &rarr; <strong>1389<\/strong><br \/>(+27 for winning)
|leave|0sasu
|player|p2
|leave|Dragonite1999
|player|p1
|leave|doge ebinest
|join|Raniel
|leave|Raniel
|leave|Yiffeon
|leave|Nigguh Wit Tude
|join|Cienight
|join|yrs
|leave|yrs
|join|jhioho
|leave|jhioho
|join|haunter
|leave|haunter
|leave|ROTTERDAM NATION
|join|Cosine180
|leave|Cosine180
|join|king of spycrabs
|leave|king of spycrabs
|join|Nigguh Wit Tude
|leave|Nigguh Wit Tude
|join|Nigguh Wit Tude