|join|Reverb
|join|beardy superman
|player|p1|Reverb|#reverb
|player|p2|beardy superman|102
|gametype|singles
|gen|6
|tier|OU
|rated
|clearpoke
|poke|p1|Lopunny, F
|poke|p1|Clefable, M
|poke|p1|Tyranitar, M
|poke|p1|Keldeo
|poke|p1|Landorus-Therian, M
|poke|p1|Empoleon, M
|poke|p2|Metagross
|poke|p2|Keldeo
|poke|p2|Talonflame, F
|poke|p2|Rotom-Wash
|poke|p2|Landorus-Therian, M
|poke|p2|Latias, F
|rule|Swagger Clause: Swagger is banned
|rule|Baton Pass Clause: Limit one PokÃ©mon knowing Baton Pass
|rule|Sleep Clause Mod: Limit one foe put to sleep
|rule|Species Clause: Limit one of each PokÃ©mon
|rule|OHKO Clause: OHKO moves are banned
|rule|Moody Clause: Moody is banned
|rule|Evasion Moves Clause: Evasion moves are banned
|rule|Endless Battle Clause: Forcing endless battles is banned
|rule|HP Percentage Mod: HP is shown in percentages
|teampreview
|
|start
|switch|p1a: Keldeo|Keldeo|323\/323
|switch|p2a: Landorus-Therian|Landorus-Therian, M|381\/381
|-ability|p2a: Landorus-Therian|Intimidate|[of] p1a: Keldeo
|-unboost|p1a: Keldeo|atk|1
|turn|1
|
|switch|p2a: Latias|Latias, F|301\/301
|move|p1a: Keldeo|Icy Wind|p2a: Latias
|-supereffective|p2a: Latias
|-damage|p2a: Latias|135\/301
|-unboost|p2a: Latias|spe|1
|
|turn|2
|
|switch|p1a: Empoleon|Empoleon, M|371\/371
|switch|p2a: Keldeo|Keldeo|323\/323
|
|turn|3
|
|switch|p1a: Clefable|Clefable, M|394\/394
|move|p2a: Keldeo|Substitute|p2a: Keldeo
|-start|p2a: Keldeo|Substitute
|-damage|p2a: Keldeo|243\/323
|
|-heal|p2a: Keldeo|263\/323|[from] item: Leftovers
|turn|4
|
|move|p2a: Keldeo|Scald|p1a: Clefable
|-damage|p1a: Clefable|268\/394
|move|p1a: Clefable|Calm Mind|p1a: Clefable
|-boost|p1a: Clefable|spa|1
|-boost|p1a: Clefable|spd|1
|
|-heal|p2a: Keldeo|283\/323|[from] item: Leftovers
|-heal|p1a: Clefable|292\/394|[from] item: Leftovers
|turn|5
|
|switch|p2a: Metagross|Metagross|301\/301
|move|p1a: Clefable|Moonblast|p2a: Metagross
|-resisted|p2a: Metagross
|-damage|p2a: Metagross|212\/301
|
|-heal|p1a: Clefable|316\/394|[from] item: Leftovers
|turn|6
|
|switch|p1a: Empoleon|Empoleon, M|371\/371
|detailschange|p2a: Metagross|Metagross-Mega
|-mega|p2a: Metagross|Metagross|Metagrossite
|move|p2a: Metagross|Meteor Mash|p1a: Empoleon|[miss]
|-miss|p2a: Metagross|p1a: Empoleon
|
|turn|7
|
|move|p2a: Metagross|Hammer Arm|p1a: Empoleon
|-supereffective|p1a: Empoleon
|-damage|p1a: Empoleon|81\/371
|-unboost|p2a: Metagross|spe|1
|move|p1a: Empoleon|Stealth Rock|p2a: Metagross
|-sidestart|p2: beardy superman|move: Stealth Rock
|
|-heal|p1a: Empoleon|104\/371|[from] item: Leftovers
|turn|8
|
|switch|p2a: Rotom-Wash|Rotom-Wash|304\/304
|-damage|p2a: Rotom-Wash|266\/304|[from] Stealth Rock
|switch|p1a: Landorus-Therian|Landorus-Therian, M|327\/327
|-ability|p1a: Landorus-Therian|Intimidate|[of] p2a: Rotom-Wash
|-unboost|p2a: Rotom-Wash|atk|1
|
|-heal|p2a: Rotom-Wash|285\/304|[from] item: Leftovers
|turn|9
|
|move|p1a: Landorus-Therian|U-turn|p2a: Rotom-Wash
|-damage|p2a: Rotom-Wash|222\/304
|
|switch|p1a: Clefable|Clefable, M|316\/394
|move|p2a: Rotom-Wash|Volt Switch|p1a: Clefable
|-damage|p1a: Clefable|244\/394
|
|switch|p2a: Metagross|Metagross-Mega|212\/301
|-damage|p2a: Metagross|194\/301|[from] Stealth Rock
|
|-heal|p1a: Clefable|268\/394|[from] item: Leftovers
|turn|10
|
|switch|p1a: Empoleon|Empoleon, M|104\/371
|move|p2a: Metagross|Meteor Mash|p1a: Empoleon
|-resisted|p1a: Empoleon
|-damage|p1a: Empoleon|54\/371
|
|-heal|p1a: Empoleon|77\/371|[from] item: Leftovers
|turn|11
|
|move|p2a: Metagross|Hammer Arm|p1a: Empoleon
|-supereffective|p1a: Empoleon
|-damage|p1a: Empoleon|0 fnt
|-unboost|p2a: Metagross|spe|1
|faint|p1a: Empoleon
|
|
|switch|p1a: Keldeo|Keldeo|323\/323
|turn|12
|
|switch|p2a: Rotom-Wash|Rotom-Wash|222\/304
|-damage|p2a: Rotom-Wash|184\/304|[from] Stealth Rock
|move|p1a: Keldeo|Scald|p2a: Rotom-Wash
|-resisted|p2a: Rotom-Wash
|-damage|p2a: Rotom-Wash|80\/304
|
|-heal|p2a: Rotom-Wash|99\/304|[from] item: Leftovers
|turn|13
|
|move|p1a: Keldeo|Scald|p2a: Rotom-Wash
|-resisted|p2a: Rotom-Wash
|-damage|p2a: Rotom-Wash|4\/304
|move|p2a: Rotom-Wash|Will-O-Wisp|p1a: Keldeo
|-status|p1a: Keldeo|brn
|
|-heal|p2a: Rotom-Wash|23\/304|[from] item: Leftovers
|-damage|p1a: Keldeo|283\/323 brn|[from] brn
|turn|14
|
|move|p1a: Keldeo|Scald|p2a: Rotom-Wash
|-resisted|p2a: Rotom-Wash
|-damage|p2a: Rotom-Wash|0 fnt
|faint|p2a: Rotom-Wash
|
|-damage|p1a: Keldeo|243\/323 brn|[from] brn
|
|switch|p2a: Latias|Latias, F|135\/301
|-damage|p2a: Latias|98\/301|[from] Stealth Rock
|turn|15
|
|switch|p1a: Landorus-Therian|Landorus-Therian, M|327\/327
|-ability|p1a: Landorus-Therian|Intimidate|[of] p2a: Latias
|-unboost|p2a: Latias|atk|1
|move|p2a: Latias|Defog|p1a: Landorus-Therian
|-unboost|p1a: Landorus-Therian|evasion|1
|-sideend|p2: beardy superman|Stealth Rock|[from] move: Defog|[of] p2a: Latias
|
|turn|16
|
|move|p1a: Landorus-Therian|U-turn|p2a: Latias
|-supereffective|p2a: Latias
|-damage|p2a: Latias|0 fnt
|faint|p2a: Latias
|
|switch|p1a: Lopunny|Lopunny, F|271\/271
|
|
|switch|p2a: Landorus-Therian|Landorus-Therian, M|381\/381
|-ability|p2a: Landorus-Therian|Intimidate|[of] p1a: Lopunny
|-unboost|p1a: Lopunny|atk|1
|turn|17
|
|detailschange|p1a: Lopunny|Lopunny-Mega, F
|-mega|p1a: Lopunny|Lopunny|Lopunnite
|move|p1a: Lopunny|Fake Out|p2a: Landorus-Therian
|-damage|p2a: Landorus-Therian|338\/381
|cant|p2a: Landorus-Therian|flinch
|
|-heal|p2a: Landorus-Therian|361\/381|[from] item: Leftovers
|turn|18
|
|move|p1a: Lopunny|Ice Punch|p2a: Landorus-Therian
|-supereffective|p2a: Landorus-Therian
|-damage|p2a: Landorus-Therian|133\/381
|move|p2a: Landorus-Therian|Stealth Rock|p1a: Lopunny
|-sidestart|p1: Reverb|move: Stealth Rock
|
|-heal|p2a: Landorus-Therian|156\/381|[from] item: Leftovers
|turn|19
|
|move|p1a: Lopunny|Ice Punch|p2a: Landorus-Therian
|-supereffective|p2a: Landorus-Therian
|-damage|p2a: Landorus-Therian|0 fnt
|faint|p2a: Landorus-Therian
|
|
|switch|p2a: Talonflame|Talonflame, F|297\/297
|turn|20
|
|switch|p1a: Keldeo|Keldeo|243\/323 brn
|-damage|p1a: Keldeo|223\/323 brn|[from] Stealth Rock
|switch|p2a: Metagross|Metagross-Mega|194\/301
|
|-damage|p1a: Keldeo|183\/323 brn|[from] brn
|turn|21
|
|move|p2a: Metagross|Zen Headbutt|p1a: Keldeo
|-supereffective|p1a: Keldeo
|-damage|p1a: Keldeo|0 fnt
|faint|p1a: Keldeo
|
|
|switch|p1a: Lopunny|Lopunny-Mega, F|271\/271
|-damage|p1a: Lopunny|255\/271|[from] Stealth Rock
|turn|22
|
|switch|p2a: Talonflame|Talonflame, F|297\/297
|move|p1a: Lopunny|Fake Out|p2a: Talonflame
|-damage|p2a: Talonflame|204\/297
|
|turn|23
|
|switch|p1a: Clefable|Clefable, M|268\/394
|switch|p2a: Keldeo|Keldeo|283\/323
|
|-heal|p2a: Keldeo|303\/323|[from] item: Leftovers
|-heal|p1a: Clefable|292\/394|[from] item: Leftovers
|turn|24
|
|switch|p2a: Metagross|Metagross-Mega|194\/301
|move|p1a: Clefable|Moonblast|p2a: Metagross
|-resisted|p2a: Metagross
|-damage|p2a: Metagross|146\/301
|
|-heal|p1a: Clefable|316\/394|[from] item: Leftovers
|turn|25
|
|switch|p1a: Landorus-Therian|Landorus-Therian, M|327\/327
|-damage|p1a: Landorus-Therian|287\/327|[from] Stealth Rock
|-ability|p1a: Landorus-Therian|Intimidate|[of] p2a: Metagross
|-unboost|p2a: Metagross|atk|1
|move|p2a: Metagross|Meteor Mash|p1a: Landorus-Therian|[miss]
|-miss|p2a: Metagross|p1a: Landorus-Therian
|
|turn|26
|
|move|p1a: Landorus-Therian|U-turn|p2a: Metagross
|-damage|p2a: Metagross|77\/301
|
|switch|p1a: Clefable|Clefable, M|316\/394
|move|p2a: Metagross|Meteor Mash|p1a: Clefable
|-supereffective|p1a: Clefable
|-damage|p1a: Clefable|0 fnt
|-boost|p2a: Metagross|atk|1
|faint|p1a: Clefable
|
|
|switch|p1a: Lopunny|Lopunny-Mega, F|255\/271
|-damage|p1a: Lopunny|239\/271|[from] Stealth Rock
|turn|27
|
|move|p1a: Lopunny|High Jump Kick|p2a: Metagross
|-damage|p2a: Metagross|0 fnt
|faint|p2a: Metagross
|
|join|hand relief
|
|switch|p2a: Talonflame|Talonflame, F|204\/297
|turn|28
|
|switch|p1a: Landorus-Therian|Landorus-Therian, M|287\/327
|-damage|p1a: Landorus-Therian|247\/327|[from] Stealth Rock
|-ability|p1a: Landorus-Therian|Intimidate|[of] p2a: Talonflame
|-unboost|p2a: Talonflame|atk|1
|move|p2a: Talonflame|Brave Bird|p1a: Landorus-Therian
|-damage|p1a: Landorus-Therian|109\/327
|-damage|p2a: Talonflame|158\/297|[from] recoil|[of] p1a: Landorus-Therian
|
|turn|29
|
|switch|p1a: Tyranitar|Tyranitar, M|383\/383
|-damage|p1a: Tyranitar|336\/383|[from] Stealth Rock
|-weather|Sandstorm
|move|p2a: Talonflame|Brave Bird|p1a: Tyranitar
|-resisted|p1a: Tyranitar
|-damage|p1a: Tyranitar|279\/383
|-damage|p2a: Talonflame|139\/297|[from] recoil|[of] p1a: Tyranitar
|
|-weather|Sandstorm|[upkeep]
|-damage|p2a: Talonflame|121\/297|[from] sandstorm
|turn|30
|
|move|p2a: Talonflame|Flare Blitz|p1a: Tyranitar
|-resisted|p1a: Tyranitar
|-damage|p1a: Tyranitar|231\/383
|-damage|p2a: Talonflame|105\/297|[from] recoil|[of] p1a: Tyranitar
|move|p1a: Tyranitar|Crunch|p2a: Talonflame
|-damage|p2a: Talonflame|0 fnt
|faint|p2a: Talonflame
|
|-weather|Sandstorm|[upkeep]
|
|switch|p2a: Keldeo|Keldeo|303\/323
|turn|31
|
|move|p2a: Keldeo|Substitute|p2a: Keldeo
|-start|p2a: Keldeo|Substitute
|-damage|p2a: Keldeo|223\/323
|move|p1a: Tyranitar|Crunch|p2a: Keldeo
|-resisted|p2a: Keldeo
|-end|p2a: Keldeo|Substitute
|
|-weather|Sandstorm|[upkeep]
|-damage|p2a: Keldeo|203\/323|[from] sandstorm
|-heal|p2a: Keldeo|223\/323|[from] item: Leftovers
|turn|32
|
|move|p2a: Keldeo|Secret Sword|p1a: Tyranitar
|-supereffective|p1a: Tyranitar
|-damage|p1a: Tyranitar|0 fnt
|faint|p1a: Tyranitar
|
|-weather|Sandstorm|[upkeep]
|-damage|p2a: Keldeo|203\/323|[from] sandstorm
|-heal|p2a: Keldeo|223\/323|[from] item: Leftovers
|
|switch|p1a: Landorus-Therian|Landorus-Therian, M|109\/327
|-damage|p1a: Landorus-Therian|69\/327|[from] Stealth Rock
|-ability|p1a: Landorus-Therian|Intimidate|[of] p2a: Keldeo
|-unboost|p2a: Keldeo|atk|1
|turn|33
|
|move|p1a: Landorus-Therian|Explosion|p2a: Keldeo
|-damage|p2a: Keldeo|0 fnt
|faint|p1a: Landorus-Therian
|faint|p2a: Keldeo
|
|win|Reverb
|raw|Ladder updating...
|c|âReverb|gg
|raw|Reverb's rating: 1721 &rarr; <strong>1731<\/strong><br \/>(+10 for winning)
|raw|beardy superman's rating: 1541 &rarr; <strong>1530<\/strong><br \/>(-11 for losing)