|join|ULT xMarth
|join|ULT Drookez
|player|p1|ULT xMarth|153
|player|p2|ULT Drookez|101
|gametype|singles
|gen|6
|tier|UU
|rated
|rule|Sleep Clause Mod: Limit one foe put to sleep
|rule|Species Clause: Limit one of each PokÃ©mon
|rule|OHKO Clause: OHKO moves are banned
|rule|Moody Clause: Moody is banned
|rule|Evasion Moves Clause: Evasion moves are banned
|rule|Endless Battle Clause: Forcing endless battles is banned
|rule|HP Percentage Mod: HP is shown in percentages
|clearpoke
|poke|p1|Whimsicott, M
|poke|p1|Victreebel, M
|poke|p1|Entei, shiny
|poke|p1|Uxie
|poke|p1|Heliolisk, F
|poke|p1|Shiftry, F
|poke|p2|Chandelure, M
|poke|p2|Blastoise, F
|poke|p2|Roserade, M
|poke|p2|Mienshao, M
|poke|p2|Hydreigon, M
|poke|p2|Raikou
|rule|Swagger Clause: Swagger is banned
|rule|Baton Pass Clause: Limit one PokÃ©mon knowing Baton Pass
|teampreview
|
|start
|switch|p1a: Uxie|Uxie|353\/353
|switch|p2a: Hydreigon|Hydreigon, M|325\/325
|turn|1
|
|move|p2a: Hydreigon|Dark Pulse|p1a: Uxie
|-supereffective|p1a: Uxie
|-damage|p1a: Uxie|127\/353
|-damage|p2a: Hydreigon|293\/325|[from] item: Life Orb
|move|p1a: Uxie|Stealth Rock|p2a: Hydreigon
|-sidestart|p2: ULT Drookez|move: Stealth Rock
|
|turn|2
|
|switch|p1a: Whimsicott|Whimsicott, M|323\/323
|move|p2a: Hydreigon|Dark Pulse|p1a: Whimsicott
|-resisted|p1a: Whimsicott
|-damage|p1a: Whimsicott|218\/323
|-damage|p2a: Hydreigon|261\/325|[from] item: Life Orb
|
|turn|3
|
|switch|p2a: Roserade|Roserade, M|261\/261
|-damage|p2a: Roserade|229\/261|[from] Stealth Rock
|move|p1a: Whimsicott|Sunny Day|p1a: Whimsicott
|-weather|SunnyDay
|
|-weather|SunnyDay|[upkeep]
|turn|4
|
|move|p1a: Whimsicott|Memento|p2a: Roserade
|-unboost|p2a: Roserade|atk|2
|-unboost|p2a: Roserade|spa|2
|faint|p1a: Whimsicott
|move|p2a: Roserade|Sludge Bomb|p1: Whimsicott|[notarget]
|-notarget
|
|-weather|SunnyDay|[upkeep]
|
|switch|p1a: Victreebel|Victreebel, M|301\/301
|turn|5
|
|move|p1a: Victreebel|Growth|p1a: Victreebel
|-boost|p1a: Victreebel|atk|2
|-boost|p1a: Victreebel|spa|2
|move|p2a: Roserade|Sludge Bomb|p1a: Victreebel
|-damage|p1a: Victreebel|161\/301
|-damage|p2a: Roserade|203\/261|[from] item: Life Orb
|
|-weather|SunnyDay|[upkeep]
|turn|6
|
|move|p1a: Victreebel|Weather Ball|p2a: Roserade
|-supereffective|p2a: Roserade
|-damage|p2a: Roserade|0 fnt
|-damage|p1a: Victreebel|131\/301|[from] item: Life Orb
|faint|p2a: Roserade
|
|-weather|SunnyDay|[upkeep]
|
|switch|p2a: Mienshao|Mienshao, M|271\/271
|-damage|p2a: Mienshao|255\/271|[from] Stealth Rock
|turn|7
|
|move|p1a: Victreebel|Solar Beam|p2a: Mienshao|[still]
|-prepare|p1a: Victreebel|Solar Beam|p2a: Mienshao
|-anim|p1a: Victreebel|Solar Beam|p2a: Mienshao
|-damage|p2a: Mienshao|0 fnt
|-damage|p1a: Victreebel|101\/301|[from] item: Life Orb
|faint|p2a: Mienshao
|
|-weather|SunnyDay|[upkeep]
|join|Swallowed Up
|
|switch|p2a: Chandelure|Chandelure, M|289\/289
|-damage|p2a: Chandelure|217\/289|[from] Stealth Rock
|turn|8
|
|move|p1a: Victreebel|Solar Beam|p2a: Chandelure|[still]
|-prepare|p1a: Victreebel|Solar Beam|p2a: Chandelure
|-anim|p1a: Victreebel|Solar Beam|p2a: Chandelure
|-resisted|p2a: Chandelure
|-damage|p2a: Chandelure|0 fnt
|-damage|p1a: Victreebel|71\/301|[from] item: Life Orb
|faint|p2a: Chandelure
|
|-weather|SunnyDay|[upkeep]
|-message|ULT Drookez forfeited.
|
|win|ULT xMarth
|raw|Ladder updating...
|leave|ULT Drookez
|player|p2
|raw|ULT xMarth's rating: 1403 &rarr; <strong>1420<\/strong><br \/>(+17 for winning)
|raw|ULT Drookez's rating: 1353 &rarr; <strong>1335<\/strong><br \/>(-18 for losing)