|join|ULT Drookez
|join|ScepKo23
|player|p1|ULT Drookez|102
|player|p2|ScepKo23|167
|gametype|singles
|gen|6
|tier|UU
|rated
|rule|Sleep Clause Mod: Limit one foe put to sleep
|rule|Species Clause: Limit one of each PokÃ©mon
|rule|OHKO Clause: OHKO moves are banned
|rule|Moody Clause: Moody is banned
|rule|Evasion Moves Clause: Evasion moves are banned
|rule|Endless Battle Clause: Forcing endless battles is banned
|rule|HP Percentage Mod: HP is shown in percentages
|clearpoke
|poke|p1|Froslass, F
|poke|p1|Honchkrow, M
|poke|p1|Blastoise, M
|poke|p1|Jirachi
|poke|p1|Chesnaught, F
|poke|p1|Raikou
|poke|p2|Empoleon, M
|poke|p2|Florges, F
|poke|p2|Chesnaught, M
|poke|p2|Chandelure, M
|poke|p2|Pidgeot, F
|poke|p2|Rotom-Frost
|rule|Swagger Clause: Swagger is banned
|rule|Baton Pass Clause: Limit one PokÃ©mon knowing Baton Pass
|teampreview
|
|start
|switch|p1a: Froslass|Froslass, F|282\/282
|switch|p2a: Rotom-Frost|Rotom-Frost|241\/241
|turn|1
|
|move|p2a: Rotom-Frost|Will-O-Wisp|p1a: Froslass
|-status|p1a: Froslass|brn
|move|p1a: Froslass|Spikes|p2a: Rotom-Frost
|-sidestart|p2: ScepKo23|Spikes
|
|-damage|p1a: Froslass|247\/282 brn|[from] brn
|turn|2
|
|switch|p2a: Chesnaught|Chesnaught, M|380\/380
|-damage|p2a: Chesnaught|333\/380|[from] Spikes
|move|p1a: Froslass|Spikes|p2a: Chesnaught
|-sidestart|p2: ScepKo23|Spikes
|
|-heal|p2a: Chesnaught|356\/380|[from] item: Leftovers
|-damage|p1a: Froslass|212\/282 brn|[from] brn
|turn|3
|
|move|p1a: Froslass|Taunt|p2a: Chesnaught
|-start|p2a: Chesnaught|move: Taunt
|cant|p2a: Chesnaught|move: Taunt|Leech Seed
|
|-heal|p2a: Chesnaught|379\/380|[from] item: Leftovers
|-damage|p1a: Froslass|177\/282 brn|[from] brn
|turn|4
|
|move|p1a: Froslass|Ice Beam|p2a: Chesnaught
|-supereffective|p2a: Chesnaught
|-damage|p2a: Chesnaught|59\/380
|move|p2a: Chesnaught|Wood Hammer|p1a: Froslass
|-damage|p1a: Froslass|0 fnt
|-damage|p2a: Chesnaught|1\/380|[from] recoil|[of] p1a: Froslass
|faint|p1a: Froslass
|
|-heal|p2a: Chesnaught|24\/380|[from] item: Leftovers
|
|switch|p1a: Honchkrow|Honchkrow, M|341\/341
|turn|5
|
|move|p1a: Honchkrow|Brave Bird|p2a: Chesnaught
|-supereffective|p2a: Chesnaught
|-damage|p2a: Chesnaught|0 fnt
|-damage|p1a: Honchkrow|333\/341|[from] recoil|[of] p2a: Chesnaught
|-damage|p1a: Honchkrow|299\/341|[from] item: Life Orb
|faint|p2a: Chesnaught
|-boost|p1a: Honchkrow|atk|1|[from] ability: Moxie
|
|
|switch|p2a: Chandelure|Chandelure, M|261\/261
|-damage|p2a: Chandelure|218\/261|[from] Spikes
|turn|6
|
|move|p1a: Honchkrow|Sucker Punch|p2a: Chandelure
|-fail|p2a: Chandelure
|move|p2a: Chandelure|Trick|p1a: Honchkrow
|-activate|p2a: Chandelure|move: Trick|[of] p1a: Honchkrow
|-item|p1a: Honchkrow|Choice Specs|[from] move: Trick
|-item|p2a: Chandelure|Life Orb|[from] move: Trick
|
|turn|7
|
|move|p1a: Honchkrow|Pursuit|p2a: Chandelure|[from]Pursuit
|-crit|p2a: Chandelure
|-supereffective|p2a: Chandelure
|-damage|p2a: Chandelure|0 fnt
|faint|p2a: Chandelure
|-boost|p1a: Honchkrow|atk|1|[from] ability: Moxie
|
|
|switch|p2a: Rotom-Frost|Rotom-Frost|241\/241
|turn|8
|
|switch|p1a: Jirachi|Jirachi|404\/404
|move|p2a: Rotom-Frost|Volt Switch|p1a: Jirachi
|-damage|p1a: Jirachi|328\/404
|
|switch|p2a: Empoleon|Empoleon, M|372\/372
|-damage|p2a: Empoleon|310\/372|[from] Spikes
|
|-heal|p1a: Jirachi|353\/404|[from] item: Leftovers
|turn|9
|
|move|p1a: Jirachi|Thunder Wave|p2a: Empoleon
|-status|p2a: Empoleon|par
|move|p2a: Empoleon|Knock Off|p1a: Jirachi
|-supereffective|p1a: Jirachi
|-damage|p1a: Jirachi|175\/404
|-enditem|p1a: Jirachi|Leftovers|[from] move: Knock Off|[of] p2a: Empoleon
|
|turn|10
|
|switch|p1a: Chesnaught|Chesnaught, F|380\/380
|move|p2a: Empoleon|Earthquake|p1a: Chesnaught
|-resisted|p1a: Chesnaught
|-damage|p1a: Chesnaught|351\/380
|
|-heal|p1a: Chesnaught|374\/380|[from] item: Leftovers
|turn|11
|
|move|p1a: Chesnaught|Leech Seed|p2a: Empoleon
|-start|p2a: Empoleon|move: Leech Seed
|move|p2a: Empoleon|Drill Peck|p1a: Chesnaught
|-supereffective|p1a: Chesnaught
|-damage|p1a: Chesnaught|166\/380
|
|-heal|p1a: Chesnaught|189\/380|[from] item: Leftovers
|-damage|p2a: Empoleon|264\/372 par|[from] Leech Seed|[of] p1a: Chesnaught
|-heal|p1a: Chesnaught|235\/380|[silent]
|turn|12
|
|switch|p2a: Pidgeot|Pidgeot, F|308\/308
|move|p1a: Chesnaught|Spiky Shield|p1a: Chesnaught
|-fail|p1a: Chesnaught
|
|-heal|p1a: Chesnaught|258\/380|[from] item: Leftovers
|turn|13
|
|switch|p1a: Raikou|Raikou|321\/321
|-ability|p1a: Raikou|Pressure
|detailschange|p2a: Pidgeot|Pidgeot-Mega, F
|-mega|p2a: Pidgeot|Pidgeot|Pidgeotite
|move|p2a: Pidgeot|Hurricane|p1a: Raikou
|-resisted|p1a: Raikou
|-damage|p1a: Raikou|214\/321
|
|turn|14
|
|move|p2a: Pidgeot|U-turn|p1a: Raikou
|-damage|p1a: Raikou|157\/321
|
|switch|p2a: Florges|Florges, F|360\/360
|-damage|p2a: Florges|300\/360|[from] Spikes
|move|p1a: Raikou|Volt Switch|p2a: Florges
|-damage|p2a: Florges|191\/360
|
|switch|p1a: Jirachi|Jirachi|175\/404
|
|-heal|p2a: Florges|213\/360|[from] item: Leftovers
|turn|15
|
|move|p2a: Florges|Protect|p2a: Florges
|-singleturn|p2a: Florges|Protect
|move|p1a: Jirachi|Thunder Wave|p2a: Florges
|-activate|p2a: Florges|Protect
|
|-heal|p2a: Florges|235\/360|[from] item: Leftovers
|turn|16
|
|move|p1a: Jirachi|Iron Head|p2a: Florges
|-supereffective|p2a: Florges
|-damage|p2a: Florges|49\/360
|move|p2a: Florges|Wish|p2a: Florges
|
|-heal|p2a: Florges|71\/360|[from] item: Leftovers
|turn|17
|
|move|p2a: Florges|Protect|p2a: Florges
|-singleturn|p2a: Florges|Protect
|move|p1a: Jirachi|U-turn|p2a: Florges
|-activate|p2a: Florges|Protect
|
|-heal|p2a: Florges|251\/360|[from] move: Wish|[wisher] Florges
|-heal|p2a: Florges|273\/360|[from] item: Leftovers
|turn|18
|
|move|p1a: Jirachi|Iron Head|p2a: Florges
|-supereffective|p2a: Florges
|-damage|p2a: Florges|75\/360
|move|p2a: Florges|Moonblast|p1a: Jirachi
|-resisted|p1a: Jirachi
|-damage|p1a: Jirachi|133\/404
|-unboost|p1a: Jirachi|spa|1
|
|-heal|p2a: Florges|97\/360|[from] item: Leftovers
|turn|19
|
|move|p2a: Florges|Protect|p2a: Florges
|-singleturn|p2a: Florges|Protect
|move|p1a: Jirachi|Iron Head|p2a: Florges
|-activate|p2a: Florges|Protect
|
|-heal|p2a: Florges|119\/360|[from] item: Leftovers
|turn|20
|
|move|p1a: Jirachi|Iron Head|p2a: Florges
|-supereffective|p2a: Florges
|-damage|p2a: Florges|0 fnt
|faint|p2a: Florges
|
|
|switch|p2a: Rotom-Frost|Rotom-Frost|241\/241
|turn|21
|
|move|p2a: Rotom-Frost|Blizzard|p1a: Jirachi
|-resisted|p1a: Jirachi
|-damage|p1a: Jirachi|70\/404
|move|p1a: Jirachi|Iron Head|p2a: Rotom-Frost
|-damage|p2a: Rotom-Frost|157\/241
|
|turn|22
|
|switch|p2a: Empoleon|Empoleon, M|264\/372 par
|-damage|p2a: Empoleon|202\/372 par|[from] Spikes
|switch|p1a: Blastoise|Blastoise, M|362\/362
|
|turn|23
|
|detailschange|p1a: Blastoise|Blastoise-Mega, M
|-mega|p1a: Blastoise|Blastoise|Blastoisinite
|move|p1a: Blastoise|Dark Pulse|p2a: Empoleon
|-damage|p2a: Empoleon|95\/372 par
|move|p2a: Empoleon|Knock Off|p1a: Blastoise
|-damage|p1a: Blastoise|302\/362
|
|turn|24
|
|cant|p2a: Empoleon|par
|move|p1a: Blastoise|Dark Pulse|p2a: Empoleon
|-damage|p2a: Empoleon|0 fnt
|faint|p2a: Empoleon
|
|
|switch|p2a: Rotom-Frost|Rotom-Frost|157\/241
|turn|25
|
|move|p2a: Rotom-Frost|Volt Switch|p1a: Blastoise
|-crit|p1a: Blastoise
|-supereffective|p1a: Blastoise
|-damage|p1a: Blastoise|8\/362
|
|switch|p2a: Pidgeot|Pidgeot-Mega, F|308\/308
|move|p1a: Blastoise|Dark Pulse|p2a: Pidgeot
|-damage|p2a: Pidgeot|111\/308
|
|turn|26
|
|move|p2a: Pidgeot|Hurricane|p1a: Blastoise
|-damage|p1a: Blastoise|0 fnt
|faint|p1a: Blastoise
|
|
|switch|p1a: Honchkrow|Honchkrow, M|299\/341
|turn|27
|
|move|p1a: Honchkrow|Sucker Punch|p2a: Pidgeot
|-fail|p2a: Pidgeot
|move|p2a: Pidgeot|Roost|p2a: Pidgeot
|-heal|p2a: Pidgeot|265\/308
|
|turn|28
|
|move|p1a: Honchkrow|Sucker Punch|p2a: Pidgeot
|-fail|p2a: Pidgeot
|move|p2a: Pidgeot|Roost|p2a: Pidgeot
|-heal|p2a: Pidgeot|308\/308
|
|turn|29
|
|move|p1a: Honchkrow|Sucker Punch|p2a: Pidgeot
|-fail|p2a: Pidgeot
|move|p2a: Pidgeot|Roost|p2a: Pidgeot
|-fail|p2a: Pidgeot
|
|turn|30
|
|switch|p1a: Chesnaught|Chesnaught, F|258\/380
|move|p2a: Pidgeot|Heat Wave|p1a: Chesnaught
|-supereffective|p1a: Chesnaught
|-damage|p1a: Chesnaught|0 fnt
|faint|p1a: Chesnaught
|
|
|switch|p1a: Raikou|Raikou|157\/321
|-ability|p1a: Raikou|Pressure
|turn|31
|
|move|p2a: Pidgeot|U-turn|p1a: Raikou
|-damage|p1a: Raikou|107\/321
|
|switch|p2a: Rotom-Frost|Rotom-Frost|157\/241
|move|p1a: Raikou|Volt Switch|p2a: Rotom-Frost
|-resisted|p2a: Rotom-Frost
|-damage|p2a: Rotom-Frost|76\/241
|
|switch|p1a: Honchkrow|Honchkrow, M|299\/341
|
|turn|32
|
|move|p2a: Rotom-Frost|Will-O-Wisp|p1a: Honchkrow|[miss]
|-miss|p2a: Rotom-Frost|p1a: Honchkrow
|move|p1a: Honchkrow|Brave Bird|p2a: Rotom-Frost
|-resisted|p2a: Rotom-Frost
|-damage|p2a: Rotom-Frost|0 fnt
|-damage|p1a: Honchkrow|274\/341|[from] recoil|[of] p2a: Rotom-Frost
|faint|p2a: Rotom-Frost
|-boost|p1a: Honchkrow|atk|1|[from] ability: Moxie
|
|
|switch|p2a: Pidgeot|Pidgeot-Mega, F|308\/308
|turn|33
|
|move|p2a: Pidgeot|Hurricane|p1a: Honchkrow
|-damage|p1a: Honchkrow|0 fnt
|faint|p1a: Honchkrow
|
|join|Summoner Mephilia
|
|switch|p1a: Raikou|Raikou|107\/321
|-ability|p1a: Raikou|Pressure
|turn|34
|
|move|p2a: Pidgeot|Heat Wave|p1a: Raikou
|-damage|p1a: Raikou|0 fnt
|faint|p1a: Raikou
|
|
|switch|p1a: Jirachi|Jirachi|70\/404
|turn|35
|
|move|p2a: Pidgeot|Heat Wave|p1a: Jirachi
|-supereffective|p1a: Jirachi
|-damage|p1a: Jirachi|0 fnt
|faint|p1a: Jirachi
|
|win|ScepKo23
|raw|Ladder updating...
|raw|ULT Drookez's rating: 1393 &rarr; <strong>1367<\/strong><br \/>(-26 for losing)
|raw|ScepKo23's rating: 1290 &rarr; <strong>1322<\/strong><br \/>(+32 for winning)
|c| Summoner Mephilia|Mega bird coming thru
|c|âULT Drookez|gg
|leave|Summoner Mephilia
|leave|ULT Drookez
|player|p1