|join|recciashop
|join|Nakitek
|player|p1|recciashop|92
|player|p2|Nakitek|80
|gametype|singles
|gen|6
|tier|OU
|rated
|clearpoke
|poke|p1|Charizard, M, shiny
|poke|p1|Latias, F
|poke|p1|Landorus-Therian, M
|poke|p1|Excadrill, M
|poke|p1|Venusaur, F
|poke|p1|Conkeldurr, M
|poke|p2|Keldeo-Resolute
|poke|p2|Blissey, F
|poke|p2|Regirock
|poke|p2|Gothitelle, F
|poke|p2|Jirachi
|poke|p2|Magneton
|rule|Swagger Clause: Swagger is banned
|rule|Baton Pass Clause: Limit one PokÃ©mon knowing Baton Pass
|rule|Sleep Clause Mod: Limit one foe put to sleep
|rule|Species Clause: Limit one of each PokÃ©mon
|rule|OHKO Clause: OHKO moves are banned
|rule|Moody Clause: Moody is banned
|rule|Evasion Moves Clause: Evasion moves are banned
|rule|Endless Battle Clause: Forcing endless battles is banned
|rule|HP Percentage Mod: HP is shown in percentages
|teampreview
|
|start
|switch|p1a: Landorus-Therian|Landorus-Therian, M|376\/376
|switch|p2a: Blissey|Blissey, F|651\/651
|-ability|p1a: Landorus-Therian|Intimidate|[of] p2a: Blissey
|-unboost|p2a: Blissey|atk|1
|turn|1
|
|move|p1a: Landorus-Therian|Stealth Rock|p2a: Blissey
|-sidestart|p2: Nakitek|move: Stealth Rock
|move|p2a: Blissey|Ice Beam|p1a: Landorus-Therian
|-supereffective|p1a: Landorus-Therian
|-damage|p1a: Landorus-Therian|44\/376
|
|-heal|p1a: Landorus-Therian|67\/376|[from] item: Leftovers
|turn|2
|
|move|p1a: Landorus-Therian|Earthquake|p2a: Blissey
|-damage|p2a: Blissey|348\/651
|move|p2a: Blissey|Flamethrower|p1a: Landorus-Therian
|-damage|p1a: Landorus-Therian|0 fnt
|faint|p1a: Landorus-Therian
|
|-heal|p2a: Blissey|388\/651|[from] item: Leftovers
|
|switch|p1a: Conkeldurr|Conkeldurr, M|372\/372
|turn|3
|
|switch|p2a: Jirachi|Jirachi|404\/404
|-damage|p2a: Jirachi|379\/404|[from] Stealth Rock
|move|p1a: Conkeldurr|Drain Punch|p2a: Jirachi
|-damage|p2a: Jirachi|243\/404
|
|-heal|p2a: Jirachi|268\/404|[from] item: Leftovers
|turn|4
|
|move|p2a: Jirachi|Thunder Wave|p1a: Conkeldurr
|-status|p1a: Conkeldurr|par
|move|p1a: Conkeldurr|Knock Off|p2a: Jirachi
|-supereffective|p2a: Jirachi
|-damage|p2a: Jirachi|0 fnt
|-enditem|p2a: Jirachi|Leftovers|[from] move: Knock Off|[of] p1a: Conkeldurr
|faint|p2a: Jirachi
|
|
|switch|p2a: Gothitelle|Gothitelle, F|344\/344
|-damage|p2a: Gothitelle|301\/344|[from] Stealth Rock
|turn|5
|
|move|p2a: Gothitelle|Psyshock|p1a: Conkeldurr
|-supereffective|p1a: Conkeldurr
|-damage|p1a: Conkeldurr|198\/372 par
|move|p1a: Conkeldurr|Knock Off|p2a: Gothitelle
|-supereffective|p2a: Gothitelle
|-damage|p2a: Gothitelle|7\/344
|-enditem|p2a: Gothitelle|Leftovers|[from] move: Knock Off|[of] p1a: Conkeldurr
|
|turn|6
|
|move|p1a: Conkeldurr|Mach Punch|p2a: Gothitelle
|-resisted|p2a: Gothitelle
|-damage|p2a: Gothitelle|0 fnt
|faint|p2a: Gothitelle
|
|
|switch|p2a: Keldeo-Resolute|Keldeo-Resolute|386\/386
|-damage|p2a: Keldeo-Resolute|362\/386|[from] Stealth Rock
|turn|7
|
|switch|p1a: Excadrill|Excadrill, M|361\/361
|-ability|p1a: Excadrill|Mold Breaker
|-item|p1a: Excadrill|Air Balloon
|move|p2a: Keldeo-Resolute|Scald|p1a: Excadrill
|-supereffective|p1a: Excadrill
|-damage|p1a: Excadrill|85\/361
|-enditem|p1a: Excadrill|Air Balloon
|-status|p1a: Excadrill|brn
|
|-heal|p2a: Keldeo-Resolute|386\/386|[from] item: Leftovers
|-damage|p1a: Excadrill|40\/361 brn|[from] brn
|turn|8
|
|move|p2a: Keldeo-Resolute|Scald|p1a: Excadrill
|-crit|p1a: Excadrill
|-supereffective|p1a: Excadrill
|-damage|p1a: Excadrill|0 fnt
|faint|p1a: Excadrill
|
|
|switch|p1a: Charizard|Charizard, M, shiny|297\/297
|turn|9
|
|switch|p2a: Regirock|Regirock|364\/364
|-damage|p2a: Regirock|319\/364|[from] Stealth Rock
|detailschange|p1a: Charizard|Charizard-Mega-Y, M, shiny
|message|Charizard has Mega Evolved into Mega Charizard!
|-weather|SunnyDay
|move|p1a: Charizard|Solar Beam|p2a: Regirock|[still]
|-prepare|p1a: Charizard|Solar Beam|p2a: Regirock
|-anim|p1a: Charizard|Solar Beam|p2a: Regirock
|-supereffective|p2a: Regirock
|-damage|p2a: Regirock|0 fnt
|faint|p2a: Regirock
|
|-weather|SunnyDay|[upkeep]
|
|switch|p2a: Magneton|Magneton|241\/241
|-damage|p2a: Magneton|226\/241|[from] Stealth Rock
|turn|10
|
|move|p2a: Magneton|Thunderbolt|p1a: Charizard
|-supereffective|p1a: Charizard
|-damage|p1a: Charizard|37\/297
|move|p1a: Charizard|Fire Blast|p2a: Magneton
|-supereffective|p2a: Magneton
|-damage|p2a: Magneton|0 fnt
|faint|p2a: Magneton
|
|-weather|SunnyDay|[upkeep]
|
|switch|p2a: Blissey|Blissey, F|388\/651
|-damage|p2a: Blissey|307\/651|[from] Stealth Rock
|turn|11
|
|move|p1a: Charizard|Roost|p1a: Charizard
|-heal|p1a: Charizard|186\/297
|move|p2a: Blissey|Ice Beam|p1a: Charizard
|-resisted|p1a: Charizard
|-damage|p1a: Charizard|152\/297
|
|-weather|SunnyDay|[upkeep]
|-heal|p2a: Blissey|347\/651|[from] item: Leftovers
|turn|12
|
|move|p1a: Charizard|Fire Blast|p2a: Blissey|[miss]
|-miss|p1a: Charizard|p2a: Blissey
|move|p2a: Blissey|Soft-Boiled|p2a: Blissey
|-heal|p2a: Blissey|651\/651
|
|-weather|SunnyDay|[upkeep]
|turn|13
|
|move|p1a: Charizard|Fire Blast|p2a: Blissey
|-damage|p2a: Blissey|401\/651
|move|p2a: Blissey|Ice Beam|p1a: Charizard
|-damage|p1a: Charizard|86\/297
|
|-weather|none
|-heal|p2a: Blissey|441\/651|[from] item: Leftovers
|turn|14
|
|switch|p2a: Keldeo-Resolute|Keldeo-Resolute|386\/386
|-damage|p2a: Keldeo-Resolute|362\/386|[from] Stealth Rock
|move|p1a: Charizard|Roost|p1a: Charizard
|-heal|p1a: Charizard|235\/297
|
|-heal|p2a: Keldeo-Resolute|386\/386|[from] item: Leftovers
|turn|15
|
|switch|p1a: Latias|Latias, F|301\/301
|move|p2a: Keldeo-Resolute|Scald|p1a: Latias
|-resisted|p1a: Latias
|-damage|p1a: Latias|250\/301
|
|-heal|p1a: Latias|268\/301|[from] item: Leftovers
|turn|16
|
|switch|p2a: Blissey|Blissey, F|441\/651
|-damage|p2a: Blissey|360\/651|[from] Stealth Rock
|move|p1a: Latias|Psyshock|p2a: Blissey
|-damage|p2a: Blissey|90\/651
|
|-heal|p1a: Latias|286\/301|[from] item: Leftovers
|-heal|p2a: Blissey|130\/651|[from] item: Leftovers
|turn|17
|
|move|p1a: Latias|Psyshock|p2a: Blissey
|-damage|p2a: Blissey|0 fnt
|faint|p2a: Blissey
|
|-heal|p1a: Latias|301\/301|[from] item: Leftovers
|
|switch|p2a: Keldeo-Resolute|Keldeo-Resolute|386\/386
|-damage|p2a: Keldeo-Resolute|362\/386|[from] Stealth Rock
|turn|18
|
|move|p1a: Latias|Psyshock|p2a: Keldeo-Resolute
|-supereffective|p2a: Keldeo-Resolute
|-damage|p2a: Keldeo-Resolute|156\/386
|move|p2a: Keldeo-Resolute|Scald|p1a: Latias
|-resisted|p1a: Latias
|-damage|p1a: Latias|257\/301
|-status|p1a: Latias|brn
|
|-heal|p1a: Latias|275\/301 brn|[from] item: Leftovers
|-heal|p2a: Keldeo-Resolute|180\/386|[from] item: Leftovers
|-damage|p1a: Latias|238\/301 brn|[from] brn
|turn|19
|
|move|p1a: Latias|Psyshock|p2a: Keldeo-Resolute
|-supereffective|p2a: Keldeo-Resolute
|-damage|p2a: Keldeo-Resolute|0 fnt
|faint|p2a: Keldeo-Resolute
|
|win|recciashop
|raw|Ladder updating...
|raw|recciashop's rating: 1219 &rarr; <strong>1246<\/strong><br \/>(+27 for winning)
|raw|Nakitek's rating: 1240 &rarr; <strong>1213<\/strong><br \/>(-27 for losing)
|leave|Nakitek
|player|p2