|join|el capitan grande
|join|Nakitek
|player|p1|el capitan grande|102
|player|p2|Nakitek|80
|gametype|singles
|gen|6
|tier|OU
|rated
|clearpoke
|poke|p1|Landorus-Therian, M
|poke|p1|Chesnaught, F
|poke|p1|Heatran, F
|poke|p1|Mew
|poke|p1|Manectric, F
|poke|p1|Suicune
|poke|p2|Landorus-Therian, M
|poke|p2|Terrakion
|poke|p2|Uxie
|poke|p2|Clefable, M
|poke|p2|Blissey, F
|poke|p2|Venusaur, F
|rule|Swagger Clause: Swagger is banned
|rule|Baton Pass Clause: Limit one PokÃ©mon knowing Baton Pass
|rule|Sleep Clause Mod: Limit one foe put to sleep
|rule|Species Clause: Limit one of each PokÃ©mon
|rule|OHKO Clause: OHKO moves are banned
|rule|Moody Clause: Moody is banned
|rule|Evasion Moves Clause: Evasion moves are banned
|rule|Endless Battle Clause: Forcing endless battles is banned
|rule|HP Percentage Mod: HP is shown in percentages
|teampreview
|
|start
|switch|p1a: Landorus-Therian|Landorus-Therian, M|322\/322
|switch|p2a: Joan Rivers|Blissey, F|651\/651
|-ability|p1a: Landorus-Therian|Intimidate|[of] p2a: Joan Rivers
|-unboost|p2a: Joan Rivers|atk|1
|turn|1
|
|move|p1a: Landorus-Therian|U-turn|p2a: Joan Rivers
|-damage|p2a: Joan Rivers|468\/651
|
|switch|p1a: Manectric|Manectric, F|281\/281
|move|p2a: Joan Rivers|Ice Beam|p1a: Manectric
|-damage|p1a: Manectric|170\/281
|
|-heal|p2a: Joan Rivers|508\/651|[from] item: Leftovers
|turn|2
|
|detailschange|p1a: Manectric|Manectric-Mega, F
|message|Manectric has Mega Evolved into Mega Manectric!
|-ability|p1a: Manectric|Intimidate|[of] p2a: Joan Rivers
|-unboost|p2a: Joan Rivers|atk|1
|move|p1a: Manectric|Volt Switch|p2a: Joan Rivers
|-damage|p2a: Joan Rivers|406\/651
|
|switch|p1a: Mew|Mew|404\/404
|move|p2a: Joan Rivers|Focus Blast|p1a: Mew
|-resisted|p1a: Mew
|-damage|p1a: Mew|367\/404
|
|-heal|p1a: Mew|392\/404|[from] item: Leftovers
|-heal|p2a: Joan Rivers|446\/651|[from] item: Leftovers
|turn|3
|
|switch|p2a: Cece|Venusaur, F|364\/364
|move|p1a: Mew|Knock Off|p2a: Cece
|-damage|p2a: Cece|321\/364
|
|-heal|p1a: Mew|404\/404|[from] item: Leftovers
|turn|4
|
|detailschange|p2a: Cece|Venusaur-Mega, F
|message|Venusaur has Mega Evolved into Mega Venusaur!
|move|p1a: Mew|Will-O-Wisp|p2a: Cece
|-status|p2a: Cece|brn
|move|p2a: Cece|Sludge Bomb|p1a: Mew
|-damage|p1a: Mew|314\/404
|
|-heal|p1a: Mew|339\/404|[from] item: Leftovers
|-damage|p2a: Cece|276\/364 brn|[from] brn
|turn|5
|
|switch|p1a: Heatran|Heatran, F|386\/386
|move|p2a: Cece|Sludge Bomb|p1a: Heatran
|-immune|p1a: Heatran|[msg]
|
|-damage|p2a: Cece|231\/364 brn|[from] brn
|turn|6
|
|switch|p2a: Arthos|Terrakion|323\/323
|move|p1a: Heatran|Stealth Rock|p2a: Arthos
|-sidestart|p2: Nakitek|move: Stealth Rock
|
|turn|7
|
|switch|p1a: Suicune|Suicune|403\/403
|-ability|p1a: Suicune|Pressure
|move|p2a: Arthos|Stone Edge|p1a: Suicune|[miss]
|-miss|p2a: Arthos|p1a: Suicune
|
|turn|8
|
|switch|p2a: Anuva|Uxie|327\/327
|-damage|p2a: Anuva|287\/327|[from] Stealth Rock
|move|p1a: Suicune|Scald|p2a: Anuva
|-damage|p2a: Anuva|215\/327
|
|turn|9
|
|move|p2a: Anuva|Trick|p1a: Suicune
|-activate|p2a: Anuva|move: Trick|[of] p1a: Suicune
|-item|p1a: Suicune|Choice Scarf|[from] move: Trick
|-item|p2a: Anuva|Leftovers|[from] move: Trick
|move|p1a: Suicune|Scald|p2a: Anuva
|-damage|p2a: Anuva|149\/327
|-status|p2a: Anuva|brn
|
|-heal|p2a: Anuva|169\/327 brn|[from] item: Leftovers
|-damage|p2a: Anuva|129\/327 brn|[from] brn
|turn|10
|
|move|p1a: Suicune|Scald|p2a: Anuva
|-damage|p2a: Anuva|53\/327 brn
|move|p2a: Anuva|Stealth Rock|p1a: Suicune
|-sidestart|p1: el capitan grande|move: Stealth Rock
|
|-heal|p2a: Anuva|73\/327 brn|[from] item: Leftovers
|-damage|p2a: Anuva|33\/327 brn|[from] brn
|turn|11
|
|switch|p2a: Joan Rivers|Blissey, F|446\/651
|-damage|p2a: Joan Rivers|365\/651|[from] Stealth Rock
|move|p1a: Suicune|Scald|p2a: Joan Rivers
|-damage|p2a: Joan Rivers|301\/651
|
|-heal|p2a: Joan Rivers|341\/651|[from] item: Leftovers
|turn|12
|
|move|p1a: Suicune|Scald|p2a: Joan Rivers
|-damage|p2a: Joan Rivers|271\/651
|move|p2a: Joan Rivers|Soft-Boiled|p2a: Joan Rivers
|-heal|p2a: Joan Rivers|597\/651
|
|-heal|p2a: Joan Rivers|637\/651|[from] item: Leftovers
|turn|13
|
|switch|p2a: Cece|Venusaur-Mega, F|231\/364 brn
|-damage|p2a: Cece|186\/364 brn|[from] Stealth Rock
|move|p1a: Suicune|Scald|p2a: Cece
|-resisted|p2a: Cece
|-damage|p2a: Cece|152\/364 brn
|
|-damage|p2a: Cece|107\/364 brn|[from] brn
|turn|14
|
|switch|p1a: Chesnaught|Chesnaught, F|379\/379
|-damage|p1a: Chesnaught|356\/379|[from] Stealth Rock
|move|p2a: Cece|Synthesis|p2a: Cece
|-heal|p2a: Cece|289\/364 brn
|
|-heal|p1a: Chesnaught|379\/379|[from] item: Leftovers
|-damage|p2a: Cece|244\/364 brn|[from] brn
|turn|15
|
|move|p2a: Cece|Hidden Power|p1a: Chesnaught
|-supereffective|p1a: Chesnaught
|-damage|p1a: Chesnaught|253\/379
|move|p1a: Chesnaught|Spikes|p2a: Cece
|-sidestart|p2: Nakitek|Spikes
|
|-heal|p1a: Chesnaught|276\/379|[from] item: Leftovers
|-damage|p2a: Cece|199\/364 brn|[from] brn
|turn|16
|
|move|p2a: Cece|Synthesis|p2a: Cece
|-heal|p2a: Cece|364\/364 brn
|move|p1a: Chesnaught|Synthesis|p1a: Chesnaught
|-heal|p1a: Chesnaught|379\/379
|
|-damage|p2a: Cece|319\/364 brn|[from] brn
|turn|17
|
|switch|p2a: Kevin|Clefable, M|394\/394
|-damage|p2a: Kevin|345\/394|[from] Spikes
|-damage|p2a: Kevin|296\/394|[from] Stealth Rock
|move|p1a: Chesnaught|Spikes|p2a: Kevin
|-sidestart|p2: Nakitek|Spikes
|
|-heal|p2a: Kevin|320\/394|[from] item: Leftovers
|turn|18
|
|switch|p1a: Heatran|Heatran, F|386\/386
|-damage|p1a: Heatran|338\/386|[from] Stealth Rock
|move|p2a: Kevin|Calm Mind|p2a: Kevin
|-boost|p2a: Kevin|spa|1
|-boost|p2a: Kevin|spd|1
|
|-heal|p1a: Heatran|362\/386|[from] item: Leftovers
|-heal|p2a: Kevin|344\/394|[from] item: Leftovers
|turn|19
|
|move|p1a: Heatran|Toxic|p2a: Kevin
|-status|p2a: Kevin|tox
|move|p2a: Kevin|Calm Mind|p2a: Kevin
|-boost|p2a: Kevin|spa|1
|-boost|p2a: Kevin|spd|1
|
|-heal|p1a: Heatran|386\/386|[from] item: Leftovers
|-heal|p2a: Kevin|368\/394 tox|[from] item: Leftovers
|-damage|p2a: Kevin|344\/394 tox|[from] psn
|turn|20
|
|switch|p2a: Minh|Landorus-Therian, M|320\/320
|-damage|p2a: Minh|280\/320|[from] Stealth Rock
|-ability|p2a: Minh|Intimidate|[of] p1a: Heatran
|-unboost|p1a: Heatran|atk|1
|move|p1a: Heatran|Lava Plume|p2a: Minh
|-damage|p2a: Minh|130\/320
|
|turn|21
|
|switch|p1a: Landorus-Therian|Landorus-Therian, M|322\/322
|-damage|p1a: Landorus-Therian|282\/322|[from] Stealth Rock
|-ability|p1a: Landorus-Therian|Intimidate|[of] p2a: Minh
|-unboost|p2a: Minh|atk|1
|move|p2a: Minh|Knock Off|p1a: Landorus-Therian
|-damage|p1a: Landorus-Therian|177\/322
|-enditem|p1a: Landorus-Therian|Choice Scarf|[from] move: Knock Off|[of] p2a: Minh
|
|turn|22
|
|switch|p2a: Anuva|Uxie|33\/327 brn
|-damage|p2a: Anuva|0 fnt|[from] Stealth Rock
|faint|p2a: Anuva
|move|p1a: Landorus-Therian|U-turn|p2: Anuva|[notarget]
|-notarget
|
|
|switch|p2a: Arthos|Terrakion|323\/323
|-damage|p2a: Arthos|303\/323|[from] Stealth Rock
|-damage|p2a: Arthos|250\/323|[from] Spikes
|turn|23
|
|move|p2a: Arthos|Stone Edge|p1a: Landorus-Therian
|-damage|p1a: Landorus-Therian|0 fnt
|faint|p1a: Landorus-Therian
|
|
|switch|p1a: Suicune|Suicune|403\/403
|-damage|p1a: Suicune|353\/403|[from] Stealth Rock
|-ability|p1a: Suicune|Pressure
|turn|24
|
|switch|p2a: Joan Rivers|Blissey, F|637\/651
|-damage|p2a: Joan Rivers|556\/651|[from] Stealth Rock
|-damage|p2a: Joan Rivers|448\/651|[from] Spikes
|move|p1a: Suicune|Scald|p2a: Joan Rivers
|-damage|p2a: Joan Rivers|379\/651
|-status|p2a: Joan Rivers|brn
|
|-heal|p2a: Joan Rivers|419\/651 brn|[from] item: Leftovers
|-damage|p2a: Joan Rivers|338\/651 brn|[from] brn
|turn|25
|
|switch|p1a: Mew|Mew|339\/404
|-damage|p1a: Mew|289\/404|[from] Stealth Rock
|move|p2a: Joan Rivers|Soft-Boiled|p2a: Joan Rivers
|-heal|p2a: Joan Rivers|651\/651 brn
|
|-heal|p1a: Mew|314\/404|[from] item: Leftovers
|-damage|p2a: Joan Rivers|570\/651 brn|[from] brn
|turn|26
|
|switch|p2a: Cece|Venusaur-Mega, F|319\/364 brn
|-damage|p2a: Cece|259\/364 brn|[from] Spikes
|-damage|p2a: Cece|214\/364 brn|[from] Stealth Rock
|move|p1a: Mew|Knock Off|p2a: Cece
|-damage|p2a: Cece|184\/364 brn
|
|-heal|p1a: Mew|339\/404|[from] item: Leftovers
|-damage|p2a: Cece|139\/364 brn|[from] brn
|turn|27
|
|switch|p1a: Chesnaught|Chesnaught, F|379\/379
|-damage|p1a: Chesnaught|356\/379|[from] Stealth Rock
|move|p2a: Cece|Synthesis|p2a: Cece
|-heal|p2a: Cece|321\/364 brn
|
|-heal|p1a: Chesnaught|379\/379|[from] item: Leftovers
|-damage|p2a: Cece|276\/364 brn|[from] brn
|turn|28
|
|switch|p2a: Minh|Landorus-Therian, M|130\/320
|-damage|p2a: Minh|90\/320|[from] Stealth Rock
|-ability|p2a: Minh|Intimidate|[of] p1a: Chesnaught
|-unboost|p1a: Chesnaught|atk|1
|move|p1a: Chesnaught|Spikes|p2a: Minh
|-sidestart|p2: Nakitek|Spikes
|
|turn|29
|
|move|p2a: Minh|Knock Off|p1a: Chesnaught
|-resisted|p1a: Chesnaught
|-damage|p1a: Chesnaught|338\/379
|-enditem|p1a: Chesnaught|Leftovers|[from] move: Knock Off|[of] p2a: Minh
|move|p1a: Chesnaught|Synthesis|p1a: Chesnaught
|-heal|p1a: Chesnaught|379\/379
|
|turn|30
|
|switch|p2a: Joan Rivers|Blissey, F|570\/651
|-damage|p2a: Joan Rivers|489\/651|[from] Stealth Rock
|-damage|p2a: Joan Rivers|327\/651|[from] Spikes
|move|p1a: Chesnaught|Hammer Arm|p2a: Joan Rivers
|-supereffective|p2a: Joan Rivers
|-damage|p2a: Joan Rivers|0 fnt
|-unboost|p1a: Chesnaught|spe|1
|faint|p2a: Joan Rivers
|
|
|switch|p2a: Arthos|Terrakion|250\/323
|-damage|p2a: Arthos|170\/323|[from] Spikes
|-damage|p2a: Arthos|150\/323|[from] Stealth Rock
|turn|31
|
|switch|p1a: Suicune|Suicune|353\/403
|-damage|p1a: Suicune|303\/403|[from] Stealth Rock
|-ability|p1a: Suicune|Pressure
|move|p2a: Arthos|X-Scissor|p1a: Suicune
|-damage|p1a: Suicune|215\/403
|
|turn|32
|-message|Nakitek forfeited.
|
|win|el capitan grande
|raw|Ladder updating...
|leave|Nakitek
|player|p2
|raw|el capitan grande's rating: 1593 &rarr; <strong>1611<\/strong><br \/>(+18 for winning)
|raw|Nakitek's rating: 1560 &rarr; <strong>1542<\/strong><br \/>(-18 for losing)