|join|hj regicide
|join|Nakitek
|player|p1|hj regicide|293
|player|p2|Nakitek|249
|gametype|singles
|gen|6
|tier|OU
|rated
|clearpoke
|poke|p1|Celebi
|poke|p1|Cobalion
|poke|p1|Hippowdon, M
|poke|p1|Gliscor, M
|poke|p1|Altaria, F
|poke|p1|Tentacruel, M
|poke|p2|Clefable, M
|poke|p2|Heatran, M
|poke|p2|Gothitelle, F
|poke|p2|Suicune
|poke|p2|Sableye, M
|poke|p2|Mew
|rule|Swagger Clause: Swagger is banned
|rule|Baton Pass Clause: Limit one PokÃ©mon knowing Baton Pass
|rule|Sleep Clause Mod: Limit one foe put to sleep
|rule|Species Clause: Limit one of each PokÃ©mon
|rule|OHKO Clause: OHKO moves are banned
|rule|Moody Clause: Moody is banned
|rule|Evasion Moves Clause: Evasion moves are banned
|rule|Endless Battle Clause: Forcing endless battles is banned
|rule|HP Percentage Mod: HP is shown in percentages
|teampreview
|
|start
|switch|p1a: Gliscor|Gliscor, M|352\/352
|switch|p2a: Mew|Mew|404\/404
|turn|1
|
|switch|p1a: Celebi|Celebi|404\/404
|move|p2a: Mew|Barrier|p2a: Mew
|-boost|p2a: Mew|def|2
|
|turn|2
|
|move|p2a: Mew|Amnesia|p2a: Mew
|-boost|p2a: Mew|spd|2
|move|p1a: Celebi|Swords Dance|p1a: Celebi
|-boost|p1a: Celebi|atk|2
|
|turn|3
|
|move|p2a: Mew|Barrier|p2a: Mew
|-boost|p2a: Mew|def|2
|move|p1a: Celebi|Baton Pass|p1a: Celebi
|
|switch|p1a: Gliscor|Gliscor, M|352\/352
|
|-status|p1a: Gliscor|tox|[from] item: Toxic Orb
|turn|4
|
|move|p1a: Gliscor|Knock Off|p2a: Mew
|-supereffective|p2a: Mew
|-damage|p2a: Mew|324\/404
|-enditem|p2a: Mew|Leftovers|[from] move: Knock Off|[of] p1a: Gliscor
|move|p2a: Mew|Barrier|p2a: Mew
|-boost|p2a: Mew|def|2
|
|turn|5
|
|move|p1a: Gliscor|Swords Dance|p1a: Gliscor
|-boost|p1a: Gliscor|atk|2
|move|p2a: Mew|Soft-Boiled|p2a: Mew
|-heal|p2a: Mew|404\/404
|
|turn|6
|
|move|p1a: Gliscor|Swords Dance|p1a: Gliscor
|-boost|p1a: Gliscor|atk|2
|move|p2a: Mew|Baton Pass|p2a: Mew
|
|switch|p2a: Kevin|Clefable, M|394\/394
|
|turn|7
|
|move|p1a: Gliscor|Knock Off|p2a: Kevin
|-resisted|p2a: Kevin
|-damage|p2a: Kevin|385\/394
|-enditem|p2a: Kevin|Leftovers|[from] move: Knock Off|[of] p1a: Gliscor
|move|p2a: Kevin|Calm Mind|p2a: Kevin
|-boost|p2a: Kevin|spa|1
|-boost|p2a: Kevin|spd|1
|
|turn|8
|
|switch|p1a: Cobalion|Cobalion|386\/386
|move|p2a: Kevin|Calm Mind|p2a: Kevin
|-boost|p2a: Kevin|spa|1
|-boost|p2a: Kevin|spd|1
|
|turn|9
|
|move|p1a: Cobalion|Stealth Rock|p2a: Kevin
|-sidestart|p2: Nakitek|move: Stealth Rock
|move|p2a: Kevin|Flamethrower|p1a: Cobalion
|-supereffective|p1a: Cobalion
|-damage|p1a: Cobalion|62\/386
|
|-heal|p1a: Cobalion|86\/386|[from] item: Leftovers
|turn|10
|
|switch|p1a: Tentacruel|Tentacruel, M|363\/363
|move|p2a: Kevin|Moonblast|p1a: Tentacruel
|-resisted|p1a: Tentacruel
|-damage|p1a: Tentacruel|278\/363
|-unboost|p1a: Tentacruel|spa|1
|
|-heal|p1a: Tentacruel|300\/363|[from] item: Black Sludge
|turn|11
|
|move|p1a: Tentacruel|Haze|p1a: Tentacruel
|-clearallboost
|move|p2a: Kevin|Moonblast|p1a: Tentacruel
|-crit|p1a: Tentacruel
|-resisted|p1a: Tentacruel
|-damage|p1a: Tentacruel|227\/363
|-unboost|p1a: Tentacruel|spa|1
|
|-heal|p1a: Tentacruel|249\/363|[from] item: Black Sludge
|turn|12
|
|switch|p2a: Rihanna|Gothitelle, F|344\/344
|-damage|p2a: Rihanna|301\/344|[from] Stealth Rock
|move|p1a: Tentacruel|Toxic Spikes|p2a: Rihanna
|-sidestart|p2: Nakitek|move: Toxic Spikes
|
|-heal|p1a: Tentacruel|271\/363|[from] item: Black Sludge
|-heal|p2a: Rihanna|322\/344|[from] item: Leftovers
|turn|13
|
|move|p1a: Tentacruel|Scald|p2a: Rihanna
|-damage|p2a: Rihanna|271\/344
|move|p2a: Rihanna|Psyshock|p1a: Tentacruel
|-supereffective|p1a: Tentacruel
|-damage|p1a: Tentacruel|101\/363
|
|-heal|p1a: Tentacruel|123\/363|[from] item: Black Sludge
|-heal|p2a: Rihanna|292\/344|[from] item: Leftovers
|turn|14
|
|move|p1a: Tentacruel|Scald|p2a: Rihanna
|-damage|p2a: Rihanna|243\/344
|-status|p2a: Rihanna|brn
|move|p2a: Rihanna|Psyshock|p1a: Tentacruel
|-supereffective|p1a: Tentacruel
|-damage|p1a: Tentacruel|0 fnt
|faint|p1a: Tentacruel
|
|-heal|p2a: Rihanna|264\/344 brn|[from] item: Leftovers
|-damage|p2a: Rihanna|221\/344 brn|[from] brn
|
|switch|p1a: Gliscor|Gliscor, M|352\/352 tox
|turn|15
|
|switch|p2a: Mew|Mew|404\/404
|-status|p2a: Mew|psn
|-damage|p2a: Mew|354\/404 psn|[from] Stealth Rock
|move|p1a: Gliscor|Swords Dance|p1a: Gliscor
|-boost|p1a: Gliscor|atk|2
|
|-damage|p2a: Mew|304\/404 psn|[from] psn
|turn|16
|
|move|p1a: Gliscor|Earthquake|p2a: Mew
|-crit|p2a: Mew
|-damage|p2a: Mew|51\/404 psn
|move|p2a: Mew|Barrier|p2a: Mew
|-boost|p2a: Mew|def|2
|
|-damage|p2a: Mew|1\/404 psn|[from] psn
|turn|17
|
|move|p1a: Gliscor|Knock Off|p2a: Mew
|-supereffective|p2a: Mew
|-damage|p2a: Mew|0 fnt
|faint|p2a: Mew
|
|c|âNakitek|sigh* crits
|
|switch|p2a: Okami|Suicune|404\/404
|-damage|p2a: Okami|354\/404|[from] Stealth Rock
|-status|p2a: Okami|psn
|-ability|p2a: Okami|Pressure
|turn|18
|
|move|p1a: Gliscor|Earthquake|p2a: Okami
|-damage|p2a: Okami|198\/404 psn
|move|p2a: Okami|Calm Mind|p2a: Okami
|-boost|p2a: Okami|spa|1
|-boost|p2a: Okami|spd|1
|
|-heal|p2a: Okami|223\/404 psn|[from] item: Leftovers
|-damage|p2a: Okami|173\/404 psn|[from] psn
|turn|19
|
|move|p1a: Gliscor|Swords Dance|p1a: Gliscor
|-boost|p1a: Gliscor|atk|2
|move|p2a: Okami|Rest|p2a: Okami
|-status|p2a: Okami|slp
|-heal|p2a: Okami|404\/404 slp|[silent]
|-status|p2a: Okami|slp|[from] move: Rest
|
|turn|20
|
|move|p1a: Gliscor|Earthquake|p2a: Okami
|-crit|p2a: Okami
|-damage|p2a: Okami|65\/404 slp
|cant|p2a: Okami|slp
|move|p2a: Okami|Sleep Talk|p2a: Okami
|move|p2a: Okami|Rest|p2a: Okami|[from]Sleep Talk
|-fail|p2a: Okami
|
|-heal|p2a: Okami|90\/404 slp|[from] item: Leftovers
|turn|21
|
|move|p1a: Gliscor|Earthquake|p2a: Okami
|-damage|p2a: Okami|0 fnt
|faint|p2a: Okami
|
|
|switch|p2a: Kevin|Clefable, M|385\/394
|-status|p2a: Kevin|psn
|-damage|p2a: Kevin|336\/394 psn|[from] Stealth Rock
|turn|22
|
|move|p1a: Gliscor|Knock Off|p2a: Kevin
|-resisted|p2a: Kevin
|-damage|p2a: Kevin|317\/394 psn
|move|p2a: Kevin|Calm Mind|p2a: Kevin
|-boost|p2a: Kevin|spa|1
|-boost|p2a: Kevin|spd|1
|
|-damage|p2a: Kevin|268\/394 psn|[from] psn
|turn|23
|
|switch|p1a: Celebi|Celebi|404\/404
|move|p2a: Kevin|Rest|p2a: Kevin
|-status|p2a: Kevin|slp
|-heal|p2a: Kevin|394\/394 slp|[silent]
|-status|p2a: Kevin|slp|[from] move: Rest
|
|turn|24
|
|switch|p1a: Cobalion|Cobalion|86\/386
|cant|p2a: Kevin|slp
|
|-heal|p1a: Cobalion|110\/386|[from] item: Leftovers
|turn|25
|
|switch|p2a: Vulcan|Heatran, M|385\/385
|-damage|p2a: Vulcan|337\/385|[from] Stealth Rock
|move|p1a: Cobalion|Iron Head|p2a: Vulcan
|-resisted|p2a: Vulcan
|-damage|p2a: Vulcan|317\/385
|
|-heal|p1a: Cobalion|134\/386|[from] item: Leftovers
|turn|26
|
|switch|p1a: Gliscor|Gliscor, M|352\/352 tox
|move|p2a: Vulcan|Lava Plume|p1a: Gliscor
|-damage|p1a: Gliscor|193\/352 tox
|
|-heal|p1a: Gliscor|237\/352 tox|[from] ability: Poison Heal
|turn|27
|
|move|p1a: Gliscor|Earthquake|p2a: Vulcan
|-supereffective|p2a: Vulcan
|-enditem|p2a: Vulcan|Shuca Berry|[eat]
|-damage|p2a: Vulcan|101\/385
|move|p2a: Vulcan|Lava Plume|p1a: Gliscor
|-damage|p1a: Gliscor|92\/352 tox
|
|-heal|p1a: Gliscor|136\/352 tox|[from] ability: Poison Heal
|turn|28
|-message|Nakitek forfeited.
|leave|Nakitek
|
|win|hj regicide
|raw|Ladder updating...
|player|p2
|raw|hj regicide's rating: 1586 &rarr; <strong>1604<\/strong><br \/>(+18 for winning)
|raw|Nakitek's rating: 1559 &rarr; <strong>1541<\/strong><br \/>(-18 for losing)