|join|Kuala Lumpur
|join|burgerfresser
|join|Mellartach
|player|p1|Kuala Lumpur|266
|player|p2|burgerfresser|115
|gametype|singles
|gen|6
|tier|OU
|clearpoke
|poke|p1|Garchomp, F
|poke|p1|Dragalge, F
|poke|p1|Kyurem
|poke|p1|Altaria, F
|poke|p1|Hydreigon, F
|poke|p1|Noivern, M
|poke|p2|Swampert, M
|poke|p2|Camerupt, M
|poke|p2|Flygon, F
|poke|p2|Seismitoad, M
|poke|p2|Hippowdon, F
|poke|p2|Torterra, M
|rule|Swagger Clause: Swagger is banned
|rule|Baton Pass Clause: Limit one PokÃ©mon knowing Baton Pass
|rule|Sleep Clause Mod: Limit one foe put to sleep
|rule|Species Clause: Limit one of each PokÃ©mon
|rule|OHKO Clause: OHKO moves are banned
|rule|Moody Clause: Moody is banned
|rule|Evasion Moves Clause: Evasion moves are banned
|rule|Endless Battle Clause: Forcing endless battles is banned
|rule|HP Percentage Mod: HP is shown in percentages
|teampreview
|c|âburgerfresser|uff
|c|âburgerfresser|gl hf
|c|âKuala Lumpur|hf
|join|DerSweeper
|
|start
|switch|p1a: Garchomp|Garchomp, F|357\/357
|switch|p2a: Swampert|Swampert, M|403\/403
|turn|1
|
|move|p1a: Garchomp|Stealth Rock|p2a: Swampert
|-sidestart|p2: burgerfresser|move: Stealth Rock
|move|p2a: Swampert|Ice Beam|p1a: Garchomp
|-supereffective|p1a: Garchomp
|-damage|p1a: Garchomp|13\/357
|
|turn|2
|
|move|p1a: Garchomp|Outrage|p2a: Swampert
|-damage|p2a: Swampert|171\/403
|move|p2a: Swampert|Stealth Rock|p1a: Garchomp
|-sidestart|p1: Kuala Lumpur|move: Stealth Rock
|
|-heal|p2a: Swampert|196\/403|[from] item: Leftovers
|turn|3
|
|switch|p2a: Hippowdon|Hippowdon, F|419\/419
|-damage|p2a: Hippowdon|393\/419|[from] Stealth Rock
|-weather|Sandstorm
|move|p1a: Garchomp|Outrage|p2a: Hippowdon
|-damage|p2a: Hippowdon|266\/419
|
|-end|p1a: Garchomp|rampage
|-start|p1a: Garchomp|confusion
|-weather|Sandstorm|[upkeep]
|-heal|p2a: Hippowdon|292\/419|[from] item: Leftovers
|turn|4
|
|-activate|p1a: Garchomp|confusion
|-damage|p1a: Garchomp|0 fnt|[from] confusion
|faint|p1a: Garchomp
|move|p2a: Hippowdon|Slack Off|p2a: Hippowdon
|-heal|p2a: Hippowdon|419\/419
|
|-weather|Sandstorm|[upkeep]
|leave|DerSweeper
|
|switch|p1a: Kyurem|Kyurem|391\/391
|-damage|p1a: Kyurem|294\/391|[from] Stealth Rock
|-ability|p1a: Kyurem|Pressure
|turn|5
|c|âKuala Lumpur|soviele bulkige mons
|
|switch|p2a: Swampert|Swampert, M|196\/403
|-damage|p2a: Swampert|171\/403|[from] Stealth Rock
|move|p1a: Kyurem|Substitute|p1a: Kyurem
|-start|p1a: Kyurem|Substitute
|-damage|p1a: Kyurem|197\/391
|
|-weather|Sandstorm|[upkeep]
|-damage|p1a: Kyurem|173\/391|[from] sandstorm
|-heal|p2a: Swampert|196\/403|[from] item: Leftovers
|turn|6
|c|âburgerfresser|soviele mons mit immenser atk
|
|move|p1a: Kyurem|Ice Beam|p2a: Swampert
|-crit|p2a: Swampert
|-damage|p2a: Swampert|0 fnt
|-damage|p1a: Kyurem|134\/391|[from] item: Life Orb
|faint|p2a: Swampert
|
|-weather|Sandstorm|[upkeep]
|-damage|p1a: Kyurem|110\/391|[from] sandstorm
|c|âKuala Lumpur|der sand nervt -.-
|
|switch|p2a: Camerupt|Camerupt, M|344\/344
|-damage|p2a: Camerupt|301\/344|[from] Stealth Rock
|turn|7
|
|move|p1a: Kyurem|Earth Power|p2a: Camerupt
|-supereffective|p2a: Camerupt
|-damage|p2a: Camerupt|49\/344
|-damage|p1a: Kyurem|71\/391|[from] item: Life Orb
|move|p2a: Camerupt|Ancient Power|p1a: Kyurem
|-supereffective|p1a: Kyurem
|-end|p1a: Kyurem|Substitute
|
|-weather|none
|-heal|p2a: Camerupt|70\/344|[from] item: Leftovers
|turn|8
|
|move|p1a: Kyurem|Ice Beam|p2a: Camerupt
|-damage|p2a: Camerupt|0 fnt
|-damage|p1a: Kyurem|32\/391|[from] item: Life Orb
|faint|p2a: Camerupt
|
|c|âKuala Lumpur|scarf flygon gewinnt sowieso
|
|switch|p2a: Fly go on|Flygon, F|301\/301
|-damage|p2a: Fly go on|283\/301|[from] Stealth Rock
|turn|9
|c|âburgerfresser|wenn das kein scarf noivern ist jo
|c|âKuala Lumpur|gg
|
|move|p2a: Fly go on|Outrage|p1a: Kyurem
|-supereffective|p1a: Kyurem
|-damage|p1a: Kyurem|0 fnt
|faint|p1a: Kyurem
|
|c|âKuala Lumpur|:(
|c|âKuala Lumpur|ah vllt
|c|âKuala Lumpur|kriegste ja confusion
|
|switch|p1a: Altaria|Altaria, F|291\/291
|-damage|p1a: Altaria|219\/291|[from] Stealth Rock
|turn|10
|c|âburgerfresser|altaria kÃ¶nnte nen hit Ã¼berleben
|c|âKuala Lumpur|eher nich
|
|move|p2a: Fly go on|Outrage|p1a: Altaria
|-supereffective|p1a: Altaria
|-damage|p1a: Altaria|0 fnt
|faint|p1a: Altaria
|
|-end|p2a: Fly go on|rampage
|-start|p2a: Fly go on|confusion
|c|âburgerfresser|oder auch nicht
|join|silver99
|
|switch|p1a: Dragalge|Dragalge, F|321\/321
|-damage|p1a: Dragalge|281\/321|[from] Stealth Rock
|turn|11
|
|switch|p2a: Reis mit toad|Seismitoad, M|351\/351
|-damage|p2a: Reis mit toad|330\/351|[from] Stealth Rock
|move|p1a: Dragalge|Dragon Pulse|p2a: Reis mit toad
|-damage|p2a: Reis mit toad|44\/351
|
|turn|12
|
|move|p2a: Reis mit toad|Earth Power|p1a: Dragalge
|-supereffective|p1a: Dragalge
|-damage|p1a: Dragalge|0 fnt
|-damage|p2a: Reis mit toad|9\/351|[from] item: Life Orb
|faint|p1a: Dragalge
|
|c|âKuala Lumpur|gg
|c|âburgerfresser|gg
|
|switch|p1a: Noivern|Noivern, M|311\/311
|-damage|p1a: Noivern|234\/311|[from] Stealth Rock
|turn|13
|
|move|p1a: Noivern|Air Slash|p2a: Reis mit toad
|-damage|p2a: Reis mit toad|0 fnt
|faint|p2a: Reis mit toad
|
|
|switch|p2a: Fly go on|Flygon, F|283\/301
|-damage|p2a: Fly go on|265\/301|[from] Stealth Rock
|turn|14
|
|move|p2a: Fly go on|Outrage|p1a: Noivern
|-supereffective|p1a: Noivern
|-damage|p1a: Noivern|0 fnt
|faint|p1a: Noivern
|
|-message|Kuala Lumpur forfeited.
|leave|Kuala Lumpur
|
|switch|p1a: Hydreigon|Hydreigon, F|325\/325
|-damage|p1a: Hydreigon|285\/325|[from] Stealth Rock
|turn|15
|
|win|burgerfresser
|player|p1
|leave|Mellartach