|join|burgerfresser
|join|wertzu
|player|p1|burgerfresser|115
|player|p2|wertzu|184
|gametype|singles
|gen|6
|tier|OU
|clearpoke
|poke|p1|Gardevoir, F
|poke|p1|Keldeo
|poke|p1|Landorus-Therian, M
|poke|p1|Amoonguss, M
|poke|p1|Heatran, F
|poke|p1|Latias, F
|poke|p2|Latias, F
|poke|p2|Landorus-Therian, M
|poke|p2|Magnezone, shiny
|poke|p2|Azumarill, F
|poke|p2|Metagross
|poke|p2|Clefable, F, shiny
|rule|Swagger Clause: Swagger is banned
|rule|Baton Pass Clause: Limit one PokÃ©mon knowing Baton Pass
|rule|Sleep Clause Mod: Limit one foe put to sleep
|rule|Species Clause: Limit one of each PokÃ©mon
|rule|OHKO Clause: OHKO moves are banned
|rule|Moody Clause: Moody is banned
|rule|Evasion Moves Clause: Evasion moves are banned
|rule|Endless Battle Clause: Forcing endless battles is banned
|rule|HP Percentage Mod: HP is shown in percentages
|teampreview
|join|Mirine
|c|âburgerfresser|gl hf
|join|Nicowhaat
|join|av kakuna
|
|start
|switch|p1a: Landorus-Therian|Landorus-Therian, M|319\/319
|switch|p2a: Azumarill|Azumarill, F|401\/401
|-ability|p1a: Landorus-Therian|Intimidate|[of] p2a: Azumarill
|-unboost|p2a: Azumarill|atk|1
|turn|1
|
|move|p1a: Landorus-Therian|U-turn|p2a: Azumarill
|-resisted|p2a: Azumarill
|-damage|p2a: Azumarill|351\/401
|
|switch|p1a: Amoonguss|Amoonguss, M|432\/432
|move|p2a: Azumarill|Knock Off|p1a: Amoonguss
|-damage|p1a: Amoonguss|351\/432
|-enditem|p1a: Amoonguss|Black Sludge|[from] move: Knock Off|[of] p2a: Azumarill
|
|turn|2
|
|switch|p2a: Magnezone|Magnezone, shiny|324\/324
|move|p1a: Amoonguss|Spore|p2a: Magnezone
|-status|p2a: Magnezone|slp
|
|turn|3
|
|switch|p2a: Metagross|Metagross|301\/301
|switch|p1a: Landorus-Therian|Landorus-Therian, M|319\/319
|-ability|p1a: Landorus-Therian|Intimidate|[of] p2a: Metagross
|-fail|p2a: Metagross|unboost|[from] ability: Clear Body|[of] p2a: Metagross
|
|turn|4
|
|switch|p2a: Landorus-Therian|Landorus-Therian, M|319\/319
|-ability|p2a: Landorus-Therian|Intimidate|[of] p1a: Landorus-Therian
|-unboost|p1a: Landorus-Therian|atk|1
|move|p1a: Landorus-Therian|Knock Off|p2a: Landorus-Therian
|-damage|p2a: Landorus-Therian|226\/319
|-enditem|p2a: Landorus-Therian|Choice Scarf|[from] move: Knock Off|[of] p1a: Landorus-Therian
|
|turn|5
|
|switch|p1a: Amoonguss|Amoonguss, M|432\/432
|move|p2a: Landorus-Therian|U-turn|p1a: Amoonguss
|-damage|p1a: Amoonguss|345\/432
|
|switch|p2a: Metagross|Metagross|301\/301
|
|turn|6
|join|titaniteslap
|
|switch|p1a: Heatran|Heatran, F|385\/385
|detailschange|p2a: Metagross|Metagross-Mega
|-mega|p2a: Metagross|Metagross|Metagrossite
|move|p2a: Metagross|Meteor Mash|p1a: Heatran
|-resisted|p1a: Heatran
|-damage|p1a: Heatran|326\/385
|
|-heal|p1a: Heatran|350\/385|[from] item: Leftovers
|turn|7
|join|Levinlux
|
|switch|p1a: Landorus-Therian|Landorus-Therian, M|319\/319
|-ability|p1a: Landorus-Therian|Intimidate|[of] p2a: Metagross
|-unboost|p2a: Metagross|atk|1
|move|p2a: Metagross|Earthquake|p1a: Landorus-Therian
|-immune|p1a: Landorus-Therian|[msg]
|
|turn|8
|
|switch|p2a: Landorus-Therian|Landorus-Therian, M|226\/319
|-ability|p2a: Landorus-Therian|Intimidate|[of] p1a: Landorus-Therian
|-unboost|p1a: Landorus-Therian|atk|1
|move|p1a: Landorus-Therian|U-turn|p2a: Landorus-Therian
|-resisted|p2a: Landorus-Therian
|-damage|p2a: Landorus-Therian|191\/319
|join|sombolo
|
|switch|p1a: Keldeo|Keldeo|323\/323
|
|turn|9
|
|switch|p2a: Latias|Latias, F|301\/301
|move|p1a: Keldeo|Scald|p2a: Latias
|-resisted|p2a: Latias
|-damage|p2a: Latias|240\/301
|
|turn|10
|
|switch|p1a: Gardevoir|Gardevoir, F|277\/277
|-ability|p1a: Gardevoir|Levitate|[from] ability: Trace|[of] p2a: Latias
|switch|p2a: Azumarill|Azumarill, F|351\/401
|
|turn|11
|
|switch|p2a: Metagross|Metagross-Mega|301\/301
|detailschange|p1a: Gardevoir|Gardevoir-Mega, F
|-mega|p1a: Gardevoir|Gardevoir|Gardevoirite
|move|p1a: Gardevoir|Psyshock|p2a: Metagross
|-resisted|p2a: Metagross
|-damage|p2a: Metagross|271\/301
|
|turn|12
|
|switch|p1a: Heatran|Heatran, F|350\/385
|move|p2a: Metagross|Earthquake|p1a: Heatran
|-supereffective|p1a: Heatran
|-damage|p1a: Heatran|0 fnt
|faint|p1a: Heatran
|
|
|switch|p1a: Landorus-Therian|Landorus-Therian, M|319\/319
|-ability|p1a: Landorus-Therian|Intimidate|[of] p2a: Metagross
|-unboost|p2a: Metagross|atk|1
|turn|13
|
|switch|p2a: Landorus-Therian|Landorus-Therian, M|191\/319
|-ability|p2a: Landorus-Therian|Intimidate|[of] p1a: Landorus-Therian
|-unboost|p1a: Landorus-Therian|atk|1
|move|p1a: Landorus-Therian|U-turn|p2a: Landorus-Therian
|-resisted|p2a: Landorus-Therian
|-damage|p2a: Landorus-Therian|157\/319
|
|switch|p1a: Gardevoir|Gardevoir-Mega, F|277\/277
|
|turn|14
|
|move|p1a: Gardevoir|Hyper Voice|p2a: Landorus-Therian
|-damage|p2a: Landorus-Therian|0 fnt
|faint|p2a: Landorus-Therian
|
|
|switch|p2a: Metagross|Metagross-Mega|271\/301
|turn|15
|
|switch|p1a: Keldeo|Keldeo|323\/323
|move|p2a: Metagross|Substitute|p2a: Metagross
|-start|p2a: Metagross|Substitute
|-damage|p2a: Metagross|196\/301
|
|turn|16
|
|move|p1a: Keldeo|Scald|p2a: Metagross
|-end|p2a: Metagross|Substitute
|move|p2a: Metagross|Zen Headbutt|p1a: Keldeo
|-supereffective|p1a: Keldeo
|-damage|p1a: Keldeo|0 fnt
|faint|p1a: Keldeo
|
|
|switch|p1a: Landorus-Therian|Landorus-Therian, M|319\/319
|-ability|p1a: Landorus-Therian|Intimidate|[of] p2a: Metagross
|-unboost|p2a: Metagross|atk|1
|turn|17
|
|switch|p2a: Magnezone|Magnezone, shiny|324\/324 slp
|move|p1a: Landorus-Therian|Knock Off|p2a: Magnezone
|-damage|p2a: Magnezone|211\/324 slp
|-enditem|p2a: Magnezone|Choice Specs|[from] move: Knock Off|[of] p1a: Landorus-Therian
|
|turn|18
|
|switch|p1a: Amoonguss|Amoonguss, M|432\/432
|cant|p2a: Magnezone|slp
|
|turn|19
|
|cant|p2a: Magnezone|slp
|move|p1a: Amoonguss|Foul Play|p2a: Magnezone
|-damage|p2a: Magnezone|165\/324 slp
|
|turn|20
|
|cant|p2a: Magnezone|slp
|move|p1a: Amoonguss|Foul Play|p2a: Magnezone
|-damage|p2a: Magnezone|121\/324 slp
|
|turn|21
|
|-curestatus|p2a: Magnezone|slp
|move|p2a: Magnezone|Flash Cannon|p1a: Amoonguss
|-damage|p1a: Amoonguss|231\/432
|move|p1a: Amoonguss|Foul Play|p2a: Magnezone
|-damage|p2a: Magnezone|79\/324
|
|turn|22
|
|switch|p1a: Landorus-Therian|Landorus-Therian, M|319\/319
|-ability|p1a: Landorus-Therian|Intimidate|[of] p2a: Magnezone
|-unboost|p2a: Magnezone|atk|1
|move|p2a: Magnezone|Flash Cannon|p1a: Landorus-Therian
|-damage|p1a: Landorus-Therian|130\/319
|
|turn|23
|
|move|p1a: Landorus-Therian|Earthquake|p2a: Magnezone
|-supereffective|p2a: Magnezone
|-damage|p2a: Magnezone|0 fnt
|faint|p2a: Magnezone
|
|
|switch|p2a: Latias|Latias, F|240\/301
|turn|24
|
|switch|p1a: Latias|Latias, F|305\/305
|move|p2a: Latias|Psyshock|p1a: Latias
|-resisted|p1a: Latias
|-damage|p1a: Latias|217\/305
|-damage|p2a: Latias|210\/301|[from] item: Life Orb
|
|turn|25
|leave|sombolo
|
|switch|p2a: Clefable|Clefable, F, shiny|393\/393
|move|p1a: Latias|Draco Meteor|p2a: Clefable
|-immune|p2a: Clefable|[msg]
|
|turn|26
|join|ttte
|
|switch|p1a: Gardevoir|Gardevoir-Mega, F|277\/277
|move|p2a: Clefable|Stealth Rock|p1a: Gardevoir
|-sidestart|p1: burgerfresser|move: Stealth Rock
|
|turn|27
|
|move|p1a: Gardevoir|Hyper Voice|p2a: Clefable
|-damage|p2a: Clefable|141\/393
|move|p2a: Clefable|Moonblast|p1a: Gardevoir
|-damage|p1a: Gardevoir|189\/277
|
|-heal|p2a: Clefable|165\/393|[from] item: Leftovers
|turn|28
|
|move|p1a: Gardevoir|Hyper Voice|p2a: Clefable
|-damage|p2a: Clefable|0 fnt
|faint|p2a: Clefable
|
|join|Roman14k
|leave|Roman14k
|
|switch|p2a: Metagross|Metagross-Mega|196\/301
|turn|29
|
|switch|p1a: Latias|Latias, F|217\/305
|-damage|p1a: Latias|179\/305|[from] Stealth Rock
|move|p2a: Metagross|Meteor Mash|p1a: Latias
|-damage|p1a: Latias|0 fnt
|faint|p1a: Latias
|
|
|switch|p1a: Landorus-Therian|Landorus-Therian, M|130\/319
|-damage|p1a: Landorus-Therian|91\/319|[from] Stealth Rock
|-ability|p1a: Landorus-Therian|Intimidate|[of] p2a: Metagross
|-unboost|p2a: Metagross|atk|1
|turn|30
|
|switch|p2a: Azumarill|Azumarill, F|351\/401
|move|p1a: Landorus-Therian|Earthquake|p2a: Azumarill
|-damage|p2a: Azumarill|120\/401
|
|turn|31
|
|switch|p1a: Amoonguss|Amoonguss, M|375\/432
|-damage|p1a: Amoonguss|321\/432|[from] Stealth Rock
|switch|p2a: Metagross|Metagross-Mega|196\/301
|
|turn|32
|c|âburgerfresser|oh mein gott
|c|âwertzu|:]
|c| Nicowhaat|der ist enttÃ¤uscht von dir :I
|c|âburgerfresser|ich hatte fast eq gedrÃ¼ckt
|c|âwertzu|:o#
|
|move|p2a: Metagross|Substitute|p2a: Metagross
|-start|p2a: Metagross|Substitute
|-damage|p2a: Metagross|121\/301
|move|p1a: Amoonguss|Foul Play|p2a: Metagross
|-supereffective|p2a: Metagross
|-end|p2a: Metagross|Substitute
|
|turn|33
|c|âburgerfresser|nice choke :3
|c|âwertzu|:x
|c|âwertzu|ist im grunde gesehen ziemlich egal
|c|âwertzu|._.
|
|switch|p1a: Gardevoir|Gardevoir-Mega, F|189\/277
|-damage|p1a: Gardevoir|155\/277|[from] Stealth Rock
|move|p2a: Metagross|Zen Headbutt|p1a: Gardevoir|[miss]
|-miss|p2a: Metagross|p1a: Gardevoir
|
|turn|34
|c|âwertzu|oha
|
|move|p2a: Metagross|Meteor Mash|p1a: Gardevoir
|-supereffective|p1a: Gardevoir
|-damage|p1a: Gardevoir|0 fnt
|-boost|p2a: Metagross|atk|1
|faint|p1a: Gardevoir
|
|join|archan
|
|switch|p1a: Landorus-Therian|Landorus-Therian, M|91\/319
|-damage|p1a: Landorus-Therian|52\/319|[from] Stealth Rock
|-ability|p1a: Landorus-Therian|Intimidate|[of] p2a: Metagross
|-unboost|p2a: Metagross|atk|1
|turn|35
|c|âwertzu|das hats jetzt ig auch ned wirklich gebracht
|
|switch|p2a: Azumarill|Azumarill, F|120\/401
|move|p1a: Landorus-Therian|Knock Off|p2a: Azumarill
|-resisted|p2a: Azumarill
|-damage|p2a: Azumarill|40\/401
|-enditem|p2a: Azumarill|Assault Vest|[from] move: Knock Off|[of] p1a: Landorus-Therian
|
|turn|36
|
|switch|p1a: Amoonguss|Amoonguss, M|432\/432
|-damage|p1a: Amoonguss|378\/432|[from] Stealth Rock
|move|p2a: Azumarill|Aqua Jet|p1a: Amoonguss
|-resisted|p1a: Amoonguss
|-damage|p1a: Amoonguss|341\/432
|
|turn|37
|
|move|p2a: Azumarill|Waterfall|p1a: Amoonguss
|-resisted|p1a: Amoonguss
|-damage|p1a: Amoonguss|264\/432
|move|p1a: Amoonguss|Spore|p2a: Azumarill
|-status|p2a: Azumarill|slp
|
|turn|38
|c|âburgerfresser|jetzt darfst du von scarf knock off gecleant werden :3
|c|âwertzu|sure
|join|Roman14k
|
|switch|p2a: Latias|Latias, F|210\/301
|move|p1a: Amoonguss|Foul Play|p2a: Latias
|-supereffective|p2a: Latias
|-damage|p2a: Latias|88\/301
|
|turn|39
|
|move|p2a: Latias|Healing Wish|p2a: Latias
|faint|p2a: Latias
|move|p1a: Amoonguss|Foul Play|p2: Latias|[notarget]
|-notarget
|
|leave|Roman14k
|join|sombolo
|
|switch|p2a: Azumarill|Azumarill, F|40\/401 slp
|-heal|p2a: Azumarill|401\/401|[from] move: Healing Wish
|turn|40
|c|âburgerfresser|oh
|c|âwertzu|ums interessanter zu machen
|
|move|p2a: Azumarill|Knock Off|p1a: Amoonguss
|-damage|p1a: Amoonguss|185\/432
|move|p1a: Amoonguss|Spore|p2a: Azumarill
|-status|p2a: Azumarill|slp
|
|turn|41
|c|âwertzu|bringt zwar nicht wirklich was aber who cares
|c|âburgerfresser|are u kidding me
|c|âwertzu|nÃ¶
|c|âburgerfresser|ich das match ist ohnehin schon der massen spannend xD
|
|cant|p2a: Azumarill|slp
|move|p1a: Amoonguss|Foul Play|p2a: Azumarill
|-resisted|p2a: Azumarill
|-damage|p2a: Azumarill|361\/401 slp
|
|turn|42
|c|âwertzu|lel
|c|âwertzu|wie er kein giga drain macht
|leave|archan
|
|switch|p2a: Metagross|Metagross-Mega|121\/301
|move|p1a: Amoonguss|Giga Drain|p2a: Metagross
|-resisted|p2a: Metagross
|-damage|p2a: Metagross|79\/301
|-heal|p1a: Amoonguss|206\/432|[from] drain|[of] p2a: Metagross
|
|turn|43
|c|âwertzu|lol
|c|âwertzu|xD
|c|âwertzu|hÃ¤tte nicht gedacht dass das klappt
|c|âwertzu|so pls no miss
|
|move|p2a: Metagross|Zen Headbutt|p1a: Amoonguss
|-supereffective|p1a: Amoonguss
|-damage|p1a: Amoonguss|0 fnt
|faint|p1a: Amoonguss
|
|c| Nicowhaat|ich bin enttÃ¤uscht bÃ¼rgerfresser D:
|c|âwertzu|<3
|c|âburgerfresser|say halt deine fickfresse thx
|c|âwertzu|gg
|
|switch|p1a: Landorus-Therian|Landorus-Therian, M|52\/319
|-damage|p1a: Landorus-Therian|13\/319|[from] Stealth Rock
|-ability|p1a: Landorus-Therian|Intimidate|[of] p2a: Metagross
|-unboost|p2a: Metagross|atk|1
|turn|44
|
|move|p1a: Landorus-Therian|Earthquake|p2a: Metagross
|-supereffective|p2a: Metagross
|-damage|p2a: Metagross|0 fnt
|faint|p2a: Metagross
|
|
|switch|p2a: Azumarill|Azumarill, F|361\/401 slp
|turn|45
|c|âwertzu|so muss nur mehr aufwachen
|c| Nicowhaat|wenn azu jetzt lang genug schlÃ¤ft verliert wertzu noch D:
|
|cant|p2a: Azumarill|slp
|move|p1a: Landorus-Therian|Earthquake|p2a: Azumarill
|-damage|p2a: Azumarill|120\/401 slp
|
|turn|46
|c|âwertzu|wehe
|c|âwertzu|WEHE
|c| Nicowhaat|50%
|c|âburgerfresser|oh gott so spannend
|
|cant|p2a: Azumarill|slp
|move|p1a: Landorus-Therian|Earthquake|p2a: Azumarill
|-damage|p2a: Azumarill|0 fnt
|faint|p2a: Azumarill
|
|win|burgerfresser
|c|âwertzu|DXHDTZIUOZZUTD
|c|âwertzu|f
|c|âwertzu|jzuglkz
|c|âwertzu|fikhzf
|c|âwertzu|uikuz
|c|âwertzu|bvhgzi
|c|âwertzu|olbhuzil
|c|âwertzu|bhkzib
|c|âwertzu|iojuo
|c|âwertzu|hukhjm
|c|âwertzu|ikjik
|c|âwertzu|iukjikj
|c|âwertzu|uikjh
|c|âwertzu|uikjuuik
|c|âburgerfresser|pahahahahah
|c|âwertzu|uiuokj
|c| av kakuna|:]
|c|âwertzu|oikn
|c|âwertzu|o9pino
|c|âwertzu|lnkio9jiln
|c|âwertzu|oijlkiokjikj
|c|âwertzu|bikjbh
|c|âwertzu|ikjujk
|c|âwertzu|hjuikujh
|c|âwertzu|kukzuji
|c| sombolo|^^
|c|âwertzu|zjiou
|c|âwertzu|ihkjzu
|c|âwertzu|ujuz
|c|âwertzu|ujhvzuk
|c|âwertzu|zukjh
|c|âwertzu|ujhvzhz
|c|âwertzu|zjhzuj
|c|âwertzu|zujhvu
|c|âwertzu|uhju
|c|âwertzu|ujhvuzzu
|join|bluri
|c|âwertzu|hvuuzgjhv
|c|âwertzu|zujhvn
|c|âwertzu|vtzhgzt
|c|âwertzu|hgvvn
|leave|Mirine
|c|âwertzu|ztnjz
|c|âwertzu|jnjz
|c|âwertzu|jnvgth
|c| av kakuna|:]
|c|âwertzu|nvgh
|c| bluri|hey levin :D
|c|âwertzu|hvhjv
|c|âwertzu|j
|c|âwertzu|jhvj
|c|âwertzu|h
|c|âwertzu|ghg
|c|âwertzu|hngvr
|c|âwertzu|g
|c|âwertzu|gh
|c|âwertzu|hh
|leave|titaniteslap
|c|âwertzu|._.
|c| sombolo|Ã¤hm...
|c|âburgerfresser|u deserve it :3
|leave|bluri
|leave|burgerfresser
|c|âwertzu|so jetzt gehts wieder
|player|p1
|leave|wertzu
|player|p2
|leave|av kakuna
|leave|sombolo
|leave|Nicowhaat
|leave|ttte
|join|burgerfresser