|join|burgerfresser
|join|akenomepillas
|join|kloshitt
|player|p1|burgerfresser|115
|player|p2|akenomepillas|170
|gametype|singles
|gen|6
|tier|OU
|clearpoke
|poke|p1|Gardevoir, F, shiny
|poke|p1|Keldeo-Resolute
|poke|p1|Landorus-Therian, M
|poke|p1|Chesnaught, M
|poke|p1|Heatran, F
|poke|p1|Latias, F
|poke|p2|Salamence, M
|poke|p2|Talonflame, F
|poke|p2|Ferrothorn, F
|poke|p2|Magnezone
|poke|p2|Magneton
|poke|p2|Metagross
|rule|Swagger Clause: Swagger is banned
|rule|Baton Pass Clause: Limit one PokÃ©mon knowing Baton Pass
|rule|Sleep Clause Mod: Limit one foe put to sleep
|rule|Species Clause: Limit one of each PokÃ©mon
|rule|OHKO Clause: OHKO moves are banned
|rule|Moody Clause: Moody is banned
|rule|Evasion Moves Clause: Evasion moves are banned
|rule|Endless Battle Clause: Forcing endless battles is banned
|rule|HP Percentage Mod: HP is shown in percentages
|teampreview
|join|teamtesting3
|join|Cavolus
|c|âakenomepillas|sorry
|c|âburgerfresser|np ^-^
|c| kloshitt|#teamburgerfresser
|c|âburgerfresser|gl hf c:
|c| teamtesting3|btw burger, ich hab in meinem team kein scarfer weil ich thundy fÃ¼rs revengen hab
|c|âburgerfresser|nice oldschool dual mag
|join|av kakuna
|join|der Feldmann
|
|start
|switch|p1a: Flyin Pussy|Landorus-Therian, M|319\/319
|switch|p2a: Metagross|Metagross|301\/301
|-ability|p1a: Flyin Pussy|Intimidate|[of] p2a: Metagross
|-fail|p2a: Metagross|unboost|[from] ability: Clear Body|[of] p2a: Metagross
|turn|1
|c|âakenomepillas|:D
|
|detailschange|p2a: Metagross|Metagross-Mega
|-mega|p2a: Metagross|Metagross|Metagrossite
|move|p1a: Flyin Pussy|U-turn|p2a: Metagross
|-damage|p2a: Metagross|236\/301
|
|switch|p1a: Heattransexsual|Heatran, F|385\/385
|move|p2a: Metagross|Meteor Mash|p1a: Heattransexsual
|-resisted|p1a: Heattransexsual
|-damage|p1a: Heattransexsual|323\/385
|
|-heal|p1a: Heattransexsual|347\/385|[from] item: Leftovers
|turn|2
|c|âakenomepillas|nobody to trap now
|c| kloshitt|tran
|c|âburgerfresser|lol
|c| kloshitt|mach mal ice punch
|
|switch|p1a: Flyin Pussy|Landorus-Therian, M|319\/319
|-ability|p1a: Flyin Pussy|Intimidate|[of] p2a: Metagross
|-unboost|p2a: Metagross|atk|1
|move|p2a: Metagross|Meteor Mash|p1a: Flyin Pussy
|-damage|p1a: Flyin Pussy|141\/319
|
|turn|3
|c| kloshitt|ok
|c| kloshitt|schadekeinicepunch :(
|c| der Feldmann|joshua aka kloshitt: ich glaub nichtmehr an den weihnachtsmann, aber den osterhssen gibts doch, oder?
|
|switch|p2a: Talonflame|Talonflame, F|297\/297
|move|p1a: Flyin Pussy|U-turn|p2a: Talonflame
|-resisted|p2a: Talonflame
|-damage|p2a: Talonflame|269\/297
|c| kloshitt|-.-
|
|switch|p1a: Heattransexsual|Heatran, F|347\/385
|
|-heal|p1a: Heattransexsual|371\/385|[from] item: Leftovers
|turn|4
|c| teamtesting3|ist das nen neuer fan von dir kloÃ^^
|
|switch|p2a: Salamence|Salamence, M|331\/331
|move|p1a: Heattransexsual|Stone Edge|p2a: Salamence
|-supereffective|p2a: Salamence
|-damage|p2a: Salamence|161\/331
|
|-heal|p1a: Heattransexsual|385\/385|[from] item: Leftovers
|turn|5
|c| kloshitt|erstens nenne ich mich nirgendwo so du hurensohn und 2tens das hab ich nie gesagt
|c|âakenomepillas|stone edge
|
|move|p1a: Heattransexsual|Protect|p1a: Heattransexsual
|-singleturn|p1a: Heattransexsual|Protect
|move|p2a: Salamence|Earthquake|p1a: Heattransexsual
|-activate|p1a: Heattransexsual|Protect
|
|turn|6
|c| der Feldmann|nee das hat mir bluri erzÃ¤hlt er fand es so sÃ¼Ã, dass er noch dan glaubt :D
|c| kloshitt|ich glaube nicht daran das hat malte als verarsche geschrieben du lÃ¼gner
|c|âburgerfresser|yeah cause tele rekt me with his taunt sd talon i run stone edge xD
|
|switch|p2a: Ferrothorn|Ferrothorn, F|352\/352
|switch|p1a: Flyin Pussy|Landorus-Therian, M|141\/319
|-ability|p1a: Flyin Pussy|Intimidate|[of] p2a: Ferrothorn
|-unboost|p2a: Ferrothorn|atk|1
|
|turn|7
|c| der Feldmann|ich bin kein lÃ¼gner
|c| kloshitt|doch
|
|switch|p1a: Heattransexsual|Heatran, F|385\/385
|move|p2a: Ferrothorn|Leech Seed|p1a: Heattransexsual
|-start|p1a: Heattransexsual|move: Leech Seed
|
|-damage|p1a: Heattransexsual|337\/385|[from] Leech Seed|[of] p2a: Ferrothorn
|turn|8
|c| der Feldmann|aber kein hurensohn
|c| teamtesting3|burger mach mal modchat an
|c|âakenomepillas|yeah, sd talon is a problem
|c| kloshitt|doch bist du
|c|âburgerfresser|wie geht das tt?.-.
|join|Maggifighter88
|c| teamtesting3|einfach \/modchat +
|c| kloshitt|.\/modchat +
|
|switch|p2a: Salamence|Salamence, M|161\/331
|move|p1a: Heattransexsual|Lava Plume|p2a: Salamence
|-resisted|p2a: Salamence
|-damage|p2a: Salamence|85\/331
|
|-heal|p1a: Heattransexsual|361\/385|[from] item: Leftovers
|-damage|p1a: Heattransexsual|313\/385|[from] Leech Seed|[of] p2a: Salamence
|-heal|p2a: Salamence|133\/331|[silent]
|turn|9
|c| av kakuna|.\/modchat +
|c| der Feldmann|KLO HALTS MAUL UND LASS MEINE MUTTER AUS DEM SPIEL
|c|âburgerfresser|\/\/modchat+
|c| kloshitt|leerzeichen nach modchat
|c| der Feldmann|y
|c|âburgerfresser|The command '\/modchat+' was unrecognized. lol
|
|switch|p1a: Hug me|Chesnaught, M|380\/380
|move|p2a: Salamence|Earthquake|p1a: Hug me
|-resisted|p1a: Hug me
|-damage|p1a: Hug me|335\/380
|
|-heal|p1a: Hug me|358\/380|[from] item: Leftovers
|turn|10
|c|âakenomepillas|just modchat i think
|c| der Feldmann|#leerzeichen
|c| teamtesting3|und danach dann \/roomvoice user
|c| av kakuna|leerzeichen zwischen dem + und modchat
|join|klaklak
|raw|<div class="broadcast-red"><b>Moderated chat was set to +!<\/b><br \/>Only users of rank + and higher can talk.<\/div>
|c|âburgerfresser|oha
|c|âburgerfresser|hab geschaft xD
teamtesting3 was promoted to Room Voice by burgerfresser.
|c|+teamtesting3|thx
kloshitt was promoted to Room Voice by burgerfresser.
|
|switch|p2a: Ferrothorn|Ferrothorn, F|352\/352
|move|p1a: Hug me|Spikes|p2a: Ferrothorn
|-sidestart|p2: akenomepillas|Spikes
|
|-heal|p1a: Hug me|380\/380|[from] item: Leftovers
|turn|11
|
|move|p1a: Hug me|Spikes|p2a: Ferrothorn
|-sidestart|p2: akenomepillas|Spikes
|move|p2a: Ferrothorn|Stealth Rock|p1a: Hug me
|-sidestart|p1: burgerfresser|move: Stealth Rock
|
|turn|12
|
|move|p1a: Hug me|Spikes|p2a: Ferrothorn
|-sidestart|p2: akenomepillas|Spikes
|move|p2a: Ferrothorn|Spikes|p1a: Hug me
|-sidestart|p1: burgerfresser|Spikes
|
|turn|13
|
|switch|p1a: Heattransexsual|Heatran, F|313\/385
|-damage|p1a: Heattransexsual|265\/385|[from] Spikes
|-damage|p1a: Heattransexsual|217\/385|[from] Stealth Rock
|move|p2a: Ferrothorn|Spikes|p1a: Heattransexsual
|-sidestart|p1: burgerfresser|Spikes
|
|-heal|p1a: Heattransexsual|241\/385|[from] item: Leftovers
|turn|14
|
|move|p1a: Heattransexsual|Stealth Rock|p2a: Ferrothorn
|-sidestart|p2: akenomepillas|move: Stealth Rock
|move|p2a: Ferrothorn|Leech Seed|p1a: Heattransexsual|[miss]
|-miss|p2a: Ferrothorn|p1a: Heattransexsual
|
|-heal|p1a: Heattransexsual|265\/385|[from] item: Leftovers
|turn|15
|c|âakenomepillas|ohhh
|
|move|p1a: Heattransexsual|Lava Plume|p2a: Ferrothorn
|-supereffective|p2a: Ferrothorn
|-damage|p2a: Ferrothorn|60\/352
|move|p2a: Ferrothorn|Leech Seed|p1a: Heattransexsual
|-start|p1a: Heattransexsual|move: Leech Seed
|
|-heal|p1a: Heattransexsual|289\/385|[from] item: Leftovers
|-damage|p1a: Heattransexsual|241\/385|[from] Leech Seed|[of] p2a: Ferrothorn
|-heal|p2a: Ferrothorn|108\/352|[silent]
|turn|16
|c|âburgerfresser|wow
|c|âburgerfresser|it lived
|c|âakenomepillas|always lives
|c|+kloshitt|depending on evs
|
|switch|p2a: Salamence|Salamence, M|133\/331
|-damage|p2a: Salamence|51\/331|[from] Stealth Rock
|move|p1a: Heattransexsual|Lava Plume|p2a: Salamence
|-resisted|p2a: Salamence
|-damage|p2a: Salamence|0 fnt
|faint|p2a: Salamence
|
|-heal|p1a: Heattransexsual|265\/385|[from] item: Leftovers
|c|âakenomepillas|my ferro always lives*
|
|switch|p2a: Metagross|Metagross-Mega|236\/301
|-damage|p2a: Metagross|161\/301|[from] Spikes
|-damage|p2a: Metagross|143\/301|[from] Stealth Rock
|turn|17
|
|switch|p1a: Gardewhore|Gardevoir, F, shiny|277\/277
|-damage|p1a: Gardewhore|243\/277|[from] Stealth Rock
|-damage|p1a: Gardewhore|197\/277|[from] Spikes
|-ability|p1a: Gardewhore|Tough Claws|[from] ability: Trace|[of] p2a: Metagross
|move|p2a: Metagross|Zen Headbutt|p1a: Gardewhore
|-resisted|p1a: Gardewhore
|-damage|p1a: Gardewhore|56\/277
|
|turn|18
|
|detailschange|p1a: Gardewhore|Gardevoir-Mega, F, shiny
|-mega|p1a: Gardewhore|Gardevoir|Gardevoirite
|move|p2a: Metagross|Meteor Mash|p1a: Gardewhore
|-supereffective|p1a: Gardewhore
|-damage|p1a: Gardewhore|0 fnt
|faint|p1a: Gardewhore
|
|
|switch|p1a: Flyin Pussy|Landorus-Therian, M|141\/319
|-damage|p1a: Flyin Pussy|102\/319|[from] Stealth Rock
|-ability|p1a: Flyin Pussy|Intimidate|[of] p2a: Metagross
|-unboost|p2a: Metagross|atk|1
|turn|19
|
|switch|p2a: Magnezone|Magnezone|282\/282
|-damage|p2a: Magnezone|265\/282|[from] Stealth Rock
|-damage|p2a: Magnezone|195\/282|[from] Spikes
|move|p1a: Flyin Pussy|Earthquake|p2a: Magnezone
|-supereffective|p2a: Magnezone
|-damage|p2a: Magnezone|0 fnt
|faint|p2a: Magnezone
|
|join|Nachtarafan
|
|switch|p2a: Talonflame|Talonflame, F|269\/297
|-damage|p2a: Talonflame|121\/297|[from] Stealth Rock
|turn|20
|
|switch|p1a: Hug me|Chesnaught, M|380\/380
|-damage|p1a: Hug me|357\/380|[from] Stealth Rock
|-damage|p1a: Hug me|294\/380|[from] Spikes
|move|p2a: Talonflame|Swords Dance|p2a: Talonflame
|-boost|p2a: Talonflame|atk|2
|
|-heal|p1a: Hug me|317\/380|[from] item: Leftovers
|turn|21
|c|âburgerfresser|dat missclick
|c|âakenomepillas|oh im sorry
|join|Bumsbatze
|c|âakenomepillas|or u also have stone edge
|
|move|p2a: Talonflame|Roost|p2a: Talonflame
|-heal|p2a: Talonflame|270\/297
|move|p1a: Hug me|Leech Seed|p2a: Talonflame
|-start|p2a: Talonflame|move: Leech Seed
|
|-heal|p1a: Hug me|340\/380|[from] item: Leftovers
|-damage|p2a: Talonflame|233\/297|[from] Leech Seed|[of] p1a: Hug me
|-heal|p1a: Hug me|377\/380|[silent]
|turn|22
|c|âakenomepillas|xD
|c|âburgerfresser|xD
|
|switch|p1a: Heattransexsual|Heatran, F|265\/385
|-damage|p1a: Heattransexsual|201\/385|[from] Spikes
|-damage|p1a: Heattransexsual|153\/385|[from] Stealth Rock
|move|p2a: Talonflame|Swords Dance|p2a: Talonflame
|-boost|p2a: Talonflame|atk|2
|
|-heal|p1a: Heattransexsual|177\/385|[from] item: Leftovers
|-damage|p2a: Talonflame|196\/297|[from] Leech Seed|[of] p1a: Heattransexsual
|-heal|p1a: Heattransexsual|214\/385|[silent]
|turn|23
|c|âakenomepillas|it would be nice actually
|c|âburgerfresser|lol
|c|âakenomepillas|u fully deffensive but i hope it kills
|
|move|p1a: Heattransexsual|Protect|p1a: Heattransexsual
|-singleturn|p1a: Heattransexsual|Protect
|move|p2a: Talonflame|Brave Bird|p1a: Heattransexsual
|-activate|p1a: Heattransexsual|Protect
|
|-heal|p1a: Heattransexsual|238\/385|[from] item: Leftovers
|-damage|p2a: Talonflame|159\/297|[from] Leech Seed|[of] p1a: Heattransexsual
|-heal|p1a: Heattransexsual|275\/385|[silent]
|turn|24
|c|âakenomepillas|shit i forgot that
|c|âakenomepillas|now it wont
|
|move|p2a: Talonflame|Brave Bird|p1a: Heattransexsual
|-resisted|p1a: Heattransexsual
|-damage|p1a: Heattransexsual|29\/385
|-damage|p2a: Talonflame|78\/297|[from] recoil|[of] p1a: Heattransexsual
|move|p1a: Heattransexsual|Stone Edge|p2a: Talonflame
|-supereffective|p2a: Talonflame
|-damage|p2a: Talonflame|0 fnt
|faint|p2a: Talonflame
|
|-heal|p1a: Heattransexsual|53\/385|[from] item: Leftovers
|
|switch|p2a: Magneton|Magneton|242\/242
|-damage|p2a: Magneton|182\/242|[from] Spikes
|-damage|p2a: Magneton|167\/242|[from] Stealth Rock
|turn|25
|c|âburgerfresser|scarf keldeo pre much wins now :3
|c|âakenomepillas|yup
|c|âakenomepillas|if scarfed is gg
|
|move|p2a: Magneton|Volt Switch|p1a: Heattransexsual
|-damage|p1a: Heattransexsual|0 fnt
|faint|p1a: Heattransexsual
|c|âburgerfresser|gg
|c|âakenomepillas|gg
|
|switch|p2a: Ferrothorn|Ferrothorn, F|108\/352
|-damage|p2a: Ferrothorn|20\/352|[from] Spikes
|-damage|p2a: Ferrothorn|0 fnt|[from] Stealth Rock
|faint|p2a: Ferrothorn
|
|
|switch|p2a: Metagross|Metagross-Mega|143\/301
|switch|p1a: DildoHead|Keldeo-Resolute|328\/328
|-damage|p1a: DildoHead|308\/328|[from] Stealth Rock
|-damage|p1a: DildoHead|254\/328|[from] Spikes
|-damage|p2a: Metagross|125\/301|[from] Stealth Rock
|-damage|p2a: Metagross|50\/301|[from] Spikes
|turn|26
|c|âakenomepillas|miss or sth
|
|move|p1a: DildoHead|Secret Sword|p2a: Metagross
|-damage|p2a: Metagross|0 fnt
|faint|p2a: Metagross
|
|c|âburgerfresser|lol
|c|âakenomepillas|xD
|
|switch|p2a: Magneton|Magneton|167\/242
|-damage|p2a: Magneton|107\/242|[from] Spikes
|-damage|p2a: Magneton|92\/242|[from] Stealth Rock
|turn|27
|
|move|p1a: DildoHead|Secret Sword|p2a: Magneton
|-supereffective|p2a: Magneton
|-damage|p2a: Magneton|0 fnt
|faint|p2a: Magneton
|
|win|burgerfresser
|leave|av kakuna
|leave|teamtesting3
|join|Thessbmzocker
|leave|akenomepillas
|leave|klaklak
|leave|Thessbmzocker
|leave|kloshitt
|leave|Cavolus
|player|p2
|leave|der Feldmann
|leave|Maggifighter88
|leave|Bumsbatze