|join|HylianBowman
|join|burgerfresser
|player|p1|HylianBowman|290
|player|p2|burgerfresser|115
|gametype|singles
|gen|6
|tier|OU
|clearpoke
|poke|p1|Gallade, M
|poke|p1|Bisharp, F
|poke|p1|Rotom-Wash
|poke|p1|Chandelure, M
|poke|p1|Latias, F
|poke|p1|Landorus-Therian, M
|poke|p2|Gardevoir, F, shiny
|poke|p2|Keldeo-Resolute, shiny
|poke|p2|Landorus-Therian, M
|poke|p2|Chesnaught, F
|poke|p2|Heatran, F
|poke|p2|Latias, F
|rule|Swagger Clause: Swagger is banned
|rule|Baton Pass Clause: Limit one PokÃ©mon knowing Baton Pass
|rule|Sleep Clause Mod: Limit one foe put to sleep
|rule|Species Clause: Limit one of each PokÃ©mon
|rule|OHKO Clause: OHKO moves are banned
|rule|Moody Clause: Moody is banned
|rule|Evasion Moves Clause: Evasion moves are banned
|rule|Endless Battle Clause: Forcing endless battles is banned
|rule|HP Percentage Mod: HP is shown in percentages
|teampreview
|c|âburgerfresser|gl hf c:
|join|Panoma555
|join|kloshitt
|c|âHylianBowman|u2
|join|av kakuna
|c| kloshitt|burger gewinnt oder
|c| Panoma555|mega gallede?
|c|âHylianBowman|omg so viele zuschauer
|c|âburgerfresser|ganze 3
|c| av kakuna|3 ._.
|join|Kaepina
|c|âHylianBowman|machts halt kaputt
|c| kloshitt|4
|
|start
|switch|p1a: Flyin Doge|Landorus-Therian, M|382\/382
|switch|p2a: Flyin Pussy|Landorus-Therian, M|319\/319
|-ability|p2a: Flyin Pussy|Intimidate|[of] p1a: Flyin Doge
|-unboost|p1a: Flyin Doge|atk|1
|-ability|p1a: Flyin Doge|Intimidate|[of] p2a: Flyin Pussy
|-unboost|p2a: Flyin Pussy|atk|1
|turn|1
|join|HotJasmin
|c|âburgerfresser|?
|
|move|p2a: Flyin Pussy|U-turn|p1a: Flyin Doge
|-resisted|p1a: Flyin Doge
|-damage|p1a: Flyin Doge|350\/382
|
|switch|p2a: Hug me|Chesnaught, F|380\/380
|move|p1a: Flyin Doge|U-turn|p2a: Hug me
|-damage|p2a: Hug me|341\/380
|c| kloshitt|hylian hat keine rocks im team wtf
|
|switch|p1a: Phlogistinator|Chandelure, M|261\/261
|
|-heal|p2a: Hug me|364\/380|[from] item: Leftovers
|turn|2
|c| av kakuna|bisharp kÃ¶nnte welche haben
|c| av kakuna|aber na ja
|c|âHylianBowman|weltuntergang
|c| av kakuna|spielt niemand
|c|âburgerfresser|wer spielt bitte rock bisharp
|c| kloshitt|rocks sind wichtig
|c|âHylianBowman|ich
|c| kloshitt|ok
|
|switch|p2a: Heattransexsual|Heatran, F|385\/385
|move|p1a: Phlogistinator|Trick|p2a: Heattransexsual
|-activate|p1a: Phlogistinator|move: Trick|[of] p2a: Heattransexsual
|-item|p2a: Heattransexsual|Choice Scarf|[from] move: Trick
|-item|p1a: Phlogistinator|Leftovers|[from] move: Trick
|
|turn|3
|c| kloshitt|verstehe
|c| kloshitt|also ich rate mal
|join|der penismann
|c| der penismann|klo
|c| kloshitt|av lando rocks bisharp lefties latias
|c| kloshitt|was
|c|âburgerfresser|xD
|c|âHylianBowman|lol dat name
|c| der penismann|deine mum hat mir erzÃ¤hlt dass du manchmal schlimen durchfall hast
|c|âburgerfresser|av landou
|c| kloshitt|der penismann wer bist du
|c|âHylianBowman|oh stimmt der timer
|
|switch|p1a: Flyin Doge|Landorus-Therian, M|350\/382
|-ability|p1a: Flyin Doge|Intimidate|[of] p2a: Heattransexsual
|-unboost|p2a: Heattransexsual|atk|1
|move|p2a: Heattransexsual|Stealth Rock|p1a: Flyin Doge
|-sidestart|p1: HylianBowman|move: Stealth Rock
|
|-heal|p1a: Flyin Doge|373\/382|[from] item: Leftovers
|turn|4
|c| der penismann|ich bins
|c| der penismann|kevin
|c|âburgerfresser|oha
|c|âHylianBowman|!dt durant
|c|~|\/data-pokemon Durant
|raw|<font size="1"><font color=#585858>Dex#:<\/font> 632&nbsp;|&ThickSpace;<font color=#585858>Height:<\/font> 0.3 m&nbsp;|&ThickSpace;<font color=#585858>Weight:<\/font> 33 kg <em>(60 BP)<\/em>&nbsp;|&ThickSpace;<font color=#585858>Dex Colour:<\/font> Gray&nbsp;|&ThickSpace;<font color=#585858>Egg Group(s):<\/font> Bug&nbsp;|&ThickSpace;<font color=#585858><font color=#585858>Does Not Evolve<\/font><\/font><\/font>
|c| kloshitt|ok doch rocks xD
|c|âburgerfresser|^
|c| der penismann|als wir haxball espielt haben
|join|Taylor $wift
|c| kloshitt|dachte nur weil er uturned hat er ist av oder so x
|c|âburgerfresser|xD
|
|switch|p2a: DildoHead|Keldeo-Resolute, shiny|328\/328
|move|p1a: Flyin Doge|U-turn|p2a: DildoHead
|-resisted|p2a: DildoHead
|-damage|p2a: DildoHead|278\/328
|c| kloshitt|dani oder wer auch immer du bist geh weg
|c|âHylianBowman|jetzt mach mal den timer aus bitte
|
|switch|p1a: Team RED|Latias, F|318\/318
|-damage|p1a: Team RED|279\/318|[from] Stealth Rock
|
|-heal|p1a: Team RED|298\/318|[from] item: Leftovers
|turn|5
|c|âHylianBowman|ich drÃ¼ck meine moves und trotzdem countet er
|c|âburgerfresser|versteh auch nicht warum er anscheinend keine rocks oben haben will
|c| kloshitt|xd
|c|âHylianBowman|danke
|
|switch|p2a: Gardewhore|Gardevoir, F, shiny|277\/277
|-ability|p2a: Gardewhore|Levitate|[from] ability: Trace|[of] p1a: Team RED
|move|p1a: Team RED|Defog|p2a: Gardewhore
|-unboost|p2a: Gardewhore|evasion|1
|-sideend|p1: HylianBowman|Stealth Rock|[from] move: Defog|[of] p1a: Team RED
|
|-heal|p1a: Team RED|317\/318|[from] item: Leftovers
|turn|6
|c| der penismann|joshi
|c| der penismann|ich bins
|c|âburgerfresser|aaaaber
|c| kloshitt|wer bist du
|c|âburgerfresser|they call me
|c| kloshitt|ich kenn dich nicht
|c|âburgerfresser|no switch nis
|c| der penismann|malte hat mir erzÃ¤hlt, dass du nicht an den osterhasen glaubst
|
|switch|p1a: Phlogistinator|Chandelure, M|261\/261
|detailschange|p2a: Gardewhore|Gardevoir-Mega, F, shiny
|-mega|p2a: Gardewhore|Gardevoir|Gardevoirite
|move|p2a: Gardewhore|Hyper Voice|p1a: Phlogistinator
|-resisted|p1a: Phlogistinator
|-damage|p1a: Phlogistinator|129\/261
|
|-heal|p1a: Phlogistinator|145\/261|[from] item: Leftovers
|turn|7
|c|âHylianBowman|they call you
|c|âHylianBowman|mega gardewhore
|c|âburgerfresser|they call you
|c| kloshitt|dani wenn du das bist das ist nicht lustig
|c|âburgerfresser|not scarf anymore
|c|âHylianBowman|stimmt
|
|move|p2a: Gardewhore|Psyshock|p1a: Phlogistinator
|-damage|p1a: Phlogistinator|0 fnt
|faint|p1a: Phlogistinator
|
|c|âHylianBowman|das wird mir jetzt zum verhÃ¤ngnis
|c| kloshitt|auch wenn ich das wirklich gesagt hab
|
|switch|p1a: Mumkhar|Bisharp, F|272\/272
|turn|8
|join|Adnalaturb
|c| kloshitt|burger ich mag dein team :3
|c|âburgerfresser|thx :3
|c|âHylianBowman|viel zu viele legis
|c|âHylianBowman|voll der noob xD
|c|âburgerfresser|xD
|leave|Adnalaturb
|c| kloshitt|gsssschhht
|c| kloshitt|xD
|
|switch|p2a: DildoHead|Keldeo-Resolute, shiny|278\/328
|move|p1a: Mumkhar|Sucker Punch|p2a: DildoHead
|-fail|p2a: DildoHead
|
|turn|9
|
|switch|p1a: Team RED|Latias, F|317\/318
|move|p2a: DildoHead|Scald|p1a: Team RED
|-resisted|p1a: Team RED
|-damage|p1a: Team RED|257\/318
|
|-heal|p1a: Team RED|276\/318|[from] item: Leftovers
|turn|10
|c|âburgerfresser|lol
|c| kloshitt|nie spdef
|c|âburgerfresser|lefti lati
|c| kloshitt|*nie
|c| kloshitt|*nice
|c|âHylianBowman|was dagegen?
|
|switch|p2a: Gardewhore|Gardevoir-Mega, F, shiny|277\/277
|switch|p1a: Mumkhar|Bisharp, F|272\/272
|
|turn|11
|c| der penismann|joshua aka klo: ich glaub nichtmehr an den weihnachtsmann, aber den osterhssen gibts doch, oder?
|
|switch|p2a: DildoHead|Keldeo-Resolute, shiny|278\/328
|move|p1a: Mumkhar|Iron Head|p2a: DildoHead
|-resisted|p2a: DildoHead
|-damage|p2a: DildoHead|162\/328
|-damage|p1a: Mumkhar|245\/272|[from] item: Life Orb
|
|turn|12
|c| kloshitt|hÃ¶r auf
|c| Kaepina|Hi hy
|c| kloshitt|das hab ich nie gesagt
|c| kloshitt|das hat bluri gesagt
|
|switch|p1a: Team RED|Latias, F|276\/318
|move|p2a: DildoHead|Scald|p1a: Team RED
|-resisted|p1a: Team RED
|-damage|p1a: Team RED|210\/318
|-status|p1a: Team RED|brn
|
|-heal|p1a: Team RED|229\/318 brn|[from] item: Leftovers
|-damage|p1a: Team RED|190\/318 brn|[from] brn
|turn|13
|c|âburgerfresser|ah scald is toll :3
|c| der penismann|bluri hat mir erzÃ¤hlt, dass du das gesagt hasz
|
|switch|p2a: Gardewhore|Gardevoir-Mega, F, shiny|277\/277
|move|p1a: Team RED|Psyshock|p2a: Gardewhore
|-resisted|p2a: Gardewhore
|-damage|p2a: Gardewhore|196\/277
|
|-heal|p1a: Team RED|209\/318 brn|[from] item: Leftovers
|-damage|p1a: Team RED|170\/318 brn|[from] brn
|turn|14
|c| kloshitt|dann hat er gelogen
|c| der penismann|hatte erstmal Ã¼belsten lachanfall :D
|
|move|p1a: Team RED|Psyshock|p2a: Gardewhore
|-resisted|p2a: Gardewhore
|-damage|p2a: Gardewhore|121\/277
|move|p2a: Gardewhore|Hyper Voice|p1a: Team RED
|-supereffective|p1a: Team RED
|-damage|p1a: Team RED|0 fnt
|faint|p1a: Team RED
|
|c| der penismann|mit 14 an den osterhasen glauben :D
|c| kloshitt|ich glaube nicht an den osterhasen du spacken
|
|switch|p1a: Dual Blade|Gallade, M|278\/278
|turn|15
|c|âburgerfresser|ich wette er hat erstmal shadow sneak xD
|c| kloshitt|shadow sneak auf dem teil ist schlechter als knock off... aber ja hat er sicher
|
|switch|p2a: Flyin Pussy|Landorus-Therian, M|319\/319
|-ability|p2a: Flyin Pussy|Intimidate|[of] p1a: Dual Blade
|-unboost|p1a: Dual Blade|atk|1
|detailschange|p1a: Dual Blade|Gallade-Mega, M
|-mega|p1a: Dual Blade|Gallade|Galladite
|move|p1a: Dual Blade|Shadow Sneak|p2a: Flyin Pussy
|-damage|p2a: Flyin Pussy|281\/319
|
|turn|16
|c|âHylianBowman|welches mega gallade hat kein shadow sneak?
|c| av kakuna|alle?
|c|âburgerfresser|lol
|c| kloshitt|so ziemlich jedes hylian
|c| av kakuna|knock off, zen headbutt, cc und sd
|
|move|p2a: Flyin Pussy|U-turn|p1a: Dual Blade
|-damage|p1a: Dual Blade|184\/278
|c| kloshitt|knock off oder ice punch ist besser
|c|âburgerfresser|^
|c| kloshitt|vorallem knock off
|c|âHylianBowman|tja
|
|switch|p2a: Hug me|Chesnaught, F|364\/380
|move|p1a: Dual Blade|Ice Punch|p2a: Hug me
|-supereffective|p2a: Hug me
|-damage|p2a: Hug me|278\/380
|
|-heal|p2a: Hug me|301\/380|[from] item: Leftovers
|turn|17
|c|âHylianBowman|ich habe shadow sneak
|c|âHylianBowman|deal with it
|c| Kaepina|Aber shadow sneak hat prio
|c| av kakuna|wofÃ¼r?
|
|switch|p1a: Schleudergang|Rotom-Wash|303\/303
|move|p2a: Hug me|Leech Seed|p1a: Schleudergang
|-start|p1a: Schleudergang|move: Leech Seed
|
|-heal|p2a: Hug me|324\/380|[from] item: Leftovers
|-damage|p1a: Schleudergang|266\/303|[from] Leech Seed|[of] p2a: Hug me
|-heal|p2a: Hug me|361\/380|[silent]
|turn|18
|c|âburgerfresser|lati twins
|c|âburgerfresser|kein speed tie
|c| kloshitt|killt aber nicht
|c| av kakuna|die killt er damit eh nich
|c|âburgerfresser|+2
|c|âburgerfresser|schon
|c| kloshitt|muss man fÃ¼r +2 close combat gehen
|c| kloshitt|das macht sogar mehr
|
|switch|p2a: Heattransexsual|Heatran, F|385\/385
|move|p1a: Schleudergang|Volt Switch|p2a: Heattransexsual
|-damage|p2a: Heattransexsual|319\/385
|
|switch|p1a: Flyin Doge|Landorus-Therian, M|373\/382
|-ability|p1a: Flyin Doge|Intimidate|[of] p2a: Heattransexsual
|-unboost|p2a: Heattransexsual|atk|1
|
|-heal|p1a: Flyin Doge|382\/382|[from] item: Leftovers
|turn|19
|c|âHylianBowman|das verliere ich aber
|c| kloshitt|pff
|join|Bailil
|
|switch|p2a: Hug me|Chesnaught, F|361\/380
|move|p1a: Flyin Doge|Stealth Rock|p2a: Hug me
|-sidestart|p2: burgerfresser|move: Stealth Rock
|
|-heal|p2a: Hug me|380\/380|[from] item: Leftovers
|turn|20
|
|move|p1a: Flyin Doge|U-turn|p2a: Hug me
|-damage|p2a: Hug me|316\/380
|
|switch|p1a: Schleudergang|Rotom-Wash|266\/303
|move|p2a: Hug me|Seed Bomb|p1a: Schleudergang
|-supereffective|p1a: Schleudergang
|-damage|p1a: Schleudergang|134\/303
|
|-heal|p2a: Hug me|339\/380|[from] item: Leftovers
|turn|21
|c|âburgerfresser|finds immer komisch wenn jemand ches u-turnd statt zu wechseln
|join|nichtpisMann
|c|âburgerfresser|is ja nicht so als wÃ¤re Spike shield obv
|c| av kakuna|andererseits
|
|move|p2a: Hug me|Spiky Shield|p2a: Hug me
|-singleturn|p2a: Hug me|move: Protect
|move|p1a: Schleudergang|Will-O-Wisp|p2a: Hug me
|-activate|p2a: Hug me|move: Protect
|
|-heal|p2a: Hug me|362\/380|[from] item: Leftovers
|turn|22
|
|switch|p2a: Heattransexsual|Heatran, F|319\/385
|-damage|p2a: Heattransexsual|271\/385|[from] Stealth Rock
|move|p1a: Schleudergang|Hydro Pump|p2a: Heattransexsual
|-supereffective|p2a: Heattransexsual
|-damage|p2a: Heattransexsual|61\/385
|
|turn|23
|c| av kakuna|warum wÃ¼rde man einen free turn verschwenden indem man spiky shield drÃ¼ckt?
|join|klaklak
|
|switch|p2a: Lati ass|Latias, F|305\/305
|-damage|p2a: Lati ass|267\/305|[from] Stealth Rock
|move|p1a: Schleudergang|Volt Switch|p2a: Lati ass
|-resisted|p2a: Lati ass
|-damage|p2a: Lati ass|231\/305
|c|âburgerfresser|da playz
|c| klaklak|challo
|
|switch|p1a: Mumkhar|Bisharp, F|245\/272
|
|turn|24
|
|move|p2a: Lati ass|Healing Wish|p2a: Lati ass
|faint|p2a: Lati ass
|move|p1a: Mumkhar|Knock Off|p2: Lati ass|[notarget]
|-notarget
|
|
|switch|p2a: DildoHead|Keldeo-Resolute, shiny|162\/328
|-heal|p2a: DildoHead|328\/328|[from] move: Healing Wish
|-damage|p2a: DildoHead|308\/328|[from] Stealth Rock
|turn|25
|
|switch|p1a: Schleudergang|Rotom-Wash|134\/303
|move|p2a: DildoHead|Secret Sword|p1a: Schleudergang
|-damage|p1a: Schleudergang|14\/303
|
|turn|26
|
|switch|p1a: Flyin Doge|Landorus-Therian, M|382\/382
|-ability|p1a: Flyin Doge|Intimidate|[of] p2a: DildoHead
|-unboost|p2a: DildoHead|atk|1
|move|p2a: DildoHead|Secret Sword|p1a: Flyin Doge
|-resisted|p1a: Flyin Doge
|-damage|p1a: Flyin Doge|291\/382
|
|-heal|p1a: Flyin Doge|314\/382|[from] item: Leftovers
|turn|27
|c|âburgerfresser|Bei meiner Dummheit muss ich iwie immer angst haben noch iwie zu choken xD
|
|switch|p2a: Heattransexsual|Heatran, F|61\/385
|-damage|p2a: Heattransexsual|13\/385|[from] Stealth Rock
|move|p1a: Flyin Doge|U-turn|p2a: Heattransexsual
|-resisted|p2a: Heattransexsual
|-damage|p2a: Heattransexsual|0 fnt
|faint|p2a: Heattransexsual
|c| kloshitt|was ist dein iq?
|
|switch|p1a: Dual Blade|Gallade-Mega, M|184\/278
|
|c|âburgerfresser|kp .-. aber manchmal hab ich mitten im battle so totale brain Afk momente
|c|âHylianBowman|das kenne ich
|
|switch|p2a: Flyin Pussy|Landorus-Therian, M|281\/319
|-damage|p2a: Flyin Pussy|242\/319|[from] Stealth Rock
|-ability|p2a: Flyin Pussy|Intimidate|[of] p1a: Dual Blade
|-unboost|p1a: Dual Blade|atk|1
|turn|28
|
|switch|p1a: Schleudergang|Rotom-Wash|14\/303
|move|p2a: Flyin Pussy|U-turn|p1a: Schleudergang
|-damage|p1a: Schleudergang|0 fnt
|faint|p1a: Schleudergang
|c| kloshitt|http:\/\/www.fotos-hochladen.net\/
|
|switch|p2a: Hug me|Chesnaught, F|362\/380
|-damage|p2a: Hug me|339\/380|[from] Stealth Rock
|
|-heal|p2a: Hug me|362\/380|[from] item: Leftovers
|c| kloshitt|ups
|c|âHylianBowman|???
|c| kloshitt|falscher link
|c|âburgerfresser|lol
|c|âHylianBowman|lol
|
|switch|p1a: Dual Blade|Gallade-Mega, M|184\/278
|turn|29
|c| kloshitt|http:\/\/stephenhawkingiqtest.com
|c| kloshitt|kannste gleich test machen
|c| kloshitt|kam bei mir 110 raus
|c|âHylianBowman|eh nicht
|c| kloshitt|doch
|c|âburgerfresser|als ob so ne internetscheiÃe was bringen wÃ¼rde
|c| av kakuna|^
|c| kloshitt|doch das bringt was
|c|âHylianBowman|und zwar?
|
|move|p1a: Dual Blade|Zen Headbutt|p2a: Hug me
|-supereffective|p2a: Hug me
|-damage|p2a: Hug me|126\/380
|move|p2a: Hug me|Seed Bomb|p1a: Dual Blade
|-crit|p1a: Dual Blade
|-damage|p1a: Dual Blade|37\/278
|
|-heal|p2a: Hug me|149\/380|[from] item: Leftovers
|turn|30
|c|âburgerfresser|er hat
|c|âburgerfresser|kein sd o.o
|c| kloshitt|du kannst damit den iq messen und damit wie hoch dein logisches denkvermÃ¶gen ist
|
|move|p2a: Hug me|Spiky Shield|p2a: Hug me
|-singleturn|p2a: Hug me|move: Protect
|move|p1a: Dual Blade|Zen Headbutt|p2a: Hug me
|-activate|p2a: Hug me|move: Protect
|-damage|p1a: Dual Blade|3\/278|[from] Spiky Shield|[of] p2a: Hug me
|
|-heal|p2a: Hug me|172\/380|[from] item: Leftovers
|turn|31
|c|âHylianBowman|das ist richtig
|c| kloshitt|das bringt es xD
|leave|Kaepina
|
|move|p2a: Hug me|Spiky Shield|p2a: Hug me
|-singleturn|p2a: Hug me|move: Protect
|move|p1a: Dual Blade|Zen Headbutt|p2a: Hug me
|-activate|p2a: Hug me|move: Protect
|-damage|p1a: Dual Blade|0 fnt|[from] Spiky Shield|[of] p2a: Hug me
|faint|p1a: Dual Blade
|
|-heal|p2a: Hug me|195\/380|[from] item: Leftovers
|c|âHylianBowman|ernsthaft?
|c|âburgerfresser|double protect is real :3
|
|switch|p1a: Mumkhar|Bisharp, F|245\/272
|turn|32
|
|move|p1a: Mumkhar|Swords Dance|p1a: Mumkhar
|-boost|p1a: Mumkhar|atk|2
|move|p2a: Hug me|Leech Seed|p1a: Mumkhar
|-start|p1a: Mumkhar|move: Leech Seed
|
|-heal|p2a: Hug me|218\/380|[from] item: Leftovers
|-damage|p1a: Mumkhar|211\/272|[from] Leech Seed|[of] p2a: Hug me
|-heal|p2a: Hug me|252\/380|[silent]
|turn|33
|c|âHylianBowman|pass auf wie er hammer arm hat
|join|silver99
|c| kloshitt|drain punch ist besser
|c|âburgerfresser|^
|
|switch|p2a: Gardewhore|Gardevoir-Mega, F, shiny|121\/277
|-damage|p2a: Gardewhore|87\/277|[from] Stealth Rock
|move|p1a: Mumkhar|Iron Head|p2a: Gardewhore
|-supereffective|p2a: Gardewhore
|-damage|p2a: Gardewhore|0 fnt
|-damage|p1a: Mumkhar|184\/272|[from] item: Life Orb
|faint|p2a: Gardewhore
|
|c|âHylianBowman|oder halt irgendeine kampfattacke
|c| kloshitt|hat er aber nicht
|c|âburgerfresser|^
|
|switch|p2a: DildoHead|Keldeo-Resolute, shiny|308\/328
|-damage|p2a: DildoHead|288\/328|[from] Stealth Rock
|turn|34
|c|âburgerfresser|spikes is mein letzter move .-.
|c|âHylianBowman|ich habe nur ein klitzekleines problem
|c|âHylianBowman|ich hab verloren
|c| av kakuna|jo
|join|derp team tester
|
|move|p1a: Mumkhar|Sucker Punch|p2a: DildoHead
|-crit|p2a: DildoHead
|-resisted|p2a: DildoHead
|-damage|p2a: DildoHead|0 fnt
|-damage|p1a: Mumkhar|157\/272|[from] item: Life Orb
|faint|p2a: DildoHead
|
|c|âHylianBowman|auÃer ich krieg nen crit
|join|Kaepina
|c|âHylianBowman|lol
|c| av kakuna|lol
|c|âburgerfresser|ich
|c|âHylianBowman|mit ansage
|leave|Taylor $wift
|c|âburgerfresser|hab grad nen scherz drÃ¼ber in gedanken gemacht
|c| kloshitt|ich denke ich sollte wieder an gott glauben stÃ¤dig wenn ich fÃ¼r hax bete bekomme ich es
|
|switch|p2a: Hug me|Chesnaught, F|252\/380
|-damage|p2a: Hug me|229\/380|[from] Stealth Rock
|turn|35
|c| kloshitt|ne jk
|
|move|p1a: Mumkhar|Swords Dance|p1a: Mumkhar
|-boost|p1a: Mumkhar|atk|2
|move|p2a: Hug me|Seed Bomb|p1a: Mumkhar
|-resisted|p1a: Mumkhar
|-damage|p1a: Mumkhar|108\/272
|
|-heal|p2a: Hug me|252\/380|[from] item: Leftovers
|-damage|p1a: Mumkhar|74\/272|[from] Leech Seed|[of] p2a: Hug me
|-heal|p2a: Hug me|286\/380|[silent]
|turn|36
|
|move|p2a: Hug me|Spiky Shield|p2a: Hug me
|-singleturn|p2a: Hug me|move: Protect
|move|p1a: Mumkhar|Swords Dance|p1a: Mumkhar
|-boost|p1a: Mumkhar|atk|2
|
|-heal|p2a: Hug me|309\/380|[from] item: Leftovers
|-damage|p1a: Mumkhar|40\/272|[from] Leech Seed|[of] p2a: Hug me
|-heal|p2a: Hug me|343\/380|[silent]
|turn|37
|c|âburgerfresser|ich win trotzdem ausser er hat toxic landou
|
|switch|p2a: Flyin Pussy|Landorus-Therian, M|242\/319
|-damage|p2a: Flyin Pussy|203\/319|[from] Stealth Rock
|-ability|p2a: Flyin Pussy|Intimidate|[of] p1a: Mumkhar
|-unboost|p1a: Mumkhar|atk|1
|-boost|p1a: Mumkhar|atk|2|[from] ability: Defiant
|move|p1a: Mumkhar|Iron Head|p2a: Flyin Pussy
|-damage|p2a: Flyin Pussy|0 fnt
|-damage|p1a: Mumkhar|13\/272|[from] item: Life Orb
|faint|p2a: Flyin Pussy
|
|c| kloshitt|truestorybreh
|
|switch|p2a: Hug me|Chesnaught, F|343\/380
|-damage|p2a: Hug me|320\/380|[from] Stealth Rock
|turn|38
|c|âburgerfresser|oder hp ice xD
|c| kloshitt|naja ne
|c| kloshitt|nur toxic
|c| klaklak|hp flying
|c|âburgerfresser|ok
|
|switch|p1a: Flyin Doge|Landorus-Therian, M|314\/382
|-ability|p1a: Flyin Doge|Intimidate|[of] p2a: Hug me
|-unboost|p2a: Hug me|atk|1
|move|p2a: Hug me|Spiky Shield|p2a: Hug me
|-fail|p2a: Hug me
|
|-heal|p1a: Flyin Doge|337\/382|[from] item: Leftovers
|-heal|p2a: Hug me|343\/380|[from] item: Leftovers
|turn|39
|c| kloshitt|ja das auch
|leave|klaklak
|c|âHylianBowman|ich hab eq, stone edge, uturn und rocks
|
|move|p1a: Flyin Doge|Earthquake|p2a: Hug me
|-resisted|p2a: Hug me
|-damage|p2a: Hug me|278\/380
|move|p2a: Hug me|Leech Seed|p1a: Flyin Doge
|-start|p1a: Flyin Doge|move: Leech Seed
|
|-heal|p1a: Flyin Doge|360\/382|[from] item: Leftovers
|-heal|p2a: Hug me|301\/380|[from] item: Leftovers
|-damage|p1a: Flyin Doge|313\/382|[from] Leech Seed|[of] p2a: Hug me
|-heal|p2a: Hug me|348\/380|[silent]
|turn|40
|c|âburgerfresser|hp flying wÃ¤re eher so das pokefans set
|c| av kakuna|dann is vorbei
|c|âHylianBowman|jup
|
|move|p1a: Flyin Doge|Earthquake|p2a: Hug me
|-resisted|p2a: Hug me
|-damage|p2a: Hug me|283\/380
|move|p2a: Hug me|Seed Bomb|p1a: Flyin Doge
|-crit|p1a: Flyin Doge
|-damage|p1a: Flyin Doge|163\/382
|
|-heal|p1a: Flyin Doge|186\/382|[from] item: Leftovers
|-heal|p2a: Hug me|306\/380|[from] item: Leftovers
|-damage|p1a: Flyin Doge|139\/382|[from] Leech Seed|[of] p2a: Hug me
|-heal|p2a: Hug me|353\/380|[silent]
|turn|41
|c|âHylianBowman|willst du mich ausstallen?
|c|âHylianBowman|oder soll ich gleich forfeiten?
|c|âburgerfresser|is mir ziemlich wayne
|c|âHylianBowman|dann stall mich aus
|
|move|p1a: Flyin Doge|Earthquake|p2a: Hug me
|-resisted|p2a: Hug me
|-damage|p2a: Hug me|288\/380
|move|p2a: Hug me|Seed Bomb|p1a: Flyin Doge
|-damage|p1a: Flyin Doge|69\/382
|
|-heal|p1a: Flyin Doge|92\/382|[from] item: Leftovers
|-heal|p2a: Hug me|311\/380|[from] item: Leftovers
|-damage|p1a: Flyin Doge|45\/382|[from] Leech Seed|[of] p2a: Hug me
|-heal|p2a: Hug me|358\/380|[silent]
|turn|42
|
|move|p1a: Flyin Doge|Earthquake|p2a: Hug me
|-resisted|p2a: Hug me
|-damage|p2a: Hug me|292\/380
|move|p2a: Hug me|Seed Bomb|p1a: Flyin Doge
|-damage|p1a: Flyin Doge|0 fnt
|faint|p1a: Flyin Doge
|
|-heal|p2a: Hug me|315\/380|[from] item: Leftovers
|
|switch|p1a: Mumkhar|Bisharp, F|13\/272
|turn|43
|
|move|p1a: Mumkhar|Swords Dance|p1a: Mumkhar
|-boost|p1a: Mumkhar|atk|2
|move|p2a: Hug me|Seed Bomb|p1a: Mumkhar
|-resisted|p1a: Mumkhar
|-damage|p1a: Mumkhar|0 fnt
|faint|p1a: Mumkhar
|
|win|burgerfresser
|c|âHylianBowman|gg
|c|âburgerfresser|gg
|c| Kaepina|gg
|c|âburgerfresser|knapper als gedacht xD
|leave|Kaepina