|join|Fairy Peak
|join|burgerfresser
|player|p1|Fairy Peak|137
|player|p2|burgerfresser|260
|gametype|singles
|gen|6
|tier|OU
|rated
|clearpoke
|poke|p1|Starmie
|poke|p1|Jirachi
|poke|p1|Suicune
|poke|p1|Clefable, M
|poke|p1|Talonflame, M
|poke|p1|Landorus-Therian, M
|poke|p2|Gardevoir, F, shiny
|poke|p2|Landorus-Therian, M
|poke|p2|Celebi
|poke|p2|Keldeo-Resolute
|poke|p2|Mandibuzz, F
|poke|p2|Entei, shiny
|rule|Swagger Clause: Swagger is banned
|rule|Baton Pass Clause: Limit one PokÃ©mon knowing Baton Pass
|rule|Sleep Clause Mod: Limit one foe put to sleep
|rule|Species Clause: Limit one of each PokÃ©mon
|rule|OHKO Clause: OHKO moves are banned
|rule|Moody Clause: Moody is banned
|rule|Evasion Moves Clause: Evasion moves are banned
|rule|Endless Battle Clause: Forcing endless battles is banned
|rule|HP Percentage Mod: HP is shown in percentages
|teampreview
|c|âFairy Peak|Gl, hf.
|c|âburgerfresser|u to
|join|Bâ¥aâ¥uâ¥eâ¥râ¥
Fairy Peak made this room hidden.
|
|start
|switch|p1a: Landorus-Therian|Landorus-Therian, M|319\/319
|switch|p2a: Landorus-Therian|Landorus-Therian, M|319\/319
|-ability|p1a: Landorus-Therian|Intimidate|[of] p2a: Landorus-Therian
|-unboost|p2a: Landorus-Therian|atk|1
|-ability|p2a: Landorus-Therian|Intimidate|[of] p1a: Landorus-Therian
|-unboost|p1a: Landorus-Therian|atk|1
|turn|1
|c| Bâ¥aâ¥uâ¥eâ¥râ¥|woher kenne ich seinen namen
|
|move|p1a: Landorus-Therian|U-turn|p2a: Landorus-Therian
|-resisted|p2a: Landorus-Therian
|-damage|p2a: Landorus-Therian|289\/319
|c|âburgerfresser|der letzte typ war n richtiger spast
|
|switch|p1a: Suicune|Suicune|404\/404
|-ability|p1a: Suicune|Pressure
|move|p2a: Landorus-Therian|U-turn|p1a: Suicune
|-crit|p1a: Suicune
|-damage|p1a: Suicune|314\/404
|
|switch|p2a: Gardewhore|Gardevoir, F, shiny|283\/283
|-ability|p2a: Gardewhore|Pressure|[from] ability: Trace|[of] p1a: Suicune
|-ability|p2a: Gardewhore|Pressure
|
|-heal|p1a: Suicune|339\/404|[from] item: Leftovers
|turn|2
|
|switch|p1a: Jirachi|Jirachi|404\/404
|detailschange|p2a: Gardewhore|Gardevoir-Mega, F, shiny
|-mega|p2a: Gardewhore|Gardevoir|Gardevoirite
|move|p2a: Gardewhore|Hyper Voice|p1a: Jirachi
|-resisted|p1a: Jirachi
|-damage|p1a: Jirachi|318\/404
|
|-heal|p1a: Jirachi|343\/404|[from] item: Leftovers
|turn|3
|
|switch|p2a: Mandibuzz|Mandibuzz, F|423\/423
|move|p1a: Jirachi|Stealth Rock|p2a: Mandibuzz
|-sidestart|p2: burgerfresser|move: Stealth Rock
|
|-heal|p1a: Jirachi|368\/404|[from] item: Leftovers
|turn|4
|
|switch|p1a: Suicune|Suicune|339\/404
|-ability|p1a: Suicune|Pressure
|move|p2a: Mandibuzz|Defog|p1a: Suicune
|-unboost|p1a: Suicune|evasion|1
|-sideend|p2: burgerfresser|Stealth Rock|[from] move: Defog|[of] p2a: Mandibuzz
|
|-heal|p1a: Suicune|364\/404|[from] item: Leftovers
|turn|5
|
|switch|p2a: Gardewhore|Gardevoir-Mega, F, shiny|283\/283
|move|p1a: Suicune|Calm Mind|p1a: Suicune
|-boost|p1a: Suicune|spa|1
|-boost|p1a: Suicune|spd|1
|
|-heal|p1a: Suicune|389\/404|[from] item: Leftovers
|turn|6
|
|move|p2a: Gardewhore|Taunt|p1a: Suicune
|-start|p1a: Suicune|move: Taunt
|cant|p1a: Suicune|move: Taunt|Calm Mind
|
|-heal|p1a: Suicune|404\/404|[from] item: Leftovers
|turn|7
|
|switch|p2a: Celebisexsual|Celebi|403\/403
|move|p1a: Suicune|Scald|p2a: Celebisexsual
|-resisted|p2a: Celebisexsual
|-damage|p2a: Celebisexsual|361\/403
|
|-heal|p2a: Celebisexsual|386\/403|[from] item: Leftovers
|turn|8
|
|move|p2a: Celebisexsual|Stealth Rock|p1a: Suicune
|-sidestart|p1: Fairy Peak|move: Stealth Rock
|move|p1a: Suicune|Scald|p2a: Celebisexsual
|-resisted|p2a: Celebisexsual
|-damage|p2a: Celebisexsual|339\/403
|
|-heal|p2a: Celebisexsual|364\/403|[from] item: Leftovers
|-end|p1a: Suicune|move: Taunt
|turn|9
|
|move|p2a: Celebisexsual|U-turn|p1a: Suicune
|-damage|p1a: Suicune|370\/404
|c| Bâ¥aâ¥uâ¥eâ¥râ¥|das team sieht fast wie gen5 aus
|c| Bâ¥aâ¥uâ¥eâ¥râ¥|:v
|
|switch|p2a: Mandibuzz|Mandibuzz, F|423\/423
|move|p1a: Suicune|Calm Mind|p1a: Suicune
|-boost|p1a: Suicune|spa|1
|-boost|p1a: Suicune|spd|1
|
|-heal|p1a: Suicune|395\/404|[from] item: Leftovers
|turn|10
|
|move|p1a: Suicune|Scald|p2a: Mandibuzz
|-damage|p2a: Mandibuzz|252\/423
|move|p2a: Mandibuzz|Whirlwind|p1a: Suicune
|drag|p1a: A cupcake|Clefable, M|394\/394
|-damage|p1a: A cupcake|345\/394|[from] Stealth Rock
|
|-heal|p2a: Mandibuzz|278\/423|[from] item: Leftovers
|-heal|p1a: A cupcake|369\/394|[from] item: Leftovers
|turn|11
|
|switch|p2a: Hentei|Entei, shiny|371\/371
|-ability|p2a: Hentei|Pressure
|switch|p1a: Starmie|Starmie|323\/323
|-damage|p1a: Starmie|283\/323|[from] Stealth Rock
|
|-heal|p1a: Starmie|303\/323|[from] item: Leftovers
|turn|12
|
|switch|p2a: Celebisexsual|Celebi|364\/403
|move|p1a: Starmie|Rapid Spin|p2a: Celebisexsual
|-damage|p2a: Celebisexsual|353\/403
|-sideend|p1: Fairy Peak|Stealth Rock|[from] move: Rapid Spin|[of] p1a: Starmie
|
|-heal|p1a: Starmie|323\/323|[from] item: Leftovers
|-heal|p2a: Celebisexsual|378\/403|[from] item: Leftovers
|turn|13
|
|switch|p1a: Jirachi|Jirachi|368\/404
|move|p2a: Celebisexsual|Stealth Rock|p1a: Jirachi
|-sidestart|p1: Fairy Peak|move: Stealth Rock
|
|-heal|p2a: Celebisexsual|403\/403|[from] item: Leftovers
|-heal|p1a: Jirachi|393\/404|[from] item: Leftovers
|turn|14
|
|move|p2a: Celebisexsual|U-turn|p1a: Jirachi
|-damage|p1a: Jirachi|347\/404
|
|switch|p2a: Hentei|Entei, shiny|371\/371
|-ability|p2a: Hentei|Pressure
|move|p1a: Jirachi|Stealth Rock|p2a: Hentei
|-sidestart|p2: burgerfresser|move: Stealth Rock
|
|-heal|p1a: Jirachi|372\/404|[from] item: Leftovers
|turn|15
|
|switch|p1a: Suicune|Suicune|395\/404
|-damage|p1a: Suicune|345\/404|[from] Stealth Rock
|-ability|p1a: Suicune|Pressure
|move|p2a: Hentei|Sacred Fire|p1a: Suicune
|-resisted|p1a: Suicune
|-damage|p1a: Suicune|261\/404
|-status|p1a: Suicune|brn
|
|-heal|p1a: Suicune|286\/404 brn|[from] item: Leftovers
|-damage|p1a: Suicune|236\/404 brn|[from] brn
|turn|16
|
|switch|p2a: Gardewhore|Gardevoir-Mega, F, shiny|283\/283
|-damage|p2a: Gardewhore|248\/283|[from] Stealth Rock
|move|p1a: Suicune|Scald|p2a: Gardewhore
|-damage|p2a: Gardewhore|175\/283
|-status|p2a: Gardewhore|brn
|
|-heal|p1a: Suicune|261\/404 brn|[from] item: Leftovers
|-damage|p2a: Gardewhore|140\/283 brn|[from] brn
|-damage|p1a: Suicune|211\/404 brn|[from] brn
|turn|17
|
|switch|p2a: Landorus-Therian|Landorus-Therian, M|289\/319
|-damage|p2a: Landorus-Therian|250\/319|[from] Stealth Rock
|-ability|p2a: Landorus-Therian|Intimidate|[of] p1a: Suicune
|-unboost|p1a: Suicune|atk|1
|switch|p1a: Jirachi|Jirachi|372\/404
|-damage|p1a: Jirachi|347\/404|[from] Stealth Rock
|
|-heal|p1a: Jirachi|372\/404|[from] item: Leftovers
|turn|18
|
|switch|p1a: Landorus-Therian|Landorus-Therian, M|319\/319
|-damage|p1a: Landorus-Therian|280\/319|[from] Stealth Rock
|-ability|p1a: Landorus-Therian|Intimidate|[of] p2a: Landorus-Therian
|-unboost|p2a: Landorus-Therian|atk|1
|move|p2a: Landorus-Therian|Knock Off|p1a: Landorus-Therian
|-damage|p1a: Landorus-Therian|193\/319
|-enditem|p1a: Landorus-Therian|Choice Scarf|[from] move: Knock Off|[of] p2a: Landorus-Therian
|
|turn|19
|
|switch|p2a: Dildohead|Keldeo-Resolute|323\/323
|-damage|p2a: Dildohead|303\/323|[from] Stealth Rock
|move|p1a: Landorus-Therian|U-turn|p2a: Dildohead
|-crit|p2a: Dildohead
|-resisted|p2a: Dildohead
|-damage|p2a: Dildohead|229\/323
|
|switch|p1a: Starmie|Starmie|323\/323
|-damage|p1a: Starmie|283\/323|[from] Stealth Rock
|
|-heal|p1a: Starmie|303\/323|[from] item: Leftovers
|turn|20
|
|switch|p2a: Celebisexsual|Celebi|403\/403
|-damage|p2a: Celebisexsual|353\/403|[from] Stealth Rock
|move|p1a: Starmie|Rapid Spin|p2a: Celebisexsual
|-damage|p2a: Celebisexsual|342\/403
|-sideend|p1: Fairy Peak|Stealth Rock|[from] move: Rapid Spin|[of] p1a: Starmie
|
|-heal|p1a: Starmie|323\/323|[from] item: Leftovers
|-heal|p2a: Celebisexsual|367\/403|[from] item: Leftovers
|turn|21
|
|switch|p1a: Talonflame|Talonflame, M|360\/360
|move|p2a: Celebisexsual|Stealth Rock|p1a: Talonflame
|-sidestart|p1: Fairy Peak|move: Stealth Rock
|
|-heal|p2a: Celebisexsual|392\/403|[from] item: Leftovers
|turn|22
|
|switch|p2a: Mandibuzz|Mandibuzz, F|278\/423
|-damage|p2a: Mandibuzz|173\/423|[from] Stealth Rock
|move|p1a: Talonflame|Brave Bird|p2a: Mandibuzz
|-damage|p2a: Mandibuzz|80\/423
|-damage|p1a: Talonflame|329\/360|[from] recoil|[of] p2a: Mandibuzz
|
|-heal|p1a: Talonflame|351\/360|[from] item: Leftovers
|-heal|p2a: Mandibuzz|106\/423|[from] item: Leftovers
|turn|23
|
|move|p1a: Talonflame|Taunt|p2a: Mandibuzz
|-start|p2a: Mandibuzz|move: Taunt
|cant|p2a: Mandibuzz|move: Taunt|Roost
|
|-heal|p1a: Talonflame|360\/360|[from] item: Leftovers
|-heal|p2a: Mandibuzz|132\/423|[from] item: Leftovers
|turn|24
|
|switch|p2a: Landorus-Therian|Landorus-Therian, M|250\/319
|-damage|p2a: Landorus-Therian|211\/319|[from] Stealth Rock
|-ability|p2a: Landorus-Therian|Intimidate|[of] p1a: Talonflame
|-unboost|p1a: Talonflame|atk|1
|move|p1a: Talonflame|Will-O-Wisp|p2a: Landorus-Therian
|-status|p2a: Landorus-Therian|brn
|
|-damage|p2a: Landorus-Therian|172\/319 brn|[from] brn
|turn|25
|c|âburgerfresser|taunt wisp
|c|âburgerfresser|expected bulk up :\/
|c|âFairy Peak|Stall breaker
|
|switch|p1a: Landorus-Therian|Landorus-Therian, M|193\/319
|-damage|p1a: Landorus-Therian|154\/319|[from] Stealth Rock
|-ability|p1a: Landorus-Therian|Intimidate|[of] p2a: Landorus-Therian
|-unboost|p2a: Landorus-Therian|atk|1
|move|p2a: Landorus-Therian|Stone Edge|p1a: Landorus-Therian
|-damage|p1a: Landorus-Therian|110\/319
|
|-damage|p2a: Landorus-Therian|133\/319 brn|[from] brn
|turn|26
|c|âburgerfresser|ya know but atm somehow nearly evrebody is running bulk up
|c|âFairy Peak|y, but i'm not everybody. :)
|
|switch|p2a: Gardewhore|Gardevoir-Mega, F, shiny|140\/283 brn
|-damage|p2a: Gardewhore|105\/283 brn|[from] Stealth Rock
|move|p1a: Landorus-Therian|U-turn|p2a: Gardewhore
|-damage|p2a: Gardewhore|0 fnt
|faint|p2a: Gardewhore
|c|âburgerfresser|^^
|
|switch|p1a: Starmie|Starmie|323\/323
|-damage|p1a: Starmie|283\/323|[from] Stealth Rock
|
|-heal|p1a: Starmie|303\/323|[from] item: Leftovers
|
|switch|p2a: Celebisexsual|Celebi|392\/403
|-damage|p2a: Celebisexsual|342\/403|[from] Stealth Rock
|turn|27
|
|move|p1a: Starmie|Rapid Spin|p2a: Celebisexsual
|-damage|p2a: Celebisexsual|329\/403
|-sideend|p1: Fairy Peak|Stealth Rock|[from] move: Rapid Spin|[of] p1a: Starmie
|move|p2a: Celebisexsual|Giga Drain|p1a: Starmie
|-supereffective|p1a: Starmie
|-damage|p1a: Starmie|111\/323
|-heal|p2a: Celebisexsual|403\/403|[from] drain|[of] p1a: Starmie
|
|-heal|p1a: Starmie|131\/323|[from] item: Leftovers
|turn|28
|
|switch|p1a: Talonflame|Talonflame, M|360\/360
|move|p2a: Celebisexsual|Stealth Rock|p1a: Talonflame
|-sidestart|p1: Fairy Peak|move: Stealth Rock
|
|turn|29
|
|move|p1a: Talonflame|Brave Bird|p2a: Celebisexsual
|-supereffective|p2a: Celebisexsual
|-damage|p2a: Celebisexsual|173\/403
|-damage|p1a: Talonflame|284\/360|[from] recoil|[of] p2a: Celebisexsual
|move|p2a: Celebisexsual|U-turn|p1a: Talonflame
|-resisted|p1a: Talonflame
|-damage|p1a: Talonflame|266\/360
|
|switch|p2a: Hentei|Entei, shiny|371\/371
|-damage|p2a: Hentei|279\/371|[from] Stealth Rock
|-ability|p2a: Hentei|Pressure
|
|-heal|p1a: Talonflame|288\/360|[from] item: Leftovers
|turn|30
|
|switch|p1a: Jirachi|Jirachi|372\/404
|-damage|p1a: Jirachi|347\/404|[from] Stealth Rock
|move|p2a: Hentei|Flare Blitz|p1a: Jirachi
|-supereffective|p1a: Jirachi
|-damage|p1a: Jirachi|0 fnt
|-damage|p2a: Hentei|164\/371|[from] recoil|[of] p1a: Jirachi
|faint|p1a: Jirachi
|
|c|âburgerfresser|plays
|c|âFairy Peak|np
|
|switch|p1a: Starmie|Starmie|131\/323
|-damage|p1a: Starmie|91\/323|[from] Stealth Rock
|turn|31
|c|âburgerfresser|^^
|c|âFairy Peak|Talon flame sweep is real
|
|switch|p2a: Celebisexsual|Celebi|173\/403
|-damage|p2a: Celebisexsual|123\/403|[from] Stealth Rock
|move|p1a: Starmie|Rapid Spin|p2a: Celebisexsual
|-damage|p2a: Celebisexsual|112\/403
|-sideend|p1: Fairy Peak|Stealth Rock|[from] move: Rapid Spin|[of] p1a: Starmie
|
|-heal|p1a: Starmie|111\/323|[from] item: Leftovers
|-heal|p2a: Celebisexsual|137\/403|[from] item: Leftovers
|turn|32
|c|âburgerfresser|ik
|
|switch|p1a: Talonflame|Talonflame, M|288\/360
|move|p2a: Celebisexsual|U-turn|p1a: Talonflame
|-resisted|p1a: Talonflame
|-damage|p1a: Talonflame|272\/360
|
|switch|p2a: Hentei|Entei, shiny|164\/371
|-damage|p2a: Hentei|72\/371|[from] Stealth Rock
|-ability|p2a: Hentei|Pressure
|
|-heal|p1a: Talonflame|294\/360|[from] item: Leftovers
|turn|33
|
|switch|p1a: Landorus-Therian|Landorus-Therian, M|110\/319
|-ability|p1a: Landorus-Therian|Intimidate|[of] p2a: Hentei
|-unboost|p2a: Hentei|atk|1
|move|p2a: Hentei|Extreme Speed|p1a: Landorus-Therian
|-damage|p1a: Landorus-Therian|14\/319
|
|turn|34
|
|move|p2a: Hentei|Extreme Speed|p1a: Landorus-Therian
|-damage|p1a: Landorus-Therian|0 fnt
|faint|p1a: Landorus-Therian
|
|
|switch|p1a: Talonflame|Talonflame, M|294\/360
|turn|35
|
|switch|p2a: Landorus-Therian|Landorus-Therian, M|133\/319 brn
|-damage|p2a: Landorus-Therian|94\/319 brn|[from] Stealth Rock
|-ability|p2a: Landorus-Therian|Intimidate|[of] p1a: Talonflame
|-unboost|p1a: Talonflame|atk|1
|move|p1a: Talonflame|Brave Bird|p2a: Landorus-Therian
|-damage|p2a: Landorus-Therian|12\/319 brn
|-damage|p1a: Talonflame|267\/360|[from] recoil|[of] p2a: Landorus-Therian
|
|-heal|p1a: Talonflame|289\/360|[from] item: Leftovers
|-damage|p2a: Landorus-Therian|0 fnt|[from] brn
|faint|p2a: Landorus-Therian
|
|switch|p2a: Mandibuzz|Mandibuzz, F|132\/423
|-damage|p2a: Mandibuzz|27\/423|[from] Stealth Rock
|turn|36
|
|move|p1a: Talonflame|Brave Bird|p2a: Mandibuzz
|-damage|p2a: Mandibuzz|0 fnt
|-damage|p1a: Talonflame|280\/360|[from] recoil|[of] p2a: Mandibuzz
|faint|p2a: Mandibuzz
|
|-heal|p1a: Talonflame|302\/360|[from] item: Leftovers
|c|âburgerfresser|gg
|c|âFairy Peak|gg
|-message|burgerfresser forfeited.
|
|switch|p2a: Hentei|Entei, shiny|72\/371
|-damage|p2a: Hentei|0 fnt|[from] Stealth Rock
|faint|p2a: Hentei
|
|win|Fairy Peak
|raw|Ladder updating...
|raw|Fairy Peak's rating: 1633 &rarr; <strong>1656<\/strong><br \/>(+23 for winning)
|raw|burgerfresser's rating: 1682 &rarr; <strong>1659<\/strong><br \/>(-23 for losing)
|leave|Fairy Peak
|leave|burgerfresser
|player|p1
|player|p2