|join|burgerfresser
|join|Dieg0casal
|player|p1|burgerfresser|260
|player|p2|Dieg0casal|153
|gametype|singles
|gen|6
|tier|OU
|rated
|clearpoke
|poke|p1|Gardevoir, F
|poke|p1|Garchomp, M
|poke|p1|Heatran, F
|poke|p1|Celebi
|poke|p1|Keldeo-Resolute
|poke|p1|Zapdos
|poke|p2|Charizard, M, shiny
|poke|p2|Gliscor, F, shiny
|poke|p2|Empoleon, M, shiny
|poke|p2|Thundurus, M, shiny
|poke|p2|Keldeo
|poke|p2|Celebi
|rule|Swagger Clause: Swagger is banned
|rule|Baton Pass Clause: Limit one PokÃ©mon knowing Baton Pass
|rule|Sleep Clause Mod: Limit one foe put to sleep
|rule|Species Clause: Limit one of each PokÃ©mon
|rule|OHKO Clause: OHKO moves are banned
|rule|Moody Clause: Moody is banned
|rule|Evasion Moves Clause: Evasion moves are banned
|rule|Endless Battle Clause: Forcing endless battles is banned
|rule|HP Percentage Mod: HP is shown in percentages
|teampreview
|
|start
|switch|p1a: Gardewhore|Gardevoir, F|279\/279
|switch|p2a: Empoleon|Empoleon, M, shiny|372\/372
|-ability|p1a: Gardewhore|Torrent|[from] ability: Trace|[of] p2a: Empoleon
|turn|1
|
|detailschange|p1a: Gardewhore|Gardevoir-Mega, F
|-mega|p1a: Gardewhore|Gardevoir|Gardevoirite
|move|p1a: Gardewhore|Taunt|p2a: Empoleon
|-start|p2a: Empoleon|move: Taunt
|cant|p2a: Empoleon|move: Taunt|Stealth Rock
|
|turn|2
|
|switch|p1a: Celebisexsual|Celebi|404\/404
|move|p2a: Empoleon|Scald|p1a: Celebisexsual
|-resisted|p1a: Celebisexsual
|-damage|p1a: Celebisexsual|364\/404
|
|-heal|p1a: Celebisexsual|389\/404|[from] item: Leftovers
|turn|3
|
|switch|p2a: Gliscor|Gliscor, F, shiny|326\/326
|move|p1a: Celebisexsual|Baton Pass|p1a: Celebisexsual
|
|switch|p1a: Dildohead|Keldeo-Resolute|329\/329
|
|-status|p2a: Gliscor|tox|[from] item: Toxic Orb
|turn|4
|
|switch|p1a: Gardewhore|Gardevoir-Mega, F|279\/279
|switch|p2a: Celebi|Celebi|404\/404
|
|turn|5
|
|move|p1a: Gardewhore|Hyper Voice|p2a: Celebi
|-damage|p2a: Celebi|182\/404
|move|p2a: Celebi|Thunder Wave|p1a: Gardewhore
|-status|p1a: Gardewhore|par
|
|-heal|p2a: Celebi|207\/404|[from] item: Leftovers
|turn|6
|
|switch|p2a: Empoleon|Empoleon, M, shiny|372\/372
|move|p1a: Gardewhore|Hyper Voice|p2a: Empoleon
|-resisted|p2a: Empoleon
|-damage|p2a: Empoleon|287\/372
|
|-heal|p2a: Empoleon|310\/372|[from] item: Leftovers
|turn|7
|
|switch|p1a: Fap-dos|Zapdos|383\/383
|-ability|p1a: Fap-dos|Pressure
|move|p2a: Empoleon|Stealth Rock|p1a: Fap-dos
|-sidestart|p1: burgerfresser|move: Stealth Rock
|
|-heal|p2a: Empoleon|333\/372|[from] item: Leftovers
|turn|8
|
|switch|p2a: Gliscor|Gliscor, F, shiny|326\/326 tox
|move|p1a: Fap-dos|Defog|p2a: Gliscor
|-unboost|p2a: Gliscor|evasion|1
|-sideend|p1: burgerfresser|Stealth Rock|[from] move: Defog|[of] p1a: Fap-dos
|
|turn|9
|
|switch|p1a: Celebisexsual|Celebi|389\/404
|move|p2a: Gliscor|Taunt|p1a: Celebisexsual
|-start|p1a: Celebisexsual|move: Taunt
|
|-heal|p1a: Celebisexsual|404\/404|[from] item: Leftovers
|turn|10
|
|move|p2a: Gliscor|Knock Off|p1a: Celebisexsual
|-supereffective|p1a: Celebisexsual
|-damage|p1a: Celebisexsual|274\/404
|-enditem|p1a: Celebisexsual|Leftovers|[from] move: Knock Off|[of] p2a: Gliscor
|move|p1a: Celebisexsual|Giga Drain|p2a: Gliscor
|-damage|p2a: Gliscor|221\/326 tox
|-heal|p1a: Celebisexsual|327\/404|[from] drain|[of] p2a: Gliscor
|
|-heal|p2a: Gliscor|261\/326 tox|[from] ability: Poison Heal
|turn|11
|
|switch|p2a: Empoleon|Empoleon, M, shiny|333\/372
|switch|p1a: Garchomp|Garchomp, M|361\/361
|
|-heal|p2a: Empoleon|356\/372|[from] item: Leftovers
|turn|12
|
|switch|p2a: Gliscor|Gliscor, F, shiny|261\/326 tox
|move|p1a: Garchomp|Outrage|p2a: Gliscor
|-damage|p2a: Gliscor|128\/326 tox
|
|-heal|p2a: Gliscor|168\/326 tox|[from] ability: Poison Heal
|turn|13
|
|move|p2a: Gliscor|Protect|p2a: Gliscor
|-singleturn|p2a: Gliscor|Protect
|move|p1a: Garchomp|Outrage|p2a: Gliscor
|-activate|p2a: Gliscor|Protect
|
|-heal|p2a: Gliscor|208\/326 tox|[from] ability: Poison Heal
|turn|14
|
|switch|p1a: Gardewhore|Gardevoir-Mega, F|279\/279 par
|move|p2a: Gliscor|Knock Off|p1a: Gardewhore
|-damage|p1a: Gardewhore|212\/279 par
|
|-heal|p2a: Gliscor|248\/326 tox|[from] ability: Poison Heal
|turn|15
|
|move|p2a: Gliscor|Protect|p2a: Gliscor
|-singleturn|p2a: Gliscor|Protect
|move|p1a: Gardewhore|Hyper Voice|p2a: Gliscor
|-activate|p2a: Gliscor|Protect
|
|-heal|p2a: Gliscor|288\/326 tox|[from] ability: Poison Heal
|turn|16
|
|move|p2a: Gliscor|Knock Off|p1a: Gardewhore
|-damage|p1a: Gardewhore|143\/279 par
|move|p1a: Gardewhore|Focus Blast|p2a: Gliscor
|-resisted|p2a: Gliscor
|-damage|p2a: Gliscor|182\/326 tox
|
|-heal|p2a: Gliscor|222\/326 tox|[from] ability: Poison Heal
|turn|17
|
|switch|p2a: Empoleon|Empoleon, M, shiny|356\/372
|move|p1a: Gardewhore|Focus Blast|p2a: Empoleon|[miss]
|-miss|p1a: Gardewhore|p2a: Empoleon
|
|-heal|p2a: Empoleon|372\/372|[from] item: Leftovers
|turn|18
|c|âburgerfresser|yeah ofc
|
|switch|p1a: Fap-dos|Zapdos|383\/383
|-ability|p1a: Fap-dos|Pressure
|move|p2a: Empoleon|Stealth Rock|p1a: Fap-dos
|-sidestart|p1: burgerfresser|move: Stealth Rock
|
|turn|19
|c|âDieg0casal|it aint 1hko
|c|âDieg0casal|but it still sucks :\/
|
|move|p1a: Fap-dos|Thunderbolt|p2a: Empoleon
|-supereffective|p2a: Empoleon
|-damage|p2a: Empoleon|184\/372
|move|p2a: Empoleon|Scald|p1a: Fap-dos
|-damage|p1a: Fap-dos|280\/383
|
|-heal|p1a: Fap-dos|303\/383|[from] item: Leftovers
|-heal|p2a: Empoleon|207\/372|[from] item: Leftovers
|turn|20
|
|switch|p2a: Gliscor|Gliscor, F, shiny|222\/326 tox
|move|p1a: Fap-dos|Defog|p2a: Gliscor
|-unboost|p2a: Gliscor|evasion|1
|-sideend|p1: burgerfresser|Stealth Rock|[from] move: Defog|[of] p1a: Fap-dos
|
|-heal|p1a: Fap-dos|326\/383|[from] item: Leftovers
|-heal|p2a: Gliscor|262\/326 tox|[from] ability: Poison Heal
|turn|21
|
|switch|p1a: Celebisexsual|Celebi|327\/404
|move|p2a: Gliscor|Earthquake|p1a: Celebisexsual
|-resisted|p1a: Celebisexsual
|-damage|p1a: Celebisexsual|282\/404
|
|-heal|p2a: Gliscor|302\/326 tox|[from] ability: Poison Heal
|turn|22
|
|switch|p2a: Charizard|Charizard, M, shiny|297\/297
|move|p1a: Celebisexsual|Nasty Plot|p1a: Celebisexsual
|-boost|p1a: Celebisexsual|spa|2
|
|turn|23
|
|switch|p1a: Garchomp|Garchomp, M|361\/361
|detailschange|p2a: Charizard|Charizard-Mega-X, M, shiny
|-mega|p2a: Charizard|Charizard|Charizardite X
|move|p2a: Charizard|Dragon Claw|p1a: Garchomp
|-crit|p1a: Garchomp
|-supereffective|p1a: Garchomp
|-damage|p1a: Garchomp|0 fnt
|-damage|p2a: Charizard|260\/297|[from] ability: Rough Skin|[of] p1a: Garchomp
|faint|p1a: Garchomp
|
|c|âburgerfresser|stwap it
|
|switch|p1a: Dildohead|Keldeo-Resolute|329\/329
|turn|24
|c|âDieg0casal|hehe
|c|âDieg0casal|dat nickname tho
|
|switch|p2a: Keldeo|Keldeo|323\/323
|move|p1a: Dildohead|Hydro Pump|p2a: Keldeo
|-resisted|p2a: Keldeo
|-damage|p2a: Keldeo|209\/323
|
|turn|25
|
|switch|p1a: Celebisexsual|Celebi|282\/404
|switch|p2a: Gliscor|Gliscor, F, shiny|302\/326 tox
|
|-heal|p2a: Gliscor|326\/326 tox|[from] ability: Poison Heal
|turn|26
|
|move|p2a: Gliscor|Knock Off|p1a: Celebisexsual
|-supereffective|p1a: Celebisexsual
|-damage|p1a: Celebisexsual|196\/404
|move|p1a: Celebisexsual|Nasty Plot|p1a: Celebisexsual
|-boost|p1a: Celebisexsual|spa|2
|
|turn|27
|
|switch|p2a: Celebi|Celebi|207\/404
|move|p1a: Celebisexsual|Giga Drain|p2a: Celebi
|-resisted|p2a: Celebi
|-damage|p2a: Celebi|123\/404
|-heal|p1a: Celebisexsual|238\/404|[from] drain|[of] p2a: Celebi
|
|-heal|p2a: Celebi|148\/404|[from] item: Leftovers
|turn|28
|
|move|p2a: Celebi|Thunder Wave|p1a: Celebisexsual
|-status|p1a: Celebisexsual|par
|move|p1a: Celebisexsual|Baton Pass|p1a: Celebisexsual
|
|switch|p1a: Dildohead|Keldeo-Resolute|329\/329
|
|-heal|p2a: Celebi|173\/404|[from] item: Leftovers
|turn|29
|
|move|p1a: Dildohead|Hydro Pump|p2a: Celebi
|-resisted|p2a: Celebi
|-damage|p2a: Celebi|0 fnt
|faint|p2a: Celebi
|
|
|switch|p2a: Thundurus|Thundurus, M, shiny|299\/299
|turn|30
|
|switch|p1a: Heattransexsual|Heatran, F|385\/385
|move|p2a: Thundurus|Thunder Wave|p1a: Heattransexsual
|-status|p1a: Heattransexsual|par
|
|turn|31
|
|switch|p2a: Keldeo|Keldeo|209\/323
|move|p1a: Heattransexsual|Stealth Rock|p2a: Keldeo
|-sidestart|p2: Dieg0casal|move: Stealth Rock
|
|turn|32
|
|move|p1a: Heattransexsual|Protect|p1a: Heattransexsual
|-singleturn|p1a: Heattransexsual|Protect
|move|p2a: Keldeo|Icy Wind|p1a: Heattransexsual
|-activate|p1a: Heattransexsual|Protect
|
|turn|33
|
|move|p2a: Keldeo|Secret Sword|p1a: Heattransexsual
|-supereffective|p1a: Heattransexsual
|-damage|p1a: Heattransexsual|24\/385 par
|-damage|p2a: Keldeo|177\/323|[from] item: Life Orb
|move|p1a: Heattransexsual|Lava Plume|p2a: Keldeo
|-resisted|p2a: Keldeo
|-damage|p2a: Keldeo|112\/323
|
|-heal|p1a: Heattransexsual|48\/385 par|[from] item: Leftovers
|turn|34
|c|âburgerfresser|wow
|c|âburgerfresser|dat bawlk
|c|âDieg0casal|heatran's or kelds?
|c|âburgerfresser|tran
|c|âDieg0casal|yeah. its very bawlky
|
|move|p2a: Keldeo|Secret Sword|p1a: Heattransexsual
|-supereffective|p1a: Heattransexsual
|-damage|p1a: Heattransexsual|0 fnt
|-damage|p2a: Keldeo|80\/323|[from] item: Life Orb
|faint|p1a: Heattransexsual
|
|
|switch|p1a: Dildohead|Keldeo-Resolute|329\/329
|turn|35
|
|switch|p2a: Gliscor|Gliscor, F, shiny|326\/326 tox
|-damage|p2a: Gliscor|286\/326 tox|[from] Stealth Rock
|move|p1a: Dildohead|Scald|p2a: Gliscor
|-supereffective|p2a: Gliscor
|-damage|p2a: Gliscor|0 fnt
|faint|p2a: Gliscor
|
|c|âburgerfresser|the counter
|
|switch|p2a: Empoleon|Empoleon, M, shiny|207\/372
|-damage|p2a: Empoleon|184\/372|[from] Stealth Rock
|turn|36
|c|âDieg0casal|counter what?
|c|âburgerfresser|it was a joke ._.
|
|switch|p1a: Celebisexsual|Celebi|238\/404
|move|p2a: Empoleon|Defog|p1a: Celebisexsual
|-unboost|p1a: Celebisexsual|evasion|1
|-sideend|p2: Dieg0casal|Stealth Rock|[from] move: Defog|[of] p2a: Empoleon
|
|-heal|p2a: Empoleon|207\/372|[from] item: Leftovers
|turn|37
|c|âDieg0casal|i dont get it!
|c|âDieg0casal|lol
|
|move|p1a: Celebisexsual|Baton Pass|p1a: Celebisexsual
|c|âburgerfresser|i don't get your plays
|
|switch|p1a: Fap-dos|Zapdos|326\/383
|-ability|p1a: Fap-dos|Pressure
|move|p2a: Empoleon|Stealth Rock|p1a: Fap-dos
|-sidestart|p1: burgerfresser|move: Stealth Rock
|
|-heal|p1a: Fap-dos|349\/383|[from] item: Leftovers
|-heal|p2a: Empoleon|230\/372|[from] item: Leftovers
|turn|38
|c|âDieg0casal|i just sacked gliscor
|c|âburgerfresser|and rocked vs a setup mon
|
|move|p1a: Fap-dos|Defog|p2a: Empoleon
|-unboost|p2a: Empoleon|evasion|1
|-sideend|p1: burgerfresser|Stealth Rock|[from] move: Defog|[of] p1a: Fap-dos
|move|p2a: Empoleon|Scald|p1a: Fap-dos
|-damage|p1a: Fap-dos|238\/383
|
|-heal|p1a: Fap-dos|261\/383|[from] item: Leftovers
|-heal|p2a: Empoleon|253\/372|[from] item: Leftovers
|turn|39
|c|âDieg0casal|who?
|c|âDieg0casal|celebi?
|c|âDieg0casal|or chomp?
|c|âburgerfresser|celebi obviously
|
|move|p1a: Fap-dos|Thunderbolt|p2a: Empoleon
|-supereffective|p2a: Empoleon
|-damage|p2a: Empoleon|61\/372
|move|p2a: Empoleon|Stealth Rock|p1a: Fap-dos
|-sidestart|p1: burgerfresser|move: Stealth Rock
|
|-heal|p1a: Fap-dos|284\/383|[from] item: Leftovers
|-heal|p2a: Empoleon|84\/372|[from] item: Leftovers
|turn|40
|
|switch|p2a: Charizard|Charizard-Mega-X, M, shiny|260\/297
|move|p1a: Fap-dos|Defog|p2a: Charizard
|-unboost|p2a: Charizard|evasion|1
|-sideend|p1: burgerfresser|Stealth Rock|[from] move: Defog|[of] p1a: Fap-dos
|
|-heal|p1a: Fap-dos|307\/383|[from] item: Leftovers
|turn|41
|
|switch|p1a: Dildohead|Keldeo-Resolute|329\/329
|move|p2a: Charizard|Dragon Dance|p2a: Charizard
|-boost|p2a: Charizard|atk|1
|-boost|p2a: Charizard|spe|1
|
|turn|42
|
|move|p1a: Dildohead|Hydro Pump|p2a: Charizard
|-damage|p2a: Charizard|7\/297
|move|p2a: Charizard|Dragon Claw|p1a: Dildohead
|-damage|p1a: Dildohead|0 fnt
|faint|p1a: Dildohead
|
|
|switch|p1a: Gardewhore|Gardevoir-Mega, F|143\/279 par
|turn|43
|c|âDieg0casal|dat bawlk tho
|c|âDieg0casal|i have spdef evs actually
|c|âDieg0casal|its not so natural
|
|move|p2a: Charizard|Roost|p2a: Charizard
|-heal|p2a: Charizard|156\/297
|move|p1a: Gardewhore|Hyper Voice|p2a: Charizard
|-damage|p2a: Charizard|0 fnt
|faint|p2a: Charizard
|
|
|switch|p2a: Thundurus|Thundurus, M, shiny|299\/299
|turn|44
|
|move|p2a: Thundurus|Sludge Wave|p1a: Gardewhore
|-supereffective|p1a: Gardewhore
|-damage|p1a: Gardewhore|0 fnt
|-damage|p2a: Thundurus|270\/299|[from] item: Life Orb
|faint|p1a: Gardewhore
|
|
|switch|p1a: Fap-dos|Zapdos|307\/383
|-ability|p1a: Fap-dos|Pressure
|turn|45
|
|move|p2a: Thundurus|Thunderbolt|p1a: Fap-dos
|-damage|p1a: Fap-dos|91\/383
|-damage|p2a: Thundurus|241\/299|[from] item: Life Orb
|move|p1a: Fap-dos|Roost|p1a: Fap-dos
|-heal|p1a: Fap-dos|283\/383
|
|-heal|p1a: Fap-dos|306\/383|[from] item: Leftovers
|turn|46
|
|move|p2a: Thundurus|Thunderbolt|p1a: Fap-dos
|-damage|p1a: Fap-dos|64\/383
|-damage|p2a: Thundurus|212\/299|[from] item: Life Orb
|move|p1a: Fap-dos|Roost|p1a: Fap-dos
|-heal|p1a: Fap-dos|256\/383
|
|-heal|p1a: Fap-dos|279\/383|[from] item: Leftovers
|turn|47
|
|move|p2a: Thundurus|Thunderbolt|p1a: Fap-dos
|-damage|p1a: Fap-dos|63\/383
|-damage|p2a: Thundurus|183\/299|[from] item: Life Orb
|move|p1a: Fap-dos|Roost|p1a: Fap-dos
|-heal|p1a: Fap-dos|255\/383
|
|-heal|p1a: Fap-dos|278\/383|[from] item: Leftovers
|turn|48
|
|switch|p2a: Empoleon|Empoleon, M, shiny|84\/372
|move|p1a: Fap-dos|Thunderbolt|p2a: Empoleon
|-supereffective|p2a: Empoleon
|-damage|p2a: Empoleon|0 fnt
|faint|p2a: Empoleon
|
|-heal|p1a: Fap-dos|301\/383|[from] item: Leftovers
|c|âburgerfresser|plays
|
|switch|p2a: Keldeo|Keldeo|80\/323
|turn|49
|c|âDieg0casal|DEM PLAYS
|leave|burgerfresser
|player|p1
|join|burgerfresser
|player|p1|burgerfresser|260
|c|âDieg0casal|this mathc was quite long
|c|âDieg0casal|now that i realise
|
|switch|p1a: Celebisexsual|Celebi|238\/404
|move|p2a: Keldeo|Scald|p1a: Celebisexsual
|-crit|p1a: Celebisexsual
|-resisted|p1a: Celebisexsual
|-damage|p1a: Celebisexsual|134\/404
|-damage|p2a: Keldeo|48\/323|[from] item: Life Orb
|
|turn|50
|
|move|p2a: Keldeo|Icy Wind|p1a: Celebisexsual
|-supereffective|p1a: Celebisexsual
|-damage|p1a: Celebisexsual|0 fnt
|-damage|p2a: Keldeo|16\/323|[from] item: Life Orb
|faint|p1a: Celebisexsual
|
|
|switch|p1a: Fap-dos|Zapdos|301\/383
|-ability|p1a: Fap-dos|Pressure
|turn|51
|
|move|p2a: Keldeo|Scald|p1a: Fap-dos
|-damage|p1a: Fap-dos|90\/383
|-status|p1a: Fap-dos|brn
|-damage|p2a: Keldeo|0 fnt|[from] item: Life Orb
|faint|p2a: Keldeo
|move|p1a: Fap-dos|Roost|p1a: Fap-dos
|-heal|p1a: Fap-dos|282\/383 brn
|
|-heal|p1a: Fap-dos|305\/383 brn|[from] item: Leftovers
|-damage|p1a: Fap-dos|258\/383 brn|[from] brn
|
|switch|p2a: Thundurus|Thundurus, M, shiny|183\/299
|turn|52
|
|move|p2a: Thundurus|Thunderbolt|p1a: Fap-dos
|-damage|p1a: Fap-dos|24\/383 brn
|-damage|p2a: Thundurus|154\/299|[from] item: Life Orb
|move|p1a: Fap-dos|Thunderbolt|p2a: Thundurus
|-damage|p2a: Thundurus|4\/299
|
|-heal|p1a: Fap-dos|47\/383 brn|[from] item: Leftovers
|-damage|p1a: Fap-dos|0 fnt|[from] brn
|faint|p1a: Fap-dos
|
|win|Dieg0casal
|raw|Ladder updating...
|raw|burgerfresser's rating: 1494 &rarr; <strong>1471<\/strong><br \/>(-23 for losing)
|raw|Dieg0casal's rating: 1439 &rarr; <strong>1462<\/strong><br \/>(+23 for winning)
|c|âburgerfresser|omfg
|c|âburgerfresser|dat roll
|c|âDieg0casal|GG
|c|âburgerfresser|gg
|c|âDieg0casal|really good game
|c|âDieg0casal|so intense
|leave|burgerfresser
|player|p1