|join|burgerfresser
|join|Okita Souji
|player|p1|burgerfresser|260
|player|p2|Okita Souji|277
|gametype|singles
|gen|6
|tier|OU
|rated
|clearpoke
|poke|p1|Gardevoir, F, shiny
|poke|p1|Landorus-Therian, M
|poke|p1|Celebi
|poke|p1|Keldeo-Resolute
|poke|p1|Mandibuzz, F
|poke|p1|Entei, shiny
|poke|p2|Lopunny, F, shiny
|poke|p2|Azumarill, F, shiny
|poke|p2|Gothitelle, F
|poke|p2|Rotom-Wash
|poke|p2|Landorus-Therian, M
|poke|p2|Scizor, M
|rule|Swagger Clause: Swagger is banned
|rule|Baton Pass Clause: Limit one PokÃ©mon knowing Baton Pass
|rule|Sleep Clause Mod: Limit one foe put to sleep
|rule|Species Clause: Limit one of each PokÃ©mon
|rule|OHKO Clause: OHKO moves are banned
|rule|Moody Clause: Moody is banned
|rule|Evasion Moves Clause: Evasion moves are banned
|rule|Endless Battle Clause: Forcing endless battles is banned
|rule|HP Percentage Mod: HP is shown in percentages
|teampreview
|join|AdvanceShip
|
|start
|switch|p1a: Celebisexsual|Celebi|403\/403
|switch|p2a: Lopunny|Lopunny, F, shiny|271\/271
|turn|1
|
|detailschange|p2a: Lopunny|Lopunny-Mega, F, shiny
|-mega|p2a: Lopunny|Lopunny|Lopunnite
|move|p2a: Lopunny|Fake Out|p1a: Celebisexsual
|-damage|p1a: Celebisexsual|334\/403
|cant|p1a: Celebisexsual|flinch
|
|-heal|p1a: Celebisexsual|359\/403|[from] item: Leftovers
|turn|2
|join|xiongzhuxiongmao
|
|switch|p2a: Scizor|Scizor, M|344\/344
|move|p1a: Celebisexsual|Stealth Rock|p2a: Scizor
|-sidestart|p2: Okita Souji|move: Stealth Rock
|
|-heal|p1a: Celebisexsual|384\/403|[from] item: Leftovers
|turn|3
|
|move|p1a: Celebisexsual|U-turn|p2a: Scizor
|-resisted|p2a: Scizor
|-damage|p2a: Scizor|321\/344
|
|switch|p1a: Landorus-Therian|Landorus-Therian, M|319\/319
|-ability|p1a: Landorus-Therian|Intimidate|[of] p2a: Scizor
|-unboost|p2a: Scizor|atk|1
|move|p2a: Scizor|Defog|p1a: Landorus-Therian
|-unboost|p1a: Landorus-Therian|evasion|1
|-sideend|p2: Okita Souji|Stealth Rock|[from] move: Defog|[of] p2a: Scizor
|
|turn|4
|
|switch|p2a: Rotom-Wash|Rotom-Wash|304\/304
|move|p1a: Landorus-Therian|U-turn|p2a: Rotom-Wash
|-damage|p2a: Rotom-Wash|245\/304
|
|switch|p1a: Celebisexsual|Celebi|384\/403
|
|-heal|p1a: Celebisexsual|403\/403|[from] item: Leftovers
|-heal|p2a: Rotom-Wash|264\/304|[from] item: Leftovers
|turn|5
|
|switch|p2a: Gothitelle|Gothitelle, F|281\/281
|move|p1a: Celebisexsual|Stealth Rock|p2a: Gothitelle
|-sidestart|p2: Okita Souji|move: Stealth Rock
|
|turn|6
|
|move|p1a: Celebisexsual|U-turn|p2a: Gothitelle
|-supereffective|p2a: Gothitelle
|-damage|p2a: Gothitelle|179\/281
|
|switch|p1a: Gardewhore|Gardevoir, F, shiny|283\/283
|-ability|p1a: Gardewhore|Shadow Tag|[from] ability: Trace|[of] p2a: Gothitelle
|move|p2a: Gothitelle|Psyshock|p1a: Gardewhore
|-resisted|p1a: Gardewhore
|-damage|p1a: Gardewhore|142\/283
|
|turn|7
|c|âburgerfresser|puh
|c|âburgerfresser|hatte angst vor specs shadow ball ._.
|c|âOkita Souji|lol
|
|detailschange|p1a: Gardewhore|Gardevoir-Mega, F, shiny
|-mega|p1a: Gardewhore|Gardevoir|Gardevoirite
|move|p1a: Gardewhore|Hyper Voice|p2a: Gothitelle
|-damage|p2a: Gothitelle|0 fnt
|faint|p2a: Gothitelle
|
|
|switch|p2a: Scizor|Scizor, M|321\/344
|-damage|p2a: Scizor|278\/344|[from] Stealth Rock
|turn|8
|
|switch|p1a: Hentei|Entei, shiny|371\/371
|-ability|p1a: Hentei|Pressure
|move|p2a: Scizor|U-turn|p1a: Hentei
|-crit|p1a: Hentei
|-resisted|p1a: Hentei
|-damage|p1a: Hentei|197\/371
|c|âOkita Souji|yr team is really good
|c|âburgerfresser|thx :3
|c|âOkita Souji|hard to break it
|
|switch|p2a: Rotom-Wash|Rotom-Wash|264\/304
|-damage|p2a: Rotom-Wash|226\/304|[from] Stealth Rock
|
|-heal|p2a: Rotom-Wash|245\/304|[from] item: Leftovers
|turn|9
|
|switch|p1a: Celebisexsual|Celebi|403\/403
|move|p2a: Rotom-Wash|Volt Switch|p1a: Celebisexsual
|-resisted|p1a: Celebisexsual
|-damage|p1a: Celebisexsual|374\/403
|
|switch|p2a: Scizor|Scizor, M|278\/344
|-damage|p2a: Scizor|235\/344|[from] Stealth Rock
|
|-heal|p1a: Celebisexsual|399\/403|[from] item: Leftovers
|turn|10
|
|move|p1a: Celebisexsual|U-turn|p2a: Scizor
|-resisted|p2a: Scizor
|-damage|p2a: Scizor|209\/344
|
|switch|p1a: Hentei|Entei, shiny|197\/371
|-ability|p1a: Hentei|Pressure
|move|p2a: Scizor|Defog|p1a: Hentei
|-unboost|p1a: Hentei|evasion|1
|-sideend|p2: Okita Souji|Stealth Rock|[from] move: Defog|[of] p2a: Scizor
|
|turn|11
|
|switch|p2a: Landorus-Therian|Landorus-Therian, M|382\/382
|-ability|p2a: Landorus-Therian|Intimidate|[of] p1a: Hentei
|-unboost|p1a: Hentei|atk|1
|move|p1a: Hentei|Sacred Fire|p2a: Landorus-Therian
|-crit|p2a: Landorus-Therian
|-damage|p2a: Landorus-Therian|82\/382
|-status|p2a: Landorus-Therian|brn
|
|-heal|p2a: Landorus-Therian|105\/382 brn|[from] item: Leftovers
|-damage|p2a: Landorus-Therian|58\/382 brn|[from] brn
|turn|12
|c|âburgerfresser|sry ._.
|
|move|p1a: Hentei|Sacred Fire|p2a: Landorus-Therian|[miss]
|-miss|p1a: Hentei|p2a: Landorus-Therian
|move|p2a: Landorus-Therian|Stealth Rock|p1a: Hentei
|-sidestart|p1: burgerfresser|move: Stealth Rock
|
|-heal|p2a: Landorus-Therian|81\/382 brn|[from] item: Leftovers
|-damage|p2a: Landorus-Therian|34\/382 brn|[from] brn
|turn|13
|c|âOkita Souji|it's okay
|c|âburgerfresser|lulz
|c|âOkita Souji|i don't think i can win this game lol
|c|âOkita Souji|lol
|
|move|p1a: Hentei|Sacred Fire|p2a: Landorus-Therian
|-damage|p2a: Landorus-Therian|0 fnt
|faint|p2a: Landorus-Therian
|
|c|âburgerfresser|but why not rotom?
|
|switch|p2a: Azumarill|Azumarill, F, shiny|404\/404
|turn|14
|
|switch|p1a: Celebisexsual|Celebi|399\/403
|-damage|p1a: Celebisexsual|349\/403|[from] Stealth Rock
|move|p2a: Azumarill|Belly Drum|p2a: Azumarill
|-damage|p2a: Azumarill|202\/404
|-setboost|p2a: Azumarill|atk|6|[from] move: Belly Drum
|-enditem|p2a: Azumarill|Sitrus Berry|[eat]
|-heal|p2a: Azumarill|303\/404|[from] item: Sitrus Berry
|
|-heal|p1a: Celebisexsual|374\/403|[from] item: Leftovers
|turn|15
|c|âOkita Souji|afraid of stone edge lol
|
|move|p1a: Celebisexsual|Giga Drain|p2a: Azumarill
|-supereffective|p2a: Azumarill
|-damage|p2a: Azumarill|93\/404
|-heal|p1a: Celebisexsual|403\/403|[from] drain|[of] p2a: Azumarill
|move|p2a: Azumarill|Play Rough|p1a: Celebisexsual
|-damage|p1a: Celebisexsual|0 fnt
|faint|p1a: Celebisexsual
|
|
|switch|p1a: Hentei|Entei, shiny|197\/371
|-damage|p1a: Hentei|105\/371|[from] Stealth Rock
|-ability|p1a: Hentei|Pressure
|turn|16
|c|âburgerfresser|lopunny+rotom might win tho
|c|âOkita Souji|i need room to kill Mandibuz lol
|c|âOkita Souji|rotom
|c| AdvanceShip|i thought the bd was obvious burger
|
|switch|p2a: Scizor|Scizor, M|209\/344
|move|p1a: Hentei|Extreme Speed|p2a: Scizor
|-resisted|p2a: Scizor
|-damage|p2a: Scizor|139\/344
|
|turn|17
|
|switch|p1a: Mandibuzz|Mandibuzz, F|423\/423
|-damage|p1a: Mandibuzz|318\/423|[from] Stealth Rock
|move|p2a: Scizor|U-turn|p1a: Mandibuzz
|-damage|p1a: Mandibuzz|168\/423
|
|switch|p2a: Lopunny|Lopunny-Mega, F, shiny|271\/271
|
|-heal|p1a: Mandibuzz|194\/423|[from] item: Leftovers
|turn|18
|
|switch|p1a: Landorus-Therian|Landorus-Therian, M|319\/319
|-damage|p1a: Landorus-Therian|280\/319|[from] Stealth Rock
|-ability|p1a: Landorus-Therian|Intimidate|[of] p2a: Lopunny
|-unboost|p2a: Lopunny|atk|1
|move|p2a: Lopunny|Ice Punch|p1a: Landorus-Therian
|-supereffective|p1a: Landorus-Therian
|-damage|p1a: Landorus-Therian|24\/319
|
|turn|19
|
|move|p1a: Landorus-Therian|U-turn|p2a: Lopunny
|-resisted|p2a: Lopunny
|-damage|p2a: Lopunny|222\/271
|c|âburgerfresser|>stays
|c|âburgerfresser|in
|c|âburgerfresser|>with wincon
|
|switch|p1a: Mandibuzz|Mandibuzz, F|194\/423
|-damage|p1a: Mandibuzz|89\/423|[from] Stealth Rock
|move|p2a: Lopunny|Return|p1a: Mandibuzz
|-damage|p1a: Mandibuzz|0 fnt
|faint|p1a: Mandibuzz
|
|c|âOkita Souji|i don't have so many times to switch out now lol
|
|switch|p1a: Dildohead|Keldeo-Resolute|323\/323
|-damage|p1a: Dildohead|303\/323|[from] Stealth Rock
|turn|20
|c|âburgerfresser|there aren even rocks on your side o.O
|
|switch|p2a: Azumarill|Azumarill, F, shiny|93\/404
|move|p1a: Dildohead|Secret Sword|p2a: Azumarill
|-resisted|p2a: Azumarill
|-damage|p2a: Azumarill|0 fnt
|faint|p2a: Azumarill
|
|c|âOkita Souji|i know but
|
|switch|p2a: Rotom-Wash|Rotom-Wash|245\/304
|turn|21
|c|âOkita Souji|Entei is a big threat for me now lol
|
|switch|p1a: Landorus-Therian|Landorus-Therian, M|24\/319
|-damage|p1a: Landorus-Therian|0 fnt|[from] Stealth Rock
|faint|p1a: Landorus-Therian
|move|p2a: Rotom-Wash|Volt Switch|p1: Landorus-Therian|[notarget]
|-notarget
|
|-heal|p2a: Rotom-Wash|264\/304|[from] item: Leftovers
|c|âburgerfresser|cuz off dat it was a bad play, entei would have knocked out if i had klicked eq
|
|switch|p1a: Gardewhore|Gardevoir-Mega, F, shiny|142\/283
|-damage|p1a: Gardewhore|107\/283|[from] Stealth Rock
|turn|22
|c|âOkita Souji|yeah that's true
|
|switch|p2a: Scizor|Scizor, M|139\/344
|move|p1a: Gardewhore|Hyper Voice|p2a: Scizor
|-resisted|p2a: Scizor
|-damage|p2a: Scizor|2\/344
|
|turn|23
|c|âOkita Souji|that was close lol
|c| AdvanceShip|but still entei would have had one more kill max
|
|move|p2a: Scizor|Bullet Punch|p1a: Gardewhore
|-supereffective|p1a: Gardewhore
|-damage|p1a: Gardewhore|0 fnt
|faint|p1a: Gardewhore
|
|
|switch|p1a: Dildohead|Keldeo-Resolute|303\/323
|-damage|p1a: Dildohead|283\/323|[from] Stealth Rock
|turn|24
|
|move|p2a: Scizor|Bullet Punch|p1a: Dildohead
|-resisted|p1a: Dildohead
|-damage|p1a: Dildohead|187\/323
|move|p1a: Dildohead|Secret Sword|p2a: Scizor
|-damage|p2a: Scizor|0 fnt
|faint|p2a: Scizor
|
|
|switch|p2a: Rotom-Wash|Rotom-Wash|264\/304
|turn|25
|c|âOkita Souji|Entei is choice band
|-message|burgerfresser forfeited.
|leave|burgerfresser
|
|move|p1a: Dildohead|Secret Sword|p2a: Rotom-Wash
|-damage|p2a: Rotom-Wash|95\/304
|move|p2a: Rotom-Wash|Volt Switch|p1a: Dildohead
|-supereffective|p1a: Dildohead
|-damage|p1a: Dildohead|0 fnt
|faint|p1a: Dildohead
|
|win|Okita Souji
|raw|Ladder updating...
|player|p1
|raw|burgerfresser's rating: 1693 &rarr; <strong>1664<\/strong><br \/>(-29 for losing)
|raw|Okita Souji's rating: 1532 &rarr; <strong>1560<\/strong><br \/>(+28 for winning)
|leave|xiongzhuxiongmao
|leave|AdvanceShip