|join|burgerfresser
|join|Monkchu
|join|Advanced Alt Alert
|player|p1|burgerfresser|170
|player|p2|Monkchu|274
|gametype|singles
|gen|6
|tier|OU
|rated
|clearpoke
|poke|p1|Gardevoir, F
|poke|p1|Landorus-Therian, M
|poke|p1|Heatran, F
|poke|p1|Amoonguss, M
|poke|p1|Keldeo-Resolute
|poke|p1|Zapdos
|poke|p2|Diggersby, F, shiny
|poke|p2|Raikou
|poke|p2|Slowbro, F
|poke|p2|Landorus, M
|poke|p2|Bisharp, M
|poke|p2|Azelf
|rule|Swagger Clause: Swagger is banned
|rule|Baton Pass Clause: Limit one PokÃ©mon knowing Baton Pass
|rule|Sleep Clause Mod: Limit one foe put to sleep
|rule|Species Clause: Limit one of each PokÃ©mon
|rule|OHKO Clause: OHKO moves are banned
|rule|Moody Clause: Moody is banned
|rule|Evasion Moves Clause: Evasion moves are banned
|rule|Endless Battle Clause: Forcing endless battles is banned
|rule|HP Percentage Mod: HP is shown in percentages
|teampreview
|join|av kakuna
|
|start
|switch|p1a: Landorus-Therian|Landorus-Therian, M|319\/319
|switch|p2a: Azelf|Azelf|291\/291
|-ability|p1a: Landorus-Therian|Intimidate|[of] p2a: Azelf
|-unboost|p2a: Azelf|atk|1
|turn|1
|join|AirRyden
|leave|AirRyden
|c|âburgerfresser|ah chimp n aim team
|
|move|p1a: Landorus-Therian|Knock Off|p2a: Azelf
|-supereffective|p2a: Azelf
|-enditem|p2a: Azelf|Focus Sash
|-damage|p2a: Azelf|1\/291
|move|p2a: Azelf|Stealth Rock|p1a: Landorus-Therian
|-sidestart|p1: burgerfresser|move: Stealth Rock
|
|turn|2
|c| Advanced Alt Alert|that team scares the hell out of me
|c|âMonkchu|It looked interesting
|c|âMonkchu|Its pretty good lol
|c| Advanced Alt Alert|that offensive slowbro :3
|
|switch|p2a: Slowbro|Slowbro, F|394\/394
|move|p1a: Landorus-Therian|Knock Off|p2a: Slowbro
|-supereffective|p2a: Slowbro
|-damage|p2a: Slowbro|238\/394
|
|turn|3
|
|switch|p1a: Gardewhore|Gardevoir, F|279\/279
|-damage|p1a: Gardewhore|245\/279|[from] Stealth Rock
|-ability|p1a: Gardewhore|Regenerator|[from] ability: Trace|[of] p2a: Slowbro
|detailschange|p2a: Slowbro|Slowbro-Mega, F
|-mega|p2a: Slowbro|Slowbro|Slowbronite
|move|p2a: Slowbro|Scald|p1a: Gardewhore
|-damage|p1a: Gardewhore|100\/279
|
|turn|4
|
|switch|p2a: Raikou|Raikou|321\/321
|-ability|p2a: Raikou|Pressure
|detailschange|p1a: Gardewhore|Gardevoir-Mega, F
|-mega|p1a: Gardewhore|Gardevoir|Gardevoirite
|move|p1a: Gardewhore|Hyper Voice|p2a: Raikou
|-damage|p2a: Raikou|89\/321
|
|-heal|p2a: Raikou|109\/321|[from] item: Leftovers
|turn|5
|
|switch|p1a: Heattransexsual|Heatran, F|385\/385
|-damage|p1a: Heattransexsual|337\/385|[from] Stealth Rock
|move|p2a: Raikou|Shadow Ball|p1a: Heattransexsual
|-damage|p1a: Heattransexsual|271\/385
|
|-heal|p2a: Raikou|129\/321|[from] item: Leftovers
|-heal|p1a: Heattransexsual|295\/385|[from] item: Leftovers
|turn|6
|
|move|p2a: Raikou|Shadow Ball|p1a: Heattransexsual
|-damage|p1a: Heattransexsual|230\/385
|move|p1a: Heattransexsual|Stealth Rock|p2a: Raikou
|-sidestart|p2: Monkchu|move: Stealth Rock
|
|-heal|p2a: Raikou|149\/321|[from] item: Leftovers
|-heal|p1a: Heattransexsual|254\/385|[from] item: Leftovers
|turn|7
|
|move|p2a: Raikou|Volt Switch|p1a: Heattransexsual
|-damage|p1a: Heattransexsual|169\/385
|
|switch|p2a: Slowbro|Slowbro-Mega, F|238\/394
|-damage|p2a: Slowbro|189\/394|[from] Stealth Rock
|move|p1a: Heattransexsual|Toxic|p2a: Slowbro
|-status|p2a: Slowbro|tox
|
|-heal|p1a: Heattransexsual|193\/385|[from] item: Leftovers
|-damage|p2a: Slowbro|165\/394 tox|[from] psn
|turn|8
|
|switch|p1a: Gardewhore|Gardevoir-Mega, F|100\/279
|-damage|p1a: Gardewhore|66\/279|[from] Stealth Rock
|move|p2a: Slowbro|Slack Off|p2a: Slowbro
|-heal|p2a: Slowbro|362\/394 tox
|
|-damage|p2a: Slowbro|314\/394 tox|[from] psn
|turn|9
|
|switch|p2a: Azelf|Azelf|1\/291
|-damage|p2a: Azelf|0 fnt|[from] Stealth Rock
|faint|p2a: Azelf
|move|p1a: Gardewhore|Hyper Voice|p2: Azelf|[notarget]
|-notarget
|
|
|switch|p2a: Diggersby|Diggersby, F, shiny|311\/311
|-damage|p2a: Diggersby|292\/311|[from] Stealth Rock
|turn|10
|
|move|p2a: Diggersby|Quick Attack|p1a: Gardewhore
|-damage|p1a: Gardewhore|0 fnt
|-damage|p2a: Diggersby|261\/311|[from] item: Life Orb
|faint|p1a: Gardewhore
|
|
|switch|p1a: Dildohead|Keldeo-Resolute|323\/323
|-damage|p1a: Dildohead|303\/323|[from] Stealth Rock
|turn|11
|
|move|p1a: Dildohead|Hydro Pump|p2a: Diggersby|[miss]
|-miss|p1a: Dildohead|p2a: Diggersby
|move|p2a: Diggersby|Frustration|p1a: Dildohead
|-damage|p1a: Dildohead|0 fnt
|-damage|p2a: Diggersby|230\/311|[from] item: Life Orb
|faint|p1a: Dildohead
|
|c|âMonkchu|Sorry
|
|switch|p1a: Landorus-Therian|Landorus-Therian, M|319\/319
|-damage|p1a: Landorus-Therian|280\/319|[from] Stealth Rock
|-ability|p1a: Landorus-Therian|Intimidate|[of] p2a: Diggersby
|-unboost|p2a: Diggersby|atk|1
|turn|12
|
|switch|p2a: Landorus|Landorus, M|319\/319
|-damage|p2a: Landorus|280\/319|[from] Stealth Rock
|move|p1a: Landorus-Therian|U-turn|p2a: Landorus
|-resisted|p2a: Landorus
|-damage|p2a: Landorus|232\/319
|
|switch|p1a: Fap-dos|Zapdos|383\/383
|-damage|p1a: Fap-dos|288\/383|[from] Stealth Rock
|-ability|p1a: Fap-dos|Pressure
|
|-heal|p1a: Fap-dos|311\/383|[from] item: Leftovers
|turn|13
|
|move|p2a: Landorus|Hidden Power|p1a: Fap-dos
|-supereffective|p1a: Fap-dos
|-damage|p1a: Fap-dos|116\/383
|-damage|p2a: Landorus|201\/319|[from] item: Life Orb
|move|p1a: Fap-dos|Roost|p1a: Fap-dos
|-heal|p1a: Fap-dos|308\/383
|
|-heal|p1a: Fap-dos|331\/383|[from] item: Leftovers
|turn|14
|
|move|p2a: Landorus|Hidden Power|p1a: Fap-dos
|-supereffective|p1a: Fap-dos
|-damage|p1a: Fap-dos|136\/383
|-damage|p2a: Landorus|170\/319|[from] item: Life Orb
|move|p1a: Fap-dos|Roost|p1a: Fap-dos
|-heal|p1a: Fap-dos|328\/383
|
|-heal|p1a: Fap-dos|351\/383|[from] item: Leftovers
|turn|15
|
|move|p2a: Landorus|Hidden Power|p1a: Fap-dos
|-supereffective|p1a: Fap-dos
|-damage|p1a: Fap-dos|164\/383
|-damage|p2a: Landorus|139\/319|[from] item: Life Orb
|move|p1a: Fap-dos|Roost|p1a: Fap-dos
|-heal|p1a: Fap-dos|356\/383
|
|-heal|p1a: Fap-dos|379\/383|[from] item: Leftovers
|turn|16
|
|move|p2a: Landorus|Psychic|p1a: Fap-dos
|-damage|p1a: Fap-dos|189\/383
|move|p1a: Fap-dos|Roost|p1a: Fap-dos
|-heal|p1a: Fap-dos|381\/383
|
|-heal|p1a: Fap-dos|383\/383|[from] item: Leftovers
|turn|17
|
|move|p2a: Landorus|Psychic|p1a: Fap-dos
|-damage|p1a: Fap-dos|187\/383
|move|p1a: Fap-dos|Roost|p1a: Fap-dos
|-heal|p1a: Fap-dos|379\/383
|
|-heal|p1a: Fap-dos|383\/383|[from] item: Leftovers
|turn|18
|
|move|p2a: Landorus|Psychic|p1a: Fap-dos
|-damage|p1a: Fap-dos|197\/383
|move|p1a: Fap-dos|Heat Wave|p2a: Landorus
|-damage|p2a: Landorus|25\/319
|
|-heal|p1a: Fap-dos|220\/383|[from] item: Leftovers
|turn|19
|
|move|p2a: Landorus|Psychic|p1a: Fap-dos
|-damage|p1a: Fap-dos|37\/383
|move|p1a: Fap-dos|Roost|p1a: Fap-dos
|-heal|p1a: Fap-dos|229\/383
|
|-heal|p1a: Fap-dos|252\/383|[from] item: Leftovers
|turn|20
|
|move|p2a: Landorus|Psychic|p1a: Fap-dos
|-damage|p1a: Fap-dos|84\/383
|move|p1a: Fap-dos|Roost|p1a: Fap-dos
|-heal|p1a: Fap-dos|276\/383
|
|-heal|p1a: Fap-dos|299\/383|[from] item: Leftovers
|turn|21
|
|move|p2a: Landorus|Psychic|p1a: Fap-dos
|-damage|p1a: Fap-dos|125\/383
|move|p1a: Fap-dos|Roost|p1a: Fap-dos
|-heal|p1a: Fap-dos|317\/383
|
|-heal|p1a: Fap-dos|340\/383|[from] item: Leftovers
|turn|22
|
|move|p2a: Landorus|Psychic|p1a: Fap-dos
|-damage|p1a: Fap-dos|144\/383
|move|p1a: Fap-dos|Roost|p1a: Fap-dos
|-heal|p1a: Fap-dos|336\/383
|
|-heal|p1a: Fap-dos|359\/383|[from] item: Leftovers
|turn|23
|
|move|p2a: Landorus|Psychic|p1a: Fap-dos
|-damage|p1a: Fap-dos|185\/383
|move|p1a: Fap-dos|Roost|p1a: Fap-dos
|-heal|p1a: Fap-dos|377\/383
|
|-heal|p1a: Fap-dos|383\/383|[from] item: Leftovers
|turn|24
|
|move|p2a: Landorus|Hidden Power|p1a: Fap-dos
|-supereffective|p1a: Fap-dos
|-damage|p1a: Fap-dos|183\/383
|-damage|p2a: Landorus|0 fnt|[from] item: Life Orb
|faint|p2a: Landorus
|move|p1a: Fap-dos|Heat Wave|p2: Landorus|[notarget]
|-notarget
|
|-heal|p1a: Fap-dos|206\/383|[from] item: Leftovers
|
|switch|p2a: Diggersby|Diggersby, F, shiny|230\/311
|-damage|p2a: Diggersby|211\/311|[from] Stealth Rock
|turn|25
|
|switch|p1a: Heattransexsual|Heatran, F|193\/385
|-damage|p1a: Heattransexsual|145\/385|[from] Stealth Rock
|move|p2a: Diggersby|Frustration|p1a: Heattransexsual
|-resisted|p1a: Heattransexsual
|-damage|p1a: Heattransexsual|7\/385
|-damage|p2a: Diggersby|180\/311|[from] item: Life Orb
|
|-heal|p1a: Heattransexsual|31\/385|[from] item: Leftovers
|turn|26
|
|move|p2a: Diggersby|Quick Attack|p1a: Heattransexsual
|-resisted|p1a: Heattransexsual
|-damage|p1a: Heattransexsual|0 fnt
|-damage|p2a: Diggersby|149\/311|[from] item: Life Orb
|faint|p1a: Heattransexsual
|
|
|switch|p1a: Landorus-Therian|Landorus-Therian, M|280\/319
|-damage|p1a: Landorus-Therian|241\/319|[from] Stealth Rock
|-ability|p1a: Landorus-Therian|Intimidate|[of] p2a: Diggersby
|-unboost|p2a: Diggersby|atk|1
|turn|27
|
|move|p1a: Landorus-Therian|U-turn|p2a: Diggersby
|-damage|p2a: Diggersby|30\/311
|
|switch|p1a: Stansly Balls|Amoonguss, M|431\/431
|-damage|p1a: Stansly Balls|378\/431|[from] Stealth Rock
|move|p2a: Diggersby|Swords Dance|p2a: Diggersby
|-boost|p2a: Diggersby|atk|2
|
|-heal|p1a: Stansly Balls|404\/431|[from] item: Black Sludge
|turn|28
|
|move|p2a: Diggersby|Frustration|p1a: Stansly Balls
|-damage|p1a: Stansly Balls|0 fnt
|-damage|p2a: Diggersby|0 fnt|[from] item: Life Orb
|faint|p1a: Stansly Balls
|faint|p2a: Diggersby
|
|
|switch|p2a: Bisharp|Bisharp, M|272\/272
|switch|p1a: Fap-dos|Zapdos|206\/383
|-damage|p2a: Bisharp|255\/272|[from] Stealth Rock
|-damage|p1a: Fap-dos|111\/383|[from] Stealth Rock
|-ability|p1a: Fap-dos|Pressure
|turn|29
|
|move|p2a: Bisharp|Knock Off|p1a: Fap-dos
|-damage|p1a: Fap-dos|0 fnt
|-enditem|p1a: Fap-dos|Leftovers|[from] move: Knock Off|[of] p2a: Bisharp
|faint|p1a: Fap-dos
|
|c|âburgerfresser|jolly
|c|âburgerfresser|gg
|
|switch|p1a: Landorus-Therian|Landorus-Therian, M|241\/319
|-damage|p1a: Landorus-Therian|202\/319|[from] Stealth Rock
|-ability|p1a: Landorus-Therian|Intimidate|[of] p2a: Bisharp
|-unboost|p2a: Bisharp|atk|1
|-boost|p2a: Bisharp|atk|2|[from] ability: Defiant
|turn|30
|c|âMonkchu|GG
|c| Advanced Alt Alert|you should know its jolly
|
|move|p2a: Bisharp|Sucker Punch|p1a: Landorus-Therian
|-damage|p1a: Landorus-Therian|0 fnt
|faint|p1a: Landorus-Therian
|
|win|Monkchu
|raw|Ladder updating...
|leave|av kakuna
|raw|burgerfresser's rating: 1562 &rarr; <strong>1539<\/strong><br \/>(-23 for losing)
|raw|Monkchu's rating: 1513 &rarr; <strong>1536<\/strong><br \/>(+23 for winning)
|leave|Advanced Alt Alert
|c|âburgerfresser|ja natÃ¼rlich kenn ich alle teams von youtubern auswendig
|c|âMonkchu|I don't  need to though