|join|burgerfresser
|join|CappuTeamTesting
|join|Sensory
|join|Mellartach
|join|Naiba Kitato
|join|av kakuna
|player|p1|burgerfresser|260
|player|p2|CappuTeamTesting|283
|gametype|singles
|gen|6
|tier|OU
|clearpoke
|poke|p1|Gardevoir, F, shiny
|poke|p1|Landorus-Therian, M
|poke|p1|Celebi
|poke|p1|Keldeo-Resolute
|poke|p1|Mandibuzz, F
|poke|p1|Entei, shiny
|poke|p2|Lopunny, F, shiny
|poke|p2|Latias, F, shiny
|poke|p2|Rotom-Wash
|poke|p2|Ferrothorn, M
|poke|p2|Landorus-Therian, M
|poke|p2|Clefable, F
|rule|Swagger Clause: Swagger is banned
|rule|Baton Pass Clause: Limit one PokÃ©mon knowing Baton Pass
|rule|Sleep Clause Mod: Limit one foe put to sleep
|rule|Species Clause: Limit one of each PokÃ©mon
|rule|OHKO Clause: OHKO moves are banned
|rule|Moody Clause: Moody is banned
|rule|Evasion Moves Clause: Evasion moves are banned
|rule|Endless Battle Clause: Forcing endless battles is banned
|rule|HP Percentage Mod: HP is shown in percentages
|teampreview
|join|Fliegende Nudel
|join|Levinlux
|join|Rot aka Red
|join|Shizuki
|join|teamtesting3
|
|start
|switch|p1a: Celebisexual|Celebi|403\/403
|switch|p2a: Landorus-Therian|Landorus-Therian, M|319\/319
|-ability|p2a: Landorus-Therian|Intimidate|[of] p1a: Celebisexual
|-unboost|p1a: Celebisexual|atk|1
|turn|1
|leave|Fliegende Nudel
|
|switch|p1a: Landorus-Therian|Landorus-Therian, M|319\/319
|-ability|p1a: Landorus-Therian|Intimidate|[of] p2a: Landorus-Therian
|-unboost|p2a: Landorus-Therian|atk|1
|move|p2a: Landorus-Therian|U-turn|p1a: Landorus-Therian
|-resisted|p1a: Landorus-Therian
|-damage|p1a: Landorus-Therian|288\/319
|c| Rot aka Red|cappu ich hab gegen dich in der 1. runde verloren also gewinn jetz das is doch dass finale oder??
|c| Shizuki|jo
|
|switch|p2a: Rotom-Wash|Rotom-Wash|303\/303
|
|turn|2
|c| Sensory|Aber nur weil ich nicht da bin :)
|
|move|p1a: Landorus-Therian|U-turn|p2a: Rotom-Wash
|-damage|p2a: Rotom-Wash|232\/303
|
|switch|p1a: Celebisexual|Celebi|403\/403
|move|p2a: Rotom-Wash|Volt Switch|p1a: Celebisexual
|-resisted|p1a: Celebisexual
|-damage|p1a: Celebisexual|367\/403
|
|switch|p2a: Landorus-Therian|Landorus-Therian, M|319\/319
|-ability|p2a: Landorus-Therian|Intimidate|[of] p1a: Celebisexual
|-unboost|p1a: Celebisexual|atk|1
|
|-heal|p1a: Celebisexual|392\/403|[from] item: Leftovers
|turn|3
|
|switch|p1a: Landorus-Therian|Landorus-Therian, M|288\/319
|-ability|p1a: Landorus-Therian|Intimidate|[of] p2a: Landorus-Therian
|-unboost|p2a: Landorus-Therian|atk|1
|move|p2a: Landorus-Therian|U-turn|p1a: Landorus-Therian
|-resisted|p1a: Landorus-Therian
|-damage|p1a: Landorus-Therian|255\/319
|
|switch|p2a: Lopunny|Lopunny, F, shiny|297\/297
|
|turn|4
|join|AdvanceShip
|
|switch|p1a: Celebisexual|Celebi|392\/403
|detailschange|p2a: Lopunny|Lopunny-Mega, F, shiny
|-mega|p2a: Lopunny|Lopunny|Lopunnite
|move|p2a: Lopunny|Fake Out|p1a: Celebisexual
|-damage|p1a: Celebisexual|326\/403
|
|-heal|p1a: Celebisexual|351\/403|[from] item: Leftovers
|turn|5
|
|switch|p2a: Landorus-Therian|Landorus-Therian, M|319\/319
|-ability|p2a: Landorus-Therian|Intimidate|[of] p1a: Celebisexual
|-unboost|p1a: Celebisexual|atk|1
|move|p1a: Celebisexual|Stealth Rock|p2a: Landorus-Therian
|-sidestart|p2: CappuTeamTesting|move: Stealth Rock
|
|-heal|p1a: Celebisexual|376\/403|[from] item: Leftovers
|turn|6
|
|switch|p1a: Landorus-Therian|Landorus-Therian, M|255\/319
|-ability|p1a: Landorus-Therian|Intimidate|[of] p2a: Landorus-Therian
|-unboost|p2a: Landorus-Therian|atk|1
|move|p2a: Landorus-Therian|U-turn|p1a: Landorus-Therian
|-resisted|p1a: Landorus-Therian
|-damage|p1a: Landorus-Therian|223\/319
|
|switch|p2a: Ferrothorn|Ferrothorn, M|352\/352
|-damage|p2a: Ferrothorn|330\/352|[from] Stealth Rock
|
|-heal|p2a: Ferrothorn|352\/352|[from] item: Leftovers
|turn|7
|
|switch|p1a: Hentei|Entei, shiny|371\/371
|-ability|p1a: Hentei|Pressure
|move|p2a: Ferrothorn|Stealth Rock|p1a: Hentei
|-sidestart|p1: burgerfresser|move: Stealth Rock
|
|turn|8
|
|switch|p2a: Rotom-Wash|Rotom-Wash|232\/303
|-damage|p2a: Rotom-Wash|195\/303|[from] Stealth Rock
|move|p1a: Hentei|Sacred Fire|p2a: Rotom-Wash
|-resisted|p2a: Rotom-Wash
|-damage|p2a: Rotom-Wash|87\/303
|
|-heal|p2a: Rotom-Wash|105\/303|[from] item: Leftovers
|turn|9
|
|move|p1a: Hentei|Sacred Fire|p2a: Rotom-Wash
|-resisted|p2a: Rotom-Wash
|-damage|p2a: Rotom-Wash|1\/303
|-status|p2a: Rotom-Wash|brn
|move|p2a: Rotom-Wash|Pain Split|p1a: Hentei
|-sethp|p1a: Hentei|186\/371|p2a: Rotom-Wash|186\/303 brn|[from] move: Pain Split
|
|-heal|p2a: Rotom-Wash|204\/303 brn|[from] item: Leftovers
|-damage|p2a: Rotom-Wash|167\/303 brn|[from] brn
|turn|10
|
|switch|p1a: Celebisexual|Celebi|376\/403
|-damage|p1a: Celebisexual|326\/403|[from] Stealth Rock
|move|p2a: Rotom-Wash|Volt Switch|p1a: Celebisexual
|-resisted|p1a: Celebisexual
|-damage|p1a: Celebisexual|295\/403
|join|AlbertDaEinstein
|
|switch|p2a: Landorus-Therian|Landorus-Therian, M|319\/319
|-damage|p2a: Landorus-Therian|280\/319|[from] Stealth Rock
|-ability|p2a: Landorus-Therian|Intimidate|[of] p1a: Celebisexual
|-unboost|p1a: Celebisexual|atk|1
|
|-heal|p1a: Celebisexual|320\/403|[from] item: Leftovers
|turn|11
|
|switch|p1a: Landorus-Therian|Landorus-Therian, M|223\/319
|-damage|p1a: Landorus-Therian|184\/319|[from] Stealth Rock
|-ability|p1a: Landorus-Therian|Intimidate|[of] p2a: Landorus-Therian
|-unboost|p2a: Landorus-Therian|atk|1
|move|p2a: Landorus-Therian|U-turn|p1a: Landorus-Therian
|-resisted|p1a: Landorus-Therian
|-damage|p1a: Landorus-Therian|150\/319
|
|switch|p2a: Lopunny|Lopunny-Mega, F, shiny|297\/297
|-damage|p2a: Lopunny|279\/297|[from] Stealth Rock
|
|turn|12
|
|switch|p1a: Celebisexual|Celebi|320\/403
|-damage|p1a: Celebisexual|270\/403|[from] Stealth Rock
|move|p2a: Lopunny|Ice Punch|p1a: Celebisexual
|-supereffective|p1a: Celebisexual
|-damage|p1a: Celebisexual|98\/403
|
|-heal|p1a: Celebisexual|123\/403|[from] item: Leftovers
|turn|13
|
|switch|p1a: Tante Mandi|Mandibuzz, F|423\/423
|-damage|p1a: Tante Mandi|318\/423|[from] Stealth Rock
|move|p2a: Lopunny|Frustration|p1a: Tante Mandi
|-damage|p1a: Tante Mandi|171\/423
|
|-heal|p1a: Tante Mandi|197\/423|[from] item: Leftovers
|turn|14
|join|Bea Beitung
|
|move|p2a: Lopunny|High Jump Kick|p1a: Tante Mandi
|-damage|p1a: Tante Mandi|13\/423
|move|p1a: Tante Mandi|Roost|p1a: Tante Mandi
|-heal|p1a: Tante Mandi|225\/423
|
|-heal|p1a: Tante Mandi|251\/423|[from] item: Leftovers
|turn|15
|join|pixx01
|
|switch|p2a: Clefable|Clefable, F|394\/394
|move|p1a: Tante Mandi|Roost|p1a: Tante Mandi
|-heal|p1a: Tante Mandi|423\/423
|
|turn|16
|leave|pixx01
|
|move|p1a: Tante Mandi|Taunt|p2a: Clefable
|-start|p2a: Clefable|move: Taunt
|move|p2a: Clefable|Moonblast|p1a: Tante Mandi
|-supereffective|p1a: Tante Mandi
|-damage|p1a: Tante Mandi|223\/423
|
|-heal|p1a: Tante Mandi|249\/423|[from] item: Leftovers
|turn|17
|join|schmidtf
|
|switch|p1a: Gardewhore|Gardevoir, F, shiny|283\/283
|-damage|p1a: Gardewhore|248\/283|[from] Stealth Rock
|-ability|p1a: Gardewhore|Magic Guard|[from] ability: Trace|[of] p2a: Clefable
|move|p2a: Clefable|Moonblast|p1a: Gardewhore
|-damage|p1a: Gardewhore|148\/283
|
|turn|18
|
|switch|p2a: Ferrothorn|Ferrothorn, M|352\/352
|-damage|p2a: Ferrothorn|330\/352|[from] Stealth Rock
|detailschange|p1a: Gardewhore|Gardevoir-Mega, F, shiny
|-mega|p1a: Gardewhore|Gardevoir|Gardevoirite
|move|p1a: Gardewhore|Hyper Voice|p2a: Ferrothorn
|-resisted|p2a: Ferrothorn
|-damage|p2a: Ferrothorn|243\/352
|
|-heal|p2a: Ferrothorn|265\/352|[from] item: Leftovers
|turn|19
|join|Gandi
|join|xxrayxx
|
|switch|p1a: Tante Mandi|Mandibuzz, F|249\/423
|-damage|p1a: Tante Mandi|144\/423|[from] Stealth Rock
|move|p2a: Ferrothorn|Gyro Ball|p1a: Tante Mandi
|-damage|p1a: Tante Mandi|30\/423
|
|-heal|p1a: Tante Mandi|56\/423|[from] item: Leftovers
|-heal|p2a: Ferrothorn|287\/352|[from] item: Leftovers
|turn|20
|c| AdvanceShip|cappu hast du das team von klo bekommen?
|
|move|p1a: Tante Mandi|Roost|p1a: Tante Mandi
|-heal|p1a: Tante Mandi|268\/423
|move|p2a: Ferrothorn|Gyro Ball|p1a: Tante Mandi
|-damage|p1a: Tante Mandi|166\/423
|
|-heal|p1a: Tante Mandi|192\/423|[from] item: Leftovers
|-heal|p2a: Ferrothorn|309\/352|[from] item: Leftovers
|turn|21
|c|âCappuTeamTesting|nope
|c| AdvanceShip|mmh er hat genauso eins mit latios > latias
|
|move|p1a: Tante Mandi|Taunt|p2a: Ferrothorn
|-start|p2a: Ferrothorn|move: Taunt
|cant|p2a: Ferrothorn|move: Taunt|Leech Seed
|
|-heal|p1a: Tante Mandi|218\/423|[from] item: Leftovers
|-heal|p2a: Ferrothorn|331\/352|[from] item: Leftovers
|turn|22
|c| av kakuna|ich hab per zufall das #1 von ubers nachgebaut ._.
|
|move|p1a: Tante Mandi|Defog|p2a: Ferrothorn
|-unboost|p2a: Ferrothorn|evasion|1
|-sideend|p2: CappuTeamTesting|Stealth Rock|[from] move: Defog|[of] p2a: Ferrothorn
|-sideend|p1: burgerfresser|Stealth Rock|[from] move: Defog|[of] p1a: Tante Mandi
|move|p2a: Ferrothorn|Gyro Ball|p1a: Tante Mandi
|-damage|p1a: Tante Mandi|116\/423
|
|-heal|p1a: Tante Mandi|142\/423|[from] item: Leftovers
|-heal|p2a: Ferrothorn|352\/352|[from] item: Leftovers
|turn|23
|c| av kakuna|team
|c| Bea Beitung|willkommen im club XD
|c| Bea Beitung|q,q
|
|switch|p1a: Hentei|Entei, shiny|186\/371
|-ability|p1a: Hentei|Pressure
|switch|p2a: Clefable|Clefable, F|394\/394
|
|turn|24
|
|switch|p2a: Rotom-Wash|Rotom-Wash|167\/303 brn
|move|p1a: Hentei|Sacred Fire|p2a: Rotom-Wash
|-resisted|p2a: Rotom-Wash
|-damage|p2a: Rotom-Wash|70\/303 brn
|
|-heal|p2a: Rotom-Wash|88\/303 brn|[from] item: Leftovers
|-damage|p2a: Rotom-Wash|51\/303 brn|[from] brn
|turn|25
|
|move|p1a: Hentei|Sacred Fire|p2a: Rotom-Wash
|-resisted|p2a: Rotom-Wash
|-damage|p2a: Rotom-Wash|0 fnt
|faint|p2a: Rotom-Wash
|
|
|switch|p2a: Latias|Latias, F, shiny|319\/319
|turn|26
|leave|Naiba Kitato
|join|redevil360
|
|switch|p1a: Tante Mandi|Mandibuzz, F|142\/423
|move|p2a: Latias|Psyshock|p1a: Tante Mandi
|-immune|p1a: Tante Mandi|[msg]
|
|-heal|p1a: Tante Mandi|168\/423|[from] item: Leftovers
|turn|27
|join|HylianBowman
|leave|xxrayxx
|
|switch|p1a: Gardewhore|Gardevoir-Mega, F, shiny|148\/283
|move|p2a: Latias|Psyshock|p1a: Gardewhore
|-resisted|p1a: Gardewhore
|-damage|p1a: Gardewhore|30\/283
|-damage|p2a: Latias|288\/319|[from] item: Life Orb
|
|turn|28
|c|âburgerfresser|plays
|c| HylianBowman|burger ist das dein bestes team?
|c| teamtesting3|jup
|c| teamtesting3|bezogen auf das "plays"
|c|âCappuTeamTesting|:D
|c|âburgerfresser|definiere "bestes"
|join|GESUS
|
|move|p2a: Latias|Psyshock|p1a: Gardewhore
|-resisted|p1a: Gardewhore
|-damage|p1a: Gardewhore|0 fnt
|-damage|p2a: Latias|257\/319|[from] item: Life Orb
|faint|p1a: Gardewhore
|
|c| HylianBowman|das mit dem du am besten abschneidest
|
|switch|p1a: Landorus-Therian|Landorus-Therian, M|150\/319
|-ability|p1a: Landorus-Therian|Intimidate|[of] p2a: Latias
|-unboost|p2a: Latias|atk|1
|turn|29
|c|âburgerfresser|yoah bin platz 17 damit auf der ladder :3
|c| HylianBowman|oder das mit dem du am liebsten spielst
|c| HylianBowman|oder sogar beides?
|leave|GESUS
|leave|schmidtf
|c| HylianBowman|also bei mir bist du platz 19
|
|switch|p2a: Clefable|Clefable, F|394\/394
|move|p1a: Landorus-Therian|U-turn|p2a: Clefable
|-resisted|p2a: Clefable
|-damage|p2a: Clefable|346\/394
|c| teamtesting3|er spielt ja im endeffekt auch nur das team soweit ich das sehe, zumindest zu ~90%
|c|âburgerfresser|yo passiert weil die anderen auch laddern
|
|switch|p1a: Hentei|Entei, shiny|186\/371
|-ability|p1a: Hentei|Pressure
|
|-heal|p2a: Clefable|370\/394|[from] item: Leftovers
|turn|30
|
|move|p1a: Hentei|Sacred Fire|p2a: Clefable
|-crit|p2a: Clefable
|-damage|p2a: Clefable|0 fnt
|faint|p2a: Clefable
|
|c|âburgerfresser|sry ._.
|
|switch|p2a: Latias|Latias, F, shiny|257\/319
|turn|31
|join|Silver99
|c|âCappuTeamTesting|macht nichts :D
|c|âburgerfresser|dieses lati alda
|c|âCappuTeamTesting|:3
|join|Ambii
|
|switch|p1a: Tante Mandi|Mandibuzz, F|168\/423
|move|p2a: Latias|Draco Meteor|p1a: Tante Mandi
|-damage|p1a: Tante Mandi|0 fnt
|-unboost|p2a: Latias|spa|2
|-damage|p2a: Latias|226\/319|[from] item: Life Orb
|faint|p1a: Tante Mandi
|
|join|tediD
|c| Ambii|hue burger op. in 2 finals
|c| tediD|go burger
|c| Silver99|was echt Ambii? :D
|join|Davina Claire
|c|âburgerfresser|jop
|
|switch|p1a: Celebisexual|Celebi|123\/403
|turn|32
|
|move|p2a: Latias|Draco Meteor|p1a: Celebisexual
|-damage|p1a: Celebisexual|18\/403
|-unboost|p2a: Latias|spa|2
|-damage|p2a: Latias|195\/319|[from] item: Life Orb
|move|p1a: Celebisexual|Recover|p1a: Celebisexual
|-heal|p1a: Celebisexual|220\/403
|
|-heal|p1a: Celebisexual|245\/403|[from] item: Leftovers
|turn|33
|
|switch|p2a: Landorus-Therian|Landorus-Therian, M|280\/319
|-ability|p2a: Landorus-Therian|Intimidate|[of] p1a: Celebisexual
|-unboost|p1a: Celebisexual|atk|1
|move|p1a: Celebisexual|U-turn|p2a: Landorus-Therian
|-resisted|p2a: Landorus-Therian
|-damage|p2a: Landorus-Therian|262\/319
|leave|Davina Claire
|leave|tediD
|
|switch|p1a: Dildohead|Keldeo-Resolute|323\/323
|
|turn|34
|c|âburgerfresser|2 finale auf einmal is iwie anstrengend xD
|
|move|p2a: Landorus-Therian|U-turn|p1a: Dildohead
|-resisted|p1a: Dildohead
|-damage|p1a: Dildohead|276\/323
|c| Ambii|naja in beiden sieht's net schlecht aus fÃ¼r dich
|
|switch|p2a: Ferrothorn|Ferrothorn, M|352\/352
|move|p1a: Dildohead|Scald|p2a: Ferrothorn
|-resisted|p2a: Ferrothorn
|-damage|p2a: Ferrothorn|276\/352
|-status|p2a: Ferrothorn|brn
|
|-heal|p2a: Ferrothorn|298\/352 brn|[from] item: Leftovers
|-damage|p2a: Ferrothorn|254\/352 brn|[from] brn
|turn|35
|c|âburgerfresser|in dem schon
|join|titaniteslap
|
|switch|p1a: Hentei|Entei, shiny|186\/371
|-ability|p1a: Hentei|Pressure
|move|p2a: Ferrothorn|Stealth Rock|p1a: Hentei
|-sidestart|p1: burgerfresser|move: Stealth Rock
|
|-heal|p2a: Ferrothorn|276\/352 brn|[from] item: Leftovers
|-damage|p2a: Ferrothorn|232\/352 brn|[from] brn
|turn|36
|c| Ambii|im anderem doch auch lel
|c| teamtesting3|naja celebi is ja wieder halbwegs aufm damm
|join|PokemonPlayer88
|leave|PokemonPlayer88
|
|move|p1a: Hentei|Sacred Fire|p2a: Ferrothorn
|-supereffective|p2a: Ferrothorn
|-damage|p2a: Ferrothorn|0 fnt
|faint|p2a: Ferrothorn
|
|
|switch|p2a: Latias|Latias, F, shiny|195\/319
|turn|37
|c|âburgerfresser|dann sind da immer noch 2 viecher die n Haufen probs machen
|c|âburgerfresser|wenn ich die nicht geschwÃ¤cht krieg hab ich verloren
|c| Silver99|burger timer btw, ne?
|
|switch|p1a: Dildohead|Keldeo-Resolute|276\/323
|-damage|p1a: Dildohead|256\/323|[from] Stealth Rock
|move|p2a: Latias|Draco Meteor|p1a: Dildohead|[miss]
|-miss|p2a: Latias|p1a: Dildohead
|
|turn|38
|c| Silver99|Im anderen
|
|move|p2a: Latias|Psyshock|p1a: Dildohead
|-supereffective|p1a: Dildohead
|-damage|p1a: Dildohead|0 fnt
|-damage|p2a: Latias|164\/319|[from] item: Life Orb
|faint|p1a: Dildohead
|
|
|switch|p1a: Landorus-Therian|Landorus-Therian, M|150\/319
|-damage|p1a: Landorus-Therian|111\/319|[from] Stealth Rock
|-ability|p1a: Landorus-Therian|Intimidate|[of] p2a: Latias
|-unboost|p2a: Latias|atk|1
|turn|39
|
|switch|p2a: Landorus-Therian|Landorus-Therian, M|262\/319
|-ability|p2a: Landorus-Therian|Intimidate|[of] p1a: Landorus-Therian
|-unboost|p1a: Landorus-Therian|atk|1
|move|p1a: Landorus-Therian|U-turn|p2a: Landorus-Therian
|-resisted|p2a: Landorus-Therian
|-damage|p2a: Landorus-Therian|233\/319
|
|switch|p1a: Hentei|Entei, shiny|186\/371
|-damage|p1a: Hentei|94\/371|[from] Stealth Rock
|-ability|p1a: Hentei|Pressure
|
|turn|40
|
|switch|p1a: Landorus-Therian|Landorus-Therian, M|111\/319
|-damage|p1a: Landorus-Therian|72\/319|[from] Stealth Rock
|-ability|p1a: Landorus-Therian|Intimidate|[of] p2a: Landorus-Therian
|-unboost|p2a: Landorus-Therian|atk|1
|move|p2a: Landorus-Therian|Stone Edge|p1a: Landorus-Therian
|-crit|p1a: Landorus-Therian
|-damage|p1a: Landorus-Therian|0 fnt
|faint|p1a: Landorus-Therian
|
|c|âburgerfresser|hast mir grade ne chance gegeben
|
|switch|p1a: Celebisexual|Celebi|245\/403
|-damage|p1a: Celebisexual|195\/403|[from] Stealth Rock
|turn|41
|c| Sensory|irgendwie nicht lol
|c|âburgerfresser|we will c
|
|switch|p2a: Lopunny|Lopunny-Mega, F, shiny|279\/297
|move|p1a: Celebisexual|Recover|p1a: Celebisexual
|-heal|p1a: Celebisexual|397\/403
|
|-heal|p1a: Celebisexual|403\/403|[from] item: Leftovers
|turn|42
|
|move|p2a: Lopunny|Fake Out|p1a: Celebisexual
|-damage|p1a: Celebisexual|337\/403
|cant|p1a: Celebisexual|flinch
|
|-heal|p1a: Celebisexual|362\/403|[from] item: Leftovers
|turn|43
|
|move|p2a: Lopunny|Frustration|p1a: Celebisexual
|-damage|p1a: Celebisexual|184\/403
|move|p1a: Celebisexual|Giga Drain|p2a: Lopunny
|-damage|p2a: Lopunny|183\/297
|-heal|p1a: Celebisexual|232\/403|[from] drain|[of] p2a: Lopunny
|
|-heal|p1a: Celebisexual|257\/403|[from] item: Leftovers
|turn|44
|
|move|p2a: Lopunny|Frustration|p1a: Celebisexual
|-damage|p1a: Celebisexual|97\/403
|move|p1a: Celebisexual|Recover|p1a: Celebisexual
|-heal|p1a: Celebisexual|299\/403
|
|-heal|p1a: Celebisexual|324\/403|[from] item: Leftovers
|turn|45
|
|move|p2a: Lopunny|Frustration|p1a: Celebisexual
|-damage|p1a: Celebisexual|167\/403
|move|p1a: Celebisexual|Recover|p1a: Celebisexual
|-heal|p1a: Celebisexual|369\/403
|
|-heal|p1a: Celebisexual|394\/403|[from] item: Leftovers
|turn|46
|c| Silver99|mhm
|c| Sensory|gib einfach auf Burgerfresser
|c| Sensory|hast eh s oder so verloren
|c| Levinlux|hax kann noch was Ã¤ndern
|c| Sensory|ist nur Zeitverschwenung
|c| Sensory|nein
|c| teamtesting3|oder missplays
|c|âburgerfresser|1 crit und die Sache hat sich ._.
|
|move|p2a: Lopunny|Frustration|p1a: Celebisexual
|-crit|p1a: Celebisexual
|-damage|p1a: Celebisexual|141\/403
|move|p1a: Celebisexual|Giga Drain|p2a: Lopunny
|-damage|p2a: Lopunny|93\/297
|-heal|p1a: Celebisexual|186\/403|[from] drain|[of] p2a: Lopunny
|
|-heal|p1a: Celebisexual|211\/403|[from] item: Leftovers
|turn|47
|c| Silver99|XD
|c| Ambii|mit ankÃ¼ndigung
|c|âburgerfresser|Ã¤h ja
|
|move|p2a: Lopunny|Frustration|p1a: Celebisexual
|-damage|p1a: Celebisexual|48\/403
|move|p1a: Celebisexual|Recover|p1a: Celebisexual
|-heal|p1a: Celebisexual|250\/403
|
|-heal|p1a: Celebisexual|275\/403|[from] item: Leftovers
|turn|48
|
|move|p2a: Lopunny|Frustration|p1a: Celebisexual
|-damage|p1a: Celebisexual|89\/403
|move|p1a: Celebisexual|Recover|p1a: Celebisexual
|-heal|p1a: Celebisexual|291\/403
|
|-heal|p1a: Celebisexual|316\/403|[from] item: Leftovers
|turn|49
|
|move|p2a: Lopunny|Frustration|p1a: Celebisexual
|-damage|p1a: Celebisexual|148\/403
|move|p1a: Celebisexual|Recover|p1a: Celebisexual
|-heal|p1a: Celebisexual|350\/403
|
|-heal|p1a: Celebisexual|375\/403|[from] item: Leftovers
|turn|50
|
|move|p2a: Lopunny|Ice Punch|p1a: Celebisexual
|-supereffective|p1a: Celebisexual
|-damage|p1a: Celebisexual|195\/403
|move|p1a: Celebisexual|Recover|p1a: Celebisexual
|-heal|p1a: Celebisexual|397\/403
|
|-heal|p1a: Celebisexual|403\/403|[from] item: Leftovers
|turn|51
|join|unsharted
|
|move|p2a: Lopunny|Ice Punch|p1a: Celebisexual
|-supereffective|p1a: Celebisexual
|-damage|p1a: Celebisexual|221\/403
|move|p1a: Celebisexual|U-turn|p2a: Lopunny
|-resisted|p2a: Lopunny
|-damage|p2a: Lopunny|67\/297
|
|switch|p1a: Hentei|Entei, shiny|94\/371
|-damage|p1a: Hentei|2\/371|[from] Stealth Rock
|-ability|p1a: Hentei|Pressure
|
|turn|52
|leave|unsharted
|c|âburgerfresser|oh mir fÃ¤llt grad auf ....
|c| Silver99|._.
|
|move|p1a: Hentei|Extreme Speed|p2a: Lopunny
|-crit|p2a: Lopunny
|-damage|p2a: Lopunny|0 fnt
|faint|p2a: Lopunny
|
|c|âburgerfresser|dat crit
|c| av kakuna|du hast verloren?
|
|switch|p2a: Landorus-Therian|Landorus-Therian, M|233\/319
|-ability|p2a: Landorus-Therian|Intimidate|[of] p1a: Hentei
|-unboost|p1a: Hentei|atk|1
|turn|53
|c| teamtesting3|den crit hÃ¤tteste bei lando gebraucht
|c| HylianBowman|pass auf wie er jetzt crittet
|c|âburgerfresser|er hÃ¤tte auch wechseln und fake outen kÃ¶nnen dann hÃ¤tte er sicher gewonnen
|c| Silver99|\/me passt auf
|c| teamtesting3|jop
|
|move|p1a: Hentei|Extreme Speed|p2a: Landorus-Therian
|-damage|p2a: Landorus-Therian|131\/319
|move|p2a: Landorus-Therian|U-turn|p1a: Hentei
|-resisted|p1a: Hentei
|-damage|p1a: Hentei|0 fnt
|faint|p1a: Hentei
|leave|Ambii
|c|âCappuTeamTesting|er :<
|
|switch|p2a: Latias|Latias, F, shiny|164\/319
|
|c|âburgerfresser|crit hÃ¤tte nicht mal killt glaub ich ._.
|c| teamtesting3|switch auf lando und das match wÃ¤re vor 10 runden vorbei gewesen :\/
|c| av kakuna|hÃ¤tte es auch nicht
|
|switch|p1a: Celebisexual|Celebi|221\/403
|-damage|p1a: Celebisexual|171\/403|[from] Stealth Rock
|turn|54
|c| Silver99|gg
|c|âburgerfresser|gg
|c|âCappuTeamTesting|gg
|c| teamtesting3|gg
|c| Silver99|burger wo hast du vorhin eig. die chance gesehen?
|c| HylianBowman|gg
|
|move|p2a: Latias|Draco Meteor|p1a: Celebisexual|[miss]
|-miss|p2a: Latias|p1a: Celebisexual
|move|p1a: Celebisexual|Recover|p1a: Celebisexual
|-heal|p1a: Celebisexual|373\/403
|
|-heal|p1a: Celebisexual|398\/403|[from] item: Leftovers
|turn|55
|c| Silver99|...
|c| av kakuna|lol
|c|âCappuTeamTesting|das war klar
|c|âCappuTeamTesting|oh man
|c| Sensory|sie hat Roost
|c| Sensory|du hast verlorena
|c| Silver99|burger \/forfeit
|c| Sensory|also bitte kein Stall
|c| teamtesting3|lando uturn dÃ¼rfte ohko sein
|c| Gandi|Levinlux: hax kann noch was Ã¤ndern
|join|PokemonPlayer88
|leave|PokemonPlayer88
|c| AdvanceShip|lando ko'd nicht, ist aber egal
|c| av kakuna|kein OHKO, aber macht immer noch viel
|leave|HylianBowman
|c| av kakuna|85-90% denke ich
|c| Silver99|Lag?
|
|move|p2a: Latias|Draco Meteor|p1a: Celebisexual
|-damage|p1a: Celebisexual|202\/403
|-unboost|p2a: Latias|spa|2
|-damage|p2a: Latias|133\/319|[from] item: Life Orb
|move|p1a: Celebisexual|Recover|p1a: Celebisexual
|-heal|p1a: Celebisexual|403\/403
|
|turn|56
|c| av kakuna|y
|c| Levinlux|praise RNGesus
|c| AdvanceShip|ja extrem
|c| av kakuna|er hat noch ne chance
|
|move|p2a: Latias|Roost|p2a: Latias
|-heal|p2a: Latias|293\/319
|move|p1a: Celebisexual|U-turn|p2a: Latias
|-supereffective|p2a: Latias
|-damage|p2a: Latias|181\/319
|
|turn|57
|c|âburgerfresser|uturn crits plz ._.
|
|move|p2a: Latias|Draco Meteor|p1a: Celebisexual
|-damage|p1a: Celebisexual|300\/403
|-unboost|p2a: Latias|spa|2
|-damage|p2a: Latias|150\/319|[from] item: Life Orb
|move|p1a: Celebisexual|U-turn|p2a: Latias
|-supereffective|p2a: Latias
|-damage|p2a: Latias|46\/319
|
|-heal|p1a: Celebisexual|325\/403|[from] item: Leftovers
|turn|58
|leave|Rot aka Red
|join|Nawashi
|c| Nawashi|hi kevins
|
|move|p2a: Latias|Draco Meteor|p1a: Celebisexual
|-damage|p1a: Celebisexual|254\/403
|-unboost|p2a: Latias|spa|2
|-damage|p2a: Latias|15\/319|[from] item: Life Orb
|move|p1a: Celebisexual|Recover|p1a: Celebisexual
|-heal|p1a: Celebisexual|403\/403
|
|turn|59
|c| av kakuna|giga drain crit oder das wars
|
|move|p2a: Latias|Draco Meteor|p1a: Celebisexual
|-crit|p1a: Celebisexual
|-damage|p1a: Celebisexual|107\/403
|-damage|p2a: Latias|0 fnt|[from] item: Life Orb
|faint|p2a: Latias
|move|p1a: Celebisexual|U-turn|p2: Latias|[notarget]
|-notarget
|
|-heal|p1a: Celebisexual|132\/403|[from] item: Leftovers
|c| Nawashi|cele bisexual vs Trolllapras
|c|âburgerfresser|oml
|c| av kakuna|oder so
|c|âburgerfresser|gg
|c| Levinlux|lol
|c| Silver99|gg
|
|switch|p2a: Landorus-Therian|Landorus-Therian, M|131\/319
|-ability|p2a: Landorus-Therian|Intimidate|[of] p1a: Celebisexual
|-unboost|p1a: Celebisexual|atk|1
|turn|60
|c|âburgerfresser|u-turn macht btw ca 70%
|c| Levinlux|thx based RNGesus
|c|âCappuTeamTesting|gg
|c| av kakuna|ah
|c|âburgerfresser|aber giga drain hÃ¤tte eh nicht gekillt schÃ¤tz ich mal
|c| teamtesting3|naja burgers come back war rng geschuldet, da ist es nur passend das es durch rng endet^^
|
|move|p2a: Landorus-Therian|U-turn|p1a: Celebisexual
|-supereffective|p1a: Celebisexual
|-damage|p1a: Celebisexual|0 fnt
|faint|p1a: Celebisexual
|
|win|CappuTeamTesting
|c| Nawashi|macht doch mal wa
|leave|Nawashi
|leave|av kakuna
|leave|Sensory
|leave|Gandi
|leave|teamtesting3
|leave|Shizuki
|leave|Silver99
|leave|CappuTeamTesting
|player|p2
|leave|AdvanceShip
|leave|redevil360
|leave|titaniteslap
|join|CappuTeamTesting