|join|teamtester420
|join|burgerfresser
|player|p1|teamtester420|266
|player|p2|burgerfresser|70
|gametype|singles
|gen|6
|tier|OU
|rated
|clearpoke
|poke|p1|Slowbro, M, shiny
|poke|p1|Talonflame, F
|poke|p1|Chansey, F
|poke|p1|Ferrothorn, M
|poke|p1|Espeon, F
|poke|p1|Weavile, F
|poke|p2|Gyarados, M
|poke|p2|Latias, F
|poke|p2|Thundurus, M
|poke|p2|Heatran, M
|poke|p2|Landorus-Therian, M
|poke|p2|Chesnaught, M
|rule|Swagger Clause: Swagger is banned
|rule|Baton Pass Clause: Limit one PokÃ©mon knowing Baton Pass
|rule|Sleep Clause Mod: Limit one foe put to sleep
|rule|Species Clause: Limit one of each PokÃ©mon
|rule|OHKO Clause: OHKO moves are banned
|rule|Moody Clause: Moody is banned
|rule|Evasion Moves Clause: Evasion moves are banned
|rule|Endless Battle Clause: Forcing endless battles is banned
|rule|HP Percentage Mod: HP is shown in percentages
|teampreview
|
|start
|switch|p1a: Free Hugs|Ferrothorn, M|351\/351
|switch|p2a: Gyarados|Gyarados, M|343\/343
|-ability|p2a: Gyarados|Intimidate|[of] p1a: Free Hugs
|-unboost|p1a: Free Hugs|atk|1
|turn|1
|join|AvShip on ladder
|
|move|p2a: Gyarados|Taunt|p1a: Free Hugs
|-start|p1a: Free Hugs|move: Taunt
|cant|p1a: Free Hugs|move: Taunt|Stealth Rock
|
|turn|2
|c| AvShip on ladder|yes
|c|âburgerfresser|._.
|
|switch|p1a: Best Mega|Slowbro, M, shiny|393\/393
|move|p2a: Gyarados|Dragon Dance|p2a: Gyarados
|-boost|p2a: Gyarados|atk|1
|-boost|p2a: Gyarados|spe|1
|
|turn|3
|c|âburgerfresser|uh
|c|âburgerfresser|the counter
|c| AvShip on ladder|ok now sub would be better
|
|detailschange|p2a: Gyarados|Gyarados-Mega, M
|-mega|p2a: Gyarados|Gyarados|Gyaradosite
|-ability|p2a: Gyarados|Mold Breaker
|detailschange|p1a: Best Mega|Slowbro-Mega, M, shiny
|-mega|p1a: Best Mega|Slowbro|Slowbronite
|move|p2a: Gyarados|Crunch|p1a: Best Mega
|-supereffective|p1a: Best Mega
|-damage|p1a: Best Mega|153\/393
|-unboost|p1a: Best Mega|def|1
|move|p1a: Best Mega|Scald|p2a: Gyarados
|-resisted|p2a: Gyarados
|-damage|p2a: Gyarados|295\/343
|
|turn|4
|
|switch|p1a: Free Hugs|Ferrothorn, M|351\/351
|move|p2a: Gyarados|Crunch|p1a: Free Hugs
|-damage|p1a: Free Hugs|212\/351
|-damage|p2a: Gyarados|253\/343|[from] ability: Iron Barbs|[of] p1a: Free Hugs
|-damage|p2a: Gyarados|196\/343|[from] item: Rocky Helmet|[of] p1a: Free Hugs
|
|turn|5
|
|move|p2a: Gyarados|Taunt|p1a: Free Hugs
|-start|p1a: Free Hugs|move: Taunt
|move|p1a: Free Hugs|Gyro Ball|p2a: Gyarados
|-resisted|p2a: Gyarados
|-damage|p2a: Gyarados|123\/343
|
|turn|6
|
|switch|p2a: Heatran|Heatran, M|385\/385
|move|p1a: Free Hugs|Gyro Ball|p2a: Heatran
|-resisted|p2a: Heatran
|-damage|p2a: Heatran|351\/385
|
|-heal|p2a: Heatran|375\/385|[from] item: Leftovers
|turn|7
|
|switch|p1a: lol|Chansey, F|703\/703
|move|p2a: Heatran|Fire Blast|p1a: lol
|-damage|p1a: lol|595\/703
|
|-heal|p2a: Heatran|385\/385|[from] item: Leftovers
|turn|8
|
|move|p2a: Heatran|Taunt|p1a: lol
|-start|p1a: lol|move: Taunt
|move|p1a: lol|Seismic Toss|p2a: Heatran
|-damage|p2a: Heatran|285\/385
|
|-heal|p2a: Heatran|309\/385|[from] item: Leftovers
|turn|9
|
|move|p2a: Heatran|Fire Blast|p1a: lol
|-damage|p1a: lol|492\/703
|move|p1a: lol|Seismic Toss|p2a: Heatran
|-damage|p2a: Heatran|209\/385
|
|-heal|p2a: Heatran|233\/385|[from] item: Leftovers
|turn|10
|
|move|p2a: Heatran|Stealth Rock|p1a: lol
|-sidestart|p1: teamtester420|move: Stealth Rock
|move|p1a: lol|Seismic Toss|p2a: Heatran
|-damage|p2a: Heatran|133\/385
|
|-heal|p2a: Heatran|157\/385|[from] item: Leftovers
|-end|p1a: lol|move: Taunt
|turn|11
|
|move|p2a: Heatran|Taunt|p1a: lol
|-start|p1a: lol|move: Taunt
|move|p1a: lol|Seismic Toss|p2a: Heatran
|-damage|p2a: Heatran|57\/385
|
|-heal|p2a: Heatran|81\/385|[from] item: Leftovers
|turn|12
|
|switch|p2a: Chesnaught|Chesnaught, M|380\/380
|move|p1a: lol|Seismic Toss|p2a: Chesnaught
|-damage|p2a: Chesnaught|280\/380
|
|-heal|p2a: Chesnaught|303\/380|[from] item: Leftovers
|turn|13
|
|switch|p1a: Free Hugs|Ferrothorn, M|212\/351
|-damage|p1a: Free Hugs|191\/351|[from] Stealth Rock
|move|p2a: Chesnaught|Leech Seed|p1a: Free Hugs
|-immune|p1a: Free Hugs|[msg]
|
|-heal|p2a: Chesnaught|326\/380|[from] item: Leftovers
|turn|14
|
|move|p2a: Chesnaught|Drain Punch|p1a: Free Hugs
|-supereffective|p1a: Free Hugs
|-damage|p1a: Free Hugs|87\/351
|-heal|p2a: Chesnaught|378\/380|[from] drain|[of] p1a: Free Hugs
|-damage|p2a: Chesnaught|331\/380|[from] ability: Iron Barbs|[of] p1a: Free Hugs
|-damage|p2a: Chesnaught|268\/380|[from] item: Rocky Helmet|[of] p1a: Free Hugs
|move|p1a: Free Hugs|Stealth Rock|p2a: Chesnaught
|-sidestart|p2: burgerfresser|move: Stealth Rock
|
|-heal|p2a: Chesnaught|291\/380|[from] item: Leftovers
|turn|15
|
|switch|p1a: Pyrogrine|Talonflame, F|298\/298
|-damage|p1a: Pyrogrine|149\/298|[from] Stealth Rock
|-enditem|p1a: Pyrogrine|Sitrus Berry|[eat]
|-heal|p1a: Pyrogrine|223\/298|[from] item: Sitrus Berry
|move|p2a: Chesnaught|Drain Punch|p1a: Pyrogrine
|-resisted|p1a: Pyrogrine
|-damage|p1a: Pyrogrine|158\/298
|-heal|p2a: Chesnaught|324\/380|[from] drain|[of] p1a: Pyrogrine
|
|-heal|p2a: Chesnaught|347\/380|[from] item: Leftovers
|turn|16
|c| AvShip on ladder|acrobatics
|
|switch|p2a: Landorus-Therian|Landorus-Therian, M|319\/319
|-damage|p2a: Landorus-Therian|280\/319|[from] Stealth Rock
|-ability|p2a: Landorus-Therian|Intimidate|[of] p1a: Pyrogrine
|-unboost|p1a: Pyrogrine|atk|1
|move|p1a: Pyrogrine|Roost|p1a: Pyrogrine
|-heal|p1a: Pyrogrine|298\/298
|
|turn|17
|
|move|p2a: Landorus-Therian|U-turn|p1a: Pyrogrine
|-resisted|p1a: Pyrogrine
|-damage|p1a: Pyrogrine|270\/298
|c|âburgerfresser|>stays in
|c| AvShip on ladder|good players
|
|switch|p2a: Thundurus|Thundurus, M|299\/299
|-damage|p2a: Thundurus|225\/299|[from] Stealth Rock
|move|p1a: Pyrogrine|Will-O-Wisp|p2a: Thundurus
|-status|p2a: Thundurus|brn
|
|-damage|p2a: Thundurus|188\/299 brn|[from] brn
|turn|18
|
|switch|p1a: lol|Chansey, F|492\/703
|-damage|p1a: lol|405\/703|[from] Stealth Rock
|move|p2a: Thundurus|Knock Off|p1a: lol
|-damage|p1a: lol|331\/703
|-enditem|p1a: lol|Eviolite|[from] move: Knock Off|[of] p2a: Thundurus
|-damage|p2a: Thundurus|159\/299 brn|[from] item: Life Orb
|
|-damage|p2a: Thundurus|122\/299 brn|[from] brn
|turn|19
|
|switch|p2a: Chesnaught|Chesnaught, M|347\/380
|-damage|p2a: Chesnaught|324\/380|[from] Stealth Rock
|move|p1a: lol|Soft-Boiled|p1a: lol
|-heal|p1a: lol|683\/703
|
|-heal|p2a: Chesnaught|347\/380|[from] item: Leftovers
|turn|20
|
|switch|p1a: Free Hugs|Ferrothorn, M|87\/351
|-damage|p1a: Free Hugs|66\/351|[from] Stealth Rock
|move|p2a: Chesnaught|Leech Seed|p1a: Free Hugs
|-immune|p1a: Free Hugs|[msg]
|
|-heal|p2a: Chesnaught|370\/380|[from] item: Leftovers
|turn|21
|
|move|p2a: Chesnaught|Spikes|p1a: Free Hugs
|-sidestart|p1: teamtester420|Spikes
|move|p1a: Free Hugs|Thunder Wave|p2a: Chesnaught
|-status|p2a: Chesnaught|par
|
|-heal|p2a: Chesnaught|380\/380 par|[from] item: Leftovers
|turn|22
|
|switch|p1a: SunScreen|Espeon, F|334\/334
|-damage|p1a: SunScreen|293\/334|[from] Spikes
|-damage|p1a: SunScreen|252\/334|[from] Stealth Rock
|cant|p2a: Chesnaught|par
|
|turn|23
|
|switch|p2a: Landorus-Therian|Landorus-Therian, M|280\/319
|-damage|p2a: Landorus-Therian|241\/319|[from] Stealth Rock
|-ability|p2a: Landorus-Therian|Intimidate|[of] p1a: SunScreen
|-unboost|p1a: SunScreen|atk|1
|move|p1a: SunScreen|Wish|p1a: SunScreen
|
|turn|24
|
|move|p2a: Landorus-Therian|U-turn|p1a: SunScreen
|-supereffective|p1a: SunScreen
|-damage|p1a: SunScreen|0 fnt
|faint|p1a: SunScreen
|
|switch|p2a: Latias|Latias, F|319\/319
|-damage|p2a: Latias|280\/319|[from] Stealth Rock
|
|
|switch|p1a: FrostBite|Weavile, F|281\/281
|-damage|p1a: FrostBite|211\/281|[from] Stealth Rock
|-damage|p1a: FrostBite|176\/281|[from] Spikes
|-ability|p1a: FrostBite|Pressure
|turn|25
|
|switch|p2a: Chesnaught|Chesnaught, M|380\/380 par
|-damage|p2a: Chesnaught|357\/380 par|[from] Stealth Rock
|move|p1a: FrostBite|Ice Punch|p2a: Chesnaught
|-crit|p2a: Chesnaught
|-supereffective|p2a: Chesnaught
|-damage|p2a: Chesnaught|74\/380 par
|-damage|p1a: FrostBite|148\/281|[from] item: Life Orb
|
|-heal|p2a: Chesnaught|97\/380 par|[from] item: Leftovers
|turn|26
|
|move|p1a: FrostBite|Ice Shard|p2a: Chesnaught
|-supereffective|p2a: Chesnaught
|-damage|p2a: Chesnaught|0 fnt
|-damage|p1a: FrostBite|120\/281|[from] item: Life Orb
|faint|p2a: Chesnaught
|
|
|switch|p2a: Landorus-Therian|Landorus-Therian, M|241\/319
|-damage|p2a: Landorus-Therian|202\/319|[from] Stealth Rock
|-ability|p2a: Landorus-Therian|Intimidate|[of] p1a: FrostBite
|-unboost|p1a: FrostBite|atk|1
|turn|27
|c| AvShip on ladder|immerhin kein mamo
|c|âburgerfresser|lol
|
|move|p1a: FrostBite|Ice Shard|p2a: Landorus-Therian
|-supereffective|p2a: Landorus-Therian
|-damage|p2a: Landorus-Therian|0 fnt
|-damage|p1a: FrostBite|92\/281|[from] item: Life Orb
|faint|p2a: Landorus-Therian
|
|
|switch|p2a: Latias|Latias, F|280\/319
|-damage|p2a: Latias|241\/319|[from] Stealth Rock
|turn|28
|
|move|p1a: FrostBite|Knock Off|p2a: Latias
|-supereffective|p2a: Latias
|-damage|p2a: Latias|0 fnt
|-enditem|p2a: Latias|Life Orb|[from] move: Knock Off|[of] p1a: FrostBite
|-damage|p1a: FrostBite|64\/281|[from] item: Life Orb
|faint|p2a: Latias
|
|
|switch|p2a: Gyarados|Gyarados-Mega, M|123\/343
|-damage|p2a: Gyarados|81\/343|[from] Stealth Rock
|-ability|p2a: Gyarados|Mold Breaker
|turn|29
|
|move|p1a: FrostBite|Low Kick|p2a: Gyarados
|-supereffective|p2a: Gyarados
|-damage|p2a: Gyarados|0 fnt
|-damage|p1a: FrostBite|36\/281|[from] item: Life Orb
|faint|p2a: Gyarados
|
|-message|burgerfresser forfeited.
|
|win|teamtester420
|raw|Ladder updating...
|c|âteamtester420|GG :^)
|raw|teamtester420's rating: 1411 &rarr; <strong>1435<\/strong><br \/>(+24 for winning)
|raw|burgerfresser's rating: 1479 &rarr; <strong>1455<\/strong><br \/>(-24 for losing)
|leave|AvShip on ladder