|join|burgerfresser
|join|ChoiceSpec
|player|p1|burgerfresser|260
|player|p2|ChoiceSpec|265
|gametype|singles
|gen|6
|tier|OU
|rated
|clearpoke
|poke|p1|Gardevoir, F
|poke|p1|Landorus-Therian, M
|poke|p1|Celebi
|poke|p1|Keldeo-Resolute
|poke|p1|Zapdos
|poke|p1|Entei, shiny
|poke|p2|Alomomola, F
|poke|p2|Sableye, F
|poke|p2|Quagsire, F
|poke|p2|Chansey, F
|poke|p2|Skarmory, F
|poke|p2|Clefable, F
|rule|Swagger Clause: Swagger is banned
|rule|Baton Pass Clause: Limit one PokÃ©mon knowing Baton Pass
|rule|Sleep Clause Mod: Limit one foe put to sleep
|rule|Species Clause: Limit one of each PokÃ©mon
|rule|OHKO Clause: OHKO moves are banned
|rule|Moody Clause: Moody is banned
|rule|Evasion Moves Clause: Evasion moves are banned
|rule|Endless Battle Clause: Forcing endless battles is banned
|rule|HP Percentage Mod: HP is shown in percentages
|teampreview
|
|start
|switch|p1a: Gardewhore|Gardevoir, F|283\/283
|switch|p2a: Dani Daniels|Sableye, F|304\/304
|-ability|p1a: Gardewhore|Prankster|[from] ability: Trace|[of] p2a: Dani Daniels
|turn|1
|
|switch|p2a: Kendra Lust|Chansey, F|703\/703
|detailschange|p1a: Gardewhore|Gardevoir-Mega, F
|-mega|p1a: Gardewhore|Gardevoir|Gardevoirite
|move|p1a: Gardewhore|Hyper Voice|p2a: Kendra Lust
|-damage|p2a: Kendra Lust|556\/703
|
|turn|2
|
|switch|p2a: Lisa Ann|Alomomola, F|533\/533
|move|p1a: Gardewhore|Taunt|p2a: Lisa Ann
|-start|p2a: Lisa Ann|move: Taunt
|
|turn|3
|c|âburgerfresser|dat name :3
|
|switch|p2a: Kendra Lust|Chansey, F|556\/703
|move|p1a: Gardewhore|Hyper Voice|p2a: Kendra Lust
|-damage|p2a: Kendra Lust|406\/703
|
|turn|4
|
|switch|p2a: Dani Daniels|Sableye, F|304\/304
|move|p1a: Gardewhore|Psyshock|p2a: Dani Daniels
|-immune|p2a: Dani Daniels|[msg]
|
|turn|5
|c|âburgerfresser|plays
|
|switch|p2a: Asa Akira|Skarmory, F|334\/334
|move|p1a: Gardewhore|Hyper Voice|p2a: Asa Akira
|-resisted|p2a: Asa Akira
|-damage|p2a: Asa Akira|182\/334
|
|-heal|p2a: Asa Akira|202\/334|[from] item: Leftovers
|turn|6
|
|switch|p2a: Rachel Starr|Clefable, F|394\/394
|move|p1a: Gardewhore|Focus Blast|p2a: Rachel Starr|[miss]
|-miss|p1a: Gardewhore|p2a: Rachel Starr
|
|turn|7
|c|âburgerfresser|those names god xD
|
|move|p1a: Gardewhore|Hyper Voice|p2a: Rachel Starr
|-damage|p2a: Rachel Starr|219\/394
|move|p2a: Rachel Starr|Moonblast|p1a: Gardewhore
|-damage|p1a: Gardewhore|207\/283
|
|-heal|p2a: Rachel Starr|243\/394|[from] item: Leftovers
|turn|8
|
|switch|p2a: Dani Daniels|Sableye, F|304\/304
|move|p1a: Gardewhore|Taunt|p2a: Dani Daniels
|-start|p2a: Dani Daniels|move: Taunt
|
|turn|9
|
|move|p1a: Gardewhore|Hyper Voice|p2a: Dani Daniels
|-supereffective|p2a: Dani Daniels
|-damage|p2a: Dani Daniels|0 fnt
|faint|p2a: Dani Daniels
|
|
|switch|p2a: Kendra Lust|Chansey, F|406\/703
|turn|10
|
|move|p1a: Gardewhore|Taunt|p2a: Kendra Lust
|-start|p2a: Kendra Lust|move: Taunt
|move|p2a: Kendra Lust|Seismic Toss|p1a: Gardewhore
|-damage|p1a: Gardewhore|107\/283
|
|turn|11
|
|move|p1a: Gardewhore|Psyshock|p2a: Kendra Lust
|-damage|p2a: Kendra Lust|166\/703
|move|p2a: Kendra Lust|Seismic Toss|p1a: Gardewhore
|-damage|p1a: Gardewhore|7\/283
|
|turn|12
|
|move|p1a: Gardewhore|Psyshock|p2a: Kendra Lust
|-damage|p2a: Kendra Lust|0 fnt
|faint|p2a: Kendra Lust
|
|
|switch|p2a: Rachel Starr|Clefable, F|243\/394
|turn|13
|
|switch|p1a: Hentei|Entei, shiny|371\/371
|-ability|p1a: Hentei|Pressure
|move|p2a: Rachel Starr|Soft-Boiled|p2a: Rachel Starr
|-heal|p2a: Rachel Starr|394\/394
|
|turn|14
|
|switch|p2a: Shay Foxx|Quagsire, F|394\/394
|move|p1a: Hentei|Sacred Fire|p2a: Shay Foxx
|-resisted|p2a: Shay Foxx
|-damage|p2a: Shay Foxx|291\/394
|
|-heal|p2a: Shay Foxx|315\/394|[from] item: Leftovers
|turn|15
|
|switch|p1a: Celebisexsual|Celebi|403\/403
|switch|p2a: Rachel Starr|Clefable, F|394\/394
|
|turn|16
|
|move|p1a: Celebisexsual|Stealth Rock|p2a: Rachel Starr
|-sidestart|p2: ChoiceSpec|move: Stealth Rock
|move|p2a: Rachel Starr|Stealth Rock|p1a: Celebisexsual
|-sidestart|p1: burgerfresser|move: Stealth Rock
|
|turn|17
|
|switch|p2a: Asa Akira|Skarmory, F|202\/334
|-damage|p2a: Asa Akira|161\/334|[from] Stealth Rock
|move|p1a: Celebisexsual|U-turn|p2a: Asa Akira
|-resisted|p2a: Asa Akira
|-damage|p2a: Asa Akira|154\/334
|
|switch|p1a: Hentei|Entei, shiny|371\/371
|-damage|p1a: Hentei|279\/371|[from] Stealth Rock
|-ability|p1a: Hentei|Pressure
|
|-heal|p2a: Asa Akira|174\/334|[from] item: Leftovers
|turn|18
|
|switch|p2a: Lisa Ann|Alomomola, F|533\/533
|-damage|p2a: Lisa Ann|467\/533|[from] Stealth Rock
|move|p1a: Hentei|Sacred Fire|p2a: Lisa Ann
|-resisted|p2a: Lisa Ann
|-damage|p2a: Lisa Ann|350\/533
|-status|p2a: Lisa Ann|brn
|
|-heal|p2a: Lisa Ann|383\/533 brn|[from] item: Leftovers
|-damage|p2a: Lisa Ann|317\/533 brn|[from] brn
|turn|19
|
|switch|p1a: Fap-Dos|Zapdos|384\/384
|-damage|p1a: Fap-Dos|288\/384|[from] Stealth Rock
|-ability|p1a: Fap-Dos|Pressure
|move|p2a: Lisa Ann|Knock Off|p1a: Fap-Dos
|-damage|p1a: Fap-Dos|263\/384
|-enditem|p1a: Fap-Dos|Leftovers|[from] move: Knock Off|[of] p2a: Lisa Ann
|
|-heal|p2a: Lisa Ann|350\/533 brn|[from] item: Leftovers
|-damage|p2a: Lisa Ann|284\/533 brn|[from] brn
|turn|20
|
|switch|p2a: Rachel Starr|Clefable, F|394\/394
|move|p1a: Fap-Dos|Toxic|p2a: Rachel Starr
|-status|p2a: Rachel Starr|tox
|
|turn|21
|
|switch|p1a: Hentei|Entei, shiny|279\/371
|-damage|p1a: Hentei|187\/371|[from] Stealth Rock
|-ability|p1a: Hentei|Pressure
|move|p2a: Rachel Starr|Moonblast|p1a: Hentei
|-resisted|p1a: Hentei
|-damage|p1a: Hentei|117\/371
|
|turn|22
|
|move|p1a: Hentei|Sacred Fire|p2a: Rachel Starr
|-damage|p2a: Rachel Starr|27\/394 tox
|move|p2a: Rachel Starr|Soft-Boiled|p2a: Rachel Starr
|-heal|p2a: Rachel Starr|224\/394 tox
|
|-heal|p2a: Rachel Starr|248\/394 tox|[from] item: Leftovers
|turn|23
|
|switch|p2a: Lisa Ann|Alomomola, F|461\/533 brn
|-damage|p2a: Lisa Ann|395\/533 brn|[from] Stealth Rock
|move|p1a: Hentei|Sacred Fire|p2a: Lisa Ann
|-resisted|p2a: Lisa Ann
|-damage|p2a: Lisa Ann|293\/533 brn
|
|-heal|p2a: Lisa Ann|326\/533 brn|[from] item: Leftovers
|-damage|p2a: Lisa Ann|260\/533 brn|[from] brn
|turn|24
|
|switch|p1a: Celebisexsual|Celebi|403\/403
|-damage|p1a: Celebisexsual|353\/403|[from] Stealth Rock
|move|p2a: Lisa Ann|Toxic|p1a: Celebisexsual
|-status|p1a: Celebisexsual|tox
|
|-heal|p1a: Celebisexsual|378\/403 tox|[from] item: Leftovers
|-heal|p2a: Lisa Ann|293\/533 brn|[from] item: Leftovers
|-damage|p1a: Celebisexsual|353\/403 tox|[from] psn
|-damage|p2a: Lisa Ann|227\/533 brn|[from] brn
|turn|25
|
|switch|p2a: Rachel Starr|Clefable, F|248\/394 tox
|move|p1a: Celebisexsual|U-turn|p2a: Rachel Starr
|-resisted|p2a: Rachel Starr
|-damage|p2a: Rachel Starr|216\/394 tox
|c|âChoiceSpec|i made
|c|âChoiceSpec|so many bad plays
|c|âChoiceSpec|in the beginning
|
|switch|p1a: Hentei|Entei, shiny|117\/371
|-damage|p1a: Hentei|25\/371|[from] Stealth Rock
|-ability|p1a: Hentei|Pressure
|
|-heal|p2a: Rachel Starr|240\/394 tox|[from] item: Leftovers
|turn|26
|c|âChoiceSpec|fuck
|
|switch|p2a: Lisa Ann|Alomomola, F|404\/533 brn
|-damage|p2a: Lisa Ann|338\/533 brn|[from] Stealth Rock
|move|p1a: Hentei|Sacred Fire|p2a: Lisa Ann
|-resisted|p2a: Lisa Ann
|-damage|p2a: Lisa Ann|221\/533 brn
|
|-heal|p2a: Lisa Ann|254\/533 brn|[from] item: Leftovers
|-damage|p2a: Lisa Ann|188\/533 brn|[from] brn
|turn|27
|
|move|p1a: Hentei|Sacred Fire|p2a: Lisa Ann
|-resisted|p2a: Lisa Ann
|-damage|p2a: Lisa Ann|78\/533 brn
|move|p2a: Lisa Ann|Scald|p1a: Hentei
|-supereffective|p1a: Hentei
|-damage|p1a: Hentei|0 fnt
|faint|p1a: Hentei
|
|-heal|p2a: Lisa Ann|111\/533 brn|[from] item: Leftovers
|-damage|p2a: Lisa Ann|45\/533 brn|[from] brn
|c|âburgerfresser|and i still lose vs cleff >.>
|
|switch|p1a: Landorus-Therian|Landorus-Therian, M|319\/319
|-damage|p1a: Landorus-Therian|280\/319|[from] Stealth Rock
|-ability|p1a: Landorus-Therian|Intimidate|[of] p2a: Lisa Ann
|-unboost|p2a: Lisa Ann|atk|1
|turn|28
|c|âChoiceSpec|your team cant do shit to it tbh
|
|switch|p2a: Asa Akira|Skarmory, F|174\/334
|-damage|p2a: Asa Akira|133\/334|[from] Stealth Rock
|move|p1a: Landorus-Therian|U-turn|p2a: Asa Akira
|-resisted|p2a: Asa Akira
|-damage|p2a: Asa Akira|119\/334
|
|switch|p1a: Dildohead|Keldeo-Resolute|323\/323
|-damage|p1a: Dildohead|303\/323|[from] Stealth Rock
|
|-heal|p2a: Asa Akira|139\/334|[from] item: Leftovers
|turn|29
|
|move|p1a: Dildohead|Scald|p2a: Asa Akira
|-damage|p2a: Asa Akira|0 fnt
|faint|p2a: Asa Akira
|
|
|switch|p2a: Rachel Starr|Clefable, F|240\/394 tox
|turn|30
|
|switch|p1a: Landorus-Therian|Landorus-Therian, M|280\/319
|-damage|p1a: Landorus-Therian|241\/319|[from] Stealth Rock
|-ability|p1a: Landorus-Therian|Intimidate|[of] p2a: Rachel Starr
|-unboost|p2a: Rachel Starr|atk|1
|move|p2a: Rachel Starr|Soft-Boiled|p2a: Rachel Starr
|-heal|p2a: Rachel Starr|394\/394 tox
|
|turn|31
|
|switch|p2a: Shay Foxx|Quagsire, F|315\/394
|-damage|p2a: Shay Foxx|291\/394|[from] Stealth Rock
|move|p1a: Landorus-Therian|Earthquake|p2a: Shay Foxx
|-crit|p2a: Shay Foxx
|-damage|p2a: Shay Foxx|60\/394
|
|-heal|p2a: Shay Foxx|84\/394|[from] item: Leftovers
|turn|32
|c|âChoiceSpec|fuck that crit
|c|âChoiceSpec|omfg
|c|âburgerfresser|sry
|c|âChoiceSpec|gay af
|c|âChoiceSpec|lost now
|
|move|p1a: Landorus-Therian|Earthquake|p2a: Shay Foxx
|-damage|p2a: Shay Foxx|0 fnt
|faint|p2a: Shay Foxx
|
|
|switch|p2a: Lisa Ann|Alomomola, F|222\/533 brn
|-damage|p2a: Lisa Ann|156\/533 brn|[from] Stealth Rock
|turn|33
|
|move|p1a: Landorus-Therian|Earthquake|p2a: Lisa Ann
|-damage|p2a: Lisa Ann|8\/533 brn
|move|p2a: Lisa Ann|Scald|p1a: Landorus-Therian
|-supereffective|p1a: Landorus-Therian
|-damage|p1a: Landorus-Therian|137\/319
|-status|p1a: Landorus-Therian|brn
|
|-heal|p2a: Lisa Ann|41\/533 brn|[from] item: Leftovers
|-damage|p1a: Landorus-Therian|98\/319 brn|[from] brn
|-damage|p2a: Lisa Ann|0 fnt|[from] brn
|faint|p2a: Lisa Ann
|c|âChoiceSpec|YESSS
|c|âChoiceSpec|HAHAHAA
|
|switch|p2a: Rachel Starr|Clefable, F|394\/394 tox
|turn|34
|
|move|p1a: Landorus-Therian|Earthquake|p2a: Rachel Starr
|-damage|p2a: Rachel Starr|264\/394 tox
|move|p2a: Rachel Starr|Moonblast|p1a: Landorus-Therian
|-damage|p1a: Landorus-Therian|0 fnt
|faint|p1a: Landorus-Therian
|
|-heal|p2a: Rachel Starr|288\/394 tox|[from] item: Leftovers
|
|switch|p1a: Dildohead|Keldeo-Resolute|303\/323
|-damage|p1a: Dildohead|283\/323|[from] Stealth Rock
|turn|35
|
|move|p1a: Dildohead|Hydro Pump|p2a: Rachel Starr
|-damage|p2a: Rachel Starr|81\/394 tox
|move|p2a: Rachel Starr|Soft-Boiled|p2a: Rachel Starr
|-heal|p2a: Rachel Starr|278\/394 tox
|
|-heal|p2a: Rachel Starr|302\/394 tox|[from] item: Leftovers
|turn|36
|
|move|p1a: Dildohead|Hydro Pump|p2a: Rachel Starr
|-damage|p2a: Rachel Starr|91\/394 tox
|move|p2a: Rachel Starr|Soft-Boiled|p2a: Rachel Starr
|-heal|p2a: Rachel Starr|288\/394 tox
|
|-heal|p2a: Rachel Starr|312\/394 tox|[from] item: Leftovers
|turn|37
|
|move|p1a: Dildohead|Hydro Pump|p2a: Rachel Starr|[miss]
|-miss|p1a: Dildohead|p2a: Rachel Starr
|move|p2a: Rachel Starr|Soft-Boiled|p2a: Rachel Starr
|-heal|p2a: Rachel Starr|394\/394 tox
|
|turn|38
|
|move|p1a: Dildohead|Hydro Pump|p2a: Rachel Starr
|-damage|p2a: Rachel Starr|183\/394 tox
|move|p2a: Rachel Starr|Moonblast|p1a: Dildohead
|-supereffective|p1a: Dildohead
|-damage|p1a: Dildohead|47\/323
|-unboost|p1a: Dildohead|spa|1
|
|-heal|p2a: Rachel Starr|207\/394 tox|[from] item: Leftovers
|turn|39
|c|âburgerfresser|omfg
|c|âburgerfresser|dat drop
|
|move|p1a: Dildohead|Hydro Pump|p2a: Rachel Starr|[miss]
|-miss|p1a: Dildohead|p2a: Rachel Starr
|move|p2a: Rachel Starr|Soft-Boiled|p2a: Rachel Starr
|-heal|p2a: Rachel Starr|394\/394 tox
|
|turn|40
|c|âChoiceSpec|right in the pussy
|c|âburgerfresser|lulz
|
|switch|p1a: Fap-Dos|Zapdos|263\/384
|-damage|p1a: Fap-Dos|167\/384|[from] Stealth Rock
|-ability|p1a: Fap-Dos|Pressure
|move|p2a: Rachel Starr|Moonblast|p1a: Fap-Dos
|-damage|p1a: Fap-Dos|53\/384
|-unboost|p1a: Fap-Dos|spa|1
|
|turn|41
|c|âChoiceSpec|dat drop
|
|move|p1a: Fap-Dos|Roost|p1a: Fap-Dos
|-heal|p1a: Fap-Dos|245\/384
|move|p2a: Rachel Starr|Moonblast|p1a: Fap-Dos
|-damage|p1a: Fap-Dos|125\/384
|-unboost|p1a: Fap-Dos|spa|1
|
|turn|42
|c|âChoiceSpec|DAT SECOND DROP D:
|
|move|p1a: Fap-Dos|Roost|p1a: Fap-Dos
|-heal|p1a: Fap-Dos|317\/384
|move|p2a: Rachel Starr|Flamethrower|p1a: Fap-Dos
|-damage|p1a: Fap-Dos|244\/384
|
|turn|43
|c|âburgerfresser|^^
|
|move|p1a: Fap-Dos|Roost|p1a: Fap-Dos
|-heal|p1a: Fap-Dos|384\/384
|move|p2a: Rachel Starr|Moonblast|p1a: Fap-Dos
|-damage|p1a: Fap-Dos|266\/384
|
|turn|44
|
|move|p1a: Fap-Dos|Roost|p1a: Fap-Dos
|-heal|p1a: Fap-Dos|384\/384
|move|p2a: Rachel Starr|Flamethrower|p1a: Fap-Dos
|-crit|p1a: Fap-Dos
|-damage|p1a: Fap-Dos|267\/384
|
|turn|45
|join|Bâ¥aâ¥uâ¥eâ¥râ¥
|
|move|p1a: Fap-Dos|Roost|p1a: Fap-Dos
|-heal|p1a: Fap-Dos|384\/384
|move|p2a: Rachel Starr|Flamethrower|p1a: Fap-Dos
|-damage|p1a: Fap-Dos|308\/384
|
|turn|46
|
|move|p1a: Fap-Dos|Thunderbolt|p2a: Rachel Starr
|-damage|p2a: Rachel Starr|340\/394 tox
|move|p2a: Rachel Starr|Moonblast|p1a: Fap-Dos
|-damage|p1a: Fap-Dos|199\/384
|-unboost|p1a: Fap-Dos|spa|1
|
|-heal|p2a: Rachel Starr|364\/394 tox|[from] item: Leftovers
|turn|47
|
|move|p1a: Fap-Dos|Roost|p1a: Fap-Dos
|-heal|p1a: Fap-Dos|384\/384
|move|p2a: Rachel Starr|Stealth Rock|p1a: Fap-Dos
|-fail|p1a: Fap-Dos
|
|-heal|p2a: Rachel Starr|388\/394 tox|[from] item: Leftovers
|turn|48
|c| Bâ¥aâ¥uâ¥eâ¥râ¥|kek
|c|âChoiceSpec|pp stall
|c|âChoiceSpec|LETS GO
|c|âChoiceSpec|1v4
|c|âChoiceSpec|you cant do shit to me
|
|move|p1a: Fap-Dos|Defog|p2a: Rachel Starr
|-unboost|p2a: Rachel Starr|evasion|1
|-sideend|p2: ChoiceSpec|Stealth Rock|[from] move: Defog|[of] p2a: Rachel Starr
|-sideend|p1: burgerfresser|Stealth Rock|[from] move: Defog|[of] p1a: Fap-Dos
|move|p2a: Rachel Starr|Flamethrower|p1a: Fap-Dos
|-damage|p1a: Fap-Dos|303\/384
|
|-heal|p2a: Rachel Starr|394\/394 tox|[from] item: Leftovers
|turn|49
|c| Bâ¥aâ¥uâ¥eâ¥râ¥|topkek
|c|âChoiceSpec|NIGGA DEFOGS
|c|âburgerfresser|lol
|
|switch|p1a: Gardewhore|Gardevoir-Mega, F|7\/283
|move|p2a: Rachel Starr|Stealth Rock|p1a: Gardewhore
|-sidestart|p1: burgerfresser|move: Stealth Rock
|
|turn|50
|c| Bâ¥aâ¥uâ¥eâ¥râ¥|obv
|
|move|p1a: Gardewhore|Hyper Voice|p2a: Rachel Starr
|-damage|p2a: Rachel Starr|190\/394 tox
|move|p2a: Rachel Starr|Flamethrower|p1a: Gardewhore
|-damage|p1a: Gardewhore|0 fnt
|faint|p1a: Gardewhore
|
|-heal|p2a: Rachel Starr|214\/394 tox|[from] item: Leftovers
|c| Bâ¥aâ¥uâ¥eâ¥râ¥|gg
|c| Bâ¥aâ¥uâ¥eâ¥râ¥|keldeo kills
|
|switch|p1a: Dildohead|Keldeo-Resolute|47\/323
|-damage|p1a: Dildohead|27\/323|[from] Stealth Rock
|turn|51
|c|âburgerfresser|no
|c|âburgerfresser|its a roll
|
|move|p1a: Dildohead|Hydro Pump|p2a: Rachel Starr
|-damage|p2a: Rachel Starr|0 fnt
|faint|p2a: Rachel Starr
|
|win|burgerfresser
|raw|Ladder updating...
|raw|burgerfresser's rating: 1707 &rarr; <strong>1716<\/strong><br \/>(+9 for winning)
|raw|ChoiceSpec's rating: 1510 &rarr; <strong>1500<\/strong><br \/>(-10 for losing)
|leave|ChoiceSpec
|player|p2
|c|âburgerfresser|gg
|c| Bâ¥aâ¥uâ¥eâ¥râ¥|OHA
|c| Bâ¥aâ¥uâ¥eâ¥râ¥|1700