|join|gay ass stall
|join|burgerfresser
|join|Silverstealth3
|join|AvShip on ladder
|join|jason trio
|player|p1|gay ass stall|174
|player|p2|burgerfresser|260
|gametype|singles
|gen|6
|tier|OU (suspect test)
|clearpoke
|poke|p1|Clefable, M
|poke|p1|Arcanine, F
|poke|p1|Mantine, F
|poke|p1|Chesnaught, M
|poke|p1|Ampharos, F
|poke|p1|Bronzong
|poke|p2|Gardevoir, F, shiny
|poke|p2|Keldeo-Resolute
|poke|p2|Landorus-Therian, M
|poke|p2|Amoonguss, M
|poke|p2|Heatran, F
|poke|p2|Zapdos
|rule|Swagger Clause: Swagger is banned
|rule|Baton Pass Clause: Limit one PokÃ©mon knowing Baton Pass
|rule|Sleep Clause Mod: Limit one foe put to sleep
|rule|Species Clause: Limit one of each PokÃ©mon
|rule|OHKO Clause: OHKO moves are banned
|rule|Moody Clause: Moody is banned
|rule|Evasion Moves Clause: Evasion moves are banned
|rule|Endless Battle Clause: Forcing endless battles is banned
|rule|HP Percentage Mod: HP is shown in percentages
|teampreview
|c|âburgerfresser|gl hf c:
|join|alsjdfl
|join|lolurmad
|join|will reqs you mate
|c|âgay ass stall|u2
|c| alsjdfl|oh god the stall is real
|join|Katumaru
|join|DRAGON DIA
|leave|will reqs you mate
|c| Silverstealth3|reel
|c| lolurmad|stall for dayz
|join|AxesOfEvel
|c| alsjdfl|can you make it 150+ turns?
|join|Sal-Mns
|c| AvShip on ladder|lol that pinsir is new on the team burger
|c|âburgerfresser|*zapdos .-.
|c| alsjdfl|was about to say
|c| AvShip on ladder|*zapdos
|c| alsjdfl|what pinsir
|c|âgay ass stall|i plan to win in under 10 turns
|leave|DRAGON DIA
|
|start
|switch|p1a: Bronzong|Bronzong|338\/338
|switch|p2a: Zapdos|Zapdos|384\/384
|-ability|p2a: Zapdos|Pressure
|turn|1
|join|EternusDraco
|join|katadromeas
|
|switch|p2a: Heattransexsual|Heatran, F|385\/385
|move|p1a: Bronzong|Toxic|p2a: Heattransexsual
|-fail|p2a: Heattransexsual
|
|turn|2
|join|PhobiaBB
|c|âgay ass stall|fuck the cancel button
|c| Silverstealth3|HEATRANNY
|join|Too much swog
|
|switch|p1a: Mantine|Mantine, F|333\/333
|move|p2a: Heattransexsual|Stealth Rock|p1a: Mantine
|-sidestart|p1: gay ass stall|move: Stealth Rock
|
|turn|3
|leave|Too much swog
|join|tgnajar
|
|switch|p2a: Zapdos|Zapdos|384\/384
|-ability|p2a: Zapdos|Pressure
|move|p1a: Mantine|Toxic|p2a: Zapdos
|-status|p2a: Zapdos|tox
|
|-damage|p2a: Zapdos|360\/384 tox|[from] psn
|turn|4
|join|Corn Flkes
|c| Sal-Mns|get predicted
|c|âburgerfresser|lol
|
|switch|p2a: Gardewhore|Gardevoir, F, shiny|277\/277
|-ability|p2a: Gardewhore|Water Absorb|[from] ability: Trace|[of] p1a: Mantine
|switch|p1a: Ampharos|Ampharos, F|383\/383
|-damage|p1a: Ampharos|336\/383|[from] Stealth Rock
|
|turn|5
|c| Silverstealth3|Xd
|c| Silverstealth3|the names
|c| Sal-Mns|mazin'
|c|âburgerfresser|.-.
|
|switch|p1a: Bronzong|Bronzong|338\/338
|-damage|p1a: Bronzong|317\/338|[from] Stealth Rock
|detailschange|p2a: Gardewhore|Gardevoir-Mega, F, shiny
|-mega|p2a: Gardewhore|Gardevoir|Gardevoirite
|move|p2a: Gardewhore|Hyper Voice|p1a: Bronzong
|-resisted|p1a: Bronzong
|-damage|p1a: Bronzong|230\/338
|
|-heal|p1a: Bronzong|251\/338|[from] item: Leftovers
|turn|6
|c| Silverstealth3|gardewhore used attract
|c| Silverstealth3|FLAMETHROWER
|
|switch|p2a: Zapdos|Zapdos|360\/384 tox
|-ability|p2a: Zapdos|Pressure
|move|p1a: Bronzong|Stealth Rock|p2a: Zapdos
|-sidestart|p2: burgerfresser|move: Stealth Rock
|
|-heal|p2a: Zapdos|384\/384 tox|[from] item: Leftovers
|-heal|p1a: Bronzong|272\/338|[from] item: Leftovers
|-damage|p2a: Zapdos|360\/384 tox|[from] psn
|turn|7
|c| Sal-Mns|gardewhore used flash
|c| Silverstealth3|gardewhore used taunt
|c| Sal-Mns|jajajajajaja
|join|Alldaalts
|
|switch|p1a: Ampharos|Ampharos, F|336\/383
|-damage|p1a: Ampharos|289\/383|[from] Stealth Rock
|move|p2a: Zapdos|Heat Wave|p1a: Ampharos
|-damage|p1a: Ampharos|221\/383
|
|-heal|p2a: Zapdos|384\/384 tox|[from] item: Leftovers
|-damage|p2a: Zapdos|336\/384 tox|[from] psn
|turn|8
|c| Sal-Mns|te puta
|
|switch|p2a: Heattransexsual|Heatran, F|385\/385
|-damage|p2a: Heattransexsual|337\/385|[from] Stealth Rock
|detailschange|p1a: Ampharos|Ampharos-Mega, F
|-mega|p1a: Ampharos|Ampharos|Ampharosite
|-ability|p1a: Ampharos|Mold Breaker
|move|p1a: Ampharos|Dragon Pulse|p2a: Heattransexsual
|-resisted|p2a: Heattransexsual
|-damage|p2a: Heattransexsual|280\/385
|
|-heal|p2a: Heattransexsual|304\/385|[from] item: Leftovers
|turn|9
|leave|Sal-Mns
|join|DragonOwl678
|c| Silverstealth3|DISCHARGE THEN CONFUSE RAY
|
|switch|p1a: Mantine|Mantine, F|333\/333
|-damage|p1a: Mantine|250\/333|[from] Stealth Rock
|move|p2a: Heattransexsual|Toxic|p1a: Mantine|[miss]
|-miss|p2a: Heattransexsual|p1a: Mantine
|
|-heal|p2a: Heattransexsual|328\/385|[from] item: Leftovers
|-heal|p1a: Mantine|270\/333|[from] item: Leftovers
|turn|10
|c|âburgerfresser|ofc
|
|move|p2a: Heattransexsual|Toxic|p1a: Mantine
|-status|p1a: Mantine|tox
|move|p1a: Mantine|Scald|p2a: Heattransexsual
|-supereffective|p2a: Heattransexsual
|-damage|p2a: Heattransexsual|212\/385
|
|-heal|p2a: Heattransexsual|236\/385|[from] item: Leftovers
|-heal|p1a: Mantine|290\/333 tox|[from] item: Leftovers
|-damage|p1a: Mantine|270\/333 tox|[from] psn
|turn|11
|c| Katumaru|those nicknames^^
|
|move|p2a: Heattransexsual|Protect|p2a: Heattransexsual
|-singleturn|p2a: Heattransexsual|Protect
|move|p1a: Mantine|Scald|p2a: Heattransexsual
|-activate|p2a: Heattransexsual|Protect
|
|-heal|p2a: Heattransexsual|260\/385|[from] item: Leftovers
|-heal|p1a: Mantine|290\/333 tox|[from] item: Leftovers
|-damage|p1a: Mantine|250\/333 tox|[from] psn
|turn|12
|c|âburgerfresser|^-^
|
|move|p2a: Heattransexsual|Stealth Rock|p1a: Mantine
|-fail|p1a: Mantine
|move|p1a: Mantine|Scald|p2a: Heattransexsual
|-supereffective|p2a: Heattransexsual
|-damage|p2a: Heattransexsual|152\/385
|
|-heal|p2a: Heattransexsual|176\/385|[from] item: Leftovers
|-heal|p1a: Mantine|270\/333 tox|[from] item: Leftovers
|-damage|p1a: Mantine|210\/333 tox|[from] psn
|turn|13
|c|âburgerfresser|fuck dat cancel button lol
|c| Silverstealth3|rest
|
|switch|p1a: Arcanine|Arcanine, F|383\/383
|-damage|p1a: Arcanine|288\/383|[from] Stealth Rock
|-ability|p1a: Arcanine|Intimidate|[of] p2a: Heattransexsual
|-unboost|p2a: Heattransexsual|atk|1
|move|p2a: Heattransexsual|Protect|p2a: Heattransexsual
|-fail|p2a: Heattransexsual
|
|-heal|p1a: Arcanine|311\/383|[from] item: Leftovers
|-heal|p2a: Heattransexsual|200\/385|[from] item: Leftovers
|turn|14
|c|âburgerfresser|10 turns are over btw
|
|switch|p1a: Clefable|Clefable, M|393\/393
|-damage|p1a: Clefable|344\/393|[from] Stealth Rock
|move|p2a: Heattransexsual|Toxic|p1a: Clefable
|-status|p1a: Clefable|tox
|
|-heal|p2a: Heattransexsual|224\/385|[from] item: Leftovers
|-heal|p1a: Clefable|368\/393 tox|[from] item: Leftovers
|-damage|p1a: Clefable|344\/393 tox|[from] psn
|turn|15
|leave|Corn Flkes
|leave|DragonOwl678
|
|switch|p2a: Amoonguss|Amoonguss, M|432\/432
|-damage|p2a: Amoonguss|378\/432|[from] Stealth Rock
|move|p1a: Clefable|Heal Bell|p1a: Clefable
|-cureteam|p1a: Clefable|[from] move: HealBell
|
|-heal|p1a: Clefable|368\/393|[from] item: Leftovers
|-heal|p2a: Amoonguss|405\/432|[from] item: Black Sludge
|turn|16
|join|DragonOwl678
|join|DRAGON DIA
|
|switch|p1a: Chesnaught|Chesnaught, M|380\/380
|-damage|p1a: Chesnaught|357\/380|[from] Stealth Rock
|move|p2a: Amoonguss|Spore|p1a: Chesnaught
|-fail|p1a: Chesnaught
|
|-heal|p1a: Chesnaught|380\/380|[from] item: Leftovers
|-heal|p2a: Amoonguss|432\/432|[from] item: Black Sludge
|turn|17
|c|âburgerfresser|the counter?
|leave|DRAGON DIA
|
|move|p1a: Chesnaught|Spikes|p2a: Amoonguss
|-sidestart|p2: burgerfresser|Spikes
|move|p2a: Amoonguss|Clear Smog|p1a: Chesnaught
|-crit|p1a: Chesnaught
|-supereffective|p1a: Chesnaught
|-damage|p1a: Chesnaught|192\/380
|-clearboost|p1a: Chesnaught
|
|-heal|p1a: Chesnaught|215\/380|[from] item: Leftovers
|turn|18
|c| Silverstealth3|PSYSHOCK
|
|switch|p1a: Ampharos|Ampharos-Mega, F|221\/383
|-damage|p1a: Ampharos|174\/383|[from] Stealth Rock
|-ability|p1a: Ampharos|Mold Breaker
|move|p2a: Amoonguss|Clear Smog|p1a: Ampharos
|-damage|p1a: Ampharos|138\/383
|-clearboost|p1a: Ampharos
|
|turn|19
|
|switch|p2a: Flyin Pussy|Landorus-Therian, M|319\/319
|-damage|p2a: Flyin Pussy|280\/319|[from] Stealth Rock
|-ability|p2a: Flyin Pussy|Intimidate|[of] p1a: Ampharos
|-unboost|p1a: Ampharos|atk|1
|move|p1a: Ampharos|Rest|p1a: Ampharos
|-status|p1a: Ampharos|slp
|-heal|p1a: Ampharos|383\/383 slp|[silent]
|-status|p1a: Ampharos|slp|[from] move: Rest
|
|turn|20
|c| Silverstealth3|LOL
|c| Silverstealth3|the name
|
|switch|p1a: Bronzong|Bronzong|272\/338
|-damage|p1a: Bronzong|251\/338|[from] Stealth Rock
|move|p2a: Flyin Pussy|U-turn|p1a: Bronzong
|-damage|p1a: Bronzong|173\/338
|
|switch|p2a: DildoHead|Keldeo-Resolute|324\/324
|-damage|p2a: DildoHead|284\/324|[from] Spikes
|-damage|p2a: DildoHead|264\/324|[from] Stealth Rock
|
|-heal|p1a: Bronzong|194\/338|[from] item: Leftovers
|turn|21
|
|move|p1a: Bronzong|Protect|p1a: Bronzong
|-singleturn|p1a: Bronzong|Protect
|move|p2a: DildoHead|Secret Sword|p1a: Bronzong
|-activate|p1a: Bronzong|Protect
|
|-heal|p1a: Bronzong|215\/338|[from] item: Leftovers
|turn|22
|join|JDynasty
|leave|JDynasty
|
|switch|p1a: Clefable|Clefable, M|368\/393
|-damage|p1a: Clefable|319\/393|[from] Stealth Rock
|move|p2a: DildoHead|Secret Sword|p1a: Clefable
|-resisted|p1a: Clefable
|-damage|p1a: Clefable|220\/393
|
|-heal|p1a: Clefable|244\/393|[from] item: Leftovers
|turn|23
|
|switch|p2a: Gardewhore|Gardevoir-Mega, F, shiny|277\/277
|-damage|p2a: Gardewhore|243\/277|[from] Stealth Rock
|-damage|p2a: Gardewhore|209\/277|[from] Spikes
|move|p1a: Clefable|Wish|p1a: Clefable
|
|-heal|p1a: Clefable|268\/393|[from] item: Leftovers
|turn|24
|
|switch|p1a: Bronzong|Bronzong|215\/338
|-damage|p1a: Bronzong|194\/338|[from] Stealth Rock
|move|p2a: Gardewhore|Focus Blast|p1a: Bronzong
|-damage|p1a: Bronzong|75\/338
|
|-heal|p1a: Bronzong|271\/338|[from] move: Wish|[wisher] Clefable
|-heal|p1a: Bronzong|292\/338|[from] item: Leftovers
|turn|25
|
|switch|p2a: Zapdos|Zapdos|336\/384 tox
|-damage|p2a: Zapdos|240\/384 tox|[from] Stealth Rock
|-ability|p2a: Zapdos|Pressure
|move|p1a: Bronzong|Toxic|p2a: Zapdos
|-fail|p2a: Zapdos|tox
|
|-heal|p2a: Zapdos|264\/384 tox|[from] item: Leftovers
|-heal|p1a: Bronzong|313\/338|[from] item: Leftovers
|-damage|p2a: Zapdos|240\/384 tox|[from] psn
|turn|26
|join|WildcatForever
|
|switch|p1a: Ampharos|Ampharos-Mega, F|383\/383 slp
|-damage|p1a: Ampharos|336\/383 slp|[from] Stealth Rock
|-ability|p1a: Ampharos|Mold Breaker
|move|p2a: Zapdos|Heat Wave|p1a: Ampharos
|-resisted|p1a: Ampharos
|-damage|p1a: Ampharos|303\/383 slp
|
|-heal|p2a: Zapdos|264\/384 tox|[from] item: Leftovers
|-damage|p2a: Zapdos|216\/384 tox|[from] psn
|turn|27
|
|move|p2a: Zapdos|Roost|p2a: Zapdos
|-heal|p2a: Zapdos|384\/384 tox
|cant|p1a: Ampharos|slp
|move|p1a: Ampharos|Sleep Talk|p1a: Ampharos
|move|p1a: Ampharos|Rest|p1a: Ampharos|[from]Sleep Talk
|-fail|p1a: Ampharos
|
|-damage|p2a: Zapdos|312\/384 tox|[from] psn
|turn|28
|
|switch|p2a: Flyin Pussy|Landorus-Therian, M|280\/319
|-damage|p2a: Flyin Pussy|241\/319|[from] Stealth Rock
|-ability|p2a: Flyin Pussy|Intimidate|[of] p1a: Ampharos
|-unboost|p1a: Ampharos|atk|1
|cant|p1a: Ampharos|slp
|move|p1a: Ampharos|Sleep Talk|p1a: Ampharos
|move|p1a: Ampharos|Volt Switch|p2a: Flyin Pussy|[from]Sleep Talk
|-immune|p2a: Flyin Pussy|[msg]
|
|turn|29
|c| Silverstealth3|clutch volt switch
|c|âgay ass stall|i think i lost
|c|âgay ass stall|o well
|
|switch|p1a: Chesnaught|Chesnaught, M|215\/380
|-damage|p1a: Chesnaught|192\/380|[from] Stealth Rock
|move|p2a: Flyin Pussy|U-turn|p1a: Chesnaught
|-damage|p1a: Chesnaught|137\/380
|join|av kakuna
|
|switch|p2a: Heattransexsual|Heatran, F|224\/385
|-damage|p2a: Heattransexsual|176\/385|[from] Stealth Rock
|-damage|p2a: Heattransexsual|128\/385|[from] Spikes
|
|-heal|p2a: Heattransexsual|152\/385|[from] item: Leftovers
|-heal|p1a: Chesnaught|160\/380|[from] item: Leftovers
|turn|30
|leave|lolurmad
|
|move|p1a: Chesnaught|Spiky Shield|p1a: Chesnaught
|-singleturn|p1a: Chesnaught|move: Protect
|move|p2a: Heattransexsual|Lava Plume|p1a: Chesnaught
|-activate|p1a: Chesnaught|move: Protect
|
|-heal|p2a: Heattransexsual|176\/385|[from] item: Leftovers
|-heal|p1a: Chesnaught|183\/380|[from] item: Leftovers
|turn|31
|join|DragonForce3
|
|switch|p1a: Clefable|Clefable, M|268\/393
|-damage|p1a: Clefable|219\/393|[from] Stealth Rock
|move|p2a: Heattransexsual|Lava Plume|p1a: Clefable
|-damage|p1a: Clefable|83\/393
|-status|p1a: Clefable|brn
|
|-heal|p2a: Heattransexsual|200\/385|[from] item: Leftovers
|-heal|p1a: Clefable|107\/393 brn|[from] item: Leftovers
|-damage|p1a: Clefable|58\/393 brn|[from] brn
|turn|32
|join|Melonen-Marie
|leave|PhobiaBB
|c| Silverstealth3|UNAWARE
|c|âgay ass stall|o shit
|c|âgay ass stall|rip
|c| Melonen-Marie|lmao
|
|move|p2a: Heattransexsual|Lava Plume|p1a: Clefable
|-damage|p1a: Clefable|0 fnt
|faint|p1a: Clefable
|
|-heal|p2a: Heattransexsual|224\/385|[from] item: Leftovers
|
|switch|p1a: Mantine|Mantine, F|210\/333
|-damage|p1a: Mantine|127\/333|[from] Stealth Rock
|turn|33
|c|âburgerfresser|hf with keldeo c:
|
|move|p2a: Heattransexsual|Toxic|p1a: Mantine|[miss]
|-miss|p2a: Heattransexsual|p1a: Mantine
|move|p1a: Mantine|Rest|p1a: Mantine
|-status|p1a: Mantine|slp
|-heal|p1a: Mantine|333\/333 slp|[silent]
|-status|p1a: Mantine|slp|[from] move: Rest
|
|-heal|p2a: Heattransexsual|248\/385|[from] item: Leftovers
|turn|34
|c| Melonen-Marie|mantine
|c| Melonen-Marie|has fun with keldeo
|c|âgay ass stall|i wish mantine learned roost
|leave|DragonOwl678
|c| Melonen-Marie|^
|
|switch|p2a: Zapdos|Zapdos|312\/384 tox
|-damage|p2a: Zapdos|216\/384 tox|[from] Stealth Rock
|-ability|p2a: Zapdos|Pressure
|cant|p1a: Mantine|slp
|
|-heal|p2a: Zapdos|240\/384 tox|[from] item: Leftovers
|-damage|p2a: Zapdos|216\/384 tox|[from] psn
|turn|35
|
|switch|p1a: Ampharos|Ampharos-Mega, F|303\/383 slp
|-damage|p1a: Ampharos|256\/383 slp|[from] Stealth Rock
|-ability|p1a: Ampharos|Mold Breaker
|move|p2a: Zapdos|Thunderbolt|p1a: Ampharos
|-crit|p1a: Ampharos
|-resisted|p1a: Ampharos
|-damage|p1a: Ampharos|222\/383 slp
|
|-heal|p2a: Zapdos|240\/384 tox|[from] item: Leftovers
|-damage|p2a: Zapdos|192\/384 tox|[from] psn
|turn|36
|c| Silverstealth3|CRIT MATTERED
|c|âburgerfresser|xD
|
|switch|p2a: Flyin Pussy|Landorus-Therian, M|241\/319
|-damage|p2a: Flyin Pussy|202\/319|[from] Stealth Rock
|-ability|p2a: Flyin Pussy|Intimidate|[of] p1a: Ampharos
|-unboost|p1a: Ampharos|atk|1
|-curestatus|p1a: Ampharos|slp
|move|p1a: Ampharos|Dragon Pulse|p2a: Flyin Pussy
|-damage|p2a: Flyin Pussy|22\/319
|
|turn|37
|c|âgay ass stall|yea that crit made me lose
|join|quachimoto
|
|switch|p1a: Bronzong|Bronzong|313\/338
|-damage|p1a: Bronzong|292\/338|[from] Stealth Rock
|move|p2a: Flyin Pussy|Earthquake|p1a: Bronzong
|-immune|p1a: Bronzong|[msg]
|
|-heal|p1a: Bronzong|313\/338|[from] item: Leftovers
|turn|38
|c|âburgerfresser|omg dat fucking cancel button
|
|switch|p2a: Amoonguss|Amoonguss, M|432\/432
|-damage|p2a: Amoonguss|378\/432|[from] Spikes
|-damage|p2a: Amoonguss|324\/432|[from] Stealth Rock
|move|p1a: Bronzong|Gyro Ball|p2a: Amoonguss
|-damage|p2a: Amoonguss|284\/432
|
|-heal|p2a: Amoonguss|311\/432|[from] item: Black Sludge
|-heal|p1a: Bronzong|334\/338|[from] item: Leftovers
|turn|39
|leave|alsjdfl
|c|âburgerfresser|i think i have allready played this team and it ended with a moonguss vs bronzong 1v1 xD
|
|switch|p1a: Chesnaught|Chesnaught, M|183\/380
|-damage|p1a: Chesnaught|160\/380|[from] Stealth Rock
|move|p2a: Amoonguss|Spore|p1a: Chesnaught
|-fail|p1a: Chesnaught
|
|-heal|p1a: Chesnaught|183\/380|[from] item: Leftovers
|-heal|p2a: Amoonguss|338\/432|[from] item: Black Sludge
|turn|40
|leave|quachimoto
|
|switch|p1a: Ampharos|Ampharos-Mega, F|222\/383
|-damage|p1a: Ampharos|175\/383|[from] Stealth Rock
|-ability|p1a: Ampharos|Mold Breaker
|move|p2a: Amoonguss|Clear Smog|p1a: Ampharos
|-damage|p1a: Ampharos|142\/383
|-clearboost|p1a: Ampharos
|
|-heal|p2a: Amoonguss|365\/432|[from] item: Black Sludge
|turn|41
|c| AvShip on ladder|lol the cancel button should be wepwn's new excuse instead of the misklicking
|c|âburgerfresser|lol
|
|switch|p2a: Heattransexsual|Heatran, F|248\/385
|-damage|p2a: Heattransexsual|200\/385|[from] Spikes
|-damage|p2a: Heattransexsual|152\/385|[from] Stealth Rock
|move|p1a: Ampharos|Rest|p1a: Ampharos
|-status|p1a: Ampharos|slp
|-heal|p1a: Ampharos|383\/383 slp|[silent]
|-status|p1a: Ampharos|slp|[from] move: Rest
|
|-heal|p2a: Heattransexsual|176\/385|[from] item: Leftovers
|turn|42
|c| Silverstealth3|reveal hp ground
|
|move|p2a: Heattransexsual|Lava Plume|p1a: Ampharos
|-resisted|p1a: Ampharos
|-damage|p1a: Ampharos|347\/383 slp
|cant|p1a: Ampharos|slp
|move|p1a: Ampharos|Sleep Talk|p1a: Ampharos
|move|p1a: Ampharos|Dragon Pulse|p2a: Heattransexsual|[from]Sleep Talk
|-resisted|p2a: Heattransexsual
|-damage|p2a: Heattransexsual|124\/385
|
|-heal|p2a: Heattransexsual|148\/385|[from] item: Leftovers
|turn|43
|c|âburgerfresser|rest sleep talk volt switch d pulse .-.
|
|move|p2a: Heattransexsual|Protect|p2a: Heattransexsual
|-singleturn|p2a: Heattransexsual|Protect
|cant|p1a: Ampharos|slp
|move|p1a: Ampharos|Sleep Talk|p1a: Ampharos
|move|p1a: Ampharos|Volt Switch|p2a: Heattransexsual|[from]Sleep Talk
|-activate|p2a: Heattransexsual|Protect
|
|-heal|p2a: Heattransexsual|172\/385|[from] item: Leftovers
|turn|44
|
|move|p2a: Heattransexsual|Toxic|p1a: Ampharos
|-fail|p1a: Ampharos
|-curestatus|p1a: Ampharos|slp
|move|p1a: Ampharos|Dragon Pulse|p2a: Heattransexsual
|-crit|p2a: Heattransexsual
|-resisted|p2a: Heattransexsual
|-damage|p2a: Heattransexsual|88\/385
|
|-heal|p2a: Heattransexsual|112\/385|[from] item: Leftovers
|turn|45
|c|âburgerfresser|lol im a idiot xD
|
|move|p2a: Heattransexsual|Protect|p2a: Heattransexsual
|-singleturn|p2a: Heattransexsual|Protect
|move|p1a: Ampharos|Dragon Pulse|p2a: Heattransexsual
|-activate|p2a: Heattransexsual|Protect
|
|-heal|p2a: Heattransexsual|136\/385|[from] item: Leftovers
|turn|46
|
|move|p2a: Heattransexsual|Toxic|p1a: Ampharos
|-status|p1a: Ampharos|tox
|move|p1a: Ampharos|Dragon Pulse|p2a: Heattransexsual
|-resisted|p2a: Heattransexsual
|-damage|p2a: Heattransexsual|81\/385
|
|-heal|p2a: Heattransexsual|105\/385|[from] item: Leftovers
|-damage|p1a: Ampharos|324\/383 tox|[from] psn
|turn|47
|c| Silverstealth3|t bolt
|
|move|p2a: Heattransexsual|Protect|p2a: Heattransexsual
|-singleturn|p2a: Heattransexsual|Protect
|move|p1a: Ampharos|Dragon Pulse|p2a: Heattransexsual
|-activate|p2a: Heattransexsual|Protect
|
|-heal|p2a: Heattransexsual|129\/385|[from] item: Leftovers
|-damage|p1a: Ampharos|278\/383 tox|[from] psn
|turn|48
|c| katadromeas|god how can you guys play with these trash teams
|c| katadromeas|its like for no lifers
|c| katadromeas|my eyes are bleeding
|c|âgay ass stall|LOL
|c|âburgerfresser|^
|
|move|p2a: Heattransexsual|Lava Plume|p1a: Ampharos
|-resisted|p1a: Ampharos
|-damage|p1a: Ampharos|240\/383 tox
|move|p1a: Ampharos|Dragon Pulse|p2a: Heattransexsual
|-resisted|p2a: Heattransexsual
|-damage|p2a: Heattransexsual|73\/385
|
|-heal|p2a: Heattransexsual|97\/385|[from] item: Leftovers
|-damage|p1a: Ampharos|171\/383 tox|[from] psn
|turn|49
|c|âburgerfresser|its such a gay ass stall .-.
|
|switch|p2a: Gardewhore|Gardevoir-Mega, F, shiny|209\/277
|-damage|p2a: Gardewhore|175\/277|[from] Stealth Rock
|-damage|p2a: Gardewhore|141\/277|[from] Spikes
|move|p1a: Ampharos|Rest|p1a: Ampharos
|-status|p1a: Ampharos|slp
|-heal|p1a: Ampharos|383\/383 slp|[silent]
|-status|p1a: Ampharos|slp|[from] move: Rest
|
|turn|50
|
|switch|p2a: DildoHead|Keldeo-Resolute|264\/324
|-damage|p2a: DildoHead|224\/324|[from] Spikes
|-damage|p2a: DildoHead|204\/324|[from] Stealth Rock
|switch|p1a: Bronzong|Bronzong|334\/338
|-damage|p1a: Bronzong|313\/338|[from] Stealth Rock
|
|-heal|p1a: Bronzong|334\/338|[from] item: Leftovers
|turn|51
|c|âgay ass stall|the playsss
|
|move|p2a: DildoHead|Secret Sword|p1a: Bronzong
|-damage|p1a: Bronzong|159\/338
|move|p1a: Bronzong|Toxic|p2a: DildoHead
|-status|p2a: DildoHead|tox
|
|-heal|p1a: Bronzong|180\/338|[from] item: Leftovers
|-damage|p2a: DildoHead|184\/324 tox|[from] psn
|turn|52
|
|move|p1a: Bronzong|Protect|p1a: Bronzong
|-singleturn|p1a: Bronzong|Protect
|move|p2a: DildoHead|Secret Sword|p1a: Bronzong
|-activate|p1a: Bronzong|Protect
|
|-heal|p1a: Bronzong|201\/338|[from] item: Leftovers
|-damage|p2a: DildoHead|144\/324 tox|[from] psn
|turn|53
|
|switch|p1a: Mantine|Mantine, F|333\/333 slp
|-damage|p1a: Mantine|250\/333 slp|[from] Stealth Rock
|move|p2a: DildoHead|Secret Sword|p1a: Mantine
|-crit|p1a: Mantine
|-resisted|p1a: Mantine
|-damage|p1a: Mantine|40\/333 slp
|
|-heal|p1a: Mantine|60\/333 slp|[from] item: Leftovers
|-damage|p2a: DildoHead|84\/324 tox|[from] psn
|turn|54
|join|gay af
|join|DRAGON DIA
|c|âgay ass stall|ah nice
|c| gay af|nice stall
|c| gay af|tho
|
|move|p2a: DildoHead|Secret Sword|p1a: Mantine
|-resisted|p1a: Mantine
|-damage|p1a: Mantine|0 fnt
|faint|p1a: Mantine
|
|-damage|p2a: DildoHead|4\/324 tox|[from] psn
|leave|DRAGON DIA
|
|switch|p1a: Bronzong|Bronzong|201\/338
|-damage|p1a: Bronzong|180\/338|[from] Stealth Rock
|turn|55
|
|switch|p2a: Amoonguss|Amoonguss, M|432\/432
|-damage|p2a: Amoonguss|378\/432|[from] Stealth Rock
|-damage|p2a: Amoonguss|324\/432|[from] Spikes
|move|p1a: Bronzong|Protect|p1a: Bronzong
|-fail|p1a: Bronzong
|
|-heal|p2a: Amoonguss|351\/432|[from] item: Black Sludge
|-heal|p1a: Bronzong|201\/338|[from] item: Leftovers
|turn|56
|c| Silverstealth3|yay 4 crits
|leave|DragonForce3
|
|switch|p1a: Ampharos|Ampharos-Mega, F|383\/383 slp
|-damage|p1a: Ampharos|336\/383 slp|[from] Stealth Rock
|-ability|p1a: Ampharos|Mold Breaker
|move|p2a: Amoonguss|Foul Play|p1a: Ampharos
|-damage|p1a: Ampharos|270\/383 slp
|
|-heal|p2a: Amoonguss|378\/432|[from] item: Black Sludge
|turn|57
|
|cant|p1a: Ampharos|slp
|move|p2a: Amoonguss|Foul Play|p1a: Ampharos
|-damage|p1a: Ampharos|208\/383 slp
|
|-heal|p2a: Amoonguss|405\/432|[from] item: Black Sludge
|turn|58
|leave|gay af
|
|cant|p1a: Ampharos|slp
|move|p2a: Amoonguss|Foul Play|p1a: Ampharos
|-damage|p1a: Ampharos|146\/383 slp
|
|-heal|p2a: Amoonguss|432\/432|[from] item: Black Sludge
|turn|59
|
|-curestatus|p1a: Ampharos|slp
|move|p1a: Ampharos|Dragon Pulse|p2a: Amoonguss
|-damage|p2a: Amoonguss|240\/432
|move|p2a: Amoonguss|Foul Play|p1a: Ampharos
|-damage|p1a: Ampharos|88\/383
|
|-heal|p2a: Amoonguss|267\/432|[from] item: Black Sludge
|turn|60
|leave|jason trio
|join|jason trio
|
|move|p1a: Ampharos|Rest|p1a: Ampharos
|-status|p1a: Ampharos|slp
|-heal|p1a: Ampharos|383\/383 slp|[silent]
|-status|p1a: Ampharos|slp|[from] move: Rest
|move|p2a: Amoonguss|Foul Play|p1a: Ampharos
|-damage|p1a: Ampharos|320\/383 slp
|
|-heal|p2a: Amoonguss|294\/432|[from] item: Black Sludge
|turn|61
|
|switch|p2a: Flyin Pussy|Landorus-Therian, M|22\/319
|-damage|p2a: Flyin Pussy|0 fnt|[from] Stealth Rock
|faint|p2a: Flyin Pussy
|cant|p1a: Ampharos|slp
|
|join|derp team tester
|
|switch|p2a: Zapdos|Zapdos|192\/384 tox
|-damage|p2a: Zapdos|96\/384 tox|[from] Stealth Rock
|-ability|p2a: Zapdos|Pressure
|turn|62
|c|âgay ass stall|pls
|c|âgay ass stall|pls
|
|move|p2a: Zapdos|Defog|p1a: Ampharos
|-unboost|p1a: Ampharos|evasion|1
|-sideend|p1: gay ass stall|Stealth Rock|[from] move: Defog|[of] p1a: Ampharos
|-sideend|p2: burgerfresser|Spikes|[from] move: Defog|[of] p2a: Zapdos
|-sideend|p2: burgerfresser|Stealth Rock|[from] move: Defog|[of] p2a: Zapdos
|cant|p1a: Ampharos|slp
|move|p1a: Ampharos|Sleep Talk|p1a: Ampharos
|move|p1a: Ampharos|Volt Switch|p2a: Zapdos|[from]Sleep Talk
|-damage|p2a: Zapdos|0 fnt
|faint|p2a: Zapdos
|
|switch|p1a: Bronzong|Bronzong|201\/338
|
|-heal|p1a: Bronzong|222\/338|[from] item: Leftovers
|c| katadromeas|why defog so late?
|
|switch|p2a: Heattransexsual|Heatran, F|97\/385
|turn|63
|c|âgay ass stall|so he doesnt lose his heatran
|c|âburgerfresser|cause sr up helped also vs a lot of switching and dat mantine
|
|switch|p1a: Ampharos|Ampharos-Mega, F|320\/383 slp
|-ability|p1a: Ampharos|Mold Breaker
|move|p2a: Heattransexsual|Lava Plume|p1a: Ampharos
|-resisted|p1a: Ampharos
|-damage|p1a: Ampharos|281\/383 slp
|
|-heal|p2a: Heattransexsual|121\/385|[from] item: Leftovers
|turn|64
|
|move|p2a: Heattransexsual|Stealth Rock|p1a: Ampharos
|-sidestart|p1: gay ass stall|move: Stealth Rock
|-curestatus|p1a: Ampharos|slp
|move|p1a: Ampharos|Dragon Pulse|p2a: Heattransexsual
|-resisted|p2a: Heattransexsual
|-damage|p2a: Heattransexsual|66\/385
|
|-heal|p2a: Heattransexsual|90\/385|[from] item: Leftovers
|turn|65
|
|move|p2a: Heattransexsual|Lava Plume|p1a: Ampharos
|-resisted|p1a: Ampharos
|-damage|p1a: Ampharos|244\/383
|-status|p1a: Ampharos|brn
|move|p1a: Ampharos|Dragon Pulse|p2a: Heattransexsual
|-resisted|p2a: Heattransexsual
|-damage|p2a: Heattransexsual|37\/385
|
|-heal|p2a: Heattransexsual|61\/385|[from] item: Leftovers
|-damage|p1a: Ampharos|197\/383 brn|[from] brn
|turn|66
|c| Silverstealth3|omg just volt switch
|c|âgay ass stall|no
|c| Silverstealth3|YAS
|join|JDynasty
|leave|JDynasty
|join|JDynasty
|
|move|p2a: Heattransexsual|Protect|p2a: Heattransexsual
|-singleturn|p2a: Heattransexsual|Protect
|move|p1a: Ampharos|Rest|p1a: Ampharos
|-status|p1a: Ampharos|slp
|-heal|p1a: Ampharos|383\/383 slp|[silent]
|-status|p1a: Ampharos|slp|[from] move: Rest
|
|-heal|p2a: Heattransexsual|85\/385|[from] item: Leftovers
|turn|67
|leave|JDynasty
|join|dvcadcedv
|c| Silverstealth3|that prediction tho
|join|Electrickery
|join|RNGzus
|leave|RNGzus
|join|Marakius
|join|teriatzy
|join|Lil V
|join|JDynasty
|
|switch|p2a: Amoonguss|Amoonguss, M|432\/432
|cant|p1a: Ampharos|slp
|move|p1a: Ampharos|Sleep Talk|p1a: Ampharos
|move|p1a: Ampharos|Dragon Pulse|p2a: Amoonguss|[from]Sleep Talk
|-damage|p2a: Amoonguss|240\/432
|
|-heal|p2a: Amoonguss|267\/432|[from] item: Black Sludge
|turn|68
|c| Electrickery|reveal hp ice
|c|âburgerfresser|lol
|leave|Lil V
|c| Silverstealth3|reveal hp steel
|join|gyarad0site
|join|PuddlesA1
|
|cant|p1a: Ampharos|slp
|move|p2a: Amoonguss|Clear Smog|p1a: Ampharos
|-damage|p1a: Ampharos|350\/383 slp
|-clearboost|p1a: Ampharos
|
|-heal|p2a: Amoonguss|294\/432|[from] item: Black Sludge
|turn|69
|c| Electrickery|reveal turn 69
|
|switch|p2a: Gardewhore|Gardevoir-Mega, F, shiny|141\/277
|-curestatus|p1a: Ampharos|slp
|move|p1a: Ampharos|Dragon Pulse|p2a: Gardewhore
|-immune|p2a: Gardewhore|[msg]
|
|turn|70
|join|yon ban
|c| Silverstealth3|reveal hp poison
|c| Electrickery|reveal draining kiss
|c|âburgerfresser|Ã¤h lol
|
|switch|p1a: Chesnaught|Chesnaught, M|183\/380
|-damage|p1a: Chesnaught|160\/380|[from] Stealth Rock
|move|p2a: Gardewhore|Focus Blast|p1a: Chesnaught
|-immune|p1a: Chesnaught|[msg]|[from] Bulletproof
|
|-heal|p1a: Chesnaught|183\/380|[from] item: Leftovers
|turn|71
|c|âburgerfresser|da playz
|c| Silverstealth3|draining kiss is garbage
|c| Electrickery|WELCOM BAK WOLFPAK
|c|âgay ass stall|wut
|c|âgay ass stall|ok den
|
|switch|p2a: Heattransexsual|Heatran, F|85\/385
|move|p1a: Chesnaught|Leech Seed|p2a: Heattransexsual
|-start|p2a: Heattransexsual|move: Leech Seed
|
|-heal|p2a: Heattransexsual|109\/385|[from] item: Leftovers
|-heal|p1a: Chesnaught|206\/380|[from] item: Leftovers
|-damage|p2a: Heattransexsual|61\/385|[from] Leech Seed|[of] p1a: Chesnaught
|-heal|p1a: Chesnaught|254\/380|[silent]
|turn|72
|c|âburgerfresser|ah playz
|
|switch|p2a: Gardewhore|Gardevoir-Mega, F, shiny|141\/277
|move|p1a: Chesnaught|Spiky Shield|p1a: Chesnaught
|-fail|p1a: Chesnaught
|
|-heal|p1a: Chesnaught|277\/380|[from] item: Leftovers
|turn|73
|c| Silverstealth3|hyper voice heelow
|
|move|p2a: Gardewhore|Focus Blast|p1a: Chesnaught
|-immune|p1a: Chesnaught|[msg]|[from] Bulletproof
|move|p1a: Chesnaught|Leech Seed|p2a: Gardewhore
|-start|p2a: Gardewhore|move: Leech Seed
|
|-heal|p1a: Chesnaught|300\/380|[from] item: Leftovers
|-damage|p2a: Gardewhore|107\/277|[from] Leech Seed|[of] p1a: Chesnaught
|-heal|p1a: Chesnaught|334\/380|[silent]
|turn|74
|join|WeLikeIke
|c|âburgerfresser|why u staying in o.O
|c|âgay ass stall|i have my reasons
|c| av kakuna|he doesn't need it
|c|âgay ass stall|^
|c| Electrickery|reveal poison jab
|
|switch|p2a: Heattransexsual|Heatran, F|61\/385
|move|p1a: Chesnaught|Spikes|p2a: Heattransexsual
|-sidestart|p2: burgerfresser|Spikes
|
|-heal|p2a: Heattransexsual|85\/385|[from] item: Leftovers
|-heal|p1a: Chesnaught|357\/380|[from] item: Leftovers
|turn|75
|
|move|p2a: Heattransexsual|Lava Plume|p1a: Chesnaught
|-supereffective|p1a: Chesnaught
|-damage|p1a: Chesnaught|33\/380
|-status|p1a: Chesnaught|brn
|move|p1a: Chesnaught|Leech Seed|p2a: Heattransexsual
|-start|p2a: Heattransexsual|move: Leech Seed
|
|-heal|p2a: Heattransexsual|109\/385|[from] item: Leftovers
|-heal|p1a: Chesnaught|56\/380 brn|[from] item: Leftovers
|-damage|p2a: Heattransexsual|61\/385|[from] Leech Seed|[of] p1a: Chesnaught
|-heal|p1a: Chesnaught|104\/380 brn|[silent]
|-damage|p1a: Chesnaught|57\/380 brn|[from] brn
|turn|76
|c|âgay ass stall|lol cancel button
|c|âgay ass stall|gets me everytime
|c| Silverstealth3|well heatran is gone now
|
|move|p2a: Heattransexsual|Lava Plume|p1a: Chesnaught
|-supereffective|p1a: Chesnaught
|-damage|p1a: Chesnaught|0 fnt
|faint|p1a: Chesnaught
|
|-heal|p2a: Heattransexsual|85\/385|[from] item: Leftovers
|join|JonathanW21
|
|switch|p1a: Ampharos|Ampharos-Mega, F|350\/383
|-damage|p1a: Ampharos|303\/383|[from] Stealth Rock
|-ability|p1a: Ampharos|Mold Breaker
|turn|77
|c|âburgerfresser|dat ampharos will be so annoying
|
|switch|p2a: Amoonguss|Amoonguss, M|432\/432
|-damage|p2a: Amoonguss|378\/432|[from] Spikes
|move|p1a: Ampharos|Dragon Pulse|p2a: Amoonguss
|-damage|p2a: Amoonguss|189\/432
|
|-heal|p2a: Amoonguss|216\/432|[from] item: Black Sludge
|turn|78
|
|move|p1a: Ampharos|Dragon Pulse|p2a: Amoonguss
|-damage|p2a: Amoonguss|42\/432
|move|p2a: Amoonguss|Spore|p1a: Ampharos
|-status|p1a: Ampharos|slp
|
|-heal|p2a: Amoonguss|69\/432|[from] item: Black Sludge
|turn|79
|c| Silverstealth3|<sleep talk
|c|âgay ass stall|based sleep talk
|c|âgay ass stall|pls
|
|switch|p2a: DildoHead|Keldeo-Resolute|4\/324 tox
|-damage|p2a: DildoHead|0 fnt|[from] Spikes
|faint|p2a: DildoHead
|cant|p1a: Ampharos|slp
|move|p1a: Ampharos|Sleep Talk|p1a: Ampharos
|move|p1a: Ampharos|Dragon Pulse|p2: DildoHead|[from]Sleep Talk|[notarget]
|-notarget
|
|join|metmaver
|
|switch|p2a: Gardewhore|Gardevoir-Mega, F, shiny|107\/277
|-damage|p2a: Gardewhore|73\/277|[from] Spikes
|turn|80
|c| Electrickery|reveal focus miss
|c| Silverstealth3|lol
|leave|jason trio
|
|switch|p1a: Arcanine|Arcanine, F|311\/383
|-damage|p1a: Arcanine|216\/383|[from] Stealth Rock
|-ability|p1a: Arcanine|Intimidate|[of] p2a: Gardewhore
|-unboost|p2a: Gardewhore|atk|1
|move|p2a: Gardewhore|Focus Blast|p1a: Arcanine
|-damage|p1a: Arcanine|1\/383
|
|-heal|p1a: Arcanine|24\/383|[from] item: Leftovers
|turn|81
|leave|tgnajar
|c| Silverstealth3|e speed
|c| Electrickery|reveal fcous sash
|
|switch|p2a: Heattransexsual|Heatran, F|85\/385
|-damage|p2a: Heattransexsual|37\/385|[from] Spikes
|move|p1a: Arcanine|Morning Sun|p1a: Arcanine
|-heal|p1a: Arcanine|215\/383
|
|-heal|p1a: Arcanine|238\/383|[from] item: Leftovers
|-heal|p2a: Heattransexsual|61\/385|[from] item: Leftovers
|turn|82
|
|switch|p1a: Ampharos|Ampharos-Mega, F|303\/383 slp
|-damage|p1a: Ampharos|256\/383 slp|[from] Stealth Rock
|-ability|p1a: Ampharos|Mold Breaker
|move|p2a: Heattransexsual|Toxic|p1a: Ampharos
|-fail|p1a: Ampharos
|
|-heal|p2a: Heattransexsual|85\/385|[from] item: Leftovers
|turn|83
|
|move|p2a: Heattransexsual|Protect|p2a: Heattransexsual
|-singleturn|p2a: Heattransexsual|Protect
|cant|p1a: Ampharos|slp
|move|p1a: Ampharos|Sleep Talk|p1a: Ampharos
|move|p1a: Ampharos|Volt Switch|p2a: Heattransexsual|[from]Sleep Talk
|-activate|p2a: Heattransexsual|Protect
|
|-heal|p2a: Heattransexsual|109\/385|[from] item: Leftovers
|turn|84
|leave|yon ban
|
|switch|p2a: Gardewhore|Gardevoir-Mega, F, shiny|73\/277
|-damage|p2a: Gardewhore|39\/277|[from] Spikes
|cant|p1a: Ampharos|slp
|
|turn|85
|c|âgay ass stall|omg
|c|âgay ass stall|the max sleep
|c|âgay ass stall|lool
|c|âburgerfresser|lulz
|
|switch|p1a: Arcanine|Arcanine, F|238\/383
|-damage|p1a: Arcanine|143\/383|[from] Stealth Rock
|-ability|p1a: Arcanine|Intimidate|[of] p2a: Gardewhore
|-unboost|p2a: Gardewhore|atk|1
|move|p2a: Gardewhore|Hyper Voice|p1a: Arcanine
|-resisted|p1a: Arcanine
|-damage|p1a: Arcanine|0 fnt
|faint|p1a: Arcanine
|
|c| Silverstealth3|nooo
|
|switch|p1a: Bronzong|Bronzong|222\/338
|-damage|p1a: Bronzong|201\/338|[from] Stealth Rock
|turn|86
|c|âburgerfresser|eq incoming
|c| Electrickery|reveal max spdef
|
|switch|p2a: Amoonguss|Amoonguss, M|213\/432
|-damage|p2a: Amoonguss|159\/432|[from] Spikes
|move|p1a: Bronzong|Gyro Ball|p2a: Amoonguss
|-damage|p2a: Amoonguss|125\/432
|
|-heal|p2a: Amoonguss|152\/432|[from] item: Black Sludge
|-heal|p1a: Bronzong|222\/338|[from] item: Leftovers
|turn|87
|c|âburgerfresser|not eq,gyro,sr,toxic?:O
|join|SpacemanSp1ff
|c| Electrickery|__**pure damage**__
|c| av kakuna|he has protect iirc
|
|switch|p2a: Gardewhore|Gardevoir-Mega, F, shiny|39\/277
|-damage|p2a: Gardewhore|5\/277|[from] Spikes
|move|p1a: Bronzong|Stealth Rock|p2a: Gardewhore
|-sidestart|p2: burgerfresser|move: Stealth Rock
|
|-heal|p1a: Bronzong|243\/338|[from] item: Leftovers
|turn|88
|c|âburgerfresser|oh yeah
|c| Electrickery|reveal bp
|c|âburgerfresser|lol
|
|move|p2a: Gardewhore|Focus Blast|p1a: Bronzong
|-damage|p1a: Bronzong|129\/338
|move|p1a: Bronzong|Gyro Ball|p2a: Gardewhore
|-supereffective|p2a: Gardewhore
|-damage|p2a: Gardewhore|0 fnt
|faint|p2a: Gardewhore
|
|-heal|p1a: Bronzong|150\/338|[from] item: Leftovers
|c|âburgerfresser|probably gg
|
|switch|p2a: Heattransexsual|Heatran, F|109\/385
|-damage|p2a: Heattransexsual|61\/385|[from] Spikes
|-damage|p2a: Heattransexsual|13\/385|[from] Stealth Rock
|turn|89
|
|switch|p1a: Ampharos|Ampharos-Mega, F|256\/383 slp
|-damage|p1a: Ampharos|209\/383 slp|[from] Stealth Rock
|-ability|p1a: Ampharos|Mold Breaker
|move|p2a: Heattransexsual|Lava Plume|p1a: Ampharos
|-resisted|p1a: Ampharos
|-damage|p1a: Ampharos|167\/383 slp
|
|-heal|p2a: Heattransexsual|37\/385|[from] item: Leftovers
|turn|90
|c|âburgerfresser|hax plz Â°^Â°
|join|datdude242
|join|bauer
|
|move|p2a: Heattransexsual|Lava Plume|p1a: Ampharos
|-resisted|p1a: Ampharos
|-damage|p1a: Ampharos|125\/383 slp
|-curestatus|p1a: Ampharos|slp
|move|p1a: Ampharos|Rest|p1a: Ampharos
|-status|p1a: Ampharos|slp
|-heal|p1a: Ampharos|383\/383 slp|[silent]
|-status|p1a: Ampharos|slp|[from] move: Rest
|
|-heal|p2a: Heattransexsual|61\/385|[from] item: Leftovers
|turn|91
|c| Electrickery|reveal rng
|leave|bauer
|join|Arcanine is Regal
|c| datdude242|no flash cannon
|c|âburgerfresser|!data dragon pulse
|c|~|\/data-move Dragon Pulse

|join|Omegasization
|c| Electrickery|ampharos should have gotten fur coat imo
|join|Ox the Fox
|join|jake5
|c| Omegasization|creative stall
|leave|jake5
|c| Omegasization|i like it
|
|move|p2a: Heattransexsual|Lava Plume|p1a: Ampharos
|-resisted|p1a: Ampharos
|-damage|p1a: Ampharos|341\/383 slp
|cant|p1a: Ampharos|slp
|move|p1a: Ampharos|Sleep Talk|p1a: Ampharos
|move|p1a: Ampharos|Volt Switch|p2a: Heattransexsual|[from]Sleep Talk
|-damage|p2a: Heattransexsual|0 fnt
|faint|p2a: Heattransexsual
|join|i came from leddit
|join|Dark380
|join|Raik
|
|switch|p1a: Bronzong|Bronzong|150\/338
|-damage|p1a: Bronzong|129\/338|[from] Stealth Rock
|
|-heal|p1a: Bronzong|150\/338|[from] item: Leftovers
|
|switch|p2a: Amoonguss|Amoonguss, M|296\/432
|-damage|p2a: Amoonguss|242\/432|[from] Stealth Rock
|-damage|p2a: Amoonguss|188\/432|[from] Spikes
|turn|92
|leave|i came from leddit
|c| JonathanW21|gay ass stall, I'm rooting your you to make it the finals bruh. I want a 100 turn finals
|c|âburgerfresser|lol
|
|switch|p1a: Ampharos|Ampharos-Mega, F|341\/383 slp
|-damage|p1a: Ampharos|294\/383 slp|[from] Stealth Rock
|-ability|p1a: Ampharos|Mold Breaker
|move|p2a: Amoonguss|Foul Play|p1a: Ampharos
|-damage|p1a: Ampharos|232\/383 slp
|
|-heal|p2a: Amoonguss|215\/432|[from] item: Black Sludge
|turn|93
|c|âgay ass stall|'-'
|
|cant|p1a: Ampharos|slp
|move|p1a: Ampharos|Sleep Talk|p1a: Ampharos
|move|p1a: Ampharos|Dragon Pulse|p2a: Amoonguss|[from]Sleep Talk
|-damage|p2a: Amoonguss|32\/432
|move|p2a: Amoonguss|Foul Play|p1a: Ampharos
|-damage|p1a: Ampharos|173\/383 slp
|
|-heal|p2a: Amoonguss|59\/432|[from] item: Black Sludge
|turn|94
|c|âburgerfresser|gg
|c|âgay ass stall|gg
|c|âburgerfresser|cool team dude c:
|-message|burgerfresser forfeited.
|c| Raik|sleeptalk? noice
|
|win|gay ass stall
|leave|Raik
|leave|burgerfresser
|leave|Electrickery