|join|burgerfresser
|join|Nick504
|join|Tarp96 lab
|join|orei
|join|AdvanceShip
|player|p1|burgerfresser|260
|player|p2|Nick504|290
|gametype|singles
|gen|6
|tier|OU (suspect test)
|clearpoke
|poke|p1|Dragonite, M, shiny
|poke|p1|Gardevoir, F, shiny
|poke|p1|Zapdos
|poke|p1|Chesnaught, M
|poke|p1|Heatran, F
|poke|p1|Landorus-Therian, M
|poke|p2|Tyranitar, M
|poke|p2|Ferrothorn, M
|poke|p2|Excadrill, F
|poke|p2|Latios, M
|poke|p2|Gliscor, F
|poke|p2|Slowbro, F
|rule|Swagger Clause: Swagger is banned
|rule|Baton Pass Clause: Limit one PokÃ©mon knowing Baton Pass
|rule|Sleep Clause Mod: Limit one foe put to sleep
|rule|Species Clause: Limit one of each PokÃ©mon
|rule|OHKO Clause: OHKO moves are banned
|rule|Moody Clause: Moody is banned
|rule|Evasion Moves Clause: Evasion moves are banned
|rule|Endless Battle Clause: Forcing endless battles is banned
|rule|HP Percentage Mod: HP is shown in percentages
|teampreview
|join|smdufgt
|leave|Tarp96 lab
|c|âNick504|hi
|c|âburgerfresser|hi
|join|no NO NOOOOOOOO
|join|av kakuna
|
|start
|switch|p1a: Heattransexsual|Heatran, F|386\/386
|switch|p2a: Ferrothorn|Ferrothorn, M|351\/351
|turn|1
|
|switch|p2a: Tyranitar|Tyranitar, M|403\/403
|-weather|Sandstorm
|move|p1a: Heattransexsual|Lava Plume|p2a: Tyranitar
|-resisted|p2a: Tyranitar
|-damage|p2a: Tyranitar|367\/403
|
|-weather|Sandstorm|[upkeep]
|turn|2
|
|move|p1a: Heattransexsual|Protect|p1a: Heattransexsual
|-singleturn|p1a: Heattransexsual|Protect
|move|p2a: Tyranitar|Stealth Rock|p1a: Heattransexsual
|-sidestart|p1: burgerfresser|move: Stealth Rock
|
|-weather|Sandstorm|[upkeep]
|turn|3
|
|switch|p1a: Chesnaught|Chesnaught, M|380\/380
|-damage|p1a: Chesnaught|357\/380|[from] Stealth Rock
|move|p2a: Tyranitar|Stone Edge|p1a: Chesnaught
|-resisted|p1a: Chesnaught
|-damage|p1a: Chesnaught|297\/380
|
|-weather|Sandstorm|[upkeep]
|-damage|p1a: Chesnaught|274\/380|[from] sandstorm
|-heal|p1a: Chesnaught|297\/380|[from] item: Leftovers
|turn|4
|
|switch|p2a: Latios|Latios, M|301\/301
|move|p1a: Chesnaught|Leech Seed|p2a: Latios
|-start|p2a: Latios|move: Leech Seed
|
|-weather|Sandstorm|[upkeep]
|-damage|p2a: Latios|283\/301|[from] sandstorm
|-damage|p1a: Chesnaught|274\/380|[from] sandstorm
|-heal|p1a: Chesnaught|297\/380|[from] item: Leftovers
|-damage|p2a: Latios|246\/301|[from] Leech Seed|[of] p1a: Chesnaught
|-heal|p1a: Chesnaught|334\/380|[silent]
|turn|5
|join|WaltrWite
|
|switch|p1a: Heattransexsual|Heatran, F|386\/386
|-damage|p1a: Heattransexsual|338\/386|[from] Stealth Rock
|move|p2a: Latios|Psyshock|p1a: Heattransexsual
|-resisted|p1a: Heattransexsual
|-damage|p1a: Heattransexsual|254\/386
|-damage|p2a: Latios|216\/301|[from] item: Life Orb
|
|-weather|Sandstorm|[upkeep]
|-damage|p2a: Latios|198\/301|[from] sandstorm
|-heal|p1a: Heattransexsual|278\/386|[from] item: Leftovers
|-damage|p2a: Latios|161\/301|[from] Leech Seed|[of] p1a: Heattransexsual
|-heal|p1a: Heattransexsual|315\/386|[silent]
|turn|6
|
|switch|p2a: Slowbro|Slowbro, F|393\/393
|move|p1a: Heattransexsual|Stealth Rock|p2a: Slowbro
|-sidestart|p2: Nick504|move: Stealth Rock
|
|-weather|Sandstorm|[upkeep]
|-damage|p2a: Slowbro|369\/393|[from] sandstorm
|-heal|p1a: Heattransexsual|339\/386|[from] item: Leftovers
|turn|7
|
|switch|p1a: Gardewhore|Gardevoir, F, shiny|277\/277
|-damage|p1a: Gardewhore|243\/277|[from] Stealth Rock
|-ability|p1a: Gardewhore|Regenerator|[from] ability: Trace|[of] p2a: Slowbro
|switch|p2a: Gliscor|Gliscor, F|353\/353
|-damage|p2a: Gliscor|309\/353|[from] Stealth Rock
|
|-weather|Sandstorm|[upkeep]
|-damage|p1a: Gardewhore|226\/277|[from] sandstorm
|-status|p2a: Gliscor|tox|[from] item: Toxic Orb
|turn|8
|
|switch|p2a: Ferrothorn|Ferrothorn, M|351\/351
|-damage|p2a: Ferrothorn|330\/351|[from] Stealth Rock
|move|p1a: Gardewhore|Taunt|p2a: Ferrothorn
|-start|p2a: Ferrothorn|move: Taunt
|
|-weather|none
|-heal|p2a: Ferrothorn|351\/351|[from] item: Leftovers
|turn|9
|
|switch|p1a: Fap-dos|Zapdos|384\/384
|-damage|p1a: Fap-dos|288\/384|[from] Stealth Rock
|-ability|p1a: Fap-dos|Pressure
|move|p2a: Ferrothorn|Gyro Ball|p1a: Fap-dos
|-resisted|p1a: Fap-dos
|-damage|p1a: Fap-dos|216\/384
|
|-heal|p1a: Fap-dos|240\/384|[from] item: Leftovers
|turn|10
|join|LMay
|leave|LMay
|
|switch|p2a: Tyranitar|Tyranitar, M|367\/403
|-damage|p2a: Tyranitar|317\/403|[from] Stealth Rock
|-weather|Sandstorm
|move|p1a: Fap-dos|Defog|p2a: Tyranitar
|-unboost|p2a: Tyranitar|evasion|1
|-sideend|p2: Nick504|Stealth Rock|[from] move: Defog|[of] p2a: Tyranitar
|-sideend|p1: burgerfresser|Stealth Rock|[from] move: Defog|[of] p1a: Fap-dos
|
|-weather|Sandstorm|[upkeep]
|-damage|p1a: Fap-dos|216\/384|[from] sandstorm
|-heal|p1a: Fap-dos|240\/384|[from] item: Leftovers
|turn|11
|
|move|p1a: Fap-dos|Roost|p1a: Fap-dos
|-heal|p1a: Fap-dos|384\/384
|move|p2a: Tyranitar|Stealth Rock|p1a: Fap-dos
|-sidestart|p1: burgerfresser|move: Stealth Rock
|
|-weather|Sandstorm|[upkeep]
|-damage|p1a: Fap-dos|360\/384|[from] sandstorm
|-heal|p1a: Fap-dos|384\/384|[from] item: Leftovers
|turn|12
|leave|WaltrWite
|join|LMay
|leave|LMay
|
|switch|p1a: Chesnaught|Chesnaught, M|334\/380
|-damage|p1a: Chesnaught|311\/380|[from] Stealth Rock
|move|p2a: Tyranitar|Stone Edge|p1a: Chesnaught
|-resisted|p1a: Chesnaught
|-damage|p1a: Chesnaught|251\/380
|
|-weather|Sandstorm|[upkeep]
|-damage|p1a: Chesnaught|228\/380|[from] sandstorm
|-heal|p1a: Chesnaught|251\/380|[from] item: Leftovers
|turn|13
|
|switch|p2a: Ferrothorn|Ferrothorn, M|351\/351
|move|p1a: Chesnaught|Drain Punch|p2a: Ferrothorn
|-crit|p2a: Ferrothorn
|-supereffective|p2a: Ferrothorn
|-damage|p2a: Ferrothorn|181\/351
|-heal|p1a: Chesnaught|336\/380|[from] drain|[of] p2a: Ferrothorn
|-damage|p1a: Chesnaught|289\/380|[from] ability: Iron Barbs|[of] p2a: Ferrothorn
|
|-weather|Sandstorm|[upkeep]
|-damage|p1a: Chesnaught|266\/380|[from] sandstorm
|-heal|p1a: Chesnaught|289\/380|[from] item: Leftovers
|-heal|p2a: Ferrothorn|202\/351|[from] item: Leftovers
|turn|14
|
|switch|p2a: Gliscor|Gliscor, F|309\/353 tox
|move|p1a: Chesnaught|Drain Punch|p2a: Gliscor
|-resisted|p2a: Gliscor
|-damage|p2a: Gliscor|279\/353 tox
|-heal|p1a: Chesnaught|304\/380|[from] drain|[of] p2a: Gliscor
|
|-weather|Sandstorm|[upkeep]
|-damage|p1a: Chesnaught|281\/380|[from] sandstorm
|-heal|p1a: Chesnaught|304\/380|[from] item: Leftovers
|-heal|p2a: Gliscor|323\/353 tox|[from] ability: Poison Heal
|turn|15
|
|switch|p1a: Heattransexsual|Heatran, F|339\/386
|-damage|p1a: Heattransexsual|291\/386|[from] Stealth Rock
|move|p2a: Gliscor|Substitute|p2a: Gliscor
|-start|p2a: Gliscor|Substitute
|-damage|p2a: Gliscor|235\/353 tox
|
|-weather|Sandstorm|[upkeep]
|-heal|p1a: Heattransexsual|315\/386|[from] item: Leftovers
|-heal|p2a: Gliscor|279\/353 tox|[from] ability: Poison Heal
|turn|16
|c|âburgerfresser|oh gawd
|c|âburgerfresser|sub toxic
|
|switch|p1a: Fap-dos|Zapdos|384\/384
|-damage|p1a: Fap-dos|288\/384|[from] Stealth Rock
|-ability|p1a: Fap-dos|Pressure
|move|p2a: Gliscor|Earthquake|p1a: Fap-dos
|-immune|p1a: Fap-dos|[msg]
|
|-weather|Sandstorm|[upkeep]
|-damage|p1a: Fap-dos|264\/384|[from] sandstorm
|-heal|p1a: Fap-dos|288\/384|[from] item: Leftovers
|-heal|p2a: Gliscor|323\/353 tox|[from] ability: Poison Heal
|turn|17
|join|cumspire
|
|move|p1a: Fap-dos|Hidden Power|p2a: Gliscor
|-supereffective|p2a: Gliscor
|-end|p2a: Gliscor|Substitute
|move|p2a: Gliscor|Toxic|p1a: Fap-dos
|-status|p1a: Fap-dos|tox
|
|-weather|none
|-heal|p1a: Fap-dos|312\/384 tox|[from] item: Leftovers
|-damage|p1a: Fap-dos|288\/384 tox|[from] psn
|-heal|p2a: Gliscor|353\/353 tox|[from] ability: Poison Heal
|turn|18
|
|switch|p2a: Tyranitar|Tyranitar, M|317\/403
|-weather|Sandstorm
|move|p1a: Fap-dos|Defog|p2a: Tyranitar
|-unboost|p2a: Tyranitar|evasion|1
|-sideend|p1: burgerfresser|Stealth Rock|[from] move: Defog|[of] p1a: Fap-dos
|
|-weather|Sandstorm|[upkeep]
|-damage|p1a: Fap-dos|264\/384 tox|[from] sandstorm
|-heal|p1a: Fap-dos|288\/384 tox|[from] item: Leftovers
|-damage|p1a: Fap-dos|240\/384 tox|[from] psn
|turn|19
|join|Druides
|
|switch|p1a: Gardewhore|Gardevoir, F, shiny|277\/277
|-ability|p1a: Gardewhore|Sand Stream|[from] ability: Trace|[of] p2a: Tyranitar
|switch|p2a: Gliscor|Gliscor, F|353\/353 tox
|
|-weather|Sandstorm|[upkeep]
|-damage|p1a: Gardewhore|260\/277|[from] sandstorm
|turn|20
|join|Updated Kanto
|join|qc2chd
|
|switch|p2a: Ferrothorn|Ferrothorn, M|202\/351
|detailschange|p1a: Gardewhore|Gardevoir-Mega, F, shiny
|-mega|p1a: Gardewhore|Gardevoir|Gardevoirite
|move|p1a: Gardewhore|Hyper Voice|p2a: Ferrothorn
|-resisted|p2a: Ferrothorn
|-damage|p2a: Ferrothorn|102\/351
|
|-weather|Sandstorm|[upkeep]
|-damage|p1a: Gardewhore|243\/277|[from] sandstorm
|-heal|p2a: Ferrothorn|123\/351|[from] item: Leftovers
|turn|21
|
|move|p1a: Gardewhore|Focus Blast|p2a: Ferrothorn
|-supereffective|p2a: Ferrothorn
|-damage|p2a: Ferrothorn|0 fnt
|faint|p2a: Ferrothorn
|
|-weather|Sandstorm|[upkeep]
|-damage|p1a: Gardewhore|226\/277|[from] sandstorm
|
|switch|p2a: Excadrill|Excadrill, F|361\/361
|turn|22
|
|switch|p1a: Chesnaught|Chesnaught, M|304\/380
|move|p2a: Excadrill|Swords Dance|p2a: Excadrill
|-boost|p2a: Excadrill|atk|2
|
|-weather|Sandstorm|[upkeep]
|-damage|p1a: Chesnaught|281\/380|[from] sandstorm
|-heal|p1a: Chesnaught|304\/380|[from] item: Leftovers
|turn|23
|
|move|p2a: Excadrill|Iron Head|p1a: Chesnaught
|-damage|p1a: Chesnaught|43\/380
|-damage|p2a: Excadrill|325\/361|[from] item: Life Orb
|move|p1a: Chesnaught|Drain Punch|p2a: Excadrill
|-supereffective|p2a: Excadrill
|-damage|p2a: Excadrill|41\/361
|-heal|p1a: Chesnaught|185\/380|[from] drain|[of] p2a: Excadrill
|
|-weather|Sandstorm|[upkeep]
|-damage|p1a: Chesnaught|162\/380|[from] sandstorm
|-heal|p1a: Chesnaught|185\/380|[from] item: Leftovers
|turn|24
|join|Itachi-the-Boss
|c| Itachi-the-Boss|los burger xD
|c|âburgerfresser|thx c:
|c|âburgerfresser|hab gegen cleanerthanrotom-w vorher gewonnen o.O
|c|âNick504|i thouht clicked cancel :(
|c| smdufgt|doesnt work
|c| smdufgt|cancel is fcked up
|c|âNick504|oh yea
|
|move|p1a: Chesnaught|Spiky Shield|p1a: Chesnaught
|-singleturn|p1a: Chesnaught|move: Protect
|move|p2a: Excadrill|Iron Head|p1a: Chesnaught
|-activate|p1a: Chesnaught|move: Protect
|-damage|p2a: Excadrill|0 fnt|[from] Spiky Shield|[of] p1a: Chesnaught
|faint|p2a: Excadrill
|
|-weather|Sandstorm|[upkeep]
|-damage|p1a: Chesnaught|162\/380|[from] sandstorm
|-heal|p1a: Chesnaught|185\/380|[from] item: Leftovers
|
|switch|p2a: Gliscor|Gliscor, F|353\/353 tox
|turn|25
|
|switch|p1a: Fap-dos|Zapdos|240\/384 tox
|-ability|p1a: Fap-dos|Pressure
|move|p2a: Gliscor|Substitute|p2a: Gliscor
|-start|p2a: Gliscor|Substitute
|-damage|p2a: Gliscor|265\/353 tox
|
|-weather|none
|-heal|p1a: Fap-dos|264\/384 tox|[from] item: Leftovers
|-damage|p1a: Fap-dos|240\/384 tox|[from] psn
|-heal|p2a: Gliscor|309\/353 tox|[from] ability: Poison Heal
|turn|26
|
|move|p1a: Fap-dos|Hidden Power|p2a: Gliscor
|-supereffective|p2a: Gliscor
|-end|p2a: Gliscor|Substitute
|move|p2a: Gliscor|Earthquake|p1a: Fap-dos
|-immune|p1a: Fap-dos|[msg]
|
|-heal|p1a: Fap-dos|264\/384 tox|[from] item: Leftovers
|-damage|p1a: Fap-dos|216\/384 tox|[from] psn
|-heal|p2a: Gliscor|353\/353 tox|[from] ability: Poison Heal
|turn|27
|join|Kawl
|
|switch|p2a: Tyranitar|Tyranitar, M|317\/403
|-weather|Sandstorm
|move|p1a: Fap-dos|Hidden Power|p2a: Tyranitar
|-damage|p2a: Tyranitar|277\/403
|
|-weather|Sandstorm|[upkeep]
|-damage|p1a: Fap-dos|192\/384 tox|[from] sandstorm
|-heal|p1a: Fap-dos|216\/384 tox|[from] item: Leftovers
|-damage|p1a: Fap-dos|144\/384 tox|[from] psn
|turn|28
|
|switch|p1a: Chesnaught|Chesnaught, M|185\/380
|move|p2a: Tyranitar|Stealth Rock|p1a: Chesnaught
|-sidestart|p1: burgerfresser|move: Stealth Rock
|
|-weather|Sandstorm|[upkeep]
|-damage|p1a: Chesnaught|162\/380|[from] sandstorm
|-heal|p1a: Chesnaught|185\/380|[from] item: Leftovers
|turn|29
|
|switch|p2a: Slowbro|Slowbro, F|393\/393
|move|p1a: Chesnaught|Leech Seed|p2a: Slowbro
|-start|p2a: Slowbro|move: Leech Seed
|
|-weather|Sandstorm|[upkeep]
|-damage|p1a: Chesnaught|162\/380|[from] sandstorm
|-damage|p2a: Slowbro|369\/393|[from] sandstorm
|-heal|p1a: Chesnaught|185\/380|[from] item: Leftovers
|-damage|p2a: Slowbro|320\/393|[from] Leech Seed|[of] p1a: Chesnaught
|-heal|p1a: Chesnaught|234\/380|[silent]
|turn|30
|
|switch|p1a: Gardewhore|Gardevoir-Mega, F, shiny|226\/277
|-damage|p1a: Gardewhore|192\/277|[from] Stealth Rock
|switch|p2a: Latios|Latios, M|161\/301
|
|-weather|Sandstorm|[upkeep]
|-damage|p2a: Latios|143\/301|[from] sandstorm
|-damage|p1a: Gardewhore|175\/277|[from] sandstorm
|turn|31
|join|c0mp
|
|move|p2a: Latios|Thunderbolt|p1a: Gardewhore
|-damage|p1a: Gardewhore|63\/277
|-damage|p2a: Latios|113\/301|[from] item: Life Orb
|move|p1a: Gardewhore|Hyper Voice|p2a: Latios
|-supereffective|p2a: Latios
|-damage|p2a: Latios|0 fnt
|faint|p2a: Latios
|
|-weather|Sandstorm|[upkeep]
|-damage|p1a: Gardewhore|46\/277|[from] sandstorm
|
|switch|p2a: Slowbro|Slowbro, F|393\/393
|turn|32
|join|Osteentassaumn
|leave|Osteentassaumn
|
|move|p1a: Gardewhore|Hyper Voice|p2a: Slowbro
|-damage|p2a: Slowbro|86\/393
|move|p2a: Slowbro|Slack Off|p2a: Slowbro
|-heal|p2a: Slowbro|283\/393
|
|-weather|Sandstorm|[upkeep]
|-damage|p1a: Gardewhore|29\/277|[from] sandstorm
|-damage|p2a: Slowbro|259\/393|[from] sandstorm
|turn|33
|leave|Updated Kanto
|
|switch|p2a: Tyranitar|Tyranitar, M|277\/403
|move|p1a: Gardewhore|Hyper Voice|p2a: Tyranitar
|-supereffective|p2a: Tyranitar
|-damage|p2a: Tyranitar|0 fnt
|faint|p2a: Tyranitar
|
|-weather|Sandstorm|[upkeep]
|-damage|p1a: Gardewhore|12\/277|[from] sandstorm
|
|switch|p2a: Gliscor|Gliscor, F|353\/353 tox
|turn|34
|
|move|p1a: Gardewhore|Hyper Voice|p2a: Gliscor
|-damage|p2a: Gliscor|43\/353 tox
|move|p2a: Gliscor|Knock Off|p1a: Gardewhore
|-damage|p1a: Gardewhore|0 fnt
|faint|p1a: Gardewhore
|
|-weather|none
|-heal|p2a: Gliscor|87\/353 tox|[from] ability: Poison Heal
|
|switch|p1a: Pimpnite|Dragonite, M, shiny|343\/343
|-damage|p1a: Pimpnite|258\/343|[from] Stealth Rock
|turn|35
|
|move|p1a: Pimpnite|Outrage|p2a: Gliscor
|-damage|p2a: Gliscor|0 fnt
|faint|p2a: Gliscor
|
|join|a brick
|
|switch|p2a: Slowbro|Slowbro, F|390\/393
|turn|36
|join|FamSlayer
|
|detailschange|p2a: Slowbro|Slowbro-Mega, F
|-mega|p2a: Slowbro|Slowbro|Slowbronite
|move|p1a: Pimpnite|Outrage|p2a: Slowbro
|-damage|p2a: Slowbro|210\/393
|move|p2a: Slowbro|Slack Off|p2a: Slowbro
|-heal|p2a: Slowbro|393\/393
|
|-end|p1a: Pimpnite|rampage
|-start|p1a: Pimpnite|confusion
|turn|37
|leave|a brick
|c|âNick504|i have a chance i think
|
|switch|p1a: Fap-dos|Zapdos|144\/384 tox
|-damage|p1a: Fap-dos|48\/384 tox|[from] Stealth Rock
|-ability|p1a: Fap-dos|Pressure
|move|p2a: Slowbro|Calm Mind|p2a: Slowbro
|-boost|p2a: Slowbro|spa|1
|-boost|p2a: Slowbro|spd|1
|
|-heal|p1a: Fap-dos|72\/384 tox|[from] item: Leftovers
|-damage|p1a: Fap-dos|48\/384 tox|[from] psn
|turn|38
|c| smdufgt|slowbro sweep
|
|move|p1a: Fap-dos|Thunderbolt|p2a: Slowbro
|-supereffective|p2a: Slowbro
|-damage|p2a: Slowbro|181\/393
|move|p2a: Slowbro|Calm Mind|p2a: Slowbro
|-boost|p2a: Slowbro|spa|1
|-boost|p2a: Slowbro|spd|1
|
|-heal|p1a: Fap-dos|72\/384 tox|[from] item: Leftovers
|-damage|p1a: Fap-dos|24\/384 tox|[from] psn
|turn|39
|join|jeffrawr
|
|move|p1a: Fap-dos|Thunderbolt|p2a: Slowbro
|-supereffective|p2a: Slowbro
|-damage|p2a: Slowbro|23\/393
|move|p2a: Slowbro|Slack Off|p2a: Slowbro
|-heal|p2a: Slowbro|220\/393
|
|-heal|p1a: Fap-dos|48\/384 tox|[from] item: Leftovers
|-damage|p1a: Fap-dos|0 fnt|[from] psn
|faint|p1a: Fap-dos
|
|switch|p1a: Chesnaught|Chesnaught, M|234\/380
|-damage|p1a: Chesnaught|211\/380|[from] Stealth Rock
|turn|40
|c|âburgerfresser|crit plz Â°^Â°
|
|move|p1a: Chesnaught|Leech Seed|p2a: Slowbro
|-start|p2a: Slowbro|move: Leech Seed
|move|p2a: Slowbro|Slack Off|p2a: Slowbro
|-heal|p2a: Slowbro|393\/393
|
|-heal|p1a: Chesnaught|234\/380|[from] item: Leftovers
|-damage|p2a: Slowbro|344\/393|[from] Leech Seed|[of] p1a: Chesnaught
|-heal|p1a: Chesnaught|283\/380|[silent]
|turn|41
|c|âburgerfresser|badum ts
|c| av kakuna|lol
|c|âNick504|lolz
|
|move|p1a: Chesnaught|Drain Punch|p2a: Slowbro
|-resisted|p2a: Slowbro
|-damage|p2a: Slowbro|322\/393
|-heal|p1a: Chesnaught|294\/380|[from] drain|[of] p2a: Slowbro
|move|p2a: Slowbro|Flamethrower|p1a: Chesnaught
|-supereffective|p1a: Chesnaught
|-damage|p1a: Chesnaught|0 fnt
|faint|p1a: Chesnaught
|
|
|switch|p1a: Pimpnite|Dragonite, M, shiny|258\/343
|-damage|p1a: Pimpnite|173\/343|[from] Stealth Rock
|turn|42
|join|Jefo
|
|move|p1a: Pimpnite|Outrage|p2a: Slowbro
|-damage|p2a: Slowbro|162\/393
|move|p2a: Slowbro|Slack Off|p2a: Slowbro
|-heal|p2a: Slowbro|359\/393
|
|-damage|p2a: Slowbro|310\/393|[from] Leech Seed|[of] p1a: Pimpnite
|-heal|p1a: Pimpnite|222\/343|[silent]
|turn|43
|leave|Druides
|
|move|p1a: Pimpnite|Outrage|p2a: Slowbro
|-damage|p2a: Slowbro|156\/393
|move|p2a: Slowbro|Slack Off|p2a: Slowbro
|-heal|p2a: Slowbro|353\/393
|
|-damage|p2a: Slowbro|304\/393|[from] Leech Seed|[of] p1a: Pimpnite
|-heal|p1a: Pimpnite|271\/343|[silent]
|turn|44
|
|move|p1a: Pimpnite|Outrage|p2a: Slowbro
|-damage|p2a: Slowbro|127\/393
|move|p2a: Slowbro|Slack Off|p2a: Slowbro
|-heal|p2a: Slowbro|324\/393
|
|-end|p1a: Pimpnite|rampage
|-start|p1a: Pimpnite|confusion
|-damage|p2a: Slowbro|275\/393|[from] Leech Seed|[of] p1a: Pimpnite
|-heal|p1a: Pimpnite|320\/343|[silent]
|turn|45
|
|switch|p1a: Heattransexsual|Heatran, F|315\/386
|-damage|p1a: Heattransexsual|267\/386|[from] Stealth Rock
|move|p2a: Slowbro|Scald|p1a: Heattransexsual
|-supereffective|p1a: Heattransexsual
|-damage|p1a: Heattransexsual|0 fnt
|faint|p1a: Heattransexsual
|
|leave|c0mp
|
|switch|p1a: Pimpnite|Dragonite, M, shiny|320\/343
|-damage|p1a: Pimpnite|235\/343|[from] Stealth Rock
|turn|46
|c| jeffrawr|do u not carry toxic on ur team
|c|âNick504|plz get a two turn
|
|move|p1a: Pimpnite|Outrage|p2a: Slowbro
|-damage|p2a: Slowbro|100\/393
|move|p2a: Slowbro|Slack Off|p2a: Slowbro
|-heal|p2a: Slowbro|297\/393
|
|-damage|p2a: Slowbro|248\/393|[from] Leech Seed|[of] p1a: Pimpnite
|-heal|p1a: Pimpnite|284\/343|[silent]
|turn|47
|join|hbhbh
|
|move|p1a: Pimpnite|Outrage|p2a: Slowbro
|-damage|p2a: Slowbro|92\/393
|move|p2a: Slowbro|Slack Off|p2a: Slowbro
|-heal|p2a: Slowbro|289\/393
|
|-damage|p2a: Slowbro|240\/393|[from] Leech Seed|[of] p1a: Pimpnite
|-heal|p1a: Pimpnite|333\/343|[silent]
|turn|48
|join|22dula
|
|move|p1a: Pimpnite|Outrage|p2a: Slowbro
|-damage|p2a: Slowbro|62\/393
|move|p2a: Slowbro|Slack Off|p2a: Slowbro
|-heal|p2a: Slowbro|259\/393
|
|-end|p1a: Pimpnite|rampage
|-start|p1a: Pimpnite|confusion
|-damage|p2a: Slowbro|210\/393|[from] Leech Seed|[of] p1a: Pimpnite
|-heal|p1a: Pimpnite|343\/343|[silent]
|turn|49
|
|switch|p1a: Landorus-Therian|Landorus-Therian, M|319\/319
|-damage|p1a: Landorus-Therian|280\/319|[from] Stealth Rock
|-ability|p1a: Landorus-Therian|Intimidate|[of] p2a: Slowbro
|-unboost|p2a: Slowbro|atk|1
|move|p2a: Slowbro|Slack Off|p2a: Slowbro
|-heal|p2a: Slowbro|393\/393
|
|-damage|p2a: Slowbro|344\/393|[from] Leech Seed|[of] p1a: Landorus-Therian
|-heal|p1a: Landorus-Therian|319\/319|[silent]
|turn|50
|c| jeffrawr|reveal explosion
|join|CharmingTest
|
|move|p1a: Landorus-Therian|U-turn|p2a: Slowbro
|-supereffective|p2a: Slowbro
|-damage|p2a: Slowbro|260\/393
|c|âburgerfresser|lol
|
|switch|p1a: Pimpnite|Dragonite, M, shiny|343\/343
|-damage|p1a: Pimpnite|258\/343|[from] Stealth Rock
|move|p2a: Slowbro|Slack Off|p2a: Slowbro
|-heal|p2a: Slowbro|393\/393
|
|-damage|p2a: Slowbro|344\/393|[from] Leech Seed|[of] p1a: Pimpnite
|-heal|p1a: Pimpnite|307\/343|[silent]
|turn|51
|c| hbhbh|scald burn coming through
|c| smdufgt|._.
|c|âburgerfresser|^
|c|âNick504|burn now plz
|c| AdvanceShip|wie viele hat er noch?
|
|move|p1a: Pimpnite|Outrage|p2a: Slowbro
|-damage|p2a: Slowbro|166\/393
|move|p2a: Slowbro|Scald|p1a: Pimpnite
|-resisted|p1a: Pimpnite
|-damage|p1a: Pimpnite|191\/343
|
|-damage|p2a: Slowbro|117\/393|[from] Leech Seed|[of] p1a: Pimpnite
|-heal|p1a: Pimpnite|240\/343|[silent]
|turn|52
|c|âburgerfresser|god thanks
|c|âburgerfresser|the choke is here
|c|âNick504|NO :(
|c| av kakuna|gg
|c| smdufgt|it's over
|c|âNick504|gg
|c| Itachi-the-Boss|YES
|c| AdvanceShip|nice
|
|move|p1a: Pimpnite|Outrage|p2a: Slowbro
|-damage|p2a: Slowbro|0 fnt
|faint|p2a: Slowbro
|
|win|burgerfresser