|join|LoktaOgaa
|join|burgerfresser
|player|p1|LoktaOgaa|264
|player|p2|burgerfresser|260
|gametype|singles
|gen|6
|tier|OU (suspect test)
|rated
|clearpoke
|poke|p1|Lopunny, F
|poke|p1|Tornadus-Therian, M
|poke|p1|Scizor, M
|poke|p1|Keldeo
|poke|p1|Garchomp, M
|poke|p1|Rotom-Wash
|poke|p2|Raikou
|poke|p2|Landorus-Therian, M
|poke|p2|Suicune
|poke|p2|Entei, shiny
|poke|p2|Mandibuzz, F
|poke|p2|Mew
|rule|Swagger Clause: Swagger is banned
|rule|Baton Pass Clause: Limit one PokÃ©mon knowing Baton Pass
|rule|Sleep Clause Mod: Limit one foe put to sleep
|rule|Species Clause: Limit one of each PokÃ©mon
|rule|OHKO Clause: OHKO moves are banned
|rule|Moody Clause: Moody is banned
|rule|Evasion Moves Clause: Evasion moves are banned
|rule|Endless Battle Clause: Forcing endless battles is banned
|rule|HP Percentage Mod: HP is shown in percentages
|teampreview
|join|AdvanceShip
|
|start
|switch|p1a: Rotom-Wash|Rotom-Wash|303\/303
|switch|p2a: Cute n Annoying|Mew|404\/404
|turn|1
|c| AdvanceShip|der letzt hatte nen 39\/3 w\/l ratio
|
|move|p2a: Cute n Annoying|Stealth Rock|p1a: Rotom-Wash
|-sidestart|p1: LoktaOgaa|move: Stealth Rock
|move|p1a: Rotom-Wash|Will-O-Wisp|p2a: Cute n Annoying|[miss]
|-miss|p1a: Rotom-Wash|p2a: Cute n Annoying
|
|turn|2
|join|av kakuna
|
|switch|p2a: Raikou|Raikou|321\/321
|-ability|p2a: Raikou|Pressure
|move|p1a: Rotom-Wash|Will-O-Wisp|p2a: Raikou
|-status|p2a: Raikou|brn
|
|-damage|p2a: Raikou|281\/321 brn|[from] brn
|turn|3
|
|move|p2a: Raikou|Thunderbolt|p1a: Rotom-Wash
|-damage|p1a: Rotom-Wash|179\/303
|move|p1a: Rotom-Wash|Volt Switch|p2a: Raikou
|-resisted|p2a: Raikou
|-damage|p2a: Raikou|251\/321 brn
|
|switch|p1a: Lopunny|Lopunny, F|272\/272
|-damage|p1a: Lopunny|238\/272|[from] Stealth Rock
|
|-damage|p2a: Raikou|211\/321 brn|[from] brn
|turn|4
|
|switch|p2a: Mandibuzz|Mandibuzz, F|424\/424
|detailschange|p1a: Lopunny|Lopunny-Mega, F
|-mega|p1a: Lopunny|Lopunny|Lopunnite
|move|p1a: Lopunny|Return|p2a: Mandibuzz
|-damage|p2a: Mandibuzz|289\/424
|-damage|p1a: Lopunny|193\/272|[from] item: Rocky Helmet|[of] p2a: Mandibuzz
|
|turn|5
|
|switch|p1a: Garchomp|Garchomp, M|357\/357
|-damage|p1a: Garchomp|335\/357|[from] Stealth Rock
|move|p2a: Mandibuzz|Roost|p2a: Mandibuzz
|-heal|p2a: Mandibuzz|424\/424
|
|turn|6
|
|switch|p2a: Raikou|Raikou|211\/321 brn
|-ability|p2a: Raikou|Pressure
|move|p1a: Garchomp|Stealth Rock|p2a: Raikou
|-sidestart|p2: burgerfresser|move: Stealth Rock
|
|-damage|p2a: Raikou|171\/321 brn|[from] brn
|turn|7
|
|switch|p1a: Scizor|Scizor, M|343\/343
|-damage|p1a: Scizor|301\/343|[from] Stealth Rock
|move|p2a: Raikou|Hidden Power|p1a: Scizor
|-resisted|p1a: Scizor
|-damage|p1a: Scizor|271\/343
|
|-heal|p1a: Scizor|292\/343|[from] item: Leftovers
|-damage|p2a: Raikou|131\/321 brn|[from] brn
|turn|8
|
|move|p2a: Raikou|Volt Switch|p1a: Scizor
|-damage|p1a: Scizor|186\/343
|
|switch|p2a: Landorus-Therian|Landorus-Therian, M|319\/319
|-damage|p2a: Landorus-Therian|280\/319|[from] Stealth Rock
|-ability|p2a: Landorus-Therian|Intimidate|[of] p1a: Scizor
|-unboost|p1a: Scizor|atk|1
|move|p1a: Scizor|U-turn|p2a: Landorus-Therian
|-resisted|p2a: Landorus-Therian
|-damage|p2a: Landorus-Therian|240\/319
|
|switch|p1a: Keldeo|Keldeo|323\/323
|-damage|p1a: Keldeo|303\/323|[from] Stealth Rock
|
|turn|9
|
|switch|p2a: Suicune|Suicune|404\/404
|-damage|p2a: Suicune|354\/404|[from] Stealth Rock
|-ability|p2a: Suicune|Pressure
|move|p1a: Keldeo|Scald|p2a: Suicune
|-resisted|p2a: Suicune
|-damage|p2a: Suicune|263\/404
|-status|p2a: Suicune|brn
|
|-heal|p2a: Suicune|288\/404 brn|[from] item: Leftovers
|-damage|p2a: Suicune|238\/404 brn|[from] brn
|turn|10
|
|switch|p1a: Lopunny|Lopunny-Mega, F|193\/272
|-damage|p1a: Lopunny|176\/272|[from] Stealth Rock
|move|p2a: Suicune|Calm Mind|p2a: Suicune
|-boost|p2a: Suicune|spa|1
|-boost|p2a: Suicune|spd|1
|
|-heal|p2a: Suicune|263\/404 brn|[from] item: Leftovers
|-damage|p2a: Suicune|213\/404 brn|[from] brn
|turn|11
|
|switch|p2a: Mandibuzz|Mandibuzz, F|424\/424
|-damage|p2a: Mandibuzz|318\/424|[from] Stealth Rock
|move|p1a: Lopunny|High Jump Kick|p2a: Mandibuzz
|-damage|p2a: Mandibuzz|159\/424
|-damage|p1a: Lopunny|131\/272|[from] item: Rocky Helmet|[of] p2a: Mandibuzz
|
|turn|12
|
|move|p1a: Lopunny|High Jump Kick|p2a: Mandibuzz
|-damage|p2a: Mandibuzz|0 fnt
|-damage|p1a: Lopunny|86\/272|[from] item: Rocky Helmet|[of] p2a: Mandibuzz
|faint|p2a: Mandibuzz
|
|
|switch|p2a: Landorus-Therian|Landorus-Therian, M|240\/319
|-damage|p2a: Landorus-Therian|201\/319|[from] Stealth Rock
|-ability|p2a: Landorus-Therian|Intimidate|[of] p1a: Lopunny
|-unboost|p1a: Lopunny|atk|1
|turn|13
|
|switch|p1a: Scizor|Scizor, M|186\/343
|-damage|p1a: Scizor|144\/343|[from] Stealth Rock
|move|p2a: Landorus-Therian|U-turn|p1a: Scizor
|-resisted|p1a: Scizor
|-damage|p1a: Scizor|101\/343
|
|switch|p2a: Entei|Entei, shiny|372\/372
|-damage|p2a: Entei|279\/372|[from] Stealth Rock
|-ability|p2a: Entei|Pressure
|
|-heal|p1a: Scizor|122\/343|[from] item: Leftovers
|turn|14
|
|move|p2a: Entei|Sacred Fire|p1a: Scizor
|-supereffective|p1a: Scizor
|-damage|p1a: Scizor|0 fnt
|faint|p1a: Scizor
|
|
|switch|p1a: Keldeo|Keldeo|303\/323
|-damage|p1a: Keldeo|283\/323|[from] Stealth Rock
|turn|15
|
|switch|p2a: Raikou|Raikou|131\/321 brn
|-damage|p2a: Raikou|91\/321 brn|[from] Stealth Rock
|-ability|p2a: Raikou|Pressure
|move|p1a: Keldeo|Scald|p2a: Raikou
|-damage|p2a: Raikou|0 fnt
|faint|p2a: Raikou
|
|
|switch|p2a: Suicune|Suicune|213\/404 brn
|-damage|p2a: Suicune|163\/404 brn|[from] Stealth Rock
|-ability|p2a: Suicune|Pressure
|turn|16
|
|switch|p1a: Tornadus-Therian|Tornadus-Therian, M|332\/332
|-damage|p1a: Tornadus-Therian|249\/332|[from] Stealth Rock
|move|p2a: Suicune|Rest|p2a: Suicune
|-status|p2a: Suicune|slp
|-heal|p2a: Suicune|404\/404 slp|[silent]
|-status|p2a: Suicune|slp|[from] move: Rest
|
|turn|17
|
|move|p1a: Tornadus-Therian|Knock Off|p2a: Suicune
|-damage|p2a: Suicune|358\/404 slp
|-enditem|p2a: Suicune|Leftovers|[from] move: Knock Off|[of] p1a: Tornadus-Therian
|cant|p2a: Suicune|slp
|move|p2a: Suicune|Sleep Talk|p2a: Suicune
|move|p2a: Suicune|Calm Mind|p2a: Suicune|[from]Sleep Talk
|-boost|p2a: Suicune|spa|1
|-boost|p2a: Suicune|spd|1
|
|turn|18
|
|move|p1a: Tornadus-Therian|U-turn|p2a: Suicune
|-damage|p2a: Suicune|326\/404 slp
|
|switch|p1a: Keldeo|Keldeo|283\/323
|-damage|p1a: Keldeo|263\/323|[from] Stealth Rock
|cant|p2a: Suicune|slp
|move|p2a: Suicune|Sleep Talk|p2a: Suicune
|move|p2a: Suicune|Calm Mind|p2a: Suicune|[from]Sleep Talk
|-boost|p2a: Suicune|spa|1
|-boost|p2a: Suicune|spd|1
|
|turn|19
|
|move|p1a: Keldeo|Secret Sword|p2a: Suicune
|-damage|p2a: Suicune|169\/404 slp
|-curestatus|p2a: Suicune|slp
|move|p2a: Suicune|Calm Mind|p2a: Suicune
|-boost|p2a: Suicune|spa|1
|-boost|p2a: Suicune|spd|1
|
|turn|20
|
|switch|p1a: Lopunny|Lopunny-Mega, F|86\/272
|-damage|p1a: Lopunny|69\/272|[from] Stealth Rock
|move|p2a: Suicune|Rest|p2a: Suicune
|-status|p2a: Suicune|slp
|-heal|p2a: Suicune|404\/404 slp|[silent]
|-status|p2a: Suicune|slp|[from] move: Rest
|
|turn|21
|
|move|p1a: Lopunny|High Jump Kick|p2a: Suicune
|-damage|p2a: Suicune|239\/404 slp
|cant|p2a: Suicune|slp
|move|p2a: Suicune|Sleep Talk|p2a: Suicune
|move|p2a: Suicune|Calm Mind|p2a: Suicune|[from]Sleep Talk
|-boost|p2a: Suicune|spa|1
|-boost|p2a: Suicune|spd|1
|
|turn|22
|
|move|p1a: Lopunny|High Jump Kick|p2a: Suicune
|-damage|p2a: Suicune|91\/404 slp
|cant|p2a: Suicune|slp
|move|p2a: Suicune|Sleep Talk|p2a: Suicune
|move|p2a: Suicune|Scald|p1a: Lopunny|[from]Sleep Talk
|-damage|p1a: Lopunny|0 fnt
|faint|p1a: Lopunny
|
|
|switch|p1a: Garchomp|Garchomp, M|335\/357
|-damage|p1a: Garchomp|313\/357|[from] Stealth Rock
|turn|23
|
|move|p1a: Garchomp|Earthquake|p2a: Suicune
|-damage|p2a: Suicune|0 fnt
|-damage|p1a: Garchomp|278\/357|[from] item: Life Orb
|faint|p2a: Suicune
|
|
|switch|p2a: Cute n Annoying|Mew|404\/404
|-damage|p2a: Cute n Annoying|354\/404|[from] Stealth Rock
|turn|24
|
|switch|p1a: Tornadus-Therian|Tornadus-Therian, M|332\/332
|-damage|p1a: Tornadus-Therian|249\/332|[from] Stealth Rock
|move|p2a: Cute n Annoying|Will-O-Wisp|p1a: Tornadus-Therian
|-status|p1a: Tornadus-Therian|brn
|
|-heal|p2a: Cute n Annoying|379\/404|[from] item: Leftovers
|-damage|p1a: Tornadus-Therian|208\/332 brn|[from] brn
|turn|25
|
|move|p1a: Tornadus-Therian|Knock Off|p2a: Cute n Annoying
|-supereffective|p2a: Cute n Annoying
|-damage|p2a: Cute n Annoying|307\/404
|-enditem|p2a: Cute n Annoying|Leftovers|[from] move: Knock Off|[of] p1a: Tornadus-Therian
|move|p2a: Cute n Annoying|Roost|p2a: Cute n Annoying
|-heal|p2a: Cute n Annoying|404\/404
|
|-damage|p1a: Tornadus-Therian|167\/332 brn|[from] brn
|turn|26
|
|move|p1a: Tornadus-Therian|U-turn|p2a: Cute n Annoying
|-supereffective|p2a: Cute n Annoying
|-damage|p2a: Cute n Annoying|354\/404
|
|switch|p1a: Rotom-Wash|Rotom-Wash|179\/303
|-damage|p1a: Rotom-Wash|142\/303|[from] Stealth Rock
|move|p2a: Cute n Annoying|Roost|p2a: Cute n Annoying
|-heal|p2a: Cute n Annoying|404\/404
|
|-heal|p1a: Rotom-Wash|160\/303|[from] item: Leftovers
|turn|27
|join|Sikeras
|
|switch|p2a: Entei|Entei, shiny|279\/372
|-damage|p2a: Entei|186\/372|[from] Stealth Rock
|-ability|p2a: Entei|Pressure
|move|p1a: Rotom-Wash|Will-O-Wisp|p2a: Entei
|-fail|p2a: Entei
|
|-heal|p1a: Rotom-Wash|178\/303|[from] item: Leftovers
|turn|28
|
|move|p2a: Entei|Sacred Fire|p1a: Rotom-Wash
|-resisted|p1a: Rotom-Wash
|-damage|p1a: Rotom-Wash|76\/303
|-status|p1a: Rotom-Wash|brn
|move|p1a: Rotom-Wash|Hydro Pump|p2a: Entei
|-supereffective|p2a: Entei
|-damage|p2a: Entei|0 fnt
|faint|p2a: Entei
|
|-heal|p1a: Rotom-Wash|94\/303 brn|[from] item: Leftovers
|-damage|p1a: Rotom-Wash|57\/303 brn|[from] brn
|
|switch|p2a: Landorus-Therian|Landorus-Therian, M|201\/319
|-damage|p2a: Landorus-Therian|162\/319|[from] Stealth Rock
|-ability|p2a: Landorus-Therian|Intimidate|[of] p1a: Rotom-Wash
|-unboost|p1a: Rotom-Wash|atk|1
|turn|29
|
|move|p2a: Landorus-Therian|U-turn|p1a: Rotom-Wash
|-damage|p1a: Rotom-Wash|0 fnt
|faint|p1a: Rotom-Wash
|
|switch|p2a: Cute n Annoying|Mew|404\/404
|-damage|p2a: Cute n Annoying|354\/404|[from] Stealth Rock
|
|
|switch|p1a: Keldeo|Keldeo|263\/323
|-damage|p1a: Keldeo|243\/323|[from] Stealth Rock
|turn|30
|
|move|p1a: Keldeo|Scald|p2a: Cute n Annoying
|-damage|p2a: Cute n Annoying|201\/404
|move|p2a: Cute n Annoying|Knock Off|p1a: Keldeo
|-resisted|p1a: Keldeo
|-damage|p1a: Keldeo|204\/323
|-boost|p1a: Keldeo|atk|1|[from] ability: Justified
|-enditem|p1a: Keldeo|Choice Specs|[from] move: Knock Off|[of] p2a: Cute n Annoying
|
|turn|31
|
|move|p1a: Keldeo|Scald|p2a: Cute n Annoying
|-damage|p2a: Cute n Annoying|93\/404
|-status|p2a: Cute n Annoying|brn
|-status|p1a: Keldeo|brn
|move|p2a: Cute n Annoying|Roost|p2a: Cute n Annoying
|-heal|p2a: Cute n Annoying|295\/404 brn
|
|-damage|p1a: Keldeo|164\/323 brn|[from] brn
|-damage|p2a: Cute n Annoying|245\/404 brn|[from] brn
|turn|32
|
|move|p1a: Keldeo|Hydro Pump|p2a: Cute n Annoying|[miss]
|-miss|p1a: Keldeo|p2a: Cute n Annoying
|move|p2a: Cute n Annoying|Roost|p2a: Cute n Annoying
|-heal|p2a: Cute n Annoying|404\/404 brn
|
|-damage|p1a: Keldeo|124\/323 brn|[from] brn
|-damage|p2a: Cute n Annoying|354\/404 brn|[from] brn
|turn|33
|
|move|p1a: Keldeo|Hydro Pump|p2a: Cute n Annoying
|-damage|p2a: Cute n Annoying|194\/404 brn
|move|p2a: Cute n Annoying|Roost|p2a: Cute n Annoying
|-heal|p2a: Cute n Annoying|396\/404 brn
|
|-damage|p1a: Keldeo|84\/323 brn|[from] brn
|-damage|p2a: Cute n Annoying|346\/404 brn|[from] brn
|turn|34
|
|move|p1a: Keldeo|Hydro Pump|p2a: Cute n Annoying
|-damage|p2a: Cute n Annoying|198\/404 brn
|move|p2a: Cute n Annoying|Roost|p2a: Cute n Annoying
|-heal|p2a: Cute n Annoying|400\/404 brn
|
|-damage|p1a: Keldeo|44\/323 brn|[from] brn
|-damage|p2a: Cute n Annoying|350\/404 brn|[from] brn
|turn|35
|
|move|p1a: Keldeo|Hydro Pump|p2a: Cute n Annoying
|-damage|p2a: Cute n Annoying|187\/404 brn
|move|p2a: Cute n Annoying|Roost|p2a: Cute n Annoying
|-heal|p2a: Cute n Annoying|389\/404 brn
|
|-damage|p1a: Keldeo|4\/323 brn|[from] brn
|-damage|p2a: Cute n Annoying|339\/404 brn|[from] brn
|turn|36
|
|move|p1a: Keldeo|Hydro Pump|p2a: Cute n Annoying
|-damage|p2a: Cute n Annoying|198\/404 brn
|move|p2a: Cute n Annoying|Roost|p2a: Cute n Annoying
|-heal|p2a: Cute n Annoying|400\/404 brn
|
|-damage|p1a: Keldeo|0 fnt|[from] brn
|-damage|p2a: Cute n Annoying|350\/404 brn|[from] brn
|faint|p1a: Keldeo
|
|switch|p1a: Garchomp|Garchomp, M|278\/357
|-damage|p1a: Garchomp|256\/357|[from] Stealth Rock
|turn|37
|
|move|p1a: Garchomp|Earthquake|p2a: Cute n Annoying
|-damage|p2a: Cute n Annoying|175\/404 brn
|-damage|p1a: Garchomp|221\/357|[from] item: Life Orb
|move|p2a: Cute n Annoying|Will-O-Wisp|p1a: Garchomp|[miss]
|-miss|p2a: Cute n Annoying|p1a: Garchomp
|
|-damage|p2a: Cute n Annoying|125\/404 brn|[from] brn
|turn|38
|c|âburgerfresser|ofc
|
|switch|p2a: Landorus-Therian|Landorus-Therian, M|162\/319
|-damage|p2a: Landorus-Therian|123\/319|[from] Stealth Rock
|-ability|p2a: Landorus-Therian|Intimidate|[of] p1a: Garchomp
|-unboost|p1a: Garchomp|atk|1
|move|p1a: Garchomp|Draco Meteor|p2a: Landorus-Therian
|-damage|p2a: Landorus-Therian|0 fnt
|-unboost|p1a: Garchomp|spa|2
|-damage|p1a: Garchomp|186\/357|[from] item: Life Orb
|faint|p2a: Landorus-Therian
|
|
|switch|p2a: Cute n Annoying|Mew|125\/404 brn
|-damage|p2a: Cute n Annoying|75\/404 brn|[from] Stealth Rock
|turn|39
|
|move|p1a: Garchomp|Earthquake|p2a: Cute n Annoying
|-crit|p2a: Cute n Annoying
|-damage|p2a: Cute n Annoying|0 fnt
|-damage|p1a: Garchomp|151\/357|[from] item: Life Orb
|faint|p2a: Cute n Annoying
|
|win|LoktaOgaa
|raw|Ladder updating...
|c|âLoktaOgaa|burgerfresser ist kartoffelkopf
|raw|LoktaOgaa's rating: 1574 &rarr; <strong>1593<\/strong><br \/>(+19 for winning)
|raw|burgerfresser's rating: 1558 &rarr; <strong>1539<\/strong><br \/>(-19 for losing)