|join|Nicowhaat
|join|burgerfresser
|player|p1|Nicowhaat|269
|player|p2|burgerfresser|115
|gametype|singles
|gen|6
|tier|OU (suspect test)
|clearpoke
|poke|p1|Landorus-Therian, M
|poke|p1|Chansey, F
|poke|p1|Sceptile, M
|poke|p1|Rotom-Wash
|poke|p1|Dragonite, F
|poke|p1|Mandibuzz, F
|poke|p2|Gardevoir, F, shiny
|poke|p2|Keldeo-Resolute
|poke|p2|Landorus-Therian, M
|poke|p2|Chesnaught, M
|poke|p2|Heatran, F
|poke|p2|Latias, F
|rule|Swagger Clause: Swagger is banned
|rule|Baton Pass Clause: Limit one PokÃ©mon knowing Baton Pass
|rule|Sleep Clause Mod: Limit one foe put to sleep
|rule|Species Clause: Limit one of each PokÃ©mon
|rule|OHKO Clause: OHKO moves are banned
|rule|Moody Clause: Moody is banned
|rule|Evasion Moves Clause: Evasion moves are banned
|rule|Endless Battle Clause: Forcing endless battles is banned
|rule|HP Percentage Mod: HP is shown in percentages
|teampreview
|c|âburgerfresser|gl hf :3
|c|âNicowhaat|gl hf :3
|
|start
|switch|p1a: Sceptile|Sceptile, M|282\/282
|switch|p2a: DildoHead|Keldeo-Resolute|324\/324
|turn|1
|
|switch|p1a: Chansey|Chansey, F|704\/704
|switch|p2a: Heattransexsual|Heatran, F|385\/385
|
|turn|2
|c|âNicowhaat|ty :3
|
|move|p2a: Heattransexsual|Stealth Rock|p1a: Chansey
|-sidestart|p1: Nicowhaat|move: Stealth Rock
|move|p1a: Chansey|Seismic Toss|p2a: Heattransexsual
|-damage|p2a: Heattransexsual|285\/385
|
|-heal|p2a: Heattransexsual|309\/385|[from] item: Leftovers
|turn|3
|
|switch|p2a: DildoHead|Keldeo-Resolute|324\/324
|move|p1a: Chansey|Thunder Wave|p2a: DildoHead
|-status|p2a: DildoHead|par
|
|turn|4
|
|move|p1a: Chansey|Seismic Toss|p2a: DildoHead
|-damage|p2a: DildoHead|224\/324 par
|cant|p2a: DildoHead|par
|
|turn|5
|
|move|p1a: Chansey|Seismic Toss|p2a: DildoHead
|-damage|p2a: DildoHead|124\/324 par
|move|p2a: DildoHead|Secret Sword|p1a: Chansey
|-supereffective|p1a: Chansey
|-damage|p1a: Chansey|144\/704
|
|turn|6
|
|switch|p2a: Gardewhore|Gardevoir, F, shiny|277\/277
|-ability|p2a: Gardewhore|Natural Cure|[from] ability: Trace|[of] p1a: Chansey
|move|p1a: Chansey|Soft-Boiled|p1a: Chansey
|-heal|p1a: Chansey|496\/704
|
|turn|7
|c|âburgerfresser|du spielst also immer noch so scheiÃe :3
|c|âNicowhaat|du lÃ¤sst dich also immer noch so leicht predicten :3
|
|detailschange|p2a: Gardewhore|Gardevoir-Mega, F, shiny
|-mega|p2a: Gardewhore|Gardevoir|Gardevoirite
|move|p2a: Gardewhore|Taunt|p1a: Chansey
|-start|p1a: Chansey|move: Taunt
|move|p1a: Chansey|Seismic Toss|p2a: Gardewhore
|-damage|p2a: Gardewhore|177\/277
|
|turn|8
|c|âburgerfresser|nah
|c|âburgerfresser|they call me no switch ins
|
|move|p2a: Gardewhore|Psyshock|p1a: Chansey
|-damage|p1a: Chansey|291\/704
|move|p1a: Chansey|Seismic Toss|p2a: Gardewhore
|-damage|p2a: Gardewhore|77\/277
|
|turn|9
|join|av kakuna
|
|switch|p2a: Flyin Pussy|Landorus-Therian, M|319\/319
|-ability|p2a: Flyin Pussy|Intimidate|[of] p1a: Chansey
|-unboost|p1a: Chansey|atk|1
|switch|p1a: Rotom-Wash|Rotom-Wash|267\/267
|-damage|p1a: Rotom-Wash|234\/267|[from] Stealth Rock
|
|turn|10
|c|âNicowhaat|weil du nicht weiÃt was switch-ins sind? :D
|
|move|p2a: Flyin Pussy|U-turn|p1a: Rotom-Wash
|-damage|p1a: Rotom-Wash|141\/267
|c|âburgerfresser|rotom is defenetiv keiner o.O
|
|switch|p2a: Hug me|Chesnaught, M|380\/380
|move|p1a: Rotom-Wash|Trick|p2a: Hug me
|-activate|p1a: Rotom-Wash|move: Trick|[of] p2a: Hug me
|-item|p2a: Hug me|Choice Scarf|[from] move: Trick
|-item|p1a: Rotom-Wash|Leftovers|[from] move: Trick
|
|-heal|p1a: Rotom-Wash|157\/267|[from] item: Leftovers
|turn|11
|c|âNicowhaat|ja ok bei scarfnaught :x
|c|âNicowhaat|new meta :D
|c|âburgerfresser|^^
|
|move|p1a: Rotom-Wash|Will-O-Wisp|p2a: Hug me
|-status|p2a: Hug me|brn
|move|p2a: Hug me|Leech Seed|p1a: Rotom-Wash|[miss]
|-miss|p2a: Hug me|p1a: Rotom-Wash
|
|-heal|p1a: Rotom-Wash|173\/267|[from] item: Leftovers
|-damage|p2a: Hug me|333\/380 brn|[from] brn
|turn|12
|
|switch|p2a: Flyin Pussy|Landorus-Therian, M|319\/319
|-ability|p2a: Flyin Pussy|Intimidate|[of] p1a: Rotom-Wash
|-unboost|p1a: Rotom-Wash|atk|1
|move|p1a: Rotom-Wash|Volt Switch|p2a: Flyin Pussy
|-immune|p2a: Flyin Pussy|[msg]
|
|-heal|p1a: Rotom-Wash|189\/267|[from] item: Leftovers
|turn|13
|
|move|p2a: Flyin Pussy|U-turn|p1a: Rotom-Wash
|-damage|p1a: Rotom-Wash|96\/267
|
|switch|p2a: Lati ass|Latias, F|319\/319
|move|p1a: Rotom-Wash|Hydro Pump|p2a: Lati ass
|-crit|p2a: Lati ass
|-resisted|p2a: Lati ass
|-damage|p2a: Lati ass|217\/319
|
|-heal|p1a: Rotom-Wash|112\/267|[from] item: Leftovers
|turn|14
|
|switch|p1a: Sceptile|Sceptile, M|282\/282
|-damage|p1a: Sceptile|247\/282|[from] Stealth Rock
|move|p2a: Lati ass|Draco Meteor|p1a: Sceptile
|-damage|p1a: Sceptile|0 fnt
|-unboost|p2a: Lati ass|spa|2
|-damage|p2a: Lati ass|186\/319|[from] item: Life Orb
|faint|p1a: Sceptile
|
|
|switch|p1a: Chansey|Chansey, F|291\/704
|-damage|p1a: Chansey|203\/704|[from] Stealth Rock
|turn|15
|c|âNicowhaat|predicte halt kein chansey q.q
|
|switch|p2a: Flyin Pussy|Landorus-Therian, M|319\/319
|-ability|p2a: Flyin Pussy|Intimidate|[of] p1a: Chansey
|-unboost|p1a: Chansey|atk|1
|move|p1a: Chansey|Soft-Boiled|p1a: Chansey
|-heal|p1a: Chansey|555\/704
|
|turn|16
|c| av kakuna|mandibuzz .-.
|c|âburgerfresser|psyschok hÃ¤tte da eh 2hkod warum hÃ¤ttest du es einwechseln sollen
|
|switch|p1a: Landorus-Therian|Landorus-Therian, M|382\/382
|-damage|p1a: Landorus-Therian|335\/382|[from] Stealth Rock
|-ability|p1a: Landorus-Therian|Intimidate|[of] p2a: Flyin Pussy
|-unboost|p2a: Flyin Pussy|atk|1
|move|p2a: Flyin Pussy|Knock Off|p1a: Landorus-Therian
|-damage|p1a: Landorus-Therian|273\/382
|-enditem|p1a: Landorus-Therian|Leftovers|[from] move: Knock Off|[of] p2a: Flyin Pussy
|
|turn|17
|
|switch|p2a: Hug me|Chesnaught, M|333\/380 brn
|move|p1a: Landorus-Therian|Stealth Rock|p2a: Hug me
|-sidestart|p2: burgerfresser|move: Stealth Rock
|
|-damage|p2a: Hug me|286\/380 brn|[from] brn
|turn|18
|
|move|p2a: Hug me|Leech Seed|p1a: Landorus-Therian
|-start|p1a: Landorus-Therian|move: Leech Seed
|move|p1a: Landorus-Therian|U-turn|p2a: Hug me
|-damage|p2a: Hug me|238\/380 brn
|c|âburgerfresser|lol dat speed
|
|switch|p1a: Mandibuzz|Mandibuzz, F|424\/424
|-damage|p1a: Mandibuzz|318\/424|[from] Stealth Rock
|
|-heal|p1a: Mandibuzz|344\/424|[from] item: Leftovers
|-damage|p2a: Hug me|191\/380 brn|[from] brn
|turn|19
|c|âNicowhaat|ich weiÃ ja nicht irgendwie find ich scarfnaught schlecht :x
|c| av kakuna|lol
|
|switch|p1a: Landorus-Therian|Landorus-Therian, M|273\/382
|-damage|p1a: Landorus-Therian|226\/382|[from] Stealth Rock
|-ability|p1a: Landorus-Therian|Intimidate|[of] p2a: Hug me
|-unboost|p2a: Hug me|atk|1
|move|p2a: Hug me|Leech Seed|p1a: Landorus-Therian
|-start|p1a: Landorus-Therian|move: Leech Seed
|
|-damage|p1a: Landorus-Therian|179\/382|[from] Leech Seed|[of] p2a: Hug me
|-heal|p2a: Hug me|238\/380 brn|[silent]
|-damage|p2a: Hug me|191\/380 brn|[from] brn
|turn|20
|c|âburgerfresser|u dont saaaaay?xD
|
|move|p2a: Hug me|Leech Seed|p1a: Landorus-Therian
|-fail|p1a: Landorus-Therian
|move|p1a: Landorus-Therian|U-turn|p2a: Hug me
|-damage|p2a: Hug me|140\/380 brn
|c|âNicowhaat|ja du spielst es doch :I
|
|switch|p1a: Rotom-Wash|Rotom-Wash|112\/267
|-damage|p1a: Rotom-Wash|79\/267|[from] Stealth Rock
|
|-heal|p1a: Rotom-Wash|95\/267|[from] item: Leftovers
|-damage|p2a: Hug me|93\/380 brn|[from] brn
|turn|21
|
|move|p1a: Rotom-Wash|Hydro Pump|p2a: Hug me
|-resisted|p2a: Hug me
|-damage|p2a: Hug me|0 fnt
|faint|p2a: Hug me
|
|-heal|p1a: Rotom-Wash|111\/267|[from] item: Leftovers
|
|switch|p2a: Gardewhore|Gardevoir-Mega, F, shiny|77\/277
|-damage|p2a: Gardewhore|43\/277|[from] Stealth Rock
|turn|22
|
|switch|p1a: Chansey|Chansey, F|555\/704
|-damage|p1a: Chansey|467\/704|[from] Stealth Rock
|move|p2a: Gardewhore|Psyshock|p1a: Chansey
|-damage|p1a: Chansey|257\/704
|
|turn|23
|
|switch|p2a: Flyin Pussy|Landorus-Therian, M|319\/319
|-damage|p2a: Flyin Pussy|280\/319|[from] Stealth Rock
|-ability|p2a: Flyin Pussy|Intimidate|[of] p1a: Chansey
|-unboost|p1a: Chansey|atk|1
|move|p1a: Chansey|Seismic Toss|p2a: Flyin Pussy
|-damage|p2a: Flyin Pussy|180\/319
|
|turn|24
|
|move|p2a: Flyin Pussy|Knock Off|p1a: Chansey
|-damage|p1a: Chansey|85\/704
|-enditem|p1a: Chansey|Eviolite|[from] move: Knock Off|[of] p2a: Flyin Pussy
|move|p1a: Chansey|Soft-Boiled|p1a: Chansey
|-heal|p1a: Chansey|437\/704
|
|turn|25
|
|switch|p2a: Heattransexsual|Heatran, F|309\/385
|-damage|p2a: Heattransexsual|261\/385|[from] Stealth Rock
|move|p1a: Chansey|Soft-Boiled|p1a: Chansey
|-heal|p1a: Chansey|704\/704
|
|-heal|p2a: Heattransexsual|285\/385|[from] item: Leftovers
|turn|26
|
|move|p2a: Heattransexsual|Protect|p2a: Heattransexsual
|-singleturn|p2a: Heattransexsual|Protect
|move|p1a: Chansey|Seismic Toss|p2a: Heattransexsual
|-activate|p2a: Heattransexsual|Protect
|
|-heal|p2a: Heattransexsual|309\/385|[from] item: Leftovers
|turn|27
|
|move|p2a: Heattransexsual|Lava Plume|p1a: Chansey
|-damage|p1a: Chansey|586\/704
|move|p1a: Chansey|Seismic Toss|p2a: Heattransexsual
|-damage|p2a: Heattransexsual|209\/385
|
|-heal|p2a: Heattransexsual|233\/385|[from] item: Leftovers
|turn|28
|
|move|p2a: Heattransexsual|Lava Plume|p1a: Chansey
|-damage|p1a: Chansey|472\/704
|move|p1a: Chansey|Thunder Wave|p2a: Heattransexsual
|-status|p2a: Heattransexsual|par
|
|-heal|p2a: Heattransexsual|257\/385 par|[from] item: Leftovers
|turn|29
|
|move|p1a: Chansey|Seismic Toss|p2a: Heattransexsual
|-damage|p2a: Heattransexsual|157\/385 par
|cant|p2a: Heattransexsual|par
|
|-heal|p2a: Heattransexsual|181\/385 par|[from] item: Leftovers
|turn|30
|
|move|p1a: Chansey|Soft-Boiled|p1a: Chansey
|-heal|p1a: Chansey|704\/704
|cant|p2a: Heattransexsual|par
|
|-heal|p2a: Heattransexsual|205\/385 par|[from] item: Leftovers
|turn|31
|
|move|p1a: Chansey|Seismic Toss|p2a: Heattransexsual
|-damage|p2a: Heattransexsual|105\/385 par
|move|p2a: Heattransexsual|Lava Plume|p1a: Chansey
|-damage|p1a: Chansey|589\/704
|-status|p1a: Chansey|brn
|
|-heal|p2a: Heattransexsual|129\/385 par|[from] item: Leftovers
|-damage|p1a: Chansey|501\/704 brn|[from] brn
|turn|32
|
|switch|p2a: Lati ass|Latias, F|186\/319
|-damage|p2a: Lati ass|147\/319|[from] Stealth Rock
|move|p1a: Chansey|Seismic Toss|p2a: Lati ass
|-damage|p2a: Lati ass|47\/319
|
|-damage|p1a: Chansey|413\/704 brn|[from] brn
|turn|33
|
|move|p2a: Lati ass|Healing Wish|p2a: Lati ass
|faint|p2a: Lati ass
|move|p1a: Chansey|Soft-Boiled|p1a: Chansey
|-heal|p1a: Chansey|704\/704 brn
|
|-damage|p1a: Chansey|616\/704 brn|[from] brn
|
|switch|p2a: Gardewhore|Gardevoir-Mega, F, shiny|43\/277
|-heal|p2a: Gardewhore|277\/277|[from] move: Healing Wish
|-damage|p2a: Gardewhore|243\/277|[from] Stealth Rock
|turn|34
|
|move|p2a: Gardewhore|Psyshock|p1a: Chansey
|-damage|p1a: Chansey|310\/704 brn
|move|p1a: Chansey|Seismic Toss|p2a: Gardewhore
|-damage|p2a: Gardewhore|143\/277
|
|-damage|p1a: Chansey|222\/704 brn|[from] brn
|turn|35
|
|move|p2a: Gardewhore|Hyper Voice|p1a: Chansey
|-damage|p1a: Chansey|0 fnt
|faint|p1a: Chansey
|
|
|switch|p1a: Dragonite|Dragonite, F|324\/324
|-damage|p1a: Dragonite|243\/324|[from] Stealth Rock
|turn|36
|c|âNicowhaat|du weiÃt dass du auch keldeo zurÃ¼ckbringen kÃ¶nntest? :I
|
|switch|p2a: DildoHead|Keldeo-Resolute|124\/324 par
|-damage|p2a: DildoHead|104\/324 par|[from] Stealth Rock
|move|p1a: Dragonite|Extreme Speed|p2a: DildoHead
|-damage|p2a: DildoHead|0 fnt
|faint|p2a: DildoHead
|
|c|âNicowhaat|ja genau das :I
|c|âburgerfresser|xD
|
|switch|p2a: Heattransexsual|Heatran, F|129\/385 par
|-damage|p2a: Heattransexsual|81\/385 par|[from] Stealth Rock
|turn|37
|
|move|p1a: Dragonite|Extreme Speed|p2a: Heattransexsual
|-resisted|p2a: Heattransexsual
|-damage|p2a: Heattransexsual|11\/385 par
|move|p2a: Heattransexsual|Stone Edge|p1a: Dragonite|[miss]
|-miss|p2a: Heattransexsual|p1a: Dragonite
|
|-heal|p2a: Heattransexsual|35\/385 par|[from] item: Leftovers
|turn|38
|c|âburgerfresser|is klar
|
|cant|p2a: Heattransexsual|par
|move|p1a: Dragonite|Extreme Speed|p2a: Heattransexsual
|-resisted|p2a: Heattransexsual
|-damage|p2a: Heattransexsual|0 fnt
|faint|p2a: Heattransexsual
|
|c|âNicowhaat|steinkante? o.o
|c|âburgerfresser|taunt sd talon
|c| av kakuna|fÃ¼r sd taunt talon :p
|c|âburgerfresser|tele hat mich damit mal gerekt xD
|
|switch|p2a: Flyin Pussy|Landorus-Therian, M|180\/319
|-damage|p2a: Flyin Pussy|141\/319|[from] Stealth Rock
|-ability|p2a: Flyin Pussy|Intimidate|[of] p1a: Dragonite
|-unboost|p1a: Dragonite|atk|1
|turn|39
|c| av kakuna|und das mehr als ein mal xD
|
|switch|p1a: Landorus-Therian|Landorus-Therian, M|179\/382
|-damage|p1a: Landorus-Therian|132\/382|[from] Stealth Rock
|-ability|p1a: Landorus-Therian|Intimidate|[of] p2a: Flyin Pussy
|-unboost|p2a: Flyin Pussy|atk|1
|move|p2a: Flyin Pussy|Rock Slide|p1a: Landorus-Therian
|-damage|p1a: Landorus-Therian|84\/382
|
|turn|40
|c|âNicowhaat|ach bÃ¼rgerfresser etwas Ã¼bung und du kannst auch mal so gut werden wie ich ^-^
|
|move|p2a: Flyin Pussy|Rock Slide|p1a: Landorus-Therian
|-damage|p1a: Landorus-Therian|38\/382
|move|p1a: Landorus-Therian|U-turn|p2a: Flyin Pussy
|-resisted|p2a: Flyin Pussy
|-damage|p2a: Flyin Pussy|97\/319
|
|switch|p1a: Dragonite|Dragonite, F|243\/324
|-damage|p1a: Dragonite|162\/324|[from] Stealth Rock
|
|turn|41
|-message|burgerfresser forfeited.
|
|win|Nicowhaat
|c|âNicowhaat|gÃ¶nn mir halt noch die kills :I