|join|burgerfresser
|join|HJ Suspect
|player|p1|burgerfresser|115
|player|p2|HJ Suspect|46
|gametype|singles
|gen|6
|tier|OU (suspect test)
|rated
|clearpoke
|poke|p1|Altaria, F
|poke|p1|Keldeo
|poke|p1|Landorus-Therian, M
|poke|p1|Amoonguss, M
|poke|p1|Heatran, F
|poke|p1|Latias, F
|poke|p2|Charizard, F
|poke|p2|Keldeo-Resolute
|poke|p2|Gothitelle, F
|poke|p2|Tyranitar, M
|poke|p2|Excadrill, M
|poke|p2|Ferrothorn, F
|rule|Swagger Clause: Swagger is banned
|rule|Baton Pass Clause: Limit one PokÃ©mon knowing Baton Pass
|rule|Sleep Clause Mod: Limit one foe put to sleep
|rule|Species Clause: Limit one of each PokÃ©mon
|rule|OHKO Clause: OHKO moves are banned
|rule|Moody Clause: Moody is banned
|rule|Evasion Moves Clause: Evasion moves are banned
|rule|Endless Battle Clause: Forcing endless battles is banned
|rule|HP Percentage Mod: HP is shown in percentages
|teampreview
|
|start
|switch|p1a: Landorus-Therian|Landorus-Therian, M|319\/319
|switch|p2a: Ferrothorn|Ferrothorn, F|351\/351
|-ability|p1a: Landorus-Therian|Intimidate|[of] p2a: Ferrothorn
|-unboost|p2a: Ferrothorn|atk|1
|turn|1
|
|switch|p1a: Heatran|Heatran, F|385\/385
|move|p2a: Ferrothorn|Stealth Rock|p1a: Heatran
|-sidestart|p1: burgerfresser|move: Stealth Rock
|
|turn|2
|c|âHJ Suspect|sigh
|c|âHJ Suspect|more bulky teams
|
|switch|p2a: Gothitelle|Gothitelle, F|301\/301
|move|p1a: Heatran|Stealth Rock|p2a: Gothitelle
|-sidestart|p2: HJ Suspect|move: Stealth Rock
|
|turn|3
|
|move|p2a: Gothitelle|Trick|p1a: Heatran
|-activate|p2a: Gothitelle|move: Trick|[of] p1a: Heatran
|-item|p1a: Heatran|Choice Scarf|[from] move: Trick
|-item|p2a: Gothitelle|Leftovers|[from] move: Trick
|move|p1a: Heatran|Roar|p2a: Gothitelle
|drag|p2a: Keldeo-Resolute|Keldeo-Resolute|323\/323
|-damage|p2a: Keldeo-Resolute|303\/323|[from] Stealth Rock
|
|turn|4
|
|switch|p2a: Gothitelle|Gothitelle, F|301\/301
|-damage|p2a: Gothitelle|264\/301|[from] Stealth Rock
|switch|p1a: Amoonguss|Amoonguss, M|432\/432
|-damage|p1a: Amoonguss|378\/432|[from] Stealth Rock
|
|-heal|p2a: Gothitelle|282\/301|[from] item: Leftovers
|-heal|p1a: Amoonguss|405\/432|[from] item: Black Sludge
|turn|5
|c|âburgerfresser|awww
|c|âburgerfresser|wp
|c|âHJ Suspect|thx
|
|move|p2a: Gothitelle|Psychic|p1a: Amoonguss
|-supereffective|p1a: Amoonguss
|-damage|p1a: Amoonguss|81\/432
|move|p1a: Amoonguss|Spore|p2a: Gothitelle
|-status|p2a: Gothitelle|slp
|
|-heal|p2a: Gothitelle|300\/301 slp|[from] item: Leftovers
|-heal|p1a: Amoonguss|108\/432|[from] item: Black Sludge
|turn|6
|c|âHJ Suspect|too bad i tricked your tran
|
|cant|p2a: Gothitelle|slp
|move|p1a: Amoonguss|Giga Drain|p2a: Gothitelle
|-crit|p2a: Gothitelle
|-damage|p2a: Gothitelle|185\/301 slp
|-heal|p1a: Amoonguss|166\/432|[from] drain|[of] p2a: Gothitelle
|
|-heal|p2a: Gothitelle|203\/301 slp|[from] item: Leftovers
|-heal|p1a: Amoonguss|193\/432|[from] item: Black Sludge
|turn|7
|
|cant|p2a: Gothitelle|slp
|move|p1a: Amoonguss|Giga Drain|p2a: Gothitelle
|-damage|p2a: Gothitelle|127\/301 slp
|-heal|p1a: Amoonguss|231\/432|[from] drain|[of] p2a: Gothitelle
|
|-heal|p2a: Gothitelle|145\/301 slp|[from] item: Leftovers
|-heal|p1a: Amoonguss|258\/432|[from] item: Black Sludge
|turn|8
|
|cant|p2a: Gothitelle|slp
|move|p1a: Amoonguss|Giga Drain|p2a: Gothitelle
|-damage|p2a: Gothitelle|67\/301 slp
|-heal|p1a: Amoonguss|297\/432|[from] drain|[of] p2a: Gothitelle
|
|-heal|p2a: Gothitelle|85\/301 slp|[from] item: Leftovers
|-heal|p1a: Amoonguss|324\/432|[from] item: Black Sludge
|turn|9
|
|-curestatus|p2a: Gothitelle|slp
|move|p2a: Gothitelle|Psychic|p1a: Amoonguss
|-supereffective|p1a: Amoonguss
|-damage|p1a: Amoonguss|30\/432
|move|p1a: Amoonguss|Giga Drain|p2a: Gothitelle
|-crit|p2a: Gothitelle
|-damage|p2a: Gothitelle|0 fnt
|-heal|p1a: Amoonguss|73\/432|[from] drain|[of] p2a: Gothitelle
|faint|p2a: Gothitelle
|
|-heal|p1a: Amoonguss|100\/432|[from] item: Black Sludge
|c|âburgerfresser|sry :(
|c|âHJ Suspect|wth
|
|switch|p2a: Excadrill|Excadrill, M|361\/361
|-damage|p2a: Excadrill|350\/361|[from] Stealth Rock
|-item|p2a: Excadrill|Air Balloon
|turn|10
|c|âHJ Suspect|still cant beat amoong
|
|switch|p1a: Landorus-Therian|Landorus-Therian, M|319\/319
|-damage|p1a: Landorus-Therian|280\/319|[from] Stealth Rock
|-ability|p1a: Landorus-Therian|Intimidate|[of] p2a: Excadrill
|-unboost|p2a: Excadrill|atk|1
|move|p2a: Excadrill|Rapid Spin|p1a: Landorus-Therian
|-damage|p1a: Landorus-Therian|262\/319
|-sideend|p2: HJ Suspect|Stealth Rock|[from] move: Rapid Spin|[of] p2a: Excadrill
|
|turn|11
|
|switch|p2a: Charizard|Charizard, F|297\/297
|move|p1a: Landorus-Therian|U-turn|p2a: Charizard
|-crit|p2a: Charizard
|-resisted|p2a: Charizard
|-damage|p2a: Charizard|253\/297
|
|switch|p1a: Altaria|Altaria, F|354\/354
|-damage|p1a: Altaria|266\/354|[from] Stealth Rock
|
|turn|12
|
|detailschange|p2a: Charizard|Charizard-Mega-Y, F
|-mega|p2a: Charizard|Charizard|Charizardite Y
|-weather|SunnyDay
|detailschange|p1a: Altaria|Altaria-Mega, F
|-mega|p1a: Altaria|Altaria|Altarianite
|move|p2a: Charizard|Flamethrower|p1a: Altaria
|-resisted|p1a: Altaria
|-damage|p1a: Altaria|107\/354
|move|p1a: Altaria|Roost|p1a: Altaria
|-heal|p1a: Altaria|284\/354
|
|-weather|SunnyDay|[upkeep]
|turn|13
|c|âHJ Suspect|lemme get a burn real quick
|c|âburgerfresser|for some reason really expected x lol
|
|move|p2a: Charizard|Flamethrower|p1a: Altaria
|-resisted|p1a: Altaria
|-damage|p1a: Altaria|125\/354
|move|p1a: Altaria|Roost|p1a: Altaria
|-heal|p1a: Altaria|302\/354
|
|-weather|SunnyDay|[upkeep]
|turn|14
|
|switch|p2a: Excadrill|Excadrill, M|350\/361
|-item|p2a: Excadrill|Air Balloon
|switch|p1a: Heatran|Heatran, F|385\/385
|-damage|p1a: Heatran|337\/385|[from] Stealth Rock
|
|-weather|SunnyDay|[upkeep]
|turn|15
|c|âHJ Suspect|gah forgot about the scarf'
|
|switch|p2a: Charizard|Charizard-Mega-Y, F|253\/297
|move|p1a: Heatran|Lava Plume|p2a: Charizard
|-resisted|p2a: Charizard
|-damage|p2a: Charizard|176\/297
|
|-weather|SunnyDay|[upkeep]
|turn|16
|
|switch|p1a: Latias|Latias, F|305\/305
|-damage|p1a: Latias|267\/305|[from] Stealth Rock
|move|p2a: Charizard|Roost|p2a: Charizard
|-heal|p2a: Charizard|297\/297
|
|-weather|none
|turn|17
|
|switch|p1a: Keldeo|Keldeo|323\/323
|-damage|p1a: Keldeo|303\/323|[from] Stealth Rock
|switch|p2a: Tyranitar|Tyranitar, M|401\/401
|-weather|Sandstorm
|
|-weather|Sandstorm|[upkeep]
|-damage|p1a: Keldeo|283\/323|[from] sandstorm
|turn|18
|
|switch|p2a: Keldeo-Resolute|Keldeo-Resolute|303\/323
|move|p1a: Keldeo|Secret Sword|p2a: Keldeo-Resolute
|-damage|p2a: Keldeo-Resolute|39\/323
|
|-weather|Sandstorm|[upkeep]
|-damage|p2a: Keldeo-Resolute|19\/323|[from] sandstorm
|-damage|p1a: Keldeo|263\/323|[from] sandstorm
|turn|19
|
|move|p2a: Keldeo-Resolute|Secret Sword|p1a: Keldeo
|-damage|p1a: Keldeo|98\/323
|move|p1a: Keldeo|Secret Sword|p2a: Keldeo-Resolute
|-damage|p2a: Keldeo-Resolute|0 fnt
|faint|p2a: Keldeo-Resolute
|
|-weather|Sandstorm|[upkeep]
|-damage|p1a: Keldeo|78\/323|[from] sandstorm
|c|âHJ Suspect|misclick
|
|switch|p2a: Excadrill|Excadrill, M|350\/361
|-item|p2a: Excadrill|Air Balloon
|turn|20
|c|âHJ Suspect|wanted zard in
|
|switch|p1a: Landorus-Therian|Landorus-Therian, M|262\/319
|-damage|p1a: Landorus-Therian|223\/319|[from] Stealth Rock
|-ability|p1a: Landorus-Therian|Intimidate|[of] p2a: Excadrill
|-unboost|p2a: Excadrill|atk|1
|move|p2a: Excadrill|Iron Head|p1a: Landorus-Therian
|-damage|p1a: Landorus-Therian|100\/319
|
|-weather|Sandstorm|[upkeep]
|turn|21
|c|âHJ Suspect|but oh well
|
|switch|p1a: Amoonguss|Amoonguss, M|244\/432
|-damage|p1a: Amoonguss|190\/432|[from] Stealth Rock
|move|p2a: Excadrill|Iron Head|p1a: Amoonguss
|-damage|p1a: Amoonguss|94\/432
|
|-weather|Sandstorm|[upkeep]
|-damage|p1a: Amoonguss|67\/432|[from] sandstorm
|-heal|p1a: Amoonguss|94\/432|[from] item: Black Sludge
|turn|22
|
|switch|p1a: Latias|Latias, F|267\/305
|-damage|p1a: Latias|229\/305|[from] Stealth Rock
|move|p2a: Excadrill|Iron Head|p1a: Latias
|-damage|p1a: Latias|105\/305
|
|-weather|Sandstorm|[upkeep]
|-damage|p1a: Latias|86\/305|[from] sandstorm
|turn|23
|
|move|p2a: Excadrill|Iron Head|p1a: Latias
|-crit|p1a: Latias
|-damage|p1a: Latias|0 fnt
|faint|p1a: Latias
|
|-weather|Sandstorm|[upkeep]
|
|switch|p1a: Amoonguss|Amoonguss, M|238\/432
|-damage|p1a: Amoonguss|184\/432|[from] Stealth Rock
|turn|24
|
|switch|p2a: Ferrothorn|Ferrothorn, F|351\/351
|switch|p1a: Heatran|Heatran, F|337\/385
|-damage|p1a: Heatran|289\/385|[from] Stealth Rock
|
|-weather|none
|turn|25
|
|move|p2a: Ferrothorn|Protect|p2a: Ferrothorn
|-singleturn|p2a: Ferrothorn|Protect
|move|p1a: Heatran|Stealth Rock|p2a: Ferrothorn
|-sidestart|p2: HJ Suspect|move: Stealth Rock
|
|turn|26
|
|switch|p1a: Altaria|Altaria-Mega, F|302\/354
|-damage|p1a: Altaria|258\/354|[from] Stealth Rock
|switch|p2a: Charizard|Charizard-Mega-Y, F|297\/297
|-damage|p2a: Charizard|149\/297|[from] Stealth Rock
|-weather|SunnyDay
|
|-weather|SunnyDay|[upkeep]
|turn|27
|
|move|p2a: Charizard|Flamethrower|p1a: Altaria
|-resisted|p1a: Altaria
|-damage|p1a: Altaria|118\/354
|move|p1a: Altaria|Roost|p1a: Altaria
|-heal|p1a: Altaria|295\/354
|
|-weather|SunnyDay|[upkeep]
|turn|28
|
|move|p2a: Charizard|Flamethrower|p1a: Altaria
|-resisted|p1a: Altaria
|-damage|p1a: Altaria|136\/354
|move|p1a: Altaria|Return|p2a: Charizard
|-resisted|p2a: Charizard
|-damage|p2a: Charizard|47\/297
|
|-weather|SunnyDay|[upkeep]
|turn|29
|
|switch|p1a: Heatran|Heatran, F|289\/385
|-damage|p1a: Heatran|241\/385|[from] Stealth Rock
|move|p2a: Charizard|Flamethrower|p1a: Heatran
|-start|p1a: Heatran|ability: Flash Fire
|
|-weather|SunnyDay|[upkeep]
|turn|30
|
|move|p2a: Charizard|Roost|p2a: Charizard
|-heal|p2a: Charizard|196\/297
|move|p1a: Heatran|Roar|p2a: Charizard
|drag|p2a: Ferrothorn|Ferrothorn, F|351\/351
|-damage|p2a: Ferrothorn|330\/351|[from] Stealth Rock
|
|-weather|none
|turn|31
|
|switch|p1a: Altaria|Altaria-Mega, F|136\/354
|-damage|p1a: Altaria|92\/354|[from] Stealth Rock
|move|p2a: Ferrothorn|Gyro Ball|p1a: Altaria
|-supereffective|p1a: Altaria
|-damage|p1a: Altaria|0 fnt
|faint|p1a: Altaria
|
|
|switch|p1a: Heatran|Heatran, F|241\/385
|-damage|p1a: Heatran|193\/385|[from] Stealth Rock
|turn|32
|
|move|p2a: Ferrothorn|Protect|p2a: Ferrothorn
|-singleturn|p2a: Ferrothorn|Protect
|move|p1a: Heatran|Lava Plume|p2a: Ferrothorn
|-activate|p2a: Ferrothorn|Protect
|
|turn|33
|
|switch|p2a: Tyranitar|Tyranitar, M|401\/401
|-damage|p2a: Tyranitar|351\/401|[from] Stealth Rock
|-weather|Sandstorm
|move|p1a: Heatran|Lava Plume|p2a: Tyranitar
|-resisted|p2a: Tyranitar
|-damage|p2a: Tyranitar|315\/401
|
|-weather|Sandstorm|[upkeep]
|turn|34
|
|move|p1a: Heatran|Lava Plume|p2a: Tyranitar
|-crit|p2a: Tyranitar
|-resisted|p2a: Tyranitar
|-damage|p2a: Tyranitar|258\/401
|-status|p2a: Tyranitar|brn
|move|p2a: Tyranitar|Ice Beam|p1a: Heatran
|-resisted|p1a: Heatran
|-damage|p1a: Heatran|182\/385
|
|-weather|Sandstorm|[upkeep]
|-damage|p2a: Tyranitar|208\/401 brn|[from] brn
|turn|35
|
|move|p1a: Heatran|Lava Plume|p2a: Tyranitar
|-resisted|p2a: Tyranitar
|-damage|p2a: Tyranitar|173\/401 brn
|move|p2a: Tyranitar|Superpower|p1a: Heatran
|-supereffective|p1a: Heatran
|-damage|p1a: Heatran|38\/385
|-unboost|p2a: Tyranitar|atk|1
|-unboost|p2a: Tyranitar|def|1
|
|-weather|Sandstorm|[upkeep]
|-damage|p2a: Tyranitar|123\/401 brn|[from] brn
|turn|36
|
|move|p1a: Heatran|Lava Plume|p2a: Tyranitar
|-resisted|p2a: Tyranitar
|-damage|p2a: Tyranitar|90\/401 brn
|move|p2a: Tyranitar|Superpower|p1a: Heatran
|-supereffective|p1a: Heatran
|-damage|p1a: Heatran|0 fnt
|-unboost|p2a: Tyranitar|atk|1
|-unboost|p2a: Tyranitar|def|1
|faint|p1a: Heatran
|
|-weather|Sandstorm|[upkeep]
|-damage|p2a: Tyranitar|40\/401 brn|[from] brn
|
|switch|p1a: Landorus-Therian|Landorus-Therian, M|100\/319
|-damage|p1a: Landorus-Therian|61\/319|[from] Stealth Rock
|-ability|p1a: Landorus-Therian|Intimidate|[of] p2a: Tyranitar
|-unboost|p2a: Tyranitar|atk|1
|turn|37
|
|move|p1a: Landorus-Therian|Knock Off|p2a: Tyranitar
|-resisted|p2a: Tyranitar
|-damage|p2a: Tyranitar|0 fnt
|-enditem|p2a: Tyranitar|Smooth Rock|[from] move: Knock Off|[of] p1a: Landorus-Therian
|faint|p2a: Tyranitar
|
|-weather|Sandstorm|[upkeep]
|
|switch|p2a: Excadrill|Excadrill, M|350\/361
|-damage|p2a: Excadrill|339\/361|[from] Stealth Rock
|-item|p2a: Excadrill|Air Balloon
|turn|38
|
|switch|p1a: Amoonguss|Amoonguss, M|328\/432
|-damage|p1a: Amoonguss|274\/432|[from] Stealth Rock
|move|p2a: Excadrill|Rapid Spin|p1a: Amoonguss
|-damage|p1a: Amoonguss|247\/432
|-sideend|p2: HJ Suspect|Stealth Rock|[from] move: Rapid Spin|[of] p2a: Excadrill
|
|-weather|Sandstorm|[upkeep]
|-damage|p1a: Amoonguss|220\/432|[from] sandstorm
|-heal|p1a: Amoonguss|247\/432|[from] item: Black Sludge
|turn|39
|
|move|p2a: Excadrill|Iron Head|p1a: Amoonguss
|-damage|p1a: Amoonguss|108\/432
|cant|p1a: Amoonguss|flinch
|
|-weather|Sandstorm|[upkeep]
|-damage|p1a: Amoonguss|81\/432|[from] sandstorm
|-heal|p1a: Amoonguss|108\/432|[from] item: Black Sludge
|turn|40
|
|move|p2a: Excadrill|Iron Head|p1a: Amoonguss
|-damage|p1a: Amoonguss|0 fnt
|faint|p1a: Amoonguss
|
|-weather|none
|
|switch|p1a: Keldeo|Keldeo|78\/323
|-damage|p1a: Keldeo|58\/323|[from] Stealth Rock
|turn|41
|
|switch|p2a: Ferrothorn|Ferrothorn, F|330\/351
|move|p1a: Keldeo|Secret Sword|p2a: Ferrothorn
|-supereffective|p2a: Ferrothorn
|-damage|p2a: Ferrothorn|82\/351
|
|turn|42
|
|move|p1a: Keldeo|Secret Sword|p2a: Ferrothorn
|-supereffective|p2a: Ferrothorn
|-damage|p2a: Ferrothorn|0 fnt
|faint|p2a: Ferrothorn
|
|
|switch|p2a: Charizard|Charizard-Mega-Y, F|196\/297
|-weather|SunnyDay
|turn|43
|c|âburgerfresser|i have to hit 2 hydros to win >.>
|
|switch|p1a: Landorus-Therian|Landorus-Therian, M|61\/319
|-damage|p1a: Landorus-Therian|22\/319|[from] Stealth Rock
|-ability|p1a: Landorus-Therian|Intimidate|[of] p2a: Charizard
|-unboost|p2a: Charizard|atk|1
|move|p2a: Charizard|Solar Beam|p1a: Landorus-Therian|[still]
|-prepare|p2a: Charizard|Solar Beam|p1a: Landorus-Therian
|-anim|p2a: Charizard|Solar Beam|p1a: Landorus-Therian
|-damage|p1a: Landorus-Therian|0 fnt
|faint|p1a: Landorus-Therian
|
|-weather|SunnyDay|[upkeep]
|
|switch|p1a: Keldeo|Keldeo|58\/323
|-damage|p1a: Keldeo|38\/323|[from] Stealth Rock
|turn|44
|
|move|p1a: Keldeo|Hydro Pump|p2a: Charizard|[miss]
|-miss|p1a: Keldeo|p2a: Charizard
|move|p2a: Charizard|Solar Beam|p1a: Keldeo|[still]
|-prepare|p2a: Charizard|Solar Beam|p1a: Keldeo
|-anim|p2a: Charizard|Solar Beam|p1a: Keldeo
|-supereffective|p1a: Keldeo
|-damage|p1a: Keldeo|0 fnt
|faint|p1a: Keldeo
|
|win|HJ Suspect
|raw|Ladder updating...
|raw|burgerfresser's rating: 1309 &rarr; <strong>1294<\/strong><br \/>(-15 for losing)
|raw|HJ Suspect's rating: 1390 &rarr; <strong>1405<\/strong><br \/>(+15 for winning)
|c|âburgerfresser|yeah ofc
|c|âburgerfresser|gg