|join|Metal Sonic
|join|burgerfresser
|player|p1|Metal Sonic|101
|player|p2|burgerfresser|260
|gametype|singles
|gen|6
|tier|OU (suspect test)
|rated
|clearpoke
|poke|p1|Dragonite, F
|poke|p1|Garchomp, F
|poke|p1|Sceptile, F
|poke|p1|Clefable, F
|poke|p1|Diggersby, M
|poke|p1|Gengar, F
|poke|p2|Mamoswine, F
|poke|p2|Breloom, M, shiny
|poke|p2|Latias, F
|poke|p2|Magnezone
|poke|p2|Landorus-Therian, M
|poke|p2|Gardevoir, F, shiny
|rule|Swagger Clause: Swagger is banned
|rule|Baton Pass Clause: Limit one PokÃ©mon knowing Baton Pass
|rule|Sleep Clause Mod: Limit one foe put to sleep
|rule|Species Clause: Limit one of each PokÃ©mon
|rule|OHKO Clause: OHKO moves are banned
|rule|Moody Clause: Moody is banned
|rule|Evasion Moves Clause: Evasion moves are banned
|rule|Endless Battle Clause: Forcing endless battles is banned
|rule|HP Percentage Mod: HP is shown in percentages
|teampreview
|join|Silver99
|c| Silver99|vor kakuna
|join|AdvanceShip
|c|âburgerfresser|:O
|c| Silver99|:]
|
|start
|switch|p1a: Clefable|Clefable, F|393\/393
|switch|p2a: Helga|Mamoswine, F|361\/361
|turn|1
|c| AdvanceShip|not first this time...ich lasse nach:(
|c| Silver99|Ne
|c| Silver99|Du lÃ¤sst nich nach
|join|av kakuna
|c| Silver99|Ich drehe nur auf Â°^Â°
|
|move|p2a: Helga|Stealth Rock|p1a: Clefable
|-sidestart|p1: Metal Sonic|move: Stealth Rock
|move|p1a: Clefable|Moonblast|p2a: Helga
|-damage|p2a: Helga|131\/361
|
|turn|2
|c| Silver99|kakuna 2 slow :v
|c|âburgerfresser|dreh den swag auf c:
|c| av kakuna|.-.
|c| Silver99|mies
|
|switch|p2a: Gardewhore|Gardevoir, F, shiny|277\/277
|-ability|p2a: Gardewhore|Magic Guard|[from] ability: Trace|[of] p1a: Clefable
|move|p1a: Clefable|Moonblast|p2a: Gardewhore
|-damage|p2a: Gardewhore|160\/277
|
|turn|3
|c| Silver99|wenn gardewhore
|
|detailschange|p2a: Gardewhore|Gardevoir-Mega, F, shiny
|-mega|p2a: Gardewhore|Gardevoir|Gardevoirite
|move|p2a: Gardewhore|Hyper Voice|p1a: Clefable
|-damage|p1a: Clefable|174\/393
|move|p1a: Clefable|Moonblast|p2a: Gardewhore
|-damage|p2a: Gardewhore|53\/277
|
|turn|4
|c| Silver99|regenerator traced kriegst doch die recovery wenns ausswithct o.?
|c| av kakuna|ja
|c|âburgerfresser|obviously ja
|c| Silver99|._.
|c| av kakuna|und was wenns titankiefer traced?
|c| Silver99|DAs ist auf Englisch?
|c| AdvanceShip|finds auch immer schwer gegen garde nen sac zu wÃ¤hlen
|c| Silver99|Strong Jaw?
|c| av kakuna|ja
|c| Silver99|Was soll dann sein?
|c| av kakuna|titankifer garde ._.
|c| Silver99|... ?
|c| av kakuna|bildlich vorstellen
|c|âburgerfresser|aber
|c| Silver99|achso
|c| Silver99|._.
|c|âburgerfresser|poisen heal garde is real
|
|switch|p1a: Gengar|Gengar, F|261\/261
|-damage|p1a: Gengar|229\/261|[from] Stealth Rock
|move|p2a: Gardewhore|Hyper Voice|p1a: Gengar
|-resisted|p1a: Gengar
|-damage|p1a: Gengar|68\/261
|
|turn|5
|c| Silver99|haha xD
|
|switch|p2a: Landorous|Landorus-Therian, M|319\/319
|-ability|p2a: Landorous|Intimidate|[of] p1a: Gengar
|-unboost|p1a: Gengar|atk|1
|move|p1a: Gengar|Sludge Wave|p2a: Landorous
|-resisted|p2a: Landorous
|-damage|p2a: Landorous|196\/319
|-damage|p1a: Gengar|42\/261|[from] item: Life Orb
|
|turn|6
|c| AdvanceShip|delicious
|c|âburgerfresser|iron barbs garde stell ich mir bildlich lustig vor
|c| Silver99|lmao
|
|switch|p1a: Garchomp|Garchomp, F|420\/420
|-damage|p1a: Garchomp|394\/420|[from] Stealth Rock
|move|p2a: Landorous|U-turn|p1a: Garchomp
|-damage|p1a: Garchomp|325\/420
|-damage|p2a: Landorous|157\/319|[from] ability: Rough Skin|[of] p1a: Garchomp
|-damage|p2a: Landorous|104\/319|[from] item: Rocky Helmet|[of] p1a: Garchomp
|c| Silver99|Oder Thick Fat
|c|âburgerfresser|warum
|c| Silver99|Was warum
|c|âburgerfresser|rocky helmet chomps
|
|switch|p2a: Latias|Latias, F|319\/319
|
|turn|7
|c|âburgerfresser|die sind einfach nur nervig
|
|switch|p1a: Clefable|Clefable, F|174\/393
|move|p2a: Latias|Draco Meteor|p1a: Clefable
|-immune|p1a: Clefable|[msg]
|
|turn|8
|c| Silver99|:S
|
|move|p2a: Latias|Psyshock|p1a: Clefable
|-damage|p1a: Clefable|6\/393
|-damage|p2a: Latias|288\/319|[from] item: Life Orb
|move|p1a: Clefable|Soft-Boiled|p1a: Clefable
|-heal|p1a: Clefable|203\/393
|
|turn|9
|
|switch|p2a: Gotcha|Magnezone|312\/312
|move|p1a: Clefable|Soft-Boiled|p1a: Clefable
|-heal|p1a: Clefable|393\/393
|
|turn|10
|
|switch|p1a: Gengar|Gengar, F|42\/261
|-damage|p1a: Gengar|10\/261|[from] Stealth Rock
|move|p2a: Gotcha|Flash Cannon|p1a: Gengar
|-damage|p1a: Gengar|0 fnt
|faint|p1a: Gengar
|
|
|switch|p1a: Diggersby|Diggersby, M|311\/311
|-damage|p1a: Diggersby|292\/311|[from] Stealth Rock
|turn|11
|
|switch|p2a: Landorous|Landorus-Therian, M|104\/319
|-ability|p2a: Landorous|Intimidate|[of] p1a: Diggersby
|-unboost|p1a: Diggersby|atk|1
|move|p1a: Diggersby|Knock Off|p2a: Landorous
|-damage|p2a: Landorous|0 fnt
|-enditem|p2a: Landorous|Choice Scarf|[from] move: Knock Off|[of] p1a: Diggersby
|-damage|p1a: Diggersby|261\/311|[from] item: Life Orb
|faint|p2a: Landorous
|
|c| av kakuna|http:\/\/i.imgur.com\/HLzU96q.png
|c| Silver99|gawwd
|
|switch|p2a: Latias|Latias, F|288\/319
|turn|12
|
|move|p1a: Diggersby|Quick Attack|p2a: Latias
|-damage|p2a: Latias|194\/319
|-damage|p1a: Diggersby|230\/311|[from] item: Life Orb
|move|p2a: Latias|Draco Meteor|p1a: Diggersby
|-damage|p1a: Diggersby|0 fnt
|-unboost|p2a: Latias|spa|2
|-damage|p2a: Latias|163\/319|[from] item: Life Orb
|faint|p1a: Diggersby
|
|
|switch|p1a: Sceptile|Sceptile, F|281\/281
|-damage|p1a: Sceptile|246\/281|[from] Stealth Rock
|turn|13
|
|switch|p2a: Gardewhore|Gardevoir-Mega, F, shiny|53\/277
|detailschange|p1a: Sceptile|Sceptile-Mega, F
|-mega|p1a: Sceptile|Sceptile|Sceptilite
|move|p1a: Sceptile|Dragon Pulse|p2a: Gardewhore
|-immune|p2a: Gardewhore|[msg]
|
|turn|14
|c| Silver99|:O
|c|âburgerfresser|:O
|
|move|p1a: Sceptile|Giga Drain|p2a: Gardewhore
|-damage|p2a: Gardewhore|0 fnt
|-heal|p1a: Sceptile|273\/281|[from] drain|[of] p2a: Gardewhore
|faint|p2a: Gardewhore
|
|c| av kakuna|n_n
|c| Silver99|u_u
|
|switch|p2a: Helga|Mamoswine, F|131\/361
|turn|15
|c| Silver99|Helga rulez
|
|switch|p1a: Garchomp|Garchomp, F|325\/420
|-damage|p1a: Garchomp|299\/420|[from] Stealth Rock
|switch|p2a: Gotcha|Magnezone|312\/312
|
|turn|16
|c|âburgerfresser|was
|c| Silver99|uhh
|c| AdvanceShip|lordplay
|c|âburgerfresser|ich bin einfach zu real
|
|switch|p2a: Latias|Latias, F|163\/319
|move|p1a: Garchomp|Earthquake|p2a: Latias
|-immune|p2a: Latias|[msg]
|
|turn|17
|c| Silver99|sekunde
|c| Silver99|das war ein overpredict predict
|c|âburgerfresser|nein das war ein sack
|c| Silver99|o. habe ich mich verzÃ¤hlt?
|c| av kakuna|oder lebensmÃ¼de
|c| Silver99|je nach dem :<
|c| Silver99|macht hinne, weil schlafen :v
|
|switch|p2a: Gotcha|Magnezone|312\/312
|switch|p1a: Clefable|Clefable, F|393\/393
|
|turn|18
|c| av kakuna|geh doch :I
|c| Silver99|Ne
|c| Silver99|Will das noch zuende schauen
|c| AdvanceShip|ich hatte so gehofft er geht auf eq
|c| av kakuna|time stall imo
|c| Silver99|lol AdvanceShip
|
|move|p2a: Gotcha|Flash Cannon|p1a: Clefable
|-supereffective|p1a: Clefable
|-damage|p1a: Clefable|0 fnt
|faint|p1a: Clefable
|
|
|switch|p1a: Dragonite|Dragonite, F|323\/323
|-damage|p1a: Dragonite|243\/323|[from] Stealth Rock
|turn|19
|c|âburgerfresser|ja ich weiÃ der play von mir wa iwie seeeehr risky .-.
|
|move|p1a: Dragonite|Fire Punch|p2a: Gotcha
|-supereffective|p2a: Gotcha
|-damage|p2a: Gotcha|91\/312
|-damage|p1a: Dragonite|211\/323|[from] item: Life Orb
|move|p2a: Gotcha|Flash Cannon|p1a: Dragonite
|-damage|p1a: Dragonite|0 fnt
|faint|p1a: Dragonite
|
|c| Silver99|gg
|c|âburgerfresser|warum
|c| av kakuna|wieso
|c| AdvanceShip|LO again
|c| av kakuna|life orb
|
|switch|p1a: Sceptile|Sceptile-Mega, F|273\/281
|-damage|p1a: Sceptile|238\/281|[from] Stealth Rock
|turn|20
|c|âburgerfresser|spielt hier jeder lo drago
|c|âburgerfresser|was hab ich verpasst xD
|
|move|p1a: Sceptile|Focus Blast|p2a: Gotcha
|-supereffective|p2a: Gotcha
|-damage|p2a: Gotcha|0 fnt
|faint|p2a: Gotcha
|
|
|switch|p2a: Helga|Mamoswine, F|131\/361
|turn|21
|
|switch|p1a: Garchomp|Garchomp, F|299\/420
|-damage|p1a: Garchomp|273\/420|[from] Stealth Rock
|move|p2a: Helga|Ice Shard|p1a: Garchomp
|-crit|p1a: Garchomp
|-supereffective|p1a: Garchomp
|-damage|p1a: Garchomp|0 fnt
|faint|p1a: Garchomp
|
|c|âburgerfresser|uh
|c| Silver99|.-.
|c|âburgerfresser|the counter
|
|switch|p1a: Sceptile|Sceptile-Mega, F|238\/281
|-damage|p1a: Sceptile|203\/281|[from] Stealth Rock
|turn|22
|
|move|p2a: Helga|Ice Shard|p1a: Sceptile
|-supereffective|p1a: Sceptile
|-damage|p1a: Sceptile|0 fnt
|faint|p1a: Sceptile
|
|win|burgerfresser
|raw|Ladder updating...
|c| AdvanceShip|inner focus lo um lopunny zu checken
|raw|Metal Sonic's rating: 1470 &rarr; <strong>1456<\/strong><br \/>(-14 for losing)
|raw|burgerfresser's rating: 1569 &rarr; <strong>1583<\/strong><br \/>(+14 for winning)