|join|burgerfresser
|join|Richizen
|player|p1|burgerfresser|115
|player|p2|Richizen|1
|gametype|singles
|gen|6
|tier|OU (suspect test)
|rated
|clearpoke
|poke|p1|Altaria, F
|poke|p1|Keldeo
|poke|p1|Landorus-Therian, M
|poke|p1|Amoonguss, M
|poke|p1|Heatran, F
|poke|p1|Latias, F
|poke|p2|Gardevoir, F
|poke|p2|Gliscor, M
|poke|p2|Heatran, M
|poke|p2|Amoonguss, M
|poke|p2|Keldeo-Resolute
|poke|p2|Zapdos
|rule|Swagger Clause: Swagger is banned
|rule|Baton Pass Clause: Limit one PokÃ©mon knowing Baton Pass
|rule|Sleep Clause Mod: Limit one foe put to sleep
|rule|Species Clause: Limit one of each PokÃ©mon
|rule|OHKO Clause: OHKO moves are banned
|rule|Moody Clause: Moody is banned
|rule|Evasion Moves Clause: Evasion moves are banned
|rule|Endless Battle Clause: Forcing endless battles is banned
|rule|HP Percentage Mod: HP is shown in percentages
|teampreview
|
|start
|switch|p1a: Landorus-Therian|Landorus-Therian, M|319\/319
|switch|p2a: Gliscor|Gliscor, M|352\/352
|-ability|p1a: Landorus-Therian|Intimidate|[of] p2a: Gliscor
|-unboost|p2a: Gliscor|atk|1
|turn|1
|
|move|p1a: Landorus-Therian|U-turn|p2a: Gliscor
|-resisted|p2a: Gliscor
|-damage|p2a: Gliscor|314\/352
|
|switch|p1a: Heatran|Heatran, F|385\/385
|move|p2a: Gliscor|Toxic|p1a: Heatran
|-fail|p1a: Heatran
|
|-status|p2a: Gliscor|tox|[from] item: Toxic Orb
|turn|2
|
|switch|p1a: Altaria|Altaria, F|304\/304
|move|p2a: Gliscor|Earthquake|p1a: Altaria
|-immune|p1a: Altaria|[msg]
|
|-heal|p2a: Gliscor|352\/352 tox|[from] ability: Poison Heal
|turn|3
|
|move|p1a: Altaria|Dragon Dance|p1a: Altaria
|-boost|p1a: Altaria|atk|1
|-boost|p1a: Altaria|spe|1
|move|p2a: Gliscor|Taunt|p1a: Altaria
|-start|p1a: Altaria|move: Taunt
|
|turn|4
|
|switch|p1a: Heatran|Heatran, F|385\/385
|move|p2a: Gliscor|Toxic|p1a: Heatran
|-fail|p1a: Heatran
|
|turn|5
|
|switch|p1a: Altaria|Altaria, F|304\/304
|move|p2a: Gliscor|Taunt|p1a: Altaria
|-start|p1a: Altaria|move: Taunt
|
|turn|6
|
|switch|p1a: Amoonguss|Amoonguss, M|432\/432
|switch|p2a: Heatran|Heatran, M|385\/385
|
|turn|7
|
|move|p2a: Heatran|Stealth Rock|p1a: Amoonguss
|-sidestart|p1: burgerfresser|move: Stealth Rock
|move|p1a: Amoonguss|Spore|p2a: Heatran
|-status|p2a: Heatran|slp
|
|turn|8
|
|switch|p2a: Gardevoir|Gardevoir, F|287\/287
|-ability|p2a: Gardevoir|Regenerator|[from] ability: Trace|[of] p1a: Amoonguss
|switch|p1a: Latias|Latias, F|305\/305
|-damage|p1a: Latias|267\/305|[from] Stealth Rock
|
|turn|9
|
|detailschange|p2a: Gardevoir|Gardevoir-Mega, F
|-mega|p2a: Gardevoir|Gardevoir|Gardevoirite
|move|p1a: Latias|Defog|p2a: Gardevoir
|-unboost|p2a: Gardevoir|evasion|1
|-sideend|p1: burgerfresser|Stealth Rock|[from] move: Defog|[of] p1a: Latias
|move|p2a: Gardevoir|Hyper Voice|p1a: Latias
|-supereffective|p1a: Latias
|-damage|p1a: Latias|0 fnt
|faint|p1a: Latias
|
|
|switch|p1a: Heatran|Heatran, F|385\/385
|turn|10
|
|move|p2a: Gardevoir|Hidden Power|p1a: Heatran
|-supereffective|p1a: Heatran
|-damage|p1a: Heatran|153\/385
|move|p1a: Heatran|Stealth Rock|p2a: Gardevoir
|-sidestart|p2: Richizen|move: Stealth Rock
|
|-heal|p1a: Heatran|177\/385|[from] item: Leftovers
|turn|11
|c|âburgerfresser|wtf
|c|âburgerfresser|hp ground
|
|switch|p1a: Landorus-Therian|Landorus-Therian, M|319\/319
|-ability|p1a: Landorus-Therian|Intimidate|[of] p2a: Gardevoir
|-unboost|p2a: Gardevoir|atk|1
|move|p2a: Gardevoir|Hidden Power|p1a: Landorus-Therian
|-immune|p1a: Landorus-Therian|[msg]
|
|turn|12
|
|switch|p2a: Gliscor|Gliscor, M|352\/352 tox
|-damage|p2a: Gliscor|308\/352 tox|[from] Stealth Rock
|move|p1a: Landorus-Therian|U-turn|p2a: Gliscor
|-resisted|p2a: Gliscor
|-damage|p2a: Gliscor|273\/352 tox
|
|switch|p1a: Altaria|Altaria, F|304\/304
|
|-heal|p2a: Gliscor|317\/352 tox|[from] ability: Poison Heal
|turn|13
|
|move|p1a: Altaria|Substitute|p1a: Altaria
|-start|p1a: Altaria|Substitute
|-damage|p1a: Altaria|228\/304
|move|p2a: Gliscor|Taunt|p1a: Altaria
|-start|p1a: Altaria|move: Taunt
|
|-heal|p2a: Gliscor|352\/352 tox|[from] ability: Poison Heal
|turn|14
|
|switch|p1a: Landorus-Therian|Landorus-Therian, M|319\/319
|-ability|p1a: Landorus-Therian|Intimidate|[of] p2a: Gliscor
|-unboost|p2a: Gliscor|atk|1
|switch|p2a: Zapdos|Zapdos|383\/383
|-damage|p2a: Zapdos|288\/383|[from] Stealth Rock
|-ability|p2a: Zapdos|Pressure
|
|-heal|p2a: Zapdos|311\/383|[from] item: Leftovers
|turn|15
|
|move|p1a: Landorus-Therian|Stone Edge|p2a: Zapdos
|-supereffective|p2a: Zapdos
|-damage|p2a: Zapdos|103\/383
|move|p2a: Zapdos|Defog|p1a: Landorus-Therian
|-unboost|p1a: Landorus-Therian|evasion|1
|-sideend|p2: Richizen|Stealth Rock|[from] move: Defog|[of] p2a: Zapdos
|
|-heal|p2a: Zapdos|126\/383|[from] item: Leftovers
|turn|16
|
|switch|p1a: Keldeo|Keldeo|323\/323
|switch|p2a: Keldeo-Resolute|Keldeo-Resolute|323\/323
|
|turn|17
|
|switch|p2a: Amoonguss|Amoonguss, M|431\/431
|move|p1a: Keldeo|Secret Sword|p2a: Amoonguss
|-resisted|p2a: Amoonguss
|-damage|p2a: Amoonguss|319\/431
|
|-heal|p2a: Amoonguss|345\/431|[from] item: Black Sludge
|turn|18
|
|switch|p1a: Amoonguss|Amoonguss, M|432\/432
|switch|p2a: Gardevoir|Gardevoir-Mega, F|287\/287
|
|turn|19
|
|move|p2a: Gardevoir|Psyshock|p1a: Amoonguss
|-crit|p1a: Amoonguss
|-supereffective|p1a: Amoonguss
|-damage|p1a: Amoonguss|0 fnt
|faint|p1a: Amoonguss
|
|-message|burgerfresser forfeited.
|leave|burgerfresser
|
|win|Richizen
|raw|Ladder updating...
|player|p1