|join|Jirachirite
|join|burgerfresser
|player|p1|Jirachirite|1
|player|p2|burgerfresser|115
|gametype|singles
|gen|6
|tier|OU (suspect test)
|rated
|clearpoke
|poke|p1|Infernape, M
|poke|p1|Keldeo
|poke|p1|Metagross
|poke|p1|Dragonite, M
|poke|p1|Thundurus, M
|poke|p1|Bisharp, M
|poke|p2|Victini
|poke|p2|Dugtrio, M
|poke|p2|Gardevoir, M
|poke|p2|Amoonguss, F
|poke|p2|Empoleon, M
|poke|p2|Gliscor, F
|rule|Swagger Clause: Swagger is banned
|rule|Baton Pass Clause: Limit one PokÃ©mon knowing Baton Pass
|rule|Sleep Clause Mod: Limit one foe put to sleep
|rule|Species Clause: Limit one of each PokÃ©mon
|rule|OHKO Clause: OHKO moves are banned
|rule|Moody Clause: Moody is banned
|rule|Evasion Moves Clause: Evasion moves are banned
|rule|Endless Battle Clause: Forcing endless battles is banned
|rule|HP Percentage Mod: HP is shown in percentages
|teampreview
|join|av kakuna
|c|âburgerfresser|Ich hoffe der typ kann nicht auch hax predicten
|c| av kakuna|das team
|c| av kakuna|kenne ich
|c|âburgerfresser|ziemlich ho
|
|start
|switch|p1a: Infernape|Infernape, M|293\/293
|switch|p2a: Victini|Victini|341\/341
|turn|1
|
|move|p2a: Victini|U-turn|p1a: Infernape
|-resisted|p1a: Infernape
|-damage|p1a: Infernape|271\/293
|
|switch|p2a: Dugtrio|Dugtrio, M|211\/211
|move|p1a: Infernape|Stealth Rock|p2a: Dugtrio
|-sidestart|p2: burgerfresser|move: Stealth Rock
|
|turn|2
|
|move|p1a: Infernape|Vacuum Wave|p2a: Dugtrio
|-damage|p2a: Dugtrio|130\/211
|move|p2a: Dugtrio|Earthquake|p1a: Infernape
|-supereffective|p1a: Infernape
|-damage|p1a: Infernape|0 fnt
|faint|p1a: Infernape
|
|c| av kakuna|n kumpel hat das schon tausend mal benutzt
|c|âburgerfresser|is das von ctc?
|c| av kakuna|idk
|
|switch|p1a: Metagross|Metagross|301\/301
|turn|3
|c|âburgerfresser|ctc is manchmal n furchtbarer Teambauer mMn .-.
|c| av kakuna|^^
|
|detailschange|p1a: Metagross|Metagross-Mega
|-mega|p1a: Metagross|Metagross|Metagrossite
|move|p1a: Metagross|Bullet Punch|p2a: Dugtrio
|-damage|p2a: Dugtrio|0 fnt
|faint|p2a: Dugtrio
|
|
|switch|p2a: Victini|Victini|341\/341
|-damage|p2a: Victini|256\/341|[from] Stealth Rock
|turn|4
|
|switch|p1a: Keldeo|Keldeo|323\/323
|move|p2a: Victini|V-create|p1a: Keldeo
|-resisted|p1a: Keldeo
|-damage|p1a: Keldeo|186\/323
|-unboost|p2a: Victini|def|1
|-unboost|p2a: Victini|spd|1
|-unboost|p2a: Victini|spe|1
|
|turn|5
|join|AdvanceShip
|
|switch|p2a: Amoonguss|Amoonguss, F|432\/432
|-damage|p2a: Amoonguss|378\/432|[from] Stealth Rock
|move|p1a: Keldeo|Icy Wind|p2a: Amoonguss
|-supereffective|p2a: Amoonguss
|-damage|p2a: Amoonguss|128\/432
|-unboost|p2a: Amoonguss|spe|1
|
|-heal|p2a: Amoonguss|155\/432|[from] item: Black Sludge
|turn|6
|
|switch|p2a: Empoleon|Empoleon, M|371\/371
|-damage|p2a: Empoleon|348\/371|[from] Stealth Rock
|move|p1a: Keldeo|Icy Wind|p2a: Empoleon
|-crit|p2a: Empoleon
|-resisted|p2a: Empoleon
|-damage|p2a: Empoleon|324\/371
|-unboost|p2a: Empoleon|spe|1
|
|-heal|p2a: Empoleon|347\/371|[from] item: Leftovers
|turn|7
|c|âburgerfresser|dafÃ¼r bin ich manchmal n furchtbarer spieler c:
|
|switch|p1a: Bisharp|Bisharp, M|271\/271
|move|p2a: Empoleon|Scald|p1a: Bisharp
|-damage|p1a: Bisharp|142\/271
|
|-heal|p2a: Empoleon|370\/371|[from] item: Leftovers
|turn|8
|c| av kakuna|xD
|
|switch|p2a: Gliscor|Gliscor, F|354\/354
|-damage|p2a: Gliscor|310\/354|[from] Stealth Rock
|move|p1a: Bisharp|Knock Off|p2a: Gliscor
|-damage|p2a: Gliscor|153\/354
|-enditem|p2a: Gliscor|Toxic Orb|[from] move: Knock Off|[of] p1a: Bisharp
|-damage|p1a: Bisharp|115\/271|[from] item: Life Orb
|
|turn|9
|c| av kakuna|wie jetzt? xD
|c|âburgerfresser|?
|
|switch|p1a: Keldeo|Keldeo|186\/323
|move|p2a: Gliscor|Roost|p2a: Gliscor
|-heal|p2a: Gliscor|330\/354
|
|turn|10
|
|switch|p2a: Empoleon|Empoleon, M|370\/371
|-damage|p2a: Empoleon|347\/371|[from] Stealth Rock
|move|p1a: Keldeo|Hydro Pump|p2a: Empoleon
|-crit|p2a: Empoleon
|-resisted|p2a: Empoleon
|-damage|p2a: Empoleon|202\/371
|
|-heal|p2a: Empoleon|225\/371|[from] item: Leftovers
|turn|11
|c| av kakuna|keine poison heal recovery mehr
|c|âburgerfresser|is mir egal
|c| av kakuna|kk
|c|âburgerfresser|hab roost c:
|
|switch|p1a: Bisharp|Bisharp, M|115\/271
|move|p2a: Empoleon|Defog|p1a: Bisharp
|-unboost|p1a: Bisharp|evasion|1
|-boost|p1a: Bisharp|atk|2|[from] ability: Defiant
|-sideend|p2: burgerfresser|Stealth Rock|[from] move: Defog|[of] p2a: Empoleon
|
|-heal|p2a: Empoleon|248\/371|[from] item: Leftovers
|turn|12
|
|move|p1a: Bisharp|Knock Off|p2a: Empoleon
|-damage|p2a: Empoleon|0 fnt
|-enditem|p2a: Empoleon|Leftovers|[from] move: Knock Off|[of] p1a: Bisharp
|-damage|p1a: Bisharp|88\/271|[from] item: Life Orb
|faint|p2a: Empoleon
|
|
|switch|p2a: Gliscor|Gliscor, F|330\/354
|turn|13
|
|move|p1a: Bisharp|Sucker Punch|p2a: Gliscor
|-damage|p2a: Gliscor|61\/354
|-damage|p1a: Bisharp|61\/271|[from] item: Life Orb
|move|p2a: Gliscor|Earthquake|p1a: Bisharp
|-supereffective|p1a: Bisharp
|-damage|p1a: Bisharp|0 fnt
|faint|p1a: Bisharp
|
|
|switch|p1a: Keldeo|Keldeo|186\/323
|turn|14
|c|âburgerfresser|voir+victini kÃ¶nnte das noch reiÃen
|
|switch|p2a: Amoonguss|Amoonguss, F|299\/432
|move|p1a: Keldeo|Icy Wind|p2a: Amoonguss
|-supereffective|p2a: Amoonguss
|-damage|p2a: Amoonguss|73\/432
|-unboost|p2a: Amoonguss|spe|1
|
|-heal|p2a: Amoonguss|100\/432|[from] item: Black Sludge
|turn|15
|c| av kakuna|nja
|c| av kakuna|glaub nich
|
|switch|p2a: Victini|Victini|256\/341
|move|p1a: Keldeo|Icy Wind|p2a: Victini
|-resisted|p2a: Victini
|-damage|p2a: Victini|203\/341
|-unboost|p2a: Victini|spe|1
|
|turn|16
|c|âburgerfresser|aber dieses dragonite
|
|switch|p1a: Dragonite|Dragonite, M|323\/323
|move|p2a: Victini|Glaciate|p1a: Dragonite
|-supereffective|p1a: Dragonite
|-damage|p1a: Dragonite|215\/323
|-unboost|p1a: Dragonite|spe|1
|
|turn|17
|c|âburgerfresser|hehe
|
|move|p1a: Dragonite|Extreme Speed|p2a: Victini
|-damage|p2a: Victini|53\/341
|move|p2a: Victini|Glaciate|p1a: Dragonite
|-supereffective|p1a: Dragonite
|-damage|p1a: Dragonite|0 fnt
|faint|p1a: Dragonite
|
|
|switch|p1a: Metagross|Metagross-Mega|301\/301
|turn|18
|c| av kakuna|mega meta rekt dich jetzt
|
|switch|p2a: Gliscor|Gliscor, F|61\/354
|move|p1a: Metagross|Bullet Punch|p2a: Gliscor
|-damage|p2a: Gliscor|0 fnt
|faint|p2a: Gliscor
|
|c|âburgerfresser|jop
|c| av kakuna|auÃer kein zen headbutt
|c|âburgerfresser|lol
|c| av kakuna|?
|c|âburgerfresser|bp hat sogar noch ne chance nicht zu killen
|
|switch|p2a: Victini|Victini|53\/341
|turn|19
|
|move|p1a: Metagross|Bullet Punch|p2a: Victini
|-resisted|p2a: Victini
|-damage|p2a: Victini|0 fnt
|faint|p2a: Victini
|
|c|âburgerfresser|meh
|c| av kakuna|nÃ¶
|c|âburgerfresser|252 Atk Tough Claws Mega Metagross Bullet Punch vs. 0 HP \/ 0 Def Victini: 47-56 (13.7 - 16.4%) -- possible 7HKO
|
|switch|p2a: Amoonguss|Amoonguss, F|244\/432
|turn|20
|c|âburgerfresser|gg
|c| av kakuna|lol
|
|move|p1a: Metagross|Zen Headbutt|p2a: Amoonguss
|-supereffective|p2a: Amoonguss
|-damage|p2a: Amoonguss|0 fnt
|faint|p2a: Amoonguss
|
|
|switch|p2a: Gardevoir|Gardevoir, M|277\/277
|-ability|p2a: Gardevoir|Tough Claws|[from] ability: Trace|[of] p1a: Metagross
|turn|21
|c|âJirachirite|gg
|
|detailschange|p2a: Gardevoir|Gardevoir-Mega, M
|-mega|p2a: Gardevoir|Gardevoir|Gardevoirite
|move|p1a: Metagross|Bullet Punch|p2a: Gardevoir
|-supereffective|p2a: Gardevoir
|-damage|p2a: Gardevoir|0 fnt
|faint|p2a: Gardevoir
|
|win|Jirachirite
|raw|Ladder updating...
|raw|Jirachirite's rating: 1426 &rarr; <strong>1448<\/strong><br \/>(+22 for winning)
|raw|burgerfresser's rating: 1466 &rarr; <strong>1444<\/strong><br \/>(-22 for losing)