|join|will-i-am2
|join|Reverb
|join|Cienight
|join|fix the ladder
|player|p1|will-i-am2|169
|player|p2|Reverb|#reverb
|gametype|singles
|gen|6
|tier|OU
|rated
|clearpoke
|poke|p1|Registeel
|poke|p1|Mamoswine, M
|poke|p1|Hydreigon, F
|poke|p1|Slowbro, F
|poke|p1|Talonflame, M
|poke|p1|Xatu, F
|poke|p2|Serperior, M
|poke|p2|Conkeldurr, M
|poke|p2|Metagross
|poke|p2|Heatran, F
|poke|p2|Rotom-Wash
|poke|p2|Landorus-Therian, M
|rule|Swagger Clause: Swagger is banned
|rule|Baton Pass Clause: Limit one PokÃ©mon knowing Baton Pass
|rule|Sleep Clause Mod: Limit one foe put to sleep
|rule|Species Clause: Limit one of each PokÃ©mon
|rule|OHKO Clause: OHKO moves are banned
|rule|Moody Clause: Moody is banned
|rule|Evasion Moves Clause: Evasion moves are banned
|rule|Endless Battle Clause: Forcing endless battles is banned
|rule|HP Percentage Mod: HP is shown in percentages
|teampreview
|c| Cienight|hi will
|join|BattleXV
|c|âwill-i-am2|hey
|c|âwill-i-am2|gl hf
|c|âwill-i-am2|as always
|
|start
|switch|p1a: Talonflame|Talonflame, M|360\/360
|switch|p2a: Conkeldurr|Conkeldurr, M|364\/364
|turn|1
|join|gyarad0site
|
|switch|p2a: Rotom-Wash|Rotom-Wash|303\/303
|move|p1a: Talonflame|Brave Bird|p2a: Rotom-Wash
|-resisted|p2a: Rotom-Wash
|-damage|p2a: Rotom-Wash|261\/303
|-damage|p1a: Talonflame|346\/360|[from] recoil|[of] p2a: Rotom-Wash
|
|-heal|p1a: Talonflame|360\/360|[from] item: Leftovers
|-heal|p2a: Rotom-Wash|279\/303|[from] item: Leftovers
|turn|2
|join|Dragonite VII
|
|move|p1a: Talonflame|Will-O-Wisp|p2a: Rotom-Wash
|-status|p2a: Rotom-Wash|brn
|move|p2a: Rotom-Wash|Volt Switch|p1a: Talonflame
|-supereffective|p1a: Talonflame
|-damage|p1a: Talonflame|208\/360
|join|puckhead
|join|Alldaalts
|join|haunter
|
|switch|p2a: Landorus-Therian|Landorus-Therian, M|327\/327
|-ability|p2a: Landorus-Therian|Intimidate|[of] p1a: Talonflame
|-unboost|p1a: Talonflame|atk|1
|
|-heal|p1a: Talonflame|230\/360|[from] item: Leftovers
|turn|3
|
|switch|p1a: Xatu|Xatu, F|333\/333
|move|p2a: Landorus-Therian|Stone Edge|p1a: Xatu
|-crit|p1a: Xatu
|-supereffective|p1a: Xatu
|-damage|p1a: Xatu|0 fnt
|faint|p1a: Xatu
|
|join|fuck christmas
|
|switch|p1a: Hydreigon|Hydreigon, F|333\/333
|turn|4
|
|switch|p2a: Conkeldurr|Conkeldurr, M|364\/364
|move|p1a: Hydreigon|Draco Meteor|p2a: Conkeldurr
|-damage|p2a: Conkeldurr|75\/364
|-unboost|p1a: Hydreigon|spa|2
|
|turn|5
|leave|Alldaalts
|
|move|p2a: Conkeldurr|Mach Punch|p1a: Hydreigon
|-supereffective|p1a: Hydreigon
|-damage|p1a: Hydreigon|147\/333
|move|p1a: Hydreigon|Draco Meteor|p2a: Conkeldurr
|-damage|p2a: Conkeldurr|0 fnt
|-unboost|p1a: Hydreigon|spa|2
|faint|p2a: Conkeldurr
|
|
|switch|p2a: Metagross|Metagross|301\/301
|turn|6
|
|detailschange|p2a: Metagross|Metagross-Mega
|-mega|p2a: Metagross|Metagross|Metagrossite
|move|p2a: Metagross|Pursuit|p1a: Hydreigon|[from]Pursuit
|-resisted|p1a: Hydreigon
|-damage|p1a: Hydreigon|67\/333
|switch|p1a: Slowbro|Slowbro, F|394\/394
|
|turn|7
|
|switch|p2a: Heatran|Heatran, F|385\/385
|move|p1a: Slowbro|Scald|p2a: Heatran
|-supereffective|p2a: Heatran
|-damage|p2a: Heatran|139\/385
|
|-heal|p2a: Heatran|163\/385|[from] item: Leftovers
|turn|8
|
|move|p2a: Heatran|Stealth Rock|p1a: Slowbro
|-sidestart|p1: will-i-am2|move: Stealth Rock
|move|p1a: Slowbro|Scald|p2a: Heatran
|-supereffective|p2a: Heatran
|-damage|p2a: Heatran|0 fnt
|faint|p2a: Heatran
|
|
|switch|p2a: Serperior|Serperior, M|291\/291
|turn|9
|
|switch|p1a: Registeel|Registeel|364\/364
|-damage|p1a: Registeel|342\/364|[from] Stealth Rock
|move|p2a: Serperior|Leaf Storm|p1a: Registeel
|-crit|p1a: Registeel
|-resisted|p1a: Registeel
|-damage|p1a: Registeel|279\/364
|-boost|p2a: Serperior|spa|2
|
|-heal|p1a: Registeel|301\/364|[from] item: Leftovers
|turn|10
|
|switch|p2a: Landorus-Therian|Landorus-Therian, M|327\/327
|-ability|p2a: Landorus-Therian|Intimidate|[of] p1a: Registeel
|-fail|p1a: Registeel|unboost|[from] ability: Clear Body|[of] p1a: Registeel
|move|p1a: Registeel|Thunder Wave|p2a: Landorus-Therian
|-immune|p2a: Landorus-Therian|[msg]
|
|-heal|p1a: Registeel|323\/364|[from] item: Leftovers
|turn|11
|
|move|p2a: Landorus-Therian|Earthquake|p1a: Registeel
|-crit|p1a: Registeel
|-supereffective|p1a: Registeel
|-damage|p1a: Registeel|0 fnt
|faint|p1a: Registeel
|
|
|switch|p1a: Hydreigon|Hydreigon, F|67\/333
|-damage|p1a: Hydreigon|26\/333|[from] Stealth Rock
|turn|12
|
|switch|p2a: Rotom-Wash|Rotom-Wash|279\/303 brn
|move|p1a: Hydreigon|Dark Pulse|p2a: Rotom-Wash
|-damage|p2a: Rotom-Wash|78\/303 brn
|
|-heal|p2a: Rotom-Wash|96\/303 brn|[from] item: Leftovers
|-damage|p2a: Rotom-Wash|59\/303 brn|[from] brn
|turn|13
|join|hashtag fabulous
|
|move|p1a: Hydreigon|Dark Pulse|p2a: Rotom-Wash
|-damage|p2a: Rotom-Wash|0 fnt
|faint|p2a: Rotom-Wash
|
|
|switch|p2a: Serperior|Serperior, M|291\/291
|turn|14
|
|switch|p1a: Talonflame|Talonflame, M|230\/360
|-damage|p1a: Talonflame|50\/360|[from] Stealth Rock
|move|p2a: Serperior|Leaf Storm|p1a: Talonflame
|-resisted|p1a: Talonflame
|-damage|p1a: Talonflame|11\/360
|-boost|p2a: Serperior|spa|2
|
|-heal|p1a: Talonflame|33\/360|[from] item: Leftovers
|turn|15
|join|lil manaphy
|
|switch|p2a: Landorus-Therian|Landorus-Therian, M|327\/327
|-ability|p2a: Landorus-Therian|Intimidate|[of] p1a: Talonflame
|-unboost|p1a: Talonflame|atk|1
|move|p1a: Talonflame|Brave Bird|p2a: Landorus-Therian
|-damage|p2a: Landorus-Therian|248\/327
|-damage|p1a: Talonflame|7\/360|[from] recoil|[of] p2a: Landorus-Therian
|
|-heal|p1a: Talonflame|29\/360|[from] item: Leftovers
|turn|16
|join|Anasoshi
|join|ThE0testing
|
|move|p2a: Landorus-Therian|Stone Edge|p1a: Talonflame
|-supereffective|p1a: Talonflame
|-damage|p1a: Talonflame|0 fnt
|faint|p1a: Talonflame
|
|
|switch|p1a: Slowbro|Slowbro, F|394\/394
|-damage|p1a: Slowbro|345\/394|[from] Stealth Rock
|turn|17
|
|switch|p2a: Serperior|Serperior, M|291\/291
|move|p1a: Slowbro|Trick Room|p1a: Slowbro
|-fieldstart|move: Trick Room|[of] p1a: Slowbro
|
|-heal|p1a: Slowbro|369\/394|[from] item: Leftovers
|turn|18
|join|Fizz on my Jayce
|
|switch|p1a: Hydreigon|Hydreigon, F|26\/333
|-damage|p1a: Hydreigon|0 fnt|[from] Stealth Rock
|faint|p1a: Hydreigon
|move|p2a: Serperior|Leaf Storm|p1: Hydreigon|[notarget]
|-notarget
|
|
|switch|p1a: Mamoswine|Mamoswine, M|361\/361
|-damage|p1a: Mamoswine|316\/361|[from] Stealth Rock
|turn|19
|c| gyarad0site|o:
|
|switch|p2a: Landorus-Therian|Landorus-Therian, M|248\/327
|-ability|p2a: Landorus-Therian|Intimidate|[of] p1a: Mamoswine
|-unboost|p1a: Mamoswine|atk|1
|move|p1a: Mamoswine|Earthquake|p2a: Landorus-Therian
|-immune|p2a: Landorus-Therian|[msg]
|
|turn|20
|
|move|p1a: Mamoswine|Earthquake|p2a: Landorus-Therian
|-immune|p2a: Landorus-Therian|[msg]
|move|p2a: Landorus-Therian|Explosion|p1a: Mamoswine
|-damage|p1a: Mamoswine|0 fnt
|faint|p2a: Landorus-Therian
|faint|p1a: Mamoswine
|
|
|switch|p1a: Slowbro|Slowbro, F|394\/394
|switch|p2a: Serperior|Serperior, M|291\/291
|-damage|p1a: Slowbro|345\/394|[from] Stealth Rock
|turn|21
|join|Rioluâ¥Aural
|
|move|p1a: Slowbro|Fire Blast|p2a: Serperior
|-supereffective|p2a: Serperior
|-damage|p2a: Serperior|9\/291
|-enditem|p2a: Serperior|Apicot Berry|[eat]
|-unboost|p2a: Serperior|spd|1|[from] item: Apicot Berry
|move|p2a: Serperior|Leaf Storm|p1a: Slowbro
|-supereffective|p1a: Slowbro
|-damage|p1a: Slowbro|0 fnt
|-boost|p2a: Serperior|spa|2
|faint|p1a: Slowbro
|
|win|Reverb
|raw|Ladder updating...
|raw|will-i-am2's rating: 1713 &rarr; <strong>1692<\/strong><br \/>(-21 for losing)
|raw|Reverb's rating: 1698 &rarr; <strong>1719<\/strong><br \/>(+21 for winning)
|leave|will-i-am2
|c|âReverb|ok
|leave|Anasoshi
|c|âReverb|that is a gimmick item lol
|c| hashtag fabulous|lol
|leave|lil manaphy
|c| Rioluâ¥Aural|reberv
|player|p1
|leave|Reverb
|leave|BattleXV
|leave|Fizz on my Jayce