|join|Will-I-am2
|join|lil manaphy
|player|p1|Will-I-am2|170
|player|p2|lil manaphy|9
|gametype|singles
|gen|6
|tier|OU
|rated
|clearpoke
|poke|p1|Registeel
|poke|p1|Mamoswine, M
|poke|p1|Hydreigon, M
|poke|p1|Slowbro, F
|poke|p1|Talonflame, M
|poke|p1|Mandibuzz, F
|poke|p2|Lopunny, F
|poke|p2|Rotom-Wash
|poke|p2|Gothitelle, F
|poke|p2|Celebi
|poke|p2|Heatran, M
|poke|p2|Mandibuzz, F
|rule|Swagger Clause: Swagger is banned
|rule|Baton Pass Clause: Limit one PokÃ©mon knowing Baton Pass
|rule|Sleep Clause Mod: Limit one foe put to sleep
|rule|Species Clause: Limit one of each PokÃ©mon
|rule|OHKO Clause: OHKO moves are banned
|rule|Moody Clause: Moody is banned
|rule|Evasion Moves Clause: Evasion moves are banned
|rule|Endless Battle Clause: Forcing endless battles is banned
|rule|HP Percentage Mod: HP is shown in percentages
|teampreview
|
|start
|switch|p1a: Hydreigon|Hydreigon, M|333\/333
|switch|p2a: Rotom-Wash|Rotom-Wash|303\/303
|turn|1
|
|switch|p2a: Gothitelle|Gothitelle, F|301\/301
|move|p1a: Hydreigon|Dark Pulse|p2a: Gothitelle
|-supereffective|p2a: Gothitelle
|-damage|p2a: Gothitelle|0 fnt
|faint|p2a: Gothitelle
|
|
|switch|p2a: Heatran|Heatran, M|384\/384
|turn|2
|
|move|p1a: Hydreigon|Dark Pulse|p2a: Heatran
|-damage|p2a: Heatran|170\/384
|move|p2a: Heatran|Stealth Rock|p1a: Hydreigon
|-sidestart|p1: Will-I-am2|move: Stealth Rock
|
|-heal|p2a: Heatran|194\/384|[from] item: Leftovers
|turn|3
|
|switch|p1a: Mamoswine|Mamoswine, M|361\/361
|-damage|p1a: Mamoswine|316\/361|[from] Stealth Rock
|switch|p2a: Mandibuzz|Mandibuzz, F|423\/423
|
|turn|4
|
|switch|p2a: Rotom-Wash|Rotom-Wash|303\/303
|move|p1a: Mamoswine|Knock Off|p2a: Rotom-Wash
|-damage|p2a: Rotom-Wash|182\/303
|-enditem|p2a: Rotom-Wash|Leftovers|[from] move: Knock Off|[of] p1a: Mamoswine
|-damage|p1a: Mamoswine|280\/361|[from] item: Life Orb
|
|turn|5
|join|AdvanceShip
|
|switch|p1a: Hydreigon|Hydreigon, M|333\/333
|-damage|p1a: Hydreigon|292\/333|[from] Stealth Rock
|move|p2a: Rotom-Wash|Will-O-Wisp|p1a: Hydreigon
|-status|p1a: Hydreigon|brn
|
|-damage|p1a: Hydreigon|251\/333 brn|[from] brn
|turn|6
|
|switch|p2a: Mandibuzz|Mandibuzz, F|423\/423
|move|p1a: Hydreigon|Draco Meteor|p2a: Mandibuzz
|-damage|p2a: Mandibuzz|47\/423
|-unboost|p1a: Hydreigon|spa|2
|
|-damage|p1a: Hydreigon|210\/333 brn|[from] brn
|turn|7
|join|Sugar K Leonard
|
|switch|p1a: Mamoswine|Mamoswine, M|280\/361
|-damage|p1a: Mamoswine|235\/361|[from] Stealth Rock
|switch|p2a: Heatran|Heatran, M|194\/384
|
|-heal|p2a: Heatran|218\/384|[from] item: Leftovers
|turn|8
|
|switch|p2a: Rotom-Wash|Rotom-Wash|182\/303
|switch|p1a: Hydreigon|Hydreigon, M|210\/333 brn
|-damage|p1a: Hydreigon|169\/333 brn|[from] Stealth Rock
|
|-damage|p1a: Hydreigon|128\/333 brn|[from] brn
|turn|9
|
|switch|p2a: Celebi|Celebi|404\/404
|move|p1a: Hydreigon|Dark Pulse|p2a: Celebi
|-crit|p2a: Celebi
|-supereffective|p2a: Celebi
|-damage|p2a: Celebi|0 fnt
|faint|p2a: Celebi
|
|-damage|p1a: Hydreigon|87\/333 brn|[from] brn
|
|switch|p2a: Lopunny|Lopunny, F|271\/271
|turn|10
|
|switch|p1a: Slowbro|Slowbro, F|394\/394
|-damage|p1a: Slowbro|345\/394|[from] Stealth Rock
|detailschange|p2a: Lopunny|Lopunny-Mega, F
|-mega|p2a: Lopunny|Lopunny|Lopunnite
|move|p2a: Lopunny|Return|p1a: Slowbro
|-damage|p1a: Slowbro|167\/394
|
|-heal|p1a: Slowbro|191\/394|[from] item: Leftovers
|turn|11
|
|move|p2a: Lopunny|Return|p1a: Slowbro
|-damage|p1a: Slowbro|22\/394
|move|p1a: Slowbro|Scald|p2a: Lopunny
|-damage|p2a: Lopunny|126\/271
|-status|p2a: Lopunny|brn
|
|-heal|p1a: Slowbro|46\/394|[from] item: Leftovers
|-damage|p2a: Lopunny|93\/271 brn|[from] brn
|turn|12
|
|switch|p1a: Mandibuzz|Mandibuzz, F|423\/423
|-damage|p1a: Mandibuzz|318\/423|[from] Stealth Rock
|move|p2a: Lopunny|Drain Punch|p1a: Mandibuzz
|-damage|p1a: Mandibuzz|272\/423
|-heal|p2a: Lopunny|116\/271 brn|[from] drain|[of] p1a: Mandibuzz
|-damage|p2a: Lopunny|71\/271 brn|[from] item: Rocky Helmet|[of] p1a: Mandibuzz
|
|-damage|p2a: Lopunny|38\/271 brn|[from] brn
|turn|13
|
|switch|p2a: Rotom-Wash|Rotom-Wash|182\/303
|move|p1a: Mandibuzz|Defog|p2a: Rotom-Wash
|-unboost|p2a: Rotom-Wash|evasion|1
|-sideend|p1: Will-I-am2|Stealth Rock|[from] move: Defog|[of] p1a: Mandibuzz
|
|turn|14
|
|switch|p1a: Registeel|Registeel|364\/364
|move|p2a: Rotom-Wash|Volt Switch|p1a: Registeel
|-damage|p1a: Registeel|318\/364
|
|switch|p2a: Heatran|Heatran, M|218\/384
|
|-heal|p2a: Heatran|242\/384|[from] item: Leftovers
|-heal|p1a: Registeel|340\/364|[from] item: Leftovers
|turn|15
|
|switch|p1a: Slowbro|Slowbro, F|177\/394
|move|p2a: Heatran|Taunt|p1a: Slowbro
|-start|p1a: Slowbro|move: Taunt
|
|-heal|p2a: Heatran|266\/384|[from] item: Leftovers
|-heal|p1a: Slowbro|201\/394|[from] item: Leftovers
|turn|16
|
|switch|p2a: Rotom-Wash|Rotom-Wash|182\/303
|move|p1a: Slowbro|Scald|p2a: Rotom-Wash
|-resisted|p2a: Rotom-Wash
|-damage|p2a: Rotom-Wash|118\/303
|
|-heal|p1a: Slowbro|225\/394|[from] item: Leftovers
|turn|17
|
|move|p2a: Rotom-Wash|Volt Switch|p1a: Slowbro
|-supereffective|p1a: Slowbro
|-damage|p1a: Slowbro|21\/394
|
|switch|p2a: Heatran|Heatran, M|266\/384
|move|p1a: Slowbro|Psychic|p2a: Heatran
|-resisted|p2a: Heatran
|-damage|p2a: Heatran|192\/384
|
|-heal|p2a: Heatran|216\/384|[from] item: Leftovers
|-heal|p1a: Slowbro|45\/394|[from] item: Leftovers
|turn|18
|join|Testingshittyteams
|
|switch|p1a: Talonflame|Talonflame, M|360\/360
|move|p2a: Heatran|Lava Plume|p1a: Talonflame
|-resisted|p1a: Talonflame
|-damage|p1a: Talonflame|305\/360
|
|-heal|p1a: Talonflame|327\/360|[from] item: Leftovers
|-heal|p2a: Heatran|240\/384|[from] item: Leftovers
|turn|19
|
|move|p1a: Talonflame|Swords Dance|p1a: Talonflame
|-boost|p1a: Talonflame|atk|2
|move|p2a: Heatran|Toxic|p1a: Talonflame
|-status|p1a: Talonflame|tox
|
|-heal|p1a: Talonflame|349\/360 tox|[from] item: Leftovers
|-heal|p2a: Heatran|264\/384|[from] item: Leftovers
|-damage|p1a: Talonflame|327\/360 tox|[from] psn
|turn|20
|
|move|p1a: Talonflame|Brave Bird|p2a: Heatran
|-resisted|p2a: Heatran
|-damage|p2a: Heatran|156\/384
|-damage|p1a: Talonflame|291\/360 tox|[from] recoil|[of] p2a: Heatran
|move|p2a: Heatran|Stealth Rock|p1a: Talonflame
|-sidestart|p1: Will-I-am2|move: Stealth Rock
|
|-heal|p1a: Talonflame|313\/360 tox|[from] item: Leftovers
|-heal|p2a: Heatran|180\/384|[from] item: Leftovers
|-damage|p1a: Talonflame|269\/360 tox|[from] psn
|turn|21
|
|move|p1a: Talonflame|Swords Dance|p1a: Talonflame
|-boost|p1a: Talonflame|atk|2
|move|p2a: Heatran|Taunt|p1a: Talonflame
|-start|p1a: Talonflame|move: Taunt
|
|-heal|p1a: Talonflame|291\/360 tox|[from] item: Leftovers
|-heal|p2a: Heatran|204\/384|[from] item: Leftovers
|-damage|p1a: Talonflame|225\/360 tox|[from] psn
|turn|22
|
|move|p1a: Talonflame|Brave Bird|p2a: Heatran
|-resisted|p2a: Heatran
|-damage|p2a: Heatran|25\/384
|-damage|p1a: Talonflame|166\/360 tox|[from] recoil|[of] p2a: Heatran
|move|p2a: Heatran|Lava Plume|p1a: Talonflame
|-resisted|p1a: Talonflame
|-damage|p1a: Talonflame|109\/360 tox
|
|-heal|p1a: Talonflame|131\/360 tox|[from] item: Leftovers
|-heal|p2a: Heatran|49\/384|[from] item: Leftovers
|-damage|p1a: Talonflame|43\/360 tox|[from] psn
|turn|23
|
|move|p1a: Talonflame|Brave Bird|p2a: Heatran
|-resisted|p2a: Heatran
|-damage|p2a: Heatran|0 fnt
|-damage|p1a: Talonflame|27\/360 tox|[from] recoil|[of] p2a: Heatran
|faint|p2a: Heatran
|
|-heal|p1a: Talonflame|49\/360 tox|[from] item: Leftovers
|-damage|p1a: Talonflame|0 fnt|[from] psn
|faint|p1a: Talonflame
|
|switch|p2a: Lopunny|Lopunny-Mega, F|38\/271 brn
|switch|p1a: Slowbro|Slowbro, F|176\/394
|-damage|p1a: Slowbro|127\/394|[from] Stealth Rock
|turn|24
|
|switch|p2a: Rotom-Wash|Rotom-Wash|118\/303
|switch|p1a: Mandibuzz|Mandibuzz, F|272\/423
|-damage|p1a: Mandibuzz|167\/423|[from] Stealth Rock
|
|turn|25
|
|switch|p1a: Registeel|Registeel|340\/364
|-damage|p1a: Registeel|318\/364|[from] Stealth Rock
|move|p2a: Rotom-Wash|Volt Switch|p1a: Registeel
|-damage|p1a: Registeel|269\/364
|
|switch|p2a: Mandibuzz|Mandibuzz, F|47\/423
|
|-heal|p1a: Registeel|291\/364|[from] item: Leftovers
|turn|26
|
|move|p2a: Mandibuzz|Roost|p2a: Mandibuzz
|-heal|p2a: Mandibuzz|259\/423
|move|p1a: Registeel|Thunder Wave|p2a: Mandibuzz
|-status|p2a: Mandibuzz|par
|
|-heal|p1a: Registeel|313\/364|[from] item: Leftovers
|turn|27
|
|move|p1a: Registeel|Stealth Rock|p2a: Mandibuzz
|-sidestart|p2: lil manaphy|move: Stealth Rock
|move|p2a: Mandibuzz|Taunt|p1a: Registeel
|-start|p1a: Registeel|move: Taunt
|
|-heal|p1a: Registeel|335\/364|[from] item: Leftovers
|turn|28
|
|switch|p1a: Mamoswine|Mamoswine, M|235\/361
|-damage|p1a: Mamoswine|190\/361|[from] Stealth Rock
|move|p2a: Mandibuzz|Roost|p2a: Mandibuzz
|-heal|p2a: Mandibuzz|423\/423 par
|
|turn|29
|
|move|p1a: Mamoswine|Icicle Crash|p2a: Mandibuzz
|-supereffective|p2a: Mandibuzz
|-damage|p2a: Mandibuzz|119\/423 par
|-damage|p1a: Mamoswine|154\/361|[from] item: Life Orb
|move|p2a: Mandibuzz|Foul Play|p1a: Mamoswine
|-damage|p1a: Mamoswine|0 fnt
|faint|p1a: Mamoswine
|
|
|switch|p1a: Hydreigon|Hydreigon, M|87\/333 brn
|-damage|p1a: Hydreigon|46\/333 brn|[from] Stealth Rock
|turn|30
|
|move|p1a: Hydreigon|Draco Meteor|p2a: Mandibuzz
|-damage|p2a: Mandibuzz|0 fnt
|-unboost|p1a: Hydreigon|spa|2
|faint|p2a: Mandibuzz
|
|-damage|p1a: Hydreigon|5\/333 brn|[from] brn
|
|switch|p2a: Lopunny|Lopunny-Mega, F|38\/271 brn
|-damage|p2a: Lopunny|22\/271 brn|[from] Stealth Rock
|turn|31
|join|Mega Magic Bounce
|
|switch|p1a: Mandibuzz|Mandibuzz, F|167\/423
|-damage|p1a: Mandibuzz|62\/423|[from] Stealth Rock
|move|p2a: Lopunny|Drain Punch|p1a: Mandibuzz
|-damage|p1a: Mandibuzz|14\/423
|-heal|p2a: Lopunny|46\/271 brn|[from] drain|[of] p1a: Mandibuzz
|-damage|p2a: Lopunny|1\/271 brn|[from] item: Rocky Helmet|[of] p1a: Mandibuzz
|
|-damage|p2a: Lopunny|0 fnt|[from] brn
|faint|p2a: Lopunny
|
|switch|p2a: Rotom-Wash|Rotom-Wash|118\/303
|-damage|p2a: Rotom-Wash|81\/303|[from] Stealth Rock
|turn|32
|
|move|p2a: Rotom-Wash|Volt Switch|p1a: Mandibuzz
|-supereffective|p1a: Mandibuzz
|-damage|p1a: Mandibuzz|0 fnt
|faint|p1a: Mandibuzz
|
|
|switch|p1a: Registeel|Registeel|335\/364
|-damage|p1a: Registeel|313\/364|[from] Stealth Rock
|turn|33
|
|move|p2a: Rotom-Wash|Pain Split|p1a: Registeel
|-sethp|p1a: Registeel|197\/364|p2a: Rotom-Wash|197\/303|[from] move: Pain Split
|move|p1a: Registeel|Seismic Toss|p2a: Rotom-Wash
|-damage|p2a: Rotom-Wash|97\/303
|
|-heal|p1a: Registeel|219\/364|[from] item: Leftovers
|turn|34
|
|move|p2a: Rotom-Wash|Pain Split|p1a: Registeel
|-sethp|p1a: Registeel|158\/364|p2a: Rotom-Wash|158\/303|[from] move: Pain Split
|move|p1a: Registeel|Seismic Toss|p2a: Rotom-Wash
|-damage|p2a: Rotom-Wash|58\/303
|
|-heal|p1a: Registeel|180\/364|[from] item: Leftovers
|turn|35
|
|move|p2a: Rotom-Wash|Pain Split|p1a: Registeel
|-sethp|p1a: Registeel|119\/364|p2a: Rotom-Wash|119\/303|[from] move: Pain Split
|move|p1a: Registeel|Seismic Toss|p2a: Rotom-Wash
|-damage|p2a: Rotom-Wash|19\/303
|
|-heal|p1a: Registeel|141\/364|[from] item: Leftovers
|turn|36
|
|move|p2a: Rotom-Wash|Pain Split|p1a: Registeel
|-sethp|p1a: Registeel|80\/364|p2a: Rotom-Wash|80\/303|[from] move: Pain Split
|move|p1a: Registeel|Seismic Toss|p2a: Rotom-Wash
|-damage|p2a: Rotom-Wash|0 fnt
|faint|p2a: Rotom-Wash
|
|win|Will-I-am2
|raw|Ladder updating...
|raw|Will-I-am2's rating: 1833 &rarr; <strong>1848<\/strong><br \/>(+15 for winning)
|raw|lil manaphy's rating: 1743 &rarr; <strong>1728<\/strong><br \/>(-15 for losing)
|leave|lil manaphy
|leave|Will-I-am2
|leave|Mega Magic Bounce
|player|p2
|player|p1