|join|smogmog
|join|wregraf
|player|p1|smogmog|21
|player|p2|wregraf|125
|gametype|singles
|gen|6
|tier|OU
|rated
|clearpoke
|poke|p1|Landorus-Therian, M
|poke|p1|Rotom-Wash
|poke|p1|Heatran, M
|poke|p1|Klefki, F
|poke|p1|Latias, F
|poke|p1|Gyarados, M
|poke|p2|Heracross, F
|poke|p2|Heatran, M
|poke|p2|Rotom-Wash
|poke|p2|Conkeldurr, M
|poke|p2|Ferrothorn, F
|poke|p2|Landorus-Therian, M
|rule|Sleep Clause Mod: Limit one foe put to sleep
|rule|Species Clause: Limit one of each Pokemon
|rule|OHKO Clause: OHKO moves are banned
|rule|Moody Clause: Moody is banned
|rule|Evasion Moves Clause: Evasion moves are banned
|rule|Endless Battle Clause: Forcing endless battles is banned.
|rule|HP Percentage Mod: HP is reported as percentages
|teampreview
|chat|smogmog|again, nice
|chat|smogmog|have fun
|
|start
|switch|p1a: RuffRuffOuuuuuu|Landorus-Therian, M|319\/319
|switch|p2a: Landorus-Therian|Landorus-Therian, M|382\/382
|-ability|p1a: RuffRuffOuuuuuu|Intimidate|[of] p2a: Landorus-Therian
|-unboost|p2a: Landorus-Therian|atk|1
|-ability|p2a: Landorus-Therian|Intimidate|[of] p1a: RuffRuffOuuuuuu
|-unboost|p1a: RuffRuffOuuuuuu|atk|1
|turn|1
|
|move|p1a: RuffRuffOuuuuuu|Knock Off|p2a: Landorus-Therian
|-damage|p2a: Landorus-Therian|308\/382
|-enditem|p2a: Landorus-Therian|Leftovers|[from] move: Knock Off|[of] p1a: RuffRuffOuuuuuu
|move|p2a: Landorus-Therian|Stealth Rock|p1a: RuffRuffOuuuuuu
|-sidestart|p1: smogmog|move: Stealth Rock
|
|turn|2
|
|switch|p1a: MowTown|Rotom-Wash|304\/304
|-damage|p1a: MowTown|266\/304|[from] Stealth Rock
|move|p2a: Landorus-Therian|U-turn|p1a: MowTown
|-damage|p1a: MowTown|229\/304
|
|switch|p2a: Conkeldurr|Conkeldurr, M|414\/414
|
|-heal|p1a: MowTown|248\/304|[from] item: Leftovers
|turn|3
|
|move|p1a: MowTown|Volt Switch|p2a: Conkeldurr
|-damage|p2a: Conkeldurr|359\/414
|
|switch|p1a: RuffRuffOuuuuuu|Landorus-Therian, M|319\/319
|-damage|p1a: RuffRuffOuuuuuu|280\/319|[from] Stealth Rock
|-ability|p1a: RuffRuffOuuuuuu|Intimidate|[of] p2a: Conkeldurr
|-unboost|p2a: Conkeldurr|atk|1
|move|p2a: Conkeldurr|Knock Off|p1a: RuffRuffOuuuuuu
|-crit|p1a: RuffRuffOuuuuuu
|-damage|p1a: RuffRuffOuuuuuu|104\/319
|-enditem|p1a: RuffRuffOuuuuuu|Choice Scarf|[from] move: Knock Off|[of] p2a: Conkeldurr
|
|turn|4
|
|move|p1a: RuffRuffOuuuuuu|U-turn|p2a: Conkeldurr
|-resisted|p2a: Conkeldurr
|-damage|p2a: Conkeldurr|312\/414
|
|switch|p1a: PrincessDoom|Latias, F|364\/364
|-damage|p1a: PrincessDoom|319\/364|[from] Stealth Rock
|move|p2a: Conkeldurr|Ice Punch|p1a: PrincessDoom
|-supereffective|p1a: PrincessDoom
|-damage|p1a: PrincessDoom|209\/364
|-status|p1a: PrincessDoom|frz
|
|-heal|p1a: PrincessDoom|231\/364 frz|[from] item: Leftovers
|turn|5
|
|switch|p1a: RuffRuffOuuuuuu|Landorus-Therian, M|104\/319
|-damage|p1a: RuffRuffOuuuuuu|65\/319|[from] Stealth Rock
|-ability|p1a: RuffRuffOuuuuuu|Intimidate|[of] p2a: Conkeldurr
|-unboost|p2a: Conkeldurr|atk|1
|move|p2a: Conkeldurr|Knock Off|p1a: RuffRuffOuuuuuu
|-damage|p1a: RuffRuffOuuuuuu|24\/319
|
|turn|6
|chat|smogmog|my luck has gone to bed
|
|move|p2a: Conkeldurr|Mach Punch|p1a: RuffRuffOuuuuuu
|-resisted|p1a: RuffRuffOuuuuuu
|-damage|p1a: RuffRuffOuuuuuu|7\/319
|move|p1a: RuffRuffOuuuuuu|Earthquake|p2a: Conkeldurr
|-damage|p2a: Conkeldurr|78\/414
|
|turn|7
|
|move|p2a: Conkeldurr|Mach Punch|p1a: RuffRuffOuuuuuu
|-resisted|p1a: RuffRuffOuuuuuu
|-damage|p1a: RuffRuffOuuuuuu|0 fnt
|faint|p1a: RuffRuffOuuuuuu
|
|
|switch|p1a: MowTown|Rotom-Wash|248\/304
|-damage|p1a: MowTown|210\/304|[from] Stealth Rock
|turn|8
|
|switch|p2a: Ferrothorn|Ferrothorn, F|352\/352
|move|p1a: MowTown|Hydro Pump|p2a: Ferrothorn
|-resisted|p2a: Ferrothorn
|-damage|p2a: Ferrothorn|295\/352
|
|-heal|p1a: MowTown|229\/304|[from] item: Leftovers
|-heal|p2a: Ferrothorn|317\/352|[from] item: Leftovers
|turn|9
|
|move|p2a: Ferrothorn|Protect|p2a: Ferrothorn
|-singleturn|p2a: Ferrothorn|Protect
|move|p1a: MowTown|Will-O-Wisp|p2a: Ferrothorn
|-activate|p2a: Ferrothorn|Protect
|
|-heal|p1a: MowTown|248\/304|[from] item: Leftovers
|-heal|p2a: Ferrothorn|339\/352|[from] item: Leftovers
|turn|10
|
|switch|p2a: Heracross|Heracross, F|308\/308
|move|p1a: MowTown|Will-O-Wisp|p2a: Heracross
|-status|p2a: Heracross|brn
|
|-heal|p1a: MowTown|267\/304|[from] item: Leftovers
|-damage|p2a: Heracross|270\/308 brn|[from] brn
|turn|11
|
|switch|p1a: PrincessDoom|Latias, F|231\/364 frz
|-damage|p1a: PrincessDoom|186\/364 frz|[from] Stealth Rock
|move|p2a: Heracross|Close Combat|p1a: PrincessDoom
|-resisted|p1a: PrincessDoom
|-damage|p1a: PrincessDoom|0 fnt
|-unboost|p2a: Heracross|def|1
|-unboost|p2a: Heracross|spd|1
|faint|p1a: PrincessDoom
|
|-damage|p2a: Heracross|232\/308 brn|[from] brn
|
|switch|p1a: WhatYouWant|Klefki, F|318\/318
|-damage|p1a: WhatYouWant|299\/318|[from] Stealth Rock
|turn|12
|chat|smogmog|this server is so madly slow...
|
|switch|p2a: Landorus-Therian|Landorus-Therian, M|308\/382
|-ability|p2a: Landorus-Therian|Intimidate|[of] p1a: WhatYouWant
|-unboost|p1a: WhatYouWant|atk|1
|move|p1a: WhatYouWant|Reflect|p1a: WhatYouWant
|-sidestart|p1: smogmog|Reflect
|
|turn|13
|
|move|p1a: WhatYouWant|Toxic|p2a: Landorus-Therian
|-status|p2a: Landorus-Therian|tox
|move|p2a: Landorus-Therian|U-turn|p1a: WhatYouWant
|-resisted|p1a: WhatYouWant
|-damage|p1a: WhatYouWant|292\/318
|
|switch|p2a: Heatran|Heatran, M|386\/386
|
|turn|14
|
|move|p1a: WhatYouWant|Light Screen|p1a: WhatYouWant
|-sidestart|p1: smogmog|move: Light Screen
|move|p2a: Heatran|Roar|p1a: WhatYouWant
|drag|p1a: JetSet|Gyarados, M|357\/357
|-damage|p1a: JetSet|268\/357|[from] Stealth Rock
|-ability|p1a: JetSet|Intimidate|[of] p2a: Heatran
|-unboost|p2a: Heatran|atk|1
|
|turn|15
|
|move|p1a: JetSet|Earthquake|p2a: Heatran
|-supereffective|p2a: Heatran
|-damage|p2a: Heatran|0 fnt
|faint|p2a: Heatran
|
|
|switch|p2a: Rotom-Wash|Rotom-Wash|304\/304
|turn|16
|
|switch|p1a: WhatYouWant|Klefki, F|292\/318
|-damage|p1a: WhatYouWant|273\/318|[from] Stealth Rock
|move|p2a: Rotom-Wash|Will-O-Wisp|p1a: WhatYouWant|[miss]
|-miss|p2a: Rotom-Wash|p1a: WhatYouWant
|
|turn|17
|
|move|p1a: WhatYouWant|Toxic|p2a: Rotom-Wash
|-status|p2a: Rotom-Wash|tox
|move|p2a: Rotom-Wash|Volt Switch|p1a: WhatYouWant
|-damage|p1a: WhatYouWant|229\/318
|
|switch|p2a: Conkeldurr|Conkeldurr, M|78\/414
|
|turn|18
|
|move|p1a: WhatYouWant|Foul Play|p2a: Conkeldurr
|-resisted|p2a: Conkeldurr
|-damage|p2a: Conkeldurr|28\/414
|move|p2a: Conkeldurr|Drain Punch|p1a: WhatYouWant
|-damage|p1a: WhatYouWant|187\/318
|-heal|p2a: Conkeldurr|49\/414|[from] drain|[of] p1a: WhatYouWant
|
|turn|19
|
|move|p1a: WhatYouWant|Foul Play|p2a: Conkeldurr
|-resisted|p2a: Conkeldurr
|-damage|p2a: Conkeldurr|0 fnt
|faint|p2a: Conkeldurr
|
|-sideend|p1: smogmog|Reflect
|
|switch|p2a: Ferrothorn|Ferrothorn, F|339\/352
|turn|20
|
|move|p1a: WhatYouWant|Reflect|p1a: WhatYouWant
|-sidestart|p1: smogmog|Reflect
|move|p2a: Ferrothorn|Leech Seed|p1a: WhatYouWant
|-start|p1a: WhatYouWant|move: Leech Seed
|
|-heal|p2a: Ferrothorn|352\/352|[from] item: Leftovers
|-damage|p1a: WhatYouWant|148\/318|[from] Leech Seed|[of] p2a: Ferrothorn
|turn|21
|
|switch|p1a: Ferrific|Heatran, M|386\/386
|-damage|p1a: Ferrific|338\/386|[from] Stealth Rock
|move|p2a: Ferrothorn|Protect|p2a: Ferrothorn
|-fail|p2a: Ferrothorn
|
|-heal|p1a: Ferrific|362\/386|[from] item: Leftovers
|-sideend|p1: smogmog|move: Light Screen
|turn|22
|
|move|p2a: Ferrothorn|Protect|p2a: Ferrothorn
|-singleturn|p2a: Ferrothorn|Protect
|move|p1a: Ferrific|Stealth Rock|p2a: Ferrothorn
|-sidestart|p2: wregraf|move: Stealth Rock
|
|-heal|p1a: Ferrific|386\/386|[from] item: Leftovers
|turn|23
|
|switch|p2a: Rotom-Wash|Rotom-Wash|304\/304 tox
|-damage|p2a: Rotom-Wash|266\/304 tox|[from] Stealth Rock
|move|p1a: Ferrific|Lava Plume|p2a: Rotom-Wash
|-resisted|p2a: Rotom-Wash
|-damage|p2a: Rotom-Wash|228\/304 tox
|
|-heal|p2a: Rotom-Wash|247\/304 tox|[from] item: Leftovers
|-damage|p2a: Rotom-Wash|228\/304 tox|[from] psn
|turn|24
|
|move|p2a: Rotom-Wash|Volt Switch|p1a: Ferrific
|-damage|p1a: Ferrific|325\/386
|
|switch|p2a: Landorus-Therian|Landorus-Therian, M|308\/382 tox
|-damage|p2a: Landorus-Therian|261\/382 tox|[from] Stealth Rock
|-ability|p2a: Landorus-Therian|Intimidate|[of] p1a: Ferrific
|-unboost|p1a: Ferrific|atk|1
|move|p1a: Ferrific|Roar|p2a: Landorus-Therian
|drag|p2a: Heracross|Heracross, F|232\/308 brn
|-damage|p2a: Heracross|194\/308 brn|[from] Stealth Rock
|
|-heal|p1a: Ferrific|349\/386|[from] item: Leftovers
|-damage|p2a: Heracross|156\/308 brn|[from] brn
|turn|25
|
|move|p2a: Heracross|Close Combat|p1a: Ferrific
|-supereffective|p1a: Ferrific
|-damage|p1a: Ferrific|24\/386
|-unboost|p2a: Heracross|def|1
|-unboost|p2a: Heracross|spd|1
|move|p1a: Ferrific|Lava Plume|p2a: Heracross
|-supereffective|p2a: Heracross
|-damage|p2a: Heracross|0 fnt
|faint|p2a: Heracross
|
|-heal|p1a: Ferrific|48\/386|[from] item: Leftovers
|
|switch|p2a: Landorus-Therian|Landorus-Therian, M|261\/382 tox
|-damage|p2a: Landorus-Therian|214\/382 tox|[from] Stealth Rock
|-ability|p2a: Landorus-Therian|Intimidate|[of] p1a: Ferrific
|-unboost|p1a: Ferrific|atk|1
|turn|26
|
|move|p2a: Landorus-Therian|Stone Edge|p1a: Ferrific
|-damage|p1a: Ferrific|0 fnt
|faint|p1a: Ferrific
|
|-damage|p2a: Landorus-Therian|191\/382 tox|[from] psn
|
|switch|p1a: JetSet|Gyarados, M|268\/357
|-damage|p1a: JetSet|179\/357|[from] Stealth Rock
|-ability|p1a: JetSet|Intimidate|[of] p2a: Landorus-Therian
|-unboost|p2a: Landorus-Therian|atk|1
|turn|27
|
|switch|p2a: Ferrothorn|Ferrothorn, F|352\/352
|-damage|p2a: Ferrothorn|330\/352|[from] Stealth Rock
|move|p1a: JetSet|Ice Fang|p2a: Ferrothorn
|-damage|p2a: Ferrothorn|285\/352
|-damage|p1a: JetSet|135\/357|[from] ability: Iron Barbs|[of] p2a: Ferrothorn
|
|-heal|p2a: Ferrothorn|307\/352|[from] item: Leftovers
|-sideend|p1: smogmog|Reflect
|turn|28
|
|switch|p1a: WhatYouWant|Klefki, F|148\/318
|-damage|p1a: WhatYouWant|129\/318|[from] Stealth Rock
|move|p2a: Ferrothorn|Leech Seed|p1a: WhatYouWant
|-start|p1a: WhatYouWant|move: Leech Seed
|
|-heal|p2a: Ferrothorn|329\/352|[from] item: Leftovers
|-damage|p1a: WhatYouWant|90\/318|[from] Leech Seed|[of] p2a: Ferrothorn
|-heal|p2a: Ferrothorn|352\/352|[silent]
|turn|29
|
|move|p1a: WhatYouWant|Reflect|p1a: WhatYouWant
|-sidestart|p1: smogmog|Reflect
|move|p2a: Ferrothorn|Power Whip|p1a: WhatYouWant
|-resisted|p1a: WhatYouWant
|-damage|p1a: WhatYouWant|63\/318
|
|-damage|p1a: WhatYouWant|24\/318|[from] Leech Seed|[of] p2a: Ferrothorn
|turn|30
|
|move|p1a: WhatYouWant|Foul Play|p2a: Ferrothorn
|-damage|p2a: Ferrothorn|311\/352
|-damage|p1a: WhatYouWant|0 fnt|[from] ability: Iron Barbs|[of] p2a: Ferrothorn
|faint|p1a: WhatYouWant
|move|p2a: Ferrothorn|Power Whip|p1: WhatYouWant|[notarget]
|-notarget
|
|-heal|p2a: Ferrothorn|333\/352|[from] item: Leftovers
|
|switch|p1a: MowTown|Rotom-Wash|267\/304
|-damage|p1a: MowTown|229\/304|[from] Stealth Rock
|turn|31
|
|move|p1a: MowTown|Will-O-Wisp|p2a: Ferrothorn|[miss]
|-miss|p1a: MowTown|p2a: Ferrothorn
|move|p2a: Ferrothorn|Leech Seed|p1a: MowTown|[miss]
|-miss|p2a: Ferrothorn|p1a: MowTown
|
|-heal|p1a: MowTown|248\/304|[from] item: Leftovers
|-heal|p2a: Ferrothorn|352\/352|[from] item: Leftovers
|turn|32
|
|move|p1a: MowTown|Will-O-Wisp|p2a: Ferrothorn
|-status|p2a: Ferrothorn|brn
|move|p2a: Ferrothorn|Leech Seed|p1a: MowTown
|-start|p1a: MowTown|move: Leech Seed
|
|-heal|p1a: MowTown|267\/304|[from] item: Leftovers
|-damage|p1a: MowTown|229\/304|[from] Leech Seed|[of] p2a: Ferrothorn
|-damage|p2a: Ferrothorn|308\/352 brn|[from] brn
|turn|33
|
|move|p1a: MowTown|Hydro Pump|p2a: Ferrothorn
|-resisted|p2a: Ferrothorn
|-damage|p2a: Ferrothorn|248\/352 brn
|move|p2a: Ferrothorn|Toxic|p1a: MowTown
|-status|p1a: MowTown|tox
|
|-heal|p1a: MowTown|248\/304 tox|[from] item: Leftovers
|-heal|p2a: Ferrothorn|270\/352 brn|[from] item: Leftovers
|-damage|p1a: MowTown|210\/304 tox|[from] Leech Seed|[of] p2a: Ferrothorn
|-heal|p2a: Ferrothorn|308\/352 brn|[silent]
|-damage|p1a: MowTown|191\/304 tox|[from] psn
|-damage|p2a: Ferrothorn|264\/352 brn|[from] brn
|turn|34
|
|move|p2a: Ferrothorn|Protect|p2a: Ferrothorn
|-singleturn|p2a: Ferrothorn|Protect
|move|p1a: MowTown|Volt Switch|p2a: Ferrothorn
|-activate|p2a: Ferrothorn|Protect
|
|-heal|p1a: MowTown|210\/304 tox|[from] item: Leftovers
|-heal|p2a: Ferrothorn|286\/352 brn|[from] item: Leftovers
|-damage|p1a: MowTown|172\/304 tox|[from] Leech Seed|[of] p2a: Ferrothorn
|-heal|p2a: Ferrothorn|324\/352 brn|[silent]
|-damage|p1a: MowTown|134\/304 tox|[from] psn
|-damage|p2a: Ferrothorn|280\/352 brn|[from] brn
|turn|35
|
|move|p1a: MowTown|Pain Split|p2a: Ferrothorn
|-sethp|p2a: Ferrothorn|207\/352 brn|p1a: MowTown|207\/304 tox|[from] move: Pain Split
|move|p2a: Ferrothorn|Leech Seed|p1a: MowTown
|-fail|p1a: MowTown
|
|-heal|p1a: MowTown|226\/304 tox|[from] item: Leftovers
|-heal|p2a: Ferrothorn|229\/352 brn|[from] item: Leftovers
|-damage|p1a: MowTown|188\/304 tox|[from] Leech Seed|[of] p2a: Ferrothorn
|-heal|p2a: Ferrothorn|267\/352 brn|[silent]
|-damage|p1a: MowTown|131\/304 tox|[from] psn
|-damage|p2a: Ferrothorn|223\/352 brn|[from] brn
|turn|36
|
|move|p2a: Ferrothorn|Protect|p2a: Ferrothorn
|-singleturn|p2a: Ferrothorn|Protect
|move|p1a: MowTown|Hydro Pump|p2a: Ferrothorn
|-activate|p2a: Ferrothorn|Protect
|
|-heal|p1a: MowTown|150\/304 tox|[from] item: Leftovers
|-heal|p2a: Ferrothorn|245\/352 brn|[from] item: Leftovers
|-damage|p1a: MowTown|112\/304 tox|[from] Leech Seed|[of] p2a: Ferrothorn
|-heal|p2a: Ferrothorn|283\/352 brn|[silent]
|-damage|p1a: MowTown|36\/304 tox|[from] psn
|-damage|p2a: Ferrothorn|239\/352 brn|[from] brn
|-sideend|p1: smogmog|Reflect
|turn|37
|
|move|p2a: Ferrothorn|Protect|p2a: Ferrothorn
|-singleturn|p2a: Ferrothorn|Protect
|move|p1a: MowTown|Pain Split|p2a: Ferrothorn
|-activate|p2a: Ferrothorn|Protect
|
|-heal|p1a: MowTown|55\/304 tox|[from] item: Leftovers
|-heal|p2a: Ferrothorn|261\/352 brn|[from] item: Leftovers
|-damage|p1a: MowTown|17\/304 tox|[from] Leech Seed|[of] p2a: Ferrothorn
|-heal|p2a: Ferrothorn|299\/352 brn|[silent]
|-damage|p1a: MowTown|0 fnt|[from] psn
|-damage|p2a: Ferrothorn|255\/352 brn|[from] brn
|faint|p1a: MowTown
|
|switch|p1a: JetSet|Gyarados, M|135\/357
|-damage|p1a: JetSet|46\/357|[from] Stealth Rock
|-ability|p1a: JetSet|Intimidate|[of] p2a: Ferrothorn
|-unboost|p2a: Ferrothorn|atk|1
|turn|38
|chat|smogmog|gg
|
|move|p1a: JetSet|Earthquake|p2a: Ferrothorn
|-damage|p2a: Ferrothorn|175\/352 brn
|move|p2a: Ferrothorn|Leech Seed|p1a: JetSet
|-start|p1a: JetSet|move: Leech Seed
|
|-heal|p2a: Ferrothorn|197\/352 brn|[from] item: Leftovers
|-damage|p1a: JetSet|2\/357|[from] Leech Seed|[of] p2a: Ferrothorn
|-heal|p2a: Ferrothorn|241\/352 brn|[silent]
|-damage|p2a: Ferrothorn|197\/352 brn|[from] brn
|turn|39
|
|move|p2a: Ferrothorn|Protect|p2a: Ferrothorn
|-singleturn|p2a: Ferrothorn|Protect
|move|p1a: JetSet|Earthquake|p2a: Ferrothorn
|-activate|p2a: Ferrothorn|Protect
|
|-heal|p2a: Ferrothorn|219\/352 brn|[from] item: Leftovers
|-damage|p1a: JetSet|0 fnt|[from] Leech Seed|[of] p2a: Ferrothorn
|-heal|p2a: Ferrothorn|221\/352 brn|[silent]
|-damage|p2a: Ferrothorn|177\/352 brn|[from] brn
|faint|p1a: JetSet
|
|win|wregraf
|raw|Ladder updating...
|leave|smogmog
|player|p1
|raw|smogmog's rating: 1444 &rarr; <strong>1427<\/strong><br \/>(-17 for losing)
|raw|wregraf's rating: 1484 &rarr; <strong>1502<\/strong><br \/>(+18 for winning)