|join|smogmog
|join|Sherft
|player|p1|smogmog|107
|player|p2|Sherft|238
|gametype|singles
|gen|6
|tier|OU
|rated
|clearpoke
|poke|p1|Heatran, M
|poke|p1|Venomoth, M
|poke|p1|Deoxys-Speed
|poke|p1|Clefable, F
|poke|p1|Blastoise, F
|poke|p1|Zapdos
|poke|p2|Latios, M
|poke|p2|Thundurus, M
|poke|p2|Keldeo
|poke|p2|Hippowdon, F
|poke|p2|Charizard, M
|poke|p2|Bisharp, F
|rule|Swagger Clause: Swagger is banned
|rule|Baton Pass Clause: Limit three PokÃ©mon knowing Baton Pass
|rule|Sleep Clause Mod: Limit one foe put to sleep
|rule|Species Clause: Limit one of each PokÃ©mon
|rule|OHKO Clause: OHKO moves are banned
|rule|Moody Clause: Moody is banned
|rule|Evasion Moves Clause: Evasion moves are banned
|rule|Endless Battle Clause: Forcing endless battles is banned
|rule|HP Percentage Mod: HP is reported as percentages
|teampreview
|chat|smogmog|have fun
|chat|Sherft|same
|
|start
|switch|p1a: Deoxys-Speed|Deoxys-Speed|241\/241
|switch|p2a: Bisharp|Bisharp, F|329\/329
|-ability|p1a: Deoxys-Speed|Pressure
|turn|1
|
|move|p1a: Deoxys-Speed|Superpower|p2a: Bisharp
|-supereffective|p2a: Bisharp
|-damage|p2a: Bisharp|0 fnt
|-unboost|p1a: Deoxys-Speed|atk|1
|-unboost|p1a: Deoxys-Speed|def|1
|-damage|p1a: Deoxys-Speed|217\/241|[from] item: Life Orb
|faint|p2a: Bisharp
|
|
|switch|p2a: Hippowdon|Hippowdon, F|417\/417
|-weather|Sandstorm
|turn|2
|
|switch|p1a: Blastoise|Blastoise, F|362\/362
|move|p2a: Hippowdon|Stealth Rock|p1a: Blastoise
|-sidestart|p1: smogmog|move: Stealth Rock
|
|-weather|Sandstorm|[upkeep]
|-damage|p1a: Blastoise|340\/362|[from] sandstorm
|turn|3
|
|switch|p2a: Keldeo|Keldeo|323\/323
|detailschange|p1a: Blastoise|Blastoise-Mega, F
|message|Blastoise has Mega Evolved into Mega Blastoise!
|move|p1a: Blastoise|Rapid Spin|p2a: Keldeo
|-damage|p2a: Keldeo|308\/323
|-sideend|p1: smogmog|Stealth Rock|[from] move: Rapid Spin|[of] p1a: Blastoise
|
|-weather|Sandstorm|[upkeep]
|-damage|p2a: Keldeo|288\/323|[from] sandstorm
|-damage|p1a: Blastoise|318\/362|[from] sandstorm
|turn|4
|
|switch|p1a: Clefable|Clefable, F|394\/394
|move|p2a: Keldeo|Secret Sword|p1a: Clefable
|-resisted|p1a: Clefable
|-damage|p1a: Clefable|270\/394
|
|-weather|Sandstorm|[upkeep]
|-damage|p2a: Keldeo|268\/323|[from] sandstorm
|-damage|p1a: Clefable|246\/394|[from] sandstorm
|-heal|p1a: Clefable|270\/394|[from] item: Leftovers
|turn|5
|
|switch|p2a: Charizard|Charizard, M|307\/307
|move|p1a: Clefable|Wish|p1a: Clefable
|
|-weather|Sandstorm|[upkeep]
|-damage|p2a: Charizard|288\/307|[from] sandstorm
|-damage|p1a: Clefable|246\/394|[from] sandstorm
|-heal|p1a: Clefable|270\/394|[from] item: Leftovers
|turn|6
|
|switch|p1a: Heatran|Heatran, M|336\/336
|detailschange|p2a: Charizard|Charizard-Mega-Y, M
|message|Charizard has Mega Evolved into Mega Charizard!
|-weather|SunnyDay
|move|p2a: Charizard|Focus Blast|p1a: Heatran
|-supereffective|p1a: Heatran
|-damage|p1a: Heatran|18\/336
|
|-weather|SunnyDay|[upkeep]
|-heal|p1a: Heatran|215\/336|[from] move: Wish|[wisher] Clefable
|-heal|p1a: Heatran|236\/336|[from] item: Leftovers
|turn|7
|chat|smogmog|nice prediction
|
|switch|p1a: Zapdos|Zapdos|371\/371
|-ability|p1a: Zapdos|Pressure
|move|p2a: Charizard|Focus Blast|p1a: Zapdos
|-resisted|p1a: Zapdos
|-damage|p1a: Zapdos|268\/371
|-unboost|p1a: Zapdos|spd|1
|
|-weather|SunnyDay|[upkeep]
|-heal|p1a: Zapdos|291\/371|[from] item: Leftovers
|turn|8
|
|switch|p1a: Heatran|Heatran, M|236\/336
|move|p2a: Charizard|Fire Blast|p1a: Heatran
|-start|p1a: Heatran|ability: Flash Fire
|
|-weather|SunnyDay|[upkeep]
|-heal|p1a: Heatran|257\/336|[from] item: Leftovers
|turn|9
|
|switch|p1a: Zapdos|Zapdos|291\/371
|-ability|p1a: Zapdos|Pressure
|move|p2a: Charizard|Focus Blast|p1a: Zapdos|[miss]
|-miss|p2a: Charizard|p1a: Zapdos
|
|-weather|SunnyDay|[upkeep]
|-heal|p1a: Zapdos|314\/371|[from] item: Leftovers
|turn|10
|
|move|p2a: Charizard|Fire Blast|p1a: Zapdos
|-damage|p1a: Zapdos|0 fnt
|faint|p1a: Zapdos
|
|-weather|none
|
|switch|p1a: Blastoise|Blastoise-Mega, F|318\/362
|turn|11
|
|move|p2a: Charizard|Solar Beam|p1a: Blastoise|[still]
|-prepare|p2a: Charizard|Solar Beam|p1a: Blastoise
|move|p1a: Blastoise|Ice Beam|p2a: Charizard
|-crit|p2a: Charizard
|-damage|p2a: Charizard|163\/307
|
|turn|12
|
|switch|p1a: Heatran|Heatran, M|257\/336
|move|p2a: Charizard|Solar Beam|p1a: Heatran
|-resisted|p1a: Heatran
|-damage|p1a: Heatran|215\/336
|
|-heal|p1a: Heatran|236\/336|[from] item: Leftovers
|turn|13
|
|switch|p1a: Clefable|Clefable, F|270\/394
|move|p2a: Charizard|Roost|p2a: Charizard
|-heal|p2a: Charizard|307\/307
|
|-heal|p1a: Clefable|294\/394|[from] item: Leftovers
|turn|14
|
|move|p2a: Charizard|Focus Blast|p1a: Clefable
|-resisted|p1a: Clefable
|-damage|p1a: Clefable|213\/394
|move|p1a: Clefable|Wish|p1a: Clefable
|
|-heal|p1a: Clefable|237\/394|[from] item: Leftovers
|turn|15
|
|move|p1a: Clefable|Protect|p1a: Clefable
|-singleturn|p1a: Clefable|Protect
|move|p2a: Charizard|Focus Blast|p1a: Clefable
|-activate|p1a: Clefable|Protect
|
|-heal|p1a: Clefable|394\/394|[from] move: Wish|[wisher] Clefable
|turn|16
|
|move|p2a: Charizard|Fire Blast|p1a: Clefable
|-damage|p1a: Clefable|174\/394
|move|p1a: Clefable|Wish|p1a: Clefable
|
|-heal|p1a: Clefable|198\/394|[from] item: Leftovers
|turn|17
|
|switch|p2a: Thundurus|Thundurus, M|305\/305
|move|p1a: Clefable|Protect|p1a: Clefable
|-fail|p1a: Clefable
|
|-heal|p1a: Clefable|394\/394|[from] move: Wish|[wisher] Clefable
|turn|18
|
|move|p2a: Thundurus|Nasty Plot|p2a: Thundurus
|-boost|p2a: Thundurus|spa|2
|move|p1a: Clefable|Encore|p2a: Thundurus
|-start|p2a: Thundurus|Encore
|
|turn|19
|
|switch|p1a: Venomoth|Venomoth, M|343\/343
|move|p2a: Thundurus|Nasty Plot|p2a: Thundurus
|-boost|p2a: Thundurus|spa|2
|
|turn|20
|
|move|p2a: Thundurus|Nasty Plot|p2a: Thundurus
|-boost|p2a: Thundurus|spa|2
|move|p1a: Venomoth|Quiver Dance|p1a: Venomoth
|-boost|p1a: Venomoth|spa|1
|-boost|p1a: Venomoth|spd|1
|-boost|p1a: Venomoth|spe|1
|
|turn|21
|
|move|p2a: Thundurus|Nasty Plot|p2a: Thundurus
|-fail|p2a: Thundurus
|move|p1a: Venomoth|Quiver Dance|p1a: Venomoth
|-boost|p1a: Venomoth|spa|1
|-boost|p1a: Venomoth|spd|1
|-boost|p1a: Venomoth|spe|1
|
|-end|p2a: Thundurus|Encore
|turn|22
|
|move|p2a: Thundurus|Thunder Wave|p1a: Venomoth
|-status|p1a: Venomoth|par
|cant|p1a: Venomoth|par
|
|turn|23
|
|move|p2a: Thundurus|Hidden Power|p1a: Venomoth
|-supereffective|p1a: Venomoth
|-damage|p1a: Venomoth|0 fnt
|faint|p1a: Venomoth
|
|
|switch|p1a: Deoxys-Speed|Deoxys-Speed|217\/241
|-ability|p1a: Deoxys-Speed|Pressure
|turn|24
|
|move|p1a: Deoxys-Speed|Ice Beam|p2a: Thundurus
|-supereffective|p2a: Thundurus
|-damage|p2a: Thundurus|22\/305
|-damage|p1a: Deoxys-Speed|193\/241|[from] item: Life Orb
|move|p2a: Thundurus|Thunderbolt|p1a: Deoxys-Speed
|-damage|p1a: Deoxys-Speed|0 fnt
|faint|p1a: Deoxys-Speed
|
|-heal|p2a: Thundurus|41\/305|[from] item: Leftovers
|
|switch|p1a: Clefable|Clefable, F|394\/394
|turn|25
|
|move|p2a: Thundurus|Thunderbolt|p1a: Clefable
|-damage|p1a: Clefable|274\/394
|move|p1a: Clefable|Moonblast|p2a: Thundurus
|-damage|p2a: Thundurus|0 fnt
|faint|p2a: Thundurus
|
|-heal|p1a: Clefable|298\/394|[from] item: Leftovers
|
|switch|p2a: Hippowdon|Hippowdon, F|417\/417
|-weather|Sandstorm
|turn|26
|
|move|p1a: Clefable|Wish|p1a: Clefable
|move|p2a: Hippowdon|Toxic|p1a: Clefable
|-status|p1a: Clefable|tox
|
|-weather|Sandstorm|[upkeep]
|-damage|p1a: Clefable|274\/394 tox|[from] sandstorm
|-heal|p1a: Clefable|298\/394 tox|[from] item: Leftovers
|-damage|p1a: Clefable|274\/394 tox|[from] psn
|turn|27
|
|move|p1a: Clefable|Encore|p2a: Hippowdon
|-start|p2a: Hippowdon|Encore
|move|p2a: Hippowdon|Toxic|p1a: Clefable
|-fail|p1a: Clefable|tox
|
|-weather|Sandstorm|[upkeep]
|-damage|p1a: Clefable|250\/394 tox|[from] sandstorm
|-heal|p1a: Clefable|394\/394 tox|[from] move: Wish|[wisher] Clefable
|-damage|p1a: Clefable|346\/394 tox|[from] psn
|turn|28
|
|switch|p2a: Charizard|Charizard-Mega-Y, M|307\/307
|-weather|SunnyDay
|move|p1a: Clefable|Moonblast|p2a: Charizard
|-resisted|p2a: Charizard
|-damage|p2a: Charizard|259\/307
|-unboost|p2a: Charizard|spa|1
|
|-weather|SunnyDay|[upkeep]
|-heal|p1a: Clefable|370\/394 tox|[from] item: Leftovers
|-damage|p1a: Clefable|298\/394 tox|[from] psn
|turn|29
|
|switch|p2a: Hippowdon|Hippowdon, F|417\/417
|-weather|Sandstorm
|switch|p1a: Heatran|Heatran, M|236\/336
|
|-weather|Sandstorm|[upkeep]
|-heal|p1a: Heatran|257\/336|[from] item: Leftovers
|turn|30
|
|move|p1a: Heatran|Stealth Rock|p2a: Hippowdon
|-sidestart|p2: Sherft|move: Stealth Rock
|move|p2a: Hippowdon|Earthquake|p1a: Heatran
|-supereffective|p1a: Heatran
|-damage|p1a: Heatran|0 fnt
|faint|p1a: Heatran
|
|-weather|Sandstorm|[upkeep]
|
|switch|p1a: Blastoise|Blastoise-Mega, F|318\/362
|turn|31
|
|switch|p2a: Keldeo|Keldeo|268\/323
|-damage|p2a: Keldeo|248\/323|[from] Stealth Rock
|move|p1a: Blastoise|Ice Beam|p2a: Keldeo
|-resisted|p2a: Keldeo
|-damage|p2a: Keldeo|197\/323
|
|-weather|Sandstorm|[upkeep]
|-damage|p2a: Keldeo|177\/323|[from] sandstorm
|-damage|p1a: Blastoise|296\/362|[from] sandstorm
|turn|32
|
|switch|p2a: Latios|Latios, M|299\/299
|-damage|p2a: Latios|262\/299|[from] Stealth Rock
|switch|p1a: Clefable|Clefable, F|298\/394 tox
|
|-weather|Sandstorm|[upkeep]
|-damage|p2a: Latios|244\/299|[from] sandstorm
|-damage|p1a: Clefable|274\/394 tox|[from] sandstorm
|-heal|p1a: Clefable|298\/394 tox|[from] item: Leftovers
|-damage|p1a: Clefable|274\/394 tox|[from] psn
|turn|33
|
|move|p2a: Latios|Defog|p1a: Clefable
|-unboost|p1a: Clefable|evasion|1
|-sideend|p2: Sherft|Stealth Rock|[from] move: Defog|[of] p2a: Latios
|move|p1a: Clefable|Moonblast|p2a: Latios
|-supereffective|p2a: Latios
|-damage|p2a: Latios|38\/299
|
|-weather|none
|-heal|p1a: Clefable|298\/394 tox|[from] item: Leftovers
|-damage|p1a: Clefable|250\/394 tox|[from] psn
|turn|34
|
|move|p2a: Latios|Psyshock|p1a: Clefable
|-damage|p1a: Clefable|26\/394 tox
|-damage|p2a: Latios|9\/299|[from] item: Life Orb
|move|p1a: Clefable|Wish|p1a: Clefable
|
|-heal|p1a: Clefable|50\/394 tox|[from] item: Leftovers
|-damage|p1a: Clefable|0 fnt|[from] psn
|faint|p1a: Clefable
|
|switch|p1a: Blastoise|Blastoise-Mega, F|296\/362
|turn|35
|
|move|p2a: Latios|Draco Meteor|p1a: Blastoise|[miss]
|-miss|p2a: Latios|p1a: Blastoise
|move|p1a: Blastoise|Water Pulse|p2a: Latios
|-resisted|p2a: Latios
|-damage|p2a: Latios|0 fnt
|faint|p2a: Latios
|
|-heal|p1a: Blastoise|362\/362|[from] move: Wish|[wisher] Clefable
|
|switch|p2a: Keldeo|Keldeo|177\/323
|turn|36
|
|move|p2a: Keldeo|Secret Sword|p1a: Blastoise
|-damage|p1a: Blastoise|217\/362
|move|p1a: Blastoise|Aura Sphere|p2a: Keldeo
|-damage|p2a: Keldeo|40\/323
|
|turn|37
|
|move|p2a: Keldeo|Secret Sword|p1a: Blastoise
|-damage|p1a: Blastoise|73\/362
|move|p1a: Blastoise|Water Pulse|p2a: Keldeo
|-resisted|p2a: Keldeo
|-damage|p2a: Keldeo|0 fnt
|faint|p2a: Keldeo
|
|
|switch|p2a: Charizard|Charizard-Mega-Y, M|259\/307
|-weather|SunnyDay
|turn|38
|
|move|p2a: Charizard|Solar Beam|p1a: Blastoise|[still]
|-prepare|p2a: Charizard|Solar Beam|p1a: Blastoise
|-anim|p2a: Charizard|Solar Beam|p1a: Blastoise
|-supereffective|p1a: Blastoise
|-damage|p1a: Blastoise|0 fnt
|faint|p1a: Blastoise
|
|win|Sherft
|raw|Ladder updating...
|raw|smogmog's rating: 1448 &rarr; <strong>1425<\/strong><br \/>(-23 for losing)
|raw|Sherft's rating: 1392 &rarr; <strong>1416<\/strong><br \/>(+24 for winning)
|leave|smogmog
|player|p1
|chat|Sherft|gg