|join|smogmog
|join|Caspurr
|player|p1|smogmog|23
|player|p2|Caspurr|293
|gametype|singles
|gen|6
|tier|OU
|rated
|clearpoke
|poke|p1|Metagross
|poke|p1|Landorus-Therian, M
|poke|p1|Latias, F
|poke|p1|Pinsir, M
|poke|p1|Rotom-Wash
|poke|p1|Clefable, F
|poke|p2|Scizor, M
|poke|p2|Rotom-Wash
|poke|p2|Landorus-Therian, M
|poke|p2|Azumarill, F
|poke|p2|Tyranitar, M
|poke|p2|Zapdos
|rule|Swagger Clause: Swagger is banned
|rule|Baton Pass Clause: Limit one PokÃ©mon knowing Baton Pass
|rule|Sleep Clause Mod: Limit one foe put to sleep
|rule|Species Clause: Limit one of each PokÃ©mon
|rule|OHKO Clause: OHKO moves are banned
|rule|Moody Clause: Moody is banned
|rule|Evasion Moves Clause: Evasion moves are banned
|rule|Endless Battle Clause: Forcing endless battles is banned
|rule|HP Percentage Mod: HP is shown in percentages
|teampreview
|c|âsmogmog|have fun
|c|âCaspurr|thanks you too
|
|start
|switch|p1a: Rotom-Wash|Rotom-Wash|304\/304
|switch|p2a: Rotom-Wash|Rotom-Wash|241\/241
|turn|1
|
|move|p2a: Rotom-Wash|Will-O-Wisp|p1a: Rotom-Wash
|-status|p1a: Rotom-Wash|brn
|move|p1a: Rotom-Wash|Will-O-Wisp|p2a: Rotom-Wash
|-status|p2a: Rotom-Wash|brn
|
|-damage|p2a: Rotom-Wash|211\/241 brn|[from] brn
|-damage|p1a: Rotom-Wash|266\/304 brn|[from] brn
|turn|2
|
|move|p2a: Rotom-Wash|Will-O-Wisp|p1a: Rotom-Wash
|-fail|p1a: Rotom-Wash|brn
|move|p1a: Rotom-Wash|Will-O-Wisp|p2a: Rotom-Wash
|-fail|p2a: Rotom-Wash|brn
|
|-heal|p1a: Rotom-Wash|285\/304 brn|[from] item: Leftovers
|-damage|p2a: Rotom-Wash|181\/241 brn|[from] brn
|-damage|p1a: Rotom-Wash|247\/304 brn|[from] brn
|turn|3
|c|âsmogmog|:)
|
|switch|p2a: Zapdos|Zapdos|384\/384
|-ability|p2a: Zapdos|Pressure
|move|p1a: Rotom-Wash|Volt Switch|p2a: Zapdos
|-damage|p2a: Zapdos|293\/384
|
|switch|p1a: Clefable|Clefable, F|391\/391
|
|-heal|p2a: Zapdos|317\/384|[from] item: Leftovers
|turn|4
|
|move|p2a: Zapdos|Volt Switch|p1a: Clefable
|-damage|p1a: Clefable|316\/391
|
|switch|p2a: Scizor|Scizor, M|344\/344
|move|p1a: Clefable|Wish|p1a: Clefable
|
|-heal|p1a: Clefable|340\/391|[from] item: Leftovers
|turn|5
|
|switch|p1a: Pinsir|Pinsir, M|271\/271
|move|p2a: Scizor|U-turn|p1a: Pinsir
|-damage|p1a: Pinsir|64\/271
|
|switch|p2a: Landorus-Therian|Landorus-Therian, M|320\/320
|-ability|p2a: Landorus-Therian|Intimidate|[of] p1a: Pinsir
|-fail|p1a: Pinsir|unboost|Attack|[from] ability: Hyper Cutter|[of] p1a: Pinsir
|
|-heal|p1a: Pinsir|259\/271|[from] move: Wish|[wisher] Clefable
|turn|6
|
|switch|p1a: Landorus-Therian|Landorus-Therian, M|375\/375
|-ability|p1a: Landorus-Therian|Intimidate|[of] p2a: Landorus-Therian
|-unboost|p2a: Landorus-Therian|atk|1
|move|p2a: Landorus-Therian|U-turn|p1a: Landorus-Therian
|-resisted|p1a: Landorus-Therian
|-damage|p1a: Landorus-Therian|350\/375
|
|switch|p2a: Azumarill|Azumarill, F|404\/404
|
|-heal|p1a: Landorus-Therian|373\/375|[from] item: Leftovers
|turn|7
|
|move|p1a: Landorus-Therian|U-turn|p2a: Azumarill
|-resisted|p2a: Azumarill
|-damage|p2a: Azumarill|358\/404
|
|switch|p1a: Metagross|Metagross|330\/330
|move|p2a: Azumarill|Waterfall|p1a: Metagross
|-damage|p1a: Metagross|188\/330
|
|-heal|p1a: Metagross|208\/330|[from] item: Leftovers
|-heal|p2a: Azumarill|383\/404|[from] item: Leftovers
|turn|8
|
|switch|p1a: Rotom-Wash|Rotom-Wash|247\/304 brn
|move|p2a: Azumarill|Waterfall|p1a: Rotom-Wash
|-resisted|p1a: Rotom-Wash
|-damage|p1a: Rotom-Wash|193\/304 brn
|
|-heal|p1a: Rotom-Wash|212\/304 brn|[from] item: Leftovers
|-heal|p2a: Azumarill|404\/404|[from] item: Leftovers
|-damage|p1a: Rotom-Wash|174\/304 brn|[from] brn
|turn|9
|
|switch|p2a: Zapdos|Zapdos|317\/384
|-ability|p2a: Zapdos|Pressure
|move|p1a: Rotom-Wash|Will-O-Wisp|p2a: Zapdos
|-status|p2a: Zapdos|brn
|
|-heal|p2a: Zapdos|341\/384 brn|[from] item: Leftovers
|-heal|p1a: Rotom-Wash|193\/304 brn|[from] item: Leftovers
|-damage|p2a: Zapdos|293\/384 brn|[from] brn
|-damage|p1a: Rotom-Wash|155\/304 brn|[from] brn
|turn|10
|
|switch|p2a: Rotom-Wash|Rotom-Wash|181\/241 brn
|move|p1a: Rotom-Wash|Pain Split|p2a: Rotom-Wash
|-sethp|p2a: Rotom-Wash|168\/241 brn|p1a: Rotom-Wash|168\/304 brn|[from] move: Pain Split
|
|-heal|p1a: Rotom-Wash|187\/304 brn|[from] item: Leftovers
|-damage|p2a: Rotom-Wash|138\/241 brn|[from] brn
|-damage|p1a: Rotom-Wash|149\/304 brn|[from] brn
|turn|11
|
|switch|p1a: Clefable|Clefable, F|340\/391
|move|p2a: Rotom-Wash|Volt Switch|p1a: Clefable
|-crit|p1a: Clefable
|-damage|p1a: Clefable|204\/391
|
|switch|p2a: Scizor|Scizor, M|344\/344
|
|-heal|p1a: Clefable|228\/391|[from] item: Leftovers
|turn|12
|
|move|p1a: Clefable|Protect|p1a: Clefable
|-singleturn|p1a: Clefable|Protect
|move|p2a: Scizor|Bullet Punch|p1a: Clefable
|-activate|p1a: Clefable|Protect
|
|-heal|p1a: Clefable|252\/391|[from] item: Leftovers
|turn|13
|
|switch|p2a: Landorus-Therian|Landorus-Therian, M|320\/320
|-ability|p2a: Landorus-Therian|Intimidate|[of] p1a: Clefable
|-unboost|p1a: Clefable|atk|1
|switch|p1a: Landorus-Therian|Landorus-Therian, M|373\/375
|-ability|p1a: Landorus-Therian|Intimidate|[of] p2a: Landorus-Therian
|-unboost|p2a: Landorus-Therian|atk|1
|
|-heal|p1a: Landorus-Therian|375\/375|[from] item: Leftovers
|turn|14
|
|move|p2a: Landorus-Therian|U-turn|p1a: Landorus-Therian
|-resisted|p1a: Landorus-Therian
|-damage|p1a: Landorus-Therian|347\/375
|
|switch|p2a: Azumarill|Azumarill, F|404\/404
|move|p1a: Landorus-Therian|Stealth Rock|p2a: Azumarill
|-sidestart|p2: Caspurr|move: Stealth Rock
|
|-heal|p1a: Landorus-Therian|370\/375|[from] item: Leftovers
|turn|15
|
|move|p1a: Landorus-Therian|U-turn|p2a: Azumarill
|-resisted|p2a: Azumarill
|-damage|p2a: Azumarill|355\/404
|
|switch|p1a: Metagross|Metagross|208\/330
|move|p2a: Azumarill|Waterfall|p1a: Metagross
|-crit|p1a: Metagross
|-damage|p1a: Metagross|0 fnt
|faint|p1a: Metagross
|
|-heal|p2a: Azumarill|380\/404|[from] item: Leftovers
|
|switch|p1a: Pinsir|Pinsir, M|259\/271
|turn|16
|
|detailschange|p1a: Pinsir|Pinsir-Mega, M
|message|Pinsir has Mega Evolved into Mega Pinsir!
|move|p1a: Pinsir|Return|p2a: Azumarill
|-damage|p2a: Azumarill|74\/404
|move|p2a: Azumarill|Waterfall|p1a: Pinsir
|-damage|p1a: Pinsir|120\/271
|
|-heal|p2a: Azumarill|99\/404|[from] item: Leftovers
|turn|17
|
|switch|p2a: Landorus-Therian|Landorus-Therian, M|320\/320
|-damage|p2a: Landorus-Therian|280\/320|[from] Stealth Rock
|-ability|p2a: Landorus-Therian|Intimidate|[of] p1a: Pinsir
|-unboost|p1a: Pinsir|atk|1
|move|p1a: Pinsir|Return|p2a: Landorus-Therian
|-damage|p2a: Landorus-Therian|99\/320
|
|turn|18
|
|switch|p1a: Landorus-Therian|Landorus-Therian, M|370\/375
|-ability|p1a: Landorus-Therian|Intimidate|[of] p2a: Landorus-Therian
|-unboost|p2a: Landorus-Therian|atk|1
|move|p2a: Landorus-Therian|Stone Edge|p1a: Landorus-Therian
|-damage|p1a: Landorus-Therian|288\/375
|
|-heal|p1a: Landorus-Therian|311\/375|[from] item: Leftovers
|turn|19
|
|switch|p2a: Zapdos|Zapdos|293\/384 brn
|-damage|p2a: Zapdos|197\/384 brn|[from] Stealth Rock
|-ability|p2a: Zapdos|Pressure
|move|p1a: Landorus-Therian|U-turn|p2a: Zapdos
|-resisted|p2a: Zapdos
|-damage|p2a: Zapdos|165\/384 brn
|
|switch|p1a: Pinsir|Pinsir-Mega, M|120\/271
|
|-heal|p2a: Zapdos|189\/384 brn|[from] item: Leftovers
|-damage|p2a: Zapdos|141\/384 brn|[from] brn
|turn|20
|
|move|p1a: Pinsir|Return|p2a: Zapdos
|-resisted|p2a: Zapdos
|-damage|p2a: Zapdos|39\/384 brn
|move|p2a: Zapdos|Roost|p2a: Zapdos
|-heal|p2a: Zapdos|231\/384 brn
|
|-heal|p2a: Zapdos|255\/384 brn|[from] item: Leftovers
|-damage|p2a: Zapdos|207\/384 brn|[from] brn
|turn|21
|
|switch|p1a: Clefable|Clefable, F|252\/391
|move|p2a: Zapdos|Defog|p1a: Clefable
|-unboost|p1a: Clefable|evasion|1
|-sideend|p2: Caspurr|Stealth Rock|[from] move: Defog|[of] p2a: Zapdos
|
|-heal|p2a: Zapdos|231\/384 brn|[from] item: Leftovers
|-heal|p1a: Clefable|276\/391|[from] item: Leftovers
|-damage|p2a: Zapdos|183\/384 brn|[from] brn
|turn|22
|
|move|p1a: Clefable|Protect|p1a: Clefable
|-singleturn|p1a: Clefable|Protect
|move|p2a: Zapdos|Roost|p2a: Zapdos
|-heal|p2a: Zapdos|375\/384 brn
|
|-heal|p2a: Zapdos|384\/384 brn|[from] item: Leftovers
|-heal|p1a: Clefable|300\/391|[from] item: Leftovers
|-damage|p2a: Zapdos|336\/384 brn|[from] brn
|turn|23
|
|move|p2a: Zapdos|Volt Switch|p1a: Clefable
|-crit|p1a: Clefable
|-damage|p1a: Clefable|174\/391
|
|switch|p2a: Scizor|Scizor, M|344\/344
|move|p1a: Clefable|Heal Bell|p1a: Clefable
|-cureteam|p1a: Clefable|[from] move: HealBell
|
|-heal|p1a: Clefable|198\/391|[from] item: Leftovers
|turn|24
|c|âsmogmog|those crits add up now
|
|switch|p1a: Landorus-Therian|Landorus-Therian, M|311\/375
|-ability|p1a: Landorus-Therian|Intimidate|[of] p2a: Scizor
|-unboost|p2a: Scizor|atk|1
|move|p2a: Scizor|Bullet Punch|p1a: Landorus-Therian
|-damage|p1a: Landorus-Therian|203\/375
|
|-heal|p1a: Landorus-Therian|226\/375|[from] item: Leftovers
|turn|25
|
|switch|p2a: Zapdos|Zapdos|336\/384 brn
|-ability|p2a: Zapdos|Pressure
|move|p1a: Landorus-Therian|Stealth Rock|p2a: Zapdos
|-sidestart|p2: Caspurr|move: Stealth Rock
|
|-heal|p2a: Zapdos|360\/384 brn|[from] item: Leftovers
|-heal|p1a: Landorus-Therian|249\/375|[from] item: Leftovers
|-damage|p2a: Zapdos|312\/384 brn|[from] brn
|turn|26
|
|move|p2a: Zapdos|Defog|p1a: Landorus-Therian
|-unboost|p1a: Landorus-Therian|evasion|1
|-sideend|p2: Caspurr|Stealth Rock|[from] move: Defog|[of] p2a: Zapdos
|move|p1a: Landorus-Therian|Rock Tomb|p2a: Zapdos
|-supereffective|p2a: Zapdos
|-damage|p2a: Zapdos|184\/384 brn
|-unboost|p2a: Zapdos|spe|1
|
|-heal|p1a: Landorus-Therian|272\/375|[from] item: Leftovers
|-heal|p2a: Zapdos|208\/384 brn|[from] item: Leftovers
|-damage|p2a: Zapdos|160\/384 brn|[from] brn
|turn|27
|
|move|p1a: Landorus-Therian|Stealth Rock|p2a: Zapdos
|-sidestart|p2: Caspurr|move: Stealth Rock
|move|p2a: Zapdos|Roost|p2a: Zapdos
|-heal|p2a: Zapdos|352\/384 brn
|
|-heal|p1a: Landorus-Therian|295\/375|[from] item: Leftovers
|-heal|p2a: Zapdos|376\/384 brn|[from] item: Leftovers
|-damage|p2a: Zapdos|328\/384 brn|[from] brn
|turn|28
|
|move|p1a: Landorus-Therian|U-turn|p2a: Zapdos
|-resisted|p2a: Zapdos
|-damage|p2a: Zapdos|296\/384 brn
|
|switch|p1a: Clefable|Clefable, F|198\/391
|move|p2a: Zapdos|Defog|p1a: Clefable
|-unboost|p1a: Clefable|evasion|1
|-sideend|p2: Caspurr|Stealth Rock|[from] move: Defog|[of] p2a: Zapdos
|
|-heal|p2a: Zapdos|320\/384 brn|[from] item: Leftovers
|-heal|p1a: Clefable|222\/391|[from] item: Leftovers
|-damage|p2a: Zapdos|272\/384 brn|[from] brn
|turn|29
|
|switch|p2a: Azumarill|Azumarill, F|99\/404
|move|p1a: Clefable|Wish|p1a: Clefable
|
|-heal|p1a: Clefable|246\/391|[from] item: Leftovers
|-heal|p2a: Azumarill|124\/404|[from] item: Leftovers
|turn|30
|
|move|p1a: Clefable|Moonblast|p2a: Azumarill
|-damage|p2a: Azumarill|4\/404
|move|p2a: Azumarill|Play Rough|p1a: Clefable
|-damage|p1a: Clefable|14\/391
|
|-heal|p1a: Clefable|209\/391|[from] move: Wish|[wisher] Clefable
|-heal|p1a: Clefable|233\/391|[from] item: Leftovers
|-heal|p2a: Azumarill|29\/404|[from] item: Leftovers
|turn|31
|
|switch|p2a: Scizor|Scizor, M|344\/344
|move|p1a: Clefable|Protect|p1a: Clefable
|-fail|p1a: Clefable
|
|-heal|p1a: Clefable|257\/391|[from] item: Leftovers
|turn|32
|
|move|p1a: Clefable|Protect|p1a: Clefable
|-singleturn|p1a: Clefable|Protect
|move|p2a: Scizor|U-turn|p1a: Clefable
|-activate|p1a: Clefable|Protect
|
|-heal|p1a: Clefable|281\/391|[from] item: Leftovers
|turn|33
|
|switch|p2a: Tyranitar|Tyranitar, M|342\/342
|-weather|Sandstorm
|move|p1a: Clefable|Wish|p1a: Clefable
|
|-weather|Sandstorm|[upkeep]
|-heal|p1a: Clefable|305\/391|[from] item: Leftovers
|turn|34
|
|switch|p1a: Rotom-Wash|Rotom-Wash|149\/304
|detailschange|p2a: Tyranitar|Tyranitar-Mega, M
|message|Tyranitar has Mega Evolved into Mega Tyranitar!
|move|p2a: Tyranitar|Dragon Dance|p2a: Tyranitar
|-boost|p2a: Tyranitar|atk|1
|-boost|p2a: Tyranitar|spe|1
|
|-weather|Sandstorm|[upkeep]
|-damage|p1a: Rotom-Wash|130\/304|[from] sandstorm
|-heal|p1a: Rotom-Wash|304\/304|[from] move: Wish|[wisher] Clefable
|turn|35
|
|move|p2a: Tyranitar|Crunch|p1a: Rotom-Wash
|-damage|p1a: Rotom-Wash|126\/304
|-unboost|p1a: Rotom-Wash|def|1
|move|p1a: Rotom-Wash|Will-O-Wisp|p2a: Tyranitar
|-status|p2a: Tyranitar|brn
|
|-weather|Sandstorm|[upkeep]
|-damage|p1a: Rotom-Wash|107\/304|[from] sandstorm
|-heal|p1a: Rotom-Wash|126\/304|[from] item: Leftovers
|-damage|p2a: Tyranitar|300\/342 brn|[from] brn
|turn|36
|
|switch|p1a: Landorus-Therian|Landorus-Therian, M|295\/375
|-ability|p1a: Landorus-Therian|Intimidate|[of] p2a: Tyranitar
|-unboost|p2a: Tyranitar|atk|1
|move|p2a: Tyranitar|Ice Punch|p1a: Landorus-Therian
|-supereffective|p1a: Landorus-Therian
|-damage|p1a: Landorus-Therian|99\/375
|
|-weather|Sandstorm|[upkeep]
|-heal|p1a: Landorus-Therian|122\/375|[from] item: Leftovers
|-damage|p2a: Tyranitar|258\/342 brn|[from] brn
|turn|37
|
|switch|p1a: Clefable|Clefable, F|305\/391
|move|p2a: Tyranitar|Crunch|p1a: Clefable
|-resisted|p1a: Clefable
|-damage|p1a: Clefable|251\/391
|
|-weather|none
|-heal|p1a: Clefable|275\/391|[from] item: Leftovers
|-damage|p2a: Tyranitar|216\/342 brn|[from] brn
|turn|38
|c|âsmogmog|a cleric would be nice on your team
|
|switch|p2a: Azumarill|Azumarill, F|29\/404
|move|p1a: Clefable|Wish|p1a: Clefable
|
|-heal|p1a: Clefable|299\/391|[from] item: Leftovers
|-heal|p2a: Azumarill|54\/404|[from] item: Leftovers
|turn|39
|c|âsmogmog|4 physical attackers get better with heal bell support or throw in an unexpected healing wish user
|
|switch|p1a: Rotom-Wash|Rotom-Wash|126\/304
|switch|p2a: Scizor|Scizor, M|344\/344
|
|-heal|p1a: Rotom-Wash|304\/304|[from] move: Wish|[wisher] Clefable
|turn|40
|
|switch|p2a: Zapdos|Zapdos|272\/384 brn
|-ability|p2a: Zapdos|Pressure
|move|p1a: Rotom-Wash|Will-O-Wisp|p2a: Zapdos
|-fail|p2a: Zapdos|brn
|
|-heal|p2a: Zapdos|296\/384 brn|[from] item: Leftovers
|-damage|p2a: Zapdos|248\/384 brn|[from] brn
|turn|41
|
|move|p2a: Zapdos|Volt Switch|p1a: Rotom-Wash
|-damage|p1a: Rotom-Wash|219\/304
|
|switch|p2a: Landorus-Therian|Landorus-Therian, M|99\/320
|-ability|p2a: Landorus-Therian|Intimidate|[of] p1a: Rotom-Wash
|-unboost|p1a: Rotom-Wash|atk|1
|move|p1a: Rotom-Wash|Volt Switch|p2a: Landorus-Therian
|-immune|p2a: Landorus-Therian|[msg]
|
|-heal|p1a: Rotom-Wash|238\/304|[from] item: Leftovers
|turn|42
|
|switch|p1a: Landorus-Therian|Landorus-Therian, M|122\/375
|-ability|p1a: Landorus-Therian|Intimidate|[of] p2a: Landorus-Therian
|-unboost|p2a: Landorus-Therian|atk|1
|move|p2a: Landorus-Therian|U-turn|p1a: Landorus-Therian
|-resisted|p1a: Landorus-Therian
|-damage|p1a: Landorus-Therian|93\/375
|
|switch|p2a: Azumarill|Azumarill, F|54\/404
|
|-heal|p1a: Landorus-Therian|116\/375|[from] item: Leftovers
|-heal|p2a: Azumarill|79\/404|[from] item: Leftovers
|turn|43
|
|switch|p1a: Rotom-Wash|Rotom-Wash|238\/304
|move|p2a: Azumarill|Play Rough|p1a: Rotom-Wash
|-damage|p1a: Rotom-Wash|114\/304
|-unboost|p1a: Rotom-Wash|atk|1
|
|-heal|p1a: Rotom-Wash|133\/304|[from] item: Leftovers
|-heal|p2a: Azumarill|104\/404|[from] item: Leftovers
|turn|44
|
|switch|p2a: Landorus-Therian|Landorus-Therian, M|99\/320
|-ability|p2a: Landorus-Therian|Intimidate|[of] p1a: Rotom-Wash
|-unboost|p1a: Rotom-Wash|atk|1
|move|p1a: Rotom-Wash|Hydro Pump|p2a: Landorus-Therian
|-supereffective|p2a: Landorus-Therian
|-damage|p2a: Landorus-Therian|0 fnt
|faint|p2a: Landorus-Therian
|
|-heal|p1a: Rotom-Wash|152\/304|[from] item: Leftovers
|
|switch|p2a: Rotom-Wash|Rotom-Wash|138\/241 brn
|turn|45
|
|switch|p1a: Clefable|Clefable, F|299\/391
|move|p2a: Rotom-Wash|Volt Switch|p1a: Clefable
|-damage|p1a: Clefable|214\/391
|
|switch|p2a: Scizor|Scizor, M|344\/344
|
|-heal|p1a: Clefable|238\/391|[from] item: Leftovers
|turn|46
|
|move|p1a: Clefable|Protect|p1a: Clefable
|-singleturn|p1a: Clefable|Protect
|move|p2a: Scizor|Bullet Punch|p1a: Clefable
|-activate|p1a: Clefable|Protect
|
|-heal|p1a: Clefable|262\/391|[from] item: Leftovers
|turn|47
|
|switch|p2a: Rotom-Wash|Rotom-Wash|138\/241 brn
|switch|p1a: Rotom-Wash|Rotom-Wash|152\/304
|
|-heal|p1a: Rotom-Wash|171\/304|[from] item: Leftovers
|-damage|p2a: Rotom-Wash|108\/241 brn|[from] brn
|turn|48
|
|move|p2a: Rotom-Wash|Volt Switch|p1a: Rotom-Wash
|-damage|p1a: Rotom-Wash|69\/304
|
|switch|p2a: Zapdos|Zapdos|248\/384 brn
|-ability|p2a: Zapdos|Pressure
|move|p1a: Rotom-Wash|Volt Switch|p2a: Zapdos
|-damage|p2a: Zapdos|163\/384 brn
|
|switch|p1a: Latias|Latias, F|319\/319
|
|-heal|p2a: Zapdos|187\/384 brn|[from] item: Leftovers
|-damage|p2a: Zapdos|139\/384 brn|[from] brn
|turn|49
|
|switch|p2a: Tyranitar|Tyranitar-Mega, M|216\/342 brn
|-weather|Sandstorm
|move|p1a: Latias|Hidden Power|p2a: Tyranitar
|-resisted|p2a: Tyranitar
|-damage|p2a: Tyranitar|195\/342 brn
|-damage|p1a: Latias|288\/319|[from] item: Life Orb
|
|-weather|Sandstorm|[upkeep]
|-damage|p1a: Latias|269\/319|[from] sandstorm
|-damage|p2a: Tyranitar|153\/342 brn|[from] brn
|turn|50
|
|switch|p1a: Clefable|Clefable, F|262\/391
|switch|p2a: Scizor|Scizor, M|344\/344
|
|-weather|Sandstorm|[upkeep]
|-heal|p1a: Clefable|286\/391|[from] item: Leftovers
|turn|51
|
|move|p1a: Clefable|Protect|p1a: Clefable
|-singleturn|p1a: Clefable|Protect
|move|p2a: Scizor|Bullet Punch|p1a: Clefable
|-activate|p1a: Clefable|Protect
|
|-weather|Sandstorm|[upkeep]
|-heal|p1a: Clefable|310\/391|[from] item: Leftovers
|turn|52
|
|switch|p1a: Landorus-Therian|Landorus-Therian, M|116\/375
|-ability|p1a: Landorus-Therian|Intimidate|[of] p2a: Scizor
|-unboost|p2a: Scizor|atk|1
|move|p2a: Scizor|Bullet Punch|p1a: Landorus-Therian
|-damage|p1a: Landorus-Therian|10\/375
|
|-weather|Sandstorm|[upkeep]
|-heal|p1a: Landorus-Therian|33\/375|[from] item: Leftovers
|turn|53
|
|switch|p1a: Clefable|Clefable, F|310\/391
|switch|p2a: Zapdos|Zapdos|139\/384 brn
|-ability|p2a: Zapdos|Pressure
|
|-weather|none
|-heal|p2a: Zapdos|163\/384 brn|[from] item: Leftovers
|-heal|p1a: Clefable|334\/391|[from] item: Leftovers
|-damage|p2a: Zapdos|115\/384 brn|[from] brn
|turn|54
|
|move|p2a: Zapdos|Roost|p2a: Zapdos
|-heal|p2a: Zapdos|307\/384 brn
|move|p1a: Clefable|Wish|p1a: Clefable
|
|-heal|p2a: Zapdos|331\/384 brn|[from] item: Leftovers
|-heal|p1a: Clefable|358\/391|[from] item: Leftovers
|-damage|p2a: Zapdos|283\/384 brn|[from] brn
|turn|55
|join|brokestupidlonely
|
|move|p2a: Zapdos|Heat Wave|p1a: Clefable
|-damage|p1a: Clefable|284\/391
|move|p1a: Clefable|Moonblast|p2a: Zapdos
|-damage|p2a: Zapdos|156\/384 brn
|
|-heal|p1a: Clefable|391\/391|[from] move: Wish|[wisher] Clefable
|-heal|p2a: Zapdos|180\/384 brn|[from] item: Leftovers
|-damage|p2a: Zapdos|132\/384 brn|[from] brn
|turn|56
|
|move|p2a: Zapdos|Volt Switch|p1a: Clefable
|-damage|p1a: Clefable|309\/391
|
|switch|p2a: Scizor|Scizor, M|344\/344
|move|p1a: Clefable|Wish|p1a: Clefable
|
|-heal|p1a: Clefable|333\/391|[from] item: Leftovers
|turn|57
|
|switch|p1a: Latias|Latias, F|269\/319
|move|p2a: Scizor|Bullet Punch|p1a: Latias
|-damage|p1a: Latias|64\/319
|
|-heal|p1a: Latias|259\/319|[from] move: Wish|[wisher] Clefable
|turn|58
|
|switch|p2a: Tyranitar|Tyranitar-Mega, M|153\/342 brn
|-weather|Sandstorm
|move|p1a: Latias|Hidden Power|p2a: Tyranitar
|-resisted|p2a: Tyranitar
|-damage|p2a: Tyranitar|131\/342 brn
|-damage|p1a: Latias|228\/319|[from] item: Life Orb
|
|-weather|Sandstorm|[upkeep]
|-damage|p1a: Latias|209\/319|[from] sandstorm
|-damage|p2a: Tyranitar|89\/342 brn|[from] brn
|turn|59
|
|switch|p2a: Rotom-Wash|Rotom-Wash|108\/241 brn
|move|p1a: Latias|Recover|p1a: Latias
|-heal|p1a: Latias|319\/319
|
|-weather|Sandstorm|[upkeep]
|-damage|p2a: Rotom-Wash|93\/241 brn|[from] sandstorm
|-damage|p1a: Latias|300\/319|[from] sandstorm
|-damage|p2a: Rotom-Wash|63\/241 brn|[from] brn
|turn|60
|
|move|p2a: Rotom-Wash|Trick|p1a: Latias
|-activate|p2a: Rotom-Wash|move: Trick|[of] p1a: Latias
|-item|p1a: Latias|Choice Scarf|[from] move: Trick
|-item|p2a: Rotom-Wash|Life Orb|[from] move: Trick
|move|p1a: Latias|Draco Meteor|p2a: Rotom-Wash
|-damage|p2a: Rotom-Wash|0 fnt
|-unboost|p1a: Latias|spa|2
|faint|p2a: Rotom-Wash
|
|-weather|Sandstorm|[upkeep]
|-damage|p1a: Latias|281\/319|[from] sandstorm
|
|switch|p2a: Scizor|Scizor, M|344\/344
|turn|61
|join|MajorBowman
|
|switch|p1a: Clefable|Clefable, F|333\/391
|move|p2a: Scizor|Bullet Punch|p1a: Clefable
|-supereffective|p1a: Clefable
|-damage|p1a: Clefable|0 fnt
|faint|p1a: Clefable
|
|-weather|Sandstorm|[upkeep]
|
|switch|p1a: Landorus-Therian|Landorus-Therian, M|33\/375
|-ability|p1a: Landorus-Therian|Intimidate|[of] p2a: Scizor
|-unboost|p2a: Scizor|atk|1
|turn|62
|
|switch|p1a: Latias|Latias, F|281\/319
|switch|p2a: Zapdos|Zapdos|132\/384 brn
|-ability|p2a: Zapdos|Pressure
|
|-weather|none
|-heal|p2a: Zapdos|156\/384 brn|[from] item: Leftovers
|-damage|p2a: Zapdos|108\/384 brn|[from] brn
|turn|63
|
|move|p1a: Latias|Draco Meteor|p2a: Zapdos
|-damage|p2a: Zapdos|0 fnt
|-unboost|p1a: Latias|spa|2
|faint|p2a: Zapdos
|
|
|switch|p2a: Azumarill|Azumarill, F|104\/404
|turn|64
|
|switch|p1a: Rotom-Wash|Rotom-Wash|69\/304
|move|p2a: Azumarill|Play Rough|p1a: Rotom-Wash
|-damage|p1a: Rotom-Wash|0 fnt
|faint|p1a: Rotom-Wash
|
|-heal|p2a: Azumarill|129\/404|[from] item: Leftovers
|
|switch|p1a: Pinsir|Pinsir-Mega, M|120\/271
|turn|65
|
|switch|p2a: Tyranitar|Tyranitar-Mega, M|89\/342 brn
|-weather|Sandstorm
|move|p1a: Pinsir|Return|p2a: Tyranitar
|-resisted|p2a: Tyranitar
|-damage|p2a: Tyranitar|0 fnt
|faint|p2a: Tyranitar
|
|-weather|Sandstorm|[upkeep]
|-damage|p1a: Pinsir|104\/271|[from] sandstorm
|
|switch|p2a: Scizor|Scizor, M|344\/344
|turn|66
|
|switch|p1a: Landorus-Therian|Landorus-Therian, M|33\/375
|-ability|p1a: Landorus-Therian|Intimidate|[of] p2a: Scizor
|-unboost|p2a: Scizor|atk|1
|move|p2a: Scizor|Bullet Punch|p1a: Landorus-Therian
|-damage|p1a: Landorus-Therian|0 fnt
|faint|p1a: Landorus-Therian
|
|-weather|Sandstorm|[upkeep]
|
|switch|p1a: Latias|Latias, F|281\/319
|turn|67
|
|switch|p1a: Pinsir|Pinsir-Mega, M|104\/271
|switch|p2a: Azumarill|Azumarill, F|129\/404
|
|-weather|Sandstorm|[upkeep]
|-damage|p1a: Pinsir|88\/271|[from] sandstorm
|-damage|p2a: Azumarill|104\/404|[from] sandstorm
|-heal|p2a: Azumarill|129\/404|[from] item: Leftovers
|turn|68
|
|move|p2a: Azumarill|Aqua Jet|p1a: Pinsir
|-damage|p1a: Pinsir|13\/271
|move|p1a: Pinsir|Return|p2a: Azumarill
|-damage|p2a: Azumarill|0 fnt
|faint|p2a: Azumarill
|
|-weather|Sandstorm|[upkeep]
|-damage|p1a: Pinsir|0 fnt|[from] sandstorm
|faint|p1a: Pinsir
|
|switch|p1a: Latias|Latias, F|281\/319
|switch|p2a: Scizor|Scizor, M|344\/344
|turn|69
|c|âsmogmog|gg
|c|âsmogmog|on 69
|
|move|p2a: Scizor|Bullet Punch|p1a: Latias
|-damage|p1a: Latias|94\/319
|move|p1a: Latias|Hidden Power|p2a: Scizor
|-supereffective|p2a: Scizor
|-damage|p2a: Scizor|76\/344
|
|-weather|none
|turn|70
|c|âsmogmog|:)
|c|âCaspurr|!
|
|move|p2a: Scizor|Bullet Punch|p1a: Latias
|-crit|p1a: Latias
|-damage|p1a: Latias|0 fnt
|faint|p1a: Latias
|
|win|Caspurr
|raw|Ladder updating...
|raw|smogmog's rating: 1544 &rarr; <strong>1524<\/strong><br \/>(-20 for losing)
|raw|Caspurr's rating: 1547 &rarr; <strong>1566<\/strong><br \/>(+19 for winning)
|c|âCaspurr|gg