|join|smogmog
|join|Erick 17
|player|p1|smogmog|23
|player|p2|Erick 17|226
|gametype|singles
|gen|6
|tier|OU
|clearpoke
|poke|p1|Alomomola, F
|poke|p1|Florges, F
|poke|p1|Klefki, M
|poke|p1|Jynx, F
|poke|p1|Metagross
|poke|p1|Omastar, M
|poke|p2|Ambipom, F
|poke|p2|Banette, M
|poke|p2|Doublade, F
|poke|p2|Walrein, F
|poke|p2|Jellicent, M
|poke|p2|Meowstic-F, F
|rule|Swagger Clause: Swagger is banned
|rule|Baton Pass Clause: Limit one PokÃ©mon knowing Baton Pass
|rule|Sleep Clause Mod: Limit one foe put to sleep
|rule|Species Clause: Limit one of each PokÃ©mon
|rule|OHKO Clause: OHKO moves are banned
|rule|Moody Clause: Moody is banned
|rule|Evasion Moves Clause: Evasion moves are banned
|rule|Endless Battle Clause: Forcing endless battles is banned
|rule|HP Percentage Mod: HP is shown in percentages
|teampreview
|c|âsmogmog|no Beauty in your team?
|c|âsmogmog|lets fly high
|c|âsmogmog|have fun
|
|start
|switch|p1a: MoveOn|Klefki, M|318\/318
|switch|p2a: Banette|Banette, M|331\/331
|-item|p1a: MoveOn|Light Clay|[from] ability: Frisk|[of] p2a: Banette|[identify]
|turn|1
|
|detailschange|p2a: Banette|Banette-Mega, M
|-mega|p2a: Banette|Banette|Banettite
|move|p1a: MoveOn|Spikes|p2a: Banette
|-sidestart|p2: Erick 17|Spikes
|move|p2a: Banette|Will-O-Wisp|p1a: MoveOn
|-status|p1a: MoveOn|brn
|
|-damage|p1a: MoveOn|279\/318 brn|[from] brn
|turn|2
|
|switch|p2a: Meowstic-F|Meowstic-F, F|289\/289
|-damage|p2a: Meowstic-F|253\/289|[from] Spikes
|switch|p1a: MakeUp|Alomomola, F|531\/531
|
|turn|3
|
|switch|p1a: TryOut|Florges, F|360\/360
|move|p2a: Meowstic-F|Calm Mind|p2a: Meowstic-F
|-boost|p2a: Meowstic-F|spa|1
|-boost|p2a: Meowstic-F|spd|1
|
|turn|4
|
|switch|p1a: MoveOn|Klefki, M|279\/318 brn
|move|p2a: Meowstic-F|Calm Mind|p2a: Meowstic-F
|-boost|p2a: Meowstic-F|spa|1
|-boost|p2a: Meowstic-F|spd|1
|
|-damage|p1a: MoveOn|240\/318 brn|[from] brn
|turn|5
|
|move|p1a: MoveOn|Thunder Wave|p2a: Meowstic-F
|-status|p2a: Meowstic-F|par
|move|p2a: Meowstic-F|Shadow Ball|p1a: MoveOn
|-damage|p1a: MoveOn|84\/318 brn
|-unboost|p1a: MoveOn|spd|1
|-damage|p2a: Meowstic-F|225\/289 par|[from] item: Life Orb
|
|-damage|p1a: MoveOn|45\/318 brn|[from] brn
|turn|6
|
|switch|p1a: TryOut|Florges, F|360\/360
|move|p2a: Meowstic-F|Calm Mind|p2a: Meowstic-F
|-boost|p2a: Meowstic-F|spa|1
|-boost|p2a: Meowstic-F|spd|1
|
|turn|7
|
|move|p1a: TryOut|Wish|p1a: TryOut
|move|p2a: Meowstic-F|Psyshock|p1a: TryOut
|-damage|p1a: TryOut|23\/360
|-damage|p2a: Meowstic-F|197\/289 par|[from] item: Life Orb
|
|-heal|p1a: TryOut|45\/360|[from] item: Leftovers
|turn|8
|
|move|p1a: TryOut|Synthesis|p1a: TryOut
|-heal|p1a: TryOut|225\/360
|move|p2a: Meowstic-F|Calm Mind|p2a: Meowstic-F
|-boost|p2a: Meowstic-F|spa|1
|-boost|p2a: Meowstic-F|spd|1
|
|-heal|p1a: TryOut|360\/360|[from] move: Wish|[wisher] TryOut
|turn|9
|
|switch|p1a: DragDown|Jynx, F|287\/287
|cant|p2a: Meowstic-F|par
|
|turn|10
|
|move|p1a: DragDown|Psyshock|p2a: Meowstic-F
|-resisted|p2a: Meowstic-F
|-damage|p2a: Meowstic-F|63\/289 par
|cant|p2a: Meowstic-F|par
|
|turn|11
|
|switch|p2a: Doublade|Doublade, F|321\/321
|-damage|p2a: Doublade|281\/321|[from] Spikes
|move|p1a: DragDown|Psyshock|p2a: Doublade
|-resisted|p2a: Doublade
|-damage|p2a: Doublade|230\/321
|
|turn|12
|
|switch|p1a: SuckIn|Omastar, M|344\/344
|move|p2a: Doublade|Shadow Sneak|p1a: SuckIn
|-damage|p1a: SuckIn|304\/344
|
|-heal|p1a: SuckIn|325\/344|[from] item: Leftovers
|turn|13
|
|move|p1a: SuckIn|Knock Off|p2a: Doublade
|-supereffective|p2a: Doublade
|-damage|p2a: Doublade|184\/321
|-enditem|p2a: Doublade|Eviolite|[from] move: Knock Off|[of] p1a: SuckIn
|move|p2a: Doublade|Swords Dance|p2a: Doublade
|-boost|p2a: Doublade|atk|2
|
|-heal|p1a: SuckIn|344\/344|[from] item: Leftovers
|turn|14
|
|move|p1a: SuckIn|Haze|p1a: SuckIn
|-clearallboost
|move|p2a: Doublade|Gyro Ball|p1a: SuckIn
|-damage|p1a: SuckIn|289\/344
|
|-heal|p1a: SuckIn|310\/344|[from] item: Leftovers
|turn|15
|
|switch|p2a: Jellicent|Jellicent, M|341\/341
|-damage|p2a: Jellicent|299\/341|[from] Spikes
|move|p1a: SuckIn|Stealth Rock|p2a: Jellicent
|-sidestart|p2: Erick 17|move: Stealth Rock
|
|-heal|p1a: SuckIn|331\/344|[from] item: Leftovers
|turn|16
|
|switch|p1a: TryOut|Florges, F|360\/360
|move|p2a: Jellicent|Water Spout|p1a: TryOut
|-damage|p1a: TryOut|258\/360
|
|-heal|p1a: TryOut|280\/360|[from] item: Leftovers
|turn|17
|c|âsmogmog|i sure as hell got the better team options...
|
|switch|p2a: Walrein|Walrein, F|423\/423
|-damage|p2a: Walrein|318\/423|[from] Stealth Rock
|-damage|p2a: Walrein|266\/423|[from] Spikes
|move|p1a: TryOut|Moonblast|p2a: Walrein
|-damage|p2a: Walrein|137\/423
|
|-heal|p1a: TryOut|302\/360|[from] item: Leftovers
|-heal|p2a: Walrein|163\/423|[from] item: Leftovers
|turn|18
|
|move|p2a: Walrein|Protect|p2a: Walrein
|-singleturn|p2a: Walrein|Protect
|move|p1a: TryOut|Wish|p1a: TryOut
|
|-heal|p1a: TryOut|324\/360|[from] item: Leftovers
|-heal|p2a: Walrein|189\/423|[from] item: Leftovers
|turn|19
|
|move|p1a: TryOut|Moonblast|p2a: Walrein
|-damage|p2a: Walrein|63\/423
|move|p2a: Walrein|Toxic|p1a: TryOut
|-status|p1a: TryOut|tox
|
|-heal|p1a: TryOut|360\/360 tox|[from] move: Wish|[wisher] TryOut
|-heal|p2a: Walrein|89\/423|[from] item: Leftovers
|-damage|p1a: TryOut|338\/360 tox|[from] psn
|turn|20
|
|move|p1a: TryOut|Aromatherapy|p1a: TryOut
|-cureteam|p1a: TryOut|[from] move: Aromatherapy
|move|p2a: Walrein|Surf|p1a: TryOut
|-crit|p1a: TryOut
|-damage|p1a: TryOut|245\/360
|
|-heal|p1a: TryOut|267\/360|[from] item: Leftovers
|-heal|p2a: Walrein|115\/423|[from] item: Leftovers
|turn|21
|c|âsmogmog|i gave my florges symbiosis for the lulz
|
|move|p2a: Walrein|Protect|p2a: Walrein
|-singleturn|p2a: Walrein|Protect
|move|p1a: TryOut|Moonblast|p2a: Walrein
|-activate|p2a: Walrein|Protect
|
|-heal|p1a: TryOut|289\/360|[from] item: Leftovers
|-heal|p2a: Walrein|141\/423|[from] item: Leftovers
|turn|22
|
|move|p1a: TryOut|Moonblast|p2a: Walrein
|-damage|p2a: Walrein|0 fnt
|faint|p2a: Walrein
|
|-heal|p1a: TryOut|311\/360|[from] item: Leftovers
|c|âsmogmog|physical defensive?
|
|switch|p2a: Ambipom|Ambipom, F|291\/291
|-damage|p2a: Ambipom|255\/291|[from] Stealth Rock
|-damage|p2a: Ambipom|219\/291|[from] Spikes
|turn|23
|
|switch|p1a: MakeUp|Alomomola, F|531\/531
|move|p2a: Ambipom|Fake Out|p1a: MakeUp
|-damage|p1a: MakeUp|401\/531
|-damage|p2a: Ambipom|190\/291|[from] item: Life Orb
|
|-heal|p1a: MakeUp|434\/531|[from] item: Leftovers
|turn|24
|
|move|p1a: MakeUp|Protect|p1a: MakeUp
|-singleturn|p1a: MakeUp|Protect
|move|p2a: Ambipom|Knock Off|p1a: MakeUp
|-activate|p1a: MakeUp|Protect
|
|-heal|p1a: MakeUp|467\/531|[from] item: Leftovers
|turn|25
|
|move|p2a: Ambipom|Knock Off|p1a: MakeUp
|-crit|p1a: MakeUp
|-damage|p1a: MakeUp|251\/531
|-enditem|p1a: MakeUp|Leftovers|[from] move: Knock Off|[of] p2a: Ambipom
|-damage|p2a: Ambipom|161\/291|[from] item: Life Orb
|move|p1a: MakeUp|Scald|p2a: Ambipom
|-damage|p2a: Ambipom|100\/291
|-status|p2a: Ambipom|brn
|
|-damage|p2a: Ambipom|64\/291 brn|[from] brn
|turn|26
|c|âsmogmog|luck is my lady
|
|move|p2a: Ambipom|Double Hit|p1a: MakeUp
|-damage|p1a: MakeUp|191\/531
|-damage|p1a: MakeUp|133\/531
|-hitcount|p1a: MakeUp|2
|-damage|p2a: Ambipom|35\/291 brn|[from] item: Life Orb
|move|p1a: MakeUp|Wish|p1a: MakeUp
|
|-damage|p2a: Ambipom|0 fnt|[from] brn
|faint|p2a: Ambipom
|
|switch|p2a: Banette|Banette-Mega, M|331\/331
|-damage|p2a: Banette|290\/331|[from] Spikes
|-damage|p2a: Banette|249\/331|[from] Stealth Rock
|turn|27
|
|move|p1a: MakeUp|Protect|p1a: MakeUp
|-singleturn|p1a: MakeUp|Protect
|move|p2a: Banette|Will-O-Wisp|p1a: MakeUp
|-activate|p1a: MakeUp|Protect
|
|-heal|p1a: MakeUp|398\/531|[from] move: Wish|[wisher] MakeUp
|turn|28
|
|move|p2a: Banette|Will-O-Wisp|p1a: MakeUp
|-status|p1a: MakeUp|brn
|move|p1a: MakeUp|Wish|p1a: MakeUp
|
|-damage|p1a: MakeUp|332\/531 brn|[from] brn
|turn|29
|
|move|p2a: Banette|Gunk Shot|p1a: MakeUp|[miss]
|-miss|p2a: Banette|p1a: MakeUp
|move|p1a: MakeUp|Toxic|p2a: Banette
|-status|p2a: Banette|tox
|
|-heal|p1a: MakeUp|531\/531 brn|[from] move: Wish|[wisher] MakeUp
|-damage|p2a: Banette|229\/331 tox|[from] psn
|-damage|p1a: MakeUp|465\/531 brn|[from] brn
|turn|30
|
|move|p2a: Banette|Gunk Shot|p1a: MakeUp
|-damage|p1a: MakeUp|299\/531 brn
|move|p1a: MakeUp|Wish|p1a: MakeUp
|
|-damage|p2a: Banette|189\/331 tox|[from] psn
|-damage|p1a: MakeUp|233\/531 brn|[from] brn
|turn|31
|c|âsmogmog|why gunshot?
|c|âsmogmog|isnt shadow claw enough for florges
|
|switch|p1a: MoveOn|Klefki, M|45\/318
|move|p2a: Banette|Gunk Shot|p1a: MoveOn
|-immune|p1a: MoveOn|[msg]
|
|-heal|p1a: MoveOn|310\/318|[from] move: Wish|[wisher] MakeUp
|-damage|p2a: Banette|129\/331 tox|[from] psn
|turn|32
|
|move|p2a: Banette|Will-O-Wisp|p1a: MoveOn
|-status|p1a: MoveOn|brn
|move|p1a: MoveOn|Spikes|p2a: Banette
|-sidestart|p2: Erick 17|Spikes
|
|-damage|p1a: MoveOn|271\/318 brn|[from] brn
|-damage|p2a: Banette|49\/331 tox|[from] psn
|turn|33
|
|move|p1a: MoveOn|Reflect|p1a: MoveOn
|-sidestart|p1: smogmog|Reflect
|move|p2a: Banette|Shadow Claw|p1a: MoveOn
|-damage|p1a: MoveOn|204\/318 brn
|
|-damage|p2a: Banette|0 fnt|[from] psn
|-damage|p1a: MoveOn|165\/318 brn|[from] brn
|faint|p2a: Banette
|
|switch|p2a: Meowstic-F|Meowstic-F, F|63\/289 par
|-damage|p2a: Meowstic-F|27\/289 par|[from] Stealth Rock
|-damage|p2a: Meowstic-F|0 fnt|[from] Spikes
|faint|p2a: Meowstic-F
|
|switch|p2a: Doublade|Doublade, F|184\/321
|-damage|p2a: Doublade|164\/321|[from] Stealth Rock
|-damage|p2a: Doublade|111\/321|[from] Spikes
|turn|34
|
|switch|p1a: SuckIn|Omastar, M|331\/344
|move|p2a: Doublade|Swords Dance|p2a: Doublade
|-boost|p2a: Doublade|atk|2
|
|-heal|p1a: SuckIn|344\/344|[from] item: Leftovers
|turn|35
|
|move|p1a: SuckIn|Scald|p2a: Doublade
|-damage|p2a: Doublade|0 fnt
|faint|p2a: Doublade
|
|
|switch|p2a: Jellicent|Jellicent, M|299\/341
|-damage|p2a: Jellicent|243\/341|[from] Spikes
|-damage|p2a: Jellicent|201\/341|[from] Stealth Rock
|turn|36
|
|switch|p1a: TryOut|Florges, F|311\/360
|move|p2a: Jellicent|Hydro Pump|p1a: TryOut
|-damage|p1a: TryOut|212\/360
|
|-heal|p1a: TryOut|234\/360|[from] item: Leftovers
|turn|37
|c|âsmogmog|specsicent?
|
|move|p2a: Jellicent|Hydro Pump|p1a: TryOut|[miss]
|-miss|p2a: Jellicent|p1a: TryOut
|move|p1a: TryOut|Wish|p1a: TryOut
|
|-heal|p1a: TryOut|256\/360|[from] item: Leftovers
|turn|38
|
|move|p2a: Jellicent|Hydro Pump|p1a: TryOut
|-damage|p1a: TryOut|165\/360
|move|p1a: TryOut|Aromatherapy|p1a: TryOut
|-cureteam|p1a: TryOut|[from] move: Aromatherapy
|
|-heal|p1a: TryOut|345\/360|[from] move: Wish|[wisher] TryOut
|-heal|p1a: TryOut|360\/360|[from] item: Leftovers
|turn|39
|
|move|p2a: Jellicent|Hydro Pump|p1a: TryOut
|-damage|p1a: TryOut|270\/360
|move|p1a: TryOut|Moonblast|p2a: Jellicent
|-damage|p2a: Jellicent|72\/341
|
|-heal|p1a: TryOut|292\/360|[from] item: Leftovers
|turn|40
|c|âsmogmog|well played
|c|âsmogmog|bad matchup
|
|move|p2a: Jellicent|Hydro Pump|p1a: TryOut|[miss]
|-miss|p2a: Jellicent|p1a: TryOut
|move|p1a: TryOut|Moonblast|p2a: Jellicent
|-crit|p2a: Jellicent
|-damage|p2a: Jellicent|0 fnt
|faint|p2a: Jellicent
|
|win|smogmog
|c|âsmogmog|have a great day