|join|smogmog
|join|SD64
|player|p1|smogmog|129
|player|p2|SD64|164
|gametype|doubles
|gen|6
|tier|Smogon Doubles (suspect test)
|rated
|rule|Species Clause: Limit one of each Pokemon
|rule|OHKO Clause: OHKO moves are banned
|rule|Moody Clause: Moody is banned
|rule|Evasion Moves Clause: Evasion moves are banned
|rule|Evasion Abilities Clause: Evasion abilities are banned
|rule|Endless Battle Clause: Forcing endless battles is banned.
|rule|HP Percentage Mod: HP is reported as percentages
|clearpoke
|poke|p1|Charizard, M
|poke|p1|Venusaur, M
|poke|p1|Landorus-Therian, M
|poke|p1|Klefki, M
|poke|p1|Darkrai
|poke|p1|Latios, M
|poke|p2|Mawile, F
|poke|p2|Clefairy, F
|poke|p2|Cofagrigus, M
|poke|p2|Gallade, M
|poke|p2|Dragalge, M
|poke|p2|Jellicent, F
|teampreview
|chat|smogmog|hi
|
|start
|switch|p1a: Landorus-Therian|Landorus-Therian, M|335\/335
|switch|p1b: Darkrai|Darkrai|343\/343
|switch|p2a: Navi|Clefairy, F|344\/344
|switch|p2b: Wolfwood|Gallade, M|340\/340
|-ability|p1a: Landorus-Therian|Intimidate|[of] p2a: Navi
|-unboost|p2a: Navi|atk|1
|-ability|p1a: Landorus-Therian|Intimidate|[of] p2b: Wolfwood
|-unboost|p2b: Wolfwood|atk|1
|turn|1
|chat|smogmog|tr rules
|
|move|p1a: Landorus-Therian|U-turn|p2b: Wolfwood
|-damage|p2b: Wolfwood|241\/340
|
|switch|p1a: Klefki|Klefki, M|318\/318
|move|p1b: Darkrai|Will-O-Wisp|p2b: Wolfwood|[miss]
|-miss|p1b: Darkrai|p2b: Wolfwood
|move|p2a: Navi|Metronome|p2a: Navi
|move|p2a: Navi|Bullet Seed|p1a: Klefki|[from]Metronome
|-resisted|p1a: Klefki
|-damage|p1a: Klefki|315\/318
|-resisted|p1a: Klefki
|-damage|p1a: Klefki|312\/318
|-hitcount|p1a: Klefki|2
|move|p2b: Wolfwood|Trick Room|p2b: Wolfwood
|-fieldstart|move: Trick Room|[of] p2b: Wolfwood
|
|turn|2
|chat|smogmog|metronome
|chat|smogmog|are you kidding me
|chat|smogmog|you have guts
|
|switch|p1b: Landorus-Therian|Landorus-Therian, M|335\/335
|-ability|p1b: Landorus-Therian|Intimidate|[of] p2a: Navi
|-unboost|p2a: Navi|atk|1
|-ability|p1b: Landorus-Therian|Intimidate|[of] p2b: Wolfwood
|-unboost|p2b: Wolfwood|atk|1
|move|p1a: Klefki|Reflect|p1a: Klefki
|-sidestart|p1: smogmog|Reflect
|move|p2a: Navi|Metronome|p2a: Navi
|move|p2a: Navi|Magic Room|p2a: Navi|[from]Metronome
|-fieldstart|move: Magic Room|[of] p2a: Navi
|move|p2b: Wolfwood|Power-Up Punch|p1b: Landorus-Therian
|-resisted|p1b: Landorus-Therian
|-damage|p1b: Landorus-Therian|321\/335
|-boost|p2b: Wolfwood|atk|1
|
|turn|3
|
|switch|p2b: Mr. Pringles|Jellicent, F|404\/404
|move|p1a: Klefki|Safeguard|p1a: Klefki
|-sidestart|p1: smogmog|Safeguard
|move|p2a: Navi|Metronome|p2a: Navi
|move|p2a: Navi|Circle Throw|p1a: Klefki|[from]Metronome
|-damage|p1a: Klefki|305\/318
|drag|p1a: Latios|Latios, M|301\/301
|move|p1b: Landorus-Therian|U-turn|p2b: Mr. Pringles
|-resisted|p2b: Mr. Pringles
|-damage|p2b: Mr. Pringles|358\/404
|
|switch|p1b: Darkrai|Darkrai|343\/343
|
|turn|4
|
|switch|p1a: Klefki|Klefki, M|305\/318
|move|p2a: Navi|Metronome|p2a: Navi
|move|p2a: Navi|Megahorn|p1b: Darkrai|[from]Metronome
|-supereffective|p1b: Darkrai
|-damage|p1b: Darkrai|310\/343
|move|p2b: Mr. Pringles|Ice Beam|p1a: Klefki
|-resisted|p1a: Klefki
|-damage|p1a: Klefki|257\/318
|move|p1b: Darkrai|Substitute|p1b: Darkrai
|-start|p1b: Darkrai|Substitute
|-damage|p1b: Darkrai|225\/343
|
|turn|5
|
|move|p1a: Klefki|Light Screen|p1a: Klefki
|-sidestart|p1: smogmog|move: Light Screen
|move|p2a: Navi|Metronome|p2a: Navi
|move|p2a: Navi|Imprison|p2a: Navi|[from]Metronome
|-start|p2a: Navi|move: Imprison
|move|p2b: Mr. Pringles|Scald|p1a: Klefki
|-damage|p1a: Klefki|167\/318
|move|p1b: Darkrai|Snarl|p2b: Mr. Pringles
|-resisted|p2a: Navi
|-damage|p2a: Navi|308\/344
|-unboost|p2a: Navi|spa|1
|-supereffective|p2b: Mr. Pringles
|-damage|p2b: Mr. Pringles|259\/404
|-unboost|p2b: Mr. Pringles|spa|1
|
|-fieldend|move: Trick Room
|turn|6
|
|move|p1a: Klefki|Swagger|p2b: Mr. Pringles
|-boost|p2b: Mr. Pringles|atk|2
|-start|p2b: Mr. Pringles|confusion
|move|p1b: Darkrai|Snarl|p2b: Mr. Pringles
|-resisted|p2a: Navi
|-damage|p2a: Navi|272\/344
|-unboost|p2a: Navi|spa|1
|-supereffective|p2b: Mr. Pringles
|-damage|p2b: Mr. Pringles|172\/404
|-unboost|p2b: Mr. Pringles|spa|1
|move|p2a: Navi|Metronome|p2a: Navi
|move|p2a: Navi|Stun Spore|p1a: Klefki|[from]Metronome
|-fail|p1a: Klefki
|-activate|p2b: Mr. Pringles|confusion
|-damage|p2b: Mr. Pringles|129\/404|[from] confusion
|
|-fieldend|move: Magic Room|[of] p2a: Navi
|-enditem|p2b: Mr. Pringles|Sitrus Berry|[eat]
|-heal|p2b: Mr. Pringles|230\/404|[from] item: Sitrus Berry
|turn|7
|
|move|p1a: Klefki|Swagger|p2b: Mr. Pringles
|-boost|p2b: Mr. Pringles|atk|2
|move|p1b: Darkrai|Foul Play|p2b: Mr. Pringles
|-supereffective|p2b: Mr. Pringles
|-damage|p2b: Mr. Pringles|0 fnt
|faint|p2b: Mr. Pringles
|move|p2a: Navi|Metronome|p2a: Navi
|move|p2a: Navi|Glaciate|p1a: Klefki|[from]Metronome
|-resisted|p1a: Klefki
|-damage|p1a: Klefki|162\/318
|-unboost|p1a: Klefki|spe|1
|-activate|p1b: Darkrai|Substitute|[damage]
|
|-heal|p1b: Darkrai|246\/343|[from] item: Leftovers
|-sideend|p1: smogmog|Safeguard
|
|switch|p2b: Iron Maiden|Cofagrigus, M|320\/320
|turn|8
|chat|smogmog|how many opponents disconnect when they see waggling a finger used metronome?
|
|move|p1a: Klefki|Swagger|p2b: Iron Maiden|[miss]
|-miss|p1a: Klefki|p2b: Iron Maiden
|move|p1b: Darkrai|Snarl|p2b: Iron Maiden
|-resisted|p2a: Navi
|-damage|p2a: Navi|248\/344
|-unboost|p2a: Navi|spa|1
|-supereffective|p2b: Iron Maiden
|-damage|p2b: Iron Maiden|251\/320
|-unboost|p2b: Iron Maiden|spa|1
|move|p2a: Navi|Metronome|p2a: Navi
|move|p2a: Navi|Judgment|p1a: Klefki|[from]Metronome
|-resisted|p1a: Klefki
|-damage|p1a: Klefki|155\/318
|move|p2b: Iron Maiden|Trick Room|p2b: Iron Maiden
|-fieldstart|move: Trick Room|[of] p2b: Iron Maiden
|
|-heal|p2b: Iron Maiden|271\/320|[from] item: Leftovers
|-heal|p1b: Darkrai|267\/343|[from] item: Leftovers
|turn|9
|
|switch|p2b: Wolfwood|Gallade, M|241\/340
|move|p1a: Klefki|Swagger|p2b: Wolfwood
|-boost|p2b: Wolfwood|atk|2
|-start|p2b: Wolfwood|confusion
|move|p2a: Navi|Metronome|p2a: Navi
|move|p2a: Navi|Flame Burst|p1b: Darkrai|[from]Metronome
|-activate|p1b: Darkrai|Substitute|[damage]
|move|p1b: Darkrai|Snarl|p2b: Wolfwood
|-resisted|p2a: Navi
|-damage|p2a: Navi|225\/344
|-unboost|p2a: Navi|spa|1
|-damage|p2b: Wolfwood|198\/340
|-boost|p2b: Wolfwood|atk|1|[from] ability: Justified
|-unboost|p2b: Wolfwood|spa|1
|
|-heal|p1b: Darkrai|288\/343|[from] item: Leftovers
|-sideend|p1: smogmog|Reflect
|turn|10
|chat|smogmog|wait a moment i think i should enable animations for the lols
|chat|smogmog|i can't thats sad
|
|move|p1a: Klefki|Reflect|p1a: Klefki
|-sidestart|p1: smogmog|Reflect
|move|p2a: Navi|Metronome|p2a: Navi
|move|p2a: Navi|Bounce|p1a: Klefki|[still]|[from]Metronome
|-prepare|p2a: Navi|Bounce|p1a: Klefki
|-activate|p2b: Wolfwood|confusion
|-damage|p2b: Wolfwood|74\/340|[from] confusion
|move|p1b: Darkrai|Foul Play|p2b: Wolfwood
|-damage|p2b: Wolfwood|0 fnt
|faint|p2b: Wolfwood
|
|-heal|p1b: Darkrai|309\/343|[from] item: Leftovers
|
|switch|p2b: Dragalge|Dragalge, M|334\/334
|turn|11
|
|move|p1a: Klefki|Safeguard|p1a: Klefki
|-sidestart|p1: smogmog|Safeguard
|move|p2a: Navi|Bounce|p1b: Darkrai
|-activate|p1b: Darkrai|Substitute|[damage]
|move|p2b: Dragalge|Focus Blast|p1b: Darkrai
|-crit|p1b: Darkrai
|-supereffective|p1b: Darkrai
|-end|p1b: Darkrai|Substitute
|move|p1b: Darkrai|Snarl|p2b: Dragalge
|-resisted|p2a: Navi
|-damage|p2a: Navi|204\/344
|-unboost|p2a: Navi|spa|1
|-crit|p2b: Dragalge
|-damage|p2b: Dragalge|273\/334
|-unboost|p2b: Dragalge|spa|1
|
|-heal|p1b: Darkrai|330\/343|[from] item: Leftovers
|turn|12
|
|move|p1a: Klefki|Swagger|p2b: Dragalge
|-boost|p2b: Dragalge|atk|2
|-start|p2b: Dragalge|confusion
|move|p2a: Navi|Metronome|p2a: Navi
|move|p2a: Navi|Trump Card|p1b: Darkrai|[from]Metronome
|-damage|p1b: Darkrai|326\/343
|-activate|p2b: Dragalge|confusion
|-damage|p2b: Dragalge|233\/334|[from] confusion
|move|p1b: Darkrai|Substitute|p1b: Darkrai
|-start|p1b: Darkrai|Substitute
|-damage|p1b: Darkrai|241\/343
|
|-heal|p1b: Darkrai|262\/343|[from] item: Leftovers
|-sideend|p1: smogmog|move: Light Screen
|-fieldend|move: Trick Room
|turn|13
|
|move|p1a: Klefki|Swagger|p2b: Dragalge
|-boost|p2b: Dragalge|atk|2
|move|p1b: Darkrai|Foul Play|p2b: Dragalge
|-damage|p2b: Dragalge|7\/334
|-activate|p2b: Dragalge|confusion
|-damage|p2b: Dragalge|0 fnt|[from] confusion
|faint|p2b: Dragalge
|move|p2a: Navi|Metronome|p2a: Navi
|move|p2a: Navi|Celebrate|p2a: Navi|[from]Metronome
|-activate|p2a: Navi|move: Celebrate
|
|-heal|p1b: Darkrai|283\/343|[from] item: Leftovers
|
|switch|p2b: Iron Maiden|Cofagrigus, M|271\/320
|turn|14
|chat|smogmog|lets have a metronome match if you like!?
|
|move|p1a: Klefki|Swagger|p2b: Iron Maiden
|-boost|p2b: Iron Maiden|atk|2
|-start|p2b: Iron Maiden|confusion
|move|p1b: Darkrai|Snarl|p2b: Iron Maiden
|-resisted|p2a: Navi
|-damage|p2a: Navi|183\/344
|-unboost|p2a: Navi|spa|1
|-supereffective|p2b: Iron Maiden
|-damage|p2b: Iron Maiden|207\/320
|-unboost|p2b: Iron Maiden|spa|1
|move|p2a: Navi|Metronome|p2a: Navi
|move|p2a: Navi|Heat Wave|p1a: Klefki|[from]Metronome
|-supereffective|p1a: Klefki
|-damage|p1a: Klefki|133\/318
|-activate|p1b: Darkrai|Substitute|[damage]
|-activate|p2b: Iron Maiden|confusion
|-damage|p2b: Iron Maiden|190\/320|[from] confusion
|
|-heal|p1b: Darkrai|304\/343|[from] item: Leftovers
|-heal|p2b: Iron Maiden|210\/320|[from] item: Leftovers
|turn|15
|
|move|p1a: Klefki|Swagger|p2b: Iron Maiden
|-boost|p2b: Iron Maiden|atk|2
|move|p1b: Darkrai|Foul Play|p2b: Iron Maiden
|-supereffective|p2b: Iron Maiden
|-damage|p2b: Iron Maiden|3\/320
|-ability|p1b: Darkrai|Mummy|[from] Mummy
|move|p2a: Navi|Metronome|p2a: Navi
|move|p2a: Navi|Stun Spore|p1a: Klefki|[from]Metronome
|-fail|p1a: Klefki
|-activate|p2b: Iron Maiden|confusion
|move|p2b: Iron Maiden|Shadow Ball|p1a: Klefki
|-damage|p1a: Klefki|72\/318
|
|-heal|p1b: Darkrai|325\/343|[from] item: Leftovers
|-heal|p2b: Iron Maiden|23\/320|[from] item: Leftovers
|-sideend|p1: smogmog|Safeguard
|turn|16
|
|move|p1a: Klefki|Safeguard|p1a: Klefki
|-sidestart|p1: smogmog|Safeguard
|move|p1b: Darkrai|Snarl|p2a: Navi
|-resisted|p2a: Navi
|-damage|p2a: Navi|159\/344
|-supereffective|p2b: Iron Maiden
|-damage|p2b: Iron Maiden|0 fnt
|faint|p2b: Iron Maiden
|move|p2a: Navi|Metronome|p2a: Navi
|move|p2a: Navi|Superpower|p1a: Klefki|[from]Metronome
|-damage|p1a: Klefki|61\/318
|-unboost|p2a: Navi|atk|1
|-unboost|p2a: Navi|def|1
|
|-heal|p1b: Darkrai|343\/343|[from] item: Leftovers
|
|switch|p2b: Madotsuki|Mawile, F|304\/304
|turn|17
|
|switch|p1a: Landorus-Therian|Landorus-Therian, M|321\/335
|-ability|p1a: Landorus-Therian|Intimidate|[of] p2a: Navi
|-unboost|p2a: Navi|atk|1
|-ability|p1a: Landorus-Therian|Intimidate|[of] p2b: Madotsuki
|-fail|p2b: Madotsuki|unboost|Attack|[from] ability: Hyper Cutter|[of] p2b: Madotsuki
|-formechange|p2b: Madotsuki|Mawile-Mega
|message|Mawile has Mega Evolved into Mega Mawile!
|move|p1b: Darkrai|Will-O-Wisp|p2b: Madotsuki
|-status|p2b: Madotsuki|brn
|move|p2b: Madotsuki|Play Rough|p1b: Darkrai
|-supereffective|p1b: Darkrai
|-end|p1b: Darkrai|Substitute
|move|p2a: Navi|Metronome|p2a: Navi
|move|p2a: Navi|Sweet Scent|p1b: Darkrai|[from]Metronome
|-unboost|p1a: Landorus-Therian|evasion|2
|-unboost|p1b: Darkrai|evasion|2
|
|-damage|p2b: Madotsuki|266\/304 brn|[from] brn
|-sideend|p1: smogmog|Reflect
|turn|18
|
|move|p1a: Landorus-Therian|U-turn|p2b: Madotsuki
|-resisted|p2b: Madotsuki
|-damage|p2b: Madotsuki|251\/304 brn
|
|switch|p1a: Venusaur|Venusaur, M|299\/299
|move|p1b: Darkrai|Substitute|p1b: Darkrai
|-start|p1b: Darkrai|Substitute
|-damage|p1b: Darkrai|258\/343
|move|p2b: Madotsuki|Play Rough|p1b: Darkrai
|-supereffective|p1b: Darkrai
|-end|p1b: Darkrai|Substitute
|move|p2a: Navi|Moonlight|p2a: Navi
|-heal|p2a: Navi|331\/344
|
|-heal|p1b: Darkrai|279\/343|[from] item: Leftovers
|-damage|p2b: Madotsuki|213\/304 brn|[from] brn
|turn|19
|
|switch|p1a: Landorus-Therian|Landorus-Therian, M|321\/335
|-ability|p1a: Landorus-Therian|Intimidate|[of] p2a: Navi
|-unboost|p2a: Navi|atk|1
|-ability|p1a: Landorus-Therian|Intimidate|[of] p2b: Madotsuki
|-unboost|p2b: Madotsuki|atk|1
|move|p2a: Navi|Follow Me|p2a: Navi
|move|p1b: Darkrai|Substitute|p1b: Darkrai
|-start|p1b: Darkrai|Substitute
|-damage|p1b: Darkrai|194\/343
|move|p2b: Madotsuki|Play Rough|p1b: Darkrai
|-supereffective|p1b: Darkrai
|-end|p1b: Darkrai|Substitute
|
|-heal|p1b: Darkrai|215\/343|[from] item: Leftovers
|-damage|p2b: Madotsuki|175\/304 brn|[from] brn
|turn|20
|
|switch|p1b: Charizard|Charizard, M|297\/297
|move|p2a: Navi|Follow Me|p2a: Navi
|move|p1a: Landorus-Therian|Earthquake|p2b: Madotsuki
|-immune|p1b: Charizard|[msg]
|-damage|p2a: Navi|112\/344
|-supereffective|p2b: Madotsuki
|-damage|p2b: Madotsuki|0 fnt
|faint|p2b: Madotsuki
|
|-sideend|p1: smogmog|Safeguard
|turn|21
|chat|smogmog|its too cute to kill it :(
|chat|smogmog|i adore clefairies
|chat|smogmog|lets get it done :(
|
|-formechange|p1b: Charizard|Charizard-Mega-Y
|message|Charizard has Mega Evolved into Mega Charizard!
|-weather|SunnyDay
|move|p1a: Landorus-Therian|Earthquake|p2a: Navi
|-immune|p1b: Charizard|[msg]
|-crit|p2a: Navi
|-damage|p2a: Navi|0 fnt
|faint|p2a: Navi
|
|win|smogmog
|raw|Ladder updating...
|raw|smogmog's rating: 1341 &rarr; <strong>1357<\/strong><br \/>(+16 for winning)
|raw|SD64's rating: 1270 &rarr; <strong>1250<\/strong><br \/>(-20 for losing)
|chat|smogmog|gg
|chat|smogmog|have a great day
|leave|SD64
|player|p2