|join|jjrn
|join|Failosophy
|player|p1|jjrn|101
|player|p2|Failosophy|290
|gametype|singles
|gen|6
|tier|OU
|rated
|clearpoke
|poke|p1|Bisharp, F
|poke|p1|Alakazam, M
|poke|p1|Togekiss, F
|poke|p1|Ferrothorn, M
|poke|p1|Latios, M
|poke|p1|Landorus-Therian, M
|poke|p2|Landorus-Therian, M
|poke|p2|Bisharp, F
|poke|p2|Azumarill, F
|poke|p2|Venusaur, M
|poke|p2|Espeon, F
|poke|p2|Crawdaunt, M
|rule|Swagger Clause: Swagger is banned
|rule|Baton Pass Clause: Limit one PokÃ©mon knowing Baton Pass
|rule|Sleep Clause Mod: Limit one foe put to sleep
|rule|Species Clause: Limit one of each PokÃ©mon
|rule|OHKO Clause: OHKO moves are banned
|rule|Moody Clause: Moody is banned
|rule|Evasion Moves Clause: Evasion moves are banned
|rule|Endless Battle Clause: Forcing endless battles is banned
|rule|HP Percentage Mod: HP is shown in percentages
|teampreview
|
|start
|switch|p1a: Togekiss|Togekiss, F|311\/311
|switch|p2a: Landorus-Therian|Landorus-Therian, M|382\/382
|-ability|p2a: Landorus-Therian|Intimidate|[of] p1a: Togekiss
|-unboost|p1a: Togekiss|atk|1
|turn|1
|
|switch|p1a: Landorus-Therian|Landorus-Therian, M|319\/319
|-ability|p1a: Landorus-Therian|Intimidate|[of] p2a: Landorus-Therian
|-unboost|p2a: Landorus-Therian|atk|1
|move|p2a: Landorus-Therian|Stealth Rock|p1a: Landorus-Therian
|-sidestart|p1: jjrn|move: Stealth Rock
|
|turn|2
|
|move|p1a: Landorus-Therian|Knock Off|p2a: Landorus-Therian
|-damage|p2a: Landorus-Therian|284\/382
|-enditem|p2a: Landorus-Therian|Leftovers|[from] move: Knock Off|[of] p1a: Landorus-Therian
|move|p2a: Landorus-Therian|U-turn|p1a: Landorus-Therian
|-resisted|p1a: Landorus-Therian
|-damage|p1a: Landorus-Therian|295\/319
|
|switch|p2a: Crawdaunt|Crawdaunt, M|268\/268
|
|turn|3
|
|switch|p1a: Togekiss|Togekiss, F|311\/311
|-damage|p1a: Togekiss|234\/311|[from] Stealth Rock
|move|p2a: Crawdaunt|Dragon Dance|p2a: Crawdaunt
|-boost|p2a: Crawdaunt|atk|1
|-boost|p2a: Crawdaunt|spe|1
|
|-heal|p1a: Togekiss|253\/311|[from] item: Leftovers
|turn|4
|
|move|p2a: Crawdaunt|Waterfall|p1a: Togekiss
|-damage|p1a: Togekiss|0 fnt
|faint|p1a: Togekiss
|
|
|switch|p1a: Ferrothorn|Ferrothorn, M|289\/289
|-damage|p1a: Ferrothorn|271\/289|[from] Stealth Rock
|turn|5
|
|move|p2a: Crawdaunt|Knock Off|p1a: Ferrothorn
|-damage|p1a: Ferrothorn|29\/289
|-damage|p2a: Crawdaunt|235\/268|[from] ability: Iron Barbs|[of] p1a: Ferrothorn
|-enditem|p1a: Ferrothorn|Leftovers|[from] move: Knock Off|[of] p2a: Crawdaunt
|move|p1a: Ferrothorn|Gyro Ball|p2a: Crawdaunt
|-resisted|p2a: Crawdaunt
|-damage|p2a: Crawdaunt|136\/268
|
|turn|6
|
|move|p2a: Crawdaunt|Dragon Dance|p2a: Crawdaunt
|-boost|p2a: Crawdaunt|atk|1
|-boost|p2a: Crawdaunt|spe|1
|move|p1a: Ferrothorn|Gyro Ball|p2a: Crawdaunt
|-resisted|p2a: Crawdaunt
|-damage|p2a: Crawdaunt|37\/268
|
|turn|7
|
|move|p2a: Crawdaunt|Knock Off|p1a: Ferrothorn
|-damage|p1a: Ferrothorn|0 fnt
|-damage|p2a: Crawdaunt|4\/268|[from] ability: Iron Barbs|[of] p1a: Ferrothorn
|faint|p1a: Ferrothorn
|
|
|switch|p1a: Bisharp|Bisharp, F|271\/271
|-damage|p1a: Bisharp|255\/271|[from] Stealth Rock
|turn|8
|
|move|p2a: Crawdaunt|Aqua Jet|p1a: Bisharp
|-damage|p1a: Bisharp|111\/271
|move|p1a: Bisharp|Sucker Punch|p2a: Crawdaunt
|-fail|p2a: Crawdaunt
|
|turn|9
|c|âFailosophy|and thats the sweep
|-message|jjrn forfeited.
|
|win|Failosophy
|raw|Ladder updating...
|leave|jjrn
|player|p1
|raw|jjrn's rating: 1439 &rarr; <strong>1421<\/strong><br \/>(-18 for losing)
|raw|Failosophy's rating: 1482 &rarr; <strong>1500<\/strong><br \/>(+18 for winning)
|c|âFailosophy|lol