|join|jjrn
|join|YANGIRE) Sr.Ditto
|player|p1|jjrn|170
|player|p2|YANGIRE) Sr.Ditto|147
|gametype|singles
|gen|6
|tier|OU
|rated
|clearpoke
|poke|p1|Mawile, M
|poke|p1|Hydreigon, M
|poke|p1|Garchomp, F
|poke|p1|Ferrothorn, F
|poke|p1|Zapdos
|poke|p1|Latios, M
|poke|p2|Azumarill, M
|poke|p2|Landorus-Therian, M
|poke|p2|Manectric, M
|poke|p2|Latios, M
|poke|p2|Blastoise, F
|poke|p2|Ferrothorn, M
|rule|Swagger Clause: Swagger is banned
|rule|Baton Pass Clause: Limit one PokÃ©mon knowing Baton Pass
|rule|Sleep Clause Mod: Limit one foe put to sleep
|rule|Species Clause: Limit one of each PokÃ©mon
|rule|OHKO Clause: OHKO moves are banned
|rule|Moody Clause: Moody is banned
|rule|Evasion Moves Clause: Evasion moves are banned
|rule|Endless Battle Clause: Forcing endless battles is banned
|rule|HP Percentage Mod: HP is shown in percentages
|teampreview
|
|start
|switch|p1a: Hydreigon|Hydreigon, M|325\/325
|switch|p2a: Manectric|Manectric, M|282\/282
|turn|1
|
|switch|p2a: Azumarill|Azumarill, M|403\/403
|move|p1a: Hydreigon|Earth Power|p2a: Azumarill
|-damage|p2a: Azumarill|310\/403
|
|turn|2
|
|switch|p1a: Ferrothorn|Ferrothorn, F|289\/289
|move|p2a: Azumarill|Play Rough|p1a: Ferrothorn
|-resisted|p1a: Ferrothorn
|-damage|p1a: Ferrothorn|229\/289
|-damage|p2a: Azumarill|260\/403|[from] ability: Iron Barbs|[of] p1a: Ferrothorn
|
|-heal|p1a: Ferrothorn|247\/289|[from] item: Leftovers
|turn|3
|
|switch|p2a: Landorus-Therian|Landorus-Therian, M|319\/319
|-ability|p2a: Landorus-Therian|Intimidate|[of] p1a: Ferrothorn
|-unboost|p1a: Ferrothorn|atk|1
|move|p1a: Ferrothorn|Stealth Rock|p2a: Landorus-Therian
|-sidestart|p2: YANGIRE) Sr.Ditto|move: Stealth Rock
|
|-heal|p1a: Ferrothorn|265\/289|[from] item: Leftovers
|turn|4
|
|move|p2a: Landorus-Therian|Knock Off|p1a: Ferrothorn
|-damage|p1a: Ferrothorn|183\/289
|-damage|p2a: Landorus-Therian|280\/319|[from] ability: Iron Barbs|[of] p1a: Ferrothorn
|-enditem|p1a: Ferrothorn|Leftovers|[from] move: Knock Off|[of] p2a: Landorus-Therian
|move|p1a: Ferrothorn|Leech Seed|p2a: Landorus-Therian
|-start|p2a: Landorus-Therian|move: Leech Seed
|
|-damage|p2a: Landorus-Therian|241\/319|[from] Leech Seed|[of] p1a: Ferrothorn
|-heal|p1a: Ferrothorn|222\/289|[silent]
|turn|5
|
|switch|p2a: Latios|Latios, M|301\/301
|-damage|p2a: Latios|264\/301|[from] Stealth Rock
|move|p1a: Ferrothorn|Gyro Ball|p2a: Latios
|-crit|p2a: Latios
|-damage|p2a: Latios|0 fnt
|faint|p2a: Latios
|
|
|switch|p2a: Azumarill|Azumarill, M|260\/403
|-damage|p2a: Azumarill|210\/403|[from] Stealth Rock
|turn|6
|
|move|p2a: Azumarill|Superpower|p1a: Ferrothorn
|-supereffective|p1a: Ferrothorn
|-damage|p1a: Ferrothorn|2\/289
|-damage|p2a: Azumarill|160\/403|[from] ability: Iron Barbs|[of] p1a: Ferrothorn
|-unboost|p2a: Azumarill|atk|1
|-unboost|p2a: Azumarill|def|1
|move|p1a: Ferrothorn|Gyro Ball|p2a: Azumarill
|-damage|p2a: Azumarill|87\/403
|
|turn|7
|
|move|p2a: Azumarill|Waterfall|p1a: Ferrothorn
|-resisted|p1a: Ferrothorn
|-damage|p1a: Ferrothorn|0 fnt
|-damage|p2a: Azumarill|37\/403|[from] ability: Iron Barbs|[of] p1a: Ferrothorn
|faint|p1a: Ferrothorn
|
|
|switch|p1a: Latios|Latios, M|301\/301
|turn|8
|
|move|p2a: Azumarill|Aqua Jet|p1a: Latios
|-resisted|p1a: Latios
|-damage|p1a: Latios|267\/301
|move|p1a: Latios|Surf|p2a: Azumarill
|-resisted|p2a: Azumarill
|-damage|p2a: Azumarill|0 fnt
|-damage|p1a: Latios|237\/301|[from] item: Life Orb
|faint|p2a: Azumarill
|
|
|switch|p2a: Landorus-Therian|Landorus-Therian, M|241\/319
|-damage|p2a: Landorus-Therian|202\/319|[from] Stealth Rock
|-ability|p2a: Landorus-Therian|Intimidate|[of] p1a: Latios
|-unboost|p1a: Latios|atk|1
|turn|9
|
|move|p2a: Landorus-Therian|U-turn|p1a: Latios
|-supereffective|p1a: Latios
|-damage|p1a: Latios|31\/301
|
|switch|p2a: Blastoise|Blastoise, F|362\/362
|-damage|p2a: Blastoise|317\/362|[from] Stealth Rock
|move|p1a: Latios|Surf|p2a: Blastoise
|-resisted|p2a: Blastoise
|-damage|p2a: Blastoise|260\/362
|-damage|p1a: Latios|1\/301|[from] item: Life Orb
|
|-heal|p2a: Blastoise|282\/362|[from] item: Leftovers
|turn|10
|
|move|p2a: Blastoise|Fake Out|p1a: Latios
|-damage|p1a: Latios|0 fnt
|faint|p1a: Latios
|
|-heal|p2a: Blastoise|304\/362|[from] item: Leftovers
|
|switch|p1a: Zapdos|Zapdos|321\/321
|-ability|p1a: Zapdos|Pressure
|turn|11
|
|switch|p2a: Manectric|Manectric, M|282\/282
|-damage|p2a: Manectric|247\/282|[from] Stealth Rock
|move|p1a: Zapdos|Toxic|p2a: Manectric|[miss]
|-miss|p1a: Zapdos|p2a: Manectric
|
|turn|12
|
|move|p2a: Manectric|Volt Switch|p1a: Zapdos
|-damage|p1a: Zapdos|206\/321
|
|switch|p2a: Blastoise|Blastoise, F|304\/362
|-damage|p2a: Blastoise|259\/362|[from] Stealth Rock
|move|p1a: Zapdos|Toxic|p2a: Blastoise
|-status|p2a: Blastoise|tox
|
|-heal|p1a: Zapdos|226\/321|[from] item: Leftovers
|-heal|p2a: Blastoise|281\/362 tox|[from] item: Leftovers
|-damage|p2a: Blastoise|259\/362 tox|[from] psn
|turn|13
|
|move|p1a: Zapdos|Roost|p1a: Zapdos
|-heal|p1a: Zapdos|321\/321
|move|p2a: Blastoise|Rapid Spin|p1a: Zapdos
|-damage|p1a: Zapdos|307\/321
|-sideend|p2: YANGIRE) Sr.Ditto|Stealth Rock|[from] move: Rapid Spin|[of] p2a: Blastoise
|
|-heal|p1a: Zapdos|321\/321|[from] item: Leftovers
|-heal|p2a: Blastoise|281\/362 tox|[from] item: Leftovers
|-damage|p2a: Blastoise|237\/362 tox|[from] psn
|turn|14
|
|move|p1a: Zapdos|Extrasensory|p2a: Blastoise
|-damage|p2a: Blastoise|161\/362 tox
|move|p2a: Blastoise|Toxic|p1a: Zapdos
|-status|p1a: Zapdos|tox
|
|-heal|p2a: Blastoise|183\/362 tox|[from] item: Leftovers
|-damage|p1a: Zapdos|301\/321 tox|[from] psn
|-damage|p2a: Blastoise|117\/362 tox|[from] psn
|turn|15
|
|move|p1a: Zapdos|Discharge|p2a: Blastoise
|-supereffective|p2a: Blastoise
|-damage|p2a: Blastoise|0 fnt
|faint|p2a: Blastoise
|
|-heal|p1a: Zapdos|321\/321 tox|[from] item: Leftovers
|-damage|p1a: Zapdos|281\/321 tox|[from] psn
|
|switch|p2a: Landorus-Therian|Landorus-Therian, M|202\/319
|-ability|p2a: Landorus-Therian|Intimidate|[of] p1a: Zapdos
|-unboost|p1a: Zapdos|atk|1
|turn|16
|
|switch|p2a: Ferrothorn|Ferrothorn, M|352\/352
|move|p1a: Zapdos|Extrasensory|p2a: Ferrothorn
|-crit|p2a: Ferrothorn
|-resisted|p2a: Ferrothorn
|-damage|p2a: Ferrothorn|284\/352
|
|-heal|p1a: Zapdos|301\/321 tox|[from] item: Leftovers
|-damage|p1a: Zapdos|241\/321 tox|[from] psn
|turn|17
|
|move|p1a: Zapdos|Discharge|p2a: Ferrothorn
|-resisted|p2a: Ferrothorn
|-damage|p2a: Ferrothorn|219\/352
|-status|p2a: Ferrothorn|par
|move|p2a: Ferrothorn|Stealth Rock|p1a: Zapdos
|-sidestart|p1: jjrn|move: Stealth Rock
|
|-heal|p1a: Zapdos|261\/321 tox|[from] item: Leftovers
|-damage|p1a: Zapdos|181\/321 tox|[from] psn
|turn|18
|
|move|p1a: Zapdos|Discharge|p2a: Ferrothorn
|-resisted|p2a: Ferrothorn
|-damage|p2a: Ferrothorn|156\/352 par
|move|p2a: Ferrothorn|Gyro Ball|p1a: Zapdos
|-resisted|p1a: Zapdos
|-damage|p1a: Zapdos|91\/321 tox
|
|-heal|p1a: Zapdos|111\/321 tox|[from] item: Leftovers
|-damage|p1a: Zapdos|11\/321 tox|[from] psn
|turn|19
|
|switch|p2a: Manectric|Manectric, M|247\/282
|move|p1a: Zapdos|Discharge|p2a: Manectric
|-boost|p2a: Manectric|spa|1|[from] ability: Lightningrod
|
|-heal|p1a: Zapdos|31\/321 tox|[from] item: Leftovers
|-damage|p1a: Zapdos|0 fnt|[from] psn
|faint|p1a: Zapdos
|
|switch|p1a: Hydreigon|Hydreigon, M|325\/325
|-damage|p1a: Hydreigon|285\/325|[from] Stealth Rock
|turn|20
|
|switch|p2a: Landorus-Therian|Landorus-Therian, M|202\/319
|-ability|p2a: Landorus-Therian|Intimidate|[of] p1a: Hydreigon
|-unboost|p1a: Hydreigon|atk|1
|move|p1a: Hydreigon|Earth Power|p2a: Landorus-Therian
|-immune|p2a: Landorus-Therian|[msg]
|
|turn|21
|
|switch|p1a: Mawile|Mawile, M|242\/242
|-damage|p1a: Mawile|227\/242|[from] Stealth Rock
|-ability|p1a: Mawile|Intimidate|[of] p2a: Landorus-Therian
|-unboost|p2a: Landorus-Therian|atk|1
|move|p2a: Landorus-Therian|Knock Off|p1a: Mawile
|-resisted|p1a: Mawile
|-damage|p1a: Mawile|200\/242
|
|turn|22
|
|switch|p2a: Ferrothorn|Ferrothorn, M|156\/352 par
|detailschange|p1a: Mawile|Mawile-Mega, M
|message|Mawile has Mega Evolved into Mega Mawile!
|move|p1a: Mawile|Iron Head|p2a: Ferrothorn
|-resisted|p2a: Ferrothorn
|-damage|p2a: Ferrothorn|71\/352 par
|-damage|p1a: Mawile|170\/242|[from] ability: Iron Barbs|[of] p2a: Ferrothorn
|-damage|p1a: Mawile|130\/242|[from] item: Rocky Helmet|[of] p2a: Ferrothorn
|
|turn|23
|
|move|p1a: Mawile|Iron Head|p2a: Ferrothorn
|-resisted|p2a: Ferrothorn
|-damage|p2a: Ferrothorn|0 fnt
|-damage|p1a: Mawile|100\/242|[from] ability: Iron Barbs|[of] p2a: Ferrothorn
|-damage|p1a: Mawile|60\/242|[from] item: Rocky Helmet|[of] p2a: Ferrothorn
|faint|p2a: Ferrothorn
|
|
|switch|p2a: Manectric|Manectric, M|247\/282
|turn|24
|
|detailschange|p2a: Manectric|Manectric-Mega, M
|message|Manectric has Mega Evolved into Mega Manectric!
|-ability|p2a: Manectric|Intimidate|[of] p1a: Mawile
|-unboost|p1a: Mawile|atk|1
|move|p1a: Mawile|Sucker Punch|p2a: Manectric
|-damage|p2a: Manectric|111\/282
|move|p2a: Manectric|Volt Switch|p1a: Mawile
|-damage|p1a: Mawile|0 fnt
|faint|p1a: Mawile
|
|switch|p2a: Landorus-Therian|Landorus-Therian, M|202\/319
|
|
|switch|p1a: Garchomp|Garchomp, F|357\/357
|-damage|p1a: Garchomp|335\/357|[from] Stealth Rock
|turn|25
|
|move|p2a: Landorus-Therian|Knock Off|p1a: Garchomp
|-damage|p1a: Garchomp|210\/357
|-damage|p2a: Landorus-Therian|163\/319|[from] ability: Rough Skin|[of] p1a: Garchomp
|-enditem|p1a: Garchomp|Life Orb|[from] move: Knock Off|[of] p2a: Landorus-Therian
|move|p1a: Garchomp|Dragon Claw|p2a: Landorus-Therian
|-damage|p2a: Landorus-Therian|9\/319
|
|turn|26
|
|move|p2a: Landorus-Therian|Knock Off|p1a: Garchomp
|-damage|p1a: Garchomp|121\/357
|-damage|p2a: Landorus-Therian|0 fnt|[from] ability: Rough Skin|[of] p1a: Garchomp
|faint|p2a: Landorus-Therian
|move|p1a: Garchomp|Dragon Claw|p2: Landorus-Therian|[notarget]
|-notarget
|
|
|switch|p2a: Manectric|Manectric-Mega, M|111\/282
|-ability|p2a: Manectric|Intimidate|[of] p1a: Garchomp
|-unboost|p1a: Garchomp|atk|1
|turn|27
|chat|YANGIRE) Sr.Ditto|gg
|
|move|p2a: Manectric|Hidden Power|p1a: Garchomp
|-supereffective|p1a: Garchomp
|-damage|p1a: Garchomp|0 fnt
|faint|p1a: Garchomp
|
|
|switch|p1a: Hydreigon|Hydreigon, M|285\/325
|-damage|p1a: Hydreigon|245\/325|[from] Stealth Rock
|turn|28
|chat|jjrn|what do you mean gg?
|chat|YANGIRE) Sr.Ditto|good game you win scarf 
|chat|YANGIRE) Sr.Ditto|xD
|
|move|p2a: Manectric|Hidden Power|p1a: Hydreigon
|-supereffective|p1a: Hydreigon
|-damage|p1a: Hydreigon|85\/325
|move|p1a: Hydreigon|Earth Power|p2a: Manectric
|-supereffective|p2a: Manectric
|-damage|p2a: Manectric|0 fnt
|faint|p2a: Manectric
|
|win|jjrn
|raw|Ladder updating...
|raw|jjrn's rating: 1462 &rarr; <strong>1480<\/strong><br \/>(+18 for winning)
|raw|YANGIRE) Sr.Ditto's rating: 1425 &rarr; <strong>1408<\/strong><br \/>(-17 for losing)
|chat|YANGIRE) Sr.Ditto|lol
|chat|YANGIRE) Sr.Ditto|well gg xD
|chat|YANGIRE) Sr.Ditto|specs then 
|leave|jjrn
|player|p1