|join|jjrn
|join|RICEMAN
|player|p1|jjrn|2
|player|p2|RICEMAN|237
|gametype|singles
|gen|6
|tier|OU
|rated
|clearpoke
|poke|p1|Rotom-Wash
|poke|p1|Greninja, M
|poke|p1|Skarmory, F
|poke|p1|Terrakion
|poke|p1|Charizard, M
|poke|p1|Latios, M
|poke|p2|Manectric, M
|poke|p2|Scizor, M, shiny
|poke|p2|Tyranitar, F
|poke|p2|Gothitelle, F, shiny
|poke|p2|Greninja, M, shiny
|poke|p2|Landorus-Therian, M
|rule|Swagger Clause: Swagger is banned
|rule|Baton Pass Clause: Limit one PokÃ©mon knowing Baton Pass
|rule|Sleep Clause Mod: Limit one foe put to sleep
|rule|Species Clause: Limit one of each PokÃ©mon
|rule|OHKO Clause: OHKO moves are banned
|rule|Moody Clause: Moody is banned
|rule|Evasion Moves Clause: Evasion moves are banned
|rule|Endless Battle Clause: Forcing endless battles is banned
|rule|HP Percentage Mod: HP is shown in percentages
|teampreview
|
|start
|switch|p1a: Latios|Latios, M|301\/301
|switch|p2a: A$AP Shocky|Manectric, M|281\/281
|turn|1
|
|switch|p1a: Rotom-Wash|Rotom-Wash|304\/304
|switch|p2a: Nothing Personnel|Tyranitar, F|404\/404
|-weather|Sandstorm
|
|-weather|Sandstorm|[upkeep]
|-damage|p1a: Rotom-Wash|285\/304|[from] sandstorm
|-heal|p1a: Rotom-Wash|304\/304|[from] item: Leftovers
|turn|2
|
|switch|p2a: Le Tricky Waifu|Gothitelle, F, shiny|282\/282
|move|p1a: Rotom-Wash|Will-O-Wisp|p2a: Le Tricky Waifu|[miss]
|-miss|p1a: Rotom-Wash|p2a: Le Tricky Waifu
|
|-weather|Sandstorm|[upkeep]
|-damage|p2a: Le Tricky Waifu|265\/282|[from] sandstorm
|-damage|p1a: Rotom-Wash|285\/304|[from] sandstorm
|-heal|p1a: Rotom-Wash|304\/304|[from] item: Leftovers
|turn|3
|
|switch|p2a: A$AP Shocky|Manectric, M|281\/281
|move|p1a: Rotom-Wash|Volt Switch|p2a: A$AP Shocky
|-boost|p2a: A$AP Shocky|spa|1|[from] ability: Lightningrod
|
|-weather|Sandstorm|[upkeep]
|-damage|p2a: A$AP Shocky|264\/281|[from] sandstorm
|-damage|p1a: Rotom-Wash|285\/304|[from] sandstorm
|-heal|p1a: Rotom-Wash|304\/304|[from] item: Leftovers
|turn|4
|c|âRICEMAN|cheers mate
|
|detailschange|p2a: A$AP Shocky|Manectric-Mega, M
|message|Manectric has Mega Evolved into Mega Manectric!
|-ability|p2a: A$AP Shocky|Intimidate|[of] p1a: Rotom-Wash
|-unboost|p1a: Rotom-Wash|atk|1
|move|p2a: A$AP Shocky|Volt Switch|p1a: Rotom-Wash
|-damage|p1a: Rotom-Wash|105\/304
|
|switch|p2a: Le Tricky Waifu|Gothitelle, F, shiny|265\/282
|move|p1a: Rotom-Wash|Pain Split|p2a: Le Tricky Waifu
|-sethp|p2a: Le Tricky Waifu|185\/282|p1a: Rotom-Wash|185\/304|[from] move: Pain Split
|
|-weather|Sandstorm|[upkeep]
|-damage|p2a: Le Tricky Waifu|168\/282|[from] sandstorm
|-damage|p1a: Rotom-Wash|166\/304|[from] sandstorm
|-heal|p1a: Rotom-Wash|185\/304|[from] item: Leftovers
|turn|5
|
|move|p2a: Le Tricky Waifu|Energy Ball|p1a: Rotom-Wash
|-supereffective|p1a: Rotom-Wash
|-damage|p1a: Rotom-Wash|17\/304
|move|p1a: Rotom-Wash|Will-O-Wisp|p2a: Le Tricky Waifu
|-status|p2a: Le Tricky Waifu|brn
|
|-weather|none
|-heal|p1a: Rotom-Wash|36\/304|[from] item: Leftovers
|-damage|p2a: Le Tricky Waifu|133\/282 brn|[from] brn
|turn|6
|
|move|p2a: Le Tricky Waifu|Energy Ball|p1a: Rotom-Wash
|-crit|p1a: Rotom-Wash
|-supereffective|p1a: Rotom-Wash
|-damage|p1a: Rotom-Wash|0 fnt
|faint|p1a: Rotom-Wash
|
|-damage|p2a: Le Tricky Waifu|98\/282 brn|[from] brn
|
|switch|p1a: Charizard|Charizard, M|297\/297
|turn|7
|
|switch|p2a: MC Hammer|Landorus-Therian, M|320\/320
|-ability|p2a: MC Hammer|Intimidate|[of] p1a: Charizard
|-unboost|p1a: Charizard|atk|1
|detailschange|p1a: Charizard|Charizard-Mega-X, M
|message|Charizard has Mega Evolved into Mega Charizard!
|move|p1a: Charizard|Dragon Dance|p1a: Charizard
|-boost|p1a: Charizard|atk|1
|-boost|p1a: Charizard|spe|1
|
|turn|8
|
|move|p1a: Charizard|Dragon Dance|p1a: Charizard
|-boost|p1a: Charizard|atk|1
|-boost|p1a: Charizard|spe|1
|move|p2a: MC Hammer|Earthquake|p1a: Charizard
|-supereffective|p1a: Charizard
|-damage|p1a: Charizard|0 fnt
|faint|p1a: Charizard
|
|c|âRICEMAN|why?
|c|âjjrn|error
|c|âRICEMAN|okay
|
|switch|p1a: Greninja|Greninja, M|285\/285
|turn|9
|
|switch|p2a: Nothing Personnel|Tyranitar, F|404\/404
|-weather|Sandstorm
|move|p1a: Greninja|Ice Beam|p2a: Nothing Personnel
|-start|p1a: Greninja|typechange|Ice|[from] Protean
|-damage|p2a: Nothing Personnel|346\/404
|-damage|p1a: Greninja|257\/285|[from] item: Life Orb
|
|-weather|Sandstorm|[upkeep]
|-damage|p1a: Greninja|240\/285|[from] sandstorm
|turn|10
|
|switch|p1a: Terrakion|Terrakion|324\/324
|move|p2a: Nothing Personnel|Stone Edge|p1a: Terrakion
|-resisted|p1a: Terrakion
|-damage|p1a: Terrakion|243\/324
|
|-weather|Sandstorm|[upkeep]
|turn|11
|
|switch|p2a: MC Hammer|Landorus-Therian, M|320\/320
|-ability|p2a: MC Hammer|Intimidate|[of] p1a: Terrakion
|-unboost|p1a: Terrakion|atk|1
|move|p1a: Terrakion|Iron Head|p2a: MC Hammer
|-damage|p2a: MC Hammer|219\/320
|
|-weather|Sandstorm|[upkeep]
|turn|12
|
|switch|p1a: Skarmory|Skarmory, F|334\/334
|move|p2a: MC Hammer|Superpower|p1a: Skarmory
|-damage|p1a: Skarmory|252\/334
|-unboost|p2a: MC Hammer|atk|1
|-unboost|p2a: MC Hammer|def|1
|
|-weather|Sandstorm|[upkeep]
|-heal|p1a: Skarmory|272\/334|[from] item: Leftovers
|turn|13
|
|switch|p2a: Le Tricky Waifu|Gothitelle, F, shiny|98\/282 brn
|move|p1a: Skarmory|Stealth Rock|p2a: Le Tricky Waifu
|-sidestart|p2: RICEMAN|move: Stealth Rock
|
|-weather|none
|-heal|p1a: Skarmory|292\/334|[from] item: Leftovers
|-damage|p2a: Le Tricky Waifu|63\/282 brn|[from] brn
|turn|14
|
|move|p2a: Le Tricky Waifu|Trick|p1a: Skarmory
|-activate|p2a: Le Tricky Waifu|move: Trick|[of] p1a: Skarmory
|-item|p1a: Skarmory|Choice Scarf|[from] move: Trick
|-item|p2a: Le Tricky Waifu|Leftovers|[from] move: Trick
|move|p1a: Skarmory|Whirlwind|p2a: Le Tricky Waifu
|drag|p2a: Buggernaut|Scizor, M, shiny|344\/344
|-damage|p2a: Buggernaut|301\/344|[from] Stealth Rock
|
|turn|15
|
|move|p2a: Buggernaut|U-turn|p1a: Skarmory
|-resisted|p1a: Skarmory
|-damage|p1a: Skarmory|261\/334
|
|switch|p2a: Le Tricky Waifu|Gothitelle, F, shiny|63\/282 brn
|-damage|p2a: Le Tricky Waifu|28\/282 brn|[from] Stealth Rock
|move|p1a: Skarmory|Whirlwind|p2a: Le Tricky Waifu
|drag|p2a: A$AP Shocky|Manectric-Mega, M|264\/281
|-damage|p2a: A$AP Shocky|229\/281|[from] Stealth Rock
|-ability|p2a: A$AP Shocky|Intimidate|[of] p1a: Skarmory
|-unboost|p1a: Skarmory|atk|1
|
|turn|16
|
|switch|p1a: Latios|Latios, M|301\/301
|move|p2a: A$AP Shocky|Thunderbolt|p1a: Latios
|-resisted|p1a: Latios
|-damage|p1a: Latios|220\/301
|
|turn|17
|
|move|p2a: A$AP Shocky|Volt Switch|p1a: Latios
|-resisted|p1a: Latios
|-damage|p1a: Latios|151\/301
|
|switch|p2a: Nothing Personnel|Tyranitar, F|346\/404
|-damage|p2a: Nothing Personnel|296\/404|[from] Stealth Rock
|-weather|Sandstorm
|move|p1a: Latios|Energy Ball|p2a: Nothing Personnel
|-supereffective|p2a: Nothing Personnel
|-damage|p2a: Nothing Personnel|210\/404
|-damage|p1a: Latios|121\/301|[from] item: Life Orb
|
|-weather|Sandstorm|[upkeep]
|-damage|p1a: Latios|103\/301|[from] sandstorm
|turn|18
|
|move|p1a: Latios|Recover|p1a: Latios
|-heal|p1a: Latios|254\/301
|move|p2a: Nothing Personnel|Ice Beam|p1a: Latios
|-supereffective|p1a: Latios
|-damage|p1a: Latios|138\/301
|
|-weather|Sandstorm|[upkeep]
|-damage|p1a: Latios|120\/301|[from] sandstorm
|turn|19
|
|move|p1a: Latios|Surf|p2a: Nothing Personnel
|-supereffective|p2a: Nothing Personnel
|-damage|p2a: Nothing Personnel|111\/404
|-damage|p1a: Latios|90\/301|[from] item: Life Orb
|move|p2a: Nothing Personnel|Stone Edge|p1a: Latios
|-damage|p1a: Latios|0 fnt
|faint|p1a: Latios
|
|-weather|Sandstorm|[upkeep]
|
|switch|p1a: Skarmory|Skarmory, F|261\/334
|turn|20
|
|move|p2a: Nothing Personnel|Fire Blast|p1a: Skarmory
|-supereffective|p1a: Skarmory
|-damage|p1a: Skarmory|53\/334
|move|p1a: Skarmory|Whirlwind|p2a: Nothing Personnel
|drag|p2a: A$AP Shocky|Manectric-Mega, M|229\/281
|-damage|p2a: A$AP Shocky|194\/281|[from] Stealth Rock
|-ability|p2a: A$AP Shocky|Intimidate|[of] p1a: Skarmory
|-unboost|p1a: Skarmory|atk|1
|
|-weather|Sandstorm|[upkeep]
|-damage|p2a: A$AP Shocky|177\/281|[from] sandstorm
|turn|21
|
|move|p2a: A$AP Shocky|Thunderbolt|p1a: Skarmory
|-supereffective|p1a: Skarmory
|-damage|p1a: Skarmory|0 fnt
|faint|p1a: Skarmory
|
|-weather|none
|
|switch|p1a: Terrakion|Terrakion|243\/324
|turn|22
|
|switch|p2a: Le Tricky Waifu|Gothitelle, F, shiny|28\/282 brn
|-damage|p2a: Le Tricky Waifu|0 fnt|[from] Stealth Rock
|faint|p2a: Le Tricky Waifu
|switch|p1a: Greninja|Greninja, M|240\/285
|
|
|switch|p2a: MC Hammer|Landorus-Therian, M|219\/320
|-damage|p2a: MC Hammer|179\/320|[from] Stealth Rock
|-ability|p2a: MC Hammer|Intimidate|[of] p1a: Greninja
|-unboost|p1a: Greninja|atk|1
|turn|23
|
|move|p2a: MC Hammer|U-turn|p1a: Greninja
|-supereffective|p1a: Greninja
|-damage|p1a: Greninja|0 fnt
|faint|p1a: Greninja
|
|switch|p2a: Buggernaut|Scizor, M, shiny|301\/344
|-damage|p2a: Buggernaut|258\/344|[from] Stealth Rock
|
|
|switch|p1a: Terrakion|Terrakion|243\/324
|turn|24
|
|move|p2a: Buggernaut|Bullet Punch|p1a: Terrakion
|-crit|p1a: Terrakion
|-supereffective|p1a: Terrakion
|-damage|p1a: Terrakion|0 fnt
|faint|p1a: Terrakion
|
|win|RICEMAN
|raw|Ladder updating...
|raw|jjrn's rating: 1398 &rarr; <strong>1379<\/strong><br \/>(-19 for losing)
|raw|RICEMAN's rating: 1402 &rarr; <strong>1422<\/strong><br \/>(+20 for winning)
|c|âRICEMAN|gg