|join|jjrn
|join|Darma
|player|p1|jjrn|170
|player|p2|Darma|35
|gametype|singles
|gen|6
|tier|OU
|rated
|clearpoke
|poke|p1|Talonflame, M
|poke|p1|Hydreigon, M
|poke|p1|Garchomp, M
|poke|p1|Ferrothorn, F
|poke|p1|Zapdos
|poke|p1|Latios, M
|poke|p2|Mandibuzz, F
|poke|p2|Cinccino, F
|poke|p2|Latios, M
|poke|p2|Darmanitan, M
|poke|p2|Bisharp, M
|poke|p2|Rotom-Wash
|rule|Swagger Clause: Swagger is banned
|rule|Baton Pass Clause: Limit one PokÃ©mon knowing Baton Pass
|rule|Sleep Clause Mod: Limit one foe put to sleep
|rule|Species Clause: Limit one of each PokÃ©mon
|rule|OHKO Clause: OHKO moves are banned
|rule|Moody Clause: Moody is banned
|rule|Evasion Moves Clause: Evasion moves are banned
|rule|Endless Battle Clause: Forcing endless battles is banned
|rule|HP Percentage Mod: HP is shown in percentages
|teampreview
|
|start
|switch|p1a: Garchomp|Garchomp, M|357\/357
|switch|p2a: Click2flareblitz|Darmanitan, M|351\/351
|turn|1
|
|detailschange|p1a: Garchomp|Garchomp-Mega, M
|message|Garchomp has Mega Evolved into Mega Garchomp!
|move|p2a: Click2flareblitz|Will-O-Wisp|p1a: Garchomp
|-status|p1a: Garchomp|brn
|move|p1a: Garchomp|Swords Dance|p1a: Garchomp
|-boost|p1a: Garchomp|atk|2
|
|-damage|p1a: Garchomp|313\/357 brn|[from] brn
|turn|2
|
|switch|p2a: Latte|Latios, M|301\/301
|move|p1a: Garchomp|Swords Dance|p1a: Garchomp
|-boost|p1a: Garchomp|atk|2
|
|-damage|p1a: Garchomp|269\/357 brn|[from] brn
|turn|3
|
|switch|p2a: Apron|Mandibuzz, F|424\/424
|move|p1a: Garchomp|Dragon Claw|p2a: Apron
|-damage|p2a: Apron|247\/424
|
|-heal|p2a: Apron|273\/424|[from] item: Leftovers
|-damage|p1a: Garchomp|225\/357 brn|[from] brn
|turn|4
|
|move|p1a: Garchomp|Stone Edge|p2a: Apron|[miss]
|-miss|p1a: Garchomp|p2a: Apron
|move|p2a: Apron|Foul Play|p1a: Garchomp
|-damage|p1a: Garchomp|0 fnt
|faint|p1a: Garchomp
|
|-heal|p2a: Apron|299\/424|[from] item: Leftovers
|
|switch|p1a: Zapdos|Zapdos|321\/321
|-ability|p1a: Zapdos|Pressure
|turn|5
|
|switch|p2a: Me again|Rotom-Wash|304\/304
|move|p1a: Zapdos|Discharge|p2a: Me again
|-damage|p2a: Me again|196\/304
|
|-heal|p2a: Me again|215\/304|[from] item: Leftovers
|turn|6
|
|move|p1a: Zapdos|Discharge|p2a: Me again
|-damage|p2a: Me again|112\/304
|move|p2a: Me again|Will-O-Wisp|p1a: Zapdos
|-status|p1a: Zapdos|brn
|
|-heal|p2a: Me again|131\/304|[from] item: Leftovers
|-damage|p1a: Zapdos|281\/321 brn|[from] brn
|turn|7
|
|switch|p2a: Latte|Latios, M|301\/301
|move|p1a: Zapdos|Discharge|p2a: Latte
|-resisted|p2a: Latte
|-damage|p2a: Latte|225\/301
|
|-heal|p1a: Zapdos|301\/321 brn|[from] item: Leftovers
|-damage|p1a: Zapdos|261\/321 brn|[from] brn
|turn|8
|
|move|p2a: Latte|Psyshock|p1a: Zapdos
|-damage|p1a: Zapdos|86\/321 brn
|move|p1a: Zapdos|Discharge|p2a: Latte
|-resisted|p2a: Latte
|-damage|p2a: Latte|156\/301
|
|-heal|p1a: Zapdos|106\/321 brn|[from] item: Leftovers
|-damage|p1a: Zapdos|66\/321 brn|[from] brn
|turn|9
|
|move|p2a: Latte|Psyshock|p1a: Zapdos
|-damage|p1a: Zapdos|0 fnt
|faint|p1a: Zapdos
|
|
|switch|p1a: Hydreigon|Hydreigon, M|325\/325
|turn|10
|
|move|p1a: Hydreigon|Dark Pulse|p2a: Latte
|-supereffective|p2a: Latte
|-damage|p2a: Latte|0 fnt
|faint|p2a: Latte
|
|
|switch|p2a: Click2flareblitz|Darmanitan, M|351\/351
|turn|11
|
|switch|p1a: Talonflame|Talonflame, M|360\/360
|move|p2a: Click2flareblitz|Superpower|p1a: Talonflame
|-resisted|p1a: Talonflame
|-damage|p1a: Talonflame|265\/360
|-unboost|p2a: Click2flareblitz|atk|1
|-unboost|p2a: Click2flareblitz|def|1
|
|turn|12
|
|switch|p2a: Apron|Mandibuzz, F|299\/424
|move|p1a: Talonflame|Roost|p1a: Talonflame
|-heal|p1a: Talonflame|360\/360
|
|-heal|p2a: Apron|325\/424|[from] item: Leftovers
|turn|13
|
|move|p1a: Talonflame|Brave Bird|p2a: Apron
|-damage|p2a: Apron|172\/424
|-damage|p1a: Talonflame|310\/360|[from] recoil|[of] p2a: Apron
|-damage|p1a: Talonflame|274\/360|[from] item: Life Orb
|move|p2a: Apron|Knock Off|p1a: Talonflame
|-damage|p1a: Talonflame|157\/360
|-enditem|p1a: Talonflame|Life Orb|[from] move: Knock Off|[of] p2a: Apron
|
|-heal|p2a: Apron|198\/424|[from] item: Leftovers
|turn|14
|
|move|p1a: Talonflame|Roost|p1a: Talonflame
|-heal|p1a: Talonflame|337\/360
|move|p2a: Apron|Roost|p2a: Apron
|-heal|p2a: Apron|410\/424
|
|-heal|p2a: Apron|424\/424|[from] item: Leftovers
|turn|15
|
|move|p1a: Talonflame|Flare Blitz|p2a: Apron
|-damage|p2a: Apron|301\/424
|-damage|p1a: Talonflame|296\/360|[from] recoil|[of] p2a: Apron
|move|p2a: Apron|Foul Play|p1a: Talonflame
|-damage|p1a: Talonflame|112\/360
|
|-heal|p2a: Apron|327\/424|[from] item: Leftovers
|turn|16
|
|move|p1a: Talonflame|U-turn|p2a: Apron
|-damage|p2a: Apron|278\/424
|
|switch|p1a: Ferrothorn|Ferrothorn, F|289\/289
|move|p2a: Apron|Knock Off|p1a: Ferrothorn
|-damage|p1a: Ferrothorn|229\/289
|-damage|p2a: Apron|225\/424|[from] ability: Iron Barbs|[of] p1a: Ferrothorn
|-enditem|p1a: Ferrothorn|Leftovers|[from] move: Knock Off|[of] p2a: Apron
|
|-heal|p2a: Apron|251\/424|[from] item: Leftovers
|turn|17
|
|switch|p2a: Click2flareblitz|Darmanitan, M|351\/351
|move|p1a: Ferrothorn|Thunder Wave|p2a: Click2flareblitz
|-status|p2a: Click2flareblitz|par
|
|turn|18
|
|switch|p1a: Talonflame|Talonflame, M|112\/360
|move|p2a: Click2flareblitz|Flare Blitz|p1a: Talonflame
|-resisted|p1a: Talonflame
|-damage|p1a: Talonflame|0 fnt
|-damage|p2a: Click2flareblitz|314\/351 par|[from] recoil|[of] p1a: Talonflame
|faint|p1a: Talonflame
|
|
|switch|p1a: Latios|Latios, M|301\/301
|turn|19
|
|switch|p2a: Me again|Rotom-Wash|131\/304
|move|p1a: Latios|Surf|p2a: Me again
|-resisted|p2a: Me again
|-damage|p2a: Me again|84\/304
|-damage|p1a: Latios|271\/301|[from] item: Life Orb
|
|-heal|p2a: Me again|103\/304|[from] item: Leftovers
|turn|20
|
|move|p1a: Latios|Energy Ball|p2a: Me again
|-supereffective|p2a: Me again
|-damage|p2a: Me again|0 fnt
|-damage|p1a: Latios|241\/301|[from] item: Life Orb
|faint|p2a: Me again
|
|
|switch|p2a: Marceline|Bisharp, M|272\/272
|turn|21
|
|move|p1a: Latios|Surf|p2a: Marceline
|-damage|p2a: Marceline|90\/272
|-damage|p1a: Latios|211\/301|[from] item: Life Orb
|move|p2a: Marceline|Swords Dance|p2a: Marceline
|-boost|p2a: Marceline|atk|2
|
|turn|22
|
|move|p2a: Marceline|Sucker Punch|p1a: Latios
|-supereffective|p1a: Latios
|-damage|p1a: Latios|0 fnt
|-damage|p2a: Marceline|63\/272|[from] item: Life Orb
|faint|p1a: Latios
|
|
|switch|p1a: Hydreigon|Hydreigon, M|325\/325
|turn|23
|
|move|p2a: Marceline|Sucker Punch|p1a: Hydreigon
|-resisted|p1a: Hydreigon
|-damage|p1a: Hydreigon|133\/325
|-damage|p2a: Marceline|36\/272|[from] item: Life Orb
|move|p1a: Hydreigon|Dragon Pulse|p2a: Marceline
|-resisted|p2a: Marceline
|-damage|p2a: Marceline|0 fnt
|faint|p2a: Marceline
|
|
|switch|p2a: Mou|Cinccino, F|291\/291
|turn|24
|
|move|p1a: Hydreigon|Dragon Pulse|p2a: Mou
|-damage|p2a: Mou|62\/291
|move|p2a: Mou|Rock Blast|p1a: Hydreigon
|-damage|p1a: Hydreigon|107\/325
|-damage|p1a: Hydreigon|81\/325
|-damage|p1a: Hydreigon|54\/325
|-damage|p1a: Hydreigon|27\/325
|-damage|p1a: Hydreigon|1\/325
|-hitcount|p1a: Hydreigon|5
|
|turn|25
|
|move|p1a: Hydreigon|Dragon Pulse|p2a: Mou
|-damage|p2a: Mou|0 fnt
|faint|p2a: Mou
|
|
|switch|p2a: Apron|Mandibuzz, F|251\/424
|turn|26
|
|move|p1a: Hydreigon|Dragon Pulse|p2a: Apron
|-damage|p2a: Apron|88\/424
|move|p2a: Apron|Foul Play|p1a: Hydreigon
|-resisted|p1a: Hydreigon
|-damage|p1a: Hydreigon|0 fnt
|faint|p1a: Hydreigon
|
|-heal|p2a: Apron|114\/424|[from] item: Leftovers
|
|switch|p1a: Ferrothorn|Ferrothorn, F|229\/289
|turn|27
|
|move|p2a: Apron|Roost|p2a: Apron
|-heal|p2a: Apron|326\/424
|move|p1a: Ferrothorn|Gyro Ball|p2a: Apron
|-crit|p2a: Apron
|-damage|p2a: Apron|230\/424
|
|-heal|p2a: Apron|256\/424|[from] item: Leftovers
|turn|28
|
|switch|p2a: Click2flareblitz|Darmanitan, M|314\/351 par
|move|p1a: Ferrothorn|Thunder Wave|p2a: Click2flareblitz
|-fail|p2a: Click2flareblitz|par
|
|turn|29
|
|cant|p2a: Click2flareblitz|par
|move|p1a: Ferrothorn|Leech Seed|p2a: Click2flareblitz
|-start|p2a: Click2flareblitz|move: Leech Seed
|
|-damage|p2a: Click2flareblitz|271\/351 par|[from] Leech Seed|[of] p1a: Ferrothorn
|-heal|p1a: Ferrothorn|272\/289|[silent]
|turn|30
|
|move|p2a: Click2flareblitz|Flare Blitz|p1a: Ferrothorn
|-supereffective|p1a: Ferrothorn
|-damage|p1a: Ferrothorn|0 fnt
|-damage|p2a: Click2flareblitz|228\/351 par|[from] ability: Iron Barbs|[of] p1a: Ferrothorn
|-damage|p2a: Click2flareblitz|138\/351 par|[from] recoil|[of] p1a: Ferrothorn
|faint|p1a: Ferrothorn
|
|win|Darma
|raw|Ladder updating...
|raw|jjrn's rating: 1373 &rarr; <strong>1354<\/strong><br \/>(-19 for losing)
|raw|Darma's rating: 1381 &rarr; <strong>1401<\/strong><br \/>(+20 for winning)
|chat|Darma|gg
|leave|jjrn
|player|p1