|join|jjrn
|join|john mcpicklebob
|player|p1|jjrn|1
|player|p2|john mcpicklebob|143
|gametype|singles
|gen|6
|tier|OU
|rated
|clearpoke
|poke|p1|Azumarill, M
|poke|p1|Kyurem-Black
|poke|p1|Latios, M
|poke|p1|Zapdos
|poke|p1|Medicham, M
|poke|p1|Breloom, F
|poke|p2|Klefki, M
|poke|p2|Tyranitar, M
|poke|p2|Suicune, shiny
|poke|p2|Volcarona, F
|poke|p2|Ferrothorn, M
|poke|p2|Latios, M
|rule|Swagger Clause: Swagger is banned
|rule|Baton Pass Clause: Limit one PokÃ©mon knowing Baton Pass
|rule|Sleep Clause Mod: Limit one foe put to sleep
|rule|Species Clause: Limit one of each PokÃ©mon
|rule|OHKO Clause: OHKO moves are banned
|rule|Moody Clause: Moody is banned
|rule|Evasion Moves Clause: Evasion moves are banned
|rule|Endless Battle Clause: Forcing endless battles is banned
|rule|HP Percentage Mod: HP is shown in percentages
|teampreview
|
|start
|switch|p1a: Breloom|Breloom, F|261\/261
|switch|p2a: Jingles|Klefki, M|317\/317
|turn|1
|
|switch|p2a: Dogbob|Suicune, shiny|404\/404
|-ability|p2a: Dogbob|Pressure
|move|p1a: Breloom|Spore|p2a: Dogbob
|-status|p2a: Dogbob|slp
|
|turn|2
|
|switch|p2a: Jingles|Klefki, M|317\/317
|move|p1a: Breloom|Bullet Seed|p2a: Jingles
|-resisted|p2a: Jingles
|-damage|p2a: Jingles|285\/317
|-resisted|p2a: Jingles
|-damage|p2a: Jingles|255\/317
|-hitcount|p2a: Jingles|2
|
|turn|3
|
|switch|p1a: Zapdos|Zapdos|321\/321
|-ability|p1a: Zapdos|Pressure
|move|p2a: Jingles|Reflect|p2a: Jingles
|-sidestart|p2: john mcpicklebob|Reflect
|
|turn|4
|
|move|p2a: Jingles|Light Screen|p2a: Jingles
|-sidestart|p2: john mcpicklebob|move: Light Screen
|move|p1a: Zapdos|Heat Wave|p2a: Jingles
|-supereffective|p2a: Jingles
|-damage|p2a: Jingles|152\/317
|
|turn|5
|
|switch|p2a: Its Mi Agen..|Latios, M|301\/301
|move|p1a: Zapdos|Heat Wave|p2a: Its Mi Agen..
|-resisted|p2a: Its Mi Agen..
|-damage|p2a: Its Mi Agen..|278\/301
|
|turn|6
|
|move|p2a: Its Mi Agen..|Draco Meteor|p1a: Zapdos
|-damage|p1a: Zapdos|105\/321
|-unboost|p2a: Its Mi Agen..|spa|2
|move|p1a: Zapdos|Roost|p1a: Zapdos
|-heal|p1a: Zapdos|266\/321
|
|-heal|p1a: Zapdos|286\/321|[from] item: Leftovers
|turn|7
|
|switch|p2a: Rawr|Tyranitar, M|342\/342
|-weather|Sandstorm
|move|p1a: Zapdos|Discharge|p2a: Rawr
|-damage|p2a: Rawr|295\/342
|
|-weather|Sandstorm|[upkeep]
|-damage|p1a: Zapdos|266\/321|[from] sandstorm
|-heal|p1a: Zapdos|286\/321|[from] item: Leftovers
|turn|8
|
|switch|p1a: Azumarill|Azumarill, M|341\/341
|detailschange|p2a: Rawr|Tyranitar-Mega, M
|message|Tyranitar has Mega Evolved into Mega Tyranitar!
|move|p2a: Rawr|Dragon Dance|p2a: Rawr
|-boost|p2a: Rawr|atk|1
|-boost|p2a: Rawr|spe|1
|
|-weather|Sandstorm|[upkeep]
|-damage|p1a: Azumarill|320\/341|[from] sandstorm
|turn|9
|
|move|p2a: Rawr|Stone Edge|p1a: Azumarill
|-damage|p1a: Azumarill|14\/341
|move|p1a: Azumarill|Play Rough|p2a: Rawr
|-supereffective|p2a: Rawr
|-damage|p2a: Rawr|150\/342
|
|-weather|Sandstorm|[upkeep]
|-damage|p1a: Azumarill|0 fnt|[from] sandstorm
|faint|p1a: Azumarill
|
|switch|p1a: Breloom|Breloom, F|261\/261
|turn|10
|
|move|p2a: Rawr|Ice Punch|p1a: Breloom
|-supereffective|p1a: Breloom
|-enditem|p1a: Breloom|Focus Sash
|-damage|p1a: Breloom|1\/261
|move|p1a: Breloom|Drain Punch|p2a: Rawr
|-supereffective|p2a: Rawr
|-damage|p2a: Rawr|0 fnt
|-heal|p1a: Breloom|76\/261|[from] drain|[of] p2a: Rawr
|faint|p2a: Rawr
|
|-weather|Sandstorm|[upkeep]
|-damage|p1a: Breloom|60\/261|[from] sandstorm
|-sideend|p2: john mcpicklebob|Reflect
|
|switch|p2a: Its Mi Agen..|Latios, M|278\/301
|turn|11
|
|move|p2a: Its Mi Agen..|Draco Meteor|p1a: Breloom|[miss]
|-miss|p2a: Its Mi Agen..|p1a: Breloom
|move|p1a: Breloom|Spore|p2a: Its Mi Agen..
|-message|Sleep Clause Mod activated.
|-fail|p2a: Its Mi Agen..
|
|-weather|none
|-sideend|p2: john mcpicklebob|move: Light Screen
|turn|12
|
|move|p2a: Its Mi Agen..|Draco Meteor|p1a: Breloom
|-damage|p1a: Breloom|0 fnt
|-unboost|p2a: Its Mi Agen..|spa|2
|faint|p1a: Breloom
|
|
|switch|p1a: Zapdos|Zapdos|286\/321
|-ability|p1a: Zapdos|Pressure
|turn|13
|
|switch|p2a: Free Hugs|Ferrothorn, M|352\/352
|move|p1a: Zapdos|Discharge|p2a: Free Hugs
|-resisted|p2a: Free Hugs
|-damage|p2a: Free Hugs|300\/352
|
|-heal|p1a: Zapdos|306\/321|[from] item: Leftovers
|-heal|p2a: Free Hugs|322\/352|[from] item: Leftovers
|turn|14
|
|switch|p2a: Dogbob|Suicune, shiny|404\/404 slp
|-ability|p2a: Dogbob|Pressure
|move|p1a: Zapdos|Heat Wave|p2a: Dogbob
|-resisted|p2a: Dogbob
|-damage|p2a: Dogbob|352\/404 slp
|
|-heal|p1a: Zapdos|321\/321|[from] item: Leftovers
|-heal|p2a: Dogbob|377\/404 slp|[from] item: Leftovers
|turn|15
|
|switch|p2a: Jingles|Klefki, M|152\/317
|move|p1a: Zapdos|Discharge|p2a: Jingles
|-damage|p2a: Jingles|28\/317
|
|turn|16
|
|move|p2a: Jingles|Light Screen|p2a: Jingles
|-sidestart|p2: john mcpicklebob|move: Light Screen
|move|p1a: Zapdos|Discharge|p2a: Jingles
|-damage|p2a: Jingles|0 fnt
|faint|p2a: Jingles
|
|
|switch|p2a: Moths fear no pain|Volcarona, F|374\/374
|turn|17
|
|move|p1a: Zapdos|Discharge|p2a: Moths fear no pain
|-damage|p2a: Moths fear no pain|311\/374
|move|p2a: Moths fear no pain|Quiver Dance|p2a: Moths fear no pain
|-boost|p2a: Moths fear no pain|spa|1
|-boost|p2a: Moths fear no pain|spd|1
|-boost|p2a: Moths fear no pain|spe|1
|
|-heal|p2a: Moths fear no pain|334\/374|[from] item: Leftovers
|turn|18
|
|move|p2a: Moths fear no pain|Quiver Dance|p2a: Moths fear no pain
|-boost|p2a: Moths fear no pain|spa|1
|-boost|p2a: Moths fear no pain|spd|1
|-boost|p2a: Moths fear no pain|spe|1
|move|p1a: Zapdos|Discharge|p2a: Moths fear no pain
|-damage|p2a: Moths fear no pain|303\/374
|
|-heal|p2a: Moths fear no pain|326\/374|[from] item: Leftovers
|turn|19
|
|move|p2a: Moths fear no pain|Fiery Dance|p1a: Zapdos
|-crit|p1a: Zapdos
|-damage|p1a: Zapdos|0 fnt
|-boost|p2a: Moths fear no pain|spa|1
|faint|p1a: Zapdos
|
|-heal|p2a: Moths fear no pain|349\/374|[from] item: Leftovers
|-message|jjrn forfeited.
|
|win|john mcpicklebob
|raw|Ladder updating...
|leave|jjrn
|player|p1
|raw|jjrn's rating: 1469 &rarr; <strong>1445<\/strong><br \/>(-24 for losing)
|raw|john mcpicklebob's rating: 1392 &rarr; <strong>1416<\/strong><br \/>(+24 for winning)