|join|jjrn
|join|Adri989898
|player|p1|jjrn|169
|player|p2|Adri989898|99
|gametype|singles
|gen|6
|tier|OU
|rated
|clearpoke
|poke|p1|Magnezone
|poke|p1|Breloom, M
|poke|p1|Azumarill, F
|poke|p1|Greninja, M
|poke|p1|Metagross
|poke|p1|Landorus-Therian, M
|poke|p2|Gallade, M
|poke|p2|Zapdos
|poke|p2|Rotom-Wash
|poke|p2|Amoonguss, F
|poke|p2|Landorus-Therian, M
|poke|p2|Manaphy
|rule|Swagger Clause: Swagger is banned
|rule|Baton Pass Clause: Limit one PokÃ©mon knowing Baton Pass
|rule|Sleep Clause Mod: Limit one foe put to sleep
|rule|Species Clause: Limit one of each PokÃ©mon
|rule|OHKO Clause: OHKO moves are banned
|rule|Moody Clause: Moody is banned
|rule|Evasion Moves Clause: Evasion moves are banned
|rule|Endless Battle Clause: Forcing endless battles is banned
|rule|HP Percentage Mod: HP is shown in percentages
|teampreview
|
|start
|switch|p1a: Metagross|Metagross|301\/301
|switch|p2a: Rotom-Wash|Rotom-Wash|304\/304
|turn|1
|
|switch|p1a: Magnezone|Magnezone|281\/281
|move|p2a: Rotom-Wash|Will-O-Wisp|p1a: Magnezone|[miss]
|-miss|p2a: Rotom-Wash|p1a: Magnezone
|
|turn|2
|
|switch|p2a: Amoonguss|Amoonguss, F|432\/432
|move|p1a: Magnezone|Flash Cannon|p2a: Amoonguss
|-damage|p2a: Amoonguss|291\/432
|
|-heal|p2a: Amoonguss|318\/432|[from] item: Black Sludge
|turn|3
|
|move|p1a: Magnezone|Flash Cannon|p2a: Amoonguss
|-damage|p2a: Amoonguss|188\/432
|move|p2a: Amoonguss|Spore|p1a: Magnezone
|-status|p1a: Magnezone|slp
|
|-heal|p2a: Amoonguss|215\/432|[from] item: Black Sludge
|turn|4
|
|switch|p1a: Metagross|Metagross|301\/301
|switch|p2a: Landorus-Therian|Landorus-Therian, M|319\/319
|-ability|p2a: Landorus-Therian|Intimidate|[of] p1a: Metagross
|-fail|p1a: Metagross|unboost|[from] ability: Clear Body|[of] p1a: Metagross
|
|turn|5
|
|detailschange|p1a: Metagross|Metagross-Mega
|-mega|p1a: Metagross|Metagross|Metagrossite
|move|p2a: Landorus-Therian|U-turn|p1a: Metagross
|-damage|p1a: Metagross|233\/301
|
|switch|p2a: Rotom-Wash|Rotom-Wash|304\/304
|move|p1a: Metagross|Meteor Mash|p2a: Rotom-Wash
|-resisted|p2a: Rotom-Wash
|-damage|p2a: Rotom-Wash|253\/304
|
|-heal|p2a: Rotom-Wash|272\/304|[from] item: Leftovers
|turn|6
|
|move|p1a: Metagross|Zen Headbutt|p2a: Rotom-Wash
|-damage|p2a: Rotom-Wash|77\/304
|move|p2a: Rotom-Wash|Volt Switch|p1a: Metagross
|-damage|p1a: Metagross|160\/301
|
|switch|p2a: Landorus-Therian|Landorus-Therian, M|319\/319
|-ability|p2a: Landorus-Therian|Intimidate|[of] p1a: Metagross
|-unboost|p1a: Metagross|atk|1
|
|turn|7
|
|switch|p1a: Landorus-Therian|Landorus-Therian, M|319\/319
|-ability|p1a: Landorus-Therian|Intimidate|[of] p2a: Landorus-Therian
|-unboost|p2a: Landorus-Therian|atk|1
|move|p2a: Landorus-Therian|Knock Off|p1a: Landorus-Therian
|-damage|p1a: Landorus-Therian|240\/319
|-enditem|p1a: Landorus-Therian|Choice Scarf|[from] move: Knock Off|[of] p2a: Landorus-Therian
|
|turn|8
|
|switch|p2a: Zapdos|Zapdos|383\/383
|-ability|p2a: Zapdos|Pressure
|move|p1a: Landorus-Therian|Knock Off|p2a: Zapdos
|-damage|p2a: Zapdos|271\/383
|-enditem|p2a: Zapdos|Leftovers|[from] move: Knock Off|[of] p1a: Landorus-Therian
|
|turn|9
|
|switch|p2a: Rotom-Wash|Rotom-Wash|77\/304
|move|p1a: Landorus-Therian|Rock Slide|p2a: Rotom-Wash
|-damage|p2a: Rotom-Wash|0 fnt
|faint|p2a: Rotom-Wash
|
|
|switch|p2a: Manaphy|Manaphy|341\/341
|turn|10
|
|move|p2a: Manaphy|Surf|p1a: Landorus-Therian
|-supereffective|p1a: Landorus-Therian
|-damage|p1a: Landorus-Therian|0 fnt
|faint|p1a: Landorus-Therian
|
|
|switch|p1a: Breloom|Breloom, M|261\/261
|turn|11
|
|switch|p2a: Amoonguss|Amoonguss, F|359\/432
|move|p1a: Breloom|Bullet Seed|p2a: Amoonguss
|-resisted|p2a: Amoonguss
|-damage|p2a: Amoonguss|334\/432
|-resisted|p2a: Amoonguss
|-damage|p2a: Amoonguss|308\/432
|-resisted|p2a: Amoonguss
|-damage|p2a: Amoonguss|285\/432
|-resisted|p2a: Amoonguss
|-damage|p2a: Amoonguss|262\/432
|-resisted|p2a: Amoonguss
|-damage|p2a: Amoonguss|236\/432
|-hitcount|p2a: Amoonguss|5
|
|-heal|p2a: Amoonguss|263\/432|[from] item: Black Sludge
|turn|12
|
|switch|p1a: Metagross|Metagross-Mega|160\/301
|switch|p2a: Landorus-Therian|Landorus-Therian, M|319\/319
|-ability|p2a: Landorus-Therian|Intimidate|[of] p1a: Metagross
|-unboost|p1a: Metagross|atk|1
|
|turn|13
|
|move|p2a: Landorus-Therian|Earthquake|p1a: Metagross
|-supereffective|p1a: Metagross
|-damage|p1a: Metagross|0 fnt
|faint|p1a: Metagross
|
|
|switch|p1a: Azumarill|Azumarill, F|341\/341
|turn|14
|
|switch|p2a: Amoonguss|Amoonguss, F|407\/432
|move|p1a: Azumarill|Waterfall|p2a: Amoonguss
|-resisted|p2a: Amoonguss
|-damage|p2a: Amoonguss|298\/432
|
|-heal|p2a: Amoonguss|325\/432|[from] item: Black Sludge
|turn|15
|
|switch|p1a: Greninja|Greninja, M|285\/285
|move|p2a: Amoonguss|Giga Drain|p1a: Greninja
|-supereffective|p1a: Greninja
|-damage|p1a: Greninja|109\/285
|-heal|p2a: Amoonguss|413\/432|[from] drain|[of] p1a: Greninja
|
|-heal|p2a: Amoonguss|432\/432|[from] item: Black Sludge
|turn|16
|
|move|p1a: Greninja|Ice Beam|p2a: Amoonguss
|-start|p1a: Greninja|typechange|Ice|[from] Protean
|-supereffective|p2a: Amoonguss
|-damage|p2a: Amoonguss|120\/432
|-damage|p1a: Greninja|81\/285|[from] item: Life Orb
|move|p2a: Amoonguss|Giga Drain|p1a: Greninja
|-damage|p1a: Greninja|0 fnt
|-heal|p2a: Amoonguss|161\/432|[from] drain|[of] p1a: Greninja
|faint|p1a: Greninja
|
|-heal|p2a: Amoonguss|188\/432|[from] item: Black Sludge
|-message|jjrn forfeited.
|leave|jjrn
|
|win|Adri989898
|raw|Ladder updating...
|player|p1
|raw|jjrn's rating: 1525 &rarr; <strong>1507<\/strong><br \/>(-18 for losing)
|raw|Adri989898's rating: 1576 &rarr; <strong>1593<\/strong><br \/>(+17 for winning)