|join|Reverb
|join|jjrn
|player|p1|Reverb|#reverb
|player|p2|jjrn|170
|gametype|singles
|gen|6
|tier|OU
|rated
|clearpoke
|poke|p1|Metagross
|poke|p1|Heatran, M
|poke|p1|Landorus-Therian, M
|poke|p1|Rotom-Wash
|poke|p1|Keldeo-Resolute
|poke|p1|Gengar, M
|poke|p2|Magnezone
|poke|p2|Breloom, F
|poke|p2|Azumarill, F
|poke|p2|Latios, M
|poke|p2|Metagross
|poke|p2|Landorus-Therian, M
|rule|Swagger Clause: Swagger is banned
|rule|Baton Pass Clause: Limit one PokÃ©mon knowing Baton Pass
|rule|Sleep Clause Mod: Limit one foe put to sleep
|rule|Species Clause: Limit one of each PokÃ©mon
|rule|OHKO Clause: OHKO moves are banned
|rule|Moody Clause: Moody is banned
|rule|Evasion Moves Clause: Evasion moves are banned
|rule|Endless Battle Clause: Forcing endless battles is banned
|rule|HP Percentage Mod: HP is shown in percentages
|teampreview
|join|akada
|
|start
|switch|p1a: Gengar|Gengar, M|261\/261
|switch|p2a: Latios|Latios, M|301\/301
|turn|1
|
|switch|p1a: Heatran|Heatran, M|385\/385
|move|p2a: Latios|Draco Meteor|p1a: Heatran
|-resisted|p1a: Heatran
|-damage|p1a: Heatran|292\/385
|-unboost|p2a: Latios|spa|2
|
|-heal|p1a: Heatran|316\/385|[from] item: Leftovers
|turn|2
|join|Prankster
|
|switch|p2a: Breloom|Breloom, F|261\/261
|move|p1a: Heatran|Stealth Rock|p2a: Breloom
|-sidestart|p2: jjrn|move: Stealth Rock
|
|-heal|p1a: Heatran|340\/385|[from] item: Leftovers
|turn|3
|
|move|p2a: Breloom|Spore|p1a: Heatran
|-status|p1a: Heatran|slp
|cant|p1a: Heatran|slp
|
|-heal|p1a: Heatran|364\/385 slp|[from] item: Leftovers
|turn|4
|
|switch|p1a: Metagross|Metagross|301\/301
|move|p2a: Breloom|Rock Tomb|p1a: Metagross
|-resisted|p1a: Metagross
|-damage|p1a: Metagross|256\/301
|
|turn|5
|join|CleanerThanRotom-W
|
|detailschange|p1a: Metagross|Metagross-Mega
|-mega|p1a: Metagross|Metagross|Metagrossite
|move|p1a: Metagross|Zen Headbutt|p2a: Breloom
|-supereffective|p2a: Breloom
|-enditem|p2a: Breloom|Focus Sash
|-damage|p2a: Breloom|1\/261
|move|p2a: Breloom|Drain Punch|p1a: Metagross
|-damage|p1a: Metagross|159\/301
|-heal|p2a: Breloom|50\/261|[from] drain|[of] p1a: Metagross
|
|turn|6
|
|move|p1a: Metagross|Hammer Arm|p2a: Breloom
|-damage|p2a: Breloom|0 fnt
|-unboost|p1a: Metagross|spe|1
|faint|p2a: Breloom
|
|
|switch|p2a: Magnezone|Magnezone|281\/281
|-damage|p2a: Magnezone|264\/281|[from] Stealth Rock
|turn|7
|
|move|p2a: Magnezone|Thunderbolt|p1a: Metagross
|-damage|p1a: Metagross|0 fnt
|faint|p1a: Metagross
|
|
|switch|p1a: Landorus-Therian|Landorus-Therian, M|327\/327
|-ability|p1a: Landorus-Therian|Intimidate|[of] p2a: Magnezone
|-unboost|p2a: Magnezone|atk|1
|turn|8
|
|switch|p2a: Azumarill|Azumarill, F|341\/341
|-damage|p2a: Azumarill|299\/341|[from] Stealth Rock
|move|p1a: Landorus-Therian|U-turn|p2a: Azumarill
|-resisted|p2a: Azumarill
|-damage|p2a: Azumarill|248\/341
|
|switch|p1a: Gengar|Gengar, M|261\/261
|
|turn|9
|
|move|p2a: Azumarill|Aqua Jet|p1a: Gengar
|-damage|p1a: Gengar|122\/261
|move|p1a: Gengar|Sludge Wave|p2a: Azumarill
|-crit|p2a: Azumarill
|-supereffective|p2a: Azumarill
|-damage|p2a: Azumarill|0 fnt
|-damage|p1a: Gengar|96\/261|[from] item: Life Orb
|faint|p2a: Azumarill
|
|leave|CleanerThanRotom-W
|
|switch|p2a: Latios|Latios, M|301\/301
|-damage|p2a: Latios|264\/301|[from] Stealth Rock
|turn|10
|
|switch|p1a: Heatran|Heatran, M|364\/385 slp
|move|p2a: Latios|Psychic|p1a: Heatran
|-resisted|p1a: Heatran
|-damage|p1a: Heatran|293\/385 slp
|
|-heal|p1a: Heatran|317\/385 slp|[from] item: Leftovers
|turn|11
|
|switch|p2a: Magnezone|Magnezone|264\/281
|-damage|p2a: Magnezone|247\/281|[from] Stealth Rock
|switch|p1a: Rotom-Wash|Rotom-Wash|303\/303
|
|turn|12
|
|switch|p2a: Latios|Latios, M|264\/301
|-damage|p2a: Latios|227\/301|[from] Stealth Rock
|move|p1a: Rotom-Wash|Will-O-Wisp|p2a: Latios
|-status|p2a: Latios|brn
|
|-damage|p2a: Latios|190\/301 brn|[from] brn
|turn|13
|
|move|p2a: Latios|Draco Meteor|p1a: Rotom-Wash
|-damage|p1a: Rotom-Wash|59\/303
|-unboost|p2a: Latios|spa|2
|move|p1a: Rotom-Wash|Volt Switch|p2a: Latios
|-resisted|p2a: Latios
|-damage|p2a: Latios|150\/301 brn
|
|switch|p1a: Landorus-Therian|Landorus-Therian, M|327\/327
|-ability|p1a: Landorus-Therian|Intimidate|[of] p2a: Latios
|-unboost|p2a: Latios|atk|1
|
|-damage|p2a: Latios|113\/301 brn|[from] brn
|turn|14
|
|switch|p2a: Landorus-Therian|Landorus-Therian, M|319\/319
|-damage|p2a: Landorus-Therian|280\/319|[from] Stealth Rock
|-ability|p2a: Landorus-Therian|Intimidate|[of] p1a: Landorus-Therian
|-unboost|p1a: Landorus-Therian|atk|1
|move|p1a: Landorus-Therian|U-turn|p2a: Landorus-Therian
|-crit|p2a: Landorus-Therian
|-resisted|p2a: Landorus-Therian
|-damage|p2a: Landorus-Therian|217\/319
|
|switch|p1a: Keldeo-Resolute|Keldeo-Resolute|323\/323
|
|turn|15
|
|move|p2a: Landorus-Therian|U-turn|p1a: Keldeo-Resolute
|-resisted|p1a: Keldeo-Resolute
|-damage|p1a: Keldeo-Resolute|273\/323
|
|switch|p2a: Latios|Latios, M|113\/301 brn
|-damage|p2a: Latios|76\/301 brn|[from] Stealth Rock
|move|p1a: Keldeo-Resolute|Scald|p2a: Latios
|-resisted|p2a: Latios
|-damage|p2a: Latios|0 fnt
|faint|p2a: Latios
|
|
|switch|p2a: Metagross|Metagross|301\/301
|-damage|p2a: Metagross|283\/301|[from] Stealth Rock
|turn|16
|
|detailschange|p2a: Metagross|Metagross-Mega
|-mega|p2a: Metagross|Metagross|Metagrossite
|move|p1a: Keldeo-Resolute|Scald|p2a: Metagross
|-damage|p2a: Metagross|100\/301
|move|p2a: Metagross|Zen Headbutt|p1a: Keldeo-Resolute
|-supereffective|p1a: Keldeo-Resolute
|-damage|p1a: Keldeo-Resolute|0 fnt
|faint|p1a: Keldeo-Resolute
|
|
|switch|p1a: Landorus-Therian|Landorus-Therian, M|327\/327
|-ability|p1a: Landorus-Therian|Intimidate|[of] p2a: Metagross
|-unboost|p2a: Metagross|atk|1
|turn|17
|
|move|p1a: Landorus-Therian|Earthquake|p2a: Metagross
|-supereffective|p2a: Metagross
|-damage|p2a: Metagross|0 fnt
|faint|p2a: Metagross
|
|
|switch|p2a: Landorus-Therian|Landorus-Therian, M|217\/319
|-damage|p2a: Landorus-Therian|178\/319|[from] Stealth Rock
|-ability|p2a: Landorus-Therian|Intimidate|[of] p1a: Landorus-Therian
|-unboost|p1a: Landorus-Therian|atk|1
|turn|18
|
|switch|p1a: Rotom-Wash|Rotom-Wash|59\/303
|move|p2a: Landorus-Therian|Knock Off|p1a: Rotom-Wash
|-crit|p1a: Rotom-Wash
|-damage|p1a: Rotom-Wash|0 fnt
|-enditem|p1a: Rotom-Wash|Leftovers|[from] move: Knock Off|[of] p2a: Landorus-Therian
|faint|p1a: Rotom-Wash
|
|
|switch|p1a: Heatran|Heatran, M|317\/385 slp
|turn|19
|
|move|p2a: Landorus-Therian|Knock Off|p1a: Heatran
|-damage|p1a: Heatran|175\/385 slp
|-enditem|p1a: Heatran|Leftovers|[from] move: Knock Off|[of] p2a: Landorus-Therian
|cant|p1a: Heatran|slp
|
|turn|20
|
|move|p2a: Landorus-Therian|Knock Off|p1a: Heatran
|-damage|p1a: Heatran|85\/385 slp
|cant|p1a: Heatran|slp
|
|turn|21
|
|switch|p1a: Landorus-Therian|Landorus-Therian, M|327\/327
|-ability|p1a: Landorus-Therian|Intimidate|[of] p2a: Landorus-Therian
|-unboost|p2a: Landorus-Therian|atk|1
|move|p2a: Landorus-Therian|Knock Off|p1a: Landorus-Therian
|-damage|p1a: Landorus-Therian|224\/327
|-enditem|p1a: Landorus-Therian|Choice Scarf|[from] move: Knock Off|[of] p2a: Landorus-Therian
|
|turn|22
|
|move|p2a: Landorus-Therian|Knock Off|p1a: Landorus-Therian
|-crit|p1a: Landorus-Therian
|-damage|p1a: Landorus-Therian|76\/327
|move|p1a: Landorus-Therian|Stone Edge|p2a: Landorus-Therian|[miss]
|-miss|p1a: Landorus-Therian|p2a: Landorus-Therian
|
|turn|23
|
|move|p2a: Landorus-Therian|Knock Off|p1a: Landorus-Therian
|-damage|p1a: Landorus-Therian|4\/327
|move|p1a: Landorus-Therian|Stone Edge|p2a: Landorus-Therian
|-damage|p2a: Landorus-Therian|46\/319
|
|turn|24
|c|âReverb|fml
|
|switch|p1a: Gengar|Gengar, M|96\/261
|move|p2a: Landorus-Therian|Knock Off|p1a: Gengar
|-supereffective|p1a: Gengar
|-damage|p1a: Gengar|0 fnt
|-enditem|p1a: Gengar|Life Orb|[from] move: Knock Off|[of] p2a: Landorus-Therian
|faint|p1a: Gengar
|
|
|switch|p1a: Heatran|Heatran, M|85\/385 slp
|turn|25
|
|move|p2a: Landorus-Therian|Knock Off|p1a: Heatran
|-damage|p1a: Heatran|30\/385 slp
|-curestatus|p1a: Heatran|slp
|move|p1a: Heatran|Lava Plume|p2a: Landorus-Therian
|-damage|p2a: Landorus-Therian|0 fnt
|faint|p2a: Landorus-Therian
|
|
|switch|p2a: Magnezone|Magnezone|247\/281
|-damage|p2a: Magnezone|230\/281|[from] Stealth Rock
|turn|26
|
|move|p2a: Magnezone|Flash Cannon|p1a: Heatran
|-resisted|p1a: Heatran
|-damage|p1a: Heatran|3\/385
|move|p1a: Heatran|Lava Plume|p2a: Magnezone
|-supereffective|p2a: Magnezone
|-damage|p2a: Magnezone|0 fnt
|faint|p2a: Magnezone
|
|win|Reverb
|raw|Ladder updating...
|raw|Reverb's rating: 1629 &rarr; <strong>1653<\/strong><br \/>(+24 for winning)
|raw|jjrn's rating: 1684 &rarr; <strong>1661<\/strong><br \/>(-23 for losing)
|c|âReverb|gg
|leave|jjrn