|join|aZo Zenith
|join|SwaggBoi
|player|p1|aZo Zenith|143
|player|p2|SwaggBoi|248
|gametype|singles
|gen|6
|tier|OU
|rated
|clearpoke
|poke|p1|Talonflame, F
|poke|p1|Tyranitar, F
|poke|p1|Excadrill, F
|poke|p1|Greninja, M
|poke|p1|Pinsir, M
|poke|p1|Dragonite, F
|poke|p2|Landorus-Therian, M
|poke|p2|Charizard, M
|poke|p2|Tyranitar, M
|poke|p2|Excadrill, M
|poke|p2|Latios, M
|poke|p2|Infernape, F
|rule|Swagger Clause: Swagger is banned
|rule|Baton Pass Clause: Limit one PokÃ©mon knowing Baton Pass
|rule|Sleep Clause Mod: Limit one foe put to sleep
|rule|Species Clause: Limit one of each PokÃ©mon
|rule|OHKO Clause: OHKO moves are banned
|rule|Moody Clause: Moody is banned
|rule|Evasion Moves Clause: Evasion moves are banned
|rule|Endless Battle Clause: Forcing endless battles is banned
|rule|HP Percentage Mod: HP is shown in percentages
|teampreview
|
|start
|switch|p1a: Senoritar|Tyranitar, F|341\/341
|switch|p2a: Infernape|Infernape, F|293\/293
|-weather|Sandstorm
|turn|1
|
|move|p2a: Infernape|Mach Punch|p1a: Senoritar
|-supereffective|p1a: Senoritar
|-damage|p1a: Senoritar|121\/341
|move|p1a: Senoritar|Stealth Rock|p2a: Infernape
|-sidestart|p2: SwaggBoi|move: Stealth Rock
|
|-weather|Sandstorm|[upkeep]
|-damage|p2a: Infernape|275\/293|[from] sandstorm
|turn|2
|
|move|p2a: Infernape|Stealth Rock|p1a: Senoritar
|-sidestart|p1: aZo Zenith|move: Stealth Rock
|move|p1a: Senoritar|Crunch|p2a: Infernape
|-resisted|p2a: Infernape
|-damage|p2a: Infernape|194\/293
|
|-weather|Sandstorm|[upkeep]
|-damage|p2a: Infernape|176\/293|[from] sandstorm
|turn|3
|
|move|p2a: Infernape|Close Combat|p1a: Senoritar
|-supereffective|p1a: Senoritar
|-damage|p1a: Senoritar|0 fnt
|-unboost|p2a: Infernape|def|1
|-unboost|p2a: Infernape|spd|1
|faint|p1a: Senoritar
|
|-weather|Sandstorm|[upkeep]
|-damage|p2a: Infernape|158\/293|[from] sandstorm
|
|switch|p1a: Spin Me Maybe|Excadrill, F|369\/369
|-damage|p1a: Spin Me Maybe|358\/369|[from] Stealth Rock
|turn|4
|
|move|p2a: Infernape|Mach Punch|p1a: Spin Me Maybe
|-supereffective|p1a: Spin Me Maybe
|-damage|p1a: Spin Me Maybe|172\/369
|move|p1a: Spin Me Maybe|Rapid Spin|p2a: Infernape
|-damage|p2a: Infernape|88\/293
|-sideend|p1: aZo Zenith|Stealth Rock|[from] move: Rapid Spin|[of] p1a: Spin Me Maybe
|-damage|p1a: Spin Me Maybe|136\/369|[from] item: Life Orb
|
|-weather|Sandstorm|[upkeep]
|-damage|p2a: Infernape|70\/293|[from] sandstorm
|turn|5
|
|move|p1a: Spin Me Maybe|Earthquake|p2a: Infernape
|-supereffective|p2a: Infernape
|-damage|p2a: Infernape|0 fnt
|-damage|p1a: Spin Me Maybe|100\/369|[from] item: Life Orb
|faint|p2a: Infernape
|
|-weather|none
|
|switch|p2a: Landorus-Therian|Landorus-Therian, M|320\/320
|-damage|p2a: Landorus-Therian|280\/320|[from] Stealth Rock
|-ability|p2a: Landorus-Therian|Intimidate|[of] p1a: Spin Me Maybe
|-unboost|p1a: Spin Me Maybe|atk|1
|turn|6
|
|move|p2a: Landorus-Therian|U-turn|p1a: Spin Me Maybe
|-resisted|p1a: Spin Me Maybe
|-damage|p1a: Spin Me Maybe|28\/369
|
|switch|p2a: Excadrill|Excadrill, M|362\/362
|-damage|p2a: Excadrill|351\/362|[from] Stealth Rock
|move|p1a: Spin Me Maybe|Iron Head|p2a: Excadrill
|-resisted|p2a: Excadrill
|-damage|p2a: Excadrill|250\/362
|-damage|p1a: Spin Me Maybe|0 fnt|[from] item: Life Orb
|faint|p1a: Spin Me Maybe
|
|
|switch|p1a: Froggen|Greninja, M|285\/285
|turn|7
|
|switch|p2a: Tyranitar|Tyranitar, M|404\/404
|-damage|p2a: Tyranitar|354\/404|[from] Stealth Rock
|-weather|Sandstorm
|move|p1a: Froggen|Ice Beam|p2a: Tyranitar
|-start|p1a: Froggen|typechange|Ice|[from] Protean
|-damage|p2a: Tyranitar|244\/404
|-damage|p1a: Froggen|257\/285|[from] item: Life Orb
|
|-weather|Sandstorm|[upkeep]
|-damage|p1a: Froggen|240\/285|[from] sandstorm
|turn|8
|
|move|p1a: Froggen|Hydro Pump|p2a: Tyranitar
|-start|p1a: Froggen|typechange|Water|[from] Protean
|-supereffective|p2a: Tyranitar
|-damage|p2a: Tyranitar|0 fnt
|-damage|p1a: Froggen|212\/285|[from] item: Life Orb
|faint|p2a: Tyranitar
|
|-weather|Sandstorm|[upkeep]
|-damage|p1a: Froggen|195\/285|[from] sandstorm
|
|switch|p2a: Excadrill|Excadrill, M|250\/362
|-damage|p2a: Excadrill|239\/362|[from] Stealth Rock
|turn|9
|
|move|p2a: Excadrill|Rock Slide|p1a: Froggen
|-damage|p1a: Froggen|25\/285
|-damage|p2a: Excadrill|203\/362|[from] item: Life Orb
|move|p1a: Froggen|Ice Beam|p2a: Excadrill
|-start|p1a: Froggen|typechange|Ice|[from] Protean
|-damage|p2a: Excadrill|0 fnt
|-damage|p1a: Froggen|0 fnt|[from] item: Life Orb
|faint|p2a: Excadrill
|faint|p1a: Froggen
|
|-weather|Sandstorm|[upkeep]
|
|switch|p2a: Landorus-Therian|Landorus-Therian, M|280\/320
|-damage|p2a: Landorus-Therian|240\/320|[from] Stealth Rock
|switch|p1a: Prototype Seiran|Talonflame, F|297\/297
|-ability|p2a: Landorus-Therian|Intimidate|[of] p1a: Prototype Seiran
|-unboost|p1a: Prototype Seiran|atk|1
|turn|10
|
|move|p1a: Prototype Seiran|Tailwind|p1a: Prototype Seiran
|-sidestart|p1: aZo Zenith|move: Tailwind
|move|p2a: Landorus-Therian|Stone Edge|p1a: Prototype Seiran
|-supereffective|p1a: Prototype Seiran
|-damage|p1a: Prototype Seiran|0 fnt
|faint|p1a: Prototype Seiran
|
|-weather|Sandstorm|[upkeep]
|
|switch|p1a: 1 Nite Stand|Dragonite, F|323\/323
|turn|11
|
|switch|p2a: Charizard|Charizard, M|297\/297
|-damage|p2a: Charizard|149\/297|[from] Stealth Rock
|move|p1a: 1 Nite Stand|Outrage|p2a: Charizard
|-damage|p2a: Charizard|0 fnt
|faint|p2a: Charizard
|
|-weather|Sandstorm|[upkeep]
|-damage|p1a: 1 Nite Stand|303\/323|[from] sandstorm
|
|switch|p2a: Latios|Latios, M|302\/302
|-damage|p2a: Latios|265\/302|[from] Stealth Rock
|turn|12
|
|move|p1a: 1 Nite Stand|Outrage|p2a: Latios
|-supereffective|p2a: Latios
|-damage|p2a: Latios|0 fnt
|faint|p2a: Latios
|
|-weather|Sandstorm|[upkeep]
|-damage|p1a: 1 Nite Stand|283\/323|[from] sandstorm
|
|switch|p2a: Landorus-Therian|Landorus-Therian, M|240\/320
|-damage|p2a: Landorus-Therian|200\/320|[from] Stealth Rock
|-ability|p2a: Landorus-Therian|Intimidate|[of] p1a: 1 Nite Stand
|-unboost|p1a: 1 Nite Stand|atk|1
|turn|13
|
|move|p1a: 1 Nite Stand|Outrage|p2a: Landorus-Therian
|-damage|p2a: Landorus-Therian|0 fnt
|faint|p2a: Landorus-Therian
|
|win|aZo Zenith
|raw|Ladder updating...
|raw|aZo Zenith's rating: 1812 &rarr; <strong>1830<\/strong><br \/>(+18 for winning)
|raw|SwaggBoi's rating: 1779 &rarr; <strong>1761<\/strong><br \/>(-18 for losing)
|leave|SwaggBoi
|player|p2