|join|SwaggBoi
|join|TheEnder
|player|p1|SwaggBoi|102
|player|p2|TheEnder|249
|gametype|singles
|gen|6
|tier|OU
|clearpoke
|poke|p1|Latios, M
|poke|p1|Keldeo
|poke|p1|Heatran, M
|poke|p1|Scizor, F
|poke|p1|Slowbro, F
|poke|p1|Sylveon, F
|poke|p2|Metagross
|poke|p2|Keldeo-Resolute
|poke|p2|Ferrothorn, M
|poke|p2|Tornadus-Therian, M
|poke|p2|Hippowdon, F
|poke|p2|Latios, M
|rule|Swagger Clause: Swagger is banned
|rule|Baton Pass Clause: Limit one PokÃ©mon knowing Baton Pass
|rule|Sleep Clause Mod: Limit one foe put to sleep
|rule|Species Clause: Limit one of each PokÃ©mon
|rule|OHKO Clause: OHKO moves are banned
|rule|Moody Clause: Moody is banned
|rule|Evasion Moves Clause: Evasion moves are banned
|rule|Endless Battle Clause: Forcing endless battles is banned
|rule|HP Percentage Mod: HP is shown in percentages
|teampreview
|join|Credo
|join|Sweqfeq
|join|Vogas
|join|Sucker Lunch
|join|jeronado
|join|Sepulchure II
|join|Origin of Symm
|join|king of spycrabs
|c| Sweqfeq|ender
|join|Ferocca
|join|Zamrock
|join|Maiora
|join|WildcatForever
|c|âTheEnder|hy
|c| Sweqfeq|do u run ferro on everyone of ur teams? just wondering
|c|âTheEnder|y
|c| Sweqfeq|cool
|c|âTheEnder|if you want to beat me use mag
|join|gina lisa86
|c| Sweqfeq|hehe
|c| Sucker Lunch|You know what mon I run on every one of my teams?
|c| Sucker Lunch|Rotom
|c| Sepulchure II|But you run shed shell
|c| Sweqfeq|ill never ladder that high
|c|âTheEnder|:^)
|c| Sweqfeq|Pinsir nigga
|c| Sweqfeq|rotom a lil back story
|
|start
|switch|p1a: Heatran|Heatran, M|384\/384
|switch|p2a: Tornadus-Therian|Tornadus-Therian, M|332\/332
|-item|p1a: Heatran|Air Balloon
|turn|1
|c| Sucker Lunch|XD
|
|move|p2a: Tornadus-Therian|U-turn|p1a: Heatran
|-resisted|p1a: Heatran
|-damage|p1a: Heatran|372\/384
|-enditem|p1a: Heatran|Air Balloon
|join|Dallaren
|c| Sweqfeq|2 yung players duking it out
|
|switch|p2a: Keldeo-Resolute|Keldeo-Resolute|323\/323
|move|p1a: Heatran|Stealth Rock|p2a: Keldeo-Resolute
|-sidestart|p2: TheEnder|move: Stealth Rock
|
|turn|2
|c| Sweqfeq|i like that
|join|L0NE
|
|switch|p1a: Slowbro|Slowbro, F|394\/394
|move|p2a: Keldeo-Resolute|Scald|p1a: Slowbro
|-resisted|p1a: Slowbro
|-damage|p1a: Slowbro|305\/394
|-status|p1a: Slowbro|brn
|
|-heal|p1a: Slowbro|329\/394 brn|[from] item: Leftovers
|-damage|p1a: Slowbro|280\/394 brn|[from] brn
|turn|3
|
|move|p2a: Keldeo-Resolute|Scald|p1a: Slowbro
|-resisted|p1a: Slowbro
|-damage|p1a: Slowbro|200\/394 brn
|move|p1a: Slowbro|Thunder Wave|p2a: Keldeo-Resolute
|-status|p2a: Keldeo-Resolute|par
|
|-heal|p1a: Slowbro|224\/394 brn|[from] item: Leftovers
|-damage|p1a: Slowbro|175\/394 brn|[from] brn
|turn|4
|c| Sucker Lunch|Latios has to be the Mega
|join|Cienight
|
|switch|p2a: Ferrothorn|Ferrothorn, M|352\/352
|-damage|p2a: Ferrothorn|330\/352|[from] Stealth Rock
|switch|p1a: Sylveon|Sylveon, F|394\/394
|
|-heal|p2a: Ferrothorn|352\/352|[from] item: Leftovers
|turn|5
|join|foxx alla dw
|
|switch|p1a: Heatran|Heatran, M|372\/384
|move|p2a: Ferrothorn|Leech Seed|p1a: Heatran
|-start|p1a: Heatran|move: Leech Seed
|
|-damage|p1a: Heatran|324\/384|[from] Leech Seed|[of] p2a: Ferrothorn
|turn|6
|
|switch|p2a: Tornadus-Therian|Tornadus-Therian, M|332\/332
|-damage|p2a: Tornadus-Therian|249\/332|[from] Stealth Rock
|move|p1a: Heatran|Will-O-Wisp|p2a: Tornadus-Therian
|-status|p2a: Tornadus-Therian|brn
|
|-damage|p1a: Heatran|276\/384|[from] Leech Seed|[of] p2a: Tornadus-Therian
|-heal|p2a: Tornadus-Therian|297\/332 brn|[silent]
|-damage|p2a: Tornadus-Therian|256\/332 brn|[from] brn
|turn|7
|join|Juso
|join|I Iike Squirtles
|
|switch|p1a: Sylveon|Sylveon, F|394\/394
|move|p2a: Tornadus-Therian|U-turn|p1a: Sylveon
|-crit|p1a: Sylveon
|-resisted|p1a: Sylveon
|-damage|p1a: Sylveon|368\/394
|
|switch|p2a: Metagross|Metagross|301\/301
|-damage|p2a: Metagross|283\/301|[from] Stealth Rock
|
|-heal|p1a: Sylveon|392\/394|[from] item: Leftovers
|turn|8
|join|ausogle
|join|Bloodz
|c| Sucker Lunch|Is it ogre?
|leave|ausogle
|
|switch|p1a: Slowbro|Slowbro, F|306\/394 brn
|detailschange|p2a: Metagross|Metagross-Mega
|message|Metagross has Mega Evolved into Mega Metagross!
|move|p2a: Metagross|Meteor Mash|p1a: Slowbro
|-resisted|p1a: Slowbro
|-damage|p1a: Slowbro|231\/394 brn
|
|-heal|p1a: Slowbro|255\/394 brn|[from] item: Leftovers
|-damage|p1a: Slowbro|206\/394 brn|[from] brn
|turn|9
|c|âTheEnder|0
|join|bhhjk
|
|switch|p2a: Ferrothorn|Ferrothorn, M|352\/352
|-damage|p2a: Ferrothorn|330\/352|[from] Stealth Rock
|move|p1a: Slowbro|Slack Off|p1a: Slowbro
|-heal|p1a: Slowbro|394\/394 brn
|
|-heal|p2a: Ferrothorn|352\/352|[from] item: Leftovers
|-damage|p1a: Slowbro|345\/394 brn|[from] brn
|turn|10
|c| Cienight|megagross sprite *-*
|c| I Iike Squirtles|Where is the grass knott
|
|switch|p1a: Heatran|Heatran, M|276\/384
|move|p2a: Ferrothorn|Leech Seed|p1a: Heatran
|-start|p1a: Heatran|move: Leech Seed
|
|-damage|p1a: Heatran|228\/384|[from] Leech Seed|[of] p2a: Ferrothorn
|turn|11
|
|switch|p2a: Hippowdon|Hippowdon, F|420\/420
|-damage|p2a: Hippowdon|394\/420|[from] Stealth Rock
|-weather|Sandstorm
|move|p1a: Heatran|Lava Plume|p2a: Hippowdon
|-damage|p2a: Hippowdon|240\/420
|-status|p2a: Hippowdon|brn
|
|-weather|Sandstorm|[upkeep]
|-heal|p2a: Hippowdon|266\/420 brn|[from] item: Leftovers
|-damage|p1a: Heatran|180\/384|[from] Leech Seed|[of] p2a: Hippowdon
|-heal|p2a: Hippowdon|314\/420 brn|[silent]
|-damage|p2a: Hippowdon|262\/420 brn|[from] brn
|turn|12
|join|Testing2324
|
|switch|p1a: Scizor|Scizor, F|344\/344
|move|p2a: Hippowdon|Stealth Rock|p1a: Scizor
|-sidestart|p1: SwaggBoi|move: Stealth Rock
|
|-weather|Sandstorm|[upkeep]
|-heal|p2a: Hippowdon|288\/420 brn|[from] item: Leftovers
|-damage|p2a: Hippowdon|236\/420 brn|[from] brn
|turn|13
|
|detailschange|p1a: Scizor|Scizor-Mega, F
|message|Scizor has Mega Evolved into Mega Scizor!
|move|p1a: Scizor|Swords Dance|p1a: Scizor
|-boost|p1a: Scizor|atk|2
|move|p2a: Hippowdon|Whirlwind|p1a: Scizor
|drag|p1a: Latios|Latios, M|301\/301
|-damage|p1a: Latios|264\/301|[from] Stealth Rock
|
|-weather|Sandstorm|[upkeep]
|-damage|p1a: Latios|246\/301|[from] sandstorm
|-heal|p2a: Hippowdon|262\/420 brn|[from] item: Leftovers
|-damage|p2a: Hippowdon|210\/420 brn|[from] brn
|turn|14
|c| Zamrock|swaggbois team almost looks like tele's team...
|join|Nice Watch
|join|Tom Bus
|join|NatrionKOS
|c| Zamrock|kind of disturbing
|c| Bloodz|hmmm
|c| Zamrock|i bet this lati is scarf too
|c| Zamrock|!
|c| Bloodz|I'd laugh
|leave|NatrionKOS
|
|switch|p1a: Keldeo|Keldeo|323\/323
|-damage|p1a: Keldeo|303\/323|[from] Stealth Rock
|switch|p2a: Metagross|Metagross-Mega|283\/301
|-damage|p2a: Metagross|265\/301|[from] Stealth Rock
|
|-weather|Sandstorm|[upkeep]
|-damage|p1a: Keldeo|283\/323|[from] sandstorm
|turn|15
|join|Averyf
|c|âTheEnder|thinking wayy too long for casuals
|c| Sepulchure II|Scaf lati wtf
|c| Zamrock|ahhhh the metagross animation
|c| Zamrock|is here
|c| Zamrock|!
|
|move|p1a: Keldeo|Scald|p2a: Metagross
|-damage|p2a: Metagross|118\/301
|-status|p2a: Metagross|brn
|move|p2a: Metagross|Zen Headbutt|p1a: Keldeo|[miss]
|-miss|p2a: Metagross|p1a: Keldeo
|
|-weather|none
|-damage|p2a: Metagross|81\/301 brn|[from] brn
|turn|16
|c| Bloodz|the only working one
|c| Bloodz|the others are glitchy
|c|âTheEnder|gdi
|c| Zamrock|the scarf pony
|c|âTheEnder|this is why i cant have nice things
|c|âSwaggBoi|its life orb..
|
|switch|p2a: Ferrothorn|Ferrothorn, M|352\/352
|-damage|p2a: Ferrothorn|330\/352|[from] Stealth Rock
|move|p1a: Keldeo|Scald|p2a: Ferrothorn
|-crit|p2a: Ferrothorn
|-resisted|p2a: Ferrothorn
|-damage|p2a: Ferrothorn|240\/352
|
|-heal|p2a: Ferrothorn|262\/352|[from] item: Leftovers
|turn|17
|c|âSwaggBoi|the lati
|c| Sucker Lunch|You cannot defeat keldeo
|join|fgtsaurus
|c| Sucker Lunch|lord of OU
|
|switch|p1a: Heatran|Heatran, M|180\/384
|-damage|p1a: Heatran|132\/384|[from] Stealth Rock
|move|p2a: Ferrothorn|Leech Seed|p1a: Heatran
|-start|p1a: Heatran|move: Leech Seed
|
|-heal|p2a: Ferrothorn|284\/352|[from] item: Leftovers
|-damage|p1a: Heatran|84\/384|[from] Leech Seed|[of] p2a: Ferrothorn
|-heal|p2a: Ferrothorn|332\/352|[silent]
|turn|18
|c| Bloodz|tell that to the 110 speed tier
|c|âTheEnder|.hax lord
|c| Zamrock|where is the bullzone?
|c| Zamrock|gdi endre...
|c|âTheEnder|:[
|c|âSwaggBoi|the lati my nig
|
|move|p2a: Ferrothorn|Protect|p2a: Ferrothorn
|-singleturn|p2a: Ferrothorn|Protect
|move|p1a: Heatran|Lava Plume|p2a: Ferrothorn
|-activate|p2a: Ferrothorn|Protect
|
|-heal|p2a: Ferrothorn|352\/352|[from] item: Leftovers
|-damage|p1a: Heatran|36\/384|[from] Leech Seed|[of] p2a: Ferrothorn
|turn|19
|
|switch|p2a: Metagross|Metagross-Mega|81\/301 brn
|-damage|p2a: Metagross|63\/301 brn|[from] Stealth Rock
|move|p1a: Heatran|Lava Plume|p2a: Metagross
|-supereffective|p2a: Metagross
|-damage|p2a: Metagross|0 fnt
|faint|p2a: Metagross
|
|
|switch|p2a: Latios|Latios, M|301\/301
|-damage|p2a: Latios|264\/301|[from] Stealth Rock
|turn|20
|c| Zamrock|I wonder if the shiny version of metagross is out yet...
|
|move|p2a: Latios|Psyshock|p1a: Heatran
|-resisted|p1a: Heatran
|-damage|p1a: Heatran|0 fnt
|-damage|p2a: Latios|234\/301|[from] item: Life Orb
|faint|p1a: Heatran
|
|
|switch|p1a: Sylveon|Sylveon, F|392\/394
|-damage|p1a: Sylveon|343\/394|[from] Stealth Rock
|turn|21
|c| Zamrock|Who wants Mega Mence
|
|switch|p2a: Tornadus-Therian|Tornadus-Therian, M|332\/332 brn
|-damage|p2a: Tornadus-Therian|249\/332 brn|[from] Stealth Rock
|move|p1a: Sylveon|Hyper Voice|p2a: Tornadus-Therian
|-crit|p2a: Tornadus-Therian
|-damage|p2a: Tornadus-Therian|93\/332 brn
|
|-heal|p1a: Sylveon|367\/394|[from] item: Leftovers
|-damage|p2a: Tornadus-Therian|52\/332 brn|[from] brn
|turn|22
|c| Zamrock|back in OU
|c| Zamrock|!
|c| Vogas|noone ~
|c|âTheEnder|annd crit
|c|âSwaggBoi|eh
|c|âTheEnder|:[[
|c|âSwaggBoi|sry
|c| Sepulchure II|No one lol
|
|move|p2a: Tornadus-Therian|U-turn|p1a: Sylveon
|-resisted|p1a: Sylveon
|-damage|p1a: Sylveon|351\/394
|
|switch|p2a: Ferrothorn|Ferrothorn, M|352\/352
|-damage|p2a: Ferrothorn|330\/352|[from] Stealth Rock
|move|p1a: Sylveon|Wish|p1a: Sylveon
|
|-heal|p1a: Sylveon|375\/394|[from] item: Leftovers
|-heal|p2a: Ferrothorn|352\/352|[from] item: Leftovers
|turn|23
|c| Zamrock|it's not broken at all
|c| Zamrock|I swear
|c| Bloodz|true
|c| Zamrock|It's just as broken
|c| Vogas|if your moma says so, who are we to disagree ~
|c| Bloodz|.\/data balance-mega
|c| Sepulchure II|If Zamrock says so then I agree
|c| Zamrock|as mega lucario
|c| Zamrock|so not broken at all
|
|switch|p1a: Scizor|Scizor-Mega, F|344\/344
|-damage|p1a: Scizor|301\/344|[from] Stealth Rock
|move|p2a: Ferrothorn|Leech Seed|p1a: Scizor
|-start|p1a: Scizor|move: Leech Seed
|
|-heal|p1a: Scizor|344\/344|[from] move: Wish|[wisher] Sylveon
|-damage|p1a: Scizor|301\/344|[from] Leech Seed|[of] p2a: Ferrothorn
|turn|24
|c| Zamrock|!!!!!!!!!!!!!!
|
|switch|p2a: Keldeo-Resolute|Keldeo-Resolute|323\/323 par
|-damage|p2a: Keldeo-Resolute|303\/323 par|[from] Stealth Rock
|move|p1a: Scizor|Swords Dance|p1a: Scizor
|-boost|p1a: Scizor|atk|2
|
|-damage|p1a: Scizor|258\/344|[from] Leech Seed|[of] p2a: Keldeo-Resolute
|-heal|p2a: Keldeo-Resolute|323\/323 par|[silent]
|turn|25
|c| Zamrock|Let's bring back Aegislash together to make the game more healthy then it already is
|c| Sucker Lunch|BURNNNN
|
|switch|p1a: Latios|Latios, M|246\/301
|-damage|p1a: Latios|209\/301|[from] Stealth Rock
|switch|p2a: Hippowdon|Hippowdon, F|210\/420 brn
|-damage|p2a: Hippowdon|184\/420 brn|[from] Stealth Rock
|-weather|Sandstorm
|
|-weather|Sandstorm|[upkeep]
|-damage|p1a: Latios|191\/301|[from] sandstorm
|-heal|p2a: Hippowdon|210\/420 brn|[from] item: Leftovers
|-damage|p2a: Hippowdon|158\/420 brn|[from] brn
|turn|26
|c| Zamrock|Whose with me!!!
|join|creepycretin
|c| Sucker Lunch|I am
|c| Zamrock|nioce
|c| Sepulchure II|Bring back mega mawile also :]
|
|move|p1a: Latios|Draco Meteor|p2a: Hippowdon|[miss]
|-miss|p1a: Latios|p2a: Hippowdon
|move|p2a: Hippowdon|Whirlwind|p1a: Latios
|drag|p1a: Scizor|Scizor-Mega, F|258\/344
|-damage|p1a: Scizor|215\/344|[from] Stealth Rock
|
|-weather|Sandstorm|[upkeep]
|-heal|p2a: Hippowdon|184\/420 brn|[from] item: Leftovers
|-damage|p2a: Hippowdon|132\/420 brn|[from] brn
|turn|27
|c| Bloodz|no
|c| Sucker Lunch|I love aegislash
|c| Bloodz|fuck that thing
|c| Bloodz|let's bring Deoxys D\/S back
|
|move|p1a: Scizor|Knock Off|p2a: Hippowdon
|-damage|p2a: Hippowdon|43\/420 brn
|-enditem|p2a: Hippowdon|Leftovers|[from] move: Knock Off|[of] p1a: Scizor
|move|p2a: Hippowdon|Slack Off|p2a: Hippowdon
|-heal|p2a: Hippowdon|253\/420 brn
|
|-weather|Sandstorm|[upkeep]
|-damage|p2a: Hippowdon|201\/420 brn|[from] brn
|turn|28
|c| Zamrock|!
|c| Zamrock|Genesect as well...
|join|Lord Ras Al Ghul
|c| Zamrock|Why not
|c| Bloodz|nah genesect is stupid
|
|move|p1a: Scizor|Roost|p1a: Scizor
|-heal|p1a: Scizor|344\/344
|move|p2a: Hippowdon|Slack Off|p2a: Hippowdon
|-heal|p2a: Hippowdon|411\/420 brn
|
|-weather|Sandstorm|[upkeep]
|-damage|p2a: Hippowdon|359\/420 brn|[from] brn
|turn|29
|c| Bloodz|only Rotom H had a safe switch in against it
|
|move|p1a: Scizor|Bullet Punch|p2a: Hippowdon
|-damage|p2a: Hippowdon|268\/420 brn
|move|p2a: Hippowdon|Whirlwind|p1a: Scizor
|drag|p1a: Sylveon|Sylveon, F|375\/394
|-damage|p1a: Sylveon|326\/394|[from] Stealth Rock
|
|-weather|none
|-heal|p1a: Sylveon|350\/394|[from] item: Leftovers
|-damage|p2a: Hippowdon|216\/420 brn|[from] brn
|turn|30
|c| Bloodz|which is silly
|c| Sucker Lunch|Can we bring down Lugia? Since sucky attack?
|join|TheHannt
|c| Zamrock|I was pretty upset I didn't get my Mega Donphan w\/ Huge Power from ORAS
|
|move|p1a: Sylveon|Hyper Voice|p2a: Hippowdon
|-damage|p2a: Hippowdon|45\/420 brn
|move|p2a: Hippowdon|Whirlwind|p1a: Sylveon
|drag|p1a: Slowbro|Slowbro, F|394\/394 brn
|-damage|p1a: Slowbro|345\/394 brn|[from] Stealth Rock
|
|-heal|p1a: Slowbro|369\/394 brn|[from] item: Leftovers
|-damage|p2a: Hippowdon|0 fnt|[from] brn
|-damage|p1a: Slowbro|320\/394 brn|[from] brn
|faint|p2a: Hippowdon
|c| Zamrock|shit asians
|
|switch|p2a: Ferrothorn|Ferrothorn, M|352\/352
|-damage|p2a: Ferrothorn|330\/352|[from] Stealth Rock
|turn|31
|c| Sucker Lunch|Donphan is weak tho
|leave|TheHannt
|c| Sucker Lunch|does not deserve huge power
|c| Zamrock|With Huge Power
|join|EternusDraco
|
|move|p1a: Slowbro|Scald|p2a: Ferrothorn
|-crit|p2a: Ferrothorn
|-resisted|p2a: Ferrothorn
|-damage|p2a: Ferrothorn|278\/352
|-status|p2a: Ferrothorn|brn
|move|p2a: Ferrothorn|Spikes|p1a: Slowbro
|-sidestart|p1: SwaggBoi|Spikes
|
|-heal|p1a: Slowbro|344\/394 brn|[from] item: Leftovers
|-heal|p2a: Ferrothorn|300\/352 brn|[from] item: Leftovers
|-damage|p1a: Slowbro|295\/394 brn|[from] brn
|-damage|p2a: Ferrothorn|256\/352 brn|[from] brn
|turn|32
|join|jeffrawr
|c| Zamrock|with an atk almost 800
|c| Zamrock|isn't week
|c|âTheEnder|o well
|c| Zamrock|lol
|c| Sucker Lunch|Azumarill deserves it because he's buff
|c|âTheEnder|my luck
|c| Sepulchure II|It does learn gunk shot lol
|c|âTheEnder|is so bad
|c| Bloodz|Mawile from PU to Ubers
|c| Bloodz|well done GF
|c|âSwaggBoi|i had nothing for ferro
|
|switch|p1a: Scizor|Scizor-Mega, F|344\/344
|-damage|p1a: Scizor|301\/344|[from] Stealth Rock
|-damage|p1a: Scizor|258\/344|[from] Spikes
|move|p2a: Ferrothorn|Leech Seed|p1a: Scizor
|-start|p1a: Scizor|move: Leech Seed
|
|-heal|p2a: Ferrothorn|278\/352 brn|[from] item: Leftovers
|-damage|p1a: Scizor|215\/344|[from] Leech Seed|[of] p2a: Ferrothorn
|-heal|p2a: Ferrothorn|321\/352 brn|[silent]
|-damage|p2a: Ferrothorn|277\/352 brn|[from] brn
|turn|33
|c|âTheEnder|but you got the 1st turn burn on every scald
|c|âTheEnder|and i missed
|c|âTheEnder|zen
|c|âTheEnder|so its fine
|c|âSwaggBoi|yeaa the haxgods were with me
|c| Sucker Lunch|Ender can still win
|
|switch|p1a: Keldeo|Keldeo|283\/323
|-damage|p1a: Keldeo|243\/323|[from] Spikes
|-damage|p1a: Keldeo|223\/323|[from] Stealth Rock
|switch|p2a: Keldeo-Resolute|Keldeo-Resolute|323\/323 par
|-damage|p2a: Keldeo-Resolute|303\/323 par|[from] Stealth Rock
|
|turn|34
|c| Sucker Lunch|if he trusts in the heart of the cards
|
|move|p1a: Keldeo|Secret Sword|p2a: Keldeo-Resolute
|-crit|p2a: Keldeo-Resolute
|-damage|p2a: Keldeo-Resolute|45\/323 par
|move|p2a: Keldeo-Resolute|Secret Sword|p1a: Keldeo
|-damage|p1a: Keldeo|63\/323
|
|turn|35
|join|Frickett
|leave|Frickett
|
|move|p1a: Keldeo|Secret Sword|p2a: Keldeo-Resolute
|-damage|p2a: Keldeo-Resolute|0 fnt
|faint|p2a: Keldeo-Resolute
|
|
|switch|p2a: Latios|Latios, M|234\/301
|-damage|p2a: Latios|197\/301|[from] Stealth Rock
|turn|36
|join|JohnxYiu
|
|move|p1a: Keldeo|Secret Sword|p2a: Latios
|-resisted|p2a: Latios
|-damage|p2a: Latios|103\/301
|move|p2a: Latios|Roost|p2a: Latios
|-heal|p2a: Latios|254\/301
|
|turn|37
|
|switch|p1a: Sylveon|Sylveon, F|350\/394
|-damage|p1a: Sylveon|301\/394|[from] Stealth Rock
|-damage|p1a: Sylveon|252\/394|[from] Spikes
|move|p2a: Latios|Roost|p2a: Latios
|-heal|p2a: Latios|301\/301
|
|-heal|p1a: Sylveon|276\/394|[from] item: Leftovers
|turn|38
|leave|Cienight
|join|Cienight
|
|switch|p2a: Ferrothorn|Ferrothorn, M|277\/352 brn
|-damage|p2a: Ferrothorn|255\/352 brn|[from] Stealth Rock
|move|p1a: Sylveon|Wish|p1a: Sylveon
|
|-heal|p1a: Sylveon|300\/394|[from] item: Leftovers
|-heal|p2a: Ferrothorn|277\/352 brn|[from] item: Leftovers
|-damage|p2a: Ferrothorn|233\/352 brn|[from] brn
|turn|39
|leave|Zamrock
|
|switch|p1a: Latios|Latios, M|191\/301
|-damage|p1a: Latios|154\/301|[from] Stealth Rock
|switch|p2a: Latios|Latios, M|301\/301
|-damage|p2a: Latios|264\/301|[from] Stealth Rock
|
|-heal|p1a: Latios|301\/301|[from] move: Wish|[wisher] Sylveon
|turn|40
|
|switch|p1a: Sylveon|Sylveon, F|300\/394
|-damage|p1a: Sylveon|251\/394|[from] Stealth Rock
|-damage|p1a: Sylveon|202\/394|[from] Spikes
|switch|p2a: Ferrothorn|Ferrothorn, M|233\/352 brn
|-damage|p2a: Ferrothorn|211\/352 brn|[from] Stealth Rock
|
|-heal|p1a: Sylveon|226\/394|[from] item: Leftovers
|-heal|p2a: Ferrothorn|233\/352 brn|[from] item: Leftovers
|-damage|p2a: Ferrothorn|189\/352 brn|[from] brn
|turn|41
|
|move|p1a: Sylveon|Protect|p1a: Sylveon
|-singleturn|p1a: Sylveon|Protect
|move|p2a: Ferrothorn|Leech Seed|p1a: Sylveon
|-activate|p1a: Sylveon|Protect
|
|-heal|p1a: Sylveon|250\/394|[from] item: Leftovers
|-heal|p2a: Ferrothorn|211\/352 brn|[from] item: Leftovers
|-damage|p2a: Ferrothorn|167\/352 brn|[from] brn
|turn|42
|
|move|p1a: Sylveon|Wish|p1a: Sylveon
|move|p2a: Ferrothorn|Leech Seed|p1a: Sylveon
|-start|p1a: Sylveon|move: Leech Seed
|
|-heal|p1a: Sylveon|274\/394|[from] item: Leftovers
|-heal|p2a: Ferrothorn|189\/352 brn|[from] item: Leftovers
|-damage|p1a: Sylveon|225\/394|[from] Leech Seed|[of] p2a: Ferrothorn
|-heal|p2a: Ferrothorn|238\/352 brn|[silent]
|-damage|p2a: Ferrothorn|194\/352 brn|[from] brn
|turn|43
|leave|creepycretin
|
|switch|p1a: Scizor|Scizor-Mega, F|215\/344
|-damage|p1a: Scizor|172\/344|[from] Stealth Rock
|-damage|p1a: Scizor|129\/344|[from] Spikes
|switch|p2a: Latios|Latios, M|264\/301
|-damage|p2a: Latios|227\/301|[from] Stealth Rock
|
|-heal|p1a: Scizor|326\/344|[from] move: Wish|[wisher] Sylveon
|turn|44
|
|move|p1a: Scizor|Bullet Punch|p2a: Latios
|-crit|p2a: Latios
|-damage|p2a: Latios|23\/301
|move|p2a: Latios|Hidden Power|p1a: Scizor
|-supereffective|p1a: Scizor
|-damage|p1a: Scizor|0 fnt
|-damage|p2a: Latios|0 fnt|[from] item: Life Orb
|faint|p1a: Scizor
|faint|p2a: Latios
|
|c|âTheEnder|aand
|c|âTheEnder|i lost
|c|âTheEnder|that sucks
|c|âTheEnder|so bad
|c|âTheEnder|o well
|leave|Tom Bus
|join|Salman Khan
|-message|TheEnder forfeited.
|
|win|SwaggBoi
|c| Sucker Lunch|you didn't lose in my eyez
|leave|Lord Ras Al Ghul