|join|SwaggBoi
|join|Slowbroongus
|player|p1|SwaggBoi|114
|player|p2|Slowbroongus|274
|gametype|singles
|gen|6
|tier|OU
|rated
|clearpoke
|poke|p1|Heatran, M
|poke|p1|Charizard, M
|poke|p1|Talonflame, M
|poke|p1|Latias, F
|poke|p1|Landorus-Therian, M
|poke|p1|Thundurus, M
|poke|p2|Ferrothorn, F
|poke|p2|Excadrill, F
|poke|p2|Breloom, M
|poke|p2|Talonflame, M
|poke|p2|Azumarill, F
|poke|p2|Aerodactyl, M
|rule|Swagger Clause: Swagger is banned
|rule|Baton Pass Clause: Limit one PokÃ©mon knowing Baton Pass
|rule|Sleep Clause Mod: Limit one foe put to sleep
|rule|Species Clause: Limit one of each PokÃ©mon
|rule|OHKO Clause: OHKO moves are banned
|rule|Moody Clause: Moody is banned
|rule|Evasion Moves Clause: Evasion moves are banned
|rule|Endless Battle Clause: Forcing endless battles is banned
|rule|HP Percentage Mod: HP is shown in percentages
|teampreview
|
|start
|switch|p1a: Thundurus|Thundurus, M|300\/300
|switch|p2a: Deez Nutz|Ferrothorn, F|352\/352
|turn|1
|
|move|p2a: Deez Nutz|Protect|p2a: Deez Nutz
|-singleturn|p2a: Deez Nutz|Protect
|move|p1a: Thundurus|Taunt|p2a: Deez Nutz
|-activate|p2a: Deez Nutz|Protect
|
|turn|2
|
|move|p1a: Thundurus|Taunt|p2a: Deez Nutz
|-start|p2a: Deez Nutz|move: Taunt
|cant|p2a: Deez Nutz|move: Taunt|Stealth Rock
|
|turn|3
|
|switch|p2a: Toph|Excadrill, F|361\/361
|-ability|p2a: Toph|Mold Breaker
|move|p1a: Thundurus|Thunderbolt|p2a: Toph
|-immune|p2a: Toph|[msg]
|
|turn|4
|
|switch|p2a: Deez Nutz|Ferrothorn, F|352\/352
|switch|p1a: Landorus-Therian|Landorus-Therian, M|382\/382
|-ability|p1a: Landorus-Therian|Intimidate|[of] p2a: Deez Nutz
|-unboost|p2a: Deez Nutz|atk|1
|
|turn|5
|
|move|p1a: Landorus-Therian|U-turn|p2a: Deez Nutz
|-damage|p2a: Deez Nutz|302\/352
|-damage|p1a: Landorus-Therian|335\/382|[from] ability: Iron Barbs|[of] p2a: Deez Nutz
|
|switch|p1a: Charizard|Charizard, M|298\/298
|move|p2a: Deez Nutz|Stealth Rock|p1a: Charizard
|-sidestart|p1: SwaggBoi|move: Stealth Rock
|
|-heal|p2a: Deez Nutz|324\/352|[from] item: Leftovers
|turn|6
|
|detailschange|p1a: Charizard|Charizard-Mega-Y, M
|message|Charizard has Mega Evolved into Mega Charizard!
|-weather|SunnyDay
|move|p1a: Charizard|Fire Blast|p2a: Deez Nutz
|-supereffective|p2a: Deez Nutz
|-damage|p2a: Deez Nutz|0 fnt
|faint|p2a: Deez Nutz
|
|-weather|SunnyDay|[upkeep]
|
|switch|p2a: Hatredcopter|Aerodactyl, M|301\/301
|turn|7
|
|switch|p1a: Landorus-Therian|Landorus-Therian, M|335\/382
|-damage|p1a: Landorus-Therian|288\/382|[from] Stealth Rock
|-ability|p1a: Landorus-Therian|Intimidate|[of] p2a: Hatredcopter
|-unboost|p2a: Hatredcopter|atk|1
|detailschange|p2a: Hatredcopter|Aerodactyl-Mega, M
|message|Aerodactyl has Mega Evolved into Mega Aerodactyl!
|move|p2a: Hatredcopter|Ice Fang|p1a: Landorus-Therian
|-supereffective|p1a: Landorus-Therian
|-damage|p1a: Landorus-Therian|64\/382
|
|-weather|SunnyDay|[upkeep]
|-heal|p1a: Landorus-Therian|87\/382|[from] item: Leftovers
|turn|8
|
|move|p2a: Hatredcopter|Ice Fang|p1a: Landorus-Therian
|-supereffective|p1a: Landorus-Therian
|-damage|p1a: Landorus-Therian|0 fnt
|faint|p1a: Landorus-Therian
|
|-weather|SunnyDay|[upkeep]
|
|switch|p1a: Heatran|Heatran, M|323\/323
|-damage|p1a: Heatran|283\/323|[from] Stealth Rock
|turn|9
|
|move|p2a: Hatredcopter|Earthquake|p1a: Heatran
|-supereffective|p1a: Heatran
|-damage|p1a: Heatran|0 fnt
|faint|p1a: Heatran
|
|-weather|SunnyDay|[upkeep]
|
|switch|p1a: Latias|Latias, F|302\/302
|-damage|p1a: Latias|265\/302|[from] Stealth Rock
|turn|10
|
|move|p2a: Hatredcopter|Ice Fang|p1a: Latias
|-supereffective|p1a: Latias
|-damage|p1a: Latias|109\/302
|cant|p1a: Latias|flinch
|
|-weather|none
|turn|11
|-message|SwaggBoi forfeited.
|
|win|Slowbroongus
|raw|Ladder updating...
|leave|SwaggBoi
|player|p1
|raw|SwaggBoi's rating: 1645 &rarr; <strong>1622<\/strong><br \/>(-23 for losing)
|raw|Slowbroongus's rating: 1582 &rarr; <strong>1605<\/strong><br \/>(+23 for winning)