|join|Aka DH
|join|SwaggBoi
|player|p1|Aka DH|68
|player|p2|SwaggBoi|248
|gametype|singles
|gen|6
|tier|OU
|rated
|clearpoke
|poke|p1|Bisharp, F
|poke|p1|Venusaur, M
|poke|p1|Heatran, F
|poke|p1|Keldeo
|poke|p1|Chansey, F
|poke|p1|Skarmory, M
|poke|p2|Latios, M
|poke|p2|Landorus-Therian, M
|poke|p2|Charizard, F
|poke|p2|Heatran, F
|poke|p2|Raikou
|poke|p2|Terrakion
|rule|Swagger Clause: Swagger is banned
|rule|Baton Pass Clause: Limit one PokÃ©mon knowing Baton Pass
|rule|Sleep Clause Mod: Limit one foe put to sleep
|rule|Species Clause: Limit one of each PokÃ©mon
|rule|OHKO Clause: OHKO moves are banned
|rule|Moody Clause: Moody is banned
|rule|Evasion Moves Clause: Evasion moves are banned
|rule|Endless Battle Clause: Forcing endless battles is banned
|rule|HP Percentage Mod: HP is shown in percentages
|teampreview
|
|start
|switch|p1a: Venusaur|Venusaur, M|364\/364
|switch|p2a: Terrakion|Terrakion|323\/323
|turn|1
|
|detailschange|p1a: Venusaur|Venusaur-Mega, M
|message|Venusaur has Mega Evolved into Mega Venusaur!
|move|p2a: Terrakion|Stealth Rock|p1a: Venusaur
|-sidestart|p1: Aka DH|move: Stealth Rock
|move|p1a: Venusaur|Giga Drain|p2a: Terrakion
|-supereffective|p2a: Terrakion
|-damage|p2a: Terrakion|75\/323
|
|turn|2
|
|switch|p2a: Latios|Latios, M|301\/301
|move|p1a: Venusaur|Giga Drain|p2a: Latios
|-resisted|p2a: Latios
|-damage|p2a: Latios|254\/301
|
|turn|3
|
|move|p2a: Latios|Psyshock|p1a: Venusaur
|-supereffective|p1a: Venusaur
|-damage|p1a: Venusaur|120\/364
|-damage|p2a: Latios|224\/301|[from] item: Life Orb
|move|p1a: Venusaur|Giga Drain|p2a: Latios
|-crit|p2a: Latios
|-resisted|p2a: Latios
|-damage|p2a: Latios|151\/301
|-heal|p1a: Venusaur|157\/364|[from] drain|[of] p2a: Latios
|
|turn|4
|
|move|p2a: Latios|Draco Meteor|p1a: Venusaur
|-damage|p1a: Venusaur|0 fnt
|-unboost|p2a: Latios|spa|2
|-damage|p2a: Latios|121\/301|[from] item: Life Orb
|faint|p1a: Venusaur
|
|
|switch|p1a: Heatran|Heatran, F|340\/340
|-damage|p1a: Heatran|298\/340|[from] Stealth Rock
|-item|p1a: Heatran|Air Balloon
|turn|5
|join|Sporeles
|
|move|p2a: Latios|Psyshock|p1a: Heatran
|-resisted|p1a: Heatran
|-damage|p1a: Heatran|263\/340
|-enditem|p1a: Heatran|Air Balloon
|-damage|p2a: Latios|91\/301|[from] item: Life Orb
|move|p1a: Heatran|Stealth Rock|p2a: Latios
|-sidestart|p2: SwaggBoi|move: Stealth Rock
|
|turn|6
|
|move|p2a: Latios|Earthquake|p1a: Heatran
|-supereffective|p1a: Heatran
|-damage|p1a: Heatran|0 fnt
|-damage|p2a: Latios|61\/301|[from] item: Life Orb
|faint|p1a: Heatran
|
|
|switch|p1a: Bisharp|Bisharp, F|334\/334
|-damage|p1a: Bisharp|314\/334|[from] Stealth Rock
|turn|7
|
|move|p2a: Latios|Earthquake|p1a: Bisharp
|-supereffective|p1a: Bisharp
|-damage|p1a: Bisharp|114\/334
|-damage|p2a: Latios|31\/301|[from] item: Life Orb
|move|p1a: Bisharp|Swords Dance|p1a: Bisharp
|-boost|p1a: Bisharp|atk|2
|
|-heal|p1a: Bisharp|134\/334|[from] item: Leftovers
|turn|8
|
|move|p1a: Bisharp|Sucker Punch|p2a: Latios
|-supereffective|p2a: Latios
|-damage|p2a: Latios|0 fnt
|faint|p2a: Latios
|
|-heal|p1a: Bisharp|154\/334|[from] item: Leftovers
|
|switch|p2a: Heatran|Heatran, F|323\/323
|-damage|p2a: Heatran|283\/323|[from] Stealth Rock
|turn|9
|join|Zenzoh
|
|move|p1a: Bisharp|Sucker Punch|p2a: Heatran
|-damage|p2a: Heatran|0 fnt
|faint|p2a: Heatran
|
|-heal|p1a: Bisharp|174\/334|[from] item: Leftovers
|c| Zenzoh|hey bloody
|-message|SwaggBoi forfeited.
|
|win|Aka DH
|raw|Ladder updating...
|leave|SwaggBoi
|player|p2
|raw|Aka DH's rating: 1992 &rarr; <strong>2000<\/strong><br \/>(+8 for winning)
|raw|SwaggBoi's rating: 1750 &rarr; <strong>1742<\/strong><br \/>(-8 for losing)