|join|SwaggBoi
|join|CidZero~Zero
|player|p1|SwaggBoi|248
|player|p2|CidZero~Zero|274
|gametype|singles
|gen|6
|tier|OU
|rated
|clearpoke
|poke|p1|Latios, M
|poke|p1|Landorus-Therian, M
|poke|p1|Charizard, M
|poke|p1|Heatran, F
|poke|p1|Raikou
|poke|p1|Garchomp, M
|poke|p2|Blissey, F
|poke|p2|Mamoswine, M
|poke|p2|Suicune, shiny
|poke|p2|Doublade, M, shiny
|poke|p2|Heatran, F
|poke|p2|Latios, M, shiny
|rule|Swagger Clause: Swagger is banned
|rule|Baton Pass Clause: Limit one PokÃ©mon knowing Baton Pass
|rule|Sleep Clause Mod: Limit one foe put to sleep
|rule|Species Clause: Limit one of each PokÃ©mon
|rule|OHKO Clause: OHKO moves are banned
|rule|Moody Clause: Moody is banned
|rule|Evasion Moves Clause: Evasion moves are banned
|rule|Endless Battle Clause: Forcing endless battles is banned
|rule|HP Percentage Mod: HP is shown in percentages
|teampreview
|
|start
|switch|p1a: Garchomp|Garchomp, M|358\/358
|switch|p2a: Talonnope|Heatran, F|386\/386
|-item|p2a: Talonnope|Air Balloon
|turn|1
|
|move|p1a: Garchomp|Swords Dance|p1a: Garchomp
|-boost|p1a: Garchomp|atk|2
|move|p2a: Talonnope|Stealth Rock|p1a: Garchomp
|-sidestart|p1: SwaggBoi|move: Stealth Rock
|
|turn|2
|
|move|p1a: Garchomp|Outrage|p2a: Talonnope
|-resisted|p2a: Talonnope
|-damage|p2a: Talonnope|216\/386
|-enditem|p2a: Talonnope|Air Balloon
|move|p2a: Talonnope|Roar|p1a: Garchomp
|drag|p1a: Heatran|Heatran, F|323\/323
|-damage|p1a: Heatran|283\/323|[from] Stealth Rock
|
|turn|3
|
|switch|p1a: Landorus-Therian|Landorus-Therian, M|320\/320
|-damage|p1a: Landorus-Therian|280\/320|[from] Stealth Rock
|-ability|p1a: Landorus-Therian|Intimidate|[of] p2a: Talonnope
|-unboost|p2a: Talonnope|atk|1
|switch|p2a: Swine Flu|Mamoswine, M|362\/362
|
|turn|4
|
|move|p2a: Swine Flu|Icicle Crash|p1a: Landorus-Therian
|-supereffective|p1a: Landorus-Therian
|-damage|p1a: Landorus-Therian|0 fnt
|faint|p1a: Landorus-Therian
|
|
|switch|p1a: Heatran|Heatran, F|283\/323
|-damage|p1a: Heatran|243\/323|[from] Stealth Rock
|turn|5
|
|switch|p2a: Talonnope|Heatran, F|216\/386
|move|p1a: Heatran|Flash Cannon|p2a: Talonnope
|-resisted|p2a: Talonnope
|-damage|p2a: Talonnope|185\/386
|
|turn|6
|
|switch|p1a: Raikou|Raikou|322\/322
|-damage|p1a: Raikou|282\/322|[from] Stealth Rock
|-ability|p1a: Raikou|Pressure
|switch|p2a: Swine Flu|Mamoswine, M|362\/362
|
|turn|7
|join|Sixxus
|
|move|p2a: Swine Flu|Earthquake|p1a: Raikou
|-supereffective|p1a: Raikou
|-damage|p1a: Raikou|0 fnt
|faint|p1a: Raikou
|
|
|switch|p1a: Charizard|Charizard, M|298\/298
|-damage|p1a: Charizard|149\/298|[from] Stealth Rock
|turn|8
|c| Sixxus|Sorry, my mom practically came down with ebola over here.
|c|âCidZero~Zero|well shit
|
|switch|p2a: Talonnope|Heatran, F|185\/386
|detailschange|p1a: Charizard|Charizard-Mega-Y, M
|message|Charizard has Mega Evolved into Mega Charizard!
|-weather|SunnyDay
|move|p1a: Charizard|Fire Blast|p2a: Talonnope
|-start|p2a: Talonnope|ability: Flash Fire
|
|-weather|SunnyDay|[upkeep]
|turn|9
|c| Sixxus|she was coughing hardcore
|
|move|p1a: Charizard|Focus Blast|p2a: Talonnope
|-supereffective|p2a: Talonnope
|-damage|p2a: Talonnope|0 fnt
|faint|p2a: Talonnope
|
|-weather|SunnyDay|[upkeep]
|
|switch|p2a: Swine Flu|Mamoswine, M|362\/362
|turn|10
|
|switch|p1a: Heatran|Heatran, F|243\/323
|-damage|p1a: Heatran|203\/323|[from] Stealth Rock
|move|p2a: Swine Flu|Icicle Crash|p1a: Heatran
|-resisted|p1a: Heatran
|-damage|p1a: Heatran|166\/323
|
|-weather|SunnyDay|[upkeep]
|turn|11
|
|switch|p2a: Bloodbath|Blissey, F|714\/714
|move|p1a: Heatran|Fire Blast|p2a: Bloodbath
|-damage|p2a: Bloodbath|461\/714
|
|-weather|SunnyDay|[upkeep]
|-heal|p2a: Bloodbath|505\/714|[from] item: Leftovers
|turn|12
|
|switch|p1a: Garchomp|Garchomp, M|358\/358
|-damage|p1a: Garchomp|336\/358|[from] Stealth Rock
|move|p2a: Bloodbath|Soft-Boiled|p2a: Bloodbath
|-heal|p2a: Bloodbath|714\/714
|
|-weather|none
|turn|13
|
|switch|p2a: Swine Flu|Mamoswine, M|362\/362
|move|p1a: Garchomp|Swords Dance|p1a: Garchomp
|-boost|p1a: Garchomp|atk|2
|
|turn|14
|
|switch|p1a: Heatran|Heatran, F|166\/323
|-damage|p1a: Heatran|126\/323|[from] Stealth Rock
|move|p2a: Swine Flu|Icicle Crash|p1a: Heatran
|-resisted|p1a: Heatran
|-damage|p1a: Heatran|92\/323
|
|turn|15
|-message|SwaggBoi forfeited.
|
|win|CidZero~Zero
|raw|Ladder updating...
|leave|SwaggBoi
|player|p1
|raw|SwaggBoi's rating: 1685 &rarr; <strong>1659<\/strong><br \/>(-26 for losing)
|raw|CidZero~Zero's rating: 1581 &rarr; <strong>1607<\/strong><br \/>(+26 for winning)
|c|âCidZero~Zero|fear of the swine