|join|SwaggBoi
|join|Jiban123
|player|p1|SwaggBoi|114
|player|p2|Jiban123|99
|gametype|singles
|gen|6
|tier|OU
|rated
|clearpoke
|poke|p1|Heatran, M
|poke|p1|Charizard, F
|poke|p1|Talonflame, M
|poke|p1|Latias, F
|poke|p1|Landorus-Therian, M
|poke|p1|Terrakion
|poke|p2|Haxorus, M, shiny
|poke|p2|Blastoise, M
|poke|p2|Jolteon, M
|poke|p2|Arcanine, M
|poke|p2|Talonflame, M
|poke|p2|Lucario, M
|rule|Swagger Clause: Swagger is banned
|rule|Baton Pass Clause: Limit one PokÃ©mon knowing Baton Pass
|rule|Sleep Clause Mod: Limit one foe put to sleep
|rule|Species Clause: Limit one of each PokÃ©mon
|rule|OHKO Clause: OHKO moves are banned
|rule|Moody Clause: Moody is banned
|rule|Evasion Moves Clause: Evasion moves are banned
|rule|Endless Battle Clause: Forcing endless battles is banned
|rule|HP Percentage Mod: HP is shown in percentages
|teampreview
|
|start
|switch|p1a: Terrakion|Terrakion|323\/323
|switch|p2a: Arcanine|Arcanine, M|339\/339
|-ability|p2a: Arcanine|Intimidate|[of] p1a: Terrakion
|-unboost|p1a: Terrakion|atk|1
|turn|1
|
|move|p1a: Terrakion|Stealth Rock|p2a: Arcanine
|-sidestart|p2: Jiban123|move: Stealth Rock
|move|p2a: Arcanine|Close Combat|p1a: Terrakion
|-supereffective|p1a: Terrakion
|-enditem|p1a: Terrakion|Focus Sash
|-damage|p1a: Terrakion|1\/323
|-unboost|p2a: Arcanine|def|1
|-unboost|p2a: Arcanine|spd|1
|-damage|p2a: Arcanine|306\/339|[from] item: Life Orb
|
|turn|2
|
|switch|p1a: Landorus-Therian|Landorus-Therian, M|320\/320
|-ability|p1a: Landorus-Therian|Intimidate|[of] p2a: Arcanine
|-unboost|p2a: Arcanine|atk|1
|move|p2a: Arcanine|Extreme Speed|p1a: Landorus-Therian
|-damage|p1a: Landorus-Therian|228\/320
|-damage|p2a: Arcanine|273\/339|[from] item: Life Orb
|
|turn|3
|
|move|p2a: Arcanine|Extreme Speed|p1a: Landorus-Therian
|-damage|p1a: Landorus-Therian|142\/320
|-damage|p2a: Arcanine|240\/339|[from] item: Life Orb
|move|p1a: Landorus-Therian|Earthquake|p2a: Arcanine
|-supereffective|p2a: Arcanine
|-damage|p2a: Arcanine|0 fnt
|faint|p2a: Arcanine
|
|
|switch|p2a: Blastoise|Blastoise, M|362\/362
|-damage|p2a: Blastoise|317\/362|[from] Stealth Rock
|turn|4
|
|switch|p1a: Latias|Latias, F|302\/302
|detailschange|p2a: Blastoise|Blastoise-Mega, M
|message|Blastoise has Mega Evolved into Mega Blastoise!
|move|p2a: Blastoise|Rapid Spin|p1a: Latias
|-damage|p1a: Latias|286\/302
|-sideend|p2: Jiban123|Stealth Rock|[from] move: Rapid Spin|[of] p2a: Blastoise
|
|turn|5
|
|move|p1a: Latias|Draco Meteor|p2a: Blastoise
|-damage|p2a: Blastoise|105\/362
|-unboost|p1a: Latias|spa|2
|-damage|p1a: Latias|256\/302|[from] item: Life Orb
|move|p2a: Blastoise|Dark Pulse|p1a: Latias
|-supereffective|p1a: Latias
|-damage|p1a: Latias|76\/302
|
|turn|6
|
|move|p1a: Latias|Healing Wish|p1a: Latias
|faint|p1a: Latias
|move|p2a: Blastoise|Dark Pulse|p1: Latias|[notarget]
|-notarget
|
|
|switch|p1a: Charizard|Charizard, F|298\/298
|-heal|p1a: Charizard|298\/298|[from] move: Healing Wish
|turn|7
|
|detailschange|p1a: Charizard|Charizard-Mega-Y, F
|message|Charizard has Mega Evolved into Mega Charizard!
|-weather|SunnyDay
|move|p1a: Charizard|Fire Blast|p2a: Blastoise
|-resisted|p2a: Blastoise
|-damage|p2a: Blastoise|0 fnt
|faint|p2a: Blastoise
|
|-weather|SunnyDay|[upkeep]
|
|switch|p2a: Jolteon|Jolteon, M|271\/271
|turn|8
|
|switch|p1a: Landorus-Therian|Landorus-Therian, M|142\/320
|-ability|p1a: Landorus-Therian|Intimidate|[of] p2a: Jolteon
|-unboost|p2a: Jolteon|atk|1
|move|p2a: Jolteon|Hidden Power|p1a: Landorus-Therian
|-supereffective|p1a: Landorus-Therian
|-damage|p1a: Landorus-Therian|0 fnt
|-damage|p2a: Jolteon|244\/271|[from] item: Life Orb
|faint|p1a: Landorus-Therian
|
|-weather|SunnyDay|[upkeep]
|
|switch|p1a: Heatran|Heatran, M|386\/386
|turn|9
|
|move|p2a: Jolteon|Thunder Wave|p1a: Heatran
|-status|p1a: Heatran|par
|move|p1a: Heatran|Fire Blast|p2a: Jolteon
|-damage|p2a: Jolteon|0 fnt
|faint|p2a: Jolteon
|
|-weather|SunnyDay|[upkeep]
|
|switch|p2a: Lucario|Lucario, M|282\/282
|turn|10
|
|switch|p1a: Terrakion|Terrakion|1\/323
|move|p2a: Lucario|Swords Dance|p2a: Lucario
|-boost|p2a: Lucario|atk|2
|
|-weather|SunnyDay|[upkeep]
|turn|11
|
|move|p2a: Lucario|Extreme Speed|p1a: Terrakion
|-resisted|p1a: Terrakion
|-damage|p1a: Terrakion|0 fnt
|faint|p1a: Terrakion
|
|-weather|none
|
|switch|p1a: Talonflame|Talonflame, M|298\/298
|turn|12
|
|move|p2a: Lucario|Extreme Speed|p1a: Talonflame
|-damage|p1a: Talonflame|32\/298
|move|p1a: Talonflame|Brave Bird|p2a: Lucario
|-enditem|p2a: Lucario|Focus Sash
|-damage|p2a: Lucario|1\/282
|-damage|p1a: Talonflame|0 fnt|[from] recoil|[of] p2a: Lucario
|faint|p1a: Talonflame
|
|
|switch|p1a: Charizard|Charizard-Mega-Y, F|298\/298
|-weather|SunnyDay
|turn|13
|
|move|p2a: Lucario|Extreme Speed|p1a: Charizard
|-damage|p1a: Charizard|51\/298
|move|p1a: Charizard|Air Slash|p2a: Lucario
|-damage|p2a: Lucario|0 fnt
|faint|p2a: Lucario
|
|-weather|SunnyDay|[upkeep]
|
|switch|p2a: Haxorus|Haxorus, M, shiny|294\/294
|-ability|p2a: Haxorus|Mold Breaker
|turn|14
|
|move|p1a: Charizard|Air Slash|p2a: Haxorus
|-damage|p2a: Haxorus|87\/294
|move|p2a: Haxorus|Dragon Claw|p1a: Charizard
|-damage|p1a: Charizard|0 fnt
|faint|p1a: Charizard
|
|-weather|SunnyDay|[upkeep]
|
|switch|p1a: Heatran|Heatran, M|386\/386 par
|turn|15
|
|move|p2a: Haxorus|Earthquake|p1a: Heatran
|-crit|p1a: Heatran
|-supereffective|p1a: Heatran
|-damage|p1a: Heatran|0 fnt
|faint|p1a: Heatran
|
|win|Jiban123
|raw|Ladder updating...
|leave|SwaggBoi