|join|Mob Barley
|join|SwaggBoi
|player|p1|Mob Barley|161
|player|p2|SwaggBoi|248
|gametype|singles
|gen|6
|tier|OU
|rated
|clearpoke
|poke|p1|Hippowdon, M
|poke|p1|Manaphy
|poke|p1|Ferrothorn, M, shiny
|poke|p1|Pinsir, M, shiny
|poke|p1|Latios, M
|poke|p1|Bisharp, M, shiny
|poke|p2|Landorus-Therian, M
|poke|p2|Charizard, M
|poke|p2|Tyranitar, F
|poke|p2|Excadrill, M
|poke|p2|Latios, M
|poke|p2|Infernape, F
|rule|Swagger Clause: Swagger is banned
|rule|Baton Pass Clause: Limit one PokÃ©mon knowing Baton Pass
|rule|Sleep Clause Mod: Limit one foe put to sleep
|rule|Species Clause: Limit one of each PokÃ©mon
|rule|OHKO Clause: OHKO moves are banned
|rule|Moody Clause: Moody is banned
|rule|Evasion Moves Clause: Evasion moves are banned
|rule|Endless Battle Clause: Forcing endless battles is banned
|rule|HP Percentage Mod: HP is shown in percentages
|teampreview
|
|start
|switch|p1a: Cherry|Ferrothorn, M, shiny|352\/352
|switch|p2a: Landorus-Therian|Landorus-Therian, M|320\/320
|-ability|p2a: Landorus-Therian|Intimidate|[of] p1a: Cherry
|-unboost|p1a: Cherry|atk|1
|turn|1
|join|lil manaphy
|
|move|p2a: Landorus-Therian|U-turn|p1a: Cherry
|-damage|p1a: Cherry|284\/352
|-damage|p2a: Landorus-Therian|280\/320|[from] ability: Iron Barbs|[of] p1a: Cherry
|
|switch|p2a: Charizard|Charizard, M|297\/297
|move|p1a: Cherry|Spikes|p2a: Charizard
|-sidestart|p2: SwaggBoi|Spikes
|
|-heal|p1a: Cherry|306\/352|[from] item: Leftovers
|turn|2
|
|switch|p1a: Jet Blue|Latios, M|301\/301
|detailschange|p2a: Charizard|Charizard-Mega-Y, M
|message|Charizard has Mega Evolved into Mega Charizard!
|-weather|SunnyDay
|move|p2a: Charizard|Fire Blast|p1a: Jet Blue
|-resisted|p1a: Jet Blue
|-damage|p1a: Jet Blue|114\/301
|
|-weather|SunnyDay|[upkeep]
|turn|3
|
|switch|p1a: Hippo Hop|Hippowdon, M|420\/420
|switch|p2a: Tyranitar|Tyranitar, F|404\/404
|-damage|p2a: Tyranitar|354\/404|[from] Spikes
|-weather|Sandstorm
|
|-weather|Sandstorm|[upkeep]
|turn|4
|
|switch|p2a: Charizard|Charizard-Mega-Y, M|297\/297
|-weather|SunnyDay
|move|p1a: Hippo Hop|Stealth Rock|p2a: Charizard
|-sidestart|p2: SwaggBoi|move: Stealth Rock
|
|-weather|SunnyDay|[upkeep]
|turn|5
|
|move|p2a: Charizard|Fire Blast|p1a: Hippo Hop
|-damage|p1a: Hippo Hop|44\/420
|move|p1a: Hippo Hop|Whirlwind|p2a: Charizard
|drag|p2a: Latios|Latios, M|301\/301
|-damage|p2a: Latios|264\/301|[from] Stealth Rock
|
|-weather|SunnyDay|[upkeep]
|-heal|p1a: Hippo Hop|70\/420|[from] item: Leftovers
|turn|6
|
|move|p2a: Latios|Earthquake|p1a: Hippo Hop
|-damage|p1a: Hippo Hop|9\/420
|-damage|p2a: Latios|234\/301|[from] item: Life Orb
|move|p1a: Hippo Hop|Slack Off|p1a: Hippo Hop
|-heal|p1a: Hippo Hop|219\/420
|
|-weather|SunnyDay|[upkeep]
|-heal|p1a: Hippo Hop|245\/420|[from] item: Leftovers
|turn|7
|
|switch|p1a: Cherry|Ferrothorn, M, shiny|306\/352
|move|p2a: Latios|Defog|p1a: Cherry
|-unboost|p1a: Cherry|evasion|1
|-sideend|p2: SwaggBoi|Spikes|[from] move: Defog|[of] p2a: Latios
|-sideend|p2: SwaggBoi|Stealth Rock|[from] move: Defog|[of] p2a: Latios
|
|-weather|SunnyDay|[upkeep]
|-heal|p1a: Cherry|328\/352|[from] item: Leftovers
|turn|8
|
|switch|p2a: Infernape|Infernape, F|294\/294
|switch|p1a: Jet Blue|Latios, M|114\/301
|
|-weather|none
|turn|9
|
|switch|p1a: Powah Rangah|Bisharp, M, shiny|271\/271
|move|p2a: Infernape|Stealth Rock|p1a: Powah Rangah
|-sidestart|p1: Mob Barley|move: Stealth Rock
|
|turn|10
|
|switch|p1a: Hippo Hop|Hippowdon, M|245\/420
|-damage|p1a: Hippo Hop|219\/420|[from] Stealth Rock
|move|p2a: Infernape|Mach Punch|p1a: Hippo Hop
|-damage|p1a: Hippo Hop|180\/420
|
|-heal|p1a: Hippo Hop|206\/420|[from] item: Leftovers
|turn|11
|
|switch|p2a: Charizard|Charizard-Mega-Y, M|297\/297
|-weather|SunnyDay
|move|p1a: Hippo Hop|Slack Off|p1a: Hippo Hop
|-heal|p1a: Hippo Hop|416\/420
|
|-weather|SunnyDay|[upkeep]
|-heal|p1a: Hippo Hop|420\/420|[from] item: Leftovers
|turn|12
|
|move|p2a: Charizard|Solar Beam|p1a: Hippo Hop|[still]
|-prepare|p2a: Charizard|Solar Beam|p1a: Hippo Hop
|-anim|p2a: Charizard|Solar Beam|p1a: Hippo Hop
|-supereffective|p1a: Hippo Hop
|-damage|p1a: Hippo Hop|0 fnt
|faint|p1a: Hippo Hop
|
|-weather|SunnyDay|[upkeep]
|
|switch|p1a: Jet Blue|Latios, M|114\/301
|-damage|p1a: Jet Blue|77\/301|[from] Stealth Rock
|turn|13
|
|switch|p2a: Tyranitar|Tyranitar, F|354\/404
|-weather|Sandstorm
|move|p1a: Jet Blue|Defog|p2a: Tyranitar
|-unboost|p2a: Tyranitar|evasion|1
|-sideend|p1: Mob Barley|Stealth Rock|[from] move: Defog|[of] p1a: Jet Blue
|
|-weather|Sandstorm|[upkeep]
|-damage|p1a: Jet Blue|59\/301|[from] sandstorm
|turn|14
|
|move|p1a: Jet Blue|Draco Meteor|p2a: Tyranitar
|-damage|p2a: Tyranitar|167\/404
|-unboost|p1a: Jet Blue|spa|2
|-damage|p1a: Jet Blue|29\/301|[from] item: Life Orb
|move|p2a: Tyranitar|Pursuit|p1a: Jet Blue
|-supereffective|p1a: Jet Blue
|-damage|p1a: Jet Blue|0 fnt
|faint|p1a: Jet Blue
|
|-weather|Sandstorm|[upkeep]
|
|switch|p1a: Mayhem|Pinsir, M, shiny|271\/271
|turn|15
|
|detailschange|p1a: Mayhem|Pinsir-Mega, M, shiny
|message|Pinsir has Mega Evolved into Mega Pinsir!
|move|p1a: Mayhem|Close Combat|p2a: Tyranitar
|-supereffective|p2a: Tyranitar
|-damage|p2a: Tyranitar|0 fnt
|-unboost|p1a: Mayhem|def|1
|-unboost|p1a: Mayhem|spd|1
|faint|p2a: Tyranitar
|
|-weather|Sandstorm|[upkeep]
|-damage|p1a: Mayhem|255\/271|[from] sandstorm
|
|switch|p2a: Landorus-Therian|Landorus-Therian, M|280\/320
|-ability|p2a: Landorus-Therian|Intimidate|[of] p1a: Mayhem
|-unboost|p1a: Mayhem|atk|1
|turn|16
|
|switch|p1a: Cherry|Ferrothorn, M, shiny|328\/352
|move|p2a: Landorus-Therian|U-turn|p1a: Cherry
|-damage|p1a: Cherry|257\/352
|-damage|p2a: Landorus-Therian|240\/320|[from] ability: Iron Barbs|[of] p1a: Cherry
|join|rob
|
|switch|p2a: Infernape|Infernape, F|294\/294
|
|-weather|Sandstorm|[upkeep]
|-damage|p2a: Infernape|276\/294|[from] sandstorm
|-heal|p1a: Cherry|279\/352|[from] item: Leftovers
|turn|17
|
|switch|p1a: Aquafina|Manaphy|403\/403
|move|p2a: Infernape|Flare Blitz|p1a: Aquafina
|-resisted|p1a: Aquafina
|-damage|p1a: Aquafina|328\/403
|-status|p1a: Aquafina|brn
|-damage|p2a: Infernape|251\/294|[from] recoil|[of] p1a: Aquafina
|
|-weather|Sandstorm|[upkeep]
|-damage|p2a: Infernape|233\/294|[from] sandstorm
|-damage|p1a: Aquafina|303\/403 brn|[from] sandstorm
|-heal|p1a: Aquafina|328\/403 brn|[from] item: Leftovers
|-damage|p1a: Aquafina|278\/403 brn|[from] brn
|turn|18
|c| rob|lfi mob
|c| rob|lgi*
|c| rob|rain dance right here
|c| rob|he aint ready
|
|move|p2a: Infernape|Stealth Rock|p1a: Aquafina
|-sidestart|p1: Mob Barley|move: Stealth Rock
|move|p1a: Aquafina|Rain Dance|p1a: Aquafina
|-weather|RainDance
|
|-weather|RainDance|[upkeep]
|-curestatus|p1a: Aquafina|brn
|-heal|p1a: Aquafina|303\/403|[from] item: Leftovers
|turn|19
|
|switch|p2a: Charizard|Charizard-Mega-Y, M|297\/297
|-weather|SunnyDay
|move|p1a: Aquafina|Rain Dance|p1a: Aquafina
|-weather|RainDance
|
|-weather|RainDance|[upkeep]
|-heal|p1a: Aquafina|328\/403|[from] item: Leftovers
|turn|20
|
|switch|p2a: Latios|Latios, M|234\/301
|move|p1a: Aquafina|Calm Mind|p1a: Aquafina
|-boost|p1a: Aquafina|spa|1
|-boost|p1a: Aquafina|spd|1
|
|-weather|RainDance|[upkeep]
|-heal|p1a: Aquafina|353\/403|[from] item: Leftovers
|turn|21
|c| rob|crisp
|
|switch|p2a: Landorus-Therian|Landorus-Therian, M|240\/320
|-ability|p2a: Landorus-Therian|Intimidate|[of] p1a: Aquafina
|-unboost|p1a: Aquafina|atk|1
|move|p1a: Aquafina|Calm Mind|p1a: Aquafina
|-boost|p1a: Aquafina|spa|1
|-boost|p1a: Aquafina|spd|1
|
|-weather|RainDance|[upkeep]
|-heal|p1a: Aquafina|378\/403|[from] item: Leftovers
|turn|22
|c| rob|he really risked rocks tho
|c| rob|when sharp fucks his teams
|c| rob|team*
|c| lil manaphy|the manaphy sweep
|c| lil manaphy|is there
|
|move|p2a: Landorus-Therian|Earthquake|p1a: Aquafina
|-damage|p1a: Aquafina|209\/403
|move|p1a: Aquafina|Calm Mind|p1a: Aquafina
|-boost|p1a: Aquafina|spa|1
|-boost|p1a: Aquafina|spd|1
|
|-weather|RainDance|[upkeep]
|-heal|p1a: Aquafina|234\/403|[from] item: Leftovers
|turn|23
|
|move|p2a: Landorus-Therian|Earthquake|p1a: Aquafina
|-crit|p1a: Aquafina
|-damage|p1a: Aquafina|0 fnt
|faint|p1a: Aquafina
|
|-weather|none
|c| lil manaphy|oh
|c| lil manaphy|nvm
|c|âMob Barley|lawl
|
|switch|p1a: Cherry|Ferrothorn, M, shiny|279\/352
|-damage|p1a: Cherry|257\/352|[from] Stealth Rock
|turn|24
|
|switch|p2a: Charizard|Charizard-Mega-Y, M|297\/297
|-weather|SunnyDay
|move|p1a: Cherry|Spikes|p2a: Charizard
|-sidestart|p2: SwaggBoi|Spikes
|
|-weather|SunnyDay|[upkeep]
|-heal|p1a: Cherry|279\/352|[from] item: Leftovers
|turn|25
|
|move|p2a: Charizard|Fire Blast|p1a: Cherry
|-supereffective|p1a: Cherry
|-damage|p1a: Cherry|0 fnt
|faint|p1a: Cherry
|
|-weather|SunnyDay|[upkeep]
|
|switch|p1a: Mayhem|Pinsir-Mega, M, shiny|255\/271
|-damage|p1a: Mayhem|120\/271|[from] Stealth Rock
|turn|26
|join|LoganUnderFire
|
|move|p1a: Mayhem|Swords Dance|p1a: Mayhem
|-boost|p1a: Mayhem|atk|2
|move|p2a: Charizard|Air Slash|p1a: Mayhem
|-supereffective|p1a: Mayhem
|-damage|p1a: Mayhem|0 fnt
|faint|p1a: Mayhem
|
|-weather|SunnyDay|[upkeep]
|c|âMob Barley|......\
|-message|Mob Barley forfeited.
|
|win|SwaggBoi
|raw|Ladder updating...
|leave|Mob Barley
|player|p1
|raw|Mob Barley's rating: 1774 &rarr; <strong>1756<\/strong><br \/>(-18 for losing)
|raw|SwaggBoi's rating: 1810 &rarr; <strong>1828<\/strong><br \/>(+18 for winning)