|join|mistaken
|join|SwaggBoi
|player|p1|mistaken|154
|player|p2|SwaggBoi|1
|gametype|singles
|gen|6
|tier|OU
|rated
|clearpoke
|poke|p1|Smeargle, M, shiny
|poke|p1|Whimsicott, M
|poke|p1|Dugtrio, F
|poke|p1|Espeon, M, shiny
|poke|p1|Gothitelle, M
|poke|p1|Azelf
|poke|p2|Heatran, F
|poke|p2|Latios, M
|poke|p2|Scizor, M
|poke|p2|Clefable, F
|poke|p2|Rotom-Wash
|poke|p2|Garchomp, F
|rule|Swagger Clause: Swagger is banned
|rule|Baton Pass Clause: Limit one PokÃ©mon knowing Baton Pass
|rule|Sleep Clause Mod: Limit one foe put to sleep
|rule|Species Clause: Limit one of each PokÃ©mon
|rule|OHKO Clause: OHKO moves are banned
|rule|Moody Clause: Moody is banned
|rule|Evasion Moves Clause: Evasion moves are banned
|rule|Endless Battle Clause: Forcing endless battles is banned
|rule|HP Percentage Mod: HP is shown in percentages
|teampreview
|
|start
|switch|p1a: Dugtrio|Dugtrio, F|211\/211
|switch|p2a: Garchomp|Garchomp, F|358\/358
|turn|1
|
|move|p1a: Dugtrio|Stealth Rock|p2a: Garchomp
|-sidestart|p2: SwaggBoi|move: Stealth Rock
|move|p2a: Garchomp|Substitute|p2a: Garchomp
|-start|p2a: Garchomp|Substitute
|-damage|p2a: Garchomp|269\/358
|
|-heal|p2a: Garchomp|291\/358|[from] item: Leftovers
|turn|2
|
|move|p1a: Dugtrio|Earthquake|p2a: Garchomp
|-crit|p2a: Garchomp
|-end|p2a: Garchomp|Substitute
|move|p2a: Garchomp|Earthquake|p1a: Dugtrio
|-enditem|p1a: Dugtrio|Focus Sash
|-damage|p1a: Dugtrio|1\/211
|
|-heal|p2a: Garchomp|313\/358|[from] item: Leftovers
|turn|3
|
|move|p1a: Dugtrio|Memento|p2a: Garchomp
|-unboost|p2a: Garchomp|atk|2
|-unboost|p2a: Garchomp|spa|2
|faint|p1a: Dugtrio
|move|p2a: Garchomp|Earthquake|p1: Dugtrio|[notarget]
|-notarget
|
|-heal|p2a: Garchomp|335\/358|[from] item: Leftovers
|
|switch|p1a: Azelf|Azelf|354\/354
|turn|4
|
|move|p1a: Azelf|Taunt|p2a: Garchomp
|-start|p2a: Garchomp|move: Taunt
|cant|p2a: Garchomp|move: Taunt|Substitute
|
|-heal|p2a: Garchomp|357\/358|[from] item: Leftovers
|turn|5
|
|switch|p2a: Scizor|Scizor, M|344\/344
|-damage|p2a: Scizor|301\/344|[from] Stealth Rock
|move|p1a: Azelf|Reflect|p1a: Azelf
|-sidestart|p1: mistaken|Reflect
|
|turn|6
|
|detailschange|p2a: Scizor|Scizor-Mega, M
|message|Scizor has Mega Evolved into Mega Scizor!
|move|p1a: Azelf|Light Screen|p1a: Azelf
|-sidestart|p1: mistaken|move: Light Screen
|move|p2a: Scizor|Swords Dance|p2a: Scizor
|-boost|p2a: Scizor|atk|2
|
|turn|7
|
|move|p1a: Azelf|Taunt|p2a: Scizor
|-start|p2a: Scizor|move: Taunt
|cant|p2a: Scizor|move: Taunt|Swords Dance
|
|turn|8
|
|move|p1a: Azelf|Explosion|p2a: Scizor
|-resisted|p2a: Scizor
|-damage|p2a: Scizor|235\/344
|faint|p1a: Azelf
|move|p2a: Scizor|Knock Off|p1: Azelf|[notarget]
|-notarget
|
|
|switch|p1a: Whimsicott|Whimsicott, M|324\/324
|turn|9
|
|move|p1a: Whimsicott|Tailwind|p1a: Whimsicott
|-sidestart|p1: mistaken|move: Tailwind
|move|p2a: Scizor|Bullet Punch|p1a: Whimsicott
|-supereffective|p1a: Whimsicott
|-damage|p1a: Whimsicott|59\/324
|
|-end|p2a: Scizor|move: Taunt
|turn|10
|
|move|p1a: Whimsicott|Encore|p2a: Scizor
|-start|p2a: Scizor|Encore
|move|p2a: Scizor|Bullet Punch|p1a: Whimsicott
|-supereffective|p1a: Whimsicott
|-damage|p1a: Whimsicott|0 fnt
|faint|p1a: Whimsicott
|
|
|switch|p1a: AL CAPONE|Smeargle, M, shiny|273\/273
|turn|11
|
|move|p2a: Scizor|Bullet Punch|p1a: AL CAPONE
|-damage|p1a: AL CAPONE|135\/273
|move|p1a: AL CAPONE|Cotton Guard|p1a: AL CAPONE
|-boost|p1a: AL CAPONE|def|3
|
|turn|12
|
|move|p2a: Scizor|Bullet Punch|p1a: AL CAPONE
|-damage|p1a: AL CAPONE|73\/273
|move|p1a: AL CAPONE|Spore|p2a: Scizor
|-status|p2a: Scizor|slp
|
|-end|p2a: Scizor|Encore
|-sideend|p1: mistaken|Reflect
|-sideend|p1: mistaken|move: Tailwind
|turn|13
|
|switch|p2a: Latios|Latios, M|301\/301
|-damage|p2a: Latios|264\/301|[from] Stealth Rock
|move|p1a: AL CAPONE|Geomancy|p1a: AL CAPONE|[still]
|-prepare|p1a: AL CAPONE|Geomancy|p1a: AL CAPONE
|-enditem|p1a: AL CAPONE|Power Herb
|-anim|p1a: AL CAPONE|Geomancy|p1a: AL CAPONE
|-boost|p1a: AL CAPONE|spa|2
|-boost|p1a: AL CAPONE|spd|2
|-boost|p1a: AL CAPONE|spe|2
|
|-sideend|p1: mistaken|move: Light Screen
|turn|14
|
|move|p1a: AL CAPONE|Baton Pass|p1a: AL CAPONE
|
|switch|p1a: GG no RE|Espeon, M, shiny|321\/321
|move|p2a: Latios|Draco Meteor|p1a: GG no RE
|-damage|p1a: GG no RE|160\/321
|-unboost|p2a: Latios|spa|2
|-damage|p2a: Latios|234\/301|[from] item: Life Orb
|
|-heal|p1a: GG no RE|180\/321|[from] item: Leftovers
|turn|15
|
|move|p1a: GG no RE|Stored Power|p2a: Latios
|-resisted|p2a: Latios
|-damage|p2a: Latios|0 fnt
|faint|p2a: Latios
|
|-heal|p1a: GG no RE|200\/321|[from] item: Leftovers
|
|switch|p2a: Heatran|Heatran, F|386\/386
|-damage|p2a: Heatran|338\/386|[from] Stealth Rock
|turn|16
|
|move|p1a: GG no RE|Substitute|p1a: GG no RE
|-start|p1a: GG no RE|Substitute
|-damage|p1a: GG no RE|120\/321
|move|p2a: Heatran|Lava Plume|p1a: GG no RE
|-activate|p1a: GG no RE|Substitute|[damage]
|
|-heal|p1a: GG no RE|140\/321|[from] item: Leftovers
|-heal|p2a: Heatran|362\/386|[from] item: Leftovers
|turn|17
|
|move|p1a: GG no RE|Morning Sun|p1a: GG no RE
|-heal|p1a: GG no RE|300\/321
|move|p2a: Heatran|Lava Plume|p1a: GG no RE
|-end|p1a: GG no RE|Substitute
|
|-heal|p1a: GG no RE|320\/321|[from] item: Leftovers
|-heal|p2a: Heatran|386\/386|[from] item: Leftovers
|turn|18
|-message|SwaggBoi forfeited.
|
|win|mistaken
|raw|Ladder updating...
|leave|SwaggBoi
|player|p2
|raw|mistaken's rating: 1700 &rarr; <strong>1717<\/strong><br \/>(+17 for winning)
|raw|SwaggBoi's rating: 1635 &rarr; <strong>1619<\/strong><br \/>(-16 for losing)