|join|david D. ace
|join|SwaggBoi
|player|p1|david D. ace|1
|player|p2|SwaggBoi|169
|gametype|singles
|gen|6
|tier|OU
|rated
|clearpoke
|poke|p1|Mew
|poke|p1|Chansey, F
|poke|p1|Mamoswine, M
|poke|p1|Slowbro, M
|poke|p1|Medicham, M
|poke|p1|Sylveon, M
|poke|p2|Excadrill, M
|poke|p2|Tyranitar, M
|poke|p2|Charizard, F
|poke|p2|Landorus-Therian, M
|poke|p2|Dragonite, M
|poke|p2|Starmie
|rule|Swagger Clause: Swagger is banned
|rule|Baton Pass Clause: Limit one PokÃ©mon knowing Baton Pass
|rule|Sleep Clause Mod: Limit one foe put to sleep
|rule|Species Clause: Limit one of each PokÃ©mon
|rule|OHKO Clause: OHKO moves are banned
|rule|Moody Clause: Moody is banned
|rule|Evasion Moves Clause: Evasion moves are banned
|rule|Endless Battle Clause: Forcing endless battles is banned
|rule|HP Percentage Mod: HP is shown in percentages
|teampreview
|
|start
|switch|p1a: Chansey|Chansey, F|704\/704
|switch|p2a: Landorus-Therian|Landorus-Therian, M|319\/319
|-ability|p2a: Landorus-Therian|Intimidate|[of] p1a: Chansey
|-unboost|p1a: Chansey|atk|1
|turn|1
|c|âSwaggBoi|nice pink team
|
|move|p2a: Landorus-Therian|Knock Off|p1a: Chansey
|-damage|p1a: Chansey|533\/704
|-enditem|p1a: Chansey|Eviolite|[from] move: Knock Off|[of] p2a: Landorus-Therian
|move|p1a: Chansey|Counter|p2a: Landorus-Therian
|-damage|p2a: Landorus-Therian|0 fnt
|faint|p2a: Landorus-Therian
|
|
|switch|p2a: Excadrill|Excadrill, M|362\/362
|turn|2
|
|move|p2a: Excadrill|Earthquake|p1a: Chansey
|-damage|p1a: Chansey|0 fnt
|-damage|p2a: Excadrill|326\/362|[from] item: Life Orb
|faint|p1a: Chansey
|
|
|switch|p1a: Slowbro|Slowbro, M|394\/394
|turn|3
|
|switch|p2a: Charizard|Charizard, F|297\/297
|move|p1a: Slowbro|Scald|p2a: Charizard
|-supereffective|p2a: Charizard
|-damage|p2a: Charizard|97\/297
|
|turn|4
|
|switch|p1a: Mew|Mew|404\/404
|detailschange|p2a: Charizard|Charizard-Mega-Y, F
|-mega|p2a: Charizard|Charizard|Charizardite Y
|-weather|SunnyDay
|move|p2a: Charizard|Solar Beam|p1a: Mew|[still]
|-prepare|p2a: Charizard|Solar Beam|p1a: Mew
|-anim|p2a: Charizard|Solar Beam|p1a: Mew
|-damage|p1a: Mew|274\/404
|
|-weather|SunnyDay|[upkeep]
|-heal|p1a: Mew|299\/404|[from] item: Leftovers
|turn|5
|
|move|p2a: Charizard|Fire Blast|p1a: Mew
|-damage|p1a: Mew|16\/404
|move|p1a: Mew|Knock Off|p2a: Charizard
|-damage|p2a: Charizard|39\/297
|
|-weather|SunnyDay|[upkeep]
|-heal|p1a: Mew|41\/404|[from] item: Leftovers
|turn|6
|
|move|p2a: Charizard|Air Slash|p1a: Mew
|-damage|p1a: Mew|0 fnt
|faint|p1a: Mew
|
|-weather|SunnyDay|[upkeep]
|
|switch|p1a: Medicham|Medicham, M|261\/261
|turn|7
|
|switch|p2a: Tyranitar|Tyranitar, M|403\/403
|-weather|Sandstorm
|detailschange|p1a: Medicham|Medicham-Mega, M
|-mega|p1a: Medicham|Medicham|Medichamite
|move|p1a: Medicham|Drain Punch|p2a: Tyranitar
|-supereffective|p2a: Tyranitar
|-damage|p2a: Tyranitar|0 fnt
|faint|p2a: Tyranitar
|
|-weather|Sandstorm|[upkeep]
|-damage|p1a: Medicham|245\/261|[from] Sandstorm
|
|switch|p2a: Excadrill|Excadrill, M|326\/362
|turn|8
|
|switch|p1a: Slowbro|Slowbro, M|394\/394
|move|p2a: Excadrill|Earthquake|p1a: Slowbro
|-damage|p1a: Slowbro|226\/394
|-damage|p2a: Excadrill|290\/362|[from] item: Life Orb
|
|-weather|Sandstorm|[upkeep]
|-damage|p1a: Slowbro|202\/394|[from] Sandstorm
|turn|9
|
|move|p2a: Excadrill|Earthquake|p1a: Slowbro
|-damage|p1a: Slowbro|17\/394
|-damage|p2a: Excadrill|254\/362|[from] item: Life Orb
|move|p1a: Slowbro|Scald|p2a: Excadrill
|-supereffective|p2a: Excadrill
|-damage|p2a: Excadrill|0 fnt
|faint|p2a: Excadrill
|
|-weather|Sandstorm|[upkeep]
|-damage|p1a: Slowbro|0 fnt|[from] Sandstorm
|faint|p1a: Slowbro
|
|switch|p1a: Medicham|Medicham-Mega, M|245\/261
|switch|p2a: Dragonite|Dragonite, M|323\/323
|turn|10
|
|move|p1a: Medicham|Fake Out|p2a: Dragonite
|-crit|p2a: Dragonite
|-damage|p2a: Dragonite|249\/323
|cant|p2a: Dragonite|flinch
|
|-weather|Sandstorm|[upkeep]
|-damage|p1a: Medicham|229\/261|[from] Sandstorm
|-damage|p2a: Dragonite|229\/323|[from] Sandstorm
|turn|11
|
|switch|p1a: Sylveon|Sylveon, M|394\/394
|move|p2a: Dragonite|Dragon Dance|p2a: Dragonite
|-boost|p2a: Dragonite|atk|1
|-boost|p2a: Dragonite|spe|1
|
|-weather|Sandstorm|[upkeep]
|-damage|p2a: Dragonite|209\/323|[from] Sandstorm
|-damage|p1a: Sylveon|370\/394|[from] Sandstorm
|-heal|p1a: Sylveon|394\/394|[from] item: Leftovers
|turn|12
|
|move|p2a: Dragonite|Earthquake|p1a: Sylveon
|-damage|p1a: Sylveon|148\/394
|-damage|p2a: Dragonite|177\/323|[from] item: Life Orb
|move|p1a: Sylveon|Hyper Voice|p2a: Dragonite
|-supereffective|p2a: Dragonite
|-damage|p2a: Dragonite|0 fnt
|faint|p2a: Dragonite
|
|-weather|Sandstorm|[upkeep]
|-damage|p1a: Sylveon|124\/394|[from] Sandstorm
|-heal|p1a: Sylveon|148\/394|[from] item: Leftovers
|
|switch|p2a: Starmie|Starmie|261\/261
|turn|13
|
|move|p1a: Sylveon|Protect|p1a: Sylveon
|-singleturn|p1a: Sylveon|Protect
|move|p2a: Starmie|Psyshock|p1a: Sylveon
|-activate|p1a: Sylveon|Protect
|
|-weather|Sandstorm|[upkeep]
|-damage|p2a: Starmie|245\/261|[from] Sandstorm
|-damage|p1a: Sylveon|124\/394|[from] Sandstorm
|-heal|p1a: Sylveon|148\/394|[from] item: Leftovers
|turn|14
|
|move|p2a: Starmie|Psyshock|p1a: Sylveon
|-damage|p1a: Sylveon|0 fnt
|-damage|p2a: Starmie|219\/261|[from] item: Life Orb
|faint|p1a: Sylveon
|
|-weather|none
|
|switch|p1a: Medicham|Medicham-Mega, M|229\/261
|turn|15
|
|move|p1a: Medicham|Fake Out|p2a: Starmie
|-damage|p2a: Starmie|121\/261
|cant|p2a: Starmie|flinch
|
|turn|16
|
|switch|p1a: Mamoswine|Mamoswine, M|361\/361
|move|p2a: Starmie|Scald|p1a: Mamoswine
|-supereffective|p1a: Mamoswine
|-damage|p1a: Mamoswine|0 fnt
|-damage|p2a: Starmie|95\/261|[from] item: Life Orb
|faint|p1a: Mamoswine
|
|
|switch|p1a: Medicham|Medicham-Mega, M|229\/261
|turn|17
|
|switch|p2a: Charizard|Charizard-Mega-Y, F|39\/297
|-weather|SunnyDay
|move|p1a: Medicham|Fake Out|p2a: Charizard
|-damage|p2a: Charizard|0 fnt
|faint|p2a: Charizard
|
|-weather|SunnyDay|[upkeep]
|
|switch|p2a: Starmie|Starmie|95\/261
|turn|18
|
|move|p2a: Starmie|Psyshock|p1a: Medicham
|-damage|p1a: Medicham|37\/261
|-damage|p2a: Starmie|69\/261|[from] item: Life Orb
|move|p1a: Medicham|Drain Punch|p2a: Starmie
|-resisted|p2a: Starmie
|-damage|p2a: Starmie|0 fnt
|-heal|p1a: Medicham|72\/261|[from] drain|[of] p2a: Starmie
|faint|p2a: Starmie
|
|win|david D. ace
|raw|Ladder updating...
|raw|david D. ace's rating: 1520 &rarr; <strong>1541<\/strong><br \/>(+21 for winning)
|raw|SwaggBoi's rating: 1540 &rarr; <strong>1519<\/strong><br \/>(-21 for losing)
|leave|SwaggBoi
|player|p2