|join|SwaggBoi
|join|Hydr0Strykker
|player|p1|SwaggBoi|265
|player|p2|Hydr0Strykker|144
|gametype|singles
|gen|6
|tier|OU (suspect test)
|rated
|clearpoke
|poke|p1|Latios, M
|poke|p1|Keldeo
|poke|p1|Heatran, M
|poke|p1|Scizor, M
|poke|p1|Slowbro, F
|poke|p1|Sylveon, M
|poke|p2|Swampert, M
|poke|p2|Magnezone
|poke|p2|Heatran, F
|poke|p2|Dragonite, F
|poke|p2|Conkeldurr, M
|poke|p2|Latias, F
|rule|Swagger Clause: Swagger is banned
|rule|Baton Pass Clause: Limit one PokÃ©mon knowing Baton Pass
|rule|Sleep Clause Mod: Limit one foe put to sleep
|rule|Species Clause: Limit one of each PokÃ©mon
|rule|OHKO Clause: OHKO moves are banned
|rule|Moody Clause: Moody is banned
|rule|Evasion Moves Clause: Evasion moves are banned
|rule|Endless Battle Clause: Forcing endless battles is banned
|rule|HP Percentage Mod: HP is shown in percentages
|teampreview
|c|âHydr0Strykker|gl hf
|c|âSwaggBoi|yu2
|
|start
|switch|p1a: Keldeo|Keldeo|323\/323
|switch|p2a: Estrondo|Conkeldurr, M|352\/352
|turn|1
|
|switch|p1a: Slowbro|Slowbro, F|394\/394
|move|p2a: Estrondo|Drain Punch|p1a: Slowbro
|-resisted|p1a: Slowbro
|-damage|p1a: Slowbro|343\/394
|
|-heal|p1a: Slowbro|367\/394|[from] item: Leftovers
|turn|2
|
|move|p2a: Estrondo|Knock Off|p1a: Slowbro
|-supereffective|p1a: Slowbro
|-damage|p1a: Slowbro|199\/394
|-enditem|p1a: Slowbro|Leftovers|[from] move: Knock Off|[of] p2a: Estrondo
|move|p1a: Slowbro|Scald|p2a: Estrondo
|-damage|p2a: Estrondo|288\/352
|
|turn|3
|
|move|p2a: Estrondo|Knock Off|p1a: Slowbro
|-supereffective|p1a: Slowbro
|-damage|p1a: Slowbro|83\/394
|move|p1a: Slowbro|Slack Off|p1a: Slowbro
|-heal|p1a: Slowbro|280\/394
|
|turn|4
|
|switch|p1a: Sylveon|Sylveon, M|394\/394
|move|p2a: Estrondo|Knock Off|p1a: Sylveon
|-resisted|p1a: Sylveon
|-damage|p1a: Sylveon|306\/394
|-enditem|p1a: Sylveon|Leftovers|[from] move: Knock Off|[of] p2a: Estrondo
|
|turn|5
|
|switch|p1a: Keldeo|Keldeo|323\/323
|switch|p2a: Blaze|Heatran, F|326\/326
|-item|p2a: Blaze|Air Balloon
|
|turn|6
|
|switch|p2a: Plane|Latias, F|319\/319
|move|p1a: Keldeo|Scald|p2a: Plane
|-resisted|p2a: Plane
|-damage|p2a: Plane|256\/319
|
|turn|7
|
|switch|p1a: Heatran|Heatran, M|384\/384
|-item|p1a: Heatran|Air Balloon
|move|p2a: Plane|Draco Meteor|p1a: Heatran
|-resisted|p1a: Heatran
|-damage|p1a: Heatran|300\/384
|-enditem|p1a: Heatran|Air Balloon
|-unboost|p2a: Plane|spa|2
|-damage|p2a: Plane|225\/319|[from] item: Life Orb
|
|turn|8
|
|switch|p2a: Drake|Dragonite, F|323\/323
|move|p1a: Heatran|Stealth Rock|p2a: Drake
|-sidestart|p2: Hydr0Strykker|move: Stealth Rock
|
|turn|9
|
|switch|p1a: Slowbro|Slowbro, F|394\/394
|move|p2a: Drake|Dragon Dance|p2a: Drake
|-boost|p2a: Drake|atk|1
|-boost|p2a: Drake|spe|1
|
|turn|10
|
|move|p2a: Drake|Dragon Dance|p2a: Drake
|-boost|p2a: Drake|atk|1
|-boost|p2a: Drake|spe|1
|move|p1a: Slowbro|Thunder Wave|p2a: Drake
|-status|p2a: Drake|par
|-enditem|p2a: Drake|Lum Berry|[eat]
|-curestatus|p2a: Drake|par
|
|turn|11
|
|move|p2a: Drake|Outrage|p1a: Slowbro
|-damage|p1a: Slowbro|82\/394
|move|p1a: Slowbro|Thunder Wave|p2a: Drake
|-status|p2a: Drake|par
|
|turn|12
|
|switch|p1a: Sylveon|Sylveon, M|306\/394
|move|p2a: Drake|Outrage|p1a: Sylveon
|-immune|p1a: Sylveon|[msg]
|
|turn|13
|
|move|p1a: Sylveon|Hyper Voice|p2a: Drake
|-supereffective|p2a: Drake
|-damage|p2a: Drake|160\/323 par
|move|p2a: Drake|Earthquake|p1a: Sylveon
|-damage|p1a: Sylveon|0 fnt
|faint|p1a: Sylveon
|
|
|switch|p1a: Latios|Latios, M|301\/301
|turn|14
|
|move|p2a: Drake|Extreme Speed|p1a: Latios
|-damage|p1a: Latios|17\/301
|move|p1a: Latios|Psyshock|p2a: Drake
|-damage|p2a: Drake|0 fnt
|-damage|p1a: Latios|0 fnt|[from] item: Life Orb
|faint|p2a: Drake
|faint|p1a: Latios
|
|
|switch|p1a: Keldeo|Keldeo|323\/323
|switch|p2a: Spark|Magnezone|282\/282
|-damage|p2a: Spark|265\/282|[from] Stealth Rock
|turn|15
|
|move|p1a: Keldeo|Secret Sword|p2a: Spark
|-supereffective|p2a: Spark
|-damage|p2a: Spark|0 fnt
|faint|p2a: Spark
|
|
|switch|p2a: Estrondo|Conkeldurr, M|288\/352
|-damage|p2a: Estrondo|266\/352|[from] Stealth Rock
|turn|16
|
|switch|p1a: Scizor|Scizor, M|344\/344
|move|p2a: Estrondo|Knock Off|p1a: Scizor
|-damage|p1a: Scizor|257\/344
|
|turn|17
|
|switch|p2a: Blaze|Heatran, F|326\/326
|-damage|p2a: Blaze|286\/326|[from] Stealth Rock
|-item|p2a: Blaze|Air Balloon
|detailschange|p1a: Scizor|Scizor-Mega, M
|-mega|p1a: Scizor|Scizor|Scizorite
|move|p1a: Scizor|Knock Off|p2a: Blaze
|-damage|p2a: Blaze|145\/326
|-enditem|p2a: Blaze|Air Balloon
|
|turn|18
|
|switch|p1a: Keldeo|Keldeo|323\/323
|move|p2a: Blaze|Lava Plume|p1a: Keldeo
|-resisted|p1a: Keldeo
|-damage|p1a: Keldeo|239\/323
|
|turn|19
|
|move|p1a: Keldeo|Secret Sword|p2a: Blaze
|-supereffective|p2a: Blaze
|-damage|p2a: Blaze|0 fnt
|faint|p2a: Blaze
|
|
|switch|p2a: Plane|Latias, F|225\/319
|-damage|p2a: Plane|186\/319|[from] Stealth Rock
|turn|20
|
|switch|p1a: Scizor|Scizor-Mega, M|257\/344
|move|p2a: Plane|Psyshock|p1a: Scizor
|-crit|p1a: Scizor
|-resisted|p1a: Scizor
|-damage|p1a: Scizor|179\/344
|-damage|p2a: Plane|155\/319|[from] item: Life Orb
|
|turn|21
|
|switch|p2a: Estrondo|Conkeldurr, M|266\/352
|-damage|p2a: Estrondo|244\/352|[from] Stealth Rock
|move|p1a: Scizor|Bullet Punch|p2a: Estrondo
|-damage|p2a: Estrondo|112\/352
|
|turn|22
|
|move|p1a: Scizor|Bullet Punch|p2a: Estrondo
|-damage|p2a: Estrondo|0 fnt
|faint|p2a: Estrondo
|
|
|switch|p2a: Hope|Swampert, M|367\/367
|-damage|p2a: Hope|345\/367|[from] Stealth Rock
|turn|23
|
|detailschange|p2a: Hope|Swampert-Mega, M
|-mega|p2a: Hope|Swampert|Swampertite
|move|p2a: Hope|Earthquake|p1a: Scizor
|-damage|p1a: Scizor|13\/344
|move|p1a: Scizor|Roost|p1a: Scizor
|-heal|p1a: Scizor|185\/344
|
|turn|24
|c|âSwaggBoi|ouch
|
|switch|p1a: Heatran|Heatran, M|300\/384
|move|p2a: Hope|Waterfall|p1a: Heatran
|-supereffective|p1a: Heatran
|-damage|p1a: Heatran|0 fnt
|faint|p1a: Heatran
|
|
|switch|p1a: Slowbro|Slowbro, F|213\/394
|turn|25
|
|move|p2a: Hope|Earthquake|p1a: Slowbro
|-damage|p1a: Slowbro|57\/394
|move|p1a: Slowbro|Slack Off|p1a: Slowbro
|-heal|p1a: Slowbro|254\/394
|
|turn|26
|
|switch|p2a: Plane|Latias, F|155\/319
|-damage|p2a: Plane|116\/319|[from] Stealth Rock
|move|p1a: Slowbro|Slack Off|p1a: Slowbro
|-heal|p1a: Slowbro|394\/394
|
|turn|27
|
|switch|p1a: Scizor|Scizor-Mega, M|185\/344
|move|p2a: Plane|Draco Meteor|p1a: Scizor
|-resisted|p1a: Scizor
|-damage|p1a: Scizor|64\/344
|-unboost|p2a: Plane|spa|2
|-damage|p2a: Plane|85\/319|[from] item: Life Orb
|
|turn|28
|
|switch|p2a: Hope|Swampert-Mega, M|345\/367
|-damage|p2a: Hope|323\/367|[from] Stealth Rock
|move|p1a: Scizor|Roost|p1a: Scizor
|-heal|p1a: Scizor|236\/344
|
|turn|29
|
|move|p2a: Hope|Rain Dance|p2a: Hope
|-weather|RainDance
|move|p1a: Scizor|Roost|p1a: Scizor
|-heal|p1a: Scizor|344\/344
|
|-weather|RainDance|[upkeep]
|turn|30
|c|âSwaggBoi|oh snap
|
|move|p2a: Hope|Waterfall|p1a: Scizor
|-damage|p1a: Scizor|146\/344
|move|p1a: Scizor|Roost|p1a: Scizor
|-heal|p1a: Scizor|318\/344
|
|-weather|RainDance|[upkeep]
|turn|31
|c|âSwaggBoi|hm
|
|move|p2a: Hope|Earthquake|p1a: Scizor
|-crit|p1a: Scizor
|-damage|p1a: Scizor|75\/344
|move|p1a: Scizor|Roost|p1a: Scizor
|-heal|p1a: Scizor|247\/344
|
|-weather|RainDance|[upkeep]
|turn|32
|
|move|p2a: Hope|Waterfall|p1a: Scizor
|-damage|p1a: Scizor|60\/344
|move|p1a: Scizor|Roost|p1a: Scizor
|-heal|p1a: Scizor|232\/344
|
|-weather|RainDance|[upkeep]
|turn|33
|
|switch|p1a: Slowbro|Slowbro, F|394\/394
|move|p2a: Hope|Waterfall|p1a: Slowbro
|-crit|p1a: Slowbro
|-resisted|p1a: Slowbro
|-damage|p1a: Slowbro|258\/394
|
|-weather|none
|turn|34
|
|move|p2a: Hope|Earthquake|p1a: Slowbro
|-damage|p1a: Slowbro|116\/394
|move|p1a: Slowbro|Slack Off|p1a: Slowbro
|-heal|p1a: Slowbro|313\/394
|
|turn|35
|
|move|p2a: Hope|Earthquake|p1a: Slowbro
|-damage|p1a: Slowbro|174\/394
|move|p1a: Slowbro|Slack Off|p1a: Slowbro
|-heal|p1a: Slowbro|371\/394
|
|turn|36
|
|move|p2a: Hope|Earthquake|p1a: Slowbro
|-damage|p1a: Slowbro|214\/394
|move|p1a: Slowbro|Scald|p2a: Hope
|-damage|p2a: Hope|236\/367
|
|turn|37
|
|move|p2a: Hope|Earthquake|p1a: Slowbro
|-damage|p1a: Slowbro|76\/394
|move|p1a: Slowbro|Scald|p2a: Hope
|-damage|p2a: Hope|154\/367
|
|turn|38
|
|move|p2a: Hope|Earthquake|p1a: Slowbro
|-damage|p1a: Slowbro|0 fnt
|faint|p1a: Slowbro
|
|
|switch|p1a: Keldeo|Keldeo|239\/323
|turn|39
|
|move|p1a: Keldeo|Secret Sword|p2a: Hope
|-damage|p2a: Hope|7\/367
|move|p2a: Hope|Earthquake|p1a: Keldeo
|-damage|p1a: Keldeo|0 fnt
|faint|p1a: Keldeo
|
|
|switch|p1a: Scizor|Scizor-Mega, M|232\/344
|turn|40
|c|âSwaggBoi|gg,
|
|move|p1a: Scizor|Bullet Punch|p2a: Hope
|-resisted|p2a: Hope
|-damage|p2a: Hope|0 fnt
|faint|p2a: Hope
|
|c|âHydr0Strykker|yup
|c|âHydr0Strykker|gg
|
|switch|p2a: Plane|Latias, F|85\/319
|-damage|p2a: Plane|46\/319|[from] Stealth Rock
|turn|41
|
|move|p1a: Scizor|Bullet Punch|p2a: Plane
|-damage|p2a: Plane|0 fnt
|faint|p2a: Plane
|
|win|SwaggBoi
|raw|Ladder updating...
|raw|SwaggBoi's rating: 1297 &rarr; <strong>1315<\/strong><br \/>(+18 for winning)
|raw|Hydr0Strykker's rating: 1198 &rarr; <strong>1180<\/strong><br \/>(-18 for losing)
|leave|SwaggBoi
|player|p1