|join|Zabrael
|join|Dizzy Puppet 23
|player|p1|Zabrael|146
|player|p2|Dizzy Puppet 23|79
|gametype|singles
|gen|6
|tier|OU
|rated
|clearpoke
|poke|p1|Espeon, M
|poke|p1|Kyurem-Black
|poke|p1|Wobbuffet, M
|poke|p1|Landorus-Therian, M
|poke|p1|Azumarill, M
|poke|p1|Rotom-Wash
|poke|p2|Uxie
|poke|p2|Bisharp, F, shiny
|poke|p2|Smeargle, M, shiny
|poke|p2|Whimsicott, F, shiny
|poke|p2|Azelf, shiny
|poke|p2|Porygon-Z, shiny
|rule|Swagger Clause: Swagger is banned
|rule|Baton Pass Clause: Limit one PokÃ©mon knowing Baton Pass
|rule|Sleep Clause Mod: Limit one foe put to sleep
|rule|Species Clause: Limit one of each PokÃ©mon
|rule|OHKO Clause: OHKO moves are banned
|rule|Moody Clause: Moody is banned
|rule|Evasion Moves Clause: Evasion moves are banned
|rule|Endless Battle Clause: Forcing endless battles is banned
|rule|HP Percentage Mod: HP is shown in percentages
|teampreview
|
|start
|switch|p1a: Landorus-Therian|Landorus-Therian, M|329\/329
|switch|p2a: SuiCiDe uXIe|Uxie|354\/354
|-ability|p1a: Landorus-Therian|Intimidate|[of] p2a: SuiCiDe uXIe
|-unboost|p2a: SuiCiDe uXIe|atk|1
|turn|1
|
|move|p2a: SuiCiDe uXIe|Magic Coat|p2a: SuiCiDe uXIe
|-singleturn|p2a: SuiCiDe uXIe|move: Magic Coat
|move|p1a: Landorus-Therian|Substitute|p1a: Landorus-Therian
|-start|p1a: Landorus-Therian|Substitute
|-damage|p1a: Landorus-Therian|247\/329
|
|-heal|p1a: Landorus-Therian|267\/329|[from] item: Leftovers
|turn|2
|
|move|p2a: SuiCiDe uXIe|Stealth Rock|p1a: Landorus-Therian
|-sidestart|p1: Zabrael|move: Stealth Rock
|move|p1a: Landorus-Therian|Knock Off|p2a: SuiCiDe uXIe
|-supereffective|p2a: SuiCiDe uXIe
|-enditem|p2a: SuiCiDe uXIe|Colbur Berry|[eat]
|-damage|p2a: SuiCiDe uXIe|254\/354
|
|-heal|p1a: Landorus-Therian|287\/329|[from] item: Leftovers
|turn|3
|
|switch|p2a: WhyAmIStillOU?;_;|Bisharp, F, shiny|272\/272
|move|p1a: Landorus-Therian|Bulk Up|p1a: Landorus-Therian
|-boost|p1a: Landorus-Therian|atk|1
|-boost|p1a: Landorus-Therian|def|1
|
|-heal|p1a: Landorus-Therian|307\/329|[from] item: Leftovers
|turn|4
|
|move|p2a: WhyAmIStillOU?;_;|Sucker Punch|p1a: Landorus-Therian
|-end|p1a: Landorus-Therian|Substitute
|-damage|p2a: WhyAmIStillOU?;_;|245\/272|[from] item: Life Orb
|move|p1a: Landorus-Therian|Earthquake|p2a: WhyAmIStillOU?;_;
|-supereffective|p2a: WhyAmIStillOU?;_;
|-damage|p2a: WhyAmIStillOU?;_;|0 fnt
|faint|p2a: WhyAmIStillOU?;_;
|
|-heal|p1a: Landorus-Therian|327\/329|[from] item: Leftovers
|
|switch|p2a: CoTTon CAnDÂ¥|Whimsicott, F, shiny|324\/324
|turn|5
|
|move|p2a: CoTTon CAnDÂ¥|Taunt|p1a: Landorus-Therian
|-start|p1a: Landorus-Therian|move: Taunt
|move|p1a: Landorus-Therian|Knock Off|p2a: CoTTon CAnDÂ¥
|-resisted|p2a: CoTTon CAnDÂ¥
|-damage|p2a: CoTTon CAnDÂ¥|222\/324
|-enditem|p2a: CoTTon CAnDÂ¥|Focus Sash|[from] move: Knock Off|[of] p1a: Landorus-Therian
|
|-heal|p1a: Landorus-Therian|329\/329|[from] item: Leftovers
|turn|6
|
|move|p2a: CoTTon CAnDÂ¥|Encore|p1a: Landorus-Therian
|-start|p1a: Landorus-Therian|Encore
|move|p1a: Landorus-Therian|Knock Off|p2a: CoTTon CAnDÂ¥
|-resisted|p2a: CoTTon CAnDÂ¥
|-damage|p2a: CoTTon CAnDÂ¥|158\/324
|
|turn|7
|
|switch|p1a: Espeon|Espeon, M|271\/271
|-damage|p1a: Espeon|238\/271|[from] Stealth Rock
|move|p2a: CoTTon CAnDÂ¥|Tailwind|p2a: CoTTon CAnDÂ¥
|-sidestart|p2: Dizzy Puppet 23|move: Tailwind
|
|turn|8
|
|switch|p1a: Rotom-Wash|Rotom-Wash|304\/304
|-damage|p1a: Rotom-Wash|266\/304|[from] Stealth Rock
|move|p2a: CoTTon CAnDÂ¥|Memento|p1a: Rotom-Wash
|-unboost|p1a: Rotom-Wash|atk|2
|-unboost|p1a: Rotom-Wash|spa|2
|faint|p2a: CoTTon CAnDÂ¥
|
|
|switch|p2a: KAMIKAZâ¬|Azelf, shiny|354\/354
|turn|9
|
|move|p2a: KAMIKAZâ¬|Reflect|p2a: KAMIKAZâ¬
|-sidestart|p2: Dizzy Puppet 23|Reflect
|move|p1a: Rotom-Wash|Volt Switch|p2a: KAMIKAZâ¬
|-damage|p2a: KAMIKAZâ¬|296\/354
|
|switch|p1a: Landorus-Therian|Landorus-Therian, M|329\/329
|-damage|p1a: Landorus-Therian|288\/329|[from] Stealth Rock
|-ability|p1a: Landorus-Therian|Intimidate|[of] p2a: KAMIKAZâ¬
|-unboost|p2a: KAMIKAZâ¬|atk|1
|
|-heal|p1a: Landorus-Therian|308\/329|[from] item: Leftovers
|turn|10
|
|move|p2a: KAMIKAZâ¬|Taunt|p1a: Landorus-Therian
|-start|p1a: Landorus-Therian|move: Taunt
|move|p1a: Landorus-Therian|Knock Off|p2a: KAMIKAZâ¬
|-supereffective|p2a: KAMIKAZâ¬
|-damage|p2a: KAMIKAZâ¬|132\/354
|-enditem|p2a: KAMIKAZâ¬|Light Clay|[from] move: Knock Off|[of] p1a: Landorus-Therian
|
|-heal|p1a: Landorus-Therian|328\/329|[from] item: Leftovers
|-sideend|p2: Dizzy Puppet 23|move: Tailwind
|turn|11
|
|move|p2a: KAMIKAZâ¬|Light Screen|p2a: KAMIKAZâ¬
|-sidestart|p2: Dizzy Puppet 23|move: Light Screen
|move|p1a: Landorus-Therian|Knock Off|p2a: KAMIKAZâ¬
|-supereffective|p2a: KAMIKAZâ¬
|-damage|p2a: KAMIKAZâ¬|34\/354
|
|-heal|p1a: Landorus-Therian|329\/329|[from] item: Leftovers
|turn|12
|
|switch|p1a: Espeon|Espeon, M|238\/271
|-damage|p1a: Espeon|205\/271|[from] Stealth Rock
|move|p2a: KAMIKAZâ¬|Explosion|p1a: Espeon
|-damage|p1a: Espeon|0 fnt
|faint|p2a: KAMIKAZâ¬
|faint|p1a: Espeon
|
|
|switch|p2a: SuiCiDe uXIe|Uxie|254\/354
|switch|p1a: Landorus-Therian|Landorus-Therian, M|329\/329
|-damage|p1a: Landorus-Therian|288\/329|[from] Stealth Rock
|-ability|p1a: Landorus-Therian|Intimidate|[of] p2a: SuiCiDe uXIe
|-unboost|p2a: SuiCiDe uXIe|atk|1
|turn|13
|
|move|p2a: SuiCiDe uXIe|Memento|p1a: Landorus-Therian
|-unboost|p1a: Landorus-Therian|atk|2
|-unboost|p1a: Landorus-Therian|spa|2
|faint|p2a: SuiCiDe uXIe
|move|p1a: Landorus-Therian|Substitute|p1a: Landorus-Therian
|-start|p1a: Landorus-Therian|Substitute
|-damage|p1a: Landorus-Therian|206\/329
|
|-heal|p1a: Landorus-Therian|226\/329|[from] item: Leftovers
|
|switch|p2a: Â¥our LAÂ§T PorTraiT|Smeargle, M, shiny|273\/273
|turn|14
|
|move|p1a: Landorus-Therian|Knock Off|p2a: Â¥our LAÂ§T PorTraiT
|-damage|p2a: Â¥our LAÂ§T PorTraiT|235\/273
|-enditem|p2a: Â¥our LAÂ§T PorTraiT|Power Herb|[from] move: Knock Off|[of] p1a: Landorus-Therian
|move|p2a: Â¥our LAÂ§T PorTraiT|Geomancy|p2a: Â¥our LAÂ§T PorTraiT|[still]
|-prepare|p2a: Â¥our LAÂ§T PorTraiT|Geomancy|p2a: Â¥our LAÂ§T PorTraiT
|
|-heal|p1a: Landorus-Therian|246\/329|[from] item: Leftovers
|turn|15
|
|move|p1a: Landorus-Therian|Bulk Up|p1a: Landorus-Therian
|-boost|p1a: Landorus-Therian|atk|1
|-boost|p1a: Landorus-Therian|def|1
|move|p2a: Â¥our LAÂ§T PorTraiT|Geomancy|p2a: Â¥our LAÂ§T PorTraiT
|-boost|p2a: Â¥our LAÂ§T PorTraiT|spa|2
|-boost|p2a: Â¥our LAÂ§T PorTraiT|spd|2
|-boost|p2a: Â¥our LAÂ§T PorTraiT|spe|2
|
|-heal|p1a: Landorus-Therian|266\/329|[from] item: Leftovers
|-sideend|p2: Dizzy Puppet 23|move: Light Screen
|turn|16
|
|move|p2a: Â¥our LAÂ§T PorTraiT|Cotton Guard|p2a: Â¥our LAÂ§T PorTraiT
|-boost|p2a: Â¥our LAÂ§T PorTraiT|def|3
|move|p1a: Landorus-Therian|Bulk Up|p1a: Landorus-Therian
|-boost|p1a: Landorus-Therian|atk|1
|-boost|p1a: Landorus-Therian|def|1
|
|-heal|p1a: Landorus-Therian|286\/329|[from] item: Leftovers
|-sideend|p2: Dizzy Puppet 23|Reflect
|turn|17
|
|move|p2a: Â¥our LAÂ§T PorTraiT|Cotton Guard|p2a: Â¥our LAÂ§T PorTraiT
|-boost|p2a: Â¥our LAÂ§T PorTraiT|def|3
|move|p1a: Landorus-Therian|Knock Off|p2a: Â¥our LAÂ§T PorTraiT
|-damage|p2a: Â¥our LAÂ§T PorTraiT|211\/273
|
|-heal|p1a: Landorus-Therian|306\/329|[from] item: Leftovers
|turn|18
|
|move|p2a: Â¥our LAÂ§T PorTraiT|Baton Pass|p2a: Â¥our LAÂ§T PorTraiT
|
|switch|p2a: Want\/Nâ¬â¬D To Kill|Porygon-Z, shiny|374\/374
|move|p1a: Landorus-Therian|Knock Off|p2a: Want\/Nâ¬â¬D To Kill
|-damage|p2a: Want\/Nâ¬â¬D To Kill|337\/374
|-enditem|p2a: Want\/Nâ¬â¬D To Kill|Leftovers|[from] move: Knock Off|[of] p1a: Landorus-Therian
|
|-heal|p1a: Landorus-Therian|326\/329|[from] item: Leftovers
|turn|19
|
|move|p2a: Want\/Nâ¬â¬D To Kill|Tri Attack|p1a: Landorus-Therian
|-end|p1a: Landorus-Therian|Substitute
|move|p1a: Landorus-Therian|Earthquake|p2a: Want\/Nâ¬â¬D To Kill
|-damage|p2a: Want\/Nâ¬â¬D To Kill|280\/374
|
|-heal|p1a: Landorus-Therian|329\/329|[from] item: Leftovers
|turn|20
|
|move|p2a: Want\/Nâ¬â¬D To Kill|Tri Attack|p1a: Landorus-Therian
|-damage|p1a: Landorus-Therian|0 fnt
|faint|p1a: Landorus-Therian
|
|
|switch|p1a: Wobbuffet|Wobbuffet, M|584\/584
|-damage|p1a: Wobbuffet|511\/584|[from] Stealth Rock
|turn|21
|
|move|p2a: Want\/Nâ¬â¬D To Kill|Substitute|p2a: Want\/Nâ¬â¬D To Kill
|-start|p2a: Want\/Nâ¬â¬D To Kill|Substitute
|-damage|p2a: Want\/Nâ¬â¬D To Kill|187\/374
|move|p1a: Wobbuffet|Destiny Bond|p1a: Wobbuffet
|-singlemove|p1a: Wobbuffet|Destiny Bond
|
|-heal|p1a: Wobbuffet|547\/584|[from] item: Leftovers
|turn|22
|
|move|p2a: Want\/Nâ¬â¬D To Kill|Substitute|p2a: Want\/Nâ¬â¬D To Kill
|-fail|p2a: Want\/Nâ¬â¬D To Kill|move: Substitute
|move|p1a: Wobbuffet|Destiny Bond|p1a: Wobbuffet
|-singlemove|p1a: Wobbuffet|Destiny Bond
|
|-heal|p1a: Wobbuffet|583\/584|[from] item: Leftovers
|turn|23
|
|move|p2a: Want\/Nâ¬â¬D To Kill|Tri Attack|p1a: Wobbuffet
|-damage|p1a: Wobbuffet|129\/584
|move|p1a: Wobbuffet|Destiny Bond|p1a: Wobbuffet
|-singlemove|p1a: Wobbuffet|Destiny Bond
|
|-heal|p1a: Wobbuffet|165\/584|[from] item: Leftovers
|turn|24
|
|move|p2a: Want\/Nâ¬â¬D To Kill|Substitute|p2a: Want\/Nâ¬â¬D To Kill
|-fail|p2a: Want\/Nâ¬â¬D To Kill|move: Substitute
|move|p1a: Wobbuffet|Destiny Bond|p1a: Wobbuffet
|-singlemove|p1a: Wobbuffet|Destiny Bond
|
|-heal|p1a: Wobbuffet|201\/584|[from] item: Leftovers
|turn|25
|
|move|p2a: Want\/Nâ¬â¬D To Kill|Psyshock|p1a: Wobbuffet
|-resisted|p1a: Wobbuffet
|-damage|p1a: Wobbuffet|74\/584
|move|p1a: Wobbuffet|Encore|p2a: Want\/Nâ¬â¬D To Kill
|-start|p2a: Want\/Nâ¬â¬D To Kill|Encore
|
|-heal|p1a: Wobbuffet|110\/584|[from] item: Leftovers
|turn|26
|
|move|p2a: Want\/Nâ¬â¬D To Kill|Psyshock|p1a: Wobbuffet
|-crit|p1a: Wobbuffet
|-resisted|p1a: Wobbuffet
|-damage|p1a: Wobbuffet|0 fnt
|faint|p1a: Wobbuffet
|
|
|switch|p1a: Rotom-Wash|Rotom-Wash|266\/304
|-damage|p1a: Rotom-Wash|228\/304|[from] Stealth Rock
|turn|27
|
|move|p2a: Want\/Nâ¬â¬D To Kill|Psyshock|p1a: Rotom-Wash
|-damage|p1a: Rotom-Wash|82\/304
|move|p1a: Rotom-Wash|Hydro Pump|p2a: Want\/Nâ¬â¬D To Kill
|-activate|p2a: Want\/Nâ¬â¬D To Kill|Substitute|[damage]
|
|turn|28
|
|move|p2a: Want\/Nâ¬â¬D To Kill|Psyshock|p1a: Rotom-Wash
|-damage|p1a: Rotom-Wash|0 fnt
|faint|p1a: Rotom-Wash
|
|-end|p2a: Want\/Nâ¬â¬D To Kill|Encore
|
|switch|p1a: Azumarill|Azumarill, M|402\/402
|-damage|p1a: Azumarill|352\/402|[from] Stealth Rock
|turn|29
|
|move|p1a: Azumarill|Aqua Jet|p2a: Want\/Nâ¬â¬D To Kill
|-end|p2a: Want\/Nâ¬â¬D To Kill|Substitute
|move|p2a: Want\/Nâ¬â¬D To Kill|Tri Attack|p1a: Azumarill
|-damage|p1a: Azumarill|0 fnt
|faint|p1a: Azumarill
|
|
|switch|p1a: Kyurem-Black|Kyurem-Black|392\/392
|-damage|p1a: Kyurem-Black|294\/392|[from] Stealth Rock
|-ability|p1a: Kyurem-Black|Teravolt
|turn|30
|
|move|p2a: Want\/Nâ¬â¬D To Kill|Tri Attack|p1a: Kyurem-Black
|-damage|p1a: Kyurem-Black|0 fnt
|faint|p1a: Kyurem-Black
|
|win|Dizzy Puppet 23
|raw|Ladder updating...
|raw|Zabrael's rating: 1752 &rarr; <strong>1728<\/strong><br \/>(-24 for losing)
|raw|Dizzy Puppet 23's rating: 1685 &rarr; <strong>1709<\/strong><br \/>(+24 for winning)
|leave|Zabrael
|player|p1
|leave|Dizzy Puppet 23
|player|p2
|join|Dizzy Puppet 23