|join|Zabrael
|join|lt7g rewer
|player|p1|Zabrael|146
|player|p2|lt7g rewer|8
|gametype|singles
|gen|6
|tier|OU
|rated
|clearpoke
|poke|p1|Thundurus, M
|poke|p1|Kyurem-Black
|poke|p1|Wobbuffet, F
|poke|p1|Landorus-Therian, M
|poke|p1|Manectric, M
|poke|p1|Rotom-Wash
|poke|p2|Scizor, F
|poke|p2|Terrakion
|poke|p2|Greninja, F
|poke|p2|Latios, M
|poke|p2|Diggersby, M
|poke|p2|Dragonite, M
|rule|Swagger Clause: Swagger is banned
|rule|Baton Pass Clause: Limit one PokÃ©mon knowing Baton Pass
|rule|Sleep Clause Mod: Limit one foe put to sleep
|rule|Species Clause: Limit one of each PokÃ©mon
|rule|OHKO Clause: OHKO moves are banned
|rule|Moody Clause: Moody is banned
|rule|Evasion Moves Clause: Evasion moves are banned
|rule|Endless Battle Clause: Forcing endless battles is banned
|rule|HP Percentage Mod: HP is shown in percentages
|teampreview
|
|start
|switch|p1a: Landorus-Therian|Landorus-Therian, M|329\/329
|switch|p2a: Terrakion|Terrakion|323\/323
|-ability|p1a: Landorus-Therian|Intimidate|[of] p2a: Terrakion
|-unboost|p2a: Terrakion|atk|1
|turn|1
|
|move|p2a: Terrakion|Taunt|p1a: Landorus-Therian
|-start|p1a: Landorus-Therian|move: Taunt
|move|p1a: Landorus-Therian|Earthquake|p2a: Terrakion
|-supereffective|p2a: Terrakion
|-enditem|p2a: Terrakion|Focus Sash
|-damage|p2a: Terrakion|1\/323
|
|turn|2
|
|move|p2a: Terrakion|Stealth Rock|p1a: Landorus-Therian
|-sidestart|p1: Zabrael|move: Stealth Rock
|move|p1a: Landorus-Therian|Earthquake|p2a: Terrakion
|-supereffective|p2a: Terrakion
|-damage|p2a: Terrakion|0 fnt
|faint|p2a: Terrakion
|
|
|switch|p2a: Greninja|Greninja, F|286\/286
|turn|3
|
|switch|p1a: Kyurem-Black|Kyurem-Black|392\/392
|-damage|p1a: Kyurem-Black|294\/392|[from] Stealth Rock
|-ability|p1a: Kyurem-Black|Teravolt
|move|p2a: Greninja|Hydro Pump|p1a: Kyurem-Black
|-start|p2a: Greninja|typechange|Water|[from] Protean
|-resisted|p1a: Kyurem-Black
|-damage|p1a: Kyurem-Black|177\/392
|-damage|p2a: Greninja|258\/286|[from] item: Life Orb
|
|turn|4
|
|move|p2a: Greninja|Dark Pulse|p1a: Kyurem-Black
|-start|p2a: Greninja|typechange|Dark|[from] Protean
|-damage|p1a: Kyurem-Black|5\/392
|-damage|p2a: Greninja|230\/286|[from] item: Life Orb
|move|p1a: Kyurem-Black|Outrage|p2a: Greninja
|-damage|p2a: Greninja|0 fnt
|faint|p2a: Greninja
|
|
|switch|p2a: Diggersby|Diggersby, M|311\/311
|turn|5
|
|move|p2a: Diggersby|Quick Attack|p1a: Kyurem-Black
|-damage|p1a: Kyurem-Black|0 fnt
|-damage|p2a: Diggersby|280\/311|[from] item: Life Orb
|faint|p1a: Kyurem-Black
|
|
|switch|p1a: Landorus-Therian|Landorus-Therian, M|329\/329
|-damage|p1a: Landorus-Therian|288\/329|[from] Stealth Rock
|-ability|p1a: Landorus-Therian|Intimidate|[of] p2a: Diggersby
|-unboost|p2a: Diggersby|atk|1
|turn|6
|
|move|p1a: Landorus-Therian|Bulk Up|p1a: Landorus-Therian
|-boost|p1a: Landorus-Therian|atk|1
|-boost|p1a: Landorus-Therian|def|1
|move|p2a: Diggersby|Frustration|p1a: Landorus-Therian
|-damage|p1a: Landorus-Therian|183\/329
|-damage|p2a: Diggersby|249\/311|[from] item: Life Orb
|
|-heal|p1a: Landorus-Therian|203\/329|[from] item: Leftovers
|turn|7
|
|switch|p2a: Latios|Latios, M|301\/301
|move|p1a: Landorus-Therian|Knock Off|p2a: Latios
|-supereffective|p2a: Latios
|-damage|p2a: Latios|0 fnt
|-enditem|p2a: Latios|Life Orb|[from] move: Knock Off|[of] p1a: Landorus-Therian
|faint|p2a: Latios
|
|-heal|p1a: Landorus-Therian|223\/329|[from] item: Leftovers
|
|switch|p2a: Dragonite|Dragonite, M|329\/329
|turn|8
|
|move|p1a: Landorus-Therian|Substitute|p1a: Landorus-Therian
|-start|p1a: Landorus-Therian|Substitute
|-damage|p1a: Landorus-Therian|141\/329
|move|p2a: Dragonite|Outrage|p1a: Landorus-Therian
|-end|p1a: Landorus-Therian|Substitute
|
|-heal|p1a: Landorus-Therian|161\/329|[from] item: Leftovers
|turn|9
|
|move|p1a: Landorus-Therian|Substitute|p1a: Landorus-Therian
|-start|p1a: Landorus-Therian|Substitute
|-damage|p1a: Landorus-Therian|79\/329
|move|p2a: Dragonite|Outrage|p1a: Landorus-Therian
|-end|p1a: Landorus-Therian|Substitute
|
|-heal|p1a: Landorus-Therian|99\/329|[from] item: Leftovers
|turn|10
|
|move|p1a: Landorus-Therian|Substitute|p1a: Landorus-Therian
|-start|p1a: Landorus-Therian|Substitute
|-damage|p1a: Landorus-Therian|17\/329
|move|p2a: Dragonite|Outrage|p1a: Landorus-Therian
|-end|p1a: Landorus-Therian|Substitute
|
|-end|p2a: Dragonite|rampage
|-start|p2a: Dragonite|confusion
|-heal|p1a: Landorus-Therian|37\/329|[from] item: Leftovers
|turn|11
|
|switch|p2a: Scizor|Scizor, F|299\/299
|move|p1a: Landorus-Therian|Knock Off|p2a: Scizor
|-damage|p2a: Scizor|175\/299
|
|-heal|p1a: Landorus-Therian|57\/329|[from] item: Leftovers
|turn|12
|
|detailschange|p2a: Scizor|Scizor-Mega, F
|message|Scizor has Mega Evolved into Mega Scizor!
|move|p2a: Scizor|Bullet Punch|p1a: Landorus-Therian
|-damage|p1a: Landorus-Therian|0 fnt
|faint|p1a: Landorus-Therian
|
|
|switch|p1a: Manectric|Manectric, M|282\/282
|-damage|p1a: Manectric|247\/282|[from] Stealth Rock
|turn|13
|
|switch|p2a: Dragonite|Dragonite, M|329\/329
|detailschange|p1a: Manectric|Manectric-Mega, M
|message|Manectric has Mega Evolved into Mega Manectric!
|-ability|p1a: Manectric|Intimidate|[of] p2a: Dragonite
|-unboost|p2a: Dragonite|atk|1
|move|p1a: Manectric|Flamethrower|p2a: Dragonite
|-resisted|p2a: Dragonite
|-damage|p2a: Dragonite|297\/329
|
|turn|14
|
|move|p1a: Manectric|Hidden Power|p2a: Dragonite
|-supereffective|p2a: Dragonite
|-damage|p2a: Dragonite|0 fnt
|faint|p2a: Dragonite
|
|
|switch|p2a: Diggersby|Diggersby, M|249\/311
|turn|15
|c|âlt7g rewer|gg
|
|move|p1a: Manectric|Hidden Power|p2a: Diggersby
|-supereffective|p2a: Diggersby
|-damage|p2a: Diggersby|45\/311
|move|p2a: Diggersby|Frustration|p1a: Manectric
|-damage|p1a: Manectric|0 fnt
|-damage|p2a: Diggersby|14\/311|[from] item: Life Orb
|faint|p1a: Manectric
|
|
|switch|p1a: Wobbuffet|Wobbuffet, F|584\/584
|-damage|p1a: Wobbuffet|511\/584|[from] Stealth Rock
|turn|16
|
|move|p2a: Diggersby|Frustration|p1a: Wobbuffet
|-damage|p1a: Wobbuffet|121\/584
|-damage|p2a: Diggersby|0 fnt|[from] item: Life Orb
|faint|p2a: Diggersby
|move|p1a: Wobbuffet|Destiny Bond|p1a: Wobbuffet
|-singlemove|p1a: Wobbuffet|Destiny Bond
|
|-heal|p1a: Wobbuffet|157\/584|[from] item: Leftovers
|
|switch|p2a: Scizor|Scizor-Mega, F|175\/299
|turn|17
|
|move|p2a: Scizor|Swords Dance|p2a: Scizor
|-boost|p2a: Scizor|atk|2
|move|p1a: Wobbuffet|Encore|p2a: Scizor
|-start|p2a: Scizor|Encore
|
|-heal|p1a: Wobbuffet|193\/584|[from] item: Leftovers
|turn|18
|
|switch|p1a: Rotom-Wash|Rotom-Wash|304\/304
|-damage|p1a: Rotom-Wash|266\/304|[from] Stealth Rock
|move|p2a: Scizor|Swords Dance|p2a: Scizor
|-boost|p2a: Scizor|atk|2
|
|turn|19
|
|move|p2a: Scizor|Swords Dance|p2a: Scizor
|-boost|p2a: Scizor|atk|2
|move|p1a: Rotom-Wash|Volt Switch|p2a: Scizor
|-crit|p2a: Scizor
|-damage|p2a: Scizor|39\/299
|
|switch|p1a: Thundurus|Thundurus, M|300\/300
|-damage|p1a: Thundurus|225\/300|[from] Stealth Rock
|
|-heal|p1a: Thundurus|243\/300|[from] item: Leftovers
|turn|20
|
|move|p1a: Thundurus|Volt Switch|p2a: Scizor
|-damage|p2a: Scizor|0 fnt
|faint|p2a: Scizor
|
|win|Zabrael
|raw|Ladder updating...
|raw|Zabrael's rating: 1634 &rarr; <strong>1657<\/strong><br \/>(+23 for winning)
|raw|lt7g rewer's rating: 1675 &rarr; <strong>1653<\/strong><br \/>(-22 for losing)