|join|Hogback_fosh_men
|join|Zabrael
|player|p1|Hogback_fosh_men|102
|player|p2|Zabrael|146
|gametype|singles
|gen|6
|tier|OU
|rated
|clearpoke
|poke|p1|Charizard, M
|poke|p1|Gengar, F, shiny
|poke|p1|Conkeldurr, F, shiny
|poke|p1|Ferrothorn, M
|poke|p1|Rotom-Wash
|poke|p1|Landorus-Therian, M
|poke|p2|Espeon, M
|poke|p2|Kyurem-Black
|poke|p2|Wobbuffet, F
|poke|p2|Landorus-Therian, M
|poke|p2|Azumarill, F
|poke|p2|Rotom-Wash
|rule|Swagger Clause: Swagger is banned
|rule|Baton Pass Clause: Limit one PokÃ©mon knowing Baton Pass
|rule|Sleep Clause Mod: Limit one foe put to sleep
|rule|Species Clause: Limit one of each PokÃ©mon
|rule|OHKO Clause: OHKO moves are banned
|rule|Moody Clause: Moody is banned
|rule|Evasion Moves Clause: Evasion moves are banned
|rule|Endless Battle Clause: Forcing endless battles is banned
|rule|HP Percentage Mod: HP is shown in percentages
|teampreview
|
|start
|switch|p1a: Ferrothorn|Ferrothorn, M|352\/352
|switch|p2a: Kyurem-Black|Kyurem-Black|392\/392
|-ability|p2a: Kyurem-Black|Teravolt
|turn|1
|
|switch|p2a: Espeon|Espeon, M|271\/271
|move|p1a: Ferrothorn|Gyro Ball|p2a: Espeon
|-damage|p2a: Espeon|34\/271
|
|turn|2
|
|move|p2a: Espeon|Trick|p1a: Ferrothorn
|-activate|p2a: Espeon|move: Trick|[of] p1a: Ferrothorn
|-item|p1a: Ferrothorn|Choice Specs|[from] move: Trick
|-item|p2a: Espeon|Rocky Helmet|[from] move: Trick
|move|p1a: Ferrothorn|Gyro Ball|p2a: Espeon
|-damage|p2a: Espeon|0 fnt
|-damage|p1a: Ferrothorn|294\/352|[from] item: Rocky Helmet|[of] p2a: Espeon
|faint|p2a: Espeon
|
|
|switch|p2a: Rotom-Wash|Rotom-Wash|304\/304
|turn|3
|
|switch|p1a: UncleRucus|Conkeldurr, F, shiny|401\/401
|move|p2a: Rotom-Wash|Hydro Pump|p1a: UncleRucus
|-damage|p1a: UncleRucus|275\/401
|
|turn|4
|
|move|p2a: Rotom-Wash|Hydro Pump|p1a: UncleRucus
|-damage|p1a: UncleRucus|149\/401
|move|p1a: UncleRucus|Knock Off|p2a: Rotom-Wash
|-damage|p2a: Rotom-Wash|208\/304
|-damage|p1a: UncleRucus|83\/401|[from] item: Rocky Helmet|[of] p2a: Rotom-Wash
|-enditem|p2a: Rotom-Wash|Rocky Helmet|[from] move: Knock Off|[of] p1a: UncleRucus
|
|turn|5
|
|move|p2a: Rotom-Wash|Hydro Pump|p1a: UncleRucus
|-damage|p1a: UncleRucus|0 fnt
|faint|p1a: UncleRucus
|
|
|switch|p1a: Nightmare|Gengar, F, shiny|262\/262
|turn|6
|
|move|p1a: Nightmare|Sludge Bomb|p2a: Rotom-Wash
|-damage|p2a: Rotom-Wash|0 fnt
|faint|p2a: Rotom-Wash
|
|
|switch|p2a: Kyurem-Black|Kyurem-Black|392\/392
|-ability|p2a: Kyurem-Black|Teravolt
|turn|7
|
|switch|p1a: Ferrothorn|Ferrothorn, M|294\/352
|move|p2a: Kyurem-Black|Shadow Claw|p1a: Ferrothorn
|-damage|p1a: Ferrothorn|177\/352
|-damage|p2a: Kyurem-Black|343\/392|[from] ability: Iron Barbs|[of] p1a: Ferrothorn
|
|turn|8
|
|switch|p2a: Landorus-Therian|Landorus-Therian, M|329\/329
|-ability|p2a: Landorus-Therian|Intimidate|[of] p1a: Ferrothorn
|-unboost|p1a: Ferrothorn|atk|1
|move|p1a: Ferrothorn|Stealth Rock|p2a: Landorus-Therian
|-sidestart|p2: Zabrael|move: Stealth Rock
|
|turn|9
|
|switch|p1a: MuscleKat|Landorus-Therian, M|320\/320
|-ability|p1a: MuscleKat|Intimidate|[of] p2a: Landorus-Therian
|-unboost|p2a: Landorus-Therian|atk|1
|move|p2a: Landorus-Therian|Knock Off|p1a: MuscleKat
|-damage|p1a: MuscleKat|231\/320
|-enditem|p1a: MuscleKat|Leftovers|[from] move: Knock Off|[of] p2a: Landorus-Therian
|
|turn|10
|
|switch|p2a: Kyurem-Black|Kyurem-Black|343\/392
|-damage|p2a: Kyurem-Black|245\/392|[from] Stealth Rock
|-ability|p2a: Kyurem-Black|Teravolt
|move|p1a: MuscleKat|Knock Off|p2a: Kyurem-Black
|-damage|p2a: Kyurem-Black|129\/392
|-enditem|p2a: Kyurem-Black|Choice Band|[from] move: Knock Off|[of] p1a: MuscleKat
|
|turn|11
|
|switch|p1a: Ferrothorn|Ferrothorn, M|177\/352
|move|p2a: Kyurem-Black|Shadow Claw|p1a: Ferrothorn
|-damage|p1a: Ferrothorn|104\/352
|-damage|p2a: Kyurem-Black|80\/392|[from] ability: Iron Barbs|[of] p1a: Ferrothorn
|
|turn|12
|
|move|p2a: Kyurem-Black|Shadow Claw|p1a: Ferrothorn
|-damage|p1a: Ferrothorn|19\/352
|-damage|p2a: Kyurem-Black|31\/392|[from] ability: Iron Barbs|[of] p1a: Ferrothorn
|move|p1a: Ferrothorn|Leech Seed|p2a: Kyurem-Black
|-start|p2a: Kyurem-Black|move: Leech Seed
|
|-damage|p2a: Kyurem-Black|0 fnt|[from] Leech Seed|[of] p1a: Ferrothorn
|-heal|p1a: Ferrothorn|50\/352|[silent]
|faint|p2a: Kyurem-Black
|
|switch|p2a: Landorus-Therian|Landorus-Therian, M|329\/329
|-damage|p2a: Landorus-Therian|288\/329|[from] Stealth Rock
|-ability|p2a: Landorus-Therian|Intimidate|[of] p1a: Ferrothorn
|-unboost|p1a: Ferrothorn|atk|1
|turn|13
|
|move|p2a: Landorus-Therian|Substitute|p2a: Landorus-Therian
|-start|p2a: Landorus-Therian|Substitute
|-damage|p2a: Landorus-Therian|206\/329
|move|p1a: Ferrothorn|Leech Seed|p2a: Landorus-Therian
|
|-heal|p2a: Landorus-Therian|226\/329|[from] item: Leftovers
|turn|14
|
|switch|p1a: MuscleKat|Landorus-Therian, M|231\/320
|-activate|p2a: Landorus-Therian|Substitute|ability: Intimidate|[of] p1a: MuscleKat
|move|p2a: Landorus-Therian|Bulk Up|p2a: Landorus-Therian
|-boost|p2a: Landorus-Therian|atk|1
|-boost|p2a: Landorus-Therian|def|1
|
|-heal|p2a: Landorus-Therian|246\/329|[from] item: Leftovers
|turn|15
|
|move|p1a: MuscleKat|Stone Edge|p2a: Landorus-Therian
|-activate|p2a: Landorus-Therian|Substitute|[damage]
|move|p2a: Landorus-Therian|Bulk Up|p2a: Landorus-Therian
|-boost|p2a: Landorus-Therian|atk|1
|-boost|p2a: Landorus-Therian|def|1
|
|-heal|p2a: Landorus-Therian|266\/329|[from] item: Leftovers
|turn|16
|
|move|p1a: MuscleKat|Knock Off|p2a: Landorus-Therian
|-end|p2a: Landorus-Therian|Substitute
|move|p2a: Landorus-Therian|Bulk Up|p2a: Landorus-Therian
|-boost|p2a: Landorus-Therian|atk|1
|-boost|p2a: Landorus-Therian|def|1
|
|-heal|p2a: Landorus-Therian|286\/329|[from] item: Leftovers
|turn|17
|
|move|p1a: MuscleKat|Knock Off|p2a: Landorus-Therian
|-damage|p2a: Landorus-Therian|243\/329
|-enditem|p2a: Landorus-Therian|Leftovers|[from] move: Knock Off|[of] p1a: MuscleKat
|move|p2a: Landorus-Therian|Substitute|p2a: Landorus-Therian
|-start|p2a: Landorus-Therian|Substitute
|-damage|p2a: Landorus-Therian|161\/329
|
|turn|18
|
|move|p1a: MuscleKat|Stone Edge|p2a: Landorus-Therian
|-activate|p2a: Landorus-Therian|Substitute|[damage]
|move|p2a: Landorus-Therian|Bulk Up|p2a: Landorus-Therian
|-boost|p2a: Landorus-Therian|atk|1
|-boost|p2a: Landorus-Therian|def|1
|
|turn|19
|
|move|p1a: MuscleKat|Swords Dance|p1a: MuscleKat
|-boost|p1a: MuscleKat|atk|2
|move|p2a: Landorus-Therian|Knock Off|p1a: MuscleKat
|-damage|p1a: MuscleKat|0 fnt
|faint|p1a: MuscleKat
|
|
|switch|p1a: SupaHotFire|Charizard, M|298\/298
|turn|20
|
|detailschange|p1a: SupaHotFire|Charizard-Mega-X, M
|message|Charizard has Mega Evolved into Mega Charizard!
|move|p1a: SupaHotFire|Flare Blitz|p2a: Landorus-Therian
|-end|p2a: Landorus-Therian|Substitute
|-damage|p1a: SupaHotFire|285\/298|[from] recoil|[of] p2a: Landorus-Therian
|move|p2a: Landorus-Therian|Knock Off|p1a: SupaHotFire
|-damage|p1a: SupaHotFire|68\/298
|
|turn|21
|
|move|p1a: SupaHotFire|Flare Blitz|p2a: Landorus-Therian
|-damage|p2a: Landorus-Therian|62\/329
|-damage|p1a: SupaHotFire|35\/298|[from] recoil|[of] p2a: Landorus-Therian
|move|p2a: Landorus-Therian|Knock Off|p1a: SupaHotFire
|-damage|p1a: SupaHotFire|0 fnt
|faint|p1a: SupaHotFire
|
|
|switch|p1a: Nightmare|Gengar, F, shiny|262\/262
|turn|22
|
|move|p1a: Nightmare|Shadow Ball|p2a: Landorus-Therian
|-damage|p2a: Landorus-Therian|0 fnt
|faint|p2a: Landorus-Therian
|
|
|switch|p2a: Wobbuffet|Wobbuffet, F|584\/584
|-damage|p2a: Wobbuffet|511\/584|[from] Stealth Rock
|turn|23
|
|move|p1a: Nightmare|Shadow Ball|p2a: Wobbuffet
|-crit|p2a: Wobbuffet
|-supereffective|p2a: Wobbuffet
|-damage|p2a: Wobbuffet|0 fnt
|faint|p2a: Wobbuffet
|
|-message|Zabrael forfeited.
|leave|Zabrael
|
|win|Hogback_fosh_men
|raw|Ladder updating...
|player|p2
|raw|Hogback_fosh_men's rating: 1831 &rarr; <strong>1849<\/strong><br \/>(+18 for winning)
|raw|Zabrael's rating: 1786 &rarr; <strong>1768<\/strong><br \/>(-18 for losing)