|join|Zabrael
|join|Rflp
|player|p1|Zabrael|146
|player|p2|Rflp|266
|gametype|singles
|gen|6
|tier|OU
|rated
|clearpoke
|poke|p1|Espeon, M
|poke|p1|Kyurem-Black
|poke|p1|Wobbuffet, M
|poke|p1|Landorus-Therian, M
|poke|p1|Azumarill, F
|poke|p1|Rotom-Wash
|poke|p2|Scizor, M
|poke|p2|Talonflame, M
|poke|p2|Manectric, M
|poke|p2|Gyarados, M
|poke|p2|Terrakion
|poke|p2|Latios, M
|rule|Swagger Clause: Swagger is banned
|rule|Baton Pass Clause: Limit one PokÃ©mon knowing Baton Pass
|rule|Sleep Clause Mod: Limit one foe put to sleep
|rule|Species Clause: Limit one of each PokÃ©mon
|rule|OHKO Clause: OHKO moves are banned
|rule|Moody Clause: Moody is banned
|rule|Evasion Moves Clause: Evasion moves are banned
|rule|Endless Battle Clause: Forcing endless battles is banned
|rule|HP Percentage Mod: HP is shown in percentages
|teampreview
|
|start
|switch|p1a: Landorus-Therian|Landorus-Therian, M|329\/329
|switch|p2a: Terrakion|Terrakion|324\/324
|-ability|p1a: Landorus-Therian|Intimidate|[of] p2a: Terrakion
|-unboost|p2a: Terrakion|atk|1
|turn|1
|
|switch|p1a: Espeon|Espeon, M|271\/271
|move|p2a: Terrakion|Stone Edge|p1a: Espeon
|-crit|p1a: Espeon
|-damage|p1a: Espeon|0 fnt
|faint|p1a: Espeon
|
|
|switch|p1a: Landorus-Therian|Landorus-Therian, M|329\/329
|-ability|p1a: Landorus-Therian|Intimidate|[of] p2a: Terrakion
|-unboost|p2a: Terrakion|atk|1
|turn|2
|
|move|p2a: Terrakion|Taunt|p1a: Landorus-Therian
|-start|p1a: Landorus-Therian|move: Taunt
|cant|p1a: Landorus-Therian|move: Taunt|Substitute
|
|turn|3
|
|move|p2a: Terrakion|Stealth Rock|p1a: Landorus-Therian
|-sidestart|p1: Zabrael|move: Stealth Rock
|move|p1a: Landorus-Therian|Knock Off|p2a: Terrakion
|-resisted|p2a: Terrakion
|-damage|p2a: Terrakion|257\/324
|-boost|p2a: Terrakion|atk|1|[from] ability: Justified
|-enditem|p2a: Terrakion|Focus Sash|[from] move: Knock Off|[of] p1a: Landorus-Therian
|
|turn|4
|
|switch|p2a: Gyarados|Gyarados, M|345\/345
|-ability|p2a: Gyarados|Intimidate|[of] p1a: Landorus-Therian
|-unboost|p1a: Landorus-Therian|atk|1
|move|p1a: Landorus-Therian|Earthquake|p2a: Gyarados
|-immune|p2a: Gyarados|[msg]
|
|-end|p1a: Landorus-Therian|move: Taunt
|turn|5
|
|switch|p1a: Kyurem-Black|Kyurem-Black|392\/392
|-damage|p1a: Kyurem-Black|294\/392|[from] Stealth Rock
|-ability|p1a: Kyurem-Black|Teravolt
|move|p2a: Gyarados|Dragon Dance|p2a: Gyarados
|-boost|p2a: Gyarados|atk|1
|-boost|p2a: Gyarados|spe|1
|
|turn|6
|
|switch|p2a: Manectric|Manectric, M|285\/285
|move|p1a: Kyurem-Black|Fusion Bolt|p2a: Manectric
|-resisted|p2a: Manectric
|-damage|p2a: Manectric|109\/285
|
|turn|7
|
|detailschange|p2a: Manectric|Manectric-Mega, M
|message|Manectric has Mega Evolved into Mega Manectric!
|-ability|p2a: Manectric|Intimidate|[of] p1a: Kyurem-Black
|-unboost|p1a: Kyurem-Black|atk|1
|move|p2a: Manectric|Volt Switch|p1a: Kyurem-Black
|-resisted|p1a: Kyurem-Black
|-damage|p1a: Kyurem-Black|225\/392
|
|switch|p2a: Scizor|Scizor, M|289\/289
|move|p1a: Kyurem-Black|Fusion Bolt|p2a: Scizor
|-damage|p2a: Scizor|132\/289
|
|turn|8
|
|switch|p1a: Rotom-Wash|Rotom-Wash|304\/304
|-damage|p1a: Rotom-Wash|266\/304|[from] Stealth Rock
|move|p2a: Scizor|Swords Dance|p2a: Scizor
|-boost|p2a: Scizor|atk|2
|
|turn|9
|
|move|p2a: Scizor|Bug Bite|p1a: Rotom-Wash
|-damage|p1a: Rotom-Wash|0 fnt
|-damage|p2a: Scizor|84\/289|[from] item: Rocky Helmet|[of] p1a: Rotom-Wash
|-damage|p2a: Scizor|56\/289|[from] item: Life Orb
|faint|p1a: Rotom-Wash
|
|
|switch|p1a: Landorus-Therian|Landorus-Therian, M|329\/329
|-damage|p1a: Landorus-Therian|288\/329|[from] Stealth Rock
|-ability|p1a: Landorus-Therian|Intimidate|[of] p2a: Scizor
|-unboost|p2a: Scizor|atk|1
|turn|10
|
|move|p2a: Scizor|Bullet Punch|p1a: Landorus-Therian
|-damage|p1a: Landorus-Therian|84\/329
|-damage|p2a: Scizor|28\/289|[from] item: Life Orb
|move|p1a: Landorus-Therian|Knock Off|p2a: Scizor
|-damage|p2a: Scizor|0 fnt
|-enditem|p2a: Scizor|Life Orb|[from] move: Knock Off|[of] p1a: Landorus-Therian
|faint|p2a: Scizor
|
|-heal|p1a: Landorus-Therian|104\/329|[from] item: Leftovers
|
|switch|p2a: Talonflame|Talonflame, M|319\/319
|turn|11
|
|move|p2a: Talonflame|Brave Bird|p1a: Landorus-Therian
|-damage|p1a: Landorus-Therian|0 fnt
|-damage|p2a: Talonflame|285\/319|[from] recoil|[of] p1a: Landorus-Therian
|faint|p1a: Landorus-Therian
|
|
|switch|p1a: Azumarill|Azumarill, F|402\/402
|-damage|p1a: Azumarill|352\/402|[from] Stealth Rock
|turn|12
|
|move|p2a: Talonflame|Brave Bird|p1a: Azumarill
|-damage|p1a: Azumarill|121\/402
|-damage|p2a: Talonflame|209\/319|[from] recoil|[of] p1a: Azumarill
|move|p1a: Azumarill|Aqua Jet|p2a: Talonflame
|-supereffective|p2a: Talonflame
|-damage|p2a: Talonflame|0 fnt
|faint|p2a: Talonflame
|
|-heal|p1a: Azumarill|146\/402|[from] item: Leftovers
|
|switch|p2a: Gyarados|Gyarados, M|345\/345
|-ability|p2a: Gyarados|Intimidate|[of] p1a: Azumarill
|-unboost|p1a: Azumarill|atk|1
|turn|13
|
|move|p2a: Gyarados|Dragon Dance|p2a: Gyarados
|-boost|p2a: Gyarados|atk|1
|-boost|p2a: Gyarados|spe|1
|move|p1a: Azumarill|Scald|p2a: Gyarados
|-resisted|p2a: Gyarados
|-damage|p2a: Gyarados|315\/345
|
|-heal|p2a: Gyarados|336\/345|[from] item: Leftovers
|-heal|p1a: Azumarill|171\/402|[from] item: Leftovers
|turn|14
|-message|Zabrael forfeited.
|
|win|Rflp
|raw|Ladder updating...
|leave|Zabrael
|player|p1
|raw|Zabrael's rating: 1676 &rarr; <strong>1658<\/strong><br \/>(-18 for losing)
|raw|Rflp's rating: 1721 &rarr; <strong>1738<\/strong><br \/>(+17 for winning)