|join|Zabrael
|join|DarkMikami
|player|p1|Zabrael|146
|player|p2|DarkMikami|274
|gametype|singles
|gen|6
|tier|OU
|rated
|clearpoke
|poke|p1|Thundurus, M
|poke|p1|Kyurem-Black
|poke|p1|Wobbuffet, M
|poke|p1|Landorus-Therian, M
|poke|p1|Manectric, M
|poke|p1|Rotom-Wash
|poke|p2|Ninetales, F
|poke|p2|Venusaur, F
|poke|p2|Heatran, F
|poke|p2|Heliolisk, M
|poke|p2|Talonflame, F
|poke|p2|Diggersby, M
|rule|Swagger Clause: Swagger is banned
|rule|Baton Pass Clause: Limit one PokÃ©mon knowing Baton Pass
|rule|Sleep Clause Mod: Limit one foe put to sleep
|rule|Species Clause: Limit one of each PokÃ©mon
|rule|OHKO Clause: OHKO moves are banned
|rule|Moody Clause: Moody is banned
|rule|Evasion Moves Clause: Evasion moves are banned
|rule|Endless Battle Clause: Forcing endless battles is banned
|rule|HP Percentage Mod: HP is shown in percentages
|teampreview
|
|start
|switch|p1a: Kyurem-Black|Kyurem-Black|392\/392
|switch|p2a: Ninetales|Ninetales, F|350\/350
|-weather|SunnyDay
|-ability|p1a: Kyurem-Black|Teravolt
|turn|1
|
|switch|p2a: Talonflame|Talonflame, F|320\/320
|move|p1a: Kyurem-Black|Outrage|p2a: Talonflame
|-damage|p2a: Talonflame|0 fnt
|faint|p2a: Talonflame
|
|-weather|SunnyDay|[upkeep]
|
|switch|p2a: Heatran|Heatran, F|386\/386
|turn|2
|
|move|p1a: Kyurem-Black|Outrage|p2a: Heatran
|-resisted|p2a: Heatran
|-damage|p2a: Heatran|185\/386
|move|p2a: Heatran|Lava Plume|p1a: Kyurem-Black
|-damage|p1a: Kyurem-Black|152\/392
|-status|p1a: Kyurem-Black|brn
|
|-weather|SunnyDay|[upkeep]
|-damage|p1a: Kyurem-Black|103\/392 brn|[from] brn
|turn|3
|
|switch|p2a: Venusaur|Venusaur, F|301\/301
|move|p1a: Kyurem-Black|Outrage|p2a: Venusaur
|-damage|p2a: Venusaur|100\/301
|
|-end|p1a: Kyurem-Black|rampage
|-start|p1a: Kyurem-Black|confusion
|-weather|SunnyDay|[upkeep]
|-damage|p1a: Kyurem-Black|54\/392 brn|[from] brn
|turn|4
|
|detailschange|p2a: Venusaur|Venusaur-Mega, F
|-mega|p2a: Venusaur|Venusaur|Venusaurite
|move|p2a: Venusaur|Hidden Power|p1a: Kyurem-Black
|-damage|p1a: Kyurem-Black|0 fnt
|faint|p1a: Kyurem-Black
|
|-weather|SunnyDay|[upkeep]
|
|switch|p1a: Manectric|Manectric, M|282\/282
|turn|5
|
|detailschange|p1a: Manectric|Manectric-Mega, M
|-mega|p1a: Manectric|Manectric|Manectite
|-ability|p1a: Manectric|Intimidate|[of] p2a: Venusaur
|-unboost|p2a: Venusaur|atk|1
|move|p1a: Manectric|Flamethrower|p2a: Venusaur
|-supereffective|p2a: Venusaur
|-damage|p2a: Venusaur|0 fnt
|faint|p2a: Venusaur
|
|-weather|none
|
|switch|p2a: Ninetales|Ninetales, F|350\/350
|-weather|SunnyDay
|turn|6
|
|move|p1a: Manectric|Volt Switch|p2a: Ninetales
|-damage|p2a: Ninetales|200\/350
|
|switch|p1a: Wobbuffet|Wobbuffet, M|584\/584
|move|p2a: Ninetales|Flamethrower|p1a: Wobbuffet
|-damage|p1a: Wobbuffet|428\/584
|
|-weather|SunnyDay|[upkeep]
|-heal|p2a: Ninetales|221\/350|[from] item: Leftovers
|-heal|p1a: Wobbuffet|464\/584|[from] item: Leftovers
|turn|7
|
|move|p2a: Ninetales|Role Play|p1a: Wobbuffet
|-ability|p2a: Ninetales|shadowtag|[from] move: Role Play|[of] p1a: Wobbuffet
|move|p1a: Wobbuffet|Mirror Coat|p2a: Ninetales
|-fail|p2a: Ninetales
|
|-weather|SunnyDay|[upkeep]
|-heal|p2a: Ninetales|242\/350|[from] item: Leftovers
|-heal|p1a: Wobbuffet|500\/584|[from] item: Leftovers
|turn|8
|
|switch|p2a: Diggersby|Diggersby, M|311\/311
|switch|p1a: Thundurus|Thundurus, M|300\/300
|
|-weather|SunnyDay|[upkeep]
|turn|9
|
|move|p1a: Thundurus|Hidden Power|p2a: Diggersby
|-supereffective|p2a: Diggersby
|-damage|p2a: Diggersby|127\/311
|move|p2a: Diggersby|Swords Dance|p2a: Diggersby
|-boost|p2a: Diggersby|atk|2
|
|-weather|SunnyDay|[upkeep]
|turn|10
|
|move|p2a: Diggersby|Quick Attack|p1a: Thundurus
|-damage|p1a: Thundurus|60\/300
|move|p1a: Thundurus|Hidden Power|p2a: Diggersby
|-supereffective|p2a: Diggersby
|-damage|p2a: Diggersby|0 fnt
|faint|p2a: Diggersby
|
|-weather|none
|-heal|p1a: Thundurus|78\/300|[from] item: Leftovers
|
|switch|p2a: Heliolisk|Heliolisk, M|265\/265
|turn|11
|
|move|p1a: Thundurus|Volt Switch|p2a: Heliolisk
|-resisted|p2a: Heliolisk
|-damage|p2a: Heliolisk|199\/265
|
|switch|p1a: Manectric|Manectric-Mega, M|282\/282
|-ability|p1a: Manectric|Intimidate|[of] p2a: Heliolisk
|-unboost|p2a: Heliolisk|atk|1
|move|p2a: Heliolisk|Hyper Voice|p1a: Manectric
|-damage|p1a: Manectric|64\/282
|-damage|p2a: Heliolisk|173\/265|[from] item: Life Orb
|
|turn|12
|
|switch|p2a: Heatran|Heatran, F|185\/386
|move|p1a: Manectric|Flamethrower|p2a: Heatran
|-start|p2a: Heatran|ability: Flash Fire
|
|turn|13
|
|move|p1a: Manectric|Volt Switch|p2a: Heatran
|-damage|p2a: Heatran|92\/386
|
|switch|p1a: Thundurus|Thundurus, M|78\/300
|move|p2a: Heatran|Lava Plume|p1a: Thundurus
|-damage|p1a: Thundurus|0 fnt
|faint|p1a: Thundurus
|
|
|switch|p1a: Manectric|Manectric-Mega, M|64\/282
|-ability|p1a: Manectric|Intimidate|[of] p2a: Heatran
|-unboost|p2a: Heatran|atk|1
|turn|14
|
|move|p1a: Manectric|Thunderbolt|p2a: Heatran
|-damage|p2a: Heatran|0 fnt
|faint|p2a: Heatran
|
|
|switch|p2a: Heliolisk|Heliolisk, M|173\/265
|turn|15
|
|move|p1a: Manectric|Volt Switch|p2a: Heliolisk
|-resisted|p2a: Heliolisk
|-damage|p2a: Heliolisk|100\/265
|
|switch|p1a: Wobbuffet|Wobbuffet, M|500\/584
|move|p2a: Heliolisk|Hyper Voice|p1a: Wobbuffet
|-damage|p1a: Wobbuffet|278\/584
|-damage|p2a: Heliolisk|74\/265|[from] item: Life Orb
|
|-heal|p1a: Wobbuffet|314\/584|[from] item: Leftovers
|turn|16
|
|move|p2a: Heliolisk|U-turn|p1a: Wobbuffet
|-supereffective|p1a: Wobbuffet
|-damage|p1a: Wobbuffet|179\/584
|-damage|p2a: Heliolisk|48\/265|[from] item: Life Orb
|
|switch|p2a: Ninetales|Ninetales, F|242\/350
|-weather|SunnyDay
|move|p1a: Wobbuffet|Mirror Coat|p2a: Ninetales
|-fail|p2a: Ninetales
|
|-weather|SunnyDay|[upkeep]
|-heal|p2a: Ninetales|263\/350|[from] item: Leftovers
|-heal|p1a: Wobbuffet|215\/584|[from] item: Leftovers
|turn|17
|
|move|p2a: Ninetales|Flamethrower|p1a: Wobbuffet
|-damage|p1a: Wobbuffet|53\/584
|move|p1a: Wobbuffet|Mirror Coat|p2a: Ninetales
|-damage|p2a: Ninetales|0 fnt
|faint|p2a: Ninetales
|
|-weather|SunnyDay|[upkeep]
|-heal|p1a: Wobbuffet|89\/584|[from] item: Leftovers
|c|âDarkMikami|gg
|
|switch|p2a: Heliolisk|Heliolisk, M|48\/265
|turn|18
|
|move|p2a: Heliolisk|Hyper Voice|p1a: Wobbuffet
|-damage|p1a: Wobbuffet|0 fnt
|-damage|p2a: Heliolisk|22\/265|[from] item: Life Orb
|faint|p1a: Wobbuffet
|
|-weather|SunnyDay|[upkeep]
|-damage|p2a: Heliolisk|0 fnt|[from] ability: Solar Power
|faint|p2a: Heliolisk
|
|win|Zabrael
|raw|Ladder updating...
|raw|Zabrael's rating: 1594 &rarr; <strong>1602<\/strong><br \/>(+8 for winning)
|raw|DarkMikami's rating: 1374 &rarr; <strong>1365<\/strong><br \/>(-9 for losing)
|leave|Zabrael
|player|p1