|join|Reverb
|join|Zabrael
|player|p1|Reverb|#reverb
|player|p2|Zabrael|146
|gametype|singles
|gen|6
|tier|OU
|rated
|clearpoke
|poke|p1|Landorus-Therian, M
|poke|p1|Latias, F
|poke|p1|Heatran, F
|poke|p1|Conkeldurr, F
|poke|p1|Azumarill, M
|poke|p1|Heracross, M
|poke|p2|Alakazam, M
|poke|p2|Kyurem-Black
|poke|p2|Wobbuffet, M
|poke|p2|Landorus-Therian, M
|poke|p2|Manectric, F
|poke|p2|Rotom-Wash
|rule|Swagger Clause: Swagger is banned
|rule|Baton Pass Clause: Limit one PokÃ©mon knowing Baton Pass
|rule|Sleep Clause Mod: Limit one foe put to sleep
|rule|Species Clause: Limit one of each PokÃ©mon
|rule|OHKO Clause: OHKO moves are banned
|rule|Moody Clause: Moody is banned
|rule|Evasion Moves Clause: Evasion moves are banned
|rule|Endless Battle Clause: Forcing endless battles is banned
|rule|HP Percentage Mod: HP is shown in percentages
|teampreview
|join|Prankster
|
|start
|switch|p1a: Heatran|Heatran, F|385\/385
|switch|p2a: Manectric|Manectric, F|282\/282
|turn|1
|join|I Iike Squirtles
|
|detailschange|p2a: Manectric|Manectric-Mega, F
|-mega|p2a: Manectric|Manectric|Manectite
|-ability|p2a: Manectric|Intimidate|[of] p1a: Heatran
|-unboost|p1a: Heatran|atk|1
|move|p2a: Manectric|Thunderbolt|p1a: Heatran
|-damage|p1a: Heatran|210\/385
|move|p1a: Heatran|Stealth Rock|p2a: Manectric
|-sidestart|p2: Zabrael|move: Stealth Rock
|
|-heal|p1a: Heatran|234\/385|[from] item: Leftovers
|turn|2
|
|move|p2a: Manectric|Volt Switch|p1a: Heatran
|-damage|p1a: Heatran|104\/385
|
|switch|p2a: Rotom-Wash|Rotom-Wash|304\/304
|-damage|p2a: Rotom-Wash|266\/304|[from] Stealth Rock
|move|p1a: Heatran|Lava Plume|p2a: Rotom-Wash
|-resisted|p2a: Rotom-Wash
|-damage|p2a: Rotom-Wash|210\/304
|
|-heal|p1a: Heatran|128\/385|[from] item: Leftovers
|turn|3
|
|switch|p1a: Latias|Latias, F|364\/364
|move|p2a: Rotom-Wash|Hydro Pump|p1a: Latias
|-resisted|p1a: Latias
|-damage|p1a: Latias|306\/364
|
|-heal|p1a: Latias|328\/364|[from] item: Leftovers
|turn|4
|
|switch|p1a: Heatran|Heatran, F|128\/385
|move|p2a: Rotom-Wash|Pain Split|p1a: Heatran
|-sethp|p1a: Heatran|169\/385|p2a: Rotom-Wash|169\/304|[from] move: Pain Split
|
|-heal|p1a: Heatran|193\/385|[from] item: Leftovers
|turn|5
|
|switch|p1a: Conkeldurr|Conkeldurr, F|364\/364
|move|p2a: Rotom-Wash|Hydro Pump|p1a: Conkeldurr
|-damage|p1a: Conkeldurr|267\/364
|
|turn|6
|
|move|p2a: Rotom-Wash|Pain Split|p1a: Conkeldurr
|-sethp|p1a: Conkeldurr|218\/364|p2a: Rotom-Wash|218\/304|[from] move: Pain Split
|move|p1a: Conkeldurr|Drain Punch|p2a: Rotom-Wash
|-damage|p2a: Rotom-Wash|95\/304
|-heal|p1a: Conkeldurr|280\/364|[from] drain|[of] p2a: Rotom-Wash
|-damage|p1a: Conkeldurr|220\/364|[from] item: Rocky Helmet|[of] p2a: Rotom-Wash
|
|turn|7
|
|move|p2a: Rotom-Wash|Pain Split|p1a: Conkeldurr
|-sethp|p1a: Conkeldurr|157\/364|p2a: Rotom-Wash|157\/304|[from] move: Pain Split
|move|p1a: Conkeldurr|Drain Punch|p2a: Rotom-Wash
|-damage|p2a: Rotom-Wash|39\/304
|-heal|p1a: Conkeldurr|216\/364|[from] drain|[of] p2a: Rotom-Wash
|-damage|p1a: Conkeldurr|156\/364|[from] item: Rocky Helmet|[of] p2a: Rotom-Wash
|
|turn|8
|
|move|p1a: Conkeldurr|Mach Punch|p2a: Rotom-Wash
|-damage|p2a: Rotom-Wash|0 fnt
|-damage|p1a: Conkeldurr|96\/364|[from] item: Rocky Helmet|[of] p2a: Rotom-Wash
|faint|p2a: Rotom-Wash
|
|
|switch|p2a: Manectric|Manectric-Mega, F|282\/282
|-damage|p2a: Manectric|247\/282|[from] Stealth Rock
|-ability|p2a: Manectric|Intimidate|[of] p1a: Conkeldurr
|-unboost|p1a: Conkeldurr|atk|1
|turn|9
|
|switch|p1a: Latias|Latias, F|328\/364
|move|p2a: Manectric|Thunderbolt|p1a: Latias
|-resisted|p1a: Latias
|-damage|p1a: Latias|260\/364
|-status|p1a: Latias|par
|
|-heal|p1a: Latias|282\/364 par|[from] item: Leftovers
|turn|10
|
|move|p2a: Manectric|Hidden Power|p1a: Latias
|-supereffective|p1a: Latias
|-damage|p1a: Latias|152\/364 par
|move|p1a: Latias|Psyshock|p2a: Manectric
|-damage|p2a: Manectric|129\/282
|
|-heal|p1a: Latias|174\/364 par|[from] item: Leftovers
|turn|11
|
|move|p2a: Manectric|Hidden Power|p1a: Latias
|-supereffective|p1a: Latias
|-damage|p1a: Latias|48\/364 par
|move|p1a: Latias|Recover|p1a: Latias
|-heal|p1a: Latias|230\/364 par
|
|-heal|p1a: Latias|252\/364 par|[from] item: Leftovers
|turn|12
|
|move|p2a: Manectric|Hidden Power|p1a: Latias
|-supereffective|p1a: Latias
|-damage|p1a: Latias|118\/364 par
|move|p1a: Latias|Recover|p1a: Latias
|-heal|p1a: Latias|300\/364 par
|
|-heal|p1a: Latias|322\/364 par|[from] item: Leftovers
|turn|13
|
|move|p2a: Manectric|Hidden Power|p1a: Latias
|-supereffective|p1a: Latias
|-damage|p1a: Latias|190\/364 par
|move|p1a: Latias|Psyshock|p2a: Manectric
|-damage|p2a: Manectric|0 fnt
|faint|p2a: Manectric
|
|-heal|p1a: Latias|212\/364 par|[from] item: Leftovers
|
|switch|p2a: Alakazam|Alakazam, M|251\/251
|turn|14
|
|move|p2a: Alakazam|Shadow Ball|p1a: Latias
|-supereffective|p1a: Latias
|-damage|p1a: Latias|66\/364 par
|cant|p1a: Latias|par
|
|-heal|p1a: Latias|88\/364 par|[from] item: Leftovers
|turn|15
|
|move|p2a: Alakazam|Shadow Ball|p1a: Latias
|-supereffective|p1a: Latias
|-damage|p1a: Latias|0 fnt
|faint|p1a: Latias
|
|
|switch|p1a: Landorus-Therian|Landorus-Therian, M|319\/319
|-ability|p1a: Landorus-Therian|Intimidate|[of] p2a: Alakazam
|-unboost|p2a: Alakazam|atk|1
|turn|16
|
|switch|p2a: Kyurem-Black|Kyurem-Black|392\/392
|-damage|p2a: Kyurem-Black|294\/392|[from] Stealth Rock
|-ability|p2a: Kyurem-Black|Teravolt
|move|p1a: Landorus-Therian|U-turn|p2a: Kyurem-Black
|-damage|p2a: Kyurem-Black|207\/392
|
|switch|p1a: Conkeldurr|Conkeldurr, F|96\/364
|
|turn|17
|join|El-Soldier
|
|move|p1a: Conkeldurr|Mach Punch|p2a: Kyurem-Black
|-supereffective|p2a: Kyurem-Black
|-damage|p2a: Kyurem-Black|39\/392
|move|p2a: Kyurem-Black|Iron Head|p1a: Conkeldurr
|-damage|p1a: Conkeldurr|0 fnt
|faint|p1a: Conkeldurr
|
|
|switch|p1a: Landorus-Therian|Landorus-Therian, M|319\/319
|-ability|p1a: Landorus-Therian|Intimidate|[of] p2a: Kyurem-Black
|-unboost|p2a: Kyurem-Black|atk|1
|turn|18
|
|move|p1a: Landorus-Therian|U-turn|p2a: Kyurem-Black
|-damage|p2a: Kyurem-Black|0 fnt
|faint|p2a: Kyurem-Black
|
|switch|p1a: Heatran|Heatran, F|193\/385
|
|-heal|p1a: Heatran|217\/385|[from] item: Leftovers
|join|daftmau5
|
|switch|p2a: Landorus-Therian|Landorus-Therian, M|329\/329
|-damage|p2a: Landorus-Therian|288\/329|[from] Stealth Rock
|-ability|p2a: Landorus-Therian|Intimidate|[of] p1a: Heatran
|-unboost|p1a: Heatran|atk|1
|turn|19
|c| daftmau5|damn dude you've been laddering all day
|
|move|p2a: Landorus-Therian|Bulk Up|p2a: Landorus-Therian
|-boost|p2a: Landorus-Therian|atk|1
|-boost|p2a: Landorus-Therian|def|1
|move|p1a: Heatran|Lava Plume|p2a: Landorus-Therian
|-damage|p2a: Landorus-Therian|158\/329
|
|-heal|p2a: Landorus-Therian|178\/329|[from] item: Leftovers
|-heal|p1a: Heatran|241\/385|[from] item: Leftovers
|turn|20
|c| daftmau5|.-.
|c| El-Soldier|lol
|
|move|p2a: Landorus-Therian|Earthquake|p1a: Heatran
|-supereffective|p1a: Heatran
|-damage|p1a: Heatran|0 fnt
|faint|p1a: Heatran
|
|-heal|p2a: Landorus-Therian|198\/329|[from] item: Leftovers
|
|switch|p1a: Azumarill|Azumarill, M|341\/341
|turn|21
|
|switch|p2a: Wobbuffet|Wobbuffet, M|584\/584
|-damage|p2a: Wobbuffet|511\/584|[from] Stealth Rock
|move|p1a: Azumarill|Waterfall|p2a: Wobbuffet
|-damage|p2a: Wobbuffet|199\/584
|
|-heal|p2a: Wobbuffet|235\/584|[from] item: Leftovers
|turn|22
|-message|Zabrael forfeited.
|
|win|Reverb
|raw|Ladder updating...
|leave|Zabrael
|player|p2
|raw|Reverb's rating: 1757 &rarr; <strong>1769<\/strong><br \/>(+12 for winning)
|raw|Zabrael's rating: 1619 &rarr; <strong>1607<\/strong><br \/>(-12 for losing)
|leave|El-Soldier