|join|Zabrael
|join|cadeskjl
|player|p1|Zabrael|146
|player|p2|cadeskjl|170
|gametype|singles
|gen|6
|tier|OU
|rated
|clearpoke
|poke|p1|Thundurus, M
|poke|p1|Kyurem-Black
|poke|p1|Wobbuffet, F
|poke|p1|Landorus-Therian, M
|poke|p1|Manectric, F
|poke|p1|Rotom-Wash
|poke|p2|Diancie
|poke|p2|Talonflame, M
|poke|p2|Seismitoad, F
|poke|p2|Celebi
|poke|p2|Crobat, F
|poke|p2|Tyranitar, M
|rule|Swagger Clause: Swagger is banned
|rule|Baton Pass Clause: Limit one PokÃ©mon knowing Baton Pass
|rule|Sleep Clause Mod: Limit one foe put to sleep
|rule|Species Clause: Limit one of each PokÃ©mon
|rule|OHKO Clause: OHKO moves are banned
|rule|Moody Clause: Moody is banned
|rule|Evasion Moves Clause: Evasion moves are banned
|rule|Endless Battle Clause: Forcing endless battles is banned
|rule|HP Percentage Mod: HP is shown in percentages
|teampreview
|
|start
|switch|p1a: Kyurem-Black|Kyurem-Black|392\/392
|switch|p2a: Tyranitar|Tyranitar, M|341\/341
|-weather|Sandstorm
|-ability|p1a: Kyurem-Black|Teravolt
|turn|1
|
|move|p2a: Tyranitar|Stone Edge|p1a: Kyurem-Black
|-supereffective|p1a: Kyurem-Black
|-damage|p1a: Kyurem-Black|20\/392
|move|p1a: Kyurem-Black|Iron Head|p2a: Tyranitar
|-supereffective|p2a: Tyranitar
|-damage|p2a: Tyranitar|0 fnt
|faint|p2a: Tyranitar
|
|-weather|Sandstorm|[upkeep]
|-damage|p1a: Kyurem-Black|0 fnt|[from] sandstorm
|faint|p1a: Kyurem-Black
|
|switch|p1a: Landorus-Therian|Landorus-Therian, M|329\/329
|switch|p2a: Seismitoad|Seismitoad, F|414\/414
|-ability|p1a: Landorus-Therian|Intimidate|[of] p2a: Seismitoad
|-unboost|p2a: Seismitoad|atk|1
|turn|2
|
|switch|p1a: Rotom-Wash|Rotom-Wash|304\/304
|move|p2a: Seismitoad|Stealth Rock|p1a: Rotom-Wash
|-sidestart|p1: Zabrael|move: Stealth Rock
|
|-weather|Sandstorm|[upkeep]
|-damage|p1a: Rotom-Wash|285\/304|[from] sandstorm
|turn|3
|
|switch|p2a: Diancie|Diancie|241\/241
|move|p1a: Rotom-Wash|Will-O-Wisp|p2a: Diancie|[miss]
|-miss|p1a: Rotom-Wash|p2a: Diancie
|
|-weather|Sandstorm|[upkeep]
|-damage|p1a: Rotom-Wash|266\/304|[from] sandstorm
|turn|4
|
|detailschange|p2a: Diancie|Diancie-Mega
|-mega|p2a: Diancie|Diancie|Diancite
|move|p1a: Rotom-Wash|Hydro Pump|p2a: Diancie
|-supereffective|p2a: Diancie
|-damage|p2a: Diancie|55\/241
|move|p2a: Diancie|Calm Mind|p2a: Diancie
|-boost|p2a: Diancie|spa|1
|-boost|p2a: Diancie|spd|1
|
|-weather|Sandstorm|[upkeep]
|-damage|p1a: Rotom-Wash|247\/304|[from] sandstorm
|turn|5
|
|switch|p1a: Landorus-Therian|Landorus-Therian, M|329\/329
|-damage|p1a: Landorus-Therian|288\/329|[from] Stealth Rock
|-ability|p1a: Landorus-Therian|Intimidate|[of] p2a: Diancie
|-unboost|p2a: Diancie|atk|1
|move|p2a: Diancie|Moonblast|p1a: Landorus-Therian
|-damage|p1a: Landorus-Therian|0 fnt
|faint|p1a: Landorus-Therian
|
|-weather|none
|
|switch|p1a: Thundurus|Thundurus, M|300\/300
|-damage|p1a: Thundurus|225\/300|[from] Stealth Rock
|turn|6
|
|switch|p2a: Seismitoad|Seismitoad, F|414\/414
|move|p1a: Thundurus|Volt Switch|p2a: Seismitoad
|-immune|p2a: Seismitoad|[msg]
|
|-heal|p1a: Thundurus|243\/300|[from] item: Leftovers
|turn|7
|
|move|p1a: Thundurus|Taunt|p2a: Seismitoad
|-start|p2a: Seismitoad|move: Taunt
|move|p2a: Seismitoad|Knock Off|p1a: Thundurus
|-damage|p1a: Thundurus|146\/300
|-enditem|p1a: Thundurus|Leftovers|[from] move: Knock Off|[of] p2a: Seismitoad
|
|turn|8
|
|move|p1a: Thundurus|Hidden Power|p2a: Seismitoad
|-damage|p2a: Seismitoad|326\/414
|move|p2a: Seismitoad|Scald|p1a: Thundurus
|-damage|p1a: Thundurus|44\/300
|
|-heal|p2a: Seismitoad|351\/414|[from] item: Leftovers
|turn|9
|
|move|p1a: Thundurus|Hidden Power|p2a: Seismitoad
|-damage|p2a: Seismitoad|264\/414
|move|p2a: Seismitoad|Scald|p1a: Thundurus
|-damage|p1a: Thundurus|0 fnt
|faint|p1a: Thundurus
|
|-heal|p2a: Seismitoad|289\/414|[from] item: Leftovers
|-end|p2a: Seismitoad|move: Taunt
|
|switch|p1a: Wobbuffet|Wobbuffet, F|584\/584
|-damage|p1a: Wobbuffet|511\/584|[from] Stealth Rock
|turn|10
|
|move|p2a: Seismitoad|Knock Off|p1a: Wobbuffet
|-supereffective|p1a: Wobbuffet
|-damage|p1a: Wobbuffet|325\/584
|-enditem|p1a: Wobbuffet|Leftovers|[from] move: Knock Off|[of] p2a: Seismitoad
|move|p1a: Wobbuffet|Encore|p2a: Seismitoad
|-start|p2a: Seismitoad|Encore
|
|-heal|p2a: Seismitoad|314\/414|[from] item: Leftovers
|turn|11
|
|move|p2a: Seismitoad|Knock Off|p1a: Wobbuffet
|-supereffective|p1a: Wobbuffet
|-damage|p1a: Wobbuffet|189\/584
|move|p1a: Wobbuffet|Counter|p2a: Seismitoad
|-damage|p2a: Seismitoad|42\/414
|
|-heal|p2a: Seismitoad|67\/414|[from] item: Leftovers
|turn|12
|
|move|p2a: Seismitoad|Knock Off|p1a: Wobbuffet
|-supereffective|p1a: Wobbuffet
|-damage|p1a: Wobbuffet|55\/584
|move|p1a: Wobbuffet|Counter|p2a: Seismitoad
|-damage|p2a: Seismitoad|0 fnt
|faint|p2a: Seismitoad
|
|
|switch|p2a: Diancie|Diancie-Mega|55\/241
|turn|13
|
|switch|p1a: Manectric|Manectric, F|282\/282
|-damage|p1a: Manectric|247\/282|[from] Stealth Rock
|move|p2a: Diancie|Rock Polish|p2a: Diancie
|-boost|p2a: Diancie|spe|2
|
|turn|14
|
|detailschange|p1a: Manectric|Manectric-Mega, F
|-mega|p1a: Manectric|Manectric|Manectite
|-ability|p1a: Manectric|Intimidate|[of] p2a: Diancie
|-unboost|p2a: Diancie|atk|1
|move|p2a: Diancie|Earth Power|p1a: Manectric
|-supereffective|p1a: Manectric
|-damage|p1a: Manectric|0 fnt
|faint|p1a: Manectric
|
|
|switch|p1a: Rotom-Wash|Rotom-Wash|247\/304
|-damage|p1a: Rotom-Wash|209\/304|[from] Stealth Rock
|turn|15
|-message|Zabrael forfeited.
|
|win|cadeskjl
|raw|Ladder updating...
|leave|Zabrael
|player|p1
|raw|Zabrael's rating: 1635 &rarr; <strong>1607<\/strong><br \/>(-28 for losing)
|raw|cadeskjl's rating: 1490 &rarr; <strong>1518<\/strong><br \/>(+28 for winning)