|join|pokemonisfun
|join|Lagooon
|player|p1|pokemonisfun|184
|player|p2|Lagooon|170
|gametype|singles
|gen|6
|tier|UU
|rated
|rule|Sleep Clause Mod: Limit one foe put to sleep
|rule|Species Clause: Limit one of each PokÃ©mon
|rule|OHKO Clause: OHKO moves are banned
|rule|Moody Clause: Moody is banned
|rule|Evasion Moves Clause: Evasion moves are banned
|rule|Endless Battle Clause: Forcing endless battles is banned
|rule|HP Percentage Mod: HP is shown in percentages
|clearpoke
|poke|p1|Hydreigon, M
|poke|p1|Zygarde
|poke|p1|Haxorus, F
|poke|p1|Noivern, M
|poke|p1|Kyurem
|poke|p1|Aggron, M
|poke|p2|Darmanitan, M
|poke|p2|Blastoise, F
|poke|p2|Toxicroak, F
|poke|p2|Alakazam, M
|poke|p2|Forretress, M
|poke|p2|Entei, shiny
|rule|Swagger Clause: Swagger is banned
|rule|Baton Pass Clause: Limit one PokÃ©mon knowing Baton Pass
|teampreview
|
|start
|switch|p1a: Noivern|Noivern, M|311\/311
|switch|p2a: Forretress|Forretress, M|354\/354
|turn|1
|
|move|p1a: Noivern|Air Slash|p2a: Forretress
|-damage|p2a: Forretress|195\/354
|move|p2a: Forretress|Stealth Rock|p1a: Noivern
|-sidestart|p1: pokemonisfun|move: Stealth Rock
|
|-heal|p2a: Forretress|217\/354|[from] item: Leftovers
|turn|2
|
|move|p1a: Noivern|Air Slash|p2a: Forretress
|-damage|p2a: Forretress|54\/354
|move|p2a: Forretress|Gyro Ball|p1a: Noivern
|-damage|p1a: Noivern|140\/311
|
|-heal|p2a: Forretress|76\/354|[from] item: Leftovers
|turn|3
|
|move|p1a: Noivern|Air Slash|p2a: Forretress
|-damage|p2a: Forretress|0 fnt
|faint|p2a: Forretress
|
|
|switch|p2a: Darmanitan|Darmanitan, M|351\/351
|turn|4
|
|move|p2a: Darmanitan|Flare Blitz|p1a: Noivern
|-resisted|p1a: Noivern
|-damage|p1a: Noivern|0 fnt
|-damage|p2a: Darmanitan|305\/351|[from] recoil|[of] p1a: Noivern
|faint|p1a: Noivern
|
|
|switch|p1a: Haxorus|Haxorus, F|293\/293
|-damage|p1a: Haxorus|257\/293|[from] Stealth Rock
|-ability|p1a: Haxorus|Mold Breaker
|turn|5
|
|move|p2a: Darmanitan|Flare Blitz|p1a: Haxorus
|-resisted|p1a: Haxorus
|-damage|p1a: Haxorus|100\/293
|-damage|p2a: Darmanitan|253\/351|[from] recoil|[of] p1a: Haxorus
|move|p1a: Haxorus|Dragon Dance|p1a: Haxorus
|-boost|p1a: Haxorus|atk|1
|-boost|p1a: Haxorus|spe|1
|
|turn|6
|
|move|p1a: Haxorus|Dragon Claw|p2a: Darmanitan
|-crit|p2a: Darmanitan
|-damage|p2a: Darmanitan|0 fnt
|faint|p2a: Darmanitan
|
|
|switch|p2a: Entei|Entei, shiny|371\/371
|-ability|p2a: Entei|Pressure
|turn|7
|
|move|p2a: Entei|Extreme Speed|p1a: Haxorus
|-damage|p1a: Haxorus|0 fnt
|faint|p1a: Haxorus
|
|
|switch|p1a: Zygarde|Zygarde|404\/404
|-damage|p1a: Zygarde|379\/404|[from] Stealth Rock
|-ability|p1a: Zygarde|Aura Break
|turn|8
|
|switch|p2a: Blastoise|Blastoise, F|361\/361
|move|p1a: Zygarde|Earthquake|p2a: Blastoise
|-damage|p2a: Blastoise|217\/361
|
|-heal|p1a: Zygarde|404\/404|[from] item: Leftovers
|turn|9
|
|switch|p1a: Kyurem|Kyurem|391\/391
|-damage|p1a: Kyurem|294\/391|[from] Stealth Rock
|-ability|p1a: Kyurem|Pressure
|detailschange|p2a: Blastoise|Blastoise-Mega, F
|-mega|p2a: Blastoise|Blastoise|Blastoisinite
|move|p2a: Blastoise|Ice Beam|p1a: Kyurem
|-damage|p1a: Kyurem|156\/391
|
|turn|10
|
|switch|p2a: Toxicroak|Toxicroak, F|369\/369
|move|p1a: Kyurem|Dragon Pulse|p2a: Toxicroak
|-damage|p2a: Toxicroak|155\/369
|
|turn|11
|
|move|p2a: Toxicroak|Sucker Punch|p1a: Kyurem
|-damage|p1a: Kyurem|64\/391
|move|p1a: Kyurem|Dragon Pulse|p2a: Toxicroak
|-damage|p2a: Toxicroak|0 fnt
|faint|p2a: Toxicroak
|
|
|switch|p2a: Alakazam|Alakazam, M|251\/251
|turn|12
|
|move|p2a: Alakazam|Dazzling Gleam|p1a: Kyurem
|-supereffective|p1a: Kyurem
|-damage|p1a: Kyurem|0 fnt
|faint|p1a: Kyurem
|
|
|switch|p1a: Aggron|Aggron, M|344\/344
|-damage|p1a: Aggron|323\/344|[from] Stealth Rock
|turn|13
|
|switch|p2a: Entei|Entei, shiny|371\/371
|-ability|p2a: Entei|Pressure
|detailschange|p1a: Aggron|Aggron-Mega, M
|-mega|p1a: Aggron|Aggron|Aggronite
|move|p1a: Aggron|Dragon Tail|p2a: Entei
|-damage|p2a: Entei|302\/371
|drag|p2a: Alakazam|Alakazam, M|251\/251
|
|turn|14
|
|move|p2a: Alakazam|Focus Blast|p1a: Aggron
|-supereffective|p1a: Aggron
|-damage|p1a: Aggron|110\/344
|-unboost|p1a: Aggron|spd|1
|move|p1a: Aggron|Dragon Tail|p2a: Alakazam
|-damage|p2a: Alakazam|143\/251
|drag|p2a: Blastoise|Blastoise-Mega, F|217\/361
|
|turn|15
|
|move|p2a: Blastoise|Scald|p1a: Aggron
|-damage|p1a: Aggron|0 fnt
|faint|p1a: Aggron
|
|
|switch|p1a: Hydreigon|Hydreigon, M|325\/325
|-damage|p1a: Hydreigon|285\/325|[from] Stealth Rock
|turn|16
|
|move|p1a: Hydreigon|Outrage|p2a: Blastoise
|-damage|p2a: Blastoise|0 fnt
|faint|p2a: Blastoise
|
|
|switch|p2a: Alakazam|Alakazam, M|143\/251
|turn|17
|
|move|p2a: Alakazam|Dazzling Gleam|p1a: Hydreigon
|-supereffective|p1a: Hydreigon
|-damage|p1a: Hydreigon|0 fnt
|faint|p1a: Hydreigon
|
|
|switch|p1a: Zygarde|Zygarde|404\/404
|-damage|p1a: Zygarde|379\/404|[from] Stealth Rock
|-ability|p1a: Zygarde|Aura Break
|turn|18
|
|move|p2a: Alakazam|Dazzling Gleam|p1a: Zygarde
|-supereffective|p1a: Zygarde
|-damage|p1a: Zygarde|187\/404
|move|p1a: Zygarde|Coil|p1a: Zygarde
|-boost|p1a: Zygarde|atk|1
|-boost|p1a: Zygarde|def|1
|-boost|p1a: Zygarde|accuracy|1
|
|-heal|p1a: Zygarde|212\/404|[from] item: Leftovers
|turn|19
|
|move|p1a: Zygarde|Extreme Speed|p2a: Alakazam
|-damage|p2a: Alakazam|0 fnt
|faint|p2a: Alakazam
|
|-heal|p1a: Zygarde|237\/404|[from] item: Leftovers
|
|switch|p2a: Entei|Entei, shiny|302\/371
|-ability|p2a: Entei|Pressure
|turn|20
|
|move|p2a: Entei|Sacred Fire|p1a: Zygarde
|-resisted|p1a: Zygarde
|-damage|p1a: Zygarde|170\/404
|-status|p1a: Zygarde|brn
|move|p1a: Zygarde|Earthquake|p2a: Entei
|-supereffective|p2a: Entei
|-damage|p2a: Entei|66\/371
|
|-heal|p1a: Zygarde|195\/404 brn|[from] item: Leftovers
|-damage|p1a: Zygarde|145\/404 brn|[from] brn
|turn|21
|
|move|p2a: Entei|Sacred Fire|p1a: Zygarde
|-resisted|p1a: Zygarde
|-damage|p1a: Zygarde|73\/404 brn
|move|p1a: Zygarde|Earthquake|p2a: Entei
|-supereffective|p2a: Entei
|-damage|p2a: Entei|0 fnt
|faint|p2a: Entei
|
|win|pokemonisfun
|raw|Ladder updating...
|raw|pokemonisfun's rating: 1464 &rarr; <strong>1482<\/strong><br \/>(+18 for winning)
|raw|Lagooon's rating: 1437 &rarr; <strong>1418<\/strong><br \/>(-19 for losing)
|c|âLagooon|gg