|join|Lagooon
|join|Masochism
|player|p1|Lagooon|266
|player|p2|Masochism|23
|gametype|singles
|gen|6
|tier|UU
|rated
|rule|Sleep Clause Mod: Limit one foe put to sleep
|rule|Species Clause: Limit one of each PokÃ©mon
|rule|OHKO Clause: OHKO moves are banned
|rule|Moody Clause: Moody is banned
|rule|Evasion Moves Clause: Evasion moves are banned
|rule|Endless Battle Clause: Forcing endless battles is banned
|rule|HP Percentage Mod: HP is shown in percentages
|clearpoke
|poke|p1|Darmanitan, M
|poke|p1|Blastoise, M
|poke|p1|Toxicroak, F
|poke|p1|Alakazam, F
|poke|p1|Forretress, M
|poke|p1|Entei, shiny
|poke|p2|Jirachi
|poke|p2|Suicune
|poke|p2|Lucario, M
|poke|p2|Swampert, F
|poke|p2|Crobat, F
|poke|p2|Machamp, F
|rule|Swagger Clause: Swagger is banned
|rule|Baton Pass Clause: Limit one PokÃ©mon knowing Baton Pass
|teampreview
|
|start
|switch|p1a: Entei|Entei, shiny|371\/371
|switch|p2a: Swampert|Swampert, F|404\/404
|-ability|p1a: Entei|Pressure
|turn|1
|
|move|p1a: Entei|Sacred Fire|p2a: Swampert
|-resisted|p2a: Swampert
|-damage|p2a: Swampert|301\/404
|-status|p2a: Swampert|brn
|move|p2a: Swampert|Scald|p1a: Entei
|-supereffective|p1a: Entei
|-damage|p1a: Entei|173\/371
|
|-heal|p2a: Swampert|326\/404 brn|[from] item: Leftovers
|-damage|p2a: Swampert|276\/404 brn|[from] brn
|turn|2
|
|switch|p1a: Blastoise|Blastoise, M|361\/361
|move|p2a: Swampert|Stealth Rock|p1a: Blastoise
|-sidestart|p1: Lagooon|move: Stealth Rock
|
|-heal|p2a: Swampert|301\/404 brn|[from] item: Leftovers
|-damage|p2a: Swampert|251\/404 brn|[from] brn
|turn|3
|
|switch|p2a: Suicune|Suicune|401\/401
|-ability|p2a: Suicune|Pressure
|detailschange|p1a: Blastoise|Blastoise-Mega, M
|-mega|p1a: Blastoise|Blastoise|Blastoisinite
|move|p1a: Blastoise|Scald|p2a: Suicune
|-resisted|p2a: Suicune
|-damage|p2a: Suicune|327\/401
|-status|p2a: Suicune|brn
|
|-heal|p2a: Suicune|352\/401 brn|[from] item: Leftovers
|-damage|p2a: Suicune|302\/401 brn|[from] brn
|turn|4
|
|move|p2a: Suicune|Scald|p1a: Blastoise
|-crit|p1a: Blastoise
|-resisted|p1a: Blastoise
|-damage|p1a: Blastoise|302\/361
|-status|p1a: Blastoise|brn
|move|p1a: Blastoise|Rapid Spin|p2a: Suicune
|-damage|p2a: Suicune|296\/401 brn
|-sideend|p1: Lagooon|Stealth Rock|[from] move: Rapid Spin|[of] p1a: Blastoise
|
|-heal|p2a: Suicune|321\/401 brn|[from] item: Leftovers
|-damage|p2a: Suicune|271\/401 brn|[from] brn
|-damage|p1a: Blastoise|257\/361 brn|[from] brn
|turn|5
|
|switch|p1a: Toxicroak|Toxicroak, F|369\/369
|move|p2a: Suicune|Scald|p1a: Toxicroak
|-immune|p1a: Toxicroak|[msg]
|
|-heal|p2a: Suicune|296\/401 brn|[from] item: Leftovers
|-damage|p2a: Suicune|246\/401 brn|[from] brn
|turn|6
|
|switch|p2a: Crobat|Crobat, F|325\/325
|move|p1a: Toxicroak|Knock Off|p2a: Crobat
|-damage|p2a: Crobat|200\/325
|-enditem|p2a: Crobat|Black Sludge|[from] move: Knock Off|[of] p1a: Toxicroak
|
|turn|7
|
|switch|p1a: Forretress|Forretress, M|354\/354
|move|p2a: Crobat|Roost|p2a: Crobat
|-heal|p2a: Crobat|325\/325
|
|turn|8
|
|switch|p2a: Suicune|Suicune|246\/401 brn
|-ability|p2a: Suicune|Pressure
|move|p1a: Forretress|Stealth Rock|p2a: Suicune
|-sidestart|p2: Masochism|move: Stealth Rock
|
|-heal|p2a: Suicune|271\/401 brn|[from] item: Leftovers
|-damage|p2a: Suicune|221\/401 brn|[from] brn
|turn|9
|
|move|p2a: Suicune|Rest|p2a: Suicune
|-status|p2a: Suicune|slp
|-heal|p2a: Suicune|401\/401 slp|[silent]
|-status|p2a: Suicune|slp|[from] move: Rest
|move|p1a: Forretress|Volt Switch|p2a: Suicune
|-supereffective|p2a: Suicune
|-damage|p2a: Suicune|339\/401 slp
|
|switch|p1a: Toxicroak|Toxicroak, F|369\/369
|
|-heal|p2a: Suicune|364\/401 slp|[from] item: Leftovers
|turn|10
|
|switch|p2a: Crobat|Crobat, F|325\/325
|-damage|p2a: Crobat|244\/325|[from] Stealth Rock
|move|p1a: Toxicroak|Knock Off|p2a: Crobat
|-damage|p2a: Crobat|150\/325
|
|turn|11
|
|switch|p1a: Forretress|Forretress, M|354\/354
|move|p2a: Crobat|Roost|p2a: Crobat
|-heal|p2a: Crobat|313\/325
|
|turn|12
|
|move|p2a: Crobat|Defog|p1a: Forretress
|-unboost|p1a: Forretress|evasion|1
|-sideend|p2: Masochism|Stealth Rock|[from] move: Defog|[of] p2a: Crobat
|move|p1a: Forretress|Gyro Ball|p2a: Crobat
|-damage|p2a: Crobat|154\/325
|
|turn|13
|
|move|p2a: Crobat|Roost|p2a: Crobat
|-heal|p2a: Crobat|317\/325
|move|p1a: Forretress|Stealth Rock|p2a: Crobat
|-sidestart|p2: Masochism|move: Stealth Rock
|
|turn|14
|
|move|p2a: Crobat|Defog|p1a: Forretress
|-unboost|p1a: Forretress|evasion|1
|-sideend|p2: Masochism|Stealth Rock|[from] move: Defog|[of] p2a: Crobat
|move|p1a: Forretress|Volt Switch|p2a: Crobat
|-supereffective|p2a: Crobat
|-damage|p2a: Crobat|221\/325
|
|switch|p1a: Darmanitan|Darmanitan, M|351\/351
|
|turn|15
|
|switch|p2a: Suicune|Suicune|364\/401 slp
|-ability|p2a: Suicune|Pressure
|move|p1a: Darmanitan|U-turn|p2a: Suicune
|-damage|p2a: Suicune|302\/401 slp
|
|switch|p1a: Forretress|Forretress, M|354\/354
|
|-heal|p2a: Suicune|327\/401 slp|[from] item: Leftovers
|turn|16
|
|cant|p2a: Suicune|slp
|move|p2a: Suicune|Sleep Talk|p2a: Suicune
|move|p2a: Suicune|Scald|p1a: Forretress|[from]Sleep Talk
|-damage|p1a: Forretress|230\/354
|move|p1a: Forretress|Stealth Rock|p2a: Suicune
|-sidestart|p2: Masochism|move: Stealth Rock
|
|-heal|p2a: Suicune|352\/401 slp|[from] item: Leftovers
|-heal|p1a: Forretress|252\/354|[from] item: Leftovers
|turn|17
|
|switch|p1a: Toxicroak|Toxicroak, F|369\/369
|cant|p2a: Suicune|slp
|move|p2a: Suicune|Sleep Talk|p2a: Suicune
|move|p2a: Suicune|Calm Mind|p2a: Suicune|[from]Sleep Talk
|-boost|p2a: Suicune|spa|1
|-boost|p2a: Suicune|spd|1
|
|-heal|p2a: Suicune|377\/401 slp|[from] item: Leftovers
|turn|18
|
|switch|p2a: Crobat|Crobat, F|221\/325
|-damage|p2a: Crobat|140\/325|[from] Stealth Rock
|move|p1a: Toxicroak|Gunk Shot|p2a: Crobat
|-resisted|p2a: Crobat
|-damage|p2a: Crobat|9\/325
|
|turn|19
|
|switch|p1a: Blastoise|Blastoise-Mega, M|257\/361 brn
|move|p2a: Crobat|Roost|p2a: Crobat
|-heal|p2a: Crobat|172\/325
|
|-damage|p1a: Blastoise|212\/361 brn|[from] brn
|turn|20
|
|move|p2a: Crobat|Roost|p2a: Crobat
|-heal|p2a: Crobat|325\/325
|move|p1a: Blastoise|Ice Beam|p2a: Crobat
|-damage|p2a: Crobat|169\/325
|-status|p2a: Crobat|frz
|
|-damage|p1a: Blastoise|167\/361 brn|[from] brn
|turn|21
|
|switch|p2a: Jirachi|Jirachi|341\/341
|-damage|p2a: Jirachi|320\/341|[from] Stealth Rock
|move|p1a: Blastoise|Scald|p2a: Jirachi
|-damage|p2a: Jirachi|163\/341
|
|-damage|p1a: Blastoise|122\/361 brn|[from] brn
|turn|22
|
|move|p2a: Jirachi|U-turn|p1a: Blastoise
|-damage|p1a: Blastoise|57\/361 brn
|
|switch|p2a: Suicune|Suicune|377\/401 slp
|-damage|p2a: Suicune|327\/401 slp|[from] Stealth Rock
|-ability|p2a: Suicune|Pressure
|move|p1a: Blastoise|Scald|p2a: Suicune
|-resisted|p2a: Suicune
|-damage|p2a: Suicune|261\/401 slp
|
|-heal|p2a: Suicune|286\/401 slp|[from] item: Leftovers
|-damage|p1a: Blastoise|12\/361 brn|[from] brn
|turn|23
|
|switch|p1a: Toxicroak|Toxicroak, F|369\/369
|-curestatus|p2a: Suicune|slp
|move|p2a: Suicune|Sleep Talk|p2a: Suicune
|-fail|p2a: Suicune
|
|-heal|p2a: Suicune|311\/401|[from] item: Leftovers
|turn|24
|
|switch|p2a: Swampert|Swampert, F|251\/404 brn
|-damage|p2a: Swampert|226\/404 brn|[from] Stealth Rock
|move|p1a: Toxicroak|Gunk Shot|p2a: Swampert
|-resisted|p2a: Swampert
|-damage|p2a: Swampert|144\/404 brn
|
|-heal|p2a: Swampert|169\/404 brn|[from] item: Leftovers
|-damage|p2a: Swampert|119\/404 brn|[from] brn
|turn|25
|
|move|p1a: Toxicroak|Drain Punch|p2a: Swampert
|-damage|p2a: Swampert|26\/404 brn
|move|p2a: Swampert|Stealth Rock|p1a: Toxicroak
|-sidestart|p1: Lagooon|move: Stealth Rock
|
|-heal|p2a: Swampert|51\/404 brn|[from] item: Leftovers
|-damage|p2a: Swampert|1\/404 brn|[from] brn
|turn|26
|
|move|p1a: Toxicroak|Knock Off|p2a: Swampert
|-damage|p2a: Swampert|0 fnt
|-enditem|p2a: Swampert|Leftovers|[from] move: Knock Off|[of] p1a: Toxicroak
|faint|p2a: Swampert
|
|
|switch|p2a: Jirachi|Jirachi|163\/341
|-damage|p2a: Jirachi|142\/341|[from] Stealth Rock
|turn|27
|
|move|p1a: Toxicroak|Sucker Punch|p2a: Jirachi
|-fail|p2a: Jirachi
|move|p2a: Jirachi|Trick|p1a: Toxicroak
|-activate|p2a: Jirachi|move: Trick|[of] p1a: Toxicroak
|-item|p1a: Toxicroak|Choice Scarf|[from] move: Trick
|-item|p2a: Jirachi|Assault Vest|[from] move: Trick
|
|turn|28
|
|switch|p2a: Crobat|Crobat, F|169\/325 frz
|-damage|p2a: Crobat|88\/325 frz|[from] Stealth Rock
|move|p1a: Toxicroak|Knock Off|p2a: Crobat
|-crit|p2a: Crobat
|-damage|p2a: Crobat|0 fnt
|faint|p2a: Crobat
|
|
|switch|p2a: Lucario|Lucario, M|281\/281
|-damage|p2a: Lucario|273\/281|[from] Stealth Rock
|turn|29
|
|switch|p1a: Blastoise|Blastoise-Mega, M|12\/361 brn
|-damage|p1a: Blastoise|0 fnt|[from] Stealth Rock
|faint|p1a: Blastoise
|move|p2a: Lucario|Swords Dance|p2a: Lucario
|-boost|p2a: Lucario|atk|2
|
|
|switch|p1a: Alakazam|Alakazam, F|251\/251
|turn|30
|
|move|p2a: Lucario|Extreme Speed|p1a: Alakazam
|-enditem|p1a: Alakazam|Focus Sash
|-damage|p1a: Alakazam|1\/251
|-damage|p2a: Lucario|245\/281|[from] item: Life Orb
|move|p1a: Alakazam|Psyshock|p2a: Lucario
|-damage|p2a: Lucario|52\/281
|
|turn|31
|
|move|p2a: Lucario|Extreme Speed|p1a: Alakazam
|-damage|p1a: Alakazam|0 fnt
|-damage|p2a: Lucario|24\/281|[from] item: Life Orb
|faint|p1a: Alakazam
|
|
|switch|p1a: Entei|Entei, shiny|173\/371
|-damage|p1a: Entei|81\/371|[from] Stealth Rock
|-ability|p1a: Entei|Pressure
|turn|32
|
|move|p2a: Lucario|Extreme Speed|p1a: Entei
|-damage|p1a: Entei|0 fnt
|-damage|p2a: Lucario|0 fnt|[from] item: Life Orb
|faint|p1a: Entei
|faint|p2a: Lucario
|
|
|switch|p2a: Jirachi|Jirachi|142\/341
|switch|p1a: Forretress|Forretress, M|252\/354
|-damage|p2a: Jirachi|121\/341|[from] Stealth Rock
|-damage|p1a: Forretress|208\/354|[from] Stealth Rock
|turn|33
|
|move|p2a: Jirachi|Iron Head|p1a: Forretress
|-resisted|p1a: Forretress
|-damage|p1a: Forretress|172\/354
|cant|p1a: Forretress|flinch
|
|-heal|p1a: Forretress|194\/354|[from] item: Leftovers
|turn|34
|
|move|p2a: Jirachi|U-turn|p1a: Forretress
|-resisted|p1a: Forretress
|-damage|p1a: Forretress|173\/354
|
|switch|p2a: Machamp|Machamp, F|321\/321
|-damage|p2a: Machamp|301\/321|[from] Stealth Rock
|move|p1a: Forretress|Rapid Spin|p2a: Machamp
|-damage|p2a: Machamp|284\/321
|-sideend|p1: Lagooon|Stealth Rock|[from] move: Rapid Spin|[of] p1a: Forretress
|
|-heal|p1a: Forretress|195\/354|[from] item: Leftovers
|turn|35
|
|move|p2a: Machamp|Close Combat|p1a: Forretress
|-damage|p1a: Forretress|0 fnt
|-unboost|p2a: Machamp|def|1
|-unboost|p2a: Machamp|spd|1
|faint|p1a: Forretress
|
|
|switch|p1a: Darmanitan|Darmanitan, M|351\/351
|turn|36
|
|move|p1a: Darmanitan|Flare Blitz|p2a: Machamp
|-damage|p2a: Machamp|0 fnt
|-damage|p1a: Darmanitan|257\/351|[from] recoil|[of] p2a: Machamp
|faint|p2a: Machamp
|
|
|switch|p2a: Suicune|Suicune|311\/401
|-damage|p2a: Suicune|261\/401|[from] Stealth Rock
|-ability|p2a: Suicune|Pressure
|turn|37
|
|move|p1a: Darmanitan|Flare Blitz|p2a: Suicune
|-resisted|p2a: Suicune
|-damage|p2a: Suicune|164\/401
|-damage|p1a: Darmanitan|225\/351|[from] recoil|[of] p2a: Suicune
|move|p2a: Suicune|Rest|p2a: Suicune
|-status|p2a: Suicune|slp
|-heal|p2a: Suicune|401\/401 slp|[silent]
|-status|p2a: Suicune|slp|[from] move: Rest
|
|turn|38
|
|switch|p1a: Toxicroak|Toxicroak, F|369\/369
|cant|p2a: Suicune|slp
|move|p2a: Suicune|Sleep Talk|p2a: Suicune
|move|p2a: Suicune|Rest|p2a: Suicune|[from]Sleep Talk
|-fail|p2a: Suicune
|
|turn|39
|
|move|p1a: Toxicroak|Knock Off|p2a: Suicune
|-damage|p2a: Suicune|333\/401 slp
|-enditem|p2a: Suicune|Leftovers|[from] move: Knock Off|[of] p1a: Toxicroak
|cant|p2a: Suicune|slp
|move|p2a: Suicune|Sleep Talk|p2a: Suicune
|move|p2a: Suicune|Calm Mind|p2a: Suicune|[from]Sleep Talk
|-boost|p2a: Suicune|spa|1
|-boost|p2a: Suicune|spd|1
|
|turn|40
|
|switch|p1a: Darmanitan|Darmanitan, M|225\/351
|-curestatus|p2a: Suicune|slp
|move|p2a: Suicune|Calm Mind|p2a: Suicune
|-boost|p2a: Suicune|spa|1
|-boost|p2a: Suicune|spd|1
|
|turn|41
|
|move|p1a: Darmanitan|Superpower|p2a: Suicune
|-damage|p2a: Suicune|239\/401
|-unboost|p1a: Darmanitan|atk|1
|-unboost|p1a: Darmanitan|def|1
|move|p2a: Suicune|Scald|p1a: Darmanitan
|-supereffective|p1a: Darmanitan
|-damage|p1a: Darmanitan|0 fnt
|faint|p1a: Darmanitan
|
|
|switch|p1a: Toxicroak|Toxicroak, F|369\/369
|turn|42
|
|move|p1a: Toxicroak|Drain Punch|p2a: Suicune
|-damage|p2a: Suicune|155\/401
|move|p2a: Suicune|Rest|p2a: Suicune
|-status|p2a: Suicune|slp
|-heal|p2a: Suicune|401\/401 slp|[silent]
|-status|p2a: Suicune|slp|[from] move: Rest
|
|turn|43
|
|move|p1a: Toxicroak|Drain Punch|p2a: Suicune
|-damage|p2a: Suicune|311\/401 slp
|cant|p2a: Suicune|slp
|move|p2a: Suicune|Sleep Talk|p2a: Suicune
|move|p2a: Suicune|Scald|p1a: Toxicroak|[from]Sleep Talk
|-immune|p1a: Toxicroak|[msg]
|
|turn|44
|
|move|p1a: Toxicroak|Drain Punch|p2a: Suicune
|-damage|p2a: Suicune|226\/401 slp
|cant|p2a: Suicune|slp
|
|turn|45
|
|move|p1a: Toxicroak|Drain Punch|p2a: Suicune
|-damage|p2a: Suicune|135\/401 slp
|-curestatus|p2a: Suicune|slp
|move|p2a: Suicune|Rest|p2a: Suicune
|-status|p2a: Suicune|slp
|-heal|p2a: Suicune|401\/401 slp|[silent]
|-status|p2a: Suicune|slp|[from] move: Rest
|
|turn|46
|
|move|p1a: Toxicroak|Drain Punch|p2a: Suicune
|-damage|p2a: Suicune|319\/401 slp
|cant|p2a: Suicune|slp
|
|turn|47
|
|move|p1a: Toxicroak|Drain Punch|p2a: Suicune
|-damage|p2a: Suicune|234\/401 slp
|cant|p2a: Suicune|slp
|
|turn|48
|
|move|p1a: Toxicroak|Drain Punch|p2a: Suicune
|-damage|p2a: Suicune|152\/401 slp
|-curestatus|p2a: Suicune|slp
|move|p2a: Suicune|Rest|p2a: Suicune
|-status|p2a: Suicune|slp
|-heal|p2a: Suicune|401\/401 slp|[silent]
|-status|p2a: Suicune|slp|[from] move: Rest
|
|turn|49
|
|move|p1a: Toxicroak|Drain Punch|p2a: Suicune
|-damage|p2a: Suicune|323\/401 slp
|cant|p2a: Suicune|slp
|
|turn|50
|
|move|p1a: Toxicroak|Struggle|p2a: Suicune
|-damage|p2a: Suicune|283\/401 slp
|-damage|p1a: Toxicroak|277\/369
|cant|p2a: Suicune|slp
|
|turn|51
|
|move|p1a: Toxicroak|Struggle|p2a: Suicune
|-damage|p2a: Suicune|245\/401 slp
|-damage|p1a: Toxicroak|185\/369
|-curestatus|p2a: Suicune|slp
|move|p2a: Suicune|Rest|p2a: Suicune
|-status|p2a: Suicune|slp
|-heal|p2a: Suicune|401\/401 slp|[silent]
|-status|p2a: Suicune|slp|[from] move: Rest
|
|turn|52
|
|move|p1a: Toxicroak|Struggle|p2a: Suicune
|-damage|p2a: Suicune|363\/401 slp
|-damage|p1a: Toxicroak|93\/369
|cant|p2a: Suicune|slp
|
|turn|53
|
|move|p1a: Toxicroak|Struggle|p2a: Suicune
|-damage|p2a: Suicune|326\/401 slp
|-damage|p1a: Toxicroak|1\/369
|cant|p2a: Suicune|slp
|
|turn|54
|
|move|p1a: Toxicroak|Struggle|p2a: Suicune
|-crit|p2a: Suicune
|-damage|p2a: Suicune|266\/401 slp
|-damage|p1a: Toxicroak|0 fnt
|faint|p1a: Toxicroak
|
|win|Masochism
|raw|Ladder updating...
|raw|Lagooon's rating: 1417 &rarr; <strong>1400<\/strong><br \/>(-17 for losing)
|raw|Masochism's rating: 1458 &rarr; <strong>1476<\/strong><br \/>(+18 for winning)
|c|âLagooon|gg
|leave|Lagooon
|player|p1