|join|ULT King UU
|join|Ceryto
|player|p1|ULT King UU|#kinguu
|player|p2|Ceryto|290
|gametype|singles
|gen|6
|tier|UU
|rated
|rule|Sleep Clause Mod: Limit one foe put to sleep
|rule|Species Clause: Limit one of each PokÃ©mon
|rule|OHKO Clause: OHKO moves are banned
|rule|Moody Clause: Moody is banned
|rule|Evasion Moves Clause: Evasion moves are banned
|rule|Endless Battle Clause: Forcing endless battles is banned
|rule|HP Percentage Mod: HP is shown in percentages
|clearpoke
|poke|p1|Serperior, M
|poke|p1|Crobat, F
|poke|p1|Jirachi
|poke|p1|Florges, F
|poke|p1|Hydreigon, M
|poke|p1|Swampert, M
|poke|p2|Sharpedo, F
|poke|p2|Crobat, M
|poke|p2|Porygon2
|poke|p2|Swampert, F
|poke|p2|Lucario, M
|poke|p2|Chandelure, F
|rule|Swagger Clause: Swagger is banned
|rule|Baton Pass Clause: Limit one PokÃ©mon knowing Baton Pass
|teampreview
|join|newfren
|c| newfren|lose imo
|join|ULT Bob
|c| ULT Bob|lose imo
|
|start
|switch|p1a: Hydreigon|Hydreigon, M|325\/325
|switch|p2a: Chandelure|Chandelure, F|261\/261
|turn|1
|c| newfren|when you start losing do you just stall the game out for 15 minutes?
|c|âULT King UU|yup
|c|âULT King UU|:)
|
|switch|p2a: Porygon2|Porygon2|365\/365
|-ability|p2a: Porygon2|Levitate|[from] ability: Trace|[of] p1a: Hydreigon
|move|p1a: Hydreigon|Draco Meteor|p2a: Porygon2
|-damage|p2a: Porygon2|196\/365
|-unboost|p1a: Hydreigon|spa|2
|
|turn|2
|c|âULT King UU|it's a win-win
|join|AdvilMonjk
|
|switch|p1a: Serperior|Serperior, M|341\/341
|move|p2a: Porygon2|Recover|p2a: Porygon2
|-heal|p2a: Porygon2|365\/365
|
|turn|3
|
|move|p1a: Serperior|Leaf Storm|p2a: Porygon2
|-damage|p2a: Porygon2|304\/365
|-boost|p1a: Serperior|spa|2
|move|p2a: Porygon2|Ice Beam|p1a: Serperior
|-supereffective|p1a: Serperior
|-damage|p1a: Serperior|153\/341
|
|-heal|p1a: Serperior|174\/341|[from] item: Leftovers
|turn|4
|c| newfren|broken
|c|âCeryto|that damage xD
|c| newfren|now subglare him
|c|âULT King UU|lol
|
|switch|p1a: Swampert|Swampert, M|353\/353
|move|p2a: Porygon2|Ice Beam|p1a: Swampert
|-damage|p1a: Swampert|255\/353
|
|turn|5
|join|OGWanka
|c| newfren|no freeze wtf
|
|detailschange|p1a: Swampert|Swampert-Mega, M
|-mega|p1a: Swampert|Swampert|Swampertite
|move|p1a: Swampert|Stealth Rock|p2a: Porygon2
|-sidestart|p2: Ceryto|move: Stealth Rock
|move|p2a: Porygon2|Toxic|p1a: Swampert
|-status|p1a: Swampert|tox
|
|-damage|p1a: Swampert|233\/353 tox|[from] psn
|turn|6
|
|switch|p1a: Florges|Florges, F|360\/360
|move|p2a: Porygon2|Ice Beam|p1a: Florges
|-damage|p1a: Florges|305\/360
|
|-heal|p1a: Florges|327\/360|[from] item: Leftovers
|turn|7
|
|switch|p2a: Crobat|Crobat, M|373\/373
|-damage|p2a: Crobat|280\/373|[from] Stealth Rock
|move|p1a: Florges|Calm Mind|p1a: Florges
|-boost|p1a: Florges|spa|1
|-boost|p1a: Florges|spd|1
|
|-heal|p2a: Crobat|303\/373|[from] item: Black Sludge
|-heal|p1a: Florges|349\/360|[from] item: Leftovers
|turn|8
|c| OGWanka|o.O
|c| OGWanka|plz reveal
|
|move|p2a: Crobat|Defog|p1a: Florges
|-unboost|p1a: Florges|evasion|1
|-sideend|p2: Ceryto|Stealth Rock|[from] move: Defog|[of] p2a: Crobat
|move|p1a: Florges|Moonblast|p2a: Crobat
|-resisted|p2a: Crobat
|-damage|p2a: Crobat|197\/373
|-unboost|p2a: Crobat|spa|1
|
|-heal|p2a: Crobat|220\/373|[from] item: Black Sludge
|-heal|p1a: Florges|360\/360|[from] item: Leftovers
|turn|9
|
|move|p2a: Crobat|Brave Bird|p1a: Florges
|-damage|p1a: Florges|221\/360
|-damage|p2a: Crobat|174\/373|[from] recoil|[of] p1a: Florges
|move|p1a: Florges|Calm Mind|p1a: Florges
|-boost|p1a: Florges|spa|1
|-boost|p1a: Florges|spd|1
|
|-heal|p2a: Crobat|197\/373|[from] item: Black Sludge
|-heal|p1a: Florges|243\/360|[from] item: Leftovers
|turn|10
|
|move|p2a: Crobat|Roost|p2a: Crobat
|-heal|p2a: Crobat|373\/373
|move|p1a: Florges|Synthesis|p1a: Florges
|-heal|p1a: Florges|360\/360
|
|turn|11
|
|move|p2a: Crobat|U-turn|p1a: Florges
|-resisted|p1a: Florges
|-damage|p1a: Florges|337\/360
|
|switch|p2a: Porygon2|Porygon2|304\/365
|-ability|p2a: Porygon2|Flower Veil|[from] ability: Trace|[of] p1a: Florges
|move|p1a: Florges|Calm Mind|p1a: Florges
|-boost|p1a: Florges|spa|1
|-boost|p1a: Florges|spd|1
|
|-heal|p1a: Florges|359\/360|[from] item: Leftovers
|turn|12
|c|âCeryto|fortunately you don't have psychic on florges xD
|
|move|p1a: Florges|Moonblast|p2a: Porygon2
|-damage|p2a: Porygon2|130\/365
|move|p2a: Porygon2|Toxic|p1a: Florges
|-status|p1a: Florges|tox
|
|-heal|p1a: Florges|360\/360 tox|[from] item: Leftovers
|-damage|p1a: Florges|338\/360 tox|[from] psn
|turn|13
|c| OGWanka|u still take a semi L to it
|c|âCeryto|^^
|join|FUQ GLISCORE
|
|switch|p2a: Crobat|Crobat, M|373\/373
|move|p1a: Florges|Aromatherapy|p1a: Florges
|-cureteam|p1a: Florges|[from] move: Aromatherapy
|
|-heal|p1a: Florges|360\/360|[from] item: Leftovers
|turn|14
|c| OGWanka|cuz wht do u think he has over psycic
|c| OGWanka|tht
|c|âULT King UU|gg
|c|âULT King UU|.-.
|c|âCeryto|ah come on xD
|c| OGWanka|wht did u expect
|join|LiberalLucario
|c|âCeryto|another attacking move like energy ball ^^
|
|move|p2a: Crobat|Brave Bird|p1a: Florges
|-damage|p1a: Florges|230\/360
|-damage|p2a: Crobat|330\/373|[from] recoil|[of] p1a: Florges
|move|p1a: Florges|Moonblast|p2a: Crobat
|-resisted|p2a: Crobat
|-damage|p2a: Crobat|161\/373
|
|-heal|p2a: Crobat|184\/373|[from] item: Black Sludge
|-heal|p1a: Florges|252\/360|[from] item: Leftovers
|turn|15
|c| LiberalLucario|oml damage
|c| newfren|certyo
|c| newfren|stall this battle out
|c| newfren|for 6 more minutes
|
|move|p2a: Crobat|Brave Bird|p1a: Florges
|-damage|p1a: Florges|125\/360
|-damage|p2a: Crobat|142\/373|[from] recoil|[of] p1a: Florges
|move|p1a: Florges|Synthesis|p1a: Florges
|-heal|p1a: Florges|305\/360
|
|-heal|p2a: Crobat|165\/373|[from] item: Black Sludge
|-heal|p1a: Florges|327\/360|[from] item: Leftovers
|turn|16
|c| newfren|I believe in you buddy
|c| OGWanka|bill is lapraz on?
|c| newfren|it's like 10 am here
|c| newfren|he's probably not awake
|c| OGWanka|o
|
|move|p2a: Crobat|Roost|p2a: Crobat
|-heal|p2a: Crobat|352\/373
|move|p1a: Florges|Moonblast|p2a: Crobat
|-resisted|p2a: Crobat
|-damage|p2a: Crobat|157\/373
|
|-heal|p2a: Crobat|180\/373|[from] item: Black Sludge
|-heal|p1a: Florges|349\/360|[from] item: Leftovers
|turn|17
|c| OGWanka|well wouldnt king still take 2nd even if this battle doesnt end
|c| newfren|y
|c|âULT King UU|y
|c| LiberalLucario|s t a l l b o y z
|c| newfren|but he wouldn't get 1st
|
|move|p2a: Crobat|Roost|p2a: Crobat
|-heal|p2a: Crobat|367\/373
|move|p1a: Florges|Calm Mind|p1a: Florges
|-boost|p1a: Florges|spa|1
|-boost|p1a: Florges|spd|1
|
|-heal|p2a: Crobat|373\/373|[from] item: Black Sludge
|-heal|p1a: Florges|360\/360|[from] item: Leftovers
|turn|18
|c| OGWanka|o goin for bob
|c| OGWanka|ic
|join|YoungLegend
|
|move|p2a: Crobat|Brave Bird|p1a: Florges
|-damage|p1a: Florges|219\/360
|-damage|p2a: Crobat|326\/373|[from] recoil|[of] p1a: Florges
|move|p1a: Florges|Moonblast|p2a: Crobat
|-resisted|p2a: Crobat
|-damage|p2a: Crobat|107\/373
|
|-heal|p2a: Crobat|130\/373|[from] item: Black Sludge
|-heal|p1a: Florges|241\/360|[from] item: Leftovers
|turn|19
|join|r0ady
|c| newfren|just roost over and over ceryto
|c|âCeryto|haha :D
|join|DrReuniclus3
|
|move|p2a: Crobat|Brave Bird|p1a: Florges
|-damage|p1a: Florges|105\/360
|-damage|p2a: Crobat|85\/373|[from] recoil|[of] p1a: Florges
|move|p1a: Florges|Synthesis|p1a: Florges
|-heal|p1a: Florges|285\/360
|
|-heal|p2a: Crobat|108\/373|[from] item: Black Sludge
|-heal|p1a: Florges|307\/360|[from] item: Leftovers
|turn|20
|c| r0ady|is that a p2
|c|âCeryto|wow... high elo xD
|c| r0ady|those are still a thing
|c| newfren|you need to take him down ceryto
|join|ult toenail
|c| newfren|it's all on you
|
|move|p2a: Crobat|Roost|p2a: Crobat
|-heal|p2a: Crobat|295\/373
|move|p1a: Florges|Synthesis|p1a: Florges
|-heal|p1a: Florges|360\/360
|
|-heal|p2a: Crobat|318\/373|[from] item: Black Sludge
|turn|21
|c| r0ady|iron tail luc y\/n
|join|xMarth
|join|ANGER MANAGEMENT
|
|move|p2a: Crobat|Brave Bird|p1a: Florges
|-damage|p1a: Florges|222\/360
|-damage|p2a: Crobat|272\/373|[from] recoil|[of] p1a: Florges
|move|p1a: Florges|Calm Mind|p1a: Florges
|-boost|p1a: Florges|spa|1
|-boost|p1a: Florges|spd|1
|
|-heal|p2a: Crobat|295\/373|[from] item: Black Sludge
|-heal|p1a: Florges|244\/360|[from] item: Leftovers
|turn|22
|c|âCeryto|is there a reason why i have to take him down? xD
|c| newfren|he only has 8 synthesises total
|join|Specs Cranidos
|
|move|p2a: Crobat|Brave Bird|p1a: Florges
|-damage|p1a: Florges|111\/360
|-damage|p2a: Crobat|251\/373|[from] recoil|[of] p1a: Florges
|move|p1a: Florges|Synthesis|p1a: Florges
|-heal|p1a: Florges|291\/360
|
|-heal|p2a: Crobat|274\/373|[from] item: Black Sludge
|-heal|p1a: Florges|313\/360|[from] item: Leftovers
|turn|23
|c|âULT King UU|k can we
|c| ANGER MANAGEMENT|where is the taunt
|c|âULT King UU|end this plz .-.
|c| newfren|you're doing well ceryto
|c| newfren|don't listen to him
|
|move|p2a: Crobat|Brave Bird|p1a: Florges
|-damage|p1a: Florges|193\/360
|-damage|p2a: Crobat|234\/373|[from] recoil|[of] p1a: Florges
|move|p1a: Florges|Moonblast|p2a: Crobat
|-resisted|p2a: Crobat
|-damage|p2a: Crobat|0 fnt
|faint|p2a: Crobat
|
|-heal|p1a: Florges|215\/360|[from] item: Leftovers
|c| newfren|noooooooo
|c| newfren|flinch him
|c| newfren|with shark
|c| newfren|go
|c| ult toenail|iron tail luke
|c| OGWanka|with the combo of shark and lucario
|c| OGWanka|hes got this
|c|âCeryto|unfortunately no iron tail LOl :D
|join|BenzMafia
|join|ahyueah
|c|âULT King UU|gg
|
|switch|p2a: Sharpedo|Sharpedo, F|281\/281
|turn|24
|c|âULT King UU|end it .-.
|c| OGWanka|its fine waterfall plus espeed
|c| OGWanka|kills
|c|âCeryto|^^ yeah ;D
|c| newfren|crit him tbh
|c| xMarth|but theres like synth
|
|detailschange|p2a: Sharpedo|Sharpedo-Mega, F
|-mega|p2a: Sharpedo|Sharpedo|Sharpedonite
|move|p2a: Sharpedo|Waterfall|p1a: Florges
|-damage|p1a: Florges|67\/360
|cant|p1a: Florges|flinch
|
|-heal|p1a: Florges|89\/360|[from] item: Leftovers
|turn|25
|c| newfren|e
|c| newfren|z
|c| newfren|e
|c| newfren|z
|c| OGWanka|pz
|c| newfren|e
|c| newfren|z
|c|âCeryto|well that does it as well xD
|
|move|p2a: Sharpedo|Waterfall|p1a: Florges
|-damage|p1a: Florges|0 fnt
|faint|p1a: Florges
|
|c| r0ady|but serp goes in
|c| ANGER MANAGEMENT|nice n outsped
|c| xMarth|well good thing bats dead
|
|switch|p1a: Crobat|Crobat, F|323\/323
|turn|26
|c| ANGER MANAGEMENT|doesn't kill
|c| ANGER MANAGEMENT|!!!
|c| newfren|only 2 more minutes ceryto
|
|move|p2a: Sharpedo|Protect|p2a: Sharpedo
|-singleturn|p2a: Sharpedo|Protect
|move|p1a: Crobat|Brave Bird|p2a: Sharpedo
|-activate|p2a: Sharpedo|Protect
|
|turn|27
|c| ULT Bob|1 more minute!
|c| newfren|yes perfect
|c| newfren|protect stalling
|c| ULT Bob|and its time!
|c| newfren|get posting kink
|c| newfren|actually hang on
|c| OGWanka|triple p tect
|c| OGWanka|right here
|c| xMarth|he wait get away from 1st guys too close
|
|switch|p2a: Swampert|Swampert, F|404\/404
|move|p1a: Crobat|U-turn|p2a: Swampert
|-crit|p2a: Swampert
|-damage|p2a: Swampert|322\/404
|c| OGWanka|shit serp is bout to go in
|leave|Specs Cranidos
|c| r0ady|is that youre defensive serp
|c| OGWanka|no
|c| OGWanka|no
|c| OGWanka|no
|c| OGWanka|no
|c| OGWanka|no
|
|switch|p1a: Serperior|Serperior, M|174\/341
|
|-heal|p1a: Serperior|195\/341|[from] item: Leftovers
|-heal|p2a: Swampert|347\/404|[from] item: Leftovers
|turn|28
|c| OGWanka|is tht scarf chand
|c| OGWanka|pls be scarf
|c| r0ady|scarf luke
|c| OGWanka|tru
|
|switch|p2a: Chandelure|Chandelure, F|261\/261
|move|p1a: Serperior|Leaf Storm|p2a: Chandelure|[miss]
|-miss|p1a: Serperior|p2a: Chandelure
|
|-heal|p1a: Serperior|216\/341|[from] item: Leftovers
|turn|29
|c|âCeryto|you'll see in time :p
|c| OGWanka|o
|c| xMarth|not a good day for hax
|
|switch|p1a: Hydreigon|Hydreigon, M|325\/325
|move|p2a: Chandelure|Fire Blast|p1a: Hydreigon
|-resisted|p1a: Hydreigon
|-damage|p1a: Hydreigon|208\/325
|
|turn|30
|c| OGWanka|ye scarf damage
|c| r0ady|ya specs woulda done half
|leave|xMarth
|c| r0ady|earth power
|c| r0ady|you wont
|
|switch|p2a: Porygon2|Porygon2|130\/365
|-ability|p2a: Porygon2|Levitate|[from] ability: Trace|[of] p1a: Hydreigon
|move|p1a: Hydreigon|Dark Pulse|p2a: Porygon2
|-damage|p2a: Porygon2|13\/365
|
|turn|31
|
|move|p1a: Hydreigon|Dark Pulse|p2a: Porygon2
|-damage|p2a: Porygon2|0 fnt
|faint|p2a: Porygon2
|
|
|switch|p2a: Lucario|Lucario, M|281\/281
|turn|32
|c| r0ady|lucario wins if flinch hax dont come through
|c| newfren|u did good ceryto
|
|switch|p1a: Crobat|Crobat, F|323\/323
|move|p2a: Lucario|Swords Dance|p2a: Lucario
|-boost|p2a: Lucario|atk|2
|
|turn|33
|c| OGWanka|bill hes going for the win
|c| OGWanka|shhh
|leave|FUQ GLISCORE
|c|âCeryto|btw, i still don;t understand why there are so many spectators xD
|c| OGWanka|well uh
|
|move|p2a: Lucario|Extreme Speed|p1a: Crobat
|-damage|p1a: Crobat|86\/323
|move|p1a: Crobat|Brave Bird|p2a: Lucario
|-damage|p2a: Lucario|22\/281
|-damage|p1a: Crobat|1\/323|[from] recoil|[of] p2a: Lucario
|
|turn|34
|c|âULT King UU|oh
|c| OGWanka|its for an event going on in uu
|c| OGWanka|and ur vsing the uu room owner
|leave|ult toenail
|c| r0ady|youre facing a man named king uu
|c| OGWanka|sooooooooo
|c| OGWanka|ye
|c| r0ady|were hi9s slaves
|c|âCeryto|ok ^^
|
|switch|p1a: Swampert|Swampert-Mega, M|233\/353
|move|p2a: Lucario|Extreme Speed|p1a: Swampert
|-damage|p1a: Swampert|48\/353
|
|turn|35
|
|move|p2a: Lucario|Extreme Speed|p1a: Swampert
|-damage|p1a: Swampert|0 fnt
|faint|p1a: Swampert
|
|
|switch|p1a: Jirachi|Jirachi|341\/341
|turn|36
|c| newfren|eq
|c|âCeryto|he's faster
|c| OGWanka|magician
|c| OGWanka|here
|
|move|p2a: Lucario|Extreme Speed|p1a: Jirachi
|-resisted|p1a: Jirachi
|-damage|p1a: Jirachi|250\/341
|move|p1a: Jirachi|Iron Head|p2a: Lucario
|-resisted|p2a: Lucario
|-damage|p2a: Lucario|0 fnt
|faint|p2a: Lucario
|
|c|âULT King UU|newfren
|c|âULT King UU|I hate you
|c| newfren|<3
|c|âULT King UU|no
|
|switch|p2a: Swampert|Swampert, F|347\/404
|turn|37
|
|switch|p1a: Crobat|Crobat, F|1\/323
|move|p2a: Swampert|Stealth Rock|p1a: Crobat
|-sidestart|p1: ULT King UU|move: Stealth Rock
|
|-heal|p2a: Swampert|372\/404|[from] item: Leftovers
|turn|38
|
|move|p1a: Crobat|Brave Bird|p2a: Swampert
|-damage|p2a: Swampert|215\/404
|-damage|p1a: Crobat|0 fnt|[from] recoil|[of] p2a: Swampert
|faint|p1a: Crobat
|move|p2a: Swampert|Roar|p1: Crobat|[notarget]
|-notarget
|
|-heal|p2a: Swampert|240\/404|[from] item: Leftovers
|join|ThE0 Trolopoulos
|
|switch|p1a: Serperior|Serperior, M|216\/341
|-damage|p1a: Serperior|174\/341|[from] Stealth Rock
|turn|39
|
|switch|p2a: Chandelure|Chandelure, F|261\/261
|move|p1a: Serperior|Substitute|p1a: Serperior
|-start|p1a: Serperior|Substitute
|-damage|p1a: Serperior|89\/341
|
|-heal|p1a: Serperior|110\/341|[from] item: Leftovers
|turn|40
|c| r0ady|inb4 infiltrator
|c|âULT King UU|:P
|c| OGWanka|tyler
|c| OGWanka|whyd u say tht
|
|move|p2a: Chandelure|Fire Blast|p1a: Serperior
|-supereffective|p1a: Serperior
|-end|p1a: Serperior|Substitute
|move|p1a: Serperior|Glare|p2a: Chandelure
|-status|p2a: Chandelure|par
|
|-heal|p1a: Serperior|131\/341|[from] item: Leftovers
|turn|41
|c| OGWanka|i wanted to see a ruse
|c| OGWanka|darn
|
|switch|p1a: Hydreigon|Hydreigon, M|208\/325
|-damage|p1a: Hydreigon|168\/325|[from] Stealth Rock
|cant|p2a: Chandelure|par
|
|turn|42
|c|âCeryto|never seen glare on serperior before ^^
|c| r0ady|i just ate asboput nine slices of pizza and have to make weight for wrestling tomorrow
|c| r0ady|yay
|c|âULT King UU|LOL
|c| r0ady|about*
|c| OGWanka|good ork
|
|switch|p2a: Swampert|Swampert, F|240\/404
|move|p1a: Hydreigon|Dark Pulse|p2a: Swampert
|-damage|p2a: Swampert|15\/404
|
|-heal|p2a: Swampert|40\/404|[from] item: Leftovers
|turn|43
|c| OGWanka|work*
|c| r0ady|might as well
|c| r0ady|eat some more
|c| OGWanka|NO
|
|move|p1a: Hydreigon|Dark Pulse|p2a: Swampert
|-damage|p2a: Swampert|0 fnt
|faint|p2a: Swampert
|
|c| r0ady|lmao
|
|switch|p2a: Sharpedo|Sharpedo-Mega, F|281\/281
|turn|44
|c| OGWanka|just start spitting
|c| OGWanka|like a fkin madman
|c| OGWanka|ez weight loss
|c| r0ady|bruh
|
|move|p1a: Hydreigon|Dark Pulse|p2a: Sharpedo
|-resisted|p2a: Sharpedo
|-damage|p2a: Sharpedo|139\/281
|move|p2a: Sharpedo|Crunch|p1a: Hydreigon
|-resisted|p1a: Hydreigon
|-damage|p1a: Hydreigon|21\/325
|
|turn|45
|c| r0ady|you dont float
|c| r0ady|if you spit
|c| OGWanka|float*
|
|move|p1a: Hydreigon|Dark Pulse|p2a: Sharpedo
|-resisted|p2a: Sharpedo
|-damage|p2a: Sharpedo|0 fnt
|faint|p2a: Sharpedo
|
|c| OGWanka|?
|c|âCeryto|gg ^^
|c| r0ady|the weight you lose sleeping
|
|switch|p2a: Chandelure|Chandelure, F|261\/261 par
|turn|46
|c|âULT King UU|gg
|c| OGWanka|if u get correct sleep youll lose like 1.8 pounds
|c| r0ady|you float abouta pound and a half if youre hydrated
|
|move|p1a: Hydreigon|Dark Pulse|p2a: Chandelure
|-supereffective|p2a: Chandelure
|-damage|p2a: Chandelure|0 fnt
|faint|p2a: Chandelure
|
|win|ULT King UU
|raw|Ladder updating...
|c| OGWanka|but u ate 9 damn slices
|leave|BenzMafia
|c| r0ady|:)
|raw|ULT King UU's rating: 1736 &rarr; <strong>1742<\/strong><br \/>(+6 for winning)
|raw|Ceryto's rating: 1451 &rarr; <strong>1444<\/strong><br \/>(-7 for losing)
|c| OGWanka|thts a little more than 1.8
|leave|AdvilMonjk
|c| r0ady|lmao
|c|âULT King UU|.-.
|c| OGWanka|gl haha
|leave|ULT King UU
|leave|OGWanka
|leave|r0ady
|leave|ThE0 Trolopoulos
|leave|Ceryto
|player|p1
|player|p2
|leave|DrReuniclus3
|join|ThE0 Trolopoulos
|leave|ThE0 Trolopoulos
|leave|newfren
|leave|ULT Bob
|join|DrReuniclus3
|leave|DrReuniclus3
|leave|ahyueah
|leave|LiberalLucario