|join|A Durian
|join|Ceryto
|player|p1|A Durian|153
|player|p2|Ceryto|290
|gametype|singles
|gen|6
|tier|UU
|rated
|rule|Sleep Clause Mod: Limit one foe put to sleep
|rule|Species Clause: Limit one of each PokÃ©mon
|rule|OHKO Clause: OHKO moves are banned
|rule|Moody Clause: Moody is banned
|rule|Evasion Moves Clause: Evasion moves are banned
|rule|Endless Battle Clause: Forcing endless battles is banned
|rule|HP Percentage Mod: HP is shown in percentages
|clearpoke
|poke|p1|Lucario, M
|poke|p1|Swampert, F
|poke|p1|Celebi
|poke|p1|Crobat, M
|poke|p1|Hydreigon, M
|poke|p1|Chandelure, M
|poke|p2|Crobat, F
|poke|p2|Swampert, M
|poke|p2|Porygon2
|poke|p2|Beedrill, F
|poke|p2|Chandelure, M
|poke|p2|Alakazam, F
|rule|Swagger Clause: Swagger is banned
|rule|Baton Pass Clause: Limit one PokÃ©mon knowing Baton Pass
|teampreview
|join|Starmeiâ¥
|join|Eyan
|c| Starmeiâ¥|you got this cery
|c|âA Durian|ffs starmei
|c| Starmeiâ¥|I believe
|
|start
|switch|p1a: Crobat|Crobat, M|373\/373
|switch|p2a: Chandelure|Chandelure, M|261\/261
|turn|1
|c|âCeryto|haha :D
|
|switch|p1a: Hydreigon|Hydreigon, M|325\/325
|move|p2a: Chandelure|Shadow Ball|p1a: Hydreigon
|-resisted|p1a: Hydreigon
|-damage|p1a: Hydreigon|242\/325
|
|turn|2
|join|Exeggutor
|
|switch|p2a: Porygon2|Porygon2|374\/374
|-ability|p2a: Porygon2|Levitate|[from] ability: Trace|[of] p1a: Hydreigon
|move|p1a: Hydreigon|U-turn|p2a: Porygon2
|-damage|p2a: Porygon2|335\/374
A Durian made this room hidden.
|
|switch|p1a: Chandelure|Chandelure, M|289\/289
|
|turn|3
|
|move|p1a: Chandelure|Substitute|p1a: Chandelure
|-start|p1a: Chandelure|Substitute
|-damage|p1a: Chandelure|217\/289
|move|p2a: Porygon2|Discharge|p1a: Chandelure
|-end|p1a: Chandelure|Substitute
|
|-heal|p1a: Chandelure|235\/289|[from] item: Leftovers
|turn|4
|c|âA Durian|pfft
|c|âA Durian|ok
|
|switch|p1a: Swampert|Swampert, F|404\/404
|move|p2a: Porygon2|Discharge|p1a: Swampert
|-immune|p1a: Swampert|[msg]
|
|turn|5
|
|switch|p2a: Alakazam|Alakazam, F|251\/251
|detailschange|p1a: Swampert|Swampert-Mega, F
|-mega|p1a: Swampert|Swampert|Swampertite
|move|p1a: Swampert|Stealth Rock|p2a: Alakazam
|-sidestart|p2: Ceryto|move: Stealth Rock
|
|turn|6
|
|switch|p1a: Celebi|Celebi|404\/404
|move|p2a: Alakazam|Energy Ball|p1a: Celebi
|-resisted|p1a: Celebi
|-damage|p1a: Celebi|344\/404
|
|-heal|p1a: Celebi|369\/404|[from] item: Leftovers
|turn|7
|
|switch|p2a: Porygon2|Porygon2|335\/374
|-damage|p2a: Porygon2|289\/374|[from] Stealth Rock
|-ability|p2a: Porygon2|Natural Cure|[from] ability: Trace|[of] p1a: Celebi
|move|p1a: Celebi|Sucker Punch|p2a: Porygon2
|-fail|p2a: Porygon2
|
|-heal|p1a: Celebi|394\/404|[from] item: Leftovers
|turn|8
|
|move|p1a: Celebi|Seed Bomb|p2a: Porygon2
|-damage|p2a: Porygon2|207\/374
|move|p2a: Porygon2|Ice Beam|p1a: Celebi
|-supereffective|p1a: Celebi
|-damage|p1a: Celebi|206\/404
|
|-heal|p1a: Celebi|231\/404|[from] item: Leftovers
|turn|9
|
|move|p1a: Celebi|Swords Dance|p1a: Celebi
|-boost|p1a: Celebi|atk|2
|move|p2a: Porygon2|Recover|p2a: Porygon2
|-heal|p2a: Porygon2|374\/374
|
|-heal|p1a: Celebi|256\/404|[from] item: Leftovers
|turn|10
|
|move|p1a: Celebi|Seed Bomb|p2a: Porygon2
|-crit|p2a: Porygon2
|-damage|p2a: Porygon2|137\/374
|move|p2a: Porygon2|Ice Beam|p1a: Celebi
|-supereffective|p1a: Celebi
|-damage|p1a: Celebi|90\/404
|
|-heal|p1a: Celebi|115\/404|[from] item: Leftovers
|turn|11
|
|switch|p2a: Crobat|Crobat, F|373\/373
|-damage|p2a: Crobat|280\/373|[from] Stealth Rock
|move|p1a: Celebi|Seed Bomb|p2a: Crobat
|-resisted|p2a: Crobat
|-damage|p2a: Crobat|216\/373
|
|-heal|p2a: Crobat|239\/373|[from] item: Black Sludge
|-heal|p1a: Celebi|140\/404|[from] item: Leftovers
|turn|12
|
|switch|p1a: Swampert|Swampert-Mega, F|404\/404
|move|p2a: Crobat|Defog|p1a: Swampert
|-unboost|p1a: Swampert|evasion|1
|-sideend|p2: Ceryto|Stealth Rock|[from] move: Defog|[of] p2a: Crobat
|
|-heal|p2a: Crobat|262\/373|[from] item: Black Sludge
|turn|13
|
|move|p2a: Crobat|U-turn|p1a: Swampert
|-damage|p1a: Swampert|352\/404
|
|switch|p2a: Swampert|Swampert, M|404\/404
|move|p1a: Swampert|Scald|p2a: Swampert
|-damage|p2a: Swampert|319\/404
|
|-heal|p2a: Swampert|344\/404|[from] item: Leftovers
|turn|14
|
|switch|p1a: Celebi|Celebi|140\/404
|move|p2a: Swampert|Stealth Rock|p1a: Celebi
|-sidestart|p1: A Durian|move: Stealth Rock
|
|-heal|p1a: Celebi|165\/404|[from] item: Leftovers
|-heal|p2a: Swampert|369\/404|[from] item: Leftovers
|turn|15
|
|switch|p1a: Hydreigon|Hydreigon, M|242\/325
|-damage|p1a: Hydreigon|202\/325|[from] Stealth Rock
|switch|p2a: Crobat|Crobat, F|262\/373
|
|-heal|p2a: Crobat|285\/373|[from] item: Black Sludge
|turn|16
|
|move|p1a: Hydreigon|Draco Meteor|p2a: Crobat
|-damage|p2a: Crobat|24\/373
|-unboost|p1a: Hydreigon|spa|2
|move|p2a: Crobat|Roost|p2a: Crobat
|-heal|p2a: Crobat|211\/373
|
|-heal|p2a: Crobat|234\/373|[from] item: Black Sludge
|turn|17
|c|âA Durian|what a weak fuck
|
|switch|p1a: Swampert|Swampert-Mega, F|352\/404
|-damage|p1a: Swampert|327\/404|[from] Stealth Rock
|move|p2a: Crobat|Roost|p2a: Crobat
|-heal|p2a: Crobat|373\/373
|
|turn|18
|c|âCeryto|^^
|
|move|p2a: Crobat|U-turn|p1a: Swampert
|-damage|p1a: Swampert|276\/404
|c|âA Durian|like srsly my god
|
|switch|p2a: Swampert|Swampert, M|369\/404
|move|p1a: Swampert|Stealth Rock|p2a: Swampert
|-sidestart|p2: Ceryto|move: Stealth Rock
|
|-heal|p2a: Swampert|394\/404|[from] item: Leftovers
|turn|19
|
|switch|p1a: Celebi|Celebi|165\/404
|-damage|p1a: Celebi|115\/404|[from] Stealth Rock
|move|p2a: Swampert|Roar|p1a: Celebi
|drag|p1a: Crobat|Crobat, M|373\/373
|-damage|p1a: Crobat|280\/373|[from] Stealth Rock
|
|-heal|p1a: Crobat|303\/373|[from] item: Black Sludge
|-heal|p2a: Swampert|404\/404|[from] item: Leftovers
|turn|20
|c|âCeryto|crobat is just strong xD
|
|move|p1a: Crobat|U-turn|p2a: Swampert
|-damage|p2a: Swampert|365\/404
|
|switch|p1a: Celebi|Celebi|115\/404
|-damage|p1a: Celebi|65\/404|[from] Stealth Rock
|move|p2a: Swampert|Roar|p1a: Celebi
|drag|p1a: Lucario|Lucario, M|281\/281
|-damage|p1a: Lucario|273\/281|[from] Stealth Rock
|
|-heal|p2a: Swampert|390\/404|[from] item: Leftovers
|turn|21
|
|switch|p1a: Celebi|Celebi|65\/404
|-damage|p1a: Celebi|15\/404|[from] Stealth Rock
|move|p2a: Swampert|Earthquake|p1a: Celebi
|-resisted|p1a: Celebi
|-damage|p1a: Celebi|0 fnt
|faint|p1a: Celebi
|
|-heal|p2a: Swampert|404\/404|[from] item: Leftovers
|
|switch|p1a: Lucario|Lucario, M|273\/281
|-damage|p1a: Lucario|265\/281|[from] Stealth Rock
|turn|22
|c|âA Durian|cancel button did me gud
|
|move|p1a: Lucario|Close Combat|p2a: Swampert
|-damage|p2a: Swampert|193\/404
|-unboost|p1a: Lucario|def|1
|-unboost|p1a: Lucario|spd|1
|-damage|p1a: Lucario|237\/281|[from] item: Life Orb
|move|p2a: Swampert|Earthquake|p1a: Lucario
|-supereffective|p1a: Lucario
|-damage|p1a: Lucario|0 fnt
|faint|p1a: Lucario
|
|-heal|p2a: Swampert|218\/404|[from] item: Leftovers
|c|âCeryto|ok... :D
|
|switch|p1a: Hydreigon|Hydreigon, M|202\/325
|-damage|p1a: Hydreigon|162\/325|[from] Stealth Rock
|turn|23
|c|âCeryto|never works on showdown...
|c|âA Durian|ik :[
|
|move|p1a: Hydreigon|Draco Meteor|p2a: Swampert
|-damage|p2a: Swampert|0 fnt
|-unboost|p1a: Hydreigon|spa|2
|faint|p2a: Swampert
|
|
|switch|p2a: Porygon2|Porygon2|137\/374
|-damage|p2a: Porygon2|91\/374|[from] Stealth Rock
|-ability|p2a: Porygon2|Levitate|[from] ability: Trace|[of] p1a: Hydreigon
|turn|24
|
|switch|p1a: Swampert|Swampert-Mega, F|276\/404
|-damage|p1a: Swampert|251\/404|[from] Stealth Rock
|move|p2a: Porygon2|Recover|p2a: Porygon2
|-heal|p2a: Porygon2|278\/374
|
|turn|25
|
|move|p1a: Swampert|Superpower|p2a: Porygon2
|-supereffective|p2a: Porygon2
|-damage|p2a: Porygon2|76\/374
|-unboost|p1a: Swampert|atk|1
|-unboost|p1a: Swampert|def|1
|move|p2a: Porygon2|Recover|p2a: Porygon2
|-heal|p2a: Porygon2|263\/374
|
|turn|26
|leave|Eyan
|
|move|p1a: Swampert|Scald|p2a: Porygon2
|-damage|p2a: Porygon2|218\/374
|move|p2a: Porygon2|Discharge|p1a: Swampert
|-immune|p1a: Swampert|[msg]
|
|turn|27
|
|move|p1a: Swampert|Earthquake|p2a: Porygon2
|-immune|p2a: Porygon2|[msg]
|move|p2a: Porygon2|Recover|p2a: Porygon2
|-heal|p2a: Porygon2|374\/374
|
|turn|28
|c|âCeryto|^^
|c| Starmeiâ¥|:]
|
|move|p1a: Swampert|Scald|p2a: Porygon2
|-damage|p2a: Porygon2|320\/374
|move|p2a: Porygon2|Ice Beam|p1a: Swampert
|-damage|p1a: Swampert|189\/404
|
|turn|29
|
|switch|p1a: Chandelure|Chandelure, M|235\/289
|-damage|p1a: Chandelure|163\/289|[from] Stealth Rock
|move|p2a: Porygon2|Tri Attack|p1a: Chandelure
|-immune|p1a: Chandelure|[msg]
|
|-heal|p1a: Chandelure|181\/289|[from] item: Leftovers
|turn|30
|
|move|p1a: Chandelure|Calm Mind|p1a: Chandelure
|-boost|p1a: Chandelure|spa|1
|-boost|p1a: Chandelure|spd|1
|move|p2a: Porygon2|Discharge|p1a: Chandelure
|-crit|p1a: Chandelure
|-damage|p1a: Chandelure|55\/289
|-status|p1a: Chandelure|par
|
|-heal|p1a: Chandelure|73\/289 par|[from] item: Leftovers
|turn|31
|
|switch|p2a: Alakazam|Alakazam, F|251\/251
|cant|p1a: Chandelure|par
|
|-heal|p1a: Chandelure|91\/289 par|[from] item: Leftovers
|turn|32
|c| Starmeiâ¥|that's gotta sting
|c| Starmeiâ¥|:[
|
|move|p2a: Alakazam|Shadow Ball|p1a: Chandelure
|-supereffective|p1a: Chandelure
|-damage|p1a: Chandelure|0 fnt
|faint|p1a: Chandelure
|
|
|switch|p1a: Hydreigon|Hydreigon, M|162\/325
|-damage|p1a: Hydreigon|122\/325|[from] Stealth Rock
|turn|33
|
|move|p1a: Hydreigon|U-turn|p2a: Alakazam
|-supereffective|p2a: Alakazam
|-damage|p2a: Alakazam|51\/251
|
|switch|p1a: Swampert|Swampert-Mega, F|189\/404
|-damage|p1a: Swampert|164\/404|[from] Stealth Rock
|move|p2a: Alakazam|Dazzling Gleam|p1a: Swampert
|-damage|p1a: Swampert|94\/404
|
|turn|34
|
|switch|p1a: Crobat|Crobat, M|303\/373
|-damage|p1a: Crobat|210\/373|[from] Stealth Rock
|move|p2a: Alakazam|Energy Ball|p1a: Crobat
|-resisted|p1a: Crobat
|-damage|p1a: Crobat|179\/373
|
|-heal|p1a: Crobat|202\/373|[from] item: Black Sludge
|turn|35
|
|move|p1a: Crobat|Brave Bird|p2a: Alakazam
|-damage|p2a: Alakazam|0 fnt
|-damage|p1a: Crobat|185\/373|[from] recoil|[of] p2a: Alakazam
|faint|p2a: Alakazam
|
|-heal|p1a: Crobat|208\/373|[from] item: Black Sludge
|
|switch|p2a: Chandelure|Chandelure, M|261\/261
|-damage|p2a: Chandelure|196\/261|[from] Stealth Rock
|turn|36
|
|switch|p1a: Swampert|Swampert-Mega, F|94\/404
|-damage|p1a: Swampert|69\/404|[from] Stealth Rock
|move|p2a: Chandelure|Fire Blast|p1a: Swampert
|-resisted|p1a: Swampert
|-damage|p1a: Swampert|0 fnt
|faint|p1a: Swampert
|
|
|switch|p1a: Hydreigon|Hydreigon, M|122\/325
|-damage|p1a: Hydreigon|82\/325|[from] Stealth Rock
|turn|37
|
|switch|p2a: Porygon2|Porygon2|320\/374
|-damage|p2a: Porygon2|274\/374|[from] Stealth Rock
|-ability|p2a: Porygon2|Levitate|[from] ability: Trace|[of] p1a: Hydreigon
|move|p1a: Hydreigon|Dark Pulse|p2a: Porygon2
|-damage|p2a: Porygon2|183\/374
|
|turn|38
|
|move|p1a: Hydreigon|Dark Pulse|p2a: Porygon2
|-damage|p2a: Porygon2|99\/374
|move|p2a: Porygon2|Ice Beam|p1a: Hydreigon
|-supereffective|p1a: Hydreigon
|-damage|p1a: Hydreigon|0 fnt
|faint|p1a: Hydreigon
|
|
|switch|p1a: Crobat|Crobat, M|208\/373
|-damage|p1a: Crobat|115\/373|[from] Stealth Rock
|turn|39
|
|move|p1a: Crobat|Brave Bird|p2a: Porygon2
|-damage|p2a: Porygon2|3\/374
|-damage|p1a: Crobat|83\/373|[from] recoil|[of] p2a: Porygon2
|move|p2a: Porygon2|Ice Beam|p1a: Crobat
|-supereffective|p1a: Crobat
|-damage|p1a: Crobat|0 fnt
|faint|p1a: Crobat
|
|win|Ceryto
|raw|Ladder updating...
|leave|A Durian
|raw|A Durian's rating: 1509 &rarr; <strong>1485<\/strong><br \/>(-24 for losing)
|raw|Ceryto's rating: 1444 &rarr; <strong>1468<\/strong><br \/>(+24 for winning)
|player|p1
|c|âCeryto|gg
|leave|Ceryto
|player|p2