|join|Ceryto
|join|yamb
|player|p1|Ceryto|290
|player|p2|yamb|140
|gametype|singles
|gen|6
|tier|UU
|rated
|rule|Sleep Clause Mod: Limit one foe put to sleep
|rule|Species Clause: Limit one of each PokÃ©mon
|rule|OHKO Clause: OHKO moves are banned
|rule|Moody Clause: Moody is banned
|rule|Evasion Moves Clause: Evasion moves are banned
|rule|Endless Battle Clause: Forcing endless battles is banned
|rule|HP Percentage Mod: HP is shown in percentages
|clearpoke
|poke|p1|Chandelure, M
|poke|p1|Forretress, F
|poke|p1|Cresselia, F
|poke|p1|Sharpedo, M
|poke|p1|Infernape, F
|poke|p1|Cloyster, M
|poke|p2|Aerodactyl, F
|poke|p2|Crobat, M
|poke|p2|Jirachi
|poke|p2|Suicune
|poke|p2|Shaymin
|poke|p2|Nidoqueen, F
|rule|Swagger Clause: Swagger is banned
|rule|Baton Pass Clause: Limit one PokÃ©mon knowing Baton Pass
|teampreview
|
|start
|switch|p1a: Cloyster|Cloyster, M|242\/242
|switch|p2a: Nidoqueen|Nidoqueen, F|353\/353
|turn|1
|
|move|p1a: Cloyster|Shell Smash|p1a: Cloyster
|-boost|p1a: Cloyster|atk|2
|-boost|p1a: Cloyster|spa|2
|-boost|p1a: Cloyster|spe|2
|-unboost|p1a: Cloyster|def|1
|-unboost|p1a: Cloyster|spd|1
|move|p2a: Nidoqueen|Sludge Wave|p1a: Cloyster
|-enditem|p1a: Cloyster|Focus Sash
|-damage|p1a: Cloyster|1\/242
|
|turn|2
|
|switch|p2a: Jirachi|Jirachi|341\/341
|move|p1a: Cloyster|Icicle Spear|p2a: Jirachi
|-resisted|p2a: Jirachi
|-damage|p2a: Jirachi|299\/341
|-crit|p2a: Jirachi
|-resisted|p2a: Jirachi
|-damage|p2a: Jirachi|237\/341
|-resisted|p2a: Jirachi
|-damage|p2a: Jirachi|195\/341
|-resisted|p2a: Jirachi
|-damage|p2a: Jirachi|156\/341
|-resisted|p2a: Jirachi
|-damage|p2a: Jirachi|115\/341
|-hitcount|p2a: Jirachi|5
|
|turn|3
|
|move|p2a: Jirachi|U-turn|p1a: Cloyster
|-damage|p1a: Cloyster|0 fnt
|faint|p1a: Cloyster
|
|switch|p2a: Nidoqueen|Nidoqueen, F|353\/353
|
|
|switch|p1a: Sharpedo|Sharpedo, M|282\/282
|turn|4
|
|move|p1a: Sharpedo|Protect|p1a: Sharpedo
|-singleturn|p1a: Sharpedo|Protect
|move|p2a: Nidoqueen|Stealth Rock|p1a: Sharpedo
|-sidestart|p1: Ceryto|move: Stealth Rock
|
|-boost|p1a: Sharpedo|spe|1|[from] ability: Speed Boost
|turn|5
|
|detailschange|p1a: Sharpedo|Sharpedo-Mega, M
|-mega|p1a: Sharpedo|Sharpedo|Sharpedonite
|move|p1a: Sharpedo|Waterfall|p2a: Nidoqueen
|-supereffective|p2a: Nidoqueen
|-damage|p2a: Nidoqueen|0 fnt
|faint|p2a: Nidoqueen
|
|
|switch|p2a: Shaymin|Shaymin|342\/342
|turn|6
|
|move|p1a: Sharpedo|Protect|p1a: Sharpedo
|-singleturn|p1a: Sharpedo|Protect
|move|p2a: Shaymin|Seed Flare|p1a: Sharpedo
|-activate|p1a: Sharpedo|Protect
|
|turn|7
|
|move|p1a: Sharpedo|Crunch|p2a: Shaymin
|-damage|p2a: Shaymin|101\/342
|move|p2a: Shaymin|Earth Power|p1a: Sharpedo
|-damage|p1a: Sharpedo|126\/282
|-unboost|p1a: Sharpedo|spd|1
|-damage|p2a: Shaymin|67\/342|[from] item: Life Orb
|
|turn|8
|
|switch|p2a: Suicune|Suicune|404\/404
|-ability|p2a: Suicune|Pressure
|move|p1a: Sharpedo|Crunch|p2a: Suicune
|-damage|p2a: Suicune|251\/404
|-unboost|p2a: Suicune|def|1
|
|-heal|p2a: Suicune|276\/404|[from] item: Leftovers
|turn|9
|
|move|p1a: Sharpedo|Crunch|p2a: Suicune
|-damage|p2a: Suicune|47\/404
|move|p2a: Suicune|Scald|p1a: Sharpedo
|-resisted|p1a: Sharpedo
|-damage|p1a: Sharpedo|27\/282
|-status|p1a: Sharpedo|brn
|
|-heal|p2a: Suicune|72\/404|[from] item: Leftovers
|-damage|p1a: Sharpedo|0 fnt|[from] brn
|faint|p1a: Sharpedo
|
|switch|p1a: Candle|Chandelure, M|262\/262
|-damage|p1a: Candle|197\/262|[from] Stealth Rock
|turn|10
|
|switch|p2a: Aerodactyl|Aerodactyl, F|311\/311
|move|p1a: Candle|Shadow Ball|p2a: Aerodactyl
|-damage|p2a: Aerodactyl|88\/311
|
|turn|11
|
|detailschange|p2a: Aerodactyl|Aerodactyl-Mega, F
|-mega|p2a: Aerodactyl|Aerodactyl|Aerodactylite
|move|p1a: Candle|Shadow Ball|p2a: Aerodactyl
|-damage|p2a: Aerodactyl|0 fnt
|faint|p2a: Aerodactyl
|
|
|switch|p2a: Jirachi|Jirachi|115\/341
|turn|12
|
|move|p2a: Jirachi|Healing Wish|p2a: Jirachi
|faint|p2a: Jirachi
|move|p1a: Candle|Shadow Ball|p2: Jirachi|[notarget]
|-notarget
|
|
|switch|p2a: Suicune|Suicune|72\/404
|-heal|p2a: Suicune|404\/404|[from] move: Healing Wish
|-ability|p2a: Suicune|Pressure
|turn|13
|
|switch|p1a: Cresselia|Cresselia, F|444\/444
|-damage|p1a: Cresselia|389\/444|[from] Stealth Rock
|move|p2a: Suicune|Calm Mind|p2a: Suicune
|-boost|p2a: Suicune|spa|1
|-boost|p2a: Suicune|spd|1
|
|-heal|p1a: Cresselia|416\/444|[from] item: Leftovers
|turn|14
|
|move|p1a: Cresselia|Calm Mind|p1a: Cresselia
|-boost|p1a: Cresselia|spa|1
|-boost|p1a: Cresselia|spd|1
|move|p2a: Suicune|Scald|p1a: Cresselia
|-damage|p1a: Cresselia|340\/444
|-status|p1a: Cresselia|brn
|
|-heal|p1a: Cresselia|367\/444 brn|[from] item: Leftovers
|-damage|p1a: Cresselia|312\/444 brn|[from] brn
|turn|15
|
|move|p1a: Cresselia|Calm Mind|p1a: Cresselia
|-boost|p1a: Cresselia|spa|1
|-boost|p1a: Cresselia|spd|1
|move|p2a: Suicune|Calm Mind|p2a: Suicune
|-boost|p2a: Suicune|spa|1
|-boost|p2a: Suicune|spd|1
|
|-heal|p1a: Cresselia|339\/444 brn|[from] item: Leftovers
|-damage|p1a: Cresselia|284\/444 brn|[from] brn
|turn|16
|c|âCeryto|you get the burn with every scald
|c|âyamb|it was pretty lucky
|c|âyamb|though it would have happened eventually
|
|move|p2a: Suicune|Calm Mind|p2a: Suicune
|-boost|p2a: Suicune|spa|1
|-boost|p2a: Suicune|spd|1
|move|p1a: Cresselia|Calm Mind|p1a: Cresselia
|-boost|p1a: Cresselia|spa|1
|-boost|p1a: Cresselia|spd|1
|
|-heal|p1a: Cresselia|311\/444 brn|[from] item: Leftovers
|-damage|p1a: Cresselia|256\/444 brn|[from] brn
|turn|17
|c|âCeryto|yeah.. but better later... xD
|c|âCeryto|oh... speed tie as well xD
|
|move|p1a: Cresselia|Calm Mind|p1a: Cresselia
|-boost|p1a: Cresselia|spa|1
|-boost|p1a: Cresselia|spd|1
|move|p2a: Suicune|Scald|p1a: Cresselia
|-damage|p1a: Cresselia|195\/444 brn
|
|-heal|p1a: Cresselia|222\/444 brn|[from] item: Leftovers
|-damage|p1a: Cresselia|167\/444 brn|[from] brn
|turn|18
|c|âCeryto|and comes down to who gets the first crit :D
|
|move|p2a: Suicune|Calm Mind|p2a: Suicune
|-boost|p2a: Suicune|spa|1
|-boost|p2a: Suicune|spd|1
|move|p1a: Cresselia|Moonlight|p1a: Cresselia
|-heal|p1a: Cresselia|389\/444 brn
|
|-heal|p1a: Cresselia|416\/444 brn|[from] item: Leftovers
|-damage|p1a: Cresselia|361\/444 brn|[from] brn
|turn|19
|
|move|p1a: Cresselia|Calm Mind|p1a: Cresselia
|-boost|p1a: Cresselia|spa|1
|-boost|p1a: Cresselia|spd|1
|move|p2a: Suicune|Scald|p1a: Cresselia
|-damage|p1a: Cresselia|303\/444 brn
|
|-heal|p1a: Cresselia|330\/444 brn|[from] item: Leftovers
|-damage|p1a: Cresselia|275\/444 brn|[from] brn
|turn|20
|
|move|p1a: Cresselia|Calm Mind|p1a: Cresselia
|-boost|p1a: Cresselia|spa|1
|-boost|p1a: Cresselia|spd|1
|move|p2a: Suicune|Scald|p1a: Cresselia
|-damage|p1a: Cresselia|214\/444 brn
|
|-heal|p1a: Cresselia|241\/444 brn|[from] item: Leftovers
|-damage|p1a: Cresselia|186\/444 brn|[from] brn
|turn|21
|
|move|p2a: Suicune|Scald|p1a: Cresselia
|-damage|p1a: Cresselia|129\/444 brn
|move|p1a: Cresselia|Moonlight|p1a: Cresselia
|-heal|p1a: Cresselia|351\/444 brn
|
|-heal|p1a: Cresselia|378\/444 brn|[from] item: Leftovers
|-damage|p1a: Cresselia|323\/444 brn|[from] brn
|turn|22
|
|move|p2a: Suicune|Calm Mind|p2a: Suicune
|-boost|p2a: Suicune|spa|1
|-boost|p2a: Suicune|spd|1
|move|p1a: Cresselia|Moonblast|p2a: Suicune
|-damage|p2a: Suicune|341\/404
|-unboost|p2a: Suicune|spa|1
|
|-heal|p1a: Cresselia|350\/444 brn|[from] item: Leftovers
|-heal|p2a: Suicune|366\/404|[from] item: Leftovers
|-damage|p1a: Cresselia|295\/444 brn|[from] brn
|turn|23
|
|move|p1a: Cresselia|Moonblast|p2a: Suicune
|-damage|p2a: Suicune|305\/404
|-unboost|p2a: Suicune|spa|1
|move|p2a: Suicune|Calm Mind|p2a: Suicune
|-boost|p2a: Suicune|spa|1
|-boost|p2a: Suicune|spd|1
|
|-heal|p1a: Cresselia|322\/444 brn|[from] item: Leftovers
|-heal|p2a: Suicune|330\/404|[from] item: Leftovers
|-damage|p1a: Cresselia|267\/444 brn|[from] brn
|turn|24
|
|move|p2a: Suicune|Scald|p1a: Cresselia
|-damage|p1a: Cresselia|210\/444 brn
|move|p1a: Cresselia|Moonblast|p2a: Suicune
|-damage|p2a: Suicune|275\/404
|-unboost|p2a: Suicune|spa|1
|
|-heal|p2a: Suicune|300\/404|[from] item: Leftovers
|-heal|p1a: Cresselia|237\/444 brn|[from] item: Leftovers
|-damage|p1a: Cresselia|182\/444 brn|[from] brn
|turn|25
|
|move|p2a: Suicune|Extrasensory|p1a: Cresselia
|-crit|p1a: Cresselia
|-resisted|p1a: Cresselia
|-damage|p1a: Cresselia|96\/444 brn
|cant|p1a: Cresselia|flinch
|
|-heal|p2a: Suicune|325\/404|[from] item: Leftovers
|-heal|p1a: Cresselia|123\/444 brn|[from] item: Leftovers
|-damage|p1a: Cresselia|68\/444 brn|[from] brn
|turn|26
|c|âyamb|well it was technically a crit
|c|âCeryto|and now you get the crit+flinch.. and it should not matter xD
|
|move|p2a: Suicune|Extrasensory|p1a: Cresselia
|-resisted|p1a: Cresselia
|-damage|p1a: Cresselia|54\/444 brn
|move|p1a: Cresselia|Moonlight|p1a: Cresselia
|-heal|p1a: Cresselia|276\/444 brn
|
|-heal|p2a: Suicune|350\/404|[from] item: Leftovers
|-heal|p1a: Cresselia|303\/444 brn|[from] item: Leftovers
|-damage|p1a: Cresselia|248\/444 brn|[from] brn
|turn|27
|
|move|p2a: Suicune|Extrasensory|p1a: Cresselia
|-resisted|p1a: Cresselia
|-damage|p1a: Cresselia|232\/444 brn
|cant|p1a: Cresselia|flinch
|
|-heal|p1a: Cresselia|259\/444 brn|[from] item: Leftovers
|-heal|p2a: Suicune|375\/404|[from] item: Leftovers
|-damage|p1a: Cresselia|204\/444 brn|[from] brn
|turn|28
|c|âCeryto|!dt extrasensory
|c|~|\/data-move Extrasensory
|raw|<font size="1"><font color=#585858>Priority:<\/font> 0&nbsp;|&ThickSpace;<font color=#585858><font color=black>&#10003; Secondary effect<\/font><\/font>&nbsp;|&ThickSpace;<font color=#585858><font color=black>&#10003; Blocked by Protect<\/font><\/font>&nbsp;|&ThickSpace;<font color=#585858>Target:<\/font> One Adjacent Pokemon<\/font>
|
|move|p1a: Cresselia|Moonlight|p1a: Cresselia
|-heal|p1a: Cresselia|426\/444 brn
|move|p2a: Suicune|Extrasensory|p1a: Cresselia
|-resisted|p1a: Cresselia
|-damage|p1a: Cresselia|412\/444 brn
|
|-heal|p1a: Cresselia|439\/444 brn|[from] item: Leftovers
|-heal|p2a: Suicune|400\/404|[from] item: Leftovers
|-damage|p1a: Cresselia|384\/444 brn|[from] brn
|turn|29
|c|âCeryto|10% xD
|c|âyamb|missed a zero on that tooltip
|
|move|p2a: Suicune|Extrasensory|p1a: Cresselia
|-resisted|p1a: Cresselia
|-damage|p1a: Cresselia|370\/444 brn
|move|p1a: Cresselia|Moonblast|p2a: Suicune
|-crit|p2a: Suicune
|-damage|p2a: Suicune|111\/404
|-unboost|p2a: Suicune|spa|1
|
|-heal|p2a: Suicune|136\/404|[from] item: Leftovers
|-heal|p1a: Cresselia|397\/444 brn|[from] item: Leftovers
|-damage|p1a: Cresselia|342\/444 brn|[from] brn
|turn|30
|c|âCeryto|my crit did not matter either xD
|
|move|p1a: Cresselia|Moonblast|p2a: Suicune
|-damage|p2a: Suicune|87\/404
|move|p2a: Suicune|Rest|p2a: Suicune
|-status|p2a: Suicune|slp
|-heal|p2a: Suicune|404\/404 slp|[silent]
|-status|p2a: Suicune|slp|[from] move: Rest
|
|-heal|p1a: Cresselia|369\/444 brn|[from] item: Leftovers
|-damage|p1a: Cresselia|314\/444 brn|[from] brn
|turn|31
|
|move|p1a: Cresselia|Moonblast|p2a: Suicune
|-damage|p2a: Suicune|349\/404 slp
|cant|p2a: Suicune|slp
|
|-heal|p2a: Suicune|374\/404 slp|[from] item: Leftovers
|-heal|p1a: Cresselia|341\/444 brn|[from] item: Leftovers
|-damage|p1a: Cresselia|286\/444 brn|[from] brn
|turn|32
|c|âCeryto|ok... it comes down to the first who gets 2 crits in a row xD
|
|move|p1a: Cresselia|Shadow Ball|p2a: Suicune
|-damage|p2a: Suicune|327\/404 slp
|-unboost|p2a: Suicune|spd|1
|cant|p2a: Suicune|slp
|
|-heal|p1a: Cresselia|313\/444 brn|[from] item: Leftovers
|-heal|p2a: Suicune|352\/404 slp|[from] item: Leftovers
|-damage|p1a: Cresselia|258\/444 brn|[from] brn
|turn|33
|c|âyamb|pressure will give out before that happens
|c|âCeryto|haha :D
|
|move|p1a: Cresselia|Moonblast|p2a: Suicune
|-damage|p2a: Suicune|291\/404 slp
|-unboost|p2a: Suicune|spa|1
|-curestatus|p2a: Suicune|slp
|move|p2a: Suicune|Extrasensory|p1a: Cresselia
|-resisted|p1a: Cresselia
|-damage|p1a: Cresselia|249\/444 brn
|
|-heal|p2a: Suicune|316\/404|[from] item: Leftovers
|-heal|p1a: Cresselia|276\/444 brn|[from] item: Leftovers
|-damage|p1a: Cresselia|221\/444 brn|[from] brn
|turn|34
|
|move|p1a: Cresselia|Moonblast|p2a: Suicune
|-damage|p2a: Suicune|257\/404
|move|p2a: Suicune|Calm Mind|p2a: Suicune
|-boost|p2a: Suicune|spa|1
|-boost|p2a: Suicune|spd|1
|
|-heal|p2a: Suicune|282\/404|[from] item: Leftovers
|-heal|p1a: Cresselia|248\/444 brn|[from] item: Leftovers
|-damage|p1a: Cresselia|193\/444 brn|[from] brn
|turn|35
|c|âCeryto|you won't have any special attack left after this matchup xD
|
|move|p2a: Suicune|Rest|p2a: Suicune
|-status|p2a: Suicune|slp
|-heal|p2a: Suicune|404\/404 slp|[silent]
|-status|p2a: Suicune|slp|[from] move: Rest
|move|p1a: Cresselia|Moonblast|p2a: Suicune
|-damage|p2a: Suicune|354\/404 slp
|
|-heal|p2a: Suicune|379\/404 slp|[from] item: Leftovers
|-heal|p1a: Cresselia|220\/444 brn|[from] item: Leftovers
|-damage|p1a: Cresselia|165\/444 brn|[from] brn
|turn|36
|
|move|p1a: Cresselia|Moonblast|p2a: Suicune
|-damage|p2a: Suicune|331\/404 slp
|cant|p2a: Suicune|slp
|
|-heal|p1a: Cresselia|192\/444 brn|[from] item: Leftovers
|-heal|p2a: Suicune|356\/404 slp|[from] item: Leftovers
|-damage|p1a: Cresselia|137\/444 brn|[from] brn
|turn|37
|c|âCeryto|i don't think i have enough time for this xD
|c|âCeryto|have to write exams tomorrow.. goodnight :D
|-message|Ceryto forfeited.
|leave|Ceryto
|
|win|yamb
|raw|Ladder updating...
|player|p1
|raw|Ceryto's rating: 1523 &rarr; <strong>1493<\/strong><br \/>(-30 for losing)
|raw|yamb's rating: 1335 &rarr; <strong>1365<\/strong><br \/>(+30 for winning)