|join|BurgerTeamTesting
|join|miloticite99
|player|p1|BurgerTeamTesting|115
|player|p2|miloticite99|170
|gametype|singles
|gen|6
|tier|OU
|rated
|clearpoke
|poke|p1|Dragonite, M
|poke|p1|Gardevoir, F
|poke|p1|Skarmory, M
|poke|p1|Chansey, F
|poke|p1|Infernape, M
|poke|p1|Rotom-Wash
|poke|p2|Milotic, M
|poke|p2|Diancie
|poke|p2|Landorus-Therian, M
|poke|p2|Latios, M
|poke|p2|Ferrothorn, M
|poke|p2|Talonflame, M
|rule|Swagger Clause: Swagger is banned
|rule|Baton Pass Clause: Limit one PokÃ©mon knowing Baton Pass
|rule|Sleep Clause Mod: Limit one foe put to sleep
|rule|Species Clause: Limit one of each PokÃ©mon
|rule|OHKO Clause: OHKO moves are banned
|rule|Moody Clause: Moody is banned
|rule|Evasion Moves Clause: Evasion moves are banned
|rule|Endless Battle Clause: Forcing endless battles is banned
|rule|HP Percentage Mod: HP is shown in percentages
|teampreview
|
|start
|switch|p1a: War Machine|Rotom-Wash|301\/301
|switch|p2a: Diancie|Diancie|242\/242
|turn|1
|
|detailschange|p2a: Diancie|Diancie-Mega
|message|Diancie has Mega Evolved into Mega Diancie!
|move|p2a: Diancie|Protect|p2a: Diancie
|-singleturn|p2a: Diancie|Protect
|move|p1a: War Machine|Trick|p2a: Diancie
|-activate|p2a: Diancie|Protect
|
|turn|2
|join|av kakuna
|c|âBurgerTeamTesting|lolz
|
|switch|p1a: Skarmory|Skarmory, M|334\/334
|move|p2a: Diancie|Protect|p2a: Diancie
|-fail|p2a: Diancie
|
|turn|3
|
|switch|p1a: War Machine|Rotom-Wash|301\/301
|move|p2a: Diancie|Moonblast|p1a: War Machine
|-damage|p1a: War Machine|115\/301
|
|turn|4
|c| av kakuna|ouch
|
|move|p2a: Diancie|Protect|p2a: Diancie
|-singleturn|p2a: Diancie|Protect
|move|p1a: War Machine|Volt Switch|p2a: Diancie
|-activate|p2a: Diancie|Protect
|
|turn|5
|
|switch|p1a: Skarmory|Skarmory, M|334\/334
|move|p2a: Diancie|Moonblast|p1a: Skarmory
|-resisted|p1a: Skarmory
|-damage|p1a: Skarmory|198\/334
|
|-heal|p1a: Skarmory|218\/334|[from] item: Leftovers
|turn|6
|
|move|p2a: Diancie|Diamond Storm|p1a: Skarmory
|-damage|p1a: Skarmory|125\/334
|move|p1a: Skarmory|Roost|p1a: Skarmory
|-heal|p1a: Skarmory|292\/334
|
|-heal|p1a: Skarmory|312\/334|[from] item: Leftovers
|turn|7
|c| av kakuna|nicht zu viel predicten xD
|c| av kakuna|unmÃ¶glich dass der in lando-t geht
|c|âBurgerTeamTesting|das team hab ich noch am Anfang von x\/y gebaut .-.
|
|move|p2a: Diancie|Moonblast|p1a: Skarmory
|-resisted|p1a: Skarmory
|-damage|p1a: Skarmory|171\/334
|move|p1a: Skarmory|Brave Bird|p2a: Diancie
|-resisted|p2a: Diancie
|-damage|p2a: Diancie|185\/242
|-damage|p1a: Skarmory|152\/334|[from] recoil|[of] p2a: Diancie
|
|-heal|p1a: Skarmory|172\/334|[from] item: Leftovers
|turn|8
|
|move|p2a: Diancie|Moonblast|p1a: Skarmory
|-resisted|p1a: Skarmory
|-damage|p1a: Skarmory|50\/334
|move|p1a: Skarmory|Roost|p1a: Skarmory
|-heal|p1a: Skarmory|217\/334
|
|-heal|p1a: Skarmory|237\/334|[from] item: Leftovers
|turn|9
|c| av kakuna|ah deswegen kein rocky helmet auf skarm
|
|move|p2a: Diancie|Moonblast|p1a: Skarmory
|-resisted|p1a: Skarmory
|-damage|p1a: Skarmory|98\/334
|move|p1a: Skarmory|Roost|p1a: Skarmory
|-heal|p1a: Skarmory|265\/334
|
|-heal|p1a: Skarmory|285\/334|[from] item: Leftovers
|turn|10
|c| av kakuna|oder shed shell halt
|c|âBurgerTeamTesting|Ich hasse mich dafÃ¼r dass ich da Skarm bliss reingemacht hab xD
|c| av kakuna|du staller ;-;
|
|move|p2a: Diancie|Moonblast|p1a: Skarmory
|-resisted|p1a: Skarmory
|-damage|p1a: Skarmory|153\/334
|move|p1a: Skarmory|Brave Bird|p2a: Diancie
|-resisted|p2a: Diancie
|-damage|p2a: Diancie|133\/242
|-damage|p1a: Skarmory|136\/334|[from] recoil|[of] p2a: Diancie
|
|-heal|p1a: Skarmory|156\/334|[from] item: Leftovers
|turn|11
|
|move|p2a: Diancie|Moonblast|p1a: Skarmory
|-resisted|p1a: Skarmory
|-damage|p1a: Skarmory|20\/334
|move|p1a: Skarmory|Roost|p1a: Skarmory
|-heal|p1a: Skarmory|187\/334
|
|-heal|p1a: Skarmory|207\/334|[from] item: Leftovers
|turn|12
|
|move|p2a: Diancie|Diamond Storm|p1a: Skarmory
|-damage|p1a: Skarmory|111\/334
|-boost|p2a: Diancie|def|1
|move|p1a: Skarmory|Roost|p1a: Skarmory
|-heal|p1a: Skarmory|278\/334
|
|-heal|p1a: Skarmory|298\/334|[from] item: Leftovers
|turn|13
|
|move|p2a: Diancie|Moonblast|p1a: Skarmory
|-resisted|p1a: Skarmory
|-damage|p1a: Skarmory|157\/334
|move|p1a: Skarmory|Brave Bird|p2a: Diancie
|-resisted|p2a: Diancie
|-damage|p2a: Diancie|100\/242
|-damage|p1a: Skarmory|146\/334|[from] recoil|[of] p2a: Diancie
|
|-heal|p1a: Skarmory|166\/334|[from] item: Leftovers
|turn|14
|c| av kakuna|switch einfach in chans .-.
|c|âBurgerTeamTesting|ohja xD
|
|move|p2a: Diancie|Moonblast|p1a: Skarmory
|-resisted|p1a: Skarmory
|-damage|p1a: Skarmory|41\/334
|move|p1a: Skarmory|Roost|p1a: Skarmory
|-heal|p1a: Skarmory|208\/334
|
|-heal|p1a: Skarmory|228\/334|[from] item: Leftovers
|turn|15
|
|switch|p2a: Landorus-Therian|Landorus-Therian, M|382\/382
|-ability|p2a: Landorus-Therian|Intimidate|[of] p1a: Skarmory
|-unboost|p1a: Skarmory|atk|1
|move|p1a: Skarmory|Roost|p1a: Skarmory
|-heal|p1a: Skarmory|334\/334
|
|turn|16
|c| av kakuna|diamond storm macht nicht viel
|
|move|p2a: Landorus-Therian|U-turn|p1a: Skarmory
|-resisted|p1a: Skarmory
|-damage|p1a: Skarmory|324\/334
|
|switch|p2a: Diancie|Diancie-Mega|100\/242
|move|p1a: Skarmory|Stealth Rock|p2a: Diancie
|move|p2a: Diancie|Stealth Rock|p1a: Skarmory|[from]Magic Bounce
|-sidestart|p1: BurgerTeamTesting|move: Stealth Rock
|
|-heal|p1a: Skarmory|334\/334|[from] item: Leftovers
|turn|17
|c| av kakuna|33-40% ungefÃ¤hr
|
|move|p2a: Diancie|Moonblast|p1a: Skarmory
|-resisted|p1a: Skarmory
|-damage|p1a: Skarmory|192\/334
|move|p1a: Skarmory|Defog|p2a: Diancie
|move|p2a: Diancie|Defog|p1a: Skarmory|[from]Magic Bounce
|-unboost|p1a: Skarmory|evasion|1
|-sideend|p1: BurgerTeamTesting|Stealth Rock|[from] move: Defog|[of] p1a: Skarmory
|
|-heal|p1a: Skarmory|212\/334|[from] item: Leftovers
|turn|18
|c|âBurgerTeamTesting|das hat jetzt gebracht
|
|switch|p1a: Chansey|Chansey, F|704\/704
|move|p2a: Diancie|Moonblast|p1a: Chansey
|-damage|p1a: Chansey|578\/704
|
|turn|19
|
|move|p2a: Diancie|Protect|p2a: Diancie
|-singleturn|p2a: Diancie|Protect
|move|p1a: Chansey|Seismic Toss|p2a: Diancie
|-activate|p2a: Diancie|Protect
|
|turn|20
|
|switch|p2a: Landorus-Therian|Landorus-Therian, M|382\/382
|-ability|p2a: Landorus-Therian|Intimidate|[of] p1a: Chansey
|-unboost|p1a: Chansey|atk|1
|move|p1a: Chansey|Seismic Toss|p2a: Landorus-Therian
|-damage|p2a: Landorus-Therian|282\/382
|
|-heal|p2a: Landorus-Therian|305\/382|[from] item: Leftovers
|turn|21
|
|switch|p1a: Skarmory|Skarmory, M|212\/334
|move|p2a: Landorus-Therian|Knock Off|p1a: Skarmory
|-crit|p1a: Skarmory
|-damage|p1a: Skarmory|114\/334
|-enditem|p1a: Skarmory|Leftovers|[from] move: Knock Off|[of] p2a: Landorus-Therian
|
|-heal|p2a: Landorus-Therian|328\/382|[from] item: Leftovers
|turn|22
|
|move|p2a: Landorus-Therian|Stealth Rock|p1a: Skarmory
|-sidestart|p1: BurgerTeamTesting|move: Stealth Rock
|move|p1a: Skarmory|Roost|p1a: Skarmory
|-heal|p1a: Skarmory|281\/334
|
|-heal|p2a: Landorus-Therian|351\/382|[from] item: Leftovers
|turn|23
|
|move|p2a: Landorus-Therian|U-turn|p1a: Skarmory
|-resisted|p1a: Skarmory
|-damage|p1a: Skarmory|270\/334
|
|switch|p2a: Diancie|Diancie-Mega|100\/242
|move|p1a: Skarmory|Defog|p2a: Diancie
|move|p2a: Diancie|Defog|p1a: Skarmory|[from]Magic Bounce
|-unboost|p1a: Skarmory|evasion|1
|-sideend|p1: BurgerTeamTesting|Stealth Rock|[from] move: Defog|[of] p1a: Skarmory
|
|turn|24
|
|switch|p1a: Chansey|Chansey, F|578\/704
|move|p2a: Diancie|Moonblast|p1a: Chansey
|-damage|p1a: Chansey|458\/704
|-unboost|p1a: Chansey|spa|1
|
|turn|25
|
|move|p2a: Diancie|Protect|p2a: Diancie
|-singleturn|p2a: Diancie|Protect
|move|p1a: Chansey|Soft-Boiled|p1a: Chansey
|-heal|p1a: Chansey|704\/704
|
|turn|26
|c| av kakuna|warum
|
|switch|p2a: Landorus-Therian|Landorus-Therian, M|351\/382
|-ability|p2a: Landorus-Therian|Intimidate|[of] p1a: Chansey
|-unboost|p1a: Chansey|atk|1
|switch|p1a: Son Goku|Infernape, M|293\/293
|
|-heal|p2a: Landorus-Therian|374\/382|[from] item: Leftovers
|turn|27
|c| av kakuna|geht der auf protect
|c|âBurgerTeamTesting|weil baum
|
|move|p1a: Son Goku|Hidden Power|p2a: Landorus-Therian
|-supereffective|p2a: Landorus-Therian
|-damage|p2a: Landorus-Therian|10\/382
|-damage|p1a: Son Goku|264\/293|[from] item: Life Orb
|move|p2a: Landorus-Therian|Knock Off|p1a: Son Goku
|-resisted|p1a: Son Goku
|-damage|p1a: Son Goku|189\/293
|-enditem|p1a: Son Goku|Life Orb|[from] move: Knock Off|[of] p2a: Landorus-Therian
|
|-heal|p2a: Landorus-Therian|33\/382|[from] item: Leftovers
|turn|28
|c|âBurgerTeamTesting|was
|c|âBurgerTeamTesting|it lived
|c| av kakuna|dem gegner nen free turn schenken
|c| av kakuna|gg wp
|
|switch|p2a: Milotic|Milotic, M|393\/393
|move|p1a: Son Goku|Close Combat|p2a: Milotic
|-damage|p2a: Milotic|272\/393
|-unboost|p1a: Son Goku|def|1
|-unboost|p1a: Son Goku|spd|1
|
|-heal|p2a: Milotic|296\/393|[from] item: Leftovers
|turn|29
|c| av kakuna|egal
|
|switch|p1a: Chansey|Chansey, F|704\/704
|switch|p2a: Talonflame|Talonflame, M|297\/297
|
|turn|30
|c| av kakuna|items remover > killen lol
|c| av kakuna|removen
|c|âBurgerTeamTesting|^^
|
|move|p2a: Talonflame|U-turn|p1a: Chansey
|-damage|p1a: Chansey|569\/704
|
|switch|p2a: Ferrothorn|Ferrothorn, M|352\/352
|move|p1a: Chansey|Soft-Boiled|p1a: Chansey
|-heal|p1a: Chansey|704\/704
|
|turn|31
|
|switch|p1a: Son Goku|Infernape, M|189\/293
|move|p2a: Ferrothorn|Leech Seed|p1a: Son Goku
|-start|p1a: Son Goku|move: Leech Seed
|
|-damage|p1a: Son Goku|153\/293|[from] Leech Seed|[of] p2a: Ferrothorn
|turn|32
|
|switch|p2a: Milotic|Milotic, M|296\/393
|move|p1a: Son Goku|Fire Blast|p2a: Milotic
|-resisted|p2a: Milotic
|-damage|p2a: Milotic|225\/393
|
|-heal|p2a: Milotic|249\/393|[from] item: Leftovers
|-damage|p1a: Son Goku|117\/293|[from] Leech Seed|[of] p2a: Milotic
|-heal|p2a: Milotic|285\/393|[silent]
|turn|33
|
|switch|p1a: War Machine|Rotom-Wash|115\/301
|switch|p2a: Landorus-Therian|Landorus-Therian, M|33\/382
|-ability|p2a: Landorus-Therian|Intimidate|[of] p1a: War Machine
|-unboost|p1a: War Machine|atk|1
|
|-heal|p2a: Landorus-Therian|56\/382|[from] item: Leftovers
|turn|34
|
|switch|p2a: Ferrothorn|Ferrothorn, M|352\/352
|move|p1a: War Machine|Hydro Pump|p2a: Ferrothorn
|-resisted|p2a: Ferrothorn
|-damage|p2a: Ferrothorn|286\/352
|
|turn|35
|
|switch|p1a: Skarmory|Skarmory, M|270\/334
|move|p2a: Ferrothorn|Thunder Wave|p1a: Skarmory
|-status|p1a: Skarmory|par
|
|turn|36
|
|move|p1a: Skarmory|Stealth Rock|p2a: Ferrothorn
|-sidestart|p2: miloticite99|move: Stealth Rock
|move|p2a: Ferrothorn|Leech Seed|p1a: Skarmory
|-start|p1a: Skarmory|move: Leech Seed
|
|-damage|p1a: Skarmory|229\/334 par|[from] Leech Seed|[of] p2a: Ferrothorn
|-heal|p2a: Ferrothorn|327\/352|[silent]
|turn|37
|
|switch|p1a: Gardewhore|Gardevoir, F|277\/277
|switch|p2a: Latios|Latios, M|319\/319
|-damage|p2a: Latios|280\/319|[from] Stealth Rock
|
|turn|38
|
|detailschange|p1a: Gardewhore|Gardevoir-Mega, F
|message|Gardevoir has Mega Evolved into Mega Gardevoir!
|move|p2a: Latios|Defog|p1a: Gardewhore
|-unboost|p1a: Gardewhore|evasion|1
|-sideend|p2: miloticite99|Stealth Rock|[from] move: Defog|[of] p2a: Latios
|move|p1a: Gardewhore|Hyper Voice|p2a: Latios
|-supereffective|p2a: Latios
|-damage|p2a: Latios|0 fnt
|faint|p2a: Latios
|
|c| av kakuna|endlich
|c| av kakuna|erster kill xD
|c|âBurgerTeamTesting|xD
|
|switch|p2a: Talonflame|Talonflame, M|297\/297
|turn|39
|
|switch|p1a: Skarmory|Skarmory, M|229\/334 par
|move|p2a: Talonflame|Brave Bird|p1a: Skarmory
|-resisted|p1a: Skarmory
|-damage|p1a: Skarmory|157\/334 par
|-damage|p2a: Talonflame|273\/297|[from] recoil|[of] p1a: Skarmory
|
|turn|40
|
|switch|p2a: Diancie|Diancie-Mega|100\/242
|move|p1a: Skarmory|Roost|p1a: Skarmory
|-heal|p1a: Skarmory|324\/334 par
|
|turn|41
|c|âBurgerTeamTesting|ich wusste es
|c|âBurgerTeamTesting|banded .-.
|
|switch|p1a: Chansey|Chansey, F|704\/704
|move|p2a: Diancie|Moonblast|p1a: Chansey
|-damage|p1a: Chansey|584\/704
|
|turn|42
|c| av kakuna|warum sollte man band noch spielen
|c| av kakuna|es suckt
|c|âBurgerTeamTesting|find ich auch
|c|âBurgerTeamTesting|sharp beak>cb .-.
|
|switch|p2a: Ferrothorn|Ferrothorn, M|327\/352
|move|p1a: Chansey|Seismic Toss|p2a: Ferrothorn
|-damage|p2a: Ferrothorn|227\/352
|-damage|p1a: Chansey|496\/704|[from] ability: Iron Barbs|[of] p2a: Ferrothorn
|
|turn|43
|c| av kakuna|sd oder bulk up
|c| av kakuna|jup
|
|move|p1a: Chansey|Seismic Toss|p2a: Ferrothorn
|-damage|p2a: Ferrothorn|127\/352
|-damage|p1a: Chansey|408\/704|[from] ability: Iron Barbs|[of] p2a: Ferrothorn
|move|p2a: Ferrothorn|Leech Seed|p1a: Chansey
|-start|p1a: Chansey|move: Leech Seed
|
|-damage|p1a: Chansey|320\/704|[from] Leech Seed|[of] p2a: Ferrothorn
|-heal|p2a: Ferrothorn|215\/352|[silent]
|turn|44
|
|switch|p1a: Son Goku|Infernape, M|117\/293
|switch|p2a: Diancie|Diancie-Mega|100\/242
|
|turn|45
|
|switch|p1a: Skarmory|Skarmory, M|324\/334 par
|move|p2a: Diancie|Moonblast|p1a: Skarmory
|-resisted|p1a: Skarmory
|-damage|p1a: Skarmory|192\/334 par
|
|turn|46
|
|move|p2a: Diancie|Moonblast|p1a: Skarmory
|-resisted|p1a: Skarmory
|-damage|p1a: Skarmory|60\/334 par
|cant|p1a: Skarmory|par
|
|turn|47
|c|âBurgerTeamTesting|haha
|c|âBurgerTeamTesting|so klar
|
|switch|p1a: War Machine|Rotom-Wash|115\/301
|move|p2a: Diancie|Diamond Storm|p1a: War Machine
|-damage|p1a: War Machine|0 fnt
|faint|p1a: War Machine
|
|
|switch|p1a: Chansey|Chansey, F|320\/704
|turn|48
|
|move|p2a: Diancie|Diamond Storm|p1a: Chansey
|-damage|p1a: Chansey|104\/704
|-boost|p2a: Diancie|def|1
|move|p1a: Chansey|Soft-Boiled|p1a: Chansey
|-heal|p1a: Chansey|456\/704
|
|turn|49
|
|switch|p2a: Ferrothorn|Ferrothorn, M|215\/352
|move|p1a: Chansey|Aromatherapy|p1a: Chansey
|-cureteam|p1a: Chansey|[from] move: Aromatherapy
|
|turn|50
|
|switch|p1a: Son Goku|Infernape, M|117\/293
|move|p2a: Ferrothorn|Leech Seed|p1a: Son Goku
|-start|p1a: Son Goku|move: Leech Seed
|
|-damage|p1a: Son Goku|81\/293|[from] Leech Seed|[of] p2a: Ferrothorn
|-heal|p2a: Ferrothorn|251\/352|[silent]
|turn|51
|c| av kakuna|oder bei pokefans einfach seegesang .-.
|c| av kakuna|talon
|c|âBurgerTeamTesting|xDDD
|
|switch|p1a: Pimpnite|Dragonite, M|343\/343
|switch|p2a: Talonflame|Talonflame, M|273\/297
|
|turn|52
|
|switch|p1a: Chansey|Chansey, F|456\/704
|move|p2a: Talonflame|U-turn|p1a: Chansey
|-damage|p1a: Chansey|312\/704
|
|switch|p2a: Landorus-Therian|Landorus-Therian, M|56\/382
|-ability|p2a: Landorus-Therian|Intimidate|[of] p1a: Chansey
|-unboost|p1a: Chansey|atk|1
|
|-heal|p2a: Landorus-Therian|79\/382|[from] item: Leftovers
|turn|53
|
|switch|p1a: Gardewhore|Gardevoir-Mega, F|277\/277
|move|p2a: Landorus-Therian|Knock Off|p1a: Gardewhore
|-damage|p1a: Gardewhore|178\/277
|
|-heal|p2a: Landorus-Therian|102\/382|[from] item: Leftovers
|turn|54
|c| av kakuna|"Seegesang heilt immer die HÃ¤lfte des vom RÃ¼ckstoÃ erlittenen Schadens"
|c| av kakuna|wat?
|
|switch|p2a: Talonflame|Talonflame, M|273\/297
|move|p1a: Gardewhore|Will-O-Wisp|p2a: Talonflame
|-fail|p2a: Talonflame
|
|turn|55
|
|switch|p1a: Son Goku|Infernape, M|81\/293
|move|p2a: Talonflame|Flare Blitz|p1a: Son Goku
|-resisted|p1a: Son Goku
|-damage|p1a: Son Goku|0 fnt
|-damage|p2a: Talonflame|246\/297|[from] recoil|[of] p1a: Son Goku
|faint|p1a: Son Goku
|
|
|switch|p1a: Pimpnite|Dragonite, M|343\/343
|turn|56
|
|switch|p2a: Landorus-Therian|Landorus-Therian, M|102\/382
|-ability|p2a: Landorus-Therian|Intimidate|[of] p1a: Pimpnite
|-unboost|p1a: Pimpnite|atk|1
|move|p1a: Pimpnite|Earthquake|p2a: Landorus-Therian
|-immune|p2a: Landorus-Therian|[msg]
|
|-heal|p2a: Landorus-Therian|125\/382|[from] item: Leftovers
|turn|57
|c|âBurgerTeamTesting|oh man
|
|switch|p1a: Gardewhore|Gardevoir-Mega, F|178\/277
|move|p2a: Landorus-Therian|U-turn|p1a: Gardewhore
|-damage|p1a: Gardewhore|74\/277
|-message|BurgerTeamTesting forfeited.
|
|win|miloticite99
|raw|Ladder updating...
|raw|BurgerTeamTesting's rating: 1567 &rarr; <strong>1542<\/strong><br \/>(-25 for losing)
|raw|miloticite99's rating: 1488 &rarr; <strong>1513<\/strong><br \/>(+25 for winning)