|join|darkcelebi59
|join|BurgerTeamTesting
|player|p1|darkcelebi59|170
|player|p2|BurgerTeamTesting|102
|gametype|singles
|gen|6
|tier|OU
|rated
|clearpoke
|poke|p1|Lucario, M
|poke|p1|Azumarill, F
|poke|p1|Scizor, M
|poke|p1|Venusaur, F
|poke|p1|Landorus, M
|poke|p1|Latios, M
|poke|p2|Victini
|poke|p2|Hydreigon, M
|poke|p2|Conkeldurr, M
|poke|p2|Landorus-Therian, M
|poke|p2|Empoleon, M
|poke|p2|Greninja, M
|rule|Swagger Clause: Swagger is banned
|rule|Baton Pass Clause: Limit one PokÃ©mon knowing Baton Pass
|rule|Sleep Clause Mod: Limit one foe put to sleep
|rule|Species Clause: Limit one of each PokÃ©mon
|rule|OHKO Clause: OHKO moves are banned
|rule|Moody Clause: Moody is banned
|rule|Evasion Moves Clause: Evasion moves are banned
|rule|Endless Battle Clause: Forcing endless battles is banned
|rule|HP Percentage Mod: HP is shown in percentages
|teampreview
|
|start
|switch|p1a: Venusaur|Venusaur, F|364\/364
|switch|p2a: Landorus-Therian|Landorus-Therian, M|382\/382
|-ability|p2a: Landorus-Therian|Intimidate|[of] p1a: Venusaur
|-unboost|p1a: Venusaur|atk|1
|turn|1
|
|detailschange|p1a: Venusaur|Venusaur-Mega, F
|message|Venusaur has Mega Evolved into Mega Venusaur!
|move|p2a: Landorus-Therian|Stealth Rock|p1a: Venusaur
|-sidestart|p1: darkcelebi59|move: Stealth Rock
|move|p1a: Venusaur|Giga Drain|p2a: Landorus-Therian
|-damage|p2a: Landorus-Therian|261\/382
|
|-heal|p2a: Landorus-Therian|284\/382|[from] item: Leftovers
|turn|2
|
|move|p2a: Landorus-Therian|U-turn|p1a: Venusaur
|-damage|p1a: Venusaur|314\/364
|
|switch|p2a: Empoleon|Empoleon, M|372\/372
|move|p1a: Venusaur|Sludge Bomb|p2a: Empoleon
|-immune|p2a: Empoleon|[msg]
|
|turn|3
|
|switch|p1a: Landorus|Landorus, M|319\/319
|-damage|p1a: Landorus|280\/319|[from] Stealth Rock
|move|p2a: Empoleon|Scald|p1a: Landorus
|-crit|p1a: Landorus
|-supereffective|p1a: Landorus
|-damage|p1a: Landorus|0 fnt
|faint|p1a: Landorus
|
|join|av kakuna
|
|switch|p1a: Lucario|Lucario, M|281\/281
|-damage|p1a: Lucario|273\/281|[from] Stealth Rock
|turn|4
|c|âBurgerTeamTesting|da plays
|c| av kakuna|stalking :3
|
|switch|p2a: Landorus-Therian|Landorus-Therian, M|284\/382
|-ability|p2a: Landorus-Therian|Intimidate|[of] p1a: Lucario
|-unboost|p1a: Lucario|atk|1
|move|p1a: Lucario|Swords Dance|p1a: Lucario
|-boost|p1a: Lucario|atk|2
|
|-heal|p2a: Landorus-Therian|307\/382|[from] item: Leftovers
|turn|5
|
|move|p1a: Lucario|Ice Punch|p2a: Landorus-Therian
|-supereffective|p2a: Landorus-Therian
|-damage|p2a: Landorus-Therian|0 fnt
|-damage|p1a: Lucario|245\/281|[from] item: Life Orb
|faint|p2a: Landorus-Therian
|
|
|switch|p2a: Victini|Victini|358\/358
|turn|6
|c|âBurgerTeamTesting|ich idiot lol
|
|switch|p1a: Azumarill|Azumarill, F|404\/404
|-damage|p1a: Azumarill|354\/404|[from] Stealth Rock
|move|p2a: Victini|V-create|p1a: Azumarill
|-resisted|p1a: Azumarill
|-damage|p1a: Azumarill|186\/404
|-unboost|p2a: Victini|def|1
|-unboost|p2a: Victini|spd|1
|-unboost|p2a: Victini|spe|1
|
|turn|7
|
|switch|p2a: Empoleon|Empoleon, M|372\/372
|move|p1a: Azumarill|Play Rough|p2a: Empoleon
|-resisted|p2a: Empoleon
|-damage|p2a: Empoleon|222\/372
|
|-heal|p2a: Empoleon|245\/372|[from] item: Leftovers
|turn|8
|
|move|p2a: Empoleon|Scald|p1a: Azumarill
|-resisted|p1a: Azumarill
|-damage|p1a: Azumarill|128\/404
|move|p1a: Azumarill|Play Rough|p2a: Empoleon
|-resisted|p2a: Empoleon
|-damage|p2a: Empoleon|95\/372
|
|-heal|p2a: Empoleon|118\/372|[from] item: Leftovers
|turn|9
|
|switch|p2a: Victini|Victini|358\/358
|move|p1a: Azumarill|Play Rough|p2a: Victini
|-resisted|p2a: Victini
|-damage|p2a: Victini|214\/358
|
|turn|10
|
|switch|p1a: Latios|Latios, M|302\/302
|-damage|p1a: Latios|265\/302|[from] Stealth Rock
|move|p2a: Victini|V-create|p1a: Latios
|-resisted|p1a: Latios
|-damage|p1a: Latios|91\/302
|-unboost|p2a: Victini|def|1
|-unboost|p2a: Victini|spd|1
|-unboost|p2a: Victini|spe|1
|
|turn|11
|
|switch|p2a: Greninja|Greninja, M|285\/285
|move|p1a: Latios|Roost|p1a: Latios
|-heal|p1a: Latios|242\/302
|
|turn|12
|
|switch|p1a: Venusaur|Venusaur-Mega, F|314\/364
|-damage|p1a: Venusaur|269\/364|[from] Stealth Rock
|move|p2a: Greninja|Dark Pulse|p1a: Venusaur
|-start|p2a: Greninja|typechange|Dark|[from] Protean
|-damage|p1a: Venusaur|151\/364
|-damage|p2a: Greninja|257\/285|[from] item: Life Orb
|
|turn|13
|
|move|p2a: Greninja|Ice Beam|p1a: Venusaur
|-start|p2a: Greninja|typechange|Ice|[from] Protean
|-supereffective|p1a: Venusaur
|-damage|p1a: Venusaur|3\/364
|-damage|p2a: Greninja|229\/285|[from] item: Life Orb
|move|p1a: Venusaur|Synthesis|p1a: Venusaur
|-heal|p1a: Venusaur|185\/364
|
|turn|14
|
|move|p2a: Greninja|Ice Beam|p1a: Venusaur
|-supereffective|p1a: Venusaur
|-damage|p1a: Venusaur|45\/364
|-damage|p2a: Greninja|201\/285|[from] item: Life Orb
|move|p1a: Venusaur|Synthesis|p1a: Venusaur
|-heal|p1a: Venusaur|227\/364
|
|turn|15
|
|move|p2a: Greninja|Gunk Shot|p1a: Venusaur
|-start|p2a: Greninja|typechange|Poison|[from] Protean
|-damage|p1a: Venusaur|105\/364
|-damage|p2a: Greninja|173\/285|[from] item: Life Orb
|move|p1a: Venusaur|Synthesis|p1a: Venusaur
|-heal|p1a: Venusaur|287\/364
|
|turn|16
|
|switch|p2a: Empoleon|Empoleon, M|118\/372
|move|p1a: Venusaur|Synthesis|p1a: Venusaur
|-heal|p1a: Venusaur|364\/364
|
|-heal|p2a: Empoleon|141\/372|[from] item: Leftovers
|turn|17
|
|move|p1a: Venusaur|Giga Drain|p2a: Empoleon
|-damage|p2a: Empoleon|66\/372
|move|p2a: Empoleon|Scald|p1a: Venusaur
|-resisted|p1a: Venusaur
|-damage|p1a: Venusaur|306\/364
|
|-heal|p2a: Empoleon|89\/372|[from] item: Leftovers
|turn|18
|
|move|p1a: Venusaur|Giga Drain|p2a: Empoleon
|-damage|p2a: Empoleon|14\/372
|-heal|p1a: Venusaur|344\/364|[from] drain|[of] p2a: Empoleon
|move|p2a: Empoleon|Scald|p1a: Venusaur
|-resisted|p1a: Venusaur
|-damage|p1a: Venusaur|277\/364
|
|-heal|p2a: Empoleon|37\/372|[from] item: Leftovers
|turn|19
|c|âBurgerTeamTesting|warum sollte ich auch jemals nen burn kriegen
|
|move|p2a: Empoleon|Protect|p2a: Empoleon
|-singleturn|p2a: Empoleon|Protect
|move|p1a: Venusaur|Giga Drain|p2a: Empoleon
|-activate|p2a: Empoleon|Protect
|
|-heal|p2a: Empoleon|60\/372|[from] item: Leftovers
|turn|20
|
|switch|p2a: Not a Pivot|Hydreigon, M|338\/338
|move|p1a: Venusaur|Giga Drain|p2a: Not a Pivot
|-resisted|p2a: Not a Pivot
|-damage|p2a: Not a Pivot|281\/338
|-heal|p1a: Venusaur|306\/364|[from] drain|[of] p2a: Not a Pivot
|
|turn|21
|
|move|p2a: Not a Pivot|Draco Meteor|p1a: Venusaur|[miss]
|-miss|p2a: Not a Pivot|p1a: Venusaur
|move|p1a: Venusaur|Synthesis|p1a: Venusaur
|-heal|p1a: Venusaur|364\/364
|
|turn|22
|c|âBurgerTeamTesting|oder Ã¼berhaupt treffen
|
|switch|p2a: Empoleon|Empoleon, M|60\/372
|move|p1a: Venusaur|Synthesis|p1a: Venusaur
|
|-heal|p2a: Empoleon|83\/372|[from] item: Leftovers
|turn|23
|
|move|p2a: Empoleon|Protect|p2a: Empoleon
|-singleturn|p2a: Empoleon|Protect
|move|p1a: Venusaur|Giga Drain|p2a: Empoleon
|-activate|p2a: Empoleon|Protect
|
|-heal|p2a: Empoleon|106\/372|[from] item: Leftovers
|turn|24
|c| av kakuna|frag ich mich auch xD
|
|move|p1a: Venusaur|Giga Drain|p2a: Empoleon
|-damage|p2a: Empoleon|28\/372
|move|p2a: Empoleon|Scald|p1a: Venusaur
|-resisted|p1a: Venusaur
|-damage|p1a: Venusaur|304\/364
|-status|p1a: Venusaur|brn
|
|-heal|p2a: Empoleon|51\/372|[from] item: Leftovers
|-damage|p1a: Venusaur|259\/364 brn|[from] brn
|turn|25
|
|switch|p1a: Lucario|Lucario, M|245\/281
|-damage|p1a: Lucario|237\/281|[from] Stealth Rock
|move|p2a: Empoleon|Protect|p2a: Empoleon
|-fail|p2a: Empoleon
|
|-heal|p2a: Empoleon|74\/372|[from] item: Leftovers
|turn|26
|
|move|p1a: Lucario|Close Combat|p2a: Empoleon
|-supereffective|p2a: Empoleon
|-damage|p2a: Empoleon|0 fnt
|-unboost|p1a: Lucario|def|1
|-unboost|p1a: Lucario|spd|1
|-damage|p1a: Lucario|209\/281|[from] item: Life Orb
|faint|p2a: Empoleon
|
|
|switch|p2a: Victini|Victini|214\/358
|turn|27
|
|move|p2a: Victini|V-create|p1a: Lucario
|-supereffective|p1a: Lucario
|-damage|p1a: Lucario|0 fnt
|-unboost|p2a: Victini|def|1
|-unboost|p2a: Victini|spd|1
|-unboost|p2a: Victini|spe|1
|faint|p1a: Lucario
|
|
|switch|p1a: Latios|Latios, M|242\/302
|-damage|p1a: Latios|205\/302|[from] Stealth Rock
|turn|28
|
|switch|p2a: Conkeldurr|Conkeldurr, M|414\/414
|move|p1a: Latios|Draco Meteor|p2a: Conkeldurr
|-damage|p2a: Conkeldurr|140\/414
|-unboost|p1a: Latios|spa|2
|-damage|p1a: Latios|175\/302|[from] item: Life Orb
|
|turn|29
|
|switch|p2a: Greninja|Greninja, M|173\/285
|move|p1a: Latios|Draco Meteor|p2a: Greninja
|-damage|p2a: Greninja|0 fnt
|-unboost|p1a: Latios|spa|2
|-damage|p1a: Latios|145\/302|[from] item: Life Orb
|faint|p2a: Greninja
|
|join|fast-netter bauer
|
|switch|p2a: Not a Pivot|Hydreigon, M|281\/338
|turn|30
|
|move|p2a: Not a Pivot|U-turn|p1a: Latios
|-supereffective|p1a: Latios
|-damage|p1a: Latios|23\/302
|
|switch|p2a: Conkeldurr|Conkeldurr, M|140\/414
|move|p1a: Latios|Draco Meteor|p2a: Conkeldurr
|-damage|p2a: Conkeldurr|50\/414
|-unboost|p1a: Latios|spa|2
|-damage|p1a: Latios|0 fnt|[from] item: Life Orb
|faint|p1a: Latios
|
|c| fast-netter bauer|not a scarfdreigon
|c| fast-netter bauer|its just a iron ball latios
|c|âBurgerTeamTesting|oder nicht 5000 mal overpredicten
|
|switch|p1a: Scizor|Scizor, M|281\/281
|-damage|p1a: Scizor|246\/281|[from] Stealth Rock
|turn|31
|
|move|p2a: Conkeldurr|Mach Punch|p1a: Scizor
|-damage|p1a: Scizor|173\/281
|move|p1a: Scizor|U-turn|p2a: Conkeldurr
|-resisted|p2a: Conkeldurr
|-damage|p2a: Conkeldurr|0 fnt
|faint|p2a: Conkeldurr
|
|switch|p1a: Venusaur|Venusaur-Mega, F|259\/364 brn
|-damage|p1a: Venusaur|214\/364 brn|[from] Stealth Rock
|
|-damage|p1a: Venusaur|169\/364 brn|[from] brn
|
|switch|p2a: Victini|Victini|214\/358
|turn|32
|
|move|p2a: Victini|V-create|p1a: Venusaur
|-supereffective|p1a: Venusaur
|-damage|p1a: Venusaur|0 fnt
|-unboost|p2a: Victini|def|1
|-unboost|p2a: Victini|spd|1
|-unboost|p2a: Victini|spe|1
|faint|p1a: Venusaur
|
|
|switch|p1a: Azumarill|Azumarill, F|128\/404
|-damage|p1a: Azumarill|78\/404|[from] Stealth Rock
|turn|33
|
|move|p1a: Azumarill|Aqua Jet|p2a: Victini
|-supereffective|p2a: Victini
|-damage|p2a: Victini|0 fnt
|faint|p2a: Victini
|
|c|âBurgerTeamTesting|was
|c|âBurgerTeamTesting|wtf
|c|âBurgerTeamTesting|wenn ich in Hydra gegangen wÃ¤re hÃ¤tte ich gewonnen
|c|âBurgerTeamTesting|wie kann der so einfach aqua Jet drÃ¼cken :heul:
|
|switch|p2a: Not a Pivot|Hydreigon, M|281\/338
|turn|34
|c| av kakuna|kannst immer noch
|c| av kakuna|glaub ich
|c|âBurgerTeamTesting|kein fire blast
|c| av kakuna|uh
|c| av kakuna|dann d pulse jetzt
|c| av kakuna|vielleicht kein av azumarill
|c|âBurgerTeamTesting|das is banded
|c| av kakuna|dann spam dark pulse
|c|âBurgerTeamTesting|aber glaube nicht dass ich scizor down krieg
|
|move|p1a: Azumarill|Aqua Jet|p2a: Not a Pivot
|-resisted|p2a: Not a Pivot
|-damage|p2a: Not a Pivot|207\/338
|move|p2a: Not a Pivot|Dark Pulse|p1a: Azumarill
|-resisted|p1a: Azumarill
|-damage|p1a: Azumarill|2\/404
|
|turn|35
|c| av kakuna|doch
|
|move|p1a: Azumarill|Aqua Jet|p2a: Not a Pivot
|-resisted|p2a: Not a Pivot
|-damage|p2a: Not a Pivot|134\/338
|move|p2a: Not a Pivot|Dark Pulse|p1a: Azumarill
|-resisted|p1a: Azumarill
|-damage|p1a: Azumarill|0 fnt
|faint|p1a: Azumarill
|
|c| av kakuna|._.
|c|âBurgerTeamTesting|bp gg
|
|switch|p1a: Scizor|Scizor, M|173\/281
|-damage|p1a: Scizor|138\/281|[from] Stealth Rock
|turn|36
|c| av kakuna|schwach
|c|âdarkcelebi59|gg
|c|âBurgerTeamTesting|aber wie kann das sein
|c|âBurgerTeamTesting|252+ SpA Hydreigon Dark Pulse vs. 252 HP \/ 0 SpD Azumarill: 84-99 (20.7 - 24.5%) -- guaranteed 5HKO
|
|move|p1a: Scizor|Bullet Punch|p2a: Not a Pivot
|-damage|p2a: Not a Pivot|0 fnt
|faint|p2a: Not a Pivot
|
|win|darkcelebi59
|raw|Ladder updating...
|raw|darkcelebi59's rating: 1610 &rarr; <strong>1628<\/strong><br \/>(+18 for winning)
|raw|BurgerTeamTesting's rating: 1574 &rarr; <strong>1556<\/strong><br \/>(-18 for losing)
|c|âBurgerTeamTesting|oh ich idiot
|c|âBurgerTeamTesting|ich bin ja gar nicht modest
|c| av kakuna|lol