|join|BurgerTeamTesting
|join|Reverb
|player|p1|BurgerTeamTesting|115
|player|p2|Reverb|#reverb
|gametype|singles
|gen|6
|tier|OU
|rated
|clearpoke
|poke|p1|Raikou
|poke|p1|Landorus-Therian, M
|poke|p1|Suicune
|poke|p1|Entei, shiny
|poke|p1|Mandibuzz, F
|poke|p1|Mew
|poke|p2|Empoleon, M
|poke|p2|Tyranitar, F
|poke|p2|Charizard, M
|poke|p2|Keldeo
|poke|p2|Kyurem-Black
|poke|p2|Landorus-Therian, M
|rule|Swagger Clause: Swagger is banned
|rule|Baton Pass Clause: Limit one PokÃ©mon knowing Baton Pass
|rule|Sleep Clause Mod: Limit one foe put to sleep
|rule|Species Clause: Limit one of each PokÃ©mon
|rule|OHKO Clause: OHKO moves are banned
|rule|Moody Clause: Moody is banned
|rule|Evasion Moves Clause: Evasion moves are banned
|rule|Endless Battle Clause: Forcing endless battles is banned
|rule|HP Percentage Mod: HP is shown in percentages
|teampreview
|join|Squirrelll
|
|start
|switch|p1a: Landorus-Therian|Landorus-Therian, M|319\/319
|switch|p2a: Kyurem-Black|Kyurem-Black|391\/391
|-ability|p2a: Kyurem-Black|Teravolt
|-ability|p1a: Landorus-Therian|Intimidate|[of] p2a: Kyurem-Black
|-unboost|p2a: Kyurem-Black|atk|1
|turn|1
|join|Cienight
|
|switch|p1a: Suicune|Suicune|404\/404
|-ability|p1a: Suicune|Pressure
|move|p2a: Kyurem-Black|Ice Beam|p1a: Suicune
|-resisted|p1a: Suicune
|-damage|p1a: Suicune|353\/404
|
|-heal|p1a: Suicune|378\/404|[from] item: Leftovers
|turn|2
|
|switch|p2a: Empoleon|Empoleon, M|372\/372
|move|p1a: Suicune|Scald|p2a: Empoleon
|-resisted|p2a: Empoleon
|-damage|p2a: Empoleon|330\/372
|
|-heal|p1a: Suicune|403\/404|[from] item: Leftovers
|-heal|p2a: Empoleon|353\/372|[from] item: Leftovers
|turn|3
|
|switch|p1a: Raikou|Raikou|321\/321
|-ability|p1a: Raikou|Pressure
|move|p2a: Empoleon|Stealth Rock|p1a: Raikou
|-sidestart|p1: BurgerTeamTesting|move: Stealth Rock
|
|-heal|p2a: Empoleon|372\/372|[from] item: Leftovers
|turn|4
|
|switch|p2a: Kyurem-Black|Kyurem-Black|391\/391
|-ability|p2a: Kyurem-Black|Teravolt
|move|p1a: Raikou|Hidden Power|p2a: Kyurem-Black
|-damage|p2a: Kyurem-Black|311\/391
|
|turn|5
|
|switch|p2a: Landorus-Therian|Landorus-Therian, M|327\/327
|-ability|p2a: Landorus-Therian|Intimidate|[of] p1a: Raikou
|-unboost|p1a: Raikou|atk|1
|move|p1a: Raikou|Volt Switch|p2a: Landorus-Therian
|-immune|p2a: Landorus-Therian|[msg]
|
|turn|6
|
|switch|p1a: Mandibuzz|Mandibuzz, F|424\/424
|-damage|p1a: Mandibuzz|318\/424|[from] Stealth Rock
|move|p2a: Landorus-Therian|U-turn|p1a: Mandibuzz
|-damage|p1a: Mandibuzz|259\/424
|
|switch|p2a: Charizard|Charizard, M|297\/297
|
|-heal|p1a: Mandibuzz|285\/424|[from] item: Leftovers
|turn|7
|
|switch|p1a: Raikou|Raikou|321\/321
|-damage|p1a: Raikou|281\/321|[from] Stealth Rock
|-ability|p1a: Raikou|Pressure
|detailschange|p2a: Charizard|Charizard-Mega-Y, M
|message|Charizard has Mega Evolved into Mega Charizard!
|-weather|SunnyDay
|move|p2a: Charizard|Fire Blast|p1a: Raikou
|-damage|p1a: Raikou|16\/321
|
|-weather|SunnyDay|[upkeep]
|turn|8
|
|switch|p2a: Kyurem-Black|Kyurem-Black|311\/391
|-ability|p2a: Kyurem-Black|Teravolt
|move|p1a: Raikou|Hidden Power|p2a: Kyurem-Black
|-damage|p2a: Kyurem-Black|229\/391
|
|-weather|SunnyDay|[upkeep]
|turn|9
|
|switch|p1a: Mew|Mew|404\/404
|-damage|p1a: Mew|354\/404|[from] Stealth Rock
|move|p2a: Kyurem-Black|Ice Beam|p1a: Mew
|-damage|p1a: Mew|263\/404
|
|-weather|SunnyDay|[upkeep]
|-heal|p1a: Mew|288\/404|[from] item: Leftovers
|turn|10
|
|switch|p2a: Charizard|Charizard-Mega-Y, M|297\/297
|move|p1a: Mew|Stealth Rock|p2a: Charizard
|-sidestart|p2: Reverb|move: Stealth Rock
|
|-weather|SunnyDay|[upkeep]
|-heal|p1a: Mew|313\/404|[from] item: Leftovers
|turn|11
|
|switch|p1a: Suicune|Suicune|403\/404
|-damage|p1a: Suicune|353\/404|[from] Stealth Rock
|-ability|p1a: Suicune|Pressure
|move|p2a: Charizard|Fire Blast|p1a: Suicune|[miss]
|-miss|p2a: Charizard|p1a: Suicune
|
|-weather|none
|-heal|p1a: Suicune|378\/404|[from] item: Leftovers
|turn|12
|
|switch|p2a: Empoleon|Empoleon, M|372\/372
|-damage|p2a: Empoleon|349\/372|[from] Stealth Rock
|move|p1a: Suicune|Scald|p2a: Empoleon
|-resisted|p2a: Empoleon
|-damage|p2a: Empoleon|307\/372
|
|-heal|p1a: Suicune|403\/404|[from] item: Leftovers
|-heal|p2a: Empoleon|330\/372|[from] item: Leftovers
|turn|13
|
|move|p1a: Suicune|Scald|p2a: Empoleon
|-resisted|p2a: Empoleon
|-damage|p2a: Empoleon|289\/372
|-status|p2a: Empoleon|brn
|move|p2a: Empoleon|Defog|p1a: Suicune
|-unboost|p1a: Suicune|evasion|1
|-sideend|p1: BurgerTeamTesting|Stealth Rock|[from] move: Defog|[of] p1a: Suicune
|-sideend|p2: Reverb|Stealth Rock|[from] move: Defog|[of] p2a: Empoleon
|
|-heal|p1a: Suicune|404\/404|[from] item: Leftovers
|-heal|p2a: Empoleon|312\/372 brn|[from] item: Leftovers
|-damage|p2a: Empoleon|266\/372 brn|[from] brn
|turn|14
|
|switch|p1a: Mew|Mew|313\/404
|move|p2a: Empoleon|Stealth Rock|p1a: Mew
|-sidestart|p1: BurgerTeamTesting|move: Stealth Rock
|
|-heal|p1a: Mew|338\/404|[from] item: Leftovers
|-heal|p2a: Empoleon|289\/372 brn|[from] item: Leftovers
|-damage|p2a: Empoleon|243\/372 brn|[from] brn
|turn|15
|
|switch|p2a: Charizard|Charizard-Mega-Y, M|297\/297
|-weather|SunnyDay
|move|p1a: Mew|Stealth Rock|p2a: Charizard
|-sidestart|p2: Reverb|move: Stealth Rock
|
|-weather|SunnyDay|[upkeep]
|-heal|p1a: Mew|363\/404|[from] item: Leftovers
|turn|16
|
|switch|p1a: Raikou|Raikou|16\/321
|-damage|p1a: Raikou|0 fnt|[from] Stealth Rock
|faint|p1a: Raikou
|move|p2a: Charizard|Fire Blast|p1: Raikou|[notarget]
|-notarget
|
|-weather|SunnyDay|[upkeep]
|
|switch|p1a: Landorus-Therian|Landorus-Therian, M|319\/319
|-damage|p1a: Landorus-Therian|280\/319|[from] Stealth Rock
|-ability|p1a: Landorus-Therian|Intimidate|[of] p2a: Charizard
|-unboost|p2a: Charizard|atk|1
|turn|17
|
|switch|p2a: Empoleon|Empoleon, M|243\/372 brn
|-damage|p2a: Empoleon|220\/372 brn|[from] Stealth Rock
|move|p1a: Landorus-Therian|U-turn|p2a: Empoleon
|-resisted|p2a: Empoleon
|-damage|p2a: Empoleon|184\/372 brn
|
|switch|p1a: Entei|Entei, shiny|372\/372
|-damage|p1a: Entei|279\/372|[from] Stealth Rock
|-ability|p1a: Entei|Pressure
|
|-weather|SunnyDay|[upkeep]
|-heal|p2a: Empoleon|207\/372 brn|[from] item: Leftovers
|-damage|p2a: Empoleon|161\/372 brn|[from] brn
|turn|18
|
|move|p1a: Entei|Sacred Fire|p2a: Empoleon
|-damage|p2a: Empoleon|0 fnt
|faint|p2a: Empoleon
|
|-weather|SunnyDay|[upkeep]
|
|switch|p2a: Tyranitar|Tyranitar, F|383\/383
|-damage|p2a: Tyranitar|336\/383|[from] Stealth Rock
|-weather|Sandstorm
|turn|19
|
|switch|p1a: Suicune|Suicune|404\/404
|-damage|p1a: Suicune|354\/404|[from] Stealth Rock
|-ability|p1a: Suicune|Pressure
|move|p2a: Tyranitar|Stone Edge|p1a: Suicune
|-damage|p1a: Suicune|170\/404
|
|-weather|Sandstorm|[upkeep]
|-damage|p1a: Suicune|145\/404|[from] sandstorm
|-heal|p1a: Suicune|170\/404|[from] item: Leftovers
|turn|20
|
|switch|p1a: Landorus-Therian|Landorus-Therian, M|280\/319
|-damage|p1a: Landorus-Therian|241\/319|[from] Stealth Rock
|-ability|p1a: Landorus-Therian|Intimidate|[of] p2a: Tyranitar
|-unboost|p2a: Tyranitar|atk|1
|move|p2a: Tyranitar|Stone Edge|p1a: Landorus-Therian
|-damage|p1a: Landorus-Therian|25\/319
|
|-weather|Sandstorm|[upkeep]
|turn|21
|c|âBurgerTeamTesting|dat cb
|
|switch|p2a: Landorus-Therian|Landorus-Therian, M|327\/327
|-damage|p2a: Landorus-Therian|287\/327|[from] Stealth Rock
|-ability|p2a: Landorus-Therian|Intimidate|[of] p1a: Landorus-Therian
|-unboost|p1a: Landorus-Therian|atk|1
|move|p1a: Landorus-Therian|U-turn|p2a: Landorus-Therian
|-resisted|p2a: Landorus-Therian
|-damage|p2a: Landorus-Therian|251\/327
|
|switch|p1a: Mandibuzz|Mandibuzz, F|285\/424
|-damage|p1a: Mandibuzz|179\/424|[from] Stealth Rock
|
|-weather|Sandstorm|[upkeep]
|-heal|p1a: Mandibuzz|205\/424|[from] item: Leftovers
|turn|22
|
|move|p2a: Landorus-Therian|U-turn|p1a: Mandibuzz
|-damage|p1a: Mandibuzz|141\/424
|
|switch|p2a: Charizard|Charizard-Mega-Y, M|297\/297
|-damage|p2a: Charizard|149\/297|[from] Stealth Rock
|-weather|SunnyDay
|move|p1a: Mandibuzz|Roost|p1a: Mandibuzz
|-heal|p1a: Mandibuzz|353\/424
|
|-weather|SunnyDay|[upkeep]
|-heal|p1a: Mandibuzz|379\/424|[from] item: Leftovers
|turn|23
|
|switch|p1a: Landorus-Therian|Landorus-Therian, M|25\/319
|-damage|p1a: Landorus-Therian|0 fnt|[from] Stealth Rock
|faint|p1a: Landorus-Therian
|move|p2a: Charizard|Roost|p2a: Charizard
|-heal|p2a: Charizard|297\/297
|
|-weather|SunnyDay|[upkeep]
|
|switch|p1a: Entei|Entei, shiny|279\/372
|-damage|p1a: Entei|186\/372|[from] Stealth Rock
|-ability|p1a: Entei|Pressure
|turn|24
|
|switch|p2a: Landorus-Therian|Landorus-Therian, M|251\/327
|-damage|p2a: Landorus-Therian|211\/327|[from] Stealth Rock
|-ability|p2a: Landorus-Therian|Intimidate|[of] p1a: Entei
|-unboost|p1a: Entei|atk|1
|move|p1a: Entei|Extreme Speed|p2a: Landorus-Therian
|-damage|p2a: Landorus-Therian|104\/327
|
|-weather|SunnyDay|[upkeep]
|turn|25
|
|move|p1a: Entei|Extreme Speed|p2a: Landorus-Therian
|-damage|p2a: Landorus-Therian|0 fnt
|faint|p2a: Landorus-Therian
|
|-weather|SunnyDay|[upkeep]
|
|switch|p2a: Tyranitar|Tyranitar, F|336\/383
|-damage|p2a: Tyranitar|289\/383|[from] Stealth Rock
|-weather|Sandstorm
|turn|26
|
|move|p2a: Tyranitar|Pursuit|p1a: Entei|[from]Pursuit
|-damage|p1a: Entei|0 fnt
|faint|p1a: Entei
|
|-weather|Sandstorm|[upkeep]
|
|switch|p1a: Mew|Mew|363\/404
|-damage|p1a: Mew|313\/404|[from] Stealth Rock
|turn|27
|
|switch|p2a: Charizard|Charizard-Mega-Y, M|297\/297
|-damage|p2a: Charizard|149\/297|[from] Stealth Rock
|-weather|SunnyDay
|move|p1a: Mew|Will-O-Wisp|p2a: Charizard
|-fail|p2a: Charizard
|
|-weather|SunnyDay|[upkeep]
|-heal|p1a: Mew|338\/404|[from] item: Leftovers
|turn|28
|
|move|p2a: Charizard|Fire Blast|p1a: Mew
|-damage|p1a: Mew|41\/404
|move|p1a: Mew|Roost|p1a: Mew
|-heal|p1a: Mew|243\/404
|
|-weather|SunnyDay|[upkeep]
|-heal|p1a: Mew|268\/404|[from] item: Leftovers
|turn|29
|
|switch|p1a: Mandibuzz|Mandibuzz, F|379\/424
|-damage|p1a: Mandibuzz|273\/424|[from] Stealth Rock
|move|p2a: Charizard|Fire Blast|p1a: Mandibuzz
|-damage|p1a: Mandibuzz|0 fnt
|faint|p1a: Mandibuzz
|
|-weather|SunnyDay|[upkeep]
|
|switch|p1a: Mew|Mew|268\/404
|-damage|p1a: Mew|218\/404|[from] Stealth Rock
|turn|30
|
|move|p2a: Charizard|Roost|p2a: Charizard
|-heal|p2a: Charizard|297\/297
|move|p1a: Mew|Roost|p1a: Mew
|-heal|p1a: Mew|404\/404
|
|-weather|SunnyDay|[upkeep]
|turn|31
|
|move|p2a: Charizard|Solar Beam|p1a: Mew|[still]
|-prepare|p2a: Charizard|Solar Beam|p1a: Mew
|-anim|p2a: Charizard|Solar Beam|p1a: Mew
|-damage|p1a: Mew|268\/404
|move|p1a: Mew|Roost|p1a: Mew
|-heal|p1a: Mew|404\/404
|
|-weather|none
|turn|32
|join|Kangaskhanye West
|
|switch|p2a: Keldeo|Keldeo|323\/323
|-damage|p2a: Keldeo|303\/323|[from] Stealth Rock
|switch|p1a: Suicune|Suicune|170\/404
|-damage|p1a: Suicune|120\/404|[from] Stealth Rock
|-ability|p1a: Suicune|Pressure
|
|-heal|p1a: Suicune|145\/404|[from] item: Leftovers
|turn|33
|
|move|p2a: Keldeo|Secret Sword|p1a: Suicune
|-damage|p1a: Suicune|0 fnt
|faint|p1a: Suicune
|
|-message|BurgerTeamTesting forfeited.
|
|win|Reverb
|raw|Ladder updating...
|leave|BurgerTeamTesting
|player|p1