|join|Storm Jesus
|join|bluri
|player|p1|Storm Jesus|151
|player|p2|bluri|223
|gametype|singles
|gen|6
|tier|OU
|rated
|clearpoke
|poke|p1|Gengar, M
|poke|p1|Meloetta
|poke|p1|Gyarados, M
|poke|p1|Ferrothorn, M
|poke|p1|Entei, shiny
|poke|p1|Landorus, M
|poke|p2|Hippowdon, M
|poke|p2|Latios, M
|poke|p2|Charizard, M
|poke|p2|Manaphy
|poke|p2|Ferrothorn, F
|poke|p2|Tyranitar, M
|rule|Swagger Clause: Swagger is banned
|rule|Baton Pass Clause: Limit one PokÃ©mon knowing Baton Pass
|rule|Sleep Clause Mod: Limit one foe put to sleep
|rule|Species Clause: Limit one of each PokÃ©mon
|rule|OHKO Clause: OHKO moves are banned
|rule|Moody Clause: Moody is banned
|rule|Evasion Moves Clause: Evasion moves are banned
|rule|Endless Battle Clause: Forcing endless battles is banned
|rule|HP Percentage Mod: HP is shown in percentages
|teampreview
|c|âbluri|looooool
|c|âStorm Jesus|oh no ;-;
|c|âbluri|r u kdding me
|c|âStorm Jesus|im 1853
|c|âStorm Jesus|gl
|c|âbluri|same :D
|
|start
|switch|p1a: Mufasa|Entei, shiny|434\/434
|switch|p2a: Tyranitar|Tyranitar, M|404\/404
|-ability|p1a: Mufasa|Pressure
|-weather|Sandstorm
|turn|1
|
|move|p1a: Mufasa|Sacred Fire|p2a: Tyranitar
|-resisted|p2a: Tyranitar
|-damage|p2a: Tyranitar|325\/404
|move|p2a: Tyranitar|Pursuit|p1a: Mufasa
|-damage|p1a: Mufasa|304\/434
|
|-weather|Sandstorm|[upkeep]
|-damage|p1a: Mufasa|277\/434|[from] sandstorm
|turn|2
|
|switch|p2a: Charizard|Charizard, M|298\/298
|move|p1a: Mufasa|Sacred Fire|p2a: Charizard
|-resisted|p2a: Charizard
|-damage|p2a: Charizard|184\/298
|
|-weather|Sandstorm|[upkeep]
|-damage|p2a: Charizard|166\/298|[from] sandstorm
|-damage|p1a: Mufasa|250\/434|[from] sandstorm
|turn|3
|c|âStorm Jesus|u pursuit I burn
|
|switch|p2a: Hippowdon|Hippowdon, M|420\/420
|move|p1a: Mufasa|Sacred Fire|p2a: Hippowdon
|-damage|p2a: Hippowdon|300\/420
|
|-weather|Sandstorm|[upkeep]
|-damage|p1a: Mufasa|223\/434|[from] sandstorm
|-heal|p2a: Hippowdon|326\/420|[from] item: Leftovers
|turn|4
|c|âbluri|SKILLPLAY IMO
|join|Moralapostel Bauer
|c|âbluri|LOL
|
|switch|p2a: Charizard|Charizard, M|166\/298
|move|p1a: Mufasa|Sacred Fire|p2a: Charizard
|-resisted|p2a: Charizard
|-damage|p2a: Charizard|64\/298
|
|-weather|Sandstorm|[upkeep]
|-damage|p2a: Charizard|46\/298|[from] sandstorm
|-damage|p1a: Mufasa|196\/434|[from] sandstorm
|turn|5
|
|switch|p2a: Hippowdon|Hippowdon, M|326\/420
|move|p1a: Mufasa|Sacred Fire|p2a: Hippowdon|[miss]
|-miss|p1a: Mufasa|p2a: Hippowdon
|
|-weather|none
|-heal|p2a: Hippowdon|352\/420|[from] item: Leftovers
|turn|6
|c|âbluri|PROPLAYER
|
|switch|p2a: Charizard|Charizard, M|46\/298
|move|p1a: Mufasa|Sacred Fire|p2a: Charizard
|-resisted|p2a: Charizard
|-damage|p2a: Charizard|0 fnt
|faint|p2a: Charizard
|
|c|âStorm Jesus|LOL
|c|âbluri|omfg
|c|âbluri|u know like i play
|c|âbluri|._.
|-message|bluri forfeited.
|
|win|Storm Jesus
|raw|Ladder updating...
|c|âbluri|gg
|c|âStorm Jesus|Sounds like smth u would do
|c|âStorm Jesus|gg
|raw|Storm Jesus's rating: 1853 &rarr; <strong>1867<\/strong><br \/>(+14 for winning)
|raw|bluri's rating: 1732 &rarr; <strong>1719<\/strong><br \/>(-13 for losing)
|leave|Storm Jesus
|player|p1