|join|Storm Jesus
|join|Aka DH
|player|p1|Storm Jesus|151
|player|p2|Aka DH|1
|gametype|singles
|gen|6
|tier|OU
|rated
|clearpoke
|poke|p1|Gengar, M
|poke|p1|Mandibuzz, F
|poke|p1|Meloetta
|poke|p1|Gyarados, M
|poke|p1|Ferrothorn, M
|poke|p1|Landorus, M
|poke|p2|Bisharp, M
|poke|p2|Venusaur, F
|poke|p2|Heatran, M
|poke|p2|Keldeo
|poke|p2|Chansey, F
|poke|p2|Skarmory, M
|rule|Swagger Clause: Swagger is banned
|rule|Baton Pass Clause: Limit one PokÃ©mon knowing Baton Pass
|rule|Sleep Clause Mod: Limit one foe put to sleep
|rule|Species Clause: Limit one of each PokÃ©mon
|rule|OHKO Clause: OHKO moves are banned
|rule|Moody Clause: Moody is banned
|rule|Evasion Moves Clause: Evasion moves are banned
|rule|Endless Battle Clause: Forcing endless battles is banned
|rule|HP Percentage Mod: HP is shown in percentages
|teampreview
|c|âStorm Jesus|im testing mandibuzz... bear with me lol
|
|start
|switch|p1a: Enten|Landorus, M|319\/319
|switch|p2a: Keldeo|Keldeo|323\/323
|turn|1
|
|switch|p1a: Tytannial|Ferrothorn, M|352\/352
|move|p2a: Keldeo|Secret Sword|p1a: Tytannial
|-supereffective|p1a: Tytannial
|-damage|p1a: Tytannial|158\/352
|
|turn|2
|
|move|p2a: Keldeo|Secret Sword|p1a: Tytannial
|-supereffective|p1a: Tytannial
|-damage|p1a: Tytannial|0 fnt
|faint|p1a: Tytannial
|
|
|switch|p1a: Phantom|Gengar, M|262\/262
|turn|3
|
|switch|p2a: Chansey|Chansey, F|684\/684
|move|p1a: Phantom|Sludge Wave|p2a: Chansey
|-damage|p2a: Chansey|559\/684
|-damage|p1a: Phantom|236\/262|[from] item: Life Orb
|
|turn|4
|
|switch|p2a: Skarmory|Skarmory, M|334\/334
|move|p1a: Phantom|Focus Blast|p2a: Skarmory|[miss]
|-miss|p1a: Phantom|p2a: Skarmory
|
|turn|5
|
|move|p1a: Phantom|Shadow Ball|p2a: Skarmory
|-damage|p2a: Skarmory|143\/334
|-damage|p1a: Phantom|210\/262|[from] item: Life Orb
|move|p2a: Skarmory|Brave Bird|p1a: Phantom
|-damage|p1a: Phantom|38\/262
|-damage|p2a: Skarmory|86\/334|[from] recoil|[of] p1a: Phantom
|
|turn|6
|
|switch|p2a: Chansey|Chansey, F|559\/684
|move|p1a: Phantom|Shadow Ball|p2a: Chansey
|-immune|p2a: Chansey|[msg]
|
|turn|7
|
|switch|p2a: Skarmory|Skarmory, M|86\/334
|move|p1a: Phantom|Taunt|p2a: Skarmory
|-start|p2a: Skarmory|move: Taunt
|
|turn|8
|
|move|p1a: Phantom|Focus Blast|p2a: Skarmory
|-damage|p2a: Skarmory|0 fnt
|-damage|p1a: Phantom|12\/262|[from] item: Life Orb
|faint|p2a: Skarmory
|
|
|switch|p2a: Bisharp|Bisharp, M|334\/334
|turn|9
|
|move|p2a: Bisharp|Sucker Punch|p1a: Phantom
|-fail|p1a: Phantom
|move|p1a: Phantom|Taunt|p2a: Bisharp
|-start|p2a: Bisharp|move: Taunt
|
|turn|10
|
|move|p2a: Bisharp|Sucker Punch|p1a: Phantom
|-fail|p1a: Phantom
|move|p1a: Phantom|Taunt|p2a: Bisharp
|-fail|p2a: Bisharp
|
|turn|11
|
|move|p1a: Phantom|Taunt|p2a: Bisharp
|-fail|p2a: Bisharp
|move|p2a: Bisharp|Knock Off|p1a: Phantom
|-supereffective|p1a: Phantom
|-damage|p1a: Phantom|0 fnt
|-enditem|p1a: Phantom|Life Orb|[from] move: Knock Off|[of] p2a: Bisharp
|faint|p1a: Phantom
|
|
|switch|p1a: Enten|Landorus, M|319\/319
|turn|12
|
|switch|p2a: Chansey|Chansey, F|559\/684
|move|p1a: Enten|Earth Power|p2a: Chansey
|-damage|p2a: Chansey|410\/684
|
|turn|13
|
|move|p1a: Enten|Knock Off|p2a: Chansey
|-damage|p2a: Chansey|255\/684
|-enditem|p2a: Chansey|Eviolite|[from] move: Knock Off|[of] p1a: Enten
|-damage|p1a: Enten|288\/319|[from] item: Life Orb
|move|p2a: Chansey|Soft-Boiled|p2a: Chansey
|-heal|p2a: Chansey|597\/684
|
|turn|14
|-message|Storm Jesus forfeited.
|leave|Storm Jesus
|
|move|p1a: Enten|Focus Blast|p2a: Chansey|[miss]
|-miss|p1a: Enten|p2a: Chansey
|move|p2a: Chansey|Seismic Toss|p1a: Enten
|-damage|p1a: Enten|188\/319
|
|turn|15
|
|win|Aka DH
|raw|Ladder updating...
|player|p1
|raw|Storm Jesus's rating: 1854 &rarr; <strong>1833<\/strong><br \/>(-21 for losing)
|raw|Aka DH's rating: 1827 &rarr; <strong>1848<\/strong><br \/>(+21 for winning)