|join|Level 56
|join|Storm Jesus
|player|p1|Level 56|275
|player|p2|Storm Jesus|151
|gametype|singles
|gen|6
|tier|OU
|rated
|clearpoke
|poke|p1|Thundurus, M
|poke|p1|Bisharp, M
|poke|p1|Keldeo-Resolute
|poke|p1|Dragonite, M
|poke|p1|Infernape, F
|poke|p1|Metagross
|poke|p2|Gengar, M
|poke|p2|Meloetta
|poke|p2|Gyarados, M
|poke|p2|Ferrothorn, M
|poke|p2|Entei, shiny
|poke|p2|Landorus, M
|rule|Swagger Clause: Swagger is banned
|rule|Baton Pass Clause: Limit one PokÃ©mon knowing Baton Pass
|rule|Sleep Clause Mod: Limit one foe put to sleep
|rule|Species Clause: Limit one of each PokÃ©mon
|rule|OHKO Clause: OHKO moves are banned
|rule|Moody Clause: Moody is banned
|rule|Evasion Moves Clause: Evasion moves are banned
|rule|Endless Battle Clause: Forcing endless battles is banned
|rule|HP Percentage Mod: HP is shown in percentages
|teampreview
|
|start
|switch|p1a: Infernape|Infernape, F|293\/293
|switch|p2a: Mufasa|Entei, shiny|434\/434
|-ability|p2a: Mufasa|Pressure
|turn|1
|join|Yay IU
|
|move|p1a: Infernape|Stealth Rock|p2a: Mufasa
|-sidestart|p2: Storm Jesus|move: Stealth Rock
|move|p2a: Mufasa|Bulldoze|p1a: Infernape
|-supereffective|p1a: Infernape
|-damage|p1a: Infernape|117\/293
|-unboost|p1a: Infernape|spe|1
|
|turn|2
|join|Unwanted Accident
|
|move|p2a: Mufasa|Bulldoze|p1a: Infernape
|-supereffective|p1a: Infernape
|-damage|p1a: Infernape|0 fnt
|faint|p1a: Infernape
|
|
|switch|p1a: Keldeo-Resolute|Keldeo-Resolute|323\/323
|turn|3
|
|move|p1a: Keldeo-Resolute|Hydro Pump|p2a: Mufasa
|-supereffective|p2a: Mufasa
|-damage|p2a: Mufasa|0 fnt
|faint|p2a: Mufasa
|
|
|switch|p2a: Tytannial|Ferrothorn, M|352\/352
|-damage|p2a: Tytannial|330\/352|[from] Stealth Rock
|turn|4
|join|oml it's too ez
|
|switch|p1a: Dragonite|Dragonite, M|323\/323
|move|p2a: Tytannial|Stealth Rock|p1a: Dragonite
|-sidestart|p1: Level 56|move: Stealth Rock
|
|turn|5
|
|move|p1a: Dragonite|Fire Punch|p2a: Tytannial
|-supereffective|p2a: Tytannial
|-damage|p2a: Tytannial|0 fnt
|-damage|p1a: Dragonite|283\/323|[from] ability: Iron Barbs|[of] p2a: Tytannial
|-damage|p1a: Dragonite|230\/323|[from] item: Rocky Helmet|[of] p2a: Tytannial
|faint|p2a: Tytannial
|
|
|switch|p2a: Enten|Landorus, M|319\/319
|-damage|p2a: Enten|280\/319|[from] Stealth Rock
|turn|6
|leave|oml it's too ez
|
|switch|p1a: Metagross|Metagross|302\/302
|-damage|p1a: Metagross|284\/302|[from] Stealth Rock
|move|p2a: Enten|Psychic|p1a: Metagross
|-resisted|p1a: Metagross
|-damage|p1a: Metagross|239\/302
|
|turn|7
|
|switch|p1a: Thundurus|Thundurus, M|299\/299
|-damage|p1a: Thundurus|225\/299|[from] Stealth Rock
|move|p2a: Enten|Psychic|p1a: Thundurus
|-damage|p1a: Thundurus|0 fnt
|faint|p1a: Thundurus
|
|
|switch|p1a: Keldeo-Resolute|Keldeo-Resolute|323\/323
|-damage|p1a: Keldeo-Resolute|303\/323|[from] Stealth Rock
|turn|8
|
|switch|p2a: Zelda|Meloetta|404\/404
|-damage|p2a: Zelda|354\/404|[from] Stealth Rock
|move|p1a: Keldeo-Resolute|Scald|p2a: Zelda
|-damage|p2a: Zelda|180\/404
|-status|p2a: Zelda|brn
|
|-heal|p2a: Zelda|205\/404 brn|[from] item: Leftovers
|-damage|p2a: Zelda|155\/404 brn|[from] brn
|turn|9
|
|move|p1a: Keldeo-Resolute|Scald|p2a: Zelda
|-damage|p2a: Zelda|0 fnt
|faint|p2a: Zelda
|
|
|switch|p2a: Phantom|Gengar, M|262\/262
|-damage|p2a: Phantom|230\/262|[from] Stealth Rock
|turn|10
|
|move|p2a: Phantom|Shadow Ball|p1a: Keldeo-Resolute
|-damage|p1a: Keldeo-Resolute|89\/323
|-unboost|p1a: Keldeo-Resolute|spd|1
|-damage|p2a: Phantom|204\/262|[from] item: Life Orb
|move|p1a: Keldeo-Resolute|Scald|p2a: Phantom
|-damage|p2a: Phantom|0 fnt
|faint|p2a: Phantom
|
|
|switch|p2a: Predator|Gyarados, M|331\/331
|-damage|p2a: Predator|249\/331|[from] Stealth Rock
|-ability|p2a: Predator|Intimidate|[of] p1a: Keldeo-Resolute
|-unboost|p1a: Keldeo-Resolute|atk|1
|turn|11
|
|detailschange|p2a: Predator|Gyarados-Mega, M
|message|Gyarados has Mega Evolved into Mega Gyarados!
|-ability|p2a: Predator|Mold Breaker
|move|p1a: Keldeo-Resolute|Scald|p2a: Predator
|-resisted|p2a: Predator
|-damage|p2a: Predator|170\/331
|move|p2a: Predator|Dragon Dance|p2a: Predator
|-boost|p2a: Predator|atk|1
|-boost|p2a: Predator|spe|1
|
|turn|12
|
|move|p2a: Predator|Substitute|p2a: Predator
|-start|p2a: Predator|Substitute
|-damage|p2a: Predator|88\/331
|move|p1a: Keldeo-Resolute|Scald|p2a: Predator
|-resisted|p2a: Predator
|-activate|p2a: Predator|Substitute|[damage]
|
|turn|13
|
|move|p2a: Predator|Waterfall|p1a: Keldeo-Resolute
|-resisted|p1a: Keldeo-Resolute
|-damage|p1a: Keldeo-Resolute|0 fnt
|faint|p1a: Keldeo-Resolute
|
|
|switch|p1a: Bisharp|Bisharp, M|272\/272
|-damage|p1a: Bisharp|255\/272|[from] Stealth Rock
|turn|14
|
|move|p1a: Bisharp|Sucker Punch|p2a: Predator
|-resisted|p2a: Predator
|-end|p2a: Predator|Substitute
|-damage|p1a: Bisharp|228\/272|[from] item: Life Orb
|move|p2a: Predator|Waterfall|p1a: Bisharp
|-damage|p1a: Bisharp|5\/272
|
|turn|15
|
|move|p2a: Predator|Substitute|p2a: Predator
|-start|p2a: Predator|Substitute
|-damage|p2a: Predator|6\/331
|move|p1a: Bisharp|Iron Head|p2a: Predator
|-resisted|p2a: Predator
|-end|p2a: Predator|Substitute
|-damage|p1a: Bisharp|0 fnt|[from] item: Life Orb
|faint|p1a: Bisharp
|
|
|switch|p1a: Metagross|Metagross|239\/302
|-damage|p1a: Metagross|221\/302|[from] Stealth Rock
|turn|16
|
|detailschange|p1a: Metagross|Metagross-Mega
|message|Metagross has Mega Evolved into Mega Metagross!
|move|p1a: Metagross|Bullet Punch|p2a: Predator
|-resisted|p2a: Predator
|-damage|p2a: Predator|0 fnt
|faint|p2a: Predator
|
|
|switch|p2a: Enten|Landorus, M|280\/319
|-damage|p2a: Enten|241\/319|[from] Stealth Rock
|turn|17
|
|move|p1a: Metagross|Ice Punch|p2a: Enten
|-supereffective|p2a: Enten
|-damage|p2a: Enten|0 fnt
|faint|p2a: Enten
|
|win|Level 56
|raw|Ladder updating...
|raw|Level 56's rating: 1853 &rarr; <strong>1872<\/strong><br \/>(+19 for winning)
|raw|Storm Jesus's rating: 1833 &rarr; <strong>1814<\/strong><br \/>(-19 for losing)
|leave|Storm Jesus
|player|p2