|join|Yuttt.ninja
|join|Storm Jesus
|player|p1|Yuttt.ninja|113
|player|p2|Storm Jesus|151
|gametype|singles
|gen|6
|tier|OU
|clearpoke
|poke|p1|Charizard, M, shiny
|poke|p1|Entei, shiny
|poke|p1|Latias, F, shiny
|poke|p1|Keldeo-Resolute, shiny
|poke|p1|Clefable, F, shiny
|poke|p1|Landorus-Therian, M, shiny
|poke|p2|Hawlucha, F, shiny
|poke|p2|Diancie
|poke|p2|Virizion
|poke|p2|Heatran, M
|poke|p2|Gyarados, M
|poke|p2|Quagsire, M
|rule|Swagger Clause: Swagger is banned
|rule|Baton Pass Clause: Limit one PokÃ©mon knowing Baton Pass
|rule|Sleep Clause Mod: Limit one foe put to sleep
|rule|Species Clause: Limit one of each PokÃ©mon
|rule|OHKO Clause: OHKO moves are banned
|rule|Moody Clause: Moody is banned
|rule|Evasion Moves Clause: Evasion moves are banned
|rule|Endless Battle Clause: Forcing endless battles is banned
|rule|HP Percentage Mod: HP is shown in percentages
|teampreview
|join|BanSlowbro
|join|GizmoGreninjaTest
|join|Lvn on a pryr
|join|Alldaalts
|c| Lvn on a pryr|hes taking you om whole he shreks some other dude
|c|âYuttt.ninja|im hp grass specs entei
|c|âYuttt.ninja|u best sack quag right now
|
|start
|switch|p1a: Cloud Kitty|Landorus-Therian, M, shiny|333\/333
|switch|p2a: Diancie|Diancie|241\/241
|-ability|p1a: Cloud Kitty|Intimidate|[of] p2a: Diancie
|-fail|p2a: Diancie|unboost|[from] ability: Clear Body|[of] p2a: Diancie
|turn|1
|c|âYuttt.ninja|muh tintimidate?!
|leave|BanSlowbro
|c|âStorm Jesus|Hpice diancie imo
|c|âYuttt.ninja|pls
|
|detailschange|p2a: Diancie|Diancie-Mega
|-mega|p2a: Diancie|Diancie|Diancite
|move|p1a: Cloud Kitty|Earthquake|p2a: Diancie
|-supereffective|p2a: Diancie
|-damage|p2a: Diancie|0 fnt
|faint|p2a: Diancie
|
|c|âYuttt.ninja|pls
|join|yuy
|c|âYuttt.ninja|what are you even trying to predict
|
|switch|p2a: Gyarados|Gyarados, M|393\/393
|turn|2
|leave|yuy
|c|âStorm Jesus|gtfo i wasn't max speed
|c|âStorm Jesus|i was gonna hpice u fgt
|c|âStorm Jesus|;-;
|c| GizmoGreninjaTest|you're
|c| GizmoGreninjaTest|a base 50 mon.
|c|âStorm Jesus|oh derp me
|c|âStorm Jesus|diancie's a shet slowmon
|join|Squirrelll
|c|âYuttt.ninja|erm
|c|âStorm Jesus|i made this to ct yuttt's rainteam
|c|âYuttt.ninja|what set are you
|join|FlamingVictini PB
|c|âStorm Jesus|idk
|c|âStorm Jesus|:]
|c|âYuttt.ninja|scarf moxie?
|
|move|p1a: Cloud Kitty|Stone Edge|p2a: Gyarados
|-supereffective|p2a: Gyarados
|-damage|p2a: Gyarados|83\/393
|move|p2a: Gyarados|Dragon Dance|p2a: Gyarados
|-boost|p2a: Gyarados|atk|1
|-boost|p2a: Gyarados|spe|1
|
|-heal|p2a: Gyarados|107\/393|[from] item: Leftovers
|turn|3
|c| GizmoGreninjaTest|wait what
|c| GizmoGreninjaTest|oh yeah
|
|switch|p1a: Keldeo-Irresolute|Keldeo-Resolute, shiny|323\/323
|move|p2a: Gyarados|Waterfall|p1a: Keldeo-Irresolute
|-crit|p1a: Keldeo-Irresolute
|-resisted|p1a: Keldeo-Irresolute
|-damage|p1a: Keldeo-Irresolute|195\/323
|
|-heal|p2a: Gyarados|131\/393|[from] item: Leftovers
|turn|4
|c|âYuttt.ninja|rood
|c|âYuttt.ninja|crit
|c|âYuttt.ninja|ima scald burn
|
|move|p1a: Keldeo-Irresolute|Hidden Power|p2a: Gyarados
|-supereffective|p2a: Gyarados
|-damage|p2a: Gyarados|0 fnt
|faint|p2a: Gyarados
|
|
|switch|p2a: Quagsire|Quagsire, M|394\/394
|turn|5
|c|âStorm Jesus|my last chance is quag
|c|âStorm Jesus|:]
|leave|Lvn on a pryr
|c| GizmoGreninjaTest|IT'S GONNA STOCKPILE
|c|âYuttt.ninja|ruh roh
|c|âStorm Jesus|n not stockpile
|c|âStorm Jesus|:]
|
|switch|p1a: Clefunable|Clefable, F, shiny|394\/394
|move|p2a: Quagsire|Curse|p2a: Quagsire
|-boost|p2a: Quagsire|atk|1
|-boost|p2a: Quagsire|def|1
|-unboost|p2a: Quagsire|spe|1
|
|turn|6
|c|âYuttt.ninja|..
|c| GizmoGreninjaTest|yuttt.
|c|âYuttt.ninja|eq me fgt
|
|switch|p1a: Huitzilopochtli|Charizard, M, shiny|297\/297
|move|p2a: Quagsire|Curse|p2a: Quagsire
|-boost|p2a: Quagsire|atk|1
|-boost|p2a: Quagsire|def|1
|-unboost|p2a: Quagsire|spe|1
|
|turn|7
|c|âStorm Jesus|spdef cursesire
|c|âStorm Jesus|:]
|c|âYuttt.ninja|fkkkkk
|c|âYuttt.ninja|ill boost past you1
|
|move|p1a: Huitzilopochtli|Dragon Dance|p1a: Huitzilopochtli
|-boost|p1a: Huitzilopochtli|atk|1
|-boost|p1a: Huitzilopochtli|spe|1
|move|p2a: Quagsire|Waterfall|p1a: Huitzilopochtli
|-supereffective|p1a: Huitzilopochtli
|-damage|p1a: Huitzilopochtli|0 fnt
|faint|p1a: Huitzilopochtli
|
|c|âStorm Jesus|LOL
|c|âYuttt.ninja|alfhsdkjghsldkfjghds
|c|âYuttt.ninja|fuck
|c| FlamingVictini PB|yuttt he's water absorb keld can't do shit to it
|c| Alldaalts|lol
|c|âStorm Jesus|iam LOL
|c|âStorm Jesus|:]
|c|âYuttt.ninja|fuck
|c|âStorm Jesus|Actually no i munaware
|c|âStorm Jesus|send keld
|c|âYuttt.ninja|the awesome set
|c|âStorm Jesus|:]
|c|âStorm Jesus|FUCKING QUAGMIRE
|c|âStorm Jesus|:]
|c|âYuttt.ninja|no
|c|âStorm Jesus|Make a move QUAGNINJA
|c|âYuttt.ninja|my awesome set
|
|switch|p1a: 24K Dragon|Latias, F, shiny|319\/319
|turn|8
|c|âYuttt.ninja|i was dd grass knot imoo
|
|move|p1a: 24K Dragon|Draco Meteor|p2a: Quagsire|[miss]
|-miss|p1a: 24K Dragon|p2a: Quagsire
|move|p2a: Quagsire|Recover|p2a: Quagsire
|-fail|p2a: Quagsire
|
|turn|9
|c|âYuttt.ninja|hackr
|join|IAmGingy
|c| Alldaalts|lol
|
|move|p1a: 24K Dragon|Draco Meteor|p2a: Quagsire
|-damage|p2a: Quagsire|174\/394
|-unboost|p1a: 24K Dragon|spa|2
|-damage|p1a: 24K Dragon|288\/319|[from] item: Life Orb
|move|p2a: Quagsire|Recover|p2a: Quagsire
|-heal|p2a: Quagsire|371\/394
|
|-heal|p2a: Quagsire|394\/394|[from] item: Leftovers
|turn|10
|c|âStorm Jesus|ur the hakr u fig
|c|âYuttt.ninja|min roll
|c|âYuttt.ninja|max SpD
|
|move|p1a: 24K Dragon|Draco Meteor|p2a: Quagsire|[miss]
|-miss|p1a: 24K Dragon|p2a: Quagsire
|move|p2a: Quagsire|Earthquake|p1a: 24K Dragon
|-immune|p1a: 24K Dragon|[msg]
|
|turn|11
|c|âYuttt.ninja|ncie
|join|Cosine180
|c|âYuttt.ninja|fuckin hax
|
|move|p1a: 24K Dragon|Draco Meteor|p2a: Quagsire
|-crit|p2a: Quagsire
|-damage|p2a: Quagsire|65\/394
|-unboost|p1a: 24K Dragon|spa|2
|-damage|p1a: 24K Dragon|257\/319|[from] item: Life Orb
|move|p2a: Quagsire|Waterfall|p1a: 24K Dragon
|-resisted|p1a: 24K Dragon
|-damage|p1a: 24K Dragon|161\/319
|
|-heal|p2a: Quagsire|89\/394|[from] item: Leftovers
|turn|12
|join|Tom Bus
|c|âYuttt.ninja|im not even sorry
|c| Cosine180|LOL what is this
|c|âStorm Jesus|reserved imo
|c|âStorm Jesus|deserved imo*
|
|move|p1a: 24K Dragon|Draco Meteor|p2a: Quagsire
|-damage|p2a: Quagsire|0 fnt
|-unboost|p1a: 24K Dragon|spa|2
|-damage|p1a: 24K Dragon|130\/319|[from] item: Life Orb
|faint|p2a: Quagsire
|
|c|âYuttt.ninja|nice unaware
|c| Alldaalts|^
|
|switch|p2a: Hawlucha|Hawlucha, F, shiny|308\/308
|turn|13
|c|âStorm Jesus|get swept nigguh
|
|switch|p1a: Cloud Kitty|Landorus-Therian, M, shiny|333\/333
|-ability|p1a: Cloud Kitty|Intimidate|[of] p2a: Hawlucha
|-unboost|p2a: Hawlucha|atk|1
|move|p2a: Hawlucha|Swords Dance|p2a: Hawlucha
|-boost|p2a: Hawlucha|atk|2
|
|turn|14
|c| Cosine180|>has clefable
|c| Alldaalts|>magic guard
|
|switch|p2a: Virizion|Virizion|323\/323
|move|p1a: Cloud Kitty|Stone Edge|p2a: Virizion
|-crit|p2a: Virizion
|-resisted|p2a: Virizion
|-damage|p2a: Virizion|193\/323
|
|-heal|p2a: Virizion|213\/323|[from] item: Leftovers
|turn|15
|c|âStorm Jesus|:v
|c|âYuttt.ninja|virizon
|
|switch|p1a: Clefunable|Clefable, F, shiny|394\/394
|move|p2a: Virizion|Giga Drain|p1a: Clefunable
|-damage|p1a: Clefunable|303\/394
|-heal|p2a: Virizion|259\/323|[from] drain|[of] p1a: Clefunable
|
|-heal|p2a: Virizion|279\/323|[from] item: Leftovers
|-heal|p1a: Clefunable|327\/394|[from] item: Leftovers
|turn|16
|c| GizmoGreninjaTest|LATE GAME ROCKS
|c|âStorm Jesus|:]
|c|âYuttt.ninja|naw mang
|c|âStorm Jesus|lategame setup
|c|âStorm Jesus|:]
|
|switch|p1a: Cloud Kitty|Landorus-Therian, M, shiny|333\/333
|-ability|p1a: Cloud Kitty|Intimidate|[of] p2a: Virizion
|-unboost|p2a: Virizion|atk|1
|move|p2a: Virizion|Calm Mind|p2a: Virizion
|-boost|p2a: Virizion|spa|1
|-boost|p2a: Virizion|spd|1
|
|-heal|p2a: Virizion|299\/323|[from] item: Leftovers
|turn|17
|c|âYuttt.ninja|predicted iron head ;-;
|c| GizmoGreninjaTest|WTF YUTTT
|c|âStorm Jesus|Lol
|c| GizmoGreninjaTest|ok
|c| GizmoGreninjaTest|tbh
|c| GizmoGreninjaTest|this game shoulda been
|c| Cosine180|>iron head giga drain
|
|switch|p1a: 24K Dragon|Latias, F, shiny|130\/319
|move|p2a: Virizion|Giga Drain|p1a: 24K Dragon
|-resisted|p1a: 24K Dragon
|-damage|p1a: 24K Dragon|64\/319
|-heal|p2a: Virizion|323\/323|[from] drain|[of] p1a: 24K Dragon
|
|turn|18
|c|âStorm Jesus|quagsweep
|c| GizmoGreninjaTest|an easy destruction
|c| GizmoGreninjaTest|no
|
|move|p1a: 24K Dragon|Psyshock|p2a: Virizion
|-supereffective|p2a: Virizion
|-damage|p2a: Virizion|0 fnt
|-damage|p1a: 24K Dragon|33\/319|[from] item: Life Orb
|faint|p2a: Virizion
|
|c| GizmoGreninjaTest|quag shoulda been blown back
|
|switch|p2a: Heatran|Heatran, M|385\/385
|turn|19
|c|âYuttt.ninja|next time ;-;
|c|âYuttt.ninja|next time
|c| Cosine180|quag woulda gotten 2hkoed by draco
|c| GizmoGreninjaTest|but ~~I~~ yuttt choked
|c| Cosine180|even w\/o the crit
|
|move|p1a: 24K Dragon|Draco Meteor|p2a: Heatran
|-resisted|p2a: Heatran
|-damage|p2a: Heatran|264\/385
|-unboost|p1a: 24K Dragon|spa|2
|-damage|p1a: 24K Dragon|2\/319|[from] item: Life Orb
|move|p2a: Heatran|Stealth Rock|p1a: 24K Dragon
|-sidestart|p1: Yuttt.ninja|move: Stealth Rock
|
|-heal|p2a: Heatran|288\/385|[from] item: Leftovers
|turn|20
|c|âStorm Jesus|this game woulda been gyarados sweep too
|c|âStorm Jesus|if he didn't run tht weirdass keld set
|
|move|p1a: 24K Dragon|Defog|p2a: Heatran
|-unboost|p2a: Heatran|evasion|1
|-sideend|p1: Yuttt.ninja|Stealth Rock|[from] move: Defog|[of] p1a: 24K Dragon
|move|p2a: Heatran|Lava Plume|p1a: 24K Dragon
|-resisted|p1a: 24K Dragon
|-damage|p1a: 24K Dragon|0 fnt
|faint|p1a: 24K Dragon
|
|-heal|p2a: Heatran|312\/385|[from] item: Leftovers
|c| GizmoGreninjaTest|you've never seen
|c| GizmoGreninjaTest|hp elec keld
|c| GizmoGreninjaTest|.-.
|c| GizmoGreninjaTest|that's not weird
|c|âStorm Jesus|never evr
|c| Cosine180|thats p standard
|c|âYuttt.ninja|._.
|c| Cosine180|tbh
|c|âStorm Jesus|im here 5 yrs
|
|switch|p1a: Keldeo-Irresolute|Keldeo-Resolute, shiny|195\/323
|turn|21
|c| GizmoGreninjaTest|aren't you like 10
|
|move|p1a: Keldeo-Irresolute|Scald|p2a: Heatran
|-supereffective|p2a: Heatran
|-damage|p2a: Heatran|66\/385
|move|p2a: Heatran|Lava Plume|p1a: Keldeo-Irresolute
|-resisted|p1a: Keldeo-Irresolute
|-damage|p1a: Keldeo-Irresolute|129\/323
|
|-heal|p2a: Heatran|90\/385|[from] item: Leftovers
|turn|22
|c|âStorm Jesus|im 16
|c|âStorm Jesus|fgt
|join|yuy
|c|âYuttt.ninja|wheres my burn
|leave|yuy
|
|move|p1a: Keldeo-Irresolute|Scald|p2a: Heatran
|-supereffective|p2a: Heatran
|-damage|p2a: Heatran|0 fnt
|faint|p2a: Heatran
|
|
|switch|p2a: Hawlucha|Hawlucha, F, shiny|308\/308
|turn|23
|c| Cosine180|sd ez win
|
|move|p1a: Keldeo-Irresolute|Scald|p2a: Hawlucha
|-damage|p2a: Hawlucha|92\/308
|-enditem|p2a: Hawlucha|Sitrus Berry|[eat]
|-heal|p2a: Hawlucha|169\/308|[from] item: Sitrus Berry
|move|p2a: Hawlucha|Swords Dance|p2a: Hawlucha
|-boost|p2a: Hawlucha|atk|2
|
|turn|24
|c| GizmoGreninjaTest|burn ez win
|c| Cosine180|just flinch clefable
|c| GizmoGreninjaTest|oh shit that does way more than i thought
|c| GizmoGreninjaTest|that thing's made of paper
|
|move|p2a: Hawlucha|Acrobatics|p1a: Keldeo-Irresolute
|-supereffective|p1a: Keldeo-Irresolute
|-damage|p1a: Keldeo-Irresolute|0 fnt
|faint|p1a: Keldeo-Irresolute
|
|c| GizmoGreninjaTest|win in style yuttt
|c| Cosine180|tfw no sky atk
|c| GizmoGreninjaTest|win with fire dog
|
|switch|p1a: Cloud Kitty|Landorus-Therian, M, shiny|333\/333
|-ability|p1a: Cloud Kitty|Intimidate|[of] p2a: Hawlucha
|-unboost|p2a: Hawlucha|atk|1
|turn|25
|c| IAmGingy|sub
|c| Cosine180|free sd
|c| GizmoGreninjaTest|lando......................
|c| GizmoGreninjaTest|...............................................
|c| IAmGingy|hes bandorus
|
|move|p2a: Hawlucha|Substitute|p2a: Hawlucha
|-start|p2a: Hawlucha|Substitute
|-damage|p2a: Hawlucha|92\/308
|move|p1a: Cloud Kitty|Stone Edge|p2a: Hawlucha
|-end|p2a: Hawlucha|Substitute
|
|turn|26
|c| IAmGingy|obv.
|c| Cosine180|>hits
|c|âYuttt.ninja|one more boys
|
|move|p2a: Hawlucha|Acrobatics|p1a: Cloud Kitty
|-damage|p1a: Cloud Kitty|95\/333
|move|p1a: Cloud Kitty|Stone Edge|p2a: Hawlucha
|-damage|p2a: Hawlucha|0 fnt
|faint|p2a: Hawlucha
|
|win|Yuttt.ninja
|c|âStorm Jesus|hacker
|c| Cosine180|hacker
|leave|Yuttt.ninja
|leave|Cosine180
|player|p1
|leave|Alldaalts
|leave|Storm Jesus
|player|p2
|leave|GizmoGreninjaTest
|join|fuck christmas
|join|Cosine180
|leave|Cosine180
|join|Cosine180
|leave|Cosine180
|leave|Squirrelll
|leave|fuck christmas
|leave|Tom Bus
|join|fingerscrossed
|leave|fingerscrossed
|leave|IAmGingy