|join|Storm Jesus
|join|Wruce Bayne
|player|p1|Storm Jesus|151
|player|p2|Wruce Bayne|161
|gametype|singles
|gen|6
|tier|OU
|rated
|clearpoke
|poke|p1|Gengar, M
|poke|p1|Meloetta
|poke|p1|Gyarados, M
|poke|p1|Ferrothorn, M
|poke|p1|Entei, shiny
|poke|p1|Landorus, M
|poke|p2|Victini
|poke|p2|Greninja, M, shiny
|poke|p2|Bisharp, M, shiny
|poke|p2|Lopunny, F, shiny
|poke|p2|Azumarill, M
|poke|p2|Latios, M
|rule|Swagger Clause: Swagger is banned
|rule|Baton Pass Clause: Limit one PokÃ©mon knowing Baton Pass
|rule|Sleep Clause Mod: Limit one foe put to sleep
|rule|Species Clause: Limit one of each PokÃ©mon
|rule|OHKO Clause: OHKO moves are banned
|rule|Moody Clause: Moody is banned
|rule|Evasion Moves Clause: Evasion moves are banned
|rule|Endless Battle Clause: Forcing endless battles is banned
|rule|HP Percentage Mod: HP is shown in percentages
|teampreview
|join|Ox the Box (
|join|Squirrelll
|join|Sephiroth VII
|join|rkq
|
|start
|switch|p1a: Tytannial|Ferrothorn, M|352\/352
|switch|p2a: Destructo Disc|Victini|341\/341
|turn|1
|
|switch|p1a: Mufasa|Entei, shiny|434\/434
|-ability|p1a: Mufasa|Pressure
|move|p2a: Destructo Disc|V-create|p1a: Mufasa
|-resisted|p1a: Mufasa
|-damage|p1a: Mufasa|165\/434
|-unboost|p2a: Destructo Disc|def|1
|-unboost|p2a: Destructo Disc|spd|1
|-unboost|p2a: Destructo Disc|spe|1
|
|turn|2
|join|JeffWingr
|join|A2tehBR
|
|move|p1a: Mufasa|Stone Edge|p2a: Destructo Disc
|-supereffective|p2a: Destructo Disc
|-damage|p2a: Destructo Disc|0 fnt
|faint|p2a: Destructo Disc
|
|c|âStorm Jesus|:]
|
|switch|p2a: Babs|Lopunny, F, shiny|271\/271
|turn|3
|
|detailschange|p2a: Babs|Lopunny-Mega, F, shiny
|message|Lopunny has Mega Evolved into Mega Lopunny!
|move|p1a: Mufasa|Extreme Speed|p2a: Babs
|-damage|p2a: Babs|172\/271
|move|p2a: Babs|High Jump Kick|p1a: Mufasa
|-crit|p1a: Mufasa
|-damage|p1a: Mufasa|0 fnt
|faint|p1a: Mufasa
|
|
|switch|p1a: Tytannial|Ferrothorn, M|352\/352
|turn|4
|
|switch|p2a: Fr0gger|Greninja, M, shiny|285\/285
|move|p1a: Tytannial|Gyro Ball|p2a: Fr0gger
|-resisted|p2a: Fr0gger
|-damage|p2a: Fr0gger|165\/285
|
|turn|5
|
|switch|p2a: Water Bomb|Azumarill, M|360\/360
|switch|p1a: Zelda|Meloetta|404\/404
|
|turn|6
|
|move|p1a: Zelda|Psyshock|p2a: Water Bomb
|-damage|p2a: Water Bomb|221\/360
|move|p2a: Water Bomb|Belly Drum|p2a: Water Bomb
|-damage|p2a: Water Bomb|41\/360
|-setboost|p2a: Water Bomb|atk|6|[from] move: Belly Drum
|-enditem|p2a: Water Bomb|Sitrus Berry|[eat]
|-heal|p2a: Water Bomb|131\/360|[from] item: Sitrus Berry
|
|turn|7
|join|yrs
|c| A2tehBR|lord set wruce bayne?
|c| A2tehBR|nb
|c| A2tehBR|but
|c| A2tehBR|he lives jet
|
|move|p2a: Water Bomb|Aqua Jet|p1a: Zelda
|-damage|p1a: Zelda|94\/404
|move|p1a: Zelda|Psyshock|p2a: Water Bomb
|-damage|p2a: Water Bomb|0 fnt
|faint|p2a: Water Bomb
|
|-heal|p1a: Zelda|119\/404|[from] item: Leftovers
|
|switch|p2a: Prioritize|Bisharp, M, shiny|271\/271
|turn|8
|
|switch|p1a: Tytannial|Ferrothorn, M|352\/352
|move|p2a: Prioritize|Stealth Rock|p1a: Tytannial
|-sidestart|p1: Storm Jesus|move: Stealth Rock
|
|turn|9
|
|switch|p2a: Fr0gger|Greninja, M, shiny|165\/285
|move|p1a: Tytannial|Stealth Rock|p2a: Fr0gger
|-sidestart|p2: Wruce Bayne|move: Stealth Rock
|
|turn|10
|
|switch|p1a: Zelda|Meloetta|119\/404
|-damage|p1a: Zelda|69\/404|[from] Stealth Rock
|move|p2a: Fr0gger|Ice Beam|p1a: Zelda
|-start|p2a: Fr0gger|typechange|Ice|[from] Protean
|-damage|p1a: Zelda|0 fnt
|-damage|p2a: Fr0gger|137\/285|[from] item: Life Orb
|faint|p1a: Zelda
|
|leave|yrs
|
|switch|p1a: Predator|Gyarados, M|331\/331
|-damage|p1a: Predator|249\/331|[from] Stealth Rock
|-ability|p1a: Predator|Intimidate|[of] p2a: Fr0gger
|-unboost|p2a: Fr0gger|atk|1
|turn|11
|
|move|p2a: Fr0gger|Gunk Shot|p1a: Predator
|-start|p2a: Fr0gger|typechange|Poison|[from] Protean
|-damage|p1a: Predator|119\/331
|-status|p1a: Predator|psn
|-damage|p2a: Fr0gger|109\/285|[from] item: Life Orb
|move|p1a: Predator|Dragon Dance|p1a: Predator
|-boost|p1a: Predator|atk|1
|-boost|p1a: Predator|spe|1
|
|-damage|p1a: Predator|78\/331 psn|[from] psn
|turn|12
|
|switch|p2a: Prioritize|Bisharp, M, shiny|271\/271
|-damage|p2a: Prioritize|255\/271|[from] Stealth Rock
|detailschange|p1a: Predator|Gyarados-Mega, M
|message|Gyarados has Mega Evolved into Mega Gyarados!
|-ability|p1a: Predator|Mold Breaker
|move|p1a: Predator|Crunch|p2a: Prioritize
|-resisted|p2a: Prioritize
|-damage|p2a: Prioritize|147\/271
|
|-damage|p1a: Predator|37\/331 psn|[from] psn
|turn|13
|
|switch|p1a: Tytannial|Ferrothorn, M|352\/352
|-damage|p1a: Tytannial|330\/352|[from] Stealth Rock
|move|p2a: Prioritize|Sucker Punch|p1a: Tytannial
|-fail|p1a: Tytannial
|
|turn|14
|
|move|p2a: Prioritize|Knock Off|p1a: Tytannial
|-damage|p1a: Tytannial|216\/352
|-damage|p2a: Prioritize|114\/271|[from] ability: Iron Barbs|[of] p1a: Tytannial
|-damage|p2a: Prioritize|69\/271|[from] item: Rocky Helmet|[of] p1a: Tytannial
|-enditem|p1a: Tytannial|Rocky Helmet|[from] move: Knock Off|[of] p2a: Prioritize
|move|p1a: Tytannial|Spikes|p2a: Prioritize
|-sidestart|p2: Wruce Bayne|Spikes
|
|turn|15
|
|move|p2a: Prioritize|Knock Off|p1a: Tytannial
|-damage|p1a: Tytannial|138\/352
|-damage|p2a: Prioritize|36\/271|[from] ability: Iron Barbs|[of] p1a: Tytannial
|move|p1a: Tytannial|Spikes|p2a: Prioritize
|-sidestart|p2: Wruce Bayne|Spikes
|
|turn|16
|
|move|p2a: Prioritize|Knock Off|p1a: Tytannial
|-damage|p1a: Tytannial|62\/352
|-damage|p2a: Prioritize|3\/271|[from] ability: Iron Barbs|[of] p1a: Tytannial
|move|p1a: Tytannial|Spikes|p2a: Prioritize
|-sidestart|p2: Wruce Bayne|Spikes
|
|turn|17
|
|switch|p1a: Predator|Gyarados-Mega, M|37\/331 psn
|-damage|p1a: Predator|0 fnt|[from] Stealth Rock
|faint|p1a: Predator
|move|p2a: Prioritize|Knock Off|p1: Predator|[notarget]
|-notarget
|
|
|switch|p1a: Enten|Landorus, M|319\/319
|-damage|p1a: Enten|280\/319|[from] Stealth Rock
|turn|18
|
|move|p1a: Enten|Earth Power|p2a: Prioritize
|-supereffective|p2a: Prioritize
|-damage|p2a: Prioritize|0 fnt
|faint|p2a: Prioritize
|
|c|âStorm Jesus|nice poison man
|join|I Iike Squirtles
|join|yrs
|
|switch|p2a: AC130|Latios, M|301\/301
|-damage|p2a: AC130|264\/301|[from] Stealth Rock
|turn|19
|leave|yrs
|
|move|p2a: AC130|Draco Meteor|p1a: Enten
|-damage|p1a: Enten|0 fnt
|-unboost|p2a: AC130|spa|2
|-damage|p2a: AC130|234\/301|[from] item: Life Orb
|faint|p1a: Enten
|
|
|switch|p1a: Phantom|Gengar, M|262\/262
|-damage|p1a: Phantom|230\/262|[from] Stealth Rock
|turn|20
|
|move|p1a: Phantom|Shadow Ball|p2a: AC130
|-supereffective|p2a: AC130
|-damage|p2a: AC130|0 fnt
|-damage|p1a: Phantom|204\/262|[from] item: Life Orb
|faint|p2a: AC130
|
|
|switch|p2a: Fr0gger|Greninja, M, shiny|109\/285
|-damage|p2a: Fr0gger|74\/285|[from] Stealth Rock
|-damage|p2a: Fr0gger|3\/285|[from] Spikes
|turn|21
|
|move|p2a: Fr0gger|Ice Beam|p1a: Phantom
|-start|p2a: Fr0gger|typechange|Ice|[from] Protean
|-damage|p1a: Phantom|0 fnt
|-damage|p2a: Fr0gger|0 fnt|[from] item: Life Orb
|faint|p1a: Phantom
|faint|p2a: Fr0gger
|
|join|Jefo
|
|switch|p2a: Babs|Lopunny-Mega, F, shiny|172\/271
|switch|p1a: Tytannial|Ferrothorn, M|62\/352
|-damage|p2a: Babs|105\/271|[from] Spikes
|-damage|p2a: Babs|89\/271|[from] Stealth Rock
|-damage|p1a: Tytannial|40\/352|[from] Stealth Rock
|turn|22
|
|move|p2a: Babs|Return|p1a: Tytannial
|-resisted|p1a: Tytannial
|-damage|p1a: Tytannial|0 fnt
|-damage|p2a: Babs|56\/271|[from] ability: Iron Barbs|[of] p1a: Tytannial
|faint|p1a: Tytannial
|
|win|Wruce Bayne
|raw|Ladder updating...
|leave|Storm Jesus
|player|p1
|raw|Storm Jesus's rating: 1926 &rarr; <strong>1900<\/strong><br \/>(-26 for losing)
|raw|Wruce Bayne's rating: 1802 &rarr; <strong>1829<\/strong><br \/>(+27 for winning)
|leave|Wruce Bayne
|player|p2
|leave|JeffWingr
|leave|rkq
|leave|I Iike Squirtles
|leave|Ox the Box (
|leave|Squirrelll
|leave|A2tehBR
|join|wecameinagiraffe