|join|Storm Jesus
|join|Samurike
|player|p1|Storm Jesus|151
|player|p2|Samurike|220
|gametype|singles
|gen|6
|tier|OU
|rated
|clearpoke
|poke|p1|Gengar, M
|poke|p1|Meloetta
|poke|p1|Gyarados, M
|poke|p1|Ferrothorn, M
|poke|p1|Entei, shiny
|poke|p1|Landorus, M
|poke|p2|Sylveon, M
|poke|p2|Slowbro, M
|poke|p2|Breloom, F
|poke|p2|Trevenant, M
|poke|p2|Talonflame, M
|poke|p2|Clefable, F
|rule|Swagger Clause: Swagger is banned
|rule|Baton Pass Clause: Limit one PokÃ©mon knowing Baton Pass
|rule|Sleep Clause Mod: Limit one foe put to sleep
|rule|Species Clause: Limit one of each PokÃ©mon
|rule|OHKO Clause: OHKO moves are banned
|rule|Moody Clause: Moody is banned
|rule|Evasion Moves Clause: Evasion moves are banned
|rule|Endless Battle Clause: Forcing endless battles is banned
|rule|HP Percentage Mod: HP is shown in percentages
|teampreview
|
|start
|switch|p1a: Mufasa|Entei, shiny|434\/434
|switch|p2a: Sylveon|Sylveon, M|332\/332
|-ability|p1a: Mufasa|Pressure
|turn|1
|
|move|p1a: Mufasa|Sacred Fire|p2a: Sylveon
|-damage|p2a: Sylveon|71\/332
|move|p2a: Sylveon|Hyper Voice|p1a: Mufasa
|-resisted|p1a: Mufasa
|-damage|p1a: Mufasa|311\/434
|
|turn|2
|
|move|p1a: Mufasa|Sacred Fire|p2a: Sylveon|[miss]
|-miss|p1a: Mufasa|p2a: Sylveon
|move|p2a: Sylveon|Hyper Voice|p1a: Mufasa
|-crit|p1a: Mufasa
|-resisted|p1a: Mufasa
|-damage|p1a: Mufasa|122\/434
|
|turn|3
|
|move|p1a: Mufasa|Sacred Fire|p2a: Sylveon
|-damage|p2a: Sylveon|0 fnt
|faint|p2a: Sylveon
|
|
|switch|p2a: Slowbro|Slowbro, M|331\/331
|turn|4
|
|switch|p1a: Phantom|Gengar, M|262\/262
|detailschange|p2a: Slowbro|Slowbro-Mega, M
|message|Slowbro has Mega Evolved into Mega Slowbro!
|move|p2a: Slowbro|Calm Mind|p2a: Slowbro
|-boost|p2a: Slowbro|spa|1
|-boost|p2a: Slowbro|spd|1
|
|turn|5
|
|move|p1a: Phantom|Shadow Ball|p2a: Slowbro
|-supereffective|p2a: Slowbro
|-damage|p2a: Slowbro|126\/331
|-damage|p1a: Phantom|236\/262|[from] item: Life Orb
|move|p2a: Slowbro|Psyshock|p1a: Phantom
|-supereffective|p1a: Phantom
|-damage|p1a: Phantom|0 fnt
|faint|p1a: Phantom
|
|
|switch|p1a: Enten|Landorus, M|319\/319
|turn|6
|
|move|p1a: Enten|Earth Power|p2a: Slowbro
|-damage|p2a: Slowbro|0 fnt
|faint|p2a: Slowbro
|
|
|switch|p2a: Talonflame|Talonflame, M|297\/297
|turn|7
|
|move|p2a: Talonflame|Bulk Up|p2a: Talonflame
|-boost|p2a: Talonflame|atk|1
|-boost|p2a: Talonflame|def|1
|move|p1a: Enten|Psychic|p2a: Talonflame
|-damage|p2a: Talonflame|62\/297
|
|-heal|p2a: Talonflame|80\/297|[from] item: Leftovers
|turn|8
|
|move|p2a: Talonflame|Brave Bird|p1a: Enten
|-damage|p1a: Enten|52\/319
|-damage|p2a: Talonflame|0 fnt|[from] recoil|[of] p1a: Enten
|faint|p2a: Talonflame
|move|p1a: Enten|Psychic|p2: Talonflame|[notarget]
|-notarget
|
|
|switch|p2a: Breloom|Breloom, F|262\/262
|turn|9
|-message|Samurike forfeited.
|
|win|Storm Jesus
|raw|Ladder updating...
|leave|Samurike
|player|p2
|raw|Storm Jesus's rating: 1169 &rarr; <strong>1191<\/strong><br \/>(+22 for winning)
|raw|Samurike's rating: 1134 &rarr; <strong>1112<\/strong><br \/>(-22 for losing)
|leave|Storm Jesus
|player|p1