|join|Storm Jesus
|join|idarki
|player|p1|Storm Jesus|151
|player|p2|idarki|1
|gametype|singles
|gen|6
|tier|OU
|rated
|clearpoke
|poke|p1|Garchomp, M
|poke|p1|Ferrothorn, M
|poke|p1|Landorus, M
|poke|p1|Aegislash, M
|poke|p1|Conkeldurr, M
|poke|p1|Suicune
|poke|p2|Gothitelle, F
|poke|p2|Entei, shiny
|poke|p2|Scizor, M
|poke|p2|Thundurus, M
|poke|p2|Azumarill, M
|poke|p2|Ferrothorn, M
|rule|Sleep Clause Mod: Limit one foe put to sleep
|rule|Species Clause: Limit one of each Pokemon
|rule|OHKO Clause: OHKO moves are banned
|rule|Moody Clause: Moody is banned
|rule|Evasion Moves Clause: Evasion moves are banned
|rule|Endless Battle Clause: Forcing endless battles is banned.
|rule|HP Percentage Mod: HP is reported as percentages
|teampreview
|chat|Storm Jesus|hey darki
|chat|Storm Jesus|:)
|chat|Storm Jesus|glhf
|chat|idarki|hey
|chat|idarki|gl
|
|start
|switch|p1a: Zangetsu|Garchomp, M|358\/358
|switch|p2a: Azumarill|Azumarill, M|403\/403
|turn|1
|
|detailschange|p1a: Zangetsu|Garchomp-Mega, M
|message|Garchomp has Mega Evolved into Mega Garchomp!
|move|p1a: Zangetsu|Earthquake|p2a: Azumarill
|-damage|p2a: Azumarill|142\/403
|move|p2a: Azumarill|Play Rough|p1a: Zangetsu
|-supereffective|p1a: Zangetsu
|-damage|p1a: Zangetsu|22\/358
|
|turn|2
|
|switch|p2a: Thundurus|Thundurus, M|301\/301
|move|p1a: Zangetsu|Earthquake|p2a: Thundurus
|-immune|p2a: Thundurus|[msg]
|
|turn|3
|
|move|p2a: Thundurus|Hidden Power|p1a: Zangetsu
|-supereffective|p1a: Zangetsu
|-damage|p1a: Zangetsu|0 fnt
|-damage|p2a: Thundurus|271\/301|[from] item: Life Orb
|faint|p1a: Zangetsu
|
|
|switch|p1a: Knight|Aegislash, M|324\/324
|turn|4
|
|switch|p2a: Ferrothorn|Ferrothorn, M|352\/352
|-formechange|p1a: Knight|Aegislash-Blade
|move|p1a: Knight|Shadow Ball|p2a: Ferrothorn
|-damage|p2a: Ferrothorn|199\/352
|-unboost|p2a: Ferrothorn|spd|1
|
|turn|5
|
|switch|p2a: Azumarill|Azumarill, M|142\/403
|move|p1a: Knight|Substitute|p1a: Knight
|-start|p1a: Knight|Substitute
|-damage|p1a: Knight|243\/324
|
|-heal|p1a: Knight|263\/324|[from] item: Leftovers
|turn|6
|
|-formechange|p1a: Knight|Aegislash
|move|p1a: Knight|King's Shield|p1a: Knight
|-singleturn|p1a: Knight|Protect
|move|p2a: Azumarill|Knock Off|p1a: Knight
|-activate|p1a: Knight|Protect
|-unboost|p2a: Azumarill|atk|2
|
|-heal|p1a: Knight|283\/324|[from] item: Leftovers
|turn|7
|
|-formechange|p1a: Knight|Aegislash-Blade
|move|p1a: Knight|Shadow Ball|p2a: Azumarill
|-damage|p2a: Azumarill|6\/403
|-unboost|p2a: Azumarill|spd|1
|move|p2a: Azumarill|Knock Off|p1a: Knight
|-supereffective|p1a: Knight
|-end|p1a: Knight|Substitute
|
|-heal|p1a: Knight|303\/324|[from] item: Leftovers
|turn|8
|
|switch|p2a: Scizor|Scizor, M|336\/336
|-formechange|p1a: Knight|Aegislash
|move|p1a: Knight|King's Shield|p1a: Knight
|-fail|p1a: Knight
|
|-heal|p1a: Knight|323\/324|[from] item: Leftovers
|turn|9
|
|switch|p1a: Hentai|Ferrothorn, M|352\/352
|detailschange|p2a: Scizor|Scizor-Mega, M
|message|Scizor has Mega Evolved into Mega Scizor!
|move|p2a: Scizor|Knock Off|p1a: Hentai
|-damage|p1a: Hentai|273\/352
|-damage|p2a: Scizor|294\/336|[from] ability: Iron Barbs|[of] p1a: Hentai
|-damage|p2a: Scizor|238\/336|[from] item: Rocky Helmet|[of] p1a: Hentai
|-enditem|p1a: Hentai|Rocky Helmet|[from] move: Knock Off|[of] p2a: Scizor
|
|turn|10
|
|switch|p2a: Entei|Entei, shiny|373\/373
|-ability|p2a: Entei|Pressure
|move|p1a: Hentai|Leech Seed|p2a: Entei
|-start|p2a: Entei|move: Leech Seed
|
|-damage|p2a: Entei|327\/373|[from] Leech Seed|[of] p1a: Hentai
|-heal|p1a: Hentai|319\/352|[silent]
|turn|11
|
|switch|p2a: Gothitelle|Gothitelle, F|291\/291
|move|p1a: Hentai|Protect|p1a: Hentai
|-fail|p1a: Hentai
|
|turn|12
|
|move|p2a: Gothitelle|Trick|p1a: Hentai
|-activate|p2a: Gothitelle|move: Trick|[of] p1a: Hentai
|-item|p1a: Hentai|Choice Specs|[from] move: Trick
|move|p1a: Hentai|Stealth Rock|p2a: Gothitelle
|-sidestart|p2: idarki|move: Stealth Rock
|
|turn|13
|
|move|p2a: Gothitelle|Psychic|p1a: Hentai
|-resisted|p1a: Hentai
|-damage|p1a: Hentai|251\/352
|move|p1a: Hentai|Stealth Rock|p2a: Gothitelle
|-fail|p2a: Gothitelle
|
|turn|14
|
|move|p2a: Gothitelle|Psychic|p1a: Hentai
|-resisted|p1a: Hentai
|-damage|p1a: Hentai|188\/352
|move|p1a: Hentai|Stealth Rock|p2a: Gothitelle
|-fail|p2a: Gothitelle
|
|turn|15
|
|move|p2a: Gothitelle|Psychic|p1a: Hentai
|-resisted|p1a: Hentai
|-damage|p1a: Hentai|121\/352
|move|p1a: Hentai|Stealth Rock|p2a: Gothitelle
|-fail|p2a: Gothitelle
|
|turn|16
|
|move|p2a: Gothitelle|Psychic|p1a: Hentai
|-resisted|p1a: Hentai
|-damage|p1a: Hentai|54\/352
|move|p1a: Hentai|Stealth Rock|p2a: Gothitelle
|-fail|p2a: Gothitelle
|
|turn|17
|
|move|p2a: Gothitelle|Trick|p1a: Hentai
|-activate|p2a: Gothitelle|move: Trick|[of] p1a: Hentai
|-item|p2a: Gothitelle|Choice Specs|[from] move: Trick
|move|p1a: Hentai|Stealth Rock|p2a: Gothitelle
|-fail|p2a: Gothitelle
|
|turn|18
|
|move|p2a: Gothitelle|Psychic|p1a: Hentai
|-resisted|p1a: Hentai
|-damage|p1a: Hentai|0 fnt
|faint|p1a: Hentai
|
|
|switch|p1a: Knight|Aegislash, M|323\/324
|turn|19
|
|switch|p2a: Azumarill|Azumarill, M|6\/403
|-damage|p2a: Azumarill|0 fnt|[from] Stealth Rock
|faint|p2a: Azumarill
|switch|p1a: Enten|Landorus, M|320\/320
|
|
|switch|p2a: Gothitelle|Gothitelle, F|291\/291
|-damage|p2a: Gothitelle|255\/291|[from] Stealth Rock
|turn|20
|
|move|p1a: Enten|Earth Power|p2a: Gothitelle
|-damage|p2a: Gothitelle|21\/291
|move|p2a: Gothitelle|Hidden Power|p1a: Enten
|-supereffective|p1a: Enten
|-damage|p1a: Enten|0 fnt
|faint|p1a: Enten
|
|
|switch|p1a: Crocune|Suicune|404\/404
|-ability|p1a: Crocune|Pressure
|turn|21
|
|switch|p2a: Scizor|Scizor-Mega, M|238\/336
|-damage|p2a: Scizor|196\/336|[from] Stealth Rock
|move|p1a: Crocune|Calm Mind|p1a: Crocune
|-boost|p1a: Crocune|spa|1
|-boost|p1a: Crocune|spd|1
|
|turn|22
|
|move|p1a: Crocune|Scald|p2a: Scizor
|-damage|p2a: Scizor|66\/336
|move|p2a: Scizor|Defog|p1a: Crocune
|-unboost|p1a: Crocune|evasion|1
|-sideend|p2: idarki|Stealth Rock|[from] move: Defog|[of] p2a: Scizor
|
|turn|23
|
|move|p1a: Crocune|Scald|p2a: Scizor
|-damage|p2a: Scizor|0 fnt
|faint|p2a: Scizor
|
|
|switch|p2a: Gothitelle|Gothitelle, F|21\/291
|turn|24
|
|move|p2a: Gothitelle|Thunderbolt|p1a: Crocune
|-supereffective|p1a: Crocune
|-damage|p1a: Crocune|236\/404
|move|p1a: Crocune|Calm Mind|p1a: Crocune
|-boost|p1a: Crocune|spa|1
|-boost|p1a: Crocune|spd|1
|
|-heal|p1a: Crocune|261\/404|[from] item: Leftovers
|turn|25
|
|move|p2a: Gothitelle|Thunderbolt|p1a: Crocune
|-supereffective|p1a: Crocune
|-damage|p1a: Crocune|141\/404
|move|p1a: Crocune|Rest|p1a: Crocune
|-status|p1a: Crocune|slp
|-heal|p1a: Crocune|404\/404 slp|[silent]
|-status|p1a: Crocune|slp|[from] move: Rest
|
|turn|26
|
|switch|p2a: Ferrothorn|Ferrothorn, M|199\/352
|cant|p1a: Crocune|slp
|move|p1a: Crocune|Sleep Talk|p1a: Crocune
|move|p1a: Crocune|Scald|p2a: Ferrothorn|[from]Sleep Talk
|-resisted|p2a: Ferrothorn
|-damage|p2a: Ferrothorn|119\/352
|
|turn|27
|
|switch|p2a: Gothitelle|Gothitelle, F|21\/291
|cant|p1a: Crocune|slp
|move|p1a: Crocune|Sleep Talk|p1a: Crocune
|move|p1a: Crocune|Scald|p2a: Gothitelle|[from]Sleep Talk
|-damage|p2a: Gothitelle|0 fnt
|faint|p2a: Gothitelle
|
|
|switch|p2a: Ferrothorn|Ferrothorn, M|119\/352
|turn|28
|
|-curestatus|p1a: Crocune|slp
|move|p1a: Crocune|Scald|p2a: Ferrothorn
|-resisted|p2a: Ferrothorn
|-damage|p2a: Ferrothorn|39\/352
|move|p2a: Ferrothorn|Leech Seed|p1a: Crocune
|-start|p1a: Crocune|move: Leech Seed
|
|-damage|p1a: Crocune|354\/404|[from] Leech Seed|[of] p2a: Ferrothorn
|-heal|p2a: Ferrothorn|89\/352|[silent]
|turn|29
|
|move|p1a: Crocune|Scald|p2a: Ferrothorn
|-resisted|p2a: Ferrothorn
|-damage|p2a: Ferrothorn|10\/352
|move|p2a: Ferrothorn|Power Whip|p1a: Crocune
|-supereffective|p1a: Crocune
|-damage|p1a: Crocune|184\/404
|
|-heal|p1a: Crocune|209\/404|[from] item: Leftovers
|-damage|p1a: Crocune|159\/404|[from] Leech Seed|[of] p2a: Ferrothorn
|-heal|p2a: Ferrothorn|60\/352|[silent]
|turn|30
|
|move|p1a: Crocune|Scald|p2a: Ferrothorn
|-resisted|p2a: Ferrothorn
|-damage|p2a: Ferrothorn|0 fnt
|faint|p2a: Ferrothorn
|
|-heal|p1a: Crocune|184\/404|[from] item: Leftovers
|
|switch|p2a: Thundurus|Thundurus, M|271\/301
|turn|31
|
|move|p2a: Thundurus|Thunderbolt|p1a: Crocune
|-supereffective|p1a: Crocune
|-damage|p1a: Crocune|0 fnt
|-damage|p2a: Thundurus|241\/301|[from] item: Life Orb
|faint|p1a: Crocune
|
|
|switch|p1a: Knight|Aegislash, M|323\/324
|turn|32
|
|move|p2a: Thundurus|Thunderbolt|p1a: Knight
|-damage|p1a: Knight|190\/324
|-damage|p2a: Thundurus|211\/301|[from] item: Life Orb
|-formechange|p1a: Knight|Aegislash-Blade
|move|p1a: Knight|Shadow Ball|p2a: Thundurus
|-damage|p2a: Thundurus|9\/301
|
|-heal|p1a: Knight|210\/324|[from] item: Leftovers
|turn|33
|
|-formechange|p1a: Knight|Aegislash
|move|p1a: Knight|King's Shield|p1a: Knight
|-singleturn|p1a: Knight|Protect
|move|p2a: Thundurus|Thunderbolt|p1a: Knight
|-activate|p1a: Knight|Protect
|
|-heal|p1a: Knight|230\/324|[from] item: Leftovers
|turn|34
|
|move|p2a: Thundurus|Taunt|p1a: Knight
|-start|p1a: Knight|move: Taunt
|cant|p1a: Knight|move: Taunt|Substitute
|
|-heal|p1a: Knight|250\/324|[from] item: Leftovers
|turn|35
|
|move|p2a: Thundurus|Thunderbolt|p1a: Knight
|-damage|p1a: Knight|94\/324
|-damage|p2a: Thundurus|0 fnt|[from] item: Life Orb
|faint|p2a: Thundurus
|-formechange|p1a: Knight|Aegislash-Blade
|move|p1a: Knight|Shadow Ball|p2: Thundurus|[notarget]
|-notarget
|
|-heal|p1a: Knight|114\/324|[from] item: Leftovers
|
|switch|p2a: Entei|Entei, shiny|327\/373
|-ability|p2a: Entei|Pressure
|turn|36
|
|move|p2a: Entei|Sacred Fire|p1a: Knight
|-supereffective|p1a: Knight
|-damage|p1a: Knight|0 fnt
|faint|p1a: Knight
|
|
|switch|p1a: Heihachi|Conkeldurr, M|414\/414
|turn|37
|
|move|p2a: Entei|Sacred Fire|p1a: Heihachi
|-damage|p1a: Heihachi|146\/414
|move|p1a: Heihachi|Drain Punch|p2a: Entei
|-damage|p2a: Entei|39\/373
|-heal|p1a: Heihachi|290\/414|[from] drain|[of] p2a: Entei
|
|turn|38
|chat|idarki|wow
|
|move|p2a: Entei|Sacred Fire|p1a: Heihachi
|-damage|p1a: Heihachi|4\/414
|-status|p1a: Heihachi|brn
|move|p1a: Heihachi|Drain Punch|p2a: Entei
|-damage|p2a: Entei|0 fnt
|-heal|p1a: Heihachi|24\/414 brn|[from] drain|[of] p2a: Entei
|faint|p2a: Entei
|
|win|Storm Jesus
|raw|Ladder updating...
|raw|Storm Jesus's rating: 1803 &rarr; <strong>1823<\/strong><br \/>(+20 for winning)
|raw|idarki's rating: 1806 &rarr; <strong>1786<\/strong><br \/>(-20 for losing)
|chat|Storm Jesus|banded man
|chat|Storm Jesus|gg
|chat|Storm Jesus|:)
|chat|idarki|gg
|leave|Storm Jesus
|player|p1