|join|Storm Jesus
|join|CleanerThanRotom-W
|player|p1|Storm Jesus|151
|player|p2|CleanerThanRotom-W|226
|gametype|singles
|gen|6
|tier|OU
|rated
|clearpoke
|poke|p1|Gengar, M
|poke|p1|Meloetta
|poke|p1|Conkeldurr, M
|poke|p1|Gyarados, M
|poke|p1|Ferrothorn, M
|poke|p1|Landorus, M
|poke|p2|Sableye, M
|poke|p2|Chansey, F
|poke|p2|Cresselia, F
|poke|p2|Gothitelle, M
|poke|p2|Skarmory, M
|poke|p2|Quagsire, F
|rule|Swagger Clause: Swagger is banned
|rule|Baton Pass Clause: Limit one PokÃ©mon knowing Baton Pass
|rule|Sleep Clause Mod: Limit one foe put to sleep
|rule|Species Clause: Limit one of each PokÃ©mon
|rule|OHKO Clause: OHKO moves are banned
|rule|Moody Clause: Moody is banned
|rule|Evasion Moves Clause: Evasion moves are banned
|rule|Endless Battle Clause: Forcing endless battles is banned
|rule|HP Percentage Mod: HP is shown in percentages
|teampreview
|c|âStorm Jesus|u nvr thought youd see me up ladder again....
|c|âStorm Jesus|lel
|c|âCleanerThanRotom-W|lol
|
|start
|switch|p1a: Enten|Landorus, M|319\/319
|switch|p2a: Sableye|Sableye, M|303\/303
|turn|1
|
|detailschange|p2a: Sableye|Sableye-Mega, M
|-mega|p2a: Sableye|Sableye|Sablenite
|move|p1a: Enten|Earth Power|p2a: Sableye
|-damage|p2a: Sableye|126\/303
|move|p2a: Sableye|Snarl|p1a: Enten
|-crit|p1a: Enten
|-damage|p1a: Enten|202\/319
|-unboost|p1a: Enten|spa|1
|
|turn|2
|
|move|p1a: Enten|Earth Power|p2a: Sableye
|-damage|p2a: Sableye|21\/303
|move|p2a: Sableye|Recover|p2a: Sableye
|-heal|p2a: Sableye|173\/303
|
|turn|3
|
|switch|p1a: Phantom|Gengar, M|262\/262
|move|p2a: Sableye|Recover|p2a: Sableye
|-heal|p2a: Sableye|303\/303
|
|turn|4
|
|move|p1a: Phantom|Shadow Ball|p2a: Sableye
|-damage|p2a: Sableye|185\/303
|-damage|p1a: Phantom|236\/262|[from] item: Life Orb
|move|p2a: Sableye|Snarl|p1a: Phantom
|-supereffective|p1a: Phantom
|-damage|p1a: Phantom|102\/262
|-unboost|p1a: Phantom|spa|1
|
|turn|5
|
|switch|p1a: Zelda|Meloetta|404\/404
|move|p2a: Sableye|Recover|p2a: Sableye
|-heal|p2a: Sableye|303\/303
|
|turn|6
|
|move|p1a: Zelda|Skill Swap|p2a: Sableye
|-activate|p1a: Zelda|move: Skill Swap|Magic Bounce|Serene Grace|[of] p2a: Sableye
|move|p2a: Sableye|Snarl|p1a: Zelda
|-supereffective|p1a: Zelda
|-damage|p1a: Zelda|318\/404
|-unboost|p1a: Zelda|spa|1
|
|-heal|p1a: Zelda|343\/404|[from] item: Leftovers
|turn|7
|join|bintop
|
|switch|p1a: Tytannial|Ferrothorn, M|352\/352
|switch|p2a: Chansey|Chansey, F|703\/703
|
|turn|8
|
|move|p2a: Chansey|Stealth Rock|p1a: Tytannial
|-sidestart|p1: Storm Jesus|move: Stealth Rock
|move|p1a: Tytannial|Stealth Rock|p2a: Chansey
|-sidestart|p2: CleanerThanRotom-W|move: Stealth Rock
|
|turn|9
|
|switch|p2a: Skarmory|Skarmory, M|334\/334
|-damage|p2a: Skarmory|293\/334|[from] Stealth Rock
|switch|p1a: Heihachi|Conkeldurr, M|383\/383
|-damage|p1a: Heihachi|360\/383|[from] Stealth Rock
|
|turn|10
|c| bintop|whats the point storm? ive seen you play this match up with rotom's team too many times.
|c| bintop|you lost every single time
|c| bintop|might as well forfeit.
|
|move|p2a: Skarmory|Defog|p1a: Heihachi
|-unboost|p1a: Heihachi|evasion|1
|-sideend|p1: Storm Jesus|Stealth Rock|[from] move: Defog|[of] p1a: Heihachi
|-sideend|p2: CleanerThanRotom-W|Stealth Rock|[from] move: Defog|[of] p2a: Skarmory
|move|p1a: Heihachi|Knock Off|p2a: Skarmory
|-damage|p2a: Skarmory|233\/334
|-enditem|p2a: Skarmory|Shed Shell|[from] move: Knock Off|[of] p1a: Heihachi
|
|turn|11
|join|Thowsand Sunny
|c|âStorm Jesus|I have a plan
|c|âStorm Jesus|lol
|leave|Thowsand Sunny
|c| bintop|lol
|
|switch|p2a: Cresselia|Cresselia, F|444\/444
|move|p1a: Heihachi|Drain Punch|p2a: Cresselia
|-resisted|p2a: Cresselia
|-damage|p2a: Cresselia|393\/444
|-heal|p1a: Heihachi|383\/383|[from] drain|[of] p2a: Cresselia
|
|-heal|p2a: Cresselia|420\/444|[from] item: Leftovers
|turn|12
|
|switch|p2a: Sableye|Sableye-Mega, M|303\/303
|move|p1a: Heihachi|Knock Off|p2a: Sableye
|-damage|p2a: Sableye|244\/303
|
|turn|13
|c|âStorm Jesus|have to beat that freaking cress
|
|move|p1a: Heihachi|Ice Punch|p2a: Sableye
|-damage|p2a: Sableye|176\/303
|move|p2a: Sableye|Recover|p2a: Sableye
|-heal|p2a: Sableye|303\/303
|
|turn|14
|
|move|p1a: Heihachi|Ice Punch|p2a: Sableye
|-damage|p2a: Sableye|229\/303
|move|p2a: Sableye|Will-O-Wisp|p1a: Heihachi
|-status|p1a: Heihachi|brn
|
|-damage|p1a: Heihachi|336\/383 brn|[from] brn
|turn|15
|
|move|p1a: Heihachi|Ice Punch|p2a: Sableye
|-crit|p2a: Sableye
|-damage|p2a: Sableye|57\/303
|move|p2a: Sableye|Recover|p2a: Sableye
|-heal|p2a: Sableye|209\/303
|
|-damage|p1a: Heihachi|289\/383 brn|[from] brn
|turn|16
|
|move|p1a: Heihachi|Ice Punch|p2a: Sableye
|-damage|p2a: Sableye|97\/303
|move|p2a: Sableye|Recover|p2a: Sableye
|-heal|p2a: Sableye|249\/303
|
|-damage|p1a: Heihachi|242\/383 brn|[from] brn
|turn|17
|
|switch|p2a: Skarmory|Skarmory, M|233\/334
|move|p1a: Heihachi|Ice Punch|p2a: Skarmory
|-damage|p2a: Skarmory|153\/334
|
|-damage|p1a: Heihachi|195\/383 brn|[from] brn
|turn|18
|
|switch|p2a: Cresselia|Cresselia, F|420\/444
|move|p1a: Heihachi|Drain Punch|p2a: Cresselia
|-resisted|p2a: Cresselia
|-damage|p2a: Cresselia|339\/444
|-heal|p1a: Heihachi|236\/383 brn|[from] drain|[of] p2a: Cresselia
|
|-heal|p2a: Cresselia|366\/444|[from] item: Leftovers
|-damage|p1a: Heihachi|189\/383 brn|[from] brn
|turn|19
|
|move|p2a: Cresselia|Psyshock|p1a: Heihachi
|-supereffective|p1a: Heihachi
|-damage|p1a: Heihachi|25\/383 brn
|move|p1a: Heihachi|Knock Off|p2a: Cresselia
|-supereffective|p2a: Cresselia
|-damage|p2a: Cresselia|108\/444
|-enditem|p2a: Cresselia|Leftovers|[from] move: Knock Off|[of] p1a: Heihachi
|
|-damage|p1a: Heihachi|0 fnt|[from] brn
|faint|p1a: Heihachi
|
|switch|p1a: Phantom|Gengar, M|102\/262
|turn|20
|join|nathaaan
|
|switch|p2a: Sableye|Sableye-Mega, M|249\/303
|move|p1a: Phantom|Shadow Ball|p2a: Sableye
|-damage|p2a: Sableye|120\/303
|-damage|p1a: Phantom|76\/262|[from] item: Life Orb
|
|turn|21
|
|switch|p2a: Chansey|Chansey, F|703\/703
|move|p1a: Phantom|Shadow Ball|p2a: Chansey
|-immune|p2a: Chansey|[msg]
|
|turn|22
|
|switch|p2a: Gothitelle|Gothitelle, M|301\/301
|move|p1a: Phantom|Taunt|p2a: Gothitelle
|-start|p2a: Gothitelle|move: Taunt
|
|turn|23
|
|switch|p2a: Sableye|Sableye-Mega, M|120\/303
|move|p1a: Phantom|Shadow Ball|p2a: Sableye
|-damage|p2a: Sableye|0 fnt
|-damage|p1a: Phantom|50\/262|[from] item: Life Orb
|faint|p2a: Sableye
|
|c|âStorm Jesus|:)
|c|âStorm Jesus|that no ferro switch...
|
|switch|p2a: Gothitelle|Gothitelle, M|301\/301
|turn|24
|c|âStorm Jesus|literally almost did it
|c| bintop|heh
|
|switch|p1a: Tytannial|Ferrothorn, M|352\/352
|move|p2a: Gothitelle|Trick|p1a: Tytannial
|-activate|p2a: Gothitelle|move: Trick|[of] p1a: Tytannial
|-item|p1a: Tytannial|Choice Scarf|[from] move: Trick
|-item|p2a: Gothitelle|Rocky Helmet|[from] move: Trick
|
|turn|25
|
|move|p2a: Gothitelle|Calm Mind|p2a: Gothitelle
|-boost|p2a: Gothitelle|spa|1
|-boost|p2a: Gothitelle|spd|1
|move|p1a: Tytannial|Gyro Ball|p2a: Gothitelle
|-damage|p2a: Gothitelle|192\/301
|-damage|p1a: Tytannial|294\/352|[from] item: Rocky Helmet|[of] p2a: Gothitelle
|
|turn|26
|c|âStorm Jesus|no lefties
|
|move|p2a: Gothitelle|Psychic|p1a: Tytannial
|-resisted|p1a: Tytannial
|-damage|p1a: Tytannial|213\/352
|move|p1a: Tytannial|Gyro Ball|p2a: Gothitelle
|-damage|p2a: Gothitelle|86\/301
|-damage|p1a: Tytannial|155\/352|[from] item: Rocky Helmet|[of] p2a: Gothitelle
|
|turn|27
|c|âStorm Jesus|so cm goth loses bc of rest
|
|move|p2a: Gothitelle|Psychic|p1a: Tytannial
|-resisted|p1a: Tytannial
|-damage|p1a: Tytannial|68\/352
|move|p1a: Tytannial|Gyro Ball|p2a: Gothitelle
|-damage|p2a: Gothitelle|0 fnt
|-damage|p1a: Tytannial|10\/352|[from] item: Rocky Helmet|[of] p2a: Gothitelle
|faint|p2a: Gothitelle
|
|c| bintop|rotom is making very questionable plays tbh
|
|switch|p2a: Cresselia|Cresselia, F|108\/444
|turn|28
|join|FUQ GLISCORE
|
|switch|p1a: Phantom|Gengar, M|50\/262
|move|p2a: Cresselia|Moonlight|p2a: Cresselia
|-heal|p2a: Cresselia|330\/444
|
|turn|29
|
|switch|p2a: Chansey|Chansey, F|703\/703
|move|p1a: Phantom|Shadow Ball|p2a: Chansey
|-immune|p2a: Chansey|[msg]
|
|turn|30
|
|move|p1a: Phantom|Taunt|p2a: Chansey
|-start|p2a: Chansey|move: Taunt
|move|p2a: Chansey|Seismic Toss|p1a: Phantom
|-immune|p1a: Phantom|[msg]
|
|turn|31
|
|move|p1a: Phantom|Shadow Ball|p2a: Chansey
|-immune|p2a: Chansey|[msg]
|move|p2a: Chansey|Seismic Toss|p1a: Phantom
|-immune|p1a: Phantom|[msg]
|
|turn|32
|
|move|p1a: Phantom|Shadow Ball|p2a: Chansey
|-immune|p2a: Chansey|[msg]
|move|p2a: Chansey|Seismic Toss|p1a: Phantom
|-immune|p1a: Phantom|[msg]
|
|-end|p2a: Chansey|move: Taunt
|turn|33
|
|move|p1a: Phantom|Taunt|p2a: Chansey
|-start|p2a: Chansey|move: Taunt
|cant|p2a: Chansey|move: Taunt|Stealth Rock
|
|turn|34
|
|switch|p1a: Tytannial|Ferrothorn, M|10\/352
|move|p2a: Chansey|Seismic Toss|p1a: Tytannial
|-damage|p1a: Tytannial|0 fnt
|-damage|p2a: Chansey|616\/703|[from] ability: Iron Barbs|[of] p1a: Tytannial
|faint|p1a: Tytannial
|
|
|switch|p1a: Enten|Landorus, M|202\/319
|turn|35
|
|switch|p2a: Cresselia|Cresselia, F|330\/444
|move|p1a: Enten|Knock Off|p2a: Cresselia
|-crit|p2a: Cresselia
|-supereffective|p2a: Cresselia
|-damage|p2a: Cresselia|138\/444
|-damage|p1a: Enten|171\/319|[from] item: Life Orb
|
|turn|36
|c|âCleanerThanRotom-W|if i dont live that cost me the game
|
|switch|p1a: Phantom|Gengar, M|50\/262
|move|p2a: Cresselia|Moonlight|p2a: Cresselia
|-heal|p2a: Cresselia|360\/444
|
|turn|37
|c|âStorm Jesus|u still have the game
|
|switch|p2a: Chansey|Chansey, F|616\/703
|move|p1a: Phantom|Shadow Ball|p2a: Chansey
|-immune|p2a: Chansey|[msg]
|
|turn|38
|join|CleanerThanCosine
|
|move|p1a: Phantom|Taunt|p2a: Chansey
|-start|p2a: Chansey|move: Taunt
|move|p2a: Chansey|Seismic Toss|p1a: Phantom
|-immune|p1a: Phantom|[msg]
|
|turn|39
|
|move|p1a: Phantom|Focus Blast|p2a: Chansey
|-supereffective|p2a: Chansey
|-damage|p2a: Chansey|356\/703
|-damage|p1a: Phantom|24\/262|[from] item: Life Orb
|move|p2a: Chansey|Seismic Toss|p1a: Phantom
|-immune|p1a: Phantom|[msg]
|
|turn|40
|
|switch|p2a: Skarmory|Skarmory, M|153\/334
|move|p1a: Phantom|Shadow Ball|p2a: Skarmory
|-crit|p2a: Skarmory
|-damage|p2a: Skarmory|0 fnt
|-damage|p1a: Phantom|0 fnt|[from] item: Life Orb
|faint|p2a: Skarmory
|faint|p1a: Phantom
|
|c| bintop|damn
|c| bintop|did that matter?
|
|switch|p1a: Zelda|Meloetta|343\/404
|switch|p2a: Cresselia|Cresselia, F|360\/444
|turn|41
|c| CleanerThanCosine|sh
|c|âStorm Jesus|no lol
|
|move|p1a: Zelda|Substitute|p1a: Zelda
|-start|p1a: Zelda|Substitute
|-damage|p1a: Zelda|242\/404
|move|p2a: Cresselia|Toxic|p1a: Zelda
|
|-heal|p1a: Zelda|267\/404|[from] item: Leftovers
|turn|42
|c|âStorm Jesus|after sableye dies
|c|âStorm Jesus|he forgets he cant beat this
|
|switch|p2a: Quagsire|Quagsire, F|393\/393
|move|p1a: Zelda|Calm Mind|p1a: Zelda
|-boost|p1a: Zelda|spa|1
|-boost|p1a: Zelda|spd|1
|
|-heal|p1a: Zelda|292\/404|[from] item: Leftovers
|turn|43
|
|move|p1a: Zelda|Calm Mind|p1a: Zelda
|-boost|p1a: Zelda|spa|1
|-boost|p1a: Zelda|spd|1
|move|p2a: Quagsire|Earthquake|p1a: Zelda
|-activate|p1a: Zelda|Substitute|[damage]
|
|-heal|p1a: Zelda|317\/404|[from] item: Leftovers
|turn|44
|c| bintop|yea... that sableye switch in was weird.
|c|âStorm Jesus|he predicted ferro switch
|
|switch|p2a: Chansey|Chansey, F|356\/703
|move|p1a: Zelda|Calm Mind|p1a: Zelda
|-boost|p1a: Zelda|spa|1
|-boost|p1a: Zelda|spd|1
|
|-heal|p1a: Zelda|342\/404|[from] item: Leftovers
|turn|45
|c| bintop|oh
|
|move|p1a: Zelda|Psyshock|p2a: Chansey
|-damage|p2a: Chansey|0 fnt
|faint|p2a: Chansey
|
|-heal|p1a: Zelda|367\/404|[from] item: Leftovers
|-message|CleanerThanRotom-W forfeited.
|
|win|Storm Jesus
|raw|Ladder updating...
|leave|CleanerThanRotom-W
|player|p2
|c| bintop|wow...
|c| bintop|storm
|c|âStorm Jesus|skillswap meloetta
|c| bintop|you won?
|c| bintop|wow
|c|âStorm Jesus|yea
|c| bintop|you want
|c| bintop|won*
|leave|CleanerThanCosine
|c| bintop|omg...
|c|âStorm Jesus|I am tired
|c|âStorm Jesus|of losing
|raw|Ladder (probably) updated, but score could not be retrieved (timeout).
|c|âStorm Jesus|to this guy
|c| bintop|dude
|raw|Ladder (probably) updated, but score could not be retrieved (Error: socket hang up).
|c| bintop|im proud of u lol
|c|âStorm Jesus|.............
|c|âStorm Jesus|socket
|c|âStorm Jesus|;-;
|c| bintop|good job.
|leave|bintop