|join|Storm Jesus
|join|Jyexo
|player|p1|Storm Jesus|151
|player|p2|Jyexo|8
|gametype|singles
|gen|6
|tier|OU (suspect test)
|rated
|clearpoke
|poke|p1|Tentacruel, M
|poke|p1|Zapdos
|poke|p1|Clefable, M
|poke|p1|Dragonite, M
|poke|p1|Jirachi
|poke|p1|Breloom, M
|poke|p2|Breloom, F
|poke|p2|Mamoswine, F
|poke|p2|Magnezone
|poke|p2|Latios, M
|poke|p2|Garchomp, F
|poke|p2|Charizard, F, shiny
|rule|Swagger Clause: Swagger is banned
|rule|Baton Pass Clause: Limit one PokÃ©mon knowing Baton Pass
|rule|Sleep Clause Mod: Limit one foe put to sleep
|rule|Species Clause: Limit one of each PokÃ©mon
|rule|OHKO Clause: OHKO moves are banned
|rule|Moody Clause: Moody is banned
|rule|Evasion Moves Clause: Evasion moves are banned
|rule|Endless Battle Clause: Forcing endless battles is banned
|rule|HP Percentage Mod: HP is shown in percentages
|teampreview
|join|bluri
|join|snickersmadness
|c| snickersmadness|bluri
|
|start
|switch|p1a: Crescent|Clefable, M|394\/394
|switch|p2a: Mamoswine|Mamoswine, F|424\/424
|turn|1
|c| snickersmadness|am I making da paste then
|join|arttt
|c| bluri|bro i want
|
|switch|p1a: Detective|Breloom, M|324\/324
|move|p2a: Mamoswine|Stealth Rock|p1a: Detective
|-sidestart|p1: Storm Jesus|move: Stealth Rock
|
|-status|p1a: Detective|tox|[from] item: Toxic Orb
|turn|2
|c| bluri|watch harry potter
|c| snickersmadness|lol
|c| bluri|it will coe in 7minutes
|c| bluri|;D
|
|move|p2a: Mamoswine|Ice Shard|p1a: Detective
|-supereffective|p1a: Detective
|-damage|p1a: Detective|170\/324 tox
|move|p1a: Detective|Drain Punch|p2a: Mamoswine
|-supereffective|p2a: Mamoswine
|-damage|p2a: Mamoswine|140\/424
|-heal|p1a: Detective|312\/324 tox|[from] drain|[of] p2a: Mamoswine
|
|-heal|p1a: Detective|324\/324 tox|[from] ability: Poison Heal
|turn|3
|c|âStorm Jesus|harry potter is cool
|c| bluri|OFC :
|c| bluri|:D
|
|move|p2a: Mamoswine|Ice Shard|p1a: Detective
|-supereffective|p1a: Detective
|-damage|p1a: Detective|180\/324 tox
|move|p1a: Detective|Drain Punch|p2a: Mamoswine
|-supereffective|p2a: Mamoswine
|-damage|p2a: Mamoswine|0 fnt
|-heal|p1a: Detective|250\/324 tox|[from] drain|[of] p2a: Mamoswine
|faint|p2a: Mamoswine
|
|-heal|p1a: Detective|290\/324 tox|[from] ability: Poison Heal
|
|switch|p2a: Charizard|Charizard, F, shiny|298\/298
|turn|4
|
|switch|p1a: Leviathan|Dragonite, M|386\/386
|-damage|p1a: Leviathan|290\/386|[from] Stealth Rock
|detailschange|p2a: Charizard|Charizard-Mega-Y, F, shiny
|-mega|p2a: Charizard|Charizard|Charizardite Y
|-weather|SunnyDay
|move|p2a: Charizard|Air Slash|p1a: Leviathan
|-damage|p1a: Leviathan|143\/386
|
|-weather|SunnyDay|[upkeep]
|turn|5
|
|move|p1a: Leviathan|Extreme Speed|p2a: Charizard
|-damage|p2a: Charizard|88\/298
|move|p2a: Charizard|Air Slash|p1a: Leviathan
|-damage|p1a: Leviathan|0 fnt
|faint|p1a: Leviathan
|
|-weather|SunnyDay|[upkeep]
|
|switch|p1a: Metroid|Tentacruel, M|364\/364
|-damage|p1a: Metroid|319\/364|[from] Stealth Rock
|turn|6
|
|move|p2a: Charizard|Solar Beam|p1a: Metroid|[still]
|-prepare|p2a: Charizard|Solar Beam|p1a: Metroid
|-anim|p2a: Charizard|Solar Beam|p1a: Metroid
|-damage|p1a: Metroid|208\/364
|move|p1a: Metroid|Mirror Coat|p2a: Charizard
|-damage|p2a: Charizard|0 fnt
|faint|p2a: Charizard
|
|-weather|SunnyDay|[upkeep]
|-heal|p1a: Metroid|230\/364|[from] item: Leftovers
|c|âStorm Jesus|SHIT
|c| bluri|LOL
|c|âStorm Jesus|I shoulda rapid spinned
|c|âStorm Jesus|..
|
|switch|p2a: Breloom|Breloom, F|262\/262
|turn|7
|
|move|p2a: Breloom|Spore|p1a: Metroid
|-status|p1a: Metroid|slp
|cant|p1a: Metroid|slp
|
|-weather|SunnyDay|[upkeep]
|-heal|p1a: Metroid|252\/364 slp|[from] item: Leftovers
|turn|8
|c| snickersmadness|lol
|c| snickersmadness|bluri for cawdaunt
|c| snickersmadness|0 speedivs??
|c| snickersmadness|**ZARD Y!!!**
|
|switch|p2a: Magnezone|Magnezone|282\/282
|cant|p1a: Metroid|slp
|
|-weather|none
|-heal|p1a: Metroid|274\/364 slp|[from] item: Leftovers
|turn|9
|c| bluri|y :DDD
|c| bluri|but we should be faster
|c| bluri|than conkel
|
|move|p2a: Magnezone|Volt Switch|p1a: Metroid
|-supereffective|p1a: Metroid
|-damage|p1a: Metroid|28\/364 slp
|c|âStorm Jesus|if I sleep again I quit
|c|âStorm Jesus|..
|c| bluri|maybe? :s
|
|switch|p2a: Breloom|Breloom, F|262\/262
|cant|p1a: Metroid|slp
|
|-heal|p1a: Metroid|50\/364 slp|[from] item: Leftovers
|turn|10
|c| snickersmadness|item?
|c| snickersmadness|life orb
|c|âStorm Jesus|...
|
|move|p2a: Breloom|Bullet Seed|p1a: Metroid
|-damage|p1a: Metroid|0 fnt
|-hitcount|p1a: Metroid|1
|faint|p1a: Metroid
|
|c| bluri|LO
|
|switch|p1a: Detective|Breloom, M|290\/324 tox
|-damage|p1a: Detective|270\/324 tox|[from] Stealth Rock
|turn|11
|c| bluri|God dont loves his children,calls Storm Jesus :S
|c| snickersmadness|lol
|
|move|p2a: Breloom|Rock Tomb|p1a: Detective
|-resisted|p1a: Detective
|-damage|p1a: Detective|228\/324 tox
|-unboost|p1a: Detective|spe|1
|move|p1a: Detective|Drain Punch|p2a: Breloom
|-crit|p2a: Breloom
|-damage|p2a: Breloom|48\/262
|-heal|p1a: Detective|324\/324 tox|[from] drain|[of] p2a: Breloom
|
|turn|12
|
|move|p2a: Breloom|Mach Punch|p1a: Detective
|-damage|p1a: Detective|240\/324 tox
|move|p1a: Detective|Drain Punch|p2a: Breloom
|-damage|p2a: Breloom|0 fnt
|-heal|p1a: Detective|264\/324 tox|[from] drain|[of] p2a: Breloom
|faint|p2a: Breloom
|
|-heal|p1a: Detective|304\/324 tox|[from] ability: Poison Heal
|
|switch|p2a: Latios|Latios, M|301\/301
|turn|13
|c| bluri|3min left till HP :S
|
|switch|p1a: Yasmin|Jirachi|404\/404
|-damage|p1a: Yasmin|379\/404|[from] Stealth Rock
|move|p2a: Latios|Psyshock|p1a: Yasmin
|-resisted|p1a: Yasmin
|-damage|p1a: Yasmin|342\/404
|
|-heal|p1a: Yasmin|367\/404|[from] item: Leftovers
|turn|14
|
|switch|p2a: Magnezone|Magnezone|282\/282
|move|p1a: Yasmin|Stealth Rock|p2a: Magnezone
|-sidestart|p2: Jyexo|move: Stealth Rock
|
|-heal|p1a: Yasmin|392\/404|[from] item: Leftovers
|turn|15
|
|move|p2a: Magnezone|Thunderbolt|p1a: Yasmin
|-damage|p1a: Yasmin|209\/404
|move|p1a: Yasmin|Iron Head|p2a: Magnezone
|-resisted|p2a: Magnezone
|-damage|p2a: Magnezone|262\/282
|
|-heal|p1a: Yasmin|234\/404|[from] item: Leftovers
|turn|16
|
|move|p2a: Magnezone|Thunderbolt|p1a: Yasmin
|-damage|p1a: Yasmin|62\/404
|move|p1a: Yasmin|Wish|p1a: Yasmin
|
|-heal|p1a: Yasmin|87\/404|[from] item: Leftovers
|turn|17
|
|move|p1a: Yasmin|Protect|p1a: Yasmin
|-singleturn|p1a: Yasmin|Protect
|move|p2a: Magnezone|Thunderbolt|p1a: Yasmin
|-activate|p1a: Yasmin|Protect
|
|-heal|p1a: Yasmin|289\/404|[from] move: Wish|[wisher] Yasmin
|-heal|p1a: Yasmin|314\/404|[from] item: Leftovers
|turn|18
|
|move|p2a: Magnezone|Thunderbolt|p1a: Yasmin
|-damage|p1a: Yasmin|149\/404
|-status|p1a: Yasmin|par
|move|p1a: Yasmin|Wish|p1a: Yasmin
|
|-heal|p1a: Yasmin|174\/404 par|[from] item: Leftovers
|turn|19
|c| bluri|lol
|
|move|p1a: Yasmin|Protect|p1a: Yasmin
|-singleturn|p1a: Yasmin|Protect
|move|p2a: Magnezone|Thunderbolt|p1a: Yasmin
|-activate|p1a: Yasmin|Protect
|
|-heal|p1a: Yasmin|376\/404 par|[from] move: Wish|[wisher] Yasmin
|-heal|p1a: Yasmin|401\/404 par|[from] item: Leftovers
|turn|20
|
|move|p2a: Magnezone|Thunderbolt|p1a: Yasmin
|-damage|p1a: Yasmin|235\/404 par
|move|p1a: Yasmin|Wish|p1a: Yasmin
|
|-heal|p1a: Yasmin|260\/404 par|[from] item: Leftovers
|turn|21
|
|move|p1a: Yasmin|Protect|p1a: Yasmin
|-singleturn|p1a: Yasmin|Protect
|move|p2a: Magnezone|Thunderbolt|p1a: Yasmin
|-activate|p1a: Yasmin|Protect
|
|-heal|p1a: Yasmin|404\/404 par|[from] move: Wish|[wisher] Yasmin
|turn|22
|
|move|p2a: Magnezone|Thunderbolt|p1a: Yasmin
|-damage|p1a: Yasmin|227\/404 par
|move|p1a: Yasmin|Wish|p1a: Yasmin
|
|-heal|p1a: Yasmin|252\/404 par|[from] item: Leftovers
|turn|23
|
|move|p1a: Yasmin|Protect|p1a: Yasmin
|-singleturn|p1a: Yasmin|Protect
|move|p2a: Magnezone|Thunderbolt|p1a: Yasmin
|-activate|p1a: Yasmin|Protect
|
|-heal|p1a: Yasmin|404\/404 par|[from] move: Wish|[wisher] Yasmin
|turn|24
|
|move|p2a: Magnezone|Thunderbolt|p1a: Yasmin
|-damage|p1a: Yasmin|235\/404 par
|move|p1a: Yasmin|Wish|p1a: Yasmin
|
|-heal|p1a: Yasmin|260\/404 par|[from] item: Leftovers
|turn|25
|
|move|p1a: Yasmin|Protect|p1a: Yasmin
|-singleturn|p1a: Yasmin|Protect
|move|p2a: Magnezone|Thunderbolt|p1a: Yasmin
|-activate|p1a: Yasmin|Protect
|
|-heal|p1a: Yasmin|404\/404 par|[from] move: Wish|[wisher] Yasmin
|turn|26
|
|move|p2a: Magnezone|Thunderbolt|p1a: Yasmin
|-damage|p1a: Yasmin|220\/404 par
|cant|p1a: Yasmin|par
|
|-heal|p1a: Yasmin|245\/404 par|[from] item: Leftovers
|turn|27
|
|move|p2a: Magnezone|Thunderbolt|p1a: Yasmin
|-damage|p1a: Yasmin|71\/404 par
|cant|p1a: Yasmin|par
|
|-heal|p1a: Yasmin|96\/404 par|[from] item: Leftovers
|turn|28
|
|move|p2a: Magnezone|Thunderbolt|p1a: Yasmin
|-damage|p1a: Yasmin|0 fnt
|faint|p1a: Yasmin
|
|c|âStorm Jesus|GOOD
|c|âStorm Jesus|FUCKING
|c|âStorm Jesus|PLAYER
|
|switch|p1a: Detective|Breloom, M|304\/324 tox
|-damage|p1a: Detective|284\/324 tox|[from] Stealth Rock
|turn|29
|c| snickersmadness|he is
|c| snickersmadness|lol
|
|switch|p2a: Latios|Latios, M|301\/301
|-damage|p2a: Latios|264\/301|[from] Stealth Rock
|move|p1a: Detective|Leech Seed|p2a: Latios|[miss]
|-miss|p1a: Detective|p2a: Latios
|
|-heal|p1a: Detective|324\/324 tox|[from] ability: Poison Heal
|turn|30
|c| snickersmadness|**stay in**
|c| snickersmadness|**ayy**
|
|switch|p1a: Crescent|Clefable, M|394\/394
|-damage|p1a: Crescent|345\/394|[from] Stealth Rock
|move|p2a: Latios|Trick|p1a: Crescent
|-activate|p2a: Latios|move: Trick|[of] p1a: Crescent
|-item|p1a: Crescent|Choice Scarf|[from] move: Trick
|-item|p2a: Latios|Leftovers|[from] move: Trick
|
|-heal|p2a: Latios|282\/301|[from] item: Leftovers
|turn|31
|c|âStorm Jesus|flamethrower
|c|âStorm Jesus|:]
|
|switch|p2a: Magnezone|Magnezone|262\/282
|-damage|p2a: Magnezone|245\/282|[from] Stealth Rock
|move|p1a: Crescent|Moonblast|p2a: Magnezone
|-resisted|p2a: Magnezone
|-damage|p2a: Magnezone|188\/282
|
|turn|32
|c|âStorm Jesus|if he switches its a winwin
|
|switch|p1a: Raikiri|Zapdos|384\/384
|-damage|p1a: Raikiri|288\/384|[from] Stealth Rock
|-ability|p1a: Raikiri|Pressure
|move|p2a: Magnezone|Flash Cannon|p1a: Raikiri
|-resisted|p1a: Raikiri
|-damage|p1a: Raikiri|198\/384
|
|-heal|p1a: Raikiri|222\/384|[from] item: Leftovers
|turn|33
|
|move|p2a: Magnezone|Flash Cannon|p1a: Raikiri
|-resisted|p1a: Raikiri
|-damage|p1a: Raikiri|138\/384
|move|p1a: Raikiri|Roost|p1a: Raikiri
|-heal|p1a: Raikiri|330\/384
|
|-heal|p1a: Raikiri|354\/384|[from] item: Leftovers
|turn|34
|
|switch|p2a: Garchomp|Garchomp, F|358\/358
|-damage|p2a: Garchomp|336\/358|[from] Stealth Rock
|move|p1a: Raikiri|Defog|p2a: Garchomp
|-unboost|p2a: Garchomp|evasion|1
|-sideend|p2: Jyexo|Stealth Rock|[from] move: Defog|[of] p2a: Garchomp
|-sideend|p1: Storm Jesus|Stealth Rock|[from] move: Defog|[of] p1a: Raikiri
|
|-heal|p1a: Raikiri|378\/384|[from] item: Leftovers
|turn|35
|
|switch|p1a: Crescent|Clefable, M|345\/394
|move|p2a: Garchomp|Rock Slide|p1a: Crescent
|-damage|p1a: Crescent|272\/394
|
|turn|36
|
|switch|p2a: Magnezone|Magnezone|188\/282
|move|p1a: Crescent|Moonblast|p2a: Magnezone
|-resisted|p2a: Magnezone
|-damage|p2a: Magnezone|128\/282
|
|turn|37
|
|switch|p1a: Raikiri|Zapdos|378\/384
|-ability|p1a: Raikiri|Pressure
|move|p2a: Magnezone|Volt Switch|p1a: Raikiri
|-damage|p1a: Raikiri|219\/384
|
|switch|p2a: Latios|Latios, M|282\/301
|
|-heal|p2a: Latios|300\/301|[from] item: Leftovers
|-heal|p1a: Raikiri|243\/384|[from] item: Leftovers
|turn|38
|
|move|p2a: Latios|Ice Beam|p1a: Raikiri
|-supereffective|p1a: Raikiri
|-damage|p1a: Raikiri|73\/384
|move|p1a: Raikiri|Roost|p1a: Raikiri
|-heal|p1a: Raikiri|265\/384
|
|-heal|p2a: Latios|301\/301|[from] item: Leftovers
|-heal|p1a: Raikiri|289\/384|[from] item: Leftovers
|turn|39
|
|move|p2a: Latios|Ice Beam|p1a: Raikiri
|-supereffective|p1a: Raikiri
|-damage|p1a: Raikiri|107\/384
|move|p1a: Raikiri|Roost|p1a: Raikiri
|-heal|p1a: Raikiri|299\/384
|
|-heal|p1a: Raikiri|323\/384|[from] item: Leftovers
|turn|40
|
|switch|p1a: Crescent|Clefable, M|272\/394
|move|p2a: Latios|Ice Beam|p1a: Crescent
|-damage|p1a: Crescent|145\/394
|
|turn|41
|
|move|p2a: Latios|Psyshock|p1a: Crescent
|-damage|p1a: Crescent|25\/394
|move|p1a: Crescent|Moonblast|p2a: Latios
|-supereffective|p2a: Latios
|-damage|p2a: Latios|97\/301
|
|-heal|p2a: Latios|115\/301|[from] item: Leftovers
|turn|42
|
|move|p2a: Latios|Psyshock|p1a: Crescent
|-damage|p1a: Crescent|0 fnt
|faint|p1a: Crescent
|
|-heal|p2a: Latios|133\/301|[from] item: Leftovers
|
|switch|p1a: Raikiri|Zapdos|323\/384
|-ability|p1a: Raikiri|Pressure
|turn|43
|
|move|p2a: Latios|Psyshock|p1a: Raikiri
|-damage|p1a: Raikiri|167\/384
|move|p1a: Raikiri|Thunderbolt|p2a: Latios
|-resisted|p2a: Latios
|-damage|p2a: Latios|78\/301
|
|-heal|p2a: Latios|96\/301|[from] item: Leftovers
|-heal|p1a: Raikiri|191\/384|[from] item: Leftovers
|turn|44
|join|CleanerThanRotom-W
|
|move|p2a: Latios|Psyshock|p1a: Raikiri
|-damage|p1a: Raikiri|35\/384
|move|p1a: Raikiri|Roost|p1a: Raikiri
|-heal|p1a: Raikiri|227\/384
|
|-heal|p2a: Latios|114\/301|[from] item: Leftovers
|-heal|p1a: Raikiri|251\/384|[from] item: Leftovers
|turn|45
|
|move|p2a: Latios|Psyshock|p1a: Raikiri
|-damage|p1a: Raikiri|94\/384
|move|p1a: Raikiri|Roost|p1a: Raikiri
|-heal|p1a: Raikiri|286\/384
|
|-heal|p2a: Latios|132\/301|[from] item: Leftovers
|-heal|p1a: Raikiri|310\/384|[from] item: Leftovers
|turn|46
|
|move|p2a: Latios|Psyshock|p1a: Raikiri
|-damage|p1a: Raikiri|168\/384
|move|p1a: Raikiri|Roost|p1a: Raikiri
|-heal|p1a: Raikiri|360\/384
|
|-heal|p2a: Latios|150\/301|[from] item: Leftovers
|-heal|p1a: Raikiri|384\/384|[from] item: Leftovers
|turn|47
|
|move|p2a: Latios|Ice Beam|p1a: Raikiri
|-supereffective|p1a: Raikiri
|-damage|p1a: Raikiri|196\/384
|move|p1a: Raikiri|Thunderbolt|p2a: Latios
|-resisted|p2a: Latios
|-damage|p2a: Latios|90\/301
|
|-heal|p2a: Latios|108\/301|[from] item: Leftovers
|-heal|p1a: Raikiri|220\/384|[from] item: Leftovers
|turn|48
|
|move|p2a: Latios|Ice Beam|p1a: Raikiri
|-supereffective|p1a: Raikiri
|-damage|p1a: Raikiri|36\/384
|-status|p1a: Raikiri|frz
|-curestatus|p1a: Raikiri|frz
|move|p1a: Raikiri|Roost|p1a: Raikiri
|-heal|p1a: Raikiri|228\/384
|
|-heal|p2a: Latios|126\/301|[from] item: Leftovers
|-heal|p1a: Raikiri|252\/384|[from] item: Leftovers
|turn|49
|
|move|p2a: Latios|Ice Beam|p1a: Raikiri
|-supereffective|p1a: Raikiri
|-damage|p1a: Raikiri|86\/384
|move|p1a: Raikiri|Roost|p1a: Raikiri
|-heal|p1a: Raikiri|278\/384
|
|-heal|p2a: Latios|144\/301|[from] item: Leftovers
|-heal|p1a: Raikiri|302\/384|[from] item: Leftovers
|turn|50
|
|move|p2a: Latios|Ice Beam|p1a: Raikiri
|-supereffective|p1a: Raikiri
|-damage|p1a: Raikiri|120\/384
|move|p1a: Raikiri|Roost|p1a: Raikiri
|-heal|p1a: Raikiri|312\/384
|
|-heal|p2a: Latios|162\/301|[from] item: Leftovers
|-heal|p1a: Raikiri|336\/384|[from] item: Leftovers
|turn|51
|-message|Storm Jesus forfeited.
|
|win|Jyexo
|raw|Ladder updating...
|raw|Storm Jesus's rating: 1399 &rarr; <strong>1372<\/strong><br \/>(-27 for losing)
|raw|Jyexo's rating: 1268 &rarr; <strong>1302<\/strong><br \/>(+34 for winning)
|c|âStorm Jesus|:\/
|leave|Storm Jesus
|player|p1
|leave|Jyexo
|player|p2
|leave|arttt
|leave|CleanerThanRotom-W