|join|Storm Jesus
|join|theresa1234
|player|p1|Storm Jesus|151
|player|p2|theresa1234|18
|gametype|singles
|gen|6
|tier|OU (suspect test)
|rated
|clearpoke
|poke|p1|Gengar, M
|poke|p1|Meloetta
|poke|p1|Ferrothorn, M
|poke|p1|Gyarados, M
|poke|p1|Porygon2
|poke|p1|Landorus, M
|poke|p2|Cinccino, M
|poke|p2|Whimsicott, F
|poke|p2|Reuniclus, M
|poke|p2|Clefairy, F
|poke|p2|Sableye, M
|poke|p2|Kecleon, F
|rule|Swagger Clause: Swagger is banned
|rule|Baton Pass Clause: Limit one PokÃ©mon knowing Baton Pass
|rule|Sleep Clause Mod: Limit one foe put to sleep
|rule|Species Clause: Limit one of each PokÃ©mon
|rule|OHKO Clause: OHKO moves are banned
|rule|Moody Clause: Moody is banned
|rule|Evasion Moves Clause: Evasion moves are banned
|rule|Endless Battle Clause: Forcing endless battles is banned
|rule|HP Percentage Mod: HP is shown in percentages
|teampreview
|c|âtheresa1234|gl
|c|âStorm Jesus|gl
|
|start
|switch|p1a: Phantom|Gengar, M|262\/262
|switch|p2a: Sableye|Sableye, M|304\/304
|turn|1
|c|âtheresa1234|thanks
|
|move|p2a: Sableye|Taunt|p1a: Phantom
|-start|p1a: Phantom|move: Taunt
|move|p1a: Phantom|Shadow Ball|p2a: Sableye
|-damage|p2a: Sableye|39\/304
|-damage|p1a: Phantom|236\/262|[from] item: Life Orb
|
|turn|2
|
|move|p2a: Sableye|Will-O-Wisp|p1a: Phantom
|-status|p1a: Phantom|brn
|move|p1a: Phantom|Sludge Wave|p2a: Sableye
|-resisted|p2a: Sableye
|-damage|p2a: Sableye|0 fnt
|-damage|p1a: Phantom|210\/262 brn|[from] item: Life Orb
|faint|p2a: Sableye
|
|-damage|p1a: Phantom|178\/262 brn|[from] brn
|
|switch|p2a: Cinccino|Cinccino, M|291\/291
|turn|3
|
|switch|p1a: Tytannial|Ferrothorn, M|352\/352
|move|p2a: Cinccino|Rock Blast|p1a: Tytannial
|-resisted|p1a: Tytannial
|-damage|p1a: Tytannial|344\/352
|-resisted|p1a: Tytannial
|-damage|p1a: Tytannial|337\/352
|-resisted|p1a: Tytannial
|-damage|p1a: Tytannial|330\/352
|-resisted|p1a: Tytannial
|-damage|p1a: Tytannial|323\/352
|-resisted|p1a: Tytannial
|-damage|p1a: Tytannial|315\/352
|-hitcount|p1a: Tytannial|5
|
|turn|4
|
|switch|p2a: Reuniclus|Reuniclus, M|424\/424
|move|p1a: Tytannial|Gyro Ball|p2a: Reuniclus
|-damage|p2a: Reuniclus|367\/424
|
|-heal|p2a: Reuniclus|393\/424|[from] item: Leftovers
|turn|5
|
|switch|p1a: Predator|Gyarados, M|331\/331
|-ability|p1a: Predator|Intimidate|[of] p2a: Reuniclus
|-unboost|p2a: Reuniclus|atk|1
|move|p2a: Reuniclus|Calm Mind|p2a: Reuniclus
|-boost|p2a: Reuniclus|spa|1
|-boost|p2a: Reuniclus|spd|1
|
|-heal|p2a: Reuniclus|419\/424|[from] item: Leftovers
|turn|6
|
|detailschange|p1a: Predator|Gyarados-Mega, M
|-mega|p1a: Predator|Gyarados|Gyaradosite
|-ability|p1a: Predator|Mold Breaker
|move|p1a: Predator|Crunch|p2a: Reuniclus
|-supereffective|p2a: Reuniclus
|-damage|p2a: Reuniclus|149\/424
|move|p2a: Reuniclus|Acid Armor|p2a: Reuniclus
|-boost|p2a: Reuniclus|def|2
|
|-heal|p2a: Reuniclus|175\/424|[from] item: Leftovers
|turn|7
|
|move|p1a: Predator|Crunch|p2a: Reuniclus
|-supereffective|p2a: Reuniclus
|-damage|p2a: Reuniclus|53\/424
|move|p2a: Reuniclus|Shadow Ball|p1a: Predator
|-resisted|p1a: Predator
|-damage|p1a: Predator|289\/331
|
|-heal|p2a: Reuniclus|79\/424|[from] item: Leftovers
|turn|8
|
|move|p1a: Predator|Crunch|p2a: Reuniclus
|-supereffective|p2a: Reuniclus
|-damage|p2a: Reuniclus|0 fnt
|faint|p2a: Reuniclus
|
|
|switch|p2a: Whimsicott|Whimsicott, F|261\/261
|turn|9
|
|switch|p1a: Tytannial|Ferrothorn, M|315\/352
|move|p2a: Whimsicott|Leech Seed|p1a: Tytannial
|-immune|p1a: Tytannial|[msg]
|
|turn|10
|
|move|p2a: Whimsicott|Protect|p2a: Whimsicott
|-singleturn|p2a: Whimsicott|Protect
|move|p1a: Tytannial|Gyro Ball|p2a: Whimsicott
|-activate|p2a: Whimsicott|Protect
|
|turn|11
|
|switch|p2a: Clefairy|Clefairy, F|344\/344
|move|p1a: Tytannial|Gyro Ball|p2a: Clefairy
|-supereffective|p2a: Clefairy
|-damage|p2a: Clefairy|216\/344
|
|turn|12
|
|switch|p1a: Phantom|Gengar, M|178\/262 brn
|move|p2a: Clefairy|Cosmic Power|p2a: Clefairy
|-boost|p2a: Clefairy|def|1
|-boost|p2a: Clefairy|spd|1
|
|-damage|p1a: Phantom|146\/262 brn|[from] brn
|turn|13
|
|move|p1a: Phantom|Sludge Wave|p2a: Clefairy
|-supereffective|p2a: Clefairy
|-damage|p2a: Clefairy|0 fnt
|-damage|p1a: Phantom|120\/262 brn|[from] item: Life Orb
|faint|p2a: Clefairy
|
|-damage|p1a: Phantom|88\/262 brn|[from] brn
|join|Alldaalts
|
|switch|p2a: Kecleon|Kecleon, F|293\/293
|turn|14
|
|move|p1a: Phantom|Sludge Wave|p2a: Kecleon
|-damage|p2a: Kecleon|184\/293
|-damage|p1a: Phantom|62\/262 brn|[from] item: Life Orb
|move|p2a: Kecleon|Fire Punch|p1a: Phantom
|-start|p2a: Kecleon|typechange|Fire|[from] Protean
|-crit|p1a: Phantom
|-damage|p1a: Phantom|0 fnt
|faint|p1a: Phantom
|
|
|switch|p1a: Enten|Landorus, M|319\/319
|turn|15
|
|move|p2a: Kecleon|Sucker Punch|p1a: Enten
|-start|p2a: Kecleon|typechange|Dark|[from] Protean
|-damage|p1a: Enten|196\/319
|move|p1a: Enten|Iron Tail|p2a: Kecleon
|-damage|p2a: Kecleon|0 fnt
|faint|p2a: Kecleon
|
|
|switch|p2a: Cinccino|Cinccino, M|291\/291
|turn|16
|
|switch|p1a: Tytannial|Ferrothorn, M|315\/352
|move|p2a: Cinccino|Bullet Seed|p1a: Tytannial
|-resisted|p1a: Tytannial
|-damage|p1a: Tytannial|312\/352
|-resisted|p1a: Tytannial
|-damage|p1a: Tytannial|308\/352
|-resisted|p1a: Tytannial
|-damage|p1a: Tytannial|305\/352
|-resisted|p1a: Tytannial
|-damage|p1a: Tytannial|301\/352
|-resisted|p1a: Tytannial
|-damage|p1a: Tytannial|298\/352
|-hitcount|p1a: Tytannial|5
|
|turn|17
|-message|theresa1234 forfeited.
|leave|theresa1234
|
|win|Storm Jesus
|raw|Ladder updating...
|player|p2
|raw|Storm Jesus's rating: 1430 &rarr; <strong>1441<\/strong><br \/>(+11 for winning)
|raw|theresa1234's rating: 1267 &rarr; <strong>1253<\/strong><br \/>(-14 for losing)
|leave|Storm Jesus