|join|Storm Jesus
|join|cxzasd
|player|p1|Storm Jesus|151
|player|p2|cxzasd|80
|gametype|singles
|gen|6
|tier|OU (suspect test)
|rated
|clearpoke
|poke|p1|Gengar, M
|poke|p1|Meloetta
|poke|p1|Conkeldurr, M
|poke|p1|Gyarados, M
|poke|p1|Ferrothorn, M
|poke|p1|Landorus, M
|poke|p2|Clefable, F
|poke|p2|Manaphy
|poke|p2|Gliscor, F
|poke|p2|Excadrill, F
|poke|p2|Weezing, M
|poke|p2|Sableye, F
|rule|Swagger Clause: Swagger is banned
|rule|Baton Pass Clause: Limit one PokÃ©mon knowing Baton Pass
|rule|Sleep Clause Mod: Limit one foe put to sleep
|rule|Species Clause: Limit one of each PokÃ©mon
|rule|OHKO Clause: OHKO moves are banned
|rule|Moody Clause: Moody is banned
|rule|Evasion Moves Clause: Evasion moves are banned
|rule|Endless Battle Clause: Forcing endless battles is banned
|rule|HP Percentage Mod: HP is shown in percentages
|teampreview
|join|Skuukzky
|
|start
|switch|p1a: Enten|Landorus, M|319\/319
|switch|p2a: Sableye|Sableye, F|303\/303
|turn|1
|
|detailschange|p2a: Sableye|Sableye-Mega, F
|-mega|p2a: Sableye|Sableye|Sablenite
|move|p1a: Enten|Earth Power|p2a: Sableye
|-damage|p2a: Sableye|126\/303
|move|p2a: Sableye|Knock Off|p1a: Enten
|-damage|p1a: Enten|207\/319
|-enditem|p1a: Enten|Life Orb|[from] move: Knock Off|[of] p2a: Sableye
|
|turn|2
|c| Skuukzky|this is that team
|c| Skuukzky|but without talonflame
|c| Skuukzky|unaware clefable
|c| Skuukzky|u-turn gliscor taunt sr roost\/eq
|c| Skuukzky|u-turn manaphy
|c| Skuukzky|mold breaker toxic sr spdef exca
|
|switch|p2a: Clefable|Clefable, F|393\/393
|move|p1a: Enten|Earth Power|p2a: Clefable
|-damage|p2a: Clefable|221\/393
|
|-heal|p2a: Clefable|245\/393|[from] item: Leftovers
|turn|3
|c|âStorm Jesus|ik the team
|c|âStorm Jesus|lol
|
|switch|p1a: Phantom|Gengar, M|262\/262
|move|p2a: Clefable|Moonblast|p1a: Phantom
|-resisted|p1a: Phantom
|-damage|p1a: Phantom|197\/262
|
|-heal|p2a: Clefable|269\/393|[from] item: Leftovers
|turn|4
|
|switch|p2a: Manaphy|Manaphy|401\/401
|move|p1a: Phantom|Shadow Ball|p2a: Manaphy
|-damage|p2a: Manaphy|261\/401
|-damage|p1a: Phantom|171\/262|[from] item: Life Orb
|
|-heal|p2a: Manaphy|286\/401|[from] item: Leftovers
|turn|5
|c|âStorm Jesus|listen to this lol
|c|âStorm Jesus|https:\/\/www.youtube.com\/watch?v=tEbZ_Lm3Htk
|
|move|p1a: Phantom|Sludge Wave|p2a: Manaphy
|-damage|p2a: Manaphy|130\/401
|-damage|p1a: Phantom|145\/262|[from] item: Life Orb
|move|p2a: Manaphy|Scald|p1a: Phantom
|-damage|p1a: Phantom|28\/262
|
|-heal|p2a: Manaphy|155\/401|[from] item: Leftovers
|turn|6
|
|switch|p2a: Excadrill|Excadrill, F|424\/424
|-ability|p2a: Excadrill|Mold Breaker
|move|p1a: Phantom|Sludge Wave|p2a: Excadrill
|-immune|p2a: Excadrill|[msg]
|
|turn|7
|
|move|p1a: Phantom|Focus Blast|p2a: Excadrill
|-supereffective|p2a: Excadrill
|-damage|p2a: Excadrill|60\/424
|-unboost|p2a: Excadrill|spd|1
|-damage|p1a: Phantom|2\/262|[from] item: Life Orb
|move|p2a: Excadrill|Stealth Rock|p1a: Phantom
|-sidestart|p1: Storm Jesus|move: Stealth Rock
|
|-heal|p2a: Excadrill|86\/424|[from] item: Leftovers
|turn|8
|
|move|p1a: Phantom|Shadow Ball|p2a: Excadrill
|-damage|p2a: Excadrill|0 fnt
|-damage|p1a: Phantom|0 fnt|[from] item: Life Orb
|faint|p2a: Excadrill
|faint|p1a: Phantom
|
|
|switch|p1a: Heihachi|Conkeldurr, M|383\/383
|switch|p2a: Sableye|Sableye-Mega, F|126\/303
|-damage|p1a: Heihachi|360\/383|[from] Stealth Rock
|turn|9
|leave|Skuukzky
|
|move|p1a: Heihachi|Ice Punch|p2a: Sableye
|-damage|p2a: Sableye|53\/303
|move|p2a: Sableye|Recover|p2a: Sableye
|-heal|p2a: Sableye|205\/303
|
|turn|10
|
|move|p1a: Heihachi|Ice Punch|p2a: Sableye
|-damage|p2a: Sableye|135\/303
|move|p2a: Sableye|Knock Off|p1a: Heihachi
|-resisted|p1a: Heihachi
|-damage|p1a: Heihachi|309\/383
|-enditem|p1a: Heihachi|Assault Vest|[from] move: Knock Off|[of] p2a: Sableye
|
|turn|11
|
|move|p1a: Heihachi|Ice Punch|p2a: Sableye
|-damage|p2a: Sableye|65\/303
|move|p2a: Sableye|Recover|p2a: Sableye
|-heal|p2a: Sableye|217\/303
|
|turn|12
|
|move|p1a: Heihachi|Ice Punch|p2a: Sableye
|-damage|p2a: Sableye|150\/303
|move|p2a: Sableye|Foul Play|p1a: Heihachi
|-resisted|p1a: Heihachi
|-damage|p1a: Heihachi|216\/383
|
|turn|13
|
|move|p1a: Heihachi|Ice Punch|p2a: Sableye
|-damage|p2a: Sableye|79\/303
|move|p2a: Sableye|Recover|p2a: Sableye
|-heal|p2a: Sableye|231\/303
|
|turn|14
|
|switch|p2a: Weezing|Weezing, M|334\/334
|move|p1a: Heihachi|Ice Punch|p2a: Weezing
|-crit|p2a: Weezing
|-damage|p2a: Weezing|258\/334
|
|-heal|p2a: Weezing|278\/334|[from] item: Black Sludge
|turn|15
|
|move|p2a: Weezing|Toxic Spikes|p1a: Heihachi
|-sidestart|p1: Storm Jesus|move: Toxic Spikes
|move|p1a: Heihachi|Knock Off|p2a: Weezing
|-damage|p2a: Weezing|204\/334
|-enditem|p2a: Weezing|Black Sludge|[from] move: Knock Off|[of] p1a: Heihachi
|
|turn|16
|
|move|p2a: Weezing|Toxic Spikes|p1a: Heihachi
|-sidestart|p1: Storm Jesus|move: Toxic Spikes
|move|p1a: Heihachi|Knock Off|p2a: Weezing
|-damage|p2a: Weezing|153\/334
|
|turn|17
|
|move|p2a: Weezing|Toxic|p1a: Heihachi
|-status|p1a: Heihachi|tox
|move|p1a: Heihachi|Ice Punch|p2a: Weezing
|-damage|p2a: Weezing|65\/334
|
|-damage|p1a: Heihachi|193\/383 tox|[from] psn
|turn|18
|
|switch|p2a: Sableye|Sableye-Mega, F|231\/303
|move|p1a: Heihachi|Ice Punch|p2a: Sableye
|-damage|p2a: Sableye|126\/303
|
|-damage|p1a: Heihachi|147\/383 tox|[from] psn
|turn|19
|
|move|p1a: Heihachi|Ice Punch|p2a: Sableye
|-damage|p2a: Sableye|15\/303
|move|p2a: Sableye|Recover|p2a: Sableye
|-heal|p2a: Sableye|167\/303
|
|-damage|p1a: Heihachi|78\/383 tox|[from] psn
|turn|20
|
|move|p1a: Heihachi|Ice Punch|p2a: Sableye
|-damage|p2a: Sableye|53\/303
|move|p2a: Sableye|Recover|p2a: Sableye
|-heal|p2a: Sableye|205\/303
|
|-damage|p1a: Heihachi|0 fnt|[from] psn
|faint|p1a: Heihachi
|
|switch|p1a: Enten|Landorus, M|207\/319
|-damage|p1a: Enten|168\/319|[from] Stealth Rock
|turn|21
|
|switch|p2a: Weezing|Weezing, M|65\/334
|move|p1a: Enten|Earth Power|p2a: Weezing
|-immune|p2a: Weezing|[msg]
|
|turn|22
|
|move|p1a: Enten|Psychic|p2a: Weezing
|-supereffective|p2a: Weezing
|-damage|p2a: Weezing|0 fnt
|faint|p2a: Weezing
|
|
|switch|p2a: Clefable|Clefable, F|269\/393
|turn|23
|
|move|p1a: Enten|Earth Power|p2a: Clefable
|-damage|p2a: Clefable|89\/393
|move|p2a: Clefable|Moonlight|p2a: Clefable
|-heal|p2a: Clefable|285\/393
|
|-heal|p2a: Clefable|309\/393|[from] item: Leftovers
|turn|24
|
|move|p1a: Enten|Earth Power|p2a: Clefable
|-damage|p2a: Clefable|141\/393
|move|p2a: Clefable|Moonblast|p1a: Enten
|-damage|p1a: Enten|26\/319
|-unboost|p1a: Enten|spa|1
|
|-heal|p2a: Clefable|165\/393|[from] item: Leftovers
|turn|25
|
|move|p1a: Enten|Rock Slide|p2a: Clefable
|-damage|p2a: Clefable|77\/393
|move|p2a: Clefable|Moonlight|p2a: Clefable
|-heal|p2a: Clefable|273\/393
|
|-heal|p2a: Clefable|297\/393|[from] item: Leftovers
|turn|26
|
|move|p1a: Enten|Rock Slide|p2a: Clefable
|-damage|p2a: Clefable|196\/393
|move|p2a: Clefable|Moonblast|p1a: Enten
|-damage|p1a: Enten|0 fnt
|faint|p1a: Enten
|
|-heal|p2a: Clefable|220\/393|[from] item: Leftovers
|
|switch|p1a: Predator|Gyarados, M|331\/331
|-damage|p1a: Predator|249\/331|[from] Stealth Rock
|-ability|p1a: Predator|Intimidate|[of] p2a: Clefable
|-unboost|p2a: Clefable|atk|1
|turn|27
|
|move|p1a: Predator|Dragon Dance|p1a: Predator
|-boost|p1a: Predator|atk|1
|-boost|p1a: Predator|spe|1
|move|p2a: Clefable|Moonblast|p1a: Predator
|-damage|p1a: Predator|159\/331
|
|-heal|p2a: Clefable|244\/393|[from] item: Leftovers
|turn|28
|
|move|p1a: Predator|Waterfall|p2a: Clefable
|-damage|p2a: Clefable|112\/393
|move|p2a: Clefable|Moonblast|p1a: Predator
|-damage|p1a: Predator|71\/331
|-unboost|p1a: Predator|spa|1
|
|-heal|p2a: Clefable|136\/393|[from] item: Leftovers
|turn|29
|
|detailschange|p1a: Predator|Gyarados-Mega, M
|-mega|p1a: Predator|Gyarados|Gyaradosite
|-ability|p1a: Predator|Mold Breaker
|move|p1a: Predator|Waterfall|p2a: Clefable
|-damage|p2a: Clefable|0 fnt
|faint|p2a: Clefable
|
|
|switch|p2a: Sableye|Sableye-Mega, F|205\/303
|turn|30
|
|move|p1a: Predator|Waterfall|p2a: Sableye
|-damage|p2a: Sableye|24\/303
|cant|p2a: Sableye|flinch
|
|turn|31
|
|switch|p2a: Manaphy|Manaphy|155\/401
|move|p1a: Predator|Crunch|p2a: Manaphy
|-damage|p2a: Manaphy|0 fnt
|faint|p2a: Manaphy
|
|
|switch|p2a: Gliscor|Gliscor, F|353\/353
|turn|32
|
|move|p2a: Gliscor|Protect|p2a: Gliscor
|-singleturn|p2a: Gliscor|Protect
|move|p1a: Predator|Waterfall|p2a: Gliscor
|-activate|p2a: Gliscor|Protect
|
|-status|p2a: Gliscor|tox|[from] item: Toxic Orb
|turn|33
|
|move|p1a: Predator|Waterfall|p2a: Gliscor
|-supereffective|p2a: Gliscor
|-damage|p2a: Gliscor|83\/353 tox
|move|p2a: Gliscor|Earthquake|p1a: Predator
|-damage|p1a: Predator|0 fnt
|faint|p1a: Predator
|
|-heal|p2a: Gliscor|127\/353 tox|[from] ability: Poison Heal
|
|switch|p1a: Zelda|Meloetta|404\/404
|-damage|p1a: Zelda|354\/404|[from] Stealth Rock
|-status|p1a: Zelda|tox
|turn|34
|
|move|p2a: Gliscor|Protect|p2a: Gliscor
|-singleturn|p2a: Gliscor|Protect
|move|p1a: Zelda|Skill Swap|p2a: Gliscor
|-activate|p2a: Gliscor|Protect
|
|-heal|p1a: Zelda|379\/404 tox|[from] item: Leftovers
|-heal|p2a: Gliscor|171\/353 tox|[from] ability: Poison Heal
|-damage|p1a: Zelda|354\/404 tox|[from] psn
|turn|35
|
|switch|p2a: Sableye|Sableye-Mega, F|24\/303
|move|p1a: Zelda|Skill Swap|p2a: Sableye
|-activate|p1a: Zelda|move: Skill Swap|Magic Bounce|Serene Grace|[of] p2a: Sableye
|
|-heal|p1a: Zelda|379\/404 tox|[from] item: Leftovers
|-damage|p1a: Zelda|329\/404 tox|[from] psn
|turn|36
|
|switch|p1a: Tytannial|Ferrothorn, M|352\/352
|-damage|p1a: Tytannial|330\/352|[from] Stealth Rock
|move|p2a: Sableye|Recover|p2a: Sableye
|-heal|p2a: Sableye|176\/303
|
|turn|37
|
|move|p2a: Sableye|Will-O-Wisp|p1a: Tytannial
|-status|p1a: Tytannial|brn
|move|p1a: Tytannial|Leech Seed|p2a: Sableye
|-start|p2a: Sableye|move: Leech Seed
|
|-damage|p2a: Sableye|139\/303|[from] Leech Seed|[of] p1a: Tytannial
|-heal|p1a: Tytannial|352\/352 brn|[silent]
|-damage|p1a: Tytannial|308\/352 brn|[from] brn
|turn|38
|
|switch|p2a: Gliscor|Gliscor, F|171\/353 tox
|move|p1a: Tytannial|Stealth Rock|p2a: Gliscor
|-sidestart|p2: cxzasd|move: Stealth Rock
|
|-heal|p2a: Gliscor|215\/353 tox|[from] ability: Poison Heal
|-damage|p1a: Tytannial|264\/352 brn|[from] brn
|turn|39
|
|move|p2a: Gliscor|Taunt|p1a: Tytannial
|-start|p1a: Tytannial|move: Taunt
|cant|p1a: Tytannial|move: Taunt|Spikes
|
|-heal|p2a: Gliscor|259\/353 tox|[from] ability: Poison Heal
|-damage|p1a: Tytannial|220\/352 brn|[from] brn
|turn|40
|-message|Storm Jesus forfeited.
|leave|Storm Jesus
|
|win|cxzasd
|raw|Ladder updating...
|player|p1
|raw|Storm Jesus's rating: 1629 &rarr; <strong>1601<\/strong><br \/>(-28 for losing)
|raw|cxzasd's rating: 1476 &rarr; <strong>1505<\/strong><br \/>(+29 for winning)