|join|Storm Jesus
|join|HUUURAAAAAx2
|player|p1|Storm Jesus|151
|player|p2|HUUURAAAAAx2|102
|gametype|singles
|gen|6
|tier|OU (suspect test)
|rated
|clearpoke
|poke|p1|Gengar, M
|poke|p1|Meloetta
|poke|p1|Ferrothorn, M
|poke|p1|Gyarados, M
|poke|p1|Porygon2
|poke|p1|Landorus, M
|poke|p2|Diggersby, M, shiny
|poke|p2|Pinsir, F
|poke|p2|Bisharp, M
|poke|p2|Starmie
|poke|p2|Raikou
|poke|p2|Landorus-Therian, M
|rule|Swagger Clause: Swagger is banned
|rule|Baton Pass Clause: Limit one PokÃ©mon knowing Baton Pass
|rule|Sleep Clause Mod: Limit one foe put to sleep
|rule|Species Clause: Limit one of each PokÃ©mon
|rule|OHKO Clause: OHKO moves are banned
|rule|Moody Clause: Moody is banned
|rule|Evasion Moves Clause: Evasion moves are banned
|rule|Endless Battle Clause: Forcing endless battles is banned
|rule|HP Percentage Mod: HP is shown in percentages
|teampreview
|
|start
|switch|p1a: R2P2|Porygon2|374\/374
|switch|p2a: MuchStandard|Landorus-Therian, M|381\/381
|-ability|p2a: MuchStandard|Intimidate|[of] p1a: R2P2
|-unboost|p1a: R2P2|atk|1
|-ability|p1a: R2P2|Intimidate|[from] ability: Trace|[of] p2a: MuchStandard
|-ability|p1a: R2P2|Intimidate|[of] p2a: MuchStandard
|-unboost|p2a: MuchStandard|atk|1
|turn|1
|
|move|p2a: MuchStandard|U-turn|p1a: R2P2
|-damage|p1a: R2P2|343\/374
|
|switch|p2a: GetRektFren 003|Bisharp, M|291\/291
|move|p1a: R2P2|Ice Beam|p2a: GetRektFren 003
|-resisted|p2a: GetRektFren 003
|-damage|p2a: GetRektFren 003|241\/291
|
|turn|2
|
|switch|p1a: Tytannial|Ferrothorn, M|352\/352
|move|p2a: GetRektFren 003|Swords Dance|p2a: GetRektFren 003
|-boost|p2a: GetRektFren 003|atk|2
|
|turn|3
|
|move|p2a: GetRektFren 003|Swords Dance|p2a: GetRektFren 003
|-boost|p2a: GetRektFren 003|atk|2
|move|p1a: Tytannial|Gyro Ball|p2a: GetRektFren 003
|-resisted|p2a: GetRektFren 003
|-damage|p2a: GetRektFren 003|164\/291
|
|turn|4
|
|move|p2a: GetRektFren 003|Knock Off|p1a: Tytannial
|-damage|p1a: Tytannial|0 fnt
|-damage|p2a: GetRektFren 003|128\/291|[from] ability: Iron Barbs|[of] p1a: Tytannial
|-damage|p2a: GetRektFren 003|80\/291|[from] item: Rocky Helmet|[of] p1a: Tytannial
|-enditem|p1a: Tytannial|Rocky Helmet|[from] move: Knock Off|[of] p2a: GetRektFren 003
|faint|p1a: Tytannial
|
|
|switch|p1a: Predator|Gyarados, M|331\/331
|-ability|p1a: Predator|Intimidate|[of] p2a: GetRektFren 003
|-unboost|p2a: GetRektFren 003|atk|1
|-boost|p2a: GetRektFren 003|atk|2|[from] ability: Defiant
|turn|5
|
|detailschange|p1a: Predator|Gyarados-Mega, M
|-mega|p1a: Predator|Gyarados|Gyaradosite
|-ability|p1a: Predator|Mold Breaker
|move|p2a: GetRektFren 003|Sucker Punch|p1a: Predator
|-fail|p1a: Predator
|move|p1a: Predator|Substitute|p1a: Predator
|-start|p1a: Predator|Substitute
|-damage|p1a: Predator|249\/331
|
|turn|6
|
|move|p1a: Predator|Dragon Dance|p1a: Predator
|-boost|p1a: Predator|atk|1
|-boost|p1a: Predator|spe|1
|move|p2a: GetRektFren 003|Knock Off|p1a: Predator
|-crit|p1a: Predator
|-resisted|p1a: Predator
|-end|p1a: Predator|Substitute
|
|turn|7
|
|move|p1a: Predator|Substitute|p1a: Predator
|-start|p1a: Predator|Substitute
|-damage|p1a: Predator|167\/331
|move|p2a: GetRektFren 003|Knock Off|p1a: Predator
|-resisted|p1a: Predator
|-end|p1a: Predator|Substitute
|
|turn|8
|
|move|p1a: Predator|Substitute|p1a: Predator
|-start|p1a: Predator|Substitute
|-damage|p1a: Predator|85\/331
|move|p2a: GetRektFren 003|Knock Off|p1a: Predator
|-resisted|p1a: Predator
|-end|p1a: Predator|Substitute
|
|turn|9
|
|move|p2a: GetRektFren 003|Sucker Punch|p1a: Predator
|-resisted|p1a: Predator
|-damage|p1a: Predator|0 fnt
|faint|p1a: Predator
|
|-message|Storm Jesus forfeited.
|leave|Storm Jesus
|
|win|HUUURAAAAAx2
|raw|Ladder updating...
|player|p1