|join|lil manaphy
|join|Storm Jesus
|player|p1|lil manaphy|34
|player|p2|Storm Jesus|151
|gametype|singles
|gen|6
|tier|OU (suspect test)
|rated
|clearpoke
|poke|p1|Diancie
|poke|p1|Ferrothorn, F
|poke|p1|Wobbuffet, F
|poke|p1|Landorus-Therian, M
|poke|p1|Conkeldurr, F
|poke|p1|Mandibuzz, F
|poke|p2|Gengar, M
|poke|p2|Meloetta
|poke|p2|Conkeldurr, M
|poke|p2|Gyarados, M
|poke|p2|Porygon2
|poke|p2|Ferrothorn, M
|rule|Swagger Clause: Swagger is banned
|rule|Baton Pass Clause: Limit one PokÃ©mon knowing Baton Pass
|rule|Sleep Clause Mod: Limit one foe put to sleep
|rule|Species Clause: Limit one of each PokÃ©mon
|rule|OHKO Clause: OHKO moves are banned
|rule|Moody Clause: Moody is banned
|rule|Evasion Moves Clause: Evasion moves are banned
|rule|Endless Battle Clause: Forcing endless battles is banned
|rule|HP Percentage Mod: HP is shown in percentages
|teampreview
|
|start
|switch|p1a: Conkeldurr|Conkeldurr, F|352\/352
|switch|p2a: Zelda|Meloetta|404\/404
|turn|1
|
|move|p2a: Zelda|Psyshock|p1a: Conkeldurr
|-supereffective|p1a: Conkeldurr
|-damage|p1a: Conkeldurr|98\/352
|move|p1a: Conkeldurr|Knock Off|p2a: Zelda
|-supereffective|p2a: Zelda
|-damage|p2a: Zelda|184\/404
|-enditem|p2a: Zelda|Leftovers|[from] move: Knock Off|[of] p1a: Conkeldurr
|
|turn|2
|
|switch|p1a: Mandibuzz|Mandibuzz, F|424\/424
|move|p2a: Zelda|Psyshock|p1a: Mandibuzz
|-immune|p1a: Mandibuzz|[msg]
|
|turn|3
|
|switch|p2a: Heihachi|Conkeldurr, M|383\/383
|move|p1a: Mandibuzz|Foul Play|p2a: Heihachi
|-resisted|p2a: Heihachi
|-damage|p2a: Heihachi|296\/383
|
|turn|4
|
|switch|p1a: Landorus-Therian|Landorus-Therian, M|382\/382
|-ability|p1a: Landorus-Therian|Intimidate|[of] p2a: Heihachi
|-unboost|p2a: Heihachi|atk|1
|move|p2a: Heihachi|Knock Off|p1a: Landorus-Therian
|-damage|p1a: Landorus-Therian|327\/382
|-enditem|p1a: Landorus-Therian|Leftovers|[from] move: Knock Off|[of] p2a: Heihachi
|
|turn|5
|
|switch|p2a: Tytannial|Ferrothorn, M|352\/352
|move|p1a: Landorus-Therian|U-turn|p2a: Tytannial
|-damage|p2a: Tytannial|303\/352
|-damage|p1a: Landorus-Therian|280\/382|[from] ability: Iron Barbs|[of] p2a: Tytannial
|-damage|p1a: Landorus-Therian|217\/382|[from] item: Rocky Helmet|[of] p2a: Tytannial
|
|switch|p1a: Mandibuzz|Mandibuzz, F|424\/424
|
|turn|6
|
|switch|p2a: Heihachi|Conkeldurr, M|296\/383
|move|p1a: Mandibuzz|Taunt|p2a: Heihachi
|-start|p2a: Heihachi|move: Taunt
|
|turn|7
|
|move|p1a: Mandibuzz|Foul Play|p2a: Heihachi
|-resisted|p2a: Heihachi
|-damage|p2a: Heihachi|210\/383
|move|p2a: Heihachi|Knock Off|p1a: Mandibuzz
|-resisted|p1a: Mandibuzz
|-damage|p1a: Mandibuzz|388\/424
|-enditem|p1a: Mandibuzz|Leftovers|[from] move: Knock Off|[of] p2a: Heihachi
|
|turn|8
|
|switch|p1a: Landorus-Therian|Landorus-Therian, M|217\/382
|-ability|p1a: Landorus-Therian|Intimidate|[of] p2a: Heihachi
|-unboost|p2a: Heihachi|atk|1
|move|p2a: Heihachi|Ice Punch|p1a: Landorus-Therian
|-supereffective|p1a: Landorus-Therian
|-damage|p1a: Landorus-Therian|53\/382
|
|turn|9
|
|switch|p2a: Tytannial|Ferrothorn, M|303\/352
|move|p1a: Landorus-Therian|Stealth Rock|p2a: Tytannial
|-sidestart|p2: Storm Jesus|move: Stealth Rock
|
|turn|10
|join|Murkrow Jupiter
|c| Murkrow Jupiter|oh bby
|
|move|p1a: Landorus-Therian|Earthquake|p2a: Tytannial
|-damage|p2a: Tytannial|213\/352
|move|p2a: Tytannial|Stealth Rock|p1a: Landorus-Therian
|-sidestart|p1: lil manaphy|move: Stealth Rock
|
|turn|11
|c| Murkrow Jupiter|get'er storm
|
|move|p1a: Landorus-Therian|Earthquake|p2a: Tytannial
|-damage|p2a: Tytannial|119\/352
|move|p2a: Tytannial|Leech Seed|p1a: Landorus-Therian
|-start|p1a: Landorus-Therian|move: Leech Seed
|
|-damage|p1a: Landorus-Therian|6\/382|[from] Leech Seed|[of] p2a: Tytannial
|-heal|p2a: Tytannial|166\/352|[silent]
|turn|12
|join|Alldaalts
|
|switch|p1a: Wobbuffet|Wobbuffet, F|528\/528
|-damage|p1a: Wobbuffet|462\/528|[from] Stealth Rock
|move|p2a: Tytannial|Spikes|p1a: Wobbuffet
|-sidestart|p1: lil manaphy|Spikes
|
|-heal|p1a: Wobbuffet|495\/528|[from] item: Leftovers
|turn|13
|
|move|p1a: Wobbuffet|Encore|p2a: Tytannial
|-start|p2a: Tytannial|Encore
|move|p2a: Tytannial|Spikes|p1a: Wobbuffet
|-sidestart|p1: lil manaphy|Spikes
|
|-heal|p1a: Wobbuffet|528\/528|[from] item: Leftovers
|turn|14
|
|switch|p1a: Mandibuzz|Mandibuzz, F|388\/424
|-damage|p1a: Mandibuzz|282\/424|[from] Stealth Rock
|move|p2a: Tytannial|Spikes|p1a: Mandibuzz
|-sidestart|p1: lil manaphy|Spikes
|
|turn|15
|
|switch|p2a: Phantom|Gengar, M|262\/262
|-damage|p2a: Phantom|230\/262|[from] Stealth Rock
|move|p1a: Mandibuzz|Defog|p2a: Phantom
|-unboost|p2a: Phantom|evasion|1
|-sideend|p2: Storm Jesus|Stealth Rock|[from] move: Defog|[of] p2a: Phantom
|-sideend|p1: lil manaphy|Spikes|[from] move: Defog|[of] p1a: Mandibuzz
|-sideend|p1: lil manaphy|Stealth Rock|[from] move: Defog|[of] p1a: Mandibuzz
|
|turn|16
|c|âStorm Jesus|WRONG BUTTON
|
|move|p2a: Phantom|Sludge Wave|p1a: Mandibuzz
|-damage|p1a: Mandibuzz|64\/424
|-damage|p2a: Phantom|204\/262|[from] item: Life Orb
|move|p1a: Mandibuzz|Foul Play|p2a: Phantom
|-supereffective|p2a: Phantom
|-damage|p2a: Phantom|0 fnt
|faint|p2a: Phantom
|
|
|switch|p2a: Predator|Gyarados, M|331\/331
|-ability|p2a: Predator|Intimidate|[of] p1a: Mandibuzz
|-unboost|p1a: Mandibuzz|atk|1
|turn|17
|
|switch|p1a: Ferrothorn|Ferrothorn, F|352\/352
|detailschange|p2a: Predator|Gyarados-Mega, M
|-mega|p2a: Predator|Gyarados|Gyaradosite
|-ability|p2a: Predator|Mold Breaker
|move|p2a: Predator|Waterfall|p1a: Ferrothorn
|-resisted|p1a: Ferrothorn
|-damage|p1a: Ferrothorn|304\/352
|-damage|p2a: Predator|290\/331|[from] ability: Iron Barbs|[of] p1a: Ferrothorn
|
|turn|18
|
|switch|p2a: Tytannial|Ferrothorn, M|166\/352
|switch|p1a: Mandibuzz|Mandibuzz, F|64\/424
|
|turn|19
|
|move|p1a: Mandibuzz|Roost|p1a: Mandibuzz
|-heal|p1a: Mandibuzz|276\/424
|move|p2a: Tytannial|Gyro Ball|p1a: Mandibuzz
|-damage|p1a: Mandibuzz|185\/424
|
|turn|20
|
|move|p1a: Mandibuzz|Taunt|p2a: Tytannial
|-start|p2a: Tytannial|move: Taunt
|move|p2a: Tytannial|Gyro Ball|p1a: Mandibuzz
|-damage|p1a: Mandibuzz|88\/424
|
|turn|21
|
|switch|p2a: R2P2|Porygon2|374\/374
|-ability|p2a: R2P2|Overcoat|[from] ability: Trace|[of] p1a: Mandibuzz
|move|p1a: Mandibuzz|Roost|p1a: Mandibuzz
|-heal|p1a: Mandibuzz|300\/424
|
|turn|22
|
|switch|p1a: Wobbuffet|Wobbuffet, F|528\/528
|move|p2a: R2P2|Ice Beam|p1a: Wobbuffet
|-damage|p1a: Wobbuffet|442\/528
|
|-heal|p1a: Wobbuffet|475\/528|[from] item: Leftovers
|turn|23
|
|move|p2a: R2P2|Substitute|p2a: R2P2
|-start|p2a: R2P2|Substitute
|-damage|p2a: R2P2|281\/374
|move|p1a: Wobbuffet|Encore|p2a: R2P2
|-start|p2a: R2P2|Encore
|
|-heal|p1a: Wobbuffet|508\/528|[from] item: Leftovers
|turn|24
|
|switch|p1a: Diancie|Diancie|241\/241
|move|p2a: R2P2|Substitute|p2a: R2P2
|-fail|p2a: R2P2|move: Substitute
|
|turn|25
|
|switch|p2a: Tytannial|Ferrothorn, M|166\/352
|detailschange|p1a: Diancie|Diancie-Mega
|-mega|p1a: Diancie|Diancie|Diancite
|move|p1a: Diancie|Moonblast|p2a: Tytannial
|-resisted|p2a: Tytannial
|-damage|p2a: Tytannial|81\/352
|-unboost|p2a: Tytannial|spa|1
|
|turn|26
|
|move|p1a: Diancie|Earth Power|p2a: Tytannial
|-crit|p2a: Tytannial
|-damage|p2a: Tytannial|0 fnt
|faint|p2a: Tytannial
|
|
|switch|p2a: Predator|Gyarados-Mega, M|290\/331
|-ability|p2a: Predator|Mold Breaker
|turn|27
|
|move|p1a: Diancie|Moonblast|p2a: Predator
|-supereffective|p2a: Predator
|-damage|p2a: Predator|0 fnt
|faint|p2a: Predator
|
|
|switch|p2a: R2P2|Porygon2|281\/374
|-ability|p2a: R2P2|Magic Bounce|[from] ability: Trace|[of] p1a: Diancie
|turn|28
|
|switch|p1a: Wobbuffet|Wobbuffet, F|508\/528
|move|p2a: R2P2|Recover|p2a: R2P2
|-heal|p2a: R2P2|374\/374
|
|-heal|p1a: Wobbuffet|528\/528|[from] item: Leftovers
|turn|29
|
|move|p2a: R2P2|Substitute|p2a: R2P2
|-start|p2a: R2P2|Substitute
|-damage|p2a: R2P2|281\/374
|move|p1a: Wobbuffet|Encore|p2a: R2P2
|move|p2a: R2P2|Encore|p1a: Wobbuffet|[from]Magic Bounce
|-fail|p1a: Wobbuffet
|
|turn|30
|
|switch|p1a: Ferrothorn|Ferrothorn, F|304\/352
|move|p2a: R2P2|Recover|p2a: R2P2
|-heal|p2a: R2P2|374\/374
|
|turn|31
|
|move|p2a: R2P2|Ice Beam|p1a: Ferrothorn
|-damage|p1a: Ferrothorn|248\/352
|move|p1a: Ferrothorn|Power Whip|p2a: R2P2
|-activate|p2a: R2P2|Substitute|[damage]
|
|turn|32
|
|move|p2a: R2P2|Ice Beam|p1a: Ferrothorn
|-damage|p1a: Ferrothorn|189\/352
|move|p1a: Ferrothorn|Power Whip|p2a: R2P2
|-end|p2a: R2P2|Substitute
|
|turn|33
|
|switch|p1a: Conkeldurr|Conkeldurr, F|98\/352
|move|p2a: R2P2|Substitute|p2a: R2P2
|-start|p2a: R2P2|Substitute
|-damage|p2a: R2P2|281\/374
|
|turn|34
|
|move|p1a: Conkeldurr|Mach Punch|p2a: R2P2
|-supereffective|p2a: R2P2
|-end|p2a: R2P2|Substitute
|move|p2a: R2P2|Ice Beam|p1a: Conkeldurr
|-crit|p1a: Conkeldurr
|-damage|p1a: Conkeldurr|15\/352
|
|turn|35
|
|move|p1a: Conkeldurr|Mach Punch|p2a: R2P2
|-supereffective|p2a: R2P2
|-damage|p2a: R2P2|189\/374
|move|p2a: R2P2|Ice Beam|p1a: Conkeldurr
|-damage|p1a: Conkeldurr|0 fnt
|faint|p1a: Conkeldurr
|
|join|MoB Barley
|
|switch|p1a: Diancie|Diancie-Mega|241\/241
|turn|36
|
|move|p1a: Diancie|Calm Mind|p1a: Diancie
|-boost|p1a: Diancie|spa|1
|-boost|p1a: Diancie|spd|1
|move|p2a: R2P2|Recover|p2a: R2P2
|-heal|p2a: R2P2|374\/374
|
|turn|37
|c| MoB Barley|lil manaphy
|
|move|p1a: Diancie|Calm Mind|p1a: Diancie
|-boost|p1a: Diancie|spa|1
|-boost|p1a: Diancie|spd|1
|move|p2a: R2P2|Discharge|p1a: Diancie
|-damage|p1a: Diancie|210\/241
|
|turn|38
|c| MoB Barley|why are u so anti social lately
|
|move|p1a: Diancie|Moonblast|p2a: R2P2
|-damage|p2a: R2P2|107\/374
|-unboost|p2a: R2P2|spa|1
|move|p2a: R2P2|Discharge|p1a: Diancie
|-damage|p1a: Diancie|189\/241
|
|turn|39
|c|âStorm Jesus|ikr
|c| Murkrow Jupiter|LMAO MOB
|c|âStorm Jesus|gg
|-message|Storm Jesus forfeited.
|
|win|lil manaphy
|raw|Ladder updating...
|c| MoB Barley|its creeping me out
|raw|lil manaphy's rating: 1433 &rarr; <strong>1448<\/strong><br \/>(+15 for winning)
|raw|Storm Jesus's rating: 1353 &rarr; <strong>1338<\/strong><br \/>(-15 for losing)
|c|âStorm Jesus|its probably not her
|c| Murkrow Jupiter|she creeps me out
|c|âlil manaphy|>not me