|join|Storm Jesus
|join|Tannor
|player|p1|Storm Jesus|151
|player|p2|Tannor|266
|gametype|singles
|gen|6
|tier|OU (suspect test)
|rated
|clearpoke
|poke|p1|Gengar, M
|poke|p1|Meloetta
|poke|p1|Conkeldurr, M
|poke|p1|Gyarados, M
|poke|p1|Porygon2
|poke|p1|Ferrothorn, M
|poke|p2|Togekiss, F
|poke|p2|Skarmory, F
|poke|p2|Rotom-Wash
|poke|p2|Chansey, F
|poke|p2|Zigzagoon, M
|poke|p2|Crawdaunt, M
|rule|Swagger Clause: Swagger is banned
|rule|Baton Pass Clause: Limit one PokÃ©mon knowing Baton Pass
|rule|Sleep Clause Mod: Limit one foe put to sleep
|rule|Species Clause: Limit one of each PokÃ©mon
|rule|OHKO Clause: OHKO moves are banned
|rule|Moody Clause: Moody is banned
|rule|Evasion Moves Clause: Evasion moves are banned
|rule|Endless Battle Clause: Forcing endless battles is banned
|rule|HP Percentage Mod: HP is shown in percentages
|teampreview
|join|Alldaalts
|c| Alldaalts|da fuck
|c|âStorm Jesus|ZIGZAGOON OP
|c| Alldaalts|n
|
|start
|switch|p1a: R2P2|Porygon2|374\/374
|switch|p2a: Skarmy|Skarmory, F|334\/334
|-ability|p1a: R2P2|Sturdy|[from] ability: Trace|[of] p2a: Skarmy
|turn|1
|c| Alldaalts|let me guess b-drum?
|c|âTannor|Yep !
|
|move|p2a: Skarmy|Stealth Rock|p1a: R2P2
|-sidestart|p1: Storm Jesus|move: Stealth Rock
|move|p1a: R2P2|Substitute|p1a: R2P2
|-start|p1a: R2P2|Substitute
|-damage|p1a: R2P2|281\/374
|
|turn|2
|
|move|p2a: Skarmy|Spikes|p1a: R2P2
|-sidestart|p1: Storm Jesus|Spikes
|move|p1a: R2P2|Discharge|p2a: Skarmy
|-supereffective|p2a: Skarmy
|-damage|p2a: Skarmy|222\/334
|
|turn|3
|
|move|p2a: Skarmy|Roost|p2a: Skarmy
|-heal|p2a: Skarmy|334\/334
|move|p1a: R2P2|Discharge|p2a: Skarmy
|-damage|p2a: Skarmy|278\/334
|
|turn|4
|c| Alldaalts|I thought it ws t-bolt
|
|move|p2a: Skarmy|Spikes|p1a: R2P2
|-sidestart|p1: Storm Jesus|Spikes
|move|p1a: R2P2|Discharge|p2a: Skarmy
|-supereffective|p2a: Skarmy
|-damage|p2a: Skarmy|158\/334
|
|turn|5
|
|move|p2a: Skarmy|Spikes|p1a: R2P2
|-sidestart|p1: Storm Jesus|Spikes
|move|p1a: R2P2|Discharge|p2a: Skarmy
|-supereffective|p2a: Skarmy
|-damage|p2a: Skarmy|34\/334
|
|turn|6
|
|move|p2a: Skarmy|Roost|p2a: Skarmy
|-heal|p2a: Skarmy|201\/334
|move|p1a: R2P2|Ice Beam|p2a: Skarmy
|-resisted|p2a: Skarmy
|-damage|p2a: Skarmy|166\/334
|
|turn|7
|
|move|p2a: Skarmy|Roost|p2a: Skarmy
|-heal|p2a: Skarmy|333\/334
|move|p1a: R2P2|Discharge|p2a: Skarmy
|-damage|p2a: Skarmy|273\/334
|-status|p2a: Skarmy|par
|
|turn|8
|
|move|p1a: R2P2|Discharge|p2a: Skarmy
|-supereffective|p2a: Skarmy
|-damage|p2a: Skarmy|147\/334 par
|cant|p2a: Skarmy|par
|
|turn|9
|c| Alldaalts|ayyyy one more
|
|move|p1a: R2P2|Discharge|p2a: Skarmy
|-supereffective|p2a: Skarmy
|-damage|p2a: Skarmy|27\/334 par
|move|p2a: Skarmy|Roost|p2a: Skarmy
|-heal|p2a: Skarmy|194\/334 par
|
|turn|10
|c|âStorm Jesus|FINE BE THAT WAY ;-;
|
|switch|p2a: Happy|Chansey, F|704\/704
|move|p1a: R2P2|Recover|p1a: R2P2
|-heal|p1a: R2P2|374\/374
|
|turn|11
|
|move|p1a: R2P2|Ice Beam|p2a: Happy
|-damage|p2a: Happy|659\/704
|move|p2a: Happy|Heal Bell|p2a: Happy
|-cureteam|p2a: Happy|[from] move: HealBell
|
|turn|12
|
|move|p1a: R2P2|Ice Beam|p2a: Happy
|-crit|p2a: Happy
|-damage|p2a: Happy|592\/704
|move|p2a: Happy|Wish|p2a: Happy
|
|turn|13
|
|switch|p2a: Skarmy|Skarmory, F|194\/334
|move|p1a: R2P2|Discharge|p2a: Skarmy
|-supereffective|p2a: Skarmy
|-damage|p2a: Skarmy|70\/334
|
|-heal|p2a: Skarmy|334\/334|[from] move: Wish|[wisher] Happy
|turn|14
|
|move|p1a: R2P2|Discharge|p2a: Skarmy
|-supereffective|p2a: Skarmy
|-damage|p2a: Skarmy|218\/334
|-status|p2a: Skarmy|par
|move|p2a: Skarmy|Whirlwind|p1a: R2P2
|drag|p1a: Heihachi|Conkeldurr, M|383\/383
|-damage|p1a: Heihachi|360\/383|[from] Stealth Rock
|-damage|p1a: Heihachi|265\/383|[from] Spikes
|
|turn|15
|
|move|p1a: Heihachi|Knock Off|p2a: Skarmy
|-damage|p2a: Skarmy|135\/334 par
|-damage|p1a: Heihachi|202\/383|[from] item: Rocky Helmet|[of] p2a: Skarmy
|-enditem|p2a: Skarmy|Rocky Helmet|[from] move: Knock Off|[of] p1a: Heihachi
|move|p2a: Skarmy|Whirlwind|p1a: Heihachi
|drag|p1a: R2P2|Porygon2|374\/374
|-damage|p1a: R2P2|328\/374|[from] Stealth Rock
|-damage|p1a: R2P2|235\/374|[from] Spikes
|-ability|p1a: R2P2|Sturdy|[from] ability: Trace|[of] p2a: Skarmy
|
|turn|16
|
|switch|p2a: Happy|Chansey, F|592\/704
|move|p1a: R2P2|Discharge|p2a: Happy
|-damage|p2a: Happy|548\/704
|
|turn|17
|c|âStorm Jesus|wtf am I doing
|c|âStorm Jesus|LOL
|c| Alldaalts|I have no idea
|
|switch|p1a: Tytannial|Ferrothorn, M|352\/352
|-damage|p1a: Tytannial|264\/352|[from] Spikes
|-damage|p1a: Tytannial|242\/352|[from] Stealth Rock
|move|p2a: Happy|Heal Bell|p2a: Happy
|-cureteam|p2a: Happy|[from] move: HealBell
|
|turn|18
|
|move|p2a: Happy|Wish|p2a: Happy
|move|p1a: Tytannial|Stealth Rock|p2a: Happy
|-sidestart|p2: Tannor|move: Stealth Rock
|
|turn|19
|
|switch|p2a: Skarmy|Skarmory, F|135\/334
|-damage|p2a: Skarmy|94\/334|[from] Stealth Rock
|move|p1a: Tytannial|Spikes|p2a: Skarmy
|-sidestart|p2: Tannor|Spikes
|
|-heal|p2a: Skarmy|334\/334|[from] move: Wish|[wisher] Happy
|turn|20
|
|move|p1a: Tytannial|Spikes|p2a: Skarmy
|-sidestart|p2: Tannor|Spikes
|move|p2a: Skarmy|Whirlwind|p1a: Tytannial
|drag|p1a: Predator|Gyarados, M|331\/331
|-damage|p1a: Predator|249\/331|[from] Stealth Rock
|-ability|p1a: Predator|Intimidate|[of] p2a: Skarmy
|-unboost|p2a: Skarmy|atk|1
|
|turn|21
|
|detailschange|p1a: Predator|Gyarados-Mega, M
|-mega|p1a: Predator|Gyarados|Gyaradosite
|-ability|p1a: Predator|Mold Breaker
|move|p1a: Predator|Dragon Dance|p1a: Predator
|-boost|p1a: Predator|atk|1
|-boost|p1a: Predator|spe|1
|move|p2a: Skarmy|Whirlwind|p1a: Predator
|drag|p1a: Heihachi|Conkeldurr, M|202\/383
|-damage|p1a: Heihachi|107\/383|[from] Spikes
|-damage|p1a: Heihachi|84\/383|[from] Stealth Rock
|
|turn|22
|c| Alldaalts|rude
|
|move|p1a: Heihachi|Drain Punch|p2a: Skarmy
|-damage|p2a: Skarmy|243\/334
|-heal|p1a: Heihachi|130\/383|[from] drain|[of] p2a: Skarmy
|move|p2a: Skarmy|Whirlwind|p1a: Heihachi
|drag|p1a: Predator|Gyarados-Mega, M|249\/331
|-damage|p1a: Predator|167\/331|[from] Spikes
|-damage|p1a: Predator|126\/331|[from] Stealth Rock
|-ability|p1a: Predator|Mold Breaker
|
|turn|23
|
|move|p1a: Predator|Waterfall|p2a: Skarmy
|-damage|p2a: Skarmy|135\/334
|move|p2a: Skarmy|Whirlwind|p1a: Predator
|drag|p1a: R2P2|Porygon2|235\/374
|-damage|p1a: R2P2|189\/374|[from] Stealth Rock
|-damage|p1a: R2P2|96\/374|[from] Spikes
|-ability|p1a: R2P2|Sturdy|[from] ability: Trace|[of] p2a: Skarmy
|
|turn|24
|
|move|p2a: Skarmy|Roost|p2a: Skarmy
|-heal|p2a: Skarmy|302\/334
|move|p1a: R2P2|Recover|p1a: R2P2
|-heal|p1a: R2P2|283\/374
|
|turn|25
|
|move|p1a: R2P2|Discharge|p2a: Skarmy
|-crit|p2a: Skarmy
|-supereffective|p2a: Skarmy
|-damage|p2a: Skarmy|132\/334
|-status|p2a: Skarmy|par
|move|p2a: Skarmy|Whirlwind|p1a: R2P2
|drag|p1a: Tytannial|Ferrothorn, M|242\/352
|-damage|p1a: Tytannial|220\/352|[from] Stealth Rock
|-damage|p1a: Tytannial|132\/352|[from] Spikes
|
|turn|26
|
|move|p1a: Tytannial|Spikes|p2a: Skarmy
|-sidestart|p2: Tannor|Spikes
|move|p2a: Skarmy|Whirlwind|p1a: Tytannial
|drag|p1a: Heihachi|Conkeldurr, M|130\/383
|-damage|p1a: Heihachi|35\/383|[from] Spikes
|-damage|p1a: Heihachi|12\/383|[from] Stealth Rock
|
|turn|27
|
|move|p1a: Heihachi|Drain Punch|p2a: Skarmy
|-damage|p2a: Skarmy|32\/334 par
|-heal|p1a: Heihachi|62\/383|[from] drain|[of] p2a: Skarmy
|move|p2a: Skarmy|Whirlwind|p1a: Heihachi
|drag|p1a: Zelda|Meloetta|404\/404
|-damage|p1a: Zelda|354\/404|[from] Stealth Rock
|-damage|p1a: Zelda|253\/404|[from] Spikes
|
|-heal|p1a: Zelda|278\/404|[from] item: Leftovers
|turn|28
|
|switch|p2a: Happy|Chansey, F|548\/704
|-damage|p2a: Happy|460\/704|[from] Stealth Rock
|-damage|p2a: Happy|284\/704|[from] Spikes
|move|p1a: Zelda|Psyshock|p2a: Happy
|-damage|p2a: Happy|133\/704
|
|-heal|p1a: Zelda|303\/404|[from] item: Leftovers
|turn|29
|c| Alldaalts|nice and dead chandey
|
|switch|p2a: Crawdaunt|Crawdaunt, M|267\/267
|-damage|p2a: Crawdaunt|234\/267|[from] Stealth Rock
|-damage|p2a: Crawdaunt|168\/267|[from] Spikes
|move|p1a: Zelda|Psyshock|p2a: Crawdaunt
|-immune|p2a: Crawdaunt|[msg]
|
|-heal|p1a: Zelda|328\/404|[from] item: Leftovers
|turn|30
|
|switch|p1a: Tytannial|Ferrothorn, M|132\/352
|-damage|p1a: Tytannial|44\/352|[from] Spikes
|-damage|p1a: Tytannial|22\/352|[from] Stealth Rock
|move|p2a: Crawdaunt|Aqua Jet|p1a: Tytannial
|-resisted|p1a: Tytannial
|-damage|p1a: Tytannial|0 fnt
|-damage|p2a: Crawdaunt|135\/267|[from] ability: Iron Barbs|[of] p1a: Tytannial
|-damage|p2a: Crawdaunt|91\/267|[from] item: Rocky Helmet|[of] p1a: Tytannial
|faint|p1a: Tytannial
|
|
|switch|p1a: R2P2|Porygon2|283\/374
|-damage|p1a: R2P2|237\/374|[from] Stealth Rock
|-damage|p1a: R2P2|144\/374|[from] Spikes
|-ability|p1a: R2P2|Adaptability|[from] ability: Trace|[of] p2a: Crawdaunt
|turn|31
|
|move|p2a: Crawdaunt|Knock Off|p1a: R2P2
|-damage|p1a: R2P2|18\/374
|-enditem|p1a: R2P2|Eviolite|[from] move: Knock Off|[of] p2a: Crawdaunt
|move|p1a: R2P2|Discharge|p2a: Crawdaunt
|-supereffective|p2a: Crawdaunt
|-damage|p2a: Crawdaunt|0 fnt
|faint|p2a: Crawdaunt
|
|
|switch|p2a: Zigzagoon|Zigzagoon, M|218\/218
|-damage|p2a: Zigzagoon|164\/218|[from] Spikes
|-damage|p2a: Zigzagoon|137\/218|[from] Stealth Rock
|turn|32
|
|move|p2a: Zigzagoon|Extreme Speed|p1a: R2P2
|-damage|p1a: R2P2|0 fnt
|faint|p1a: R2P2
|
|c| Alldaalts|I think that was max
|c|âStorm Jesus|Lol ikr
|c|âStorm Jesus|haha
|
|switch|p1a: Phantom|Gengar, M|262\/262
|-damage|p1a: Phantom|230\/262|[from] Stealth Rock
|turn|33
|c|âStorm Jesus|p2 was physically defensive eviolite
|
|move|p1a: Phantom|Sludge Wave|p2a: Zigzagoon
|-crit|p2a: Zigzagoon
|-damage|p2a: Zigzagoon|0 fnt
|-damage|p1a: Phantom|204\/262|[from] item: Life Orb
|faint|p2a: Zigzagoon
|
|c| Alldaalts|no I does 8-9
|
|switch|p2a: Roty|Rotom-Wash|304\/304
|-damage|p2a: Roty|266\/304|[from] Stealth Rock
|turn|34
|c| Alldaalts|lmao
|c|âStorm Jesus|LMFAOOOOOO
|
|move|p1a: Phantom|Sludge Wave|p2a: Roty
|-damage|p2a: Roty|105\/304
|-damage|p1a: Phantom|178\/262|[from] item: Life Orb
|move|p2a: Roty|Hydro Pump|p1a: Phantom
|-damage|p1a: Phantom|0 fnt
|faint|p1a: Phantom
|
|
|switch|p1a: Predator|Gyarados-Mega, M|126\/331
|-damage|p1a: Predator|85\/331|[from] Stealth Rock
|-damage|p1a: Predator|3\/331|[from] Spikes
|-ability|p1a: Predator|Mold Breaker
|turn|35
|c|âStorm Jesus|freaking spikes!
|
|move|p1a: Predator|Crunch|p2a: Roty
|-damage|p2a: Roty|0 fnt
|faint|p2a: Roty
|
|
|switch|p2a: Skyler|Togekiss, F|374\/374
|-damage|p2a: Skyler|281\/374|[from] Stealth Rock
|turn|36
|
|move|p1a: Predator|Waterfall|p2a: Skyler
|-damage|p2a: Skyler|166\/374
|move|p2a: Skyler|Air Slash|p1a: Predator
|-damage|p1a: Predator|0 fnt
|faint|p1a: Predator
|
|
|switch|p1a: Zelda|Meloetta|328\/404
|-damage|p1a: Zelda|227\/404|[from] Spikes
|-damage|p1a: Zelda|177\/404|[from] Stealth Rock
|turn|37
|
|move|p1a: Zelda|Substitute|p1a: Zelda
|-start|p1a: Zelda|Substitute
|-damage|p1a: Zelda|76\/404
|move|p2a: Skyler|Wish|p2a: Skyler
|
|-heal|p1a: Zelda|101\/404|[from] item: Leftovers
|turn|38
|
|move|p1a: Zelda|Calm Mind|p1a: Zelda
|-boost|p1a: Zelda|spa|1
|-boost|p1a: Zelda|spd|1
|move|p2a: Skyler|Air Slash|p1a: Zelda
|-activate|p1a: Zelda|Substitute|[damage]
|
|-heal|p2a: Skyler|353\/374|[from] move: Wish|[wisher] Skyler
|-heal|p1a: Zelda|126\/404|[from] item: Leftovers
|turn|39
|
|move|p1a: Zelda|Psyshock|p2a: Skyler
|-damage|p2a: Skyler|214\/374
|move|p2a: Skyler|Air Slash|p1a: Zelda
|-end|p1a: Zelda|Substitute
|
|-heal|p1a: Zelda|151\/404|[from] item: Leftovers
|turn|40
|
|move|p1a: Zelda|Substitute|p1a: Zelda
|-start|p1a: Zelda|Substitute
|-damage|p1a: Zelda|50\/404
|move|p2a: Skyler|Air Slash|p1a: Zelda
|-activate|p1a: Zelda|Substitute|[damage]
|
|-heal|p1a: Zelda|75\/404|[from] item: Leftovers
|turn|41
|
|move|p1a: Zelda|Psyshock|p2a: Skyler
|-damage|p2a: Skyler|91\/374
|move|p2a: Skyler|Air Slash|p1a: Zelda
|-end|p1a: Zelda|Substitute
|
|-heal|p1a: Zelda|100\/404|[from] item: Leftovers
|turn|42
|c|âStorm Jesus|G_G
|
|move|p1a: Zelda|Psyshock|p2a: Skyler
|-damage|p2a: Skyler|0 fnt
|faint|p2a: Skyler
|
|-heal|p1a: Zelda|125\/404|[from] item: Leftovers
|c|âStorm Jesus|Lmao
|
|switch|p2a: Happy|Chansey, F|133\/704
|-damage|p2a: Happy|45\/704|[from] Stealth Rock
|-damage|p2a: Happy|0 fnt|[from] Spikes
|faint|p2a: Happy
|c|âTannor|gg!
|
|switch|p2a: Skarmy|Skarmory, F|32\/334 par
|-damage|p2a: Skarmy|0 fnt|[from] Stealth Rock
|faint|p2a: Skarmy
|
|win|Storm Jesus
|raw|Ladder updating...
|raw|Storm Jesus's rating: 1102 &rarr; <strong>1125<\/strong><br \/>(+23 for winning)
|raw|Tannor's rating: 1077 &rarr; <strong>1057<\/strong><br \/>(-20 for losing)
|c| Alldaalts|gg
|leave|Tannor
|player|p2