|join|alb_prova
|join|my team is so ass
|player|p1|alb_prova|210
|player|p2|my team is so ass|234
|gametype|singles
|gen|6
|tier|ORAS OU
|rated
|rule|Sleep Clause Mod: Limit one foe put to sleep
|rule|Species Clause: Limit one of each PokÃ©mon
|rule|OHKO Clause: OHKO moves are banned
|rule|Moody Clause: Moody is banned
|rule|Evasion Moves Clause: Evasion moves are banned
|rule|Endless Battle Clause: Forcing endless battles is banned
|rule|HP Percentage Mod: HP is shown in percentages
|clearpoke
|poke|p1|Jirachi
|poke|p1|Azumarill, M
|poke|p1|Poliwrath, F
|poke|p1|Heracross, F
|poke|p1|Raikou
|poke|p1|Avalugg, M
|poke|p2|Gallade, M
|poke|p2|Slowbro, F
|poke|p2|Latios, M
|poke|p2|Thundurus, M
|poke|p2|Klefki, M
|poke|p2|Mamoswine, M
|rule|Swagger Clause: Swagger is banned
|rule|Baton Pass Clause: Limit one PokÃ©mon knowing Baton Pass
|teampreview
|
|start
|switch|p1a: Raikou|Raikou|321\/321
|switch|p2a: Mamoswine|Mamoswine, M|361\/361
|-ability|p1a: Raikou|Pressure
|turn|1
|
|switch|p1a: Wrongtoad|Poliwrath, F|384\/384
|move|p2a: Mamoswine|Earthquake|p1a: Wrongtoad
|-damage|p1a: Wrongtoad|255\/384
|
|-heal|p1a: Wrongtoad|279\/384|[from] item: Leftovers
|turn|2
|
|switch|p2a: Slowbro|Slowbro, F|394\/394
|move|p1a: Wrongtoad|Scald|p2a: Slowbro
|-crit|p2a: Slowbro
|-resisted|p2a: Slowbro
|-damage|p2a: Slowbro|329\/394
|
|-heal|p1a: Wrongtoad|303\/384|[from] item: Leftovers
|-heal|p2a: Slowbro|353\/394|[from] item: Leftovers
|turn|3
|
|switch|p1a: Nano malefico|Jirachi|404\/404
|move|p2a: Slowbro|Scald|p1a: Nano malefico
|-damage|p1a: Nano malefico|337\/404
|
|-heal|p1a: Nano malefico|362\/404|[from] item: Leftovers
|-heal|p2a: Slowbro|377\/394|[from] item: Leftovers
|turn|4
|
|switch|p2a: Mamoswine|Mamoswine, M|361\/361
|move|p1a: Nano malefico|Stealth Rock|p2a: Mamoswine
|-sidestart|p2: my team is so ass|move: Stealth Rock
|
|-heal|p1a: Nano malefico|387\/404|[from] item: Leftovers
|turn|5
|
|switch|p1a: Piroetta|Avalugg, M|394\/394
|move|p2a: Mamoswine|Stealth Rock|p1a: Piroetta
|-sidestart|p1: alb_prova|move: Stealth Rock
|
|turn|6
|
|switch|p2a: Slowbro|Slowbro, F|394\/394
|-damage|p2a: Slowbro|345\/394|[from] Stealth Rock
|move|p1a: Piroetta|Rapid Spin|p2a: Slowbro
|-damage|p2a: Slowbro|332\/394
|-sideend|p1: alb_prova|Stealth Rock|[from] move: Rapid Spin|[of] p1a: Piroetta
|
|-heal|p2a: Slowbro|356\/394|[from] item: Leftovers
|turn|7
|
|switch|p1a: Wrongtoad|Poliwrath, F|303\/384
|move|p2a: Slowbro|Scald|p1a: Wrongtoad
|-heal|p1a: Wrongtoad|384\/384|[from] ability: Water Absorb|[of] p2a: Slowbro
|
|-heal|p2a: Slowbro|380\/394|[from] item: Leftovers
|turn|8
|
|switch|p1a: Nano malefico|Jirachi|387\/404
|move|p2a: Slowbro|Thunder Wave|p1a: Nano malefico
|-status|p1a: Nano malefico|par
|
|-heal|p2a: Slowbro|394\/394|[from] item: Leftovers
|-heal|p1a: Nano malefico|404\/404 par|[from] item: Leftovers
|turn|9
|
|move|p2a: Slowbro|Scald|p1a: Nano malefico
|-damage|p1a: Nano malefico|332\/404 par
|move|p1a: Nano malefico|Body Slam|p2a: Slowbro
|-damage|p2a: Slowbro|350\/394
|-status|p2a: Slowbro|par
|
|-heal|p1a: Nano malefico|357\/404 par|[from] item: Leftovers
|-heal|p2a: Slowbro|374\/394 par|[from] item: Leftovers
|turn|10
|
|switch|p1a: Raikou|Raikou|321\/321
|-ability|p1a: Raikou|Pressure
|switch|p2a: Klefki|Klefki, M|318\/318
|-damage|p2a: Klefki|299\/318|[from] Stealth Rock
|
|-heal|p2a: Klefki|318\/318|[from] item: Leftovers
|turn|11
|
|move|p2a: Klefki|Toxic|p1a: Raikou
|-status|p1a: Raikou|tox
|move|p1a: Raikou|Thunderbolt|p2a: Klefki
|-damage|p2a: Klefki|200\/318
|
|-heal|p2a: Klefki|219\/318|[from] item: Leftovers
|-damage|p1a: Raikou|301\/321 tox|[from] psn
|turn|12
|
|switch|p1a: Wrongtoad|Poliwrath, F|384\/384
|move|p2a: Klefki|Spikes|p1a: Wrongtoad
|-sidestart|p1: alb_prova|Spikes
|
|-heal|p2a: Klefki|238\/318|[from] item: Leftovers
|turn|13
|
|move|p2a: Klefki|Toxic|p1a: Wrongtoad
|-status|p1a: Wrongtoad|tox
|move|p1a: Wrongtoad|Scald|p2a: Klefki
|-damage|p2a: Klefki|178\/318
|
|-heal|p2a: Klefki|197\/318|[from] item: Leftovers
|-damage|p1a: Wrongtoad|360\/384 tox|[from] psn
|turn|14
|
|switch|p2a: Slowbro|Slowbro, F|394\/394 par
|-damage|p2a: Slowbro|345\/394 par|[from] Stealth Rock
|move|p1a: Wrongtoad|Circle Throw|p2a: Slowbro
|-resisted|p2a: Slowbro
|-damage|p2a: Slowbro|321\/394 par
|drag|p2a: Thundurus|Thundurus, M|299\/299
|-damage|p2a: Thundurus|225\/299|[from] Stealth Rock
|
|-heal|p1a: Wrongtoad|384\/384 tox|[from] item: Leftovers
|-damage|p1a: Wrongtoad|336\/384 tox|[from] psn
|turn|15
|
|switch|p1a: Nano malefico|Jirachi|357\/404 par
|-damage|p1a: Nano malefico|307\/404 par|[from] Spikes
|move|p2a: Thundurus|Thunderbolt|p1a: Nano malefico
|-damage|p1a: Nano malefico|146\/404 par
|-damage|p2a: Thundurus|196\/299|[from] item: Life Orb
|
|-heal|p1a: Nano malefico|171\/404 par|[from] item: Leftovers
|turn|16
|
|move|p2a: Thundurus|Thunderbolt|p1a: Nano malefico
|-damage|p1a: Nano malefico|7\/404 par
|-damage|p2a: Thundurus|167\/299|[from] item: Life Orb
|move|p1a: Nano malefico|Fire Punch|p2a: Thundurus
|-damage|p2a: Thundurus|82\/299
|
|-heal|p1a: Nano malefico|32\/404 par|[from] item: Leftovers
|turn|17
|
|move|p2a: Thundurus|Thunderbolt|p1a: Nano malefico
|-damage|p1a: Nano malefico|0 fnt
|-damage|p2a: Thundurus|53\/299|[from] item: Life Orb
|faint|p1a: Nano malefico
|
|
|switch|p1a: Raikou|Raikou|301\/321 tox
|-damage|p1a: Raikou|261\/321 tox|[from] Spikes
|-ability|p1a: Raikou|Pressure
|turn|18
|
|move|p1a: Raikou|Extrasensory|p2a: Thundurus
|-damage|p2a: Thundurus|0 fnt
|faint|p2a: Thundurus
|
|-damage|p1a: Raikou|241\/321 tox|[from] psn
|
|switch|p2a: Klefki|Klefki, M|197\/318
|-damage|p2a: Klefki|178\/318|[from] Stealth Rock
|turn|19
|
|move|p2a: Klefki|Toxic|p1a: Raikou
|-fail|p1a: Raikou|tox
|move|p1a: Raikou|Thunderbolt|p2a: Klefki
|-damage|p2a: Klefki|72\/318
|
|-heal|p2a: Klefki|91\/318|[from] item: Leftovers
|-damage|p1a: Raikou|201\/321 tox|[from] psn
|turn|20
|
|move|p2a: Klefki|Spikes|p1a: Raikou
|-sidestart|p1: alb_prova|Spikes
|move|p1a: Raikou|Volt Switch|p2a: Klefki
|-damage|p2a: Klefki|7\/318
|
|switch|p1a: Wrongtoad|Poliwrath, F|336\/384 tox
|-damage|p1a: Wrongtoad|272\/384 tox|[from] Spikes
|
|-heal|p2a: Klefki|26\/318|[from] item: Leftovers
|-heal|p1a: Wrongtoad|296\/384 tox|[from] item: Leftovers
|-damage|p1a: Wrongtoad|272\/384 tox|[from] psn
|turn|21
|
|move|p2a: Klefki|Spikes|p1a: Wrongtoad
|-sidestart|p1: alb_prova|Spikes
|move|p1a: Wrongtoad|Scald|p2a: Klefki
|-damage|p2a: Klefki|0 fnt
|faint|p2a: Klefki
|
|-heal|p1a: Wrongtoad|296\/384 tox|[from] item: Leftovers
|-damage|p1a: Wrongtoad|248\/384 tox|[from] psn
|
|switch|p2a: Mamoswine|Mamoswine, M|361\/361
|-damage|p2a: Mamoswine|316\/361|[from] Stealth Rock
|turn|22
|
|move|p2a: Mamoswine|Stealth Rock|p1a: Wrongtoad
|-sidestart|p1: alb_prova|move: Stealth Rock
|move|p1a: Wrongtoad|Scald|p2a: Mamoswine
|-supereffective|p2a: Mamoswine
|-damage|p2a: Mamoswine|104\/361
|
|-heal|p1a: Wrongtoad|272\/384 tox|[from] item: Leftovers
|-damage|p1a: Wrongtoad|200\/384 tox|[from] psn
|turn|23
|
|switch|p2a: Latios|Latios, M|301\/301
|-damage|p2a: Latios|264\/301|[from] Stealth Rock
|move|p1a: Wrongtoad|Rest|p1a: Wrongtoad
|-status|p1a: Wrongtoad|slp
|-heal|p1a: Wrongtoad|384\/384 slp|[silent]
|-status|p1a: Wrongtoad|slp|[from] move: Rest
|
|turn|24
|
|move|p2a: Latios|Psyshock|p1a: Wrongtoad
|-supereffective|p1a: Wrongtoad
|-damage|p1a: Wrongtoad|111\/384 slp
|-damage|p2a: Latios|234\/301|[from] item: Life Orb
|cant|p1a: Wrongtoad|slp
|move|p1a: Wrongtoad|Sleep Talk|p1a: Wrongtoad
|move|p1a: Wrongtoad|Scald|p2a: Latios|[from]Sleep Talk
|-resisted|p2a: Latios
|-damage|p2a: Latios|204\/301
|
|-heal|p1a: Wrongtoad|135\/384 slp|[from] item: Leftovers
|turn|25
|
|move|p2a: Latios|Roost|p2a: Latios
|-heal|p2a: Latios|301\/301
|cant|p1a: Wrongtoad|slp
|move|p1a: Wrongtoad|Sleep Talk|p1a: Wrongtoad
|move|p1a: Wrongtoad|Circle Throw|p2a: Latios|[from]Sleep Talk
|-resisted|p2a: Latios
|-damage|p2a: Latios|253\/301
|drag|p2a: Mamoswine|Mamoswine, M|104\/361
|-damage|p2a: Mamoswine|59\/361|[from] Stealth Rock
|
|-heal|p1a: Wrongtoad|159\/384 slp|[from] item: Leftovers
|turn|26
|
|switch|p2a: Latios|Latios, M|253\/301
|-damage|p2a: Latios|216\/301|[from] Stealth Rock
|-curestatus|p1a: Wrongtoad|slp
|move|p1a: Wrongtoad|Circle Throw|p2a: Latios
|-resisted|p2a: Latios
|-damage|p2a: Latios|170\/301
|drag|p2a: Mamoswine|Mamoswine, M|59\/361
|-damage|p2a: Mamoswine|14\/361|[from] Stealth Rock
|
|-heal|p1a: Wrongtoad|183\/384|[from] item: Leftovers
|turn|27
|
|move|p2a: Mamoswine|Earthquake|p1a: Wrongtoad
|-damage|p1a: Wrongtoad|53\/384
|move|p1a: Wrongtoad|Circle Throw|p2a: Mamoswine
|-supereffective|p2a: Mamoswine
|-damage|p2a: Mamoswine|0 fnt
|faint|p2a: Mamoswine
|
|-heal|p1a: Wrongtoad|77\/384|[from] item: Leftovers
|
|switch|p2a: Latios|Latios, M|170\/301
|-damage|p2a: Latios|133\/301|[from] Stealth Rock
|turn|28
|
|move|p2a: Latios|Psyshock|p1a: Wrongtoad
|-supereffective|p1a: Wrongtoad
|-damage|p1a: Wrongtoad|0 fnt
|-damage|p2a: Latios|103\/301|[from] item: Life Orb
|faint|p1a: Wrongtoad
|
|
|switch|p1a: Raikou|Raikou|201\/321 tox
|-damage|p1a: Raikou|121\/321 tox|[from] Spikes
|-damage|p1a: Raikou|81\/321 tox|[from] Stealth Rock
|-ability|p1a: Raikou|Pressure
|turn|29
|
|move|p1a: Raikou|Hidden Power|p2a: Latios
|-supereffective|p2a: Latios
|-damage|p2a: Latios|0 fnt
|faint|p2a: Latios
|
|-damage|p1a: Raikou|61\/321 tox|[from] psn
|
|switch|p2a: Gallade|Gallade, M|277\/277
|-damage|p2a: Gallade|260\/277|[from] Stealth Rock
|turn|30
|
|detailschange|p2a: Gallade|Gallade-Mega, M
|message|Gallade has Mega Evolved into Mega Gallade!
|move|p1a: Raikou|Thunderbolt|p2a: Gallade
|-damage|p2a: Gallade|124\/277
|move|p2a: Gallade|Ice Punch|p1a: Raikou
|-damage|p1a: Raikou|0 fnt
|faint|p1a: Raikou
|
|
|switch|p1a: Piroetta|Avalugg, M|394\/394
|-damage|p1a: Piroetta|296\/394|[from] Stealth Rock
|-damage|p1a: Piroetta|198\/394|[from] Spikes
|turn|31
|
|move|p2a: Gallade|Close Combat|p1a: Piroetta
|-supereffective|p1a: Piroetta
|-damage|p1a: Piroetta|0 fnt
|-unboost|p2a: Gallade|def|1
|-unboost|p2a: Gallade|spd|1
|faint|p1a: Piroetta
|
|
|switch|p1a: Azumarill|Azumarill, M|401\/401
|-damage|p1a: Azumarill|301\/401|[from] Spikes
|-damage|p1a: Azumarill|251\/401|[from] Stealth Rock
|turn|32
|
|switch|p2a: Slowbro|Slowbro, F|394\/394 par
|-damage|p2a: Slowbro|345\/394 par|[from] Stealth Rock
|move|p1a: Azumarill|Waterfall|p2a: Slowbro
|-resisted|p2a: Slowbro
|-damage|p2a: Slowbro|283\/394 par
|
|-heal|p2a: Slowbro|307\/394 par|[from] item: Leftovers
|turn|33
|
|move|p1a: Azumarill|Play Rough|p2a: Slowbro|[miss]
|-miss|p1a: Azumarill|p2a: Slowbro
|cant|p2a: Slowbro|par
|
|-heal|p2a: Slowbro|331\/394 par|[from] item: Leftovers
|turn|34
|
|switch|p1a: Heracross|Heracross, F|308\/308
|-damage|p1a: Heracross|270\/308|[from] Stealth Rock
|-damage|p1a: Heracross|193\/308|[from] Spikes
|move|p2a: Slowbro|Scald|p1a: Heracross
|-damage|p1a: Heracross|102\/308
|
|-heal|p2a: Slowbro|355\/394 par|[from] item: Leftovers
|turn|35
|
|detailschange|p1a: Heracross|Heracross-Mega, F
|message|Heracross has Mega Evolved into Mega Heracross!
|move|p1a: Heracross|Pin Missile|p2a: Slowbro
|-supereffective|p2a: Slowbro
|-damage|p2a: Slowbro|271\/394 par
|-supereffective|p2a: Slowbro
|-damage|p2a: Slowbro|197\/394 par
|-supereffective|p2a: Slowbro
|-damage|p2a: Slowbro|111\/394 par
|-supereffective|p2a: Slowbro
|-damage|p2a: Slowbro|31\/394 par
|-supereffective|p2a: Slowbro
|-damage|p2a: Slowbro|0 fnt
|-hitcount|p2a: Slowbro|5
|faint|p2a: Slowbro
|
|
|switch|p2a: Gallade|Gallade-Mega, M|124\/277
|-damage|p2a: Gallade|107\/277|[from] Stealth Rock
|turn|36
|
|move|p2a: Gallade|Ice Punch|p1a: Heracross
|-damage|p1a: Heracross|6\/308
|-status|p1a: Heracross|frz
|cant|p1a: Heracross|frz
|
|turn|37
|
|move|p2a: Gallade|Ice Punch|p1a: Heracross
|-damage|p1a: Heracross|0 fnt
|faint|p1a: Heracross
|
|
|switch|p1a: Azumarill|Azumarill, M|251\/401
|-damage|p1a: Azumarill|151\/401|[from] Spikes
|-damage|p1a: Azumarill|101\/401|[from] Stealth Rock
|turn|38
|
|move|p1a: Azumarill|Aqua Jet|p2a: Gallade
|-damage|p2a: Gallade|8\/277
|move|p2a: Gallade|Leaf Blade|p1a: Azumarill
|-supereffective|p1a: Azumarill
|-damage|p1a: Azumarill|0 fnt
|faint|p1a: Azumarill
|
|win|my team is so ass
|raw|Ladder updating...
|raw|alb_prova's rating: 1361 &rarr; <strong>1332<\/strong><br \/>(-29 for losing)
|raw|my team is so ass's rating: 1195 &rarr; <strong>1231<\/strong><br \/>(+36 for winning)
|leave|my team is so ass
|player|p2