|join|Mounts
|join|alb_prova
|player|p1|Mounts|101
|player|p2|alb_prova|210
|gametype|singles
|gen|6
|tier|ORAS OU
|rated
|rule|Sleep Clause Mod: Limit one foe put to sleep
|rule|Species Clause: Limit one of each PokÃ©mon
|rule|OHKO Clause: OHKO moves are banned
|rule|Moody Clause: Moody is banned
|rule|Evasion Moves Clause: Evasion moves are banned
|rule|Endless Battle Clause: Forcing endless battles is banned
|rule|HP Percentage Mod: HP is shown in percentages
|clearpoke
|poke|p1|Latios, M
|poke|p1|Magnezone
|poke|p1|Greninja, F
|poke|p1|Breloom, M
|poke|p1|Dragonite, F
|poke|p1|Jirachi
|poke|p2|Jirachi
|poke|p2|Azumarill, M
|poke|p2|Poliwrath, F
|poke|p2|Heracross, M
|poke|p2|Raikou
|poke|p2|Avalugg, M
|rule|Swagger Clause: Swagger is banned
|rule|Baton Pass Clause: Limit one PokÃ©mon knowing Baton Pass
|teampreview
|
|start
|switch|p1a: Breloom|Breloom, M|262\/262
|switch|p2a: Heracross|Heracross, M|308\/308
|turn|1
|join|Urizen
|
|switch|p1a: Magnezone|Magnezone|292\/292
|detailschange|p2a: Heracross|Heracross-Mega, M
|message|Heracross has Mega Evolved into Mega Heracross!
|move|p2a: Heracross|Pin Missile|p1a: Magnezone
|-resisted|p1a: Magnezone
|-damage|p1a: Magnezone|268\/292
|-resisted|p1a: Magnezone
|-damage|p1a: Magnezone|242\/292
|-resisted|p1a: Magnezone
|-damage|p1a: Magnezone|218\/292
|-resisted|p1a: Magnezone
|-damage|p1a: Magnezone|191\/292
|-resisted|p1a: Magnezone
|-damage|p1a: Magnezone|164\/292
|-hitcount|p1a: Magnezone|5
|
|turn|2
|leave|Urizen
|
|switch|p2a: Raikou|Raikou|321\/321
|-ability|p2a: Raikou|Pressure
|switch|p1a: Latios|Latios, M|301\/301
|
|turn|3
|
|detailschange|p1a: Latios|Latios-Mega, M
|message|Latios has Mega Evolved into Mega Latios!
|move|p2a: Raikou|Volt Switch|p1a: Latios
|-resisted|p1a: Latios
|-damage|p1a: Latios|256\/301
|
|switch|p2a: Nano malefico|Jirachi|404\/404
|move|p1a: Latios|Dragon Dance|p1a: Latios
|-boost|p1a: Latios|atk|1
|-boost|p1a: Latios|spe|1
|
|turn|4
|
|move|p1a: Latios|Earthquake|p2a: Nano malefico
|-supereffective|p2a: Nano malefico
|-damage|p2a: Nano malefico|32\/404
|move|p2a: Nano malefico|Body Slam|p1a: Latios
|-damage|p1a: Latios|179\/301
|-status|p1a: Latios|par
|
|-heal|p2a: Nano malefico|57\/404|[from] item: Leftovers
|turn|5
|
|move|p2a: Nano malefico|Iron Head|p1a: Latios
|-damage|p1a: Latios|76\/301 par
|cant|p1a: Latios|flinch
|
|-heal|p2a: Nano malefico|82\/404|[from] item: Leftovers
|turn|6
|
|move|p2a: Nano malefico|Stealth Rock|p1a: Latios
|-sidestart|p1: Mounts|move: Stealth Rock
|cant|p1a: Latios|par
|
|-heal|p2a: Nano malefico|107\/404|[from] item: Leftovers
|turn|7
|
|switch|p1a: Jirachi|Jirachi|404\/404
|-damage|p1a: Jirachi|379\/404|[from] Stealth Rock
|move|p2a: Nano malefico|Iron Head|p1a: Jirachi
|-resisted|p1a: Jirachi
|-damage|p1a: Jirachi|332\/404
|
|-heal|p2a: Nano malefico|132\/404|[from] item: Leftovers
|-heal|p1a: Jirachi|357\/404|[from] item: Leftovers
|turn|8
|
|move|p2a: Nano malefico|Fire Punch|p1a: Jirachi
|-supereffective|p1a: Jirachi
|-damage|p1a: Jirachi|247\/404
|move|p1a: Jirachi|Stealth Rock|p2a: Nano malefico
|-sidestart|p2: alb_prova|move: Stealth Rock
|
|-heal|p2a: Nano malefico|157\/404|[from] item: Leftovers
|-heal|p1a: Jirachi|272\/404|[from] item: Leftovers
|turn|9
|
|move|p2a: Nano malefico|Fire Punch|p1a: Jirachi
|-supereffective|p1a: Jirachi
|-damage|p1a: Jirachi|158\/404
|-status|p1a: Jirachi|brn
|move|p1a: Jirachi|Wish|p1a: Jirachi
|
|-heal|p2a: Nano malefico|182\/404|[from] item: Leftovers
|-heal|p1a: Jirachi|183\/404 brn|[from] item: Leftovers
|-damage|p1a: Jirachi|133\/404 brn|[from] brn
|turn|10
|
|move|p2a: Nano malefico|Body Slam|p1a: Jirachi
|-resisted|p1a: Jirachi
|-damage|p1a: Jirachi|99\/404 brn
|move|p1a: Jirachi|U-turn|p2a: Nano malefico
|-damage|p2a: Nano malefico|152\/404
|
|switch|p1a: Dragonite|Dragonite, F|331\/331
|-damage|p1a: Dragonite|249\/331|[from] Stealth Rock
|
|-heal|p1a: Dragonite|331\/331|[from] move: Wish|[wisher] Jirachi
|-heal|p2a: Nano malefico|177\/404|[from] item: Leftovers
|turn|11
|
|switch|p2a: Wrongtoad|Poliwrath, F|384\/384
|-damage|p2a: Wrongtoad|360\/384|[from] Stealth Rock
|move|p1a: Dragonite|Earthquake|p2a: Wrongtoad
|-damage|p2a: Wrongtoad|265\/384
|
|-heal|p2a: Wrongtoad|289\/384|[from] item: Leftovers
|turn|12
|
|move|p1a: Dragonite|Dragon Dance|p1a: Dragonite
|-boost|p1a: Dragonite|atk|1
|-boost|p1a: Dragonite|spe|1
|move|p2a: Wrongtoad|Circle Throw|p1a: Dragonite|[miss]
|-miss|p2a: Wrongtoad|p1a: Dragonite
|
|-heal|p2a: Wrongtoad|313\/384|[from] item: Leftovers
|turn|13
|
|move|p1a: Dragonite|Outrage|p2a: Wrongtoad
|-damage|p2a: Wrongtoad|46\/384
|move|p2a: Wrongtoad|Circle Throw|p1a: Dragonite
|-crit|p1a: Dragonite
|-resisted|p1a: Dragonite
|-damage|p1a: Dragonite|304\/331
|drag|p1a: Greninja|Greninja, F|285\/285
|-damage|p1a: Greninja|250\/285|[from] Stealth Rock
|
|-heal|p2a: Wrongtoad|70\/384|[from] item: Leftovers
|turn|14
|
|move|p1a: Greninja|Ice Beam|p2a: Wrongtoad
|-start|p1a: Greninja|typechange|Ice|[from] Protean
|-resisted|p2a: Wrongtoad
|-damage|p2a: Wrongtoad|0 fnt
|-damage|p1a: Greninja|222\/285|[from] item: Life Orb
|faint|p2a: Wrongtoad
|
|
|switch|p2a: Raikou|Raikou|321\/321
|-damage|p2a: Raikou|281\/321|[from] Stealth Rock
|-ability|p2a: Raikou|Pressure
|turn|15
|
|switch|p1a: Latios|Latios-Mega, M|76\/301 par
|-damage|p1a: Latios|39\/301 par|[from] Stealth Rock
|move|p2a: Raikou|Volt Switch|p1a: Latios
|-resisted|p1a: Latios
|-damage|p1a: Latios|0 fnt
|faint|p1a: Latios
|
|switch|p2a: Piroetta|Avalugg, M|394\/394
|-damage|p2a: Piroetta|296\/394|[from] Stealth Rock
|
|-heal|p2a: Piroetta|320\/394|[from] item: Leftovers
|
|switch|p1a: Greninja|Greninja, F|222\/285
|-damage|p1a: Greninja|187\/285|[from] Stealth Rock
|turn|16
|
|move|p1a: Greninja|Hydro Pump|p2a: Piroetta
|-start|p1a: Greninja|typechange|Water|[from] Protean
|-damage|p2a: Piroetta|98\/394
|-damage|p1a: Greninja|159\/285|[from] item: Life Orb
|move|p2a: Piroetta|Rapid Spin|p1a: Greninja
|-crit|p1a: Greninja
|-damage|p1a: Greninja|119\/285
|-sideend|p2: alb_prova|Stealth Rock|[from] move: Rapid Spin|[of] p2a: Piroetta
|
|-heal|p2a: Piroetta|122\/394|[from] item: Leftovers
|turn|17
|
|switch|p2a: Azumarill|Azumarill, M|401\/401
|move|p1a: Greninja|Hidden Power|p2a: Azumarill
|-start|p1a: Greninja|typechange|Fire|[from] Protean
|-resisted|p2a: Azumarill
|-damage|p2a: Azumarill|354\/401
|-damage|p1a: Greninja|91\/285|[from] item: Life Orb
|
|turn|18
|
|switch|p1a: Jirachi|Jirachi|99\/404 brn
|-damage|p1a: Jirachi|74\/404 brn|[from] Stealth Rock
|move|p2a: Azumarill|Aqua Jet|p1a: Jirachi
|-damage|p1a: Jirachi|0 fnt
|faint|p1a: Jirachi
|
|
|switch|p1a: Breloom|Breloom, M|262\/262
|-damage|p1a: Breloom|246\/262|[from] Stealth Rock
|turn|19
|
|switch|p2a: Piroetta|Avalugg, M|122\/394
|move|p1a: Breloom|Bullet Seed|p2a: Piroetta
|-damage|p2a: Piroetta|82\/394
|-damage|p2a: Piroetta|40\/394
|-crit|p2a: Piroetta
|-damage|p2a: Piroetta|0 fnt
|-hitcount|p2a: Piroetta|3
|faint|p2a: Piroetta
|
|
|switch|p2a: Heracross|Heracross-Mega, M|308\/308
|turn|20
|
|move|p2a: Heracross|Close Combat|p1a: Breloom
|-damage|p1a: Breloom|0 fnt
|-unboost|p2a: Heracross|def|1
|-unboost|p2a: Heracross|spd|1
|faint|p1a: Breloom
|
|
|switch|p1a: Greninja|Greninja, F|91\/285
|-damage|p1a: Greninja|56\/285|[from] Stealth Rock
|turn|21
|
|switch|p2a: Raikou|Raikou|281\/321
|-ability|p2a: Raikou|Pressure
|move|p1a: Greninja|Gunk Shot|p2a: Raikou
|-start|p1a: Greninja|typechange|Poison|[from] Protean
|-damage|p2a: Raikou|55\/321
|-damage|p1a: Greninja|28\/285|[from] item: Life Orb
|
|turn|22
|
|move|p1a: Greninja|Ice Beam|p2a: Raikou
|-start|p1a: Greninja|typechange|Ice|[from] Protean
|-damage|p2a: Raikou|0 fnt
|-damage|p1a: Greninja|0 fnt|[from] item: Life Orb
|faint|p2a: Raikou
|faint|p1a: Greninja
|
|
|switch|p1a: Dragonite|Dragonite, F|304\/331
|-damage|p1a: Dragonite|222\/331|[from] Stealth Rock
|switch|p2a: Azumarill|Azumarill, M|354\/401
|turn|23
|
|move|p1a: Dragonite|Earthquake|p2a: Azumarill
|-damage|p2a: Azumarill|201\/401
|move|p2a: Azumarill|Play Rough|p1a: Dragonite|[miss]
|-miss|p2a: Azumarill|p1a: Dragonite
|
|turn|24
|
|switch|p1a: Magnezone|Magnezone|164\/292
|-damage|p1a: Magnezone|146\/292|[from] Stealth Rock
|move|p2a: Azumarill|Play Rough|p1a: Magnezone
|-resisted|p1a: Magnezone
|-damage|p1a: Magnezone|67\/292
|
|turn|25
|
|move|p2a: Azumarill|Aqua Jet|p1a: Magnezone
|-damage|p1a: Magnezone|0 fnt
|faint|p1a: Magnezone
|
|
|switch|p1a: Dragonite|Dragonite, F|222\/331
|-damage|p1a: Dragonite|140\/331|[from] Stealth Rock
|turn|26
|
|move|p1a: Dragonite|Dragon Dance|p1a: Dragonite
|-boost|p1a: Dragonite|atk|1
|-boost|p1a: Dragonite|spe|1
|move|p2a: Azumarill|Play Rough|p1a: Dragonite
|-supereffective|p1a: Dragonite
|-damage|p1a: Dragonite|0 fnt
|faint|p1a: Dragonite
|
|win|alb_prova
|raw|Ladder updating...
|raw|Mounts's rating: 1346 &rarr; <strong>1321<\/strong><br \/>(-25 for losing)
|raw|alb_prova's rating: 1260 &rarr; <strong>1291<\/strong><br \/>(+31 for winning)
|leave|Mounts
|player|p1