|join|alb_prova
|join|Chocolove
|player|p1|alb_prova|210
|player|p2|Chocolove|3
|gametype|singles
|gen|6
|tier|ORAS OU
|rated
|rule|Sleep Clause Mod: Limit one foe put to sleep
|rule|Species Clause: Limit one of each PokÃ©mon
|rule|OHKO Clause: OHKO moves are banned
|rule|Moody Clause: Moody is banned
|rule|Evasion Moves Clause: Evasion moves are banned
|rule|Endless Battle Clause: Forcing endless battles is banned
|rule|HP Percentage Mod: HP is shown in percentages
|clearpoke
|poke|p1|Jirachi
|poke|p1|Azumarill, F
|poke|p1|Poliwrath, M
|poke|p1|Heracross, M
|poke|p1|Raikou
|poke|p1|Avalugg, F
|poke|p2|Meloetta
|poke|p2|Rotom-Wash
|poke|p2|Latios, M
|poke|p2|Landorus-Therian, M
|poke|p2|Salamence, M
|poke|p2|Sylveon, F
|rule|Swagger Clause: Swagger is banned
|rule|Baton Pass Clause: Limit one PokÃ©mon knowing Baton Pass
|teampreview
|
|start
|switch|p1a: Wrongtoad|Poliwrath, M|384\/384
|switch|p2a: Spice Girls|Rotom-Wash|304\/304
|turn|1
|
|move|p2a: Spice Girls|Will-O-Wisp|p1a: Wrongtoad
|-status|p1a: Wrongtoad|brn
|move|p1a: Wrongtoad|Scald|p2a: Spice Girls
|-resisted|p2a: Spice Girls
|-damage|p2a: Spice Girls|273\/304
|
|-heal|p2a: Spice Girls|292\/304|[from] item: Leftovers
|-damage|p1a: Wrongtoad|336\/384 brn|[from] brn
|turn|2
|
|move|p2a: Spice Girls|Volt Switch|p1a: Wrongtoad
|-supereffective|p1a: Wrongtoad
|-damage|p1a: Wrongtoad|160\/384 brn
|
|switch|p2a: B2K|Landorus-Therian, M|382\/382
|-ability|p2a: B2K|Intimidate|[of] p1a: Wrongtoad
|-unboost|p1a: Wrongtoad|atk|1
|move|p1a: Wrongtoad|Rest|p1a: Wrongtoad
|-status|p1a: Wrongtoad|slp
|-heal|p1a: Wrongtoad|384\/384 slp|[silent]
|-status|p1a: Wrongtoad|slp|[from] move: Rest
|
|turn|3
|
|switch|p1a: Piroetta|Avalugg, F|394\/394
|move|p2a: B2K|Stealth Rock|p1a: Piroetta
|-sidestart|p1: alb_prova|move: Stealth Rock
|
|turn|4
|
|switch|p2a: Spice Girls|Rotom-Wash|292\/304
|move|p1a: Piroetta|Rapid Spin|p2a: Spice Girls
|-damage|p2a: Spice Girls|278\/304
|-sideend|p1: alb_prova|Stealth Rock|[from] move: Rapid Spin|[of] p1a: Piroetta
|
|-heal|p2a: Spice Girls|297\/304|[from] item: Leftovers
|turn|5
|
|switch|p1a: Raikou|Raikou|321\/321
|-ability|p1a: Raikou|Pressure
|move|p2a: Spice Girls|Will-O-Wisp|p1a: Raikou
|-status|p1a: Raikou|brn
|
|-heal|p2a: Spice Girls|304\/304|[from] item: Leftovers
|-damage|p1a: Raikou|281\/321 brn|[from] brn
|turn|6
|
|switch|p2a: Britney|Meloetta|404\/404
|move|p1a: Raikou|Thunderbolt|p2a: Britney
|-damage|p2a: Britney|325\/404
|
|-damage|p1a: Raikou|241\/321 brn|[from] brn
|turn|7
|
|move|p1a: Raikou|Volt Switch|p2a: Britney
|-damage|p2a: Britney|259\/404
|
|switch|p1a: Nano malefico|Jirachi|404\/404
|move|p2a: Britney|Psyshock|p1a: Nano malefico
|-resisted|p1a: Nano malefico
|-damage|p1a: Nano malefico|365\/404
|
|-heal|p1a: Nano malefico|390\/404|[from] item: Leftovers
|turn|8
|
|switch|p2a: B2K|Landorus-Therian, M|382\/382
|-ability|p2a: B2K|Intimidate|[of] p1a: Nano malefico
|-unboost|p1a: Nano malefico|atk|1
|move|p1a: Nano malefico|Body Slam|p2a: B2K
|-damage|p2a: B2K|344\/382
|-status|p2a: B2K|par
|
|-heal|p1a: Nano malefico|404\/404|[from] item: Leftovers
|-heal|p2a: B2K|367\/382 par|[from] item: Leftovers
|turn|9
|
|switch|p1a: Piroetta|Avalugg, F|394\/394
|cant|p2a: B2K|par
|
|-heal|p2a: B2K|382\/382 par|[from] item: Leftovers
|turn|10
|
|switch|p2a: Spice Girls|Rotom-Wash|304\/304
|move|p1a: Piroetta|Avalanche|p2a: Spice Girls
|-resisted|p2a: Spice Girls
|-damage|p2a: Spice Girls|276\/304
|
|-heal|p2a: Spice Girls|295\/304|[from] item: Leftovers
|turn|11
|
|switch|p1a: Raikou|Raikou|241\/321 brn
|-ability|p1a: Raikou|Pressure
|move|p2a: Spice Girls|Volt Switch|p1a: Raikou
|-resisted|p1a: Raikou
|-damage|p1a: Raikou|211\/321 brn
|
|switch|p2a: Britney|Meloetta|259\/404
|
|-damage|p1a: Raikou|171\/321 brn|[from] brn
|turn|12
|
|move|p1a: Raikou|Volt Switch|p2a: Britney
|-damage|p2a: Britney|196\/404
|
|switch|p1a: Nano malefico|Jirachi|404\/404
|move|p2a: Britney|Shadow Ball|p1a: Nano malefico
|-supereffective|p1a: Nano malefico
|-damage|p1a: Nano malefico|248\/404
|-unboost|p1a: Nano malefico|spd|1
|
|-heal|p1a: Nano malefico|273\/404|[from] item: Leftovers
|turn|13
|
|switch|p2a: B2K|Landorus-Therian, M|382\/382 par
|-ability|p2a: B2K|Intimidate|[of] p1a: Nano malefico
|-unboost|p1a: Nano malefico|atk|1
|move|p1a: Nano malefico|Iron Head|p2a: B2K
|-damage|p2a: B2K|331\/382 par
|
|-heal|p1a: Nano malefico|298\/404|[from] item: Leftovers
|-heal|p2a: B2K|354\/382 par|[from] item: Leftovers
|turn|14
|
|switch|p1a: Piroetta|Avalugg, F|394\/394
|move|p2a: B2K|U-turn|p1a: Piroetta
|-damage|p1a: Piroetta|348\/394
|
|switch|p2a: Spice Girls|Rotom-Wash|295\/304
|
|-heal|p2a: Spice Girls|304\/304|[from] item: Leftovers
|-heal|p1a: Piroetta|372\/394|[from] item: Leftovers
|turn|15
|
|switch|p1a: Wrongtoad|Poliwrath, M|384\/384 slp
|move|p2a: Spice Girls|Will-O-Wisp|p1a: Wrongtoad
|-fail|p1a: Wrongtoad
|
|turn|16
|
|switch|p1a: Raikou|Raikou|171\/321 brn
|-ability|p1a: Raikou|Pressure
|move|p2a: Spice Girls|Volt Switch|p1a: Raikou
|-resisted|p1a: Raikou
|-damage|p1a: Raikou|144\/321 brn
|
|switch|p2a: Destiny's Child|Sylveon, F|394\/394
|
|-damage|p1a: Raikou|104\/321 brn|[from] brn
|turn|17
|
|move|p1a: Raikou|Volt Switch|p2a: Destiny's Child
|-crit|p2a: Destiny's Child
|-damage|p2a: Destiny's Child|259\/394
|
|switch|p1a: Nano malefico|Jirachi|298\/404
|move|p2a: Destiny's Child|Wish|p2a: Destiny's Child
|
|-heal|p1a: Nano malefico|323\/404|[from] item: Leftovers
|-heal|p2a: Destiny's Child|283\/394|[from] item: Leftovers
|turn|18
|
|switch|p2a: B2K|Landorus-Therian, M|354\/382 par
|-ability|p2a: B2K|Intimidate|[of] p1a: Nano malefico
|-unboost|p1a: Nano malefico|atk|1
|move|p1a: Nano malefico|Stealth Rock|p2a: B2K
|-sidestart|p2: Chocolove|move: Stealth Rock
|
|-heal|p2a: B2K|382\/382 par|[from] move: Wish|[wisher] Destiny's Child
|-heal|p1a: Nano malefico|348\/404|[from] item: Leftovers
|turn|19
|
|switch|p1a: Wrongtoad|Poliwrath, M|384\/384 slp
|move|p2a: B2K|U-turn|p1a: Wrongtoad
|-resisted|p1a: Wrongtoad
|-damage|p1a: Wrongtoad|350\/384 slp
|
|switch|p2a: Destiny's Child|Sylveon, F|283\/394
|-damage|p2a: Destiny's Child|234\/394|[from] Stealth Rock
|
|-heal|p1a: Wrongtoad|374\/384 slp|[from] item: Leftovers
|-heal|p2a: Destiny's Child|258\/394|[from] item: Leftovers
|turn|20
|
|switch|p1a: Nano malefico|Jirachi|348\/404
|move|p2a: Destiny's Child|Wish|p2a: Destiny's Child
|
|-heal|p1a: Nano malefico|373\/404|[from] item: Leftovers
|-heal|p2a: Destiny's Child|282\/394|[from] item: Leftovers
|turn|21
|
|switch|p1a: Heracross|Heracross, M|308\/308
|move|p2a: Destiny's Child|Heal Bell|p2a: Destiny's Child
|-cureteam|p2a: Destiny's Child|[from] move: HealBell
|
|-heal|p2a: Destiny's Child|394\/394|[from] move: Wish|[wisher] Destiny's Child
|turn|22
|
|switch|p1a: Nano malefico|Jirachi|373\/404
|move|p2a: Destiny's Child|Hyper Voice|p1a: Nano malefico
|-resisted|p1a: Nano malefico
|-damage|p1a: Nano malefico|315\/404
|
|-heal|p1a: Nano malefico|340\/404|[from] item: Leftovers
|turn|23
|
|switch|p2a: B2K|Landorus-Therian, M|382\/382
|-damage|p2a: B2K|335\/382|[from] Stealth Rock
|-ability|p2a: B2K|Intimidate|[of] p1a: Nano malefico
|-unboost|p1a: Nano malefico|atk|1
|move|p1a: Nano malefico|Body Slam|p2a: B2K
|-crit|p2a: B2K
|-damage|p2a: B2K|256\/382
|-status|p2a: B2K|par
|
|-heal|p1a: Nano malefico|365\/404|[from] item: Leftovers
|-heal|p2a: B2K|279\/382 par|[from] item: Leftovers
|turn|24
|
|switch|p1a: Wrongtoad|Poliwrath, M|374\/384 slp
|move|p2a: B2K|U-turn|p1a: Wrongtoad
|-resisted|p1a: Wrongtoad
|-damage|p1a: Wrongtoad|343\/384 slp
|
|switch|p2a: Backstreet Boys|Latios, M|301\/301
|-damage|p2a: Backstreet Boys|264\/301|[from] Stealth Rock
|
|-heal|p1a: Wrongtoad|367\/384 slp|[from] item: Leftovers
|turn|25
|
|switch|p1a: Nano malefico|Jirachi|365\/404
|move|p2a: Backstreet Boys|Defog|p1a: Nano malefico
|-unboost|p1a: Nano malefico|evasion|1
|-sideend|p2: Chocolove|Stealth Rock|[from] move: Defog|[of] p2a: Backstreet Boys
|
|-heal|p1a: Nano malefico|390\/404|[from] item: Leftovers
|turn|26
|
|move|p2a: Backstreet Boys|Earthquake|p1a: Nano malefico
|-supereffective|p1a: Nano malefico
|-damage|p1a: Nano malefico|187\/404
|-damage|p2a: Backstreet Boys|234\/301|[from] item: Life Orb
|move|p1a: Nano malefico|Stealth Rock|p2a: Backstreet Boys
|-sidestart|p2: Chocolove|move: Stealth Rock
|
|-heal|p1a: Nano malefico|212\/404|[from] item: Leftovers
|turn|27
|
|switch|p1a: Piroetta|Avalugg, F|372\/394
|move|p2a: Backstreet Boys|Defog|p1a: Piroetta
|-unboost|p1a: Piroetta|evasion|1
|-sideend|p2: Chocolove|Stealth Rock|[from] move: Defog|[of] p2a: Backstreet Boys
|
|-heal|p1a: Piroetta|394\/394|[from] item: Leftovers
|turn|28
|
|switch|p1a: Heracross|Heracross, M|308\/308
|move|p2a: Backstreet Boys|Draco Meteor|p1a: Heracross|[miss]
|-miss|p2a: Backstreet Boys|p1a: Heracross
|
|turn|29
|
|switch|p1a: Nano malefico|Jirachi|212\/404
|move|p2a: Backstreet Boys|Psyshock|p1a: Nano malefico
|-resisted|p1a: Nano malefico
|-damage|p1a: Nano malefico|164\/404
|-damage|p2a: Backstreet Boys|204\/301|[from] item: Life Orb
|
|-heal|p1a: Nano malefico|189\/404|[from] item: Leftovers
|turn|30
|
|switch|p1a: Piroetta|Avalugg, F|394\/394
|move|p2a: Backstreet Boys|Earthquake|p1a: Piroetta
|-damage|p1a: Piroetta|334\/394
|-damage|p2a: Backstreet Boys|174\/301|[from] item: Life Orb
|
|-heal|p1a: Piroetta|358\/394|[from] item: Leftovers
|turn|31
|
|switch|p1a: Azumarill|Azumarill, F|401\/401
|move|p2a: Backstreet Boys|Draco Meteor|p1a: Azumarill
|-immune|p1a: Azumarill|[msg]
|
|turn|32
|
|switch|p2a: B2K|Landorus-Therian, M|279\/382 par
|-ability|p2a: B2K|Intimidate|[of] p1a: Azumarill
|-unboost|p1a: Azumarill|atk|1
|move|p1a: Azumarill|Play Rough|p2a: B2K
|-damage|p2a: B2K|177\/382 par
|
|-heal|p2a: B2K|200\/382 par|[from] item: Leftovers
|turn|33
|
|move|p1a: Azumarill|Waterfall|p2a: B2K
|-supereffective|p2a: B2K
|-damage|p2a: B2K|14\/382 par
|move|p2a: B2K|Stealth Rock|p1a: Azumarill
|-sidestart|p1: alb_prova|move: Stealth Rock
|
|-heal|p2a: B2K|37\/382 par|[from] item: Leftovers
|turn|34
|
|switch|p1a: Piroetta|Avalugg, F|358\/394
|-damage|p1a: Piroetta|260\/394|[from] Stealth Rock
|move|p2a: B2K|U-turn|p1a: Piroetta
|-crit|p1a: Piroetta
|-damage|p1a: Piroetta|183\/394
|
|switch|p2a: Britney|Meloetta|196\/404
|
|-heal|p1a: Piroetta|207\/394|[from] item: Leftovers
|turn|35
|
|move|p2a: Britney|Hyper Voice|p1a: Piroetta
|-damage|p1a: Piroetta|0 fnt
|faint|p1a: Piroetta
|
|
|switch|p1a: Heracross|Heracross, M|308\/308
|-damage|p1a: Heracross|270\/308|[from] Stealth Rock
|turn|36
|
|switch|p1a: Azumarill|Azumarill, F|401\/401
|-damage|p1a: Azumarill|351\/401|[from] Stealth Rock
|move|p2a: Britney|Psyshock|p1a: Azumarill
|-damage|p1a: Azumarill|170\/401
|
|turn|37
|
|move|p1a: Azumarill|Aqua Jet|p2a: Britney
|-damage|p2a: Britney|88\/404
|move|p2a: Britney|Psyshock|p1a: Azumarill
|-damage|p1a: Azumarill|0 fnt
|faint|p1a: Azumarill
|
|
|switch|p1a: Raikou|Raikou|104\/321 brn
|-damage|p1a: Raikou|64\/321 brn|[from] Stealth Rock
|-ability|p1a: Raikou|Pressure
|turn|38
|
|move|p1a: Raikou|Thunderbolt|p2a: Britney
|-damage|p2a: Britney|13\/404
|move|p2a: Britney|Shadow Ball|p1a: Raikou
|-damage|p1a: Raikou|2\/321 brn
|
|-damage|p1a: Raikou|0 fnt|[from] brn
|faint|p1a: Raikou
|
|switch|p1a: Nano malefico|Jirachi|189\/404
|-damage|p1a: Nano malefico|164\/404|[from] Stealth Rock
|turn|39
|
|move|p1a: Nano malefico|Stealth Rock|p2a: Britney
|-sidestart|p2: Chocolove|move: Stealth Rock
|move|p2a: Britney|Shadow Ball|p1a: Nano malefico
|-supereffective|p1a: Nano malefico
|-damage|p1a: Nano malefico|4\/404
|
|-heal|p1a: Nano malefico|29\/404|[from] item: Leftovers
|turn|40
|
|move|p1a: Nano malefico|Body Slam|p2a: Britney
|-crit|p2a: Britney
|-damage|p2a: Britney|0 fnt
|faint|p2a: Britney
|
|-heal|p1a: Nano malefico|54\/404|[from] item: Leftovers
|
|switch|p2a: Backstreet Boys|Latios, M|174\/301
|-damage|p2a: Backstreet Boys|137\/301|[from] Stealth Rock
|turn|41
|
|switch|p1a: Wrongtoad|Poliwrath, M|367\/384 slp
|-damage|p1a: Wrongtoad|343\/384 slp|[from] Stealth Rock
|move|p2a: Backstreet Boys|Earthquake|p1a: Wrongtoad
|-damage|p1a: Wrongtoad|268\/384 slp
|-damage|p2a: Backstreet Boys|107\/301|[from] item: Life Orb
|
|-heal|p1a: Wrongtoad|292\/384 slp|[from] item: Leftovers
|turn|42
|
|move|p2a: Backstreet Boys|Psyshock|p1a: Wrongtoad
|-supereffective|p1a: Wrongtoad
|-damage|p1a: Wrongtoad|0 fnt
|-damage|p2a: Backstreet Boys|77\/301|[from] item: Life Orb
|faint|p1a: Wrongtoad
|
|
|switch|p1a: Heracross|Heracross, M|270\/308
|-damage|p1a: Heracross|232\/308|[from] Stealth Rock
|turn|43
|c|âChocolove|you got an interesting team
|c|âalb_prova|it's my xy team
|
|detailschange|p1a: Heracross|Heracross-Mega, M
|message|Heracross has Mega Evolved into Mega Heracross!
|move|p2a: Backstreet Boys|Psyshock|p1a: Heracross
|-supereffective|p1a: Heracross
|-damage|p1a: Heracross|0 fnt
|-damage|p2a: Backstreet Boys|47\/301|[from] item: Life Orb
|faint|p1a: Heracross
|
|
|switch|p1a: Nano malefico|Jirachi|54\/404
|-damage|p1a: Nano malefico|29\/404|[from] Stealth Rock
|turn|44
|c|âChocolove|gg
|c|âalb_prova|gg
|
|move|p2a: Backstreet Boys|Earthquake|p1a: Nano malefico
|-supereffective|p1a: Nano malefico
|-damage|p1a: Nano malefico|0 fnt
|-damage|p2a: Backstreet Boys|17\/301|[from] item: Life Orb
|faint|p1a: Nano malefico
|
|win|Chocolove
|raw|Ladder updating...
|raw|alb_prova's rating: 1279 &rarr; <strong>1260<\/strong><br \/>(-19 for losing)
|raw|Chocolove's rating: 1362 &rarr; <strong>1377<\/strong><br \/>(+15 for winning)
|leave|alb_prova
|player|p1