|join|Juicy Semen
|join|alb_prova
|player|p1|Juicy Semen|27
|player|p2|alb_prova|210
|gametype|singles
|gen|6
|tier|ORAS OU
|rated
|rule|Sleep Clause Mod: Limit one foe put to sleep
|rule|Species Clause: Limit one of each PokÃ©mon
|rule|OHKO Clause: OHKO moves are banned
|rule|Moody Clause: Moody is banned
|rule|Evasion Moves Clause: Evasion moves are banned
|rule|Endless Battle Clause: Forcing endless battles is banned
|rule|HP Percentage Mod: HP is shown in percentages
|clearpoke
|poke|p1|Tangrowth, M, shiny
|poke|p1|Diancie
|poke|p1|Salamence, M, shiny
|poke|p1|Mew, shiny
|poke|p1|Tyranitar, M, shiny
|poke|p2|Camerupt, F
|poke|p2|Clefable, M
|poke|p2|Slowbro, M
|poke|p2|Bisharp, M
|poke|p2|Tentacruel, M
|poke|p2|Chesnaught, M
|rule|Swagger Clause: Swagger is banned
|rule|Baton Pass Clause: Limit one PokÃ©mon knowing Baton Pass
|teampreview
|join|Reggie Fils-Aime
|join|chief beef loco
|join|Rex Kwon Do
|join|nani sore
|join|Gimme Hug!
|c|âalb_prova|gl hf
|c|âJuicy Semen|DON'T TELL ME WHAT TO DO
|c|âalb_prova|?
|c| Rex Kwon Do|Forgive Juicy.
|c| Rex Kwon Do|he's an autistic 10 year old
|c| Reggie Fils-Aime|just back off
|c| Gimme Hug!|[]
|
|start
|switch|p1a: green peenus|Tangrowth, M, shiny|404\/404
|switch|p2a: Camerupt|Camerupt, F|344\/344
|turn|1
|join|Johnny Cadillac
|join|EYY LEL
|c| Johnny Cadillac|daily reminder to google Juicy Semen to find out who you are facing!
|join|MilkTheMiltank
|
|switch|p1a: Hood Classic|Tyranitar, M, shiny|401\/401
|-weather|Sandstorm
|detailschange|p2a: Camerupt|Camerupt-Mega, F
|message|Camerupt has Mega Evolved into Mega Camerupt!
|move|p2a: Camerupt|Fire Blast|p1a: Hood Classic
|-resisted|p1a: Hood Classic
|-damage|p1a: Hood Classic|296\/401
|
|-weather|Sandstorm|[upkeep]
|-heal|p1a: Hood Classic|321\/401|[from] item: Leftovers
|turn|2
|c| chief beef loco|le not good mega face
|
|switch|p2a: Chesnaught|Chesnaught, M|379\/379
|move|p1a: Hood Classic|Stealth Rock|p2a: Chesnaught
|-sidestart|p2: alb_prova|move: Stealth Rock
|
|-weather|Sandstorm|[upkeep]
|-damage|p2a: Chesnaught|356\/379|[from] sandstorm
|-heal|p2a: Chesnaught|379\/379|[from] item: Leftovers
|-heal|p1a: Hood Classic|346\/401|[from] item: Leftovers
|turn|3
|join|RyoumaKabuto
|
|switch|p1a: ur bad.... -_-|Salamence, M, shiny|332\/332
|-ability|p1a: ur bad.... -_-|Intimidate|[of] p2a: Chesnaught
|-unboost|p2a: Chesnaught|atk|1
|move|p2a: Chesnaught|Leech Seed|p1a: ur bad.... -_-
|-start|p1a: ur bad.... -_-|move: Leech Seed
|
|-weather|Sandstorm|[upkeep]
|-damage|p1a: ur bad.... -_-|312\/332|[from] sandstorm
|-damage|p2a: Chesnaught|356\/379|[from] sandstorm
|-heal|p2a: Chesnaught|379\/379|[from] item: Leftovers
|-damage|p1a: ur bad.... -_-|271\/332|[from] Leech Seed|[of] p2a: Chesnaught
|turn|4
|c| Rex Kwon Do|switch to wew
|
|switch|p1a: le fukken animu|Diancie|241\/241
|switch|p2a: Slowbro|Slowbro, M|394\/394
|-damage|p2a: Slowbro|345\/394|[from] Stealth Rock
|
|-weather|Sandstorm|[upkeep]
|-damage|p2a: Slowbro|321\/394|[from] sandstorm
|-heal|p2a: Slowbro|345\/394|[from] item: Leftovers
|turn|5
|join|Kekan&Lel
|join|Kaedet
|c| chief beef loco|use animu fukker
|join|Goroy
|join|SlimeyLimey
|
|detailschange|p1a: le fukken animu|Diancie-Mega
|message|Diancie has Mega Evolved into Mega Diancie!
|move|p1a: le fukken animu|Moonblast|p2a: Slowbro
|-damage|p2a: Slowbro|108\/394
|move|p2a: Slowbro|Scald|p1a: le fukken animu
|-supereffective|p1a: le fukken animu
|-damage|p1a: le fukken animu|101\/241
|
|-weather|none
|-heal|p2a: Slowbro|132\/394|[from] item: Leftovers
|turn|6
|c| Goroy|juicy is worst chimp
|c| Johnny Cadillac|use sp def boost in sand
|leave|Kaedet
|c| Kekan&Lel|why is shofu's stream so quiet today
|c| Rex Kwon Do|nah that title goes to mami
|c| Goroy|>implying
|
|switch|p2a: Clefable|Clefable, M|394\/394
|-damage|p2a: Clefable|345\/394|[from] Stealth Rock
|move|p1a: le fukken animu|Earth Power|p2a: Clefable
|-damage|p2a: Clefable|214\/394
|
|-heal|p2a: Clefable|238\/394|[from] item: Leftovers
|turn|7
|c|âJuicy Semen|ok
|
|move|p1a: le fukken animu|Moonblast|p2a: Clefable
|-damage|p2a: Clefable|33\/394
|move|p2a: Clefable|Stealth Rock|p1a: le fukken animu
|move|p1a: le fukken animu|Stealth Rock|p2a: Clefable|[from]Magic Bounce
|-fail|p2a: Clefable
|
|-heal|p2a: Clefable|57\/394|[from] item: Leftovers
|turn|8
|c| Reggie Fils-Aime|>unaware
|c| Rex Kwon Do|I actually like Juicy.
|join|YNO
|c| chief beef loco|ayy
|c|âJuicy Semen|nice
|c| Gimme Hug!|AYYYYYYYYYYYYYY
|c| Johnny Cadillac|AYYY
|c| Goroy|well fuck you
|c|âalb_prova|ah fuck forgot
|c|âJuicy Semen|>fuck
|c|âJuicy Semen|reported
|c| MilkTheMiltank|alb_prova: ah fuck forgot
|c| MilkTheMiltank|alb_prova: ah fuck forgot
|
|move|p1a: le fukken animu|Moonblast|p2a: Clefable
|-crit|p2a: Clefable
|-damage|p2a: Clefable|0 fnt
|faint|p2a: Clefable
|
|c| Rex Kwon Do|Yep, he said that.
|c| Goroy|what is magic bounce????
|
|switch|p2a: Bisharp|Bisharp, M|272\/272
|-damage|p2a: Bisharp|255\/272|[from] Stealth Rock
|turn|9
|c| Johnny Cadillac|fucking niger you are getting reported
|c|âJuicy Semen|wew
|c|âJuicy Semen|abort mission 
|c|âJuicy Semen|XD
|
|move|p1a: le fukken animu|Earth Power|p2a: Bisharp
|-supereffective|p2a: Bisharp
|-damage|p2a: Bisharp|0 fnt
|faint|p2a: Bisharp
|
|c| Kekan&Lel|ayy
|c|âJuicy Semen|:D
|
|switch|p2a: Tentacruel|Tentacruel, M|364\/364
|-damage|p2a: Tentacruel|319\/364|[from] Stealth Rock
|turn|10
|c| Johnny Cadillac|yes goy
|c| chief beef loco|mega meme goddess would be pretty ok if it werent for such garbage speed and garbage def the turn it evolves
|c| Johnny Cadillac|send more ground weaknesses
|c| MilkTheMiltank|5-0 the dream?
|c| Rex Kwon Do|this mon would be good if it didn't have flaws
|c| Goroy|WATCH OUT FOR THE SLUDGE WAVE
|
|move|p1a: le fukken animu|Earth Power|p2a: Tentacruel
|-supereffective|p2a: Tentacruel
|-damage|p2a: Tentacruel|121\/364
|move|p2a: Tentacruel|Scald|p1a: le fukken animu
|-supereffective|p1a: le fukken animu
|-damage|p1a: le fukken animu|0 fnt
|faint|p1a: le fukken animu
|
|-heal|p2a: Tentacruel|143\/364|[from] item: Black Sludge
|join|boipussy addict
|c| Kekan&Lel|bilk
|c| Johnny Cadillac|aww
|
|switch|p1a: ur bad.... -_-|Salamence, M, shiny|271\/332
|-ability|p1a: ur bad.... -_-|Intimidate|[of] p2a: Tentacruel
|-unboost|p2a: Tentacruel|atk|1
|turn|11
|
|move|p1a: ur bad.... -_-|Substitute|p1a: ur bad.... -_-
|-start|p1a: ur bad.... -_-|Substitute
|-damage|p1a: ur bad.... -_-|188\/332
|move|p2a: Tentacruel|Scald|p1a: ur bad.... -_-
|-resisted|p1a: ur bad.... -_-
|-activate|p1a: ur bad.... -_-|Substitute|[damage]
|
|-heal|p2a: Tentacruel|165\/364|[from] item: Black Sludge
|turn|12
|c| Goroy|BALANCE HIM
|c|âJuicy Semen|mlao
|c| Johnny Cadillac|thanks dargone
|
|move|p1a: ur bad.... -_-|Dragon Dance|p1a: ur bad.... -_-
|-boost|p1a: ur bad.... -_-|atk|1
|-boost|p1a: ur bad.... -_-|spe|1
|move|p2a: Tentacruel|Scald|p1a: ur bad.... -_-
|-resisted|p1a: ur bad.... -_-
|-end|p1a: ur bad.... -_-|Substitute
|
|-heal|p2a: Tentacruel|187\/364|[from] item: Black Sludge
|turn|13
|c| Goroy|thank dargone
|c| Rex Kwon Do|do it agin
|
|switch|p2a: Slowbro|Slowbro, M|263\/394
|-damage|p2a: Slowbro|214\/394|[from] Stealth Rock
|move|p1a: ur bad.... -_-|Earthquake|p2a: Slowbro
|-damage|p2a: Slowbro|75\/394
|
|-heal|p2a: Slowbro|99\/394|[from] item: Leftovers
|turn|14
|c| chief beef loco|ayy
|c| Johnny Cadillac|unfe
|
|switch|p2a: Tentacruel|Tentacruel, M|187\/364
|-damage|p2a: Tentacruel|142\/364|[from] Stealth Rock
|move|p1a: ur bad.... -_-|Return|p2a: Tentacruel
|-damage|p2a: Tentacruel|0 fnt
|faint|p2a: Tentacruel
|
|
|switch|p2a: Slowbro|Slowbro, M|230\/394
|-damage|p2a: Slowbro|181\/394|[from] Stealth Rock
|turn|15
|
|switch|p1a: Hood Classic|Tyranitar, M, shiny|346\/401
|-weather|Sandstorm
|move|p2a: Slowbro|Ice Beam|p1a: Hood Classic
|-damage|p1a: Hood Classic|297\/401
|
|-weather|Sandstorm|[upkeep]
|-damage|p2a: Slowbro|157\/394|[from] sandstorm
|-heal|p1a: Hood Classic|322\/401|[from] item: Leftovers
|-heal|p2a: Slowbro|181\/394|[from] item: Leftovers
|turn|16
|c| chief beef loco|le regenerator man
|c| Johnny Cadillac|le fursuit
|
|move|p1a: Hood Classic|Pursuit|p2a: Slowbro
|-supereffective|p2a: Slowbro
|-damage|p2a: Slowbro|101\/394
|move|p2a: Slowbro|Slack Off|p2a: Slowbro
|-heal|p2a: Slowbro|298\/394
|
|-weather|Sandstorm|[upkeep]
|-damage|p2a: Slowbro|274\/394|[from] sandstorm
|-heal|p1a: Hood Classic|347\/401|[from] item: Leftovers
|-heal|p2a: Slowbro|298\/394|[from] item: Leftovers
|turn|17
|c|âJuicy Semen|:D
|
|move|p1a: Hood Classic|Screech|p2a: Slowbro
|-unboost|p2a: Slowbro|def|2
|move|p2a: Slowbro|Toxic|p1a: Hood Classic
|-status|p1a: Hood Classic|tox
|
|-weather|Sandstorm|[upkeep]
|-damage|p2a: Slowbro|274\/394|[from] sandstorm
|-heal|p1a: Hood Classic|372\/401 tox|[from] item: Leftovers
|-heal|p2a: Slowbro|298\/394|[from] item: Leftovers
|-damage|p1a: Hood Classic|347\/401 tox|[from] psn
|turn|18
|join|Salami Party
|c| Johnny Cadillac|wryyyyy
|
|move|p1a: Hood Classic|Pursuit|p2a: Slowbro|[from]Pursuit
|-supereffective|p2a: Slowbro
|-damage|p2a: Slowbro|0 fnt
|faint|p2a: Slowbro
|
|-weather|Sandstorm|[upkeep]
|-heal|p1a: Hood Classic|372\/401 tox|[from] item: Leftovers
|-damage|p1a: Hood Classic|322\/401 tox|[from] psn
|c| Johnny Cadillac|noice
|c|âJuicy Semen|;)
|c| chief beef loco|b
|
|switch|p2a: Chesnaught|Chesnaught, M|379\/379
|-damage|p2a: Chesnaught|356\/379|[from] Stealth Rock
|turn|19
|
|move|p2a: Chesnaught|Leech Seed|p1a: Hood Classic
|-start|p1a: Hood Classic|move: Leech Seed
|move|p1a: Hood Classic|Screech|p2a: Chesnaught
|-unboost|p2a: Chesnaught|def|2
|
|-weather|none
|-heal|p2a: Chesnaught|379\/379|[from] item: Leftovers
|-heal|p1a: Hood Classic|347\/401 tox|[from] item: Leftovers
|-damage|p1a: Hood Classic|297\/401 tox|[from] Leech Seed|[of] p2a: Chesnaught
|-damage|p1a: Hood Classic|222\/401 tox|[from] psn
|turn|20
|c| Johnny Cadillac|wryyyyryyy
|
|move|p2a: Chesnaught|Drain Punch|p1a: Hood Classic
|-supereffective|p1a: Hood Classic
|-damage|p1a: Hood Classic|0 fnt
|faint|p1a: Hood Classic
|
|join|FilthySlimebag
|
|switch|p1a: ur bad.... -_-|Salamence, M, shiny|188\/332
|-ability|p1a: ur bad.... -_-|Intimidate|[of] p2a: Chesnaught
|-unboost|p2a: Chesnaught|atk|1
|turn|21
|
|move|p1a: ur bad.... -_-|Substitute|p1a: ur bad.... -_-
|-start|p1a: ur bad.... -_-|Substitute
|-damage|p1a: ur bad.... -_-|105\/332
|move|p2a: Chesnaught|Drain Punch|p1a: ur bad.... -_-
|-resisted|p1a: ur bad.... -_-
|-activate|p1a: ur bad.... -_-|Substitute|[damage]
|
|turn|22
|c| Gimme Hug!|skreeeeee
|c| RyoumaKabuto|ogre
|
|move|p1a: ur bad.... -_-|Dragon Dance|p1a: ur bad.... -_-
|-boost|p1a: ur bad.... -_-|atk|1
|-boost|p1a: ur bad.... -_-|spe|1
|move|p2a: Chesnaught|Drain Punch|p1a: ur bad.... -_-
|-resisted|p1a: ur bad.... -_-
|-activate|p1a: ur bad.... -_-|Substitute|[damage]
|
|turn|23
|c| Johnny Cadillac|hu-e
|c| chief beef loco|use airshot
|c| MilkTheMiltank|balk
|
|move|p1a: ur bad.... -_-|Return|p2a: Chesnaught
|-damage|p2a: Chesnaught|63\/379
|move|p2a: Chesnaught|Drain Punch|p1a: ur bad.... -_-
|-resisted|p1a: ur bad.... -_-
|-end|p1a: ur bad.... -_-|Substitute
|-heal|p2a: Chesnaught|68\/379|[from] drain|[of] p1a: ur bad.... -_-
|
|-heal|p2a: Chesnaught|91\/379|[from] item: Leftovers
|turn|24
|c| Johnny Cadillac|checkmate ;^)
|c|âJuicy Semen|no re, gg
|c| nani sore|>+1%
|
|move|p1a: ur bad.... -_-|Substitute|p1a: ur bad.... -_-
|-start|p1a: ur bad.... -_-|Substitute
|-damage|p1a: ur bad.... -_-|22\/332
|move|p2a: Chesnaught|Leech Seed|p1a: ur bad.... -_-
|
|-heal|p2a: Chesnaught|114\/379|[from] item: Leftovers
|turn|25
|leave|Reggie Fils-Aime
|c| Kekan&Lel|ayy
|c|âalb_prova|gg man
|c| boipussy addict|good 1
|
|move|p1a: ur bad.... -_-|Earthquake|p2a: Chesnaught
|-resisted|p2a: Chesnaught
|-damage|p2a: Chesnaught|0 fnt
|faint|p2a: Chesnaught
|
|c| Johnny Cadillac|checkmato ;^)
|join|Dark Yiff Master
|
|switch|p2a: Camerupt|Camerupt-Mega, F|344\/344
|-damage|p2a: Camerupt|301\/344|[from] Stealth Rock
|turn|26
|c| Gimme Hug!|nice sprite
|c| boipussy addict|ur bad -_-
|
|move|p1a: ur bad.... -_-|Earthquake|p2a: Camerupt
|-crit|p2a: Camerupt
|-supereffective|p2a: Camerupt
|-damage|p2a: Camerupt|0 fnt
|faint|p2a: Camerupt
|
|win|Juicy Semen
|raw|Ladder updating...
|raw|Juicy Semen's rating: 1353 &rarr; <strong>1379<\/strong><br \/>(+26 for winning)
|raw|alb_prova's rating: 1452 &rarr; <strong>1426<\/strong><br \/>(-26 for losing)
|c| Kekan&Lel|nice jaypeg
|c| Dark Yiff Master|anyone here furry? :^3
|c| chief beef loco|didnt even need to go full balance