|join|Yeiyi
|join|alb_prova
|player|p1|Yeiyi|290
|player|p2|alb_prova|210
|gametype|singles
|gen|6
|tier|ORAS OU
|rated
|rule|Sleep Clause Mod: Limit one foe put to sleep
|rule|Species Clause: Limit one of each PokÃ©mon
|rule|OHKO Clause: OHKO moves are banned
|rule|Moody Clause: Moody is banned
|rule|Evasion Moves Clause: Evasion moves are banned
|rule|Endless Battle Clause: Forcing endless battles is banned
|rule|HP Percentage Mod: HP is shown in percentages
|clearpoke
|poke|p1|Salamence, F, shiny
|poke|p1|Tyranitar, F
|poke|p1|Excadrill, F
|poke|p1|Mew
|poke|p1|Talonflame, M
|poke|p1|Goodra, M
|poke|p2|Azumarill, M
|poke|p2|Poliwrath, M
|poke|p2|Heracross, M
|poke|p2|Rhyperior, F
|poke|p2|Latias, F
|poke|p2|Jirachi
|rule|Swagger Clause: Swagger is banned
|rule|Baton Pass Clause: Limit one PokÃ©mon knowing Baton Pass
|teampreview
|c|âalb_prova|gl hf
|
|start
|switch|p1a: Mew|Mew|404\/404
|switch|p2a: Heracross|Heracross, M|308\/308
|turn|1
|
|detailschange|p2a: Heracross|Heracross-Mega, M
|message|Heracross has Mega Evolved into Mega Heracross!
|move|p2a: Heracross|Pin Missile|p1a: Mew
|-supereffective|p1a: Mew
|-damage|p1a: Mew|296\/404
|-supereffective|p1a: Mew
|-damage|p1a: Mew|176\/404
|-crit|p1a: Mew
|-supereffective|p1a: Mew
|-damage|p1a: Mew|0 fnt
|-hitcount|p1a: Mew|3
|faint|p1a: Mew
|
|
|switch|p1a: Salamence|Salamence, F, shiny|331\/331
|-ability|p1a: Salamence|Intimidate|[of] p2a: Heracross
|-unboost|p2a: Heracross|atk|1
|turn|2
|
|switch|p2a: Rhyperior|Rhyperior, F|424\/424
|detailschange|p1a: Salamence|Salamence-Mega, F, shiny
|message|Salamence has Mega Evolved into Mega Salamence!
|move|p1a: Salamence|Frustration|p2a: Rhyperior
|-resisted|p2a: Rhyperior
|-damage|p2a: Rhyperior|346\/424
|
|-heal|p2a: Rhyperior|372\/424|[from] item: Leftovers
|turn|3
|
|switch|p1a: Tyranitar|Tyranitar, F|404\/404
|-weather|Sandstorm
|move|p2a: Rhyperior|Ice Punch|p1a: Tyranitar
|-damage|p1a: Tyranitar|316\/404
|
|-weather|Sandstorm|[upkeep]
|-heal|p2a: Rhyperior|398\/424|[from] item: Leftovers
|turn|4
|
|switch|p2a: Wrongtoad|Poliwrath, M|384\/384
|move|p1a: Tyranitar|Stealth Rock|p2a: Wrongtoad
|-sidestart|p2: alb_prova|move: Stealth Rock
|
|-weather|Sandstorm|[upkeep]
|-damage|p2a: Wrongtoad|360\/384|[from] sandstorm
|-heal|p2a: Wrongtoad|384\/384|[from] item: Leftovers
|turn|5
|
|switch|p1a: Goodra|Goodra, M|383\/383
|move|p2a: Wrongtoad|Circle Throw|p1a: Goodra
|-damage|p1a: Goodra|287\/383
|drag|p1a: Salamence|Salamence-Mega, F, shiny|331\/331
|
|-weather|Sandstorm|[upkeep]
|-damage|p1a: Salamence|311\/331|[from] sandstorm
|-damage|p2a: Wrongtoad|360\/384|[from] sandstorm
|-heal|p2a: Wrongtoad|384\/384|[from] item: Leftovers
|turn|6
|
|switch|p2a: Rhyperior|Rhyperior, F|398\/424
|-damage|p2a: Rhyperior|372\/424|[from] Stealth Rock
|move|p1a: Salamence|Frustration|p2a: Rhyperior
|-resisted|p2a: Rhyperior
|-damage|p2a: Rhyperior|294\/424
|
|-weather|Sandstorm|[upkeep]
|-damage|p1a: Salamence|291\/331|[from] sandstorm
|-heal|p2a: Rhyperior|320\/424|[from] item: Leftovers
|turn|7
|
|switch|p1a: Excadrill|Excadrill, F|362\/362
|move|p2a: Rhyperior|Stealth Rock|p1a: Excadrill
|-sidestart|p1: Yeiyi|move: Stealth Rock
|
|-weather|Sandstorm|[upkeep]
|-heal|p2a: Rhyperior|346\/424|[from] item: Leftovers
|turn|8
|
|switch|p2a: Wrongtoad|Poliwrath, M|384\/384
|-damage|p2a: Wrongtoad|360\/384|[from] Stealth Rock
|move|p1a: Excadrill|Earthquake|p2a: Wrongtoad
|-crit|p2a: Wrongtoad
|-damage|p2a: Wrongtoad|91\/384
|-damage|p1a: Excadrill|326\/362|[from] item: Life Orb
|
|-weather|Sandstorm|[upkeep]
|-damage|p2a: Wrongtoad|67\/384|[from] sandstorm
|-heal|p2a: Wrongtoad|91\/384|[from] item: Leftovers
|turn|9
|
|move|p1a: Excadrill|Earthquake|p2a: Wrongtoad
|-damage|p2a: Wrongtoad|0 fnt
|-damage|p1a: Excadrill|290\/362|[from] item: Life Orb
|faint|p2a: Wrongtoad
|
|-weather|Sandstorm|[upkeep]
|
|switch|p2a: Azumarill|Azumarill, M|401\/401
|-damage|p2a: Azumarill|351\/401|[from] Stealth Rock
|turn|10
|
|switch|p1a: Goodra|Goodra, M|287\/383
|-damage|p1a: Goodra|240\/383|[from] Stealth Rock
|move|p2a: Azumarill|Aqua Jet|p1a: Goodra
|-resisted|p1a: Goodra
|-damage|p1a: Goodra|186\/383
|
|-weather|none
|turn|11
|
|move|p1a: Goodra|Thunderbolt|p2a: Azumarill
|-supereffective|p2a: Azumarill
|-damage|p2a: Azumarill|203\/401
|move|p2a: Azumarill|Knock Off|p1a: Goodra
|-damage|p1a: Goodra|0 fnt
|-enditem|p1a: Goodra|Assault Vest|[from] move: Knock Off|[of] p2a: Azumarill
|faint|p1a: Goodra
|
|
|switch|p1a: Salamence|Salamence-Mega, F, shiny|291\/331
|-damage|p1a: Salamence|209\/331|[from] Stealth Rock
|turn|12
|
|switch|p2a: Rhyperior|Rhyperior, F|346\/424
|-damage|p2a: Rhyperior|320\/424|[from] Stealth Rock
|move|p1a: Salamence|Frustration|p2a: Rhyperior
|-resisted|p2a: Rhyperior
|-damage|p2a: Rhyperior|232\/424
|
|-heal|p2a: Rhyperior|258\/424|[from] item: Leftovers
|turn|13
|
|switch|p1a: Tyranitar|Tyranitar, F|316\/404
|-damage|p1a: Tyranitar|266\/404|[from] Stealth Rock
|-weather|Sandstorm
|move|p2a: Rhyperior|Earthquake|p1a: Tyranitar
|-supereffective|p1a: Tyranitar
|-damage|p1a: Tyranitar|0 fnt
|faint|p1a: Tyranitar
|
|-weather|Sandstorm|[upkeep]
|-heal|p2a: Rhyperior|284\/424|[from] item: Leftovers
|
|switch|p1a: Excadrill|Excadrill, F|290\/362
|-damage|p1a: Excadrill|279\/362|[from] Stealth Rock
|turn|14
|
|switch|p2a: Latias|Latias, F|302\/302
|-damage|p2a: Latias|265\/302|[from] Stealth Rock
|move|p1a: Excadrill|Earthquake|p2a: Latias
|-immune|p2a: Latias|[msg]
|
|-weather|Sandstorm|[upkeep]
|-damage|p2a: Latias|247\/302|[from] sandstorm
|turn|15
|
|move|p1a: Excadrill|Iron Head|p2a: Latias
|-damage|p2a: Latias|9\/302
|-damage|p1a: Excadrill|243\/362|[from] item: Life Orb
|cant|p2a: Latias|flinch
|
|-weather|Sandstorm|[upkeep]
|-damage|p2a: Latias|0 fnt|[from] sandstorm
|faint|p2a: Latias
|
|switch|p2a: Heracross|Heracross-Mega, M|308\/308
|-damage|p2a: Heracross|270\/308|[from] Stealth Rock
|turn|16
|
|move|p1a: Excadrill|Iron Head|p2a: Heracross
|-damage|p2a: Heracross|97\/308
|-damage|p1a: Excadrill|207\/362|[from] item: Life Orb
|move|p2a: Heracross|Close Combat|p1a: Excadrill
|-supereffective|p1a: Excadrill
|-damage|p1a: Excadrill|0 fnt
|-unboost|p2a: Heracross|def|1
|-unboost|p2a: Heracross|spd|1
|faint|p1a: Excadrill
|
|-weather|Sandstorm|[upkeep]
|-damage|p2a: Heracross|78\/308|[from] sandstorm
|
|switch|p1a: Talonflame|Talonflame, M|327\/327
|-damage|p1a: Talonflame|164\/327|[from] Stealth Rock
|turn|17
|
|switch|p2a: Azumarill|Azumarill, M|203\/401
|-damage|p2a: Azumarill|153\/401|[from] Stealth Rock
|move|p1a: Talonflame|Flare Blitz|p2a: Azumarill
|-resisted|p2a: Azumarill
|-damage|p2a: Azumarill|54\/401
|-damage|p1a: Talonflame|131\/327|[from] recoil|[of] p2a: Azumarill
|
|-weather|Sandstorm|[upkeep]
|-damage|p1a: Talonflame|111\/327|[from] sandstorm
|-damage|p2a: Azumarill|29\/401|[from] sandstorm
|turn|18
|
|move|p1a: Talonflame|Brave Bird|p2a: Azumarill
|-damage|p2a: Azumarill|0 fnt
|-damage|p1a: Talonflame|101\/327|[from] recoil|[of] p2a: Azumarill
|faint|p2a: Azumarill
|
|-weather|Sandstorm|[upkeep]
|-damage|p1a: Talonflame|81\/327|[from] sandstorm
|
|switch|p2a: Heracross|Heracross-Mega, M|78\/308
|-damage|p2a: Heracross|40\/308|[from] Stealth Rock
|turn|19
|
|move|p1a: Talonflame|Brave Bird|p2a: Heracross
|-supereffective|p2a: Heracross
|-damage|p2a: Heracross|0 fnt
|-damage|p1a: Talonflame|68\/327|[from] recoil|[of] p2a: Heracross
|faint|p2a: Heracross
|
|-weather|Sandstorm|[upkeep]
|-damage|p1a: Talonflame|48\/327|[from] sandstorm
|
|switch|p2a: Rhyperior|Rhyperior, F|284\/424
|-damage|p2a: Rhyperior|258\/424|[from] Stealth Rock
|turn|20
|
|switch|p2a: Jirachi|Jirachi|404\/404
|-damage|p2a: Jirachi|379\/404|[from] Stealth Rock
|move|p1a: Talonflame|Flare Blitz|p2a: Jirachi
|-crit|p2a: Jirachi
|-supereffective|p2a: Jirachi
|-damage|p2a: Jirachi|0 fnt
|-damage|p1a: Talonflame|0 fnt|[from] recoil|[of] p2a: Jirachi
|faint|p2a: Jirachi
|faint|p1a: Talonflame
|
|-weather|none
|
|switch|p1a: Salamence|Salamence-Mega, F, shiny|209\/331
|-damage|p1a: Salamence|127\/331|[from] Stealth Rock
|switch|p2a: Rhyperior|Rhyperior, F|258\/424
|-damage|p2a: Rhyperior|232\/424|[from] Stealth Rock
|turn|21
|
|move|p1a: Salamence|Earthquake|p2a: Rhyperior
|-supereffective|p2a: Rhyperior
|-damage|p2a: Rhyperior|96\/424
|move|p2a: Rhyperior|Ice Punch|p1a: Salamence
|-supereffective|p1a: Salamence
|-damage|p1a: Salamence|0 fnt
|faint|p1a: Salamence
|
|win|alb_prova
|raw|Ladder updating...
|raw|Yeiyi's rating: 1499 &rarr; <strong>1470<\/strong><br \/>(-29 for losing)
|raw|alb_prova's rating: 1328 &rarr; <strong>1357<\/strong><br \/>(+29 for winning)
|c|âalb_prova|gg