|join|alb_prova
|join|NuB Central
|player|p1|alb_prova|210
|player|p2|NuB Central|161
|gametype|singles
|gen|6
|tier|ORAS OU
|rated
|rule|Sleep Clause Mod: Limit one foe put to sleep
|rule|Species Clause: Limit one of each PokÃ©mon
|rule|OHKO Clause: OHKO moves are banned
|rule|Moody Clause: Moody is banned
|rule|Evasion Moves Clause: Evasion moves are banned
|rule|Endless Battle Clause: Forcing endless battles is banned
|rule|HP Percentage Mod: HP is shown in percentages
|clearpoke
|poke|p1|Jirachi
|poke|p1|Azumarill, M
|poke|p1|Poliwrath, M
|poke|p1|Heracross, F
|poke|p1|Raikou
|poke|p1|Avalugg, F
|poke|p2|Gallade, M, shiny
|poke|p2|Weavile, M, shiny
|poke|p2|Zapdos
|poke|p2|Ferrothorn, F, shiny
|poke|p2|Clefable, F, shiny
|poke|p2|Keldeo-Resolute
|rule|Swagger Clause: Swagger is banned
|rule|Baton Pass Clause: Limit one PokÃ©mon knowing Baton Pass
|teampreview
|c|âalb_prova|gl hf
|join|xAirticwolfx
|c|âNuB Central|gl
|
|start
|switch|p1a: Heracross|Heracross, F|308\/308
|switch|p2a: Spartan|Gallade, M, shiny|277\/277
|turn|1
|
|switch|p1a: Wrongtoad|Poliwrath, M|384\/384
|switch|p2a: Fairy Land|Clefable, F, shiny|391\/391
|
|turn|2
|
|switch|p1a: Nano malefico|Jirachi|404\/404
|move|p2a: Fairy Land|Moonblast|p1a: Nano malefico
|-resisted|p1a: Nano malefico
|-damage|p1a: Nano malefico|364\/404
|
|-heal|p1a: Nano malefico|389\/404|[from] item: Leftovers
|turn|3
|
|switch|p2a: Zaptwo|Zapdos|383\/383
|-ability|p2a: Zaptwo|Pressure
|move|p1a: Nano malefico|Stealth Rock|p2a: Zaptwo
|-sidestart|p2: NuB Central|move: Stealth Rock
|
|-heal|p1a: Nano malefico|404\/404|[from] item: Leftovers
|turn|4
|
|switch|p1a: Raikou|Raikou|321\/321
|-ability|p1a: Raikou|Pressure
|move|p2a: Zaptwo|Defog|p1a: Raikou
|-unboost|p1a: Raikou|evasion|1
|-sideend|p2: NuB Central|Stealth Rock|[from] move: Defog|[of] p2a: Zaptwo
|
|turn|5
|
|move|p1a: Raikou|Thunderbolt|p2a: Zaptwo
|-damage|p2a: Zaptwo|224\/383
|move|p2a: Zaptwo|Heat Wave|p1a: Raikou
|-damage|p1a: Raikou|263\/321
|
|-heal|p2a: Zaptwo|247\/383|[from] item: Leftovers
|turn|6
|
|move|p1a: Raikou|Hidden Power|p2a: Zaptwo
|-supereffective|p2a: Zaptwo
|-damage|p2a: Zaptwo|107\/383
|move|p2a: Zaptwo|Roost|p2a: Zaptwo
|-heal|p2a: Zaptwo|299\/383
|
|-heal|p2a: Zaptwo|322\/383|[from] item: Leftovers
|turn|7
|
|move|p1a: Raikou|Thunderbolt|p2a: Zaptwo
|-damage|p2a: Zaptwo|163\/383
|move|p2a: Zaptwo|Heat Wave|p1a: Raikou
|-damage|p1a: Raikou|205\/321
|
|-heal|p2a: Zaptwo|186\/383|[from] item: Leftovers
|turn|8
|
|move|p1a: Raikou|Volt Switch|p2a: Zaptwo
|-damage|p2a: Zaptwo|59\/383
|
|switch|p1a: Heracross|Heracross, F|308\/308
|move|p2a: Zaptwo|Roost|p2a: Zaptwo
|-heal|p2a: Zaptwo|251\/383
|
|-heal|p2a: Zaptwo|274\/383|[from] item: Leftovers
|turn|9
|
|switch|p2a: Fairy Land|Clefable, F, shiny|391\/391
|detailschange|p1a: Heracross|Heracross-Mega, F
|message|Heracross has Mega Evolved into Mega Heracross!
|move|p1a: Heracross|Rock Blast|p2a: Fairy Land
|-damage|p2a: Fairy Land|356\/391
|-crit|p2a: Fairy Land
|-damage|p2a: Fairy Land|300\/391
|-damage|p2a: Fairy Land|264\/391
|-damage|p2a: Fairy Land|228\/391
|-damage|p2a: Fairy Land|195\/391
|-hitcount|p2a: Fairy Land|5
|
|-heal|p2a: Fairy Land|219\/391|[from] item: Leftovers
|turn|10
|
|switch|p1a: Nano malefico|Jirachi|404\/404
|move|p2a: Fairy Land|Soft-Boiled|p2a: Fairy Land
|-heal|p2a: Fairy Land|391\/391
|
|turn|11
|
|switch|p2a: Zaptwo|Zapdos|274\/383
|-ability|p2a: Zaptwo|Pressure
|move|p1a: Nano malefico|Stealth Rock|p2a: Zaptwo
|-sidestart|p2: NuB Central|move: Stealth Rock
|
|-heal|p2a: Zaptwo|297\/383|[from] item: Leftovers
|turn|12
|
|move|p2a: Zaptwo|Defog|p1a: Nano malefico
|-unboost|p1a: Nano malefico|evasion|1
|-sideend|p2: NuB Central|Stealth Rock|[from] move: Defog|[of] p2a: Zaptwo
|move|p1a: Nano malefico|Fire Punch|p2a: Zaptwo
|-damage|p2a: Zaptwo|248\/383
|
|-heal|p2a: Zaptwo|271\/383|[from] item: Leftovers
|turn|13
|
|move|p1a: Nano malefico|Stealth Rock|p2a: Zaptwo
|-sidestart|p2: NuB Central|move: Stealth Rock
|move|p2a: Zaptwo|Heat Wave|p1a: Nano malefico
|-supereffective|p1a: Nano malefico
|-damage|p1a: Nano malefico|272\/404
|
|-heal|p1a: Nano malefico|297\/404|[from] item: Leftovers
|-heal|p2a: Zaptwo|294\/383|[from] item: Leftovers
|turn|14
|
|switch|p1a: Raikou|Raikou|205\/321
|-ability|p1a: Raikou|Pressure
|move|p2a: Zaptwo|Heat Wave|p1a: Raikou
|-damage|p1a: Raikou|147\/321
|
|-heal|p2a: Zaptwo|317\/383|[from] item: Leftovers
|turn|15
|
|move|p1a: Raikou|Thunderbolt|p2a: Zaptwo
|-damage|p2a: Zaptwo|161\/383
|move|p2a: Zaptwo|Defog|p1a: Raikou
|-unboost|p1a: Raikou|evasion|1
|-sideend|p2: NuB Central|Stealth Rock|[from] move: Defog|[of] p2a: Zaptwo
|
|-heal|p2a: Zaptwo|184\/383|[from] item: Leftovers
|turn|16
|
|move|p1a: Raikou|Volt Switch|p2a: Zaptwo
|-damage|p2a: Zaptwo|57\/383
|
|switch|p1a: Heracross|Heracross-Mega, F|308\/308
|move|p2a: Zaptwo|Roost|p2a: Zaptwo
|-heal|p2a: Zaptwo|249\/383
|
|-heal|p2a: Zaptwo|272\/383|[from] item: Leftovers
|turn|17
|
|switch|p2a: Fairy Land|Clefable, F, shiny|391\/391
|move|p1a: Heracross|Rock Blast|p2a: Fairy Land
|-damage|p2a: Fairy Land|355\/391
|-damage|p2a: Fairy Land|323\/391
|-damage|p2a: Fairy Land|286\/391
|-damage|p2a: Fairy Land|252\/391
|-damage|p2a: Fairy Land|214\/391
|-hitcount|p2a: Fairy Land|5
|
|-heal|p2a: Fairy Land|238\/391|[from] item: Leftovers
|turn|18
|
|move|p1a: Heracross|Bullet Seed|p2a: Fairy Land
|-damage|p2a: Fairy Land|205\/391
|-damage|p2a: Fairy Land|172\/391
|-damage|p2a: Fairy Land|135\/391
|-damage|p2a: Fairy Land|99\/391
|-crit|p2a: Fairy Land
|-damage|p2a: Fairy Land|50\/391
|-hitcount|p2a: Fairy Land|5
|move|p2a: Fairy Land|Soft-Boiled|p2a: Fairy Land
|-heal|p2a: Fairy Land|246\/391
|
|-heal|p2a: Fairy Land|270\/391|[from] item: Leftovers
|turn|19
|
|switch|p1a: Nano malefico|Jirachi|297\/404
|move|p2a: Fairy Land|Soft-Boiled|p2a: Fairy Land
|-heal|p2a: Fairy Land|391\/391
|
|-heal|p1a: Nano malefico|322\/404|[from] item: Leftovers
|turn|20
|
|switch|p1a: Heracross|Heracross-Mega, F|308\/308
|switch|p2a: Zaptwo|Zapdos|272\/383
|-ability|p2a: Zaptwo|Pressure
|
|-heal|p2a: Zaptwo|295\/383|[from] item: Leftovers
|turn|21
|
|switch|p2a: Fairy Land|Clefable, F, shiny|391\/391
|move|p1a: Heracross|Rock Blast|p2a: Fairy Land
|-damage|p2a: Fairy Land|358\/391
|-damage|p2a: Fairy Land|321\/391
|-damage|p2a: Fairy Land|289\/391
|-damage|p2a: Fairy Land|256\/391
|-damage|p2a: Fairy Land|222\/391
|-hitcount|p2a: Fairy Land|5
|
|-heal|p2a: Fairy Land|246\/391|[from] item: Leftovers
|turn|22
|
|switch|p1a: Nano malefico|Jirachi|322\/404
|move|p2a: Fairy Land|Soft-Boiled|p2a: Fairy Land
|-heal|p2a: Fairy Land|391\/391
|
|-heal|p1a: Nano malefico|347\/404|[from] item: Leftovers
|turn|23
|
|move|p1a: Nano malefico|Fire Punch|p2a: Fairy Land
|-damage|p2a: Fairy Land|342\/391
|-status|p2a: Fairy Land|brn
|move|p2a: Fairy Land|Flamethrower|p1a: Nano malefico
|-supereffective|p1a: Nano malefico
|-damage|p1a: Nano malefico|249\/404
|
|-heal|p1a: Nano malefico|274\/404|[from] item: Leftovers
|-heal|p2a: Fairy Land|366\/391 brn|[from] item: Leftovers
|turn|24
|
|switch|p2a: Spartan|Gallade, M, shiny|277\/277
|move|p1a: Nano malefico|Iron Head|p2a: Spartan
|-damage|p2a: Spartan|139\/277
|
|-heal|p1a: Nano malefico|299\/404|[from] item: Leftovers
|turn|25
|
|switch|p1a: Wrongtoad|Poliwrath, M|384\/384
|detailschange|p2a: Spartan|Gallade-Mega, M, shiny
|message|Gallade has Mega Evolved into Mega Gallade!
|move|p2a: Spartan|Knock Off|p1a: Wrongtoad
|-resisted|p1a: Wrongtoad
|-damage|p1a: Wrongtoad|330\/384
|-enditem|p1a: Wrongtoad|Leftovers|[from] move: Knock Off|[of] p2a: Spartan
|
|turn|26
|
|move|p2a: Spartan|Zen Headbutt|p1a: Wrongtoad
|-supereffective|p1a: Wrongtoad
|-damage|p1a: Wrongtoad|94\/384
|move|p1a: Wrongtoad|Scald|p2a: Spartan
|-damage|p2a: Spartan|73\/277
|-status|p2a: Spartan|brn
|
|-damage|p2a: Spartan|39\/277 brn|[from] brn
|turn|27
|c|âNuB Central|ofc
|
|switch|p1a: Piroetta|Avalugg, F|394\/394
|move|p2a: Spartan|Close Combat|p1a: Piroetta
|-supereffective|p1a: Piroetta
|-damage|p1a: Piroetta|248\/394
|-unboost|p2a: Spartan|def|1
|-unboost|p2a: Spartan|spd|1
|
|-heal|p1a: Piroetta|272\/394|[from] item: Leftovers
|-damage|p2a: Spartan|5\/277 brn|[from] brn
|turn|28
|
|move|p2a: Spartan|Knock Off|p1a: Piroetta
|-damage|p1a: Piroetta|234\/394
|-enditem|p1a: Piroetta|Leftovers|[from] move: Knock Off|[of] p2a: Spartan
|move|p1a: Piroetta|Recover|p1a: Piroetta
|-heal|p1a: Piroetta|394\/394
|
|-damage|p2a: Spartan|0 fnt|[from] brn
|faint|p2a: Spartan
|join|ShootingStarmie
|
|switch|p2a: Fairy Land|Clefable, F, shiny|366\/391 brn
|turn|29
|join|Lyconik
|
|switch|p1a: Nano malefico|Jirachi|299\/404
|move|p2a: Fairy Land|Calm Mind|p2a: Fairy Land
|-boost|p2a: Fairy Land|spa|1
|-boost|p2a: Fairy Land|spd|1
|
|-heal|p1a: Nano malefico|324\/404|[from] item: Leftovers
|-heal|p2a: Fairy Land|390\/391 brn|[from] item: Leftovers
|turn|30
|leave|Lyconik
|
|move|p1a: Nano malefico|Iron Head|p2a: Fairy Land
|-supereffective|p2a: Fairy Land
|-damage|p2a: Fairy Land|226\/391 brn
|move|p2a: Fairy Land|Flamethrower|p1a: Nano malefico
|-supereffective|p1a: Nano malefico
|-damage|p1a: Nano malefico|168\/404
|
|-heal|p1a: Nano malefico|193\/404|[from] item: Leftovers
|-heal|p2a: Fairy Land|250\/391 brn|[from] item: Leftovers
|turn|31
|join|omegaW
|
|switch|p2a: Cherry|Ferrothorn, F, shiny|352\/352
|move|p1a: Nano malefico|Iron Head|p2a: Cherry
|-resisted|p2a: Cherry
|-damage|p2a: Cherry|318\/352
|-damage|p1a: Nano malefico|143\/404|[from] ability: Iron Barbs|[of] p2a: Cherry
|
|-heal|p1a: Nano malefico|168\/404|[from] item: Leftovers
|-heal|p2a: Cherry|340\/352|[from] item: Leftovers
|turn|32
|
|switch|p1a: Heracross|Heracross-Mega, F|308\/308
|switch|p2a: Fairy Land|Clefable, F, shiny|250\/391 brn
|
|-heal|p2a: Fairy Land|274\/391 brn|[from] item: Leftovers
|turn|33
|
|move|p1a: Heracross|Bullet Seed|p2a: Fairy Land
|-damage|p2a: Fairy Land|237\/391 brn
|-damage|p2a: Fairy Land|202\/391 brn
|-damage|p2a: Fairy Land|169\/391 brn
|-damage|p2a: Fairy Land|133\/391 brn
|-damage|p2a: Fairy Land|96\/391 brn
|-hitcount|p2a: Fairy Land|5
|move|p2a: Fairy Land|Soft-Boiled|p2a: Fairy Land
|-heal|p2a: Fairy Land|292\/391 brn
|
|-heal|p2a: Fairy Land|316\/391 brn|[from] item: Leftovers
|turn|34
|
|switch|p1a: Nano malefico|Jirachi|168\/404
|move|p2a: Fairy Land|Flamethrower|p1a: Nano malefico
|-supereffective|p1a: Nano malefico
|-damage|p1a: Nano malefico|74\/404
|
|-heal|p1a: Nano malefico|99\/404|[from] item: Leftovers
|-heal|p2a: Fairy Land|340\/391 brn|[from] item: Leftovers
|turn|35
|
|switch|p2a: Pegasus|Keldeo-Resolute|323\/323
|move|p1a: Nano malefico|Iron Head|p2a: Pegasus
|-resisted|p2a: Pegasus
|-damage|p2a: Pegasus|275\/323
|
|-heal|p1a: Nano malefico|124\/404|[from] item: Leftovers
|turn|36
|
|switch|p1a: Azumarill|Azumarill, M|401\/401
|move|p2a: Pegasus|Secret Sword|p1a: Azumarill
|-resisted|p1a: Azumarill
|-damage|p1a: Azumarill|254\/401
|
|turn|37
|
|switch|p2a: Cherry|Ferrothorn, F, shiny|340\/352
|move|p1a: Azumarill|Superpower|p2a: Cherry
|-supereffective|p2a: Cherry
|-damage|p2a: Cherry|102\/352
|-damage|p1a: Azumarill|204\/401|[from] ability: Iron Barbs|[of] p2a: Cherry
|-unboost|p1a: Azumarill|atk|1
|-unboost|p1a: Azumarill|def|1
|
|-heal|p2a: Cherry|124\/352|[from] item: Leftovers
|turn|38
|
|switch|p2a: Pegasus|Keldeo-Resolute|275\/323
|move|p1a: Azumarill|Superpower|p2a: Pegasus
|-damage|p2a: Pegasus|158\/323
|-unboost|p1a: Azumarill|atk|1
|-unboost|p1a: Azumarill|def|1
|
|turn|39
|
|switch|p1a: Piroetta|Avalugg, F|394\/394
|move|p2a: Pegasus|Secret Sword|p1a: Piroetta
|-supereffective|p1a: Piroetta
|-damage|p1a: Piroetta|134\/394
|
|turn|40
|
|move|p2a: Pegasus|Secret Sword|p1a: Piroetta
|-supereffective|p1a: Piroetta
|-damage|p1a: Piroetta|0 fnt
|faint|p1a: Piroetta
|
|
|switch|p1a: Raikou|Raikou|147\/321
|-ability|p1a: Raikou|Pressure
|turn|41
|
|switch|p2a: Cherry|Ferrothorn, F, shiny|124\/352
|move|p1a: Raikou|Volt Switch|p2a: Cherry
|-resisted|p2a: Cherry
|-damage|p2a: Cherry|79\/352
|
|switch|p1a: Heracross|Heracross-Mega, F|308\/308
|
|-heal|p2a: Cherry|101\/352|[from] item: Leftovers
|turn|42
|
|switch|p2a: Fairy Land|Clefable, F, shiny|340\/391 brn
|move|p1a: Heracross|Close Combat|p2a: Fairy Land
|-resisted|p2a: Fairy Land
|-damage|p2a: Fairy Land|224\/391 brn
|-unboost|p1a: Heracross|def|1
|-unboost|p1a: Heracross|spd|1
|
|-heal|p2a: Fairy Land|248\/391 brn|[from] item: Leftovers
|turn|43
|leave|ShootingStarmie
|
|switch|p1a: Wrongtoad|Poliwrath, M|94\/384
|move|p2a: Fairy Land|Moonblast|p1a: Wrongtoad
|-supereffective|p1a: Wrongtoad
|-damage|p1a: Wrongtoad|0 fnt
|faint|p1a: Wrongtoad
|
|-heal|p2a: Fairy Land|272\/391 brn|[from] item: Leftovers
|
|switch|p1a: Nano malefico|Jirachi|124\/404
|turn|44
|
|switch|p2a: Cherry|Ferrothorn, F, shiny|101\/352
|move|p1a: Nano malefico|Iron Head|p2a: Cherry
|-resisted|p2a: Cherry
|-damage|p2a: Cherry|68\/352
|-damage|p1a: Nano malefico|74\/404|[from] ability: Iron Barbs|[of] p2a: Cherry
|
|-heal|p1a: Nano malefico|99\/404|[from] item: Leftovers
|-heal|p2a: Cherry|90\/352|[from] item: Leftovers
|turn|45
|
|move|p1a: Nano malefico|Fire Punch|p2a: Cherry
|-supereffective|p2a: Cherry
|-damage|p2a: Cherry|0 fnt
|-damage|p1a: Nano malefico|49\/404|[from] ability: Iron Barbs|[of] p2a: Cherry
|faint|p2a: Cherry
|
|-heal|p1a: Nano malefico|74\/404|[from] item: Leftovers
|
|switch|p2a: Pegasus|Keldeo-Resolute|158\/323
|turn|46
|
|move|p2a: Pegasus|Scald|p1a: Nano malefico
|-damage|p1a: Nano malefico|0 fnt
|faint|p1a: Nano malefico
|
|
|switch|p1a: Raikou|Raikou|147\/321
|-ability|p1a: Raikou|Pressure
|turn|47
|
|move|p1a: Raikou|Thunderbolt|p2a: Pegasus
|-supereffective|p2a: Pegasus
|-damage|p2a: Pegasus|0 fnt
|faint|p2a: Pegasus
|
|
|switch|p2a: Honey Badger|Weavile, M, shiny|281\/281
|-ability|p2a: Honey Badger|Pressure
|turn|48
|
|switch|p1a: Heracross|Heracross-Mega, F|308\/308
|move|p2a: Honey Badger|Ice Punch|p1a: Heracross
|-damage|p1a: Heracross|160\/308
|-damage|p2a: Honey Badger|253\/281|[from] item: Life Orb
|
|turn|49
|
|move|p2a: Honey Badger|Ice Punch|p1a: Heracross
|-damage|p1a: Heracross|7\/308
|-damage|p2a: Honey Badger|225\/281|[from] item: Life Orb
|move|p1a: Heracross|Pin Missile|p2a: Honey Badger
|-supereffective|p2a: Honey Badger
|-damage|p2a: Honey Badger|51\/281
|-supereffective|p2a: Honey Badger
|-damage|p2a: Honey Badger|0 fnt
|-hitcount|p2a: Honey Badger|2
|faint|p2a: Honey Badger
|
|
|switch|p2a: Fairy Land|Clefable, F, shiny|272\/391 brn
|turn|50
|
|switch|p1a: Raikou|Raikou|147\/321
|-ability|p1a: Raikou|Pressure
|move|p2a: Fairy Land|Soft-Boiled|p2a: Fairy Land
|-heal|p2a: Fairy Land|391\/391 brn
|
|turn|51
|
|move|p1a: Raikou|Thunderbolt|p2a: Fairy Land
|-damage|p2a: Fairy Land|219\/391 brn
|move|p2a: Fairy Land|Calm Mind|p2a: Fairy Land
|-boost|p2a: Fairy Land|spa|1
|-boost|p2a: Fairy Land|spd|1
|
|-heal|p2a: Fairy Land|243\/391 brn|[from] item: Leftovers
|turn|52
|c| omegaW|dam :\/
|
|move|p1a: Raikou|Volt Switch|p2a: Fairy Land
|-damage|p2a: Fairy Land|162\/391 brn
|
|switch|p1a: Heracross|Heracross-Mega, F|7\/308
|move|p2a: Fairy Land|Soft-Boiled|p2a: Fairy Land
|-heal|p2a: Fairy Land|358\/391 brn
|
|-heal|p2a: Fairy Land|382\/391 brn|[from] item: Leftovers
|turn|53
|
|move|p1a: Heracross|Bullet Seed|p2a: Fairy Land
|-damage|p2a: Fairy Land|349\/391 brn
|-damage|p2a: Fairy Land|317\/391 brn
|-damage|p2a: Fairy Land|282\/391 brn
|-damage|p2a: Fairy Land|248\/391 brn
|-damage|p2a: Fairy Land|211\/391 brn
|-hitcount|p2a: Fairy Land|5
|move|p2a: Fairy Land|Moonblast|p1a: Heracross
|-supereffective|p1a: Heracross
|-damage|p1a: Heracross|0 fnt
|faint|p1a: Heracross
|
|-heal|p2a: Fairy Land|235\/391 brn|[from] item: Leftovers
|
|switch|p1a: Raikou|Raikou|147\/321
|-ability|p1a: Raikou|Pressure
|turn|54
|
|move|p1a: Raikou|Thunderbolt|p2a: Fairy Land
|-damage|p2a: Fairy Land|129\/391 brn
|move|p2a: Fairy Land|Soft-Boiled|p2a: Fairy Land
|-heal|p2a: Fairy Land|325\/391 brn
|
|-heal|p2a: Fairy Land|349\/391 brn|[from] item: Leftovers
|turn|55
|c|âalb_prova|gg man
|
|move|p1a: Raikou|Thunderbolt|p2a: Fairy Land
|-damage|p2a: Fairy Land|238\/391 brn
|move|p2a: Fairy Land|Moonblast|p1a: Raikou
|-damage|p1a: Raikou|44\/321
|
|-heal|p2a: Fairy Land|262\/391 brn|[from] item: Leftovers
|turn|56
|c|âNuB Central|ggggg
|
|move|p1a: Raikou|Thunderbolt|p2a: Fairy Land
|-damage|p2a: Fairy Land|153\/391 brn
|move|p2a: Fairy Land|Moonblast|p1a: Raikou
|-damage|p1a: Raikou|0 fnt
|faint|p1a: Raikou
|
|-heal|p2a: Fairy Land|177\/391 brn|[from] item: Leftovers
|
|switch|p1a: Azumarill|Azumarill, M|204\/401
|turn|57
|
|move|p2a: Fairy Land|Moonblast|p1a: Azumarill
|-damage|p1a: Azumarill|75\/401
|-unboost|p1a: Azumarill|spa|1
|move|p1a: Azumarill|Play Rough|p2a: Fairy Land
|-damage|p2a: Fairy Land|3\/391 brn
|
|-heal|p2a: Fairy Land|27\/391 brn|[from] item: Leftovers
|turn|58
|
|move|p1a: Azumarill|Aqua Jet|p2a: Fairy Land
|-damage|p2a: Fairy Land|0 fnt
|faint|p2a: Fairy Land
|
|
|switch|p2a: Zaptwo|Zapdos|295\/383
|-ability|p2a: Zaptwo|Pressure
|turn|59
|
|move|p2a: Zaptwo|Thunderbolt|p1a: Azumarill
|-supereffective|p1a: Azumarill
|-damage|p1a: Azumarill|0 fnt
|faint|p1a: Azumarill
|
|win|NuB Central
|raw|Ladder updating...
|raw|alb_prova's rating: 1373 &rarr; <strong>1359<\/strong><br \/>(-14 for losing)
|raw|NuB Central's rating: 1479 &rarr; <strong>1493<\/strong><br \/>(+14 for winning)
|leave|NuB Central
|player|p2