|join|Zamrock
|join|alb_prova
|player|p1|Zamrock|293
|player|p2|alb_prova|210
|gametype|singles
|gen|6
|tier|ORAS OU
|rated
|rule|Sleep Clause Mod: Limit one foe put to sleep
|rule|Species Clause: Limit one of each PokÃ©mon
|rule|OHKO Clause: OHKO moves are banned
|rule|Moody Clause: Moody is banned
|rule|Evasion Moves Clause: Evasion moves are banned
|rule|Endless Battle Clause: Forcing endless battles is banned
|rule|HP Percentage Mod: HP is shown in percentages
|clearpoke
|poke|p1|Latios, M
|poke|p1|Magnezone
|poke|p1|Terrakion
|poke|p1|Azumarill, M
|poke|p1|Greninja, M
|poke|p1|Garchomp, F
|poke|p2|Jirachi
|poke|p2|Azumarill, M
|poke|p2|Poliwrath, M
|poke|p2|Heracross, F
|poke|p2|Raikou
|poke|p2|Avalugg, F
|rule|Swagger Clause: Swagger is banned
|rule|Baton Pass Clause: Limit one PokÃ©mon knowing Baton Pass
|teampreview
|c|âalb_prova|gl hf
|join|Prankster
|join|jacksoras
|c|âZamrock|shut up
|join|lil manaphy
|c| jacksoras|lol
|c| jacksoras|poliwhirl
|c| jacksoras|!!!
|join|Dallaren
|
|start
|switch|p1a: Terrakion|Terrakion|323\/323
|switch|p2a: Piroetta|Avalugg, F|394\/394
|turn|1
|join|Crestfall
|c|âZamrock|!data avlugg
No Pokemon, item, move, ability or nature named 'avlugg' was found. Showing the data of 'Avalugg' instead.
|c|~|\/data-pokemon Avalugg

|c|âZamrock|holy shit
|c| lil manaphy|that actually parallels mega slowbro
|c| lil manaphy|no lie
|
|move|p1a: Terrakion|Stone Edge|p2a: Piroetta
|-supereffective|p2a: Piroetta
|-damage|p2a: Piroetta|196\/394
|move|p2a: Piroetta|Avalanche|p1a: Terrakion
|-damage|p1a: Terrakion|142\/323
|
|-heal|p2a: Piroetta|220\/394|[from] item: Leftovers
|turn|2
|c| lil manaphy|95\/180
|join|midsizedsedan
|join|sdwdwdwdw
|
|move|p1a: Terrakion|Close Combat|p2a: Piroetta
|-supereffective|p2a: Piroetta
|-damage|p2a: Piroetta|0 fnt
|-unboost|p1a: Terrakion|def|1
|-unboost|p1a: Terrakion|spd|1
|faint|p2a: Piroetta
|
|
|switch|p2a: Wrongtoad|Poliwrath, M|384\/384
|turn|3
|join|Omegasization
|c| Dallaren|is avalugg just a thing now..
|c| jacksoras|ye it does
|
|move|p1a: Terrakion|Stealth Rock|p2a: Wrongtoad
|-sidestart|p2: alb_prova|move: Stealth Rock
|move|p2a: Wrongtoad|Circle Throw|p1a: Terrakion
|-supereffective|p1a: Terrakion
|-damage|p1a: Terrakion|0 fnt
|faint|p1a: Terrakion
|
|c| Omegasization|zam
|c| Omegasization|how tf
|c|âZamrock|?
|c| Omegasization|did you drop this much
|join|ejja bro
|c| Omegasization|just how
|c|%Crestfall|lel
|c|âZamrock|nigga i dont ladder
|c| jacksoras|this meta is weird
|join|Julius Caesar I
|c|âZamrock|on this alt
|c| jacksoras|and mence
|c| jacksoras|is everywhere
|
|switch|p1a: Azumarill|Azumarill, M|356\/356
|turn|4
|c| jacksoras|also ppl are shit
|c| jacksoras|and u overpredict
|join|habajiga
|c| Omegasization|thats alba proooo
|c|âZamrock|my last fight i lost a speed tie
|c| Omegasization|i get your poin
|c|âZamrock|lol
|c| Omegasization|t
|
|move|p1a: Azumarill|Play Rough|p2a: Wrongtoad
|-supereffective|p2a: Wrongtoad
|-damage|p2a: Wrongtoad|0 fnt
|faint|p2a: Wrongtoad
|
|
|switch|p2a: Heracross|Heracross, F|308\/308
|-damage|p2a: Heracross|270\/308|[from] Stealth Rock
|turn|5
|join|DracoNinja
|c|âalb_prova|band nice
|c| Omegasization|not like he HAS JIRACHI
|
|switch|p1a: Magnezone|Magnezone|282\/282
|detailschange|p2a: Heracross|Heracross-Mega, F
|message|Heracross has Mega Evolved into Mega Heracross!
|move|p2a: Heracross|Bullet Seed|p1a: Magnezone
|-resisted|p1a: Magnezone
|-damage|p1a: Magnezone|264\/282
|-resisted|p1a: Magnezone
|-damage|p1a: Magnezone|248\/282
|-resisted|p1a: Magnezone
|-damage|p1a: Magnezone|230\/282
|-resisted|p1a: Magnezone
|-damage|p1a: Magnezone|213\/282
|-crit|p1a: Magnezone
|-resisted|p1a: Magnezone
|-damage|p1a: Magnezone|187\/282
|-hitcount|p1a: Magnezone|5
|
|turn|6
|c| Julius Caesar I|Lol
|
|switch|p2a: Nano malefico|Jirachi|404\/404
|-damage|p2a: Nano malefico|379\/404|[from] Stealth Rock
|move|p1a: Magnezone|Volt Switch|p2a: Nano malefico
|-crit|p2a: Nano malefico
|-damage|p2a: Nano malefico|240\/404
|c| jacksoras|julias
|c| jacksoras|!
|c| Julius Caesar I|Hai
|
|switch|p1a: Greninja|Greninja, M|285\/285
|
|-heal|p2a: Nano malefico|265\/404|[from] item: Leftovers
|turn|7
|
|switch|p2a: Raikou|Raikou|321\/321
|-damage|p2a: Raikou|281\/321|[from] Stealth Rock
|-ability|p2a: Raikou|Pressure
|move|p1a: Greninja|Dark Pulse|p2a: Raikou
|-damage|p2a: Raikou|180\/321
|-damage|p1a: Greninja|257\/285|[from] item: Life Orb
|
|turn|8
|c| jacksoras|the only nice guy on ladder
|c| jacksoras|lol
|c| Julius Caesar I|Lol
|
|switch|p2a: Nano malefico|Jirachi|265\/404
|-damage|p2a: Nano malefico|240\/404|[from] Stealth Rock
|move|p1a: Greninja|Spikes|p2a: Nano malefico
|-sidestart|p2: alb_prova|Spikes
|
|-heal|p2a: Nano malefico|265\/404|[from] item: Leftovers
|turn|9
|c| jacksoras|why the hell do people
|c| Julius Caesar I|i want fair games
|c| jacksoras|use raikou
|c| jacksoras|as a gren check
|c| jacksoras|it outspeeds
|
|switch|p2a: Azumarill|Azumarill, M|401\/401
|-damage|p2a: Azumarill|351\/401|[from] Stealth Rock
|-damage|p2a: Azumarill|301\/401|[from] Spikes
|move|p1a: Greninja|Dark Pulse|p2a: Azumarill
|-resisted|p2a: Azumarill
|-damage|p2a: Azumarill|235\/401
|-damage|p1a: Greninja|229\/285|[from] item: Life Orb
|
|turn|10
|c| jacksoras|sorry
|c| Omegasization|cuz mega man doesnt exist
|c| jacksoras|is slower
|c| Omegasization|anymore
|
|move|p2a: Azumarill|Aqua Jet|p1a: Greninja
|-crit|p1a: Greninja
|-resisted|p1a: Greninja
|-damage|p1a: Greninja|144\/285
|move|p1a: Greninja|Dark Pulse|p2a: Azumarill
|-resisted|p2a: Azumarill
|-damage|p2a: Azumarill|177\/401
|-damage|p1a: Greninja|116\/285|[from] item: Life Orb
|
|turn|11
|c| Julius Caesar I|Lol
|c| Julius Caesar I|true
|c| jacksoras|lol
|
|move|p1a: Greninja|Spikes|p2a: Azumarill
|-sidestart|p2: alb_prova|Spikes
|move|p2a: Azumarill|Waterfall|p1a: Greninja
|-resisted|p1a: Greninja
|-damage|p1a: Greninja|2\/285
|
|turn|12
|c| Julius Caesar I|I worship Zagreb everyday
|c|âZamrock|wait
|c|âZamrock|wtf
|c| Julius Caesar I|zarel*
|c| Omegasization|lol
|c| Omegasization|no protean
|c|âZamrock|TIM THIS SHIT ISN'T EVEN PROTEAN
|c| Julius Caesar I|No protean.
|c| jacksoras|gg
|c| Julius Caesar I|Lol
|join|Druides
|c| jacksoras|LOL
|c| jacksoras|LOL
|c| jacksoras|LOL
|c| jacksoras|LOL
|c| jacksoras|FUCKING LOL
|c|âalb_prova|fuck
|c| Omegasization|g
|c| Omegasization|g
|c| Omegasization|gg
|c| Omegasization|g
|
|move|p2a: Azumarill|Aqua Jet|p1a: Greninja
|-resisted|p1a: Greninja
|-damage|p1a: Greninja|0 fnt
|faint|p1a: Greninja
|
|c| Julius Caesar I|Torrent ninja is da best lel
|c| Julius Caesar I|Jk
|c|âalb_prova|lol :)
|c|âZamrock|idek if fuckin EQ will kill this bitch
|c|âZamrock|yolo
|
|switch|p1a: Latios|Latios, M|301\/301
|turn|13
|c| Julius Caesar I|Y no zone?
|
|switch|p2a: Nano malefico|Jirachi|265\/404
|-damage|p2a: Nano malefico|240\/404|[from] Stealth Rock
|-damage|p2a: Nano malefico|173\/404|[from] Spikes
|detailschange|p1a: Latios|Latios-Mega, M
|message|Latios has Mega Evolved into Mega Latios!
|move|p1a: Latios|Earthquake|p2a: Nano malefico
|-supereffective|p2a: Nano malefico
|-damage|p2a: Nano malefico|0 fnt
|faint|p2a: Nano malefico
|
|
|switch|p2a: Raikou|Raikou|180\/321
|-damage|p2a: Raikou|127\/321|[from] Spikes
|-damage|p2a: Raikou|87\/321|[from] Stealth Rock
|-ability|p2a: Raikou|Pressure
|turn|14
|c| Dallaren|is this the counter
|
|move|p2a: Raikou|Hidden Power|p1a: Latios
|-supereffective|p1a: Latios
|-damage|p1a: Latios|191\/301
|move|p1a: Latios|Dragon Dance|p1a: Latios
|-boost|p1a: Latios|atk|1
|-boost|p1a: Latios|spe|1
|
|turn|15
|c|âZamrock|YES
|c| Julius Caesar I|ROFL
|c|âZamrock|I CAN FINALLY SWEEP
|
|move|p1a: Latios|Dragon Dance|p1a: Latios
|-boost|p1a: Latios|atk|1
|-boost|p1a: Latios|spe|1
|move|p2a: Raikou|Hidden Power|p1a: Latios
|-supereffective|p1a: Latios
|-damage|p1a: Latios|83\/301
|
|turn|16
|c|âalb_prova|gg man
|c|âZamrock|gude fite
|
|move|p1a: Latios|Dragon Claw|p2a: Raikou
|-damage|p2a: Raikou|0 fnt
|faint|p2a: Raikou
|
|c| Julius Caesar I|Greedy o\/
|
|switch|p2a: Azumarill|Azumarill, M|177\/401
|-damage|p2a: Azumarill|111\/401|[from] Spikes
|-damage|p2a: Azumarill|61\/401|[from] Stealth Rock
|turn|17
|
|move|p2a: Azumarill|Aqua Jet|p1a: Latios
|-resisted|p1a: Latios
|-damage|p1a: Latios|43\/301
|move|p1a: Latios|Earthquake|p2a: Azumarill
|-damage|p2a: Azumarill|0 fnt
|faint|p2a: Azumarill
|
|
|switch|p2a: Heracross|Heracross-Mega, F|270\/308
|-damage|p2a: Heracross|219\/308|[from] Spikes
|-damage|p2a: Heracross|181\/308|[from] Stealth Rock
|turn|18
|join|exacerbate
|c| Omegasization|scarfed mega hera
|c| Omegasization|sweep
|
|move|p1a: Latios|Dragon Claw|p2a: Heracross
|-damage|p2a: Heracross|0 fnt
|faint|p2a: Heracross
|
|win|Zamrock
|raw|Ladder updating...
|c| Omegasization|GOGOGO
|raw|Zamrock's rating: 1060 &rarr; <strong>1095<\/strong><br \/>(+35 for winning)
|raw|alb_prova's rating: 1106 &rarr; <strong>1078<\/strong><br \/>(-28 for losing)
|leave|Dallaren
|join|Escavalier
|leave|alb_prova
|player|p2
|c| Julius Caesar I|Lol
|leave|exacerbate
|c| jacksoras|YEEE
|leave|Omegasization
|leave|Crestfall
|leave|Julius Caesar I
|leave|jacksoras
|leave|midsizedsedan
|leave|Escavalier
|join|Calloflochie
|c|âZamrock|Cam
|c|âZamrock|u missed it
|leave|DracoNinja
|c| Calloflochie|:[
|c|âZamrock|i swept w\/ da best sweeper
|c|âZamrock|in da world
|leave|Zamrock
|player|p1
|leave|Calloflochie
|join|Dallaren
|leave|Dallaren
|leave|habajiga
|join|habajiga
|leave|habajiga
|join|Altilt
|leave|Altilt
|leave|lil manaphy
|join|Crestfall
|leave|Crestfall
|join|Apathos
|leave|Apathos
|join|Apathos
|leave|Apathos
|leave|sdwdwdwdw
|join|DracoNinja
|leave|DracoNinja
|leave|Prankster
|leave|Druides