|join|Sharpteeth
|join|alb_prova
|player|p1|Sharpteeth|226
|player|p2|alb_prova|210
|gametype|singles
|gen|6
|tier|ORAS OU
|rated
|rule|Sleep Clause Mod: Limit one foe put to sleep
|rule|Species Clause: Limit one of each PokÃ©mon
|rule|OHKO Clause: OHKO moves are banned
|rule|Moody Clause: Moody is banned
|rule|Evasion Moves Clause: Evasion moves are banned
|rule|Endless Battle Clause: Forcing endless battles is banned
|rule|HP Percentage Mod: HP is shown in percentages
|clearpoke
|poke|p1|Weavile, M
|poke|p1|Azelf
|poke|p1|Skarmory, F
|poke|p1|Pinsir, F
|poke|p1|Raikou
|poke|p1|Garchomp, F
|poke|p2|Camerupt, F
|poke|p2|Celebi
|poke|p2|Rotom-Wash
|poke|p2|Landorus-Therian, M
|poke|p2|Mew
|poke|p2|Empoleon, F
|rule|Swagger Clause: Swagger is banned
|rule|Baton Pass Clause: Limit one PokÃ©mon knowing Baton Pass
|teampreview
|c|âalb_prova|gl hf
|join|SweepinatorX
|c|âalb_prova|this is your xy team
|
|start
|switch|p1a: Trash Talker|Azelf|291\/291
|switch|p2a: Camerupt|Camerupt, F|344\/344
|turn|1
|c|âSharpteeth|yes
|
|detailschange|p2a: Camerupt|Camerupt-Mega, F
|message|Camerupt has Mega Evolved into Mega Camerupt!
|move|p1a: Trash Talker|Stealth Rock|p2a: Camerupt
|-sidestart|p2: alb_prova|move: Stealth Rock
|move|p2a: Camerupt|Fire Blast|p1a: Trash Talker
|-enditem|p1a: Trash Talker|Focus Sash
|-damage|p1a: Trash Talker|1\/291
|
|turn|2
|
|switch|p2a: Empoleon|Empoleon, F|372\/372
|-damage|p2a: Empoleon|349\/372|[from] Stealth Rock
|move|p1a: Trash Talker|Explosion|p2a: Empoleon
|-resisted|p2a: Empoleon
|-damage|p2a: Empoleon|181\/372
|faint|p1a: Trash Talker
|
|
|switch|p1a: Tweezers|Pinsir, F|271\/271
|turn|3
|
|switch|p2a: Landorus-Therian|Landorus-Therian, M|320\/320
|-damage|p2a: Landorus-Therian|280\/320|[from] Stealth Rock
|-ability|p2a: Landorus-Therian|Intimidate|[of] p1a: Tweezers
|-fail|p1a: Tweezers|unboost|Attack|[from] ability: Hyper Cutter|[of] p1a: Tweezers
|detailschange|p1a: Tweezers|Pinsir-Mega, F
|message|Pinsir has Mega Evolved into Mega Pinsir!
|move|p1a: Tweezers|Close Combat|p2a: Landorus-Therian
|-resisted|p2a: Landorus-Therian
|-damage|p2a: Landorus-Therian|191\/320
|-unboost|p1a: Tweezers|def|1
|-unboost|p1a: Tweezers|spd|1
|
|turn|4
|leave|SweepinatorX
|
|switch|p2a: Empoleon|Empoleon, F|181\/372
|-damage|p2a: Empoleon|158\/372|[from] Stealth Rock
|switch|p1a: Hot Stove|Garchomp, F|420\/420
|
|turn|5
|
|move|p1a: Hot Stove|Earthquake|p2a: Empoleon
|-supereffective|p2a: Empoleon
|-damage|p2a: Empoleon|0 fnt
|faint|p2a: Empoleon
|
|
|switch|p2a: Mew|Mew|404\/404
|-damage|p2a: Mew|354\/404|[from] Stealth Rock
|turn|6
|
|move|p2a: Mew|Will-O-Wisp|p1a: Hot Stove
|-status|p1a: Hot Stove|brn
|move|p1a: Hot Stove|Toxic|p2a: Mew
|-status|p2a: Mew|tox
|
|-heal|p2a: Mew|379\/404 tox|[from] item: Leftovers
|-damage|p2a: Mew|354\/404 tox|[from] psn
|-damage|p1a: Hot Stove|368\/420 brn|[from] brn
|turn|7
|
|move|p2a: Mew|Taunt|p1a: Hot Stove
|-start|p1a: Hot Stove|move: Taunt
|move|p1a: Hot Stove|Dragon Tail|p2a: Mew
|-damage|p2a: Mew|314\/404 tox
|drag|p2a: Landorus-Therian|Landorus-Therian, M|191\/320
|-damage|p2a: Landorus-Therian|151\/320|[from] Stealth Rock
|-ability|p2a: Landorus-Therian|Intimidate|[of] p1a: Hot Stove
|-unboost|p1a: Hot Stove|atk|1
|
|-damage|p1a: Hot Stove|316\/420 brn|[from] brn
|turn|8
|
|move|p2a: Landorus-Therian|Earthquake|p1a: Hot Stove
|-damage|p1a: Hot Stove|183\/420 brn
|move|p1a: Hot Stove|Dragon Tail|p2a: Landorus-Therian
|-crit|p2a: Landorus-Therian
|-damage|p2a: Landorus-Therian|79\/320
|drag|p2a: Celebi|Celebi|404\/404
|-damage|p2a: Celebi|354\/404|[from] Stealth Rock
|
|-heal|p2a: Celebi|379\/404|[from] item: Leftovers
|-damage|p1a: Hot Stove|131\/420 brn|[from] brn
|turn|9
|
|switch|p1a: Panic Button|Skarmory, F|334\/334
|move|p2a: Celebi|Giga Drain|p1a: Panic Button
|-resisted|p1a: Panic Button
|-damage|p1a: Panic Button|305\/334
|-heal|p2a: Celebi|394\/404|[from] drain|[of] p1a: Panic Button
|-enditem|p1a: Panic Button|Red Card|[of] p2a: Celebi
|drag|p2a: Mew|Mew|314\/404 tox
|-damage|p2a: Mew|264\/404 tox|[from] Stealth Rock
|
|-heal|p2a: Mew|289\/404 tox|[from] item: Leftovers
|-damage|p2a: Mew|264\/404 tox|[from] psn
|turn|10
|join|Funnelby
|
|move|p2a: Mew|Taunt|p1a: Panic Button
|-start|p1a: Panic Button|move: Taunt
|cant|p1a: Panic Button|move: Taunt|Taunt
|
|-heal|p2a: Mew|289\/404 tox|[from] item: Leftovers
|-damage|p2a: Mew|239\/404 tox|[from] psn
|turn|11
|
|switch|p1a: Hot Stove|Garchomp, F|131\/420 brn
|move|p2a: Mew|Will-O-Wisp|p1a: Hot Stove
|-fail|p1a: Hot Stove|brn
|
|-heal|p2a: Mew|264\/404 tox|[from] item: Leftovers
|-damage|p2a: Mew|189\/404 tox|[from] psn
|-damage|p1a: Hot Stove|79\/420 brn|[from] brn
|turn|12
|
|move|p2a: Mew|Roost|p2a: Mew
|-heal|p2a: Mew|391\/404 tox
|move|p1a: Hot Stove|Earthquake|p2a: Mew
|-damage|p2a: Mew|327\/404 tox
|
|-heal|p2a: Mew|352\/404 tox|[from] item: Leftovers
|-damage|p2a: Mew|252\/404 tox|[from] psn
|-damage|p1a: Hot Stove|27\/420 brn|[from] brn
|turn|13
|
|move|p2a: Mew|Roost|p2a: Mew
|-heal|p2a: Mew|404\/404 tox
|move|p1a: Hot Stove|Toxic|p2a: Mew
|-fail|p2a: Mew|tox
|
|-damage|p2a: Mew|279\/404 tox|[from] psn
|-damage|p1a: Hot Stove|0 fnt|[from] brn
|faint|p1a: Hot Stove
|
|switch|p1a: Broom Head|Weavile, M|282\/282
|-ability|p1a: Broom Head|Pressure
|turn|14
|
|switch|p1a: Panic Button|Skarmory, F|305\/334
|move|p2a: Mew|Will-O-Wisp|p1a: Panic Button
|-status|p1a: Panic Button|brn
|
|-heal|p2a: Mew|304\/404 tox|[from] item: Leftovers
|-damage|p2a: Mew|154\/404 tox|[from] psn
|-damage|p1a: Panic Button|264\/334 brn|[from] brn
|turn|15
|c|âalb_prova|i'm mad
|
|move|p2a: Mew|Taunt|p1a: Panic Button
|-start|p1a: Panic Button|move: Taunt
|cant|p1a: Panic Button|move: Taunt|Spikes
|
|-heal|p2a: Mew|179\/404 tox|[from] item: Leftovers
|-damage|p2a: Mew|4\/404 tox|[from] psn
|-damage|p1a: Panic Button|223\/334 brn|[from] brn
|turn|16
|
|move|p2a: Mew|Knock Off|p1a: Panic Button
|-damage|p1a: Panic Button|191\/334 brn
|move|p1a: Panic Button|Drill Peck|p2a: Mew
|-damage|p2a: Mew|0 fnt
|faint|p2a: Mew
|
|-damage|p1a: Panic Button|150\/334 brn|[from] brn
|
|switch|p2a: Camerupt|Camerupt-Mega, F|344\/344
|-damage|p2a: Camerupt|301\/344|[from] Stealth Rock
|turn|17
|
|move|p1a: Panic Button|Drill Peck|p2a: Camerupt
|-damage|p2a: Camerupt|259\/344
|move|p2a: Camerupt|Fire Blast|p1a: Panic Button
|-supereffective|p1a: Panic Button
|-damage|p1a: Panic Button|0 fnt
|faint|p1a: Panic Button
|
|
|switch|p1a: Tweezers|Pinsir-Mega, F|271\/271
|turn|18
|
|move|p1a: Tweezers|Frustration|p2a: Camerupt
|-damage|p2a: Camerupt|9\/344
|move|p2a: Camerupt|Fire Blast|p1a: Tweezers
|-supereffective|p1a: Tweezers
|-damage|p1a: Tweezers|0 fnt
|faint|p1a: Tweezers
|
|
|switch|p1a: Phone Charger|Raikou|322\/322
|-ability|p1a: Phone Charger|Pressure
|turn|19
|
|move|p1a: Phone Charger|Shadow Ball|p2a: Camerupt
|-damage|p2a: Camerupt|0 fnt
|faint|p2a: Camerupt
|
|
|switch|p2a: Landorus-Therian|Landorus-Therian, M|79\/320
|-damage|p2a: Landorus-Therian|39\/320|[from] Stealth Rock
|-ability|p2a: Landorus-Therian|Intimidate|[of] p1a: Phone Charger
|-unboost|p1a: Phone Charger|atk|1
|turn|20
|
|move|p2a: Landorus-Therian|Earthquake|p1a: Phone Charger
|-supereffective|p1a: Phone Charger
|-damage|p1a: Phone Charger|0 fnt
|faint|p1a: Phone Charger
|
|
|switch|p1a: Broom Head|Weavile, M|282\/282
|-ability|p1a: Broom Head|Pressure
|turn|21
|
|move|p1a: Broom Head|Ice Shard|p2a: Landorus-Therian
|-supereffective|p2a: Landorus-Therian
|-damage|p2a: Landorus-Therian|0 fnt
|-damage|p1a: Broom Head|254\/282|[from] item: Life Orb
|faint|p2a: Landorus-Therian
|
|
|switch|p2a: Celebi|Celebi|394\/404
|-damage|p2a: Celebi|344\/404|[from] Stealth Rock
|turn|22
|
|move|p1a: Broom Head|Knock Off|p2a: Celebi
|-supereffective|p2a: Celebi
|-damage|p2a: Celebi|29\/404
|-enditem|p2a: Celebi|Leftovers|[from] move: Knock Off|[of] p1a: Broom Head
|-damage|p1a: Broom Head|226\/282|[from] item: Life Orb
|move|p2a: Celebi|Giga Drain|p1a: Broom Head
|-damage|p1a: Broom Head|120\/282
|-heal|p2a: Celebi|82\/404|[from] drain|[of] p1a: Broom Head
|
|turn|23
|
|move|p1a: Broom Head|Knock Off|p2a: Celebi
|-supereffective|p2a: Celebi
|-damage|p2a: Celebi|0 fnt
|-damage|p1a: Broom Head|92\/282|[from] item: Life Orb
|faint|p2a: Celebi
|
|
|switch|p2a: Rotom-Wash|Rotom-Wash|304\/304
|-damage|p2a: Rotom-Wash|266\/304|[from] Stealth Rock
|turn|24
|
|move|p1a: Broom Head|Knock Off|p2a: Rotom-Wash
|-damage|p2a: Rotom-Wash|117\/304
|-enditem|p2a: Rotom-Wash|Leftovers|[from] move: Knock Off|[of] p1a: Broom Head
|-damage|p1a: Broom Head|64\/282|[from] item: Life Orb
|move|p2a: Rotom-Wash|Volt Switch|p1a: Broom Head
|-damage|p1a: Broom Head|0 fnt
|faint|p1a: Broom Head
|
|win|alb_prova
|raw|Ladder updating...
|raw|Sharpteeth's rating: 1680 &rarr; <strong>1648<\/strong><br \/>(-32 for losing)
|raw|alb_prova's rating: 1449 &rarr; <strong>1480<\/strong><br \/>(+31 for winning)
|c|âalb_prova|gg
|c|âSharpteeth|gg
|leave|Sharpteeth
|player|p1