|join|alb_prova
|join|I'm Poopyhead
|player|p1|alb_prova|210
|player|p2|I'm Poopyhead|69
|gametype|singles
|gen|6
|tier|ORAS OU
|rated
|rule|Sleep Clause Mod: Limit one foe put to sleep
|rule|Species Clause: Limit one of each PokÃ©mon
|rule|OHKO Clause: OHKO moves are banned
|rule|Moody Clause: Moody is banned
|rule|Evasion Moves Clause: Evasion moves are banned
|rule|Endless Battle Clause: Forcing endless battles is banned
|rule|HP Percentage Mod: HP is shown in percentages
|clearpoke
|poke|p1|Camerupt, F
|poke|p1|Celebi
|poke|p1|Landorus-Therian, M
|poke|p1|Mew
|poke|p1|Empoleon, M
|poke|p1|Clefable, M
|poke|p2|Greninja, F
|poke|p2|Tyranitar, F
|poke|p2|Dragonite, M
|poke|p2|Sceptile, M
|poke|p2|Skarmory, M
|poke|p2|Conkeldurr, F
|rule|Swagger Clause: Swagger is banned
|rule|Baton Pass Clause: Limit one PokÃ©mon knowing Baton Pass
|teampreview
|
|start
|switch|p1a: Landorus-Therian|Landorus-Therian, M|320\/320
|switch|p2a: kaakelidarra|Conkeldurr, F|414\/414
|-ability|p1a: Landorus-Therian|Intimidate|[of] p2a: kaakelidarra
|-unboost|p2a: kaakelidarra|atk|1
|turn|1
|c|âI'm Poopyhead|mai main man cameruot
|
|move|p1a: Landorus-Therian|Earthquake|p2a: kaakelidarra
|-damage|p2a: kaakelidarra|200\/414
|move|p2a: kaakelidarra|Ice Punch|p1a: Landorus-Therian
|-supereffective|p1a: Landorus-Therian
|-damage|p1a: Landorus-Therian|4\/320
|
|turn|2
|
|switch|p1a: Clefable|Clefable, M|394\/394
|move|p2a: kaakelidarra|Mach Punch|p1a: Clefable
|-crit|p1a: Clefable
|-resisted|p1a: Clefable
|-damage|p1a: Clefable|343\/394
|
|-heal|p1a: Clefable|367\/394|[from] item: Leftovers
|turn|3
|
|switch|p1a: Camerupt|Camerupt, F|344\/344
|switch|p2a: Mr.Flaps|Skarmory, M|334\/334
|
|turn|4
|
|switch|p2a: kaakelidarra|Conkeldurr, F|200\/414
|detailschange|p1a: Camerupt|Camerupt-Mega, F
|message|Camerupt has Mega Evolved into Mega Camerupt!
|move|p1a: Camerupt|Will-O-Wisp|p2a: kaakelidarra
|-status|p2a: kaakelidarra|brn
|
|-damage|p2a: kaakelidarra|149\/414 brn|[from] brn
|turn|5
|
|switch|p1a: Clefable|Clefable, M|367\/394
|move|p2a: kaakelidarra|Drain Punch|p1a: Clefable
|-resisted|p1a: Clefable
|-damage|p1a: Clefable|261\/394
|-heal|p2a: kaakelidarra|202\/414 brn|[from] drain|[of] p1a: Clefable
|
|-heal|p1a: Clefable|285\/394|[from] item: Leftovers
|-damage|p2a: kaakelidarra|151\/414 brn|[from] brn
|turn|6
|
|move|p1a: Clefable|Moonlight|p1a: Clefable
|-heal|p1a: Clefable|394\/394
|move|p2a: kaakelidarra|Ice Punch|p1a: Clefable
|-damage|p1a: Clefable|260\/394
|
|-heal|p1a: Clefable|284\/394|[from] item: Leftovers
|-damage|p2a: kaakelidarra|100\/414 brn|[from] brn
|turn|7
|
|move|p1a: Clefable|Moonblast|p2a: kaakelidarra
|-supereffective|p2a: kaakelidarra
|-damage|p2a: kaakelidarra|0 fnt
|faint|p2a: kaakelidarra
|
|-heal|p1a: Clefable|308\/394|[from] item: Leftovers
|
|switch|p2a: Graig|Greninja, F|285\/285
|turn|8
|
|switch|p1a: Empoleon|Empoleon, M|372\/372
|move|p2a: Graig|Gunk Shot|p1a: Empoleon
|-start|p2a: Graig|typechange|Poison|[from] Protean
|-immune|p1a: Empoleon|[msg]
|
|turn|9
|
|switch|p2a: Veke|Tyranitar, F|404\/404
|-weather|Sandstorm
|move|p1a: Empoleon|Stealth Rock|p2a: Veke
|-sidestart|p2: I'm Poopyhead|move: Stealth Rock
|
|-weather|Sandstorm|[upkeep]
|turn|10
|
|move|p2a: Veke|Pursuit|p1a: Empoleon
|-damage|p1a: Empoleon|278\/372
|move|p1a: Empoleon|Flash Cannon|p2a: Veke
|-supereffective|p2a: Veke
|-damage|p2a: Veke|258\/404
|
|-weather|Sandstorm|[upkeep]
|-heal|p2a: Veke|283\/404|[from] item: Leftovers
|turn|11
|
|move|p2a: Veke|Crunch|p1a: Empoleon
|-damage|p1a: Empoleon|115\/372
|-unboost|p1a: Empoleon|def|1
|move|p1a: Empoleon|Scald|p2a: Veke
|-supereffective|p2a: Veke
|-damage|p2a: Veke|77\/404
|
|-weather|Sandstorm|[upkeep]
|-heal|p2a: Veke|102\/404|[from] item: Leftovers
|turn|12
|
|move|p2a: Veke|Pursuit|p1a: Empoleon
|-damage|p1a: Empoleon|0 fnt
|faint|p1a: Empoleon
|
|-weather|Sandstorm|[upkeep]
|-heal|p2a: Veke|127\/404|[from] item: Leftovers
|
|switch|p1a: Landorus-Therian|Landorus-Therian, M|4\/320
|-ability|p1a: Landorus-Therian|Intimidate|[of] p2a: Veke
|-unboost|p2a: Veke|atk|1
|turn|13
|
|switch|p2a: Mr.Flaps|Skarmory, M|334\/334
|-damage|p2a: Mr.Flaps|293\/334|[from] Stealth Rock
|move|p1a: Landorus-Therian|U-turn|p2a: Mr.Flaps
|-resisted|p2a: Mr.Flaps
|-damage|p2a: Mr.Flaps|280\/334
|-damage|p1a: Landorus-Therian|0 fnt|[from] item: Rocky Helmet|[of] p2a: Mr.Flaps
|faint|p1a: Landorus-Therian
|
|-weather|none
|
|switch|p1a: Camerupt|Camerupt-Mega, F|344\/344
|turn|14
|
|switch|p2a: Veke|Tyranitar, F|127\/404
|-damage|p2a: Veke|77\/404|[from] Stealth Rock
|-weather|Sandstorm
|move|p1a: Camerupt|Fire Blast|p2a: Veke
|-resisted|p2a: Veke
|-damage|p2a: Veke|0 fnt
|faint|p2a: Veke
|
|-weather|Sandstorm|[upkeep]
|
|switch|p2a: Gruv|Sceptile, M|281\/281
|-damage|p2a: Gruv|246\/281|[from] Stealth Rock
|turn|15
|
|detailschange|p2a: Gruv|Sceptile-Mega, M
|message|Sceptile has Mega Evolved into Mega Sceptile!
|move|p2a: Gruv|Giga Drain|p1a: Camerupt
|-damage|p1a: Camerupt|187\/344
|-heal|p2a: Gruv|281\/281|[from] drain|[of] p1a: Camerupt
|move|p1a: Camerupt|Ancient Power|p2a: Gruv
|-crit|p2a: Gruv
|-damage|p2a: Gruv|81\/281
|
|-weather|Sandstorm|[upkeep]
|-damage|p2a: Gruv|64\/281|[from] sandstorm
|turn|16
|
|move|p2a: Gruv|Dragon Pulse|p1a: Camerupt
|-damage|p1a: Camerupt|6\/344
|move|p1a: Camerupt|Fire Blast|p2a: Gruv
|-damage|p2a: Gruv|0 fnt
|faint|p2a: Gruv
|
|-weather|Sandstorm|[upkeep]
|
|switch|p2a: Smogon Barney|Dragonite, M|324\/324
|-damage|p2a: Smogon Barney|243\/324|[from] Stealth Rock
|turn|17
|
|move|p2a: Smogon Barney|Dragon Dance|p2a: Smogon Barney
|-boost|p2a: Smogon Barney|atk|1
|-boost|p2a: Smogon Barney|spe|1
|move|p1a: Camerupt|Ancient Power|p2a: Smogon Barney
|-supereffective|p2a: Smogon Barney
|-damage|p2a: Smogon Barney|35\/324
|
|-weather|Sandstorm|[upkeep]
|-damage|p2a: Smogon Barney|15\/324|[from] sandstorm
|-heal|p2a: Smogon Barney|35\/324|[from] item: Leftovers
|turn|18
|
|move|p2a: Smogon Barney|Extreme Speed|p1a: Camerupt
|-damage|p1a: Camerupt|0 fnt
|faint|p1a: Camerupt
|
|-weather|none
|-heal|p2a: Smogon Barney|55\/324|[from] item: Leftovers
|
|switch|p1a: Clefable|Clefable, M|308\/394
|turn|19
|
|move|p2a: Smogon Barney|Earthquake|p1a: Clefable
|-crit|p1a: Clefable
|-damage|p1a: Clefable|141\/394
|move|p1a: Clefable|Moonblast|p2a: Smogon Barney
|-supereffective|p2a: Smogon Barney
|-damage|p2a: Smogon Barney|0 fnt
|faint|p2a: Smogon Barney
|
|-heal|p1a: Clefable|165\/394|[from] item: Leftovers
|
|switch|p2a: Graig|Greninja, F|285\/285
|-damage|p2a: Graig|250\/285|[from] Stealth Rock
|turn|20
|
|move|p2a: Graig|Gunk Shot|p1a: Clefable|[miss]
|-start|p2a: Graig|typechange|Poison|[from] Protean
|-miss|p2a: Graig|p1a: Clefable
|move|p1a: Clefable|Moonblast|p2a: Graig
|-resisted|p2a: Graig
|-damage|p2a: Graig|170\/285
|
|-heal|p1a: Clefable|189\/394|[from] item: Leftovers
|turn|21
|
|move|p2a: Graig|Gunk Shot|p1a: Clefable
|-supereffective|p1a: Clefable
|-damage|p1a: Clefable|0 fnt
|-damage|p2a: Graig|142\/285|[from] item: Life Orb
|faint|p1a: Clefable
|
|
|switch|p1a: Celebi|Celebi|404\/404
|turn|22
|
|move|p2a: Graig|Gunk Shot|p1a: Celebi
|-supereffective|p1a: Celebi
|-damage|p1a: Celebi|100\/404
|-damage|p2a: Graig|114\/285|[from] item: Life Orb
|move|p1a: Celebi|Giga Drain|p2a: Graig
|-resisted|p2a: Graig
|-damage|p2a: Graig|48\/285
|-heal|p1a: Celebi|133\/404|[from] drain|[of] p2a: Graig
|
|-heal|p1a: Celebi|158\/404|[from] item: Leftovers
|turn|23
|
|move|p2a: Graig|Dark Pulse|p1a: Celebi
|-start|p2a: Graig|typechange|Dark|[from] Protean
|-supereffective|p1a: Celebi
|-damage|p1a: Celebi|0 fnt
|-damage|p2a: Graig|20\/285|[from] item: Life Orb
|faint|p1a: Celebi
|
|
|switch|p1a: Mew|Mew|404\/404
|turn|24
|
|move|p2a: Graig|Dark Pulse|p1a: Mew
|-crit|p1a: Mew
|-supereffective|p1a: Mew
|-damage|p1a: Mew|0 fnt
|-damage|p2a: Graig|0 fnt|[from] item: Life Orb
|faint|p1a: Mew
|faint|p2a: Graig
|
|win|I'm Poopyhead
|raw|Ladder updating...
|raw|alb_prova's rating: 1376 &rarr; <strong>1349<\/strong><br \/>(-27 for losing)
|raw|I&apos;m Poopyhead's rating: 1258 &rarr; <strong>1291<\/strong><br \/>(+33 for winning)
|c|âalb_prova|really
|c|âI'm Poopyhead|gg lol