|join|Juicy Semen
|join|alb_prova
|player|p1|Juicy Semen|27
|player|p2|alb_prova|210
|gametype|singles
|gen|6
|tier|ORAS OU
|rated
|rule|Sleep Clause Mod: Limit one foe put to sleep
|rule|Species Clause: Limit one of each PokÃ©mon
|rule|OHKO Clause: OHKO moves are banned
|rule|Moody Clause: Moody is banned
|rule|Evasion Moves Clause: Evasion moves are banned
|rule|Endless Battle Clause: Forcing endless battles is banned
|rule|HP Percentage Mod: HP is shown in percentages
|clearpoke
|poke|p1|Gothitelle, M, shiny
|poke|p1|Talonflame, M, shiny
|poke|p1|Mew, shiny
|poke|p1|Clefable, F, shiny
|poke|p1|Mandibuzz, F, shiny
|poke|p1|Salamence, F, shiny
|poke|p2|Camerupt, M
|poke|p2|Celebi
|poke|p2|Rotom-Wash
|poke|p2|Landorus-Therian, M
|poke|p2|Mew
|poke|p2|Empoleon, M
|rule|Swagger Clause: Swagger is banned
|rule|Baton Pass Clause: Limit one PokÃ©mon knowing Baton Pass
|teampreview
|c|âalb_prova|gl hf
|
|start
|switch|p1a: Wew|Mew, shiny|403\/403
|switch|p2a: Landorus-Therian|Landorus-Therian, M|320\/320
|-ability|p2a: Landorus-Therian|Intimidate|[of] p1a: Wew
|-unboost|p1a: Wew|atk|1
|turn|1
|
|move|p2a: Landorus-Therian|U-turn|p1a: Wew
|-supereffective|p1a: Wew
|-damage|p1a: Wew|231\/403
|
|switch|p2a: Camerupt|Camerupt, M|344\/344
|move|p1a: Wew|Soft-Boiled|p1a: Wew
|-heal|p1a: Wew|403\/403
|
|turn|2
|
|detailschange|p2a: Camerupt|Camerupt-Mega, M
|message|Camerupt has Mega Evolved into Mega Camerupt!
|move|p1a: Wew|Taunt|p2a: Camerupt
|-start|p2a: Camerupt|move: Taunt
|cant|p2a: Camerupt|move: Taunt|Will-O-Wisp
|
|turn|3
|
|move|p1a: Wew|Earthquake|p2a: Camerupt
|-supereffective|p2a: Camerupt
|-damage|p2a: Camerupt|234\/344
|move|p2a: Camerupt|Fire Blast|p1a: Wew
|-damage|p1a: Wew|190\/403
|
|-heal|p1a: Wew|215\/403|[from] item: Leftovers
|turn|4
|
|move|p1a: Wew|Soft-Boiled|p1a: Wew
|-heal|p1a: Wew|403\/403
|move|p2a: Camerupt|Fire Blast|p1a: Wew
|-damage|p1a: Wew|193\/403
|
|-heal|p1a: Wew|218\/403|[from] item: Leftovers
|-end|p2a: Camerupt|move: Taunt
|turn|5
|
|switch|p1a: Talonflame|Talonflame, M, shiny|359\/359
|move|p2a: Camerupt|Fire Blast|p1a: Talonflame
|-resisted|p1a: Talonflame
|-damage|p1a: Talonflame|222\/359
|
|-heal|p1a: Talonflame|244\/359|[from] item: Leftovers
|turn|6
|
|move|p1a: Talonflame|Will-O-Wisp|p2a: Camerupt
|-fail|p2a: Camerupt
|move|p2a: Camerupt|Ancient Power|p1a: Talonflame
|-supereffective|p1a: Talonflame
|-damage|p1a: Talonflame|0 fnt
|faint|p1a: Talonflame
|
|
|switch|p1a: Salamence|Salamence, F, shiny|332\/332
|-ability|p1a: Salamence|Intimidate|[of] p2a: Camerupt
|-unboost|p2a: Camerupt|atk|1
|turn|7
|
|detailschange|p1a: Salamence|Salamence-Mega, F, shiny
|message|Salamence has Mega Evolved into Mega Salamence!
|move|p1a: Salamence|Substitute|p1a: Salamence
|-start|p1a: Salamence|Substitute
|-damage|p1a: Salamence|249\/332
|move|p2a: Camerupt|Will-O-Wisp|p1a: Salamence
|
|turn|8
|
|move|p1a: Salamence|Dragon Dance|p1a: Salamence
|-boost|p1a: Salamence|atk|1
|-boost|p1a: Salamence|spe|1
|move|p2a: Camerupt|Ancient Power|p1a: Salamence
|-supereffective|p1a: Salamence
|-end|p1a: Salamence|Substitute
|
|turn|9
|
|move|p1a: Salamence|Return|p2a: Camerupt
|-damage|p2a: Camerupt|0 fnt
|faint|p2a: Camerupt
|
|
|switch|p2a: Landorus-Therian|Landorus-Therian, M|320\/320
|-ability|p2a: Landorus-Therian|Intimidate|[of] p1a: Salamence
|-unboost|p1a: Salamence|atk|1
|turn|10
|
|move|p1a: Salamence|Return|p2a: Landorus-Therian
|-damage|p2a: Landorus-Therian|5\/320
|move|p2a: Landorus-Therian|Stone Edge|p1a: Salamence
|-crit|p1a: Salamence
|-supereffective|p1a: Salamence
|-damage|p1a: Salamence|0 fnt
|faint|p1a: Salamence
|
|
|switch|p1a: Wew|Mew, shiny|218\/403
|turn|11
|
|move|p2a: Landorus-Therian|Stone Edge|p1a: Wew
|-damage|p1a: Wew|83\/403
|move|p1a: Wew|Soft-Boiled|p1a: Wew
|-heal|p1a: Wew|285\/403
|
|-heal|p1a: Wew|310\/403|[from] item: Leftovers
|turn|12
|
|switch|p2a: Celebi|Celebi|404\/404
|move|p1a: Wew|Soft-Boiled|p1a: Wew
|-heal|p1a: Wew|403\/403
|
|turn|13
|
|move|p2a: Celebi|Nasty Plot|p2a: Celebi
|-boost|p2a: Celebi|spa|2
|move|p1a: Wew|Taunt|p2a: Celebi
|-start|p2a: Celebi|move: Taunt
|
|turn|14
|
|switch|p1a: Mandibuzz|Mandibuzz, F, shiny|424\/424
|move|p2a: Celebi|Giga Drain|p1a: Mandibuzz
|-resisted|p1a: Mandibuzz
|-damage|p1a: Mandibuzz|327\/424
|
|-heal|p1a: Mandibuzz|353\/424|[from] item: Leftovers
|turn|15
|
|switch|p2a: Rotom-Wash|Rotom-Wash|304\/304
|move|p1a: Mandibuzz|Foul Play|p2a: Rotom-Wash
|-damage|p2a: Rotom-Wash|249\/304
|
|-heal|p1a: Mandibuzz|379\/424|[from] item: Leftovers
|-heal|p2a: Rotom-Wash|268\/304|[from] item: Leftovers
|turn|16
|
|move|p1a: Mandibuzz|Taunt|p2a: Rotom-Wash
|-start|p2a: Rotom-Wash|move: Taunt
|cant|p2a: Rotom-Wash|move: Taunt|Will-O-Wisp
|
|-heal|p1a: Mandibuzz|405\/424|[from] item: Leftovers
|-heal|p2a: Rotom-Wash|287\/304|[from] item: Leftovers
|turn|17
|
|move|p1a: Mandibuzz|Roost|p1a: Mandibuzz
|-heal|p1a: Mandibuzz|424\/424
|move|p2a: Rotom-Wash|Hydro Pump|p1a: Mandibuzz
|-crit|p1a: Mandibuzz
|-damage|p1a: Mandibuzz|228\/424
|
|-heal|p1a: Mandibuzz|254\/424|[from] item: Leftovers
|-heal|p2a: Rotom-Wash|304\/304|[from] item: Leftovers
|turn|18
|
|switch|p1a: Wew|Mew, shiny|403\/403
|move|p2a: Rotom-Wash|Volt Switch|p1a: Wew
|-damage|p1a: Wew|342\/403
|
|switch|p2a: Landorus-Therian|Landorus-Therian, M|5\/320
|-ability|p2a: Landorus-Therian|Intimidate|[of] p1a: Wew
|-unboost|p1a: Wew|atk|1
|
|-heal|p1a: Wew|367\/403|[from] item: Leftovers
|turn|19
|
|move|p2a: Landorus-Therian|U-turn|p1a: Wew
|-supereffective|p1a: Wew
|-damage|p1a: Wew|185\/403
|
|switch|p2a: Celebi|Celebi|404\/404
|move|p1a: Wew|Soft-Boiled|p1a: Wew
|-heal|p1a: Wew|387\/403
|
|-heal|p1a: Wew|403\/403|[from] item: Leftovers
|turn|20
|
|move|p2a: Celebi|Nasty Plot|p2a: Celebi
|-boost|p2a: Celebi|spa|2
|move|p1a: Wew|Taunt|p2a: Celebi
|-start|p2a: Celebi|move: Taunt
|
|turn|21
|
|switch|p1a: Mandibuzz|Mandibuzz, F, shiny|254\/424
|move|p2a: Celebi|Giga Drain|p1a: Mandibuzz
|-resisted|p1a: Mandibuzz
|-damage|p1a: Mandibuzz|164\/424
|
|-heal|p1a: Mandibuzz|190\/424|[from] item: Leftovers
|turn|22
|
|move|p1a: Mandibuzz|Foul Play|p2a: Celebi
|-supereffective|p2a: Celebi
|-damage|p2a: Celebi|242\/404
|move|p2a: Celebi|Giga Drain|p1a: Mandibuzz
|-resisted|p1a: Mandibuzz
|-damage|p1a: Mandibuzz|100\/424
|-heal|p2a: Celebi|287\/404|[from] drain|[of] p1a: Mandibuzz
|
|-heal|p1a: Mandibuzz|126\/424|[from] item: Leftovers
|-heal|p2a: Celebi|312\/404|[from] item: Leftovers
|turn|23
|
|move|p1a: Mandibuzz|Foul Play|p2a: Celebi
|-supereffective|p2a: Celebi
|-damage|p2a: Celebi|154\/404
|move|p2a: Celebi|Giga Drain|p1a: Mandibuzz
|-resisted|p1a: Mandibuzz
|-damage|p1a: Mandibuzz|31\/424
|-heal|p2a: Celebi|202\/404|[from] drain|[of] p1a: Mandibuzz
|
|-heal|p1a: Mandibuzz|57\/424|[from] item: Leftovers
|-heal|p2a: Celebi|227\/404|[from] item: Leftovers
|-end|p2a: Celebi|move: Taunt
|turn|24
|
|move|p1a: Mandibuzz|Taunt|p2a: Celebi
|-start|p2a: Celebi|move: Taunt
|move|p2a: Celebi|Giga Drain|p1a: Mandibuzz
|-resisted|p1a: Mandibuzz
|-damage|p1a: Mandibuzz|0 fnt
|-heal|p2a: Celebi|256\/404|[from] drain|[of] p1a: Mandibuzz
|faint|p1a: Mandibuzz
|
|-heal|p2a: Celebi|281\/404|[from] item: Leftovers
|
|switch|p1a: Clefable|Clefable, F, shiny|394\/394
|turn|25
|
|move|p2a: Celebi|Giga Drain|p1a: Clefable
|-damage|p1a: Clefable|193\/394
|-heal|p2a: Celebi|382\/404|[from] drain|[of] p1a: Clefable
|move|p1a: Clefable|Ice Beam|p2a: Celebi
|-supereffective|p2a: Celebi
|-damage|p2a: Celebi|140\/404
|
|-heal|p2a: Celebi|165\/404|[from] item: Leftovers
|turn|26
|
|move|p2a: Celebi|Giga Drain|p1a: Clefable
|-damage|p1a: Clefable|10\/394
|-heal|p2a: Celebi|257\/404|[from] drain|[of] p1a: Clefable
|move|p1a: Clefable|Ice Beam|p2a: Celebi
|-supereffective|p2a: Celebi
|-damage|p2a: Celebi|13\/404
|
|-heal|p2a: Celebi|38\/404|[from] item: Leftovers
|-end|p2a: Celebi|move: Taunt
|turn|27
|
|move|p2a: Celebi|Giga Drain|p1a: Clefable
|-crit|p1a: Clefable
|-damage|p1a: Clefable|0 fnt
|-heal|p2a: Celebi|43\/404|[from] drain|[of] p1a: Clefable
|faint|p1a: Clefable
|
|-heal|p2a: Celebi|68\/404|[from] item: Leftovers
|
|switch|p1a: Wew|Mew, shiny|403\/403
|turn|28
|
|move|p2a: Celebi|Giga Drain|p1a: Wew
|-damage|p1a: Wew|280\/403
|-heal|p2a: Celebi|130\/404|[from] drain|[of] p1a: Wew
|move|p1a: Wew|Will-O-Wisp|p2a: Celebi
|-status|p2a: Celebi|brn
|
|-heal|p2a: Celebi|155\/404 brn|[from] item: Leftovers
|-heal|p1a: Wew|305\/403|[from] item: Leftovers
|-damage|p2a: Celebi|105\/404 brn|[from] brn
|turn|29
|
|move|p2a: Celebi|Recover|p2a: Celebi
|-heal|p2a: Celebi|307\/404 brn
|move|p1a: Wew|Taunt|p2a: Celebi
|-start|p2a: Celebi|move: Taunt
|
|-heal|p2a: Celebi|332\/404 brn|[from] item: Leftovers
|-heal|p1a: Wew|330\/403|[from] item: Leftovers
|-damage|p2a: Celebi|282\/404 brn|[from] brn
|turn|30
|
|switch|p2a: Mew|Mew|404\/404
|move|p1a: Wew|Earthquake|p2a: Mew
|-damage|p2a: Mew|341\/404
|
|-heal|p2a: Mew|366\/404|[from] item: Leftovers
|-heal|p1a: Wew|355\/403|[from] item: Leftovers
|turn|31
|
|switch|p1a: Gothitelle|Gothitelle, M, shiny|344\/344
|move|p2a: Mew|Taunt|p1a: Gothitelle
|-start|p1a: Gothitelle|move: Taunt
|
|-heal|p2a: Mew|391\/404|[from] item: Leftovers
|turn|32
|
|move|p1a: Gothitelle|Psychic|p2a: Mew
|-resisted|p2a: Mew
|-damage|p2a: Mew|345\/404
|move|p2a: Mew|Knock Off|p1a: Gothitelle
|-supereffective|p1a: Gothitelle
|-damage|p1a: Gothitelle|198\/344
|-enditem|p1a: Gothitelle|Choice Scarf|[from] move: Knock Off|[of] p2a: Mew
|
|-heal|p2a: Mew|370\/404|[from] item: Leftovers
|turn|33
|
|move|p2a: Mew|Knock Off|p1a: Gothitelle
|-crit|p1a: Gothitelle
|-supereffective|p1a: Gothitelle
|-damage|p1a: Gothitelle|48\/344
|move|p1a: Gothitelle|Psychic|p2a: Mew
|-resisted|p2a: Mew
|-damage|p2a: Mew|321\/404
|
|-heal|p2a: Mew|346\/404|[from] item: Leftovers
|turn|34
|
|move|p2a: Mew|Knock Off|p1a: Gothitelle
|-supereffective|p1a: Gothitelle
|-damage|p1a: Gothitelle|0 fnt
|faint|p1a: Gothitelle
|
|-heal|p2a: Mew|371\/404|[from] item: Leftovers
|
|switch|p1a: Wew|Mew, shiny|355\/403
|turn|35
|
|move|p2a: Mew|Taunt|p1a: Wew
|-start|p1a: Wew|move: Taunt
|cant|p1a: Wew|move: Taunt|Taunt
|
|-heal|p2a: Mew|396\/404|[from] item: Leftovers
|-heal|p1a: Wew|380\/403|[from] item: Leftovers
|turn|36
|
|move|p2a: Mew|Knock Off|p1a: Wew
|-supereffective|p1a: Wew
|-damage|p1a: Wew|254\/403
|-enditem|p1a: Wew|Leftovers|[from] move: Knock Off|[of] p2a: Mew
|move|p1a: Wew|Earthquake|p2a: Mew
|-damage|p2a: Mew|332\/404
|
|-heal|p2a: Mew|357\/404|[from] item: Leftovers
|turn|37
|
|move|p2a: Mew|Knock Off|p1a: Wew
|-supereffective|p1a: Wew
|-damage|p1a: Wew|166\/403
|move|p1a: Wew|Earthquake|p2a: Mew
|-damage|p2a: Mew|293\/404
|
|-heal|p2a: Mew|318\/404|[from] item: Leftovers
|-end|p1a: Wew|move: Taunt
|turn|38
|
|move|p2a: Mew|Taunt|p1a: Wew
|-start|p1a: Wew|move: Taunt
|cant|p1a: Wew|move: Taunt|Taunt
|
|-heal|p2a: Mew|343\/404|[from] item: Leftovers
|turn|39
|
|move|p2a: Mew|Knock Off|p1a: Wew
|-supereffective|p1a: Wew
|-damage|p1a: Wew|72\/403
|move|p1a: Wew|Earthquake|p2a: Mew
|-damage|p2a: Mew|283\/404
|
|-heal|p2a: Mew|308\/404|[from] item: Leftovers
|turn|40
|c|âalb_prova|gg
|
|move|p2a: Mew|Knock Off|p1a: Wew
|-supereffective|p1a: Wew
|-damage|p1a: Wew|0 fnt
|faint|p1a: Wew
|
|win|alb_prova
|raw|Ladder updating...
|raw|Juicy Semen's rating: 1578 &rarr; <strong>1549<\/strong><br \/>(-29 for losing)
|raw|alb_prova's rating: 1401 &rarr; <strong>1431<\/strong><br \/>(+30 for winning)
|leave|Juicy Semen
|player|p1