|join|churos1.5
|join|alb_prova
|player|p1|churos1.5|266
|player|p2|alb_prova|210
|gametype|singles
|gen|6
|tier|ORAS OU
|rated
|rule|Sleep Clause Mod: Limit one foe put to sleep
|rule|Species Clause: Limit one of each PokÃ©mon
|rule|OHKO Clause: OHKO moves are banned
|rule|Moody Clause: Moody is banned
|rule|Evasion Moves Clause: Evasion moves are banned
|rule|Endless Battle Clause: Forcing endless battles is banned
|rule|HP Percentage Mod: HP is shown in percentages
|clearpoke
|poke|p1|Thundurus, M
|poke|p1|Gardevoir, M
|poke|p1|Garchomp, F
|poke|p1|Empoleon, F
|poke|p1|Bisharp, M
|poke|p1|Greninja, M
|poke|p2|Jirachi
|poke|p2|Azumarill, F
|poke|p2|Poliwrath, F
|poke|p2|Heracross, F
|poke|p2|Raikou
|poke|p2|Avalugg, M
|rule|Swagger Clause: Swagger is banned
|rule|Baton Pass Clause: Limit one PokÃ©mon knowing Baton Pass
|teampreview
|
|start
|switch|p1a: Gardevoir|Gardevoir, M|277\/277
|switch|p2a: Piroetta|Avalugg, M|394\/394
|-ability|p1a: Gardevoir|Sturdy|[from] ability: Trace|[of] p2a: Piroetta
|turn|1
|
|detailschange|p1a: Gardevoir|Gardevoir-Mega, M
|message|Gardevoir has Mega Evolved into Mega Gardevoir!
|move|p1a: Gardevoir|Calm Mind|p1a: Gardevoir
|-boost|p1a: Gardevoir|spa|1
|-boost|p1a: Gardevoir|spd|1
|move|p2a: Piroetta|Avalanche|p1a: Gardevoir
|-damage|p1a: Gardevoir|159\/277
|
|turn|2
|
|move|p1a: Gardevoir|Hyper Voice|p2a: Piroetta
|-damage|p2a: Piroetta|10\/394
|move|p2a: Piroetta|Avalanche|p1a: Gardevoir
|-damage|p1a: Gardevoir|0 fnt
|faint|p1a: Gardevoir
|
|-heal|p2a: Piroetta|34\/394|[from] item: Leftovers
|
|switch|p1a: Bisharp|Bisharp, M|298\/298
|turn|3
|
|move|p1a: Bisharp|Pursuit|p2a: Piroetta
|-damage|p2a: Piroetta|0 fnt
|faint|p2a: Piroetta
|
|
|switch|p2a: Heracross|Heracross, F|308\/308
|turn|4
|
|switch|p1a: Garchomp|Garchomp, F|358\/358
|detailschange|p2a: Heracross|Heracross-Mega, F
|message|Heracross has Mega Evolved into Mega Heracross!
|move|p2a: Heracross|Rock Blast|p1a: Garchomp
|-resisted|p1a: Garchomp
|-damage|p1a: Garchomp|339\/358
|-resisted|p1a: Garchomp
|-damage|p1a: Garchomp|318\/358
|-resisted|p1a: Garchomp
|-damage|p1a: Garchomp|298\/358
|-resisted|p1a: Garchomp
|-damage|p1a: Garchomp|276\/358
|-resisted|p1a: Garchomp
|-damage|p1a: Garchomp|255\/358
|-hitcount|p1a: Garchomp|5
|
|turn|5
|
|move|p1a: Garchomp|Outrage|p2a: Heracross
|-damage|p2a: Heracross|119\/308
|move|p2a: Heracross|Pin Missile|p1a: Garchomp
|-damage|p1a: Garchomp|197\/358
|-damage|p1a: Garchomp|131\/358
|-damage|p1a: Garchomp|67\/358
|-damage|p1a: Garchomp|4\/358
|-damage|p1a: Garchomp|0 fnt
|-hitcount|p1a: Garchomp|5
|faint|p1a: Garchomp
|
|
|switch|p1a: Thundurus|Thundurus, M|299\/299
|turn|6
|
|move|p1a: Thundurus|Thunderbolt|p2a: Heracross
|-damage|p2a: Heracross|0 fnt
|faint|p2a: Heracross
|
|
|switch|p2a: Azumarill|Azumarill, F|401\/401
|turn|7
|
|move|p1a: Thundurus|Thunderbolt|p2a: Azumarill
|-supereffective|p2a: Azumarill
|-damage|p2a: Azumarill|165\/401
|move|p2a: Azumarill|Waterfall|p1a: Thundurus
|-damage|p1a: Thundurus|29\/299
|
|-heal|p1a: Thundurus|47\/299|[from] item: Leftovers
|turn|8
|
|switch|p1a: Empoleon|Empoleon, F|372\/372
|move|p2a: Azumarill|Aqua Jet|p1a: Empoleon
|-resisted|p1a: Empoleon
|-damage|p1a: Empoleon|339\/372
|
|-heal|p1a: Empoleon|362\/372|[from] item: Leftovers
|turn|9
|
|move|p1a: Empoleon|Stealth Rock|p2a: Azumarill
|-sidestart|p2: alb_prova|move: Stealth Rock
|move|p2a: Azumarill|Superpower|p1a: Empoleon
|-supereffective|p1a: Empoleon
|-damage|p1a: Empoleon|72\/372
|-unboost|p2a: Azumarill|atk|1
|-unboost|p2a: Azumarill|def|1
|
|-heal|p1a: Empoleon|95\/372|[from] item: Leftovers
|turn|10
|
|move|p1a: Empoleon|Scald|p2a: Azumarill
|-resisted|p2a: Azumarill
|-damage|p2a: Azumarill|109\/401
|move|p2a: Azumarill|Superpower|p1a: Empoleon
|-supereffective|p1a: Empoleon
|-damage|p1a: Empoleon|0 fnt
|-unboost|p2a: Azumarill|atk|1
|-unboost|p2a: Azumarill|def|1
|faint|p1a: Empoleon
|
|
|switch|p1a: Bisharp|Bisharp, M|298\/298
|turn|11
|
|move|p1a: Bisharp|Pursuit|p2a: Azumarill|[from]Pursuit
|-resisted|p2a: Azumarill
|-damage|p2a: Azumarill|0 fnt
|faint|p2a: Azumarill
|
|
|switch|p2a: Wrongtoad|Poliwrath, F|384\/384
|-damage|p2a: Wrongtoad|360\/384|[from] Stealth Rock
|turn|12
|
|switch|p1a: Thundurus|Thundurus, M|47\/299
|move|p2a: Wrongtoad|Circle Throw|p1a: Thundurus
|-resisted|p1a: Thundurus
|-damage|p1a: Thundurus|0 fnt
|faint|p1a: Thundurus
|
|-heal|p2a: Wrongtoad|384\/384|[from] item: Leftovers
|
|switch|p1a: Greninja|Greninja, M|286\/286
|turn|13
|
|switch|p2a: Nano malefico|Jirachi|404\/404
|-damage|p2a: Nano malefico|379\/404|[from] Stealth Rock
|move|p1a: Greninja|Extrasensory|p2a: Nano malefico
|-start|p1a: Greninja|typechange|Psychic|[from] Protean
|-resisted|p2a: Nano malefico
|-damage|p2a: Nano malefico|348\/404
|-damage|p1a: Greninja|258\/286|[from] item: Life Orb
|
|-heal|p2a: Nano malefico|373\/404|[from] item: Leftovers
|turn|14
|
|move|p1a: Greninja|Hydro Pump|p2a: Nano malefico
|-start|p1a: Greninja|typechange|Water|[from] Protean
|-damage|p2a: Nano malefico|227\/404
|-damage|p1a: Greninja|230\/286|[from] item: Life Orb
|move|p2a: Nano malefico|Body Slam|p1a: Greninja
|-damage|p1a: Greninja|134\/286
|
|-heal|p2a: Nano malefico|252\/404|[from] item: Leftovers
|turn|15
|
|switch|p1a: Bisharp|Bisharp, M|298\/298
|move|p2a: Nano malefico|Body Slam|p1a: Bisharp
|-resisted|p1a: Bisharp
|-damage|p1a: Bisharp|262\/298
|-status|p1a: Bisharp|par
|
|-heal|p2a: Nano malefico|277\/404|[from] item: Leftovers
|turn|16
|
|move|p2a: Nano malefico|Fire Punch|p1a: Bisharp
|-supereffective|p1a: Bisharp
|-damage|p1a: Bisharp|150\/298 par
|cant|p1a: Bisharp|par
|
|-heal|p2a: Nano malefico|302\/404|[from] item: Leftovers
|turn|17
|
|move|p1a: Bisharp|Pursuit|p2a: Nano malefico|[from]Pursuit
|-supereffective|p2a: Nano malefico
|-damage|p2a: Nano malefico|0 fnt
|faint|p2a: Nano malefico
|
|
|switch|p2a: Wrongtoad|Poliwrath, F|384\/384
|-damage|p2a: Wrongtoad|360\/384|[from] Stealth Rock
|turn|18
|
|move|p1a: Bisharp|Sucker Punch|p2a: Wrongtoad
|-resisted|p2a: Wrongtoad
|-damage|p2a: Wrongtoad|300\/384
|move|p2a: Wrongtoad|Circle Throw|p1a: Bisharp
|-supereffective|p1a: Bisharp
|-damage|p1a: Bisharp|0 fnt
|faint|p1a: Bisharp
|
|-heal|p2a: Wrongtoad|324\/384|[from] item: Leftovers
|
|switch|p1a: Greninja|Greninja, M|134\/286
|turn|19
|
|move|p1a: Greninja|Extrasensory|p2a: Wrongtoad
|-start|p1a: Greninja|typechange|Psychic|[from] Protean
|-supereffective|p2a: Wrongtoad
|-damage|p2a: Wrongtoad|0 fnt
|-damage|p1a: Greninja|106\/286|[from] item: Life Orb
|faint|p2a: Wrongtoad
|
|
|switch|p2a: Raikou|Raikou|321\/321
|-damage|p2a: Raikou|281\/321|[from] Stealth Rock
|-ability|p2a: Raikou|Pressure
|turn|20
|
|move|p1a: Greninja|Ice Beam|p2a: Raikou
|-start|p1a: Greninja|typechange|Ice|[from] Protean
|-damage|p2a: Raikou|172\/321
|-damage|p1a: Greninja|78\/286|[from] item: Life Orb
|move|p2a: Raikou|Thunderbolt|p1a: Greninja
|-damage|p1a: Greninja|0 fnt
|faint|p1a: Greninja
|
|win|alb_prova
|raw|Ladder updating...
|raw|churos1.5's rating: 1435 &rarr; <strong>1408<\/strong><br \/>(-27 for losing)
|raw|alb_prova's rating: 1295 &rarr; <strong>1330<\/strong><br \/>(+35 for winning)
|leave|churos1.5
|player|p1