|join|ritik
|join|alb_prova
|player|p1|ritik|265
|player|p2|alb_prova|210
|gametype|singles
|gen|6
|tier|OU
|rated
|clearpoke
|poke|p1|Azelf
|poke|p1|Latios, M
|poke|p1|Metagross
|poke|p1|Breloom, M
|poke|p1|Azumarill, M
|poke|p1|Gengar, M
|poke|p2|Camerupt, F
|poke|p2|Clefable, F
|poke|p2|Tyranitar, F
|poke|p2|Gyarados, M
|poke|p2|Breloom, M
|poke|p2|Mandibuzz, F
|rule|Swagger Clause: Swagger is banned
|rule|Baton Pass Clause: Limit one PokÃ©mon knowing Baton Pass
|rule|Sleep Clause Mod: Limit one foe put to sleep
|rule|Species Clause: Limit one of each PokÃ©mon
|rule|OHKO Clause: OHKO moves are banned
|rule|Moody Clause: Moody is banned
|rule|Evasion Moves Clause: Evasion moves are banned
|rule|Endless Battle Clause: Forcing endless battles is banned
|rule|HP Percentage Mod: HP is shown in percentages
|teampreview
|
|start
|switch|p1a: Azelf|Azelf|291\/291
|switch|p2a: Tyranitar|Tyranitar, F|404\/404
|-weather|Sandstorm
|turn|1
|
|move|p1a: Azelf|Stealth Rock|p2a: Tyranitar
|-sidestart|p2: alb_prova|move: Stealth Rock
|move|p2a: Tyranitar|Crunch|p1a: Azelf
|-supereffective|p1a: Azelf
|-enditem|p1a: Azelf|Focus Sash
|-damage|p1a: Azelf|1\/291
|-unboost|p1a: Azelf|def|1
|
|-weather|Sandstorm|[upkeep]
|-damage|p1a: Azelf|0 fnt|[from] sandstorm
|faint|p1a: Azelf
|
|switch|p1a: Breloom|Breloom, M|262\/262
|turn|2
|
|switch|p2a: Gyarados|Gyarados, M|393\/393
|-damage|p2a: Gyarados|295\/393|[from] Stealth Rock
|-ability|p2a: Gyarados|Intimidate|[of] p1a: Breloom
|-unboost|p1a: Breloom|atk|1
|move|p1a: Breloom|Rock Tomb|p2a: Gyarados|[miss]
|-miss|p1a: Breloom|p2a: Gyarados
|
|-weather|Sandstorm|[upkeep]
|-damage|p1a: Breloom|246\/262|[from] sandstorm
|-damage|p2a: Gyarados|271\/393|[from] sandstorm
|-heal|p2a: Gyarados|295\/393|[from] item: Leftovers
|turn|3
|
|move|p1a: Breloom|Rock Tomb|p2a: Gyarados
|-supereffective|p2a: Gyarados
|-damage|p2a: Gyarados|119\/393
|-unboost|p2a: Gyarados|spe|1
|move|p2a: Gyarados|Thunder Wave|p1a: Breloom
|-status|p1a: Breloom|par
|
|-weather|Sandstorm|[upkeep]
|-damage|p2a: Gyarados|95\/393|[from] sandstorm
|-damage|p1a: Breloom|230\/262 par|[from] sandstorm
|-heal|p2a: Gyarados|119\/393|[from] item: Leftovers
|turn|4
|
|switch|p2a: Mandibuzz|Mandibuzz, F|424\/424
|-damage|p2a: Mandibuzz|318\/424|[from] Stealth Rock
|move|p1a: Breloom|Rock Tomb|p2a: Mandibuzz
|-supereffective|p2a: Mandibuzz
|-damage|p2a: Mandibuzz|186\/424
|-unboost|p2a: Mandibuzz|spe|1
|
|-weather|Sandstorm|[upkeep]
|-damage|p1a: Breloom|214\/262 par|[from] sandstorm
|-heal|p2a: Mandibuzz|212\/424|[from] item: Leftovers
|turn|5
|
|move|p2a: Mandibuzz|Roost|p2a: Mandibuzz
|-heal|p2a: Mandibuzz|424\/424
|cant|p1a: Breloom|par
|
|-weather|none
|turn|6
|
|switch|p1a: Azumarill|Azumarill, M|364\/364
|move|p2a: Mandibuzz|Defog|p1a: Azumarill
|-unboost|p1a: Azumarill|evasion|1
|-sideend|p2: alb_prova|Stealth Rock|[from] move: Defog|[of] p2a: Mandibuzz
|
|turn|7
|
|switch|p2a: Gyarados|Gyarados, M|119\/393
|-ability|p2a: Gyarados|Intimidate|[of] p1a: Azumarill
|-unboost|p1a: Azumarill|atk|1
|move|p1a: Azumarill|Belly Drum|p1a: Azumarill
|-damage|p1a: Azumarill|182\/364
|-setboost|p1a: Azumarill|atk|6|[from] move: Belly Drum
|-enditem|p1a: Azumarill|Sitrus Berry|[eat]
|-heal|p1a: Azumarill|273\/364|[from] item: Sitrus Berry
|
|-heal|p2a: Gyarados|143\/393|[from] item: Leftovers
|turn|8
|
|move|p2a: Gyarados|Scald|p1a: Azumarill
|-resisted|p1a: Azumarill
|-damage|p1a: Azumarill|237\/364
|move|p1a: Azumarill|Play Rough|p2a: Gyarados
|-damage|p2a: Gyarados|0 fnt
|faint|p2a: Gyarados
|
|
|switch|p2a: Clefable|Clefable, F|394\/394
|turn|9
|
|move|p1a: Azumarill|Play Rough|p2a: Clefable
|-damage|p2a: Clefable|226\/394
|move|p2a: Clefable|Moonblast|p1a: Azumarill
|-damage|p1a: Azumarill|119\/364
|
|-heal|p2a: Clefable|250\/394|[from] item: Leftovers
|turn|10
|
|move|p1a: Azumarill|Play Rough|p2a: Clefable
|-damage|p2a: Clefable|78\/394
|move|p2a: Clefable|Moonblast|p1a: Azumarill
|-damage|p1a: Azumarill|1\/364
|
|-heal|p2a: Clefable|102\/394|[from] item: Leftovers
|turn|11
|
|move|p1a: Azumarill|Play Rough|p2a: Clefable|[miss]
|-miss|p1a: Azumarill|p2a: Clefable
|move|p2a: Clefable|Moonblast|p1a: Azumarill
|-crit|p1a: Azumarill
|-damage|p1a: Azumarill|0 fnt
|faint|p1a: Azumarill
|
|-heal|p2a: Clefable|126\/394|[from] item: Leftovers
|
|switch|p1a: Metagross|Metagross|301\/301
|turn|12
|
|detailschange|p1a: Metagross|Metagross-Mega
|message|Metagross has Mega Evolved into Mega Metagross!
|move|p1a: Metagross|Meteor Mash|p2a: Clefable
|-supereffective|p2a: Clefable
|-damage|p2a: Clefable|0 fnt
|faint|p2a: Clefable
|
|
|switch|p2a: Mandibuzz|Mandibuzz, F|424\/424
|turn|13
|
|move|p1a: Metagross|Ice Punch|p2a: Mandibuzz
|-supereffective|p2a: Mandibuzz
|-damage|p2a: Mandibuzz|214\/424
|move|p2a: Mandibuzz|Foul Play|p1a: Metagross
|-supereffective|p1a: Metagross
|-damage|p1a: Metagross|43\/301
|
|-heal|p2a: Mandibuzz|240\/424|[from] item: Leftovers
|turn|14
|
|switch|p1a: Breloom|Breloom, M|214\/262 par
|move|p2a: Mandibuzz|Foul Play|p1a: Breloom
|-resisted|p1a: Breloom
|-damage|p1a: Breloom|98\/262 par
|
|-heal|p2a: Mandibuzz|266\/424|[from] item: Leftovers
|turn|15
|
|move|p2a: Mandibuzz|Brave Bird|p1a: Breloom
|-supereffective|p1a: Breloom
|-damage|p1a: Breloom|0 fnt
|-damage|p2a: Mandibuzz|234\/424|[from] recoil|[of] p1a: Breloom
|faint|p1a: Breloom
|
|-heal|p2a: Mandibuzz|260\/424|[from] item: Leftovers
|
|switch|p1a: Latios|Latios, M|302\/302
|turn|16
|
|switch|p2a: Tyranitar|Tyranitar, F|404\/404
|-weather|Sandstorm
|move|p1a: Latios|Draco Meteor|p2a: Tyranitar|[miss]
|-miss|p1a: Latios|p2a: Tyranitar
|
|-weather|Sandstorm|[upkeep]
|-damage|p1a: Latios|284\/302|[from] sandstorm
|turn|17
|
|move|p1a: Latios|Draco Meteor|p2a: Tyranitar
|-crit|p2a: Tyranitar
|-damage|p2a: Tyranitar|213\/404
|-unboost|p1a: Latios|spa|2
|-damage|p1a: Latios|254\/302|[from] item: Life Orb
|move|p2a: Tyranitar|Pursuit|p1a: Latios
|-crit|p1a: Latios
|-supereffective|p1a: Latios
|-damage|p1a: Latios|0 fnt
|faint|p1a: Latios
|
|-weather|Sandstorm|[upkeep]
|
|switch|p1a: Metagross|Metagross-Mega|43\/301
|turn|18
|
|switch|p2a: Breloom|Breloom, M|323\/323
|move|p1a: Metagross|Meteor Mash|p2a: Breloom
|-damage|p2a: Breloom|55\/323
|
|-weather|Sandstorm|[upkeep]
|-damage|p2a: Breloom|35\/323|[from] sandstorm
|-status|p2a: Breloom|tox|[from] item: Toxic Orb
|turn|19
|
|move|p1a: Metagross|Bullet Punch|p2a: Breloom
|-damage|p2a: Breloom|0 fnt
|faint|p2a: Breloom
|
|-weather|Sandstorm|[upkeep]
|
|switch|p2a: Camerupt|Camerupt, F|331\/331
|turn|20
|
|detailschange|p2a: Camerupt|Camerupt-Mega, F
|message|Camerupt has Mega Evolved into Mega Camerupt!
|move|p1a: Metagross|Earthquake|p2a: Camerupt
|-crit|p2a: Camerupt
|-supereffective|p2a: Camerupt
|-damage|p2a: Camerupt|0 fnt
|faint|p2a: Camerupt
|
|-weather|none
|
|switch|p2a: Mandibuzz|Mandibuzz, F|260\/424
|turn|21
|
|move|p1a: Metagross|Ice Punch|p2a: Mandibuzz
|-supereffective|p2a: Mandibuzz
|-damage|p2a: Mandibuzz|70\/424
|move|p2a: Mandibuzz|Foul Play|p1a: Metagross
|-supereffective|p1a: Metagross
|-damage|p1a: Metagross|0 fnt
|faint|p1a: Metagross
|
|-heal|p2a: Mandibuzz|96\/424|[from] item: Leftovers
|
|switch|p1a: Gengar|Gengar, M|262\/262
|turn|22
|
|move|p1a: Gengar|Sludge Wave|p2a: Mandibuzz
|-damage|p2a: Mandibuzz|0 fnt
|faint|p2a: Mandibuzz
|
|
|switch|p2a: Tyranitar|Tyranitar, F|213\/404
|-weather|Sandstorm
|turn|23
|
|move|p1a: Gengar|Focus Blast|p2a: Tyranitar
|-supereffective|p2a: Tyranitar
|-damage|p2a: Tyranitar|0 fnt
|faint|p2a: Tyranitar
|
|win|ritik
|raw|Ladder updating...
|raw|ritik's rating: 1396 &rarr; <strong>1418<\/strong><br \/>(+22 for winning)
|raw|alb_prova's rating: 1419 &rarr; <strong>1397<\/strong><br \/>(-22 for losing)
|c|âritik|gg