|join|iFenrear
|join|alb_prova
|player|p1|iFenrear|151
|player|p2|alb_prova|210
|gametype|singles
|gen|6
|tier|OU
|rated
|clearpoke
|poke|p1|Kyurem-Black
|poke|p1|Landorus-Therian, M
|poke|p1|Scizor, M
|poke|p1|Entei, shiny
|poke|p1|Manaphy
|poke|p1|Celebi
|poke|p2|Camerupt, F
|poke|p2|Clefable, F
|poke|p2|Tyranitar, M
|poke|p2|Breloom, F
|poke|p2|Mandibuzz, F
|poke|p2|Manaphy
|rule|Swagger Clause: Swagger is banned
|rule|Baton Pass Clause: Limit one PokÃ©mon knowing Baton Pass
|rule|Sleep Clause Mod: Limit one foe put to sleep
|rule|Species Clause: Limit one of each PokÃ©mon
|rule|OHKO Clause: OHKO moves are banned
|rule|Moody Clause: Moody is banned
|rule|Evasion Moves Clause: Evasion moves are banned
|rule|Endless Battle Clause: Forcing endless battles is banned
|rule|HP Percentage Mod: HP is shown in percentages
|teampreview
|c|âalb_prova|gl hf
|c|âiFenrear|u2
|
|start
|switch|p1a: Hyourinmaru|Kyurem-Black|454\/454
|switch|p2a: Manaphy|Manaphy|404\/404
|-ability|p1a: Hyourinmaru|Teravolt
|turn|1
|
|move|p2a: Manaphy|Scald|p1a: Hyourinmaru
|-resisted|p1a: Hyourinmaru
|-damage|p1a: Hyourinmaru|396\/454
|move|p1a: Hyourinmaru|Fusion Bolt|p2a: Manaphy
|-supereffective|p2a: Manaphy
|-damage|p2a: Manaphy|210\/404
|
|-heal|p2a: Manaphy|235\/404|[from] item: Leftovers
|-heal|p1a: Hyourinmaru|424\/454|[from] item: Leftovers
|turn|2
|
|switch|p2a: Tyranitar|Tyranitar, M|404\/404
|-weather|Sandstorm
|move|p1a: Hyourinmaru|Fusion Bolt|p2a: Tyranitar
|-damage|p2a: Tyranitar|311\/404
|
|-weather|Sandstorm|[upkeep]
|-damage|p1a: Hyourinmaru|396\/454|[from] Sandstorm
|-heal|p1a: Hyourinmaru|424\/454|[from] item: Leftovers
|turn|3
|
|switch|p1a: Enten|Landorus-Therian, M|382\/382
|-ability|p1a: Enten|Intimidate|[of] p2a: Tyranitar
|-unboost|p2a: Tyranitar|atk|1
|move|p2a: Tyranitar|Stone Edge|p1a: Enten|[miss]
|-miss|p2a: Tyranitar|p1a: Enten
|
|-weather|Sandstorm|[upkeep]
|turn|4
|
|switch|p2a: Mandibuzz|Mandibuzz, F|424\/424
|move|p1a: Enten|Stealth Rock|p2a: Mandibuzz
|-sidestart|p2: alb_prova|move: Stealth Rock
|
|-weather|Sandstorm|[upkeep]
|turn|5
|
|move|p1a: Enten|U-turn|p2a: Mandibuzz
|-damage|p2a: Mandibuzz|360\/424
|
|switch|p1a: Mufasa|Entei, shiny|434\/434
|-ability|p1a: Mufasa|Pressure
|move|p2a: Mandibuzz|Foul Play|p1a: Mufasa
|-damage|p1a: Mufasa|253\/434
|
|-weather|Sandstorm|[upkeep]
|-damage|p1a: Mufasa|226\/434|[from] Sandstorm
|-heal|p2a: Mandibuzz|386\/424|[from] item: Leftovers
|turn|6
|join|i came from leddit
|
|move|p1a: Mufasa|Sacred Fire|p2a: Mandibuzz
|-damage|p2a: Mandibuzz|250\/424
|-status|p2a: Mandibuzz|brn
|move|p2a: Mandibuzz|Roost|p2a: Mandibuzz
|-heal|p2a: Mandibuzz|424\/424 brn
|
|-weather|none
|-damage|p2a: Mandibuzz|371\/424 brn|[from] brn
|turn|7
|
|switch|p1a: Enten|Landorus-Therian, M|382\/382
|-ability|p1a: Enten|Intimidate|[of] p2a: Mandibuzz
|-unboost|p2a: Mandibuzz|atk|1
|move|p2a: Mandibuzz|Defog|p1a: Enten
|-unboost|p1a: Enten|evasion|1
|-sideend|p2: alb_prova|Stealth Rock|[from] move: Defog|[of] p2a: Mandibuzz
|
|-heal|p2a: Mandibuzz|397\/424 brn|[from] item: Leftovers
|-damage|p2a: Mandibuzz|344\/424 brn|[from] brn
|turn|8
|
|switch|p2a: Manaphy|Manaphy|235\/404
|move|p1a: Enten|Stealth Rock|p2a: Manaphy
|-sidestart|p2: alb_prova|move: Stealth Rock
|
|-heal|p2a: Manaphy|260\/404|[from] item: Leftovers
|turn|9
|
|move|p2a: Manaphy|Scald|p1a: Enten
|-supereffective|p1a: Enten
|-damage|p1a: Enten|172\/382
|move|p1a: Enten|U-turn|p2a: Manaphy
|-damage|p2a: Manaphy|204\/404
|
|switch|p1a: Ilex|Celebi|404\/404
|
|-heal|p2a: Manaphy|229\/404|[from] item: Leftovers
|turn|10
|
|switch|p2a: Mandibuzz|Mandibuzz, F|344\/424 brn
|-damage|p2a: Mandibuzz|238\/424 brn|[from] Stealth Rock
|move|p1a: Ilex|Giga Drain|p2a: Mandibuzz
|-resisted|p2a: Mandibuzz
|-damage|p2a: Mandibuzz|193\/424 brn
|
|-heal|p2a: Mandibuzz|219\/424 brn|[from] item: Leftovers
|-damage|p2a: Mandibuzz|166\/424 brn|[from] brn
|turn|11
|
|switch|p1a: Kratos|Scizor, M|344\/344
|move|p2a: Mandibuzz|Roost|p2a: Mandibuzz
|-heal|p2a: Mandibuzz|378\/424 brn
|
|-heal|p2a: Mandibuzz|404\/424 brn|[from] item: Leftovers
|-damage|p2a: Mandibuzz|351\/424 brn|[from] brn
|turn|12
|
|detailschange|p1a: Kratos|Scizor-Mega, M
|message|Scizor has Mega Evolved into Mega Scizor!
|move|p2a: Mandibuzz|Defog|p1a: Kratos
|-unboost|p1a: Kratos|evasion|1
|-sideend|p2: alb_prova|Stealth Rock|[from] move: Defog|[of] p2a: Mandibuzz
|move|p1a: Kratos|Knock Off|p2a: Mandibuzz
|-resisted|p2a: Mandibuzz
|-damage|p2a: Mandibuzz|311\/424 brn
|-enditem|p2a: Mandibuzz|Leftovers|[from] move: Knock Off|[of] p1a: Kratos
|
|-damage|p2a: Mandibuzz|258\/424 brn|[from] brn
|turn|13
|
|switch|p2a: Camerupt|Camerupt, F|331\/331
|move|p1a: Kratos|Knock Off|p2a: Camerupt
|-damage|p2a: Camerupt|235\/331
|
|turn|14
|
|switch|p1a: Mufasa|Entei, shiny|226\/434
|-ability|p1a: Mufasa|Pressure
|detailschange|p2a: Camerupt|Camerupt-Mega, F
|message|Camerupt has Mega Evolved into Mega Camerupt!
|move|p2a: Camerupt|Fire Blast|p1a: Mufasa
|-resisted|p1a: Mufasa
|-damage|p1a: Mufasa|107\/434
|
|turn|15
|
|switch|p2a: Mandibuzz|Mandibuzz, F|258\/424 brn
|move|p1a: Mufasa|Bulldoze|p2a: Mandibuzz
|-immune|p2a: Mandibuzz|[msg]
|
|-damage|p2a: Mandibuzz|205\/424 brn|[from] brn
|turn|16
|
|move|p1a: Mufasa|Sacred Fire|p2a: Mandibuzz
|-damage|p2a: Mandibuzz|72\/424 brn
|move|p2a: Mandibuzz|Roost|p2a: Mandibuzz
|-heal|p2a: Mandibuzz|284\/424 brn
|
|-damage|p2a: Mandibuzz|231\/424 brn|[from] brn
|turn|17
|
|switch|p1a: Enten|Landorus-Therian, M|172\/382
|-ability|p1a: Enten|Intimidate|[of] p2a: Mandibuzz
|-unboost|p2a: Mandibuzz|atk|1
|move|p2a: Mandibuzz|Roost|p2a: Mandibuzz
|-heal|p2a: Mandibuzz|424\/424 brn
|
|-heal|p1a: Enten|195\/382|[from] item: Leftovers
|-damage|p2a: Mandibuzz|371\/424 brn|[from] brn
|turn|18
|
|move|p1a: Enten|Stealth Rock|p2a: Mandibuzz
|-sidestart|p2: alb_prova|move: Stealth Rock
|move|p2a: Mandibuzz|Foul Play|p1a: Enten
|-damage|p1a: Enten|135\/382
|
|-heal|p1a: Enten|158\/382|[from] item: Leftovers
|-damage|p2a: Mandibuzz|318\/424 brn|[from] brn
|turn|19
|
|move|p1a: Enten|Stone Edge|p2a: Mandibuzz
|-supereffective|p2a: Mandibuzz
|-damage|p2a: Mandibuzz|162\/424 brn
|move|p2a: Mandibuzz|Defog|p1a: Enten
|-unboost|p1a: Enten|evasion|1
|-sideend|p2: alb_prova|Stealth Rock|[from] move: Defog|[of] p2a: Mandibuzz
|
|-heal|p1a: Enten|181\/382|[from] item: Leftovers
|-damage|p2a: Mandibuzz|109\/424 brn|[from] brn
|turn|20
|
|move|p1a: Enten|Stealth Rock|p2a: Mandibuzz
|-sidestart|p2: alb_prova|move: Stealth Rock
|move|p2a: Mandibuzz|Roost|p2a: Mandibuzz
|-heal|p2a: Mandibuzz|321\/424 brn
|
|-heal|p1a: Enten|204\/382|[from] item: Leftovers
|-damage|p2a: Mandibuzz|268\/424 brn|[from] brn
|turn|21
|
|switch|p2a: Breloom|Breloom, F|323\/323
|-damage|p2a: Breloom|303\/323|[from] Stealth Rock
|move|p1a: Enten|Stone Edge|p2a: Breloom|[miss]
|-miss|p1a: Enten|p2a: Breloom
|
|-heal|p1a: Enten|227\/382|[from] item: Leftovers
|-status|p2a: Breloom|tox|[from] item: Toxic Orb
|turn|22
|
|switch|p1a: Ilex|Celebi|404\/404
|move|p2a: Breloom|Spore|p1a: Ilex
|-fail|p1a: Ilex
|
|-heal|p2a: Breloom|323\/323 tox|[from] ability: Poison Heal
|turn|23
|
|switch|p2a: Tyranitar|Tyranitar, M|311\/404
|-damage|p2a: Tyranitar|261\/404|[from] Stealth Rock
|-weather|Sandstorm
|move|p1a: Ilex|Giga Drain|p2a: Tyranitar
|-supereffective|p2a: Tyranitar
|-damage|p2a: Tyranitar|181\/404
|
|-weather|Sandstorm|[upkeep]
|-damage|p1a: Ilex|379\/404|[from] Sandstorm
|-heal|p1a: Ilex|404\/404|[from] item: Leftovers
|turn|24
|
|switch|p1a: Enten|Landorus-Therian, M|227\/382
|-ability|p1a: Enten|Intimidate|[of] p2a: Tyranitar
|-unboost|p2a: Tyranitar|atk|1
|move|p2a: Tyranitar|Crunch|p1a: Enten
|-damage|p1a: Enten|155\/382
|
|-weather|Sandstorm|[upkeep]
|-heal|p1a: Enten|178\/382|[from] item: Leftovers
|turn|25
|
|switch|p2a: Breloom|Breloom, F|323\/323 tox
|-damage|p2a: Breloom|303\/323 tox|[from] Stealth Rock
|move|p1a: Enten|U-turn|p2a: Breloom
|-damage|p2a: Breloom|218\/323 tox
|
|switch|p1a: Ilex|Celebi|404\/404
|
|-weather|Sandstorm|[upkeep]
|-damage|p1a: Ilex|379\/404|[from] Sandstorm
|-damage|p2a: Breloom|198\/323 tox|[from] Sandstorm
|-heal|p1a: Ilex|404\/404|[from] item: Leftovers
|-heal|p2a: Breloom|238\/323 tox|[from] ability: Poison Heal
|turn|26
|
|move|p1a: Ilex|Giga Drain|p2a: Breloom
|-resisted|p2a: Breloom
|-damage|p2a: Breloom|181\/323 tox
|move|p2a: Breloom|Drain Punch|p1a: Ilex
|-resisted|p1a: Ilex
|-damage|p1a: Ilex|347\/404
|-heal|p2a: Breloom|210\/323 tox|[from] drain|[of] p1a: Ilex
|
|-weather|Sandstorm|[upkeep]
|-damage|p1a: Ilex|322\/404|[from] Sandstorm
|-damage|p2a: Breloom|190\/323 tox|[from] Sandstorm
|-heal|p1a: Ilex|347\/404|[from] item: Leftovers
|-heal|p2a: Breloom|230\/323 tox|[from] ability: Poison Heal
|turn|27
|
|move|p1a: Ilex|Psychic|p2a: Breloom
|-supereffective|p2a: Breloom
|-damage|p2a: Breloom|0 fnt
|faint|p2a: Breloom
|
|-weather|none
|-heal|p1a: Ilex|372\/404|[from] item: Leftovers
|
|switch|p2a: Camerupt|Camerupt-Mega, F|235\/331
|-damage|p2a: Camerupt|194\/331|[from] Stealth Rock
|turn|28
|
|move|p1a: Ilex|Earth Power|p2a: Camerupt
|-supereffective|p2a: Camerupt
|-damage|p2a: Camerupt|54\/331
|-unboost|p2a: Camerupt|spd|1
|move|p2a: Camerupt|Stealth Rock|p1a: Ilex
|-sidestart|p1: iFenrear|move: Stealth Rock
|
|-heal|p1a: Ilex|397\/404|[from] item: Leftovers
|turn|29
|
|switch|p2a: Mandibuzz|Mandibuzz, F|268\/424 brn
|-damage|p2a: Mandibuzz|162\/424 brn|[from] Stealth Rock
|move|p1a: Ilex|Giga Drain|p2a: Mandibuzz
|-resisted|p2a: Mandibuzz
|-damage|p2a: Mandibuzz|117\/424 brn
|-heal|p1a: Ilex|404\/404|[from] drain|[of] p2a: Mandibuzz
|
|-damage|p2a: Mandibuzz|64\/424 brn|[from] brn
|turn|30
|
|switch|p1a: Kratos|Scizor-Mega, M|344\/344
|-damage|p1a: Kratos|301\/344|[from] Stealth Rock
|move|p2a: Mandibuzz|Roost|p2a: Mandibuzz
|-heal|p2a: Mandibuzz|276\/424 brn
|
|-damage|p2a: Mandibuzz|223\/424 brn|[from] brn
|turn|31
|
|move|p2a: Mandibuzz|Roost|p2a: Mandibuzz
|-heal|p2a: Mandibuzz|424\/424 brn
|move|p1a: Kratos|Swords Dance|p1a: Kratos
|-boost|p1a: Kratos|atk|2
|
|-damage|p2a: Mandibuzz|371\/424 brn|[from] brn
|turn|32
|
|move|p2a: Mandibuzz|Foul Play|p1a: Kratos
|-damage|p1a: Kratos|214\/344
|move|p1a: Kratos|Swords Dance|p1a: Kratos
|-boost|p1a: Kratos|atk|2
|
|-damage|p2a: Mandibuzz|318\/424 brn|[from] brn
|turn|33
|
|move|p2a: Mandibuzz|Foul Play|p1a: Kratos
|-damage|p1a: Kratos|78\/344
|move|p1a: Kratos|Swords Dance|p1a: Kratos
|-boost|p1a: Kratos|atk|2
|
|-damage|p2a: Mandibuzz|265\/424 brn|[from] brn
|turn|34
|
|move|p1a: Kratos|Bullet Punch|p2a: Mandibuzz
|-damage|p2a: Mandibuzz|0 fnt
|faint|p2a: Mandibuzz
|
|
|switch|p2a: Clefable|Clefable, F|394\/394
|-damage|p2a: Clefable|345\/394|[from] Stealth Rock
|turn|35
|
|move|p1a: Kratos|Bullet Punch|p2a: Clefable
|-supereffective|p2a: Clefable
|-damage|p2a: Clefable|177\/394
|move|p2a: Clefable|Flamethrower|p1a: Kratos
|-supereffective|p1a: Kratos
|-damage|p1a: Kratos|0 fnt
|faint|p1a: Kratos
|
|-heal|p2a: Clefable|201\/394|[from] item: Leftovers
|
|switch|p1a: Enten|Landorus-Therian, M|178\/382
|-damage|p1a: Enten|131\/382|[from] Stealth Rock
|-ability|p1a: Enten|Intimidate|[of] p2a: Clefable
|-unboost|p2a: Clefable|atk|1
|turn|36
|
|move|p1a: Enten|Earthquake|p2a: Clefable
|-damage|p2a: Clefable|62\/394
|move|p2a: Clefable|Moonlight|p2a: Clefable
|-heal|p2a: Clefable|259\/394
|
|-heal|p1a: Enten|154\/382|[from] item: Leftovers
|-heal|p2a: Clefable|283\/394|[from] item: Leftovers
|turn|37
|
|move|p1a: Enten|Earthquake|p2a: Clefable
|-damage|p2a: Clefable|138\/394
|move|p2a: Clefable|Moonlight|p2a: Clefable
|-heal|p2a: Clefable|335\/394
|
|-heal|p1a: Enten|177\/382|[from] item: Leftovers
|-heal|p2a: Clefable|359\/394|[from] item: Leftovers
|turn|38
|
|move|p1a: Enten|Earthquake|p2a: Clefable
|-damage|p2a: Clefable|218\/394
|move|p2a: Clefable|Calm Mind|p2a: Clefable
|-boost|p2a: Clefable|spa|1
|-boost|p2a: Clefable|spd|1
|
|-heal|p1a: Enten|200\/382|[from] item: Leftovers
|-heal|p2a: Clefable|242\/394|[from] item: Leftovers
|turn|39
|
|move|p1a: Enten|Earthquake|p2a: Clefable
|-damage|p2a: Clefable|92\/394
|move|p2a: Clefable|Moonlight|p2a: Clefable
|-heal|p2a: Clefable|289\/394
|
|-heal|p1a: Enten|223\/382|[from] item: Leftovers
|-heal|p2a: Clefable|313\/394|[from] item: Leftovers
|turn|40
|
|switch|p1a: Poseidon|Manaphy|404\/404
|-damage|p1a: Poseidon|354\/404|[from] Stealth Rock
|move|p2a: Clefable|Moonlight|p2a: Clefable
|-heal|p2a: Clefable|394\/394
|
|-heal|p1a: Poseidon|379\/404|[from] item: Leftovers
|turn|41
|
|move|p1a: Poseidon|Scald|p2a: Clefable
|-damage|p2a: Clefable|318\/394
|move|p2a: Clefable|Calm Mind|p2a: Clefable
|-boost|p2a: Clefable|spa|1
|-boost|p2a: Clefable|spd|1
|
|-heal|p1a: Poseidon|404\/404|[from] item: Leftovers
|-heal|p2a: Clefable|342\/394|[from] item: Leftovers
|turn|42
|
|move|p1a: Poseidon|Scald|p2a: Clefable
|-damage|p2a: Clefable|293\/394
|move|p2a: Clefable|Moonblast|p1a: Poseidon
|-damage|p1a: Poseidon|184\/404
|
|-heal|p1a: Poseidon|209\/404|[from] item: Leftovers
|-heal|p2a: Clefable|317\/394|[from] item: Leftovers
|turn|43
|
|move|p1a: Poseidon|Scald|p2a: Clefable
|-damage|p2a: Clefable|266\/394
|move|p2a: Clefable|Moonblast|p1a: Poseidon
|-crit|p1a: Poseidon
|-damage|p1a: Poseidon|0 fnt
|faint|p1a: Poseidon
|
|-heal|p2a: Clefable|290\/394|[from] item: Leftovers
|leave|i came from leddit
|
|switch|p1a: Hyourinmaru|Kyurem-Black|424\/454
|-damage|p1a: Hyourinmaru|311\/454|[from] Stealth Rock
|-ability|p1a: Hyourinmaru|Teravolt
|turn|44
|
|move|p1a: Hyourinmaru|Ice Beam|p2a: Clefable
|-damage|p2a: Clefable|223\/394
|move|p2a: Clefable|Moonlight|p2a: Clefable
|-heal|p2a: Clefable|394\/394
|
|-heal|p1a: Hyourinmaru|339\/454|[from] item: Leftovers
|turn|45
|
|move|p1a: Hyourinmaru|Ice Beam|p2a: Clefable
|-damage|p2a: Clefable|322\/394
|-status|p2a: Clefable|frz
|cant|p2a: Clefable|frz
|
|-heal|p1a: Hyourinmaru|367\/454|[from] item: Leftovers
|-heal|p2a: Clefable|346\/394 frz|[from] item: Leftovers
|turn|46
|
|move|p1a: Hyourinmaru|Fusion Bolt|p2a: Clefable
|-damage|p2a: Clefable|245\/394 frz
|-curestatus|p2a: Clefable|frz
|move|p2a: Clefable|Moonblast|p1a: Hyourinmaru
|-supereffective|p1a: Hyourinmaru
|-damage|p1a: Hyourinmaru|0 fnt
|faint|p1a: Hyourinmaru
|
|-heal|p2a: Clefable|269\/394|[from] item: Leftovers
|
|switch|p1a: Enten|Landorus-Therian, M|223\/382
|-damage|p1a: Enten|176\/382|[from] Stealth Rock
|-ability|p1a: Enten|Intimidate|[of] p2a: Clefable
|-unboost|p2a: Clefable|atk|1
|turn|47
|
|move|p1a: Enten|Earthquake|p2a: Clefable
|-damage|p2a: Clefable|128\/394
|move|p2a: Clefable|Moonblast|p1a: Enten
|-damage|p1a: Enten|0 fnt
|faint|p1a: Enten
|
|-heal|p2a: Clefable|152\/394|[from] item: Leftovers
|
|switch|p1a: Mufasa|Entei, shiny|107\/434
|-damage|p1a: Mufasa|0 fnt|[from] Stealth Rock
|faint|p1a: Mufasa
|-message|iFenrear forfeited.
|
|win|alb_prova
|raw|Ladder updating...
|leave|iFenrear
|player|p1
|c|âalb_prova|bye
|raw|iFenrear's rating: 1842 &rarr; <strong>1808<\/strong><br \/>(-34 for losing)
|raw|alb_prova's rating: 1536 &rarr; <strong>1570<\/strong><br \/>(+34 for winning)
|c|âalb_prova|lol