|join|Desabram
|join|Alb_prova
|player|p1|Desabram|121
|player|p2|Alb_prova|210
|gametype|singles
|gen|6
|tier|OU
|rated
|clearpoke
|poke|p1|Latios, M
|poke|p1|Slurpuff, M
|poke|p1|Magnezone
|poke|p1|Landorus-Therian, M
|poke|p1|Aerodactyl, F
|poke|p1|Mew
|poke|p2|Heracross, M
|poke|p2|Sylveon, M
|poke|p2|Heatran, M
|poke|p2|Mew
|poke|p2|Azumarill, M
|poke|p2|Zapdos
|rule|Swagger Clause: Swagger is banned
|rule|Baton Pass Clause: Limit one PokÃ©mon knowing Baton Pass
|rule|Sleep Clause Mod: Limit one foe put to sleep
|rule|Species Clause: Limit one of each PokÃ©mon
|rule|OHKO Clause: OHKO moves are banned
|rule|Moody Clause: Moody is banned
|rule|Evasion Moves Clause: Evasion moves are banned
|rule|Endless Battle Clause: Forcing endless battles is banned
|rule|HP Percentage Mod: HP is shown in percentages
|teampreview
|
|start
|switch|p1a: Latios|Latios, M|364\/364
|switch|p2a: Heracross|Heracross, M|309\/309
|turn|1
|
|switch|p2a: Heatran|Heatran, M|386\/386
|move|p1a: Latios|Reflect|p1a: Latios
|-sidestart|p1: Desabram|Reflect
|
|turn|2
|
|move|p1a: Latios|Light Screen|p1a: Latios
|-sidestart|p1: Desabram|move: Light Screen
|move|p2a: Heatran|Stealth Rock|p1a: Latios
|-sidestart|p1: Desabram|move: Stealth Rock
|
|turn|3
|
|move|p1a: Latios|Memento|p2a: Heatran
|-unboost|p2a: Heatran|atk|2
|-unboost|p2a: Heatran|spa|2
|faint|p1a: Latios
|move|p2a: Heatran|Iron Head|p1: Latios|[notarget]
|-notarget
|
|
|switch|p1a: Slurpuff|Slurpuff, M|346\/346
|-damage|p1a: Slurpuff|303\/346|[from] Stealth Rock
|turn|4
|
|move|p1a: Slurpuff|Belly Drum|p1a: Slurpuff
|-damage|p1a: Slurpuff|130\/346
|-setboost|p1a: Slurpuff|atk|6|[from] move: Belly Drum
|-enditem|p1a: Slurpuff|Sitrus Berry|[eat]
|-heal|p1a: Slurpuff|216\/346|[from] item: Sitrus Berry
|move|p2a: Heatran|Iron Head|p1a: Slurpuff
|-supereffective|p1a: Slurpuff
|-damage|p1a: Slurpuff|165\/346
|
|turn|5
|
|switch|p2a: Sylveon|Sylveon, M|393\/393
|move|p1a: Slurpuff|Drain Punch|p2a: Sylveon
|-crit|p2a: Sylveon
|-resisted|p2a: Sylveon
|-damage|p2a: Sylveon|182\/393
|-heal|p1a: Slurpuff|271\/346|[from] drain|[of] p2a: Sylveon
|
|-heal|p2a: Sylveon|206\/393|[from] item: Leftovers
|turn|6
|
|move|p1a: Slurpuff|Return|p2a: Sylveon
|-damage|p2a: Sylveon|0 fnt
|faint|p2a: Sylveon
|
|c|âAlb_prova|gg
|-message|Alb_prova forfeited.
|
|win|Desabram
|raw|Ladder updating...
|raw|Desabram's rating: 1369 &rarr; <strong>1395<\/strong><br \/>(+26 for winning)
|raw|Alb_prova's rating: 1472 &rarr; <strong>1446<\/strong><br \/>(-26 for losing)
|leave|Alb_prova
|player|p2