|join|alb_prova
|join|Llqht
|player|p1|alb_prova|210
|player|p2|Llqht|46
|gametype|singles
|gen|6
|tier|OU
|rated
|clearpoke
|poke|p1|Jirachi
|poke|p1|Azumarill, F
|poke|p1|Poliwrath, F
|poke|p1|Heracross, M
|poke|p1|Raikou
|poke|p1|Avalugg, F
|poke|p2|Charizard, F
|poke|p2|Talonflame, F
|poke|p2|Mew
|poke|p2|Gyarados, M
|poke|p2|Sylveon, M
|poke|p2|Terrakion
|rule|Swagger Clause: Swagger is banned
|rule|Baton Pass Clause: Limit one PokÃ©mon knowing Baton Pass
|rule|Sleep Clause Mod: Limit one foe put to sleep
|rule|Species Clause: Limit one of each PokÃ©mon
|rule|OHKO Clause: OHKO moves are banned
|rule|Moody Clause: Moody is banned
|rule|Evasion Moves Clause: Evasion moves are banned
|rule|Endless Battle Clause: Forcing endless battles is banned
|rule|HP Percentage Mod: HP is shown in percentages
|teampreview
|
|start
|switch|p1a: Heracross|Heracross, M|309\/309
|switch|p2a: Mew|Mew|404\/404
|turn|1
|
|detailschange|p1a: Heracross|Heracross-Mega, M
|message|Heracross has Mega Evolved into Mega Heracross!
|move|p2a: Mew|Stealth Rock|p1a: Heracross
|-sidestart|p1: alb_prova|move: Stealth Rock
|move|p1a: Heracross|Pin Missile|p2a: Mew
|-supereffective|p2a: Mew
|-damage|p2a: Mew|296\/404
|-supereffective|p2a: Mew
|-damage|p2a: Mew|186\/404
|-supereffective|p2a: Mew
|-damage|p2a: Mew|72\/404
|-supereffective|p2a: Mew
|-damage|p2a: Mew|0 fnt
|-hitcount|p2a: Mew|4
|faint|p2a: Mew
|
|
|switch|p2a: Talonflame|Talonflame, F|297\/297
|turn|2
|
|switch|p1a: Raikou|Raikou|321\/321
|-damage|p1a: Raikou|281\/321|[from] Stealth Rock
|-ability|p1a: Raikou|Pressure
|move|p2a: Talonflame|Flare Blitz|p1a: Raikou
|-damage|p1a: Raikou|50\/321
|-damage|p2a: Talonflame|221\/297|[from] recoil|[of] p1a: Raikou
|
|-heal|p2a: Talonflame|239\/297|[from] item: Leftovers
|turn|3
|
|move|p2a: Talonflame|Roost|p2a: Talonflame
|-heal|p2a: Talonflame|297\/297
|move|p1a: Raikou|Volt Switch|p2a: Talonflame
|-damage|p2a: Talonflame|147\/297
|
|switch|p1a: Wrongtoad|Poliwrath, F|384\/384
|-damage|p1a: Wrongtoad|360\/384|[from] Stealth Rock
|
|-heal|p2a: Talonflame|165\/297|[from] item: Leftovers
|-heal|p1a: Wrongtoad|384\/384|[from] item: Leftovers
|turn|4
|
|move|p2a: Talonflame|Brave Bird|p1a: Wrongtoad
|-supereffective|p1a: Wrongtoad
|-damage|p1a: Wrongtoad|114\/384
|-damage|p2a: Talonflame|76\/297|[from] recoil|[of] p1a: Wrongtoad
|move|p1a: Wrongtoad|Scald|p2a: Talonflame
|-supereffective|p2a: Talonflame
|-damage|p2a: Talonflame|0 fnt
|faint|p2a: Talonflame
|
|-heal|p1a: Wrongtoad|138\/384|[from] item: Leftovers
|
|switch|p2a: Sylveon|Sylveon, M|394\/394
|turn|5
|
|move|p1a: Wrongtoad|Rest|p1a: Wrongtoad
|-status|p1a: Wrongtoad|slp
|-heal|p1a: Wrongtoad|384\/384 slp|[silent]
|-status|p1a: Wrongtoad|slp|[from] move: Rest
|move|p2a: Sylveon|Echoed Voice|p1a: Wrongtoad
|-supereffective|p1a: Wrongtoad
|-damage|p1a: Wrongtoad|76\/384 slp
|
|-heal|p1a: Wrongtoad|100\/384 slp|[from] item: Leftovers
|turn|6
|
|switch|p1a: Nano malefico|Jirachi|404\/404
|-damage|p1a: Nano malefico|379\/404|[from] Stealth Rock
|move|p2a: Sylveon|Echoed Voice|p1a: Nano malefico
|-resisted|p1a: Nano malefico
|-damage|p1a: Nano malefico|286\/404
|
|-heal|p1a: Nano malefico|311\/404|[from] item: Leftovers
|turn|7
|
|switch|p2a: Gyarados|Gyarados, M|331\/331
|-ability|p2a: Gyarados|Intimidate|[of] p1a: Nano malefico
|-unboost|p1a: Nano malefico|atk|1
|move|p1a: Nano malefico|Body Slam|p2a: Gyarados
|-damage|p2a: Gyarados|281\/331
|-status|p2a: Gyarados|par
|
|-heal|p1a: Nano malefico|336\/404|[from] item: Leftovers
|-heal|p2a: Gyarados|301\/331 par|[from] item: Leftovers
|turn|8
|
|move|p1a: Nano malefico|Stealth Rock|p2a: Gyarados
|-sidestart|p2: Llqht|move: Stealth Rock
|move|p2a: Gyarados|Waterfall|p1a: Nano malefico
|-damage|p1a: Nano malefico|173\/404
|
|-heal|p1a: Nano malefico|198\/404|[from] item: Leftovers
|-heal|p2a: Gyarados|321\/331 par|[from] item: Leftovers
|turn|9
|
|switch|p1a: Wrongtoad|Poliwrath, F|100\/384 slp
|-damage|p1a: Wrongtoad|76\/384 slp|[from] Stealth Rock
|switch|p2a: Sylveon|Sylveon, M|394\/394
|-damage|p2a: Sylveon|345\/394|[from] Stealth Rock
|
|-heal|p1a: Wrongtoad|100\/384 slp|[from] item: Leftovers
|turn|10
|
|cant|p1a: Wrongtoad|slp
|move|p1a: Wrongtoad|Sleep Talk|p1a: Wrongtoad
|move|p1a: Wrongtoad|Circle Throw|p2a: Sylveon|[from]Sleep Talk
|-resisted|p2a: Sylveon
|-damage|p2a: Sylveon|295\/394
|drag|p2a: Charizard|Charizard, F|360\/360
|-damage|p2a: Charizard|180\/360|[from] Stealth Rock
|
|-heal|p1a: Wrongtoad|124\/384 slp|[from] item: Leftovers
|turn|11
|
|detailschange|p2a: Charizard|Charizard-Mega-X, F
|message|Charizard has Mega Evolved into Mega Charizard!
|move|p2a: Charizard|Dragon Dance|p2a: Charizard
|-boost|p2a: Charizard|atk|1
|-boost|p2a: Charizard|spe|1
|cant|p1a: Wrongtoad|slp
|
|-heal|p1a: Wrongtoad|148\/384 slp|[from] item: Leftovers
|turn|12
|
|move|p2a: Charizard|Fire Punch|p1a: Wrongtoad
|-resisted|p1a: Wrongtoad
|-damage|p1a: Wrongtoad|53\/384 slp
|-curestatus|p1a: Wrongtoad|slp
|move|p1a: Wrongtoad|Circle Throw|p2a: Charizard
|-crit|p2a: Charizard
|-damage|p2a: Charizard|84\/360
|drag|p2a: Sylveon|Sylveon, M|295\/394
|-damage|p2a: Sylveon|246\/394|[from] Stealth Rock
|
|-heal|p1a: Wrongtoad|77\/384|[from] item: Leftovers
|turn|13
|
|move|p1a: Wrongtoad|Scald|p2a: Sylveon
|-damage|p2a: Sylveon|189\/394
|-status|p2a: Sylveon|brn
|move|p2a: Sylveon|Echoed Voice|p1a: Wrongtoad
|-supereffective|p1a: Wrongtoad
|-damage|p1a: Wrongtoad|0 fnt
|faint|p1a: Wrongtoad
|
|-damage|p2a: Sylveon|140\/394 brn|[from] brn
|
|switch|p1a: Heracross|Heracross-Mega, M|309\/309
|-damage|p1a: Heracross|271\/309|[from] Stealth Rock
|turn|14
|
|move|p1a: Heracross|Rock Blast|p2a: Sylveon
|-damage|p2a: Sylveon|89\/394 brn
|-damage|p2a: Sylveon|37\/394 brn
|-damage|p2a: Sylveon|0 fnt
|-hitcount|p2a: Sylveon|3
|faint|p2a: Sylveon
|
|-message|Llqht forfeited.
|
|win|alb_prova
|raw|Ladder updating...
|leave|Llqht
|player|p2
|raw|alb_prova's rating: 1620 &rarr; <strong>1643<\/strong><br \/>(+23 for winning)
|raw|Llqht's rating: 1674 &rarr; <strong>1651<\/strong><br \/>(-23 for losing)