|join|alb_prova
|join|on that weed-le
|player|p1|alb_prova|210
|player|p2|on that weed-le|170
|gametype|singles
|gen|6
|tier|OU
|rated
|clearpoke
|poke|p1|Camerupt, M
|poke|p1|Clefable, M
|poke|p1|Tyranitar, M
|poke|p1|Breloom, M
|poke|p1|Mandibuzz, F
|poke|p1|Manaphy
|poke|p2|Venusaur, M
|poke|p2|Heatran, F
|poke|p2|Bisharp, F
|poke|p2|Skarmory, F
|poke|p2|Breloom, F
|poke|p2|Bronzong
|rule|Swagger Clause: Swagger is banned
|rule|Baton Pass Clause: Limit one PokÃ©mon knowing Baton Pass
|rule|Sleep Clause Mod: Limit one foe put to sleep
|rule|Species Clause: Limit one of each PokÃ©mon
|rule|OHKO Clause: OHKO moves are banned
|rule|Moody Clause: Moody is banned
|rule|Evasion Moves Clause: Evasion moves are banned
|rule|Endless Battle Clause: Forcing endless battles is banned
|rule|HP Percentage Mod: HP is shown in percentages
|teampreview
|c|âalb_prova|gl hf
|
|start
|switch|p1a: Camerupt|Camerupt, M|331\/331
|switch|p2a: Bronzong|Bronzong|338\/338
|turn|1
|
|switch|p2a: Heatran|Heatran, F|385\/385
|-item|p2a: Heatran|Air Balloon
|detailschange|p1a: Camerupt|Camerupt-Mega, M
|message|Camerupt has Mega Evolved into Mega Camerupt!
|move|p1a: Camerupt|Fire Blast|p2a: Heatran
|-start|p2a: Heatran|ability: Flash Fire
|
|turn|2
|
|switch|p1a: Manaphy|Manaphy|404\/404
|move|p2a: Heatran|Earth Power|p1a: Manaphy
|-damage|p1a: Manaphy|282\/404
|
|-heal|p1a: Manaphy|307\/404|[from] item: Leftovers
|turn|3
|
|switch|p2a: Venusaur|Venusaur, M|364\/364
|move|p1a: Manaphy|Scald|p2a: Venusaur
|-resisted|p2a: Venusaur
|-damage|p2a: Venusaur|329\/364
|
|-heal|p1a: Manaphy|332\/404|[from] item: Leftovers
|turn|4
|
|switch|p1a: Mandibuzz|Mandibuzz, F|424\/424
|detailschange|p2a: Venusaur|Venusaur-Mega, M
|message|Venusaur has Mega Evolved into Mega Venusaur!
|move|p2a: Venusaur|Leech Seed|p1a: Mandibuzz
|-start|p1a: Mandibuzz|move: Leech Seed
|
|-damage|p1a: Mandibuzz|371\/424|[from] Leech Seed|[of] p2a: Venusaur
|-heal|p2a: Venusaur|364\/364|[silent]
|turn|5
|
|switch|p1a: Camerupt|Camerupt-Mega, M|331\/331
|switch|p2a: Bronzong|Bronzong|338\/338
|
|turn|6
|
|switch|p2a: Heatran|Heatran, F|385\/385
|-item|p2a: Heatran|Air Balloon
|move|p1a: Camerupt|Ancient Power|p2a: Heatran
|-damage|p2a: Heatran|281\/385
|-enditem|p2a: Heatran|Air Balloon
|
|turn|7
|
|switch|p1a: Manaphy|Manaphy|332\/404
|move|p2a: Heatran|Earth Power|p1a: Manaphy
|-damage|p1a: Manaphy|222\/404
|
|-heal|p1a: Manaphy|247\/404|[from] item: Leftovers
|turn|8
|
|switch|p1a: Camerupt|Camerupt-Mega, M|331\/331
|switch|p2a: Venusaur|Venusaur-Mega, M|364\/364
|
|turn|9
|
|move|p2a: Venusaur|Leech Seed|p1a: Camerupt
|-start|p1a: Camerupt|move: Leech Seed
|move|p1a: Camerupt|Fire Blast|p2a: Venusaur|[miss]
|-miss|p1a: Camerupt|p2a: Venusaur
|
|-damage|p1a: Camerupt|290\/331|[from] Leech Seed|[of] p2a: Venusaur
|turn|10
|
|move|p2a: Venusaur|Giga Drain|p1a: Camerupt
|-damage|p1a: Camerupt|191\/331
|move|p1a: Camerupt|Fire Blast|p2a: Venusaur|[miss]
|-miss|p1a: Camerupt|p2a: Venusaur
|
|-damage|p1a: Camerupt|150\/331|[from] Leech Seed|[of] p2a: Venusaur
|turn|11
|
|move|p2a: Venusaur|Leech Seed|p1a: Camerupt
|-fail|p1a: Camerupt
|move|p1a: Camerupt|Fire Blast|p2a: Venusaur
|-supereffective|p2a: Venusaur
|-damage|p2a: Venusaur|176\/364
|
|-damage|p1a: Camerupt|109\/331|[from] Leech Seed|[of] p2a: Venusaur
|-heal|p2a: Venusaur|217\/364|[silent]
|turn|12
|
|switch|p1a: Mandibuzz|Mandibuzz, F|371\/424
|move|p2a: Venusaur|Giga Drain|p1a: Mandibuzz
|-resisted|p1a: Mandibuzz
|-damage|p1a: Mandibuzz|325\/424
|-heal|p2a: Venusaur|240\/364|[from] drain|[of] p1a: Mandibuzz
|
|-heal|p1a: Mandibuzz|351\/424|[from] item: Leftovers
|turn|13
|
|move|p1a: Mandibuzz|Brave Bird|p2a: Venusaur
|-supereffective|p2a: Venusaur
|-damage|p2a: Venusaur|88\/364
|-damage|p1a: Mandibuzz|301\/424|[from] recoil|[of] p2a: Venusaur
|move|p2a: Venusaur|Leech Seed|p1a: Mandibuzz
|-start|p1a: Mandibuzz|move: Leech Seed
|
|-heal|p1a: Mandibuzz|327\/424|[from] item: Leftovers
|-damage|p1a: Mandibuzz|274\/424|[from] Leech Seed|[of] p2a: Venusaur
|-heal|p2a: Venusaur|141\/364|[silent]
|turn|14
|
|switch|p1a: Camerupt|Camerupt-Mega, M|109\/331
|switch|p2a: Heatran|Heatran, F|281\/385
|
|turn|15
|
|switch|p1a: Mandibuzz|Mandibuzz, F|274\/424
|move|p2a: Heatran|Earth Power|p1a: Mandibuzz
|-immune|p1a: Mandibuzz|[msg]
|
|-heal|p1a: Mandibuzz|300\/424|[from] item: Leftovers
|turn|16
|
|switch|p1a: Manaphy|Manaphy|247\/404
|move|p2a: Heatran|Lava Plume|p1a: Manaphy
|-crit|p1a: Manaphy
|-resisted|p1a: Manaphy
|-damage|p1a: Manaphy|124\/404
|
|-heal|p1a: Manaphy|149\/404|[from] item: Leftovers
|turn|17
|
|switch|p2a: Venusaur|Venusaur-Mega, M|141\/364
|move|p1a: Manaphy|Rain Dance|p1a: Manaphy
|-weather|RainDance
|
|-weather|RainDance|[upkeep]
|-heal|p1a: Manaphy|174\/404|[from] item: Leftovers
|turn|18
|
|switch|p1a: Mandibuzz|Mandibuzz, F|300\/424
|move|p2a: Venusaur|Giga Drain|p1a: Mandibuzz
|-resisted|p1a: Mandibuzz
|-damage|p1a: Mandibuzz|254\/424
|-heal|p2a: Venusaur|164\/364|[from] drain|[of] p1a: Mandibuzz
|
|-weather|RainDance|[upkeep]
|-heal|p1a: Mandibuzz|280\/424|[from] item: Leftovers
|turn|19
|
|switch|p2a: Heatran|Heatran, F|281\/385
|move|p1a: Mandibuzz|Foul Play|p2a: Heatran
|-damage|p2a: Heatran|190\/385
|
|-weather|RainDance|[upkeep]
|-heal|p1a: Mandibuzz|306\/424|[from] item: Leftovers
|turn|20
|
|move|p1a: Mandibuzz|Foul Play|p2a: Heatran
|-crit|p2a: Heatran
|-damage|p2a: Heatran|49\/385
|move|p2a: Heatran|Ancient Power|p1a: Mandibuzz
|-supereffective|p1a: Mandibuzz
|-damage|p1a: Mandibuzz|154\/424
|
|-weather|RainDance|[upkeep]
|-heal|p1a: Mandibuzz|180\/424|[from] item: Leftovers
|turn|21
|
|move|p1a: Mandibuzz|Foul Play|p2a: Heatran
|-damage|p2a: Heatran|0 fnt
|faint|p2a: Heatran
|
|-weather|none
|-heal|p1a: Mandibuzz|206\/424|[from] item: Leftovers
|
|switch|p2a: Venusaur|Venusaur-Mega, M|164\/364
|turn|22
|
|move|p1a: Mandibuzz|Roost|p1a: Mandibuzz
|-heal|p1a: Mandibuzz|418\/424
|move|p2a: Venusaur|Synthesis|p2a: Venusaur
|-heal|p2a: Venusaur|346\/364
|
|-heal|p1a: Mandibuzz|424\/424|[from] item: Leftovers
|turn|23
|
|switch|p2a: Bronzong|Bronzong|338\/338
|move|p1a: Mandibuzz|Brave Bird|p2a: Bronzong
|-resisted|p2a: Bronzong
|-damage|p2a: Bronzong|305\/338
|-damage|p1a: Mandibuzz|413\/424|[from] recoil|[of] p2a: Bronzong
|
|-heal|p1a: Mandibuzz|424\/424|[from] item: Leftovers
|turn|24
|
|move|p1a: Mandibuzz|Foul Play|p2a: Bronzong
|-supereffective|p2a: Bronzong
|-damage|p2a: Bronzong|167\/338
|move|p2a: Bronzong|Trick|p1a: Mandibuzz
|-activate|p2a: Bronzong|move: Trick|[of] p1a: Mandibuzz
|-item|p1a: Mandibuzz|Lagging Tail|[from] move: Trick
|-item|p2a: Bronzong|Leftovers|[from] move: Trick
|
|-heal|p2a: Bronzong|188\/338|[from] item: Leftovers
|turn|25
|
|switch|p1a: Manaphy|Manaphy|174\/404
|move|p2a: Bronzong|Stealth Rock|p1a: Manaphy
|-sidestart|p1: alb_prova|move: Stealth Rock
|
|-heal|p1a: Manaphy|199\/404|[from] item: Leftovers
|-heal|p2a: Bronzong|209\/338|[from] item: Leftovers
|turn|26
|
|switch|p2a: Venusaur|Venusaur-Mega, M|346\/364
|move|p1a: Manaphy|Calm Mind|p1a: Manaphy
|-boost|p1a: Manaphy|spa|1
|-boost|p1a: Manaphy|spd|1
|
|-heal|p1a: Manaphy|224\/404|[from] item: Leftovers
|turn|27
|
|move|p1a: Manaphy|Calm Mind|p1a: Manaphy
|-boost|p1a: Manaphy|spa|1
|-boost|p1a: Manaphy|spd|1
|move|p2a: Venusaur|Leech Seed|p1a: Manaphy
|-start|p1a: Manaphy|move: Leech Seed
|
|-heal|p1a: Manaphy|249\/404|[from] item: Leftovers
|-damage|p1a: Manaphy|199\/404|[from] Leech Seed|[of] p2a: Venusaur
|-heal|p2a: Venusaur|364\/364|[silent]
|turn|28
|c|âon that weed-le|you know he has tail glow
|
|move|p1a: Manaphy|Rain Dance|p1a: Manaphy
|-weather|RainDance
|move|p2a: Venusaur|Giga Drain|p1a: Manaphy
|-supereffective|p1a: Manaphy
|-damage|p1a: Manaphy|83\/404
|
|-weather|RainDance|[upkeep]
|-heal|p1a: Manaphy|108\/404|[from] item: Leftovers
|-damage|p1a: Manaphy|58\/404|[from] Leech Seed|[of] p2a: Venusaur
|turn|29
|c|âalb_prova|you know that your venusaur shoul be dead
|
|switch|p2a: Breloom|Breloom, F|262\/262
|move|p1a: Manaphy|Rest|p1a: Manaphy
|-status|p1a: Manaphy|slp
|-heal|p1a: Manaphy|404\/404 slp|[silent]
|-status|p1a: Manaphy|slp|[from] move: Rest
|
|-weather|RainDance|[upkeep]
|-curestatus|p1a: Manaphy|slp
|-damage|p1a: Manaphy|354\/404|[from] Leech Seed|[of] p2a: Breloom
|-status|p2a: Breloom|tox|[from] item: Toxic Orb
|turn|30
|
|move|p1a: Manaphy|Scald|p2a: Breloom
|-crit|p2a: Breloom
|-resisted|p2a: Breloom
|-damage|p2a: Breloom|0 fnt
|faint|p2a: Breloom
|
|-weather|RainDance|[upkeep]
|-heal|p1a: Manaphy|379\/404|[from] item: Leftovers
|c|âon that weed-le|aw lucky son of a bitch
|c|âalb_prova|i miss 2 fire blast
|
|switch|p2a: Skarmory|Skarmory, F|334\/334
|turn|31
|c|âon that weed-le|it doesnt really matter
|c|âalb_prova|2okho
|c|âon that weed-le|i wouldve just sapped ho
|c|âon that weed-le|hp
|c|âon that weed-le|so wouldve been 3hko
|c|âon that weed-le|+synthesis
|
|move|p1a: Manaphy|Scald|p2a: Skarmory
|-activate|p2a: Skarmory|Sturdy
|-damage|p2a: Skarmory|1\/334
|move|p2a: Skarmory|Whirlwind|p1a: Manaphy
|drag|p1a: Tyranitar|Tyranitar, M|404\/404
|-damage|p1a: Tyranitar|354\/404|[from] Stealth Rock
|-weather|Sandstorm
|
|-weather|Sandstorm|[upkeep]
|-heal|p2a: Skarmory|21\/334|[from] item: Leftovers
|turn|32
|
|move|p2a: Skarmory|Roost|p2a: Skarmory
|-heal|p2a: Skarmory|188\/334
|move|p1a: Tyranitar|Superpower|p2a: Skarmory
|-supereffective|p2a: Skarmory
|-damage|p2a: Skarmory|30\/334
|-unboost|p1a: Tyranitar|atk|1
|-unboost|p1a: Tyranitar|def|1
|
|-weather|Sandstorm|[upkeep]
|-heal|p2a: Skarmory|50\/334|[from] item: Leftovers
|turn|33
|
|switch|p1a: Camerupt|Camerupt-Mega, M|109\/331
|-damage|p1a: Camerupt|68\/331|[from] Stealth Rock
|move|p2a: Skarmory|Roost|p2a: Skarmory
|-heal|p2a: Skarmory|217\/334
|
|-weather|Sandstorm|[upkeep]
|-heal|p2a: Skarmory|237\/334|[from] item: Leftovers
|turn|34
|
|move|p2a: Skarmory|Brave Bird|p1a: Camerupt
|-damage|p1a: Camerupt|0 fnt
|-damage|p2a: Skarmory|215\/334|[from] recoil|[of] p1a: Camerupt
|faint|p1a: Camerupt
|
|-weather|Sandstorm|[upkeep]
|-heal|p2a: Skarmory|235\/334|[from] item: Leftovers
|
|switch|p1a: Manaphy|Manaphy|379\/404
|-damage|p1a: Manaphy|329\/404|[from] Stealth Rock
|turn|35
|
|move|p1a: Manaphy|Scald|p2a: Skarmory
|-damage|p2a: Skarmory|115\/334
|move|p2a: Skarmory|Whirlwind|p1a: Manaphy
|drag|p1a: Tyranitar|Tyranitar, M|354\/404
|-damage|p1a: Tyranitar|304\/404|[from] Stealth Rock
|
|-weather|none
|-heal|p2a: Skarmory|135\/334|[from] item: Leftovers
|turn|36
|
|move|p2a: Skarmory|Roost|p2a: Skarmory
|-heal|p2a: Skarmory|302\/334
|move|p1a: Tyranitar|Crunch|p2a: Skarmory
|-damage|p2a: Skarmory|220\/334
|-unboost|p2a: Skarmory|def|1
|
|-heal|p2a: Skarmory|240\/334|[from] item: Leftovers
|turn|37
|
|switch|p2a: Bisharp|Bisharp, F|271\/271
|move|p1a: Tyranitar|Crunch|p2a: Bisharp
|-resisted|p2a: Bisharp
|-damage|p2a: Bisharp|208\/271
|
|turn|38
|
|move|p2a: Bisharp|Iron Head|p1a: Tyranitar
|-supereffective|p1a: Tyranitar
|-damage|p1a: Tyranitar|0 fnt
|-damage|p2a: Bisharp|181\/271|[from] item: Life Orb
|faint|p1a: Tyranitar
|
|
|switch|p1a: Breloom|Breloom, M|323\/323
|-damage|p1a: Breloom|303\/323|[from] Stealth Rock
|turn|39
|
|switch|p2a: Venusaur|Venusaur-Mega, M|364\/364
|move|p1a: Breloom|Mach Punch|p2a: Venusaur
|-resisted|p2a: Venusaur
|-damage|p2a: Venusaur|338\/364
|
|-status|p1a: Breloom|tox|[from] item: Toxic Orb
|turn|40
|
|move|p1a: Breloom|Drain Punch|p2a: Venusaur
|-resisted|p2a: Venusaur
|-damage|p2a: Venusaur|295\/364
|-heal|p1a: Breloom|323\/323 tox|[from] drain|[of] p2a: Venusaur
|move|p2a: Venusaur|Sludge Bomb|p1a: Breloom
|-supereffective|p1a: Breloom
|-damage|p1a: Breloom|0 fnt
|faint|p1a: Breloom
|
|c|âon that weed-le|gg?
|
|switch|p1a: Mandibuzz|Mandibuzz, F|424\/424
|-damage|p1a: Mandibuzz|318\/424|[from] Stealth Rock
|turn|41
|
|switch|p2a: Bisharp|Bisharp, F|181\/271
|move|p1a: Mandibuzz|Brave Bird|p2a: Bisharp
|-resisted|p2a: Bisharp
|-damage|p2a: Bisharp|136\/271
|-damage|p1a: Mandibuzz|303\/424|[from] recoil|[of] p2a: Bisharp
|
|turn|42
|
|move|p2a: Bisharp|Iron Head|p1a: Mandibuzz
|-damage|p1a: Mandibuzz|161\/424
|-damage|p2a: Bisharp|109\/271|[from] item: Life Orb
|move|p1a: Mandibuzz|Roost|p1a: Mandibuzz
|-heal|p1a: Mandibuzz|373\/424
|
|turn|43
|
|switch|p2a: Skarmory|Skarmory, F|240\/334
|move|p1a: Mandibuzz|Roost|p1a: Mandibuzz
|-heal|p1a: Mandibuzz|424\/424
|
|-heal|p2a: Skarmory|260\/334|[from] item: Leftovers
|turn|44
|
|move|p1a: Mandibuzz|Defog|p2a: Skarmory
|-unboost|p2a: Skarmory|evasion|1
|-sideend|p1: alb_prova|Stealth Rock|[from] move: Defog|[of] p1a: Mandibuzz
|move|p2a: Skarmory|Whirlwind|p1a: Mandibuzz
|drag|p1a: Manaphy|Manaphy|329\/404
|
|-heal|p1a: Manaphy|354\/404|[from] item: Leftovers
|-heal|p2a: Skarmory|280\/334|[from] item: Leftovers
|turn|45
|
|move|p1a: Manaphy|Scald|p2a: Skarmory
|-damage|p2a: Skarmory|147\/334
|move|p2a: Skarmory|Whirlwind|p1a: Manaphy
|drag|p1a: Clefable|Clefable, M|394\/394
|
|-heal|p2a: Skarmory|167\/334|[from] item: Leftovers
|turn|46
|
|switch|p2a: Bronzong|Bronzong|209\/338
|move|p1a: Clefable|Flamethrower|p2a: Bronzong
|-supereffective|p2a: Bronzong
|-damage|p2a: Bronzong|97\/338
|
|-heal|p2a: Bronzong|118\/338|[from] item: Leftovers
|turn|47
|
|move|p1a: Clefable|Calm Mind|p1a: Clefable
|-boost|p1a: Clefable|spa|1
|-boost|p1a: Clefable|spd|1
|move|p2a: Bronzong|Stealth Rock|p1a: Clefable
|-sidestart|p1: alb_prova|move: Stealth Rock
|
|-heal|p2a: Bronzong|139\/338|[from] item: Leftovers
|turn|48
|
|move|p1a: Clefable|Flamethrower|p2a: Bronzong
|-supereffective|p2a: Bronzong
|-damage|p2a: Bronzong|0 fnt
|faint|p2a: Bronzong
|
|
|switch|p2a: Venusaur|Venusaur-Mega, M|295\/364
|turn|49
|
|move|p2a: Venusaur|Sludge Bomb|p1a: Clefable
|-supereffective|p1a: Clefable
|-damage|p1a: Clefable|196\/394
|move|p1a: Clefable|Flamethrower|p2a: Venusaur
|-supereffective|p2a: Venusaur
|-damage|p2a: Venusaur|229\/364
|
|-heal|p1a: Clefable|220\/394|[from] item: Leftovers
|turn|50
|
|move|p2a: Venusaur|Sludge Bomb|p1a: Clefable
|-supereffective|p1a: Clefable
|-damage|p1a: Clefable|22\/394
|-status|p1a: Clefable|psn
|move|p1a: Clefable|Calm Mind|p1a: Clefable
|-boost|p1a: Clefable|spa|1
|-boost|p1a: Clefable|spd|1
|
|-heal|p1a: Clefable|46\/394 psn|[from] item: Leftovers
|-damage|p1a: Clefable|0 fnt|[from] psn
|faint|p1a: Clefable
|
|switch|p1a: Mandibuzz|Mandibuzz, F|424\/424
|-damage|p1a: Mandibuzz|318\/424|[from] Stealth Rock
|turn|51
|
|switch|p2a: Bisharp|Bisharp, F|109\/271
|move|p1a: Mandibuzz|Defog|p2a: Bisharp
|-unboost|p2a: Bisharp|evasion|1
|-boost|p2a: Bisharp|atk|2|[from] ability: Defiant
|-sideend|p1: alb_prova|Stealth Rock|[from] move: Defog|[of] p1a: Mandibuzz
|
|turn|52
|
|move|p2a: Bisharp|Iron Head|p1a: Mandibuzz
|-damage|p1a: Mandibuzz|32\/424
|-damage|p2a: Bisharp|82\/271|[from] item: Life Orb
|move|p1a: Mandibuzz|Foul Play|p2a: Bisharp
|-resisted|p2a: Bisharp
|-damage|p2a: Bisharp|0 fnt
|faint|p2a: Bisharp
|
|
|switch|p2a: Venusaur|Venusaur-Mega, M|229\/364
|turn|53
|
|move|p2a: Venusaur|Sludge Bomb|p1a: Mandibuzz
|-damage|p1a: Mandibuzz|0 fnt
|faint|p1a: Mandibuzz
|
|
|switch|p1a: Manaphy|Manaphy|354\/404
|turn|54
|
|move|p1a: Manaphy|Calm Mind|p1a: Manaphy
|-boost|p1a: Manaphy|spa|1
|-boost|p1a: Manaphy|spd|1
|move|p2a: Venusaur|Giga Drain|p1a: Manaphy
|-supereffective|p1a: Manaphy
|-damage|p1a: Manaphy|210\/404
|-heal|p2a: Venusaur|301\/364|[from] drain|[of] p1a: Manaphy
|
|-heal|p1a: Manaphy|235\/404|[from] item: Leftovers
|turn|55
|
|move|p1a: Manaphy|Rain Dance|p1a: Manaphy
|-weather|RainDance
|move|p2a: Venusaur|Giga Drain|p1a: Manaphy
|-supereffective|p1a: Manaphy
|-damage|p1a: Manaphy|77\/404
|-heal|p2a: Venusaur|364\/364|[from] drain|[of] p1a: Manaphy
|
|-weather|RainDance|[upkeep]
|-heal|p1a: Manaphy|102\/404|[from] item: Leftovers
|turn|56
|
|move|p1a: Manaphy|Rest|p1a: Manaphy
|-status|p1a: Manaphy|slp
|-heal|p1a: Manaphy|404\/404 slp|[silent]
|-status|p1a: Manaphy|slp|[from] move: Rest
|move|p2a: Venusaur|Giga Drain|p1a: Manaphy
|-supereffective|p1a: Manaphy
|-damage|p1a: Manaphy|252\/404 slp
|
|-weather|RainDance|[upkeep]
|-curestatus|p1a: Manaphy|slp
|-heal|p1a: Manaphy|277\/404|[from] item: Leftovers
|turn|57
|
|move|p1a: Manaphy|Calm Mind|p1a: Manaphy
|-boost|p1a: Manaphy|spa|1
|-boost|p1a: Manaphy|spd|1
|move|p2a: Venusaur|Giga Drain|p1a: Manaphy
|-supereffective|p1a: Manaphy
|-damage|p1a: Manaphy|167\/404
|
|-weather|RainDance|[upkeep]
|-heal|p1a: Manaphy|192\/404|[from] item: Leftovers
|turn|58
|
|move|p1a: Manaphy|Calm Mind|p1a: Manaphy
|-boost|p1a: Manaphy|spa|1
|-boost|p1a: Manaphy|spd|1
|move|p2a: Venusaur|Giga Drain|p1a: Manaphy
|-supereffective|p1a: Manaphy
|-damage|p1a: Manaphy|102\/404
|
|-weather|RainDance|[upkeep]
|-heal|p1a: Manaphy|127\/404|[from] item: Leftovers
|turn|59
|
|move|p1a: Manaphy|Rest|p1a: Manaphy
|-status|p1a: Manaphy|slp
|-heal|p1a: Manaphy|404\/404 slp|[silent]
|-status|p1a: Manaphy|slp|[from] move: Rest
|move|p2a: Venusaur|Giga Drain|p1a: Manaphy
|-supereffective|p1a: Manaphy
|-damage|p1a: Manaphy|312\/404 slp
|
|-weather|none
|-heal|p1a: Manaphy|337\/404 slp|[from] item: Leftovers
|turn|60
|
|cant|p1a: Manaphy|slp
|move|p2a: Venusaur|Leech Seed|p1a: Manaphy
|-start|p1a: Manaphy|move: Leech Seed
|
|-heal|p1a: Manaphy|362\/404 slp|[from] item: Leftovers
|-damage|p1a: Manaphy|312\/404 slp|[from] Leech Seed|[of] p2a: Venusaur
|turn|61
|
|cant|p1a: Manaphy|slp
|move|p2a: Venusaur|Giga Drain|p1a: Manaphy
|-supereffective|p1a: Manaphy
|-damage|p1a: Manaphy|222\/404 slp
|
|-heal|p1a: Manaphy|247\/404 slp|[from] item: Leftovers
|-damage|p1a: Manaphy|197\/404 slp|[from] Leech Seed|[of] p2a: Venusaur
|turn|62
|c|âon that weed-le|cmon crit
|
|-curestatus|p1a: Manaphy|slp
|move|p1a: Manaphy|Rain Dance|p1a: Manaphy
|-weather|RainDance
|move|p2a: Venusaur|Giga Drain|p1a: Manaphy
|-supereffective|p1a: Manaphy
|-damage|p1a: Manaphy|107\/404
|
|-weather|RainDance|[upkeep]
|-heal|p1a: Manaphy|132\/404|[from] item: Leftovers
|-damage|p1a: Manaphy|82\/404|[from] Leech Seed|[of] p2a: Venusaur
|turn|63
|
|move|p1a: Manaphy|Rest|p1a: Manaphy
|-status|p1a: Manaphy|slp
|-heal|p1a: Manaphy|404\/404 slp|[silent]
|-status|p1a: Manaphy|slp|[from] move: Rest
|move|p2a: Venusaur|Giga Drain|p1a: Manaphy
|-crit|p1a: Manaphy
|-supereffective|p1a: Manaphy
|-damage|p1a: Manaphy|68\/404 slp
|
|-weather|RainDance|[upkeep]
|-curestatus|p1a: Manaphy|slp
|-heal|p1a: Manaphy|93\/404|[from] item: Leftovers
|-damage|p1a: Manaphy|43\/404|[from] Leech Seed|[of] p2a: Venusaur
|turn|64
|c|âon that weed-le|fuck
|
|move|p1a: Manaphy|Rest|p1a: Manaphy
|-status|p1a: Manaphy|slp
|-heal|p1a: Manaphy|404\/404 slp|[silent]
|-status|p1a: Manaphy|slp|[from] move: Rest
|move|p2a: Venusaur|Sludge Bomb|p1a: Manaphy
|-damage|p1a: Manaphy|347\/404 slp
|
|-weather|RainDance|[upkeep]
|-curestatus|p1a: Manaphy|slp
|-heal|p1a: Manaphy|372\/404|[from] item: Leftovers
|-damage|p1a: Manaphy|322\/404|[from] Leech Seed|[of] p2a: Venusaur
|turn|65
|
|move|p1a: Manaphy|Scald|p2a: Venusaur
|-resisted|p2a: Venusaur
|-damage|p2a: Venusaur|251\/364
|-status|p2a: Venusaur|brn
|move|p2a: Venusaur|Giga Drain|p1a: Manaphy
|-supereffective|p1a: Manaphy
|-damage|p1a: Manaphy|238\/404
|-heal|p2a: Venusaur|293\/364 brn|[from] drain|[of] p1a: Manaphy
|
|-weather|RainDance|[upkeep]
|-heal|p1a: Manaphy|263\/404|[from] item: Leftovers
|-damage|p1a: Manaphy|213\/404|[from] Leech Seed|[of] p2a: Venusaur
|-heal|p2a: Venusaur|343\/364 brn|[silent]
|-damage|p2a: Venusaur|298\/364 brn|[from] brn
|turn|66
|
|move|p1a: Manaphy|Calm Mind|p1a: Manaphy
|-boost|p1a: Manaphy|spa|1
|-boost|p1a: Manaphy|spd|1
|move|p2a: Venusaur|Giga Drain|p1a: Manaphy
|-supereffective|p1a: Manaphy
|-damage|p1a: Manaphy|145\/404
|-heal|p2a: Venusaur|332\/364 brn|[from] drain|[of] p1a: Manaphy
|
|-weather|none
|-heal|p1a: Manaphy|170\/404|[from] item: Leftovers
|-damage|p1a: Manaphy|120\/404|[from] Leech Seed|[of] p2a: Venusaur
|-heal|p2a: Venusaur|364\/364 brn|[silent]
|-damage|p2a: Venusaur|319\/364 brn|[from] brn
|turn|67
|
|move|p1a: Manaphy|Rest|p1a: Manaphy
|-status|p1a: Manaphy|slp
|-heal|p1a: Manaphy|404\/404 slp|[silent]
|-status|p1a: Manaphy|slp|[from] move: Rest
|move|p2a: Venusaur|Sludge Bomb|p1a: Manaphy
|-damage|p1a: Manaphy|356\/404 slp
|
|-heal|p1a: Manaphy|381\/404 slp|[from] item: Leftovers
|-damage|p1a: Manaphy|331\/404 slp|[from] Leech Seed|[of] p2a: Venusaur
|-heal|p2a: Venusaur|364\/364 brn|[silent]
|-damage|p2a: Venusaur|319\/364 brn|[from] brn
|turn|68
|
|switch|p2a: Skarmory|Skarmory, F|167\/334
|cant|p1a: Manaphy|slp
|
|-heal|p1a: Manaphy|356\/404 slp|[from] item: Leftovers
|-heal|p2a: Skarmory|187\/334|[from] item: Leftovers
|-damage|p1a: Manaphy|306\/404 slp|[from] Leech Seed|[of] p2a: Skarmory
|-heal|p2a: Skarmory|237\/334|[silent]
|turn|69
|
|cant|p1a: Manaphy|slp
|move|p2a: Skarmory|Brave Bird|p1a: Manaphy
|-damage|p1a: Manaphy|213\/404 slp
|-damage|p2a: Skarmory|206\/334|[from] recoil|[of] p1a: Manaphy
|
|-heal|p1a: Manaphy|238\/404 slp|[from] item: Leftovers
|-heal|p2a: Skarmory|226\/334|[from] item: Leftovers
|-damage|p1a: Manaphy|188\/404 slp|[from] Leech Seed|[of] p2a: Skarmory
|-heal|p2a: Skarmory|276\/334|[silent]
|turn|70
|
|-curestatus|p1a: Manaphy|slp
|move|p1a: Manaphy|Rain Dance|p1a: Manaphy
|-weather|RainDance
|move|p2a: Skarmory|Brave Bird|p1a: Manaphy
|-damage|p1a: Manaphy|103\/404
|-damage|p2a: Skarmory|248\/334|[from] recoil|[of] p1a: Manaphy
|
|-weather|RainDance|[upkeep]
|-heal|p1a: Manaphy|128\/404|[from] item: Leftovers
|-heal|p2a: Skarmory|268\/334|[from] item: Leftovers
|-damage|p1a: Manaphy|78\/404|[from] Leech Seed|[of] p2a: Skarmory
|-heal|p2a: Skarmory|318\/334|[silent]
|turn|71
|
|move|p1a: Manaphy|Scald|p2a: Skarmory
|-damage|p2a: Skarmory|0 fnt
|faint|p2a: Skarmory
|
|-weather|RainDance|[upkeep]
|-heal|p1a: Manaphy|103\/404|[from] item: Leftovers
|
|switch|p2a: Venusaur|Venusaur-Mega, M|319\/364 brn
|turn|72
|
|move|p1a: Manaphy|Rest|p1a: Manaphy
|-status|p1a: Manaphy|slp
|-heal|p1a: Manaphy|404\/404 slp|[silent]
|-status|p1a: Manaphy|slp|[from] move: Rest
|move|p2a: Venusaur|Giga Drain|p1a: Manaphy
|-supereffective|p1a: Manaphy
|-damage|p1a: Manaphy|338\/404 slp
|-heal|p2a: Venusaur|352\/364 brn|[from] drain|[of] p1a: Manaphy
|
|-weather|RainDance|[upkeep]
|-curestatus|p1a: Manaphy|slp
|-heal|p1a: Manaphy|363\/404|[from] item: Leftovers
|-damage|p1a: Manaphy|313\/404|[from] Leech Seed|[of] p2a: Venusaur
|-heal|p2a: Venusaur|364\/364 brn|[silent]
|-damage|p2a: Venusaur|319\/364 brn|[from] brn
|turn|73
|-message|on that weed-le forfeited.
|
|win|alb_prova
|raw|Ladder updating...
|leave|on that weed-le
|player|p2
|raw|alb_prova's rating: 1564 &rarr; <strong>1581<\/strong><br \/>(+17 for winning)
|raw|on that weed-le's rating: 1520 &rarr; <strong>1503<\/strong><br \/>(-17 for losing)
|leave|alb_prova
|player|p1
|join|alb_prova