|join|WECAMEASROMANS
|join|alb_prova
|player|p1|WECAMEASROMANS|2
|player|p2|alb_prova|210
|gametype|singles
|gen|6
|tier|OU
|rated
|clearpoke
|poke|p1|Thundurus, M
|poke|p1|Talonflame, M
|poke|p1|Tyranitar, M
|poke|p1|Excadrill, M
|poke|p1|Altaria, M
|poke|p1|Greninja, M
|poke|p2|Camerupt, M
|poke|p2|Clefable, M
|poke|p2|Chesnaught, F
|poke|p2|Bronzong
|poke|p2|Tentacruel, M
|poke|p2|Tyranitar, M
|rule|Swagger Clause: Swagger is banned
|rule|Baton Pass Clause: Limit one PokÃ©mon knowing Baton Pass
|rule|Sleep Clause Mod: Limit one foe put to sleep
|rule|Species Clause: Limit one of each PokÃ©mon
|rule|OHKO Clause: OHKO moves are banned
|rule|Moody Clause: Moody is banned
|rule|Evasion Moves Clause: Evasion moves are banned
|rule|Endless Battle Clause: Forcing endless battles is banned
|rule|HP Percentage Mod: HP is shown in percentages
|teampreview
|c|âalb_prova|gl hf
|c|âWECAMEASROMANS|you too
|
|start
|switch|p1a: Talonflame|Talonflame, M|297\/297
|switch|p2a: Chesnaught|Chesnaught, F|379\/379
|turn|1
|
|switch|p1a: Greninja|Greninja, M|285\/285
|move|p2a: Chesnaught|Spiky Shield|p2a: Chesnaught
|-fail|p2a: Chesnaught
|
|turn|2
|
|switch|p2a: Tentacruel|Tentacruel, M|364\/364
|move|p1a: Greninja|Ice Beam|p2a: Tentacruel
|-start|p1a: Greninja|typechange|Ice|[from] Protean
|-resisted|p2a: Tentacruel
|-damage|p2a: Tentacruel|304\/364
|-damage|p1a: Greninja|257\/285|[from] item: Life Orb
|
|-heal|p2a: Tentacruel|326\/364|[from] item: Black Sludge
|turn|3
|
|switch|p1a: Tyranitar|Tyranitar, M|404\/404
|-weather|Sandstorm
|move|p2a: Tentacruel|Scald|p1a: Tyranitar
|-supereffective|p1a: Tyranitar
|-damage|p1a: Tyranitar|288\/404
|
|-weather|Sandstorm|[upkeep]
|-damage|p2a: Tentacruel|304\/364|[from] sandstorm
|-heal|p2a: Tentacruel|326\/364|[from] item: Black Sludge
|turn|4
|
|switch|p2a: Chesnaught|Chesnaught, F|379\/379
|move|p1a: Tyranitar|Stone Edge|p2a: Chesnaught
|-resisted|p2a: Chesnaught
|-damage|p2a: Chesnaught|319\/379
|
|-weather|Sandstorm|[upkeep]
|-damage|p2a: Chesnaught|296\/379|[from] sandstorm
|-heal|p2a: Chesnaught|319\/379|[from] item: Leftovers
|turn|5
|
|move|p2a: Chesnaught|Leech Seed|p1a: Tyranitar|[miss]
|-miss|p2a: Chesnaught|p1a: Tyranitar
|move|p1a: Tyranitar|Fire Blast|p2a: Chesnaught
|-crit|p2a: Chesnaught
|-supereffective|p2a: Chesnaught
|-damage|p2a: Chesnaught|0 fnt
|faint|p2a: Chesnaught
|
|-weather|Sandstorm|[upkeep]
|join|Gizmo
|
|switch|p2a: Clefable|Clefable, M|394\/394
|turn|6
|
|switch|p1a: Excadrill|Excadrill, M|361\/361
|move|p2a: Clefable|Moonblast|p1a: Excadrill
|-crit|p1a: Excadrill
|-resisted|p1a: Excadrill
|-damage|p1a: Excadrill|249\/361
|
|-weather|Sandstorm|[upkeep]
|-damage|p2a: Clefable|370\/394|[from] sandstorm
|-heal|p2a: Clefable|394\/394|[from] item: Leftovers
|turn|7
|
|switch|p1a: Talonflame|Talonflame, M|297\/297
|move|p2a: Clefable|Flamethrower|p1a: Talonflame
|-resisted|p1a: Talonflame
|-damage|p1a: Talonflame|253\/297
|
|-weather|Sandstorm|[upkeep]
|-damage|p1a: Talonflame|235\/297|[from] sandstorm
|-damage|p2a: Clefable|370\/394|[from] sandstorm
|-heal|p2a: Clefable|394\/394|[from] item: Leftovers
|turn|8
|
|switch|p2a: Tyranitar|Tyranitar, M|404\/404
|move|p1a: Talonflame|Swords Dance|p1a: Talonflame
|-boost|p1a: Talonflame|atk|2
|
|-weather|Sandstorm|[upkeep]
|-damage|p1a: Talonflame|217\/297|[from] sandstorm
|turn|9
|
|switch|p1a: Excadrill|Excadrill, M|249\/361
|move|p2a: Tyranitar|Stone Edge|p1a: Excadrill
|-resisted|p1a: Excadrill
|-damage|p1a: Excadrill|189\/361
|
|-weather|Sandstorm|[upkeep]
|turn|10
|
|switch|p1a: Tyranitar|Tyranitar, M|288\/404
|switch|p2a: Bronzong|Bronzong|338\/338
|
|-weather|none
|turn|11
|
|switch|p2a: Clefable|Clefable, M|394\/394
|move|p1a: Tyranitar|Stealth Rock|p2a: Clefable
|-sidestart|p2: alb_prova|move: Stealth Rock
|
|turn|12
|
|switch|p1a: Talonflame|Talonflame, M|217\/297
|move|p2a: Clefable|Flamethrower|p1a: Talonflame
|-resisted|p1a: Talonflame
|-damage|p1a: Talonflame|169\/297
|
|turn|13
|
|switch|p2a: Tyranitar|Tyranitar, M|404\/404
|-damage|p2a: Tyranitar|354\/404|[from] Stealth Rock
|-weather|Sandstorm
|move|p1a: Talonflame|Roost|p1a: Talonflame
|-heal|p1a: Talonflame|297\/297
|
|-weather|Sandstorm|[upkeep]
|-damage|p1a: Talonflame|279\/297|[from] sandstorm
|turn|14
|join|Henry
|
|move|p2a: Tyranitar|Pursuit|p1a: Talonflame|[from]Pursuit
|-damage|p1a: Talonflame|116\/297
|switch|p1a: Tyranitar|Tyranitar, M|288\/404
|
|-weather|Sandstorm|[upkeep]
|turn|15
|
|switch|p2a: Clefable|Clefable, M|394\/394
|-damage|p2a: Clefable|345\/394|[from] Stealth Rock
|move|p1a: Tyranitar|Stone Edge|p2a: Clefable|[miss]
|-miss|p1a: Tyranitar|p2a: Clefable
|
|-weather|Sandstorm|[upkeep]
|-damage|p2a: Clefable|321\/394|[from] sandstorm
|-heal|p2a: Clefable|345\/394|[from] item: Leftovers
|turn|16
|
|switch|p2a: Camerupt|Camerupt, M|344\/344
|-damage|p2a: Camerupt|301\/344|[from] Stealth Rock
|switch|p1a: Talonflame|Talonflame, M|116\/297
|
|-weather|Sandstorm|[upkeep]
|-damage|p1a: Talonflame|98\/297|[from] sandstorm
|turn|17
|
|switch|p1a: Altaria|Altaria, M|354\/354
|detailschange|p2a: Camerupt|Camerupt-Mega, M
|message|Camerupt has Mega Evolved into Mega Camerupt!
|move|p2a: Camerupt|Stealth Rock|p1a: Altaria
|-sidestart|p1: WECAMEASROMANS|move: Stealth Rock
|
|-weather|none
|turn|18
|
|switch|p1a: Excadrill|Excadrill, M|189\/361
|-damage|p1a: Excadrill|178\/361|[from] Stealth Rock
|switch|p2a: Tentacruel|Tentacruel, M|326\/364
|-damage|p2a: Tentacruel|281\/364|[from] Stealth Rock
|
|-heal|p2a: Tentacruel|303\/364|[from] item: Black Sludge
|turn|19
|
|switch|p2a: Bronzong|Bronzong|338\/338
|-damage|p2a: Bronzong|317\/338|[from] Stealth Rock
|move|p1a: Excadrill|Earthquake|p2a: Bronzong
|-immune|p2a: Bronzong|[msg]
|
|-heal|p2a: Bronzong|338\/338|[from] item: Leftovers
|turn|20
|join|p0k3m3n
|leave|p0k3m3n
|
|move|p1a: Excadrill|Rapid Spin|p2a: Bronzong
|-resisted|p2a: Bronzong
|-damage|p2a: Bronzong|325\/338
|-sideend|p1: WECAMEASROMANS|Stealth Rock|[from] move: Rapid Spin|[of] p1a: Excadrill
|-damage|p1a: Excadrill|142\/361|[from] item: Life Orb
|move|p2a: Bronzong|Trick Room|p2a: Bronzong
|-fieldstart|move: Trick Room|[of] p2a: Bronzong
|
|-heal|p2a: Bronzong|338\/338|[from] item: Leftovers
|turn|21
|join|p0k3m3n
|leave|p0k3m3n
|
|switch|p1a: Talonflame|Talonflame, M|98\/297
|move|p2a: Bronzong|Gyro Ball|p1a: Talonflame
|-resisted|p1a: Talonflame
|-damage|p1a: Talonflame|3\/297
|
|turn|22
|join|p0k3m3n
|
|move|p1a: Talonflame|Roost|p1a: Talonflame
|-heal|p1a: Talonflame|152\/297
|move|p2a: Bronzong|Gyro Ball|p1a: Talonflame
|-resisted|p1a: Talonflame
|-damage|p1a: Talonflame|55\/297
|
|turn|23
|leave|p0k3m3n
|
|switch|p2a: Tyranitar|Tyranitar, M|354\/404
|-damage|p2a: Tyranitar|304\/404|[from] Stealth Rock
|-weather|Sandstorm
|switch|p1a: Thundurus|Thundurus, M|299\/299
|
|-weather|Sandstorm|[upkeep]
|-damage|p1a: Thundurus|281\/299|[from] sandstorm
|turn|24
|
|switch|p1a: Excadrill|Excadrill, M|142\/361
|move|p2a: Tyranitar|Crunch|p1a: Excadrill
|-damage|p1a: Excadrill|0 fnt
|faint|p1a: Excadrill
|
|-weather|Sandstorm|[upkeep]
|-fieldend|move: Trick Room
|
|switch|p1a: Altaria|Altaria, M|354\/354
|turn|25
|
|switch|p2a: Tentacruel|Tentacruel, M|303\/364
|-damage|p2a: Tentacruel|258\/364|[from] Stealth Rock
|move|p1a: Altaria|Dragon Dance|p1a: Altaria
|-boost|p1a: Altaria|atk|1
|-boost|p1a: Altaria|spe|1
|
|-weather|Sandstorm|[upkeep]
|-damage|p1a: Altaria|332\/354|[from] sandstorm
|-damage|p2a: Tentacruel|236\/364|[from] sandstorm
|-heal|p2a: Tentacruel|258\/364|[from] item: Black Sludge
|turn|26
|
|detailschange|p1a: Altaria|Altaria-Mega, M
|message|Altaria has Mega Evolved into Mega Altaria!
|move|p1a: Altaria|Substitute|p1a: Altaria
|-start|p1a: Altaria|Substitute
|-damage|p1a: Altaria|244\/354
|move|p2a: Tentacruel|Rapid Spin|p1a: Altaria
|-activate|p1a: Altaria|Substitute|[damage]
|-sideend|p2: alb_prova|Stealth Rock|[from] move: Rapid Spin|[of] p2a: Tentacruel
|
|-weather|Sandstorm|[upkeep]
|-damage|p1a: Altaria|222\/354|[from] sandstorm
|-damage|p2a: Tentacruel|236\/364|[from] sandstorm
|-heal|p2a: Tentacruel|258\/364|[from] item: Black Sludge
|turn|27
|
|move|p1a: Altaria|Dragon Dance|p1a: Altaria
|-boost|p1a: Altaria|atk|1
|-boost|p1a: Altaria|spe|1
|move|p2a: Tentacruel|Acid Spray|p1a: Altaria
|-crit|p1a: Altaria
|-supereffective|p1a: Altaria
|-end|p1a: Altaria|Substitute
|
|-weather|none
|-heal|p2a: Tentacruel|280\/364|[from] item: Black Sludge
|turn|28
|
|move|p1a: Altaria|Return|p2a: Tentacruel
|-crit|p2a: Tentacruel
|-resisted|p2a: Tentacruel
|-damage|p2a: Tentacruel|0 fnt
|faint|p2a: Tentacruel
|
|
|switch|p2a: Clefable|Clefable, M|345\/394
|turn|29
|
|move|p1a: Altaria|Return|p2a: Clefable
|-damage|p2a: Clefable|168\/394
|move|p2a: Clefable|Moonblast|p1a: Altaria
|-supereffective|p1a: Altaria
|-damage|p1a: Altaria|28\/354
|-unboost|p1a: Altaria|spa|1
|
|-heal|p2a: Clefable|192\/394|[from] item: Leftovers
|turn|30
|
|move|p1a: Altaria|Roost|p1a: Altaria
|-heal|p1a: Altaria|205\/354
|move|p2a: Clefable|Moonblast|p1a: Altaria
|-supereffective|p1a: Altaria
|-damage|p1a: Altaria|5\/354
|
|-heal|p2a: Clefable|216\/394|[from] item: Leftovers
|turn|31
|
|switch|p1a: Tyranitar|Tyranitar, M|288\/404
|-weather|Sandstorm
|move|p2a: Clefable|Moonblast|p1a: Tyranitar
|-supereffective|p1a: Tyranitar
|-damage|p1a: Tyranitar|150\/404
|-unboost|p1a: Tyranitar|spa|1
|
|-weather|Sandstorm|[upkeep]
|-damage|p2a: Clefable|192\/394|[from] sandstorm
|-heal|p2a: Clefable|216\/394|[from] item: Leftovers
|turn|32
|
|switch|p2a: Tyranitar|Tyranitar, M|304\/404
|move|p1a: Tyranitar|Stealth Rock|p2a: Tyranitar
|-sidestart|p2: alb_prova|move: Stealth Rock
|
|-weather|Sandstorm|[upkeep]
|turn|33
|
|move|p2a: Tyranitar|Earthquake|p1a: Tyranitar
|-supereffective|p1a: Tyranitar
|-damage|p1a: Tyranitar|0 fnt
|faint|p1a: Tyranitar
|
|-weather|Sandstorm|[upkeep]
|
|switch|p1a: Thundurus|Thundurus, M|281\/299
|turn|34
|
|move|p1a: Thundurus|Focus Blast|p2a: Tyranitar
|-supereffective|p2a: Tyranitar
|-damage|p2a: Tyranitar|0 fnt
|-damage|p1a: Thundurus|252\/299|[from] item: Life Orb
|faint|p2a: Tyranitar
|
|-weather|Sandstorm|[upkeep]
|-damage|p1a: Thundurus|234\/299|[from] sandstorm
|
|switch|p2a: Camerupt|Camerupt-Mega, M|301\/344
|-damage|p2a: Camerupt|258\/344|[from] Stealth Rock
|turn|35
|
|move|p1a: Thundurus|Focus Blast|p2a: Camerupt|[miss]
|-miss|p1a: Thundurus|p2a: Camerupt
|move|p2a: Camerupt|Stealth Rock|p1a: Thundurus
|-sidestart|p1: WECAMEASROMANS|move: Stealth Rock
|
|-weather|Sandstorm|[upkeep]
|-damage|p1a: Thundurus|216\/299|[from] sandstorm
|turn|36
|join|davilaivancarlos2
|
|move|p1a: Thundurus|Focus Blast|p2a: Camerupt
|-damage|p2a: Camerupt|89\/344
|-damage|p1a: Thundurus|187\/299|[from] item: Life Orb
|move|p2a: Camerupt|Fire Blast|p1a: Thundurus
|-damage|p1a: Thundurus|0 fnt
|faint|p1a: Thundurus
|
|-weather|Sandstorm|[upkeep]
|
|switch|p1a: Greninja|Greninja, M|257\/285
|-damage|p1a: Greninja|222\/285|[from] Stealth Rock
|turn|37
|
|move|p1a: Greninja|Ice Beam|p2a: Camerupt
|-start|p1a: Greninja|typechange|Ice|[from] Protean
|-damage|p2a: Camerupt|0 fnt
|-damage|p1a: Greninja|194\/285|[from] item: Life Orb
|faint|p2a: Camerupt
|
|-weather|Sandstorm|[upkeep]
|-damage|p1a: Greninja|177\/285|[from] sandstorm
|
|switch|p2a: Bronzong|Bronzong|338\/338
|-damage|p2a: Bronzong|317\/338|[from] Stealth Rock
|turn|38
|
|move|p1a: Greninja|Dark Pulse|p2a: Bronzong
|-start|p1a: Greninja|typechange|Dark|[from] Protean
|-supereffective|p2a: Bronzong
|-damage|p2a: Bronzong|60\/338
|-damage|p1a: Greninja|149\/285|[from] item: Life Orb
|move|p2a: Bronzong|Trick Room|p2a: Bronzong
|-fieldstart|move: Trick Room|[of] p2a: Bronzong
|
|-weather|none
|-heal|p2a: Bronzong|81\/338|[from] item: Leftovers
|turn|39
|
|switch|p1a: Altaria|Altaria-Mega, M|5\/354
|-damage|p1a: Altaria|0 fnt|[from] Stealth Rock
|faint|p1a: Altaria
|move|p2a: Bronzong|Gyro Ball|p1: Altaria|[notarget]
|-notarget
|
|-heal|p2a: Bronzong|102\/338|[from] item: Leftovers
|
|switch|p1a: Talonflame|Talonflame, M|55\/297
|-damage|p1a: Talonflame|0 fnt|[from] Stealth Rock
|faint|p1a: Talonflame
|
|switch|p1a: Greninja|Greninja, M|149\/285
|-damage|p1a: Greninja|114\/285|[from] Stealth Rock
|turn|40
|
|move|p2a: Bronzong|Explosion|p1a: Greninja
|-damage|p1a: Greninja|0 fnt
|faint|p2a: Bronzong
|faint|p1a: Greninja
|
|win|alb_prova
|raw|Ladder updating...
|raw|WECAMEASROMANS's rating: 1518 &rarr; <strong>1492<\/strong><br \/>(-26 for losing)
|raw|alb_prova's rating: 1413 &rarr; <strong>1438<\/strong><br \/>(+25 for winning)
|leave|WECAMEASROMANS
|player|p1
|c|âalb_prova|gg
|leave|Henry
|leave|davilaivancarlos2