|join|alb_prova
|join|Cereal Kill3r
|player|p1|alb_prova|210
|player|p2|Cereal Kill3r|45
|gametype|singles
|gen|6
|tier|OU
|rated
|clearpoke
|poke|p1|Jirachi
|poke|p1|Azumarill, F
|poke|p1|Poliwrath, M
|poke|p1|Heracross, F
|poke|p1|Raikou
|poke|p1|Avalugg, F
|poke|p2|Manectric, M
|poke|p2|Landorus-Therian, M
|poke|p2|Clefable, F
|poke|p2|Latios, M
|poke|p2|Celebi
|poke|p2|Keldeo
|rule|Swagger Clause: Swagger is banned
|rule|Baton Pass Clause: Limit one PokÃ©mon knowing Baton Pass
|rule|Sleep Clause Mod: Limit one foe put to sleep
|rule|Species Clause: Limit one of each PokÃ©mon
|rule|OHKO Clause: OHKO moves are banned
|rule|Moody Clause: Moody is banned
|rule|Evasion Moves Clause: Evasion moves are banned
|rule|Endless Battle Clause: Forcing endless battles is banned
|rule|HP Percentage Mod: HP is shown in percentages
|teampreview
|
|start
|switch|p1a: Wrongtoad|Poliwrath, M|384\/384
|switch|p2a: Manectric|Manectric, M|281\/281
|turn|1
|
|switch|p1a: Raikou|Raikou|321\/321
|-ability|p1a: Raikou|Pressure
|detailschange|p2a: Manectric|Manectric-Mega, M
|message|Manectric has Mega Evolved into Mega Manectric!
|-ability|p2a: Manectric|Intimidate|[of] p1a: Raikou
|-unboost|p1a: Raikou|atk|1
|move|p2a: Manectric|Thunderbolt|p1a: Raikou
|-resisted|p1a: Raikou
|-damage|p1a: Raikou|267\/321
|
|turn|2
|
|move|p2a: Manectric|Volt Switch|p1a: Raikou
|-resisted|p1a: Raikou
|-damage|p1a: Raikou|222\/321
|
|switch|p2a: Landorus-Therian|Landorus-Therian, M|320\/320
|-ability|p2a: Landorus-Therian|Intimidate|[of] p1a: Raikou
|-unboost|p1a: Raikou|atk|1
|move|p1a: Raikou|Hidden Power|p2a: Landorus-Therian
|-supereffective|p2a: Landorus-Therian
|-damage|p2a: Landorus-Therian|0 fnt
|faint|p2a: Landorus-Therian
|
|
|switch|p2a: Keldeo|Keldeo|323\/323
|turn|3
|
|move|p1a: Raikou|Thunderbolt|p2a: Keldeo
|-supereffective|p2a: Keldeo
|-damage|p2a: Keldeo|0 fnt
|faint|p2a: Keldeo
|
|
|switch|p2a: Clefable|Clefable, F|394\/394
|turn|4
|
|move|p1a: Raikou|Volt Switch|p2a: Clefable
|-damage|p2a: Clefable|270\/394
|
|switch|p1a: Nano malefico|Jirachi|404\/404
|move|p2a: Clefable|Calm Mind|p2a: Clefable
|-boost|p2a: Clefable|spa|1
|-boost|p2a: Clefable|spd|1
|
|-heal|p2a: Clefable|294\/394|[from] item: Leftovers
|turn|5
|
|move|p1a: Nano malefico|Iron Head|p2a: Clefable
|-supereffective|p2a: Clefable
|-damage|p2a: Clefable|142\/394
|cant|p2a: Clefable|flinch
|
|-heal|p2a: Clefable|166\/394|[from] item: Leftovers
|turn|6
|
|move|p1a: Nano malefico|Iron Head|p2a: Clefable
|-supereffective|p2a: Clefable
|-damage|p2a: Clefable|10\/394
|cant|p2a: Clefable|flinch
|
|-heal|p2a: Clefable|34\/394|[from] item: Leftovers
|turn|7
|c|âCereal Kill3r|bye
|c|âCereal Kill3r|fag
|-message|Cereal Kill3r forfeited.
|
|win|alb_prova
|raw|Ladder updating...
|leave|Cereal Kill3r
|player|p2
|raw|alb_prova's rating: 1570 &rarr; <strong>1588<\/strong><br \/>(+18 for winning)
|raw|Cereal Kill3r's rating: 1534 &rarr; <strong>1516<\/strong><br \/>(-18 for losing)