|join|alb_prova
|join|magnus cracksen
|player|p1|alb_prova|210
|player|p2|magnus cracksen|2
|gametype|singles
|gen|6
|tier|OU
|rated
|clearpoke
|poke|p1|Jirachi
|poke|p1|Azumarill, F
|poke|p1|Poliwrath, F
|poke|p1|Heracross, M
|poke|p1|Raikou
|poke|p1|Avalugg, F
|poke|p2|Blissey, F
|poke|p2|Slowbro, F
|poke|p2|Manectric, F
|poke|p2|Landorus-Therian, M
|poke|p2|Keldeo
|poke|p2|Talonflame, F
|rule|Swagger Clause: Swagger is banned
|rule|Baton Pass Clause: Limit one PokÃ©mon knowing Baton Pass
|rule|Sleep Clause Mod: Limit one foe put to sleep
|rule|Species Clause: Limit one of each PokÃ©mon
|rule|OHKO Clause: OHKO moves are banned
|rule|Moody Clause: Moody is banned
|rule|Evasion Moves Clause: Evasion moves are banned
|rule|Endless Battle Clause: Forcing endless battles is banned
|rule|HP Percentage Mod: HP is shown in percentages
|teampreview
|c|âalb_prova|gl hf
|
|start
|switch|p1a: Wrongtoad|Poliwrath, F|384\/384
|switch|p2a: Manectric|Manectric, F|281\/281
|turn|1
|c|âmagnus cracksen|u2
|c|âmagnus cracksen|:)
|
|switch|p1a: Nano malefico|Jirachi|404\/404
|detailschange|p2a: Manectric|Manectric-Mega, F
|message|Manectric has Mega Evolved into Mega Manectric!
|-ability|p2a: Manectric|Intimidate|[of] p1a: Nano malefico
|-unboost|p1a: Nano malefico|atk|1
|move|p2a: Manectric|Volt Switch|p1a: Nano malefico
|-damage|p1a: Nano malefico|316\/404
|
|switch|p2a: Talonflame|Talonflame, F|297\/297
|
|-heal|p1a: Nano malefico|341\/404|[from] item: Leftovers
|turn|2
|
|switch|p1a: Azumarill|Azumarill, F|401\/401
|move|p2a: Talonflame|U-turn|p1a: Azumarill
|-resisted|p1a: Azumarill
|-damage|p1a: Azumarill|343\/401
|
|switch|p2a: Manectric|Manectric-Mega, F|281\/281
|-ability|p2a: Manectric|Intimidate|[of] p1a: Azumarill
|-unboost|p1a: Azumarill|atk|1
|
|turn|3
|
|move|p2a: Manectric|Thunderbolt|p1a: Azumarill
|-supereffective|p1a: Azumarill
|-damage|p1a: Azumarill|67\/401
|move|p1a: Azumarill|Play Rough|p2a: Manectric
|-damage|p2a: Manectric|113\/281
|
|turn|4
|
|switch|p1a: Raikou|Raikou|321\/321
|-ability|p1a: Raikou|Pressure
|move|p2a: Manectric|Volt Switch|p1a: Raikou
|-resisted|p1a: Raikou
|-damage|p1a: Raikou|276\/321
|
|switch|p2a: Blissey|Blissey, F|714\/714
|
|turn|5
|
|move|p1a: Raikou|Volt Switch|p2a: Blissey
|-crit|p2a: Blissey
|-damage|p2a: Blissey|609\/714
|
|switch|p1a: Azumarill|Azumarill, F|67\/401
|move|p2a: Blissey|Toxic|p1a: Azumarill
|-status|p1a: Azumarill|tox
|
|-heal|p2a: Blissey|653\/714|[from] item: Leftovers
|-damage|p1a: Azumarill|42\/401 tox|[from] psn
|turn|6
|
|move|p2a: Blissey|Protect|p2a: Blissey
|-singleturn|p2a: Blissey|Protect
|move|p1a: Azumarill|Knock Off|p2a: Blissey
|-activate|p2a: Blissey|Protect
|
|-heal|p2a: Blissey|697\/714|[from] item: Leftovers
|-damage|p1a: Azumarill|0 fnt|[from] psn
|faint|p1a: Azumarill
|
|switch|p1a: Heracross|Heracross, M|309\/309
|turn|7
|
|switch|p2a: Landorus-Therian|Landorus-Therian, M|320\/320
|-ability|p2a: Landorus-Therian|Intimidate|[of] p1a: Heracross
|-unboost|p1a: Heracross|atk|1
|detailschange|p1a: Heracross|Heracross-Mega, M
|message|Heracross has Mega Evolved into Mega Heracross!
|move|p1a: Heracross|Close Combat|p2a: Landorus-Therian
|-resisted|p2a: Landorus-Therian
|-damage|p2a: Landorus-Therian|212\/320
|-unboost|p1a: Heracross|def|1
|-unboost|p1a: Heracross|spd|1
|
|turn|8
|
|switch|p1a: Piroetta|Avalugg, F|394\/394
|move|p2a: Landorus-Therian|U-turn|p1a: Piroetta
|-crit|p1a: Piroetta
|-damage|p1a: Piroetta|316\/394
|
|switch|p2a: Manectric|Manectric-Mega, F|113\/281
|-ability|p2a: Manectric|Intimidate|[of] p1a: Piroetta
|-unboost|p1a: Piroetta|atk|1
|
|-heal|p1a: Piroetta|340\/394|[from] item: Leftovers
|turn|9
|
|move|p2a: Manectric|Overheat|p1a: Piroetta
|-supereffective|p1a: Piroetta
|-damage|p1a: Piroetta|10\/394
|-unboost|p2a: Manectric|spa|2
|move|p1a: Piroetta|Avalanche|p2a: Manectric
|-damage|p2a: Manectric|0 fnt
|faint|p2a: Manectric
|
|-heal|p1a: Piroetta|34\/394|[from] item: Leftovers
|
|switch|p2a: Landorus-Therian|Landorus-Therian, M|212\/320
|-ability|p2a: Landorus-Therian|Intimidate|[of] p1a: Piroetta
|-unboost|p1a: Piroetta|atk|1
|turn|10
|
|move|p2a: Landorus-Therian|U-turn|p1a: Piroetta
|-damage|p1a: Piroetta|0 fnt
|faint|p1a: Piroetta
|
|switch|p2a: Slowbro|Slowbro, F|394\/394
|
|
|switch|p1a: Raikou|Raikou|276\/321
|-ability|p1a: Raikou|Pressure
|turn|11
|
|switch|p2a: Blissey|Blissey, F|697\/714
|move|p1a: Raikou|Shadow Ball|p2a: Blissey
|-immune|p2a: Blissey|[msg]
|
|-heal|p2a: Blissey|714\/714|[from] item: Leftovers
|turn|12
|
|move|p1a: Raikou|Volt Switch|p2a: Blissey
|-damage|p2a: Blissey|651\/714
|
|switch|p1a: Nano malefico|Jirachi|341\/404
|move|p2a: Blissey|Wish|p2a: Blissey
|
|-heal|p1a: Nano malefico|366\/404|[from] item: Leftovers
|-heal|p2a: Blissey|695\/714|[from] item: Leftovers
|turn|13
|
|switch|p2a: Slowbro|Slowbro, F|394\/394
|move|p1a: Nano malefico|Body Slam|p2a: Slowbro
|-damage|p2a: Slowbro|349\/394
|
|-heal|p2a: Slowbro|394\/394|[from] move: Wish|[wisher] Blissey
|-heal|p1a: Nano malefico|391\/404|[from] item: Leftovers
|turn|14
|
|move|p1a: Nano malefico|Stealth Rock|p2a: Slowbro
|-sidestart|p2: magnus cracksen|move: Stealth Rock
|move|p2a: Slowbro|Fire Blast|p1a: Nano malefico
|-supereffective|p1a: Nano malefico
|-damage|p1a: Nano malefico|265\/404
|
|-heal|p1a: Nano malefico|290\/404|[from] item: Leftovers
|turn|15
|
|switch|p1a: Raikou|Raikou|276\/321
|-ability|p1a: Raikou|Pressure
|move|p2a: Slowbro|Scald|p1a: Raikou
|-damage|p1a: Raikou|212\/321
|
|turn|16
|
|switch|p2a: Landorus-Therian|Landorus-Therian, M|212\/320
|-damage|p2a: Landorus-Therian|172\/320|[from] Stealth Rock
|-ability|p2a: Landorus-Therian|Intimidate|[of] p1a: Raikou
|-unboost|p1a: Raikou|atk|1
|move|p1a: Raikou|Volt Switch|p2a: Landorus-Therian
|-immune|p2a: Landorus-Therian|[msg]
|
|turn|17
|
|switch|p1a: Wrongtoad|Poliwrath, F|384\/384
|move|p2a: Landorus-Therian|Earthquake|p1a: Wrongtoad
|-damage|p1a: Wrongtoad|231\/384
|
|-heal|p1a: Wrongtoad|255\/384|[from] item: Leftovers
|turn|18
|
|switch|p2a: Slowbro|Slowbro, F|394\/394
|-damage|p2a: Slowbro|345\/394|[from] Stealth Rock
|move|p1a: Wrongtoad|Scald|p2a: Slowbro
|-resisted|p2a: Slowbro
|-damage|p2a: Slowbro|305\/394
|
|-heal|p1a: Wrongtoad|279\/384|[from] item: Leftovers
|-heal|p2a: Slowbro|329\/394|[from] item: Leftovers
|turn|19
|
|move|p2a: Slowbro|Psyshock|p1a: Wrongtoad
|-crit|p1a: Wrongtoad
|-supereffective|p1a: Wrongtoad
|-damage|p1a: Wrongtoad|67\/384
|move|p1a: Wrongtoad|Circle Throw|p2a: Slowbro
|-resisted|p2a: Slowbro
|-damage|p2a: Slowbro|308\/394
|drag|p2a: Landorus-Therian|Landorus-Therian, M|172\/320
|-damage|p2a: Landorus-Therian|132\/320|[from] Stealth Rock
|-ability|p2a: Landorus-Therian|Intimidate|[of] p1a: Wrongtoad
|-unboost|p1a: Wrongtoad|atk|1
|
|-heal|p1a: Wrongtoad|91\/384|[from] item: Leftovers
|turn|20
|
|move|p2a: Landorus-Therian|Earthquake|p1a: Wrongtoad
|-damage|p1a: Wrongtoad|0 fnt
|faint|p1a: Wrongtoad
|
|
|switch|p1a: Heracross|Heracross-Mega, M|309\/309
|turn|21
|
|switch|p2a: Keldeo|Keldeo|323\/323
|-damage|p2a: Keldeo|303\/323|[from] Stealth Rock
|move|p1a: Heracross|Bullet Seed|p2a: Keldeo
|-supereffective|p2a: Keldeo
|-damage|p2a: Keldeo|211\/323
|-supereffective|p2a: Keldeo
|-damage|p2a: Keldeo|131\/323
|-crit|p2a: Keldeo
|-supereffective|p2a: Keldeo
|-damage|p2a: Keldeo|1\/323
|-supereffective|p2a: Keldeo
|-damage|p2a: Keldeo|0 fnt
|-hitcount|p2a: Keldeo|4
|faint|p2a: Keldeo
|
|
|switch|p2a: Talonflame|Talonflame, F|297\/297
|-damage|p2a: Talonflame|149\/297|[from] Stealth Rock
|turn|22
|
|switch|p1a: Nano malefico|Jirachi|290\/404
|move|p2a: Talonflame|Flare Blitz|p1a: Nano malefico
|-supereffective|p1a: Nano malefico
|-damage|p1a: Nano malefico|0 fnt
|-damage|p2a: Talonflame|53\/297|[from] recoil|[of] p1a: Nano malefico
|faint|p1a: Nano malefico
|
|
|switch|p1a: Raikou|Raikou|212\/321
|-ability|p1a: Raikou|Pressure
|turn|23
|
|move|p1a: Raikou|Volt Switch|p2a: Talonflame
|-supereffective|p2a: Talonflame
|-damage|p2a: Talonflame|0 fnt
|faint|p2a: Talonflame
|
|switch|p1a: Heracross|Heracross-Mega, M|309\/309
|
|
|switch|p2a: Landorus-Therian|Landorus-Therian, M|132\/320
|-damage|p2a: Landorus-Therian|92\/320|[from] Stealth Rock
|-ability|p2a: Landorus-Therian|Intimidate|[of] p1a: Heracross
|-unboost|p1a: Heracross|atk|1
|turn|24
|
|move|p2a: Landorus-Therian|U-turn|p1a: Heracross
|-resisted|p1a: Heracross
|-damage|p1a: Heracross|271\/309
|
|switch|p2a: Blissey|Blissey, F|695\/714
|-damage|p2a: Blissey|606\/714|[from] Stealth Rock
|move|p1a: Heracross|Bullet Seed|p2a: Blissey
|-damage|p2a: Blissey|493\/714
|-damage|p2a: Blissey|392\/714
|-damage|p2a: Blissey|283\/714
|-damage|p2a: Blissey|182\/714
|-crit|p2a: Blissey
|-damage|p2a: Blissey|0 fnt
|-hitcount|p2a: Blissey|5
|faint|p2a: Blissey
|
|
|switch|p2a: Slowbro|Slowbro, F|394\/394
|-damage|p2a: Slowbro|345\/394|[from] Stealth Rock
|turn|25
|
|switch|p1a: Raikou|Raikou|212\/321
|-ability|p1a: Raikou|Pressure
|move|p2a: Slowbro|Psyshock|p1a: Raikou
|-damage|p1a: Raikou|88\/321
|
|-heal|p2a: Slowbro|369\/394|[from] item: Leftovers
|turn|26
|
|move|p1a: Raikou|Shadow Ball|p2a: Slowbro
|-supereffective|p2a: Slowbro
|-damage|p2a: Slowbro|145\/394
|move|p2a: Slowbro|Psyshock|p1a: Raikou
|-damage|p1a: Raikou|0 fnt
|faint|p1a: Raikou
|
|-heal|p2a: Slowbro|169\/394|[from] item: Leftovers
|
|switch|p1a: Heracross|Heracross-Mega, M|271\/309
|turn|27
|
|switch|p2a: Landorus-Therian|Landorus-Therian, M|92\/320
|-damage|p2a: Landorus-Therian|52\/320|[from] Stealth Rock
|-ability|p2a: Landorus-Therian|Intimidate|[of] p1a: Heracross
|-unboost|p1a: Heracross|atk|1
|move|p1a: Heracross|Bullet Seed|p2a: Landorus-Therian
|-damage|p2a: Landorus-Therian|25\/320
|-damage|p2a: Landorus-Therian|0 fnt
|-hitcount|p2a: Landorus-Therian|2
|faint|p2a: Landorus-Therian
|
|
|switch|p2a: Slowbro|Slowbro, F|300\/394
|-damage|p2a: Slowbro|251\/394|[from] Stealth Rock
|turn|28
|
|move|p1a: Heracross|Pin Missile|p2a: Slowbro
|-supereffective|p2a: Slowbro
|-damage|p2a: Slowbro|197\/394
|-supereffective|p2a: Slowbro
|-damage|p2a: Slowbro|141\/394
|-supereffective|p2a: Slowbro
|-damage|p2a: Slowbro|85\/394
|-supereffective|p2a: Slowbro
|-damage|p2a: Slowbro|35\/394
|-supereffective|p2a: Slowbro
|-damage|p2a: Slowbro|0 fnt
|-hitcount|p2a: Slowbro|5
|faint|p2a: Slowbro
|
|win|alb_prova
|raw|Ladder updating...
|raw|alb_prova's rating: 1568 &rarr; <strong>1586<\/strong><br \/>(+18 for winning)
|raw|magnus cracksen's rating: 1529 &rarr; <strong>1511<\/strong><br \/>(-18 for losing)
|leave|magnus cracksen
|player|p2