|join|Alb_prova
|join|MasterTroll
|player|p1|Alb_prova|210
|player|p2|MasterTroll|15
|gametype|singles
|gen|6
|tier|OU
|rated
|clearpoke
|poke|p1|Azumarill, M
|poke|p1|Poliwrath, M
|poke|p1|Heracross, F
|poke|p1|Rhyperior, F
|poke|p1|Latias, F
|poke|p1|Jirachi
|poke|p2|Talonflame, F
|poke|p2|Dugtrio, M
|poke|p2|Pinsir, M
|poke|p2|Rotom-Wash
|poke|p2|Greninja, M
|poke|p2|Excadrill, M
|rule|Swagger Clause: Swagger is banned
|rule|Baton Pass Clause: Limit one PokÃ©mon knowing Baton Pass
|rule|Sleep Clause Mod: Limit one foe put to sleep
|rule|Species Clause: Limit one of each PokÃ©mon
|rule|OHKO Clause: OHKO moves are banned
|rule|Moody Clause: Moody is banned
|rule|Evasion Moves Clause: Evasion moves are banned
|rule|Endless Battle Clause: Forcing endless battles is banned
|rule|HP Percentage Mod: HP is shown in percentages
|teampreview
|c|âAlb_prova|gl hf
|c|âMasterTroll|u too
|
|start
|switch|p1a: Heracross|Heracross, F|308\/308
|switch|p2a: Rotom-Wash|Rotom-Wash|241\/241
|turn|1
|
|detailschange|p1a: Heracross|Heracross-Mega, F
|message|Heracross has Mega Evolved into Mega Heracross!
|move|p2a: Rotom-Wash|Volt Switch|p1a: Heracross
|-damage|p1a: Heracross|209\/308
|
|switch|p2a: Talonflame|Talonflame, F|359\/359
|move|p1a: Heracross|Bullet Seed|p2a: Talonflame
|-resisted|p2a: Talonflame
|-damage|p2a: Talonflame|345\/359
|-resisted|p2a: Talonflame
|-damage|p2a: Talonflame|332\/359
|-resisted|p2a: Talonflame
|-damage|p2a: Talonflame|318\/359
|-resisted|p2a: Talonflame
|-damage|p2a: Talonflame|305\/359
|-resisted|p2a: Talonflame
|-damage|p2a: Talonflame|293\/359
|-hitcount|p2a: Talonflame|5
|
|-heal|p2a: Talonflame|315\/359|[from] item: Leftovers
|turn|2
|
|switch|p1a: Rhyperior|Rhyperior, F|424\/424
|move|p2a: Talonflame|Will-O-Wisp|p1a: Rhyperior
|-status|p1a: Rhyperior|brn
|
|-heal|p2a: Talonflame|337\/359|[from] item: Leftovers
|-damage|p1a: Rhyperior|371\/424 brn|[from] brn
|turn|3
|
|move|p2a: Talonflame|Bulk Up|p2a: Talonflame
|-boost|p2a: Talonflame|atk|1
|-boost|p2a: Talonflame|def|1
|move|p1a: Rhyperior|Ice Punch|p2a: Talonflame
|-damage|p2a: Talonflame|299\/359
|
|-heal|p2a: Talonflame|321\/359|[from] item: Leftovers
|-heal|p1a: Rhyperior|397\/424 brn|[from] item: Leftovers
|-damage|p1a: Rhyperior|344\/424 brn|[from] brn
|turn|4
|
|move|p2a: Talonflame|Bulk Up|p2a: Talonflame
|-boost|p2a: Talonflame|atk|1
|-boost|p2a: Talonflame|def|1
|move|p1a: Rhyperior|Stone Edge|p2a: Talonflame
|-supereffective|p2a: Talonflame
|-damage|p2a: Talonflame|101\/359
|
|-heal|p2a: Talonflame|123\/359|[from] item: Leftovers
|-heal|p1a: Rhyperior|370\/424 brn|[from] item: Leftovers
|-damage|p1a: Rhyperior|317\/424 brn|[from] brn
|turn|5
|
|move|p2a: Talonflame|Roost|p2a: Talonflame
|-heal|p2a: Talonflame|303\/359
|move|p1a: Rhyperior|Stone Edge|p2a: Talonflame
|-supereffective|p2a: Talonflame
|-damage|p2a: Talonflame|189\/359
|
|-heal|p2a: Talonflame|211\/359|[from] item: Leftovers
|-heal|p1a: Rhyperior|343\/424 brn|[from] item: Leftovers
|-damage|p1a: Rhyperior|290\/424 brn|[from] brn
|turn|6
|
|move|p2a: Talonflame|Roost|p2a: Talonflame
|-heal|p2a: Talonflame|359\/359
|move|p1a: Rhyperior|Stone Edge|p2a: Talonflame|[miss]
|-miss|p1a: Rhyperior|p2a: Talonflame
|
|-heal|p1a: Rhyperior|316\/424 brn|[from] item: Leftovers
|-damage|p1a: Rhyperior|263\/424 brn|[from] brn
|turn|7
|
|move|p2a: Talonflame|Bulk Up|p2a: Talonflame
|-boost|p2a: Talonflame|atk|1
|-boost|p2a: Talonflame|def|1
|move|p1a: Rhyperior|Stealth Rock|p2a: Talonflame
|-sidestart|p2: MasterTroll|move: Stealth Rock
|
|-heal|p1a: Rhyperior|289\/424 brn|[from] item: Leftovers
|-damage|p1a: Rhyperior|236\/424 brn|[from] brn
|turn|8
|
|move|p2a: Talonflame|Bulk Up|p2a: Talonflame
|-boost|p2a: Talonflame|atk|1
|-boost|p2a: Talonflame|def|1
|move|p1a: Rhyperior|Stone Edge|p2a: Talonflame
|-supereffective|p2a: Talonflame
|-damage|p2a: Talonflame|179\/359
|
|-heal|p2a: Talonflame|201\/359|[from] item: Leftovers
|-heal|p1a: Rhyperior|262\/424 brn|[from] item: Leftovers
|-damage|p1a: Rhyperior|209\/424 brn|[from] brn
|turn|9
|
|move|p2a: Talonflame|Roost|p2a: Talonflame
|-heal|p2a: Talonflame|359\/359
|move|p1a: Rhyperior|Stone Edge|p2a: Talonflame
|-supereffective|p2a: Talonflame
|-damage|p2a: Talonflame|275\/359
|
|-heal|p2a: Talonflame|297\/359|[from] item: Leftovers
|-heal|p1a: Rhyperior|235\/424 brn|[from] item: Leftovers
|-damage|p1a: Rhyperior|182\/424 brn|[from] brn
|turn|10
|
|move|p2a: Talonflame|Roost|p2a: Talonflame
|-heal|p2a: Talonflame|359\/359
|move|p1a: Rhyperior|Stone Edge|p2a: Talonflame
|-supereffective|p2a: Talonflame
|-damage|p2a: Talonflame|281\/359
|
|-heal|p2a: Talonflame|303\/359|[from] item: Leftovers
|-heal|p1a: Rhyperior|208\/424 brn|[from] item: Leftovers
|-damage|p1a: Rhyperior|155\/424 brn|[from] brn
|turn|11
|
|move|p2a: Talonflame|Roost|p2a: Talonflame
|-heal|p2a: Talonflame|359\/359
|move|p1a: Rhyperior|Stone Edge|p2a: Talonflame
|-supereffective|p2a: Talonflame
|-damage|p2a: Talonflame|281\/359
|
|-heal|p2a: Talonflame|303\/359|[from] item: Leftovers
|-heal|p1a: Rhyperior|181\/424 brn|[from] item: Leftovers
|-damage|p1a: Rhyperior|128\/424 brn|[from] brn
|turn|12
|
|switch|p1a: Heracross|Heracross-Mega, F|209\/308
|move|p2a: Talonflame|Roost|p2a: Talonflame
|-heal|p2a: Talonflame|359\/359
|
|turn|13
|
|switch|p1a: Jirachi|Jirachi|404\/404
|move|p2a: Talonflame|Brave Bird|p1a: Jirachi
|-resisted|p1a: Jirachi
|-damage|p1a: Jirachi|213\/404
|-damage|p2a: Talonflame|296\/359|[from] recoil|[of] p1a: Jirachi
|
|-heal|p2a: Talonflame|318\/359|[from] item: Leftovers
|-heal|p1a: Jirachi|238\/404|[from] item: Leftovers
|turn|14
|
|move|p2a: Talonflame|Will-O-Wisp|p1a: Jirachi
|-status|p1a: Jirachi|brn
|move|p1a: Jirachi|Body Slam|p2a: Talonflame
|-damage|p2a: Talonflame|304\/359
|-status|p2a: Talonflame|par
|
|-heal|p1a: Jirachi|263\/404 brn|[from] item: Leftovers
|-heal|p2a: Talonflame|326\/359 par|[from] item: Leftovers
|-damage|p1a: Jirachi|213\/404 brn|[from] brn
|turn|15
|
|switch|p1a: Latias|Latias, F|302\/302
|move|p2a: Talonflame|Bulk Up|p2a: Talonflame
|-boost|p2a: Talonflame|atk|1
|-boost|p2a: Talonflame|def|1
|
|-heal|p2a: Talonflame|348\/359 par|[from] item: Leftovers
|turn|16
|
|move|p1a: Latias|Healing Wish|p1a: Latias
|faint|p1a: Latias
|move|p2a: Talonflame|Bulk Up|p2a: Talonflame
|-boost|p2a: Talonflame|atk|1
|-boost|p2a: Talonflame|def|1
|
|-heal|p2a: Talonflame|359\/359 par|[from] item: Leftovers
|
|switch|p1a: Rhyperior|Rhyperior, F|128\/424 brn
|-heal|p1a: Rhyperior|424\/424|[from] move: Healing Wish
|turn|17
|
|move|p1a: Rhyperior|Stone Edge|p2a: Talonflame
|-supereffective|p2a: Talonflame
|-damage|p2a: Talonflame|139\/359 par
|move|p2a: Talonflame|Will-O-Wisp|p1a: Rhyperior|[miss]
|-miss|p2a: Talonflame|p1a: Rhyperior
|
|-heal|p2a: Talonflame|161\/359 par|[from] item: Leftovers
|turn|18
|
|move|p2a: Talonflame|Roost|p2a: Talonflame
|-heal|p2a: Talonflame|341\/359 par
|move|p1a: Rhyperior|Earthquake|p2a: Talonflame
|-supereffective|p2a: Talonflame
|-damage|p2a: Talonflame|215\/359 par
|
|-heal|p2a: Talonflame|237\/359 par|[from] item: Leftovers
|turn|19
|
|cant|p2a: Talonflame|par
|move|p1a: Rhyperior|Ice Punch|p2a: Talonflame
|-damage|p2a: Talonflame|207\/359 par
|
|-heal|p2a: Talonflame|229\/359 par|[from] item: Leftovers
|turn|20
|c|âAlb_prova|gg
|c|âAlb_prova|:)
|c|âAlb_prova|forfeit
|-message|Alb_prova forfeited.
|
|win|MasterTroll
|raw|Ladder updating...
|raw|Alb_prova's rating: 1676 &rarr; <strong>1651<\/strong><br \/>(-25 for losing)
|raw|MasterTroll's rating: 1588 &rarr; <strong>1613<\/strong><br \/>(+25 for winning)
|leave|Alb_prova
|player|p1