|join|alb_prova
|join|Lvgitimate
|player|p1|alb_prova|210
|player|p2|Lvgitimate|266
|gametype|singles
|gen|6
|tier|OU
|rated
|clearpoke
|poke|p1|Jirachi
|poke|p1|Azumarill, M
|poke|p1|Poliwrath, F
|poke|p1|Heracross, M
|poke|p1|Raikou
|poke|p1|Avalugg, M
|poke|p2|Mew
|poke|p2|Jirachi
|poke|p2|Cresselia, F, shiny
|poke|p2|Heracross, F, shiny
|poke|p2|Terrakion, shiny
|poke|p2|Crawdaunt, F, shiny
|rule|Swagger Clause: Swagger is banned
|rule|Baton Pass Clause: Limit one PokÃ©mon knowing Baton Pass
|rule|Sleep Clause Mod: Limit one foe put to sleep
|rule|Species Clause: Limit one of each PokÃ©mon
|rule|OHKO Clause: OHKO moves are banned
|rule|Moody Clause: Moody is banned
|rule|Evasion Moves Clause: Evasion moves are banned
|rule|Endless Battle Clause: Forcing endless battles is banned
|rule|HP Percentage Mod: HP is shown in percentages
|teampreview
|c|âalb_prova|gl hf
|
|start
|switch|p1a: Heracross|Heracross, M|309\/309
|switch|p2a: Mew|Mew|404\/404
|turn|1
|
|detailschange|p1a: Heracross|Heracross-Mega, M
|message|Heracross has Mega Evolved into Mega Heracross!
|move|p2a: Mew|Will-O-Wisp|p1a: Heracross
|-status|p1a: Heracross|brn
|move|p1a: Heracross|Pin Missile|p2a: Mew
|-supereffective|p2a: Mew
|-damage|p2a: Mew|350\/404
|-supereffective|p2a: Mew
|-damage|p2a: Mew|294\/404
|-supereffective|p2a: Mew
|-damage|p2a: Mew|238\/404
|-supereffective|p2a: Mew
|-damage|p2a: Mew|182\/404
|-crit|p2a: Mew
|-supereffective|p2a: Mew
|-damage|p2a: Mew|104\/404
|-hitcount|p2a: Mew|5
|
|-heal|p2a: Mew|129\/404|[from] item: Leftovers
|-damage|p1a: Heracross|271\/309 brn|[from] brn
|turn|2
|
|move|p2a: Mew|Stealth Rock|p1a: Heracross
|-sidestart|p1: alb_prova|move: Stealth Rock
|move|p1a: Heracross|Pin Missile|p2a: Mew
|-supereffective|p2a: Mew
|-damage|p2a: Mew|69\/404
|-supereffective|p2a: Mew
|-damage|p2a: Mew|7\/404
|-supereffective|p2a: Mew
|-damage|p2a: Mew|0 fnt
|-hitcount|p2a: Mew|3
|faint|p2a: Mew
|
|-damage|p1a: Heracross|233\/309 brn|[from] brn
|
|switch|p2a: Jirachi|Jirachi|341\/341
|turn|3
|
|move|p2a: Jirachi|Iron Head|p1a: Heracross
|-damage|p1a: Heracross|122\/309 brn
|move|p1a: Heracross|Pin Missile|p2a: Jirachi|[miss]
|-miss|p1a: Heracross|p2a: Jirachi
|
|-damage|p1a: Heracross|84\/309 brn|[from] brn
|turn|4
|
|move|p2a: Jirachi|Iron Head|p1a: Heracross
|-damage|p1a: Heracross|0 fnt
|faint|p1a: Heracross
|
|
|switch|p1a: Raikou|Raikou|321\/321
|-damage|p1a: Raikou|281\/321|[from] Stealth Rock
|-ability|p1a: Raikou|Pressure
|turn|5
|
|move|p2a: Jirachi|Iron Head|p1a: Raikou
|-resisted|p1a: Raikou
|-damage|p1a: Raikou|203\/321
|cant|p1a: Raikou|flinch
|
|turn|6
|
|move|p2a: Jirachi|Iron Head|p1a: Raikou
|-resisted|p1a: Raikou
|-damage|p1a: Raikou|128\/321
|move|p1a: Raikou|Shadow Ball|p2a: Jirachi
|-supereffective|p2a: Jirachi
|-damage|p2a: Jirachi|175\/341
|
|turn|7
|
|move|p2a: Jirachi|Iron Head|p1a: Raikou
|-resisted|p1a: Raikou
|-damage|p1a: Raikou|51\/321
|cant|p1a: Raikou|flinch
|
|turn|8
|
|switch|p1a: Poliwrath|Poliwrath, F|384\/384
|-damage|p1a: Poliwrath|360\/384|[from] Stealth Rock
|move|p2a: Jirachi|Iron Head|p1a: Poliwrath
|-resisted|p1a: Poliwrath
|-damage|p1a: Poliwrath|315\/384
|
|-heal|p1a: Poliwrath|339\/384|[from] item: Leftovers
|turn|9
|
|switch|p2a: Heracross|Heracross, F, shiny|364\/364
|move|p1a: Poliwrath|Scald|p2a: Heracross
|-damage|p2a: Heracross|294\/364
|-status|p2a: Heracross|brn
|
|-heal|p1a: Poliwrath|363\/384|[from] item: Leftovers
|-damage|p2a: Heracross|249\/364 brn|[from] brn
|turn|10
|
|switch|p1a: Avalugg|Avalugg, M|394\/394
|-damage|p1a: Avalugg|296\/394|[from] Stealth Rock
|detailschange|p2a: Heracross|Heracross-Mega, F, shiny
|message|Heracross has Mega Evolved into Mega Heracross!
|move|p2a: Heracross|Bullet Seed|p1a: Avalugg
|-damage|p1a: Avalugg|283\/394
|-damage|p1a: Avalugg|271\/394
|-damage|p1a: Avalugg|258\/394
|-damage|p1a: Avalugg|245\/394
|-damage|p1a: Avalugg|234\/394
|-hitcount|p1a: Avalugg|5
|
|-heal|p1a: Avalugg|258\/394|[from] item: Leftovers
|-damage|p2a: Heracross|204\/364 brn|[from] brn
|turn|11
|
|move|p2a: Heracross|Close Combat|p1a: Avalugg
|-supereffective|p1a: Avalugg
|-damage|p1a: Avalugg|90\/394
|-unboost|p2a: Heracross|def|1
|-unboost|p2a: Heracross|spd|1
|move|p1a: Avalugg|Recover|p1a: Avalugg
|-heal|p1a: Avalugg|287\/394
|
|-heal|p1a: Avalugg|311\/394|[from] item: Leftovers
|-damage|p2a: Heracross|159\/364 brn|[from] brn
|turn|12
|
|switch|p2a: Terrakion|Terrakion, shiny|344\/344
|move|p1a: Avalugg|Recover|p1a: Avalugg
|-heal|p1a: Avalugg|394\/394
|
|turn|13
|
|move|p2a: Terrakion|Close Combat|p1a: Avalugg
|-supereffective|p1a: Avalugg
|-damage|p1a: Avalugg|182\/394
|-unboost|p2a: Terrakion|def|1
|-unboost|p2a: Terrakion|spd|1
|move|p1a: Avalugg|Rapid Spin|p2a: Terrakion
|-resisted|p2a: Terrakion
|-damage|p2a: Terrakion|330\/344
|-sideend|p1: alb_prova|Stealth Rock|[from] move: Rapid Spin|[of] p1a: Avalugg
|
|-heal|p1a: Avalugg|206\/394|[from] item: Leftovers
|turn|14
|
|move|p2a: Terrakion|Close Combat|p1a: Avalugg
|-supereffective|p1a: Avalugg
|-damage|p1a: Avalugg|0 fnt
|-unboost|p2a: Terrakion|def|1
|-unboost|p2a: Terrakion|spd|1
|faint|p1a: Avalugg
|
|
|switch|p1a: Poliwrath|Poliwrath, F|363\/384
|turn|15
|
|switch|p2a: Heracross|Heracross-Mega, F, shiny|159\/364 brn
|move|p1a: Poliwrath|Scald|p2a: Heracross
|-damage|p2a: Heracross|96\/364 brn
|
|-heal|p1a: Poliwrath|384\/384|[from] item: Leftovers
|-damage|p2a: Heracross|51\/364 brn|[from] brn
|turn|16
|
|switch|p1a: Raikou|Raikou|51\/321
|-ability|p1a: Raikou|Pressure
|move|p2a: Heracross|Bullet Seed|p1a: Raikou
|-damage|p1a: Raikou|21\/321
|-damage|p1a: Raikou|0 fnt
|-hitcount|p1a: Raikou|2
|faint|p1a: Raikou
|
|-damage|p2a: Heracross|6\/364 brn|[from] brn
|
|switch|p1a: Azumarill|Azumarill, M|401\/401
|turn|17
|
|move|p1a: Azumarill|Aqua Jet|p2a: Heracross
|-damage|p2a: Heracross|0 fnt
|faint|p2a: Heracross
|
|
|switch|p2a: Cresselia|Cresselia, F, shiny|444\/444
|turn|18
|
|move|p2a: Cresselia|Thunder Wave|p1a: Azumarill
|-status|p1a: Azumarill|par
|cant|p1a: Azumarill|par
|
|turn|19
|
|move|p2a: Cresselia|Psychic|p1a: Azumarill
|-damage|p1a: Azumarill|335\/401 par
|move|p1a: Azumarill|Knock Off|p2a: Cresselia
|-supereffective|p2a: Cresselia
|-damage|p2a: Cresselia|254\/444
|-enditem|p2a: Cresselia|Leftovers|[from] move: Knock Off|[of] p1a: Azumarill
|
|turn|20
|
|move|p2a: Cresselia|Psychic|p1a: Azumarill
|-damage|p1a: Azumarill|263\/401 par
|cant|p1a: Azumarill|par
|
|turn|21
|
|move|p2a: Cresselia|Psychic|p1a: Azumarill
|-damage|p1a: Azumarill|197\/401 par
|-unboost|p1a: Azumarill|spd|1
|move|p1a: Azumarill|Waterfall|p2a: Cresselia
|-damage|p2a: Cresselia|137\/444
|
|turn|22
|
|move|p2a: Cresselia|Moonlight|p2a: Cresselia
|-heal|p2a: Cresselia|359\/444
|move|p1a: Azumarill|Waterfall|p2a: Cresselia
|-damage|p2a: Cresselia|242\/444
|
|turn|23
|
|move|p2a: Cresselia|Moonlight|p2a: Cresselia
|-heal|p2a: Cresselia|444\/444
|move|p1a: Azumarill|Waterfall|p2a: Cresselia
|-damage|p2a: Cresselia|314\/444
|
|turn|24
|
|move|p2a: Cresselia|Psychic|p1a: Azumarill
|-damage|p1a: Azumarill|94\/401 par
|move|p1a: Azumarill|Waterfall|p2a: Cresselia
|-damage|p2a: Cresselia|199\/444
|
|turn|25
|
|move|p2a: Cresselia|Moonlight|p2a: Cresselia
|-heal|p2a: Cresselia|421\/444
|move|p1a: Azumarill|Play Rough|p2a: Cresselia
|-damage|p2a: Cresselia|273\/444
|
|turn|26
|
|move|p2a: Cresselia|Moonlight|p2a: Cresselia
|-heal|p2a: Cresselia|444\/444
|move|p1a: Azumarill|Waterfall|p2a: Cresselia
|-damage|p2a: Cresselia|327\/444
|
|turn|27
|
|move|p2a: Cresselia|Moonlight|p2a: Cresselia
|-heal|p2a: Cresselia|444\/444
|move|p1a: Azumarill|Waterfall|p2a: Cresselia
|-damage|p2a: Cresselia|314\/444
|
|turn|28
|
|move|p2a: Cresselia|Moonlight|p2a: Cresselia
|-heal|p2a: Cresselia|444\/444
|move|p1a: Azumarill|Waterfall|p2a: Cresselia
|-damage|p2a: Cresselia|330\/444
|
|turn|29
|
|move|p2a: Cresselia|Psychic|p1a: Azumarill
|-damage|p1a: Azumarill|3\/401 par
|move|p1a: Azumarill|Waterfall|p2a: Cresselia
|-damage|p2a: Cresselia|216\/444
|
|turn|30
|
|move|p2a: Cresselia|Moonlight|p2a: Cresselia
|-heal|p2a: Cresselia|438\/444
|move|p1a: Azumarill|Waterfall|p2a: Cresselia
|-damage|p2a: Cresselia|311\/444
|
|turn|31
|
|move|p2a: Cresselia|Ice Beam|p1a: Azumarill
|-resisted|p1a: Azumarill
|-damage|p1a: Azumarill|0 fnt
|faint|p1a: Azumarill
|
|
|switch|p1a: Jirachi|Jirachi|404\/404
|turn|32
|
|move|p1a: Jirachi|Body Slam|p2a: Cresselia
|-damage|p2a: Cresselia|267\/444
|-status|p2a: Cresselia|par
|move|p2a: Cresselia|Thunder Wave|p1a: Jirachi
|-status|p1a: Jirachi|par
|
|turn|33
|
|move|p1a: Jirachi|Iron Head|p2a: Cresselia
|-damage|p2a: Cresselia|200\/444 par
|cant|p2a: Cresselia|par
|
|turn|34
|
|cant|p1a: Jirachi|par
|move|p2a: Cresselia|Moonlight|p2a: Cresselia
|-heal|p2a: Cresselia|422\/444 par
|
|turn|35
|
|move|p1a: Jirachi|Iron Head|p2a: Cresselia
|-damage|p2a: Cresselia|362\/444 par
|cant|p2a: Cresselia|flinch
|
|turn|36
|
|switch|p2a: Crawdaunt|Crawdaunt, F, shiny|330\/330
|cant|p1a: Jirachi|par
|
|turn|37
|
|switch|p1a: Poliwrath|Poliwrath, F|384\/384
|move|p2a: Crawdaunt|Knock Off|p1a: Poliwrath
|-resisted|p1a: Poliwrath
|-damage|p1a: Poliwrath|299\/384
|-enditem|p1a: Poliwrath|Leftovers|[from] move: Knock Off|[of] p2a: Crawdaunt
|
|turn|38
|
|switch|p2a: Cresselia|Cresselia, F, shiny|362\/444 par
|move|p1a: Poliwrath|Circle Throw|p2a: Cresselia
|-resisted|p2a: Cresselia
|-damage|p2a: Cresselia|337\/444 par
|drag|p2a: Crawdaunt|Crawdaunt, F, shiny|330\/330
|
|turn|39
|
|switch|p2a: Cresselia|Cresselia, F, shiny|337\/444 par
|move|p1a: Poliwrath|Circle Throw|p2a: Cresselia
|-resisted|p2a: Cresselia
|-damage|p2a: Cresselia|315\/444 par
|drag|p2a: Terrakion|Terrakion, shiny|330\/344
|
|turn|40
|
|move|p2a: Terrakion|Close Combat|p1a: Poliwrath
|-damage|p1a: Poliwrath|167\/384
|-unboost|p2a: Terrakion|def|1
|-unboost|p2a: Terrakion|spd|1
|move|p1a: Poliwrath|Circle Throw|p2a: Terrakion
|-supereffective|p2a: Terrakion
|-damage|p2a: Terrakion|126\/344
|drag|p2a: Cresselia|Cresselia, F, shiny|315\/444 par
|
|turn|41
|
|switch|p1a: Jirachi|Jirachi|404\/404 par
|move|p2a: Cresselia|Thunder Wave|p1a: Jirachi
|-fail|p1a: Jirachi|par
|
|turn|42
|
|cant|p1a: Jirachi|par
|move|p2a: Cresselia|Psychic|p1a: Jirachi
|-resisted|p1a: Jirachi
|-damage|p1a: Jirachi|390\/404 par
|
|-heal|p1a: Jirachi|404\/404 par|[from] item: Leftovers
|turn|43
|
|switch|p2a: Terrakion|Terrakion, shiny|126\/344
|move|p1a: Jirachi|Iron Head|p2a: Terrakion
|-supereffective|p2a: Terrakion
|-damage|p2a: Terrakion|0 fnt
|faint|p2a: Terrakion
|
|
|switch|p2a: Crawdaunt|Crawdaunt, F, shiny|330\/330
|turn|44
|
|switch|p1a: Poliwrath|Poliwrath, F|167\/384
|move|p2a: Crawdaunt|Knock Off|p1a: Poliwrath
|-resisted|p1a: Poliwrath
|-damage|p1a: Poliwrath|110\/384
|
|turn|45
|
|switch|p2a: Cresselia|Cresselia, F, shiny|315\/444 par
|move|p1a: Poliwrath|Rest|p1a: Poliwrath
|-status|p1a: Poliwrath|slp
|-heal|p1a: Poliwrath|384\/384 slp|[silent]
|-status|p1a: Poliwrath|slp|[from] move: Rest
|
|turn|46
|
|switch|p1a: Jirachi|Jirachi|404\/404 par
|switch|p2a: Jirachi|Jirachi|175\/341
|
|turn|47
|
|move|p2a: Jirachi|Trick|p1a: Jirachi
|-activate|p2a: Jirachi|move: Trick|[of] p1a: Jirachi
|-item|p1a: Jirachi|Choice Scarf|[from] move: Trick
|-item|p2a: Jirachi|Leftovers|[from] move: Trick
|cant|p1a: Jirachi|par
|
|-heal|p2a: Jirachi|196\/341|[from] item: Leftovers
|turn|48
|
|move|p2a: Jirachi|Fire Punch|p1a: Jirachi
|-supereffective|p1a: Jirachi
|-damage|p1a: Jirachi|258\/404 par
|move|p1a: Jirachi|Fire Punch|p2a: Jirachi
|-supereffective|p2a: Jirachi
|-damage|p2a: Jirachi|86\/341
|
|-heal|p2a: Jirachi|107\/341|[from] item: Leftovers
|turn|49
|
|move|p2a: Jirachi|Iron Head|p1a: Jirachi
|-resisted|p1a: Jirachi
|-damage|p1a: Jirachi|201\/404 par
|move|p1a: Jirachi|Fire Punch|p2a: Jirachi
|-supereffective|p2a: Jirachi
|-damage|p2a: Jirachi|0 fnt
|faint|p2a: Jirachi
|
|
|switch|p2a: Crawdaunt|Crawdaunt, F, shiny|330\/330
|turn|50
|
|switch|p1a: Poliwrath|Poliwrath, F|384\/384 slp
|move|p2a: Crawdaunt|Knock Off|p1a: Poliwrath
|-resisted|p1a: Poliwrath
|-damage|p1a: Poliwrath|326\/384 slp
|
|turn|51
|
|cant|p1a: Poliwrath|slp
|move|p1a: Poliwrath|Sleep Talk|p1a: Poliwrath
|move|p1a: Poliwrath|Scald|p2a: Crawdaunt|[from]Sleep Talk
|-resisted|p2a: Crawdaunt
|-damage|p2a: Crawdaunt|276\/330
|move|p2a: Crawdaunt|Crabhammer|p1a: Poliwrath
|-heal|p1a: Poliwrath|384\/384 slp|[from] ability: Water Absorb|[of] p2a: Crawdaunt
|
|-heal|p2a: Crawdaunt|296\/330|[from] item: Leftovers
|turn|52
|
|switch|p2a: Cresselia|Cresselia, F, shiny|315\/444 par
|cant|p1a: Poliwrath|slp
|move|p1a: Poliwrath|Sleep Talk|p1a: Poliwrath
|move|p1a: Poliwrath|Circle Throw|p2a: Cresselia|[from]Sleep Talk
|-resisted|p2a: Cresselia
|-damage|p2a: Cresselia|291\/444 par
|drag|p2a: Crawdaunt|Crawdaunt, F, shiny|296\/330
|
|-heal|p2a: Crawdaunt|316\/330|[from] item: Leftovers
|turn|53
|
|switch|p2a: Cresselia|Cresselia, F, shiny|291\/444 par
|-curestatus|p1a: Poliwrath|slp
|move|p1a: Poliwrath|Circle Throw|p2a: Cresselia
|-resisted|p2a: Cresselia
|-damage|p2a: Cresselia|269\/444 par
|drag|p2a: Crawdaunt|Crawdaunt, F, shiny|316\/330
|
|-heal|p2a: Crawdaunt|330\/330|[from] item: Leftovers
|turn|54
|
|switch|p2a: Cresselia|Cresselia, F, shiny|269\/444 par
|move|p1a: Poliwrath|Circle Throw|p2a: Cresselia
|-resisted|p2a: Cresselia
|-damage|p2a: Cresselia|245\/444 par
|drag|p2a: Crawdaunt|Crawdaunt, F, shiny|330\/330
|
|turn|55
|c|âLvgitimate|!stats circle throw
|c|~|\/data-move Circle Throw

|c|âLvgitimate|;d
|
|move|p2a: Crawdaunt|Knock Off|p1a: Poliwrath
|-resisted|p1a: Poliwrath
|-damage|p1a: Poliwrath|326\/384
|move|p1a: Poliwrath|Circle Throw|p2a: Crawdaunt
|-supereffective|p2a: Crawdaunt
|-damage|p2a: Crawdaunt|168\/330
|drag|p2a: Cresselia|Cresselia, F, shiny|245\/444 par
|
|turn|56
|
|switch|p1a: Jirachi|Jirachi|201\/404 par
|move|p2a: Cresselia|Thunder Wave|p1a: Jirachi
|-fail|p1a: Jirachi|par
|
|turn|57
|
|switch|p2a: Crawdaunt|Crawdaunt, F, shiny|168\/330
|move|p1a: Jirachi|Iron Head|p2a: Crawdaunt
|-resisted|p2a: Crawdaunt
|-damage|p2a: Crawdaunt|117\/330
|
|-heal|p2a: Crawdaunt|137\/330|[from] item: Leftovers
|turn|58
|
|switch|p1a: Poliwrath|Poliwrath, F|326\/384
|move|p2a: Crawdaunt|Superpower|p1a: Poliwrath
|-damage|p1a: Poliwrath|218\/384
|-unboost|p2a: Crawdaunt|atk|1
|-unboost|p2a: Crawdaunt|def|1
|
|-heal|p2a: Crawdaunt|157\/330|[from] item: Leftovers
|turn|59
|
|switch|p2a: Cresselia|Cresselia, F, shiny|245\/444 par
|move|p1a: Poliwrath|Scald|p2a: Cresselia
|-damage|p2a: Cresselia|191\/444 par
|
|turn|60
|
|move|p1a: Poliwrath|Rest|p1a: Poliwrath
|-status|p1a: Poliwrath|slp
|-heal|p1a: Poliwrath|384\/384 slp|[silent]
|-status|p1a: Poliwrath|slp|[from] move: Rest
|move|p2a: Cresselia|Thunder Wave|p1a: Poliwrath
|-fail|p1a: Poliwrath
|
|turn|61
|
|switch|p1a: Jirachi|Jirachi|201\/404 par
|move|p2a: Cresselia|Psychic|p1a: Jirachi
|-resisted|p1a: Jirachi
|-damage|p1a: Jirachi|185\/404 par
|
|turn|62
|
|move|p1a: Jirachi|Body Slam|p2a: Cresselia
|-damage|p2a: Cresselia|145\/444 par
|cant|p2a: Cresselia|par
|
|turn|63
|
|switch|p2a: Crawdaunt|Crawdaunt, F, shiny|157\/330
|move|p1a: Jirachi|Body Slam|p2a: Crawdaunt
|-damage|p2a: Crawdaunt|79\/330
|-status|p2a: Crawdaunt|par
|
|-heal|p2a: Crawdaunt|99\/330 par|[from] item: Leftovers
|turn|64
|
|switch|p1a: Poliwrath|Poliwrath, F|384\/384 slp
|move|p2a: Crawdaunt|Superpower|p1a: Poliwrath
|-damage|p1a: Poliwrath|266\/384 slp
|-unboost|p2a: Crawdaunt|atk|1
|-unboost|p2a: Crawdaunt|def|1
|
|-heal|p2a: Crawdaunt|119\/330 par|[from] item: Leftovers
|turn|65
|
|cant|p1a: Poliwrath|slp
|move|p1a: Poliwrath|Sleep Talk|p1a: Poliwrath
|move|p1a: Poliwrath|Circle Throw|p2a: Crawdaunt|[from]Sleep Talk
|-supereffective|p2a: Crawdaunt
|-damage|p2a: Crawdaunt|0 fnt
|faint|p2a: Crawdaunt
|
|
|switch|p2a: Cresselia|Cresselia, F, shiny|145\/444 par
|turn|66
|
|cant|p1a: Poliwrath|slp
|move|p1a: Poliwrath|Sleep Talk|p1a: Poliwrath
|move|p1a: Poliwrath|Scald|p2a: Cresselia|[from]Sleep Talk
|-damage|p2a: Cresselia|94\/444 par
|move|p2a: Cresselia|Psychic|p1a: Poliwrath
|-supereffective|p1a: Poliwrath
|-damage|p1a: Poliwrath|68\/384 slp
|
|turn|67
|
|-curestatus|p1a: Poliwrath|slp
|move|p1a: Poliwrath|Scald|p2a: Cresselia
|-damage|p2a: Cresselia|40\/444 par
|move|p2a: Cresselia|Psychic|p1a: Poliwrath
|-supereffective|p1a: Poliwrath
|-damage|p1a: Poliwrath|0 fnt
|faint|p1a: Poliwrath
|
|
|switch|p1a: Jirachi|Jirachi|185\/404 par
|turn|68
|
|move|p1a: Jirachi|Iron Head|p2a: Cresselia
|-damage|p2a: Cresselia|0 fnt
|faint|p2a: Cresselia
|
|win|alb_prova
|raw|Ladder updating...
|raw|alb_prova's rating: 1554 &rarr; <strong>1576<\/strong><br \/>(+22 for winning)
|raw|Lvgitimate's rating: 1587 &rarr; <strong>1565<\/strong><br \/>(-22 for losing)
|leave|Lvgitimate
|player|p2