|join|KyleJR
|join|Zhaf
|player|p1|KyleJR|224
|player|p2|Zhaf|2
|gametype|singles
|gen|6
|tier|UU
|rated
|clearpoke
|poke|p1|Toxicroak, M
|poke|p1|Granbull, M
|poke|p1|Krookodile, M
|poke|p1|Druddigon, M
|poke|p1|Tangrowth, F
|poke|p1|Blastoise, F
|poke|p2|Vileplume, M
|poke|p2|Rhyperior, F
|poke|p2|Granbull, F
|poke|p2|Jellicent, F
|poke|p2|Houndoom, M
|poke|p2|Sigilyph, M
|rule|Sleep Clause Mod: Limit one foe put to sleep
|rule|Species Clause: Limit one of each Pokemon
|rule|OHKO Clause: OHKO moves are banned
|rule|Moody Clause: Moody is banned
|rule|Evasion Moves Clause: Evasion moves are banned
|rule|Endless Battle Clause: Forcing endless battles is banned.
|rule|HP Percentage Mod: HP is reported as percentages
|teampreview
|chat|Zhaf|Gl Hf!
|chat|KyleJR|you to granbull user
|
|start
|switch|p1a: Blastoise|Blastoise, F|362\/362
|switch|p2a: Granbull|Granbull, F|384\/384
|-ability|p2a: Granbull|Intimidate|[of] p1a: Blastoise
|-unboost|p1a: Blastoise|atk|1
|turn|1
|
|switch|p2a: Vileplume|Vileplume, M|354\/354
|-formechange|p1a: Blastoise|Blastoise-Mega
|message|Blastoise has Mega Evolved into Mega Blastoise!
|move|p1a: Blastoise|Ice Beam|p2a: Vileplume
|-supereffective|p2a: Vileplume
|-damage|p2a: Vileplume|168\/354
|
|turn|2
|
|switch|p1a: Druddigon|Druddigon, M|358\/358
|move|p2a: Vileplume|Giga Drain|p1a: Druddigon
|-resisted|p1a: Druddigon
|-damage|p1a: Druddigon|315\/358
|-heal|p2a: Vileplume|190\/354|[from] drain|[of] p1a: Druddigon
|
|turn|3
|
|move|p2a: Vileplume|Dazzling Gleam|p1a: Druddigon
|-supereffective|p1a: Druddigon
|-damage|p1a: Druddigon|179\/358
|move|p1a: Druddigon|Gunk Shot|p2a: Vileplume
|-damage|p2a: Vileplume|14\/354
|
|turn|4
|
|move|p1a: Druddigon|Sucker Punch|p2a: Vileplume
|-damage|p2a: Vileplume|0 fnt
|faint|p2a: Vileplume
|
|
|switch|p2a: Sigilyph|Sigilyph, M|348\/348
|turn|5
|
|switch|p1a: Blastoise|Blastoise, F|362\/362
|-formechange|p1a: Blastoise|Blastoise-Mega
|move|p2a: Sigilyph|Cosmic Power|p2a: Sigilyph
|-boost|p2a: Sigilyph|def|1
|-boost|p2a: Sigilyph|spd|1
|
|-status|p2a: Sigilyph|brn|[from] item: Flame Orb
|turn|6
|
|move|p2a: Sigilyph|Cosmic Power|p2a: Sigilyph
|-boost|p2a: Sigilyph|def|1
|-boost|p2a: Sigilyph|spd|1
|move|p1a: Blastoise|Roar|p2a: Sigilyph
|drag|p2a: Rhyperior|Rhyperior, F|434\/434
|
|turn|7
|
|switch|p2a: Jellicent|Jellicent, F|404\/404
|move|p1a: Blastoise|Ice Beam|p2a: Jellicent
|-crit|p2a: Jellicent
|-resisted|p2a: Jellicent
|-damage|p2a: Jellicent|343\/404
|
|-heal|p2a: Jellicent|368\/404|[from] item: Leftovers
|turn|8
|
|switch|p1a: Toxicroak|Toxicroak, M|307\/307
|move|p2a: Jellicent|Will-O-Wisp|p1a: Toxicroak
|-status|p1a: Toxicroak|brn
|
|-heal|p2a: Jellicent|393\/404|[from] item: Leftovers
|-damage|p1a: Toxicroak|269\/307 brn|[from] brn
|turn|9
|
|switch|p1a: Tangrowth|Tangrowth, F|404\/404
|move|p2a: Jellicent|Hex|p1a: Tangrowth
|-damage|p1a: Tangrowth|349\/404
|
|-heal|p2a: Jellicent|404\/404|[from] item: Leftovers
|turn|10
|
|switch|p2a: Houndoom|Houndoom, M|292\/292
|move|p1a: Tangrowth|Knock Off|p2a: Houndoom
|-resisted|p2a: Houndoom
|-damage|p2a: Houndoom|257\/292
|
|turn|11
|
|switch|p1a: Druddigon|Druddigon, M|179\/358
|-formechange|p2a: Houndoom|Houndoom-Mega
|message|Houndoom has Mega Evolved into Mega Houndoom!
|move|p2a: Houndoom|Fire Blast|p1a: Druddigon|[miss]
|-miss|p2a: Houndoom|p1a: Druddigon
|
|turn|12
|chat|KyleJR|sorry bout thta
|
|switch|p2a: Rhyperior|Rhyperior, F|434\/434
|move|p1a: Druddigon|Earthquake|p2a: Rhyperior
|-supereffective|p2a: Rhyperior
|-damage|p2a: Rhyperior|332\/434
|
|-heal|p2a: Rhyperior|359\/434|[from] item: Leftovers
|turn|13
|chat|Zhaf|Np
|
|switch|p1a: Tangrowth|Tangrowth, F|404\/404
|move|p2a: Rhyperior|Earthquake|p1a: Tangrowth
|-resisted|p1a: Tangrowth
|-damage|p1a: Tangrowth|342\/404
|
|-heal|p2a: Rhyperior|386\/434|[from] item: Leftovers
|turn|14
|
|switch|p1a: Blastoise|Blastoise, F|362\/362
|-formechange|p1a: Blastoise|Blastoise-Mega
|switch|p2a: Granbull|Granbull, F|384\/384
|-ability|p2a: Granbull|Intimidate|[of] p1a: Blastoise
|-unboost|p1a: Blastoise|atk|1
|
|turn|15
|
|move|p2a: Granbull|Thunder Wave|p1a: Blastoise
|-status|p1a: Blastoise|par
|move|p1a: Blastoise|Roar|p2a: Granbull
|drag|p2a: Sigilyph|Sigilyph, M|348\/348 brn
|
|turn|16
|
|switch|p2a: Jellicent|Jellicent, F|404\/404
|move|p1a: Blastoise|Ice Beam|p2a: Jellicent
|-resisted|p2a: Jellicent
|-damage|p2a: Jellicent|360\/404
|
|-heal|p2a: Jellicent|385\/404|[from] item: Leftovers
|turn|17
|
|switch|p1a: Granbull|Granbull, M|384\/384
|-ability|p1a: Granbull|Intimidate|[of] p2a: Jellicent
|-unboost|p2a: Jellicent|atk|1
|move|p2a: Jellicent|Will-O-Wisp|p1a: Granbull
|-status|p1a: Granbull|brn
|
|-heal|p2a: Jellicent|404\/404|[from] item: Leftovers
|-damage|p1a: Granbull|336\/384 brn|[from] brn
|turn|18
|
|move|p2a: Jellicent|Hex|p1a: Granbull
|-damage|p1a: Granbull|149\/384 brn
|move|p1a: Granbull|Heal Bell|p1a: Granbull
|-cureteam|p1a: Granbull|[from] move: HealBell
|
|-heal|p1a: Granbull|173\/384|[from] item: Leftovers
|turn|19
|
|switch|p2a: Granbull|Granbull, F|384\/384
|-ability|p2a: Granbull|Intimidate|[of] p1a: Granbull
|-unboost|p1a: Granbull|atk|1
|move|p1a: Granbull|Play Rough|p2a: Granbull
|-crit|p2a: Granbull
|-damage|p2a: Granbull|222\/384
|
|-heal|p2a: Granbull|246\/384|[from] item: Leftovers
|-heal|p1a: Granbull|197\/384|[from] item: Leftovers
|turn|20
|
|move|p2a: Granbull|Play Rough|p1a: Granbull
|-damage|p1a: Granbull|89\/384
|-unboost|p1a: Granbull|atk|1
|move|p1a: Granbull|Counter|p2a: Granbull
|-damage|p2a: Granbull|30\/384
|
|-heal|p2a: Granbull|54\/384|[from] item: Leftovers
|-heal|p1a: Granbull|113\/384|[from] item: Leftovers
|turn|21
|chat|Zhaf|Uh.. Counter. Nice!
|
|switch|p2a: Sigilyph|Sigilyph, M|348\/348 brn
|move|p1a: Granbull|Play Rough|p2a: Sigilyph
|-damage|p2a: Sigilyph|291\/348 brn
|
|-heal|p1a: Granbull|137\/384|[from] item: Leftovers
|turn|22
|chat|KyleJR|I usually run toxic, but sometimes it's handy :3
|
|switch|p1a: Krookodile|Krookodile, M|331\/331
|move|p2a: Sigilyph|Psycho Shift|p1a: Krookodile
|-status|p1a: Krookodile|brn
|-curestatus|p2a: Sigilyph|brn
|
|-damage|p1a: Krookodile|290\/331 brn|[from] brn
|-status|p2a: Sigilyph|brn|[from] item: Flame Orb
|turn|23
|
|switch|p1a: Blastoise|Blastoise, F|362\/362
|-formechange|p1a: Blastoise|Blastoise-Mega
|switch|p2a: Houndoom|Houndoom, M|257\/292
|-formechange|p2a: Houndoom|Houndoom-Mega
|
|turn|24
|
|switch|p2a: Jellicent|Jellicent, F|404\/404
|move|p1a: Blastoise|Roar|p2a: Jellicent
|drag|p2a: Rhyperior|Rhyperior, F|386\/434
|
|-heal|p2a: Rhyperior|413\/434|[from] item: Leftovers
|turn|25
|chat|KyleJR|god that jellicant is a pain
|chat|Zhaf|No dark pulse for it?
|chat|KyleJR|nope
|
|switch|p1a: Tangrowth|Tangrowth, F|404\/404
|switch|p2a: Jellicent|Jellicent, F|404\/404
|
|turn|26
|
|move|p2a: Jellicent|Will-O-Wisp|p1a: Tangrowth|[miss]
|-miss|p2a: Jellicent|p1a: Tangrowth
|move|p1a: Tangrowth|Knock Off|p2a: Jellicent
|-supereffective|p2a: Jellicent
|-damage|p2a: Jellicent|234\/404
|-enditem|p2a: Jellicent|Leftovers|[from] move: Knock Off|[of] p1a: Tangrowth
|
|turn|27
|
|move|p2a: Jellicent|Will-O-Wisp|p1a: Tangrowth
|-status|p1a: Tangrowth|brn
|move|p1a: Tangrowth|Giga Drain|p2a: Jellicent
|-supereffective|p2a: Jellicent
|-damage|p2a: Jellicent|76\/404
|
|-damage|p1a: Tangrowth|354\/404 brn|[from] brn
|turn|28
|
|move|p2a: Jellicent|Recover|p2a: Jellicent
|-heal|p2a: Jellicent|278\/404
|move|p1a: Tangrowth|Giga Drain|p2a: Jellicent
|-supereffective|p2a: Jellicent
|-damage|p2a: Jellicent|140\/404
|-heal|p1a: Tangrowth|404\/404 brn|[from] drain|[of] p2a: Jellicent
|
|-damage|p1a: Tangrowth|354\/404 brn|[from] brn
|turn|29
|
|switch|p1a: Toxicroak|Toxicroak, M|269\/307
|move|p2a: Jellicent|Recover|p2a: Jellicent
|-heal|p2a: Jellicent|342\/404
|
|turn|30
|
|switch|p2a: Rhyperior|Rhyperior, F|413\/434
|move|p1a: Toxicroak|Nasty Plot|p1a: Toxicroak
|-boost|p1a: Toxicroak|spa|2
|
|-heal|p2a: Rhyperior|434\/434|[from] item: Leftovers
|turn|31
|
|move|p1a: Toxicroak|Focus Blast|p2a: Rhyperior
|-supereffective|p2a: Rhyperior
|-damage|p2a: Rhyperior|0 fnt
|-damage|p1a: Toxicroak|239\/307|[from] item: Life Orb
|faint|p2a: Rhyperior
|
|
|switch|p2a: Houndoom|Houndoom, M|257\/292
|-formechange|p2a: Houndoom|Houndoom-Mega
|turn|32
|chat|Zhaf|Yup.. Focus miss.
|
|move|p1a: Toxicroak|Vacuum Wave|p2a: Houndoom
|-supereffective|p2a: Houndoom
|-damage|p2a: Houndoom|0 fnt
|-damage|p1a: Toxicroak|209\/307|[from] item: Life Orb
|faint|p2a: Houndoom
|
|chat|KyleJR|handy
|chat|KyleJR|fun fact
|chat|KyleJR|it's the first one I've hit all day
|chat|Zhaf|Well.. I don't think i've any chanses with this. Gg anyway sir.
|chat|KyleJR|awwe
|chat|KyleJR|well gg
|chat|KyleJR|I'm sure I'll mess up
|-message|Zhaf forfeited.
|
|win|KyleJR
|raw|Ladder updating...
|raw|KyleJR's rating: 1251 &rarr; <strong>1270<\/strong><br \/>(+19 for winning)
|raw|Zhaf's rating: 1174 &rarr; <strong>1154<\/strong><br \/>(-20 for losing)
|leave|Zhaf
|player|p2