|join|DeathDecider
|join|Zhaf
|player|p1|DeathDecider|101
|player|p2|Zhaf|69
|gametype|singles
|gen|6
|tier|UU
|rated
|rule|Sleep Clause Mod: Limit one foe put to sleep
|rule|Species Clause: Limit one of each PokÃ©mon
|rule|OHKO Clause: OHKO moves are banned
|rule|Moody Clause: Moody is banned
|rule|Evasion Moves Clause: Evasion moves are banned
|rule|Endless Battle Clause: Forcing endless battles is banned
|rule|HP Percentage Mod: HP is shown in percentages
|clearpoke
|poke|p1|Alakazam, M
|poke|p1|Porygon2
|poke|p1|Donphan, F
|poke|p1|Infernape, M
|poke|p1|Aggron, F, shiny
|poke|p1|Banette, F
|poke|p2|Vaporeon, F
|poke|p2|Nidoqueen, F
|poke|p2|Hydreigon, M
|poke|p2|Whimsicott, M
|poke|p2|Arcanine, M
|poke|p2|Forretress, F
|rule|Swagger Clause: Swagger is banned
|rule|Baton Pass Clause: Limit one PokÃ©mon knowing Baton Pass
|teampreview
|c|âZhaf|Gl Hf
|c|âDeathDecider|same
|
|start
|switch|p1a: Annabelle|Banette, F|332\/332
|switch|p2a: Arcanine|Arcanine, M|321\/321
|-ability|p2a: Arcanine|Intimidate|[of] p1a: Annabelle
|-unboost|p1a: Annabelle|atk|1
|-item|p2a: Arcanine|Flame Plate|[from] ability: Frisk|[of] p1a: Annabelle|[identify]
|turn|1
|
|switch|p1a: Quark|Porygon2|373\/373
|-ability|p1a: Quark|Intimidate|[from] ability: Trace|[of] p2a: Arcanine
|-ability|p1a: Quark|Intimidate|[of] p2a: Arcanine
|-unboost|p2a: Arcanine|atk|1
|move|p2a: Arcanine|Will-O-Wisp|p1a: Quark
|-status|p1a: Quark|brn
|
|-damage|p1a: Quark|327\/373 brn|[from] brn
|turn|2
|
|switch|p2a: Forretress|Forretress, F|354\/354
|move|p1a: Quark|Tri Attack|p2a: Forretress
|-resisted|p2a: Forretress
|-damage|p2a: Forretress|279\/354
|
|-heal|p2a: Forretress|301\/354|[from] item: Leftovers
|-damage|p1a: Quark|281\/373 brn|[from] brn
|turn|3
|
|switch|p1a: Elepanties|Donphan, F|384\/384
|move|p2a: Forretress|Toxic Spikes|p1a: Elepanties
|-sidestart|p1: DeathDecider|move: Toxic Spikes
|
|-heal|p2a: Forretress|323\/354|[from] item: Leftovers
|turn|4
|
|switch|p2a: Vaporeon|Vaporeon, F|464\/464
|move|p1a: Elepanties|Rapid Spin|p2a: Vaporeon
|-damage|p2a: Vaporeon|446\/464
|-sideend|p1: DeathDecider|Toxic Spikes|[from] move: Rapid Spin|[of] p1a: Elepanties
|
|-heal|p2a: Vaporeon|464\/464|[from] item: Leftovers
|turn|5
|
|switch|p1a: Quark|Porygon2|281\/373 brn
|-ability|p1a: Quark|Water Absorb|[from] ability: Trace|[of] p2a: Vaporeon
|move|p2a: Vaporeon|Wish|p2a: Vaporeon
|
|-damage|p1a: Quark|235\/373 brn|[from] brn
|turn|6
|
|switch|p2a: Nidoqueen|Nidoqueen, F|353\/353
|move|p1a: Quark|Tri Attack|p2a: Nidoqueen
|-crit|p2a: Nidoqueen
|-damage|p2a: Nidoqueen|179\/353
|
|-heal|p2a: Nidoqueen|353\/353|[from] move: Wish|[wisher] Vaporeon
|-damage|p1a: Quark|189\/373 brn|[from] brn
|turn|7
|
|move|p2a: Nidoqueen|Earth Power|p1a: Quark
|-damage|p1a: Quark|71\/373 brn
|move|p1a: Quark|Tri Attack|p2a: Nidoqueen
|-damage|p2a: Nidoqueen|233\/353
|-status|p2a: Nidoqueen|frz
|
|-damage|p1a: Quark|25\/373 brn|[from] brn
|turn|8
|
|-curestatus|p2a: Nidoqueen|frz
|move|p2a: Nidoqueen|Sludge Wave|p1a: Quark
|-damage|p1a: Quark|0 fnt
|faint|p1a: Quark
|
|
|switch|p1a: Brainiac|Alakazam, M|251\/251
|turn|9
|
|switch|p2a: Forretress|Forretress, F|323\/354
|move|p1a: Brainiac|Dazzling Gleam|p2a: Forretress
|-resisted|p2a: Forretress
|-damage|p2a: Forretress|233\/354
|
|-heal|p2a: Forretress|255\/354|[from] item: Leftovers
|turn|10
|
|move|p1a: Brainiac|Focus Blast|p2a: Forretress
|-damage|p2a: Forretress|0 fnt
|faint|p2a: Forretress
|
|
|switch|p2a: Hydreigon|Hydreigon, M|325\/325
|turn|11
|
|move|p2a: Hydreigon|U-turn|p1a: Brainiac
|-supereffective|p1a: Brainiac
|-damage|p1a: Brainiac|57\/251
|
|switch|p2a: Arcanine|Arcanine, M|321\/321
|-ability|p2a: Arcanine|Intimidate|[of] p1a: Brainiac
|-unboost|p1a: Brainiac|atk|1
|move|p1a: Brainiac|Dazzling Gleam|p2a: Arcanine
|-resisted|p2a: Arcanine
|-damage|p2a: Arcanine|251\/321
|
|turn|12
|
|switch|p1a: Annabelle|Banette, F|332\/332
|-item|p2a: Arcanine|Flame Plate|[from] ability: Frisk|[of] p1a: Annabelle|[identify]
|move|p2a: Arcanine|Extreme Speed|p1a: Annabelle
|-immune|p1a: Annabelle|[msg]
|
|turn|13
|
|switch|p1a: Goku|Infernape, M|293\/293
|move|p2a: Arcanine|Will-O-Wisp|p1a: Goku
|-fail|p1a: Goku
|
|turn|14
|
|switch|p2a: Vaporeon|Vaporeon, F|464\/464
|move|p1a: Goku|Close Combat|p2a: Vaporeon
|-crit|p2a: Vaporeon
|-damage|p2a: Vaporeon|116\/464
|-unboost|p1a: Goku|def|1
|-unboost|p1a: Goku|spd|1
|-damage|p1a: Goku|264\/293|[from] item: Life Orb
|
|-heal|p2a: Vaporeon|145\/464|[from] item: Leftovers
|turn|15
|
|move|p2a: Vaporeon|Protect|p2a: Vaporeon
|-singleturn|p2a: Vaporeon|Protect
|move|p1a: Goku|Close Combat|p2a: Vaporeon
|-activate|p2a: Vaporeon|Protect
|
|-heal|p2a: Vaporeon|174\/464|[from] item: Leftovers
|turn|16
|
|switch|p2a: Arcanine|Arcanine, M|251\/321
|-ability|p2a: Arcanine|Intimidate|[of] p1a: Goku
|-unboost|p1a: Goku|atk|1
|move|p1a: Goku|Close Combat|p2a: Arcanine
|-damage|p2a: Arcanine|44\/321
|-unboost|p1a: Goku|def|1
|-unboost|p1a: Goku|spd|1
|-damage|p1a: Goku|235\/293|[from] item: Life Orb
|
|turn|17
|
|switch|p1a: Elepanties|Donphan, F|384\/384
|move|p2a: Arcanine|Extreme Speed|p1a: Elepanties
|-damage|p1a: Elepanties|327\/384
|
|-heal|p1a: Elepanties|351\/384|[from] item: Leftovers
|turn|18
|
|switch|p2a: Hydreigon|Hydreigon, M|325\/325
|move|p1a: Elepanties|Earthquake|p2a: Hydreigon
|-immune|p2a: Hydreigon|[msg]
|
|-heal|p1a: Elepanties|375\/384|[from] item: Leftovers
|turn|19
|
|switch|p1a: Iron Maiden|Aggron, F, shiny|343\/343
|move|p2a: Hydreigon|Draco Meteor|p1a: Iron Maiden
|-resisted|p1a: Iron Maiden
|-damage|p1a: Iron Maiden|175\/343
|-unboost|p2a: Hydreigon|spa|2
|
|turn|20
|
|switch|p2a: Nidoqueen|Nidoqueen, F|233\/353
|move|p1a: Iron Maiden|Head Smash|p2a: Nidoqueen
|-resisted|p2a: Nidoqueen
|-damage|p2a: Nidoqueen|32\/353
|
|turn|21
|
|switch|p1a: Brainiac|Alakazam, M|57\/251
|move|p2a: Nidoqueen|Earth Power|p1a: Brainiac
|-damage|p1a: Brainiac|0 fnt
|faint|p1a: Brainiac
|
|
|switch|p1a: Annabelle|Banette, F|332\/332
|-item|p2a: Nidoqueen|Life Orb|[from] ability: Frisk|[of] p1a: Annabelle|[identify]
|turn|22
|
|detailschange|p1a: Annabelle|Banette-Mega, F
|-mega|p1a: Annabelle|Banette|Banettite
|move|p1a: Annabelle|Shadow Sneak|p2a: Nidoqueen
|-damage|p2a: Nidoqueen|0 fnt
|faint|p2a: Nidoqueen
|
|
|switch|p2a: Arcanine|Arcanine, M|44\/321
|-ability|p2a: Arcanine|Intimidate|[of] p1a: Annabelle
|-unboost|p1a: Annabelle|atk|1
|turn|23
|
|switch|p2a: Hydreigon|Hydreigon, M|325\/325
|move|p1a: Annabelle|Shadow Sneak|p2a: Hydreigon
|-resisted|p2a: Hydreigon
|-damage|p2a: Hydreigon|292\/325
|
|turn|24
|
|move|p1a: Annabelle|Destiny Bond|p1a: Annabelle
|-singlemove|p1a: Annabelle|Destiny Bond
|move|p2a: Hydreigon|Dark Pulse|p1a: Annabelle
|-supereffective|p1a: Annabelle
|-damage|p1a: Annabelle|18\/332
|
|turn|25
|
|switch|p2a: Vaporeon|Vaporeon, F|174\/464
|move|p1a: Annabelle|Pain Split|p2a: Vaporeon
|-sethp|p2a: Vaporeon|96\/464|p1a: Annabelle|96\/332|[from] move: Pain Split
|
|-heal|p2a: Vaporeon|125\/464|[from] item: Leftovers
|turn|26
|
|move|p1a: Annabelle|Will-O-Wisp|p2a: Vaporeon|[miss]
|-miss|p1a: Annabelle|p2a: Vaporeon
|move|p2a: Vaporeon|Scald|p1a: Annabelle
|-damage|p1a: Annabelle|0 fnt
|faint|p1a: Annabelle
|
|-heal|p2a: Vaporeon|154\/464|[from] item: Leftovers
|
|switch|p1a: Goku|Infernape, M|235\/293
|turn|27
|
|move|p2a: Vaporeon|Protect|p2a: Vaporeon
|-singleturn|p2a: Vaporeon|Protect
|move|p1a: Goku|Swords Dance|p1a: Goku
|-boost|p1a: Goku|atk|2
|
|-heal|p2a: Vaporeon|183\/464|[from] item: Leftovers
|turn|28
|c|âDeathDecider|*gulp*
|
|move|p1a: Goku|Close Combat|p2a: Vaporeon
|-damage|p2a: Vaporeon|0 fnt
|-unboost|p1a: Goku|def|1
|-unboost|p1a: Goku|spd|1
|-damage|p1a: Goku|206\/293|[from] item: Life Orb
|faint|p2a: Vaporeon
|
|
|switch|p2a: Arcanine|Arcanine, M|44\/321
|-ability|p2a: Arcanine|Intimidate|[of] p1a: Goku
|-unboost|p1a: Goku|atk|1
|turn|29
|
|switch|p1a: Iron Maiden|Aggron, F, shiny|175\/343
|move|p2a: Arcanine|Extreme Speed|p1a: Iron Maiden
|-resisted|p1a: Iron Maiden
|-damage|p1a: Iron Maiden|163\/343
|
|turn|30
|
|move|p2a: Arcanine|Flare Blitz|p1a: Iron Maiden
|-damage|p1a: Iron Maiden|19\/343
|-damage|p2a: Arcanine|0 fnt|[from] recoil|[of] p1a: Iron Maiden
|faint|p2a: Arcanine
|move|p1a: Iron Maiden|Head Smash|p2: Arcanine|[notarget]
|-notarget
|
|
|switch|p2a: Whimsicott|Whimsicott, M|261\/261
|turn|31
|
|move|p2a: Whimsicott|Moonblast|p1a: Iron Maiden
|-resisted|p1a: Iron Maiden
|-damage|p1a: Iron Maiden|0 fnt
|faint|p1a: Iron Maiden
|
|
|switch|p1a: Goku|Infernape, M|206\/293
|turn|32
|
|move|p2a: Whimsicott|Moonblast|p1a: Goku
|-damage|p1a: Goku|0 fnt
|faint|p1a: Goku
|
|
|switch|p1a: Elepanties|Donphan, F|375\/384
|turn|33
|leave|DeathDecider
|player|p1
|-message|deathdecider lost due to inactivity.
|
|win|Zhaf
|raw|Ladder updating...
|raw|DeathDecider's rating: 1389 &rarr; <strong>1366<\/strong><br \/>(-23 for losing)
|raw|Zhaf's rating: 1323 &rarr; <strong>1346<\/strong><br \/>(+23 for winning)