|join|Zhaf
|join|Golden_Rush19
|player|p1|Zhaf|102
|player|p2|Golden_Rush19|163
|gametype|singles
|gen|6
|tier|UU
|rated
|clearpoke
|poke|p1|Aerodactyl, M
|poke|p1|Lanturn, F
|poke|p1|Chesnaught, F
|poke|p1|Chandelure, M
|poke|p1|Umbreon, M
|poke|p1|Flygon, F
|poke|p2|Electivire, M
|poke|p2|Aerodactyl, M
|poke|p2|Sceptile, M
|poke|p2|Arcanine, M
|poke|p2|Quagsire, M
|poke|p2|Aggron, M
|rule|Sleep Clause Mod: Limit one foe put to sleep
|rule|Species Clause: Limit one of each Pokemon
|rule|OHKO Clause: OHKO moves are banned
|rule|Moody Clause: Moody is banned
|rule|Evasion Moves Clause: Evasion moves are banned
|rule|Endless Battle Clause: Forcing endless battles is banned.
|rule|HP Percentage Mod: HP is reported as percentages
|teampreview
|chat|Zhaf|Gl, Hf!
|chat|Golden_Rush19|?
|
|start
|switch|p1a: Chesnaught|Chesnaught, F|380\/380
|switch|p2a: Aggron|Aggron, M|281\/281
|turn|1
|chat|Zhaf|Good luck, and have fun :)
|
|move|p1a: Chesnaught|Leech Seed|p2a: Aggron
|-start|p2a: Aggron|move: Leech Seed
|move|p2a: Aggron|Thunder Wave|p1a: Chesnaught
|-status|p1a: Chesnaught|par
|
|-damage|p2a: Aggron|246\/281|[from] Leech Seed|[of] p1a: Chesnaught
|turn|2
|
|move|p2a: Aggron|Stealth Rock|p1a: Chesnaught
|-sidestart|p1: Zhaf|move: Stealth Rock
|move|p1a: Chesnaught|Hammer Arm|p2a: Aggron|[miss]
|-miss|p1a: Chesnaught|p2a: Aggron
|
|-heal|p2a: Aggron|263\/281|[from] item: Leftovers
|-damage|p2a: Aggron|228\/281|[from] Leech Seed|[of] p1a: Chesnaught
|turn|3
|
|move|p2a: Aggron|Iron Head|p1a: Chesnaught
|-damage|p1a: Chesnaught|299\/380 par
|move|p1a: Chesnaught|Seed Bomb|p2a: Aggron
|-damage|p2a: Aggron|183\/281
|
|-heal|p2a: Aggron|200\/281|[from] item: Leftovers
|-heal|p1a: Chesnaught|322\/380 par|[from] item: Leftovers
|-damage|p2a: Aggron|165\/281|[from] Leech Seed|[of] p1a: Chesnaught
|-heal|p1a: Chesnaught|357\/380 par|[silent]
|turn|4
|
|move|p2a: Aggron|Endeavor|p1a: Chesnaught
|-damage|p1a: Chesnaught|165\/380 par
|cant|p1a: Chesnaught|par
|
|-heal|p2a: Aggron|182\/281|[from] item: Leftovers
|-heal|p1a: Chesnaught|188\/380 par|[from] item: Leftovers
|-damage|p2a: Aggron|147\/281|[from] Leech Seed|[of] p1a: Chesnaught
|-heal|p1a: Chesnaught|223\/380 par|[silent]
|turn|5
|
|move|p2a: Aggron|Endeavor|p1a: Chesnaught
|-damage|p1a: Chesnaught|147\/380 par
|move|p1a: Chesnaught|Hammer Arm|p2a: Aggron
|-supereffective|p2a: Aggron
|-damage|p2a: Aggron|0 fnt
|-unboost|p1a: Chesnaught|spe|1
|faint|p2a: Aggron
|
|-heal|p1a: Chesnaught|170\/380 par|[from] item: Leftovers
|
|switch|p2a: Electivire|Electivire, M|291\/291
|-item|p2a: Electivire|Air Balloon
|turn|6
|
|move|p1a: Chesnaught|Spiky Shield|p1a: Chesnaught
|-singleturn|p1a: Chesnaught|move: Protect
|move|p2a: Electivire|Ice Punch|p1a: Chesnaught
|-activate|p1a: Chesnaught|move: Protect
|-damage|p2a: Electivire|255\/291|[from] Spiky Shield|[of] p1a: Chesnaught
|
|-heal|p1a: Chesnaught|193\/380 par|[from] item: Leftovers
|turn|7
|
|switch|p1a: Umbreon|Umbreon, M|394\/394
|-damage|p1a: Umbreon|345\/394|[from] Stealth Rock
|move|p2a: Electivire|Ice Punch|p1a: Umbreon
|-damage|p1a: Umbreon|285\/394
|
|-heal|p1a: Umbreon|309\/394|[from] item: Leftovers
|turn|8
|
|move|p2a: Electivire|Dynamic Punch|p1a: Umbreon|[miss]
|-miss|p2a: Electivire|p1a: Umbreon
|move|p1a: Umbreon|Wish|p1a: Umbreon
|
|-heal|p1a: Umbreon|333\/394|[from] item: Leftovers
|turn|9
|chat|Zhaf|Wow, ballsy set!
|
|move|p2a: Electivire|Dynamic Punch|p1a: Umbreon|[miss]
|-miss|p2a: Electivire|p1a: Umbreon
|move|p1a: Umbreon|Foul Play|p2a: Electivire
|-damage|p2a: Electivire|0 fnt
|-enditem|p2a: Electivire|Air Balloon
|faint|p2a: Electivire
|
|-heal|p1a: Umbreon|394\/394|[from] move: Wish|[wisher] Umbreon
|
|switch|p2a: Arcanine|Arcanine, M|384\/384
|-ability|p2a: Arcanine|Intimidate|[of] p1a: Umbreon
|-unboost|p1a: Umbreon|atk|1
|turn|10
|
|move|p1a: Umbreon|Protect|p1a: Umbreon
|-singleturn|p1a: Umbreon|Protect
|move|p2a: Arcanine|Close Combat|p1a: Umbreon
|-activate|p1a: Umbreon|Protect
|
|turn|11
|
|switch|p1a: Chandelure|Chandelure, M|261\/261
|-damage|p1a: Chandelure|196\/261|[from] Stealth Rock
|move|p2a: Arcanine|Close Combat|p1a: Chandelure
|-immune|p1a: Chandelure|[msg]
|
|turn|12
|
|move|p1a: Chandelure|Shadow Ball|p2a: Arcanine
|-damage|p2a: Arcanine|180\/384
|move|p2a: Arcanine|Thunder Fang|p1a: Chandelure
|-damage|p1a: Chandelure|93\/261
|-damage|p2a: Arcanine|142\/384|[from] item: Life Orb
|
|turn|13
|
|switch|p2a: Quagsire|Quagsire, M|394\/394
|move|p1a: Chandelure|Shadow Ball|p2a: Quagsire
|-damage|p2a: Quagsire|147\/394
|
|-heal|p2a: Quagsire|171\/394|[from] item: Leftovers
|turn|14
|
|move|p1a: Chandelure|Shadow Ball|p2a: Quagsire
|-damage|p2a: Quagsire|0 fnt
|faint|p2a: Quagsire
|
|
|switch|p2a: Aerodactyl|Aerodactyl, M|302\/302
|turn|15
|
|-formechange|p2a: Aerodactyl|Aerodactyl-Mega
|message|Aerodactyl has Mega Evolved into Mega Aerodactyl!
|move|p2a: Aerodactyl|Aerial Ace|p1a: Chandelure
|-damage|p1a: Chandelure|0 fnt
|faint|p1a: Chandelure
|
|
|switch|p1a: Flygon|Flygon, F|364\/364
|-damage|p1a: Flygon|342\/364|[from] Stealth Rock
|turn|16
|
|switch|p2a: Sceptile|Sceptile, M|281\/281
|move|p1a: Flygon|Defog|p2a: Sceptile
|-unboost|p2a: Sceptile|evasion|1
|-sideend|p1: Zhaf|Stealth Rock|[from] move: Defog|[of] p1a: Flygon
|
|turn|17
|
|move|p2a: Sceptile|Dragon Pulse|p1a: Flygon
|-supereffective|p1a: Flygon
|-damage|p1a: Flygon|122\/364
|move|p1a: Flygon|Dragon Claw|p2a: Sceptile
|-damage|p2a: Sceptile|82\/281
|-damage|p1a: Flygon|86\/364|[from] item: Life Orb
|-enditem|p2a: Sceptile|Sitrus Berry|[eat]
|-heal|p2a: Sceptile|152\/281|[from] item: Sitrus Berry
|
|turn|18
|
|move|p2a: Sceptile|Giga Drain|p1a: Flygon
|-damage|p1a: Flygon|0 fnt
|-heal|p2a: Sceptile|195\/281|[from] drain|[of] p1a: Flygon
|faint|p1a: Flygon
|
|
|switch|p1a: Aerodactyl|Aerodactyl, M|302\/302
|-ability|p1a: Aerodactyl|Unnerve|p2: Golden_Rush19
|turn|19
|
|-formechange|p1a: Aerodactyl|Aerodactyl-Mega
|message|Aerodactyl has Mega Evolved into Mega Aerodactyl!
|move|p2a: Sceptile|Giga Drain|p1a: Aerodactyl
|-damage|p1a: Aerodactyl|167\/302
|-heal|p2a: Sceptile|263\/281|[from] drain|[of] p1a: Aerodactyl
|move|p1a: Aerodactyl|Aerial Ace|p2a: Sceptile
|-supereffective|p2a: Sceptile
|-damage|p2a: Sceptile|0 fnt
|faint|p2a: Sceptile
|
|
|switch|p2a: Aerodactyl|Aerodactyl, M|302\/302
|-formechange|p2a: Aerodactyl|Aerodactyl-Mega
|turn|20
|
|switch|p1a: Umbreon|Umbreon, M|394\/394
|move|p2a: Aerodactyl|Thunder Fang|p1a: Umbreon
|-damage|p1a: Umbreon|317\/394
|
|-heal|p1a: Umbreon|341\/394|[from] item: Leftovers
|turn|21
|
|move|p2a: Aerodactyl|Earthquake|p1a: Umbreon
|-damage|p1a: Umbreon|252\/394
|move|p1a: Umbreon|Foul Play|p2a: Aerodactyl
|-damage|p2a: Aerodactyl|110\/302
|
|-heal|p1a: Umbreon|276\/394|[from] item: Leftovers
|turn|22
|
|move|p2a: Aerodactyl|Stone Edge|p1a: Umbreon
|-damage|p1a: Umbreon|153\/394
|move|p1a: Umbreon|Foul Play|p2a: Aerodactyl
|-damage|p2a: Aerodactyl|0 fnt
|faint|p2a: Aerodactyl
|
|-heal|p1a: Umbreon|177\/394|[from] item: Leftovers
|
|switch|p2a: Arcanine|Arcanine, M|142\/384
|-ability|p2a: Arcanine|Intimidate|[of] p1a: Umbreon
|-unboost|p1a: Umbreon|atk|1
|turn|23
|
|move|p1a: Umbreon|Protect|p1a: Umbreon
|-singleturn|p1a: Umbreon|Protect
|move|p2a: Arcanine|Close Combat|p1a: Umbreon
|-activate|p1a: Umbreon|Protect
|
|-heal|p1a: Umbreon|201\/394|[from] item: Leftovers
|turn|24
|
|move|p2a: Arcanine|Close Combat|p1a: Umbreon
|-supereffective|p1a: Umbreon
|-damage|p1a: Umbreon|0 fnt
|-unboost|p2a: Arcanine|def|1
|-unboost|p2a: Arcanine|spd|1
|-damage|p2a: Arcanine|104\/384|[from] item: Life Orb
|faint|p1a: Umbreon
|
|
|switch|p1a: Aerodactyl|Aerodactyl, M|167\/302
|-formechange|p1a: Aerodactyl|Aerodactyl-Mega
|turn|25
|
|move|p1a: Aerodactyl|Earthquake|p2a: Arcanine
|-supereffective|p2a: Arcanine
|-damage|p2a: Arcanine|0 fnt
|faint|p2a: Arcanine
|
|win|Zhaf
|raw|Ladder updating...
|raw|Zhaf's rating: 1251 &rarr; <strong>1265<\/strong><br \/>(+14 for winning)
|raw|Golden_Rush19's rating: 1098 &rarr; <strong>1084<\/strong><br \/>(-14 for losing)
|chat|Zhaf|Gg
|chat|Golden_Rush19|gg