|join|feeboss
|join|Zhaf
|player|p1|feeboss|29
|player|p2|Zhaf|69
|gametype|singles
|gen|6
|tier|UU
|rule|Sleep Clause Mod: Limit one foe put to sleep
|rule|Species Clause: Limit one of each PokÃ©mon
|rule|OHKO Clause: OHKO moves are banned
|rule|Moody Clause: Moody is banned
|rule|Evasion Moves Clause: Evasion moves are banned
|rule|Endless Battle Clause: Forcing endless battles is banned
|rule|HP Percentage Mod: HP is shown in percentages
|clearpoke
|poke|p1|Roserade, M
|poke|p1|Krookodile, F
|poke|p1|Empoleon, F
|poke|p1|Cresselia, F
|poke|p1|Braviary, M
|poke|p1|Goodra, F
|poke|p2|Shaymin
|poke|p2|Flygon, F
|poke|p2|Forretress, M
|poke|p2|Vaporeon, F
|poke|p2|Entei, shiny
|poke|p2|Glalie, M
|rule|Swagger Clause: Swagger is banned
|rule|Baton Pass Clause: Limit one PokÃ©mon knowing Baton Pass
|teampreview
|c|âfeeboss|if you want me to use a different team bc of cress, you can just say it xD
|c|âfeeboss|gl hf
|
|start
|switch|p1a: Fiachra|Empoleon, F|372\/372
|switch|p2a: Buzz|Flygon, F|301\/301
|turn|1
|c|âZhaf|Nah, Gl Hf.
|
|switch|p1a: Horos|Braviary, M|403\/403
|move|p2a: Buzz|U-turn|p1a: Horos
|-resisted|p1a: Horos
|-damage|p1a: Horos|362\/403
|
|switch|p2a: A Fish|Vaporeon, F|464\/464
|
|-heal|p1a: Horos|387\/403|[from] item: Leftovers
|turn|2
|
|switch|p1a: Fiachra|Empoleon, F|372\/372
|move|p2a: A Fish|Scald|p1a: Fiachra
|-resisted|p1a: Fiachra
|-damage|p1a: Fiachra|318\/372
|
|-heal|p1a: Fiachra|341\/372|[from] item: Leftovers
|turn|3
|
|switch|p2a: Sassy Nature|Shaymin|342\/342
|move|p1a: Fiachra|Stealth Rock|p2a: Sassy Nature
|-sidestart|p2: Zhaf|move: Stealth Rock
|
|-heal|p1a: Fiachra|364\/372|[from] item: Leftovers
|turn|4
|
|switch|p1a: Astaroth|Goodra, F|383\/383
|move|p2a: Sassy Nature|Seed Flare|p1a: Astaroth
|-resisted|p1a: Astaroth
|-damage|p1a: Astaroth|332\/383
|-damage|p2a: Sassy Nature|308\/342|[from] item: Life Orb
|
|turn|5
|c|âfeeboss|think I'm gonna replace cress for a gimmick
|
|switch|p2a: A Fish|Vaporeon, F|464\/464
|-damage|p2a: A Fish|406\/464|[from] Stealth Rock
|move|p1a: Astaroth|Dragon Pulse|p2a: A Fish
|-damage|p2a: A Fish|259\/464
|
|-heal|p2a: A Fish|288\/464|[from] item: Leftovers
|turn|6
|
|switch|p1a: Puns n Roses|Roserade, M|323\/323
|move|p2a: A Fish|Wish|p2a: A Fish
|
|-heal|p2a: A Fish|317\/464|[from] item: Leftovers
|turn|7
|
|switch|p2a: Uncle Zodd|Entei, shiny|371\/371
|-damage|p2a: Uncle Zodd|279\/371|[from] Stealth Rock
|-ability|p2a: Uncle Zodd|Pressure
|move|p1a: Puns n Roses|Hidden Power|p2a: Uncle Zodd
|-resisted|p2a: Uncle Zodd
|-damage|p2a: Uncle Zodd|231\/371
|-damage|p1a: Puns n Roses|291\/323|[from] item: Life Orb
|
|-heal|p2a: Uncle Zodd|371\/371|[from] move: Wish|[wisher] A Fish
|turn|8
|
|switch|p1a: Fiachra|Empoleon, F|364\/372
|move|p2a: Uncle Zodd|Sacred Fire|p1a: Fiachra
|-damage|p1a: Fiachra|226\/372
|-status|p1a: Fiachra|brn
|
|-heal|p1a: Fiachra|249\/372 brn|[from] item: Leftovers
|-damage|p1a: Fiachra|203\/372 brn|[from] brn
|turn|9
|
|move|p2a: Uncle Zodd|Sacred Fire|p1a: Fiachra
|-damage|p1a: Fiachra|58\/372 brn
|move|p1a: Fiachra|Roar|p2a: Uncle Zodd
|drag|p2a: Coolest Durian|Glalie, M|301\/301
|-damage|p2a: Coolest Durian|226\/301|[from] Stealth Rock
|
|-heal|p1a: Fiachra|81\/372 brn|[from] item: Leftovers
|-damage|p1a: Fiachra|35\/372 brn|[from] brn
|turn|10
|
|detailschange|p2a: Coolest Durian|Glalie-Mega, M
|-mega|p2a: Coolest Durian|Glalie|Glalitite
|move|p2a: Coolest Durian|Frustration|p1a: Fiachra
|-resisted|p1a: Fiachra
|-damage|p1a: Fiachra|0 fnt
|faint|p1a: Fiachra
|
|
|switch|p1a: Snickers|Krookodile, F|331\/331
|turn|11
|
|move|p2a: Coolest Durian|Protect|p2a: Coolest Durian
|-singleturn|p2a: Coolest Durian|Protect
|move|p1a: Snickers|Stone Edge|p2a: Coolest Durian
|-activate|p2a: Coolest Durian|Protect
|
|turn|12
|
|switch|p2a: Buzz|Flygon, F|301\/301
|-damage|p2a: Buzz|283\/301|[from] Stealth Rock
|move|p1a: Snickers|Stone Edge|p2a: Buzz
|-resisted|p2a: Buzz
|-damage|p2a: Buzz|221\/301
|
|turn|13
|
|switch|p1a: Bijou|Cresselia, F|444\/444
|move|p2a: Buzz|U-turn|p1a: Bijou
|-supereffective|p1a: Bijou
|-damage|p1a: Bijou|350\/444
|
|switch|p2a: Sassy Nature|Shaymin|308\/342
|-damage|p2a: Sassy Nature|266\/342|[from] Stealth Rock
|
|-heal|p1a: Bijou|377\/444|[from] item: Leftovers
|turn|14
|
|switch|p1a: Puns n Roses|Roserade, M|291\/323
|move|p2a: Sassy Nature|Seed Flare|p1a: Puns n Roses
|-resisted|p1a: Puns n Roses
|-damage|p1a: Puns n Roses|235\/323
|-damage|p2a: Sassy Nature|232\/342|[from] item: Life Orb
|
|turn|15
|
|move|p2a: Sassy Nature|Psychic|p1a: Puns n Roses
|-supereffective|p1a: Puns n Roses
|-damage|p1a: Puns n Roses|0 fnt
|-damage|p2a: Sassy Nature|198\/342|[from] item: Life Orb
|faint|p1a: Puns n Roses
|
|c|âfeeboss|o
|
|switch|p1a: Astaroth|Goodra, F|332\/383
|turn|16
|join|Happee
|c|âZhaf|Crobat was a problem, so..
|
|switch|p2a: Viva Pinata|Forretress, M|353\/353
|-damage|p2a: Viva Pinata|309\/353|[from] Stealth Rock
|move|p1a: Astaroth|Dragon Pulse|p2a: Viva Pinata
|-crit|p2a: Viva Pinata
|-resisted|p2a: Viva Pinata
|-damage|p2a: Viva Pinata|195\/353
|
|-heal|p2a: Viva Pinata|217\/353|[from] item: Leftovers
|turn|17
|
|switch|p1a: Horos|Braviary, M|387\/403
|move|p2a: Viva Pinata|Rapid Spin|p1a: Horos
|-damage|p1a: Horos|369\/403
|-sideend|p2: Zhaf|Stealth Rock|[from] move: Rapid Spin|[of] p2a: Viva Pinata
|
|-heal|p1a: Horos|394\/403|[from] item: Leftovers
|-heal|p2a: Viva Pinata|239\/353|[from] item: Leftovers
|turn|18
|
|switch|p2a: A Fish|Vaporeon, F|317\/464
|move|p1a: Horos|Substitute|p1a: Horos
|-start|p1a: Horos|Substitute
|-damage|p1a: Horos|294\/403
|
|-heal|p1a: Horos|319\/403|[from] item: Leftovers
|-heal|p2a: A Fish|346\/464|[from] item: Leftovers
|turn|19
|
|move|p1a: Horos|Brave Bird|p2a: A Fish
|-damage|p2a: A Fish|187\/464
|-damage|p1a: Horos|267\/403|[from] recoil|[of] p2a: A Fish
|move|p2a: A Fish|Ice Beam|p1a: Horos
|-crit|p1a: Horos
|-supereffective|p1a: Horos
|-end|p1a: Horos|Substitute
|
|-heal|p1a: Horos|292\/403|[from] item: Leftovers
|-heal|p2a: A Fish|216\/464|[from] item: Leftovers
|turn|20
|
|move|p1a: Horos|Substitute|p1a: Horos
|-start|p1a: Horos|Substitute
|-damage|p1a: Horos|192\/403
|move|p2a: A Fish|Wish|p2a: A Fish
|
|-heal|p1a: Horos|217\/403|[from] item: Leftovers
|-heal|p2a: A Fish|245\/464|[from] item: Leftovers
|turn|21
|
|move|p1a: Horos|Roost|p1a: Horos
|-heal|p1a: Horos|403\/403
|move|p2a: A Fish|Ice Beam|p1a: Horos
|-activate|p1a: Horos|Substitute|[damage]
|
|-heal|p2a: A Fish|464\/464|[from] move: Wish|[wisher] A Fish
|turn|22
|
|move|p1a: Horos|Brave Bird|p2a: A Fish
|-damage|p2a: A Fish|296\/464
|-damage|p1a: Horos|348\/403|[from] recoil|[of] p2a: A Fish
|move|p2a: A Fish|Scald|p1a: Horos
|-crit|p1a: Horos
|-end|p1a: Horos|Substitute
|
|-heal|p1a: Horos|373\/403|[from] item: Leftovers
|-heal|p2a: A Fish|325\/464|[from] item: Leftovers
|turn|23
|
|switch|p1a: Astaroth|Goodra, F|332\/383
|move|p2a: A Fish|Ice Beam|p1a: Astaroth
|-supereffective|p1a: Astaroth
|-damage|p1a: Astaroth|264\/383
|
|-heal|p2a: A Fish|354\/464|[from] item: Leftovers
|turn|24
|
|move|p2a: A Fish|Protect|p2a: A Fish
|-singleturn|p2a: A Fish|Protect
|move|p1a: Astaroth|Dragon Pulse|p2a: A Fish
|-activate|p2a: A Fish|Protect
|
|-heal|p2a: A Fish|383\/464|[from] item: Leftovers
|turn|25
|c|âZhaf|I have a question, but i'll ask it after this goodra dies.
|c| Happee|sac something get a safe switch into glalie , kill everything ;-;
|c| Happee|imo
|
|switch|p2a: Viva Pinata|Forretress, M|239\/353
|move|p1a: Astaroth|Dragon Pulse|p2a: Viva Pinata
|-resisted|p2a: Viva Pinata
|-damage|p2a: Viva Pinata|169\/353
|
|-heal|p2a: Viva Pinata|191\/353|[from] item: Leftovers
|turn|26
|c|âfeeboss|glalie fucks me sideways
|
|switch|p1a: Horos|Braviary, M|373\/403
|move|p2a: Viva Pinata|Stealth Rock|p1a: Horos
|-sidestart|p1: feeboss|move: Stealth Rock
|
|-heal|p1a: Horos|398\/403|[from] item: Leftovers
|-heal|p2a: Viva Pinata|213\/353|[from] item: Leftovers
|turn|27
|c| Happee|;-; glalie is scary af
|
|switch|p2a: A Fish|Vaporeon, F|383\/464
|move|p1a: Horos|Substitute|p1a: Horos
|-start|p1a: Horos|Substitute
|-damage|p1a: Horos|298\/403
|
|-heal|p1a: Horos|323\/403|[from] item: Leftovers
|-heal|p2a: A Fish|412\/464|[from] item: Leftovers
|turn|28
|c|âZhaf|Ik
|
|move|p1a: Horos|Brave Bird|p2a: A Fish
|-damage|p2a: A Fish|259\/464
|-damage|p1a: Horos|273\/403|[from] recoil|[of] p2a: A Fish
|move|p2a: A Fish|Ice Beam|p1a: Horos
|-supereffective|p1a: Horos
|-end|p1a: Horos|Substitute
|
|-heal|p1a: Horos|298\/403|[from] item: Leftovers
|-heal|p2a: A Fish|288\/464|[from] item: Leftovers
|turn|29
|
|move|p1a: Horos|Substitute|p1a: Horos
|-start|p1a: Horos|Substitute
|-damage|p1a: Horos|198\/403
|move|p2a: A Fish|Ice Beam|p1a: Horos
|-crit|p1a: Horos
|-supereffective|p1a: Horos
|-end|p1a: Horos|Substitute
|
|-heal|p1a: Horos|223\/403|[from] item: Leftovers
|-heal|p2a: A Fish|317\/464|[from] item: Leftovers
|turn|30
|
|move|p1a: Horos|Roost|p1a: Horos
|-heal|p1a: Horos|403\/403
|move|p2a: A Fish|Scald|p1a: Horos
|-damage|p1a: Horos|316\/403
|
|-heal|p1a: Horos|341\/403|[from] item: Leftovers
|-heal|p2a: A Fish|346\/464|[from] item: Leftovers
|turn|31
|c|âZhaf|Water veil braviary imo.
|c|âfeeboss|^
|
|switch|p1a: Bijou|Cresselia, F|377\/444
|-damage|p1a: Bijou|322\/444|[from] Stealth Rock
|move|p2a: A Fish|Ice Beam|p1a: Bijou
|-damage|p1a: Bijou|262\/444
|
|-heal|p1a: Bijou|289\/444|[from] item: Leftovers
|-heal|p2a: A Fish|375\/464|[from] item: Leftovers
|turn|32
|
|switch|p2a: Uncle Zodd|Entei, shiny|371\/371
|-ability|p2a: Uncle Zodd|Pressure
|move|p1a: Bijou|Moonlight|p1a: Bijou
|-heal|p1a: Bijou|444\/444
|
|turn|33
|
|move|p2a: Uncle Zodd|Sacred Fire|p1a: Bijou
|-crit|p1a: Bijou
|-damage|p1a: Bijou|261\/444
|-status|p1a: Bijou|brn
|move|p1a: Bijou|Psyshock|p2a: Uncle Zodd
|-damage|p2a: Uncle Zodd|283\/371
|
|-heal|p1a: Bijou|288\/444 brn|[from] item: Leftovers
|-damage|p1a: Bijou|233\/444 brn|[from] brn
|turn|34
|c| Happee|roast duck
|c| Happee|mmmmm
|
|move|p2a: Uncle Zodd|Stone Edge|p1a: Bijou
|-damage|p1a: Bijou|154\/444 brn
|move|p1a: Bijou|Moonlight|p1a: Bijou
|-heal|p1a: Bijou|376\/444 brn
|
|-heal|p1a: Bijou|403\/444 brn|[from] item: Leftovers
|-damage|p1a: Bijou|348\/444 brn|[from] brn
|turn|35
|
|move|p2a: Uncle Zodd|Sacred Fire|p1a: Bijou
|-damage|p1a: Bijou|239\/444 brn
|move|p1a: Bijou|Psyshock|p2a: Uncle Zodd
|-damage|p2a: Uncle Zodd|198\/371
|
|-heal|p1a: Bijou|266\/444 brn|[from] item: Leftovers
|-damage|p1a: Bijou|211\/444 brn|[from] brn
|turn|36
|
|switch|p2a: Sassy Nature|Shaymin|198\/342
|move|p1a: Bijou|Psyshock|p2a: Sassy Nature
|-damage|p2a: Sassy Nature|123\/342
|
|-heal|p1a: Bijou|238\/444 brn|[from] item: Leftovers
|-damage|p1a: Bijou|183\/444 brn|[from] brn
|turn|37
|
|move|p2a: Sassy Nature|Seed Flare|p1a: Bijou
|-damage|p1a: Bijou|4\/444 brn
|-unboost|p1a: Bijou|spd|2
|-damage|p2a: Sassy Nature|89\/342|[from] item: Life Orb
|move|p1a: Bijou|Moonlight|p1a: Bijou
|-heal|p1a: Bijou|226\/444 brn
|
|-heal|p1a: Bijou|253\/444 brn|[from] item: Leftovers
|-damage|p1a: Bijou|198\/444 brn|[from] brn
|turn|38
|c|âfeeboss|o.o
|c| Happee|glalie if real ;-;
|c|âZhaf|Die pls
|
|switch|p1a: Astaroth|Goodra, F|264\/383
|-damage|p1a: Astaroth|217\/383|[from] Stealth Rock
|move|p2a: Sassy Nature|Seed Flare|p1a: Astaroth|[miss]
|-miss|p2a: Sassy Nature|p1a: Astaroth
|
|turn|39
|c| Happee|;-;
|
|move|p2a: Sassy Nature|Rest|p2a: Sassy Nature
|-status|p2a: Sassy Nature|slp
|-heal|p2a: Sassy Nature|342\/342 slp|[silent]
|-status|p2a: Sassy Nature|slp|[from] move: Rest
|move|p1a: Astaroth|Sludge Bomb|p2a: Sassy Nature
|-crit|p2a: Sassy Nature
|-supereffective|p2a: Sassy Nature
|-damage|p2a: Sassy Nature|12\/342 slp
|
|turn|40
|c|âfeeboss|o
|c|âZhaf|U wot m8
|c| Happee|sac it
|c| Happee|o3o
|c| Happee|glalie \o3o\/
|
|cant|p2a: Sassy Nature|slp
|move|p1a: Astaroth|Dragon Pulse|p2a: Sassy Nature
|-damage|p2a: Sassy Nature|0 fnt
|faint|p2a: Sassy Nature
|
|c| Happee|ogre ;-;?
|
|switch|p2a: Coolest Durian|Glalie-Mega, M|226\/301
|turn|41
|c|âZhaf|It's always ogre.
|
|switch|p1a: Bijou|Cresselia, F|198\/444 brn
|-damage|p1a: Bijou|143\/444 brn|[from] Stealth Rock
|move|p2a: Coolest Durian|Frustration|p1a: Bijou
|-damage|p1a: Bijou|0 fnt
|faint|p1a: Bijou
|
|c| Happee|unless scarf krook ;-;
|
|switch|p1a: Snickers|Krookodile, F|331\/331
|-damage|p1a: Snickers|311\/331|[from] Stealth Rock
|turn|42
|c|âfeeboss|n-no
|c| Happee|:O
|c|âZhaf|Obv
|c| Happee|you live anyway
|c|âfeeboss|it __totally__ isn't scarf
|
|switch|p2a: A Fish|Vaporeon, F|375\/464
|move|p1a: Snickers|Stone Edge|p2a: A Fish
|-damage|p2a: A Fish|262\/464
|
|-heal|p2a: A Fish|291\/464|[from] item: Leftovers
|turn|43
|c| Happee|not a stone edge ;-;
|
|switch|p1a: Astaroth|Goodra, F|217\/383
|-damage|p1a: Astaroth|170\/383|[from] Stealth Rock
|move|p2a: A Fish|Ice Beam|p1a: Astaroth
|-supereffective|p1a: Astaroth
|-damage|p1a: Astaroth|100\/383
|
|-heal|p2a: A Fish|320\/464|[from] item: Leftovers
|turn|44
|c|âfeeboss|well, pretty sure you got this
|c| Happee|bleve
|
|switch|p2a: Viva Pinata|Forretress, M|213\/353
|move|p1a: Astaroth|Dragon Pulse|p2a: Viva Pinata
|-resisted|p2a: Viva Pinata
|-damage|p2a: Viva Pinata|146\/353
|
|-heal|p2a: Viva Pinata|168\/353|[from] item: Leftovers
|turn|45
|c| Happee|in knock off sweep
|
|move|p1a: Astaroth|Dragon Pulse|p2a: Viva Pinata
|-resisted|p2a: Viva Pinata
|-damage|p2a: Viva Pinata|96\/353
|move|p2a: Viva Pinata|Gyro Ball|p1a: Astaroth
|-damage|p1a: Astaroth|0 fnt
|-unboost|p2a: Viva Pinata|spe|1
|faint|p1a: Astaroth
|
|-heal|p2a: Viva Pinata|118\/353|[from] item: Leftovers
|c| Happee|and banded flygon
|
|switch|p1a: Snickers|Krookodile, F|311\/331
|-damage|p1a: Snickers|291\/331|[from] Stealth Rock
|turn|46
|
|move|p1a: Snickers|Crunch|p2a: Viva Pinata
|-damage|p2a: Viva Pinata|22\/353
|-unboost|p2a: Viva Pinata|def|1
|move|p2a: Viva Pinata|Gyro Ball|p1a: Snickers
|-crit|p1a: Snickers
|-damage|p1a: Snickers|21\/331
|
|-heal|p2a: Viva Pinata|44\/353|[from] item: Leftovers
|turn|47
|c|âfeeboss|god dman it
|c| Happee|liechi where?
|c|âZhaf|Goey saved me.
|
|move|p1a: Snickers|Crunch|p2a: Viva Pinata
|-damage|p2a: Viva Pinata|0 fnt
|faint|p2a: Viva Pinata
|-boost|p1a: Snickers|atk|1|[from] ability: Moxie
|
|
|switch|p2a: Coolest Durian|Glalie-Mega, M|226\/301
|turn|48
|c| Happee|crit them all \;-;\/
|c| Happee|oh
|c| Happee|ice shard
|c|âZhaf|The ice is in.
|c| Happee|rip
|
|move|p2a: Coolest Durian|Ice Shard|p1a: Snickers
|-supereffective|p1a: Snickers
|-damage|p1a: Snickers|0 fnt
|faint|p1a: Snickers
|
|
|switch|p1a: Horos|Braviary, M|341\/403
|-damage|p1a: Horos|241\/403|[from] Stealth Rock
|turn|49
|c|âfeeboss|gg
|c|âZhaf|gg, wp
|
|move|p2a: Coolest Durian|Frustration|p1a: Horos
|-supereffective|p1a: Horos
|-damage|p1a: Horos|0 fnt
|faint|p1a: Horos
|
|win|Zhaf
|leave|Happee
|c|âfeeboss|mhm
|leave|feeboss
|player|p1