|join|Zhaf
|join|Zartres10
|player|p1|Zhaf|69
|player|p2|Zartres10|52
|gametype|singles
|gen|6
|tier|UU
|rated
|rule|Sleep Clause Mod: Limit one foe put to sleep
|rule|Species Clause: Limit one of each PokÃ©mon
|rule|OHKO Clause: OHKO moves are banned
|rule|Moody Clause: Moody is banned
|rule|Evasion Moves Clause: Evasion moves are banned
|rule|Endless Battle Clause: Forcing endless battles is banned
|rule|HP Percentage Mod: HP is shown in percentages
|clearpoke
|poke|p1|Vaporeon, M
|poke|p1|Nidoqueen, F
|poke|p1|Hydreigon, M
|poke|p1|Whimsicott, F
|poke|p1|Entei, shiny
|poke|p1|Forretress, M
|poke|p2|Galvantula, M
|poke|p2|Zygarde
|poke|p2|Darmanitan, M
|poke|p2|Empoleon, F
|poke|p2|Pidgeot, M
|poke|p2|Mienshao, F
|rule|Swagger Clause: Swagger is banned
|rule|Baton Pass Clause: Limit one PokÃ©mon knowing Baton Pass
|teampreview
|
|start
|switch|p1a: Uncle Zodd|Entei, shiny|371\/371
|switch|p2a: Galvantula|Galvantula, M|281\/281
|-ability|p1a: Uncle Zodd|Pressure
|turn|1
|
|move|p2a: Galvantula|Sticky Web|p1a: Uncle Zodd
|-sidestart|p1: Zhaf|move: Sticky Web
|move|p1a: Uncle Zodd|Sacred Fire|p2a: Galvantula
|-supereffective|p2a: Galvantula
|-enditem|p2a: Galvantula|Focus Sash
|-damage|p2a: Galvantula|1\/281
|-status|p2a: Galvantula|brn
|
|-damage|p2a: Galvantula|0 fnt|[from] brn
|faint|p2a: Galvantula
|
|switch|p2a: Zygarde|Zygarde|419\/419
|-ability|p2a: Zygarde|Aura Break
|turn|2
|
|switch|p1a: Fishcat|Vaporeon, M|464\/464
|-activate|p1a: Fishcat|move: Sticky Web
|-unboost|p1a: Fishcat|spe|1
|move|p2a: Zygarde|Substitute|p2a: Zygarde
|-start|p2a: Zygarde|Substitute
|-damage|p2a: Zygarde|315\/419
|
|-heal|p2a: Zygarde|341\/419|[from] item: Leftovers
|turn|3
|
|move|p1a: Fishcat|Ice Beam|p2a: Zygarde
|-supereffective|p2a: Zygarde
|-end|p2a: Zygarde|Substitute
|move|p2a: Zygarde|Dragon Tail|p1a: Fishcat
|-crit|p1a: Fishcat
|-damage|p1a: Fishcat|329\/464
|drag|p1a: Tingle|Whimsicott, F|261\/261
|-activate|p1a: Tingle|move: Sticky Web
|-unboost|p1a: Tingle|spe|1
|
|-heal|p2a: Zygarde|367\/419|[from] item: Leftovers
|turn|4
|
|switch|p2a: Darmanitan|Darmanitan, M|413\/413
|move|p1a: Tingle|Giga Drain|p2a: Darmanitan
|-resisted|p2a: Darmanitan
|-damage|p2a: Darmanitan|312\/413
|-damage|p1a: Tingle|235\/261|[from] item: Life Orb
|
|turn|5
|
|switch|p1a: Maleficent|Hydreigon, M|325\/325
|move|p2a: Darmanitan|U-turn|p1a: Maleficent
|-supereffective|p1a: Maleficent
|-damage|p1a: Maleficent|29\/325
|
|switch|p2a: Empoleon|Empoleon, F|371\/371
|
|turn|6
|
|move|p1a: Maleficent|Dark Pulse|p2a: Empoleon
|-damage|p2a: Empoleon|229\/371
|move|p2a: Empoleon|Flash Cannon|p1a: Maleficent
|-damage|p1a: Maleficent|0 fnt
|faint|p1a: Maleficent
|
|
|switch|p1a: Viva Piata|Forretress, M|354\/354
|-activate|p1a: Viva Piata|move: Sticky Web
|-unboost|p1a: Viva Piata|spe|1
|turn|7
|
|switch|p2a: Pidgeot|Pidgeot, M|307\/307
|move|p1a: Viva Piata|Rapid Spin|p2a: Pidgeot
|-damage|p2a: Pidgeot|290\/307
|-sideend|p1: Zhaf|Sticky Web|[from] move: Rapid Spin|[of] p1a: Viva Piata
|
|turn|8
|
|detailschange|p2a: Pidgeot|Pidgeot-Mega, M
|-mega|p2a: Pidgeot|Pidgeot|Pidgeotite
|move|p2a: Pidgeot|Hurricane|p1a: Viva Piata
|-damage|p1a: Viva Piata|71\/354
|-start|p1a: Viva Piata|confusion
|-activate|p1a: Viva Piata|confusion
|move|p1a: Viva Piata|Gyro Ball|p2a: Pidgeot
|-damage|p2a: Pidgeot|83\/307
|
|-heal|p1a: Viva Piata|93\/354|[from] item: Leftovers
|turn|9
|
|move|p2a: Pidgeot|Roost|p2a: Pidgeot
|-heal|p2a: Pidgeot|237\/307
|-activate|p1a: Viva Piata|confusion
|move|p1a: Viva Piata|Gyro Ball|p2a: Pidgeot
|-damage|p2a: Pidgeot|51\/307
|
|-heal|p1a: Viva Piata|115\/354|[from] item: Leftovers
|turn|10
|
|move|p2a: Pidgeot|Hurricane|p1a: Viva Piata
|-crit|p1a: Viva Piata
|-damage|p1a: Viva Piata|0 fnt
|faint|p1a: Viva Piata
|
|
|switch|p1a: Uncle Zodd|Entei, shiny|371\/371
|-ability|p1a: Uncle Zodd|Pressure
|turn|11
|
|switch|p2a: Empoleon|Empoleon, F|229\/371
|move|p1a: Uncle Zodd|Sacred Fire|p2a: Empoleon
|-damage|p2a: Empoleon|25\/371
|-status|p2a: Empoleon|brn
|
|-damage|p2a: Empoleon|0 fnt|[from] brn
|faint|p2a: Empoleon
|
|switch|p2a: Zygarde|Zygarde|367\/419
|-ability|p2a: Zygarde|Aura Break
|turn|12
|
|switch|p1a: Tingle|Whimsicott, F|235\/261
|move|p2a: Zygarde|Earthquake|p1a: Tingle
|-resisted|p1a: Tingle
|-damage|p1a: Tingle|148\/261
|
|-heal|p2a: Zygarde|393\/419|[from] item: Leftovers
|turn|13
|
|switch|p2a: Darmanitan|Darmanitan, M|312\/413
|move|p1a: Tingle|Moonblast|p2a: Darmanitan
|-crit|p2a: Darmanitan
|-resisted|p2a: Darmanitan
|-damage|p2a: Darmanitan|137\/413
|-unboost|p2a: Darmanitan|spa|1
|-damage|p1a: Tingle|122\/261|[from] item: Life Orb
|
|turn|14
|
|move|p1a: Tingle|Tailwind|p1a: Tingle
|-sidestart|p1: Zhaf|move: Tailwind
|move|p2a: Darmanitan|Rock Slide|p1a: Tingle
|-crit|p1a: Tingle
|-damage|p1a: Tingle|0 fnt
|faint|p1a: Tingle
|
|
|switch|p1a: Sugar Tits|Nidoqueen, F|353\/353
|turn|15
|
|switch|p2a: Pidgeot|Pidgeot-Mega, M|51\/307
|move|p1a: Sugar Tits|Sludge Wave|p2a: Pidgeot
|-damage|p2a: Pidgeot|0 fnt
|faint|p2a: Pidgeot
|
|
|switch|p2a: Zygarde|Zygarde|393\/419
|-ability|p2a: Zygarde|Aura Break
|turn|16
|
|move|p1a: Sugar Tits|Ice Beam|p2a: Zygarde
|-crit|p2a: Zygarde
|-supereffective|p2a: Zygarde
|-damage|p2a: Zygarde|0 fnt
|faint|p2a: Zygarde
|
|
|switch|p2a: Mienshao|Mienshao, F|271\/271
|turn|17
|
|move|p1a: Sugar Tits|Sludge Wave|p2a: Mienshao
|-damage|p2a: Mienshao|0 fnt
|faint|p2a: Mienshao
|
|-sideend|p1: Zhaf|move: Tailwind
|
|switch|p2a: Darmanitan|Darmanitan, M|137\/413
|turn|18
|
|move|p2a: Darmanitan|Flare Blitz|p1a: Sugar Tits
|-damage|p1a: Sugar Tits|0 fnt
|-damage|p2a: Darmanitan|21\/413|[from] recoil|[of] p1a: Sugar Tits
|faint|p1a: Sugar Tits
|
|c|âZartres10|gg
|
|switch|p1a: Uncle Zodd|Entei, shiny|371\/371
|-ability|p1a: Uncle Zodd|Pressure
|turn|19
|
|move|p1a: Uncle Zodd|Extreme Speed|p2a: Darmanitan
|-damage|p2a: Darmanitan|0 fnt
|faint|p2a: Darmanitan
|
|win|Zhaf
|raw|Ladder updating...
|raw|Zhaf's rating: 1344 &rarr; <strong>1372<\/strong><br \/>(+28 for winning)
|raw|Zartres10's rating: 1501 &rarr; <strong>1472<\/strong><br \/>(-29 for losing)
|c|âZhaf|gg
|leave|Zartres10
|player|p2