|join|Zhaf
|join|quackamolian
|player|p1|Zhaf|69
|player|p2|quackamolian|265
|gametype|singles
|gen|6
|tier|UU
|rated
|rule|Sleep Clause Mod: Limit one foe put to sleep
|rule|Species Clause: Limit one of each PokÃ©mon
|rule|OHKO Clause: OHKO moves are banned
|rule|Moody Clause: Moody is banned
|rule|Evasion Moves Clause: Evasion moves are banned
|rule|Endless Battle Clause: Forcing endless battles is banned
|rule|HP Percentage Mod: HP is shown in percentages
|clearpoke
|poke|p1|Shaymin
|poke|p1|Flygon, F
|poke|p1|Forretress, M
|poke|p1|Vaporeon, M
|poke|p1|Entei, shiny
|poke|p1|Glalie, F
|poke|p2|Blissey, F
|poke|p2|Zygarde
|poke|p2|Crobat, M
|poke|p2|Chandelure, M
|poke|p2|Krookodile, M
|poke|p2|Swampert, F
|rule|Swagger Clause: Swagger is banned
|rule|Baton Pass Clause: Limit one PokÃ©mon knowing Baton Pass
|teampreview
|c|âZhaf|Gl Hf
|c|âquackamolian|you too
|
|start
|switch|p1a: Flygon|Flygon, F|301\/301
|switch|p2a: Chandelure|Chandelure, M|261\/261
|turn|1
|
|switch|p2a: Crobat|Crobat, M|358\/358
|move|p1a: Flygon|U-turn|p2a: Crobat
|-resisted|p2a: Crobat
|-damage|p2a: Crobat|338\/358
|
|switch|p1a: Glalie|Glalie, F|301\/301
|
|-heal|p2a: Crobat|358\/358|[from] item: Black Sludge
|turn|2
|
|detailschange|p1a: Glalie|Glalie-Mega, F
|-mega|p1a: Glalie|Glalie|Glalitite
|move|p1a: Glalie|Ice Shard|p2a: Crobat
|-supereffective|p2a: Crobat
|-damage|p2a: Crobat|194\/358
|move|p2a: Crobat|U-turn|p1a: Glalie
|-damage|p1a: Glalie|235\/301
|
|switch|p2a: Chandelure|Chandelure, M|261\/261
|
|turn|3
|
|switch|p1a: Entei|Entei, shiny|371\/371
|-ability|p1a: Entei|Pressure
|move|p2a: Chandelure|Overheat|p1a: Entei
|-resisted|p1a: Entei
|-damage|p1a: Entei|285\/371
|-unboost|p2a: Chandelure|spa|2
|
|turn|4
|
|switch|p2a: Swampert|Swampert, F|404\/404
|move|p1a: Entei|Sacred Fire|p2a: Swampert
|-resisted|p2a: Swampert
|-damage|p2a: Swampert|302\/404
|-status|p2a: Swampert|brn
|
|-damage|p2a: Swampert|252\/404 brn|[from] brn
|turn|5
|
|switch|p1a: Forretress|Forretress, M|353\/353
|detailschange|p2a: Swampert|Swampert-Mega, F
|-mega|p2a: Swampert|Swampert|Swampertite
|move|p2a: Swampert|Yawn|p1a: Forretress
|-start|p1a: Forretress|move: Yawn|[of] p2a: Swampert
|
|-damage|p2a: Swampert|202\/404 brn|[from] brn
|turn|6
|
|switch|p2a: Blissey|Blissey, F|651\/651
|move|p1a: Forretress|Stealth Rock|p2a: Blissey
|-sidestart|p2: quackamolian|move: Stealth Rock
|
|-status|p1a: Forretress|slp
|turn|7
|
|switch|p1a: Entei|Entei, shiny|285\/371
|-ability|p1a: Entei|Pressure
|move|p2a: Blissey|Wish|p2a: Blissey
|
|turn|8
|
|switch|p2a: Crobat|Crobat, M|194\/358
|-damage|p2a: Crobat|105\/358|[from] Stealth Rock
|move|p1a: Entei|Stone Edge|p2a: Crobat
|-supereffective|p2a: Crobat
|-damage|p2a: Crobat|0 fnt
|faint|p2a: Crobat
|
|
|switch|p2a: Zygarde|Zygarde|420\/420
|-damage|p2a: Zygarde|394\/420|[from] Stealth Rock
|-ability|p2a: Zygarde|Aura Break
|turn|9
|
|switch|p1a: Vaporeon|Vaporeon, M|464\/464
|move|p2a: Zygarde|Outrage|p1a: Vaporeon
|-damage|p1a: Vaporeon|169\/464
|
|-heal|p1a: Vaporeon|198\/464|[from] item: Leftovers
|turn|10
|
|move|p2a: Zygarde|Outrage|p1a: Vaporeon
|-damage|p1a: Vaporeon|0 fnt
|faint|p1a: Vaporeon
|
|-end|p2a: Zygarde|rampage
|-start|p2a: Zygarde|confusion
|
|switch|p1a: Glalie|Glalie-Mega, F|235\/301
|turn|11
|
|switch|p2a: Chandelure|Chandelure, M|261\/261
|-damage|p2a: Chandelure|196\/261|[from] Stealth Rock
|move|p1a: Glalie|Frustration|p2a: Chandelure
|-resisted|p2a: Chandelure
|-damage|p2a: Chandelure|68\/261
|
|turn|12
|
|switch|p1a: Forretress|Forretress, M|353\/353 slp
|move|p2a: Chandelure|Shadow Ball|p1a: Forretress
|-damage|p1a: Forretress|202\/353 slp
|-unboost|p1a: Forretress|spd|1
|
|-heal|p1a: Forretress|224\/353 slp|[from] item: Leftovers
|turn|13
|
|move|p2a: Chandelure|Shadow Ball|p1a: Forretress
|-damage|p1a: Forretress|0 fnt
|faint|p1a: Forretress
|
|
|switch|p1a: Flygon|Flygon, F|301\/301
|turn|14
|
|switch|p2a: Swampert|Swampert-Mega, F|202\/404 brn
|-damage|p2a: Swampert|177\/404 brn|[from] Stealth Rock
|move|p1a: Flygon|Earthquake|p2a: Swampert
|-damage|p2a: Swampert|47\/404 brn
|
|-damage|p2a: Swampert|0 fnt|[from] brn
|faint|p2a: Swampert
|
|switch|p2a: Zygarde|Zygarde|394\/420
|-damage|p2a: Zygarde|368\/420|[from] Stealth Rock
|-ability|p2a: Zygarde|Aura Break
|turn|15
|
|move|p1a: Flygon|Earthquake|p2a: Zygarde
|-damage|p2a: Zygarde|248\/420
|move|p2a: Zygarde|Outrage|p1a: Flygon
|-supereffective|p1a: Flygon
|-damage|p1a: Flygon|0 fnt
|faint|p1a: Flygon
|
|
|switch|p1a: Shaymin|Shaymin|342\/342
|turn|16
|
|move|p1a: Shaymin|Dazzling Gleam|p2a: Zygarde
|-supereffective|p2a: Zygarde
|-damage|p2a: Zygarde|27\/420
|-damage|p1a: Shaymin|308\/342|[from] item: Life Orb
|move|p2a: Zygarde|Outrage|p1a: Shaymin
|-damage|p1a: Shaymin|1\/342
|
|-end|p2a: Zygarde|rampage
|-start|p2a: Zygarde|confusion
|turn|17
|
|switch|p2a: Blissey|Blissey, F|651\/651
|-damage|p2a: Blissey|570\/651|[from] Stealth Rock
|move|p1a: Shaymin|Rest|p1a: Shaymin
|-status|p1a: Shaymin|slp
|-heal|p1a: Shaymin|342\/342 slp|[silent]
|-status|p1a: Shaymin|slp|[from] move: Rest
|
|-heal|p2a: Blissey|610\/651|[from] item: Leftovers
|turn|18
|
|switch|p1a: Entei|Entei, shiny|285\/371
|-ability|p1a: Entei|Pressure
|move|p2a: Blissey|Stealth Rock|p1a: Entei
|-sidestart|p1: Zhaf|move: Stealth Rock
|
|-heal|p2a: Blissey|650\/651|[from] item: Leftovers
|turn|19
|
|move|p1a: Entei|Sacred Fire|p2a: Blissey
|-damage|p2a: Blissey|310\/651
|-status|p2a: Blissey|brn
|move|p2a: Blissey|Wish|p2a: Blissey
|
|-heal|p2a: Blissey|350\/651 brn|[from] item: Leftovers
|-damage|p2a: Blissey|269\/651 brn|[from] brn
|turn|20
|
|switch|p2a: Chandelure|Chandelure, M|68\/261
|-damage|p2a: Chandelure|3\/261|[from] Stealth Rock
|move|p1a: Entei|Bulldoze|p2a: Chandelure
|-supereffective|p2a: Chandelure
|-damage|p2a: Chandelure|0 fnt
|faint|p2a: Chandelure
|
|
|switch|p2a: Krookodile|Krookodile, M|332\/332
|-damage|p2a: Krookodile|312\/332|[from] Stealth Rock
|turn|21
|
|move|p1a: Entei|Extreme Speed|p2a: Krookodile
|-damage|p2a: Krookodile|202\/332
|move|p2a: Krookodile|Knock Off|p1a: Entei
|-damage|p1a: Entei|90\/371
|-enditem|p1a: Entei|Assault Vest|[from] move: Knock Off|[of] p2a: Krookodile
|
|turn|22
|
|move|p1a: Entei|Extreme Speed|p2a: Krookodile
|-damage|p2a: Krookodile|94\/332
|move|p2a: Krookodile|Knock Off|p1a: Entei
|-damage|p1a: Entei|0 fnt
|faint|p1a: Entei
|-boost|p2a: Krookodile|atk|1|[from] ability: Moxie
|
|
|switch|p1a: Glalie|Glalie-Mega, F|235\/301
|-damage|p1a: Glalie|160\/301|[from] Stealth Rock
|turn|23
|
|switch|p2a: Blissey|Blissey, F|269\/651
|-damage|p2a: Blissey|188\/651|[from] Stealth Rock
|move|p1a: Glalie|Ice Shard|p2a: Blissey
|-damage|p2a: Blissey|50\/651
|
|-heal|p2a: Blissey|90\/651|[from] item: Leftovers
|turn|24
|
|move|p2a: Blissey|Protect|p2a: Blissey
|-singleturn|p2a: Blissey|Protect
|move|p1a: Glalie|Ice Shard|p2a: Blissey
|-activate|p2a: Blissey|Protect
|
|-heal|p2a: Blissey|130\/651|[from] item: Leftovers
|turn|25
|
|move|p1a: Glalie|Frustration|p2a: Blissey
|-damage|p2a: Blissey|0 fnt
|faint|p2a: Blissey
|
|
|switch|p2a: Zygarde|Zygarde|27\/420
|-damage|p2a: Zygarde|1\/420|[from] Stealth Rock
|-ability|p2a: Zygarde|Aura Break
|turn|26
|
|move|p2a: Zygarde|Extreme Speed|p1a: Glalie
|-damage|p1a: Glalie|8\/301
|move|p1a: Glalie|Ice Shard|p2a: Zygarde
|-supereffective|p2a: Zygarde
|-damage|p2a: Zygarde|0 fnt
|faint|p2a: Zygarde
|
|
|switch|p2a: Krookodile|Krookodile, M|94\/332
|-damage|p2a: Krookodile|74\/332|[from] Stealth Rock
|turn|27
|c|âZhaf|gg
|
|move|p1a: Glalie|Ice Shard|p2a: Krookodile
|-supereffective|p2a: Krookodile
|-damage|p2a: Krookodile|0 fnt
|faint|p2a: Krookodile
|
|win|Zhaf
|raw|Ladder updating...
|raw|Zhaf's rating: 1246 &rarr; <strong>1272<\/strong><br \/>(+26 for winning)
|raw|quackamolian's rating: 1257 &rarr; <strong>1231<\/strong><br \/>(-26 for losing)
|leave|quackamolian
|player|p2