|join|Zhaf
|join|Evie
|player|p1|Zhaf|69
|player|p2|Evie|88
|gametype|singles
|gen|6
|tier|UU
|rated
|rule|Sleep Clause Mod: Limit one foe put to sleep
|rule|Species Clause: Limit one of each PokÃ©mon
|rule|OHKO Clause: OHKO moves are banned
|rule|Moody Clause: Moody is banned
|rule|Evasion Moves Clause: Evasion moves are banned
|rule|Endless Battle Clause: Forcing endless battles is banned
|rule|HP Percentage Mod: HP is shown in percentages
|clearpoke
|poke|p1|Entei, shiny
|poke|p1|Flygon, M
|poke|p1|Empoleon, M
|poke|p1|Florges, F
|poke|p1|Tangrowth, M
|poke|p1|Aerodactyl, F
|poke|p2|Shaymin
|poke|p2|Galvantula, F
|poke|p2|Tentacruel, F
|poke|p2|Infernape, M
|poke|p2|Swampert, M
|poke|p2|Flygon, F
|rule|Swagger Clause: Swagger is banned
|rule|Baton Pass Clause: Limit one PokÃ©mon knowing Baton Pass
|teampreview
|c|âZhaf|Hf!
|
|start
|switch|p1a: Flygon|Flygon, M|311\/311
|switch|p2a: Swampert|Swampert, M|404\/404
|turn|1
|
|move|p1a: Flygon|U-turn|p2a: Swampert
|-damage|p2a: Swampert|351\/404
|
|switch|p1a: Tangrowth|Tangrowth, M|404\/404
|move|p2a: Swampert|Earthquake|p1a: Tangrowth
|-resisted|p1a: Tangrowth
|-damage|p1a: Tangrowth|362\/404
|
|-heal|p2a: Swampert|376\/404|[from] item: Leftovers
|turn|2
|
|switch|p2a: Shaymin|Shaymin|341\/341
|move|p1a: Tangrowth|Knock Off|p2a: Shaymin
|-damage|p2a: Shaymin|258\/341
|-enditem|p2a: Shaymin|Life Orb|[from] move: Knock Off|[of] p1a: Tangrowth
|
|turn|3
|
|switch|p1a: Florges|Florges, F|360\/360
|move|p2a: Shaymin|Seed Flare|p1a: Florges
|-damage|p1a: Florges|257\/360
|
|-heal|p1a: Florges|279\/360|[from] item: Leftovers
|turn|4
|
|switch|p2a: Tentacruel|Tentacruel, F|364\/364
|move|p1a: Florges|Moonblast|p2a: Tentacruel
|-resisted|p2a: Tentacruel
|-damage|p2a: Tentacruel|324\/364
|-unboost|p2a: Tentacruel|spa|1
|
|-heal|p2a: Tentacruel|346\/364|[from] item: Black Sludge
|-heal|p1a: Florges|301\/360|[from] item: Leftovers
|turn|5
|
|switch|p1a: Empoleon|Empoleon, M|372\/372
|move|p2a: Tentacruel|Toxic Spikes|p1a: Empoleon
|-sidestart|p1: Zhaf|move: Toxic Spikes
|
|-heal|p2a: Tentacruel|364\/364|[from] item: Black Sludge
|turn|6
|
|move|p2a: Tentacruel|Scald|p1a: Empoleon
|-resisted|p1a: Empoleon
|-damage|p1a: Empoleon|353\/372
|move|p1a: Empoleon|Scald|p2a: Tentacruel
|-resisted|p2a: Tentacruel
|-damage|p2a: Tentacruel|332\/364
|
|-heal|p2a: Tentacruel|354\/364|[from] item: Black Sludge
|-heal|p1a: Empoleon|372\/372|[from] item: Leftovers
|turn|7
|
|move|p2a: Tentacruel|Scald|p1a: Empoleon
|-resisted|p1a: Empoleon
|-damage|p1a: Empoleon|352\/372
|move|p1a: Empoleon|Scald|p2a: Tentacruel
|-resisted|p2a: Tentacruel
|-damage|p2a: Tentacruel|321\/364
|-status|p2a: Tentacruel|brn
|
|-heal|p2a: Tentacruel|343\/364 brn|[from] item: Black Sludge
|-heal|p1a: Empoleon|372\/372|[from] item: Leftovers
|-damage|p2a: Tentacruel|298\/364 brn|[from] brn
|turn|8
|
|move|p2a: Tentacruel|Scald|p1a: Empoleon
|-resisted|p1a: Empoleon
|-damage|p1a: Empoleon|354\/372
|move|p1a: Empoleon|Defog|p2a: Tentacruel
|-unboost|p2a: Tentacruel|evasion|1
|-sideend|p1: Zhaf|Toxic Spikes|[from] move: Defog|[of] p1a: Empoleon
|
|-heal|p2a: Tentacruel|320\/364 brn|[from] item: Black Sludge
|-heal|p1a: Empoleon|372\/372|[from] item: Leftovers
|-damage|p2a: Tentacruel|275\/364 brn|[from] brn
|turn|9
|
|switch|p2a: Galvantula|Galvantula, F|281\/281
|move|p1a: Empoleon|Stealth Rock|p2a: Galvantula
|-sidestart|p2: Evie|move: Stealth Rock
|
|turn|10
|
|move|p2a: Galvantula|Thunder|p1a: Empoleon
|-supereffective|p1a: Empoleon
|-damage|p1a: Empoleon|136\/372
|move|p1a: Empoleon|Roar|p2a: Galvantula
|drag|p2a: Infernape|Infernape, M|293\/293
|-damage|p2a: Infernape|257\/293|[from] Stealth Rock
|
|-heal|p1a: Empoleon|159\/372|[from] item: Leftovers
|turn|11
|
|switch|p1a: Tangrowth|Tangrowth, M|404\/404
|move|p2a: Infernape|Close Combat|p1a: Tangrowth
|-damage|p1a: Tangrowth|295\/404
|-damage|p2a: Infernape|209\/293|[from] item: Rocky Helmet|[of] p1a: Tangrowth
|-unboost|p2a: Infernape|def|1
|-unboost|p2a: Infernape|spd|1
|
|turn|12
|
|switch|p2a: Shaymin|Shaymin|258\/341
|-damage|p2a: Shaymin|216\/341|[from] Stealth Rock
|switch|p1a: Flygon|Flygon, M|311\/311
|
|turn|13
|
|switch|p2a: Swampert|Swampert, M|376\/404
|-damage|p2a: Swampert|351\/404|[from] Stealth Rock
|move|p1a: Flygon|U-turn|p2a: Swampert
|-damage|p2a: Swampert|298\/404
|
|switch|p1a: Tangrowth|Tangrowth, M|404\/404
|
|-heal|p2a: Swampert|323\/404|[from] item: Leftovers
|turn|14
|
|switch|p2a: Shaymin|Shaymin|216\/341
|-damage|p2a: Shaymin|174\/341|[from] Stealth Rock
|move|p1a: Tangrowth|Hidden Power|p2a: Shaymin
|-supereffective|p2a: Shaymin
|-damage|p2a: Shaymin|68\/341
|
|turn|15
|
|switch|p1a: Entei|Entei, shiny|371\/371
|-ability|p1a: Entei|Pressure
|move|p2a: Shaymin|Synthesis|p2a: Shaymin
|-heal|p2a: Shaymin|238\/341
|
|turn|16
|
|switch|p2a: Swampert|Swampert, M|323\/404
|-damage|p2a: Swampert|298\/404|[from] Stealth Rock
|move|p1a: Entei|Sacred Fire|p2a: Swampert
|-resisted|p2a: Swampert
|-damage|p2a: Swampert|232\/404
|-status|p2a: Swampert|brn
|
|-heal|p2a: Swampert|257\/404 brn|[from] item: Leftovers
|-damage|p2a: Swampert|207\/404 brn|[from] brn
|turn|17
|
|switch|p1a: Tangrowth|Tangrowth, M|404\/404
|move|p2a: Swampert|Stealth Rock|p1a: Tangrowth
|-sidestart|p1: Zhaf|move: Stealth Rock
|
|-heal|p2a: Swampert|232\/404 brn|[from] item: Leftovers
|-damage|p2a: Swampert|182\/404 brn|[from] brn
|turn|18
|
|switch|p2a: Tentacruel|Tentacruel, F|275\/364 brn
|-damage|p2a: Tentacruel|230\/364 brn|[from] Stealth Rock
|move|p1a: Tangrowth|Giga Drain|p2a: Tentacruel
|-damage|p2a: Tentacruel|169\/364 brn
|-damage|p1a: Tangrowth|373\/404|[from] ability: Liquid Ooze|[of] p2a: Tentacruel
|
|-heal|p2a: Tentacruel|191\/364 brn|[from] item: Black Sludge
|-damage|p2a: Tentacruel|146\/364 brn|[from] brn
|turn|19
|
|move|p2a: Tentacruel|Rapid Spin|p1a: Tangrowth
|-damage|p1a: Tangrowth|369\/404
|-damage|p2a: Tentacruel|86\/364 brn|[from] item: Rocky Helmet|[of] p1a: Tangrowth
|-sideend|p2: Evie|Stealth Rock|[from] move: Rapid Spin|[of] p2a: Tentacruel
|move|p1a: Tangrowth|Knock Off|p2a: Tentacruel
|-damage|p2a: Tentacruel|0 fnt
|-enditem|p2a: Tentacruel|Black Sludge|[from] move: Knock Off|[of] p1a: Tangrowth
|faint|p2a: Tentacruel
|
|
|switch|p2a: Galvantula|Galvantula, F|281\/281
|turn|20
|
|switch|p2a: Infernape|Infernape, M|209\/293
|switch|p1a: Florges|Florges, F|301\/360
|-damage|p1a: Florges|256\/360|[from] Stealth Rock
|
|-heal|p1a: Florges|278\/360|[from] item: Leftovers
|turn|21
|
|move|p1a: Florges|Protect|p1a: Florges
|-singleturn|p1a: Florges|Protect
|move|p2a: Infernape|Flare Blitz|p1a: Florges
|-activate|p1a: Florges|Protect
|
|-heal|p1a: Florges|300\/360|[from] item: Leftovers
|turn|22
|
|switch|p1a: Flygon|Flygon, M|311\/311
|-damage|p1a: Flygon|292\/311|[from] Stealth Rock
|move|p2a: Infernape|Flare Blitz|p1a: Flygon
|-resisted|p1a: Flygon
|-damage|p1a: Flygon|190\/311
|-damage|p2a: Infernape|175\/293|[from] recoil|[of] p1a: Flygon
|
|turn|23
|
|switch|p2a: Swampert|Swampert, M|182\/404 brn
|move|p1a: Flygon|Outrage|p2a: Swampert
|-damage|p2a: Swampert|35\/404 brn
|
|-heal|p2a: Swampert|60\/404 brn|[from] item: Leftovers
|-damage|p2a: Swampert|10\/404 brn|[from] brn
|turn|24
|
|move|p1a: Flygon|Outrage|p2a: Swampert
|-damage|p2a: Swampert|0 fnt
|faint|p2a: Swampert
|
|
|switch|p2a: Infernape|Infernape, M|175\/293
|turn|25
|
|move|p2a: Infernape|Close Combat|p1a: Flygon
|-damage|p1a: Flygon|0 fnt
|-unboost|p2a: Infernape|def|1
|-unboost|p2a: Infernape|spd|1
|faint|p1a: Flygon
|
|
|switch|p1a: Florges|Florges, F|300\/360
|-damage|p1a: Florges|255\/360|[from] Stealth Rock
|turn|26
|
|switch|p2a: Shaymin|Shaymin|238\/341
|move|p1a: Florges|Moonblast|p2a: Shaymin
|-damage|p2a: Shaymin|115\/341
|-unboost|p2a: Shaymin|spa|1
|
|-heal|p1a: Florges|277\/360|[from] item: Leftovers
|turn|27
|
|move|p2a: Shaymin|Synthesis|p2a: Shaymin
|-heal|p2a: Shaymin|285\/341
|move|p1a: Florges|Moonblast|p2a: Shaymin
|-damage|p2a: Shaymin|168\/341
|
|-heal|p1a: Florges|299\/360|[from] item: Leftovers
|turn|28
|
|move|p2a: Shaymin|Seed Flare|p1a: Florges
|-damage|p1a: Florges|226\/360
|-unboost|p1a: Florges|spd|2
|move|p1a: Florges|Moonblast|p2a: Shaymin
|-damage|p2a: Shaymin|35\/341
|-unboost|p2a: Shaymin|spa|1
|
|-heal|p1a: Florges|248\/360|[from] item: Leftovers
|turn|29
|
|move|p2a: Shaymin|Synthesis|p2a: Shaymin
|-heal|p2a: Shaymin|205\/341
|move|p1a: Florges|Moonblast|p2a: Shaymin
|-damage|p2a: Shaymin|85\/341
|
|-heal|p1a: Florges|270\/360|[from] item: Leftovers
|turn|30
|
|move|p2a: Shaymin|Synthesis|p2a: Shaymin
|-heal|p2a: Shaymin|255\/341
|move|p1a: Florges|Moonblast|p2a: Shaymin
|-damage|p2a: Shaymin|137\/341
|
|-heal|p1a: Florges|292\/360|[from] item: Leftovers
|turn|31
|
|move|p2a: Shaymin|Synthesis|p2a: Shaymin
|-heal|p2a: Shaymin|307\/341
|move|p1a: Florges|Moonblast|p2a: Shaymin
|-damage|p2a: Shaymin|184\/341
|-unboost|p2a: Shaymin|spa|1
|
|-heal|p1a: Florges|314\/360|[from] item: Leftovers
|turn|32
|
|move|p2a: Shaymin|Seed Flare|p1a: Florges
|-damage|p1a: Florges|230\/360
|move|p1a: Florges|Moonblast|p2a: Shaymin
|-damage|p2a: Shaymin|64\/341
|-unboost|p2a: Shaymin|spa|1
|
|-heal|p1a: Florges|252\/360|[from] item: Leftovers
|turn|33
|
|switch|p1a: Aerodactyl|Aerodactyl, F|302\/302
|-damage|p1a: Aerodactyl|227\/302|[from] Stealth Rock
|-ability|p1a: Aerodactyl|Unnerve|p2: Evie
|move|p2a: Shaymin|Synthesis|p2a: Shaymin
|-heal|p2a: Shaymin|234\/341
|
|turn|34
|
|detailschange|p1a: Aerodactyl|Aerodactyl-Mega, F
|message|Aerodactyl has Mega Evolved into Mega Aerodactyl!
|move|p1a: Aerodactyl|Aerial Ace|p2a: Shaymin
|-supereffective|p2a: Shaymin
|-damage|p2a: Shaymin|0 fnt
|faint|p2a: Shaymin
|
|
|switch|p2a: Infernape|Infernape, M|175\/293
|turn|35
|
|switch|p1a: Tangrowth|Tangrowth, M|404\/404
|-damage|p1a: Tangrowth|354\/404|[from] Stealth Rock
|move|p2a: Infernape|Close Combat|p1a: Tangrowth
|-damage|p1a: Tangrowth|237\/404
|-damage|p2a: Infernape|127\/293|[from] item: Rocky Helmet|[of] p1a: Tangrowth
|-unboost|p2a: Infernape|def|1
|-unboost|p2a: Infernape|spd|1
|
|turn|36
|
|switch|p2a: Galvantula|Galvantula, F|281\/281
|move|p1a: Tangrowth|Sleep Powder|p2a: Galvantula
|-status|p2a: Galvantula|slp
|
|turn|37
|
|switch|p1a: Empoleon|Empoleon, M|159\/372
|-damage|p1a: Empoleon|136\/372|[from] Stealth Rock
|cant|p2a: Galvantula|slp
|
|-heal|p1a: Empoleon|159\/372|[from] item: Leftovers
|turn|38
|
|cant|p2a: Galvantula|slp
|move|p1a: Empoleon|Defog|p2a: Galvantula
|-unboost|p2a: Galvantula|evasion|1
|-sideend|p1: Zhaf|Stealth Rock|[from] move: Defog|[of] p1a: Empoleon
|
|-heal|p1a: Empoleon|182\/372|[from] item: Leftovers
|turn|39
|
|cant|p2a: Galvantula|slp
|move|p1a: Empoleon|Scald|p2a: Galvantula
|-damage|p2a: Galvantula|127\/281 slp
|
|-heal|p1a: Empoleon|205\/372|[from] item: Leftovers
|turn|40
|
|-curestatus|p2a: Galvantula|slp
|move|p2a: Galvantula|Thunder|p1a: Empoleon
|-supereffective|p1a: Empoleon
|-damage|p1a: Empoleon|0 fnt
|faint|p1a: Empoleon
|
|
|switch|p1a: Entei|Entei, shiny|371\/371
|-ability|p1a: Entei|Pressure
|turn|41
|
|switch|p2a: Flygon|Flygon, F|301\/301
|move|p1a: Entei|Extreme Speed|p2a: Flygon
|-damage|p2a: Flygon|193\/301
|
|turn|42
|
|switch|p1a: Tangrowth|Tangrowth, M|371\/404
|move|p2a: Flygon|Earthquake|p1a: Tangrowth
|-resisted|p1a: Tangrowth
|-damage|p1a: Tangrowth|297\/404
|
|turn|43
|
|move|p2a: Flygon|Earthquake|p1a: Tangrowth
|-resisted|p1a: Tangrowth
|-damage|p1a: Tangrowth|231\/404
|move|p1a: Tangrowth|Sleep Powder|p2a: Flygon
|-status|p2a: Flygon|slp
|
|turn|44
|
|switch|p2a: Galvantula|Galvantula, F|127\/281
|move|p1a: Tangrowth|Giga Drain|p2a: Galvantula
|-resisted|p2a: Galvantula
|-damage|p2a: Galvantula|59\/281
|-heal|p1a: Tangrowth|265\/404|[from] drain|[of] p2a: Galvantula
|
|turn|45
|
|switch|p1a: Florges|Florges, F|252\/360
|move|p2a: Galvantula|Thunder|p1a: Florges
|-damage|p1a: Florges|146\/360
|
|-heal|p1a: Florges|168\/360|[from] item: Leftovers
|turn|46
|
|switch|p2a: Infernape|Infernape, M|127\/293
|move|p1a: Florges|Moonblast|p2a: Infernape
|-damage|p2a: Infernape|0 fnt
|faint|p2a: Infernape
|
|-heal|p1a: Florges|190\/360|[from] item: Leftovers
|-message|Evie forfeited.
|
|win|Zhaf
|raw|Ladder updating...
|leave|Evie
|player|p2
|raw|Zhaf's rating: 1442 &rarr; <strong>1460<\/strong><br \/>(+18 for winning)
|raw|Evie's rating: 1408 &rarr; <strong>1390<\/strong><br \/>(-18 for losing)