|join|cmchilds
|join|Zhaf
|player|p1|cmchilds|124
|player|p2|Zhaf|69
|gametype|singles
|gen|6
|tier|UU
|rated
|rule|Sleep Clause Mod: Limit one foe put to sleep
|rule|Species Clause: Limit one of each PokÃ©mon
|rule|OHKO Clause: OHKO moves are banned
|rule|Moody Clause: Moody is banned
|rule|Evasion Moves Clause: Evasion moves are banned
|rule|Endless Battle Clause: Forcing endless battles is banned
|rule|HP Percentage Mod: HP is shown in percentages
|clearpoke
|poke|p1|Arcanine, M, shiny
|poke|p1|Trevenant, M, shiny
|poke|p1|Blastoise, M, shiny
|poke|p1|Flygon, M, shiny
|poke|p1|Raikou, shiny
|poke|p1|Honchkrow, M
|poke|p2|Shaymin
|poke|p2|Hydreigon, F
|poke|p2|Aerodactyl, F
|poke|p2|Empoleon, M
|poke|p2|Hippowdon, F
|poke|p2|Reuniclus, F
|rule|Swagger Clause: Swagger is banned
|rule|Baton Pass Clause: Limit one PokÃ©mon knowing Baton Pass
|teampreview
|c|âZhaf|Gl Hf
|
|start
|switch|p1a: Ghost of Xmas Past|Trevenant, M, shiny|373\/373
|switch|p2a: Sarude Dandstorm|Hippowdon, F|420\/420
|-weather|Sandstorm
|turn|1
|
|switch|p2a: Maleficent|Hydreigon, F|326\/326
|move|p1a: Ghost of Xmas Past|Will-O-Wisp|p2a: Maleficent
|-status|p2a: Maleficent|brn
|
|-weather|Sandstorm|[upkeep]
|-damage|p2a: Maleficent|306\/326 brn|[from] sandstorm
|-damage|p1a: Ghost of Xmas Past|350\/373|[from] sandstorm
|-damage|p2a: Maleficent|266\/326 brn|[from] brn
|turn|2
|
|switch|p1a: Donatello|Blastoise, M, shiny|361\/361
|move|p2a: Maleficent|Dark Pulse|p1a: Donatello
|-damage|p1a: Donatello|270\/361
|
|-weather|Sandstorm|[upkeep]
|-damage|p2a: Maleficent|246\/326 brn|[from] sandstorm
|-damage|p1a: Donatello|248\/361|[from] sandstorm
|-damage|p2a: Maleficent|206\/326 brn|[from] brn
|turn|3
|
|switch|p2a: Sir Rowland|Empoleon, M|372\/372
|detailschange|p1a: Donatello|Blastoise-Mega, M, shiny
|-mega|p1a: Donatello|Blastoise|Blastoisinite
|move|p1a: Donatello|Dark Pulse|p2a: Sir Rowland
|-damage|p2a: Sir Rowland|283\/372
|
|-weather|Sandstorm|[upkeep]
|-damage|p1a: Donatello|226\/361|[from] sandstorm
|-heal|p2a: Sir Rowland|306\/372|[from] item: Leftovers
|turn|4
|
|switch|p1a: Ghost of Xmas Past|Trevenant, M, shiny|350\/373
|move|p2a: Sir Rowland|Toxic|p1a: Ghost of Xmas Past
|-status|p1a: Ghost of Xmas Past|tox
|-enditem|p1a: Ghost of Xmas Past|Lum Berry|[eat]
|-curestatus|p1a: Ghost of Xmas Past|tox
|
|-weather|Sandstorm|[upkeep]
|-damage|p1a: Ghost of Xmas Past|327\/373|[from] sandstorm
|-heal|p2a: Sir Rowland|329\/372|[from] item: Leftovers
|turn|5
|
|switch|p2a: Sassiest Sonic|Shaymin|342\/342
|switch|p1a: Maxwell|Arcanine, M, shiny|383\/383
|
|-weather|none
|turn|6
|
|switch|p2a: Sarude Dandstorm|Hippowdon, F|420\/420
|-weather|Sandstorm
|move|p1a: Maxwell|Flare Blitz|p2a: Sarude Dandstorm
|-damage|p2a: Sarude Dandstorm|210\/420
|-damage|p1a: Maxwell|320\/383|[from] item: Rocky Helmet|[of] p2a: Sarude Dandstorm
|-damage|p1a: Maxwell|251\/383|[from] recoil|[of] p2a: Sarude Dandstorm
|
|-weather|Sandstorm|[upkeep]
|-damage|p1a: Maxwell|228\/383|[from] sandstorm
|turn|7
|
|switch|p1a: Ghost of Xmas Past|Trevenant, M, shiny|327\/373
|move|p2a: Sarude Dandstorm|Slack Off|p2a: Sarude Dandstorm
|-heal|p2a: Sarude Dandstorm|420\/420
|
|-weather|Sandstorm|[upkeep]
|-damage|p1a: Ghost of Xmas Past|304\/373|[from] sandstorm
|-item|p1a: Ghost of Xmas Past|Lum Berry|[from] ability: Harvest
|turn|8
|
|switch|p2a: Sassiest Sonic|Shaymin|342\/342
|move|p1a: Ghost of Xmas Past|Leech Seed|p2a: Sassiest Sonic
|-immune|p2a: Sassiest Sonic|[msg]
|
|-weather|Sandstorm|[upkeep]
|-damage|p2a: Sassiest Sonic|321\/342|[from] sandstorm
|-damage|p1a: Ghost of Xmas Past|281\/373|[from] sandstorm
|turn|9
|
|switch|p1a: Mega Yanmega|Flygon, M, shiny|301\/301
|move|p2a: Sassiest Sonic|Seed Flare|p1a: Mega Yanmega|[miss]
|-miss|p2a: Sassiest Sonic|p1a: Mega Yanmega
|
|-weather|Sandstorm|[upkeep]
|-damage|p2a: Sassiest Sonic|300\/342|[from] sandstorm
|turn|10
|
|switch|p2a: Sarude Dandstorm|Hippowdon, F|420\/420
|move|p1a: Mega Yanmega|U-turn|p2a: Sarude Dandstorm
|-damage|p2a: Sarude Dandstorm|372\/420
|-damage|p1a: Mega Yanmega|251\/301|[from] item: Rocky Helmet|[of] p2a: Sarude Dandstorm
|
|switch|p1a: Donatello|Blastoise-Mega, M, shiny|226\/361
|
|-weather|none
|turn|11
|
|switch|p2a: Pudding|Reuniclus, F|424\/424
|move|p1a: Donatello|Water Pulse|p2a: Pudding
|-damage|p2a: Pudding|277\/424
|-start|p2a: Pudding|confusion
|
|turn|12
|
|switch|p2a: Sassiest Sonic|Shaymin|300\/342
|move|p1a: Donatello|Dark Pulse|p2a: Sassiest Sonic
|-damage|p2a: Sassiest Sonic|172\/342
|
|turn|13
|
|switch|p1a: Sabertooth|Raikou, shiny|321\/321
|-ability|p1a: Sabertooth|Pressure
|move|p2a: Sassiest Sonic|Seed Flare|p1a: Sabertooth
|-damage|p1a: Sabertooth|101\/321
|-unboost|p1a: Sabertooth|spd|2
|-damage|p2a: Sassiest Sonic|138\/342|[from] item: Life Orb
|
|turn|14
|
|switch|p2a: Sir Rowland|Empoleon, M|329\/372
|move|p1a: Sabertooth|Hidden Power|p2a: Sir Rowland
|-crit|p2a: Sir Rowland
|-resisted|p2a: Sir Rowland
|-damage|p2a: Sir Rowland|302\/372
|
|-heal|p2a: Sir Rowland|325\/372|[from] item: Leftovers
|turn|15
|
|switch|p1a: Ghost of Xmas Past|Trevenant, M, shiny|281\/373
|move|p2a: Sir Rowland|Ice Beam|p1a: Ghost of Xmas Past
|-supereffective|p1a: Ghost of Xmas Past
|-damage|p1a: Ghost of Xmas Past|89\/373
|
|-heal|p2a: Sir Rowland|348\/372|[from] item: Leftovers
|turn|16
|
|move|p2a: Sir Rowland|Ice Beam|p1a: Ghost of Xmas Past
|-supereffective|p1a: Ghost of Xmas Past
|-damage|p1a: Ghost of Xmas Past|0 fnt
|faint|p1a: Ghost of Xmas Past
|
|-heal|p2a: Sir Rowland|371\/372|[from] item: Leftovers
|
|switch|p1a: Sabertooth|Raikou, shiny|101\/321
|-ability|p1a: Sabertooth|Pressure
|turn|17
|
|move|p1a: Sabertooth|Hidden Power|p2a: Sir Rowland
|-resisted|p2a: Sir Rowland
|-damage|p2a: Sir Rowland|354\/372
|move|p2a: Sir Rowland|Scald|p1a: Sabertooth
|-damage|p1a: Sabertooth|0 fnt
|faint|p1a: Sabertooth
|
|-heal|p2a: Sir Rowland|372\/372|[from] item: Leftovers
|
|switch|p1a: Maxwell|Arcanine, M, shiny|228\/383
|turn|18
|
|switch|p1a: Donatello|Blastoise-Mega, M, shiny|226\/361
|switch|p2a: Flying Goatee|Aerodactyl, F|306\/306
|
|turn|19
|
|switch|p1a: Mega Yanmega|Flygon, M, shiny|251\/301
|detailschange|p2a: Flying Goatee|Aerodactyl-Mega, F
|-mega|p2a: Flying Goatee|Aerodactyl|Aerodactylite
|move|p2a: Flying Goatee|Aerial Ace|p1a: Mega Yanmega
|-damage|p1a: Mega Yanmega|53\/301
|
|turn|20
|
|move|p1a: Mega Yanmega|Outrage|p2a: Flying Goatee
|-damage|p2a: Flying Goatee|116\/306
|move|p2a: Flying Goatee|Aerial Ace|p1a: Mega Yanmega
|-damage|p1a: Mega Yanmega|0 fnt
|faint|p1a: Mega Yanmega
|
|
|switch|p1a: Sinatra|Honchkrow, M|341\/341
|turn|21
|
|move|p1a: Sinatra|Sucker Punch|p2a: Flying Goatee
|-fail|p2a: Flying Goatee
|move|p2a: Flying Goatee|Roost|p2a: Flying Goatee
|-heal|p2a: Flying Goatee|269\/306
|
|turn|22
|
|move|p2a: Flying Goatee|Stone Edge|p1a: Sinatra
|-supereffective|p1a: Sinatra
|-damage|p1a: Sinatra|0 fnt
|faint|p1a: Sinatra
|
|
|switch|p1a: Donatello|Blastoise-Mega, M, shiny|226\/361
|turn|23
|
|move|p2a: Flying Goatee|Aerial Ace|p1a: Donatello
|-damage|p1a: Donatello|99\/361
|move|p1a: Donatello|Ice Beam|p2a: Flying Goatee
|-supereffective|p2a: Flying Goatee
|-damage|p2a: Flying Goatee|67\/306
|
|turn|24
|-message|cmchilds forfeited.
|
|win|Zhaf
|raw|Ladder updating...
|leave|cmchilds
|player|p1
|raw|cmchilds's rating: 1301 &rarr; <strong>1286<\/strong><br \/>(-15 for losing)
|raw|Zhaf's rating: 1395 &rarr; <strong>1410<\/strong><br \/>(+15 for winning)