|join|NotStandard
|join|Zhaf
|player|p1|NotStandard|101
|player|p2|Zhaf|265
|gametype|singles
|gen|6
|tier|UU
|rated
|clearpoke
|poke|p1|Ninjask, M
|poke|p1|Cobalion
|poke|p1|Liepard, M
|poke|p1|Golbat, M
|poke|p1|Uxie
|poke|p1|Snorlax, F
|poke|p2|Hitmonchan, M
|poke|p2|Granbull, M
|poke|p2|Jirachi
|poke|p2|Rotom-Heat
|poke|p2|Noivern, M
|poke|p2|Swampert, F
|rule|Sleep Clause Mod: Limit one foe put to sleep
|rule|Species Clause: Limit one of each Pokemon
|rule|OHKO Clause: OHKO moves are banned
|rule|Moody Clause: Moody is banned
|rule|Evasion Moves Clause: Evasion moves are banned
|rule|Endless Battle Clause: Forcing endless battles is banned.
|rule|HP Percentage Mod: HP is reported as percentages
|teampreview
|chat|Zhaf|Gl hf!
|
|start
|switch|p1a: Ninjask|Ninjask, M|263\/263
|switch|p2a: Swampert|Swampert, F|404\/404
|turn|1
|
|move|p1a: Ninjask|U-turn|p2a: Swampert
|-damage|p2a: Swampert|239\/404
|
|switch|p1a: Liepard|Liepard, M|269\/269
|move|p2a: Swampert|Stealth Rock|p1a: Liepard
|-sidestart|p1: NotStandard|move: Stealth Rock
|
|-heal|p2a: Swampert|264\/404|[from] item: Leftovers
|turn|2
|
|switch|p2a: Granbull|Granbull, M|384\/384
|-ability|p2a: Granbull|Intimidate|[of] p1a: Liepard
|-unboost|p1a: Liepard|atk|1
|move|p1a: Liepard|Knock Off|p2a: Granbull
|-resisted|p2a: Granbull
|-damage|p2a: Granbull|322\/384
|-enditem|p2a: Granbull|Leftovers|[from] move: Knock Off|[of] p1a: Liepard
|
|turn|3
|
|switch|p1a: Golbat|Golbat, M|331\/331
|-damage|p1a: Golbat|249\/331|[from] Stealth Rock
|move|p2a: Granbull|Thunder Wave|p1a: Golbat
|-status|p1a: Golbat|par
|
|turn|4
|
|switch|p2a: Rotom-Heat|Rotom-Heat|304\/304
|move|p1a: Golbat|Defog|p2a: Rotom-Heat
|-unboost|p2a: Rotom-Heat|evasion|1
|-sideend|p1: NotStandard|Stealth Rock|[from] move: Defog|[of] p1a: Golbat
|
|turn|5
|
|switch|p1a: Snorlax|Snorlax, F|524\/524
|move|p2a: Rotom-Heat|Volt Switch|p1a: Snorlax
|-damage|p1a: Snorlax|472\/524
|
|switch|p2a: Hitmonchan|Hitmonchan, M|304\/304
|
|turn|6
|
|move|p2a: Hitmonchan|Drain Punch|p1a: Snorlax
|-supereffective|p1a: Snorlax
|-damage|p1a: Snorlax|76\/524
|move|p1a: Snorlax|Counter|p2a: Hitmonchan
|-damage|p2a: Hitmonchan|0 fnt
|faint|p2a: Hitmonchan
|
|
|switch|p2a: Jirachi|Jirachi|341\/341
|turn|7
|
|switch|p1a: Uxie|Uxie|354\/354
|move|p2a: Jirachi|U-turn|p1a: Uxie
|-supereffective|p1a: Uxie
|-damage|p1a: Uxie|234\/354
|
|switch|p2a: Noivern|Noivern, M|311\/311
|
|-heal|p1a: Uxie|256\/354|[from] item: Leftovers
|turn|8
|
|move|p2a: Noivern|Dark Pulse|p1a: Uxie
|-supereffective|p1a: Uxie
|-damage|p1a: Uxie|118\/354
|move|p1a: Uxie|Knock Off|p2a: Noivern
|-damage|p2a: Noivern|241\/311
|-enditem|p2a: Noivern|Choice Specs|[from] move: Knock Off|[of] p1a: Uxie
|
|-heal|p1a: Uxie|140\/354|[from] item: Leftovers
|turn|9
|
|move|p2a: Noivern|Draco Meteor|p1a: Uxie
|-damage|p1a: Uxie|23\/354
|-unboost|p2a: Noivern|spa|2
|move|p1a: Uxie|Stealth Rock|p2a: Noivern
|-sidestart|p2: Zhaf|move: Stealth Rock
|
|-heal|p1a: Uxie|45\/354|[from] item: Leftovers
|turn|10
|
|switch|p1a: Snorlax|Snorlax, F|76\/524
|move|p2a: Noivern|Draco Meteor|p1a: Snorlax
|-damage|p1a: Snorlax|13\/524
|-unboost|p2a: Noivern|spa|2
|
|turn|11
|
|move|p2a: Noivern|Flamethrower|p1a: Snorlax
|-damage|p1a: Snorlax|3\/524
|move|p1a: Snorlax|Ice Punch|p2a: Noivern
|-supereffective|p2a: Noivern
|-damage|p2a: Noivern|0 fnt
|faint|p2a: Noivern
|
|chat|NotStandard|lolz
|chat|NotStandard|1.9%
|chat|Zhaf|Wow..
|
|switch|p2a: Jirachi|Jirachi|341\/341
|-damage|p2a: Jirachi|320\/341|[from] Stealth Rock
|turn|12
|
|move|p2a: Jirachi|U-turn|p1a: Snorlax
|-damage|p1a: Snorlax|0 fnt
|faint|p1a: Snorlax
|chat|NotStandard|That is thick fat assault vest snorlaw
|chat|Zhaf|He's fabulous!
|
|switch|p2a: Rotom-Heat|Rotom-Heat|304\/304
|-damage|p2a: Rotom-Heat|228\/304|[from] Stealth Rock
|
|-heal|p2a: Rotom-Heat|247\/304|[from] item: Leftovers
|
|switch|p1a: Liepard|Liepard, M|269\/269
|turn|13
|
|move|p1a: Liepard|Knock Off|p2a: Rotom-Heat
|-damage|p2a: Rotom-Heat|93\/304
|-enditem|p2a: Rotom-Heat|Leftovers|[from] move: Knock Off|[of] p1a: Liepard
|move|p2a: Rotom-Heat|Will-O-Wisp|p1a: Liepard
|-status|p1a: Liepard|brn
|
|-damage|p1a: Liepard|236\/269 brn|[from] brn
|turn|14
|
|move|p1a: Liepard|Knock Off|p2a: Rotom-Heat
|-damage|p2a: Rotom-Heat|47\/304
|move|p2a: Rotom-Heat|Overheat|p1a: Liepard
|-damage|p1a: Liepard|0 fnt
|-unboost|p2a: Rotom-Heat|spa|2
|faint|p1a: Liepard
|
|
|switch|p1a: Uxie|Uxie|45\/354
|turn|15
|
|move|p1a: Uxie|Heal Bell|p1a: Uxie
|-cureteam|p1a: Uxie|[from] move: HealBell
|move|p2a: Rotom-Heat|Overheat|p1a: Uxie
|-damage|p1a: Uxie|0 fnt
|-unboost|p2a: Rotom-Heat|spa|2
|faint|p1a: Uxie
|
|
|switch|p1a: Ninjask|Ninjask, M|263\/263
|turn|16
|
|move|p1a: Ninjask|U-turn|p2a: Rotom-Heat
|-resisted|p2a: Rotom-Heat
|-damage|p2a: Rotom-Heat|0 fnt
|faint|p2a: Rotom-Heat
|
|switch|p1a: Cobalion|Cobalion|324\/324
|
|chat|Zhaf|Banded ninjask!
|
|switch|p2a: Granbull|Granbull, M|322\/384
|-damage|p2a: Granbull|274\/384|[from] Stealth Rock
|-ability|p2a: Granbull|Intimidate|[of] p1a: Cobalion
|-unboost|p1a: Cobalion|atk|1
|turn|17
|
|move|p1a: Cobalion|Flash Cannon|p2a: Granbull
|-supereffective|p2a: Granbull
|-damage|p2a: Granbull|0 fnt
|faint|p2a: Granbull
|
|chat|NotStandard|indeed
|
|switch|p2a: Swampert|Swampert, F|264\/404
|-damage|p2a: Swampert|239\/404|[from] Stealth Rock
|turn|18
|chat|NotStandard|banded liepard aswell
|chat|Zhaf|You sir are quite something.
|chat|NotStandard|hahaha
|
|switch|p1a: Golbat|Golbat, M|249\/331
|move|p2a: Swampert|Stealth Rock|p1a: Golbat
|-sidestart|p1: NotStandard|move: Stealth Rock
|
|-heal|p2a: Swampert|264\/404|[from] item: Leftovers
|turn|19
|
|switch|p2a: Jirachi|Jirachi|320\/341
|-damage|p2a: Jirachi|299\/341|[from] Stealth Rock
|move|p1a: Golbat|Toxic|p2a: Jirachi
|-fail|p2a: Jirachi
|
|turn|20
|chat|NotStandard|please live
|
|move|p2a: Jirachi|Thunder Punch|p1a: Golbat
|-supereffective|p1a: Golbat
|-damage|p1a: Golbat|127\/331
|move|p1a: Golbat|Defog|p2a: Jirachi
|-unboost|p2a: Jirachi|evasion|1
|-sideend|p2: Zhaf|Stealth Rock|[from] move: Defog|[of] p2a: Jirachi
|-sideend|p1: NotStandard|Stealth Rock|[from] move: Defog|[of] p1a: Golbat
|
|turn|21
|chat|Zhaf|It will.
|chat|NotStandard|min max?
|c|âNotStandard|!data thunderpunch
|c|~|\/data-move Thunder Punch

|chat|Zhaf|I only know that evio golbat is bulky af.
|
|move|p2a: Jirachi|Thunder Punch|p1a: Golbat
|-supereffective|p1a: Golbat
|-damage|p1a: Golbat|1\/331
|move|p1a: Golbat|Roost|p1a: Golbat
|-heal|p1a: Golbat|167\/331
|
|turn|22
|
|switch|p1a: Cobalion|Cobalion|324\/324
|move|p2a: Jirachi|Thunder Punch|p1a: Cobalion
|-damage|p1a: Cobalion|268\/324
|
|turn|23
|chat|NotStandard|should have kept hiddenpower grassh
|
|switch|p2a: Swampert|Swampert, F|264\/404
|move|p1a: Cobalion|Focus Blast|p2a: Swampert
|-damage|p2a: Swampert|53\/404
|-unboost|p2a: Swampert|spd|1
|
|-heal|p2a: Swampert|78\/404|[from] item: Leftovers
|turn|24
|
|move|p1a: Cobalion|Focus Blast|p2a: Swampert
|-damage|p2a: Swampert|0 fnt
|faint|p2a: Swampert
|
|chat|NotStandard|i guess it is a wrap
|chat|NotStandard|well played sir
|chat|NotStandard|well played sir
|chat|Zhaf|You won with skills. Gg.
|-message|Zhaf forfeited.
|
|win|NotStandard
|raw|Ladder updating...
|leave|Zhaf
|player|p2
|raw|NotStandard's rating: 1187 &rarr; <strong>1210<\/strong><br \/>(+23 for winning)
|raw|Zhaf's rating: 1166 &rarr; <strong>1143<\/strong><br \/>(-23 for losing)