|join|Noctum
|join|Zhaf
|player|p1|Noctum|23
|player|p2|Zhaf|69
|gametype|singles
|gen|6
|tier|UU
|rated
|rule|Sleep Clause Mod: Limit one foe put to sleep
|rule|Species Clause: Limit one of each PokÃ©mon
|rule|OHKO Clause: OHKO moves are banned
|rule|Moody Clause: Moody is banned
|rule|Evasion Moves Clause: Evasion moves are banned
|rule|Endless Battle Clause: Forcing endless battles is banned
|rule|HP Percentage Mod: HP is shown in percentages
|clearpoke
|poke|p1|Pidgeot, M
|poke|p1|Lucario, M
|poke|p1|Vaporeon, F
|poke|p1|Roserade, F
|poke|p1|Rotom-Heat
|poke|p1|Hydreigon, M
|poke|p2|Vaporeon, F
|poke|p2|Nidoqueen, F
|poke|p2|Hydreigon, F
|poke|p2|Whimsicott, F
|poke|p2|Arcanine, F
|poke|p2|Forretress, M
|rule|Swagger Clause: Swagger is banned
|rule|Baton Pass Clause: Limit one PokÃ©mon knowing Baton Pass
|teampreview
|c|âZhaf|Gl Hf
|c|âNoctum|u2
|
|start
|switch|p1a: Pidgeot|Pidgeot, M|307\/307
|switch|p2a: Hydreigon|Hydreigon, F|325\/325
|turn|1
|
|detailschange|p1a: Pidgeot|Pidgeot-Mega, M
|-mega|p1a: Pidgeot|Pidgeot|Pidgeotite
|move|p1a: Pidgeot|Protect|p1a: Pidgeot
|-singleturn|p1a: Pidgeot|Protect
|move|p2a: Hydreigon|Draco Meteor|p1a: Pidgeot
|-activate|p1a: Pidgeot|Protect
|
|turn|2
|
|switch|p1a: Roserade|Roserade, F|324\/324
|move|p2a: Hydreigon|Draco Meteor|p1a: Roserade|[miss]
|-miss|p2a: Hydreigon|p1a: Roserade
|
|turn|3
|
|switch|p2a: Forretress|Forretress, M|354\/354
|move|p1a: Roserade|Spikes|p2a: Forretress
|-sidestart|p2: Zhaf|Spikes
|
|turn|4
|
|switch|p1a: Lucario|Lucario, M|281\/281
|move|p2a: Forretress|Gyro Ball|p1a: Lucario
|-resisted|p1a: Lucario
|-damage|p1a: Lucario|211\/281
|
|turn|5
|
|move|p1a: Lucario|Close Combat|p2a: Forretress
|-damage|p2a: Forretress|205\/354
|-unboost|p1a: Lucario|def|1
|-unboost|p1a: Lucario|spd|1
|-damage|p1a: Lucario|183\/281|[from] item: Life Orb
|move|p2a: Forretress|Volt Switch|p1a: Lucario
|-damage|p1a: Lucario|108\/281
|
|switch|p2a: Arcanine|Arcanine, F|321\/321
|-damage|p2a: Arcanine|281\/321|[from] Spikes
|-ability|p2a: Arcanine|Intimidate|[of] p1a: Lucario
|-unboost|p1a: Lucario|atk|1
|
|turn|6
|
|switch|p1a: Vaporeon|Vaporeon, F|464\/464
|move|p2a: Arcanine|Will-O-Wisp|p1a: Vaporeon
|-status|p1a: Vaporeon|brn
|
|-damage|p1a: Vaporeon|406\/464 brn|[from] brn
|turn|7
|
|switch|p2a: Whimsicott|Whimsicott, F|261\/261
|-damage|p2a: Whimsicott|229\/261|[from] Spikes
|move|p1a: Vaporeon|Heal Bell|p1a: Vaporeon
|-cureteam|p1a: Vaporeon|[from] move: HealBell
|
|-heal|p1a: Vaporeon|435\/464|[from] item: Leftovers
|turn|8
|
|switch|p1a: Roserade|Roserade, F|324\/324
|move|p2a: Whimsicott|U-turn|p1a: Roserade
|-damage|p1a: Roserade|270\/324
|
|switch|p2a: Hydreigon|Hydreigon, F|325\/325
|
|-heal|p1a: Roserade|290\/324|[from] item: Black Sludge
|turn|9
|
|move|p2a: Hydreigon|Fire Blast|p1a: Roserade
|-supereffective|p1a: Roserade
|-damage|p1a: Roserade|110\/324
|-status|p1a: Roserade|brn
|move|p1a: Roserade|Spikes|p2a: Hydreigon
|-sidestart|p2: Zhaf|Spikes
|
|-heal|p1a: Roserade|130\/324 brn|[from] item: Black Sludge
|-damage|p1a: Roserade|90\/324 brn|[from] brn
|turn|10
|
|switch|p2a: Forretress|Forretress, M|205\/354
|-damage|p2a: Forretress|146\/354|[from] Spikes
|switch|p1a: Rotom-Heat|Rotom-Heat|241\/241
|
|-heal|p2a: Forretress|168\/354|[from] item: Leftovers
|turn|11
|
|switch|p2a: Hydreigon|Hydreigon, F|325\/325
|move|p1a: Rotom-Heat|Overheat|p2a: Hydreigon
|-resisted|p2a: Hydreigon
|-damage|p2a: Hydreigon|214\/325
|-unboost|p1a: Rotom-Heat|spa|2
|
|turn|12
|
|switch|p1a: Vaporeon|Vaporeon, F|435\/464
|move|p2a: Hydreigon|Dark Pulse|p1a: Vaporeon
|-damage|p1a: Vaporeon|288\/464
|
|-heal|p1a: Vaporeon|317\/464|[from] item: Leftovers
|turn|13
|
|switch|p2a: Whimsicott|Whimsicott, F|229\/261
|-damage|p2a: Whimsicott|186\/261|[from] Spikes
|move|p1a: Vaporeon|Wish|p1a: Vaporeon
|
|-heal|p1a: Vaporeon|346\/464|[from] item: Leftovers
|turn|14
|
|switch|p1a: Rotom-Heat|Rotom-Heat|241\/241
|move|p2a: Whimsicott|U-turn|p1a: Rotom-Heat
|-resisted|p1a: Rotom-Heat
|-damage|p1a: Rotom-Heat|224\/241
|
|switch|p2a: Arcanine|Arcanine, F|281\/321
|-damage|p2a: Arcanine|228\/321|[from] Spikes
|-ability|p2a: Arcanine|Intimidate|[of] p1a: Rotom-Heat
|-unboost|p1a: Rotom-Heat|atk|1
|
|-heal|p1a: Rotom-Heat|241\/241|[from] move: Wish|[wisher] Vaporeon
|turn|15
|
|move|p1a: Rotom-Heat|Trick|p2a: Arcanine
|-activate|p1a: Rotom-Heat|move: Trick|[of] p2a: Arcanine
|-item|p2a: Arcanine|Choice Scarf|[from] move: Trick
|-item|p1a: Rotom-Heat|Flame Plate|[from] move: Trick
|move|p2a: Arcanine|Morning Sun|p2a: Arcanine
|-heal|p2a: Arcanine|321\/321
|
|turn|16
|
|switch|p2a: Nidoqueen|Nidoqueen, F|353\/353
|-damage|p2a: Nidoqueen|295\/353|[from] Spikes
|move|p1a: Rotom-Heat|Will-O-Wisp|p2a: Nidoqueen|[miss]
|-miss|p1a: Rotom-Heat|p2a: Nidoqueen
|
|turn|17
|
|move|p1a: Rotom-Heat|Overheat|p2a: Nidoqueen
|-damage|p2a: Nidoqueen|16\/353
|-unboost|p1a: Rotom-Heat|spa|2
|move|p2a: Nidoqueen|Stealth Rock|p1a: Rotom-Heat
|-sidestart|p1: Noctum|move: Stealth Rock
|
|turn|18
|
|move|p1a: Rotom-Heat|Overheat|p2a: Nidoqueen
|-damage|p2a: Nidoqueen|0 fnt
|-unboost|p1a: Rotom-Heat|spa|2
|faint|p2a: Nidoqueen
|
|
|switch|p2a: Hydreigon|Hydreigon, F|214\/325
|turn|19
|
|move|p2a: Hydreigon|Draco Meteor|p1a: Rotom-Heat|[miss]
|-miss|p2a: Hydreigon|p1a: Rotom-Heat
|move|p1a: Rotom-Heat|Volt Switch|p2a: Hydreigon
|-resisted|p2a: Hydreigon
|-damage|p2a: Hydreigon|192\/325
|
|switch|p1a: Vaporeon|Vaporeon, F|346\/464
|-damage|p1a: Vaporeon|288\/464|[from] Stealth Rock
|
|-heal|p1a: Vaporeon|317\/464|[from] item: Leftovers
|turn|20
|
|move|p2a: Hydreigon|Draco Meteor|p1a: Vaporeon
|-damage|p1a: Vaporeon|91\/464
|-unboost|p2a: Hydreigon|spa|2
|move|p1a: Vaporeon|Wish|p1a: Vaporeon
|
|-heal|p1a: Vaporeon|120\/464|[from] item: Leftovers
|turn|21
|
|switch|p2a: Forretress|Forretress, M|168\/354
|-damage|p2a: Forretress|109\/354|[from] Spikes
|move|p1a: Vaporeon|Protect|p1a: Vaporeon
|-fail|p1a: Vaporeon
|
|-heal|p1a: Vaporeon|352\/464|[from] move: Wish|[wisher] Vaporeon
|-heal|p1a: Vaporeon|381\/464|[from] item: Leftovers
|-heal|p2a: Forretress|131\/354|[from] item: Leftovers
|turn|22
|
|move|p1a: Vaporeon|Scald|p2a: Forretress
|-damage|p2a: Forretress|0 fnt
|faint|p2a: Forretress
|
|-heal|p1a: Vaporeon|410\/464|[from] item: Leftovers
|
|switch|p2a: Whimsicott|Whimsicott, F|186\/261
|-damage|p2a: Whimsicott|143\/261|[from] Spikes
|turn|23
|
|move|p1a: Vaporeon|Protect|p1a: Vaporeon
|-singleturn|p1a: Vaporeon|Protect
|move|p2a: Whimsicott|Giga Drain|p1a: Vaporeon
|-activate|p1a: Vaporeon|Protect
|
|-heal|p1a: Vaporeon|439\/464|[from] item: Leftovers
|turn|24
|
|switch|p2a: Hydreigon|Hydreigon, F|192\/325
|switch|p1a: Rotom-Heat|Rotom-Heat|241\/241
|-damage|p1a: Rotom-Heat|181\/241|[from] Stealth Rock
|
|turn|25
|
|move|p2a: Hydreigon|Draco Meteor|p1a: Rotom-Heat
|-damage|p1a: Rotom-Heat|0 fnt
|-unboost|p2a: Hydreigon|spa|2
|faint|p1a: Rotom-Heat
|
|
|switch|p1a: Pidgeot|Pidgeot-Mega, M|307\/307
|-damage|p1a: Pidgeot|231\/307|[from] Stealth Rock
|turn|26
|
|switch|p2a: Vaporeon|Vaporeon, F|464\/464
|-damage|p2a: Vaporeon|387\/464|[from] Spikes
|move|p1a: Pidgeot|Hurricane|p2a: Vaporeon
|-damage|p2a: Vaporeon|188\/464
|
|-heal|p2a: Vaporeon|217\/464|[from] item: Leftovers
|turn|27
|
|move|p1a: Pidgeot|Hurricane|p2a: Vaporeon
|-damage|p2a: Vaporeon|13\/464
|move|p2a: Vaporeon|Wish|p2a: Vaporeon
|
|-heal|p2a: Vaporeon|42\/464|[from] item: Leftovers
|turn|28
|
|move|p2a: Vaporeon|Protect|p2a: Vaporeon
|-singleturn|p2a: Vaporeon|Protect
|move|p1a: Pidgeot|Roost|p1a: Pidgeot
|-heal|p1a: Pidgeot|307\/307
|
|-heal|p2a: Vaporeon|274\/464|[from] move: Wish|[wisher] Vaporeon
|-heal|p2a: Vaporeon|303\/464|[from] item: Leftovers
|turn|29
|
|switch|p1a: Vaporeon|Vaporeon, F|439\/464
|-damage|p1a: Vaporeon|381\/464|[from] Stealth Rock
|move|p2a: Vaporeon|Wish|p2a: Vaporeon
|
|-heal|p2a: Vaporeon|332\/464|[from] item: Leftovers
|-heal|p1a: Vaporeon|410\/464|[from] item: Leftovers
|turn|30
|
|switch|p2a: Hydreigon|Hydreigon, F|192\/325
|move|p1a: Vaporeon|Wish|p1a: Vaporeon
|
|-heal|p2a: Hydreigon|325\/325|[from] move: Wish|[wisher] Vaporeon
|-heal|p1a: Vaporeon|439\/464|[from] item: Leftovers
|turn|31
|
|move|p2a: Hydreigon|Draco Meteor|p1a: Vaporeon
|-damage|p1a: Vaporeon|223\/464
|-unboost|p2a: Hydreigon|spa|2
|move|p1a: Vaporeon|Scald|p2a: Hydreigon
|-resisted|p2a: Hydreigon
|-damage|p2a: Hydreigon|274\/325
|
|-heal|p1a: Vaporeon|455\/464|[from] move: Wish|[wisher] Vaporeon
|-heal|p1a: Vaporeon|464\/464|[from] item: Leftovers
|turn|32
|
|switch|p2a: Vaporeon|Vaporeon, F|332\/464
|-damage|p2a: Vaporeon|255\/464|[from] Spikes
|move|p1a: Vaporeon|Wish|p1a: Vaporeon
|
|-heal|p2a: Vaporeon|284\/464|[from] item: Leftovers
|turn|33
|
|switch|p1a: Roserade|Roserade, F|90\/324
|-damage|p1a: Roserade|50\/324|[from] Stealth Rock
|move|p2a: Vaporeon|Ice Beam|p1a: Roserade
|-supereffective|p1a: Roserade
|-damage|p1a: Roserade|0 fnt
|faint|p1a: Roserade
|
|-heal|p2a: Vaporeon|313\/464|[from] item: Leftovers
|
|switch|p1a: Hydreigon|Hydreigon, M|325\/325
|-damage|p1a: Hydreigon|285\/325|[from] Stealth Rock
|turn|34
|
|move|p2a: Vaporeon|Protect|p2a: Vaporeon
|-singleturn|p2a: Vaporeon|Protect
|move|p1a: Hydreigon|U-turn|p2a: Vaporeon
|-activate|p2a: Vaporeon|Protect
|
|-heal|p2a: Vaporeon|342\/464|[from] item: Leftovers
|turn|35
|
|move|p1a: Hydreigon|U-turn|p2a: Vaporeon
|-damage|p2a: Vaporeon|285\/464
|
|switch|p1a: Vaporeon|Vaporeon, F|464\/464
|-damage|p1a: Vaporeon|406\/464|[from] Stealth Rock
|move|p2a: Vaporeon|Scald|p1a: Vaporeon
|-heal|p1a: Vaporeon|464\/464|[from] ability: Water Absorb|[of] p2a: Vaporeon
|
|-heal|p2a: Vaporeon|314\/464|[from] item: Leftovers
|turn|36
|
|move|p1a: Vaporeon|Wish|p1a: Vaporeon
|move|p2a: Vaporeon|Wish|p2a: Vaporeon
|
|-heal|p2a: Vaporeon|343\/464|[from] item: Leftovers
|turn|37
|
|switch|p1a: Lucario|Lucario, M|108\/281
|-damage|p1a: Lucario|100\/281|[from] Stealth Rock
|move|p2a: Vaporeon|Scald|p1a: Lucario
|-damage|p1a: Lucario|0 fnt
|faint|p1a: Lucario
|
|-heal|p2a: Vaporeon|464\/464|[from] move: Wish|[wisher] Vaporeon
|
|switch|p1a: Pidgeot|Pidgeot-Mega, M|307\/307
|-damage|p1a: Pidgeot|231\/307|[from] Stealth Rock
|turn|38
|
|move|p1a: Pidgeot|Hurricane|p2a: Vaporeon
|-damage|p2a: Vaporeon|262\/464
|move|p2a: Vaporeon|Wish|p2a: Vaporeon
|
|-heal|p2a: Vaporeon|291\/464|[from] item: Leftovers
|turn|39
|
|move|p1a: Pidgeot|Hurricane|p2a: Vaporeon
|-damage|p2a: Vaporeon|83\/464
|move|p2a: Vaporeon|Ice Beam|p1a: Pidgeot
|-supereffective|p1a: Pidgeot
|-damage|p1a: Pidgeot|45\/307
|
|-heal|p2a: Vaporeon|315\/464|[from] move: Wish|[wisher] Vaporeon
|-heal|p2a: Vaporeon|344\/464|[from] item: Leftovers
|turn|40
|
|move|p1a: Pidgeot|Roost|p1a: Pidgeot
|-heal|p1a: Pidgeot|199\/307
|move|p2a: Vaporeon|Scald|p1a: Pidgeot
|-damage|p1a: Pidgeot|76\/307
|
|-heal|p2a: Vaporeon|373\/464|[from] item: Leftovers
|turn|41
|
|move|p1a: Pidgeot|Roost|p1a: Pidgeot
|-heal|p1a: Pidgeot|230\/307
|move|p2a: Vaporeon|Scald|p1a: Pidgeot
|-damage|p1a: Pidgeot|112\/307
|
|-heal|p2a: Vaporeon|402\/464|[from] item: Leftovers
|turn|42
|
|move|p1a: Pidgeot|Roost|p1a: Pidgeot
|-heal|p1a: Pidgeot|266\/307
|move|p2a: Vaporeon|Scald|p1a: Pidgeot
|-damage|p1a: Pidgeot|146\/307
|
|-heal|p2a: Vaporeon|431\/464|[from] item: Leftovers
|turn|43
|
|move|p1a: Pidgeot|Roost|p1a: Pidgeot
|-heal|p1a: Pidgeot|300\/307
|move|p2a: Vaporeon|Scald|p1a: Pidgeot
|-damage|p1a: Pidgeot|173\/307
|-status|p1a: Pidgeot|brn
|
|-heal|p2a: Vaporeon|460\/464|[from] item: Leftovers
|-damage|p1a: Pidgeot|135\/307 brn|[from] brn
|turn|44
|
|switch|p1a: Vaporeon|Vaporeon, F|464\/464
|-damage|p1a: Vaporeon|406\/464|[from] Stealth Rock
|move|p2a: Vaporeon|Ice Beam|p1a: Vaporeon
|-resisted|p1a: Vaporeon
|-damage|p1a: Vaporeon|367\/464
|
|-heal|p2a: Vaporeon|464\/464|[from] item: Leftovers
|-heal|p1a: Vaporeon|396\/464|[from] item: Leftovers
|turn|45
|
|move|p2a: Vaporeon|Wish|p2a: Vaporeon
|move|p1a: Vaporeon|Heal Bell|p1a: Vaporeon
|-cureteam|p1a: Vaporeon|[from] move: HealBell
|
|-heal|p1a: Vaporeon|425\/464|[from] item: Leftovers
|turn|46
|
|switch|p2a: Whimsicott|Whimsicott, F|143\/261
|-damage|p2a: Whimsicott|100\/261|[from] Spikes
|move|p1a: Vaporeon|Scald|p2a: Whimsicott
|-resisted|p2a: Whimsicott
|-damage|p2a: Whimsicott|36\/261
|
|-heal|p2a: Whimsicott|261\/261|[from] move: Wish|[wisher] Vaporeon
|-heal|p1a: Vaporeon|454\/464|[from] item: Leftovers
|turn|47
|
|move|p2a: Whimsicott|Moonblast|p1a: Vaporeon
|-damage|p1a: Vaporeon|277\/464
|move|p1a: Vaporeon|Wish|p1a: Vaporeon
|
|-heal|p1a: Vaporeon|306\/464|[from] item: Leftovers
|turn|48
|
|move|p2a: Whimsicott|Moonblast|p1a: Vaporeon
|-damage|p1a: Vaporeon|114\/464
|-unboost|p1a: Vaporeon|spa|1
|move|p1a: Vaporeon|Scald|p2a: Whimsicott
|-resisted|p2a: Whimsicott
|-damage|p2a: Whimsicott|217\/261
|
|-heal|p1a: Vaporeon|346\/464|[from] move: Wish|[wisher] Vaporeon
|-heal|p1a: Vaporeon|375\/464|[from] item: Leftovers
|turn|49
|
|move|p2a: Whimsicott|Moonblast|p1a: Vaporeon
|-crit|p1a: Vaporeon
|-damage|p1a: Vaporeon|104\/464
|move|p1a: Vaporeon|Wish|p1a: Vaporeon
|
|-heal|p1a: Vaporeon|133\/464|[from] item: Leftovers
|turn|50
|
|move|p1a: Vaporeon|Protect|p1a: Vaporeon
|-singleturn|p1a: Vaporeon|Protect
|move|p2a: Whimsicott|Moonblast|p1a: Vaporeon
|-activate|p1a: Vaporeon|Protect
|
|-heal|p1a: Vaporeon|365\/464|[from] move: Wish|[wisher] Vaporeon
|-heal|p1a: Vaporeon|394\/464|[from] item: Leftovers
|turn|51
|-message|Noctum forfeited.
|
|win|Zhaf
|raw|Ladder updating...
|leave|Noctum
|player|p1
|raw|Noctum's rating: 1364 &rarr; <strong>1344<\/strong><br \/>(-20 for losing)
|raw|Zhaf's rating: 1357 &rarr; <strong>1377<\/strong><br \/>(+20 for winning)