|join|derpuderp
|join|Zhaf
|player|p1|derpuderp|164
|player|p2|Zhaf|1
|gametype|singles
|gen|6
|tier|UU
|rated
|rule|Sleep Clause Mod: Limit one foe put to sleep
|rule|Species Clause: Limit one of each Pokemon
|rule|OHKO Clause: OHKO moves are banned
|rule|Moody Clause: Moody is banned
|rule|Evasion Moves Clause: Evasion moves are banned
|rule|Endless Battle Clause: Forcing endless battles is banned.
|rule|HP Percentage Mod: HP is reported as percentages
|clearpoke
|poke|p1|Scrafty, F
|poke|p1|Flygon, M
|poke|p1|Entei, shiny
|poke|p1|Swampert, F
|poke|p1|Florges, F
|poke|p1|Magneton
|poke|p2|Ampharos, M
|poke|p2|Bronzong
|poke|p2|Aromatisse, F
|poke|p2|Arcanine, M
|poke|p2|Hitmonchan, M
|poke|p2|Honchkrow, M
|teampreview
|chat|Zhaf|Gl Hf!
|chat|derpuderp|same (:
|chat|derpuderp|has been a long time someone said that before me (:
|chat|derpuderp|and nice
|chat|derpuderp|an assault vest hitmanchan?
|
|start
|switch|p1a: Scrafty|Scrafty, F|334\/334
|switch|p2a: Aromatisse|Aromatisse, F|406\/406
|-ability|p1a: Scrafty|Intimidate|[of] p2a: Aromatisse
|-unboost|p2a: Aromatisse|atk|1
|turn|1
|chat|Zhaf|Hehe.. Let's keep that a secret. xD
|chat|derpuderp|lol
|chat|derpuderp|won't be too long
|chat|derpuderp|was in a blametruth vid 
|
|switch|p1a: Magneton|Magneton|304\/304
|move|p2a: Aromatisse|Wish|p2a: Aromatisse
|
|turn|2
|chat|Zhaf|Well.. It is viable.
|
|switch|p2a: Hitmonchan|Hitmonchan, M|304\/304
|move|p1a: Magneton|Thunderbolt|p2a: Hitmonchan
|-damage|p2a: Hitmonchan|102\/304
|
|-heal|p2a: Hitmonchan|304\/304|[from] move: Wish|[wisher] Aromatisse
|turn|3
|
|switch|p1a: Swampert|Swampert, F|404\/404
|move|p2a: Hitmonchan|Drain Punch|p1a: Swampert
|-damage|p1a: Swampert|290\/404
|
|-heal|p1a: Swampert|315\/404|[from] item: Leftovers
|turn|4
|
|move|p2a: Hitmonchan|Drain Punch|p1a: Swampert
|-damage|p1a: Swampert|195\/404
|move|p1a: Swampert|Stealth Rock|p2a: Hitmonchan
|-sidestart|p2: Zhaf|move: Stealth Rock
|
|-heal|p1a: Swampert|220\/404|[from] item: Leftovers
|turn|5
|
|move|p2a: Hitmonchan|Rapid Spin|p1a: Swampert
|-crit|p1a: Swampert
|-damage|p1a: Swampert|194\/404
|-sideend|p2: Zhaf|Stealth Rock|[from] move: Rapid Spin|[of] p2a: Hitmonchan
|move|p1a: Swampert|Scald|p2a: Hitmonchan
|-damage|p2a: Hitmonchan|253\/304
|
|-heal|p1a: Swampert|219\/404|[from] item: Leftovers
|turn|6
|
|move|p2a: Hitmonchan|Drain Punch|p1a: Swampert
|-damage|p1a: Swampert|98\/404
|-heal|p2a: Hitmonchan|304\/304|[from] drain|[of] p1a: Swampert
|move|p1a: Swampert|Scald|p2a: Hitmonchan
|-damage|p2a: Hitmonchan|222\/304
|
|-heal|p1a: Swampert|123\/404|[from] item: Leftovers
|turn|7
|
|move|p2a: Hitmonchan|Drain Punch|p1a: Swampert
|-damage|p1a: Swampert|12\/404
|-heal|p2a: Hitmonchan|278\/304|[from] drain|[of] p1a: Swampert
|move|p1a: Swampert|Scald|p2a: Hitmonchan
|-damage|p2a: Hitmonchan|203\/304
|-status|p2a: Hitmonchan|brn
|
|-heal|p1a: Swampert|37\/404|[from] item: Leftovers
|-damage|p2a: Hitmonchan|165\/304 brn|[from] brn
|turn|8
|
|switch|p2a: Bronzong|Bronzong|338\/338
|switch|p1a: Entei|Entei, shiny|372\/372
|-ability|p1a: Entei|Pressure
|
|turn|9
|chat|Zhaf|Prediction?
|chat|derpuderp|ofc
|chat|derpuderp|i'm a pokÃ©mon master
|chat|derpuderp|what'd you expect?
|chat|Zhaf|Florges for the wish pass shenenigans.
|
|move|p1a: Entei|Sacred Fire|p2a: Bronzong
|-supereffective|p2a: Bronzong
|-damage|p2a: Bronzong|31\/338
|-damage|p1a: Entei|335\/372|[from] item: Life Orb
|move|p2a: Bronzong|Reflect|p2a: Bronzong
|-sidestart|p2: Zhaf|Reflect
|
|-heal|p2a: Bronzong|52\/338|[from] item: Leftovers
|turn|10
|chat|derpuderp|would've a solid play
|chat|derpuderp|been
|
|switch|p2a: Arcanine|Arcanine, M|339\/339
|move|p1a: Entei|Sacred Fire|p2a: Arcanine
|-start|p2a: Arcanine|ability: Flash Fire
|
|turn|11
|
|switch|p1a: Swampert|Swampert, F|37\/404
|move|p2a: Arcanine|Flare Blitz|p1a: Swampert
|-resisted|p1a: Swampert
|-damage|p1a: Swampert|0 fnt
|-damage|p2a: Arcanine|327\/339|[from] recoil|[of] p1a: Swampert
|faint|p1a: Swampert
|
|
|switch|p1a: Flygon|Flygon, M|301\/301
|turn|12
|chat|derpuderp|arcanine is so good :(
|chat|Zhaf|It will be outclassed when entei gets flash fire.
|
|switch|p2a: Aromatisse|Aromatisse, F|406\/406
|move|p1a: Flygon|Earthquake|p2a: Aromatisse
|-damage|p2a: Aromatisse|336\/406
|
|-heal|p2a: Aromatisse|361\/406|[from] item: Leftovers
|turn|13
|chat|derpuderp|might be so
|chat|derpuderp|defensive set is no joke tho
|
|switch|p1a: Magneton|Magneton|304\/304
|move|p2a: Aromatisse|Aromatherapy|p2a: Aromatisse
|-cureteam|p2a: Aromatisse|[from] move: Aromatherapy
|
|-heal|p2a: Aromatisse|386\/406|[from] item: Leftovers
|-sideend|p2: Zhaf|Reflect
|turn|14
|
|switch|p2a: Ampharos|Ampharos, M|384\/384
|move|p1a: Magneton|Flash Cannon|p2a: Ampharos
|-crit|p2a: Ampharos
|-resisted|p2a: Ampharos
|-damage|p2a: Ampharos|224\/384
|
|turn|15
|
|switch|p1a: Scrafty|Scrafty, F|334\/334
|-ability|p1a: Scrafty|Intimidate|[of] p2a: Ampharos
|-unboost|p2a: Ampharos|atk|1
|-formechange|p2a: Ampharos|Ampharos-Mega
|message|Ampharos has Mega Evolved into Mega Ampharos!
|-ability|p2a: Ampharos|Mold Breaker
|move|p2a: Ampharos|Volt Switch|p1a: Scrafty
|-damage|p1a: Scrafty|253\/334
|
|switch|p2a: Honchkrow|Honchkrow, M|341\/341
|
|turn|16
|
|move|p2a: Honchkrow|Superpower|p1a: Scrafty
|-supereffective|p1a: Scrafty
|-damage|p1a: Scrafty|0 fnt
|-unboost|p2a: Honchkrow|atk|1
|-unboost|p2a: Honchkrow|def|1
|-damage|p2a: Honchkrow|307\/341|[from] item: Life Orb
|faint|p1a: Scrafty
|-boost|p2a: Honchkrow|atk|1|[from] ability: Moxie
|
|
|switch|p1a: Entei|Entei, shiny|335\/372
|-ability|p1a: Entei|Pressure
|turn|17
|chat|derpuderp|honchkrow is soooooo good
|chat|Zhaf|Yet so frail.
|chat|derpuderp|still
|chat|derpuderp|before you die it'll have OHKO'd at least one thing
|
|switch|p2a: Aromatisse|Aromatisse, F|386\/406
|move|p1a: Entei|Extreme Speed|p2a: Aromatisse
|-damage|p2a: Aromatisse|282\/406
|-damage|p1a: Entei|298\/372|[from] item: Life Orb
|
|-heal|p2a: Aromatisse|307\/406|[from] item: Leftovers
|turn|18
|
|move|p2a: Aromatisse|Protect|p2a: Aromatisse
|-singleturn|p2a: Aromatisse|Protect
|move|p1a: Entei|Sacred Fire|p2a: Aromatisse
|-activate|p2a: Aromatisse|Protect
|
|-heal|p2a: Aromatisse|332\/406|[from] item: Leftovers
|turn|19
|chat|Zhaf|Aromatisse is surprisingly bulky.
|chat|derpuderp|defensive?
|chat|Zhaf|Yes.
|chat|derpuderp|that hp stat is nice
|chat|derpuderp|speed is cringeworthy
|
|switch|p2a: Bronzong|Bronzong|52\/338
|move|p1a: Entei|Stone Edge|p2a: Bronzong
|-resisted|p2a: Bronzong
|-damage|p2a: Bronzong|0 fnt
|-damage|p1a: Entei|261\/372|[from] item: Life Orb
|faint|p2a: Bronzong
|
|chat|Zhaf|Knew that was coming..
|chat|derpuderp|arcanine is a threat
|chat|Zhaf|Now i can revenge it. Lawl
|
|switch|p2a: Arcanine|Arcanine, M|327\/339
|turn|20
|
|move|p2a: Arcanine|Extreme Speed|p1a: Entei
|-damage|p1a: Entei|114\/372
|move|p1a: Entei|Stone Edge|p2a: Arcanine
|-supereffective|p2a: Arcanine
|-damage|p2a: Arcanine|0 fnt
|-damage|p1a: Entei|77\/372|[from] item: Life Orb
|faint|p2a: Arcanine
|
|chat|derpuderp|what?
|chat|Zhaf|Or not..
|chat|derpuderp|bulky mofo lol
|
|switch|p2a: Hitmonchan|Hitmonchan, M|165\/304
|turn|21
|chat|Zhaf|I'm kinda weak to it.
|chat|Zhaf|Maybe i'll replace arcanine with a banded one.
|chat|derpuderp|banded is cool
|chat|derpuderp|only for wallbreaking tho
|
|move|p2a: Hitmonchan|Mach Punch|p1a: Entei
|-crit|p1a: Entei
|-damage|p1a: Entei|0 fnt
|faint|p1a: Entei
|
|
|switch|p1a: Flygon|Flygon, M|301\/301
|turn|22
|
|switch|p2a: Aromatisse|Aromatisse, F|332\/406
|move|p1a: Flygon|Earthquake|p2a: Aromatisse
|-damage|p2a: Aromatisse|193\/406
|
|-heal|p2a: Aromatisse|218\/406|[from] item: Leftovers
|turn|23
|
|switch|p1a: Magneton|Magneton|304\/304
|move|p2a: Aromatisse|Wish|p2a: Aromatisse
|
|-heal|p2a: Aromatisse|243\/406|[from] item: Leftovers
|turn|24
|chat|Zhaf|I'm in a pickle..
|
|switch|p2a: Ampharos|Ampharos, M|224\/384
|-formechange|p2a: Ampharos|Ampharos-Mega
|-ability|p2a: Ampharos|Mold Breaker
|move|p1a: Magneton|Thunderbolt|p2a: Ampharos
|-resisted|p2a: Ampharos
|-damage|p2a: Ampharos|170\/384
|
|-heal|p2a: Ampharos|373\/384|[from] move: Wish|[wisher] Aromatisse
|turn|25
|chat|derpuderp|i think you are close to winning tho
|chat|Zhaf|You are in a very good position too.
|
|switch|p1a: Florges|Florges, F|360\/360
|move|p2a: Ampharos|Volt Switch|p1a: Florges
|-damage|p1a: Florges|296\/360
|
|switch|p2a: Honchkrow|Honchkrow, M|307\/341
|
|-heal|p1a: Florges|318\/360|[from] item: Leftovers
|turn|26
|chat|derpuderp|ampharos is cool tho
|chat|Zhaf|Indeed.
|chat|derpuderp|shouldn't have let entei die
|chat|Zhaf|Same thing with bronzong and arcanine.
|chat|derpuderp|hehe
|chat|derpuderp|i think it would've been a lot easier
|
|move|p2a: Honchkrow|Brave Bird|p1a: Florges
|-damage|p1a: Florges|0 fnt
|-damage|p2a: Honchkrow|202\/341|[from] recoil|[of] p1a: Florges
|-damage|p2a: Honchkrow|168\/341|[from] item: Life Orb
|faint|p1a: Florges
|-boost|p2a: Honchkrow|atk|1|[from] ability: Moxie
|
|chat|derpuderp|just espeed all the things
|
|switch|p1a: Flygon|Flygon, M|301\/301
|turn|27
|
|switch|p2a: Hitmonchan|Hitmonchan, M|165\/304
|move|p1a: Flygon|U-turn|p2a: Hitmonchan
|-resisted|p2a: Hitmonchan
|-damage|p2a: Hitmonchan|125\/304
|
|switch|p1a: Magneton|Magneton|304\/304
|
|turn|28
|chat|Zhaf|Lol yes, it worked!
|
|move|p2a: Hitmonchan|Drain Punch|p1a: Magneton
|-crit|p1a: Magneton
|-supereffective|p1a: Magneton
|-damage|p1a: Magneton|0 fnt
|-heal|p2a: Hitmonchan|277\/304|[from] drain|[of] p1a: Magneton
|faint|p1a: Magneton
|
|
|switch|p1a: Flygon|Flygon, M|301\/301
|turn|29
|chat|derpuderp|:(
|chat|derpuderp|gg
|chat|Zhaf|Sorry for the crit.
|
|move|p1a: Flygon|Outrage|p2a: Hitmonchan
|-damage|p2a: Hitmonchan|52\/304
|move|p2a: Hitmonchan|Ice Punch|p1a: Flygon
|-supereffective|p1a: Flygon
|-damage|p1a: Flygon|0 fnt
|faint|p1a: Flygon
|
|win|Zhaf
|raw|Ladder updating...
|raw|derpuderp's rating: 1380 &rarr; <strong>1357<\/strong><br \/>(-23 for losing)
|raw|Zhaf's rating: 1329 &rarr; <strong>1352<\/strong><br \/>(+23 for winning)
|chat|derpuderp|damn
|chat|Zhaf|Gg
|chat|derpuderp|that was close
|chat|Zhaf|Very close! xD
|leave|derpuderp
|player|p1