|join|Zhaf
|join|violincore
|player|p1|Zhaf|102
|player|p2|violincore|2
|gametype|singles
|gen|6
|tier|UU
|rated
|clearpoke
|poke|p1|Ampharos, M
|poke|p1|Bronzong
|poke|p1|Aromatisse, F
|poke|p1|Arcanine, M
|poke|p1|Hitmonchan, M
|poke|p1|Honchkrow, F
|poke|p2|Mew, shiny
|poke|p2|Umbreon, F, shiny
|poke|p2|Metagross
|poke|p2|Mienshao, M
|poke|p2|Donphan, M
|poke|p2|Jolteon, M
|rule|Sleep Clause Mod: Limit one foe put to sleep
|rule|Species Clause: Limit one of each Pokemon
|rule|OHKO Clause: OHKO moves are banned
|rule|Moody Clause: Moody is banned
|rule|Evasion Moves Clause: Evasion moves are banned
|rule|Endless Battle Clause: Forcing endless battles is banned.
|rule|HP Percentage Mod: HP is reported as percentages
|teampreview
|chat|Zhaf|Gl Hf!
|chat|violincore|have fun ;)
|
|start
|switch|p1a: Aromatisse|Aromatisse, F|406\/406
|switch|p2a: Mienshao|Mienshao, M|271\/271
|turn|1
|
|move|p1a: Aromatisse|Protect|p1a: Aromatisse
|-singleturn|p1a: Aromatisse|Protect
|move|p2a: Mienshao|Fake Out|p1a: Aromatisse
|-activate|p1a: Aromatisse|Protect
|
|turn|2
|
|move|p2a: Mienshao|U-turn|p1a: Aromatisse
|-resisted|p1a: Aromatisse
|-damage|p1a: Aromatisse|369\/406
|
|switch|p2a: Metagross|Metagross|364\/364
|move|p1a: Aromatisse|Wish|p1a: Aromatisse
|
|-heal|p1a: Aromatisse|394\/406|[from] item: Leftovers
|turn|3
|
|switch|p2a: Mew|Mew, shiny|404\/404
|switch|p1a: Bronzong|Bronzong|338\/338
|
|turn|4
|
|move|p2a: Mew|Taunt|p1a: Bronzong
|-start|p1a: Bronzong|move: Taunt
|cant|p1a: Bronzong|move: Taunt|Stealth Rock
|
|turn|5
|
|move|p2a: Mew|Will-O-Wisp|p1a: Bronzong
|-status|p1a: Bronzong|brn
|move|p1a: Bronzong|Gyro Ball|p2a: Mew
|-damage|p2a: Mew|358\/404
|
|-heal|p2a: Mew|383\/404|[from] item: Leftovers
|-damage|p1a: Bronzong|296\/338 brn|[from] brn
|turn|6
|
|switch|p1a: Aromatisse|Aromatisse, F|394\/406
|move|p2a: Mew|Psychic|p1a: Aromatisse
|-damage|p1a: Aromatisse|285\/406
|
|-heal|p2a: Mew|404\/404|[from] item: Leftovers
|-heal|p1a: Aromatisse|310\/406|[from] item: Leftovers
|turn|7
|
|move|p2a: Mew|Taunt|p1a: Aromatisse
|-fail|p1a: Aromatisse
|move|p1a: Aromatisse|Aromatherapy|p1a: Aromatisse
|-cureteam|p1a: Aromatisse|[from] move: Aromatherapy
|
|-heal|p1a: Aromatisse|335\/406|[from] item: Leftovers
|turn|8
|
|move|p2a: Mew|Will-O-Wisp|p1a: Aromatisse
|-status|p1a: Aromatisse|brn
|move|p1a: Aromatisse|Wish|p1a: Aromatisse
|
|-heal|p1a: Aromatisse|360\/406 brn|[from] item: Leftovers
|-damage|p1a: Aromatisse|310\/406 brn|[from] brn
|turn|9
|
|switch|p2a: Jolteon|Jolteon, M|272\/272
|move|p1a: Aromatisse|Aromatherapy|p1a: Aromatisse
|-cureteam|p1a: Aromatisse|[from] move: Aromatherapy
|
|-heal|p1a: Aromatisse|406\/406|[from] move: Wish|[wisher] Aromatisse
|turn|10
|
|switch|p1a: Ampharos|Ampharos, M|384\/384
|move|p2a: Jolteon|Volt Switch|p1a: Ampharos
|-resisted|p1a: Ampharos
|-damage|p1a: Ampharos|318\/384
|
|switch|p2a: Mienshao|Mienshao, M|271\/271
|
|turn|11
|
|-formechange|p1a: Ampharos|Ampharos-Mega
|message|Ampharos has Mega Evolved into Mega Ampharos!
|-ability|p1a: Ampharos|Mold Breaker
|move|p2a: Mienshao|Fake Out|p1a: Ampharos
|-damage|p1a: Ampharos|277\/384
|cant|p1a: Ampharos|flinch
|
|turn|12
|
|switch|p1a: Aromatisse|Aromatisse, F|406\/406
|move|p2a: Mienshao|U-turn|p1a: Aromatisse
|-resisted|p1a: Aromatisse
|-damage|p1a: Aromatisse|370\/406
|
|switch|p2a: Metagross|Metagross|364\/364
|
|-heal|p1a: Aromatisse|395\/406|[from] item: Leftovers
|turn|13
|
|switch|p1a: Bronzong|Bronzong|296\/338
|move|p2a: Metagross|Meteor Mash|p1a: Bronzong
|-resisted|p1a: Bronzong
|-damage|p1a: Bronzong|205\/338
|
|-heal|p1a: Bronzong|226\/338|[from] item: Leftovers
|turn|14
|
|switch|p2a: Jolteon|Jolteon, M|272\/272
|move|p1a: Bronzong|Earthquake|p2a: Jolteon
|-supereffective|p2a: Jolteon
|-damage|p2a: Jolteon|42\/272
|
|-heal|p1a: Bronzong|247\/338|[from] item: Leftovers
|turn|15
|
|switch|p1a: Ampharos|Ampharos, M|277\/384
|-formechange|p1a: Ampharos|Ampharos-Mega
|-ability|p1a: Ampharos|Mold Breaker
|move|p2a: Jolteon|Volt Switch|p1a: Ampharos
|-resisted|p1a: Ampharos
|-damage|p1a: Ampharos|247\/384
|
|switch|p2a: Mienshao|Mienshao, M|271\/271
|
|turn|16
|
|switch|p1a: Aromatisse|Aromatisse, F|395\/406
|move|p2a: Mienshao|U-turn|p1a: Aromatisse
|-resisted|p1a: Aromatisse
|-damage|p1a: Aromatisse|360\/406
|
|switch|p2a: Metagross|Metagross|364\/364
|
|-heal|p1a: Aromatisse|385\/406|[from] item: Leftovers
|turn|17
|
|switch|p1a: Arcanine|Arcanine, M|339\/339
|move|p2a: Metagross|Meteor Mash|p1a: Arcanine
|-resisted|p1a: Arcanine
|-damage|p1a: Arcanine|188\/339
|-boost|p2a: Metagross|atk|1
|
|turn|18
|
|move|p1a: Arcanine|Flare Blitz|p2a: Metagross
|-supereffective|p2a: Metagross
|-damage|p2a: Metagross|0 fnt
|-damage|p1a: Arcanine|68\/339|[from] recoil|[of] p2a: Metagross
|faint|p2a: Metagross
|
|
|switch|p2a: Donphan|Donphan, M|384\/384
|turn|19
|
|move|p1a: Arcanine|Flare Blitz|p2a: Donphan
|-damage|p2a: Donphan|168\/384
|-damage|p1a: Arcanine|0 fnt|[from] recoil|[of] p2a: Donphan
|faint|p1a: Arcanine
|move|p2a: Donphan|Stealth Rock|p1: Arcanine
|-sidestart|p1: Zhaf|move: Stealth Rock
|
|-heal|p2a: Donphan|192\/384|[from] item: Leftovers
|
|switch|p1a: Hitmonchan|Hitmonchan, M|304\/304
|-damage|p1a: Hitmonchan|285\/304|[from] Stealth Rock
|turn|20
|
|move|p1a: Hitmonchan|Ice Punch|p2a: Donphan
|-supereffective|p2a: Donphan
|-damage|p2a: Donphan|72\/384
|move|p2a: Donphan|Earthquake|p1a: Hitmonchan
|-damage|p1a: Hitmonchan|123\/304
|
|-heal|p2a: Donphan|96\/384|[from] item: Leftovers
|turn|21
|
|switch|p2a: Mew|Mew, shiny|404\/404
|move|p1a: Hitmonchan|Ice Punch|p2a: Mew
|-damage|p2a: Mew|311\/404
|
|-heal|p2a: Mew|336\/404|[from] item: Leftovers
|turn|22
|
|switch|p1a: Ampharos|Ampharos, M|247\/384
|-formechange|p1a: Ampharos|Ampharos-Mega
|-damage|p1a: Ampharos|199\/384|[from] Stealth Rock
|-ability|p1a: Ampharos|Mold Breaker
|move|p2a: Mew|Will-O-Wisp|p1a: Ampharos
|-status|p1a: Ampharos|brn
|
|-heal|p2a: Mew|361\/404|[from] item: Leftovers
|-damage|p1a: Ampharos|151\/384 brn|[from] brn
|turn|23
|
|move|p2a: Mew|Psychic|p1a: Ampharos
|-damage|p1a: Ampharos|84\/384 brn
|move|p1a: Ampharos|Rest|p1a: Ampharos
|-status|p1a: Ampharos|slp
|-heal|p1a: Ampharos|384\/384 slp|[silent]
|-status|p1a: Ampharos|slp|[from] move: Rest
|
|-heal|p2a: Mew|386\/404|[from] item: Leftovers
|turn|24
|
|move|p2a: Mew|Taunt|p1a: Ampharos
|-start|p1a: Ampharos|move: Taunt
|cant|p1a: Ampharos|slp
|cant|p1a: Ampharos|move: Taunt|Sleep Talk
|
|-heal|p2a: Mew|404\/404|[from] item: Leftovers
|turn|25
|
|switch|p1a: Aromatisse|Aromatisse, F|385\/406
|-damage|p1a: Aromatisse|335\/406|[from] Stealth Rock
|move|p2a: Mew|Psychic|p1a: Aromatisse
|-damage|p1a: Aromatisse|217\/406
|
|-heal|p1a: Aromatisse|242\/406|[from] item: Leftovers
|turn|26
|
|move|p2a: Mew|Will-O-Wisp|p1a: Aromatisse
|-status|p1a: Aromatisse|brn
|move|p1a: Aromatisse|Wish|p1a: Aromatisse
|
|-heal|p1a: Aromatisse|267\/406 brn|[from] item: Leftovers
|-damage|p1a: Aromatisse|217\/406 brn|[from] brn
|turn|27
|
|move|p2a: Mew|Psychic|p1a: Aromatisse
|-damage|p1a: Aromatisse|99\/406 brn
|-unboost|p1a: Aromatisse|spd|1
|move|p1a: Aromatisse|Aromatherapy|p1a: Aromatisse
|-cureteam|p1a: Aromatisse|[from] move: Aromatherapy
|
|-heal|p1a: Aromatisse|302\/406|[from] move: Wish|[wisher] Aromatisse
|-heal|p1a: Aromatisse|327\/406|[from] item: Leftovers
|turn|28
|chat|Zhaf|That mew..
|chat|violincore|I know
|
|switch|p1a: Ampharos|Ampharos, M|384\/384
|-formechange|p1a: Ampharos|Ampharos-Mega
|-damage|p1a: Ampharos|336\/384|[from] Stealth Rock
|-ability|p1a: Ampharos|Mold Breaker
|move|p2a: Mew|Psychic|p1a: Ampharos
|-crit|p1a: Ampharos
|-damage|p1a: Ampharos|225\/384
|
|turn|29
|
|move|p2a: Mew|Taunt|p1a: Ampharos
|-start|p1a: Ampharos|move: Taunt
|move|p1a: Ampharos|Dragon Pulse|p2a: Mew
|-damage|p2a: Mew|299\/404
|
|-heal|p2a: Mew|324\/404|[from] item: Leftovers
|turn|30
|
|move|p2a: Mew|Will-O-Wisp|p1a: Ampharos
|-status|p1a: Ampharos|brn
|move|p1a: Ampharos|Volt Switch|p2a: Mew
|-damage|p2a: Mew|228\/404
|
|switch|p1a: Honchkrow|Honchkrow, F|341\/341
|-damage|p1a: Honchkrow|256\/341|[from] Stealth Rock
|
|-heal|p2a: Mew|253\/404|[from] item: Leftovers
|turn|31
|
|move|p1a: Honchkrow|Brave Bird|p2a: Mew
|-damage|p2a: Mew|0 fnt
|-damage|p1a: Honchkrow|173\/341|[from] recoil|[of] p2a: Mew
|-damage|p1a: Honchkrow|139\/341|[from] item: Life Orb
|faint|p2a: Mew
|-boost|p1a: Honchkrow|atk|1|[from] ability: Moxie
|
|chat|violincore|uh
|
|switch|p2a: Mienshao|Mienshao, M|271\/271
|turn|32
|chat|Zhaf|Didn't expected that?
|chat|violincore|i wasnt sure
|c|âviolincore|!stats honkrow
No Pokemon, item, move or ability named 'honkrow' was found. Showing the data of 'Honchkrow' instead.
|c|~|\/data-pokemon Honchkrow

|
|switch|p1a: Aromatisse|Aromatisse, F|327\/406
|-damage|p1a: Aromatisse|277\/406|[from] Stealth Rock
|move|p2a: Mienshao|Fake Out|p1a: Aromatisse
|-damage|p1a: Aromatisse|235\/406
|
|-heal|p1a: Aromatisse|260\/406|[from] item: Leftovers
|turn|33
|
|move|p2a: Mienshao|Knock Off|p1a: Aromatisse
|-resisted|p1a: Aromatisse
|-damage|p1a: Aromatisse|208\/406
|-enditem|p1a: Aromatisse|Leftovers|[from] move: Knock Off|[of] p2a: Mienshao
|move|p1a: Aromatisse|Wish|p1a: Aromatisse
|
|turn|34
|chat|Zhaf|Surprisingly aromatisse is doing her job!
|chat|violincore|i hate that thing srsly
|chat|violincore|hahaha
|chat|violincore|it is indeed
|
|move|p2a: Mienshao|U-turn|p1a: Aromatisse
|-resisted|p1a: Aromatisse
|-damage|p1a: Aromatisse|170\/406
|
|switch|p2a: Umbreon|Umbreon, F, shiny|394\/394
|move|p1a: Aromatisse|Aromatherapy|p1a: Aromatisse
|-cureteam|p1a: Aromatisse|[from] move: Aromatherapy
|
|-heal|p1a: Aromatisse|373\/406|[from] move: Wish|[wisher] Aromatisse
|turn|35
|
|move|p2a: Umbreon|Wish|p2a: Umbreon
|move|p1a: Aromatisse|Wish|p1a: Aromatisse
|
|turn|36
|
|switch|p2a: Donphan|Donphan, M|96\/384
|switch|p1a: Hitmonchan|Hitmonchan, M|123\/304
|-damage|p1a: Hitmonchan|104\/304|[from] Stealth Rock
|
|-heal|p1a: Hitmonchan|304\/304|[from] move: Wish|[wisher] Aromatisse
|-heal|p2a: Donphan|293\/384|[from] move: Wish|[wisher] Umbreon
|-heal|p2a: Donphan|317\/384|[from] item: Leftovers
|turn|37
|
|switch|p1a: Bronzong|Bronzong|247\/338
|-damage|p1a: Bronzong|226\/338|[from] Stealth Rock
|move|p2a: Donphan|Knock Off|p1a: Bronzong
|-supereffective|p1a: Bronzong
|-damage|p1a: Bronzong|106\/338
|-enditem|p1a: Bronzong|Leftovers|[from] move: Knock Off|[of] p2a: Donphan
|
|-heal|p2a: Donphan|341\/384|[from] item: Leftovers
|turn|38
|chat|Zhaf|Didn't expected that.
|
|move|p2a: Donphan|Knock Off|p1a: Bronzong
|-supereffective|p1a: Bronzong
|-damage|p1a: Bronzong|26\/338
|move|p1a: Bronzong|Reflect|p1a: Bronzong
|-sidestart|p1: Zhaf|Reflect
|
|-heal|p2a: Donphan|365\/384|[from] item: Leftovers
|turn|39
|
|move|p2a: Donphan|Knock Off|p1a: Bronzong
|-supereffective|p1a: Bronzong
|-damage|p1a: Bronzong|0 fnt
|faint|p1a: Bronzong
|
|-heal|p2a: Donphan|384\/384|[from] item: Leftovers
|
|switch|p1a: Aromatisse|Aromatisse, F|373\/406
|-damage|p1a: Aromatisse|323\/406|[from] Stealth Rock
|turn|40
|
|move|p2a: Donphan|Earthquake|p1a: Aromatisse
|-damage|p1a: Aromatisse|258\/406
|move|p1a: Aromatisse|Moonblast|p2a: Donphan
|-damage|p2a: Donphan|228\/384
|-unboost|p2a: Donphan|spa|1
|
|-heal|p2a: Donphan|252\/384|[from] item: Leftovers
|turn|41
|
|switch|p2a: Umbreon|Umbreon, F, shiny|394\/394
|move|p1a: Aromatisse|Wish|p1a: Aromatisse
|
|turn|42
|
|move|p2a: Umbreon|Toxic|p1a: Aromatisse
|-status|p1a: Aromatisse|tox
|move|p1a: Aromatisse|Moonblast|p2a: Umbreon
|-supereffective|p2a: Umbreon
|-damage|p2a: Umbreon|200\/394
|
|-heal|p1a: Aromatisse|406\/406 tox|[from] move: Wish|[wisher] Aromatisse
|-heal|p2a: Umbreon|224\/394|[from] item: Leftovers
|-damage|p1a: Aromatisse|381\/406 tox|[from] psn
|-sideend|p1: Zhaf|Reflect
|turn|43
|
|switch|p1a: Hitmonchan|Hitmonchan, M|304\/304
|-damage|p1a: Hitmonchan|285\/304|[from] Stealth Rock
|move|p2a: Umbreon|Wish|p2a: Umbreon
|
|-heal|p2a: Umbreon|248\/394|[from] item: Leftovers
|turn|44
|
|switch|p2a: Donphan|Donphan, M|252\/384
|move|p1a: Hitmonchan|Rapid Spin|p2a: Donphan
|-damage|p2a: Donphan|238\/384
|-sideend|p1: Zhaf|Stealth Rock|[from] move: Rapid Spin|[of] p1a: Hitmonchan
|
|-heal|p2a: Donphan|384\/384|[from] move: Wish|[wisher] Umbreon
|turn|45
|
|move|p1a: Hitmonchan|Ice Punch|p2a: Donphan
|-crit|p2a: Donphan
|-supereffective|p2a: Donphan
|-damage|p2a: Donphan|180\/384
|move|p2a: Donphan|Stealth Rock|p1a: Hitmonchan
|-sidestart|p1: Zhaf|move: Stealth Rock
|
|-heal|p2a: Donphan|204\/384|[from] item: Leftovers
|turn|46
|
|move|p1a: Hitmonchan|Ice Punch|p2a: Donphan
|-supereffective|p2a: Donphan
|-damage|p2a: Donphan|76\/384
|move|p2a: Donphan|Earthquake|p1a: Hitmonchan
|-damage|p1a: Hitmonchan|119\/304
|
|-heal|p2a: Donphan|100\/384|[from] item: Leftovers
|turn|47
|
|move|p1a: Hitmonchan|Ice Punch|p2a: Donphan
|-supereffective|p2a: Donphan
|-damage|p2a: Donphan|0 fnt
|faint|p2a: Donphan
|
|
|switch|p2a: Mienshao|Mienshao, M|271\/271
|turn|48
|chat|Zhaf|Sorry for the crit.. It mattered.
|
|switch|p1a: Aromatisse|Aromatisse, F|381\/406 tox
|-damage|p1a: Aromatisse|331\/406 tox|[from] Stealth Rock
|move|p2a: Mienshao|Fake Out|p1a: Aromatisse
|-damage|p1a: Aromatisse|293\/406 tox
|
|-damage|p1a: Aromatisse|268\/406 tox|[from] psn
|turn|49
|chat|violincore|Well its ok
|chat|violincore|that game is really epic
|
|move|p2a: Mienshao|High Jump Kick|p1a: Aromatisse
|-resisted|p1a: Aromatisse
|-damage|p1a: Aromatisse|175\/406 tox
|move|p1a: Aromatisse|Wish|p1a: Aromatisse
|
|-damage|p1a: Aromatisse|125\/406 tox|[from] psn
|turn|50
|
|move|p1a: Aromatisse|Protect|p1a: Aromatisse
|-singleturn|p1a: Aromatisse|Protect
|move|p2a: Mienshao|High Jump Kick|p1a: Aromatisse
|-activate|p1a: Aromatisse|Protect
|-damage|p2a: Mienshao|136\/271|[from] highjumpkick
|
|-heal|p1a: Aromatisse|328\/406 tox|[from] move: Wish|[wisher] Aromatisse
|-damage|p1a: Aromatisse|253\/406 tox|[from] psn
|turn|51
|chat|violincore|Ok THAT hurt
|chat|Zhaf|Jup..
|
|move|p2a: Mienshao|High Jump Kick|p1a: Aromatisse|[miss]
|-miss|p2a: Mienshao|p1a: Aromatisse
|-damage|p2a: Mienshao|1\/271|[from] highjumpkick
|move|p1a: Aromatisse|Moonblast|p2a: Mienshao
|-supereffective|p2a: Mienshao
|-damage|p2a: Mienshao|0 fnt
|faint|p2a: Mienshao
|
|-damage|p1a: Aromatisse|153\/406 tox|[from] psn
|
|switch|p2a: Jolteon|Jolteon, M|42\/272
|turn|52
|
|move|p2a: Jolteon|Thunderbolt|p1a: Aromatisse
|-damage|p1a: Aromatisse|0 fnt
|faint|p1a: Aromatisse
|
|
|switch|p1a: Hitmonchan|Hitmonchan, M|119\/304
|-damage|p1a: Hitmonchan|100\/304|[from] Stealth Rock
|turn|53
|
|move|p1a: Hitmonchan|Mach Punch|p2a: Jolteon
|-damage|p2a: Jolteon|0 fnt
|faint|p2a: Jolteon
|
|chat|violincore|gg
|
|switch|p2a: Umbreon|Umbreon, F, shiny|248\/394
|turn|54
|
|move|p1a: Hitmonchan|Drain Punch|p2a: Umbreon
|-supereffective|p2a: Umbreon
|-damage|p2a: Umbreon|32\/394
|-heal|p1a: Hitmonchan|208\/304|[from] drain|[of] p2a: Umbreon
|move|p2a: Umbreon|Wish|p2a: Umbreon
|
|-heal|p2a: Umbreon|56\/394|[from] item: Leftovers
|turn|55
|chat|Zhaf|Gg
|
|move|p1a: Hitmonchan|Drain Punch|p2a: Umbreon
|-supereffective|p2a: Umbreon
|-damage|p2a: Umbreon|0 fnt
|-heal|p1a: Hitmonchan|236\/304|[from] drain|[of] p2a: Umbreon
|faint|p2a: Umbreon
|
|win|Zhaf
|raw|Ladder updating...
|chat|violincore|see ya
|leave|violincore
|player|p2
|chat|Zhaf|Bye!
|raw|Zhaf's rating: 1311 &rarr; <strong>1329<\/strong><br \/>(+18 for winning)
|raw|violincore's rating: 1269 &rarr; <strong>1247<\/strong><br \/>(-22 for losing)