|join|Tyler.92
|join|Zhaf
|player|p1|Tyler.92|265
|player|p2|Zhaf|69
|gametype|singles
|gen|6
|tier|UU
|rated
|rule|Sleep Clause Mod: Limit one foe put to sleep
|rule|Species Clause: Limit one of each PokÃ©mon
|rule|OHKO Clause: OHKO moves are banned
|rule|Moody Clause: Moody is banned
|rule|Evasion Moves Clause: Evasion moves are banned
|rule|Endless Battle Clause: Forcing endless battles is banned
|rule|HP Percentage Mod: HP is shown in percentages
|clearpoke
|poke|p1|Gligar, M
|poke|p1|Beedrill, F
|poke|p1|Darmanitan, M
|poke|p1|Jirachi
|poke|p1|Vaporeon, F
|poke|p1|Mienshao, F
|poke|p2|Toxicroak, F
|poke|p2|Tangrowth, M
|poke|p2|Darmanitan, F
|poke|p2|Aerodactyl, F
|poke|p2|Empoleon, M
|poke|p2|Raikou
|rule|Swagger Clause: Swagger is banned
|rule|Baton Pass Clause: Limit one PokÃ©mon knowing Baton Pass
|teampreview
|c|âZhaf|Gl Hf
|c|âTyler.92|u too
|
|start
|switch|p1a: Jirachi|Jirachi|341\/341
|switch|p2a: Raw Raw|Darmanitan, F|351\/351
|turn|1
|
|switch|p2a: Tangrowth|Tangrowth, M|404\/404
|switch|p1a: Vaporeon|Vaporeon, F|464\/464
|
|turn|2
|
|move|p1a: Vaporeon|Toxic|p2a: Tangrowth
|-status|p2a: Tangrowth|tox
|move|p2a: Tangrowth|Knock Off|p1a: Vaporeon
|-damage|p1a: Vaporeon|373\/464
|-enditem|p1a: Vaporeon|Leftovers|[from] move: Knock Off|[of] p2a: Tangrowth
|
|-damage|p2a: Tangrowth|379\/404 tox|[from] psn
|turn|3
|
|switch|p1a: Beedrill|Beedrill, F|272\/272
|switch|p2a: Empoleon|Empoleon, M|372\/372
|
|turn|4
|
|detailschange|p1a: Beedrill|Beedrill-Mega, F
|-mega|p1a: Beedrill|Beedrill|Beedrillite
|move|p1a: Beedrill|Knock Off|p2a: Empoleon
|-damage|p2a: Empoleon|229\/372
|-enditem|p2a: Empoleon|Leftovers|[from] move: Knock Off|[of] p1a: Beedrill
|move|p2a: Empoleon|Stealth Rock|p1a: Beedrill
|-sidestart|p1: Tyler.92|move: Stealth Rock
|
|turn|5
|
|switch|p2a: Tangrowth|Tangrowth, M|404\/404 tox
|move|p1a: Beedrill|U-turn|p2a: Tangrowth
|-supereffective|p2a: Tangrowth
|-damage|p2a: Tangrowth|188\/404 tox
|-damage|p1a: Beedrill|227\/272|[from] item: Rocky Helmet|[of] p2a: Tangrowth
|
|switch|p1a: Jirachi|Jirachi|341\/341
|-damage|p1a: Jirachi|320\/341|[from] Stealth Rock
|
|-damage|p2a: Tangrowth|163\/404 tox|[from] psn
|turn|6
|
|move|p1a: Jirachi|Stealth Rock|p2a: Tangrowth
|-sidestart|p2: Zhaf|move: Stealth Rock
|move|p2a: Tangrowth|Knock Off|p1a: Jirachi
|-supereffective|p1a: Jirachi
|-damage|p1a: Jirachi|164\/341
|-enditem|p1a: Jirachi|Expert Belt|[from] move: Knock Off|[of] p2a: Tangrowth
|
|-damage|p2a: Tangrowth|113\/404 tox|[from] psn
|turn|7
|
|switch|p2a: Yorick|Toxicroak, F|307\/307
|-damage|p2a: Yorick|288\/307|[from] Stealth Rock
|move|p1a: Jirachi|Doom Desire|p2a: Yorick
|-start|p1a: Jirachi|Doom Desire
|
|turn|8
|
|switch|p2a: Tangrowth|Tangrowth, M|247\/404 tox
|-damage|p2a: Tangrowth|197\/404 tox|[from] Stealth Rock
|move|p1a: Jirachi|Psyshock|p2a: Tangrowth
|-damage|p2a: Tangrowth|121\/404 tox
|
|-damage|p2a: Tangrowth|96\/404 tox|[from] psn
|turn|9
|
|switch|p2a: Empoleon|Empoleon, M|229\/372
|-damage|p2a: Empoleon|206\/372|[from] Stealth Rock
|move|p1a: Jirachi|Grass Knot|p2a: Empoleon
|-damage|p2a: Empoleon|146\/372
|
|-end|p2a: Empoleon|move: Doom Desire
|-resisted|p2a: Empoleon
|-damage|p2a: Empoleon|113\/372
|turn|10
|
|move|p1a: Jirachi|Doom Desire|p2a: Empoleon
|-start|p1a: Jirachi|Doom Desire
|move|p2a: Empoleon|Scald|p1a: Jirachi
|-damage|p1a: Jirachi|0 fnt
|faint|p1a: Jirachi
|
|
|switch|p1a: Mienshao|Mienshao, F|271\/271
|-damage|p1a: Mienshao|255\/271|[from] Stealth Rock
|turn|11
|
|switch|p2a: Tangrowth|Tangrowth, M|230\/404 tox
|-damage|p2a: Tangrowth|180\/404 tox|[from] Stealth Rock
|move|p1a: Mienshao|High Jump Kick|p2a: Tangrowth|[miss]
|-miss|p1a: Mienshao|p2a: Tangrowth
|-damage|p1a: Mienshao|120\/271|[from] highjumpkick
|
|-damage|p2a: Tangrowth|155\/404 tox|[from] psn
|turn|12
|
|move|p1a: Mienshao|High Jump Kick|p2a: Tangrowth
|-damage|p2a: Tangrowth|0 fnt
|-damage|p1a: Mienshao|75\/271|[from] item: Rocky Helmet|[of] p2a: Tangrowth
|faint|p2a: Tangrowth
|
|-hint|Doom Desire did not hit because the target is fainted.
|
|switch|p2a: Yorick|Toxicroak, F|288\/307
|-damage|p2a: Yorick|269\/307|[from] Stealth Rock
|turn|13
|
|switch|p1a: Gligar|Gligar, M|333\/333
|-damage|p1a: Gligar|292\/333|[from] Stealth Rock
|move|p2a: Yorick|Sucker Punch|p1a: Gligar
|-fail|p1a: Gligar
|
|turn|14
|
|switch|p2a: Flying Goatee|Aerodactyl, F|311\/311
|-damage|p2a: Flying Goatee|234\/311|[from] Stealth Rock
|-ability|p2a: Flying Goatee|Pressure
|move|p1a: Gligar|U-turn|p2a: Flying Goatee
|-resisted|p2a: Flying Goatee
|-damage|p2a: Flying Goatee|203\/311
|
|switch|p1a: Mienshao|Mienshao, F|75\/271
|-damage|p1a: Mienshao|59\/271|[from] Stealth Rock
|
|turn|15
|
|switch|p2a: Empoleon|Empoleon, M|113\/372
|-damage|p2a: Empoleon|90\/372|[from] Stealth Rock
|move|p1a: Mienshao|High Jump Kick|p2a: Empoleon
|-supereffective|p2a: Empoleon
|-damage|p2a: Empoleon|0 fnt
|faint|p2a: Empoleon
|
|
|switch|p2a: Yorick|Toxicroak, F|269\/307
|-damage|p2a: Yorick|250\/307|[from] Stealth Rock
|turn|16
|
|switch|p1a: Gligar|Gligar, M|292\/333
|-damage|p1a: Gligar|251\/333|[from] Stealth Rock
|switch|p2a: Raikou|Raikou|321\/321
|-damage|p2a: Raikou|281\/321|[from] Stealth Rock
|-ability|p2a: Raikou|Pressure
|
|-heal|p2a: Raikou|301\/321|[from] item: Leftovers
|turn|17
|
|switch|p1a: Vaporeon|Vaporeon, F|373\/464
|-damage|p1a: Vaporeon|315\/464|[from] Stealth Rock
|move|p2a: Raikou|Thunderbolt|p1a: Vaporeon
|-supereffective|p1a: Vaporeon
|-damage|p1a: Vaporeon|37\/464
|
|-heal|p2a: Raikou|321\/321|[from] item: Leftovers
|turn|18
|
|move|p2a: Raikou|Substitute|p2a: Raikou
|-start|p2a: Raikou|Substitute
|-damage|p2a: Raikou|241\/321
|move|p1a: Vaporeon|Wish|p1a: Vaporeon
|
|-heal|p2a: Raikou|261\/321|[from] item: Leftovers
|turn|19
|
|switch|p1a: Gligar|Gligar, M|251\/333
|-damage|p1a: Gligar|210\/333|[from] Stealth Rock
|move|p2a: Raikou|Thunderbolt|p1a: Gligar
|-immune|p1a: Gligar|[msg]
|
|-heal|p1a: Gligar|333\/333|[from] move: Wish|[wisher] Vaporeon
|-heal|p2a: Raikou|281\/321|[from] item: Leftovers
|turn|20
|
|move|p2a: Raikou|Hidden Power|p1a: Gligar
|-supereffective|p1a: Gligar
|-damage|p1a: Gligar|89\/333
|move|p1a: Gligar|Earthquake|p2a: Raikou
|-supereffective|p2a: Raikou
|-end|p2a: Raikou|Substitute
|
|-heal|p2a: Raikou|301\/321|[from] item: Leftovers
|turn|21
|
|switch|p1a: Vaporeon|Vaporeon, F|37\/464
|-damage|p1a: Vaporeon|0 fnt|[from] Stealth Rock
|faint|p1a: Vaporeon
|move|p2a: Raikou|Hidden Power|p1: Vaporeon|[notarget]
|-notarget
|
|-heal|p2a: Raikou|321\/321|[from] item: Leftovers
|
|switch|p1a: Mienshao|Mienshao, F|59\/271
|-damage|p1a: Mienshao|43\/271|[from] Stealth Rock
|turn|22
|
|switch|p2a: Flying Goatee|Aerodactyl, F|203\/311
|-damage|p2a: Flying Goatee|126\/311|[from] Stealth Rock
|-ability|p2a: Flying Goatee|Pressure
|move|p1a: Mienshao|High Jump Kick|p2a: Flying Goatee
|-damage|p2a: Flying Goatee|0 fnt
|faint|p2a: Flying Goatee
|
|
|switch|p2a: Yorick|Toxicroak, F|250\/307
|-damage|p2a: Yorick|231\/307|[from] Stealth Rock
|turn|23
|
|switch|p1a: Darmanitan|Darmanitan, M|351\/351
|-damage|p1a: Darmanitan|264\/351|[from] Stealth Rock
|move|p2a: Yorick|Swords Dance|p2a: Yorick
|-boost|p2a: Yorick|atk|2
|
|turn|24
|
|move|p2a: Yorick|Sucker Punch|p1a: Darmanitan
|-damage|p1a: Darmanitan|0 fnt
|faint|p1a: Darmanitan
|
|
|switch|p1a: Gligar|Gligar, M|89\/333
|-damage|p1a: Gligar|48\/333|[from] Stealth Rock
|turn|25
|
|move|p2a: Yorick|Drain Punch|p1a: Gligar
|-resisted|p1a: Gligar
|-damage|p1a: Gligar|0 fnt
|-heal|p2a: Yorick|255\/307|[from] drain|[of] p1a: Gligar
|faint|p1a: Gligar
|
|-message|Tyler.92 forfeited.
|
|win|Zhaf
|raw|Ladder updating...
|leave|Tyler.92
|player|p1
|raw|Tyler.92's rating: 1455 &rarr; <strong>1436<\/strong><br \/>(-19 for losing)
|raw|Zhaf's rating: 1474 &rarr; <strong>1493<\/strong><br \/>(+19 for winning)