|join|Zhaf
|join|EnnvoyPls
|player|p1|Zhaf|69
|player|p2|EnnvoyPls|265
|gametype|singles
|gen|6
|tier|UU
|rated
|rule|Sleep Clause Mod: Limit one foe put to sleep
|rule|Species Clause: Limit one of each PokÃ©mon
|rule|OHKO Clause: OHKO moves are banned
|rule|Moody Clause: Moody is banned
|rule|Evasion Moves Clause: Evasion moves are banned
|rule|Endless Battle Clause: Forcing endless battles is banned
|rule|HP Percentage Mod: HP is shown in percentages
|clearpoke
|poke|p1|Toxicroak, M
|poke|p1|Shaymin
|poke|p1|Forretress, M
|poke|p1|Alomomola, F
|poke|p1|Darmanitan, F
|poke|p1|Aerodactyl, F
|poke|p2|Ampharos, M
|poke|p2|Arcanine, M
|poke|p2|Machamp, M
|poke|p2|Roserade, M
|poke|p2|Alakazam, F
|poke|p2|Empoleon, M
|rule|Swagger Clause: Swagger is banned
|rule|Baton Pass Clause: Limit one PokÃ©mon knowing Baton Pass
|teampreview
|c|âZhaf|Gl Hf
|c|âEnnvoyPls|u12
|
|start
|switch|p1a: Darmanitan|Darmanitan, F|351\/351
|switch|p2a: Machamp|Machamp, M|384\/384
|turn|1
|
|move|p1a: Darmanitan|U-turn|p2a: Machamp
|-resisted|p2a: Machamp
|-damage|p2a: Machamp|333\/384
|
|switch|p1a: Alomomola|Alomomola, F|534\/534
|move|p2a: Machamp|Dynamic Punch|p1a: Alomomola
|-damage|p1a: Alomomola|365\/534
|-damage|p2a: Machamp|269\/384|[from] item: Rocky Helmet|[of] p1a: Alomomola
|-start|p1a: Alomomola|confusion
|
|-heal|p2a: Machamp|293\/384|[from] item: Leftovers
|turn|2
|
|-activate|p1a: Alomomola|confusion
|move|p1a: Alomomola|Wish|p1a: Alomomola
|move|p2a: Machamp|Knock Off|p1a: Alomomola
|-damage|p1a: Alomomola|255\/534
|-damage|p2a: Machamp|229\/384|[from] item: Rocky Helmet|[of] p1a: Alomomola
|-enditem|p1a: Alomomola|Rocky Helmet|[from] move: Knock Off|[of] p2a: Machamp
|
|-heal|p2a: Machamp|253\/384|[from] item: Leftovers
|turn|3
|
|switch|p2a: Dave Mustaine|Ampharos, M|384\/384
|-activate|p1a: Alomomola|confusion
|-damage|p1a: Alomomola|236\/534|[from] confusion
|
|-heal|p1a: Alomomola|503\/534|[from] move: Wish|[wisher] Alomomola
|turn|4
|
|detailschange|p2a: Dave Mustaine|Ampharos-Mega, M
|-mega|p2a: Dave Mustaine|Ampharos|Ampharosite
|-ability|p2a: Dave Mustaine|Mold Breaker
|-end|p1a: Alomomola|confusion
|move|p1a: Alomomola|Protect|p1a: Alomomola
|-singleturn|p1a: Alomomola|Protect
|move|p2a: Dave Mustaine|Cotton Guard|p2a: Dave Mustaine
|-boost|p2a: Dave Mustaine|def|3
|
|turn|5
|
|move|p1a: Alomomola|Scald|p2a: Dave Mustaine
|-resisted|p2a: Dave Mustaine
|-damage|p2a: Dave Mustaine|363\/384
|move|p2a: Dave Mustaine|Thunderbolt|p1a: Alomomola
|-supereffective|p1a: Alomomola
|-damage|p1a: Alomomola|0 fnt
|faint|p1a: Alomomola
|
|
|switch|p1a: Shaymin|Shaymin|341\/341
|turn|6
|
|move|p1a: Shaymin|Earth Power|p2a: Dave Mustaine
|-supereffective|p2a: Dave Mustaine
|-damage|p2a: Dave Mustaine|134\/384
|-damage|p1a: Shaymin|307\/341|[from] item: Life Orb
|move|p2a: Dave Mustaine|Dragon Pulse|p1a: Shaymin
|-damage|p1a: Shaymin|105\/341
|
|turn|7
|
|move|p1a: Shaymin|Earth Power|p2a: Dave Mustaine
|-supereffective|p2a: Dave Mustaine
|-damage|p2a: Dave Mustaine|0 fnt
|-damage|p1a: Shaymin|71\/341|[from] item: Life Orb
|faint|p2a: Dave Mustaine
|
|
|switch|p2a: Machamp|Machamp, M|253\/384
|turn|8
|
|switch|p1a: Forretress|Forretress, M|354\/354
|move|p2a: Machamp|Dynamic Punch|p1a: Forretress
|-damage|p1a: Forretress|201\/354
|-start|p1a: Forretress|confusion
|
|-heal|p2a: Machamp|277\/384|[from] item: Leftovers
|-heal|p1a: Forretress|223\/354|[from] item: Leftovers
|turn|9
|
|move|p2a: Machamp|Fire Punch|p1a: Forretress
|-supereffective|p1a: Forretress
|-damage|p1a: Forretress|0 fnt
|faint|p1a: Forretress
|
|-heal|p2a: Machamp|301\/384|[from] item: Leftovers
|
|switch|p1a: Darmanitan|Darmanitan, F|351\/351
|turn|10
|
|move|p1a: Darmanitan|Flare Blitz|p2a: Machamp
|-damage|p2a: Machamp|0 fnt
|-damage|p1a: Darmanitan|252\/351|[from] recoil|[of] p2a: Machamp
|faint|p2a: Machamp
|
|c|âEnnvoyPls|nice modded pistol kid
|
|switch|p2a: Alakazam|Alakazam, F|252\/252
|turn|11
|c|âZhaf|Lol thnx
|
|switch|p1a: Shaymin|Shaymin|71\/341
|move|p2a: Alakazam|Psychic|p1a: Shaymin
|-damage|p1a: Shaymin|0 fnt
|faint|p1a: Shaymin
|
|
|switch|p1a: Toxicroak|Toxicroak, M|307\/307
|turn|12
|c|âEnnvoyPls|you aint sucker punching shit
|
|move|p2a: Alakazam|Psychic|p1a: Toxicroak
|-supereffective|p1a: Toxicroak
|-enditem|p1a: Toxicroak|Focus Sash
|-damage|p1a: Toxicroak|1\/307
|move|p1a: Toxicroak|Gunk Shot|p2a: Alakazam|[miss]
|-miss|p1a: Toxicroak|p2a: Alakazam
|
|turn|13
|c|âEnnvoyPls|o
|c|âZhaf|Aww
|
|switch|p2a: Empoleon|Empoleon, M|372\/372
|move|p1a: Toxicroak|Sucker Punch|p2a: Empoleon
|-fail|p2a: Empoleon
|
|turn|14
|c|âEnnvoyPls|w8
|c|âEnnvoyPls|fuk
|c|âEnnvoyPls|dry skin
|
|switch|p2a: Alakazam|Alakazam, F|252\/252
|move|p1a: Toxicroak|Drain Punch|p2a: Alakazam
|-resisted|p2a: Alakazam
|-damage|p2a: Alakazam|125\/252
|-heal|p1a: Toxicroak|65\/307|[from] drain|[of] p2a: Alakazam
|
|turn|15
|c|âEnnvoyPls|lololol
|c|âZhaf|Why did you do that lol
|
|switch|p2a: Arcanine|Arcanine, M|384\/384
|-ability|p2a: Arcanine|Intimidate|[of] p1a: Toxicroak
|-unboost|p1a: Toxicroak|atk|1
|move|p1a: Toxicroak|Sucker Punch|p2a: Arcanine
|-fail|p2a: Arcanine
|
|turn|16
|c|âEnnvoyPls|smoking too many beers
|
|switch|p1a: Darmanitan|Darmanitan, F|252\/351
|move|p2a: Arcanine|Extreme Speed|p1a: Darmanitan
|-damage|p1a: Darmanitan|141\/351
|
|turn|17
|c|âEnnvoyPls|i'm retarded
|c|âEnnvoyPls|i should've gone into fuckboy here
|
|move|p2a: Arcanine|Extreme Speed|p1a: Darmanitan
|-damage|p1a: Darmanitan|40\/351
|move|p1a: Darmanitan|Rock Slide|p2a: Arcanine
|-supereffective|p2a: Arcanine
|-damage|p2a: Arcanine|192\/384
|
|-heal|p2a: Arcanine|216\/384|[from] item: Leftovers
|turn|18
|c|âZhaf|Nah. How's the team btw?
|c|âEnnvoyPls|mine or yours
|c|âZhaf|mine, first battle with it?
|c|âZhaf|Â°
|c|âEnnvoyPls|it's pretty good
|c|âEnnvoyPls|my team just kinda counters you
|c|âEnnvoyPls|it looks pretty solid
|
|switch|p1a: Aerodactyl|Aerodactyl, F|311\/311
|-ability|p1a: Aerodactyl|Pressure
|move|p2a: Arcanine|Extreme Speed|p1a: Aerodactyl
|-resisted|p1a: Aerodactyl
|-damage|p1a: Aerodactyl|262\/311
|
|-heal|p2a: Arcanine|240\/384|[from] item: Leftovers
|turn|19
|c|âEnnvoyPls|i have hidden power water run away
|c|âZhaf|Lol
|
|detailschange|p1a: Aerodactyl|Aerodactyl-Mega, F
|-mega|p1a: Aerodactyl|Aerodactyl|Aerodactylite
|move|p1a: Aerodactyl|Stone Edge|p2a: Arcanine
|-supereffective|p2a: Arcanine
|-damage|p2a: Arcanine|0 fnt
|faint|p2a: Arcanine
|
|c|âEnnvoyPls|holy shit
|c|âEnnvoyPls|max def
|c|âZhaf|Aero is power
|c|âEnnvoyPls|choice scarfed empoleon
|c|âEnnvoyPls|run away
|
|switch|p2a: Roserade|Roserade, M|324\/324
|turn|20
|c|âEnnvoyPls|actually you win im pretty sure
|
|move|p1a: Aerodactyl|Hone Claws|p1a: Aerodactyl
|-boost|p1a: Aerodactyl|atk|1
|-boost|p1a: Aerodactyl|accuracy|1
|move|p2a: Roserade|Giga Drain|p1a: Aerodactyl
|-crit|p1a: Aerodactyl
|-damage|p1a: Aerodactyl|54\/311
|
|turn|21
|c|âZhaf|Nah, i have a problem
|c|âZhaf|But maybe yes i win lol
|c|âEnnvoyPls|what's your problem
|
|move|p1a: Aerodactyl|Stone Edge|p2a: Roserade
|-damage|p2a: Roserade|0 fnt
|faint|p2a: Roserade
|
|c|âZhaf|Secret
|c|âEnnvoyPls|aids is something you should consult your doctor with
|
|switch|p2a: Empoleon|Empoleon, M|372\/372
|turn|22
|
|switch|p2a: Alakazam|Alakazam, F|125\/252
|move|p1a: Aerodactyl|Stone Edge|p2a: Alakazam
|-damage|p2a: Alakazam|0 fnt
|faint|p2a: Alakazam
|
|
|switch|p2a: Empoleon|Empoleon, M|372\/372
|turn|23
|c|âZhaf|Ok, now i win
|c|âEnnvoyPls|you're not fucking dry skin are you
|c|âZhaf|I have aqua tail and edge, that was the problem.
|
|move|p2a: Empoleon|Protect|p2a: Empoleon
|-singleturn|p2a: Empoleon|Protect
|move|p1a: Aerodactyl|Stone Edge|p2a: Empoleon
|-activate|p2a: Empoleon|Protect
|
|turn|24
|c|âEnnvoyPls|oh
|
|move|p2a: Empoleon|Aqua Jet|p1a: Aerodactyl
|-supereffective|p1a: Aerodactyl
|-damage|p1a: Aerodactyl|0 fnt
|faint|p1a: Aerodactyl
|
|c|âZhaf|Ok, what just happened..
|c|âEnnvoyPls|you still wim
|
|switch|p1a: Toxicroak|Toxicroak, M|65\/307
|turn|25
|c|âEnnvoyPls|win
|c|âZhaf|B-but the aqua jet..
|c|âEnnvoyPls|have some hp
|
|move|p1a: Toxicroak|Drain Punch|p2a: Empoleon
|-supereffective|p2a: Empoleon
|-damage|p2a: Empoleon|94\/372
|-heal|p1a: Toxicroak|204\/307|[from] drain|[of] p2a: Empoleon
|move|p2a: Empoleon|Scald|p1a: Toxicroak
|-heal|p1a: Toxicroak|280\/307|[from] ability: Dry Skin|[of] p2a: Empoleon
|
|-heal|p2a: Empoleon|117\/372|[from] item: Leftovers
|turn|26
|c|âEnnvoyPls|gg lol
|c|âZhaf|gg :)
|
|move|p2a: Empoleon|Aqua Jet|p1a: Toxicroak
|-heal|p1a: Toxicroak|307\/307|[from] ability: Dry Skin|[of] p2a: Empoleon
|move|p1a: Toxicroak|Drain Punch|p2a: Empoleon
|-supereffective|p2a: Empoleon
|-damage|p2a: Empoleon|0 fnt
|faint|p2a: Empoleon
|
|win|Zhaf
|raw|Ladder updating...
|raw|Zhaf's rating: 1436 &rarr; <strong>1445<\/strong><br \/>(+9 for winning)
|raw|EnnvoyPls's rating: 1207 &rarr; <strong>1196<\/strong><br \/>(-11 for losing)
|c|âEnnvoyPls|what about aqua jet
|c|âZhaf|It caught me off guard af. xD
|c|âEnnvoyPls|o
|c|âEnnvoyPls|gg m9
|c|âZhaf|:]
|leave|EnnvoyPls
|player|p2