|join|Zhaf
|join|Cedric Prime
|player|p1|Zhaf|69
|player|p2|Cedric Prime|247
|gametype|singles
|gen|6
|tier|UU
|rated
|rule|Sleep Clause Mod: Limit one foe put to sleep
|rule|Species Clause: Limit one of each PokÃ©mon
|rule|OHKO Clause: OHKO moves are banned
|rule|Moody Clause: Moody is banned
|rule|Evasion Moves Clause: Evasion moves are banned
|rule|Endless Battle Clause: Forcing endless battles is banned
|rule|HP Percentage Mod: HP is shown in percentages
|clearpoke
|poke|p1|Sceptile, F
|poke|p1|Suicune
|poke|p1|Crobat, F
|poke|p1|Krookodile, M
|poke|p1|Florges, F
|poke|p1|Rotom-Heat
|poke|p2|Raikou, shiny
|poke|p2|Granbull, M, shiny
|poke|p2|Gastrodon, M, shiny
|poke|p2|Cresselia, F, shiny
|poke|p2|Forretress, M, shiny
|poke|p2|Vaporeon, F, shiny
|rule|Swagger Clause: Swagger is banned
|rule|Baton Pass Clause: Limit one PokÃ©mon knowing Baton Pass
|teampreview
|c|âZhaf|Hf
|
|start
|switch|p1a: Rotom-Heat|Rotom-Heat|241\/241
|switch|p2a: Raikou|Raikou, shiny|322\/322
|-ability|p2a: Raikou|Pressure
|turn|1
|
|move|p1a: Rotom-Heat|Volt Switch|p2a: Raikou
|-resisted|p2a: Raikou
|-damage|p2a: Raikou|268\/322
|
|switch|p1a: Krookodile|Krookodile, M|331\/331
|-ability|p1a: Krookodile|Intimidate|[of] p2a: Raikou
|-unboost|p2a: Raikou|atk|1
|move|p2a: Raikou|Volt Switch|p1a: Krookodile
|-immune|p1a: Krookodile|[msg]
|
|turn|2
|
|move|p1a: Krookodile|Pursuit|p2a: Raikou|[from]Pursuit
|-damage|p2a: Raikou|75\/322
|switch|p2a: Gastrodon|Gastrodon, M, shiny|425\/425
|
|turn|3
|
|switch|p1a: Florges|Florges, F|358\/358
|move|p2a: Gastrodon|Toxic|p1a: Florges
|-status|p1a: Florges|tox
|
|-damage|p1a: Florges|336\/358 tox|[from] psn
|turn|4
|
|switch|p2a: Forretress|Forretress, M, shiny|353\/353
|move|p1a: Florges|Aromatherapy|p1a: Florges
|-cureteam|p1a: Florges|[from] move: Aromatherapy
|
|-heal|p1a: Florges|358\/358|[from] item: Leftovers
|turn|5
|
|switch|p1a: Rotom-Heat|Rotom-Heat|241\/241
|move|p2a: Forretress|Stealth Rock|p1a: Rotom-Heat
|-sidestart|p1: Zhaf|move: Stealth Rock
|
|turn|6
|
|switch|p2a: Gastrodon|Gastrodon, M, shiny|425\/425
|move|p1a: Rotom-Heat|Trick|p2a: Gastrodon
|-immune|p2a: Gastrodon|[msg]
|
|turn|7
|
|switch|p1a: Florges|Florges, F|358\/358
|-damage|p1a: Florges|314\/358|[from] Stealth Rock
|move|p2a: Gastrodon|Amnesia|p2a: Gastrodon
|-boost|p2a: Gastrodon|spd|2
|
|-heal|p1a: Florges|336\/358|[from] item: Leftovers
|turn|8
|
|switch|p1a: Suicune|Suicune|403\/403
|-damage|p1a: Suicune|353\/403|[from] Stealth Rock
|-ability|p1a: Suicune|Pressure
|move|p2a: Gastrodon|Amnesia|p2a: Gastrodon
|-boost|p2a: Gastrodon|spd|2
|
|-heal|p1a: Suicune|378\/403|[from] item: Leftovers
|turn|9
|
|move|p1a: Suicune|Substitute|p1a: Suicune
|-start|p1a: Suicune|Substitute
|-damage|p1a: Suicune|278\/403
|move|p2a: Gastrodon|Toxic|p1a: Suicune
|
|-heal|p1a: Suicune|303\/403|[from] item: Leftovers
|turn|10
|
|switch|p2a: Vaporeon|Vaporeon, F, shiny|464\/464
|move|p1a: Suicune|Calm Mind|p1a: Suicune
|-boost|p1a: Suicune|spa|1
|-boost|p1a: Suicune|spd|1
|
|-heal|p1a: Suicune|328\/403|[from] item: Leftovers
|turn|11
|
|move|p1a: Suicune|Extrasensory|p2a: Vaporeon
|-damage|p2a: Vaporeon|397\/464
|cant|p2a: Vaporeon|flinch
|
|-heal|p1a: Suicune|353\/403|[from] item: Leftovers
|-heal|p2a: Vaporeon|426\/464|[from] item: Leftovers
|turn|12
|
|move|p1a: Suicune|Extrasensory|p2a: Vaporeon
|-damage|p2a: Vaporeon|366\/464
|move|p2a: Vaporeon|Wish|p2a: Vaporeon
|
|-heal|p1a: Suicune|378\/403|[from] item: Leftovers
|-heal|p2a: Vaporeon|395\/464|[from] item: Leftovers
|turn|13
|
|move|p1a: Suicune|Calm Mind|p1a: Suicune
|-boost|p1a: Suicune|spa|1
|-boost|p1a: Suicune|spd|1
|move|p2a: Vaporeon|Baton Pass|p2a: Vaporeon
|
|switch|p2a: Raikou|Raikou, shiny|75\/322
|-ability|p2a: Raikou|Pressure
|
|-heal|p2a: Raikou|307\/322|[from] move: Wish|[wisher] Vaporeon
|-heal|p1a: Suicune|403\/403|[from] item: Leftovers
|turn|14
|
|move|p2a: Raikou|Volt Switch|p1a: Suicune
|-supereffective|p1a: Suicune
|-end|p1a: Suicune|Substitute
|
|switch|p2a: Vaporeon|Vaporeon, F, shiny|395\/464
|move|p1a: Suicune|Scald|p2a: Vaporeon
|-heal|p2a: Vaporeon|464\/464|[from] ability: Water Absorb|[of] p1a: Suicune
|
|turn|15
|
|move|p1a: Suicune|Substitute|p1a: Suicune
|-start|p1a: Suicune|Substitute
|-damage|p1a: Suicune|303\/403
|move|p2a: Vaporeon|Baton Pass|p2a: Vaporeon
|
|switch|p2a: Raikou|Raikou, shiny|307\/322
|-ability|p2a: Raikou|Pressure
|
|-heal|p1a: Suicune|328\/403|[from] item: Leftovers
|turn|16
|
|move|p2a: Raikou|Volt Switch|p1a: Suicune
|-supereffective|p1a: Suicune
|-end|p1a: Suicune|Substitute
|
|switch|p2a: Vaporeon|Vaporeon, F, shiny|464\/464
|move|p1a: Suicune|Calm Mind|p1a: Suicune
|-boost|p1a: Suicune|spa|1
|-boost|p1a: Suicune|spd|1
|
|-heal|p1a: Suicune|353\/403|[from] item: Leftovers
|turn|17
|
|move|p1a: Suicune|Substitute|p1a: Suicune
|-start|p1a: Suicune|Substitute
|-damage|p1a: Suicune|253\/403
|move|p2a: Vaporeon|Wish|p2a: Vaporeon
|
|-heal|p1a: Suicune|278\/403|[from] item: Leftovers
|turn|18
|
|move|p1a: Suicune|Calm Mind|p1a: Suicune
|-boost|p1a: Suicune|spa|1
|-boost|p1a: Suicune|spd|1
|move|p2a: Vaporeon|Baton Pass|p2a: Vaporeon
|
|switch|p2a: Raikou|Raikou, shiny|307\/322
|-ability|p2a: Raikou|Pressure
|
|-heal|p2a: Raikou|322\/322|[from] move: Wish|[wisher] Vaporeon
|-heal|p1a: Suicune|303\/403|[from] item: Leftovers
|turn|19
|
|move|p2a: Raikou|Volt Switch|p1a: Suicune
|-supereffective|p1a: Suicune
|-end|p1a: Suicune|Substitute
|
|switch|p2a: Vaporeon|Vaporeon, F, shiny|464\/464
|move|p1a: Suicune|Scald|p2a: Vaporeon
|-immune|p2a: Vaporeon|[msg]
|
|-heal|p1a: Suicune|328\/403|[from] item: Leftovers
|turn|20
|
|move|p1a: Suicune|Substitute|p1a: Suicune
|-start|p1a: Suicune|Substitute
|-damage|p1a: Suicune|228\/403
|move|p2a: Vaporeon|Baton Pass|p2a: Vaporeon
|
|switch|p2a: Raikou|Raikou, shiny|322\/322
|-ability|p2a: Raikou|Pressure
|
|-heal|p1a: Suicune|253\/403|[from] item: Leftovers
|turn|21
|
|move|p2a: Raikou|Volt Switch|p1a: Suicune
|-supereffective|p1a: Suicune
|-end|p1a: Suicune|Substitute
|
|switch|p2a: Vaporeon|Vaporeon, F, shiny|464\/464
|move|p1a: Suicune|Calm Mind|p1a: Suicune
|-boost|p1a: Suicune|spa|1
|-boost|p1a: Suicune|spd|1
|
|-heal|p1a: Suicune|278\/403|[from] item: Leftovers
|turn|22
|
|move|p1a: Suicune|Calm Mind|p1a: Suicune
|-boost|p1a: Suicune|spa|1
|-boost|p1a: Suicune|spd|1
|move|p2a: Vaporeon|Baton Pass|p2a: Vaporeon
|
|switch|p2a: Raikou|Raikou, shiny|322\/322
|-ability|p2a: Raikou|Pressure
|
|-heal|p1a: Suicune|303\/403|[from] item: Leftovers
|turn|23
|
|move|p2a: Raikou|Volt Switch|p1a: Suicune
|-supereffective|p1a: Suicune
|-damage|p1a: Suicune|219\/403
|
|switch|p2a: Vaporeon|Vaporeon, F, shiny|464\/464
|move|p1a: Suicune|Extrasensory|p2a: Vaporeon
|-damage|p2a: Vaporeon|292\/464
|
|-heal|p1a: Suicune|244\/403|[from] item: Leftovers
|-heal|p2a: Vaporeon|321\/464|[from] item: Leftovers
|turn|24
|
|move|p1a: Suicune|Substitute|p1a: Suicune
|-start|p1a: Suicune|Substitute
|-damage|p1a: Suicune|144\/403
|move|p2a: Vaporeon|Wish|p2a: Vaporeon
|
|-heal|p1a: Suicune|169\/403|[from] item: Leftovers
|-heal|p2a: Vaporeon|350\/464|[from] item: Leftovers
|turn|25
|
|move|p2a: Vaporeon|Protect|p2a: Vaporeon
|-singleturn|p2a: Vaporeon|Protect
|move|p1a: Suicune|Extrasensory|p2a: Vaporeon
|-activate|p2a: Vaporeon|Protect
|
|-heal|p2a: Vaporeon|464\/464|[from] move: Wish|[wisher] Vaporeon
|-heal|p1a: Suicune|194\/403|[from] item: Leftovers
|turn|26
|
|move|p1a: Suicune|Extrasensory|p2a: Vaporeon
|-damage|p2a: Vaporeon|304\/464
|move|p2a: Vaporeon|Baton Pass|p2a: Vaporeon
|
|switch|p2a: Raikou|Raikou, shiny|322\/322
|-ability|p2a: Raikou|Pressure
|
|-heal|p1a: Suicune|219\/403|[from] item: Leftovers
|turn|27
|
|move|p2a: Raikou|Volt Switch|p1a: Suicune
|-supereffective|p1a: Suicune
|-activate|p1a: Suicune|Substitute|[damage]
|
|switch|p2a: Vaporeon|Vaporeon, F, shiny|304\/464
|move|p1a: Suicune|Extrasensory|p2a: Vaporeon
|-damage|p2a: Vaporeon|140\/464
|
|-heal|p1a: Suicune|244\/403|[from] item: Leftovers
|-heal|p2a: Vaporeon|169\/464|[from] item: Leftovers
|turn|28
|-message|Cedric Prime forfeited.
|leave|Cedric Prime
|
|move|p2a: Vaporeon|Protect|p2a: Vaporeon
|-singleturn|p2a: Vaporeon|Protect
|move|p1a: Suicune|Extrasensory|p2a: Vaporeon
|-activate|p2a: Vaporeon|Protect
|
|-heal|p1a: Suicune|269\/403|[from] item: Leftovers
|-heal|p2a: Vaporeon|198\/464|[from] item: Leftovers
|turn|29
|
|win|Zhaf
|raw|Ladder updating...
|player|p2
|raw|Zhaf's rating: 1451 &rarr; <strong>1476<\/strong><br \/>(+25 for winning)
|raw|Cedric Prime's rating: 1534 &rarr; <strong>1510<\/strong><br \/>(-24 for losing)