|join|Zhaf
|join|Xeviik
|player|p1|Zhaf|2
|player|p2|Xeviik|238
|gametype|singles
|gen|6
|tier|UU
|clearpoke
|poke|p1|Golbat, M
|poke|p1|Cobalion
|poke|p1|Arcanine, F
|poke|p1|Slowbro, M
|poke|p1|Porygon-Z
|poke|p1|Manectric, M
|poke|p2|Florges, F, shiny
|poke|p2|Arcanine, F, shiny
|poke|p2|Malamar, F
|poke|p2|Ditto, shiny
|poke|p2|Metagross, shiny
|poke|p2|Scyther, F
|rule|Sleep Clause Mod: Limit one foe put to sleep
|rule|Species Clause: Limit one of each Pokemon
|rule|OHKO Clause: OHKO moves are banned
|rule|Moody Clause: Moody is banned
|rule|Evasion Moves Clause: Evasion moves are banned
|rule|Endless Battle Clause: Forcing endless battles is banned.
|rule|HP Percentage Mod: HP is reported as percentages
|teampreview
|chat|Zhaf|Gl, Hf!
|chat|Xeviik|you too
|
|start
|switch|p1a: Manectric|Manectric, M|281\/281
|switch|p2a: Scyther|Scyther, F|344\/344
|turn|1
|chat|Zhaf|Never seen a scyther before..
|
|-formechange|p1a: Manectric|Manectric-Mega
|message|Manectric has Mega Evolved into Mega Manectric!
|-ability|p1a: Manectric|Intimidate|[of] p2a: Scyther
|-unboost|p2a: Scyther|atk|1
|move|p1a: Manectric|Volt Switch|p2a: Scyther
|-supereffective|p2a: Scyther
|-damage|p2a: Scyther|128\/344
|
|switch|p1a: Arcanine|Arcanine, F|384\/384
|-ability|p1a: Arcanine|Intimidate|[of] p2a: Scyther
|-unboost|p2a: Scyther|atk|1
|move|p2a: Scyther|Bug Bite|p1a: Arcanine
|-resisted|p1a: Arcanine
|-damage|p1a: Arcanine|354\/384
|
|-heal|p1a: Arcanine|378\/384|[from] item: Leftovers
|turn|2
|
|switch|p2a: Replicant|Ditto, shiny|300\/300
|-transform|p2a: Replicant|p1a: Arcanine
|-ability|p2a: Replicant|Intimidate|[of] p1a: Arcanine
|-unboost|p1a: Arcanine|atk|1
|switch|p1a: Slowbro|Slowbro, M|394\/394
|
|turn|3
|
|move|p2a: Replicant|Will-O-Wisp|p1a: Slowbro|[miss]
|-miss|p2a: Replicant|p1a: Slowbro
|move|p1a: Slowbro|Scald|p2a: Replicant
|-supereffective|p2a: Replicant
|-damage|p2a: Replicant|0 fnt
|faint|p2a: Replicant
|
|
|switch|p2a: Beethoven|Malamar, F|370\/370
|turn|4
|chat|Zhaf|Sorry for the miss..
|chat|Xeviik|it happens
|chat|Xeviik|after all you said you're feeling lucky
|
|switch|p1a: Golbat|Golbat, M|354\/354
|move|p2a: Beethoven|Superpower|p1a: Golbat
|-resisted|p1a: Golbat
|-damage|p1a: Golbat|335\/354
|-boost|p2a: Beethoven|atk|1
|-boost|p2a: Beethoven|def|1
|
|turn|5
|
|move|p1a: Golbat|U-turn|p2a: Beethoven
|-supereffective|p2a: Beethoven
|-damage|p2a: Beethoven|242\/370
|
|switch|p1a: Arcanine|Arcanine, F|378\/384
|-ability|p1a: Arcanine|Intimidate|[of] p2a: Beethoven
|-boost|p2a: Beethoven|atk|1
|move|p2a: Beethoven|Psycho Cut|p1a: Arcanine
|-damage|p1a: Arcanine|194\/384
|
|-heal|p1a: Arcanine|218\/384|[from] item: Leftovers
|turn|6
|
|move|p1a: Arcanine|Will-O-Wisp|p2a: Beethoven
|-status|p2a: Beethoven|brn
|move|p2a: Beethoven|Superpower|p1a: Arcanine
|-crit|p1a: Arcanine
|-damage|p1a: Arcanine|71\/384
|-boost|p2a: Beethoven|atk|1
|-boost|p2a: Beethoven|def|1
|
|-heal|p1a: Arcanine|95\/384|[from] item: Leftovers
|-damage|p2a: Beethoven|196\/370 brn|[from] brn
|turn|7
|chat|Xeviik|sooo many volt turns
|
|move|p1a: Arcanine|Morning Sun|p1a: Arcanine
|-heal|p1a: Arcanine|287\/384
|move|p2a: Beethoven|Superpower|p1a: Arcanine
|-damage|p1a: Arcanine|163\/384
|-boost|p2a: Beethoven|atk|1
|-boost|p2a: Beethoven|def|1
|
|-heal|p1a: Arcanine|187\/384|[from] item: Leftovers
|-damage|p2a: Beethoven|150\/370 brn|[from] brn
|turn|8
|chat|Zhaf|That's the point of the team.
|
|switch|p1a: Golbat|Golbat, M|335\/354
|move|p2a: Beethoven|Rock Slide|p1a: Golbat
|-supereffective|p1a: Golbat
|-damage|p1a: Golbat|195\/354
|
|-damage|p2a: Beethoven|104\/370 brn|[from] brn
|turn|9
|
|move|p1a: Golbat|Roost|p1a: Golbat
|-heal|p1a: Golbat|354\/354
|move|p2a: Beethoven|Psycho Cut|p1a: Golbat
|-supereffective|p1a: Golbat
|-damage|p1a: Golbat|178\/354
|
|-damage|p2a: Beethoven|58\/370 brn|[from] brn
|turn|10
|
|move|p1a: Golbat|Roost|p1a: Golbat
|-heal|p1a: Golbat|354\/354
|move|p2a: Beethoven|Psycho Cut|p1a: Golbat
|-supereffective|p1a: Golbat
|-damage|p1a: Golbat|154\/354
|
|-damage|p2a: Beethoven|12\/370 brn|[from] brn
|turn|11
|
|switch|p2a: Tachikoma|Metagross, shiny|304\/304
|move|p1a: Golbat|U-turn|p2a: Tachikoma
|-damage|p2a: Tachikoma|269\/304
|
|switch|p1a: Arcanine|Arcanine, F|187\/384
|-ability|p1a: Arcanine|Intimidate|[of] p2a: Tachikoma
|-fail|p2a: Tachikoma|unboost|[from] ability: Clear Body|[of] p2a: Tachikoma
|
|-heal|p1a: Arcanine|211\/384|[from] item: Leftovers
|turn|12
|leave|Xeviik
|player|p2
|join|Xeviik
|player|p2|Xeviik|238
|
|move|p2a: Tachikoma|Bullet Punch|p1a: Arcanine
|-resisted|p1a: Arcanine
|-damage|p1a: Arcanine|172\/384
|move|p1a: Arcanine|Will-O-Wisp|p2a: Tachikoma
|-status|p2a: Tachikoma|brn
|
|-heal|p1a: Arcanine|196\/384|[from] item: Leftovers
|-damage|p2a: Tachikoma|231\/304 brn|[from] brn
|turn|13
|
|move|p1a: Arcanine|Morning Sun|p1a: Arcanine
|-heal|p1a: Arcanine|384\/384
|move|p2a: Tachikoma|Stealth Rock|p1a: Arcanine
|-sidestart|p1: Zhaf|move: Stealth Rock
|
|-damage|p2a: Tachikoma|193\/304 brn|[from] brn
|turn|14
|
|move|p1a: Arcanine|Flare Blitz|p2a: Tachikoma
|-supereffective|p2a: Tachikoma
|-damage|p2a: Tachikoma|0 fnt
|-damage|p1a: Arcanine|320\/384|[from] recoil|[of] p2a: Tachikoma
|faint|p2a: Tachikoma
|
|-heal|p1a: Arcanine|344\/384|[from] item: Leftovers
|
|switch|p2a: Scyther|Scyther, F|128\/344
|turn|15
|
|switch|p2a: Beethoven|Malamar, F|12\/370 brn
|move|p1a: Arcanine|Extreme Speed|p2a: Beethoven
|-damage|p2a: Beethoven|0 fnt
|faint|p2a: Beethoven
|
|-heal|p1a: Arcanine|368\/384|[from] item: Leftovers
|
|switch|p2a: Scyther|Scyther, F|128\/344
|turn|16
|chat|Xeviik|why'd they change the amount of seconds they give you
|chat|Zhaf|Idk, sorry for before anyway.
|
|move|p1a: Arcanine|Extreme Speed|p2a: Scyther
|-damage|p2a: Scyther|77\/344
|move|p2a: Scyther|Bug Bite|p1a: Arcanine
|-resisted|p1a: Arcanine
|-damage|p1a: Arcanine|305\/384
|
|-heal|p1a: Arcanine|329\/384|[from] item: Leftovers
|turn|17
|chat|Xeviik|its alright i accidently closed the window
|chat|Xeviik|been kind of distracted during this battle
|
|move|p1a: Arcanine|Extreme Speed|p2a: Scyther
|-damage|p2a: Scyther|23\/344
|move|p2a: Scyther|Aerial Ace|p1a: Arcanine
|-damage|p1a: Arcanine|203\/384
|
|-heal|p1a: Arcanine|227\/384|[from] item: Leftovers
|turn|18
|chat|Zhaf|Same.
|
|move|p2a: Scyther|Aerial Ace|p1a: Arcanine
|-damage|p1a: Arcanine|92\/384
|move|p1a: Arcanine|Morning Sun|p1a: Arcanine
|-heal|p1a: Arcanine|284\/384
|
|-heal|p1a: Arcanine|308\/384|[from] item: Leftovers
|turn|19
|chat|Xeviik|hmmm i need to put morning sun on my arcanine
|
|move|p1a: Arcanine|Extreme Speed|p2a: Scyther
|-damage|p2a: Scyther|0 fnt
|faint|p2a: Scyther
|
|-heal|p1a: Arcanine|332\/384|[from] item: Leftovers
|
|switch|p2a: Grass Type|Florges, F, shiny|360\/360
|turn|20
|chat|Zhaf|It's surprisingly good.
|
|switch|p1a: Slowbro|Slowbro, M|394\/394
|-damage|p1a: Slowbro|345\/394|[from] Stealth Rock
|move|p2a: Grass Type|Wish|p2a: Grass Type
|
|turn|21
|
|move|p2a: Grass Type|Calm Mind|p2a: Grass Type
|-boost|p2a: Grass Type|spa|1
|-boost|p2a: Grass Type|spd|1
|move|p1a: Slowbro|Psyshock|p2a: Grass Type
|-crit|p2a: Grass Type
|-damage|p2a: Grass Type|182\/360
|
|-heal|p2a: Grass Type|360\/360|[from] move: Wish|[wisher] Grass Type
|turn|22
|
|move|p2a: Grass Type|Calm Mind|p2a: Grass Type
|-boost|p2a: Grass Type|spa|1
|-boost|p2a: Grass Type|spd|1
|move|p1a: Slowbro|Psyshock|p2a: Grass Type
|-damage|p2a: Grass Type|233\/360
|
|turn|23
|chat|Zhaf|Bulky florges is bulky.
|
|move|p2a: Grass Type|Wish|p2a: Grass Type
|move|p1a: Slowbro|Psyshock|p2a: Grass Type
|-damage|p2a: Grass Type|122\/360
|
|turn|24
|
|move|p2a: Grass Type|Calm Mind|p2a: Grass Type
|-boost|p2a: Grass Type|spa|1
|-boost|p2a: Grass Type|spd|1
|move|p1a: Slowbro|Psyshock|p2a: Grass Type
|-damage|p2a: Grass Type|0 fnt
|faint|p2a: Grass Type
|
|
|switch|p2a: Ruff|Arcanine, F, shiny|384\/384
|turn|25
|chat|Xeviik|gg
|leave|Xeviik
|player|p2
|chat|Zhaf|That's a fully invested modest slowbro..
|chat|Zhaf|That thing is way too bulky.
|join|Xeviik
|player|p2|Xeviik|238
|
|move|p2a: Ruff|Will-O-Wisp|p1a: Slowbro
|-status|p1a: Slowbro|brn
|move|p1a: Slowbro|Scald|p2a: Ruff
|-supereffective|p2a: Ruff
|-damage|p2a: Ruff|72\/384
|
|-damage|p1a: Slowbro|296\/394 brn|[from] brn
|turn|26
|chat|Zhaf|Gg
|
|move|p2a: Ruff|Howl|p2a: Ruff
|-boost|p2a: Ruff|atk|1
|move|p1a: Slowbro|Scald|p2a: Ruff
|-supereffective|p2a: Ruff
|-damage|p2a: Ruff|0 fnt
|faint|p2a: Ruff
|
|win|Zhaf
|leave|Xeviik
|player|p2