|join|San0suke
|join|Red Skies
|player|p1|San0suke|1
|player|p2|Red Skies|102
|gametype|singles
|gen|5
|tier|[Gen 5] OU
|rule|Evasion Abilities Clause: Evasion abilities are banned
|clearpoke
|poke|p1|Jellicent, F
|poke|p1|Scizor, M
|poke|p1|Keldeo
|poke|p1|Skarmory, M
|poke|p1|Alakazam, F
|poke|p1|Dragonite, M
|poke|p2|Scizor, F
|poke|p2|Starmie
|poke|p2|Kyurem-Black
|poke|p2|Dragonite, F
|poke|p2|Garchomp, M
|poke|p2|Magnezone
|rule|Sleep Clause Mod: Limit one foe put to sleep
|rule|Species Clause: Limit one of each PokÃ©mon
|rule|OHKO Clause: OHKO moves are banned
|rule|Moody Clause: Moody is banned
|rule|Evasion Moves Clause: Evasion moves are banned
|rule|Endless Battle Clause: Forcing endless battles is banned
|rule|HP Percentage Mod: HP is shown in percentages
|teampreview
|c|âRed Skies|gl
|c|âSan0suke|gl
|join|e7e
|c| e7e|quem perder ai
|
|start
|switch|p1a: Skarmory|Skarmory, M|271\/271
|switch|p2a: Magnezone|Magnezone|282\/282
|turn|1
|join|just another br
|c| e7e|vai ser vendido
|c| e7e|pro brunodk
|
|move|p2a: Magnezone|Volt Switch|p1a: Skarmory
|-supereffective|p1a: Skarmory
|-activate|p1a: Skarmory|Sturdy
|-damage|p1a: Skarmory|1\/271
|
|switch|p2a: Starmie|Starmie|261\/261
|move|p1a: Skarmory|Stealth Rock|p2a: Starmie
|-sidestart|p2: Red Skies|move: Stealth Rock
|
|turn|2
|c| teampescoÃ§o|vamo
|c| teampescoÃ§o|eu acredito
|-enditem|p1a: Skarmory|Custap Berry|[eat]
|-activate|p1a: Skarmory|Custap Berry
|
|move|p1a: Skarmory|Brave Bird|p2a: Starmie
|-damage|p2a: Starmie|81\/261
|-damage|p1a: Skarmory|0 fnt|[from] recoil|[of] p2a: Starmie
|faint|p1a: Skarmory
|move|p2a: Starmie|Thunderbolt|p1: Skarmory|[notarget]
|-notarget
|
|
|switch|p1a: Alakazam|Alakazam, F|251\/251
|turn|3
|c| teampescoÃ§o|mlk
|c| teampescoÃ§o|segura esse skarm
|c| teampescoÃ§o|dando na sua cara
|
|switch|p2a: Scizor|Scizor, F|344\/344
|-damage|p2a: Scizor|301\/344|[from] Stealth Rock
|move|p1a: Alakazam|Shadow Ball|p2a: Scizor
|-resisted|p2a: Scizor
|-damage|p2a: Scizor|238\/344
|-unboost|p2a: Scizor|spd|1
|
|turn|4
|c| teampescoÃ§o|deveria ser explosion
|c| teampescoÃ§o|aÃ­ sim seria loko
|
|switch|p2a: Magnezone|Magnezone|282\/282
|-damage|p2a: Magnezone|265\/282|[from] Stealth Rock
|move|p1a: Alakazam|Focus Blast|p2a: Magnezone
|-crit|p2a: Magnezone
|-supereffective|p2a: Magnezone
|-damage|p2a: Magnezone|0 fnt
|faint|p2a: Magnezone
|
|c|âSan0suke|predica ai
|
|switch|p2a: Garchomp|Garchomp, M|358\/358
|-damage|p2a: Garchomp|336\/358|[from] Stealth Rock
|turn|5
|
|move|p1a: Alakazam|Hidden Power|p2a: Garchomp
|-supereffective|p2a: Garchomp
|-damage|p2a: Garchomp|0 fnt
|faint|p2a: Garchomp
|
|c|âSan0suke|????
|c| e7e|.wat
|
|switch|p2a: Scizor|Scizor, F|238\/344
|-damage|p2a: Scizor|195\/344|[from] Stealth Rock
|turn|6
|
|switch|p1a: Jellicent|Jellicent, F|403\/403
|move|p2a: Scizor|Superpower|p1a: Jellicent
|-immune|p1a: Jellicent|[msg]
|
|turn|7
|c| e7e|caralho
|c| e7e|que menino mitoso
|
|switch|p2a: Starmie|Starmie|81\/261
|-damage|p2a: Starmie|49\/261|[from] Stealth Rock
|move|p1a: Jellicent|Scald|p2a: Starmie
|-resisted|p2a: Starmie
|-damage|p2a: Starmie|2\/261
|
|turn|8
|c| e7e|queria ver burn
|c| e7e|bom saber
|
|move|p2a: Starmie|Thunderbolt|p1a: Jellicent
|-supereffective|p1a: Jellicent
|-damage|p1a: Jellicent|164\/403
|-damage|p2a: Starmie|0 fnt|[from] item: Life Orb
|faint|p2a: Starmie
|move|p1a: Jellicent|Scald|p2: Starmie|[notarget]
|-notarget
|
|-heal|p1a: Jellicent|189\/403|[from] item: Leftovers
|c| e7e|que starmie
|c| e7e|nao tem recover
|c| e7e|KOPSDAp
|c| teampescoÃ§o|lol
|
|switch|p2a: Kyurem-Black|Kyurem-Black|391\/391
|-damage|p2a: Kyurem-Black|294\/391|[from] Stealth Rock
|-ability|p2a: Kyurem-Black|Teravolt
|turn|9
|
|switch|p1a: Scizor|Scizor, M|343\/343
|move|p2a: Kyurem-Black|Fusion Bolt|p1a: Scizor
|-damage|p1a: Scizor|195\/343
|
|turn|10
|c| teampescoÃ§o|.aids
|
|switch|p2a: Scizor|Scizor, F|195\/344
|-damage|p2a: Scizor|152\/344|[from] Stealth Rock
|move|p1a: Scizor|Bullet Punch|p2a: Scizor
|-resisted|p2a: Scizor
|-damage|p2a: Scizor|61\/344
|
|turn|11
|
|move|p1a: Scizor|Bullet Punch|p2a: Scizor
|-resisted|p2a: Scizor
|-damage|p2a: Scizor|0 fnt
|faint|p2a: Scizor
|
|c| teampescoÃ§o|pleno 2014 quase 2090 e o hall ainda usa kyurem tlg
|
|switch|p2a: Dragonite|Dragonite, F|324\/324
|-damage|p2a: Dragonite|243\/324|[from] Stealth Rock
|turn|12
|
|move|p1a: Scizor|Bullet Punch|p2a: Dragonite
|-damage|p2a: Dragonite|65\/324
|move|p2a: Dragonite|Earthquake|p1a: Scizor
|-damage|p1a: Scizor|65\/343
|
|turn|13
|
|move|p2a: Dragonite|Extreme Speed|p1a: Scizor
|-resisted|p1a: Scizor
|-damage|p1a: Scizor|9\/343
|move|p1a: Scizor|Bullet Punch|p2a: Dragonite
|-damage|p2a: Dragonite|0 fnt
|faint|p2a: Dragonite
|
|c| teampescoÃ§o|gg izi
|c|âRed Skies|hg
|c| teampescoÃ§o|team pescoÃ§o
|
|switch|p2a: Kyurem-Black|Kyurem-Black|294\/391
|-damage|p2a: Kyurem-Black|197\/391|[from] Stealth Rock
|-ability|p2a: Kyurem-Black|Teravolt
|turn|14
|c| teampescoÃ§o|>>>>>>>>>>>
|c| e7e|2-0
|c| e7e|sÃ³ MITO no time
|c|âSan0suke|esse jogo
|c|âSan0suke|devia ir pro xvideos
|c| teampescoÃ§o|sim
|join|Century Express
|c| teampescoÃ§o|novinha safada mamando gostoso
|c| e7e|sÃ³ mitaj
|c| e7e|num tem jeito
|
|move|p1a: Scizor|Bullet Punch|p2a: Kyurem-Black
|-supereffective|p2a: Kyurem-Black
|-damage|p2a: Kyurem-Black|0 fnt
|faint|p2a: Kyurem-Black
|
|win|San0suke