|join|Red Skies
|join|Seiya
|player|p1|Red Skies|64
|player|p2|Seiya|2
|gametype|singles
|gen|5
|tier|[Gen 5] OU
|rule|Evasion Abilities Clause: Evasion abilities are banned
|clearpoke
|poke|p1|Tyranitar, M
|poke|p1|Skarmory, M
|poke|p1|Lucario, M
|poke|p1|Reuniclus, M
|poke|p1|Landorus-Therian, M
|poke|p1|Rotom-Wash
|poke|p2|Politoed, M, shiny
|poke|p2|Tentacruel, M, shiny
|poke|p2|Jirachi
|poke|p2|Ferrothorn, F
|poke|p2|Gliscor, F
|poke|p2|Rotom-Wash, shiny
|rule|Sleep Clause Mod: Limit one foe put to sleep
|rule|Species Clause: Limit one of each PokÃ©mon
|rule|OHKO Clause: OHKO moves are banned
|rule|Moody Clause: Moody is banned
|rule|Evasion Moves Clause: Evasion moves are banned
|rule|Endless Battle Clause: Forcing endless battles is banned
|rule|HP Percentage Mod: HP is shown in percentages
|teampreview
|c|âSeiya|kkk
|c|âSeiya|nao esperava  um time  tao defensivo ne
|c|âRed Skies|lol
|c|âRed Skies|Gostei do time
|
|start
|switch|p1a: Rotom-Wash|Rotom-Wash|304\/304
|switch|p2a: Rotom-Wash|Rotom-Wash, shiny|304\/304
|turn|1
|c|âSeiya|vamos ver se sei joga isso ainda
|c|âRed Skies|Pera ai
|
|move|p2a: Rotom-Wash|Thunder Wave|p1a: Rotom-Wash
|-status|p1a: Rotom-Wash|par
|move|p1a: Rotom-Wash|Will-O-Wisp|p2a: Rotom-Wash
|-status|p2a: Rotom-Wash|brn
|
|-damage|p2a: Rotom-Wash|266\/304 brn|[from] brn
|turn|2
|leave|Red Skies
|player|p1
|join|Red Skies
|player|p1|Red Skies|64
|c|âRed Skies|Agr sim
|
|switch|p2a: Ferrothorn|Ferrothorn, F|352\/352
|cant|p1a: Rotom-Wash|par
|
|turn|3
|c|âSeiya|faltou 1 atk nesse 
|c|âSeiya|bom ver
|
|switch|p1a: Skarmory|Skarmory, M|334\/334
|move|p2a: Ferrothorn|Stealth Rock|p1a: Skarmory
|-sidestart|p1: Red Skies|move: Stealth Rock
|
|turn|4
|c|âRed Skies|lol
|
|move|p1a: Skarmory|Spikes|p2a: Ferrothorn
|-sidestart|p2: Seiya|Spikes
|move|p2a: Ferrothorn|Leech Seed|p1a: Skarmory
|-start|p1a: Skarmory|move: Leech Seed
|
|-damage|p1a: Skarmory|293\/334|[from] Leech Seed|[of] p2a: Ferrothorn
|turn|5
|
|switch|p1a: Reuniclus|Reuniclus, M|424\/424
|switch|p2a: Tentacruel|Tentacruel, M, shiny|364\/364
|-damage|p2a: Tentacruel|319\/364|[from] Spikes
|
|-heal|p2a: Tentacruel|341\/364|[from] item: Black Sludge
|turn|6
|
|switch|p2a: Rotom-Wash|Rotom-Wash, shiny|266\/304 brn
|move|p1a: Reuniclus|Psyshock|p2a: Rotom-Wash
|-damage|p2a: Rotom-Wash|81\/304 brn
|
|-damage|p2a: Rotom-Wash|43\/304 brn|[from] brn
|turn|7
|
|move|p2a: Rotom-Wash|Pain Split|p1a: Reuniclus
|-sethp|p1a: Reuniclus|233\/424|p2a: Rotom-Wash|233\/304 brn|[from] move: Pain Split
|move|p1a: Reuniclus|Recover|p1a: Reuniclus
|-heal|p1a: Reuniclus|424\/424
|
|-damage|p2a: Rotom-Wash|195\/304 brn|[from] brn
|turn|8
|
|switch|p2a: Gliscor|Gliscor, F|314\/314
|move|p1a: Reuniclus|Psyshock|p2a: Gliscor
|-damage|p2a: Gliscor|189\/314
|
|-status|p2a: Gliscor|tox|[from] item: Toxic Orb
|turn|9
|
|switch|p1a: Skarmory|Skarmory, M|293\/334
|-damage|p1a: Skarmory|252\/334|[from] Stealth Rock
|move|p2a: Gliscor|Taunt|p1a: Skarmory
|-start|p1a: Skarmory|move: Taunt
|
|-heal|p1a: Skarmory|272\/334|[from] item: Leftovers
|-heal|p2a: Gliscor|228\/314 tox|[from] ability: Poison Heal
|turn|10
|
|switch|p2a: Rotom-Wash|Rotom-Wash, shiny|195\/304 brn
|move|p1a: Skarmory|Brave Bird|p2a: Rotom-Wash
|-resisted|p2a: Rotom-Wash
|-damage|p2a: Rotom-Wash|139\/304 brn
|-damage|p1a: Skarmory|254\/334|[from] recoil|[of] p2a: Rotom-Wash
|
|-heal|p1a: Skarmory|274\/334|[from] item: Leftovers
|-damage|p2a: Rotom-Wash|101\/304 brn|[from] brn
|turn|11
|c|âRed Skies|Faltou item no Rotom nÃ£o?
|c|âSeiya|errei no move
|c|âSeiya|e falta 1 atk no outro la 
|c|âSeiya|mais da para joga
|c|âSeiya|fazer surpresa
|
|switch|p1a: Rotom-Wash|Rotom-Wash|304\/304 par
|-damage|p1a: Rotom-Wash|266\/304 par|[from] Stealth Rock
|move|p2a: Rotom-Wash|Thunder Wave|p1a: Rotom-Wash
|-fail|p1a: Rotom-Wash|par
|
|-heal|p1a: Rotom-Wash|285\/304 par|[from] item: Leftovers
|-damage|p2a: Rotom-Wash|63\/304 brn|[from] brn
|turn|12
|c|âRed Skies|saquei
|
|move|p2a: Rotom-Wash|Thunder Wave|p1a: Rotom-Wash
|-fail|p1a: Rotom-Wash|par
|cant|p1a: Rotom-Wash|par
|
|-heal|p1a: Rotom-Wash|304\/304 par|[from] item: Leftovers
|-damage|p2a: Rotom-Wash|25\/304 brn|[from] brn
|turn|13
|
|switch|p2a: Gliscor|Gliscor, F|228\/314 tox
|cant|p1a: Rotom-Wash|par
|
|-heal|p2a: Gliscor|267\/314 tox|[from] ability: Poison Heal
|turn|14
|
|move|p2a: Gliscor|Protect|p2a: Gliscor
|-singleturn|p2a: Gliscor|Protect
|move|p1a: Rotom-Wash|Hydro Pump|p2a: Gliscor
|-activate|p2a: Gliscor|Protect
|
|-heal|p2a: Gliscor|306\/314 tox|[from] ability: Poison Heal
|turn|15
|
|switch|p2a: Politoed|Politoed, M, shiny|384\/384
|-damage|p2a: Politoed|336\/384|[from] Spikes
|-weather|RainDance|[from] ability: Drizzle|[of] p2a: Politoed
|cant|p1a: Rotom-Wash|par
|
|-weather|RainDance|[upkeep]
|-heal|p2a: Politoed|360\/384|[from] item: Leftovers
|turn|16
|
|switch|p2a: Rotom-Wash|Rotom-Wash, shiny|25\/304 brn
|move|p1a: Rotom-Wash|Volt Switch|p2a: Rotom-Wash
|-damage|p2a: Rotom-Wash|0 fnt
|faint|p2a: Rotom-Wash
|
|switch|p1a: Reuniclus|Reuniclus, M|424\/424
|
|-weather|RainDance|[upkeep]
|
|switch|p2a: Jirachi|Jirachi|404\/404
|-damage|p2a: Jirachi|354\/404|[from] Spikes
|turn|17
|c|âSeiya|testar 1 coisa
|c|âSeiya|o rotom vou so arruma o item
|c|âSeiya|esqueci do Trick
|c|âSeiya|kkk
|c|âRed Skies|lol
|c|âSeiya|serio
|c|âRed Skies|Eu tava pensando nisso agora
|c|âSeiya|e scarf
|c|âSeiya|e o ferro
|c|âSeiya|faltou so o atk
|c|âSeiya|era  iria o swappar seu tar
|c|âRed Skies|Saquei
|c|âSeiya|gliscor e cruel
|c|âSeiya|iria anular  o stall
|c|âSeiya|e  jirachi
|c|âSeiya|vamos ver
|c|âSeiya|nem sei se ficou legal
|join|Zonaraitor
|c|âRed Skies|Eu colocaria um Kyu B no lugar do Jirachi
|c|âRed Skies|Com roost Earth power ice beam e fuison bolt
|c| Zonaraitor|oi
|c|âRed Skies|oi
|c|âSeiya|hum
|c|âSeiya|vamos testar
|c|âSeiya|nem chegamos a ver como fica
|c| Zonaraitor|oq
|
|switch|p1a: Landorus-Therian|Landorus-Therian, M|381\/381
|-damage|p1a: Landorus-Therian|334\/381|[from] Stealth Rock
|-ability|p1a: Landorus-Therian|Intimidate|[of] p2a: Jirachi
|-unboost|p2a: Jirachi|atk|1
|move|p2a: Jirachi|Substitute|p2a: Jirachi
|-start|p2a: Jirachi|Substitute
|-damage|p2a: Jirachi|253\/404
|
|-weather|RainDance|[upkeep]
|-heal|p2a: Jirachi|278\/404|[from] item: Leftovers
|-heal|p1a: Landorus-Therian|357\/381|[from] item: Leftovers
|turn|18
|c|âSeiya|agora quero ve uma coisa
|c|âRed Skies|Aah
|c|âRed Skies|Esse rachi ai Ã© amor
|
|move|p2a: Jirachi|Water Pulse|p1a: Landorus-Therian
|-supereffective|p1a: Landorus-Therian
|-damage|p1a: Landorus-Therian|179\/381
|move|p1a: Landorus-Therian|Stealth Rock|p2a: Jirachi
|-sidestart|p2: Seiya|move: Stealth Rock
|
|-weather|RainDance|[upkeep]
|-heal|p2a: Jirachi|303\/404|[from] item: Leftovers
|-heal|p1a: Landorus-Therian|202\/381|[from] item: Leftovers
|turn|19
|c|âSeiya|kkkkkkkkk
|
|switch|p1a: Rotom-Wash|Rotom-Wash|304\/304 par
|-damage|p1a: Rotom-Wash|266\/304 par|[from] Stealth Rock
|move|p2a: Jirachi|Calm Mind|p2a: Jirachi
|-boost|p2a: Jirachi|spa|1
|-boost|p2a: Jirachi|spd|1
|
|-weather|RainDance|[upkeep]
|-heal|p2a: Jirachi|328\/404|[from] item: Leftovers
|-heal|p1a: Rotom-Wash|285\/304 par|[from] item: Leftovers
|turn|20
|c| Zonaraitor|lol
|
|move|p2a: Jirachi|Calm Mind|p2a: Jirachi
|-boost|p2a: Jirachi|spa|1
|-boost|p2a: Jirachi|spd|1
|move|p1a: Rotom-Wash|Hydro Pump|p2a: Jirachi
|-end|p2a: Jirachi|Substitute
|
|-weather|RainDance|[upkeep]
|-heal|p2a: Jirachi|353\/404|[from] item: Leftovers
|-heal|p1a: Rotom-Wash|304\/304 par|[from] item: Leftovers
|turn|21
|
|move|p2a: Jirachi|Substitute|p2a: Jirachi
|-start|p2a: Jirachi|Substitute
|-damage|p2a: Jirachi|252\/404
|move|p1a: Rotom-Wash|Volt Switch|p2a: Jirachi
|-activate|p2a: Jirachi|Substitute|[damage]
|
|switch|p1a: Reuniclus|Reuniclus, M|424\/424
|
|-weather|RainDance|[upkeep]
|-heal|p2a: Jirachi|277\/404|[from] item: Leftovers
|turn|22
|
|move|p2a: Jirachi|Thunder|p1a: Reuniclus
|-damage|p1a: Reuniclus|200\/424
|-status|p1a: Reuniclus|par
|move|p1a: Reuniclus|Trick Room|p1a: Reuniclus
|-fieldstart|move: Trick Room|[of] p1a: Reuniclus
|
|-weather|RainDance|[upkeep]
|-heal|p2a: Jirachi|302\/404|[from] item: Leftovers
|turn|23
|c|âSeiya|hum prevejo algo ai nesse seu time
|
|move|p1a: Reuniclus|Focus Blast|p2a: Jirachi
|-end|p2a: Jirachi|Substitute
|move|p2a: Jirachi|Calm Mind|p2a: Jirachi
|-boost|p2a: Jirachi|spa|1
|-boost|p2a: Jirachi|spd|1
|
|-weather|RainDance|[upkeep]
|-heal|p2a: Jirachi|327\/404|[from] item: Leftovers
|turn|24
|
|switch|p1a: Landorus-Therian|Landorus-Therian, M|202\/381
|-damage|p1a: Landorus-Therian|155\/381|[from] Stealth Rock
|-ability|p1a: Landorus-Therian|Intimidate|[of] p2a: Jirachi
|-unboost|p2a: Jirachi|atk|1
|move|p2a: Jirachi|Substitute|p2a: Jirachi
|-start|p2a: Jirachi|Substitute
|-damage|p2a: Jirachi|226\/404
|
|-weather|RainDance|[upkeep]
|-heal|p1a: Landorus-Therian|178\/381|[from] item: Leftovers
|-heal|p2a: Jirachi|251\/404|[from] item: Leftovers
|turn|25
|
|switch|p1a: Tyranitar|Tyranitar, M|342\/342
|-damage|p1a: Tyranitar|300\/342|[from] Stealth Rock
|-weather|Sandstorm|[from] ability: Sand Stream|[of] p1a: Tyranitar
|move|p2a: Jirachi|Water Pulse|p1a: Tyranitar
|-supereffective|p1a: Tyranitar
|-damage|p1a: Tyranitar|130\/342
|
|-weather|Sandstorm|[upkeep]
|-heal|p2a: Jirachi|276\/404|[from] item: Leftovers
|turn|26
|
|switch|p1a: Rotom-Wash|Rotom-Wash|304\/304 par
|-damage|p1a: Rotom-Wash|266\/304 par|[from] Stealth Rock
|move|p2a: Jirachi|Water Pulse|p1a: Rotom-Wash
|-resisted|p1a: Rotom-Wash
|-damage|p1a: Rotom-Wash|219\/304 par
|-start|p1a: Rotom-Wash|confusion
|
|-weather|Sandstorm|[upkeep]
|-damage|p1a: Rotom-Wash|200\/304 par|[from] sandstorm
|-heal|p1a: Rotom-Wash|219\/304 par|[from] item: Leftovers
|-heal|p2a: Jirachi|301\/404|[from] item: Leftovers
|-fieldend|move: Trick Room
|turn|27
|
|switch|p1a: Tyranitar|Tyranitar, M|130\/342
|-damage|p1a: Tyranitar|88\/342|[from] Stealth Rock
|move|p2a: Jirachi|Calm Mind|p2a: Jirachi
|-boost|p2a: Jirachi|spa|1
|-boost|p2a: Jirachi|spd|1
|
|-weather|Sandstorm|[upkeep]
|-heal|p2a: Jirachi|326\/404|[from] item: Leftovers
|turn|28
|
|move|p1a: Tyranitar|Crunch|p2a: Jirachi
|-end|p2a: Jirachi|Substitute
|move|p2a: Jirachi|Water Pulse|p1a: Tyranitar
|-supereffective|p1a: Tyranitar
|-damage|p1a: Tyranitar|0 fnt
|faint|p1a: Tyranitar
|
|-weather|Sandstorm|[upkeep]
|-heal|p2a: Jirachi|351\/404|[from] item: Leftovers
|
|switch|p1a: Reuniclus|Reuniclus, M|200\/424 par
|turn|29
|
|move|p2a: Jirachi|Water Pulse|p1a: Reuniclus
|-damage|p1a: Reuniclus|37\/424 par
|cant|p1a: Reuniclus|par
|
|-weather|Sandstorm|[upkeep]
|-heal|p2a: Jirachi|376\/404|[from] item: Leftovers
|turn|30
|
|move|p2a: Jirachi|Water Pulse|p1a: Reuniclus
|-damage|p1a: Reuniclus|0 fnt
|faint|p1a: Reuniclus
|
|-weather|Sandstorm|[upkeep]
|-heal|p2a: Jirachi|401\/404|[from] item: Leftovers
|c|âRed Skies|gg
|c| Zonaraitor|bom ja vi q o Jirachi ngm vence :u:
|
|switch|p1a: Lucario|Lucario, M|282\/282
|-damage|p1a: Lucario|274\/282|[from] Stealth Rock
|turn|31
|c|âSeiya|stalker ?
|c|âSeiya|o Red olha isso
|
|move|p2a: Jirachi|Water Pulse|p1a: Lucario
|-damage|p1a: Lucario|83\/282
|move|p1a: Lucario|Close Combat|p2a: Jirachi
|-damage|p2a: Jirachi|183\/404
|-unboost|p1a: Lucario|def|1
|-unboost|p1a: Lucario|spd|1
|-damage|p1a: Lucario|55\/282|[from] item: Life Orb
|
|-weather|Sandstorm|[upkeep]
|-heal|p2a: Jirachi|208\/404|[from] item: Leftovers
|turn|32
|
|move|p1a: Lucario|Extreme Speed|p2a: Jirachi
|-resisted|p2a: Jirachi
|-damage|p2a: Jirachi|160\/404
|-damage|p1a: Lucario|27\/282|[from] item: Life Orb
|move|p2a: Jirachi|Water Pulse|p1a: Lucario
|-damage|p1a: Lucario|0 fnt
|faint|p1a: Lucario
|
|-weather|Sandstorm|[upkeep]
|-heal|p2a: Jirachi|185\/404|[from] item: Leftovers
|
|switch|p1a: Skarmory|Skarmory, M|274\/334
|-damage|p1a: Skarmory|233\/334|[from] Stealth Rock
|turn|33
|
|move|p2a: Jirachi|Water Pulse|p1a: Skarmory
|-damage|p1a: Skarmory|88\/334
|-start|p1a: Skarmory|confusion
|-activate|p1a: Skarmory|confusion
|move|p1a: Skarmory|Whirlwind|p2a: Jirachi
|drag|p2a: Politoed|Politoed, M, shiny|360\/384
|-damage|p2a: Politoed|312\/384|[from] Stealth Rock
|-damage|p2a: Politoed|264\/384|[from] Spikes
|-weather|RainDance|[from] ability: Drizzle|[of] p2a: Politoed
|
|-weather|RainDance|[upkeep]
|-heal|p2a: Politoed|288\/384|[from] item: Leftovers
|-heal|p1a: Skarmory|108\/334|[from] item: Leftovers
|turn|34
|c|âSeiya|olha que esse time veio imcompleto
|c|âRed Skies|Porra
|c|âRed Skies|Msoquei tbm
|
|switch|p2a: Ferrothorn|Ferrothorn, F|352\/352
|-damage|p2a: Ferrothorn|308\/352|[from] Spikes
|-damage|p2a: Ferrothorn|286\/352|[from] Stealth Rock
|-activate|p1a: Skarmory|confusion
|-damage|p1a: Skarmory|90\/334|[from] confusion
|
|-weather|RainDance|[upkeep]
|-heal|p1a: Skarmory|110\/334|[from] item: Leftovers
|turn|35
|
|-activate|p1a: Skarmory|confusion
|-damage|p1a: Skarmory|89\/334|[from] confusion
|move|p2a: Ferrothorn|Leech Seed|p1a: Skarmory
|-start|p1a: Skarmory|move: Leech Seed
|
|-weather|RainDance|[upkeep]
|-heal|p1a: Skarmory|109\/334|[from] item: Leftovers
|-damage|p1a: Skarmory|68\/334|[from] Leech Seed|[of] p2a: Ferrothorn
|-heal|p2a: Ferrothorn|327\/352|[silent]
|turn|36
|
|switch|p2a: Tentacruel|Tentacruel, M, shiny|341\/364
|-damage|p2a: Tentacruel|296\/364|[from] Spikes
|-damage|p2a: Tentacruel|251\/364|[from] Stealth Rock
|-activate|p1a: Skarmory|confusion
|-damage|p1a: Skarmory|49\/334|[from] confusion
|
|-weather|RainDance|[upkeep]
|-heal|p2a: Tentacruel|273\/364|[from] ability: Rain Dish
|-heal|p2a: Tentacruel|295\/364|[from] item: Black Sludge
|-heal|p1a: Skarmory|69\/334|[from] item: Leftovers
|-damage|p1a: Skarmory|28\/334|[from] Leech Seed|[of] p2a: Tentacruel
|-heal|p2a: Tentacruel|336\/364|[silent]
|turn|37
|
|move|p2a: Tentacruel|Substitute|p2a: Tentacruel
|-start|p2a: Tentacruel|Substitute
|-damage|p2a: Tentacruel|245\/364
|-end|p1a: Skarmory|confusion
|move|p1a: Skarmory|Roost|p1a: Skarmory
|-heal|p1a: Skarmory|195\/334
|
|-weather|RainDance|[upkeep]
|-heal|p2a: Tentacruel|267\/364|[from] ability: Rain Dish
|-heal|p2a: Tentacruel|289\/364|[from] item: Black Sludge
|-heal|p1a: Skarmory|215\/334|[from] item: Leftovers
|-damage|p1a: Skarmory|174\/334|[from] Leech Seed|[of] p2a: Tentacruel
|-heal|p2a: Tentacruel|330\/364|[silent]
|turn|38
|
|move|p2a: Tentacruel|Rapid Spin|p1a: Skarmory
|-resisted|p1a: Skarmory
|-damage|p1a: Skarmory|170\/334
|-sideend|p2: Seiya|Spikes|[from] move: Rapid Spin|[of] p2a: Tentacruel
|-sideend|p2: Seiya|Stealth Rock|[from] move: Rapid Spin|[of] p2a: Tentacruel
|move|p1a: Skarmory|Whirlwind|p2a: Tentacruel
|drag|p2a: Politoed|Politoed, M, shiny|288\/384
|
|-weather|RainDance|[upkeep]
|-heal|p2a: Politoed|312\/384|[from] item: Leftovers
|-heal|p1a: Skarmory|190\/334|[from] item: Leftovers
|-damage|p1a: Skarmory|149\/334|[from] Leech Seed|[of] p2a: Politoed
|-heal|p2a: Politoed|353\/384|[silent]
|turn|39
|c|âSeiya|eu vi
|
|switch|p1a: Rotom-Wash|Rotom-Wash|219\/304 par
|-damage|p1a: Rotom-Wash|181\/304 par|[from] Stealth Rock
|move|p2a: Politoed|Scald|p1a: Rotom-Wash
|-resisted|p1a: Rotom-Wash
|-damage|p1a: Rotom-Wash|124\/304 par
|
|-weather|RainDance|[upkeep]
|-heal|p2a: Politoed|377\/384|[from] item: Leftovers
|-heal|p1a: Rotom-Wash|143\/304 par|[from] item: Leftovers
|turn|40
|c|âSeiya|ia te fala 
|c| Zonaraitor|wish
|
|move|p2a: Politoed|Protect|p2a: Politoed
|-singleturn|p2a: Politoed|Protect
|move|p1a: Rotom-Wash|Pain Split|p2a: Politoed
|-activate|p2a: Politoed|Protect
|
|-weather|RainDance|[upkeep]
|-heal|p2a: Politoed|384\/384|[from] item: Leftovers
|-heal|p1a: Rotom-Wash|162\/304 par|[from] item: Leftovers
|turn|41
|
|switch|p2a: Ferrothorn|Ferrothorn, F|327\/352
|move|p1a: Rotom-Wash|Pain Split|p2a: Ferrothorn
|-sethp|p2a: Ferrothorn|244\/352|p1a: Rotom-Wash|244\/304 par|[from] move: Pain Split
|
|-weather|RainDance|[upkeep]
|-heal|p1a: Rotom-Wash|263\/304 par|[from] item: Leftovers
|turn|42
|
|move|p2a: Ferrothorn|Leech Seed|p1a: Rotom-Wash
|-start|p1a: Rotom-Wash|move: Leech Seed
|cant|p1a: Rotom-Wash|par
|
|-weather|RainDance|[upkeep]
|-heal|p1a: Rotom-Wash|282\/304 par|[from] item: Leftovers
|-damage|p1a: Rotom-Wash|244\/304 par|[from] Leech Seed|[of] p2a: Ferrothorn
|-heal|p2a: Ferrothorn|282\/352|[silent]
|turn|43
|
|move|p2a: Ferrothorn|Protect|p2a: Ferrothorn
|-singleturn|p2a: Ferrothorn|Protect
|move|p1a: Rotom-Wash|Will-O-Wisp|p2a: Ferrothorn
|-activate|p2a: Ferrothorn|Protect
|
|-weather|RainDance|[upkeep]
|-heal|p1a: Rotom-Wash|263\/304 par|[from] item: Leftovers
|-damage|p1a: Rotom-Wash|225\/304 par|[from] Leech Seed|[of] p2a: Ferrothorn
|-heal|p2a: Ferrothorn|320\/352|[silent]
|turn|44
|c| Zonaraitor|o Red Skies
|
|switch|p2a: Gliscor|Gliscor, F|306\/314 tox
|move|p1a: Rotom-Wash|Will-O-Wisp|p2a: Gliscor
|-fail|p2a: Gliscor
|
|-weather|RainDance|[upkeep]
|-heal|p1a: Rotom-Wash|244\/304 par|[from] item: Leftovers
|-damage|p1a: Rotom-Wash|206\/304 par|[from] Leech Seed|[of] p2a: Gliscor
|-heal|p2a: Gliscor|314\/314 tox|[silent]
|turn|45
|
|switch|p1a: Skarmory|Skarmory, M|149\/334
|-damage|p1a: Skarmory|108\/334|[from] Stealth Rock
|move|p2a: Gliscor|Protect|p2a: Gliscor
|-fail|p2a: Gliscor
|
|-weather|RainDance|[upkeep]
|-heal|p1a: Skarmory|128\/334|[from] item: Leftovers
|turn|46
|
|switch|p1a: Landorus-Therian|Landorus-Therian, M|178\/381
|-damage|p1a: Landorus-Therian|131\/381|[from] Stealth Rock
|-ability|p1a: Landorus-Therian|Intimidate|[of] p2a: Gliscor
|-unboost|p2a: Gliscor|atk|1
|move|p2a: Gliscor|Taunt|p1a: Landorus-Therian
|-start|p1a: Landorus-Therian|move: Taunt
|
|-weather|RainDance|[upkeep]
|-heal|p1a: Landorus-Therian|154\/381|[from] item: Leftovers
|turn|47
|
|move|p2a: Gliscor|Stone Edge|p1a: Landorus-Therian
|-crit|p1a: Landorus-Therian
|-damage|p1a: Landorus-Therian|3\/381
|move|p1a: Landorus-Therian|Hidden Power|p2a: Gliscor
|-supereffective|p2a: Gliscor
|-damage|p2a: Gliscor|14\/314 tox
|
|-weather|RainDance|[upkeep]
|-heal|p1a: Landorus-Therian|26\/381|[from] item: Leftovers
|-heal|p2a: Gliscor|53\/314 tox|[from] ability: Poison Heal
|turn|48
|c| Zonaraitor|vc podia colocar heal bell no Reuniclus pra tira BRN,PAR,FRZ etc
|c|âRed Skies|hmm
|c|âRed Skies|Tu Ã© da blast nÃ©?
|
|move|p2a: Gliscor|Stone Edge|p1a: Landorus-Therian|[miss]
|-miss|p2a: Gliscor|p1a: Landorus-Therian
|move|p1a: Landorus-Therian|Hidden Power|p2a: Gliscor
|-supereffective|p2a: Gliscor
|-damage|p2a: Gliscor|0 fnt
|faint|p2a: Gliscor
|
|-weather|RainDance|[upkeep]
|-heal|p1a: Landorus-Therian|49\/381|[from] item: Leftovers
|c| Zonaraitor|nÃ£o so curto ela :u:
|
|switch|p2a: Jirachi|Jirachi|185\/404
|turn|49
|c|âRed Skies|Saquei
|c|âRed Skies|n_n
|c|âSeiya|oque  ?
|
|switch|p1a: Rotom-Wash|Rotom-Wash|206\/304 par
|-damage|p1a: Rotom-Wash|168\/304 par|[from] Stealth Rock
|move|p2a: Jirachi|Substitute|p2a: Jirachi
|-start|p2a: Jirachi|Substitute
|-damage|p2a: Jirachi|84\/404
|
|-weather|RainDance|[upkeep]
|-heal|p2a: Jirachi|109\/404|[from] item: Leftovers
|-heal|p1a: Rotom-Wash|187\/304 par|[from] item: Leftovers
|turn|50
|
|move|p2a: Jirachi|Calm Mind|p2a: Jirachi
|-boost|p2a: Jirachi|spa|1
|-boost|p2a: Jirachi|spd|1
|move|p1a: Rotom-Wash|Hydro Pump|p2a: Jirachi
|-end|p2a: Jirachi|Substitute
|
|-weather|RainDance|[upkeep]
|-heal|p2a: Jirachi|134\/404|[from] item: Leftovers
|-heal|p1a: Rotom-Wash|206\/304 par|[from] item: Leftovers
|turn|51
|
|move|p2a: Jirachi|Substitute|p2a: Jirachi
|-start|p2a: Jirachi|Substitute
|-damage|p2a: Jirachi|33\/404
|move|p1a: Rotom-Wash|Hydro Pump|p2a: Jirachi
|-end|p2a: Jirachi|Substitute
|
|-weather|RainDance|[upkeep]
|-heal|p2a: Jirachi|58\/404|[from] item: Leftovers
|-heal|p1a: Rotom-Wash|225\/304 par|[from] item: Leftovers
|turn|52
|
|move|p2a: Jirachi|Thunder|p1a: Rotom-Wash
|-damage|p1a: Rotom-Wash|106\/304 par
|move|p1a: Rotom-Wash|Hydro Pump|p2a: Jirachi
|-damage|p2a: Jirachi|0 fnt
|faint|p2a: Jirachi
|
|-weather|RainDance|[upkeep]
|-heal|p1a: Rotom-Wash|125\/304 par|[from] item: Leftovers
|c|âSeiya|cara oque ta fodendo eo atk
|c|âSeiya|q faltou
|c|âSeiya|vini ship
|
|switch|p2a: Tentacruel|Tentacruel, M, shiny|330\/364
|turn|53
|c|âRed Skies|Power whip
|c|âSeiya|s
|c|âSeiya|ja era para ter dado GG
|
|move|p2a: Tentacruel|Substitute|p2a: Tentacruel
|-start|p2a: Tentacruel|Substitute
|-damage|p2a: Tentacruel|239\/364
|cant|p1a: Rotom-Wash|par
|
|-weather|RainDance|[upkeep]
|-heal|p2a: Tentacruel|261\/364|[from] ability: Rain Dish
|-heal|p2a: Tentacruel|283\/364|[from] item: Black Sludge
|-heal|p1a: Rotom-Wash|144\/304 par|[from] item: Leftovers
|turn|54
|c| Zonaraitor|se continuar assim vc falha ao usar o substitute com pouca vida pq se fosse assim seu pokemon morria
|
|move|p2a: Tentacruel|Rapid Spin|p1a: Rotom-Wash
|-damage|p1a: Rotom-Wash|136\/304 par
|move|p1a: Rotom-Wash|Volt Switch|p2a: Tentacruel
|-supereffective|p2a: Tentacruel
|-end|p2a: Tentacruel|Substitute
|c|âRed Skies|Tu deve ser um grande mestre pokemon Zonaraitor
|c|âSeiya|kkkkkkkkkkkkkk
|
|switch|p1a: Skarmory|Skarmory, M|128\/334
|-damage|p1a: Skarmory|87\/334|[from] Stealth Rock
|
|-weather|RainDance|[upkeep]
|-heal|p2a: Tentacruel|305\/364|[from] ability: Rain Dish
|-heal|p2a: Tentacruel|327\/364|[from] item: Black Sludge
|-heal|p1a: Skarmory|107\/334|[from] item: Leftovers
|turn|55
|c| Zonaraitor|troca pro landorus k
|
|move|p2a: Tentacruel|Scald|p1a: Skarmory
|-crit|p1a: Skarmory
|-damage|p1a: Skarmory|0 fnt
|faint|p1a: Skarmory
|
|-weather|RainDance|[upkeep]
|-heal|p2a: Tentacruel|349\/364|[from] ability: Rain Dish
|-heal|p2a: Tentacruel|364\/364|[from] item: Black Sludge
|
|switch|p1a: Landorus-Therian|Landorus-Therian, M|49\/381
|-damage|p1a: Landorus-Therian|2\/381|[from] Stealth Rock
|-ability|p1a: Landorus-Therian|Intimidate|[of] p2a: Tentacruel
|-unboost|p2a: Tentacruel|atk|1
|turn|56
|c| Zonaraitor|na sorte
|
|move|p2a: Tentacruel|Scald|p1a: Landorus-Therian
|-supereffective|p1a: Landorus-Therian
|-damage|p1a: Landorus-Therian|0 fnt
|faint|p1a: Landorus-Therian
|
|-weather|RainDance|[upkeep]
|
|switch|p1a: Rotom-Wash|Rotom-Wash|136\/304 par
|-damage|p1a: Rotom-Wash|98\/304 par|[from] Stealth Rock
|turn|57
|c| Zonaraitor|usa earthquake -.-'
|
|switch|p2a: Ferrothorn|Ferrothorn, F|320\/352
|move|p1a: Rotom-Wash|Volt Switch|p2a: Ferrothorn
|-resisted|p2a: Ferrothorn
|-damage|p2a: Ferrothorn|281\/352
|
|-weather|RainDance|[upkeep]
|-heal|p1a: Rotom-Wash|117\/304 par|[from] item: Leftovers
|turn|58
|c|âSeiya|Strugle ?
|
|move|p2a: Ferrothorn|Leech Seed|p1a: Rotom-Wash
|-start|p1a: Rotom-Wash|move: Leech Seed
|move|p1a: Rotom-Wash|Will-O-Wisp|p2a: Ferrothorn
|-status|p2a: Ferrothorn|brn
|
|-weather|RainDance|[upkeep]
|-heal|p1a: Rotom-Wash|136\/304 par|[from] item: Leftovers
|-damage|p1a: Rotom-Wash|98\/304 par|[from] Leech Seed|[of] p2a: Ferrothorn
|-heal|p2a: Ferrothorn|319\/352 brn|[silent]
|-damage|p2a: Ferrothorn|275\/352 brn|[from] brn
|turn|59
|
|move|p2a: Ferrothorn|Protect|p2a: Ferrothorn
|-singleturn|p2a: Ferrothorn|Protect
|move|p1a: Rotom-Wash|Pain Split|p2a: Ferrothorn
|-activate|p2a: Ferrothorn|Protect
|
|-weather|RainDance|[upkeep]
|-heal|p1a: Rotom-Wash|117\/304 par|[from] item: Leftovers
|-damage|p1a: Rotom-Wash|79\/304 par|[from] Leech Seed|[of] p2a: Ferrothorn
|-heal|p2a: Ferrothorn|313\/352 brn|[silent]
|-damage|p2a: Ferrothorn|269\/352 brn|[from] brn
|turn|60
|
|switch|p2a: Politoed|Politoed, M, shiny|384\/384
|move|p1a: Rotom-Wash|Pain Split|p2a: Politoed
|-sethp|p2a: Politoed|231\/384|p1a: Rotom-Wash|231\/304 par|[from] move: Pain Split
|
|-weather|RainDance|[upkeep]
|-heal|p2a: Politoed|255\/384|[from] item: Leftovers
|-heal|p1a: Rotom-Wash|250\/304 par|[from] item: Leftovers
|-damage|p1a: Rotom-Wash|212\/304 par|[from] Leech Seed|[of] p2a: Politoed
|-heal|p2a: Politoed|293\/384|[silent]
|turn|61
|c| Zonaraitor|e q ground e super efetivo contra tentacruel por que ele tb e poison por isso
|c|âRed Skies|Perish song
|
|move|p2a: Politoed|Perish Song|p2a: Politoed
|-fieldactivate|move: Perish Song
|move|p1a: Rotom-Wash|Volt Switch|p2a: Politoed
|-supereffective|p2a: Politoed
|-damage|p2a: Politoed|123\/384
|
|-start|p2a: Politoed|perish3
|-start|p1a: Rotom-Wash|perish3
|-weather|RainDance|[upkeep]
|-heal|p2a: Politoed|147\/384|[from] item: Leftovers
|-heal|p1a: Rotom-Wash|231\/304 par|[from] item: Leftovers
|-damage|p1a: Rotom-Wash|193\/304 par|[from] Leech Seed|[of] p2a: Politoed
|-heal|p2a: Politoed|185\/384|[silent]
|turn|62
|c|âSeiya|ss
|c|âRed Skies|Boa
|c|âRed Skies|Gostei
|
|move|p2a: Politoed|Protect|p2a: Politoed
|-singleturn|p2a: Politoed|Protect
|cant|p1a: Rotom-Wash|par
|
|-start|p2a: Politoed|perish2
|-start|p1a: Rotom-Wash|perish2
|-weather|RainDance|[upkeep]
|-heal|p2a: Politoed|209\/384|[from] item: Leftovers
|-heal|p1a: Rotom-Wash|212\/304 par|[from] item: Leftovers
|-damage|p1a: Rotom-Wash|174\/304 par|[from] Leech Seed|[of] p2a: Politoed
|-heal|p2a: Politoed|247\/384|[silent]
|turn|63
|c| Zonaraitor|ja era red :\/
|c|âSeiya|fora isso
|c|âSeiya|como eu to jogando 
|c|âSeiya|?
|c|âRed Skies|Tu podia ter ganho o jogo muito antes
|c|âSeiya|perdi a pratica
|c|âRed Skies|Com o Jirachi
|c|âSeiya|obvio
|
|switch|p2a: Ferrothorn|Ferrothorn, F|269\/352 brn
|move|p1a: Rotom-Wash|Volt Switch|p2a: Ferrothorn
|-resisted|p2a: Ferrothorn
|-damage|p2a: Ferrothorn|228\/352 brn
|
|-start|p1a: Rotom-Wash|perish1
|-weather|RainDance|[upkeep]
|-heal|p1a: Rotom-Wash|193\/304 par|[from] item: Leftovers
|-damage|p1a: Rotom-Wash|155\/304 par|[from] Leech Seed|[of] p2a: Ferrothorn
|-heal|p2a: Ferrothorn|266\/352 brn|[silent]
|-damage|p2a: Ferrothorn|222\/352 brn|[from] brn
|turn|64
|c|âSeiya|mais  faltou skill
|c| Zonaraitor|conheÃ§o o move seu poke morre em 3 turnos e o do oponente tb no proximo turno o rotom morre
|c|âRed Skies|Verdade
|c|âRed Skies|Gostei do time
|c|âSeiya|pega o log
|c|âSeiya|e mostra os meninos la 
|c|âSeiya|ve oq eles acham
|
|move|p2a: Ferrothorn|Leech Seed|p1a: Rotom-Wash|[miss]
|-miss|p2a: Ferrothorn|p1a: Rotom-Wash
|cant|p1a: Rotom-Wash|par
|
|-start|p1a: Rotom-Wash|perish0
|-weather|RainDance|[upkeep]
|-damage|p2a: Ferrothorn|178\/352 brn|[from] brn
|faint|p1a: Rotom-Wash
|
|win|Seiya
|c| Zonaraitor|morreu quer ver sem atakar