|join|BigSpore
|join|Red Skies
|player|p1|BigSpore|93
|player|p2|Red Skies|64
|gametype|singles
|gen|6
|tier|OU
|rated
|clearpoke
|poke|p1|Landorus-Therian, M, shiny
|poke|p1|Latias, F
|poke|p1|Rotom-Wash
|poke|p1|Medicham, F, shiny
|poke|p1|Scizor, M, shiny
|poke|p1|Gengar, F, shiny
|poke|p2|Mamoswine, M
|poke|p2|Latios, M
|poke|p2|Azumarill, M
|poke|p2|Magnezone
|poke|p2|Heracross, M
|poke|p2|Tyranitar, M
|rule|Swagger Clause: Swagger is banned
|rule|Baton Pass Clause: Limit one PokÃ©mon knowing Baton Pass
|rule|Sleep Clause Mod: Limit one foe put to sleep
|rule|Species Clause: Limit one of each PokÃ©mon
|rule|OHKO Clause: OHKO moves are banned
|rule|Moody Clause: Moody is banned
|rule|Evasion Moves Clause: Evasion moves are banned
|rule|Endless Battle Clause: Forcing endless battles is banned
|rule|HP Percentage Mod: HP is shown in percentages
|teampreview
|
|start
|switch|p1a: FUZZ WUZZ|Rotom-Wash|241\/241
|switch|p2a: Latios|Latios, M|301\/301
|turn|1
|
|move|p1a: FUZZ WUZZ|Hidden Power|p2a: Latios
|-supereffective|p2a: Latios
|-damage|p2a: Latios|189\/301
|move|p2a: Latios|Draco Meteor|p1a: FUZZ WUZZ
|-damage|p1a: FUZZ WUZZ|0 fnt
|-unboost|p2a: Latios|spa|2
|faint|p1a: FUZZ WUZZ
|
|
|switch|p1a: LIME|Scizor, M, shiny|343\/343
|turn|2
|
|switch|p2a: Tyranitar|Tyranitar, M|404\/404
|-weather|Sandstorm
|move|p1a: LIME|U-turn|p2a: Tyranitar
|-supereffective|p2a: Tyranitar
|-damage|p2a: Tyranitar|8\/404
|
|switch|p1a: Tittylegs|Medicham, F, shiny|265\/265
|
|-weather|Sandstorm|[upkeep]
|-damage|p1a: Tittylegs|249\/265|[from] sandstorm
|-heal|p2a: Tyranitar|33\/404|[from] item: Leftovers
|turn|3
|
|detailschange|p1a: Tittylegs|Medicham-Mega, F, shiny
|message|Medicham has Mega Evolved into Mega Medicham!
|move|p1a: Tittylegs|Fake Out|p2a: Tyranitar
|-resisted|p2a: Tyranitar
|-damage|p2a: Tyranitar|0 fnt
|faint|p2a: Tyranitar
|
|-weather|Sandstorm|[upkeep]
|-damage|p1a: Tittylegs|233\/265|[from] sandstorm
|
|switch|p2a: Latios|Latios, M|189\/301
|turn|4
|
|switch|p2a: Magnezone|Magnezone|282\/282
|switch|p1a: LIME|Scizor, M, shiny|343\/343
|
|-weather|Sandstorm|[upkeep]
|turn|5
|
|move|p2a: Magnezone|Hidden Power|p1a: LIME
|-supereffective|p1a: LIME
|-damage|p1a: LIME|0 fnt
|faint|p1a: LIME
|
|-weather|Sandstorm|[upkeep]
|
|switch|p1a: Yogurt|Landorus-Therian, M, shiny|382\/382
|-ability|p1a: Yogurt|Intimidate|[of] p2a: Magnezone
|-unboost|p2a: Magnezone|atk|1
|turn|6
|
|switch|p2a: Azumarill|Azumarill, M|404\/404
|move|p1a: Yogurt|U-turn|p2a: Azumarill
|-resisted|p2a: Azumarill
|-damage|p2a: Azumarill|357\/404
|
|switch|p1a: Poe|Gengar, F, shiny|273\/273
|
|-weather|none
|turn|7
|
|move|p1a: Poe|Substitute|p1a: Poe
|-start|p1a: Poe|Substitute
|-damage|p1a: Poe|205\/273
|move|p2a: Azumarill|Knock Off|p1a: Poe
|-supereffective|p1a: Poe
|-end|p1a: Poe|Substitute
|
|-heal|p1a: Poe|222\/273|[from] item: Black Sludge
|turn|8
|
|switch|p1a: Yogurt|Landorus-Therian, M, shiny|382\/382
|-ability|p1a: Yogurt|Intimidate|[of] p2a: Azumarill
|-unboost|p2a: Azumarill|atk|1
|move|p2a: Azumarill|Knock Off|p1a: Yogurt
|-damage|p1a: Yogurt|310\/382
|-enditem|p1a: Yogurt|Leftovers|[from] move: Knock Off|[of] p2a: Azumarill
|
|turn|9
|
|move|p1a: Yogurt|Stealth Rock|p2a: Azumarill
|-sidestart|p2: Red Skies|move: Stealth Rock
|move|p2a: Azumarill|Waterfall|p1a: Yogurt
|-supereffective|p1a: Yogurt
|-damage|p1a: Yogurt|130\/382
|
|turn|10
|
|move|p1a: Yogurt|Earthquake|p2a: Azumarill
|-damage|p2a: Azumarill|161\/404
|move|p2a: Azumarill|Waterfall|p1a: Yogurt
|-supereffective|p1a: Yogurt
|-damage|p1a: Yogurt|0 fnt
|faint|p1a: Yogurt
|
|
|switch|p1a: Tittylegs|Medicham-Mega, F, shiny|233\/265
|turn|11
|
|move|p1a: Tittylegs|Fake Out|p2a: Azumarill
|-damage|p2a: Azumarill|54\/404
|cant|p2a: Azumarill|flinch
|
|turn|12
|
|move|p1a: Tittylegs|Bullet Punch|p2a: Azumarill
|-damage|p2a: Azumarill|0 fnt
|faint|p2a: Azumarill
|
|
|switch|p2a: Latios|Latios, M|189\/301
|-damage|p2a: Latios|152\/301|[from] Stealth Rock
|turn|13
|
|switch|p1a: Strawberry|Latias, F|319\/319
|move|p2a: Latios|Draco Meteor|p1a: Strawberry|[miss]
|-miss|p2a: Latios|p1a: Strawberry
|
|turn|14
|
|switch|p2a: Magnezone|Magnezone|282\/282
|-damage|p2a: Magnezone|265\/282|[from] Stealth Rock
|move|p1a: Strawberry|Draco Meteor|p2a: Magnezone|[miss]
|-miss|p1a: Strawberry|p2a: Magnezone
|
|turn|15
|c|âBigSpore|tfw draco meteor misses
|
|move|p2a: Magnezone|Flash Cannon|p1a: Strawberry
|-damage|p1a: Strawberry|207\/319
|move|p1a: Strawberry|Draco Meteor|p2a: Magnezone
|-crit|p2a: Magnezone
|-resisted|p2a: Magnezone
|-damage|p2a: Magnezone|70\/282
|-unboost|p1a: Strawberry|spa|2
|-damage|p1a: Strawberry|176\/319|[from] item: Life Orb
|
|turn|16
|
|move|p2a: Magnezone|Flash Cannon|p1a: Strawberry
|-damage|p1a: Strawberry|64\/319
|move|p1a: Strawberry|Roost|p1a: Strawberry
|-heal|p1a: Strawberry|224\/319
|
|turn|17
|
|move|p2a: Magnezone|Flash Cannon|p1a: Strawberry
|-damage|p1a: Strawberry|100\/319
|-unboost|p1a: Strawberry|spd|1
|move|p1a: Strawberry|Roost|p1a: Strawberry
|-heal|p1a: Strawberry|260\/319
|
|turn|18
|
|move|p2a: Magnezone|Flash Cannon|p1a: Strawberry
|-damage|p1a: Strawberry|101\/319
|move|p1a: Strawberry|Draco Meteor|p2a: Magnezone
|-resisted|p2a: Magnezone
|-damage|p2a: Magnezone|0 fnt
|-unboost|p1a: Strawberry|spa|2
|-damage|p1a: Strawberry|70\/319|[from] item: Life Orb
|faint|p2a: Magnezone
|
|
|switch|p2a: Mamoswine|Mamoswine, M|362\/362
|-damage|p2a: Mamoswine|317\/362|[from] Stealth Rock
|turn|19
|
|move|p2a: Mamoswine|Ice Shard|p1a: Strawberry
|-supereffective|p1a: Strawberry
|-damage|p1a: Strawberry|0 fnt
|-damage|p2a: Mamoswine|281\/362|[from] item: Life Orb
|faint|p1a: Strawberry
|
|
|switch|p1a: Tittylegs|Medicham-Mega, F, shiny|233\/265
|turn|20
|
|move|p1a: Tittylegs|Fake Out|p2a: Mamoswine
|-damage|p2a: Mamoswine|176\/362
|cant|p2a: Mamoswine|flinch
|
|turn|21
|
|move|p2a: Mamoswine|Ice Shard|p1a: Tittylegs
|-damage|p1a: Tittylegs|124\/265
|-damage|p2a: Mamoswine|140\/362|[from] item: Life Orb
|move|p1a: Tittylegs|Zen Headbutt|p2a: Mamoswine
|-damage|p2a: Mamoswine|0 fnt
|faint|p2a: Mamoswine
|
|
|switch|p2a: Latios|Latios, M|152\/301
|-damage|p2a: Latios|115\/301|[from] Stealth Rock
|turn|22
|
|switch|p1a: Poe|Gengar, F, shiny|222\/273
|move|p2a: Latios|Psyshock|p1a: Poe
|-crit|p1a: Poe
|-supereffective|p1a: Poe
|-damage|p1a: Poe|0 fnt
|faint|p1a: Poe
|
|
|switch|p1a: Tittylegs|Medicham-Mega, F, shiny|124\/265
|turn|23
|
|switch|p2a: Heracross|Heracross, M|325\/325
|-damage|p2a: Heracross|285\/325|[from] Stealth Rock
|move|p1a: Tittylegs|Fake Out|p2a: Heracross
|-damage|p2a: Heracross|180\/325
|
|turn|24
|
|detailschange|p2a: Heracross|Heracross-Mega, M
|message|Heracross has Mega Evolved into Mega Heracross!
|move|p1a: Tittylegs|Zen Headbutt|p2a: Heracross
|-supereffective|p2a: Heracross
|-damage|p2a: Heracross|0 fnt
|faint|p2a: Heracross
|
|
|switch|p2a: Latios|Latios, M|115\/301
|-damage|p2a: Latios|78\/301|[from] Stealth Rock
|turn|25
|c|âBigSpore|gg m8
|
|move|p1a: Tittylegs|Bullet Punch|p2a: Latios
|-damage|p2a: Latios|0 fnt
|faint|p2a: Latios
|
|win|BigSpore
|raw|Ladder updating...
|raw|BigSpore's rating: 1735 &rarr; <strong>1751<\/strong><br \/>(+16 for winning)
|raw|Red Skies's rating: 1676 &rarr; <strong>1659<\/strong><br \/>(-17 for losing)
|c|âRed Skies|gg
|leave|Red Skies
|player|p2
|leave|BigSpore
|player|p1
|join|BigSpore