|join|CheckmateWeee
|join|Red Skies
|player|p1|CheckmateWeee|101
|player|p2|Red Skies|64
|gametype|singles
|gen|6
|tier|OU
|rated
|clearpoke
|poke|p1|Gyarados, M
|poke|p1|Talonflame, M
|poke|p1|Zapdos
|poke|p1|Gliscor, M
|poke|p1|Jirachi
|poke|p1|Kyurem-Black
|poke|p2|Slowbro, F
|poke|p2|Venusaur, F
|poke|p2|Heatran, M
|poke|p2|Keldeo-Resolute
|poke|p2|Latios, M
|poke|p2|Diggersby, F
|rule|Swagger Clause: Swagger is banned
|rule|Baton Pass Clause: Limit one PokÃ©mon knowing Baton Pass
|rule|Sleep Clause Mod: Limit one foe put to sleep
|rule|Species Clause: Limit one of each PokÃ©mon
|rule|OHKO Clause: OHKO moves are banned
|rule|Moody Clause: Moody is banned
|rule|Evasion Moves Clause: Evasion moves are banned
|rule|Endless Battle Clause: Forcing endless battles is banned
|rule|HP Percentage Mod: HP is shown in percentages
|teampreview
|
|start
|switch|p1a: Zapdos|Zapdos|384\/384
|switch|p2a: Latios|Latios, M|310\/310
|-ability|p1a: Zapdos|Pressure
|turn|1
|
|move|p2a: Latios|Draco Meteor|p1a: Zapdos|[miss]
|-miss|p2a: Latios|p1a: Zapdos
|move|p1a: Zapdos|Roost|p1a: Zapdos
|-fail|p1a: Zapdos
|
|turn|2
|
|move|p2a: Latios|Psyshock|p1a: Zapdos
|-damage|p1a: Zapdos|223\/384
|-damage|p2a: Latios|279\/310|[from] item: Life Orb
|move|p1a: Zapdos|Thunderbolt|p2a: Latios
|-resisted|p2a: Latios
|-damage|p2a: Latios|217\/310
|
|-heal|p1a: Zapdos|247\/384|[from] item: Leftovers
|turn|3
|
|move|p2a: Latios|Draco Meteor|p1a: Zapdos
|-damage|p1a: Zapdos|0 fnt
|-unboost|p2a: Latios|spa|2
|-damage|p2a: Latios|186\/310|[from] item: Life Orb
|faint|p1a: Zapdos
|
|
|switch|p1a: Gyarados|Gyarados, M|331\/331
|-ability|p1a: Gyarados|Intimidate|[of] p2a: Latios
|-unboost|p2a: Latios|atk|1
|turn|4
|
|switch|p2a: Slowbro|Slowbro, F|394\/394
|move|p1a: Gyarados|Crunch|p2a: Slowbro
|-supereffective|p2a: Slowbro
|-damage|p2a: Slowbro|248\/394
|-unboost|p2a: Slowbro|def|1
|
|-heal|p2a: Slowbro|272\/394|[from] item: Leftovers
|turn|5
|
|switch|p2a: Venusaur|Venusaur, F|364\/364
|move|p1a: Gyarados|Crunch|p2a: Venusaur
|-damage|p2a: Venusaur|276\/364
|
|turn|6
|
|detailschange|p2a: Venusaur|Venusaur-Mega, F
|message|Venusaur has Mega Evolved into Mega Venusaur!
|move|p1a: Gyarados|Taunt|p2a: Venusaur
|-start|p2a: Venusaur|move: Taunt
|cant|p2a: Venusaur|move: Taunt|Leech Seed
|
|turn|7
|
|switch|p1a: Kyurem-Black|Kyurem-Black|413\/413
|-ability|p1a: Kyurem-Black|Teravolt
|move|p2a: Venusaur|Giga Drain|p1a: Kyurem-Black
|-resisted|p1a: Kyurem-Black
|-damage|p1a: Kyurem-Black|344\/413
|-heal|p2a: Venusaur|311\/364|[from] drain|[of] p1a: Kyurem-Black
|
|turn|8
|
|switch|p2a: Slowbro|Slowbro, F|394\/394
|move|p1a: Kyurem-Black|Fusion Bolt|p2a: Slowbro
|-supereffective|p2a: Slowbro
|-damage|p2a: Slowbro|163\/394
|-damage|p1a: Kyurem-Black|303\/413|[from] item: Life Orb
|
|-heal|p2a: Slowbro|187\/394|[from] item: Leftovers
|turn|9
|
|switch|p2a: Heatran|Heatran, M|386\/386
|move|p1a: Kyurem-Black|Earth Power|p2a: Heatran
|-supereffective|p2a: Heatran
|-damage|p2a: Heatran|6\/386
|-damage|p1a: Kyurem-Black|262\/413|[from] item: Life Orb
|
|-heal|p2a: Heatran|30\/386|[from] item: Leftovers
|turn|10
|
|move|p1a: Kyurem-Black|Ice Beam|p2a: Heatran
|-resisted|p2a: Heatran
|-damage|p2a: Heatran|0 fnt
|-damage|p1a: Kyurem-Black|221\/413|[from] item: Life Orb
|faint|p2a: Heatran
|
|
|switch|p2a: Latios|Latios, M|186\/310
|turn|11
|
|switch|p1a: Jirachi|Jirachi|341\/341
|move|p2a: Latios|Earthquake|p1a: Jirachi
|-crit|p1a: Jirachi
|-supereffective|p1a: Jirachi
|-damage|p1a: Jirachi|60\/341
|-damage|p2a: Latios|155\/310|[from] item: Life Orb
|
|turn|12
|
|switch|p2a: Keldeo-Resolute|Keldeo-Resolute|322\/322
|move|p1a: Jirachi|U-turn|p2a: Keldeo-Resolute
|-resisted|p2a: Keldeo-Resolute
|-damage|p2a: Keldeo-Resolute|286\/322
|
|switch|p1a: Talonflame|Talonflame, M|345\/345
|
|turn|13
|
|switch|p2a: Slowbro|Slowbro, F|318\/394
|move|p1a: Talonflame|Brave Bird|p2a: Slowbro
|-damage|p2a: Slowbro|174\/394
|-damage|p1a: Talonflame|297\/345|[from] recoil|[of] p2a: Slowbro
|
|-heal|p2a: Slowbro|198\/394|[from] item: Leftovers
|turn|14
|
|switch|p1a: Kyurem-Black|Kyurem-Black|221\/413
|-ability|p1a: Kyurem-Black|Teravolt
|move|p2a: Slowbro|Toxic|p1a: Kyurem-Black
|-status|p1a: Kyurem-Black|tox
|
|-heal|p2a: Slowbro|222\/394|[from] item: Leftovers
|-damage|p1a: Kyurem-Black|196\/413 tox|[from] psn
|turn|15
|
|switch|p2a: Venusaur|Venusaur-Mega, F|311\/364
|move|p1a: Kyurem-Black|Roost|p1a: Kyurem-Black
|-heal|p1a: Kyurem-Black|403\/413 tox
|
|-damage|p1a: Kyurem-Black|353\/413 tox|[from] psn
|turn|16
|
|move|p1a: Kyurem-Black|Ice Beam|p2a: Venusaur
|-supereffective|p2a: Venusaur
|-damage|p2a: Venusaur|0 fnt
|-damage|p1a: Kyurem-Black|312\/413 tox|[from] item: Life Orb
|faint|p2a: Venusaur
|
|-damage|p1a: Kyurem-Black|237\/413 tox|[from] psn
|
|switch|p2a: Latios|Latios, M|155\/310
|turn|17
|
|switch|p1a: Gliscor|Gliscor, M|352\/352
|move|p2a: Latios|Draco Meteor|p1a: Gliscor
|-damage|p1a: Gliscor|60\/352
|-unboost|p2a: Latios|spa|2
|-damage|p2a: Latios|124\/310|[from] item: Life Orb
|
|-status|p1a: Gliscor|tox|[from] item: Toxic Orb
|turn|18
|
|move|p2a: Latios|Draco Meteor|p1a: Gliscor
|-damage|p1a: Gliscor|0 fnt
|-unboost|p2a: Latios|spa|2
|-damage|p2a: Latios|93\/310|[from] item: Life Orb
|faint|p1a: Gliscor
|
|
|switch|p1a: Gyarados|Gyarados, M|331\/331
|-ability|p1a: Gyarados|Intimidate|[of] p2a: Latios
|-unboost|p2a: Latios|atk|1
|turn|19
|
|switch|p2a: Keldeo-Resolute|Keldeo-Resolute|286\/322
|move|p1a: Gyarados|Dragon Dance|p1a: Gyarados
|-boost|p1a: Gyarados|atk|1
|-boost|p1a: Gyarados|spe|1
|
|turn|20
|
|move|p1a: Gyarados|Dragon Dance|p1a: Gyarados
|-boost|p1a: Gyarados|atk|1
|-boost|p1a: Gyarados|spe|1
|move|p2a: Keldeo-Resolute|Scald|p1a: Gyarados
|-resisted|p1a: Gyarados
|-damage|p1a: Gyarados|223\/331
|
|turn|21
|
|detailschange|p1a: Gyarados|Gyarados-Mega, M
|message|Gyarados has Mega Evolved into Mega Gyarados!
|-ability|p1a: Gyarados|Mold Breaker
|move|p1a: Gyarados|Waterfall|p2a: Keldeo-Resolute
|-resisted|p2a: Keldeo-Resolute
|-damage|p2a: Keldeo-Resolute|79\/322
|cant|p2a: Keldeo-Resolute|flinch
|
|turn|22
|
|move|p1a: Gyarados|Waterfall|p2a: Keldeo-Resolute
|-resisted|p2a: Keldeo-Resolute
|-damage|p2a: Keldeo-Resolute|0 fnt
|faint|p2a: Keldeo-Resolute
|
|
|switch|p2a: Slowbro|Slowbro, F|353\/394
|turn|23
|
|move|p1a: Gyarados|Crunch|p2a: Slowbro
|-supereffective|p2a: Slowbro
|-damage|p2a: Slowbro|0 fnt
|faint|p2a: Slowbro
|
|
|switch|p2a: Diggersby|Diggersby, F|312\/312
|turn|24
|-message|Red Skies forfeited.
|
|win|CheckmateWeee
|raw|Ladder updating...
|leave|Red Skies
|player|p2
|raw|CheckmateWeee's rating: 1655 &rarr; <strong>1679<\/strong><br \/>(+24 for winning)
|raw|Red Skies's rating: 1716 &rarr; <strong>1693<\/strong><br \/>(-23 for losing)