|join|Red Skies
|join|hey225
|player|p1|Red Skies|64
|player|p2|hey225|266
|gametype|singles
|gen|6
|tier|OU
|rated
|clearpoke
|poke|p1|Latias, F
|poke|p1|Landorus-Therian, M
|poke|p1|Charizard, M
|poke|p1|Tyranitar, M
|poke|p1|Heatran, M
|poke|p1|Clefable, M
|poke|p2|Sceptile, M
|poke|p2|Talonflame, M
|poke|p2|Conkeldurr, F
|poke|p2|Rotom-Wash
|poke|p2|Latios, M
|poke|p2|Bisharp, M
|rule|Swagger Clause: Swagger is banned
|rule|Baton Pass Clause: Limit one PokÃ©mon knowing Baton Pass
|rule|Sleep Clause Mod: Limit one foe put to sleep
|rule|Species Clause: Limit one of each PokÃ©mon
|rule|OHKO Clause: OHKO moves are banned
|rule|Moody Clause: Moody is banned
|rule|Evasion Moves Clause: Evasion moves are banned
|rule|Endless Battle Clause: Forcing endless battles is banned
|rule|HP Percentage Mod: HP is shown in percentages
|teampreview
|
|start
|switch|p1a: Charizard|Charizard, M|297\/297
|switch|p2a: Rotom-Wash|Rotom-Wash|304\/304
|turn|1
|
|detailschange|p1a: Charizard|Charizard-Mega-Y, M
|message|Charizard has Mega Evolved into Mega Charizard!
|-weather|SunnyDay
|move|p1a: Charizard|Solar Beam|p2a: Rotom-Wash|[still]
|-prepare|p1a: Charizard|Solar Beam|p2a: Rotom-Wash
|-anim|p1a: Charizard|Solar Beam|p2a: Rotom-Wash
|-supereffective|p2a: Rotom-Wash
|-damage|p2a: Rotom-Wash|0 fnt
|faint|p2a: Rotom-Wash
|
|-weather|SunnyDay|[upkeep]
|
|switch|p2a: Talonflame|Talonflame, M|298\/298
|turn|2
|
|switch|p1a: Tyranitar|Tyranitar, M|404\/404
|-weather|Sandstorm
|move|p2a: Talonflame|Will-O-Wisp|p1a: Tyranitar
|-status|p1a: Tyranitar|brn
|
|-weather|Sandstorm|[upkeep]
|-damage|p2a: Talonflame|280\/298|[from] Sandstorm
|-damage|p1a: Tyranitar|354\/404 brn|[from] brn
|turn|3
|
|move|p2a: Talonflame|U-turn|p1a: Tyranitar
|-supereffective|p1a: Tyranitar
|-damage|p1a: Tyranitar|230\/404 brn
|
|move|p1a: Tyranitar|Pursuit|p2a: Talonflame|[from]Pursuit
|-damage|p2a: Talonflame|133\/298
|switch|p2a: Sceptile|Sceptile, M|281\/281
|
|-weather|Sandstorm|[upkeep]
|-damage|p2a: Sceptile|264\/281|[from] Sandstorm
|-damage|p1a: Tyranitar|180\/404 brn|[from] brn
|turn|4
|
|switch|p1a: Clefable|Clefable, M|394\/394
|detailschange|p2a: Sceptile|Sceptile-Mega, M
|message|Sceptile has Mega Evolved into Mega Sceptile!
|move|p2a: Sceptile|Giga Drain|p1a: Clefable
|-damage|p1a: Clefable|249\/394
|-heal|p2a: Sceptile|281\/281|[from] drain|[of] p1a: Clefable
|
|-weather|Sandstorm|[upkeep]
|-damage|p2a: Sceptile|264\/281|[from] Sandstorm
|-damage|p1a: Clefable|225\/394|[from] Sandstorm
|-heal|p1a: Clefable|249\/394|[from] item: Leftovers
|turn|5
|
|switch|p2a: Bisharp|Bisharp, M|301\/301
|switch|p1a: Heatran|Heatran, M|386\/386
|
|-weather|Sandstorm|[upkeep]
|turn|6
|
|switch|p2a: Conkeldurr|Conkeldurr, F|414\/414
|move|p1a: Heatran|Stealth Rock|p2a: Conkeldurr
|-sidestart|p2: hey225|move: Stealth Rock
|
|-weather|none
|turn|7
|
|switch|p2a: Bisharp|Bisharp, M|301\/301
|-damage|p2a: Bisharp|283\/301|[from] Stealth Rock
|move|p1a: Heatran|Toxic|p2a: Bisharp
|-fail|p2a: Bisharp
|
|turn|8
|
|switch|p2a: Conkeldurr|Conkeldurr, F|414\/414
|-damage|p2a: Conkeldurr|389\/414|[from] Stealth Rock
|move|p1a: Heatran|Lava Plume|p2a: Conkeldurr
|-damage|p2a: Conkeldurr|266\/414
|
|turn|9
|
|switch|p1a: Clefable|Clefable, M|249\/394
|switch|p2a: Bisharp|Bisharp, M|283\/301
|-damage|p2a: Bisharp|265\/301|[from] Stealth Rock
|
|-heal|p1a: Clefable|273\/394|[from] item: Leftovers
|turn|10
|
|switch|p1a: Tyranitar|Tyranitar, M|180\/404 brn
|-weather|Sandstorm
|move|p2a: Bisharp|Swords Dance|p2a: Bisharp
|-boost|p2a: Bisharp|atk|2
|
|-weather|Sandstorm|[upkeep]
|-damage|p1a: Tyranitar|130\/404 brn|[from] brn
|turn|11
|
|move|p2a: Bisharp|Iron Head|p1a: Tyranitar
|-supereffective|p1a: Tyranitar
|-damage|p1a: Tyranitar|0 fnt
|-damage|p2a: Bisharp|235\/301|[from] item: Life Orb
|faint|p1a: Tyranitar
|
|-weather|Sandstorm|[upkeep]
|
|switch|p1a: Latias|Latias, F|317\/317
|turn|12
|
|move|p2a: Bisharp|Sucker Punch|p1a: Latias
|-fail|p1a: Latias
|move|p1a: Latias|Healing Wish|p1a: Latias
|faint|p1a: Latias
|
|-weather|Sandstorm|[upkeep]
|
|switch|p1a: Clefable|Clefable, M|273\/394
|-heal|p1a: Clefable|394\/394|[from] move: Healing Wish
|turn|13
|
|move|p2a: Bisharp|Iron Head|p1a: Clefable
|-supereffective|p1a: Clefable
|-damage|p1a: Clefable|12\/394
|-damage|p2a: Bisharp|205\/301|[from] item: Life Orb
|move|p1a: Clefable|Flamethrower|p2a: Bisharp
|-supereffective|p2a: Bisharp
|-damage|p2a: Bisharp|35\/301
|
|-weather|Sandstorm|[upkeep]
|-damage|p1a: Clefable|0 fnt|[from] Sandstorm
|faint|p1a: Clefable
|
|switch|p1a: Heatran|Heatran, M|386\/386
|turn|14
|
|move|p2a: Bisharp|Knock Off|p1a: Heatran
|-damage|p1a: Heatran|0 fnt
|-enditem|p1a: Heatran|Leftovers|[from] move: Knock Off|[of] p2a: Bisharp
|-damage|p2a: Bisharp|5\/301|[from] item: Life Orb
|faint|p1a: Heatran
|
|-weather|none
|
|switch|p1a: Charizard|Charizard-Mega-Y, M|297\/297
|-weather|SunnyDay
|turn|15
|
|move|p2a: Bisharp|Sucker Punch|p1a: Charizard
|-fail|p1a: Charizard
|move|p1a: Charizard|Roost|p1a: Charizard
|-fail|p1a: Charizard
|
|-weather|SunnyDay|[upkeep]
|turn|16
|
|move|p2a: Bisharp|Sucker Punch|p1a: Charizard
|-fail|p1a: Charizard
|move|p1a: Charizard|Roost|p1a: Charizard
|-fail|p1a: Charizard
|
|-weather|SunnyDay|[upkeep]
|turn|17
|
|move|p1a: Charizard|Roost|p1a: Charizard
|-fail|p1a: Charizard
|move|p2a: Bisharp|Knock Off|p1a: Charizard
|-crit|p1a: Charizard
|-damage|p1a: Charizard|0 fnt
|-damage|p2a: Bisharp|0 fnt|[from] item: Life Orb
|faint|p1a: Charizard
|faint|p2a: Bisharp
|
|-weather|SunnyDay|[upkeep]
|
|switch|p2a: Talonflame|Talonflame, M|133\/298
|switch|p1a: Landorus-Therian|Landorus-Therian, M|331\/331
|-ability|p1a: Landorus-Therian|Intimidate|[of] p2a: Talonflame
|-unboost|p2a: Talonflame|atk|1
|-damage|p2a: Talonflame|0 fnt|[from] Stealth Rock
|faint|p2a: Talonflame
|
|switch|p2a: Conkeldurr|Conkeldurr, F|266\/414
|-damage|p2a: Conkeldurr|241\/414|[from] Stealth Rock
|turn|18
|
|move|p1a: Landorus-Therian|Knock Off|p2a: Conkeldurr
|-resisted|p2a: Conkeldurr
|-damage|p2a: Conkeldurr|181\/414
|-enditem|p2a: Conkeldurr|Assault Vest|[from] move: Knock Off|[of] p1a: Landorus-Therian
|move|p2a: Conkeldurr|Ice Punch|p1a: Landorus-Therian
|-supereffective|p1a: Landorus-Therian
|-damage|p1a: Landorus-Therian|0 fnt
|faint|p1a: Landorus-Therian
|
|win|hey225
|raw|Ladder updating...
|raw|Red Skies's rating: 1649 &rarr; <strong>1619<\/strong><br \/>(-30 for losing)
|raw|hey225's rating: 1461 &rarr; <strong>1491<\/strong><br \/>(+30 for winning)
|c|âhey225|gg
|leave|Red Skies
|player|p1