|join|Red Skies
|join|much professional
|player|p1|Red Skies|64
|player|p2|much professional|265
|gametype|singles
|gen|6
|tier|OU
|rated
|clearpoke
|poke|p1|Landorus, M
|poke|p1|Heatran, M
|poke|p1|Clefable, M
|poke|p1|Azumarill, M
|poke|p1|Rotom-Wash
|poke|p1|Scizor, M
|poke|p2|Manaphy
|poke|p2|Clefable, M
|poke|p2|Raikou
|poke|p2|Espeon, M
|poke|p2|Gardevoir, F
|poke|p2|Scolipede, F
|rule|Swagger Clause: Swagger is banned
|rule|Baton Pass Clause: Limit one PokÃ©mon knowing Baton Pass
|rule|Sleep Clause Mod: Limit one foe put to sleep
|rule|Species Clause: Limit one of each PokÃ©mon
|rule|OHKO Clause: OHKO moves are banned
|rule|Moody Clause: Moody is banned
|rule|Evasion Moves Clause: Evasion moves are banned
|rule|Endless Battle Clause: Forcing endless battles is banned
|rule|HP Percentage Mod: HP is shown in percentages
|teampreview
|join|CheungkNoodles
|c| CheungkNoodles|use the other team
|c| CheungkNoodles|im out
|leave|CheungkNoodles
|raw|<div class="broadcast-red"><b>Moderated chat was set to +!<\/b><br \/>Only users of rank + and higher can talk.<\/div>
|
|start
|switch|p1a: Azumarill|Azumarill, M|380\/380
|switch|p2a: Scolipede|Scolipede, F|323\/323
|turn|1
|
|move|p2a: Scolipede|Iron Defense|p2a: Scolipede
|-boost|p2a: Scolipede|def|2
|move|p1a: Azumarill|Belly Drum|p1a: Azumarill
|-damage|p1a: Azumarill|190\/380
|-setboost|p1a: Azumarill|atk|6|[from] move: Belly Drum
|-enditem|p1a: Azumarill|Sitrus Berry|[eat]
|-heal|p1a: Azumarill|285\/380|[from] item: Sitrus Berry
|
|-boost|p2a: Scolipede|spe|1|[from] ability: Speed Boost
|turn|2
|
|move|p2a: Scolipede|Protect|p2a: Scolipede
|-singleturn|p2a: Scolipede|Protect
|move|p1a: Azumarill|Waterfall|p2a: Scolipede
|-activate|p2a: Scolipede|Protect
|
|-boost|p2a: Scolipede|spe|1|[from] ability: Speed Boost
|turn|3
|
|move|p2a: Scolipede|Baton Pass|p2a: Scolipede
|
|switch|p2a: Clefable|Clefable, M|394\/394
|move|p1a: Azumarill|Waterfall|p2a: Clefable
|-crit|p2a: Clefable
|-damage|p2a: Clefable|157\/394
|
|-heal|p2a: Clefable|181\/394|[from] item: Leftovers
|turn|4
|
|move|p2a: Clefable|Moonlight|p2a: Clefable
|-heal|p2a: Clefable|378\/394
|move|p1a: Azumarill|Play Rough|p2a: Clefable|[miss]
|-miss|p1a: Azumarill|p2a: Clefable
|
|-heal|p2a: Clefable|394\/394|[from] item: Leftovers
|turn|5
|
|switch|p1a: Heatran|Heatran, M|386\/386
|move|p2a: Clefable|Calm Mind|p2a: Clefable
|-boost|p2a: Clefable|spa|1
|-boost|p2a: Clefable|spd|1
|
|turn|6
|
|move|p2a: Clefable|Stored Power|p1a: Heatran
|-resisted|p1a: Heatran
|-damage|p1a: Heatran|327\/386
|move|p1a: Heatran|Toxic|p2a: Clefable
|-status|p2a: Clefable|tox
|
|-heal|p1a: Heatran|351\/386|[from] item: Leftovers
|-damage|p2a: Clefable|370\/394 tox|[from] psn
|turn|7
|
|switch|p2a: Espeon|Espeon, M|334\/334
|move|p1a: Heatran|Stealth Rock|p2a: Espeon
|move|p2a: Espeon|Stealth Rock|p1a: Heatran|[from]Magic Bounce
|-sidestart|p1: Red Skies|move: Stealth Rock
|
|-heal|p1a: Heatran|375\/386|[from] item: Leftovers
|turn|8
|
|switch|p2a: Manaphy|Manaphy|404\/404
|move|p1a: Heatran|Lava Plume|p2a: Manaphy
|-resisted|p2a: Manaphy
|-damage|p2a: Manaphy|355\/404
|
|-heal|p2a: Manaphy|380\/404|[from] item: Leftovers
|-heal|p1a: Heatran|386\/386|[from] item: Leftovers
|turn|9
|
|move|p2a: Manaphy|Calm Mind|p2a: Manaphy
|-boost|p2a: Manaphy|spa|1
|-boost|p2a: Manaphy|spd|1
|move|p1a: Heatran|Toxic|p2a: Manaphy
|-status|p2a: Manaphy|tox
|
|-heal|p2a: Manaphy|404\/404 tox|[from] item: Leftovers
|-damage|p2a: Manaphy|379\/404 tox|[from] psn
|turn|10
|
|move|p2a: Manaphy|Calm Mind|p2a: Manaphy
|-boost|p2a: Manaphy|spa|1
|-boost|p2a: Manaphy|spd|1
|move|p1a: Heatran|Stealth Rock|p2a: Manaphy
|-sidestart|p2: much professional|move: Stealth Rock
|
|-heal|p2a: Manaphy|404\/404 tox|[from] item: Leftovers
|-damage|p2a: Manaphy|354\/404 tox|[from] psn
|turn|11
|
|switch|p1a: Azumarill|Azumarill, M|285\/380
|-damage|p1a: Azumarill|238\/380|[from] Stealth Rock
|move|p2a: Manaphy|Rain Dance|p2a: Manaphy
|-weather|RainDance
|
|-weather|RainDance|[upkeep]
|-curestatus|p2a: Manaphy|tox
|-heal|p2a: Manaphy|379\/404|[from] item: Leftovers
|turn|12
|
|move|p2a: Manaphy|Scald|p1a: Azumarill
|-resisted|p1a: Azumarill
|-damage|p1a: Azumarill|78\/380
|move|p1a: Azumarill|Play Rough|p2a: Manaphy
|-damage|p2a: Manaphy|232\/404
|
|-weather|RainDance|[upkeep]
|-heal|p2a: Manaphy|257\/404|[from] item: Leftovers
|turn|13
|
|move|p1a: Azumarill|Aqua Jet|p2a: Manaphy
|-resisted|p2a: Manaphy
|-damage|p2a: Manaphy|205\/404
|move|p2a: Manaphy|Scald|p1a: Azumarill
|-resisted|p1a: Azumarill
|-damage|p1a: Azumarill|0 fnt
|faint|p1a: Azumarill
|
|-weather|RainDance|[upkeep]
|-heal|p2a: Manaphy|230\/404|[from] item: Leftovers
|
|switch|p1a: Clefable|Clefable, M|394\/394
|-damage|p1a: Clefable|345\/394|[from] Stealth Rock
|turn|14
|
|move|p2a: Manaphy|Scald|p1a: Clefable
|-damage|p1a: Clefable|212\/394
|move|p1a: Clefable|Calm Mind|p1a: Clefable
|-boost|p1a: Clefable|spa|1
|-boost|p1a: Clefable|spd|1
|
|-weather|RainDance|[upkeep]
|-heal|p2a: Manaphy|255\/404|[from] item: Leftovers
|-heal|p1a: Clefable|236\/394|[from] item: Leftovers
|turn|15
|
|move|p2a: Manaphy|Scald|p1a: Clefable
|-damage|p1a: Clefable|142\/394
|-status|p1a: Clefable|brn
|move|p1a: Clefable|Moonblast|p2a: Manaphy
|-damage|p2a: Manaphy|108\/404
|-unboost|p2a: Manaphy|spa|1
|
|-weather|none
|-heal|p2a: Manaphy|133\/404|[from] item: Leftovers
|-heal|p1a: Clefable|166\/394 brn|[from] item: Leftovers
|-damage|p1a: Clefable|117\/394 brn|[from] brn
|turn|16
|
|move|p2a: Manaphy|Scald|p1a: Clefable
|-damage|p1a: Clefable|57\/394 brn
|move|p1a: Clefable|Moonblast|p2a: Manaphy
|-damage|p2a: Manaphy|0 fnt
|faint|p2a: Manaphy
|
|-heal|p1a: Clefable|81\/394 brn|[from] item: Leftovers
|-damage|p1a: Clefable|32\/394 brn|[from] brn
|
|switch|p2a: Raikou|Raikou|331\/331
|-damage|p2a: Raikou|290\/331|[from] Stealth Rock
|-ability|p2a: Raikou|Pressure
|turn|17
|
|move|p2a: Raikou|Thunderbolt|p1a: Clefable
|-damage|p1a: Clefable|0 fnt
|faint|p1a: Clefable
|
|-heal|p2a: Raikou|310\/331|[from] item: Leftovers
|
|switch|p1a: Heatran|Heatran, M|386\/386
|-damage|p1a: Heatran|338\/386|[from] Stealth Rock
|turn|18
|
|move|p2a: Raikou|Substitute|p2a: Raikou
|-start|p2a: Raikou|Substitute
|-damage|p2a: Raikou|228\/331
|move|p1a: Heatran|Toxic|p2a: Raikou
|
|-heal|p2a: Raikou|248\/331|[from] item: Leftovers
|-heal|p1a: Heatran|362\/386|[from] item: Leftovers
|turn|19
|
|move|p2a: Raikou|Calm Mind|p2a: Raikou
|-boost|p2a: Raikou|spa|1
|-boost|p2a: Raikou|spd|1
|move|p1a: Heatran|Lava Plume|p2a: Raikou
|-activate|p2a: Raikou|Substitute|[damage]
|
|-heal|p2a: Raikou|268\/331|[from] item: Leftovers
|-heal|p1a: Heatran|386\/386|[from] item: Leftovers
|turn|20
|
|switch|p1a: Landorus|Landorus, M|319\/319
|-damage|p1a: Landorus|280\/319|[from] Stealth Rock
|move|p2a: Raikou|Calm Mind|p2a: Raikou
|-boost|p2a: Raikou|spa|1
|-boost|p2a: Raikou|spd|1
|
|-heal|p2a: Raikou|288\/331|[from] item: Leftovers
|turn|21
|
|move|p2a: Raikou|Hidden Power|p1a: Landorus
|-supereffective|p1a: Landorus
|-damage|p1a: Landorus|0 fnt
|faint|p1a: Landorus
|
|-heal|p2a: Raikou|308\/331|[from] item: Leftovers
|c|âmuch professional|time to forfeit
|-message|Red Skies forfeited.
|
|win|much professional
|raw|Ladder updating...
|leave|Red Skies
|player|p1
|raw|Red Skies's rating: 1624 &rarr; <strong>1605<\/strong><br \/>(-19 for losing)
|raw|much professional's rating: 1635 &rarr; <strong>1655<\/strong><br \/>(+20 for winning)