|join|San0suke
|join|Red Skies
|player|p1|San0suke|1
|player|p2|Red Skies|64
|gametype|singles
|gen|6
|tier|OU
|rated
|clearpoke
|poke|p1|Altaria, M
|poke|p1|Heatran, M
|poke|p1|Breloom, M
|poke|p1|Kyurem-Black, shiny
|poke|p1|Garchomp, M, shiny
|poke|p1|Greninja, M, shiny
|poke|p2|Landorus, M
|poke|p2|Heatran, M
|poke|p2|Clefable, M
|poke|p2|Azumarill, M
|poke|p2|Rotom-Wash
|poke|p2|Scizor, F
|rule|Swagger Clause: Swagger is banned
|rule|Baton Pass Clause: Limit one PokÃ©mon knowing Baton Pass
|rule|Sleep Clause Mod: Limit one foe put to sleep
|rule|Species Clause: Limit one of each PokÃ©mon
|rule|OHKO Clause: OHKO moves are banned
|rule|Moody Clause: Moody is banned
|rule|Evasion Moves Clause: Evasion moves are banned
|rule|Endless Battle Clause: Forcing endless battles is banned
|rule|HP Percentage Mod: HP is shown in percentages
|teampreview
|c|âRed Skies|Opa
|c|âRed Skies|ehuahauhea
|c|âSan0suke|HUAEHAEUAEHAEUAEHAEUAEHUAEHAEUAEHAEUAEHAEUHAEUAE
|c|âSan0suke|VALENDO O IC
|c|âSan0suke|SN
|c|âRed Skies|Se que sabe
|c|âSan0suke|bora?
|c|âRed Skies|Bora uÃ© haha
|
|start
|switch|p1a: Toudou|Breloom, M|261\/261
|switch|p2a: Scizor|Scizor, F|344\/344
|turn|1
|
|detailschange|p2a: Scizor|Scizor-Mega, F
|message|Scizor has Mega Evolved into Mega Scizor!
|move|p2a: Scizor|Bullet Punch|p1a: Toudou
|-damage|p1a: Toudou|147\/261
|move|p1a: Toudou|Spore|p2a: Scizor
|-status|p2a: Scizor|slp
|
|turn|2
|
|switch|p1a: Fukutomi|Heatran, M|323\/323
|-item|p1a: Fukutomi|Air Balloon
|cant|p2a: Scizor|slp
|
|turn|3
|
|switch|p2a: Rotom-Wash|Rotom-Wash|304\/304
|move|p1a: Fukutomi|Stealth Rock|p2a: Rotom-Wash
|-sidestart|p2: Red Skies|move: Stealth Rock
|
|turn|4
|
|move|p1a: Fukutomi|Fire Blast|p2a: Rotom-Wash
|-resisted|p2a: Rotom-Wash
|-damage|p2a: Rotom-Wash|213\/304
|move|p2a: Rotom-Wash|Hydro Pump|p1a: Fukutomi
|-supereffective|p1a: Fukutomi
|-damage|p1a: Fukutomi|65\/323
|-enditem|p1a: Fukutomi|Air Balloon
|
|-heal|p2a: Rotom-Wash|232\/304|[from] item: Leftovers
|turn|5
|
|move|p1a: Fukutomi|Fire Blast|p2a: Rotom-Wash
|-resisted|p2a: Rotom-Wash
|-damage|p2a: Rotom-Wash|141\/304
|move|p2a: Rotom-Wash|Volt Switch|p1a: Fukutomi
|-damage|p1a: Fukutomi|0 fnt
|faint|p1a: Fukutomi
|
|switch|p2a: Landorus|Landorus, M|319\/319
|-damage|p2a: Landorus|280\/319|[from] Stealth Rock
|
|
|switch|p1a: Shinkai|Garchomp, M, shiny|357\/357
|turn|6
|
|move|p1a: Shinkai|Swords Dance|p1a: Shinkai
|-boost|p1a: Shinkai|atk|2
|move|p2a: Landorus|Earth Power|p1a: Shinkai
|-damage|p1a: Shinkai|72\/357
|-enditem|p1a: Shinkai|Salac Berry|[eat]
|-boost|p1a: Shinkai|spe|1|[from] item: Salac Berry
|
|turn|7
|
|switch|p2a: Clefable|Clefable, M|394\/394
|-damage|p2a: Clefable|345\/394|[from] Stealth Rock
|move|p1a: Shinkai|Earthquake|p2a: Clefable
|-damage|p2a: Clefable|180\/394
|
|-heal|p2a: Clefable|204\/394|[from] item: Leftovers
|turn|8
|
|move|p1a: Shinkai|Earthquake|p2a: Clefable
|-damage|p2a: Clefable|21\/394
|move|p2a: Clefable|Moonlight|p2a: Clefable
|-heal|p2a: Clefable|218\/394
|
|-heal|p2a: Clefable|242\/394|[from] item: Leftovers
|turn|9
|
|move|p1a: Shinkai|Earthquake|p2a: Clefable
|-damage|p2a: Clefable|73\/394
|move|p2a: Clefable|Moonblast|p1a: Shinkai
|-supereffective|p1a: Shinkai
|-damage|p1a: Shinkai|0 fnt
|faint|p1a: Shinkai
|
|-heal|p2a: Clefable|97\/394|[from] item: Leftovers
|
|switch|p1a: Izumida|Kyurem-Black, shiny|396\/396
|-ability|p1a: Izumida|Teravolt
|turn|10
|
|move|p1a: Izumida|Ice Beam|p2a: Clefable
|-damage|p2a: Clefable|0 fnt
|faint|p2a: Clefable
|
|
|switch|p2a: Scizor|Scizor-Mega, F|344\/344 slp
|-damage|p2a: Scizor|301\/344 slp|[from] Stealth Rock
|turn|11
|
|switch|p1a: Arakita|Altaria, M|291\/291
|-ability|p1a: Arakita|Cloud Nine
|cant|p2a: Scizor|slp
|
|turn|12
|
|detailschange|p1a: Arakita|Altaria-Mega, M
|message|Altaria has Mega Evolved into Mega Altaria!
|move|p1a: Arakita|Fire Blast|p2a: Scizor
|-supereffective|p2a: Scizor
|-damage|p2a: Scizor|0 fnt
|faint|p2a: Scizor
|
|
|switch|p2a: Azumarill|Azumarill, M|380\/380
|-damage|p2a: Azumarill|333\/380|[from] Stealth Rock
|turn|13
|
|switch|p1a: Toudou|Breloom, M|147\/261
|move|p2a: Azumarill|Play Rough|p1a: Toudou|[miss]
|-miss|p2a: Azumarill|p1a: Toudou
|
|turn|14
|c|âSan0suke|malz
|c|âRed Skies|aah gg
|
|switch|p2a: Rotom-Wash|Rotom-Wash|141\/304
|-damage|p2a: Rotom-Wash|103\/304|[from] Stealth Rock
|move|p1a: Toudou|Bullet Seed|p2a: Rotom-Wash
|-supereffective|p2a: Rotom-Wash
|-damage|p2a: Rotom-Wash|0 fnt
|-hitcount|p2a: Rotom-Wash|1
|faint|p2a: Rotom-Wash
|
|
|switch|p2a: Landorus|Landorus, M|280\/319
|-damage|p2a: Landorus|241\/319|[from] Stealth Rock
|turn|15
|
|move|p1a: Toudou|Mach Punch|p2a: Landorus
|-resisted|p2a: Landorus
|-damage|p2a: Landorus|178\/319
|move|p2a: Landorus|Sludge Wave|p1a: Toudou
|-supereffective|p1a: Toudou
|-damage|p1a: Toudou|0 fnt
|faint|p1a: Toudou
|
|
|switch|p1a: Manami|Greninja, M, shiny|285\/285
|turn|16
|
|switch|p2a: Heatran|Heatran, M|386\/386
|-damage|p2a: Heatran|338\/386|[from] Stealth Rock
|move|p1a: Manami|Ice Beam|p2a: Heatran
|-start|p1a: Manami|typechange|Ice|[from] Protean
|-resisted|p2a: Heatran
|-damage|p2a: Heatran|306\/386
|-damage|p1a: Manami|257\/285|[from] item: Life Orb
|
|-heal|p2a: Heatran|330\/386|[from] item: Leftovers
|turn|17
|
|move|p1a: Manami|Low Kick|p2a: Heatran
|-start|p1a: Manami|typechange|Fighting|[from] Protean
|-supereffective|p2a: Heatran
|-damage|p2a: Heatran|0 fnt
|-damage|p1a: Manami|229\/285|[from] item: Life Orb
|faint|p2a: Heatran
|
|
|switch|p2a: Azumarill|Azumarill, M|333\/380
|-damage|p2a: Azumarill|286\/380|[from] Stealth Rock
|turn|18
|
|move|p1a: Manami|Gunk Shot|p2a: Azumarill
|-start|p1a: Manami|typechange|Poison|[from] Protean
|-crit|p2a: Azumarill
|-supereffective|p2a: Azumarill
|-damage|p2a: Azumarill|0 fnt
|-damage|p1a: Manami|201\/285|[from] item: Life Orb
|faint|p2a: Azumarill
|
|c|âRed Skies|gg
|
|switch|p2a: Landorus|Landorus, M|178\/319
|-damage|p2a: Landorus|139\/319|[from] Stealth Rock
|turn|19
|c|âSan0suke|gg
|
|move|p1a: Manami|Ice Beam|p2a: Landorus
|-start|p1a: Manami|typechange|Ice|[from] Protean
|-supereffective|p2a: Landorus
|-damage|p2a: Landorus|0 fnt
|-damage|p1a: Manami|173\/285|[from] item: Life Orb
|faint|p2a: Landorus
|
|win|San0suke
|raw|Ladder updating...