|join|Drake G.
|join|Red Skies
|player|p1|Drake G.|25
|player|p2|Red Skies|64
|gametype|singles
|gen|6
|tier|OU
|rated
|clearpoke
|poke|p1|Venusaur, M
|poke|p1|Porygon2
|poke|p1|Garchomp, F
|poke|p1|Umbreon, M
|poke|p1|Latios, M
|poke|p1|Scizor, M
|poke|p2|Slowbro, M
|poke|p2|Venusaur, F
|poke|p2|Heatran, M
|poke|p2|Keldeo-Resolute
|poke|p2|Latios, M
|poke|p2|Diggersby, M
|rule|Swagger Clause: Swagger is banned
|rule|Baton Pass Clause: Limit one PokÃ©mon knowing Baton Pass
|rule|Sleep Clause Mod: Limit one foe put to sleep
|rule|Species Clause: Limit one of each PokÃ©mon
|rule|OHKO Clause: OHKO moves are banned
|rule|Moody Clause: Moody is banned
|rule|Evasion Moves Clause: Evasion moves are banned
|rule|Endless Battle Clause: Forcing endless battles is banned
|rule|HP Percentage Mod: HP is shown in percentages
|teampreview
|
|start
|switch|p1a: Karschomp|Garchomp, F|357\/357
|switch|p2a: Heatran|Heatran, M|386\/386
|turn|1
|
|switch|p2a: Slowbro|Slowbro, M|394\/394
|move|p1a: Karschomp|Earthquake|p2a: Slowbro
|-crit|p2a: Slowbro
|-damage|p2a: Slowbro|144\/394
|-damage|p1a: Karschomp|322\/357|[from] item: Life Orb
|
|-heal|p2a: Slowbro|168\/394|[from] item: Leftovers
|turn|2
|
|switch|p2a: Heatran|Heatran, M|386\/386
|move|p1a: Karschomp|Dragon Claw|p2a: Heatran
|-resisted|p2a: Heatran
|-damage|p2a: Heatran|308\/386
|-damage|p1a: Karschomp|287\/357|[from] item: Life Orb
|
|-heal|p2a: Heatran|332\/386|[from] item: Leftovers
|turn|3
|
|switch|p2a: Latios|Latios, M|310\/310
|move|p1a: Karschomp|Dragon Claw|p2a: Latios
|-supereffective|p2a: Latios
|-damage|p2a: Latios|0 fnt
|-damage|p1a: Karschomp|252\/357|[from] item: Life Orb
|faint|p2a: Latios
|
|
|switch|p2a: Keldeo-Resolute|Keldeo-Resolute|322\/322
|turn|4
|
|switch|p1a: Venusaur|Venusaur, M|363\/363
|move|p2a: Keldeo-Resolute|Scald|p1a: Venusaur
|-resisted|p1a: Venusaur
|-damage|p1a: Venusaur|267\/363
|
|turn|5
|
|detailschange|p1a: Venusaur|Venusaur-Mega, M
|message|Venusaur has Mega Evolved into Mega Venusaur!
|move|p2a: Keldeo-Resolute|Scald|p1a: Venusaur
|-resisted|p1a: Venusaur
|-damage|p1a: Venusaur|182\/363
|move|p1a: Venusaur|Giga Drain|p2a: Keldeo-Resolute
|-supereffective|p2a: Keldeo-Resolute
|-damage|p2a: Keldeo-Resolute|110\/322
|-heal|p1a: Venusaur|288\/363|[from] drain|[of] p2a: Keldeo-Resolute
|
|turn|6
|
|switch|p2a: Heatran|Heatran, M|332\/386
|move|p1a: Venusaur|Giga Drain|p2a: Heatran
|-resisted|p2a: Heatran
|-damage|p2a: Heatran|313\/386
|-heal|p1a: Venusaur|298\/363|[from] drain|[of] p2a: Heatran
|
|-heal|p2a: Heatran|337\/386|[from] item: Leftovers
|turn|7
|
|switch|p1a: Karschomp|Garchomp, F|252\/357
|move|p2a: Heatran|Stealth Rock|p1a: Karschomp
|-sidestart|p1: Drake G.|move: Stealth Rock
|
|-heal|p2a: Heatran|361\/386|[from] item: Leftovers
|turn|8
|
|switch|p2a: Venusaur|Venusaur, F|364\/364
|move|p1a: Karschomp|Earthquake|p2a: Venusaur
|-damage|p2a: Venusaur|153\/364
|-damage|p1a: Karschomp|217\/357|[from] item: Life Orb
|
|turn|9
|
|detailschange|p2a: Venusaur|Venusaur-Mega, F
|message|Venusaur has Mega Evolved into Mega Venusaur!
|move|p1a: Karschomp|Earthquake|p2a: Venusaur
|-damage|p2a: Venusaur|0 fnt
|-damage|p1a: Karschomp|182\/357|[from] item: Life Orb
|faint|p2a: Venusaur
|
|
|switch|p2a: Keldeo-Resolute|Keldeo-Resolute|110\/322
|turn|10
|
|switch|p1a: Venusaur|Venusaur-Mega, M|298\/363
|-damage|p1a: Venusaur|253\/363|[from] Stealth Rock
|move|p2a: Keldeo-Resolute|Scald|p1a: Venusaur
|-resisted|p1a: Venusaur
|-damage|p1a: Venusaur|175\/363
|
|turn|11
|
|switch|p2a: Heatran|Heatran, M|361\/386
|move|p1a: Venusaur|Synthesis|p1a: Venusaur
|-heal|p1a: Venusaur|356\/363
|
|-heal|p2a: Heatran|385\/386|[from] item: Leftovers
|turn|12
|
|switch|p1a: Porygon2|Porygon2|373\/373
|-damage|p1a: Porygon2|327\/373|[from] Stealth Rock
|-ability|p1a: Porygon2|Flash Fire|[from] ability: Trace|[of] p2a: Heatran
|move|p2a: Heatran|Lava Plume|p1a: Porygon2
|-start|p1a: Porygon2|ability: Flash Fire
|
|-heal|p2a: Heatran|386\/386|[from] item: Leftovers
|turn|13
|
|move|p2a: Heatran|Toxic|p1a: Porygon2
|-status|p1a: Porygon2|tox
|move|p1a: Porygon2|Thunder Wave|p2a: Heatran
|-status|p2a: Heatran|par
|
|-damage|p1a: Porygon2|304\/373 tox|[from] psn
|turn|14
|
|switch|p1a: Latios|Latios, M|301\/301
|-damage|p1a: Latios|264\/301|[from] Stealth Rock
|switch|p2a: Keldeo-Resolute|Keldeo-Resolute|110\/322
|
|turn|15
|
|switch|p2a: Heatran|Heatran, M|386\/386 par
|move|p1a: Latios|Psyshock|p2a: Heatran
|-resisted|p2a: Heatran
|-damage|p2a: Heatran|308\/386 par
|-damage|p1a: Latios|234\/301|[from] item: Life Orb
|
|-heal|p2a: Heatran|332\/386 par|[from] item: Leftovers
|turn|16
|
|switch|p2a: Slowbro|Slowbro, M|299\/394
|move|p1a: Latios|Earthquake|p2a: Slowbro
|-damage|p2a: Slowbro|247\/394
|-damage|p1a: Latios|204\/301|[from] item: Life Orb
|
|-heal|p2a: Slowbro|271\/394|[from] item: Leftovers
|turn|17
|
|switch|p2a: Heatran|Heatran, M|332\/386 par
|move|p1a: Latios|Defog|p2a: Heatran
|-unboost|p2a: Heatran|evasion|1
|-sideend|p1: Drake G.|Stealth Rock|[from] move: Defog|[of] p1a: Latios
|
|-heal|p2a: Heatran|356\/386 par|[from] item: Leftovers
|turn|18
|
|switch|p2a: Slowbro|Slowbro, M|394\/394
|move|p1a: Latios|Earthquake|p2a: Slowbro
|-crit|p2a: Slowbro
|-damage|p2a: Slowbro|315\/394
|-damage|p1a: Latios|174\/301|[from] item: Life Orb
|
|-heal|p2a: Slowbro|339\/394|[from] item: Leftovers
|turn|19
|
|move|p1a: Latios|Draco Meteor|p2a: Slowbro
|-crit|p2a: Slowbro
|-damage|p2a: Slowbro|0 fnt
|-unboost|p1a: Latios|spa|2
|-damage|p1a: Latios|144\/301|[from] item: Life Orb
|faint|p2a: Slowbro
|
|
|switch|p2a: Diggersby|Diggersby, M|312\/312
|turn|20
|
|switch|p1a: Scizor|Scizor, M|343\/343
|move|p2a: Diggersby|Swords Dance|p2a: Diggersby
|-boost|p2a: Diggersby|atk|2
|
|turn|21
|
|move|p1a: Scizor|Bullet Punch|p2a: Diggersby
|-damage|p2a: Diggersby|98\/312
|move|p2a: Diggersby|Earthquake|p1a: Scizor
|-damage|p1a: Scizor|0 fnt
|faint|p1a: Scizor
|
|
|switch|p1a: Porygon2|Porygon2|304\/373 tox
|-ability|p1a: Porygon2|Huge Power|[from] ability: Trace|[of] p2a: Diggersby
|turn|22
|
|move|p2a: Diggersby|Return|p1a: Porygon2
|-damage|p1a: Porygon2|46\/373 tox
|move|p1a: Porygon2|Foul Play|p2a: Diggersby
|-damage|p2a: Diggersby|0 fnt
|faint|p2a: Diggersby
|
|-damage|p1a: Porygon2|23\/373 tox|[from] psn
|
|switch|p2a: Keldeo-Resolute|Keldeo-Resolute|110\/322
|turn|23
|
|move|p2a: Keldeo-Resolute|Scald|p1a: Porygon2
|-damage|p1a: Porygon2|0 fnt
|faint|p1a: Porygon2
|
|
|switch|p1a: Latios|Latios, M|144\/301
|turn|24
|
|switch|p2a: Heatran|Heatran, M|356\/386 par
|move|p1a: Latios|Psyshock|p2a: Heatran
|-crit|p2a: Heatran
|-resisted|p2a: Heatran
|-damage|p2a: Heatran|236\/386 par
|-damage|p1a: Latios|114\/301|[from] item: Life Orb
|
|-heal|p2a: Heatran|260\/386 par|[from] item: Leftovers
|turn|25
|-message|Red Skies forfeited.
|
|win|Drake G.
|raw|Ladder updating...
|leave|Red Skies
|player|p2
|raw|Drake G.'s rating: 1648 &rarr; <strong>1667<\/strong><br \/>(+19 for winning)
|raw|Red Skies's rating: 1627 &rarr; <strong>1609<\/strong><br \/>(-18 for losing)