|join|MoB Barley
|join|Red Skies
|player|p1|MoB Barley|161
|player|p2|Red Skies|64
|gametype|singles
|gen|6
|tier|OU
|rated
|clearpoke
|poke|p1|Azumarill, M, shiny
|poke|p1|Pinsir, M, shiny
|poke|p1|Azelf, shiny
|poke|p1|Raikou
|poke|p1|Landorus-Therian, M, shiny
|poke|p1|Keldeo-Resolute, shiny
|poke|p2|Mamoswine, M
|poke|p2|Latios, M
|poke|p2|Azumarill, M
|poke|p2|Magnezone
|poke|p2|Heracross, M
|poke|p2|Tyranitar, M
|rule|Swagger Clause: Swagger is banned
|rule|Baton Pass Clause: Limit one PokÃ©mon knowing Baton Pass
|rule|Sleep Clause Mod: Limit one foe put to sleep
|rule|Species Clause: Limit one of each PokÃ©mon
|rule|OHKO Clause: OHKO moves are banned
|rule|Moody Clause: Moody is banned
|rule|Evasion Moves Clause: Evasion moves are banned
|rule|Endless Battle Clause: Forcing endless battles is banned
|rule|HP Percentage Mod: HP is shown in percentages
|teampreview
|
|start
|switch|p1a: Azelf|Azelf, shiny|291\/291
|switch|p2a: Azumarill|Azumarill, M|404\/404
|turn|1
|
|move|p1a: Azelf|Stealth Rock|p2a: Azumarill
|-sidestart|p2: Red Skies|move: Stealth Rock
|move|p2a: Azumarill|Knock Off|p1a: Azelf
|-supereffective|p1a: Azelf
|-enditem|p1a: Azelf|Focus Sash
|-damage|p1a: Azelf|1\/291
|
|turn|2
|
|switch|p1a: Azumarill|Azumarill, M, shiny|381\/381
|move|p2a: Azumarill|Aqua Jet|p1a: Azumarill
|-resisted|p1a: Azumarill
|-damage|p1a: Azumarill|332\/381
|
|turn|3
|
|switch|p2a: Magnezone|Magnezone|282\/282
|-damage|p2a: Magnezone|265\/282|[from] Stealth Rock
|move|p1a: Azumarill|Play Rough|p2a: Magnezone
|-resisted|p2a: Magnezone
|-damage|p2a: Magnezone|130\/282
|
|turn|4
|
|switch|p1a: Azelf|Azelf, shiny|1\/291
|move|p2a: Magnezone|Volt Switch|p1a: Azelf
|-damage|p1a: Azelf|0 fnt
|faint|p1a: Azelf
|
|switch|p2a: Tyranitar|Tyranitar, M|404\/404
|-damage|p2a: Tyranitar|354\/404|[from] Stealth Rock
|-weather|Sandstorm
|
|-weather|Sandstorm|[upkeep]
|-heal|p2a: Tyranitar|379\/404|[from] item: Leftovers
|
|switch|p1a: Pinsir|Pinsir, M, shiny|271\/271
|turn|5
|
|switch|p2a: Magnezone|Magnezone|130\/282
|-damage|p2a: Magnezone|113\/282|[from] Stealth Rock
|detailschange|p1a: Pinsir|Pinsir-Mega, M, shiny
|message|Pinsir has Mega Evolved into Mega Pinsir!
|move|p1a: Pinsir|Close Combat|p2a: Magnezone
|-supereffective|p2a: Magnezone
|-damage|p2a: Magnezone|0 fnt
|-unboost|p1a: Pinsir|def|1
|-unboost|p1a: Pinsir|spd|1
|faint|p2a: Magnezone
|
|-weather|Sandstorm|[upkeep]
|-damage|p1a: Pinsir|255\/271|[from] sandstorm
|
|switch|p2a: Latios|Latios, M|301\/301
|-damage|p2a: Latios|264\/301|[from] Stealth Rock
|turn|6
|
|switch|p1a: Azumarill|Azumarill, M, shiny|332\/381
|move|p2a: Latios|Psyshock|p1a: Azumarill
|-damage|p1a: Azumarill|98\/381
|
|-weather|Sandstorm|[upkeep]
|-damage|p2a: Latios|246\/301|[from] sandstorm
|-damage|p1a: Azumarill|75\/381|[from] sandstorm
|turn|7
|
|switch|p1a: Landorus-Therian|Landorus-Therian, M, shiny|319\/319
|-ability|p1a: Landorus-Therian|Intimidate|[of] p2a: Latios
|-unboost|p2a: Latios|atk|1
|move|p2a: Latios|Psyshock|p1a: Landorus-Therian
|-damage|p1a: Landorus-Therian|73\/319
|
|-weather|Sandstorm|[upkeep]
|-damage|p2a: Latios|228\/301|[from] sandstorm
|turn|8
|
|switch|p2a: Azumarill|Azumarill, M|404\/404
|-damage|p2a: Azumarill|354\/404|[from] Stealth Rock
|move|p1a: Landorus-Therian|U-turn|p2a: Azumarill
|-resisted|p2a: Azumarill
|-damage|p2a: Azumarill|299\/404
|
|switch|p1a: Azumarill|Azumarill, M, shiny|75\/381
|
|-weather|none
|turn|9
|
|switch|p2a: Tyranitar|Tyranitar, M|379\/404
|-damage|p2a: Tyranitar|329\/404|[from] Stealth Rock
|-weather|Sandstorm
|move|p1a: Azumarill|Play Rough|p2a: Tyranitar
|-supereffective|p2a: Tyranitar
|-damage|p2a: Tyranitar|0 fnt
|faint|p2a: Tyranitar
|
|-weather|Sandstorm|[upkeep]
|-damage|p1a: Azumarill|52\/381|[from] sandstorm
|
|switch|p2a: Heracross|Heracross, M|325\/325
|-damage|p2a: Heracross|285\/325|[from] Stealth Rock
|turn|10
|
|move|p2a: Heracross|Rock Blast|p1a: Azumarill
|-damage|p1a: Azumarill|17\/381
|-damage|p1a: Azumarill|0 fnt
|-hitcount|p1a: Azumarill|2
|faint|p1a: Azumarill
|-boost|p2a: Heracross|atk|1|[from] ability: Moxie
|
|-weather|Sandstorm|[upkeep]
|-damage|p2a: Heracross|265\/325|[from] sandstorm
|
|switch|p1a: Pinsir|Pinsir-Mega, M, shiny|255\/271
|turn|11
|
|move|p1a: Pinsir|Return|p2a: Heracross
|-supereffective|p2a: Heracross
|-damage|p2a: Heracross|0 fnt
|faint|p2a: Heracross
|
|-weather|Sandstorm|[upkeep]
|-damage|p1a: Pinsir|239\/271|[from] sandstorm
|
|switch|p2a: Latios|Latios, M|228\/301
|-damage|p2a: Latios|191\/301|[from] Stealth Rock
|turn|12
|
|switch|p1a: Landorus-Therian|Landorus-Therian, M, shiny|73\/319
|-ability|p1a: Landorus-Therian|Intimidate|[of] p2a: Latios
|-unboost|p2a: Latios|atk|1
|move|p2a: Latios|Psyshock|p1a: Landorus-Therian
|-damage|p1a: Landorus-Therian|0 fnt
|faint|p1a: Landorus-Therian
|
|-weather|Sandstorm|[upkeep]
|-damage|p2a: Latios|173\/301|[from] sandstorm
|
|switch|p1a: Pinsir|Pinsir-Mega, M, shiny|239\/271
|turn|13
|
|move|p2a: Latios|Psyshock|p1a: Pinsir
|-damage|p1a: Pinsir|47\/271
|move|p1a: Pinsir|Return|p2a: Latios
|-damage|p2a: Latios|0 fnt
|faint|p2a: Latios
|
|-weather|none
|
|switch|p2a: Azumarill|Azumarill, M|299\/404
|-damage|p2a: Azumarill|249\/404|[from] Stealth Rock
|turn|14
|
|move|p1a: Pinsir|Quick Attack|p2a: Azumarill
|-crit|p2a: Azumarill
|-damage|p2a: Azumarill|60\/404
|move|p2a: Azumarill|Aqua Jet|p1a: Pinsir
|-damage|p1a: Pinsir|0 fnt
|faint|p1a: Pinsir
|
|c|âRed Skies|Shit
|c|âRed Skies|gg
|
|switch|p1a: Keldeo-Resolute|Keldeo-Resolute, shiny|323\/323
|turn|15
|c|âMoB Barley|gg
|
|move|p1a: Keldeo-Resolute|Secret Sword|p2a: Azumarill
|-resisted|p2a: Azumarill
|-damage|p2a: Azumarill|0 fnt
|faint|p2a: Azumarill
|
|
|switch|p2a: Mamoswine|Mamoswine, M|362\/362
|-damage|p2a: Mamoswine|317\/362|[from] Stealth Rock
|turn|16
|
|move|p1a: Keldeo-Resolute|Scald|p2a: Mamoswine
|-supereffective|p2a: Mamoswine
|-damage|p2a: Mamoswine|0 fnt
|faint|p2a: Mamoswine
|
|win|MoB Barley
|raw|Ladder updating...
|raw|MoB Barley's rating: 1900 &rarr; <strong>1914<\/strong><br \/>(+14 for winning)
|raw|Red Skies's rating: 1800 &rarr; <strong>1786<\/strong><br \/>(-14 for losing)
|leave|MoB Barley
|player|p1
|leave|Red Skies
|player|p2