|join|Luz
|join|Red Skies
|player|p1|Luz|34
|player|p2|Red Skies|209
|gametype|singles
|gen|6
|tier|OU
|clearpoke
|poke|p1|Azelf
|poke|p1|Azumarill, F
|poke|p1|Landorus, M
|poke|p1|Raikou
|poke|p1|Keldeo
|poke|p1|Metagross
|poke|p2|Scizor, M
|poke|p2|Keldeo-Resolute
|poke|p2|Infernape, M
|poke|p2|Breloom, F
|poke|p2|Rotom-Wash
|poke|p2|Latios, M
|rule|Swagger Clause: Swagger is banned
|rule|Baton Pass Clause: Limit one PokÃ©mon knowing Baton Pass
|rule|Sleep Clause Mod: Limit one foe put to sleep
|rule|Species Clause: Limit one of each PokÃ©mon
|rule|OHKO Clause: OHKO moves are banned
|rule|Moody Clause: Moody is banned
|rule|Evasion Moves Clause: Evasion moves are banned
|rule|Endless Battle Clause: Forcing endless battles is banned
|rule|HP Percentage Mod: HP is shown in percentages
|teampreview
|
|start
|switch|p1a: Saturday|Azelf|291\/291
|switch|p2a: Infernape|Infernape, M|293\/293
|turn|1
|
|move|p1a: Saturday|Stealth Rock|p2a: Infernape
|-sidestart|p2: Red Skies|move: Stealth Rock
|move|p2a: Infernape|Fire Blast|p1a: Saturday
|-damage|p1a: Saturday|66\/291
|
|turn|2
|join|LeoDamin
|
|move|p1a: Saturday|Explosion|p2a: Infernape
|-enditem|p2a: Infernape|Focus Sash
|-damage|p2a: Infernape|1\/293
|faint|p1a: Saturday
|move|p2a: Infernape|Stealth Rock|p1: Saturday
|-sidestart|p1: Luz|move: Stealth Rock
|
|join|e7e
|
|switch|p1a: Mighty Fall|Raikou|321\/321
|-damage|p1a: Mighty Fall|281\/321|[from] Stealth Rock
|-ability|p1a: Mighty Fall|Pressure
|turn|3
|
|move|p2a: Infernape|Mach Punch|p1a: Mighty Fall
|-damage|p1a: Mighty Fall|199\/321
|move|p1a: Mighty Fall|Thunderbolt|p2a: Infernape
|-crit|p2a: Infernape
|-damage|p2a: Infernape|0 fnt
|faint|p2a: Infernape
|
|c| LeoDamin|rall
|c| LeoDamin|o seu time
|
|switch|p2a: Scizor|Scizor, M|296\/296
|-damage|p2a: Scizor|259\/296|[from] Stealth Rock
|turn|4
|c| e7e|ah nao
|c| LeoDamin|nÃ£o mama bird spam?
|c| e7e|falou de time
|c| e7e|ai nÃ£o
|c| e7e|AI NAO
|c| LeoDamin|ehauehauhea
|c|âRed Skies|Tem um rotom ali vey
|c| LeoDamin|eu sei
|join|frostwyvern
|c| LeoDamin|mas ele fica
|
|detailschange|p2a: Scizor|Scizor-Mega, M
|-mega|p2a: Scizor|Scizor|Scizorite
|move|p1a: Mighty Fall|Volt Switch|p2a: Scizor
|-damage|p2a: Scizor|138\/296
|c| LeoDamin|sobrecarregado
|
|switch|p1a: Water Buffalo|Keldeo|323\/323
|-damage|p1a: Water Buffalo|303\/323|[from] Stealth Rock
|move|p2a: Scizor|U-turn|p1a: Water Buffalo
|-resisted|p1a: Water Buffalo
|-damage|p1a: Water Buffalo|215\/323
|
|switch|p2a: Latios|Latios, M|301\/301
|-damage|p2a: Latios|264\/301|[from] Stealth Rock
|
|turn|5
|
|switch|p1a: Disloyal Order|Metagross|301\/301
|-damage|p1a: Disloyal Order|283\/301|[from] Stealth Rock
|move|p2a: Latios|Hidden Power|p1a: Disloyal Order
|-supereffective|p1a: Disloyal Order
|-damage|p1a: Disloyal Order|101\/301
|-damage|p2a: Latios|234\/301|[from] item: Life Orb
|
|turn|6
|c| LeoDamin|hp dark imo
|c| frostwyvern|ih
|c| frostwyvern|chamou na predectada
|
|detailschange|p1a: Disloyal Order|Metagross-Mega
|-mega|p1a: Disloyal Order|Metagross|Metagrossite
|move|p2a: Latios|Earthquake|p1a: Disloyal Order
|-supereffective|p1a: Disloyal Order
|-damage|p1a: Disloyal Order|0 fnt
|-damage|p2a: Latios|204\/301|[from] item: Life Orb
|faint|p1a: Disloyal Order
|
|
|switch|p1a: Suiteheart|Azumarill, F|341\/341
|-damage|p1a: Suiteheart|299\/341|[from] Stealth Rock
|turn|7
|
|switch|p2a: Rotom-Wash|Rotom-Wash|304\/304
|-damage|p2a: Rotom-Wash|266\/304|[from] Stealth Rock
|move|p1a: Suiteheart|Knock Off|p2a: Rotom-Wash
|-damage|p2a: Rotom-Wash|190\/304
|-enditem|p2a: Rotom-Wash|Leftovers|[from] move: Knock Off|[of] p1a: Suiteheart
|
|turn|8
|
|switch|p1a: Mighty Fall|Raikou|199\/321
|-damage|p1a: Mighty Fall|159\/321|[from] Stealth Rock
|-ability|p1a: Mighty Fall|Pressure
|move|p2a: Rotom-Wash|Will-O-Wisp|p1a: Mighty Fall
|-status|p1a: Mighty Fall|brn
|
|-damage|p1a: Mighty Fall|119\/321 brn|[from] brn
|turn|9
|
|switch|p2a: Breloom|Breloom, F|323\/323
|-damage|p2a: Breloom|303\/323|[from] Stealth Rock
|move|p1a: Mighty Fall|Thunderbolt|p2a: Breloom
|-resisted|p2a: Breloom
|-damage|p2a: Breloom|194\/323
|
|-damage|p1a: Mighty Fall|79\/321 brn|[from] brn
|-status|p2a: Breloom|tox|[from] item: Toxic Orb
|turn|10
|
|switch|p2a: Scizor|Scizor-Mega, M|138\/296
|-damage|p2a: Scizor|101\/296|[from] Stealth Rock
|move|p1a: Mighty Fall|Hidden Power|p2a: Scizor
|-resisted|p2a: Scizor
|-damage|p2a: Scizor|68\/296
|
|-damage|p1a: Mighty Fall|39\/321 brn|[from] brn
|turn|11
|c| LeoDamin|ih rapa
|
|move|p2a: Scizor|Bullet Punch|p1a: Mighty Fall
|-resisted|p1a: Mighty Fall
|-damage|p1a: Mighty Fall|0 fnt
|faint|p1a: Mighty Fall
|
|
|switch|p1a: Dead on Arrival|Landorus, M|319\/319
|-damage|p1a: Dead on Arrival|280\/319|[from] Stealth Rock
|turn|12
|c| frostwyvern|?
|c| frostwyvern|?
|c| frostwyvern|?
|c| frostwyvern|?
|c| frostwyvern|?
|c| frostwyvern|\/\/
|
|move|p2a: Scizor|Bullet Punch|p1a: Dead on Arrival
|-damage|p1a: Dead on Arrival|141\/319
|move|p1a: Dead on Arrival|Rock Polish|p1a: Dead on Arrival
|-boost|p1a: Dead on Arrival|spe|2
|
|turn|13
|c| LeoDamin|turno tenso pelo jeito
|c| LeoDamin|ih
|c| LeoDamin|chamou de vadia
|c| frostwyvern|VRUUUUUUUUSH
|c| frostwyvern|se for ofensivo
|leave|Red Skies
|c| frostwyvern|o scizor mata
|player|p2
|c| frostwyvern|se n for
|c| frostwyvern|tomou
|c| frostwyvern|tomou dc
|c| LeoDamin|hm hm
|join|Red Skies
|player|p2|Red Skies|209
|leave|Red Skies
|player|p2
|join|Red Skies
|player|p2|Red Skies|209
|leave|Red Skies
|player|p2
|c| frostwyvern|Oo
|join|Red Skies
|player|p2|Red Skies|209
|
|move|p2a: Scizor|Bullet Punch|p1a: Dead on Arrival
|-damage|p1a: Dead on Arrival|8\/319
|move|p1a: Dead on Arrival|Earth Power|p2a: Scizor
|-damage|p2a: Scizor|0 fnt
|faint|p2a: Scizor
|
|c| LeoDamin|ih
|
|switch|p2a: Keldeo-Resolute|Keldeo-Resolute|323\/323
|-damage|p2a: Keldeo-Resolute|303\/323|[from] Stealth Rock
|turn|14
|c|âRed Skies|dat net
|c|âRed Skies|Navegador bugado da porra
|
|move|p1a: Dead on Arrival|Psychic|p2a: Keldeo-Resolute
|-supereffective|p2a: Keldeo-Resolute
|-damage|p2a: Keldeo-Resolute|0 fnt
|faint|p2a: Keldeo-Resolute
|
|c| LeoDamin|qual browser usas?
|c|âRed Skies|Google crhome
|
|switch|p2a: Rotom-Wash|Rotom-Wash|190\/304
|-damage|p2a: Rotom-Wash|152\/304|[from] Stealth Rock
|turn|15
|c| LeoDamin|mua
|c| LeoDamin|muda*
|
|move|p1a: Dead on Arrival|Psychic|p2a: Rotom-Wash
|-damage|p2a: Rotom-Wash|0 fnt
|faint|p2a: Rotom-Wash
|
|c| LeoDamin|usa o maxthon
|c|âRed Skies|Mamei
|c| LeoDamin|.-.
|
|switch|p2a: Latios|Latios, M|204\/301
|-damage|p2a: Latios|167\/301|[from] Stealth Rock
|turn|16
|
|move|p1a: Dead on Arrival|Knock Off|p2a: Latios
|-supereffective|p2a: Latios
|-damage|p2a: Latios|0 fnt
|-enditem|p2a: Latios|Life Orb|[from] move: Knock Off|[of] p1a: Dead on Arrival
|-damage|p1a: Dead on Arrival|0 fnt|[from] item: Life Orb
|faint|p2a: Latios
|faint|p1a: Dead on Arrival
|
|c| LeoDamin|rofl
|c|âRed Skies|lol
|c|âRed Skies|Que burro eu
|c| LeoDamin|uhum
|c|âRed Skies|A nem
|
|switch|p1a: Water Buffalo|Keldeo|215\/323
|switch|p2a: Breloom|Breloom, F|194\/323 tox
|-damage|p1a: Water Buffalo|195\/323|[from] Stealth Rock
|-damage|p2a: Breloom|174\/323 tox|[from] Stealth Rock
|turn|17
|c|âRed Skies|Esse navegador tirou minha concentraÃ§Ã£o
|
|move|p1a: Water Buffalo|Secret Sword|p2a: Breloom
|-damage|p2a: Breloom|0 fnt
|faint|p2a: Breloom
|
|win|Luz