|join|Red Skies
|join|RightSeid
|player|p1|Red Skies|209
|player|p2|RightSeid|102
|gametype|singles
|gen|6
|tier|OU (suspect test)
|rated
|clearpoke
|poke|p1|Gengar, M
|poke|p1|Azumarill, F
|poke|p1|Lopunny, M
|poke|p1|Landorus-Therian, M
|poke|p1|Kyurem-Black
|poke|p1|Latias, F
|poke|p2|Gardevoir, M
|poke|p2|Scizor, F
|poke|p2|Heatran, M
|poke|p2|Excadrill, F
|poke|p2|Tyranitar, M
|poke|p2|Chesnaught, F
|rule|Swagger Clause: Swagger is banned
|rule|Baton Pass Clause: Limit one PokÃ©mon knowing Baton Pass
|rule|Sleep Clause Mod: Limit one foe put to sleep
|rule|Species Clause: Limit one of each PokÃ©mon
|rule|OHKO Clause: OHKO moves are banned
|rule|Moody Clause: Moody is banned
|rule|Evasion Moves Clause: Evasion moves are banned
|rule|Endless Battle Clause: Forcing endless battles is banned
|rule|HP Percentage Mod: HP is shown in percentages
|teampreview
|
|start
|switch|p1a: Kyurem-Black|Kyurem-Black|404\/404
|switch|p2a: Chesnaught|Chesnaught, F|329\/329
|-ability|p1a: Kyurem-Black|Teravolt
|turn|1
|
|switch|p2a: Scizor|Scizor, F|343\/343
|move|p1a: Kyurem-Black|Substitute|p1a: Kyurem-Black
|-start|p1a: Kyurem-Black|Substitute
|-damage|p1a: Kyurem-Black|303\/404
|
|-heal|p1a: Kyurem-Black|328\/404|[from] item: Leftovers
|turn|2
|
|move|p1a: Kyurem-Black|Earth Power|p2a: Scizor
|-damage|p2a: Scizor|221\/343
|move|p2a: Scizor|Swords Dance|p2a: Scizor
|-boost|p2a: Scizor|atk|2
|
|-heal|p1a: Kyurem-Black|353\/404|[from] item: Leftovers
|-heal|p2a: Scizor|242\/343|[from] item: Leftovers
|turn|3
|
|move|p1a: Kyurem-Black|Fusion Bolt|p2a: Scizor
|-damage|p2a: Scizor|115\/343
|move|p2a: Scizor|Roost|p2a: Scizor
|-heal|p2a: Scizor|287\/343
|
|-heal|p1a: Kyurem-Black|378\/404|[from] item: Leftovers
|-heal|p2a: Scizor|308\/343|[from] item: Leftovers
|turn|4
|
|move|p2a: Scizor|Bullet Punch|p1a: Kyurem-Black
|-supereffective|p1a: Kyurem-Black
|-end|p1a: Kyurem-Black|Substitute
|move|p1a: Kyurem-Black|Earth Power|p2a: Scizor
|-damage|p2a: Scizor|185\/343
|
|-heal|p1a: Kyurem-Black|403\/404|[from] item: Leftovers
|-heal|p2a: Scizor|206\/343|[from] item: Leftovers
|turn|5
|
|move|p1a: Kyurem-Black|Earth Power|p2a: Scizor
|-damage|p2a: Scizor|94\/343
|move|p2a: Scizor|Roost|p2a: Scizor
|-heal|p2a: Scizor|266\/343
|
|-heal|p1a: Kyurem-Black|404\/404|[from] item: Leftovers
|-heal|p2a: Scizor|287\/343|[from] item: Leftovers
|turn|6
|
|move|p1a: Kyurem-Black|Earth Power|p2a: Scizor
|-damage|p2a: Scizor|163\/343
|move|p2a: Scizor|Swords Dance|p2a: Scizor
|-boost|p2a: Scizor|atk|2
|
|-heal|p2a: Scizor|184\/343|[from] item: Leftovers
|turn|7
|
|switch|p1a: Azumarill|Azumarill, F|400\/400
|move|p2a: Scizor|Roost|p2a: Scizor
|-heal|p2a: Scizor|343\/343
|
|turn|8
|
|switch|p1a: Landorus-Therian|Landorus-Therian, M|382\/382
|-ability|p1a: Landorus-Therian|Intimidate|[of] p2a: Scizor
|-unboost|p2a: Scizor|atk|1
|move|p2a: Scizor|Bullet Punch|p1a: Landorus-Therian
|-damage|p1a: Landorus-Therian|171\/382
|
|-heal|p1a: Landorus-Therian|194\/382|[from] item: Leftovers
|turn|9
|
|move|p1a: Landorus-Therian|Earthquake|p2a: Scizor
|-damage|p2a: Scizor|184\/343
|move|p2a: Scizor|Swords Dance|p2a: Scizor
|-boost|p2a: Scizor|atk|2
|
|-heal|p1a: Landorus-Therian|217\/382|[from] item: Leftovers
|-heal|p2a: Scizor|205\/343|[from] item: Leftovers
|turn|10
|
|move|p1a: Landorus-Therian|Earthquake|p2a: Scizor
|-damage|p2a: Scizor|60\/343
|move|p2a: Scizor|Roost|p2a: Scizor
|-heal|p2a: Scizor|232\/343
|
|-heal|p1a: Landorus-Therian|240\/382|[from] item: Leftovers
|-heal|p2a: Scizor|253\/343|[from] item: Leftovers
|turn|11
|
|move|p2a: Scizor|Bullet Punch|p1a: Landorus-Therian
|-damage|p1a: Landorus-Therian|0 fnt
|faint|p1a: Landorus-Therian
|
|-heal|p2a: Scizor|274\/343|[from] item: Leftovers
|-message|Red Skies forfeited.
|leave|Red Skies
|
|win|RightSeid
|raw|Ladder updating...
|player|p1
|c|âRightSeid|gg
|raw|Red Skies's rating: 1373 &rarr; <strong>1347<\/strong><br \/>(-26 for losing)
|raw|RightSeid's rating: 1277 &rarr; <strong>1308<\/strong><br \/>(+31 for winning)