|join|Red Skies
|join|CyberOdin
|player|p1|Red Skies|64
|player|p2|CyberOdin|169
|gametype|singles
|gen|5
|tier|[Gen 5] OU
|rule|Evasion Abilities Clause: Evasion abilities are banned
|clearpoke
|poke|p1|Politoed, M
|poke|p1|Dragonite, M
|poke|p1|Tentacruel, F
|poke|p1|Tornadus, M
|poke|p1|Ferrothorn, F
|poke|p1|Gliscor, M
|poke|p2|Mew
|poke|p2|Gliscor, M
|poke|p2|Tentacruel, M
|poke|p2|Tyranitar, M
|poke|p2|Chansey, F
|poke|p2|Garchomp, M
|rule|Sleep Clause Mod: Limit one foe put to sleep
|rule|Species Clause: Limit one of each PokÃ©mon
|rule|OHKO Clause: OHKO moves are banned
|rule|Moody Clause: Moody is banned
|rule|Evasion Moves Clause: Evasion moves are banned
|rule|Endless Battle Clause: Forcing endless battles is banned
|rule|HP Percentage Mod: HP is shown in percentages
|teampreview
|join|Mussoumano
|c|âCyberOdin|gl bro 
|join|vem pra rua!
|c|âRed Skies|gl o\/
|
|start
|switch|p1a: Gliscor|Gliscor, M|354\/354
|switch|p2a: Gliscor|Gliscor, M|354\/354
|turn|1
|
|move|p2a: Gliscor|Protect|p2a: Gliscor
|-singleturn|p2a: Gliscor|Protect
|move|p1a: Gliscor|Protect|p1a: Gliscor
|-fail|p1a: Gliscor
|
|-status|p2a: Gliscor|tox|[from] item: Toxic Orb
|-status|p1a: Gliscor|tox|[from] item: Toxic Orb
|turn|2
|
|switch|p1a: Politoed|Politoed, M|322\/322
|-weather|RainDance|[from] ability: Drizzle|[of] p1a: Politoed
|move|p2a: Gliscor|Earthquake|p1a: Politoed
|-damage|p1a: Politoed|171\/322
|
|-weather|RainDance|[upkeep]
|turn|3
|
|switch|p2a: Chansey|Chansey, F|691\/691
|move|p1a: Politoed|Scald|p2a: Chansey
|-damage|p2a: Chansey|585\/691
|-status|p2a: Chansey|brn
|
|-weather|RainDance|[upkeep]
|-damage|p2a: Chansey|499\/691 brn|[from] brn
|turn|4
|join|Sagati
|
|switch|p1a: Ferrothorn|Ferrothorn, F|352\/352
|move|p2a: Chansey|Stealth Rock|p1a: Ferrothorn
|-sidestart|p1: Red Skies|move: Stealth Rock
|
|-weather|RainDance|[upkeep]
|-damage|p2a: Chansey|413\/691 brn|[from] brn
|turn|5
|
|switch|p2a: Mew|Mew|404\/404
|move|p1a: Ferrothorn|Stealth Rock|p2a: Mew
|-sidestart|p2: CyberOdin|move: Stealth Rock
|
|-weather|RainDance|[upkeep]
|turn|6
|
|move|p1a: Ferrothorn|Protect|p1a: Ferrothorn
|-singleturn|p1a: Ferrothorn|Protect
|move|p2a: Mew|Will-O-Wisp|p1a: Ferrothorn
|-activate|p1a: Ferrothorn|Protect
|
|-weather|RainDance|[upkeep]
|turn|7
|
|move|p2a: Mew|Will-O-Wisp|p1a: Ferrothorn|[miss]
|-miss|p2a: Mew|p1a: Ferrothorn
|move|p1a: Ferrothorn|Leech Seed|p2a: Mew
|-start|p2a: Mew|move: Leech Seed
|
|-weather|RainDance|[upkeep]
|-damage|p2a: Mew|354\/404|[from] Leech Seed|[of] p1a: Ferrothorn
|turn|8
|c| vem pra rua!|nice
|
|switch|p2a: Tentacruel|Tentacruel, M|344\/344
|-damage|p2a: Tentacruel|301\/344|[from] Stealth Rock
|switch|p1a: Gliscor|Gliscor, M|354\/354 tox
|-damage|p1a: Gliscor|310\/354 tox|[from] Stealth Rock
|
|-weather|RainDance|[upkeep]
|-heal|p2a: Tentacruel|322\/344|[from] item: Black Sludge
|-heal|p1a: Gliscor|354\/354 tox|[from] ability: Poison Heal
|turn|9
|
|switch|p2a: Gliscor|Gliscor, M|354\/354 tox
|-damage|p2a: Gliscor|310\/354 tox|[from] Stealth Rock
|move|p1a: Gliscor|Protect|p1a: Gliscor
|-fail|p1a: Gliscor
|
|-weather|RainDance|[upkeep]
|-heal|p2a: Gliscor|354\/354 tox|[from] ability: Poison Heal
|turn|10
|
|move|p2a: Gliscor|Substitute|p2a: Gliscor
|-start|p2a: Gliscor|Substitute
|-damage|p2a: Gliscor|266\/354 tox
|move|p1a: Gliscor|Taunt|p2a: Gliscor
|-start|p2a: Gliscor|move: Taunt
|
|-weather|RainDance|[upkeep]
|-heal|p2a: Gliscor|310\/354 tox|[from] ability: Poison Heal
|turn|11
|join|SoulDragonite
|c|~SoulDragonite|eita
|c|~SoulDragonite|boa sorte ai leleks
|c|~SoulDragonite|o.o
|c|âRed Skies|Vlw o\/
|
|switch|p1a: Ferrothorn|Ferrothorn, F|352\/352
|-damage|p1a: Ferrothorn|330\/352|[from] Stealth Rock
|move|p2a: Gliscor|Earthquake|p1a: Ferrothorn
|-crit|p1a: Ferrothorn
|-damage|p1a: Ferrothorn|185\/352
|
|-weather|RainDance|[upkeep]
|-heal|p1a: Ferrothorn|207\/352|[from] item: Leftovers
|-heal|p2a: Gliscor|354\/354 tox|[from] ability: Poison Heal
|turn|12
|
|switch|p2a: Tentacruel|Tentacruel, M|322\/344
|-damage|p2a: Tentacruel|279\/344|[from] Stealth Rock
|move|p1a: Ferrothorn|Gyro Ball|p2a: Tentacruel
|-resisted|p2a: Tentacruel
|-damage|p2a: Tentacruel|203\/344
|
|-weather|RainDance|[upkeep]
|-heal|p2a: Tentacruel|224\/344|[from] item: Black Sludge
|-heal|p1a: Ferrothorn|229\/352|[from] item: Leftovers
|turn|13
|
|move|p1a: Ferrothorn|Protect|p1a: Ferrothorn
|-singleturn|p1a: Ferrothorn|Protect
|move|p2a: Tentacruel|Scald|p1a: Ferrothorn
|-activate|p1a: Ferrothorn|Protect
|
|-weather|RainDance|[upkeep]
|-heal|p2a: Tentacruel|245\/344|[from] item: Black Sludge
|-heal|p1a: Ferrothorn|251\/352|[from] item: Leftovers
|turn|14
|
|switch|p1a: Tentacruel|Tentacruel, F|364\/364
|-damage|p1a: Tentacruel|319\/364|[from] Stealth Rock
|move|p2a: Tentacruel|Rapid Spin|p1a: Tentacruel
|-damage|p1a: Tentacruel|309\/364
|-sideend|p2: CyberOdin|Stealth Rock|[from] move: Rapid Spin|[of] p2a: Tentacruel
|
|-weather|RainDance|[upkeep]
|-heal|p1a: Tentacruel|331\/364|[from] ability: Rain Dish
|-heal|p2a: Tentacruel|266\/344|[from] item: Black Sludge
|-heal|p1a: Tentacruel|353\/364|[from] item: Black Sludge
|turn|15
|join|mexicolodin
|
|switch|p2a: Tyranitar|Tyranitar, M|343\/343
|-weather|Sandstorm|[from] ability: Sand Stream|[of] p2a: Tyranitar
|move|p1a: Tentacruel|Rapid Spin|p2a: Tyranitar
|-resisted|p2a: Tyranitar
|-damage|p2a: Tyranitar|338\/343
|-sideend|p1: Red Skies|Stealth Rock|[from] move: Rapid Spin|[of] p1a: Tentacruel
|
|-weather|Sandstorm|[upkeep]
|-damage|p1a: Tentacruel|331\/364|[from] sandstorm
|-heal|p1a: Tentacruel|353\/364|[from] item: Black Sludge
|turn|16
|
|move|p1a: Tentacruel|Protect|p1a: Tentacruel
|-singleturn|p1a: Tentacruel|Protect
|move|p2a: Tyranitar|Stone Edge|p1a: Tentacruel
|-activate|p1a: Tentacruel|Protect
|
|-weather|Sandstorm|[upkeep]
|-damage|p1a: Tentacruel|331\/364|[from] sandstorm
|-heal|p1a: Tentacruel|353\/364|[from] item: Black Sludge
|turn|17
|
|switch|p1a: Ferrothorn|Ferrothorn, F|251\/352
|move|p2a: Tyranitar|Stone Edge|p1a: Ferrothorn
|-resisted|p1a: Ferrothorn
|-damage|p1a: Ferrothorn|146\/352
|
|-weather|Sandstorm|[upkeep]
|-heal|p1a: Ferrothorn|168\/352|[from] item: Leftovers
|turn|18
|
|switch|p2a: Tentacruel|Tentacruel, M|266\/344
|move|p1a: Ferrothorn|Stealth Rock|p2a: Tentacruel
|-sidestart|p2: CyberOdin|move: Stealth Rock
|
|-weather|Sandstorm|[upkeep]
|-damage|p2a: Tentacruel|245\/344|[from] sandstorm
|-heal|p2a: Tentacruel|266\/344|[from] item: Black Sludge
|-heal|p1a: Ferrothorn|190\/352|[from] item: Leftovers
|turn|19
|
|move|p2a: Tentacruel|Scald|p1a: Ferrothorn
|-crit|p1a: Ferrothorn
|-resisted|p1a: Ferrothorn
|-damage|p1a: Ferrothorn|134\/352
|move|p1a: Ferrothorn|Gyro Ball|p2a: Tentacruel
|-resisted|p2a: Tentacruel
|-damage|p2a: Tentacruel|188\/344
|
|-weather|Sandstorm|[upkeep]
|-damage|p2a: Tentacruel|167\/344|[from] sandstorm
|-heal|p2a: Tentacruel|188\/344|[from] item: Black Sludge
|-heal|p1a: Ferrothorn|156\/352|[from] item: Leftovers
|turn|20
|
|move|p2a: Tentacruel|Scald|p1a: Ferrothorn
|-resisted|p1a: Ferrothorn
|-damage|p1a: Ferrothorn|128\/352
|-status|p1a: Ferrothorn|brn
|move|p1a: Ferrothorn|Gyro Ball|p2a: Tentacruel
|-resisted|p2a: Tentacruel
|-damage|p2a: Tentacruel|148\/344
|
|-weather|Sandstorm|[upkeep]
|-damage|p2a: Tentacruel|127\/344|[from] sandstorm
|-heal|p2a: Tentacruel|148\/344|[from] item: Black Sludge
|-heal|p1a: Ferrothorn|150\/352 brn|[from] item: Leftovers
|-damage|p1a: Ferrothorn|106\/352 brn|[from] brn
|turn|21
|
|switch|p2a: Gliscor|Gliscor, M|354\/354 tox
|-damage|p2a: Gliscor|310\/354 tox|[from] Stealth Rock
|move|p1a: Ferrothorn|Stealth Rock|p2a: Gliscor
|-fail|p2a: Gliscor
|
|-weather|Sandstorm|[upkeep]
|-heal|p1a: Ferrothorn|128\/352 brn|[from] item: Leftovers
|-heal|p2a: Gliscor|354\/354 tox|[from] ability: Poison Heal
|-damage|p1a: Ferrothorn|84\/352 brn|[from] brn
|turn|22
|
|switch|p1a: Gliscor|Gliscor, M|354\/354 tox
|move|p2a: Gliscor|Substitute|p2a: Gliscor
|-start|p2a: Gliscor|Substitute
|-damage|p2a: Gliscor|266\/354 tox
|
|-weather|Sandstorm|[upkeep]
|-heal|p2a: Gliscor|310\/354 tox|[from] ability: Poison Heal
|turn|23
|join|Lighthouses.
|
|switch|p2a: Mew|Mew|354\/404
|-damage|p2a: Mew|304\/404|[from] Stealth Rock
|move|p1a: Gliscor|Taunt|p2a: Mew
|-start|p2a: Mew|move: Taunt
|
|-weather|Sandstorm|[upkeep]
|-damage|p2a: Mew|279\/404|[from] sandstorm
|-heal|p2a: Mew|304\/404|[from] item: Leftovers
|turn|24
|
|switch|p1a: Politoed|Politoed, M|171\/322
|-weather|RainDance|[from] ability: Drizzle|[of] p1a: Politoed
|move|p2a: Mew|Ice Beam|p1a: Politoed
|-resisted|p1a: Politoed
|-damage|p1a: Politoed|136\/322
|
|-weather|RainDance|[upkeep]
|-heal|p2a: Mew|329\/404|[from] item: Leftovers
|turn|25
|
|switch|p1a: Tornadus|Tornadus, M|299\/299
|switch|p2a: Tentacruel|Tentacruel, M|148\/344
|-damage|p2a: Tentacruel|105\/344|[from] Stealth Rock
|
|-weather|RainDance|[upkeep]
|-heal|p2a: Tentacruel|126\/344|[from] item: Black Sludge
|turn|26
|
|switch|p2a: Chansey|Chansey, F|413\/691
|-damage|p2a: Chansey|327\/691|[from] Stealth Rock
|move|p1a: Tornadus|Hurricane|p2a: Chansey
|-damage|p2a: Chansey|162\/691
|-damage|p1a: Tornadus|270\/299|[from] item: Life Orb
|
|-weather|RainDance|[upkeep]
|turn|27
|
|move|p1a: Tornadus|Superpower|p2a: Chansey
|-supereffective|p2a: Chansey
|-damage|p2a: Chansey|0 fnt
|-unboost|p1a: Tornadus|atk|1
|-unboost|p1a: Tornadus|def|1
|-damage|p1a: Tornadus|241\/299|[from] item: Life Orb
|faint|p2a: Chansey
|
|-weather|RainDance|[upkeep]
|
|switch|p2a: Tyranitar|Tyranitar, M|338\/343
|-damage|p2a: Tyranitar|296\/343|[from] Stealth Rock
|-weather|Sandstorm|[from] ability: Sand Stream|[of] p2a: Tyranitar
|turn|28
|
|switch|p1a: Ferrothorn|Ferrothorn, F|84\/352 brn
|switch|p2a: Gliscor|Gliscor, M|310\/354 tox
|-damage|p2a: Gliscor|266\/354 tox|[from] Stealth Rock
|
|-weather|Sandstorm|[upkeep]
|-heal|p1a: Ferrothorn|106\/352 brn|[from] item: Leftovers
|-heal|p2a: Gliscor|310\/354 tox|[from] ability: Poison Heal
|-damage|p1a: Ferrothorn|62\/352 brn|[from] brn
|turn|29
|
|switch|p1a: Gliscor|Gliscor, M|354\/354 tox
|move|p2a: Gliscor|Earthquake|p1a: Gliscor
|-immune|p1a: Gliscor|[msg]
|
|-weather|Sandstorm|[upkeep]
|-heal|p2a: Gliscor|354\/354 tox|[from] ability: Poison Heal
|turn|30
|
|move|p2a: Gliscor|Toxic|p1a: Gliscor
|-fail|p1a: Gliscor|tox
|move|p1a: Gliscor|Toxic|p2a: Gliscor
|-fail|p2a: Gliscor|tox
|
|-weather|Sandstorm|[upkeep]
|turn|31
|
|move|p2a: Gliscor|Substitute|p2a: Gliscor
|-start|p2a: Gliscor|Substitute
|-damage|p2a: Gliscor|266\/354 tox
|move|p1a: Gliscor|Toxic|p2a: Gliscor
|
|-weather|Sandstorm|[upkeep]
|-heal|p2a: Gliscor|310\/354 tox|[from] ability: Poison Heal
|turn|32
|
|move|p2a: Gliscor|Protect|p2a: Gliscor
|-singleturn|p2a: Gliscor|Protect
|move|p1a: Gliscor|Taunt|p2a: Gliscor
|-activate|p2a: Gliscor|Protect
|
|-weather|Sandstorm|[upkeep]
|-heal|p2a: Gliscor|354\/354 tox|[from] ability: Poison Heal
|turn|33
|
|move|p2a: Gliscor|Toxic|p1a: Gliscor
|-fail|p1a: Gliscor|tox
|move|p1a: Gliscor|Toxic|p2a: Gliscor
|
|-weather|Sandstorm|[upkeep]
|turn|34
|
|switch|p2a: Mew|Mew|329\/404
|-damage|p2a: Mew|279\/404|[from] Stealth Rock
|move|p1a: Gliscor|Taunt|p2a: Mew
|-start|p2a: Mew|move: Taunt
|
|-weather|Sandstorm|[upkeep]
|-damage|p2a: Mew|254\/404|[from] sandstorm
|-heal|p2a: Mew|279\/404|[from] item: Leftovers
|turn|35
|
|switch|p1a: Tentacruel|Tentacruel, F|353\/364
|move|p2a: Mew|Ice Beam|p1a: Tentacruel
|-resisted|p1a: Tentacruel
|-damage|p1a: Tentacruel|322\/364
|
|-weather|Sandstorm|[upkeep]
|-damage|p2a: Mew|254\/404|[from] sandstorm
|-damage|p1a: Tentacruel|300\/364|[from] sandstorm
|-heal|p2a: Mew|279\/404|[from] item: Leftovers
|-heal|p1a: Tentacruel|322\/364|[from] item: Black Sludge
|turn|36
|
|move|p2a: Mew|Ice Beam|p1a: Tentacruel
|-resisted|p1a: Tentacruel
|-damage|p1a: Tentacruel|292\/364
|move|p1a: Tentacruel|Scald|p2a: Mew
|-damage|p2a: Mew|206\/404
|
|-weather|Sandstorm|[upkeep]
|-damage|p2a: Mew|181\/404|[from] sandstorm
|-damage|p1a: Tentacruel|270\/364|[from] sandstorm
|-heal|p2a: Mew|206\/404|[from] item: Leftovers
|-heal|p1a: Tentacruel|292\/364|[from] item: Black Sludge
|turn|37
|
|switch|p1a: Politoed|Politoed, M|136\/322
|-weather|RainDance|[from] ability: Drizzle|[of] p1a: Politoed
|move|p2a: Mew|Ice Beam|p1a: Politoed
|-resisted|p1a: Politoed
|-damage|p1a: Politoed|98\/322
|
|-weather|RainDance|[upkeep]
|-heal|p2a: Mew|231\/404|[from] item: Leftovers
|-end|p2a: Mew|move: Taunt
|turn|38
|
|switch|p2a: Tentacruel|Tentacruel, M|126\/344
|-damage|p2a: Tentacruel|83\/344|[from] Stealth Rock
|move|p1a: Politoed|Encore|p2a: Tentacruel
|-fail|p2a: Tentacruel
|
|-weather|RainDance|[upkeep]
|-heal|p2a: Tentacruel|104\/344|[from] item: Black Sludge
|turn|39
|
|switch|p1a: Ferrothorn|Ferrothorn, F|62\/352 brn
|move|p2a: Tentacruel|Rapid Spin|p1a: Ferrothorn
|-resisted|p1a: Ferrothorn
|-damage|p1a: Ferrothorn|59\/352 brn
|-damage|p2a: Tentacruel|61\/344|[from] ability: Iron Barbs|[of] p1a: Ferrothorn
|-sideend|p2: CyberOdin|Stealth Rock|[from] move: Rapid Spin|[of] p2a: Tentacruel
|
|-weather|RainDance|[upkeep]
|-heal|p2a: Tentacruel|82\/344|[from] item: Black Sludge
|-heal|p1a: Ferrothorn|81\/352 brn|[from] item: Leftovers
|-damage|p1a: Ferrothorn|37\/352 brn|[from] brn
|turn|40
|
|move|p2a: Tentacruel|Scald|p1a: Ferrothorn
|-resisted|p1a: Ferrothorn
|-damage|p1a: Ferrothorn|0 fnt
|faint|p1a: Ferrothorn
|
|-weather|RainDance|[upkeep]
|-heal|p2a: Tentacruel|103\/344|[from] item: Black Sludge
|
|switch|p1a: Tornadus|Tornadus, M|241\/299
|turn|41
|
|switch|p2a: Tyranitar|Tyranitar, M|296\/343
|-weather|Sandstorm|[from] ability: Sand Stream|[of] p2a: Tyranitar
|move|p1a: Tornadus|Hurricane|p2a: Tyranitar
|-resisted|p2a: Tyranitar
|-damage|p2a: Tyranitar|210\/343
|-damage|p1a: Tornadus|212\/299|[from] item: Life Orb
|
|-weather|Sandstorm|[upkeep]
|-damage|p1a: Tornadus|194\/299|[from] sandstorm
|turn|42
|
|switch|p2a: Gliscor|Gliscor, M|354\/354 tox
|move|p1a: Tornadus|Superpower|p2a: Gliscor
|-resisted|p2a: Gliscor
|-damage|p2a: Gliscor|296\/354 tox
|-unboost|p1a: Tornadus|atk|1
|-unboost|p1a: Tornadus|def|1
|-damage|p1a: Tornadus|165\/299|[from] item: Life Orb
|
|-weather|Sandstorm|[upkeep]
|-damage|p1a: Tornadus|147\/299|[from] sandstorm
|-heal|p2a: Gliscor|340\/354 tox|[from] ability: Poison Heal
|turn|43
|leave|SoulDragonite
|
|move|p2a: Gliscor|Protect|p2a: Gliscor
|-singleturn|p2a: Gliscor|Protect
|move|p1a: Tornadus|Hidden Power|p2a: Gliscor
|-activate|p2a: Gliscor|Protect
|
|-weather|Sandstorm|[upkeep]
|-damage|p1a: Tornadus|129\/299|[from] sandstorm
|-heal|p2a: Gliscor|354\/354 tox|[from] ability: Poison Heal
|turn|44
|
|switch|p1a: Politoed|Politoed, M|98\/322
|-weather|RainDance|[from] ability: Drizzle|[of] p1a: Politoed
|switch|p2a: Tentacruel|Tentacruel, M|103\/344
|
|-weather|RainDance|[upkeep]
|-heal|p2a: Tentacruel|124\/344|[from] item: Black Sludge
|turn|45
|
|switch|p2a: Tyranitar|Tyranitar, M|210\/343
|-weather|Sandstorm|[from] ability: Sand Stream|[of] p2a: Tyranitar
|move|p1a: Politoed|Hypnosis|p2a: Tyranitar|[miss]
|-miss|p1a: Politoed|p2a: Tyranitar
|
|-weather|Sandstorm|[upkeep]
|-damage|p1a: Politoed|78\/322|[from] sandstorm
|turn|46
|
|move|p1a: Politoed|Hypnosis|p2a: Tyranitar
|-status|p2a: Tyranitar|slp
|cant|p2a: Tyranitar|slp
|
|-weather|Sandstorm|[upkeep]
|-damage|p1a: Politoed|58\/322|[from] sandstorm
|turn|47
|
|switch|p1a: Gliscor|Gliscor, M|354\/354 tox
|switch|p2a: Mew|Mew|231\/404
|
|-weather|Sandstorm|[upkeep]
|-damage|p2a: Mew|206\/404|[from] sandstorm
|-heal|p2a: Mew|231\/404|[from] item: Leftovers
|turn|48
|
|switch|p1a: Tentacruel|Tentacruel, F|292\/364
|move|p2a: Mew|Ice Beam|p1a: Tentacruel
|-resisted|p1a: Tentacruel
|-damage|p1a: Tentacruel|265\/364
|
|-weather|Sandstorm|[upkeep]
|-damage|p2a: Mew|206\/404|[from] sandstorm
|-damage|p1a: Tentacruel|243\/364|[from] sandstorm
|-heal|p2a: Mew|231\/404|[from] item: Leftovers
|-heal|p1a: Tentacruel|265\/364|[from] item: Black Sludge
|turn|49
|
|move|p2a: Mew|Will-O-Wisp|p1a: Tentacruel
|-status|p1a: Tentacruel|brn
|move|p1a: Tentacruel|Toxic|p2a: Mew
|-status|p2a: Mew|tox
|
|-weather|Sandstorm|[upkeep]
|-damage|p2a: Mew|206\/404 tox|[from] sandstorm
|-damage|p1a: Tentacruel|243\/364 brn|[from] sandstorm
|-heal|p2a: Mew|231\/404 tox|[from] item: Leftovers
|-heal|p1a: Tentacruel|265\/364 brn|[from] item: Black Sludge
|-damage|p2a: Mew|206\/404 tox|[from] psn
|-damage|p1a: Tentacruel|220\/364 brn|[from] brn
|turn|50
|join|Century Express
|
|move|p2a: Mew|Soft-Boiled|p2a: Mew
|-heal|p2a: Mew|404\/404 tox
|move|p1a: Tentacruel|Scald|p2a: Mew
|-damage|p2a: Mew|326\/404 tox
|
|-weather|Sandstorm|[upkeep]
|-damage|p2a: Mew|301\/404 tox|[from] sandstorm
|-damage|p1a: Tentacruel|198\/364 brn|[from] sandstorm
|-heal|p2a: Mew|326\/404 tox|[from] item: Leftovers
|-heal|p1a: Tentacruel|220\/364 brn|[from] item: Black Sludge
|-damage|p2a: Mew|276\/404 tox|[from] psn
|-damage|p1a: Tentacruel|175\/364 brn|[from] brn
|turn|51
|
|switch|p2a: Gliscor|Gliscor, M|354\/354 tox
|switch|p1a: Politoed|Politoed, M|58\/322
|-weather|RainDance|[from] ability: Drizzle|[of] p1a: Politoed
|
|-weather|RainDance|[upkeep]
|turn|52
|
|move|p2a: Gliscor|Protect|p2a: Gliscor
|-singleturn|p2a: Gliscor|Protect
|move|p1a: Politoed|Scald|p2a: Gliscor
|-activate|p2a: Gliscor|Protect
|
|-weather|RainDance|[upkeep]
|turn|53
|
|switch|p2a: Tyranitar|Tyranitar, M|210\/343 slp
|-weather|Sandstorm|[from] ability: Sand Stream|[of] p2a: Tyranitar
|move|p1a: Politoed|Scald|p2a: Tyranitar
|-supereffective|p2a: Tyranitar
|-damage|p2a: Tyranitar|66\/343 slp
|
|-weather|Sandstorm|[upkeep]
|-damage|p1a: Politoed|38\/322|[from] sandstorm
|turn|54
|
|switch|p2a: Tentacruel|Tentacruel, M|124\/344
|move|p1a: Politoed|Scald|p2a: Tentacruel
|-resisted|p2a: Tentacruel
|-damage|p2a: Tentacruel|81\/344
|
|-weather|Sandstorm|[upkeep]
|-damage|p1a: Politoed|18\/322|[from] sandstorm
|-damage|p2a: Tentacruel|60\/344|[from] sandstorm
|-heal|p2a: Tentacruel|81\/344|[from] item: Black Sludge
|turn|55
|
|switch|p1a: Tentacruel|Tentacruel, F|175\/364 brn
|move|p2a: Tentacruel|Scald|p1a: Tentacruel
|-resisted|p1a: Tentacruel
|-damage|p1a: Tentacruel|147\/364 brn
|
|-weather|Sandstorm|[upkeep]
|-damage|p2a: Tentacruel|60\/344|[from] sandstorm
|-damage|p1a: Tentacruel|125\/364 brn|[from] sandstorm
|-heal|p2a: Tentacruel|81\/344|[from] item: Black Sludge
|-heal|p1a: Tentacruel|147\/364 brn|[from] item: Black Sludge
|-damage|p1a: Tentacruel|102\/364 brn|[from] brn
|turn|56
|
|switch|p2a: Gliscor|Gliscor, M|354\/354 tox
|move|p1a: Tentacruel|Scald|p2a: Gliscor
|-supereffective|p2a: Gliscor
|-damage|p2a: Gliscor|162\/354 tox
|
|-weather|Sandstorm|[upkeep]
|-damage|p1a: Tentacruel|80\/364 brn|[from] sandstorm
|-heal|p1a: Tentacruel|102\/364 brn|[from] item: Black Sludge
|-heal|p2a: Gliscor|206\/354 tox|[from] ability: Poison Heal
|-damage|p1a: Tentacruel|57\/364 brn|[from] brn
|turn|57
|
|switch|p1a: Gliscor|Gliscor, M|354\/354 tox
|move|p2a: Gliscor|Earthquake|p1a: Gliscor
|-immune|p1a: Gliscor|[msg]
|
|-weather|Sandstorm|[upkeep]
|-heal|p2a: Gliscor|250\/354 tox|[from] ability: Poison Heal
|turn|58
|
|switch|p2a: Mew|Mew|276\/404 tox
|move|p1a: Gliscor|Taunt|p2a: Mew
|-start|p2a: Mew|move: Taunt
|
|-weather|Sandstorm|[upkeep]
|-damage|p2a: Mew|251\/404 tox|[from] sandstorm
|-heal|p2a: Mew|276\/404 tox|[from] item: Leftovers
|-damage|p2a: Mew|251\/404 tox|[from] psn
|turn|59
|
|move|p1a: Gliscor|Protect|p1a: Gliscor
|-singleturn|p1a: Gliscor|Protect
|move|p2a: Mew|Ice Beam|p1a: Gliscor
|-activate|p1a: Gliscor|Protect
|
|-weather|Sandstorm|[upkeep]
|-damage|p2a: Mew|226\/404 tox|[from] sandstorm
|-heal|p2a: Mew|251\/404 tox|[from] item: Leftovers
|-damage|p2a: Mew|201\/404 tox|[from] psn
|turn|60
|
|switch|p2a: Garchomp|Garchomp, M|357\/357
|switch|p1a: Tentacruel|Tentacruel, F|57\/364 brn
|
|-weather|Sandstorm|[upkeep]
|-damage|p1a: Tentacruel|35\/364 brn|[from] sandstorm
|-heal|p1a: Tentacruel|57\/364 brn|[from] item: Black Sludge
|-damage|p1a: Tentacruel|12\/364 brn|[from] brn
|turn|61
|
|move|p2a: Garchomp|Earthquake|p1a: Tentacruel
|-supereffective|p1a: Tentacruel
|-damage|p1a: Tentacruel|0 fnt
|-damage|p2a: Garchomp|322\/357|[from] item: Life Orb
|faint|p1a: Tentacruel
|
|-weather|Sandstorm|[upkeep]
|
|switch|p1a: Politoed|Politoed, M|18\/322
|-weather|RainDance|[from] ability: Drizzle|[of] p1a: Politoed
|turn|62
|c|âRed Skies|exellent fight dude :]
|
|switch|p1a: Gliscor|Gliscor, M|354\/354 tox
|switch|p2a: Tentacruel|Tentacruel, M|81\/344
|
|-weather|RainDance|[upkeep]
|-heal|p2a: Tentacruel|102\/344|[from] item: Black Sludge
|turn|63
|c|+Sagati|excelent*
|
|switch|p2a: Gliscor|Gliscor, M|250\/354 tox
|move|p1a: Gliscor|Earthquake|p2a: Gliscor
|-immune|p2a: Gliscor|[msg]
|
|-weather|RainDance|[upkeep]
|-heal|p2a: Gliscor|294\/354 tox|[from] ability: Poison Heal
|turn|64
|c|+Lighthouses.|excelent english dude
|
|move|p2a: Gliscor|Toxic|p1a: Gliscor
|-fail|p1a: Gliscor|tox
|move|p1a: Gliscor|Taunt|p2a: Gliscor
|-start|p2a: Gliscor|move: Taunt
|
|-weather|RainDance|[upkeep]
|-heal|p2a: Gliscor|338\/354 tox|[from] ability: Poison Heal
|turn|65
|c|âRed Skies|Erro de ortografia
|c|+Sagati|estamos aqui nÃ£o deixamos passar ;)
|
|move|p2a: Gliscor|Earthquake|p1a: Gliscor
|-immune|p1a: Gliscor|[msg]
|move|p1a: Gliscor|Taunt|p2a: Gliscor
|-fail|p2a: Gliscor
|
|-weather|RainDance|[upkeep]
|-heal|p2a: Gliscor|354\/354 tox|[from] ability: Poison Heal
|turn|66
|
|move|p2a: Gliscor|Earthquake|p1a: Gliscor
|-immune|p1a: Gliscor|[msg]
|move|p1a: Gliscor|Taunt|p2a: Gliscor
|-fail|p2a: Gliscor
|
|-weather|RainDance|[upkeep]
|turn|67
|c|+Century Express|Mas "Excellent" nÃ£o Ã© com dois "l" mesmo ?_?
|join|dire maker
|
|switch|p2a: Mew|Mew|201\/404 tox
|move|p1a: Gliscor|Taunt|p2a: Mew
|-start|p2a: Mew|move: Taunt
|
|-weather|RainDance|[upkeep]
|-heal|p2a: Mew|226\/404 tox|[from] item: Leftovers
|-damage|p2a: Mew|201\/404 tox|[from] psn
|turn|68
|c|+Lighthouses.|sei la
|c|+Lighthouses.|falei sÃ³ pra zoar
|
|switch|p2a: Tyranitar|Tyranitar, M|66\/343 slp
|-weather|Sandstorm|[from] ability: Sand Stream|[of] p2a: Tyranitar
|move|p1a: Gliscor|Protect|p1a: Gliscor
|-fail|p1a: Gliscor
|
|-weather|Sandstorm|[upkeep]
|turn|69
|
|switch|p2a: Gliscor|Gliscor, M|354\/354 tox
|move|p1a: Gliscor|Taunt|p2a: Gliscor
|-start|p2a: Gliscor|move: Taunt
|
|-weather|Sandstorm|[upkeep]
|turn|70
|c|+Sagati|âRed Skies: exellent
|c|+Century Express|ah
|c|+Sagati|EXCELLENT
|c|+Century Express|k
|c|+Sagati|sim
|c|+Sagati|kk
|c|+Sagati|Diogo sai
|c|+Sagati|:v
|
|move|p2a: Gliscor|Earthquake|p1a: Gliscor
|-immune|p1a: Gliscor|[msg]
|move|p1a: Gliscor|Earthquake|p2a: Gliscor
|-immune|p2a: Gliscor|[msg]
|
|-weather|Sandstorm|[upkeep]
|turn|71
|
|move|p2a: Gliscor|Earthquake|p1a: Gliscor
|-immune|p1a: Gliscor|[msg]
|move|p1a: Gliscor|Earthquake|p2a: Gliscor
|-immune|p2a: Gliscor|[msg]
|
|-weather|Sandstorm|[upkeep]
|turn|72
|
|move|p2a: Gliscor|Earthquake|p1a: Gliscor
|-immune|p1a: Gliscor|[msg]
|move|p1a: Gliscor|Taunt|p2a: Gliscor
|-fail|p2a: Gliscor
|
|-weather|Sandstorm|[upkeep]
|-end|p2a: Gliscor|move: Taunt
|turn|73
|
|switch|p2a: Mew|Mew|201\/404 tox
|move|p1a: Gliscor|Earthquake|p2a: Mew
|-damage|p2a: Mew|108\/404 tox
|
|-weather|Sandstorm|[upkeep]
|-damage|p2a: Mew|83\/404 tox|[from] sandstorm
|-heal|p2a: Mew|108\/404 tox|[from] item: Leftovers
|-damage|p2a: Mew|83\/404 tox|[from] psn
|turn|74
|
|switch|p2a: Gliscor|Gliscor, M|354\/354 tox
|move|p1a: Gliscor|Earthquake|p2a: Gliscor
|-immune|p2a: Gliscor|[msg]
|
|-weather|Sandstorm|[upkeep]
|turn|75
|
|switch|p2a: Garchomp|Garchomp, M|322\/357
|move|p1a: Gliscor|Taunt|p2a: Garchomp
|-start|p2a: Garchomp|move: Taunt
|
|-weather|Sandstorm|[upkeep]
|turn|76
|
|move|p1a: Gliscor|Protect|p1a: Gliscor
|-singleturn|p1a: Gliscor|Protect
|move|p2a: Garchomp|Fire Blast|p1a: Gliscor
|-activate|p1a: Gliscor|Protect
|
|-weather|Sandstorm|[upkeep]
|turn|77
|
|move|p2a: Garchomp|Fire Blast|p1a: Gliscor
|-damage|p1a: Gliscor|175\/354 tox
|-damage|p2a: Garchomp|287\/357|[from] item: Life Orb
|move|p1a: Gliscor|Toxic|p2a: Garchomp|[miss]
|-miss|p1a: Gliscor|p2a: Garchomp
|
|-weather|Sandstorm|[upkeep]
|-heal|p1a: Gliscor|219\/354 tox|[from] ability: Poison Heal
|turn|78
|
|move|p1a: Gliscor|Protect|p1a: Gliscor
|-singleturn|p1a: Gliscor|Protect
|move|p2a: Garchomp|Fire Blast|p1a: Gliscor
|-activate|p1a: Gliscor|Protect
|
|-weather|Sandstorm|[upkeep]
|-heal|p1a: Gliscor|263\/354 tox|[from] ability: Poison Heal
|-end|p2a: Garchomp|move: Taunt
|turn|79
|
|move|p2a: Garchomp|Draco Meteor|p1a: Gliscor
|-damage|p1a: Gliscor|0 fnt
|-unboost|p2a: Garchomp|spa|2
|-damage|p2a: Garchomp|252\/357|[from] item: Life Orb
|faint|p1a: Gliscor
|
|-weather|Sandstorm|[upkeep]
|c| vem pra rua!|;)
|c|+Sagati|surpriseeee
|c|âRed Skies|Nice
|
|switch|p1a: Tornadus|Tornadus, M|129\/299
|turn|80
|
|switch|p2a: Tentacruel|Tentacruel, M|102\/344
|move|p1a: Tornadus|Hidden Power|p2a: Tentacruel
|-resisted|p2a: Tentacruel
|-damage|p2a: Tentacruel|55\/344
|-damage|p1a: Tornadus|100\/299|[from] item: Life Orb
|
|-weather|Sandstorm|[upkeep]
|-damage|p1a: Tornadus|82\/299|[from] sandstorm
|-damage|p2a: Tentacruel|34\/344|[from] sandstorm
|-heal|p2a: Tentacruel|55\/344|[from] item: Black Sludge
|turn|81
|
|move|p1a: Tornadus|Superpower|p2a: Tentacruel
|-resisted|p2a: Tentacruel
|-damage|p2a: Tentacruel|0 fnt
|-unboost|p1a: Tornadus|atk|1
|-unboost|p1a: Tornadus|def|1
|-damage|p1a: Tornadus|53\/299|[from] item: Life Orb
|faint|p2a: Tentacruel
|
|-weather|Sandstorm|[upkeep]
|-damage|p1a: Tornadus|35\/299|[from] sandstorm
|
|switch|p2a: Gliscor|Gliscor, M|354\/354 tox
|turn|82
|
|switch|p1a: Politoed|Politoed, M|18\/322
|-weather|RainDance|[from] ability: Drizzle|[of] p1a: Politoed
|move|p2a: Gliscor|Protect|p2a: Gliscor
|-fail|p2a: Gliscor
|
|-weather|RainDance|[upkeep]
|turn|83
|
|move|p2a: Gliscor|Protect|p2a: Gliscor
|-singleturn|p2a: Gliscor|Protect
|move|p1a: Politoed|Ice Beam|p2a: Gliscor
|-activate|p2a: Gliscor|Protect
|
|-weather|RainDance|[upkeep]
|turn|84
|
|switch|p2a: Tyranitar|Tyranitar, M|66\/343 slp
|-weather|Sandstorm|[from] ability: Sand Stream|[of] p2a: Tyranitar
|move|p1a: Politoed|Ice Beam|p2a: Tyranitar
|-damage|p2a: Tyranitar|12\/343 slp
|
|-weather|Sandstorm|[upkeep]
|-damage|p1a: Politoed|0 fnt|[from] sandstorm
|faint|p1a: Politoed
|
|switch|p1a: Dragonite|Dragonite, M|324\/324
|turn|85
|
|switch|p2a: Gliscor|Gliscor, M|354\/354 tox
|move|p1a: Dragonite|Extreme Speed|p2a: Gliscor
|-damage|p2a: Gliscor|230\/354 tox
|
|-weather|Sandstorm|[upkeep]
|-damage|p1a: Dragonite|304\/324|[from] sandstorm
|-heal|p2a: Gliscor|274\/354 tox|[from] ability: Poison Heal
|turn|86
|
|move|p1a: Dragonite|Extreme Speed|p2a: Gliscor
|-damage|p2a: Gliscor|137\/354 tox
|move|p2a: Gliscor|Substitute|p2a: Gliscor
|-start|p2a: Gliscor|Substitute
|-damage|p2a: Gliscor|49\/354 tox
|
|-weather|Sandstorm|[upkeep]
|-damage|p1a: Dragonite|284\/324|[from] sandstorm
|-heal|p2a: Gliscor|93\/354 tox|[from] ability: Poison Heal
|turn|87
|
|move|p2a: Gliscor|Protect|p2a: Gliscor
|-singleturn|p2a: Gliscor|Protect
|move|p1a: Dragonite|Extreme Speed|p2a: Gliscor
|-activate|p2a: Gliscor|Protect
|
|-weather|Sandstorm|[upkeep]
|-damage|p1a: Dragonite|264\/324|[from] sandstorm
|-heal|p2a: Gliscor|137\/354 tox|[from] ability: Poison Heal
|turn|88
|
|move|p1a: Dragonite|Extreme Speed|p2a: Gliscor
|-end|p2a: Gliscor|Substitute
|move|p2a: Gliscor|Substitute|p2a: Gliscor
|-start|p2a: Gliscor|Substitute
|-damage|p2a: Gliscor|49\/354 tox
|
|-weather|Sandstorm|[upkeep]
|-damage|p1a: Dragonite|244\/324|[from] sandstorm
|-heal|p2a: Gliscor|93\/354 tox|[from] ability: Poison Heal
|turn|89
|join|VAI ODIN
|
|move|p2a: Gliscor|Protect|p2a: Gliscor
|-singleturn|p2a: Gliscor|Protect
|move|p1a: Dragonite|Extreme Speed|p2a: Gliscor
|-activate|p2a: Gliscor|Protect
|
|-weather|Sandstorm|[upkeep]
|-damage|p1a: Dragonite|224\/324|[from] sandstorm
|-heal|p2a: Gliscor|137\/354 tox|[from] ability: Poison Heal
|turn|90
|c| mexicolodin|GO ODIIIIN
|c| VAI ODIN|VAI BUCETUDO
|c| VAI ODIN|GANHA PRA NOIX
|
|move|p1a: Dragonite|Extreme Speed|p2a: Gliscor
|-end|p2a: Gliscor|Substitute
|move|p2a: Gliscor|Substitute|p2a: Gliscor
|-start|p2a: Gliscor|Substitute
|-damage|p2a: Gliscor|49\/354 tox
|
|-weather|Sandstorm|[upkeep]
|-damage|p1a: Dragonite|204\/324|[from] sandstorm
|-heal|p2a: Gliscor|93\/354 tox|[from] ability: Poison Heal
|turn|91
|c| vem pra rua!|gg
|c| vem pra rua!|no re
|
|move|p2a: Gliscor|Protect|p2a: Gliscor
|-singleturn|p2a: Gliscor|Protect
|move|p1a: Dragonite|Extreme Speed|p2a: Gliscor
|-activate|p2a: Gliscor|Protect
|
|-weather|Sandstorm|[upkeep]
|-damage|p1a: Dragonite|184\/324|[from] sandstorm
|-heal|p2a: Gliscor|137\/354 tox|[from] ability: Poison Heal
|turn|92
|
|move|p1a: Dragonite|Extreme Speed|p2a: Gliscor
|-end|p2a: Gliscor|Substitute
|move|p2a: Gliscor|Substitute|p2a: Gliscor
|-start|p2a: Gliscor|Substitute
|-damage|p2a: Gliscor|49\/354 tox
|
|-weather|Sandstorm|[upkeep]
|-damage|p1a: Dragonite|164\/324|[from] sandstorm
|-heal|p2a: Gliscor|93\/354 tox|[from] ability: Poison Heal
|turn|93
|
|switch|p1a: Tornadus|Tornadus, M|35\/299
|move|p2a: Gliscor|Toxic|p1a: Tornadus
|-status|p1a: Tornadus|tox
|
|-weather|Sandstorm|[upkeep]
|-damage|p1a: Tornadus|17\/299 tox|[from] sandstorm
|-damage|p1a: Tornadus|0 fnt|[from] psn
|-heal|p2a: Gliscor|137\/354 tox|[from] ability: Poison Heal
|faint|p1a: Tornadus
|c| Mussoumano|OWNED
|c|âCyberOdin|gg
|c|âRed Skies|gg dude
|
|switch|p1a: Dragonite|Dragonite, M|164\/324
|turn|94
|c| Mussoumano|ggwp
|
|move|p2a: Gliscor|Toxic|p1a: Dragonite
|-status|p1a: Dragonite|tox
|move|p1a: Dragonite|Outrage|p2a: Gliscor
|-end|p2a: Gliscor|Substitute
|
|-weather|Sandstorm|[upkeep]
|-damage|p1a: Dragonite|144\/324 tox|[from] sandstorm
|-heal|p2a: Gliscor|181\/354 tox|[from] ability: Poison Heal
|-damage|p1a: Dragonite|124\/324 tox|[from] psn
|turn|95
|
|move|p2a: Gliscor|Substitute|p2a: Gliscor
|-start|p2a: Gliscor|Substitute
|-damage|p2a: Gliscor|93\/354 tox
|move|p1a: Dragonite|Outrage|p2a: Gliscor
|-end|p2a: Gliscor|Substitute
|
|-end|p1a: Dragonite|rampage
|-start|p1a: Dragonite|confusion
|-weather|Sandstorm|[upkeep]
|-damage|p1a: Dragonite|104\/324 tox|[from] sandstorm
|-heal|p2a: Gliscor|137\/354 tox|[from] ability: Poison Heal
|-damage|p1a: Dragonite|64\/324 tox|[from] psn
|turn|96
|c|+Lighthouses.|mudou o set de dnite ?
|
|move|p2a: Gliscor|Protect|p2a: Gliscor
|-singleturn|p2a: Gliscor|Protect
|-activate|p1a: Dragonite|confusion
|move|p1a: Dragonite|Outrage|p2a: Gliscor
|-activate|p2a: Gliscor|Protect
|
|-weather|Sandstorm|[upkeep]
|-damage|p1a: Dragonite|44\/324 tox|[from] sandstorm
|-heal|p2a: Gliscor|181\/354 tox|[from] ability: Poison Heal
|-damage|p1a: Dragonite|0 fnt|[from] psn
|faint|p1a: Dragonite
|
|win|CyberOdin
|c|+Sagati|sim nÃ©
|c|+Sagati|o.o
|leave|CyberOdin
|player|p2
|leave|Red Skies
|player|p1
|leave|Lighthouses.
|leave|Sagati
|leave|mexicolodin
|leave|Mussoumano