|J|Red Skies
|J|eu sou echelao
|player|p1|Red Skies|209
|player|p2|eu sou echelao|106
|gametype|singles
|gen|6
|tier|OU
|clearpoke
|poke|p1|Scizor, M
|poke|p1|Magnezone
|poke|p1|Latias, F
|poke|p1|Breloom, M
|poke|p1|Landorus-Therian, M
|poke|p1|Azumarill, M
|poke|p2|Flygon, M
|poke|p2|Charizard, F
|poke|p2|Gastrodon, F
|poke|p2|Raikou
|poke|p2|Escavalier, F
|poke|p2|Clefable, F
|rule|Swagger Clause: Swagger is banned
|rule|Baton Pass Clause: Limit one PokÃ©mon knowing Baton Pass
|rule|Sleep Clause Mod: Limit one foe put to sleep
|rule|Species Clause: Limit one of each PokÃ©mon
|rule|OHKO Clause: OHKO moves are banned
|rule|Moody Clause: Moody is banned
|rule|Evasion Moves Clause: Evasion moves are banned
|rule|Endless Battle Clause: Forcing endless battles is banned
|rule|HP Percentage Mod: HP is shown in percentages
|teampreview
|c|âeu sou echelao|hf
|c|âRed Skies|hf
|J|Overpower Spirit
|J|GoaoTwo
|c|+GoaoTwo|eita
|c|+GoaoTwo|mamamos
|J|Disenchanted
|
|start
|switch|p1a: Landorus-Therian|Landorus-Therian, M|382\/382
|switch|p2a: Clefable|Clefable, F|394\/394
|-ability|p1a: Landorus-Therian|Intimidate|[of] p2a: Clefable
|-unboost|p2a: Clefable|atk|1
|turn|1
|J|retorno
|J|s0undhorizon
|
|move|p1a: Landorus-Therian|Stealth Rock|p2a: Clefable
|-sidestart|p2: eu sou echelao|move: Stealth Rock
|move|p2a: Clefable|Stealth Rock|p1a: Landorus-Therian
|-sidestart|p1: Red Skies|move: Stealth Rock
|
|turn|2
|
|move|p1a: Landorus-Therian|Knock Off|p2a: Clefable
|-resisted|p2a: Clefable
|-damage|p2a: Clefable|347\/394
|-enditem|p2a: Clefable|Leftovers|[from] move: Knock Off|[of] p1a: Landorus-Therian
|move|p2a: Clefable|Flamethrower|p1a: Landorus-Therian
|-damage|p1a: Landorus-Therian|299\/382
|
|-heal|p1a: Landorus-Therian|322\/382|[from] item: Leftovers
|turn|3
|
|move|p1a: Landorus-Therian|Earthquake|p2a: Clefable
|-damage|p2a: Clefable|211\/394
|move|p2a: Clefable|Moonblast|p1a: Landorus-Therian
|-damage|p1a: Landorus-Therian|186\/382
|-unboost|p1a: Landorus-Therian|spa|1
|
|-heal|p1a: Landorus-Therian|209\/382|[from] item: Leftovers
|turn|4
|c|+Disenchanted|oh ral
|c|+Disenchanted|vc n ta
|c|+Disenchanted|trabalhando?
|
|move|p1a: Landorus-Therian|U-turn|p2a: Clefable
|-resisted|p2a: Clefable
|-damage|p2a: Clefable|176\/394
|c|âRed Skies|Dor de ouvido lek
|c|âRed Skies|Ganhei umas horas em casa
|c|+retorno|e por isso
|c|+retorno|vc n vai
|c|+retorno|trabalha
|c|+retorno|com o bumbum?
|c|+retorno|:(
|J|Rydro
|c|âRed Skies|ehuaehaueha
|
|switch|p1a: Magnezone|Magnezone|281\/281
|-damage|p1a: Magnezone|264\/281|[from] Stealth Rock
|move|p2a: Clefable|Soft-Boiled|p2a: Clefable
|-heal|p2a: Clefable|373\/394
|
|turn|5
|
|switch|p1a: Azumarill|Azumarill, M|404\/404
|-damage|p1a: Azumarill|354\/404|[from] Stealth Rock
|move|p2a: Clefable|Soft-Boiled|p2a: Clefable
|-heal|p2a: Clefable|394\/394
|
|turn|6
|
|switch|p2a: Gastrodon|Gastrodon, F|426\/426
|-damage|p2a: Gastrodon|400\/426|[from] Stealth Rock
|move|p1a: Azumarill|Play Rough|p2a: Gastrodon
|-damage|p2a: Gastrodon|235\/426
|
|-heal|p2a: Gastrodon|261\/426|[from] item: Leftovers
|turn|7
|
|switch|p1a: Breloom|Breloom, M|261\/261
|-damage|p1a: Breloom|245\/261|[from] Stealth Rock
|move|p2a: Gastrodon|Recover|p2a: Gastrodon
|-heal|p2a: Gastrodon|426\/426
|
|turn|8
|
|switch|p2a: Escavalier|Escavalier, F|324\/324
|-damage|p2a: Escavalier|284\/324|[from] Stealth Rock
|move|p1a: Breloom|Spore|p2a: Escavalier
|-fail|p2a: Escavalier
|
|turn|9
|c|+Rydro|oo
|c|+Disenchanted|hehe
|c|âRed Skies|o.o
|c|+Disenchanted|he
|c|+Disenchanted|he
|c|+Disenchanted|hehehe
|c|âRed Skies|c team nÃ©
|
|switch|p1a: Landorus-Therian|Landorus-Therian, M|209\/382
|-damage|p1a: Landorus-Therian|162\/382|[from] Stealth Rock
|-ability|p1a: Landorus-Therian|Intimidate|[of] p2a: Escavalier
|-unboost|p2a: Escavalier|atk|1
|switch|p2a: Flygon|Flygon, M|364\/364
|-damage|p2a: Flygon|342\/364|[from] Stealth Rock
|
|-heal|p2a: Flygon|364\/364|[from] item: Leftovers
|-heal|p1a: Landorus-Therian|185\/382|[from] item: Leftovers
|turn|10
|
|move|p2a: Flygon|Toxic|p1a: Landorus-Therian
|-status|p1a: Landorus-Therian|tox
|move|p1a: Landorus-Therian|U-turn|p2a: Flygon
|-damage|p2a: Flygon|296\/364
|c|+Rydro|ue
|c|+Rydro|=[
|J|juliovg06
|J|Sagati
|J|Tatsuma
|c|+Tatsuma|esse flygao e loco :]
|
|switch|p1a: Azumarill|Azumarill, M|354\/404
|-damage|p1a: Azumarill|304\/404|[from] Stealth Rock
|
|-heal|p2a: Flygon|318\/364|[from] item: Leftovers
|turn|11
|J|Feminist Bruce Lee
|c| Feminist Bruce Lee|UH
|c|+Disenchanted|entoxica
|c| Feminist Bruce Lee|eu tenho o pior nick da historia
|c|+Disenchanted|uh uh
|c| Feminist Bruce Lee|olhem pra mim
|
|switch|p2a: Clefable|Clefable, F|394\/394
|switch|p1a: Breloom|Breloom, M|245\/261
|-damage|p1a: Breloom|229\/261|[from] Stealth Rock
|
|turn|12
|
|move|p1a: Breloom|Spore|p2a: Clefable
|-status|p2a: Clefable|slp
|cant|p2a: Clefable|slp
|
|turn|13
|c|+Disenchanted|sleep talk
|
|move|p1a: Breloom|Bullet Seed|p2a: Clefable
|-damage|p2a: Clefable|333\/394 slp
|-damage|p2a: Clefable|266\/394 slp
|-damage|p2a: Clefable|200\/394 slp
|-damage|p2a: Clefable|139\/394 slp
|-damage|p2a: Clefable|73\/394 slp
|-hitcount|p2a: Clefable|5
|-curestatus|p2a: Clefable|slp
|move|p2a: Clefable|Flamethrower|p1a: Breloom
|-supereffective|p1a: Breloom
|-damage|p1a: Breloom|21\/261
|
|turn|14
|J|Century Express
|c| juliovg06|k
|c|+Rydro|eita
|c| Feminist Bruce Lee|wat
|c|+Rydro|LOL
|c| Feminist Bruce Lee|oO
|c|âRed Skies|foda
|c| Feminist Bruce Lee|pelo menos obrelao
|
|move|p1a: Breloom|Rock Tomb|p2a: Clefable
|-damage|p2a: Clefable|0 fnt
|faint|p2a: Clefable
|
|c|âeu sou echelao|ops
|c| Feminist Bruce Lee|n faz mais festa
|c|âeu sou echelao|devia ter dado
|c|+Tatsuma|se vc amam seus pokemon eles acordam cedo o_o
|c|âeu sou echelao|moonb
|
|switch|p2a: Flygon|Flygon, M|318\/364
|-damage|p2a: Flygon|296\/364|[from] Stealth Rock
|turn|15
|c|+Tatsuma|ama*
|
|move|p2a: Flygon|Earthquake|p1a: Breloom
|-resisted|p1a: Breloom
|-damage|p1a: Breloom|0 fnt
|faint|p1a: Breloom
|
|-heal|p2a: Flygon|318\/364|[from] item: Leftovers
|c|+Disenchanted|pora
|c|+Disenchanted|ral
|
|switch|p1a: Latias|Latias, F|301\/301
|-damage|p1a: Latias|264\/301|[from] Stealth Rock
|turn|16
|
|switch|p2a: Raikou|Raikou|321\/321
|-damage|p2a: Raikou|281\/321|[from] Stealth Rock
|-ability|p2a: Raikou|Pressure
|move|p1a: Latias|Draco Meteor|p2a: Raikou
|-damage|p2a: Raikou|0 fnt
|-unboost|p1a: Latias|spa|2
|-damage|p1a: Latias|234\/301|[from] item: Life Orb
|faint|p2a: Raikou
|
|
|switch|p2a: Escavalier|Escavalier, F|284\/324
|-damage|p2a: Escavalier|244\/324|[from] Stealth Rock
|turn|17
|c|+Rydro|q flygon loco
|
|move|p1a: Latias|Hidden Power|p2a: Escavalier
|-supereffective|p2a: Escavalier
|-damage|p2a: Escavalier|124\/324
|-damage|p1a: Latias|204\/301|[from] item: Life Orb
|move|p2a: Escavalier|Pursuit|p1a: Latias
|-supereffective|p1a: Latias
|-damage|p1a: Latias|82\/301
|
|turn|18
|c| Feminist Bruce Lee|socorro
|
|move|p1a: Latias|Recover|p1a: Latias
|-heal|p1a: Latias|233\/301
|move|p2a: Escavalier|Pursuit|p1a: Latias
|-supereffective|p1a: Latias
|-damage|p1a: Latias|111\/301
|
|turn|19
|c|+Rydro|boa
|c| Feminist Bruce Lee|skype ta carregando
|c| Feminist Bruce Lee|as mensagens
|c|+Rydro|imo
|
|move|p1a: Latias|Hidden Power|p2a: Escavalier
|-supereffective|p2a: Escavalier
|-damage|p2a: Escavalier|10\/324
|-damage|p1a: Latias|81\/301|[from] item: Life Orb
|move|p2a: Escavalier|Knock Off|p1a: Latias
|-supereffective|p1a: Latias
|-damage|p1a: Latias|0 fnt
|-enditem|p1a: Latias|Life Orb|[from] move: Knock Off|[of] p2a: Escavalier
|faint|p1a: Latias
|
|c| Feminist Bruce Lee|lol
|c| Feminist Bruce Lee|isso ai Ã©
|c| Feminist Bruce Lee|hp fire?
|c| Feminist Bruce Lee|o_o
|c| Feminist Bruce Lee|que bulky
|c|âeu sou echelao|sÃ³ pode ser
|c|âeu sou echelao|nÃ©
|c|âeu sou echelao|lol
|c| juliovg06|hp firo
|
|switch|p1a: Scizor|Scizor, M|296\/296
|-damage|p1a: Scizor|259\/296|[from] Stealth Rock
|turn|20
|c|+Rydro|gg
|c|+retorno|gg
|
|switch|p2a: Flygon|Flygon, M|318\/364
|-damage|p2a: Flygon|296\/364|[from] Stealth Rock
|detailschange|p1a: Scizor|Scizor-Mega, M
|-mega|p1a: Scizor|Scizor|Scizorite
|move|p1a: Scizor|Swords Dance|p1a: Scizor
|-boost|p1a: Scizor|atk|2
|
|-heal|p2a: Flygon|318\/364|[from] item: Leftovers
|turn|21
|c|+Disenchanted|predect
|J|ExGenesect
|
|move|p1a: Scizor|Bullet Punch|p2a: Flygon
|-damage|p2a: Flygon|80\/364
|move|p2a: Flygon|Defog|p1a: Scizor
|-unboost|p1a: Scizor|evasion|1
|-sideend|p1: Red Skies|Stealth Rock|[from] move: Defog|[of] p1a: Scizor
|-sideend|p2: eu sou echelao|Stealth Rock|[from] move: Defog|[of] p2a: Flygon
|
|-heal|p2a: Flygon|102\/364|[from] item: Leftovers
|turn|22
|c|+Rydro|AHHHHHHHH
|c|+Rydro|AGORA SIM IMO
|c|+Disenchanted|mamou vara rall
|c|+Disenchanted|o_o
|c| Feminist Bruce Lee|nao
|c| Feminist Bruce Lee|Ã© belly drum
|c| Feminist Bruce Lee|azuma
|c| Feminist Bruce Lee|oO
|c|+Disenchanted|nem morre
|c|+Disenchanted|pra zard y
|c|+Disenchanted|nÃ©
|c|+Disenchanted|o_o
|c|+Rydro|ou x
|
|switch|p2a: Charizard|Charizard, F|331\/331
|switch|p1a: Landorus-Therian|Landorus-Therian, M|185\/382 tox
|-ability|p1a: Landorus-Therian|Intimidate|[of] p2a: Charizard
|-unboost|p2a: Charizard|atk|1
|
|-heal|p1a: Landorus-Therian|208\/382 tox|[from] item: Leftovers
|-damage|p1a: Landorus-Therian|185\/382 tox|[from] psn
|turn|23
|c|+Rydro|'-'
|c|+Rydro|OPA
|c|+GoaoTwo|QUE
|c|+GoaoTwo|?___________???________?
|c|+retorno|NÃS ACREDITAMOS
|c|+retorno|NO
|c|+retorno|ZONE HP GRASS
|
|detailschange|p2a: Charizard|Charizard-Mega-Y, F
|-mega|p2a: Charizard|Charizard|Charizardite Y
|-weather|SunnyDay
|move|p2a: Charizard|Flamethrower|p1a: Landorus-Therian
|-damage|p1a: Landorus-Therian|0 fnt
|faint|p1a: Landorus-Therian
|
|-weather|SunnyDay|[upkeep]
|
|switch|p1a: Magnezone|Magnezone|264\/281
|turn|24
|c|+Tatsuma|pq trocou o scizor +2???
|c|+retorno|HP GRASS
|
|switch|p1a: Scizor|Scizor-Mega, M|259\/296
|switch|p2a: Escavalier|Escavalier, F|10\/324
|
|-weather|SunnyDay|[upkeep]
|turn|25
|c|+retorno|IHHH
|c|+Rydro|EITA
|c|+retorno|IHHH
|c|+Rydro|EITAAAAAAAAAAAA
|
|switch|p2a: Charizard|Charizard-Mega-Y, F|331\/331
|move|p1a: Scizor|Swords Dance|p1a: Scizor
|-boost|p1a: Scizor|atk|2
|
|-weather|SunnyDay|[upkeep]
|turn|26
|c|+Rydro|pena que perde
|c|+Rydro|=[
|c|+GoaoTwo|:_:
|c|+Disenchanted|quick attack
|c|+Disenchanted|ch
|c|+Disenchanted|vai
|
|move|p1a: Scizor|Bullet Punch|p2a: Charizard
|-crit|p2a: Charizard
|-resisted|p2a: Charizard
|-damage|p2a: Charizard|81\/331
|move|p2a: Charizard|Flamethrower|p1a: Scizor
|-supereffective|p1a: Scizor
|-damage|p1a: Scizor|0 fnt
|faint|p1a: Scizor
|
|-weather|SunnyDay|[upkeep]
|c| Feminist Bruce Lee|estrategia
|c| Feminist Bruce Lee|lol
|c|+Rydro|OPA
|c|+Rydro|quase
|c|+Disenchanted|se fosse quick attack
|c|+Rydro|=[
|c| Feminist Bruce Lee|FALEI
|c|+Disenchanted|matava
|c| Feminist Bruce Lee|que era
|c|+Disenchanted|hein
|c| Feminist Bruce Lee|estrategia
|c| Feminist Bruce Lee|pra matar de azuma
|c| Feminist Bruce Lee|LOL
|c|+Rydro|EIA
|c|+Overpower Spirit|Gastrodon vence o_o'
|
|switch|p1a: Azumarill|Azumarill, M|304\/404
|turn|27
|c|+Rydro|AZU GANHA NOW
|c|+Rydro|VAI
|c|+retorno|DA
|c|+GoaoTwo|sÃ³ ganha se
|c|+retorno|BELLY
|c|+GoaoTwo|for hp grass
|c|+GoaoTwo|zone
|c|+Rydro|BELLY IMO
|c|+GoaoTwo|imo
|c|+Disenchanted|here comes the belly drum
|c|+Disenchanted|o_o
|
|move|p1a: Azumarill|Aqua Jet|p2a: Charizard
|-supereffective|p2a: Charizard
|-damage|p2a: Charizard|0 fnt
|faint|p2a: Charizard
|
|-weather|none
|c|+Rydro|muito bom
|
|switch|p2a: Flygon|Flygon, M|102\/364
|turn|28
|
|switch|p1a: Magnezone|Magnezone|264\/281
|move|p2a: Flygon|Earthquake|p1a: Magnezone
|-supereffective|p1a: Magnezone
|-damage|p1a: Magnezone|0 fnt
|faint|p1a: Magnezone
|
|-heal|p2a: Flygon|124\/364|[from] item: Leftovers
|c| Feminist Bruce Lee|agora vai
|c| Feminist Bruce Lee|drum
|c| Feminist Bruce Lee|af
|c|+Disenchanted|AIUSFQIWE12
|c| Feminist Bruce Lee|oOO
|c|+Disenchanted|AOD8USA9ASDU21
|c|+Disenchanted|12I318239123
|c|+Disenchanted|12312318290381AS
|c|+Rydro|oo
|c|+Tatsuma|ROFL
|c|âRed Skies|gg
|c|+Rydro|=[
|c|+Disenchanted|ASD98U182931J23LAC
|c| s0undhorizon|o.o
|c|+Disenchanted|DAS9812739812JJLASDA
|
|switch|p1a: Azumarill|Azumarill, M|304\/404
|turn|29
|c|+Disenchanted|123098123SADJADS
|c|+Disenchanted|12831239123
|c|+Disenchanted|Q 
|c|+Disenchanted|PORA
|c|+Disenchanted|EH ESSA
|c|âRed Skies|SÃ³ tinha isso pra fazer
|c|+Disenchanted|GENTE
|
|move|p1a: Azumarill|Aqua Jet|p2a: Flygon
|-damage|p2a: Flygon|40\/364
|move|p2a: Flygon|Earthquake|p1a: Azumarill
|-crit|p1a: Azumarill
|-damage|p1a: Azumarill|93\/404
|
|-heal|p2a: Flygon|62\/364|[from] item: Leftovers
|turn|30
|c|+Disenchanted|EU N TO
|c|+Disenchanted|ACREDITANO
|c|âeu sou echelao|mas
|c|âeu sou echelao|isso nao foi choke
|c|âeu sou echelao|:s
|c|âeu sou echelao|daria na mesma
|
|move|p1a: Azumarill|Aqua Jet|p2a: Flygon
|-damage|p2a: Flygon|0 fnt
|faint|p2a: Flygon
|
|c|âeu sou echelao|gg tho
|
|switch|p2a: Gastrodon|Gastrodon, F|426\/426
|turn|31
|c|âRed Skies|Eu pensei que vinha toxic imo
|
|move|p1a: Azumarill|Waterfall|p2a: Gastrodon
|-boost|p2a: Gastrodon|spa|1|[from] ability: Storm Drain
|move|p2a: Gastrodon|Earth Power|p1a: Azumarill
|-damage|p1a: Azumarill|0 fnt
|faint|p1a: Azumarill
|
|win|eu sou echelao
|c|âeu sou echelao|quis dar eq
|c|âeu sou echelao|pra evitar
|c|âeu sou echelao|drum
|c| Feminist Bruce Lee|WEEZING
|c|âRed Skies|gg
|c|+Sagati|lol
|c| Feminist Bruce Lee|SMOKE SCREEN
|c|âeu sou echelao|g_g
|L|GoaoTwo
|L|Tatsuma
|L|Red Skies
|player|p1
|L|Overpower Spirit
|L|Rydro
|L|Feminist Bruce Lee
|L|retorno
|L|eu sou echelao
|player|p2
|L|s0undhorizon
|J|GoaoTwo
|L|GoaoTwo
|J|silverghoooost
|c|+silverghoooost|AE RALL
|c|+silverghoooost|GG
|L|silverghoooost
|L|Disenchanted
|L|juliovg06
|L|Sagati
|J|eu sou echelao
|J|Sagati
|L|eu sou echelao
|J|eu sou echelao