|J|Red Skies
|J|Hoelze
|player|p1|Red Skies|209
|player|p2|Hoelze|101
|gametype|singles
|gen|6
|tier|OU
|clearpoke
|poke|p1|Altaria, M
|poke|p1|Manaphy
|poke|p1|Heatran, F
|poke|p1|Mandibuzz, F
|poke|p1|Landorus-Therian, M
|poke|p1|Mamoswine, F
|poke|p2|Venusaur, F
|poke|p2|Heatran, F
|poke|p2|Slowbro, M
|poke|p2|Chansey, F
|poke|p2|Landorus, M
|poke|p2|Gliscor, F
|rule|Swagger Clause: Swagger is banned
|rule|Baton Pass Clause: Limit one PokÃ©mon knowing Baton Pass
|rule|Sleep Clause Mod: Limit one foe put to sleep
|rule|Species Clause: Limit one of each PokÃ©mon
|rule|OHKO Clause: OHKO moves are banned
|rule|Moody Clause: Moody is banned
|rule|Evasion Moves Clause: Evasion moves are banned
|rule|Endless Battle Clause: Forcing endless battles is banned
|rule|HP Percentage Mod: HP is shown in percentages
|teampreview
|J|silverghoooost
|c|âRed Skies|GL dudeee
|J|Rydro
|J|GoaoTwo
|c|âHoelze|gl hf :D
|J|molgeraa
|c|+GoaoTwo|pqp rall
|c|+GoaoTwo|falei pra n usa esse lichoi
|c|+GoaoTwo|vai mama tbm
|J|Brazilian Army
|c| Rydro|goao
|c| Rydro|vem oras depois
|c|âRed Skies|Hoelze
|c| Rydro|=]
|c|+GoaoTwo|ta
|J|MC CAROL BANDIDA
|c| Rydro|amanhÃ£
|c|+silverghoooost|ql set de altaria
|c| Rydro|=]
|J|Brick Small
|c|âRed Skies|Cade seu Degoger\/spinner?
|c|+GoaoTwo|Ã©
|c|+GoaoTwo|defog
|c|+GoaoTwo|gliscor
|c|+GoaoTwo|seu
|c|+GoaoTwo|IDIOTA
|c|âRed Skies|Boto fÃ©
|c|âRed Skies|heuhaueha
|
|start
|switch|p1a: Mamoswine|Mamoswine, F|361\/361
|switch|p2a: Slowbro|Slowbro, M|393\/393
|turn|1
|c| molgeraa|goao entra nas battle na velocidade da luzz
|c|+silverghoooost|goao chupa gostoso
|c|+GoaoTwo|a teta da sua mae ne
|c| Brick Small|Ele entra antes dos jogadores
|c|+GoaoTwo|vou mandar
|c|+GoaoTwo|a pic dela
|c|+GoaoTwo|aqui
|J|Gandalfooo
|c|+Gandalfooo|bora rall
|c|âRed Skies|O\/\/
|
|move|p1a: Mamoswine|Stealth Rock|p2a: Slowbro
|-sidestart|p2: Hoelze|move: Stealth Rock
|move|p2a: Slowbro|Calm Mind|p2a: Slowbro
|-boost|p2a: Slowbro|spa|1
|-boost|p2a: Slowbro|spd|1
|
|turn|2
|c| Brick Small|Ã© noiz 
|c| molgeraa|Reveal slowbro mega
|
|switch|p1a: Mandibuzz|Mandibuzz, F|424\/424
|move|p2a: Slowbro|Scald|p1a: Mandibuzz
|-damage|p1a: Mandibuzz|288\/424
|
|-heal|p1a: Mandibuzz|314\/424|[from] item: Leftovers
|turn|3
|
|move|p1a: Mandibuzz|Taunt|p2a: Slowbro
|-start|p2a: Slowbro|move: Taunt
|move|p2a: Slowbro|Ice Beam|p1a: Mandibuzz
|-supereffective|p1a: Mandibuzz
|-damage|p1a: Mandibuzz|122\/424
|
|-heal|p1a: Mandibuzz|148\/424|[from] item: Leftovers
|turn|4
|c|âRed Skies|Bos porar
|c| Rydro|gg imo
|
|move|p1a: Mandibuzz|Roost|p1a: Mandibuzz
|-heal|p1a: Mandibuzz|360\/424
|move|p2a: Slowbro|Ice Beam|p1a: Mandibuzz
|-damage|p1a: Mandibuzz|246\/424
|
|-heal|p1a: Mandibuzz|272\/424|[from] item: Leftovers
|turn|5
|c| molgeraa|islowbrou du bois
|
|move|p1a: Mandibuzz|Roost|p1a: Mandibuzz
|-heal|p1a: Mandibuzz|424\/424
|move|p2a: Slowbro|Scald|p1a: Mandibuzz
|-damage|p1a: Mandibuzz|283\/424
|-status|p1a: Mandibuzz|brn
|
|-heal|p1a: Mandibuzz|309\/424 brn|[from] item: Leftovers
|-damage|p1a: Mandibuzz|256\/424 brn|[from] brn
|-end|p2a: Slowbro|move: Taunt
|turn|6
|c| molgeraa|aposto que a chonsey Ã© serene grace
|c| Rydro|boaaaaaaaaaaaa
|J|ggggd
|
|move|p1a: Mandibuzz|Taunt|p2a: Slowbro
|-start|p2a: Slowbro|move: Taunt
|move|p2a: Slowbro|Ice Beam|p1a: Mandibuzz
|-supereffective|p1a: Mandibuzz
|-damage|p1a: Mandibuzz|54\/424 brn
|
|-heal|p1a: Mandibuzz|80\/424 brn|[from] item: Leftovers
|-damage|p1a: Mandibuzz|27\/424 brn|[from] brn
|turn|7
|L|molgeraa
|c| ggggd|GOAO
|c| ggggd|COMO TA
|c| ggggd|MEU TIME
|L|ggggd
|
|move|p1a: Mandibuzz|Roost|p1a: Mandibuzz
|-heal|p1a: Mandibuzz|239\/424 brn
|move|p2a: Slowbro|Scald|p1a: Mandibuzz
|-damage|p1a: Mandibuzz|100\/424 brn
|
|-heal|p1a: Mandibuzz|126\/424 brn|[from] item: Leftovers
|-damage|p1a: Mandibuzz|73\/424 brn|[from] brn
|turn|8
|
|move|p1a: Mandibuzz|Roost|p1a: Mandibuzz
|-heal|p1a: Mandibuzz|285\/424 brn
|move|p2a: Slowbro|Ice Beam|p1a: Mandibuzz
|-damage|p1a: Mandibuzz|171\/424 brn
|
|-heal|p1a: Mandibuzz|197\/424 brn|[from] item: Leftovers
|-damage|p1a: Mandibuzz|144\/424 brn|[from] brn
|-end|p2a: Slowbro|move: Taunt
|turn|9
|
|move|p1a: Mandibuzz|Taunt|p2a: Slowbro
|-start|p2a: Slowbro|move: Taunt
|move|p2a: Slowbro|Ice Beam|p1a: Mandibuzz
|-supereffective|p1a: Mandibuzz
|-damage|p1a: Mandibuzz|0 fnt
|faint|p1a: Mandibuzz
|
|c| Rydro|BORAAAAAAAAA
|c|+silverghoooost|hoelze superstar
|c|+GoaoTwo|cala boca
|c|+GoaoTwo|a gente vai ganha
|c|+GoaoTwo|oo
|
|switch|p1a: Heatran|Heatran, F|386\/386
|turn|10
|c|+silverghoooost|> a gente
|c|+silverghoooost|quem ta jogando e o rall
|c|+silverghoooost|n voce
|c|+GoaoTwo|meu time
|c|+GoaoTwo|seu
|c|+GoaoTwo|IDIOTA
|
|move|p1a: Heatran|Toxic|p2a: Slowbro
|-status|p2a: Slowbro|tox
|move|p2a: Slowbro|Scald|p1a: Heatran
|-supereffective|p1a: Heatran
|-damage|p1a: Heatran|188\/386
|
|-heal|p1a: Heatran|212\/386|[from] item: Leftovers
|-damage|p2a: Slowbro|369\/393 tox|[from] psn
|turn|11
|
|switch|p1a: Manaphy|Manaphy|404\/404
|move|p2a: Slowbro|Scald|p1a: Manaphy
|-resisted|p1a: Manaphy
|-damage|p1a: Manaphy|329\/404
|
|-heal|p1a: Manaphy|354\/404|[from] item: Leftovers
|-heal|p2a: Slowbro|393\/393 tox|[from] item: Leftovers
|-damage|p2a: Slowbro|345\/393 tox|[from] psn
|-end|p2a: Slowbro|move: Taunt
|turn|12
|
|switch|p2a: Chansey|Chansey, F|704\/704
|-damage|p2a: Chansey|616\/704|[from] Stealth Rock
|move|p1a: Manaphy|Calm Mind|p1a: Manaphy
|-boost|p1a: Manaphy|spa|1
|-boost|p1a: Manaphy|spd|1
|
|-heal|p1a: Manaphy|379\/404|[from] item: Leftovers
|turn|13
|
|move|p1a: Manaphy|Calm Mind|p1a: Manaphy
|-boost|p1a: Manaphy|spa|1
|-boost|p1a: Manaphy|spd|1
|move|p2a: Chansey|Aromatherapy|p2a: Chansey
|-cureteam|p2a: Chansey|[from] move: Aromatherapy
|
|-heal|p1a: Manaphy|404\/404|[from] item: Leftovers
|turn|14
|
|move|p1a: Manaphy|Rain Dance|p1a: Manaphy
|-weather|RainDance
|move|p2a: Chansey|Toxic|p1a: Manaphy
|-status|p1a: Manaphy|tox
|
|-weather|RainDance|[upkeep]
|-curestatus|p1a: Manaphy|tox
|turn|15
|c|+GoaoTwo|g_g
|c|+GoaoTwo|se vcs nao crita tudo
|c|+GoaoTwo|o.o
|c|âRed Skies|Vou te tacar o piru (8)
|c| MC CAROL BANDIDA|Manaphy mito <3
|c|+GoaoTwo|eita
|c|+GoaoTwo|o venusaur do hoelze Ã© fisico
|c|+GoaoTwo|certeza
|c| MC CAROL BANDIDA|A MACONHA TE ENGORDA USE CM QUE EH MAIS LIGHT (8)
|
|switch|p2a: Venusaur|Venusaur, F|363\/363
|-damage|p2a: Venusaur|318\/363|[from] Stealth Rock
|move|p1a: Manaphy|Calm Mind|p1a: Manaphy
|-boost|p1a: Manaphy|spa|1
|-boost|p1a: Manaphy|spd|1
|
|-weather|RainDance|[upkeep]
|turn|16
|c|+GoaoTwo|Ã© fisico
|c|+GoaoTwo|com SD
|c|+GoaoTwo|perdemos
|
|detailschange|p2a: Venusaur|Venusaur-Mega, F
|-mega|p2a: Venusaur|Venusaur|Venusaurite
|move|p1a: Manaphy|Scald|p2a: Venusaur
|-resisted|p2a: Venusaur
|-damage|p2a: Venusaur|185\/363
|move|p2a: Venusaur|Leech Seed|p1a: Manaphy
|-start|p1a: Manaphy|move: Leech Seed
|
|-weather|RainDance|[upkeep]
|-damage|p1a: Manaphy|354\/404|[from] Leech Seed|[of] p2a: Venusaur
|-heal|p2a: Venusaur|235\/363|[silent]
|turn|17
|c|âRed Skies|Isso Ã© um saco
|c|âRed Skies|pqp
|
|move|p1a: Manaphy|Scald|p2a: Venusaur
|-resisted|p2a: Venusaur
|-damage|p2a: Venusaur|115\/363
|move|p2a: Venusaur|Sludge Bomb|p1a: Manaphy
|-damage|p1a: Manaphy|305\/404
|
|-weather|RainDance|[upkeep]
|-heal|p1a: Manaphy|330\/404|[from] item: Leftovers
|-damage|p1a: Manaphy|280\/404|[from] Leech Seed|[of] p2a: Venusaur
|-heal|p2a: Venusaur|165\/363|[silent]
|turn|18
|c|+silverghoooost|saco cabeludo
|c|+GoaoTwo|burna
|c|+GoaoTwo|porra
|c|+silverghoooost|ainda por cima
|
|move|p1a: Manaphy|Scald|p2a: Venusaur
|-resisted|p2a: Venusaur
|-damage|p2a: Venusaur|43\/363
|move|p2a: Venusaur|Synthesis|p2a: Venusaur
|-heal|p2a: Venusaur|134\/363
|
|-weather|none
|-heal|p1a: Manaphy|305\/404|[from] item: Leftovers
|-damage|p1a: Manaphy|255\/404|[from] Leech Seed|[of] p2a: Venusaur
|-heal|p2a: Venusaur|184\/363|[silent]
|turn|19
|c|+GoaoTwo|n burna
|c|+GoaoTwo|esse coco
|c|+silverghoooost|que burna o q rapaiz
|c| Rydro|e nem vai burna
|c| Rydro|oo
|
|move|p1a: Manaphy|Rain Dance|p1a: Manaphy
|-weather|RainDance
|move|p2a: Venusaur|Synthesis|p2a: Venusaur
|-heal|p2a: Venusaur|275\/363
|
|-weather|RainDance|[upkeep]
|-heal|p1a: Manaphy|280\/404|[from] item: Leftovers
|-damage|p1a: Manaphy|230\/404|[from] Leech Seed|[of] p2a: Venusaur
|-heal|p2a: Venusaur|325\/363|[silent]
|turn|20
|
|move|p1a: Manaphy|Calm Mind|p1a: Manaphy
|-boost|p1a: Manaphy|spa|1
|-boost|p1a: Manaphy|spd|1
|move|p2a: Venusaur|Sludge Bomb|p1a: Manaphy
|-damage|p1a: Manaphy|188\/404
|
|-weather|RainDance|[upkeep]
|-heal|p1a: Manaphy|213\/404|[from] item: Leftovers
|-damage|p1a: Manaphy|163\/404|[from] Leech Seed|[of] p2a: Venusaur
|-heal|p2a: Venusaur|363\/363|[silent]
|turn|21
|c|+GoaoTwo|cuidado rall...
|c|âRed Skies|Vai critar D:
|L|Brazilian Army
|
|switch|p2a: Gliscor|Gliscor, F|354\/354
|-damage|p2a: Gliscor|310\/354|[from] Stealth Rock
|move|p1a: Manaphy|Rest|p1a: Manaphy
|-status|p1a: Manaphy|slp
|-heal|p1a: Manaphy|404\/404 slp|[silent]
|-status|p1a: Manaphy|slp|[from] move: Rest
|
|-weather|RainDance|[upkeep]
|-curestatus|p1a: Manaphy|slp
|-damage|p1a: Manaphy|354\/404|[from] Leech Seed|[of] p2a: Gliscor
|-heal|p2a: Gliscor|354\/354|[silent]
|-status|p2a: Gliscor|tox|[from] item: Toxic Orb
|turn|22
|J|hasuhahasuha
|c|âRed Skies|Caralho leech seed tinha que ficar sÃ³ ate um certo turno
|c|âRed Skies|Dps acabar
|c|âRed Skies|Que porra chata
|J|Teeeerz.
|c|+GoaoTwo|idai
|c|+GoaoTwo|nem tem
|c|+GoaoTwo|como a gente perder
|c|âRed Skies|Cala tua boca
|c|âRed Skies|Logico que tem
|c|+GoaoTwo|como
|c|+GoaoTwo|ah
|c|âRed Skies|Eu sou Adamant
|c|+GoaoTwo|sÃ³ se critar
|c|âRed Skies|- Sp Atack
|
|move|p1a: Manaphy|Scald|p2a: Gliscor
|-supereffective|p2a: Gliscor
|-damage|p2a: Gliscor|0 fnt
|faint|p2a: Gliscor
|
|-weather|RainDance|[upkeep]
|-heal|p1a: Manaphy|379\/404|[from] item: Leftovers
|c| MC CAROL BANDIDA|uhul :o
|c|âRed Skies|lol
|c|âRed Skies|Pensei que tinha speed
|c|âRed Skies|E ia tauntear
|c|âHoelze|era a ideia
|c|âHoelze|so n tinha speed
|c|âHoelze|rsrs
|c|âRed Skies|lol
|c|âRed Skies|Ta brabo pra vc
|
|switch|p2a: Chansey|Chansey, F|616\/704
|-damage|p2a: Chansey|528\/704|[from] Stealth Rock
|turn|23
|c|âRed Skies|Tenta fazer umas acrobacias aew
|
|move|p1a: Manaphy|Scald|p2a: Chansey
|-damage|p2a: Chansey|234\/704
|-status|p2a: Chansey|brn
|move|p2a: Chansey|Soft-Boiled|p2a: Chansey
|-heal|p2a: Chansey|586\/704 brn
|
|-weather|none
|-heal|p1a: Manaphy|404\/404|[from] item: Leftovers
|-damage|p1a: Manaphy|354\/404|[from] Leech Seed|[of] p2a: Chansey
|-heal|p2a: Chansey|636\/704 brn|[silent]
|-damage|p2a: Chansey|548\/704 brn|[from] brn
|turn|24
|c| MC CAROL BANDIDA|CA-CA-CARAY BATEU UMA ONDA FORTE, TÃ VENDO UM MANAPHY, EM CIMA DO POSTE: https:\/\/www.youtube.com\/watch?v=FHm5BpRRea8
|c|+GoaoTwo|rall
|c|âRed Skies|eaiehauehaue
|c|âRed Skies|HUEAHEUAH
|c|âRed Skies|Hoelze
|c|âRed Skies|Teu time tem uma base boa
|c|âRed Skies|Eu trocaria Land por Thund
|c|+GoaoTwo|olha o skype, rall
|c|âRed Skies|Sei la
|c|âRed Skies|Ou pra ficar um stall da hora colocaria um zapdos
|
|move|p1a: Manaphy|Calm Mind|p1a: Manaphy
|-boost|p1a: Manaphy|spa|1
|-boost|p1a: Manaphy|spd|1
|move|p2a: Chansey|Toxic|p1a: Manaphy
|-status|p1a: Manaphy|tox
|
|-heal|p1a: Manaphy|379\/404 tox|[from] item: Leftovers
|-damage|p1a: Manaphy|329\/404 tox|[from] Leech Seed|[of] p2a: Chansey
|-heal|p2a: Chansey|598\/704 brn|[silent]
|-damage|p1a: Manaphy|304\/404 tox|[from] psn
|-damage|p2a: Chansey|510\/704 brn|[from] brn
|turn|25
|c|+GoaoTwo|era rain
|c|+GoaoTwo|lol
|
|switch|p2a: Landorus|Landorus, M|319\/319
|-damage|p2a: Landorus|280\/319|[from] Stealth Rock
|move|p1a: Manaphy|Rain Dance|p1a: Manaphy
|-weather|RainDance
|
|-weather|RainDance|[upkeep]
|-curestatus|p1a: Manaphy|tox
|-heal|p1a: Manaphy|329\/404|[from] item: Leftovers
|-damage|p1a: Manaphy|279\/404|[from] Leech Seed|[of] p2a: Landorus
|-heal|p2a: Landorus|319\/319|[silent]
|turn|26
|c| Rydro|VEMM KOGA VEM
|c|+silverghoooost|prevendo
|c|+silverghoooost|o critico
|
|move|p2a: Landorus|Knock Off|p1a: Manaphy
|-damage|p1a: Manaphy|176\/404
|-enditem|p1a: Manaphy|Leftovers|[from] move: Knock Off|[of] p2a: Landorus
|-damage|p2a: Landorus|288\/319|[from] item: Life Orb
|move|p1a: Manaphy|Scald|p2a: Landorus
|-supereffective|p2a: Landorus
|-damage|p2a: Landorus|0 fnt
|faint|p2a: Landorus
|
|-weather|RainDance|[upkeep]
|c|âHoelze|kogao fail
|c|âHoelze|tntei ne rsrs
|c| Rydro|=[
|c|âRed Skies|Nem com critico
|c|âRed Skies|Ia matar
|c|+GoaoTwo|rydro
|
|switch|p2a: Heatran|Heatran, F|385\/385
|-damage|p2a: Heatran|337\/385|[from] Stealth Rock
|turn|27
|c| Rydro|COM EATRH IRIA
|c|+GoaoTwo|frost wyvern
|c| Rydro|oo
|c|+GoaoTwo|tÃ¡ chegando
|c|+GoaoTwo|bls?
|c|âRed Skies|Sim
|
|move|p1a: Manaphy|Rest|p1a: Manaphy
|-status|p1a: Manaphy|slp
|-heal|p1a: Manaphy|404\/404 slp|[silent]
|-status|p1a: Manaphy|slp|[from] move: Rest
|move|p2a: Heatran|Roar|p1a: Manaphy
|drag|p1a: Heatran|Heatran, F|212\/386
|
|-weather|RainDance|[upkeep]
|-heal|p1a: Heatran|236\/386|[from] item: Leftovers
|-heal|p2a: Heatran|361\/385|[from] item: Leftovers
|turn|28
|c|âHoelze|aew
|c|âRed Skies|lololol
|c|+GoaoTwo|PQP RALL
|c|+silverghoooost|lol
|c| Rydro|CARALHO
|c|+GoaoTwo|LOL
|c| Rydro|GENIO
|c|âRed Skies|ehauehauehaeu
|c|+silverghoooost|LOL
|c| Rydro|GENIOOOOOOOOOOOOOO
|c|+GoaoTwo|RAAAAAAAAAAAAAAL DO CÃU
|c|+GoaoTwo|LOL
|c|+silverghoooost|KKKKKKKKKKKKKKKKKKKK
|c|+silverghoooost|JA SABE O Q TEM Q FAZER
|c|+silverghoooost|HOELZE
|c|âRed Skies|HEUAHEUAHEuehUAEH
|c|âHoelze|sei? kkkk
|c|âRed Skies|Cara
|c|+GoaoTwo|pare de falar como
|c|âRed Skies|Faz seculos que nÃ£o vejo um tran Roar
|c|+GoaoTwo|se slowbro
|c|âRed Skies|SÃ©rio
|c|âRed Skies|Sorry
|c|+GoaoTwo|se manaphy *
|c|+GoaoTwo|nao setupasse em tudo
|c|+GoaoTwo|ainda
|c|+GoaoTwo|oo
|
|switch|p2a: Venusaur|Venusaur-Mega, F|363\/363
|-damage|p2a: Venusaur|318\/363|[from] Stealth Rock
|move|p1a: Heatran|Earth Power|p2a: Venusaur
|-crit|p2a: Venusaur
|-damage|p2a: Venusaur|224\/363
|
|-weather|RainDance|[upkeep]
|-heal|p1a: Heatran|260\/386|[from] item: Leftovers
|turn|29
|c|+silverghoooost|.
|
|switch|p1a: Landorus-Therian|Landorus-Therian, M|328\/328
|-ability|p1a: Landorus-Therian|Intimidate|[of] p2a: Venusaur
|-unboost|p2a: Venusaur|atk|1
|move|p2a: Venusaur|Leech Seed|p1a: Landorus-Therian
|-start|p1a: Landorus-Therian|move: Leech Seed
|
|-weather|none
|-damage|p1a: Landorus-Therian|287\/328|[from] Leech Seed|[of] p2a: Venusaur
|-heal|p2a: Venusaur|265\/363|[silent]
|turn|30
|
|switch|p1a: Mamoswine|Mamoswine, F|361\/361
|move|p2a: Venusaur|Synthesis|p2a: Venusaur
|-heal|p2a: Venusaur|363\/363
|
|turn|31
|J|Ob Nilix
|
|switch|p2a: Slowbro|Slowbro, M|393\/393
|-damage|p2a: Slowbro|344\/393|[from] Stealth Rock
|move|p1a: Mamoswine|Earthquake|p2a: Slowbro
|-damage|p2a: Slowbro|200\/393
|
|-heal|p2a: Slowbro|224\/393|[from] item: Leftovers
|turn|32
|
|switch|p1a: Altaria|Altaria, M|325\/325
|move|p2a: Slowbro|Slack Off|p2a: Slowbro
|-heal|p2a: Slowbro|393\/393
|
|turn|33
|c|+silverghoooost|ql set
|c|+silverghoooost|dessa buceta
|c|+GoaoTwo|frustration
|c|+GoaoTwo|sub
|c|+GoaoTwo|dd
|c|+GoaoTwo|roost
|c|âRed Skies|Mentira
|c|âRed Skies|Ã mixed
|c|+GoaoTwo|fdp
|c|+GoaoTwo|eu fui enganar
|c|+GoaoTwo|eles
|c|+GoaoTwo|seu
|c|+GoaoTwo|IDIOTA
|c|âRed Skies|Com Eq e knock off
|c| MC CAROL BANDIDA|Goao
|c| MC CAROL BANDIDA|-_-
|c|+GoaoTwo|Yes
|c|+GoaoTwo|-_-
|c| MC CAROL BANDIDA|Â¬Â¬
|c| MC CAROL BANDIDA|:3
|c|+GoaoTwo|'-'
|c|+GoaoTwo|ewe
|c|+silverghoooost|passa a calculadora
|c|+silverghoooost|de oras
|c|+silverghoooost|alguem
|c|+silverghoooost|por favor
|c| Brick Small|:)
|c|+GoaoTwo|nao caralho
|c|+GoaoTwo|se vira
|c|+GoaoTwo|.x
|c|+silverghoooost|passa ae
|c|+GoaoTwo|eu te passei no skype
|c|+silverghoooost|pnc
|c|+GoaoTwo|ontem
|c|+silverghoooost|tu nao passou
|c|+silverghoooost|LOL
|c| MC CAROL BANDIDA|http:\/\/gamut-was-taken.github.io\/
|c|+GoaoTwo|ah
|c|+GoaoTwo|passa pra elas, yes
|
|detailschange|p1a: Altaria|Altaria-Mega, M
|-mega|p1a: Altaria|Altaria|Altarianite
|move|p1a: Altaria|Hyper Voice|p2a: Slowbro
|-crit|p2a: Slowbro
|-damage|p2a: Slowbro|41\/393
|move|p2a: Slowbro|Ice Beam|p1a: Altaria
|-supereffective|p1a: Altaria
|-damage|p1a: Altaria|189\/325
|
|-heal|p2a: Slowbro|65\/393|[from] item: Leftovers
|turn|34
|c|âHoelze|...
|c| MC CAROL BANDIDA|NÃ£o sejam vacilÃµes tambÃ©m nÃ©
|c|+silverghoooost|isso e site porno
|c|âRed Skies|Bom turno
|c|+silverghoooost|affe
|c| Brick Small|.bom
|c| Rydro|ruim turno
|c| MC CAROL BANDIDA|nÃ£o rofl
|
|switch|p1a: Landorus-Therian|Landorus-Therian, M|287\/328
|-ability|p1a: Landorus-Therian|Intimidate|[of] p2a: Slowbro
|-unboost|p2a: Slowbro|atk|1
|switch|p2a: Chansey|Chansey, F|510\/704
|-damage|p2a: Chansey|422\/704|[from] Stealth Rock
|
|-heal|p1a: Landorus-Therian|307\/328|[from] item: Leftovers
|turn|35
|c| MC CAROL BANDIDA|Ã© a calculadora mesmo
|c|+silverghoooost|boa calculadora
|
|move|p1a: Landorus-Therian|Earthquake|p2a: Chansey
|-damage|p2a: Chansey|157\/704
|move|p2a: Chansey|Counter|p1a: Landorus-Therian
|-damage|p1a: Landorus-Therian|0 fnt
|faint|p1a: Landorus-Therian
|
|c| Rydro|BOA
|c| Rydro|KKKKKKK
|c|âRed Skies|LOLOLOLOLOL
|c| MC CAROL BANDIDA|LAL
|c|+silverghoooost|KKKKKKKKKKKKKKk
|
|switch|p1a: Mamoswine|Mamoswine, F|361\/361
|turn|36
|
|switch|p2a: Venusaur|Venusaur-Mega, F|363\/363
|-damage|p2a: Venusaur|318\/363|[from] Stealth Rock
|move|p1a: Mamoswine|Earthquake|p2a: Venusaur
|-damage|p2a: Venusaur|144\/363
|
|turn|37
|c|âRed Skies|Ã dude
|c|âRed Skies|Perdeu nessa jogada
|c|âRed Skies|:c
|c|+GoaoTwo|rall
|c|+GoaoTwo|deixa o cara
|c|+GoaoTwo|po
|c|+GoaoTwo|Ã© scarf venusaur
|c|+GoaoTwo|Ã© timid venus e vai ganhar a tie
|
|switch|p2a: Chansey|Chansey, F|157\/704
|-damage|p2a: Chansey|69\/704|[from] Stealth Rock
|move|p1a: Mamoswine|Earthquake|p2a: Chansey
|-damage|p2a: Chansey|0 fnt
|faint|p2a: Chansey
|
|c| Brick Small|.
|
|switch|p2a: Slowbro|Slowbro, M|196\/393
|-damage|p2a: Slowbro|147\/393|[from] Stealth Rock
|turn|38
|
|switch|p1a: Heatran|Heatran, F|260\/386
|switch|p2a: Heatran|Heatran, F|361\/385
|-damage|p2a: Heatran|313\/385|[from] Stealth Rock
|
|-heal|p1a: Heatran|284\/386|[from] item: Leftovers
|-heal|p2a: Heatran|337\/385|[from] item: Leftovers
|turn|39
|
|switch|p2a: Venusaur|Venusaur-Mega, F|144\/363
|-damage|p2a: Venusaur|99\/363|[from] Stealth Rock
|move|p1a: Heatran|Earth Power|p2a: Venusaur
|-damage|p2a: Venusaur|36\/363
|
|-heal|p1a: Heatran|308\/386|[from] item: Leftovers
|turn|40
|
|move|p1a: Heatran|Earth Power|p2a: Venusaur
|-damage|p2a: Venusaur|0 fnt
|faint|p2a: Venusaur
|
|-heal|p1a: Heatran|332\/386|[from] item: Leftovers
|c|âHoelze|speed quanto?
|c|âRed Skies|gg
|c|âRed Skies|205
|c|+GoaoTwo|a altaria
|
|switch|p2a: Slowbro|Slowbro, M|278\/393
|-damage|p2a: Slowbro|229\/393|[from] Stealth Rock
|turn|41
|c|+GoaoTwo|tem quake
|c|+GoaoTwo|g_g
|c|âRed Skies|Tem
|c|âRed Skies|Eu disse
|c|âRed Skies|Mixed
|c|+silverghoooost|vai missar
|c|+silverghoooost|toxic
|c|+silverghoooost|rs
|c|+GoaoTwo|ele deu taunt
|c|+GoaoTwo|mesmo
|c|+GoaoTwo|o.o
|c|âRed Skies|Taunt porra imo
|
|move|p1a: Heatran|Taunt|p2a: Slowbro
|-start|p2a: Slowbro|move: Taunt
|cant|p2a: Slowbro|move: Taunt|Slack Off
|
|-heal|p1a: Heatran|356\/386|[from] item: Leftovers
|-heal|p2a: Slowbro|253\/393|[from] item: Leftovers
|turn|42
|
|move|p1a: Heatran|Toxic|p2a: Slowbro
|-status|p2a: Slowbro|tox
|move|p2a: Slowbro|Scald|p1a: Heatran
|-supereffective|p1a: Heatran
|-damage|p1a: Heatran|204\/386
|
|-heal|p1a: Heatran|228\/386|[from] item: Leftovers
|-heal|p2a: Slowbro|277\/393 tox|[from] item: Leftovers
|-damage|p2a: Slowbro|253\/393 tox|[from] psn
|turn|43
|c|+silverghoooost|kd o frost
|c|+silverghoooost|goao
|c|+Gandalfooo|soul
|c|+GoaoTwo|tÃ¡ chegando
|c|+GoaoTwo|meu nobre
|c|+Gandalfooo|vai responder o chat lÃ¡
|c|âRed Skies|Frost ta dormindo
|c|+silverghoooost|q chat
|
|move|p1a: Heatran|Earth Power|p2a: Slowbro
|-damage|p2a: Slowbro|145\/393 tox
|move|p2a: Slowbro|Scald|p1a: Heatran
|-supereffective|p1a: Heatran
|-damage|p1a: Heatran|96\/386
|
|-heal|p1a: Heatran|120\/386|[from] item: Leftovers
|-heal|p2a: Slowbro|169\/393 tox|[from] item: Leftovers
|-damage|p2a: Slowbro|121\/393 tox|[from] psn
|-end|p2a: Slowbro|move: Taunt
|turn|44
|c|+Gandalfooo|do skype
|c|+silverghoooost|:o
|c|+GoaoTwo|gg mlkada
|c|+GoaoTwo|ez game
|c|+GoaoTwo|ez vida
|c|+silverghoooost|tu me mandou algo
|c|âRed Skies|Otimo jogo lekag
|c|+silverghoooost|no skype?
|
|move|p1a: Heatran|Taunt|p2a: Slowbro
|-start|p2a: Slowbro|move: Taunt
|move|p2a: Slowbro|Scald|p1a: Heatran
|-supereffective|p1a: Heatran
|-damage|p1a: Heatran|0 fnt
|faint|p1a: Heatran
|
|-heal|p2a: Slowbro|145\/393 tox|[from] item: Leftovers
|-damage|p2a: Slowbro|73\/393 tox|[from] psn
|c|+silverghoooost|ql teu skype?
|c|+Gandalfooo|o kael mandou
|c| MC CAROL BANDIDA|klabok seu desumilde
|c|+silverghoooost|ah 
|c|+silverghoooost|to ligado
|c|+silverghoooost|pera ae
|
|switch|p1a: Altaria|Altaria-Mega, M|189\/325
|turn|45
|
|switch|p2a: Heatran|Heatran, F|337\/385
|-damage|p2a: Heatran|289\/385|[from] Stealth Rock
|move|p1a: Altaria|Earthquake|p2a: Heatran
|-supereffective|p2a: Heatran
|-damage|p2a: Heatran|0 fnt
|faint|p2a: Heatran
|
|
|switch|p2a: Slowbro|Slowbro, M|204\/393 tox
|-damage|p2a: Slowbro|155\/393 tox|[from] Stealth Rock
|turn|46
|c|âRed Skies|Eu disse
|
|move|p1a: Altaria|Hyper Voice|p2a: Slowbro
|-damage|p2a: Slowbro|0 fnt
|faint|p2a: Slowbro
|
|win|Red Skies
|c|âRed Skies|gg cara
|c|+Gandalfooo|ok ok
|c|âRed Skies|Otimo jogo
|L|silverghoooost
|c|+Gandalfooo|mas ve lÃ¡ q ele quer dormir
|c|âHoelze|gg cara
|c|âRed Skies|Mals o crit
|c|âRed Skies|Sei que fudeu o jogo
|L|GoaoTwo
|L|Ob Nilix