|J|Sachin
|J|GrimoireGod
|player|p1|Sachin|23
|player|p2|GrimoireGod|128
|gametype|singles
|gen|6
|tier|Skillmons OU
|rated
|clearpoke
|poke|p1|Politoed, M
|poke|p1|Kyurem-Black
|poke|p1|Galvantula, F
|poke|p1|Scolipede, F
|poke|p1|Metagross
|poke|p1|Yanmega, F
|poke|p2|Krookodile, M
|poke|p2|Gengar, M
|poke|p2|Garchomp, F
|poke|p2|Breloom, F
|poke|p2|Bisharp, M
|poke|p2|Azumarill, M
|rule|Sleep Clause Mod: Limit one foe put to sleep
|rule|Species Clause: Limit one of each PokÃ©mon
|rule|Endless Battle Clause: Forcing endless battles is banned
|rule|Exact HP Mod: exact HP is shown
|teampreview
|J|Sir Kay
|J|Trauer
|J|NotPocketkandy
|L|Trauer
|J|duch n_n
|J|Kasumi
|c|âSachin|glhf
|c|âGrimoireGod|you too :]
|
|start
|switch|p1a: Kyurem-Black|Kyurem-Black|391\/391
|switch|p2a: Garchomp|Garchomp, F|357\/357
|-ability|p1a: Kyurem-Black|Teravolt
|turn|1
|c| NotPocketkandy|wow
|c| NotPocketkandy|i see no mega slowbros
|c| NotPocketkandy|this battle is bad
|c|âGrimoireGod|rof
|c|âGrimoireGod|pls
|c|âGrimoireGod|fuk megabro
|c|âGrimoireGod|long live hyper offense
|c|âSachin|^
|c|âSachin|I hate stallin
|c|âSachin|:^)
|c| NotPocketkandy|Oh
|c| NotPocketkandy|i do too
|J|suiÑunÐµ
|c| NotPocketkandy|i run sweeping megabro
|c|âGrimoireGod|dragon rush keeps changing back to dragon claw :[
|c|+Kasumi|What did you do to Kabutops? :[
|
|move|p2a: Garchomp|Dragon Claw|p1a: Kyurem-Black
|-supereffective|p1a: Kyurem-Black
|-damage|p1a: Kyurem-Black|79\/391
|move|p1a: Kyurem-Black|Ice Beam|p2a: Garchomp
|-supereffective|p2a: Garchomp
|-damage|p2a: Garchomp|0 fnt
|-message|GrimoireGod acquired 10 points in Frozen [Total: 60]!
|faint|p2a: Garchomp
|
|-heal|p1a: Kyurem-Black|103\/391|[from] item: Leftovers
|c|âSachin|Discarded
|c|+Kasumi|Damn you
|c|âSachin|For the time being
|c| NotPocketkandy|still
|c| NotPocketkandy|ancient power got a nerf
|c|+Kasumi|Get Ludicolo? :]
|c|âSachin|Yeah
|
|switch|p2a: Gengar|Gengar, M|261\/261
|turn|2
|c| NotPocketkandy|you gotta use it 5 times in a row now
|c|âSachin|!learn ludicolo,grasswhistle
|raw|<div class="infobox">Ludicolo <span class="message-learn-cannotlearn">can't<\/span> learn Grass Whistle<\/div>
|c|âSachin|D:
|c|+Kasumi|That's a buff in my opinion lol
|
|move|p2a: Gengar|Focus Blast|p1a: Kyurem-Black
|-supereffective|p1a: Kyurem-Black
|-damage|p1a: Kyurem-Black|0 fnt
|-message|Sachin acquired 10 points in Special Defense debuff [Total: 60]!
|faint|p1a: Kyurem-Black
|
|c| NotPocketkandy|ptfff
|c|+Kasumi|Normally you'd use it 60 times
|
|switch|p1a: Scolipede|Scolipede, F|324\/324
|turn|3
|c|+Kasumi|Now only 5 
|c| NotPocketkandy|>only 5
|
|move|p2a: Gengar|Substitute|p2a: Gengar
|-start|p2a: Gengar|Substitute
|-damage|p2a: Gengar|196\/261
|move|p1a: Scolipede|Substitute|p1a: Scolipede
|-start|p1a: Scolipede|Substitute
|-damage|p1a: Scolipede|243\/324
|
|-heal|p2a: Gengar|212\/261|[from] item: Black Sludge
|-heal|p1a: Scolipede|263\/324|[from] item: Black Sludge
|-boost|p1a: Scolipede|spe|1|[from] ability: Speed Boost
|turn|4
|c| NotPocketkandy|thats over half of its PP
|c|+Kasumi|Ja
|c|âGrimoireGod|lol
|c|+Kasumi|It's better than 10% 
|c| NotPocketkandy|no
|
|move|p1a: Scolipede|Protect|p1a: Scolipede
|-singleturn|p1a: Scolipede|Protect
|move|p2a: Gengar|Shadow Ball|p1a: Scolipede
|-activate|p1a: Scolipede|Protect
|
|-heal|p1a: Scolipede|283\/324|[from] item: Black Sludge
|-heal|p2a: Gengar|228\/261|[from] item: Black Sludge
|-boost|p1a: Scolipede|spe|1|[from] ability: Speed Boost
|turn|5
|c| NotPocketkandy|i wonder if the sub also takes 50% damage
|c| NotPocketkandy|from second protect in a row
|J|xfix
|
|move|p1a: Scolipede|Baton Pass|p1a: Scolipede
|
|switch|p1a: Politoed|Politoed, M|372\/372
|-weather|RainDance
|move|p2a: Gengar|Shadow Ball|p1a: Politoed
|-end|p1a: Politoed|Substitute
|
|-weather|RainDance|[upkeep]
|-heal|p2a: Gengar|244\/261|[from] item: Black Sludge
|turn|6
|c| NotPocketkandy|lolwut
|
|move|p1a: Politoed|Perish Song|p1a: Politoed
|-fieldactivate|move: Perish Song
|move|p2a: Gengar|Hypnosis|p1a: Politoed
|-message|Sachin acquired 60 points in Sleep status [Total: 110]!
|-message|A secondary effect on Sleep status triggered! [-100 points]
|-status|p1a: Politoed|slp
|
|-start|p1a: Politoed|perish3
|-start|p2a: Gengar|perish3
|-weather|RainDance|[upkeep]
|-heal|p2a: Gengar|260\/261|[from] item: Black Sludge
|turn|7
|c|âGrimoireGod|gr8 m8
|c|âSachin|:>
|c| NotPocketkandy|oh i guess that works
|
|switch|p2a: Breloom|Breloom, F|261\/261
|cant|p1a: Politoed|slp
|
|-start|p1a: Politoed|perish2
|-weather|RainDance|[upkeep]
|turn|8
|c| NotPocketkandy|m8 something dies if he predicts correctly
|
|switch|p1a: Scolipede|Scolipede, F|283\/324
|switch|p2a: Krookodile|Krookodile, M|331\/331
|
|-weather|RainDance|[upkeep]
|-heal|p1a: Scolipede|303\/324|[from] item: Black Sludge
|turn|9
|c| NotPocketkandy|He didn't
|
|move|p2a: Krookodile|Stone Edge|p1a: Scolipede
|-supereffective|p1a: Scolipede
|-damage|p1a: Scolipede|101\/324
|move|p1a: Scolipede|Substitute|p1a: Scolipede
|-start|p1a: Scolipede|Substitute
|-damage|p1a: Scolipede|20\/324
|
|-weather|RainDance|[upkeep]
|-heal|p1a: Scolipede|40\/324|[from] item: Black Sludge
|-boost|p1a: Scolipede|spe|1|[from] ability: Speed Boost
|turn|10
|c|âSachin|yup
|c|âGrimoireGod|balk
|c|âSachin|oh damn
|
|move|p1a: Scolipede|Protect|p1a: Scolipede
|-singleturn|p1a: Scolipede|Protect
|move|p2a: Krookodile|Stone Edge|p1a: Scolipede
|-activate|p1a: Scolipede|Protect
|
|-weather|RainDance|[upkeep]
|-heal|p1a: Scolipede|60\/324|[from] item: Black Sludge
|-boost|p1a: Scolipede|spe|1|[from] ability: Speed Boost
|turn|11
|c| NotPocketkandy|Sachin
|c| NotPocketkandy|have you heard of deadmans wonderland b4?
|
|move|p1a: Scolipede|Baton Pass|p1a: Scolipede
|c|âSachin|Not really
|
|switch|p1a: Metagross|Metagross|301\/301
|move|p2a: Krookodile|Knock Off|p1a: Metagross
|-supereffective|p1a: Metagross
|-end|p1a: Metagross|Substitute
|
|-weather|RainDance|[upkeep]
|turn|12
|
|detailschange|p1a: Metagross|Metagross-Mega
|-mega|p1a: Metagross|Metagross|Metagrossite
|move|p2a: Krookodile|Endure|p2a: Krookodile
|-singleturn|p2a: Krookodile|move: Endure
|move|p1a: Metagross|Earthquake|p2a: Krookodile
|-damage|p2a: Krookodile|147\/331
|
|-weather|none
|turn|13
|c|âSachin|hue
|c|âGrimoireGod|okay
|
|move|p2a: Krookodile|Endure|p2a: Krookodile
|-singleturn|p2a: Krookodile|move: Endure
|move|p1a: Metagross|Earthquake|p2a: Krookodile
|-damage|p2a: Krookodile|1\/331
|-enditem|p2a: Krookodile|Salac Berry|[eat]
|-boost|p2a: Krookodile|spe|1|[from] item: Salac Berry
|
|turn|14
|
|move|p1a: Metagross|Meteor Mash|p2a: Krookodile
|-damage|p2a: Krookodile|0 fnt
|-message|Sachin acquired 20 points in Attack boost [Total: 70]!
|faint|p2a: Krookodile
|
|
|switch|p2a: Breloom|Breloom, F|261\/261
|turn|15
|
|move|p1a: Metagross|Zen Headbutt|p2a: Breloom
|-supereffective|p2a: Breloom
|-enditem|p2a: Breloom|Focus Sash
|-damage|p2a: Breloom|1\/261
|-message|GrimoireGod acquired 20 points in Flinch [Total: 70]!
|move|p2a: Breloom|Spore|p1a: Metagross
|-message|Sleep Clause Mod activated.
|-fail|p1a: Metagross
|
|turn|16
|c|+Kasumi|Ahahaha
|c|âSachin|hue
|c| suiÑunÐµ|lmao
|c|âGrimoireGod|oml
|c|âGrimoireGod|lol
|
|move|p2a: Breloom|Mach Punch|p1a: Metagross
|-damage|p1a: Metagross|219\/301
|move|p1a: Metagross|Zen Headbutt|p2a: Breloom
|-supereffective|p2a: Breloom
|-damage|p2a: Breloom|0 fnt
|-message|GrimoireGod acquired 20 points in Flinch [Total: 90]!
|faint|p2a: Breloom
|
|c|+Kasumi|#Choke
|c|âGrimoireGod|Not focusing
|c| suiÑunÐµ|kek
|
|switch|p2a: Bisharp|Bisharp, M|271\/271
|turn|17
|c|+Kasumi|Sucker Punch bro
|c|+Kasumi|It's ded
|
|switch|p1a: Yanmega|Yanmega, F|313\/313
|move|p2a: Bisharp|Sucker Punch|p1a: Yanmega
|-damage|p1a: Yanmega|91\/313
|-damage|p2a: Bisharp|244\/271|[from] item: Life Orb
|
|turn|18
|c|âSachin|yup
|c|+Kasumi|:D
|c|+Kasumi|Nice n borked
|c|âGrimoireGod|haha
|c|âSachin|FAK
|
|move|p2a: Bisharp|Sucker Punch|p1a: Yanmega
|-damage|p1a: Yanmega|0 fnt
|-damage|p2a: Bisharp|217\/271|[from] item: Life Orb
|faint|p1a: Yanmega
|
|c|âSachin|wth
|c|+Kasumi|:]
|
|switch|p1a: Galvantula|Galvantula, F|281\/281
|turn|19
|c| NotPocketkandy|oh
|c|+Kasumi|It works as a normal priority move now
|c|âSachin|Broken af
|c|+Kasumi|It'll be fixed
|c| NotPocketkandy|well i now know what the problem with sucker punch is
|
|switch|p2a: Gengar|Gengar, M|260\/261
|move|p1a: Galvantula|Bug Buzz|p2a: Gengar
|-resisted|p2a: Gengar
|-damage|p2a: Gengar|202\/261
|-message|GrimoireGod acquired 10 points in Special Defense debuff [Total: 60]!
|
|-heal|p2a: Gengar|218\/261|[from] item: Black Sludge
|turn|20
|
|switch|p1a: Politoed|Politoed, M|372\/372 slp
|-weather|RainDance
|move|p2a: Gengar|Shadow Ball|p1a: Politoed
|-damage|p1a: Politoed|224\/372 slp
|-message|Sachin acquired 20 points in Special Defense debuff [Total: 80]!
|
|-weather|RainDance|[upkeep]
|-heal|p2a: Gengar|234\/261|[from] item: Black Sludge
|turn|21
|c| NotPocketkandy|So seed flare is 80 points of SpD drop
|
|move|p2a: Gengar|Substitute|p2a: Gengar
|-start|p2a: Gengar|Substitute
|-damage|p2a: Gengar|169\/261
|cant|p1a: Politoed|slp
|
|-weather|RainDance|[upkeep]
|-heal|p2a: Gengar|185\/261|[from] item: Black Sludge
|turn|22
|c| NotPocketkandy|thats nice
|
|move|p2a: Gengar|Shadow Ball|p1a: Politoed
|-damage|p1a: Politoed|76\/372 slp
|-message|Sachin acquired 20 points in Special Defense debuff [Total: 100]!
|-message|A secondary effect on Special Defense debuff triggered! [-100 points]
|-unboost|p1a: Politoed|spd|1
|-curestatus|p1a: Politoed|slp
|move|p1a: Politoed|Hydro Pump|p2a: Gengar
|-end|p2a: Gengar|Substitute
|
|-weather|RainDance|[upkeep]
|-heal|p2a: Gengar|201\/261|[from] item: Black Sludge
|turn|23
|
|move|p2a: Gengar|Shadow Ball|p1a: Politoed
|-damage|p1a: Politoed|0 fnt
|-message|Sachin acquired 20 points in Special Defense debuff [Total: 20]!
|faint|p1a: Politoed
|
|-weather|RainDance|[upkeep]
|-heal|p2a: Gengar|217\/261|[from] item: Black Sludge
|
|switch|p1a: Galvantula|Galvantula, F|281\/281
|turn|24
|
|move|p2a: Gengar|Hypnosis|p1a: Galvantula
|-message|Sachin acquired 60 points in Sleep status [Total: 70]!
|move|p1a: Galvantula|Thunder|p2a: Gengar
|-damage|p2a: Gengar|0 fnt
|-message|GrimoireGod acquired 30 points in Paralyze [Total: 80]!
|faint|p2a: Gengar
|
|-weather|RainDance|[upkeep]
|c|âGrimoireGod|mfw
|c|âSachin|:>
|c|âGrimoireGod|still have to get used to that
|c|âGrimoireGod|>.>
|
|switch|p2a: Azumarill|Azumarill, M|400\/400
|turn|25
|c|+Kasumi|Nice chokesss
|c|âSachin|Praise lord joim for dat nerf
|
|move|p2a: Azumarill|Aqua Jet|p1a: Galvantula
|-enditem|p1a: Galvantula|Focus Sash
|-damage|p1a: Galvantula|1\/281
|move|p1a: Galvantula|Thunder|p2a: Azumarill
|-supereffective|p2a: Azumarill
|-damage|p2a: Azumarill|0 fnt
|-message|GrimoireGod acquired 30 points in Paralyze [Total: 110]!
|-message|A secondary effect on Paralyze triggered! [-100 points]
|faint|p2a: Azumarill
|
|-weather|RainDance|[upkeep]
|c|âGrimoireGod|power rof
|
|switch|p2a: Bisharp|Bisharp, M|217\/271
|turn|26
|L|duch n_n
|c|âSachin|i'm ded anyways .3.
|c| NotPocketkandy|inb4 sucker sweep
|
|move|p2a: Bisharp|Sucker Punch|p1a: Galvantula
|-damage|p1a: Galvantula|0 fnt
|-damage|p2a: Bisharp|190\/271|[from] item: Life Orb
|faint|p1a: Galvantula
|
|-weather|RainDance|[upkeep]
|c|âGrimoireGod|sucker sweep indeed
|c|+Kasumi|This wins now
|
|switch|p1a: Scolipede|Scolipede, F|60\/324
|turn|27
|c|+Kasumi|Nice n broken
|c|âSachin|I hate hax
|c|âGrimoireGod|unless metagross reveals some epic balk
|c|âSachin|:<
|c| NotPocketkandy|sachin
|c| NotPocketkandy|voice plz
|
|move|p1a: Scolipede|Protect|p1a: Scolipede
|-singleturn|p1a: Scolipede|Protect
|move|p2a: Bisharp|Sucker Punch|p1a: Scolipede
|-damage|p1a: Scolipede|60\/324
|-damage|p2a: Bisharp|163\/271|[from] item: Life Orb
|
|-weather|none
|-heal|p1a: Scolipede|80\/324|[from] item: Black Sludge
|-boost|p1a: Scolipede|spe|1|[from] ability: Speed Boost
|turn|28
|c|+Kasumi|Colbur Mega Metagross
|c|+xfix|Yeah, Sucker Punch is ridiculously broken.
|c| NotPocketkandy|lolwut?
|c|âGrimoireGod|>life orb
NotPocketkandy was promoted to Room Voice by Sachin.
|c|+Kasumi|Scolipede lost 0% of its health!
|c|+Kasumi|The opposing Bisharp lost some of its HP!
|c|+Kasumi|Lol?
|c|+NotPocketkandy|!data metagross-m
No Pokemon, item, move, ability or nature named 'metagross-m' was found. Showing the data of 'Metagross' instead.
|c|~|\/data-pokemon Metagross

|
|move|p2a: Bisharp|Sucker Punch|p1a: Scolipede
|-damage|p1a: Scolipede|0 fnt
|-damage|p2a: Bisharp|136\/271|[from] item: Life Orb
|faint|p1a: Scolipede
|
|c|+NotPocketkandy|!data metagross-mega
|c|~|\/data-pokemon Metagross-Mega

|c|+xfix|Oh, yeah, the same thing also broke Protect.
|
|switch|p1a: Metagross|Metagross-Mega|219\/301
|turn|29
|c|+NotPocketkandy|What does he need to reveal?
|c|âGrimoireGod|gg
|
|move|p2a: Bisharp|Sucker Punch|p1a: Metagross
|-supereffective|p1a: Metagross
|-damage|p1a: Metagross|0 fnt
|-damage|p2a: Bisharp|109\/271|[from] item: Life Orb
|faint|p1a: Metagross
|
|win|GrimoireGod
|raw|Ladder updating...
|c|+NotPocketkandy|150 def is nice
|raw|Sachin's rating: 1032 &rarr; <strong>1022<\/strong><br \/>(-10 for losing)
|raw|GrimoireGod's rating: 1158 &rarr; <strong>1175<\/strong><br \/>(+17 for winning)
|c|âGrimoireGod|I meant
|c|+NotPocketkandy|oh
|c|âSachin|gg
|c|âGrimoireGod|if he randomly lived
|c|âGrimoireGod|gg
|c|+NotPocketkandy|unless you're not max HP
|c|+NotPocketkandy|>.>
|c|âGrimoireGod|lol
|c|âGrimoireGod|new meta