|J|GrimoireGod
|J|PikachuCandy
|player|p1|GrimoireGod|128
|player|p2|PikachuCandy|155
|gametype|singles
|gen|6
|tier|Skillmons OU
|rated
|clearpoke
|poke|p1|Krookodile, M
|poke|p1|Gengar, M
|poke|p1|Garchomp, F
|poke|p1|Breloom, M
|poke|p1|Bisharp, F
|poke|p1|Azumarill, F
|poke|p2|Landorus-Therian, M
|poke|p2|Mandibuzz, F
|poke|p2|Wobbuffet, M, shiny
|poke|p2|Garchomp, M, shiny
|poke|p2|Kyurem-Black, shiny
|poke|p2|Gardevoir, F, shiny
|rule|Sleep Clause Mod: Limit one foe put to sleep
|rule|Species Clause: Limit one of each PokÃ©mon
|rule|OHKO Clause: OHKO moves are banned
|rule|Moody Clause: Moody is banned
|rule|Evasion Moves Clause: Evasion moves are banned
|rule|Endless Battle Clause: Forcing endless battles is banned
|rule|HP Percentage Mod: HP is shown in percentages
|teampreview
|c|âPikachuCandy|gl hf
|c|âPikachuCandy|lol
|c|âGrimoireGod|lel
|c|âGrimoireGod|you too
|
|start
|switch|p1a: Garchomp|Garchomp, F|357\/357
|switch|p2a: Torpedoâ©|Garchomp, M, shiny|357\/357
|turn|1
|
|move|p1a: Garchomp|Stealth Rock|p2a: Torpedoâ©
|-sidestart|p2: PikachuCandy|move: Stealth Rock
|move|p2a: Torpedoâ©|Dual Chop|p1a: Garchomp
|-supereffective|p1a: Garchomp
|-damage|p1a: Garchomp|207\/357
|-damage|p2a: Torpedoâ©|313\/357|[from] ability: Rough Skin|[of] p1a: Garchomp
|-supereffective|p1a: Garchomp
|-damage|p1a: Garchomp|57\/357
|-damage|p2a: Torpedoâ©|269\/357|[from] ability: Rough Skin|[of] p1a: Garchomp
|-hitcount|p1a: Garchomp|2
|
|turn|2
|
|switch|p2a: Wiz BITG|Mandibuzz, F|424\/424
|-damage|p2a: Wiz BITG|318\/424|[from] Stealth Rock
|move|p1a: Garchomp|Dragon Rush|p2a: Wiz BITG
|-damage|p2a: Wiz BITG|216\/424
|
|-heal|p2a: Wiz BITG|242\/424|[from] item: Leftovers
|turn|3
|
|switch|p1a: Bisharp|Bisharp, F|271\/271
|move|p2a: Wiz BITG|Defog|p1a: Bisharp
|-unboost|p1a: Bisharp|evasion|1
|-boost|p1a: Bisharp|atk|2|[from] ability: Defiant
|-sideend|p2: PikachuCandy|Stealth Rock|[from] move: Defog|[of] p2a: Wiz BITG
|
|-heal|p2a: Wiz BITG|268\/424|[from] item: Leftovers
|turn|4
|
|move|p1a: Bisharp|Iron Head|p2a: Wiz BITG
|-damage|p2a: Wiz BITG|0 fnt
|-damage|p1a: Bisharp|244\/271|[from] item: Life Orb
|faint|p2a: Wiz BITG
|
|c|âPikachuCandy|hmm
|
|switch|p2a: Torpedoâ©|Garchomp, M, shiny|269\/357
|turn|5
|
|move|p2a: Torpedoâ©|Earthquake|p1a: Bisharp
|-supereffective|p1a: Bisharp
|-damage|p1a: Bisharp|0 fnt
|faint|p1a: Bisharp
|
|
|switch|p1a: Gengar|Gengar, M|261\/261
|turn|6
|
|move|p1a: Gengar|Hypnosis|p2a: Torpedoâ©
|-status|p2a: Torpedoâ©|slp
|cant|p2a: Torpedoâ©|slp
|
|turn|7
|
|move|p1a: Gengar|Substitute|p1a: Gengar
|-start|p1a: Gengar|Substitute
|-damage|p1a: Gengar|196\/261
|cant|p2a: Torpedoâ©|slp
|
|-heal|p1a: Gengar|212\/261|[from] item: Black Sludge
|turn|8
|
|move|p1a: Gengar|Shadow Ball|p2a: Torpedoâ©
|-damage|p2a: Torpedoâ©|92\/357 slp
|-unboost|p2a: Torpedoâ©|spd|1
|-curestatus|p2a: Torpedoâ©|slp
|move|p2a: Torpedoâ©|Dual Chop|p1a: Gengar
|-end|p1a: Gengar|Substitute
|-damage|p1a: Gengar|106\/261
|-hitcount|p1a: Gengar|2
|
|-heal|p1a: Gengar|122\/261|[from] item: Black Sludge
|turn|9
|c|âPikachuCandy|?
|c|âGrimoireGod|oh right
|c|âGrimoireGod|shit
|
|move|p1a: Gengar|Shadow Ball|p2a: Torpedoâ©
|-damage|p2a: Torpedoâ©|0 fnt
|faint|p2a: Torpedoâ©
|
|-heal|p1a: Gengar|138\/261|[from] item: Black Sludge
|c|âPikachuCandy|2nd turn sleep?
|
|switch|p2a: WishTailâ|Landorus-Therian, M|319\/319
|-ability|p2a: WishTailâ|Intimidate|[of] p1a: Gengar
|-unboost|p1a: Gengar|atk|1
|turn|10
|c|âGrimoireGod|sleep is always two turns
|
|switch|p1a: Breloom|Breloom, M|261\/261
|move|p2a: WishTailâ|Knock Off|p1a: Breloom
|-resisted|p1a: Breloom
|-damage|p1a: Breloom|172\/261
|-enditem|p1a: Breloom|Focus Sash|[from] move: Knock Off|[of] p2a: WishTailâ
|
|turn|11
|
|switch|p2a: BubbleTea|Wobbuffet, M, shiny|584\/584
|move|p1a: Breloom|Spore|p2a: BubbleTea
|-status|p2a: BubbleTea|slp
|
|turn|12
|
|switch|p2a: WishTailâ|Landorus-Therian, M|319\/319
|-ability|p2a: WishTailâ|Intimidate|[of] p1a: Breloom
|-unboost|p1a: Breloom|atk|1
|move|p1a: Breloom|Bullet Seed|p2a: WishTailâ
|-damage|p2a: WishTailâ|265\/319
|-damage|p2a: WishTailâ|211\/319
|-hitcount|p2a: WishTailâ|2
|
|turn|13
|
|move|p2a: WishTailâ|U-turn|p1a: Breloom
|-damage|p1a: Breloom|42\/261
|
|switch|p2a: Teriyaki|Kyurem-Black, shiny|453\/453
|-ability|p2a: Teriyaki|Teravolt
|move|p1a: Breloom|Bullet Seed|p2a: Teriyaki
|-resisted|p2a: Teriyaki
|-damage|p2a: Teriyaki|429\/453
|-resisted|p2a: Teriyaki
|-damage|p2a: Teriyaki|405\/453
|-resisted|p2a: Teriyaki
|-damage|p2a: Teriyaki|381\/453
|-resisted|p2a: Teriyaki
|-damage|p2a: Teriyaki|357\/453
|-hitcount|p2a: Teriyaki|4
|
|-heal|p2a: Teriyaki|385\/453|[from] item: Leftovers
|turn|14
|
|move|p1a: Breloom|Mach Punch|p2a: Teriyaki
|-supereffective|p2a: Teriyaki
|-damage|p2a: Teriyaki|227\/453
|move|p2a: Teriyaki|Substitute|p2a: Teriyaki
|-start|p2a: Teriyaki|Substitute
|-damage|p2a: Teriyaki|114\/453
|
|-heal|p2a: Teriyaki|142\/453|[from] item: Leftovers
|turn|15
|c|âPikachuCandy|.
|c|âGrimoireGod|.
|
|move|p1a: Breloom|Mach Punch|p2a: Teriyaki
|-supereffective|p2a: Teriyaki
|-end|p2a: Teriyaki|Substitute
|move|p2a: Teriyaki|Blizzard|p1a: Breloom
|-supereffective|p1a: Breloom
|-damage|p1a: Breloom|0 fnt
|faint|p1a: Breloom
|
|-heal|p2a: Teriyaki|170\/453|[from] item: Leftovers
|c|âPikachuCandy|I need to find something for gengar
|c|âGrimoireGod|it's very good
|
|switch|p1a: Gengar|Gengar, M|138\/261
|turn|16
|
|switch|p2a: WishTailâ|Landorus-Therian, M|211\/319
|-ability|p2a: WishTailâ|Intimidate|[of] p1a: Gengar
|-unboost|p1a: Gengar|atk|1
|move|p1a: Gengar|Hypnosis|p2a: WishTailâ
|-message|Sleep Clause Mod activated.
|-fail|p2a: WishTailâ
|
|-heal|p1a: Gengar|154\/261|[from] item: Black Sludge
|turn|17
|c|âGrimoireGod|oh shit
|c|âGrimoireGod|lmao
|c|âGrimoireGod|x-x
|
|switch|p1a: Krookodile|Krookodile, M|331\/331
|move|p2a: WishTailâ|Earthquake|p1a: Krookodile
|-damage|p1a: Krookodile|55\/331
|-enditem|p1a: Krookodile|Salac Berry|[eat]
|-boost|p1a: Krookodile|spe|1|[from] item: Salac Berry
|
|turn|18
|c|âPikachuCandy|.
|
|move|p1a: Krookodile|Endure|p1a: Krookodile
|-singleturn|p1a: Krookodile|move: Endure
|move|p2a: WishTailâ|Earthquake|p1a: Krookodile
|-damage|p1a: Krookodile|1\/331
|
|turn|19
|c|âGrimoireGod|aww
|c|âGrimoireGod|xD
|
|move|p1a: Krookodile|Knock Off|p2a: WishTailâ
|-damage|p2a: WishTailâ|21\/319
|-enditem|p2a: WishTailâ|Choice Scarf|[from] move: Knock Off|[of] p1a: Krookodile
|move|p2a: WishTailâ|Earthquake|p1a: Krookodile
|-damage|p1a: Krookodile|0 fnt
|faint|p1a: Krookodile
|
|c|âGrimoireGod|wow ok
|c|âPikachuCandy|ok.
|c|âGrimoireGod|but no scarf <3
|
|switch|p1a: Gengar|Gengar, M|154\/261
|turn|20
|c|âPikachuCandy|.cri
|
|move|p1a: Gengar|Shadow Ball|p2a: WishTailâ
|-damage|p2a: WishTailâ|0 fnt
|faint|p2a: WishTailâ
|
|-heal|p1a: Gengar|170\/261|[from] item: Black Sludge
|
|switch|p2a: DustFairy|Gardevoir, F, shiny|301\/301
|turn|21
|
|switch|p1a: Azumarill|Azumarill, F|400\/400
|detailschange|p2a: DustFairy|Gardevoir-Mega, F, shiny
|-mega|p2a: DustFairy|Gardevoir|Gardevoirite
|move|p2a: DustFairy|Psyshock|p1a: Azumarill
|-damage|p1a: Azumarill|166\/400
|
|turn|22
|
|move|p1a: Azumarill|Aqua Jet|p2a: DustFairy
|-damage|p2a: DustFairy|111\/301
|move|p2a: DustFairy|Psyshock|p1a: Azumarill
|-damage|p1a: Azumarill|0 fnt
|faint|p1a: Azumarill
|
|
|switch|p1a: Gengar|Gengar, M|170\/261
|turn|23
|
|switch|p2a: BubbleTea|Wobbuffet, M, shiny|584\/584 slp
|move|p1a: Gengar|Shadow Ball|p2a: BubbleTea
|-supereffective|p2a: BubbleTea
|-damage|p2a: BubbleTea|272\/584 slp
|
|-heal|p1a: Gengar|186\/261|[from] item: Black Sludge
|-heal|p2a: BubbleTea|308\/584 slp|[from] item: Leftovers
|turn|24
|c|âPikachuCandy|wow
|c|âPikachuCandy|ok
|
|move|p1a: Gengar|Shadow Ball|p2a: BubbleTea
|-supereffective|p2a: BubbleTea
|-damage|p2a: BubbleTea|0 fnt
|faint|p2a: BubbleTea
|
|-heal|p1a: Gengar|202\/261|[from] item: Black Sludge
|c|âGrimoireGod|balk tho
|
|switch|p2a: DustFairy|Gardevoir-Mega, F, shiny|111\/301
|turn|25
|
|move|p1a: Gengar|Shadow Ball|p2a: DustFairy
|-supereffective|p2a: DustFairy
|-damage|p2a: DustFairy|0 fnt
|faint|p2a: DustFairy
|
|-heal|p1a: Gengar|218\/261|[from] item: Black Sludge
|c|âPikachuCandy|gg
|c|âGrimoireGod|gee gee
|
|switch|p2a: Teriyaki|Kyurem-Black, shiny|170\/453
|-ability|p2a: Teriyaki|Teravolt
|turn|26
|
|move|p1a: Gengar|Focus Blast|p2a: Teriyaki
|-supereffective|p2a: Teriyaki
|-damage|p2a: Teriyaki|0 fnt
|faint|p2a: Teriyaki
|
|win|GrimoireGod
|raw|Ladder updating...
|raw|GrimoireGod's rating: 1070 &rarr; <strong>1097<\/strong><br \/>(+27 for winning)
|raw|PikachuCandy's rating: 1040 &rarr; <strong>1025<\/strong><br \/>(-15 for losing)
|L|PikachuCandy
|player|p2