|J|GrimoireGod
|J|Trauer
|player|p1|GrimoireGod|128
|player|p2|Trauer|141
|gametype|singles
|gen|6
|tier|Skillmons OU
|rated
|clearpoke
|poke|p1|Krookodile, M
|poke|p1|Gengar, M
|poke|p1|Garchomp, F
|poke|p1|Breloom, M
|poke|p1|Bisharp, M
|poke|p1|Azumarill, M
|poke|p2|Scizor, M
|poke|p2|Heatran, F
|poke|p2|Milotic, M
|poke|p2|Landorus-Therian, M
|poke|p2|Rotom-Wash
|poke|p2|Conkeldurr, M
|rule|Sleep Clause Mod: Limit one foe put to sleep
|rule|Species Clause: Limit one of each PokÃ©mon
|rule|Endless Battle Clause: Forcing endless battles is banned
|rule|Exact HP Mod: exact HP is shown
|teampreview
|J|Kasumi
|J|NotPocketkandy
|c|âGrimoireGod|:]
|c| NotPocketkandy|ohshit
|c|+Kasumi|Battle of the centuries
|J|suiÑunÐµ
|c| NotPocketkandy|that conkeldurr
|c|âTrauer|[:
|c|+Kasumi|Or however you say it
|
|start
|switch|p1a: Garchomp|Garchomp, F|357\/357
|switch|p2a: Not Scarfed|Landorus-Therian, M|319\/319
|-ability|p2a: Not Scarfed|Intimidate|[of] p1a: Garchomp
|-unboost|p1a: Garchomp|atk|1
|turn|1
|c| NotPocketkandy|Why does everyone have heatran
|c| NotPocketkandy|jesus
|
|move|p2a: Not Scarfed|U-turn|p1a: Garchomp
|-damage|p1a: Garchomp|254\/357
|-damage|p2a: Not Scarfed|280\/319|[from] ability: Rough Skin|[of] p1a: Garchomp
|
|switch|p2a: Rotom-Wash|Rotom-Wash|303\/303
|move|p1a: Garchomp|Stealth Rock|p2a: Rotom-Wash
|-sidestart|p2: Trauer|move: Stealth Rock
|
|turn|2
|c|+Kasumi|I don't have Heatran
|c|+Kasumi|Your comment is invalid
|
|move|p1a: Garchomp|Swords Dance|p1a: Garchomp
|-boost|p1a: Garchomp|atk|2
|move|p2a: Rotom-Wash|Will-O-Wisp|p1a: Garchomp
|-message|GrimoireGod acquired 85 points in Burn [Total: 135]!
|-message|A secondary effect on Burn triggered! [-100 points]
|-status|p1a: Garchomp|brn
|-enditem|p1a: Garchomp|Lum Berry|[eat]
|-curestatus|p1a: Garchomp|brn
|
|turn|3
|c| suiÑunÐµ|same lmao
|c|âGrimoireGod|^
|c|âTrauer|why does every good player have heatran?
|
|move|p1a: Garchomp|Dragon Rush|p2a: Rotom-Wash
|-damage|p2a: Rotom-Wash|149\/303
|-message|Trauer acquired 20 points in Flinch [Total: 70]!
|move|p2a: Rotom-Wash|Hydro Pump|p1a: Garchomp
|-damage|p1a: Garchomp|121\/357
|
|-heal|p2a: Rotom-Wash|167\/303|[from] item: Leftovers
|turn|4
|c|âGrimoireGod|pls
|
|move|p1a: Garchomp|Dragon Rush|p2a: Rotom-Wash
|-damage|p2a: Rotom-Wash|13\/303
|-message|Trauer acquired 20 points in Flinch [Total: 90]!
|move|p2a: Rotom-Wash|Hydro Pump|p1a: Garchomp
|-damage|p1a: Garchomp|0 fnt
|faint|p1a: Garchomp
|
|-heal|p2a: Rotom-Wash|31\/303|[from] item: Leftovers
|c| NotPocketkandy|>flinch points 
|c| NotPocketkandy|i laf
|c|+Kasumi|:D
|c|+Kasumi|It's great
|c|âGrimoireGod|lol
|
|switch|p1a: Gengar|Gengar, M|261\/261
|turn|5
|
|move|p1a: Gengar|Shadow Ball|p2a: Rotom-Wash
|-damage|p2a: Rotom-Wash|0 fnt
|-message|Trauer acquired 20 points in Special Defense debuff [Total: 70]!
|faint|p2a: Rotom-Wash
|
|
|switch|p2a: Screw Sleep|Milotic, M|394\/394
|-damage|p2a: Screw Sleep|345\/394|[from] Stealth Rock
|turn|6
|c| NotPocketkandy|Wait
|c|âGrimoireGod|e-e
|c| NotPocketkandy|so does serene grace give double points?
|c|âTrauer|y
|
|switch|p1a: Azumarill|Azumarill, M|400\/400
|move|p2a: Screw Sleep|Dragon Tail|p1a: Azumarill
|-immune|p1a: Azumarill|[msg]
|
|-heal|p2a: Screw Sleep|369\/394|[from] item: Leftovers
|turn|7
|c|âGrimoireGod|hue
|c|âTrauer|aww
|c|+Kasumi|He knows!
|c|âGrimoireGod|not even predicted
|c|+Kasumi|Belly Drum and it's GG
|c|âGrimoireGod|didn't know
|
|switch|p2a: 3-Head|Scizor, M|343\/343
|-damage|p2a: 3-Head|301\/343|[from] Stealth Rock
|move|p1a: Azumarill|Play Rough|p2a: 3-Head
|-resisted|p2a: 3-Head
|-damage|p2a: 3-Head|172\/343
|-message|Trauer acquired 10 points in Attack debuff [Total: 60]!
|
|turn|8
|J|Sir Kay
|
|switch|p1a: Bisharp|Bisharp, M|271\/271
|detailschange|p2a: 3-Head|Scizor-Mega, M
|-mega|p2a: 3-Head|Scizor|Scizorite
|move|p2a: 3-Head|Defog|p1a: Bisharp
|-unboost|p1a: Bisharp|def|1
|-boost|p1a: Bisharp|atk|2|[from] ability: Defiant
|-unboost|p1a: Bisharp|spd|1
|-boost|p1a: Bisharp|atk|2|[from] ability: Defiant
|-sideend|p2: Trauer|Stealth Rock|[from] move: Defog|[of] p2a: 3-Head
|
|turn|9
|c|âTrauer|oh gdi
|c|+Kasumi|:]
|c|âGrimoireGod|:^D
|c|+Kasumi|Now
|
|move|p1a: Bisharp|Sucker Punch|p2a: 3-Head
|-damage|p2a: 3-Head|0 fnt
|-damage|p1a: Bisharp|244\/271|[from] item: Life Orb
|faint|p2a: 3-Head
|
|c|+Kasumi|Sucker Punch 5 times
|c|âTrauer|i always mess up
|c|+Kasumi|And it's over
|
|switch|p2a: Hothead|Heatran, F|385\/385
|turn|10
|
|move|p1a: Bisharp|Sucker Punch|p2a: Hothead
|-damage|p2a: Hothead|0 fnt
|-damage|p1a: Bisharp|217\/271|[from] item: Life Orb
|faint|p2a: Hothead
|
|c|+Kasumi|I think this thingshould go
|c|âTrauer|n_n
|c|âGrimoireGod|y u no conk?
|
|switch|p2a: Scary Clown|Conkeldurr, M|413\/413
|turn|11
|
|switch|p1a: Azumarill|Azumarill, M|400\/400
|move|p2a: Scary Clown|Drain Punch|p1a: Azumarill
|-resisted|p1a: Azumarill
|-damage|p1a: Azumarill|299\/400
|
|turn|12
|c|+Kasumi|He dies I think
|c|âTrauer|swag
|
|move|p1a: Azumarill|Play Rough|p2a: Scary Clown
|-supereffective|p2a: Scary Clown
|-damage|p2a: Scary Clown|0 fnt
|-message|Trauer acquired 10 points in Attack debuff [Total: 70]!
|faint|p2a: Scary Clown
|
|
|switch|p2a: Not Scarfed|Landorus-Therian, M|280\/319
|-ability|p2a: Not Scarfed|Intimidate|[of] p1a: Azumarill
|-unboost|p1a: Azumarill|atk|1
|turn|13
|
|switch|p1a: Krookodile|Krookodile, M|331\/331
|move|p2a: Not Scarfed|Fissure|p1a: Krookodile
|-damage|p1a: Krookodile|105\/331
|
|turn|14
|c| NotPocketkandy|these people are so bad
|c|âTrauer|ik
|c| NotPocketkandy|i see no slowbro-megas here
|
|switch|p1a: Gengar|Gengar, M|261\/261
|move|p2a: Not Scarfed|Fissure|p1a: Gengar
|-immune|p1a: Gengar|[msg]
|
|turn|15
|c| NotPocketkandy|slowbro-mega is best mega
|c|âTrauer|oh
|
|switch|p2a: Screw Sleep|Milotic, M|369\/394
|move|p1a: Gengar|Substitute|p1a: Gengar
|-start|p1a: Gengar|Substitute
|-damage|p1a: Gengar|196\/261
|
|-heal|p1a: Gengar|212\/261|[from] item: Black Sludge
|-heal|p2a: Screw Sleep|393\/394|[from] item: Leftovers
|turn|16
|c|+Kasumi|He has to fix Fissure too
|
|move|p1a: Gengar|Hypnosis|p2a: Screw Sleep
|-message|Trauer acquired 60 points in Sleep status [Total: 110]!
|-message|A secondary effect on Sleep status triggered! [-100 points]
|-status|p2a: Screw Sleep|slp
|cant|p2a: Screw Sleep|slp
|
|-heal|p1a: Gengar|228\/261|[from] item: Black Sludge
|-heal|p2a: Screw Sleep|394\/394 slp|[from] item: Leftovers
|turn|17
|
|move|p1a: Gengar|Shadow Ball|p2a: Screw Sleep
|-damage|p2a: Screw Sleep|298\/394 slp
|-message|Trauer acquired 20 points in Special Defense debuff [Total: 90]!
|cant|p2a: Screw Sleep|slp
|move|p2a: Screw Sleep|Sleep Talk|p2a: Screw Sleep
|move|p2a: Screw Sleep|Rest|p2a: Screw Sleep|[from]Sleep Talk
|-fail|p2a: Screw Sleep
|
|-heal|p1a: Gengar|244\/261|[from] item: Black Sludge
|-heal|p2a: Screw Sleep|322\/394 slp|[from] item: Leftovers
|turn|18
|c| NotPocketkandy|As long as fissure has not been fixed
|c|âGrimoireGod|balk
|c| NotPocketkandy|all hail king slowbro-m
|c|+Kasumi|Of course
|
|move|p1a: Gengar|Shadow Ball|p2a: Screw Sleep
|-damage|p2a: Screw Sleep|226\/394 slp
|-message|Trauer acquired 20 points in Special Defense debuff [Total: 110]!
|-message|A secondary effect on Special Defense debuff triggered! [-100 points]
|-unboost|p2a: Screw Sleep|spd|1
|-curestatus|p2a: Screw Sleep|slp
|move|p2a: Screw Sleep|Sleep Talk|p2a: Screw Sleep
|-fail|p2a: Screw Sleep
|
|-heal|p1a: Gengar|260\/261|[from] item: Black Sludge
|-heal|p2a: Screw Sleep|250\/394|[from] item: Leftovers
|turn|19
|c|+Kasumi|Rest Talk is spdef
|c|+Kasumi|Lol
|c|âTrauer|oh that fixed
|c| NotPocketkandy|LOL
|c| NotPocketkandy|Even when sleep is predictable 
|
|move|p1a: Gengar|Hypnosis|p2a: Screw Sleep
|-message|Trauer acquired 60 points in Sleep status [Total: 70]!
|move|p2a: Screw Sleep|Rest|p2a: Screw Sleep
|-status|p2a: Screw Sleep|slp
|-heal|p2a: Screw Sleep|394\/394 slp|[silent]
|-status|p2a: Screw Sleep|slp|[from] move: Rest
|
|-heal|p1a: Gengar|261\/261|[from] item: Black Sludge
|turn|20
|c|+Kasumi|Wat?
|c|+Kasumi|Lma
|c|+Kasumi|o
|c|âGrimoireGod|ikr
|c|âGrimoireGod|>.>
|c|+Kasumi|Trauer acquired 60 points in Sleep status [Total: 70]!
|c| NotPocketkandy|i love how WoW gives 85 burn points
|c|âGrimoireGod|Sleep clause is malfunctioning too
|
|switch|p2a: Not Scarfed|Landorus-Therian, M|280\/319
|-activate|p1a: Gengar|Substitute|ability: Intimidate|[of] p2a: Not Scarfed
|move|p1a: Gengar|Shadow Ball|p2a: Not Scarfed
|-damage|p2a: Not Scarfed|94\/319
|-message|Trauer acquired 20 points in Special Defense debuff [Total: 30]!
|
|turn|21
|c|+Kasumi|Ohhhh
|c| NotPocketkandy|Kasumi
|c| NotPocketkandy|points work like BP
|c|+Kasumi|It gives you the accuracy in points
|
|move|p2a: Not Scarfed|Stone Edge|p1a: Gengar
|-end|p1a: Gengar|Substitute
|move|p1a: Gengar|Shadow Ball|p2a: Not Scarfed
|-damage|p2a: Not Scarfed|0 fnt
|-message|Trauer acquired 20 points in Special Defense debuff [Total: 50]!
|faint|p2a: Not Scarfed
|
|J|Totally Not Ransei
|
|switch|p2a: Screw Sleep|Milotic, M|394\/394 slp
|turn|22
|c|+Kasumi|That's messed up
|c|âGrimoireGod|y
|c|âGrimoireGod|gengar nerf
|c|âGrimoireGod|:[
|c|âTrauer|i messed up
|c| NotPocketkandy|its like
|
|switch|p1a: Breloom|Breloom, M|261\/261
|cant|p2a: Screw Sleep|slp
|move|p2a: Screw Sleep|Sleep Talk|p2a: Screw Sleep
|move|p2a: Screw Sleep|Scald|p1a: Breloom|[from]Sleep Talk
|-resisted|p1a: Breloom
|-damage|p1a: Breloom|184\/261
|-message|GrimoireGod acquired 30 points in Burn [Total: 65]!
|
|turn|23
|c| NotPocketkandy|acc=points
|c|âTrauer|i couldve won but im a nub
|c| NotPocketkandy|WoW gives 85 burn points
|c|âGrimoireGod|gg
|
|move|p1a: Breloom|Bullet Seed|p2a: Screw Sleep
|-supereffective|p2a: Screw Sleep
|-damage|p2a: Screw Sleep|250\/394 slp
|-supereffective|p2a: Screw Sleep
|-damage|p2a: Screw Sleep|106\/394 slp
|-supereffective|p2a: Screw Sleep
|-damage|p2a: Screw Sleep|0 fnt
|-hitcount|p2a: Screw Sleep|3
|faint|p2a: Screw Sleep
|
|win|GrimoireGod
|raw|Ladder updating...
|raw|GrimoireGod's rating: 1133 &rarr; <strong>1158<\/strong><br \/>(+25 for winning)
|raw|Trauer's rating: 1142 &rarr; <strong>1117<\/strong><br \/>(-25 for losing)
|c|âTrauer|gg
|c| Sir Kay|gg
|L|Sir Kay
|c|âGrimoireGod|hahahaha
|L|Kasumi
|c|âGrimoireGod|#1
|L|Totally Not Ransei
|c|âGrimoireGod|:^DDD
|L|Trauer
|player|p2
|L|NotPocketkandy