|J|GrimoireGod
|J|Kalalokki
|player|p1|GrimoireGod|128
|player|p2|Kalalokki|52
|gametype|singles
|gen|6
|tier|Skillmons OU
|clearpoke
|poke|p1|Sableye, M
|poke|p1|Jirachi
|poke|p1|Clefable, F
|poke|p1|Tentacruel, M
|poke|p1|Skarmory, M
|poke|p1|Chansey, F
|poke|p2|Gengar, F
|poke|p2|Kyurem-Black
|poke|p2|Galvantula, F
|poke|p2|Krookodile, F
|poke|p2|Azumarill, M
|poke|p2|Bisharp, F
|rule|Sleep Clause Mod: Limit one foe put to sleep
|rule|Species Clause: Limit one of each PokÃ©mon
|rule|OHKO Clause: OHKO moves are banned
|rule|Moody Clause: Moody is banned
|rule|Evasion Moves Clause: Evasion moves are banned
|rule|Endless Battle Clause: Forcing endless battles is banned
|rule|HP Percentage Mod: HP is shown in percentages
|teampreview
|c|âGrimoireGod|heh
|c|âKalalokki|stall eh
|c|âGrimoireGod|trying it out here
|
|start
|switch|p1a: sleep lolzzz|Sableye, M|303\/303
|switch|p2a: Gengar|Gengar, F|261\/261
|turn|1
|
|switch|p2a: Galvantula|Galvantula, F|281\/281
|detailschange|p1a: sleep lolzzz|Sableye-Mega, M
|-mega|p1a: sleep lolzzz|Sableye|Sablenite
|move|p1a: sleep lolzzz|Knock Off|p2a: Galvantula
|-damage|p2a: Galvantula|118\/281
|-enditem|p2a: Galvantula|Focus Sash|[from] move: Knock Off|[of] p1a: sleep lolzzz
|
|turn|2
|
|move|p2a: Galvantula|Bug Buzz|p1a: sleep lolzzz
|-damage|p1a: sleep lolzzz|182\/303
|move|p1a: sleep lolzzz|Will-O-Wisp|p2a: Galvantula
|-status|p2a: Galvantula|brn
|
|-damage|p2a: Galvantula|83\/281 brn|[from] brn
|turn|3
|
|move|p2a: Galvantula|Bug Buzz|p1a: sleep lolzzz
|-damage|p1a: sleep lolzzz|61\/303
|move|p1a: sleep lolzzz|Recover|p1a: sleep lolzzz
|-heal|p1a: sleep lolzzz|213\/303
|
|-damage|p2a: Galvantula|48\/281 brn|[from] brn
|turn|4
|
|switch|p2a: Kyurem-Black|Kyurem-Black|391\/391
|-ability|p2a: Kyurem-Black|Teravolt
|move|p1a: sleep lolzzz|Recover|p1a: sleep lolzzz
|-heal|p1a: sleep lolzzz|303\/303
|
|turn|5
|
|move|p2a: Kyurem-Black|Outrage|p1a: sleep lolzzz
|-damage|p1a: sleep lolzzz|48\/303
|move|p1a: sleep lolzzz|Foul Play|p2a: Kyurem-Black
|-damage|p2a: Kyurem-Black|117\/391
|
|turn|6
|
|switch|p1a: Skarmory|Skarmory, M|333\/333
|move|p2a: Kyurem-Black|Outrage|p1a: Skarmory
|-resisted|p1a: Skarmory
|-damage|p1a: Skarmory|227\/333
|
|-end|p2a: Kyurem-Black|rampage
|-start|p2a: Kyurem-Black|confusion
|turn|7
|
|switch|p2a: Gengar|Gengar, F|261\/261
|switch|p1a: Clefable|Clefable, F|393\/393
|
|turn|8
|
|switch|p2a: Krookodile|Krookodile, F|332\/332
|switch|p1a: Chansey|Chansey, F|643\/643
|
|turn|9
|
|switch|p1a: Skarmory|Skarmory, M|227\/333
|move|p2a: Krookodile|Stealth Rock|p1a: Skarmory
|-sidestart|p1: GrimoireGod|move: Stealth Rock
|
|turn|10
|
|move|p2a: Krookodile|Knock Off|p1a: Skarmory
|-damage|p1a: Skarmory|127\/333
|-enditem|p1a: Skarmory|Shed Shell|[from] move: Knock Off|[of] p2a: Krookodile
|move|p1a: Skarmory|Taunt|p2a: Krookodile
|-start|p2a: Krookodile|move: Taunt
|
|turn|11
|
|switch|p2a: Galvantula|Galvantula, F|48\/281 brn
|move|p1a: Skarmory|Roost|p1a: Skarmory
|-heal|p1a: Skarmory|294\/333
|
|-damage|p2a: Galvantula|13\/281 brn|[from] brn
|turn|12
|
|switch|p1a: Chansey|Chansey, F|643\/643
|-damage|p1a: Chansey|563\/643|[from] Stealth Rock
|move|p2a: Galvantula|Thunderbolt|p1a: Chansey
|-damage|p1a: Chansey|467\/643
|
|-damage|p2a: Galvantula|0 fnt|[from] brn
|faint|p2a: Galvantula
|
|switch|p2a: Kyurem-Black|Kyurem-Black|117\/391
|-ability|p2a: Kyurem-Black|Teravolt
|turn|13
|
|move|p2a: Kyurem-Black|Fusion Bolt|p1a: Chansey
|-damage|p1a: Chansey|238\/643
|move|p1a: Chansey|Seismic Toss|p2a: Kyurem-Black
|-damage|p2a: Kyurem-Black|17\/391
|
|turn|14
|
|move|p2a: Kyurem-Black|Outrage|p1a: Chansey
|-damage|p1a: Chansey|0 fnt
|faint|p1a: Chansey
|
|
|switch|p1a: Clefable|Clefable, F|393\/393
|-damage|p1a: Clefable|344\/393|[from] Stealth Rock
|turn|15
|
|move|p2a: Kyurem-Black|Outrage|p1a: Clefable
|-immune|p1a: Clefable|[msg]
|move|p1a: Clefable|Moonblast|p2a: Kyurem-Black
|-supereffective|p2a: Kyurem-Black
|-damage|p2a: Kyurem-Black|0 fnt
|faint|p2a: Kyurem-Black
|
|-heal|p1a: Clefable|368\/393|[from] item: Leftovers
|
|switch|p2a: Gengar|Gengar, F|261\/261
|turn|16
|J|Xylen
|
|switch|p1a: Tentacruel|Tentacruel, M|363\/363
|-damage|p1a: Tentacruel|318\/363|[from] Stealth Rock
|move|p2a: Gengar|Sludge Wave|p1a: Tentacruel
|-resisted|p1a: Tentacruel
|-damage|p1a: Tentacruel|259\/363
|
|-heal|p1a: Tentacruel|281\/363|[from] item: Black Sludge
|turn|17
|
|switch|p1a: sleep lolzzz|Sableye-Mega, M|48\/303
|-damage|p1a: sleep lolzzz|11\/303|[from] Stealth Rock
|move|p2a: Gengar|Substitute|p2a: Gengar
|-start|p2a: Gengar|Substitute
|-damage|p2a: Gengar|196\/261
|
|-heal|p2a: Gengar|212\/261|[from] item: Black Sludge
|turn|18
|c|âGrimoireGod|rip
|c|âKalalokki|:)
|J|CrystalMuffin
|J|Tentacruel3
|
|move|p2a: Gengar|Shadow Ball|p1a: sleep lolzzz
|-damage|p1a: sleep lolzzz|0 fnt
|faint|p1a: sleep lolzzz
|
|-heal|p2a: Gengar|228\/261|[from] item: Black Sludge
|
|switch|p1a: Skarmory|Skarmory, M|294\/333
|-damage|p1a: Skarmory|253\/333|[from] Stealth Rock
|turn|19
|
|move|p2a: Gengar|Hypnosis|p1a: Skarmory
|-status|p1a: Skarmory|slp
|cant|p1a: Skarmory|slp
|
|-heal|p2a: Gengar|244\/261|[from] item: Black Sludge
|turn|20
|
|switch|p1a: Tentacruel|Tentacruel, M|281\/363
|-damage|p1a: Tentacruel|236\/363|[from] Stealth Rock
|move|p2a: Gengar|Shadow Ball|p1a: Tentacruel
|-damage|p1a: Tentacruel|136\/363
|
|-heal|p2a: Gengar|260\/261|[from] item: Black Sludge
|-heal|p1a: Tentacruel|158\/363|[from] item: Black Sludge
|turn|21
|c| Tentacruel3|mee;]
|
|move|p2a: Gengar|Shadow Ball|p1a: Tentacruel
|-damage|p1a: Tentacruel|58\/363
|move|p1a: Tentacruel|Scald|p2a: Gengar
|-end|p2a: Gengar|Substitute
|
|-heal|p2a: Gengar|261\/261|[from] item: Black Sludge
|-heal|p1a: Tentacruel|80\/363|[from] item: Black Sludge
|turn|22
|c| Tentacruel3|lol grim
|J|Pikachuun
|c| Tentacruel3|is this youre old stall team? ;s
|c|âGrimoireGod|Close to it
|J|NocturnalGrowl
|
|move|p2a: Gengar|Shadow Ball|p1a: Tentacruel
|-damage|p1a: Tentacruel|0 fnt
|faint|p1a: Tentacruel
|
|c| Tentacruel3|o i see
|c|âGrimoireGod|just has some minor changes
|c| Tentacruel3|it misses cress\/hippo
|
|switch|p1a: git outskilled|Jirachi|403\/403
|-damage|p1a: git outskilled|378\/403|[from] Stealth Rock
|turn|23
|c|âGrimoireGod|anyway, gg lmao
|c|âKalalokki|gg
|c|âGrimoireGod|shouldn't have let sab be weakened
|c|âGrimoireGod|bad play on my part
|c|âKalalokki|yeah that thing was pretty scary for my team
|
|move|p2a: Gengar|Shadow Ball|p1a: git outskilled
|-supereffective|p1a: git outskilled
|-damage|p1a: git outskilled|150\/403
|move|p1a: git outskilled|Iron Head|p2a: Gengar
|-damage|p2a: Gengar|107\/261
|
|-heal|p2a: Gengar|123\/261|[from] item: Black Sludge
|-heal|p1a: git outskilled|175\/403|[from] item: Leftovers
|turn|24
|
|move|p2a: Gengar|Shadow Ball|p1a: git outskilled
|-supereffective|p1a: git outskilled
|-damage|p1a: git outskilled|0 fnt
|faint|p1a: git outskilled
|
|-heal|p2a: Gengar|139\/261|[from] item: Black Sludge
|-message|GrimoireGod forfeited.
|
|win|Kalalokki
|L|CrystalMuffin
|L|NocturnalGrowl
|L|Kalalokki
|player|p2
|c|âGrimoireGod|:]
|L|GrimoireGod
|player|p1
|c| Tentacruel3|kalalokki
|c| Tentacruel3|use black sludge :p