|J|PikachuCandy
|J|GrimoireGod
|player|p1|PikachuCandy|155
|player|p2|GrimoireGod|128
|gametype|singles
|gen|6
|tier|Skillmons OU
|rated
|clearpoke
|poke|p1|Landorus-Therian, M
|poke|p1|Mandibuzz, F
|poke|p1|Wobbuffet, M, shiny
|poke|p1|Garchomp, M, shiny
|poke|p1|Kyurem-Black, shiny
|poke|p1|Gardevoir, F, shiny
|poke|p2|Krookodile, F
|poke|p2|Gengar, F
|poke|p2|Garchomp, M
|poke|p2|Breloom, F
|poke|p2|Bisharp, F
|poke|p2|Azumarill, M
|rule|Sleep Clause Mod: Limit one foe put to sleep
|rule|Species Clause: Limit one of each PokÃ©mon
|rule|OHKO Clause: OHKO moves are banned
|rule|Moody Clause: Moody is banned
|rule|Evasion Moves Clause: Evasion moves are banned
|rule|Endless Battle Clause: Forcing endless battles is banned
|rule|HP Percentage Mod: HP is shown in percentages
|teampreview
|c|âPikachuCandy|gl hf
|c|âGrimoireGod|you too
|
|start
|switch|p1a: WishTailâ|Landorus-Therian, M|319\/319
|switch|p2a: Garchomp|Garchomp, M|357\/357
|-ability|p1a: WishTailâ|Intimidate|[of] p2a: Garchomp
|-unboost|p2a: Garchomp|atk|1
|turn|1
|
|move|p1a: WishTailâ|U-turn|p2a: Garchomp
|-damage|p2a: Garchomp|244\/357
|-damage|p1a: WishTailâ|280\/319|[from] ability: Rough Skin|[of] p2a: Garchomp
|c|âGrimoireGod|that name lol
|
|switch|p1a: BubbleTea|Wobbuffet, M, shiny|584\/584
|move|p2a: Garchomp|Stealth Rock|p1a: BubbleTea
|-sidestart|p1: PikachuCandy|move: Stealth Rock
|
|turn|2
|
|move|p2a: Garchomp|Earthquake|p1a: BubbleTea
|-damage|p1a: BubbleTea|385\/584
|move|p1a: BubbleTea|Counter|p2a: Garchomp
|-damage|p2a: Garchomp|0 fnt
|-damage|p1a: BubbleTea|312\/584|[from] ability: Rough Skin|[of] p2a: Garchomp
|faint|p2a: Garchomp
|
|-heal|p1a: BubbleTea|348\/584|[from] item: Leftovers
|
|switch|p2a: Gengar|Gengar, F|261\/261
|turn|3
|
|move|p2a: Gengar|Hypnosis|p1a: BubbleTea
|-status|p1a: BubbleTea|slp
|cant|p1a: BubbleTea|slp
|
|-heal|p1a: BubbleTea|384\/584 slp|[from] item: Leftovers
|turn|4
|
|move|p2a: Gengar|Substitute|p2a: Gengar
|-start|p2a: Gengar|Substitute
|-damage|p2a: Gengar|196\/261
|cant|p1a: BubbleTea|slp
|
|-heal|p2a: Gengar|212\/261|[from] item: Black Sludge
|-heal|p1a: BubbleTea|420\/584 slp|[from] item: Leftovers
|turn|5
|
|move|p2a: Gengar|Shadow Ball|p1a: BubbleTea
|-supereffective|p1a: BubbleTea
|-damage|p1a: BubbleTea|108\/584 slp
|-curestatus|p1a: BubbleTea|slp
|move|p1a: BubbleTea|Destiny Bond|p1a: BubbleTea
|-singlemove|p1a: BubbleTea|Destiny Bond
|
|-heal|p2a: Gengar|228\/261|[from] item: Black Sludge
|-heal|p1a: BubbleTea|144\/584|[from] item: Leftovers
|turn|6
|
|move|p2a: Gengar|Hypnosis|p1a: BubbleTea
|-status|p1a: BubbleTea|slp
|cant|p1a: BubbleTea|slp
|
|-heal|p2a: Gengar|244\/261|[from] item: Black Sludge
|-heal|p1a: BubbleTea|180\/584 slp|[from] item: Leftovers
|turn|7
|
|move|p2a: Gengar|Shadow Ball|p1a: BubbleTea
|-supereffective|p1a: BubbleTea
|-damage|p1a: BubbleTea|0 fnt
|faint|p1a: BubbleTea
|
|-heal|p2a: Gengar|260\/261|[from] item: Black Sludge
|
|switch|p1a: Wiz BITG|Mandibuzz, F|424\/424
|-damage|p1a: Wiz BITG|318\/424|[from] Stealth Rock
|turn|8
|
|move|p2a: Gengar|Hypnosis|p1a: Wiz BITG
|-status|p1a: Wiz BITG|slp
|cant|p1a: Wiz BITG|slp
|
|-heal|p2a: Gengar|261\/261|[from] item: Black Sludge
|-heal|p1a: Wiz BITG|344\/424 slp|[from] item: Leftovers
|turn|9
|c|âGrimoireGod|Oh, now I realize these are all PS people
|
|switch|p2a: Azumarill|Azumarill, M|400\/400
|cant|p1a: Wiz BITG|slp
|
|-heal|p1a: Wiz BITG|370\/424 slp|[from] item: Leftovers
|turn|10
|
|-curestatus|p1a: Wiz BITG|slp
|move|p1a: Wiz BITG|Defog|p2a: Azumarill
|-unboost|p2a: Azumarill|evasion|1
|-sideend|p1: PikachuCandy|Stealth Rock|[from] move: Defog|[of] p1a: Wiz BITG
|move|p2a: Azumarill|Waterfall|p1a: Wiz BITG
|-damage|p1a: Wiz BITG|174\/424
|
|-heal|p1a: Wiz BITG|200\/424|[from] item: Leftovers
|turn|11
|
|switch|p2a: Bisharp|Bisharp, F|271\/271
|move|p1a: Wiz BITG|Roost|p1a: Wiz BITG
|-heal|p1a: Wiz BITG|412\/424
|
|-heal|p1a: Wiz BITG|424\/424|[from] item: Leftovers
|turn|12
|
|move|p2a: Bisharp|Swords Dance|p2a: Bisharp
|-boost|p2a: Bisharp|atk|2
|move|p1a: Wiz BITG|Foul Play|p2a: Bisharp
|-resisted|p2a: Bisharp
|-damage|p2a: Bisharp|93\/271
|
|turn|13
|
|move|p2a: Bisharp|Iron Head|p1a: Wiz BITG
|-damage|p1a: Wiz BITG|151\/424
|-damage|p2a: Bisharp|66\/271|[from] item: Life Orb
|move|p1a: Wiz BITG|Foul Play|p2a: Bisharp
|-resisted|p2a: Bisharp
|-damage|p2a: Bisharp|0 fnt
|faint|p2a: Bisharp
|
|-heal|p1a: Wiz BITG|177\/424|[from] item: Leftovers
|
|switch|p2a: Azumarill|Azumarill, M|400\/400
|turn|14
|
|move|p1a: Wiz BITG|Roost|p1a: Wiz BITG
|-heal|p1a: Wiz BITG|389\/424
|move|p2a: Azumarill|Play Rough|p1a: Wiz BITG
|-supereffective|p1a: Wiz BITG
|-damage|p1a: Wiz BITG|0 fnt
|faint|p1a: Wiz BITG
|
|
|switch|p1a: Torpedoâ©|Garchomp, M, shiny|357\/357
|turn|15
|
|move|p1a: Torpedoâ©|Earthquake|p2a: Azumarill
|-damage|p2a: Azumarill|168\/400
|move|p2a: Azumarill|Play Rough|p1a: Torpedoâ©
|-supereffective|p1a: Torpedoâ©
|-enditem|p1a: Torpedoâ©|Focus Sash
|-damage|p1a: Torpedoâ©|1\/357
|-damage|p2a: Azumarill|118\/400|[from] ability: Rough Skin|[of] p1a: Torpedoâ©
|
|turn|16
|c|âGrimoireGod|wow lol
|
|switch|p2a: Gengar|Gengar, F|261\/261
|move|p1a: Torpedoâ©|Dragon Claw|p2a: Gengar
|-damage|p2a: Gengar|27\/261
|
|-heal|p2a: Gengar|43\/261|[from] item: Black Sludge
|turn|17
|c|âGrimoireGod|balk
|c|âPikachuCandy|lewl
|
|move|p2a: Gengar|Shadow Ball|p1a: Torpedoâ©
|-damage|p1a: Torpedoâ©|0 fnt
|faint|p1a: Torpedoâ©
|
|-heal|p2a: Gengar|59\/261|[from] item: Black Sludge
|
|switch|p1a: WishTailâ|Landorus-Therian, M|280\/319
|-ability|p1a: WishTailâ|Intimidate|[of] p2a: Gengar
|-unboost|p2a: Gengar|atk|1
|turn|18
|
|switch|p2a: Breloom|Breloom, F|261\/261
|move|p1a: WishTailâ|U-turn|p2a: Breloom
|-damage|p2a: Breloom|131\/261
|
|switch|p1a: DustFairy|Gardevoir, F, shiny|301\/301
|
|turn|19
|
|detailschange|p1a: DustFairy|Gardevoir-Mega, F, shiny
|-mega|p1a: DustFairy|Gardevoir|Gardevoirite
|move|p2a: Breloom|Spore|p1a: DustFairy
|-status|p1a: DustFairy|slp
|cant|p1a: DustFairy|slp
|
|turn|20
|c|âGrimoireGod|huehue
|c|âGrimoireGod|modest can be annoying at times
|
|cant|p1a: DustFairy|slp
|move|p2a: Breloom|Bullet Seed|p1a: DustFairy
|-damage|p1a: DustFairy|204\/301 slp
|-damage|p1a: DustFairy|107\/301 slp
|-damage|p1a: DustFairy|10\/301 slp
|-hitcount|p1a: DustFairy|3
|
|turn|21
|
|switch|p1a: WishTailâ|Landorus-Therian, M|280\/319
|-ability|p1a: WishTailâ|Intimidate|[of] p2a: Breloom
|-unboost|p2a: Breloom|atk|1
|move|p2a: Breloom|Mach Punch|p1a: WishTailâ
|-resisted|p1a: WishTailâ
|-damage|p1a: WishTailâ|238\/319
|
|turn|22
|
|move|p1a: WishTailâ|U-turn|p2a: Breloom
|-damage|p2a: Breloom|1\/261
|
|switch|p1a: DustFairy|Gardevoir-Mega, F, shiny|10\/301 slp
|move|p2a: Breloom|Rock Tomb|p1a: DustFairy
|-damage|p1a: DustFairy|0 fnt
|faint|p1a: DustFairy
|
|
|switch|p1a: WishTailâ|Landorus-Therian, M|238\/319
|-ability|p1a: WishTailâ|Intimidate|[of] p2a: Breloom
|-unboost|p2a: Breloom|atk|1
|turn|23
|
|switch|p2a: Azumarill|Azumarill, M|118\/400
|move|p1a: WishTailâ|U-turn|p2a: Azumarill
|-resisted|p2a: Azumarill
|-damage|p2a: Azumarill|53\/400
|
|switch|p1a: Teriyaki|Kyurem-Black, shiny|453\/453
|-ability|p1a: Teriyaki|Teravolt
|
|turn|24
|
|move|p1a: Teriyaki|Substitute|p1a: Teriyaki
|-start|p1a: Teriyaki|Substitute
|-damage|p1a: Teriyaki|340\/453
|move|p2a: Azumarill|Play Rough|p1a: Teriyaki
|-supereffective|p1a: Teriyaki
|-end|p1a: Teriyaki|Substitute
|
|-heal|p1a: Teriyaki|368\/453|[from] item: Leftovers
|turn|25
|
|switch|p2a: Krookodile|Krookodile, F|331\/331
|move|p1a: Teriyaki|Earth Power|p2a: Krookodile
|-damage|p2a: Krookodile|170\/331
|
|-heal|p1a: Teriyaki|396\/453|[from] item: Leftovers
|turn|26
|
|switch|p1a: WishTailâ|Landorus-Therian, M|238\/319
|-ability|p1a: WishTailâ|Intimidate|[of] p2a: Krookodile
|-unboost|p2a: Krookodile|atk|1
|move|p2a: Krookodile|Stone Edge|p1a: WishTailâ
|-damage|p1a: WishTailâ|159\/319
|
|turn|27
|
|move|p2a: Krookodile|Endure|p2a: Krookodile
|-singleturn|p2a: Krookodile|move: Endure
|move|p1a: WishTailâ|U-turn|p2a: Krookodile
|-supereffective|p2a: Krookodile
|-damage|p2a: Krookodile|1\/331
|-enditem|p2a: Krookodile|Salac Berry
|-boost|p2a: Krookodile|atk|6|[from] ability: Anger Point
|
|switch|p1a: Teriyaki|Kyurem-Black, shiny|396\/453
|-ability|p1a: Teriyaki|Teravolt
|
|-heal|p1a: Teriyaki|424\/453|[from] item: Leftovers
|turn|28
|c|âGrimoireGod|yezzzzz
|c|âPikachuCandy|wtf
|c|âGrimoireGod|wait
|c|âGrimoireGod|salac berry ;;
|c|âGrimoireGod|did that get knocked off before? e-e
|c|âPikachuCandy|no
|c|âGrimoireGod|weird..
|c|âGrimoireGod|oh
|c|âGrimoireGod|salac works the same right?
|c|âGrimoireGod|Because I definitely have it
|c|âGrimoireGod|Weird
|
|move|p2a: Krookodile|Knock Off|p1a: Teriyaki
|-damage|p1a: Teriyaki|0 fnt
|-enditem|p1a: Teriyaki|Leftovers|[from] move: Knock Off|[of] p2a: Krookodile
|faint|p1a: Teriyaki
|
|
|switch|p1a: WishTailâ|Landorus-Therian, M|159\/319
|-ability|p1a: WishTailâ|Intimidate|[of] p2a: Krookodile
|-unboost|p2a: Krookodile|atk|1
|turn|29
|c|âGrimoireGod|anyway, gg
|
|move|p1a: WishTailâ|U-turn|p2a: Krookodile
|-supereffective|p2a: Krookodile
|-damage|p2a: Krookodile|0 fnt
|faint|p2a: Krookodile
|
|
|switch|p2a: Azumarill|Azumarill, M|53\/400
|turn|30
|c|âPikachuCandy|gg
|
|move|p2a: Azumarill|Aqua Jet|p1a: WishTailâ
|-supereffective|p1a: WishTailâ
|-damage|p1a: WishTailâ|0 fnt
|faint|p1a: WishTailâ
|
|win|GrimoireGod
|raw|Ladder updating...
|raw|PikachuCandy's rating: 1000 &rarr; <strong>1000<\/strong><br \/>(+0 for losing)
|raw|GrimoireGod's rating: 1000 &rarr; <strong>1040<\/strong><br \/>(+40 for winning)
|L|PikachuCandy
|player|p1
|L|GrimoireGod
|player|p2
|J|GrimoireGod