|J|GrimoireGod
|J|Xylen
|player|p1|GrimoireGod|128
|player|p2|Xylen|238
|gametype|singles
|gen|6
|tier|Skillmons OU
|clearpoke
|poke|p1|Sableye, F
|poke|p1|Jirachi
|poke|p1|Clefable, F
|poke|p1|Tentacruel, M
|poke|p1|Skarmory, M
|poke|p1|Chansey, F
|poke|p2|Tyranitar, M
|poke|p2|Landorus-Therian, M
|poke|p2|Garchomp, M
|poke|p2|Victini
|poke|p2|Latias, F
|poke|p2|Galvantula, F
|rule|Sleep Clause Mod: Limit one foe put to sleep
|rule|Species Clause: Limit one of each PokÃ©mon
|rule|OHKO Clause: OHKO moves are banned
|rule|Moody Clause: Moody is banned
|rule|Evasion Moves Clause: Evasion moves are banned
|rule|Endless Battle Clause: Forcing endless battles is banned
|rule|HP Percentage Mod: HP is shown in percentages
|teampreview
|c|âGrimoireGod|yez
|c|âGrimoireGod|git outstalled :^D
|J|Pikachuun
|
|start
|switch|p1a: Tentacruel|Tentacruel, M|363\/363
|switch|p2a: Umemori|Landorus-Therian, M|319\/319
|-ability|p2a: Umemori|Intimidate|[of] p1a: Tentacruel
|-unboost|p1a: Tentacruel|atk|1
|turn|1
|J|Kasumi
|c| Kasumi|:D
|J|xfix
|
|switch|p1a: Skarmory|Skarmory, M|333\/333
|move|p2a: Umemori|Knock Off|p1a: Skarmory
|-damage|p1a: Skarmory|255\/333
|-enditem|p1a: Skarmory|Shed Shell|[from] move: Knock Off|[of] p2a: Umemori
|
|turn|2
|
|switch|p2a: Hanaori|Galvantula, F|281\/281
|move|p1a: Skarmory|Roost|p1a: Skarmory
|-heal|p1a: Skarmory|333\/333
|
|turn|3
|
|switch|p1a: Chansey|Chansey, F|643\/643
|move|p2a: Hanaori|Thunderbolt|p1a: Chansey
|-damage|p1a: Chansey|535\/643
|
|turn|4
|c| Kasumi|Tbolt x-x
|c|âGrimoireGod|yeah
|c|âGrimoireGod|more powerful
|
|move|p2a: Hanaori|Sticky Web|p1a: Chansey
|-sidestart|p1: GrimoireGod|move: Sticky Web
|move|p1a: Chansey|Toxic|p2a: Hanaori
|-status|p2a: Hanaori|tox
|
|-damage|p2a: Hanaori|264\/281 tox|[from] psn
|turn|5
|
|switch|p2a: Umemori|Landorus-Therian, M|319\/319
|-ability|p2a: Umemori|Intimidate|[of] p1a: Chansey
|-unboost|p1a: Chansey|atk|1
|switch|p1a: sleep lolzzz|Sableye, F|303\/303
|-activate|p1a: sleep lolzzz|move: Sticky Web
|-unboost|p1a: sleep lolzzz|spe|1
|
|turn|6
|c| Kasumi|Did Thunders BP change then?
|c|âGrimoireGod|yeah
|c|âGrimoireGod|I think so
|c| Kasumi|To what
|J|Kalalokki
|c|âGrimoireGod|dunno
|c|âXylen|check the thread
|c|âXylen|lol
|
|switch|p2a: Shiba|Victini|341\/341
|detailschange|p1a: sleep lolzzz|Sableye-Mega, F
|-mega|p1a: sleep lolzzz|Sableye|Sablenite
|move|p1a: sleep lolzzz|Knock Off|p2a: Shiba
|-supereffective|p2a: Shiba
|-damage|p2a: Shiba|123\/341
|-enditem|p2a: Shiba|Choice Band|[from] move: Knock Off|[of] p1a: sleep lolzzz
|
|turn|7
|c|âGrimoireGod|^
|c|âXylen|72 on top of my head
|
|move|p2a: Shiba|V-create|p1a: sleep lolzzz
|-damage|p1a: sleep lolzzz|56\/303
|-unboost|p2a: Shiba|def|1
|-unboost|p2a: Shiba|spd|1
|-unboost|p2a: Shiba|spe|1
|move|p1a: sleep lolzzz|Foul Play|p2a: Shiba
|-supereffective|p2a: Shiba
|-damage|p2a: Shiba|0 fnt
|faint|p2a: Shiba
|
|c| Kalalokki|yeah thunderbolt is meh now
|
|switch|p2a: Umemori|Landorus-Therian, M|319\/319
|-ability|p2a: Umemori|Intimidate|[of] p1a: sleep lolzzz
|-unboost|p1a: sleep lolzzz|atk|1
|turn|8
|c| Kasumi|77
|
|switch|p1a: Skarmory|Skarmory, M|333\/333
|move|p2a: Umemori|Knock Off|p1a: Skarmory
|-damage|p1a: Skarmory|280\/333
|
|turn|9
|c| Kalalokki|I mean Thunder
|c| Kasumi|110 in Rain
|
|switch|p2a: Hanaori|Galvantula, F|264\/281 tox
|move|p1a: Skarmory|Taunt|p2a: Hanaori
|-start|p2a: Hanaori|move: Taunt
|
|-damage|p2a: Hanaori|247\/281 tox|[from] psn
|turn|10
|J|Tentacruel3
|
|switch|p2a: Tani|Tyranitar, M|341\/341
|-weather|Sandstorm
|switch|p1a: Chansey|Chansey, F|535\/643
|-activate|p1a: Chansey|move: Sticky Web
|-unboost|p1a: Chansey|spe|1
|
|-weather|Sandstorm|[upkeep]
|-damage|p1a: Chansey|495\/643|[from] sandstorm
|turn|11
|
|switch|p1a: Clefable|Clefable, F|393\/393
|-activate|p1a: Clefable|move: Sticky Web
|-unboost|p1a: Clefable|spe|1
|detailschange|p2a: Tani|Tyranitar-Mega, M
|-mega|p2a: Tani|Tyranitar|Tyranitarite
|move|p2a: Tani|Dragon Dance|p2a: Tani
|-boost|p2a: Tani|atk|1
|-boost|p2a: Tani|spe|1
|
|-weather|Sandstorm|[upkeep]
|-damage|p1a: Clefable|369\/393|[from] sandstorm
|-heal|p1a: Clefable|393\/393|[from] item: Leftovers
|turn|12
|
|move|p2a: Tani|Stone Edge|p1a: Clefable
|-damage|p1a: Clefable|210\/393
|move|p1a: Clefable|Moonblast|p2a: Tani
|-supereffective|p2a: Tani
|-damage|p2a: Tani|207\/341
|
|-weather|Sandstorm|[upkeep]
|-damage|p1a: Clefable|186\/393|[from] sandstorm
|-heal|p1a: Clefable|210\/393|[from] item: Leftovers
|turn|13
|
|move|p2a: Tani|Stone Edge|p1a: Clefable
|-damage|p1a: Clefable|27\/393
|move|p1a: Clefable|Wish|p1a: Clefable
|
|-weather|Sandstorm|[upkeep]
|-damage|p1a: Clefable|3\/393|[from] sandstorm
|-heal|p1a: Clefable|27\/393|[from] item: Leftovers
|turn|14
|c| Tentacruel3|survive
|c| Kasumi|Does Edge not miss anymore? :D
|
|move|p1a: Clefable|Protect|p1a: Clefable
|-singleturn|p1a: Clefable|Protect
|move|p2a: Tani|Stone Edge|p1a: Clefable
|-activate|p1a: Clefable|Protect
|
|-weather|none
|-heal|p1a: Clefable|223\/393|[from] move: Wish|[wisher] Clefable
|-heal|p1a: Clefable|247\/393|[from] item: Leftovers
|turn|15
|c|âGrimoireGod|nope
|c|âXylen|yes
|c|âGrimoireGod|90 BP now
|
|move|p2a: Tani|Stone Edge|p1a: Clefable
|-damage|p1a: Clefable|64\/393
|move|p1a: Clefable|Wish|p1a: Clefable
|
|-heal|p1a: Clefable|88\/393|[from] item: Leftovers
|turn|16
|c| Kasumi|Best
|c| Kasumi|Meta
|c| Kasumi|Ever
|c|âGrimoireGod|hehe
|
|move|p1a: Clefable|Protect|p1a: Clefable
|-singleturn|p1a: Clefable|Protect
|move|p2a: Tani|Dragon Dance|p2a: Tani
|-boost|p2a: Tani|atk|1
|-boost|p2a: Tani|spe|1
|
|-heal|p1a: Clefable|284\/393|[from] move: Wish|[wisher] Clefable
|-heal|p1a: Clefable|308\/393|[from] item: Leftovers
|turn|17
|c|âGrimoireGod|!dt unaware
|c|~|\/data-ability Unaware
|raw|<font size="1"><\/font>
|c|âGrimoireGod|:p
|
|move|p2a: Tani|Stone Edge|p1a: Clefable
|-damage|p1a: Clefable|125\/393
|move|p1a: Clefable|Moonblast|p2a: Tani
|-supereffective|p2a: Tani
|-damage|p2a: Tani|7\/341
|
|-heal|p1a: Clefable|149\/393|[from] item: Leftovers
|turn|18
|c|âXylen|im getting boosted tho
|
|move|p1a: Clefable|Protect|p1a: Clefable
|-singleturn|p1a: Clefable|Protect
|move|p2a: Tani|Stone Edge|p1a: Clefable
|-activate|p1a: Clefable|Protect
|
|-heal|p1a: Clefable|173\/393|[from] item: Leftovers
|turn|19
|c|âGrimoireGod|n
|c|âGrimoireGod|same damage
|c|âGrimoireGod|I think
|c|âXylen|n
|c|âXylen|generally
|
|move|p2a: Tani|Stone Edge|p1a: Clefable
|-damage|p1a: Clefable|0 fnt
|faint|p1a: Clefable
|
|c|âGrimoireGod|coming through anyway
|c|âGrimoireGod|ri[
|c| Tentacruel3|unaware
|L|xfix
|c|âGrimoireGod|*rip
|
|switch|p1a: Skarmory|Skarmory, M|280\/333
|turn|20
|J|xfix
|
|move|p2a: Tani|Stone Edge|p1a: Skarmory
|-damage|p1a: Skarmory|45\/333
|move|p1a: Skarmory|Counter|p2a: Tani
|-damage|p2a: Tani|0 fnt
|faint|p2a: Tani
|
|
|switch|p2a: Umemori|Landorus-Therian, M|319\/319
|-ability|p2a: Umemori|Intimidate|[of] p1a: Skarmory
|-unboost|p1a: Skarmory|atk|1
|turn|21
|
|move|p2a: Umemori|Knock Off|p1a: Skarmory
|-damage|p1a: Skarmory|0 fnt
|faint|p1a: Skarmory
|
|
|switch|p1a: Chansey|Chansey, F|495\/643
|-activate|p1a: Chansey|move: Sticky Web
|-unboost|p1a: Chansey|spe|1
|turn|22
|
|move|p2a: Umemori|Knock Off|p1a: Chansey
|-damage|p1a: Chansey|315\/643
|-enditem|p1a: Chansey|Eviolite|[from] move: Knock Off|[of] p2a: Umemori
|move|p1a: Chansey|Toxic|p2a: Umemori
|-status|p2a: Umemori|tox
|
|-damage|p2a: Umemori|300\/319 tox|[from] psn
|turn|23
|c|âGrimoireGod|chomp is going to wreck me lol
|
|switch|p2a: Shiraishi|Latias, F|301\/301
|move|p1a: Chansey|Soft-Boiled|p1a: Chansey
|-heal|p1a: Chansey|637\/643
|
|turn|24
|
|switch|p1a: hax no more|Jirachi|403\/403
|-activate|p1a: hax no more|move: Sticky Web
|-unboost|p1a: hax no more|spe|1
|move|p2a: Shiraishi|Psyshock|p1a: hax no more
|-resisted|p1a: hax no more
|-damage|p1a: hax no more|369\/403
|
|-heal|p1a: hax no more|394\/403|[from] item: Leftovers
|turn|25
|c| Kasumi|Damage?
|
|switch|p2a: Garchomp|Garchomp, M|357\/357
|move|p1a: hax no more|Iron Head|p2a: Garchomp
|-damage|p2a: Garchomp|251\/357
|
|-heal|p1a: hax no more|403\/403|[from] item: Leftovers
|turn|26
|
|switch|p1a: sleep lolzzz|Sableye-Mega, F|56\/303
|-activate|p1a: sleep lolzzz|move: Sticky Web
|-unboost|p1a: sleep lolzzz|spe|1
|move|p2a: Garchomp|Earthquake|p1a: sleep lolzzz
|-damage|p1a: sleep lolzzz|0 fnt
|faint|p1a: sleep lolzzz
|
|
|switch|p1a: Chansey|Chansey, F|637\/643
|-activate|p1a: Chansey|move: Sticky Web
|-unboost|p1a: Chansey|spe|1
|turn|27
|
|move|p2a: Garchomp|Earthquake|p1a: Chansey
|-damage|p1a: Chansey|255\/643
|move|p1a: Chansey|Toxic|p2a: Garchomp
|-status|p2a: Garchomp|tox
|
|-damage|p2a: Garchomp|229\/357 tox|[from] psn
|turn|28
|c|âGrimoireGod|tank it imo
|c|âGrimoireGod|good
|
|move|p2a: Garchomp|Earthquake|p1a: Chansey
|-damage|p1a: Chansey|0 fnt
|faint|p1a: Chansey
|
|-damage|p2a: Garchomp|185\/357 tox|[from] psn
|c|âXylen|Boom
|
|switch|p1a: hax no more|Jirachi|403\/403
|-activate|p1a: hax no more|move: Sticky Web
|-unboost|p1a: hax no more|spe|1
|turn|29
|
|move|p1a: hax no more|Protect|p1a: hax no more
|-singleturn|p1a: hax no more|Protect
|move|p2a: Garchomp|Earthquake|p1a: hax no more
|-activate|p1a: hax no more|Protect
|
|-damage|p2a: Garchomp|119\/357 tox|[from] psn
|turn|30
|
|move|p2a: Garchomp|Earthquake|p1a: hax no more
|-supereffective|p1a: hax no more
|-damage|p1a: hax no more|17\/403
|move|p1a: hax no more|Wish|p1a: hax no more
|
|-heal|p1a: hax no more|42\/403|[from] item: Leftovers
|-damage|p2a: Garchomp|31\/357 tox|[from] psn
|turn|31
|c|âGrimoireGod|gg lol
|c| Kasumi|Eating it up
|
|switch|p2a: Umemori|Landorus-Therian, M|300\/319 tox
|-ability|p2a: Umemori|Intimidate|[of] p1a: hax no more
|-unboost|p1a: hax no more|atk|1
|move|p1a: hax no more|Protect|p1a: hax no more
|-fail|p1a: hax no more
|
|-heal|p1a: hax no more|243\/403|[from] move: Wish|[wisher] hax no more
|-heal|p1a: hax no more|268\/403|[from] item: Leftovers
|-damage|p2a: Umemori|281\/319 tox|[from] psn
|turn|32
|
|move|p2a: Umemori|Earthquake|p1a: hax no more
|-supereffective|p1a: hax no more
|-damage|p1a: hax no more|0 fnt
|faint|p1a: hax no more
|
|-damage|p2a: Umemori|243\/319 tox|[from] psn
|c|âXylen|bang
|c|âGrimoireGod|next time I'm using an offensive team
|c|âGrimoireGod|:S
|
|switch|p1a: Tentacruel|Tentacruel, M|363\/363
|-activate|p1a: Tentacruel|move: Sticky Web
|-unboost|p1a: Tentacruel|spe|1
|turn|33
|c|âXylen|HO works best imo
|
|move|p2a: Umemori|Earthquake|p1a: Tentacruel
|-supereffective|p1a: Tentacruel
|-damage|p1a: Tentacruel|0 fnt
|faint|p1a: Tentacruel
|
|win|Xylen