|J|GrimoireGod
|J|goast
|player|p1|GrimoireGod|128
|player|p2|goast|101
|gametype|singles
|gen|6
|tier|Skillmons OU
|rated
|clearpoke
|poke|p1|Krookodile, F
|poke|p1|Gengar, M
|poke|p1|Garchomp, M
|poke|p1|Breloom, F
|poke|p1|Bisharp, F
|poke|p1|Azumarill, F
|poke|p2|Gengar, M
|poke|p2|Heatran, M
|poke|p2|Tyranitar, F
|poke|p2|Durant, F
|poke|p2|Smeargle, F
|poke|p2|Breloom, M
|rule|Sleep Clause Mod: Limit one foe put to sleep
|rule|Species Clause: Limit one of each PokÃ©mon
|rule|Endless Battle Clause: Forcing endless battles is banned
|rule|Exact HP Mod: exact HP is shown
|teampreview
|J|suiÑunÐµ
|c| suiÑunÐµ|oOo
|c|âGrimoireGod|:]
|J|Tentacruel3
|
|start
|switch|p1a: Garchomp|Garchomp, M|357\/357
|switch|p2a: Heatran|Heatran, M|323\/323
|turn|1
|
|switch|p2a: Gengar|Gengar, M|323\/323
|move|p1a: Garchomp|Earthquake|p2a: Gengar
|-immune|p2a: Gengar|[msg]
|
|turn|2
|
|move|p2a: Gengar|Hypnosis|p1a: Garchomp
|-message|GrimoireGod acquired 60 points in Sleep status [Total: 110]!
|-message|A secondary effect on Sleep status triggered! [-100 points]
|-status|p1a: Garchomp|slp
|-enditem|p1a: Garchomp|Lum Berry|[eat]
|-curestatus|p1a: Garchomp|slp
|move|p1a: Garchomp|Dragon Claw|p2a: Gengar
|-damage|p2a: Gengar|89\/323
|
|-heal|p2a: Gengar|109\/323|[from] item: Leftovers
|turn|3
|
|move|p2a: Gengar|Shadow Ball|p1a: Garchomp
|-damage|p1a: Garchomp|210\/357
|-message|GrimoireGod acquired 20 points in Special Defense debuff [Total: 70]!
|move|p1a: Garchomp|Dragon Claw|p2a: Gengar
|-damage|p2a: Gengar|0 fnt
|faint|p2a: Gengar
|
|
|switch|p2a: Tyranitar|Tyranitar, F|403\/403
|-weather|Sandstorm
|turn|4
|
|move|p1a: Garchomp|Stealth Rock|p2a: Tyranitar
|-sidestart|p2: goast|move: Stealth Rock
|move|p2a: Tyranitar|Blizzard|p1a: Garchomp
|-supereffective|p1a: Garchomp
|-damage|p1a: Garchomp|0 fnt
|-message|GrimoireGod acquired 10 points in Frozen [Total: 60]!
|faint|p1a: Garchomp
|
|-weather|Sandstorm|[upkeep]
|
|switch|p1a: Krookodile|Krookodile, F|331\/331
|turn|5
|
|move|p1a: Krookodile|Endure|p1a: Krookodile
|-singleturn|p1a: Krookodile|move: Endure
|move|p2a: Tyranitar|Blizzard|p1a: Krookodile
|-supereffective|p1a: Krookodile
|-damage|p1a: Krookodile|1\/331
|-boost|p1a: Krookodile|atk|6|[from] ability: Anger Point
|-message|GrimoireGod acquired 10 points in Frozen [Total: 70]!
|-enditem|p1a: Krookodile|Salac Berry|[eat]
|-boost|p1a: Krookodile|spe|1|[from] item: Salac Berry
|
|-weather|Sandstorm|[upkeep]
|turn|6
|c|âGrimoireGod|:]]]]]
|
|move|p1a: Krookodile|Earthquake|p2a: Tyranitar
|-supereffective|p2a: Tyranitar
|-damage|p2a: Tyranitar|0 fnt
|faint|p2a: Tyranitar
|
|-weather|Sandstorm|[upkeep]
|c| suiÑunÐµ|holy shit
|
|switch|p2a: Breloom|Breloom, M|324\/324
|-damage|p2a: Breloom|304\/324|[from] Stealth Rock
|turn|7
|J|Animus Majulous
|
|switch|p1a: Gengar|Gengar, M|261\/261
|move|p2a: Breloom|Mach Punch|p1a: Gengar
|-immune|p1a: Gengar|[msg]
|
|-weather|Sandstorm|[upkeep]
|-damage|p1a: Gengar|245\/261|[from] sandstorm
|-damage|p2a: Breloom|284\/324|[from] sandstorm
|-heal|p1a: Gengar|261\/261|[from] item: Black Sludge
|-heal|p2a: Breloom|304\/324|[from] item: Leftovers
|turn|8
|
|move|p1a: Gengar|Hypnosis|p2a: Breloom
|-message|goast acquired 60 points in Sleep status [Total: 110]!
|-message|A secondary effect on Sleep status triggered! [-100 points]
|-status|p2a: Breloom|slp
|cant|p2a: Breloom|slp
|
|-weather|none
|-heal|p2a: Breloom|324\/324 slp|[from] item: Leftovers
|turn|9
|
|move|p1a: Gengar|Substitute|p1a: Gengar
|-start|p1a: Gengar|Substitute
|-damage|p1a: Gengar|196\/261
|cant|p2a: Breloom|slp
|
|-heal|p1a: Gengar|212\/261|[from] item: Black Sludge
|turn|10
|
|switch|p2a: Durant|Durant, F|257\/257
|-damage|p2a: Durant|225\/257|[from] Stealth Rock
|move|p1a: Gengar|Shadow Ball|p2a: Durant
|-damage|p2a: Durant|0 fnt
|-message|goast acquired 20 points in Special Defense debuff [Total: 70]!
|faint|p2a: Durant
|
|-heal|p1a: Gengar|228\/261|[from] item: Black Sludge
|
|switch|p2a: Heatran|Heatran, M|323\/323
|-damage|p2a: Heatran|283\/323|[from] Stealth Rock
|turn|11
|
|move|p2a: Heatran|Magma Storm|p1a: Gengar
|-end|p1a: Gengar|Substitute
|move|p1a: Gengar|Focus Blast|p2a: Heatran
|-supereffective|p2a: Heatran
|-damage|p2a: Heatran|75\/323
|-message|goast acquired 10 points in Special Defense debuff [Total: 80]!
|
|-heal|p1a: Gengar|244\/261|[from] item: Black Sludge
|turn|12
|L|Animus Majulous
|
|switch|p1a: Azumarill|Azumarill, F|400\/400
|move|p2a: Heatran|Magma Storm|p1a: Azumarill
|-resisted|p1a: Azumarill
|-damage|p1a: Azumarill|313\/400
|-activate|p1a: Azumarill|move: Magma Storm|[of] p2a: Heatran
|
|-damage|p1a: Azumarill|263\/400|[from] move: Magma Storm|[partiallytrapped]
|turn|13
|
|switch|p2a: Smeargle|Smeargle, F|314\/314
|-damage|p2a: Smeargle|275\/314|[from] Stealth Rock
|move|p1a: Azumarill|Waterfall|p2a: Smeargle
|-damage|p2a: Smeargle|0 fnt
|-message|goast acquired 20 points in Flinch [Total: 70]!
|faint|p2a: Smeargle
|
|-end|p1a: Azumarill|Magma Storm|[partiallytrapped]
|
|switch|p2a: Heatran|Heatran, M|75\/323
|-damage|p2a: Heatran|35\/323|[from] Stealth Rock
|turn|14
|
|move|p2a: Heatran|Flash Cannon|p1a: Azumarill
|-damage|p1a: Azumarill|76\/400
|-message|GrimoireGod acquired 10 points in Special Defense debuff [Total: 80]!
|move|p1a: Azumarill|Waterfall|p2a: Heatran
|-supereffective|p2a: Heatran
|-damage|p2a: Heatran|0 fnt
|-message|goast acquired 20 points in Flinch [Total: 90]!
|faint|p2a: Heatran
|
|
|switch|p2a: Breloom|Breloom, M|324\/324 slp
|-damage|p2a: Breloom|304\/324 slp|[from] Stealth Rock
|turn|15
|
|-curestatus|p2a: Breloom|slp
|move|p2a: Breloom|Bullet Seed|p1a: Azumarill
|-supereffective|p1a: Azumarill
|-damage|p1a: Azumarill|0 fnt
|-hitcount|p1a: Azumarill|1
|faint|p1a: Azumarill
|
|-heal|p2a: Breloom|324\/324|[from] item: Leftovers
|
|switch|p1a: Gengar|Gengar, M|244\/261
|turn|16
|
|move|p1a: Gengar|Hypnosis|p2a: Breloom
|-message|goast acquired 60 points in Sleep status [Total: 70]!
|move|p2a: Breloom|Bullet Seed|p1a: Gengar
|-resisted|p1a: Gengar
|-damage|p1a: Gengar|172\/261
|-resisted|p1a: Gengar
|-damage|p1a: Gengar|100\/261
|-resisted|p1a: Gengar
|-damage|p1a: Gengar|28\/261
|-hitcount|p1a: Gengar|3
|
|-heal|p1a: Gengar|44\/261|[from] item: Black Sludge
|turn|17
|c|âGrimoireGod|o
|c|âGrimoireGod|:I
|c|âGrimoireGod|well shit
|c|âGrimoireGod|Sleep got nerfed
|
|move|p1a: Gengar|Hypnosis|p2a: Breloom
|-fail|p2a: Breloom
|move|p2a: Breloom|Bullet Seed|p1a: Gengar
|-resisted|p1a: Gengar
|-damage|p1a: Gengar|0 fnt
|-hitcount|p1a: Gengar|1
|faint|p1a: Gengar
|
|c|âGrimoireGod|wait what
|c|âGrimoireGod|;;
|c| suiÑunÐµ|Sleep Clause Mod: Limit one foe put to sleep
|c| suiÑunÐµ|lol
|c|âGrimoireGod|nothing is sleeping
|c|âGrimoireGod|>.>
|c| suiÑunÐµ|o-o
|
|switch|p1a: Breloom|Breloom, F|261\/261
|turn|18
|
|move|p1a: Breloom|Mach Punch|p2a: Breloom
|-damage|p2a: Breloom|183\/324
|move|p2a: Breloom|Swords Dance|p2a: Breloom
|-boost|p2a: Breloom|atk|2
|
|-heal|p2a: Breloom|203\/324|[from] item: Leftovers
|turn|19
|c| Tentacruel3|rip y\/y?
|c|âGrimoireGod|y
|c| suiÑunÐµ|y
|
|move|p1a: Breloom|Mach Punch|p2a: Breloom
|-damage|p2a: Breloom|62\/324
|move|p2a: Breloom|Mach Punch|p1a: Breloom
|-enditem|p1a: Breloom|Focus Sash
|-damage|p1a: Breloom|1\/261
|
|-heal|p2a: Breloom|82\/324|[from] item: Leftovers
|turn|20
|c| suiÑunÐµ|LOL
|c| Tentacruel3|speed tie
|c| Tentacruel3|ooo
|
|move|p1a: Breloom|Mach Punch|p2a: Breloom
|-damage|p2a: Breloom|0 fnt
|faint|p2a: Breloom
|
|win|GrimoireGod
|raw|Ladder updating...
|c| Tentacruel3|grim wins
|raw|GrimoireGod's rating: 1097 &rarr; <strong>1116<\/strong><br \/>(+19 for winning)
|raw|goast's rating: 1000 &rarr; <strong>1000<\/strong><br \/>(+0 for losing)
|c|âGrimoireGod|gg
|c|âGrimoireGod|im jolly
|L|suiÑunÐµ