|J|GrimoireGod
|J|Asian Kiwi
|player|p1|GrimoireGod|128
|player|p2|Asian Kiwi|138
|gametype|singles
|gen|6
|tier|Skillmons OU
|clearpoke
|poke|p1|Krookodile, F
|poke|p1|Gengar, M
|poke|p1|Garchomp, F
|poke|p1|Breloom, M
|poke|p1|Bisharp, F
|poke|p1|Azumarill, F
|poke|p2|Crawdaunt, M, shiny
|poke|p2|Scrafty, F, shiny
|poke|p2|Sigilyph, F, shiny
|poke|p2|Volcarona, F, shiny
|poke|p2|Altaria, M, shiny
|poke|p2|Smeargle, F, shiny
|rule|Sleep Clause Mod: Limit one foe put to sleep
|rule|Species Clause: Limit one of each PokÃ©mon
|rule|OHKO Clause: OHKO moves are banned
|rule|Moody Clause: Moody is banned
|rule|Evasion Moves Clause: Evasion moves are banned
|rule|Endless Battle Clause: Forcing endless battles is banned
|rule|HP Percentage Mod: HP is shown in percentages
|teampreview
|c|âAsian Kiwi|GL HF
Asian Kiwi turned on modjoin.
|raw|<div class="broadcast-red"><b>Moderated chat was set to +!<\/b><br \/>Only users of rank + and higher can talk.<\/div>
Asian Kiwi made this room hidden.
|c|âAsian Kiwi|[;
|c|âGrimoireGod|hehe
|
|start
|switch|p1a: Garchomp|Garchomp, F|357\/357
|switch|p2a: Smeargle|Smeargle, F, shiny|270\/270
|turn|1
|
|move|p1a: Garchomp|Stealth Rock|p2a: Smeargle
|-sidestart|p2: Asian Kiwi|move: Stealth Rock
|move|p2a: Smeargle|Spore|p1a: Garchomp
|-status|p1a: Garchomp|slp
|-enditem|p1a: Garchomp|Lum Berry|[eat]
|-curestatus|p1a: Garchomp|slp
|
|turn|2
|c|âAsian Kiwi|.
|
|move|p1a: Garchomp|Earthquake|p2a: Smeargle
|-enditem|p2a: Smeargle|Focus Sash
|-damage|p2a: Smeargle|1\/270
|move|p2a: Smeargle|Spore|p1a: Garchomp
|-status|p1a: Garchomp|slp
|
|turn|3
|c|âAsian Kiwi|ok
|c|âGrimoireGod|xD
|
|switch|p1a: Gengar|Gengar, M|261\/261
|move|p2a: Smeargle|Sticky Web|p1a: Gengar
|-sidestart|p1: GrimoireGod|move: Sticky Web
|
|turn|4
|
|move|p1a: Gengar|Substitute|p1a: Gengar
|-start|p1a: Gengar|Substitute
|-damage|p1a: Gengar|196\/261
|move|p2a: Smeargle|Stealth Rock|p1a: Gengar
|-sidestart|p1: GrimoireGod|move: Stealth Rock
|
|-heal|p1a: Gengar|212\/261|[from] item: Black Sludge
|turn|5
|
|move|p1a: Gengar|Focus Blast|p2a: Smeargle
|-supereffective|p2a: Smeargle
|-damage|p2a: Smeargle|0 fnt
|faint|p2a: Smeargle
|
|-heal|p1a: Gengar|228\/261|[from] item: Black Sludge
|
|switch|p2a: Altaria|Altaria, M, shiny|320\/320
|-damage|p2a: Altaria|240\/320|[from] Stealth Rock
|turn|6
|c|âAsian Kiwi|[;
|
|move|p1a: Gengar|Hypnosis|p2a: Altaria
|-status|p2a: Altaria|slp
|cant|p2a: Altaria|slp
|
|-heal|p1a: Gengar|244\/261|[from] item: Black Sludge
|turn|7
|c|âAsian Kiwi|.
|c|âAsian Kiwi|o
|
|move|p1a: Gengar|Shadow Ball|p2a: Altaria
|-damage|p2a: Altaria|102\/320 slp
|cant|p2a: Altaria|slp
|
|-heal|p1a: Gengar|260\/261|[from] item: Black Sludge
|turn|8
|c|âGrimoireGod|huehue
|
|move|p1a: Gengar|Shadow Ball|p2a: Altaria
|-damage|p2a: Altaria|0 fnt
|faint|p2a: Altaria
|
|-heal|p1a: Gengar|261\/261|[from] item: Black Sludge
|c|âAsian Kiwi|;;
|
|switch|p2a: Volcarona|Volcarona, F, shiny|340\/340
|-damage|p2a: Volcarona|170\/340|[from] Stealth Rock
|turn|9
|
|move|p1a: Gengar|Hypnosis|p2a: Volcarona
|-status|p2a: Volcarona|slp
|cant|p2a: Volcarona|slp
|
|-heal|p2a: Volcarona|191\/340 slp|[from] item: Leftovers
|turn|10
|c|âGrimoireGod|gengar casually 6-0'ing xD
|
|move|p1a: Gengar|Shadow Ball|p2a: Volcarona
|-damage|p2a: Volcarona|41\/340 slp
|-unboost|p2a: Volcarona|spd|1
|cant|p2a: Volcarona|slp
|
|-heal|p2a: Volcarona|62\/340 slp|[from] item: Leftovers
|turn|11
|
|move|p1a: Gengar|Shadow Ball|p2a: Volcarona
|-damage|p2a: Volcarona|0 fnt
|faint|p2a: Volcarona
|
|c|âAsian Kiwi|;;
|
|switch|p2a: Crawdaunt|Crawdaunt, M, shiny|300\/300
|-damage|p2a: Crawdaunt|263\/300|[from] Stealth Rock
|turn|12
|
|move|p1a: Gengar|Focus Blast|p2a: Crawdaunt
|-supereffective|p2a: Crawdaunt
|-damage|p2a: Crawdaunt|0 fnt
|faint|p2a: Crawdaunt
|
|
|switch|p2a: Scrafty|Scrafty, F, shiny|300\/300
|-damage|p2a: Scrafty|282\/300|[from] Stealth Rock
|turn|13
|c|âAsian Kiwi|O
|c|âAsian Kiwi|rite
|c|âAsian Kiwi|No misses
|c|âAsian Kiwi|ok
|
|move|p1a: Gengar|Hypnosis|p2a: Scrafty
|-status|p2a: Scrafty|slp
|cant|p2a: Scrafty|slp
|
|-heal|p2a: Scrafty|300\/300 slp|[from] item: Leftovers
|turn|14
|c|âGrimoireGod|haha
|c|âAsian Kiwi|;;
|
|move|p1a: Gengar|Focus Blast|p2a: Scrafty
|-supereffective|p2a: Scrafty
|-damage|p2a: Scrafty|116\/300 slp
|cant|p2a: Scrafty|slp
|
|-heal|p2a: Scrafty|134\/300 slp|[from] item: Leftovers
|turn|15
|
|move|p1a: Gengar|Focus Blast|p2a: Scrafty
|-supereffective|p2a: Scrafty
|-damage|p2a: Scrafty|0 fnt
|faint|p2a: Scrafty
|
|
|switch|p2a: Sigilyph|Sigilyph, F, shiny|320\/320
|turn|16
|
|move|p1a: Gengar|Hypnosis|p2a: Sigilyph
|-status|p2a: Sigilyph|slp
|cant|p2a: Sigilyph|slp
|
|turn|17
|
|move|p1a: Gengar|Shadow Ball|p2a: Sigilyph
|-supereffective|p2a: Sigilyph
|-damage|p2a: Sigilyph|2\/320 slp
|-unboost|p2a: Sigilyph|spd|1
|cant|p2a: Sigilyph|slp
|
|turn|18
|c|âGrimoireGod|someone ban
|c|âAsian Kiwi|no u
|c|âGrimoireGod|:^o
|c|âGrimoireGod|;;
|c|âGrimoireGod|no joim
|
|move|p1a: Gengar|Shadow Ball|p2a: Sigilyph
|-supereffective|p2a: Sigilyph
|-damage|p2a: Sigilyph|0 fnt
|faint|p2a: Sigilyph
|
|win|GrimoireGod
|c|âAsian Kiwi|ok
|L|Asian Kiwi
|player|p2
|c|âGrimoireGod|lmao