|join|Saltyloads
|join|GrimoireGod
|player|p1|Saltyloads|184
|player|p2|GrimoireGod|79
|gametype|singles
|gen|6
|tier|OU
|rated
|clearpoke
|poke|p1|Rotom-Wash, shiny
|poke|p1|Breloom, F, shiny
|poke|p1|Landorus-Therian, M
|poke|p1|Talonflame, M
|poke|p1|Latias, F, shiny
|poke|p1|Metagross, shiny
|poke|p2|Metagross
|poke|p2|Ferrothorn, M
|poke|p2|Landorus-Therian, M
|poke|p2|Manaphy
|poke|p2|Latias, F
|poke|p2|Heatran, M
|rule|Swagger Clause: Swagger is banned
|rule|Baton Pass Clause: Limit one PokÃ©mon knowing Baton Pass
|rule|Sleep Clause Mod: Limit one foe put to sleep
|rule|Species Clause: Limit one of each PokÃ©mon
|rule|OHKO Clause: OHKO moves are banned
|rule|Moody Clause: Moody is banned
|rule|Evasion Moves Clause: Evasion moves are banned
|rule|Endless Battle Clause: Forcing endless battles is banned
|rule|HP Percentage Mod: HP is shown in percentages
|teampreview
|
|start
|switch|p1a: Optimus Prime|Rotom-Wash, shiny|241\/241
|switch|p2a: Landorus-Therian|Landorus-Therian, M|382\/382
|-ability|p2a: Landorus-Therian|Intimidate|[of] p1a: Optimus Prime
|-unboost|p1a: Optimus Prime|atk|1
|turn|1
|
|move|p1a: Optimus Prime|Hydro Pump|p2a: Landorus-Therian|[miss]
|-miss|p1a: Optimus Prime|p2a: Landorus-Therian
|move|p2a: Landorus-Therian|U-turn|p1a: Optimus Prime
|-damage|p1a: Optimus Prime|174\/241
|
|switch|p2a: Ferrothorn|Ferrothorn, M|351\/351
|
|turn|2
|
|switch|p1a: Freedom|Talonflame, M|360\/360
|move|p2a: Ferrothorn|Spikes|p1a: Freedom
|-sidestart|p1: Saltyloads|Spikes
|
|turn|3
|
|switch|p1a: El Tigre|Landorus-Therian, M|382\/382
|-ability|p1a: El Tigre|Intimidate|[of] p2a: Ferrothorn
|-unboost|p2a: Ferrothorn|atk|1
|switch|p2a: Heatran|Heatran, M|323\/323
|
|turn|4
|
|switch|p2a: Landorus-Therian|Landorus-Therian, M|382\/382
|-ability|p2a: Landorus-Therian|Intimidate|[of] p1a: El Tigre
|-unboost|p1a: El Tigre|atk|1
|move|p1a: El Tigre|Earthquake|p2a: Landorus-Therian
|-immune|p2a: Landorus-Therian|[msg]
|
|turn|5
|
|move|p2a: Landorus-Therian|Stealth Rock|p1a: El Tigre
|-sidestart|p1: Saltyloads|move: Stealth Rock
|move|p1a: El Tigre|Stealth Rock|p2a: Landorus-Therian
|-sidestart|p2: GrimoireGod|move: Stealth Rock
|
|turn|6
|
|move|p2a: Landorus-Therian|U-turn|p1a: El Tigre
|-resisted|p1a: El Tigre
|-damage|p1a: El Tigre|352\/382
|
|switch|p2a: Ferrothorn|Ferrothorn, M|351\/351
|-damage|p2a: Ferrothorn|330\/351|[from] Stealth Rock
|move|p1a: El Tigre|Toxic|p2a: Ferrothorn
|-fail|p2a: Ferrothorn
|
|-heal|p1a: El Tigre|375\/382|[from] item: Leftovers
|-heal|p2a: Ferrothorn|351\/351|[from] item: Leftovers
|turn|7
|
|move|p1a: El Tigre|U-turn|p2a: Ferrothorn
|-damage|p2a: Ferrothorn|316\/351
|-damage|p1a: El Tigre|328\/382|[from] ability: Iron Barbs|[of] p2a: Ferrothorn
|
|switch|p1a: Optimus Prime|Rotom-Wash, shiny|174\/241
|-damage|p1a: Optimus Prime|144\/241|[from] Stealth Rock
|move|p2a: Ferrothorn|Leech Seed|p1a: Optimus Prime
|-start|p1a: Optimus Prime|move: Leech Seed
|
|-heal|p2a: Ferrothorn|337\/351|[from] item: Leftovers
|-damage|p1a: Optimus Prime|114\/241|[from] Leech Seed|[of] p2a: Ferrothorn
|-heal|p2a: Ferrothorn|351\/351|[silent]
|turn|8
|
|move|p2a: Ferrothorn|Protect|p2a: Ferrothorn
|-singleturn|p2a: Ferrothorn|Protect
|move|p1a: Optimus Prime|Volt Switch|p2a: Ferrothorn
|-activate|p2a: Ferrothorn|Protect
|
|-damage|p1a: Optimus Prime|84\/241|[from] Leech Seed|[of] p2a: Ferrothorn
|turn|9
|
|switch|p1a: Parasect on Roids|Breloom, F, shiny|323\/323
|-damage|p1a: Parasect on Roids|283\/323|[from] Spikes
|-damage|p1a: Parasect on Roids|263\/323|[from] Stealth Rock
|move|p2a: Ferrothorn|Spikes|p1a: Parasect on Roids
|-sidestart|p1: Saltyloads|Spikes
|
|-status|p1a: Parasect on Roids|tox|[from] item: Toxic Orb
|turn|10
|
|switch|p2a: Metagross|Metagross|301\/301
|-damage|p2a: Metagross|283\/301|[from] Stealth Rock
|move|p1a: Parasect on Roids|Substitute|p1a: Parasect on Roids
|-start|p1a: Parasect on Roids|Substitute
|-damage|p1a: Parasect on Roids|183\/323 tox
|
|-heal|p1a: Parasect on Roids|223\/323 tox|[from] ability: Poison Heal
|turn|11
|
|detailschange|p2a: Metagross|Metagross-Mega
|-mega|p2a: Metagross|Metagross|Metagrossite
|move|p2a: Metagross|Zen Headbutt|p1a: Parasect on Roids
|-supereffective|p1a: Parasect on Roids
|-end|p1a: Parasect on Roids|Substitute
|move|p1a: Parasect on Roids|Spore|p2a: Metagross
|-status|p2a: Metagross|slp
|
|-heal|p1a: Parasect on Roids|263\/323 tox|[from] ability: Poison Heal
|turn|12
|
|cant|p2a: Metagross|slp
|move|p1a: Parasect on Roids|Substitute|p1a: Parasect on Roids
|-start|p1a: Parasect on Roids|Substitute
|-damage|p1a: Parasect on Roids|183\/323 tox
|
|-heal|p1a: Parasect on Roids|223\/323 tox|[from] ability: Poison Heal
|turn|13
|
|-singleturn|p1a: Parasect on Roids|move: Focus Punch
|-curestatus|p2a: Metagross|slp
|move|p2a: Metagross|Ice Punch|p1a: Parasect on Roids
|-supereffective|p1a: Parasect on Roids
|-end|p1a: Parasect on Roids|Substitute
|move|p1a: Parasect on Roids|Focus Punch|p2a: Metagross
|-damage|p2a: Metagross|135\/301
|
|-heal|p1a: Parasect on Roids|263\/323 tox|[from] ability: Poison Heal
|turn|14
|
|move|p2a: Metagross|Zen Headbutt|p1a: Parasect on Roids
|-supereffective|p1a: Parasect on Roids
|-damage|p1a: Parasect on Roids|0 fnt
|faint|p1a: Parasect on Roids
|
|
|switch|p1a: Megatron|Metagross, shiny|301\/301
|-damage|p1a: Megatron|283\/301|[from] Stealth Rock
|-damage|p1a: Megatron|233\/301|[from] Spikes
|turn|15
|
|switch|p2a: Landorus-Therian|Landorus-Therian, M|382\/382
|-damage|p2a: Landorus-Therian|335\/382|[from] Stealth Rock
|-ability|p2a: Landorus-Therian|Intimidate|[of] p1a: Megatron
|-fail|p1a: Megatron|unboost|[from] ability: Clear Body|[of] p1a: Megatron
|detailschange|p1a: Megatron|Metagross-Mega, shiny
|-mega|p1a: Megatron|Metagross|Metagrossite
|move|p1a: Megatron|Ice Punch|p2a: Landorus-Therian
|-supereffective|p2a: Landorus-Therian
|-damage|p2a: Landorus-Therian|0 fnt
|faint|p2a: Landorus-Therian
|
|
|switch|p2a: Heatran|Heatran, M|323\/323
|-damage|p2a: Heatran|283\/323|[from] Stealth Rock
|turn|16
|
|move|p2a: Heatran|Overheat|p1a: Megatron
|-supereffective|p1a: Megatron
|-damage|p1a: Megatron|0 fnt
|-unboost|p2a: Heatran|spa|2
|faint|p1a: Megatron
|
|c|âSaltyloads|lolol
|c|âSaltyloads|dat scarf
|c|âGrimoireGod|yeah
|
|switch|p1a: El Tigre|Landorus-Therian, M|328\/382
|-damage|p1a: El Tigre|281\/382|[from] Stealth Rock
|-ability|p1a: El Tigre|Intimidate|[of] p2a: Heatran
|-unboost|p2a: Heatran|atk|1
|turn|17
|
|switch|p2a: Ferrothorn|Ferrothorn, M|351\/351
|-damage|p2a: Ferrothorn|330\/351|[from] Stealth Rock
|move|p1a: El Tigre|U-turn|p2a: Ferrothorn
|-damage|p2a: Ferrothorn|277\/351
|-damage|p1a: El Tigre|234\/382|[from] ability: Iron Barbs|[of] p2a: Ferrothorn
|
|switch|p1a: Optimus Prime|Rotom-Wash, shiny|84\/241
|-damage|p1a: Optimus Prime|54\/241|[from] Stealth Rock
|
|-heal|p2a: Ferrothorn|298\/351|[from] item: Leftovers
|turn|18
|
|move|p2a: Ferrothorn|Protect|p2a: Ferrothorn
|-singleturn|p2a: Ferrothorn|Protect
|move|p1a: Optimus Prime|Volt Switch|p2a: Ferrothorn
|-activate|p2a: Ferrothorn|Protect
|
|-heal|p2a: Ferrothorn|319\/351|[from] item: Leftovers
|turn|19
|
|move|p1a: Optimus Prime|Volt Switch|p2a: Ferrothorn
|-resisted|p2a: Ferrothorn
|-damage|p2a: Ferrothorn|277\/351
|
|switch|p1a: Freedom|Talonflame, M|360\/360
|-damage|p1a: Freedom|180\/360|[from] Stealth Rock
|move|p2a: Ferrothorn|Leech Seed|p1a: Freedom
|-start|p1a: Freedom|move: Leech Seed
|
|-heal|p1a: Freedom|202\/360|[from] item: Leftovers
|-heal|p2a: Ferrothorn|298\/351|[from] item: Leftovers
|-damage|p1a: Freedom|157\/360|[from] Leech Seed|[of] p2a: Ferrothorn
|-heal|p2a: Ferrothorn|343\/351|[silent]
|turn|20
|
|switch|p2a: Heatran|Heatran, M|283\/323
|-damage|p2a: Heatran|243\/323|[from] Stealth Rock
|move|p1a: Freedom|Roost|p1a: Freedom
|-heal|p1a: Freedom|337\/360
|
|-heal|p1a: Freedom|359\/360|[from] item: Leftovers
|-damage|p1a: Freedom|314\/360|[from] Leech Seed|[of] p2a: Heatran
|-heal|p2a: Heatran|288\/323|[silent]
|turn|21
|
|switch|p1a: Yoshi|Latias, F, shiny|364\/364
|-damage|p1a: Yoshi|319\/364|[from] Stealth Rock
|move|p2a: Heatran|Ancient Power|p1a: Yoshi
|-damage|p1a: Yoshi|276\/364
|-boost|p2a: Heatran|atk|1
|-boost|p2a: Heatran|def|1
|-boost|p2a: Heatran|spa|1
|-boost|p2a: Heatran|spd|1
|-boost|p2a: Heatran|spe|1
|
|-heal|p1a: Yoshi|298\/364|[from] item: Leftovers
|turn|22
|
|switch|p2a: Metagross|Metagross-Mega|135\/301
|-damage|p2a: Metagross|117\/301|[from] Stealth Rock
|move|p1a: Yoshi|Substitute|p1a: Yoshi
|-start|p1a: Yoshi|Substitute
|-damage|p1a: Yoshi|207\/364
|
|-heal|p1a: Yoshi|229\/364|[from] item: Leftovers
|turn|23
|
|move|p2a: Metagross|Ice Punch|p1a: Yoshi
|-crit|p1a: Yoshi
|-supereffective|p1a: Yoshi
|-end|p1a: Yoshi|Substitute
|move|p1a: Yoshi|Psychic|p2a: Metagross
|-resisted|p2a: Metagross
|-damage|p2a: Metagross|90\/301
|
|-heal|p1a: Yoshi|251\/364|[from] item: Leftovers
|turn|24
|
|switch|p1a: El Tigre|Landorus-Therian, M|234\/382
|-damage|p1a: El Tigre|187\/382|[from] Stealth Rock
|-ability|p1a: El Tigre|Intimidate|[of] p2a: Metagross
|-unboost|p2a: Metagross|atk|1
|move|p2a: Metagross|Ice Punch|p1a: El Tigre
|-crit|p1a: El Tigre
|-supereffective|p1a: El Tigre
|-damage|p1a: El Tigre|0 fnt
|faint|p1a: El Tigre
|
|
|switch|p1a: Optimus Prime|Rotom-Wash, shiny|54\/241
|-damage|p1a: Optimus Prime|24\/241|[from] Stealth Rock
|turn|25
|
|switch|p2a: Ferrothorn|Ferrothorn, M|343\/351
|-damage|p2a: Ferrothorn|322\/351|[from] Stealth Rock
|move|p1a: Optimus Prime|Thunderbolt|p2a: Ferrothorn
|-resisted|p2a: Ferrothorn
|-damage|p2a: Ferrothorn|268\/351
|
|-heal|p2a: Ferrothorn|289\/351|[from] item: Leftovers
|turn|26
|
|move|p1a: Optimus Prime|Thunderbolt|p2a: Ferrothorn
|-resisted|p2a: Ferrothorn
|-damage|p2a: Ferrothorn|235\/351
|move|p2a: Ferrothorn|Spikes|p1a: Optimus Prime
|-sidestart|p1: Saltyloads|Spikes
|
|-heal|p2a: Ferrothorn|256\/351|[from] item: Leftovers
|turn|27
|
|move|p1a: Optimus Prime|Thunderbolt|p2a: Ferrothorn
|-resisted|p2a: Ferrothorn
|-damage|p2a: Ferrothorn|202\/351
|move|p2a: Ferrothorn|Leech Seed|p1a: Optimus Prime
|-start|p1a: Optimus Prime|move: Leech Seed
|
|-heal|p2a: Ferrothorn|223\/351|[from] item: Leftovers
|-damage|p1a: Optimus Prime|0 fnt|[from] Leech Seed|[of] p2a: Ferrothorn
|-heal|p2a: Ferrothorn|247\/351|[silent]
|faint|p1a: Optimus Prime
|
|switch|p1a: Yoshi|Latias, F, shiny|251\/364
|-damage|p1a: Yoshi|206\/364|[from] Stealth Rock
|turn|28
|join|Dark4Ever
|
|switch|p2a: Heatran|Heatran, M|288\/323
|-damage|p2a: Heatran|248\/323|[from] Stealth Rock
|move|p1a: Yoshi|Substitute|p1a: Yoshi
|-start|p1a: Yoshi|Substitute
|-damage|p1a: Yoshi|115\/364
|
|-heal|p1a: Yoshi|137\/364|[from] item: Leftovers
|turn|29
|
|move|p2a: Heatran|Flash Cannon|p1a: Yoshi
|-activate|p1a: Yoshi|Substitute|[damage]
|move|p1a: Yoshi|Roost|p1a: Yoshi
|-heal|p1a: Yoshi|319\/364
|
|-heal|p1a: Yoshi|341\/364|[from] item: Leftovers
|turn|30
|c|âGrimoireGod|balk
|c|âGrimoireGod|._.
|
|move|p2a: Heatran|Flash Cannon|p1a: Yoshi
|-end|p1a: Yoshi|Substitute
|move|p1a: Yoshi|Calm Mind|p1a: Yoshi
|-boost|p1a: Yoshi|spa|1
|-boost|p1a: Yoshi|spd|1
|
|-heal|p1a: Yoshi|363\/364|[from] item: Leftovers
|turn|31
|
|switch|p2a: Latias|Latias, F|301\/301
|-damage|p2a: Latias|264\/301|[from] Stealth Rock
|move|p1a: Yoshi|Substitute|p1a: Yoshi
|-start|p1a: Yoshi|Substitute
|-damage|p1a: Yoshi|272\/364
|
|-heal|p1a: Yoshi|294\/364|[from] item: Leftovers
|turn|32
|c|âSaltyloads|lol
|
|move|p2a: Latias|Draco Meteor|p1a: Yoshi
|-supereffective|p1a: Yoshi
|-end|p1a: Yoshi|Substitute
|-unboost|p2a: Latias|spa|2
|-damage|p2a: Latias|234\/301|[from] item: Life Orb
|move|p1a: Yoshi|Calm Mind|p1a: Yoshi
|-boost|p1a: Yoshi|spa|1
|-boost|p1a: Yoshi|spd|1
|
|-heal|p1a: Yoshi|316\/364|[from] item: Leftovers
|turn|33
|
|move|p2a: Latias|Healing Wish|p2a: Latias
|faint|p2a: Latias
|move|p1a: Yoshi|Substitute|p1a: Yoshi
|-start|p1a: Yoshi|Substitute
|-damage|p1a: Yoshi|225\/364
|
|-heal|p1a: Yoshi|247\/364|[from] item: Leftovers
|
|switch|p2a: Metagross|Metagross-Mega|90\/301
|-heal|p2a: Metagross|301\/301|[from] move: Healing Wish
|-damage|p2a: Metagross|283\/301|[from] Stealth Rock
|turn|34
|
|move|p2a: Metagross|Ice Punch|p1a: Yoshi
|-supereffective|p1a: Yoshi
|-end|p1a: Yoshi|Substitute
|move|p1a: Yoshi|Psychic|p2a: Metagross
|-resisted|p2a: Metagross
|-damage|p2a: Metagross|232\/301
|
|-heal|p1a: Yoshi|269\/364|[from] item: Leftovers
|turn|35
|
|move|p2a: Metagross|Ice Punch|p1a: Yoshi
|-supereffective|p1a: Yoshi
|-damage|p1a: Yoshi|0 fnt
|faint|p1a: Yoshi
|
|
|switch|p1a: Freedom|Talonflame, M|314\/360
|-damage|p1a: Freedom|134\/360|[from] Stealth Rock
|turn|36
|
|move|p1a: Freedom|Roost|p1a: Freedom
|-heal|p1a: Freedom|314\/360
|move|p2a: Metagross|Zen Headbutt|p1a: Freedom
|-damage|p1a: Freedom|41\/360
|
|-heal|p1a: Freedom|63\/360|[from] item: Leftovers
|turn|37
|
|move|p1a: Freedom|Roost|p1a: Freedom
|-heal|p1a: Freedom|243\/360
|move|p2a: Metagross|Zen Headbutt|p1a: Freedom
|-damage|p1a: Freedom|0 fnt
|faint|p1a: Freedom
|
|win|GrimoireGod
|raw|Ladder updating...
|c|âGrimoireGod|gg
|raw|Saltyloads's rating: 1522 &rarr; <strong>1503<\/strong><br \/>(-19 for losing)
|raw|GrimoireGod's rating: 1527 &rarr; <strong>1547<\/strong><br \/>(+20 for winning)
|c|âSaltyloads|gg