|join|Zuxos
|join|GrimoireGod
|player|p1|Zuxos|163
|player|p2|GrimoireGod|101
|gametype|singles
|gen|6
|tier|OU
|rated
|clearpoke
|poke|p1|Metagross
|poke|p1|Mandibuzz, F
|poke|p1|Alomomola, M
|poke|p1|Blissey, F
|poke|p1|Amoonguss, F
|poke|p1|Mamoswine, F
|poke|p2|Scizor, M
|poke|p2|Heatran, M
|poke|p2|Kyurem-Black
|poke|p2|Landorus-Therian, M
|poke|p2|Starmie
|poke|p2|Ferrothorn, M
|rule|Swagger Clause: Swagger is banned
|rule|Baton Pass Clause: Limit one PokÃ©mon knowing Baton Pass
|rule|Sleep Clause Mod: Limit one foe put to sleep
|rule|Species Clause: Limit one of each PokÃ©mon
|rule|OHKO Clause: OHKO moves are banned
|rule|Moody Clause: Moody is banned
|rule|Evasion Moves Clause: Evasion moves are banned
|rule|Endless Battle Clause: Forcing endless battles is banned
|rule|HP Percentage Mod: HP is shown in percentages
|teampreview
|
|start
|switch|p1a: Mamoswine|Mamoswine, F|361\/361
|switch|p2a: Starmie|Starmie|261\/261
|turn|1
|
|switch|p1a: Alomomola|Alomomola, M|501\/501
|move|p2a: Starmie|Hydro Pump|p1a: Alomomola
|-crit|p1a: Alomomola
|-resisted|p1a: Alomomola
|-damage|p1a: Alomomola|267\/501
|-damage|p2a: Starmie|235\/261|[from] item: Life Orb
|
|-heal|p1a: Alomomola|298\/501|[from] item: Leftovers
|turn|2
|join|Julezzz
|
|switch|p2a: Ferrothorn|Ferrothorn, M|352\/352
|move|p1a: Alomomola|Scald|p2a: Ferrothorn
|-resisted|p2a: Ferrothorn
|-damage|p2a: Ferrothorn|336\/352
|
|-heal|p1a: Alomomola|329\/501|[from] item: Leftovers
|-heal|p2a: Ferrothorn|352\/352|[from] item: Leftovers
|turn|3
|
|switch|p1a: Mandibuzz|Mandibuzz, F|423\/423
|move|p2a: Ferrothorn|Spikes|p1a: Mandibuzz
|-sidestart|p1: Zuxos|Spikes
|
|turn|4
|leave|Julezzz
|join|sirsnipsalot
|
|move|p1a: Mandibuzz|Defog|p2a: Ferrothorn
|-unboost|p2a: Ferrothorn|evasion|1
|-sideend|p1: Zuxos|Spikes|[from] move: Defog|[of] p1a: Mandibuzz
|move|p2a: Ferrothorn|Leech Seed|p1a: Mandibuzz
|-start|p1a: Mandibuzz|move: Leech Seed
|
|-damage|p1a: Mandibuzz|371\/423|[from] Leech Seed|[of] p2a: Ferrothorn
|turn|5
|
|switch|p2a: Heatran|Heatran, M|323\/323
|move|p1a: Mandibuzz|Whirlwind|p2a: Heatran
|drag|p2a: Starmie|Starmie|235\/261
|
|-heal|p1a: Mandibuzz|397\/423|[from] item: Leftovers
|-damage|p1a: Mandibuzz|345\/423|[from] Leech Seed|[of] p2a: Starmie
|-heal|p2a: Starmie|261\/261|[silent]
|turn|6
|
|switch|p1a: Blissey|Blissey, F|713\/713
|move|p2a: Starmie|Psyshock|p1a: Blissey
|-crit|p1a: Blissey
|-damage|p1a: Blissey|166\/713
|-damage|p2a: Starmie|235\/261|[from] item: Life Orb
|
|turn|7
|
|switch|p1a: Metagross|Metagross|302\/302
|move|p2a: Starmie|Psyshock|p1a: Metagross
|-resisted|p1a: Metagross
|-damage|p1a: Metagross|260\/302
|-damage|p2a: Starmie|209\/261|[from] item: Life Orb
|
|turn|8
|c|âGrimoireGod|didn't matter
|c|âGrimoireGod|2HKO anyway
|
|detailschange|p1a: Metagross|Metagross-Mega
|-mega|p1a: Metagross|Metagross|Metagrossite
|move|p2a: Starmie|Hydro Pump|p1a: Metagross|[miss]
|-miss|p2a: Starmie|p1a: Metagross
|move|p1a: Metagross|Pursuit|p2a: Starmie
|-supereffective|p2a: Starmie
|-damage|p2a: Starmie|39\/261
|
|turn|9
|
|move|p2a: Starmie|Hydro Pump|p1a: Metagross|[miss]
|-miss|p2a: Starmie|p1a: Metagross
|move|p1a: Metagross|Pursuit|p2a: Starmie
|-supereffective|p2a: Starmie
|-damage|p2a: Starmie|0 fnt
|faint|p2a: Starmie
|
|c|âGrimoireGod|...
|
|switch|p2a: Landorus-Therian|Landorus-Therian, M|381\/381
|-ability|p2a: Landorus-Therian|Intimidate|[of] p1a: Metagross
|-unboost|p1a: Metagross|atk|1
|turn|10
|
|switch|p1a: Mandibuzz|Mandibuzz, F|345\/423
|move|p2a: Landorus-Therian|Stealth Rock|p1a: Mandibuzz
|-sidestart|p1: Zuxos|move: Stealth Rock
|
|-heal|p1a: Mandibuzz|371\/423|[from] item: Leftovers
|turn|11
|
|move|p2a: Landorus-Therian|U-turn|p1a: Mandibuzz
|-crit|p1a: Mandibuzz
|-damage|p1a: Mandibuzz|291\/423
|
|switch|p2a: Kyurem-Black|Kyurem-Black|391\/391
|-ability|p2a: Kyurem-Black|Teravolt
|move|p1a: Mandibuzz|Defog|p2a: Kyurem-Black
|-unboost|p2a: Kyurem-Black|evasion|1
|-sideend|p1: Zuxos|Stealth Rock|[from] move: Defog|[of] p1a: Mandibuzz
|
|-heal|p1a: Mandibuzz|317\/423|[from] item: Leftovers
|turn|12
|
|switch|p1a: Alomomola|Alomomola, M|496\/501
|move|p2a: Kyurem-Black|Ice Beam|p1a: Alomomola
|-resisted|p1a: Alomomola
|-damage|p1a: Alomomola|369\/501
|-damage|p2a: Kyurem-Black|352\/391|[from] item: Life Orb
|
|-heal|p1a: Alomomola|400\/501|[from] item: Leftovers
|turn|13
|
|switch|p1a: Blissey|Blissey, F|166\/713
|move|p2a: Kyurem-Black|Fusion Bolt|p1a: Blissey
|-damage|p1a: Blissey|0 fnt
|-damage|p2a: Kyurem-Black|313\/391|[from] item: Life Orb
|faint|p1a: Blissey
|
|
|switch|p1a: Amoonguss|Amoonguss, F|432\/432
|turn|14
|
|switch|p2a: Ferrothorn|Ferrothorn, M|352\/352
|move|p1a: Amoonguss|Spore|p2a: Ferrothorn
|-fail|p2a: Ferrothorn
|
|turn|15
|
|move|p1a: Amoonguss|Hidden Power|p2a: Ferrothorn
|-supereffective|p2a: Ferrothorn
|-damage|p2a: Ferrothorn|216\/352
|move|p2a: Ferrothorn|Spikes|p1a: Amoonguss
|-sidestart|p1: Zuxos|Spikes
|
|-heal|p2a: Ferrothorn|238\/352|[from] item: Leftovers
|turn|16
|
|switch|p1a: Mandibuzz|Mandibuzz, F|317\/423
|switch|p2a: Heatran|Heatran, M|323\/323
|
|-heal|p1a: Mandibuzz|343\/423|[from] item: Leftovers
|turn|17
|
|move|p2a: Heatran|Taunt|p1a: Mandibuzz
|-start|p1a: Mandibuzz|move: Taunt
|cant|p1a: Mandibuzz|move: Taunt|Defog
|
|-heal|p1a: Mandibuzz|369\/423|[from] item: Leftovers
|turn|18
|
|switch|p1a: Alomomola|Alomomola, M|501\/501
|-damage|p1a: Alomomola|439\/501|[from] Spikes
|move|p2a: Heatran|Magma Storm|p1a: Alomomola
|-resisted|p1a: Alomomola
|-damage|p1a: Alomomola|345\/501
|-activate|p1a: Alomomola|move: Magma Storm|[of] p2a: Heatran
|
|-heal|p1a: Alomomola|376\/501|[from] item: Leftovers
|-damage|p1a: Alomomola|314\/501|[from] move: Magma Storm|[partiallytrapped]
|turn|19
|
|move|p2a: Heatran|Solar Beam|p1a: Alomomola|[still]
|-prepare|p2a: Heatran|Solar Beam|p1a: Alomomola
|-enditem|p2a: Heatran|Power Herb
|-anim|p2a: Heatran|Solar Beam|p1a: Alomomola
|-supereffective|p1a: Alomomola
|-damage|p1a: Alomomola|0 fnt
|faint|p1a: Alomomola
|
|
|switch|p1a: Mamoswine|Mamoswine, F|361\/361
|-damage|p1a: Mamoswine|316\/361|[from] Spikes
|turn|20
|c| sirsnipsalot|chansey with eviolite is better than blissey
|c| sirsnipsalot|just a tip
|
|move|p1a: Mamoswine|Ice Shard|p2a: Heatran
|-resisted|p2a: Heatran
|-damage|p2a: Heatran|297\/323
|-damage|p1a: Mamoswine|280\/361|[from] item: Life Orb
|move|p2a: Heatran|Magma Storm|p1a: Mamoswine
|-supereffective|p1a: Mamoswine
|-damage|p1a: Mamoswine|32\/361
|-activate|p1a: Mamoswine|move: Magma Storm|[of] p2a: Heatran
|
|-damage|p1a: Mamoswine|0 fnt|[from] move: Magma Storm|[partiallytrapped]
|faint|p1a: Mamoswine
|-message|Zuxos forfeited.
|
|win|GrimoireGod
|raw|Ladder updating...
|leave|Zuxos
|player|p1
|raw|Zuxos's rating: 1478 &rarr; <strong>1461<\/strong><br \/>(-17 for losing)
|raw|GrimoireGod's rating: 1522 &rarr; <strong>1539<\/strong><br \/>(+17 for winning)