|join|BlowingBubbles
|join|GrimoireGod
|player|p1|BlowingBubbles|101
|player|p2|GrimoireGod|128
|gametype|singles
|gen|6
|tier|OU
|rated
|clearpoke
|poke|p1|Gardevoir, F
|poke|p1|Landorus-Therian, M
|poke|p1|Heatran, M
|poke|p1|Starmie
|poke|p1|Conkeldurr, F
|poke|p1|Ferrothorn, F
|poke|p2|Politoed, M
|poke|p2|Manaphy
|poke|p2|Thundurus, M
|poke|p2|Swampert, M
|poke|p2|Kabutops, M
|poke|p2|Latios, M
|rule|Swagger Clause: Swagger is banned
|rule|Baton Pass Clause: Limit one PokÃ©mon knowing Baton Pass
|rule|Sleep Clause Mod: Limit one foe put to sleep
|rule|Species Clause: Limit one of each PokÃ©mon
|rule|OHKO Clause: OHKO moves are banned
|rule|Moody Clause: Moody is banned
|rule|Evasion Moves Clause: Evasion moves are banned
|rule|Endless Battle Clause: Forcing endless battles is banned
|rule|HP Percentage Mod: HP is shown in percentages
|teampreview
|join|BenzMog
|
|start
|switch|p1a: Gardevoir|Gardevoir, F|277\/277
|switch|p2a: Politoed|Politoed, M|383\/383
|-ability|p1a: Gardevoir|Drizzle|[from] ability: Trace|[of] p2a: Politoed
|-weather|RainDance
|turn|1
|
|detailschange|p1a: Gardevoir|Gardevoir-Mega, F
|-mega|p1a: Gardevoir|Gardevoir|Gardevoirite
|move|p1a: Gardevoir|Hyper Voice|p2a: Politoed
|-damage|p2a: Politoed|211\/383
|move|p2a: Politoed|Scald|p1a: Gardevoir
|-damage|p1a: Gardevoir|184\/277
|
|-weather|RainDance|[upkeep]
|turn|2
|
|move|p1a: Gardevoir|Hyper Voice|p2a: Politoed
|-damage|p2a: Politoed|42\/383
|move|p2a: Politoed|Scald|p1a: Gardevoir
|-damage|p1a: Gardevoir|84\/277
|
|-weather|RainDance|[upkeep]
|turn|3
|
|switch|p2a: Latios|Latios, M|299\/299
|move|p1a: Gardevoir|Hyper Voice|p2a: Latios
|-supereffective|p2a: Latios
|-damage|p2a: Latios|0 fnt
|faint|p2a: Latios
|
|-weather|RainDance|[upkeep]
|
|switch|p2a: Kabutops|Kabutops, M|289\/289
|turn|4
|
|move|p2a: Kabutops|Waterfall|p1a: Gardevoir
|-damage|p1a: Gardevoir|0 fnt
|-damage|p2a: Kabutops|261\/289|[from] item: Life Orb
|faint|p1a: Gardevoir
|
|-weather|RainDance|[upkeep]
|
|switch|p1a: Conkeldurr|Conkeldurr, F|413\/413
|turn|5
|
|switch|p2a: Manaphy|Manaphy|361\/361
|move|p1a: Conkeldurr|Drain Punch|p2a: Manaphy
|-damage|p2a: Manaphy|195\/361
|
|-weather|none
|-heal|p2a: Manaphy|217\/361|[from] item: Leftovers
|turn|6
|
|switch|p2a: Politoed|Politoed, M|42\/383
|-weather|RainDance
|move|p1a: Conkeldurr|Drain Punch|p2a: Politoed
|-damage|p2a: Politoed|0 fnt
|faint|p2a: Politoed
|
|-weather|RainDance|[upkeep]
|
|switch|p2a: Swampert|Swampert, M|361\/361
|turn|7
|
|switch|p1a: Landorus-Therian|Landorus-Therian, M|325\/325
|-ability|p1a: Landorus-Therian|Intimidate|[of] p2a: Swampert
|-unboost|p2a: Swampert|atk|1
|detailschange|p2a: Swampert|Swampert-Mega, M
|-mega|p2a: Swampert|Swampert|Swampertite
|move|p2a: Swampert|Waterfall|p1a: Landorus-Therian
|-supereffective|p1a: Landorus-Therian
|-damage|p1a: Landorus-Therian|0 fnt
|faint|p1a: Landorus-Therian
|
|-weather|RainDance|[upkeep]
|
|switch|p1a: Ferrothorn|Ferrothorn, F|352\/352
|turn|8
|
|switch|p2a: Thundurus|Thundurus, M|298\/298
|move|p1a: Ferrothorn|Leech Seed|p2a: Thundurus
|-start|p2a: Thundurus|move: Leech Seed
|
|-weather|RainDance|[upkeep]
|-damage|p2a: Thundurus|261\/298|[from] Leech Seed|[of] p1a: Ferrothorn
|turn|9
|
|move|p2a: Thundurus|Focus Blast|p1a: Ferrothorn|[miss]
|-miss|p2a: Thundurus|p1a: Ferrothorn
|move|p1a: Ferrothorn|Spikes|p2a: Thundurus
|-sidestart|p2: GrimoireGod|Spikes
|
|-weather|RainDance|[upkeep]
|-damage|p2a: Thundurus|224\/298|[from] Leech Seed|[of] p1a: Ferrothorn
|turn|10
|
|move|p2a: Thundurus|Focus Blast|p1a: Ferrothorn
|-supereffective|p1a: Ferrothorn
|-damage|p1a: Ferrothorn|89\/352
|-damage|p2a: Thundurus|195\/298|[from] item: Life Orb
|move|p1a: Ferrothorn|Spikes|p2a: Thundurus
|-sidestart|p2: GrimoireGod|Spikes
|
|-weather|RainDance|[upkeep]
|-heal|p1a: Ferrothorn|111\/352|[from] item: Leftovers
|-damage|p2a: Thundurus|158\/298|[from] Leech Seed|[of] p1a: Ferrothorn
|-heal|p1a: Ferrothorn|148\/352|[silent]
|turn|11
|
|move|p2a: Thundurus|Focus Blast|p1a: Ferrothorn
|-supereffective|p1a: Ferrothorn
|-damage|p1a: Ferrothorn|0 fnt
|-damage|p2a: Thundurus|129\/298|[from] item: Life Orb
|faint|p1a: Ferrothorn
|
|-weather|RainDance|[upkeep]
|
|switch|p1a: Heatran|Heatran, M|385\/385
|turn|12
|
|move|p2a: Thundurus|Focus Blast|p1a: Heatran
|-supereffective|p1a: Heatran
|-damage|p1a: Heatran|112\/385
|-damage|p2a: Thundurus|100\/298|[from] item: Life Orb
|move|p1a: Heatran|Stealth Rock|p2a: Thundurus
|-sidestart|p2: GrimoireGod|move: Stealth Rock
|
|-weather|RainDance|[upkeep]
|-heal|p1a: Heatran|136\/385|[from] item: Leftovers
|-damage|p2a: Thundurus|63\/298|[from] Leech Seed|[of] p1a: Heatran
|-heal|p1a: Heatran|173\/385|[silent]
|turn|13
|
|move|p2a: Thundurus|Thunder|p1a: Heatran
|-damage|p1a: Heatran|4\/385
|-damage|p2a: Thundurus|34\/298|[from] item: Life Orb
|move|p1a: Heatran|Ancient Power|p2a: Thundurus
|-supereffective|p2a: Thundurus
|-damage|p2a: Thundurus|0 fnt
|faint|p2a: Thundurus
|
|-weather|none
|-heal|p1a: Heatran|28\/385|[from] item: Leftovers
|
|switch|p2a: Kabutops|Kabutops, M|261\/289
|-damage|p2a: Kabutops|225\/289|[from] Stealth Rock
|-damage|p2a: Kabutops|177\/289|[from] Spikes
|turn|14
|
|move|p2a: Kabutops|Rapid Spin|p1a: Heatran
|-resisted|p1a: Heatran
|-damage|p1a: Heatran|12\/385
|-sideend|p2: GrimoireGod|Spikes|[from] move: Rapid Spin|[of] p2a: Kabutops
|-sideend|p2: GrimoireGod|Stealth Rock|[from] move: Rapid Spin|[of] p2a: Kabutops
|-damage|p2a: Kabutops|149\/289|[from] item: Life Orb
|move|p1a: Heatran|Roar|p2a: Kabutops
|drag|p2a: Swampert|Swampert-Mega, M|361\/361
|
|-heal|p1a: Heatran|36\/385|[from] item: Leftovers
|turn|15
|c| BenzMog|Them plays :)
|
|move|p2a: Swampert|Earthquake|p1a: Heatran
|-supereffective|p1a: Heatran
|-damage|p1a: Heatran|0 fnt
|faint|p1a: Heatran
|
|
|switch|p1a: Starmie|Starmie|261\/261
|turn|16
|
|move|p1a: Starmie|Surf|p2a: Swampert
|-damage|p2a: Swampert|208\/361
|-damage|p1a: Starmie|235\/261|[from] item: Life Orb
|move|p2a: Swampert|Earthquake|p1a: Starmie
|-damage|p1a: Starmie|0 fnt
|faint|p1a: Starmie
|
|
|switch|p1a: Conkeldurr|Conkeldurr, F|413\/413
|turn|17
|
|move|p2a: Swampert|Earthquake|p1a: Conkeldurr
|-damage|p1a: Conkeldurr|196\/413
|move|p1a: Conkeldurr|Drain Punch|p2a: Swampert
|-damage|p2a: Swampert|69\/361
|-heal|p1a: Conkeldurr|266\/413|[from] drain|[of] p2a: Swampert
|
|turn|18
|
|move|p2a: Swampert|Earthquake|p1a: Conkeldurr
|-damage|p1a: Conkeldurr|20\/413
|move|p1a: Conkeldurr|Drain Punch|p2a: Swampert
|-damage|p2a: Swampert|0 fnt
|-heal|p1a: Conkeldurr|55\/413|[from] drain|[of] p2a: Swampert
|faint|p2a: Swampert
|
|
|switch|p2a: Manaphy|Manaphy|217\/361
|turn|19
|-message|BlowingBubbles forfeited.
|
|win|GrimoireGod
|raw|Ladder updating...
|leave|BlowingBubbles
|player|p1
|raw|BlowingBubbles's rating: 1489 &rarr; <strong>1460<\/strong><br \/>(-29 for losing)
|raw|GrimoireGod's rating: 1321 &rarr; <strong>1350<\/strong><br \/>(+29 for winning)
|c|âGrimoireGod|:]
|c| BenzMog|keep it up :)