|join|GrimoireGod
|join|Sir Slaking
|player|p1|GrimoireGod|73
|player|p2|Sir Slaking|99
|gametype|singles
|gen|6
|tier|OU (suspect test)
|rated
|clearpoke
|poke|p1|Gallade, M
|poke|p1|Bisharp, F
|poke|p1|Sylveon, M
|poke|p1|Keldeo
|poke|p1|Klefki, M
|poke|p1|Heatran, M
|poke|p2|Gothitelle, F
|poke|p2|Scizor, M
|poke|p2|Landorus-Therian, M
|poke|p2|Rotom-Wash
|poke|p2|Heatran, F
|poke|p2|Clefable, F
|rule|Swagger Clause: Swagger is banned
|rule|Baton Pass Clause: Limit one PokÃ©mon knowing Baton Pass
|rule|Sleep Clause Mod: Limit one foe put to sleep
|rule|Species Clause: Limit one of each PokÃ©mon
|rule|OHKO Clause: OHKO moves are banned
|rule|Moody Clause: Moody is banned
|rule|Evasion Moves Clause: Evasion moves are banned
|rule|Endless Battle Clause: Forcing endless battles is banned
|rule|HP Percentage Mod: HP is shown in percentages
|teampreview
|
|start
|switch|p1a: Klefki|Klefki, M|318\/318
|switch|p2a: Rotom-Wash|Rotom-Wash|304\/304
|turn|1
|
|move|p1a: Klefki|Spikes|p2a: Rotom-Wash
|-sidestart|p2: Sir Slaking|Spikes
|move|p2a: Rotom-Wash|Volt Switch|p1a: Klefki
|-damage|p1a: Klefki|219\/318
|
|switch|p2a: Heatran|Heatran, F|326\/326
|-item|p2a: Heatran|Air Balloon
|
|-heal|p1a: Klefki|238\/318|[from] item: Leftovers
|turn|2
|
|switch|p1a: Keldeo|Keldeo|323\/323
|move|p2a: Heatran|Stealth Rock|p1a: Keldeo
|-sidestart|p1: GrimoireGod|move: Stealth Rock
|
|turn|3
|
|switch|p2a: Rotom-Wash|Rotom-Wash|304\/304
|move|p1a: Keldeo|Substitute|p1a: Keldeo
|-start|p1a: Keldeo|Substitute
|-damage|p1a: Keldeo|243\/323
|
|-heal|p1a: Keldeo|263\/323|[from] item: Leftovers
|turn|4
|
|move|p1a: Keldeo|Calm Mind|p1a: Keldeo
|-boost|p1a: Keldeo|spa|1
|-boost|p1a: Keldeo|spd|1
|move|p2a: Rotom-Wash|Hydro Pump|p1a: Keldeo
|-resisted|p1a: Keldeo
|-activate|p1a: Keldeo|Substitute|[damage]
|
|-heal|p1a: Keldeo|283\/323|[from] item: Leftovers
|turn|5
|
|move|p1a: Keldeo|Calm Mind|p1a: Keldeo
|-boost|p1a: Keldeo|spa|1
|-boost|p1a: Keldeo|spd|1
|move|p2a: Rotom-Wash|Volt Switch|p1a: Keldeo
|-supereffective|p1a: Keldeo
|-end|p1a: Keldeo|Substitute
|
|switch|p2a: Clefable|Clefable, F|394\/394
|-damage|p2a: Clefable|345\/394|[from] Spikes
|
|-heal|p1a: Keldeo|303\/323|[from] item: Leftovers
|-heal|p2a: Clefable|369\/394|[from] item: Leftovers
|turn|6
|
|switch|p1a: Heatran|Heatran, M|324\/324
|-damage|p1a: Heatran|284\/324|[from] Stealth Rock
|-item|p1a: Heatran|Air Balloon
|move|p2a: Clefable|Calm Mind|p2a: Clefable
|-boost|p2a: Clefable|spa|1
|-boost|p2a: Clefable|spd|1
|
|-heal|p2a: Clefable|393\/394|[from] item: Leftovers
|turn|7
|
|move|p1a: Heatran|Stealth Rock|p2a: Clefable
|-sidestart|p2: Sir Slaking|move: Stealth Rock
|move|p2a: Clefable|Moonblast|p1a: Heatran
|-resisted|p1a: Heatran
|-damage|p1a: Heatran|245\/324
|-enditem|p1a: Heatran|Air Balloon
|
|-heal|p2a: Clefable|394\/394|[from] item: Leftovers
|turn|8
|
|switch|p2a: Rotom-Wash|Rotom-Wash|304\/304
|-damage|p2a: Rotom-Wash|266\/304|[from] Stealth Rock
|move|p1a: Heatran|Fire Blast|p2a: Rotom-Wash
|-resisted|p2a: Rotom-Wash
|-damage|p2a: Rotom-Wash|194\/304
|
|-heal|p2a: Rotom-Wash|213\/304|[from] item: Leftovers
|turn|9
|
|switch|p1a: Sylveon|Sylveon, M|372\/372
|-damage|p1a: Sylveon|326\/372|[from] Stealth Rock
|move|p2a: Rotom-Wash|Volt Switch|p1a: Sylveon
|-damage|p1a: Sylveon|260\/372
|
|switch|p2a: Heatran|Heatran, F|326\/326
|-damage|p2a: Heatran|286\/326|[from] Stealth Rock
|-item|p2a: Heatran|Air Balloon
|
|turn|10
|
|move|p2a: Heatran|Flash Cannon|p1a: Sylveon
|-supereffective|p1a: Sylveon
|-damage|p1a: Sylveon|0 fnt
|faint|p1a: Sylveon
|
|
|switch|p1a: Keldeo|Keldeo|303\/323
|-damage|p1a: Keldeo|283\/323|[from] Stealth Rock
|turn|11
|
|switch|p2a: Clefable|Clefable, F|394\/394
|-damage|p2a: Clefable|345\/394|[from] Stealth Rock
|-damage|p2a: Clefable|296\/394|[from] Spikes
|move|p1a: Keldeo|Scald|p2a: Clefable
|-damage|p2a: Clefable|134\/394
|
|-heal|p1a: Keldeo|303\/323|[from] item: Leftovers
|-heal|p2a: Clefable|158\/394|[from] item: Leftovers
|turn|12
|
|move|p1a: Keldeo|Scald|p2a: Clefable
|-damage|p2a: Clefable|7\/394
|move|p2a: Clefable|Moonlight|p2a: Clefable
|-heal|p2a: Clefable|204\/394
|
|-heal|p1a: Keldeo|323\/323|[from] item: Leftovers
|-heal|p2a: Clefable|228\/394|[from] item: Leftovers
|turn|13
|
|switch|p1a: Bisharp|Bisharp, F|272\/272
|-damage|p1a: Bisharp|255\/272|[from] Stealth Rock
|move|p2a: Clefable|Moonblast|p1a: Bisharp
|-damage|p1a: Bisharp|122\/272
|
|-heal|p2a: Clefable|252\/394|[from] item: Leftovers
|turn|14
|
|move|p1a: Bisharp|Iron Head|p2a: Clefable
|-supereffective|p2a: Clefable
|-damage|p2a: Clefable|0 fnt
|-damage|p1a: Bisharp|95\/272|[from] item: Life Orb
|faint|p2a: Clefable
|
|
|switch|p2a: Rotom-Wash|Rotom-Wash|213\/304
|-damage|p2a: Rotom-Wash|175\/304|[from] Stealth Rock
|turn|15
|
|switch|p1a: Klefki|Klefki, M|238\/318
|-damage|p1a: Klefki|219\/318|[from] Stealth Rock
|move|p2a: Rotom-Wash|Volt Switch|p1a: Klefki
|-crit|p1a: Klefki
|-damage|p1a: Klefki|68\/318
|
|switch|p2a: Heatran|Heatran, F|286\/326
|-damage|p2a: Heatran|246\/326|[from] Stealth Rock
|-item|p2a: Heatran|Air Balloon
|
|-heal|p1a: Klefki|87\/318|[from] item: Leftovers
|turn|16
|
|move|p1a: Klefki|Spikes|p2a: Heatran
|-sidestart|p2: Sir Slaking|Spikes
|move|p2a: Heatran|Earth Power|p1a: Klefki
|-supereffective|p1a: Klefki
|-damage|p1a: Klefki|0 fnt
|faint|p1a: Klefki
|
|
|switch|p1a: Keldeo|Keldeo|323\/323
|-damage|p1a: Keldeo|303\/323|[from] Stealth Rock
|turn|17
|
|move|p1a: Keldeo|Calm Mind|p1a: Keldeo
|-boost|p1a: Keldeo|spa|1
|-boost|p1a: Keldeo|spd|1
|move|p2a: Heatran|Fire Blast|p1a: Keldeo
|-crit|p1a: Keldeo
|-resisted|p1a: Keldeo
|-damage|p1a: Keldeo|142\/323
|
|-heal|p1a: Keldeo|162\/323|[from] item: Leftovers
|turn|18
|
|move|p1a: Keldeo|Scald|p2a: Heatran
|-supereffective|p2a: Heatran
|-damage|p2a: Heatran|0 fnt
|-enditem|p2a: Heatran|Air Balloon
|faint|p2a: Heatran
|
|-heal|p1a: Keldeo|182\/323|[from] item: Leftovers
|
|switch|p2a: Gothitelle|Gothitelle, F|301\/301
|-damage|p2a: Gothitelle|264\/301|[from] Stealth Rock
|-damage|p2a: Gothitelle|214\/301|[from] Spikes
|turn|19
|
|move|p1a: Keldeo|Scald|p2a: Gothitelle
|-damage|p2a: Gothitelle|31\/301
|move|p2a: Gothitelle|Psychic|p1a: Keldeo
|-supereffective|p1a: Keldeo
|-damage|p1a: Keldeo|30\/323
|-unboost|p1a: Keldeo|spd|1
|
|-heal|p1a: Keldeo|50\/323|[from] item: Leftovers
|turn|20
|
|move|p1a: Keldeo|Scald|p2a: Gothitelle
|-crit|p2a: Gothitelle
|-damage|p2a: Gothitelle|0 fnt
|faint|p2a: Gothitelle
|
|-heal|p1a: Keldeo|70\/323|[from] item: Leftovers
|
|switch|p2a: Landorus-Therian|Landorus-Therian, M|319\/319
|-damage|p2a: Landorus-Therian|280\/319|[from] Stealth Rock
|-ability|p2a: Landorus-Therian|Intimidate|[of] p1a: Keldeo
|-unboost|p1a: Keldeo|atk|1
|turn|21
|
|move|p2a: Landorus-Therian|Earthquake|p1a: Keldeo
|-damage|p1a: Keldeo|0 fnt
|faint|p1a: Keldeo
|
|
|switch|p1a: Gallade|Gallade, M|278\/278
|-damage|p1a: Gallade|261\/278|[from] Stealth Rock
|turn|22
|
|detailschange|p1a: Gallade|Gallade-Mega, M
|-mega|p1a: Gallade|Gallade|Galladite
|move|p2a: Landorus-Therian|Earthquake|p1a: Gallade
|-damage|p1a: Gallade|45\/278
|move|p1a: Gallade|Zen Headbutt|p2a: Landorus-Therian
|-damage|p2a: Landorus-Therian|121\/319
|
|turn|23
|
|move|p2a: Landorus-Therian|Earthquake|p1a: Gallade
|-damage|p1a: Gallade|0 fnt
|faint|p1a: Gallade
|
|
|switch|p1a: Bisharp|Bisharp, F|95\/272
|-damage|p1a: Bisharp|78\/272|[from] Stealth Rock
|turn|24
|
|switch|p2a: Scizor|Scizor, M|343\/343
|-damage|p2a: Scizor|286\/343|[from] Spikes
|-damage|p2a: Scizor|244\/343|[from] Stealth Rock
|move|p1a: Bisharp|Sucker Punch|p2a: Scizor
|-fail|p2a: Scizor
|
|turn|25
|
|switch|p1a: Heatran|Heatran, M|245\/324
|-damage|p1a: Heatran|205\/324|[from] Stealth Rock
|detailschange|p2a: Scizor|Scizor-Mega, M
|-mega|p2a: Scizor|Scizor|Scizorite
|move|p2a: Scizor|Swords Dance|p2a: Scizor
|-boost|p2a: Scizor|atk|2
|
|turn|26
|
|move|p1a: Heatran|Fire Blast|p2a: Scizor
|-supereffective|p2a: Scizor
|-damage|p2a: Scizor|0 fnt
|faint|p2a: Scizor
|
|
|switch|p2a: Landorus-Therian|Landorus-Therian, M|121\/319
|-damage|p2a: Landorus-Therian|82\/319|[from] Stealth Rock
|-ability|p2a: Landorus-Therian|Intimidate|[of] p1a: Heatran
|-unboost|p1a: Heatran|atk|1
|turn|27
|
|move|p2a: Landorus-Therian|Earthquake|p1a: Heatran
|-supereffective|p1a: Heatran
|-damage|p1a: Heatran|0 fnt
|faint|p1a: Heatran
|
|
|switch|p1a: Bisharp|Bisharp, F|78\/272
|-damage|p1a: Bisharp|61\/272|[from] Stealth Rock
|turn|28
|
|move|p1a: Bisharp|Sucker Punch|p2a: Landorus-Therian
|-damage|p2a: Landorus-Therian|0 fnt
|-damage|p1a: Bisharp|34\/272|[from] item: Life Orb
|faint|p2a: Landorus-Therian
|
|
|switch|p2a: Rotom-Wash|Rotom-Wash|175\/304
|-damage|p2a: Rotom-Wash|137\/304|[from] Stealth Rock
|turn|29
|
|move|p1a: Bisharp|Knock Off|p2a: Rotom-Wash
|-damage|p2a: Rotom-Wash|0 fnt
|-enditem|p2a: Rotom-Wash|Leftovers|[from] move: Knock Off|[of] p1a: Bisharp
|-damage|p1a: Bisharp|7\/272|[from] item: Life Orb
|faint|p2a: Rotom-Wash
|
|win|GrimoireGod
|raw|Ladder updating...
|raw|GrimoireGod's rating: 1453 &rarr; <strong>1469<\/strong><br \/>(+16 for winning)
|raw|Sir Slaking's rating: 1378 &rarr; <strong>1362<\/strong><br \/>(-16 for losing)