|join|dominions
|join|GrimoireGod
|player|p1|dominions|29
|player|p2|GrimoireGod|73
|gametype|singles
|gen|6
|tier|OU (suspect test)
|rated
|clearpoke
|poke|p1|Hawlucha, F
|poke|p1|Garchomp, F
|poke|p1|Mamoswine, M
|poke|p1|Clefable, F
|poke|p1|Jirachi
|poke|p1|Sceptile, M
|poke|p2|Skarmory, F
|poke|p2|Clefable, M
|poke|p2|Tentacruel, M
|poke|p2|Bisharp, F
|poke|p2|Heatran, F
|poke|p2|Latias, F
|rule|Swagger Clause: Swagger is banned
|rule|Baton Pass Clause: Limit one PokÃ©mon knowing Baton Pass
|rule|Sleep Clause Mod: Limit one foe put to sleep
|rule|Species Clause: Limit one of each PokÃ©mon
|rule|OHKO Clause: OHKO moves are banned
|rule|Moody Clause: Moody is banned
|rule|Evasion Moves Clause: Evasion moves are banned
|rule|Endless Battle Clause: Forcing endless battles is banned
|rule|HP Percentage Mod: HP is shown in percentages
|teampreview
|
|start
|switch|p1a: starmond|Garchomp, F|420\/420
|switch|p2a: Skarmory|Skarmory, F|333\/333
|turn|1
|
|move|p1a: starmond|Flamethrower|p2a: Skarmory
|-supereffective|p2a: Skarmory
|-damage|p2a: Skarmory|187\/333
|move|p2a: Skarmory|Spikes|p1a: starmond
|-sidestart|p1: dominions|Spikes
|
|turn|2
|
|switch|p2a: Clefable|Clefable, M|394\/394
|move|p1a: starmond|Flamethrower|p2a: Clefable
|-damage|p2a: Clefable|341\/394
|
|-heal|p2a: Clefable|365\/394|[from] item: Leftovers
|turn|3
|
|switch|p1a: comet|Jirachi|341\/341
|-damage|p1a: comet|299\/341|[from] Spikes
|move|p2a: Clefable|Wish|p2a: Clefable
|
|-heal|p2a: Clefable|389\/394|[from] item: Leftovers
|turn|4
|
|switch|p2a: Skarmory|Skarmory, F|187\/333
|move|p1a: comet|Trick|p2a: Skarmory
|-activate|p1a: comet|move: Trick|[of] p2a: Skarmory
|-item|p2a: Skarmory|Choice Scarf|[from] move: Trick
|-item|p1a: comet|Shed Shell|[from] move: Trick
|
|-heal|p2a: Skarmory|333\/333|[from] move: Wish|[wisher] Clefable
|turn|5
|
|move|p1a: comet|U-turn|p2a: Skarmory
|-resisted|p2a: Skarmory
|-damage|p2a: Skarmory|323\/333
|
|switch|p1a: clefabus|Clefable, F|394\/394
|move|p2a: Skarmory|Spikes|p1a: clefabus
|-sidestart|p1: dominions|Spikes
|
|turn|6
|
|switch|p2a: Tentacruel|Tentacruel, M|363\/363
|move|p1a: clefabus|Thunderbolt|p2a: Tentacruel
|-supereffective|p2a: Tentacruel
|-damage|p2a: Tentacruel|233\/363
|
|-heal|p2a: Tentacruel|255\/363|[from] item: Black Sludge
|turn|7
|c|âGrimoireGod|gr8 b8 m8, i r8 8\/8
|c|âGrimoireGod|used that too
|
|move|p2a: Tentacruel|Toxic Spikes|p1a: clefabus
|-sidestart|p1: dominions|move: Toxic Spikes
|move|p1a: clefabus|Thunderbolt|p2a: Tentacruel
|-supereffective|p2a: Tentacruel
|-damage|p2a: Tentacruel|115\/363
|
|-heal|p2a: Tentacruel|137\/363|[from] item: Black Sludge
|turn|8
|c|âdominions|hah tx
|c|âdominions|im still getting wrecked by your hazards :\/
|c|âGrimoireGod|haha
|
|move|p2a: Tentacruel|Toxic Spikes|p1a: clefabus
|-sidestart|p1: dominions|move: Toxic Spikes
|move|p1a: clefabus|Thunderbolt|p2a: Tentacruel
|-supereffective|p2a: Tentacruel
|-damage|p2a: Tentacruel|7\/363
|-status|p2a: Tentacruel|par
|
|-heal|p2a: Tentacruel|29\/363 par|[from] item: Black Sludge
|turn|9
|
|move|p1a: clefabus|Thunderbolt|p2a: Tentacruel
|-supereffective|p2a: Tentacruel
|-damage|p2a: Tentacruel|0 fnt
|faint|p2a: Tentacruel
|
|
|switch|p2a: Bisharp|Bisharp, F|271\/271
|turn|10
|
|switch|p1a: starmond|Garchomp, F|420\/420
|-damage|p1a: starmond|350\/420|[from] Spikes
|-status|p1a: starmond|tox
|move|p2a: Bisharp|Iron Head|p1a: starmond
|-damage|p1a: starmond|233\/420 tox
|-damage|p2a: Bisharp|238\/271|[from] ability: Rough Skin|[of] p1a: starmond
|-damage|p2a: Bisharp|193\/271|[from] item: Rocky Helmet|[of] p1a: starmond
|
|-damage|p1a: starmond|207\/420 tox|[from] psn
|turn|11
|
|switch|p2a: Clefable|Clefable, M|389\/394
|move|p1a: starmond|Stealth Rock|p2a: Clefable
|-sidestart|p2: GrimoireGod|move: Stealth Rock
|
|-heal|p2a: Clefable|394\/394|[from] item: Leftovers
|-damage|p1a: starmond|155\/420 tox|[from] psn
|turn|12
|
|move|p1a: starmond|Earthquake|p2a: Clefable
|-crit|p2a: Clefable
|-damage|p2a: Clefable|147\/394
|move|p2a: Clefable|Wish|p2a: Clefable
|
|-heal|p2a: Clefable|171\/394|[from] item: Leftovers
|-damage|p1a: starmond|77\/420 tox|[from] psn
|turn|13
|
|move|p1a: starmond|Earthquake|p2a: Clefable
|-damage|p2a: Clefable|27\/394
|move|p2a: Clefable|Soft-Boiled|p2a: Clefable
|-heal|p2a: Clefable|224\/394
|
|-heal|p2a: Clefable|394\/394|[from] move: Wish|[wisher] Clefable
|-damage|p1a: starmond|0 fnt|[from] psn
|faint|p1a: starmond
|
|switch|p1a: comet|Jirachi|299\/341
|-damage|p1a: comet|243\/341|[from] Spikes
|turn|14
|
|switch|p2a: Heatran|Heatran, F|323\/323
|-damage|p2a: Heatran|283\/323|[from] Stealth Rock
|move|p1a: comet|Iron Head|p2a: Heatran
|-resisted|p2a: Heatran
|-damage|p2a: Heatran|253\/323
|
|-heal|p2a: Heatran|273\/323|[from] item: Leftovers
|turn|15
|
|switch|p1a: birdman|Hawlucha, F|304\/304
|move|p2a: Heatran|Stealth Rock|p1a: birdman
|-sidestart|p1: dominions|move: Stealth Rock
|
|-heal|p2a: Heatran|293\/323|[from] item: Leftovers
|turn|16
|
|move|p1a: birdman|Swords Dance|p1a: birdman
|-boost|p1a: birdman|atk|2
|move|p2a: Heatran|Magma Storm|p1a: birdman
|-damage|p1a: birdman|48\/304
|-activate|p1a: birdman|move: Magma Storm|[of] p2a: Heatran
|-enditem|p1a: birdman|Sitrus Berry|[eat]
|-heal|p1a: birdman|124\/304|[from] item: Sitrus Berry
|
|-heal|p2a: Heatran|313\/323|[from] item: Leftovers
|-damage|p1a: birdman|86\/304|[from] move: Magma Storm|[partiallytrapped]
|turn|17
|
|switch|p2a: Skarmory|Skarmory, F|323\/333
|-damage|p2a: Skarmory|282\/333|[from] Stealth Rock
|move|p1a: birdman|High Jump Kick|p2a: Skarmory
|-damage|p2a: Skarmory|65\/333
|
|-end|p1a: birdman|Magma Storm|[partiallytrapped]
|turn|18
|
|move|p1a: birdman|High Jump Kick|p2a: Skarmory
|-damage|p2a: Skarmory|0 fnt
|faint|p2a: Skarmory
|
|join|TheBlueSun
|
|switch|p2a: Latias|Latias, F|363\/363
|-damage|p2a: Latias|318\/363|[from] Stealth Rock
|turn|19
|
|detailschange|p2a: Latias|Latias-Mega, F
|-mega|p2a: Latias|Latias|Latiasite
|move|p1a: birdman|Acrobatics|p2a: Latias
|-damage|p2a: Latias|87\/363
|move|p2a: Latias|Stored Power|p1a: birdman
|-supereffective|p1a: birdman
|-damage|p1a: birdman|0 fnt
|faint|p1a: birdman
|
|
|switch|p1a: mut|Mamoswine, M|373\/373
|-damage|p1a: mut|311\/373|[from] Spikes
|-status|p1a: mut|tox
|-damage|p1a: mut|265\/373 tox|[from] Stealth Rock
|turn|20
|
|move|p1a: mut|Ice Shard|p2a: Latias
|-supereffective|p2a: Latias
|-damage|p2a: Latias|0 fnt
|faint|p2a: Latias
|
|-damage|p1a: mut|242\/373 tox|[from] psn
|
|switch|p2a: Clefable|Clefable, M|394\/394
|turn|21
|
|switch|p1a: clefabus|Clefable, F|394\/394
|-status|p1a: clefabus|tox
|move|p2a: Clefable|Wish|p2a: Clefable
|
|turn|22
|
|switch|p2a: Bisharp|Bisharp, F|193\/271
|-damage|p2a: Bisharp|177\/271|[from] Stealth Rock
|move|p1a: clefabus|Thunderbolt|p2a: Bisharp
|-damage|p2a: Bisharp|85\/271
|
|-heal|p2a: Bisharp|271\/271|[from] move: Wish|[wisher] Clefable
|turn|23
|
|move|p2a: Bisharp|Iron Head|p1a: clefabus
|-supereffective|p1a: clefabus
|-damage|p1a: clefabus|0 fnt
|faint|p1a: clefabus
|
|
|switch|p1a: mut|Mamoswine, M|242\/373 tox
|-damage|p1a: mut|196\/373 tox|[from] Stealth Rock
|-damage|p1a: mut|134\/373 tox|[from] Spikes
|turn|24
|
|move|p2a: Bisharp|Sucker Punch|p1a: mut
|-damage|p1a: mut|0 fnt
|faint|p1a: mut
|
|-message|dominions forfeited.
|
|win|GrimoireGod
|raw|Ladder updating...
|leave|dominions
|player|p1
|raw|dominions's rating: 1408 &rarr; <strong>1392<\/strong><br \/>(-16 for losing)
|raw|GrimoireGod's rating: 1464 &rarr; <strong>1481<\/strong><br \/>(+17 for winning)
|leave|TheBlueSun