|join|Alex Vi Britannia
|join|GrimoireGod
|player|p1|Alex Vi Britannia|267
|player|p2|GrimoireGod|73
|gametype|singles
|gen|6
|tier|OU (suspect test)
|rated
|clearpoke
|poke|p1|Ferrothorn, F
|poke|p1|Tyranitar, F
|poke|p1|Scizor, F
|poke|p1|Vaporeon, F
|poke|p1|Starmie
|poke|p1|Chandelure, M
|poke|p2|Skarmory, M
|poke|p2|Clefable, F
|poke|p2|Tentacruel, F
|poke|p2|Bisharp, M
|poke|p2|Heatran, M
|poke|p2|Latias, F
|rule|Swagger Clause: Swagger is banned
|rule|Baton Pass Clause: Limit one PokÃ©mon knowing Baton Pass
|rule|Sleep Clause Mod: Limit one foe put to sleep
|rule|Species Clause: Limit one of each PokÃ©mon
|rule|OHKO Clause: OHKO moves are banned
|rule|Moody Clause: Moody is banned
|rule|Evasion Moves Clause: Evasion moves are banned
|rule|Endless Battle Clause: Forcing endless battles is banned
|rule|HP Percentage Mod: HP is shown in percentages
|teampreview
|
|start
|switch|p1a: Ferrothorn|Ferrothorn, F|352\/352
|switch|p2a: Clefable|Clefable, F|394\/394
|turn|1
|
|switch|p1a: Chandelure|Chandelure, M|262\/262
|move|p2a: Clefable|Stealth Rock|p1a: Chandelure
|-sidestart|p1: Alex Vi Britannia|move: Stealth Rock
|
|turn|2
|
|switch|p2a: Tentacruel|Tentacruel, F|363\/363
|move|p1a: Chandelure|Shadow Ball|p2a: Tentacruel
|-damage|p2a: Tentacruel|213\/363
|
|-heal|p2a: Tentacruel|235\/363|[from] item: Black Sludge
|turn|3
|
|switch|p1a: Ferrothorn|Ferrothorn, F|352\/352
|-damage|p1a: Ferrothorn|330\/352|[from] Stealth Rock
|move|p2a: Tentacruel|Toxic Spikes|p1a: Ferrothorn
|-sidestart|p1: Alex Vi Britannia|move: Toxic Spikes
|
|-heal|p2a: Tentacruel|257\/363|[from] item: Black Sludge
|turn|4
|
|switch|p2a: Heatran|Heatran, M|323\/323
|move|p1a: Ferrothorn|Thunder Wave|p2a: Heatran
|-status|p2a: Heatran|par
|
|turn|5
|
|switch|p1a: Starmie|Starmie|261\/261
|-damage|p1a: Starmie|229\/261|[from] Stealth Rock
|-status|p1a: Starmie|psn
|move|p2a: Heatran|Lava Plume|p1a: Starmie
|-resisted|p1a: Starmie
|-damage|p1a: Starmie|150\/261 psn
|
|-damage|p1a: Starmie|118\/261 psn|[from] psn
|turn|6
|
|move|p1a: Starmie|Rapid Spin|p2a: Heatran
|-resisted|p2a: Heatran
|-damage|p2a: Heatran|317\/323 par
|-sideend|p1: Alex Vi Britannia|Toxic Spikes|[from] move: Rapid Spin|[of] p1a: Starmie
|-sideend|p1: Alex Vi Britannia|Stealth Rock|[from] move: Rapid Spin|[of] p1a: Starmie
|-damage|p1a: Starmie|92\/261 psn|[from] item: Life Orb
|move|p2a: Heatran|Earth Power|p1a: Starmie
|-damage|p1a: Starmie|0 fnt
|faint|p1a: Starmie
|
|-heal|p2a: Heatran|323\/323 par|[from] item: Leftovers
|
|switch|p1a: Vaporeon|Vaporeon, F|464\/464
|turn|7
|
|move|p1a: Vaporeon|Scald|p2a: Heatran
|-supereffective|p2a: Heatran
|-damage|p2a: Heatran|125\/323 par
|move|p2a: Heatran|Stealth Rock|p1a: Vaporeon
|-sidestart|p1: Alex Vi Britannia|move: Stealth Rock
|
|-heal|p2a: Heatran|145\/323 par|[from] item: Leftovers
|turn|8
|
|switch|p2a: Clefable|Clefable, F|394\/394
|move|p1a: Vaporeon|Scald|p2a: Clefable
|-damage|p2a: Clefable|303\/394
|
|-heal|p2a: Clefable|327\/394|[from] item: Leftovers
|turn|9
|
|switch|p2a: Bisharp|Bisharp, M|271\/271
|move|p1a: Vaporeon|Scald|p2a: Bisharp
|-damage|p2a: Bisharp|187\/271
|-status|p2a: Bisharp|brn
|
|-damage|p2a: Bisharp|154\/271 brn|[from] brn
|turn|10
|
|switch|p1a: Ferrothorn|Ferrothorn, F|330\/352
|-damage|p1a: Ferrothorn|308\/352|[from] Stealth Rock
|move|p2a: Bisharp|Knock Off|p1a: Ferrothorn
|-damage|p1a: Ferrothorn|235\/352
|-damage|p2a: Bisharp|121\/271 brn|[from] ability: Iron Barbs|[of] p1a: Ferrothorn
|-damage|p2a: Bisharp|76\/271 brn|[from] item: Rocky Helmet|[of] p1a: Ferrothorn
|-enditem|p1a: Ferrothorn|Rocky Helmet|[from] move: Knock Off|[of] p2a: Bisharp
|
|-damage|p2a: Bisharp|43\/271 brn|[from] brn
|turn|11
|
|move|p2a: Bisharp|Knock Off|p1a: Ferrothorn
|-damage|p1a: Ferrothorn|187\/352
|-damage|p2a: Bisharp|10\/271 brn|[from] ability: Iron Barbs|[of] p1a: Ferrothorn
|move|p1a: Ferrothorn|Stealth Rock|p2a: Bisharp
|-sidestart|p2: GrimoireGod|move: Stealth Rock
|
|-damage|p2a: Bisharp|0 fnt|[from] brn
|faint|p2a: Bisharp
|
|switch|p2a: Skarmory|Skarmory, M|333\/333
|-damage|p2a: Skarmory|292\/333|[from] Stealth Rock
|turn|12
|
|move|p2a: Skarmory|Spikes|p1a: Ferrothorn
|-sidestart|p1: Alex Vi Britannia|Spikes
|move|p1a: Ferrothorn|Thunder Wave|p2a: Skarmory
|-status|p2a: Skarmory|par
|
|turn|13
|
|move|p1a: Ferrothorn|Leech Seed|p2a: Skarmory
|-start|p2a: Skarmory|move: Leech Seed
|move|p2a: Skarmory|Spikes|p1a: Ferrothorn
|-sidestart|p1: Alex Vi Britannia|Spikes
|
|-damage|p2a: Skarmory|251\/333 par|[from] Leech Seed|[of] p1a: Ferrothorn
|-heal|p1a: Ferrothorn|228\/352|[silent]
|turn|14
|
|move|p1a: Ferrothorn|Spikes|p2a: Skarmory
|-sidestart|p2: GrimoireGod|Spikes
|move|p2a: Skarmory|Spikes|p1a: Ferrothorn
|-sidestart|p1: Alex Vi Britannia|Spikes
|
|-damage|p2a: Skarmory|210\/333 par|[from] Leech Seed|[of] p1a: Ferrothorn
|-heal|p1a: Ferrothorn|269\/352|[silent]
|turn|15
|
|switch|p1a: Tyranitar|Tyranitar, F|403\/403
|-damage|p1a: Tyranitar|353\/403|[from] Stealth Rock
|-damage|p1a: Tyranitar|253\/403|[from] Spikes
|-weather|Sandstorm
|switch|p2a: Tentacruel|Tentacruel, F|257\/363
|-damage|p2a: Tentacruel|212\/363|[from] Spikes
|-damage|p2a: Tentacruel|167\/363|[from] Stealth Rock
|
|-weather|Sandstorm|[upkeep]
|-damage|p2a: Tentacruel|145\/363|[from] sandstorm
|-heal|p2a: Tentacruel|167\/363|[from] item: Black Sludge
|-heal|p1a: Tyranitar|278\/403|[from] item: Leftovers
|turn|16
|
|move|p2a: Tentacruel|Scald|p1a: Tyranitar
|-supereffective|p1a: Tyranitar
|-damage|p1a: Tyranitar|182\/403
|move|p1a: Tyranitar|Earthquake|p2a: Tentacruel
|-supereffective|p2a: Tentacruel
|-damage|p2a: Tentacruel|0 fnt
|faint|p2a: Tentacruel
|
|-weather|Sandstorm|[upkeep]
|-heal|p1a: Tyranitar|207\/403|[from] item: Leftovers
|
|switch|p2a: Clefable|Clefable, F|327\/394
|turn|17
|
|move|p1a: Tyranitar|Stone Edge|p2a: Clefable
|-damage|p2a: Clefable|104\/394
|move|p2a: Clefable|Wish|p2a: Clefable
|
|-weather|Sandstorm|[upkeep]
|-heal|p1a: Tyranitar|232\/403|[from] item: Leftovers
|-heal|p2a: Clefable|128\/394|[from] item: Leftovers
|turn|18
|
|switch|p2a: Skarmory|Skarmory, M|210\/333 par
|-damage|p2a: Skarmory|169\/333 par|[from] Stealth Rock
|move|p1a: Tyranitar|Stone Edge|p2a: Skarmory
|-damage|p2a: Skarmory|49\/333 par
|
|-weather|Sandstorm|[upkeep]
|-heal|p2a: Skarmory|246\/333 par|[from] move: Wish|[wisher] Clefable
|-heal|p1a: Tyranitar|257\/403|[from] item: Leftovers
|turn|19
|
|move|p1a: Tyranitar|Crunch|p2a: Skarmory
|-damage|p2a: Skarmory|158\/333 par
|move|p2a: Skarmory|Counter|p1a: Tyranitar
|-damage|p1a: Tyranitar|81\/403
|
|-weather|none
|-heal|p1a: Tyranitar|106\/403|[from] item: Leftovers
|turn|20
|
|switch|p1a: Ferrothorn|Ferrothorn, F|269\/352
|-damage|p1a: Ferrothorn|247\/352|[from] Stealth Rock
|-damage|p1a: Ferrothorn|159\/352|[from] Spikes
|move|p2a: Skarmory|Roost|p2a: Skarmory
|-heal|p2a: Skarmory|325\/333 par
|
|turn|21
|
|move|p1a: Ferrothorn|Spikes|p2a: Skarmory
|-sidestart|p2: GrimoireGod|Spikes
|move|p2a: Skarmory|Taunt|p1a: Ferrothorn
|-start|p1a: Ferrothorn|move: Taunt
|
|turn|22
|
|switch|p1a: Vaporeon|Vaporeon, F|464\/464
|-damage|p1a: Vaporeon|348\/464|[from] Spikes
|-damage|p1a: Vaporeon|290\/464|[from] Stealth Rock
|cant|p2a: Skarmory|par
|
|-heal|p1a: Vaporeon|319\/464|[from] item: Leftovers
|turn|23
|
|switch|p2a: Clefable|Clefable, F|128\/394
|move|p1a: Vaporeon|Wish|p1a: Vaporeon
|
|-heal|p1a: Vaporeon|348\/464|[from] item: Leftovers
|-heal|p2a: Clefable|152\/394|[from] item: Leftovers
|turn|24
|
|move|p2a: Clefable|Soft-Boiled|p2a: Clefable
|-heal|p2a: Clefable|349\/394
|move|p1a: Vaporeon|Roar|p2a: Clefable
|drag|p2a: Skarmory|Skarmory, M|325\/333 par
|-damage|p2a: Skarmory|284\/333 par|[from] Stealth Rock
|
|-heal|p1a: Vaporeon|464\/464|[from] move: Wish|[wisher] Vaporeon
|turn|25
|
|move|p1a: Vaporeon|Scald|p2a: Skarmory
|-damage|p2a: Skarmory|137\/333 par
|move|p2a: Skarmory|Taunt|p1a: Vaporeon
|-start|p1a: Vaporeon|move: Taunt
|
|turn|26
|
|switch|p2a: Clefable|Clefable, F|349\/394
|move|p1a: Vaporeon|Scald|p2a: Clefable
|-damage|p2a: Clefable|264\/394
|-status|p2a: Clefable|brn
|
|-heal|p2a: Clefable|288\/394 brn|[from] item: Leftovers
|turn|27
|
|move|p1a: Vaporeon|Scald|p2a: Clefable
|-crit|p2a: Clefable
|-damage|p2a: Clefable|161\/394 brn
|move|p2a: Clefable|Wish|p2a: Clefable
|
|-heal|p2a: Clefable|185\/394 brn|[from] item: Leftovers
|turn|28
|
|move|p1a: Vaporeon|Scald|p2a: Clefable
|-damage|p2a: Clefable|94\/394 brn
|move|p2a: Clefable|Moonblast|p1a: Vaporeon
|-damage|p1a: Vaporeon|346\/464
|
|-heal|p2a: Clefable|291\/394 brn|[from] move: Wish|[wisher] Clefable
|-heal|p1a: Vaporeon|375\/464|[from] item: Leftovers
|-heal|p2a: Clefable|315\/394 brn|[from] item: Leftovers
|-end|p1a: Vaporeon|move: Taunt
|turn|29
|
|move|p1a: Vaporeon|Wish|p1a: Vaporeon
|move|p2a: Clefable|Wish|p2a: Clefable
|
|-heal|p1a: Vaporeon|404\/464|[from] item: Leftovers
|-heal|p2a: Clefable|339\/394 brn|[from] item: Leftovers
|turn|30
|
|switch|p1a: Ferrothorn|Ferrothorn, F|159\/352
|-damage|p1a: Ferrothorn|71\/352|[from] Spikes
|-damage|p1a: Ferrothorn|49\/352|[from] Stealth Rock
|move|p2a: Clefable|Moonblast|p1a: Ferrothorn
|-resisted|p1a: Ferrothorn
|-damage|p1a: Ferrothorn|9\/352
|
|-heal|p1a: Ferrothorn|241\/352|[from] move: Wish|[wisher] Vaporeon
|-heal|p2a: Clefable|394\/394 brn|[from] move: Wish|[wisher] Clefable
|turn|31
|
|move|p2a: Clefable|Wish|p2a: Clefable
|move|p1a: Ferrothorn|Spikes|p2a: Clefable
|-sidestart|p2: GrimoireGod|Spikes
|
|turn|32
|
|switch|p2a: Heatran|Heatran, M|145\/323 par
|-damage|p2a: Heatran|105\/323 par|[from] Stealth Rock
|-damage|p2a: Heatran|25\/323 par|[from] Spikes
|move|p1a: Ferrothorn|Leech Seed|p2a: Heatran
|-start|p2a: Heatran|move: Leech Seed
|
|-heal|p2a: Heatran|222\/323 par|[from] move: Wish|[wisher] Clefable
|-heal|p2a: Heatran|242\/323 par|[from] item: Leftovers
|-damage|p2a: Heatran|202\/323 par|[from] Leech Seed|[of] p1a: Ferrothorn
|-heal|p1a: Ferrothorn|281\/352|[silent]
|turn|33
|
|switch|p1a: Vaporeon|Vaporeon, F|404\/464
|-damage|p1a: Vaporeon|346\/464|[from] Stealth Rock
|-damage|p1a: Vaporeon|230\/464|[from] Spikes
|move|p2a: Heatran|Earth Power|p1a: Vaporeon
|-damage|p1a: Vaporeon|126\/464
|-unboost|p1a: Vaporeon|spd|1
|
|-heal|p1a: Vaporeon|155\/464|[from] item: Leftovers
|-heal|p2a: Heatran|222\/323 par|[from] item: Leftovers
|-damage|p2a: Heatran|182\/323 par|[from] Leech Seed|[of] p1a: Vaporeon
|-heal|p1a: Vaporeon|195\/464|[silent]
|turn|34
|
|switch|p2a: Latias|Latias, F|363\/363
|-damage|p2a: Latias|318\/363|[from] Stealth Rock
|move|p1a: Vaporeon|Wish|p1a: Vaporeon
|
|-heal|p1a: Vaporeon|224\/464|[from] item: Leftovers
|turn|35
|
|detailschange|p2a: Latias|Latias-Mega, F
|-mega|p2a: Latias|Latias|Latiasite
|move|p1a: Vaporeon|Protect|p1a: Vaporeon
|-singleturn|p1a: Vaporeon|Protect
|move|p2a: Latias|Substitute|p2a: Latias
|-start|p2a: Latias|Substitute
|-damage|p2a: Latias|228\/363
|
|-heal|p1a: Vaporeon|456\/464|[from] move: Wish|[wisher] Vaporeon
|-heal|p1a: Vaporeon|464\/464|[from] item: Leftovers
|turn|36
|
|move|p2a: Latias|Roost|p2a: Latias
|-heal|p2a: Latias|363\/363
|move|p1a: Vaporeon|Roar|p2a: Latias
|drag|p2a: Clefable|Clefable, F|394\/394 brn
|
|turn|37
|
|move|p2a: Clefable|Wish|p2a: Clefable
|move|p1a: Vaporeon|Roar|p2a: Clefable
|drag|p2a: Skarmory|Skarmory, M|137\/333 par
|-damage|p2a: Skarmory|96\/333 par|[from] Stealth Rock
|
|turn|38
|
|move|p1a: Vaporeon|Scald|p2a: Skarmory
|-damage|p2a: Skarmory|0 fnt
|faint|p2a: Skarmory
|
|
|switch|p2a: Latias|Latias-Mega, F|363\/363
|-damage|p2a: Latias|318\/363|[from] Stealth Rock
|turn|39
|
|switch|p1a: Tyranitar|Tyranitar, F|106\/403
|-damage|p1a: Tyranitar|56\/403|[from] Stealth Rock
|-damage|p1a: Tyranitar|0 fnt|[from] Spikes
|faint|p1a: Tyranitar
|move|p2a: Latias|Calm Mind|p2a: Latias
|-boost|p2a: Latias|spa|1
|-boost|p2a: Latias|spd|1
|
|
|switch|p1a: Vaporeon|Vaporeon, F|464\/464
|-damage|p1a: Vaporeon|348\/464|[from] Spikes
|-damage|p1a: Vaporeon|290\/464|[from] Stealth Rock
|turn|40
|
|move|p2a: Latias|Stored Power|p1a: Vaporeon
|-damage|p1a: Vaporeon|148\/464
|move|p1a: Vaporeon|Roar|p2a: Latias
|drag|p2a: Clefable|Clefable, F|394\/394 brn
|
|-heal|p1a: Vaporeon|177\/464|[from] item: Leftovers
|turn|41
|
|move|p1a: Vaporeon|Wish|p1a: Vaporeon
|move|p2a: Clefable|Moonblast|p1a: Vaporeon
|-damage|p1a: Vaporeon|65\/464
|
|-heal|p1a: Vaporeon|94\/464|[from] item: Leftovers
|turn|42
|
|move|p1a: Vaporeon|Protect|p1a: Vaporeon
|-singleturn|p1a: Vaporeon|Protect
|move|p2a: Clefable|Wish|p2a: Clefable
|
|-heal|p1a: Vaporeon|326\/464|[from] move: Wish|[wisher] Vaporeon
|-heal|p1a: Vaporeon|355\/464|[from] item: Leftovers
|turn|43
|
|switch|p2a: Latias|Latias-Mega, F|318\/363
|-damage|p2a: Latias|273\/363|[from] Stealth Rock
|move|p1a: Vaporeon|Roar|p2a: Latias
|drag|p2a: Clefable|Clefable, F|394\/394 brn
|
|-heal|p1a: Vaporeon|384\/464|[from] item: Leftovers
|turn|44
|
|move|p1a: Vaporeon|Wish|p1a: Vaporeon
|move|p2a: Clefable|Wish|p2a: Clefable
|
|-heal|p1a: Vaporeon|413\/464|[from] item: Leftovers
|turn|45
|
|move|p1a: Vaporeon|Scald|p2a: Clefable
|-damage|p2a: Clefable|304\/394 brn
|move|p2a: Clefable|Moonblast|p1a: Vaporeon
|-damage|p1a: Vaporeon|301\/464
|
|-heal|p2a: Clefable|394\/394 brn|[from] move: Wish|[wisher] Clefable
|-heal|p1a: Vaporeon|464\/464|[from] move: Wish|[wisher] Vaporeon
|turn|46
|
|switch|p1a: Scizor|Scizor, F|343\/343
|-damage|p1a: Scizor|301\/343|[from] Stealth Rock
|-damage|p1a: Scizor|216\/343|[from] Spikes
|move|p2a: Clefable|Wish|p2a: Clefable
|
|turn|47
|
|switch|p2a: Heatran|Heatran, M|182\/323 par
|-damage|p2a: Heatran|102\/323 par|[from] Spikes
|-damage|p2a: Heatran|62\/323 par|[from] Stealth Rock
|detailschange|p1a: Scizor|Scizor-Mega, F
|-mega|p1a: Scizor|Scizor|Scizorite
|move|p1a: Scizor|Bullet Punch|p2a: Heatran
|-resisted|p2a: Heatran
|-damage|p2a: Heatran|28\/323 par
|
|-heal|p2a: Heatran|225\/323 par|[from] move: Wish|[wisher] Clefable
|-heal|p2a: Heatran|245\/323 par|[from] item: Leftovers
|turn|48
|
|switch|p1a: Vaporeon|Vaporeon, F|464\/464
|-damage|p1a: Vaporeon|348\/464|[from] Spikes
|-damage|p1a: Vaporeon|290\/464|[from] Stealth Rock
|move|p2a: Heatran|Taunt|p1a: Vaporeon
|-start|p1a: Vaporeon|move: Taunt
|
|-heal|p1a: Vaporeon|319\/464|[from] item: Leftovers
|-heal|p2a: Heatran|265\/323 par|[from] item: Leftovers
|turn|49
|
|switch|p2a: Latias|Latias-Mega, F|273\/363
|-damage|p2a: Latias|228\/363|[from] Stealth Rock
|move|p1a: Vaporeon|Scald|p2a: Latias
|-resisted|p2a: Latias
|-damage|p2a: Latias|195\/363
|-status|p2a: Latias|brn
|
|-heal|p1a: Vaporeon|348\/464|[from] item: Leftovers
|-damage|p2a: Latias|150\/363 brn|[from] brn
|turn|50
|
|switch|p1a: Ferrothorn|Ferrothorn, F|281\/352
|-damage|p1a: Ferrothorn|259\/352|[from] Stealth Rock
|-damage|p1a: Ferrothorn|171\/352|[from] Spikes
|move|p2a: Latias|Calm Mind|p2a: Latias
|-boost|p2a: Latias|spa|1
|-boost|p2a: Latias|spd|1
|
|-damage|p2a: Latias|105\/363 brn|[from] brn
|turn|51
|
|move|p2a: Latias|Roost|p2a: Latias
|-heal|p2a: Latias|287\/363 brn
|move|p1a: Ferrothorn|Leech Seed|p2a: Latias
|-start|p2a: Latias|move: Leech Seed
|
|-damage|p2a: Latias|242\/363 brn|[from] Leech Seed|[of] p1a: Ferrothorn
|-heal|p1a: Ferrothorn|216\/352|[silent]
|-damage|p2a: Latias|197\/363 brn|[from] brn
|turn|52
|
|move|p2a: Latias|Calm Mind|p2a: Latias
|-boost|p2a: Latias|spa|1
|-boost|p2a: Latias|spd|1
|move|p1a: Ferrothorn|Leech Seed|p2a: Latias
|-fail|p2a: Latias
|
|-damage|p2a: Latias|152\/363 brn|[from] Leech Seed|[of] p1a: Ferrothorn
|-heal|p1a: Ferrothorn|261\/352|[silent]
|-damage|p2a: Latias|107\/363 brn|[from] brn
|turn|53
|
|switch|p1a: Scizor|Scizor-Mega, F|216\/343
|-damage|p1a: Scizor|131\/343|[from] Spikes
|-damage|p1a: Scizor|89\/343|[from] Stealth Rock
|move|p2a: Latias|Roost|p2a: Latias
|-heal|p2a: Latias|289\/363 brn
|
|-damage|p2a: Latias|244\/363 brn|[from] Leech Seed|[of] p1a: Scizor
|-heal|p1a: Scizor|134\/343|[silent]
|-damage|p2a: Latias|199\/363 brn|[from] brn
|turn|54
|
|move|p1a: Scizor|Bullet Punch|p2a: Latias
|-damage|p2a: Latias|111\/363 brn
|move|p2a: Latias|Stored Power|p1a: Scizor
|-resisted|p1a: Scizor
|-damage|p1a: Scizor|0 fnt
|faint|p1a: Scizor
|
|-damage|p2a: Latias|66\/363 brn|[from] brn
|
|switch|p1a: Vaporeon|Vaporeon, F|348\/464
|-damage|p1a: Vaporeon|290\/464|[from] Stealth Rock
|-damage|p1a: Vaporeon|174\/464|[from] Spikes
|turn|55
|
|move|p1a: Vaporeon|Protect|p1a: Vaporeon
|-singleturn|p1a: Vaporeon|Protect
|move|p2a: Latias|Roost|p2a: Latias
|-heal|p2a: Latias|248\/363 brn
|
|-heal|p1a: Vaporeon|203\/464|[from] item: Leftovers
|-damage|p2a: Latias|203\/363 brn|[from] Leech Seed|[of] p1a: Vaporeon
|-heal|p1a: Vaporeon|248\/464|[silent]
|-damage|p2a: Latias|158\/363 brn|[from] brn
|turn|56
|
|move|p2a: Latias|Stored Power|p1a: Vaporeon
|-damage|p1a: Vaporeon|0 fnt
|faint|p1a: Vaporeon
|
|-damage|p2a: Latias|113\/363 brn|[from] brn
|
|switch|p1a: Chandelure|Chandelure, M|262\/262
|-damage|p1a: Chandelure|197\/262|[from] Spikes
|-damage|p1a: Chandelure|132\/262|[from] Stealth Rock
|turn|57
|
|move|p2a: Latias|Stored Power|p1a: Chandelure
|-damage|p1a: Chandelure|0 fnt
|faint|p1a: Chandelure
|
|-damage|p2a: Latias|68\/363 brn|[from] brn
|
|switch|p1a: Ferrothorn|Ferrothorn, F|261\/352
|-damage|p1a: Ferrothorn|239\/352|[from] Stealth Rock
|-damage|p1a: Ferrothorn|151\/352|[from] Spikes
|turn|58
|
|move|p2a: Latias|Roost|p2a: Latias
|-heal|p2a: Latias|250\/363 brn
|move|p1a: Ferrothorn|Thunder Wave|p2a: Latias
|-fail|p2a: Latias
|
|-damage|p2a: Latias|205\/363 brn|[from] Leech Seed|[of] p1a: Ferrothorn
|-heal|p1a: Ferrothorn|196\/352|[silent]
|-damage|p2a: Latias|160\/363 brn|[from] brn
|turn|59
|
|move|p2a: Latias|Stored Power|p1a: Ferrothorn
|-resisted|p1a: Ferrothorn
|-damage|p1a: Ferrothorn|94\/352
|move|p1a: Ferrothorn|Thunder Wave|p2a: Latias
|-fail|p2a: Latias
|
|-damage|p2a: Latias|115\/363 brn|[from] Leech Seed|[of] p1a: Ferrothorn
|-heal|p1a: Ferrothorn|139\/352|[silent]
|-damage|p2a: Latias|70\/363 brn|[from] brn
|turn|60
|
|move|p2a: Latias|Roost|p2a: Latias
|-heal|p2a: Latias|252\/363 brn
|move|p1a: Ferrothorn|Thunder Wave|p2a: Latias
|-fail|p2a: Latias
|
|-damage|p2a: Latias|207\/363 brn|[from] Leech Seed|[of] p1a: Ferrothorn
|-heal|p1a: Ferrothorn|184\/352|[silent]
|-damage|p2a: Latias|162\/363 brn|[from] brn
|turn|61
|c|âGrimoireGod|Please forfeit lol, I don't want this to take ages
|c|âGrimoireGod|I have practically won already
|
|move|p2a: Latias|Roost|p2a: Latias
|-heal|p2a: Latias|344\/363 brn
|move|p1a: Ferrothorn|Thunder Wave|p2a: Latias
|-fail|p2a: Latias
|
|-damage|p2a: Latias|299\/363 brn|[from] Leech Seed|[of] p1a: Ferrothorn
|-heal|p1a: Ferrothorn|229\/352|[silent]
|-damage|p2a: Latias|254\/363 brn|[from] brn
|turn|62
|
|move|p2a: Latias|Calm Mind|p2a: Latias
|-boost|p2a: Latias|spa|1
|-boost|p2a: Latias|spd|1
|move|p1a: Ferrothorn|Thunder Wave|p2a: Latias
|-fail|p2a: Latias
|
|-damage|p2a: Latias|209\/363 brn|[from] Leech Seed|[of] p1a: Ferrothorn
|-heal|p1a: Ferrothorn|274\/352|[silent]
|-damage|p2a: Latias|164\/363 brn|[from] brn
|turn|63
|
|move|p2a: Latias|Roost|p2a: Latias
|-heal|p2a: Latias|346\/363 brn
|move|p1a: Ferrothorn|Thunder Wave|p2a: Latias
|-fail|p2a: Latias
|
|-damage|p2a: Latias|301\/363 brn|[from] Leech Seed|[of] p1a: Ferrothorn
|-heal|p1a: Ferrothorn|319\/352|[silent]
|-damage|p2a: Latias|256\/363 brn|[from] brn
|turn|64
|
|move|p2a: Latias|Calm Mind|p2a: Latias
|-boost|p2a: Latias|spa|1
|-boost|p2a: Latias|spd|1
|move|p1a: Ferrothorn|Thunder Wave|p2a: Latias
|-fail|p2a: Latias
|
|-damage|p2a: Latias|211\/363 brn|[from] Leech Seed|[of] p1a: Ferrothorn
|-heal|p1a: Ferrothorn|352\/352|[silent]
|-damage|p2a: Latias|166\/363 brn|[from] brn
|turn|65
|
|move|p2a: Latias|Roost|p2a: Latias
|-heal|p2a: Latias|348\/363 brn
|move|p1a: Ferrothorn|Thunder Wave|p2a: Latias
|-fail|p2a: Latias
|
|-damage|p2a: Latias|303\/363 brn|[from] Leech Seed|[of] p1a: Ferrothorn
|-damage|p2a: Latias|258\/363 brn|[from] brn
|turn|66
|
|move|p2a: Latias|Calm Mind|p2a: Latias
|-boost|p2a: Latias|spa|1
|-boost|p2a: Latias|spd|1
|move|p1a: Ferrothorn|Thunder Wave|p2a: Latias
|-fail|p2a: Latias
|
|-damage|p2a: Latias|213\/363 brn|[from] Leech Seed|[of] p1a: Ferrothorn
|-damage|p2a: Latias|168\/363 brn|[from] brn
|turn|67
|
|move|p2a: Latias|Roost|p2a: Latias
|-heal|p2a: Latias|350\/363 brn
|move|p1a: Ferrothorn|Thunder Wave|p2a: Latias
|-fail|p2a: Latias
|
|-damage|p2a: Latias|305\/363 brn|[from] Leech Seed|[of] p1a: Ferrothorn
|-damage|p2a: Latias|260\/363 brn|[from] brn
|turn|68
|
|move|p2a: Latias|Calm Mind|p2a: Latias
|-boost|p2a: Latias|spa|1
|-boost|p2a: Latias|spd|1
|move|p1a: Ferrothorn|Thunder Wave|p2a: Latias
|-fail|p2a: Latias
|
|-damage|p2a: Latias|215\/363 brn|[from] Leech Seed|[of] p1a: Ferrothorn
|-damage|p2a: Latias|170\/363 brn|[from] brn
|turn|69
|
|move|p2a: Latias|Roost|p2a: Latias
|-heal|p2a: Latias|352\/363 brn
|move|p1a: Ferrothorn|Thunder Wave|p2a: Latias
|-fail|p2a: Latias
|
|-damage|p2a: Latias|307\/363 brn|[from] Leech Seed|[of] p1a: Ferrothorn
|-damage|p2a: Latias|262\/363 brn|[from] brn
|turn|70
|
|move|p2a: Latias|Stored Power|p1a: Ferrothorn
|-resisted|p1a: Ferrothorn
|-damage|p1a: Ferrothorn|0 fnt
|faint|p1a: Ferrothorn
|
|win|GrimoireGod
|raw|Ladder updating...
|raw|Alex Vi Britannia's rating: 1362 &rarr; <strong>1348<\/strong><br \/>(-14 for losing)
|raw|GrimoireGod's rating: 1462 &rarr; <strong>1477<\/strong><br \/>(+15 for winning)
|c|âGrimoireGod|gg
|leave|Alex Vi Britannia
|player|p1