|join|GrimoireGod
|join|Merry Jewmas
|player|p1|GrimoireGod|73
|player|p2|Merry Jewmas|#cpgtan
|gametype|singles
|gen|6
|tier|OU (suspect test)
|rated
|clearpoke
|poke|p1|Gallade, M
|poke|p1|Bisharp, F
|poke|p1|Sylveon, M
|poke|p1|Keldeo
|poke|p1|Klefki, F
|poke|p1|Heatran, M
|poke|p2|Diggersby, F
|poke|p2|Sableye, M
|poke|p2|Ferrothorn, F
|poke|p2|Azumarill, F
|poke|p2|Gengar, M
|poke|p2|Heatran, M
|rule|Swagger Clause: Swagger is banned
|rule|Baton Pass Clause: Limit one PokÃ©mon knowing Baton Pass
|rule|Sleep Clause Mod: Limit one foe put to sleep
|rule|Species Clause: Limit one of each PokÃ©mon
|rule|OHKO Clause: OHKO moves are banned
|rule|Moody Clause: Moody is banned
|rule|Evasion Moves Clause: Evasion moves are banned
|rule|Endless Battle Clause: Forcing endless battles is banned
|rule|HP Percentage Mod: HP is shown in percentages
|teampreview
|
|start
|switch|p1a: Klefki|Klefki, F|318\/318
|switch|p2a: HNNNNNNNNG|Azumarill, F|377\/377
|turn|1
|
|move|p1a: Klefki|Thunder Wave|p2a: HNNNNNNNNG
|-status|p2a: HNNNNNNNNG|par
|move|p2a: HNNNNNNNNG|Waterfall|p1a: Klefki
|-damage|p1a: Klefki|93\/318
|
|-heal|p1a: Klefki|112\/318|[from] item: Leftovers
|turn|2
|
|move|p1a: Klefki|Spikes|p2a: HNNNNNNNNG
|-sidestart|p2: Merry Jewmas|Spikes
|cant|p2a: HNNNNNNNNG|par
|
|-heal|p1a: Klefki|131\/318|[from] item: Leftovers
|turn|3
|
|move|p1a: Klefki|Spikes|p2a: HNNNNNNNNG
|-sidestart|p2: Merry Jewmas|Spikes
|cant|p2a: HNNNNNNNNG|par
|
|-heal|p1a: Klefki|150\/318|[from] item: Leftovers
|turn|4
|c|âMerry Jewmas|disgusting
|
|move|p1a: Klefki|Spikes|p2a: HNNNNNNNNG
|-sidestart|p2: Merry Jewmas|Spikes
|cant|p2a: HNNNNNNNNG|par
|
|-heal|p1a: Klefki|169\/318|[from] item: Leftovers
|turn|5
|c|âMerry Jewmas|fucking really
|
|move|p1a: Klefki|Play Rough|p2a: HNNNNNNNNG
|-damage|p2a: HNNNNNNNNG|275\/377 par
|move|p2a: HNNNNNNNNG|Waterfall|p1a: Klefki
|-damage|p1a: Klefki|0 fnt
|faint|p1a: Klefki
|
|
|switch|p1a: Sylveon|Sylveon, M|372\/372
|turn|6
|
|switch|p2a: TRIPLE CHARIZARD|Heatran, M|385\/385
|-item|p2a: TRIPLE CHARIZARD|Air Balloon
|move|p1a: Sylveon|Hyper Voice|p2a: TRIPLE CHARIZARD
|-resisted|p2a: TRIPLE CHARIZARD
|-damage|p2a: TRIPLE CHARIZARD|310\/385
|-enditem|p2a: TRIPLE CHARIZARD|Air Balloon
|
|turn|7
|
|switch|p1a: Heatran|Heatran, M|324\/324
|-item|p1a: Heatran|Air Balloon
|move|p2a: TRIPLE CHARIZARD|Stealth Rock|p1a: Heatran
|-sidestart|p1: GrimoireGod|move: Stealth Rock
|
|turn|8
|
|move|p2a: TRIPLE CHARIZARD|Flash Cannon|p1a: Heatran
|-resisted|p1a: Heatran
|-damage|p1a: Heatran|297\/324
|-enditem|p1a: Heatran|Air Balloon
|move|p1a: Heatran|Earth Power|p2a: TRIPLE CHARIZARD
|-crit|p2a: TRIPLE CHARIZARD
|-supereffective|p2a: TRIPLE CHARIZARD
|-damage|p2a: TRIPLE CHARIZARD|0 fnt
|faint|p2a: TRIPLE CHARIZARD
|
|
|switch|p2a: SHIZZ 2 DA SIXX|Diggersby, F|311\/311
|-damage|p2a: SHIZZ 2 DA SIXX|234\/311|[from] Spikes
|turn|9
|
|move|p2a: SHIZZ 2 DA SIXX|Earthquake|p1a: Heatran
|-supereffective|p1a: Heatran
|-damage|p1a: Heatran|0 fnt
|-damage|p2a: SHIZZ 2 DA SIXX|203\/311|[from] item: Life Orb
|faint|p1a: Heatran
|
|
|switch|p1a: Keldeo|Keldeo|323\/323
|-damage|p1a: Keldeo|303\/323|[from] Stealth Rock
|turn|10
|
|switch|p2a: TAMALE|Ferrothorn, F|349\/349
|-damage|p2a: TAMALE|262\/349|[from] Spikes
|move|p1a: Keldeo|Secret Sword|p2a: TAMALE
|-supereffective|p2a: TAMALE
|-damage|p2a: TAMALE|74\/349
|
|-heal|p1a: Keldeo|323\/323|[from] item: Leftovers
|-heal|p2a: TAMALE|95\/349|[from] item: Leftovers
|turn|11
|
|switch|p2a: CALL ME SHOFU|Gengar, M|261\/261
|move|p1a: Keldeo|Substitute|p1a: Keldeo
|-start|p1a: Keldeo|Substitute
|-damage|p1a: Keldeo|243\/323
|
|-heal|p1a: Keldeo|263\/323|[from] item: Leftovers
|turn|12
|
|move|p2a: CALL ME SHOFU|Shadow Ball|p1a: Keldeo
|-end|p1a: Keldeo|Substitute
|-damage|p2a: CALL ME SHOFU|235\/261|[from] item: Life Orb
|move|p1a: Keldeo|Calm Mind|p1a: Keldeo
|-boost|p1a: Keldeo|spa|1
|-boost|p1a: Keldeo|spd|1
|
|-heal|p1a: Keldeo|283\/323|[from] item: Leftovers
|turn|13
|
|move|p2a: CALL ME SHOFU|Destiny Bond|p2a: CALL ME SHOFU
|-singlemove|p2a: CALL ME SHOFU|Destiny Bond
|move|p1a: Keldeo|Scald|p2a: CALL ME SHOFU
|-damage|p2a: CALL ME SHOFU|0 fnt
|faint|p2a: CALL ME SHOFU
|-activate|p2a: CALL ME SHOFU|Destiny Bond
|faint|p1a: Keldeo
|
|
|switch|p1a: Bisharp|Bisharp, F|272\/272
|switch|p2a: TAMALE|Ferrothorn, F|95\/349
|-damage|p1a: Bisharp|255\/272|[from] Stealth Rock
|-damage|p2a: TAMALE|8\/349|[from] Spikes
|turn|14
|
|move|p1a: Bisharp|Iron Head|p2a: TAMALE
|-resisted|p2a: TAMALE
|-damage|p2a: TAMALE|0 fnt
|-damage|p1a: Bisharp|221\/272|[from] ability: Iron Barbs|[of] p2a: TAMALE
|-damage|p1a: Bisharp|194\/272|[from] item: Life Orb
|faint|p2a: TAMALE
|
|
|switch|p2a: NEZMCNEZZA|Sableye, M|302\/302
|-damage|p2a: NEZMCNEZZA|227\/302|[from] Spikes
|turn|15
|
|move|p2a: NEZMCNEZZA|Will-O-Wisp|p1a: Bisharp|[miss]
|-miss|p2a: NEZMCNEZZA|p1a: Bisharp
|move|p1a: Bisharp|Iron Head|p2a: NEZMCNEZZA
|-damage|p2a: NEZMCNEZZA|42\/302
|-damage|p1a: Bisharp|167\/272|[from] item: Life Orb
|
|turn|16
|c|âMerry Jewmas|omfg
|
|switch|p1a: Sylveon|Sylveon, M|372\/372
|-damage|p1a: Sylveon|326\/372|[from] Stealth Rock
|detailschange|p2a: NEZMCNEZZA|Sableye-Mega, M
|-mega|p2a: NEZMCNEZZA|Sableye|Sablenite
|move|p2a: NEZMCNEZZA|Recover|p2a: NEZMCNEZZA
|-heal|p2a: NEZMCNEZZA|193\/302
|
|turn|17
|
|move|p1a: Sylveon|Hyper Voice|p2a: NEZMCNEZZA
|-supereffective|p2a: NEZMCNEZZA
|-damage|p2a: NEZMCNEZZA|0 fnt
|faint|p2a: NEZMCNEZZA
|
|
|switch|p2a: SHIZZ 2 DA SIXX|Diggersby, F|203\/311
|-damage|p2a: SHIZZ 2 DA SIXX|126\/311|[from] Spikes
|turn|18
|
|move|p2a: SHIZZ 2 DA SIXX|Earthquake|p1a: Sylveon
|-crit|p1a: Sylveon
|-damage|p1a: Sylveon|0 fnt
|-damage|p2a: SHIZZ 2 DA SIXX|95\/311|[from] item: Life Orb
|faint|p1a: Sylveon
|
|
|switch|p1a: Gallade|Gallade, M|278\/278
|-damage|p1a: Gallade|261\/278|[from] Stealth Rock
|turn|19
|
|detailschange|p1a: Gallade|Gallade-Mega, M
|-mega|p1a: Gallade|Gallade|Galladite
|move|p2a: SHIZZ 2 DA SIXX|Quick Attack|p1a: Gallade
|-damage|p1a: Gallade|156\/278
|-damage|p2a: SHIZZ 2 DA SIXX|64\/311|[from] item: Life Orb
|move|p1a: Gallade|Knock Off|p2a: SHIZZ 2 DA SIXX
|-damage|p2a: SHIZZ 2 DA SIXX|0 fnt
|-enditem|p2a: SHIZZ 2 DA SIXX|Life Orb|[from] move: Knock Off|[of] p1a: Gallade
|faint|p2a: SHIZZ 2 DA SIXX
|
|
|switch|p2a: HNNNNNNNNG|Azumarill, F|275\/377 par
|-damage|p2a: HNNNNNNNNG|181\/377 par|[from] Spikes
|turn|20
|
|cant|p2a: HNNNNNNNNG|par
|move|p1a: Gallade|Zen Headbutt|p2a: HNNNNNNNNG
|-damage|p2a: HNNNNNNNNG|16\/377 par
|
|turn|21
|
|move|p2a: HNNNNNNNNG|Aqua Jet|p1a: Gallade
|-damage|p1a: Gallade|29\/278
|move|p1a: Gallade|Close Combat|p2a: HNNNNNNNNG
|-resisted|p2a: HNNNNNNNNG
|-damage|p2a: HNNNNNNNNG|0 fnt
|-unboost|p1a: Gallade|def|1
|-unboost|p1a: Gallade|spd|1
|faint|p2a: HNNNNNNNNG
|
|win|GrimoireGod
|raw|Ladder updating...
|raw|GrimoireGod's rating: 1498 &rarr; <strong>1521<\/strong><br \/>(+23 for winning)
|raw|Merry Jewmas's rating: 1553 &rarr; <strong>1530<\/strong><br \/>(-23 for losing)