|join|GrimoireGod
|join|newbishop
|player|p1|GrimoireGod|73
|player|p2|newbishop|265
|gametype|singles
|gen|6
|tier|OU (suspect test)
|rated
|clearpoke
|poke|p1|Victini
|poke|p1|Landorus-Therian, M
|poke|p1|Toxicroak, F
|poke|p1|Gardevoir, F
|poke|p1|Tornadus-Therian, M
|poke|p1|Keldeo-Resolute
|poke|p2|Lopunny, F
|poke|p2|Tyranitar, F
|poke|p2|Latias, F
|poke|p2|Landorus-Therian, M
|poke|p2|Ferrothorn, M
|poke|p2|Rotom-Wash
|rule|Swagger Clause: Swagger is banned
|rule|Baton Pass Clause: Limit one PokÃ©mon knowing Baton Pass
|rule|Sleep Clause Mod: Limit one foe put to sleep
|rule|Species Clause: Limit one of each PokÃ©mon
|rule|OHKO Clause: OHKO moves are banned
|rule|Moody Clause: Moody is banned
|rule|Evasion Moves Clause: Evasion moves are banned
|rule|Endless Battle Clause: Forcing endless battles is banned
|rule|HP Percentage Mod: HP is shown in percentages
|teampreview
|
|start
|switch|p1a: Keldeo-Resolute|Keldeo-Resolute|323\/323
|switch|p2a: Landorus-Therian|Landorus-Therian, M|382\/382
|-ability|p2a: Landorus-Therian|Intimidate|[of] p1a: Keldeo-Resolute
|-unboost|p1a: Keldeo-Resolute|atk|1
|turn|1
|
|switch|p2a: Rotom-Wash|Rotom-Wash|304\/304
|move|p1a: Keldeo-Resolute|Hidden Power|p2a: Rotom-Wash
|-damage|p2a: Rotom-Wash|195\/304
|
|-heal|p2a: Rotom-Wash|214\/304|[from] item: Leftovers
|turn|2
|
|switch|p1a: Gardevoir|Gardevoir, F|277\/277
|-ability|p1a: Gardevoir|Levitate|[from] ability: Trace|[of] p2a: Rotom-Wash
|move|p2a: Rotom-Wash|Will-O-Wisp|p1a: Gardevoir
|-status|p1a: Gardevoir|brn
|
|-heal|p2a: Rotom-Wash|233\/304|[from] item: Leftovers
|-damage|p1a: Gardevoir|243\/277 brn|[from] brn
|turn|3
|
|detailschange|p1a: Gardevoir|Gardevoir-Mega, F
|-mega|p1a: Gardevoir|Gardevoir|Gardevoirite
|move|p1a: Gardevoir|Hyper Voice|p2a: Rotom-Wash
|-damage|p2a: Rotom-Wash|0 fnt
|faint|p2a: Rotom-Wash
|
|-damage|p1a: Gardevoir|209\/277 brn|[from] brn
|
|switch|p2a: Lopunny|Lopunny, F|271\/271
|turn|4
|
|switch|p1a: Landorus-Therian|Landorus-Therian, M|381\/381
|-ability|p1a: Landorus-Therian|Intimidate|[of] p2a: Lopunny
|-unboost|p2a: Lopunny|atk|1
|detailschange|p2a: Lopunny|Lopunny-Mega, F
|-mega|p2a: Lopunny|Lopunny|Lopunnite
|move|p2a: Lopunny|Fake Out|p1a: Landorus-Therian
|-damage|p1a: Landorus-Therian|342\/381
|
|-heal|p1a: Landorus-Therian|365\/381|[from] item: Leftovers
|turn|5
|
|move|p2a: Lopunny|Toxic|p1a: Landorus-Therian
|-status|p1a: Landorus-Therian|tox
|move|p1a: Landorus-Therian|Earthquake|p2a: Lopunny
|-damage|p2a: Lopunny|85\/271
|
|-heal|p1a: Landorus-Therian|381\/381 tox|[from] item: Leftovers
|-damage|p1a: Landorus-Therian|358\/381 tox|[from] psn
|turn|6
|
|switch|p2a: Latias|Latias, F|301\/301
|move|p1a: Landorus-Therian|U-turn|p2a: Latias
|-supereffective|p2a: Latias
|-damage|p2a: Latias|145\/301
|
|switch|p1a: Tornadus-Therian|Tornadus-Therian, M|332\/332
|
|-heal|p2a: Latias|163\/301|[from] item: Leftovers
|turn|7
|
|switch|p2a: Landorus-Therian|Landorus-Therian, M|382\/382
|-ability|p2a: Landorus-Therian|Intimidate|[of] p1a: Tornadus-Therian
|-unboost|p1a: Tornadus-Therian|atk|1
|move|p1a: Tornadus-Therian|Knock Off|p2a: Landorus-Therian
|-damage|p2a: Landorus-Therian|345\/382
|-enditem|p2a: Landorus-Therian|Leftovers|[from] move: Knock Off|[of] p1a: Tornadus-Therian
|
|turn|8
|
|move|p1a: Tornadus-Therian|U-turn|p2a: Landorus-Therian
|-resisted|p2a: Landorus-Therian
|-damage|p2a: Landorus-Therian|333\/382
|
|switch|p1a: Keldeo-Resolute|Keldeo-Resolute|323\/323
|move|p2a: Landorus-Therian|Stealth Rock|p1a: Keldeo-Resolute
|-sidestart|p1: GrimoireGod|move: Stealth Rock
|
|turn|9
|
|switch|p2a: Ferrothorn|Ferrothorn, M|352\/352
|move|p1a: Keldeo-Resolute|Scald|p2a: Ferrothorn
|-resisted|p2a: Ferrothorn
|-damage|p2a: Ferrothorn|266\/352
|
|turn|10
|
|switch|p1a: Victini|Victini|341\/341
|-damage|p1a: Victini|256\/341|[from] Stealth Rock
|move|p2a: Ferrothorn|Leech Seed|p1a: Victini
|-start|p1a: Victini|move: Leech Seed
|
|-damage|p1a: Victini|214\/341|[from] Leech Seed|[of] p2a: Ferrothorn
|-heal|p2a: Ferrothorn|308\/352|[silent]
|turn|11
|
|move|p2a: Ferrothorn|Protect|p2a: Ferrothorn
|-singleturn|p2a: Ferrothorn|Protect
|move|p1a: Victini|V-create|p2a: Ferrothorn
|-activate|p2a: Ferrothorn|Protect
|
|-damage|p1a: Victini|172\/341|[from] Leech Seed|[of] p2a: Ferrothorn
|-heal|p2a: Ferrothorn|350\/352|[silent]
|turn|12
|
|switch|p1a: Toxicroak|Toxicroak, F|307\/307
|-damage|p1a: Toxicroak|288\/307|[from] Stealth Rock
|switch|p2a: Tyranitar|Tyranitar, F|341\/341
|-weather|Sandstorm
|
|-weather|Sandstorm|[upkeep]
|-damage|p1a: Toxicroak|269\/307|[from] sandstorm
|turn|13
|
|switch|p2a: Landorus-Therian|Landorus-Therian, M|333\/382
|-ability|p2a: Landorus-Therian|Intimidate|[of] p1a: Toxicroak
|-unboost|p1a: Toxicroak|atk|1
|move|p1a: Toxicroak|Drain Punch|p2a: Landorus-Therian
|-resisted|p2a: Landorus-Therian
|-damage|p2a: Landorus-Therian|294\/382
|-heal|p1a: Toxicroak|289\/307|[from] drain|[of] p2a: Landorus-Therian
|-damage|p1a: Toxicroak|259\/307|[from] item: Life Orb
|
|-weather|Sandstorm|[upkeep]
|-damage|p1a: Toxicroak|240\/307|[from] sandstorm
|turn|14
|
|switch|p1a: Landorus-Therian|Landorus-Therian, M|358\/381 tox
|-damage|p1a: Landorus-Therian|311\/381 tox|[from] Stealth Rock
|-ability|p1a: Landorus-Therian|Intimidate|[of] p2a: Landorus-Therian
|-unboost|p2a: Landorus-Therian|atk|1
|move|p2a: Landorus-Therian|Earthquake|p1a: Landorus-Therian
|-immune|p1a: Landorus-Therian|[msg]
|
|-weather|Sandstorm|[upkeep]
|-heal|p1a: Landorus-Therian|334\/381 tox|[from] item: Leftovers
|-damage|p1a: Landorus-Therian|311\/381 tox|[from] psn
|turn|15
|
|move|p2a: Landorus-Therian|U-turn|p1a: Landorus-Therian
|-resisted|p1a: Landorus-Therian
|-damage|p1a: Landorus-Therian|293\/381 tox
|
|switch|p2a: Ferrothorn|Ferrothorn, M|350\/352
|move|p1a: Landorus-Therian|Stealth Rock|p2a: Ferrothorn
|-sidestart|p2: newbishop|move: Stealth Rock
|
|-weather|Sandstorm|[upkeep]
|-heal|p1a: Landorus-Therian|316\/381 tox|[from] item: Leftovers
|-damage|p1a: Landorus-Therian|270\/381 tox|[from] psn
|turn|16
|
|move|p1a: Landorus-Therian|U-turn|p2a: Ferrothorn
|-damage|p2a: Ferrothorn|296\/352
|-damage|p1a: Landorus-Therian|223\/381 tox|[from] ability: Iron Barbs|[of] p2a: Ferrothorn
|
|switch|p1a: Tornadus-Therian|Tornadus-Therian, M|332\/332
|-damage|p1a: Tornadus-Therian|249\/332|[from] Stealth Rock
|move|p2a: Ferrothorn|Leech Seed|p1a: Tornadus-Therian
|-start|p1a: Tornadus-Therian|move: Leech Seed
|
|-weather|none
|-damage|p1a: Tornadus-Therian|208\/332|[from] Leech Seed|[of] p2a: Ferrothorn
|-heal|p2a: Ferrothorn|337\/352|[silent]
|turn|17
|
|move|p1a: Tornadus-Therian|U-turn|p2a: Ferrothorn
|-damage|p2a: Ferrothorn|305\/352
|-damage|p1a: Tornadus-Therian|167\/332|[from] ability: Iron Barbs|[of] p2a: Ferrothorn
|
|switch|p1a: Keldeo-Resolute|Keldeo-Resolute|323\/323
|-damage|p1a: Keldeo-Resolute|303\/323|[from] Stealth Rock
|move|p2a: Ferrothorn|Spikes|p1a: Keldeo-Resolute
|-sidestart|p1: GrimoireGod|Spikes
|
|turn|18
|
|move|p2a: Ferrothorn|Protect|p2a: Ferrothorn
|-singleturn|p2a: Ferrothorn|Protect
|move|p1a: Keldeo-Resolute|Secret Sword|p2a: Ferrothorn
|-activate|p2a: Ferrothorn|Protect
|
|turn|19
|
|move|p1a: Keldeo-Resolute|Secret Sword|p2a: Ferrothorn
|-supereffective|p2a: Ferrothorn
|-damage|p2a: Ferrothorn|0 fnt
|faint|p2a: Ferrothorn
|
|
|switch|p2a: Latias|Latias, F|163\/301
|-damage|p2a: Latias|126\/301|[from] Stealth Rock
|turn|20
|
|switch|p1a: Tornadus-Therian|Tornadus-Therian, M|277\/332
|-damage|p1a: Tornadus-Therian|194\/332|[from] Stealth Rock
|move|p2a: Latias|Psyshock|p1a: Tornadus-Therian
|-damage|p1a: Tornadus-Therian|37\/332
|
|-heal|p2a: Latias|144\/301|[from] item: Leftovers
|turn|21
|
|switch|p2a: Tyranitar|Tyranitar, F|341\/341
|-damage|p2a: Tyranitar|299\/341|[from] Stealth Rock
|-weather|Sandstorm
|move|p1a: Tornadus-Therian|U-turn|p2a: Tyranitar
|-supereffective|p2a: Tyranitar
|-damage|p2a: Tyranitar|201\/341
|
|switch|p1a: Gardevoir|Gardevoir-Mega, F|209\/277 brn
|-damage|p1a: Gardevoir|175\/277 brn|[from] Stealth Rock
|-damage|p1a: Gardevoir|141\/277 brn|[from] Spikes
|
|-weather|Sandstorm|[upkeep]
|-damage|p1a: Gardevoir|124\/277 brn|[from] sandstorm
|-damage|p1a: Gardevoir|90\/277 brn|[from] brn
|turn|22
|
|move|p2a: Tyranitar|Earthquake|p1a: Gardevoir
|-damage|p1a: Gardevoir|0 fnt
|faint|p1a: Gardevoir
|
|-weather|Sandstorm|[upkeep]
|
|switch|p1a: Landorus-Therian|Landorus-Therian, M|223\/381 tox
|-damage|p1a: Landorus-Therian|176\/381 tox|[from] Stealth Rock
|-ability|p1a: Landorus-Therian|Intimidate|[of] p2a: Tyranitar
|-unboost|p2a: Tyranitar|atk|1
|turn|23
|
|switch|p2a: Landorus-Therian|Landorus-Therian, M|294\/382
|-damage|p2a: Landorus-Therian|247\/382|[from] Stealth Rock
|-ability|p2a: Landorus-Therian|Intimidate|[of] p1a: Landorus-Therian
|-unboost|p1a: Landorus-Therian|atk|1
|move|p1a: Landorus-Therian|U-turn|p2a: Landorus-Therian
|-resisted|p2a: Landorus-Therian
|-damage|p2a: Landorus-Therian|228\/382
|
|switch|p1a: Keldeo-Resolute|Keldeo-Resolute|303\/323
|-damage|p1a: Keldeo-Resolute|283\/323|[from] Stealth Rock
|-damage|p1a: Keldeo-Resolute|243\/323|[from] Spikes
|
|-weather|Sandstorm|[upkeep]
|-damage|p1a: Keldeo-Resolute|223\/323|[from] sandstorm
|turn|24
|
|switch|p2a: Tyranitar|Tyranitar, F|201\/341
|-damage|p2a: Tyranitar|159\/341|[from] Stealth Rock
|move|p1a: Keldeo-Resolute|Hydro Pump|p2a: Tyranitar
|-supereffective|p2a: Tyranitar
|-damage|p2a: Tyranitar|0 fnt
|faint|p2a: Tyranitar
|
|-weather|Sandstorm|[upkeep]
|-damage|p1a: Keldeo-Resolute|203\/323|[from] sandstorm
|
|switch|p2a: Latias|Latias, F|144\/301
|-damage|p2a: Latias|107\/301|[from] Stealth Rock
|turn|25
|
|switch|p1a: Landorus-Therian|Landorus-Therian, M|176\/381 tox
|-damage|p1a: Landorus-Therian|129\/381 tox|[from] Stealth Rock
|-ability|p1a: Landorus-Therian|Intimidate|[of] p2a: Latias
|-unboost|p2a: Latias|atk|1
|move|p2a: Latias|Psyshock|p1a: Landorus-Therian
|-damage|p1a: Landorus-Therian|35\/381 tox
|
|-weather|none
|-heal|p2a: Latias|125\/301|[from] item: Leftovers
|-heal|p1a: Landorus-Therian|58\/381 tox|[from] item: Leftovers
|-damage|p1a: Landorus-Therian|35\/381 tox|[from] psn
|turn|26
|
|move|p2a: Latias|Healing Wish|p2a: Latias
|faint|p2a: Latias
|move|p1a: Landorus-Therian|U-turn|p2: Latias|[notarget]
|-notarget
|
|-heal|p1a: Landorus-Therian|58\/381 tox|[from] item: Leftovers
|-damage|p1a: Landorus-Therian|12\/381 tox|[from] psn
|
|switch|p2a: Lopunny|Lopunny-Mega, F|85\/271
|-heal|p2a: Lopunny|271\/271|[from] move: Healing Wish
|-damage|p2a: Lopunny|255\/271|[from] Stealth Rock
|turn|27
|
|move|p2a: Lopunny|Frustration|p1a: Landorus-Therian
|-damage|p1a: Landorus-Therian|0 fnt
|faint|p1a: Landorus-Therian
|
|
|switch|p1a: Tornadus-Therian|Tornadus-Therian, M|147\/332
|-damage|p1a: Tornadus-Therian|64\/332|[from] Stealth Rock
|turn|28
|
|switch|p1a: Toxicroak|Toxicroak, F|240\/307
|-damage|p1a: Toxicroak|221\/307|[from] Stealth Rock
|-damage|p1a: Toxicroak|183\/307|[from] Spikes
|move|p2a: Lopunny|Frustration|p1a: Toxicroak
|-damage|p1a: Toxicroak|0 fnt
|faint|p1a: Toxicroak
|
|
|switch|p1a: Tornadus-Therian|Tornadus-Therian, M|174\/332
|-damage|p1a: Tornadus-Therian|91\/332|[from] Stealth Rock
|turn|29
|
|switch|p1a: Keldeo-Resolute|Keldeo-Resolute|203\/323
|-damage|p1a: Keldeo-Resolute|163\/323|[from] Spikes
|-damage|p1a: Keldeo-Resolute|143\/323|[from] Stealth Rock
|move|p2a: Lopunny|Frustration|p1a: Keldeo-Resolute
|-damage|p1a: Keldeo-Resolute|0 fnt
|faint|p1a: Keldeo-Resolute
|
|
|switch|p1a: Victini|Victini|172\/341
|-damage|p1a: Victini|87\/341|[from] Stealth Rock
|-damage|p1a: Victini|45\/341|[from] Spikes
|turn|30
|
|switch|p2a: Landorus-Therian|Landorus-Therian, M|228\/382
|-damage|p2a: Landorus-Therian|181\/382|[from] Stealth Rock
|-ability|p2a: Landorus-Therian|Intimidate|[of] p1a: Victini
|-unboost|p1a: Victini|atk|1
|move|p1a: Victini|V-create|p2a: Landorus-Therian
|-damage|p2a: Landorus-Therian|45\/382
|-unboost|p1a: Victini|def|1
|-unboost|p1a: Victini|spd|1
|-unboost|p1a: Victini|spe|1
|
|turn|31
|
|move|p1a: Victini|V-create|p2a: Landorus-Therian
|-damage|p2a: Landorus-Therian|0 fnt
|-unboost|p1a: Victini|def|1
|-unboost|p1a: Victini|spd|1
|-unboost|p1a: Victini|spe|1
|faint|p2a: Landorus-Therian
|
|
|switch|p2a: Lopunny|Lopunny-Mega, F|255\/271
|-damage|p2a: Lopunny|239\/271|[from] Stealth Rock
|turn|32
|
|move|p2a: Lopunny|Frustration|p1a: Victini
|-damage|p1a: Victini|0 fnt
|faint|p1a: Victini
|
|c|âGrimoireGod|revealing scarf
|
|switch|p1a: Tornadus-Therian|Tornadus-Therian, M|201\/332
|-damage|p1a: Tornadus-Therian|118\/332|[from] Stealth Rock
|turn|33
|
|move|p2a: Lopunny|Frustration|p1a: Tornadus-Therian
|-damage|p1a: Tornadus-Therian|0 fnt
|faint|p1a: Tornadus-Therian
|
|win|newbishop
|raw|Ladder updating...
|raw|GrimoireGod's rating: 1454 &rarr; <strong>1428<\/strong><br \/>(-26 for losing)
|raw|newbishop's rating: 1342 &rarr; <strong>1368<\/strong><br \/>(+26 for winning)
|leave|GrimoireGod
|player|p1