|join|GrimoireGod
|join|bean
|player|p1|GrimoireGod|73
|player|p2|bean|2
|gametype|singles
|gen|6
|tier|OU (suspect test)
|clearpoke
|poke|p1|Victini
|poke|p1|Landorus-Therian, M
|poke|p1|Toxicroak, F
|poke|p1|Gardevoir, M
|poke|p1|Tornadus-Therian, M
|poke|p1|Keldeo-Resolute
|poke|p2|Gyarados, M, shiny
|poke|p2|Breloom, M, shiny
|poke|p2|Clefable, F, shiny
|poke|p2|Garchomp, M, shiny
|poke|p2|Scizor, M, shiny
|poke|p2|Latias, F, shiny
|rule|Swagger Clause: Swagger is banned
|rule|Baton Pass Clause: Limit one PokÃ©mon knowing Baton Pass
|rule|Sleep Clause Mod: Limit one foe put to sleep
|rule|Species Clause: Limit one of each PokÃ©mon
|rule|OHKO Clause: OHKO moves are banned
|rule|Moody Clause: Moody is banned
|rule|Evasion Moves Clause: Evasion moves are banned
|rule|Endless Battle Clause: Forcing endless battles is banned
|rule|HP Percentage Mod: HP is shown in percentages
|teampreview
|join|Tentacruel3
|c| Tentacruel3|hai :o
|c|âGrimoireGod|h-hey
|c| Tentacruel3|grim :s
|c| Tentacruel3|oh bean ;o
|c|âbean|hi
|join|minority7
|
|start
|switch|p1a: Tornadus-Therian|Tornadus-Therian, M|332\/332
|switch|p2a: Garchomp|Garchomp, M, shiny|357\/357
|turn|1
|
|move|p1a: Tornadus-Therian|U-turn|p2a: Garchomp
|-damage|p2a: Garchomp|305\/357
|-damage|p1a: Tornadus-Therian|291\/332|[from] ability: Rough Skin|[of] p2a: Garchomp
|
|switch|p1a: Landorus-Therian|Landorus-Therian, M|381\/381
|-ability|p1a: Landorus-Therian|Intimidate|[of] p2a: Garchomp
|-unboost|p2a: Garchomp|atk|1
|move|p2a: Garchomp|Stealth Rock|p1a: Landorus-Therian
|-sidestart|p1: GrimoireGod|move: Stealth Rock
|
|turn|2
|
|move|p2a: Garchomp|Dragon Claw|p1a: Landorus-Therian
|-damage|p1a: Landorus-Therian|306\/381
|move|p1a: Landorus-Therian|Stealth Rock|p2a: Garchomp
|-sidestart|p2: bean|move: Stealth Rock
|
|-heal|p1a: Landorus-Therian|329\/381|[from] item: Leftovers
|turn|3
|
|switch|p2a: Clefable|Clefable, F, shiny|394\/394
|move|p1a: Landorus-Therian|U-turn|p2a: Clefable
|-resisted|p2a: Clefable
|-damage|p2a: Clefable|360\/394
|
|switch|p1a: Toxicroak|Toxicroak, F|307\/307
|-damage|p1a: Toxicroak|288\/307|[from] Stealth Rock
|
|-heal|p2a: Clefable|384\/394|[from] item: Leftovers
|turn|4
|
|switch|p2a: Scizor|Scizor, M, shiny|281\/281
|-damage|p2a: Scizor|246\/281|[from] Stealth Rock
|move|p1a: Toxicroak|Gunk Shot|p2a: Scizor
|-immune|p2a: Scizor|[msg]
|
|turn|5
|join|majaspic22
|
|switch|p1a: Landorus-Therian|Landorus-Therian, M|329\/381
|-damage|p1a: Landorus-Therian|282\/381|[from] Stealth Rock
|-ability|p1a: Landorus-Therian|Intimidate|[of] p2a: Scizor
|-unboost|p2a: Scizor|atk|1
|move|p2a: Scizor|U-turn|p1a: Landorus-Therian
|-resisted|p1a: Landorus-Therian
|-damage|p1a: Landorus-Therian|247\/381
|
|switch|p2a: Gyarados|Gyarados, M, shiny|331\/331
|-damage|p2a: Gyarados|249\/331|[from] Stealth Rock
|-ability|p2a: Gyarados|Intimidate|[of] p1a: Landorus-Therian
|-unboost|p1a: Landorus-Therian|atk|1
|
|-heal|p1a: Landorus-Therian|270\/381|[from] item: Leftovers
|turn|6
|
|switch|p1a: Toxicroak|Toxicroak, F|288\/307
|-damage|p1a: Toxicroak|269\/307|[from] Stealth Rock
|detailschange|p2a: Gyarados|Gyarados-Mega, M, shiny
|-mega|p2a: Gyarados|Gyarados|Gyaradosite
|-ability|p2a: Gyarados|Mold Breaker
|move|p2a: Gyarados|Crunch|p1a: Toxicroak
|-resisted|p1a: Toxicroak
|-damage|p1a: Toxicroak|149\/307
|
|turn|7
|
|switch|p2a: Garchomp|Garchomp, M, shiny|305\/357
|-damage|p2a: Garchomp|283\/357|[from] Stealth Rock
|move|p1a: Toxicroak|Drain Punch|p2a: Garchomp
|-damage|p2a: Garchomp|130\/357
|-heal|p1a: Toxicroak|226\/307|[from] drain|[of] p2a: Garchomp
|-damage|p1a: Toxicroak|188\/307|[from] ability: Rough Skin|[of] p2a: Garchomp
|-damage|p1a: Toxicroak|158\/307|[from] item: Life Orb
|
|turn|8
|
|switch|p1a: Landorus-Therian|Landorus-Therian, M|270\/381
|-damage|p1a: Landorus-Therian|223\/381|[from] Stealth Rock
|-ability|p1a: Landorus-Therian|Intimidate|[of] p2a: Garchomp
|-unboost|p2a: Garchomp|atk|1
|move|p2a: Garchomp|Dragon Claw|p1a: Landorus-Therian
|-damage|p1a: Landorus-Therian|145\/381
|
|-heal|p1a: Landorus-Therian|168\/381|[from] item: Leftovers
|turn|9
|
|switch|p2a: Clefable|Clefable, F, shiny|384\/394
|move|p1a: Landorus-Therian|Earthquake|p2a: Clefable
|-crit|p2a: Clefable
|-damage|p2a: Clefable|183\/394
|
|-heal|p1a: Landorus-Therian|191\/381|[from] item: Leftovers
|-heal|p2a: Clefable|207\/394|[from] item: Leftovers
|turn|10
|
|move|p1a: Landorus-Therian|U-turn|p2a: Clefable
|-resisted|p2a: Clefable
|-damage|p2a: Clefable|173\/394
|
|switch|p1a: Victini|Victini|341\/341
|-damage|p1a: Victini|256\/341|[from] Stealth Rock
|move|p2a: Clefable|Soft-Boiled|p2a: Clefable
|-heal|p2a: Clefable|370\/394
|
|-heal|p2a: Clefable|394\/394|[from] item: Leftovers
|turn|11
|join|JustJackie
|
|move|p1a: Victini|U-turn|p2a: Clefable
|-resisted|p2a: Clefable
|-damage|p2a: Clefable|363\/394
|
|switch|p1a: Gardevoir|Gardevoir, M|277\/277
|-damage|p1a: Gardevoir|243\/277|[from] Stealth Rock
|-ability|p1a: Gardevoir|Magic Guard|[from] ability: Trace|[of] p2a: Clefable
|move|p2a: Clefable|Moonblast|p1a: Gardevoir
|-damage|p1a: Gardevoir|150\/277
|
|-heal|p2a: Clefable|387\/394|[from] item: Leftovers
|turn|12
|
|detailschange|p1a: Gardevoir|Gardevoir-Mega, M
|-mega|p1a: Gardevoir|Gardevoir|Gardevoirite
|move|p1a: Gardevoir|Hyper Voice|p2a: Clefable
|-damage|p2a: Clefable|63\/394
|move|p2a: Clefable|Moonblast|p1a: Gardevoir
|-damage|p1a: Gardevoir|66\/277
|
|-heal|p2a: Clefable|87\/394|[from] item: Leftovers
|turn|13
|
|move|p1a: Gardevoir|Hyper Voice|p2a: Clefable
|-damage|p2a: Clefable|0 fnt
|faint|p2a: Clefable
|
|leave|JustJackie
|
|switch|p2a: Latias|Latias, F, shiny|319\/319
|-damage|p2a: Latias|280\/319|[from] Stealth Rock
|turn|14
|leave|minority7
|join|SketchUp
|
|move|p2a: Latias|Psyshock|p1a: Gardevoir
|-resisted|p1a: Gardevoir
|-damage|p1a: Gardevoir|0 fnt
|-damage|p2a: Latias|249\/319|[from] item: Life Orb
|faint|p1a: Gardevoir
|
|
|switch|p1a: Tornadus-Therian|Tornadus-Therian, M|332\/332
|-damage|p1a: Tornadus-Therian|249\/332|[from] Stealth Rock
|turn|15
|
|switch|p2a: Scizor|Scizor, M, shiny|246\/281
|-damage|p2a: Scizor|211\/281|[from] Stealth Rock
|move|p1a: Tornadus-Therian|Knock Off|p2a: Scizor
|-damage|p2a: Scizor|138\/281
|-enditem|p2a: Scizor|Assault Vest|[from] move: Knock Off|[of] p1a: Tornadus-Therian
|
|turn|16
|join|Praj.pran
|
|move|p1a: Tornadus-Therian|Hurricane|p2a: Scizor
|-damage|p2a: Scizor|0 fnt
|faint|p2a: Scizor
|
|
|switch|p2a: Latias|Latias, F, shiny|249\/319
|-damage|p2a: Latias|210\/319|[from] Stealth Rock
|turn|17
|
|move|p1a: Tornadus-Therian|Knock Off|p2a: Latias
|-supereffective|p2a: Latias
|-damage|p2a: Latias|58\/319
|-enditem|p2a: Latias|Life Orb|[from] move: Knock Off|[of] p1a: Tornadus-Therian
|move|p2a: Latias|Draco Meteor|p1a: Tornadus-Therian
|-damage|p1a: Tornadus-Therian|116\/332
|-unboost|p2a: Latias|spa|2
|
|turn|18
|
|move|p1a: Tornadus-Therian|U-turn|p2a: Latias
|-supereffective|p2a: Latias
|-damage|p2a: Latias|0 fnt
|faint|p2a: Latias
|
|switch|p1a: Keldeo-Resolute|Keldeo-Resolute|323\/323
|-damage|p1a: Keldeo-Resolute|303\/323|[from] Stealth Rock
|
|
|switch|p2a: Breloom|Breloom, M, shiny|259\/259
|-damage|p2a: Breloom|243\/259|[from] Stealth Rock
|turn|19
|
|move|p1a: Keldeo-Resolute|Secret Sword|p2a: Breloom
|-damage|p2a: Breloom|0 fnt
|faint|p2a: Breloom
|
|c|âbean|Gg
|c|âGrimoireGod|gg
|join|FlamingArcanine75
|leave|FlamingArcanine75
|
|switch|p2a: Gyarados|Gyarados-Mega, M, shiny|249\/331
|-damage|p2a: Gyarados|208\/331|[from] Stealth Rock
|-ability|p2a: Gyarados|Mold Breaker
|turn|20
|
|move|p1a: Keldeo-Resolute|Secret Sword|p2a: Gyarados
|-supereffective|p2a: Gyarados
|-damage|p2a: Gyarados|0 fnt
|faint|p2a: Gyarados
|
|join|minority7
|
|switch|p2a: Garchomp|Garchomp, M, shiny|130\/357
|-damage|p2a: Garchomp|108\/357|[from] Stealth Rock
|turn|21
|
|move|p1a: Keldeo-Resolute|Secret Sword|p2a: Garchomp
|-damage|p2a: Garchomp|0 fnt
|faint|p2a: Garchomp
|
|win|GrimoireGod