|join|Sally Mence
|join|opbot
|player|p1|Sally Mence|26
|player|p2|opbot|83
|gametype|singles
|gen|6
|tier|OU
|rated
|clearpoke
|poke|p1|Garchomp, F
|poke|p1|Rotom-Wash
|poke|p1|Scizor, M
|poke|p1|Altaria, M
|poke|p1|Talonflame, F
|poke|p1|Keldeo
|poke|p2|Lopunny, F
|poke|p2|Greninja, F
|poke|p2|Rotom-Wash
|poke|p2|Conkeldurr, F
|poke|p2|Latias, F
|poke|p2|Landorus-Therian, M
|rule|Swagger Clause: Swagger is banned
|rule|Baton Pass Clause: Limit one PokÃ©mon knowing Baton Pass
|rule|Sleep Clause Mod: Limit one foe put to sleep
|rule|Species Clause: Limit one of each PokÃ©mon
|rule|OHKO Clause: OHKO moves are banned
|rule|Moody Clause: Moody is banned
|rule|Evasion Moves Clause: Evasion moves are banned
|rule|Endless Battle Clause: Forcing endless battles is banned
|rule|HP Percentage Mod: HP is shown in percentages
|teampreview
|c|âopbot|hey
|
|start
|switch|p1a: iWash|Rotom-Wash|304\/304
|switch|p2a: Landorus-Therian|Landorus-Therian, M|382\/382
|-ability|p2a: Landorus-Therian|Intimidate|[of] p1a: iWash
|-unboost|p1a: iWash|atk|1
|turn|1
|
|move|p2a: Landorus-Therian|U-turn|p1a: iWash
|-damage|p1a: iWash|253\/304
|
|switch|p2a: Conkeldurr|Conkeldurr, F|351\/351
|move|p1a: iWash|Hydro Pump|p2a: Conkeldurr
|-damage|p2a: Conkeldurr|255\/351
|
|-heal|p1a: iWash|272\/304|[from] item: Leftovers
|turn|2
|join|Fh27
|
|move|p1a: iWash|Volt Switch|p2a: Conkeldurr
|-damage|p2a: Conkeldurr|200\/351
|c| Fh27|YUS
|
|switch|p1a: Lexite|Altaria, M|307\/307
|move|p2a: Conkeldurr|Knock Off|p1a: Lexite
|-damage|p1a: Lexite|211\/307
|
|turn|3
|c|âopbot|yus?
|c| Fh27|NU
|
|detailschange|p1a: Lexite|Altaria-Mega, M
|message|Altaria has Mega Evolved into Mega Altaria!
|move|p1a: Lexite|Return|p2a: Conkeldurr
|-supereffective|p2a: Conkeldurr
|-damage|p2a: Conkeldurr|0 fnt
|faint|p2a: Conkeldurr
|
|c|âopbot|is it good??????
|c| Fh27|we gon lose
|c|âopbot|NO
|c|âopbot|DONT SAY THAT
|
|switch|p2a: Landorus-Therian|Landorus-Therian, M|382\/382
|-ability|p2a: Landorus-Therian|Intimidate|[of] p1a: Lexite
|-unboost|p1a: Lexite|atk|1
|turn|4
|c| Fh27|ik :(
|c| Fh27|we can do dis
|
|switch|p1a: iWash|Rotom-Wash|272\/304
|move|p2a: Landorus-Therian|Stealth Rock|p1a: iWash
|-sidestart|p1: Sally Mence|move: Stealth Rock
|
|-heal|p1a: iWash|291\/304|[from] item: Leftovers
|turn|5
|c|âopbot|dey gonna win
|
|move|p2a: Landorus-Therian|U-turn|p1a: iWash
|-damage|p1a: iWash|237\/304
|
|switch|p2a: Rotom-Wash|Rotom-Wash|303\/303
|move|p1a: iWash|Will-O-Wisp|p2a: Rotom-Wash
|-status|p2a: Rotom-Wash|brn
|
|-heal|p1a: iWash|256\/304|[from] item: Leftovers
|-damage|p2a: Rotom-Wash|266\/303 brn|[from] brn
|turn|6
|c| Fh27|i hope ,3
|
|move|p2a: Rotom-Wash|Will-O-Wisp|p1a: iWash
|-status|p1a: iWash|brn
|move|p1a: iWash|Hydro Pump|p2a: Rotom-Wash
|-resisted|p2a: Rotom-Wash
|-damage|p2a: Rotom-Wash|202\/303 brn
|
|-heal|p2a: Rotom-Wash|220\/303 brn|[from] item: Leftovers
|-heal|p1a: iWash|275\/304 brn|[from] item: Leftovers
|-damage|p2a: Rotom-Wash|183\/303 brn|[from] brn
|-damage|p1a: iWash|237\/304 brn|[from] brn
|turn|7
|
|move|p1a: iWash|Volt Switch|p2a: Rotom-Wash
|-damage|p2a: Rotom-Wash|102\/303 brn
|c|âopbot|they can do it
|
|switch|p1a: NeedABiggerBoat|Garchomp, F|358\/358
|-damage|p1a: NeedABiggerBoat|336\/358|[from] Stealth Rock
|move|p2a: Rotom-Wash|Pain Split|p1a: NeedABiggerBoat
|-sethp|p1a: NeedABiggerBoat|219\/358|p2a: Rotom-Wash|219\/303 brn|[from] move: Pain Split
|
|-heal|p2a: Rotom-Wash|237\/303 brn|[from] item: Leftovers
|-damage|p2a: Rotom-Wash|200\/303 brn|[from] brn
|turn|8
|
|move|p1a: NeedABiggerBoat|Dragon Claw|p2a: Rotom-Wash
|-damage|p2a: Rotom-Wash|100\/303 brn
|move|p2a: Rotom-Wash|Will-O-Wisp|p1a: NeedABiggerBoat
|-status|p1a: NeedABiggerBoat|brn
|-enditem|p1a: NeedABiggerBoat|Lum Berry|[eat]
|-curestatus|p1a: NeedABiggerBoat|brn
|
|-heal|p2a: Rotom-Wash|118\/303 brn|[from] item: Leftovers
|-damage|p2a: Rotom-Wash|81\/303 brn|[from] brn
|turn|9
|c|âopbot|frick
|c| Fh27|dey cant :'(
|
|switch|p2a: Landorus-Therian|Landorus-Therian, M|382\/382
|-ability|p2a: Landorus-Therian|Intimidate|[of] p1a: NeedABiggerBoat
|-unboost|p1a: NeedABiggerBoat|atk|1
|move|p1a: NeedABiggerBoat|Dragon Claw|p2a: Landorus-Therian
|-damage|p2a: Landorus-Therian|304\/382
|
|-heal|p2a: Landorus-Therian|327\/382|[from] item: Leftovers
|turn|10
|c|âopbot|believeeeeeeeeeeee
|c| Fh27|we missed again
|c|âopbot|D:
|
|move|p1a: NeedABiggerBoat|Stealth Rock|p2a: Landorus-Therian
|-sidestart|p2: opbot|move: Stealth Rock
|move|p2a: Landorus-Therian|Earthquake|p1a: NeedABiggerBoat
|-damage|p1a: NeedABiggerBoat|56\/358
|
|-heal|p2a: Landorus-Therian|350\/382|[from] item: Leftovers
|turn|11
|
|move|p1a: NeedABiggerBoat|Dragon Claw|p2a: Landorus-Therian
|-damage|p2a: Landorus-Therian|272\/382
|move|p2a: Landorus-Therian|Earthquake|p1a: NeedABiggerBoat
|-damage|p1a: NeedABiggerBoat|0 fnt
|faint|p1a: NeedABiggerBoat
|
|-heal|p2a: Landorus-Therian|295\/382|[from] item: Leftovers
|
|switch|p1a: Twilight Sparkle|Keldeo|324\/324
|-damage|p1a: Twilight Sparkle|304\/324|[from] Stealth Rock
|turn|12
|
|switch|p2a: Rotom-Wash|Rotom-Wash|81\/303 brn
|-damage|p2a: Rotom-Wash|44\/303 brn|[from] Stealth Rock
|move|p1a: Twilight Sparkle|Substitute|p1a: Twilight Sparkle
|-start|p1a: Twilight Sparkle|Substitute
|-damage|p1a: Twilight Sparkle|223\/324
|
|-heal|p1a: Twilight Sparkle|243\/324|[from] item: Leftovers
|-heal|p2a: Rotom-Wash|62\/303 brn|[from] item: Leftovers
|-damage|p2a: Rotom-Wash|25\/303 brn|[from] brn
|turn|13
|
|move|p1a: Twilight Sparkle|Scald|p2a: Rotom-Wash
|-resisted|p2a: Rotom-Wash
|-damage|p2a: Rotom-Wash|0 fnt
|faint|p2a: Rotom-Wash
|
|-heal|p1a: Twilight Sparkle|263\/324|[from] item: Leftovers
|c|âopbot|ohshiiiiiiiii
|
|switch|p2a: Latias|Latias, F|319\/319
|-damage|p2a: Latias|280\/319|[from] Stealth Rock
|turn|14
|c| Fh27|gggggg lel
|
|move|p2a: Latias|Psyshock|p1a: Twilight Sparkle
|-supereffective|p1a: Twilight Sparkle
|-end|p1a: Twilight Sparkle|Substitute
|-damage|p2a: Latias|249\/319|[from] item: Life Orb
|move|p1a: Twilight Sparkle|Icy Wind|p2a: Latias
|-supereffective|p2a: Latias
|-damage|p2a: Latias|149\/319
|-unboost|p2a: Latias|spe|1
|
|-heal|p1a: Twilight Sparkle|283\/324|[from] item: Leftovers
|turn|15
|c|âopbot|:(
|c|âopbot|noo
|
|move|p1a: Twilight Sparkle|Substitute|p1a: Twilight Sparkle
|-start|p1a: Twilight Sparkle|Substitute
|-damage|p1a: Twilight Sparkle|202\/324
|move|p2a: Latias|Psyshock|p1a: Twilight Sparkle
|-supereffective|p1a: Twilight Sparkle
|-end|p1a: Twilight Sparkle|Substitute
|-damage|p2a: Latias|118\/319|[from] item: Life Orb
|
|-heal|p1a: Twilight Sparkle|222\/324|[from] item: Leftovers
|turn|16
|
|move|p1a: Twilight Sparkle|Substitute|p1a: Twilight Sparkle
|-start|p1a: Twilight Sparkle|Substitute
|-damage|p1a: Twilight Sparkle|141\/324
|move|p2a: Latias|Recover|p2a: Latias
|-heal|p2a: Latias|278\/319
|
|-heal|p1a: Twilight Sparkle|161\/324|[from] item: Leftovers
|turn|17
|
|move|p1a: Twilight Sparkle|Icy Wind|p2a: Latias
|-supereffective|p2a: Latias
|-damage|p2a: Latias|174\/319
|-unboost|p2a: Latias|spe|1
|move|p2a: Latias|Psyshock|p1a: Twilight Sparkle
|-supereffective|p1a: Twilight Sparkle
|-end|p1a: Twilight Sparkle|Substitute
|-damage|p2a: Latias|143\/319|[from] item: Life Orb
|
|-heal|p1a: Twilight Sparkle|181\/324|[from] item: Leftovers
|turn|18
|
|move|p1a: Twilight Sparkle|Substitute|p1a: Twilight Sparkle
|-start|p1a: Twilight Sparkle|Substitute
|-damage|p1a: Twilight Sparkle|100\/324
|move|p2a: Latias|Psyshock|p1a: Twilight Sparkle
|-supereffective|p1a: Twilight Sparkle
|-end|p1a: Twilight Sparkle|Substitute
|-damage|p2a: Latias|112\/319|[from] item: Life Orb
|
|-heal|p1a: Twilight Sparkle|120\/324|[from] item: Leftovers
|turn|19
|
|switch|p1a: Switchblade|Scizor, M|343\/343
|-damage|p1a: Switchblade|301\/343|[from] Stealth Rock
|move|p2a: Latias|Psyshock|p1a: Switchblade
|-resisted|p1a: Switchblade
|-damage|p1a: Switchblade|227\/343
|-damage|p2a: Latias|81\/319|[from] item: Life Orb
|
|-heal|p1a: Switchblade|248\/343|[from] item: Leftovers
|turn|20
|
|move|p2a: Latias|Recover|p2a: Latias
|-heal|p2a: Latias|241\/319
|move|p1a: Switchblade|Defog|p2a: Latias
|-unboost|p2a: Latias|evasion|1
|-sideend|p2: opbot|Stealth Rock|[from] move: Defog|[of] p2a: Latias
|-sideend|p1: Sally Mence|Stealth Rock|[from] move: Defog|[of] p1a: Switchblade
|
|-heal|p1a: Switchblade|269\/343|[from] item: Leftovers
|turn|21
|
|switch|p2a: Landorus-Therian|Landorus-Therian, M|295\/382
|-ability|p2a: Landorus-Therian|Intimidate|[of] p1a: Switchblade
|-unboost|p1a: Switchblade|atk|1
|move|p1a: Switchblade|U-turn|p2a: Landorus-Therian
|-resisted|p2a: Landorus-Therian
|-damage|p2a: Landorus-Therian|261\/382
|
|switch|p1a: Twilight Sparkle|Keldeo|120\/324
|
|-heal|p1a: Twilight Sparkle|140\/324|[from] item: Leftovers
|-heal|p2a: Landorus-Therian|284\/382|[from] item: Leftovers
|turn|22
|
|switch|p2a: Latias|Latias, F|241\/319
|move|p1a: Twilight Sparkle|Icy Wind|p2a: Latias
|-supereffective|p2a: Latias
|-damage|p2a: Latias|131\/319
|-unboost|p2a: Latias|spe|1
|
|-heal|p1a: Twilight Sparkle|160\/324|[from] item: Leftovers
|turn|23
|
|move|p1a: Twilight Sparkle|Substitute|p1a: Twilight Sparkle
|-start|p1a: Twilight Sparkle|Substitute
|-damage|p1a: Twilight Sparkle|79\/324
|move|p2a: Latias|Psyshock|p1a: Twilight Sparkle
|-supereffective|p1a: Twilight Sparkle
|-end|p1a: Twilight Sparkle|Substitute
|-damage|p2a: Latias|100\/319|[from] item: Life Orb
|
|-heal|p1a: Twilight Sparkle|99\/324|[from] item: Leftovers
|turn|24
|
|move|p1a: Twilight Sparkle|Icy Wind|p2a: Latias
|-supereffective|p2a: Latias
|-damage|p2a: Latias|0 fnt
|faint|p2a: Latias
|
|-heal|p1a: Twilight Sparkle|119\/324|[from] item: Leftovers
|
|switch|p2a: Greninja|Greninja, F|285\/285
|turn|25
|
|switch|p1a: Switchblade|Scizor, M|269\/343
|move|p2a: Greninja|Gunk Shot|p1a: Switchblade
|-start|p2a: Greninja|typechange|Poison|[from] Protean
|-immune|p1a: Switchblade|[msg]
|
|-heal|p1a: Switchblade|290\/343|[from] item: Leftovers
|turn|26
|
|move|p1a: Switchblade|Bullet Punch|p2a: Greninja
|-damage|p2a: Greninja|117\/285
|move|p2a: Greninja|Hidden Power|p1a: Switchblade
|-start|p2a: Greninja|typechange|Fire|[from] Protean
|-supereffective|p1a: Switchblade
|-damage|p1a: Switchblade|0 fnt
|-damage|p2a: Greninja|89\/285|[from] item: Life Orb
|faint|p1a: Switchblade
|
|c|âopbot|no i cant let you do that sir
|
|switch|p1a: Pontiac|Talonflame, F|297\/297
|turn|27
|
|switch|p2a: Landorus-Therian|Landorus-Therian, M|284\/382
|-ability|p2a: Landorus-Therian|Intimidate|[of] p1a: Pontiac
|-unboost|p1a: Pontiac|atk|1
|move|p1a: Pontiac|Brave Bird|p2a: Landorus-Therian
|-damage|p2a: Landorus-Therian|188\/382
|-damage|p1a: Pontiac|265\/297|[from] recoil|[of] p2a: Landorus-Therian
|
|-heal|p2a: Landorus-Therian|211\/382|[from] item: Leftovers
|turn|28
|
|move|p1a: Pontiac|Swords Dance|p1a: Pontiac
|-boost|p1a: Pontiac|atk|2
|move|p2a: Landorus-Therian|Rock Slide|p1a: Pontiac
|-crit|p1a: Pontiac
|-supereffective|p1a: Pontiac
|-damage|p1a: Pontiac|0 fnt
|faint|p1a: Pontiac
|
|-heal|p2a: Landorus-Therian|234\/382|[from] item: Leftovers
|c| Fh27|..................................................................................................................................
|c| Fh27|..................................................
|c|âopbot|.....
|c|âopbot|no
|c|âopbot|dont tell me
|
|switch|p1a: Twilight Sparkle|Keldeo|119\/324
|turn|29
|c| Fh27|my tears ^
|
|move|p1a: Twilight Sparkle|Icy Wind|p2a: Landorus-Therian
|-supereffective|p2a: Landorus-Therian
|-damage|p2a: Landorus-Therian|0 fnt
|faint|p2a: Landorus-Therian
|
|-heal|p1a: Twilight Sparkle|139\/324|[from] item: Leftovers
|c|âopbot|<\/3
|
|switch|p2a: Lopunny|Lopunny, F|272\/272
|turn|30
|
|detailschange|p2a: Lopunny|Lopunny-Mega, F
|message|Lopunny has Mega Evolved into Mega Lopunny!
|move|p2a: Lopunny|Fake Out|p1a: Twilight Sparkle
|-damage|p1a: Twilight Sparkle|61\/324
|cant|p1a: Twilight Sparkle|flinch
|
|-heal|p1a: Twilight Sparkle|81\/324|[from] item: Leftovers
|turn|31
|
|move|p2a: Lopunny|Return|p1a: Twilight Sparkle
|-damage|p1a: Twilight Sparkle|0 fnt
|faint|p1a: Twilight Sparkle
|
|c|âopbot|just a bad day
|
|switch|p1a: iWash|Rotom-Wash|237\/304 brn
|turn|32
|
|move|p2a: Lopunny|High Jump Kick|p1a: iWash
|-damage|p1a: iWash|53\/304 brn
|move|p1a: iWash|Will-O-Wisp|p2a: Lopunny
|-status|p2a: Lopunny|brn
|
|-heal|p1a: iWash|72\/304 brn|[from] item: Leftovers
|-damage|p2a: Lopunny|238\/272 brn|[from] brn
|-damage|p1a: iWash|34\/304 brn|[from] brn
|turn|33
|
|move|p2a: Lopunny|Return|p1a: iWash
|-damage|p1a: iWash|0 fnt
|faint|p1a: iWash
|
|-damage|p2a: Lopunny|204\/272 brn|[from] brn
|c|âopbot|theyll make up for it
|
|switch|p1a: Lexite|Altaria-Mega, M|211\/307
|turn|34
|
|move|p2a: Lopunny|Return|p1a: Lexite
|-damage|p1a: Lexite|124\/307
|move|p1a: Lexite|Dragon Dance|p1a: Lexite
|-boost|p1a: Lexite|atk|1
|-boost|p1a: Lexite|spe|1
|
|-damage|p2a: Lopunny|170\/272 brn|[from] brn
|turn|35
|
|switch|p2a: Greninja|Greninja, F|89\/285
|move|p1a: Lexite|Dragon Dance|p1a: Lexite
|-boost|p1a: Lexite|atk|1
|-boost|p1a: Lexite|spe|1
|
|turn|36
|
|move|p1a: Lexite|Return|p2a: Greninja
|-supereffective|p2a: Greninja
|-damage|p2a: Greninja|0 fnt
|faint|p2a: Greninja
|
|c|âopbot|welp
|c|âopbot|gg
|c|âSally Mence|gg
|
|switch|p2a: Lopunny|Lopunny-Mega, F|170\/272 brn
|turn|37
|
|move|p2a: Lopunny|Fake Out|p1a: Lexite
|-damage|p1a: Lexite|91\/307
|cant|p1a: Lexite|flinch
|
|-damage|p2a: Lopunny|136\/272 brn|[from] brn
|turn|38
|
|move|p1a: Lexite|Return|p2a: Lopunny
|-supereffective|p2a: Lopunny
|-damage|p2a: Lopunny|0 fnt
|faint|p2a: Lopunny
|
|win|Sally Mence
|raw|Ladder updating...
|leave|Sally Mence
|raw|Sally Mence's rating: 1507 &rarr; <strong>1522<\/strong><br \/>(+15 for winning)
|raw|opbot's rating: 1409 &rarr; <strong>1395<\/strong><br \/>(-14 for losing)
|player|p1
|c|âopbot|:(
|c| Fh27|:'(
|c|âopbot|toronto can still do the rest of the season