|join|Ace-11
|join|Mega Butt Blasters
|player|p1|Ace-11|218
|player|p2|Mega Butt Blasters|213
|gametype|singles
|gen|6
|tier|OU
|rated
|clearpoke
|poke|p1|Skarmory, F
|poke|p1|Altaria, M
|poke|p1|Talonflame, M
|poke|p1|Greninja, M
|poke|p1|Latias, F
|poke|p1|Heatran, M
|poke|p2|Pidgeot, F
|poke|p2|Cinccino, F
|poke|p2|Bronzong
|poke|p2|Jolteon, M
|poke|p2|Amoonguss, F
|poke|p2|Slowking, F
|rule|Swagger Clause: Swagger is banned
|rule|Baton Pass Clause: Limit one PokÃ©mon knowing Baton Pass
|rule|Sleep Clause Mod: Limit one foe put to sleep
|rule|Species Clause: Limit one of each PokÃ©mon
|rule|OHKO Clause: OHKO moves are banned
|rule|Moody Clause: Moody is banned
|rule|Evasion Moves Clause: Evasion moves are banned
|rule|Endless Battle Clause: Forcing endless battles is banned
|rule|HP Percentage Mod: HP is shown in percentages
|teampreview
|c|âAce-11|thats uu
|c|âMega Butt Blasters|LU
|c|âMega Butt Blasters|well
|c|âMega Butt Blasters|shit
|c|âMega Butt Blasters|fuck it
|c|âAce-11|u still wanna try?
|c|âMega Butt Blasters|let's do this
|c|âAce-11|ok
|
|start
|switch|p1a: Talonflame|Talonflame, M|329\/329
|switch|p2a: Jolteon|Jolteon, M|272\/272
|turn|1
|
|switch|p1a: Altaria|Altaria, M|350\/350
|move|p2a: Jolteon|Volt Switch|p1a: Altaria
|-damage|p1a: Altaria|223\/350
|
|switch|p2a: Bronzong|Bronzong|338\/338
|
|turn|2
|
|switch|p1a: Heatran|Heatran, M|382\/382
|move|p2a: Bronzong|Stealth Rock|p1a: Heatran
|-sidestart|p1: Ace-11|move: Stealth Rock
|
|turn|3
|
|move|p1a: Heatran|Stealth Rock|p2a: Bronzong
|-sidestart|p2: Mega Butt Blasters|move: Stealth Rock
|move|p2a: Bronzong|Earthquake|p1a: Heatran
|-supereffective|p1a: Heatran
|-damage|p1a: Heatran|110\/382
|
|-heal|p1a: Heatran|133\/382|[from] item: Leftovers
|turn|4
|
|move|p1a: Heatran|Protect|p1a: Heatran
|-singleturn|p1a: Heatran|Protect
|move|p2a: Bronzong|Earthquake|p1a: Heatran
|-activate|p1a: Heatran|Protect
|
|-heal|p1a: Heatran|156\/382|[from] item: Leftovers
|turn|5
|
|switch|p1a: Altaria|Altaria, M|223\/350
|-damage|p1a: Altaria|136\/350|[from] Stealth Rock
|switch|p2a: Jolteon|Jolteon, M|272\/272
|-damage|p2a: Jolteon|238\/272|[from] Stealth Rock
|
|turn|6
|
|detailschange|p1a: Altaria|Altaria-Mega, M
|message|Altaria has Mega Evolved into Mega Altaria!
|move|p2a: Jolteon|Volt Switch|p1a: Altaria
|-resisted|p1a: Altaria
|-damage|p1a: Altaria|75\/350
|
|switch|p2a: Bronzong|Bronzong|338\/338
|-damage|p2a: Bronzong|317\/338|[from] Stealth Rock
|move|p1a: Altaria|Roost|p1a: Altaria
|-heal|p1a: Altaria|250\/350
|
|-heal|p2a: Bronzong|338\/338|[from] item: Leftovers
|turn|7
|
|switch|p1a: Skarmory|Skarmory, F|334\/334
|-damage|p1a: Skarmory|293\/334|[from] Stealth Rock
|move|p2a: Bronzong|Earthquake|p1a: Skarmory
|-immune|p1a: Skarmory|[msg]
|
|-heal|p1a: Skarmory|313\/334|[from] item: Leftovers
|turn|8
|
|switch|p2a: Jolteon|Jolteon, M|238\/272
|-damage|p2a: Jolteon|204\/272|[from] Stealth Rock
|move|p1a: Skarmory|Spikes|p2a: Jolteon
|-sidestart|p2: Mega Butt Blasters|Spikes
|
|-heal|p1a: Skarmory|333\/334|[from] item: Leftovers
|turn|9
|
|switch|p1a: Altaria|Altaria-Mega, M|250\/350
|-damage|p1a: Altaria|207\/350|[from] Stealth Rock
|move|p2a: Jolteon|Volt Switch|p1a: Altaria
|-resisted|p1a: Altaria
|-damage|p1a: Altaria|146\/350
|
|switch|p2a: Pidgeot|Pidgeot, F|307\/307
|-damage|p2a: Pidgeot|231\/307|[from] Stealth Rock
|
|turn|10
|
|detailschange|p2a: Pidgeot|Pidgeot-Mega, F
|message|Pidgeot has Mega Evolved into Mega Pidgeot!
|move|p2a: Pidgeot|Hurricane|p1a: Altaria
|-damage|p1a: Altaria|0 fnt
|faint|p1a: Altaria
|
|
|switch|p1a: Greninja|Greninja, M|285\/285
|-damage|p1a: Greninja|250\/285|[from] Stealth Rock
|turn|11
|
|switch|p2a: Slowking|Slowking, F|394\/394
|-damage|p2a: Slowking|345\/394|[from] Stealth Rock
|-damage|p2a: Slowking|296\/394|[from] Spikes
|move|p1a: Greninja|Ice Beam|p2a: Slowking
|-start|p1a: Greninja|typechange|Ice|[from] Protean
|-resisted|p2a: Slowking
|-damage|p2a: Slowking|241\/394
|-damage|p1a: Greninja|222\/285|[from] item: Life Orb
|
|turn|12
|
|move|p1a: Greninja|Dark Pulse|p2a: Slowking
|-start|p1a: Greninja|typechange|Dark|[from] Protean
|-supereffective|p2a: Slowking
|-damage|p2a: Slowking|38\/394
|-damage|p1a: Greninja|194\/285|[from] item: Life Orb
|move|p2a: Slowking|Scald|p1a: Greninja
|-damage|p1a: Greninja|1\/285
|
|turn|13
|
|move|p1a: Greninja|Ice Beam|p2a: Slowking
|-start|p1a: Greninja|typechange|Ice|[from] Protean
|-crit|p2a: Slowking
|-resisted|p2a: Slowking
|-damage|p2a: Slowking|0 fnt
|-damage|p1a: Greninja|0 fnt|[from] item: Life Orb
|faint|p2a: Slowking
|faint|p1a: Greninja
|
|
|switch|p2a: Jolteon|Jolteon, M|204\/272
|switch|p1a: Latias|Latias, F|360\/360
|-damage|p2a: Jolteon|170\/272|[from] Spikes
|-damage|p2a: Jolteon|136\/272|[from] Stealth Rock
|-damage|p1a: Latias|315\/360|[from] Stealth Rock
|turn|14
|
|move|p2a: Jolteon|Shadow Ball|p1a: Latias
|-supereffective|p1a: Latias
|-damage|p1a: Latias|125\/360
|move|p1a: Latias|Defog|p2a: Jolteon
|-unboost|p2a: Jolteon|evasion|1
|-sideend|p2: Mega Butt Blasters|Spikes|[from] move: Defog|[of] p2a: Jolteon
|-sideend|p2: Mega Butt Blasters|Stealth Rock|[from] move: Defog|[of] p2a: Jolteon
|-sideend|p1: Ace-11|Stealth Rock|[from] move: Defog|[of] p1a: Latias
|
|-heal|p1a: Latias|147\/360|[from] item: Leftovers
|turn|15
|
|switch|p1a: Heatran|Heatran, M|156\/382
|move|p2a: Jolteon|Shadow Ball|p1a: Heatran
|-damage|p1a: Heatran|69\/382
|-unboost|p1a: Heatran|spd|1
|
|-heal|p1a: Heatran|92\/382|[from] item: Leftovers
|turn|16
|
|move|p2a: Jolteon|Shadow Ball|p1a: Heatran
|-damage|p1a: Heatran|0 fnt
|faint|p1a: Heatran
|
|
|switch|p1a: Talonflame|Talonflame, M|329\/329
|turn|17
|
|switch|p2a: Amoonguss|Amoonguss, F|432\/432
|move|p1a: Talonflame|Brave Bird|p2a: Amoonguss
|-supereffective|p2a: Amoonguss
|-damage|p2a: Amoonguss|0 fnt
|-damage|p1a: Talonflame|186\/329|[from] recoil|[of] p2a: Amoonguss
|faint|p2a: Amoonguss
|
|
|switch|p2a: Bronzong|Bronzong|338\/338
|turn|18
|
|switch|p1a: Skarmory|Skarmory, F|333\/334
|switch|p2a: Cinccino|Cinccino, F|291\/291
|
|-heal|p1a: Skarmory|334\/334|[from] item: Leftovers
|turn|19
|
|move|p2a: Cinccino|Knock Off|p1a: Skarmory
|-damage|p1a: Skarmory|255\/334
|-enditem|p1a: Skarmory|Leftovers|[from] move: Knock Off|[of] p2a: Cinccino
|move|p1a: Skarmory|Brave Bird|p2a: Cinccino
|-damage|p2a: Cinccino|99\/291
|-damage|p1a: Skarmory|192\/334|[from] recoil|[of] p2a: Cinccino
|
|turn|20
|
|switch|p2a: Jolteon|Jolteon, M|136\/272
|move|p1a: Skarmory|Roost|p1a: Skarmory
|-heal|p1a: Skarmory|334\/334
|
|turn|21
|c|âAce-11|no skill link bitchino?
|
|switch|p1a: Latias|Latias, F|147\/360
|move|p2a: Jolteon|Thunderbolt|p1a: Latias
|-resisted|p1a: Latias
|-damage|p1a: Latias|69\/360
|
|-heal|p1a: Latias|91\/360|[from] item: Leftovers
|turn|22
|
|switch|p2a: Bronzong|Bronzong|338\/338
|move|p1a: Latias|Recover|p1a: Latias
|-heal|p1a: Latias|271\/360
|
|-heal|p1a: Latias|293\/360|[from] item: Leftovers
|turn|23
|
|switch|p1a: Skarmory|Skarmory, F|334\/334
|move|p2a: Bronzong|Stealth Rock|p1a: Skarmory
|-sidestart|p1: Ace-11|move: Stealth Rock
|
|turn|24
|
|switch|p2a: Jolteon|Jolteon, M|136\/272
|move|p1a: Skarmory|Spikes|p2a: Jolteon
|-sidestart|p2: Mega Butt Blasters|Spikes
|
|turn|25
|
|move|p2a: Jolteon|Volt Switch|p1a: Skarmory
|-supereffective|p1a: Skarmory
|-activate|p1a: Skarmory|Sturdy
|-damage|p1a: Skarmory|1\/334
|
|switch|p2a: Pidgeot|Pidgeot-Mega, F|231\/307
|move|p1a: Skarmory|Brave Bird|p2a: Pidgeot
|-damage|p2a: Pidgeot|71\/307
|-damage|p1a: Skarmory|0 fnt|[from] recoil|[of] p2a: Pidgeot
|faint|p1a: Skarmory
|
|
|switch|p1a: Latias|Latias, F|293\/360
|-damage|p1a: Latias|248\/360|[from] Stealth Rock
|turn|26
|
|move|p2a: Pidgeot|Hurricane|p1a: Latias
|-damage|p1a: Latias|92\/360
|-start|p1a: Latias|confusion
|-activate|p1a: Latias|confusion
|-damage|p1a: Latias|66\/360|[from] confusion
|
|-heal|p1a: Latias|88\/360|[from] item: Leftovers
|turn|27
|c|âMega Butt Blasters|:\/
|
|move|p2a: Pidgeot|Hurricane|p1a: Latias
|-damage|p1a: Latias|0 fnt
|faint|p1a: Latias
|
|c|âAce-11|i know!
|
|switch|p1a: Talonflame|Talonflame, M|186\/329
|-damage|p1a: Talonflame|22\/329|[from] Stealth Rock
|turn|28
|
|move|p2a: Pidgeot|Hurricane|p1a: Talonflame
|-damage|p1a: Talonflame|0 fnt
|faint|p1a: Talonflame
|
|win|Mega Butt Blasters
|raw|Ladder updating...
|leave|Ace-11
|player|p1
|raw|Ace-11's rating: 1462 &rarr; <strong>1439<\/strong><br \/>(-23 for losing)
|raw|Mega Butt Blasters's rating: 1404 &rarr; <strong>1427<\/strong><br \/>(+23 for winning)
|leave|Mega Butt Blasters
|player|p2
|join|Mega Butt Blasters