|join|mazanyai
|join|Ace-11
|player|p1|mazanyai|120
|player|p2|Ace-11|218
|gametype|singles
|gen|6
|tier|OU
|clearpoke
|poke|p1|Greninja, F
|poke|p1|Terrakion
|poke|p1|Scizor, F
|poke|p1|Skarmory, F
|poke|p1|Chansey, F
|poke|p1|Latios, M
|poke|p2|Metagross
|poke|p2|Rotom-Wash
|poke|p2|Gliscor, M
|poke|p2|Magnezone
|poke|p2|Skarmory, F
|poke|p2|Keldeo-Resolute
|rule|Swagger Clause: Swagger is banned
|rule|Baton Pass Clause: Limit one PokÃ©mon knowing Baton Pass
|rule|Sleep Clause Mod: Limit one foe put to sleep
|rule|Species Clause: Limit one of each PokÃ©mon
|rule|OHKO Clause: OHKO moves are banned
|rule|Moody Clause: Moody is banned
|rule|Evasion Moves Clause: Evasion moves are banned
|rule|Endless Battle Clause: Forcing endless battles is banned
|rule|HP Percentage Mod: HP is shown in percentages
|teampreview
|join|Korra Asami
|
|start
|switch|p1a: Greninja|Greninja, F|285\/285
|switch|p2a: MyLittleBitch|Keldeo-Resolute|324\/324
|turn|1
|
|move|p2a: MyLittleBitch|Secret Sword|p1a: Greninja
|-supereffective|p1a: Greninja
|-damage|p1a: Greninja|0 fnt
|faint|p1a: Greninja
|
|
|switch|p1a: Latios|Latios, M|301\/301
|turn|2
|join|QKIC
|
|switch|p2a: Metagross|Metagross|302\/302
|move|p1a: Latios|Draco Meteor|p2a: Metagross
|-resisted|p2a: Metagross
|-damage|p2a: Metagross|121\/302
|-unboost|p1a: Latios|spa|2
|
|turn|3
|
|switch|p1a: Skarmory|Skarmory, F|334\/334
|switch|p2a: Swagnezone|Magnezone|325\/325
|
|turn|4
|
|move|p2a: Swagnezone|Hidden Power|p1a: Skarmory
|-crit|p1a: Skarmory
|-supereffective|p1a: Skarmory
|-activate|p1a: Skarmory|Sturdy
|-damage|p1a: Skarmory|1\/334
|move|p1a: Skarmory|Whirlwind|p2a: Swagnezone
|drag|p2a: MyLittleBitch|Keldeo-Resolute|324\/324
|
|turn|5
|
|move|p2a: MyLittleBitch|Hidden Power|p1a: Skarmory
|-damage|p1a: Skarmory|0 fnt
|faint|p1a: Skarmory
|
|
|switch|p1a: Scizor|Scizor, F|344\/344
|turn|6
|
|switch|p2a: Bath Time|Rotom-Wash|303\/303
|detailschange|p1a: Scizor|Scizor-Mega, F
|-mega|p1a: Scizor|Scizor|Scizorite
|move|p1a: Scizor|Swords Dance|p1a: Scizor
|-boost|p1a: Scizor|atk|2
|
|turn|7
|
|move|p2a: Bath Time|Will-O-Wisp|p1a: Scizor
|-status|p1a: Scizor|brn
|move|p1a: Scizor|Knock Off|p2a: Bath Time
|-damage|p2a: Bath Time|176\/303
|-enditem|p2a: Bath Time|Leftovers|[from] move: Knock Off|[of] p1a: Scizor
|
|-damage|p1a: Scizor|301\/344 brn|[from] brn
|turn|8
|
|switch|p1a: Chansey|Chansey, F|704\/704
|move|p2a: Bath Time|Hydro Pump|p1a: Chansey
|-damage|p1a: Chansey|619\/704
|
|turn|9
|
|move|p2a: Bath Time|Volt Switch|p1a: Chansey
|-damage|p1a: Chansey|565\/704
|
|switch|p2a: Kyle's BFF|Gliscor, M|354\/354
|move|p1a: Chansey|Toxic|p2a: Kyle's BFF
|-status|p2a: Kyle's BFF|tox
|
|turn|10
|
|move|p2a: Kyle's BFF|Stealth Rock|p1a: Chansey
|-sidestart|p1: mazanyai|move: Stealth Rock
|move|p1a: Chansey|Aromatherapy|p1a: Chansey
|-cureteam|p1a: Chansey|[from] move: Aromatherapy
|
|turn|11
|
|switch|p2a: Battle Armor|Skarmory, F|334\/334
|switch|p1a: Latios|Latios, M|301\/301
|-damage|p1a: Latios|264\/301|[from] Stealth Rock
|
|turn|12
|join|snake 49
|
|move|p1a: Latios|Shadow Ball|p2a: Battle Armor
|-damage|p2a: Battle Armor|155\/334
|move|p2a: Battle Armor|Spikes|p1a: Latios
|-sidestart|p1: mazanyai|Spikes
|
|-heal|p2a: Battle Armor|175\/334|[from] item: Leftovers
|turn|13
|
|move|p1a: Latios|Shadow Ball|p2a: Battle Armor
|-damage|p2a: Battle Armor|0 fnt
|faint|p2a: Battle Armor
|
|
|switch|p2a: Kyle's BFF|Gliscor, M|354\/354 tox
|turn|14
|
|switch|p1a: Scizor|Scizor-Mega, F|301\/344
|-damage|p1a: Scizor|258\/344|[from] Stealth Rock
|-damage|p1a: Scizor|215\/344|[from] Spikes
|move|p2a: Kyle's BFF|Toxic|p1a: Scizor
|-fail|p1a: Scizor
|
|turn|15
|
|switch|p2a: MyLittleBitch|Keldeo-Resolute|324\/324
|move|p1a: Scizor|Roost|p1a: Scizor
|-heal|p1a: Scizor|344\/344
|
|turn|16
|
|move|p2a: MyLittleBitch|Scald|p1a: Scizor
|-damage|p1a: Scizor|196\/344
|move|p1a: Scizor|Knock Off|p2a: MyLittleBitch
|-resisted|p2a: MyLittleBitch
|-damage|p2a: MyLittleBitch|241\/324
|-boost|p2a: MyLittleBitch|atk|1|[from] ability: Justified
|-enditem|p2a: MyLittleBitch|Choice Scarf|[from] move: Knock Off|[of] p1a: Scizor
|
|turn|17
|join|bluri
|
|switch|p1a: Latios|Latios, M|264\/301
|-damage|p1a: Latios|227\/301|[from] Stealth Rock
|move|p2a: MyLittleBitch|Scald|p1a: Latios
|-resisted|p1a: Latios
|-damage|p1a: Latios|158\/301
|
|turn|18
|
|switch|p2a: Kyle's BFF|Gliscor, M|354\/354 tox
|move|p1a: Latios|Draco Meteor|p2a: Kyle's BFF|[miss]
|-miss|p1a: Latios|p2a: Kyle's BFF
|
|turn|19
|c|âmazanyai|ughh
|c|âAce-11|sorry
|
|move|p1a: Latios|Draco Meteor|p2a: Kyle's BFF
|-crit|p2a: Kyle's BFF
|-damage|p2a: Kyle's BFF|0 fnt
|-unboost|p1a: Latios|spa|2
|faint|p2a: Kyle's BFF
|
|leave|bluri
|
|switch|p2a: Metagross|Metagross|121\/302
|turn|20
|
|switch|p1a: Scizor|Scizor-Mega, F|196\/344
|-damage|p1a: Scizor|153\/344|[from] Spikes
|-damage|p1a: Scizor|110\/344|[from] Stealth Rock
|detailschange|p2a: Metagross|Metagross-Mega
|-mega|p2a: Metagross|Metagross|Metagrossite
|move|p2a: Metagross|Agility|p2a: Metagross
|-boost|p2a: Metagross|spe|2
|
|turn|21
|
|move|p2a: Metagross|Earthquake|p1a: Scizor
|-damage|p1a: Scizor|2\/344
|move|p1a: Scizor|Roost|p1a: Scizor
|-heal|p1a: Scizor|174\/344
|
|turn|22
|
|switch|p2a: MyLittleBitch|Keldeo-Resolute|241\/324
|move|p1a: Scizor|Roost|p1a: Scizor
|-heal|p1a: Scizor|344\/344
|
|turn|23
|
|switch|p1a: Chansey|Chansey, F|565\/704
|-damage|p1a: Chansey|477\/704|[from] Stealth Rock
|-damage|p1a: Chansey|389\/704|[from] Spikes
|move|p2a: MyLittleBitch|Scald|p1a: Chansey
|-damage|p1a: Chansey|289\/704
|-status|p1a: Chansey|brn
|
|-damage|p1a: Chansey|201\/704 brn|[from] brn
|turn|24
|
|move|p2a: MyLittleBitch|Secret Sword|p1a: Chansey
|-supereffective|p1a: Chansey
|-damage|p1a: Chansey|0 fnt
|faint|p1a: Chansey
|
|
|switch|p1a: Latios|Latios, M|158\/301
|-damage|p1a: Latios|121\/301|[from] Stealth Rock
|turn|25
|
|switch|p2a: Bath Time|Rotom-Wash|176\/303
|move|p1a: Latios|Draco Meteor|p2a: Bath Time|[miss]
|-miss|p1a: Latios|p2a: Bath Time
|
|turn|26
|
|move|p1a: Latios|Draco Meteor|p2a: Bath Time
|-damage|p2a: Bath Time|0 fnt
|-unboost|p1a: Latios|spa|2
|faint|p2a: Bath Time
|
|
|switch|p2a: Swagnezone|Magnezone|325\/325
|turn|27
|
|switch|p1a: Scizor|Scizor-Mega, F|344\/344
|-damage|p1a: Scizor|301\/344|[from] Stealth Rock
|-damage|p1a: Scizor|258\/344|[from] Spikes
|move|p2a: Swagnezone|Volt Switch|p1a: Scizor
|-damage|p1a: Scizor|44\/344
|
|switch|p2a: MyLittleBitch|Keldeo-Resolute|241\/324
|
|turn|28
|
|move|p1a: Scizor|Bullet Punch|p2a: MyLittleBitch
|-resisted|p2a: MyLittleBitch
|-damage|p2a: MyLittleBitch|175\/324
|move|p2a: MyLittleBitch|Scald|p1a: Scizor
|-damage|p1a: Scizor|0 fnt
|faint|p1a: Scizor
|
|
|switch|p1a: Terrakion|Terrakion|323\/323
|-damage|p1a: Terrakion|283\/323|[from] Spikes
|-damage|p1a: Terrakion|263\/323|[from] Stealth Rock
|turn|29
|c|âmazanyai|brb
|c|âAce-11|k
|
|move|p1a: Terrakion|Close Combat|p2a: MyLittleBitch
|-damage|p2a: MyLittleBitch|0 fnt
|-unboost|p1a: Terrakion|def|1
|-unboost|p1a: Terrakion|spd|1
|faint|p2a: MyLittleBitch
|
|
|switch|p2a: Metagross|Metagross-Mega|121\/302
|turn|30
|c| QKIC|b.punch kills
|c|âmazanyai|i kow
|c|âmazanyai|*know
|c|âAce-11|i hope
|c|âmazanyai|why dont they have an updated dmg calc yet
|
|switch|p1a: Latios|Latios, M|121\/301
|-damage|p1a: Latios|84\/301|[from] Stealth Rock
|move|p2a: Metagross|Agility|p2a: Metagross
|-boost|p2a: Metagross|spe|2
|
|turn|31
|c|âAce-11|lol the bluff
|c|âAce-11|only luck saves you bro,fingers crossed so i miss
|
|move|p2a: Metagross|Meteor Mash|p1a: Latios
|-crit|p1a: Latios
|-damage|p1a: Latios|0 fnt
|faint|p1a: Latios
|
|
|switch|p1a: Terrakion|Terrakion|263\/323
|-damage|p1a: Terrakion|223\/323|[from] Spikes
|-damage|p1a: Terrakion|203\/323|[from] Stealth Rock
|turn|32
|c|âAce-11|i bet 10euros ill miss
|c|âmazanyai|ill take that]
|c|âAce-11|will earthquake kill?
|c| QKIC|lemme calc
|c|âAce-11|need to calc
|c| QKIC|252 Atk Mega Metagross Earthquake vs. 0 HP \/ 0 Def Terrakion: 260-306 (80.4 - 94.7%) -- guaranteed 2HKO
|c| QKIC|go for it m8
|c|âAce-11|k
|
|move|p2a: Metagross|Earthquake|p1a: Terrakion
|-supereffective|p1a: Terrakion
|-damage|p1a: Terrakion|0 fnt
|faint|p1a: Terrakion
|
|win|Ace-11
|c|âAce-11|gg
|c|âmazanyai|gg
|c|âAce-11|u chocked
|c|âAce-11|i dont have bullet punch
|c|âmazanyai|lol, most do so i couldnt risk it
|c|âAce-11|it was a 50\/50
|c| QKIC|he''d lose anyway
|c|âmazanyai|gg tho
|leave|mazanyai
|player|p1
|c|âAce-11|k gg
|c| QKIC|CC can't kill megagross
|c|âAce-11|preety sure it can
|c|âAce-11|k i have to do another match