|join|weavilee
|join|Ace-11
|player|p1|weavilee|80
|player|p2|Ace-11|218
|gametype|singles
|gen|6
|tier|OU
|rated
|clearpoke
|poke|p1|Gyarados, M
|poke|p1|Dragalge, M
|poke|p1|Magnezone
|poke|p1|Landorus-Therian, M
|poke|p1|Mamoswine, F
|poke|p1|Greninja, M
|poke|p2|Politoed, M, shiny
|poke|p2|Swampert, M
|poke|p2|Vaporeon, F
|poke|p2|Magnezone
|poke|p2|Tornadus-Therian, M
|poke|p2|Ferrothorn, M
|rule|Swagger Clause: Swagger is banned
|rule|Baton Pass Clause: Limit one PokÃ©mon knowing Baton Pass
|rule|Sleep Clause Mod: Limit one foe put to sleep
|rule|Species Clause: Limit one of each PokÃ©mon
|rule|OHKO Clause: OHKO moves are banned
|rule|Moody Clause: Moody is banned
|rule|Evasion Moves Clause: Evasion moves are banned
|rule|Endless Battle Clause: Forcing endless battles is banned
|rule|HP Percentage Mod: HP is shown in percentages
|teampreview
|
|start
|switch|p1a: Mamoswine|Mamoswine, F|361\/361
|switch|p2a: Swampert|Swampert, M|400\/400
|turn|1
|
|detailschange|p2a: Swampert|Swampert-Mega, M
|message|Swampert has Mega Evolved into Mega Swampert!
|move|p1a: Mamoswine|Stealth Rock|p2a: Swampert
|-sidestart|p2: Ace-11|move: Stealth Rock
|move|p2a: Swampert|Stone Edge|p1a: Mamoswine
|-damage|p1a: Mamoswine|200\/361
|
|turn|2
|
|move|p1a: Mamoswine|Earthquake|p2a: Swampert
|-damage|p2a: Swampert|222\/400
|move|p2a: Swampert|Waterfall|p1a: Mamoswine
|-supereffective|p1a: Mamoswine
|-damage|p1a: Mamoswine|0 fnt
|faint|p1a: Mamoswine
|
|
|switch|p1a: Dragalge|Dragalge, M|321\/321
|turn|3
|
|switch|p2a: Free hugs|Ferrothorn, M|352\/352
|-damage|p2a: Free hugs|330\/352|[from] Stealth Rock
|move|p1a: Dragalge|Focus Blast|p2a: Free hugs
|-supereffective|p2a: Free hugs
|-damage|p2a: Free hugs|14\/352
|
|-heal|p2a: Free hugs|36\/352|[from] item: Leftovers
|turn|4
|
|move|p1a: Dragalge|Focus Blast|p2a: Free hugs
|-supereffective|p2a: Free hugs
|-damage|p2a: Free hugs|0 fnt
|faint|p2a: Free hugs
|
|
|switch|p2a: Frogger|Politoed, M, shiny|384\/384
|-damage|p2a: Frogger|336\/384|[from] Stealth Rock
|-weather|RainDance
|turn|5
|
|switch|p1a: Gyarados|Gyarados, M|351\/351
|-ability|p1a: Gyarados|Intimidate|[of] p2a: Frogger
|-unboost|p2a: Frogger|atk|1
|move|p2a: Frogger|Ice Beam|p1a: Gyarados
|-damage|p1a: Gyarados|282\/351
|
|-weather|RainDance|[upkeep]
|turn|6
|
|move|p1a: Gyarados|Taunt|p2a: Frogger
|-start|p2a: Frogger|move: Taunt
|cant|p2a: Frogger|move: Taunt|Toxic
|
|-weather|RainDance|[upkeep]
|turn|7
|
|move|p1a: Gyarados|Dragon Dance|p1a: Gyarados
|-boost|p1a: Gyarados|atk|1
|-boost|p1a: Gyarados|spe|1
|move|p2a: Frogger|Scald|p1a: Gyarados
|-resisted|p1a: Gyarados
|-damage|p1a: Gyarados|215\/351
|
|-weather|RainDance|[upkeep]
|turn|8
|
|detailschange|p1a: Gyarados|Gyarados-Mega, M
|message|Gyarados has Mega Evolved into Mega Gyarados!
|-ability|p1a: Gyarados|Mold Breaker
|move|p1a: Gyarados|Crunch|p2a: Frogger
|-damage|p2a: Frogger|23\/384
|-unboost|p2a: Frogger|def|1
|move|p2a: Frogger|Scald|p1a: Gyarados
|-resisted|p1a: Gyarados
|-damage|p1a: Gyarados|161\/351
|
|-weather|RainDance|[upkeep]
|-end|p2a: Frogger|move: Taunt
|turn|9
|
|move|p1a: Gyarados|Waterfall|p2a: Frogger
|-resisted|p2a: Frogger
|-damage|p2a: Frogger|0 fnt
|faint|p2a: Frogger
|
|-weather|RainDance|[upkeep]
|
|switch|p2a: Swampert|Swampert-Mega, M|222\/400
|-damage|p2a: Swampert|197\/400|[from] Stealth Rock
|turn|10
|
|move|p1a: Gyarados|Crunch|p2a: Swampert
|-damage|p2a: Swampert|0 fnt
|faint|p2a: Swampert
|
|-weather|RainDance|[upkeep]
|
|switch|p2a: Swagnezone|Magnezone|325\/325
|-damage|p2a: Swagnezone|305\/325|[from] Stealth Rock
|turn|11
|-message|Ace-11 forfeited.
|
|win|weavilee
|raw|Ladder updating...
|leave|Ace-11
|player|p2