|join|Tabask0
|join|Ace-11
|player|p1|Tabask0|160
|player|p2|Ace-11|141
|gametype|singles
|gen|6
|tier|OU
|rated
|clearpoke
|poke|p1|Diancie
|poke|p1|Garchomp, F
|poke|p1|Breloom, F, shiny
|poke|p1|Bisharp, F
|poke|p1|Rotom-Wash
|poke|p1|Gardevoir, M
|poke|p2|Politoed, M, shiny
|poke|p2|Magnezone
|poke|p2|Vaporeon, M
|poke|p2|Kingdra, F, shiny
|poke|p2|Azumarill, M
|poke|p2|Ferrothorn, M
|rule|Swagger Clause: Swagger is banned
|rule|Baton Pass Clause: Limit one PokÃ©mon knowing Baton Pass
|rule|Sleep Clause Mod: Limit one foe put to sleep
|rule|Species Clause: Limit one of each PokÃ©mon
|rule|OHKO Clause: OHKO moves are banned
|rule|Moody Clause: Moody is banned
|rule|Evasion Moves Clause: Evasion moves are banned
|rule|Endless Battle Clause: Forcing endless battles is banned
|rule|HP Percentage Mod: HP is shown in percentages
|teampreview
|
|start
|switch|p1a: Diancie|Diancie|304\/304
|switch|p2a: Ferrothorn|Ferrothorn, M|352\/352
|turn|1
|
|move|p1a: Diancie|Stealth Rock|p2a: Ferrothorn
|-sidestart|p2: Ace-11|move: Stealth Rock
|move|p2a: Ferrothorn|Gyro Ball|p1a: Diancie
|-supereffective|p1a: Diancie
|-damage|p1a: Diancie|16\/304
|
|turn|2
|
|move|p1a: Diancie|Reflect|p1a: Diancie
|-sidestart|p1: Tabask0|Reflect
|move|p2a: Ferrothorn|Stealth Rock|p1a: Diancie
|-sidestart|p1: Tabask0|move: Stealth Rock
|
|turn|3
|
|move|p1a: Diancie|Light Screen|p1a: Diancie
|-sidestart|p1: Tabask0|move: Light Screen
|move|p2a: Ferrothorn|Spikes|p1a: Diancie
|-sidestart|p1: Tabask0|Spikes
|
|turn|4
|
|switch|p1a: Rotom-Wash|Rotom-Wash|304\/304
|-damage|p1a: Rotom-Wash|266\/304|[from] Stealth Rock
|move|p2a: Ferrothorn|Spikes|p1a: Rotom-Wash
|-sidestart|p1: Tabask0|Spikes
|
|turn|5
|
|move|p1a: Rotom-Wash|Will-O-Wisp|p2a: Ferrothorn
|-status|p2a: Ferrothorn|brn
|move|p2a: Ferrothorn|Spikes|p1a: Rotom-Wash
|-sidestart|p1: Tabask0|Spikes
|
|-damage|p2a: Ferrothorn|308\/352 brn|[from] brn
|turn|6
|
|switch|p1a: Fireshroom|Breloom, F, shiny|324\/324
|-damage|p1a: Fireshroom|304\/324|[from] Stealth Rock
|-damage|p1a: Fireshroom|223\/324|[from] Spikes
|move|p2a: Ferrothorn|Leech Seed|p1a: Fireshroom
|-immune|p1a: Fireshroom|[msg]
|
|-heal|p1a: Fireshroom|243\/324|[from] item: Leftovers
|-heal|p2a: Ferrothorn|330\/352 brn|[from] item: Leftovers
|-damage|p2a: Ferrothorn|286\/352 brn|[from] brn
|turn|7
|
|move|p1a: Fireshroom|Mach Punch|p2a: Ferrothorn
|-supereffective|p2a: Ferrothorn
|-damage|p2a: Ferrothorn|160\/352 brn
|-damage|p1a: Fireshroom|203\/324|[from] ability: Iron Barbs|[of] p2a: Ferrothorn
|move|p2a: Ferrothorn|Gyro Ball|p1a: Fireshroom
|-damage|p1a: Fireshroom|167\/324
|
|-heal|p1a: Fireshroom|187\/324|[from] item: Leftovers
|-heal|p2a: Ferrothorn|182\/352 brn|[from] item: Leftovers
|-damage|p2a: Ferrothorn|138\/352 brn|[from] brn
|turn|8
|
|move|p1a: Fireshroom|Mach Punch|p2a: Ferrothorn
|-supereffective|p2a: Ferrothorn
|-damage|p2a: Ferrothorn|28\/352 brn
|-damage|p1a: Fireshroom|147\/324|[from] ability: Iron Barbs|[of] p2a: Ferrothorn
|move|p2a: Ferrothorn|Gyro Ball|p1a: Fireshroom
|-damage|p1a: Fireshroom|113\/324
|
|-heal|p1a: Fireshroom|133\/324|[from] item: Leftovers
|-heal|p2a: Ferrothorn|50\/352 brn|[from] item: Leftovers
|-damage|p2a: Ferrothorn|6\/352 brn|[from] brn
|turn|9
|
|move|p1a: Fireshroom|Bullet Seed|p2a: Ferrothorn
|-resisted|p2a: Ferrothorn
|-damage|p2a: Ferrothorn|0 fnt
|-hitcount|p2a: Ferrothorn|1
|faint|p2a: Ferrothorn
|
|-heal|p1a: Fireshroom|153\/324|[from] item: Leftovers
|-sideend|p1: Tabask0|Reflect
|
|switch|p2a: Politoed|Politoed, M, shiny|384\/384
|-damage|p2a: Politoed|336\/384|[from] Stealth Rock
|-weather|RainDance
|turn|10
|
|switch|p2a: Magnezone|Magnezone|317\/317
|-damage|p2a: Magnezone|298\/317|[from] Stealth Rock
|move|p1a: Fireshroom|Bullet Seed|p2a: Magnezone
|-resisted|p2a: Magnezone
|-damage|p2a: Magnezone|276\/317
|-resisted|p2a: Magnezone
|-damage|p2a: Magnezone|251\/317
|-resisted|p2a: Magnezone
|-damage|p2a: Magnezone|224\/317
|-hitcount|p2a: Magnezone|3
|
|-weather|RainDance|[upkeep]
|-heal|p1a: Fireshroom|173\/324|[from] item: Leftovers
|-heal|p2a: Magnezone|243\/317|[from] item: Leftovers
|-sideend|p1: Tabask0|move: Light Screen
|turn|11
|
|move|p1a: Fireshroom|Spore|p2a: Magnezone
|-status|p2a: Magnezone|slp
|cant|p2a: Magnezone|slp
|
|-weather|RainDance|[upkeep]
|-heal|p1a: Fireshroom|193\/324|[from] item: Leftovers
|-heal|p2a: Magnezone|262\/317 slp|[from] item: Leftovers
|turn|12
|
|switch|p2a: Vaporeon|Vaporeon, M|464\/464
|-damage|p2a: Vaporeon|406\/464|[from] Stealth Rock
|move|p1a: Fireshroom|Mach Punch|p2a: Vaporeon
|-damage|p2a: Vaporeon|277\/464
|
|-weather|RainDance|[upkeep]
|-heal|p1a: Fireshroom|213\/324|[from] item: Leftovers
|-heal|p2a: Vaporeon|306\/464|[from] item: Leftovers
|turn|13
|
|move|p1a: Fireshroom|Bullet Seed|p2a: Vaporeon
|-supereffective|p2a: Vaporeon
|-damage|p2a: Vaporeon|148\/464
|-supereffective|p2a: Vaporeon
|-damage|p2a: Vaporeon|0 fnt
|-hitcount|p2a: Vaporeon|2
|faint|p2a: Vaporeon
|
|-weather|RainDance|[upkeep]
|-heal|p1a: Fireshroom|233\/324|[from] item: Leftovers
|
|switch|p2a: Kingdra|Kingdra, F, shiny|354\/354
|-damage|p2a: Kingdra|310\/354|[from] Stealth Rock
|turn|14
|
|move|p2a: Kingdra|Surf|p1a: Fireshroom
|-resisted|p1a: Fireshroom
|-damage|p1a: Fireshroom|8\/324
|move|p1a: Fireshroom|Bullet Seed|p2a: Kingdra
|-damage|p2a: Kingdra|252\/354
|-damage|p2a: Kingdra|186\/354
|-damage|p2a: Kingdra|119\/354
|-hitcount|p2a: Kingdra|3
|
|-weather|none
|-heal|p1a: Fireshroom|28\/324|[from] item: Leftovers
|turn|15
|
|switch|p2a: Azumarill|Azumarill, M|404\/404
|-damage|p2a: Azumarill|354\/404|[from] Stealth Rock
|move|p1a: Fireshroom|Mach Punch|p2a: Azumarill
|-resisted|p2a: Azumarill
|-damage|p2a: Azumarill|300\/404
|
|-heal|p1a: Fireshroom|48\/324|[from] item: Leftovers
|turn|16
|
|move|p2a: Azumarill|Aqua Jet|p1a: Fireshroom
|-resisted|p1a: Fireshroom
|-damage|p1a: Fireshroom|0 fnt
|faint|p1a: Fireshroom
|
|
|switch|p1a: Rotom-Wash|Rotom-Wash|266\/304
|-damage|p1a: Rotom-Wash|228\/304|[from] Stealth Rock
|turn|17
|
|switch|p2a: Magnezone|Magnezone|262\/317 slp
|-damage|p2a: Magnezone|243\/317 slp|[from] Stealth Rock
|move|p1a: Rotom-Wash|Will-O-Wisp|p2a: Magnezone|[miss]
|-miss|p1a: Rotom-Wash|p2a: Magnezone
|
|-heal|p2a: Magnezone|262\/317 slp|[from] item: Leftovers
|turn|18
|
|move|p1a: Rotom-Wash|Hydro Pump|p2a: Magnezone
|-damage|p2a: Magnezone|63\/317 slp
|cant|p2a: Magnezone|slp
|
|-heal|p2a: Magnezone|82\/317 slp|[from] item: Leftovers
|turn|19
|
|move|p1a: Rotom-Wash|Hydro Pump|p2a: Magnezone
|-damage|p2a: Magnezone|0 fnt
|faint|p2a: Magnezone
|
|
|switch|p2a: Azumarill|Azumarill, M|300\/404
|-damage|p2a: Azumarill|250\/404|[from] Stealth Rock
|turn|20
|
|move|p1a: Rotom-Wash|Discharge|p2a: Azumarill
|-crit|p2a: Azumarill
|-supereffective|p2a: Azumarill
|-damage|p2a: Azumarill|0 fnt
|faint|p2a: Azumarill
|
|-message|Ace-11 forfeited.
|
|win|Tabask0
|raw|Ladder updating...
|leave|Ace-11
|player|p2
|raw|Tabask0's rating: 1378 &rarr; <strong>1399<\/strong><br \/>(+21 for winning)
|raw|Ace-11's rating: 1391 &rarr; <strong>1370<\/strong><br \/>(-21 for losing)