|join|DrNatsu
|join|Don't Use Mega
|player|p1|DrNatsu|68
|player|p2|Don't Use Mega|101
|gametype|singles
|gen|6
|tier|OU
|rated
|clearpoke
|poke|p1|Pinsir, M
|poke|p1|Tyranitar, M
|poke|p1|Clefable, M
|poke|p1|Rotom-Wash, shiny
|poke|p1|Garchomp, M, shiny
|poke|p1|Excadrill, M
|poke|p2|Gothitelle, M
|poke|p2|Landorus-Therian, M
|poke|p2|Alomomola, F
|poke|p2|Chansey, F
|poke|p2|Amoonguss, M
|poke|p2|Tentacruel, M
|rule|Swagger Clause: Swagger is banned
|rule|Baton Pass Clause: Limit one PokÃ©mon knowing Baton Pass
|rule|Sleep Clause Mod: Limit one foe put to sleep
|rule|Species Clause: Limit one of each PokÃ©mon
|rule|OHKO Clause: OHKO moves are banned
|rule|Moody Clause: Moody is banned
|rule|Evasion Moves Clause: Evasion moves are banned
|rule|Endless Battle Clause: Forcing endless battles is banned
|rule|HP Percentage Mod: HP is shown in percentages
|teampreview
|
|start
|switch|p1a: Kuroko Tetsuya|Garchomp, M, shiny|357\/357
|switch|p2a: Landorus-Therian|Landorus-Therian, M|382\/382
|-ability|p2a: Landorus-Therian|Intimidate|[of] p1a: Kuroko Tetsuya
|-unboost|p1a: Kuroko Tetsuya|atk|1
|turn|1
|
|move|p1a: Kuroko Tetsuya|Stealth Rock|p2a: Landorus-Therian
|-sidestart|p2: Don't Use Mega|move: Stealth Rock
|move|p2a: Landorus-Therian|Earthquake|p1a: Kuroko Tetsuya
|-damage|p1a: Kuroko Tetsuya|200\/357
|
|turn|2
|
|switch|p1a: Akashi Seijuro|Rotom-Wash, shiny|304\/304
|move|p2a: Landorus-Therian|U-turn|p1a: Akashi Seijuro
|-damage|p1a: Akashi Seijuro|251\/304
|
|switch|p2a: Amoonguss|Amoonguss, M|430\/430
|-damage|p2a: Amoonguss|377\/430|[from] Stealth Rock
|
|-heal|p1a: Akashi Seijuro|270\/304|[from] item: Leftovers
|-heal|p2a: Amoonguss|403\/430|[from] item: Black Sludge
|turn|3
|
|switch|p1a: Murasakibara|Clefable, M|394\/394
|move|p2a: Amoonguss|Spore|p1a: Murasakibara
|-status|p1a: Murasakibara|slp
|
|-heal|p2a: Amoonguss|429\/430|[from] item: Black Sludge
|turn|4
|
|switch|p2a: Landorus-Therian|Landorus-Therian, M|382\/382
|-damage|p2a: Landorus-Therian|335\/382|[from] Stealth Rock
|-ability|p2a: Landorus-Therian|Intimidate|[of] p1a: Murasakibara
|-unboost|p1a: Murasakibara|atk|1
|cant|p1a: Murasakibara|slp
|
|turn|5
|
|switch|p1a: Kuroko Tetsuya|Garchomp, M, shiny|200\/357
|move|p2a: Landorus-Therian|U-turn|p1a: Kuroko Tetsuya
|-damage|p1a: Kuroko Tetsuya|121\/357
|-damage|p2a: Landorus-Therian|288\/382|[from] ability: Rough Skin|[of] p1a: Kuroko Tetsuya
|
|switch|p2a: Gothitelle|Gothitelle, M|301\/301
|-damage|p2a: Gothitelle|264\/301|[from] Stealth Rock
|
|turn|6
|
|move|p2a: Gothitelle|Psychic|p1a: Kuroko Tetsuya
|-damage|p1a: Kuroko Tetsuya|0 fnt
|faint|p1a: Kuroko Tetsuya
|
|
|switch|p1a: Murasakibara|Clefable, M|394\/394 slp
|turn|7
|
|switch|p2a: Tentacruel|Tentacruel, M|352\/352
|-damage|p2a: Tentacruel|308\/352|[from] Stealth Rock
|cant|p1a: Murasakibara|slp
|
|-heal|p2a: Tentacruel|330\/352|[from] item: Black Sludge
|turn|8
|
|switch|p1a: Aomine Daiki|Tyranitar, M|391\/391
|-weather|Sandstorm
|move|p2a: Tentacruel|Rapid Spin|p1a: Aomine Daiki
|-crit|p1a: Aomine Daiki
|-resisted|p1a: Aomine Daiki
|-damage|p1a: Aomine Daiki|385\/391
|-sideend|p2: Don't Use Mega|Stealth Rock|[from] move: Rapid Spin|[of] p2a: Tentacruel
|
|-weather|Sandstorm|[upkeep]
|-damage|p2a: Tentacruel|308\/352|[from] sandstorm
|-heal|p2a: Tentacruel|330\/352|[from] item: Black Sludge
|turn|9
|
|move|p2a: Tentacruel|Toxic Spikes|p1a: Aomine Daiki
|-sidestart|p1: DrNatsu|move: Toxic Spikes
|move|p1a: Aomine Daiki|Stone Edge|p2a: Tentacruel|[miss]
|-miss|p1a: Aomine Daiki|p2a: Tentacruel
|
|-weather|Sandstorm|[upkeep]
|-damage|p2a: Tentacruel|308\/352|[from] sandstorm
|-heal|p2a: Tentacruel|330\/352|[from] item: Black Sludge
|turn|10
|
|move|p2a: Tentacruel|Scald|p1a: Aomine Daiki
|-supereffective|p1a: Aomine Daiki
|-damage|p1a: Aomine Daiki|287\/391
|move|p1a: Aomine Daiki|Stone Edge|p2a: Tentacruel
|-damage|p2a: Tentacruel|57\/352
|
|-weather|Sandstorm|[upkeep]
|-damage|p2a: Tentacruel|35\/352|[from] sandstorm
|-heal|p2a: Tentacruel|57\/352|[from] item: Black Sludge
|turn|11
|
|switch|p2a: Alomomola|Alomomola, F|472\/472
|move|p1a: Aomine Daiki|Stone Edge|p2a: Alomomola|[miss]
|-miss|p1a: Aomine Daiki|p2a: Alomomola
|
|-weather|Sandstorm|[upkeep]
|-damage|p2a: Alomomola|443\/472|[from] sandstorm
|-heal|p2a: Alomomola|472\/472|[from] item: Leftovers
|turn|12
|
|switch|p1a: Murasakibara|Clefable, M|394\/394 slp
|move|p2a: Alomomola|Scald|p1a: Murasakibara
|-crit|p1a: Murasakibara
|-damage|p1a: Murasakibara|319\/394 slp
|
|-weather|none
|turn|13
|
|switch|p2a: Gothitelle|Gothitelle, M|264\/301
|cant|p1a: Murasakibara|slp
|
|turn|14
|
|move|p2a: Gothitelle|Trick|p1a: Murasakibara
|-activate|p2a: Gothitelle|move: Trick|[of] p1a: Murasakibara
|-item|p1a: Murasakibara|Choice Scarf|[from] move: Trick
|-item|p2a: Gothitelle|Life Orb|[from] move: Trick
|-curestatus|p1a: Murasakibara|slp
|move|p1a: Murasakibara|Soft-Boiled|p1a: Murasakibara
|-heal|p1a: Murasakibara|394\/394
|
|turn|15
|-message|DrNatsu forfeited.
|
|win|Don't Use Mega
|raw|Ladder updating...
|leave|DrNatsu
|player|p1
|raw|DrNatsu's rating: 1519 &rarr; <strong>1502<\/strong><br \/>(-17 for losing)
|raw|Don&apos;t Use Mega's rating: 1576 &rarr; <strong>1593<\/strong><br \/>(+17 for winning)
|join|Nayuki
|leave|Nayuki