|join|CleanerThanRotom-W
|join|Don't Use MeGa
|player|p1|CleanerThanRotom-W|226
|player|p2|Don't Use MeGa|101
|gametype|singles
|gen|6
|tier|OU
|rated
|clearpoke
|poke|p1|Sableye, F
|poke|p1|Chansey, F
|poke|p1|Cresselia, F
|poke|p1|Gothitelle, M
|poke|p1|Skarmory, F
|poke|p1|Quagsire, M
|poke|p2|Tyranitar, M
|poke|p2|Slowbro, M
|poke|p2|Skarmory, F
|poke|p2|Amoonguss, M
|poke|p2|Clefable, F
|poke|p2|Chansey, F
|rule|Swagger Clause: Swagger is banned
|rule|Baton Pass Clause: Limit one PokÃ©mon knowing Baton Pass
|rule|Sleep Clause Mod: Limit one foe put to sleep
|rule|Species Clause: Limit one of each PokÃ©mon
|rule|OHKO Clause: OHKO moves are banned
|rule|Moody Clause: Moody is banned
|rule|Evasion Moves Clause: Evasion moves are banned
|rule|Endless Battle Clause: Forcing endless battles is banned
|rule|HP Percentage Mod: HP is shown in percentages
|teampreview
|c|âCleanerThanRotom-W|are u bored agai lol
|c|âDon't Use MeGa|haha
|c|âCleanerThanRotom-W|*again
|c|âDon't Use MeGa|^_^
|c|âCleanerThanRotom-W|haha
|
|start
|switch|p1a: Sableye|Sableye, F|303\/303
|switch|p2a: Amoonguss|Amoonguss, M|430\/430
|turn|1
|
|switch|p2a: Clefable|Clefable, F|392\/392
|detailschange|p1a: Sableye|Sableye-Mega, F
|message|Sableye has Mega Evolved into Mega Sableye!
|move|p1a: Sableye|Will-O-Wisp|p2a: Clefable
|-status|p2a: Clefable|brn
|
|turn|2
|
|switch|p2a: Tyranitar|Tyranitar, M|342\/342
|-weather|Sandstorm
|move|p1a: Sableye|Will-O-Wisp|p2a: Tyranitar
|-status|p2a: Tyranitar|brn
|
|-weather|Sandstorm|[upkeep]
|-damage|p1a: Sableye|285\/303|[from] sandstorm
|-damage|p2a: Tyranitar|300\/342 brn|[from] brn
|turn|3
|c|âDon't Use MeGa|haha
|c|âCleanerThanRotom-W|kek
|
|switch|p2a: Slowbro|Slowbro, M|390\/390
|move|p1a: Sableye|Calm Mind|p1a: Sableye
|-boost|p1a: Sableye|spa|1
|-boost|p1a: Sableye|spd|1
|
|-weather|Sandstorm|[upkeep]
|-damage|p2a: Slowbro|366\/390|[from] sandstorm
|-damage|p1a: Sableye|267\/303|[from] sandstorm
|turn|4
|
|move|p2a: Slowbro|Scald|p1a: Sableye
|-damage|p1a: Sableye|228\/303
|-status|p1a: Sableye|brn
|move|p1a: Sableye|Calm Mind|p1a: Sableye
|-boost|p1a: Sableye|spa|1
|-boost|p1a: Sableye|spd|1
|
|-weather|Sandstorm|[upkeep]
|-damage|p2a: Slowbro|342\/390|[from] sandstorm
|-damage|p1a: Sableye|210\/303 brn|[from] sandstorm
|-damage|p1a: Sableye|173\/303 brn|[from] brn
|turn|5
|
|switch|p2a: Tyranitar|Tyranitar, M|300\/342 brn
|move|p1a: Sableye|Calm Mind|p1a: Sableye
|-boost|p1a: Sableye|spa|1
|-boost|p1a: Sableye|spd|1
|
|-weather|Sandstorm|[upkeep]
|-damage|p1a: Sableye|155\/303 brn|[from] sandstorm
|-damage|p2a: Tyranitar|258\/342 brn|[from] brn
|-damage|p1a: Sableye|118\/303 brn|[from] brn
|turn|6
|
|move|p2a: Tyranitar|Crunch|p1a: Sableye
|-damage|p1a: Sableye|58\/303 brn
|move|p1a: Sableye|Recover|p1a: Sableye
|-heal|p1a: Sableye|210\/303 brn
|
|-weather|none
|-damage|p2a: Tyranitar|216\/342 brn|[from] brn
|-damage|p1a: Sableye|173\/303 brn|[from] brn
|turn|7
|
|switch|p2a: Clefable|Clefable, F|392\/392 brn
|move|p1a: Sableye|Recover|p1a: Sableye
|-heal|p1a: Sableye|303\/303 brn
|
|-damage|p1a: Sableye|266\/303 brn|[from] brn
|turn|8
|
|move|p2a: Clefable|Knock Off|p1a: Sableye
|-damage|p1a: Sableye|252\/303 brn
|move|p1a: Sableye|Calm Mind|p1a: Sableye
|-boost|p1a: Sableye|spa|1
|-boost|p1a: Sableye|spd|1
|
|-damage|p1a: Sableye|215\/303 brn|[from] brn
|turn|9
|
|switch|p2a: Amoonguss|Amoonguss, M|430\/430
|move|p1a: Sableye|Recover|p1a: Sableye
|-heal|p1a: Sableye|303\/303 brn
|
|-damage|p1a: Sableye|266\/303 brn|[from] brn
|turn|10
|
|move|p2a: Amoonguss|Clear Smog|p1a: Sableye
|-resisted|p1a: Sableye
|-damage|p1a: Sableye|260\/303 brn
|-clearboost|p1a: Sableye
|move|p1a: Sableye|Dark Pulse|p2a: Amoonguss
|-damage|p2a: Amoonguss|345\/430
|
|-heal|p2a: Amoonguss|371\/430|[from] item: Black Sludge
|-damage|p1a: Sableye|223\/303 brn|[from] brn
|turn|11
|
|switch|p1a: Gothitelle|Gothitelle, M|301\/301
|move|p2a: Amoonguss|Giga Drain|p1a: Gothitelle
|-damage|p1a: Gothitelle|229\/301
|-heal|p2a: Amoonguss|407\/430|[from] drain|[of] p1a: Gothitelle
|
|-heal|p2a: Amoonguss|430\/430|[from] item: Black Sludge
|turn|12
|
|move|p1a: Gothitelle|Trick|p2a: Amoonguss
|-activate|p1a: Gothitelle|move: Trick|[of] p2a: Amoonguss
|-item|p2a: Amoonguss|Choice Scarf|[from] move: Trick
|-item|p1a: Gothitelle|Black Sludge|[from] move: Trick
|move|p2a: Amoonguss|Spore|p1a: Gothitelle
|-status|p1a: Gothitelle|slp
|
|-damage|p1a: Gothitelle|192\/301 slp|[from] item: Black Sludge
|turn|13
|
|cant|p1a: Gothitelle|slp
|move|p2a: Amoonguss|Spore|p1a: Gothitelle
|-fail|p1a: Gothitelle|slp
|
|-damage|p1a: Gothitelle|155\/301 slp|[from] item: Black Sludge
|turn|14
|
|cant|p1a: Gothitelle|slp
|move|p2a: Amoonguss|Spore|p1a: Gothitelle
|-fail|p1a: Gothitelle|slp
|
|-damage|p1a: Gothitelle|118\/301 slp|[from] item: Black Sludge
|turn|15
|
|-curestatus|p1a: Gothitelle|slp
|move|p1a: Gothitelle|Rest|p1a: Gothitelle
|-status|p1a: Gothitelle|slp
|-heal|p1a: Gothitelle|301\/301 slp|[silent]
|-status|p1a: Gothitelle|slp|[from] move: Rest
|move|p2a: Amoonguss|Spore|p1a: Gothitelle
|-fail|p1a: Gothitelle|slp
|
|-damage|p1a: Gothitelle|264\/301 slp|[from] item: Black Sludge
|turn|16
|
|cant|p1a: Gothitelle|slp
|move|p2a: Amoonguss|Spore|p1a: Gothitelle
|-fail|p1a: Gothitelle|slp
|
|-damage|p1a: Gothitelle|227\/301 slp|[from] item: Black Sludge
|turn|17
|
|cant|p1a: Gothitelle|slp
|move|p2a: Amoonguss|Spore|p1a: Gothitelle
|-fail|p1a: Gothitelle|slp
|
|-damage|p1a: Gothitelle|190\/301 slp|[from] item: Black Sludge
|turn|18
|
|-curestatus|p1a: Gothitelle|slp
|move|p1a: Gothitelle|Rest|p1a: Gothitelle
|-status|p1a: Gothitelle|slp
|-heal|p1a: Gothitelle|301\/301 slp|[silent]
|-status|p1a: Gothitelle|slp|[from] move: Rest
|move|p2a: Amoonguss|Spore|p1a: Gothitelle
|-fail|p1a: Gothitelle|slp
|
|-damage|p1a: Gothitelle|264\/301 slp|[from] item: Black Sludge
|turn|19
|join|Nayuki
|
|cant|p1a: Gothitelle|slp
|move|p2a: Amoonguss|Spore|p1a: Gothitelle
|-fail|p1a: Gothitelle|slp
|
|-damage|p1a: Gothitelle|227\/301 slp|[from] item: Black Sludge
|turn|20
|
|cant|p1a: Gothitelle|slp
|move|p2a: Amoonguss|Spore|p1a: Gothitelle
|-fail|p1a: Gothitelle|slp
|
|-damage|p1a: Gothitelle|190\/301 slp|[from] item: Black Sludge
|turn|21
|join|Sagati
|leave|Nayuki
|
|-curestatus|p1a: Gothitelle|slp
|move|p1a: Gothitelle|Rest|p1a: Gothitelle
|-status|p1a: Gothitelle|slp
|-heal|p1a: Gothitelle|301\/301 slp|[silent]
|-status|p1a: Gothitelle|slp|[from] move: Rest
|move|p2a: Amoonguss|Spore|p1a: Gothitelle
|-fail|p1a: Gothitelle|slp
|
|-damage|p1a: Gothitelle|264\/301 slp|[from] item: Black Sludge
|turn|22
|
|cant|p1a: Gothitelle|slp
|move|p2a: Amoonguss|Spore|p1a: Gothitelle
|-fail|p1a: Gothitelle|slp
|
|-damage|p1a: Gothitelle|227\/301 slp|[from] item: Black Sludge
|turn|23
|
|cant|p1a: Gothitelle|slp
|move|p2a: Amoonguss|Spore|p1a: Gothitelle
|-fail|p1a: Gothitelle|slp
|
|-damage|p1a: Gothitelle|190\/301 slp|[from] item: Black Sludge
|turn|24
|
|-curestatus|p1a: Gothitelle|slp
|move|p1a: Gothitelle|Rest|p1a: Gothitelle
|-status|p1a: Gothitelle|slp
|-heal|p1a: Gothitelle|301\/301 slp|[silent]
|-status|p1a: Gothitelle|slp|[from] move: Rest
|move|p2a: Amoonguss|Spore|p1a: Gothitelle
|-fail|p1a: Gothitelle|slp
|
|-damage|p1a: Gothitelle|264\/301 slp|[from] item: Black Sludge
|turn|25
|
|cant|p1a: Gothitelle|slp
|move|p2a: Amoonguss|Spore|p1a: Gothitelle
|-fail|p1a: Gothitelle|slp
|
|-damage|p1a: Gothitelle|227\/301 slp|[from] item: Black Sludge
|turn|26
|
|cant|p1a: Gothitelle|slp
|move|p2a: Amoonguss|Spore|p1a: Gothitelle
|-fail|p1a: Gothitelle|slp
|
|-damage|p1a: Gothitelle|190\/301 slp|[from] item: Black Sludge
|turn|27
|
|-curestatus|p1a: Gothitelle|slp
|move|p1a: Gothitelle|Rest|p1a: Gothitelle
|-status|p1a: Gothitelle|slp
|-heal|p1a: Gothitelle|301\/301 slp|[silent]
|-status|p1a: Gothitelle|slp|[from] move: Rest
|move|p2a: Amoonguss|Spore|p1a: Gothitelle
|-fail|p1a: Gothitelle|slp
|
|-damage|p1a: Gothitelle|264\/301 slp|[from] item: Black Sludge
|turn|28
|
|cant|p1a: Gothitelle|slp
|move|p2a: Amoonguss|Spore|p1a: Gothitelle
|-fail|p1a: Gothitelle|slp
|
|-damage|p1a: Gothitelle|227\/301 slp|[from] item: Black Sludge
|turn|29
|
|cant|p1a: Gothitelle|slp
|move|p2a: Amoonguss|Spore|p1a: Gothitelle
|-fail|p1a: Gothitelle|slp
|
|-damage|p1a: Gothitelle|190\/301 slp|[from] item: Black Sludge
|turn|30
|
|-curestatus|p1a: Gothitelle|slp
|move|p1a: Gothitelle|Rest|p1a: Gothitelle
|-status|p1a: Gothitelle|slp
|-heal|p1a: Gothitelle|301\/301 slp|[silent]
|-status|p1a: Gothitelle|slp|[from] move: Rest
|move|p2a: Amoonguss|Spore|p1a: Gothitelle
|-fail|p1a: Gothitelle|slp
|
|-damage|p1a: Gothitelle|264\/301 slp|[from] item: Black Sludge
|turn|31
|
|cant|p1a: Gothitelle|slp
|move|p2a: Amoonguss|Spore|p1a: Gothitelle
|-fail|p1a: Gothitelle|slp
|
|-damage|p1a: Gothitelle|227\/301 slp|[from] item: Black Sludge
|turn|32
|
|cant|p1a: Gothitelle|slp
|move|p2a: Amoonguss|Spore|p1a: Gothitelle
|-fail|p1a: Gothitelle|slp
|
|-damage|p1a: Gothitelle|190\/301 slp|[from] item: Black Sludge
|turn|33
|
|-curestatus|p1a: Gothitelle|slp
|move|p1a: Gothitelle|Rest|p1a: Gothitelle
|-status|p1a: Gothitelle|slp
|-heal|p1a: Gothitelle|301\/301 slp|[silent]
|-status|p1a: Gothitelle|slp|[from] move: Rest
|move|p2a: Amoonguss|Spore|p1a: Gothitelle
|-fail|p1a: Gothitelle|slp
|
|-damage|p1a: Gothitelle|264\/301 slp|[from] item: Black Sludge
|turn|34
|
|cant|p1a: Gothitelle|slp
|move|p2a: Amoonguss|Spore|p1a: Gothitelle
|-fail|p1a: Gothitelle|slp
|
|-damage|p1a: Gothitelle|227\/301 slp|[from] item: Black Sludge
|turn|35
|
|cant|p1a: Gothitelle|slp
|move|p2a: Amoonguss|Spore|p1a: Gothitelle
|-fail|p1a: Gothitelle|slp
|
|-damage|p1a: Gothitelle|190\/301 slp|[from] item: Black Sludge
|turn|36
|
|-curestatus|p1a: Gothitelle|slp
|move|p1a: Gothitelle|Rest|p1a: Gothitelle
|-status|p1a: Gothitelle|slp
|-heal|p1a: Gothitelle|301\/301 slp|[silent]
|-status|p1a: Gothitelle|slp|[from] move: Rest
|-activate|p2a: Amoonguss|move: Struggle
|move|p2a: Amoonguss|Struggle|p1a: Gothitelle
|-damage|p1a: Gothitelle|270\/301 slp
|-damage|p2a: Amoonguss|323\/430
|
|-damage|p1a: Gothitelle|233\/301 slp|[from] item: Black Sludge
|turn|37
|
|cant|p1a: Gothitelle|slp
|-activate|p2a: Amoonguss|move: Struggle
|move|p2a: Amoonguss|Struggle|p1a: Gothitelle
|-damage|p1a: Gothitelle|203\/301 slp
|-damage|p2a: Amoonguss|216\/430
|
|-damage|p1a: Gothitelle|166\/301 slp|[from] item: Black Sludge
|turn|38
|
|cant|p1a: Gothitelle|slp
|-activate|p2a: Amoonguss|move: Struggle
|move|p2a: Amoonguss|Struggle|p1a: Gothitelle
|-damage|p1a: Gothitelle|130\/301 slp
|-damage|p2a: Amoonguss|109\/430
|
|-damage|p1a: Gothitelle|93\/301 slp|[from] item: Black Sludge
|turn|39
|
|-curestatus|p1a: Gothitelle|slp
|move|p1a: Gothitelle|Trick|p2a: Amoonguss
|-activate|p1a: Gothitelle|move: Trick|[of] p2a: Amoonguss
|-item|p2a: Amoonguss|Black Sludge|[from] move: Trick
|-item|p1a: Gothitelle|Choice Scarf|[from] move: Trick
|-activate|p2a: Amoonguss|move: Struggle
|move|p2a: Amoonguss|Struggle|p1a: Gothitelle
|-crit|p1a: Gothitelle
|-damage|p1a: Gothitelle|45\/301
|-damage|p2a: Amoonguss|2\/430
|
|-heal|p2a: Amoonguss|28\/430|[from] item: Black Sludge
|turn|40
|join|CaCaU
|
|move|p1a: Gothitelle|Psychic|p2a: Amoonguss
|-supereffective|p2a: Amoonguss
|-damage|p2a: Amoonguss|0 fnt
|faint|p2a: Amoonguss
|
|
|switch|p2a: Tyranitar|Tyranitar, M|216\/342 brn
|-weather|Sandstorm
|turn|41
|
|move|p2a: Tyranitar|Pursuit|p1a: Gothitelle|[from]Pursuit
|-supereffective|p1a: Gothitelle
|-damage|p1a: Gothitelle|0 fnt
|faint|p1a: Gothitelle
|
|-weather|Sandstorm|[upkeep]
|-damage|p2a: Tyranitar|174\/342 brn|[from] brn
|c|âDon't Use MeGa|gg :)
|
|switch|p1a: Chansey|Chansey, F|703\/703
|turn|42
|
|switch|p2a: Clefable|Clefable, F|392\/392 brn
|move|p1a: Chansey|Aromatherapy|p1a: Chansey
|-cureteam|p1a: Chansey|[from] move: Aromatherapy
|
|-weather|Sandstorm|[upkeep]
|-damage|p1a: Chansey|660\/703|[from] sandstorm
|turn|43
|
|move|p2a: Clefable|Calm Mind|p2a: Clefable
|-boost|p2a: Clefable|spa|1
|-boost|p2a: Clefable|spd|1
|move|p1a: Chansey|Stealth Rock|p2a: Clefable
|-sidestart|p2: Don't Use MeGa|move: Stealth Rock
|
|-weather|Sandstorm|[upkeep]
|-damage|p1a: Chansey|617\/703|[from] sandstorm
|turn|44
|
|switch|p1a: Cresselia|Cresselia, F|444\/444
|move|p2a: Clefable|Knock Off|p1a: Cresselia
|-supereffective|p1a: Cresselia
|-damage|p1a: Cresselia|400\/444
|-enditem|p1a: Cresselia|Leftovers|[from] move: Knock Off|[of] p2a: Clefable
|
|-weather|Sandstorm|[upkeep]
|-damage|p1a: Cresselia|373\/444|[from] sandstorm
|turn|45
|
|move|p1a: Cresselia|Skill Swap|p2a: Clefable
|-activate|p1a: Cresselia|move: Skill Swap|Magic Guard|Levitate|[of] p2a: Clefable
|move|p2a: Clefable|Moonblast|p1a: Cresselia
|-damage|p1a: Cresselia|274\/444
|
|-weather|none
|-damage|p2a: Clefable|343\/392 brn|[from] brn
|turn|46
|
|switch|p2a: Slowbro|Slowbro, M|390\/390
|-damage|p2a: Slowbro|342\/390|[from] Stealth Rock
|move|p1a: Cresselia|Psyshock|p2a: Slowbro
|-resisted|p2a: Slowbro
|-damage|p2a: Slowbro|317\/390
|
|turn|47
|
|switch|p2a: Tyranitar|Tyranitar, M|174\/342 brn
|-damage|p2a: Tyranitar|132\/342 brn|[from] Stealth Rock
|-weather|Sandstorm
|move|p1a: Cresselia|Toxic|p2a: Tyranitar
|-fail|p2a: Tyranitar
|
|-weather|Sandstorm|[upkeep]
|-damage|p2a: Tyranitar|90\/342 brn|[from] brn
|turn|48
|
|move|p2a: Tyranitar|Crunch|p1a: Cresselia
|-supereffective|p1a: Cresselia
|-damage|p1a: Cresselia|142\/444
|move|p1a: Cresselia|Moonlight|p1a: Cresselia
|-heal|p1a: Cresselia|253\/444
|
|-weather|Sandstorm|[upkeep]
|-damage|p2a: Tyranitar|48\/342 brn|[from] brn
|turn|49
|
|move|p2a: Tyranitar|Crunch|p1a: Cresselia
|-supereffective|p1a: Cresselia
|-damage|p1a: Cresselia|131\/444
|-unboost|p1a: Cresselia|def|1
|move|p1a: Cresselia|Moonlight|p1a: Cresselia
|-heal|p1a: Cresselia|242\/444
|
|-weather|Sandstorm|[upkeep]
|-damage|p2a: Tyranitar|6\/342 brn|[from] brn
|turn|50
|
|move|p2a: Tyranitar|Crunch|p1a: Cresselia
|-supereffective|p1a: Cresselia
|-damage|p1a: Cresselia|68\/444
|move|p1a: Cresselia|Moonlight|p1a: Cresselia
|-heal|p1a: Cresselia|179\/444
|
|-weather|Sandstorm|[upkeep]
|-damage|p2a: Tyranitar|0 fnt|[from] brn
|faint|p2a: Tyranitar
|
|switch|p2a: Clefable|Clefable, F|343\/392 brn
|turn|51
|
|move|p1a: Cresselia|Skill Swap|p2a: Clefable
|-fail|p2a: Clefable
|move|p2a: Clefable|Moonblast|p1a: Cresselia
|-damage|p1a: Cresselia|109\/444
|
|-weather|none
|-heal|p2a: Clefable|367\/392 brn|[from] item: Leftovers
|turn|52
|
|move|p1a: Cresselia|Moonlight|p1a: Cresselia
|-heal|p1a: Cresselia|331\/444
|move|p2a: Clefable|Calm Mind|p2a: Clefable
|-boost|p2a: Clefable|spa|1
|-boost|p2a: Clefable|spd|1
|
|-heal|p2a: Clefable|391\/392 brn|[from] item: Leftovers
|turn|53
|
|switch|p1a: Chansey|Chansey, F|617\/703
|move|p2a: Clefable|Calm Mind|p2a: Clefable
|-boost|p2a: Clefable|spa|1
|-boost|p2a: Clefable|spd|1
|
|-heal|p2a: Clefable|392\/392 brn|[from] item: Leftovers
|turn|54
|
|switch|p1a: Cresselia|Cresselia, F|331\/444
|move|p2a: Clefable|Moonblast|p1a: Cresselia
|-damage|p1a: Cresselia|204\/444
|
|turn|55
|
|move|p1a: Cresselia|Moonlight|p1a: Cresselia
|-heal|p1a: Cresselia|426\/444
|move|p2a: Clefable|Moonblast|p1a: Cresselia
|-damage|p1a: Cresselia|299\/444
|
|turn|56
|
|move|p1a: Cresselia|Skill Swap|p2a: Clefable
|-activate|p1a: Cresselia|move: Skill Swap|Magic Guard|Levitate|[of] p2a: Clefable
|move|p2a: Clefable|Moonblast|p1a: Cresselia
|-damage|p1a: Cresselia|170\/444
|-unboost|p1a: Cresselia|spa|1
|
|-damage|p2a: Clefable|343\/392 brn|[from] brn
|turn|57
|
|move|p1a: Cresselia|Moonlight|p1a: Cresselia
|-heal|p1a: Cresselia|392\/444
|move|p2a: Clefable|Moonblast|p1a: Cresselia
|-damage|p1a: Cresselia|272\/444
|
|-heal|p2a: Clefable|367\/392 brn|[from] item: Leftovers
|-damage|p2a: Clefable|318\/392 brn|[from] brn
|turn|58
|join|testingh12
|
|switch|p1a: Quagsire|Quagsire, M|393\/393
|move|p2a: Clefable|Moonblast|p1a: Quagsire
|-crit|p1a: Quagsire
|-damage|p1a: Quagsire|174\/393
|
|-heal|p2a: Clefable|342\/392 brn|[from] item: Leftovers
|-heal|p1a: Quagsire|198\/393|[from] item: Leftovers
|-damage|p2a: Clefable|293\/392 brn|[from] brn
|turn|59
|
|move|p2a: Clefable|Moonblast|p1a: Quagsire
|-damage|p1a: Quagsire|50\/393
|move|p1a: Quagsire|Recover|p1a: Quagsire
|-heal|p1a: Quagsire|247\/393
|
|-heal|p2a: Clefable|317\/392 brn|[from] item: Leftovers
|-heal|p1a: Quagsire|271\/393|[from] item: Leftovers
|-damage|p2a: Clefable|268\/392 brn|[from] brn
|turn|60
|join|HereIsOnlyTrue
|
|move|p2a: Clefable|Knock Off|p1a: Quagsire
|-damage|p1a: Quagsire|250\/393
|-enditem|p1a: Quagsire|Leftovers|[from] move: Knock Off|[of] p2a: Clefable
|move|p1a: Quagsire|Recover|p1a: Quagsire
|-heal|p1a: Quagsire|393\/393
|
|-heal|p2a: Clefable|292\/392 brn|[from] item: Leftovers
|-damage|p2a: Clefable|243\/392 brn|[from] brn
|turn|61
|
|move|p2a: Clefable|Soft-Boiled|p2a: Clefable
|-heal|p2a: Clefable|392\/392 brn
|move|p1a: Quagsire|Earthquake|p2a: Clefable
|-immune|p2a: Clefable|[msg]
|
|-damage|p2a: Clefable|343\/392 brn|[from] brn
|turn|62
|
|switch|p2a: Slowbro|Slowbro, M|390\/390
|-damage|p2a: Slowbro|342\/390|[from] Stealth Rock
|move|p1a: Quagsire|Scald|p2a: Slowbro
|-resisted|p2a: Slowbro
|-damage|p2a: Slowbro|304\/390
|
|turn|63
|
|move|p2a: Slowbro|Toxic|p1a: Quagsire
|-status|p1a: Quagsire|tox
|move|p1a: Quagsire|Toxic|p2a: Slowbro
|-status|p2a: Slowbro|tox
|
|-damage|p2a: Slowbro|280\/390 tox|[from] psn
|-damage|p1a: Quagsire|369\/393 tox|[from] psn
|turn|64
|
|switch|p1a: Chansey|Chansey, F|617\/703
|move|p2a: Slowbro|Scald|p1a: Chansey
|-damage|p1a: Chansey|551\/703
|
|-damage|p2a: Slowbro|232\/390 tox|[from] psn
|turn|65
|
|move|p1a: Chansey|Aromatherapy|p1a: Chansey
|-cureteam|p1a: Chansey|[from] move: Aromatherapy
|move|p2a: Slowbro|Toxic|p1a: Chansey
|-status|p1a: Chansey|tox
|
|-damage|p1a: Chansey|508\/703 tox|[from] psn
|-damage|p2a: Slowbro|160\/390 tox|[from] psn
|turn|66
|
|switch|p1a: Skarmory|Skarmory, F|334\/334
|move|p2a: Slowbro|Slack Off|p2a: Slowbro
|-heal|p2a: Slowbro|355\/390 tox
|
|-damage|p2a: Slowbro|259\/390 tox|[from] psn
|turn|67
|
|move|p1a: Skarmory|Spikes|p2a: Slowbro
|-sidestart|p2: Don't Use MeGa|Spikes
|move|p2a: Slowbro|Scald|p1a: Skarmory
|-damage|p1a: Skarmory|214\/334
|
|-damage|p2a: Slowbro|139\/390 tox|[from] psn
|turn|68
|
|switch|p2a: Skarmory|Skarmory, F|334\/334
|-damage|p2a: Skarmory|293\/334|[from] Stealth Rock
|move|p1a: Skarmory|Spikes|p2a: Skarmory
|-sidestart|p2: Don't Use MeGa|Spikes
|
|turn|69
|
|switch|p1a: Sableye|Sableye-Mega, F|223\/303
|move|p2a: Skarmory|Brave Bird|p1a: Sableye
|-damage|p1a: Sableye|117\/303
|-damage|p2a: Skarmory|258\/334|[from] recoil|[of] p1a: Sableye
|
|turn|70
|
|move|p2a: Skarmory|Brave Bird|p1a: Sableye
|-damage|p1a: Sableye|21\/303
|-damage|p2a: Skarmory|226\/334|[from] recoil|[of] p1a: Sableye
|move|p1a: Sableye|Recover|p1a: Sableye
|-heal|p1a: Sableye|173\/303
|
|turn|71
|
|move|p2a: Skarmory|Brave Bird|p1a: Sableye
|-damage|p1a: Sableye|79\/303
|-damage|p2a: Skarmory|195\/334|[from] recoil|[of] p1a: Sableye
|move|p1a: Sableye|Recover|p1a: Sableye
|-heal|p1a: Sableye|231\/303
|
|turn|72
|
|switch|p2a: Clefable|Clefable, F|343\/392 brn
|move|p1a: Sableye|Recover|p1a: Sableye
|-heal|p1a: Sableye|303\/303
|
|-heal|p2a: Clefable|367\/392 brn|[from] item: Leftovers
|turn|73
|
|move|p2a: Clefable|Moonblast|p1a: Sableye
|-supereffective|p1a: Sableye
|-damage|p1a: Sableye|175\/303
|-unboost|p1a: Sableye|spa|1
|move|p1a: Sableye|Calm Mind|p1a: Sableye
|-boost|p1a: Sableye|spa|1
|-boost|p1a: Sableye|spd|1
|
|-heal|p2a: Clefable|391\/392 brn|[from] item: Leftovers
|turn|74
|
|move|p2a: Clefable|Calm Mind|p2a: Clefable
|-boost|p2a: Clefable|spa|1
|-boost|p2a: Clefable|spd|1
|move|p1a: Sableye|Recover|p1a: Sableye
|-heal|p1a: Sableye|303\/303
|
|-heal|p2a: Clefable|392\/392 brn|[from] item: Leftovers
|turn|75
|
|switch|p1a: Cresselia|Cresselia, F|272\/444
|move|p2a: Clefable|Moonblast|p1a: Cresselia
|-damage|p1a: Cresselia|173\/444
|
|turn|76
|
|move|p1a: Cresselia|Skill Swap|p2a: Clefable
|-activate|p1a: Cresselia|move: Skill Swap|Magic Guard|Levitate|[of] p2a: Clefable
|move|p2a: Clefable|Moonblast|p1a: Cresselia
|-damage|p1a: Cresselia|76\/444
|-unboost|p1a: Cresselia|spa|1
|
|-damage|p2a: Clefable|343\/392 brn|[from] brn
|turn|77
|
|move|p1a: Cresselia|Moonlight|p1a: Cresselia
|-heal|p1a: Cresselia|298\/444
|move|p2a: Clefable|Moonblast|p1a: Cresselia
|-damage|p1a: Cresselia|204\/444
|
|-heal|p2a: Clefable|367\/392 brn|[from] item: Leftovers
|-damage|p2a: Clefable|318\/392 brn|[from] brn
|turn|78
|join|SmithandPingas
|
|move|p1a: Cresselia|Moonlight|p1a: Cresselia
|-heal|p1a: Cresselia|426\/444
|move|p2a: Clefable|Moonblast|p1a: Cresselia
|-damage|p1a: Cresselia|329\/444
|-unboost|p1a: Cresselia|spa|1
|
|-heal|p2a: Clefable|342\/392 brn|[from] item: Leftovers
|-damage|p2a: Clefable|293\/392 brn|[from] brn
|turn|79
|
|switch|p1a: Quagsire|Quagsire, M|369\/393
|switch|p2a: Slowbro|Slowbro, M|269\/390 tox
|-damage|p2a: Slowbro|204\/390 tox|[from] Spikes
|-damage|p2a: Slowbro|156\/390 tox|[from] Stealth Rock
|
|-damage|p2a: Slowbro|132\/390 tox|[from] psn
|turn|80
|
|switch|p1a: Sableye|Sableye-Mega, F|303\/303
|move|p2a: Slowbro|Slack Off|p2a: Slowbro
|-heal|p2a: Slowbro|327\/390 tox
|
|-damage|p2a: Slowbro|279\/390 tox|[from] psn
|turn|81
|
|switch|p2a: Clefable|Clefable, F|293\/392 brn
|move|p1a: Sableye|Calm Mind|p1a: Sableye
|-boost|p1a: Sableye|spa|1
|-boost|p1a: Sableye|spd|1
|
|-heal|p2a: Clefable|317\/392 brn|[from] item: Leftovers
|turn|82
|c| HereIsOnlyTrue|pq Ã© magic guard e tava tomando pro fogo?
|
|move|p2a: Clefable|Calm Mind|p2a: Clefable
|-boost|p2a: Clefable|spa|1
|-boost|p2a: Clefable|spd|1
|move|p1a: Sableye|Calm Mind|p1a: Sableye
|-boost|p1a: Sableye|spa|1
|-boost|p1a: Sableye|spd|1
|
|-heal|p2a: Clefable|341\/392 brn|[from] item: Leftovers
|turn|83
|
|move|p2a: Clefable|Calm Mind|p2a: Clefable
|-boost|p2a: Clefable|spa|1
|-boost|p2a: Clefable|spd|1
|move|p1a: Sableye|Calm Mind|p1a: Sableye
|-boost|p1a: Sableye|spa|1
|-boost|p1a: Sableye|spd|1
|
|-heal|p2a: Clefable|365\/392 brn|[from] item: Leftovers
|turn|84
|
|move|p2a: Clefable|Calm Mind|p2a: Clefable
|-boost|p2a: Clefable|spa|1
|-boost|p2a: Clefable|spd|1
|move|p1a: Sableye|Calm Mind|p1a: Sableye
|-boost|p1a: Sableye|spa|1
|-boost|p1a: Sableye|spd|1
|
|-heal|p2a: Clefable|389\/392 brn|[from] item: Leftovers
|turn|85
|
|move|p2a: Clefable|Calm Mind|p2a: Clefable
|-boost|p2a: Clefable|spa|1
|-boost|p2a: Clefable|spd|1
|move|p1a: Sableye|Calm Mind|p1a: Sableye
|-boost|p1a: Sableye|spa|1
|-boost|p1a: Sableye|spd|1
|
|-heal|p2a: Clefable|392\/392 brn|[from] item: Leftovers
|turn|86
|
|move|p2a: Clefable|Calm Mind|p2a: Clefable
|-boost|p2a: Clefable|spa|1
|-boost|p2a: Clefable|spd|1
|move|p1a: Sableye|Calm Mind|p1a: Sableye
|-boost|p1a: Sableye|spa|1
|-boost|p1a: Sableye|spd|1
|
|turn|87
|
|move|p2a: Clefable|Calm Mind|p2a: Clefable
|-boost|p2a: Clefable|spa|1
|-boost|p2a: Clefable|spd|1
|move|p1a: Sableye|Dark Pulse|p2a: Clefable
|-resisted|p2a: Clefable
|-damage|p2a: Clefable|354\/392 brn
|
|-heal|p2a: Clefable|378\/392 brn|[from] item: Leftovers
|turn|88
|
|move|p2a: Clefable|Knock Off|p1a: Sableye
|-damage|p1a: Sableye|289\/303
|move|p1a: Sableye|Dark Pulse|p2a: Clefable
|-crit|p2a: Clefable
|-resisted|p2a: Clefable
|-damage|p2a: Clefable|157\/392 brn
|
|-heal|p2a: Clefable|181\/392 brn|[from] item: Leftovers
|turn|89
|c| HereIsOnlyTrue|por causa do unaware :P
|
|move|p2a: Clefable|Soft-Boiled|p2a: Clefable
|-heal|p2a: Clefable|377\/392 brn
|move|p1a: Sableye|Dark Pulse|p2a: Clefable
|-resisted|p2a: Clefable
|-damage|p2a: Clefable|333\/392 brn
|
|-heal|p2a: Clefable|357\/392 brn|[from] item: Leftovers
|turn|90
|
|move|p2a: Clefable|Moonblast|p1a: Sableye
|-supereffective|p1a: Sableye
|-damage|p1a: Sableye|151\/303
|-unboost|p1a: Sableye|spa|1
|move|p1a: Sableye|Dark Pulse|p2a: Clefable
|-resisted|p2a: Clefable
|-damage|p2a: Clefable|321\/392 brn
|
|-heal|p2a: Clefable|345\/392 brn|[from] item: Leftovers
|turn|91
|
|switch|p1a: Quagsire|Quagsire, M|369\/393
|move|p2a: Clefable|Moonblast|p1a: Quagsire
|-damage|p1a: Quagsire|206\/393
|
|-heal|p2a: Clefable|369\/392 brn|[from] item: Leftovers
|turn|92
|
|move|p2a: Clefable|Knock Off|p1a: Quagsire
|-damage|p1a: Quagsire|191\/393
|move|p1a: Quagsire|Recover|p1a: Quagsire
|-heal|p1a: Quagsire|388\/393
|
|-heal|p2a: Clefable|392\/392 brn|[from] item: Leftovers
|turn|93
|
|move|p2a: Clefable|Knock Off|p1a: Quagsire
|-damage|p1a: Quagsire|374\/393
|move|p1a: Quagsire|Earthquake|p2a: Clefable
|-damage|p2a: Clefable|305\/392 brn
|
|-heal|p2a: Clefable|329\/392 brn|[from] item: Leftovers
|turn|94
|
|move|p2a: Clefable|Knock Off|p1a: Quagsire
|-damage|p1a: Quagsire|361\/393
|move|p1a: Quagsire|Earthquake|p2a: Clefable
|-damage|p2a: Clefable|241\/392 brn
|
|-heal|p2a: Clefable|265\/392 brn|[from] item: Leftovers
|turn|95
|
|move|p2a: Clefable|Knock Off|p1a: Quagsire
|-damage|p1a: Quagsire|345\/393
|move|p1a: Quagsire|Earthquake|p2a: Clefable
|-damage|p2a: Clefable|181\/392 brn
|
|-heal|p2a: Clefable|205\/392 brn|[from] item: Leftovers
|turn|96
|
|move|p2a: Clefable|Knock Off|p1a: Quagsire
|-damage|p1a: Quagsire|330\/393
|move|p1a: Quagsire|Earthquake|p2a: Clefable
|-damage|p2a: Clefable|112\/392 brn
|
|-heal|p2a: Clefable|136\/392 brn|[from] item: Leftovers
|turn|97
|
|move|p2a: Clefable|Soft-Boiled|p2a: Clefable
|-heal|p2a: Clefable|332\/392 brn
|move|p1a: Quagsire|Earthquake|p2a: Clefable
|-damage|p2a: Clefable|245\/392 brn
|
|-heal|p2a: Clefable|269\/392 brn|[from] item: Leftovers
|turn|98
|
|move|p2a: Clefable|Knock Off|p1a: Quagsire
|-damage|p1a: Quagsire|316\/393
|move|p1a: Quagsire|Earthquake|p2a: Clefable
|-damage|p2a: Clefable|173\/392 brn
|
|-heal|p2a: Clefable|197\/392 brn|[from] item: Leftovers
|turn|99
|
|move|p2a: Clefable|Knock Off|p1a: Quagsire
|-damage|p1a: Quagsire|302\/393
|move|p1a: Quagsire|Earthquake|p2a: Clefable
|-damage|p2a: Clefable|101\/392 brn
|
|-heal|p2a: Clefable|125\/392 brn|[from] item: Leftovers
|turn|100
|
|move|p2a: Clefable|Soft-Boiled|p2a: Clefable
|-heal|p2a: Clefable|321\/392 brn
|move|p1a: Quagsire|Earthquake|p2a: Clefable
|-damage|p2a: Clefable|222\/392 brn
|
|-heal|p2a: Clefable|246\/392 brn|[from] item: Leftovers
|turn|101
|
|move|p2a: Clefable|Knock Off|p1a: Quagsire
|-damage|p1a: Quagsire|287\/393
|move|p1a: Quagsire|Earthquake|p2a: Clefable
|-damage|p2a: Clefable|153\/392 brn
|
|-heal|p2a: Clefable|177\/392 brn|[from] item: Leftovers
|turn|102
|
|move|p2a: Clefable|Knock Off|p1a: Quagsire
|-damage|p1a: Quagsire|273\/393
|move|p1a: Quagsire|Recover|p1a: Quagsire
|-heal|p1a: Quagsire|393\/393
|
|-heal|p2a: Clefable|201\/392 brn|[from] item: Leftovers
|turn|103
|
|move|p2a: Clefable|Knock Off|p1a: Quagsire
|-damage|p1a: Quagsire|379\/393
|move|p1a: Quagsire|Earthquake|p2a: Clefable
|-damage|p2a: Clefable|114\/392 brn
|
|-heal|p2a: Clefable|138\/392 brn|[from] item: Leftovers
|turn|104
|
|move|p2a: Clefable|Knock Off|p1a: Quagsire
|-damage|p1a: Quagsire|365\/393
|move|p1a: Quagsire|Earthquake|p2a: Clefable
|-damage|p2a: Clefable|54\/392 brn
|
|-heal|p2a: Clefable|78\/392 brn|[from] item: Leftovers
|turn|105
|
|move|p2a: Clefable|Soft-Boiled|p2a: Clefable
|-heal|p2a: Clefable|274\/392 brn
|move|p1a: Quagsire|Earthquake|p2a: Clefable
|-damage|p2a: Clefable|177\/392 brn
|
|-heal|p2a: Clefable|201\/392 brn|[from] item: Leftovers
|turn|106
|
|move|p2a: Clefable|Knock Off|p1a: Quagsire
|-damage|p1a: Quagsire|351\/393
|move|p1a: Quagsire|Earthquake|p2a: Clefable
|-damage|p2a: Clefable|116\/392 brn
|
|-heal|p2a: Clefable|140\/392 brn|[from] item: Leftovers
|turn|107
|
|move|p2a: Clefable|Soft-Boiled|p2a: Clefable
|-heal|p2a: Clefable|336\/392 brn
|move|p1a: Quagsire|Earthquake|p2a: Clefable
|-damage|p2a: Clefable|249\/392 brn
|
|-heal|p2a: Clefable|273\/392 brn|[from] item: Leftovers
|turn|108
|
|move|p2a: Clefable|Knock Off|p1a: Quagsire
|-damage|p1a: Quagsire|337\/393
|move|p1a: Quagsire|Earthquake|p2a: Clefable
|-crit|p2a: Clefable
|-damage|p2a: Clefable|141\/392 brn
|
|-heal|p2a: Clefable|165\/392 brn|[from] item: Leftovers
|turn|109
|
|move|p2a: Clefable|Knock Off|p1a: Quagsire
|-damage|p1a: Quagsire|322\/393
|move|p1a: Quagsire|Scald|p2a: Clefable
|-damage|p2a: Clefable|98\/392 brn
|
|-heal|p2a: Clefable|122\/392 brn|[from] item: Leftovers
|turn|110
|
|move|p2a: Clefable|Soft-Boiled|p2a: Clefable
|-heal|p2a: Clefable|318\/392 brn
|move|p1a: Quagsire|Scald|p2a: Clefable
|-damage|p2a: Clefable|248\/392 brn
|
|-heal|p2a: Clefable|272\/392 brn|[from] item: Leftovers
|turn|111
|join|Ren-chon
|c| SmithandPingas|ei depois posso batalhar com um dos dois?
|
|move|p2a: Clefable|Knock Off|p1a: Quagsire
|-damage|p1a: Quagsire|308\/393
|move|p1a: Quagsire|Scald|p2a: Clefable
|-damage|p2a: Clefable|199\/392 brn
|
|-heal|p2a: Clefable|223\/392 brn|[from] item: Leftovers
|turn|112
|
|move|p2a: Clefable|Moonblast|p1a: Quagsire
|-damage|p1a: Quagsire|163\/393
|move|p1a: Quagsire|Recover|p1a: Quagsire
|-heal|p1a: Quagsire|360\/393
|
|-heal|p2a: Clefable|247\/392 brn|[from] item: Leftovers
|turn|113
|
|move|p2a: Clefable|Knock Off|p1a: Quagsire
|-damage|p1a: Quagsire|345\/393
|move|p1a: Quagsire|Scald|p2a: Clefable
|-damage|p2a: Clefable|171\/392 brn
|
|-heal|p2a: Clefable|195\/392 brn|[from] item: Leftovers
|turn|114
|leave|Ren-chon
|
|move|p2a: Clefable|Knock Off|p1a: Quagsire
|-damage|p1a: Quagsire|331\/393
|move|p1a: Quagsire|Scald|p2a: Clefable
|-damage|p2a: Clefable|125\/392 brn
|
|-heal|p2a: Clefable|149\/392 brn|[from] item: Leftovers
|turn|115
|
|move|p2a: Clefable|Knock Off|p1a: Quagsire
|-damage|p1a: Quagsire|316\/393
|move|p1a: Quagsire|Scald|p2a: Clefable
|-crit|p2a: Clefable
|-damage|p2a: Clefable|34\/392 brn
|
|-heal|p2a: Clefable|58\/392 brn|[from] item: Leftovers
|turn|116
|
|move|p2a: Clefable|Soft-Boiled|p2a: Clefable
|-heal|p2a: Clefable|254\/392 brn
|move|p1a: Quagsire|Scald|p2a: Clefable
|-damage|p2a: Clefable|176\/392 brn
|
|-heal|p2a: Clefable|200\/392 brn|[from] item: Leftovers
|turn|117
|c|âDon't Use MeGa|nÃ£o dou um critico cruz credo
|
|move|p2a: Clefable|Knock Off|p1a: Quagsire
|-damage|p1a: Quagsire|302\/393
|move|p1a: Quagsire|Scald|p2a: Clefable
|-damage|p2a: Clefable|133\/392 brn
|
|-heal|p2a: Clefable|157\/392 brn|[from] item: Leftovers
|turn|118
|c| HereIsOnlyTrue|mano se vc desse moonblaster tinha matado ele
|
|move|p2a: Clefable|Knock Off|p1a: Quagsire
|-damage|p1a: Quagsire|289\/393
|move|p1a: Quagsire|Recover|p1a: Quagsire
|-heal|p1a: Quagsire|393\/393
|
|-heal|p2a: Clefable|181\/392 brn|[from] item: Leftovers
|turn|119
|c| HereIsOnlyTrue|vc Ã© mais rapido e ele n tinha dado recover :D
|c| HereIsOnlyTrue|ele da critico vc n --'
|
|move|p2a: Clefable|Knock Off|p1a: Quagsire
|-damage|p1a: Quagsire|378\/393
|move|p1a: Quagsire|Scald|p2a: Clefable
|-damage|p2a: Clefable|105\/392 brn
|
|-heal|p2a: Clefable|129\/392 brn|[from] item: Leftovers
|turn|120
|c| CaCaU|STall vs Stall
|c| CaCaU|;-;
|
|switch|p1a: Chansey|Chansey, F|508\/703
|move|p2a: Clefable|Knock Off|p1a: Chansey
|-damage|p1a: Chansey|471\/703
|-enditem|p1a: Chansey|Eviolite|[from] move: Knock Off|[of] p2a: Clefable
|
|-heal|p2a: Clefable|153\/392 brn|[from] item: Leftovers
|turn|121
|c| HereIsOnlyTrue|agr
|
|move|p2a: Clefable|Moonblast|p1a: Chansey
|-damage|p1a: Chansey|65\/703
|move|p1a: Chansey|Soft-Boiled|p1a: Chansey
|-heal|p1a: Chansey|417\/703
|
|-heal|p2a: Clefable|177\/392 brn|[from] item: Leftovers
|turn|122
|c| HereIsOnlyTrue|dano minimo pqp
|
|switch|p1a: Skarmory|Skarmory, F|214\/334
|move|p2a: Clefable|Moonblast|p1a: Skarmory
|-crit|p1a: Skarmory
|-resisted|p1a: Skarmory
|-damage|p1a: Skarmory|0 fnt
|faint|p1a: Skarmory
|
|-heal|p2a: Clefable|201\/392 brn|[from] item: Leftovers
|
|switch|p1a: Cresselia|Cresselia, F|329\/444
|turn|123
|
|move|p1a: Cresselia|Skill Swap|p2a: Clefable
|-activate|p1a: Cresselia|move: Skill Swap|Magic Guard|Levitate|[of] p2a: Clefable
|move|p2a: Clefable|Moonblast|p1a: Cresselia
|-crit|p1a: Cresselia
|-damage|p1a: Cresselia|0 fnt
|faint|p1a: Cresselia
|
|-heal|p2a: Clefable|225\/392 brn|[from] item: Leftovers
|-damage|p2a: Clefable|176\/392 brn|[from] brn
|
|switch|p1a: Quagsire|Quagsire, M|378\/393
|turn|124
|c| HereIsOnlyTrue|king of critical
|join|jake5
|
|move|p2a: Clefable|Soft-Boiled|p2a: Clefable
|-heal|p2a: Clefable|372\/392 brn
|move|p1a: Quagsire|Scald|p2a: Clefable
|-damage|p2a: Clefable|305\/392 brn
|
|-heal|p2a: Clefable|329\/392 brn|[from] item: Leftovers
|-damage|p2a: Clefable|280\/392 brn|[from] brn
|turn|125
|
|switch|p2a: Slowbro|Slowbro, M|390\/390 tox
|-damage|p2a: Slowbro|342\/390 tox|[from] Stealth Rock
|-damage|p2a: Slowbro|277\/390 tox|[from] Spikes
|move|p1a: Quagsire|Scald|p2a: Slowbro
|-resisted|p2a: Slowbro
|-damage|p2a: Slowbro|235\/390 tox
|
|-damage|p2a: Slowbro|211\/390 tox|[from] psn
|turn|126
|-message|CleanerThanRotom-W forfeited.
|
|win|Don't Use MeGa
|raw|Ladder updating...
|leave|CleanerThanRotom-W
|player|p1
|raw|CleanerThanRotom-W's rating: 1719 &rarr; <strong>1704<\/strong><br \/>(-15 for losing)
|raw|Don&apos;t Use MeGa's rating: 1803 &rarr; <strong>1818<\/strong><br \/>(+15 for winning)
|join|jesus h christmas
|c| jake5|stall v stall=cancer
|leave|jake5
|c| CaCaU|cancer vs cancer=STall
|c| HereIsOnlyTrue|delicious
|c|âDon't Use MeGa|:3
|leave|jesus h christmas
|c| HereIsOnlyTrue|os criticos vieram na hora certa
|c| HereIsOnlyTrue|kkkkk
|c|âDon't Use MeGa|kkk
|c|âDon't Use MeGa|nada que fez diferenÃ§a
|c| HereIsOnlyTrue|BR sendo BR
|c|âDon't Use MeGa|o skarmory morria
|c|âDon't Use MeGa|e a cresselia tb
|c| HereIsOnlyTrue|icening ta na bota