|join|Exiline
|join|don't use mega
|player|p1|Exiline|131
|player|p2|don't use mega|101
|gametype|singles
|gen|6
|tier|OU
|rated
|clearpoke
|poke|p1|Empoleon, F
|poke|p1|Tyranitar, F
|poke|p1|Charizard, M, shiny
|poke|p1|Keldeo-Resolute
|poke|p1|Kyurem-Black
|poke|p1|Landorus-Therian, M
|poke|p2|Clefable, M
|poke|p2|Chansey, F
|poke|p2|Slowbro, M
|poke|p2|Zapdos
|poke|p2|Tyranitar, F
|poke|p2|Amoonguss, M
|rule|Swagger Clause: Swagger is banned
|rule|Baton Pass Clause: Limit one PokÃ©mon knowing Baton Pass
|rule|Sleep Clause Mod: Limit one foe put to sleep
|rule|Species Clause: Limit one of each PokÃ©mon
|rule|OHKO Clause: OHKO moves are banned
|rule|Moody Clause: Moody is banned
|rule|Evasion Moves Clause: Evasion moves are banned
|rule|Endless Battle Clause: Forcing endless battles is banned
|rule|HP Percentage Mod: HP is shown in percentages
|teampreview
|
|start
|switch|p1a: My Little Pony|Keldeo-Resolute|323\/323
|switch|p2a: Tyranitar|Tyranitar, F|342\/342
|-weather|Sandstorm
|turn|1
|
|switch|p2a: Slowbro|Slowbro, M|392\/392
|switch|p1a: Fuck U Lil Manaphy|Charizard, M, shiny|297\/297
|
|-weather|Sandstorm|[upkeep]
|-damage|p1a: Fuck U Lil Manaphy|279\/297|[from] sandstorm
|-damage|p2a: Slowbro|368\/392|[from] sandstorm
|turn|2
|
|switch|p1a: Godzilla|Tyranitar, F|403\/403
|switch|p2a: Chansey|Chansey, F|670\/670
|
|-weather|Sandstorm|[upkeep]
|-damage|p2a: Chansey|629\/670|[from] sandstorm
|turn|3
|
|move|p1a: Godzilla|Superpower|p2a: Chansey
|-supereffective|p2a: Chansey
|-damage|p2a: Chansey|3\/670
|-unboost|p1a: Godzilla|atk|1
|-unboost|p1a: Godzilla|def|1
|move|p2a: Chansey|Thunder Wave|p1a: Godzilla
|-status|p1a: Godzilla|par
|
|-weather|Sandstorm|[upkeep]
|-damage|p2a: Chansey|0 fnt|[from] sandstorm
|faint|p2a: Chansey
|
|switch|p2a: Slowbro|Slowbro, M|392\/392
|turn|4
|
|switch|p2a: Zapdos|Zapdos|384\/384
|-ability|p2a: Zapdos|Pressure
|switch|p1a: Pingu FTW|Empoleon, F|372\/372
|
|-weather|Sandstorm|[upkeep]
|-damage|p2a: Zapdos|360\/384|[from] sandstorm
|-heal|p2a: Zapdos|384\/384|[from] item: Leftovers
|turn|5
|
|switch|p1a: Rotom Suck|Kyurem-Black|391\/391
|-ability|p1a: Rotom Suck|Teravolt
|move|p2a: Zapdos|Volt Switch|p1a: Rotom Suck
|-crit|p1a: Rotom Suck
|-resisted|p1a: Rotom Suck
|-damage|p1a: Rotom Suck|306\/391
|
|switch|p2a: Slowbro|Slowbro, M|392\/392
|
|-weather|none
|turn|6
|
|move|p1a: Rotom Suck|Fusion Bolt|p2a: Slowbro
|-supereffective|p2a: Slowbro
|-damage|p2a: Slowbro|186\/392
|move|p2a: Slowbro|Scald|p1a: Rotom Suck
|-resisted|p1a: Rotom Suck
|-damage|p1a: Rotom Suck|253\/391
|
|turn|7
|
|switch|p1a: Fuck U Lil Manaphy|Charizard, M, shiny|279\/297
|switch|p2a: Zapdos|Zapdos|384\/384
|-ability|p2a: Zapdos|Pressure
|
|turn|8
|
|switch|p1a: Godzilla|Tyranitar, F|403\/403 par
|-weather|Sandstorm
|move|p2a: Zapdos|Volt Switch|p1a: Godzilla
|-damage|p1a: Godzilla|334\/403 par
|
|switch|p2a: Clefable|Clefable, M|392\/392
|
|-weather|Sandstorm|[upkeep]
|turn|9
|
|move|p2a: Clefable|Knock Off|p1a: Godzilla
|-resisted|p1a: Godzilla
|-damage|p1a: Godzilla|310\/403 par
|-enditem|p1a: Godzilla|Choice Band|[from] move: Knock Off|[of] p2a: Clefable
|move|p1a: Godzilla|Stone Edge|p2a: Clefable
|-damage|p2a: Clefable|212\/392
|
|-weather|Sandstorm|[upkeep]
|turn|10
|
|move|p2a: Clefable|Soft-Boiled|p2a: Clefable
|-heal|p2a: Clefable|392\/392
|cant|p1a: Godzilla|par
|
|-weather|Sandstorm|[upkeep]
|turn|11
|
|switch|p1a: Fuck U Lil Manaphy|Charizard, M, shiny|279\/297
|move|p2a: Clefable|Moonblast|p1a: Fuck U Lil Manaphy
|-resisted|p1a: Fuck U Lil Manaphy
|-damage|p1a: Fuck U Lil Manaphy|213\/297
|
|-weather|Sandstorm|[upkeep]
|-damage|p1a: Fuck U Lil Manaphy|195\/297|[from] sandstorm
|turn|12
|
|switch|p2a: Tyranitar|Tyranitar, F|342\/342
|detailschange|p1a: Fuck U Lil Manaphy|Charizard-Mega-Y, M, shiny
|-mega|p1a: Fuck U Lil Manaphy|Charizard|Charizardite Y
|-weather|SunnyDay
|move|p1a: Fuck U Lil Manaphy|Focus Blast|p2a: Tyranitar
|-supereffective|p2a: Tyranitar
|-damage|p2a: Tyranitar|0 fnt
|faint|p2a: Tyranitar
|
|-weather|SunnyDay|[upkeep]
|
|switch|p2a: Zapdos|Zapdos|384\/384
|-ability|p2a: Zapdos|Pressure
|turn|13
|c|âExiline|gg now ?
|c|âdon't use mega|yes
|
|switch|p1a: Hello I'm Faster|Landorus-Therian, M|319\/319
|-ability|p1a: Hello I'm Faster|Intimidate|[of] p2a: Zapdos
|-unboost|p2a: Zapdos|atk|1
|move|p2a: Zapdos|Volt Switch|p1a: Hello I'm Faster
|-immune|p1a: Hello I'm Faster|[msg]
|
|-weather|SunnyDay|[upkeep]
|turn|14
|
|move|p1a: Hello I'm Faster|Explosion|p2a: Zapdos
|-damage|p2a: Zapdos|102\/384
|faint|p1a: Hello I'm Faster
|move|p2a: Zapdos|Volt Switch|p1: Hello I'm Faster|[notarget]
|-notarget
|
|-weather|SunnyDay|[upkeep]
|-heal|p2a: Zapdos|126\/384|[from] item: Leftovers
|
|switch|p1a: Rotom Suck|Kyurem-Black|253\/391
|-ability|p1a: Rotom Suck|Teravolt
|turn|15
|
|switch|p2a: Clefable|Clefable, M|392\/392
|move|p1a: Rotom Suck|Fusion Bolt|p2a: Clefable
|-damage|p2a: Clefable|270\/392
|
|-weather|SunnyDay|[upkeep]
|turn|16
|
|switch|p1a: Fuck U Lil Manaphy|Charizard-Mega-Y, M, shiny|195\/297
|move|p2a: Clefable|Calm Mind|p2a: Clefable
|-boost|p2a: Clefable|spa|1
|-boost|p2a: Clefable|spd|1
|
|-weather|none
|turn|17
|
|switch|p1a: Pingu FTW|Empoleon, F|372\/372
|move|p2a: Clefable|Soft-Boiled|p2a: Clefable
|-heal|p2a: Clefable|392\/392
|
|turn|18
|
|move|p2a: Clefable|Calm Mind|p2a: Clefable
|-boost|p2a: Clefable|spa|1
|-boost|p2a: Clefable|spd|1
|move|p1a: Pingu FTW|Stealth Rock|p2a: Clefable
|-sidestart|p2: don't use mega|move: Stealth Rock
|
|turn|19
|
|move|p2a: Clefable|Knock Off|p1a: Pingu FTW
|-damage|p1a: Pingu FTW|329\/372
|-enditem|p1a: Pingu FTW|Leftovers|[from] move: Knock Off|[of] p2a: Clefable
|move|p1a: Pingu FTW|Roar|p2a: Clefable
|drag|p2a: Amoonguss|Amoonguss, M|430\/430
|-damage|p2a: Amoonguss|377\/430|[from] Stealth Rock
|
|-heal|p2a: Amoonguss|403\/430|[from] item: Black Sludge
|turn|20
|
|move|p1a: Pingu FTW|Scald|p2a: Amoonguss
|-resisted|p2a: Amoonguss
|-damage|p2a: Amoonguss|342\/430
|move|p2a: Amoonguss|Spore|p1a: Pingu FTW
|-status|p1a: Pingu FTW|slp
|
|-heal|p2a: Amoonguss|368\/430|[from] item: Black Sludge
|turn|21
|
|switch|p1a: Fuck U Lil Manaphy|Charizard-Mega-Y, M, shiny|195\/297
|-weather|SunnyDay
|move|p2a: Amoonguss|Foul Play|p1a: Fuck U Lil Manaphy
|-damage|p1a: Fuck U Lil Manaphy|123\/297
|
|-weather|SunnyDay|[upkeep]
|-heal|p2a: Amoonguss|394\/430|[from] item: Black Sludge
|turn|22
|
|switch|p2a: Slowbro|Slowbro, M|316\/392
|-damage|p2a: Slowbro|267\/392|[from] Stealth Rock
|move|p1a: Fuck U Lil Manaphy|Roost|p1a: Fuck U Lil Manaphy
|-heal|p1a: Fuck U Lil Manaphy|272\/297
|
|-weather|SunnyDay|[upkeep]
|turn|23
|
|move|p1a: Fuck U Lil Manaphy|Solar Beam|p2a: Slowbro|[still]
|-prepare|p1a: Fuck U Lil Manaphy|Solar Beam|p2a: Slowbro
|-anim|p1a: Fuck U Lil Manaphy|Solar Beam|p2a: Slowbro
|-supereffective|p2a: Slowbro
|-damage|p2a: Slowbro|0 fnt
|faint|p2a: Slowbro
|
|-weather|SunnyDay|[upkeep]
|
|switch|p2a: Amoonguss|Amoonguss, M|430\/430
|-damage|p2a: Amoonguss|377\/430|[from] Stealth Rock
|turn|24
|
|move|p1a: Fuck U Lil Manaphy|Fire Blast|p2a: Amoonguss
|-supereffective|p2a: Amoonguss
|-damage|p2a: Amoonguss|0 fnt
|faint|p2a: Amoonguss
|
|-weather|SunnyDay|[upkeep]
|
|switch|p2a: Clefable|Clefable, M|392\/392
|turn|25
|
|switch|p2a: Zapdos|Zapdos|126\/384
|-damage|p2a: Zapdos|30\/384|[from] Stealth Rock
|-ability|p2a: Zapdos|Pressure
|move|p1a: Fuck U Lil Manaphy|Fire Blast|p2a: Zapdos|[miss]
|-miss|p1a: Fuck U Lil Manaphy|p2a: Zapdos
|
|-weather|none
|-heal|p2a: Zapdos|54\/384|[from] item: Leftovers
|turn|26
|
|move|p1a: Fuck U Lil Manaphy|Fire Blast|p2a: Zapdos
|-damage|p2a: Zapdos|0 fnt
|faint|p2a: Zapdos
|
|
|switch|p2a: Clefable|Clefable, M|392\/392
|turn|27
|
|switch|p1a: My Little Pony|Keldeo-Resolute|323\/323
|move|p2a: Clefable|Calm Mind|p2a: Clefable
|-boost|p2a: Clefable|spa|1
|-boost|p2a: Clefable|spd|1
|
|turn|28
|
|move|p1a: My Little Pony|Hydro Pump|p2a: Clefable
|-damage|p2a: Clefable|194\/392
|move|p2a: Clefable|Calm Mind|p2a: Clefable
|-boost|p2a: Clefable|spa|1
|-boost|p2a: Clefable|spd|1
|
|turn|29
|
|switch|p1a: Fuck U Lil Manaphy|Charizard-Mega-Y, M, shiny|272\/297
|-weather|SunnyDay
|move|p2a: Clefable|Soft-Boiled|p2a: Clefable
|-heal|p2a: Clefable|390\/392
|
|-weather|SunnyDay|[upkeep]
|turn|30
|
|move|p1a: Fuck U Lil Manaphy|Fire Blast|p2a: Clefable
|-damage|p2a: Clefable|168\/392
|move|p2a: Clefable|Calm Mind|p2a: Clefable
|-boost|p2a: Clefable|spa|1
|-boost|p2a: Clefable|spd|1
|
|-weather|SunnyDay|[upkeep]
|turn|31
|c|âExiline|humm
|
|move|p1a: Fuck U Lil Manaphy|Fire Blast|p2a: Clefable
|-damage|p2a: Clefable|2\/392
|move|p2a: Clefable|Soft-Boiled|p2a: Clefable
|-heal|p2a: Clefable|198\/392
|
|-weather|SunnyDay|[upkeep]
|turn|32
|
|move|p1a: Fuck U Lil Manaphy|Fire Blast|p2a: Clefable
|-damage|p2a: Clefable|42\/392
|-status|p2a: Clefable|brn
|move|p2a: Clefable|Soft-Boiled|p2a: Clefable
|-heal|p2a: Clefable|238\/392 brn
|
|-weather|SunnyDay|[upkeep]
|turn|33
|c|âExiline|:\/
|c|âdon't use mega|=\/
|
|move|p1a: Fuck U Lil Manaphy|Solar Beam|p2a: Clefable|[still]
|-prepare|p1a: Fuck U Lil Manaphy|Solar Beam|p2a: Clefable
|-anim|p1a: Fuck U Lil Manaphy|Solar Beam|p2a: Clefable
|-damage|p2a: Clefable|164\/392 brn
|move|p2a: Clefable|Soft-Boiled|p2a: Clefable
|-heal|p2a: Clefable|360\/392 brn
|
|-weather|none
|turn|34
|c|âExiline|1%...
|
|switch|p1a: Rotom Suck|Kyurem-Black|253\/391
|-ability|p1a: Rotom Suck|Teravolt
|move|p2a: Clefable|Calm Mind|p2a: Clefable
|-boost|p2a: Clefable|spa|1
|-boost|p2a: Clefable|spd|1
|
|turn|35
|
|move|p1a: Rotom Suck|Fusion Bolt|p2a: Clefable
|-damage|p2a: Clefable|234\/392 brn
|move|p2a: Clefable|Calm Mind|p2a: Clefable
|-boost|p2a: Clefable|spa|1
|-boost|p2a: Clefable|spd|1
|
|turn|36
|
|switch|p1a: Godzilla|Tyranitar, F|310\/403 par
|-weather|Sandstorm
|move|p2a: Clefable|Soft-Boiled|p2a: Clefable
|-heal|p2a: Clefable|392\/392 brn
|
|-weather|Sandstorm|[upkeep]
|turn|37
|
|move|p2a: Clefable|Moonblast|p1a: Godzilla
|-supereffective|p1a: Godzilla
|-damage|p1a: Godzilla|0 fnt
|faint|p1a: Godzilla
|
|-weather|Sandstorm|[upkeep]
|
|switch|p1a: My Little Pony|Keldeo-Resolute|323\/323
|turn|38
|c|âExiline|it's not aproblem i crit
|
|move|p1a: My Little Pony|Hydro Pump|p2a: Clefable
|-damage|p2a: Clefable|305\/392 brn
|move|p2a: Clefable|Moonblast|p1a: My Little Pony
|-supereffective|p1a: My Little Pony
|-damage|p1a: My Little Pony|0 fnt
|faint|p1a: My Little Pony
|
|-weather|Sandstorm|[upkeep]
|
|switch|p1a: Fuck U Lil Manaphy|Charizard-Mega-Y, M, shiny|272\/297
|-weather|SunnyDay
|turn|39
|
|move|p1a: Fuck U Lil Manaphy|Solar Beam|p2a: Clefable|[still]
|-prepare|p1a: Fuck U Lil Manaphy|Solar Beam|p2a: Clefable
|-anim|p1a: Fuck U Lil Manaphy|Solar Beam|p2a: Clefable
|-damage|p2a: Clefable|248\/392 brn
|move|p2a: Clefable|Soft-Boiled|p2a: Clefable
|-heal|p2a: Clefable|392\/392 brn
|
|-weather|SunnyDay|[upkeep]
|turn|40
|
|move|p1a: Fuck U Lil Manaphy|Solar Beam|p2a: Clefable|[still]
|-prepare|p1a: Fuck U Lil Manaphy|Solar Beam|p2a: Clefable
|-anim|p1a: Fuck U Lil Manaphy|Solar Beam|p2a: Clefable
|-damage|p2a: Clefable|333\/392 brn
|move|p2a: Clefable|Moonblast|p1a: Fuck U Lil Manaphy
|-crit|p1a: Fuck U Lil Manaphy
|-resisted|p1a: Fuck U Lil Manaphy
|-damage|p1a: Fuck U Lil Manaphy|45\/297
|
|-weather|SunnyDay|[upkeep]
|turn|41
|c|âExiline|:\/
|
|move|p1a: Fuck U Lil Manaphy|Solar Beam|p2a: Clefable|[still]
|-prepare|p1a: Fuck U Lil Manaphy|Solar Beam|p2a: Clefable
|-anim|p1a: Fuck U Lil Manaphy|Solar Beam|p2a: Clefable
|-damage|p2a: Clefable|278\/392 brn
|move|p2a: Clefable|Moonblast|p1a: Fuck U Lil Manaphy
|-resisted|p1a: Fuck U Lil Manaphy
|-damage|p1a: Fuck U Lil Manaphy|0 fnt
|faint|p1a: Fuck U Lil Manaphy
|
|-weather|SunnyDay|[upkeep]
|
|switch|p1a: Rotom Suck|Kyurem-Black|253\/391
|-ability|p1a: Rotom Suck|Teravolt
|turn|42
|
|move|p1a: Rotom Suck|Ice Beam|p2a: Clefable
|-damage|p2a: Clefable|233\/392 brn
|move|p2a: Clefable|Soft-Boiled|p2a: Clefable
|-heal|p2a: Clefable|392\/392 brn
|
|-weather|SunnyDay|[upkeep]
|turn|43
|
|move|p1a: Rotom Suck|Ice Beam|p2a: Clefable
|-damage|p2a: Clefable|350\/392 brn
|move|p2a: Clefable|Moonblast|p1a: Rotom Suck
|-supereffective|p1a: Rotom Suck
|-damage|p1a: Rotom Suck|0 fnt
|faint|p1a: Rotom Suck
|
|-weather|none
|
|switch|p1a: Pingu FTW|Empoleon, F|329\/372 slp
|turn|44
|
|move|p2a: Clefable|Moonblast|p1a: Pingu FTW
|-resisted|p1a: Pingu FTW
|-damage|p1a: Pingu FTW|143\/372 slp
|-unboost|p1a: Pingu FTW|spa|1
|cant|p1a: Pingu FTW|slp
|
|turn|45
|
|move|p2a: Clefable|Moonblast|p1a: Pingu FTW
|-resisted|p1a: Pingu FTW
|-damage|p1a: Pingu FTW|0 fnt
|faint|p1a: Pingu FTW
|
|win|don't use mega
|raw|Ladder updating...
|raw|Exiline's rating: 1712 &rarr; <strong>1696<\/strong><br \/>(-16 for losing)
|raw|don&apos;t use mega's rating: 1777 &rarr; <strong>1794<\/strong><br \/>(+17 for winning)
|c|âExiline|gg
|leave|Exiline
|player|p1
|c|âdon't use mega|gg