|join|LT8X Anttya
|join|Don't Use Mega
|player|p1|LT8X Anttya|138
|player|p2|Don't Use Mega|101
|gametype|singles
|gen|6
|tier|OU
|rated
|clearpoke
|poke|p1|Dragonite, M
|poke|p1|Magnezone
|poke|p1|Amoonguss, M
|poke|p1|Scizor, F
|poke|p1|Azumarill, M
|poke|p1|Landorus-Therian, M
|poke|p2|Zapdos
|poke|p2|Landorus-Therian, M
|poke|p2|Alomomola, F
|poke|p2|Clefable, M
|poke|p2|Gothitelle, M
|poke|p2|Tentacruel, F
|rule|Swagger Clause: Swagger is banned
|rule|Baton Pass Clause: Limit one PokÃ©mon knowing Baton Pass
|rule|Sleep Clause Mod: Limit one foe put to sleep
|rule|Species Clause: Limit one of each PokÃ©mon
|rule|OHKO Clause: OHKO moves are banned
|rule|Moody Clause: Moody is banned
|rule|Evasion Moves Clause: Evasion moves are banned
|rule|Endless Battle Clause: Forcing endless battles is banned
|rule|HP Percentage Mod: HP is shown in percentages
|teampreview
|
|start
|switch|p1a: Landorus-Therian|Landorus-Therian, M|382\/382
|switch|p2a: Landorus-Therian|Landorus-Therian, M|382\/382
|-ability|p1a: Landorus-Therian|Intimidate|[of] p2a: Landorus-Therian
|-unboost|p2a: Landorus-Therian|atk|1
|-ability|p2a: Landorus-Therian|Intimidate|[of] p1a: Landorus-Therian
|-unboost|p1a: Landorus-Therian|atk|1
|turn|1
|
|switch|p2a: Clefable|Clefable, M|394\/394
|switch|p1a: Scizor|Scizor, F|340\/340
|
|turn|2
|
|detailschange|p1a: Scizor|Scizor-Mega, F
|message|Scizor has Mega Evolved into Mega Scizor!
|move|p1a: Scizor|U-turn|p2a: Clefable
|-resisted|p2a: Clefable
|-damage|p2a: Clefable|331\/394
|
|switch|p1a: Magnezone|Magnezone|315\/315
|move|p2a: Clefable|Flamethrower|p1a: Magnezone
|-supereffective|p1a: Magnezone
|-damage|p1a: Magnezone|155\/315
|
|-heal|p2a: Clefable|355\/394|[from] item: Leftovers
|turn|3
|
|switch|p2a: Zapdos|Zapdos|383\/383
|-ability|p2a: Zapdos|Pressure
|move|p1a: Magnezone|Volt Switch|p2a: Zapdos
|-damage|p2a: Zapdos|214\/383
|
|switch|p1a: Landorus-Therian|Landorus-Therian, M|382\/382
|-ability|p1a: Landorus-Therian|Intimidate|[of] p2a: Zapdos
|-unboost|p2a: Zapdos|atk|1
|
|-heal|p2a: Zapdos|237\/383|[from] item: Leftovers
|turn|4
|
|switch|p2a: Clefable|Clefable, M|355\/394
|move|p1a: Landorus-Therian|Stealth Rock|p2a: Clefable
|-sidestart|p2: Don't Use Mega|move: Stealth Rock
|
|-heal|p2a: Clefable|379\/394|[from] item: Leftovers
|turn|5
|
|move|p1a: Landorus-Therian|U-turn|p2a: Clefable
|-resisted|p2a: Clefable
|-damage|p2a: Clefable|338\/394
|
|switch|p1a: Amoonguss|Amoonguss, M|432\/432
|move|p2a: Clefable|Stealth Rock|p1a: Amoonguss
|-sidestart|p1: LT8X Anttya|move: Stealth Rock
|
|-heal|p2a: Clefable|362\/394|[from] item: Leftovers
|turn|6
|
|switch|p2a: Gothitelle|Gothitelle, M|301\/301
|-damage|p2a: Gothitelle|264\/301|[from] Stealth Rock
|switch|p1a: Scizor|Scizor-Mega, F|340\/340
|-damage|p1a: Scizor|298\/340|[from] Stealth Rock
|
|turn|7
|
|switch|p2a: Tentacruel|Tentacruel, F|352\/352
|-damage|p2a: Tentacruel|308\/352|[from] Stealth Rock
|move|p1a: Scizor|U-turn|p2a: Tentacruel
|-resisted|p2a: Tentacruel
|-damage|p2a: Tentacruel|257\/352
|
|switch|p1a: Landorus-Therian|Landorus-Therian, M|382\/382
|-damage|p1a: Landorus-Therian|335\/382|[from] Stealth Rock
|-ability|p1a: Landorus-Therian|Intimidate|[of] p2a: Tentacruel
|-unboost|p2a: Tentacruel|atk|1
|
|-heal|p2a: Tentacruel|279\/352|[from] item: Black Sludge
|-heal|p1a: Landorus-Therian|358\/382|[from] item: Leftovers
|turn|8
|
|switch|p2a: Zapdos|Zapdos|237\/383
|-damage|p2a: Zapdos|142\/383|[from] Stealth Rock
|-ability|p2a: Zapdos|Pressure
|move|p1a: Landorus-Therian|U-turn|p2a: Zapdos
|-resisted|p2a: Zapdos
|-damage|p2a: Zapdos|98\/383
|
|switch|p1a: Azumarill|Azumarill, M|342\/342
|-damage|p1a: Azumarill|300\/342|[from] Stealth Rock
|
|-heal|p2a: Zapdos|121\/383|[from] item: Leftovers
|turn|9
|
|move|p2a: Zapdos|Roost|p2a: Zapdos
|-heal|p2a: Zapdos|313\/383
|move|p1a: Azumarill|Play Rough|p2a: Zapdos
|-damage|p2a: Zapdos|103\/383
|
|-heal|p2a: Zapdos|126\/383|[from] item: Leftovers
|turn|10
|
|move|p2a: Zapdos|Roost|p2a: Zapdos
|-heal|p2a: Zapdos|318\/383
|move|p1a: Azumarill|Play Rough|p2a: Zapdos
|-damage|p2a: Zapdos|102\/383
|
|-heal|p2a: Zapdos|125\/383|[from] item: Leftovers
|turn|11
|
|switch|p1a: Landorus-Therian|Landorus-Therian, M|358\/382
|-damage|p1a: Landorus-Therian|311\/382|[from] Stealth Rock
|-ability|p1a: Landorus-Therian|Intimidate|[of] p2a: Zapdos
|-unboost|p2a: Zapdos|atk|1
|move|p2a: Zapdos|Roost|p2a: Zapdos
|-heal|p2a: Zapdos|317\/383
|
|-heal|p2a: Zapdos|340\/383|[from] item: Leftovers
|-heal|p1a: Landorus-Therian|334\/382|[from] item: Leftovers
|turn|12
|
|move|p2a: Zapdos|Substitute|p2a: Zapdos
|-start|p2a: Zapdos|Substitute
|-damage|p2a: Zapdos|245\/383
|move|p1a: Landorus-Therian|U-turn|p2a: Zapdos
|-resisted|p2a: Zapdos
|-activate|p2a: Zapdos|Substitute|[damage]
|
|switch|p1a: Dragonite|Dragonite, M|331\/331
|-damage|p1a: Dragonite|249\/331|[from] Stealth Rock
|
|-heal|p2a: Zapdos|268\/383|[from] item: Leftovers
|turn|13
|
|move|p1a: Dragonite|Dragon Claw|p2a: Zapdos
|-end|p2a: Zapdos|Substitute
|move|p2a: Zapdos|Substitute|p2a: Zapdos
|-start|p2a: Zapdos|Substitute
|-damage|p2a: Zapdos|173\/383
|
|-heal|p2a: Zapdos|196\/383|[from] item: Leftovers
|turn|14
|
|move|p1a: Dragonite|Roost|p1a: Dragonite
|-heal|p1a: Dragonite|331\/331
|move|p2a: Zapdos|Roost|p2a: Zapdos
|-heal|p2a: Zapdos|383\/383
|
|turn|15
|
|move|p1a: Dragonite|Dragon Claw|p2a: Zapdos
|-end|p2a: Zapdos|Substitute
|move|p2a: Zapdos|Volt Switch|p1a: Dragonite
|-damage|p1a: Dragonite|280\/331
|
|switch|p2a: Gothitelle|Gothitelle, M|264\/301
|-damage|p2a: Gothitelle|227\/301|[from] Stealth Rock
|
|turn|16
|
|move|p2a: Gothitelle|Trick|p1a: Dragonite
|-activate|p2a: Gothitelle|move: Trick|[of] p1a: Dragonite
|-item|p1a: Dragonite|Choice Scarf|[from] move: Trick
|-item|p2a: Gothitelle|Lum Berry|[from] move: Trick
|move|p1a: Dragonite|Dragon Claw|p2a: Gothitelle
|-damage|p2a: Gothitelle|65\/301
|
|turn|17
|
|switch|p2a: Clefable|Clefable, M|362\/394
|move|p1a: Dragonite|Dragon Claw|p2a: Clefable
|-immune|p2a: Clefable|[msg]
|
|-heal|p2a: Clefable|386\/394|[from] item: Leftovers
|turn|18
|
|switch|p1a: Amoonguss|Amoonguss, M|432\/432
|-damage|p1a: Amoonguss|378\/432|[from] Stealth Rock
|move|p2a: Clefable|Moonblast|p1a: Amoonguss
|-resisted|p1a: Amoonguss
|-damage|p1a: Amoonguss|333\/432
|
|-heal|p2a: Clefable|394\/394|[from] item: Leftovers
|-heal|p1a: Amoonguss|360\/432|[from] item: Black Sludge
|turn|19
|join|Mega P!kachu
|
|switch|p2a: Gothitelle|Gothitelle, M|65\/301
|-damage|p2a: Gothitelle|28\/301|[from] Stealth Rock
|switch|p1a: Landorus-Therian|Landorus-Therian, M|334\/382
|-damage|p1a: Landorus-Therian|287\/382|[from] Stealth Rock
|-ability|p1a: Landorus-Therian|Intimidate|[of] p2a: Gothitelle
|-unboost|p2a: Gothitelle|atk|1
|
|-heal|p1a: Landorus-Therian|310\/382|[from] item: Leftovers
|turn|20
|
|switch|p2a: Alomomola|Alomomola, F|472\/472
|-damage|p2a: Alomomola|413\/472|[from] Stealth Rock
|move|p1a: Landorus-Therian|U-turn|p2a: Alomomola
|-damage|p2a: Alomomola|354\/472
|
|switch|p1a: Magnezone|Magnezone|155\/315
|-damage|p1a: Magnezone|136\/315|[from] Stealth Rock
|
|-heal|p2a: Alomomola|383\/472|[from] item: Leftovers
|turn|21
|
|move|p2a: Alomomola|Protect|p2a: Alomomola
|-singleturn|p2a: Alomomola|Protect
|move|p1a: Magnezone|Flash Cannon|p2a: Alomomola
|-activate|p2a: Alomomola|Protect
|
|-heal|p2a: Alomomola|412\/472|[from] item: Leftovers
|turn|22
|
|switch|p1a: Amoonguss|Amoonguss, M|432\/432
|-damage|p1a: Amoonguss|378\/432|[from] Stealth Rock
|switch|p2a: Tentacruel|Tentacruel, F|279\/352
|-damage|p2a: Tentacruel|235\/352|[from] Stealth Rock
|
|-heal|p2a: Tentacruel|257\/352|[from] item: Black Sludge
|-heal|p1a: Amoonguss|405\/432|[from] item: Black Sludge
|turn|23
|join|MaikSupremo
|
|move|p2a: Tentacruel|Rapid Spin|p1a: Amoonguss
|-damage|p1a: Amoonguss|391\/432
|-sideend|p2: Don't Use Mega|Stealth Rock|[from] move: Rapid Spin|[of] p2a: Tentacruel
|move|p1a: Amoonguss|Spore|p2a: Tentacruel
|-status|p2a: Tentacruel|slp
|
|-heal|p2a: Tentacruel|279\/352 slp|[from] item: Black Sludge
|-heal|p1a: Amoonguss|418\/432|[from] item: Black Sludge
|turn|24
|
|switch|p2a: Clefable|Clefable, M|394\/394
|move|p1a: Amoonguss|Giga Drain|p2a: Clefable
|-crit|p2a: Clefable
|-damage|p2a: Clefable|282\/394
|-heal|p1a: Amoonguss|432\/432|[from] drain|[of] p2a: Clefable
|
|-heal|p2a: Clefable|306\/394|[from] item: Leftovers
|turn|25
|
|move|p2a: Clefable|Moonblast|p1a: Amoonguss
|-resisted|p1a: Amoonguss
|-damage|p1a: Amoonguss|386\/432
|-unboost|p1a: Amoonguss|spa|1
|move|p1a: Amoonguss|Stun Spore|p2a: Clefable|[miss]
|-miss|p1a: Amoonguss|p2a: Clefable
|
|-heal|p2a: Clefable|330\/394|[from] item: Leftovers
|-heal|p1a: Amoonguss|413\/432|[from] item: Black Sludge
|turn|26
|
|move|p2a: Clefable|Moonblast|p1a: Amoonguss
|-resisted|p1a: Amoonguss
|-damage|p1a: Amoonguss|368\/432
|-unboost|p1a: Amoonguss|spa|1
|move|p1a: Amoonguss|Clear Smog|p2a: Clefable
|-supereffective|p2a: Clefable
|-damage|p2a: Clefable|282\/394
|-clearboost|p2a: Clefable
|
|-heal|p2a: Clefable|306\/394|[from] item: Leftovers
|-heal|p1a: Amoonguss|395\/432|[from] item: Black Sludge
|turn|27
|join|Death on Wings
|
|switch|p2a: Zapdos|Zapdos|383\/383
|-ability|p2a: Zapdos|Pressure
|move|p1a: Amoonguss|Clear Smog|p2a: Zapdos
|-damage|p2a: Zapdos|361\/383
|-clearboost|p2a: Zapdos
|
|-heal|p2a: Zapdos|383\/383|[from] item: Leftovers
|-heal|p1a: Amoonguss|422\/432|[from] item: Black Sludge
|turn|28
|
|switch|p1a: Dragonite|Dragonite, M|280\/331
|-damage|p1a: Dragonite|198\/331|[from] Stealth Rock
|move|p2a: Zapdos|Substitute|p2a: Zapdos
|-start|p2a: Zapdos|Substitute
|-damage|p2a: Zapdos|288\/383
|
|-heal|p2a: Zapdos|311\/383|[from] item: Leftovers
|turn|29
|
|move|p1a: Dragonite|Dragon Claw|p2a: Zapdos
|-end|p2a: Zapdos|Substitute
|move|p2a: Zapdos|Substitute|p2a: Zapdos
|-start|p2a: Zapdos|Substitute
|-damage|p2a: Zapdos|216\/383
|
|-heal|p2a: Zapdos|239\/383|[from] item: Leftovers
|turn|30
|
|move|p1a: Dragonite|Dragon Claw|p2a: Zapdos
|-end|p2a: Zapdos|Substitute
|move|p2a: Zapdos|Substitute|p2a: Zapdos
|-start|p2a: Zapdos|Substitute
|-damage|p2a: Zapdos|144\/383
|
|-heal|p2a: Zapdos|167\/383|[from] item: Leftovers
|turn|31
|
|move|p1a: Dragonite|Dragon Claw|p2a: Zapdos
|-end|p2a: Zapdos|Substitute
|move|p2a: Zapdos|Roost|p2a: Zapdos
|-heal|p2a: Zapdos|359\/383
|
|-heal|p2a: Zapdos|382\/383|[from] item: Leftovers
|turn|32
|
|move|p1a: Dragonite|Dragon Claw|p2a: Zapdos
|-damage|p2a: Zapdos|211\/383
|move|p2a: Zapdos|Substitute|p2a: Zapdos
|-start|p2a: Zapdos|Substitute
|-damage|p2a: Zapdos|116\/383
|
|-heal|p2a: Zapdos|139\/383|[from] item: Leftovers
|turn|33
|
|move|p1a: Dragonite|Dragon Claw|p2a: Zapdos
|-end|p2a: Zapdos|Substitute
|move|p2a: Zapdos|Substitute|p2a: Zapdos
|-start|p2a: Zapdos|Substitute
|-damage|p2a: Zapdos|44\/383
|
|-heal|p2a: Zapdos|67\/383|[from] item: Leftovers
|turn|34
|c| Death on Wings|pp stall?
|
|move|p1a: Dragonite|Dragon Claw|p2a: Zapdos
|-end|p2a: Zapdos|Substitute
|move|p2a: Zapdos|Roost|p2a: Zapdos
|-heal|p2a: Zapdos|259\/383
|
|-heal|p2a: Zapdos|282\/383|[from] item: Leftovers
|turn|35
|c|âLT8X Anttya|yep
|c| Death on Wings|Interesting tactic.
|c|âLT8X Anttya|Annoying lol
|c| Death on Wings|kek
|
|switch|p1a: Landorus-Therian|Landorus-Therian, M|310\/382
|-damage|p1a: Landorus-Therian|263\/382|[from] Stealth Rock
|-ability|p1a: Landorus-Therian|Intimidate|[of] p2a: Zapdos
|-unboost|p2a: Zapdos|atk|1
|move|p2a: Zapdos|Substitute|p2a: Zapdos
|-start|p2a: Zapdos|Substitute
|-damage|p2a: Zapdos|187\/383
|
|-heal|p2a: Zapdos|210\/383|[from] item: Leftovers
|-heal|p1a: Landorus-Therian|286\/382|[from] item: Leftovers
|turn|36
|
|move|p2a: Zapdos|Heat Wave|p1a: Landorus-Therian
|-damage|p1a: Landorus-Therian|180\/382
|move|p1a: Landorus-Therian|Stealth Rock|p2a: Zapdos
|-sidestart|p2: Don't Use Mega|move: Stealth Rock
|
|-heal|p2a: Zapdos|233\/383|[from] item: Leftovers
|-heal|p1a: Landorus-Therian|203\/382|[from] item: Leftovers
|turn|37
|
|move|p2a: Zapdos|Heat Wave|p1a: Landorus-Therian
|-damage|p1a: Landorus-Therian|87\/382
|move|p1a: Landorus-Therian|Stone Edge|p2a: Zapdos
|-supereffective|p2a: Zapdos
|-end|p2a: Zapdos|Substitute
|
|-heal|p2a: Zapdos|256\/383|[from] item: Leftovers
|-heal|p1a: Landorus-Therian|110\/382|[from] item: Leftovers
|turn|38
|join|Zewwok
|
|move|p2a: Zapdos|Substitute|p2a: Zapdos
|-start|p2a: Zapdos|Substitute
|-damage|p2a: Zapdos|161\/383
|move|p1a: Landorus-Therian|Stone Edge|p2a: Zapdos
|-supereffective|p2a: Zapdos
|-end|p2a: Zapdos|Substitute
|
|-heal|p2a: Zapdos|184\/383|[from] item: Leftovers
|-heal|p1a: Landorus-Therian|133\/382|[from] item: Leftovers
|turn|39
|
|move|p2a: Zapdos|Substitute|p2a: Zapdos
|-start|p2a: Zapdos|Substitute
|-damage|p2a: Zapdos|89\/383
|move|p1a: Landorus-Therian|Stone Edge|p2a: Zapdos
|-supereffective|p2a: Zapdos
|-end|p2a: Zapdos|Substitute
|
|-heal|p2a: Zapdos|112\/383|[from] item: Leftovers
|-heal|p1a: Landorus-Therian|156\/382|[from] item: Leftovers
|turn|40
|
|move|p2a: Zapdos|Substitute|p2a: Zapdos
|-start|p2a: Zapdos|Substitute
|-damage|p2a: Zapdos|17\/383
|move|p1a: Landorus-Therian|Stone Edge|p2a: Zapdos
|-supereffective|p2a: Zapdos
|-end|p2a: Zapdos|Substitute
|
|-heal|p2a: Zapdos|40\/383|[from] item: Leftovers
|-heal|p1a: Landorus-Therian|179\/382|[from] item: Leftovers
|turn|41
|
|move|p2a: Zapdos|Roost|p2a: Zapdos
|-heal|p2a: Zapdos|232\/383
|move|p1a: Landorus-Therian|Earthquake|p2a: Zapdos
|-supereffective|p2a: Zapdos
|-damage|p2a: Zapdos|0 fnt
|faint|p2a: Zapdos
|
|-heal|p1a: Landorus-Therian|202\/382|[from] item: Leftovers
|
|switch|p2a: Alomomola|Alomomola, F|472\/472
|-damage|p2a: Alomomola|413\/472|[from] Stealth Rock
|turn|42
|c| Death on Wings|Dat 8pp move with misses ;-;
|
|move|p1a: Landorus-Therian|U-turn|p2a: Alomomola
|-damage|p2a: Alomomola|347\/472
|c|âLT8X Anttya|:')
|c| Death on Wings|Still, no misses
|
|switch|p1a: Magnezone|Magnezone|136\/315
|-damage|p1a: Magnezone|117\/315|[from] Stealth Rock
|move|p2a: Alomomola|Scald|p1a: Magnezone
|-damage|p1a: Magnezone|63\/315
|-status|p1a: Magnezone|brn
|
|-heal|p2a: Alomomola|376\/472|[from] item: Leftovers
|-damage|p1a: Magnezone|24\/315 brn|[from] brn
|turn|43
|c| Death on Wings|But no more pp
|c|âLT8X Anttya|I'm Magical that way
|
|switch|p1a: Amoonguss|Amoonguss, M|432\/432
|-damage|p1a: Amoonguss|378\/432|[from] Stealth Rock
|move|p2a: Alomomola|Protect|p2a: Alomomola
|-fail|p2a: Alomomola
|
|-heal|p2a: Alomomola|405\/472|[from] item: Leftovers
|-heal|p1a: Amoonguss|405\/432|[from] item: Black Sludge
|turn|44
|c| Death on Wings|kek
|
|switch|p2a: Clefable|Clefable, M|306\/394
|move|p1a: Amoonguss|Giga Drain|p2a: Clefable
|-damage|p2a: Clefable|236\/394
|-heal|p1a: Amoonguss|432\/432|[from] drain|[of] p2a: Clefable
|
|-heal|p2a: Clefable|260\/394|[from] item: Leftovers
|turn|45
|
|move|p2a: Clefable|Flamethrower|p1a: Amoonguss
|-supereffective|p1a: Amoonguss
|-damage|p1a: Amoonguss|318\/432
|move|p1a: Amoonguss|Giga Drain|p2a: Clefable
|-damage|p2a: Clefable|188\/394
|-heal|p1a: Amoonguss|354\/432|[from] drain|[of] p2a: Clefable
|
|-heal|p2a: Clefable|212\/394|[from] item: Leftovers
|-heal|p1a: Amoonguss|381\/432|[from] item: Black Sludge
|turn|46
|
|move|p2a: Clefable|Flamethrower|p1a: Amoonguss
|-supereffective|p1a: Amoonguss
|-damage|p1a: Amoonguss|271\/432
|move|p1a: Amoonguss|Giga Drain|p2a: Clefable
|-damage|p2a: Clefable|134\/394
|-heal|p1a: Amoonguss|310\/432|[from] drain|[of] p2a: Clefable
|
|-heal|p2a: Clefable|158\/394|[from] item: Leftovers
|-heal|p1a: Amoonguss|337\/432|[from] item: Black Sludge
|turn|47
|
|move|p2a: Clefable|Flamethrower|p1a: Amoonguss
|-supereffective|p1a: Amoonguss
|-damage|p1a: Amoonguss|215\/432
|move|p1a: Amoonguss|Giga Drain|p2a: Clefable
|-damage|p2a: Clefable|88\/394
|-heal|p1a: Amoonguss|250\/432|[from] drain|[of] p2a: Clefable
|
|-heal|p2a: Clefable|112\/394|[from] item: Leftovers
|-heal|p1a: Amoonguss|277\/432|[from] item: Black Sludge
|turn|48
|
|move|p2a: Clefable|Soft-Boiled|p2a: Clefable
|-heal|p2a: Clefable|309\/394
|move|p1a: Amoonguss|Giga Drain|p2a: Clefable
|-crit|p2a: Clefable
|-damage|p2a: Clefable|209\/394
|-heal|p1a: Amoonguss|327\/432|[from] drain|[of] p2a: Clefable
|
|-heal|p2a: Clefable|233\/394|[from] item: Leftovers
|-heal|p1a: Amoonguss|354\/432|[from] item: Black Sludge
|turn|49
|
|move|p2a: Clefable|Flamethrower|p1a: Amoonguss
|-supereffective|p1a: Amoonguss
|-damage|p1a: Amoonguss|248\/432
|move|p1a: Amoonguss|Stun Spore|p2a: Clefable
|-status|p2a: Clefable|par
|
|-heal|p1a: Amoonguss|275\/432|[from] item: Black Sludge
|-heal|p2a: Clefable|257\/394 par|[from] item: Leftovers
|turn|50
|
|move|p1a: Amoonguss|Giga Drain|p2a: Clefable
|-damage|p2a: Clefable|179\/394 par
|-heal|p1a: Amoonguss|314\/432|[from] drain|[of] p2a: Clefable
|cant|p2a: Clefable|par
|
|-heal|p1a: Amoonguss|341\/432|[from] item: Black Sludge
|-heal|p2a: Clefable|203\/394 par|[from] item: Leftovers
|turn|51
|
|move|p1a: Amoonguss|Giga Drain|p2a: Clefable
|-damage|p2a: Clefable|137\/394 par
|-heal|p1a: Amoonguss|374\/432|[from] drain|[of] p2a: Clefable
|move|p2a: Clefable|Soft-Boiled|p2a: Clefable
|-heal|p2a: Clefable|334\/394 par
|
|-heal|p1a: Amoonguss|401\/432|[from] item: Black Sludge
|-heal|p2a: Clefable|358\/394 par|[from] item: Leftovers
|turn|52
|
|switch|p1a: Azumarill|Azumarill, M|300\/342
|-damage|p1a: Azumarill|258\/342|[from] Stealth Rock
|move|p2a: Clefable|Flamethrower|p1a: Azumarill
|-resisted|p1a: Azumarill
|-damage|p1a: Azumarill|218\/342
|
|-heal|p2a: Clefable|382\/394 par|[from] item: Leftovers
|turn|53
|
|switch|p2a: Alomomola|Alomomola, F|472\/472
|-damage|p2a: Alomomola|413\/472|[from] Stealth Rock
|move|p1a: Azumarill|Belly Drum|p1a: Azumarill
|-damage|p1a: Azumarill|47\/342
|-setboost|p1a: Azumarill|atk|6|[from] move: Belly Drum
|-enditem|p1a: Azumarill|Sitrus Berry|[eat]
|-heal|p1a: Azumarill|132\/342|[from] item: Sitrus Berry
|
|-heal|p2a: Alomomola|442\/472|[from] item: Leftovers
|turn|54
|
|move|p2a: Alomomola|Protect|p2a: Alomomola
|-singleturn|p2a: Alomomola|Protect
|move|p1a: Azumarill|Play Rough|p2a: Alomomola
|-activate|p2a: Alomomola|Protect
|
|-heal|p2a: Alomomola|471\/472|[from] item: Leftovers
|turn|55
|
|move|p1a: Azumarill|Play Rough|p2a: Alomomola
|-damage|p2a: Alomomola|0 fnt
|faint|p2a: Alomomola
|
|
|switch|p2a: Tentacruel|Tentacruel, F|279\/352 slp
|-damage|p2a: Tentacruel|235\/352 slp|[from] Stealth Rock
|turn|56
|
|cant|p2a: Tentacruel|slp
|move|p1a: Azumarill|Return|p2a: Tentacruel
|-damage|p2a: Tentacruel|0 fnt
|faint|p2a: Tentacruel
|
|
|switch|p2a: Clefable|Clefable, M|382\/394 par
|turn|57
|
|move|p1a: Azumarill|Play Rough|p2a: Clefable
|-damage|p2a: Clefable|0 fnt
|faint|p2a: Clefable
|
|
|switch|p2a: Landorus-Therian|Landorus-Therian, M|382\/382
|-damage|p2a: Landorus-Therian|335\/382|[from] Stealth Rock
|-ability|p2a: Landorus-Therian|Intimidate|[of] p1a: Azumarill
|-unboost|p1a: Azumarill|atk|1
|turn|58
|
|move|p1a: Azumarill|Aqua Jet|p2a: Landorus-Therian
|-supereffective|p2a: Landorus-Therian
|-damage|p2a: Landorus-Therian|0 fnt
|faint|p2a: Landorus-Therian
|
|c|âLT8X Anttya|gg
|
|switch|p2a: Gothitelle|Gothitelle, M|28\/301
|-damage|p2a: Gothitelle|0 fnt|[from] Stealth Rock
|faint|p2a: Gothitelle
|
|win|LT8X Anttya
|raw|Ladder updating...
|raw|LT8X Anttya's rating: 1620 &rarr; <strong>1634<\/strong><br \/>(+14 for winning)
|raw|Don&apos;t Use Mega's rating: 1513 &rarr; <strong>1499<\/strong><br \/>(-14 for losing)
|leave|Don't Use Mega
|player|p2