|join|Don't Use MeGa
|join|CleanerThanRotom-W
|player|p1|Don't Use MeGa|101
|player|p2|CleanerThanRotom-W|68
|gametype|singles
|gen|6
|tier|OU
|rated
|clearpoke
|poke|p1|Tyranitar, M
|poke|p1|Slowbro, M
|poke|p1|Skarmory, F
|poke|p1|Amoonguss, M
|poke|p1|Clefable, F
|poke|p1|Chansey, F
|poke|p2|Sableye, M
|poke|p2|Chansey, F
|poke|p2|Cresselia, F
|poke|p2|Gothitelle, M
|poke|p2|Skarmory, F
|poke|p2|Quagsire, M
|rule|Swagger Clause: Swagger is banned
|rule|Baton Pass Clause: Limit one PokÃ©mon knowing Baton Pass
|rule|Sleep Clause Mod: Limit one foe put to sleep
|rule|Species Clause: Limit one of each PokÃ©mon
|rule|OHKO Clause: OHKO moves are banned
|rule|Moody Clause: Moody is banned
|rule|Evasion Moves Clause: Evasion moves are banned
|rule|Endless Battle Clause: Forcing endless battles is banned
|rule|HP Percentage Mod: HP is shown in percentages
|teampreview
|join|uCan'tSeeMe
|join|Nayuki
|
|start
|switch|p1a: Clefable|Clefable, F|392\/392
|switch|p2a: Sableye|Sableye, M|303\/303
|turn|1
|leave|Nayuki
|
|detailschange|p2a: Sableye|Sableye-Mega, M
|message|Sableye has Mega Evolved into Mega Sableye!
|move|p2a: Sableye|Calm Mind|p2a: Sableye
|-boost|p2a: Sableye|spa|1
|-boost|p2a: Sableye|spd|1
|move|p1a: Clefable|Knock Off|p2a: Sableye
|-damage|p2a: Sableye|271\/303
|
|turn|2
|
|switch|p2a: Gothitelle|Gothitelle, M|301\/301
|move|p1a: Clefable|Knock Off|p2a: Gothitelle
|-supereffective|p2a: Gothitelle
|-damage|p2a: Gothitelle|187\/301
|-enditem|p2a: Gothitelle|Choice Scarf|[from] move: Knock Off|[of] p1a: Clefable
|
|turn|3
|join|toneloni97
|
|move|p2a: Gothitelle|Trick|p1a: Clefable
|-activate|p2a: Gothitelle|move: Trick|[of] p1a: Clefable
|-item|p2a: Gothitelle|Leftovers|[from] move: Trick
|move|p1a: Clefable|Calm Mind|p1a: Clefable
|-boost|p1a: Clefable|spa|1
|-boost|p1a: Clefable|spd|1
|
|-heal|p2a: Gothitelle|205\/301|[from] item: Leftovers
|turn|4
|
|move|p2a: Gothitelle|Calm Mind|p2a: Gothitelle
|-boost|p2a: Gothitelle|spa|1
|-boost|p2a: Gothitelle|spd|1
|move|p1a: Clefable|Knock Off|p2a: Gothitelle
|-supereffective|p2a: Gothitelle
|-damage|p2a: Gothitelle|91\/301
|-enditem|p2a: Gothitelle|Leftovers|[from] move: Knock Off|[of] p1a: Clefable
|
|turn|5
|
|move|p2a: Gothitelle|Psychic|p1a: Clefable
|-damage|p1a: Clefable|242\/392
|move|p1a: Clefable|Calm Mind|p1a: Clefable
|-boost|p1a: Clefable|spa|1
|-boost|p1a: Clefable|spd|1
|
|turn|6
|
|move|p2a: Gothitelle|Psychic|p1a: Clefable
|-damage|p1a: Clefable|143\/392
|move|p1a: Clefable|Calm Mind|p1a: Clefable
|-boost|p1a: Clefable|spa|1
|-boost|p1a: Clefable|spd|1
|
|turn|7
|
|move|p2a: Gothitelle|Psychic|p1a: Clefable
|-damage|p1a: Clefable|61\/392
|move|p1a: Clefable|Soft-Boiled|p1a: Clefable
|-heal|p1a: Clefable|257\/392
|
|turn|8
|
|move|p2a: Gothitelle|Psychic|p1a: Clefable
|-damage|p1a: Clefable|167\/392
|-unboost|p1a: Clefable|spd|1
|move|p1a: Clefable|Soft-Boiled|p1a: Clefable
|-heal|p1a: Clefable|363\/392
|
|turn|9
|
|move|p2a: Gothitelle|Psychic|p1a: Clefable
|-damage|p1a: Clefable|258\/392
|-unboost|p1a: Clefable|spd|1
|move|p1a: Clefable|Calm Mind|p1a: Clefable
|-boost|p1a: Clefable|spa|1
|-boost|p1a: Clefable|spd|1
|
|turn|10
|
|move|p2a: Gothitelle|Psychic|p1a: Clefable
|-damage|p1a: Clefable|159\/392
|move|p1a: Clefable|Calm Mind|p1a: Clefable
|-boost|p1a: Clefable|spa|1
|-boost|p1a: Clefable|spd|1
|
|turn|11
|
|move|p2a: Gothitelle|Psychic|p1a: Clefable
|-damage|p1a: Clefable|75\/392
|move|p1a: Clefable|Soft-Boiled|p1a: Clefable
|-heal|p1a: Clefable|271\/392
|
|turn|12
|
|move|p2a: Gothitelle|Psychic|p1a: Clefable
|-damage|p1a: Clefable|192\/392
|move|p1a: Clefable|Calm Mind|p1a: Clefable
|-boost|p1a: Clefable|spa|1
|-boost|p1a: Clefable|spd|1
|
|turn|13
|
|move|p2a: Gothitelle|Psychic|p1a: Clefable
|-damage|p1a: Clefable|117\/392
|move|p1a: Clefable|Soft-Boiled|p1a: Clefable
|-heal|p1a: Clefable|313\/392
|
|turn|14
|
|move|p2a: Gothitelle|Psychic|p1a: Clefable
|-damage|p1a: Clefable|243\/392
|move|p1a: Clefable|Calm Mind|p1a: Clefable
|-boost|p1a: Clefable|spd|1
|
|turn|15
|
|move|p2a: Gothitelle|Psychic|p1a: Clefable
|-damage|p1a: Clefable|183\/392
|move|p1a: Clefable|Soft-Boiled|p1a: Clefable
|-heal|p1a: Clefable|379\/392
|
|turn|16
|
|move|p2a: Gothitelle|Psychic|p1a: Clefable
|-damage|p1a: Clefable|319\/392
|move|p1a: Clefable|Calm Mind|p1a: Clefable
|-boost|p1a: Clefable|spd|1
|
|turn|17
|
|move|p2a: Gothitelle|Psychic|p1a: Clefable
|-damage|p1a: Clefable|265\/392
|move|p1a: Clefable|Moonblast|p2a: Gothitelle
|-damage|p2a: Gothitelle|0 fnt
|faint|p2a: Gothitelle
|
|join|jake5
|
|switch|p2a: Quagsire|Quagsire, M|393\/393
|turn|18
|
|move|p1a: Clefable|Knock Off|p2a: Quagsire
|-damage|p2a: Quagsire|350\/393
|-enditem|p2a: Quagsire|Leftovers|[from] move: Knock Off|[of] p1a: Clefable
|move|p2a: Quagsire|Toxic|p1a: Clefable
|-status|p1a: Clefable|tox
|
|turn|19
|c| jake5|snipe too real
|
|move|p1a: Clefable|Moonblast|p2a: Quagsire
|-damage|p2a: Quagsire|211\/393
|move|p2a: Quagsire|Earthquake|p1a: Clefable
|-damage|p1a: Clefable|166\/392 tox
|
|turn|20
|
|move|p1a: Clefable|Soft-Boiled|p1a: Clefable
|-heal|p1a: Clefable|362\/392 tox
|move|p2a: Quagsire|Recover|p2a: Quagsire
|-heal|p2a: Quagsire|393\/393
|
|turn|21
|c| jake5|this is the same team hardpuzzle used lel
|c| jake5|whatsthebetting its the same guy
|
|switch|p1a: Amoonguss|Amoonguss, M|430\/430
|move|p2a: Quagsire|Earthquake|p1a: Amoonguss
|-damage|p1a: Amoonguss|334\/430
|
|-heal|p1a: Amoonguss|360\/430|[from] item: Black Sludge
|turn|22
|
|switch|p2a: Sableye|Sableye-Mega, M|271\/303
|move|p1a: Amoonguss|Giga Drain|p2a: Sableye
|-damage|p2a: Sableye|225\/303
|-heal|p1a: Amoonguss|383\/430|[from] drain|[of] p2a: Sableye
|
|-heal|p1a: Amoonguss|409\/430|[from] item: Black Sludge
|turn|23
|
|switch|p1a: Clefable|Clefable, F|362\/392 tox
|switch|p2a: Skarmory|Skarmory, F|334\/334
|
|turn|24
|
|move|p2a: Skarmory|Spikes|p1a: Clefable
|-sidestart|p1: Don't Use MeGa|Spikes
|move|p1a: Clefable|Knock Off|p2a: Skarmory
|-damage|p2a: Skarmory|302\/334
|-enditem|p2a: Skarmory|Shed Shell|[from] move: Knock Off|[of] p1a: Clefable
|
|turn|25
|
|switch|p1a: Skarmory|Skarmory, F|334\/334
|move|p2a: Skarmory|Spikes|p1a: Skarmory
|-sidestart|p1: Don't Use MeGa|Spikes
|
|turn|26
|
|switch|p2a: Sableye|Sableye-Mega, M|225\/303
|move|p1a: Skarmory|Brave Bird|p2a: Sableye
|-damage|p2a: Sableye|131\/303
|-damage|p1a: Skarmory|303\/334|[from] recoil|[of] p2a: Sableye
|
|turn|27
|
|move|p1a: Skarmory|Brave Bird|p2a: Sableye
|-damage|p2a: Sableye|32\/303
|-damage|p1a: Skarmory|270\/334|[from] recoil|[of] p2a: Sableye
|move|p2a: Sableye|Recover|p2a: Sableye
|-heal|p2a: Sableye|184\/303
|
|turn|28
|
|move|p1a: Skarmory|Brave Bird|p2a: Sableye
|-damage|p2a: Sableye|94\/303
|-damage|p1a: Skarmory|240\/334|[from] recoil|[of] p2a: Sableye
|move|p2a: Sableye|Recover|p2a: Sableye
|-heal|p2a: Sableye|246\/303
|
|turn|29
|
|switch|p1a: Slowbro|Slowbro, M|390\/390
|-damage|p1a: Slowbro|325\/390|[from] Spikes
|move|p2a: Sableye|Will-O-Wisp|p1a: Slowbro
|-status|p1a: Slowbro|brn
|
|-damage|p1a: Slowbro|277\/390 brn|[from] brn
|turn|30
|
|move|p1a: Slowbro|Scald|p2a: Sableye
|-crit|p2a: Sableye
|-damage|p2a: Sableye|156\/303
|move|p2a: Sableye|Calm Mind|p2a: Sableye
|-boost|p2a: Sableye|spa|1
|-boost|p2a: Sableye|spd|1
|
|-damage|p1a: Slowbro|229\/390 brn|[from] brn
|turn|31
|
|switch|p1a: Clefable|Clefable, F|362\/392 tox
|move|p2a: Sableye|Recover|p2a: Sableye
|-heal|p2a: Sableye|303\/303
|
|turn|32
|
|switch|p2a: Chansey|Chansey, F|703\/703
|move|p1a: Clefable|Calm Mind|p1a: Clefable
|-boost|p1a: Clefable|spa|1
|-boost|p1a: Clefable|spd|1
|
|turn|33
|
|move|p1a: Clefable|Knock Off|p2a: Chansey
|-damage|p2a: Chansey|641\/703
|-enditem|p2a: Chansey|Eviolite|[from] move: Knock Off|[of] p1a: Clefable
|move|p2a: Chansey|Stealth Rock|p1a: Clefable
|-sidestart|p1: Don't Use MeGa|move: Stealth Rock
|
|turn|34
|
|move|p1a: Clefable|Moonblast|p2a: Chansey
|-damage|p2a: Chansey|488\/703
|move|p2a: Chansey|Seismic Toss|p1a: Clefable
|-damage|p1a: Clefable|262\/392 tox
|
|turn|35
|
|switch|p1a: Skarmory|Skarmory, F|240\/334
|-damage|p1a: Skarmory|199\/334|[from] Stealth Rock
|move|p2a: Chansey|Seismic Toss|p1a: Skarmory
|-damage|p1a: Skarmory|99\/334
|
|turn|36
|c| jake5|btw ctrw thats spdef cress right?
|raw|<div class="broadcast-red"><b>Moderated chat was set to +!<\/b><br \/>Only users of rank + and higher can talk.<\/div>
|
|switch|p2a: Sableye|Sableye-Mega, M|303\/303
|move|p1a: Skarmory|Roost|p1a: Skarmory
|-heal|p1a: Skarmory|266\/334
|
|turn|37
|
|switch|p1a: Slowbro|Slowbro, M|359\/390 brn
|-damage|p1a: Slowbro|294\/390 brn|[from] Spikes
|-damage|p1a: Slowbro|246\/390 brn|[from] Stealth Rock
|move|p2a: Sableye|Calm Mind|p2a: Sableye
|-boost|p2a: Sableye|spa|1
|-boost|p2a: Sableye|spd|1
|
|-damage|p1a: Slowbro|198\/390 brn|[from] brn
|turn|38
|
|switch|p1a: Clefable|Clefable, F|262\/392 tox
|move|p2a: Sableye|Calm Mind|p2a: Sableye
|-boost|p2a: Sableye|spa|1
|-boost|p2a: Sableye|spd|1
|
|turn|39
|
|switch|p1a: Amoonguss|Amoonguss, M|430\/430
|-damage|p1a: Amoonguss|359\/430|[from] Spikes
|-damage|p1a: Amoonguss|306\/430|[from] Stealth Rock
|move|p2a: Sableye|Dark Pulse|p1a: Amoonguss
|-damage|p1a: Amoonguss|137\/430
|
|-heal|p1a: Amoonguss|163\/430|[from] item: Black Sludge
|turn|40
|
|move|p1a: Amoonguss|Clear Smog|p2a: Sableye
|-resisted|p2a: Sableye
|-damage|p2a: Sableye|294\/303
|-clearboost|p2a: Sableye
|move|p2a: Sableye|Dark Pulse|p1a: Amoonguss
|-damage|p1a: Amoonguss|75\/430
|
|-heal|p1a: Amoonguss|101\/430|[from] item: Black Sludge
|turn|41
|
|move|p1a: Amoonguss|Giga Drain|p2a: Sableye
|-damage|p2a: Sableye|248\/303
|-heal|p1a: Amoonguss|124\/430|[from] drain|[of] p2a: Sableye
|move|p2a: Sableye|Will-O-Wisp|p1a: Amoonguss|[miss]
|-miss|p2a: Sableye|p1a: Amoonguss
|
|-heal|p1a: Amoonguss|150\/430|[from] item: Black Sludge
|turn|42
|
|switch|p1a: Clefable|Clefable, F|262\/392 tox
|move|p2a: Sableye|Will-O-Wisp|p1a: Clefable
|-fail|p1a: Clefable
|
|turn|43
|
|switch|p2a: Chansey|Chansey, F|488\/703
|move|p1a: Clefable|Moonblast|p2a: Chansey
|-crit|p2a: Chansey
|-damage|p2a: Chansey|346\/703
|
|turn|44
|
|switch|p1a: Skarmory|Skarmory, F|266\/334
|-damage|p1a: Skarmory|225\/334|[from] Stealth Rock
|move|p2a: Chansey|Soft-Boiled|p2a: Chansey
|-heal|p2a: Chansey|698\/703
|
|turn|45
|
|switch|p2a: Sableye|Sableye-Mega, M|248\/303
|move|p1a: Skarmory|Brave Bird|p2a: Sableye
|-damage|p2a: Sableye|154\/303
|-damage|p1a: Skarmory|194\/334|[from] recoil|[of] p2a: Sableye
|
|turn|46
|
|move|p1a: Skarmory|Brave Bird|p2a: Sableye
|-damage|p2a: Sableye|60\/303
|-damage|p1a: Skarmory|163\/334|[from] recoil|[of] p2a: Sableye
|move|p2a: Sableye|Recover|p2a: Sableye
|-heal|p2a: Sableye|212\/303
|
|turn|47
|
|switch|p1a: Clefable|Clefable, F|262\/392 tox
|move|p2a: Sableye|Calm Mind|p2a: Sableye
|-boost|p2a: Sableye|spa|1
|-boost|p2a: Sableye|spd|1
|
|turn|48
|
|switch|p2a: Chansey|Chansey, F|698\/703
|move|p1a: Clefable|Calm Mind|p1a: Clefable
|-boost|p1a: Clefable|spa|1
|-boost|p1a: Clefable|spd|1
|
|turn|49
|
|move|p1a: Clefable|Moonblast|p2a: Chansey
|-damage|p2a: Chansey|536\/703
|move|p2a: Chansey|Seismic Toss|p1a: Clefable
|-damage|p1a: Clefable|162\/392 tox
|
|turn|50
|
|move|p1a: Clefable|Soft-Boiled|p1a: Clefable
|-heal|p1a: Clefable|358\/392 tox
|move|p2a: Chansey|Seismic Toss|p1a: Clefable
|-damage|p1a: Clefable|258\/392 tox
|
|turn|51
|
|switch|p1a: Skarmory|Skarmory, F|163\/334
|-damage|p1a: Skarmory|122\/334|[from] Stealth Rock
|move|p2a: Chansey|Seismic Toss|p1a: Skarmory
|-damage|p1a: Skarmory|22\/334
|
|turn|52
|
|switch|p2a: Sableye|Sableye-Mega, M|212\/303
|move|p1a: Skarmory|Roost|p1a: Skarmory
|-heal|p1a: Skarmory|189\/334
|
|turn|53
|
|switch|p1a: Clefable|Clefable, F|258\/392 tox
|move|p2a: Sableye|Will-O-Wisp|p1a: Clefable
|-fail|p1a: Clefable
|
|turn|54
|
|switch|p1a: Amoonguss|Amoonguss, M|293\/430
|-damage|p1a: Amoonguss|240\/430|[from] Stealth Rock
|-damage|p1a: Amoonguss|169\/430|[from] Spikes
|switch|p2a: Chansey|Chansey, F|536\/703
|
|-heal|p1a: Amoonguss|195\/430|[from] item: Black Sludge
|turn|55
|
|move|p2a: Chansey|Seismic Toss|p1a: Amoonguss
|-damage|p1a: Amoonguss|95\/430
|move|p1a: Amoonguss|Giga Drain|p2a: Chansey
|-damage|p2a: Chansey|455\/703
|-heal|p1a: Amoonguss|136\/430|[from] drain|[of] p2a: Chansey
|
|-heal|p1a: Amoonguss|162\/430|[from] item: Black Sludge
|turn|56
|
|move|p2a: Chansey|Seismic Toss|p1a: Amoonguss
|-damage|p1a: Amoonguss|62\/430
|move|p1a: Amoonguss|Giga Drain|p2a: Chansey
|-damage|p2a: Chansey|380\/703
|-heal|p1a: Amoonguss|100\/430|[from] drain|[of] p2a: Chansey
|
|-heal|p1a: Amoonguss|126\/430|[from] item: Black Sludge
|turn|57
|
|switch|p1a: Slowbro|Slowbro, M|328\/390 brn
|-damage|p1a: Slowbro|263\/390 brn|[from] Spikes
|-damage|p1a: Slowbro|215\/390 brn|[from] Stealth Rock
|move|p2a: Chansey|Seismic Toss|p1a: Slowbro
|-damage|p1a: Slowbro|115\/390 brn
|-damage|p2a: Chansey|263\/703|[from] item: Rocky Helmet|[of] p1a: Slowbro
|
|-damage|p1a: Slowbro|67\/390 brn|[from] brn
|turn|58
|
|switch|p1a: Tyranitar|Tyranitar, M|342\/342
|-damage|p1a: Tyranitar|300\/342|[from] Stealth Rock
|-damage|p1a: Tyranitar|243\/342|[from] Spikes
|-weather|Sandstorm
|move|p2a: Chansey|Seismic Toss|p1a: Tyranitar
|-damage|p1a: Tyranitar|143\/342
|
|-weather|Sandstorm|[upkeep]
|-damage|p2a: Chansey|220\/703|[from] sandstorm
|turn|59
|
|move|p1a: Tyranitar|Superpower|p2a: Chansey
|-supereffective|p2a: Chansey
|-damage|p2a: Chansey|0 fnt
|-unboost|p1a: Tyranitar|atk|1
|-unboost|p1a: Tyranitar|def|1
|faint|p2a: Chansey
|
|-weather|Sandstorm|[upkeep]
|
|switch|p2a: Sableye|Sableye-Mega, M|212\/303
|turn|60
|
|switch|p1a: Clefable|Clefable, F|258\/392 tox
|move|p2a: Sableye|Calm Mind|p2a: Sableye
|-boost|p2a: Sableye|spa|1
|-boost|p2a: Sableye|spd|1
|
|-weather|Sandstorm|[upkeep]
|-damage|p2a: Sableye|194\/303|[from] sandstorm
|turn|61
|
|switch|p2a: Skarmory|Skarmory, F|302\/334
|move|p1a: Clefable|Calm Mind|p1a: Clefable
|-boost|p1a: Clefable|spa|1
|-boost|p1a: Clefable|spd|1
|
|-weather|Sandstorm|[upkeep]
|turn|62
|
|move|p2a: Skarmory|Spikes|p1a: Clefable
|-sidestart|p1: Don't Use MeGa|Spikes
|move|p1a: Clefable|Moonblast|p2a: Skarmory
|-crit|p2a: Skarmory
|-resisted|p2a: Skarmory
|-damage|p2a: Skarmory|131\/334
|
|-weather|none
|turn|63
|
|move|p2a: Skarmory|Roost|p2a: Skarmory
|-heal|p2a: Skarmory|298\/334
|move|p1a: Clefable|Moonblast|p2a: Skarmory
|-resisted|p2a: Skarmory
|-damage|p2a: Skarmory|187\/334
|
|turn|64
|
|move|p2a: Skarmory|Roost|p2a: Skarmory
|-heal|p2a: Skarmory|334\/334
|move|p1a: Clefable|Calm Mind|p1a: Clefable
|-boost|p1a: Clefable|spa|1
|-boost|p1a: Clefable|spd|1
|
|turn|65
|
|switch|p2a: Cresselia|Cresselia, F|444\/444
|move|p1a: Clefable|Moonblast|p2a: Cresselia
|-damage|p2a: Cresselia|303\/444
|
|-heal|p2a: Cresselia|330\/444|[from] item: Leftovers
|turn|66
|
|move|p2a: Cresselia|Skill Swap|p1a: Clefable
|-activate|p2a: Cresselia|move: Skill Swap|Magic Guard|Levitate|[of] p1a: Clefable
|move|p1a: Clefable|Knock Off|p2a: Cresselia
|-supereffective|p2a: Cresselia
|-damage|p2a: Cresselia|240\/444
|-enditem|p2a: Cresselia|Leftovers|[from] move: Knock Off|[of] p1a: Clefable
|
|-damage|p1a: Clefable|90\/392 tox|[from] psn
|turn|67
|join|testingteamzx
|
|switch|p1a: Skarmory|Skarmory, F|189\/334
|-damage|p1a: Skarmory|148\/334|[from] Stealth Rock
|move|p2a: Cresselia|Moonlight|p2a: Cresselia
|-heal|p2a: Cresselia|444\/444
|
|turn|68
|
|switch|p2a: Sableye|Sableye-Mega, M|194\/303
|move|p1a: Skarmory|Brave Bird|p2a: Sableye
|-damage|p2a: Sableye|91\/303
|-damage|p1a: Skarmory|114\/334|[from] recoil|[of] p2a: Sableye
|
|turn|69
|
|move|p1a: Skarmory|Brave Bird|p2a: Sableye
|-damage|p2a: Sableye|0 fnt
|-damage|p1a: Skarmory|84\/334|[from] recoil|[of] p2a: Sableye
|faint|p2a: Sableye
|
|
|switch|p2a: Quagsire|Quagsire, M|393\/393
|turn|70
|
|move|p1a: Skarmory|Roost|p1a: Skarmory
|-heal|p1a: Skarmory|251\/334
|move|p2a: Quagsire|Scald|p1a: Skarmory
|-crit|p1a: Skarmory
|-damage|p1a: Skarmory|125\/334
|-status|p1a: Skarmory|brn
|
|-damage|p1a: Skarmory|84\/334 brn|[from] brn
|turn|71
|
|move|p1a: Skarmory|Roost|p1a: Skarmory
|-heal|p1a: Skarmory|251\/334 brn
|move|p2a: Quagsire|Scald|p1a: Skarmory
|-damage|p1a: Skarmory|166\/334 brn
|
|-damage|p1a: Skarmory|125\/334 brn|[from] brn
|turn|72
|c|âDon't Use MeGa|...
|
|move|p1a: Skarmory|Roost|p1a: Skarmory
|-heal|p1a: Skarmory|292\/334 brn
|move|p2a: Quagsire|Earthquake|p1a: Skarmory
|-crit|p1a: Skarmory
|-supereffective|p1a: Skarmory
|-damage|p1a: Skarmory|106\/334 brn
|
|-damage|p1a: Skarmory|65\/334 brn|[from] brn
|turn|73
|
|move|p1a: Skarmory|Roost|p1a: Skarmory
|-heal|p1a: Skarmory|232\/334 brn
|move|p2a: Quagsire|Earthquake|p1a: Skarmory
|-supereffective|p1a: Skarmory
|-damage|p1a: Skarmory|124\/334 brn
|
|-damage|p1a: Skarmory|83\/334 brn|[from] brn
|turn|74
|
|move|p1a: Skarmory|Roost|p1a: Skarmory
|-heal|p1a: Skarmory|250\/334 brn
|move|p2a: Quagsire|Earthquake|p1a: Skarmory
|-supereffective|p1a: Skarmory
|-damage|p1a: Skarmory|142\/334 brn
|
|-damage|p1a: Skarmory|101\/334 brn|[from] brn
|turn|75
|
|move|p1a: Skarmory|Roost|p1a: Skarmory
|-heal|p1a: Skarmory|268\/334 brn
|move|p2a: Quagsire|Earthquake|p1a: Skarmory
|-crit|p1a: Skarmory
|-supereffective|p1a: Skarmory
|-damage|p1a: Skarmory|100\/334 brn
|
|-damage|p1a: Skarmory|59\/334 brn|[from] brn
|turn|76
|
|move|p1a: Skarmory|Roost|p1a: Skarmory
|-heal|p1a: Skarmory|226\/334 brn
|move|p2a: Quagsire|Earthquake|p1a: Skarmory
|-crit|p1a: Skarmory
|-supereffective|p1a: Skarmory
|-damage|p1a: Skarmory|50\/334 brn
|
|-damage|p1a: Skarmory|9\/334 brn|[from] brn
|turn|77
|
|move|p1a: Skarmory|Roost|p1a: Skarmory
|-heal|p1a: Skarmory|176\/334 brn
|move|p2a: Quagsire|Earthquake|p1a: Skarmory
|-supereffective|p1a: Skarmory
|-damage|p1a: Skarmory|54\/334 brn
|
|-damage|p1a: Skarmory|13\/334 brn|[from] brn
|turn|78
|c|âDon't Use MeGa|kkk
|
|move|p1a: Skarmory|Roost|p1a: Skarmory
|-heal|p1a: Skarmory|180\/334 brn
|move|p2a: Quagsire|Earthquake|p1a: Skarmory
|-supereffective|p1a: Skarmory
|-damage|p1a: Skarmory|66\/334 brn
|
|-damage|p1a: Skarmory|25\/334 brn|[from] brn
|turn|79
|c|âDon't Use MeGa|omg
|
|move|p1a: Skarmory|Roost|p1a: Skarmory
|-heal|p1a: Skarmory|192\/334 brn
|move|p2a: Quagsire|Earthquake|p1a: Skarmory
|-supereffective|p1a: Skarmory
|-damage|p1a: Skarmory|78\/334 brn
|
|-damage|p1a: Skarmory|37\/334 brn|[from] brn
|turn|80
|
|move|p1a: Skarmory|Roost|p1a: Skarmory
|-heal|p1a: Skarmory|204\/334 brn
|move|p2a: Quagsire|Earthquake|p1a: Skarmory
|-supereffective|p1a: Skarmory
|-damage|p1a: Skarmory|96\/334 brn
|
|-damage|p1a: Skarmory|55\/334 brn|[from] brn
|turn|81
|
|move|p1a: Skarmory|Roost|p1a: Skarmory
|-heal|p1a: Skarmory|222\/334 brn
|move|p2a: Quagsire|Earthquake|p1a: Skarmory
|-supereffective|p1a: Skarmory
|-damage|p1a: Skarmory|106\/334 brn
|
|-damage|p1a: Skarmory|65\/334 brn|[from] brn
|turn|82
|
|move|p1a: Skarmory|Roost|p1a: Skarmory
|-heal|p1a: Skarmory|232\/334 brn
|move|p2a: Quagsire|Earthquake|p1a: Skarmory
|-supereffective|p1a: Skarmory
|-damage|p1a: Skarmory|106\/334 brn
|
|-damage|p1a: Skarmory|65\/334 brn|[from] brn
|turn|83
|
|move|p1a: Skarmory|Roost|p1a: Skarmory
|-heal|p1a: Skarmory|232\/334 brn
|move|p2a: Quagsire|Earthquake|p1a: Skarmory
|-supereffective|p1a: Skarmory
|-damage|p1a: Skarmory|122\/334 brn
|
|-damage|p1a: Skarmory|81\/334 brn|[from] brn
|turn|84
|
|move|p1a: Skarmory|Spikes|p2a: Quagsire
|-sidestart|p2: CleanerThanRotom-W|Spikes
|move|p2a: Quagsire|Earthquake|p1a: Skarmory
|-immune|p1a: Skarmory|[msg]
|
|-damage|p1a: Skarmory|40\/334 brn|[from] brn
|turn|85
|
|move|p1a: Skarmory|Spikes|p2a: Quagsire
|-sidestart|p2: CleanerThanRotom-W|Spikes
|move|p2a: Quagsire|Earthquake|p1a: Skarmory
|-immune|p1a: Skarmory|[msg]
|
|-damage|p1a: Skarmory|0 fnt|[from] brn
|faint|p1a: Skarmory
|
|switch|p1a: Amoonguss|Amoonguss, M|269\/430
|-damage|p1a: Amoonguss|216\/430|[from] Stealth Rock
|-damage|p1a: Amoonguss|109\/430|[from] Spikes
|turn|86
|
|switch|p2a: Skarmory|Skarmory, F|334\/334
|move|p1a: Amoonguss|Spore|p2a: Skarmory
|-status|p2a: Skarmory|slp
|
|-heal|p1a: Amoonguss|135\/430|[from] item: Black Sludge
|turn|87
|
|switch|p2a: Cresselia|Cresselia, F|444\/444
|switch|p1a: Clefable|Clefable, F|90\/392 tox
|
|turn|88
|join|ollopa
|
|switch|p1a: Chansey|Chansey, F|670\/670
|-damage|p1a: Chansey|503\/670|[from] Spikes
|-damage|p1a: Chansey|420\/670|[from] Stealth Rock
|move|p2a: Cresselia|Psyshock|p1a: Chansey
|-damage|p1a: Chansey|317\/670
|
|turn|89
|
|switch|p2a: Skarmory|Skarmory, F|334\/334 slp
|move|p1a: Chansey|Soft-Boiled|p1a: Chansey
|-heal|p1a: Chansey|652\/670
|
|turn|90
|join|HereIsOnlyTrue
|
|move|p1a: Chansey|Stealth Rock|p2a: Skarmory
|-sidestart|p2: CleanerThanRotom-W|move: Stealth Rock
|cant|p2a: Skarmory|slp
|
|turn|91
|
|move|p1a: Chansey|Seismic Toss|p2a: Skarmory
|-damage|p2a: Skarmory|234\/334 slp
|cant|p2a: Skarmory|slp
|
|turn|92
|
|move|p1a: Chansey|Seismic Toss|p2a: Skarmory
|-damage|p2a: Skarmory|134\/334 slp
|-curestatus|p2a: Skarmory|slp
|move|p2a: Skarmory|Counter|p1a: Chansey
|-damage|p1a: Chansey|452\/670
|
|turn|93
|
|move|p2a: Skarmory|Roost|p2a: Skarmory
|-heal|p2a: Skarmory|301\/334
|move|p1a: Chansey|Seismic Toss|p2a: Skarmory
|-damage|p2a: Skarmory|201\/334
|
|turn|94
|
|move|p1a: Chansey|Seismic Toss|p2a: Skarmory
|-damage|p2a: Skarmory|101\/334
|move|p2a: Skarmory|Counter|p1a: Chansey
|-damage|p1a: Chansey|252\/670
|
|turn|95
|
|move|p2a: Skarmory|Roost|p2a: Skarmory
|-heal|p2a: Skarmory|268\/334
|move|p1a: Chansey|Thunder Wave|p2a: Skarmory
|-status|p2a: Skarmory|par
|
|turn|96
|
|switch|p2a: Cresselia|Cresselia, F|444\/444
|-damage|p2a: Cresselia|389\/444|[from] Stealth Rock
|move|p1a: Chansey|Soft-Boiled|p1a: Chansey
|-heal|p1a: Chansey|587\/670
|
|turn|97
|
|move|p2a: Cresselia|Toxic|p1a: Chansey
|-status|p1a: Chansey|tox
|move|p1a: Chansey|Seismic Toss|p2a: Cresselia
|-damage|p2a: Cresselia|289\/444
|
|-damage|p1a: Chansey|546\/670 tox|[from] psn
|turn|98
|
|move|p2a: Cresselia|Skill Swap|p1a: Chansey
|-activate|p2a: Cresselia|move: Skill Swap|Natural Cure|Levitate|[of] p1a: Chansey
|move|p1a: Chansey|Seismic Toss|p2a: Cresselia
|-damage|p2a: Cresselia|189\/444
|
|-damage|p1a: Chansey|464\/670 tox|[from] psn
|turn|99
|
|switch|p1a: Tyranitar|Tyranitar, M|143\/342
|-damage|p1a: Tyranitar|101\/342|[from] Stealth Rock
|-damage|p1a: Tyranitar|16\/342|[from] Spikes
|-weather|Sandstorm
|move|p2a: Cresselia|Moonlight|p2a: Cresselia
|-heal|p2a: Cresselia|300\/444
|
|-weather|Sandstorm|[upkeep]
|-damage|p2a: Cresselia|273\/444|[from] sandstorm
|turn|100
|
|move|p1a: Tyranitar|Pursuit|p2a: Cresselia
|-supereffective|p2a: Cresselia
|-damage|p2a: Cresselia|147\/444
|move|p2a: Cresselia|Toxic|p1a: Tyranitar
|-status|p1a: Tyranitar|tox
|
|-weather|Sandstorm|[upkeep]
|-damage|p2a: Cresselia|120\/444|[from] sandstorm
|-damage|p1a: Tyranitar|0 fnt|[from] psn
|faint|p1a: Tyranitar
|
|switch|p1a: Slowbro|Slowbro, M|197\/390 brn
|-damage|p1a: Slowbro|149\/390 brn|[from] Stealth Rock
|-damage|p1a: Slowbro|52\/390 brn|[from] Spikes
|turn|101
|leave|jake5
|
|move|p2a: Cresselia|Psyshock|p1a: Slowbro
|-resisted|p1a: Slowbro
|-damage|p1a: Slowbro|28\/390 brn
|move|p1a: Slowbro|Slack Off|p1a: Slowbro
|-heal|p1a: Slowbro|223\/390 brn
|
|-weather|Sandstorm|[upkeep]
|-damage|p2a: Cresselia|93\/444|[from] sandstorm
|-damage|p1a: Slowbro|199\/390 brn|[from] sandstorm
|-damage|p1a: Slowbro|151\/390 brn|[from] brn
|turn|102
|
|move|p2a: Cresselia|Moonlight|p2a: Cresselia
|-heal|p2a: Cresselia|204\/444
|move|p1a: Slowbro|Slack Off|p1a: Slowbro
|-heal|p1a: Slowbro|346\/390 brn
|
|-weather|Sandstorm|[upkeep]
|-damage|p2a: Cresselia|177\/444|[from] sandstorm
|-damage|p1a: Slowbro|322\/390 brn|[from] sandstorm
|-damage|p1a: Slowbro|274\/390 brn|[from] brn
|turn|103
|
|move|p2a: Cresselia|Skill Swap|p1a: Slowbro
|-activate|p2a: Cresselia|move: Skill Swap|Regenerator|Natural Cure|[of] p1a: Slowbro
|move|p1a: Slowbro|Toxic|p2a: Cresselia
|-status|p2a: Cresselia|tox
|
|-weather|none
|-damage|p2a: Cresselia|150\/444 tox|[from] psn
|-damage|p1a: Slowbro|226\/390 brn|[from] brn
|turn|104
|
|switch|p2a: Skarmory|Skarmory, F|268\/334 par
|-damage|p2a: Skarmory|227\/334 par|[from] Stealth Rock
|move|p1a: Slowbro|Slack Off|p1a: Slowbro
|-heal|p1a: Slowbro|390\/390 brn
|
|-damage|p1a: Slowbro|342\/390 brn|[from] brn
|turn|105
|
|move|p1a: Slowbro|Scald|p2a: Skarmory
|-damage|p2a: Skarmory|107\/334 par
|move|p2a: Skarmory|Roost|p2a: Skarmory
|-heal|p2a: Skarmory|274\/334 par
|
|-damage|p1a: Slowbro|294\/390 brn|[from] brn
|turn|106
|
|move|p1a: Slowbro|Scald|p2a: Skarmory
|-damage|p2a: Skarmory|148\/334 par
|cant|p2a: Skarmory|par
|
|-damage|p1a: Slowbro|246\/390 brn|[from] brn
|turn|107
|
|move|p1a: Slowbro|Scald|p2a: Skarmory
|-damage|p2a: Skarmory|21\/334 par
|cant|p2a: Skarmory|par
|
|-damage|p1a: Slowbro|198\/390 brn|[from] brn
|turn|108
|-message|CleanerThanRotom-W forfeited.
|
|win|Don't Use MeGa
|raw|Ladder updating...
|leave|CleanerThanRotom-W
|player|p2
|raw|Don&apos;t Use MeGa's rating: 1735 &rarr; <strong>1755<\/strong><br \/>(+20 for winning)
|raw|CleanerThanRotom-W's rating: 1736 &rarr; <strong>1716<\/strong><br \/>(-20 for losing)
|join|jake5
|join|SilviuSantos
|c|âDon't Use MeGa|jake5
|c|âDon't Use MeGa|I'm a Hardpuzzle ;)
|leave|jake5
|leave|testingteamzx
|leave|SilviuSantos