|join|Don't Use Mega
|join|TheDarkP1ayer
|player|p1|Don't Use Mega|101
|player|p2|TheDarkP1ayer|290
|gametype|singles
|gen|6
|tier|OU
|rated
|clearpoke
|poke|p1|Gothitelle, M
|poke|p1|Landorus-Therian, M
|poke|p1|Clefable, F
|poke|p1|Chansey, F
|poke|p1|Amoonguss, F
|poke|p1|Tentacruel, M
|poke|p2|Talonflame, M, shiny
|poke|p2|Gothitelle, M
|poke|p2|Manectric, F
|poke|p2|Azumarill, M
|poke|p2|Conkeldurr, M
|poke|p2|Ferrothorn, F
|rule|Swagger Clause: Swagger is banned
|rule|Baton Pass Clause: Limit one PokÃ©mon knowing Baton Pass
|rule|Sleep Clause Mod: Limit one foe put to sleep
|rule|Species Clause: Limit one of each PokÃ©mon
|rule|OHKO Clause: OHKO moves are banned
|rule|Moody Clause: Moody is banned
|rule|Evasion Moves Clause: Evasion moves are banned
|rule|Endless Battle Clause: Forcing endless battles is banned
|rule|HP Percentage Mod: HP is shown in percentages
|teampreview
|
|start
|switch|p1a: Landorus-Therian|Landorus-Therian, M|382\/382
|switch|p2a: Gothitelle|Gothitelle, M|281\/281
|-ability|p1a: Landorus-Therian|Intimidate|[of] p2a: Gothitelle
|-unboost|p2a: Gothitelle|atk|1
|turn|1
|
|switch|p2a: Talonflame|Talonflame, M, shiny|360\/360
|move|p1a: Landorus-Therian|Knock Off|p2a: Talonflame
|-damage|p2a: Talonflame|232\/360
|-enditem|p2a: Talonflame|Sharp Beak|[from] move: Knock Off|[of] p1a: Landorus-Therian
|
|turn|2
|
|switch|p2a: Conkeldurr|Conkeldurr, M|351\/351
|move|p1a: Landorus-Therian|U-turn|p2a: Conkeldurr
|-resisted|p2a: Conkeldurr
|-damage|p2a: Conkeldurr|313\/351
|
|switch|p1a: Gothitelle|Gothitelle, M|301\/301
|
|turn|3
|
|switch|p1a: Clefable|Clefable, F|394\/394
|move|p2a: Conkeldurr|Knock Off|p1a: Clefable
|-resisted|p1a: Clefable
|-damage|p1a: Clefable|332\/394
|-enditem|p1a: Clefable|Leftovers|[from] move: Knock Off|[of] p2a: Conkeldurr
|
|turn|4
|
|switch|p2a: Gothitelle|Gothitelle, M|281\/281
|move|p1a: Clefable|Moonblast|p2a: Gothitelle
|-damage|p2a: Gothitelle|206\/281
|
|turn|5
|
|move|p2a: Gothitelle|Trick|p1a: Clefable
|-activate|p2a: Gothitelle|move: Trick|[of] p1a: Clefable
|-item|p1a: Clefable|Choice Scarf|[from] move: Trick
|move|p1a: Clefable|Moonblast|p2a: Gothitelle
|-damage|p2a: Gothitelle|128\/281
|
|turn|6
|
|switch|p2a: Ferrothorn|Ferrothorn, F|324\/324
|move|p1a: Clefable|Moonblast|p2a: Ferrothorn
|-resisted|p2a: Ferrothorn
|-damage|p2a: Ferrothorn|284\/324
|-unboost|p2a: Ferrothorn|spa|1
|
|-heal|p2a: Ferrothorn|304\/324|[from] item: Leftovers
|turn|7
|
|switch|p1a: Gothitelle|Gothitelle, M|301\/301
|move|p2a: Ferrothorn|Stealth Rock|p1a: Gothitelle
|-sidestart|p1: Don't Use Mega|move: Stealth Rock
|
|-heal|p2a: Ferrothorn|324\/324|[from] item: Leftovers
|turn|8
|
|move|p1a: Gothitelle|Trick|p2a: Ferrothorn
|-activate|p1a: Gothitelle|move: Trick|[of] p2a: Ferrothorn
|-item|p2a: Ferrothorn|Choice Scarf|[from] move: Trick
|-item|p1a: Gothitelle|Leftovers|[from] move: Trick
|move|p2a: Ferrothorn|Gyro Ball|p1a: Gothitelle
|-damage|p1a: Gothitelle|175\/301
|
|-heal|p1a: Gothitelle|193\/301|[from] item: Leftovers
|turn|9
|
|move|p1a: Gothitelle|Psychic|p2a: Ferrothorn
|-resisted|p2a: Ferrothorn
|-damage|p2a: Ferrothorn|274\/324
|-unboost|p2a: Ferrothorn|spd|1
|move|p2a: Ferrothorn|Gyro Ball|p1a: Gothitelle
|-damage|p1a: Gothitelle|67\/301
|
|-heal|p1a: Gothitelle|85\/301|[from] item: Leftovers
|turn|10
|
|move|p1a: Gothitelle|Rest|p1a: Gothitelle
|-status|p1a: Gothitelle|slp
|-heal|p1a: Gothitelle|301\/301 slp|[silent]
|-status|p1a: Gothitelle|slp|[from] move: Rest
|move|p2a: Ferrothorn|Gyro Ball|p1a: Gothitelle
|-damage|p1a: Gothitelle|189\/301 slp
|
|-heal|p1a: Gothitelle|207\/301 slp|[from] item: Leftovers
|turn|11
|
|cant|p1a: Gothitelle|slp
|move|p2a: Ferrothorn|Gyro Ball|p1a: Gothitelle
|-damage|p1a: Gothitelle|96\/301 slp
|
|-heal|p1a: Gothitelle|114\/301 slp|[from] item: Leftovers
|turn|12
|
|switch|p1a: Tentacruel|Tentacruel, M|352\/352
|-damage|p1a: Tentacruel|308\/352|[from] Stealth Rock
|move|p2a: Ferrothorn|Gyro Ball|p1a: Tentacruel
|-resisted|p1a: Tentacruel
|-damage|p1a: Tentacruel|249\/352
|
|-heal|p1a: Tentacruel|271\/352|[from] item: Black Sludge
|turn|13
|
|switch|p2a: Manectric|Manectric, F|281\/281
|move|p1a: Tentacruel|Scald|p2a: Manectric
|-damage|p2a: Manectric|164\/281
|
|-heal|p1a: Tentacruel|293\/352|[from] item: Black Sludge
|turn|14
|c|âTheDarkP1ayer|vc Ã© br ?
|
|switch|p1a: Landorus-Therian|Landorus-Therian, M|382\/382
|-damage|p1a: Landorus-Therian|335\/382|[from] Stealth Rock
|-ability|p1a: Landorus-Therian|Intimidate|[of] p2a: Manectric
|-unboost|p2a: Manectric|atk|1
|detailschange|p2a: Manectric|Manectric-Mega, F
|message|Manectric has Mega Evolved into Mega Manectric!
|-ability|p2a: Manectric|Intimidate|[of] p1a: Landorus-Therian
|-unboost|p1a: Landorus-Therian|atk|1
|move|p2a: Manectric|Thunderbolt|p1a: Landorus-Therian
|-immune|p1a: Landorus-Therian|[msg]
|
|turn|15
|c|âDon't Use Mega|nÃ£o
|c|âTheDarkP1ayer|aff
|c|âDon't Use Mega|loL
|
|move|p2a: Manectric|Hidden Power|p1a: Landorus-Therian
|-supereffective|p1a: Landorus-Therian
|-damage|p1a: Landorus-Therian|179\/382
|move|p1a: Landorus-Therian|Earthquake|p2a: Manectric
|-supereffective|p2a: Manectric
|-damage|p2a: Manectric|0 fnt
|faint|p2a: Manectric
|
|c|âDon't Use Mega|Ã© a vida mano
|c|âTheDarkP1ayer|vi seu nick la na chat room
|
|switch|p2a: Conkeldurr|Conkeldurr, M|313\/351
|turn|16
|
|move|p1a: Landorus-Therian|U-turn|p2a: Conkeldurr
|-resisted|p2a: Conkeldurr
|-damage|p2a: Conkeldurr|285\/351
|
|switch|p1a: Clefable|Clefable, F|332\/394
|-damage|p1a: Clefable|283\/394|[from] Stealth Rock
|move|p2a: Conkeldurr|Ice Punch|p1a: Clefable
|-damage|p1a: Clefable|182\/394
|
|turn|17
|c|âDon't Use Mega|saquei
|
|move|p1a: Clefable|Moonblast|p2a: Conkeldurr
|-supereffective|p2a: Conkeldurr
|-damage|p2a: Conkeldurr|133\/351
|move|p2a: Conkeldurr|Ice Punch|p1a: Clefable
|-damage|p1a: Clefable|78\/394
|
|turn|18
|
|move|p1a: Clefable|Moonblast|p2a: Conkeldurr
|-supereffective|p2a: Conkeldurr
|-damage|p2a: Conkeldurr|0 fnt
|faint|p2a: Conkeldurr
|
|
|switch|p2a: Azumarill|Azumarill, M|404\/404
|turn|19
|
|switch|p1a: Amoonguss|Amoonguss, F|430\/430
|-damage|p1a: Amoonguss|377\/430|[from] Stealth Rock
|move|p2a: Azumarill|Belly Drum|p2a: Azumarill
|-damage|p2a: Azumarill|202\/404
|-setboost|p2a: Azumarill|atk|6|[from] move: Belly Drum
|-enditem|p2a: Azumarill|Sitrus Berry|[eat]
|-heal|p2a: Azumarill|303\/404|[from] item: Sitrus Berry
|
|-heal|p1a: Amoonguss|403\/430|[from] item: Black Sludge
|turn|20
|
|move|p2a: Azumarill|Aqua Jet|p1a: Amoonguss
|-resisted|p1a: Amoonguss
|-damage|p1a: Amoonguss|241\/430
|move|p1a: Amoonguss|Spore|p2a: Azumarill
|-status|p2a: Azumarill|slp
|
|-heal|p1a: Amoonguss|267\/430|[from] item: Black Sludge
|turn|21
|
|switch|p2a: Gothitelle|Gothitelle, M|128\/281
|move|p1a: Amoonguss|Clear Smog|p2a: Gothitelle
|-damage|p2a: Gothitelle|92\/281
|-clearboost|p2a: Gothitelle
|
|-heal|p1a: Amoonguss|293\/430|[from] item: Black Sludge
|turn|22
|
|move|p2a: Gothitelle|Psychic|p1a: Amoonguss
|-supereffective|p1a: Amoonguss
|-damage|p1a: Amoonguss|0 fnt
|faint|p1a: Amoonguss
|
|
|switch|p1a: Gothitelle|Gothitelle, M|114\/301 slp
|-damage|p1a: Gothitelle|77\/301 slp|[from] Stealth Rock
|turn|23
|c|âDon't Use Mega|loL
|
|cant|p1a: Gothitelle|slp
|move|p2a: Gothitelle|Psychic|p1a: Gothitelle
|-resisted|p1a: Gothitelle
|-damage|p1a: Gothitelle|20\/301 slp
|
|-heal|p1a: Gothitelle|38\/301 slp|[from] item: Leftovers
|turn|24
|
|-curestatus|p1a: Gothitelle|slp
|move|p1a: Gothitelle|Rest|p1a: Gothitelle
|-status|p1a: Gothitelle|slp
|-heal|p1a: Gothitelle|301\/301 slp|[silent]
|-status|p1a: Gothitelle|slp|[from] move: Rest
|move|p2a: Gothitelle|Psychic|p1a: Gothitelle
|-resisted|p1a: Gothitelle
|-damage|p1a: Gothitelle|242\/301 slp
|
|-heal|p1a: Gothitelle|260\/301 slp|[from] item: Leftovers
|turn|25
|
|cant|p1a: Gothitelle|slp
|move|p2a: Gothitelle|Substitute|p2a: Gothitelle
|-start|p2a: Gothitelle|Substitute
|-damage|p2a: Gothitelle|22\/281
|
|-heal|p1a: Gothitelle|278\/301 slp|[from] item: Leftovers
|turn|26
|
|cant|p1a: Gothitelle|slp
|move|p2a: Gothitelle|Trick|p1a: Gothitelle
|-activate|p2a: Gothitelle|move: Trick|[of] p1a: Gothitelle
|-item|p2a: Gothitelle|Leftovers|[from] move: Trick
|
|-heal|p2a: Gothitelle|39\/281|[from] item: Leftovers
|turn|27
|
|-curestatus|p1a: Gothitelle|slp
|move|p1a: Gothitelle|Psychic|p2a: Gothitelle
|-resisted|p2a: Gothitelle
|-activate|p2a: Gothitelle|Substitute|[damage]
|move|p2a: Gothitelle|Calm Mind|p2a: Gothitelle
|-boost|p2a: Gothitelle|spa|1
|-boost|p2a: Gothitelle|spd|1
|
|-heal|p2a: Gothitelle|56\/281|[from] item: Leftovers
|turn|28
|c|âDon't Use Mega|kkk sÃ©rio isso
|c|âDon't Use Mega|mds
|
|move|p1a: Gothitelle|Psychic|p2a: Gothitelle
|-resisted|p2a: Gothitelle
|-end|p2a: Gothitelle|Substitute
|move|p2a: Gothitelle|Psychic|p1a: Gothitelle
|-resisted|p1a: Gothitelle
|-damage|p1a: Gothitelle|191\/301
|
|-heal|p2a: Gothitelle|73\/281|[from] item: Leftovers
|turn|29
|
|move|p1a: Gothitelle|Trick|p2a: Gothitelle
|-activate|p1a: Gothitelle|move: Trick|[of] p2a: Gothitelle
|-item|p1a: Gothitelle|Leftovers|[from] move: Trick
|move|p2a: Gothitelle|Psychic|p1a: Gothitelle
|-resisted|p1a: Gothitelle
|-damage|p1a: Gothitelle|109\/301
|
|-heal|p1a: Gothitelle|127\/301|[from] item: Leftovers
|turn|30
|c|âTheDarkP1ayer|ashuashausha
|c|âDon't Use Mega|kkk
|
|move|p1a: Gothitelle|Psychic|p2a: Gothitelle
|-resisted|p2a: Gothitelle
|-damage|p2a: Gothitelle|40\/281
|move|p2a: Gothitelle|Psychic|p1a: Gothitelle
|-resisted|p1a: Gothitelle
|-damage|p1a: Gothitelle|43\/301
|
|-heal|p1a: Gothitelle|61\/301|[from] item: Leftovers
|turn|31
|
|move|p1a: Gothitelle|Psychic|p2a: Gothitelle
|-resisted|p2a: Gothitelle
|-damage|p2a: Gothitelle|10\/281
|move|p2a: Gothitelle|Psychic|p1a: Gothitelle
|-resisted|p1a: Gothitelle
|-damage|p1a: Gothitelle|0 fnt
|faint|p1a: Gothitelle
|
|c|âTheDarkP1ayer|kkkkk
|c|âDon't Use Mega|hehe
|
|switch|p1a: Clefable|Clefable, F|78\/394
|-damage|p1a: Clefable|29\/394|[from] Stealth Rock
|turn|32
|
|move|p1a: Clefable|Moonblast|p2a: Gothitelle
|-damage|p2a: Gothitelle|0 fnt
|faint|p2a: Gothitelle
|
|
|switch|p2a: Azumarill|Azumarill, M|303\/404 slp
|turn|33
|
|move|p1a: Clefable|Moonblast|p2a: Azumarill
|-damage|p2a: Azumarill|185\/404 slp
|cant|p2a: Azumarill|slp
|
|turn|34
|
|cant|p2a: Azumarill|slp
|move|p1a: Clefable|Moonblast|p2a: Azumarill
|-damage|p2a: Azumarill|50\/404 slp
|-unboost|p2a: Azumarill|spa|1
|
|turn|35
|
|cant|p2a: Azumarill|slp
|move|p1a: Clefable|Moonblast|p2a: Azumarill
|-damage|p2a: Azumarill|0 fnt
|faint|p2a: Azumarill
|
|c|âDon't Use Mega|clefa scarf sweep
|
|switch|p2a: Talonflame|Talonflame, M, shiny|232\/360
|turn|36
|
|switch|p1a: Tentacruel|Tentacruel, M|293\/352
|-damage|p1a: Tentacruel|249\/352|[from] Stealth Rock
|move|p2a: Talonflame|Brave Bird|p1a: Tentacruel
|-damage|p1a: Tentacruel|101\/352
|-damage|p2a: Talonflame|183\/360|[from] recoil|[of] p1a: Tentacruel
|
|-heal|p1a: Tentacruel|123\/352|[from] item: Black Sludge
|turn|37
|
|switch|p1a: Clefable|Clefable, F|29\/394
|-damage|p1a: Clefable|0 fnt|[from] Stealth Rock
|faint|p1a: Clefable
|move|p2a: Talonflame|Brave Bird|p1: Clefable|[notarget]
|-notarget
|
|
|switch|p1a: Chansey|Chansey, F|672\/672
|-damage|p1a: Chansey|588\/672|[from] Stealth Rock
|turn|38
|
|move|p2a: Talonflame|Roost|p2a: Talonflame
|-heal|p2a: Talonflame|360\/360
|move|p1a: Chansey|Seismic Toss|p2a: Talonflame
|-damage|p2a: Talonflame|260\/360
|
|turn|39
|
|move|p2a: Talonflame|Brave Bird|p1a: Chansey
|-damage|p1a: Chansey|380\/672
|-damage|p2a: Talonflame|191\/360|[from] recoil|[of] p1a: Chansey
|move|p1a: Chansey|Thunder Wave|p2a: Talonflame
|-status|p2a: Talonflame|par
|
|turn|40
|
|move|p2a: Talonflame|Roost|p2a: Talonflame
|-heal|p2a: Talonflame|360\/360 par
|move|p1a: Chansey|Soft-Boiled|p1a: Chansey
|-heal|p1a: Chansey|672\/672
|
|turn|41
|
|move|p1a: Chansey|Seismic Toss|p2a: Talonflame
|-damage|p2a: Talonflame|260\/360 par
|move|p2a: Talonflame|Swords Dance|p2a: Talonflame
|-boost|p2a: Talonflame|atk|2
|
|turn|42
|
|move|p1a: Chansey|Seismic Toss|p2a: Talonflame
|-damage|p2a: Talonflame|160\/360 par
|cant|p2a: Talonflame|par
|
|turn|43
|
|move|p2a: Talonflame|Roost|p2a: Talonflame
|-heal|p2a: Talonflame|340\/360 par
|move|p1a: Chansey|Seismic Toss|p2a: Talonflame
|-damage|p2a: Talonflame|240\/360 par
|
|turn|44
|
|move|p1a: Chansey|Seismic Toss|p2a: Talonflame
|-damage|p2a: Talonflame|140\/360 par
|cant|p2a: Talonflame|par
|
|turn|45
|
|cant|p2a: Talonflame|par
|move|p1a: Chansey|Seismic Toss|p2a: Talonflame
|-damage|p2a: Talonflame|40\/360 par
|
|turn|46
|c|âTheDarkP1ayer|aaaaaaaa
|
|move|p2a: Talonflame|Roost|p2a: Talonflame
|-heal|p2a: Talonflame|220\/360 par
|move|p1a: Chansey|Seismic Toss|p2a: Talonflame
|-damage|p2a: Talonflame|120\/360 par
|
|turn|47
|
|cant|p2a: Talonflame|par
|move|p1a: Chansey|Seismic Toss|p2a: Talonflame
|-damage|p2a: Talonflame|20\/360 par
|
|turn|48
|
|move|p2a: Talonflame|Roost|p2a: Talonflame
|-heal|p2a: Talonflame|200\/360 par
|move|p1a: Chansey|Seismic Toss|p2a: Talonflame
|-damage|p2a: Talonflame|100\/360 par
|
|turn|49
|
|move|p2a: Talonflame|Roost|p2a: Talonflame
|-heal|p2a: Talonflame|280\/360 par
|move|p1a: Chansey|Seismic Toss|p2a: Talonflame
|-damage|p2a: Talonflame|180\/360 par
|
|turn|50
|
|move|p2a: Talonflame|Roost|p2a: Talonflame
|-heal|p2a: Talonflame|360\/360 par
|move|p1a: Chansey|Seismic Toss|p2a: Talonflame
|-damage|p2a: Talonflame|260\/360 par
|
|turn|51
|
|move|p1a: Chansey|Seismic Toss|p2a: Talonflame
|-damage|p2a: Talonflame|160\/360 par
|move|p2a: Talonflame|Swords Dance|p2a: Talonflame
|-boost|p2a: Talonflame|atk|2
|
|turn|52
|
|move|p2a: Talonflame|Roost|p2a: Talonflame
|-heal|p2a: Talonflame|340\/360 par
|move|p1a: Chansey|Seismic Toss|p2a: Talonflame
|-damage|p2a: Talonflame|240\/360 par
|
|turn|53
|
|move|p2a: Talonflame|Brave Bird|p1a: Chansey
|-damage|p1a: Chansey|0 fnt
|-damage|p2a: Talonflame|18\/360 par|[from] recoil|[of] p1a: Chansey
|faint|p1a: Chansey
|
|
|switch|p1a: Tentacruel|Tentacruel, M|123\/352
|-damage|p1a: Tentacruel|79\/352|[from] Stealth Rock
|turn|54
|
|cant|p2a: Talonflame|par
|move|p1a: Tentacruel|Scald|p2a: Talonflame
|-supereffective|p2a: Talonflame
|-damage|p2a: Talonflame|0 fnt
|faint|p2a: Talonflame
|
|-heal|p1a: Tentacruel|101\/352|[from] item: Black Sludge
|
|switch|p2a: Ferrothorn|Ferrothorn, F|274\/324
|turn|55
|c|âTheDarkP1ayer|nice  choice
|
|move|p1a: Tentacruel|Scald|p2a: Ferrothorn
|-resisted|p2a: Ferrothorn
|-damage|p2a: Ferrothorn|244\/324
|move|p2a: Ferrothorn|Gyro Ball|p1a: Tentacruel
|-crit|p1a: Tentacruel
|-resisted|p1a: Tentacruel
|-damage|p1a: Tentacruel|24\/352
|
|-heal|p1a: Tentacruel|46\/352|[from] item: Black Sludge
|turn|56
|c|âDon't Use Mega|nice crit
|c|âDon't Use Mega|o_o
|
|move|p1a: Tentacruel|Scald|p2a: Ferrothorn
|-resisted|p2a: Ferrothorn
|-damage|p2a: Ferrothorn|214\/324
|move|p2a: Ferrothorn|Gyro Ball|p1a: Tentacruel
|-resisted|p1a: Tentacruel
|-damage|p1a: Tentacruel|0 fnt
|faint|p1a: Tentacruel
|
|
|switch|p1a: Landorus-Therian|Landorus-Therian, M|179\/382
|-damage|p1a: Landorus-Therian|132\/382|[from] Stealth Rock
|-ability|p1a: Landorus-Therian|Intimidate|[of] p2a: Ferrothorn
|-unboost|p2a: Ferrothorn|atk|1
|turn|57
|c|âTheDarkP1ayer|last pp
|
|move|p1a: Landorus-Therian|Earthquake|p2a: Ferrothorn
|-damage|p2a: Ferrothorn|124\/324
|move|p2a: Ferrothorn|Gyro Ball|p1a: Landorus-Therian
|-damage|p1a: Landorus-Therian|65\/382
|
|turn|58
|
|move|p1a: Landorus-Therian|Earthquake|p2a: Ferrothorn
|-damage|p2a: Ferrothorn|30\/324
|-activate|p2a: Ferrothorn|move: Struggle
|move|p2a: Ferrothorn|Struggle|p1a: Landorus-Therian
|-damage|p1a: Landorus-Therian|36\/382
|-damage|p2a: Ferrothorn|0 fnt
|faint|p2a: Ferrothorn
|
|win|Don't Use Mega
|raw|Ladder updating...
|raw|Don&apos;t Use Mega's rating: 1702 &rarr; <strong>1712<\/strong><br \/>(+10 for winning)
|raw|TheDarkP1ayer's rating: 1507 &rarr; <strong>1497<\/strong><br \/>(-10 for losing)
|c|âTheDarkP1ayer|aaaaaaaaaaaaaaaaaaaaaaaa
|c|âTheDarkP1ayer|gg
|c|âDon't Use Mega|gg : )
|c|âTheDarkP1ayer|izi
|c|âDon't Use Mega|ainda pensei no struggle
|c|âDon't Use Mega|critic
|c|âTheDarkP1ayer|58 turn
|c|âDon't Use Mega|foi bonzinho
|c|âTheDarkP1ayer|kct
|c|âTheDarkP1ayer|1702 de score
|c|âTheDarkP1ayer|e falto 10 % pra mim ganhar :3