|join|riptor
|join|Don't Use Mega
|player|p1|riptor|273
|player|p2|Don't Use Mega|101
|gametype|singles
|gen|6
|tier|OU
|clearpoke
|poke|p1|Tyranitar, F
|poke|p1|Garchomp, M
|poke|p1|Amoonguss, M
|poke|p1|Clefable, M
|poke|p1|Slowbro, F
|poke|p1|Scizor, F
|poke|p2|Ambipom, M
|poke|p2|Alomomola, M
|poke|p2|Amoonguss, M
|poke|p2|Claydol
|poke|p2|Audino, M
|poke|p2|Spiritomb, M
|rule|Swagger Clause: Swagger is banned
|rule|Baton Pass Clause: Limit one PokÃ©mon knowing Baton Pass
|rule|Sleep Clause Mod: Limit one foe put to sleep
|rule|Species Clause: Limit one of each PokÃ©mon
|rule|OHKO Clause: OHKO moves are banned
|rule|Moody Clause: Moody is banned
|rule|Evasion Moves Clause: Evasion moves are banned
|rule|Endless Battle Clause: Forcing endless battles is banned
|rule|HP Percentage Mod: HP is shown in percentages
|teampreview
|join|maikelitetop1
|
|start
|switch|p1a: Clefable|Clefable, M|394\/394
|switch|p2a: Ambipom|Ambipom, M|291\/291
|turn|1
|c| maikelitetop1|ueh kk
|c|âriptor|kkk
|c|âDon't Use Mega|:O
|c|âriptor|joguinho bÃ¡sico
|c|âriptor|toma uma surra aqui
|
|switch|p1a: Scizor|Scizor, F|343\/343
|move|p2a: Ambipom|Fake Out|p1a: Scizor
|-resisted|p1a: Scizor
|-damage|p1a: Scizor|298\/343
|
|turn|2
|join|VoNT
|
|switch|p2a: Alomomola|Alomomola, M|472\/472
|detailschange|p1a: Scizor|Scizor-Mega, F
|message|Scizor has Mega Evolved into Mega Scizor!
|move|p1a: Scizor|Knock Off|p2a: Alomomola
|-damage|p2a: Alomomola|379\/472
|-enditem|p2a: Alomomola|Leftovers|[from] move: Knock Off|[of] p1a: Scizor
|
|turn|3
|
|switch|p1a: Amoonguss|Amoonguss, M|399\/399
|move|p2a: Alomomola|Scald|p1a: Amoonguss
|-crit|p1a: Amoonguss
|-resisted|p1a: Amoonguss
|-damage|p1a: Amoonguss|360\/399
|-status|p1a: Amoonguss|brn
|
|-heal|p1a: Amoonguss|384\/399 brn|[from] item: Black Sludge
|-damage|p1a: Amoonguss|335\/399 brn|[from] brn
|turn|4
|
|switch|p2a: Amoonguss|Amoonguss, M|430\/430
|move|p1a: Amoonguss|Spore|p2a: Amoonguss
|-fail|p2a: Amoonguss
|
|-heal|p1a: Amoonguss|359\/399 brn|[from] item: Black Sludge
|-damage|p1a: Amoonguss|310\/399 brn|[from] brn
|turn|5
|
|move|p1a: Amoonguss|Sludge Bomb|p2a: Amoonguss
|-damage|p2a: Amoonguss|286\/430
|move|p2a: Amoonguss|Spore|p1a: Amoonguss
|-fail|p1a: Amoonguss
|
|-heal|p1a: Amoonguss|334\/399 brn|[from] item: Black Sludge
|-heal|p2a: Amoonguss|312\/430|[from] item: Black Sludge
|-damage|p1a: Amoonguss|285\/399 brn|[from] brn
|turn|6
|
|move|p2a: Amoonguss|Clear Smog|p1a: Amoonguss
|-damage|p1a: Amoonguss|221\/399 brn
|-clearboost|p1a: Amoonguss
|move|p1a: Amoonguss|Sludge Bomb|p2a: Amoonguss
|-damage|p2a: Amoonguss|159\/430
|
|-heal|p1a: Amoonguss|245\/399 brn|[from] item: Black Sludge
|-heal|p2a: Amoonguss|185\/430|[from] item: Black Sludge
|-damage|p1a: Amoonguss|196\/399 brn|[from] brn
|turn|7
|
|switch|p2a: Spiritomb|Spiritomb, M|242\/242
|move|p1a: Amoonguss|Spore|p2a: Spiritomb
|-status|p2a: Spiritomb|slp
|
|-heal|p1a: Amoonguss|220\/399 brn|[from] item: Black Sludge
|-damage|p1a: Amoonguss|171\/399 brn|[from] brn
|turn|8
|c|âDon't Use Mega|:O
|
|switch|p2a: Ambipom|Ambipom, M|291\/291
|switch|p1a: Clefable|Clefable, M|394\/394
|
|turn|9
|leave|VoNT
|
|move|p2a: Ambipom|Fake Out|p1a: Clefable
|-damage|p1a: Clefable|273\/394
|cant|p1a: Clefable|flinch
|
|-heal|p1a: Clefable|297\/394|[from] item: Leftovers
|turn|10
|
|move|p2a: Ambipom|Last Resort|p1a: Clefable
|-damage|p1a: Clefable|30\/394
|move|p1a: Clefable|Stealth Rock|p2a: Ambipom
|-sidestart|p2: Don't Use Mega|move: Stealth Rock
|
|-heal|p1a: Clefable|54\/394|[from] item: Leftovers
|turn|11
|
|switch|p1a: Scizor|Scizor-Mega, F|298\/343
|move|p2a: Ambipom|Last Resort|p1a: Scizor
|-resisted|p1a: Scizor
|-damage|p1a: Scizor|214\/343
|
|turn|12
|c|âDon't Use Mega|'____'
|
|switch|p2a: Alomomola|Alomomola, M|472\/472
|-damage|p2a: Alomomola|413\/472|[from] Stealth Rock
|move|p1a: Scizor|Swords Dance|p1a: Scizor
|-boost|p1a: Scizor|atk|2
|
|turn|13
|
|move|p1a: Scizor|Bullet Punch|p2a: Alomomola
|-resisted|p2a: Alomomola
|-damage|p2a: Alomomola|326\/472
|move|p2a: Alomomola|Scald|p1a: Scizor
|-damage|p1a: Scizor|172\/343
|
|turn|14
|
|switch|p1a: Amoonguss|Amoonguss, M|304\/399 brn
|move|p2a: Alomomola|Scald|p1a: Amoonguss
|-resisted|p1a: Amoonguss
|-damage|p1a: Amoonguss|274\/399 brn
|
|-heal|p1a: Amoonguss|298\/399 brn|[from] item: Black Sludge
|-damage|p1a: Amoonguss|249\/399 brn|[from] brn
|turn|15
|
|switch|p2a: Audino|Audino, M|410\/410
|-damage|p2a: Audino|359\/410|[from] Stealth Rock
|move|p1a: Amoonguss|Hidden Power|p2a: Audino
|-damage|p2a: Audino|313\/410
|
|-heal|p2a: Audino|338\/410|[from] item: Leftovers
|-heal|p1a: Amoonguss|273\/399 brn|[from] item: Black Sludge
|-damage|p1a: Amoonguss|224\/399 brn|[from] brn
|turn|16
|
|switch|p1a: Tyranitar|Tyranitar, F|366\/366
|-weather|Sandstorm
|move|p2a: Audino|Knock Off|p1a: Tyranitar
|-resisted|p1a: Tyranitar
|-damage|p1a: Tyranitar|343\/366
|-enditem|p1a: Tyranitar|Assault Vest|[from] move: Knock Off|[of] p2a: Audino
|
|-weather|Sandstorm|[upkeep]
|-damage|p2a: Audino|313\/410|[from] sandstorm
|-heal|p2a: Audino|338\/410|[from] item: Leftovers
|turn|17
|
|move|p1a: Tyranitar|Pursuit|p2a: Audino|[from]Pursuit
|-damage|p2a: Audino|140\/410
|switch|p2a: Alomomola|Alomomola, M|472\/472
|-damage|p2a: Alomomola|413\/472|[from] Stealth Rock
|
|-weather|Sandstorm|[upkeep]
|-damage|p2a: Alomomola|384\/472|[from] sandstorm
|turn|18
|
|switch|p1a: Amoonguss|Amoonguss, M|357\/399 brn
|move|p2a: Alomomola|Wish|p2a: Alomomola
|
|-weather|Sandstorm|[upkeep]
|-damage|p2a: Alomomola|355\/472|[from] sandstorm
|-damage|p1a: Amoonguss|333\/399 brn|[from] sandstorm
|-heal|p1a: Amoonguss|357\/399 brn|[from] item: Black Sludge
|-damage|p1a: Amoonguss|308\/399 brn|[from] brn
|turn|19
|
|switch|p2a: Audino|Audino, M|276\/410
|-damage|p2a: Audino|225\/410|[from] Stealth Rock
|move|p1a: Amoonguss|Giga Drain|p2a: Audino
|-damage|p2a: Audino|129\/410
|-heal|p1a: Amoonguss|356\/399 brn|[from] drain|[of] p2a: Audino
|
|-weather|Sandstorm|[upkeep]
|-damage|p2a: Audino|104\/410|[from] sandstorm
|-damage|p1a: Amoonguss|332\/399 brn|[from] sandstorm
|-heal|p2a: Audino|340\/410|[from] move: Wish|[wisher] Alomomola
|-heal|p2a: Audino|365\/410|[from] item: Leftovers
|-heal|p1a: Amoonguss|356\/399 brn|[from] item: Black Sludge
|-damage|p1a: Amoonguss|307\/399 brn|[from] brn
|turn|20
|
|move|p2a: Audino|Wish|p2a: Audino
|move|p1a: Amoonguss|Sludge Bomb|p2a: Audino
|-damage|p2a: Audino|254\/410
|
|-weather|none
|-heal|p2a: Audino|279\/410|[from] item: Leftovers
|-heal|p1a: Amoonguss|331\/399 brn|[from] item: Black Sludge
|-damage|p1a: Amoonguss|282\/399 brn|[from] brn
|turn|21
|
|switch|p2a: Claydol|Claydol|324\/324
|-damage|p2a: Claydol|304\/324|[from] Stealth Rock
|move|p1a: Amoonguss|Sludge Bomb|p2a: Claydol
|-resisted|p2a: Claydol
|-damage|p2a: Claydol|257\/324
|
|-heal|p2a: Claydol|324\/324|[from] move: Wish|[wisher] Audino
|-heal|p1a: Amoonguss|306\/399 brn|[from] item: Black Sludge
|-damage|p1a: Amoonguss|257\/399 brn|[from] brn
|turn|22
|
|switch|p1a: Tyranitar|Tyranitar, F|343\/366
|-weather|Sandstorm
|move|p2a: Claydol|Stealth Rock|p1a: Tyranitar
|-sidestart|p1: riptor|move: Stealth Rock
|
|-weather|Sandstorm|[upkeep]
|turn|23
|
|move|p2a: Claydol|Rapid Spin|p1a: Tyranitar
|-resisted|p1a: Tyranitar
|-damage|p1a: Tyranitar|339\/366
|-sideend|p2: Don't Use Mega|Stealth Rock|[from] move: Rapid Spin|[of] p2a: Claydol
|move|p1a: Tyranitar|Pursuit|p2a: Claydol
|-supereffective|p2a: Claydol
|-damage|p2a: Claydol|186\/324
|
|-weather|Sandstorm|[upkeep]
|-heal|p2a: Claydol|206\/324|[from] item: Leftovers
|turn|24
|
|move|p2a: Claydol|Earth Power|p1a: Tyranitar
|-supereffective|p1a: Tyranitar
|-damage|p1a: Tyranitar|235\/366
|move|p1a: Tyranitar|Crunch|p2a: Claydol
|-crit|p2a: Claydol
|-supereffective|p2a: Claydol
|-damage|p2a: Claydol|0 fnt
|faint|p2a: Claydol
|
|-weather|Sandstorm|[upkeep]
|
|switch|p2a: Ambipom|Ambipom, M|291\/291
|turn|25
|
|move|p2a: Ambipom|Fake Out|p1a: Tyranitar
|-resisted|p1a: Tyranitar
|-damage|p1a: Tyranitar|188\/366
|cant|p1a: Tyranitar|flinch
|
|-weather|Sandstorm|[upkeep]
|-damage|p2a: Ambipom|273\/291|[from] sandstorm
|turn|26
|
|switch|p2a: Alomomola|Alomomola, M|472\/472
|move|p1a: Tyranitar|Superpower|p2a: Alomomola
|-damage|p2a: Alomomola|338\/472
|-unboost|p1a: Tyranitar|atk|1
|-unboost|p1a: Tyranitar|def|1
|
|-weather|none
|turn|27
|
|switch|p1a: Clefable|Clefable, M|54\/394
|switch|p2a: Ambipom|Ambipom, M|273\/291
|
|-heal|p1a: Clefable|78\/394|[from] item: Leftovers
|turn|28
|
|switch|p1a: Scizor|Scizor-Mega, F|172\/343
|-damage|p1a: Scizor|130\/343|[from] Stealth Rock
|move|p2a: Ambipom|Fake Out|p1a: Scizor
|-resisted|p1a: Scizor
|-damage|p1a: Scizor|97\/343
|
|turn|29
|
|switch|p2a: Alomomola|Alomomola, M|472\/472
|move|p1a: Scizor|Roost|p1a: Scizor
|-heal|p1a: Scizor|269\/343
|
|turn|30
|
|switch|p1a: Amoonguss|Amoonguss, M|390\/399 brn
|-damage|p1a: Amoonguss|341\/399 brn|[from] Stealth Rock
|move|p2a: Alomomola|Scald|p1a: Amoonguss
|-resisted|p1a: Amoonguss
|-damage|p1a: Amoonguss|314\/399 brn
|
|-heal|p1a: Amoonguss|338\/399 brn|[from] item: Black Sludge
|-damage|p1a: Amoonguss|289\/399 brn|[from] brn
|turn|31
|
|switch|p2a: Amoonguss|Amoonguss, M|328\/430
|move|p1a: Amoonguss|Giga Drain|p2a: Amoonguss
|-resisted|p2a: Amoonguss
|-damage|p2a: Amoonguss|295\/430
|-heal|p1a: Amoonguss|306\/399 brn|[from] drain|[of] p2a: Amoonguss
|
|-heal|p1a: Amoonguss|330\/399 brn|[from] item: Black Sludge
|-heal|p2a: Amoonguss|321\/430|[from] item: Black Sludge
|-damage|p1a: Amoonguss|281\/399 brn|[from] brn
|turn|32
|
|switch|p2a: Audino|Audino, M|410\/410
|move|p1a: Amoonguss|Sludge Bomb|p2a: Audino
|-damage|p2a: Audino|305\/410
|
|-heal|p2a: Audino|330\/410|[from] item: Leftovers
|-heal|p1a: Amoonguss|305\/399 brn|[from] item: Black Sludge
|-damage|p1a: Amoonguss|256\/399 brn|[from] brn
|turn|33
|
|switch|p1a: Tyranitar|Tyranitar, F|188\/366
|-damage|p1a: Tyranitar|143\/366|[from] Stealth Rock
|-weather|Sandstorm
|move|p2a: Audino|Heal Bell|p2a: Audino
|-cureteam|p2a: Audino|[from] move: HealBell
|
|-weather|Sandstorm|[upkeep]
|-damage|p2a: Audino|305\/410|[from] sandstorm
|-heal|p2a: Audino|330\/410|[from] item: Leftovers
|turn|34
|c| maikelitetop1|1707 1709 1-1
|
|move|p2a: Audino|Protect|p2a: Audino
|-singleturn|p2a: Audino|Protect
|move|p1a: Tyranitar|Pursuit|p2a: Audino
|-activate|p2a: Audino|Protect
|
|-weather|Sandstorm|[upkeep]
|-damage|p2a: Audino|305\/410|[from] sandstorm
|-heal|p2a: Audino|330\/410|[from] item: Leftovers
|turn|35
|c|âriptor|aÃ­ sim
|
|switch|p2a: Alomomola|Alomomola, M|472\/472
|move|p1a: Tyranitar|Superpower|p2a: Alomomola
|-damage|p2a: Alomomola|343\/472
|-unboost|p1a: Tyranitar|atk|1
|-unboost|p1a: Tyranitar|def|1
|
|-weather|Sandstorm|[upkeep]
|-damage|p2a: Alomomola|314\/472|[from] sandstorm
|turn|36
|
|switch|p1a: Amoonguss|Amoonguss, M|389\/399 brn
|-damage|p1a: Amoonguss|340\/399 brn|[from] Stealth Rock
|switch|p2a: Spiritomb|Spiritomb, M|242\/242
|
|-weather|Sandstorm|[upkeep]
|-damage|p2a: Spiritomb|227\/242|[from] sandstorm
|-damage|p1a: Amoonguss|316\/399 brn|[from] sandstorm
|-heal|p1a: Amoonguss|340\/399 brn|[from] item: Black Sludge
|-damage|p1a: Amoonguss|291\/399 brn|[from] brn
|turn|37
|
|move|p2a: Spiritomb|Will-O-Wisp|p1a: Amoonguss
|-fail|p1a: Amoonguss|brn
|move|p1a: Amoonguss|Spore|p2a: Spiritomb
|-status|p2a: Spiritomb|slp
|
|-weather|none
|-heal|p1a: Amoonguss|315\/399 brn|[from] item: Black Sludge
|-damage|p1a: Amoonguss|266\/399 brn|[from] brn
|turn|38
|c|âDon't Use Mega|'__'
|
|switch|p2a: Ambipom|Ambipom, M|273\/291
|switch|p1a: Slowbro|Slowbro, F|394\/394
|-damage|p1a: Slowbro|345\/394|[from] Stealth Rock
|
|turn|39
|
|move|p2a: Ambipom|Fake Out|p1a: Slowbro
|-damage|p1a: Slowbro|278\/394
|cant|p1a: Slowbro|flinch
|
|turn|40
|
|move|p2a: Ambipom|Last Resort|p1a: Slowbro
|-damage|p1a: Slowbro|98\/394
|move|p1a: Slowbro|Ice Beam|p2a: Ambipom
|-damage|p2a: Ambipom|175\/291
|
|turn|41
|
|switch|p1a: Scizor|Scizor-Mega, F|269\/343
|-damage|p1a: Scizor|227\/343|[from] Stealth Rock
|move|p2a: Ambipom|Last Resort|p1a: Scizor
|-resisted|p1a: Scizor
|-damage|p1a: Scizor|149\/343
|
|turn|42
|
|switch|p2a: Alomomola|Alomomola, M|471\/472
|move|p1a: Scizor|Knock Off|p2a: Alomomola
|-damage|p2a: Alomomola|408\/472
|
|turn|43
|
|switch|p2a: Audino|Audino, M|410\/410
|move|p1a: Scizor|Roost|p1a: Scizor
|-heal|p1a: Scizor|321\/343
|
|turn|44
|
|move|p1a: Scizor|Knock Off|p2a: Audino
|-damage|p2a: Audino|274\/410
|-enditem|p2a: Audino|Leftovers|[from] move: Knock Off|[of] p1a: Scizor
|move|p2a: Audino|Heal Bell|p2a: Audino
|-cureteam|p2a: Audino|[from] move: HealBell
|
|turn|45
|
|switch|p1a: Amoonguss|Amoonguss, M|399\/399 brn
|-damage|p1a: Amoonguss|350\/399 brn|[from] Stealth Rock
|switch|p2a: Alomomola|Alomomola, M|472\/472
|
|-heal|p1a: Amoonguss|374\/399 brn|[from] item: Black Sludge
|-damage|p1a: Amoonguss|325\/399 brn|[from] brn
|turn|46
|join|BLT2 El Diiablo
|
|switch|p2a: Amoonguss|Amoonguss, M|430\/430
|move|p1a: Amoonguss|Sludge Bomb|p2a: Amoonguss
|-damage|p2a: Amoonguss|280\/430
|
|-heal|p1a: Amoonguss|349\/399 brn|[from] item: Black Sludge
|-heal|p2a: Amoonguss|306\/430|[from] item: Black Sludge
|-damage|p1a: Amoonguss|300\/399 brn|[from] brn
|turn|47
|join|Dark Ganon
|
|switch|p2a: Spiritomb|Spiritomb, M|227\/242
|move|p1a: Amoonguss|Sludge Bomb|p2a: Spiritomb
|-resisted|p2a: Spiritomb
|-damage|p2a: Spiritomb|178\/242
|
|-heal|p1a: Amoonguss|324\/399 brn|[from] item: Black Sludge
|-damage|p1a: Amoonguss|275\/399 brn|[from] brn
|turn|48
|
|move|p2a: Spiritomb|Trick|p1a: Amoonguss
|-activate|p2a: Spiritomb|move: Trick|[of] p1a: Amoonguss
|-item|p1a: Amoonguss|Choice Scarf|[from] move: Trick
|-item|p2a: Spiritomb|Black Sludge|[from] move: Trick
|move|p1a: Amoonguss|Spore|p2a: Spiritomb
|-status|p2a: Spiritomb|slp
|
|-damage|p2a: Spiritomb|148\/242 slp|[from] item: Black Sludge
|-damage|p1a: Amoonguss|226\/399 brn|[from] brn
|turn|49
|
|switch|p1a: Garchomp|Garchomp, M|357\/357
|-damage|p1a: Garchomp|335\/357|[from] Stealth Rock
|switch|p2a: Ambipom|Ambipom, M|175\/291
|
|turn|50
|
|move|p2a: Ambipom|Fake Out|p1a: Garchomp
|-damage|p1a: Garchomp|221\/357
|-damage|p2a: Ambipom|139\/291|[from] ability: Rough Skin|[of] p1a: Garchomp
|cant|p1a: Garchomp|flinch
|
|turn|51
|
|switch|p2a: Alomomola|Alomomola, M|472\/472
|move|p1a: Garchomp|Dragon Claw|p2a: Alomomola
|-damage|p2a: Alomomola|358\/472
|
|turn|52
|
|switch|p1a: Amoonguss|Amoonguss, M|359\/399 brn
|-damage|p1a: Amoonguss|310\/399 brn|[from] Stealth Rock
|move|p2a: Alomomola|Wish|p2a: Alomomola
|
|-damage|p1a: Amoonguss|261\/399 brn|[from] brn
|turn|53
|
|switch|p2a: Audino|Audino, M|410\/410
|move|p1a: Amoonguss|Sludge Bomb|p2a: Audino
|-damage|p2a: Audino|314\/410
|
|-heal|p2a: Audino|410\/410|[from] move: Wish|[wisher] Alomomola
|-damage|p1a: Amoonguss|212\/399 brn|[from] brn
|turn|54
|
|switch|p1a: Scizor|Scizor-Mega, F|321\/343
|-damage|p1a: Scizor|279\/343|[from] Stealth Rock
|move|p2a: Audino|Heal Bell|p2a: Audino
|-cureteam|p2a: Audino|[from] move: HealBell
|
|turn|55
|
|switch|p2a: Amoonguss|Amoonguss, M|430\/430
|move|p1a: Scizor|Knock Off|p2a: Amoonguss
|-damage|p2a: Amoonguss|322\/430
|-enditem|p2a: Amoonguss|Black Sludge|[from] move: Knock Off|[of] p1a: Scizor
|
|turn|56
|
|switch|p1a: Slowbro|Slowbro, F|229\/394
|-damage|p1a: Slowbro|180\/394|[from] Stealth Rock
|move|p2a: Amoonguss|Spore|p1a: Slowbro
|-status|p1a: Slowbro|slp
|
|turn|57
|c|âriptor|misclik
|
|switch|p1a: Amoonguss|Amoonguss, M|345\/399 brn
|-damage|p1a: Amoonguss|296\/399 brn|[from] Stealth Rock
|move|p2a: Amoonguss|Foul Play|p1a: Amoonguss
|-damage|p1a: Amoonguss|228\/399 brn
|
|-damage|p1a: Amoonguss|179\/399 brn|[from] brn
|turn|58
|
|switch|p2a: Audino|Audino, M|410\/410
|move|p1a: Amoonguss|Sludge Bomb|p2a: Audino
|-damage|p2a: Audino|299\/410
|-status|p2a: Audino|psn
|
|-damage|p1a: Amoonguss|130\/399 brn|[from] brn
|-damage|p2a: Audino|248\/410 psn|[from] psn
|turn|59
|c|âDon't Use Mega|loL
|
|switch|p1a: Tyranitar|Tyranitar, F|143\/366
|-damage|p1a: Tyranitar|98\/366|[from] Stealth Rock
|-weather|Sandstorm
|switch|p2a: Ambipom|Ambipom, M|139\/291
|
|-weather|Sandstorm|[upkeep]
|-damage|p2a: Ambipom|121\/291|[from] sandstorm
|turn|60
|
|move|p2a: Ambipom|Fake Out|p1a: Tyranitar
|-resisted|p1a: Tyranitar
|-damage|p1a: Tyranitar|56\/366
|cant|p1a: Tyranitar|flinch
|
|-weather|Sandstorm|[upkeep]
|-damage|p2a: Ambipom|103\/291|[from] sandstorm
|turn|61
|
|move|p2a: Ambipom|Last Resort|p1a: Tyranitar
|-resisted|p1a: Tyranitar
|-damage|p1a: Tyranitar|0 fnt
|faint|p1a: Tyranitar
|
|-weather|Sandstorm|[upkeep]
|-damage|p2a: Ambipom|85\/291|[from] sandstorm
|
|switch|p1a: Garchomp|Garchomp, M|221\/357
|-damage|p1a: Garchomp|199\/357|[from] Stealth Rock
|turn|62
|
|switch|p1a: Amoonguss|Amoonguss, M|263\/399 brn
|-damage|p1a: Amoonguss|214\/399 brn|[from] Stealth Rock
|switch|p2a: Alomomola|Alomomola, M|472\/472
|
|-weather|Sandstorm|[upkeep]
|-damage|p2a: Alomomola|443\/472|[from] sandstorm
|-damage|p1a: Amoonguss|190\/399 brn|[from] sandstorm
|-damage|p1a: Amoonguss|141\/399 brn|[from] brn
|turn|63
|
|move|p2a: Alomomola|Protect|p2a: Alomomola
|-singleturn|p2a: Alomomola|Protect
|move|p1a: Amoonguss|Giga Drain|p2a: Alomomola
|-activate|p2a: Alomomola|Protect
|
|-weather|none
|-damage|p1a: Amoonguss|92\/399 brn|[from] brn
|turn|64
|
|move|p2a: Alomomola|Wish|p2a: Alomomola
|move|p1a: Amoonguss|Giga Drain|p2a: Alomomola
|-crit|p2a: Alomomola
|-supereffective|p2a: Alomomola
|-damage|p2a: Alomomola|0 fnt
|-heal|p1a: Amoonguss|314\/399 brn|[from] drain|[of] p2a: Alomomola
|faint|p2a: Alomomola
|
|-damage|p1a: Amoonguss|265\/399 brn|[from] brn
|c|âDon't Use Mega|'-'
|c|âriptor|noss
|
|switch|p2a: Ambipom|Ambipom, M|85\/291
|turn|65
|c|âriptor|sorte
|
|switch|p1a: Scizor|Scizor-Mega, F|279\/343
|-damage|p1a: Scizor|237\/343|[from] Stealth Rock
|move|p2a: Ambipom|Fake Out|p1a: Scizor
|-resisted|p1a: Scizor
|-damage|p1a: Scizor|200\/343
|
|-heal|p2a: Ambipom|291\/291|[from] move: Wish|[wisher] Alomomola
|turn|66
|c| maikelitetop1|n pega um poison hein kk
|
|switch|p2a: Amoonguss|Amoonguss, M|430\/430
|move|p1a: Scizor|Swords Dance|p1a: Scizor
|-boost|p1a: Scizor|atk|2
|
|turn|67
|c|âDon't Use Mega|e o audino foi o q?
|c| maikelitetop1|ah pegou? nem vi
|c|âriptor|pegou sim depois de 20 tentatias
|c|âDon't Use Mega|pois Ã© :O
|
|move|p1a: Scizor|Bullet Punch|p2a: Amoonguss
|-damage|p2a: Amoonguss|232\/430
|move|p2a: Amoonguss|Foul Play|p1a: Scizor
|-damage|p1a: Scizor|34\/343
|
|turn|68
|
|move|p1a: Scizor|Roost|p1a: Scizor
|-heal|p1a: Scizor|206\/343
|move|p2a: Amoonguss|Foul Play|p1a: Scizor
|-damage|p1a: Scizor|55\/343
|
|turn|69
|
|move|p1a: Scizor|Roost|p1a: Scizor
|-heal|p1a: Scizor|227\/343
|move|p2a: Amoonguss|Foul Play|p1a: Scizor
|-damage|p1a: Scizor|70\/343
|
|turn|70
|
|move|p1a: Scizor|Roost|p1a: Scizor
|-heal|p1a: Scizor|242\/343
|move|p2a: Amoonguss|Foul Play|p1a: Scizor
|-damage|p1a: Scizor|78\/343
|
|turn|71
|
|move|p1a: Scizor|Roost|p1a: Scizor
|-heal|p1a: Scizor|250\/343
|move|p2a: Amoonguss|Foul Play|p1a: Scizor
|-damage|p1a: Scizor|109\/343
|
|turn|72
|c|âDon't Use Mega|sÃ³ preciso de 1 critico
|
|move|p1a: Scizor|Bullet Punch|p2a: Amoonguss
|-damage|p2a: Amoonguss|28\/430
|move|p2a: Amoonguss|Foul Play|p1a: Scizor
|-damage|p1a: Scizor|0 fnt
|faint|p1a: Scizor
|
|c| maikelitetop1|kkkk
|c|âDon't Use Mega|ai vem variation min
|c|âDon't Use Mega|:O
|c| maikelitetop1|vacilou kp
|c| maikelitetop1|jp*
|c|âDon't Use Mega|dei gg
|c|âDon't Use Mega|agora
|c|âDon't Use Mega|o.o
|c| maikelitetop1|puts pulou do turno 55 pro 68 aqui 
|c|âriptor|sou ruim mesmo
|c|âDon't Use Mega|gg
|
|switch|p1a: Garchomp|Garchomp, M|199\/357
|-damage|p1a: Garchomp|177\/357|[from] Stealth Rock
|turn|73
|
|switch|p2a: Audino|Audino, M|384\/410 psn
|move|p1a: Garchomp|Dragon Claw|p2a: Audino
|-damage|p2a: Audino|236\/410 psn
|
|-damage|p2a: Audino|185\/410 psn|[from] psn
|turn|74
|c| maikelitetop1|matou o alomoloa uahuehuaehu  o barulho dele irrita
|
|move|p1a: Garchomp|Dragon Claw|p2a: Audino
|-damage|p2a: Audino|26\/410 psn
|move|p2a: Audino|Knock Off|p1a: Garchomp
|-damage|p1a: Garchomp|123\/357
|-damage|p2a: Audino|0 fnt|[from] ability: Rough Skin|[of] p1a: Garchomp
|faint|p2a: Audino
|
|c|âDon't Use Mega|lol
|c|âDon't Use Mega|qual foi o item ?
|c| maikelitetop1|n tirou o item
|c|âriptor|lol
|
|switch|p2a: Ambipom|Ambipom, M|291\/291
|turn|75
|c| maikelitetop1|acho q foi pq vc morreu
|
|move|p2a: Ambipom|Fake Out|p1a: Garchomp
|-damage|p1a: Garchomp|18\/357
|-damage|p2a: Ambipom|255\/291|[from] ability: Rough Skin|[of] p1a: Garchomp
|cant|p1a: Garchomp|flinch
|
|turn|76
|c| maikelitetop1|dai n tira
|c| maikelitetop1|O.O
|leave|BLT2 El Diiablo
|
|switch|p2a: Spiritomb|Spiritomb, M|148\/242
|move|p1a: Garchomp|Dragon Claw|p2a: Spiritomb
|-damage|p2a: Spiritomb|52\/242
|
|-damage|p2a: Spiritomb|22\/242|[from] item: Black Sludge
|turn|77
|
|move|p1a: Garchomp|Dragon Claw|p2a: Spiritomb
|-damage|p2a: Spiritomb|0 fnt
|faint|p2a: Spiritomb
|
|
|switch|p2a: Ambipom|Ambipom, M|255\/291
|turn|78
|c|âDon't Use Mega|tanto faz
|
|move|p2a: Ambipom|Fake Out|p1a: Garchomp
|-damage|p1a: Garchomp|0 fnt
|-damage|p2a: Ambipom|219\/291|[from] ability: Rough Skin|[of] p1a: Garchomp
|faint|p1a: Garchomp
|
|c|âDon't Use Mega|'-'
|
|switch|p1a: Amoonguss|Amoonguss, M|398\/399 brn
|-damage|p1a: Amoonguss|349\/399 brn|[from] Stealth Rock
|turn|79
|
|switch|p2a: Amoonguss|Amoonguss, M|171\/430
|move|p1a: Amoonguss|Sludge Bomb|p2a: Amoonguss
|-damage|p2a: Amoonguss|0 fnt
|faint|p2a: Amoonguss
|
|-damage|p1a: Amoonguss|300\/399 brn|[from] brn
|
|switch|p2a: Ambipom|Ambipom, M|219\/291
|turn|80
|
|switch|p1a: Slowbro|Slowbro, F|311\/394 slp
|-damage|p1a: Slowbro|262\/394 slp|[from] Stealth Rock
|move|p2a: Ambipom|Fake Out|p1a: Slowbro
|-damage|p1a: Slowbro|190\/394 slp
|
|turn|81
|
|switch|p1a: Clefable|Clefable, M|78\/394
|move|p2a: Ambipom|Last Resort|p1a: Clefable
|-damage|p1a: Clefable|0 fnt
|faint|p1a: Clefable
|
|
|switch|p1a: Amoonguss|Amoonguss, M|399\/399 brn
|-damage|p1a: Amoonguss|350\/399 brn|[from] Stealth Rock
|turn|82
|c|âDon't Use Mega|tem 1 chance de matar
|c|âDon't Use Mega|sÃ³
|
|move|p2a: Ambipom|Last Resort|p1a: Amoonguss
|-damage|p1a: Amoonguss|76\/399 brn
|move|p1a: Amoonguss|Spore|p2a: Ambipom
|-status|p2a: Ambipom|slp
|
|-damage|p1a: Amoonguss|27\/399 brn|[from] brn
|turn|83
|c|âDon't Use Mega|e perdeu
|c|âDon't Use Mega|'-'
|
|switch|p1a: Slowbro|Slowbro, F|321\/394 slp
|-damage|p1a: Slowbro|272\/394 slp|[from] Stealth Rock
|cant|p2a: Ambipom|slp
|
|turn|84
|
|cant|p2a: Ambipom|slp
|cant|p1a: Slowbro|slp
|
|turn|85
|
|-curestatus|p2a: Ambipom|slp
|move|p2a: Ambipom|Last Resort|p1a: Slowbro
|-damage|p1a: Slowbro|86\/394 slp
|-curestatus|p1a: Slowbro|slp
|move|p1a: Slowbro|Scald|p2a: Ambipom
|-damage|p2a: Ambipom|89\/291
|
|turn|86
|c|âDon't Use Mega|N CREIO
|c|âDon't Use Mega|perdi
|c|âDon't Use Mega|kkkkkkkkk
|
|move|p2a: Ambipom|Fake Out|p1a: Slowbro
|-message|(Fake Out only works your first turn out.)
|-fail|p1a: Slowbro
|move|p1a: Slowbro|Scald|p2a: Ambipom
|-damage|p2a: Ambipom|0 fnt
|faint|p2a: Ambipom
|
|win|riptor
|c| maikelitetop1|oiaa kk
|c|âriptor|ganhei mentira
|c|âriptor|kkk
|leave|Don't Use Mega
|player|p2
|leave|maikelitetop1