|join|wish killer
|join|Don't Use MeGa
|player|p1|wish killer|288
|player|p2|Don't Use MeGa|101
|gametype|singles
|gen|6
|tier|OU
|rated
|clearpoke
|poke|p1|Bisharp, M
|poke|p1|Venusaur, F
|poke|p1|Heatran, F
|poke|p1|Keldeo
|poke|p1|Chansey, F
|poke|p1|Skarmory, F
|poke|p2|Tyranitar, F
|poke|p2|Slowbro, M
|poke|p2|Skarmory, M
|poke|p2|Amoonguss, M
|poke|p2|Clefable, F
|poke|p2|Chansey, F
|rule|Swagger Clause: Swagger is banned
|rule|Baton Pass Clause: Limit one PokÃ©mon knowing Baton Pass
|rule|Sleep Clause Mod: Limit one foe put to sleep
|rule|Species Clause: Limit one of each PokÃ©mon
|rule|OHKO Clause: OHKO moves are banned
|rule|Moody Clause: Moody is banned
|rule|Evasion Moves Clause: Evasion moves are banned
|rule|Endless Battle Clause: Forcing endless battles is banned
|rule|HP Percentage Mod: HP is shown in percentages
|teampreview
|
|start
|switch|p1a: Heatran|Heatran, F|340\/340
|switch|p2a: Chansey|Chansey, F|670\/670
|-item|p1a: Heatran|Air Balloon
|turn|1
|
|switch|p2a: Tyranitar|Tyranitar, F|342\/342
|-weather|Sandstorm
|move|p1a: Heatran|Stealth Rock|p2a: Tyranitar
|-sidestart|p2: Don't Use MeGa|move: Stealth Rock
|
|-weather|Sandstorm|[upkeep]
|turn|2
|
|move|p2a: Tyranitar|Pursuit|p1a: Heatran|[from]Pursuit
|-damage|p1a: Heatran|231\/340
|-enditem|p1a: Heatran|Air Balloon
|switch|p1a: Skarmory|Skarmory, F|334\/334
|
|-weather|Sandstorm|[upkeep]
|turn|3
|
|switch|p2a: Chansey|Chansey, F|670\/670
|-damage|p2a: Chansey|587\/670|[from] Stealth Rock
|move|p1a: Skarmory|Whirlwind|p2a: Chansey
|drag|p2a: Slowbro|Slowbro, M|390\/390
|-damage|p2a: Slowbro|342\/390|[from] Stealth Rock
|
|-weather|Sandstorm|[upkeep]
|-damage|p2a: Slowbro|318\/390|[from] sandstorm
|turn|4
|
|switch|p2a: Chansey|Chansey, F|587\/670
|-damage|p2a: Chansey|504\/670|[from] Stealth Rock
|move|p1a: Skarmory|Spikes|p2a: Chansey
|-sidestart|p2: Don't Use MeGa|Spikes
|
|-weather|Sandstorm|[upkeep]
|-damage|p2a: Chansey|463\/670|[from] sandstorm
|turn|5
|
|move|p2a: Chansey|Stealth Rock|p1a: Skarmory
|-sidestart|p1: wish killer|move: Stealth Rock
|move|p1a: Skarmory|Whirlwind|p2a: Chansey
|drag|p2a: Tyranitar|Tyranitar, F|342\/342
|-damage|p2a: Tyranitar|300\/342|[from] Stealth Rock
|-damage|p2a: Tyranitar|258\/342|[from] Spikes
|
|-weather|none
|turn|6
|
|switch|p2a: Skarmory|Skarmory, M|334\/334
|-damage|p2a: Skarmory|293\/334|[from] Stealth Rock
|move|p1a: Skarmory|Whirlwind|p2a: Skarmory
|drag|p2a: Chansey|Chansey, F|463\/670
|-damage|p2a: Chansey|380\/670|[from] Spikes
|-damage|p2a: Chansey|297\/670|[from] Stealth Rock
|
|turn|7
|
|move|p2a: Chansey|Soft-Boiled|p2a: Chansey
|-heal|p2a: Chansey|632\/670
|move|p1a: Skarmory|Whirlwind|p2a: Chansey
|drag|p2a: Slowbro|Slowbro, M|390\/390
|-damage|p2a: Slowbro|342\/390|[from] Stealth Rock
|-damage|p2a: Slowbro|294\/390|[from] Spikes
|
|turn|8
|
|switch|p2a: Skarmory|Skarmory, M|293\/334
|-damage|p2a: Skarmory|252\/334|[from] Stealth Rock
|move|p1a: Skarmory|Spikes|p2a: Skarmory
|-sidestart|p2: Don't Use MeGa|Spikes
|
|turn|9
|
|switch|p1a: Heatran|Heatran, F|231\/340
|-damage|p1a: Heatran|189\/340|[from] Stealth Rock
|move|p2a: Skarmory|Spikes|p1a: Heatran
|-sidestart|p1: wish killer|Spikes
|
|turn|10
|
|switch|p2a: Chansey|Chansey, F|632\/670
|-damage|p2a: Chansey|549\/670|[from] Stealth Rock
|-damage|p2a: Chansey|438\/670|[from] Spikes
|move|p1a: Heatran|Fire Blast|p2a: Chansey|[miss]
|-miss|p1a: Heatran|p2a: Chansey
|
|turn|11
|
|switch|p1a: Skarmory|Skarmory, F|334\/334
|-damage|p1a: Skarmory|293\/334|[from] Stealth Rock
|move|p2a: Chansey|Seismic Toss|p1a: Skarmory
|-damage|p1a: Skarmory|193\/334
|-damage|p2a: Chansey|327\/670|[from] item: Rocky Helmet|[of] p1a: Skarmory
|
|turn|12
|
|move|p1a: Skarmory|Spikes|p2a: Chansey
|-sidestart|p2: Don't Use MeGa|Spikes
|move|p2a: Chansey|Thunder Wave|p1a: Skarmory
|-status|p1a: Skarmory|par
|
|turn|13
|
|move|p2a: Chansey|Soft-Boiled|p2a: Chansey
|-heal|p2a: Chansey|662\/670
|cant|p1a: Skarmory|par
|
|turn|14
|
|move|p2a: Chansey|Seismic Toss|p1a: Skarmory
|-damage|p1a: Skarmory|93\/334 par
|-damage|p2a: Chansey|551\/670|[from] item: Rocky Helmet|[of] p1a: Skarmory
|move|p1a: Skarmory|Whirlwind|p2a: Chansey
|drag|p2a: Slowbro|Slowbro, M|390\/390
|-damage|p2a: Slowbro|293\/390|[from] Spikes
|-damage|p2a: Slowbro|245\/390|[from] Stealth Rock
|
|turn|15
|
|switch|p1a: Chansey|Chansey, F|684\/684
|-damage|p1a: Chansey|599\/684|[from] Stealth Rock
|-damage|p1a: Chansey|514\/684|[from] Spikes
|move|p2a: Slowbro|Scald|p1a: Chansey
|-damage|p1a: Chansey|457\/684
|
|turn|16
|
|switch|p2a: Skarmory|Skarmory, M|252\/334
|-damage|p2a: Skarmory|211\/334|[from] Stealth Rock
|move|p1a: Chansey|Seismic Toss|p2a: Skarmory
|-damage|p2a: Skarmory|111\/334
|
|turn|17
|
|move|p2a: Skarmory|Roost|p2a: Skarmory
|-heal|p2a: Skarmory|278\/334
|move|p1a: Chansey|Thunder Wave|p2a: Skarmory
|-status|p2a: Skarmory|par
|
|turn|18
|
|switch|p1a: Heatran|Heatran, F|189\/340
|-damage|p1a: Heatran|147\/340|[from] Stealth Rock
|-damage|p1a: Heatran|105\/340|[from] Spikes
|cant|p2a: Skarmory|par
|
|turn|19
|
|switch|p2a: Chansey|Chansey, F|551\/670
|-damage|p2a: Chansey|384\/670|[from] Spikes
|-damage|p2a: Chansey|301\/670|[from] Stealth Rock
|move|p1a: Heatran|Fire Blast|p2a: Chansey
|-damage|p2a: Chansey|201\/670
|
|turn|20
|
|move|p1a: Heatran|Taunt|p2a: Chansey
|-start|p2a: Chansey|move: Taunt
|move|p2a: Chansey|Seismic Toss|p1a: Heatran
|-damage|p1a: Heatran|5\/340
|
|turn|21
|
|move|p1a: Heatran|Fire Blast|p2a: Chansey
|-damage|p2a: Chansey|102\/670
|move|p2a: Chansey|Seismic Toss|p1a: Heatran
|-damage|p1a: Heatran|0 fnt
|faint|p1a: Heatran
|
|
|switch|p1a: Bisharp|Bisharp, M|334\/334
|-damage|p1a: Bisharp|293\/334|[from] Spikes
|-damage|p1a: Bisharp|273\/334|[from] Stealth Rock
|turn|22
|
|switch|p2a: Skarmory|Skarmory, M|278\/334 par
|-damage|p2a: Skarmory|237\/334 par|[from] Stealth Rock
|move|p1a: Bisharp|Knock Off|p2a: Skarmory
|-damage|p2a: Skarmory|134\/334 par
|-enditem|p2a: Skarmory|Shed Shell|[from] move: Knock Off|[of] p1a: Bisharp
|
|-heal|p1a: Bisharp|293\/334|[from] item: Leftovers
|turn|23
|
|move|p1a: Bisharp|Iron Head|p2a: Skarmory
|-resisted|p2a: Skarmory
|-damage|p2a: Skarmory|92\/334 par
|move|p2a: Skarmory|Roost|p2a: Skarmory
|-heal|p2a: Skarmory|259\/334 par
|
|-heal|p1a: Bisharp|313\/334|[from] item: Leftovers
|turn|24
|
|switch|p1a: Keldeo|Keldeo|323\/323
|-damage|p1a: Keldeo|283\/323|[from] Spikes
|-damage|p1a: Keldeo|263\/323|[from] Stealth Rock
|move|p2a: Skarmory|Whirlwind|p1a: Keldeo
|drag|p1a: Skarmory|Skarmory, F|93\/334 par
|-damage|p1a: Skarmory|52\/334 par|[from] Stealth Rock
|
|turn|25
|
|move|p1a: Skarmory|Roost|p1a: Skarmory
|-heal|p1a: Skarmory|219\/334 par
|move|p2a: Skarmory|Brave Bird|p1a: Skarmory
|-resisted|p1a: Skarmory
|-damage|p1a: Skarmory|183\/334 par
|-damage|p2a: Skarmory|204\/334 par|[from] item: Rocky Helmet|[of] p1a: Skarmory
|-damage|p2a: Skarmory|192\/334 par|[from] recoil|[of] p1a: Skarmory
|
|turn|26
|
|move|p2a: Skarmory|Spikes|p1a: Skarmory
|-sidestart|p1: wish killer|Spikes
|move|p1a: Skarmory|Whirlwind|p2a: Skarmory
|drag|p2a: Clefable|Clefable, F|392\/392
|
|turn|27
|
|move|p2a: Clefable|Knock Off|p1a: Skarmory
|-damage|p1a: Skarmory|150\/334 par
|-enditem|p1a: Skarmory|Rocky Helmet|[from] move: Knock Off|[of] p2a: Clefable
|cant|p1a: Skarmory|par
|
|turn|28
|
|move|p2a: Clefable|Calm Mind|p2a: Clefable
|-boost|p2a: Clefable|spa|1
|-boost|p2a: Clefable|spd|1
|move|p1a: Skarmory|Whirlwind|p2a: Clefable
|drag|p2a: Skarmory|Skarmory, M|192\/334 par
|-damage|p2a: Skarmory|151\/334 par|[from] Stealth Rock
|
|turn|29
|
|move|p2a: Skarmory|Roost|p2a: Skarmory
|-heal|p2a: Skarmory|318\/334 par
|move|p1a: Skarmory|Whirlwind|p2a: Skarmory
|drag|p2a: Chansey|Chansey, F|102\/670
|-damage|p2a: Chansey|0 fnt|[from] Spikes
|faint|p2a: Chansey
|
|
|switch|p2a: Skarmory|Skarmory, M|318\/334 par
|-damage|p2a: Skarmory|277\/334 par|[from] Stealth Rock
|turn|30
|
|move|p1a: Skarmory|Roost|p1a: Skarmory
|-heal|p1a: Skarmory|317\/334 par
|move|p2a: Skarmory|Spikes|p1a: Skarmory
|-sidestart|p1: wish killer|Spikes
|
|turn|31
|
|move|p2a: Skarmory|Whirlwind|p1a: Skarmory
|drag|p1a: Bisharp|Bisharp, M|313\/334
|-damage|p1a: Bisharp|230\/334|[from] Spikes
|-damage|p1a: Bisharp|210\/334|[from] Stealth Rock
|
|-heal|p1a: Bisharp|230\/334|[from] item: Leftovers
|turn|32
|
|move|p1a: Bisharp|Swords Dance|p1a: Bisharp
|-boost|p1a: Bisharp|atk|2
|cant|p2a: Skarmory|par
|
|-heal|p1a: Bisharp|250\/334|[from] item: Leftovers
|turn|33
|
|move|p1a: Bisharp|Iron Head|p2a: Skarmory
|-resisted|p2a: Skarmory
|-damage|p2a: Skarmory|187\/334 par
|move|p2a: Skarmory|Whirlwind|p1a: Bisharp
|drag|p1a: Keldeo|Keldeo|263\/323
|-damage|p1a: Keldeo|183\/323|[from] Spikes
|-damage|p1a: Keldeo|163\/323|[from] Stealth Rock
|
|-heal|p1a: Keldeo|183\/323|[from] item: Leftovers
|turn|34
|
|switch|p2a: Amoonguss|Amoonguss, M|430\/430
|-damage|p2a: Amoonguss|323\/430|[from] Spikes
|-damage|p2a: Amoonguss|270\/430|[from] Stealth Rock
|move|p1a: Keldeo|Scald|p2a: Amoonguss
|-resisted|p2a: Amoonguss
|-damage|p2a: Amoonguss|182\/430
|
|-heal|p1a: Keldeo|203\/323|[from] item: Leftovers
|-heal|p2a: Amoonguss|208\/430|[from] item: Black Sludge
|turn|35
|
|switch|p2a: Clefable|Clefable, F|392\/392
|move|p1a: Keldeo|Icy Wind|p2a: Clefable
|-damage|p2a: Clefable|314\/392
|-unboost|p2a: Clefable|spe|1
|
|-heal|p1a: Keldeo|223\/323|[from] item: Leftovers
|-heal|p2a: Clefable|338\/392|[from] item: Leftovers
|turn|36
|
|switch|p1a: Skarmory|Skarmory, F|317\/334 par
|-damage|p1a: Skarmory|276\/334 par|[from] Stealth Rock
|move|p2a: Clefable|Moonblast|p1a: Skarmory
|-resisted|p1a: Skarmory
|-damage|p1a: Skarmory|218\/334 par
|-unboost|p1a: Skarmory|spa|1
|
|-heal|p2a: Clefable|362\/392|[from] item: Leftovers
|turn|37
|
|move|p2a: Clefable|Calm Mind|p2a: Clefable
|-boost|p2a: Clefable|spa|1
|-boost|p2a: Clefable|spd|1
|move|p1a: Skarmory|Whirlwind|p2a: Clefable
|drag|p2a: Amoonguss|Amoonguss, M|351\/430
|-damage|p2a: Amoonguss|244\/430|[from] Spikes
|-damage|p2a: Amoonguss|191\/430|[from] Stealth Rock
|
|-heal|p2a: Amoonguss|217\/430|[from] item: Black Sludge
|turn|38
|
|switch|p2a: Slowbro|Slowbro, M|375\/390
|-damage|p2a: Slowbro|327\/390|[from] Stealth Rock
|-damage|p2a: Slowbro|230\/390|[from] Spikes
|cant|p1a: Skarmory|par
|
|turn|39
|
|move|p2a: Slowbro|Scald|p1a: Skarmory
|-damage|p1a: Skarmory|115\/334 par
|cant|p1a: Skarmory|par
|
|turn|40
|
|move|p2a: Slowbro|Scald|p1a: Skarmory
|-damage|p1a: Skarmory|7\/334 par
|move|p1a: Skarmory|Roost|p1a: Skarmory
|-heal|p1a: Skarmory|174\/334 par
|
|turn|41
|
|move|p2a: Slowbro|Scald|p1a: Skarmory
|-damage|p1a: Skarmory|77\/334 par
|cant|p1a: Skarmory|par
|
|turn|42
|
|switch|p2a: Tyranitar|Tyranitar, F|258\/342
|-damage|p2a: Tyranitar|216\/342|[from] Stealth Rock
|-damage|p2a: Tyranitar|131\/342|[from] Spikes
|-weather|Sandstorm
|switch|p1a: Venusaur|Venusaur, F|364\/364
|-damage|p1a: Venusaur|273\/364|[from] Spikes
|-damage|p1a: Venusaur|228\/364|[from] Stealth Rock
|
|-weather|Sandstorm|[upkeep]
|-damage|p1a: Venusaur|206\/364|[from] sandstorm
|turn|43
|
|switch|p2a: Clefable|Clefable, F|362\/392
|detailschange|p1a: Venusaur|Venusaur-Mega, F
|message|Venusaur has Mega Evolved into Mega Venusaur!
|move|p1a: Venusaur|Giga Drain|p2a: Clefable
|-damage|p2a: Clefable|253\/392
|-heal|p1a: Venusaur|261\/364|[from] drain|[of] p2a: Clefable
|
|-weather|Sandstorm|[upkeep]
|-damage|p1a: Venusaur|239\/364|[from] sandstorm
|-heal|p2a: Clefable|277\/392|[from] item: Leftovers
|turn|44
|join|Edwardo M
|
|move|p1a: Venusaur|Giga Drain|p2a: Clefable
|-damage|p2a: Clefable|159\/392
|-heal|p1a: Venusaur|298\/364|[from] drain|[of] p2a: Clefable
|move|p2a: Clefable|Calm Mind|p2a: Clefable
|-boost|p2a: Clefable|spa|1
|-boost|p2a: Clefable|spd|1
|
|-weather|Sandstorm|[upkeep]
|-damage|p1a: Venusaur|276\/364|[from] sandstorm
|-heal|p2a: Clefable|183\/392|[from] item: Leftovers
|turn|45
|
|switch|p1a: Chansey|Chansey, F|457\/684
|-damage|p1a: Chansey|286\/684|[from] Spikes
|-damage|p1a: Chansey|201\/684|[from] Stealth Rock
|move|p2a: Clefable|Soft-Boiled|p2a: Clefable
|-heal|p2a: Clefable|379\/392
|
|-weather|Sandstorm|[upkeep]
|-damage|p1a: Chansey|159\/684|[from] sandstorm
|-heal|p2a: Clefable|392\/392|[from] item: Leftovers
|turn|46
|
|move|p2a: Clefable|Knock Off|p1a: Chansey
|-damage|p1a: Chansey|91\/684
|-enditem|p1a: Chansey|Eviolite|[from] move: Knock Off|[of] p2a: Clefable
|move|p1a: Chansey|Soft-Boiled|p1a: Chansey
|-heal|p1a: Chansey|433\/684
|
|-weather|none
|turn|47
|
|switch|p2a: Skarmory|Skarmory, M|187\/334 par
|-damage|p2a: Skarmory|146\/334 par|[from] Stealth Rock
|move|p1a: Chansey|Thunder Wave|p2a: Skarmory
|-fail|p2a: Skarmory|par
|
|turn|48
|
|move|p1a: Chansey|Seismic Toss|p2a: Skarmory
|-damage|p2a: Skarmory|46\/334 par
|move|p2a: Skarmory|Roost|p2a: Skarmory
|-heal|p2a: Skarmory|213\/334 par
|
|turn|49
|
|move|p1a: Chansey|Seismic Toss|p2a: Skarmory
|-damage|p2a: Skarmory|113\/334 par
|move|p2a: Skarmory|Roost|p2a: Skarmory
|-heal|p2a: Skarmory|280\/334 par
|
|turn|50
|
|move|p1a: Chansey|Soft-Boiled|p1a: Chansey
|-heal|p1a: Chansey|684\/684
|move|p2a: Skarmory|Brave Bird|p1a: Chansey
|-damage|p1a: Chansey|446\/684
|-damage|p2a: Skarmory|201\/334 par|[from] recoil|[of] p1a: Chansey
|
|turn|51
|
|move|p1a: Chansey|Seismic Toss|p2a: Skarmory
|-damage|p2a: Skarmory|101\/334 par
|move|p2a: Skarmory|Roost|p2a: Skarmory
|-heal|p2a: Skarmory|268\/334 par
|
|turn|52
|
|move|p1a: Chansey|Soft-Boiled|p1a: Chansey
|-heal|p1a: Chansey|684\/684
|move|p2a: Skarmory|Whirlwind|p1a: Chansey
|drag|p1a: Skarmory|Skarmory, F|77\/334 par
|-damage|p1a: Skarmory|36\/334 par|[from] Stealth Rock
|
|turn|53
|
|move|p2a: Skarmory|Brave Bird|p1a: Skarmory
|-resisted|p1a: Skarmory
|-damage|p1a: Skarmory|0 fnt
|-damage|p2a: Skarmory|256\/334 par|[from] recoil|[of] p1a: Skarmory
|faint|p1a: Skarmory
|
|
|switch|p1a: Keldeo|Keldeo|223\/323
|-damage|p1a: Keldeo|143\/323|[from] Spikes
|-damage|p1a: Keldeo|123\/323|[from] Stealth Rock
|turn|54
|
|switch|p2a: Slowbro|Slowbro, M|360\/390
|-damage|p2a: Slowbro|263\/390|[from] Spikes
|-damage|p2a: Slowbro|215\/390|[from] Stealth Rock
|move|p1a: Keldeo|Scald|p2a: Slowbro
|-resisted|p2a: Slowbro
|-damage|p2a: Slowbro|131\/390
|
|-heal|p1a: Keldeo|143\/323|[from] item: Leftovers
|turn|55
|
|switch|p2a: Amoonguss|Amoonguss, M|360\/430
|-damage|p2a: Amoonguss|253\/430|[from] Spikes
|-damage|p2a: Amoonguss|200\/430|[from] Stealth Rock
|move|p1a: Keldeo|Scald|p2a: Amoonguss
|-crit|p2a: Amoonguss
|-resisted|p2a: Amoonguss
|-damage|p2a: Amoonguss|68\/430
|
|-heal|p1a: Keldeo|163\/323|[from] item: Leftovers
|-heal|p2a: Amoonguss|94\/430|[from] item: Black Sludge
|turn|56
|
|move|p1a: Keldeo|Scald|p2a: Amoonguss
|-resisted|p2a: Amoonguss
|-damage|p2a: Amoonguss|11\/430
|move|p2a: Amoonguss|Giga Drain|p1a: Keldeo
|-supereffective|p1a: Keldeo
|-damage|p1a: Keldeo|0 fnt
|-heal|p2a: Amoonguss|93\/430|[from] drain|[of] p1a: Keldeo
|faint|p1a: Keldeo
|
|-heal|p2a: Amoonguss|119\/430|[from] item: Black Sludge
|
|switch|p1a: Bisharp|Bisharp, M|250\/334
|-damage|p1a: Bisharp|230\/334|[from] Stealth Rock
|-damage|p1a: Bisharp|147\/334|[from] Spikes
|turn|57
|
|move|p1a: Bisharp|Knock Off|p2a: Amoonguss
|-crit|p2a: Amoonguss
|-damage|p2a: Amoonguss|0 fnt
|-enditem|p2a: Amoonguss|Black Sludge|[from] move: Knock Off|[of] p1a: Bisharp
|faint|p2a: Amoonguss
|
|-heal|p1a: Bisharp|167\/334|[from] item: Leftovers
|
|switch|p2a: Skarmory|Skarmory, M|256\/334 par
|-damage|p2a: Skarmory|215\/334 par|[from] Stealth Rock
|turn|58
|
|move|p1a: Bisharp|Swords Dance|p1a: Bisharp
|-boost|p1a: Bisharp|atk|2
|move|p2a: Skarmory|Whirlwind|p1a: Bisharp
|drag|p1a: Venusaur|Venusaur-Mega, F|276\/364
|-damage|p1a: Venusaur|185\/364|[from] Spikes
|-damage|p1a: Venusaur|140\/364|[from] Stealth Rock
|
|turn|59
|
|switch|p2a: Clefable|Clefable, F|392\/392
|move|p1a: Venusaur|Synthesis|p1a: Venusaur
|-heal|p1a: Venusaur|322\/364
|
|turn|60
|
|move|p1a: Venusaur|Giga Drain|p2a: Clefable
|-damage|p2a: Clefable|281\/392
|-heal|p1a: Venusaur|364\/364|[from] drain|[of] p2a: Clefable
|move|p2a: Clefable|Calm Mind|p2a: Clefable
|-boost|p2a: Clefable|spa|1
|-boost|p2a: Clefable|spd|1
|
|-heal|p2a: Clefable|305\/392|[from] item: Leftovers
|turn|61
|
|switch|p1a: Chansey|Chansey, F|684\/684
|-damage|p1a: Chansey|513\/684|[from] Spikes
|-damage|p1a: Chansey|428\/684|[from] Stealth Rock
|move|p2a: Clefable|Moonblast|p1a: Chansey
|-damage|p1a: Chansey|284\/684
|-unboost|p1a: Chansey|spa|1
|
|-heal|p2a: Clefable|329\/392|[from] item: Leftovers
|turn|62
|
|switch|p2a: Skarmory|Skarmory, M|215\/334 par
|-damage|p2a: Skarmory|174\/334 par|[from] Stealth Rock
|move|p1a: Chansey|Seismic Toss|p2a: Skarmory
|-damage|p2a: Skarmory|74\/334 par
|
|turn|63
|
|switch|p2a: Slowbro|Slowbro, M|261\/390
|-damage|p2a: Slowbro|213\/390|[from] Stealth Rock
|-damage|p2a: Slowbro|116\/390|[from] Spikes
|move|p1a: Chansey|Seismic Toss|p2a: Slowbro
|-damage|p2a: Slowbro|16\/390
|-damage|p1a: Chansey|170\/684|[from] item: Rocky Helmet|[of] p2a: Slowbro
|
|turn|64
|
|move|p1a: Chansey|Soft-Boiled|p1a: Chansey
|-heal|p1a: Chansey|512\/684
|move|p2a: Slowbro|Scald|p1a: Chansey
|-damage|p1a: Chansey|431\/684
|-status|p1a: Chansey|brn
|
|-damage|p1a: Chansey|346\/684 brn|[from] brn
|turn|65
|
|move|p1a: Chansey|Seismic Toss|p2a: Slowbro
|-damage|p2a: Slowbro|0 fnt
|-damage|p1a: Chansey|232\/684 brn|[from] item: Rocky Helmet|[of] p2a: Slowbro
|faint|p2a: Slowbro
|
|-damage|p1a: Chansey|147\/684 brn|[from] brn
|
|switch|p2a: Tyranitar|Tyranitar, F|131\/342
|-damage|p2a: Tyranitar|46\/342|[from] Spikes
|-damage|p2a: Tyranitar|4\/342|[from] Stealth Rock
|-weather|Sandstorm
|turn|66
|
|move|p2a: Tyranitar|Superpower|p1a: Chansey
|-supereffective|p1a: Chansey
|-damage|p1a: Chansey|0 fnt
|-unboost|p2a: Tyranitar|atk|1
|-unboost|p2a: Tyranitar|def|1
|faint|p1a: Chansey
|
|-weather|Sandstorm|[upkeep]
|
|switch|p1a: Bisharp|Bisharp, M|167\/334
|-damage|p1a: Bisharp|147\/334|[from] Stealth Rock
|-damage|p1a: Bisharp|64\/334|[from] Spikes
|turn|67
|
|move|p1a: Bisharp|Sucker Punch|p2a: Tyranitar
|-resisted|p2a: Tyranitar
|-damage|p2a: Tyranitar|0 fnt
|faint|p2a: Tyranitar
|
|-weather|Sandstorm|[upkeep]
|-heal|p1a: Bisharp|84\/334|[from] item: Leftovers
|
|switch|p2a: Skarmory|Skarmory, M|74\/334 par
|-damage|p2a: Skarmory|33\/334 par|[from] Stealth Rock
|turn|68
|
|move|p1a: Bisharp|Knock Off|p2a: Skarmory
|-damage|p2a: Skarmory|0 fnt
|faint|p2a: Skarmory
|
|-weather|Sandstorm|[upkeep]
|-heal|p1a: Bisharp|104\/334|[from] item: Leftovers
|
|switch|p2a: Clefable|Clefable, F|329\/392
|turn|69
|
|move|p1a: Bisharp|Iron Head|p2a: Clefable
|-supereffective|p2a: Clefable
|-damage|p2a: Clefable|75\/392
|cant|p2a: Clefable|flinch
|
|-weather|Sandstorm|[upkeep]
|-heal|p1a: Bisharp|124\/334|[from] item: Leftovers
|-heal|p2a: Clefable|99\/392|[from] item: Leftovers
|turn|70
|
|move|p1a: Bisharp|Iron Head|p2a: Clefable
|-supereffective|p2a: Clefable
|-damage|p2a: Clefable|0 fnt
|faint|p2a: Clefable
|
|win|wish killer
|raw|Ladder updating...
|c|âDon't Use MeGa|...
|raw|wish killer's rating: 1708 &rarr; <strong>1734<\/strong><br \/>(+26 for winning)
|raw|Don&apos;t Use MeGa's rating: 1803 &rarr; <strong>1778<\/strong><br \/>(-25 for losing)