|join|Ox the Box
|join|don't use mega
|player|p1|Ox the Box|201
|player|p2|don't use mega|101
|gametype|singles
|gen|6
|tier|OU
|rated
|clearpoke
|poke|p1|Charizard, F, shiny
|poke|p1|Venusaur, M, shiny
|poke|p1|Tyranitar, F
|poke|p1|Excadrill, M
|poke|p1|Ferrothorn, M
|poke|p1|Keldeo
|poke|p2|Quagsire, M
|poke|p2|Gliscor, F
|poke|p2|Tyranitar, M
|poke|p2|Amoonguss, M
|poke|p2|Slowbro, M
|poke|p2|Chansey, F
|rule|Swagger Clause: Swagger is banned
|rule|Baton Pass Clause: Limit one PokÃ©mon knowing Baton Pass
|rule|Sleep Clause Mod: Limit one foe put to sleep
|rule|Species Clause: Limit one of each PokÃ©mon
|rule|OHKO Clause: OHKO moves are banned
|rule|Moody Clause: Moody is banned
|rule|Evasion Moves Clause: Evasion moves are banned
|rule|Endless Battle Clause: Forcing endless battles is banned
|rule|HP Percentage Mod: HP is shown in percentages
|teampreview
|join|BattleXV
|join|Zagmzp
|c| BattleXV|On tilt
|c| BattleXV|qq
|c|âOx the Box|hiagain
|join|Alldaalts
|
|start
|switch|p1a: Charizard|Charizard, F, shiny|297\/297
|switch|p2a: Slowbro|Slowbro, M|393\/393
|turn|1
|
|switch|p2a: Chansey|Chansey, F|670\/670
|detailschange|p1a: Charizard|Charizard-Mega-Y, F, shiny
|-mega|p1a: Charizard|Charizard|Charizardite Y
|-weather|SunnyDay
|move|p1a: Charizard|Focus Blast|p2a: Chansey
|-supereffective|p2a: Chansey
|-damage|p2a: Chansey|474\/670
|
|-weather|SunnyDay|[upkeep]
|turn|2
|
|switch|p1a: Tyranitar|Tyranitar, F|382\/382
|-weather|Sandstorm
|move|p2a: Chansey|Thunder Wave|p1a: Tyranitar
|-status|p1a: Tyranitar|par
|
|-weather|Sandstorm|[upkeep]
|-damage|p2a: Chansey|433\/670|[from] sandstorm
|turn|3
|c| BattleXV|NICE DAMAGE
|c| BattleXV|:O
|
|move|p2a: Chansey|Soft-Boiled|p2a: Chansey
|-heal|p2a: Chansey|670\/670
|move|p1a: Tyranitar|Superpower|p2a: Chansey
|-supereffective|p2a: Chansey
|-damage|p2a: Chansey|32\/670
|-unboost|p1a: Tyranitar|atk|1
|-unboost|p1a: Tyranitar|def|1
|
|-weather|Sandstorm|[upkeep]
|-damage|p2a: Chansey|0 fnt|[from] sandstorm
|faint|p2a: Chansey
|c|âOx the Box|:O
|c|âOx the Box|LOL
|c| BattleXV|xD
|c|âdon't use mega|loL
|c| BattleXV|Is that scarfed t tar?
|c|âOx the Box|this nigga thought he was living
|
|switch|p2a: Gliscor|Gliscor, F|350\/350
|turn|4
|c|âOx the Box|banded ofc
|c| BattleXV|:O
|
|switch|p1a: Charizard|Charizard-Mega-Y, F, shiny|297\/297
|-weather|SunnyDay
|move|p2a: Gliscor|Knock Off|p1a: Charizard
|-damage|p1a: Charizard|233\/297
|
|-weather|SunnyDay|[upkeep]
|-status|p2a: Gliscor|tox|[from] item: Toxic Orb
|turn|5
|c|âdon't use mega|rs
|
|move|p1a: Charizard|Flamethrower|p2a: Gliscor
|-damage|p2a: Gliscor|67\/350 tox
|move|p2a: Gliscor|Roost|p2a: Gliscor
|-heal|p2a: Gliscor|242\/350 tox
|
|-weather|SunnyDay|[upkeep]
|-heal|p2a: Gliscor|285\/350 tox|[from] ability: Poison Heal
|turn|6
|
|switch|p2a: Slowbro|Slowbro, M|393\/393
|move|p1a: Charizard|Flamethrower|p2a: Slowbro
|-resisted|p2a: Slowbro
|-damage|p2a: Slowbro|218\/393
|
|-weather|SunnyDay|[upkeep]
|turn|7
|
|move|p1a: Charizard|Flamethrower|p2a: Slowbro
|-resisted|p2a: Slowbro
|-damage|p2a: Slowbro|25\/393
|move|p2a: Slowbro|Slack Off|p2a: Slowbro
|-heal|p2a: Slowbro|222\/393
|
|-weather|SunnyDay|[upkeep]
|turn|8
|
|switch|p1a: Ferrothorn|Ferrothorn, M|352\/352
|switch|p2a: Tyranitar|Tyranitar, M|342\/342
|-weather|Sandstorm
|
|-weather|Sandstorm|[upkeep]
|turn|9
|
|switch|p2a: Gliscor|Gliscor, F|285\/350 tox
|move|p1a: Ferrothorn|Stealth Rock|p2a: Gliscor
|-sidestart|p2: don't use mega|move: Stealth Rock
|
|-weather|Sandstorm|[upkeep]
|-heal|p2a: Gliscor|328\/350 tox|[from] ability: Poison Heal
|turn|10
|
|switch|p1a: Charizard|Charizard-Mega-Y, F, shiny|233\/297
|-weather|SunnyDay
|move|p2a: Gliscor|Knock Off|p1a: Charizard
|-crit|p1a: Charizard
|-damage|p1a: Charizard|149\/297
|
|-weather|SunnyDay|[upkeep]
|-heal|p2a: Gliscor|350\/350 tox|[from] ability: Poison Heal
|turn|11
|
|move|p1a: Charizard|Roost|p1a: Charizard
|-heal|p1a: Charizard|297\/297
|move|p2a: Gliscor|Earthquake|p1a: Charizard
|-supereffective|p1a: Charizard
|-damage|p1a: Charizard|7\/297
|
|-weather|SunnyDay|[upkeep]
|turn|12
|join|Demandred
|c|âOx the Box|right
|c|âOx the Box|hnng
|c| BattleXV|...
|
|switch|p2a: Tyranitar|Tyranitar, M|342\/342
|-damage|p2a: Tyranitar|300\/342|[from] Stealth Rock
|-weather|Sandstorm
|move|p1a: Charizard|Flamethrower|p2a: Tyranitar
|-resisted|p2a: Tyranitar
|-damage|p2a: Tyranitar|232\/342
|
|-weather|Sandstorm|[upkeep]
|-damage|p1a: Charizard|0 fnt|[from] sandstorm
|faint|p1a: Charizard
|c| BattleXV|Recover
|c|âOx the Box|i canceled
|c|âOx the Box|and went
|c|âOx the Box|for
|c|âOx the Box|focus
|c| BattleXV|...
|c|âOx the Box|.sigh
|
|switch|p1a: Excadrill|Excadrill, M|361\/361
|turn|13
|c| BattleXV|Stupid lag
|
|switch|p2a: Slowbro|Slowbro, M|353\/393
|-damage|p2a: Slowbro|304\/393|[from] Stealth Rock
|move|p1a: Excadrill|Iron Head|p2a: Slowbro
|-resisted|p2a: Slowbro
|-damage|p2a: Slowbro|229\/393
|-damage|p1a: Excadrill|325\/361|[from] item: Life Orb
|
|-weather|Sandstorm|[upkeep]
|-damage|p2a: Slowbro|205\/393|[from] sandstorm
|turn|14
|c| BattleXV|Well GL ox i'm going sleep
|c|âOx the Box|ty
|c|âOx the Box|gnight
|
|switch|p1a: Ferrothorn|Ferrothorn, M|352\/352
|move|p2a: Slowbro|Slack Off|p2a: Slowbro
|-heal|p2a: Slowbro|393\/393
|
|-weather|Sandstorm|[upkeep]
|-damage|p2a: Slowbro|369\/393|[from] sandstorm
|turn|15
|c| BattleXV|I want to see that #1 :o
|c| BattleXV|gl
|leave|BattleXV
|
|switch|p1a: Tyranitar|Tyranitar, F|382\/382 par
|move|p2a: Slowbro|Trick|p1a: Tyranitar
|-activate|p2a: Slowbro|move: Trick|[of] p1a: Tyranitar
|-item|p1a: Tyranitar|Lagging Tail|[from] move: Trick
|-item|p2a: Slowbro|Choice Band|[from] move: Trick
|
|-weather|Sandstorm|[upkeep]
|-damage|p2a: Slowbro|345\/393|[from] sandstorm
|turn|16
|
|switch|p2a: Gliscor|Gliscor, F|350\/350 tox
|-damage|p2a: Gliscor|307\/350 tox|[from] Stealth Rock
|move|p1a: Tyranitar|Crunch|p2a: Gliscor
|-damage|p2a: Gliscor|178\/350 tox
|-unboost|p2a: Gliscor|def|1
|
|-weather|none
|-heal|p2a: Gliscor|221\/350 tox|[from] ability: Poison Heal
|turn|17
|
|move|p2a: Gliscor|Earthquake|p1a: Tyranitar
|-supereffective|p1a: Tyranitar
|-damage|p1a: Tyranitar|164\/382 par
|move|p1a: Tyranitar|Crunch|p2a: Gliscor
|-damage|p2a: Gliscor|32\/350 tox
|
|-heal|p2a: Gliscor|75\/350 tox|[from] ability: Poison Heal
|turn|18
|
|switch|p1a: Keldeo|Keldeo|323\/323
|move|p2a: Gliscor|Roost|p2a: Gliscor
|-heal|p2a: Gliscor|250\/350 tox
|
|-heal|p2a: Gliscor|293\/350 tox|[from] ability: Poison Heal
|turn|19
|
|switch|p2a: Amoonguss|Amoonguss, M|430\/430
|-damage|p2a: Amoonguss|377\/430|[from] Stealth Rock
|move|p1a: Keldeo|Scald|p2a: Amoonguss
|-crit|p2a: Amoonguss
|-resisted|p2a: Amoonguss
|-damage|p2a: Amoonguss|239\/430
|
|-heal|p2a: Amoonguss|265\/430|[from] item: Black Sludge
|turn|20
|
|switch|p1a: Venusaur|Venusaur, M, shiny|319\/319
|move|p2a: Amoonguss|Foul Play|p1a: Venusaur
|-damage|p1a: Venusaur|259\/319
|
|-heal|p2a: Amoonguss|291\/430|[from] item: Black Sludge
|turn|21
|
|move|p1a: Venusaur|Sludge Bomb|p2a: Amoonguss
|-damage|p2a: Amoonguss|45\/430
|-damage|p1a: Venusaur|228\/319|[from] item: Life Orb
|move|p2a: Amoonguss|Clear Smog|p1a: Venusaur
|-damage|p1a: Venusaur|179\/319
|-clearboost|p1a: Venusaur
|
|-heal|p2a: Amoonguss|71\/430|[from] item: Black Sludge
|turn|22
|
|switch|p2a: Quagsire|Quagsire, M|394\/394
|-damage|p2a: Quagsire|370\/394|[from] Stealth Rock
|move|p1a: Venusaur|Giga Drain|p2a: Quagsire
|-supereffective|p2a: Quagsire
|-damage|p2a: Quagsire|0 fnt
|-heal|p1a: Venusaur|319\/319|[from] drain|[of] p2a: Quagsire
|-damage|p1a: Venusaur|288\/319|[from] item: Life Orb
|faint|p2a: Quagsire
|
|
|switch|p2a: Tyranitar|Tyranitar, M|232\/342
|-damage|p2a: Tyranitar|190\/342|[from] Stealth Rock
|-weather|Sandstorm
|turn|23
|
|move|p2a: Tyranitar|Stone Edge|p1a: Venusaur
|-crit|p1a: Venusaur
|-damage|p1a: Venusaur|0 fnt
|faint|p1a: Venusaur
|
|-weather|Sandstorm|[upkeep]
|c|âOx the Box|are
|c|âOx the Box|u
|c|âOx the Box|kidding
|c|âOx the Box|me
|
|switch|p1a: Excadrill|Excadrill, M|325\/361
|turn|24
|c|âOx the Box|god damn
|c|âOx the Box|that was even a high crit roll
|
|switch|p2a: Gliscor|Gliscor, F|293\/350 tox
|-damage|p2a: Gliscor|250\/350 tox|[from] Stealth Rock
|move|p1a: Excadrill|Iron Head|p2a: Gliscor
|-damage|p2a: Gliscor|62\/350 tox
|-damage|p1a: Excadrill|289\/361|[from] item: Life Orb
|
|-weather|Sandstorm|[upkeep]
|-heal|p2a: Gliscor|105\/350 tox|[from] ability: Poison Heal
|turn|25
|
|move|p1a: Excadrill|Rock Slide|p2a: Gliscor
|-damage|p2a: Gliscor|0 fnt
|-damage|p1a: Excadrill|253\/361|[from] item: Life Orb
|faint|p2a: Gliscor
|
|-weather|Sandstorm|[upkeep]
|
|switch|p2a: Slowbro|Slowbro, M|393\/393
|-damage|p2a: Slowbro|344\/393|[from] Stealth Rock
|turn|26
|
|switch|p1a: Ferrothorn|Ferrothorn, M|352\/352
|move|p2a: Slowbro|Scald|p1a: Ferrothorn
|-resisted|p1a: Ferrothorn
|-damage|p1a: Ferrothorn|310\/352
|
|-weather|Sandstorm|[upkeep]
|-damage|p2a: Slowbro|320\/393|[from] sandstorm
|-heal|p1a: Ferrothorn|332\/352|[from] item: Leftovers
|turn|27
|
|switch|p2a: Amoonguss|Amoonguss, M|214\/430
|-damage|p2a: Amoonguss|161\/430|[from] Stealth Rock
|move|p1a: Ferrothorn|Gyro Ball|p2a: Amoonguss
|-damage|p2a: Amoonguss|101\/430
|
|-weather|none
|-heal|p2a: Amoonguss|127\/430|[from] item: Black Sludge
|-heal|p1a: Ferrothorn|352\/352|[from] item: Leftovers
|turn|28
|
|move|p2a: Amoonguss|Giga Drain|p1a: Ferrothorn
|-resisted|p1a: Ferrothorn
|-damage|p1a: Ferrothorn|334\/352
|-heal|p2a: Amoonguss|136\/430|[from] drain|[of] p1a: Ferrothorn
|move|p1a: Ferrothorn|Power Whip|p2a: Amoonguss
|-resisted|p2a: Amoonguss
|-damage|p2a: Amoonguss|109\/430
|
|-heal|p2a: Amoonguss|135\/430|[from] item: Black Sludge
|-heal|p1a: Ferrothorn|352\/352|[from] item: Leftovers
|turn|29
|
|switch|p2a: Slowbro|Slowbro, M|393\/393
|-damage|p2a: Slowbro|344\/393|[from] Stealth Rock
|move|p1a: Ferrothorn|Power Whip|p2a: Slowbro
|-supereffective|p2a: Slowbro
|-damage|p2a: Slowbro|146\/393
|
|turn|30
|
|switch|p2a: Amoonguss|Amoonguss, M|278\/430
|-damage|p2a: Amoonguss|225\/430|[from] Stealth Rock
|move|p1a: Ferrothorn|Leech Seed|p2a: Amoonguss
|-immune|p2a: Amoonguss|[msg]
|
|-heal|p2a: Amoonguss|251\/430|[from] item: Black Sludge
|turn|31
|
|switch|p2a: Slowbro|Slowbro, M|277\/393
|-damage|p2a: Slowbro|228\/393|[from] Stealth Rock
|switch|p1a: Excadrill|Excadrill, M|253\/361
|
|turn|32
|
|move|p1a: Excadrill|Rock Slide|p2a: Slowbro
|-damage|p2a: Slowbro|140\/393
|-damage|p1a: Excadrill|217\/361|[from] item: Life Orb
|move|p2a: Slowbro|Scald|p1a: Excadrill
|-supereffective|p1a: Excadrill
|-damage|p1a: Excadrill|0 fnt
|faint|p1a: Excadrill
|
|c|âOx the Box|bg
|
|switch|p1a: Keldeo|Keldeo|323\/323
|turn|33
|
|switch|p2a: Amoonguss|Amoonguss, M|394\/430
|-damage|p2a: Amoonguss|341\/430|[from] Stealth Rock
|move|p1a: Keldeo|Hidden Power|p2a: Amoonguss
|-resisted|p2a: Amoonguss
|-damage|p2a: Amoonguss|299\/430
|
|-heal|p2a: Amoonguss|325\/430|[from] item: Black Sludge
|turn|34
|-message|Ox the Box forfeited.
|c|âOx the Box|bg ladder scrub
|
|win|don't use mega
|raw|Ladder updating...
|c|âOx the Box|suck more cock
|raw|Ox the Box's rating: 1779 &rarr; <strong>1758<\/strong><br \/>(-21 for losing)
|raw|don&apos;t use mega's rating: 1764 &rarr; <strong>1785<\/strong><br \/>(+21 for winning)
|c|âOx the Box|can't even win without two crits
|leave|Ox the Box
|player|p1
|leave|Alldaalts