|join|don't use mega
|join|altariaaa
|player|p1|don't use mega|101
|player|p2|altariaaa|273
|gametype|singles
|gen|6
|tier|OU
|rated
|clearpoke
|poke|p1|Tyranitar, F
|poke|p1|Gliscor, F
|poke|p1|Chansey, F
|poke|p1|Slowbro, F
|poke|p1|Quagsire, M
|poke|p1|Mandibuzz, F
|poke|p2|Tornadus-Therian, M
|poke|p2|Amoonguss, M
|poke|p2|Slowbro, F
|poke|p2|Gardevoir, F
|poke|p2|Hippowdon, F
|poke|p2|Excadrill, M
|rule|Swagger Clause: Swagger is banned
|rule|Baton Pass Clause: Limit one PokÃ©mon knowing Baton Pass
|rule|Sleep Clause Mod: Limit one foe put to sleep
|rule|Species Clause: Limit one of each PokÃ©mon
|rule|OHKO Clause: OHKO moves are banned
|rule|Moody Clause: Moody is banned
|rule|Evasion Moves Clause: Evasion moves are banned
|rule|Endless Battle Clause: Forcing endless battles is banned
|rule|HP Percentage Mod: HP is shown in percentages
|teampreview
|
|start
|switch|p1a: Slowbro|Slowbro, F|390\/390
|switch|p2a: Tornadus-Therian|Tornadus-Therian, M|299\/299
|turn|1
|
|move|p2a: Tornadus-Therian|Hurricane|p1a: Slowbro
|-crit|p1a: Slowbro
|-damage|p1a: Slowbro|0 fnt
|-damage|p2a: Tornadus-Therian|270\/299|[from] item: Life Orb
|faint|p1a: Slowbro
|
|c|âdon't use mega|fuck
|
|switch|p1a: Chansey|Chansey, F|682\/682
|turn|2
|c|âaltariaaa|sorry
|
|move|p2a: Tornadus-Therian|Knock Off|p1a: Chansey
|-damage|p1a: Chansey|536\/682
|-enditem|p1a: Chansey|Eviolite|[from] move: Knock Off|[of] p2a: Tornadus-Therian
|-damage|p2a: Tornadus-Therian|241\/299|[from] item: Life Orb
|move|p1a: Chansey|Toxic|p2a: Tornadus-Therian
|-status|p2a: Tornadus-Therian|tox
|
|-damage|p2a: Tornadus-Therian|223\/299 tox|[from] psn
|turn|3
|
|move|p2a: Tornadus-Therian|Superpower|p1a: Chansey
|-supereffective|p1a: Chansey
|-damage|p1a: Chansey|52\/682
|-unboost|p2a: Tornadus-Therian|atk|1
|-unboost|p2a: Tornadus-Therian|def|1
|-damage|p2a: Tornadus-Therian|194\/299 tox|[from] item: Life Orb
|move|p1a: Chansey|Soft-Boiled|p1a: Chansey
|-heal|p1a: Chansey|393\/682
|
|-damage|p2a: Tornadus-Therian|158\/299 tox|[from] psn
|turn|4
|
|switch|p2a: Gardevoir|Gardevoir, F|339\/339
|move|p1a: Chansey|Soft-Boiled|p1a: Chansey
|-heal|p1a: Chansey|682\/682
|
|turn|5
|
|switch|p2a: Excadrill|Excadrill, M|374\/374
|move|p1a: Chansey|Seismic Toss|p2a: Excadrill
|-damage|p2a: Excadrill|274\/374
|
|-heal|p2a: Excadrill|297\/374|[from] item: Leftovers
|turn|6
|
|switch|p2a: Amoonguss|Amoonguss, M|431\/431
|switch|p1a: Gliscor|Gliscor, F|350\/350
|
|-status|p1a: Gliscor|tox|[from] item: Toxic Orb
|turn|7
|
|switch|p2a: Gardevoir|Gardevoir, F|339\/339
|move|p1a: Gliscor|Knock Off|p2a: Gardevoir
|-damage|p2a: Gardevoir|276\/339
|
|turn|8
|
|detailschange|p2a: Gardevoir|Gardevoir-Mega, F
|-mega|p2a: Gardevoir|Gardevoir|Gardevoirite
|move|p1a: Gliscor|Earthquake|p2a: Gardevoir
|-damage|p2a: Gardevoir|134\/339
|move|p2a: Gardevoir|Hyper Voice|p1a: Gliscor
|-damage|p1a: Gliscor|124\/350 tox
|
|-heal|p1a: Gliscor|167\/350 tox|[from] ability: Poison Heal
|turn|9
|
|move|p2a: Gardevoir|Hyper Voice|p1a: Gliscor
|-damage|p1a: Gliscor|0 fnt
|faint|p1a: Gliscor
|
|
|switch|p1a: Tyranitar|Tyranitar, F|342\/342
|-weather|Sandstorm
|turn|10
|
|move|p2a: Gardevoir|Protect|p2a: Gardevoir
|-singleturn|p2a: Gardevoir|Protect
|move|p1a: Tyranitar|Crunch|p2a: Gardevoir
|-activate|p2a: Gardevoir|Protect
|
|-weather|Sandstorm|[upkeep]
|-damage|p2a: Gardevoir|113\/339|[from] sandstorm
|turn|11
|
|switch|p2a: Hippowdon|Hippowdon, F|420\/420
|move|p1a: Tyranitar|Crunch|p2a: Hippowdon
|-crit|p2a: Hippowdon
|-damage|p2a: Hippowdon|264\/420
|
|-weather|Sandstorm|[upkeep]
|-heal|p2a: Hippowdon|290\/420|[from] item: Leftovers
|turn|12
|
|switch|p1a: Chansey|Chansey, F|682\/682
|move|p2a: Hippowdon|Stealth Rock|p1a: Chansey
|-sidestart|p1: don't use mega|move: Stealth Rock
|
|-weather|Sandstorm|[upkeep]
|-damage|p1a: Chansey|640\/682|[from] sandstorm
|-heal|p2a: Hippowdon|316\/420|[from] item: Leftovers
|turn|13
|
|switch|p2a: Excadrill|Excadrill, M|297\/374
|move|p1a: Chansey|Stealth Rock|p2a: Excadrill
|-sidestart|p2: altariaaa|move: Stealth Rock
|
|-weather|Sandstorm|[upkeep]
|-damage|p1a: Chansey|598\/682|[from] sandstorm
|-heal|p2a: Excadrill|320\/374|[from] item: Leftovers
|turn|14
|
|switch|p1a: Mandibuzz|Mandibuzz, F|420\/420
|-damage|p1a: Mandibuzz|315\/420|[from] Stealth Rock
|move|p2a: Excadrill|Rapid Spin|p1a: Mandibuzz
|-damage|p1a: Mandibuzz|295\/420
|-damage|p2a: Excadrill|258\/374|[from] item: Rocky Helmet|[of] p1a: Mandibuzz
|-sideend|p2: altariaaa|Stealth Rock|[from] move: Rapid Spin|[of] p2a: Excadrill
|
|-weather|none
|-heal|p2a: Excadrill|281\/374|[from] item: Leftovers
|turn|15
|
|switch|p2a: Gardevoir|Gardevoir-Mega, F|113\/339
|move|p1a: Mandibuzz|Foul Play|p2a: Gardevoir
|-damage|p2a: Gardevoir|0 fnt
|faint|p2a: Gardevoir
|
|
|switch|p2a: Tornadus-Therian|Tornadus-Therian, M|257\/299 tox
|turn|16
|
|move|p2a: Tornadus-Therian|Hurricane|p1a: Mandibuzz
|-damage|p1a: Mandibuzz|77\/420
|-damage|p2a: Tornadus-Therian|228\/299 tox|[from] item: Life Orb
|move|p1a: Mandibuzz|Roost|p1a: Mandibuzz
|-heal|p1a: Mandibuzz|287\/420
|
|-damage|p2a: Tornadus-Therian|210\/299 tox|[from] psn
|turn|17
|
|switch|p2a: Hippowdon|Hippowdon, F|316\/420
|-weather|Sandstorm
|move|p1a: Mandibuzz|Roost|p1a: Mandibuzz
|-heal|p1a: Mandibuzz|420\/420
|
|-weather|Sandstorm|[upkeep]
|-heal|p2a: Hippowdon|342\/420|[from] item: Leftovers
|turn|18
|
|switch|p2a: Amoonguss|Amoonguss, M|431\/431
|move|p1a: Mandibuzz|Taunt|p2a: Amoonguss
|-start|p2a: Amoonguss|move: Taunt
|
|-weather|Sandstorm|[upkeep]
|-damage|p2a: Amoonguss|405\/431|[from] sandstorm
|turn|19
|
|move|p1a: Mandibuzz|Defog|p2a: Amoonguss
|-unboost|p2a: Amoonguss|evasion|1
|-sideend|p1: don't use mega|Stealth Rock|[from] move: Defog|[of] p1a: Mandibuzz
|move|p2a: Amoonguss|Sludge Bomb|p1a: Mandibuzz
|-damage|p1a: Mandibuzz|318\/420
|
|-weather|Sandstorm|[upkeep]
|-damage|p2a: Amoonguss|379\/431|[from] sandstorm
|turn|20
|
|switch|p2a: Hippowdon|Hippowdon, F|342\/420
|move|p1a: Mandibuzz|Taunt|p2a: Hippowdon
|-start|p2a: Hippowdon|move: Taunt
|
|-weather|Sandstorm|[upkeep]
|-heal|p2a: Hippowdon|368\/420|[from] item: Leftovers
|turn|21
|
|switch|p1a: Chansey|Chansey, F|598\/682
|switch|p2a: Amoonguss|Amoonguss, M|431\/431
|
|-weather|none
|turn|22
|
|switch|p2a: Hippowdon|Hippowdon, F|368\/420
|-weather|Sandstorm
|move|p1a: Chansey|Stealth Rock|p2a: Hippowdon
|-sidestart|p2: altariaaa|move: Stealth Rock
|
|-weather|Sandstorm|[upkeep]
|-damage|p1a: Chansey|556\/682|[from] sandstorm
|-heal|p2a: Hippowdon|394\/420|[from] item: Leftovers
|turn|23
|
|move|p1a: Chansey|Toxic|p2a: Hippowdon
|-status|p2a: Hippowdon|tox
|move|p2a: Hippowdon|Stealth Rock|p1a: Chansey
|-sidestart|p1: don't use mega|move: Stealth Rock
|
|-weather|Sandstorm|[upkeep]
|-damage|p1a: Chansey|514\/682|[from] sandstorm
|-heal|p2a: Hippowdon|420\/420 tox|[from] item: Leftovers
|-damage|p2a: Hippowdon|394\/420 tox|[from] psn
|turn|24
|c|âaltariaaa|how do people find room for toxic aaaaaand sr
|c|âaltariaaa|i never find that
|c|âaltariaaa|when i use chansey
|
|switch|p2a: Amoonguss|Amoonguss, M|431\/431
|-damage|p2a: Amoonguss|378\/431|[from] Stealth Rock
|move|p1a: Chansey|Seismic Toss|p2a: Amoonguss
|-damage|p2a: Amoonguss|278\/431
|
|-weather|Sandstorm|[upkeep]
|-damage|p1a: Chansey|472\/682|[from] sandstorm
|-damage|p2a: Amoonguss|252\/431|[from] sandstorm
|turn|25
|
|move|p1a: Chansey|Seismic Toss|p2a: Amoonguss
|-damage|p2a: Amoonguss|152\/431
|move|p2a: Amoonguss|Sludge Bomb|p1a: Chansey
|-crit|p1a: Chansey
|-damage|p1a: Chansey|351\/682
|-status|p1a: Chansey|psn
|
|-weather|Sandstorm|[upkeep]
|-damage|p1a: Chansey|309\/682 psn|[from] sandstorm
|-damage|p2a: Amoonguss|126\/431|[from] sandstorm
|-damage|p1a: Chansey|224\/682 psn|[from] psn
|turn|26
|
|switch|p2a: Excadrill|Excadrill, M|281\/374
|-damage|p2a: Excadrill|270\/374|[from] Stealth Rock
|move|p1a: Chansey|Soft-Boiled|p1a: Chansey
|-heal|p1a: Chansey|565\/682 psn
|
|-weather|none
|-heal|p2a: Excadrill|293\/374|[from] item: Leftovers
|-damage|p1a: Chansey|480\/682 psn|[from] psn
|turn|27
|
|switch|p1a: Mandibuzz|Mandibuzz, F|318\/420
|-damage|p1a: Mandibuzz|213\/420|[from] Stealth Rock
|move|p2a: Excadrill|Swords Dance|p2a: Excadrill
|-boost|p2a: Excadrill|atk|2
|
|-heal|p2a: Excadrill|316\/374|[from] item: Leftovers
|turn|28
|
|switch|p1a: Quagsire|Quagsire, M|394\/394
|-damage|p1a: Quagsire|370\/394|[from] Stealth Rock
|move|p2a: Excadrill|Rapid Spin|p1a: Quagsire
|-damage|p1a: Quagsire|346\/394
|-sideend|p2: altariaaa|Stealth Rock|[from] move: Rapid Spin|[of] p2a: Excadrill
|
|-heal|p2a: Excadrill|339\/374|[from] item: Leftovers
|-heal|p1a: Quagsire|370\/394|[from] item: Leftovers
|turn|29
|
|switch|p2a: Amoonguss|Amoonguss, M|269\/431
|move|p1a: Quagsire|Scald|p2a: Amoonguss
|-resisted|p2a: Amoonguss
|-damage|p2a: Amoonguss|250\/431
|
|-heal|p1a: Quagsire|394\/394|[from] item: Leftovers
|turn|30
|
|switch|p1a: Mandibuzz|Mandibuzz, F|213\/420
|-damage|p1a: Mandibuzz|108\/420|[from] Stealth Rock
|switch|p2a: Tornadus-Therian|Tornadus-Therian, M|299\/299 tox
|
|-damage|p2a: Tornadus-Therian|281\/299 tox|[from] psn
|turn|31
|
|switch|p1a: Tyranitar|Tyranitar, F|342\/342
|-damage|p1a: Tyranitar|300\/342|[from] Stealth Rock
|-weather|Sandstorm
|move|p2a: Tornadus-Therian|Hurricane|p1a: Tyranitar
|-resisted|p1a: Tyranitar
|-damage|p1a: Tyranitar|226\/342
|-damage|p2a: Tornadus-Therian|252\/299 tox|[from] item: Life Orb
|
|-weather|Sandstorm|[upkeep]
|-damage|p2a: Tornadus-Therian|234\/299 tox|[from] sandstorm
|-damage|p2a: Tornadus-Therian|198\/299 tox|[from] psn
|turn|32
|
|switch|p1a: Quagsire|Quagsire, M|394\/394
|-damage|p1a: Quagsire|370\/394|[from] Stealth Rock
|switch|p2a: Hippowdon|Hippowdon, F|394\/420 tox
|
|-weather|Sandstorm|[upkeep]
|-heal|p2a: Hippowdon|420\/420 tox|[from] item: Leftovers
|-heal|p1a: Quagsire|394\/394|[from] item: Leftovers
|-damage|p2a: Hippowdon|394\/420 tox|[from] psn
|turn|33
|
|switch|p2a: Amoonguss|Amoonguss, M|393\/431
|move|p1a: Quagsire|Scald|p2a: Amoonguss
|-resisted|p2a: Amoonguss
|-damage|p2a: Amoonguss|375\/431
|
|-weather|Sandstorm|[upkeep]
|-damage|p2a: Amoonguss|349\/431|[from] sandstorm
|turn|34
|
|switch|p1a: Chansey|Chansey, F|480\/682
|-damage|p1a: Chansey|395\/682|[from] Stealth Rock
|move|p2a: Amoonguss|Giga Drain|p1a: Chansey
|-damage|p1a: Chansey|322\/682
|-heal|p2a: Amoonguss|386\/431|[from] drain|[of] p1a: Chansey
|
|-weather|Sandstorm|[upkeep]
|-damage|p1a: Chansey|280\/682|[from] sandstorm
|-damage|p2a: Amoonguss|360\/431|[from] sandstorm
|turn|35
|
|switch|p2a: Excadrill|Excadrill, M|339\/374
|move|p1a: Chansey|Soft-Boiled|p1a: Chansey
|-heal|p1a: Chansey|621\/682
|
|-weather|none
|-heal|p2a: Excadrill|362\/374|[from] item: Leftovers
|turn|36
|
|move|p2a: Excadrill|Earthquake|p1a: Chansey
|-damage|p1a: Chansey|204\/682
|move|p1a: Chansey|Seismic Toss|p2a: Excadrill
|-damage|p2a: Excadrill|262\/374
|
|-heal|p2a: Excadrill|285\/374|[from] item: Leftovers
|turn|37
|
|switch|p1a: Quagsire|Quagsire, M|394\/394
|-damage|p1a: Quagsire|370\/394|[from] Stealth Rock
|move|p2a: Excadrill|Earthquake|p1a: Quagsire
|-damage|p1a: Quagsire|210\/394
|
|-heal|p2a: Excadrill|308\/374|[from] item: Leftovers
|-heal|p1a: Quagsire|234\/394|[from] item: Leftovers
|turn|38
|
|switch|p2a: Amoonguss|Amoonguss, M|431\/431
|move|p1a: Quagsire|Recover|p1a: Quagsire
|-heal|p1a: Quagsire|394\/394
|
|turn|39
|
|switch|p2a: Excadrill|Excadrill, M|308\/374
|move|p1a: Quagsire|Scald|p2a: Excadrill
|-supereffective|p2a: Excadrill
|-damage|p2a: Excadrill|126\/374
|-status|p2a: Excadrill|brn
|
|-heal|p2a: Excadrill|149\/374 brn|[from] item: Leftovers
|-damage|p2a: Excadrill|103\/374 brn|[from] brn
|turn|40
|join|Feenstaub
|
|switch|p2a: Amoonguss|Amoonguss, M|431\/431
|move|p1a: Quagsire|Scald|p2a: Amoonguss
|-resisted|p2a: Amoonguss
|-damage|p2a: Amoonguss|410\/431
|
|turn|41
|
|switch|p1a: Mandibuzz|Mandibuzz, F|108\/420
|-damage|p1a: Mandibuzz|3\/420|[from] Stealth Rock
|move|p2a: Amoonguss|Sludge Bomb|p1a: Mandibuzz
|-damage|p1a: Mandibuzz|0 fnt
|faint|p1a: Mandibuzz
|
|
|switch|p1a: Chansey|Chansey, F|204\/682
|-damage|p1a: Chansey|119\/682|[from] Stealth Rock
|turn|42
|
|switch|p2a: Hippowdon|Hippowdon, F|394\/420 tox
|-weather|Sandstorm
|move|p1a: Chansey|Soft-Boiled|p1a: Chansey
|-heal|p1a: Chansey|460\/682
|
|-weather|Sandstorm|[upkeep]
|-damage|p1a: Chansey|418\/682|[from] sandstorm
|-heal|p2a: Hippowdon|420\/420 tox|[from] item: Leftovers
|-damage|p2a: Hippowdon|394\/420 tox|[from] psn
|turn|43
|
|move|p1a: Chansey|Soft-Boiled|p1a: Chansey
|-heal|p1a: Chansey|682\/682
|move|p2a: Hippowdon|Earthquake|p1a: Chansey
|-damage|p1a: Chansey|436\/682
|
|-weather|Sandstorm|[upkeep]
|-damage|p1a: Chansey|394\/682|[from] sandstorm
|-heal|p2a: Hippowdon|420\/420 tox|[from] item: Leftovers
|-damage|p2a: Hippowdon|368\/420 tox|[from] psn
|turn|44
|
|switch|p2a: Amoonguss|Amoonguss, M|431\/431
|move|p1a: Chansey|Stealth Rock|p2a: Amoonguss
|-sidestart|p2: altariaaa|move: Stealth Rock
|
|-weather|Sandstorm|[upkeep]
|-damage|p1a: Chansey|352\/682|[from] sandstorm
|-damage|p2a: Amoonguss|405\/431|[from] sandstorm
|turn|45
|
|move|p1a: Chansey|Soft-Boiled|p1a: Chansey
|-heal|p1a: Chansey|682\/682
|move|p2a: Amoonguss|Sludge Bomb|p1a: Chansey
|-damage|p1a: Chansey|597\/682
|
|-weather|Sandstorm|[upkeep]
|-damage|p1a: Chansey|555\/682|[from] sandstorm
|-damage|p2a: Amoonguss|379\/431|[from] sandstorm
|turn|46
|
|move|p1a: Chansey|Seismic Toss|p2a: Amoonguss
|-damage|p2a: Amoonguss|279\/431
|move|p2a: Amoonguss|Sludge Bomb|p1a: Chansey
|-damage|p1a: Chansey|473\/682
|
|-weather|none
|turn|47
|
|move|p1a: Chansey|Seismic Toss|p2a: Amoonguss
|-damage|p2a: Amoonguss|179\/431
|move|p2a: Amoonguss|Sludge Bomb|p1a: Chansey
|-damage|p1a: Chansey|397\/682
|
|turn|48
|
|switch|p2a: Slowbro|Slowbro, F|394\/394
|-damage|p2a: Slowbro|345\/394|[from] Stealth Rock
|move|p1a: Chansey|Seismic Toss|p2a: Slowbro
|-damage|p2a: Slowbro|245\/394
|
|-heal|p2a: Slowbro|269\/394|[from] item: Leftovers
|turn|49
|
|switch|p2a: Amoonguss|Amoonguss, M|322\/431
|-damage|p2a: Amoonguss|269\/431|[from] Stealth Rock
|move|p1a: Chansey|Seismic Toss|p2a: Amoonguss
|-damage|p2a: Amoonguss|169\/431
|
|turn|50
|
|switch|p2a: Hippowdon|Hippowdon, F|368\/420 tox
|-damage|p2a: Hippowdon|342\/420 tox|[from] Stealth Rock
|-weather|Sandstorm
|move|p1a: Chansey|Toxic|p2a: Hippowdon
|-fail|p2a: Hippowdon|tox
|
|-weather|Sandstorm|[upkeep]
|-damage|p1a: Chansey|355\/682|[from] sandstorm
|-heal|p2a: Hippowdon|368\/420 tox|[from] item: Leftovers
|-damage|p2a: Hippowdon|342\/420 tox|[from] psn
|turn|51
|
|switch|p2a: Amoonguss|Amoonguss, M|312\/431
|-damage|p2a: Amoonguss|259\/431|[from] Stealth Rock
|move|p1a: Chansey|Soft-Boiled|p1a: Chansey
|-heal|p1a: Chansey|682\/682
|
|-weather|Sandstorm|[upkeep]
|-damage|p1a: Chansey|640\/682|[from] sandstorm
|-damage|p2a: Amoonguss|233\/431|[from] sandstorm
|turn|52
|
|switch|p1a: Tyranitar|Tyranitar, F|226\/342
|-damage|p1a: Tyranitar|184\/342|[from] Stealth Rock
|switch|p2a: Hippowdon|Hippowdon, F|342\/420 tox
|-damage|p2a: Hippowdon|316\/420 tox|[from] Stealth Rock
|
|-weather|Sandstorm|[upkeep]
|-heal|p2a: Hippowdon|342\/420 tox|[from] item: Leftovers
|-damage|p2a: Hippowdon|316\/420 tox|[from] psn
|turn|53
|
|switch|p1a: Quagsire|Quagsire, M|394\/394
|-damage|p1a: Quagsire|370\/394|[from] Stealth Rock
|switch|p2a: Excadrill|Excadrill, M|103\/374 brn
|-damage|p2a: Excadrill|92\/374 brn|[from] Stealth Rock
|
|-weather|Sandstorm|[upkeep]
|-heal|p2a: Excadrill|115\/374 brn|[from] item: Leftovers
|-heal|p1a: Quagsire|394\/394|[from] item: Leftovers
|-damage|p2a: Excadrill|69\/374 brn|[from] brn
|turn|54
|
|move|p2a: Excadrill|Rapid Spin|p1a: Quagsire
|-damage|p1a: Quagsire|383\/394
|-sideend|p2: altariaaa|Stealth Rock|[from] move: Rapid Spin|[of] p2a: Excadrill
|move|p1a: Quagsire|Scald|p2a: Excadrill
|-supereffective|p2a: Excadrill
|-damage|p2a: Excadrill|0 fnt
|faint|p2a: Excadrill
|
|-weather|none
|-heal|p1a: Quagsire|394\/394|[from] item: Leftovers
|
|switch|p2a: Amoonguss|Amoonguss, M|376\/431
|turn|55
|
|switch|p1a: Chansey|Chansey, F|640\/682
|-damage|p1a: Chansey|555\/682|[from] Stealth Rock
|move|p2a: Amoonguss|Giga Drain|p1a: Chansey
|-damage|p1a: Chansey|491\/682
|-heal|p2a: Amoonguss|408\/431|[from] drain|[of] p1a: Chansey
|
|turn|56
|
|move|p1a: Chansey|Stealth Rock|p2a: Amoonguss
|-sidestart|p2: altariaaa|move: Stealth Rock
|move|p2a: Amoonguss|Sludge Bomb|p1a: Chansey
|-damage|p1a: Chansey|406\/682
|-status|p1a: Chansey|psn
|
|-damage|p1a: Chansey|321\/682 psn|[from] psn
|turn|57
|
|switch|p2a: Hippowdon|Hippowdon, F|316\/420 tox
|-damage|p2a: Hippowdon|290\/420 tox|[from] Stealth Rock
|-weather|Sandstorm
|move|p1a: Chansey|Soft-Boiled|p1a: Chansey
|-heal|p1a: Chansey|662\/682 psn
|
|-weather|Sandstorm|[upkeep]
|-damage|p1a: Chansey|620\/682 psn|[from] sandstorm
|-heal|p2a: Hippowdon|316\/420 tox|[from] item: Leftovers
|-damage|p1a: Chansey|535\/682 psn|[from] psn
|-damage|p2a: Hippowdon|290\/420 tox|[from] psn
|turn|58
|
|switch|p1a: Quagsire|Quagsire, M|394\/394
|-damage|p1a: Quagsire|370\/394|[from] Stealth Rock
|move|p2a: Hippowdon|Slack Off|p2a: Hippowdon
|-heal|p2a: Hippowdon|420\/420 tox
|
|-weather|Sandstorm|[upkeep]
|-heal|p1a: Quagsire|394\/394|[from] item: Leftovers
|-damage|p2a: Hippowdon|368\/420 tox|[from] psn
|turn|59
|
|switch|p2a: Amoonguss|Amoonguss, M|431\/431
|-damage|p2a: Amoonguss|378\/431|[from] Stealth Rock
|move|p1a: Quagsire|Scald|p2a: Amoonguss
|-resisted|p2a: Amoonguss
|-damage|p2a: Amoonguss|358\/431
|
|-weather|Sandstorm|[upkeep]
|-damage|p2a: Amoonguss|332\/431|[from] sandstorm
|turn|60
|
|switch|p1a: Chansey|Chansey, F|535\/682
|-damage|p1a: Chansey|450\/682|[from] Stealth Rock
|move|p2a: Amoonguss|Giga Drain|p1a: Chansey
|-damage|p1a: Chansey|380\/682
|-heal|p2a: Amoonguss|367\/431|[from] drain|[of] p1a: Chansey
|
|-weather|Sandstorm|[upkeep]
|-damage|p1a: Chansey|338\/682|[from] sandstorm
|-damage|p2a: Amoonguss|341\/431|[from] sandstorm
|turn|61
|
|move|p1a: Chansey|Soft-Boiled|p1a: Chansey
|-heal|p1a: Chansey|679\/682
|move|p2a: Amoonguss|Sludge Bomb|p1a: Chansey
|-damage|p1a: Chansey|594\/682
|
|-weather|none
|turn|62
|
|move|p1a: Chansey|Seismic Toss|p2a: Amoonguss
|-damage|p2a: Amoonguss|241\/431
|move|p2a: Amoonguss|Sludge Bomb|p1a: Chansey
|-damage|p1a: Chansey|516\/682
|
|turn|63
|
|move|p1a: Chansey|Seismic Toss|p2a: Amoonguss
|-damage|p2a: Amoonguss|141\/431
|move|p2a: Amoonguss|Giga Drain|p1a: Chansey
|-damage|p1a: Chansey|449\/682
|-heal|p2a: Amoonguss|175\/431|[from] drain|[of] p1a: Chansey
|
|turn|64
|
|switch|p2a: Hippowdon|Hippowdon, F|368\/420 tox
|-damage|p2a: Hippowdon|342\/420 tox|[from] Stealth Rock
|-weather|Sandstorm
|move|p1a: Chansey|Seismic Toss|p2a: Hippowdon
|-damage|p2a: Hippowdon|242\/420 tox
|
|-weather|Sandstorm|[upkeep]
|-damage|p1a: Chansey|407\/682|[from] sandstorm
|-heal|p2a: Hippowdon|268\/420 tox|[from] item: Leftovers
|-damage|p2a: Hippowdon|242\/420 tox|[from] psn
|turn|65
|
|move|p1a: Chansey|Seismic Toss|p2a: Hippowdon
|-damage|p2a: Hippowdon|142\/420 tox
|move|p2a: Hippowdon|Slack Off|p2a: Hippowdon
|-heal|p2a: Hippowdon|352\/420 tox
|
|-weather|Sandstorm|[upkeep]
|-damage|p1a: Chansey|365\/682|[from] sandstorm
|-heal|p2a: Hippowdon|378\/420 tox|[from] item: Leftovers
|-damage|p2a: Hippowdon|326\/420 tox|[from] psn
|turn|66
|
|switch|p2a: Amoonguss|Amoonguss, M|318\/431
|-damage|p2a: Amoonguss|265\/431|[from] Stealth Rock
|move|p1a: Chansey|Soft-Boiled|p1a: Chansey
|-heal|p1a: Chansey|682\/682
|
|-weather|Sandstorm|[upkeep]
|-damage|p1a: Chansey|640\/682|[from] sandstorm
|-damage|p2a: Amoonguss|239\/431|[from] sandstorm
|turn|67
|
|switch|p2a: Slowbro|Slowbro, F|394\/394
|-damage|p2a: Slowbro|345\/394|[from] Stealth Rock
|move|p1a: Chansey|Seismic Toss|p2a: Slowbro
|-damage|p2a: Slowbro|245\/394
|
|-weather|Sandstorm|[upkeep]
|-damage|p1a: Chansey|598\/682|[from] sandstorm
|-damage|p2a: Slowbro|221\/394|[from] sandstorm
|-heal|p2a: Slowbro|245\/394|[from] item: Leftovers
|turn|68
|
|switch|p2a: Amoonguss|Amoonguss, M|382\/431
|-damage|p2a: Amoonguss|329\/431|[from] Stealth Rock
|move|p1a: Chansey|Seismic Toss|p2a: Amoonguss
|-damage|p2a: Amoonguss|229\/431
|
|-weather|none
|turn|69
|
|switch|p2a: Hippowdon|Hippowdon, F|326\/420 tox
|-damage|p2a: Hippowdon|300\/420 tox|[from] Stealth Rock
|-weather|Sandstorm
|move|p1a: Chansey|Seismic Toss|p2a: Hippowdon
|-damage|p2a: Hippowdon|200\/420 tox
|
|-weather|Sandstorm|[upkeep]
|-damage|p1a: Chansey|556\/682|[from] sandstorm
|-heal|p2a: Hippowdon|226\/420 tox|[from] item: Leftovers
|-damage|p2a: Hippowdon|200\/420 tox|[from] psn
|turn|70
|
|move|p1a: Chansey|Seismic Toss|p2a: Hippowdon
|-damage|p2a: Hippowdon|100\/420 tox
|move|p2a: Hippowdon|Slack Off|p2a: Hippowdon
|-heal|p2a: Hippowdon|310\/420 tox
|
|-weather|Sandstorm|[upkeep]
|-damage|p1a: Chansey|514\/682|[from] sandstorm
|-heal|p2a: Hippowdon|336\/420 tox|[from] item: Leftovers
|-damage|p2a: Hippowdon|284\/420 tox|[from] psn
|turn|71
|
|switch|p2a: Amoonguss|Amoonguss, M|372\/431
|-damage|p2a: Amoonguss|319\/431|[from] Stealth Rock
|move|p1a: Chansey|Seismic Toss|p2a: Amoonguss
|-damage|p2a: Amoonguss|219\/431
|
|-weather|Sandstorm|[upkeep]
|-damage|p1a: Chansey|472\/682|[from] sandstorm
|-damage|p2a: Amoonguss|193\/431|[from] sandstorm
|turn|72
|
|switch|p2a: Slowbro|Slowbro, F|376\/394
|-damage|p2a: Slowbro|327\/394|[from] Stealth Rock
|move|p1a: Chansey|Seismic Toss|p2a: Slowbro
|-damage|p2a: Slowbro|227\/394
|
|-weather|Sandstorm|[upkeep]
|-damage|p1a: Chansey|430\/682|[from] sandstorm
|-damage|p2a: Slowbro|203\/394|[from] sandstorm
|-heal|p2a: Slowbro|227\/394|[from] item: Leftovers
|turn|73
|
|switch|p2a: Amoonguss|Amoonguss, M|336\/431
|-damage|p2a: Amoonguss|283\/431|[from] Stealth Rock
|move|p1a: Chansey|Seismic Toss|p2a: Amoonguss
|-damage|p2a: Amoonguss|183\/431
|
|-weather|none
|turn|74
|
|switch|p2a: Slowbro|Slowbro, F|358\/394
|-damage|p2a: Slowbro|309\/394|[from] Stealth Rock
|move|p1a: Chansey|Seismic Toss|p2a: Slowbro
|-damage|p2a: Slowbro|209\/394
|
|-heal|p2a: Slowbro|233\/394|[from] item: Leftovers
|turn|75
|
|switch|p2a: Amoonguss|Amoonguss, M|326\/431
|-damage|p2a: Amoonguss|273\/431|[from] Stealth Rock
|move|p1a: Chansey|Seismic Toss|p2a: Amoonguss
|-damage|p2a: Amoonguss|173\/431
|
|turn|76
|
|switch|p1a: Quagsire|Quagsire, M|394\/394
|-damage|p1a: Quagsire|370\/394|[from] Stealth Rock
|switch|p2a: Slowbro|Slowbro, F|364\/394
|-damage|p2a: Slowbro|315\/394|[from] Stealth Rock
|
|-heal|p1a: Quagsire|394\/394|[from] item: Leftovers
|-heal|p2a: Slowbro|339\/394|[from] item: Leftovers
|turn|77
|
|move|p1a: Quagsire|Toxic|p2a: Slowbro|[miss]
|-miss|p1a: Quagsire|p2a: Slowbro
|move|p2a: Slowbro|Scald|p1a: Quagsire
|-damage|p1a: Quagsire|267\/394
|
|-heal|p1a: Quagsire|291\/394|[from] item: Leftovers
|-heal|p2a: Slowbro|363\/394|[from] item: Leftovers
|turn|78
|c|âdon't use mega|. . .
|
|move|p1a: Quagsire|Scald|p2a: Slowbro
|-resisted|p2a: Slowbro
|-damage|p2a: Slowbro|319\/394
|move|p2a: Slowbro|Scald|p1a: Quagsire
|-damage|p1a: Quagsire|153\/394
|
|-heal|p1a: Quagsire|177\/394|[from] item: Leftovers
|-heal|p2a: Slowbro|343\/394|[from] item: Leftovers
|turn|79
|c|âdon't use mega|is more hax
|c|âdon't use mega|oh god
|
|move|p1a: Quagsire|Recover|p1a: Quagsire
|-heal|p1a: Quagsire|374\/394
|move|p2a: Slowbro|Scald|p1a: Quagsire
|-damage|p1a: Quagsire|239\/394
|-status|p1a: Quagsire|brn
|
|-heal|p1a: Quagsire|263\/394 brn|[from] item: Leftovers
|-heal|p2a: Slowbro|367\/394|[from] item: Leftovers
|-damage|p1a: Quagsire|214\/394 brn|[from] brn
|turn|80
|c|âaltariaaa|more hax?
|c|âaltariaaa|as if iÂ´d lose without bro
|c|âaltariaaa|i just do the same i did before
|c|âdon't use mega|7 scalds and don't one burn in amoonguss
|c|âdon't use mega|1 hurricane is critic
|c|âdon't use mega|how is my critic ?
|c|âdon't use mega|never
|c|âdon't use mega|sludge bomb critic poison
|c|âdon't use mega|and others. . .
|c|âaltariaaa|who did attack more
|
|switch|p2a: Amoonguss|Amoonguss, M|316\/431
|-damage|p2a: Amoonguss|263\/431|[from] Stealth Rock
|move|p1a: Quagsire|Toxic|p2a: Amoonguss|[miss]
|-miss|p1a: Quagsire|p2a: Amoonguss
|
|-heal|p1a: Quagsire|238\/394 brn|[from] item: Leftovers
|-damage|p1a: Quagsire|189\/394 brn|[from] brn
|turn|81
|c|âaltariaaa|seismic toss cant crit ...
|c|âdon't use mega|you is noob and hax no problem
|
|move|p1a: Quagsire|Scald|p2a: Amoonguss
|-resisted|p2a: Amoonguss
|-damage|p2a: Amoonguss|243\/431
|-status|p2a: Amoonguss|brn
|move|p2a: Amoonguss|Giga Drain|p1a: Quagsire
|-supereffective|p1a: Quagsire
|-damage|p1a: Quagsire|0 fnt
|-heal|p2a: Amoonguss|338\/431 brn|[from] drain|[of] p1a: Quagsire
|faint|p1a: Quagsire
|
|-damage|p2a: Amoonguss|285\/431 brn|[from] brn
|c|âdon't use mega|kkkkk
|c|âdon't use mega|burn now
|c|âdon't use mega|asuhsauhsau pathetic
|-message|don't use mega forfeited.
|leave|don't use mega
|
|win|altariaaa
|raw|Ladder updating...
|player|p1
|raw|don&apos;t use mega's rating: 1823 &rarr; <strong>1799<\/strong><br \/>(-24 for losing)
|raw|altariaaa's rating: 1756 &rarr; <strong>1779<\/strong><br \/>(+23 for winning)
|leave|altariaaa
|player|p2