|join|Mistaken
|join|don't use mega
|player|p1|Mistaken|264
|player|p2|don't use mega|101
|gametype|singles
|gen|6
|tier|OU
|rated
|clearpoke
|poke|p1|Garchomp, F
|poke|p1|Thundurus, M
|poke|p1|Azumarill, M
|poke|p1|Landorus-Therian, M
|poke|p1|Bisharp, F
|poke|p1|Metagross, shiny
|poke|p2|Tyranitar, F
|poke|p2|Gliscor, F
|poke|p2|Chansey, F
|poke|p2|Slowbro, F
|poke|p2|Quagsire, F
|poke|p2|Mandibuzz, F
|rule|Swagger Clause: Swagger is banned
|rule|Baton Pass Clause: Limit one PokÃ©mon knowing Baton Pass
|rule|Sleep Clause Mod: Limit one foe put to sleep
|rule|Species Clause: Limit one of each PokÃ©mon
|rule|OHKO Clause: OHKO moves are banned
|rule|Moody Clause: Moody is banned
|rule|Evasion Moves Clause: Evasion moves are banned
|rule|Endless Battle Clause: Forcing endless battles is banned
|rule|HP Percentage Mod: HP is shown in percentages
|teampreview
|join|easy puzzle
|join|FunkyCrackudoCat
|c|âMistaken|yeah i can't win
|c| FunkyCrackudoCat|kkk
|
|start
|switch|p1a: Uncle Iro|Garchomp, F|357\/357
|switch|p2a: Mandibuzz|Mandibuzz, F|424\/424
|turn|1
|c| FunkyCrackudoCat|o povo ve o stall e ja fica com medo
|c| easy puzzle|lol
|raw|<div class="broadcast-red"><b>Moderated chat was set to +!<\/b><br \/>Only users of rank + and higher can talk.<\/div>
|
|move|p1a: Uncle Iro|Stealth Rock|p2a: Mandibuzz
|-sidestart|p2: don't use mega|move: Stealth Rock
|move|p2a: Mandibuzz|Taunt|p1a: Uncle Iro
|-start|p1a: Uncle Iro|move: Taunt
|
|turn|2
|
|switch|p1a: Azula|Azumarill, M|350\/350
|move|p2a: Mandibuzz|Defog|p1a: Azula
|-unboost|p1a: Azula|evasion|1
|-sideend|p2: don't use mega|Stealth Rock|[from] move: Defog|[of] p2a: Mandibuzz
|
|turn|3
|
|switch|p2a: Quagsire|Quagsire, F|394\/394
|move|p1a: Azula|Play Rough|p2a: Quagsire
|-damage|p2a: Quagsire|177\/394
|
|-heal|p2a: Quagsire|201\/394|[from] item: Leftovers
|turn|4
|
|switch|p2a: Slowbro|Slowbro, F|390\/390
|move|p1a: Azula|Play Rough|p2a: Slowbro
|-damage|p2a: Slowbro|185\/390
|
|-heal|p2a: Slowbro|209\/390|[from] item: Leftovers
|turn|5
|
|move|p1a: Azula|Play Rough|p2a: Slowbro
|-damage|p2a: Slowbro|17\/390
|move|p2a: Slowbro|Slack Off|p2a: Slowbro
|-heal|p2a: Slowbro|212\/390
|
|-heal|p2a: Slowbro|236\/390|[from] item: Leftovers
|turn|6
|
|switch|p1a: Zeus|Thundurus, M|299\/299
|move|p2a: Slowbro|Slack Off|p2a: Slowbro
|-heal|p2a: Slowbro|390\/390
|
|turn|7
|
|switch|p2a: Chansey|Chansey, F|682\/682
|move|p1a: Zeus|Focus Blast|p2a: Chansey|[miss]
|-miss|p1a: Zeus|p2a: Chansey
|
|turn|8
|
|switch|p1a: Uncle Iro|Garchomp, F|357\/357
|move|p2a: Chansey|Stealth Rock|p1a: Uncle Iro
|-sidestart|p1: Mistaken|move: Stealth Rock
|
|turn|9
|join|Dyanna
|
|switch|p2a: Quagsire|Quagsire, F|201\/394
|move|p1a: Uncle Iro|Dragon Claw|p2a: Quagsire
|-damage|p2a: Quagsire|87\/394
|
|-heal|p2a: Quagsire|111\/394|[from] item: Leftovers
|turn|10
|
|move|p1a: Uncle Iro|Earthquake|p2a: Quagsire
|-damage|p2a: Quagsire|0 fnt
|faint|p2a: Quagsire
|
|
|switch|p2a: Gliscor|Gliscor, F|350\/350
|turn|11
|
|move|p1a: Uncle Iro|Swords Dance|p1a: Uncle Iro
|-boost|p1a: Uncle Iro|atk|2
|move|p2a: Gliscor|Knock Off|p1a: Uncle Iro
|-damage|p1a: Uncle Iro|282\/357
|-damage|p2a: Gliscor|307\/350|[from] ability: Rough Skin|[of] p1a: Uncle Iro
|-damage|p2a: Gliscor|249\/350|[from] item: Rocky Helmet|[of] p1a: Uncle Iro
|-enditem|p1a: Uncle Iro|Rocky Helmet|[from] move: Knock Off|[of] p2a: Gliscor
|
|-status|p2a: Gliscor|tox|[from] item: Toxic Orb
|turn|12
|
|move|p1a: Uncle Iro|Swords Dance|p1a: Uncle Iro
|-boost|p1a: Uncle Iro|atk|2
|move|p2a: Gliscor|Earthquake|p1a: Uncle Iro
|-damage|p1a: Uncle Iro|159\/357
|
|-heal|p2a: Gliscor|292\/350 tox|[from] ability: Poison Heal
|turn|13
|
|switch|p2a: Mandibuzz|Mandibuzz, F|424\/424
|move|p1a: Uncle Iro|Dragon Claw|p2a: Mandibuzz
|-damage|p2a: Mandibuzz|121\/424
|
|-heal|p2a: Mandibuzz|147\/424|[from] item: Leftovers
|turn|14
|
|move|p1a: Uncle Iro|Dragon Claw|p2a: Mandibuzz
|-damage|p2a: Mandibuzz|0 fnt
|faint|p2a: Mandibuzz
|
|
|switch|p2a: Tyranitar|Tyranitar, F|342\/342
|-weather|Sandstorm
|turn|15
|
|move|p2a: Tyranitar|Crunch|p1a: Uncle Iro
|-damage|p1a: Uncle Iro|14\/357
|-damage|p2a: Tyranitar|300\/342|[from] ability: Rough Skin|[of] p1a: Uncle Iro
|move|p1a: Uncle Iro|Earthquake|p2a: Tyranitar
|-supereffective|p2a: Tyranitar
|-damage|p2a: Tyranitar|0 fnt
|faint|p2a: Tyranitar
|
|-weather|Sandstorm|[upkeep]
|c|âdon't use mega|min. damg
|c|âdon't use mega|. . .
|
|switch|p2a: Slowbro|Slowbro, F|390\/390
|turn|16
|
|move|p1a: Uncle Iro|Earthquake|p2a: Slowbro
|-damage|p2a: Slowbro|48\/390
|move|p2a: Slowbro|Scald|p1a: Uncle Iro
|-damage|p1a: Uncle Iro|0 fnt
|faint|p1a: Uncle Iro
|
|-weather|Sandstorm|[upkeep]
|-damage|p2a: Slowbro|24\/390|[from] sandstorm
|-heal|p2a: Slowbro|48\/390|[from] item: Leftovers
|
|switch|p1a: Azula|Azumarill, M|350\/350
|-damage|p1a: Azula|307\/350|[from] Stealth Rock
|turn|17
|
|switch|p2a: Chansey|Chansey, F|682\/682
|move|p1a: Azula|Waterfall|p2a: Chansey
|-damage|p2a: Chansey|363\/682
|
|-weather|Sandstorm|[upkeep]
|-damage|p1a: Azula|286\/350|[from] sandstorm
|-damage|p2a: Chansey|321\/682|[from] sandstorm
|turn|18
|
|switch|p1a: Son of a Bish|Bisharp, F|271\/271
|-damage|p1a: Son of a Bish|255\/271|[from] Stealth Rock
|move|p2a: Chansey|Soft-Boiled|p2a: Chansey
|-heal|p2a: Chansey|662\/682
|
|-weather|Sandstorm|[upkeep]
|-damage|p2a: Chansey|620\/682|[from] sandstorm
|turn|19
|
|switch|p1a: Azula|Azumarill, M|286\/350
|-damage|p1a: Azula|243\/350|[from] Stealth Rock
|switch|p2a: Gliscor|Gliscor, F|292\/350 tox
|
|-weather|none
|-heal|p2a: Gliscor|335\/350 tox|[from] ability: Poison Heal
|turn|20
|
|move|p2a: Gliscor|Knock Off|p1a: Azula
|-resisted|p1a: Azula
|-damage|p1a: Azula|203\/350
|-enditem|p1a: Azula|Choice Band|[from] move: Knock Off|[of] p2a: Gliscor
|move|p1a: Azula|Waterfall|p2a: Gliscor
|-supereffective|p2a: Gliscor
|-damage|p2a: Gliscor|65\/350 tox
|
|-heal|p2a: Gliscor|108\/350 tox|[from] ability: Poison Heal
|turn|21
|
|switch|p2a: Slowbro|Slowbro, F|178\/390
|move|p1a: Azula|Aqua Jet|p2a: Slowbro
|-resisted|p2a: Slowbro
|-damage|p2a: Slowbro|147\/390
|
|-heal|p2a: Slowbro|171\/390|[from] item: Leftovers
|turn|22
|join|Ivodilized
|
|move|p1a: Azula|Play Rough|p2a: Slowbro|[miss]
|-miss|p1a: Azula|p2a: Slowbro
|move|p2a: Slowbro|Slack Off|p2a: Slowbro
|-heal|p2a: Slowbro|366\/390
|
|-heal|p2a: Slowbro|390\/390|[from] item: Leftovers
|turn|23
|
|switch|p1a: Zeus|Thundurus, M|299\/299
|-damage|p1a: Zeus|225\/299|[from] Stealth Rock
|move|p2a: Slowbro|Substitute|p2a: Slowbro
|-start|p2a: Slowbro|Substitute
|-damage|p2a: Slowbro|293\/390
|
|-heal|p2a: Slowbro|317\/390|[from] item: Leftovers
|turn|24
|
|move|p1a: Zeus|Thunderbolt|p2a: Slowbro
|-supereffective|p2a: Slowbro
|-end|p2a: Slowbro|Substitute
|-damage|p1a: Zeus|196\/299|[from] item: Life Orb
|move|p2a: Slowbro|Scald|p1a: Zeus
|-damage|p1a: Zeus|91\/299
|
|-heal|p2a: Slowbro|341\/390|[from] item: Leftovers
|turn|25
|c|âdon't use mega|fuck the lag
|leave|Ivodilized
|
|switch|p2a: Chansey|Chansey, F|620\/682
|move|p1a: Zeus|Thunderbolt|p2a: Chansey
|-damage|p2a: Chansey|490\/682
|-damage|p1a: Zeus|62\/299|[from] item: Life Orb
|
|turn|26
|c|âdon't use mega|. . .
|c|âdon't use mega|zzzzzzzzzz
|
|move|p1a: Zeus|Thunder Wave|p2a: Chansey
|-status|p2a: Chansey|par
|move|p2a: Chansey|Soft-Boiled|p2a: Chansey
|-heal|p2a: Chansey|682\/682 par
|
|turn|27
|
|switch|p2a: Gliscor|Gliscor, F|108\/350 tox
|move|p1a: Zeus|Thunderbolt|p2a: Gliscor
|-immune|p2a: Gliscor|[msg]
|
|-heal|p2a: Gliscor|151\/350 tox|[from] ability: Poison Heal
|turn|28
|c|âMistaken|have i mentioned my hatred for gliscor
|
|switch|p2a: Chansey|Chansey, F|682\/682
|move|p1a: Zeus|Hidden Power|p2a: Chansey
|-damage|p2a: Chansey|630\/682
|-damage|p1a: Zeus|33\/299|[from] item: Life Orb
|
|turn|29
|
|move|p1a: Zeus|Hidden Power|p2a: Chansey
|-damage|p2a: Chansey|575\/682
|-damage|p1a: Zeus|4\/299|[from] item: Life Orb
|move|p2a: Chansey|Seismic Toss|p1a: Zeus
|-damage|p1a: Zeus|0 fnt
|faint|p1a: Zeus
|
|
|switch|p1a: Son of a Bish|Bisharp, F|255\/271
|-damage|p1a: Son of a Bish|239\/271|[from] Stealth Rock
|turn|30
|
|move|p1a: Son of a Bish|Swords Dance|p1a: Son of a Bish
|-boost|p1a: Son of a Bish|atk|2
|move|p2a: Chansey|Seismic Toss|p1a: Son of a Bish
|-damage|p1a: Son of a Bish|139\/271
|
|turn|31
|
|move|p1a: Son of a Bish|Knock Off|p2a: Chansey
|-damage|p2a: Chansey|0 fnt
|-enditem|p2a: Chansey|Eviolite|[from] move: Knock Off|[of] p1a: Son of a Bish
|-damage|p1a: Son of a Bish|112\/271|[from] item: Life Orb
|faint|p2a: Chansey
|
|
|switch|p2a: Gliscor|Gliscor, F|151\/350 tox
|turn|32
|c|âdon't use mega|. . .
|c|âMistaken|5050's
|c|âMistaken|great
|
|move|p1a: Son of a Bish|Sucker Punch|p2a: Gliscor
|-fail|p2a: Gliscor
|move|p2a: Gliscor|Roost|p2a: Gliscor
|-heal|p2a: Gliscor|326\/350 tox
|
|-heal|p2a: Gliscor|350\/350 tox|[from] ability: Poison Heal
|turn|33
|c|âMistaken|ofc
|
|move|p1a: Son of a Bish|Sucker Punch|p2a: Gliscor
|-damage|p2a: Gliscor|64\/350 tox
|-damage|p1a: Son of a Bish|85\/271|[from] item: Life Orb
|move|p2a: Gliscor|Earthquake|p1a: Son of a Bish
|-supereffective|p1a: Son of a Bish
|-damage|p1a: Son of a Bish|0 fnt
|faint|p1a: Son of a Bish
|
|-heal|p2a: Gliscor|107\/350 tox|[from] ability: Poison Heal
|c|âMistaken|this site
|
|switch|p1a: TOPH|Metagross, shiny|301\/301
|-damage|p1a: TOPH|283\/301|[from] Stealth Rock
|turn|34
|c|âMistaken|lol i lost this battle
|c|âdon't use mega|loL
|
|switch|p2a: Slowbro|Slowbro, F|390\/390
|detailschange|p1a: TOPH|Metagross-Mega, shiny
|-mega|p1a: TOPH|Metagross|Metagrossite
|move|p1a: TOPH|Ice Punch|p2a: Slowbro
|-resisted|p2a: Slowbro
|-damage|p2a: Slowbro|343\/390
|
|-heal|p2a: Slowbro|367\/390|[from] item: Leftovers
|turn|35
|c|âMistaken|do u even have a mega
|
|move|p1a: TOPH|Meteor Mash|p2a: Slowbro
|-resisted|p2a: Slowbro
|-damage|p2a: Slowbro|291\/390
|move|p2a: Slowbro|Scald|p1a: TOPH
|-damage|p1a: TOPH|192\/301
|-status|p1a: TOPH|brn
|
|-heal|p2a: Slowbro|315\/390|[from] item: Leftovers
|-damage|p1a: TOPH|155\/301 brn|[from] brn
|turn|36
|
|move|p1a: TOPH|Ice Punch|p2a: Slowbro
|-resisted|p2a: Slowbro
|-damage|p2a: Slowbro|293\/390
|move|p2a: Slowbro|Substitute|p2a: Slowbro
|-start|p2a: Slowbro|Substitute
|-damage|p2a: Slowbro|196\/390
|
|-heal|p2a: Slowbro|220\/390|[from] item: Leftovers
|-damage|p1a: TOPH|118\/301 brn|[from] brn
|turn|37
|c|âdon't use mega|what ? How mega ?
|
|switch|p1a: Azula|Azumarill, M|203\/350
|-damage|p1a: Azula|160\/350|[from] Stealth Rock
|move|p2a: Slowbro|Slack Off|p2a: Slowbro
|-heal|p2a: Slowbro|390\/390
|
|turn|38
|-message|Mistaken forfeited.
|leave|Mistaken
|join|Mistaken
|
|win|don't use mega
|raw|Ladder updating...
|player|p1
|raw|Mistaken's rating: 1623 &rarr; <strong>1612<\/strong><br \/>(-11 for losing)
|raw|don&apos;t use mega's rating: 1785 &rarr; <strong>1797<\/strong><br \/>(+12 for winning)