|join|don't use mega
|join|much professional
|player|p1|don't use mega|101
|player|p2|much professional|102
|gametype|singles
|gen|6
|tier|OU
|rated
|clearpoke
|poke|p1|Clefable, F
|poke|p1|Chansey, F
|poke|p1|Slowbro, F
|poke|p1|Zapdos
|poke|p1|Tyranitar, F
|poke|p1|Amoonguss, M
|poke|p2|Volcarona, M
|poke|p2|Sylveon, F
|poke|p2|Celebi
|poke|p2|Clefable, F
|poke|p2|Manaphy
|poke|p2|Scolipede, F
|rule|Swagger Clause: Swagger is banned
|rule|Baton Pass Clause: Limit one PokÃ©mon knowing Baton Pass
|rule|Sleep Clause Mod: Limit one foe put to sleep
|rule|Species Clause: Limit one of each PokÃ©mon
|rule|OHKO Clause: OHKO moves are banned
|rule|Moody Clause: Moody is banned
|rule|Evasion Moves Clause: Evasion moves are banned
|rule|Endless Battle Clause: Forcing endless battles is banned
|rule|HP Percentage Mod: HP is shown in percentages
|teampreview
|
|start
|switch|p1a: Zapdos|Zapdos|384\/384
|switch|p2a: Scolipede|Scolipede, F|323\/323
|-ability|p1a: Zapdos|Pressure
|turn|1
|
|move|p2a: Scolipede|Protect|p2a: Scolipede
|-singleturn|p2a: Scolipede|Protect
|move|p1a: Zapdos|Volt Switch|p2a: Scolipede
|-activate|p2a: Scolipede|Protect
|
|-boost|p2a: Scolipede|spe|1|[from] ability: Speed Boost
|turn|2
|
|move|p2a: Scolipede|Substitute|p2a: Scolipede
|-start|p2a: Scolipede|Substitute
|-damage|p2a: Scolipede|243\/323
|move|p1a: Zapdos|Volt Switch|p2a: Scolipede
|-end|p2a: Scolipede|Substitute
|
|switch|p1a: Slowbro|Slowbro, F|390\/390
|
|-boost|p2a: Scolipede|spe|1|[from] ability: Speed Boost
|turn|3
|join|Senhor Anseio
|
|move|p2a: Scolipede|Baton Pass|p2a: Scolipede
|
|switch|p2a: Celebi|Celebi|404\/404
|move|p1a: Slowbro|Psyshock|p2a: Celebi
|-resisted|p2a: Celebi
|-damage|p2a: Celebi|372\/404
|
|-heal|p2a: Celebi|397\/404|[from] item: Leftovers
|turn|4
|
|move|p2a: Celebi|Calm Mind|p2a: Celebi
|-boost|p2a: Celebi|spa|1
|-boost|p2a: Celebi|spd|1
|move|p1a: Slowbro|Trick|p2a: Celebi
|-activate|p1a: Slowbro|move: Trick|[of] p2a: Celebi
|-item|p2a: Celebi|Lagging Tail|[from] move: Trick
|-item|p1a: Slowbro|Leftovers|[from] move: Trick
|
|turn|5
|
|move|p1a: Slowbro|Trick|p2a: Celebi
|-activate|p1a: Slowbro|move: Trick|[of] p2a: Celebi
|-item|p2a: Celebi|Leftovers|[from] move: Trick
|-item|p1a: Slowbro|Lagging Tail|[from] move: Trick
|move|p2a: Celebi|Giga Drain|p1a: Slowbro
|-supereffective|p1a: Slowbro
|-damage|p1a: Slowbro|60\/390
|-heal|p2a: Celebi|404\/404|[from] drain|[of] p1a: Slowbro
|
|turn|6
|
|switch|p1a: Chansey|Chansey, F|670\/670
|move|p2a: Celebi|Giga Drain|p1a: Chansey
|-damage|p1a: Chansey|598\/670
|
|turn|7
|
|move|p2a: Celebi|Calm Mind|p2a: Celebi
|-boost|p2a: Celebi|spa|1
|-boost|p2a: Celebi|spd|1
|move|p1a: Chansey|Thunder Wave|p2a: Celebi
|-status|p2a: Celebi|par
|
|turn|8
|
|move|p1a: Chansey|Stealth Rock|p2a: Celebi
|-sidestart|p2: much professional|move: Stealth Rock
|move|p2a: Celebi|Calm Mind|p2a: Celebi
|-boost|p2a: Celebi|spa|1
|-boost|p2a: Celebi|spd|1
|
|turn|9
|
|move|p1a: Chansey|Seismic Toss|p2a: Celebi
|-damage|p2a: Celebi|304\/404 par
|move|p2a: Celebi|Heal Bell|p2a: Celebi
|-cureteam|p2a: Celebi|[from] move: HealBell
|
|-heal|p2a: Celebi|329\/404|[from] item: Leftovers
|turn|10
|
|move|p2a: Celebi|Giga Drain|p1a: Chansey
|-damage|p1a: Chansey|475\/670
|-heal|p2a: Celebi|391\/404|[from] drain|[of] p1a: Chansey
|move|p1a: Chansey|Thunder Wave|p2a: Celebi
|-status|p2a: Celebi|par
|
|-heal|p2a: Celebi|404\/404 par|[from] item: Leftovers
|turn|11
|
|move|p1a: Chansey|Seismic Toss|p2a: Celebi
|-damage|p2a: Celebi|304\/404 par
|move|p2a: Celebi|Calm Mind|p2a: Celebi
|-boost|p2a: Celebi|spa|1
|-boost|p2a: Celebi|spd|1
|
|-heal|p2a: Celebi|329\/404 par|[from] item: Leftovers
|turn|12
|
|move|p1a: Chansey|Seismic Toss|p2a: Celebi
|-damage|p2a: Celebi|229\/404 par
|move|p2a: Celebi|Giga Drain|p1a: Chansey
|-damage|p1a: Chansey|328\/670
|-heal|p2a: Celebi|303\/404 par|[from] drain|[of] p1a: Chansey
|
|-heal|p2a: Celebi|328\/404 par|[from] item: Leftovers
|turn|13
|
|switch|p1a: Amoonguss|Amoonguss, M|430\/430
|move|p2a: Celebi|Giga Drain|p1a: Amoonguss
|-resisted|p1a: Amoonguss
|-damage|p1a: Amoonguss|352\/430
|-heal|p2a: Celebi|367\/404 par|[from] drain|[of] p1a: Amoonguss
|
|-heal|p2a: Celebi|392\/404 par|[from] item: Leftovers
|-heal|p1a: Amoonguss|378\/430|[from] item: Black Sludge
|turn|14
|
|cant|p2a: Celebi|par
|move|p1a: Amoonguss|Clear Smog|p2a: Celebi
|-supereffective|p2a: Celebi
|-damage|p2a: Celebi|354\/404 par
|-clearboost|p2a: Celebi
|
|-heal|p1a: Amoonguss|404\/430|[from] item: Black Sludge
|-heal|p2a: Celebi|379\/404 par|[from] item: Leftovers
|turn|15
|
|switch|p2a: Volcarona|Volcarona, M|357\/357
|-damage|p2a: Volcarona|179\/357|[from] Stealth Rock
|move|p1a: Amoonguss|Clear Smog|p2a: Volcarona
|-damage|p2a: Volcarona|131\/357
|-clearboost|p2a: Volcarona
|
|-heal|p2a: Volcarona|153\/357|[from] item: Leftovers
|-heal|p1a: Amoonguss|430\/430|[from] item: Black Sludge
|turn|16
|
|switch|p1a: Tyranitar|Tyranitar, F|342\/342
|-weather|Sandstorm
|move|p2a: Volcarona|Quiver Dance|p2a: Volcarona
|-boost|p2a: Volcarona|spa|1
|-boost|p2a: Volcarona|spd|1
|-boost|p2a: Volcarona|spe|1
|
|-weather|Sandstorm|[upkeep]
|-damage|p2a: Volcarona|131\/357|[from] sandstorm
|-heal|p2a: Volcarona|153\/357|[from] item: Leftovers
|turn|17
|
|move|p1a: Tyranitar|Crunch|p2a: Volcarona
|-damage|p2a: Volcarona|0 fnt
|faint|p2a: Volcarona
|
|-weather|Sandstorm|[upkeep]
|
|switch|p2a: Scolipede|Scolipede, F|243\/323
|-damage|p2a: Scolipede|163\/323|[from] Stealth Rock
|turn|18
|
|switch|p1a: Zapdos|Zapdos|384\/384
|-ability|p1a: Zapdos|Pressure
|move|p2a: Scolipede|Iron Defense|p2a: Scolipede
|-boost|p2a: Scolipede|def|2
|
|-weather|Sandstorm|[upkeep]
|-damage|p2a: Scolipede|143\/323|[from] sandstorm
|-damage|p1a: Zapdos|360\/384|[from] sandstorm
|-heal|p1a: Zapdos|384\/384|[from] item: Leftovers
|-boost|p2a: Scolipede|spe|1|[from] ability: Speed Boost
|turn|19
|
|move|p2a: Scolipede|Protect|p2a: Scolipede
|-singleturn|p2a: Scolipede|Protect
|move|p1a: Zapdos|Volt Switch|p2a: Scolipede
|-activate|p2a: Scolipede|Protect
|
|-weather|Sandstorm|[upkeep]
|-damage|p2a: Scolipede|123\/323|[from] sandstorm
|-damage|p1a: Zapdos|360\/384|[from] sandstorm
|-heal|p1a: Zapdos|384\/384|[from] item: Leftovers
|-boost|p2a: Scolipede|spe|1|[from] ability: Speed Boost
|turn|20
|
|move|p2a: Scolipede|Baton Pass|p2a: Scolipede
|
|switch|p2a: Manaphy|Manaphy|404\/404
|-damage|p2a: Manaphy|354\/404|[from] Stealth Rock
|move|p1a: Zapdos|Heat Wave|p2a: Manaphy
|-resisted|p2a: Manaphy
|-damage|p2a: Manaphy|310\/404
|
|-weather|none
|-heal|p2a: Manaphy|335\/404|[from] item: Leftovers
|turn|21
|
|move|p2a: Manaphy|Tail Glow|p2a: Manaphy
|-boost|p2a: Manaphy|spa|3
|move|p1a: Zapdos|Volt Switch|p2a: Manaphy
|-supereffective|p2a: Manaphy
|-damage|p2a: Manaphy|125\/404
|
|switch|p1a: Tyranitar|Tyranitar, F|342\/342
|-weather|Sandstorm
|
|-weather|Sandstorm|[upkeep]
|-damage|p2a: Manaphy|100\/404|[from] sandstorm
|-heal|p2a: Manaphy|125\/404|[from] item: Leftovers
|turn|22
|
|switch|p1a: Slowbro|Slowbro, F|190\/390
|move|p2a: Manaphy|Scald|p1a: Slowbro
|-resisted|p1a: Slowbro
|-damage|p1a: Slowbro|1\/390
|
|-weather|Sandstorm|[upkeep]
|-damage|p2a: Manaphy|100\/404|[from] sandstorm
|-damage|p1a: Slowbro|0 fnt|[from] sandstorm
|-heal|p2a: Manaphy|125\/404|[from] item: Leftovers
|faint|p1a: Slowbro
|
|switch|p1a: Chansey|Chansey, F|328\/670
|turn|23
|
|move|p2a: Manaphy|Scald|p1a: Chansey
|-damage|p1a: Chansey|169\/670
|move|p1a: Chansey|Seismic Toss|p2a: Manaphy
|-damage|p2a: Manaphy|25\/404
|
|-weather|Sandstorm|[upkeep]
|-damage|p2a: Manaphy|0 fnt|[from] sandstorm
|-damage|p1a: Chansey|128\/670|[from] sandstorm
|faint|p2a: Manaphy
|
|switch|p2a: Scolipede|Scolipede, F|123\/323
|-damage|p2a: Scolipede|43\/323|[from] Stealth Rock
|turn|24
|
|move|p2a: Scolipede|Iron Defense|p2a: Scolipede
|-boost|p2a: Scolipede|def|2
|move|p1a: Chansey|Seismic Toss|p2a: Scolipede
|-damage|p2a: Scolipede|0 fnt
|faint|p2a: Scolipede
|
|-weather|Sandstorm|[upkeep]
|-damage|p1a: Chansey|87\/670|[from] sandstorm
|
|switch|p2a: Sylveon|Sylveon, F|394\/394
|-damage|p2a: Sylveon|345\/394|[from] Stealth Rock
|turn|25
|
|move|p2a: Sylveon|Calm Mind|p2a: Sylveon
|-boost|p2a: Sylveon|spa|1
|-boost|p2a: Sylveon|spd|1
|move|p1a: Chansey|Thunder Wave|p2a: Sylveon
|-status|p2a: Sylveon|par
|
|-weather|none
|-heal|p2a: Sylveon|369\/394 par|[from] item: Leftovers
|turn|26
|
|move|p1a: Chansey|Soft-Boiled|p1a: Chansey
|-heal|p1a: Chansey|422\/670
|move|p2a: Sylveon|Calm Mind|p2a: Sylveon
|-boost|p2a: Sylveon|spa|1
|-boost|p2a: Sylveon|spd|1
|
|-heal|p2a: Sylveon|393\/394 par|[from] item: Leftovers
|turn|27
|
|move|p1a: Chansey|Seismic Toss|p2a: Sylveon
|-damage|p2a: Sylveon|293\/394 par
|move|p2a: Sylveon|Calm Mind|p2a: Sylveon
|-boost|p2a: Sylveon|spa|1
|-boost|p2a: Sylveon|spd|1
|
|-heal|p2a: Sylveon|317\/394 par|[from] item: Leftovers
|turn|28
|
|move|p1a: Chansey|Seismic Toss|p2a: Sylveon
|-damage|p2a: Sylveon|217\/394 par
|move|p2a: Sylveon|Wish|p2a: Sylveon
|
|-heal|p2a: Sylveon|241\/394 par|[from] item: Leftovers
|turn|29
|
|move|p1a: Chansey|Seismic Toss|p2a: Sylveon
|-damage|p2a: Sylveon|141\/394 par
|move|p2a: Sylveon|Calm Mind|p2a: Sylveon
|-boost|p2a: Sylveon|spa|1
|-boost|p2a: Sylveon|spd|1
|
|-heal|p2a: Sylveon|338\/394 par|[from] move: Wish|[wisher] Sylveon
|-heal|p2a: Sylveon|362\/394 par|[from] item: Leftovers
|turn|30
|
|move|p1a: Chansey|Seismic Toss|p2a: Sylveon
|-damage|p2a: Sylveon|262\/394 par
|cant|p2a: Sylveon|par
|
|-heal|p2a: Sylveon|286\/394 par|[from] item: Leftovers
|turn|31
|
|move|p1a: Chansey|Seismic Toss|p2a: Sylveon
|-damage|p2a: Sylveon|186\/394 par
|move|p2a: Sylveon|Wish|p2a: Sylveon
|
|-heal|p2a: Sylveon|210\/394 par|[from] item: Leftovers
|turn|32
|
|move|p1a: Chansey|Seismic Toss|p2a: Sylveon
|-damage|p2a: Sylveon|110\/394 par
|move|p2a: Sylveon|Hyper Voice|p1a: Chansey
|-damage|p1a: Chansey|112\/670
|
|-heal|p2a: Sylveon|307\/394 par|[from] move: Wish|[wisher] Sylveon
|-heal|p2a: Sylveon|331\/394 par|[from] item: Leftovers
|turn|33
|join|FunkyCrackudoCat
|
|move|p1a: Chansey|Soft-Boiled|p1a: Chansey
|-heal|p1a: Chansey|447\/670
|move|p2a: Sylveon|Wish|p2a: Sylveon
|
|-heal|p2a: Sylveon|355\/394 par|[from] item: Leftovers
|turn|34
|
|switch|p1a: Zapdos|Zapdos|384\/384
|-ability|p1a: Zapdos|Pressure
|move|p2a: Sylveon|Hyper Voice|p1a: Zapdos
|-damage|p1a: Zapdos|0 fnt
|faint|p1a: Zapdos
|
|-heal|p2a: Sylveon|394\/394 par|[from] move: Wish|[wisher] Sylveon
|
|switch|p1a: Amoonguss|Amoonguss, M|430\/430
|turn|35
|
|move|p1a: Amoonguss|Clear Smog|p2a: Sylveon
|-supereffective|p2a: Sylveon
|-damage|p2a: Sylveon|362\/394 par
|-clearboost|p2a: Sylveon
|move|p2a: Sylveon|Calm Mind|p2a: Sylveon
|-boost|p2a: Sylveon|spa|1
|-boost|p2a: Sylveon|spd|1
|
|-heal|p2a: Sylveon|386\/394 par|[from] item: Leftovers
|turn|36
|
|move|p1a: Amoonguss|Clear Smog|p2a: Sylveon
|-supereffective|p2a: Sylveon
|-damage|p2a: Sylveon|330\/394 par
|-clearboost|p2a: Sylveon
|move|p2a: Sylveon|Calm Mind|p2a: Sylveon
|-boost|p2a: Sylveon|spa|1
|-boost|p2a: Sylveon|spd|1
|
|-heal|p2a: Sylveon|354\/394 par|[from] item: Leftovers
|turn|37
|
|move|p1a: Amoonguss|Clear Smog|p2a: Sylveon
|-supereffective|p2a: Sylveon
|-damage|p2a: Sylveon|300\/394 par
|-clearboost|p2a: Sylveon
|move|p2a: Sylveon|Calm Mind|p2a: Sylveon
|-boost|p2a: Sylveon|spa|1
|-boost|p2a: Sylveon|spd|1
|
|-heal|p2a: Sylveon|324\/394 par|[from] item: Leftovers
|turn|38
|
|move|p1a: Amoonguss|Clear Smog|p2a: Sylveon
|-supereffective|p2a: Sylveon
|-damage|p2a: Sylveon|268\/394 par
|-clearboost|p2a: Sylveon
|move|p2a: Sylveon|Calm Mind|p2a: Sylveon
|-boost|p2a: Sylveon|spa|1
|-boost|p2a: Sylveon|spd|1
|
|-heal|p2a: Sylveon|292\/394 par|[from] item: Leftovers
|turn|39
|
|move|p1a: Amoonguss|Clear Smog|p2a: Sylveon
|-supereffective|p2a: Sylveon
|-damage|p2a: Sylveon|236\/394 par
|-clearboost|p2a: Sylveon
|move|p2a: Sylveon|Calm Mind|p2a: Sylveon
|-boost|p2a: Sylveon|spa|1
|-boost|p2a: Sylveon|spd|1
|
|-heal|p2a: Sylveon|260\/394 par|[from] item: Leftovers
|turn|40
|
|move|p1a: Amoonguss|Clear Smog|p2a: Sylveon
|-supereffective|p2a: Sylveon
|-damage|p2a: Sylveon|206\/394 par
|-clearboost|p2a: Sylveon
|move|p2a: Sylveon|Wish|p2a: Sylveon
|
|-heal|p2a: Sylveon|230\/394 par|[from] item: Leftovers
|turn|41
|
|move|p1a: Amoonguss|Clear Smog|p2a: Sylveon
|-supereffective|p2a: Sylveon
|-damage|p2a: Sylveon|150\/394 par
|-clearboost|p2a: Sylveon
|move|p2a: Sylveon|Calm Mind|p2a: Sylveon
|-boost|p2a: Sylveon|spa|1
|-boost|p2a: Sylveon|spd|1
|
|-heal|p2a: Sylveon|347\/394 par|[from] move: Wish|[wisher] Sylveon
|-heal|p2a: Sylveon|371\/394 par|[from] item: Leftovers
|turn|42
|
|move|p1a: Amoonguss|Clear Smog|p2a: Sylveon
|-supereffective|p2a: Sylveon
|-damage|p2a: Sylveon|315\/394 par
|-clearboost|p2a: Sylveon
|move|p2a: Sylveon|Calm Mind|p2a: Sylveon
|-boost|p2a: Sylveon|spa|1
|-boost|p2a: Sylveon|spd|1
|
|-heal|p2a: Sylveon|339\/394 par|[from] item: Leftovers
|turn|43
|
|move|p1a: Amoonguss|Clear Smog|p2a: Sylveon
|-supereffective|p2a: Sylveon
|-damage|p2a: Sylveon|289\/394 par
|-clearboost|p2a: Sylveon
|move|p2a: Sylveon|Calm Mind|p2a: Sylveon
|-boost|p2a: Sylveon|spa|1
|-boost|p2a: Sylveon|spd|1
|
|-heal|p2a: Sylveon|313\/394 par|[from] item: Leftovers
|turn|44
|
|move|p1a: Amoonguss|Clear Smog|p2a: Sylveon
|-crit|p2a: Sylveon
|-supereffective|p2a: Sylveon
|-damage|p2a: Sylveon|193\/394 par
|-clearboost|p2a: Sylveon
|move|p2a: Sylveon|Calm Mind|p2a: Sylveon
|-boost|p2a: Sylveon|spa|1
|-boost|p2a: Sylveon|spd|1
|
|-heal|p2a: Sylveon|217\/394 par|[from] item: Leftovers
|turn|45
|
|move|p1a: Amoonguss|Clear Smog|p2a: Sylveon
|-supereffective|p2a: Sylveon
|-damage|p2a: Sylveon|163\/394 par
|-clearboost|p2a: Sylveon
|move|p2a: Sylveon|Wish|p2a: Sylveon
|
|-heal|p2a: Sylveon|187\/394 par|[from] item: Leftovers
|turn|46
|
|switch|p1a: Clefable|Clefable, F|392\/392
|cant|p2a: Sylveon|par
|
|-heal|p2a: Sylveon|384\/394 par|[from] move: Wish|[wisher] Sylveon
|-heal|p2a: Sylveon|394\/394 par|[from] item: Leftovers
|turn|47
|
|move|p1a: Clefable|Knock Off|p2a: Sylveon
|-resisted|p2a: Sylveon
|-damage|p2a: Sylveon|362\/394 par
|-enditem|p2a: Sylveon|Leftovers|[from] move: Knock Off|[of] p1a: Clefable
|move|p2a: Sylveon|Calm Mind|p2a: Sylveon
|-boost|p2a: Sylveon|spa|1
|-boost|p2a: Sylveon|spd|1
|
|turn|48
|
|move|p1a: Clefable|Calm Mind|p1a: Clefable
|-boost|p1a: Clefable|spa|1
|-boost|p1a: Clefable|spd|1
|move|p2a: Sylveon|Calm Mind|p2a: Sylveon
|-boost|p2a: Sylveon|spa|1
|-boost|p2a: Sylveon|spd|1
|
|turn|49
|
|move|p1a: Clefable|Calm Mind|p1a: Clefable
|-boost|p1a: Clefable|spa|1
|-boost|p1a: Clefable|spd|1
|move|p2a: Sylveon|Calm Mind|p2a: Sylveon
|-boost|p2a: Sylveon|spa|1
|-boost|p2a: Sylveon|spd|1
|
|turn|50
|
|move|p1a: Clefable|Calm Mind|p1a: Clefable
|-boost|p1a: Clefable|spa|1
|-boost|p1a: Clefable|spd|1
|move|p2a: Sylveon|Calm Mind|p2a: Sylveon
|-boost|p2a: Sylveon|spa|1
|-boost|p2a: Sylveon|spd|1
|
|turn|51
|
|move|p1a: Clefable|Calm Mind|p1a: Clefable
|-boost|p1a: Clefable|spa|1
|-boost|p1a: Clefable|spd|1
|move|p2a: Sylveon|Calm Mind|p2a: Sylveon
|-boost|p2a: Sylveon|spa|1
|-boost|p2a: Sylveon|spd|1
|
|turn|52
|
|move|p1a: Clefable|Calm Mind|p1a: Clefable
|-boost|p1a: Clefable|spa|1
|-boost|p1a: Clefable|spd|1
|move|p2a: Sylveon|Stored Power|p1a: Clefable
|-damage|p1a: Clefable|155\/392
|
|turn|53
|
|move|p1a: Clefable|Soft-Boiled|p1a: Clefable
|-heal|p1a: Clefable|351\/392
|move|p2a: Sylveon|Stored Power|p1a: Clefable
|-damage|p1a: Clefable|98\/392
|
|turn|54
|
|move|p1a: Clefable|Moonblast|p2a: Sylveon
|-damage|p2a: Sylveon|272\/394 par
|cant|p2a: Sylveon|par
|
|turn|55
|
|move|p1a: Clefable|Moonblast|p2a: Sylveon
|-damage|p2a: Sylveon|193\/394 par
|move|p2a: Sylveon|Stored Power|p1a: Clefable
|-damage|p1a: Clefable|0 fnt
|faint|p1a: Clefable
|
|c| FunkyCrackudoCat|eita stall
|
|switch|p1a: Amoonguss|Amoonguss, M|430\/430
|turn|56
|
|move|p1a: Amoonguss|Clear Smog|p2a: Sylveon
|-supereffective|p2a: Sylveon
|-damage|p2a: Sylveon|169\/394 par
|-clearboost|p2a: Sylveon
|move|p2a: Sylveon|Wish|p2a: Sylveon
|
|turn|57
|
|move|p1a: Amoonguss|Clear Smog|p2a: Sylveon
|-supereffective|p2a: Sylveon
|-damage|p2a: Sylveon|83\/394 par
|-clearboost|p2a: Sylveon
|move|p2a: Sylveon|Calm Mind|p2a: Sylveon
|-boost|p2a: Sylveon|spa|1
|-boost|p2a: Sylveon|spd|1
|
|-heal|p2a: Sylveon|280\/394 par|[from] move: Wish|[wisher] Sylveon
|turn|58
|
|move|p1a: Amoonguss|Clear Smog|p2a: Sylveon
|-supereffective|p2a: Sylveon
|-damage|p2a: Sylveon|230\/394 par
|-clearboost|p2a: Sylveon
|move|p2a: Sylveon|Wish|p2a: Sylveon
|
|turn|59
|c|âdon't use mega|cara
|c|âdon't use mega|n da 1 paralize
|c|âdon't use mega|Ãºtil
|
|move|p1a: Amoonguss|Giga Drain|p2a: Sylveon
|-damage|p2a: Sylveon|167\/394 par
|move|p2a: Sylveon|Calm Mind|p2a: Sylveon
|-boost|p2a: Sylveon|spa|1
|-boost|p2a: Sylveon|spd|1
|
|-heal|p2a: Sylveon|364\/394 par|[from] move: Wish|[wisher] Sylveon
|turn|60
|c| FunkyCrackudoCat|vdd
|
|move|p1a: Amoonguss|Giga Drain|p2a: Sylveon
|-damage|p2a: Sylveon|324\/394 par
|cant|p2a: Sylveon|par
|
|turn|61
|
|move|p1a: Amoonguss|Giga Drain|p2a: Sylveon
|-damage|p2a: Sylveon|285\/394 par
|move|p2a: Sylveon|Calm Mind|p2a: Sylveon
|-boost|p2a: Sylveon|spa|1
|-boost|p2a: Sylveon|spd|1
|
|turn|62
|
|move|p1a: Amoonguss|Clear Smog|p2a: Sylveon
|-crit|p2a: Sylveon
|-supereffective|p2a: Sylveon
|-damage|p2a: Sylveon|159\/394 par
|-clearboost|p2a: Sylveon
|move|p2a: Sylveon|Calm Mind|p2a: Sylveon
|-boost|p2a: Sylveon|spa|1
|-boost|p2a: Sylveon|spd|1
|
|turn|63
|c| FunkyCrackudoCat|oia so
|c| FunkyCrackudoCat|que loucura
|
|move|p1a: Amoonguss|Clear Smog|p2a: Sylveon
|-supereffective|p2a: Sylveon
|-damage|p2a: Sylveon|103\/394 par
|-clearboost|p2a: Sylveon
|cant|p2a: Sylveon|par
|
|turn|64
|
|move|p1a: Amoonguss|Clear Smog|p2a: Sylveon
|-supereffective|p2a: Sylveon
|-damage|p2a: Sylveon|13\/394 par
|-clearboost|p2a: Sylveon
|cant|p2a: Sylveon|par
|
|turn|65
|
|move|p1a: Amoonguss|Giga Drain|p2a: Sylveon
|-damage|p2a: Sylveon|0 fnt
|faint|p2a: Sylveon
|
|c|âdon't use mega|aleuia
|
|switch|p2a: Clefable|Clefable, F|394\/394
|-damage|p2a: Clefable|345\/394|[from] Stealth Rock
|turn|66
|c| FunkyCrackudoCat|hue
|
|move|p2a: Clefable|Calm Mind|p2a: Clefable
|-boost|p2a: Clefable|spa|1
|-boost|p2a: Clefable|spd|1
|move|p1a: Amoonguss|Spore|p2a: Clefable
|-status|p2a: Clefable|slp
|
|-heal|p2a: Clefable|369\/394 slp|[from] item: Leftovers
|turn|67
|
|cant|p2a: Clefable|slp
|move|p1a: Amoonguss|Clear Smog|p2a: Clefable
|-supereffective|p2a: Clefable
|-damage|p2a: Clefable|301\/394 slp
|-clearboost|p2a: Clefable
|
|-heal|p2a: Clefable|325\/394 slp|[from] item: Leftovers
|turn|68
|c| FunkyCrackudoCat|oia so que safado
|c| FunkyCrackudoCat|:v
|
|switch|p1a: Tyranitar|Tyranitar, F|342\/342
|-weather|Sandstorm
|cant|p2a: Clefable|slp
|
|-weather|Sandstorm|[upkeep]
|-damage|p2a: Clefable|301\/394 slp|[from] sandstorm
|-heal|p2a: Clefable|325\/394 slp|[from] item: Leftovers
|turn|69
|
|switch|p2a: Celebi|Celebi|379\/404
|-damage|p2a: Celebi|329\/404|[from] Stealth Rock
|move|p1a: Tyranitar|Stone Edge|p2a: Celebi
|-damage|p2a: Celebi|182\/404
|
|-weather|Sandstorm|[upkeep]
|-damage|p2a: Celebi|157\/404|[from] sandstorm
|-heal|p2a: Celebi|182\/404|[from] item: Leftovers
|turn|70
|c|âdon't use mega|mano o cara n faz outra coisa
|c|âdon't use mega|sÃ³ isso. . .
|
|move|p1a: Tyranitar|Stone Edge|p2a: Celebi|[miss]
|-miss|p1a: Tyranitar|p2a: Celebi
|move|p2a: Celebi|Recover|p2a: Celebi
|-heal|p2a: Celebi|384\/404
|
|-weather|Sandstorm|[upkeep]
|-damage|p2a: Celebi|359\/404|[from] sandstorm
|-heal|p2a: Celebi|384\/404|[from] item: Leftovers
|turn|71
|c|âdon't use mega|mt noob
|c| FunkyCrackudoCat|vdd
|
|switch|p1a: Chansey|Chansey, F|447\/670
|move|p2a: Celebi|Calm Mind|p2a: Celebi
|-boost|p2a: Celebi|spa|1
|-boost|p2a: Celebi|spd|1
|
|-weather|Sandstorm|[upkeep]
|-damage|p2a: Celebi|359\/404|[from] sandstorm
|-damage|p1a: Chansey|406\/670|[from] sandstorm
|-heal|p2a: Celebi|384\/404|[from] item: Leftovers
|turn|72
|
|move|p2a: Celebi|Calm Mind|p2a: Celebi
|-boost|p2a: Celebi|spa|1
|-boost|p2a: Celebi|spd|1
|move|p1a: Chansey|Thunder Wave|p2a: Celebi
|-status|p2a: Celebi|par
|
|-weather|none
|-heal|p2a: Celebi|404\/404 par|[from] item: Leftovers
|turn|73
|
|move|p1a: Chansey|Seismic Toss|p2a: Celebi
|-damage|p2a: Celebi|304\/404 par
|move|p2a: Celebi|Giga Drain|p1a: Chansey
|-damage|p1a: Chansey|313\/670
|-heal|p2a: Celebi|351\/404 par|[from] drain|[of] p1a: Chansey
|
|-heal|p2a: Celebi|376\/404 par|[from] item: Leftovers
|turn|74
|
|switch|p2a: Clefable|Clefable, F|325\/394 slp
|-damage|p2a: Clefable|276\/394 slp|[from] Stealth Rock
|move|p1a: Chansey|Seismic Toss|p2a: Clefable
|-damage|p2a: Clefable|176\/394 slp
|
|-heal|p2a: Clefable|200\/394 slp|[from] item: Leftovers
|turn|75
|
|switch|p1a: Tyranitar|Tyranitar, F|342\/342
|-weather|Sandstorm
|-curestatus|p2a: Clefable|slp
|move|p2a: Clefable|Moonlight|p2a: Clefable
|-heal|p2a: Clefable|298\/394
|
|-weather|Sandstorm|[upkeep]
|-damage|p2a: Clefable|274\/394|[from] sandstorm
|-heal|p2a: Clefable|298\/394|[from] item: Leftovers
|turn|76
|
|move|p1a: Tyranitar|Stone Edge|p2a: Clefable
|-damage|p2a: Clefable|124\/394
|move|p2a: Clefable|Moonblast|p1a: Tyranitar
|-supereffective|p1a: Tyranitar
|-damage|p1a: Tyranitar|196\/342
|
|-weather|Sandstorm|[upkeep]
|-damage|p2a: Clefable|100\/394|[from] sandstorm
|-heal|p2a: Clefable|124\/394|[from] item: Leftovers
|turn|77
|c| FunkyCrackudoCat|so calm mind?
|c|âdon't use mega|s
|
|switch|p2a: Celebi|Celebi|376\/404
|-damage|p2a: Celebi|326\/404|[from] Stealth Rock
|move|p1a: Tyranitar|Stone Edge|p2a: Celebi
|-damage|p2a: Celebi|199\/404
|
|-weather|Sandstorm|[upkeep]
|-damage|p2a: Celebi|174\/404|[from] sandstorm
|-heal|p2a: Celebi|199\/404|[from] item: Leftovers
|turn|78
|c|âdon't use mega|eu fico besta
|c|âdon't use mega|como o cara pode ser tÃ£o imprestÃ¡vel
|c|âdon't use mega|kkk
|
|move|p1a: Tyranitar|Stone Edge|p2a: Celebi|[miss]
|-miss|p1a: Tyranitar|p2a: Celebi
|move|p2a: Celebi|Recover|p2a: Celebi
|-heal|p2a: Celebi|401\/404
|
|-weather|Sandstorm|[upkeep]
|-damage|p2a: Celebi|376\/404|[from] sandstorm
|-heal|p2a: Celebi|401\/404|[from] item: Leftovers
|turn|79
|
|switch|p1a: Chansey|Chansey, F|313\/670
|move|p2a: Celebi|Giga Drain|p1a: Chansey
|-damage|p1a: Chansey|261\/670
|-heal|p2a: Celebi|404\/404|[from] drain|[of] p1a: Chansey
|
|-weather|none
|turn|80
|
|move|p2a: Celebi|Calm Mind|p2a: Celebi
|-boost|p2a: Celebi|spa|1
|-boost|p2a: Celebi|spd|1
|move|p1a: Chansey|Thunder Wave|p2a: Celebi
|-status|p2a: Celebi|par
|
|turn|81
|
|move|p1a: Chansey|Soft-Boiled|p1a: Chansey
|-heal|p1a: Chansey|596\/670
|move|p2a: Celebi|Calm Mind|p2a: Celebi
|-boost|p2a: Celebi|spa|1
|-boost|p2a: Celebi|spd|1
|
|turn|82
|
|move|p1a: Chansey|Seismic Toss|p2a: Celebi
|-damage|p2a: Celebi|304\/404 par
|move|p2a: Celebi|Calm Mind|p2a: Celebi
|-boost|p2a: Celebi|spa|1
|-boost|p2a: Celebi|spd|1
|
|-heal|p2a: Celebi|329\/404 par|[from] item: Leftovers
|turn|83
|
|move|p1a: Chansey|Seismic Toss|p2a: Celebi
|-damage|p2a: Celebi|229\/404 par
|move|p2a: Celebi|Heal Bell|p2a: Celebi
|-cureteam|p2a: Celebi|[from] move: HealBell
|
|-heal|p2a: Celebi|254\/404|[from] item: Leftovers
|turn|84
|
|move|p2a: Celebi|Giga Drain|p1a: Chansey
|-damage|p1a: Chansey|472\/670
|-heal|p2a: Celebi|316\/404|[from] drain|[of] p1a: Chansey
|move|p1a: Chansey|Seismic Toss|p2a: Celebi
|-damage|p2a: Celebi|216\/404
|
|-heal|p2a: Celebi|241\/404|[from] item: Leftovers
|turn|85
|
|move|p2a: Celebi|Giga Drain|p1a: Chansey
|-damage|p1a: Chansey|357\/670
|-heal|p2a: Celebi|299\/404|[from] drain|[of] p1a: Chansey
|move|p1a: Chansey|Thunder Wave|p2a: Celebi
|-status|p2a: Celebi|par
|
|-heal|p2a: Celebi|324\/404 par|[from] item: Leftovers
|turn|86
|
|move|p1a: Chansey|Seismic Toss|p2a: Celebi
|-damage|p2a: Celebi|224\/404 par
|move|p2a: Celebi|Giga Drain|p1a: Chansey
|-damage|p1a: Chansey|227\/670
|-heal|p2a: Celebi|289\/404 par|[from] drain|[of] p1a: Chansey
|
|-heal|p2a: Celebi|314\/404 par|[from] item: Leftovers
|turn|87
|c| FunkyCrackudoCat|como ele chegou na ladder alta isso sim
|
|move|p1a: Chansey|Soft-Boiled|p1a: Chansey
|-heal|p1a: Chansey|562\/670
|move|p2a: Celebi|Giga Drain|p1a: Chansey
|-damage|p1a: Chansey|429\/670
|-heal|p2a: Celebi|381\/404 par|[from] drain|[of] p1a: Chansey
|
|-heal|p2a: Celebi|404\/404 par|[from] item: Leftovers
|turn|88
|
|move|p1a: Chansey|Seismic Toss|p2a: Celebi
|-damage|p2a: Celebi|304\/404 par
|move|p2a: Celebi|Calm Mind|p2a: Celebi
|-boost|p2a: Celebi|spa|1
|-boost|p2a: Celebi|spd|1
|
|-heal|p2a: Celebi|329\/404 par|[from] item: Leftovers
|turn|89
|
|move|p1a: Chansey|Seismic Toss|p2a: Celebi
|-damage|p2a: Celebi|229\/404 par
|cant|p2a: Celebi|par
|
|-heal|p2a: Celebi|254\/404 par|[from] item: Leftovers
|turn|90
|
|move|p1a: Chansey|Seismic Toss|p2a: Celebi
|-damage|p2a: Celebi|154\/404 par
|move|p2a: Celebi|Giga Drain|p1a: Chansey
|-damage|p1a: Chansey|270\/670
|-heal|p2a: Celebi|234\/404 par|[from] drain|[of] p1a: Chansey
|
|-heal|p2a: Celebi|259\/404 par|[from] item: Leftovers
|turn|91
|
|move|p1a: Chansey|Seismic Toss|p2a: Celebi
|-damage|p2a: Celebi|159\/404 par
|move|p2a: Celebi|Calm Mind|p2a: Celebi
|-boost|p2a: Celebi|spa|1
|-boost|p2a: Celebi|spd|1
|
|-heal|p2a: Celebi|184\/404 par|[from] item: Leftovers
|turn|92
|
|move|p1a: Chansey|Seismic Toss|p2a: Celebi
|-damage|p2a: Celebi|84\/404 par
|move|p2a: Celebi|Heal Bell|p2a: Celebi
|-cureteam|p2a: Celebi|[from] move: HealBell
|
|-heal|p2a: Celebi|109\/404|[from] item: Leftovers
|turn|93
|
|switch|p1a: Amoonguss|Amoonguss, M|430\/430
|move|p2a: Celebi|Giga Drain|p1a: Amoonguss
|-resisted|p1a: Amoonguss
|-damage|p1a: Amoonguss|343\/430
|-heal|p2a: Celebi|153\/404|[from] drain|[of] p1a: Amoonguss
|
|-heal|p2a: Celebi|178\/404|[from] item: Leftovers
|-heal|p1a: Amoonguss|369\/430|[from] item: Black Sludge
|turn|94
|c|âdon't use mega|n da 1 paralize
|
|move|p2a: Celebi|Recover|p2a: Celebi
|-heal|p2a: Celebi|380\/404
|move|p1a: Amoonguss|Clear Smog|p2a: Celebi
|-supereffective|p2a: Celebi
|-damage|p2a: Celebi|348\/404
|-clearboost|p2a: Celebi
|
|-heal|p2a: Celebi|373\/404|[from] item: Leftovers
|-heal|p1a: Amoonguss|395\/430|[from] item: Black Sludge
|turn|95
|c|âdon't use mega|de gosto
|
|switch|p1a: Chansey|Chansey, F|270\/670
|move|p2a: Celebi|Calm Mind|p2a: Celebi
|-boost|p2a: Celebi|spa|1
|-boost|p2a: Celebi|spd|1
|
|-heal|p2a: Celebi|398\/404|[from] item: Leftovers
|turn|96
|
|move|p2a: Celebi|Calm Mind|p2a: Celebi
|-boost|p2a: Celebi|spa|1
|-boost|p2a: Celebi|spd|1
|move|p1a: Chansey|Soft-Boiled|p1a: Chansey
|-heal|p1a: Chansey|605\/670
|
|-heal|p2a: Celebi|404\/404|[from] item: Leftovers
|turn|97
|
|move|p2a: Celebi|Calm Mind|p2a: Celebi
|-boost|p2a: Celebi|spa|1
|-boost|p2a: Celebi|spd|1
|move|p1a: Chansey|Thunder Wave|p2a: Celebi
|-status|p2a: Celebi|par
|
|turn|98
|
|move|p1a: Chansey|Seismic Toss|p2a: Celebi
|-damage|p2a: Celebi|304\/404 par
|move|p2a: Celebi|Calm Mind|p2a: Celebi
|-boost|p2a: Celebi|spa|1
|-boost|p2a: Celebi|spd|1
|
|-heal|p2a: Celebi|329\/404 par|[from] item: Leftovers
|turn|99
|
|move|p1a: Chansey|Seismic Toss|p2a: Celebi
|-damage|p2a: Celebi|229\/404 par
|move|p2a: Celebi|Giga Drain|p1a: Chansey
|-damage|p1a: Chansey|467\/670
|-heal|p2a: Celebi|298\/404 par|[from] drain|[of] p1a: Chansey
|
|-heal|p2a: Celebi|323\/404 par|[from] item: Leftovers
|turn|100
|c| FunkyCrackudoCat|n adianta se buffar
|
|move|p1a: Chansey|Seismic Toss|p2a: Celebi
|-damage|p2a: Celebi|223\/404 par
|move|p2a: Celebi|Giga Drain|p1a: Chansey
|-damage|p1a: Chansey|329\/670
|-heal|p2a: Celebi|292\/404 par|[from] drain|[of] p1a: Chansey
|
|-heal|p2a: Celebi|317\/404 par|[from] item: Leftovers
|turn|101
|c| FunkyCrackudoCat|cara burro
|
|move|p1a: Chansey|Seismic Toss|p2a: Celebi
|-damage|p2a: Celebi|217\/404 par
|move|p2a: Celebi|Giga Drain|p1a: Chansey
|-damage|p1a: Chansey|184\/670
|-heal|p2a: Celebi|290\/404 par|[from] drain|[of] p1a: Chansey
|
|-heal|p2a: Celebi|315\/404 par|[from] item: Leftovers
|turn|102
|
|switch|p2a: Clefable|Clefable, F|124\/394
|-damage|p2a: Clefable|75\/394|[from] Stealth Rock
|move|p1a: Chansey|Soft-Boiled|p1a: Chansey
|-heal|p1a: Chansey|519\/670
|
|-heal|p2a: Clefable|99\/394|[from] item: Leftovers
|turn|103
|
|move|p2a: Clefable|Moonblast|p1a: Chansey
|-damage|p1a: Chansey|453\/670
|move|p1a: Chansey|Thunder Wave|p2a: Clefable
|-status|p2a: Clefable|par
|
|-heal|p2a: Clefable|123\/394 par|[from] item: Leftovers
|turn|104
|
|move|p1a: Chansey|Seismic Toss|p2a: Clefable
|-damage|p2a: Clefable|23\/394 par
|move|p2a: Clefable|Moonlight|p2a: Clefable
|-heal|p2a: Clefable|220\/394 par
|
|-heal|p2a: Clefable|244\/394 par|[from] item: Leftovers
|turn|105
|
|move|p1a: Chansey|Seismic Toss|p2a: Clefable
|-damage|p2a: Clefable|144\/394 par
|move|p2a: Clefable|Moonlight|p2a: Clefable
|-heal|p2a: Clefable|341\/394 par
|
|-heal|p2a: Clefable|365\/394 par|[from] item: Leftovers
|turn|106
|
|switch|p2a: Celebi|Celebi|315\/404
|-damage|p2a: Celebi|265\/404|[from] Stealth Rock
|move|p1a: Chansey|Seismic Toss|p2a: Celebi
|-damage|p2a: Celebi|165\/404
|
|-heal|p2a: Celebi|190\/404|[from] item: Leftovers
|turn|107
|
|move|p2a: Celebi|Recover|p2a: Celebi
|-heal|p2a: Celebi|392\/404
|move|p1a: Chansey|Seismic Toss|p2a: Celebi
|-damage|p2a: Celebi|292\/404
|
|-heal|p2a: Celebi|317\/404|[from] item: Leftovers
|turn|108
|
|move|p2a: Celebi|Recover|p2a: Celebi
|-heal|p2a: Celebi|404\/404
|move|p1a: Chansey|Thunder Wave|p2a: Celebi
|-status|p2a: Celebi|par
|
|turn|109
|
|switch|p1a: Tyranitar|Tyranitar, F|196\/342
|-weather|Sandstorm
|move|p2a: Celebi|Heal Bell|p2a: Celebi
|-cureteam|p2a: Celebi|[from] move: HealBell
|
|-weather|Sandstorm|[upkeep]
|-damage|p2a: Celebi|379\/404|[from] sandstorm
|-heal|p2a: Celebi|404\/404|[from] item: Leftovers
|turn|110
|
|move|p1a: Tyranitar|Crunch|p2a: Celebi
|-supereffective|p2a: Celebi
|-damage|p2a: Celebi|168\/404
|move|p2a: Celebi|Recover|p2a: Celebi
|-heal|p2a: Celebi|370\/404
|
|-weather|Sandstorm|[upkeep]
|-damage|p2a: Celebi|345\/404|[from] sandstorm
|-heal|p2a: Celebi|370\/404|[from] item: Leftovers
|turn|111
|
|switch|p1a: Amoonguss|Amoonguss, M|430\/430
|move|p2a: Celebi|Recover|p2a: Celebi
|-heal|p2a: Celebi|404\/404
|
|-weather|Sandstorm|[upkeep]
|-damage|p2a: Celebi|379\/404|[from] sandstorm
|-damage|p1a: Amoonguss|404\/430|[from] sandstorm
|-heal|p2a: Celebi|404\/404|[from] item: Leftovers
|-heal|p1a: Amoonguss|430\/430|[from] item: Black Sludge
|turn|112
|
|switch|p2a: Clefable|Clefable, F|365\/394
|-damage|p2a: Clefable|316\/394|[from] Stealth Rock
|move|p1a: Amoonguss|Spore|p2a: Clefable
|-status|p2a: Clefable|slp
|
|-weather|Sandstorm|[upkeep]
|-damage|p2a: Clefable|292\/394 slp|[from] sandstorm
|-damage|p1a: Amoonguss|404\/430|[from] sandstorm
|-heal|p2a: Clefable|316\/394 slp|[from] item: Leftovers
|-heal|p1a: Amoonguss|430\/430|[from] item: Black Sludge
|turn|113
|
|cant|p2a: Clefable|slp
|move|p1a: Amoonguss|Giga Drain|p2a: Clefable
|-damage|p2a: Clefable|249\/394 slp
|
|-weather|none
|-heal|p2a: Clefable|273\/394 slp|[from] item: Leftovers
|turn|114
|
|switch|p1a: Tyranitar|Tyranitar, F|196\/342
|-weather|Sandstorm
|-curestatus|p2a: Clefable|slp
|move|p2a: Clefable|Calm Mind|p2a: Clefable
|-boost|p2a: Clefable|spa|1
|-boost|p2a: Clefable|spd|1
|
|-weather|Sandstorm|[upkeep]
|-damage|p2a: Clefable|249\/394|[from] sandstorm
|-heal|p2a: Clefable|273\/394|[from] item: Leftovers
|turn|115
|
|switch|p1a: Amoonguss|Amoonguss, M|430\/430
|move|p2a: Clefable|Moonblast|p1a: Amoonguss
|-resisted|p1a: Amoonguss
|-damage|p1a: Amoonguss|334\/430
|-unboost|p1a: Amoonguss|spa|1
|
|-weather|Sandstorm|[upkeep]
|-damage|p2a: Clefable|249\/394|[from] sandstorm
|-damage|p1a: Amoonguss|308\/430|[from] sandstorm
|-heal|p2a: Clefable|273\/394|[from] item: Leftovers
|-heal|p1a: Amoonguss|334\/430|[from] item: Black Sludge
|turn|116
|
|move|p2a: Clefable|Stored Power|p1a: Amoonguss
|-supereffective|p1a: Amoonguss
|-damage|p1a: Amoonguss|186\/430
|move|p1a: Amoonguss|Spore|p2a: Clefable
|-status|p2a: Clefable|slp
|
|-weather|Sandstorm|[upkeep]
|-damage|p2a: Clefable|249\/394 slp|[from] sandstorm
|-damage|p1a: Amoonguss|160\/430|[from] sandstorm
|-heal|p2a: Clefable|273\/394 slp|[from] item: Leftovers
|-heal|p1a: Amoonguss|186\/430|[from] item: Black Sludge
|turn|117
|
|cant|p2a: Clefable|slp
|move|p1a: Amoonguss|Clear Smog|p2a: Clefable
|-supereffective|p2a: Clefable
|-damage|p2a: Clefable|205\/394 slp
|-clearboost|p2a: Clefable
|
|-weather|Sandstorm|[upkeep]
|-damage|p2a: Clefable|181\/394 slp|[from] sandstorm
|-damage|p1a: Amoonguss|160\/430|[from] sandstorm
|-heal|p2a: Clefable|205\/394 slp|[from] item: Leftovers
|-heal|p1a: Amoonguss|186\/430|[from] item: Black Sludge
|turn|118
|
|switch|p1a: Tyranitar|Tyranitar, F|196\/342
|-curestatus|p2a: Clefable|slp
|move|p2a: Clefable|Moonblast|p1a: Tyranitar
|-crit|p1a: Tyranitar
|-supereffective|p1a: Tyranitar
|-damage|p1a: Tyranitar|0 fnt
|faint|p1a: Tyranitar
|
|-weather|none
|-heal|p2a: Clefable|229\/394|[from] item: Leftovers
|c|âdon't use mega|mds
|c| FunkyCrackudoCat|ta esperando o struggle?
|
|switch|p1a: Chansey|Chansey, F|453\/670
|turn|119
|c|âmuch professional|yess
|c|âdon't use mega|olha isso
|c|âdon't use mega|Ã© mt lixoso
|
|move|p2a: Clefable|Moonlight|p2a: Clefable
|-heal|p2a: Clefable|394\/394
|move|p1a: Chansey|Thunder Wave|p2a: Clefable
|-status|p2a: Clefable|par
|
|turn|120
|c|âdon't use mega|na cagada
|
|move|p1a: Chansey|Seismic Toss|p2a: Clefable
|-damage|p2a: Clefable|294\/394 par
|move|p2a: Clefable|Calm Mind|p2a: Clefable
|-boost|p2a: Clefable|spa|1
|-boost|p2a: Clefable|spd|1
|
|-heal|p2a: Clefable|318\/394 par|[from] item: Leftovers
|turn|121
|
|move|p1a: Chansey|Seismic Toss|p2a: Clefable
|-damage|p2a: Clefable|218\/394 par
|move|p2a: Clefable|Calm Mind|p2a: Clefable
|-boost|p2a: Clefable|spa|1
|-boost|p2a: Clefable|spd|1
|
|-heal|p2a: Clefable|242\/394 par|[from] item: Leftovers
|turn|122
|
|switch|p1a: Amoonguss|Amoonguss, M|329\/430
|move|p2a: Clefable|Moonlight|p2a: Clefable
|-heal|p2a: Clefable|394\/394 par
|
|-heal|p1a: Amoonguss|355\/430|[from] item: Black Sludge
|turn|123
|
|move|p1a: Amoonguss|Clear Smog|p2a: Clefable
|-supereffective|p2a: Clefable
|-damage|p2a: Clefable|340\/394 par
|-clearboost|p2a: Clefable
|move|p2a: Clefable|Stored Power|p1a: Amoonguss
|-supereffective|p1a: Amoonguss
|-damage|p1a: Amoonguss|315\/430
|
|-heal|p1a: Amoonguss|341\/430|[from] item: Black Sludge
|-heal|p2a: Clefable|364\/394 par|[from] item: Leftovers
|turn|124
|
|move|p1a: Amoonguss|Giga Drain|p2a: Clefable
|-damage|p2a: Clefable|289\/394 par
|-heal|p1a: Amoonguss|379\/430|[from] drain|[of] p2a: Clefable
|move|p2a: Clefable|Calm Mind|p2a: Clefable
|-boost|p2a: Clefable|spa|1
|-boost|p2a: Clefable|spd|1
|
|-heal|p1a: Amoonguss|405\/430|[from] item: Black Sludge
|-heal|p2a: Clefable|313\/394 par|[from] item: Leftovers
|turn|125
|c| FunkyCrackudoCat|que predict predictoso
|
|move|p1a: Amoonguss|Giga Drain|p2a: Clefable
|-damage|p2a: Clefable|264\/394 par
|-heal|p1a: Amoonguss|430\/430|[from] drain|[of] p2a: Clefable
|move|p2a: Clefable|Stored Power|p1a: Amoonguss
|-supereffective|p1a: Amoonguss
|-damage|p1a: Amoonguss|278\/430
|
|-heal|p1a: Amoonguss|304\/430|[from] item: Black Sludge
|-heal|p2a: Clefable|288\/394 par|[from] item: Leftovers
|turn|126
|
|move|p1a: Amoonguss|Giga Drain|p2a: Clefable
|-damage|p2a: Clefable|237\/394 par
|-heal|p1a: Amoonguss|330\/430|[from] drain|[of] p2a: Clefable
|cant|p2a: Clefable|par
|
|-heal|p1a: Amoonguss|356\/430|[from] item: Black Sludge
|-heal|p2a: Clefable|261\/394 par|[from] item: Leftovers
|turn|127
|
|move|p1a: Amoonguss|Giga Drain|p2a: Clefable
|-damage|p2a: Clefable|212\/394 par
|-heal|p1a: Amoonguss|381\/430|[from] drain|[of] p2a: Clefable
|move|p2a: Clefable|Stored Power|p1a: Amoonguss
|-supereffective|p1a: Amoonguss
|-damage|p1a: Amoonguss|225\/430
|
|-heal|p1a: Amoonguss|251\/430|[from] item: Black Sludge
|-heal|p2a: Clefable|236\/394 par|[from] item: Leftovers
|turn|128
|
|move|p1a: Amoonguss|Giga Drain|p2a: Clefable
|-damage|p2a: Clefable|187\/394 par
|-heal|p1a: Amoonguss|276\/430|[from] drain|[of] p2a: Clefable
|move|p2a: Clefable|Calm Mind|p2a: Clefable
|-boost|p2a: Clefable|spa|1
|-boost|p2a: Clefable|spd|1
|
|-heal|p1a: Amoonguss|302\/430|[from] item: Black Sludge
|-heal|p2a: Clefable|211\/394 par|[from] item: Leftovers
|turn|129
|
|move|p1a: Amoonguss|Giga Drain|p2a: Clefable
|-damage|p2a: Clefable|178\/394 par
|-heal|p1a: Amoonguss|319\/430|[from] drain|[of] p2a: Clefable
|cant|p2a: Clefable|par
|
|-heal|p1a: Amoonguss|345\/430|[from] item: Black Sludge
|-heal|p2a: Clefable|202\/394 par|[from] item: Leftovers
|turn|130
|
|move|p1a: Amoonguss|Giga Drain|p2a: Clefable
|-damage|p2a: Clefable|168\/394 par
|-heal|p1a: Amoonguss|362\/430|[from] drain|[of] p2a: Clefable
|move|p2a: Clefable|Stored Power|p1a: Amoonguss
|-supereffective|p1a: Amoonguss
|-damage|p1a: Amoonguss|0 fnt
|faint|p1a: Amoonguss
|
|-heal|p2a: Clefable|192\/394 par|[from] item: Leftovers
|
|switch|p1a: Chansey|Chansey, F|453\/670
|turn|131
|
|switch|p2a: Celebi|Celebi|404\/404
|-damage|p2a: Celebi|354\/404|[from] Stealth Rock
|move|p1a: Chansey|Stealth Rock|p2a: Celebi
|-fail|p2a: Celebi
|
|-heal|p2a: Celebi|379\/404|[from] item: Leftovers
|turn|132
|
|move|p2a: Celebi|Heal Bell|p2a: Celebi
|-cureteam|p2a: Celebi|[from] move: HealBell
|move|p1a: Chansey|Stealth Rock|p2a: Celebi
|-fail|p2a: Celebi
|
|-heal|p2a: Celebi|404\/404|[from] item: Leftovers
|turn|133
|
|move|p2a: Celebi|Calm Mind|p2a: Celebi
|-boost|p2a: Celebi|spa|1
|-boost|p2a: Celebi|spd|1
|move|p1a: Chansey|Stealth Rock|p2a: Celebi
|-fail|p2a: Celebi
|
|turn|134
|
|switch|p2a: Clefable|Clefable, F|192\/394
|-damage|p2a: Clefable|143\/394|[from] Stealth Rock
|move|p1a: Chansey|Stealth Rock|p2a: Clefable
|-fail|p2a: Clefable
|
|-heal|p2a: Clefable|167\/394|[from] item: Leftovers
|turn|135
|
|move|p2a: Clefable|Moonlight|p2a: Clefable
|-heal|p2a: Clefable|364\/394
|move|p1a: Chansey|Thunder Wave|p2a: Clefable
|-status|p2a: Clefable|par
|
|-heal|p2a: Clefable|388\/394 par|[from] item: Leftovers
|turn|136
|
|move|p1a: Chansey|Stealth Rock|p2a: Clefable
|-fail|p2a: Clefable
|move|p2a: Clefable|Calm Mind|p2a: Clefable
|-boost|p2a: Clefable|spa|1
|-boost|p2a: Clefable|spd|1
|
|-heal|p2a: Clefable|394\/394 par|[from] item: Leftovers
|turn|137
|
|move|p1a: Chansey|Stealth Rock|p2a: Clefable
|-fail|p2a: Clefable
|cant|p2a: Clefable|par
|
|turn|138
|
|move|p1a: Chansey|Stealth Rock|p2a: Clefable
|-fail|p2a: Clefable
|move|p2a: Clefable|Calm Mind|p2a: Clefable
|-boost|p2a: Clefable|spa|1
|-boost|p2a: Clefable|spd|1
|
|turn|139
|
|move|p1a: Chansey|Stealth Rock|p2a: Clefable
|-fail|p2a: Clefable
|move|p2a: Clefable|Calm Mind|p2a: Clefable
|-boost|p2a: Clefable|spa|1
|-boost|p2a: Clefable|spd|1
|
|turn|140
|
|move|p1a: Chansey|Stealth Rock|p2a: Clefable
|-fail|p2a: Clefable
|move|p2a: Clefable|Calm Mind|p2a: Clefable
|-boost|p2a: Clefable|spa|1
|-boost|p2a: Clefable|spd|1
|
|turn|141
|
|move|p1a: Chansey|Stealth Rock|p2a: Clefable
|-fail|p2a: Clefable
|move|p2a: Clefable|Calm Mind|p2a: Clefable
|-boost|p2a: Clefable|spa|1
|-boost|p2a: Clefable|spd|1
|
|turn|142
|
|move|p1a: Chansey|Stealth Rock|p2a: Clefable
|-fail|p2a: Clefable
|move|p2a: Clefable|Calm Mind|p2a: Clefable
|-boost|p2a: Clefable|spa|1
|-boost|p2a: Clefable|spd|1
|
|turn|143
|
|move|p1a: Chansey|Stealth Rock|p2a: Clefable
|-fail|p2a: Clefable
|cant|p2a: Clefable|par
|
|turn|144
|
|move|p1a: Chansey|Stealth Rock|p2a: Clefable
|-fail|p2a: Clefable
|move|p2a: Clefable|Stored Power|p1a: Chansey
|-damage|p1a: Chansey|0 fnt
|faint|p1a: Chansey
|
|win|much professional
|raw|Ladder updating...
|raw|don&apos;t use mega's rating: 1710 &rarr; <strong>1689<\/strong><br \/>(-21 for losing)
|raw|much professional's rating: 1693 &rarr; <strong>1714<\/strong><br \/>(+21 for winning)
|c|âmuch professional|gg
|c|âdon't use mega|no
|c|âdon't use mega|you is pathetic
|c|âdon't use mega|:)
|c|âdon't use mega|and noob
|c|âmuch professional|:(
|c|âdon't use mega|hahah
|leave|don't use mega
|player|p1
|c|âmuch professional|lol