|join|don't use mega
|join|Kong Bai
|player|p1|don't use mega|101
|player|p2|Kong Bai|290
|gametype|singles
|gen|6
|tier|OU
|rated
|clearpoke
|poke|p1|Quagsire, F
|poke|p1|Gliscor, M
|poke|p1|Tyranitar, F
|poke|p1|Amoonguss, F
|poke|p1|Slowbro, M
|poke|p1|Chansey, F
|poke|p2|Thundurus, M
|poke|p2|Landorus, M
|poke|p2|Scizor, F
|poke|p2|Chesnaught, F
|poke|p2|Clefable, M
|poke|p2|Rotom-Wash
|rule|Swagger Clause: Swagger is banned
|rule|Baton Pass Clause: Limit one PokÃ©mon knowing Baton Pass
|rule|Sleep Clause Mod: Limit one foe put to sleep
|rule|Species Clause: Limit one of each PokÃ©mon
|rule|OHKO Clause: OHKO moves are banned
|rule|Moody Clause: Moody is banned
|rule|Evasion Moves Clause: Evasion moves are banned
|rule|Endless Battle Clause: Forcing endless battles is banned
|rule|HP Percentage Mod: HP is shown in percentages
|teampreview
|
|start
|switch|p1a: Gliscor|Gliscor, M|350\/350
|switch|p2a: Clefable|Clefable, M|394\/394
|turn|1
|
|switch|p2a: Thundurus|Thundurus, M|299\/299
|move|p1a: Gliscor|Taunt|p2a: Thundurus
|-start|p2a: Thundurus|move: Taunt
|
|-status|p1a: Gliscor|tox|[from] item: Toxic Orb
|turn|2
|
|switch|p1a: Tyranitar|Tyranitar, F|342\/342
|-weather|Sandstorm
|move|p2a: Thundurus|Hidden Power|p1a: Tyranitar
|-damage|p1a: Tyranitar|285\/342
|-damage|p2a: Thundurus|270\/299|[from] item: Life Orb
|
|-weather|Sandstorm|[upkeep]
|-damage|p2a: Thundurus|252\/299|[from] sandstorm
|turn|3
|
|switch|p2a: Clefable|Clefable, M|394\/394
|move|p1a: Tyranitar|Stone Edge|p2a: Clefable
|-damage|p2a: Clefable|223\/394
|
|-weather|Sandstorm|[upkeep]
|-heal|p2a: Clefable|247\/394|[from] item: Leftovers
|turn|4
|join|genius lk
|
|move|p1a: Tyranitar|Stone Edge|p2a: Clefable
|-damage|p2a: Clefable|70\/394
|move|p2a: Clefable|Stealth Rock|p1a: Tyranitar
|-sidestart|p1: don't use mega|move: Stealth Rock
|
|-weather|Sandstorm|[upkeep]
|-heal|p2a: Clefable|94\/394|[from] item: Leftovers
|turn|5
|
|switch|p1a: Gliscor|Gliscor, M|350\/350 tox
|-damage|p1a: Gliscor|307\/350 tox|[from] Stealth Rock
|switch|p2a: Rotom-Wash|Rotom-Wash|304\/304
|
|-weather|Sandstorm|[upkeep]
|-damage|p2a: Rotom-Wash|285\/304|[from] sandstorm
|-heal|p2a: Rotom-Wash|304\/304|[from] item: Leftovers
|-heal|p1a: Gliscor|350\/350 tox|[from] ability: Poison Heal
|turn|6
|
|move|p1a: Gliscor|Knock Off|p2a: Rotom-Wash
|-damage|p2a: Rotom-Wash|250\/304
|-enditem|p2a: Rotom-Wash|Leftovers|[from] move: Knock Off|[of] p1a: Gliscor
|move|p2a: Rotom-Wash|Hydro Pump|p1a: Gliscor
|-supereffective|p1a: Gliscor
|-damage|p1a: Gliscor|104\/350 tox
|
|-weather|none
|-heal|p1a: Gliscor|147\/350 tox|[from] ability: Poison Heal
|turn|7
|
|move|p1a: Gliscor|Roost|p1a: Gliscor
|-heal|p1a: Gliscor|322\/350 tox
|move|p2a: Rotom-Wash|Volt Switch|p1a: Gliscor
|-immune|p1a: Gliscor|[msg]
|
|-heal|p1a: Gliscor|350\/350 tox|[from] ability: Poison Heal
|turn|8
|
|move|p1a: Gliscor|Knock Off|p2a: Rotom-Wash
|-damage|p2a: Rotom-Wash|215\/304
|move|p2a: Rotom-Wash|Hydro Pump|p1a: Gliscor
|-supereffective|p1a: Gliscor
|-damage|p1a: Gliscor|84\/350 tox
|
|-heal|p1a: Gliscor|127\/350 tox|[from] ability: Poison Heal
|turn|9
|
|move|p1a: Gliscor|Roost|p1a: Gliscor
|-heal|p1a: Gliscor|302\/350 tox
|move|p2a: Rotom-Wash|Hydro Pump|p1a: Gliscor
|-supereffective|p1a: Gliscor
|-damage|p1a: Gliscor|60\/350 tox
|
|-heal|p1a: Gliscor|103\/350 tox|[from] ability: Poison Heal
|turn|10
|
|move|p1a: Gliscor|Roost|p1a: Gliscor
|-heal|p1a: Gliscor|278\/350 tox
|move|p2a: Rotom-Wash|Hydro Pump|p1a: Gliscor
|-supereffective|p1a: Gliscor
|-damage|p1a: Gliscor|44\/350 tox
|
|-heal|p1a: Gliscor|87\/350 tox|[from] ability: Poison Heal
|turn|11
|
|switch|p1a: Amoonguss|Amoonguss, F|430\/430
|-damage|p1a: Amoonguss|377\/430|[from] Stealth Rock
|switch|p2a: Thundurus|Thundurus, M|252\/299
|
|-heal|p1a: Amoonguss|403\/430|[from] item: Black Sludge
|turn|12
|
|switch|p2a: Clefable|Clefable, M|94\/394
|move|p1a: Amoonguss|Spore|p2a: Clefable
|-status|p2a: Clefable|slp
|
|-heal|p2a: Clefable|118\/394 slp|[from] item: Leftovers
|-heal|p1a: Amoonguss|429\/430|[from] item: Black Sludge
|turn|13
|
|switch|p2a: Rotom-Wash|Rotom-Wash|215\/304
|switch|p1a: Tyranitar|Tyranitar, F|285\/342
|-damage|p1a: Tyranitar|243\/342|[from] Stealth Rock
|-weather|Sandstorm
|
|-weather|Sandstorm|[upkeep]
|-damage|p2a: Rotom-Wash|196\/304|[from] sandstorm
|turn|14
|
|move|p1a: Tyranitar|Stone Edge|p2a: Rotom-Wash
|-damage|p2a: Rotom-Wash|60\/304
|move|p2a: Rotom-Wash|Volt Switch|p1a: Tyranitar
|-damage|p1a: Tyranitar|186\/342
|
|switch|p2a: Scizor|Scizor, F|282\/282
|
|-weather|Sandstorm|[upkeep]
|turn|15
|
|switch|p1a: Quagsire|Quagsire, F|394\/394
|-damage|p1a: Quagsire|370\/394|[from] Stealth Rock
|detailschange|p2a: Scizor|Scizor-Mega, F
|-mega|p2a: Scizor|Scizor|Scizorite
|move|p2a: Scizor|Bug Bite|p1a: Quagsire
|-damage|p1a: Quagsire|199\/394
|
|-weather|Sandstorm|[upkeep]
|-heal|p1a: Quagsire|223\/394|[from] item: Leftovers
|turn|16
|
|move|p2a: Scizor|Bug Bite|p1a: Quagsire
|-damage|p1a: Quagsire|58\/394
|move|p1a: Quagsire|Recover|p1a: Quagsire
|-heal|p1a: Quagsire|255\/394
|
|-weather|Sandstorm|[upkeep]
|-heal|p1a: Quagsire|279\/394|[from] item: Leftovers
|turn|17
|
|switch|p2a: Chesnaught|Chesnaught, F|320\/320
|move|p1a: Quagsire|Recover|p1a: Quagsire
|-heal|p1a: Quagsire|394\/394
|
|-weather|none
|turn|18
|
|switch|p1a: Amoonguss|Amoonguss, F|430\/430
|-damage|p1a: Amoonguss|377\/430|[from] Stealth Rock
|move|p2a: Chesnaught|Seed Bomb|p1a: Amoonguss
|-resisted|p1a: Amoonguss
|-damage|p1a: Amoonguss|349\/430
|
|-heal|p1a: Amoonguss|375\/430|[from] item: Black Sludge
|turn|19
|
|switch|p2a: Scizor|Scizor-Mega, F|282\/282
|move|p1a: Amoonguss|Giga Drain|p2a: Scizor
|-resisted|p2a: Scizor
|-damage|p2a: Scizor|264\/282
|-heal|p1a: Amoonguss|384\/430|[from] drain|[of] p2a: Scizor
|
|-heal|p1a: Amoonguss|410\/430|[from] item: Black Sludge
|turn|20
|
|move|p2a: Scizor|Bug Bite|p1a: Amoonguss
|-damage|p1a: Amoonguss|241\/430
|move|p1a: Amoonguss|Foul Play|p2a: Scizor
|-damage|p2a: Scizor|161\/282
|
|-heal|p1a: Amoonguss|267\/430|[from] item: Black Sludge
|turn|21
|
|switch|p1a: Quagsire|Quagsire, F|394\/394
|-damage|p1a: Quagsire|370\/394|[from] Stealth Rock
|move|p2a: Scizor|Bug Bite|p1a: Quagsire
|-damage|p1a: Quagsire|222\/394
|
|-heal|p1a: Quagsire|246\/394|[from] item: Leftovers
|turn|22
|
|move|p2a: Scizor|Bug Bite|p1a: Quagsire
|-damage|p1a: Quagsire|102\/394
|move|p1a: Quagsire|Recover|p1a: Quagsire
|-heal|p1a: Quagsire|299\/394
|
|-heal|p1a: Quagsire|323\/394|[from] item: Leftovers
|turn|23
|
|switch|p2a: Rotom-Wash|Rotom-Wash|60\/304
|move|p1a: Quagsire|Recover|p1a: Quagsire
|-heal|p1a: Quagsire|394\/394
|
|turn|24
|
|move|p2a: Rotom-Wash|Pain Split|p1a: Quagsire
|-sethp|p1a: Quagsire|227\/394|p2a: Rotom-Wash|227\/304|[from] move: Pain Split
|move|p1a: Quagsire|Toxic|p2a: Rotom-Wash
|-status|p2a: Rotom-Wash|tox
|
|-heal|p1a: Quagsire|251\/394|[from] item: Leftovers
|-damage|p2a: Rotom-Wash|208\/304 tox|[from] psn
|turn|25
|
|move|p2a: Rotom-Wash|Will-O-Wisp|p1a: Quagsire
|-status|p1a: Quagsire|brn
|move|p1a: Quagsire|Recover|p1a: Quagsire
|-heal|p1a: Quagsire|394\/394 brn
|
|-damage|p2a: Rotom-Wash|170\/304 tox|[from] psn
|-damage|p1a: Quagsire|345\/394 brn|[from] brn
|turn|26
|
|switch|p1a: Chansey|Chansey, F|670\/670
|-damage|p1a: Chansey|587\/670|[from] Stealth Rock
|move|p2a: Rotom-Wash|Hydro Pump|p1a: Chansey
|-damage|p1a: Chansey|517\/670
|
|-damage|p2a: Rotom-Wash|113\/304 tox|[from] psn
|turn|27
|
|switch|p1a: Gliscor|Gliscor, M|87\/350 tox
|-damage|p1a: Gliscor|44\/350 tox|[from] Stealth Rock
|move|p2a: Rotom-Wash|Volt Switch|p1a: Gliscor
|-immune|p1a: Gliscor|[msg]
|
|-heal|p1a: Gliscor|87\/350 tox|[from] ability: Poison Heal
|-damage|p2a: Rotom-Wash|37\/304 tox|[from] psn
|turn|28
|
|switch|p2a: Thundurus|Thundurus, M|252\/299
|move|p1a: Gliscor|Knock Off|p2a: Thundurus
|-damage|p2a: Thundurus|156\/299
|-enditem|p2a: Thundurus|Life Orb|[from] move: Knock Off|[of] p1a: Gliscor
|
|-heal|p1a: Gliscor|130\/350 tox|[from] ability: Poison Heal
|turn|29
|
|switch|p1a: Chansey|Chansey, F|517\/670
|-damage|p1a: Chansey|434\/670|[from] Stealth Rock
|move|p2a: Thundurus|Superpower|p1a: Chansey
|-supereffective|p1a: Chansey
|-damage|p1a: Chansey|146\/670
|-unboost|p2a: Thundurus|atk|1
|-unboost|p2a: Thundurus|def|1
|
|turn|30
|
|move|p2a: Thundurus|Knock Off|p1a: Chansey
|-damage|p1a: Chansey|74\/670
|-enditem|p1a: Chansey|Eviolite|[from] move: Knock Off|[of] p2a: Thundurus
|move|p1a: Chansey|Soft-Boiled|p1a: Chansey
|-heal|p1a: Chansey|409\/670
|
|turn|31
|
|switch|p2a: Scizor|Scizor-Mega, F|161\/282
|move|p1a: Chansey|Soft-Boiled|p1a: Chansey
|-heal|p1a: Chansey|670\/670
|
|turn|32
|
|move|p2a: Scizor|Swords Dance|p2a: Scizor
|-boost|p2a: Scizor|atk|2
|move|p1a: Chansey|Stealth Rock|p2a: Scizor
|-sidestart|p2: Kong Bai|move: Stealth Rock
|
|turn|33
|
|switch|p1a: Quagsire|Quagsire, F|345\/394 brn
|-damage|p1a: Quagsire|321\/394 brn|[from] Stealth Rock
|move|p2a: Scizor|Bug Bite|p1a: Quagsire
|-damage|p1a: Quagsire|162\/394 brn
|
|-heal|p1a: Quagsire|186\/394 brn|[from] item: Leftovers
|-damage|p1a: Quagsire|137\/394 brn|[from] brn
|turn|34
|
|move|p2a: Scizor|Bug Bite|p1a: Quagsire
|-damage|p1a: Quagsire|0 fnt
|faint|p1a: Quagsire
|
|
|switch|p1a: Amoonguss|Amoonguss, F|410\/430
|-damage|p1a: Amoonguss|357\/430|[from] Stealth Rock
|turn|35
|
|switch|p1a: Slowbro|Slowbro, M|393\/393
|-damage|p1a: Slowbro|344\/393|[from] Stealth Rock
|move|p2a: Scizor|Bug Bite|p1a: Slowbro
|-supereffective|p1a: Slowbro
|-damage|p1a: Slowbro|0 fnt
|faint|p1a: Slowbro
|
|
|switch|p1a: Amoonguss|Amoonguss, F|430\/430
|-damage|p1a: Amoonguss|377\/430|[from] Stealth Rock
|turn|36
|
|move|p2a: Scizor|Bug Bite|p1a: Amoonguss
|-damage|p1a: Amoonguss|46\/430
|move|p1a: Amoonguss|Foul Play|p2a: Scizor
|-damage|p2a: Scizor|0 fnt
|faint|p2a: Scizor
|
|-heal|p1a: Amoonguss|72\/430|[from] item: Black Sludge
|
|switch|p2a: Landorus|Landorus, M|319\/319
|-damage|p2a: Landorus|280\/319|[from] Stealth Rock
|turn|37
|
|switch|p1a: Chansey|Chansey, F|670\/670
|-damage|p1a: Chansey|587\/670|[from] Stealth Rock
|move|p2a: Landorus|Rock Polish|p2a: Landorus
|-boost|p2a: Landorus|spe|2
|
|turn|38
|
|move|p2a: Landorus|Earth Power|p1a: Chansey
|-damage|p1a: Chansey|348\/670
|move|p1a: Chansey|Soft-Boiled|p1a: Chansey
|-heal|p1a: Chansey|670\/670
|
|turn|39
|
|move|p2a: Landorus|Earth Power|p1a: Chansey
|-damage|p1a: Chansey|427\/670
|move|p1a: Chansey|Seismic Toss|p2a: Landorus
|-damage|p2a: Landorus|180\/319
|
|turn|40
|
|switch|p2a: Chesnaught|Chesnaught, F|320\/320
|-damage|p2a: Chesnaught|300\/320|[from] Stealth Rock
|move|p1a: Chansey|Soft-Boiled|p1a: Chansey
|-heal|p1a: Chansey|670\/670
|
|turn|41
|
|move|p2a: Chesnaught|Substitute|p2a: Chesnaught
|-start|p2a: Chesnaught|Substitute
|-damage|p2a: Chesnaught|220\/320
|move|p1a: Chansey|Seismic Toss|p2a: Chesnaught
|-end|p2a: Chesnaught|Substitute
|
|turn|42
|
|switch|p1a: Amoonguss|Amoonguss, F|215\/430
|-damage|p1a: Amoonguss|162\/430|[from] Stealth Rock
|move|p2a: Chesnaught|Drain Punch|p1a: Amoonguss
|-resisted|p1a: Amoonguss
|-damage|p1a: Amoonguss|108\/430
|-heal|p2a: Chesnaught|247\/320|[from] drain|[of] p1a: Amoonguss
|
|-heal|p1a: Amoonguss|134\/430|[from] item: Black Sludge
|turn|43
|
|switch|p2a: Rotom-Wash|Rotom-Wash|37\/304 tox
|-damage|p2a: Rotom-Wash|0 fnt|[from] Stealth Rock
|faint|p2a: Rotom-Wash
|move|p1a: Amoonguss|Clear Smog|p2: Rotom-Wash|[notarget]
|-notarget
|
|-heal|p1a: Amoonguss|160\/430|[from] item: Black Sludge
|
|switch|p2a: Thundurus|Thundurus, M|156\/299
|-damage|p2a: Thundurus|82\/299|[from] Stealth Rock
|turn|44
|
|switch|p1a: Gliscor|Gliscor, M|130\/350 tox
|-damage|p1a: Gliscor|87\/350 tox|[from] Stealth Rock
|move|p2a: Thundurus|Knock Off|p1a: Gliscor
|-damage|p1a: Gliscor|22\/350 tox
|-enditem|p1a: Gliscor|Toxic Orb|[from] move: Knock Off|[of] p2a: Thundurus
|
|-heal|p1a: Gliscor|65\/350 tox|[from] ability: Poison Heal
|turn|45
|
|move|p2a: Thundurus|Hidden Power|p1a: Gliscor
|-supereffective|p1a: Gliscor
|-damage|p1a: Gliscor|0 fnt
|faint|p1a: Gliscor
|
|
|switch|p1a: Tyranitar|Tyranitar, F|186\/342
|-damage|p1a: Tyranitar|144\/342|[from] Stealth Rock
|-weather|Sandstorm
|turn|46
|
|switch|p2a: Clefable|Clefable, M|118\/394 slp
|move|p1a: Tyranitar|Crunch|p2a: Clefable
|-resisted|p2a: Clefable
|-damage|p2a: Clefable|52\/394 slp
|
|-weather|Sandstorm|[upkeep]
|-heal|p2a: Clefable|76\/394 slp|[from] item: Leftovers
|turn|47
|
|move|p1a: Tyranitar|Crunch|p2a: Clefable
|-resisted|p2a: Clefable
|-damage|p2a: Clefable|10\/394 slp
|cant|p2a: Clefable|slp
|
|-weather|Sandstorm|[upkeep]
|-heal|p2a: Clefable|34\/394 slp|[from] item: Leftovers
|turn|48
|
|move|p1a: Tyranitar|Crunch|p2a: Clefable
|-resisted|p2a: Clefable
|-damage|p2a: Clefable|0 fnt
|faint|p2a: Clefable
|
|-weather|Sandstorm|[upkeep]
|
|switch|p2a: Chesnaught|Chesnaught, F|247\/320
|-damage|p2a: Chesnaught|227\/320|[from] Stealth Rock
|turn|49
|
|move|p1a: Tyranitar|Crunch|p2a: Chesnaught
|-resisted|p2a: Chesnaught
|-damage|p2a: Chesnaught|162\/320
|move|p2a: Chesnaught|Belly Drum|p2a: Chesnaught
|-damage|p2a: Chesnaught|2\/320
|-setboost|p2a: Chesnaught|atk|6|[from] move: Belly Drum
|-enditem|p2a: Chesnaught|Salac Berry|[eat]
|-boost|p2a: Chesnaught|spe|1|[from] item: Salac Berry
|
|-weather|Sandstorm|[upkeep]
|-damage|p2a: Chesnaught|0 fnt|[from] sandstorm
|faint|p2a: Chesnaught
|
|switch|p2a: Landorus|Landorus, M|180\/319
|-damage|p2a: Landorus|141\/319|[from] Stealth Rock
|turn|50
|c| genius lk|lol
|c|âKong Bai|threw this game away
|c|âKong Bai|stupid me
|
|switch|p2a: Thundurus|Thundurus, M|82\/299
|-damage|p2a: Thundurus|8\/299|[from] Stealth Rock
|move|p1a: Tyranitar|Crunch|p2a: Thundurus
|-damage|p2a: Thundurus|0 fnt
|faint|p2a: Thundurus
|
|-weather|none
|
|switch|p2a: Landorus|Landorus, M|141\/319
|-damage|p2a: Landorus|102\/319|[from] Stealth Rock
|turn|51
|
|move|p1a: Tyranitar|Crunch|p2a: Landorus
|-damage|p2a: Landorus|0 fnt
|faint|p2a: Landorus
|
|win|don't use mega
|raw|Ladder updating...
|raw|don&apos;t use mega's rating: 1796 &rarr; <strong>1809<\/strong><br \/>(+13 for winning)
|raw|Kong Bai's rating: 1672 &rarr; <strong>1658<\/strong><br \/>(-14 for losing)
|leave|Kong Bai
|player|p2
|c| genius lk|gg
|leave|genius lk
|join|genius lk
|leave|genius lk