|join|don't use mega
|join|WECAMEASROMANS
|player|p1|don't use mega|101
|player|p2|WECAMEASROMANS|2
|gametype|singles
|gen|6
|tier|OU
|rated
|clearpoke
|poke|p1|Clefable, M
|poke|p1|Chansey, F
|poke|p1|Slowbro, F
|poke|p1|Zapdos
|poke|p1|Tyranitar, M
|poke|p1|Amoonguss, F
|poke|p2|Tangrowth, F
|poke|p2|Rhyperior, F
|poke|p2|Skarmory, M
|poke|p2|Altaria, F
|poke|p2|Tentacruel, M
|poke|p2|Tornadus-Therian, M
|rule|Swagger Clause: Swagger is banned
|rule|Baton Pass Clause: Limit one PokÃ©mon knowing Baton Pass
|rule|Sleep Clause Mod: Limit one foe put to sleep
|rule|Species Clause: Limit one of each PokÃ©mon
|rule|OHKO Clause: OHKO moves are banned
|rule|Moody Clause: Moody is banned
|rule|Evasion Moves Clause: Evasion moves are banned
|rule|Endless Battle Clause: Forcing endless battles is banned
|rule|HP Percentage Mod: HP is shown in percentages
|teampreview
|
|start
|switch|p1a: Zapdos|Zapdos|384\/384
|switch|p2a: Tornadus-Therian|Tornadus-Therian, M|332\/332
|-ability|p1a: Zapdos|Pressure
|turn|1
|join|Inglorion
|
|move|p2a: Tornadus-Therian|U-turn|p1a: Zapdos
|-resisted|p1a: Zapdos
|-damage|p1a: Zapdos|363\/384
|
|switch|p2a: Tangrowth|Tangrowth, F|403\/403
|move|p1a: Zapdos|Volt Switch|p2a: Tangrowth
|-resisted|p2a: Tangrowth
|-damage|p2a: Tangrowth|363\/403
|
|switch|p1a: Clefable|Clefable, M|392\/392
|
|turn|2
|
|switch|p2a: Tentacruel|Tentacruel, M|364\/364
|move|p1a: Clefable|Knock Off|p2a: Tentacruel
|-damage|p2a: Tentacruel|318\/364
|-enditem|p2a: Tentacruel|Black Sludge|[from] move: Knock Off|[of] p1a: Clefable
|
|turn|3
|
|switch|p1a: Chansey|Chansey, F|670\/670
|move|p2a: Tentacruel|Scald|p1a: Chansey
|-damage|p1a: Chansey|627\/670
|
|turn|4
|c| Inglorion|Clefable used Knock Off!
|
|switch|p2a: Rhyperior|Rhyperior, F|432\/432
|move|p1a: Chansey|Thunder Wave|p2a: Rhyperior
|-immune|p2a: Rhyperior|[msg]
|
|turn|5
|
|move|p1a: Chansey|Stealth Rock|p2a: Rhyperior
|-sidestart|p2: WECAMEASROMANS|move: Stealth Rock
|move|p2a: Rhyperior|Stealth Rock|p1a: Chansey
|-sidestart|p1: don't use mega|move: Stealth Rock
|
|turn|6
|
|switch|p1a: Slowbro|Slowbro, F|390\/390
|-damage|p1a: Slowbro|342\/390|[from] Stealth Rock
|switch|p2a: Tentacruel|Tentacruel, M|318\/364
|-damage|p2a: Tentacruel|273\/364|[from] Stealth Rock
|
|turn|7
|
|move|p2a: Tentacruel|Rapid Spin|p1a: Slowbro
|-damage|p1a: Slowbro|334\/390
|-sideend|p2: WECAMEASROMANS|Stealth Rock|[from] move: Rapid Spin|[of] p2a: Tentacruel
|move|p1a: Slowbro|Psyshock|p2a: Tentacruel
|-supereffective|p2a: Tentacruel
|-damage|p2a: Tentacruel|81\/364
|
|turn|8
|
|switch|p2a: Tangrowth|Tangrowth, F|403\/403
|move|p1a: Slowbro|Psyshock|p2a: Tangrowth
|-damage|p2a: Tangrowth|337\/403
|
|turn|9
|join|mouse de frank
|
|move|p2a: Tangrowth|Knock Off|p1a: Slowbro
|-supereffective|p1a: Slowbro
|-damage|p1a: Slowbro|240\/390
|-enditem|p1a: Slowbro|Lagging Tail|[from] move: Knock Off|[of] p2a: Tangrowth
|move|p1a: Slowbro|Trick|p2a: Tangrowth
|-activate|p1a: Slowbro|move: Trick|[of] p2a: Tangrowth
|-item|p1a: Slowbro|Assault Vest|[from] move: Trick
|
|turn|10
|c| Inglorion|89 GXE
|
|move|p2a: Tangrowth|Giga Drain|p1a: Slowbro
|-supereffective|p1a: Slowbro
|-damage|p1a: Slowbro|94\/390
|-heal|p2a: Tangrowth|403\/403|[from] drain|[of] p1a: Slowbro
|move|p1a: Slowbro|Scald|p2a: Tangrowth
|-resisted|p2a: Tangrowth
|-damage|p2a: Tangrowth|339\/403
|
|turn|11
|
|switch|p1a: Clefable|Clefable, M|392\/392
|move|p2a: Tangrowth|Knock Off|p1a: Clefable
|-crit|p1a: Clefable
|-resisted|p1a: Clefable
|-damage|p1a: Clefable|346\/392
|-enditem|p1a: Clefable|Shed Shell|[from] move: Knock Off|[of] p2a: Tangrowth
|
|turn|12
|c| Inglorion|mousey the kid
|
|switch|p1a: Zapdos|Zapdos|363\/384
|-damage|p1a: Zapdos|267\/384|[from] Stealth Rock
|-ability|p1a: Zapdos|Pressure
|switch|p2a: Tentacruel|Tentacruel, M|81\/364
|
|-heal|p1a: Zapdos|291\/384|[from] item: Leftovers
|turn|13
|
|switch|p2a: Altaria|Altaria, F|353\/353
|move|p1a: Zapdos|Defog|p2a: Altaria
|-unboost|p2a: Altaria|evasion|1
|-sideend|p1: don't use mega|Stealth Rock|[from] move: Defog|[of] p1a: Zapdos
|
|-heal|p1a: Zapdos|315\/384|[from] item: Leftovers
|turn|14
|join|Jupiter Ascending
|
|detailschange|p2a: Altaria|Altaria-Mega, F
|-mega|p2a: Altaria|Altaria|Altarianite
|move|p1a: Zapdos|Volt Switch|p2a: Altaria
|-resisted|p2a: Altaria
|-damage|p2a: Altaria|308\/353
|
|switch|p1a: Slowbro|Slowbro, F|224\/390
|move|p2a: Altaria|Return|p1a: Slowbro
|-damage|p1a: Slowbro|115\/390
|
|turn|15
|
|switch|p1a: Amoonguss|Amoonguss, F|430\/430
|move|p2a: Altaria|Return|p1a: Amoonguss
|-resisted|p1a: Amoonguss
|-damage|p1a: Amoonguss|356\/430
|
|-heal|p1a: Amoonguss|382\/430|[from] item: Black Sludge
|turn|16
|
|switch|p2a: Tangrowth|Tangrowth, F|403\/403
|move|p1a: Amoonguss|Spore|p2a: Tangrowth
|-fail|p2a: Tangrowth
|
|-heal|p1a: Amoonguss|408\/430|[from] item: Black Sludge
|turn|17
|
|switch|p1a: Clefable|Clefable, M|346\/392
|move|p2a: Tangrowth|Knock Off|p1a: Clefable
|-resisted|p1a: Clefable
|-damage|p1a: Clefable|326\/392
|
|turn|18
|
|switch|p1a: Zapdos|Zapdos|315\/384
|-ability|p1a: Zapdos|Pressure
|switch|p2a: Tentacruel|Tentacruel, M|81\/364
|
|-heal|p1a: Zapdos|339\/384|[from] item: Leftovers
|turn|19
|
|switch|p2a: Altaria|Altaria-Mega, F|308\/353
|move|p1a: Zapdos|Volt Switch|p2a: Altaria
|-resisted|p2a: Altaria
|-damage|p2a: Altaria|263\/353
|join|PrrettyReverend69
|leave|mouse de frank
|
|switch|p1a: Amoonguss|Amoonguss, F|430\/430
|
|turn|20
|
|switch|p2a: Tangrowth|Tangrowth, F|403\/403
|switch|p1a: Zapdos|Zapdos|339\/384
|-ability|p1a: Zapdos|Pressure
|
|-heal|p1a: Zapdos|363\/384|[from] item: Leftovers
|turn|21
|
|move|p1a: Zapdos|Heat Wave|p2a: Tangrowth
|-supereffective|p2a: Tangrowth
|-damage|p2a: Tangrowth|169\/403
|move|p2a: Tangrowth|Knock Off|p1a: Zapdos
|-damage|p1a: Zapdos|304\/384
|-enditem|p1a: Zapdos|Leftovers|[from] move: Knock Off|[of] p2a: Tangrowth
|
|turn|22
|
|switch|p2a: Altaria|Altaria-Mega, F|263\/353
|move|p1a: Zapdos|Volt Switch|p2a: Altaria
|-crit|p2a: Altaria
|-resisted|p2a: Altaria
|-damage|p2a: Altaria|203\/353
|
|switch|p1a: Clefable|Clefable, M|326\/392
|
|turn|23
|
|switch|p2a: Tentacruel|Tentacruel, M|81\/364
|switch|p1a: Zapdos|Zapdos|304\/384
|-ability|p1a: Zapdos|Pressure
|
|turn|24
|
|switch|p2a: Altaria|Altaria-Mega, F|203\/353
|move|p1a: Zapdos|Volt Switch|p2a: Altaria
|-resisted|p2a: Altaria
|-damage|p2a: Altaria|163\/353
|
|switch|p1a: Clefable|Clefable, M|326\/392
|
|turn|25
|
|move|p2a: Altaria|Roost|p2a: Altaria
|-heal|p2a: Altaria|340\/353
|move|p1a: Clefable|Moonblast|p2a: Altaria
|-supereffective|p2a: Altaria
|-damage|p2a: Altaria|148\/353
|-unboost|p2a: Altaria|spa|1
|
|turn|26
|join|min min
|
|switch|p1a: Zapdos|Zapdos|304\/384
|-ability|p1a: Zapdos|Pressure
|move|p2a: Altaria|Roost|p2a: Altaria
|-heal|p2a: Altaria|325\/353
|
|turn|27
|
|move|p1a: Zapdos|Volt Switch|p2a: Altaria
|-resisted|p2a: Altaria
|-damage|p2a: Altaria|279\/353
|
|switch|p1a: Amoonguss|Amoonguss, F|430\/430
|move|p2a: Altaria|Return|p1a: Amoonguss
|-resisted|p1a: Amoonguss
|-damage|p1a: Amoonguss|358\/430
|
|-heal|p1a: Amoonguss|384\/430|[from] item: Black Sludge
|turn|28
|
|switch|p2a: Tangrowth|Tangrowth, F|303\/403
|switch|p1a: Zapdos|Zapdos|304\/384
|-ability|p1a: Zapdos|Pressure
|
|turn|29
|
|switch|p2a: Rhyperior|Rhyperior, F|432\/432
|move|p1a: Zapdos|Volt Switch|p2a: Rhyperior
|-immune|p2a: Rhyperior|[msg]
|
|turn|30
|
|switch|p1a: Slowbro|Slowbro, F|245\/390
|move|p2a: Rhyperior|Stealth Rock|p1a: Slowbro
|-sidestart|p1: don't use mega|move: Stealth Rock
|
|turn|31
|
|switch|p2a: Tangrowth|Tangrowth, F|403\/403
|move|p1a: Slowbro|Scald|p2a: Tangrowth
|-resisted|p2a: Tangrowth
|-damage|p2a: Tangrowth|349\/403
|
|turn|32
|
|switch|p2a: Rhyperior|Rhyperior, F|432\/432
|move|p1a: Slowbro|Scald|p2a: Rhyperior
|-supereffective|p2a: Rhyperior
|-damage|p2a: Rhyperior|0 fnt
|faint|p2a: Rhyperior
|
|
|switch|p2a: Tornadus-Therian|Tornadus-Therian, M|332\/332
|turn|33
|
|move|p2a: Tornadus-Therian|Hurricane|p1a: Slowbro|[miss]
|-miss|p2a: Tornadus-Therian|p1a: Slowbro
|move|p1a: Slowbro|Scald|p2a: Tornadus-Therian
|-damage|p2a: Tornadus-Therian|260\/332
|
|turn|34
|
|move|p2a: Tornadus-Therian|Hurricane|p1a: Slowbro|[miss]
|-miss|p2a: Tornadus-Therian|p1a: Slowbro
|move|p1a: Slowbro|Scald|p2a: Tornadus-Therian
|-damage|p2a: Tornadus-Therian|194\/332
|
|turn|35
|
|move|p2a: Tornadus-Therian|Hurricane|p1a: Slowbro
|-damage|p1a: Slowbro|116\/390
|move|p1a: Slowbro|Scald|p2a: Tornadus-Therian
|-damage|p2a: Tornadus-Therian|127\/332
|
|turn|36
|
|switch|p1a: Amoonguss|Amoonguss, F|430\/430
|-damage|p1a: Amoonguss|377\/430|[from] Stealth Rock
|move|p2a: Tornadus-Therian|U-turn|p1a: Amoonguss
|-damage|p1a: Amoonguss|332\/430
|
|switch|p2a: Tentacruel|Tentacruel, M|81\/364
|
|-heal|p1a: Amoonguss|358\/430|[from] item: Black Sludge
|turn|37
|
|switch|p1a: Zapdos|Zapdos|304\/384
|-damage|p1a: Zapdos|208\/384|[from] Stealth Rock
|-ability|p1a: Zapdos|Pressure
|move|p2a: Tentacruel|Rest|p2a: Tentacruel
|-status|p2a: Tentacruel|slp
|-heal|p2a: Tentacruel|364\/364 slp|[silent]
|-status|p2a: Tentacruel|slp|[from] move: Rest
|
|turn|38
|
|switch|p2a: Altaria|Altaria-Mega, F|279\/353
|move|p1a: Zapdos|Defog|p2a: Altaria
|-unboost|p2a: Altaria|evasion|1
|-sideend|p1: don't use mega|Stealth Rock|[from] move: Defog|[of] p1a: Zapdos
|
|turn|39
|
|move|p1a: Zapdos|Volt Switch|p2a: Altaria
|-resisted|p2a: Altaria
|-damage|p2a: Altaria|231\/353
|
|switch|p1a: Amoonguss|Amoonguss, F|430\/430
|move|p2a: Altaria|Dragon Dance|p2a: Altaria
|-boost|p2a: Altaria|atk|1
|-boost|p2a: Altaria|spe|1
|
|turn|40
|
|move|p2a: Altaria|Roost|p2a: Altaria
|-heal|p2a: Altaria|353\/353
|move|p1a: Amoonguss|Clear Smog|p2a: Altaria
|-supereffective|p2a: Altaria
|-damage|p2a: Altaria|255\/353
|-clearboost|p2a: Altaria
|
|turn|41
|
|switch|p2a: Skarmory|Skarmory, M|333\/333
|move|p1a: Amoonguss|Clear Smog|p2a: Skarmory
|-immune|p2a: Skarmory|[msg]
|
|turn|42
|
|switch|p1a: Zapdos|Zapdos|208\/384
|-ability|p1a: Zapdos|Pressure
|move|p2a: Skarmory|Spikes|p1a: Zapdos
|-sidestart|p1: don't use mega|Spikes
|
|turn|43
|
|switch|p2a: Altaria|Altaria-Mega, F|255\/353
|move|p1a: Zapdos|Defog|p2a: Altaria
|-unboost|p2a: Altaria|evasion|1
|-sideend|p1: don't use mega|Spikes|[from] move: Defog|[of] p1a: Zapdos
|
|turn|44
|-message|WECAMEASROMANS forfeited.
|
|win|don't use mega
|raw|Ladder updating...
|leave|WECAMEASROMANS
|player|p2
|raw|don&apos;t use mega's rating: 1778 &rarr; <strong>1792<\/strong><br \/>(+14 for winning)
|raw|WECAMEASROMANS's rating: 1665 &rarr; <strong>1651<\/strong><br \/>(-14 for losing)