|join|much professional
|join|don't use mega
|player|p1|much professional|2
|player|p2|don't use mega|101
|gametype|singles
|gen|6
|tier|OU
|rated
|clearpoke
|poke|p1|Pinsir, F
|poke|p1|Scizor, M
|poke|p1|Latias, F
|poke|p1|Azumarill, M
|poke|p1|Bisharp, F
|poke|p1|Dragonite, F
|poke|p2|Clefable, M
|poke|p2|Chansey, F
|poke|p2|Slowbro, F
|poke|p2|Zapdos
|poke|p2|Tyranitar, M
|poke|p2|Amoonguss, M
|rule|Swagger Clause: Swagger is banned
|rule|Baton Pass Clause: Limit one PokÃ©mon knowing Baton Pass
|rule|Sleep Clause Mod: Limit one foe put to sleep
|rule|Species Clause: Limit one of each PokÃ©mon
|rule|OHKO Clause: OHKO moves are banned
|rule|Moody Clause: Moody is banned
|rule|Evasion Moves Clause: Evasion moves are banned
|rule|Endless Battle Clause: Forcing endless battles is banned
|rule|HP Percentage Mod: HP is shown in percentages
|teampreview
|
|start
|switch|p1a: Dragonite|Dragonite, F|373\/373
|switch|p2a: Zapdos|Zapdos|384\/384
|-ability|p2a: Zapdos|Pressure
|turn|1
|
|move|p2a: Zapdos|Volt Switch|p1a: Dragonite
|-damage|p1a: Dragonite|327\/373
|
|switch|p2a: Clefable|Clefable, M|392\/392
|move|p1a: Dragonite|Outrage|p2a: Clefable
|-immune|p2a: Clefable|[msg]
|
|turn|2
|join|Fire house
|
|switch|p1a: Scizor|Scizor, M|281\/281
|move|p2a: Clefable|Knock Off|p1a: Scizor
|-damage|p1a: Scizor|227\/281
|-enditem|p1a: Scizor|Life Orb|[from] move: Knock Off|[of] p2a: Clefable
|
|turn|3
|
|switch|p2a: Zapdos|Zapdos|384\/384
|-ability|p2a: Zapdos|Pressure
|move|p1a: Scizor|Bullet Punch|p2a: Zapdos
|-resisted|p2a: Zapdos
|-damage|p2a: Zapdos|333\/384
|
|-heal|p2a: Zapdos|357\/384|[from] item: Leftovers
|turn|4
|
|switch|p1a: Dragonite|Dragonite, F|327\/373
|move|p2a: Zapdos|Volt Switch|p1a: Dragonite
|-damage|p1a: Dragonite|230\/373
|
|switch|p2a: Tyranitar|Tyranitar, M|342\/342
|-weather|Sandstorm
|
|-weather|Sandstorm|[upkeep]
|-damage|p1a: Dragonite|207\/373|[from] sandstorm
|turn|5
|
|move|p2a: Tyranitar|Stone Edge|p1a: Dragonite
|-supereffective|p1a: Dragonite
|-damage|p1a: Dragonite|0 fnt
|faint|p1a: Dragonite
|
|-weather|Sandstorm|[upkeep]
|
|switch|p1a: Bisharp|Bisharp, F|271\/271
|turn|6
|
|switch|p2a: Amoonguss|Amoonguss, M|430\/430
|move|p1a: Bisharp|Swords Dance|p1a: Bisharp
|-boost|p1a: Bisharp|atk|2
|
|-weather|Sandstorm|[upkeep]
|-damage|p2a: Amoonguss|404\/430|[from] sandstorm
|-heal|p2a: Amoonguss|430\/430|[from] item: Black Sludge
|turn|7
|
|move|p1a: Bisharp|Knock Off|p2a: Amoonguss
|-damage|p2a: Amoonguss|1\/430
|-enditem|p2a: Amoonguss|Black Sludge|[from] move: Knock Off|[of] p1a: Bisharp
|-damage|p1a: Bisharp|244\/271|[from] item: Life Orb
|move|p2a: Amoonguss|Spore|p1a: Bisharp
|-status|p1a: Bisharp|slp
|
|-weather|Sandstorm|[upkeep]
|-damage|p2a: Amoonguss|0 fnt|[from] sandstorm
|faint|p2a: Amoonguss
|
|switch|p2a: Zapdos|Zapdos|357\/384
|-ability|p2a: Zapdos|Pressure
|turn|8
|
|switch|p1a: Latias|Latias, F|301\/301
|move|p2a: Zapdos|Volt Switch|p1a: Latias
|-resisted|p1a: Latias
|-damage|p1a: Latias|263\/301
|
|switch|p2a: Tyranitar|Tyranitar, M|342\/342
|
|-weather|none
|turn|9
|
|move|p2a: Tyranitar|Crunch|p1a: Latias
|-supereffective|p1a: Latias
|-damage|p1a: Latias|0 fnt
|faint|p1a: Latias
|
|
|switch|p1a: Azumarill|Azumarill, M|342\/342
|turn|10
|
|switch|p2a: Zapdos|Zapdos|357\/384
|-ability|p2a: Zapdos|Pressure
|move|p1a: Azumarill|Belly Drum|p1a: Azumarill
|-damage|p1a: Azumarill|171\/342
|-setboost|p1a: Azumarill|atk|6|[from] move: Belly Drum
|-enditem|p1a: Azumarill|Sitrus Berry|[eat]
|-heal|p1a: Azumarill|256\/342|[from] item: Sitrus Berry
|
|-heal|p2a: Zapdos|381\/384|[from] item: Leftovers
|turn|11
|
|move|p1a: Azumarill|Aqua Jet|p2a: Zapdos
|-damage|p2a: Zapdos|98\/384
|move|p2a: Zapdos|Volt Switch|p1a: Azumarill
|-supereffective|p1a: Azumarill
|-damage|p1a: Azumarill|28\/342
|
|switch|p2a: Tyranitar|Tyranitar, M|342\/342
|-weather|Sandstorm
|
|-weather|Sandstorm|[upkeep]
|-damage|p1a: Azumarill|7\/342|[from] sandstorm
|turn|12
|
|switch|p2a: Zapdos|Zapdos|98\/384
|-ability|p2a: Zapdos|Pressure
|move|p1a: Azumarill|Knock Off|p2a: Zapdos
|-damage|p2a: Zapdos|0 fnt
|-enditem|p2a: Zapdos|Leftovers|[from] move: Knock Off|[of] p1a: Azumarill
|faint|p2a: Zapdos
|
|-weather|Sandstorm|[upkeep]
|-damage|p1a: Azumarill|0 fnt|[from] sandstorm
|faint|p1a: Azumarill
|
|switch|p1a: Bisharp|Bisharp, F|244\/271 slp
|switch|p2a: Chansey|Chansey, F|670\/670
|turn|13
|
|cant|p1a: Bisharp|slp
|move|p2a: Chansey|Seismic Toss|p1a: Bisharp
|-damage|p1a: Bisharp|144\/271 slp
|
|-weather|Sandstorm|[upkeep]
|-damage|p2a: Chansey|629\/670|[from] sandstorm
|turn|14
|
|-curestatus|p1a: Bisharp|slp
|move|p1a: Bisharp|Knock Off|p2a: Chansey
|-damage|p2a: Chansey|305\/670
|-enditem|p2a: Chansey|Eviolite|[from] move: Knock Off|[of] p1a: Bisharp
|-damage|p1a: Bisharp|117\/271|[from] item: Life Orb
|move|p2a: Chansey|Seismic Toss|p1a: Bisharp
|-damage|p1a: Bisharp|17\/271
|
|-weather|Sandstorm|[upkeep]
|-damage|p2a: Chansey|264\/670|[from] sandstorm
|turn|15
|
|switch|p2a: Slowbro|Slowbro, F|390\/390
|move|p1a: Bisharp|Iron Head|p2a: Slowbro
|-resisted|p2a: Slowbro
|-damage|p2a: Slowbro|326\/390
|-damage|p1a: Bisharp|0 fnt|[from] item: Life Orb
|faint|p1a: Bisharp
|
|-weather|none
|
|switch|p1a: Scizor|Scizor, M|227\/281
|turn|16
|
|move|p1a: Scizor|Swords Dance|p1a: Scizor
|-boost|p1a: Scizor|atk|2
|move|p2a: Slowbro|Scald|p1a: Scizor
|-crit|p1a: Scizor
|-damage|p1a: Scizor|70\/281
|
|turn|17
|
|move|p1a: Scizor|Bug Bite|p2a: Slowbro
|-supereffective|p2a: Slowbro
|-damage|p2a: Slowbro|0 fnt
|faint|p2a: Slowbro
|
|
|switch|p2a: Clefable|Clefable, M|392\/392
|turn|18
|
|switch|p1a: Pinsir|Pinsir, F|271\/271
|move|p2a: Clefable|Moonblast|p1a: Pinsir
|-damage|p1a: Pinsir|123\/271
|
|turn|19
|
|switch|p2a: Chansey|Chansey, F|264\/670
|detailschange|p1a: Pinsir|Pinsir-Mega, F
|-mega|p1a: Pinsir|Pinsir|Pinsirite
|move|p1a: Pinsir|Frustration|p2a: Chansey
|-damage|p2a: Chansey|0 fnt
|faint|p2a: Chansey
|
|
|switch|p2a: Tyranitar|Tyranitar, M|342\/342
|-weather|Sandstorm
|turn|20
|
|move|p2a: Tyranitar|Crunch|p1a: Pinsir
|-damage|p1a: Pinsir|0 fnt
|faint|p1a: Pinsir
|
|-weather|Sandstorm|[upkeep]
|-message|much professional forfeited.
|
|win|don't use mega
|raw|Ladder updating...
|leave|much professional
|player|p1
|raw|much professional's rating: 1657 &rarr; <strong>1641<\/strong><br \/>(-16 for losing)
|raw|don&apos;t use mega's rating: 1730 &rarr; <strong>1746<\/strong><br \/>(+16 for winning)
|leave|Fire house