|join|don't use mega
|join|Alvadora
|player|p1|don't use mega|101
|player|p2|Alvadora|256
|gametype|singles
|gen|6
|tier|OU
|rated
|clearpoke
|poke|p1|Tyranitar, M
|poke|p1|Gliscor, M
|poke|p1|Chansey, F
|poke|p1|Slowbro, F
|poke|p1|Quagsire, F
|poke|p1|Mandibuzz, F
|poke|p2|Kyurem-Black, shiny
|poke|p2|Metagross
|poke|p2|Mandibuzz, F
|poke|p2|Hippowdon, M
|poke|p2|Celebi
|poke|p2|Keldeo-Resolute
|rule|Swagger Clause: Swagger is banned
|rule|Baton Pass Clause: Limit one PokÃ©mon knowing Baton Pass
|rule|Sleep Clause Mod: Limit one foe put to sleep
|rule|Species Clause: Limit one of each PokÃ©mon
|rule|OHKO Clause: OHKO moves are banned
|rule|Moody Clause: Moody is banned
|rule|Evasion Moves Clause: Evasion moves are banned
|rule|Endless Battle Clause: Forcing endless battles is banned
|rule|HP Percentage Mod: HP is shown in percentages
|teampreview
|
|start
|switch|p1a: Slowbro|Slowbro, F|390\/390
|switch|p2a: Keldeo-Resolute|Keldeo-Resolute|323\/323
|turn|1
|
|switch|p2a: Celebi|Celebi|403\/403
|move|p1a: Slowbro|Psyshock|p2a: Celebi
|-resisted|p2a: Celebi
|-damage|p2a: Celebi|354\/403
|
|-heal|p2a: Celebi|379\/403|[from] item: Leftovers
|turn|2
|
|switch|p1a: Gliscor|Gliscor, M|350\/350
|move|p2a: Celebi|Baton Pass|p2a: Celebi
|
|switch|p2a: Keldeo-Resolute|Keldeo-Resolute|323\/323
|
|-status|p1a: Gliscor|tox|[from] item: Toxic Orb
|turn|3
|
|switch|p1a: Slowbro|Slowbro, F|390\/390
|move|p2a: Keldeo-Resolute|Scald|p1a: Slowbro
|-resisted|p1a: Slowbro
|-damage|p1a: Slowbro|301\/390
|
|-heal|p1a: Slowbro|325\/390|[from] item: Leftovers
|turn|4
|
|switch|p2a: Celebi|Celebi|379\/403
|switch|p1a: Chansey|Chansey, F|682\/682
|
|-heal|p2a: Celebi|403\/403|[from] item: Leftovers
|turn|5
|
|switch|p2a: Hippowdon|Hippowdon, M|419\/419
|-weather|Sandstorm
|move|p1a: Chansey|Stealth Rock|p2a: Hippowdon
|-sidestart|p2: Alvadora|move: Stealth Rock
|
|-weather|Sandstorm|[upkeep]
|-damage|p1a: Chansey|640\/682|[from] sandstorm
|turn|6
|
|move|p1a: Chansey|Toxic|p2a: Hippowdon
|-status|p2a: Hippowdon|tox
|move|p2a: Hippowdon|Stealth Rock|p1a: Chansey
|-sidestart|p1: don't use mega|move: Stealth Rock
|
|-weather|Sandstorm|[upkeep]
|-damage|p1a: Chansey|598\/682|[from] sandstorm
|-damage|p2a: Hippowdon|393\/419 tox|[from] psn
|turn|7
|
|switch|p2a: Metagross|Metagross|302\/302
|-damage|p2a: Metagross|284\/302|[from] Stealth Rock
|move|p1a: Chansey|Toxic|p2a: Metagross
|-fail|p2a: Metagross
|
|-weather|Sandstorm|[upkeep]
|-damage|p1a: Chansey|556\/682|[from] sandstorm
|turn|8
|
|switch|p1a: Slowbro|Slowbro, F|390\/390
|-damage|p1a: Slowbro|342\/390|[from] Stealth Rock
|detailschange|p2a: Metagross|Metagross-Mega
|-mega|p2a: Metagross|Metagross|Metagrossite
|move|p2a: Metagross|Grass Knot|p1a: Slowbro
|-supereffective|p1a: Slowbro
|-damage|p1a: Slowbro|140\/390
|
|-weather|Sandstorm|[upkeep]
|-damage|p1a: Slowbro|116\/390|[from] sandstorm
|-heal|p1a: Slowbro|140\/390|[from] item: Leftovers
|turn|9
|
|switch|p1a: Mandibuzz|Mandibuzz, F|420\/420
|-damage|p1a: Mandibuzz|315\/420|[from] Stealth Rock
|move|p2a: Metagross|Meteor Mash|p1a: Mandibuzz
|-damage|p1a: Mandibuzz|146\/420
|-damage|p2a: Metagross|234\/302|[from] item: Rocky Helmet|[of] p1a: Mandibuzz
|
|-weather|none
|turn|10
|
|move|p2a: Metagross|Meteor Mash|p1a: Mandibuzz
|-damage|p1a: Mandibuzz|0 fnt
|-damage|p2a: Metagross|184\/302|[from] item: Rocky Helmet|[of] p1a: Mandibuzz
|-boost|p2a: Metagross|atk|1
|faint|p1a: Mandibuzz
|
|join|Dyanna
|
|switch|p1a: Tyranitar|Tyranitar, M|342\/342
|-damage|p1a: Tyranitar|300\/342|[from] Stealth Rock
|-weather|Sandstorm
|turn|11
|
|switch|p2a: Mandibuzz|Mandibuzz, F|423\/423
|-damage|p2a: Mandibuzz|318\/423|[from] Stealth Rock
|move|p1a: Tyranitar|Crunch|p2a: Mandibuzz
|-resisted|p2a: Mandibuzz
|-damage|p2a: Mandibuzz|263\/423
|
|-weather|Sandstorm|[upkeep]
|-heal|p2a: Mandibuzz|289\/423|[from] item: Leftovers
|turn|12
|
|switch|p1a: Gliscor|Gliscor, M|350\/350 tox
|-damage|p1a: Gliscor|307\/350 tox|[from] Stealth Rock
|move|p2a: Mandibuzz|U-turn|p1a: Gliscor
|-resisted|p1a: Gliscor
|-damage|p1a: Gliscor|295\/350 tox
|
|switch|p2a: Keldeo-Resolute|Keldeo-Resolute|323\/323
|-damage|p2a: Keldeo-Resolute|303\/323|[from] Stealth Rock
|
|-weather|Sandstorm|[upkeep]
|-damage|p2a: Keldeo-Resolute|283\/323|[from] sandstorm
|-heal|p2a: Keldeo-Resolute|303\/323|[from] item: Leftovers
|-heal|p1a: Gliscor|338\/350 tox|[from] ability: Poison Heal
|turn|13
|
|move|p2a: Keldeo-Resolute|Scald|p1a: Gliscor
|-supereffective|p1a: Gliscor
|-damage|p1a: Gliscor|56\/350 tox
|move|p1a: Gliscor|Knock Off|p2a: Keldeo-Resolute
|-resisted|p2a: Keldeo-Resolute
|-damage|p2a: Keldeo-Resolute|261\/323
|-boost|p2a: Keldeo-Resolute|atk|1|[from] ability: Justified
|-enditem|p2a: Keldeo-Resolute|Leftovers|[from] move: Knock Off|[of] p1a: Gliscor
|
|-weather|Sandstorm|[upkeep]
|-damage|p2a: Keldeo-Resolute|241\/323|[from] sandstorm
|-heal|p1a: Gliscor|99\/350 tox|[from] ability: Poison Heal
|turn|14
|
|switch|p1a: Slowbro|Slowbro, F|270\/390
|-damage|p1a: Slowbro|222\/390|[from] Stealth Rock
|move|p2a: Keldeo-Resolute|Scald|p1a: Slowbro
|-resisted|p1a: Slowbro
|-damage|p1a: Slowbro|136\/390
|-status|p1a: Slowbro|brn
|
|-weather|Sandstorm|[upkeep]
|-damage|p2a: Keldeo-Resolute|221\/323|[from] sandstorm
|-damage|p1a: Slowbro|112\/390 brn|[from] sandstorm
|-heal|p1a: Slowbro|136\/390 brn|[from] item: Leftovers
|-damage|p1a: Slowbro|88\/390 brn|[from] brn
|turn|15
|
|move|p2a: Keldeo-Resolute|Scald|p1a: Slowbro
|-resisted|p1a: Slowbro
|-damage|p1a: Slowbro|7\/390 brn
|move|p1a: Slowbro|Slack Off|p1a: Slowbro
|-heal|p1a: Slowbro|202\/390 brn
|
|-weather|none
|-heal|p1a: Slowbro|226\/390 brn|[from] item: Leftovers
|-damage|p1a: Slowbro|178\/390 brn|[from] brn
|turn|16
|
|switch|p2a: Celebi|Celebi|403\/403
|-damage|p2a: Celebi|353\/403|[from] Stealth Rock
|move|p1a: Slowbro|Slack Off|p1a: Slowbro
|-heal|p1a: Slowbro|373\/390 brn
|
|-heal|p2a: Celebi|378\/403|[from] item: Leftovers
|-heal|p1a: Slowbro|390\/390 brn|[from] item: Leftovers
|-damage|p1a: Slowbro|342\/390 brn|[from] brn
|turn|17
|
|switch|p1a: Chansey|Chansey, F|556\/682
|-damage|p1a: Chansey|471\/682|[from] Stealth Rock
|move|p2a: Celebi|Baton Pass|p2a: Celebi
|
|switch|p2a: Metagross|Metagross-Mega|184\/302
|-damage|p2a: Metagross|166\/302|[from] Stealth Rock
|
|turn|18
|
|move|p2a: Metagross|Hammer Arm|p1a: Chansey
|-supereffective|p1a: Chansey
|-damage|p1a: Chansey|39\/682
|-unboost|p2a: Metagross|spe|1
|move|p1a: Chansey|Soft-Boiled|p1a: Chansey
|-heal|p1a: Chansey|380\/682
|
|turn|19
|
|move|p2a: Metagross|Meteor Mash|p1a: Chansey|[miss]
|-miss|p2a: Metagross|p1a: Chansey
|move|p1a: Chansey|Soft-Boiled|p1a: Chansey
|-heal|p1a: Chansey|682\/682
|
|turn|20
|c|âAlvadora|zzzzz
|
|move|p2a: Metagross|Meteor Mash|p1a: Chansey
|-damage|p1a: Chansey|354\/682
|-boost|p2a: Metagross|atk|1
|move|p1a: Chansey|Seismic Toss|p2a: Metagross
|-damage|p2a: Metagross|66\/302
|
|turn|21
|c|âAlvadora|won the other time cus of a mash miss on mandibuzz too
|
|switch|p1a: Quagsire|Quagsire, F|394\/394
|-damage|p1a: Quagsire|370\/394|[from] Stealth Rock
|move|p2a: Metagross|Meteor Mash|p1a: Quagsire
|-crit|p1a: Quagsire
|-resisted|p1a: Quagsire
|-damage|p1a: Quagsire|226\/394
|
|-heal|p1a: Quagsire|250\/394|[from] item: Leftovers
|turn|22
|c|âAlvadora|and now this
|
|move|p2a: Metagross|Grass Knot|p1a: Quagsire
|-supereffective|p1a: Quagsire
|-damage|p1a: Quagsire|0 fnt
|faint|p1a: Quagsire
|
|
|switch|p1a: Tyranitar|Tyranitar, M|300\/342
|-damage|p1a: Tyranitar|258\/342|[from] Stealth Rock
|-weather|Sandstorm
|turn|23
|c|âAlvadora|without that seismic toss dmg
|c|âAlvadora|i can eat a pursuit
|
|move|p1a: Tyranitar|Pursuit|p2a: Metagross
|-supereffective|p2a: Metagross
|-damage|p2a: Metagross|0 fnt
|faint|p2a: Metagross
|
|-weather|Sandstorm|[upkeep]
|c|âAlvadora|and play a 50\/50 game with ttar
|c|âAlvadora|zzzz
|
|switch|p2a: Kyurem-Black|Kyurem-Black, shiny|391\/391
|-damage|p2a: Kyurem-Black|294\/391|[from] Stealth Rock
|-ability|p2a: Kyurem-Black|Teravolt
|turn|24
|
|move|p2a: Kyurem-Black|Fusion Bolt|p1a: Tyranitar
|-damage|p1a: Tyranitar|143\/342
|move|p1a: Tyranitar|Pursuit|p2a: Kyurem-Black
|-damage|p2a: Kyurem-Black|218\/391
|
|-weather|Sandstorm|[upkeep]
|-damage|p2a: Kyurem-Black|194\/391|[from] sandstorm
|turn|25
|
|switch|p1a: Gliscor|Gliscor, M|99\/350 tox
|-damage|p1a: Gliscor|56\/350 tox|[from] Stealth Rock
|move|p2a: Kyurem-Black|Fusion Bolt|p1a: Gliscor
|-immune|p1a: Gliscor|[msg]
|
|-weather|Sandstorm|[upkeep]
|-damage|p2a: Kyurem-Black|170\/391|[from] sandstorm
|-heal|p1a: Gliscor|99\/350 tox|[from] ability: Poison Heal
|turn|26
|
|switch|p2a: Keldeo-Resolute|Keldeo-Resolute|221\/323
|-damage|p2a: Keldeo-Resolute|201\/323|[from] Stealth Rock
|move|p1a: Gliscor|Roost|p1a: Gliscor
|-heal|p1a: Gliscor|274\/350 tox
|
|-weather|Sandstorm|[upkeep]
|-damage|p2a: Keldeo-Resolute|181\/323|[from] sandstorm
|-heal|p1a: Gliscor|317\/350 tox|[from] ability: Poison Heal
|turn|27
|
|switch|p1a: Slowbro|Slowbro, F|390\/390 brn
|-damage|p1a: Slowbro|342\/390 brn|[from] Stealth Rock
|move|p2a: Keldeo-Resolute|Scald|p1a: Slowbro
|-resisted|p1a: Slowbro
|-damage|p1a: Slowbro|259\/390 brn
|
|-weather|none
|-heal|p1a: Slowbro|283\/390 brn|[from] item: Leftovers
|-damage|p1a: Slowbro|235\/390 brn|[from] brn
|turn|28
|
|switch|p2a: Celebi|Celebi|378\/403
|-damage|p2a: Celebi|328\/403|[from] Stealth Rock
|move|p1a: Slowbro|Slack Off|p1a: Slowbro
|-heal|p1a: Slowbro|390\/390 brn
|
|-heal|p2a: Celebi|353\/403|[from] item: Leftovers
|-damage|p1a: Slowbro|342\/390 brn|[from] brn
|turn|29
|
|switch|p1a: Gliscor|Gliscor, M|317\/350 tox
|-damage|p1a: Gliscor|274\/350 tox|[from] Stealth Rock
|move|p2a: Celebi|Giga Drain|p1a: Gliscor
|-damage|p1a: Gliscor|195\/350 tox
|-heal|p2a: Celebi|393\/403|[from] drain|[of] p1a: Gliscor
|
|-heal|p2a: Celebi|403\/403|[from] item: Leftovers
|-heal|p1a: Gliscor|238\/350 tox|[from] ability: Poison Heal
|turn|30
|
|move|p1a: Gliscor|Knock Off|p2a: Celebi
|-supereffective|p2a: Celebi
|-damage|p2a: Celebi|253\/403
|-enditem|p2a: Celebi|Leftovers|[from] move: Knock Off|[of] p1a: Gliscor
|move|p2a: Celebi|Giga Drain|p1a: Gliscor
|-damage|p1a: Gliscor|162\/350 tox
|-heal|p2a: Celebi|291\/403|[from] drain|[of] p1a: Gliscor
|
|-heal|p1a: Gliscor|205\/350 tox|[from] ability: Poison Heal
|turn|31
|
|move|p1a: Gliscor|Taunt|p2a: Celebi
|-start|p2a: Celebi|move: Taunt
|cant|p2a: Celebi|move: Taunt|Baton Pass
|
|-heal|p1a: Gliscor|248\/350 tox|[from] ability: Poison Heal
|turn|32
|
|switch|p1a: Chansey|Chansey, F|354\/682
|-damage|p1a: Chansey|269\/682|[from] Stealth Rock
|move|p2a: Celebi|Giga Drain|p1a: Chansey
|-damage|p1a: Chansey|214\/682
|-heal|p2a: Celebi|319\/403|[from] drain|[of] p1a: Chansey
|
|turn|33
|
|switch|p2a: Keldeo-Resolute|Keldeo-Resolute|181\/323
|-damage|p2a: Keldeo-Resolute|161\/323|[from] Stealth Rock
|move|p1a: Chansey|Soft-Boiled|p1a: Chansey
|-heal|p1a: Chansey|555\/682
|
|turn|34
|
|switch|p1a: Slowbro|Slowbro, F|390\/390 brn
|-damage|p1a: Slowbro|342\/390 brn|[from] Stealth Rock
|move|p2a: Keldeo-Resolute|Substitute|p2a: Keldeo-Resolute
|-start|p2a: Keldeo-Resolute|Substitute
|-damage|p2a: Keldeo-Resolute|81\/323
|
|-heal|p1a: Slowbro|366\/390 brn|[from] item: Leftovers
|-damage|p1a: Slowbro|318\/390 brn|[from] brn
|turn|35
|
|move|p2a: Keldeo-Resolute|Scald|p1a: Slowbro
|-resisted|p1a: Slowbro
|-damage|p1a: Slowbro|226\/390 brn
|move|p1a: Slowbro|Psyshock|p2a: Keldeo-Resolute
|-supereffective|p2a: Keldeo-Resolute
|-end|p2a: Keldeo-Resolute|Substitute
|
|-heal|p1a: Slowbro|250\/390 brn|[from] item: Leftovers
|-damage|p1a: Slowbro|202\/390 brn|[from] brn
|turn|36
|
|move|p2a: Keldeo-Resolute|Scald|p1a: Slowbro
|-resisted|p1a: Slowbro
|-damage|p1a: Slowbro|112\/390 brn
|move|p1a: Slowbro|Slack Off|p1a: Slowbro
|-heal|p1a: Slowbro|307\/390 brn
|
|-heal|p1a: Slowbro|331\/390 brn|[from] item: Leftovers
|-damage|p1a: Slowbro|283\/390 brn|[from] brn
|turn|37
|
|switch|p2a: Celebi|Celebi|319\/403
|-damage|p2a: Celebi|269\/403|[from] Stealth Rock
|move|p1a: Slowbro|Psyshock|p2a: Celebi
|-resisted|p2a: Celebi
|-damage|p2a: Celebi|218\/403
|
|-heal|p1a: Slowbro|307\/390 brn|[from] item: Leftovers
|-damage|p1a: Slowbro|259\/390 brn|[from] brn
|turn|38
|
|switch|p1a: Gliscor|Gliscor, M|248\/350 tox
|-damage|p1a: Gliscor|205\/350 tox|[from] Stealth Rock
|move|p2a: Celebi|Recover|p2a: Celebi
|-heal|p2a: Celebi|403\/403
|
|-heal|p1a: Gliscor|248\/350 tox|[from] ability: Poison Heal
|turn|39
|
|switch|p2a: Mandibuzz|Mandibuzz, F|289\/423
|-damage|p2a: Mandibuzz|184\/423|[from] Stealth Rock
|move|p1a: Gliscor|Taunt|p2a: Mandibuzz
|-start|p2a: Mandibuzz|move: Taunt
|
|-heal|p2a: Mandibuzz|210\/423|[from] item: Leftovers
|-heal|p1a: Gliscor|291\/350 tox|[from] ability: Poison Heal
|turn|40
|
|move|p1a: Gliscor|Knock Off|p2a: Mandibuzz
|-resisted|p2a: Mandibuzz
|-damage|p2a: Mandibuzz|180\/423
|-enditem|p2a: Mandibuzz|Leftovers|[from] move: Knock Off|[of] p1a: Gliscor
|move|p2a: Mandibuzz|U-turn|p1a: Gliscor
|-resisted|p1a: Gliscor
|-damage|p1a: Gliscor|280\/350 tox
|
|switch|p2a: Kyurem-Black|Kyurem-Black, shiny|170\/391
|-damage|p2a: Kyurem-Black|73\/391|[from] Stealth Rock
|-ability|p2a: Kyurem-Black|Teravolt
|
|-heal|p1a: Gliscor|323\/350 tox|[from] ability: Poison Heal
|turn|41
|
|switch|p1a: Tyranitar|Tyranitar, M|143\/342
|-damage|p1a: Tyranitar|101\/342|[from] Stealth Rock
|-weather|Sandstorm
|move|p2a: Kyurem-Black|Fusion Bolt|p1a: Tyranitar
|-damage|p1a: Tyranitar|0 fnt
|faint|p1a: Tyranitar
|
|-weather|Sandstorm|[upkeep]
|-damage|p2a: Kyurem-Black|49\/391|[from] sandstorm
|
|switch|p1a: Gliscor|Gliscor, M|323\/350 tox
|-damage|p1a: Gliscor|280\/350 tox|[from] Stealth Rock
|turn|42
|
|switch|p2a: Mandibuzz|Mandibuzz, F|180\/423
|-damage|p2a: Mandibuzz|75\/423|[from] Stealth Rock
|move|p1a: Gliscor|Knock Off|p2a: Mandibuzz
|-resisted|p2a: Mandibuzz
|-damage|p2a: Mandibuzz|56\/423
|
|-weather|Sandstorm|[upkeep]
|-heal|p1a: Gliscor|323\/350 tox|[from] ability: Poison Heal
|turn|43
|
|move|p1a: Gliscor|Taunt|p2a: Mandibuzz
|-start|p2a: Mandibuzz|move: Taunt
|move|p2a: Mandibuzz|Foul Play|p1a: Gliscor
|-damage|p1a: Gliscor|230\/350 tox
|
|-weather|Sandstorm|[upkeep]
|-heal|p1a: Gliscor|273\/350 tox|[from] ability: Poison Heal
|turn|44
|
|move|p1a: Gliscor|Knock Off|p2a: Mandibuzz
|-resisted|p2a: Mandibuzz
|-damage|p2a: Mandibuzz|37\/423
|move|p2a: Mandibuzz|Foul Play|p1a: Gliscor
|-damage|p1a: Gliscor|179\/350 tox
|
|-weather|Sandstorm|[upkeep]
|-heal|p1a: Gliscor|222\/350 tox|[from] ability: Poison Heal
|turn|45
|
|move|p1a: Gliscor|Roost|p1a: Gliscor
|-heal|p1a: Gliscor|350\/350 tox
|move|p2a: Mandibuzz|Foul Play|p1a: Gliscor
|-damage|p1a: Gliscor|265\/350 tox
|
|-weather|none
|-heal|p1a: Gliscor|308\/350 tox|[from] ability: Poison Heal
|-end|p2a: Mandibuzz|move: Taunt
|turn|46
|
|move|p1a: Gliscor|Taunt|p2a: Mandibuzz
|-start|p2a: Mandibuzz|move: Taunt
|move|p2a: Mandibuzz|Foul Play|p1a: Gliscor
|-damage|p1a: Gliscor|214\/350 tox
|
|-heal|p1a: Gliscor|257\/350 tox|[from] ability: Poison Heal
|turn|47
|
|move|p1a: Gliscor|Knock Off|p2a: Mandibuzz
|-resisted|p2a: Mandibuzz
|-damage|p2a: Mandibuzz|20\/423
|move|p2a: Mandibuzz|Foul Play|p1a: Gliscor
|-damage|p1a: Gliscor|161\/350 tox
|
|-heal|p1a: Gliscor|204\/350 tox|[from] ability: Poison Heal
|turn|48
|
|move|p1a: Gliscor|Knock Off|p2a: Mandibuzz
|-resisted|p2a: Mandibuzz
|-damage|p2a: Mandibuzz|0 fnt
|faint|p2a: Mandibuzz
|
|-heal|p1a: Gliscor|247\/350 tox|[from] ability: Poison Heal
|
|switch|p2a: Keldeo-Resolute|Keldeo-Resolute|81\/323
|-damage|p2a: Keldeo-Resolute|61\/323|[from] Stealth Rock
|turn|49
|
|switch|p1a: Slowbro|Slowbro, F|389\/390 brn
|-damage|p1a: Slowbro|341\/390 brn|[from] Stealth Rock
|move|p2a: Keldeo-Resolute|Scald|p1a: Slowbro
|-resisted|p1a: Slowbro
|-damage|p1a: Slowbro|261\/390 brn
|
|-heal|p1a: Slowbro|285\/390 brn|[from] item: Leftovers
|-damage|p1a: Slowbro|237\/390 brn|[from] brn
|turn|50
|c|âAlvadora|that mash miss
|
|move|p2a: Keldeo-Resolute|Scald|p1a: Slowbro
|-resisted|p1a: Slowbro
|-damage|p1a: Slowbro|159\/390 brn
|move|p1a: Slowbro|Slack Off|p1a: Slowbro
|-heal|p1a: Slowbro|354\/390 brn
|
|-heal|p1a: Slowbro|378\/390 brn|[from] item: Leftovers
|-damage|p1a: Slowbro|330\/390 brn|[from] brn
|turn|51
|c|âAlvadora|on your chansey
|c|âAlvadora|made me not able to sweep
|c|âAlvadora|your luck
|c|âAlvadora|really
|c|âAlvadora|is bullshit
|-message|Alvadora forfeited.
|
|win|don't use mega
|raw|Ladder updating...
|raw|don&apos;t use mega's rating: 1757 &rarr; <strong>1773<\/strong><br \/>(+16 for winning)
|raw|Alvadora's rating: 1692 &rarr; <strong>1676<\/strong><br \/>(-16 for losing)
|leave|Alvadora
|player|p2
|leave|Dyanna