|join|WECAMEASROMANS
|join|don't use mega
|player|p1|WECAMEASROMANS|2
|player|p2|don't use mega|101
|gametype|singles
|gen|6
|tier|OU
|rated
|clearpoke
|poke|p1|Tangrowth, F
|poke|p1|Jirachi
|poke|p1|Skarmory, M
|poke|p1|Altaria, M
|poke|p1|Tentacruel, M
|poke|p1|Tornadus-Therian, M
|poke|p2|Clefable, F
|poke|p2|Chansey, F
|poke|p2|Slowbro, F
|poke|p2|Zapdos
|poke|p2|Tyranitar, M
|poke|p2|Amoonguss, F
|rule|Swagger Clause: Swagger is banned
|rule|Baton Pass Clause: Limit one PokÃ©mon knowing Baton Pass
|rule|Sleep Clause Mod: Limit one foe put to sleep
|rule|Species Clause: Limit one of each PokÃ©mon
|rule|OHKO Clause: OHKO moves are banned
|rule|Moody Clause: Moody is banned
|rule|Evasion Moves Clause: Evasion moves are banned
|rule|Endless Battle Clause: Forcing endless battles is banned
|rule|HP Percentage Mod: HP is shown in percentages
|teampreview
|
|start
|switch|p1a: Tornadus-Therian|Tornadus-Therian, M|332\/332
|switch|p2a: Zapdos|Zapdos|384\/384
|-ability|p2a: Zapdos|Pressure
|turn|1
|
|move|p1a: Tornadus-Therian|Knock Off|p2a: Zapdos
|-damage|p2a: Zapdos|322\/384
|-enditem|p2a: Zapdos|Leftovers|[from] move: Knock Off|[of] p1a: Tornadus-Therian
|move|p2a: Zapdos|Volt Switch|p1a: Tornadus-Therian
|-supereffective|p1a: Tornadus-Therian
|-damage|p1a: Tornadus-Therian|188\/332
|
|switch|p2a: Tyranitar|Tyranitar, M|342\/342
|-weather|Sandstorm
|
|-weather|Sandstorm|[upkeep]
|-damage|p1a: Tornadus-Therian|168\/332|[from] sandstorm
|turn|2
|
|switch|p1a: Jirachi|Jirachi|404\/404
|move|p2a: Tyranitar|Stone Edge|p1a: Jirachi
|-resisted|p1a: Jirachi
|-damage|p1a: Jirachi|308\/404
|
|-weather|Sandstorm|[upkeep]
|-heal|p1a: Jirachi|333\/404|[from] item: Leftovers
|turn|3
|
|switch|p2a: Zapdos|Zapdos|322\/384
|-ability|p2a: Zapdos|Pressure
|move|p1a: Jirachi|Stealth Rock|p2a: Zapdos
|-sidestart|p2: don't use mega|move: Stealth Rock
|
|-weather|Sandstorm|[upkeep]
|-damage|p2a: Zapdos|298\/384|[from] sandstorm
|-heal|p1a: Jirachi|358\/404|[from] item: Leftovers
|turn|4
|
|switch|p1a: Tangrowth|Tangrowth, F|403\/403
|move|p2a: Zapdos|Heat Wave|p1a: Tangrowth
|-supereffective|p1a: Tangrowth
|-damage|p1a: Tangrowth|259\/403
|
|-weather|Sandstorm|[upkeep]
|-damage|p2a: Zapdos|274\/384|[from] sandstorm
|-damage|p1a: Tangrowth|234\/403|[from] sandstorm
|turn|5
|
|switch|p1a: Altaria|Altaria, M|353\/353
|move|p2a: Zapdos|Defog|p1a: Altaria
|-unboost|p1a: Altaria|evasion|1
|-sideend|p2: don't use mega|Stealth Rock|[from] move: Defog|[of] p2a: Zapdos
|
|-weather|none
|turn|6
|
|detailschange|p1a: Altaria|Altaria-Mega, M
|-mega|p1a: Altaria|Altaria|Altarianite
|move|p2a: Zapdos|Volt Switch|p1a: Altaria
|-resisted|p1a: Altaria
|-damage|p1a: Altaria|306\/353
|
|switch|p2a: Chansey|Chansey, F|670\/670
|move|p1a: Altaria|Dragon Dance|p1a: Altaria
|-boost|p1a: Altaria|atk|1
|-boost|p1a: Altaria|spe|1
|
|turn|7
|
|move|p1a: Altaria|Dragon Dance|p1a: Altaria
|-boost|p1a: Altaria|atk|1
|-boost|p1a: Altaria|spe|1
|move|p2a: Chansey|Thunder Wave|p1a: Altaria
|-status|p1a: Altaria|par
|
|turn|8
|
|switch|p2a: Amoonguss|Amoonguss, F|430\/430
|move|p1a: Altaria|Refresh|p1a: Altaria
|-curestatus|p1a: Altaria|par
|
|turn|9
|
|switch|p1a: Tentacruel|Tentacruel, M|364\/364
|move|p2a: Amoonguss|Clear Smog|p1a: Tentacruel
|-crit|p1a: Tentacruel
|-resisted|p1a: Tentacruel
|-damage|p1a: Tentacruel|330\/364
|-clearboost|p1a: Tentacruel
|
|-heal|p1a: Tentacruel|352\/364|[from] item: Black Sludge
|turn|10
|
|switch|p2a: Zapdos|Zapdos|274\/384
|-ability|p2a: Zapdos|Pressure
|move|p1a: Tentacruel|Scald|p2a: Zapdos
|-damage|p2a: Zapdos|195\/384
|
|-heal|p1a: Tentacruel|364\/364|[from] item: Black Sludge
|turn|11
|
|switch|p1a: Altaria|Altaria-Mega, M|306\/353
|move|p2a: Zapdos|Volt Switch|p1a: Altaria
|-resisted|p1a: Altaria
|-damage|p1a: Altaria|261\/353
|
|switch|p2a: Tyranitar|Tyranitar, M|342\/342
|-weather|Sandstorm
|
|-weather|Sandstorm|[upkeep]
|-damage|p1a: Altaria|239\/353|[from] sandstorm
|turn|12
|
|move|p2a: Tyranitar|Stone Edge|p1a: Altaria
|-damage|p1a: Altaria|107\/353
|move|p1a: Altaria|Roost|p1a: Altaria
|-heal|p1a: Altaria|284\/353
|
|-weather|Sandstorm|[upkeep]
|-damage|p1a: Altaria|262\/353|[from] sandstorm
|turn|13
|
|switch|p2a: Chansey|Chansey, F|670\/670
|move|p1a: Altaria|Return|p2a: Chansey
|-damage|p2a: Chansey|465\/670
|
|-weather|Sandstorm|[upkeep]
|-damage|p1a: Altaria|240\/353|[from] sandstorm
|-damage|p2a: Chansey|424\/670|[from] sandstorm
|turn|14
|
|move|p1a: Altaria|Dragon Dance|p1a: Altaria
|-boost|p1a: Altaria|atk|1
|-boost|p1a: Altaria|spe|1
|move|p2a: Chansey|Stealth Rock|p1a: Altaria
|-sidestart|p1: WECAMEASROMANS|move: Stealth Rock
|
|-weather|Sandstorm|[upkeep]
|-damage|p1a: Altaria|218\/353|[from] sandstorm
|-damage|p2a: Chansey|383\/670|[from] sandstorm
|turn|15
|
|switch|p2a: Amoonguss|Amoonguss, F|430\/430
|move|p1a: Altaria|Return|p2a: Amoonguss
|-resisted|p2a: Amoonguss
|-damage|p2a: Amoonguss|316\/430
|
|-weather|none
|-heal|p2a: Amoonguss|342\/430|[from] item: Black Sludge
|turn|16
|
|switch|p1a: Tentacruel|Tentacruel, M|364\/364
|-damage|p1a: Tentacruel|319\/364|[from] Stealth Rock
|move|p2a: Amoonguss|Spore|p1a: Tentacruel
|-status|p1a: Tentacruel|slp
|
|-heal|p1a: Tentacruel|341\/364 slp|[from] item: Black Sludge
|-heal|p2a: Amoonguss|368\/430|[from] item: Black Sludge
|turn|17
|
|switch|p1a: Jirachi|Jirachi|358\/404
|-damage|p1a: Jirachi|333\/404|[from] Stealth Rock
|switch|p2a: Zapdos|Zapdos|195\/384
|-ability|p2a: Zapdos|Pressure
|
|-heal|p1a: Jirachi|358\/404|[from] item: Leftovers
|turn|18
|
|move|p1a: Jirachi|Protect|p1a: Jirachi
|-singleturn|p1a: Jirachi|Protect
|move|p2a: Zapdos|Heat Wave|p1a: Jirachi
|-activate|p1a: Jirachi|Protect
|
|-heal|p1a: Jirachi|383\/404|[from] item: Leftovers
|turn|19
|
|move|p1a: Jirachi|Stealth Rock|p2a: Zapdos
|-sidestart|p2: don't use mega|move: Stealth Rock
|move|p2a: Zapdos|Heat Wave|p1a: Jirachi
|-supereffective|p1a: Jirachi
|-damage|p1a: Jirachi|251\/404
|-status|p1a: Jirachi|brn
|
|-heal|p1a: Jirachi|276\/404 brn|[from] item: Leftovers
|-damage|p1a: Jirachi|226\/404 brn|[from] brn
|turn|20
|c|âWECAMEASROMANS|fk dat
|
|switch|p1a: Altaria|Altaria-Mega, M|218\/353
|-damage|p1a: Altaria|174\/353|[from] Stealth Rock
|move|p2a: Zapdos|Roost|p2a: Zapdos
|-heal|p2a: Zapdos|384\/384
|
|turn|21
|
|move|p2a: Zapdos|Volt Switch|p1a: Altaria
|-resisted|p1a: Altaria
|-damage|p1a: Altaria|132\/353
|
|switch|p2a: Clefable|Clefable, F|392\/392
|move|p1a: Altaria|Roost|p1a: Altaria
|-heal|p1a: Altaria|309\/353
|
|turn|22
|
|switch|p1a: Tangrowth|Tangrowth, F|368\/403
|-damage|p1a: Tangrowth|318\/403|[from] Stealth Rock
|move|p2a: Clefable|Moonblast|p1a: Tangrowth
|-damage|p1a: Tangrowth|231\/403
|
|turn|23
|
|move|p2a: Clefable|Knock Off|p1a: Tangrowth
|-damage|p1a: Tangrowth|194\/403
|-enditem|p1a: Tangrowth|Assault Vest|[from] move: Knock Off|[of] p2a: Clefable
|move|p1a: Tangrowth|Knock Off|p2a: Clefable
|-resisted|p2a: Clefable
|-damage|p2a: Clefable|359\/392
|-enditem|p2a: Clefable|Shed Shell|[from] move: Knock Off|[of] p1a: Tangrowth
|
|turn|24
|
|switch|p1a: Tentacruel|Tentacruel, M|341\/364 slp
|-damage|p1a: Tentacruel|296\/364 slp|[from] Stealth Rock
|move|p2a: Clefable|Moonblast|p1a: Tentacruel
|-resisted|p1a: Tentacruel
|-damage|p1a: Tentacruel|248\/364 slp
|
|-heal|p1a: Tentacruel|270\/364 slp|[from] item: Black Sludge
|turn|25
|
|cant|p1a: Tentacruel|slp
|move|p2a: Clefable|Knock Off|p1a: Tentacruel
|-damage|p1a: Tentacruel|221\/364 slp
|-enditem|p1a: Tentacruel|Black Sludge|[from] move: Knock Off|[of] p2a: Clefable
|
|turn|26
|
|switch|p2a: Zapdos|Zapdos|384\/384
|-damage|p2a: Zapdos|288\/384|[from] Stealth Rock
|-ability|p2a: Zapdos|Pressure
|cant|p1a: Tentacruel|slp
|
|turn|27
|
|switch|p1a: Altaria|Altaria-Mega, M|309\/353
|-damage|p1a: Altaria|265\/353|[from] Stealth Rock
|move|p2a: Zapdos|Volt Switch|p1a: Altaria
|-resisted|p1a: Altaria
|-damage|p1a: Altaria|220\/353
|join|etaoi
|
|switch|p2a: Clefable|Clefable, F|359\/392
|
|turn|28
|
|switch|p1a: Tentacruel|Tentacruel, M|221\/364 slp
|-damage|p1a: Tentacruel|176\/364 slp|[from] Stealth Rock
|move|p2a: Clefable|Moonblast|p1a: Tentacruel
|-resisted|p1a: Tentacruel
|-damage|p1a: Tentacruel|130\/364 slp
|
|turn|29
|
|switch|p2a: Zapdos|Zapdos|288\/384
|-damage|p2a: Zapdos|192\/384|[from] Stealth Rock
|-ability|p2a: Zapdos|Pressure
|-curestatus|p1a: Tentacruel|slp
|move|p1a: Tentacruel|Rapid Spin|p2a: Zapdos
|-damage|p2a: Zapdos|184\/384
|-sideend|p1: WECAMEASROMANS|Stealth Rock|[from] move: Rapid Spin|[of] p1a: Tentacruel
|
|turn|30
|
|switch|p1a: Altaria|Altaria-Mega, M|220\/353
|move|p2a: Zapdos|Defog|p1a: Altaria
|-unboost|p1a: Altaria|evasion|1
|-sideend|p2: don't use mega|Stealth Rock|[from] move: Defog|[of] p2a: Zapdos
|
|turn|31
|
|move|p2a: Zapdos|Roost|p2a: Zapdos
|-heal|p2a: Zapdos|376\/384
|move|p1a: Altaria|Return|p2a: Zapdos
|-damage|p2a: Zapdos|235\/384
|
|turn|32
|
|move|p2a: Zapdos|Volt Switch|p1a: Altaria
|-resisted|p1a: Altaria
|-damage|p1a: Altaria|179\/353
|
|switch|p2a: Amoonguss|Amoonguss, F|430\/430
|move|p1a: Altaria|Return|p2a: Amoonguss
|-resisted|p2a: Amoonguss
|-damage|p2a: Amoonguss|352\/430
|
|-heal|p2a: Amoonguss|378\/430|[from] item: Black Sludge
|turn|33
|
|switch|p1a: Tornadus-Therian|Tornadus-Therian, M|278\/332
|move|p2a: Amoonguss|Spore|p1a: Tornadus-Therian
|-status|p1a: Tornadus-Therian|slp
|
|-heal|p2a: Amoonguss|404\/430|[from] item: Black Sludge
|turn|34
|
|switch|p2a: Zapdos|Zapdos|235\/384
|-ability|p2a: Zapdos|Pressure
|cant|p1a: Tornadus-Therian|slp
|
|turn|35
|
|switch|p1a: Altaria|Altaria-Mega, M|179\/353
|move|p2a: Zapdos|Volt Switch|p1a: Altaria
|-resisted|p1a: Altaria
|-damage|p1a: Altaria|134\/353
|join|96 Exp
|
|switch|p2a: Tyranitar|Tyranitar, M|342\/342
|-weather|Sandstorm
|
|-weather|Sandstorm|[upkeep]
|-damage|p1a: Altaria|112\/353|[from] sandstorm
|turn|36
|
|switch|p1a: Skarmory|Skarmory, M|333\/333
|move|p2a: Tyranitar|Crunch|p1a: Skarmory
|-damage|p1a: Skarmory|254\/333
|-unboost|p1a: Skarmory|def|1
|
|-weather|Sandstorm|[upkeep]
|turn|37
|c| 96 Exp|Wow
|
|switch|p2a: Zapdos|Zapdos|235\/384
|-ability|p2a: Zapdos|Pressure
|move|p1a: Skarmory|Spikes|p2a: Zapdos
|-sidestart|p2: don't use mega|Spikes
|
|-weather|Sandstorm|[upkeep]
|-damage|p2a: Zapdos|211\/384|[from] sandstorm
|turn|38
|c| 96 Exp|He doesn't use mega
|c| 96 Exp|@
|
|switch|p1a: Altaria|Altaria-Mega, M|112\/353
|move|p2a: Zapdos|Heat Wave|p1a: Altaria
|-resisted|p1a: Altaria
|-damage|p1a: Altaria|75\/353
|
|-weather|Sandstorm|[upkeep]
|-damage|p2a: Zapdos|187\/384|[from] sandstorm
|-damage|p1a: Altaria|53\/353|[from] sandstorm
|turn|39
|
|move|p2a: Zapdos|Volt Switch|p1a: Altaria
|-resisted|p1a: Altaria
|-damage|p1a: Altaria|11\/353
|
|switch|p2a: Clefable|Clefable, F|359\/392
|move|p1a: Altaria|Roost|p1a: Altaria
|-heal|p1a: Altaria|188\/353
|
|-weather|none
|turn|40
|
|switch|p1a: Tentacruel|Tentacruel, M|130\/364
|move|p2a: Clefable|Knock Off|p1a: Tentacruel
|-damage|p1a: Tentacruel|97\/364
|
|turn|41
|
|move|p1a: Tentacruel|Rest|p1a: Tentacruel
|-status|p1a: Tentacruel|slp
|-heal|p1a: Tentacruel|364\/364 slp|[silent]
|-status|p1a: Tentacruel|slp|[from] move: Rest
|move|p2a: Clefable|Knock Off|p1a: Tentacruel
|-damage|p1a: Tentacruel|330\/364 slp
|
|turn|42
|
|switch|p1a: Tangrowth|Tangrowth, F|328\/403
|switch|p2a: Zapdos|Zapdos|187\/384
|-ability|p2a: Zapdos|Pressure
|
|turn|43
|
|switch|p1a: Altaria|Altaria-Mega, M|188\/353
|move|p2a: Zapdos|Roost|p2a: Zapdos
|-heal|p2a: Zapdos|379\/384
|
|turn|44
|
|move|p2a: Zapdos|Volt Switch|p1a: Altaria
|-crit|p1a: Altaria
|-resisted|p1a: Altaria
|-damage|p1a: Altaria|119\/353
|
|switch|p2a: Amoonguss|Amoonguss, F|430\/430
|-damage|p2a: Amoonguss|377\/430|[from] Spikes
|move|p1a: Altaria|Roost|p1a: Altaria
|-heal|p1a: Altaria|296\/353
|
|-heal|p2a: Amoonguss|403\/430|[from] item: Black Sludge
|turn|45
|
|switch|p1a: Tornadus-Therian|Tornadus-Therian, M|332\/332 slp
|switch|p2a: Zapdos|Zapdos|379\/384
|-ability|p2a: Zapdos|Pressure
|
|turn|46
|
|switch|p1a: Tangrowth|Tangrowth, F|403\/403
|move|p2a: Zapdos|Volt Switch|p1a: Tangrowth
|-resisted|p1a: Tangrowth
|-damage|p1a: Tangrowth|343\/403
|
|switch|p2a: Clefable|Clefable, F|359\/392
|
|turn|47
|
|move|p2a: Clefable|Moonblast|p1a: Tangrowth
|-damage|p1a: Tangrowth|202\/403
|-unboost|p1a: Tangrowth|spa|1
|move|p1a: Tangrowth|Giga Drain|p2a: Clefable
|-damage|p2a: Clefable|289\/392
|-heal|p1a: Tangrowth|237\/403|[from] drain|[of] p2a: Clefable
|
|turn|48
|
|switch|p1a: Tentacruel|Tentacruel, M|330\/364 slp
|move|p2a: Clefable|Calm Mind|p2a: Clefable
|-boost|p2a: Clefable|spa|1
|-boost|p2a: Clefable|spd|1
|
|turn|49
|
|cant|p1a: Tentacruel|slp
|move|p2a: Clefable|Calm Mind|p2a: Clefable
|-boost|p2a: Clefable|spa|1
|-boost|p2a: Clefable|spd|1
|
|turn|50
|
|cant|p1a: Tentacruel|slp
|move|p2a: Clefable|Moonblast|p1a: Tentacruel
|-resisted|p1a: Tentacruel
|-damage|p1a: Tentacruel|237\/364 slp
|-unboost|p1a: Tentacruel|spa|1
|
|turn|51
|
|-curestatus|p1a: Tentacruel|slp
|move|p1a: Tentacruel|Haze|p1a: Tentacruel
|-clearallboost
|move|p2a: Clefable|Moonblast|p1a: Tentacruel
|-resisted|p1a: Tentacruel
|-damage|p1a: Tentacruel|195\/364
|-unboost|p1a: Tentacruel|spa|1
|
|turn|52
|
|move|p1a: Tentacruel|Rest|p1a: Tentacruel
|-status|p1a: Tentacruel|slp
|-heal|p1a: Tentacruel|364\/364 slp|[silent]
|-status|p1a: Tentacruel|slp|[from] move: Rest
|move|p2a: Clefable|Calm Mind|p2a: Clefable
|-boost|p2a: Clefable|spa|1
|-boost|p2a: Clefable|spd|1
|
|turn|53
|
|cant|p1a: Tentacruel|slp
|move|p2a: Clefable|Calm Mind|p2a: Clefable
|-boost|p2a: Clefable|spa|1
|-boost|p2a: Clefable|spd|1
|
|turn|54
|
|cant|p1a: Tentacruel|slp
|move|p2a: Clefable|Moonblast|p1a: Tentacruel
|-resisted|p1a: Tentacruel
|-damage|p1a: Tentacruel|268\/364 slp
|
|turn|55
|
|-curestatus|p1a: Tentacruel|slp
|move|p1a: Tentacruel|Haze|p1a: Tentacruel
|-clearallboost
|move|p2a: Clefable|Moonblast|p1a: Tentacruel
|-resisted|p1a: Tentacruel
|-damage|p1a: Tentacruel|226\/364
|
|turn|56
|
|switch|p2a: Zapdos|Zapdos|379\/384
|-ability|p2a: Zapdos|Pressure
|move|p1a: Tentacruel|Scald|p2a: Zapdos
|-damage|p2a: Zapdos|294\/384
|
|turn|57
|
|switch|p1a: Tangrowth|Tangrowth, F|371\/403
|move|p2a: Zapdos|Volt Switch|p1a: Tangrowth
|-resisted|p1a: Tangrowth
|-damage|p1a: Tangrowth|307\/403
|
|switch|p2a: Clefable|Clefable, F|289\/392
|
|turn|58
|
|switch|p2a: Zapdos|Zapdos|294\/384
|-ability|p2a: Zapdos|Pressure
|switch|p1a: Tentacruel|Tentacruel, M|226\/364
|
|turn|59
|
|switch|p1a: Tangrowth|Tangrowth, F|403\/403
|move|p2a: Zapdos|Defog|p1a: Tangrowth
|-unboost|p1a: Tangrowth|evasion|1
|-sideend|p2: don't use mega|Spikes|[from] move: Defog|[of] p2a: Zapdos
|
|turn|60
|
|switch|p1a: Altaria|Altaria-Mega, M|296\/353
|move|p2a: Zapdos|Heat Wave|p1a: Altaria
|-resisted|p1a: Altaria
|-damage|p1a: Altaria|253\/353
|
|turn|61
|
|move|p2a: Zapdos|Volt Switch|p1a: Altaria
|-resisted|p1a: Altaria
|-damage|p1a: Altaria|212\/353
|
|switch|p2a: Amoonguss|Amoonguss, F|430\/430
|move|p1a: Altaria|Return|p2a: Amoonguss
|-resisted|p2a: Amoonguss
|-damage|p2a: Amoonguss|347\/430
|
|-heal|p2a: Amoonguss|373\/430|[from] item: Black Sludge
|turn|62
|
|switch|p1a: Tornadus-Therian|Tornadus-Therian, M|332\/332 slp
|switch|p2a: Zapdos|Zapdos|294\/384
|-ability|p2a: Zapdos|Pressure
|
|turn|63
|
|switch|p1a: Altaria|Altaria-Mega, M|212\/353
|move|p2a: Zapdos|Volt Switch|p1a: Altaria
|-resisted|p1a: Altaria
|-damage|p1a: Altaria|171\/353
|
|switch|p2a: Chansey|Chansey, F|383\/670
|
|turn|64
|
|switch|p1a: Skarmory|Skarmory, M|254\/333
|move|p2a: Chansey|Thunder Wave|p1a: Skarmory
|-status|p1a: Skarmory|par
|
|turn|65
|
|move|p2a: Chansey|Stealth Rock|p1a: Skarmory
|-sidestart|p1: WECAMEASROMANS|move: Stealth Rock
|move|p1a: Skarmory|Roost|p1a: Skarmory
|-heal|p1a: Skarmory|333\/333 par
|
|turn|66
|
|switch|p2a: Zapdos|Zapdos|294\/384
|-ability|p2a: Zapdos|Pressure
|move|p1a: Skarmory|Defog|p2a: Zapdos
|-unboost|p2a: Zapdos|evasion|1
|-sideend|p1: WECAMEASROMANS|Stealth Rock|[from] move: Defog|[of] p1a: Skarmory
|
|turn|67
|
|switch|p1a: Altaria|Altaria-Mega, M|171\/353
|move|p2a: Zapdos|Volt Switch|p1a: Altaria
|-resisted|p1a: Altaria
|-damage|p1a: Altaria|130\/353
|
|switch|p2a: Clefable|Clefable, F|289\/392
|
|turn|68
|
|switch|p1a: Tentacruel|Tentacruel, M|226\/364
|switch|p2a: Zapdos|Zapdos|294\/384
|-ability|p2a: Zapdos|Pressure
|
|turn|69
|
|move|p2a: Zapdos|Volt Switch|p1a: Tentacruel
|-supereffective|p1a: Tentacruel
|-damage|p1a: Tentacruel|62\/364
|
|switch|p2a: Chansey|Chansey, F|383\/670
|move|p1a: Tentacruel|Rest|p1a: Tentacruel
|-status|p1a: Tentacruel|slp
|-heal|p1a: Tentacruel|364\/364 slp|[silent]
|-status|p1a: Tentacruel|slp|[from] move: Rest
|
|turn|70
|
|switch|p1a: Skarmory|Skarmory, M|333\/333 par
|move|p2a: Chansey|Stealth Rock|p1a: Skarmory
|-sidestart|p1: WECAMEASROMANS|move: Stealth Rock
|
|turn|71
|
|switch|p2a: Zapdos|Zapdos|294\/384
|-ability|p2a: Zapdos|Pressure
|move|p1a: Skarmory|Spikes|p2a: Zapdos
|-sidestart|p2: don't use mega|Spikes
|
|turn|72
|
|switch|p1a: Tangrowth|Tangrowth, F|403\/403
|-damage|p1a: Tangrowth|353\/403|[from] Stealth Rock
|move|p2a: Zapdos|Heat Wave|p1a: Tangrowth
|-crit|p1a: Tangrowth
|-supereffective|p1a: Tangrowth
|-damage|p1a: Tangrowth|1\/403
|
|turn|73
|
|switch|p1a: Altaria|Altaria-Mega, M|130\/353
|-damage|p1a: Altaria|86\/353|[from] Stealth Rock
|move|p2a: Zapdos|Volt Switch|p1a: Altaria
|-resisted|p1a: Altaria
|-damage|p1a: Altaria|41\/353
|
|switch|p2a: Tyranitar|Tyranitar, M|342\/342
|-damage|p2a: Tyranitar|300\/342|[from] Spikes
|-weather|Sandstorm
|
|-weather|Sandstorm|[upkeep]
|-damage|p1a: Altaria|19\/353|[from] sandstorm
|turn|74
|-message|WECAMEASROMANS forfeited.
|
|win|don't use mega
|raw|Ladder updating...
|leave|WECAMEASROMANS
|player|p1
|raw|WECAMEASROMANS's rating: 1697 &rarr; <strong>1680<\/strong><br \/>(-17 for losing)
|raw|don&apos;t use mega's rating: 1741 &rarr; <strong>1758<\/strong><br \/>(+17 for winning)
|leave|etaoi
|leave|96 Exp
|join|96 Exp
|leave|96 Exp