|join|don't use mega
|join|fuckyoo im asian
|player|p1|don't use mega|101
|player|p2|fuckyoo im asian|265
|gametype|singles
|gen|6
|tier|OU
|rated
|clearpoke
|poke|p1|Clefable, F
|poke|p1|Chansey, F
|poke|p1|Slowbro, F
|poke|p1|Zapdos
|poke|p1|Tyranitar, M
|poke|p1|Amoonguss, M
|poke|p2|Skarmory, F
|poke|p2|Landorus, M
|poke|p2|Bisharp, M
|poke|p2|Garchomp, M
|poke|p2|Scizor, F
|poke|p2|Mew
|rule|Swagger Clause: Swagger is banned
|rule|Baton Pass Clause: Limit one PokÃ©mon knowing Baton Pass
|rule|Sleep Clause Mod: Limit one foe put to sleep
|rule|Species Clause: Limit one of each PokÃ©mon
|rule|OHKO Clause: OHKO moves are banned
|rule|Moody Clause: Moody is banned
|rule|Evasion Moves Clause: Evasion moves are banned
|rule|Endless Battle Clause: Forcing endless battles is banned
|rule|HP Percentage Mod: HP is shown in percentages
|teampreview
|
|start
|switch|p1a: Zapdos|Zapdos|384\/384
|switch|p2a: Garchomp|Garchomp, M|357\/357
|-ability|p1a: Zapdos|Pressure
|turn|1
|
|switch|p2a: Mew|Mew|404\/404
|move|p1a: Zapdos|Heat Wave|p2a: Mew
|-damage|p2a: Mew|334\/404
|
|-heal|p2a: Mew|359\/404|[from] item: Leftovers
|turn|2
|
|move|p2a: Mew|Will-O-Wisp|p1a: Zapdos
|-status|p1a: Zapdos|brn
|move|p1a: Zapdos|Volt Switch|p2a: Mew
|-damage|p2a: Mew|274\/404
|
|switch|p1a: Tyranitar|Tyranitar, M|342\/342
|-weather|Sandstorm
|
|-weather|Sandstorm|[upkeep]
|-damage|p2a: Mew|249\/404|[from] sandstorm
|-heal|p2a: Mew|274\/404|[from] item: Leftovers
|turn|3
|
|switch|p1a: Clefable|Clefable, F|392\/392
|move|p2a: Mew|Will-O-Wisp|p1a: Clefable
|-status|p1a: Clefable|brn
|
|-weather|Sandstorm|[upkeep]
|-damage|p2a: Mew|249\/404|[from] sandstorm
|-heal|p2a: Mew|274\/404|[from] item: Leftovers
|turn|4
|
|move|p2a: Mew|Knock Off|p1a: Clefable
|-crit|p1a: Clefable
|-resisted|p1a: Clefable
|-damage|p1a: Clefable|342\/392 brn
|-enditem|p1a: Clefable|Shed Shell|[from] move: Knock Off|[of] p2a: Mew
|move|p1a: Clefable|Knock Off|p2a: Mew
|-supereffective|p2a: Mew
|-damage|p2a: Mew|218\/404
|-enditem|p2a: Mew|Leftovers|[from] move: Knock Off|[of] p1a: Clefable
|
|-weather|Sandstorm|[upkeep]
|-damage|p2a: Mew|193\/404|[from] sandstorm
|turn|5
|join|jwhyon
|
|move|p2a: Mew|Soft-Boiled|p2a: Mew
|-heal|p2a: Mew|395\/404
|move|p1a: Clefable|Moonblast|p2a: Mew
|-damage|p2a: Mew|310\/404
|
|-weather|Sandstorm|[upkeep]
|-damage|p2a: Mew|285\/404|[from] sandstorm
|turn|6
|
|switch|p2a: Skarmory|Skarmory, F|333\/333
|switch|p1a: Zapdos|Zapdos|384\/384 brn
|-ability|p1a: Zapdos|Pressure
|
|-weather|none
|-damage|p1a: Zapdos|336\/384 brn|[from] brn
|turn|7
|
|switch|p2a: Landorus|Landorus, M|319\/319
|move|p1a: Zapdos|Heat Wave|p2a: Landorus
|-damage|p2a: Landorus|190\/319
|
|-heal|p1a: Zapdos|360\/384 brn|[from] item: Leftovers
|-damage|p1a: Zapdos|312\/384 brn|[from] brn
|turn|8
|
|switch|p1a: Chansey|Chansey, F|670\/670
|move|p2a: Landorus|Knock Off|p1a: Chansey
|-damage|p1a: Chansey|502\/670
|-enditem|p1a: Chansey|Eviolite|[from] move: Knock Off|[of] p2a: Landorus
|-damage|p2a: Landorus|159\/319|[from] item: Life Orb
|
|turn|9
|
|switch|p2a: Garchomp|Garchomp, M|357\/357
|move|p1a: Chansey|Soft-Boiled|p1a: Chansey
|-heal|p1a: Chansey|670\/670
|
|turn|10
|
|move|p2a: Garchomp|Stealth Rock|p1a: Chansey
|-sidestart|p1: don't use mega|move: Stealth Rock
|move|p1a: Chansey|Stealth Rock|p2a: Garchomp
|-sidestart|p2: fuckyoo im asian|move: Stealth Rock
|
|turn|11
|
|switch|p1a: Slowbro|Slowbro, F|390\/390
|-damage|p1a: Slowbro|342\/390|[from] Stealth Rock
|move|p2a: Garchomp|Swords Dance|p2a: Garchomp
|-boost|p2a: Garchomp|atk|2
|
|turn|12
|
|switch|p2a: Skarmory|Skarmory, F|333\/333
|-damage|p2a: Skarmory|292\/333|[from] Stealth Rock
|move|p1a: Slowbro|Trick|p2a: Skarmory
|-activate|p1a: Slowbro|move: Trick|[of] p2a: Skarmory
|-item|p2a: Skarmory|Lagging Tail|[from] move: Trick
|-item|p1a: Slowbro|Rocky Helmet|[from] move: Trick
|
|turn|13
|
|switch|p2a: Garchomp|Garchomp, M|357\/357
|-damage|p2a: Garchomp|335\/357|[from] Stealth Rock
|move|p1a: Slowbro|Scald|p2a: Garchomp
|-damage|p2a: Garchomp|230\/357
|
|turn|14
|
|switch|p2a: Mew|Mew|285\/404
|-damage|p2a: Mew|235\/404|[from] Stealth Rock
|move|p1a: Slowbro|Scald|p2a: Mew
|-damage|p2a: Mew|156\/404
|
|turn|15
|
|switch|p1a: Clefable|Clefable, F|342\/392 brn
|move|p2a: Mew|Soft-Boiled|p2a: Mew
|-heal|p2a: Mew|358\/404
|
|turn|16
|
|switch|p2a: Skarmory|Skarmory, F|292\/333
|-damage|p2a: Skarmory|251\/333|[from] Stealth Rock
|move|p1a: Clefable|Knock Off|p2a: Skarmory
|-damage|p2a: Skarmory|235\/333
|-enditem|p2a: Skarmory|Lagging Tail|[from] move: Knock Off|[of] p1a: Clefable
|
|turn|17
|
|switch|p1a: Zapdos|Zapdos|312\/384 brn
|-damage|p1a: Zapdos|216\/384 brn|[from] Stealth Rock
|-ability|p1a: Zapdos|Pressure
|move|p2a: Skarmory|Spikes|p1a: Zapdos
|-sidestart|p1: don't use mega|Spikes
|
|-heal|p1a: Zapdos|240\/384 brn|[from] item: Leftovers
|-damage|p1a: Zapdos|192\/384 brn|[from] brn
|turn|18
|
|switch|p2a: Garchomp|Garchomp, M|230\/357
|-damage|p2a: Garchomp|208\/357|[from] Stealth Rock
|move|p1a: Zapdos|Defog|p2a: Garchomp
|-unboost|p2a: Garchomp|evasion|1
|-sideend|p2: fuckyoo im asian|Stealth Rock|[from] move: Defog|[of] p2a: Garchomp
|-sideend|p1: don't use mega|Spikes|[from] move: Defog|[of] p1a: Zapdos
|-sideend|p1: don't use mega|Stealth Rock|[from] move: Defog|[of] p1a: Zapdos
|
|-heal|p1a: Zapdos|216\/384 brn|[from] item: Leftovers
|-damage|p1a: Zapdos|168\/384 brn|[from] brn
|turn|19
|
|move|p2a: Garchomp|Dragon Claw|p1a: Zapdos
|-damage|p1a: Zapdos|56\/384 brn
|move|p1a: Zapdos|Roost|p1a: Zapdos
|-heal|p1a: Zapdos|248\/384 brn
|
|-heal|p1a: Zapdos|272\/384 brn|[from] item: Leftovers
|-damage|p1a: Zapdos|224\/384 brn|[from] brn
|turn|20
|
|switch|p1a: Chansey|Chansey, F|670\/670
|move|p2a: Garchomp|Swords Dance|p2a: Garchomp
|-boost|p2a: Garchomp|atk|2
|
|turn|21
|
|switch|p1a: Clefable|Clefable, F|342\/392 brn
|move|p2a: Garchomp|Earthquake|p1a: Clefable
|-damage|p1a: Clefable|11\/392 brn
|
|turn|22
|
|move|p2a: Garchomp|Earthquake|p1a: Clefable
|-damage|p1a: Clefable|0 fnt
|faint|p1a: Clefable
|
|
|switch|p1a: Amoonguss|Amoonguss, M|430\/430
|turn|23
|
|switch|p2a: Skarmory|Skarmory, F|235\/333
|move|p1a: Amoonguss|Spore|p2a: Skarmory
|-status|p2a: Skarmory|slp
|
|turn|24
|
|switch|p2a: Landorus|Landorus, M|159\/319
|switch|p1a: Zapdos|Zapdos|224\/384 brn
|-ability|p1a: Zapdos|Pressure
|
|-heal|p1a: Zapdos|248\/384 brn|[from] item: Leftovers
|-damage|p1a: Zapdos|200\/384 brn|[from] brn
|turn|25
|
|move|p2a: Landorus|Sludge Wave|p1a: Zapdos
|-damage|p1a: Zapdos|0 fnt
|faint|p1a: Zapdos
|
|
|switch|p1a: Chansey|Chansey, F|670\/670
|turn|26
|
|switch|p2a: Mew|Mew|358\/404
|move|p1a: Chansey|Seismic Toss|p2a: Mew
|-damage|p2a: Mew|258\/404
|
|turn|27
|
|move|p2a: Mew|Will-O-Wisp|p1a: Chansey
|-status|p1a: Chansey|brn
|move|p1a: Chansey|Stealth Rock|p2a: Mew
|-sidestart|p2: fuckyoo im asian|move: Stealth Rock
|
|-damage|p1a: Chansey|587\/670 brn|[from] brn
|turn|28
|
|move|p2a: Mew|Soft-Boiled|p2a: Mew
|-heal|p2a: Mew|404\/404
|move|p1a: Chansey|Thunder Wave|p2a: Mew
|-status|p2a: Mew|par
|
|-damage|p1a: Chansey|504\/670 brn|[from] brn
|turn|29
|
|move|p1a: Chansey|Seismic Toss|p2a: Mew
|-damage|p2a: Mew|304\/404 par
|move|p2a: Mew|Heal Bell|p2a: Mew
|-cureteam|p2a: Mew|[from] move: HealBell
|
|-damage|p1a: Chansey|421\/670 brn|[from] brn
|turn|30
|
|switch|p2a: Skarmory|Skarmory, F|235\/333
|-damage|p2a: Skarmory|194\/333|[from] Stealth Rock
|move|p1a: Chansey|Soft-Boiled|p1a: Chansey
|-heal|p1a: Chansey|670\/670 brn
|
|-damage|p1a: Chansey|587\/670 brn|[from] brn
|turn|31
|
|move|p2a: Skarmory|Spikes|p1a: Chansey
|-sidestart|p1: don't use mega|Spikes
|move|p1a: Chansey|Thunder Wave|p2a: Skarmory
|-status|p2a: Skarmory|par
|
|-damage|p1a: Chansey|504\/670 brn|[from] brn
|turn|32
|
|move|p1a: Chansey|Seismic Toss|p2a: Skarmory
|-damage|p2a: Skarmory|94\/333 par
|cant|p2a: Skarmory|par
|
|-damage|p1a: Chansey|421\/670 brn|[from] brn
|turn|33
|
|switch|p2a: Mew|Mew|304\/404
|-damage|p2a: Mew|254\/404|[from] Stealth Rock
|move|p1a: Chansey|Seismic Toss|p2a: Mew
|-damage|p2a: Mew|154\/404
|
|-damage|p1a: Chansey|338\/670 brn|[from] brn
|turn|34
|
|move|p2a: Mew|Soft-Boiled|p2a: Mew
|-heal|p2a: Mew|356\/404
|move|p1a: Chansey|Seismic Toss|p2a: Mew
|-damage|p2a: Mew|256\/404
|
|-damage|p1a: Chansey|255\/670 brn|[from] brn
|turn|35
|
|move|p2a: Mew|Soft-Boiled|p2a: Mew
|-heal|p2a: Mew|404\/404
|move|p1a: Chansey|Thunder Wave|p2a: Mew
|-status|p2a: Mew|par
|
|-damage|p1a: Chansey|172\/670 brn|[from] brn
|turn|36
|
|move|p1a: Chansey|Soft-Boiled|p1a: Chansey
|-heal|p1a: Chansey|507\/670 brn
|move|p2a: Mew|Heal Bell|p2a: Mew
|-cureteam|p2a: Mew|[from] move: HealBell
|
|-damage|p1a: Chansey|424\/670 brn|[from] brn
|turn|37
|
|switch|p2a: Garchomp|Garchomp, M|208\/357
|-damage|p2a: Garchomp|186\/357|[from] Stealth Rock
|move|p1a: Chansey|Thunder Wave|p2a: Garchomp
|-immune|p2a: Garchomp|[msg]
|
|-damage|p1a: Chansey|341\/670 brn|[from] brn
|turn|38
|
|switch|p1a: Amoonguss|Amoonguss, M|430\/430
|-damage|p1a: Amoonguss|377\/430|[from] Spikes
|move|p2a: Garchomp|Earthquake|p1a: Amoonguss
|-damage|p1a: Amoonguss|229\/430
|
|-heal|p1a: Amoonguss|255\/430|[from] item: Black Sludge
|turn|39
|
|move|p2a: Garchomp|Swords Dance|p2a: Garchomp
|-boost|p2a: Garchomp|atk|2
|move|p1a: Amoonguss|Spore|p2a: Garchomp
|-status|p2a: Garchomp|slp
|-enditem|p2a: Garchomp|Lum Berry|[eat]
|-curestatus|p2a: Garchomp|slp
|
|-heal|p1a: Amoonguss|281\/430|[from] item: Black Sludge
|turn|40
|
|switch|p1a: Chansey|Chansey, F|341\/670
|-damage|p1a: Chansey|258\/670|[from] Spikes
|move|p2a: Garchomp|Earthquake|p1a: Chansey
|-damage|p1a: Chansey|0 fnt
|faint|p1a: Chansey
|
|
|switch|p1a: Amoonguss|Amoonguss, M|424\/430
|-damage|p1a: Amoonguss|371\/430|[from] Spikes
|turn|41
|
|move|p2a: Garchomp|Earthquake|p1a: Amoonguss
|-damage|p1a: Amoonguss|23\/430
|move|p1a: Amoonguss|Foul Play|p2a: Garchomp
|-damage|p2a: Garchomp|0 fnt
|-damage|p1a: Amoonguss|0 fnt|[from] ability: Rough Skin|[of] p2a: Garchomp
|faint|p1a: Amoonguss
|faint|p2a: Garchomp
|
|
|switch|p1a: Tyranitar|Tyranitar, M|342\/342
|switch|p2a: Bisharp|Bisharp, M|299\/299
|-damage|p1a: Tyranitar|300\/342|[from] Spikes
|-weather|Sandstorm
|-damage|p2a: Bisharp|281\/299|[from] Stealth Rock
|turn|42
|
|switch|p2a: Skarmory|Skarmory, F|94\/333
|-damage|p2a: Skarmory|53\/333|[from] Stealth Rock
|move|p1a: Tyranitar|Superpower|p2a: Skarmory
|-damage|p2a: Skarmory|0 fnt
|-unboost|p1a: Tyranitar|atk|1
|-unboost|p1a: Tyranitar|def|1
|faint|p2a: Skarmory
|
|-weather|Sandstorm|[upkeep]
|
|switch|p2a: Scizor|Scizor, F|315\/315
|-damage|p2a: Scizor|276\/315|[from] Stealth Rock
|turn|43
|
|switch|p1a: Slowbro|Slowbro, F|390\/390
|-damage|p1a: Slowbro|342\/390|[from] Spikes
|detailschange|p2a: Scizor|Scizor-Mega, F
|-mega|p2a: Scizor|Scizor|Scizorite
|move|p2a: Scizor|Swords Dance|p2a: Scizor
|-boost|p2a: Scizor|atk|2
|
|-weather|Sandstorm|[upkeep]
|-damage|p1a: Slowbro|318\/390|[from] sandstorm
|turn|44
|
|move|p2a: Scizor|Bug Bite|p1a: Slowbro
|-supereffective|p1a: Slowbro
|-damage|p1a: Slowbro|0 fnt
|-damage|p2a: Scizor|224\/315|[from] item: Rocky Helmet|[of] p1a: Slowbro
|faint|p1a: Slowbro
|
|-weather|Sandstorm|[upkeep]
|c|âfuckyoo im asian|gg
|
|switch|p1a: Tyranitar|Tyranitar, M|300\/342
|-damage|p1a: Tyranitar|258\/342|[from] Spikes
|turn|45
|
|move|p2a: Scizor|Bullet Punch|p1a: Tyranitar
|-supereffective|p1a: Tyranitar
|-damage|p1a: Tyranitar|0 fnt
|faint|p1a: Tyranitar
|
|win|fuckyoo im asian
|raw|Ladder updating...
|raw|don&apos;t use mega's rating: 1792 &rarr; <strong>1761<\/strong><br \/>(-31 for losing)
|raw|fuckyoo im asian's rating: 1576 &rarr; <strong>1608<\/strong><br \/>(+32 for winning)
|leave|don't use mega
|player|p1