|join|don't use mega
|join|albprova
|c|âdon't use mega|s
|player|p1|don't use mega|101
|player|p2|albprova|210
|gametype|singles
|gen|6
|tier|OU
|rated
|clearpoke
|poke|p1|Tyranitar, F
|poke|p1|Gliscor, F
|poke|p1|Chansey, F
|poke|p1|Slowbro, F
|poke|p1|Quagsire, M
|poke|p1|Mandibuzz, F
|poke|p2|Heracross, F
|poke|p2|Clefable, M
|poke|p2|Tyranitar, M
|poke|p2|Mandibuzz, F
|poke|p2|Serperior, M
|poke|p2|Heatran, F
|rule|Swagger Clause: Swagger is banned
|rule|Baton Pass Clause: Limit one PokÃ©mon knowing Baton Pass
|rule|Sleep Clause Mod: Limit one foe put to sleep
|rule|Species Clause: Limit one of each PokÃ©mon
|rule|OHKO Clause: OHKO moves are banned
|rule|Moody Clause: Moody is banned
|rule|Evasion Moves Clause: Evasion moves are banned
|rule|Endless Battle Clause: Forcing endless battles is banned
|rule|HP Percentage Mod: HP is shown in percentages
|teampreview
|c|âalbprova|gl hf
|c|âdon't use mega|gl brother
|join|FunkyCrackudoCat
|
|start
|switch|p1a: Gliscor|Gliscor, F|350\/350
|switch|p2a: Serperior|Serperior, M|292\/292
|turn|1
|
|move|p2a: Serperior|Glare|p1a: Gliscor
|-status|p1a: Gliscor|par
|move|p1a: Gliscor|Knock Off|p2a: Serperior
|-damage|p2a: Serperior|210\/292
|-enditem|p2a: Serperior|Expert Belt|[from] move: Knock Off|[of] p1a: Gliscor
|
|turn|2
|c|âdon't use mega|loL
|c|âalbprova|:)
|c|âdon't use mega|. . .
|c|âdon't use mega|Â¬Â¬
|c| FunkyCrackudoCat|caraca
|c|âdon't use mega|mds
|
|switch|p1a: Chansey|Chansey, F|682\/682
|move|p2a: Serperior|Leaf Storm|p1a: Chansey
|-damage|p1a: Chansey|591\/682
|-boost|p2a: Serperior|spa|2
|
|turn|3
|c| FunkyCrackudoCat|que delicia
|
|move|p2a: Serperior|Leaf Storm|p1a: Chansey
|-damage|p1a: Chansey|401\/682
|-boost|p2a: Serperior|spa|2
|move|p1a: Chansey|Seismic Toss|p2a: Serperior
|-damage|p2a: Serperior|110\/292
|
|turn|4
|
|move|p2a: Serperior|Giga Drain|p1a: Chansey
|-damage|p1a: Chansey|239\/682
|-heal|p2a: Serperior|191\/292|[from] drain|[of] p1a: Chansey
|move|p1a: Chansey|Soft-Boiled|p1a: Chansey
|-heal|p1a: Chansey|580\/682
|
|turn|5
|c| FunkyCrackudoCat|que loko tio
|
|move|p2a: Serperior|Giga Drain|p1a: Chansey
|-damage|p1a: Chansey|414\/682
|-heal|p2a: Serperior|274\/292|[from] drain|[of] p1a: Chansey
|move|p1a: Chansey|Seismic Toss|p2a: Serperior
|-damage|p2a: Serperior|174\/292
|
|turn|6
|c|âdon't use mega|isso ta meio que um problema. . .
|c| FunkyCrackudoCat|esse serperior ai bem fdp
|
|move|p2a: Serperior|Leaf Storm|p1a: Chansey|[miss]
|-miss|p2a: Serperior|p1a: Chansey
|move|p1a: Chansey|Soft-Boiled|p1a: Chansey
|-heal|p1a: Chansey|682\/682
|
|turn|7
|
|move|p2a: Serperior|Leaf Storm|p1a: Chansey
|-damage|p1a: Chansey|412\/682
|-boost|p2a: Serperior|spa|2
|move|p1a: Chansey|Seismic Toss|p2a: Serperior
|-damage|p2a: Serperior|74\/292
|
|turn|8
|
|move|p2a: Serperior|Giga Drain|p1a: Chansey
|-damage|p1a: Chansey|207\/682
|-heal|p2a: Serperior|177\/292|[from] drain|[of] p1a: Chansey
|move|p1a: Chansey|Soft-Boiled|p1a: Chansey
|-heal|p1a: Chansey|548\/682
|
|turn|9
|
|move|p2a: Serperior|Giga Drain|p1a: Chansey
|-damage|p1a: Chansey|311\/682
|-heal|p2a: Serperior|292\/292|[from] drain|[of] p1a: Chansey
|move|p1a: Chansey|Soft-Boiled|p1a: Chansey
|-heal|p1a: Chansey|652\/682
|
|turn|10
|
|move|p2a: Serperior|Glare|p1a: Chansey
|-status|p1a: Chansey|par
|cant|p1a: Chansey|par
|
|turn|11
|c| FunkyCrackudoCat|nice
|c|âdon't use mega|. . .
|
|move|p2a: Serperior|Leaf Storm|p1a: Chansey|[miss]
|-miss|p2a: Serperior|p1a: Chansey
|cant|p1a: Chansey|par
|
|turn|12
|c| FunkyCrackudoCat|nice
|
|move|p2a: Serperior|Leaf Storm|p1a: Chansey
|-damage|p1a: Chansey|297\/682 par
|move|p1a: Chansey|Soft-Boiled|p1a: Chansey
|-heal|p1a: Chansey|638\/682 par
|
|turn|13
|
|move|p2a: Serperior|Leaf Storm|p1a: Chansey
|-damage|p1a: Chansey|275\/682 par
|move|p1a: Chansey|Soft-Boiled|p1a: Chansey
|-heal|p1a: Chansey|616\/682 par
|
|turn|14
|c|âdon't use mega|mano
|c|âdon't use mega|tudo isso pq eu tirei o amoonguss. . .
|c| FunkyCrackudoCat|kkkk
|c| FunkyCrackudoCat|bota ele de volta
|
|move|p2a: Serperior|Hidden Power|p1a: Chansey
|-damage|p1a: Chansey|505\/682 par
|cant|p1a: Chansey|par
|
|turn|15
|c|âdon't use mega|ai fico sem defog. . .
|
|move|p2a: Serperior|Leaf Storm|p1a: Chansey
|-damage|p1a: Chansey|157\/682 par
|move|p1a: Chansey|Soft-Boiled|p1a: Chansey
|-heal|p1a: Chansey|498\/682 par
|
|turn|16
|c|âdon't use mega|ta uma merda da porra essa situaÃ§Ã£o Â¬Â¬
|c| FunkyCrackudoCat|tu tem aromatheraphy?
|c|âdon't use mega|nÃ£o, algo melhor 8|
|
|move|p2a: Serperior|Giga Drain|p1a: Chansey
|-damage|p1a: Chansey|290\/682 par
|move|p1a: Chansey|Soft-Boiled|p1a: Chansey
|-heal|p1a: Chansey|631\/682 par
|
|turn|17
|c| FunkyCrackudoCat|serperior Ã© zika tio
|
|move|p2a: Serperior|Hidden Power|p1a: Chansey
|-damage|p1a: Chansey|510\/682 par
|move|p1a: Chansey|Heal Bell|p1a: Chansey
|-cureteam|p1a: Chansey|[from] move: HealBell
|
|turn|18
|
|move|p2a: Serperior|Glare|p1a: Chansey
|-status|p1a: Chansey|par
|cant|p1a: Chansey|par
|
|turn|19
|c| FunkyCrackudoCat|nice
|
|move|p2a: Serperior|Hidden Power|p1a: Chansey
|-damage|p1a: Chansey|403\/682 par
|move|p1a: Chansey|Soft-Boiled|p1a: Chansey
|-heal|p1a: Chansey|682\/682 par
|
|turn|20
|c|âdon't use mega|mds. . .
|c| FunkyCrackudoCat|pqp
|
|move|p2a: Serperior|Hidden Power|p1a: Chansey
|-damage|p1a: Chansey|557\/682 par
|move|p1a: Chansey|Seismic Toss|p2a: Serperior
|-damage|p2a: Serperior|192\/292
|
|turn|21
|c| FunkyCrackudoCat|ce ta esperando o strggle?
|c|âdon't use mega|vou fazer o q mano ?
|c|âdon't use mega|seismic toss nÃ£o da 1 critico pra ajudar . . .
|
|move|p2a: Serperior|Hidden Power|p1a: Chansey
|-damage|p1a: Chansey|450\/682 par
|move|p1a: Chansey|Seismic Toss|p2a: Serperior
|-damage|p2a: Serperior|92\/292
|
|turn|22
|c|âdon't use mega|kkkkk
|c| FunkyCrackudoCat|\/\/forfeit ta ali em cima
|
|move|p2a: Serperior|Giga Drain|p1a: Chansey
|-damage|p1a: Chansey|219\/682 par
|-heal|p2a: Serperior|208\/292|[from] drain|[of] p1a: Chansey
|move|p1a: Chansey|Soft-Boiled|p1a: Chansey
|-heal|p1a: Chansey|560\/682 par
|
|turn|23
|c|âdon't use mega|pq se posso ganhar
|
|move|p2a: Serperior|Hidden Power|p1a: Chansey
|-damage|p1a: Chansey|441\/682 par
|move|p1a: Chansey|Seismic Toss|p2a: Serperior
|-damage|p2a: Serperior|108\/292
|
|turn|24
|c| FunkyCrackudoCat|loko Ã© que tu nao perde
|c| FunkyCrackudoCat|mas ok
|
|move|p2a: Serperior|Hidden Power|p1a: Chansey
|-damage|p1a: Chansey|320\/682 par
|cant|p1a: Chansey|par
|
|turn|25
|c| FunkyCrackudoCat|hackerzao da porra :v
|
|move|p2a: Serperior|Giga Drain|p1a: Chansey
|-damage|p1a: Chansey|83\/682 par
|-heal|p2a: Serperior|227\/292|[from] drain|[of] p1a: Chansey
|move|p1a: Chansey|Soft-Boiled|p1a: Chansey
|-heal|p1a: Chansey|424\/682 par
|
|turn|26
|c|âdon't use mega|vou acabar com isso agora kkkk
|c|âdon't use mega|porra velho
|c|âdon't use mega|deu lag
|c|âdon't use mega|:'(
|c|âalbprova|it's the first para after 8 turn
|
|move|p2a: Serperior|Hidden Power|p1a: Chansey
|-damage|p1a: Chansey|308\/682 par
|move|p1a: Chansey|Soft-Boiled|p1a: Chansey
|-heal|p1a: Chansey|649\/682 par
|
|turn|27
|c| FunkyCrackudoCat|pois eh
|c| FunkyCrackudoCat|pps irao acabar
|
|move|p2a: Serperior|Hidden Power|p1a: Chansey
|-damage|p1a: Chansey|534\/682 par
|cant|p1a: Chansey|par
|
|turn|28
|
|move|p2a: Serperior|Hidden Power|p1a: Chansey
|-damage|p1a: Chansey|410\/682 par
|move|p1a: Chansey|Soft-Boiled|p1a: Chansey
|-heal|p1a: Chansey|682\/682 par
|
|turn|29
|
|move|p2a: Serperior|Hidden Power|p1a: Chansey
|-damage|p1a: Chansey|557\/682 par
|move|p1a: Chansey|Seismic Toss|p2a: Serperior
|-damage|p2a: Serperior|127\/292
|
|turn|30
|
|move|p2a: Serperior|Hidden Power|p1a: Chansey
|-damage|p1a: Chansey|448\/682 par
|move|p1a: Chansey|Seismic Toss|p2a: Serperior
|-damage|p2a: Serperior|27\/292
|
|turn|31
|c| FunkyCrackudoCat|esse cleaner rotom ta em 1Â° a uma semana ja :v
|c|âalbprova|c'mon para
|c|âdon't use mega|olha
|
|move|p2a: Serperior|Giga Drain|p1a: Chansey
|-damage|p1a: Chansey|211\/682 par
|-heal|p2a: Serperior|146\/292|[from] drain|[of] p1a: Chansey
|move|p1a: Chansey|Soft-Boiled|p1a: Chansey
|-heal|p1a: Chansey|552\/682 par
|
|turn|32
|
|move|p2a: Serperior|Giga Drain|p1a: Chansey
|-damage|p1a: Chansey|321\/682 par
|-heal|p2a: Serperior|262\/292|[from] drain|[of] p1a: Chansey
|move|p1a: Chansey|Seismic Toss|p2a: Serperior
|-damage|p2a: Serperior|162\/292
|
|turn|33
|c| FunkyCrackudoCat|delicia
|
|move|p2a: Serperior|Hidden Power|p1a: Chansey
|-crit|p1a: Chansey
|-damage|p1a: Chansey|135\/682 par
|move|p1a: Chansey|Soft-Boiled|p1a: Chansey
|-heal|p1a: Chansey|476\/682 par
|
|turn|34
|c| FunkyCrackudoCat|quantos giga ele ja usou?
|
|move|p2a: Serperior|Hidden Power|p1a: Chansey
|-damage|p1a: Chansey|366\/682 par
|cant|p1a: Chansey|par
|
|turn|35
|c|âdon't use mega|9
|c|âalbprova|!data soft-boiled
|c|~|\/data-move Soft-Boiled

|c| FunkyCrackudoCat|ele tem 16
|c|âdon't use mega|s
|c|âdon't use mega|tem 7 agora
|
|move|p2a: Serperior|Hidden Power|p1a: Chansey
|-damage|p1a: Chansey|248\/682 par
|move|p1a: Chansey|Soft-Boiled|p1a: Chansey
|-heal|p1a: Chansey|589\/682 par
|
|turn|36
|
|move|p2a: Serperior|Giga Drain|p1a: Chansey
|-damage|p1a: Chansey|355\/682 par
|-heal|p2a: Serperior|279\/292|[from] drain|[of] p1a: Chansey
|cant|p1a: Chansey|par
|
|turn|37
|c| FunkyCrackudoCat|nice
|c|âdon't use mega|mano, agora digo a vocÃª, esse serperior sÃ³ vai valer disso asuhsauh
|
|move|p2a: Serperior|Hidden Power|p1a: Chansey
|-damage|p1a: Chansey|245\/682 par
|move|p1a: Chansey|Seismic Toss|p2a: Serperior
|-damage|p2a: Serperior|179\/292
|
|turn|38
|
|move|p2a: Serperior|Giga Drain|p1a: Chansey
|-damage|p1a: Chansey|19\/682 par
|-heal|p2a: Serperior|292\/292|[from] drain|[of] p1a: Chansey
|move|p1a: Chansey|Seismic Toss|p2a: Serperior
|-damage|p2a: Serperior|192\/292
|
|turn|39
|c| FunkyCrackudoCat|pois Ã©
|
|move|p2a: Serperior|Hidden Power|p1a: Chansey
|-damage|p1a: Chansey|0 fnt
|faint|p1a: Chansey
|
|c| FunkyCrackudoCat|ele deve ter hp rock
|
|switch|p1a: Tyranitar|Tyranitar, F|342\/342
|-weather|Sandstorm
|turn|40
|
|move|p1a: Tyranitar|Stone Edge|p2a: Serperior
|-damage|p2a: Serperior|15\/292
|move|p2a: Serperior|Giga Drain|p1a: Tyranitar
|-supereffective|p1a: Tyranitar
|-damage|p1a: Tyranitar|0 fnt
|-heal|p2a: Serperior|186\/292|[from] drain|[of] p1a: Tyranitar
|faint|p1a: Tyranitar
|
|-weather|Sandstorm|[upkeep]
|-damage|p2a: Serperior|168\/292|[from] sandstorm
|c|âdon't use mega|MINI DAMAGEEEEE
|c|âdon't use mega|Stone Edge 60.1 - 71.1%
|c|âdon't use mega|fuuuuuuuuuuuuuuuuck
|c|âdon't use mega|omg
|
|switch|p1a: Gliscor|Gliscor, F|350\/350
|turn|41
|c| FunkyCrackudoCat|nossa
|c|âdon't use mega|pathetic game
|c| FunkyCrackudoCat|nem digo nada
|
|move|p2a: Serperior|Giga Drain|p1a: Gliscor
|-damage|p1a: Gliscor|0 fnt
|-heal|p2a: Serperior|292\/292|[from] drain|[of] p1a: Gliscor
|faint|p1a: Gliscor
|
|-weather|Sandstorm|[upkeep]
|-damage|p2a: Serperior|274\/292|[from] sandstorm
|
|switch|p1a: Mandibuzz|Mandibuzz, F|424\/424
|turn|42
|
|move|p2a: Serperior|Giga Drain|p1a: Mandibuzz
|-resisted|p1a: Mandibuzz
|-damage|p1a: Mandibuzz|235\/424
|-heal|p2a: Serperior|292\/292|[from] drain|[of] p1a: Mandibuzz
|move|p1a: Mandibuzz|Foul Play|p2a: Serperior
|-damage|p2a: Serperior|213\/292
|
|-weather|Sandstorm|[upkeep]
|-damage|p2a: Serperior|195\/292|[from] sandstorm
|-heal|p1a: Mandibuzz|261\/424|[from] item: Leftovers
|turn|43
|
|move|p2a: Serperior|Giga Drain|p1a: Mandibuzz
|-resisted|p1a: Mandibuzz
|-damage|p1a: Mandibuzz|75\/424
|-heal|p2a: Serperior|288\/292|[from] drain|[of] p1a: Mandibuzz
|move|p1a: Mandibuzz|Roost|p1a: Mandibuzz
|-heal|p1a: Mandibuzz|287\/424
|
|-weather|Sandstorm|[upkeep]
|-damage|p2a: Serperior|270\/292|[from] sandstorm
|-heal|p1a: Mandibuzz|313\/424|[from] item: Leftovers
|turn|44
|
|switch|p2a: Clefable|Clefable, M|394\/394
|move|p1a: Mandibuzz|Roost|p1a: Mandibuzz
|-heal|p1a: Mandibuzz|424\/424
|
|-weather|none
|turn|45
|
|move|p1a: Mandibuzz|Taunt|p2a: Clefable
|-start|p2a: Clefable|move: Taunt
|cant|p2a: Clefable|move: Taunt|Calm Mind
|
|turn|46
|c| FunkyCrackudoCat|pq tu n tem um mew?
|c| FunkyCrackudoCat|'-'
|
|switch|p1a: Slowbro|Slowbro, F|390\/390
|move|p2a: Clefable|Moonblast|p1a: Slowbro
|-damage|p1a: Slowbro|267\/390
|-unboost|p1a: Slowbro|spa|1
|
|turn|47
|
|move|p2a: Clefable|Moonblast|p1a: Slowbro
|-damage|p1a: Slowbro|132\/390
|-unboost|p1a: Slowbro|spa|1
|move|p1a: Slowbro|Psyshock|p2a: Clefable
|-damage|p2a: Clefable|310\/394
|
|-heal|p2a: Clefable|334\/394|[from] item: Leftovers
|-end|p2a: Clefable|move: Taunt
|turn|48
|c|âdon't use mega|mano
|
|switch|p1a: Quagsire|Quagsire, M|394\/394
|move|p2a: Clefable|Calm Mind|p2a: Clefable
|-boost|p2a: Clefable|spa|1
|-boost|p2a: Clefable|spd|1
|
|-heal|p2a: Clefable|358\/394|[from] item: Leftovers
|turn|49
|c|âdon't use mega|mt ridÃ­culo
|c| FunkyCrackudoCat|sim
|
|switch|p1a: Slowbro|Slowbro, F|262\/390
|move|p2a: Clefable|Moonblast|p1a: Slowbro
|-damage|p1a: Slowbro|70\/390
|
|-heal|p2a: Clefable|382\/394|[from] item: Leftovers
|turn|50
|c| FunkyCrackudoCat|:v
|
|switch|p1a: Quagsire|Quagsire, M|394\/394
|move|p2a: Clefable|Moonblast|p1a: Quagsire
|-damage|p1a: Quagsire|234\/394
|
|-heal|p2a: Clefable|394\/394|[from] item: Leftovers
|-heal|p1a: Quagsire|258\/394|[from] item: Leftovers
|turn|51
|
|move|p2a: Clefable|Moonblast|p1a: Quagsire
|-damage|p1a: Quagsire|101\/394
|-unboost|p1a: Quagsire|spa|1
|move|p1a: Quagsire|Recover|p1a: Quagsire
|-heal|p1a: Quagsire|298\/394
|
|-heal|p1a: Quagsire|322\/394|[from] item: Leftovers
|turn|52
|c|âdon't use mega|mds se o gliscor ainda estivesse vivo. . .
|c|âdon't use mega|foi tanto estresse que ainda o perdi
|
|switch|p2a: Heracross|Heracross, F|309\/309
|move|p1a: Quagsire|Recover|p1a: Quagsire
|-heal|p1a: Quagsire|394\/394
|
|turn|53
|
|switch|p1a: Mandibuzz|Mandibuzz, F|424\/424
|detailschange|p2a: Heracross|Heracross-Mega, F
|-mega|p2a: Heracross|Heracross|Heracronite
|move|p2a: Heracross|Bullet Seed|p1a: Mandibuzz
|-resisted|p1a: Mandibuzz
|-damage|p1a: Mandibuzz|409\/424
|-resisted|p1a: Mandibuzz
|-damage|p1a: Mandibuzz|395\/424
|-resisted|p1a: Mandibuzz
|-damage|p1a: Mandibuzz|382\/424
|-crit|p1a: Mandibuzz
|-resisted|p1a: Mandibuzz
|-damage|p1a: Mandibuzz|359\/424
|-resisted|p1a: Mandibuzz
|-damage|p1a: Mandibuzz|344\/424
|-hitcount|p1a: Mandibuzz|5
|
|-heal|p1a: Mandibuzz|370\/424|[from] item: Leftovers
|turn|54
|c| FunkyCrackudoCat|kkk
|
|switch|p2a: Heatran|Heatran, F|385\/385
|move|p1a: Mandibuzz|Roost|p1a: Mandibuzz
|-heal|p1a: Mandibuzz|424\/424
|
|turn|55
|c|âdon't use mega|ridÃ­culo po
|
|switch|p1a: Slowbro|Slowbro, F|200\/390
|move|p2a: Heatran|Toxic|p1a: Slowbro
|-status|p1a: Slowbro|tox
|
|-damage|p1a: Slowbro|176\/390 tox|[from] psn
|turn|56
|
|move|p2a: Heatran|Stealth Rock|p1a: Slowbro
|-sidestart|p1: don't use mega|move: Stealth Rock
|move|p1a: Slowbro|Slack Off|p1a: Slowbro
|-heal|p1a: Slowbro|371\/390 tox
|
|-damage|p1a: Slowbro|323\/390 tox|[from] psn
|turn|57
|c| FunkyCrackudoCat|vai ter que por o amongus
|c|âdon't use mega|vou n
|c|âdon't use mega|por causa de 1 ? . . .
|
|move|p2a: Heatran|Magma Storm|p1a: Slowbro
|-resisted|p1a: Slowbro
|-damage|p1a: Slowbro|228\/390 tox
|-activate|p1a: Slowbro|move: Magma Storm|[of] p2a: Heatran
|move|p1a: Slowbro|Scald|p2a: Heatran
|-supereffective|p2a: Heatran
|-damage|p2a: Heatran|211\/385
|
|-heal|p2a: Heatran|235\/385|[from] item: Leftovers
|-damage|p1a: Slowbro|156\/390 tox|[from] psn
|-damage|p1a: Slowbro|108\/390 tox|[from] move: Magma Storm|[partiallytrapped]
|turn|58
|c| FunkyCrackudoCat|clear smog fez falta nessa battle :v
|
|move|p2a: Heatran|Protect|p2a: Heatran
|-singleturn|p2a: Heatran|Protect
|move|p1a: Slowbro|Scald|p2a: Heatran
|-activate|p2a: Heatran|Protect
|
|-heal|p2a: Heatran|259\/385|[from] item: Leftovers
|-damage|p1a: Slowbro|12\/390 tox|[from] psn
|-damage|p1a: Slowbro|0 fnt|[from] move: Magma Storm|[partiallytrapped]
|faint|p1a: Slowbro
|c|âdon't use mega|it's pathetic
|
|switch|p1a: Mandibuzz|Mandibuzz, F|424\/424
|-damage|p1a: Mandibuzz|318\/424|[from] Stealth Rock
|turn|59
|c|âalbprova|ok
|
|move|p2a: Heatran|Toxic|p1a: Mandibuzz
|-status|p1a: Mandibuzz|tox
|move|p1a: Mandibuzz|Taunt|p2a: Heatran
|-start|p2a: Heatran|move: Taunt
|
|-heal|p2a: Heatran|283\/385|[from] item: Leftovers
|-heal|p1a: Mandibuzz|344\/424 tox|[from] item: Leftovers
|-damage|p1a: Mandibuzz|318\/424 tox|[from] psn
|turn|60
|c| FunkyCrackudoCat|tao ta bao
|c|âdon't use mega|forfeit for me ?
|
|move|p2a: Heatran|Magma Storm|p1a: Mandibuzz
|-damage|p1a: Mandibuzz|155\/424 tox
|-activate|p1a: Mandibuzz|move: Magma Storm|[of] p2a: Heatran
|move|p1a: Mandibuzz|Foul Play|p2a: Heatran
|-damage|p2a: Heatran|201\/385
|
|-heal|p2a: Heatran|225\/385|[from] item: Leftovers
|-heal|p1a: Mandibuzz|181\/424 tox|[from] item: Leftovers
|-damage|p1a: Mandibuzz|129\/424 tox|[from] psn
|-damage|p1a: Mandibuzz|76\/424 tox|[from] move: Magma Storm|[partiallytrapped]
|turn|61
|c|âdon't use mega|with hax the won is easy
|c|âalbprova|hax?
|c|âalbprova|where?
|
|move|p2a: Heatran|Magma Storm|p1a: Mandibuzz
|-damage|p1a: Mandibuzz|0 fnt
|faint|p1a: Mandibuzz
|
|-heal|p2a: Heatran|249\/385|[from] item: Leftovers
|c|âalbprova|now you are ridicolous
|c|âdon't use mega|Tyranitar used Stone Edge!
|c|âdon't use mega|The opposing Serperior lost 60% of its health!
|c|âdon't use mega|Stone Edge 60.1 - 71.1%
|c|âdon't use mega|pathetic
|c|âalbprova|it's a roll
|
|switch|p1a: Quagsire|Quagsire, M|394\/394
|-damage|p1a: Quagsire|370\/394|[from] Stealth Rock
|turn|62
|c| FunkyCrackudoCat|ta tendo tour na sala portugues :v
|c|âalbprova|and i have 66%
|
|switch|p2a: Heracross|Heracross-Mega, F|309\/309
|move|p1a: Quagsire|Scald|p2a: Heracross
|-damage|p2a: Heracross|243\/309
|
|-heal|p1a: Quagsire|394\/394|[from] item: Leftovers
|turn|63
|c|âdon't use mega|you are  33% for min damage, no more.
|
|move|p2a: Heracross|Bullet Seed|p1a: Quagsire
|-supereffective|p1a: Quagsire
|-damage|p1a: Quagsire|262\/394
|-supereffective|p1a: Quagsire
|-damage|p1a: Quagsire|142\/394
|-crit|p1a: Quagsire
|-supereffective|p1a: Quagsire
|-damage|p1a: Quagsire|0 fnt
|-hitcount|p1a: Quagsire|3
|faint|p1a: Quagsire
|
|win|albprova
|raw|Ladder updating...
|c|âdon't use mega|or don't is 33 ? the low chance
|raw|don&apos;t use mega's rating: 1802 &rarr; <strong>1773<\/strong><br \/>(-29 for losing)
|raw|albprova's rating: 1652 &rarr; <strong>1680<\/strong><br \/>(+28 for winning)
|leave|don't use mega