|join|Alvadora
|join|don't use mega
|player|p1|Alvadora|256
|player|p2|don't use mega|101
|gametype|singles
|gen|6
|tier|OU
|rated
|clearpoke
|poke|p1|Kyurem-Black, shiny
|poke|p1|Metagross
|poke|p1|Mandibuzz, F
|poke|p1|Hippowdon, F
|poke|p1|Celebi
|poke|p1|Keldeo-Resolute
|poke|p2|Tyranitar, F
|poke|p2|Gliscor, M
|poke|p2|Chansey, F
|poke|p2|Slowbro, F
|poke|p2|Quagsire, M
|poke|p2|Mandibuzz, F
|rule|Swagger Clause: Swagger is banned
|rule|Baton Pass Clause: Limit one PokÃ©mon knowing Baton Pass
|rule|Sleep Clause Mod: Limit one foe put to sleep
|rule|Species Clause: Limit one of each PokÃ©mon
|rule|OHKO Clause: OHKO moves are banned
|rule|Moody Clause: Moody is banned
|rule|Evasion Moves Clause: Evasion moves are banned
|rule|Endless Battle Clause: Forcing endless battles is banned
|rule|HP Percentage Mod: HP is shown in percentages
|teampreview
|
|start
|switch|p1a: Keldeo-Resolute|Keldeo-Resolute|323\/323
|switch|p2a: Gliscor|Gliscor, M|350\/350
|turn|1
|
|switch|p2a: Slowbro|Slowbro, F|390\/390
|move|p1a: Keldeo-Resolute|Scald|p2a: Slowbro
|-resisted|p2a: Slowbro
|-damage|p2a: Slowbro|300\/390
|
|-heal|p2a: Slowbro|324\/390|[from] item: Leftovers
|turn|2
|
|switch|p1a: Celebi|Celebi|403\/403
|move|p2a: Slowbro|Substitute|p2a: Slowbro
|-start|p2a: Slowbro|Substitute
|-damage|p2a: Slowbro|227\/390
|
|-heal|p2a: Slowbro|251\/390|[from] item: Leftovers
|turn|3
|join|AdityaKhuntia
|
|switch|p2a: Gliscor|Gliscor, M|350\/350
|move|p1a: Celebi|Giga Drain|p2a: Gliscor
|-damage|p2a: Gliscor|269\/350
|
|-status|p2a: Gliscor|tox|[from] item: Toxic Orb
|turn|4
|c| AdityaKhuntia|Oh stall wow
|
|switch|p1a: Keldeo-Resolute|Keldeo-Resolute|323\/323
|move|p2a: Gliscor|Knock Off|p1a: Keldeo-Resolute
|-resisted|p1a: Keldeo-Resolute
|-damage|p1a: Keldeo-Resolute|285\/323
|-boost|p1a: Keldeo-Resolute|atk|1|[from] ability: Justified
|-enditem|p1a: Keldeo-Resolute|Leftovers|[from] move: Knock Off|[of] p2a: Gliscor
|
|-heal|p2a: Gliscor|312\/350 tox|[from] ability: Poison Heal
|turn|5
|c| AdityaKhuntia|I'm playing old stall team too atm
|
|switch|p2a: Slowbro|Slowbro, F|381\/390
|move|p1a: Keldeo-Resolute|Scald|p2a: Slowbro
|-resisted|p2a: Slowbro
|-damage|p2a: Slowbro|291\/390
|-status|p2a: Slowbro|brn
|
|-heal|p2a: Slowbro|315\/390 brn|[from] item: Leftovers
|-damage|p2a: Slowbro|267\/390 brn|[from] brn
|turn|6
|
|switch|p1a: Celebi|Celebi|403\/403
|move|p2a: Slowbro|Scald|p1a: Celebi
|-resisted|p1a: Celebi
|-damage|p1a: Celebi|367\/403
|
|-heal|p1a: Celebi|392\/403|[from] item: Leftovers
|-heal|p2a: Slowbro|291\/390 brn|[from] item: Leftovers
|-damage|p2a: Slowbro|243\/390 brn|[from] brn
|turn|7
|
|switch|p2a: Gliscor|Gliscor, M|312\/350 tox
|move|p1a: Celebi|Baton Pass|p1a: Celebi
|
|switch|p1a: Keldeo-Resolute|Keldeo-Resolute|285\/323
|
|-heal|p2a: Gliscor|350\/350 tox|[from] ability: Poison Heal
|turn|8
|
|switch|p2a: Slowbro|Slowbro, F|373\/390 brn
|move|p1a: Keldeo-Resolute|Scald|p2a: Slowbro
|-crit|p2a: Slowbro
|-resisted|p2a: Slowbro
|-damage|p2a: Slowbro|241\/390 brn
|
|-heal|p2a: Slowbro|265\/390 brn|[from] item: Leftovers
|-damage|p2a: Slowbro|217\/390 brn|[from] brn
|turn|9
|
|switch|p1a: Hippowdon|Hippowdon, F|419\/419
|-weather|Sandstorm
|move|p2a: Slowbro|Slack Off|p2a: Slowbro
|-heal|p2a: Slowbro|390\/390 brn
|
|-weather|Sandstorm|[upkeep]
|-damage|p2a: Slowbro|366\/390 brn|[from] sandstorm
|-heal|p2a: Slowbro|390\/390 brn|[from] item: Leftovers
|-damage|p2a: Slowbro|342\/390 brn|[from] brn
|turn|10
|
|switch|p2a: Chansey|Chansey, F|682\/682
|move|p1a: Hippowdon|Stealth Rock|p2a: Chansey
|-sidestart|p2: don't use mega|move: Stealth Rock
|
|-weather|Sandstorm|[upkeep]
|-damage|p2a: Chansey|640\/682|[from] sandstorm
|turn|11
|
|switch|p1a: Metagross|Metagross|302\/302
|move|p2a: Chansey|Stealth Rock|p1a: Metagross
|-sidestart|p1: Alvadora|move: Stealth Rock
|
|-weather|Sandstorm|[upkeep]
|-damage|p2a: Chansey|598\/682|[from] sandstorm
|turn|12
|join|Dyanna
|
|switch|p2a: Quagsire|Quagsire, M|394\/394
|-damage|p2a: Quagsire|370\/394|[from] Stealth Rock
|detailschange|p1a: Metagross|Metagross-Mega
|-mega|p1a: Metagross|Metagross|Metagrossite
|move|p1a: Metagross|Grass Knot|p2a: Quagsire
|-supereffective|p2a: Quagsire
|-damage|p2a: Quagsire|0 fnt
|faint|p2a: Quagsire
|
|-weather|Sandstorm|[upkeep]
|
|switch|p2a: Gliscor|Gliscor, M|350\/350 tox
|-damage|p2a: Gliscor|307\/350 tox|[from] Stealth Rock
|turn|13
|
|move|p1a: Metagross|Meteor Mash|p2a: Gliscor
|-damage|p2a: Gliscor|123\/350 tox
|move|p2a: Gliscor|Earthquake|p1a: Metagross
|-supereffective|p1a: Metagross
|-damage|p1a: Metagross|152\/302
|
|-weather|none
|-heal|p2a: Gliscor|166\/350 tox|[from] ability: Poison Heal
|turn|14
|
|switch|p2a: Slowbro|Slowbro, F|390\/390 brn
|-damage|p2a: Slowbro|342\/390 brn|[from] Stealth Rock
|move|p1a: Metagross|Meteor Mash|p2a: Slowbro
|-resisted|p2a: Slowbro
|-damage|p2a: Slowbro|265\/390 brn
|-boost|p1a: Metagross|atk|1
|
|-heal|p2a: Slowbro|289\/390 brn|[from] item: Leftovers
|-damage|p2a: Slowbro|241\/390 brn|[from] brn
|turn|15
|c| AdityaKhuntia|Do it
|
|switch|p2a: Mandibuzz|Mandibuzz, F|420\/420
|-damage|p2a: Mandibuzz|315\/420|[from] Stealth Rock
|move|p1a: Metagross|Zen Headbutt|p2a: Mandibuzz
|-immune|p2a: Mandibuzz|[msg]
|
|-heal|p2a: Mandibuzz|341\/420|[from] item: Leftovers
|turn|16
|c| AdityaKhuntia|No grass knot omg
|c|âAlvadora|dammit
|
|move|p1a: Metagross|Meteor Mash|p2a: Mandibuzz|[miss]
|-miss|p1a: Metagross|p2a: Mandibuzz
|move|p2a: Mandibuzz|Foul Play|p1a: Metagross
|-supereffective|p1a: Metagross
|-damage|p1a: Metagross|0 fnt
|faint|p1a: Metagross
|
|-heal|p2a: Mandibuzz|367\/420|[from] item: Leftovers
|c|âAlvadora|zzzz
|c|âAlvadora|seriously
|c| AdityaKhuntia|Holy miss
|
|switch|p1a: Keldeo-Resolute|Keldeo-Resolute|285\/323
|-damage|p1a: Keldeo-Resolute|265\/323|[from] Stealth Rock
|turn|17
|c|âAlvadora|this guy won me the other time
|c|âAlvadora|cus of a crucial crit burn
|c|âAlvadora|will never forget
|
|switch|p2a: Slowbro|Slowbro, F|371\/390 brn
|-damage|p2a: Slowbro|323\/390 brn|[from] Stealth Rock
|move|p1a: Keldeo-Resolute|Scald|p2a: Slowbro
|-resisted|p2a: Slowbro
|-damage|p2a: Slowbro|239\/390 brn
|
|-heal|p2a: Slowbro|263\/390 brn|[from] item: Leftovers
|-damage|p2a: Slowbro|215\/390 brn|[from] brn
|turn|18
|
|switch|p1a: Celebi|Celebi|392\/403
|-damage|p1a: Celebi|342\/403|[from] Stealth Rock
|move|p2a: Slowbro|Slack Off|p2a: Slowbro
|-heal|p2a: Slowbro|390\/390 brn
|
|-heal|p1a: Celebi|367\/403|[from] item: Leftovers
|-damage|p2a: Slowbro|342\/390 brn|[from] brn
|turn|19
|
|switch|p2a: Gliscor|Gliscor, M|166\/350 tox
|-damage|p2a: Gliscor|123\/350 tox|[from] Stealth Rock
|move|p1a: Celebi|Baton Pass|p1a: Celebi
|
|switch|p1a: Keldeo-Resolute|Keldeo-Resolute|265\/323
|-damage|p1a: Keldeo-Resolute|245\/323|[from] Stealth Rock
|
|-heal|p2a: Gliscor|166\/350 tox|[from] ability: Poison Heal
|turn|20
|
|switch|p2a: Slowbro|Slowbro, F|390\/390 brn
|-damage|p2a: Slowbro|342\/390 brn|[from] Stealth Rock
|move|p1a: Keldeo-Resolute|Scald|p2a: Slowbro
|-resisted|p2a: Slowbro
|-damage|p2a: Slowbro|260\/390 brn
|
|-heal|p2a: Slowbro|284\/390 brn|[from] item: Leftovers
|-damage|p2a: Slowbro|236\/390 brn|[from] brn
|turn|21
|
|move|p1a: Keldeo-Resolute|Substitute|p1a: Keldeo-Resolute
|-start|p1a: Keldeo-Resolute|Substitute
|-damage|p1a: Keldeo-Resolute|165\/323
|move|p2a: Slowbro|Slack Off|p2a: Slowbro
|-heal|p2a: Slowbro|390\/390 brn
|
|-damage|p2a: Slowbro|342\/390 brn|[from] brn
|turn|22
|
|move|p1a: Keldeo-Resolute|Scald|p2a: Slowbro
|-resisted|p2a: Slowbro
|-damage|p2a: Slowbro|250\/390 brn
|move|p2a: Slowbro|Psyshock|p1a: Keldeo-Resolute
|-supereffective|p1a: Keldeo-Resolute
|-end|p1a: Keldeo-Resolute|Substitute
|
|-heal|p2a: Slowbro|274\/390 brn|[from] item: Leftovers
|-damage|p2a: Slowbro|226\/390 brn|[from] brn
|turn|23
|
|switch|p1a: Celebi|Celebi|367\/403
|-damage|p1a: Celebi|317\/403|[from] Stealth Rock
|move|p2a: Slowbro|Slack Off|p2a: Slowbro
|-heal|p2a: Slowbro|390\/390 brn
|
|-heal|p1a: Celebi|342\/403|[from] item: Leftovers
|-damage|p2a: Slowbro|342\/390 brn|[from] brn
|turn|24
|
|switch|p2a: Gliscor|Gliscor, M|166\/350 tox
|-damage|p2a: Gliscor|123\/350 tox|[from] Stealth Rock
|move|p1a: Celebi|Giga Drain|p2a: Gliscor
|-damage|p2a: Gliscor|38\/350 tox
|-heal|p1a: Celebi|385\/403|[from] drain|[of] p2a: Gliscor
|
|-heal|p1a: Celebi|403\/403|[from] item: Leftovers
|-heal|p2a: Gliscor|81\/350 tox|[from] ability: Poison Heal
|turn|25
|
|move|p2a: Gliscor|Roost|p2a: Gliscor
|-heal|p2a: Gliscor|256\/350 tox
|move|p1a: Celebi|Giga Drain|p2a: Gliscor
|-supereffective|p2a: Gliscor
|-damage|p2a: Gliscor|94\/350 tox
|
|-heal|p2a: Gliscor|137\/350 tox|[from] ability: Poison Heal
|turn|26
|c|âAlvadora|wait
|c|âAlvadora|i restored lefties first
|c|âAlvadora|then your poison heal
|c|âAlvadora|then this turn you outspeed me
|
|move|p2a: Gliscor|Roost|p2a: Gliscor
|-heal|p2a: Gliscor|312\/350 tox
|move|p1a: Celebi|Giga Drain|p2a: Gliscor
|-supereffective|p2a: Gliscor
|-damage|p2a: Gliscor|154\/350 tox
|
|-heal|p2a: Gliscor|197\/350 tox|[from] ability: Poison Heal
|turn|27
|c|âAlvadora|omg
|c|âAlvadora|i dont get it
|
|move|p2a: Gliscor|Knock Off|p1a: Celebi
|-supereffective|p1a: Celebi
|-damage|p1a: Celebi|267\/403
|-enditem|p1a: Celebi|Leftovers|[from] move: Knock Off|[of] p2a: Gliscor
|move|p1a: Celebi|Giga Drain|p2a: Gliscor
|-damage|p2a: Gliscor|110\/350 tox
|-heal|p1a: Celebi|311\/403|[from] drain|[of] p2a: Gliscor
|
|-heal|p2a: Gliscor|153\/350 tox|[from] ability: Poison Heal
|turn|28
|
|move|p2a: Gliscor|Knock Off|p1a: Celebi
|-supereffective|p1a: Celebi
|-damage|p1a: Celebi|203\/403
|move|p1a: Celebi|Giga Drain|p2a: Gliscor
|-damage|p2a: Gliscor|66\/350 tox
|-heal|p1a: Celebi|247\/403|[from] drain|[of] p2a: Gliscor
|
|-heal|p2a: Gliscor|109\/350 tox|[from] ability: Poison Heal
|turn|29
|
|move|p2a: Gliscor|Knock Off|p1a: Celebi
|-supereffective|p1a: Celebi
|-damage|p1a: Celebi|149\/403
|move|p1a: Celebi|Giga Drain|p2a: Gliscor
|-damage|p2a: Gliscor|21\/350 tox
|-heal|p1a: Celebi|193\/403|[from] drain|[of] p2a: Gliscor
|
|-heal|p2a: Gliscor|64\/350 tox|[from] ability: Poison Heal
|turn|30
|
|move|p2a: Gliscor|Roost|p2a: Gliscor
|-heal|p2a: Gliscor|239\/350 tox
|move|p1a: Celebi|Giga Drain|p2a: Gliscor
|-supereffective|p2a: Gliscor
|-damage|p2a: Gliscor|71\/350 tox
|-heal|p1a: Celebi|277\/403|[from] drain|[of] p2a: Gliscor
|
|-heal|p2a: Gliscor|114\/350 tox|[from] ability: Poison Heal
|turn|31
|
|move|p2a: Gliscor|Knock Off|p1a: Celebi
|-supereffective|p1a: Celebi
|-damage|p1a: Celebi|169\/403
|move|p1a: Celebi|Giga Drain|p2a: Gliscor
|-damage|p2a: Gliscor|26\/350 tox
|-heal|p1a: Celebi|213\/403|[from] drain|[of] p2a: Gliscor
|
|-heal|p2a: Gliscor|69\/350 tox|[from] ability: Poison Heal
|turn|32
|
|move|p2a: Gliscor|Roost|p2a: Gliscor
|-heal|p2a: Gliscor|244\/350 tox
|move|p1a: Celebi|Giga Drain|p2a: Gliscor
|-crit|p2a: Gliscor
|-supereffective|p2a: Gliscor
|-damage|p2a: Gliscor|8\/350 tox
|-heal|p1a: Celebi|331\/403|[from] drain|[of] p2a: Gliscor
|
|-heal|p2a: Gliscor|51\/350 tox|[from] ability: Poison Heal
|turn|33
|c|âAlvadora|damn
|
|move|p2a: Gliscor|Roost|p2a: Gliscor
|-heal|p2a: Gliscor|226\/350 tox
|move|p1a: Celebi|Giga Drain|p2a: Gliscor
|-supereffective|p2a: Gliscor
|-damage|p2a: Gliscor|64\/350 tox
|-heal|p1a: Celebi|403\/403|[from] drain|[of] p2a: Gliscor
|
|-heal|p2a: Gliscor|107\/350 tox|[from] ability: Poison Heal
|turn|34
|c|âAlvadora|critting 1 turn too late
|
|move|p2a: Gliscor|Roost|p2a: Gliscor
|-heal|p2a: Gliscor|282\/350 tox
|move|p1a: Celebi|Giga Drain|p2a: Gliscor
|-supereffective|p2a: Gliscor
|-damage|p2a: Gliscor|106\/350 tox
|
|-heal|p2a: Gliscor|149\/350 tox|[from] ability: Poison Heal
|turn|35
|
|move|p2a: Gliscor|Roost|p2a: Gliscor
|-heal|p2a: Gliscor|324\/350 tox
|move|p1a: Celebi|Baton Pass|p1a: Celebi
|
|switch|p1a: Keldeo-Resolute|Keldeo-Resolute|165\/323
|-damage|p1a: Keldeo-Resolute|145\/323|[from] Stealth Rock
|
|-heal|p2a: Gliscor|350\/350 tox|[from] ability: Poison Heal
|turn|36
|
|switch|p2a: Slowbro|Slowbro, F|390\/390 brn
|-damage|p2a: Slowbro|342\/390 brn|[from] Stealth Rock
|move|p1a: Keldeo-Resolute|Scald|p2a: Slowbro
|-resisted|p2a: Slowbro
|-damage|p2a: Slowbro|252\/390 brn
|
|-heal|p2a: Slowbro|276\/390 brn|[from] item: Leftovers
|-damage|p2a: Slowbro|228\/390 brn|[from] brn
|turn|37
|
|switch|p1a: Mandibuzz|Mandibuzz, F|423\/423
|-damage|p1a: Mandibuzz|318\/423|[from] Stealth Rock
|move|p2a: Slowbro|Slack Off|p2a: Slowbro
|-heal|p2a: Slowbro|390\/390 brn
|
|-heal|p1a: Mandibuzz|344\/423|[from] item: Leftovers
|-damage|p2a: Slowbro|342\/390 brn|[from] brn
|turn|38
|
|switch|p2a: Gliscor|Gliscor, M|350\/350 tox
|-damage|p2a: Gliscor|307\/350 tox|[from] Stealth Rock
|move|p1a: Mandibuzz|Defog|p2a: Gliscor
|-unboost|p2a: Gliscor|evasion|1
|-sideend|p2: don't use mega|Stealth Rock|[from] move: Defog|[of] p2a: Gliscor
|-sideend|p1: Alvadora|Stealth Rock|[from] move: Defog|[of] p1a: Mandibuzz
|
|-heal|p1a: Mandibuzz|370\/423|[from] item: Leftovers
|-heal|p2a: Gliscor|350\/350 tox|[from] ability: Poison Heal
|turn|39
|
|move|p2a: Gliscor|Knock Off|p1a: Mandibuzz
|-resisted|p1a: Mandibuzz
|-damage|p1a: Mandibuzz|341\/423
|-enditem|p1a: Mandibuzz|Leftovers|[from] move: Knock Off|[of] p2a: Gliscor
|move|p1a: Mandibuzz|U-turn|p2a: Gliscor
|-resisted|p2a: Gliscor
|-damage|p2a: Gliscor|339\/350 tox
|
|switch|p1a: Keldeo-Resolute|Keldeo-Resolute|145\/323
|
|-heal|p2a: Gliscor|350\/350 tox|[from] ability: Poison Heal
|turn|40
|
|switch|p1a: Celebi|Celebi|403\/403
|switch|p2a: Slowbro|Slowbro, F|390\/390 brn
|
|-damage|p2a: Slowbro|342\/390 brn|[from] brn
|turn|41
|
|switch|p2a: Gliscor|Gliscor, M|350\/350 tox
|move|p1a: Celebi|Baton Pass|p1a: Celebi
|
|switch|p1a: Keldeo-Resolute|Keldeo-Resolute|145\/323
|
|turn|42
|
|switch|p2a: Slowbro|Slowbro, F|390\/390 brn
|move|p1a: Keldeo-Resolute|Scald|p2a: Slowbro
|-crit|p2a: Slowbro
|-resisted|p2a: Slowbro
|-damage|p2a: Slowbro|252\/390 brn
|
|-heal|p2a: Slowbro|276\/390 brn|[from] item: Leftovers
|-damage|p2a: Slowbro|228\/390 brn|[from] brn
|turn|43
|
|switch|p1a: Celebi|Celebi|403\/403
|switch|p2a: Gliscor|Gliscor, M|350\/350 tox
|
|turn|44
|
|move|p2a: Gliscor|Earthquake|p1a: Celebi
|-resisted|p1a: Celebi
|-damage|p1a: Celebi|343\/403
|move|p1a: Celebi|Baton Pass|p1a: Celebi
|
|switch|p1a: Keldeo-Resolute|Keldeo-Resolute|145\/323
|
|turn|45
|
|switch|p1a: Celebi|Celebi|343\/403
|switch|p2a: Slowbro|Slowbro, F|358\/390 brn
|
|-heal|p2a: Slowbro|382\/390 brn|[from] item: Leftovers
|-damage|p2a: Slowbro|334\/390 brn|[from] brn
|turn|46
|
|switch|p2a: Mandibuzz|Mandibuzz, F|367\/420
|move|p1a: Celebi|Giga Drain|p2a: Mandibuzz
|-resisted|p2a: Mandibuzz
|-damage|p2a: Mandibuzz|324\/420
|-heal|p1a: Celebi|365\/403|[from] drain|[of] p2a: Mandibuzz
|
|-heal|p2a: Mandibuzz|350\/420|[from] item: Leftovers
|turn|47
|
|move|p1a: Celebi|Thunder Wave|p2a: Mandibuzz
|-status|p2a: Mandibuzz|par
|cant|p2a: Mandibuzz|par
|
|-heal|p2a: Mandibuzz|376\/420 par|[from] item: Leftovers
|turn|48
|
|switch|p1a: Hippowdon|Hippowdon, F|419\/419
|-weather|Sandstorm
|move|p2a: Mandibuzz|Taunt|p1a: Hippowdon
|-start|p1a: Hippowdon|move: Taunt
|
|-weather|Sandstorm|[upkeep]
|-heal|p2a: Mandibuzz|402\/420 par|[from] item: Leftovers
|turn|49
|
|switch|p1a: Kyurem-Black|Kyurem-Black, shiny|391\/391
|-ability|p1a: Kyurem-Black|Teravolt
|move|p2a: Mandibuzz|Foul Play|p1a: Kyurem-Black
|-damage|p1a: Kyurem-Black|217\/391
|
|-weather|Sandstorm|[upkeep]
|-damage|p1a: Kyurem-Black|193\/391|[from] sandstorm
|-heal|p2a: Mandibuzz|420\/420 par|[from] item: Leftovers
|turn|50
|
|switch|p2a: Tyranitar|Tyranitar, F|342\/342
|move|p1a: Kyurem-Black|Fusion Bolt|p2a: Tyranitar
|-damage|p2a: Tyranitar|235\/342
|
|-weather|Sandstorm|[upkeep]
|-damage|p1a: Kyurem-Black|169\/391|[from] sandstorm
|turn|51
|
|move|p1a: Kyurem-Black|Fusion Bolt|p2a: Tyranitar
|-crit|p2a: Tyranitar
|-damage|p2a: Tyranitar|68\/342
|move|p2a: Tyranitar|Superpower|p1a: Kyurem-Black
|-supereffective|p1a: Kyurem-Black
|-damage|p1a: Kyurem-Black|0 fnt
|-unboost|p2a: Tyranitar|atk|1
|-unboost|p2a: Tyranitar|def|1
|faint|p1a: Kyurem-Black
|
|-weather|Sandstorm|[upkeep]
|
|switch|p1a: Hippowdon|Hippowdon, F|419\/419
|turn|52
|
|switch|p2a: Chansey|Chansey, F|598\/682
|move|p1a: Hippowdon|Stealth Rock|p2a: Chansey
|-sidestart|p2: don't use mega|move: Stealth Rock
|
|-weather|none
|turn|53
|
|switch|p1a: Keldeo-Resolute|Keldeo-Resolute|145\/323
|move|p2a: Chansey|Stealth Rock|p1a: Keldeo-Resolute
|-sidestart|p1: Alvadora|move: Stealth Rock
|
|turn|54
|
|switch|p1a: Celebi|Celebi|365\/403
|-damage|p1a: Celebi|315\/403|[from] Stealth Rock
|switch|p2a: Slowbro|Slowbro, F|390\/390 brn
|-damage|p2a: Slowbro|342\/390 brn|[from] Stealth Rock
|
|-heal|p2a: Slowbro|366\/390 brn|[from] item: Leftovers
|-damage|p2a: Slowbro|318\/390 brn|[from] brn
|turn|55
|
|switch|p2a: Gliscor|Gliscor, M|350\/350 tox
|-damage|p2a: Gliscor|307\/350 tox|[from] Stealth Rock
|move|p1a: Celebi|Baton Pass|p1a: Celebi
|
|switch|p1a: Keldeo-Resolute|Keldeo-Resolute|145\/323
|-damage|p1a: Keldeo-Resolute|125\/323|[from] Stealth Rock
|
|-heal|p2a: Gliscor|350\/350 tox|[from] ability: Poison Heal
|turn|56
|
|switch|p1a: Mandibuzz|Mandibuzz, F|341\/423
|-damage|p1a: Mandibuzz|236\/423|[from] Stealth Rock
|switch|p2a: Slowbro|Slowbro, F|390\/390 brn
|-damage|p2a: Slowbro|342\/390 brn|[from] Stealth Rock
|
|-heal|p2a: Slowbro|366\/390 brn|[from] item: Leftovers
|-damage|p2a: Slowbro|318\/390 brn|[from] brn
|turn|57
|
|move|p1a: Mandibuzz|Roost|p1a: Mandibuzz
|-heal|p1a: Mandibuzz|423\/423
|move|p2a: Slowbro|Scald|p1a: Mandibuzz
|-damage|p1a: Mandibuzz|341\/423
|
|-heal|p2a: Slowbro|342\/390 brn|[from] item: Leftovers
|-damage|p2a: Slowbro|294\/390 brn|[from] brn
|turn|58
|
|move|p1a: Mandibuzz|Defog|p2a: Slowbro
|-unboost|p2a: Slowbro|evasion|1
|-sideend|p2: don't use mega|Stealth Rock|[from] move: Defog|[of] p2a: Slowbro
|-sideend|p1: Alvadora|Stealth Rock|[from] move: Defog|[of] p1a: Mandibuzz
|move|p2a: Slowbro|Scald|p1a: Mandibuzz
|-damage|p1a: Mandibuzz|257\/423
|
|-heal|p2a: Slowbro|318\/390 brn|[from] item: Leftovers
|-damage|p2a: Slowbro|270\/390 brn|[from] brn
|turn|59
|
|switch|p2a: Gliscor|Gliscor, M|350\/350 tox
|move|p1a: Mandibuzz|U-turn|p2a: Gliscor
|-resisted|p2a: Gliscor
|-damage|p2a: Gliscor|339\/350 tox
|
|switch|p1a: Keldeo-Resolute|Keldeo-Resolute|125\/323
|
|-heal|p2a: Gliscor|350\/350 tox|[from] ability: Poison Heal
|turn|60
|
|switch|p2a: Slowbro|Slowbro, F|390\/390 brn
|move|p1a: Keldeo-Resolute|Scald|p2a: Slowbro
|-resisted|p2a: Slowbro
|-damage|p2a: Slowbro|301\/390 brn
|
|-heal|p2a: Slowbro|325\/390 brn|[from] item: Leftovers
|-damage|p2a: Slowbro|277\/390 brn|[from] brn
|turn|61
|
|switch|p1a: Celebi|Celebi|315\/403
|move|p2a: Slowbro|Psyshock|p1a: Celebi
|-resisted|p1a: Celebi
|-damage|p1a: Celebi|270\/403
|
|-heal|p2a: Slowbro|301\/390 brn|[from] item: Leftovers
|-damage|p2a: Slowbro|253\/390 brn|[from] brn
|turn|62
|
|switch|p2a: Gliscor|Gliscor, M|350\/350 tox
|move|p1a: Celebi|Baton Pass|p1a: Celebi
|
|switch|p1a: Keldeo-Resolute|Keldeo-Resolute|125\/323
|
|turn|63
|
|switch|p1a: Celebi|Celebi|270\/403
|switch|p2a: Slowbro|Slowbro, F|383\/390 brn
|
|-heal|p2a: Slowbro|390\/390 brn|[from] item: Leftovers
|-damage|p2a: Slowbro|342\/390 brn|[from] brn
|turn|64
|
|switch|p2a: Gliscor|Gliscor, M|350\/350 tox
|move|p1a: Celebi|Recover|p1a: Celebi
|-heal|p1a: Celebi|403\/403
|
|turn|65
|
|move|p2a: Gliscor|Taunt|p1a: Celebi
|-start|p1a: Celebi|move: Taunt
|cant|p1a: Celebi|move: Taunt|Baton Pass
|
|turn|66
|
|move|p2a: Gliscor|Earthquake|p1a: Celebi
|-resisted|p1a: Celebi
|-damage|p1a: Celebi|349\/403
|move|p1a: Celebi|Giga Drain|p2a: Gliscor
|-damage|p2a: Gliscor|271\/350 tox
|-heal|p1a: Celebi|389\/403|[from] drain|[of] p2a: Gliscor
|
|-heal|p2a: Gliscor|314\/350 tox|[from] ability: Poison Heal
|turn|67
|
|switch|p1a: Hippowdon|Hippowdon, F|419\/419
|-weather|Sandstorm
|move|p2a: Gliscor|Earthquake|p1a: Hippowdon
|-damage|p1a: Hippowdon|343\/419
|
|-weather|Sandstorm|[upkeep]
|-heal|p1a: Hippowdon|369\/419|[from] item: Leftovers
|-heal|p2a: Gliscor|350\/350 tox|[from] ability: Poison Heal
|turn|68
|
|switch|p1a: Mandibuzz|Mandibuzz, F|257\/423
|move|p2a: Gliscor|Taunt|p1a: Mandibuzz
|-start|p1a: Mandibuzz|move: Taunt
|
|-weather|Sandstorm|[upkeep]
|turn|69
|
|move|p2a: Gliscor|Knock Off|p1a: Mandibuzz
|-resisted|p1a: Mandibuzz
|-damage|p1a: Mandibuzz|237\/423
|move|p1a: Mandibuzz|U-turn|p2a: Gliscor
|-resisted|p2a: Gliscor
|-damage|p2a: Gliscor|339\/350 tox
|
|switch|p1a: Keldeo-Resolute|Keldeo-Resolute|125\/323
|
|-weather|Sandstorm|[upkeep]
|-damage|p1a: Keldeo-Resolute|105\/323|[from] sandstorm
|-heal|p2a: Gliscor|350\/350 tox|[from] ability: Poison Heal
|turn|70
|
|switch|p1a: Celebi|Celebi|389\/403
|move|p2a: Gliscor|Earthquake|p1a: Celebi
|-resisted|p1a: Celebi
|-damage|p1a: Celebi|336\/403
|
|-weather|Sandstorm|[upkeep]
|-damage|p1a: Celebi|311\/403|[from] sandstorm
|turn|71
|
|move|p2a: Gliscor|Taunt|p1a: Celebi
|-start|p1a: Celebi|move: Taunt
|cant|p1a: Celebi|move: Taunt|Baton Pass
|
|-weather|none
|turn|72
|
|switch|p1a: Mandibuzz|Mandibuzz, F|237\/423
|move|p2a: Gliscor|Knock Off|p1a: Mandibuzz
|-resisted|p1a: Mandibuzz
|-damage|p1a: Mandibuzz|216\/423
|
|turn|73
|
|move|p2a: Gliscor|Taunt|p1a: Mandibuzz
|-start|p1a: Mandibuzz|move: Taunt
|cant|p1a: Mandibuzz|move: Taunt|Roost
|
|turn|74
|
|move|p2a: Gliscor|Knock Off|p1a: Mandibuzz
|-resisted|p1a: Mandibuzz
|-damage|p1a: Mandibuzz|198\/423
|move|p1a: Mandibuzz|U-turn|p2a: Gliscor
|-resisted|p2a: Gliscor
|-damage|p2a: Gliscor|338\/350 tox
|
|switch|p1a: Keldeo-Resolute|Keldeo-Resolute|105\/323
|
|-heal|p2a: Gliscor|350\/350 tox|[from] ability: Poison Heal
|turn|75
|
|switch|p2a: Slowbro|Slowbro, F|390\/390 brn
|move|p1a: Keldeo-Resolute|Scald|p2a: Slowbro
|-resisted|p2a: Slowbro
|-damage|p2a: Slowbro|298\/390 brn
|
|-heal|p2a: Slowbro|322\/390 brn|[from] item: Leftovers
|-damage|p2a: Slowbro|274\/390 brn|[from] brn
|turn|76
|c| AdityaKhuntia|Me too playing against stall
|c|âAlvadora|if
|c|âAlvadora|i meteor mashed
|c|âAlvadora|connected on that mandibuzz
|c|âAlvadora|i could had swept
|c|âAlvadora|zzz
|
|switch|p1a: Celebi|Celebi|311\/403
|switch|p2a: Tyranitar|Tyranitar, F|68\/342
|-weather|Sandstorm
|
|-weather|Sandstorm|[upkeep]
|-damage|p1a: Celebi|286\/403|[from] sandstorm
|turn|77
|
|move|p2a: Tyranitar|Crunch|p1a: Celebi
|-supereffective|p1a: Celebi
|-damage|p1a: Celebi|2\/403
|move|p1a: Celebi|Giga Drain|p2a: Tyranitar
|-supereffective|p2a: Tyranitar
|-damage|p2a: Tyranitar|0 fnt
|-heal|p1a: Celebi|36\/403|[from] drain|[of] p2a: Tyranitar
|faint|p2a: Tyranitar
|
|-weather|Sandstorm|[upkeep]
|-damage|p1a: Celebi|11\/403|[from] sandstorm
|
|switch|p2a: Gliscor|Gliscor, M|350\/350 tox
|turn|78
|
|switch|p1a: Keldeo-Resolute|Keldeo-Resolute|105\/323
|move|p2a: Gliscor|Knock Off|p1a: Keldeo-Resolute
|-resisted|p1a: Keldeo-Resolute
|-damage|p1a: Keldeo-Resolute|81\/323
|-boost|p1a: Keldeo-Resolute|atk|1|[from] ability: Justified
|
|-weather|Sandstorm|[upkeep]
|-damage|p1a: Keldeo-Resolute|61\/323|[from] sandstorm
|turn|79
|-message|Alvadora forfeited.
|
|move|p1a: Keldeo-Resolute|Scald|p2a: Gliscor
|-supereffective|p2a: Gliscor
|-damage|p2a: Gliscor|104\/350 tox
|move|p2a: Gliscor|Earthquake|p1a: Keldeo-Resolute
|-damage|p1a: Keldeo-Resolute|0 fnt
|faint|p1a: Keldeo-Resolute
|
|-weather|Sandstorm|[upkeep]
|-heal|p2a: Gliscor|147\/350 tox|[from] ability: Poison Heal
|
|win|don't use mega
|raw|Ladder updating...
|raw|Alvadora's rating: 1640 &rarr; <strong>1625<\/strong><br \/>(-15 for losing)
|raw|don&apos;t use mega's rating: 1730 &rarr; <strong>1745<\/strong><br \/>(+15 for winning)
|leave|Alvadora
|player|p1