|join|don't use mega
|join|miasmata
|player|p1|don't use mega|101
|player|p2|miasmata|170
|gametype|singles
|gen|6
|tier|OU
|rated
|clearpoke
|poke|p1|Tyranitar, F
|poke|p1|Gliscor, M
|poke|p1|Chansey, F
|poke|p1|Slowbro, M
|poke|p1|Quagsire, M
|poke|p1|Mandibuzz, F
|poke|p2|Altaria, M
|poke|p2|Landorus-Therian, M
|poke|p2|Latios, M
|poke|p2|Azumarill, F
|poke|p2|Bisharp, M
|poke|p2|Rhyperior, F
|rule|Swagger Clause: Swagger is banned
|rule|Baton Pass Clause: Limit one PokÃ©mon knowing Baton Pass
|rule|Sleep Clause Mod: Limit one foe put to sleep
|rule|Species Clause: Limit one of each PokÃ©mon
|rule|OHKO Clause: OHKO moves are banned
|rule|Moody Clause: Moody is banned
|rule|Evasion Moves Clause: Evasion moves are banned
|rule|Endless Battle Clause: Forcing endless battles is banned
|rule|HP Percentage Mod: HP is shown in percentages
|teampreview
|
|start
|switch|p1a: Slowbro|Slowbro, M|390\/390
|switch|p2a: Landorus-Therian|Landorus-Therian, M|319\/319
|-ability|p2a: Landorus-Therian|Intimidate|[of] p1a: Slowbro
|-unboost|p1a: Slowbro|atk|1
|turn|1
|
|move|p2a: Landorus-Therian|Stealth Rock|p1a: Slowbro
|-sidestart|p1: don't use mega|move: Stealth Rock
|move|p1a: Slowbro|Scald|p2a: Landorus-Therian
|-supereffective|p2a: Landorus-Therian
|-damage|p2a: Landorus-Therian|103\/319
|
|turn|2
|
|switch|p2a: Latios|Latios, M|364\/364
|move|p1a: Slowbro|Scald|p2a: Latios
|-resisted|p2a: Latios
|-damage|p2a: Latios|323\/364
|
|turn|3
|
|switch|p2a: Rhyperior|Rhyperior, F|372\/372
|move|p1a: Slowbro|Scald|p2a: Rhyperior
|-supereffective|p2a: Rhyperior
|-damage|p2a: Rhyperior|0 fnt
|faint|p2a: Rhyperior
|
|
|switch|p2a: Bisharp|Bisharp, M|271\/271
|turn|4
|
|switch|p1a: Quagsire|Quagsire, M|394\/394
|-damage|p1a: Quagsire|370\/394|[from] Stealth Rock
|move|p2a: Bisharp|Swords Dance|p2a: Bisharp
|-boost|p2a: Bisharp|atk|2
|
|-heal|p1a: Quagsire|394\/394|[from] item: Leftovers
|turn|5
|
|move|p2a: Bisharp|Knock Off|p1a: Quagsire
|-damage|p1a: Quagsire|229\/394
|-enditem|p1a: Quagsire|Leftovers|[from] move: Knock Off|[of] p2a: Bisharp
|-damage|p2a: Bisharp|244\/271|[from] item: Life Orb
|move|p1a: Quagsire|Scald|p2a: Bisharp
|-damage|p2a: Bisharp|153\/271
|
|turn|6
|
|switch|p2a: Landorus-Therian|Landorus-Therian, M|103\/319
|-ability|p2a: Landorus-Therian|Intimidate|[of] p1a: Quagsire
|-unboost|p1a: Quagsire|atk|1
|move|p1a: Quagsire|Recover|p1a: Quagsire
|-heal|p1a: Quagsire|394\/394
|
|turn|7
|
|switch|p1a: Slowbro|Slowbro, M|390\/390
|-damage|p1a: Slowbro|342\/390|[from] Stealth Rock
|move|p2a: Landorus-Therian|Explosion|p1a: Slowbro
|-damage|p1a: Slowbro|133\/390
|faint|p2a: Landorus-Therian
|
|
|switch|p2a: Latios|Latios, M|323\/364
|turn|8
|
|switch|p1a: Mandibuzz|Mandibuzz, F|424\/424
|-damage|p1a: Mandibuzz|318\/424|[from] Stealth Rock
|move|p2a: Latios|Reflect|p2a: Latios
|-sidestart|p2: miasmata|Reflect
|
|-heal|p1a: Mandibuzz|344\/424|[from] item: Leftovers
|turn|9
|
|move|p2a: Latios|Memento|p1a: Mandibuzz
|-unboost|p1a: Mandibuzz|atk|2
|-unboost|p1a: Mandibuzz|spa|2
|faint|p2a: Latios
|move|p1a: Mandibuzz|Defog|p2: Latios|[notarget]
|-notarget
|
|-heal|p1a: Mandibuzz|370\/424|[from] item: Leftovers
|
|switch|p2a: Altaria|Altaria, M|307\/307
|turn|10
|
|detailschange|p2a: Altaria|Altaria-Mega, M
|-mega|p2a: Altaria|Altaria|Altarianite
|move|p2a: Altaria|Dragon Dance|p2a: Altaria
|-boost|p2a: Altaria|atk|1
|-boost|p2a: Altaria|spe|1
|move|p1a: Mandibuzz|Defog|p2a: Altaria
|-unboost|p2a: Altaria|evasion|1
|-sideend|p2: miasmata|Reflect
|-sideend|p2: miasmata|Reflect|[from] move: Defog|[of] p2a: Altaria
|-sideend|p1: don't use mega|Stealth Rock|[from] move: Defog|[of] p1a: Mandibuzz
|
|-heal|p1a: Mandibuzz|396\/424|[from] item: Leftovers
|turn|11
|
|switch|p1a: Quagsire|Quagsire, M|394\/394
|move|p2a: Altaria|Dragon Dance|p2a: Altaria
|-boost|p2a: Altaria|atk|1
|-boost|p2a: Altaria|spe|1
|
|turn|12
|
|move|p2a: Altaria|Return|p1a: Quagsire
|-damage|p1a: Quagsire|196\/394
|move|p1a: Quagsire|Toxic|p2a: Altaria
|-status|p2a: Altaria|tox
|
|-damage|p2a: Altaria|288\/307 tox|[from] psn
|turn|13
|
|switch|p1a: Slowbro|Slowbro, M|263\/390
|move|p2a: Altaria|Return|p1a: Slowbro
|-damage|p1a: Slowbro|0 fnt
|-damage|p2a: Altaria|237\/307 tox|[from] item: Rocky Helmet|[of] p1a: Slowbro
|faint|p1a: Slowbro
|
|-damage|p2a: Altaria|199\/307 tox|[from] psn
|
|switch|p1a: Tyranitar|Tyranitar, F|342\/342
|-weather|Sandstorm
|turn|14
|
|move|p2a: Altaria|Return|p1a: Tyranitar
|-supereffective|p1a: Tyranitar
|-damage|p1a: Tyranitar|0 fnt
|faint|p1a: Tyranitar
|
|-weather|Sandstorm|[upkeep]
|-damage|p2a: Altaria|180\/307 tox|[from] sandstorm
|-damage|p2a: Altaria|123\/307 tox|[from] psn
|
|switch|p1a: Quagsire|Quagsire, M|196\/394
|turn|15
|
|switch|p1a: Chansey|Chansey, F|682\/682
|move|p2a: Altaria|Return|p1a: Chansey
|-damage|p1a: Chansey|114\/682
|
|-weather|Sandstorm|[upkeep]
|-damage|p2a: Altaria|104\/307 tox|[from] sandstorm
|-damage|p1a: Chansey|72\/682|[from] sandstorm
|-damage|p2a: Altaria|28\/307 tox|[from] psn
|turn|16
|
|move|p2a: Altaria|Roost|p2a: Altaria
|-heal|p2a: Altaria|182\/307 tox
|move|p1a: Chansey|Seismic Toss|p2a: Altaria
|-damage|p2a: Altaria|82\/307 tox
|
|-weather|Sandstorm|[upkeep]
|-damage|p2a: Altaria|63\/307 tox|[from] sandstorm
|-damage|p1a: Chansey|30\/682|[from] sandstorm
|-damage|p2a: Altaria|0 fnt|[from] psn
|faint|p2a: Altaria
|
|switch|p2a: Bisharp|Bisharp, M|153\/271
|turn|17
|
|move|p2a: Bisharp|Swords Dance|p2a: Bisharp
|-boost|p2a: Bisharp|atk|2
|move|p1a: Chansey|Stealth Rock|p2a: Bisharp
|-sidestart|p2: miasmata|move: Stealth Rock
|
|-weather|Sandstorm|[upkeep]
|-damage|p1a: Chansey|0 fnt|[from] sandstorm
|faint|p1a: Chansey
|
|switch|p1a: Quagsire|Quagsire, M|196\/394
|turn|18
|
|move|p2a: Bisharp|Iron Head|p1a: Quagsire
|-resisted|p1a: Quagsire
|-damage|p1a: Quagsire|130\/394
|-damage|p2a: Bisharp|126\/271|[from] item: Life Orb
|move|p1a: Quagsire|Recover|p1a: Quagsire
|-heal|p1a: Quagsire|327\/394
|
|-weather|none
|turn|19
|
|move|p2a: Bisharp|Iron Head|p1a: Quagsire
|-resisted|p1a: Quagsire
|-damage|p1a: Quagsire|253\/394
|-damage|p2a: Bisharp|99\/271|[from] item: Life Orb
|move|p1a: Quagsire|Recover|p1a: Quagsire
|-heal|p1a: Quagsire|394\/394
|
|turn|20
|
|move|p2a: Bisharp|Iron Head|p1a: Quagsire
|-resisted|p1a: Quagsire
|-damage|p1a: Quagsire|321\/394
|-damage|p2a: Bisharp|72\/271|[from] item: Life Orb
|move|p1a: Quagsire|Scald|p2a: Bisharp
|-damage|p2a: Bisharp|0 fnt
|faint|p2a: Bisharp
|
|
|switch|p2a: Azumarill|Azumarill, F|364\/364
|-damage|p2a: Azumarill|319\/364|[from] Stealth Rock
|turn|21
|-message|miasmata forfeited.
|leave|miasmata
|
|win|don't use mega
|raw|Ladder updating...
|player|p2
|raw|don&apos;t use mega's rating: 1764 &rarr; <strong>1785<\/strong><br \/>(+21 for winning)
|raw|miasmata's rating: 1785 &rarr; <strong>1763<\/strong><br \/>(-22 for losing)
|join|FunkyCrackudoCat
|leave|FunkyCrackudoCat