|join|don't use mega
|join|Alkov
|player|p1|don't use mega|101
|player|p2|Alkov|256
|gametype|singles
|gen|6
|tier|OU
|rated
|clearpoke
|poke|p1|Clefable, F
|poke|p1|Chansey, F
|poke|p1|Slowbro, M
|poke|p1|Zapdos
|poke|p1|Tyranitar, M
|poke|p1|Amoonguss, M
|poke|p2|Kyurem-Black, shiny
|poke|p2|Slowbro, M
|poke|p2|Gardevoir, F, shiny
|poke|p2|Cobalion
|poke|p2|Landorus-Therian, M
|poke|p2|Zapdos
|rule|Swagger Clause: Swagger is banned
|rule|Baton Pass Clause: Limit one PokÃ©mon knowing Baton Pass
|rule|Sleep Clause Mod: Limit one foe put to sleep
|rule|Species Clause: Limit one of each PokÃ©mon
|rule|OHKO Clause: OHKO moves are banned
|rule|Moody Clause: Moody is banned
|rule|Evasion Moves Clause: Evasion moves are banned
|rule|Endless Battle Clause: Forcing endless battles is banned
|rule|HP Percentage Mod: HP is shown in percentages
|teampreview
|
|start
|switch|p1a: Zapdos|Zapdos|384\/384
|switch|p2a: Cobalion|Cobalion|351\/351
|-ability|p1a: Zapdos|Pressure
|turn|1
|
|move|p2a: Cobalion|Volt Switch|p1a: Zapdos
|-damage|p1a: Zapdos|334\/384
|
|switch|p2a: Zapdos|Zapdos|383\/383
|-ability|p2a: Zapdos|Pressure
|move|p1a: Zapdos|Heat Wave|p2a: Zapdos
|-damage|p2a: Zapdos|279\/383
|
|-heal|p1a: Zapdos|358\/384|[from] item: Leftovers
|-heal|p2a: Zapdos|302\/383|[from] item: Leftovers
|turn|2
|
|switch|p2a: Cobalion|Cobalion|351\/351
|move|p1a: Zapdos|Volt Switch|p2a: Cobalion
|-damage|p2a: Cobalion|231\/351
|
|switch|p1a: Amoonguss|Amoonguss, M|430\/430
|
|-heal|p2a: Cobalion|252\/351|[from] item: Leftovers
|turn|3
|
|switch|p1a: Zapdos|Zapdos|358\/384
|-ability|p1a: Zapdos|Pressure
|move|p2a: Cobalion|Stealth Rock|p1a: Zapdos
|-sidestart|p1: don't use mega|move: Stealth Rock
|
|-heal|p2a: Cobalion|273\/351|[from] item: Leftovers
|-heal|p1a: Zapdos|382\/384|[from] item: Leftovers
|turn|4
|
|move|p2a: Cobalion|Volt Switch|p1a: Zapdos
|-damage|p1a: Zapdos|336\/384
|
|switch|p2a: Gardevoir|Gardevoir, F, shiny|277\/277
|-ability|p2a: Gardevoir|Pressure|[from] ability: Trace|[of] p1a: Zapdos
|-ability|p2a: Gardevoir|Pressure
|move|p1a: Zapdos|Defog|p2a: Gardevoir
|-unboost|p2a: Gardevoir|evasion|1
|-sideend|p1: don't use mega|Stealth Rock|[from] move: Defog|[of] p1a: Zapdos
|
|-heal|p1a: Zapdos|360\/384|[from] item: Leftovers
|turn|5
|
|switch|p1a: Chansey|Chansey, F|670\/670
|detailschange|p2a: Gardevoir|Gardevoir-Mega, F, shiny
|-mega|p2a: Gardevoir|Gardevoir|Gardevoirite
|move|p2a: Gardevoir|Hyper Voice|p1a: Chansey
|-damage|p1a: Chansey|526\/670
|
|turn|6
|
|move|p2a: Gardevoir|Psyshock|p1a: Chansey
|-damage|p1a: Chansey|274\/670
|move|p1a: Chansey|Seismic Toss|p2a: Gardevoir
|-damage|p2a: Gardevoir|177\/277
|
|turn|7
|
|move|p2a: Gardevoir|Taunt|p1a: Chansey
|-start|p1a: Chansey|move: Taunt
|cant|p1a: Chansey|move: Taunt|Thunder Wave
|
|turn|8
|
|switch|p1a: Slowbro|Slowbro, M|390\/390
|move|p2a: Gardevoir|Hyper Voice|p1a: Slowbro
|-damage|p1a: Slowbro|92\/390
|
|turn|9
|
|switch|p1a: Chansey|Chansey, F|274\/670
|move|p2a: Gardevoir|Hyper Voice|p1a: Chansey
|-damage|p1a: Chansey|108\/670
|
|turn|10
|
|switch|p1a: Amoonguss|Amoonguss, M|430\/430
|move|p2a: Gardevoir|Hyper Voice|p1a: Amoonguss
|-resisted|p1a: Amoonguss
|-damage|p1a: Amoonguss|267\/430
|
|-heal|p1a: Amoonguss|293\/430|[from] item: Black Sludge
|turn|11
|
|switch|p1a: Tyranitar|Tyranitar, M|342\/342
|-weather|Sandstorm
|move|p2a: Gardevoir|Focus Blast|p1a: Tyranitar
|-supereffective|p1a: Tyranitar
|-damage|p1a: Tyranitar|0 fnt
|faint|p1a: Tyranitar
|
|-weather|Sandstorm|[upkeep]
|-damage|p2a: Gardevoir|160\/277|[from] sandstorm
|
|switch|p1a: Zapdos|Zapdos|360\/384
|-ability|p1a: Zapdos|Pressure
|turn|12
|
|switch|p2a: Zapdos|Zapdos|302\/383
|-ability|p2a: Zapdos|Pressure
|move|p1a: Zapdos|Volt Switch|p2a: Zapdos
|-damage|p2a: Zapdos|185\/383
|
|switch|p1a: Amoonguss|Amoonguss, M|430\/430
|
|-weather|Sandstorm|[upkeep]
|-damage|p2a: Zapdos|162\/383|[from] sandstorm
|-damage|p1a: Amoonguss|404\/430|[from] sandstorm
|-heal|p2a: Zapdos|185\/383|[from] item: Leftovers
|-heal|p1a: Amoonguss|430\/430|[from] item: Black Sludge
|turn|13
|
|move|p2a: Zapdos|Roost|p2a: Zapdos
|-heal|p2a: Zapdos|377\/383
|move|p1a: Amoonguss|Spore|p2a: Zapdos
|-status|p2a: Zapdos|slp
|
|-weather|Sandstorm|[upkeep]
|-damage|p2a: Zapdos|354\/383 slp|[from] sandstorm
|-damage|p1a: Amoonguss|404\/430|[from] sandstorm
|-heal|p2a: Zapdos|377\/383 slp|[from] item: Leftovers
|-heal|p1a: Amoonguss|430\/430|[from] item: Black Sludge
|turn|14
|
|switch|p2a: Cobalion|Cobalion|273\/351
|move|p1a: Amoonguss|Giga Drain|p2a: Cobalion
|-resisted|p2a: Cobalion
|-damage|p2a: Cobalion|219\/351
|
|-weather|Sandstorm|[upkeep]
|-damage|p1a: Amoonguss|404\/430|[from] sandstorm
|-heal|p2a: Cobalion|240\/351|[from] item: Leftovers
|-heal|p1a: Amoonguss|430\/430|[from] item: Black Sludge
|turn|15
|
|switch|p1a: Zapdos|Zapdos|360\/384
|-ability|p1a: Zapdos|Pressure
|move|p2a: Cobalion|Stealth Rock|p1a: Zapdos
|-sidestart|p1: don't use mega|move: Stealth Rock
|
|-weather|none
|-heal|p2a: Cobalion|261\/351|[from] item: Leftovers
|-heal|p1a: Zapdos|384\/384|[from] item: Leftovers
|turn|16
|
|move|p2a: Cobalion|Volt Switch|p1a: Zapdos
|-damage|p1a: Zapdos|332\/384
|
|switch|p2a: Kyurem-Black|Kyurem-Black, shiny|391\/391
|-ability|p2a: Kyurem-Black|Teravolt
|move|p1a: Zapdos|Defog|p2a: Kyurem-Black
|-unboost|p2a: Kyurem-Black|evasion|1
|-sideend|p1: don't use mega|Stealth Rock|[from] move: Defog|[of] p1a: Zapdos
|
|-heal|p1a: Zapdos|356\/384|[from] item: Leftovers
|turn|17
|
|switch|p1a: Clefable|Clefable, F|392\/392
|move|p2a: Kyurem-Black|Ice Beam|p1a: Clefable
|-damage|p1a: Clefable|165\/392
|-damage|p2a: Kyurem-Black|352\/391|[from] item: Life Orb
|
|turn|18
|
|switch|p1a: Slowbro|Slowbro, M|222\/390
|move|p2a: Kyurem-Black|Ice Beam|p1a: Slowbro
|-resisted|p1a: Slowbro
|-damage|p1a: Slowbro|105\/390
|-damage|p2a: Kyurem-Black|313\/391|[from] item: Life Orb
|
|turn|19
|
|switch|p1a: Chansey|Chansey, F|108\/670
|move|p2a: Kyurem-Black|Earth Power|p1a: Chansey
|-damage|p1a: Chansey|22\/670
|-damage|p2a: Kyurem-Black|274\/391|[from] item: Life Orb
|
|turn|20
|
|move|p2a: Kyurem-Black|Ice Beam|p1a: Chansey
|-damage|p1a: Chansey|0 fnt
|-damage|p2a: Kyurem-Black|235\/391|[from] item: Life Orb
|faint|p1a: Chansey
|
|join|lil manaphy
|
|switch|p1a: Slowbro|Slowbro, M|235\/390
|turn|21
|join|Invok3r
|
|switch|p2a: Zapdos|Zapdos|377\/383 slp
|-ability|p2a: Zapdos|Pressure
|switch|p1a: Zapdos|Zapdos|356\/384
|-ability|p1a: Zapdos|Pressure
|
|-heal|p1a: Zapdos|380\/384|[from] item: Leftovers
|-heal|p2a: Zapdos|383\/383 slp|[from] item: Leftovers
|turn|22
|
|move|p1a: Zapdos|Volt Switch|p2a: Zapdos
|-damage|p2a: Zapdos|272\/383 slp
|
|switch|p1a: Clefable|Clefable, F|165\/392
|cant|p2a: Zapdos|slp
|
|-heal|p2a: Zapdos|295\/383 slp|[from] item: Leftovers
|turn|23
|
|switch|p2a: Gardevoir|Gardevoir-Mega, F, shiny|160\/277
|move|p1a: Clefable|Soft-Boiled|p1a: Clefable
|-heal|p1a: Clefable|361\/392
|
|turn|24
|join|Mistaken
|
|move|p2a: Gardevoir|Hyper Voice|p1a: Clefable
|-damage|p1a: Clefable|42\/392
|move|p1a: Clefable|Moonblast|p2a: Gardevoir
|-damage|p2a: Gardevoir|73\/277
|
|turn|25
|c| Mistaken|**GO ALKOV**
|
|switch|p1a: Amoonguss|Amoonguss, M|430\/430
|move|p2a: Gardevoir|Hyper Voice|p1a: Amoonguss
|-resisted|p1a: Amoonguss
|-damage|p1a: Amoonguss|274\/430
|
|-heal|p1a: Amoonguss|300\/430|[from] item: Black Sludge
|turn|26
|
|move|p2a: Gardevoir|Psyshock|p1a: Amoonguss
|-supereffective|p1a: Amoonguss
|-damage|p1a: Amoonguss|0 fnt
|faint|p1a: Amoonguss
|
|
|switch|p1a: Zapdos|Zapdos|380\/384
|-ability|p1a: Zapdos|Pressure
|turn|27
|
|move|p2a: Gardevoir|Hyper Voice|p1a: Zapdos
|-damage|p1a: Zapdos|64\/384
|move|p1a: Zapdos|Volt Switch|p2a: Gardevoir
|-damage|p2a: Gardevoir|0 fnt
|faint|p2a: Gardevoir
|
|switch|p1a: Slowbro|Slowbro, M|365\/390
|
|
|switch|p2a: Zapdos|Zapdos|295\/383 slp
|-ability|p2a: Zapdos|Pressure
|turn|28
|join|BlueHippo
|leave|BlueHippo
|join|WECAMEASROMANS
|leave|WECAMEASROMANS
|
|switch|p1a: Zapdos|Zapdos|64\/384
|-ability|p1a: Zapdos|Pressure
|cant|p2a: Zapdos|slp
|
|-heal|p1a: Zapdos|88\/384|[from] item: Leftovers
|-heal|p2a: Zapdos|318\/383 slp|[from] item: Leftovers
|turn|29
|
|move|p1a: Zapdos|Roost|p1a: Zapdos
|-heal|p1a: Zapdos|280\/384
|-curestatus|p2a: Zapdos|slp
|move|p2a: Zapdos|Discharge|p1a: Zapdos
|-resisted|p1a: Zapdos
|-damage|p1a: Zapdos|213\/384
|
|-heal|p1a: Zapdos|237\/384|[from] item: Leftovers
|-heal|p2a: Zapdos|341\/383|[from] item: Leftovers
|turn|30
|
|move|p1a: Zapdos|Roost|p1a: Zapdos
|-heal|p1a: Zapdos|384\/384
|move|p2a: Zapdos|Heat Wave|p1a: Zapdos
|-damage|p1a: Zapdos|287\/384
|
|-heal|p1a: Zapdos|311\/384|[from] item: Leftovers
|-heal|p2a: Zapdos|364\/383|[from] item: Leftovers
|turn|31
|
|move|p1a: Zapdos|Heat Wave|p2a: Zapdos
|-damage|p2a: Zapdos|259\/383
|move|p2a: Zapdos|Heat Wave|p1a: Zapdos
|-damage|p1a: Zapdos|203\/384
|
|-heal|p1a: Zapdos|227\/384|[from] item: Leftovers
|-heal|p2a: Zapdos|282\/383|[from] item: Leftovers
|turn|32
|
|switch|p2a: Kyurem-Black|Kyurem-Black, shiny|235\/391
|-ability|p2a: Kyurem-Black|Teravolt
|move|p1a: Zapdos|Heat Wave|p2a: Kyurem-Black
|-damage|p2a: Kyurem-Black|133\/391
|
|-heal|p1a: Zapdos|251\/384|[from] item: Leftovers
|turn|33
|
|switch|p1a: Slowbro|Slowbro, M|390\/390
|move|p2a: Kyurem-Black|Ice Beam|p1a: Slowbro
|-resisted|p1a: Slowbro
|-damage|p1a: Slowbro|263\/390
|-damage|p2a: Kyurem-Black|94\/391|[from] item: Life Orb
|
|turn|34
|
|switch|p1a: Zapdos|Zapdos|251\/384
|-ability|p1a: Zapdos|Pressure
|move|p2a: Kyurem-Black|Fusion Bolt|p1a: Zapdos
|-damage|p1a: Zapdos|107\/384
|-damage|p2a: Kyurem-Black|55\/391|[from] item: Life Orb
|
|-heal|p1a: Zapdos|131\/384|[from] item: Leftovers
|turn|35
|
|switch|p1a: Slowbro|Slowbro, M|390\/390
|move|p2a: Kyurem-Black|Fusion Bolt|p1a: Slowbro
|-supereffective|p1a: Slowbro
|-damage|p1a: Slowbro|161\/390
|-damage|p2a: Kyurem-Black|16\/391|[from] item: Life Orb
|
|turn|36
|
|switch|p1a: Clefable|Clefable, F|42\/392
|move|p2a: Kyurem-Black|Fusion Bolt|p1a: Clefable
|-damage|p1a: Clefable|0 fnt
|-damage|p2a: Kyurem-Black|0 fnt|[from] item: Life Orb
|faint|p1a: Clefable
|faint|p2a: Kyurem-Black
|
|
|switch|p2a: Landorus-Therian|Landorus-Therian, M|328\/328
|switch|p1a: Zapdos|Zapdos|131\/384
|-ability|p2a: Landorus-Therian|Intimidate|[of] p1a: Zapdos
|-unboost|p1a: Zapdos|atk|1
|-ability|p1a: Zapdos|Pressure
|turn|37
|
|switch|p1a: Slowbro|Slowbro, M|291\/390
|move|p2a: Landorus-Therian|Stone Edge|p1a: Slowbro
|-damage|p1a: Slowbro|211\/390
|
|turn|38
|
|switch|p2a: Zapdos|Zapdos|282\/383
|-ability|p2a: Zapdos|Pressure
|move|p1a: Slowbro|Trick|p2a: Zapdos
|-activate|p1a: Slowbro|move: Trick|[of] p2a: Zapdos
|-item|p2a: Zapdos|Lagging Tail|[from] move: Trick
|-item|p1a: Slowbro|Leftovers|[from] move: Trick
|
|-heal|p1a: Slowbro|235\/390|[from] item: Leftovers
|turn|39
|
|switch|p1a: Zapdos|Zapdos|131\/384
|-ability|p1a: Zapdos|Pressure
|move|p2a: Zapdos|Discharge|p1a: Zapdos
|-damage|p1a: Zapdos|8\/384
|
|-heal|p1a: Zapdos|32\/384|[from] item: Leftovers
|turn|40
|c|âAlkov|noooo
|
|switch|p2a: Landorus-Therian|Landorus-Therian, M|328\/328
|-ability|p2a: Landorus-Therian|Intimidate|[of] p1a: Zapdos
|-unboost|p1a: Zapdos|atk|1
|move|p1a: Zapdos|Roost|p1a: Zapdos
|-heal|p1a: Zapdos|224\/384
|
|-heal|p1a: Zapdos|248\/384|[from] item: Leftovers
|turn|41
|c|âdon't use mega|yes
|
|switch|p1a: Slowbro|Slowbro, M|365\/390
|move|p2a: Landorus-Therian|Knock Off|p1a: Slowbro
|-supereffective|p1a: Slowbro
|-damage|p1a: Slowbro|189\/390
|-enditem|p1a: Slowbro|Leftovers|[from] move: Knock Off|[of] p2a: Landorus-Therian
|
|turn|42
|c|âdon't use mega|gg
|c|âAlkov|gg
|
|switch|p2a: Zapdos|Zapdos|282\/383
|-ability|p2a: Zapdos|Pressure
|move|p1a: Slowbro|Slack Off|p1a: Slowbro
|-heal|p1a: Slowbro|384\/390
|
|turn|43
|
|switch|p1a: Zapdos|Zapdos|248\/384
|-ability|p1a: Zapdos|Pressure
|move|p2a: Zapdos|Heat Wave|p1a: Zapdos
|-damage|p1a: Zapdos|143\/384
|
|-heal|p1a: Zapdos|167\/384|[from] item: Leftovers
|turn|44
|
|move|p1a: Zapdos|Roost|p1a: Zapdos
|-heal|p1a: Zapdos|359\/384
|move|p2a: Zapdos|Roost|p2a: Zapdos
|-heal|p2a: Zapdos|383\/383
|
|-heal|p1a: Zapdos|383\/384|[from] item: Leftovers
|turn|45
|
|move|p1a: Zapdos|Heat Wave|p2a: Zapdos
|-damage|p2a: Zapdos|278\/383
|move|p2a: Zapdos|Heat Wave|p1a: Zapdos
|-damage|p1a: Zapdos|272\/384
|
|-heal|p1a: Zapdos|296\/384|[from] item: Leftovers
|turn|46
|
|move|p1a: Zapdos|Heat Wave|p2a: Zapdos
|-crit|p2a: Zapdos
|-damage|p2a: Zapdos|141\/383
|-status|p2a: Zapdos|brn
|move|p2a: Zapdos|Heat Wave|p1a: Zapdos
|-damage|p1a: Zapdos|195\/384
|
|-heal|p1a: Zapdos|219\/384|[from] item: Leftovers
|-damage|p2a: Zapdos|94\/383 brn|[from] brn
|turn|47
|c|âAlkov|......
|c|âAlkov|crit burn
|c|âAlkov|really
|c|âdon't use mega|. . .
|
|switch|p2a: Landorus-Therian|Landorus-Therian, M|328\/328
|-ability|p2a: Landorus-Therian|Intimidate|[of] p1a: Zapdos
|-unboost|p1a: Zapdos|atk|1
|move|p1a: Zapdos|Heat Wave|p2a: Landorus-Therian
|-damage|p2a: Landorus-Therian|220\/328
|
|-heal|p1a: Zapdos|243\/384|[from] item: Leftovers
|turn|48
|
|switch|p1a: Slowbro|Slowbro, M|390\/390
|move|p2a: Landorus-Therian|U-turn|p1a: Slowbro
|-supereffective|p1a: Slowbro
|-damage|p1a: Slowbro|264\/390
|join|Boot Me Offline
|
|switch|p2a: Slowbro|Slowbro, M|394\/394
|
|turn|49
|
|switch|p1a: Zapdos|Zapdos|243\/384
|-ability|p1a: Zapdos|Pressure
|move|p2a: Slowbro|Scald|p1a: Zapdos
|-damage|p1a: Zapdos|137\/384
|-status|p1a: Zapdos|brn
|
|-heal|p1a: Zapdos|161\/384 brn|[from] item: Leftovers
|-damage|p1a: Zapdos|113\/384 brn|[from] brn
|turn|50
|
|switch|p2a: Landorus-Therian|Landorus-Therian, M|220\/328
|-ability|p2a: Landorus-Therian|Intimidate|[of] p1a: Zapdos
|-unboost|p1a: Zapdos|atk|1
|move|p1a: Zapdos|Roost|p1a: Zapdos
|-heal|p1a: Zapdos|305\/384 brn
|
|-heal|p1a: Zapdos|329\/384 brn|[from] item: Leftovers
|-damage|p1a: Zapdos|281\/384 brn|[from] brn
|turn|51
|
|switch|p1a: Slowbro|Slowbro, M|390\/390
|move|p2a: Landorus-Therian|Stone Edge|p1a: Slowbro
|-damage|p1a: Slowbro|298\/390
|
|turn|52
|
|switch|p2a: Cobalion|Cobalion|261\/351
|move|p1a: Slowbro|Scald|p2a: Cobalion
|-damage|p2a: Cobalion|134\/351
|
|-heal|p2a: Cobalion|155\/351|[from] item: Leftovers
|turn|53
|
|move|p2a: Cobalion|Stealth Rock|p1a: Slowbro
|-sidestart|p1: don't use mega|move: Stealth Rock
|move|p1a: Slowbro|Scald|p2a: Cobalion
|-damage|p2a: Cobalion|23\/351
|
|-heal|p2a: Cobalion|44\/351|[from] item: Leftovers
|turn|54
|
|move|p2a: Cobalion|Volt Switch|p1a: Slowbro
|-supereffective|p1a: Slowbro
|-damage|p1a: Slowbro|180\/390
|
|switch|p2a: Zapdos|Zapdos|94\/383 brn
|-ability|p2a: Zapdos|Pressure
|move|p1a: Slowbro|Scald|p2a: Zapdos
|-damage|p2a: Zapdos|0 fnt
|faint|p2a: Zapdos
|
|
|switch|p2a: Cobalion|Cobalion|44\/351
|turn|55
|
|move|p2a: Cobalion|Volt Switch|p1a: Slowbro
|-supereffective|p1a: Slowbro
|-damage|p1a: Slowbro|76\/390
|
|switch|p2a: Slowbro|Slowbro, M|394\/394
|move|p1a: Slowbro|Slack Off|p1a: Slowbro
|-heal|p1a: Slowbro|271\/390
|
|turn|56
|
|move|p1a: Slowbro|Trick|p2a: Slowbro
|-activate|p1a: Slowbro|move: Trick|[of] p2a: Slowbro
|-item|p1a: Slowbro|Leftovers|[from] move: Trick
|move|p2a: Slowbro|Scald|p1a: Slowbro
|-resisted|p1a: Slowbro
|-damage|p1a: Slowbro|211\/390
|
|-heal|p1a: Slowbro|235\/390|[from] item: Leftovers
|turn|57
|
|move|p1a: Slowbro|Scald|p2a: Slowbro
|-resisted|p2a: Slowbro
|-damage|p2a: Slowbro|334\/394
|move|p2a: Slowbro|Scald|p1a: Slowbro
|-resisted|p1a: Slowbro
|-damage|p1a: Slowbro|184\/390
|-status|p1a: Slowbro|brn
|
|-heal|p1a: Slowbro|208\/390 brn|[from] item: Leftovers
|-damage|p1a: Slowbro|160\/390 brn|[from] brn
|turn|58
|
|switch|p2a: Cobalion|Cobalion|44\/351
|move|p1a: Slowbro|Slack Off|p1a: Slowbro
|-heal|p1a: Slowbro|355\/390 brn
|
|-heal|p2a: Cobalion|65\/351|[from] item: Leftovers
|-heal|p1a: Slowbro|379\/390 brn|[from] item: Leftovers
|-damage|p1a: Slowbro|331\/390 brn|[from] brn
|turn|59
|
|move|p2a: Cobalion|Volt Switch|p1a: Slowbro
|-supereffective|p1a: Slowbro
|-damage|p1a: Slowbro|217\/390 brn
|
|switch|p2a: Slowbro|Slowbro, M|394\/394
|move|p1a: Slowbro|Scald|p2a: Slowbro
|-resisted|p2a: Slowbro
|-damage|p2a: Slowbro|340\/394
|
|-heal|p1a: Slowbro|241\/390 brn|[from] item: Leftovers
|-damage|p1a: Slowbro|193\/390 brn|[from] brn
|turn|60
|
|move|p1a: Slowbro|Scald|p2a: Slowbro
|-resisted|p2a: Slowbro
|-damage|p2a: Slowbro|283\/394
|move|p2a: Slowbro|Scald|p1a: Slowbro
|-resisted|p1a: Slowbro
|-damage|p1a: Slowbro|132\/390 brn
|
|-heal|p1a: Slowbro|156\/390 brn|[from] item: Leftovers
|-damage|p1a: Slowbro|108\/390 brn|[from] brn
|turn|61
|join|Rawk Hawk
|
|move|p1a: Slowbro|Slack Off|p1a: Slowbro
|-heal|p1a: Slowbro|303\/390 brn
|move|p2a: Slowbro|Scald|p1a: Slowbro
|-resisted|p1a: Slowbro
|-damage|p1a: Slowbro|246\/390 brn
|
|-heal|p1a: Slowbro|270\/390 brn|[from] item: Leftovers
|-damage|p1a: Slowbro|222\/390 brn|[from] brn
|turn|62
|
|move|p1a: Slowbro|Scald|p2a: Slowbro
|-resisted|p2a: Slowbro
|-damage|p2a: Slowbro|226\/394
|move|p2a: Slowbro|Scald|p1a: Slowbro
|-resisted|p1a: Slowbro
|-damage|p1a: Slowbro|168\/390 brn
|
|-heal|p1a: Slowbro|192\/390 brn|[from] item: Leftovers
|-damage|p1a: Slowbro|144\/390 brn|[from] brn
|turn|63
|
|move|p1a: Slowbro|Slack Off|p1a: Slowbro
|-heal|p1a: Slowbro|339\/390 brn
|move|p2a: Slowbro|Slack Off|p2a: Slowbro
|-heal|p2a: Slowbro|394\/394
|
|-heal|p1a: Slowbro|363\/390 brn|[from] item: Leftovers
|-damage|p1a: Slowbro|315\/390 brn|[from] brn
|turn|64
|join|You never had me
|
|move|p1a: Slowbro|Scald|p2a: Slowbro
|-resisted|p2a: Slowbro
|-damage|p2a: Slowbro|337\/394
|move|p2a: Slowbro|Scald|p1a: Slowbro
|-resisted|p1a: Slowbro
|-damage|p1a: Slowbro|255\/390 brn
|
|-heal|p1a: Slowbro|279\/390 brn|[from] item: Leftovers
|-damage|p1a: Slowbro|231\/390 brn|[from] brn
|turn|65
|leave|You never had me
|
|move|p1a: Slowbro|Scald|p2a: Slowbro
|-resisted|p2a: Slowbro
|-damage|p2a: Slowbro|278\/394
|move|p2a: Slowbro|Scald|p1a: Slowbro
|-resisted|p1a: Slowbro
|-damage|p1a: Slowbro|175\/390 brn
|
|-heal|p1a: Slowbro|199\/390 brn|[from] item: Leftovers
|-damage|p1a: Slowbro|151\/390 brn|[from] brn
|turn|66
|c|âdon't use mega|. . .
|
|switch|p2a: Cobalion|Cobalion|65\/351
|move|p1a: Slowbro|Slack Off|p1a: Slowbro
|-heal|p1a: Slowbro|346\/390 brn
|
|-heal|p2a: Cobalion|86\/351|[from] item: Leftovers
|-heal|p1a: Slowbro|370\/390 brn|[from] item: Leftovers
|-damage|p1a: Slowbro|322\/390 brn|[from] brn
|turn|67
|
|move|p2a: Cobalion|Iron Head|p1a: Slowbro
|-resisted|p1a: Slowbro
|-damage|p1a: Slowbro|290\/390 brn
|cant|p1a: Slowbro|flinch
|
|-heal|p2a: Cobalion|107\/351|[from] item: Leftovers
|-heal|p1a: Slowbro|314\/390 brn|[from] item: Leftovers
|-damage|p1a: Slowbro|266\/390 brn|[from] brn
|turn|68
|
|move|p2a: Cobalion|Iron Head|p1a: Slowbro
|-resisted|p1a: Slowbro
|-damage|p1a: Slowbro|230\/390 brn
|move|p1a: Slowbro|Slack Off|p1a: Slowbro
|-heal|p1a: Slowbro|390\/390 brn
|
|-heal|p2a: Cobalion|128\/351|[from] item: Leftovers
|-damage|p1a: Slowbro|342\/390 brn|[from] brn
|turn|69
|
|move|p2a: Cobalion|Iron Head|p1a: Slowbro
|-resisted|p1a: Slowbro
|-damage|p1a: Slowbro|306\/390 brn
|cant|p1a: Slowbro|flinch
|
|-heal|p2a: Cobalion|149\/351|[from] item: Leftovers
|-heal|p1a: Slowbro|330\/390 brn|[from] item: Leftovers
|-damage|p1a: Slowbro|282\/390 brn|[from] brn
|turn|70
|c|âdon't use mega|good. . .
|c|âdon't use mega|pathetic
|
|move|p2a: Cobalion|Iron Head|p1a: Slowbro
|-resisted|p1a: Slowbro
|-damage|p1a: Slowbro|246\/390 brn
|move|p1a: Slowbro|Scald|p2a: Cobalion
|-damage|p2a: Cobalion|34\/351
|
|-heal|p2a: Cobalion|55\/351|[from] item: Leftovers
|-heal|p1a: Slowbro|270\/390 brn|[from] item: Leftovers
|-damage|p1a: Slowbro|222\/390 brn|[from] brn
|turn|71
|c|âAlkov|you cant even outstall me here anyway
|c|âAlkov|i have a slowbro like you
|c|âAlkov|and landorus-t for oyur zapdos
|c|âAlkov|you got outplayed in the first 20turns
|
|move|p2a: Cobalion|Iron Head|p1a: Slowbro
|-resisted|p1a: Slowbro
|-damage|p1a: Slowbro|190\/390 brn
|move|p1a: Slowbro|Slack Off|p1a: Slowbro
|-heal|p1a: Slowbro|385\/390 brn
|
|-heal|p2a: Cobalion|76\/351|[from] item: Leftovers
|-heal|p1a: Slowbro|390\/390 brn|[from] item: Leftovers
|-damage|p1a: Slowbro|342\/390 brn|[from] brn
|turn|72
|c|âAlkov|just admit it
|c|âAlkov|gardevoir played you easily
|
|move|p2a: Cobalion|Iron Head|p1a: Slowbro
|-resisted|p1a: Slowbro
|-damage|p1a: Slowbro|309\/390 brn
|move|p1a: Slowbro|Scald|p2a: Cobalion
|-damage|p2a: Cobalion|0 fnt
|faint|p2a: Cobalion
|
|-heal|p1a: Slowbro|333\/390 brn|[from] item: Leftovers
|-damage|p1a: Slowbro|285\/390 brn|[from] brn
|c|âdon't use mega|. . .
|
|switch|p2a: Slowbro|Slowbro, M|394\/394
|turn|73
|
|move|p1a: Slowbro|Scald|p2a: Slowbro
|-crit|p2a: Slowbro
|-resisted|p2a: Slowbro
|-damage|p2a: Slowbro|315\/394
|-status|p2a: Slowbro|brn
|move|p2a: Slowbro|Scald|p1a: Slowbro
|-resisted|p1a: Slowbro
|-damage|p1a: Slowbro|231\/390 brn
|
|-heal|p1a: Slowbro|255\/390 brn|[from] item: Leftovers
|-damage|p1a: Slowbro|207\/390 brn|[from] brn
|-damage|p2a: Slowbro|266\/394 brn|[from] brn
|turn|74
|c|âAlkov|and you crit burnt me
|c|âAlkov|despite being played
|
|move|p1a: Slowbro|Scald|p2a: Slowbro
|-resisted|p2a: Slowbro
|-damage|p2a: Slowbro|208\/394 brn
|move|p2a: Slowbro|Slack Off|p2a: Slowbro
|-heal|p2a: Slowbro|394\/394 brn
|
|-heal|p1a: Slowbro|231\/390 brn|[from] item: Leftovers
|-damage|p1a: Slowbro|183\/390 brn|[from] brn
|-damage|p2a: Slowbro|345\/394 brn|[from] brn
|turn|75
|c|âAlkov|making me in this situation
|c|âAlkov|and you're saying "pathetic"
|c|âAlkov|lmfao
|
|move|p1a: Slowbro|Slack Off|p1a: Slowbro
|-heal|p1a: Slowbro|378\/390 brn
|move|p2a: Slowbro|Scald|p1a: Slowbro
|-resisted|p1a: Slowbro
|-damage|p1a: Slowbro|324\/390 brn
|
|-heal|p1a: Slowbro|348\/390 brn|[from] item: Leftovers
|-damage|p1a: Slowbro|300\/390 brn|[from] brn
|-damage|p2a: Slowbro|296\/394 brn|[from] brn
|turn|76
|
|move|p1a: Slowbro|Scald|p2a: Slowbro
|-resisted|p2a: Slowbro
|-damage|p2a: Slowbro|242\/394 brn
|move|p2a: Slowbro|Scald|p1a: Slowbro
|-resisted|p1a: Slowbro
|-damage|p1a: Slowbro|246\/390 brn
|
|-heal|p1a: Slowbro|270\/390 brn|[from] item: Leftovers
|-damage|p1a: Slowbro|222\/390 brn|[from] brn
|-damage|p2a: Slowbro|193\/394 brn|[from] brn
|turn|77
|
|switch|p1a: Zapdos|Zapdos|281\/384 brn
|-damage|p1a: Zapdos|185\/384 brn|[from] Stealth Rock
|-ability|p1a: Zapdos|Pressure
|move|p2a: Slowbro|Slack Off|p2a: Slowbro
|-heal|p2a: Slowbro|390\/394 brn
|
|-heal|p1a: Zapdos|209\/384 brn|[from] item: Leftovers
|-damage|p1a: Zapdos|161\/384 brn|[from] brn
|-damage|p2a: Slowbro|341\/394 brn|[from] brn
|turn|78
|
|switch|p2a: Landorus-Therian|Landorus-Therian, M|220\/328
|-ability|p2a: Landorus-Therian|Intimidate|[of] p1a: Zapdos
|-unboost|p1a: Zapdos|atk|1
|move|p1a: Zapdos|Roost|p1a: Zapdos
|-heal|p1a: Zapdos|353\/384 brn
|
|-heal|p1a: Zapdos|377\/384 brn|[from] item: Leftovers
|-damage|p1a: Zapdos|329\/384 brn|[from] brn
|turn|79
|
|move|p2a: Landorus-Therian|Stone Edge|p1a: Zapdos
|-supereffective|p1a: Zapdos
|-damage|p1a: Zapdos|123\/384 brn
|move|p1a: Zapdos|Defog|p2a: Landorus-Therian
|-unboost|p2a: Landorus-Therian|evasion|1
|-sideend|p1: don't use mega|Stealth Rock|[from] move: Defog|[of] p1a: Zapdos
|
|-heal|p1a: Zapdos|147\/384 brn|[from] item: Leftovers
|-damage|p1a: Zapdos|99\/384 brn|[from] brn
|turn|80
|join|WECAMEASROMANS
|
|switch|p1a: Slowbro|Slowbro, M|352\/390 brn
|move|p2a: Landorus-Therian|Stone Edge|p1a: Slowbro
|-damage|p1a: Slowbro|267\/390 brn
|
|-heal|p1a: Slowbro|291\/390 brn|[from] item: Leftovers
|-damage|p1a: Slowbro|243\/390 brn|[from] brn
|turn|81
|
|switch|p2a: Slowbro|Slowbro, M|394\/394 brn
|switch|p1a: Zapdos|Zapdos|99\/384 brn
|-ability|p1a: Zapdos|Pressure
|
|-heal|p1a: Zapdos|123\/384 brn|[from] item: Leftovers
|-damage|p1a: Zapdos|75\/384 brn|[from] brn
|-damage|p2a: Slowbro|345\/394 brn|[from] brn
|turn|82
|join|m00n's blanket
|
|move|p1a: Zapdos|Roost|p1a: Zapdos
|-heal|p1a: Zapdos|267\/384 brn
|move|p2a: Slowbro|Scald|p1a: Zapdos
|-damage|p1a: Zapdos|173\/384 brn
|
|-heal|p1a: Zapdos|197\/384 brn|[from] item: Leftovers
|-damage|p1a: Zapdos|149\/384 brn|[from] brn
|-damage|p2a: Slowbro|296\/394 brn|[from] brn
|turn|83
|leave|WECAMEASROMANS
|
|switch|p2a: Landorus-Therian|Landorus-Therian, M|220\/328
|-ability|p2a: Landorus-Therian|Intimidate|[of] p1a: Zapdos
|-unboost|p1a: Zapdos|atk|1
|move|p1a: Zapdos|Roost|p1a: Zapdos
|-heal|p1a: Zapdos|341\/384 brn
|
|-heal|p1a: Zapdos|365\/384 brn|[from] item: Leftovers
|-damage|p1a: Zapdos|317\/384 brn|[from] brn
|turn|84
|
|move|p2a: Landorus-Therian|U-turn|p1a: Zapdos
|-resisted|p1a: Zapdos
|-damage|p1a: Zapdos|279\/384 brn
|
|switch|p2a: Slowbro|Slowbro, M|394\/394 brn
|move|p1a: Zapdos|Roost|p1a: Zapdos
|-heal|p1a: Zapdos|384\/384 brn
|
|-damage|p1a: Zapdos|336\/384 brn|[from] brn
|-damage|p2a: Slowbro|345\/394 brn|[from] brn
|turn|85
|
|switch|p2a: Landorus-Therian|Landorus-Therian, M|220\/328
|-ability|p2a: Landorus-Therian|Intimidate|[of] p1a: Zapdos
|-unboost|p1a: Zapdos|atk|1
|move|p1a: Zapdos|Heat Wave|p2a: Landorus-Therian
|-damage|p2a: Landorus-Therian|107\/328
|
|-heal|p1a: Zapdos|360\/384 brn|[from] item: Leftovers
|-damage|p1a: Zapdos|312\/384 brn|[from] brn
|turn|86
|
|switch|p1a: Slowbro|Slowbro, M|373\/390 brn
|move|p2a: Landorus-Therian|Knock Off|p1a: Slowbro
|-supereffective|p1a: Slowbro
|-damage|p1a: Slowbro|195\/390 brn
|-enditem|p1a: Slowbro|Leftovers|[from] move: Knock Off|[of] p2a: Landorus-Therian
|
|-damage|p1a: Slowbro|147\/390 brn|[from] brn
|turn|87
|
|move|p2a: Landorus-Therian|Knock Off|p1a: Slowbro
|-supereffective|p1a: Slowbro
|-damage|p1a: Slowbro|31\/390 brn
|move|p1a: Slowbro|Slack Off|p1a: Slowbro
|-heal|p1a: Slowbro|226\/390 brn
|
|-damage|p1a: Slowbro|178\/390 brn|[from] brn
|turn|88
|
|switch|p2a: Slowbro|Slowbro, M|394\/394 brn
|move|p1a: Slowbro|Slack Off|p1a: Slowbro
|-heal|p1a: Slowbro|373\/390 brn
|
|-damage|p1a: Slowbro|325\/390 brn|[from] brn
|-damage|p2a: Slowbro|345\/394 brn|[from] brn
|turn|89
|join|boltsandbombers
|join|Winter's Howl
|leave|boltsandbombers
|
|switch|p2a: Landorus-Therian|Landorus-Therian, M|107\/328
|-ability|p2a: Landorus-Therian|Intimidate|[of] p1a: Slowbro
|-unboost|p1a: Slowbro|atk|1
|move|p1a: Slowbro|Psyshock|p2a: Landorus-Therian
|-damage|p2a: Landorus-Therian|13\/328
|
|-damage|p1a: Slowbro|277\/390 brn|[from] brn
|turn|90
|c|âAlkov|way to go man, that crit burn on my zapdos
|c|âAlkov|gave you the win
|c|âAlkov|despite being outplayed like fuck, losing ttar, amoonguss, chansey and clefable
|c|âAlkov|like a shit
|
|move|p2a: Landorus-Therian|U-turn|p1a: Slowbro
|-supereffective|p1a: Slowbro
|-damage|p1a: Slowbro|157\/390 brn
|
|switch|p2a: Slowbro|Slowbro, M|394\/394 brn
|move|p1a: Slowbro|Psyshock|p2a: Slowbro
|-resisted|p2a: Slowbro
|-damage|p2a: Slowbro|364\/394 brn
|
|-damage|p1a: Slowbro|109\/390 brn|[from] brn
|-damage|p2a: Slowbro|315\/394 brn|[from] brn
|turn|91
|
|move|p1a: Slowbro|Slack Off|p1a: Slowbro
|-heal|p1a: Slowbro|304\/390 brn
|move|p2a: Slowbro|Scald|p1a: Slowbro
|-resisted|p1a: Slowbro
|-damage|p1a: Slowbro|249\/390 brn
|
|-damage|p1a: Slowbro|201\/390 brn|[from] brn
|-damage|p2a: Slowbro|266\/394 brn|[from] brn
|turn|92
|
|move|p1a: Slowbro|Slack Off|p1a: Slowbro
|-heal|p1a: Slowbro|390\/390 brn
|move|p2a: Slowbro|Scald|p1a: Slowbro
|-resisted|p1a: Slowbro
|-damage|p1a: Slowbro|336\/390 brn
|
|-damage|p1a: Slowbro|288\/390 brn|[from] brn
|-damage|p2a: Slowbro|217\/394 brn|[from] brn
|turn|93
|
|switch|p1a: Zapdos|Zapdos|312\/384 brn
|-ability|p1a: Zapdos|Pressure
|move|p2a: Slowbro|Slack Off|p2a: Slowbro
|-heal|p2a: Slowbro|394\/394 brn
|
|-heal|p1a: Zapdos|336\/384 brn|[from] item: Leftovers
|-damage|p1a: Zapdos|288\/384 brn|[from] brn
|-damage|p2a: Slowbro|345\/394 brn|[from] brn
|turn|94
|
|move|p1a: Zapdos|Volt Switch|p2a: Slowbro
|-supereffective|p2a: Slowbro
|-damage|p2a: Slowbro|99\/394 brn
|
|switch|p1a: Slowbro|Slowbro, M|390\/390 brn
|move|p2a: Slowbro|Scald|p1a: Slowbro
|-resisted|p1a: Slowbro
|-damage|p1a: Slowbro|336\/390 brn
|
|-damage|p1a: Slowbro|288\/390 brn|[from] brn
|-damage|p2a: Slowbro|50\/394 brn|[from] brn
|turn|95
|
|move|p1a: Slowbro|Scald|p2a: Slowbro
|-resisted|p2a: Slowbro
|-damage|p2a: Slowbro|0 fnt
|faint|p2a: Slowbro
|
|-damage|p1a: Slowbro|240\/390 brn|[from] brn
|c|âAlkov|lmfao
|c|âdon't use mega|it's your rank - > ou	1605	82	1784 Â± 32	--	110	59	0
|c|âAlkov|and winning speed tie
|c|âAlkov|lmfao if you'er gonna talk about rank
|c|âAlkov|you're just embarrassing yourself even further
|c|âdon't use mega|it's my rank -> ou	1605	82	1784 Â± 32	--	110	59	0
|join|Beevo13
|c|âdon't use mega|loL
|c|âdon't use mega|no
|c|âAlkov|stop embarrassing yourself further with "rank"
|c|âdon't use mega|it's my rank -> ou	1710	89	1888 Â± 40	--	140	39	0
|c|âAlkov|you got fucking destroyed in the first 20turns
|c|âAlkov|just watch the replay
|c|âAlkov|you got rekt so fucking hard
|c|âAlkov|in that first 20 turns
|c| lil manaphy|its my rank -> 2	lil manaphy	1826	83.4	1804 Â± 26	-- and i say you gotta pretty lucky lol
|c|âAlkov|doubling a ttar in from amoonguss
|c|âAlkov|lmfao
|c|âdon't use mega|140\/39 is more best for yours 110\/59
|c|âAlkov|lmfao
|c|âAlkov|you doubled a ttar in on a amoonguss
|c|âAlkov|even a retard can read you
|c|âAlkov|and you're telling me about rank
|c|âAlkov|on the ladder
|c|âAlkov|you're really funny boy ;]
|
|switch|p2a: Landorus-Therian|Landorus-Therian, M|13\/328
|-ability|p2a: Landorus-Therian|Intimidate|[of] p1a: Slowbro
|-unboost|p1a: Slowbro|atk|1
|turn|96
|leave|lil manaphy
|leave|Beevo13
|c|âdon't use mega|ok, you have a one predict for me, but don't won never. . .
|c|âAlkov|"one predict"
|c|âAlkov|lmfao
|c|âAlkov|you're autistic af
|c|âdon't use mega|. . .
|
|move|p2a: Landorus-Therian|Knock Off|p1a: Slowbro
|-supereffective|p1a: Slowbro
|-damage|p1a: Slowbro|130\/390 brn
|move|p1a: Slowbro|Scald|p2a: Landorus-Therian
|-supereffective|p2a: Landorus-Therian
|-damage|p2a: Landorus-Therian|0 fnt
|faint|p2a: Landorus-Therian
|
|win|don't use mega
|raw|Ladder updating...
|raw|don&apos;t use mega's rating: 1710 &rarr; <strong>1724<\/strong><br \/>(+14 for winning)
|raw|Alkov's rating: 1605 &rarr; <strong>1591<\/strong><br \/>(-14 for losing)
|c|âdon't use mega|no problem, my life is good, but how you dream this night now ? One lose with low rank it's me . . .
|c|âAlkov|rofl
|c|âAlkov|go on and feel proud
|c|âAlkov|by winning through
|c|âAlkov|a crit burn