|join|Team Fusion
|join|Iodic
|player|p1|Team Fusion|269
|player|p2|Iodic|264
|gametype|singles
|gen|6
|tier|OU
|rated
|clearpoke
|poke|p1|Lopunny, F, shiny
|poke|p1|Magnezone
|poke|p1|Gengar, M
|poke|p1|Starmie
|poke|p1|Clefable, F
|poke|p1|Landorus-Therian, M
|poke|p2|Sylveon, F
|poke|p2|Slowbro, M
|poke|p2|Scizor, M
|poke|p2|Lopunny, F, shiny
|poke|p2|Serperior, F
|poke|p2|Infernape, M
|rule|Swagger Clause: Swagger is banned
|rule|Baton Pass Clause: Limit one PokÃ©mon knowing Baton Pass
|rule|Sleep Clause Mod: Limit one foe put to sleep
|rule|Species Clause: Limit one of each PokÃ©mon
|rule|OHKO Clause: OHKO moves are banned
|rule|Moody Clause: Moody is banned
|rule|Evasion Moves Clause: Evasion moves are banned
|rule|Endless Battle Clause: Forcing endless battles is banned
|rule|HP Percentage Mod: HP is shown in percentages
|teampreview
|
|start
|switch|p1a: Landorus-Therian|Landorus-Therian, M|319\/319
|switch|p2a: Stalin|Scizor, M|343\/343
|-ability|p1a: Landorus-Therian|Intimidate|[of] p2a: Stalin
|-unboost|p2a: Stalin|atk|1
|turn|1
|
|move|p1a: Landorus-Therian|Earthquake|p2a: Stalin
|-damage|p2a: Stalin|133\/343
|move|p2a: Stalin|U-turn|p1a: Landorus-Therian
|-resisted|p1a: Landorus-Therian
|-damage|p1a: Landorus-Therian|251\/319
|
|switch|p2a: Victoria|Serperior, F|353\/353
|
|turn|2
|
|switch|p1a: Starmie|Starmie|261\/261
|move|p2a: Victoria|Leaf Storm|p1a: Starmie
|-supereffective|p1a: Starmie
|-damage|p1a: Starmie|0 fnt
|-boost|p2a: Victoria|spa|2
|faint|p1a: Starmie
|
|
|switch|p1a: Lopunny|Lopunny, F, shiny|271\/271
|turn|3
|
|detailschange|p1a: Lopunny|Lopunny-Mega, F, shiny
|-mega|p1a: Lopunny|Lopunny|Lopunnite
|move|p1a: Lopunny|Fake Out|p2a: Victoria
|-damage|p2a: Victoria|277\/353
|cant|p2a: Victoria|flinch
|
|turn|4
|
|switch|p1a: Magnezone|Magnezone|281\/281
|move|p2a: Victoria|Leaf Storm|p1a: Magnezone
|-resisted|p1a: Magnezone
|-damage|p1a: Magnezone|141\/281
|-boost|p2a: Victoria|spa|2
|
|turn|5
|
|move|p1a: Magnezone|Hidden Power|p2a: Victoria
|-supereffective|p2a: Victoria
|-damage|p2a: Victoria|123\/353
|move|p2a: Victoria|Leaf Storm|p1a: Magnezone
|-resisted|p1a: Magnezone
|-damage|p1a: Magnezone|0 fnt
|-boost|p2a: Victoria|spa|2
|faint|p1a: Magnezone
|
|
|switch|p1a: Lopunny|Lopunny-Mega, F, shiny|271\/271
|turn|6
|
|switch|p2a: Henry|Slowbro, M|394\/394
|move|p1a: Lopunny|Return|p2a: Henry
|-crit|p2a: Henry
|-damage|p2a: Henry|208\/394
|
|-heal|p2a: Henry|232\/394|[from] item: Leftovers
|turn|7
|
|switch|p1a: Gengar|Gengar, M|261\/261
|move|p2a: Henry|Psychic|p1a: Gengar
|-supereffective|p1a: Gengar
|-damage|p1a: Gengar|0 fnt
|faint|p1a: Gengar
|
|-heal|p2a: Henry|256\/394|[from] item: Leftovers
|-message|Team Fusion forfeited.
|
|win|Iodic
|raw|Ladder updating...
|leave|Team Fusion
|player|p1
|raw|Team Fusion's rating: 1456 &rarr; <strong>1439<\/strong><br \/>(-17 for losing)
|raw|Iodic's rating: 1497 &rarr; <strong>1514<\/strong><br \/>(+17 for winning)