|join|LOP ErossMaster
|join|Iodic
|player|p1|LOP ErossMaster|61
|player|p2|Iodic|264
|gametype|singles
|gen|6
|tier|OU
|rated
|clearpoke
|poke|p1|Slowbro, F
|poke|p1|Ferrothorn, F
|poke|p1|Heatran, F
|poke|p1|Tentacruel, F
|poke|p1|Landorus-Therian, M
|poke|p1|Bisharp, M
|poke|p2|Excadrill, F
|poke|p2|Azumarill, M
|poke|p2|Talonflame, F
|poke|p2|Serperior, M
|poke|p2|Infernape, F
|poke|p2|Gyarados, M
|rule|Swagger Clause: Swagger is banned
|rule|Baton Pass Clause: Limit one PokÃ©mon knowing Baton Pass
|rule|Sleep Clause Mod: Limit one foe put to sleep
|rule|Species Clause: Limit one of each PokÃ©mon
|rule|OHKO Clause: OHKO moves are banned
|rule|Moody Clause: Moody is banned
|rule|Evasion Moves Clause: Evasion moves are banned
|rule|Endless Battle Clause: Forcing endless battles is banned
|rule|HP Percentage Mod: HP is shown in percentages
|teampreview
|
|start
|switch|p1a: Slowbro|Slowbro, F|391\/391
|switch|p2a: Infernape|Infernape, F|293\/293
|turn|1
|
|detailschange|p1a: Slowbro|Slowbro-Mega, F
|-mega|p1a: Slowbro|Slowbro|Slowbronite
|move|p2a: Infernape|Stealth Rock|p1a: Slowbro
|-sidestart|p1: LOP ErossMaster|move: Stealth Rock
|move|p1a: Slowbro|Scald|p2a: Infernape
|-supereffective|p2a: Infernape
|-enditem|p2a: Infernape|Focus Sash
|-damage|p2a: Infernape|1\/293
|
|turn|2
|
|move|p2a: Infernape|Endeavor|p1a: Slowbro
|-damage|p1a: Slowbro|1\/391
|move|p1a: Slowbro|Psyshock|p2a: Infernape
|-crit|p2a: Infernape
|-supereffective|p2a: Infernape
|-damage|p2a: Infernape|0 fnt
|faint|p2a: Infernape
|
|
|switch|p2a: Gyarados|Gyarados, M|331\/331
|-ability|p2a: Gyarados|Intimidate|[of] p1a: Slowbro
|-unboost|p1a: Slowbro|atk|1
|turn|3
|leave|LOP ErossMaster
|player|p1
|join|LOP ErossMaster
|player|p1|LOP ErossMaster|61
|
|move|p2a: Gyarados|Substitute|p2a: Gyarados
|-start|p2a: Gyarados|Substitute
|-damage|p2a: Gyarados|249\/331
|move|p1a: Slowbro|Scald|p2a: Gyarados
|-resisted|p2a: Gyarados
|-activate|p2a: Gyarados|Substitute|[damage]
|
|turn|4
|
|detailschange|p2a: Gyarados|Gyarados-Mega, M
|-mega|p2a: Gyarados|Gyarados|Gyaradosite
|-ability|p2a: Gyarados|Mold Breaker
|move|p2a: Gyarados|Dragon Dance|p2a: Gyarados
|-boost|p2a: Gyarados|atk|1
|-boost|p2a: Gyarados|spe|1
|move|p1a: Slowbro|Slack Off|p1a: Slowbro
|-heal|p1a: Slowbro|197\/391
|
|turn|5
|
|move|p2a: Gyarados|Crunch|p1a: Slowbro
|-supereffective|p1a: Slowbro
|-damage|p1a: Slowbro|0 fnt
|faint|p1a: Slowbro
|
|
|switch|p1a: Ferrothorn|Ferrothorn, F|351\/351
|-damage|p1a: Ferrothorn|330\/351|[from] Stealth Rock
|turn|6
|
|move|p2a: Gyarados|Crunch|p1a: Ferrothorn
|-damage|p1a: Ferrothorn|176\/351
|-damage|p2a: Gyarados|208\/331|[from] ability: Iron Barbs|[of] p1a: Ferrothorn
|move|p1a: Ferrothorn|Gyro Ball|p2a: Gyarados
|-resisted|p2a: Gyarados
|-end|p2a: Gyarados|Substitute
|
|-heal|p1a: Ferrothorn|197\/351|[from] item: Leftovers
|turn|7
|
|move|p2a: Gyarados|Substitute|p2a: Gyarados
|-start|p2a: Gyarados|Substitute
|-damage|p2a: Gyarados|126\/331
|move|p1a: Ferrothorn|Gyro Ball|p2a: Gyarados
|-resisted|p2a: Gyarados
|-end|p2a: Gyarados|Substitute
|
|-heal|p1a: Ferrothorn|218\/351|[from] item: Leftovers
|turn|8
|
|move|p2a: Gyarados|Crunch|p1a: Ferrothorn
|-damage|p1a: Ferrothorn|61\/351
|-damage|p2a: Gyarados|85\/331|[from] ability: Iron Barbs|[of] p1a: Ferrothorn
|move|p1a: Ferrothorn|Gyro Ball|p2a: Gyarados
|-resisted|p2a: Gyarados
|-damage|p2a: Gyarados|10\/331
|
|-heal|p1a: Ferrothorn|82\/351|[from] item: Leftovers
|turn|9
|
|move|p2a: Gyarados|Earthquake|p1a: Ferrothorn
|-damage|p1a: Ferrothorn|0 fnt
|faint|p1a: Ferrothorn
|
|
|switch|p1a: Bisharp|Bisharp, M|271\/271
|-damage|p1a: Bisharp|255\/271|[from] Stealth Rock
|turn|10
|
|switch|p2a: Talonflame|Talonflame, F|359\/359
|move|p1a: Bisharp|Sucker Punch|p2a: Talonflame
|-fail|p2a: Talonflame
|
|turn|11
|
|switch|p1a: Heatran|Heatran, F|337\/337
|-damage|p1a: Heatran|295\/337|[from] Stealth Rock
|-item|p1a: Heatran|Air Balloon
|move|p2a: Talonflame|Will-O-Wisp|p1a: Heatran
|-start|p1a: Heatran|ability: Flash Fire
|
|turn|12
|
|move|p2a: Talonflame|Swords Dance|p2a: Talonflame
|-boost|p2a: Talonflame|atk|2
|move|p1a: Heatran|Stealth Rock|p2a: Talonflame
|-sidestart|p2: Iodic|move: Stealth Rock
|
|turn|13
|
|move|p2a: Talonflame|Brave Bird|p1a: Heatran
|-resisted|p1a: Heatran
|-damage|p1a: Heatran|193\/337
|-enditem|p1a: Heatran|Air Balloon
|-damage|p2a: Talonflame|325\/359|[from] recoil|[of] p1a: Heatran
|move|p1a: Heatran|Lava Plume|p2a: Talonflame
|-resisted|p2a: Talonflame
|-damage|p2a: Talonflame|228\/359
|
|-heal|p2a: Talonflame|250\/359|[from] item: Leftovers
|turn|14
|
|move|p2a: Talonflame|Roost|p2a: Talonflame
|-heal|p2a: Talonflame|359\/359
|move|p1a: Heatran|Lava Plume|p2a: Talonflame
|-resisted|p2a: Talonflame
|-damage|p2a: Talonflame|250\/359
|
|-heal|p2a: Talonflame|272\/359|[from] item: Leftovers
|turn|15
|
|move|p2a: Talonflame|Swords Dance|p2a: Talonflame
|-boost|p2a: Talonflame|atk|2
|move|p1a: Heatran|Lava Plume|p2a: Talonflame
|-resisted|p2a: Talonflame
|-damage|p2a: Talonflame|165\/359
|
|-heal|p2a: Talonflame|187\/359|[from] item: Leftovers
|turn|16
|
|move|p2a: Talonflame|Roost|p2a: Talonflame
|-heal|p2a: Talonflame|359\/359
|move|p1a: Heatran|Earth Power|p2a: Talonflame
|-supereffective|p2a: Talonflame
|-damage|p2a: Talonflame|149\/359
|-unboost|p2a: Talonflame|spd|1
|
|-heal|p2a: Talonflame|171\/359|[from] item: Leftovers
|turn|17
|
|move|p2a: Talonflame|Brave Bird|p1a: Heatran
|-resisted|p1a: Heatran
|-damage|p1a: Heatran|34\/337
|-damage|p2a: Talonflame|119\/359|[from] recoil|[of] p1a: Heatran
|move|p1a: Heatran|Lava Plume|p2a: Talonflame
|-resisted|p2a: Talonflame
|-damage|p2a: Talonflame|0 fnt
|faint|p2a: Talonflame
|
|
|switch|p2a: Excadrill|Excadrill, F|412\/412
|-damage|p2a: Excadrill|400\/412|[from] Stealth Rock
|-ability|p2a: Excadrill|Mold Breaker
|turn|18
|
|move|p1a: Heatran|Lava Plume|p2a: Excadrill
|-supereffective|p2a: Excadrill
|-damage|p2a: Excadrill|62\/412
|move|p2a: Excadrill|Earthquake|p1a: Heatran
|-supereffective|p1a: Heatran
|-damage|p1a: Heatran|0 fnt
|faint|p1a: Heatran
|
|
|switch|p1a: Landorus-Therian|Landorus-Therian, M|327\/327
|-damage|p1a: Landorus-Therian|287\/327|[from] Stealth Rock
|-ability|p1a: Landorus-Therian|Intimidate|[of] p2a: Excadrill
|-unboost|p2a: Excadrill|atk|1
|turn|19
|
|move|p1a: Landorus-Therian|Earthquake|p2a: Excadrill
|-supereffective|p2a: Excadrill
|-damage|p2a: Excadrill|0 fnt
|faint|p2a: Excadrill
|
|
|switch|p2a: Serperior|Serperior, M|353\/353
|-damage|p2a: Serperior|309\/353|[from] Stealth Rock
|turn|20
|
|switch|p1a: Tentacruel|Tentacruel, F|364\/364
|-damage|p1a: Tentacruel|319\/364|[from] Stealth Rock
|move|p2a: Serperior|Leaf Storm|p1a: Tentacruel
|-damage|p1a: Tentacruel|241\/364
|-boost|p2a: Serperior|spa|2
|
|-heal|p2a: Serperior|331\/353|[from] item: Leftovers
|-heal|p1a: Tentacruel|263\/364|[from] item: Black Sludge
|turn|21
|
|move|p2a: Serperior|Leaf Storm|p1a: Tentacruel|[miss]
|-miss|p2a: Serperior|p1a: Tentacruel
|move|p1a: Tentacruel|Acid Spray|p2a: Serperior
|-supereffective|p2a: Serperior
|-damage|p2a: Serperior|241\/353
|-boost|p2a: Serperior|spd|2
|
|-heal|p2a: Serperior|263\/353|[from] item: Leftovers
|-heal|p1a: Tentacruel|285\/364|[from] item: Black Sludge
|turn|22
|
|move|p2a: Serperior|Leaf Storm|p1a: Tentacruel
|-damage|p1a: Tentacruel|119\/364
|-boost|p2a: Serperior|spa|2
|move|p1a: Tentacruel|Scald|p2a: Serperior
|-resisted|p2a: Serperior
|-damage|p2a: Serperior|243\/353
|
|-heal|p2a: Serperior|265\/353|[from] item: Leftovers
|-heal|p1a: Tentacruel|141\/364|[from] item: Black Sludge
|turn|23
|
|move|p2a: Serperior|Leaf Storm|p1a: Tentacruel
|-damage|p1a: Tentacruel|0 fnt
|-boost|p2a: Serperior|spa|2
|faint|p1a: Tentacruel
|
|-heal|p2a: Serperior|287\/353|[from] item: Leftovers
|
|switch|p1a: Landorus-Therian|Landorus-Therian, M|287\/327
|-damage|p1a: Landorus-Therian|247\/327|[from] Stealth Rock
|-ability|p1a: Landorus-Therian|Intimidate|[of] p2a: Serperior
|-boost|p2a: Serperior|atk|1
|turn|24
|
|move|p1a: Landorus-Therian|Knock Off|p2a: Serperior
|-damage|p2a: Serperior|151\/353
|-enditem|p2a: Serperior|Leftovers|[from] move: Knock Off|[of] p1a: Landorus-Therian
|move|p2a: Serperior|Leaf Storm|p1a: Landorus-Therian
|-damage|p1a: Landorus-Therian|0 fnt
|faint|p1a: Landorus-Therian
|
|
|switch|p1a: Bisharp|Bisharp, M|255\/271
|-damage|p1a: Bisharp|239\/271|[from] Stealth Rock
|turn|25
|
|move|p1a: Bisharp|Sucker Punch|p2a: Serperior
|-fail|p2a: Serperior
|move|p2a: Serperior|Synthesis|p2a: Serperior
|-heal|p2a: Serperior|327\/353
|
|turn|26
|
|move|p1a: Bisharp|Sucker Punch|p2a: Serperior
|-damage|p2a: Serperior|148\/353
|-damage|p1a: Bisharp|212\/271|[from] item: Life Orb
|move|p2a: Serperior|Leaf Storm|p1a: Bisharp
|-resisted|p1a: Bisharp
|-damage|p1a: Bisharp|0 fnt
|faint|p1a: Bisharp
|
|win|Iodic
|raw|Ladder updating...
|raw|LOP ErossMaster's rating: 1447 &rarr; <strong>1431<\/strong><br \/>(-16 for losing)
|raw|Iodic's rating: 1517 &rarr; <strong>1533<\/strong><br \/>(+16 for winning)
|c|âIodic|gg
|leave|LOP ErossMaster