|join|Iodic
|join|champ champ champ
|player|p1|Iodic|264
|player|p2|champ champ champ|65
|gametype|singles
|gen|6
|tier|OU
|rated
|clearpoke
|poke|p1|Sylveon, M
|poke|p1|Slowbro, F
|poke|p1|Scizor, F
|poke|p1|Garchomp, M, shiny
|poke|p1|Rotom-Wash
|poke|p1|Lopunny, M
|poke|p2|Landorus-Therian, M
|poke|p2|Clefable, F
|poke|p2|Tyranitar, M
|poke|p2|Magnezone
|poke|p2|Pinsir, M
|poke|p2|Starmie
|rule|Swagger Clause: Swagger is banned
|rule|Baton Pass Clause: Limit one PokÃ©mon knowing Baton Pass
|rule|Sleep Clause Mod: Limit one foe put to sleep
|rule|Species Clause: Limit one of each PokÃ©mon
|rule|OHKO Clause: OHKO moves are banned
|rule|Moody Clause: Moody is banned
|rule|Evasion Moves Clause: Evasion moves are banned
|rule|Endless Battle Clause: Forcing endless battles is banned
|rule|HP Percentage Mod: HP is shown in percentages
|teampreview
|c|âIodic|oh hey
|
|start
|switch|p1a: Garlock|Garchomp, M, shiny|357\/357
|switch|p2a: Clefable|Clefable, F|392\/392
|turn|1
|
|move|p1a: Garlock|Stealth Rock|p2a: Clefable
|-sidestart|p2: champ champ champ|move: Stealth Rock
|move|p2a: Clefable|Moonblast|p1a: Garlock
|-supereffective|p1a: Garlock
|-damage|p1a: Garlock|0 fnt
|faint|p1a: Garlock
|
|
|switch|p1a: Impreza|Scizor, F|343\/343
|turn|2
|
|move|p1a: Impreza|U-turn|p2a: Clefable
|-resisted|p2a: Clefable
|-damage|p2a: Clefable|265\/392
|
|switch|p1a: Gretchen|Slowbro, F|394\/394
|move|p2a: Clefable|Fire Blast|p1a: Gretchen
|-resisted|p1a: Gretchen
|-damage|p1a: Gretchen|299\/394
|
|-heal|p1a: Gretchen|323\/394|[from] item: Leftovers
|turn|3
|
|move|p2a: Clefable|Thunderbolt|p1a: Gretchen
|-supereffective|p1a: Gretchen
|-damage|p1a: Gretchen|19\/394
|move|p1a: Gretchen|Thunder Wave|p2a: Clefable
|-status|p2a: Clefable|par
|
|-heal|p1a: Gretchen|43\/394|[from] item: Leftovers
|turn|4
|
|switch|p1a: Ladykiller|Sylveon, M|392\/392
|move|p2a: Clefable|Thunderbolt|p1a: Ladykiller
|-damage|p1a: Ladykiller|297\/392
|
|turn|5
|
|move|p1a: Ladykiller|Hyper Voice|p2a: Clefable
|-damage|p2a: Clefable|0 fnt
|faint|p2a: Clefable
|
|
|switch|p2a: Magnezone|Magnezone|281\/281
|-damage|p2a: Magnezone|264\/281|[from] Stealth Rock
|turn|6
|
|switch|p1a: Ecto|Rotom-Wash|304\/304
|move|p2a: Magnezone|Volt Switch|p1a: Ecto
|-damage|p1a: Ecto|181\/304
|
|switch|p2a: Tyranitar|Tyranitar, M|386\/386
|-damage|p2a: Tyranitar|338\/386|[from] Stealth Rock
|-weather|Sandstorm
|
|-weather|Sandstorm|[upkeep]
|-damage|p1a: Ecto|162\/304|[from] sandstorm
|-heal|p1a: Ecto|181\/304|[from] item: Leftovers
|turn|7
|
|move|p1a: Ecto|Will-O-Wisp|p2a: Tyranitar
|-status|p2a: Tyranitar|brn
|move|p2a: Tyranitar|Crunch|p1a: Ecto
|-damage|p1a: Ecto|72\/304
|
|-weather|Sandstorm|[upkeep]
|-damage|p1a: Ecto|53\/304|[from] sandstorm
|-heal|p1a: Ecto|72\/304|[from] item: Leftovers
|-damage|p2a: Tyranitar|290\/386 brn|[from] brn
|turn|8
|
|move|p1a: Ecto|Pain Split|p2a: Tyranitar
|-sethp|p2a: Tyranitar|181\/386 brn|p1a: Ecto|181\/304|[from] move: Pain Split
|move|p2a: Tyranitar|Crunch|p1a: Ecto
|-damage|p1a: Ecto|70\/304
|
|-weather|Sandstorm|[upkeep]
|-damage|p1a: Ecto|51\/304|[from] sandstorm
|-heal|p1a: Ecto|70\/304|[from] item: Leftovers
|-damage|p2a: Tyranitar|133\/386 brn|[from] brn
|turn|9
|
|switch|p1a: Impreza|Scizor, F|343\/343
|move|p2a: Tyranitar|Crunch|p1a: Impreza
|-damage|p1a: Impreza|234\/343
|
|-weather|Sandstorm|[upkeep]
|-damage|p2a: Tyranitar|85\/386 brn|[from] brn
|turn|10
|
|move|p2a: Tyranitar|Crunch|p1a: Impreza
|-damage|p1a: Impreza|120\/343
|move|p1a: Impreza|U-turn|p2a: Tyranitar
|-supereffective|p2a: Tyranitar
|-damage|p2a: Tyranitar|0 fnt
|faint|p2a: Tyranitar
|
|switch|p1a: Gretchen|Slowbro, F|174\/394
|
|-weather|none
|-heal|p1a: Gretchen|198\/394|[from] item: Leftovers
|
|switch|p2a: Magnezone|Magnezone|264\/281
|-damage|p2a: Magnezone|247\/281|[from] Stealth Rock
|turn|11
|
|switch|p1a: Ecto|Rotom-Wash|70\/304
|move|p2a: Magnezone|Volt Switch|p1a: Ecto
|-damage|p1a: Ecto|0 fnt
|faint|p1a: Ecto
|
|switch|p2a: Landorus-Therian|Landorus-Therian, M|381\/381
|-damage|p2a: Landorus-Therian|334\/381|[from] Stealth Rock
|
|-heal|p2a: Landorus-Therian|357\/381|[from] item: Leftovers
|
|switch|p1a: Gretchen|Slowbro, F|329\/394
|turn|12
|
|move|p2a: Landorus-Therian|Knock Off|p1a: Gretchen
|-supereffective|p1a: Gretchen
|-damage|p1a: Gretchen|167\/394
|-enditem|p1a: Gretchen|Leftovers|[from] move: Knock Off|[of] p2a: Landorus-Therian
|move|p1a: Gretchen|Scald|p2a: Landorus-Therian
|-supereffective|p2a: Landorus-Therian
|-damage|p2a: Landorus-Therian|105\/381
|
|-heal|p2a: Landorus-Therian|128\/381|[from] item: Leftovers
|turn|13
|
|move|p2a: Landorus-Therian|Stealth Rock|p1a: Gretchen
|-sidestart|p1: Iodic|move: Stealth Rock
|move|p1a: Gretchen|Slack Off|p1a: Gretchen
|-heal|p1a: Gretchen|364\/394
|
|-heal|p2a: Landorus-Therian|151\/381|[from] item: Leftovers
|turn|14
|
|move|p2a: Landorus-Therian|U-turn|p1a: Gretchen
|-supereffective|p1a: Gretchen
|-damage|p1a: Gretchen|256\/394
|
|switch|p2a: Starmie|Starmie|261\/261
|-damage|p2a: Starmie|229\/261|[from] Stealth Rock
|move|p1a: Gretchen|Scald|p2a: Starmie
|-resisted|p2a: Starmie
|-damage|p2a: Starmie|177\/261
|
|-heal|p2a: Starmie|193\/261|[from] item: Leftovers
|turn|15
|
|switch|p1a: Ladykiller|Sylveon, M|297\/392
|-damage|p1a: Ladykiller|248\/392|[from] Stealth Rock
|move|p2a: Starmie|Rapid Spin|p1a: Ladykiller
|-damage|p1a: Ladykiller|226\/392
|-sideend|p2: champ champ champ|Stealth Rock|[from] move: Rapid Spin|[of] p2a: Starmie
|
|-heal|p2a: Starmie|209\/261|[from] item: Leftovers
|turn|16
|
|move|p2a: Starmie|Hydro Pump|p1a: Ladykiller
|-damage|p1a: Ladykiller|106\/392
|move|p1a: Ladykiller|Hyper Voice|p2a: Starmie
|-damage|p2a: Starmie|0 fnt
|faint|p2a: Starmie
|
|
|switch|p2a: Landorus-Therian|Landorus-Therian, M|151\/381
|-ability|p2a: Landorus-Therian|Intimidate|[of] p1a: Ladykiller
|-unboost|p1a: Ladykiller|atk|1
|turn|17
|
|move|p2a: Landorus-Therian|U-turn|p1a: Ladykiller
|-crit|p1a: Ladykiller
|-resisted|p1a: Ladykiller
|-damage|p1a: Ladykiller|27\/392
|
|switch|p2a: Magnezone|Magnezone|247\/281
|move|p1a: Ladykiller|Hyper Voice|p2a: Magnezone
|-resisted|p2a: Magnezone
|-damage|p2a: Magnezone|93\/281
|
|turn|18
|
|switch|p2a: Landorus-Therian|Landorus-Therian, M|151\/381
|-ability|p2a: Landorus-Therian|Intimidate|[of] p1a: Ladykiller
|-unboost|p1a: Ladykiller|atk|1
|move|p1a: Ladykiller|Hyper Voice|p2a: Landorus-Therian
|-damage|p2a: Landorus-Therian|0 fnt
|faint|p2a: Landorus-Therian
|
|
|switch|p2a: Pinsir|Pinsir, M|271\/271
|turn|19
|
|move|p2a: Pinsir|Return|p1a: Ladykiller
|-damage|p1a: Ladykiller|0 fnt
|faint|p1a: Ladykiller
|-boost|p2a: Pinsir|atk|1|[from] ability: Moxie
|
|
|switch|p1a: Gretchen|Slowbro, F|387\/394
|-damage|p1a: Gretchen|338\/394|[from] Stealth Rock
|turn|20
|
|detailschange|p2a: Pinsir|Pinsir-Mega, M
|-mega|p2a: Pinsir|Pinsir|Pinsirite
|move|p2a: Pinsir|Swords Dance|p2a: Pinsir
|-boost|p2a: Pinsir|atk|2
|move|p1a: Gretchen|Flamethrower|p2a: Pinsir
|-supereffective|p2a: Pinsir
|-damage|p2a: Pinsir|117\/271
|
|turn|21
|
|move|p2a: Pinsir|Return|p1a: Gretchen
|-damage|p1a: Gretchen|0 fnt
|faint|p1a: Gretchen
|
|
|switch|p1a: Prince|Lopunny, M|272\/272
|-damage|p1a: Prince|238\/272|[from] Stealth Rock
|turn|22
|
|detailschange|p1a: Prince|Lopunny-Mega, M
|-mega|p1a: Prince|Lopunny|Lopunnite
|move|p1a: Prince|Fake Out|p2a: Pinsir
|-damage|p2a: Pinsir|56\/271
|cant|p2a: Pinsir|flinch
|
|turn|23
|
|switch|p1a: Impreza|Scizor, F|120\/343
|-damage|p1a: Impreza|78\/343|[from] Stealth Rock
|move|p2a: Pinsir|Quick Attack|p1a: Impreza
|-damage|p1a: Impreza|0 fnt
|faint|p1a: Impreza
|
|
|switch|p1a: Prince|Lopunny-Mega, M|238\/272
|-damage|p1a: Prince|221\/272|[from] Stealth Rock
|turn|24
|
|switch|p2a: Magnezone|Magnezone|93\/281
|move|p1a: Prince|Fake Out|p2a: Magnezone
|-resisted|p2a: Magnezone
|-damage|p2a: Magnezone|60\/281
|
|turn|25
|c|âIodic|gg
|
|move|p1a: Prince|Drain Punch|p2a: Magnezone
|-supereffective|p2a: Magnezone
|-damage|p2a: Magnezone|0 fnt
|-heal|p1a: Prince|251\/272|[from] drain|[of] p2a: Magnezone
|faint|p2a: Magnezone
|
|
|switch|p2a: Pinsir|Pinsir-Mega, M|56\/271
|turn|26
|
|move|p2a: Pinsir|Quick Attack|p1a: Prince
|-supereffective|p1a: Prince
|-damage|p1a: Prince|21\/272
|move|p1a: Prince|Return|p2a: Pinsir
|-damage|p2a: Pinsir|0 fnt
|faint|p2a: Pinsir
|
|win|Iodic
|raw|Ladder updating...
|raw|Iodic's rating: 1442 &rarr; <strong>1459<\/strong><br \/>(+17 for winning)
|raw|champ champ champ's rating: 1396 &rarr; <strong>1378<\/strong><br \/>(-18 for losing)
|c|âIodic|holy shit