|join|Iodic
|join|jks234
|player|p1|Iodic|264
|player|p2|jks234|2
|gametype|singles
|gen|6
|tier|OU
|rated
|clearpoke
|poke|p1|Sylveon, M
|poke|p1|Slowbro, F
|poke|p1|Scizor, F
|poke|p1|Garchomp, M, shiny
|poke|p1|Rotom-Wash
|poke|p1|Lopunny, M
|poke|p2|Thundurus-Therian, M
|poke|p2|Heatran, M
|poke|p2|Latias, F
|poke|p2|Bisharp, M
|poke|p2|Gengar, M
|poke|p2|Gallade, M
|rule|Swagger Clause: Swagger is banned
|rule|Baton Pass Clause: Limit one PokÃ©mon knowing Baton Pass
|rule|Sleep Clause Mod: Limit one foe put to sleep
|rule|Species Clause: Limit one of each PokÃ©mon
|rule|OHKO Clause: OHKO moves are banned
|rule|Moody Clause: Moody is banned
|rule|Evasion Moves Clause: Evasion moves are banned
|rule|Endless Battle Clause: Forcing endless battles is banned
|rule|HP Percentage Mod: HP is shown in percentages
|teampreview
|
|start
|switch|p1a: Garlock|Garchomp, M, shiny|357\/357
|switch|p2a: Thundurus-Therian|Thundurus-Therian, M|299\/299
|turn|1
|
|switch|p1a: Ladykiller|Sylveon, M|392\/392
|move|p2a: Thundurus-Therian|Hidden Power|p1a: Ladykiller
|-damage|p1a: Ladykiller|330\/392
|
|turn|2
|join|Trainer Izzi
|
|switch|p2a: Heatran|Heatran, M|376\/376
|move|p1a: Ladykiller|Baton Pass|p1a: Ladykiller
|
|switch|p1a: Garlock|Garchomp, M, shiny|357\/357
|
|turn|3
|
|switch|p2a: Latias|Latias, F|301\/301
|move|p1a: Garlock|Stealth Rock|p2a: Latias
|-sidestart|p2: jks234|move: Stealth Rock
|
|turn|4
|
|switch|p1a: Impreza|Scizor, F|343\/343
|move|p2a: Latias|Defog|p1a: Impreza
|-unboost|p1a: Impreza|evasion|1
|-sideend|p2: jks234|Stealth Rock|[from] move: Defog|[of] p2a: Latias
|
|turn|5
|
|switch|p2a: Heatran|Heatran, M|376\/376
|move|p1a: Impreza|U-turn|p2a: Heatran
|-resisted|p2a: Heatran
|-damage|p2a: Heatran|331\/376
|
|switch|p1a: Garlock|Garchomp, M, shiny|357\/357
|
|-heal|p2a: Heatran|354\/376|[from] item: Leftovers
|turn|6
|
|move|p1a: Garlock|Earthquake|p2a: Heatran
|-supereffective|p2a: Heatran
|-damage|p2a: Heatran|0 fnt
|-damage|p1a: Garlock|322\/357|[from] item: Life Orb
|faint|p2a: Heatran
|
|
|switch|p2a: Gengar|Gengar, M|310\/310
|turn|7
|
|move|p2a: Gengar|Will-O-Wisp|p1a: Garlock
|-status|p1a: Garlock|brn
|move|p1a: Garlock|Dragon Claw|p2a: Gengar
|-damage|p2a: Gengar|161\/310
|-damage|p1a: Garlock|287\/357 brn|[from] item: Life Orb
|
|-heal|p2a: Gengar|180\/310|[from] item: Leftovers
|-damage|p1a: Garlock|243\/357 brn|[from] brn
|turn|8
|
|move|p2a: Gengar|Hex|p1a: Garlock
|-damage|p1a: Garlock|0 fnt
|faint|p1a: Garlock
|
|-heal|p2a: Gengar|199\/310|[from] item: Leftovers
|
|switch|p1a: Gretchen|Slowbro, F|394\/394
|turn|9
|
|move|p2a: Gengar|Substitute|p2a: Gengar
|-start|p2a: Gengar|Substitute
|-damage|p2a: Gengar|122\/310
|move|p1a: Gretchen|Scald|p2a: Gengar
|-end|p2a: Gengar|Substitute
|
|-heal|p2a: Gengar|141\/310|[from] item: Leftovers
|turn|10
|
|switch|p2a: Thundurus-Therian|Thundurus-Therian, M|299\/299
|move|p1a: Gretchen|Scald|p2a: Thundurus-Therian
|-crit|p2a: Thundurus-Therian
|-damage|p2a: Thundurus-Therian|127\/299
|
|turn|11
|
|switch|p1a: Ladykiller|Sylveon, M|330\/392
|move|p2a: Thundurus-Therian|Volt Switch|p1a: Ladykiller
|-damage|p1a: Ladykiller|222\/392
|
|switch|p2a: Bisharp|Bisharp, M|271\/271
|
|turn|12
|
|switch|p1a: Impreza|Scizor, F|343\/343
|move|p2a: Bisharp|Knock Off|p1a: Impreza
|-damage|p1a: Impreza|150\/343
|-enditem|p1a: Impreza|Choice Band|[from] move: Knock Off|[of] p2a: Bisharp
|
|turn|13
|
|move|p2a: Bisharp|Sucker Punch|p1a: Impreza
|-damage|p1a: Impreza|0 fnt
|faint|p1a: Impreza
|
|
|switch|p1a: Prince|Lopunny, M|272\/272
|turn|14
|
|switch|p2a: Gengar|Gengar, M|141\/310
|detailschange|p1a: Prince|Lopunny-Mega, M
|-mega|p1a: Prince|Lopunny|Lopunnite
|move|p1a: Prince|Power-Up Punch|p2a: Gengar
|-resisted|p2a: Gengar
|-damage|p2a: Gengar|84\/310
|-boost|p1a: Prince|atk|1
|
|-heal|p2a: Gengar|103\/310|[from] item: Leftovers
|turn|15
|
|move|p1a: Prince|Return|p2a: Gengar
|-damage|p2a: Gengar|0 fnt
|faint|p2a: Gengar
|
|
|switch|p2a: Thundurus-Therian|Thundurus-Therian, M|127\/299
|turn|16
|
|move|p2a: Thundurus-Therian|Thunderbolt|p1a: Prince
|-damage|p1a: Prince|86\/272
|move|p1a: Prince|Return|p2a: Thundurus-Therian
|-damage|p2a: Thundurus-Therian|0 fnt
|faint|p2a: Thundurus-Therian
|
|
|switch|p2a: Bisharp|Bisharp, M|271\/271
|turn|17
|
|move|p2a: Bisharp|Sucker Punch|p1a: Prince
|-resisted|p1a: Prince
|-damage|p1a: Prince|0 fnt
|faint|p1a: Prince
|
|c|âIodic|dread plate?
|
|switch|p1a: Ecto|Rotom-Wash|304\/304
|turn|18
|
|switch|p2a: Latias|Latias, F|301\/301
|move|p1a: Ecto|Will-O-Wisp|p2a: Latias
|-status|p2a: Latias|brn
|
|-damage|p2a: Latias|264\/301 brn|[from] brn
|turn|19
|
|move|p2a: Latias|Psyshock|p1a: Ecto
|-damage|p1a: Ecto|156\/304
|-damage|p2a: Latias|234\/301 brn|[from] item: Life Orb
|move|p1a: Ecto|Volt Switch|p2a: Latias
|-resisted|p2a: Latias
|-damage|p2a: Latias|201\/301 brn
|
|switch|p1a: Ladykiller|Sylveon, M|222\/392
|
|-damage|p2a: Latias|164\/301 brn|[from] brn
|turn|20
|
|switch|p2a: Bisharp|Bisharp, M|271\/271
|move|p1a: Ladykiller|Hyper Voice|p2a: Bisharp
|-damage|p2a: Bisharp|0 fnt
|faint|p2a: Bisharp
|
|
|switch|p2a: Gallade|Gallade, M|277\/277
|turn|21
|
|switch|p1a: Gretchen|Slowbro, F|394\/394
|detailschange|p2a: Gallade|Gallade-Mega, M
|-mega|p2a: Gallade|Gallade|Galladite
|move|p2a: Gallade|Zen Headbutt|p1a: Gretchen|[miss]
|-miss|p2a: Gallade|p1a: Gretchen
|
|turn|22
|
|move|p2a: Gallade|Knock Off|p1a: Gretchen
|-supereffective|p1a: Gretchen
|-damage|p1a: Gretchen|212\/394
|-enditem|p1a: Gretchen|Leftovers|[from] move: Knock Off|[of] p2a: Gallade
|move|p1a: Gretchen|Scald|p2a: Gallade
|-damage|p2a: Gallade|181\/277
|
|turn|23
|
|move|p2a: Gallade|Knock Off|p1a: Gretchen
|-supereffective|p1a: Gretchen
|-damage|p1a: Gretchen|80\/394
|move|p1a: Gretchen|Slack Off|p1a: Gretchen
|-heal|p1a: Gretchen|277\/394
|
|turn|24
|
|switch|p2a: Latias|Latias, F|164\/301 brn
|move|p1a: Gretchen|Slack Off|p1a: Gretchen
|-heal|p1a: Gretchen|394\/394
|
|-damage|p2a: Latias|127\/301 brn|[from] brn
|turn|25
|
|switch|p1a: Ecto|Rotom-Wash|156\/304
|move|p2a: Latias|Roost|p2a: Latias
|-heal|p2a: Latias|278\/301 brn
|
|-heal|p1a: Ecto|175\/304|[from] item: Leftovers
|-damage|p2a: Latias|241\/301 brn|[from] brn
|turn|26
|
|move|p2a: Latias|Psyshock|p1a: Ecto
|-damage|p1a: Ecto|22\/304
|-damage|p2a: Latias|211\/301 brn|[from] item: Life Orb
|move|p1a: Ecto|Pain Split|p2a: Latias
|-sethp|p2a: Latias|116\/301 brn|p1a: Ecto|116\/304|[from] move: Pain Split
|
|-heal|p1a: Ecto|135\/304|[from] item: Leftovers
|-damage|p2a: Latias|79\/301 brn|[from] brn
|turn|27
|
|move|p2a: Latias|Psyshock|p1a: Ecto
|-damage|p1a: Ecto|0 fnt
|-damage|p2a: Latias|49\/301 brn|[from] item: Life Orb
|faint|p1a: Ecto
|
|-damage|p2a: Latias|12\/301 brn|[from] brn
|
|switch|p1a: Ladykiller|Sylveon, M|222\/392
|turn|28
|
|move|p2a: Latias|Psyshock|p1a: Ladykiller
|-damage|p1a: Ladykiller|0 fnt
|-damage|p2a: Latias|0 fnt|[from] item: Life Orb
|faint|p1a: Ladykiller
|faint|p2a: Latias
|
|c|âjks234|gg
|
|switch|p2a: Gallade|Gallade-Mega, M|181\/277
|switch|p1a: Gretchen|Slowbro, F|394\/394
|turn|29
|c|âIodic|gg
|
|move|p2a: Gallade|Knock Off|p1a: Gretchen
|-supereffective|p1a: Gretchen
|-damage|p1a: Gretchen|250\/394
|move|p1a: Gretchen|Scald|p2a: Gallade
|-damage|p2a: Gallade|96\/277
|
|turn|30
|
|move|p2a: Gallade|Knock Off|p1a: Gretchen
|-supereffective|p1a: Gretchen
|-damage|p1a: Gretchen|126\/394
|move|p1a: Gretchen|Slack Off|p1a: Gretchen
|-heal|p1a: Gretchen|323\/394
|
|turn|31
|
|move|p2a: Gallade|Knock Off|p1a: Gretchen
|-supereffective|p1a: Gretchen
|-damage|p1a: Gretchen|189\/394
|move|p1a: Gretchen|Scald|p2a: Gallade
|-damage|p2a: Gallade|11\/277
|
|turn|32
|
|move|p2a: Gallade|Knock Off|p1a: Gretchen
|-supereffective|p1a: Gretchen
|-damage|p1a: Gretchen|49\/394
|move|p1a: Gretchen|Slack Off|p1a: Gretchen
|-heal|p1a: Gretchen|246\/394
|
|turn|33
|
|move|p2a: Gallade|Knock Off|p1a: Gretchen
|-supereffective|p1a: Gretchen
|-damage|p1a: Gretchen|112\/394
|move|p1a: Gretchen|Slack Off|p1a: Gretchen
|-heal|p1a: Gretchen|309\/394
|
|turn|34
|
|move|p2a: Gallade|Knock Off|p1a: Gretchen
|-supereffective|p1a: Gretchen
|-damage|p1a: Gretchen|181\/394
|move|p1a: Gretchen|Scald|p2a: Gallade
|-damage|p2a: Gallade|0 fnt
|faint|p2a: Gallade
|
|win|Iodic
|raw|Ladder updating...
|raw|Iodic's rating: 1388 &rarr; <strong>1410<\/strong><br \/>(+22 for winning)
|raw|jks234's rating: 1423 &rarr; <strong>1401<\/strong><br \/>(-22 for losing)
|leave|Trainer Izzi