|join|Iodic
|join|baangdu
|player|p1|Iodic|264
|player|p2|baangdu|2
|gametype|singles
|gen|6
|tier|OU
|rated
|clearpoke
|poke|p1|Sylveon, M
|poke|p1|Slowbro, F
|poke|p1|Scizor, F
|poke|p1|Garchomp, M, shiny
|poke|p1|Rotom-Wash
|poke|p1|Lopunny, M
|poke|p2|Sableye, F
|poke|p2|Kyurem-Black
|poke|p2|Landorus-Therian, M
|poke|p2|Jirachi
|poke|p2|Metagross
|poke|p2|Togekiss, F
|rule|Swagger Clause: Swagger is banned
|rule|Baton Pass Clause: Limit one PokÃ©mon knowing Baton Pass
|rule|Sleep Clause Mod: Limit one foe put to sleep
|rule|Species Clause: Limit one of each PokÃ©mon
|rule|OHKO Clause: OHKO moves are banned
|rule|Moody Clause: Moody is banned
|rule|Evasion Moves Clause: Evasion moves are banned
|rule|Endless Battle Clause: Forcing endless battles is banned
|rule|HP Percentage Mod: HP is shown in percentages
|teampreview
|c|âIodic|oh god the threats
|
|start
|switch|p1a: Impreza|Scizor, F|343\/343
|switch|p2a: Jirachi|Jirachi|351\/351
|turn|1
|
|move|p2a: Jirachi|U-turn|p1a: Impreza
|-resisted|p1a: Impreza
|-damage|p1a: Impreza|306\/343
|
|switch|p2a: Landorus-Therian|Landorus-Therian, M|330\/330
|-ability|p2a: Landorus-Therian|Intimidate|[of] p1a: Impreza
|-unboost|p1a: Impreza|atk|1
|move|p1a: Impreza|U-turn|p2a: Landorus-Therian
|-resisted|p2a: Landorus-Therian
|-damage|p2a: Landorus-Therian|258\/330
|
|switch|p1a: Ecto|Rotom-Wash|304\/304
|
|turn|2
|
|move|p2a: Landorus-Therian|Knock Off|p1a: Ecto
|-damage|p1a: Ecto|171\/304
|-enditem|p1a: Ecto|Leftovers|[from] move: Knock Off|[of] p2a: Landorus-Therian
|move|p1a: Ecto|Will-O-Wisp|p2a: Landorus-Therian
|-status|p2a: Landorus-Therian|brn
|
|-damage|p2a: Landorus-Therian|217\/330 brn|[from] brn
|turn|3
|
|switch|p2a: Kyurem-Black|Kyurem-Black|391\/391
|-ability|p2a: Kyurem-Black|Teravolt
|move|p1a: Ecto|Hydro Pump|p2a: Kyurem-Black
|-resisted|p2a: Kyurem-Black
|-damage|p2a: Kyurem-Black|315\/391
|
|turn|4
|
|switch|p1a: Ladykiller|Sylveon, M|392\/392
|move|p2a: Kyurem-Black|Outrage|p1a: Ladykiller
|-immune|p1a: Ladykiller|[msg]
|
|turn|5
|
|move|p2a: Kyurem-Black|Outrage|p1a: Ladykiller
|-immune|p1a: Ladykiller|[msg]
|move|p1a: Ladykiller|Hyper Voice|p2a: Kyurem-Black
|-supereffective|p2a: Kyurem-Black
|-damage|p2a: Kyurem-Black|0 fnt
|faint|p2a: Kyurem-Black
|
|
|switch|p2a: Togekiss|Togekiss, F|329\/329
|turn|6
|
|move|p2a: Togekiss|Flamethrower|p1a: Ladykiller
|-damage|p1a: Ladykiller|308\/392
|move|p1a: Ladykiller|Hyper Voice|p2a: Togekiss
|-crit|p2a: Togekiss
|-damage|p2a: Togekiss|0 fnt
|faint|p2a: Togekiss
|
|
|switch|p2a: Jirachi|Jirachi|351\/351
|turn|7
|
|switch|p1a: Impreza|Scizor, F|306\/343
|move|p2a: Jirachi|Iron Head|p1a: Impreza
|-resisted|p1a: Impreza
|-damage|p1a: Impreza|246\/343
|
|turn|8
|
|move|p2a: Jirachi|Iron Head|p1a: Impreza
|-crit|p1a: Impreza
|-resisted|p1a: Impreza
|-damage|p1a: Impreza|141\/343
|cant|p1a: Impreza|flinch
|
|turn|9
|
|move|p2a: Jirachi|Iron Head|p1a: Impreza
|-resisted|p1a: Impreza
|-damage|p1a: Impreza|75\/343
|cant|p1a: Impreza|flinch
|
|turn|10
|
|move|p2a: Jirachi|Iron Head|p1a: Impreza
|-resisted|p1a: Impreza
|-damage|p1a: Impreza|13\/343
|move|p1a: Impreza|Knock Off|p2a: Jirachi
|-supereffective|p2a: Jirachi
|-damage|p2a: Jirachi|0 fnt
|-enditem|p2a: Jirachi|Choice Scarf|[from] move: Knock Off|[of] p1a: Impreza
|faint|p2a: Jirachi
|
|
|switch|p2a: Landorus-Therian|Landorus-Therian, M|217\/330 brn
|-ability|p2a: Landorus-Therian|Intimidate|[of] p1a: Impreza
|-unboost|p1a: Impreza|atk|1
|turn|11
|
|move|p2a: Landorus-Therian|U-turn|p1a: Impreza
|-resisted|p1a: Impreza
|-damage|p1a: Impreza|0 fnt
|faint|p1a: Impreza
|
|switch|p2a: Sableye|Sableye, F|304\/304
|
|
|switch|p1a: Ladykiller|Sylveon, M|308\/392
|turn|12
|
|switch|p2a: Landorus-Therian|Landorus-Therian, M|217\/330 brn
|-ability|p2a: Landorus-Therian|Intimidate|[of] p1a: Ladykiller
|-unboost|p1a: Ladykiller|atk|1
|move|p1a: Ladykiller|Hyper Voice|p2a: Landorus-Therian
|-damage|p2a: Landorus-Therian|0 fnt
|faint|p2a: Landorus-Therian
|
|
|switch|p2a: Metagross|Metagross|302\/302
|turn|13
|
|switch|p1a: Ecto|Rotom-Wash|171\/304
|detailschange|p2a: Metagross|Metagross-Mega
|-mega|p2a: Metagross|Metagross|Metagrossite
|move|p2a: Metagross|Meteor Mash|p1a: Ecto
|-resisted|p1a: Ecto
|-damage|p1a: Ecto|115\/304
|
|turn|14
|
|move|p2a: Metagross|Zen Headbutt|p1a: Ecto
|-damage|p1a: Ecto|0 fnt
|faint|p1a: Ecto
|
|
|switch|p1a: Gretchen|Slowbro, F|394\/394
|turn|15
|
|move|p2a: Metagross|Meteor Mash|p1a: Gretchen
|-resisted|p1a: Gretchen
|-damage|p1a: Gretchen|308\/394
|move|p1a: Gretchen|Scald|p2a: Metagross
|-damage|p2a: Metagross|203\/302
|
|-heal|p1a: Gretchen|332\/394|[from] item: Leftovers
|turn|16
|
|move|p2a: Metagross|Meteor Mash|p1a: Gretchen|[miss]
|-miss|p2a: Metagross|p1a: Gretchen
|move|p1a: Gretchen|Scald|p2a: Metagross
|-damage|p2a: Metagross|107\/302
|
|-heal|p1a: Gretchen|356\/394|[from] item: Leftovers
|turn|17
|
|move|p2a: Metagross|Meteor Mash|p1a: Gretchen
|-resisted|p1a: Gretchen
|-damage|p1a: Gretchen|266\/394
|move|p1a: Gretchen|Scald|p2a: Metagross
|-damage|p2a: Metagross|7\/302
|
|-heal|p1a: Gretchen|290\/394|[from] item: Leftovers
|turn|18
|
|move|p2a: Metagross|Pursuit|p1a: Gretchen
|-supereffective|p1a: Gretchen
|-damage|p1a: Gretchen|190\/394
|move|p1a: Gretchen|Scald|p2a: Metagross
|-damage|p2a: Metagross|0 fnt
|faint|p2a: Metagross
|
|-heal|p1a: Gretchen|214\/394|[from] item: Leftovers
|-message|baangdu forfeited.
|leave|baangdu
|
|win|Iodic
|raw|Ladder updating...
|player|p2
|raw|Iodic's rating: 1488 &rarr; <strong>1511<\/strong><br \/>(+23 for winning)
|raw|baangdu's rating: 1541 &rarr; <strong>1518<\/strong><br \/>(-23 for losing)