|join|Mtvjam
|join|Iodic
|player|p1|Mtvjam|101
|player|p2|Iodic|264
|gametype|singles
|gen|6
|tier|OU
|rated
|clearpoke
|poke|p1|Infernape, F
|poke|p1|Aerodactyl, M
|poke|p1|Latios, M
|poke|p1|Landorus, M
|poke|p1|Ferrothorn, M
|poke|p1|Slowbro, M
|poke|p2|Excadrill, M
|poke|p2|Azumarill, F
|poke|p2|Talonflame, F
|poke|p2|Serperior, M
|poke|p2|Infernape, M
|poke|p2|Gyarados, M
|rule|Swagger Clause: Swagger is banned
|rule|Baton Pass Clause: Limit one PokÃ©mon knowing Baton Pass
|rule|Sleep Clause Mod: Limit one foe put to sleep
|rule|Species Clause: Limit one of each PokÃ©mon
|rule|OHKO Clause: OHKO moves are banned
|rule|Moody Clause: Moody is banned
|rule|Evasion Moves Clause: Evasion moves are banned
|rule|Endless Battle Clause: Forcing endless battles is banned
|rule|HP Percentage Mod: HP is shown in percentages
|teampreview
|
|start
|switch|p1a: Slowbro|Slowbro, M|393\/393
|switch|p2a: Azumarill|Azumarill, F|362\/362
|turn|1
|
|move|p2a: Azumarill|Belly Drum|p2a: Azumarill
|-damage|p2a: Azumarill|181\/362
|-setboost|p2a: Azumarill|atk|6|[from] move: Belly Drum
|-enditem|p2a: Azumarill|Sitrus Berry|[eat]
|-heal|p2a: Azumarill|271\/362|[from] item: Sitrus Berry
|move|p1a: Slowbro|Grass Knot|p2a: Azumarill
|-supereffective|p2a: Azumarill
|-damage|p2a: Azumarill|149\/362
|
|turn|2
|
|switch|p1a: Infernape|Infernape, F|355\/355
|move|p2a: Azumarill|Knock Off|p1a: Infernape
|-resisted|p1a: Infernape
|-damage|p1a: Infernape|93\/355
|-enditem|p1a: Infernape|Leftovers|[from] move: Knock Off|[of] p2a: Azumarill
|
|turn|3
|
|move|p2a: Azumarill|Aqua Jet|p1a: Infernape
|-supereffective|p1a: Infernape
|-damage|p1a: Infernape|0 fnt
|faint|p1a: Infernape
|
|
|switch|p1a: Latios|Latios, M|301\/301
|turn|4
|join|itsagame10
|
|move|p2a: Azumarill|Aqua Jet|p1a: Latios
|-resisted|p1a: Latios
|-damage|p1a: Latios|84\/301
|move|p1a: Latios|Psyshock|p2a: Azumarill
|-damage|p2a: Azumarill|0 fnt
|-damage|p1a: Latios|54\/301|[from] item: Life Orb
|faint|p2a: Azumarill
|
|
|switch|p2a: Serperior|Serperior, M|319\/319
|turn|5
|
|switch|p1a: Ferrothorn|Ferrothorn, M|352\/352
|move|p2a: Serperior|Leaf Storm|p1a: Ferrothorn
|-resisted|p1a: Ferrothorn
|-damage|p1a: Ferrothorn|328\/352
|-boost|p2a: Serperior|spa|2
|
|-heal|p1a: Ferrothorn|350\/352|[from] item: Leftovers
|turn|6
|
|switch|p1a: Aerodactyl|Aerodactyl, M|301\/301
|-ability|p1a: Aerodactyl|Unnerve|p2: Iodic
|move|p2a: Serperior|Substitute|p2a: Serperior
|-start|p2a: Serperior|Substitute
|-damage|p2a: Serperior|240\/319
|
|-heal|p2a: Serperior|259\/319|[from] item: Leftovers
|turn|7
|
|switch|p1a: Ferrothorn|Ferrothorn, M|350\/352
|move|p2a: Serperior|Leaf Storm|p1a: Ferrothorn
|-resisted|p1a: Ferrothorn
|-damage|p1a: Ferrothorn|302\/352
|-boost|p2a: Serperior|spa|2
|
|-heal|p2a: Serperior|278\/319|[from] item: Leftovers
|-heal|p1a: Ferrothorn|324\/352|[from] item: Leftovers
|turn|8
|
|move|p2a: Serperior|Hidden Power|p1a: Ferrothorn
|-supereffective|p1a: Ferrothorn
|-damage|p1a: Ferrothorn|0 fnt
|faint|p1a: Ferrothorn
|
|-heal|p2a: Serperior|297\/319|[from] item: Leftovers
|
|switch|p1a: Landorus|Landorus, M|319\/319
|turn|9
|
|move|p2a: Serperior|Leaf Storm|p1a: Landorus
|-damage|p1a: Landorus|0 fnt
|-boost|p2a: Serperior|spa|2
|faint|p1a: Landorus
|
|-heal|p2a: Serperior|316\/319|[from] item: Leftovers
|
|switch|p1a: Aerodactyl|Aerodactyl, M|301\/301
|-ability|p1a: Aerodactyl|Unnerve|p2: Iodic
|turn|10
|
|detailschange|p1a: Aerodactyl|Aerodactyl-Mega, M
|-mega|p1a: Aerodactyl|Aerodactyl|Aerodactylite
|move|p1a: Aerodactyl|Aerial Ace|p2a: Serperior
|-supereffective|p2a: Serperior
|-end|p2a: Serperior|Substitute
|move|p2a: Serperior|Leaf Storm|p1a: Aerodactyl
|-damage|p1a: Aerodactyl|0 fnt
|faint|p1a: Aerodactyl
|
|-heal|p2a: Serperior|319\/319|[from] item: Leftovers
|-message|Mtvjam forfeited.
|leave|Mtvjam
|
|win|Iodic
|raw|Ladder updating...
|player|p1
|leave|itsagame10
|raw|Mtvjam's rating: 1565 &rarr; <strong>1551<\/strong><br \/>(-14 for losing)
|raw|Iodic's rating: 1676 &rarr; <strong>1690<\/strong><br \/>(+14 for winning)