|join|Iodic
|join|Ja-Twyman
|player|p1|Iodic|264
|player|p2|Ja-Twyman|266
|gametype|singles
|gen|6
|tier|OU
|rated
|clearpoke
|poke|p1|Excadrill, F
|poke|p1|Azumarill, M
|poke|p1|Talonflame, F
|poke|p1|Serperior, M
|poke|p1|Infernape, M
|poke|p1|Gyarados, M
|poke|p2|Absol, M
|poke|p2|Gyarados, F
|poke|p2|Togekiss, F
|poke|p2|Lanturn, M
|poke|p2|Chesnaught, F
|poke|p2|Tyranitar, M
|rule|Swagger Clause: Swagger is banned
|rule|Baton Pass Clause: Limit one PokÃ©mon knowing Baton Pass
|rule|Sleep Clause Mod: Limit one foe put to sleep
|rule|Species Clause: Limit one of each PokÃ©mon
|rule|OHKO Clause: OHKO moves are banned
|rule|Moody Clause: Moody is banned
|rule|Evasion Moves Clause: Evasion moves are banned
|rule|Endless Battle Clause: Forcing endless battles is banned
|rule|HP Percentage Mod: HP is shown in percentages
|teampreview
|
|start
|switch|p1a: Infernape|Infernape, M|293\/293
|switch|p2a: Gyarados|Gyarados, F|331\/331
|-ability|p2a: Gyarados|Intimidate|[of] p1a: Infernape
|-unboost|p1a: Infernape|atk|1
|turn|1
|
|move|p1a: Infernape|Stealth Rock|p2a: Gyarados
|-sidestart|p2: Ja-Twyman|move: Stealth Rock
|move|p2a: Gyarados|Waterfall|p1a: Infernape
|-supereffective|p1a: Infernape
|-enditem|p1a: Infernape|Focus Sash
|-damage|p1a: Infernape|1\/293
|
|turn|2
|
|move|p1a: Infernape|Endeavor|p2a: Gyarados
|-damage|p2a: Gyarados|1\/331
|move|p2a: Gyarados|Waterfall|p1a: Infernape
|-supereffective|p1a: Infernape
|-damage|p1a: Infernape|0 fnt
|faint|p1a: Infernape
|
|
|switch|p1a: Serperior|Serperior, M|353\/353
|turn|3
|
|switch|p2a: Togekiss|Togekiss, F|374\/374
|-damage|p2a: Togekiss|281\/374|[from] Stealth Rock
|move|p1a: Serperior|Leaf Storm|p2a: Togekiss
|-crit|p2a: Togekiss
|-resisted|p2a: Togekiss
|-damage|p2a: Togekiss|221\/374
|-boost|p1a: Serperior|spa|2
|
|-heal|p2a: Togekiss|244\/374|[from] item: Leftovers
|turn|4
|
|switch|p1a: Excadrill|Excadrill, F|412\/412
|-ability|p1a: Excadrill|Mold Breaker
|move|p2a: Togekiss|Air Slash|p1a: Excadrill
|-resisted|p1a: Excadrill
|-damage|p1a: Excadrill|376\/412
|
|-heal|p2a: Togekiss|267\/374|[from] item: Leftovers
|turn|5
|
|switch|p2a: Chesnaught|Chesnaught, F|380\/380
|-damage|p2a: Chesnaught|357\/380|[from] Stealth Rock
|move|p1a: Excadrill|Iron Head|p2a: Chesnaught
|-damage|p2a: Chesnaught|272\/380
|
|-heal|p2a: Chesnaught|295\/380|[from] item: Leftovers
|turn|6
|
|switch|p1a: Serperior|Serperior, M|353\/353
|move|p2a: Chesnaught|Leech Seed|p1a: Serperior
|-immune|p1a: Serperior|[msg]
|
|-heal|p2a: Chesnaught|318\/380|[from] item: Leftovers
|turn|7
|
|switch|p2a: Togekiss|Togekiss, F|267\/374
|-damage|p2a: Togekiss|174\/374|[from] Stealth Rock
|move|p1a: Serperior|Glare|p2a: Togekiss
|-status|p2a: Togekiss|par
|
|-heal|p2a: Togekiss|197\/374 par|[from] item: Leftovers
|turn|8
|
|switch|p1a: Talonflame|Talonflame, F|359\/359
|move|p2a: Togekiss|Air Slash|p1a: Talonflame
|-damage|p1a: Talonflame|257\/359
|
|-heal|p1a: Talonflame|279\/359|[from] item: Leftovers
|-heal|p2a: Togekiss|220\/374 par|[from] item: Leftovers
|turn|9
|
|move|p1a: Talonflame|Brave Bird|p2a: Togekiss
|-damage|p2a: Togekiss|93\/374 par
|-damage|p1a: Talonflame|237\/359|[from] recoil|[of] p2a: Togekiss
|move|p2a: Togekiss|Defog|p1a: Talonflame
|-unboost|p1a: Talonflame|evasion|1
|-sideend|p2: Ja-Twyman|Stealth Rock|[from] move: Defog|[of] p2a: Togekiss
|
|-heal|p1a: Talonflame|259\/359|[from] item: Leftovers
|-heal|p2a: Togekiss|116\/374 par|[from] item: Leftovers
|turn|10
|
|switch|p2a: Lanturn|Lanturn, M|454\/454
|move|p1a: Talonflame|Brave Bird|p2a: Lanturn
|-resisted|p2a: Lanturn
|-damage|p2a: Lanturn|395\/454
|-damage|p1a: Talonflame|240\/359|[from] recoil|[of] p2a: Lanturn
|
|-heal|p1a: Talonflame|262\/359|[from] item: Leftovers
|-heal|p2a: Lanturn|423\/454|[from] item: Leftovers
|turn|11
|
|switch|p1a: Serperior|Serperior, M|353\/353
|move|p2a: Lanturn|Thunder Wave|p1a: Serperior
|-status|p1a: Serperior|par
|
|-heal|p2a: Lanturn|451\/454|[from] item: Leftovers
|turn|12
|
|switch|p2a: Togekiss|Togekiss, F|116\/374 par
|cant|p1a: Serperior|par
|
|-heal|p2a: Togekiss|139\/374 par|[from] item: Leftovers
|turn|13
|
|switch|p1a: Talonflame|Talonflame, F|262\/359
|move|p2a: Togekiss|Roost|p2a: Togekiss
|-heal|p2a: Togekiss|326\/374 par
|
|-heal|p1a: Talonflame|284\/359|[from] item: Leftovers
|-heal|p2a: Togekiss|349\/374 par|[from] item: Leftovers
|turn|14
|
|switch|p2a: Lanturn|Lanturn, M|451\/454
|move|p1a: Talonflame|Swords Dance|p1a: Talonflame
|-boost|p1a: Talonflame|atk|2
|
|-heal|p1a: Talonflame|306\/359|[from] item: Leftovers
|-heal|p2a: Lanturn|454\/454|[from] item: Leftovers
|turn|15
|
|switch|p1a: Serperior|Serperior, M|353\/353 par
|move|p2a: Lanturn|Scald|p1a: Serperior
|-resisted|p1a: Serperior
|-damage|p1a: Serperior|312\/353 par
|
|-heal|p1a: Serperior|334\/353 par|[from] item: Leftovers
|turn|16
|
|switch|p2a: Togekiss|Togekiss, F|349\/374 par
|cant|p1a: Serperior|par
|
|-heal|p1a: Serperior|353\/353 par|[from] item: Leftovers
|-heal|p2a: Togekiss|372\/374 par|[from] item: Leftovers
|turn|17
|
|switch|p1a: Talonflame|Talonflame, F|306\/359
|switch|p2a: Lanturn|Lanturn, M|454\/454
|
|-heal|p1a: Talonflame|328\/359|[from] item: Leftovers
|turn|18
|
|switch|p1a: Serperior|Serperior, M|353\/353 par
|move|p2a: Lanturn|Heal Bell|p2a: Lanturn
|-cureteam|p2a: Lanturn|[from] move: HealBell
|
|turn|19
|
|switch|p2a: Togekiss|Togekiss, F|372\/374
|move|p1a: Serperior|Glare|p2a: Togekiss
|-status|p2a: Togekiss|par
|
|-heal|p2a: Togekiss|374\/374 par|[from] item: Leftovers
|turn|20
|
|move|p1a: Serperior|Leaf Storm|p2a: Togekiss
|-resisted|p2a: Togekiss
|-damage|p2a: Togekiss|336\/374 par
|-boost|p1a: Serperior|spa|2
|move|p2a: Togekiss|Air Slash|p1a: Serperior
|-supereffective|p1a: Serperior
|-damage|p1a: Serperior|117\/353 par
|
|-heal|p1a: Serperior|139\/353 par|[from] item: Leftovers
|-heal|p2a: Togekiss|359\/374 par|[from] item: Leftovers
|turn|21
|
|switch|p1a: Talonflame|Talonflame, F|328\/359
|move|p2a: Togekiss|Fire Blast|p1a: Talonflame
|-crit|p1a: Talonflame
|-resisted|p1a: Talonflame
|-damage|p1a: Talonflame|259\/359
|
|-heal|p1a: Talonflame|281\/359|[from] item: Leftovers
|-heal|p2a: Togekiss|374\/374 par|[from] item: Leftovers
|turn|22
|
|switch|p2a: Tyranitar|Tyranitar, M|403\/403
|-weather|Sandstorm
|move|p1a: Talonflame|Brave Bird|p2a: Tyranitar
|-resisted|p2a: Tyranitar
|-damage|p2a: Tyranitar|346\/403
|-damage|p1a: Talonflame|262\/359|[from] recoil|[of] p2a: Tyranitar
|
|-weather|Sandstorm|[upkeep]
|-damage|p1a: Talonflame|240\/359|[from] sandstorm
|-heal|p1a: Talonflame|262\/359|[from] item: Leftovers
|turn|23
|
|move|p1a: Talonflame|Will-O-Wisp|p2a: Tyranitar
|-status|p2a: Tyranitar|brn
|move|p2a: Tyranitar|Stone Edge|p1a: Talonflame
|-supereffective|p1a: Talonflame
|-damage|p1a: Talonflame|0 fnt
|faint|p1a: Talonflame
|
|-weather|Sandstorm|[upkeep]
|-damage|p2a: Tyranitar|296\/403 brn|[from] brn
|
|switch|p1a: Azumarill|Azumarill, M|362\/362
|turn|24
|
|switch|p2a: Gyarados|Gyarados, F|1\/331
|-ability|p2a: Gyarados|Intimidate|[of] p1a: Azumarill
|-unboost|p1a: Azumarill|atk|1
|move|p1a: Azumarill|Belly Drum|p1a: Azumarill
|-damage|p1a: Azumarill|181\/362
|-setboost|p1a: Azumarill|atk|6|[from] move: Belly Drum
|-enditem|p1a: Azumarill|Sitrus Berry|[eat]
|-heal|p1a: Azumarill|271\/362|[from] item: Sitrus Berry
|
|-weather|Sandstorm|[upkeep]
|-damage|p2a: Gyarados|0 fnt|[from] sandstorm
|-damage|p1a: Azumarill|249\/362|[from] sandstorm
|faint|p2a: Gyarados
|
|switch|p2a: Lanturn|Lanturn, M|454\/454
|turn|25
|
|move|p1a: Azumarill|Knock Off|p2a: Lanturn
|-damage|p2a: Lanturn|0 fnt
|-enditem|p2a: Lanturn|Leftovers|[from] move: Knock Off|[of] p1a: Azumarill
|faint|p2a: Lanturn
|
|-weather|Sandstorm|[upkeep]
|-damage|p1a: Azumarill|227\/362|[from] sandstorm
|
|switch|p2a: Chesnaught|Chesnaught, F|318\/380
|turn|26
|
|move|p2a: Chesnaught|Spiky Shield|p2a: Chesnaught
|-singleturn|p2a: Chesnaught|move: Protect
|move|p1a: Azumarill|Play Rough|p2a: Chesnaught
|-activate|p2a: Chesnaught|move: Protect
|-damage|p1a: Azumarill|182\/362|[from] Spiky Shield|[of] p2a: Chesnaught
|
|-weather|none
|-heal|p2a: Chesnaught|341\/380|[from] item: Leftovers
|turn|27
|
|switch|p2a: Tyranitar|Tyranitar, M|296\/403 brn
|-weather|Sandstorm
|move|p1a: Azumarill|Play Rough|p2a: Tyranitar
|-supereffective|p2a: Tyranitar
|-damage|p2a: Tyranitar|0 fnt
|faint|p2a: Tyranitar
|
|-weather|Sandstorm|[upkeep]
|-damage|p1a: Azumarill|160\/362|[from] sandstorm
|
|switch|p2a: Absol|Absol, M|271\/271
|turn|28
|
|move|p1a: Azumarill|Aqua Jet|p2a: Absol
|-damage|p2a: Absol|0 fnt
|faint|p2a: Absol
|
|-weather|Sandstorm|[upkeep]
|-damage|p1a: Azumarill|138\/362|[from] sandstorm
|
|switch|p2a: Chesnaught|Chesnaught, F|341\/380
|turn|29
|
|move|p2a: Chesnaught|Spiky Shield|p2a: Chesnaught
|-singleturn|p2a: Chesnaught|move: Protect
|move|p1a: Azumarill|Play Rough|p2a: Chesnaught
|-activate|p2a: Chesnaught|move: Protect
|-damage|p1a: Azumarill|93\/362|[from] Spiky Shield|[of] p2a: Chesnaught
|
|-weather|Sandstorm|[upkeep]
|-damage|p1a: Azumarill|71\/362|[from] sandstorm
|-damage|p2a: Chesnaught|318\/380|[from] sandstorm
|-heal|p2a: Chesnaught|341\/380|[from] item: Leftovers
|turn|30
|
|switch|p2a: Togekiss|Togekiss, F|374\/374 par
|move|p1a: Azumarill|Play Rough|p2a: Togekiss
|-damage|p2a: Togekiss|0 fnt
|faint|p2a: Togekiss
|
|-weather|Sandstorm|[upkeep]
|-damage|p1a: Azumarill|49\/362|[from] sandstorm
|
|switch|p2a: Chesnaught|Chesnaught, F|341\/380
|turn|31
|
|move|p2a: Chesnaught|Spiky Shield|p2a: Chesnaught
|-singleturn|p2a: Chesnaught|move: Protect
|move|p1a: Azumarill|Belly Drum|p1a: Azumarill
|-fail|p1a: Azumarill
|
|-weather|none
|-heal|p2a: Chesnaught|364\/380|[from] item: Leftovers
|turn|32
|
|move|p1a: Azumarill|Play Rough|p2a: Chesnaught
|-supereffective|p2a: Chesnaught
|-damage|p2a: Chesnaught|0 fnt
|faint|p2a: Chesnaught
|
|win|Iodic
|raw|Ladder updating...
|raw|Iodic's rating: 1595 &rarr; <strong>1605<\/strong><br \/>(+10 for winning)
|raw|Ja-Twyman's rating: 1390 &rarr; <strong>1381<\/strong><br \/>(-9 for losing)
|leave|Ja-Twyman