|join|Iodic
|join|IfazChowdhury2
|player|p1|Iodic|264
|player|p2|IfazChowdhury2|161
|gametype|singles
|gen|6
|tier|OU
|rated
|clearpoke
|poke|p1|Sylveon, F
|poke|p1|Slowbro, M
|poke|p1|Scizor, M
|poke|p1|Lopunny, F, shiny
|poke|p1|Serperior, F
|poke|p1|Tyranitar, M
|poke|p2|Skarmory, M
|poke|p2|Tyranitar, F
|poke|p2|Medicham, M
|poke|p2|Thundurus, M
|poke|p2|Garchomp, F
|poke|p2|Clefable, M
|rule|Swagger Clause: Swagger is banned
|rule|Baton Pass Clause: Limit one PokÃ©mon knowing Baton Pass
|rule|Sleep Clause Mod: Limit one foe put to sleep
|rule|Species Clause: Limit one of each PokÃ©mon
|rule|OHKO Clause: OHKO moves are banned
|rule|Moody Clause: Moody is banned
|rule|Evasion Moves Clause: Evasion moves are banned
|rule|Endless Battle Clause: Forcing endless battles is banned
|rule|HP Percentage Mod: HP is shown in percentages
|teampreview
|join|bigdickplayer
|
|start
|switch|p1a: Henry|Slowbro, M|394\/394
|switch|p2a: Rajnikanth|Medicham, M|262\/262
|turn|1
|
|detailschange|p2a: Rajnikanth|Medicham-Mega, M
|-mega|p2a: Rajnikanth|Medicham|Medichamite
|move|p2a: Rajnikanth|Fake Out|p1a: Henry
|-damage|p1a: Henry|338\/394
|cant|p1a: Henry|flinch
|
|-heal|p1a: Henry|362\/394|[from] item: Leftovers
|turn|2
|
|switch|p2a: Clefgt|Clefable, M|394\/394
|move|p1a: Henry|Scald|p2a: Clefgt
|-damage|p2a: Clefgt|276\/394
|
|-heal|p2a: Clefgt|300\/394|[from] item: Leftovers
|-heal|p1a: Henry|386\/394|[from] item: Leftovers
|turn|3
|
|move|p2a: Clefgt|Flamethrower|p1a: Henry
|-resisted|p1a: Henry
|-damage|p1a: Henry|347\/394
|move|p1a: Henry|Thunder Wave|p2a: Clefgt
|-status|p2a: Clefgt|par
|
|-heal|p1a: Henry|371\/394|[from] item: Leftovers
|-heal|p2a: Clefgt|324\/394 par|[from] item: Leftovers
|turn|4
|
|switch|p1a: Catherine|Sylveon, F|392\/392
|cant|p2a: Clefgt|par
|
|-heal|p2a: Clefgt|348\/394 par|[from] item: Leftovers
|turn|5
|
|switch|p2a: Sahara Desert|Tyranitar, F|404\/404
|-weather|Sandstorm
|move|p1a: Catherine|Hyper Voice|p2a: Sahara Desert
|-supereffective|p2a: Sahara Desert
|-damage|p2a: Sahara Desert|200\/404
|
|-weather|Sandstorm|[upkeep]
|-damage|p1a: Catherine|368\/392|[from] sandstorm
|turn|6
|
|switch|p1a: Caesar|Tyranitar, M|404\/404
|move|p2a: Sahara Desert|Stone Edge|p1a: Caesar|[miss]
|-miss|p2a: Sahara Desert|p1a: Caesar
|
|-weather|Sandstorm|[upkeep]
|turn|7
|c| bigdickplayer|typical
|c| bigdickplayer|literally every battle he plays his opponent misses their hydro, fblast etc
|
|move|p2a: Sahara Desert|Earthquake|p1a: Caesar
|-supereffective|p1a: Caesar
|-damage|p1a: Caesar|272\/404
|move|p1a: Caesar|Stealth Rock|p2a: Sahara Desert
|-sidestart|p2: IfazChowdhury2|move: Stealth Rock
|
|-weather|Sandstorm|[upkeep]
|-heal|p1a: Caesar|297\/404|[from] item: Leftovers
|turn|8
|
|switch|p2a: KFC|Skarmory, M|334\/334
|-damage|p2a: KFC|293\/334|[from] Stealth Rock
|switch|p1a: Victoria|Serperior, F|353\/353
|
|-weather|Sandstorm|[upkeep]
|-damage|p1a: Victoria|331\/353|[from] sandstorm
|turn|9
|
|move|p1a: Victoria|Leech Seed|p2a: KFC
|-start|p2a: KFC|move: Leech Seed
|move|p2a: KFC|Brave Bird|p1a: Victoria
|-supereffective|p1a: Victoria
|-damage|p1a: Victoria|85\/353
|-damage|p2a: KFC|212\/334|[from] recoil|[of] p1a: Victoria
|
|-weather|none
|-damage|p2a: KFC|171\/334|[from] Leech Seed|[of] p1a: Victoria
|-heal|p1a: Victoria|126\/353|[silent]
|turn|10
|
|switch|p2a: Sahara Desert|Tyranitar, F|200\/404
|-damage|p2a: Sahara Desert|150\/404|[from] Stealth Rock
|-weather|Sandstorm
|move|p1a: Victoria|Reflect|p1a: Victoria
|-sidestart|p1: Iodic|Reflect
|
|-weather|Sandstorm|[upkeep]
|-damage|p1a: Victoria|104\/353|[from] sandstorm
|turn|11
|leave|bigdickplayer
|
|move|p1a: Victoria|Leaf Storm|p2a: Sahara Desert
|-supereffective|p2a: Sahara Desert
|-damage|p2a: Sahara Desert|66\/404
|-boost|p1a: Victoria|spa|2
|move|p2a: Sahara Desert|Pursuit|p1a: Victoria
|-damage|p1a: Victoria|73\/353
|
|-weather|Sandstorm|[upkeep]
|-damage|p1a: Victoria|51\/353|[from] sandstorm
|turn|12
|
|move|p1a: Victoria|Leaf Storm|p2a: Sahara Desert
|-supereffective|p2a: Sahara Desert
|-damage|p2a: Sahara Desert|0 fnt
|-boost|p1a: Victoria|spa|2
|faint|p2a: Sahara Desert
|
|-weather|Sandstorm|[upkeep]
|-damage|p1a: Victoria|29\/353|[from] sandstorm
|
|switch|p2a: Rajnikanth|Medicham-Mega, M|262\/262
|-damage|p2a: Rajnikanth|246\/262|[from] Stealth Rock
|turn|13
|
|switch|p1a: Henry|Slowbro, M|394\/394
|move|p2a: Rajnikanth|Fake Out|p1a: Henry
|-damage|p1a: Henry|365\/394
|
|-weather|Sandstorm|[upkeep]
|-damage|p2a: Rajnikanth|230\/262|[from] sandstorm
|-damage|p1a: Henry|341\/394|[from] sandstorm
|-heal|p1a: Henry|365\/394|[from] item: Leftovers
|turn|14
|
|switch|p2a: Clefgt|Clefable, M|348\/394 par
|move|p1a: Henry|Scald|p2a: Clefgt
|-damage|p2a: Clefgt|233\/394 par
|
|-weather|none
|-heal|p1a: Henry|389\/394|[from] item: Leftovers
|-heal|p2a: Clefgt|257\/394 par|[from] item: Leftovers
|turn|15
|
|switch|p1a: Catherine|Sylveon, F|368\/392
|cant|p2a: Clefgt|par
|
|-heal|p2a: Clefgt|281\/394 par|[from] item: Leftovers
|turn|16
|
|move|p1a: Catherine|Hyper Voice|p2a: Clefgt
|-damage|p2a: Clefgt|0 fnt
|faint|p2a: Clefgt
|
|
|switch|p2a: KFC|Skarmory, M|171\/334
|-damage|p2a: KFC|130\/334|[from] Stealth Rock
|turn|17
|
|move|p2a: KFC|Roost|p2a: KFC
|-heal|p2a: KFC|297\/334
|move|p1a: Catherine|Hyper Voice|p2a: KFC
|-resisted|p2a: KFC
|-damage|p2a: KFC|110\/334
|
|-sideend|p1: Iodic|Reflect
|turn|18
|
|move|p2a: KFC|Defog|p1a: Catherine
|-unboost|p1a: Catherine|evasion|1
|-sideend|p2: IfazChowdhury2|Stealth Rock|[from] move: Defog|[of] p2a: KFC
|move|p1a: Catherine|Hyper Voice|p2a: KFC
|-resisted|p2a: KFC
|-damage|p2a: KFC|0 fnt
|faint|p2a: KFC
|
|
|switch|p2a: Rajnikanth|Medicham-Mega, M|230\/262
|turn|19
|
|switch|p2a: Prankster|Thundurus, M|299\/299
|move|p1a: Catherine|Hyper Voice|p2a: Prankster
|-damage|p2a: Prankster|0 fnt
|faint|p2a: Prankster
|
|-message|IfazChowdhury2 forfeited.
|
|win|Iodic
|raw|Ladder updating...
|leave|IfazChowdhury2
|player|p2
|raw|Iodic's rating: 1592 &rarr; <strong>1609<\/strong><br \/>(+17 for winning)
|raw|IfazChowdhury2's rating: 1535 &rarr; <strong>1518<\/strong><br \/>(-17 for losing)