|join|DRACO66
|join|Iodic
|player|p1|DRACO66|101
|player|p2|Iodic|264
|gametype|singles
|gen|6
|tier|OU
|rated
|clearpoke
|poke|p1|Diggersby, F
|poke|p1|Diancie
|poke|p1|Talonflame, M
|poke|p1|Latios, M
|poke|p1|Keldeo
|poke|p1|Bisharp, F
|poke|p2|Excadrill, M
|poke|p2|Azumarill, F
|poke|p2|Talonflame, F
|poke|p2|Serperior, M
|poke|p2|Infernape, F
|poke|p2|Gyarados, M
|rule|Swagger Clause: Swagger is banned
|rule|Baton Pass Clause: Limit one PokÃ©mon knowing Baton Pass
|rule|Sleep Clause Mod: Limit one foe put to sleep
|rule|Species Clause: Limit one of each PokÃ©mon
|rule|OHKO Clause: OHKO moves are banned
|rule|Moody Clause: Moody is banned
|rule|Evasion Moves Clause: Evasion moves are banned
|rule|Endless Battle Clause: Forcing endless battles is banned
|rule|HP Percentage Mod: HP is shown in percentages
|teampreview
|
|start
|switch|p1a: Liam Payne|Latios, M|301\/301
|switch|p2a: Serperior|Serperior, M|353\/353
|turn|1
|
|move|p2a: Serperior|Glare|p1a: Liam Payne
|-status|p1a: Liam Payne|par
|move|p1a: Liam Payne|Psyshock|p2a: Serperior
|-damage|p2a: Serperior|168\/353
|-damage|p1a: Liam Payne|271\/301 par|[from] item: Life Orb
|
|-heal|p2a: Serperior|190\/353|[from] item: Leftovers
|turn|2
|
|move|p2a: Serperior|Synthesis|p2a: Serperior
|-heal|p2a: Serperior|353\/353
|move|p1a: Liam Payne|Thunder Wave|p2a: Serperior
|-status|p2a: Serperior|par
|
|turn|3
|c|âIodic|lol
|
|cant|p2a: Serperior|par
|move|p1a: Liam Payne|Dragon Pulse|p2a: Serperior
|-damage|p2a: Serperior|133\/353 par
|-damage|p1a: Liam Payne|241\/301 par|[from] item: Life Orb
|
|-heal|p2a: Serperior|155\/353 par|[from] item: Leftovers
|turn|4
|
|switch|p1a: Zayn Malik|Bisharp, F|273\/273
|move|p2a: Serperior|Synthesis|p2a: Serperior
|-heal|p2a: Serperior|331\/353 par
|
|-heal|p2a: Serperior|353\/353 par|[from] item: Leftovers
|turn|5
|
|switch|p2a: Infernape|Infernape, F|293\/293
|move|p1a: Zayn Malik|Stealth Rock|p2a: Infernape
|-sidestart|p2: Iodic|move: Stealth Rock
|
|turn|6
|
|switch|p1a: One Direction|Talonflame, M|360\/360
|move|p2a: Infernape|Stealth Rock|p1a: One Direction
|-sidestart|p1: DRACO66|move: Stealth Rock
|
|turn|7
|
|move|p2a: Infernape|Overheat|p1a: One Direction
|-resisted|p1a: One Direction
|-damage|p1a: One Direction|244\/360
|-unboost|p2a: Infernape|spa|2
|move|p1a: One Direction|Swords Dance|p1a: One Direction
|-boost|p1a: One Direction|atk|2
|
|turn|8
|
|move|p2a: Infernape|Endeavor|p1a: One Direction
|-immune|p1a: One Direction|[msg]
|-fail|p1a: One Direction
|move|p1a: One Direction|Swords Dance|p1a: One Direction
|-boost|p1a: One Direction|atk|2
|
|turn|9
|
|move|p1a: One Direction|Roost|p1a: One Direction
|-heal|p1a: One Direction|360\/360
|move|p2a: Infernape|Close Combat|p1a: One Direction
|-damage|p1a: One Direction|107\/360
|-unboost|p2a: Infernape|def|1
|-unboost|p2a: Infernape|spd|1
|
|turn|10
|
|move|p1a: One Direction|Acrobatics|p2a: Infernape
|-supereffective|p2a: Infernape
|-enditem|p2a: Infernape|Focus Sash
|-damage|p2a: Infernape|1\/293
|move|p2a: Infernape|Close Combat|p1a: One Direction
|-resisted|p1a: One Direction
|-damage|p1a: One Direction|0 fnt
|-unboost|p2a: Infernape|def|1
|-unboost|p2a: Infernape|spd|1
|faint|p1a: One Direction
|
|
|switch|p1a: Keldeo|Keldeo|323\/323
|-damage|p1a: Keldeo|303\/323|[from] Stealth Rock
|turn|11
|
|move|p2a: Infernape|Endeavor|p1a: Keldeo
|-damage|p1a: Keldeo|1\/323
|move|p1a: Keldeo|Scald|p2a: Infernape
|-supereffective|p2a: Infernape
|-damage|p2a: Infernape|0 fnt
|faint|p2a: Infernape
|
|
|switch|p2a: Azumarill|Azumarill, F|362\/362
|-damage|p2a: Azumarill|317\/362|[from] Stealth Rock
|turn|12
|
|move|p1a: Keldeo|Scald|p2a: Azumarill
|-resisted|p2a: Azumarill
|-damage|p2a: Azumarill|237\/362
|-status|p2a: Azumarill|brn
|move|p2a: Azumarill|Belly Drum|p2a: Azumarill
|-damage|p2a: Azumarill|56\/362 brn
|-setboost|p2a: Azumarill|atk|6|[from] move: Belly Drum
|-enditem|p2a: Azumarill|Sitrus Berry|[eat]
|-heal|p2a: Azumarill|146\/362 brn|[from] item: Sitrus Berry
|
|-damage|p2a: Azumarill|101\/362 brn|[from] brn
|turn|13
|
|move|p2a: Azumarill|Aqua Jet|p1a: Keldeo
|-resisted|p1a: Keldeo
|-damage|p1a: Keldeo|0 fnt
|faint|p1a: Keldeo
|
|-damage|p2a: Azumarill|56\/362 brn|[from] brn
|
|switch|p1a: Niall Horan|Diggersby, F|311\/311
|-damage|p1a: Niall Horan|292\/311|[from] Stealth Rock
|turn|14
|
|move|p1a: Niall Horan|Quick Attack|p2a: Azumarill
|-damage|p2a: Azumarill|0 fnt
|-damage|p1a: Niall Horan|261\/311|[from] item: Life Orb
|faint|p2a: Azumarill
|
|
|switch|p2a: Talonflame|Talonflame, F|359\/359
|-damage|p2a: Talonflame|180\/359|[from] Stealth Rock
|turn|15
|
|switch|p1a: Liam Payne|Latios, M|241\/301 par
|-damage|p1a: Liam Payne|204\/301 par|[from] Stealth Rock
|move|p2a: Talonflame|Will-O-Wisp|p1a: Liam Payne
|-fail|p1a: Liam Payne
|
|-heal|p2a: Talonflame|202\/359|[from] item: Leftovers
|turn|16
|
|move|p2a: Talonflame|Swords Dance|p2a: Talonflame
|-boost|p2a: Talonflame|atk|2
|move|p1a: Liam Payne|Dragon Pulse|p2a: Talonflame
|-damage|p2a: Talonflame|17\/359
|-damage|p1a: Liam Payne|174\/301 par|[from] item: Life Orb
|
|-heal|p2a: Talonflame|39\/359|[from] item: Leftovers
|turn|17
|
|move|p2a: Talonflame|Roost|p2a: Talonflame
|-heal|p2a: Talonflame|219\/359
|move|p1a: Liam Payne|Psyshock|p2a: Talonflame
|-damage|p2a: Talonflame|0 fnt
|-damage|p1a: Liam Payne|144\/301 par|[from] item: Life Orb
|faint|p2a: Talonflame
|
|
|switch|p2a: Excadrill|Excadrill, M|412\/412
|-damage|p2a: Excadrill|400\/412|[from] Stealth Rock
|-ability|p2a: Excadrill|Mold Breaker
|turn|18
|
|move|p2a: Excadrill|Rapid Spin|p1a: Liam Payne
|-damage|p1a: Liam Payne|118\/301 par
|-sideend|p2: Iodic|Stealth Rock|[from] move: Rapid Spin|[of] p2a: Excadrill
|move|p1a: Liam Payne|Dragon Pulse|p2a: Excadrill
|-resisted|p2a: Excadrill
|-damage|p2a: Excadrill|327\/412
|-damage|p1a: Liam Payne|88\/301 par|[from] item: Life Orb
|
|turn|19
|
|move|p2a: Excadrill|Earthquake|p1a: Liam Payne
|-damage|p1a: Liam Payne|0 fnt
|faint|p1a: Liam Payne
|
|
|switch|p1a: Zayn Malik|Bisharp, F|273\/273
|-damage|p1a: Zayn Malik|256\/273|[from] Stealth Rock
|turn|20
|
|move|p1a: Zayn Malik|Sucker Punch|p2a: Excadrill
|-damage|p2a: Excadrill|108\/412
|move|p2a: Excadrill|Earthquake|p1a: Zayn Malik
|-crit|p1a: Zayn Malik
|-supereffective|p1a: Zayn Malik
|-damage|p1a: Zayn Malik|0 fnt
|faint|p1a: Zayn Malik
|
|
|switch|p1a: Niall Horan|Diggersby, F|261\/311
|-damage|p1a: Niall Horan|242\/311|[from] Stealth Rock
|turn|21
|
|move|p1a: Niall Horan|Swords Dance|p1a: Niall Horan
|-boost|p1a: Niall Horan|atk|2
|move|p2a: Excadrill|Earthquake|p1a: Niall Horan
|-damage|p1a: Niall Horan|25\/311
|
|turn|22
|
|move|p1a: Niall Horan|Earthquake|p2a: Excadrill
|-supereffective|p2a: Excadrill
|-damage|p2a: Excadrill|0 fnt
|-damage|p1a: Niall Horan|0 fnt|[from] item: Life Orb
|faint|p2a: Excadrill
|faint|p1a: Niall Horan
|
|
|switch|p1a: Diancie|Diancie|257\/257
|switch|p2a: Serperior|Serperior, M|353\/353 par
|-damage|p1a: Diancie|225\/257|[from] Stealth Rock
|turn|23
|
|detailschange|p1a: Diancie|Diancie-Mega
|-mega|p1a: Diancie|Diancie|Diancite
|move|p1a: Diancie|Rock Polish|p1a: Diancie
|-boost|p1a: Diancie|spe|2
|move|p2a: Serperior|Leaf Storm|p1a: Diancie
|-supereffective|p1a: Diancie
|-damage|p1a: Diancie|0 fnt
|-boost|p2a: Serperior|spa|2
|faint|p1a: Diancie
|
|win|Iodic
|raw|Ladder updating...
|raw|DRACO66's rating: 1743 &rarr; <strong>1713<\/strong><br \/>(-30 for losing)
|raw|Iodic's rating: 1545 &rarr; <strong>1575<\/strong><br \/>(+30 for winning)
|c|âIodic|gg
|leave|DRACO66