|join|Iodic
|join|Tikonesia
|player|p1|Iodic|264
|player|p2|Tikonesia|2
|gametype|singles
|gen|6
|tier|OU
|rated
|clearpoke
|poke|p1|Sylveon, M
|poke|p1|Slowbro, F
|poke|p1|Scizor, F
|poke|p1|Garchomp, M, shiny
|poke|p1|Rotom-Wash
|poke|p1|Lopunny, M
|poke|p2|Lopunny, F
|poke|p2|Lucario, F
|poke|p2|Latias, F
|poke|p2|Volcarona, F
|poke|p2|Azelf
|poke|p2|Scizor, M
|rule|Swagger Clause: Swagger is banned
|rule|Baton Pass Clause: Limit one PokÃ©mon knowing Baton Pass
|rule|Sleep Clause Mod: Limit one foe put to sleep
|rule|Species Clause: Limit one of each PokÃ©mon
|rule|OHKO Clause: OHKO moves are banned
|rule|Moody Clause: Moody is banned
|rule|Evasion Moves Clause: Evasion moves are banned
|rule|Endless Battle Clause: Forcing endless battles is banned
|rule|HP Percentage Mod: HP is shown in percentages
|teampreview
|c|âIodic|shit, wrong team
|
|start
|switch|p1a: Garlock|Garchomp, M, shiny|357\/357
|switch|p2a: Lopunny|Lopunny, F|272\/272
|turn|1
|
|detailschange|p2a: Lopunny|Lopunny-Mega, F
|-mega|p2a: Lopunny|Lopunny|Lopunnite
|move|p2a: Lopunny|Fake Out|p1a: Garlock
|-damage|p1a: Garlock|285\/357
|-damage|p2a: Lopunny|238\/272|[from] ability: Rough Skin|[of] p1a: Garlock
|cant|p1a: Garlock|flinch
|
|turn|2
|
|switch|p1a: Gretchen|Slowbro, F|394\/394
|move|p2a: Lopunny|Work Up|p2a: Lopunny
|-boost|p2a: Lopunny|atk|1
|-boost|p2a: Lopunny|spa|1
|
|turn|3
|
|move|p2a: Lopunny|Return|p1a: Gretchen
|-damage|p1a: Gretchen|187\/394
|move|p1a: Gretchen|Thunder Wave|p2a: Lopunny
|-status|p2a: Lopunny|par
|
|-heal|p1a: Gretchen|211\/394|[from] item: Leftovers
|turn|4
|
|move|p2a: Lopunny|Return|p1a: Gretchen
|-damage|p1a: Gretchen|3\/394
|move|p1a: Gretchen|Psyshock|p2a: Lopunny
|-supereffective|p2a: Lopunny
|-damage|p2a: Lopunny|32\/272 par
|
|-heal|p1a: Gretchen|27\/394|[from] item: Leftovers
|turn|5
|
|switch|p1a: Impreza|Scizor, F|343\/343
|move|p2a: Lopunny|Return|p1a: Impreza
|-resisted|p1a: Impreza
|-damage|p1a: Impreza|201\/343
|
|turn|6
|
|move|p1a: Impreza|U-turn|p2a: Lopunny
|-resisted|p2a: Lopunny
|-damage|p2a: Lopunny|0 fnt
|faint|p2a: Lopunny
|
|switch|p1a: Gretchen|Slowbro, F|158\/394
|
|-heal|p1a: Gretchen|182\/394|[from] item: Leftovers
|
|switch|p2a: Azelf|Azelf|292\/292
|turn|7
|
|move|p2a: Azelf|Knock Off|p1a: Gretchen
|-supereffective|p1a: Gretchen
|-damage|p1a: Gretchen|30\/394
|-enditem|p1a: Gretchen|Leftovers|[from] move: Knock Off|[of] p2a: Azelf
|move|p1a: Gretchen|Thunder Wave|p2a: Azelf
|-status|p2a: Azelf|par
|
|turn|8
|
|move|p1a: Gretchen|Slack Off|p1a: Gretchen
|-heal|p1a: Gretchen|227\/394
|move|p2a: Azelf|Stealth Rock|p1a: Gretchen
|-sidestart|p1: Iodic|move: Stealth Rock
|
|turn|9
|
|move|p1a: Gretchen|Thunder Wave|p2a: Azelf
|-fail|p2a: Azelf|par
|move|p2a: Azelf|Taunt|p1a: Gretchen
|-start|p1a: Gretchen|move: Taunt
|
|turn|10
|
|switch|p1a: Impreza|Scizor, F|201\/343
|-damage|p1a: Impreza|159\/343|[from] Stealth Rock
|move|p2a: Azelf|Knock Off|p1a: Impreza
|-damage|p1a: Impreza|53\/343
|-enditem|p1a: Impreza|Choice Band|[from] move: Knock Off|[of] p2a: Azelf
|
|turn|11
|
|move|p1a: Impreza|U-turn|p2a: Azelf
|-supereffective|p2a: Azelf
|-enditem|p2a: Azelf|Focus Sash
|-damage|p2a: Azelf|1\/292 par
|
|switch|p1a: Garlock|Garchomp, M, shiny|285\/357
|-damage|p1a: Garlock|263\/357|[from] Stealth Rock
|move|p2a: Azelf|Knock Off|p1a: Garlock
|-damage|p1a: Garlock|153\/357
|-damage|p2a: Azelf|0 fnt|[from] ability: Rough Skin|[of] p1a: Garlock
|faint|p2a: Azelf
|
|
|switch|p2a: Volcarona|Volcarona, F|311\/311
|turn|12
|
|move|p1a: Garlock|Earthquake|p2a: Volcarona
|-damage|p2a: Volcarona|0 fnt
|-damage|p1a: Garlock|118\/357|[from] item: Life Orb
|faint|p2a: Volcarona
|
|
|switch|p2a: Scizor|Scizor, M|331\/331
|turn|13
|
|move|p1a: Garlock|Flamethrower|p2a: Scizor
|-supereffective|p2a: Scizor
|-damage|p2a: Scizor|0 fnt
|-damage|p1a: Garlock|83\/357|[from] item: Life Orb
|faint|p2a: Scizor
|
|c|âTikonesia|wtf
|c|âTikonesia|flamethrowe
|
|switch|p2a: Latias|Latias, F|302\/302
|turn|14
|c|âIodic|I don't like missing fireblast :\/
|
|switch|p1a: Ladykiller|Sylveon, M|392\/392
|-damage|p1a: Ladykiller|343\/392|[from] Stealth Rock
|move|p2a: Latias|Substitute|p2a: Latias
|-start|p2a: Latias|Substitute
|-damage|p2a: Latias|227\/302
|
|-heal|p2a: Latias|245\/302|[from] item: Leftovers
|turn|15
|
|move|p2a: Latias|Psyshock|p1a: Ladykiller
|-damage|p1a: Ladykiller|171\/392
|move|p1a: Ladykiller|Hyper Voice|p2a: Latias
|-supereffective|p2a: Latias
|-damage|p2a: Latias|0 fnt
|faint|p2a: Latias
|
|
|switch|p2a: Lucario|Lucario, F|282\/282
|turn|16
|
|move|p2a: Lucario|Extreme Speed|p1a: Ladykiller
|-damage|p1a: Ladykiller|27\/392
|-damage|p2a: Lucario|254\/282|[from] item: Life Orb
|move|p1a: Ladykiller|Hyper Voice|p2a: Lucario
|-damage|p2a: Lucario|0 fnt
|faint|p2a: Lucario
|
|win|Iodic
|raw|Ladder updating...
|raw|Iodic's rating: 1510 &rarr; <strong>1537<\/strong><br \/>(+27 for winning)
|raw|Tikonesia's rating: 1639 &rarr; <strong>1612<\/strong><br \/>(-27 for losing)
|c|âIodic|gg
|leave|Tikonesia
|player|p2