|join|Iodic
|join|Agilis
|player|p1|Iodic|264
|player|p2|Agilis|210
|gametype|singles
|gen|6
|tier|OU
|rated
|clearpoke
|poke|p1|Sylveon, F
|poke|p1|Slowbro, M
|poke|p1|Scizor, M
|poke|p1|Lopunny, F, shiny
|poke|p1|Serperior, F
|poke|p1|Infernape, M
|poke|p2|Venusaur, F
|poke|p2|Azumarill, F
|poke|p2|Heatran, M
|poke|p2|Hawlucha, M
|poke|p2|Tyranitar, F
|poke|p2|Excadrill, M
|rule|Swagger Clause: Swagger is banned
|rule|Baton Pass Clause: Limit one PokÃ©mon knowing Baton Pass
|rule|Sleep Clause Mod: Limit one foe put to sleep
|rule|Species Clause: Limit one of each PokÃ©mon
|rule|OHKO Clause: OHKO moves are banned
|rule|Moody Clause: Moody is banned
|rule|Evasion Moves Clause: Evasion moves are banned
|rule|Endless Battle Clause: Forcing endless battles is banned
|rule|HP Percentage Mod: HP is shown in percentages
|teampreview
|
|start
|switch|p1a: Mao|Infernape, M|293\/293
|switch|p2a: Heatran|Heatran, M|326\/326
|-item|p2a: Heatran|Air Balloon
|turn|1
|
|move|p1a: Mao|Close Combat|p2a: Heatran
|-supereffective|p2a: Heatran
|-damage|p2a: Heatran|0 fnt
|-enditem|p2a: Heatran|Air Balloon
|-unboost|p1a: Mao|def|1
|-unboost|p1a: Mao|spd|1
|faint|p2a: Heatran
|
|
|switch|p2a: Azumarill|Azumarill, F|351\/351
|turn|2
|
|switch|p1a: Victoria|Serperior, F|353\/353
|move|p2a: Azumarill|Play Rough|p1a: Victoria
|-damage|p1a: Victoria|209\/353
|
|turn|3
|
|switch|p2a: Venusaur|Venusaur, F|321\/321
|move|p1a: Victoria|Reflect|p1a: Victoria
|-sidestart|p1: Iodic|Reflect
|
|turn|4
|
|switch|p1a: Stalin|Scizor, M|343\/343
|detailschange|p2a: Venusaur|Venusaur-Mega, F
|-mega|p2a: Venusaur|Venusaur|Venusaurite
|move|p2a: Venusaur|Sludge Bomb|p1a: Stalin
|-immune|p1a: Stalin|[msg]
|
|turn|5
|
|move|p2a: Venusaur|Hidden Power|p1a: Stalin
|-supereffective|p1a: Stalin
|-damage|p1a: Stalin|0 fnt
|faint|p1a: Stalin
|
|
|switch|p1a: Henry|Slowbro, M|394\/394
|turn|6
|
|move|p2a: Venusaur|Giga Drain|p1a: Henry
|-supereffective|p1a: Henry
|-damage|p1a: Henry|62\/394
|move|p1a: Henry|Thunder Wave|p2a: Venusaur
|-status|p2a: Venusaur|par
|
|-heal|p1a: Henry|86\/394|[from] item: Leftovers
|turn|7
|
|move|p1a: Henry|Psychic|p2a: Venusaur
|-supereffective|p2a: Venusaur
|-damage|p2a: Venusaur|123\/321 par
|move|p2a: Venusaur|Sludge Bomb|p1a: Henry
|-damage|p1a: Henry|0 fnt
|faint|p1a: Henry
|
|
|switch|p1a: Mao|Infernape, M|293\/293
|turn|8
|
|switch|p2a: Azumarill|Azumarill, F|351\/351
|move|p1a: Mao|Overheat|p2a: Azumarill
|-resisted|p2a: Azumarill
|-damage|p2a: Azumarill|307\/351
|-unboost|p1a: Mao|spa|2
|
|turn|9
|
|switch|p1a: Victoria|Serperior, F|209\/353
|move|p2a: Azumarill|Play Rough|p1a: Victoria
|-damage|p1a: Victoria|135\/353
|
|turn|10
|
|switch|p2a: Venusaur|Venusaur-Mega, F|123\/321 par
|move|p1a: Victoria|Light Screen|p1a: Victoria
|-sidestart|p1: Iodic|move: Light Screen
|
|-sideend|p1: Iodic|Reflect
|turn|11
|
|move|p1a: Victoria|Reflect|p1a: Victoria
|-sidestart|p1: Iodic|Reflect
|move|p2a: Venusaur|Synthesis|p2a: Venusaur
|-heal|p2a: Venusaur|283\/321 par
|
|turn|12
|
|switch|p1a: Catherine|Sylveon, F|392\/392
|cant|p2a: Venusaur|par
|
|turn|13
|
|move|p1a: Catherine|Psyshock|p2a: Venusaur
|-supereffective|p2a: Venusaur
|-damage|p2a: Venusaur|65\/321 par
|move|p2a: Venusaur|Sludge Bomb|p1a: Catherine
|-supereffective|p1a: Catherine
|-damage|p1a: Catherine|247\/392
|
|turn|14
|
|switch|p1a: Diana|Lopunny, F, shiny|272\/272
|switch|p2a: Tyranitar|Tyranitar, F|346\/346
|-weather|Sandstorm
|
|-weather|Sandstorm|[upkeep]
|-damage|p1a: Diana|255\/272|[from] sandstorm
|turn|15
|
|switch|p2a: Venusaur|Venusaur-Mega, F|65\/321 par
|detailschange|p1a: Diana|Lopunny-Mega, F, shiny
|-mega|p1a: Diana|Lopunny|Lopunnite
|move|p1a: Diana|Power-Up Punch|p2a: Venusaur
|-resisted|p2a: Venusaur
|-damage|p2a: Venusaur|34\/321 par
|-boost|p1a: Diana|atk|1
|
|-weather|Sandstorm|[upkeep]
|-damage|p1a: Diana|238\/272|[from] sandstorm
|-damage|p2a: Venusaur|14\/321 par|[from] sandstorm
|turn|16
|
|move|p1a: Diana|Power-Up Punch|p2a: Venusaur
|-resisted|p2a: Venusaur
|-damage|p2a: Venusaur|0 fnt
|-boost|p1a: Diana|atk|1
|faint|p2a: Venusaur
|
|-weather|Sandstorm|[upkeep]
|-damage|p1a: Diana|221\/272|[from] sandstorm
|
|switch|p2a: Excadrill|Excadrill, M|361\/361
|turn|17
|
|move|p2a: Excadrill|Earthquake|p1a: Diana
|-damage|p1a: Diana|76\/272
|-damage|p2a: Excadrill|325\/361|[from] item: Life Orb
|move|p1a: Diana|Drain Punch|p2a: Excadrill
|-supereffective|p2a: Excadrill
|-damage|p2a: Excadrill|0 fnt
|-heal|p1a: Diana|239\/272|[from] drain|[of] p2a: Excadrill
|faint|p2a: Excadrill
|
|-weather|Sandstorm|[upkeep]
|-damage|p1a: Diana|222\/272|[from] sandstorm
|-sideend|p1: Iodic|move: Light Screen
|
|switch|p2a: Hawlucha|Hawlucha, M|299\/299
|turn|18
|
|switch|p2a: Tyranitar|Tyranitar, F|346\/346
|move|p1a: Diana|Return|p2a: Tyranitar
|-resisted|p2a: Tyranitar
|-damage|p2a: Tyranitar|170\/346
|
|-weather|none
|-sideend|p1: Iodic|Reflect
|turn|19
|
|move|p1a: Diana|Drain Punch|p2a: Tyranitar
|-supereffective|p2a: Tyranitar
|-damage|p2a: Tyranitar|0 fnt
|-heal|p1a: Diana|272\/272|[from] drain|[of] p2a: Tyranitar
|faint|p2a: Tyranitar
|
|
|switch|p2a: Hawlucha|Hawlucha, M|299\/299
|turn|20
|
|move|p1a: Diana|Return|p2a: Hawlucha
|-damage|p2a: Hawlucha|0 fnt
|faint|p2a: Hawlucha
|
|-message|Agilis forfeited.
|leave|Agilis
|
|win|Iodic
|raw|Ladder updating...
|player|p2