|join|Arogar
|join|Iodic
|player|p1|Arogar|170
|player|p2|Iodic|264
|gametype|singles
|gen|6
|tier|OU
|rated
|clearpoke
|poke|p1|Gallade, M
|poke|p1|Heatran, F
|poke|p1|Breloom, F
|poke|p1|Scizor, M
|poke|p1|Talonflame, F
|poke|p1|Slowbro, M
|poke|p2|Sylveon, M
|poke|p2|Slowbro, F
|poke|p2|Scizor, F
|poke|p2|Garchomp, M, shiny
|poke|p2|Rotom-Wash
|poke|p2|Lopunny, M
|rule|Swagger Clause: Swagger is banned
|rule|Baton Pass Clause: Limit one PokÃ©mon knowing Baton Pass
|rule|Sleep Clause Mod: Limit one foe put to sleep
|rule|Species Clause: Limit one of each PokÃ©mon
|rule|OHKO Clause: OHKO moves are banned
|rule|Moody Clause: Moody is banned
|rule|Evasion Moves Clause: Evasion moves are banned
|rule|Endless Battle Clause: Forcing endless battles is banned
|rule|HP Percentage Mod: HP is shown in percentages
|teampreview
|
|start
|switch|p1a: Breloom|Breloom, F|261\/261
|switch|p2a: Garlock|Garchomp, M, shiny|357\/357
|turn|1
|
|move|p2a: Garlock|Stealth Rock|p1a: Breloom
|-sidestart|p1: Arogar|move: Stealth Rock
|move|p1a: Breloom|Bullet Seed|p2a: Garlock
|-damage|p2a: Garlock|287\/357
|-damage|p2a: Garlock|214\/357
|-damage|p2a: Garlock|139\/357
|-hitcount|p2a: Garlock|3
|
|turn|2
|
|move|p2a: Garlock|Flamethrower|p1a: Breloom
|-supereffective|p1a: Breloom
|-damage|p1a: Breloom|14\/261
|-damage|p2a: Garlock|104\/357|[from] item: Life Orb
|move|p1a: Breloom|Bullet Seed|p2a: Garlock
|-damage|p2a: Garlock|31\/357
|-damage|p2a: Garlock|0 fnt
|-hitcount|p2a: Garlock|2
|faint|p2a: Garlock
|
|
|switch|p2a: Impreza|Scizor, F|343\/343
|turn|3
|join|ulcer
|
|move|p1a: Breloom|Mach Punch|p2a: Impreza
|-damage|p2a: Impreza|234\/343
|move|p2a: Impreza|U-turn|p1a: Breloom
|-damage|p1a: Breloom|0 fnt
|faint|p1a: Breloom
|
|switch|p2a: Ecto|Rotom-Wash|304\/304
|
|
|switch|p1a: Heatran|Heatran, F|385\/385
|-damage|p1a: Heatran|337\/385|[from] Stealth Rock
|turn|4
|
|move|p2a: Ecto|Hydro Pump|p1a: Heatran
|-supereffective|p1a: Heatran
|-damage|p1a: Heatran|143\/385
|move|p1a: Heatran|Stealth Rock|p2a: Ecto
|-sidestart|p2: Iodic|move: Stealth Rock
|
|-heal|p1a: Heatran|167\/385|[from] item: Leftovers
|turn|5
|
|switch|p1a: Slowbro|Slowbro, M|393\/393
|-damage|p1a: Slowbro|344\/393|[from] Stealth Rock
|move|p2a: Ecto|Hydro Pump|p1a: Slowbro|[miss]
|-miss|p2a: Ecto|p1a: Slowbro
|
|-heal|p1a: Slowbro|368\/393|[from] item: Leftovers
|turn|6
|
|switch|p1a: Heatran|Heatran, F|167\/385
|-damage|p1a: Heatran|119\/385|[from] Stealth Rock
|move|p2a: Ecto|Volt Switch|p1a: Heatran
|-damage|p1a: Heatran|59\/385
|
|switch|p2a: Prince|Lopunny, M|272\/272
|-damage|p2a: Prince|238\/272|[from] Stealth Rock
|
|-heal|p1a: Heatran|83\/385|[from] item: Leftovers
|turn|7
|
|detailschange|p2a: Prince|Lopunny-Mega, M
|-mega|p2a: Prince|Lopunny|Lopunnite
|move|p2a: Prince|Power-Up Punch|p1a: Heatran
|-supereffective|p1a: Heatran
|-damage|p1a: Heatran|0 fnt
|-boost|p2a: Prince|atk|1
|faint|p1a: Heatran
|
|
|switch|p1a: Talonflame|Talonflame, F|297\/297
|-damage|p1a: Talonflame|149\/297|[from] Stealth Rock
|turn|8
|
|switch|p2a: Gretchen|Slowbro, F|394\/394
|-damage|p2a: Gretchen|345\/394|[from] Stealth Rock
|move|p1a: Talonflame|Swords Dance|p1a: Talonflame
|-boost|p1a: Talonflame|atk|2
|
|-heal|p1a: Talonflame|167\/297|[from] item: Leftovers
|-heal|p2a: Gretchen|369\/394|[from] item: Leftovers
|turn|9
|
|move|p1a: Talonflame|Brave Bird|p2a: Gretchen
|-crit|p2a: Gretchen
|-damage|p2a: Gretchen|0 fnt
|-damage|p1a: Talonflame|45\/297|[from] recoil|[of] p2a: Gretchen
|faint|p2a: Gretchen
|
|-heal|p1a: Talonflame|63\/297|[from] item: Leftovers
|
|switch|p2a: Prince|Lopunny-Mega, M|238\/272
|-damage|p2a: Prince|221\/272|[from] Stealth Rock
|turn|10
|
|move|p2a: Prince|Fake Out|p1a: Talonflame
|-damage|p1a: Talonflame|0 fnt
|faint|p1a: Talonflame
|
|
|switch|p1a: Gallade|Gallade, M|277\/277
|-damage|p1a: Gallade|260\/277|[from] Stealth Rock
|turn|11
|
|detailschange|p1a: Gallade|Gallade-Mega, M
|-mega|p1a: Gallade|Gallade|Galladite
|move|p2a: Prince|Return|p1a: Gallade
|-damage|p1a: Gallade|80\/277
|move|p1a: Gallade|Close Combat|p2a: Prince
|-supereffective|p2a: Prince
|-damage|p2a: Prince|0 fnt
|-unboost|p1a: Gallade|def|1
|-unboost|p1a: Gallade|spd|1
|faint|p2a: Prince
|
|
|switch|p2a: Impreza|Scizor, F|234\/343
|-damage|p2a: Impreza|192\/343|[from] Stealth Rock
|turn|12
|
|switch|p1a: Scizor|Scizor, M|343\/343
|-damage|p1a: Scizor|301\/343|[from] Stealth Rock
|move|p2a: Impreza|Bullet Punch|p1a: Scizor
|-resisted|p1a: Scizor
|-damage|p1a: Scizor|222\/343
|
|turn|13
|
|switch|p2a: Ladykiller|Sylveon, M|392\/392
|-damage|p2a: Ladykiller|343\/392|[from] Stealth Rock
|move|p1a: Scizor|Superpower|p2a: Ladykiller
|-resisted|p2a: Ladykiller
|-damage|p2a: Ladykiller|208\/392
|-unboost|p1a: Scizor|atk|1
|-unboost|p1a: Scizor|def|1
|-damage|p1a: Scizor|188\/343|[from] item: Life Orb
|
|turn|14
|
|switch|p2a: Ecto|Rotom-Wash|304\/304
|-damage|p2a: Ecto|266\/304|[from] Stealth Rock
|move|p1a: Scizor|Bullet Punch|p2a: Ecto
|-resisted|p2a: Ecto
|-damage|p2a: Ecto|241\/304
|-damage|p1a: Scizor|154\/343|[from] item: Life Orb
|
|-heal|p2a: Ecto|260\/304|[from] item: Leftovers
|turn|15
|
|switch|p1a: Slowbro|Slowbro, M|393\/393
|-damage|p1a: Slowbro|344\/393|[from] Stealth Rock
|move|p2a: Ecto|Will-O-Wisp|p1a: Slowbro
|-status|p1a: Slowbro|brn
|
|-heal|p2a: Ecto|279\/304|[from] item: Leftovers
|-heal|p1a: Slowbro|368\/393 brn|[from] item: Leftovers
|-damage|p1a: Slowbro|319\/393 brn|[from] brn
|turn|16
|
|move|p2a: Ecto|Volt Switch|p1a: Slowbro
|-supereffective|p1a: Slowbro
|-damage|p1a: Slowbro|119\/393 brn
|
|switch|p2a: Ladykiller|Sylveon, M|208\/392
|-damage|p2a: Ladykiller|159\/392|[from] Stealth Rock
|move|p1a: Slowbro|Psyshock|p2a: Ladykiller
|-damage|p2a: Ladykiller|0 fnt
|faint|p2a: Ladykiller
|
|-heal|p1a: Slowbro|143\/393 brn|[from] item: Leftovers
|-damage|p1a: Slowbro|94\/393 brn|[from] brn
|
|switch|p2a: Impreza|Scizor, F|192\/343
|-damage|p2a: Impreza|150\/343|[from] Stealth Rock
|turn|17
|
|move|p2a: Impreza|U-turn|p1a: Slowbro
|-supereffective|p1a: Slowbro
|-damage|p1a: Slowbro|0 fnt
|faint|p1a: Slowbro
|
|switch|p2a: Ecto|Rotom-Wash|279\/304
|-damage|p2a: Ecto|241\/304|[from] Stealth Rock
|
|-heal|p2a: Ecto|260\/304|[from] item: Leftovers
|
|switch|p1a: Gallade|Gallade-Mega, M|80\/277
|-damage|p1a: Gallade|63\/277|[from] Stealth Rock
|turn|18
|leave|ulcer
|
|move|p1a: Gallade|Close Combat|p2a: Ecto
|-damage|p2a: Ecto|13\/304
|-unboost|p1a: Gallade|def|1
|-unboost|p1a: Gallade|spd|1
|move|p2a: Ecto|Hydro Pump|p1a: Gallade
|-damage|p1a: Gallade|0 fnt
|faint|p1a: Gallade
|
|-heal|p2a: Ecto|32\/304|[from] item: Leftovers
|
|switch|p1a: Scizor|Scizor, M|154\/343
|-damage|p1a: Scizor|112\/343|[from] Stealth Rock
|turn|19
|
|move|p2a: Ecto|Will-O-Wisp|p1a: Scizor
|-status|p1a: Scizor|brn
|move|p1a: Scizor|Bug Bite|p2a: Ecto
|-damage|p2a: Ecto|0 fnt
|-damage|p1a: Scizor|78\/343 brn|[from] item: Life Orb
|faint|p2a: Ecto
|
|-damage|p1a: Scizor|36\/343 brn|[from] brn
|
|switch|p2a: Impreza|Scizor, F|150\/343
|-damage|p2a: Impreza|108\/343|[from] Stealth Rock
|turn|20
|
|move|p2a: Impreza|Bullet Punch|p1a: Scizor
|-resisted|p1a: Scizor
|-damage|p1a: Scizor|0 fnt
|faint|p1a: Scizor
|
|win|Iodic
|raw|Ladder updating...
|raw|Arogar's rating: 1571 &rarr; <strong>1543<\/strong><br \/>(-28 for losing)
|raw|Iodic's rating: 1410 &rarr; <strong>1438<\/strong><br \/>(+28 for winning)
|c|âIodic|gg
|leave|Arogar
|player|p1