|join|Iodic
|join|khalini
|player|p1|Iodic|264
|player|p2|khalini|266
|gametype|singles
|gen|6
|tier|OU
|rated
|clearpoke
|poke|p1|Sylveon, F
|poke|p1|Slowbro, M
|poke|p1|Scizor, M
|poke|p1|Lopunny, F, shiny
|poke|p1|Serperior, F
|poke|p1|Infernape, M
|poke|p2|Sceptile, M
|poke|p2|Kyurem-Black
|poke|p2|Jirachi
|poke|p2|Togekiss, F
|poke|p2|Victini
|poke|p2|Zapdos
|rule|Swagger Clause: Swagger is banned
|rule|Baton Pass Clause: Limit one PokÃ©mon knowing Baton Pass
|rule|Sleep Clause Mod: Limit one foe put to sleep
|rule|Species Clause: Limit one of each PokÃ©mon
|rule|OHKO Clause: OHKO moves are banned
|rule|Moody Clause: Moody is banned
|rule|Evasion Moves Clause: Evasion moves are banned
|rule|Endless Battle Clause: Forcing endless battles is banned
|rule|HP Percentage Mod: HP is shown in percentages
|teampreview
|
|start
|switch|p1a: Mao|Infernape, M|293\/293
|switch|p2a: Victini|Victini|359\/359
|turn|1
|
|move|p1a: Mao|Stealth Rock|p2a: Victini
|-sidestart|p2: khalini|move: Stealth Rock
|move|p2a: Victini|Psychic|p1a: Mao
|-supereffective|p1a: Mao
|-enditem|p1a: Mao|Focus Sash
|-damage|p1a: Mao|1\/293
|
|turn|2
|
|switch|p2a: Jirachi|Jirachi|341\/341
|-damage|p2a: Jirachi|320\/341|[from] Stealth Rock
|move|p1a: Mao|Endeavor|p2a: Jirachi
|-damage|p2a: Jirachi|1\/341
|
|turn|3
|
|move|p2a: Jirachi|Body Slam|p1a: Mao
|-damage|p1a: Mao|0 fnt
|faint|p1a: Mao
|
|
|switch|p1a: Henry|Slowbro, M|394\/394
|turn|4
|
|move|p2a: Jirachi|Body Slam|p1a: Henry
|-damage|p1a: Henry|333\/394
|move|p1a: Henry|Toxic|p2a: Jirachi
|-fail|p2a: Jirachi
|
|-heal|p1a: Henry|357\/394|[from] item: Leftovers
|turn|5
|
|move|p2a: Jirachi|Body Slam|p1a: Henry
|-damage|p1a: Henry|295\/394
|move|p1a: Henry|Scald|p2a: Jirachi
|-damage|p2a: Jirachi|0 fnt
|faint|p2a: Jirachi
|
|-heal|p1a: Henry|319\/394|[from] item: Leftovers
|
|switch|p2a: Zapdos|Zapdos|383\/383
|-damage|p2a: Zapdos|288\/383|[from] Stealth Rock
|-ability|p2a: Zapdos|Pressure
|turn|6
|
|switch|p1a: Victoria|Serperior, F|353\/353
|move|p2a: Zapdos|Defog|p1a: Victoria
|-boost|p1a: Victoria|evasion|1
|-sideend|p2: khalini|Stealth Rock|[from] move: Defog|[of] p2a: Zapdos
|
|-heal|p2a: Zapdos|311\/383|[from] item: Leftovers
|turn|7
|
|move|p1a: Victoria|Light Screen|p1a: Victoria
|-sidestart|p1: Iodic|move: Light Screen
|move|p2a: Zapdos|Volt Switch|p1a: Victoria
|-resisted|p1a: Victoria
|-damage|p1a: Victoria|328\/353
|
|switch|p2a: Kyurem-Black|Kyurem-Black|391\/391
|-ability|p2a: Kyurem-Black|Teravolt
|
|turn|8
|
|move|p2a: Kyurem-Black|Outrage|p1a: Victoria|[miss]
|-miss|p2a: Kyurem-Black|p1a: Victoria
|move|p1a: Victoria|Leech Seed|p2a: Kyurem-Black
|-start|p2a: Kyurem-Black|move: Leech Seed
|
|-damage|p2a: Kyurem-Black|343\/391|[from] Leech Seed|[of] p1a: Victoria
|-heal|p1a: Victoria|353\/353|[silent]
|turn|9
|
|switch|p2a: Togekiss|Togekiss, F|331\/331
|move|p1a: Victoria|Reflect|p1a: Victoria
|-sidestart|p1: Iodic|Reflect
|
|turn|10
|
|move|p1a: Victoria|Leech Seed|p2a: Togekiss
|-start|p2a: Togekiss|move: Leech Seed
|move|p2a: Togekiss|Fire Blast|p1a: Victoria|[miss]
|-miss|p2a: Togekiss|p1a: Victoria
|
|-damage|p2a: Togekiss|290\/331|[from] Leech Seed|[of] p1a: Victoria
|turn|11
|
|move|p1a: Victoria|Leaf Storm|p2a: Togekiss
|-resisted|p2a: Togekiss
|-damage|p2a: Togekiss|232\/331
|-boost|p1a: Victoria|spa|2
|move|p2a: Togekiss|Air Slash|p1a: Victoria
|-supereffective|p1a: Victoria
|-damage|p1a: Victoria|209\/353
|
|-heal|p2a: Togekiss|252\/331|[from] item: Leftovers
|-damage|p2a: Togekiss|211\/331|[from] Leech Seed|[of] p1a: Victoria
|-heal|p1a: Victoria|250\/353|[silent]
|turn|12
|
|switch|p2a: Zapdos|Zapdos|311\/383
|-ability|p2a: Zapdos|Pressure
|move|p1a: Victoria|Leaf Storm|p2a: Zapdos
|-resisted|p2a: Zapdos
|-damage|p2a: Zapdos|189\/383
|-boost|p1a: Victoria|spa|2
|
|-heal|p2a: Zapdos|212\/383|[from] item: Leftovers
|turn|13
|
|move|p1a: Victoria|Leech Seed|p2a: Zapdos
|-start|p2a: Zapdos|move: Leech Seed
|move|p2a: Zapdos|Heat Wave|p1a: Victoria
|-supereffective|p1a: Victoria
|-damage|p1a: Victoria|152\/353
|
|-heal|p2a: Zapdos|235\/383|[from] item: Leftovers
|-damage|p2a: Zapdos|188\/383|[from] Leech Seed|[of] p1a: Victoria
|-heal|p1a: Victoria|199\/353|[silent]
|turn|14
|
|switch|p2a: Togekiss|Togekiss, F|211\/331
|move|p1a: Victoria|Leaf Storm|p2a: Togekiss
|-resisted|p2a: Togekiss
|-damage|p2a: Togekiss|44\/331
|-boost|p1a: Victoria|spa|2
|
|-heal|p2a: Togekiss|64\/331|[from] item: Leftovers
|-sideend|p1: Iodic|move: Light Screen
|turn|15
|
|move|p1a: Victoria|Light Screen|p1a: Victoria
|-sidestart|p1: Iodic|move: Light Screen
|move|p2a: Togekiss|Air Slash|p1a: Victoria|[miss]
|-miss|p2a: Togekiss|p1a: Victoria
|
|-heal|p2a: Togekiss|84\/331|[from] item: Leftovers
|turn|16
|
|move|p1a: Victoria|Leaf Storm|p2a: Togekiss
|-resisted|p2a: Togekiss
|-damage|p2a: Togekiss|0 fnt
|faint|p2a: Togekiss
|
|-sideend|p1: Iodic|Reflect
|
|switch|p2a: Kyurem-Black|Kyurem-Black|343\/391
|-ability|p2a: Kyurem-Black|Teravolt
|turn|17
|
|move|p2a: Kyurem-Black|Ice Beam|p1a: Victoria|[miss]
|-miss|p2a: Kyurem-Black|p1a: Victoria
|move|p1a: Victoria|Reflect|p1a: Victoria
|-sidestart|p1: Iodic|Reflect
|
|turn|18
|
|move|p2a: Kyurem-Black|Ice Beam|p1a: Victoria
|-supereffective|p1a: Victoria
|-damage|p1a: Victoria|67\/353
|move|p1a: Victoria|Leaf Storm|p2a: Kyurem-Black|[miss]
|-miss|p1a: Victoria|p2a: Kyurem-Black
|
|turn|19
|
|move|p2a: Kyurem-Black|Ice Beam|p1a: Victoria|[miss]
|-miss|p2a: Kyurem-Black|p1a: Victoria
|move|p1a: Victoria|Leaf Storm|p2a: Kyurem-Black
|-resisted|p2a: Kyurem-Black
|-damage|p2a: Kyurem-Black|73\/391
|
|turn|20
|leave|khalini
|player|p2
|-message|khalini lost due to inactivity.
|
|win|Iodic
|raw|Ladder updating...
|raw|Iodic's rating: 1521 &rarr; <strong>1544<\/strong><br \/>(+23 for winning)
|raw|khalini's rating: 1564 &rarr; <strong>1542<\/strong><br \/>(-22 for losing)