|join|Iodic
|join|Paul Enis
|player|p1|Iodic|264
|player|p2|Paul Enis|226
|gametype|singles
|gen|6
|tier|OU
|rated
|clearpoke
|poke|p1|Excadrill, F
|poke|p1|Azumarill, F
|poke|p1|Talonflame, F
|poke|p1|Garchomp, M
|poke|p1|Serperior, F
|poke|p1|Metagross
|poke|p2|Latios, M
|poke|p2|Pinsir, F
|poke|p2|Landorus-Therian, M
|poke|p2|Thundurus-Therian, M
|poke|p2|Skarmory, F
|poke|p2|Umbreon, F
|rule|Swagger Clause: Swagger is banned
|rule|Baton Pass Clause: Limit one PokÃ©mon knowing Baton Pass
|rule|Sleep Clause Mod: Limit one foe put to sleep
|rule|Species Clause: Limit one of each PokÃ©mon
|rule|OHKO Clause: OHKO moves are banned
|rule|Moody Clause: Moody is banned
|rule|Evasion Moves Clause: Evasion moves are banned
|rule|Endless Battle Clause: Forcing endless battles is banned
|rule|HP Percentage Mod: HP is shown in percentages
|teampreview
|
|start
|switch|p1a: Garchomp|Garchomp, M|420\/420
|switch|p2a: Landorus-Therian|Landorus-Therian, M|319\/319
|-ability|p2a: Landorus-Therian|Intimidate|[of] p1a: Garchomp
|-unboost|p1a: Garchomp|atk|1
|turn|1
|
|move|p2a: Landorus-Therian|U-turn|p1a: Garchomp
|-damage|p1a: Garchomp|350\/420
|-damage|p2a: Landorus-Therian|280\/319|[from] ability: Rough Skin|[of] p1a: Garchomp
|-damage|p2a: Landorus-Therian|227\/319|[from] item: Rocky Helmet|[of] p1a: Garchomp
|
|switch|p2a: Thundurus-Therian|Thundurus-Therian, M|299\/299
|move|p1a: Garchomp|Stealth Rock|p2a: Thundurus-Therian
|-sidestart|p2: Paul Enis|move: Stealth Rock
|
|turn|2
|
|switch|p1a: Excadrill|Excadrill, F|412\/412
|-ability|p1a: Excadrill|Mold Breaker
|move|p2a: Thundurus-Therian|Hidden Power|p1a: Excadrill
|-damage|p1a: Excadrill|355\/412
|
|turn|3
|
|switch|p2a: Skarmory|Skarmory, F|333\/333
|-damage|p2a: Skarmory|292\/333|[from] Stealth Rock
|move|p1a: Excadrill|Rock Slide|p2a: Skarmory
|-damage|p2a: Skarmory|239\/333
|
|turn|4
|
|switch|p1a: Garchomp|Garchomp, M|350\/420
|move|p2a: Skarmory|Stealth Rock|p1a: Garchomp
|-sidestart|p1: Iodic|move: Stealth Rock
|
|turn|5
|
|move|p1a: Garchomp|Flamethrower|p2a: Skarmory
|-supereffective|p2a: Skarmory
|-damage|p2a: Skarmory|71\/333
|move|p2a: Skarmory|Whirlwind|p1a: Garchomp
|drag|p1a: Metagross|Metagross|301\/301
|-damage|p1a: Metagross|283\/301|[from] Stealth Rock
|
|turn|6
|
|detailschange|p1a: Metagross|Metagross-Mega
|-mega|p1a: Metagross|Metagross|Metagrossite
|move|p1a: Metagross|Hammer Arm|p2a: Skarmory
|-damage|p2a: Skarmory|0 fnt
|-unboost|p1a: Metagross|spe|1
|faint|p2a: Skarmory
|
|
|switch|p2a: Landorus-Therian|Landorus-Therian, M|227\/319
|-damage|p2a: Landorus-Therian|188\/319|[from] Stealth Rock
|-ability|p2a: Landorus-Therian|Intimidate|[of] p1a: Metagross
|-unboost|p1a: Metagross|atk|1
|turn|7
|c|âPaul Enis|hmm not too happy with this team
|
|switch|p1a: Garchomp|Garchomp, M|350\/420
|-damage|p1a: Garchomp|324\/420|[from] Stealth Rock
|move|p2a: Landorus-Therian|Earthquake|p1a: Garchomp
|-damage|p1a: Garchomp|170\/420
|
|turn|8
|c|âIodic|this is a new team on my end too
|
|switch|p2a: Thundurus-Therian|Thundurus-Therian, M|299\/299
|-damage|p2a: Thundurus-Therian|225\/299|[from] Stealth Rock
|move|p1a: Garchomp|Flamethrower|p2a: Thundurus-Therian
|-damage|p2a: Thundurus-Therian|155\/299
|
|turn|9
|
|move|p2a: Thundurus-Therian|Focus Blast|p1a: Garchomp
|-damage|p1a: Garchomp|3\/420
|move|p1a: Garchomp|Dragon Tail|p2a: Thundurus-Therian|[miss]
|-miss|p1a: Garchomp|p2a: Thundurus-Therian
|
|turn|10
|c|âPaul Enis|D:
|
|move|p2a: Thundurus-Therian|Focus Blast|p1a: Garchomp
|-damage|p1a: Garchomp|0 fnt
|faint|p1a: Garchomp
|
|
|switch|p1a: Metagross|Metagross-Mega|283\/301
|-damage|p1a: Metagross|265\/301|[from] Stealth Rock
|turn|11
|
|move|p2a: Thundurus-Therian|Focus Blast|p1a: Metagross
|-damage|p1a: Metagross|103\/301
|move|p1a: Metagross|Zen Headbutt|p2a: Thundurus-Therian|[miss]
|-miss|p1a: Metagross|p2a: Thundurus-Therian
|
|turn|12
|c|âIodic|kek
|c|âPaul Enis|wow
|
|switch|p1a: Talonflame|Talonflame, F|359\/359
|-damage|p1a: Talonflame|180\/359|[from] Stealth Rock
|move|p2a: Thundurus-Therian|Focus Blast|p1a: Talonflame|[miss]
|-miss|p2a: Thundurus-Therian|p1a: Talonflame
|
|-heal|p1a: Talonflame|202\/359|[from] item: Leftovers
|turn|13
|
|move|p2a: Thundurus-Therian|Focus Blast|p1a: Talonflame
|-crit|p1a: Talonflame
|-resisted|p1a: Talonflame
|-damage|p1a: Talonflame|104\/359
|move|p1a: Talonflame|Swords Dance|p1a: Talonflame
|-boost|p1a: Talonflame|atk|2
|
|-heal|p1a: Talonflame|126\/359|[from] item: Leftovers
|turn|14
|
|move|p1a: Talonflame|Roost|p1a: Talonflame
|-heal|p1a: Talonflame|306\/359
|move|p2a: Thundurus-Therian|Focus Blast|p1a: Talonflame|[miss]
|-miss|p2a: Thundurus-Therian|p1a: Talonflame
|
|-heal|p1a: Talonflame|328\/359|[from] item: Leftovers
|turn|15
|
|move|p2a: Thundurus-Therian|Focus Blast|p1a: Talonflame
|-resisted|p1a: Talonflame
|-damage|p1a: Talonflame|252\/359
|move|p1a: Talonflame|Swords Dance|p1a: Talonflame
|-boost|p1a: Talonflame|atk|2
|
|-heal|p1a: Talonflame|274\/359|[from] item: Leftovers
|turn|16
|
|move|p2a: Thundurus-Therian|Focus Blast|p1a: Talonflame
|-resisted|p1a: Talonflame
|-damage|p1a: Talonflame|203\/359
|move|p1a: Talonflame|Swords Dance|p1a: Talonflame
|-boost|p1a: Talonflame|atk|2
|
|-heal|p1a: Talonflame|225\/359|[from] item: Leftovers
|turn|17
|c|âPaul Enis|i have nothing for bid -.-
|
|move|p2a: Thundurus-Therian|Struggle|p1a: Talonflame
|-damage|p1a: Talonflame|176\/359
|-damage|p2a: Thundurus-Therian|81\/299
|move|p1a: Talonflame|Will-O-Wisp|p2a: Thundurus-Therian|[miss]
|-miss|p1a: Talonflame|p2a: Thundurus-Therian
|
|-heal|p1a: Talonflame|198\/359|[from] item: Leftovers
|turn|18
|
|move|p1a: Talonflame|Roost|p1a: Talonflame
|-heal|p1a: Talonflame|359\/359
|move|p2a: Thundurus-Therian|Struggle|p1a: Talonflame
|-damage|p1a: Talonflame|308\/359
|-damage|p2a: Thundurus-Therian|7\/299
|
|-heal|p1a: Talonflame|330\/359|[from] item: Leftovers
|turn|19
|c|âIodic|the struggle
|c|âIodic|is real
|c|âPaul Enis|ikr
|
|move|p1a: Talonflame|Brave Bird|p2a: Thundurus-Therian
|-crit|p2a: Thundurus-Therian
|-resisted|p2a: Thundurus-Therian
|-damage|p2a: Thundurus-Therian|0 fnt
|-damage|p1a: Talonflame|328\/359|[from] recoil|[of] p2a: Thundurus-Therian
|faint|p2a: Thundurus-Therian
|
|-heal|p1a: Talonflame|350\/359|[from] item: Leftovers
|c|âIodic|crit mattered
|c|âPaul Enis|yeah
|
|switch|p2a: Umbreon|Umbreon, F|394\/394
|-damage|p2a: Umbreon|345\/394|[from] Stealth Rock
|turn|20
|c|âPaul Enis|go for wisp
|
|move|p1a: Talonflame|Brave Bird|p2a: Umbreon
|-damage|p2a: Umbreon|0 fnt
|-damage|p1a: Talonflame|236\/359|[from] recoil|[of] p2a: Umbreon
|faint|p2a: Umbreon
|
|-heal|p1a: Talonflame|258\/359|[from] item: Leftovers
|c|âIodic|nu >:3
|c|âPaul Enis|:c
|
|switch|p2a: Latios|Latios, M|301\/301
|-damage|p2a: Latios|264\/301|[from] Stealth Rock
|turn|21
|
|move|p1a: Talonflame|Brave Bird|p2a: Latios
|-crit|p2a: Latios
|-damage|p2a: Latios|0 fnt
|-damage|p1a: Talonflame|171\/359|[from] recoil|[of] p2a: Latios
|faint|p2a: Latios
|
|-heal|p1a: Talonflame|193\/359|[from] item: Leftovers
|
|switch|p2a: Pinsir|Pinsir, F|272\/272
|-damage|p2a: Pinsir|204\/272|[from] Stealth Rock
|turn|22
|c|âIodic|inc feint
|c|âPaul Enis|feint...
|c|âPaul Enis|i might consider that
|
|detailschange|p2a: Pinsir|Pinsir-Mega, F
|-mega|p2a: Pinsir|Pinsir|Pinsirite
|move|p1a: Talonflame|Brave Bird|p2a: Pinsir
|-supereffective|p2a: Pinsir
|-damage|p2a: Pinsir|0 fnt
|-damage|p1a: Talonflame|126\/359|[from] recoil|[of] p2a: Pinsir
|faint|p2a: Pinsir
|
|-heal|p1a: Talonflame|148\/359|[from] item: Leftovers
|
|switch|p2a: Landorus-Therian|Landorus-Therian, M|188\/319
|-damage|p2a: Landorus-Therian|149\/319|[from] Stealth Rock
|-ability|p2a: Landorus-Therian|Intimidate|[of] p1a: Talonflame
|-unboost|p1a: Talonflame|atk|1
|turn|23
|c|âIodic|yeah I thought of running it specifically for talonflame
|
|move|p1a: Talonflame|Brave Bird|p2a: Landorus-Therian
|-damage|p2a: Landorus-Therian|0 fnt
|-damage|p1a: Talonflame|99\/359|[from] recoil|[of] p2a: Landorus-Therian
|faint|p2a: Landorus-Therian
|
|win|Iodic
|raw|Ladder updating...
|raw|Iodic's rating: 1487 &rarr; <strong>1502<\/strong><br \/>(+15 for winning)
|raw|Paul Enis's rating: 1395 &rarr; <strong>1380<\/strong><br \/>(-15 for losing)
|c|âIodic|so weak though
|c|âIodic|gg