|join|ComedyShorts here
|join|Iodic
|player|p1|ComedyShorts here|102
|player|p2|Iodic|264
|gametype|singles
|gen|6
|tier|OU
|rated
|clearpoke
|poke|p1|Bisharp, M, shiny
|poke|p1|Latios, M
|poke|p1|Rotom-Wash
|poke|p1|Magnezone, shiny
|poke|p1|Politoed, F
|poke|p1|Swampert, F, shiny
|poke|p2|Sylveon, F
|poke|p2|Slowbro, M
|poke|p2|Scizor, M
|poke|p2|Lopunny, F, shiny
|poke|p2|Serperior, F
|poke|p2|Infernape, M
|rule|Swagger Clause: Swagger is banned
|rule|Baton Pass Clause: Limit one PokÃ©mon knowing Baton Pass
|rule|Sleep Clause Mod: Limit one foe put to sleep
|rule|Species Clause: Limit one of each PokÃ©mon
|rule|OHKO Clause: OHKO moves are banned
|rule|Moody Clause: Moody is banned
|rule|Evasion Moves Clause: Evasion moves are banned
|rule|Endless Battle Clause: Forcing endless battles is banned
|rule|HP Percentage Mod: HP is shown in percentages
|teampreview
|
|start
|switch|p1a: Rotom-Wash|Rotom-Wash|304\/304
|switch|p2a: Victoria|Serperior, F|353\/353
|turn|1
|
|switch|p1a: Bisharp|Bisharp, M, shiny|272\/272
|move|p2a: Victoria|Leaf Storm|p1a: Bisharp
|-resisted|p1a: Bisharp
|-damage|p1a: Bisharp|196\/272
|-boost|p2a: Victoria|spa|2
|
|turn|2
|
|switch|p1a: Rotom-Wash|Rotom-Wash|304\/304
|move|p2a: Victoria|Reflect|p2a: Victoria
|-sidestart|p2: Iodic|Reflect
|
|turn|3
|
|move|p2a: Victoria|Leaf Storm|p1a: Rotom-Wash
|-supereffective|p1a: Rotom-Wash
|-damage|p1a: Rotom-Wash|0 fnt
|-boost|p2a: Victoria|spa|2
|faint|p1a: Rotom-Wash
|
|
|switch|p1a: Bisharp|Bisharp, M, shiny|196\/272
|turn|4
|
|move|p2a: Victoria|Leaf Storm|p1a: Bisharp
|-resisted|p1a: Bisharp
|-damage|p1a: Bisharp|0 fnt
|-boost|p2a: Victoria|spa|2
|faint|p1a: Bisharp
|
|
|switch|p1a: Magnezone|Magnezone, shiny|344\/344
|turn|5
|
|move|p2a: Victoria|Leaf Storm|p1a: Magnezone
|-resisted|p1a: Magnezone
|-damage|p1a: Magnezone|64\/344
|move|p1a: Magnezone|Flash Cannon|p2a: Victoria
|-damage|p2a: Victoria|193\/353
|
|-heal|p1a: Magnezone|85\/344|[from] item: Leftovers
|turn|6
|
|move|p2a: Victoria|Leaf Storm|p1a: Magnezone
|-resisted|p1a: Magnezone
|-damage|p1a: Magnezone|0 fnt
|faint|p1a: Magnezone
|
|join|kkzika
|-message|ComedyShorts here forfeited.
|
|win|Iodic
|raw|Ladder updating...
|leave|ComedyShorts here
|player|p1
|raw|ComedyShorts here's rating: 1419 &rarr; <strong>1405<\/strong><br \/>(-14 for losing)
|raw|Iodic's rating: 1513 &rarr; <strong>1528<\/strong><br \/>(+15 for winning)
|leave|Iodic
|player|p2