|join|BoogieBoard
|join|Executive Shinra
|player|p1|BoogieBoard|226
|player|p2|Executive Shinra|2
|gametype|singles
|gen|6
|tier|UU
|rated
|rule|Sleep Clause Mod: Limit one foe put to sleep
|rule|Species Clause: Limit one of each PokÃ©mon
|rule|OHKO Clause: OHKO moves are banned
|rule|Moody Clause: Moody is banned
|rule|Evasion Moves Clause: Evasion moves are banned
|rule|Endless Battle Clause: Forcing endless battles is banned
|rule|HP Percentage Mod: HP is reported as percentages
|clearpoke
|poke|p1|Escavalier, M
|poke|p1|Rhyperior, F
|poke|p1|Florges, F
|poke|p1|Crobat, F
|poke|p1|Blastoise, M
|poke|p1|Flygon, F
|poke|p2|Magneton
|poke|p2|Zangoose, F
|poke|p2|Chandelure, F
|poke|p2|Starmie
|poke|p2|Heracross, M
|poke|p2|Ditto
|rule|Swagger Clause: Swagger is banned
|rule|Baton Pass Clause: Limit one PokÃ©mon knowing Baton Pass
|teampreview
|chat|BoogieBoard|glhf
|chat|Executive Shinra|glgl
|
|start
|switch|p1a: Crobat|Crobat, F|346\/346
|switch|p2a: Magneton|Magneton|242\/242
|turn|1
|
|move|p1a: Crobat|U-turn|p2a: Magneton
|-resisted|p2a: Magneton
|-damage|p2a: Magneton|212\/242
|
|switch|p1a: Rhyperior|Rhyperior, F|434\/434
|move|p2a: Magneton|Flash Cannon|p1a: Rhyperior
|-supereffective|p1a: Rhyperior
|-damage|p1a: Rhyperior|0 fnt
|faint|p1a: Rhyperior
|
|chat|BoogieBoard|oops
|chat|Executive Shinra|no sr for youuu
|chat|BoogieBoard|:'(
|
|switch|p1a: Flygon|Flygon, F|301\/301
|turn|2
|
|switch|p2a: Heracross|Heracross, M|302\/302
|move|p1a: Flygon|U-turn|p2a: Heracross
|-resisted|p2a: Heracross
|-damage|p2a: Heracross|254\/302
|
|switch|p1a: Crobat|Crobat, F|346\/346
|
|turn|3
|
|switch|p2a: Magneton|Magneton|212\/242
|move|p1a: Crobat|Brave Bird|p2a: Magneton
|-resisted|p2a: Magneton
|-damage|p2a: Magneton|173\/242
|-damage|p1a: Crobat|333\/346|[from] recoil|[of] p2a: Magneton
|
|-heal|p1a: Crobat|346\/346|[from] item: Black Sludge
|turn|4
|
|move|p1a: Crobat|Taunt|p2a: Magneton
|-start|p2a: Magneton|move: Taunt
|move|p2a: Magneton|Flash Cannon|p1a: Crobat
|-damage|p1a: Crobat|25\/346
|
|-heal|p1a: Crobat|46\/346|[from] item: Black Sludge
|turn|5
|
|move|p1a: Crobat|U-turn|p2a: Magneton
|-resisted|p2a: Magneton
|-damage|p2a: Magneton|145\/242
|
|switch|p1a: Blastoise|Blastoise, M|362\/362
|move|p2a: Magneton|Flash Cannon|p1a: Blastoise
|-resisted|p1a: Blastoise
|-damage|p1a: Blastoise|231\/362
|
|turn|6
|
|switch|p2a: Starmie|Starmie|261\/261
|detailschange|p1a: Blastoise|Blastoise-Mega, M
|message|Blastoise has Mega Evolved into Mega Blastoise!
|move|p1a: Blastoise|Dark Pulse|p2a: Starmie
|-supereffective|p2a: Starmie
|-damage|p2a: Starmie|0 fnt
|faint|p2a: Starmie
|
|
|switch|p2a: Heracross|Heracross, M|254\/302
|turn|7
|
|move|p2a: Heracross|Stone Edge|p1a: Blastoise
|-crit|p1a: Blastoise
|-damage|p1a: Blastoise|0 fnt
|faint|p1a: Blastoise
|
|chat|BoogieBoard|...
|
|switch|p1a: Crobat|Crobat, F|46\/346
|turn|8
|
|move|p1a: Crobat|U-turn|p2a: Heracross
|-resisted|p2a: Heracross
|-damage|p2a: Heracross|216\/302
|
|switch|p1a: Flygon|Flygon, F|301\/301
|move|p2a: Heracross|Stone Edge|p1a: Flygon
|-resisted|p1a: Flygon
|-damage|p1a: Flygon|195\/301
|
|turn|9
|
|move|p1a: Flygon|Earthquake|p2a: Heracross
|-resisted|p2a: Heracross
|-damage|p2a: Heracross|110\/302
|move|p2a: Heracross|Stone Edge|p1a: Flygon|[miss]
|-miss|p2a: Heracross|p1a: Flygon
|
|turn|10
|
|switch|p2a: :)|Ditto|299\/299
|-transform|p2a: :)|p1a: Flygon
|move|p1a: Flygon|Earthquake|p2a: :)
|-immune|p2a: :)|[msg]
|
|turn|11
|
|switch|p1a: Florges|Florges, F|360\/360
|move|p2a: :)|U-turn|p1a: Florges
|-resisted|p1a: Florges
|-damage|p1a: Florges|310\/360
|
|switch|p2a: Zangoose|Zangoose, F|287\/287
|
|-heal|p1a: Florges|332\/360|[from] item: Leftovers
|-status|p2a: Zangoose|tox|[from] item: Toxic Orb
|turn|12
|
|move|p2a: Zangoose|Facade|p1a: Florges
|-damage|p1a: Florges|0 fnt
|faint|p1a: Florges
|
|-damage|p2a: Zangoose|270\/287 tox|[from] psn
|
|switch|p1a: Escavalier|Escavalier, M|344\/344
|turn|13
|
|switch|p2a: Chandelure|Chandelure, F|289\/289
|move|p1a: Escavalier|Drill Run|p2a: Chandelure
|-supereffective|p2a: Chandelure
|-damage|p2a: Chandelure|65\/289
|
|-heal|p2a: Chandelure|83\/289|[from] item: Leftovers
|turn|14
|chat|BoogieBoard|wow what the bulk?
|
|move|p2a: Chandelure|Substitute|p2a: Chandelure
|-start|p2a: Chandelure|Substitute
|-damage|p2a: Chandelure|11\/289
|move|p1a: Escavalier|Knock Off|p2a: Chandelure
|-supereffective|p2a: Chandelure
|-end|p2a: Chandelure|Substitute
|
|-heal|p2a: Chandelure|29\/289|[from] item: Leftovers
|turn|15
|
|switch|p1a: Flygon|Flygon, F|195\/301
|move|p2a: Chandelure|Fire Blast|p1a: Flygon
|-resisted|p1a: Flygon
|-damage|p1a: Flygon|70\/301
|
|-heal|p2a: Chandelure|47\/289|[from] item: Leftovers
|turn|16
|
|switch|p2a: :)|Ditto|299\/299
|-transform|p2a: :)|p1a: Flygon
|move|p1a: Flygon|Earthquake|p2a: :)
|-immune|p2a: :)|[msg]
|
|turn|17
|
|move|p2a: :)|Fire Blast|p1a: Flygon
|-resisted|p1a: Flygon
|-damage|p1a: Flygon|33\/301
|move|p1a: Flygon|Earthquake|p2a: :)
|-immune|p2a: :)|[msg]
|
|turn|18
|chat|BoogieBoard|gg
|-message|BoogieBoard forfeited.
|
|win|Executive Shinra
|raw|Ladder updating...
|leave|BoogieBoard
|player|p1
|raw|BoogieBoard's rating: 1418 &rarr; <strong>1393<\/strong><br \/>(-25 for losing)
|raw|Executive Shinra's rating: 1340 &rarr; <strong>1365<\/strong><br \/>(+25 for winning)