|join|onrop
|join|BoogieBoard
|player|p1|onrop|12
|player|p2|BoogieBoard|226
|gametype|singles
|gen|6
|tier|UU
|rated
|rule|Sleep Clause Mod: Limit one foe put to sleep
|rule|Species Clause: Limit one of each PokÃ©mon
|rule|OHKO Clause: OHKO moves are banned
|rule|Moody Clause: Moody is banned
|rule|Evasion Moves Clause: Evasion moves are banned
|rule|Endless Battle Clause: Forcing endless battles is banned
|rule|HP Percentage Mod: HP is reported as percentages
|clearpoke
|poke|p1|Kyurem
|poke|p1|Celebi
|poke|p1|Cloyster, F
|poke|p1|Crobat, F
|poke|p1|Aerodactyl, F
|poke|p1|Heracross, F
|poke|p2|Aggron, M
|poke|p2|Crobat, F
|poke|p2|Chandelure, M
|poke|p2|Rotom-Mow
|poke|p2|Machamp, F
|poke|p2|Starmie
|rule|Swagger Clause: Swagger is banned
|rule|Baton Pass Clause: Limit one PokÃ©mon knowing Baton Pass
|teampreview
|chat|BoogieBoard|glhf
|
|start
|switch|p1a: Kyurem-Nigga|Kyurem|391\/391
|switch|p2a: Crobat|Crobat, F|345\/345
|-ability|p1a: Kyurem-Nigga|Pressure
|turn|1
|
|move|p2a: Crobat|U-turn|p1a: Kyurem-Nigga
|-damage|p1a: Kyurem-Nigga|320\/391
|
|switch|p2a: Machamp|Machamp, F|384\/384
|move|p1a: Kyurem-Nigga|Focus Blast|p2a: Machamp
|-damage|p2a: Machamp|251\/384
|-damage|p1a: Kyurem-Nigga|281\/391|[from] item: Life Orb
|
|turn|2
|
|switch|p1a: 4 Wings|Crobat, F|374\/374
|move|p2a: Machamp|Dynamic Punch|p1a: 4 Wings
|-resisted|p1a: 4 Wings
|-damage|p1a: 4 Wings|316\/374
|-start|p1a: 4 Wings|confusion
|
|turn|3
|
|switch|p1a: Kents|Aerodactyl, F|302\/302
|-ability|p1a: Kents|Pressure
|switch|p2a: Aggron|Aggron, M|344\/344
|
|turn|4
|
|detailschange|p1a: Kents|Aerodactyl-Mega, F
|message|Aerodactyl has Mega Evolved into Mega Aerodactyl!
|detailschange|p2a: Aggron|Aggron-Mega, M
|message|Aggron has Mega Evolved into Mega Aggron!
|move|p1a: Kents|Earthquake|p2a: Aggron
|-supereffective|p2a: Aggron
|-damage|p2a: Aggron|260\/344
|move|p2a: Aggron|Heavy Slam|p1a: Kents
|-crit|p1a: Kents
|-supereffective|p1a: Kents
|-damage|p1a: Kents|0 fnt
|faint|p1a: Kents
|
|chat|BoogieBoard|did that matter?
|
|switch|p1a: Kyurem-Nigga|Kyurem|281\/391
|-ability|p1a: Kyurem-Nigga|Pressure
|turn|5
|chat|onrop|nahh i doubt it
|
|switch|p2a: Rotom-Mow|Rotom-Mow|304\/304
|move|p1a: Kyurem-Nigga|Draco Meteor|p2a: Rotom-Mow
|-damage|p2a: Rotom-Mow|38\/304
|-unboost|p1a: Kyurem-Nigga|spa|2
|-damage|p1a: Kyurem-Nigga|242\/391|[from] item: Life Orb
|
|-heal|p2a: Rotom-Mow|57\/304|[from] item: Leftovers
|turn|6
|
|move|p1a: Kyurem-Nigga|Ice Beam|p2a: Rotom-Mow
|-supereffective|p2a: Rotom-Mow
|-damage|p2a: Rotom-Mow|0 fnt
|-damage|p1a: Kyurem-Nigga|203\/391|[from] item: Life Orb
|faint|p2a: Rotom-Mow
|
|
|switch|p2a: Crobat|Crobat, F|345\/345
|turn|7
|
|switch|p1a: 4 Wings|Crobat, F|316\/374
|move|p2a: Crobat|Brave Bird|p1a: 4 Wings
|-crit|p1a: 4 Wings
|-damage|p1a: 4 Wings|40\/374
|-damage|p2a: Crobat|254\/345|[from] recoil|[of] p1a: 4 Wings
|
|-heal|p2a: Crobat|275\/345|[from] item: Black Sludge
|turn|8
|chat|BoogieBoard|sorry
|
|move|p1a: 4 Wings|Roost|p1a: 4 Wings
|-heal|p1a: 4 Wings|227\/374
|move|p2a: Crobat|Brave Bird|p1a: 4 Wings
|-damage|p1a: 4 Wings|53\/374
|-damage|p2a: Crobat|218\/345|[from] recoil|[of] p1a: 4 Wings
|
|-heal|p2a: Crobat|239\/345|[from] item: Black Sludge
|turn|9
|chat|onrop|its fine
|
|move|p1a: 4 Wings|Roost|p1a: 4 Wings
|-heal|p1a: 4 Wings|240\/374
|move|p2a: Crobat|Taunt|p1a: 4 Wings
|-start|p1a: 4 Wings|move: Taunt
|
|-heal|p2a: Crobat|260\/345|[from] item: Black Sludge
|turn|10
|
|move|p1a: 4 Wings|Brave Bird|p2a: Crobat
|-damage|p2a: Crobat|97\/345
|-damage|p1a: 4 Wings|186\/374|[from] recoil|[of] p2a: Crobat
|move|p2a: Crobat|Roost|p2a: Crobat
|-heal|p2a: Crobat|270\/345
|
|-heal|p2a: Crobat|291\/345|[from] item: Black Sludge
|turn|11
|
|move|p1a: 4 Wings|Brave Bird|p2a: Crobat
|-damage|p2a: Crobat|141\/345
|-damage|p1a: 4 Wings|136\/374|[from] recoil|[of] p2a: Crobat
|move|p2a: Crobat|Brave Bird|p1a: 4 Wings
|-damage|p1a: 4 Wings|0 fnt
|-damage|p2a: Crobat|96\/345|[from] recoil|[of] p1a: 4 Wings
|faint|p1a: 4 Wings
|
|-heal|p2a: Crobat|117\/345|[from] item: Black Sludge
|
|switch|p1a: Hellacross|Heracross, F|302\/302
|turn|12
|
|switch|p2a: Machamp|Machamp, F|251\/384
|move|p1a: Hellacross|Stone Edge|p2a: Machamp
|-resisted|p2a: Machamp
|-damage|p2a: Machamp|172\/384
|
|turn|13
|
|switch|p1a: Celebi|Celebi|404\/404
|move|p2a: Machamp|Knock Off|p1a: Celebi
|-supereffective|p1a: Celebi
|-damage|p1a: Celebi|164\/404
|-enditem|p1a: Celebi|Leftovers|[from] move: Knock Off|[of] p2a: Machamp
|
|turn|14
|
|switch|p2a: Chandelure|Chandelure, M|261\/261
|move|p1a: Celebi|Psychic|p2a: Chandelure
|-damage|p2a: Chandelure|87\/261
|
|turn|15
|
|switch|p2a: Starmie|Starmie|261\/261
|move|p1a: Celebi|Psychic|p2a: Starmie
|-crit|p2a: Starmie
|-resisted|p2a: Starmie
|-damage|p2a: Starmie|129\/261
|
|turn|16
|
|move|p2a: Starmie|Ice Beam|p1a: Celebi
|-supereffective|p1a: Celebi
|-damage|p1a: Celebi|0 fnt
|-damage|p2a: Starmie|103\/261|[from] item: Life Orb
|faint|p1a: Celebi
|
|
|switch|p1a: Hellacross|Heracross, F|302\/302
|turn|17
|
|switch|p2a: Crobat|Crobat, F|117\/345
|move|p1a: Hellacross|Stone Edge|p2a: Crobat
|-crit|p2a: Crobat
|-supereffective|p2a: Crobat
|-damage|p2a: Crobat|0 fnt
|faint|p2a: Crobat
|-boost|p1a: Hellacross|atk|1|[from] ability: Moxie
|
|
|switch|p2a: Aggron|Aggron-Mega, M|260\/344
|turn|18
|
|switch|p1a: Slit|Cloyster, F|242\/242
|move|p2a: Aggron|Heavy Slam|p1a: Slit
|-damage|p1a: Slit|184\/242
|
|turn|19
|
|move|p1a: Slit|Shell Smash|p1a: Slit
|-boost|p1a: Slit|atk|2
|-boost|p1a: Slit|spa|2
|-boost|p1a: Slit|spe|2
|-unboost|p1a: Slit|def|1
|-unboost|p1a: Slit|spd|1
|move|p2a: Aggron|Heavy Slam|p1a: Slit
|-damage|p1a: Slit|105\/242
|
|turn|20
|
|move|p1a: Slit|Icicle Spear|p2a: Aggron
|-resisted|p2a: Aggron
|-damage|p2a: Aggron|242\/344
|-resisted|p2a: Aggron
|-damage|p2a: Aggron|224\/344
|-resisted|p2a: Aggron
|-damage|p2a: Aggron|208\/344
|-resisted|p2a: Aggron
|-damage|p2a: Aggron|190\/344
|-resisted|p2a: Aggron
|-damage|p2a: Aggron|173\/344
|-hitcount|p2a: Aggron|5
|move|p2a: Aggron|Heavy Slam|p1a: Slit
|-damage|p1a: Slit|26\/242
|
|turn|21
|chat|BoogieBoard|yay
|
|move|p1a: Slit|Icicle Spear|p2a: Aggron
|-resisted|p2a: Aggron
|-damage|p2a: Aggron|154\/344
|-resisted|p2a: Aggron
|-damage|p2a: Aggron|138\/344
|-resisted|p2a: Aggron
|-damage|p2a: Aggron|120\/344
|-resisted|p2a: Aggron
|-damage|p2a: Aggron|101\/344
|-resisted|p2a: Aggron
|-damage|p2a: Aggron|84\/344
|-hitcount|p2a: Aggron|5
|move|p2a: Aggron|Heavy Slam|p1a: Slit
|-damage|p1a: Slit|0 fnt
|faint|p1a: Slit
|
|
|switch|p1a: Hellacross|Heracross, F|302\/302
|turn|22
|
|move|p1a: Hellacross|Earthquake|p2a: Aggron
|-supereffective|p2a: Aggron
|-damage|p2a: Aggron|6\/344
|move|p2a: Aggron|Heavy Slam|p1a: Hellacross
|-damage|p1a: Hellacross|82\/302
|
|turn|23
|
|move|p1a: Hellacross|Earthquake|p2a: Aggron
|-crit|p2a: Aggron
|-supereffective|p2a: Aggron
|-damage|p2a: Aggron|0 fnt
|faint|p2a: Aggron
|-boost|p1a: Hellacross|atk|1|[from] ability: Moxie
|
|
|switch|p2a: Machamp|Machamp, F|172\/384
|turn|24
|
|move|p2a: Machamp|Bullet Punch|p1a: Hellacross
|-damage|p1a: Hellacross|16\/302
|move|p1a: Hellacross|Earthquake|p2a: Machamp
|-damage|p2a: Machamp|0 fnt
|faint|p2a: Machamp
|-boost|p1a: Hellacross|atk|1|[from] ability: Moxie
|
|chat|BoogieBoard|gg wp
|
|switch|p2a: Starmie|Starmie|103\/261
|turn|25
|chat|onrop|gg
|
|move|p1a: Hellacross|Earthquake|p2a: Starmie
|-damage|p2a: Starmie|0 fnt
|faint|p2a: Starmie
|-boost|p1a: Hellacross|atk|1|[from] ability: Moxie
|
|chat|onrop|u2
|
|switch|p2a: Chandelure|Chandelure, M|87\/261
|turn|26
|
|move|p1a: Hellacross|Earthquake|p2a: Chandelure
|-supereffective|p2a: Chandelure
|-damage|p2a: Chandelure|0 fnt
|faint|p2a: Chandelure
|-boost|p1a: Hellacross|atk|1|[from] ability: Moxie
|
|win|onrop
|raw|Ladder updating...
|raw|onrop's rating: 1423 &rarr; <strong>1439<\/strong><br \/>(+16 for winning)
|raw|BoogieBoard's rating: 1351 &rarr; <strong>1335<\/strong><br \/>(-16 for losing)
|leave|BoogieBoard
|player|p2