|join|Rambovic
|join|BoogieBoard
|player|p1|Rambovic|170
|player|p2|BoogieBoard|226
|gametype|singles
|gen|6
|tier|UU
|rated
|rule|Sleep Clause Mod: Limit one foe put to sleep
|rule|Species Clause: Limit one of each PokÃ©mon
|rule|OHKO Clause: OHKO moves are banned
|rule|Moody Clause: Moody is banned
|rule|Evasion Moves Clause: Evasion moves are banned
|rule|Endless Battle Clause: Forcing endless battles is banned
|rule|HP Percentage Mod: HP is reported as percentages
|clearpoke
|poke|p1|Starmie
|poke|p1|Slowbro, M
|poke|p1|Florges, F
|poke|p1|Registeel
|poke|p1|Absol, F
|poke|p1|Haxorus, M
|poke|p2|Entei, shiny
|poke|p2|Forretress, M
|poke|p2|Crobat, M
|poke|p2|Blissey, F
|poke|p2|Toxicroak, F
|poke|p2|Absol, M
|rule|Swagger Clause: Swagger is banned
|rule|Baton Pass Clause: Limit one PokÃ©mon knowing Baton Pass
|teampreview
|chat|BoogieBoard|glhf
|join|Sawk Dirty to me
|
|start
|switch|p1a: Registeel|Registeel|364\/364
|switch|p2a: Crobat|Crobat, M|353\/353
|turn|1
|
|move|p2a: Crobat|Taunt|p1a: Registeel
|-start|p1a: Registeel|move: Taunt
|move|p1a: Registeel|Seismic Toss|p2a: Crobat
|-damage|p2a: Crobat|253\/353
|
|-heal|p2a: Crobat|275\/353|[from] item: Black Sludge
|turn|2
|
|move|p2a: Crobat|U-turn|p1a: Registeel
|-resisted|p1a: Registeel
|-damage|p1a: Registeel|346\/364
|
|switch|p2a: Toxicroak|Toxicroak, F|307\/307
|move|p1a: Registeel|Seismic Toss|p2a: Toxicroak
|-damage|p2a: Toxicroak|207\/307
|
|-heal|p2a: Toxicroak|226\/307|[from] item: Black Sludge
|-heal|p1a: Registeel|364\/364|[from] item: Leftovers
|turn|3
|
|switch|p1a: Slowbro|Slowbro, M|394\/394
|move|p2a: Toxicroak|Drain Punch|p1a: Slowbro
|-resisted|p1a: Slowbro
|-damage|p1a: Slowbro|349\/394
|-heal|p2a: Toxicroak|249\/307|[from] drain|[of] p1a: Slowbro
|
|-heal|p2a: Toxicroak|268\/307|[from] item: Black Sludge
|-heal|p1a: Slowbro|373\/394|[from] item: Leftovers
|turn|4
|
|switch|p2a: Blissey|Blissey, F|651\/651
|move|p1a: Slowbro|Psyshock|p2a: Blissey
|-damage|p2a: Blissey|473\/651
|
|-heal|p2a: Blissey|513\/651|[from] item: Leftovers
|-heal|p1a: Slowbro|394\/394|[from] item: Leftovers
|turn|5
|
|switch|p1a: Registeel|Registeel|364\/364
|move|p2a: Blissey|Toxic|p1a: Registeel
|-fail|p1a: Registeel
|
|-heal|p2a: Blissey|553\/651|[from] item: Leftovers
|turn|6
|
|switch|p2a: Forretress|Forretress, M|354\/354
|move|p1a: Registeel|Stealth Rock|p2a: Forretress
|-sidestart|p2: BoogieBoard|move: Stealth Rock
|
|turn|7
|
|switch|p1a: Starmie|Starmie|261\/261
|move|p2a: Forretress|Stealth Rock|p1a: Starmie
|-sidestart|p1: Rambovic|move: Stealth Rock
|
|turn|8
|
|move|p1a: Starmie|Trick|p2a: Forretress
|-activate|p1a: Starmie|move: Trick|[of] p2a: Forretress
|-item|p2a: Forretress|Choice Scarf|[from] move: Trick
|-item|p1a: Starmie|Leftovers|[from] move: Trick
|move|p2a: Forretress|Rapid Spin|p1a: Starmie
|-damage|p1a: Starmie|245\/261
|-sideend|p2: BoogieBoard|Stealth Rock|[from] move: Rapid Spin|[of] p2a: Forretress
|
|-heal|p1a: Starmie|261\/261|[from] item: Leftovers
|turn|9
|
|switch|p2a: Absol|Absol, M|271\/271
|-ability|p2a: Absol|Pressure
|move|p1a: Starmie|Rapid Spin|p2a: Absol
|-crit|p2a: Absol
|-damage|p2a: Absol|245\/271
|-sideend|p1: Rambovic|Stealth Rock|[from] move: Rapid Spin|[of] p1a: Starmie
|
|turn|10
|
|switch|p1a: Florges|Florges, F|360\/360
|detailschange|p2a: Absol|Absol-Mega, M
|message|Absol has Mega Evolved into Mega Absol!
|move|p2a: Absol|Knock Off|p1a: Florges
|-crit|p1a: Florges
|-resisted|p1a: Florges
|-damage|p1a: Florges|163\/360
|-enditem|p1a: Florges|Leftovers|[from] move: Knock Off|[of] p2a: Absol
|
|turn|11
|
|switch|p2a: Crobat|Crobat, M|275\/353
|move|p1a: Florges|Wish|p1a: Florges
|
|-heal|p2a: Crobat|297\/353|[from] item: Black Sludge
|turn|12
|
|move|p1a: Florges|Protect|p1a: Florges
|-singleturn|p1a: Florges|Protect
|move|p2a: Crobat|Brave Bird|p1a: Florges
|-activate|p1a: Florges|Protect
|
|-heal|p1a: Florges|343\/360|[from] move: Wish|[wisher] Florges
|-heal|p2a: Crobat|319\/353|[from] item: Black Sludge
|turn|13
|
|switch|p1a: Registeel|Registeel|364\/364
|move|p2a: Crobat|Taunt|p1a: Registeel
|-start|p1a: Registeel|move: Taunt
|
|-heal|p2a: Crobat|341\/353|[from] item: Black Sludge
|turn|14
|
|move|p2a: Crobat|U-turn|p1a: Registeel
|-resisted|p1a: Registeel
|-damage|p1a: Registeel|346\/364
|
|switch|p2a: Entei|Entei, shiny|372\/372
|-ability|p2a: Entei|Pressure
|move|p1a: Registeel|Seismic Toss|p2a: Entei
|-damage|p2a: Entei|272\/372
|
|-heal|p1a: Registeel|364\/364|[from] item: Leftovers
|turn|15
|
|switch|p1a: Slowbro|Slowbro, M|394\/394
|move|p2a: Entei|Sacred Fire|p1a: Slowbro
|-resisted|p1a: Slowbro
|-damage|p1a: Slowbro|316\/394
|-status|p1a: Slowbro|brn
|-damage|p2a: Entei|235\/372|[from] item: Life Orb
|
|-heal|p1a: Slowbro|340\/394 brn|[from] item: Leftovers
|-damage|p1a: Slowbro|291\/394 brn|[from] brn
|turn|16
|
|switch|p2a: Forretress|Forretress, M|354\/354
|move|p1a: Slowbro|Psyshock|p2a: Forretress
|-resisted|p2a: Forretress
|-damage|p2a: Forretress|327\/354
|
|-heal|p1a: Slowbro|315\/394 brn|[from] item: Leftovers
|-damage|p1a: Slowbro|266\/394 brn|[from] brn
|turn|17
|
|switch|p1a: Absol|Absol, F|271\/271
|-ability|p1a: Absol|Pressure
|move|p2a: Forretress|Stealth Rock|p1a: Absol
|-sidestart|p1: Rambovic|move: Stealth Rock
|
|turn|18
|
|switch|p2a: Entei|Entei, shiny|235\/372
|-ability|p2a: Entei|Pressure
|detailschange|p1a: Absol|Absol-Mega, F
|message|Absol has Mega Evolved into Mega Absol!
|move|p1a: Absol|Knock Off|p2a: Entei
|-damage|p2a: Entei|16\/372
|-enditem|p2a: Entei|Life Orb|[from] move: Knock Off|[of] p1a: Absol
|
|turn|19
|
|switch|p1a: Slowbro|Slowbro, M|394\/394 brn
|-damage|p1a: Slowbro|345\/394 brn|[from] Stealth Rock
|move|p2a: Entei|Extreme Speed|p1a: Slowbro
|-damage|p1a: Slowbro|282\/394 brn
|
|-heal|p1a: Slowbro|306\/394 brn|[from] item: Leftovers
|-damage|p1a: Slowbro|257\/394 brn|[from] brn
|turn|20
|
|switch|p2a: Forretress|Forretress, M|327\/354
|move|p1a: Slowbro|Slack Off|p1a: Slowbro
|-heal|p1a: Slowbro|394\/394 brn
|
|-damage|p1a: Slowbro|345\/394 brn|[from] brn
|turn|21
|
|switch|p1a: Starmie|Starmie|261\/261
|-damage|p1a: Starmie|229\/261|[from] Stealth Rock
|move|p2a: Forretress|Volt Switch|p1a: Starmie
|-supereffective|p1a: Starmie
|-damage|p1a: Starmie|149\/261
|
|switch|p2a: Absol|Absol-Mega, M|245\/271
|
|-heal|p1a: Starmie|165\/261|[from] item: Leftovers
|turn|22
|
|switch|p1a: Registeel|Registeel|364\/364
|-damage|p1a: Registeel|342\/364|[from] Stealth Rock
|move|p2a: Absol|Knock Off|p1a: Registeel
|-damage|p1a: Registeel|215\/364
|-enditem|p1a: Registeel|Leftovers|[from] move: Knock Off|[of] p2a: Absol
|
|turn|23
|
|switch|p2a: Crobat|Crobat, M|341\/353
|move|p1a: Registeel|Seismic Toss|p2a: Crobat
|-damage|p2a: Crobat|241\/353
|
|-heal|p2a: Crobat|263\/353|[from] item: Black Sludge
|turn|24
|
|move|p2a: Crobat|Taunt|p1a: Registeel
|-start|p1a: Registeel|move: Taunt
|cant|p1a: Registeel|move: Taunt|Stealth Rock
|
|-heal|p2a: Crobat|285\/353|[from] item: Black Sludge
|turn|25
|
|move|p2a: Crobat|U-turn|p1a: Registeel
|-resisted|p1a: Registeel
|-damage|p1a: Registeel|198\/364
|
|switch|p2a: Toxicroak|Toxicroak, F|268\/307
|move|p1a: Registeel|Seismic Toss|p2a: Toxicroak
|-damage|p2a: Toxicroak|168\/307
|
|-heal|p2a: Toxicroak|187\/307|[from] item: Black Sludge
|turn|26
|
|switch|p1a: Slowbro|Slowbro, M|394\/394 brn
|-damage|p1a: Slowbro|345\/394 brn|[from] Stealth Rock
|move|p2a: Toxicroak|Swords Dance|p2a: Toxicroak
|-boost|p2a: Toxicroak|atk|2
|
|-heal|p2a: Toxicroak|206\/307|[from] item: Black Sludge
|-heal|p1a: Slowbro|369\/394 brn|[from] item: Leftovers
|-damage|p1a: Slowbro|320\/394 brn|[from] brn
|turn|27
|
|move|p2a: Toxicroak|Sucker Punch|p1a: Slowbro
|-supereffective|p1a: Slowbro
|-damage|p1a: Slowbro|76\/394 brn
|move|p1a: Slowbro|Psyshock|p2a: Toxicroak
|-supereffective|p2a: Toxicroak
|-damage|p2a: Toxicroak|0 fnt
|faint|p2a: Toxicroak
|
|-heal|p1a: Slowbro|100\/394 brn|[from] item: Leftovers
|-damage|p1a: Slowbro|51\/394 brn|[from] brn
|chat|BoogieBoard|damn
|
|switch|p2a: Crobat|Crobat, M|285\/353
|turn|28
|
|move|p2a: Crobat|U-turn|p1a: Slowbro
|-supereffective|p1a: Slowbro
|-damage|p1a: Slowbro|0 fnt
|faint|p1a: Slowbro
|
|switch|p2a: Entei|Entei, shiny|16\/372
|-ability|p2a: Entei|Pressure
|
|
|switch|p1a: Haxorus|Haxorus, M|293\/293
|-damage|p1a: Haxorus|257\/293|[from] Stealth Rock
|-ability|p1a: Haxorus|Mold Breaker
|turn|29
|
|move|p1a: Haxorus|Earthquake|p2a: Entei
|-supereffective|p2a: Entei
|-damage|p2a: Entei|0 fnt
|faint|p2a: Entei
|
|
|switch|p2a: Crobat|Crobat, M|285\/353
|turn|30
|
|move|p2a: Crobat|U-turn|p1a: Haxorus
|-damage|p1a: Haxorus|190\/293
|
|switch|p2a: Forretress|Forretress, M|327\/354
|move|p1a: Haxorus|Outrage|p2a: Forretress
|-resisted|p2a: Forretress
|-damage|p2a: Forretress|255\/354
|
|turn|31
|
|move|p1a: Haxorus|Outrage|p2a: Forretress
|-resisted|p2a: Forretress
|-damage|p2a: Forretress|184\/354
|move|p2a: Forretress|Spikes|p1a: Haxorus
|-sidestart|p1: Rambovic|Spikes
|
|turn|32
|
|move|p1a: Haxorus|Outrage|p2a: Forretress
|-resisted|p2a: Forretress
|-damage|p2a: Forretress|118\/354
|move|p2a: Forretress|Spikes|p1a: Haxorus
|-sidestart|p1: Rambovic|Spikes
|
|-end|p1a: Haxorus|rampage
|-start|p1a: Haxorus|confusion
|-enditem|p1a: Haxorus|Lum Berry|[eat]
|-end|p1a: Haxorus|confusion
|turn|33
|
|move|p1a: Haxorus|Dragon Dance|p1a: Haxorus
|-boost|p1a: Haxorus|atk|1
|-boost|p1a: Haxorus|spe|1
|move|p2a: Forretress|Spikes|p1a: Haxorus
|-sidestart|p1: Rambovic|Spikes
|
|turn|34
|chat|BoogieBoard|oops
|
|switch|p2a: Absol|Absol-Mega, M|245\/271
|move|p1a: Haxorus|Dragon Dance|p1a: Haxorus
|-boost|p1a: Haxorus|atk|1
|-boost|p1a: Haxorus|spe|1
|
|turn|35
|chat|Rambovic|Does a sucker punch ko
|chat|Rambovic|Dont think so bro
|chat|Rambovic|We'll see
|
|move|p2a: Absol|Sucker Punch|p1a: Haxorus
|-damage|p1a: Haxorus|31\/293
|move|p1a: Haxorus|Earthquake|p2a: Absol
|-damage|p2a: Absol|0 fnt
|faint|p2a: Absol
|
|chat|BoogieBoard|probs not
|chat|BoogieBoard|gg
|chat|Rambovic|Nope, but almost
|chat|Rambovic|gg
|-message|BoogieBoard forfeited.
|
|win|Rambovic
|raw|Ladder updating...
|leave|BoogieBoard
|player|p2
|raw|Rambovic's rating: 1357 &rarr; <strong>1370<\/strong><br \/>(+13 for winning)
|raw|BoogieBoard's rating: 1234 &rarr; <strong>1218<\/strong><br \/>(-16 for losing)