|join|BoogieBoard
|join|ZayneGoose
|player|p1|BoogieBoard|226
|player|p2|ZayneGoose|56
|gametype|singles
|gen|6
|tier|UU
|rated
|rule|Sleep Clause Mod: Limit one foe put to sleep
|rule|Species Clause: Limit one of each PokÃ©mon
|rule|OHKO Clause: OHKO moves are banned
|rule|Moody Clause: Moody is banned
|rule|Evasion Moves Clause: Evasion moves are banned
|rule|Endless Battle Clause: Forcing endless battles is banned
|rule|HP Percentage Mod: HP is shown in percentages
|clearpoke
|poke|p1|Aggron, M
|poke|p1|Togekiss, F
|poke|p1|Flygon, M
|poke|p1|Starmie
|poke|p1|Nidoqueen, F
|poke|p1|Honchkrow, M
|poke|p2|Sableye, M
|poke|p2|Flygon, M
|poke|p2|Kyurem
|poke|p2|Bronzong
|poke|p2|Arcanine, F
|poke|p2|Togekiss, F
|rule|Swagger Clause: Swagger is banned
|rule|Baton Pass Clause: Limit one PokÃ©mon knowing Baton Pass
|teampreview
|c|âBoogieBoard|glhf
|c|âZayneGoose|you too
|
|start
|switch|p1a: Nidoqueen|Nidoqueen, F|353\/353
|switch|p2a: Flygon|Flygon, M|301\/301
|turn|1
|
|switch|p2a: Bronzong|Bronzong|338\/338
|-item|p2a: Bronzong|Air Balloon
|move|p1a: Nidoqueen|Ice Beam|p2a: Bronzong
|-resisted|p2a: Bronzong
|-damage|p2a: Bronzong|293\/338
|-enditem|p2a: Bronzong|Air Balloon
|
|turn|2
|join|Renning
|
|move|p1a: Nidoqueen|Earth Power|p2a: Bronzong
|-immune|p2a: Bronzong|[msg]
|move|p2a: Bronzong|Stealth Rock|p1a: Nidoqueen
|-sidestart|p1: BoogieBoard|move: Stealth Rock
|
|turn|3
|c|âBoogieBoard|lol
|
|move|p1a: Nidoqueen|Stealth Rock|p2a: Bronzong
|-sidestart|p2: ZayneGoose|move: Stealth Rock
|move|p2a: Bronzong|Zen Headbutt|p1a: Nidoqueen
|-supereffective|p1a: Nidoqueen
|-damage|p1a: Nidoqueen|147\/353
|
|turn|4
|c|âZayneGoose|:p
|
|switch|p1a: Starmie|Starmie|324\/324
|-damage|p1a: Starmie|284\/324|[from] Stealth Rock
|move|p2a: Bronzong|Toxic|p1a: Starmie
|-status|p1a: Starmie|tox
|
|-heal|p1a: Starmie|304\/324 tox|[from] item: Leftovers
|-damage|p1a: Starmie|284\/324 tox|[from] psn
|turn|5
|
|move|p1a: Starmie|Rapid Spin|p2a: Bronzong
|-resisted|p2a: Bronzong
|-damage|p2a: Bronzong|288\/338
|-sideend|p1: BoogieBoard|Stealth Rock|[from] move: Rapid Spin|[of] p1a: Starmie
|move|p2a: Bronzong|Earthquake|p1a: Starmie
|-damage|p1a: Starmie|195\/324 tox
|
|-heal|p1a: Starmie|215\/324 tox|[from] item: Leftovers
|-damage|p1a: Starmie|175\/324 tox|[from] psn
|turn|6
|
|move|p1a: Starmie|Scald|p2a: Bronzong
|-damage|p2a: Bronzong|218\/338
|move|p2a: Bronzong|Earthquake|p1a: Starmie
|-damage|p1a: Starmie|88\/324 tox
|
|-heal|p1a: Starmie|108\/324 tox|[from] item: Leftovers
|-damage|p1a: Starmie|48\/324 tox|[from] psn
|turn|7
|
|switch|p1a: Honchkrow|Honchkrow, M|341\/341
|move|p2a: Bronzong|Toxic|p1a: Honchkrow
|-status|p1a: Honchkrow|tox
|
|-damage|p1a: Honchkrow|320\/341 tox|[from] psn
|turn|8
|c|âBoogieBoard|rage quit
|-message|BoogieBoard forfeited.
|
|win|ZayneGoose
|raw|Ladder updating...
|leave|BoogieBoard
|player|p1
|leave|Renning
|raw|Ladder (probably) updated, but score could not be retrieved (timeout).
|raw|Ladder (probably) updated, but score could not be retrieved (Error: socket hang up).