|join|Bloodz
|join|TCBB
|player|p1|Bloodz|80
|player|p2|TCBB|157
|gametype|singles
|gen|6
|tier|OU
|clearpoke
|poke|p1|Aerodactyl, F
|poke|p1|Scizor, M
|poke|p1|Rotom-Wash
|poke|p1|Slowbro, F
|poke|p1|Garchomp, F
|poke|p1|Mew
|poke|p2|Gallade, M, shiny
|poke|p2|Bisharp, M, shiny
|poke|p2|Rotom-Wash
|poke|p2|Terrakion
|poke|p2|Latios, M
|poke|p2|Keldeo
|rule|Swagger Clause: Swagger is banned
|rule|Baton Pass Clause: Limit one PokÃ©mon knowing Baton Pass
|rule|Sleep Clause Mod: Limit one foe put to sleep
|rule|Species Clause: Limit one of each PokÃ©mon
|rule|OHKO Clause: OHKO moves are banned
|rule|Moody Clause: Moody is banned
|rule|Evasion Moves Clause: Evasion moves are banned
|rule|Endless Battle Clause: Forcing endless battles is banned
|rule|HP Percentage Mod: HP is shown in percentages
|teampreview
|c|âBloodz|gl hf
|
|start
|switch|p1a: Mew|Mew|404\/404
|switch|p2a: Rotom-Wash|Rotom-Wash|303\/303
|turn|1
|
|move|p1a: Mew|Will-O-Wisp|p2a: Rotom-Wash
|-status|p2a: Rotom-Wash|brn
|move|p2a: Rotom-Wash|Will-O-Wisp|p1a: Mew
|-status|p1a: Mew|brn
|
|-damage|p1a: Mew|354\/404 brn|[from] brn
|-damage|p2a: Rotom-Wash|266\/303 brn|[from] brn
|turn|2
|
|switch|p2a: Terrakion|Terrakion|323\/323
|move|p1a: Mew|Soft-Boiled|p1a: Mew
|-heal|p1a: Mew|404\/404 brn
|
|-damage|p1a: Mew|354\/404 brn|[from] brn
|turn|3
|
|move|p2a: Terrakion|Stealth Rock|p1a: Mew
|-sidestart|p1: Bloodz|move: Stealth Rock
|move|p1a: Mew|Will-O-Wisp|p2a: Terrakion|[miss]
|-miss|p1a: Mew|p2a: Terrakion
|
|-heal|p1a: Mew|379\/404 brn|[from] item: Leftovers
|-damage|p1a: Mew|329\/404 brn|[from] brn
|turn|4
|
|move|p2a: Terrakion|Taunt|p1a: Mew
|-start|p1a: Mew|move: Taunt
|cant|p1a: Mew|move: Taunt|Defog
|
|-heal|p1a: Mew|354\/404 brn|[from] item: Leftovers
|-damage|p1a: Mew|304\/404 brn|[from] brn
|turn|5
|
|switch|p1a: Slowbro|Slowbro, F|394\/394
|-damage|p1a: Slowbro|345\/394|[from] Stealth Rock
|move|p2a: Terrakion|Stone Edge|p1a: Slowbro
|-damage|p1a: Slowbro|221\/394
|
|-heal|p1a: Slowbro|245\/394|[from] item: Leftovers
|turn|6
|c|âBloodz|OH SHIT
|c|âBloodz|that's the wrong team
|c|âBloodz|I just realized
|c|âBloodz|lmao
|c|âTCBB|lmao
|c|âBloodz|I'm not supposed to have a rotom haha
|c|âBloodz|it's fine
|c|âTCBB|if you say soi
|c|âTCBB|*so*
|c|âBloodz|we cant rematch tho
|
|move|p2a: Terrakion|Taunt|p1a: Slowbro
|-start|p1a: Slowbro|move: Taunt
|move|p1a: Slowbro|Scald|p2a: Terrakion
|-supereffective|p2a: Terrakion
|-damage|p2a: Terrakion|113\/323
|-status|p2a: Terrakion|brn
|
|-heal|p1a: Slowbro|269\/394|[from] item: Leftovers
|-damage|p2a: Terrakion|73\/323 brn|[from] brn
|turn|7
|c|âBloodz|the rotom is supposed to be a clefable
|c|âBloodz|and that scizor has wrong EVs
|c|âBloodz|the mew as well I think
|c|âBloodz|lol
|
|move|p2a: Terrakion|Stone Edge|p1a: Slowbro
|-damage|p1a: Slowbro|209\/394
|move|p1a: Slowbro|Scald|p2a: Terrakion
|-crit|p2a: Terrakion
|-supereffective|p2a: Terrakion
|-damage|p2a: Terrakion|0 fnt
|faint|p2a: Terrakion
|
|-heal|p1a: Slowbro|233\/394|[from] item: Leftovers
|
|switch|p2a: Bisharp|Bisharp, M, shiny|271\/271
|turn|8
|
|move|p2a: Bisharp|Pursuit|p1a: Slowbro|[from]Pursuit
|-supereffective|p1a: Slowbro
|-damage|p1a: Slowbro|0 fnt
|faint|p1a: Slowbro
|
|
|switch|p1a: Rotom-Wash|Rotom-Wash|304\/304
|-damage|p1a: Rotom-Wash|266\/304|[from] Stealth Rock
|turn|9
|
|move|p2a: Bisharp|Knock Off|p1a: Rotom-Wash
|-damage|p1a: Rotom-Wash|94\/304
|-enditem|p1a: Rotom-Wash|Leftovers|[from] move: Knock Off|[of] p2a: Bisharp
|move|p1a: Rotom-Wash|Volt Switch|p2a: Bisharp
|-damage|p2a: Bisharp|150\/271
|
|switch|p1a: Mew|Mew|304\/404 brn
|-damage|p1a: Mew|254\/404 brn|[from] Stealth Rock
|
|-heal|p1a: Mew|279\/404 brn|[from] item: Leftovers
|-damage|p1a: Mew|229\/404 brn|[from] brn
|turn|10
|
|move|p1a: Mew|Will-O-Wisp|p2a: Bisharp
|-status|p2a: Bisharp|brn
|move|p2a: Bisharp|Knock Off|p1a: Mew
|-crit|p1a: Mew
|-supereffective|p1a: Mew
|-damage|p1a: Mew|0 fnt
|-enditem|p1a: Mew|Leftovers|[from] move: Knock Off|[of] p2a: Bisharp
|faint|p1a: Mew
|
|-damage|p2a: Bisharp|117\/271 brn|[from] brn
|c|âTCBB|sorry
|c|âBloodz|well
|c|âBloodz|if I lose it's because I chose the wrong team, and it was my own fault
|
|switch|p1a: Scizor|Scizor, M|343\/343
|-damage|p1a: Scizor|301\/343|[from] Stealth Rock
|turn|11
|
|switch|p2a: Rotom-Wash|Rotom-Wash|266\/303 brn
|move|p1a: Scizor|U-turn|p2a: Rotom-Wash
|-damage|p2a: Rotom-Wash|130\/303 brn
|join|Cienight
|join|Arcanine is Regal
|join|Murkrow Jupiter
|join|Scotti
|leave|Cienight
|
|switch|p1a: Rotom-Wash|Rotom-Wash|94\/304
|-damage|p1a: Rotom-Wash|56\/304|[from] Stealth Rock
|
|-heal|p2a: Rotom-Wash|148\/303 brn|[from] item: Leftovers
|-damage|p2a: Rotom-Wash|111\/303 brn|[from] brn
|turn|12
|
|move|p2a: Rotom-Wash|Volt Switch|p1a: Rotom-Wash
|-damage|p1a: Rotom-Wash|0 fnt
|faint|p1a: Rotom-Wash
|
|switch|p2a: Bisharp|Bisharp, M, shiny|117\/271 brn
|
|-damage|p2a: Bisharp|84\/271 brn|[from] brn
|
|switch|p1a: Garchomp|Garchomp, F|358\/358
|-damage|p1a: Garchomp|336\/358|[from] Stealth Rock
|turn|13
|c|âBloodz|the lag
|c|âBloodz|is stupid
|
|move|p1a: Garchomp|Outrage|p2a: Bisharp
|-crit|p2a: Bisharp
|-resisted|p2a: Bisharp
|-damage|p2a: Bisharp|0 fnt
|faint|p2a: Bisharp
|
|
|switch|p2a: Latios|Latios, M|301\/301
|turn|14
|
|move|p2a: Latios|Draco Meteor|p1a: Garchomp
|-crit|p1a: Garchomp
|-supereffective|p1a: Garchomp
|-damage|p1a: Garchomp|0 fnt
|-unboost|p2a: Latios|spa|2
|faint|p1a: Garchomp
|
|
|switch|p1a: Scizor|Scizor, M|301\/343
|-damage|p1a: Scizor|259\/343|[from] Stealth Rock
|turn|15
|
|switch|p2a: Rotom-Wash|Rotom-Wash|111\/303 brn
|move|p1a: Scizor|U-turn|p2a: Rotom-Wash
|-damage|p2a: Rotom-Wash|0 fnt
|faint|p2a: Rotom-Wash
|
|switch|p1a: Aerodactyl|Aerodactyl, F|302\/302
|-damage|p1a: Aerodactyl|227\/302|[from] Stealth Rock
|-ability|p1a: Aerodactyl|Pressure
|
|c|âTCBB|i was kind of scared that i just choked it away if that scizor had pursuit :\
|
|switch|p2a: Latios|Latios, M|301\/301
|turn|16
|c|âBloodz|if you weren't scarf lati
|c|âBloodz|would have lool
|
|switch|p1a: Scizor|Scizor, M|259\/343
|-damage|p1a: Scizor|217\/343|[from] Stealth Rock
|move|p2a: Latios|Draco Meteor|p1a: Scizor
|-resisted|p1a: Scizor
|-damage|p1a: Scizor|89\/343
|-unboost|p2a: Latios|spa|2
|
|turn|17
|c|âBloodz|lol*
|
|switch|p2a: Keldeo|Keldeo|322\/322
|move|p1a: Scizor|U-turn|p2a: Keldeo
|-resisted|p2a: Keldeo
|-damage|p2a: Keldeo|214\/322
|
|switch|p1a: Aerodactyl|Aerodactyl, F|227\/302
|-damage|p1a: Aerodactyl|152\/302|[from] Stealth Rock
|-ability|p1a: Aerodactyl|Pressure
|
|turn|18
|
|detailschange|p1a: Aerodactyl|Aerodactyl-Mega, F
|-mega|p1a: Aerodactyl|Aerodactyl|Aerodactylite
|move|p1a: Aerodactyl|Aerial Ace|p2a: Keldeo
|-supereffective|p2a: Keldeo
|-damage|p2a: Keldeo|0 fnt
|faint|p2a: Keldeo
|
|
|switch|p2a: Latios|Latios, M|301\/301
|turn|19
|c|âBloodz|miss
|c|âBloodz|e.e
|c|âTCBB|nope im calcing this shit e.e
|c| Arcanine is Regal|dont you have tbolt or surf or something
|c|âTCBB|nope
|c| Murkrow Jupiter|anything works pretty much
|c| Murkrow Jupiter|from that range
|
|move|p2a: Latios|Psyshock|p1a: Aerodactyl
|-damage|p1a: Aerodactyl|0 fnt
|faint|p1a: Aerodactyl
|
|c| Arcanine is Regal|yeha I mean even shadow ball
|c|âTCBB|49.8 - 58.8%
|c|âBloodz|not really
|
|switch|p1a: Scizor|Scizor, M|89\/343
|-damage|p1a: Scizor|47\/343|[from] Stealth Rock
|turn|20
|c|âBloodz|I would have won if I had the other team
|c|âBloodz|I have clef on it
|c|âBloodz|and he has nothing for it beside bish
|c|âBloodz|and trick lati
|leave|Arcanine is Regal
|c|âBloodz|ehhh I guess
|c|âTCBB|my keldeo is specs
|
|move|p1a: Scizor|Bullet Punch|p2a: Latios
|-damage|p2a: Latios|72\/301
|move|p2a: Latios|Psyshock|p1a: Scizor
|-resisted|p1a: Scizor
|-damage|p1a: Scizor|0 fnt
|faint|p1a: Scizor
|
|win|TCBB
|c|âBloodz|well
|c|âBloodz|gg
|c|âTCBB|gg
|leave|Bloodz
|leave|TCBB
|leave|Murkrow Jupiter
|player|p1
|player|p2
|join|TCBB