|join|TCBB
|join|princess
|player|p1|TCBB|102
|player|p2|princess|286
|gametype|singles
|gen|6
|tier|OU
|rated
|clearpoke
|poke|p1|Charizard, M
|poke|p1|Terrakion
|poke|p1|Excadrill, M
|poke|p1|Keldeo
|poke|p1|Bisharp, M
|poke|p1|Azumarill, F
|poke|p2|Pinsir, M, shiny
|poke|p2|Latias, F
|poke|p2|Clefable, M
|poke|p2|Keldeo-Resolute, shiny
|poke|p2|Magnezone, shiny
|poke|p2|Landorus-Therian, M
|rule|Swagger Clause: Swagger is banned
|rule|Baton Pass Clause: Limit one PokÃ©mon knowing Baton Pass
|rule|Sleep Clause Mod: Limit one foe put to sleep
|rule|Species Clause: Limit one of each PokÃ©mon
|rule|OHKO Clause: OHKO moves are banned
|rule|Moody Clause: Moody is banned
|rule|Evasion Moves Clause: Evasion moves are banned
|rule|Endless Battle Clause: Forcing endless battles is banned
|rule|HP Percentage Mod: HP is shown in percentages
|teampreview
|
|start
|switch|p1a: Terrakion|Terrakion|323\/323
|switch|p2a: Cat|Landorus-Therian, M|319\/319
|-ability|p2a: Cat|Intimidate|[of] p1a: Terrakion
|-unboost|p1a: Terrakion|atk|1
|turn|1
|
|move|p2a: Cat|Earthquake|p1a: Terrakion
|-supereffective|p1a: Terrakion
|-enditem|p1a: Terrakion|Focus Sash
|-damage|p1a: Terrakion|1\/323
|move|p1a: Terrakion|Taunt|p2a: Cat
|-start|p2a: Cat|move: Taunt
|
|turn|2
|
|switch|p2a: Zone'd|Magnezone, shiny|281\/281
|switch|p1a: Charizard|Charizard, M|297\/297
|
|turn|3
|
|detailschange|p1a: Charizard|Charizard-Mega-X, M
|message|Charizard has Mega Evolved into Mega Charizard!
|move|p2a: Zone'd|Volt Switch|p1a: Charizard
|-resisted|p1a: Charizard
|-damage|p1a: Charizard|225\/297
|
|switch|p2a: Cat|Landorus-Therian, M|319\/319
|-ability|p2a: Cat|Intimidate|[of] p1a: Charizard
|-unboost|p1a: Charizard|atk|1
|move|p1a: Charizard|Flare Blitz|p2a: Cat
|-damage|p2a: Cat|94\/319
|-damage|p1a: Charizard|151\/297|[from] recoil|[of] p2a: Cat
|
|turn|4
|
|switch|p1a: Terrakion|Terrakion|1\/323
|move|p2a: Cat|Earthquake|p1a: Terrakion
|-supereffective|p1a: Terrakion
|-damage|p1a: Terrakion|0 fnt
|faint|p1a: Terrakion
|
|
|switch|p1a: Azumarill|Azumarill, F|401\/401
|turn|5
|
|move|p2a: Cat|Earthquake|p1a: Azumarill
|-damage|p1a: Azumarill|158\/401
|move|p1a: Azumarill|Knock Off|p2a: Cat
|-damage|p2a: Cat|0 fnt
|-enditem|p2a: Cat|Choice Scarf|[from] move: Knock Off|[of] p1a: Azumarill
|faint|p2a: Cat
|
|
|switch|p2a: OG Mega Mence|Pinsir, M, shiny|271\/271
|-ability|p2a: OG Mega Mence|Mold Breaker
|turn|6
|
|switch|p1a: Charizard|Charizard-Mega-X, M|151\/297
|detailschange|p2a: OG Mega Mence|Pinsir-Mega, M, shiny
|message|Pinsir has Mega Evolved into Mega Pinsir!
|move|p2a: OG Mega Mence|Frustration|p1a: Charizard
|-crit|p1a: Charizard
|-damage|p1a: Charizard|0 fnt
|faint|p1a: Charizard
|
|
|switch|p1a: Excadrill|Excadrill, M|361\/361
|-ability|p1a: Excadrill|Mold Breaker
|turn|7
|
|switch|p2a: Horse|Keldeo-Resolute, shiny|323\/323
|move|p1a: Excadrill|Rock Slide|p2a: Horse
|-resisted|p2a: Horse
|-damage|p2a: Horse|266\/323
|
|turn|8
|
|switch|p1a: Keldeo|Keldeo|323\/323
|move|p2a: Horse|Scald|p1a: Keldeo
|-resisted|p1a: Keldeo
|-damage|p1a: Keldeo|199\/323
|-status|p1a: Keldeo|brn
|
|-damage|p1a: Keldeo|159\/323 brn|[from] brn
|turn|9
|
|switch|p2a: Clef.|Clefable, M|390\/390
|switch|p1a: Bisharp|Bisharp, M|271\/271
|
|turn|10
|
|move|p1a: Bisharp|Iron Head|p2a: Clef.
|-supereffective|p2a: Clef.
|-damage|p2a: Clef.|96\/390
|move|p2a: Clef.|Fire Blast|p1a: Bisharp
|-supereffective|p1a: Bisharp
|-damage|p1a: Bisharp|61\/271
|
|-heal|p2a: Clef.|120\/390|[from] item: Leftovers
|turn|11
|
|move|p1a: Bisharp|Iron Head|p2a: Clef.
|-supereffective|p2a: Clef.
|-damage|p2a: Clef.|0 fnt
|faint|p2a: Clef.
|
|
|switch|p2a: Horse|Keldeo-Resolute, shiny|266\/323
|turn|12
|
|switch|p1a: Azumarill|Azumarill, F|158\/401
|move|p2a: Horse|Scald|p1a: Azumarill
|-resisted|p1a: Azumarill
|-damage|p1a: Azumarill|73\/401
|
|turn|13
|
|move|p2a: Horse|Scald|p1a: Azumarill
|-resisted|p1a: Azumarill
|-damage|p1a: Azumarill|0 fnt
|faint|p1a: Azumarill
|
|
|switch|p1a: Excadrill|Excadrill, M|361\/361
|-ability|p1a: Excadrill|Mold Breaker
|turn|14
|
|move|p1a: Excadrill|Rock Slide|p2a: Horse
|-resisted|p2a: Horse
|-damage|p2a: Horse|207\/323
|cant|p2a: Horse|flinch
|
|turn|15
|-message|TCBB forfeited.
|
|win|princess
|raw|Ladder updating...
|leave|TCBB
|player|p1
|raw|TCBB's rating: 1753 &rarr; <strong>1732<\/strong><br \/>(-21 for losing)
|raw|princess's rating: 1732 &rarr; <strong>1753<\/strong><br \/>(+21 for winning)