|join|TCBB
|join|LT5Y Fairy
|player|p1|TCBB|157
|player|p2|LT5Y Fairy|18
|gametype|singles
|gen|6
|tier|OU
|rated
|clearpoke
|poke|p1|Scizor, M
|poke|p1|Garchomp, M
|poke|p1|Keldeo
|poke|p1|Raikou, shiny
|poke|p1|Landorus-Therian, M
|poke|p1|Gengar, M, shiny
|poke|p2|Gardevoir, M
|poke|p2|Bisharp, F
|poke|p2|Azumarill, M
|poke|p2|Landorus-Therian, M
|poke|p2|Latias, F
|poke|p2|Raikou
|rule|Swagger Clause: Swagger is banned
|rule|Baton Pass Clause: Limit one PokÃ©mon knowing Baton Pass
|rule|Sleep Clause Mod: Limit one foe put to sleep
|rule|Species Clause: Limit one of each PokÃ©mon
|rule|OHKO Clause: OHKO moves are banned
|rule|Moody Clause: Moody is banned
|rule|Evasion Moves Clause: Evasion moves are banned
|rule|Endless Battle Clause: Forcing endless battles is banned
|rule|HP Percentage Mod: HP is shown in percentages
|teampreview
|c|âLT5Y Fairy|Gl.
|
|start
|switch|p1a: Garchomp|Garchomp, M|357\/357
|switch|p2a: Landorus-Therian|Landorus-Therian, M|382\/382
|-ability|p2a: Landorus-Therian|Intimidate|[of] p1a: Garchomp
|-unboost|p1a: Garchomp|atk|1
|turn|1
|
|move|p1a: Garchomp|Stealth Rock|p2a: Landorus-Therian
|-sidestart|p2: LT5Y Fairy|move: Stealth Rock
|move|p2a: Landorus-Therian|Stealth Rock|p1a: Garchomp
|-sidestart|p1: TCBB|move: Stealth Rock
|
|turn|2
|
|move|p1a: Garchomp|Dragon Claw|p2a: Landorus-Therian
|-damage|p2a: Landorus-Therian|286\/382
|move|p2a: Landorus-Therian|Earthquake|p1a: Garchomp
|-damage|p1a: Garchomp|137\/357
|
|-heal|p2a: Landorus-Therian|309\/382|[from] item: Leftovers
|turn|3
|
|move|p1a: Garchomp|Dragon Claw|p2a: Landorus-Therian
|-damage|p2a: Landorus-Therian|201\/382
|move|p2a: Landorus-Therian|Knock Off|p1a: Garchomp
|-damage|p1a: Garchomp|0 fnt
|-damage|p2a: Landorus-Therian|154\/382|[from] ability: Rough Skin|[of] p1a: Garchomp
|-enditem|p1a: Garchomp|Focus Sash|[from] move: Knock Off|[of] p2a: Landorus-Therian
|faint|p1a: Garchomp
|
|-heal|p2a: Landorus-Therian|177\/382|[from] item: Leftovers
|
|switch|p1a: Gengar|Gengar, M, shiny|282\/282
|-damage|p1a: Gengar|247\/282|[from] Stealth Rock
|turn|4
|
|move|p1a: Gengar|Shadow Ball|p2a: Landorus-Therian
|-damage|p2a: Landorus-Therian|0 fnt
|-damage|p1a: Gengar|219\/282|[from] item: Life Orb
|faint|p2a: Landorus-Therian
|
|
|switch|p2a: Raikou|Raikou|322\/322
|-damage|p2a: Raikou|282\/322|[from] Stealth Rock
|-ability|p2a: Raikou|Pressure
|turn|5
|
|move|p2a: Raikou|Extrasensory|p1a: Gengar
|-supereffective|p1a: Gengar
|-damage|p1a: Gengar|15\/282
|move|p1a: Gengar|Shadow Ball|p2a: Raikou
|-damage|p2a: Raikou|121\/322
|-damage|p1a: Gengar|0 fnt|[from] item: Life Orb
|faint|p1a: Gengar
|
|-heal|p2a: Raikou|141\/322|[from] item: Leftovers
|
|switch|p1a: Landorus-Therian|Landorus-Therian, M|353\/353
|-damage|p1a: Landorus-Therian|309\/353|[from] Stealth Rock
|-ability|p1a: Landorus-Therian|Intimidate|[of] p2a: Raikou
|-unboost|p2a: Raikou|atk|1
|turn|6
|
|move|p1a: Landorus-Therian|U-turn|p2a: Raikou
|-damage|p2a: Raikou|12\/322
|
|switch|p1a: Raikou|Raikou, shiny|321\/321
|-damage|p1a: Raikou|281\/321|[from] Stealth Rock
|-ability|p1a: Raikou|Pressure
|move|p2a: Raikou|Hidden Power|p1a: Raikou
|-damage|p1a: Raikou|239\/321
|
|-heal|p2a: Raikou|32\/322|[from] item: Leftovers
|turn|7
|
|move|p2a: Raikou|Extrasensory|p1a: Raikou
|-damage|p1a: Raikou|181\/321
|move|p1a: Raikou|Thunderbolt|p2a: Raikou
|-resisted|p2a: Raikou
|-damage|p2a: Raikou|0 fnt
|faint|p2a: Raikou
|
|
|switch|p2a: Bisharp|Bisharp, F|272\/272
|-damage|p2a: Bisharp|255\/272|[from] Stealth Rock
|turn|8
|
|move|p2a: Bisharp|Pursuit|p1a: Raikou|[from]Pursuit
|-damage|p1a: Raikou|0 fnt
|-damage|p2a: Bisharp|228\/272|[from] item: Life Orb
|faint|p1a: Raikou
|
|
|switch|p1a: Keldeo|Keldeo|322\/322
|-damage|p1a: Keldeo|302\/322|[from] Stealth Rock
|turn|9
|
|switch|p2a: Latias|Latias, F|302\/302
|-damage|p2a: Latias|265\/302|[from] Stealth Rock
|move|p1a: Keldeo|Secret Sword|p2a: Latias
|-resisted|p2a: Latias
|-damage|p2a: Latias|133\/302
|
|turn|10
|
|switch|p1a: Landorus-Therian|Landorus-Therian, M|309\/353
|-damage|p1a: Landorus-Therian|265\/353|[from] Stealth Rock
|-ability|p1a: Landorus-Therian|Intimidate|[of] p2a: Latias
|-unboost|p2a: Latias|atk|1
|move|p2a: Latias|Defog|p1a: Landorus-Therian
|-unboost|p1a: Landorus-Therian|evasion|1
|-sideend|p1: TCBB|Stealth Rock|[from] move: Defog|[of] p1a: Landorus-Therian
|-sideend|p2: LT5Y Fairy|Stealth Rock|[from] move: Defog|[of] p2a: Latias
|
|turn|11
|
|move|p1a: Landorus-Therian|U-turn|p2a: Latias
|-supereffective|p2a: Latias
|-damage|p2a: Latias|0 fnt
|faint|p2a: Latias
|
|switch|p1a: Keldeo|Keldeo|302\/322
|
|
|switch|p2a: Azumarill|Azumarill, M|404\/404
|turn|12
|
|move|p1a: Keldeo|Secret Sword|p2a: Azumarill
|-resisted|p2a: Azumarill
|-damage|p2a: Azumarill|266\/404
|move|p2a: Azumarill|Waterfall|p1a: Keldeo
|-resisted|p1a: Keldeo
|-damage|p1a: Keldeo|158\/322
|
|turn|13
|
|switch|p2a: Gardevoir|Gardevoir, M|278\/278
|-ability|p2a: Gardevoir|Justified|[from] ability: Trace|[of] p1a: Keldeo
|move|p1a: Keldeo|Secret Sword|p2a: Gardevoir
|-resisted|p2a: Gardevoir
|-damage|p2a: Gardevoir|202\/278
|
|turn|14
|
|switch|p1a: Landorus-Therian|Landorus-Therian, M|265\/353
|-ability|p1a: Landorus-Therian|Intimidate|[of] p2a: Gardevoir
|-unboost|p2a: Gardevoir|atk|1
|detailschange|p2a: Gardevoir|Gardevoir-Mega, M
|message|Gardevoir has Mega Evolved into Mega Gardevoir!
|move|p2a: Gardevoir|Substitute|p2a: Gardevoir
|-start|p2a: Gardevoir|Substitute
|-damage|p2a: Gardevoir|133\/278
|
|turn|15
|
|move|p1a: Landorus-Therian|Earthquake|p2a: Gardevoir
|-end|p2a: Gardevoir|Substitute
|move|p2a: Gardevoir|Hyper Voice|p1a: Landorus-Therian
|-damage|p1a: Landorus-Therian|0 fnt
|faint|p1a: Landorus-Therian
|
|
|switch|p1a: Keldeo|Keldeo|158\/322
|turn|16
|
|move|p1a: Keldeo|Scald|p2a: Gardevoir
|-damage|p2a: Gardevoir|0 fnt
|faint|p2a: Gardevoir
|
|
|switch|p2a: Azumarill|Azumarill, M|266\/404
|turn|17
|
|move|p1a: Keldeo|Scald|p2a: Azumarill
|-resisted|p2a: Azumarill
|-damage|p2a: Azumarill|143\/404
|-status|p2a: Azumarill|brn
|move|p2a: Azumarill|Waterfall|p1a: Keldeo
|-resisted|p1a: Keldeo
|-damage|p1a: Keldeo|88\/322
|
|-damage|p2a: Azumarill|93\/404 brn|[from] brn
|turn|18
|
|move|p1a: Keldeo|Scald|p2a: Azumarill
|-resisted|p2a: Azumarill
|-damage|p2a: Azumarill|0 fnt
|faint|p2a: Azumarill
|
|
|switch|p2a: Bisharp|Bisharp, F|228\/272
|turn|19
|
|move|p2a: Bisharp|Sucker Punch|p1a: Keldeo
|-resisted|p1a: Keldeo
|-damage|p1a: Keldeo|0 fnt
|-damage|p2a: Bisharp|201\/272|[from] item: Life Orb
|faint|p1a: Keldeo
|
|
|switch|p1a: Scizor|Scizor, M|281\/281
|turn|20
|
|detailschange|p1a: Scizor|Scizor-Mega, M
|message|Scizor has Mega Evolved into Mega Scizor!
|move|p2a: Bisharp|Sucker Punch|p1a: Scizor
|-damage|p1a: Scizor|139\/281
|-damage|p2a: Bisharp|174\/272|[from] item: Life Orb
|move|p1a: Scizor|Superpower|p2a: Bisharp
|-supereffective|p2a: Bisharp
|-damage|p2a: Bisharp|0 fnt
|-unboost|p1a: Scizor|atk|1
|-unboost|p1a: Scizor|def|1
|faint|p2a: Bisharp
|
|win|TCBB
|raw|Ladder updating...
|raw|TCBB's rating: 1689 &rarr; <strong>1711<\/strong><br \/>(+22 for winning)
|raw|LT5Y Fairy's rating: 1729 &rarr; <strong>1707<\/strong><br \/>(-22 for losing)
|c|âLT5Y Fairy|gG
|c|âTCBB|gg
|leave|LT5Y Fairy
|player|p2