|join|TCBB
|join|trinitrotoluene
|player|p1|TCBB|170
|player|p2|trinitrotoluene|190
|gametype|singles
|gen|6
|tier|OU
|clearpoke
|poke|p1|Magnezone
|poke|p1|Pinsir, M
|poke|p1|Diggersby, M
|poke|p1|Tyranitar, M
|poke|p1|Azumarill, M
|poke|p1|Excadrill, M
|poke|p2|Azumarill, F
|poke|p2|Landorus, M
|poke|p2|Wobbuffet, F, shiny
|poke|p2|Thundurus, M
|poke|p2|Greninja, F, shiny
|poke|p2|Azelf, shiny
|rule|Swagger Clause: Swagger is banned
|rule|Baton Pass Clause: Limit one PokÃ©mon knowing Baton Pass
|rule|Sleep Clause Mod: Limit one foe put to sleep
|rule|Species Clause: Limit one of each PokÃ©mon
|rule|OHKO Clause: OHKO moves are banned
|rule|Moody Clause: Moody is banned
|rule|Evasion Moves Clause: Evasion moves are banned
|rule|Endless Battle Clause: Forcing endless battles is banned
|rule|HP Percentage Mod: HP is shown in percentages
|teampreview
|c|âtrinitrotoluene|ok. first part of battling: team preview.
|c|âtrinitrotoluene|you use this to id potential threats and choose your primary win condition.
|c|âtrinitrotoluene|so, looking at my team, what would you say the main threats are?
|c|âTCBB|most likely the landorus
|c|âTCBB|since nothing to switch into
|c|âtrinitrotoluene|okay.
|c|âtrinitrotoluene|you can also use team preview to take a guess as to what your opp's carrying.
|c|âTCBB|i can guess i see a av azumarill maybe
|c|âtrinitrotoluene|so, from taking a look at your team, i can guess that your goal is to facilitate a sweep w\/ one of your physical brutes (mega pinsir, diggersby, azumarill, drill).
|c|âtrinitrotoluene|i can also make a reasonable guess and predict that your ttar is a smooth rock variant.
|c|âtrinitrotoluene|after making a few predictions about what your opp is likely to be running, you can use that to adjust your game plan.
|
|start
|switch|p1a: Tyranitar|Tyranitar, M|403\/403
|switch|p2a: perth sunset|Azelf, shiny|292\/292
|-weather|Sandstorm
|turn|1
|
|move|p2a: perth sunset|Stealth Rock|p1a: Tyranitar
|-sidestart|p1: TCBB|move: Stealth Rock
|move|p1a: Tyranitar|Stealth Rock|p2a: perth sunset
|-sidestart|p2: trinitrotoluene|move: Stealth Rock
|
|-weather|Sandstorm|[upkeep]
|-damage|p2a: perth sunset|274\/292|[from] sandstorm
|turn|2
|
|switch|p1a: Diggersby|Diggersby, M|312\/312
|-damage|p1a: Diggersby|293\/312|[from] Stealth Rock
|move|p2a: perth sunset|Knock Off|p1a: Diggersby
|-damage|p1a: Diggersby|146\/312
|-enditem|p1a: Diggersby|Life Orb|[from] move: Knock Off|[of] p2a: perth sunset
|
|-weather|Sandstorm|[upkeep]
|-damage|p2a: perth sunset|256\/292|[from] sandstorm
|turn|3
|
|switch|p1a: Magnezone|Magnezone|281\/281
|-damage|p1a: Magnezone|264\/281|[from] Stealth Rock
|move|p2a: perth sunset|Explosion|p1a: Magnezone
|-resisted|p1a: Magnezone
|-damage|p1a: Magnezone|144\/281
|faint|p2a: perth sunset
|
|-weather|Sandstorm|[upkeep]
|
|switch|p2a: twilight zone|Greninja, F, shiny|285\/285
|-damage|p2a: twilight zone|250\/285|[from] Stealth Rock
|turn|4
|c|âtrinitrotoluene|ok.
|c|âtrinitrotoluene|now that the first few turns have come and gone, i feel that it's time i talked about risk v. reward.
|
|move|p2a: twilight zone|Hidden Power|p1a: Magnezone
|-start|p2a: twilight zone|typechange|Fire|[from] Protean
|-supereffective|p1a: Magnezone
|-damage|p1a: Magnezone|0 fnt
|-damage|p2a: twilight zone|222\/285|[from] item: Life Orb
|faint|p1a: Magnezone
|
|-weather|Sandstorm|[upkeep]
|-damage|p2a: twilight zone|205\/285|[from] sandstorm
|
|switch|p1a: Azumarill|Azumarill, M|361\/361
|-damage|p1a: Azumarill|316\/361|[from] Stealth Rock
|turn|5
|c|âtrinitrotoluene|basically, by looking at your current situation, you can make quick judgments as to your best move.
|
|move|p2a: twilight zone|Hydro Pump|p1a: Azumarill
|-start|p2a: twilight zone|typechange|Water|[from] Protean
|-resisted|p1a: Azumarill
|-damage|p1a: Azumarill|191\/361
|-damage|p2a: twilight zone|177\/285|[from] item: Life Orb
|move|p1a: Azumarill|Play Rough|p2a: twilight zone
|-damage|p2a: twilight zone|0 fnt
|faint|p2a: twilight zone
|
|-weather|Sandstorm|[upkeep]
|-damage|p1a: Azumarill|169\/361|[from] sandstorm
|
|switch|p2a: double trouble|Landorus, M|319\/319
|-damage|p2a: double trouble|280\/319|[from] Stealth Rock
|turn|6
|
|switch|p1a: Diggersby|Diggersby, M|146\/312
|-damage|p1a: Diggersby|127\/312|[from] Stealth Rock
|move|p2a: double trouble|Sludge Wave|p1a: Diggersby
|-crit|p1a: Diggersby
|-resisted|p1a: Diggersby
|-damage|p1a: Diggersby|0 fnt
|faint|p1a: Diggersby
|
|-weather|Sandstorm|[upkeep]
|
|switch|p1a: Azumarill|Azumarill, M|169\/361
|-damage|p1a: Azumarill|124\/361|[from] Stealth Rock
|turn|7
|c|âtrinitrotoluene|you can also use what happens in-battle to refine your predictions about what sets your opponent may be running.
|
|switch|p2a: manicured reality|Wobbuffet, F, shiny|583\/583
|-damage|p2a: manicured reality|511\/583|[from] Stealth Rock
|move|p1a: Azumarill|Aqua Jet|p2a: manicured reality
|-damage|p2a: manicured reality|373\/583
|
|-weather|Sandstorm|[upkeep]
|-damage|p1a: Azumarill|102\/361|[from] sandstorm
|-damage|p2a: manicured reality|337\/583|[from] sandstorm
|turn|8
|c|âtrinitrotoluene|for example, while i initially thought your azu was assault vest, i can now see that it's a choice band azu.
|
|move|p1a: Azumarill|Aqua Jet|p2a: manicured reality
|-damage|p2a: manicured reality|199\/583
|-enditem|p2a: manicured reality|Sitrus Berry|[eat]
|-heal|p2a: manicured reality|344\/583|[from] item: Sitrus Berry
|move|p2a: manicured reality|Counter|p1a: Azumarill
|-damage|p1a: Azumarill|0 fnt
|faint|p1a: Azumarill
|
|-weather|none
|
|switch|p1a: Mega Pinsir|Pinsir, M|271\/271
|-damage|p1a: Mega Pinsir|204\/271|[from] Stealth Rock
|turn|9
|c|âtrinitrotoluene|these kinds of things can change up your game plan, so be sure to keep them in mind.
|
|detailschange|p1a: Mega Pinsir|Pinsir-Mega, M
|message|Pinsir has Mega Evolved into Mega Pinsir!
|move|p1a: Mega Pinsir|Frustration|p2a: manicured reality
|-damage|p2a: manicured reality|38\/583
|move|p2a: manicured reality|Encore|p1a: Mega Pinsir
|-start|p1a: Mega Pinsir|Encore
|
|turn|10
|
|move|p1a: Mega Pinsir|Frustration|p2a: manicured reality
|-damage|p2a: manicured reality|0 fnt
|faint|p2a: manicured reality
|
|
|switch|p2a: scruffy bugger|Thundurus, M|299\/299
|-damage|p2a: scruffy bugger|225\/299|[from] Stealth Rock
|turn|11
|
|switch|p1a: Tyranitar|Tyranitar, M|403\/403
|-damage|p1a: Tyranitar|353\/403|[from] Stealth Rock
|-weather|Sandstorm
|move|p2a: scruffy bugger|Thunderbolt|p1a: Tyranitar
|-damage|p1a: Tyranitar|220\/403
|-damage|p2a: scruffy bugger|196\/299|[from] item: Life Orb
|
|-weather|Sandstorm|[upkeep]
|-damage|p2a: scruffy bugger|178\/299|[from] sandstorm
|turn|12
|
|switch|p1a: Mega Pinsir|Pinsir-Mega, M|204\/271
|-damage|p1a: Mega Pinsir|69\/271|[from] Stealth Rock
|move|p2a: scruffy bugger|Thunderbolt|p1a: Mega Pinsir
|-supereffective|p1a: Mega Pinsir
|-damage|p1a: Mega Pinsir|0 fnt
|-damage|p2a: scruffy bugger|149\/299|[from] item: Life Orb
|faint|p1a: Mega Pinsir
|
|-weather|Sandstorm|[upkeep]
|-damage|p2a: scruffy bugger|131\/299|[from] sandstorm
|
|switch|p1a: Excadrill|Excadrill, M|361\/361
|-damage|p1a: Excadrill|350\/361|[from] Stealth Rock
|-item|p1a: Excadrill|Air Balloon
|turn|13
|
|move|p1a: Excadrill|Rock Slide|p2a: scruffy bugger
|-supereffective|p2a: scruffy bugger
|-damage|p2a: scruffy bugger|0 fnt
|faint|p2a: scruffy bugger
|
|-weather|Sandstorm|[upkeep]
|
|switch|p2a: stardust|Azumarill, F|354\/354
|-damage|p2a: stardust|310\/354|[from] Stealth Rock
|turn|14
|
|switch|p1a: Tyranitar|Tyranitar, M|220\/403
|-damage|p1a: Tyranitar|170\/403|[from] Stealth Rock
|move|p2a: stardust|Aqua Jet|p1a: Tyranitar
|-supereffective|p1a: Tyranitar
|-damage|p1a: Tyranitar|56\/403
|
|-weather|Sandstorm|[upkeep]
|-damage|p2a: stardust|288\/354|[from] sandstorm
|turn|15
|
|move|p2a: stardust|Aqua Jet|p1a: Tyranitar
|-supereffective|p1a: Tyranitar
|-damage|p1a: Tyranitar|0 fnt
|faint|p1a: Tyranitar
|
|-weather|Sandstorm|[upkeep]
|-damage|p2a: stardust|266\/354|[from] sandstorm
|
|switch|p1a: Excadrill|Excadrill, M|350\/361
|-damage|p1a: Excadrill|339\/361|[from] Stealth Rock
|-item|p1a: Excadrill|Air Balloon
|turn|16
|c|âtrinitrotoluene|is there a reason you switched your tyranitar into my azumarill?
|
|move|p2a: stardust|Aqua Jet|p1a: Excadrill
|-supereffective|p1a: Excadrill
|-damage|p1a: Excadrill|69\/361
|-enditem|p1a: Excadrill|Air Balloon
|move|p1a: Excadrill|Earthquake|p2a: stardust
|-damage|p2a: stardust|17\/354
|-enditem|p2a: stardust|Sitrus Berry|[eat]
|-heal|p2a: stardust|105\/354|[from] item: Sitrus Berry
|
|-weather|Sandstorm|[upkeep]
|-damage|p2a: stardust|83\/354|[from] sandstorm
|turn|17
|c|âTCBB|just to get that bit of sand damage
|c|âtrinitrotoluene|ah.
|c|âTCBB|i wasn't confident eq would kill
|
|move|p2a: stardust|Aqua Jet|p1a: Excadrill
|-supereffective|p1a: Excadrill
|-damage|p1a: Excadrill|0 fnt
|faint|p1a: Excadrill
|
|win|trinitrotoluene
|c|âtrinitrotoluene|mmk.
|c|âtrinitrotoluene|looking back at this, do you think you messed up somewhere?
|c|âTCBB|umm
|c|âTCBB|yeah
|c|âTCBB|i forgot scarf mag don't outspeed greninja
|c|âtrinitrotoluene|knowing that, what should you have done instead?
|c|âTCBB|i could have gone into azu instead and spammed play rough
|c|âtrinitrotoluene|i see.
|c|âtrinitrotoluene|i messed up a bit turn 4 because i clicked hp fire when hydro pump would have killed the mag and severely damaged any of your other switch-ins besides azu.
|c|âtrinitrotoluene|now, this is a decent opportunity for me to introduce the concept of momentum.
|c|âtrinitrotoluene|i personally define momentum as when you (the battler) force the opponent out of their pace and into yours.
|c|âtrinitrotoluene|my favorite example of which i can illustrate this is the standard offense v. stall match-up.
|c|âTCBB|k
|join|Tyler0
|c| Tyler0|tutor?
|c|âtrinitrotoluene|if the stall player can disrupt the offensive player's momentum (e.g. canceling a sweep w\/ a well-timed double switch, forcing out the opponent's mon and forcing them to take more damages), then the stall player can be seen as gaining momentum for his \/ her side of the field.
|c|âtrinitrotoluene|yea, i'm doing a tutoring session w\/ thesupersaiyanbreloom atm, tyler.
|c| Tyler0|Have fun
|leave|Tyler0
|c|âtrinitrotoluene|however, if the offensive player can lure in and ko a wall that would hinder the rest of the team, then the offensive player could be seen as gaining momentum.
|c|âTCBB|i see
|c|âtrinitrotoluene|so, let's look back at our battle.