|join|ten second songs
|join|TCBB
|player|p1|ten second songs|101
|player|p2|TCBB|157
|gametype|singles
|gen|6
|tier|OU
|rated
|clearpoke
|poke|p1|Lopunny, M
|poke|p1|Rotom-Wash
|poke|p1|Clefable, M
|poke|p1|Gothitelle, M
|poke|p1|Empoleon, F
|poke|p1|Landorus-Therian, M
|poke|p2|Gallade, M, shiny
|poke|p2|Bisharp, M, shiny
|poke|p2|Rotom-Wash
|poke|p2|Terrakion
|poke|p2|Latios, M
|poke|p2|Keldeo
|rule|Swagger Clause: Swagger is banned
|rule|Baton Pass Clause: Limit one PokÃ©mon knowing Baton Pass
|rule|Sleep Clause Mod: Limit one foe put to sleep
|rule|Species Clause: Limit one of each PokÃ©mon
|rule|OHKO Clause: OHKO moves are banned
|rule|Moody Clause: Moody is banned
|rule|Evasion Moves Clause: Evasion moves are banned
|rule|Endless Battle Clause: Forcing endless battles is banned
|rule|HP Percentage Mod: HP is shown in percentages
|teampreview
|
|start
|switch|p1a: Lopunny|Lopunny, M|271\/271
|switch|p2a: Rotom-Wash|Rotom-Wash|303\/303
|turn|1
|
|detailschange|p1a: Lopunny|Lopunny-Mega, M
|message|Lopunny has Mega Evolved into Mega Lopunny!
|move|p1a: Lopunny|Fake Out|p2a: Rotom-Wash
|-damage|p2a: Rotom-Wash|254\/303
|cant|p2a: Rotom-Wash|flinch
|
|-heal|p2a: Rotom-Wash|272\/303|[from] item: Leftovers
|turn|2
|
|switch|p1a: Clefable|Clefable, M|393\/393
|move|p2a: Rotom-Wash|Will-O-Wisp|p1a: Clefable
|-status|p1a: Clefable|brn
|
|-heal|p2a: Rotom-Wash|290\/303|[from] item: Leftovers
|turn|3
|
|move|p2a: Rotom-Wash|Volt Switch|p1a: Clefable
|-damage|p1a: Clefable|306\/393 brn
|
|switch|p2a: Terrakion|Terrakion|323\/323
|move|p1a: Clefable|Moonblast|p2a: Terrakion
|-supereffective|p2a: Terrakion
|-damage|p2a: Terrakion|81\/323
|
|-heal|p1a: Clefable|330\/393 brn|[from] item: Leftovers
|turn|4
|
|move|p2a: Terrakion|Stealth Rock|p1a: Clefable
|-sidestart|p1: ten second songs|move: Stealth Rock
|move|p1a: Clefable|Moonblast|p2a: Terrakion
|-supereffective|p2a: Terrakion
|-damage|p2a: Terrakion|0 fnt
|faint|p2a: Terrakion
|
|-heal|p1a: Clefable|354\/393 brn|[from] item: Leftovers
|
|switch|p2a: Bisharp|Bisharp, M, shiny|271\/271
|turn|5
|
|switch|p1a: Rotom-Wash|Rotom-Wash|303\/303
|-damage|p1a: Rotom-Wash|266\/303|[from] Stealth Rock
|move|p2a: Bisharp|Iron Head|p1a: Rotom-Wash
|-resisted|p1a: Rotom-Wash
|-damage|p1a: Rotom-Wash|240\/303
|
|-heal|p1a: Rotom-Wash|258\/303|[from] item: Leftovers
|turn|6
|
|switch|p2a: Latios|Latios, M|301\/301
|move|p1a: Rotom-Wash|Will-O-Wisp|p2a: Latios|[miss]
|-miss|p1a: Rotom-Wash|p2a: Latios
|
|-heal|p1a: Rotom-Wash|276\/303|[from] item: Leftovers
|turn|7
|
|switch|p1a: Empoleon|Empoleon, F|371\/371
|-damage|p1a: Empoleon|348\/371|[from] Stealth Rock
|move|p2a: Latios|Psyshock|p1a: Empoleon
|-resisted|p1a: Empoleon
|-damage|p1a: Empoleon|265\/371
|
|-heal|p1a: Empoleon|288\/371|[from] item: Leftovers
|turn|8
|
|switch|p2a: Gallade|Gallade, M, shiny|277\/277
|move|p1a: Empoleon|Stealth Rock|p2a: Gallade
|-sidestart|p2: TCBB|move: Stealth Rock
|
|-heal|p1a: Empoleon|311\/371|[from] item: Leftovers
|turn|9
|
|detailschange|p2a: Gallade|Gallade-Mega, M, shiny
|message|Gallade has Mega Evolved into Mega Gallade!
|move|p2a: Gallade|Close Combat|p1a: Empoleon
|-supereffective|p1a: Empoleon
|-damage|p1a: Empoleon|0 fnt
|-unboost|p2a: Gallade|def|1
|-unboost|p2a: Gallade|spd|1
|faint|p1a: Empoleon
|
|
|switch|p1a: Lopunny|Lopunny-Mega, M|271\/271
|-damage|p1a: Lopunny|255\/271|[from] Stealth Rock
|turn|10
|
|switch|p2a: Rotom-Wash|Rotom-Wash|290\/303
|-damage|p2a: Rotom-Wash|253\/303|[from] Stealth Rock
|move|p1a: Lopunny|Frustration|p2a: Rotom-Wash
|-damage|p2a: Rotom-Wash|121\/303
|
|-heal|p2a: Rotom-Wash|139\/303|[from] item: Leftovers
|turn|11
|
|move|p1a: Lopunny|High Jump Kick|p2a: Rotom-Wash
|-damage|p2a: Rotom-Wash|0 fnt
|faint|p2a: Rotom-Wash
|
|
|switch|p2a: Latios|Latios, M|301\/301
|-damage|p2a: Latios|264\/301|[from] Stealth Rock
|turn|12
|
|switch|p2a: Bisharp|Bisharp, M, shiny|271\/271
|-damage|p2a: Bisharp|255\/271|[from] Stealth Rock
|switch|p1a: Clefable|Clefable, M|354\/393 brn
|
|-heal|p1a: Clefable|378\/393 brn|[from] item: Leftovers
|turn|13
|
|move|p2a: Bisharp|Knock Off|p1a: Clefable
|-resisted|p1a: Clefable
|-damage|p1a: Clefable|273\/393 brn
|-enditem|p1a: Clefable|Leftovers|[from] move: Knock Off|[of] p2a: Bisharp
|move|p1a: Clefable|Moonblast|p2a: Bisharp
|-damage|p2a: Bisharp|113\/271
|
|turn|14
|
|switch|p1a: Rotom-Wash|Rotom-Wash|276\/303
|-damage|p1a: Rotom-Wash|239\/303|[from] Stealth Rock
|move|p2a: Bisharp|Iron Head|p1a: Rotom-Wash
|-crit|p1a: Rotom-Wash
|-resisted|p1a: Rotom-Wash
|-damage|p1a: Rotom-Wash|201\/303
|
|-heal|p1a: Rotom-Wash|219\/303|[from] item: Leftovers
|turn|15
|
|switch|p2a: Latios|Latios, M|264\/301
|-damage|p2a: Latios|227\/301|[from] Stealth Rock
|move|p1a: Rotom-Wash|Volt Switch|p2a: Latios
|-resisted|p2a: Latios
|-damage|p2a: Latios|188\/301
|
|switch|p1a: Landorus-Therian|Landorus-Therian, M|319\/319
|-damage|p1a: Landorus-Therian|280\/319|[from] Stealth Rock
|-ability|p1a: Landorus-Therian|Intimidate|[of] p2a: Latios
|-unboost|p2a: Latios|atk|1
|
|turn|16
|
|switch|p1a: Clefable|Clefable, M|273\/393 brn
|move|p2a: Latios|Draco Meteor|p1a: Clefable
|-immune|p1a: Clefable|[msg]
|
|turn|17
|
|switch|p2a: Bisharp|Bisharp, M, shiny|113\/271
|-damage|p2a: Bisharp|97\/271|[from] Stealth Rock
|move|p1a: Clefable|Moonblast|p2a: Bisharp
|-damage|p2a: Bisharp|0 fnt
|faint|p2a: Bisharp
|
|
|switch|p2a: Keldeo|Keldeo|323\/323
|-damage|p2a: Keldeo|303\/323|[from] Stealth Rock
|turn|18
|
|switch|p1a: Rotom-Wash|Rotom-Wash|219\/303
|-damage|p1a: Rotom-Wash|182\/303|[from] Stealth Rock
|move|p2a: Keldeo|Hydro Pump|p1a: Rotom-Wash
|-resisted|p1a: Rotom-Wash
|-damage|p1a: Rotom-Wash|37\/303
|
|-heal|p1a: Rotom-Wash|55\/303|[from] item: Leftovers
|turn|19
|
|move|p2a: Keldeo|Hydro Pump|p1a: Rotom-Wash
|-resisted|p1a: Rotom-Wash
|-damage|p1a: Rotom-Wash|0 fnt
|faint|p1a: Rotom-Wash
|
|
|switch|p1a: Gothitelle|Gothitelle, M|281\/281
|-damage|p1a: Gothitelle|246\/281|[from] Stealth Rock
|turn|20
|
|move|p2a: Keldeo|Hydro Pump|p1a: Gothitelle
|-damage|p1a: Gothitelle|0 fnt
|faint|p1a: Gothitelle
|
|
|switch|p1a: Lopunny|Lopunny-Mega, M|255\/271
|-damage|p1a: Lopunny|239\/271|[from] Stealth Rock
|turn|21
|
|move|p1a: Lopunny|Fake Out|p2a: Keldeo
|-damage|p2a: Keldeo|218\/323
|cant|p2a: Keldeo|flinch
|
|turn|22
|
|switch|p2a: Gallade|Gallade-Mega, M, shiny|277\/277
|-damage|p2a: Gallade|260\/277|[from] Stealth Rock
|move|p1a: Lopunny|High Jump Kick|p2a: Gallade
|-resisted|p2a: Gallade
|-damage|p2a: Gallade|128\/277
|
|turn|23
|
|move|p1a: Lopunny|Frustration|p2a: Gallade
|-damage|p2a: Gallade|0 fnt
|faint|p2a: Gallade
|
|
|switch|p2a: Latios|Latios, M|188\/301
|-damage|p2a: Latios|151\/301|[from] Stealth Rock
|turn|24
|
|switch|p1a: Clefable|Clefable, M|273\/393 brn
|move|p2a: Latios|Psyshock|p1a: Clefable
|-damage|p1a: Clefable|156\/393 brn
|
|turn|25
|
|move|p2a: Latios|Psyshock|p1a: Clefable
|-damage|p1a: Clefable|24\/393 brn
|move|p1a: Clefable|Moonblast|p2a: Latios
|-supereffective|p2a: Latios
|-damage|p2a: Latios|0 fnt
|faint|p2a: Latios
|
|c|âten second songs|gg, bra
|-message|TCBB forfeited.
|
|win|ten second songs
|raw|Ladder updating...
|leave|TCBB
|player|p2
|raw|ten second songs's rating: 1338 &rarr; <strong>1361<\/strong><br \/>(+23 for winning)
|raw|TCBB's rating: 1394 &rarr; <strong>1371<\/strong><br \/>(-23 for losing)