|join|TCBB
|join|Always On Tilt
|player|p1|TCBB|157
|player|p2|Always On Tilt|102
|gametype|singles
|gen|6
|tier|OU
|rated
|clearpoke
|poke|p1|Lopunny, F
|poke|p1|Greninja, M, shiny
|poke|p1|Azelf, shiny
|poke|p1|Rotom-Wash
|poke|p1|Landorus, M
|poke|p1|Keldeo
|poke|p2|Metagross
|poke|p2|Keldeo
|poke|p2|Landorus, M
|poke|p2|Hippowdon, F
|poke|p2|Latios, M
|poke|p2|Conkeldurr, M
|rule|Swagger Clause: Swagger is banned
|rule|Baton Pass Clause: Limit one PokÃ©mon knowing Baton Pass
|rule|Sleep Clause Mod: Limit one foe put to sleep
|rule|Species Clause: Limit one of each PokÃ©mon
|rule|OHKO Clause: OHKO moves are banned
|rule|Moody Clause: Moody is banned
|rule|Evasion Moves Clause: Evasion moves are banned
|rule|Endless Battle Clause: Forcing endless battles is banned
|rule|HP Percentage Mod: HP is shown in percentages
|teampreview
|
|start
|switch|p1a: Azelf|Azelf, shiny|291\/291
|switch|p2a: Conkeldurr|Conkeldurr, M|357\/357
|turn|1
|
|move|p1a: Azelf|Knock Off|p2a: Conkeldurr
|-resisted|p2a: Conkeldurr
|-damage|p2a: Conkeldurr|300\/357
|-enditem|p2a: Conkeldurr|Assault Vest|[from] move: Knock Off|[of] p1a: Azelf
|move|p2a: Conkeldurr|Knock Off|p1a: Azelf
|-supereffective|p1a: Azelf
|-enditem|p1a: Azelf|Focus Sash
|-damage|p1a: Azelf|1\/291
|
|turn|2
|
|switch|p1a: Landorus|Landorus, M|319\/319
|move|p2a: Conkeldurr|Mach Punch|p1a: Landorus
|-resisted|p1a: Landorus
|-damage|p1a: Landorus|272\/319
|
|turn|3
|
|switch|p1a: Greninja|Greninja, M, shiny|285\/285
|move|p2a: Conkeldurr|Ice Punch|p1a: Greninja
|-resisted|p1a: Greninja
|-damage|p1a: Greninja|217\/285
|-status|p1a: Greninja|frz
|
|turn|4
|
|switch|p1a: Azelf|Azelf, shiny|1\/291
|move|p2a: Conkeldurr|Ice Punch|p1a: Azelf
|-damage|p1a: Azelf|0 fnt
|faint|p1a: Azelf
|
|
|switch|p1a: Landorus|Landorus, M|272\/319
|turn|5
|
|switch|p2a: Latios|Latios, M|301\/301
|move|p1a: Landorus|Psychic|p2a: Latios
|-resisted|p2a: Latios
|-damage|p2a: Latios|219\/301
|
|turn|6
|
|switch|p1a: Rotom-Wash|Rotom-Wash|303\/303
|move|p2a: Latios|Draco Meteor|p1a: Rotom-Wash
|-crit|p1a: Rotom-Wash
|-damage|p1a: Rotom-Wash|0 fnt
|-unboost|p2a: Latios|spa|2
|-damage|p2a: Latios|189\/301|[from] item: Life Orb
|faint|p1a: Rotom-Wash
|
|
|switch|p1a: Lopunny|Lopunny, F|295\/295
|turn|7
|
|switch|p2a: Metagross|Metagross|301\/301
|switch|p1a: Keldeo|Keldeo|322\/322
|
|turn|8
|
|detailschange|p2a: Metagross|Metagross-Mega
|-mega|p2a: Metagross|Metagross|Metagrossite
|move|p1a: Keldeo|Hydro Pump|p2a: Metagross
|-damage|p2a: Metagross|24\/301
|move|p2a: Metagross|Zen Headbutt|p1a: Keldeo
|-supereffective|p1a: Keldeo
|-damage|p1a: Keldeo|0 fnt
|faint|p1a: Keldeo
|
|
|switch|p1a: Lopunny|Lopunny, F|295\/295
|turn|9
|
|switch|p2a: Hippowdon|Hippowdon, F|420\/420
|-weather|Sandstorm
|detailschange|p1a: Lopunny|Lopunny-Mega, F
|-mega|p1a: Lopunny|Lopunny|Lopunnite
|move|p1a: Lopunny|Return|p2a: Hippowdon
|-damage|p2a: Hippowdon|288\/420
|
|-weather|Sandstorm|[upkeep]
|-damage|p1a: Lopunny|277\/295|[from] sandstorm
|-heal|p2a: Hippowdon|314\/420|[from] item: Leftovers
|turn|10
|
|move|p1a: Lopunny|Ice Punch|p2a: Hippowdon
|-crit|p2a: Hippowdon
|-supereffective|p2a: Hippowdon
|-damage|p2a: Hippowdon|128\/420
|move|p2a: Hippowdon|Slack Off|p2a: Hippowdon
|-heal|p2a: Hippowdon|338\/420
|
|-weather|Sandstorm|[upkeep]
|-damage|p1a: Lopunny|259\/295|[from] sandstorm
|-heal|p2a: Hippowdon|364\/420|[from] item: Leftovers
|turn|11
|
|move|p1a: Lopunny|Ice Punch|p2a: Hippowdon
|-supereffective|p2a: Hippowdon
|-damage|p2a: Hippowdon|234\/420
|move|p2a: Hippowdon|Slack Off|p2a: Hippowdon
|-heal|p2a: Hippowdon|420\/420
|
|-weather|Sandstorm|[upkeep]
|-damage|p1a: Lopunny|241\/295|[from] sandstorm
|turn|12
|
|switch|p1a: Landorus|Landorus, M|272\/319
|move|p2a: Hippowdon|Earthquake|p1a: Landorus
|-immune|p1a: Landorus|[msg]
|
|-weather|Sandstorm|[upkeep]
|turn|13
|
|switch|p1a: Lopunny|Lopunny-Mega, F|241\/295
|switch|p2a: Latios|Latios, M|189\/301
|
|-weather|none
|turn|14
|
|switch|p2a: Conkeldurr|Conkeldurr, M|300\/357
|move|p1a: Lopunny|Ice Punch|p2a: Conkeldurr
|-damage|p2a: Conkeldurr|209\/357
|
|turn|15
|
|move|p2a: Conkeldurr|Mach Punch|p1a: Lopunny
|-supereffective|p1a: Lopunny
|-damage|p1a: Lopunny|65\/295
|move|p1a: Lopunny|High Jump Kick|p2a: Conkeldurr|[miss]
|-miss|p1a: Lopunny|p2a: Conkeldurr
|-damage|p1a: Lopunny|0 fnt|[from] highjumpkick
|faint|p1a: Lopunny
|
|c|âTCBB|...
|
|switch|p1a: Landorus|Landorus, M|272\/319
|turn|16
|
|switch|p2a: Latios|Latios, M|189\/301
|move|p1a: Landorus|Focus Blast|p2a: Latios
|-resisted|p2a: Latios
|-damage|p2a: Latios|84\/301
|
|turn|17
|
|move|p2a: Latios|Draco Meteor|p1a: Landorus|[miss]
|-miss|p2a: Latios|p1a: Landorus
|move|p1a: Landorus|Calm Mind|p1a: Landorus
|-boost|p1a: Landorus|spa|1
|-boost|p1a: Landorus|spd|1
|
|turn|18
|
|move|p2a: Latios|Psyshock|p1a: Landorus
|-damage|p1a: Landorus|61\/319
|-damage|p2a: Latios|54\/301|[from] item: Life Orb
|move|p1a: Landorus|Psychic|p2a: Latios
|-resisted|p2a: Latios
|-damage|p2a: Latios|0 fnt
|faint|p2a: Latios
|
|
|switch|p2a: Keldeo|Keldeo|323\/323
|turn|19
|c|âTCBB|originally had s syleon here :\
|c|âAlways On Tilt|specs?
|c|âTCBB|yeah
|c|âAlways On Tilt|nb
|
|move|p2a: Keldeo|Scald|p1a: Landorus
|-supereffective|p1a: Landorus
|-damage|p1a: Landorus|0 fnt
|faint|p1a: Landorus
|
|c|âAlways On Tilt|like that set
|c|âTCBB|yeah
|c|âAlways On Tilt|sry bout the miss btw bro
|c|âTCBB|problem: on another computer
|c|âTCBB|lol
|c|âAlways On Tilt|ah
|c|âAlways On Tilt|haha
|c|âTCBB|forgot to put in it
|
|switch|p1a: Greninja|Greninja, M, shiny|217\/285 frz
|turn|20
|c|âTCBB|im so weak to keldeo
|c|âAlways On Tilt|yh
|
|cant|p1a: Greninja|frz
|move|p2a: Keldeo|Scald|p1a: Greninja
|-resisted|p1a: Greninja
|-damage|p1a: Greninja|62\/285 frz
|-curestatus|p1a: Greninja|frz
|
|turn|21
|
|move|p1a: Greninja|Gunk Shot|p2a: Keldeo
|-start|p1a: Greninja|typechange|Poison|[from] Protean
|-damage|p2a: Keldeo|116\/323
|-damage|p1a: Greninja|34\/285|[from] item: Life Orb
|move|p2a: Keldeo|Scald|p1a: Greninja
|-damage|p1a: Greninja|0 fnt
|faint|p1a: Greninja
|
|win|Always On Tilt
|raw|Ladder updating...
|raw|TCBB's rating: 1496 &rarr; <strong>1479<\/strong><br \/>(-17 for losing)
|raw|Always On Tilt's rating: 1554 &rarr; <strong>1571<\/strong><br \/>(+17 for winning)