|join|gg pooploser
|join|TCBB
|player|p1|gg pooploser|209
|player|p2|TCBB|157
|gametype|singles
|gen|6
|tier|OU (suspect test)
|rated
|clearpoke
|poke|p1|Breloom, F
|poke|p1|Skarmory, M
|poke|p1|Keldeo
|poke|p1|Dragonite, F
|poke|p1|Talonflame, M
|poke|p1|Gardevoir, F
|poke|p2|Talonflame, F
|poke|p2|Pinsir, M, shiny
|poke|p2|Excadrill, M
|poke|p2|Terrakion
|poke|p2|Keldeo
|poke|p2|Thundurus, M
|rule|Swagger Clause: Swagger is banned
|rule|Baton Pass Clause: Limit one PokÃ©mon knowing Baton Pass
|rule|Sleep Clause Mod: Limit one foe put to sleep
|rule|Species Clause: Limit one of each PokÃ©mon
|rule|OHKO Clause: OHKO moves are banned
|rule|Moody Clause: Moody is banned
|rule|Evasion Moves Clause: Evasion moves are banned
|rule|Endless Battle Clause: Forcing endless battles is banned
|rule|HP Percentage Mod: HP is reported as percentages
|teampreview
|
|start
|switch|p1a: Breloom|Breloom, F|262\/262
|switch|p2a: Talonflame|Talonflame, F|297\/297
|turn|1
|
|move|p2a: Talonflame|U-turn|p1a: Breloom
|-damage|p1a: Breloom|145\/262
|
|switch|p2a: Terrakion|Terrakion|323\/323
|move|p1a: Breloom|Rock Tomb|p2a: Terrakion
|-resisted|p2a: Terrakion
|-damage|p2a: Terrakion|266\/323
|-unboost|p2a: Terrakion|spe|1
|
|turn|2
|
|switch|p2a: Talonflame|Talonflame, F|297\/297
|move|p1a: Breloom|Bullet Seed|p2a: Talonflame
|-resisted|p2a: Talonflame
|-damage|p2a: Talonflame|274\/297
|-resisted|p2a: Talonflame
|-damage|p2a: Talonflame|254\/297
|-hitcount|p2a: Talonflame|2
|
|turn|3
|
|switch|p1a: Skarmory|Skarmory, M|334\/334
|move|p2a: Talonflame|Brave Bird|p1a: Skarmory
|-resisted|p1a: Skarmory
|-damage|p1a: Skarmory|256\/334
|-damage|p2a: Talonflame|228\/297|[from] recoil|[of] p1a: Skarmory
|
|-heal|p1a: Skarmory|276\/334|[from] item: Leftovers
|turn|4
|
|switch|p2a: Terrakion|Terrakion|266\/323
|move|p1a: Skarmory|Counter|p2a: Terrakion
|-fail|p2a: Terrakion
|
|-heal|p1a: Skarmory|296\/334|[from] item: Leftovers
|turn|5
|
|switch|p1a: Keldeo|Keldeo|323\/323
|move|p2a: Terrakion|Stealth Rock|p1a: Keldeo
|-sidestart|p1: gg pooploser|move: Stealth Rock
|
|turn|6
|
|move|p2a: Terrakion|Close Combat|p1a: Keldeo
|-damage|p1a: Keldeo|103\/323
|-unboost|p2a: Terrakion|def|1
|-unboost|p2a: Terrakion|spd|1
|move|p1a: Keldeo|Hydro Pump|p2a: Terrakion
|-supereffective|p2a: Terrakion
|-damage|p2a: Terrakion|0 fnt
|faint|p2a: Terrakion
|
|
|switch|p2a: Thundurus|Thundurus, M|299\/299
|turn|7
|
|move|p2a: Thundurus|Thunderbolt|p1a: Keldeo
|-supereffective|p1a: Keldeo
|-damage|p1a: Keldeo|0 fnt
|-damage|p2a: Thundurus|270\/299|[from] item: Life Orb
|faint|p1a: Keldeo
|
|
|switch|p1a: Gardevoir|Gardevoir, F|278\/278
|-damage|p1a: Gardevoir|244\/278|[from] Stealth Rock
|turn|8
|
|switch|p2a: Pinsir|Pinsir, M, shiny|271\/271
|detailschange|p1a: Gardevoir|Gardevoir-Mega, F
|message|Gardevoir has Mega Evolved into Mega Gardevoir!
|move|p1a: Gardevoir|Psyshock|p2a: Pinsir
|-damage|p2a: Pinsir|103\/271
|
|turn|9
|
|detailschange|p2a: Pinsir|Pinsir-Mega, M, shiny
|message|Pinsir has Mega Evolved into Mega Pinsir!
|move|p2a: Pinsir|Quick Attack|p1a: Gardevoir
|-damage|p1a: Gardevoir|105\/278
|move|p1a: Gardevoir|Psyshock|p2a: Pinsir
|-damage|p2a: Pinsir|0 fnt
|faint|p2a: Pinsir
|
|
|switch|p2a: Thundurus|Thundurus, M|270\/299
|turn|10
|
|move|p2a: Thundurus|Thunderbolt|p1a: Gardevoir
|-damage|p1a: Gardevoir|0 fnt
|-damage|p2a: Thundurus|241\/299|[from] item: Life Orb
|faint|p1a: Gardevoir
|
|
|switch|p1a: Talonflame|Talonflame, M|309\/309
|-damage|p1a: Talonflame|155\/309|[from] Stealth Rock
|turn|11
|
|move|p1a: Talonflame|Brave Bird|p2a: Thundurus
|-resisted|p2a: Thundurus
|-damage|p2a: Thundurus|131\/299
|-damage|p1a: Talonflame|119\/309|[from] recoil|[of] p2a: Thundurus
|move|p2a: Thundurus|Thunderbolt|p1a: Talonflame
|-supereffective|p1a: Talonflame
|-damage|p1a: Talonflame|0 fnt
|-damage|p2a: Thundurus|102\/299|[from] item: Life Orb
|faint|p1a: Talonflame
|
|
|switch|p1a: Dragonite|Dragonite, F|343\/343
|-damage|p1a: Dragonite|258\/343|[from] Stealth Rock
|turn|12
|
|switch|p2a: Excadrill|Excadrill, M|361\/361
|-ability|p2a: Excadrill|Mold Breaker
|move|p1a: Dragonite|Fire Punch|p2a: Excadrill
|-supereffective|p2a: Excadrill
|-damage|p2a: Excadrill|0 fnt
|faint|p2a: Excadrill
|
|
|switch|p2a: Talonflame|Talonflame, F|228\/297
|turn|13
|
|switch|p1a: Skarmory|Skarmory, M|296\/334
|-damage|p1a: Skarmory|255\/334|[from] Stealth Rock
|move|p2a: Talonflame|Flare Blitz|p1a: Skarmory
|-supereffective|p1a: Skarmory
|-damage|p1a: Skarmory|0 fnt
|-damage|p2a: Talonflame|144\/297|[from] recoil|[of] p1a: Skarmory
|faint|p1a: Skarmory
|
|
|switch|p1a: Dragonite|Dragonite, F|258\/343
|-damage|p1a: Dragonite|173\/343|[from] Stealth Rock
|turn|14
|
|switch|p2a: Thundurus|Thundurus, M|102\/299
|move|p1a: Dragonite|Extreme Speed|p2a: Thundurus
|-crit|p2a: Thundurus
|-damage|p2a: Thundurus|0 fnt
|faint|p2a: Thundurus
|
|
|switch|p2a: Keldeo|Keldeo|322\/322
|turn|15
|
|move|p1a: Dragonite|Extreme Speed|p2a: Keldeo
|-damage|p2a: Keldeo|175\/322
|move|p2a: Keldeo|Hidden Power|p1a: Dragonite
|-damage|p1a: Dragonite|59\/343
|
|turn|16
|
|move|p1a: Dragonite|Extreme Speed|p2a: Keldeo
|-damage|p2a: Keldeo|23\/322
|move|p2a: Keldeo|Hidden Power|p1a: Dragonite
|-damage|p1a: Dragonite|0 fnt
|faint|p1a: Dragonite
|
|
|switch|p1a: Breloom|Breloom, F|145\/262
|-damage|p1a: Breloom|129\/262|[from] Stealth Rock
|turn|17
|
|move|p1a: Breloom|Mach Punch|p2a: Keldeo
|-damage|p2a: Keldeo|0 fnt
|faint|p2a: Keldeo
|
|
|switch|p2a: Talonflame|Talonflame, F|144\/297
|turn|18
|
|move|p2a: Talonflame|Brave Bird|p1a: Breloom
|-supereffective|p1a: Breloom
|-damage|p1a: Breloom|0 fnt
|-damage|p2a: Talonflame|101\/297|[from] recoil|[of] p1a: Breloom
|faint|p1a: Breloom
|
|win|TCBB
|raw|Ladder updating...
|raw|gg pooploser's rating: 1000 &rarr; <strong>1000<\/strong><br \/>(+0 for losing)
|raw|TCBB's rating: 1117 &rarr; <strong>1134<\/strong><br \/>(+17 for winning)
|leave|TCBB
|player|p2
|leave|gg pooploser
|player|p1
|join|TCBB
|leave|TCBB
|join|TCBB