|join|ColdCondition
|join|TCBB
|player|p1|ColdCondition|51
|player|p2|TCBB|2
|gametype|singles
|gen|6
|tier|OU (suspect test)
|rated
|clearpoke
|poke|p1|Heatran, M
|poke|p1|Quagsire, M
|poke|p1|Venusaur, M
|poke|p1|Skarmory, M
|poke|p1|Chansey, F
|poke|p1|Keldeo
|poke|p2|Bisharp, M
|poke|p2|Gardevoir, F, shiny
|poke|p2|Heatran, M
|poke|p2|Latios, M
|poke|p2|Thundurus, M
|poke|p2|Keldeo
|rule|Swagger Clause: Swagger is banned
|rule|Baton Pass Clause: Limit one PokÃ©mon knowing Baton Pass
|rule|Sleep Clause Mod: Limit one foe put to sleep
|rule|Species Clause: Limit one of each PokÃ©mon
|rule|OHKO Clause: OHKO moves are banned
|rule|Moody Clause: Moody is banned
|rule|Evasion Moves Clause: Evasion moves are banned
|rule|Endless Battle Clause: Forcing endless battles is banned
|rule|HP Percentage Mod: HP is reported as percentages
|teampreview
|
|start
|switch|p1a: Heatran|Heatran, M|385\/385
|switch|p2a: Keldeo|Keldeo|323\/323
|turn|1
|
|switch|p1a: Venusaur|Venusaur, M|363\/363
|move|p2a: Keldeo|Secret Sword|p1a: Venusaur
|-resisted|p1a: Venusaur
|-damage|p1a: Venusaur|227\/363
|
|turn|2
|
|switch|p2a: Gardevoir|Gardevoir, F, shiny|281\/281
|-ability|p2a: Gardevoir|Chlorophyll|[from] ability: Trace|[of] p1a: Venusaur
|detailschange|p1a: Venusaur|Venusaur-Mega, M
|message|Venusaur has Mega Evolved into Mega Venusaur!
|move|p1a: Venusaur|Synthesis|p1a: Venusaur
|-heal|p1a: Venusaur|363\/363
|
|turn|3
|
|switch|p2a: Heatran|Heatran, M|385\/385
|move|p1a: Venusaur|Leech Seed|p2a: Heatran
|-start|p2a: Heatran|move: Leech Seed
|
|-damage|p2a: Heatran|337\/385|[from] Leech Seed|[of] p1a: Venusaur
|turn|4
|
|switch|p1a: Quagsire|Quagsire, M|394\/394
|switch|p2a: Latios|Latios, M|301\/301
|
|turn|5
|
|switch|p2a: Bisharp|Bisharp, M|271\/271
|switch|p1a: Chansey|Chansey, F|701\/701
|
|turn|6
|
|move|p2a: Bisharp|Pursuit|p1a: Chansey|[from]Pursuit
|-damage|p1a: Chansey|442\/701
|switch|p1a: Venusaur|Venusaur-Mega, M|363\/363
|
|turn|7
|
|switch|p2a: Latios|Latios, M|301\/301
|move|p1a: Venusaur|Leech Seed|p2a: Latios
|-start|p2a: Latios|move: Leech Seed
|
|-damage|p2a: Latios|264\/301|[from] Leech Seed|[of] p1a: Venusaur
|turn|8
|
|switch|p2a: Gardevoir|Gardevoir, F, shiny|281\/281
|-ability|p2a: Gardevoir|Thick Fat|[from] ability: Trace|[of] p1a: Venusaur
|switch|p1a: Heatran|Heatran, M|385\/385
|
|turn|9
|
|detailschange|p2a: Gardevoir|Gardevoir-Mega, F, shiny
|message|Gardevoir has Mega Evolved into Mega Gardevoir!
|move|p2a: Gardevoir|Calm Mind|p2a: Gardevoir
|-boost|p2a: Gardevoir|spa|1
|-boost|p2a: Gardevoir|spd|1
|move|p1a: Heatran|Stealth Rock|p2a: Gardevoir
|-sidestart|p2: TCBB|move: Stealth Rock
|
|turn|10
|
|switch|p1a: Quagsire|Quagsire, M|394\/394
|move|p2a: Gardevoir|Focus Blast|p1a: Quagsire
|-damage|p1a: Quagsire|114\/394
|
|-heal|p1a: Quagsire|138\/394|[from] item: Leftovers
|turn|11
|
|move|p2a: Gardevoir|Hyper Voice|p1a: Quagsire
|-damage|p1a: Quagsire|0 fnt
|faint|p1a: Quagsire
|
|
|switch|p1a: Chansey|Chansey, F|442\/701
|turn|12
|
|move|p2a: Gardevoir|Calm Mind|p2a: Gardevoir
|-boost|p2a: Gardevoir|spa|1
|-boost|p2a: Gardevoir|spd|1
|move|p1a: Chansey|Soft-Boiled|p1a: Chansey
|-heal|p1a: Chansey|701\/701
|
|turn|13
|
|switch|p1a: Heatran|Heatran, M|385\/385
|move|p2a: Gardevoir|Psyshock|p1a: Heatran
|-resisted|p1a: Heatran
|-damage|p1a: Heatran|220\/385
|
|-heal|p1a: Heatran|244\/385|[from] item: Leftovers
|turn|14
|
|move|p2a: Gardevoir|Focus Blast|p1a: Heatran
|-supereffective|p1a: Heatran
|-damage|p1a: Heatran|0 fnt
|faint|p1a: Heatran
|
|
|switch|p1a: Keldeo|Keldeo|323\/323
|turn|15
|
|move|p1a: Keldeo|Surf|p2a: Gardevoir
|-damage|p2a: Gardevoir|185\/281
|move|p2a: Gardevoir|Hyper Voice|p1a: Keldeo
|-supereffective|p1a: Keldeo
|-damage|p1a: Keldeo|0 fnt
|faint|p1a: Keldeo
|
|
|switch|p1a: Chansey|Chansey, F|701\/701
|turn|16
|
|move|p2a: Gardevoir|Psyshock|p1a: Chansey
|-damage|p1a: Chansey|134\/701
|move|p1a: Chansey|Seismic Toss|p2a: Gardevoir
|-damage|p2a: Gardevoir|85\/281
|
|turn|17
|
|move|p2a: Gardevoir|Psyshock|p1a: Chansey
|-damage|p1a: Chansey|0 fnt
|faint|p1a: Chansey
|
|
|switch|p1a: Venusaur|Venusaur-Mega, M|363\/363
|turn|18
|
|move|p2a: Gardevoir|Psyshock|p1a: Venusaur
|-supereffective|p1a: Venusaur
|-damage|p1a: Venusaur|0 fnt
|faint|p1a: Venusaur
|
|-message|ColdCondition forfeited.
|
|win|TCBB
|raw|Ladder updating...
|leave|ColdCondition
|player|p1
|raw|ColdCondition's rating: 1120 &rarr; <strong>1103<\/strong><br \/>(-17 for losing)
|raw|TCBB's rating: 1234 &rarr; <strong>1251<\/strong><br \/>(+17 for winning)