|join|TCBB
|join|Mob Boss
|player|p1|TCBB|101
|player|p2|Mob Boss|134
|gametype|singles
|gen|6
|tier|OU (suspect test)
|rated
|clearpoke
|poke|p1|Gyarados, M
|poke|p1|Gothitelle, F
|poke|p1|Garchomp, M
|poke|p1|Greninja, M
|poke|p1|Thundurus, M
|poke|p1|Bisharp, M
|poke|p2|Espeon, F
|poke|p2|Heatran, M
|poke|p2|Ferrothorn, F
|poke|p2|Sylveon, M
|poke|p2|Cresselia, F
|poke|p2|Rotom-Wash
|rule|Swagger Clause: Swagger is banned
|rule|Baton Pass Clause: Limit one PokÃ©mon knowing Baton Pass
|rule|Sleep Clause Mod: Limit one foe put to sleep
|rule|Species Clause: Limit one of each PokÃ©mon
|rule|OHKO Clause: OHKO moves are banned
|rule|Moody Clause: Moody is banned
|rule|Evasion Moves Clause: Evasion moves are banned
|rule|Endless Battle Clause: Forcing endless battles is banned
|rule|HP Percentage Mod: HP is reported as percentages
|teampreview
|join|Mud Pies
|chat|Mob Boss|gl
|
|start
|switch|p1a: Thundurus|Thundurus, M|299\/299
|switch|p2a: Rotom-Wash|Rotom-Wash|281\/281
|turn|1
|
|move|p2a: Rotom-Wash|Volt Switch|p1a: Thundurus
|-damage|p1a: Thundurus|197\/299
|
|switch|p2a: Ferrothorn|Ferrothorn, F|352\/352
|move|p1a: Thundurus|Thunderbolt|p2a: Ferrothorn
|-resisted|p2a: Ferrothorn
|-damage|p2a: Ferrothorn|264\/352
|-damage|p1a: Thundurus|168\/299|[from] item: Life Orb
|
|-heal|p2a: Ferrothorn|286\/352|[from] item: Leftovers
|turn|2
|
|switch|p2a: Sylveon|Sylveon, M|377\/377
|move|p1a: Thundurus|Focus Blast|p2a: Sylveon
|-resisted|p2a: Sylveon
|-damage|p2a: Sylveon|313\/377
|-unboost|p2a: Sylveon|spd|1
|-damage|p1a: Thundurus|139\/299|[from] item: Life Orb
|
|-heal|p2a: Sylveon|336\/377|[from] item: Leftovers
|turn|3
|
|move|p1a: Thundurus|Thunder Wave|p2a: Sylveon
|-status|p2a: Sylveon|par
|move|p2a: Sylveon|Hyper Voice|p1a: Thundurus
|-damage|p1a: Thundurus|0 fnt
|faint|p1a: Thundurus
|
|-heal|p2a: Sylveon|359\/377 par|[from] item: Leftovers
|
|switch|p1a: Gothitelle|Gothitelle, F|302\/302
|turn|4
|
|move|p1a: Gothitelle|Psychic|p2a: Sylveon
|-damage|p2a: Sylveon|113\/377 par
|move|p2a: Sylveon|Hyper Voice|p1a: Gothitelle
|-damage|p1a: Gothitelle|160\/302
|
|-heal|p2a: Sylveon|136\/377 par|[from] item: Leftovers
|turn|5
|
|move|p1a: Gothitelle|Psychic|p2a: Sylveon
|-damage|p2a: Sylveon|0 fnt
|faint|p2a: Sylveon
|
|
|switch|p2a: Heatran|Heatran, M|386\/386
|turn|6
|
|move|p1a: Gothitelle|Psychic|p2a: Heatran
|-resisted|p2a: Heatran
|-damage|p2a: Heatran|302\/386
|move|p2a: Heatran|Stealth Rock|p1a: Gothitelle
|-sidestart|p1: TCBB|move: Stealth Rock
|
|-heal|p2a: Heatran|326\/386|[from] item: Leftovers
|turn|7
|
|move|p1a: Gothitelle|Psychic|p2a: Heatran
|-resisted|p2a: Heatran
|-damage|p2a: Heatran|247\/386
|move|p2a: Heatran|Lava Plume|p1a: Gothitelle
|-damage|p1a: Gothitelle|45\/302
|
|-heal|p2a: Heatran|271\/386|[from] item: Leftovers
|turn|8
|
|move|p1a: Gothitelle|Psychic|p2a: Heatran
|-resisted|p2a: Heatran
|-damage|p2a: Heatran|190\/386
|move|p2a: Heatran|Earth Power|p1a: Gothitelle
|-damage|p1a: Gothitelle|0 fnt
|faint|p1a: Gothitelle
|
|-heal|p2a: Heatran|214\/386|[from] item: Leftovers
|leave|Mud Pies
|
|switch|p1a: Garchomp|Garchomp, M|357\/357
|-damage|p1a: Garchomp|335\/357|[from] Stealth Rock
|turn|9
|
|switch|p2a: Rotom-Wash|Rotom-Wash|281\/281
|move|p1a: Garchomp|Earthquake|p2a: Rotom-Wash
|-immune|p2a: Rotom-Wash|[msg]
|
|turn|10
|
|move|p2a: Rotom-Wash|Will-O-Wisp|p1a: Garchomp
|-status|p1a: Garchomp|brn
|move|p1a: Garchomp|Swords Dance|p1a: Garchomp
|-boost|p1a: Garchomp|atk|2
|
|-damage|p1a: Garchomp|291\/357 brn|[from] brn
|turn|11
|
|move|p2a: Rotom-Wash|Will-O-Wisp|p1a: Garchomp
|-fail|p1a: Garchomp|brn
|move|p1a: Garchomp|Stealth Rock|p2a: Rotom-Wash
|-sidestart|p2: Mob Boss|move: Stealth Rock
|
|-damage|p1a: Garchomp|247\/357 brn|[from] brn
|turn|12
|
|switch|p2a: Cresselia|Cresselia, F|444\/444
|-damage|p2a: Cresselia|389\/444|[from] Stealth Rock
|move|p1a: Garchomp|Swords Dance|p1a: Garchomp
|-boost|p1a: Garchomp|atk|2
|
|-heal|p2a: Cresselia|416\/444|[from] item: Leftovers
|-damage|p1a: Garchomp|203\/357 brn|[from] brn
|turn|13
|
|switch|p2a: Ferrothorn|Ferrothorn, F|286\/352
|-damage|p2a: Ferrothorn|264\/352|[from] Stealth Rock
|move|p1a: Garchomp|Outrage|p2a: Ferrothorn
|-resisted|p2a: Ferrothorn
|-damage|p2a: Ferrothorn|161\/352
|-damage|p1a: Garchomp|159\/357 brn|[from] ability: Iron Barbs|[of] p2a: Ferrothorn
|
|-heal|p2a: Ferrothorn|183\/352|[from] item: Leftovers
|-damage|p1a: Garchomp|115\/357 brn|[from] brn
|turn|14
|
|move|p1a: Garchomp|Outrage|p2a: Ferrothorn
|-resisted|p2a: Ferrothorn
|-damage|p2a: Ferrothorn|75\/352
|-damage|p1a: Garchomp|71\/357 brn|[from] ability: Iron Barbs|[of] p2a: Ferrothorn
|move|p2a: Ferrothorn|Leech Seed|p1a: Garchomp
|-start|p1a: Garchomp|move: Leech Seed
|
|-end|p1a: Garchomp|rampage
|-start|p1a: Garchomp|confusion
|-heal|p2a: Ferrothorn|97\/352|[from] item: Leftovers
|-damage|p1a: Garchomp|27\/357 brn|[from] Leech Seed|[of] p2a: Ferrothorn
|-heal|p2a: Ferrothorn|141\/352|[silent]
|-damage|p1a: Garchomp|0 fnt|[from] brn
|faint|p1a: Garchomp
|
|switch|p1a: Bisharp|Bisharp, M|271\/271
|-damage|p1a: Bisharp|255\/271|[from] Stealth Rock
|turn|15
|
|move|p1a: Bisharp|Knock Off|p2a: Ferrothorn
|-damage|p2a: Ferrothorn|0 fnt
|-damage|p1a: Bisharp|222\/271|[from] ability: Iron Barbs|[of] p2a: Ferrothorn
|-enditem|p2a: Ferrothorn|Leftovers|[from] move: Knock Off|[of] p1a: Bisharp
|-damage|p1a: Bisharp|195\/271|[from] item: Life Orb
|faint|p2a: Ferrothorn
|
|
|switch|p2a: Rotom-Wash|Rotom-Wash|281\/281
|-damage|p2a: Rotom-Wash|246\/281|[from] Stealth Rock
|turn|16
|
|move|p2a: Rotom-Wash|Volt Switch|p1a: Bisharp
|-damage|p1a: Bisharp|86\/271
|
|switch|p2a: Heatran|Heatran, M|214\/386
|-damage|p2a: Heatran|166\/386|[from] Stealth Rock
|move|p1a: Bisharp|Swords Dance|p1a: Bisharp
|-boost|p1a: Bisharp|atk|2
|
|-heal|p2a: Heatran|190\/386|[from] item: Leftovers
|turn|17
|
|move|p1a: Bisharp|Knock Off|p2a: Heatran
|-damage|p2a: Heatran|0 fnt
|-enditem|p2a: Heatran|Leftovers|[from] move: Knock Off|[of] p1a: Bisharp
|-damage|p1a: Bisharp|59\/271|[from] item: Life Orb
|faint|p2a: Heatran
|
|
|switch|p2a: Espeon|Espeon, F|272\/272
|-damage|p2a: Espeon|238\/272|[from] Stealth Rock
|turn|18
|
|move|p2a: Espeon|Reflect|p2a: Espeon
|-sidestart|p2: Mob Boss|Reflect
|move|p1a: Bisharp|Knock Off|p2a: Espeon
|-supereffective|p2a: Espeon
|-damage|p2a: Espeon|0 fnt
|-enditem|p2a: Espeon|Leftovers|[from] move: Knock Off|[of] p1a: Bisharp
|-damage|p1a: Bisharp|32\/271|[from] item: Life Orb
|faint|p2a: Espeon
|
|
|switch|p2a: Rotom-Wash|Rotom-Wash|246\/281
|-damage|p2a: Rotom-Wash|211\/281|[from] Stealth Rock
|turn|19
|chat|Mob Boss|50-50
|
|move|p1a: Bisharp|Sucker Punch|p2a: Rotom-Wash
|-damage|p2a: Rotom-Wash|21\/281
|-damage|p1a: Bisharp|5\/271|[from] item: Life Orb
|move|p2a: Rotom-Wash|Volt Switch|p1a: Bisharp
|-damage|p1a: Bisharp|0 fnt
|faint|p1a: Bisharp
|
|switch|p2a: Cresselia|Cresselia, F|416\/444
|-damage|p2a: Cresselia|361\/444|[from] Stealth Rock
|
|-heal|p2a: Cresselia|388\/444|[from] item: Leftovers
|
|switch|p1a: Greninja|Greninja, M|285\/285
|-damage|p1a: Greninja|250\/285|[from] Stealth Rock
|turn|20
|
|move|p1a: Greninja|Ice Beam|p2a: Cresselia
|-start|p1a: Greninja|typechange|Ice|[from] Protean
|-damage|p2a: Cresselia|266\/444
|-status|p2a: Cresselia|frz
|-damage|p1a: Greninja|222\/285|[from] item: Life Orb
|cant|p2a: Cresselia|frz
|
|-heal|p2a: Cresselia|293\/444 frz|[from] item: Leftovers
|turn|21
|chat|Mob Boss|jus wow
|chat|Mob Boss|i had lunar dance
|chat|Mob Boss|and i couldve won
|
|move|p1a: Greninja|Hydro Pump|p2a: Cresselia
|-start|p1a: Greninja|typechange|Water|[from] Protean
|-damage|p2a: Cresselia|157\/444 frz
|-damage|p1a: Greninja|194\/285|[from] item: Life Orb
|-curestatus|p2a: Cresselia|frz
|move|p2a: Cresselia|Moonlight|p2a: Cresselia
|-heal|p2a: Cresselia|379\/444
|
|-heal|p2a: Cresselia|406\/444|[from] item: Leftovers
|turn|22
|chat|Mob Boss|YUS
|chat|TCBB|i don't have dark pluse :[
|
|move|p1a: Greninja|Ice Beam|p2a: Cresselia
|-start|p1a: Greninja|typechange|Ice|[from] Protean
|-damage|p2a: Cresselia|292\/444
|-damage|p1a: Greninja|166\/285|[from] item: Life Orb
|move|p2a: Cresselia|Toxic|p1a: Greninja
|-status|p1a: Greninja|tox
|
|-heal|p2a: Cresselia|319\/444|[from] item: Leftovers
|-damage|p1a: Greninja|149\/285 tox|[from] psn
|-sideend|p2: Mob Boss|Reflect
|turn|23
|chat|Mob Boss|yeah, most greninjas dont carry that now
|chat|TCBB|why not just lunar dance?
|
|move|p1a: Greninja|Ice Beam|p2a: Cresselia
|-damage|p2a: Cresselia|186\/444
|-status|p2a: Cresselia|frz
|-damage|p1a: Greninja|121\/285 tox|[from] item: Life Orb
|cant|p2a: Cresselia|frz
|
|-heal|p2a: Cresselia|213\/444 frz|[from] item: Leftovers
|-damage|p1a: Greninja|87\/285 tox|[from] psn
|turn|24
|chat|Mob Boss|wow
|chat|TCBB|told you
|chat|Mob Boss|and because of ur gyarados
|chat|Mob Boss|being mega so it can take an attack
|chat|TCBB|oh right
|
|move|p1a: Greninja|Ice Beam|p2a: Cresselia
|-damage|p2a: Cresselia|88\/444 frz
|-damage|p1a: Greninja|59\/285 tox|[from] item: Life Orb
|cant|p2a: Cresselia|frz
|
|-heal|p2a: Cresselia|115\/444 frz|[from] item: Leftovers
|-damage|p1a: Greninja|8\/285 tox|[from] psn
|turn|25
|chat|TCBB|though i can still dd
|chat|Mob Boss|i need one more chance, COMMON
|
|move|p1a: Greninja|Ice Beam|p2a: Cresselia
|-damage|p2a: Cresselia|2\/444 frz
|-damage|p1a: Greninja|0 fnt|[from] item: Life Orb
|faint|p1a: Greninja
|-curestatus|p2a: Cresselia|frz
|move|p2a: Cresselia|Moonlight|p2a: Cresselia
|-heal|p2a: Cresselia|224\/444
|
|-heal|p2a: Cresselia|251\/444|[from] item: Leftovers
|chat|Mob Boss|YESSSSSSSSSSSS
|
|switch|p1a: Gyarados|Gyarados, M|331\/331
|-damage|p1a: Gyarados|249\/331|[from] Stealth Rock
|-ability|p1a: Gyarados|Intimidate|[of] p2a: Cresselia
|-unboost|p2a: Cresselia|atk|1
|turn|26
|
|detailschange|p1a: Gyarados|Gyarados-Mega, M
|message|Gyarados has Mega Evolved into Mega Gyarados!
|-ability|p1a: Gyarados|Mold Breaker
|move|p1a: Gyarados|Dragon Dance|p1a: Gyarados
|-boost|p1a: Gyarados|atk|1
|-boost|p1a: Gyarados|spe|1
|move|p2a: Cresselia|Toxic|p1a: Gyarados
|-status|p1a: Gyarados|tox
|
|-heal|p2a: Cresselia|278\/444|[from] item: Leftovers
|-damage|p1a: Gyarados|229\/331 tox|[from] psn
|turn|27
|
|move|p1a: Gyarados|Dragon Dance|p1a: Gyarados
|-boost|p1a: Gyarados|atk|1
|-boost|p1a: Gyarados|spe|1
|move|p2a: Cresselia|Moonlight|p2a: Cresselia
|-heal|p2a: Cresselia|444\/444
|
|-damage|p1a: Gyarados|189\/331 tox|[from] psn
|turn|28
|
|move|p1a: Gyarados|Waterfall|p2a: Cresselia
|-damage|p2a: Cresselia|189\/444
|move|p2a: Cresselia|Ice Beam|p1a: Gyarados
|-resisted|p1a: Gyarados
|-damage|p1a: Gyarados|165\/331 tox
|
|-heal|p2a: Cresselia|216\/444|[from] item: Leftovers
|-damage|p1a: Gyarados|105\/331 tox|[from] psn
|turn|29
|chat|Mob Boss|idk why i didnt moonlight
|
|move|p1a: Gyarados|Waterfall|p2a: Cresselia
|-damage|p2a: Cresselia|0 fnt
|faint|p2a: Cresselia
|
|-damage|p1a: Gyarados|25\/331 tox|[from] psn
|chat|Mob Boss|man, i lost this for making a dumb play
|
|switch|p2a: Rotom-Wash|Rotom-Wash|21\/281
|-damage|p2a: Rotom-Wash|0 fnt|[from] Stealth Rock
|faint|p2a: Rotom-Wash
|
|win|TCBB
|raw|Ladder updating...
|raw|TCBB's rating: 1271 &rarr; <strong>1297<\/strong><br \/>(+26 for winning)
|raw|Mob Boss's rating: 1285 &rarr; <strong>1259<\/strong><br \/>(-26 for losing)
|chat|Mob Boss|gg
|leave|TCBB
|player|p1
|leave|Mob Boss
|player|p2
|join|TCBB