|join|Maddjustin
|join|TCBB
|player|p1|Maddjustin|102
|player|p2|TCBB|2
|gametype|singles
|gen|6
|tier|OU (suspect test)
|rated
|clearpoke
|poke|p1|Venusaur, M
|poke|p1|Mandibuzz, F
|poke|p1|Heatran, M
|poke|p1|Slowbro, F
|poke|p1|Bisharp, F
|poke|p1|Kyurem-Black
|poke|p2|Bisharp, M
|poke|p2|Gardevoir, F, shiny
|poke|p2|Heatran, M
|poke|p2|Latios, M
|poke|p2|Thundurus, M
|poke|p2|Keldeo
|rule|Swagger Clause: Swagger is banned
|rule|Baton Pass Clause: Limit one PokÃ©mon knowing Baton Pass
|rule|Sleep Clause Mod: Limit one foe put to sleep
|rule|Species Clause: Limit one of each PokÃ©mon
|rule|OHKO Clause: OHKO moves are banned
|rule|Moody Clause: Moody is banned
|rule|Evasion Moves Clause: Evasion moves are banned
|rule|Endless Battle Clause: Forcing endless battles is banned
|rule|HP Percentage Mod: HP is reported as percentages
|teampreview
|
|start
|switch|p1a: Heatran|Heatran, M|386\/386
|switch|p2a: Thundurus|Thundurus, M|299\/299
|-item|p1a: Heatran|Air Balloon
|turn|1
|
|switch|p2a: Keldeo|Keldeo|323\/323
|move|p1a: Heatran|Lava Plume|p2a: Keldeo
|-resisted|p2a: Keldeo
|-damage|p2a: Keldeo|264\/323
|-status|p2a: Keldeo|brn
|
|-damage|p2a: Keldeo|224\/323 brn|[from] brn
|turn|2
|
|switch|p1a: Slowbro|Slowbro, F|394\/394
|move|p2a: Keldeo|Hidden Power|p1a: Slowbro
|-damage|p1a: Slowbro|275\/394
|
|-heal|p1a: Slowbro|299\/394|[from] item: Leftovers
|-damage|p2a: Keldeo|184\/323 brn|[from] brn
|turn|3
|
|switch|p2a: Bisharp|Bisharp, M|271\/271
|move|p1a: Slowbro|Slack Off|p1a: Slowbro
|-heal|p1a: Slowbro|394\/394
|
|turn|4
|
|move|p2a: Bisharp|Pursuit|p1a: Slowbro|[from]Pursuit
|-crit|p1a: Slowbro
|-supereffective|p1a: Slowbro
|-damage|p1a: Slowbro|34\/394
|switch|p1a: Mandibuzz|Mandibuzz, F|424\/424
|
|turn|5
|
|switch|p2a: Thundurus|Thundurus, M|299\/299
|move|p1a: Mandibuzz|Foul Play|p2a: Thundurus
|-damage|p2a: Thundurus|167\/299
|
|turn|6
|
|move|p2a: Thundurus|Thunderbolt|p1a: Mandibuzz
|-supereffective|p1a: Mandibuzz
|-damage|p1a: Mandibuzz|0 fnt
|-damage|p2a: Thundurus|138\/299|[from] item: Life Orb
|faint|p1a: Mandibuzz
|
|
|switch|p1a: Heatran|Heatran, M|386\/386
|-item|p1a: Heatran|Air Balloon
|turn|7
|
|move|p2a: Thundurus|Thunderbolt|p1a: Heatran
|-damage|p1a: Heatran|234\/386
|-enditem|p1a: Heatran|Air Balloon
|-damage|p2a: Thundurus|109\/299|[from] item: Life Orb
|move|p1a: Heatran|Lava Plume|p2a: Thundurus
|-damage|p2a: Thundurus|0 fnt
|faint|p2a: Thundurus
|
|
|switch|p2a: Keldeo|Keldeo|184\/323 brn
|turn|8
|
|move|p2a: Keldeo|Hidden Power|p1a: Heatran
|-resisted|p1a: Heatran
|-damage|p1a: Heatran|200\/386
|move|p1a: Heatran|Stealth Rock|p2a: Keldeo
|-sidestart|p2: TCBB|move: Stealth Rock
|
|-damage|p2a: Keldeo|144\/323 brn|[from] brn
|turn|9
|
|switch|p2a: Latios|Latios, M|301\/301
|-damage|p2a: Latios|264\/301|[from] Stealth Rock
|move|p1a: Heatran|Earth Power|p2a: Latios
|-immune|p2a: Latios|[msg]
|
|turn|10
|
|move|p2a: Latios|Thunderbolt|p1a: Heatran
|-damage|p1a: Heatran|104\/386
|-status|p1a: Heatran|par
|-damage|p2a: Latios|234\/301|[from] item: Life Orb
|move|p1a: Heatran|Will-O-Wisp|p2a: Latios
|-status|p2a: Latios|brn
|
|-damage|p2a: Latios|197\/301 brn|[from] brn
|turn|11
|
|move|p2a: Latios|Defog|p1a: Heatran
|-unboost|p1a: Heatran|evasion|1
|-sideend|p2: TCBB|Stealth Rock|[from] move: Defog|[of] p2a: Latios
|move|p1a: Heatran|Stealth Rock|p2a: Latios
|-sidestart|p2: TCBB|move: Stealth Rock
|
|-damage|p2a: Latios|160\/301 brn|[from] brn
|turn|12
|
|move|p2a: Latios|Draco Meteor|p1a: Heatran
|-resisted|p1a: Heatran
|-damage|p1a: Heatran|8\/386 par
|-unboost|p2a: Latios|spa|2
|-damage|p2a: Latios|130\/301 brn|[from] item: Life Orb
|cant|p1a: Heatran|par
|
|-damage|p2a: Latios|93\/301 brn|[from] brn
|turn|13
|
|move|p2a: Latios|Defog|p1a: Heatran
|-unboost|p1a: Heatran|evasion|1
|-sideend|p2: TCBB|Stealth Rock|[from] move: Defog|[of] p2a: Latios
|cant|p1a: Heatran|par
|
|-damage|p2a: Latios|56\/301 brn|[from] brn
|turn|14
|
|move|p2a: Latios|Thunderbolt|p1a: Heatran
|-damage|p1a: Heatran|0 fnt
|-damage|p2a: Latios|26\/301 brn|[from] item: Life Orb
|faint|p1a: Heatran
|
|-damage|p2a: Latios|0 fnt|[from] brn
|faint|p2a: Latios
|
|switch|p2a: Keldeo|Keldeo|144\/323 brn
|switch|p1a: Slowbro|Slowbro, F|165\/394
|turn|15
|
|switch|p2a: Bisharp|Bisharp, M|271\/271
|move|p1a: Slowbro|Slack Off|p1a: Slowbro
|-heal|p1a: Slowbro|362\/394
|
|-heal|p1a: Slowbro|386\/394|[from] item: Leftovers
|turn|16
|
|move|p2a: Bisharp|Pursuit|p1a: Slowbro|[from]Pursuit
|-supereffective|p1a: Slowbro
|-damage|p1a: Slowbro|158\/394
|switch|p1a: Venusaur|Venusaur, M|347\/347
|
|turn|17
|
|switch|p2a: Heatran|Heatran, M|385\/385
|detailschange|p1a: Venusaur|Venusaur-Mega, M
|message|Venusaur has Mega Evolved into Mega Venusaur!
|move|p1a: Venusaur|Giga Drain|p2a: Heatran
|-resisted|p2a: Heatran
|-damage|p2a: Heatran|351\/385
|
|-heal|p2a: Heatran|375\/385|[from] item: Leftovers
|turn|18
|
|switch|p1a: Slowbro|Slowbro, F|289\/394
|move|p2a: Heatran|Stealth Rock|p1a: Slowbro
|-sidestart|p1: Maddjustin|move: Stealth Rock
|
|-heal|p2a: Heatran|385\/385|[from] item: Leftovers
|-heal|p1a: Slowbro|313\/394|[from] item: Leftovers
|turn|19
|
|move|p2a: Heatran|Toxic|p1a: Slowbro
|-status|p1a: Slowbro|tox
|move|p1a: Slowbro|Thunder Wave|p2a: Heatran
|-status|p2a: Heatran|par
|
|-heal|p1a: Slowbro|337\/394 tox|[from] item: Leftovers
|-damage|p1a: Slowbro|313\/394 tox|[from] psn
|turn|20
|
|switch|p2a: Gardevoir|Gardevoir, F, shiny|281\/281
|-ability|p2a: Gardevoir|Regenerator|[from] ability: Trace|[of] p1a: Slowbro
|move|p1a: Slowbro|Scald|p2a: Gardevoir
|-damage|p2a: Gardevoir|205\/281
|-status|p2a: Gardevoir|brn
|
|-heal|p1a: Slowbro|337\/394 tox|[from] item: Leftovers
|-damage|p2a: Gardevoir|170\/281 brn|[from] brn
|-damage|p1a: Slowbro|289\/394 tox|[from] psn
|turn|21
|
|detailschange|p2a: Gardevoir|Gardevoir-Mega, F, shiny
|message|Gardevoir has Mega Evolved into Mega Gardevoir!
|move|p2a: Gardevoir|Hyper Voice|p1a: Slowbro
|-damage|p1a: Slowbro|0 fnt
|faint|p1a: Slowbro
|
|-damage|p2a: Gardevoir|135\/281 brn|[from] brn
|
|switch|p1a: Bisharp|Bisharp, F|290\/290
|-damage|p1a: Bisharp|272\/290|[from] Stealth Rock
|turn|22
|
|switch|p2a: Bisharp|Bisharp, M|271\/271
|move|p1a: Bisharp|Sucker Punch|p2a: Bisharp
|-fail|p2a: Bisharp
|
|turn|23
|
|move|p2a: Bisharp|Knock Off|p1a: Bisharp
|-resisted|p1a: Bisharp
|-damage|p1a: Bisharp|165\/290
|-enditem|p1a: Bisharp|Focus Sash|[from] move: Knock Off|[of] p2a: Bisharp
|move|p1a: Bisharp|Knock Off|p2a: Bisharp
|-resisted|p2a: Bisharp
|-damage|p2a: Bisharp|172\/271
|-enditem|p2a: Bisharp|Black Glasses|[from] move: Knock Off|[of] p1a: Bisharp
|
|turn|24
|
|move|p2a: Bisharp|Iron Head|p1a: Bisharp
|-resisted|p1a: Bisharp
|-damage|p1a: Bisharp|87\/290
|move|p1a: Bisharp|Swords Dance|p1a: Bisharp
|-boost|p1a: Bisharp|atk|2
|
|turn|25
|
|move|p2a: Bisharp|Sucker Punch|p1a: Bisharp
|-resisted|p1a: Bisharp
|-damage|p1a: Bisharp|10\/290
|move|p1a: Bisharp|Sucker Punch|p2a: Bisharp
|-fail|p2a: Bisharp
|
|turn|26
|
|move|p2a: Bisharp|Sucker Punch|p1a: Bisharp
|-fail|p1a: Bisharp
|move|p1a: Bisharp|Swords Dance|p1a: Bisharp
|-boost|p1a: Bisharp|atk|2
|
|turn|27
|
|move|p2a: Bisharp|Sucker Punch|p1a: Bisharp
|-resisted|p1a: Bisharp
|-damage|p1a: Bisharp|0 fnt
|faint|p1a: Bisharp
|
|
|switch|p1a: Kyurem-Black|Kyurem-Black|391\/391
|-damage|p1a: Kyurem-Black|294\/391|[from] Stealth Rock
|-ability|p1a: Kyurem-Black|Teravolt
|turn|28
|
|move|p1a: Kyurem-Black|Fusion Bolt|p2a: Bisharp
|-damage|p2a: Bisharp|0 fnt
|faint|p2a: Bisharp
|
|
|switch|p2a: Heatran|Heatran, M|385\/385 par
|turn|29
|
|move|p1a: Kyurem-Black|Fusion Bolt|p2a: Heatran
|-damage|p2a: Heatran|262\/385 par
|move|p2a: Heatran|Lava Plume|p1a: Kyurem-Black
|-damage|p1a: Kyurem-Black|144\/391
|
|-heal|p2a: Heatran|286\/385 par|[from] item: Leftovers
|turn|30
|
|switch|p1a: Venusaur|Venusaur-Mega, M|347\/347
|-damage|p1a: Venusaur|304\/347|[from] Stealth Rock
|cant|p2a: Heatran|par
|
|-heal|p2a: Heatran|310\/385 par|[from] item: Leftovers
|turn|31
|
|switch|p2a: Keldeo|Keldeo|144\/323 brn
|move|p1a: Venusaur|Giga Drain|p2a: Keldeo
|-supereffective|p2a: Keldeo
|-damage|p2a: Keldeo|0 fnt
|-heal|p1a: Venusaur|347\/347|[from] drain|[of] p2a: Keldeo
|faint|p2a: Keldeo
|
|
|switch|p2a: Gardevoir|Gardevoir-Mega, F, shiny|135\/281 brn
|turn|32
|
|move|p2a: Gardevoir|Psyshock|p1a: Venusaur
|-supereffective|p1a: Venusaur
|-damage|p1a: Venusaur|27\/347
|move|p1a: Venusaur|Sludge Bomb|p2a: Gardevoir
|-supereffective|p2a: Gardevoir
|-damage|p2a: Gardevoir|0 fnt
|faint|p2a: Gardevoir
|
|
|switch|p2a: Heatran|Heatran, M|310\/385 par
|turn|33
|
|move|p1a: Venusaur|Giga Drain|p2a: Heatran
|-resisted|p2a: Heatran
|-damage|p2a: Heatran|277\/385 par
|-heal|p1a: Venusaur|44\/347|[from] drain|[of] p2a: Heatran
|cant|p2a: Heatran|par
|
|-heal|p2a: Heatran|301\/385 par|[from] item: Leftovers
|turn|34
|
|move|p1a: Venusaur|Giga Drain|p2a: Heatran
|-resisted|p2a: Heatran
|-damage|p2a: Heatran|267\/385 par
|-heal|p1a: Venusaur|61\/347|[from] drain|[of] p2a: Heatran
|move|p2a: Heatran|Lava Plume|p1a: Venusaur
|-supereffective|p1a: Venusaur
|-damage|p1a: Venusaur|0 fnt
|faint|p1a: Venusaur
|
|-heal|p2a: Heatran|291\/385 par|[from] item: Leftovers
|
|switch|p1a: Kyurem-Black|Kyurem-Black|144\/391
|-damage|p1a: Kyurem-Black|47\/391|[from] Stealth Rock
|-ability|p1a: Kyurem-Black|Teravolt
|turn|35
|
|move|p1a: Kyurem-Black|Earth Power|p2a: Heatran
|-supereffective|p2a: Heatran
|-damage|p2a: Heatran|0 fnt
|faint|p2a: Heatran
|
|win|Maddjustin
|raw|Ladder updating...
|raw|Maddjustin's rating: 1374 &rarr; <strong>1385<\/strong><br \/>(+11 for winning)
|raw|TCBB's rating: 1211 &rarr; <strong>1197<\/strong><br \/>(-14 for losing)
|leave|TCBB
|player|p2
|join|TCBB
|leave|Maddjustin
|player|p1