|join|Newacc2
|join|TCBB
|player|p1|Newacc2|136
|player|p2|TCBB|1
|gametype|singles
|gen|6
|tier|OU (suspect test)
|rated
|clearpoke
|poke|p1|Clefable, F
|poke|p1|Scolipede, F
|poke|p1|Volcarona, M
|poke|p1|Latios, M
|poke|p1|Keldeo
|poke|p1|Espeon, M
|poke|p2|Gyarados, M
|poke|p2|Gothitelle, F
|poke|p2|Garchomp, M, shiny
|poke|p2|Thundurus, M
|poke|p2|Greninja, M, shiny
|poke|p2|Landorus, M
|rule|Swagger Clause: Swagger is banned
|rule|Baton Pass Clause: Limit one PokÃ©mon knowing Baton Pass
|rule|Sleep Clause Mod: Limit one foe put to sleep
|rule|Species Clause: Limit one of each PokÃ©mon
|rule|OHKO Clause: OHKO moves are banned
|rule|Moody Clause: Moody is banned
|rule|Evasion Moves Clause: Evasion moves are banned
|rule|Endless Battle Clause: Forcing endless battles is banned
|rule|HP Percentage Mod: HP is reported as percentages
|teampreview
|join|Biz
|
|start
|switch|p1a: Latios|Latios, M|364\/364
|switch|p2a: Greninja|Greninja, M, shiny|285\/285
|turn|1
|
|move|p2a: Greninja|Ice Beam|p1a: Latios
|-start|p2a: Greninja|typechange|Ice|[from] Protean
|-supereffective|p1a: Latios
|-damage|p1a: Latios|52\/364
|-damage|p2a: Greninja|257\/285|[from] item: Life Orb
|move|p1a: Latios|Light Screen|p1a: Latios
|-sidestart|p1: Newacc2|move: Light Screen
|
|turn|2
|
|move|p2a: Greninja|Ice Beam|p1a: Latios
|-supereffective|p1a: Latios
|-damage|p1a: Latios|0 fnt
|-damage|p2a: Greninja|229\/285|[from] item: Life Orb
|faint|p1a: Latios
|
|
|switch|p1a: Scolipede|Scolipede, F|323\/323
|turn|3
|
|move|p2a: Greninja|Extrasensory|p1a: Scolipede
|-start|p2a: Greninja|typechange|Psychic|[from] Protean
|-supereffective|p1a: Scolipede
|-damage|p1a: Scolipede|103\/323
|-damage|p2a: Greninja|201\/285|[from] item: Life Orb
|move|p1a: Scolipede|Iron Defense|p1a: Scolipede
|-boost|p1a: Scolipede|def|2
|
|-boost|p1a: Scolipede|spe|1|[from] ability: Speed Boost
|turn|4
|
|move|p1a: Scolipede|Protect|p1a: Scolipede
|-singleturn|p1a: Scolipede|Protect
|move|p2a: Greninja|Extrasensory|p1a: Scolipede
|-activate|p1a: Scolipede|Protect
|
|-boost|p1a: Scolipede|spe|1|[from] ability: Speed Boost
|turn|5
|
|move|p1a: Scolipede|Baton Pass|p1a: Scolipede
|
|switch|p1a: Espeon|Espeon, M|334\/334
|move|p2a: Greninja|Extrasensory|p1a: Espeon
|-resisted|p1a: Espeon
|-damage|p1a: Espeon|295\/334
|-damage|p2a: Greninja|173\/285|[from] item: Life Orb
|
|-heal|p1a: Espeon|315\/334|[from] item: Leftovers
|turn|6
|
|switch|p2a: Gyarados|Gyarados, M|331\/331
|-ability|p2a: Gyarados|Intimidate|[of] p1a: Espeon
|-unboost|p1a: Espeon|atk|1
|move|p1a: Espeon|Calm Mind|p1a: Espeon
|-boost|p1a: Espeon|spa|1
|-boost|p1a: Espeon|spd|1
|
|-heal|p1a: Espeon|334\/334|[from] item: Leftovers
|turn|7
|chat|Biz|my god these people will not stop using baton pass, they really want those easy wins
|chat|Biz|this scrub has a 1700 rating in under 40 battles
|
|move|p1a: Espeon|Calm Mind|p1a: Espeon
|-boost|p1a: Espeon|spa|1
|-boost|p1a: Espeon|spd|1
|move|p2a: Gyarados|Waterfall|p1a: Espeon
|-damage|p1a: Espeon|255\/334
|
|-heal|p1a: Espeon|275\/334|[from] item: Leftovers
|turn|8
|
|detailschange|p2a: Gyarados|Gyarados-Mega, M
|message|Gyarados has Mega Evolved into Mega Gyarados!
|-ability|p2a: Gyarados|Mold Breaker
|move|p1a: Espeon|Calm Mind|p1a: Espeon
|-boost|p1a: Espeon|spa|1
|-boost|p1a: Espeon|spd|1
|move|p2a: Gyarados|Waterfall|p1a: Espeon
|-damage|p1a: Espeon|190\/334
|
|-heal|p1a: Espeon|210\/334|[from] item: Leftovers
|-sideend|p1: Newacc2|move: Light Screen
|turn|9
|
|move|p1a: Espeon|Hidden Power|p2a: Gyarados
|-supereffective|p2a: Gyarados
|-damage|p2a: Gyarados|81\/331
|move|p2a: Gyarados|Dragon Dance|p2a: Gyarados
|-boost|p2a: Gyarados|atk|1
|-boost|p2a: Gyarados|spe|1
|
|-heal|p1a: Espeon|230\/334|[from] item: Leftovers
|turn|10
|
|move|p1a: Espeon|Hidden Power|p2a: Gyarados
|-supereffective|p2a: Gyarados
|-damage|p2a: Gyarados|0 fnt
|faint|p2a: Gyarados
|
|-heal|p1a: Espeon|250\/334|[from] item: Leftovers
|
|switch|p2a: Garchomp|Garchomp, M, shiny|357\/357
|turn|11
|
|move|p1a: Espeon|Stored Power|p2a: Garchomp
|-enditem|p2a: Garchomp|Focus Sash
|-damage|p2a: Garchomp|1\/357
|move|p2a: Garchomp|Earthquake|p1a: Espeon
|-damage|p1a: Espeon|162\/334
|
|-heal|p1a: Espeon|182\/334|[from] item: Leftovers
|turn|12
|chat|Newacc2|whats with all the sash chomps lately
|
|move|p1a: Espeon|Hidden Power|p2a: Garchomp
|-damage|p2a: Garchomp|0 fnt
|faint|p2a: Garchomp
|
|-heal|p1a: Espeon|202\/334|[from] item: Leftovers
|-message|TCBB forfeited.
|
|win|Newacc2
|raw|Ladder updating...
|leave|TCBB
|player|p2
|raw|Newacc2's rating: 1292 &rarr; <strong>1311<\/strong><br \/>(+19 for winning)
|raw|TCBB's rating: 1202 &rarr; <strong>1184<\/strong><br \/>(-18 for losing)