|join|DeathWave
|join|its ogre for you
|player|p1|DeathWave|30
|player|p2|its ogre for you|290
|gametype|singles
|gen|6
|tier|ORAS OU
|rated
|rule|Sleep Clause Mod: Limit one foe put to sleep
|rule|Species Clause: Limit one of each PokÃ©mon
|rule|OHKO Clause: OHKO moves are banned
|rule|Moody Clause: Moody is banned
|rule|Evasion Moves Clause: Evasion moves are banned
|rule|Endless Battle Clause: Forcing endless battles is banned
|rule|HP Percentage Mod: HP is shown in percentages
|clearpoke
|poke|p1|Pidgeot, M
|poke|p1|Conkeldurr, F
|poke|p1|Keldeo
|poke|p1|Mew
|poke|p1|Bisharp, M
|poke|p1|Skarmory, M
|poke|p2|Landorus, M
|poke|p2|Salamence, M
|poke|p2|Weavile, F
|poke|p2|Chansey, F
|poke|p2|Lucario, M
|poke|p2|Ferrothorn, M
|rule|Swagger Clause: Swagger is banned
|rule|Baton Pass Clause: Limit one PokÃ©mon knowing Baton Pass
|teampreview
|
|start
|switch|p1a: Pidgeot|Pidgeot, M|307\/307
|switch|p2a: Lucario|Lucario, M|344\/344
|turn|1
|
|detailschange|p1a: Pidgeot|Pidgeot-Mega, M
|message|Pidgeot has Mega Evolved into Mega Pidgeot!
|move|p1a: Pidgeot|Heat Wave|p2a: Lucario
|-supereffective|p2a: Lucario
|-damage|p2a: Lucario|58\/344
|move|p2a: Lucario|Focus Blast|p1a: Pidgeot
|-damage|p1a: Pidgeot|54\/307
|
|-heal|p2a: Lucario|79\/344|[from] item: Leftovers
|turn|2
|
|switch|p1a: Mew|Mew|379\/379
|move|p2a: Lucario|Vacuum Wave|p1a: Mew
|-resisted|p1a: Mew
|-damage|p1a: Mew|351\/379
|
|-heal|p1a: Mew|374\/379|[from] item: Leftovers
|-heal|p2a: Lucario|100\/344|[from] item: Leftovers
|turn|3
|
|switch|p2a: Weavile|Weavile, F|282\/282
|-ability|p2a: Weavile|Pressure
|move|p1a: Mew|Will-O-Wisp|p2a: Weavile|[miss]
|-miss|p1a: Mew|p2a: Weavile
|
|-heal|p1a: Mew|379\/379|[from] item: Leftovers
|turn|4
|c|âDeathWave|...
|
|move|p2a: Weavile|Taunt|p1a: Mew
|-start|p1a: Mew|move: Taunt
|cant|p1a: Mew|move: Taunt|Will-O-Wisp
|
|turn|5
|
|switch|p1a: Skarmory|Skarmory, M|302\/302
|move|p2a: Weavile|Knock Off|p1a: Skarmory
|-damage|p1a: Skarmory|160\/302
|-damage|p2a: Weavile|235\/282|[from] item: Rocky Helmet|[of] p1a: Skarmory
|-enditem|p1a: Skarmory|Rocky Helmet|[from] move: Knock Off|[of] p2a: Weavile
|-damage|p2a: Weavile|207\/282|[from] item: Life Orb
|
|turn|6
|
|switch|p2a: Lucario|Lucario, M|100\/344
|move|p1a: Skarmory|Roost|p1a: Skarmory
|-heal|p1a: Skarmory|302\/302
|
|-heal|p2a: Lucario|121\/344|[from] item: Leftovers
|turn|7
|
|switch|p1a: Mew|Mew|379\/379
|move|p2a: Lucario|Focus Blast|p1a: Mew
|-resisted|p1a: Mew
|-damage|p1a: Mew|298\/379
|
|-heal|p1a: Mew|321\/379|[from] item: Leftovers
|-heal|p2a: Lucario|142\/344|[from] item: Leftovers
|turn|8
|
|move|p1a: Mew|Will-O-Wisp|p2a: Lucario
|-status|p2a: Lucario|brn
|move|p2a: Lucario|Nasty Plot|p2a: Lucario
|-boost|p2a: Lucario|spa|2
|
|-heal|p1a: Mew|344\/379|[from] item: Leftovers
|-heal|p2a: Lucario|163\/344 brn|[from] item: Leftovers
|-damage|p2a: Lucario|120\/344 brn|[from] brn
|turn|9
|
|switch|p1a: Keldeo|Keldeo|322\/322
|move|p2a: Lucario|Flash Cannon|p1a: Keldeo
|-resisted|p1a: Keldeo
|-damage|p1a: Keldeo|176\/322
|
|-heal|p2a: Lucario|141\/344 brn|[from] item: Leftovers
|-damage|p2a: Lucario|98\/344 brn|[from] brn
|turn|10
|
|move|p2a: Lucario|Vacuum Wave|p1a: Keldeo
|-damage|p1a: Keldeo|23\/322
|move|p1a: Keldeo|Scald|p2a: Lucario
|-damage|p2a: Lucario|0 fnt
|faint|p2a: Lucario
|
|
|switch|p2a: Weavile|Weavile, F|207\/282
|-ability|p2a: Weavile|Pressure
|turn|11
|
|switch|p1a: Skarmory|Skarmory, M|302\/302
|move|p2a: Weavile|Ice Shard|p1a: Skarmory
|-damage|p1a: Skarmory|250\/302
|-damage|p2a: Weavile|179\/282|[from] item: Life Orb
|
|turn|12
|
|switch|p2a: Ferrothorn|Ferrothorn, M|352\/352
|move|p1a: Skarmory|Stealth Rock|p2a: Ferrothorn
|-sidestart|p2: its ogre for you|move: Stealth Rock
|
|turn|13
|
|switch|p1a: Mew|Mew|344\/379
|move|p2a: Ferrothorn|Leech Seed|p1a: Mew
|-start|p1a: Mew|move: Leech Seed
|
|-heal|p1a: Mew|367\/379|[from] item: Leftovers
|-damage|p1a: Mew|320\/379|[from] Leech Seed|[of] p2a: Ferrothorn
|turn|14
|
|switch|p1a: Conkeldurr|Conkeldurr, F|381\/381
|move|p2a: Ferrothorn|Stealth Rock|p1a: Conkeldurr
|-sidestart|p1: DeathWave|move: Stealth Rock
|
|turn|15
|
|move|p1a: Conkeldurr|Drain Punch|p2a: Ferrothorn
|-supereffective|p2a: Ferrothorn
|-damage|p2a: Ferrothorn|164\/352
|-damage|p1a: Conkeldurr|334\/381|[from] ability: Iron Barbs|[of] p2a: Ferrothorn
|-damage|p1a: Conkeldurr|271\/381|[from] item: Rocky Helmet|[of] p2a: Ferrothorn
|move|p2a: Ferrothorn|Leech Seed|p1a: Conkeldurr|[miss]
|-miss|p2a: Ferrothorn|p1a: Conkeldurr
|
|turn|16
|
|move|p1a: Conkeldurr|Drain Punch|p2a: Ferrothorn
|-supereffective|p2a: Ferrothorn
|-damage|p2a: Ferrothorn|0 fnt
|-heal|p1a: Conkeldurr|353\/381|[from] drain|[of] p2a: Ferrothorn
|-damage|p1a: Conkeldurr|306\/381|[from] ability: Iron Barbs|[of] p2a: Ferrothorn
|-damage|p1a: Conkeldurr|243\/381|[from] item: Rocky Helmet|[of] p2a: Ferrothorn
|faint|p2a: Ferrothorn
|
|
|switch|p2a: Landorus|Landorus, M|320\/320
|-damage|p2a: Landorus|280\/320|[from] Stealth Rock
|turn|17
|
|switch|p1a: Skarmory|Skarmory, M|250\/302
|-damage|p1a: Skarmory|213\/302|[from] Stealth Rock
|move|p2a: Landorus|Extrasensory|p1a: Skarmory
|-resisted|p1a: Skarmory
|-damage|p1a: Skarmory|126\/302
|
|turn|18
|
|move|p2a: Landorus|Extrasensory|p1a: Skarmory
|-resisted|p1a: Skarmory
|-damage|p1a: Skarmory|45\/302
|move|p1a: Skarmory|Defog|p2a: Landorus
|-unboost|p2a: Landorus|evasion|1
|-sideend|p2: its ogre for you|Stealth Rock|[from] move: Defog|[of] p2a: Landorus
|-sideend|p1: DeathWave|Stealth Rock|[from] move: Defog|[of] p1a: Skarmory
|
|turn|19
|
|move|p2a: Landorus|Extrasensory|p1a: Skarmory
|-resisted|p1a: Skarmory
|-damage|p1a: Skarmory|0 fnt
|faint|p1a: Skarmory
|
|
|switch|p1a: Keldeo|Keldeo|23\/322
|turn|20
|
|switch|p2a: Chansey|Chansey, F|704\/704
|move|p1a: Keldeo|Scald|p2a: Chansey
|-damage|p2a: Chansey|577\/704
|
|turn|21
|
|switch|p1a: Mew|Mew|320\/379
|move|p2a: Chansey|Toxic|p1a: Mew
|-status|p1a: Mew|tox
|-status|p2a: Chansey|tox
|
|-heal|p1a: Mew|343\/379 tox|[from] item: Leftovers
|-damage|p1a: Mew|320\/379 tox|[from] psn
|-damage|p2a: Chansey|533\/704 tox|[from] psn
|turn|22
|
|move|p1a: Mew|Knock Off|p2a: Chansey
|-damage|p2a: Chansey|436\/704 tox
|-enditem|p2a: Chansey|Eviolite|[from] move: Knock Off|[of] p1a: Mew
|move|p2a: Chansey|Heal Bell|p2a: Chansey
|-cureteam|p2a: Chansey|[from] move: HealBell
|
|-heal|p1a: Mew|343\/379 tox|[from] item: Leftovers
|-damage|p1a: Mew|297\/379 tox|[from] psn
|turn|23
|
|switch|p1a: Conkeldurr|Conkeldurr, F|243\/381
|move|p2a: Chansey|Wish|p2a: Chansey
|
|turn|24
|
|switch|p2a: Landorus|Landorus, M|280\/320
|move|p1a: Conkeldurr|Ice Punch|p2a: Landorus
|-crit|p2a: Landorus
|-supereffective|p2a: Landorus
|-damage|p2a: Landorus|0 fnt
|faint|p2a: Landorus
|
|
|switch|p2a: Salamence|Salamence, M|331\/331
|turn|25
|
|detailschange|p2a: Salamence|Salamence-Mega, M
|message|Salamence has Mega Evolved into Mega Salamence!
|move|p2a: Salamence|Facade|p1a: Conkeldurr
|-supereffective|p1a: Conkeldurr
|-damage|p1a: Conkeldurr|0 fnt
|faint|p1a: Conkeldurr
|
|
|switch|p1a: Pidgeot|Pidgeot-Mega, M|54\/307
|turn|26
|
|switch|p2a: Weavile|Weavile, F|179\/282
|-ability|p2a: Weavile|Pressure
|move|p1a: Pidgeot|Hurricane|p2a: Weavile
|-damage|p2a: Weavile|0 fnt
|faint|p2a: Weavile
|
|
|switch|p2a: Chansey|Chansey, F|436\/704
|turn|27
|
|switch|p1a: Bisharp|Bisharp, M|271\/271
|move|p2a: Chansey|Toxic|p1a: Bisharp
|-fail|p1a: Bisharp
|
|turn|28
|
|move|p1a: Bisharp|Swords Dance|p1a: Bisharp
|-boost|p1a: Bisharp|atk|2
|move|p2a: Chansey|Wish|p2a: Chansey
|
|turn|29
|
|switch|p2a: Salamence|Salamence-Mega, M|331\/331
|move|p1a: Bisharp|Iron Head|p2a: Salamence
|-damage|p2a: Salamence|35\/331
|-damage|p1a: Bisharp|244\/271|[from] item: Life Orb
|
|-heal|p2a: Salamence|331\/331|[from] move: Wish|[wisher] Chansey
|turn|30
|
|move|p2a: Salamence|Fire Fang|p1a: Bisharp
|-supereffective|p1a: Bisharp
|-damage|p1a: Bisharp|48\/271
|move|p1a: Bisharp|Iron Head|p2a: Salamence
|-damage|p2a: Salamence|39\/331
|-damage|p1a: Bisharp|21\/271|[from] item: Life Orb
|
|turn|31
|
|switch|p2a: Chansey|Chansey, F|436\/704
|move|p1a: Bisharp|Iron Head|p2a: Chansey
|-damage|p2a: Chansey|0 fnt
|-damage|p1a: Bisharp|0 fnt|[from] item: Life Orb
|faint|p2a: Chansey
|faint|p1a: Bisharp
|
|-message|its ogre for you forfeited.
|leave|its ogre for you
|
|win|DeathWave
|raw|Ladder updating...
|player|p2
|raw|DeathWave's rating: 1207 &rarr; <strong>1232<\/strong><br \/>(+25 for winning)
|raw|its ogre for you's rating: 1201 &rarr; <strong>1176<\/strong><br \/>(-25 for losing)