|join|Expert_Occultist
|join|DeathWave
|player|p1|Expert_Occultist|52
|player|p2|DeathWave|30
|gametype|singles
|gen|6
|tier|ORAS OU
|rated
|rule|Sleep Clause Mod: Limit one foe put to sleep
|rule|Species Clause: Limit one of each PokÃ©mon
|rule|OHKO Clause: OHKO moves are banned
|rule|Moody Clause: Moody is banned
|rule|Evasion Moves Clause: Evasion moves are banned
|rule|Endless Battle Clause: Forcing endless battles is banned
|rule|HP Percentage Mod: HP is shown in percentages
|clearpoke
|poke|p1|Hydreigon, M, shiny
|poke|p1|Metagross, shiny
|poke|p1|Dugtrio, M, shiny
|poke|p1|Wobbuffet, M, shiny
|poke|p1|Magnezone, shiny
|poke|p1|Gothitelle, M
|poke|p2|Salamence, M
|poke|p2|Chansey, F
|poke|p2|Bisharp, M
|poke|p2|Rotom-Wash
|poke|p2|Landorus-Therian, M
|poke|p2|Mandibuzz, F
|rule|Swagger Clause: Swagger is banned
|rule|Baton Pass Clause: Limit one PokÃ©mon knowing Baton Pass
|teampreview
|
|start
|switch|p1a: Demon Lover|Hydreigon, M, shiny|325\/325
|switch|p2a: Mandibuzz|Mandibuzz, F|424\/424
|turn|1
|
|move|p1a: Demon Lover|U-turn|p2a: Mandibuzz
|-damage|p2a: Mandibuzz|387\/424
|-damage|p1a: Demon Lover|271\/325|[from] item: Rocky Helmet|[of] p2a: Mandibuzz
|
|switch|p1a: Hypno Sex Ray|Magnezone, shiny|281\/281
|move|p2a: Mandibuzz|Toxic|p1a: Hypno Sex Ray
|-fail|p1a: Hypno Sex Ray
|
|turn|2
|
|switch|p1a: Trapped Love|Wobbuffet, M, shiny|584\/584
|move|p2a: Mandibuzz|Roost|p2a: Mandibuzz
|-heal|p2a: Mandibuzz|424\/424
|
|turn|3
|
|move|p2a: Mandibuzz|Foul Play|p1a: Trapped Love
|-supereffective|p1a: Trapped Love
|-damage|p1a: Trapped Love|452\/584
|move|p1a: Trapped Love|Encore|p2a: Mandibuzz
|-start|p2a: Mandibuzz|Encore
|
|-heal|p1a: Trapped Love|488\/584|[from] item: Leftovers
|turn|4
|
|move|p2a: Mandibuzz|Foul Play|p1a: Trapped Love
|-supereffective|p1a: Trapped Love
|-damage|p1a: Trapped Love|368\/584
|move|p1a: Trapped Love|Counter|p2a: Mandibuzz
|-damage|p2a: Mandibuzz|184\/424
|-damage|p1a: Trapped Love|271\/584|[from] item: Rocky Helmet|[of] p2a: Mandibuzz
|
|-heal|p1a: Trapped Love|307\/584|[from] item: Leftovers
|turn|5
|
|move|p2a: Mandibuzz|Foul Play|p1a: Trapped Love
|-supereffective|p1a: Trapped Love
|-damage|p1a: Trapped Love|191\/584
|move|p1a: Trapped Love|Counter|p2a: Mandibuzz
|-damage|p2a: Mandibuzz|0 fnt
|-damage|p1a: Trapped Love|94\/584|[from] item: Rocky Helmet|[of] p2a: Mandibuzz
|faint|p2a: Mandibuzz
|
|-heal|p1a: Trapped Love|130\/584|[from] item: Leftovers
|
|switch|p2a: Landorus-Therian|Landorus-Therian, M|319\/319
|-ability|p2a: Landorus-Therian|Intimidate|[of] p1a: Trapped Love
|-unboost|p1a: Trapped Love|atk|1
|turn|6
|
|move|p2a: Landorus-Therian|U-turn|p1a: Trapped Love
|-supereffective|p1a: Trapped Love
|-damage|p1a: Trapped Love|0 fnt
|faint|p1a: Trapped Love
|
|switch|p2a: Rotom-Wash|Rotom-Wash|241\/241
|
|
|switch|p1a: Demon Lover|Hydreigon, M, shiny|271\/325
|turn|7
|
|move|p2a: Rotom-Wash|Volt Switch|p1a: Demon Lover
|-resisted|p1a: Demon Lover
|-damage|p1a: Demon Lover|213\/325
|
|switch|p2a: Bisharp|Bisharp, M|271\/271
|move|p1a: Demon Lover|Dark Pulse|p2a: Bisharp
|-resisted|p2a: Bisharp
|-damage|p2a: Bisharp|175\/271
|
|turn|8
|
|switch|p1a: Buttnutz|Dugtrio, M, shiny|211\/211
|move|p2a: Bisharp|Low Kick|p1a: Buttnutz
|-damage|p1a: Buttnutz|95\/211
|
|turn|9
|
|move|p2a: Bisharp|Low Kick|p1a: Buttnutz
|-damage|p1a: Buttnutz|0 fnt
|faint|p1a: Buttnutz
|
|
|switch|p1a: Cramp Stomp|Metagross, shiny|301\/301
|turn|10
|
|switch|p2a: Rotom-Wash|Rotom-Wash|241\/241
|detailschange|p1a: Cramp Stomp|Metagross-Mega, shiny
|message|Metagross has Mega Evolved into Mega Metagross!
|move|p1a: Cramp Stomp|Earthquake|p2a: Rotom-Wash
|-immune|p2a: Rotom-Wash|[msg]
|
|turn|11
|
|switch|p1a: Demon Lover|Hydreigon, M, shiny|213\/325
|move|p2a: Rotom-Wash|Volt Switch|p1a: Demon Lover
|-resisted|p1a: Demon Lover
|-damage|p1a: Demon Lover|159\/325
|
|switch|p2a: Salamence|Salamence, M|331\/331
|-ability|p2a: Salamence|Intimidate|[of] p1a: Demon Lover
|-unboost|p1a: Demon Lover|atk|1
|
|turn|12
|
|switch|p2a: Chansey|Chansey, F|704\/704
|move|p1a: Demon Lover|Draco Meteor|p2a: Chansey
|-damage|p2a: Chansey|536\/704
|-unboost|p1a: Demon Lover|spa|2
|
|turn|13
|
|switch|p1a: Cramp Stomp|Metagross-Mega, shiny|301\/301
|switch|p2a: Rotom-Wash|Rotom-Wash|241\/241
|
|turn|14
|
|move|p2a: Rotom-Wash|Will-O-Wisp|p1a: Cramp Stomp
|-status|p1a: Cramp Stomp|brn
|move|p1a: Cramp Stomp|Meteor Mash|p2a: Rotom-Wash
|-resisted|p2a: Rotom-Wash
|-damage|p2a: Rotom-Wash|214\/241
|
|-damage|p1a: Cramp Stomp|264\/301 brn|[from] brn
|turn|15
|
|switch|p2a: Bisharp|Bisharp, M|175\/271
|switch|p1a: Teenage Zombie Slu|Gothitelle, M|281\/281
|
|turn|16
|
|move|p2a: Bisharp|Knock Off|p1a: Teenage Zombie Slu
|-supereffective|p1a: Teenage Zombie Slu
|-damage|p1a: Teenage Zombie Slu|0 fnt
|-enditem|p1a: Teenage Zombie Slu|Choice Scarf|[from] move: Knock Off|[of] p2a: Bisharp
|faint|p1a: Teenage Zombie Slu
|
|-message|Expert_Occultist forfeited.
|
|win|DeathWave
|raw|Ladder updating...
|leave|Expert_Occultist
|player|p1
|raw|Expert_Occultist's rating: 1350 &rarr; <strong>1326<\/strong><br \/>(-24 for losing)
|raw|DeathWave's rating: 1271 &rarr; <strong>1302<\/strong><br \/>(+31 for winning)