|join|DeathWave
|join|Nunuchu42
|player|p1|DeathWave|30
|player|p2|Nunuchu42|10
|gametype|singles
|gen|6
|tier|ORAS OU
|rated
|rule|Sleep Clause Mod: Limit one foe put to sleep
|rule|Species Clause: Limit one of each PokÃ©mon
|rule|OHKO Clause: OHKO moves are banned
|rule|Moody Clause: Moody is banned
|rule|Evasion Moves Clause: Evasion moves are banned
|rule|Endless Battle Clause: Forcing endless battles is banned
|rule|HP Percentage Mod: HP is shown in percentages
|clearpoke
|poke|p1|Salamence, M
|poke|p1|Chansey, F
|poke|p1|Bisharp, M
|poke|p1|Rotom-Wash
|poke|p1|Landorus-Therian, M
|poke|p1|Mandibuzz, F
|poke|p2|Sharpedo, M
|poke|p2|Forretress, M
|poke|p2|Gengar, F
|poke|p2|Chansey, F
|poke|p2|Terrakion
|poke|p2|Clefable, F
|rule|Swagger Clause: Swagger is banned
|rule|Baton Pass Clause: Limit one PokÃ©mon knowing Baton Pass
|teampreview
|
|start
|switch|p1a: Rotom-Wash|Rotom-Wash|241\/241
|switch|p2a: Gengar|Gengar, F|263\/263
|turn|1
|
|move|p1a: Rotom-Wash|Volt Switch|p2a: Gengar
|-damage|p2a: Gengar|122\/263
|
|switch|p1a: Chansey|Chansey, F|704\/704
|move|p2a: Gengar|Sludge Bomb|p1a: Chansey
|-damage|p1a: Chansey|598\/704
|
|-heal|p2a: Gengar|138\/263|[from] item: Black Sludge
|turn|2
|
|move|p2a: Gengar|Taunt|p1a: Chansey
|-start|p1a: Chansey|move: Taunt
|cant|p1a: Chansey|move: Taunt|Thunder Wave
|
|-heal|p2a: Gengar|154\/263|[from] item: Black Sludge
|turn|3
|
|switch|p1a: Landorus-Therian|Landorus-Therian, M|319\/319
|-ability|p1a: Landorus-Therian|Intimidate|[of] p2a: Gengar
|-unboost|p2a: Gengar|atk|1
|move|p2a: Gengar|Will-O-Wisp|p1a: Landorus-Therian|[miss]
|-miss|p2a: Gengar|p1a: Landorus-Therian
|
|-heal|p2a: Gengar|170\/263|[from] item: Black Sludge
|turn|4
|
|move|p2a: Gengar|Will-O-Wisp|p1a: Landorus-Therian
|-status|p1a: Landorus-Therian|brn
|move|p1a: Landorus-Therian|Stealth Rock|p2a: Gengar
|-sidestart|p2: Nunuchu42|move: Stealth Rock
|
|-heal|p2a: Gengar|186\/263|[from] item: Black Sludge
|-damage|p1a: Landorus-Therian|280\/319 brn|[from] brn
|turn|5
|
|switch|p1a: Bisharp|Bisharp, M|271\/271
|move|p2a: Gengar|Hex|p1a: Bisharp
|-resisted|p1a: Bisharp
|-damage|p1a: Bisharp|199\/271
|
|-heal|p2a: Gengar|202\/263|[from] item: Black Sludge
|turn|6
|
|move|p1a: Bisharp|Knock Off|p2a: Gengar
|-supereffective|p2a: Gengar
|-damage|p2a: Gengar|0 fnt
|-enditem|p2a: Gengar|Black Sludge|[from] move: Knock Off|[of] p1a: Bisharp
|faint|p2a: Gengar
|
|
|switch|p2a: Terrakion|Terrakion|323\/323
|-damage|p2a: Terrakion|303\/323|[from] Stealth Rock
|turn|7
|
|switch|p2a: Forretress|Forretress, M|354\/354
|-damage|p2a: Forretress|310\/354|[from] Stealth Rock
|switch|p1a: Landorus-Therian|Landorus-Therian, M|280\/319 brn
|-ability|p1a: Landorus-Therian|Intimidate|[of] p2a: Forretress
|-unboost|p2a: Forretress|atk|1
|
|-heal|p2a: Forretress|332\/354|[from] item: Leftovers
|-damage|p1a: Landorus-Therian|241\/319 brn|[from] brn
|turn|8
|
|move|p1a: Landorus-Therian|U-turn|p2a: Forretress
|-resisted|p2a: Forretress
|-damage|p2a: Forretress|312\/354
|
|switch|p1a: Salamence|Salamence, M|331\/331
|-ability|p1a: Salamence|Intimidate|[of] p2a: Forretress
|-unboost|p2a: Forretress|atk|1
|move|p2a: Forretress|Stealth Rock|p1a: Salamence
|-sidestart|p1: DeathWave|move: Stealth Rock
|
|-heal|p2a: Forretress|334\/354|[from] item: Leftovers
|turn|9
|
|detailschange|p1a: Salamence|Salamence-Mega, M
|message|Salamence has Mega Evolved into Mega Salamence!
|move|p1a: Salamence|Flamethrower|p2a: Forretress
|-supereffective|p2a: Forretress
|-damage|p2a: Forretress|0 fnt
|faint|p2a: Forretress
|
|
|switch|p2a: Sharpedo|Sharpedo, M|305\/305
|-damage|p2a: Sharpedo|267\/305|[from] Stealth Rock
|turn|10
|
|move|p2a: Sharpedo|Protect|p2a: Sharpedo
|-singleturn|p2a: Sharpedo|Protect
|move|p1a: Salamence|Dragon Dance|p1a: Salamence
|-boost|p1a: Salamence|atk|1
|-boost|p1a: Salamence|spe|1
|
|-boost|p2a: Sharpedo|spe|1|[from] ability: Speed Boost
|turn|11
|
|detailschange|p2a: Sharpedo|Sharpedo-Mega, M
|message|Sharpedo has Mega Evolved into Mega Sharpedo!
|move|p1a: Salamence|Frustration|p2a: Sharpedo
|-damage|p2a: Sharpedo|0 fnt
|faint|p2a: Sharpedo
|
|
|switch|p2a: Terrakion|Terrakion|303\/323
|-damage|p2a: Terrakion|283\/323|[from] Stealth Rock
|turn|12
|
|move|p1a: Salamence|Frustration|p2a: Terrakion
|-damage|p2a: Terrakion|0 fnt
|faint|p2a: Terrakion
|
|-message|Nunuchu42 forfeited.
|
|win|DeathWave
|raw|Ladder updating...
|leave|Nunuchu42
|player|p2
|raw|DeathWave's rating: 1253 &rarr; <strong>1273<\/strong><br \/>(+20 for winning)
|raw|Nunuchu42's rating: 1189 &rarr; <strong>1169<\/strong><br \/>(-20 for losing)