|join|Boiruja
|join|DeathWave
|player|p1|Boiruja|153
|player|p2|DeathWave|30
|gametype|singles
|gen|6
|tier|OU
|rated
|clearpoke
|poke|p1|Gengar, M
|poke|p1|Minun, M
|poke|p1|Togekiss, M
|poke|p1|Gyarados, M
|poke|p1|Porygon2
|poke|p1|Alakazam, F
|poke|p2|Metagross, shiny
|poke|p2|Keldeo
|poke|p2|Mew
|poke|p2|Heatran, M
|poke|p2|Thundurus-Therian, M
|poke|p2|Talonflame, F
|rule|Swagger Clause: Swagger is banned
|rule|Baton Pass Clause: Limit one PokÃ©mon knowing Baton Pass
|rule|Sleep Clause Mod: Limit one foe put to sleep
|rule|Species Clause: Limit one of each PokÃ©mon
|rule|OHKO Clause: OHKO moves are banned
|rule|Moody Clause: Moody is banned
|rule|Evasion Moves Clause: Evasion moves are banned
|rule|Endless Battle Clause: Forcing endless battles is banned
|rule|HP Percentage Mod: HP is shown in percentages
|teampreview
|
|start
|switch|p1a: Major Tom|Gyarados, M|331\/331
|switch|p2a: Thundurus-Therian|Thundurus-Therian, M|299\/299
|-ability|p1a: Major Tom|Intimidate|[of] p2a: Thundurus-Therian
|-unboost|p2a: Thundurus-Therian|atk|1
|turn|1
|
|switch|p1a: Toelho|Minun, M|324\/324
|move|p2a: Thundurus-Therian|Volt Switch|p1a: Toelho
|-immune|p1a: Toelho|[msg]
|
|turn|2
|
|switch|p2a: Heatran|Heatran, M|386\/386
|move|p1a: Toelho|Nasty Plot|p1a: Toelho
|-boost|p1a: Toelho|spa|2
|
|turn|3
|
|move|p1a: Toelho|Nasty Plot|p1a: Toelho
|-boost|p1a: Toelho|spa|2
|move|p2a: Heatran|Stealth Rock|p1a: Toelho
|-sidestart|p1: Boiruja|move: Stealth Rock
|
|turn|4
|
|move|p1a: Toelho|Encore|p2a: Heatran
|-start|p2a: Heatran|Encore
|move|p2a: Heatran|Stealth Rock|p1a: Toelho
|-fail|p1a: Toelho
|
|turn|5
|
|switch|p2a: Thundurus-Therian|Thundurus-Therian, M|299\/299
|move|p1a: Toelho|Baton Pass|p1a: Toelho
|
|switch|p1a: Mazakala|Alakazam, F|252\/252
|
|turn|6
|
|move|p1a: Mazakala|Psyshock|p2a: Thundurus-Therian
|-damage|p2a: Thundurus-Therian|0 fnt
|faint|p2a: Thundurus-Therian
|
|
|switch|p2a: Talonflame|Talonflame, F|319\/319
|turn|7
|
|move|p2a: Talonflame|Brave Bird|p1a: Mazakala
|-enditem|p1a: Mazakala|Focus Sash
|-damage|p1a: Mazakala|1\/252
|-damage|p2a: Talonflame|236\/319|[from] recoil|[of] p1a: Mazakala
|move|p1a: Mazakala|Psyshock|p2a: Talonflame
|-damage|p2a: Talonflame|0 fnt
|faint|p2a: Talonflame
|
|
|switch|p2a: Keldeo|Keldeo|323\/323
|turn|8
|
|move|p2a: Keldeo|Scald|p1a: Mazakala
|-damage|p1a: Mazakala|0 fnt
|faint|p1a: Mazakala
|
|
|switch|p1a: Toelho|Minun, M|324\/324
|-damage|p1a: Toelho|284\/324|[from] Stealth Rock
|turn|9
|
|switch|p2a: Metagross|Metagross, shiny|301\/301
|move|p1a: Toelho|Nuzzle|p2a: Metagross
|-damage|p2a: Metagross|291\/301
|-status|p2a: Metagross|par
|
|turn|10
|
|detailschange|p2a: Metagross|Metagross-Mega, shiny
|message|Metagross has Mega Evolved into Mega Metagross!
|move|p1a: Toelho|Baton Pass|p1a: Toelho
|
|switch|p1a: Giygas|Gengar, M|262\/262
|-damage|p1a: Giygas|230\/262|[from] Stealth Rock
|move|p2a: Metagross|Earthquake|p1a: Giygas
|-immune|p1a: Giygas|[msg]
|
|-heal|p1a: Giygas|246\/262|[from] item: Black Sludge
|turn|11
|
|switch|p2a: Heatran|Heatran, M|386\/386
|move|p1a: Giygas|Substitute|p1a: Giygas
|-start|p1a: Giygas|Substitute
|-damage|p1a: Giygas|181\/262
|
|-heal|p1a: Giygas|197\/262|[from] item: Black Sludge
|turn|12
|
|move|p1a: Giygas|Shadow Ball|p2a: Heatran
|-damage|p2a: Heatran|286\/386
|move|p2a: Heatran|Lava Plume|p1a: Giygas
|-end|p1a: Giygas|Substitute
|
|-heal|p1a: Giygas|213\/262|[from] item: Black Sludge
|-heal|p2a: Heatran|310\/386|[from] item: Leftovers
|turn|13
|
|move|p1a: Giygas|Disable|p2a: Heatran
|-start|p2a: Heatran|Disable|Lava Plume
|cant|p2a: Heatran|Disable|Lava Plume
|
|-heal|p1a: Giygas|229\/262|[from] item: Black Sludge
|-heal|p2a: Heatran|334\/386|[from] item: Leftovers
|turn|14
|
|move|p1a: Giygas|Shadow Ball|p2a: Heatran
|-damage|p2a: Heatran|237\/386
|move|p2a: Heatran|Flash Cannon|p1a: Giygas
|-damage|p1a: Giygas|82\/262
|
|-heal|p1a: Giygas|98\/262|[from] item: Black Sludge
|-heal|p2a: Heatran|261\/386|[from] item: Leftovers
|turn|15
|
|switch|p1a: Toelho|Minun, M|284\/324
|-damage|p1a: Toelho|244\/324|[from] Stealth Rock
|move|p2a: Heatran|Flash Cannon|p1a: Toelho
|-resisted|p1a: Toelho
|-damage|p1a: Toelho|178\/324
|
|-heal|p2a: Heatran|285\/386|[from] item: Leftovers
|turn|16
|
|switch|p2a: Metagross|Metagross-Mega, shiny|291\/301 par
|move|p1a: Toelho|Nasty Plot|p1a: Toelho
|-boost|p1a: Toelho|spa|2
|
|turn|17
|
|move|p1a: Toelho|Baton Pass|p1a: Toelho
|
|switch|p1a: DigitalJesus|Porygon2|374\/374
|-damage|p1a: DigitalJesus|328\/374|[from] Stealth Rock
|-boost|p1a: DigitalJesus|spa|1|[from] ability: Download
|move|p2a: Metagross|Zen Headbutt|p1a: DigitalJesus
|-damage|p1a: DigitalJesus|166\/374
|
|turn|18
|
|move|p1a: DigitalJesus|Recover|p1a: DigitalJesus
|-heal|p1a: DigitalJesus|353\/374
|move|p2a: Metagross|Meteor Mash|p1a: DigitalJesus
|-crit|p1a: DigitalJesus
|-damage|p1a: DigitalJesus|80\/374
|
|turn|19
|
|move|p1a: DigitalJesus|Recover|p1a: DigitalJesus
|-heal|p1a: DigitalJesus|267\/374
|move|p2a: Metagross|Meteor Mash|p1a: DigitalJesus
|-damage|p1a: DigitalJesus|83\/374
|
|turn|20
|
|move|p1a: DigitalJesus|Recover|p1a: DigitalJesus
|-heal|p1a: DigitalJesus|270\/374
|cant|p2a: Metagross|par
|
|turn|21
|
|move|p1a: DigitalJesus|Discharge|p2a: Metagross
|-crit|p2a: Metagross
|-damage|p2a: Metagross|0 fnt
|faint|p2a: Metagross
|
|
|switch|p2a: Mew|Mew|404\/404
|turn|22
|
|move|p2a: Mew|Knock Off|p1a: DigitalJesus
|-damage|p1a: DigitalJesus|214\/374
|-enditem|p1a: DigitalJesus|Eviolite|[from] move: Knock Off|[of] p2a: Mew
|move|p1a: DigitalJesus|Tri Attack|p2a: Mew
|-damage|p2a: Mew|40\/404
|
|-heal|p2a: Mew|65\/404|[from] item: Leftovers
|turn|23
|
|move|p2a: Mew|Will-O-Wisp|p1a: DigitalJesus
|-status|p1a: DigitalJesus|brn
|move|p1a: DigitalJesus|Tri Attack|p2a: Mew
|-damage|p2a: Mew|0 fnt
|faint|p2a: Mew
|
|-damage|p1a: DigitalJesus|168\/374 brn|[from] brn
|
|switch|p2a: Keldeo|Keldeo|323\/323
|turn|24
|
|move|p2a: Keldeo|Hydro Pump|p1a: DigitalJesus
|-damage|p1a: DigitalJesus|0 fnt
|faint|p1a: DigitalJesus
|
|
|switch|p1a: Oxyurus|Togekiss, M|312\/312
|-damage|p1a: Oxyurus|234\/312|[from] Stealth Rock
|turn|25
|
|switch|p2a: Heatran|Heatran, M|285\/386
|move|p1a: Oxyurus|Aura Sphere|p2a: Heatran
|-supereffective|p2a: Heatran
|-damage|p2a: Heatran|139\/386
|
|-heal|p2a: Heatran|163\/386|[from] item: Leftovers
|turn|26
|
|switch|p1a: Toelho|Minun, M|178\/324
|-damage|p1a: Toelho|138\/324|[from] Stealth Rock
|-enditem|p1a: Toelho|Sitrus Berry|[eat]
|-heal|p1a: Toelho|219\/324|[from] item: Sitrus Berry
|move|p2a: Heatran|Flash Cannon|p1a: Toelho
|-resisted|p1a: Toelho
|-damage|p1a: Toelho|153\/324
|
|-heal|p2a: Heatran|187\/386|[from] item: Leftovers
|turn|27
|
|move|p1a: Toelho|Encore|p2a: Heatran
|-start|p2a: Heatran|Encore
|move|p2a: Heatran|Flash Cannon|p1a: Toelho
|-resisted|p1a: Toelho
|-damage|p1a: Toelho|81\/324
|
|-heal|p2a: Heatran|211\/386|[from] item: Leftovers
|turn|28
|
|move|p1a: Toelho|Nasty Plot|p1a: Toelho
|-boost|p1a: Toelho|spa|2
|move|p2a: Heatran|Flash Cannon|p1a: Toelho
|-resisted|p1a: Toelho
|-damage|p1a: Toelho|9\/324
|
|-heal|p2a: Heatran|235\/386|[from] item: Leftovers
|turn|29
|
|move|p1a: Toelho|Nuzzle|p2a: Heatran
|-damage|p2a: Heatran|223\/386
|-status|p2a: Heatran|par
|move|p2a: Heatran|Flash Cannon|p1a: Toelho
|-resisted|p1a: Toelho
|-damage|p1a: Toelho|0 fnt
|faint|p1a: Toelho
|
|-heal|p2a: Heatran|247\/386 par|[from] item: Leftovers
|-end|p2a: Heatran|Encore
|
|switch|p1a: Major Tom|Gyarados, M|331\/331
|-damage|p1a: Major Tom|249\/331|[from] Stealth Rock
|-ability|p1a: Major Tom|Intimidate|[of] p2a: Heatran
|-unboost|p2a: Heatran|atk|1
|turn|30
|
|switch|p2a: Keldeo|Keldeo|323\/323
|move|p1a: Major Tom|Dragon Dance|p1a: Major Tom
|-boost|p1a: Major Tom|atk|1
|-boost|p1a: Major Tom|spe|1
|
|turn|31
|
|move|p2a: Keldeo|Scald|p1a: Major Tom
|-resisted|p1a: Major Tom
|-damage|p1a: Major Tom|175\/331
|move|p1a: Major Tom|Earthquake|p2a: Keldeo
|-damage|p2a: Keldeo|148\/323
|
|turn|32
|
|detailschange|p1a: Major Tom|Gyarados-Mega, M
|message|Gyarados has Mega Evolved into Mega Gyarados!
|-ability|p1a: Major Tom|Mold Breaker
|move|p2a: Keldeo|Scald|p1a: Major Tom
|-resisted|p1a: Major Tom
|-damage|p1a: Major Tom|121\/331
|move|p1a: Major Tom|Earthquake|p2a: Keldeo
|-damage|p2a: Keldeo|0 fnt
|faint|p2a: Keldeo
|
|c|âBoiruja|gg
|-message|DeathWave forfeited.
|
|win|Boiruja
|raw|Ladder updating...
|raw|Boiruja's rating: 1581 &rarr; <strong>1597<\/strong><br \/>(+16 for winning)
|raw|DeathWave's rating: 1510 &rarr; <strong>1494<\/strong><br \/>(-16 for losing)