|join|Houohin Kyouma
|join|DeathWave
|player|p1|Houohin Kyouma|292
|player|p2|DeathWave|163
|gametype|singles
|gen|6
|tier|OU
|rated
|clearpoke
|poke|p1|Rotom-Wash
|poke|p1|Blissey, F
|poke|p1|Quagsire, M
|poke|p1|Mandibuzz, F, shiny
|poke|p1|Venusaur, F
|poke|p1|Mamoswine, M
|poke|p2|Entei, shiny
|poke|p2|Deoxys-Speed
|poke|p2|Kyurem-Black
|poke|p2|Breloom, M
|poke|p2|Scizor, F
|poke|p2|Blissey, F
|rule|Sleep Clause Mod: Limit one foe put to sleep
|rule|Species Clause: Limit one of each Pokemon
|rule|OHKO Clause: OHKO moves are banned
|rule|Moody Clause: Moody is banned
|rule|Evasion Moves Clause: Evasion moves are banned
|rule|Endless Battle Clause: Forcing endless battles is banned.
|rule|HP Percentage Mod: HP is reported as percentages
|teampreview
|
|start
|switch|p1a: Smogon Laundromat|Rotom-Wash|242\/242
|switch|p2a: Scizor|Scizor, F|281\/281
|turn|1
|
|-formechange|p2a: Scizor|Scizor-Mega
|message|Scizor has Mega Evolved into Mega Scizor!
|move|p1a: Smogon Laundromat|Volt Switch|p2a: Scizor
|-damage|p2a: Scizor|173\/281
|
|switch|p1a: Venusian Venom|Venusaur, F|302\/302
|move|p2a: Scizor|Knock Off|p1a: Venusian Venom
|-damage|p1a: Venusian Venom|208\/302
|
|turn|2
|
|switch|p2a: Blissey|Blissey, F|714\/714
|-formechange|p1a: Venusian Venom|Venusaur-Mega
|message|Venusaur has Mega Evolved into Mega Venusaur!
|move|p1a: Venusian Venom|Hidden Power|p2a: Blissey
|-damage|p2a: Blissey|659\/714
|
|-heal|p2a: Blissey|703\/714|[from] item: Leftovers
|turn|3
|
|move|p1a: Venusian Venom|Sleep Powder|p2a: Blissey
|-status|p2a: Blissey|slp
|cant|p2a: Blissey|slp
|
|-heal|p2a: Blissey|714\/714 slp|[from] item: Leftovers
|turn|4
|
|switch|p2a: Scizor|Scizor, F|173\/281
|-formechange|p2a: Scizor|Scizor-Mega
|move|p1a: Venusian Venom|Sleep Powder|p2a: Scizor|[miss]
|-miss|p1a: Venusian Venom|p2a: Scizor
|
|turn|5
|
|switch|p2a: Blissey|Blissey, F|714\/714
|move|p1a: Venusian Venom|Sleep Powder|p2a: Blissey
|-status|p2a: Blissey|slp
|
|turn|6
|
|switch|p2a: Deoxys-Speed|Deoxys-Speed|241\/241
|-ability|p2a: Deoxys-Speed|Pressure
|move|p1a: Venusian Venom|Synthesis|p1a: Venusian Venom
|-heal|p1a: Venusian Venom|302\/302
|
|turn|7
|
|switch|p1a: Revivor Survivor|Blissey, F|714\/714
|move|p2a: Deoxys-Speed|Psycho Boost|p1a: Revivor Survivor
|-damage|p1a: Revivor Survivor|484\/714
|-unboost|p2a: Deoxys-Speed|spa|2
|-damage|p2a: Deoxys-Speed|217\/241|[from] item: Life Orb
|
|-heal|p1a: Revivor Survivor|528\/714|[from] item: Leftovers
|turn|8
|
|switch|p1a: Venusian Venom|Venusaur, F|302\/302
|-formechange|p1a: Venusian Venom|Venusaur-Mega
|move|p2a: Deoxys-Speed|Superpower|p1a: Venusian Venom
|-resisted|p1a: Venusian Venom
|-damage|p1a: Venusian Venom|257\/302
|-unboost|p2a: Deoxys-Speed|atk|1
|-unboost|p2a: Deoxys-Speed|def|1
|-damage|p2a: Deoxys-Speed|193\/241|[from] item: Life Orb
|
|turn|9
|
|switch|p2a: Entei|Entei, shiny|371\/371
|-ability|p2a: Entei|Pressure
|move|p1a: Venusian Venom|Sleep Powder|p2a: Entei|[miss]
|-miss|p1a: Venusian Venom|p2a: Entei
|
|turn|10
|
|move|p2a: Entei|Sacred Fire|p1a: Venusian Venom
|-supereffective|p1a: Venusian Venom
|-damage|p1a: Venusian Venom|99\/302
|move|p1a: Venusian Venom|Sleep Powder|p2a: Entei
|-status|p2a: Entei|slp
|
|turn|11
|
|switch|p2a: Kyurem-Black|Kyurem-Black|401\/401
|-ability|p2a: Kyurem-Black|Teravolt
|move|p1a: Venusian Venom|Synthesis|p1a: Venusian Venom
|-heal|p1a: Venusian Venom|250\/302
|
|turn|12
|
|switch|p1a: Quashed Quag|Quagsire, M|394\/394
|move|p2a: Kyurem-Black|Ice Beam|p1a: Quashed Quag
|-damage|p1a: Quashed Quag|128\/394
|-damage|p2a: Kyurem-Black|361\/401|[from] item: Life Orb
|
|-heal|p1a: Quashed Quag|152\/394|[from] item: Leftovers
|turn|13
|
|switch|p1a: Mammoth Marauder|Mamoswine, M|424\/424
|move|p2a: Kyurem-Black|Ice Beam|p1a: Mammoth Marauder
|-damage|p1a: Mammoth Marauder|128\/424
|-damage|p2a: Kyurem-Black|321\/401|[from] item: Life Orb
|
|turn|14
|
|switch|p2a: Scizor|Scizor, F|173\/281
|-formechange|p2a: Scizor|Scizor-Mega
|move|p1a: Mammoth Marauder|Ice Shard|p2a: Scizor
|-resisted|p2a: Scizor
|-damage|p2a: Scizor|135\/281
|-damage|p1a: Mammoth Marauder|86\/424|[from] item: Life Orb
|
|turn|15
|
|switch|p1a: Voluptuous Vulture|Mandibuzz, F, shiny|424\/424
|move|p2a: Scizor|Knock Off|p1a: Voluptuous Vulture
|-resisted|p1a: Voluptuous Vulture
|-damage|p1a: Voluptuous Vulture|380\/424
|-enditem|p1a: Voluptuous Vulture|Leftovers|[from] move: Knock Off|[of] p2a: Scizor
|
|turn|16
|
|move|p2a: Scizor|Roost|p2a: Scizor
|-heal|p2a: Scizor|276\/281
|move|p1a: Voluptuous Vulture|Foul Play|p2a: Scizor
|-damage|p2a: Scizor|138\/281
|
|turn|17
|
|switch|p2a: Blissey|Blissey, F|714\/714
|move|p1a: Voluptuous Vulture|Foul Play|p2a: Blissey
|-damage|p2a: Blissey|666\/714
|
|-heal|p2a: Blissey|710\/714|[from] item: Leftovers
|turn|18
|
|switch|p1a: Smogon Laundromat|Rotom-Wash|242\/242
|switch|p2a: Kyurem-Black|Kyurem-Black|321\/401
|-ability|p2a: Kyurem-Black|Teravolt
|
|turn|19
|
|move|p1a: Smogon Laundromat|Will-O-Wisp|p2a: Kyurem-Black
|-status|p2a: Kyurem-Black|brn
|move|p2a: Kyurem-Black|Earth Power|p1a: Smogon Laundromat
|-supereffective|p1a: Smogon Laundromat
|-damage|p1a: Smogon Laundromat|16\/242
|-damage|p2a: Kyurem-Black|281\/401 brn|[from] item: Life Orb
|
|-damage|p2a: Kyurem-Black|231\/401 brn|[from] brn
|turn|20
|
|switch|p1a: Voluptuous Vulture|Mandibuzz, F, shiny|380\/424
|move|p2a: Kyurem-Black|Fusion Bolt|p1a: Voluptuous Vulture
|-crit|p1a: Voluptuous Vulture
|-supereffective|p1a: Voluptuous Vulture
|-damage|p1a: Voluptuous Vulture|185\/424
|-damage|p2a: Kyurem-Black|191\/401 brn|[from] item: Life Orb
|
|-damage|p2a: Kyurem-Black|141\/401 brn|[from] brn
|turn|21
|
|switch|p2a: Breloom|Breloom, M|261\/261
|move|p1a: Voluptuous Vulture|Roost|p1a: Voluptuous Vulture
|-heal|p1a: Voluptuous Vulture|397\/424
|
|turn|22
|
|move|p2a: Breloom|Swords Dance|p2a: Breloom
|-boost|p2a: Breloom|atk|2
|move|p1a: Voluptuous Vulture|Knock Off|p2a: Breloom
|-resisted|p2a: Breloom
|-damage|p2a: Breloom|213\/261
|-enditem|p2a: Breloom|Life Orb|[from] move: Knock Off|[of] p1a: Voluptuous Vulture
|
|turn|23
|
|move|p2a: Breloom|Rock Tomb|p1a: Voluptuous Vulture
|-supereffective|p1a: Voluptuous Vulture
|-damage|p1a: Voluptuous Vulture|69\/424
|-unboost|p1a: Voluptuous Vulture|spe|1
|move|p1a: Voluptuous Vulture|Foul Play|p2a: Breloom
|-resisted|p2a: Breloom
|-damage|p2a: Breloom|0 fnt
|faint|p2a: Breloom
|
|
|switch|p2a: Deoxys-Speed|Deoxys-Speed|193\/241
|-ability|p2a: Deoxys-Speed|Pressure
|turn|24
|
|switch|p1a: Venusian Venom|Venusaur, F|250\/302
|-formechange|p1a: Venusian Venom|Venusaur-Mega
|move|p2a: Deoxys-Speed|Ice Beam|p1a: Venusian Venom
|-supereffective|p1a: Venusian Venom
|-damage|p1a: Venusian Venom|149\/302
|-damage|p2a: Deoxys-Speed|169\/241|[from] item: Life Orb
|
|turn|25
|
|switch|p1a: Revivor Survivor|Blissey, F|528\/714
|move|p2a: Deoxys-Speed|Psycho Boost|p1a: Revivor Survivor
|-damage|p1a: Revivor Survivor|314\/714
|-unboost|p2a: Deoxys-Speed|spa|2
|-damage|p2a: Deoxys-Speed|145\/241|[from] item: Life Orb
|
|-heal|p1a: Revivor Survivor|358\/714|[from] item: Leftovers
|turn|26
|
|move|p1a: Revivor Survivor|Protect|p1a: Revivor Survivor
|-singleturn|p1a: Revivor Survivor|Protect
|move|p2a: Deoxys-Speed|Superpower|p1a: Revivor Survivor
|-activate|p1a: Revivor Survivor|Protect
|
|-heal|p1a: Revivor Survivor|402\/714|[from] item: Leftovers
|turn|27
|
|switch|p1a: Voluptuous Vulture|Mandibuzz, F, shiny|69\/424
|move|p2a: Deoxys-Speed|Superpower|p1a: Voluptuous Vulture
|-damage|p1a: Voluptuous Vulture|0 fnt
|-unboost|p2a: Deoxys-Speed|atk|1
|-unboost|p2a: Deoxys-Speed|def|1
|-damage|p2a: Deoxys-Speed|121\/241|[from] item: Life Orb
|faint|p1a: Voluptuous Vulture
|
|
|switch|p1a: Mammoth Marauder|Mamoswine, M|86\/424
|turn|28
|
|switch|p2a: Scizor|Scizor, F|138\/281
|-formechange|p2a: Scizor|Scizor-Mega
|move|p1a: Mammoth Marauder|Earthquake|p2a: Scizor
|-damage|p2a: Scizor|0 fnt
|-damage|p1a: Mammoth Marauder|44\/424|[from] item: Life Orb
|faint|p2a: Scizor
|
|
|switch|p2a: Blissey|Blissey, F|710\/714
|turn|29
|
|move|p1a: Mammoth Marauder|Superpower|p2a: Blissey
|-supereffective|p2a: Blissey
|-damage|p2a: Blissey|0 fnt
|-unboost|p1a: Mammoth Marauder|atk|1
|-unboost|p1a: Mammoth Marauder|def|1
|-damage|p1a: Mammoth Marauder|2\/424|[from] item: Life Orb
|faint|p2a: Blissey
|
|
|switch|p2a: Kyurem-Black|Kyurem-Black|141\/401 brn
|-ability|p2a: Kyurem-Black|Teravolt
|turn|30
|
|switch|p2a: Entei|Entei, shiny|371\/371 slp
|-ability|p2a: Entei|Pressure
|switch|p1a: Venusian Venom|Venusaur, F|149\/302
|-formechange|p1a: Venusian Venom|Venusaur-Mega
|
|turn|31
|
|cant|p2a: Entei|slp
|move|p1a: Venusian Venom|Synthesis|p1a: Venusian Venom
|-heal|p1a: Venusian Venom|300\/302
|
|turn|32
|
|-curestatus|p2a: Entei|slp
|move|p2a: Entei|Sacred Fire|p1a: Venusian Venom
|-supereffective|p1a: Venusian Venom
|-damage|p1a: Venusian Venom|138\/302
|move|p1a: Venusian Venom|Sludge Bomb|p2a: Entei
|-damage|p2a: Entei|143\/371
|
|-heal|p2a: Entei|166\/371|[from] item: Leftovers
|turn|33
|
|switch|p1a: Revivor Survivor|Blissey, F|402\/714
|move|p2a: Entei|Sacred Fire|p1a: Revivor Survivor
|-damage|p1a: Revivor Survivor|54\/714
|
|-heal|p2a: Entei|189\/371|[from] item: Leftovers
|-heal|p1a: Revivor Survivor|98\/714|[from] item: Leftovers
|turn|34
|
|move|p2a: Entei|Extreme Speed|p1a: Revivor Survivor
|-damage|p1a: Revivor Survivor|0 fnt
|faint|p1a: Revivor Survivor
|
|-heal|p2a: Entei|212\/371|[from] item: Leftovers
|
|switch|p1a: Venusian Venom|Venusaur, F|138\/302
|-formechange|p1a: Venusian Venom|Venusaur-Mega
|turn|35
|
|move|p2a: Entei|Sacred Fire|p1a: Venusian Venom
|-supereffective|p1a: Venusian Venom
|-damage|p1a: Venusian Venom|0 fnt
|faint|p1a: Venusian Venom
|
|-heal|p2a: Entei|235\/371|[from] item: Leftovers
|
|switch|p1a: Quashed Quag|Quagsire, M|152\/394
|turn|36
|
|switch|p2a: Deoxys-Speed|Deoxys-Speed|121\/241
|-ability|p2a: Deoxys-Speed|Pressure
|move|p1a: Quashed Quag|Recover|p1a: Quashed Quag
|-heal|p1a: Quashed Quag|349\/394
|
|-heal|p1a: Quashed Quag|373\/394|[from] item: Leftovers
|turn|37
|
|move|p2a: Deoxys-Speed|Psycho Boost|p1a: Quashed Quag
|-damage|p1a: Quashed Quag|0 fnt
|-unboost|p2a: Deoxys-Speed|spa|2
|-damage|p2a: Deoxys-Speed|97\/241|[from] item: Life Orb
|faint|p1a: Quashed Quag
|
|
|switch|p1a: Smogon Laundromat|Rotom-Wash|16\/242
|turn|38
|
|move|p2a: Deoxys-Speed|Superpower|p1a: Smogon Laundromat
|-damage|p1a: Smogon Laundromat|0 fnt
|-unboost|p2a: Deoxys-Speed|atk|1
|-unboost|p2a: Deoxys-Speed|def|1
|-damage|p2a: Deoxys-Speed|73\/241|[from] item: Life Orb
|faint|p1a: Smogon Laundromat
|
|
|switch|p1a: Mammoth Marauder|Mamoswine, M|2\/424
|turn|39
|
|switch|p2a: Entei|Entei, shiny|235\/371
|-ability|p2a: Entei|Pressure
|move|p1a: Mammoth Marauder|Ice Shard|p2a: Entei
|-resisted|p2a: Entei
|-damage|p2a: Entei|177\/371
|-damage|p1a: Mammoth Marauder|0 fnt|[from] item: Life Orb
|faint|p1a: Mammoth Marauder
|
|win|DeathWave
|raw|Ladder updating...
|raw|Houohin Kyouma's rating: 1527 &rarr; <strong>1508<\/strong><br \/>(-19 for losing)
|raw|DeathWave's rating: 1545 &rarr; <strong>1564<\/strong><br \/>(+19 for winning)
|leave|Houohin Kyouma
|player|p1
|chat|DeathWave|gg