|join|Davon
|join|DeathWave
|player|p1|Davon|79
|player|p2|DeathWave|163
|gametype|singles
|gen|6
|tier|OU
|rated
|clearpoke
|poke|p1|Gothitelle, F
|poke|p1|Gyarados, F
|poke|p1|Raikou
|poke|p1|Scizor, F
|poke|p1|Lucario, F
|poke|p1|Scolipede, F
|poke|p2|Blissey, F
|poke|p2|Pinsir, F
|poke|p2|Conkeldurr, F
|poke|p2|Rotom-Wash
|poke|p2|Mandibuzz, F
|poke|p2|Heatran, F
|rule|Sleep Clause Mod: Limit one foe put to sleep
|rule|Species Clause: Limit one of each Pokemon
|rule|OHKO Clause: OHKO moves are banned
|rule|Moody Clause: Moody is banned
|rule|Evasion Moves Clause: Evasion moves are banned
|rule|Endless Battle Clause: Forcing endless battles is banned.
|rule|HP Percentage Mod: HP is reported as percentages
|teampreview
|chat|DeathWave|oh hax man
|
|start
|switch|p1a: Raikou|Raikou|322\/322
|switch|p2a: Rotom-Wash|Rotom-Wash|303\/303
|-ability|p1a: Raikou|Pressure
|turn|1
|
|move|p1a: Raikou|Thunderbolt|p2a: Rotom-Wash
|-damage|p2a: Rotom-Wash|188\/303
|move|p2a: Rotom-Wash|Will-O-Wisp|p1a: Raikou
|-status|p1a: Raikou|brn
|
|-heal|p2a: Rotom-Wash|206\/303|[from] item: Leftovers
|-damage|p1a: Raikou|282\/322 brn|[from] brn
|turn|2
|
|move|p1a: Raikou|Thunderbolt|p2a: Rotom-Wash
|-damage|p2a: Rotom-Wash|89\/303
|move|p2a: Rotom-Wash|Volt Switch|p1a: Raikou
|-resisted|p1a: Raikou
|-damage|p1a: Raikou|238\/322 brn
|
|switch|p2a: Heatran|Heatran, F|385\/385
|
|-damage|p1a: Raikou|198\/322 brn|[from] brn
|turn|3
|
|switch|p1a: Scolipede|Scolipede, F|262\/262
|move|p2a: Heatran|Stealth Rock|p1a: Scolipede
|-sidestart|p1: Davon|move: Stealth Rock
|
|turn|4
|
|move|p2a: Heatran|Protect|p2a: Heatran
|-singleturn|p2a: Heatran|Protect
|move|p1a: Scolipede|Spikes|p2a: Heatran
|-sidestart|p2: DeathWave|Spikes
|
|-boost|p1a: Scolipede|spe|1|[from] ability: Speed Boost
|turn|5
|
|move|p1a: Scolipede|Toxic Spikes|p2a: Heatran
|-sidestart|p2: DeathWave|move: Toxic Spikes
|move|p2a: Heatran|Roar|p1a: Scolipede
|drag|p1a: Gyarados|Gyarados, F|332\/332
|-damage|p1a: Gyarados|249\/332|[from] Stealth Rock
|-ability|p1a: Gyarados|Intimidate|[of] p2a: Heatran
|-unboost|p2a: Heatran|atk|1
|
|turn|6
|
|switch|p2a: Mandibuzz|Mandibuzz, F|424\/424
|detailschange|p1a: Gyarados|Gyarados-Mega, F
|message|Gyarados has Mega Evolved into Mega Gyarados!
|-ability|p1a: Gyarados|Mold Breaker
|move|p1a: Gyarados|Earthquake|p2a: Mandibuzz
|-immune|p2a: Mandibuzz|[msg]
|
|turn|7
|
|move|p1a: Gyarados|Taunt|p2a: Mandibuzz
|-start|p2a: Mandibuzz|move: Taunt
|cant|p2a: Mandibuzz|move: Taunt|Toxic
|
|turn|8
|
|switch|p1a: Lucario|Lucario, F|281\/281
|-damage|p1a: Lucario|273\/281|[from] Stealth Rock
|move|p2a: Mandibuzz|Foul Play|p1a: Lucario
|-resisted|p1a: Lucario
|-damage|p1a: Lucario|162\/281
|-boost|p1a: Lucario|atk|1|[from] ability: Justified
|
|turn|9
|
|switch|p2a: Blissey|Blissey, F|714\/714
|-status|p2a: Blissey|psn
|-damage|p2a: Blissey|625\/714 psn|[from] Spikes
|move|p1a: Lucario|Extreme Speed|p2a: Blissey
|-damage|p2a: Blissey|284\/714 psn
|-damage|p1a: Lucario|134\/281|[from] item: Life Orb
|
|-heal|p2a: Blissey|328\/714 psn|[from] item: Leftovers
|-damage|p2a: Blissey|239\/714 psn|[from] psn
|turn|10
|
|move|p1a: Lucario|Close Combat|p2a: Blissey
|-supereffective|p2a: Blissey
|-damage|p2a: Blissey|0 fnt
|-unboost|p1a: Lucario|def|1
|-unboost|p1a: Lucario|spd|1
|-damage|p1a: Lucario|106\/281|[from] item: Life Orb
|faint|p2a: Blissey
|
|
|switch|p2a: Pinsir|Pinsir, F|271\/271
|-damage|p2a: Pinsir|238\/271|[from] Spikes
|-status|p2a: Pinsir|psn
|-ability|p2a: Pinsir|Mold Breaker
|turn|11
|
|switch|p1a: Scolipede|Scolipede, F|262\/262
|-damage|p1a: Scolipede|197\/262|[from] Stealth Rock
|detailschange|p2a: Pinsir|Pinsir-Mega, F
|message|Pinsir has Mega Evolved into Mega Pinsir!
|move|p2a: Pinsir|Feint|p1a: Scolipede
|-supereffective|p1a: Scolipede
|-damage|p1a: Scolipede|3\/262
|
|-damage|p2a: Pinsir|205\/271 psn|[from] psn
|turn|12
|
|move|p2a: Pinsir|Feint|p1a: Scolipede
|-supereffective|p1a: Scolipede
|-damage|p1a: Scolipede|0 fnt
|faint|p1a: Scolipede
|
|-damage|p2a: Pinsir|172\/271 psn|[from] psn
|
|switch|p1a: Raikou|Raikou|198\/322 brn
|-damage|p1a: Raikou|158\/322 brn|[from] Stealth Rock
|-ability|p1a: Raikou|Pressure
|turn|13
|
|switch|p2a: Rotom-Wash|Rotom-Wash|89\/303
|move|p1a: Raikou|Volt Switch|p2a: Rotom-Wash
|-damage|p2a: Rotom-Wash|0 fnt
|faint|p2a: Rotom-Wash
|
|switch|p1a: Gothitelle|Gothitelle, F|281\/281
|-damage|p1a: Gothitelle|246\/281|[from] Stealth Rock
|
|
|switch|p2a: Conkeldurr|Conkeldurr, F|357\/357
|-status|p2a: Conkeldurr|psn
|-damage|p2a: Conkeldurr|313\/357 psn|[from] Spikes
|turn|14
|
|move|p1a: Gothitelle|Psychic|p2a: Conkeldurr
|-supereffective|p2a: Conkeldurr
|-damage|p2a: Conkeldurr|1\/357 psn
|move|p2a: Conkeldurr|Knock Off|p1a: Gothitelle
|-supereffective|p1a: Gothitelle
|-damage|p1a: Gothitelle|0 fnt
|faint|p1a: Gothitelle
|
|-damage|p2a: Conkeldurr|0 fnt|[from] psn
|faint|p2a: Conkeldurr
|
|switch|p1a: Lucario|Lucario, F|106\/281
|-damage|p1a: Lucario|98\/281|[from] Stealth Rock
|switch|p2a: Heatran|Heatran, F|385\/385
|-damage|p2a: Heatran|337\/385|[from] Spikes
|turn|15
|
|switch|p2a: Mandibuzz|Mandibuzz, F|424\/424
|move|p1a: Lucario|Close Combat|p2a: Mandibuzz
|-damage|p2a: Mandibuzz|225\/424
|-unboost|p1a: Lucario|def|1
|-unboost|p1a: Lucario|spd|1
|-damage|p1a: Lucario|70\/281|[from] item: Life Orb
|
|-heal|p2a: Mandibuzz|251\/424|[from] item: Leftovers
|turn|16
|
|move|p1a: Lucario|Close Combat|p2a: Mandibuzz
|-damage|p2a: Mandibuzz|74\/424
|-unboost|p1a: Lucario|def|1
|-unboost|p1a: Lucario|spd|1
|-damage|p1a: Lucario|42\/281|[from] item: Life Orb
|move|p2a: Mandibuzz|Roost|p2a: Mandibuzz
|-heal|p2a: Mandibuzz|286\/424
|
|-heal|p2a: Mandibuzz|312\/424|[from] item: Leftovers
|turn|17
|
|move|p1a: Lucario|Swords Dance|p1a: Lucario
|-boost|p1a: Lucario|atk|2
|move|p2a: Mandibuzz|Roost|p2a: Mandibuzz
|-heal|p2a: Mandibuzz|424\/424
|
|turn|18
|
|move|p1a: Lucario|Close Combat|p2a: Mandibuzz
|-damage|p2a: Mandibuzz|41\/424
|-unboost|p1a: Lucario|def|1
|-unboost|p1a: Lucario|spd|1
|-damage|p1a: Lucario|14\/281|[from] item: Life Orb
|move|p2a: Mandibuzz|Foul Play|p1a: Lucario
|-resisted|p1a: Lucario
|-damage|p1a: Lucario|0 fnt
|faint|p1a: Lucario
|
|-heal|p2a: Mandibuzz|67\/424|[from] item: Leftovers
|
|switch|p1a: Gyarados|Gyarados-Mega, F|249\/332
|-damage|p1a: Gyarados|208\/332|[from] Stealth Rock
|-ability|p1a: Gyarados|Mold Breaker
|turn|19
|
|move|p1a: Gyarados|Dragon Dance|p1a: Gyarados
|-boost|p1a: Gyarados|atk|1
|-boost|p1a: Gyarados|spe|1
|move|p2a: Mandibuzz|Foul Play|p1a: Gyarados
|-resisted|p1a: Gyarados
|-damage|p1a: Gyarados|67\/332
|
|-heal|p2a: Mandibuzz|93\/424|[from] item: Leftovers
|turn|20
|
|move|p1a: Gyarados|Waterfall|p2a: Mandibuzz
|-damage|p2a: Mandibuzz|0 fnt
|faint|p2a: Mandibuzz
|
|
|switch|p2a: Pinsir|Pinsir-Mega, F|172\/271 psn
|turn|21
|
|move|p2a: Pinsir|Feint|p1a: Gyarados
|-damage|p1a: Gyarados|0 fnt
|faint|p1a: Gyarados
|
|-damage|p2a: Pinsir|139\/271 psn|[from] psn
|
|switch|p1a: Scizor|Scizor, F|344\/344
|-damage|p1a: Scizor|301\/344|[from] Stealth Rock
|turn|22
|
|move|p2a: Pinsir|Feint|p1a: Scizor
|-damage|p1a: Scizor|205\/344
|move|p1a: Scizor|Knock Off|p2a: Pinsir
|-damage|p2a: Pinsir|63\/271 psn
|
|-heal|p1a: Scizor|226\/344|[from] item: Leftovers
|-damage|p2a: Pinsir|30\/271 psn|[from] psn
|turn|23
|
|move|p1a: Scizor|Bullet Punch|p2a: Pinsir
|-damage|p2a: Pinsir|0 fnt
|faint|p2a: Pinsir
|
|-heal|p1a: Scizor|247\/344|[from] item: Leftovers
|
|switch|p2a: Heatran|Heatran, F|337\/385
|-damage|p2a: Heatran|289\/385|[from] Spikes
|turn|24
|
|move|p2a: Heatran|Protect|p2a: Heatran
|-singleturn|p2a: Heatran|Protect
|move|p1a: Scizor|Knock Off|p2a: Heatran
|-activate|p2a: Heatran|Protect
|
|-heal|p2a: Heatran|313\/385|[from] item: Leftovers
|-heal|p1a: Scizor|268\/344|[from] item: Leftovers
|turn|25
|
|move|p2a: Heatran|Lava Plume|p1a: Scizor
|-supereffective|p1a: Scizor
|-damage|p1a: Scizor|0 fnt
|faint|p1a: Scizor
|
|-heal|p2a: Heatran|337\/385|[from] item: Leftovers
|
|switch|p1a: Raikou|Raikou|158\/322 brn
|-damage|p1a: Raikou|118\/322 brn|[from] Stealth Rock
|-ability|p1a: Raikou|Pressure
|turn|26
|
|move|p1a: Raikou|Thunderbolt|p2a: Heatran
|-damage|p2a: Heatran|207\/385
|move|p2a: Heatran|Lava Plume|p1a: Raikou
|-damage|p1a: Raikou|6\/322 brn
|
|-heal|p2a: Heatran|231\/385|[from] item: Leftovers
|-damage|p1a: Raikou|0 fnt|[from] brn
|faint|p1a: Raikou
|
|win|DeathWave
|raw|Ladder updating...
|raw|Davon's rating: 1645 &rarr; <strong>1620<\/strong><br \/>(-25 for losing)
|raw|DeathWave's rating: 1558 &rarr; <strong>1583<\/strong><br \/>(+25 for winning)
|chat|Davon|haxing faget
|leave|Davon
|player|p1
|chat|DeathWave|.I.