|join|will kill us all
|join|DeathWave
|player|p1|will kill us all|184
|player|p2|DeathWave|163
|gametype|singles
|gen|6
|tier|OU
|rated
|clearpoke
|poke|p1|Gothitelle, M
|poke|p1|Quagsire, M
|poke|p1|Chansey, F
|poke|p1|Charizard, M
|poke|p1|Amoonguss, M
|poke|p1|Skarmory, F
|poke|p2|Venusaur, F
|poke|p2|Garchomp, F
|poke|p2|Togekiss, M
|poke|p2|Chansey, F
|poke|p2|Rotom-Wash
|poke|p2|Volcarona, F
|rule|Sleep Clause Mod: Limit one foe put to sleep
|rule|Species Clause: Limit one of each Pokemon
|rule|OHKO Clause: OHKO moves are banned
|rule|Moody Clause: Moody is banned
|rule|Evasion Moves Clause: Evasion moves are banned
|rule|Endless Battle Clause: Forcing endless battles is banned.
|rule|HP Percentage Mod: HP is reported as percentages
|teampreview
|
|start
|switch|p1a: Charizard|Charizard, M|297\/297
|switch|p2a: Rotom-Wash|Rotom-Wash|241\/241
|turn|1
|
|detailschange|p1a: Charizard|Charizard-Mega-X, M
|message|Charizard has Mega Evolved into Mega Charizard!
|move|p2a: Rotom-Wash|Volt Switch|p1a: Charizard
|-resisted|p1a: Charizard
|-damage|p1a: Charizard|232\/297
|
|switch|p2a: Chansey|Chansey, F|704\/704
|move|p1a: Charizard|Dragon Dance|p1a: Charizard
|-boost|p1a: Charizard|atk|1
|-boost|p1a: Charizard|spe|1
|
|turn|2
|
|switch|p1a: Gothitelle|Gothitelle, M|301\/301
|move|p2a: Chansey|Thunder Wave|p1a: Gothitelle
|-status|p1a: Gothitelle|par
|
|turn|3
|
|move|p2a: Chansey|Seismic Toss|p1a: Gothitelle
|-damage|p1a: Gothitelle|201\/301 par
|move|p1a: Gothitelle|Trick|p2a: Chansey
|-activate|p1a: Gothitelle|move: Trick|[of] p2a: Chansey
|-item|p2a: Chansey|Choice Scarf|[from] move: Trick
|-item|p1a: Gothitelle|Eviolite|[from] move: Trick
|
|turn|4
|
|move|p2a: Chansey|Seismic Toss|p1a: Gothitelle
|-damage|p1a: Gothitelle|101\/301 par
|move|p1a: Gothitelle|Rest|p1a: Gothitelle
|-status|p1a: Gothitelle|slp
|-heal|p1a: Gothitelle|301\/301 slp|[silent]
|-status|p1a: Gothitelle|slp|[from] move: Rest
|
|turn|5
|
|cant|p1a: Gothitelle|slp
|move|p2a: Chansey|Seismic Toss|p1a: Gothitelle
|-damage|p1a: Gothitelle|201\/301 slp
|
|turn|6
|
|cant|p1a: Gothitelle|slp
|move|p2a: Chansey|Seismic Toss|p1a: Gothitelle
|-damage|p1a: Gothitelle|101\/301 slp
|
|turn|7
|
|-curestatus|p1a: Gothitelle|slp
|move|p1a: Gothitelle|Rest|p1a: Gothitelle
|-status|p1a: Gothitelle|slp
|-heal|p1a: Gothitelle|301\/301 slp|[silent]
|-status|p1a: Gothitelle|slp|[from] move: Rest
|move|p2a: Chansey|Seismic Toss|p1a: Gothitelle
|-damage|p1a: Gothitelle|201\/301 slp
|
|turn|8
|
|cant|p1a: Gothitelle|slp
|move|p2a: Chansey|Seismic Toss|p1a: Gothitelle
|-damage|p1a: Gothitelle|101\/301 slp
|
|turn|9
|
|cant|p1a: Gothitelle|slp
|move|p2a: Chansey|Seismic Toss|p1a: Gothitelle
|-damage|p1a: Gothitelle|1\/301 slp
|
|turn|10
|
|-curestatus|p1a: Gothitelle|slp
|move|p1a: Gothitelle|Rest|p1a: Gothitelle
|-status|p1a: Gothitelle|slp
|-heal|p1a: Gothitelle|301\/301 slp|[silent]
|-status|p1a: Gothitelle|slp|[from] move: Rest
|move|p2a: Chansey|Seismic Toss|p1a: Gothitelle
|-damage|p1a: Gothitelle|201\/301 slp
|
|turn|11
|
|cant|p1a: Gothitelle|slp
|move|p2a: Chansey|Seismic Toss|p1a: Gothitelle
|-damage|p1a: Gothitelle|101\/301 slp
|
|turn|12
|join|Alb_test
|
|cant|p1a: Gothitelle|slp
|move|p2a: Chansey|Seismic Toss|p1a: Gothitelle
|-damage|p1a: Gothitelle|1\/301 slp
|
|turn|13
|
|-curestatus|p1a: Gothitelle|slp
|move|p1a: Gothitelle|Rest|p1a: Gothitelle
|-status|p1a: Gothitelle|slp
|-heal|p1a: Gothitelle|301\/301 slp|[silent]
|-status|p1a: Gothitelle|slp|[from] move: Rest
|move|p2a: Chansey|Seismic Toss|p1a: Gothitelle
|-damage|p1a: Gothitelle|201\/301 slp
|
|turn|14
|
|cant|p1a: Gothitelle|slp
|move|p2a: Chansey|Seismic Toss|p1a: Gothitelle
|-damage|p1a: Gothitelle|101\/301 slp
|
|turn|15
|
|cant|p1a: Gothitelle|slp
|move|p2a: Chansey|Seismic Toss|p1a: Gothitelle
|-damage|p1a: Gothitelle|1\/301 slp
|
|turn|16
|
|-curestatus|p1a: Gothitelle|slp
|move|p1a: Gothitelle|Rest|p1a: Gothitelle
|-status|p1a: Gothitelle|slp
|-heal|p1a: Gothitelle|301\/301 slp|[silent]
|-status|p1a: Gothitelle|slp|[from] move: Rest
|move|p2a: Chansey|Seismic Toss|p1a: Gothitelle
|-damage|p1a: Gothitelle|201\/301 slp
|
|turn|17
|
|cant|p1a: Gothitelle|slp
|move|p2a: Chansey|Seismic Toss|p1a: Gothitelle
|-damage|p1a: Gothitelle|101\/301 slp
|
|turn|18
|
|cant|p1a: Gothitelle|slp
|move|p2a: Chansey|Seismic Toss|p1a: Gothitelle
|-damage|p1a: Gothitelle|1\/301 slp
|
|turn|19
|
|-curestatus|p1a: Gothitelle|slp
|move|p1a: Gothitelle|Rest|p1a: Gothitelle
|-status|p1a: Gothitelle|slp
|-heal|p1a: Gothitelle|301\/301 slp|[silent]
|-status|p1a: Gothitelle|slp|[from] move: Rest
|move|p2a: Chansey|Seismic Toss|p1a: Gothitelle
|-damage|p1a: Gothitelle|201\/301 slp
|
|turn|20
|
|cant|p1a: Gothitelle|slp
|move|p2a: Chansey|Seismic Toss|p1a: Gothitelle
|-damage|p1a: Gothitelle|101\/301 slp
|
|turn|21
|
|cant|p1a: Gothitelle|slp
|move|p2a: Chansey|Seismic Toss|p1a: Gothitelle
|-damage|p1a: Gothitelle|1\/301 slp
|
|turn|22
|
|-curestatus|p1a: Gothitelle|slp
|move|p1a: Gothitelle|Rest|p1a: Gothitelle
|-status|p1a: Gothitelle|slp
|-heal|p1a: Gothitelle|301\/301 slp|[silent]
|-status|p1a: Gothitelle|slp|[from] move: Rest
|move|p2a: Chansey|Seismic Toss|p1a: Gothitelle
|-damage|p1a: Gothitelle|201\/301 slp
|
|turn|23
|
|cant|p1a: Gothitelle|slp
|move|p2a: Chansey|Seismic Toss|p1a: Gothitelle
|-damage|p1a: Gothitelle|101\/301 slp
|
|turn|24
|
|cant|p1a: Gothitelle|slp
|move|p2a: Chansey|Seismic Toss|p1a: Gothitelle
|-damage|p1a: Gothitelle|1\/301 slp
|
|turn|25
|
|-curestatus|p1a: Gothitelle|slp
|move|p1a: Gothitelle|Rest|p1a: Gothitelle
|-status|p1a: Gothitelle|slp
|-heal|p1a: Gothitelle|301\/301 slp|[silent]
|-status|p1a: Gothitelle|slp|[from] move: Rest
|move|p2a: Chansey|Seismic Toss|p1a: Gothitelle
|-damage|p1a: Gothitelle|201\/301 slp
|
|turn|26
|
|cant|p1a: Gothitelle|slp
|move|p2a: Chansey|Seismic Toss|p1a: Gothitelle
|-damage|p1a: Gothitelle|101\/301 slp
|
|turn|27
|
|cant|p1a: Gothitelle|slp
|move|p2a: Chansey|Seismic Toss|p1a: Gothitelle
|-damage|p1a: Gothitelle|1\/301 slp
|
|turn|28
|
|-curestatus|p1a: Gothitelle|slp
|move|p1a: Gothitelle|Rest|p1a: Gothitelle
|-status|p1a: Gothitelle|slp
|-heal|p1a: Gothitelle|301\/301 slp|[silent]
|-status|p1a: Gothitelle|slp|[from] move: Rest
|move|p2a: Chansey|Seismic Toss|p1a: Gothitelle
|-damage|p1a: Gothitelle|201\/301 slp
|
|turn|29
|
|cant|p1a: Gothitelle|slp
|move|p2a: Chansey|Seismic Toss|p1a: Gothitelle
|-damage|p1a: Gothitelle|101\/301 slp
|
|turn|30
|
|cant|p1a: Gothitelle|slp
|move|p2a: Chansey|Seismic Toss|p1a: Gothitelle
|-damage|p1a: Gothitelle|1\/301 slp
|
|turn|31
|
|-curestatus|p1a: Gothitelle|slp
|move|p1a: Gothitelle|Rest|p1a: Gothitelle
|-status|p1a: Gothitelle|slp
|-heal|p1a: Gothitelle|301\/301 slp|[silent]
|-status|p1a: Gothitelle|slp|[from] move: Rest
|move|p2a: Chansey|Seismic Toss|p1a: Gothitelle
|-damage|p1a: Gothitelle|201\/301 slp
|
|turn|32
|
|cant|p1a: Gothitelle|slp
|move|p2a: Chansey|Seismic Toss|p1a: Gothitelle
|-damage|p1a: Gothitelle|101\/301 slp
|
|turn|33
|
|cant|p1a: Gothitelle|slp
|move|p2a: Chansey|Seismic Toss|p1a: Gothitelle
|-damage|p1a: Gothitelle|1\/301 slp
|
|turn|34
|
|-curestatus|p1a: Gothitelle|slp
|move|p1a: Gothitelle|Rest|p1a: Gothitelle
|-status|p1a: Gothitelle|slp
|-heal|p1a: Gothitelle|301\/301 slp|[silent]
|-status|p1a: Gothitelle|slp|[from] move: Rest
|move|p2a: Chansey|Seismic Toss|p1a: Gothitelle
|-damage|p1a: Gothitelle|201\/301 slp
|
|turn|35
|
|cant|p1a: Gothitelle|slp
|-activate|p2a: Chansey|move: Struggle
|move|p2a: Chansey|Struggle|p1a: Gothitelle
|-damage|p1a: Gothitelle|193\/301 slp
|-damage|p2a: Chansey|528\/704
|
|turn|36
|
|cant|p1a: Gothitelle|slp
|-activate|p2a: Chansey|move: Struggle
|move|p2a: Chansey|Struggle|p1a: Gothitelle
|-crit|p1a: Gothitelle
|-damage|p1a: Gothitelle|180\/301 slp
|-damage|p2a: Chansey|352\/704
|
|turn|37
|
|-curestatus|p1a: Gothitelle|slp
|move|p1a: Gothitelle|Hidden Power|p2a: Chansey
|-damage|p2a: Chansey|298\/704
|-activate|p2a: Chansey|move: Struggle
|move|p2a: Chansey|Struggle|p1a: Gothitelle
|-damage|p1a: Gothitelle|172\/301
|-damage|p2a: Chansey|122\/704
|
|turn|38
|
|move|p1a: Gothitelle|Trick|p2a: Chansey
|-activate|p1a: Gothitelle|move: Trick|[of] p2a: Chansey
|-item|p2a: Chansey|Eviolite|[from] move: Trick
|-item|p1a: Gothitelle|Choice Scarf|[from] move: Trick
|-activate|p2a: Chansey|move: Struggle
|move|p2a: Chansey|Struggle|p1a: Gothitelle
|-damage|p1a: Gothitelle|164\/301
|-damage|p2a: Chansey|0 fnt
|faint|p2a: Chansey
|
|
|switch|p2a: Venusaur|Venusaur, F|364\/364
|turn|39
|
|switch|p1a: Chansey|Chansey, F|700\/700
|detailschange|p2a: Venusaur|Venusaur-Mega, F
|message|Venusaur has Mega Evolved into Mega Venusaur!
|move|p2a: Venusaur|Sludge Bomb|p1a: Chansey
|-damage|p1a: Chansey|600\/700
|
|turn|40
|
|switch|p2a: Garchomp|Garchomp, F|357\/357
|move|p1a: Chansey|Stealth Rock|p2a: Garchomp
|-sidestart|p2: DeathWave|move: Stealth Rock
|
|turn|41
|
|switch|p1a: Skarmory|Skarmory, F|334\/334
|move|p2a: Garchomp|Stealth Rock|p1a: Skarmory
|-sidestart|p1: will kill us all|move: Stealth Rock
|
|turn|42
|
|switch|p2a: Rotom-Wash|Rotom-Wash|241\/241
|-damage|p2a: Rotom-Wash|211\/241|[from] Stealth Rock
|move|p1a: Skarmory|Toxic|p2a: Rotom-Wash
|-status|p2a: Rotom-Wash|tox
|
|-damage|p2a: Rotom-Wash|196\/241 tox|[from] psn
|turn|43
|
|switch|p1a: Chansey|Chansey, F|600\/700
|-damage|p1a: Chansey|513\/700|[from] Stealth Rock
|move|p2a: Rotom-Wash|Trick|p1a: Chansey
|-activate|p2a: Rotom-Wash|move: Trick|[of] p1a: Chansey
|-item|p1a: Chansey|Choice Scarf|[from] move: Trick
|-item|p2a: Rotom-Wash|Eviolite|[from] move: Trick
|
|-damage|p2a: Rotom-Wash|166\/241 tox|[from] psn
|turn|44
|
|move|p2a: Rotom-Wash|Volt Switch|p1a: Chansey
|-damage|p1a: Chansey|402\/700
|
|switch|p2a: Togekiss|Togekiss, M|311\/311
|-damage|p2a: Togekiss|234\/311|[from] Stealth Rock
|move|p1a: Chansey|Seismic Toss|p2a: Togekiss
|-damage|p2a: Togekiss|134\/311
|
|-heal|p2a: Togekiss|153\/311|[from] item: Leftovers
|turn|45
|
|switch|p1a: Charizard|Charizard-Mega-X, M|232\/297
|-damage|p1a: Charizard|158\/297|[from] Stealth Rock
|move|p2a: Togekiss|Defog|p1a: Charizard
|-unboost|p1a: Charizard|evasion|1
|-sideend|p1: will kill us all|Stealth Rock|[from] move: Defog|[of] p1a: Charizard
|-sideend|p2: DeathWave|Stealth Rock|[from] move: Defog|[of] p2a: Togekiss
|
|-heal|p2a: Togekiss|172\/311|[from] item: Leftovers
|turn|46
|
|move|p1a: Charizard|Flare Blitz|p2a: Togekiss
|-damage|p2a: Togekiss|0 fnt
|-damage|p1a: Charizard|101\/297|[from] recoil|[of] p2a: Togekiss
|faint|p2a: Togekiss
|
|
|switch|p2a: Garchomp|Garchomp, F|357\/357
|turn|47
|
|switch|p2a: Volcarona|Volcarona, F|374\/374
|switch|p1a: Skarmory|Skarmory, F|334\/334
|
|turn|48
|
|move|p2a: Volcarona|Fiery Dance|p1a: Skarmory
|-supereffective|p1a: Skarmory
|-activate|p1a: Skarmory|Sturdy
|-damage|p1a: Skarmory|1\/334
|move|p1a: Skarmory|Toxic|p2a: Volcarona
|-status|p2a: Volcarona|tox
|
|-damage|p2a: Volcarona|351\/374 tox|[from] psn
|turn|49
|
|move|p2a: Volcarona|Bug Buzz|p1a: Skarmory
|-resisted|p1a: Skarmory
|-damage|p1a: Skarmory|0 fnt
|faint|p1a: Skarmory
|
|-heal|p2a: Volcarona|374\/374 tox|[from] item: Leftovers
|-damage|p2a: Volcarona|328\/374 tox|[from] psn
|
|switch|p1a: Charizard|Charizard-Mega-X, M|101\/297
|turn|50
|
|switch|p2a: Rotom-Wash|Rotom-Wash|166\/241 tox
|move|p1a: Charizard|Dragon Claw|p2a: Rotom-Wash
|-damage|p2a: Rotom-Wash|0 fnt
|faint|p2a: Rotom-Wash
|
|
|switch|p2a: Garchomp|Garchomp, F|357\/357
|turn|51
|
|move|p2a: Garchomp|Earthquake|p1a: Charizard
|-supereffective|p1a: Charizard
|-damage|p1a: Charizard|0 fnt
|faint|p1a: Charizard
|
|
|switch|p1a: Gothitelle|Gothitelle, M|164\/301
|turn|52
|
|move|p1a: Gothitelle|Hidden Power|p2a: Garchomp
|-supereffective|p2a: Garchomp
|-damage|p2a: Garchomp|105\/357
|move|p2a: Garchomp|Earthquake|p1a: Gothitelle
|-damage|p1a: Gothitelle|0 fnt
|faint|p1a: Gothitelle
|
|
|switch|p1a: Chansey|Chansey, F|402\/700
|turn|53
|
|move|p2a: Garchomp|Swords Dance|p2a: Garchomp
|-boost|p2a: Garchomp|atk|2
|move|p1a: Chansey|Stealth Rock|p2a: Garchomp
|-sidestart|p2: DeathWave|move: Stealth Rock
|
|turn|54
|
|switch|p1a: Quagsire|Quagsire, M|394\/394
|move|p2a: Garchomp|Outrage|p1a: Quagsire
|-damage|p1a: Quagsire|226\/394
|
|-heal|p1a: Quagsire|250\/394|[from] item: Leftovers
|turn|55
|
|move|p2a: Garchomp|Outrage|p1a: Quagsire
|-damage|p1a: Quagsire|78\/394
|move|p1a: Quagsire|Recover|p1a: Quagsire
|-heal|p1a: Quagsire|275\/394
|
|-end|p2a: Garchomp|rampage
|-start|p2a: Garchomp|confusion
|-heal|p1a: Quagsire|299\/394|[from] item: Leftovers
|turn|56
|
|switch|p2a: Volcarona|Volcarona, F|328\/374 tox
|-damage|p2a: Volcarona|141\/374 tox|[from] Stealth Rock
|move|p1a: Quagsire|Recover|p1a: Quagsire
|-heal|p1a: Quagsire|394\/394
|
|-heal|p2a: Volcarona|164\/374 tox|[from] item: Leftovers
|-damage|p2a: Volcarona|141\/374 tox|[from] psn
|turn|57
|
|switch|p1a: Chansey|Chansey, F|402\/700
|move|p2a: Volcarona|Fiery Dance|p1a: Chansey
|-damage|p1a: Chansey|291\/700
|-boost|p2a: Volcarona|spa|1
|
|-heal|p2a: Volcarona|164\/374 tox|[from] item: Leftovers
|-damage|p2a: Volcarona|118\/374 tox|[from] psn
|turn|58
|
|move|p2a: Volcarona|Fiery Dance|p1a: Chansey
|-damage|p1a: Chansey|111\/700
|move|p1a: Chansey|Soft-Boiled|p1a: Chansey
|-heal|p1a: Chansey|461\/700
|
|-heal|p2a: Volcarona|141\/374 tox|[from] item: Leftovers
|-damage|p2a: Volcarona|72\/374 tox|[from] psn
|turn|59
|
|move|p2a: Volcarona|Fiery Dance|p1a: Chansey
|-damage|p1a: Chansey|286\/700
|move|p1a: Chansey|Soft-Boiled|p1a: Chansey
|-heal|p1a: Chansey|636\/700
|
|-heal|p2a: Volcarona|95\/374 tox|[from] item: Leftovers
|-damage|p2a: Volcarona|3\/374 tox|[from] psn
|turn|60
|
|move|p2a: Volcarona|Bug Buzz|p1a: Chansey
|-damage|p1a: Chansey|441\/700
|move|p1a: Chansey|Soft-Boiled|p1a: Chansey
|-heal|p1a: Chansey|700\/700
|
|-heal|p2a: Volcarona|26\/374 tox|[from] item: Leftovers
|-damage|p2a: Volcarona|0 fnt|[from] psn
|faint|p2a: Volcarona
|
|switch|p2a: Venusaur|Venusaur-Mega, F|364\/364
|-damage|p2a: Venusaur|319\/364|[from] Stealth Rock
|turn|61
|
|switch|p1a: Amoonguss|Amoonguss, M|432\/432
|move|p2a: Venusaur|Sludge Bomb|p1a: Amoonguss
|-damage|p1a: Amoonguss|300\/432
|
|-heal|p1a: Amoonguss|327\/432|[from] item: Black Sludge
|turn|62
|
|move|p2a: Venusaur|Sludge Bomb|p1a: Amoonguss
|-crit|p1a: Amoonguss
|-damage|p1a: Amoonguss|98\/432
|move|p1a: Amoonguss|Foul Play|p2a: Venusaur
|-damage|p2a: Venusaur|265\/364
|
|-heal|p1a: Amoonguss|125\/432|[from] item: Black Sludge
|turn|63
|
|switch|p1a: Chansey|Chansey, F|700\/700
|move|p2a: Venusaur|Leech Seed|p1a: Chansey
|-start|p1a: Chansey|move: Leech Seed
|
|-damage|p1a: Chansey|613\/700|[from] Leech Seed|[of] p2a: Venusaur
|-heal|p2a: Venusaur|352\/364|[silent]
|turn|64
|
|switch|p1a: Amoonguss|Amoonguss, M|269\/432
|switch|p2a: Garchomp|Garchomp, F|105\/357
|-damage|p2a: Garchomp|83\/357|[from] Stealth Rock
|
|-heal|p1a: Amoonguss|296\/432|[from] item: Black Sludge
|turn|65
|
|switch|p1a: Quagsire|Quagsire, M|394\/394
|move|p2a: Garchomp|Earthquake|p1a: Quagsire
|-damage|p1a: Quagsire|259\/394
|
|-heal|p1a: Quagsire|283\/394|[from] item: Leftovers
|turn|66
|
|move|p2a: Garchomp|Stealth Rock|p1a: Quagsire
|-sidestart|p1: will kill us all|move: Stealth Rock
|move|p1a: Quagsire|Scald|p2a: Garchomp
|-damage|p2a: Garchomp|4\/357
|
|-heal|p1a: Quagsire|307\/394|[from] item: Leftovers
|turn|67
|
|move|p2a: Garchomp|Outrage|p1a: Quagsire
|-damage|p1a: Quagsire|121\/394
|move|p1a: Quagsire|Recover|p1a: Quagsire
|-heal|p1a: Quagsire|318\/394
|
|-heal|p1a: Quagsire|342\/394|[from] item: Leftovers
|turn|68
|
|move|p2a: Garchomp|Outrage|p1a: Quagsire
|-damage|p1a: Quagsire|182\/394
|move|p1a: Quagsire|Recover|p1a: Quagsire
|-heal|p1a: Quagsire|379\/394
|
|-heal|p1a: Quagsire|394\/394|[from] item: Leftovers
|turn|69
|
|move|p2a: Garchomp|Outrage|p1a: Quagsire
|-damage|p1a: Quagsire|211\/394
|move|p1a: Quagsire|Recover|p1a: Quagsire
|-heal|p1a: Quagsire|394\/394
|
|-end|p2a: Garchomp|rampage
|-start|p2a: Garchomp|confusion
|turn|70
|
|-activate|p2a: Garchomp|confusion
|-damage|p2a: Garchomp|0 fnt|[from] confusion
|faint|p2a: Garchomp
|move|p1a: Quagsire|Recover|p1a: Quagsire
|-fail|p1a: Quagsire
|
|
|switch|p2a: Venusaur|Venusaur-Mega, F|352\/364
|-damage|p2a: Venusaur|307\/364|[from] Stealth Rock
|turn|71
|
|move|p2a: Venusaur|Giga Drain|p1a: Quagsire
|-supereffective|p1a: Quagsire
|-damage|p1a: Quagsire|0 fnt
|-heal|p2a: Venusaur|364\/364|[from] drain|[of] p1a: Quagsire
|faint|p1a: Quagsire
|
|
|switch|p1a: Amoonguss|Amoonguss, M|432\/432
|-damage|p1a: Amoonguss|378\/432|[from] Stealth Rock
|turn|72
|
|move|p2a: Venusaur|Sludge Bomb|p1a: Amoonguss
|-damage|p1a: Amoonguss|231\/432
|move|p1a: Amoonguss|Clear Smog|p2a: Venusaur
|-damage|p2a: Venusaur|316\/364
|-clearboost|p2a: Venusaur
|
|-heal|p1a: Amoonguss|258\/432|[from] item: Black Sludge
|turn|73
|
|move|p2a: Venusaur|Sludge Bomb|p1a: Amoonguss
|-damage|p1a: Amoonguss|114\/432
|move|p1a: Amoonguss|Foul Play|p2a: Venusaur
|-damage|p2a: Venusaur|265\/364
|
|-heal|p1a: Amoonguss|141\/432|[from] item: Black Sludge
|turn|74
|
|switch|p1a: Chansey|Chansey, F|613\/700
|-damage|p1a: Chansey|526\/700|[from] Stealth Rock
|move|p2a: Venusaur|Leech Seed|p1a: Chansey
|-start|p1a: Chansey|move: Leech Seed
|
|-damage|p1a: Chansey|439\/700|[from] Leech Seed|[of] p2a: Venusaur
|-heal|p2a: Venusaur|352\/364|[silent]
|turn|75
|
|move|p1a: Chansey|Soft-Boiled|p1a: Chansey
|-heal|p1a: Chansey|700\/700
|move|p2a: Venusaur|Sludge Bomb|p1a: Chansey
|-damage|p1a: Chansey|538\/700
|-status|p1a: Chansey|psn
|
|-damage|p1a: Chansey|451\/700 psn|[from] Leech Seed|[of] p2a: Venusaur
|-heal|p2a: Venusaur|364\/364|[silent]
|-damage|p1a: Chansey|364\/700 psn|[from] psn
|turn|76
|
|switch|p1a: Amoonguss|Amoonguss, M|285\/432
|-damage|p1a: Amoonguss|231\/432|[from] Stealth Rock
|move|p2a: Venusaur|Sludge Bomb|p1a: Amoonguss
|-damage|p1a: Amoonguss|101\/432
|
|-heal|p1a: Amoonguss|128\/432|[from] item: Black Sludge
|turn|77
|
|switch|p1a: Chansey|Chansey, F|364\/700
|-damage|p1a: Chansey|277\/700|[from] Stealth Rock
|move|p2a: Venusaur|Sludge Bomb|p1a: Chansey
|-damage|p1a: Chansey|111\/700
|-status|p1a: Chansey|psn
|
|-damage|p1a: Chansey|24\/700 psn|[from] psn
|turn|78
|
|move|p1a: Chansey|Soft-Boiled|p1a: Chansey
|-heal|p1a: Chansey|374\/700 psn
|move|p2a: Venusaur|Giga Drain|p1a: Chansey
|-damage|p1a: Chansey|233\/700 psn
|
|-damage|p1a: Chansey|146\/700 psn|[from] psn
|turn|79
|
|move|p1a: Chansey|Soft-Boiled|p1a: Chansey
|-heal|p1a: Chansey|496\/700 psn
|move|p2a: Venusaur|Giga Drain|p1a: Chansey
|-damage|p1a: Chansey|363\/700 psn
|
|-damage|p1a: Chansey|276\/700 psn|[from] psn
|turn|80
|
|move|p1a: Chansey|Soft-Boiled|p1a: Chansey
|-heal|p1a: Chansey|626\/700 psn
|move|p2a: Venusaur|Leech Seed|p1a: Chansey
|-start|p1a: Chansey|move: Leech Seed
|
|-damage|p1a: Chansey|539\/700 psn|[from] Leech Seed|[of] p2a: Venusaur
|-damage|p1a: Chansey|452\/700 psn|[from] psn
|turn|81
|
|switch|p1a: Amoonguss|Amoonguss, M|272\/432
|-damage|p1a: Amoonguss|218\/432|[from] Stealth Rock
|move|p2a: Venusaur|Sludge Bomb|p1a: Amoonguss
|-damage|p1a: Amoonguss|86\/432
|
|-heal|p1a: Amoonguss|113\/432|[from] item: Black Sludge
|turn|82
|
|switch|p1a: Chansey|Chansey, F|452\/700
|-damage|p1a: Chansey|365\/700|[from] Stealth Rock
|move|p2a: Venusaur|Hidden Power|p1a: Chansey
|-damage|p1a: Chansey|292\/700
|
|turn|83
|
|move|p1a: Chansey|Soft-Boiled|p1a: Chansey
|-heal|p1a: Chansey|642\/700
|move|p2a: Venusaur|Leech Seed|p1a: Chansey
|-start|p1a: Chansey|move: Leech Seed
|
|-damage|p1a: Chansey|555\/700|[from] Leech Seed|[of] p2a: Venusaur
|turn|84
|
|switch|p1a: Amoonguss|Amoonguss, M|257\/432
|-damage|p1a: Amoonguss|203\/432|[from] Stealth Rock
|move|p2a: Venusaur|Sludge Bomb|p1a: Amoonguss
|-damage|p1a: Amoonguss|55\/432
|
|-heal|p1a: Amoonguss|82\/432|[from] item: Black Sludge
|turn|85
|
|switch|p1a: Chansey|Chansey, F|555\/700
|-damage|p1a: Chansey|468\/700|[from] Stealth Rock
|move|p2a: Venusaur|Sludge Bomb|p1a: Chansey
|-damage|p1a: Chansey|323\/700
|-status|p1a: Chansey|psn
|
|-damage|p1a: Chansey|236\/700 psn|[from] psn
|turn|86
|
|move|p1a: Chansey|Soft-Boiled|p1a: Chansey
|-heal|p1a: Chansey|586\/700 psn
|move|p2a: Venusaur|Sludge Bomb|p1a: Chansey
|-damage|p1a: Chansey|418\/700 psn
|
|-damage|p1a: Chansey|331\/700 psn|[from] psn
|turn|87
|
|move|p1a: Chansey|Soft-Boiled|p1a: Chansey
|-heal|p1a: Chansey|681\/700 psn
|move|p2a: Venusaur|Leech Seed|p1a: Chansey
|-start|p1a: Chansey|move: Leech Seed
|
|-damage|p1a: Chansey|594\/700 psn|[from] Leech Seed|[of] p2a: Venusaur
|-damage|p1a: Chansey|507\/700 psn|[from] psn
|turn|88
|
|switch|p1a: Amoonguss|Amoonguss, M|226\/432
|-damage|p1a: Amoonguss|172\/432|[from] Stealth Rock
|move|p2a: Venusaur|Hidden Power|p1a: Amoonguss
|-supereffective|p1a: Amoonguss
|-damage|p1a: Amoonguss|50\/432
|
|-heal|p1a: Amoonguss|77\/432|[from] item: Black Sludge
|turn|89
|
|switch|p1a: Chansey|Chansey, F|507\/700
|-damage|p1a: Chansey|420\/700|[from] Stealth Rock
|move|p2a: Venusaur|Hidden Power|p1a: Chansey
|-damage|p1a: Chansey|347\/700
|
|turn|90
|
|move|p1a: Chansey|Soft-Boiled|p1a: Chansey
|-heal|p1a: Chansey|697\/700
|move|p2a: Venusaur|Hidden Power|p1a: Chansey
|-damage|p1a: Chansey|631\/700
|
|turn|91
|
|switch|p1a: Amoonguss|Amoonguss, M|221\/432
|-damage|p1a: Amoonguss|167\/432|[from] Stealth Rock
|move|p2a: Venusaur|Hidden Power|p1a: Amoonguss
|-supereffective|p1a: Amoonguss
|-damage|p1a: Amoonguss|37\/432
|
|-heal|p1a: Amoonguss|64\/432|[from] item: Black Sludge
|turn|92
|
|switch|p1a: Chansey|Chansey, F|631\/700
|-damage|p1a: Chansey|544\/700|[from] Stealth Rock
|move|p2a: Venusaur|Sludge Bomb|p1a: Chansey
|-damage|p1a: Chansey|379\/700
|
|turn|93
|
|move|p1a: Chansey|Soft-Boiled|p1a: Chansey
|-heal|p1a: Chansey|700\/700
|move|p2a: Venusaur|Hidden Power|p1a: Chansey
|-damage|p1a: Chansey|630\/700
|
|turn|94
|
|switch|p1a: Amoonguss|Amoonguss, M|208\/432
|-damage|p1a: Amoonguss|154\/432|[from] Stealth Rock
|move|p2a: Venusaur|Hidden Power|p1a: Amoonguss
|-supereffective|p1a: Amoonguss
|-damage|p1a: Amoonguss|22\/432
|
|-heal|p1a: Amoonguss|49\/432|[from] item: Black Sludge
|turn|95
|
|switch|p1a: Chansey|Chansey, F|630\/700
|-damage|p1a: Chansey|543\/700|[from] Stealth Rock
|move|p2a: Venusaur|Hidden Power|p1a: Chansey
|-damage|p1a: Chansey|468\/700
|
|turn|96
|
|move|p1a: Chansey|Seismic Toss|p2a: Venusaur
|-damage|p2a: Venusaur|264\/364
|move|p2a: Venusaur|Hidden Power|p1a: Chansey
|-damage|p1a: Chansey|397\/700
|
|turn|97
|
|move|p1a: Chansey|Seismic Toss|p2a: Venusaur
|-damage|p2a: Venusaur|164\/364
|move|p2a: Venusaur|Sludge Bomb|p1a: Chansey
|-damage|p1a: Chansey|244\/700
|
|turn|98
|
|switch|p1a: Amoonguss|Amoonguss, M|193\/432
|-damage|p1a: Amoonguss|139\/432|[from] Stealth Rock
|move|p2a: Venusaur|Leech Seed|p1a: Amoonguss
|-immune|p1a: Amoonguss|[msg]
|
|-heal|p1a: Amoonguss|166\/432|[from] item: Black Sludge
|turn|99
|
|move|p2a: Venusaur|Sludge Bomb|p1a: Amoonguss
|-damage|p1a: Amoonguss|16\/432
|move|p1a: Amoonguss|Foul Play|p2a: Venusaur
|-damage|p2a: Venusaur|112\/364
|
|-heal|p1a: Amoonguss|43\/432|[from] item: Black Sludge
|turn|100
|
|move|p2a: Venusaur|Hidden Power|p1a: Amoonguss
|-supereffective|p1a: Amoonguss
|-damage|p1a: Amoonguss|0 fnt
|faint|p1a: Amoonguss
|
|
|switch|p1a: Chansey|Chansey, F|244\/700
|-damage|p1a: Chansey|157\/700|[from] Stealth Rock
|turn|101
|
|move|p1a: Chansey|Seismic Toss|p2a: Venusaur
|-damage|p2a: Venusaur|12\/364
|move|p2a: Venusaur|Sludge Bomb|p1a: Chansey
|-damage|p1a: Chansey|0 fnt
|faint|p1a: Chansey
|
|win|DeathWave
|raw|Ladder updating...
|raw|will kill us all's rating: 1882 &rarr; <strong>1855<\/strong><br \/>(-27 for losing)
|raw|DeathWave's rating: 1756 &rarr; <strong>1783<\/strong><br \/>(+27 for winning)
|leave|will kill us all
|player|p1