|join|DeathWave
|join|mightychir
|player|p1|DeathWave|163
|player|p2|mightychir|84
|gametype|singles
|gen|6
|tier|OU
|rated
|clearpoke
|poke|p1|Charizard, F
|poke|p1|Chesnaught, M
|poke|p1|Keldeo-Resolute
|poke|p1|Garchomp, M
|poke|p1|Mamoswine, F
|poke|p1|Rotom-Wash
|poke|p2|Venusaur, M
|poke|p2|Tyranitar, F
|poke|p2|Scizor, F, shiny
|poke|p2|Rotom-Wash
|poke|p2|Haxorus, M, shiny
|poke|p2|Greninja, M, shiny
|rule|Sleep Clause Mod: Limit one foe put to sleep
|rule|Species Clause: Limit one of each Pokemon
|rule|OHKO Clause: OHKO moves are banned
|rule|Moody Clause: Moody is banned
|rule|Evasion Moves Clause: Evasion moves are banned
|rule|Endless Battle Clause: Forcing endless battles is banned.
|rule|HP Percentage Mod: HP is reported as percentages
|teampreview
|
|start
|switch|p1a: Rotom-Wash|Rotom-Wash|241\/241
|switch|p2a: Swigzor|Scizor, F, shiny|344\/344
|turn|1
|
|move|p1a: Rotom-Wash|Volt Switch|p2a: Swigzor
|-damage|p2a: Swigzor|221\/344
|
|switch|p1a: Charizard|Charizard, F|297\/297
|move|p2a: Swigzor|U-turn|p1a: Charizard
|-resisted|p1a: Charizard
|-damage|p1a: Charizard|244\/297
|
|switch|p2a: Swegninja|Greninja, M, shiny|286\/286
|
|turn|2
|
|detailschange|p1a: Charizard|Charizard-Mega-Y, F
|message|Charizard has Mega Evolved into Mega Charizard!
|-weather|SunnyDay
|-start|p2a: Swegninja|typechange|Water|[from] Protean
|move|p2a: Swegninja|Hydro Pump|p1a: Charizard
|-supereffective|p1a: Charizard
|-damage|p1a: Charizard|62\/297
|-damage|p2a: Swegninja|258\/286|[from] item: Life Orb
|move|p1a: Charizard|Fire Blast|p2a: Swegninja
|-resisted|p2a: Swegninja
|-damage|p2a: Swegninja|46\/286
|
|-weather|SunnyDay|[upkeep]
|turn|3
|
|switch|p1a: Rotom-Wash|Rotom-Wash|241\/241
|-start|p2a: Swegninja|typechange|Psychic|[from] Protean
|move|p2a: Swegninja|Extrasensory|p1a: Rotom-Wash
|-damage|p1a: Rotom-Wash|103\/241
|-damage|p2a: Swegninja|18\/286|[from] item: Life Orb
|
|-weather|SunnyDay|[upkeep]
|turn|4
|
|switch|p2a: Swegitar|Tyranitar, F|404\/404
|-weather|Sandstorm
|move|p1a: Rotom-Wash|Volt Switch|p2a: Swegitar
|-damage|p2a: Swegitar|370\/404
|
|switch|p1a: Keldeo-Resolute|Keldeo-Resolute|323\/323
|
|-weather|Sandstorm|[upkeep]
|-damage|p1a: Keldeo-Resolute|303\/323|[from] sandstorm
|turn|5
|
|switch|p2a: Swegusaur|Venusaur, M|302\/302
|move|p1a: Keldeo-Resolute|Secret Sword|p2a: Swegusaur
|-resisted|p2a: Swegusaur
|-damage|p2a: Swegusaur|174\/302
|
|-weather|Sandstorm|[upkeep]
|-damage|p1a: Keldeo-Resolute|283\/323|[from] sandstorm
|-damage|p2a: Swegusaur|156\/302|[from] sandstorm
|turn|6
|
|switch|p1a: Chesnaught|Chesnaught, M|380\/380
|detailschange|p2a: Swegusaur|Venusaur-Mega, M
|message|Venusaur has Mega Evolved into Mega Venusaur!
|move|p2a: Swegusaur|Sleep Powder|p1a: Chesnaught
|-fail|p1a: Chesnaught
|
|-weather|Sandstorm|[upkeep]
|-damage|p2a: Swegusaur|138\/302|[from] sandstorm
|-damage|p1a: Chesnaught|357\/380|[from] sandstorm
|-heal|p1a: Chesnaught|380\/380|[from] item: Leftovers
|turn|7
|
|move|p2a: Swegusaur|Sludge Bomb|p1a: Chesnaught
|-immune|p1a: Chesnaught|[msg]|[from] Bulletproof
|move|p1a: Chesnaught|Spikes|p2a: Swegusaur
|-sidestart|p2: mightychir|Spikes
|
|-weather|Sandstorm|[upkeep]
|-damage|p2a: Swegusaur|120\/302|[from] sandstorm
|-damage|p1a: Chesnaught|357\/380|[from] sandstorm
|-heal|p1a: Chesnaught|380\/380|[from] item: Leftovers
|turn|8
|chat|mightychir|derp lol
|
|switch|p2a: Swigzor|Scizor, F, shiny|221\/344
|-damage|p2a: Swigzor|178\/344|[from] Spikes
|move|p1a: Chesnaught|Spikes|p2a: Swigzor
|-sidestart|p2: mightychir|Spikes
|
|-weather|none
|turn|9
|
|move|p1a: Chesnaught|Spiky Shield|p1a: Chesnaught
|-singleturn|p1a: Chesnaught|move: Protect
|move|p2a: Swigzor|Aerial Ace|p1a: Chesnaught
|-activate|p1a: Chesnaught|move: Protect
|-damage|p2a: Swigzor|135\/344|[from] Spiky Shield|[of] p1a: Chesnaught
|
|turn|10
|
|switch|p1a: Rotom-Wash|Rotom-Wash|103\/241
|move|p2a: Swigzor|Aerial Ace|p1a: Rotom-Wash
|-resisted|p1a: Rotom-Wash
|-damage|p1a: Rotom-Wash|38\/241
|
|turn|11
|
|move|p1a: Rotom-Wash|Volt Switch|p2a: Swigzor
|-damage|p2a: Swigzor|9\/344
|
|switch|p1a: Garchomp|Garchomp, M|357\/357
|move|p2a: Swigzor|Aerial Ace|p1a: Garchomp
|-damage|p1a: Garchomp|218\/357
|-damage|p2a: Swigzor|0 fnt|[from] ability: Rough Skin|[of] p1a: Garchomp
|faint|p2a: Swigzor
|
|-heal|p1a: Garchomp|240\/357|[from] item: Leftovers
|
|switch|p2a: Swagxorus|Haxorus, M, shiny|294\/294
|-damage|p2a: Swagxorus|245\/294|[from] Spikes
|-ability|p2a: Swagxorus|Mold Breaker
|turn|12
|
|move|p1a: Garchomp|Outrage|p2a: Swagxorus
|-crit|p2a: Swagxorus
|-supereffective|p2a: Swagxorus
|-damage|p2a: Swagxorus|0 fnt
|faint|p2a: Swagxorus
|
|-heal|p1a: Garchomp|262\/357|[from] item: Leftovers
|chat|mightychir|lol...
|
|switch|p2a: Swegninja|Greninja, M, shiny|18\/286
|-damage|p2a: Swegninja|0 fnt|[from] Spikes
|faint|p2a: Swegninja
|
|switch|p2a: Swegitar|Tyranitar, F|370\/404
|-damage|p2a: Swegitar|303\/404|[from] Spikes
|-weather|Sandstorm
|turn|13
|
|move|p1a: Garchomp|Outrage|p2a: Swegitar
|-damage|p2a: Swegitar|122\/404
|move|p2a: Swegitar|Earthquake|p1a: Garchomp
|-damage|p1a: Garchomp|151\/357
|
|-weather|Sandstorm|[upkeep]
|-heal|p1a: Garchomp|173\/357|[from] item: Leftovers
|turn|14
|
|move|p1a: Garchomp|Outrage|p2a: Swegitar
|-damage|p2a: Swegitar|0 fnt
|faint|p2a: Swegitar
|
|-end|p1a: Garchomp|rampage
|-start|p1a: Garchomp|confusion
|-weather|Sandstorm|[upkeep]
|-heal|p1a: Garchomp|195\/357|[from] item: Leftovers
|
|switch|p2a: Maytag|Rotom-Wash|304\/304
|turn|15
|
|switch|p1a: Chesnaught|Chesnaught, M|380\/380
|move|p2a: Maytag|Will-O-Wisp|p1a: Chesnaught
|-status|p1a: Chesnaught|brn
|
|-weather|Sandstorm|[upkeep]
|-damage|p2a: Maytag|285\/304|[from] sandstorm
|-damage|p1a: Chesnaught|357\/380 brn|[from] sandstorm
|-heal|p2a: Maytag|304\/304|[from] item: Leftovers
|-heal|p1a: Chesnaught|380\/380 brn|[from] item: Leftovers
|-damage|p1a: Chesnaught|333\/380 brn|[from] brn
|turn|16
|
|move|p2a: Maytag|Volt Switch|p1a: Chesnaught
|-resisted|p1a: Chesnaught
|-damage|p1a: Chesnaught|280\/380 brn
|
|switch|p2a: Swegusaur|Venusaur-Mega, M|120\/302
|-damage|p2a: Swegusaur|70\/302|[from] Spikes
|move|p1a: Chesnaught|Spikes|p2a: Swegusaur
|-sidestart|p2: mightychir|Spikes
|
|-weather|Sandstorm|[upkeep]
|-damage|p2a: Swegusaur|52\/302|[from] sandstorm
|-damage|p1a: Chesnaught|257\/380 brn|[from] sandstorm
|-heal|p1a: Chesnaught|280\/380 brn|[from] item: Leftovers
|-damage|p1a: Chesnaught|233\/380 brn|[from] brn
|turn|17
|
|switch|p1a: Garchomp|Garchomp, M|195\/357
|move|p2a: Swegusaur|Giga Drain|p1a: Garchomp
|-damage|p1a: Garchomp|75\/357
|-heal|p2a: Swegusaur|112\/302|[from] drain|[of] p1a: Garchomp
|
|-weather|none
|-heal|p1a: Garchomp|97\/357|[from] item: Leftovers
|turn|18
|
|move|p1a: Garchomp|Earthquake|p2a: Swegusaur
|-damage|p2a: Swegusaur|0 fnt
|faint|p2a: Swegusaur
|
|-heal|p1a: Garchomp|119\/357|[from] item: Leftovers
|-message|mightychir forfeited.
|
|win|DeathWave
|raw|Ladder updating...
|leave|mightychir
|player|p2
|raw|DeathWave's rating: 1599 &rarr; <strong>1612<\/strong><br \/>(+13 for winning)
|raw|mightychir's rating: 1467 &rarr; <strong>1454<\/strong><br \/>(-13 for losing)