|join|DeathWave
|join|Mauvais
|player|p1|DeathWave|30
|player|p2|Mauvais|209
|gametype|singles
|gen|6
|tier|OU
|rated
|clearpoke
|poke|p1|Zapdos
|poke|p1|Lopunny, F
|poke|p1|Heatran, M
|poke|p1|Landorus, M
|poke|p1|Breloom, F
|poke|p1|Azumarill, F
|poke|p2|Garchomp, M
|poke|p2|Clefable, M
|poke|p2|Bisharp, F
|poke|p2|Blastoise, M
|poke|p2|Ferrothorn, F
|poke|p2|Cresselia, F
|rule|Swagger Clause: Swagger is banned
|rule|Baton Pass Clause: Limit one PokÃ©mon knowing Baton Pass
|rule|Sleep Clause Mod: Limit one foe put to sleep
|rule|Species Clause: Limit one of each PokÃ©mon
|rule|OHKO Clause: OHKO moves are banned
|rule|Moody Clause: Moody is banned
|rule|Evasion Moves Clause: Evasion moves are banned
|rule|Endless Battle Clause: Forcing endless battles is banned
|rule|HP Percentage Mod: HP is shown in percentages
|teampreview
|
|start
|switch|p1a: Azumarill|Azumarill, F|404\/404
|switch|p2a: Blastoise|Blastoise, M|358\/358
|turn|1
|
|switch|p1a: Zapdos|Zapdos|384\/384
|-ability|p1a: Zapdos|Pressure
|detailschange|p2a: Blastoise|Blastoise-Mega, M
|-mega|p2a: Blastoise|Blastoise|Blastoisinite
|move|p2a: Blastoise|Scald|p1a: Zapdos
|-damage|p1a: Zapdos|197\/384
|-status|p1a: Zapdos|brn
|
|-heal|p1a: Zapdos|221\/384 brn|[from] item: Leftovers
|-damage|p1a: Zapdos|173\/384 brn|[from] brn
|turn|2
|
|move|p1a: Zapdos|Roost|p1a: Zapdos
|-heal|p1a: Zapdos|365\/384 brn
|move|p2a: Blastoise|Scald|p1a: Zapdos
|-damage|p1a: Zapdos|175\/384 brn
|
|-heal|p1a: Zapdos|199\/384 brn|[from] item: Leftovers
|-damage|p1a: Zapdos|151\/384 brn|[from] brn
|turn|3
|
|move|p1a: Zapdos|Discharge|p2a: Blastoise
|-supereffective|p2a: Blastoise
|-damage|p2a: Blastoise|146\/358
|move|p2a: Blastoise|Scald|p1a: Zapdos
|-damage|p1a: Zapdos|0 fnt
|faint|p1a: Zapdos
|
|
|switch|p1a: Breloom|Breloom, F|261\/261
|turn|4
|
|switch|p2a: Ferrothorn|Ferrothorn, F|352\/352
|move|p1a: Breloom|Bullet Seed|p2a: Ferrothorn
|-resisted|p2a: Ferrothorn
|-damage|p2a: Ferrothorn|340\/352
|-resisted|p2a: Ferrothorn
|-damage|p2a: Ferrothorn|329\/352
|-resisted|p2a: Ferrothorn
|-damage|p2a: Ferrothorn|316\/352
|-hitcount|p2a: Ferrothorn|3
|
|-heal|p2a: Ferrothorn|338\/352|[from] item: Leftovers
|turn|5
|
|switch|p1a: Heatran|Heatran, M|374\/374
|switch|p2a: Garchomp|Garchomp, M|420\/420
|
|turn|6
|
|switch|p1a: Landorus|Landorus, M|319\/319
|move|p2a: Garchomp|Earthquake|p1a: Landorus
|-immune|p1a: Landorus|[msg]
|
|turn|7
|
|switch|p1a: Azumarill|Azumarill, F|404\/404
|switch|p2a: Cresselia|Cresselia, F|444\/444
|
|turn|8
|
|move|p2a: Cresselia|Skill Swap|p1a: Azumarill
|-activate|p2a: Cresselia|move: Skill Swap|Huge Power|Levitate|[of] p1a: Azumarill
|move|p1a: Azumarill|Knock Off|p2a: Cresselia
|-supereffective|p2a: Cresselia
|-damage|p2a: Cresselia|264\/444
|-enditem|p2a: Cresselia|Leftovers|[from] move: Knock Off|[of] p1a: Azumarill
|
|turn|9
|
|switch|p1a: Heatran|Heatran, M|374\/374
|move|p2a: Cresselia|Thunder Wave|p1a: Heatran
|-status|p1a: Heatran|par
|
|turn|10
|
|switch|p2a: Blastoise|Blastoise-Mega, M|146\/358
|move|p1a: Heatran|Stealth Rock|p2a: Blastoise
|-sidestart|p2: Mauvais|move: Stealth Rock
|
|turn|11
|
|move|p2a: Blastoise|Rapid Spin|p1a: Heatran
|-resisted|p1a: Heatran
|-damage|p1a: Heatran|367\/374 par
|-sideend|p2: Mauvais|Stealth Rock|[from] move: Rapid Spin|[of] p2a: Blastoise
|move|p1a: Heatran|Lava Plume|p2a: Blastoise
|-resisted|p2a: Blastoise
|-damage|p2a: Blastoise|95\/358
|
|-heal|p1a: Heatran|374\/374 par|[from] item: Leftovers
|turn|12
|
|move|p2a: Blastoise|Scald|p1a: Heatran
|-supereffective|p1a: Heatran
|-damage|p1a: Heatran|144\/374 par
|move|p1a: Heatran|Lava Plume|p2a: Blastoise
|-resisted|p2a: Blastoise
|-damage|p2a: Blastoise|39\/358
|
|-heal|p1a: Heatran|167\/374 par|[from] item: Leftovers
|turn|13
|
|switch|p1a: Breloom|Breloom, F|261\/261
|move|p2a: Blastoise|Aura Sphere|p1a: Breloom
|-damage|p1a: Breloom|4\/261
|
|-heal|p1a: Breloom|20\/261|[from] item: Leftovers
|turn|14
|
|switch|p2a: Garchomp|Garchomp, M|420\/420
|move|p1a: Breloom|Bullet Seed|p2a: Garchomp
|-damage|p2a: Garchomp|369\/420
|-damage|p2a: Garchomp|317\/420
|-damage|p2a: Garchomp|266\/420
|-damage|p2a: Garchomp|218\/420
|-hitcount|p2a: Garchomp|4
|
|-heal|p1a: Breloom|36\/261|[from] item: Leftovers
|turn|15
|
|switch|p1a: Landorus|Landorus, M|319\/319
|move|p2a: Garchomp|Stealth Rock|p1a: Landorus
|-sidestart|p1: DeathWave|move: Stealth Rock
|
|turn|16
|
|switch|p2a: Cresselia|Cresselia, F|264\/444
|move|p1a: Landorus|Earth Power|p2a: Cresselia
|-immune|p2a: Cresselia|[msg]
|
|turn|17
|
|switch|p1a: Heatran|Heatran, M|167\/374 par
|-damage|p1a: Heatran|121\/374 par|[from] Stealth Rock
|move|p2a: Cresselia|Skill Swap|p1a: Heatran
|-activate|p2a: Cresselia|move: Skill Swap|Flash Fire|Levitate|[of] p1a: Heatran
|
|-heal|p1a: Heatran|144\/374 par|[from] item: Leftovers
|turn|18
|
|switch|p2a: Blastoise|Blastoise-Mega, M|39\/358
|cant|p1a: Heatran|par
|
|-heal|p1a: Heatran|167\/374 par|[from] item: Leftovers
|turn|19
|c|âDeathWave|-.-
|c|âDeathWave|dat luck
|
|switch|p1a: Azumarill|Azumarill, F|404\/404
|-damage|p1a: Azumarill|354\/404|[from] Stealth Rock
|move|p2a: Blastoise|Scald|p1a: Azumarill
|-resisted|p1a: Azumarill
|-damage|p1a: Azumarill|264\/404
|
|turn|20
|
|switch|p2a: Ferrothorn|Ferrothorn, F|338\/352
|move|p1a: Azumarill|Superpower|p2a: Ferrothorn
|-supereffective|p2a: Ferrothorn
|-damage|p2a: Ferrothorn|0 fnt
|-damage|p1a: Azumarill|214\/404|[from] ability: Iron Barbs|[of] p2a: Ferrothorn
|-unboost|p1a: Azumarill|atk|1
|-unboost|p1a: Azumarill|def|1
|faint|p2a: Ferrothorn
|
|
|switch|p2a: Garchomp|Garchomp, M|218\/420
|turn|21
|
|switch|p1a: Landorus|Landorus, M|319\/319
|-damage|p1a: Landorus|280\/319|[from] Stealth Rock
|move|p2a: Garchomp|Toxic|p1a: Landorus
|-status|p1a: Landorus|tox
|
|-damage|p1a: Landorus|261\/319 tox|[from] psn
|turn|22
|
|switch|p2a: Cresselia|Cresselia, F|264\/444
|move|p1a: Landorus|Sludge Wave|p2a: Cresselia
|-damage|p2a: Cresselia|151\/444
|
|-damage|p1a: Landorus|223\/319 tox|[from] psn
|turn|23
|
|switch|p1a: Heatran|Heatran, M|167\/374 par
|-damage|p1a: Heatran|121\/374 par|[from] Stealth Rock
|switch|p2a: Blastoise|Blastoise-Mega, M|39\/358
|
|-heal|p1a: Heatran|144\/374 par|[from] item: Leftovers
|turn|24
|
|switch|p1a: Azumarill|Azumarill, F|214\/404
|-damage|p1a: Azumarill|164\/404|[from] Stealth Rock
|move|p2a: Blastoise|Scald|p1a: Azumarill
|-resisted|p1a: Azumarill
|-damage|p1a: Azumarill|62\/404
|
|turn|25
|
|switch|p2a: Garchomp|Garchomp, M|218\/420
|move|p1a: Azumarill|Aqua Jet|p2a: Garchomp
|-damage|p2a: Garchomp|112\/420
|-damage|p1a: Azumarill|12\/404|[from] ability: Rough Skin|[of] p2a: Garchomp
|-damage|p1a: Azumarill|0 fnt|[from] item: Rocky Helmet|[of] p2a: Garchomp
|faint|p1a: Azumarill
|
|
|switch|p1a: Lopunny|Lopunny, F|271\/271
|-damage|p1a: Lopunny|238\/271|[from] Stealth Rock
|turn|26
|
|detailschange|p1a: Lopunny|Lopunny-Mega, F
|-mega|p1a: Lopunny|Lopunny|Lopunnite
|move|p1a: Lopunny|Return|p2a: Garchomp
|-damage|p2a: Garchomp|0 fnt
|-damage|p1a: Lopunny|205\/271|[from] ability: Rough Skin|[of] p2a: Garchomp
|-damage|p1a: Lopunny|160\/271|[from] item: Rocky Helmet|[of] p2a: Garchomp
|faint|p2a: Garchomp
|
|
|switch|p2a: Clefable|Clefable, M|394\/394
|turn|27
|
|move|p1a: Lopunny|Return|p2a: Clefable
|-damage|p2a: Clefable|130\/394
|move|p2a: Clefable|Wish|p2a: Clefable
|
|-heal|p2a: Clefable|154\/394|[from] item: Leftovers
|turn|28
|
|switch|p1a: Heatran|Heatran, M|144\/374 par
|-damage|p1a: Heatran|98\/374 par|[from] Stealth Rock
|switch|p2a: Cresselia|Cresselia, F|151\/444
|
|-heal|p2a: Cresselia|348\/444|[from] move: Wish|[wisher] Clefable
|-heal|p1a: Heatran|121\/374 par|[from] item: Leftovers
|turn|29
|
|switch|p2a: Blastoise|Blastoise-Mega, M|39\/358
|move|p1a: Heatran|Lava Plume|p2a: Blastoise
|-resisted|p2a: Blastoise
|-damage|p2a: Blastoise|0 fnt
|faint|p2a: Blastoise
|
|-heal|p1a: Heatran|144\/374 par|[from] item: Leftovers
|
|switch|p2a: Bisharp|Bisharp, F|334\/334
|turn|30
|
|move|p2a: Bisharp|Knock Off|p1a: Heatran
|-damage|p1a: Heatran|0 fnt
|-enditem|p1a: Heatran|Leftovers|[from] move: Knock Off|[of] p2a: Bisharp
|faint|p1a: Heatran
|
|
|switch|p1a: Lopunny|Lopunny-Mega, F|160\/271
|-damage|p1a: Lopunny|144\/271|[from] Stealth Rock
|turn|31
|
|switch|p2a: Clefable|Clefable, M|154\/394
|move|p1a: Lopunny|Fake Out|p2a: Clefable
|-damage|p2a: Clefable|55\/394
|
|-heal|p2a: Clefable|79\/394|[from] item: Leftovers
|turn|32
|
|move|p2a: Clefable|Protect|p2a: Clefable
|-singleturn|p2a: Clefable|Protect
|move|p1a: Lopunny|Return|p2a: Clefable
|-activate|p2a: Clefable|Protect
|
|-heal|p2a: Clefable|103\/394|[from] item: Leftovers
|turn|33
|
|move|p2a: Clefable|Protect|p2a: Clefable
|-singleturn|p2a: Clefable|Protect
|move|p1a: Lopunny|Return|p2a: Clefable
|-activate|p2a: Clefable|Protect
|
|-heal|p2a: Clefable|127\/394|[from] item: Leftovers
|turn|34
|
|move|p2a: Clefable|Protect|p2a: Clefable
|-fail|p2a: Clefable
|move|p1a: Lopunny|Return|p2a: Clefable
|-damage|p2a: Clefable|0 fnt
|faint|p2a: Clefable
|
|
|switch|p2a: Cresselia|Cresselia, F|348\/444
|turn|35
|
|move|p1a: Lopunny|Return|p2a: Cresselia
|-damage|p2a: Cresselia|180\/444
|move|p2a: Cresselia|Moonblast|p1a: Lopunny
|-supereffective|p1a: Lopunny
|-damage|p1a: Lopunny|24\/271
|
|turn|36
|
|move|p1a: Lopunny|Return|p2a: Cresselia
|-damage|p2a: Cresselia|14\/444
|move|p2a: Cresselia|Moonlight|p2a: Cresselia
|-heal|p2a: Cresselia|236\/444
|
|turn|37
|
|move|p1a: Lopunny|Return|p2a: Cresselia
|-damage|p2a: Cresselia|88\/444
|move|p2a: Cresselia|Thunder Wave|p1a: Lopunny
|-status|p1a: Lopunny|par
|
|turn|38
|
|switch|p1a: Breloom|Breloom, F|36\/261
|-damage|p1a: Breloom|20\/261|[from] Stealth Rock
|move|p2a: Cresselia|Moonlight|p2a: Cresselia
|-heal|p2a: Cresselia|310\/444
|
|-heal|p1a: Breloom|36\/261|[from] item: Leftovers
|turn|39
|
|move|p1a: Breloom|Spore|p2a: Cresselia
|-status|p2a: Cresselia|slp
|cant|p2a: Cresselia|slp
|
|-heal|p1a: Breloom|52\/261|[from] item: Leftovers
|turn|40
|
|move|p1a: Breloom|Bullet Seed|p2a: Cresselia
|-damage|p2a: Cresselia|247\/444 slp
|-damage|p2a: Cresselia|192\/444 slp
|-hitcount|p2a: Cresselia|2
|cant|p2a: Cresselia|slp
|
|-heal|p1a: Breloom|68\/261|[from] item: Leftovers
|turn|41
|
|move|p1a: Breloom|Bullet Seed|p2a: Cresselia
|-damage|p2a: Cresselia|135\/444 slp
|-damage|p2a: Cresselia|75\/444 slp
|-damage|p2a: Cresselia|17\/444 slp
|-damage|p2a: Cresselia|0 fnt
|-hitcount|p2a: Cresselia|4
|faint|p2a: Cresselia
|
|-heal|p1a: Breloom|84\/261|[from] item: Leftovers
|
|switch|p2a: Bisharp|Bisharp, F|334\/334
|turn|42
|
|move|p1a: Breloom|Mach Punch|p2a: Bisharp
|-supereffective|p2a: Bisharp
|-damage|p2a: Bisharp|0 fnt
|faint|p2a: Bisharp
|
|win|DeathWave
|raw|Ladder updating...
|raw|DeathWave's rating: 1522 &rarr; <strong>1539<\/strong><br \/>(+17 for winning)
|raw|Mauvais's rating: 1469 &rarr; <strong>1452<\/strong><br \/>(-17 for losing)
|leave|Mauvais
|player|p2