|join|lil manaphy
|join|DeathWave
|player|p1|lil manaphy|9
|player|p2|DeathWave|30
|gametype|singles
|gen|6
|tier|OU
|rated
|clearpoke
|poke|p1|Lopunny, F
|poke|p1|Manaphy
|poke|p1|Celebi
|poke|p1|Heatran, F
|poke|p1|Mandibuzz, F
|poke|p1|Kyurem-Black
|poke|p2|Chandelure, M
|poke|p2|Dugtrio, M
|poke|p2|Latios, M
|poke|p2|Magnezone
|poke|p2|Lopunny, F
|poke|p2|Mandibuzz, F
|rule|Swagger Clause: Swagger is banned
|rule|Baton Pass Clause: Limit one PokÃ©mon knowing Baton Pass
|rule|Sleep Clause Mod: Limit one foe put to sleep
|rule|Species Clause: Limit one of each PokÃ©mon
|rule|OHKO Clause: OHKO moves are banned
|rule|Moody Clause: Moody is banned
|rule|Evasion Moves Clause: Evasion moves are banned
|rule|Endless Battle Clause: Forcing endless battles is banned
|rule|HP Percentage Mod: HP is shown in percentages
|teampreview
|
|start
|switch|p1a: Lopunny|Lopunny, F|271\/271
|switch|p2a: Lopunny|Lopunny, F|271\/271
|turn|1
|
|switch|p1a: Mandibuzz|Mandibuzz, F|423\/423
|switch|p2a: Mandibuzz|Mandibuzz, F|424\/424
|
|turn|2
|
|move|p1a: Mandibuzz|Taunt|p2a: Mandibuzz
|-start|p2a: Mandibuzz|move: Taunt
|cant|p2a: Mandibuzz|move: Taunt|Toxic
|
|turn|3
|
|switch|p1a: Heatran|Heatran, F|386\/386
|switch|p2a: Magnezone|Magnezone|281\/281
|
|turn|4
|
|move|p2a: Magnezone|Volt Switch|p1a: Heatran
|-damage|p1a: Heatran|256\/386
|
|switch|p2a: Latios|Latios, M|301\/301
|move|p1a: Heatran|Lava Plume|p2a: Latios
|-resisted|p2a: Latios
|-damage|p2a: Latios|246\/301
|
|-heal|p1a: Heatran|280\/386|[from] item: Leftovers
|turn|5
|
|move|p2a: Latios|Draco Meteor|p1a: Heatran|[miss]
|-miss|p2a: Latios|p1a: Heatran
|move|p1a: Heatran|Lava Plume|p2a: Latios
|-resisted|p2a: Latios
|-damage|p2a: Latios|182\/301
|
|-heal|p1a: Heatran|304\/386|[from] item: Leftovers
|turn|6
|
|move|p2a: Latios|Earthquake|p1a: Heatran
|-supereffective|p1a: Heatran
|-damage|p1a: Heatran|0 fnt
|-damage|p2a: Latios|152\/301|[from] item: Life Orb
|faint|p1a: Heatran
|
|
|switch|p1a: Lopunny|Lopunny, F|271\/271
|turn|7
|
|switch|p2a: Mandibuzz|Mandibuzz, F|424\/424
|detailschange|p1a: Lopunny|Lopunny-Mega, F
|-mega|p1a: Lopunny|Lopunny|Lopunnite
|move|p1a: Lopunny|Fake Out|p2a: Mandibuzz
|-damage|p2a: Mandibuzz|372\/424
|
|-heal|p2a: Mandibuzz|398\/424|[from] item: Leftovers
|turn|8
|
|move|p1a: Lopunny|Power-Up Punch|p2a: Mandibuzz
|-damage|p2a: Mandibuzz|346\/424
|-boost|p1a: Lopunny|atk|1
|move|p2a: Mandibuzz|Toxic|p1a: Lopunny
|-status|p1a: Lopunny|tox
|
|-heal|p2a: Mandibuzz|372\/424|[from] item: Leftovers
|-damage|p1a: Lopunny|255\/271 tox|[from] psn
|turn|9
|
|switch|p1a: Kyurem-Black|Kyurem-Black|391\/391
|-ability|p1a: Kyurem-Black|Teravolt
|move|p2a: Mandibuzz|Foul Play|p1a: Kyurem-Black
|-damage|p1a: Kyurem-Black|144\/391
|
|-heal|p2a: Mandibuzz|398\/424|[from] item: Leftovers
|turn|10
|
|switch|p2a: Magnezone|Magnezone|281\/281
|move|p1a: Kyurem-Black|Earth Power|p2a: Magnezone
|-supereffective|p2a: Magnezone
|-damage|p2a: Magnezone|0 fnt
|-damage|p1a: Kyurem-Black|105\/391|[from] item: Life Orb
|faint|p2a: Magnezone
|
|
|switch|p2a: Latios|Latios, M|152\/301
|turn|11
|
|switch|p1a: Celebi|Celebi|404\/404
|move|p2a: Latios|Draco Meteor|p1a: Celebi
|-damage|p1a: Celebi|166\/404
|-unboost|p2a: Latios|spa|2
|-damage|p2a: Latios|122\/301|[from] item: Life Orb
|
|-heal|p1a: Celebi|191\/404|[from] item: Leftovers
|turn|12
|
|switch|p2a: Chandelure|Chandelure, M|261\/261
|move|p1a: Celebi|Recover|p1a: Celebi
|-heal|p1a: Celebi|393\/404
|
|-heal|p1a: Celebi|404\/404|[from] item: Leftovers
|turn|13
|
|switch|p1a: Kyurem-Black|Kyurem-Black|105\/391
|-ability|p1a: Kyurem-Black|Teravolt
|move|p2a: Chandelure|Flamethrower|p1a: Kyurem-Black
|-damage|p1a: Kyurem-Black|0 fnt
|faint|p1a: Kyurem-Black
|
|
|switch|p1a: Manaphy|Manaphy|341\/341
|turn|14
|
|switch|p2a: Latios|Latios, M|122\/301
|move|p1a: Manaphy|Scald|p2a: Latios
|-resisted|p2a: Latios
|-damage|p2a: Latios|53\/301
|
|turn|15
|
|switch|p1a: Celebi|Celebi|404\/404
|move|p2a: Latios|Draco Meteor|p1a: Celebi
|-damage|p1a: Celebi|192\/404
|-unboost|p2a: Latios|spa|2
|-damage|p2a: Latios|23\/301|[from] item: Life Orb
|
|-heal|p1a: Celebi|217\/404|[from] item: Leftovers
|turn|16
|
|move|p2a: Latios|Roost|p2a: Latios
|-heal|p2a: Latios|174\/301
|move|p1a: Celebi|Baton Pass|p1a: Celebi
|
|switch|p1a: Lopunny|Lopunny-Mega, F|255\/271 tox
|
|-damage|p1a: Lopunny|239\/271 tox|[from] psn
|turn|17
|
|switch|p1a: Manaphy|Manaphy|341\/341
|switch|p2a: Mandibuzz|Mandibuzz, F|398\/424
|
|-heal|p2a: Mandibuzz|424\/424|[from] item: Leftovers
|turn|18
|
|move|p1a: Manaphy|Scald|p2a: Mandibuzz
|-damage|p2a: Mandibuzz|291\/424
|-status|p2a: Mandibuzz|brn
|move|p2a: Mandibuzz|Toxic|p1a: Manaphy
|-status|p1a: Manaphy|tox
|
|-heal|p2a: Mandibuzz|317\/424 brn|[from] item: Leftovers
|-damage|p1a: Manaphy|320\/341 tox|[from] psn
|-damage|p2a: Mandibuzz|264\/424 brn|[from] brn
|turn|19
|
|switch|p2a: Dugtrio|Dugtrio, M|211\/211
|move|p1a: Manaphy|Rain Dance|p1a: Manaphy
|-weather|RainDance
|
|-weather|RainDance|[upkeep]
|-curestatus|p1a: Manaphy|tox
|-heal|p1a: Manaphy|341\/341|[from] item: Leftovers
|turn|20
|
|move|p2a: Dugtrio|Earthquake|p1a: Manaphy
|-damage|p1a: Manaphy|215\/341
|move|p1a: Manaphy|Scald|p2a: Dugtrio
|-supereffective|p2a: Dugtrio
|-enditem|p2a: Dugtrio|Focus Sash
|-damage|p2a: Dugtrio|1\/211
|
|-weather|RainDance|[upkeep]
|-heal|p1a: Manaphy|236\/341|[from] item: Leftovers
|turn|21
|
|move|p2a: Dugtrio|Reversal|p1a: Manaphy
|-damage|p1a: Manaphy|50\/341
|move|p1a: Manaphy|Scald|p2a: Dugtrio
|-supereffective|p2a: Dugtrio
|-damage|p2a: Dugtrio|0 fnt
|faint|p2a: Dugtrio
|
|-weather|RainDance|[upkeep]
|-heal|p1a: Manaphy|71\/341|[from] item: Leftovers
|
|switch|p2a: Lopunny|Lopunny, F|271\/271
|turn|22
|
|switch|p1a: Mandibuzz|Mandibuzz, F|423\/423
|detailschange|p2a: Lopunny|Lopunny-Mega, F
|-mega|p2a: Lopunny|Lopunny|Lopunnite
|move|p2a: Lopunny|Fake Out|p1a: Mandibuzz
|-damage|p1a: Mandibuzz|362\/423
|-damage|p2a: Lopunny|226\/271|[from] item: Rocky Helmet|[of] p1a: Mandibuzz
|
|-weather|RainDance|[upkeep]
|turn|23
|
|switch|p2a: Mandibuzz|Mandibuzz, F|264\/424 brn
|move|p1a: Mandibuzz|Foul Play|p2a: Mandibuzz
|-resisted|p2a: Mandibuzz
|-damage|p2a: Mandibuzz|238\/424 brn
|
|-weather|none
|-heal|p2a: Mandibuzz|264\/424 brn|[from] item: Leftovers
|-damage|p2a: Mandibuzz|211\/424 brn|[from] brn
|turn|24
|
|switch|p2a: Chandelure|Chandelure, M|261\/261
|move|p1a: Mandibuzz|Taunt|p2a: Chandelure
|-start|p2a: Chandelure|move: Taunt
|
|turn|25
|
|move|p2a: Chandelure|Flamethrower|p1a: Mandibuzz
|-damage|p1a: Mandibuzz|169\/423
|move|p1a: Mandibuzz|Foul Play|p2a: Chandelure
|-supereffective|p2a: Chandelure
|-damage|p2a: Chandelure|135\/261
|
|turn|26
|
|move|p2a: Chandelure|Flamethrower|p1a: Mandibuzz
|-damage|p1a: Mandibuzz|0 fnt
|faint|p1a: Mandibuzz
|
|
|switch|p1a: Lopunny|Lopunny-Mega, F|239\/271 tox
|turn|27
|
|switch|p2a: Mandibuzz|Mandibuzz, F|211\/424 brn
|move|p1a: Lopunny|High Jump Kick|p2a: Mandibuzz
|-damage|p2a: Mandibuzz|52\/424 brn
|
|-heal|p2a: Mandibuzz|78\/424 brn|[from] item: Leftovers
|-damage|p1a: Lopunny|223\/271 tox|[from] psn
|-damage|p2a: Mandibuzz|25\/424 brn|[from] brn
|turn|28
|
|move|p1a: Lopunny|Power-Up Punch|p2a: Mandibuzz
|-damage|p2a: Mandibuzz|0 fnt
|-boost|p1a: Lopunny|atk|1
|faint|p2a: Mandibuzz
|
|-damage|p1a: Lopunny|191\/271 tox|[from] psn
|
|switch|p2a: Lopunny|Lopunny-Mega, F|226\/271
|turn|29
|
|move|p2a: Lopunny|Fake Out|p1a: Lopunny
|-damage|p1a: Lopunny|106\/271 tox
|cant|p1a: Lopunny|flinch
|
|-damage|p1a: Lopunny|58\/271 tox|[from] psn
|turn|30
|
|switch|p2a: Latios|Latios, M|174\/301
|move|p1a: Lopunny|Return|p2a: Latios
|-damage|p2a: Latios|0 fnt
|faint|p2a: Latios
|
|-damage|p1a: Lopunny|0 fnt|[from] psn
|faint|p1a: Lopunny
|
|switch|p2a: Lopunny|Lopunny-Mega, F|226\/271
|switch|p1a: Celebi|Celebi|217\/404
|turn|31
|
|move|p2a: Lopunny|Fake Out|p1a: Celebi
|-damage|p1a: Celebi|133\/404
|cant|p1a: Celebi|flinch
|
|-heal|p1a: Celebi|158\/404|[from] item: Leftovers
|turn|32
|
|move|p2a: Lopunny|Return|p1a: Celebi
|-damage|p1a: Celebi|0 fnt
|faint|p1a: Celebi
|
|-message|lil manaphy forfeited.
|leave|lil manaphy
|
|win|DeathWave
|raw|Ladder updating...
|player|p1
|raw|lil manaphy's rating: 1669 &rarr; <strong>1641<\/strong><br \/>(-28 for losing)
|raw|DeathWave's rating: 1506 &rarr; <strong>1535<\/strong><br \/>(+29 for winning)
|leave|DeathWave
|player|p2
|join|DeathWave