|join|Red Skies
|join|DeathWave
|player|p1|Red Skies|209
|player|p2|DeathWave|30
|gametype|singles
|gen|6
|tier|OU
|rated
|clearpoke
|poke|p1|Gliscor, M
|poke|p1|Azumarill, F
|poke|p1|Skarmory, F
|poke|p1|Metagross
|poke|p1|Celebi
|poke|p1|Keldeo
|poke|p2|Charizard, F
|poke|p2|Venusaur, F
|poke|p2|Keldeo
|poke|p2|Rhyperior, M
|poke|p2|Mew
|poke|p2|Clefable, M
|rule|Swagger Clause: Swagger is banned
|rule|Baton Pass Clause: Limit one PokÃ©mon knowing Baton Pass
|rule|Sleep Clause Mod: Limit one foe put to sleep
|rule|Species Clause: Limit one of each PokÃ©mon
|rule|OHKO Clause: OHKO moves are banned
|rule|Moody Clause: Moody is banned
|rule|Evasion Moves Clause: Evasion moves are banned
|rule|Endless Battle Clause: Forcing endless battles is banned
|rule|HP Percentage Mod: HP is shown in percentages
|teampreview
|
|start
|switch|p1a: Metagross|Metagross|301\/301
|switch|p2a: Charizard|Charizard, F|297\/297
|turn|1
|
|switch|p1a: Gliscor|Gliscor, M|354\/354
|detailschange|p2a: Charizard|Charizard-Mega-Y, F
|-mega|p2a: Charizard|Charizard|Charizardite Y
|-weather|SunnyDay
|move|p2a: Charizard|Flamethrower|p1a: Gliscor
|-damage|p1a: Gliscor|92\/354
|
|-weather|SunnyDay|[upkeep]
|-status|p1a: Gliscor|tox|[from] item: Toxic Orb
|turn|2
|
|move|p2a: Charizard|Flamethrower|p1a: Gliscor
|-damage|p1a: Gliscor|0 fnt
|faint|p1a: Gliscor
|
|-weather|SunnyDay|[upkeep]
|
|switch|p1a: Keldeo|Keldeo|323\/323
|turn|3
|
|move|p1a: Keldeo|Scald|p2a: Charizard
|-supereffective|p2a: Charizard
|-damage|p2a: Charizard|181\/297
|move|p2a: Charizard|Solar Beam|p1a: Keldeo|[still]
|-prepare|p2a: Charizard|Solar Beam|p1a: Keldeo
|-anim|p2a: Charizard|Solar Beam|p1a: Keldeo
|-supereffective|p1a: Keldeo
|-damage|p1a: Keldeo|0 fnt
|faint|p1a: Keldeo
|
|-weather|SunnyDay|[upkeep]
|
|switch|p1a: Azumarill|Azumarill, F|403\/403
|turn|4
|
|move|p1a: Azumarill|Aqua Jet|p2a: Charizard
|-supereffective|p2a: Charizard
|-damage|p2a: Charizard|13\/297
|move|p2a: Charizard|Solar Beam|p1a: Azumarill|[still]
|-prepare|p2a: Charizard|Solar Beam|p1a: Azumarill
|-anim|p2a: Charizard|Solar Beam|p1a: Azumarill
|-supereffective|p1a: Azumarill
|-damage|p1a: Azumarill|19\/403
|
|-weather|SunnyDay|[upkeep]
|turn|5
|
|switch|p2a: Venusaur|Venusaur, F|301\/301
|move|p1a: Azumarill|Aqua Jet|p2a: Venusaur
|-resisted|p2a: Venusaur
|-damage|p2a: Venusaur|259\/301
|
|-weather|none
|turn|6
|
|switch|p2a: Mew|Mew|404\/404
|switch|p1a: Skarmory|Skarmory, F|333\/333
|
|turn|7
|
|switch|p1a: Celebi|Celebi|404\/404
|move|p2a: Mew|Taunt|p1a: Celebi
|-start|p1a: Celebi|move: Taunt
|
|turn|8
|
|switch|p1a: Azumarill|Azumarill, F|19\/403
|move|p2a: Mew|Knock Off|p1a: Azumarill
|-resisted|p1a: Azumarill
|-damage|p1a: Azumarill|0 fnt
|-enditem|p1a: Azumarill|Choice Band|[from] move: Knock Off|[of] p2a: Mew
|faint|p1a: Azumarill
|
|
|switch|p1a: Celebi|Celebi|404\/404
|turn|9
|
|move|p2a: Mew|Knock Off|p1a: Celebi
|-supereffective|p1a: Celebi
|-damage|p1a: Celebi|256\/404
|-enditem|p1a: Celebi|Leftovers|[from] move: Knock Off|[of] p2a: Mew
|move|p1a: Celebi|Giga Drain|p2a: Mew
|-crit|p2a: Mew
|-damage|p2a: Mew|269\/404
|-heal|p1a: Celebi|324\/404|[from] drain|[of] p2a: Mew
|
|-heal|p2a: Mew|294\/404|[from] item: Leftovers
|turn|10
|
|move|p2a: Mew|Taunt|p1a: Celebi
|-start|p1a: Celebi|move: Taunt
|cant|p1a: Celebi|move: Taunt|Thunder Wave
|
|-heal|p2a: Mew|319\/404|[from] item: Leftovers
|turn|11
|
|move|p2a: Mew|Will-O-Wisp|p1a: Celebi
|-status|p1a: Celebi|brn
|move|p1a: Celebi|Giga Drain|p2a: Mew
|-damage|p2a: Mew|237\/404
|-heal|p1a: Celebi|365\/404 brn|[from] drain|[of] p2a: Mew
|
|-heal|p2a: Mew|262\/404|[from] item: Leftovers
|-damage|p1a: Celebi|315\/404 brn|[from] brn
|turn|12
|
|move|p2a: Mew|Knock Off|p1a: Celebi
|-supereffective|p1a: Celebi
|-damage|p1a: Celebi|211\/404 brn
|move|p1a: Celebi|Giga Drain|p2a: Mew
|-damage|p2a: Mew|168\/404
|-heal|p1a: Celebi|258\/404 brn|[from] drain|[of] p2a: Mew
|
|-heal|p2a: Mew|193\/404|[from] item: Leftovers
|-damage|p1a: Celebi|208\/404 brn|[from] brn
|-end|p1a: Celebi|move: Taunt
|turn|13
|
|move|p2a: Mew|Taunt|p1a: Celebi
|-start|p1a: Celebi|move: Taunt
|move|p1a: Celebi|Giga Drain|p2a: Mew
|-damage|p2a: Mew|105\/404
|-heal|p1a: Celebi|252\/404 brn|[from] drain|[of] p2a: Mew
|
|-heal|p2a: Mew|130\/404|[from] item: Leftovers
|-damage|p1a: Celebi|202\/404 brn|[from] brn
|turn|14
|
|switch|p1a: Metagross|Metagross|301\/301
|move|p2a: Mew|Roost|p2a: Mew
|-heal|p2a: Mew|332\/404
|
|-heal|p2a: Mew|357\/404|[from] item: Leftovers
|turn|15
|
|detailschange|p1a: Metagross|Metagross-Mega
|-mega|p1a: Metagross|Metagross|Metagrossite
|move|p2a: Mew|Will-O-Wisp|p1a: Metagross
|-status|p1a: Metagross|brn
|move|p1a: Metagross|Meteor Mash|p2a: Mew
|-damage|p2a: Mew|257\/404
|
|-heal|p2a: Mew|282\/404|[from] item: Leftovers
|-damage|p1a: Metagross|264\/301 brn|[from] brn
|turn|16
|-message|Red Skies forfeited.
|leave|Red Skies
|
|win|DeathWave
|raw|Ladder updating...
|player|p1
|raw|Red Skies's rating: 1701 &rarr; <strong>1674<\/strong><br \/>(-27 for losing)
|raw|DeathWave's rating: 1562 &rarr; <strong>1589<\/strong><br \/>(+27 for winning)