|join|Johnny Tots
|join|Tara Clare
|player|p1|Johnny Tots|266
|player|p2|Tara Clare|155
|gametype|singles
|gen|6
|tier|OU
|rated
|clearpoke
|poke|p1|Dragonite, M
|poke|p1|Gyarados, M
|poke|p1|Landorus-Therian, M
|poke|p1|Charizard, M
|poke|p1|Thundurus-Therian, M
|poke|p1|Scizor, M
|poke|p2|Gliscor, M
|poke|p2|Rotom-Wash, shiny
|poke|p2|Scizor, F
|poke|p2|Heatran, F, shiny
|poke|p2|Venusaur, M
|poke|p2|Zapdos
|rule|Swagger Clause: Swagger is banned
|rule|Baton Pass Clause: Limit one PokÃ©mon knowing Baton Pass
|rule|Sleep Clause Mod: Limit one foe put to sleep
|rule|Species Clause: Limit one of each PokÃ©mon
|rule|OHKO Clause: OHKO moves are banned
|rule|Moody Clause: Moody is banned
|rule|Evasion Moves Clause: Evasion moves are banned
|rule|Endless Battle Clause: Forcing endless battles is banned
|rule|HP Percentage Mod: HP is shown in percentages
|teampreview
|
|start
|switch|p1a: Gyarados|Gyarados, M|331\/331
|switch|p2a: Heatran|Heatran, F, shiny|323\/323
|-item|p2a: Heatran|Air Balloon
|turn|1
|
|switch|p2a: Rotom-Wash|Rotom-Wash, shiny|299\/299
|move|p1a: Gyarados|Ice Fang|p2a: Rotom-Wash
|-resisted|p2a: Rotom-Wash
|-damage|p2a: Rotom-Wash|263\/299
|
|turn|2
|
|switch|p1a: Thundurus-Therian|Thundurus-Therian, M|299\/299
|move|p2a: Rotom-Wash|Volt Switch|p1a: Thundurus-Therian
|-immune|p1a: Thundurus-Therian|[msg]
|
|turn|3
|
|switch|p2a: Gliscor|Gliscor, M|353\/353
|move|p1a: Thundurus-Therian|Nasty Plot|p1a: Thundurus-Therian
|-boost|p1a: Thundurus-Therian|spa|2
|
|-status|p2a: Gliscor|tox|[from] item: Toxic Orb
|turn|4
|
|move|p2a: Gliscor|Protect|p2a: Gliscor
|-singleturn|p2a: Gliscor|Protect
|move|p1a: Thundurus-Therian|Hidden Power|p2a: Gliscor
|-activate|p2a: Gliscor|Protect
|
|turn|5
|
|move|p2a: Gliscor|Substitute|p2a: Gliscor
|-start|p2a: Gliscor|Substitute
|-damage|p2a: Gliscor|265\/353 tox
|move|p1a: Thundurus-Therian|Nasty Plot|p1a: Thundurus-Therian
|-boost|p1a: Thundurus-Therian|spa|2
|
|-heal|p2a: Gliscor|309\/353 tox|[from] ability: Poison Heal
|turn|6
|
|move|p2a: Gliscor|Toxic|p1a: Thundurus-Therian
|-status|p1a: Thundurus-Therian|tox
|move|p1a: Thundurus-Therian|Hidden Power|p2a: Gliscor
|-supereffective|p2a: Gliscor
|-end|p2a: Gliscor|Substitute
|
|-heal|p2a: Gliscor|353\/353 tox|[from] ability: Poison Heal
|-damage|p1a: Thundurus-Therian|281\/299 tox|[from] psn
|turn|7
|
|move|p2a: Gliscor|Protect|p2a: Gliscor
|-singleturn|p2a: Gliscor|Protect
|move|p1a: Thundurus-Therian|Agility|p1a: Thundurus-Therian
|-boost|p1a: Thundurus-Therian|spe|2
|
|-heal|p1a: Thundurus-Therian|299\/299 tox|[from] item: Leftovers
|-damage|p1a: Thundurus-Therian|263\/299 tox|[from] psn
|turn|8
|
|switch|p2a: Rotom-Wash|Rotom-Wash, shiny|263\/299
|move|p1a: Thundurus-Therian|Hidden Power|p2a: Rotom-Wash
|-resisted|p2a: Rotom-Wash
|-damage|p2a: Rotom-Wash|150\/299
|
|-heal|p1a: Thundurus-Therian|281\/299 tox|[from] item: Leftovers
|-damage|p1a: Thundurus-Therian|227\/299 tox|[from] psn
|turn|9
|
|switch|p2a: Gliscor|Gliscor, M|353\/353 tox
|move|p1a: Thundurus-Therian|Thunderbolt|p2a: Gliscor
|-immune|p2a: Gliscor|[msg]
|
|-heal|p1a: Thundurus-Therian|245\/299 tox|[from] item: Leftovers
|-damage|p1a: Thundurus-Therian|173\/299 tox|[from] psn
|turn|10
|
|move|p2a: Gliscor|Protect|p2a: Gliscor
|-singleturn|p2a: Gliscor|Protect
|move|p1a: Thundurus-Therian|Hidden Power|p2a: Gliscor
|-activate|p2a: Gliscor|Protect
|
|-heal|p1a: Thundurus-Therian|191\/299 tox|[from] item: Leftovers
|-damage|p1a: Thundurus-Therian|101\/299 tox|[from] psn
|turn|11
|
|switch|p2a: Heatran|Heatran, F, shiny|323\/323
|-item|p2a: Heatran|Air Balloon
|move|p1a: Thundurus-Therian|Hidden Power|p2a: Heatran
|-resisted|p2a: Heatran
|-damage|p2a: Heatran|274\/323
|-enditem|p2a: Heatran|Air Balloon
|
|-heal|p1a: Thundurus-Therian|119\/299 tox|[from] item: Leftovers
|-damage|p1a: Thundurus-Therian|11\/299 tox|[from] psn
|turn|12
|
|move|p1a: Thundurus-Therian|Thunderbolt|p2a: Heatran
|-damage|p2a: Heatran|0 fnt
|faint|p2a: Heatran
|
|-heal|p1a: Thundurus-Therian|29\/299 tox|[from] item: Leftovers
|-damage|p1a: Thundurus-Therian|0 fnt|[from] psn
|faint|p1a: Thundurus-Therian
|
|switch|p2a: Rotom-Wash|Rotom-Wash, shiny|150\/299
|switch|p1a: Scizor|Scizor, M|281\/281
|turn|13
|
|move|p2a: Rotom-Wash|Volt Switch|p1a: Scizor
|-damage|p1a: Scizor|193\/281
|
|switch|p2a: Venusaur|Venusaur, M|359\/359
|move|p1a: Scizor|Toxic|p2a: Venusaur
|-fail|p2a: Venusaur
|
|-heal|p1a: Scizor|210\/281|[from] item: Leftovers
|turn|14
|
|detailschange|p2a: Venusaur|Venusaur-Mega, M
|message|Venusaur has Mega Evolved into Mega Venusaur!
|move|p1a: Scizor|Bullet Punch|p2a: Venusaur
|-damage|p2a: Venusaur|278\/359
|move|p2a: Venusaur|Sludge Bomb|p1a: Scizor
|-immune|p1a: Scizor|[msg]
|
|-heal|p1a: Scizor|227\/281|[from] item: Leftovers
|turn|15
|
|move|p1a: Scizor|Bullet Punch|p2a: Venusaur
|-damage|p2a: Venusaur|199\/359
|move|p2a: Venusaur|Hidden Power|p1a: Scizor
|-crit|p1a: Scizor
|-supereffective|p1a: Scizor
|-damage|p1a: Scizor|0 fnt
|faint|p1a: Scizor
|
|
|switch|p1a: Dragonite|Dragonite, M|323\/323
|turn|16
|
|switch|p2a: Rotom-Wash|Rotom-Wash, shiny|150\/299
|move|p1a: Dragonite|Dragon Dance|p1a: Dragonite
|-boost|p1a: Dragonite|atk|1
|-boost|p1a: Dragonite|spe|1
|
|turn|17
|
|move|p2a: Rotom-Wash|Trick|p1a: Dragonite
|-activate|p2a: Rotom-Wash|move: Trick|[of] p1a: Dragonite
|-item|p1a: Dragonite|Choice Scarf|[from] move: Trick
|-item|p2a: Rotom-Wash|Lum Berry|[from] move: Trick
|move|p1a: Dragonite|Dragon Dance|p1a: Dragonite
|-boost|p1a: Dragonite|atk|1
|-boost|p1a: Dragonite|spe|1
|
|turn|18
|
|switch|p1a: Landorus-Therian|Landorus-Therian, M|319\/319
|-ability|p1a: Landorus-Therian|Intimidate|[of] p2a: Rotom-Wash
|-unboost|p2a: Rotom-Wash|atk|1
|move|p2a: Rotom-Wash|Pain Split|p1a: Landorus-Therian
|-sethp|p1a: Landorus-Therian|234\/319|p2a: Rotom-Wash|234\/299|[from] move: Pain Split
|
|-heal|p1a: Landorus-Therian|253\/319|[from] item: Leftovers
|turn|19
|
|switch|p1a: Gyarados|Gyarados, M|331\/331
|move|p2a: Rotom-Wash|Hydro Pump|p1a: Gyarados
|-resisted|p1a: Gyarados
|-damage|p1a: Gyarados|248\/331
|
|turn|20
|
|switch|p2a: Zapdos|Zapdos|384\/384
|-ability|p2a: Zapdos|Pressure
|move|p1a: Gyarados|Dragon Dance|p1a: Gyarados
|-boost|p1a: Gyarados|atk|1
|-boost|p1a: Gyarados|spe|1
|
|turn|21
|
|move|p1a: Gyarados|Ice Fang|p2a: Zapdos
|-supereffective|p2a: Zapdos
|-damage|p2a: Zapdos|128\/384
|move|p2a: Zapdos|Thunderbolt|p1a: Gyarados
|-supereffective|p1a: Gyarados
|-damage|p1a: Gyarados|0 fnt
|faint|p1a: Gyarados
|
|-heal|p2a: Zapdos|152\/384|[from] item: Leftovers
|
|switch|p1a: Landorus-Therian|Landorus-Therian, M|253\/319
|-ability|p1a: Landorus-Therian|Intimidate|[of] p2a: Zapdos
|-unboost|p2a: Zapdos|atk|1
|turn|22
|
|switch|p2a: Gliscor|Gliscor, M|353\/353 tox
|move|p1a: Landorus-Therian|Swords Dance|p1a: Landorus-Therian
|-boost|p1a: Landorus-Therian|atk|2
|
|-heal|p1a: Landorus-Therian|272\/319|[from] item: Leftovers
|turn|23
|
|move|p2a: Gliscor|Toxic|p1a: Landorus-Therian
|-status|p1a: Landorus-Therian|tox
|move|p1a: Landorus-Therian|Stone Edge|p2a: Gliscor
|-damage|p2a: Gliscor|165\/353 tox
|
|-heal|p1a: Landorus-Therian|291\/319 tox|[from] item: Leftovers
|-heal|p2a: Gliscor|209\/353 tox|[from] ability: Poison Heal
|-damage|p1a: Landorus-Therian|272\/319 tox|[from] psn
|turn|24
|
|move|p2a: Gliscor|Substitute|p2a: Gliscor
|-start|p2a: Gliscor|Substitute
|-damage|p2a: Gliscor|121\/353 tox
|move|p1a: Landorus-Therian|Swords Dance|p1a: Landorus-Therian
|-boost|p1a: Landorus-Therian|atk|2
|
|-heal|p1a: Landorus-Therian|291\/319 tox|[from] item: Leftovers
|-heal|p2a: Gliscor|165\/353 tox|[from] ability: Poison Heal
|-damage|p1a: Landorus-Therian|253\/319 tox|[from] psn
|turn|25
|
|move|p2a: Gliscor|Protect|p2a: Gliscor
|-singleturn|p2a: Gliscor|Protect
|move|p1a: Landorus-Therian|Rock Polish|p1a: Landorus-Therian
|-boost|p1a: Landorus-Therian|spe|2
|
|-heal|p1a: Landorus-Therian|272\/319 tox|[from] item: Leftovers
|-damage|p1a: Landorus-Therian|215\/319 tox|[from] psn
|-heal|p2a: Gliscor|209\/353 tox|[from] ability: Poison Heal
|turn|26
|
|move|p1a: Landorus-Therian|Stone Edge|p2a: Gliscor
|-end|p2a: Gliscor|Substitute
|move|p2a: Gliscor|Substitute|p2a: Gliscor
|-start|p2a: Gliscor|Substitute
|-damage|p2a: Gliscor|121\/353 tox
|
|-heal|p1a: Landorus-Therian|234\/319 tox|[from] item: Leftovers
|-damage|p1a: Landorus-Therian|158\/319 tox|[from] psn
|-heal|p2a: Gliscor|165\/353 tox|[from] ability: Poison Heal
|turn|27
|
|move|p2a: Gliscor|Protect|p2a: Gliscor
|-singleturn|p2a: Gliscor|Protect
|move|p1a: Landorus-Therian|Stone Edge|p2a: Gliscor
|-activate|p2a: Gliscor|Protect
|
|-heal|p1a: Landorus-Therian|177\/319 tox|[from] item: Leftovers
|-damage|p1a: Landorus-Therian|82\/319 tox|[from] psn
|-heal|p2a: Gliscor|209\/353 tox|[from] ability: Poison Heal
|turn|28
|
|move|p1a: Landorus-Therian|Stone Edge|p2a: Gliscor
|-end|p2a: Gliscor|Substitute
|move|p2a: Gliscor|Substitute|p2a: Gliscor
|-start|p2a: Gliscor|Substitute
|-damage|p2a: Gliscor|121\/353 tox
|
|-heal|p1a: Landorus-Therian|101\/319 tox|[from] item: Leftovers
|-damage|p1a: Landorus-Therian|0 fnt|[from] psn
|-heal|p2a: Gliscor|165\/353 tox|[from] ability: Poison Heal
|faint|p1a: Landorus-Therian
|
|switch|p1a: Dragonite|Dragonite, M|323\/323
|turn|29
|
|move|p2a: Gliscor|Protect|p2a: Gliscor
|-singleturn|p2a: Gliscor|Protect
|move|p1a: Dragonite|Ice Punch|p2a: Gliscor
|-activate|p2a: Gliscor|Protect
|
|-heal|p2a: Gliscor|209\/353 tox|[from] ability: Poison Heal
|turn|30
|
|move|p1a: Dragonite|Ice Punch|p2a: Gliscor
|-supereffective|p2a: Gliscor
|-end|p2a: Gliscor|Substitute
|move|p2a: Gliscor|Toxic|p1a: Dragonite
|-status|p1a: Dragonite|tox
|
|-damage|p1a: Dragonite|303\/323 tox|[from] psn
|-heal|p2a: Gliscor|253\/353 tox|[from] ability: Poison Heal
|turn|31
|
|switch|p1a: Charizard|Charizard, M|297\/297
|move|p2a: Gliscor|Protect|p2a: Gliscor
|-fail|p2a: Gliscor
|
|-heal|p2a: Gliscor|297\/353 tox|[from] ability: Poison Heal
|turn|32
|
|switch|p1a: Dragonite|Dragonite, M|303\/323 tox
|move|p2a: Gliscor|Toxic|p1a: Dragonite
|-fail|p1a: Dragonite|tox
|
|-damage|p1a: Dragonite|283\/323 tox|[from] psn
|-heal|p2a: Gliscor|341\/353 tox|[from] ability: Poison Heal
|turn|33
|
|move|p2a: Gliscor|Protect|p2a: Gliscor
|-singleturn|p2a: Gliscor|Protect
|move|p1a: Dragonite|Ice Punch|p2a: Gliscor
|-activate|p2a: Gliscor|Protect
|
|-damage|p1a: Dragonite|243\/323 tox|[from] psn
|-heal|p2a: Gliscor|353\/353 tox|[from] ability: Poison Heal
|turn|34
|
|switch|p2a: Rotom-Wash|Rotom-Wash, shiny|234\/299
|move|p1a: Dragonite|Ice Punch|p2a: Rotom-Wash
|-resisted|p2a: Rotom-Wash
|-damage|p2a: Rotom-Wash|188\/299
|
|-damage|p1a: Dragonite|183\/323 tox|[from] psn
|turn|35
|
|move|p1a: Dragonite|Ice Punch|p2a: Rotom-Wash
|-resisted|p2a: Rotom-Wash
|-damage|p2a: Rotom-Wash|141\/299
|move|p2a: Rotom-Wash|Volt Switch|p1a: Dragonite
|-damage|p1a: Dragonite|89\/323 tox
|
|switch|p2a: Gliscor|Gliscor, M|353\/353 tox
|
|-damage|p1a: Dragonite|9\/323 tox|[from] psn
|turn|36
|
|move|p2a: Gliscor|Protect|p2a: Gliscor
|-singleturn|p2a: Gliscor|Protect
|move|p1a: Dragonite|Ice Punch|p2a: Gliscor
|-activate|p2a: Gliscor|Protect
|
|-damage|p1a: Dragonite|0 fnt|[from] psn
|faint|p1a: Dragonite
|
|switch|p1a: Charizard|Charizard, M|297\/297
|turn|37
|
|detailschange|p1a: Charizard|Charizard-Mega-X, M
|message|Charizard has Mega Evolved into Mega Charizard!
|move|p1a: Charizard|Flare Blitz|p2a: Gliscor
|-damage|p2a: Gliscor|121\/353 tox
|-damage|p1a: Charizard|220\/297|[from] recoil|[of] p2a: Gliscor
|move|p2a: Gliscor|Toxic|p1a: Charizard
|-status|p1a: Charizard|tox
|
|-heal|p2a: Gliscor|165\/353 tox|[from] ability: Poison Heal
|-damage|p1a: Charizard|202\/297 tox|[from] psn
|turn|38
|-message|Johnny Tots forfeited.
|
|win|Tara Clare
|raw|Ladder updating...
|leave|Johnny Tots
|player|p1
|raw|Johnny Tots's rating: 1642 &rarr; <strong>1623<\/strong><br \/>(-19 for losing)
|raw|Tara Clare's rating: 1642 &rarr; <strong>1662<\/strong><br \/>(+20 for winning)