|join|johnny tots
|join|Omega Yui Itsuki
|player|p1|johnny tots|1
|player|p2|Omega Yui Itsuki|249
|gametype|singles
|gen|6
|tier|OU
|rated
|clearpoke
|poke|p1|Dragonite, M
|poke|p1|Gyarados, M
|poke|p1|Landorus-Therian, M
|poke|p1|Charizard, F
|poke|p1|Thundurus-Therian, M
|poke|p1|Scizor, M
|poke|p2|Gengar, F
|poke|p2|Scizor, M
|poke|p2|Gardevoir, F
|poke|p2|Mamoswine, M
|poke|p2|Ferrothorn, M
|poke|p2|Talonflame, M
|rule|Swagger Clause: Swagger is banned
|rule|Baton Pass Clause: Limit one PokÃ©mon knowing Baton Pass
|rule|Sleep Clause Mod: Limit one foe put to sleep
|rule|Species Clause: Limit one of each PokÃ©mon
|rule|OHKO Clause: OHKO moves are banned
|rule|Moody Clause: Moody is banned
|rule|Evasion Moves Clause: Evasion moves are banned
|rule|Endless Battle Clause: Forcing endless battles is banned
|rule|HP Percentage Mod: HP is shown in percentages
|teampreview
|
|start
|switch|p1a: Scizor|Scizor, M|281\/281
|switch|p2a: Talonflame|Talonflame, M|323\/323
|turn|1
|
|switch|p1a: Landorus-Therian|Landorus-Therian, M|319\/319
|-ability|p1a: Landorus-Therian|Intimidate|[of] p2a: Talonflame
|-unboost|p2a: Talonflame|atk|1
|move|p2a: Talonflame|Will-O-Wisp|p1a: Landorus-Therian
|-status|p1a: Landorus-Therian|brn
|
|-damage|p1a: Landorus-Therian|280\/319 brn|[from] brn
|turn|2
|
|move|p2a: Talonflame|Bulk Up|p2a: Talonflame
|-boost|p2a: Talonflame|atk|1
|-boost|p2a: Talonflame|def|1
|move|p1a: Landorus-Therian|Swords Dance|p1a: Landorus-Therian
|-boost|p1a: Landorus-Therian|atk|2
|
|-heal|p1a: Landorus-Therian|299\/319 brn|[from] item: Leftovers
|-damage|p1a: Landorus-Therian|260\/319 brn|[from] brn
|turn|3
|
|move|p2a: Talonflame|Bulk Up|p2a: Talonflame
|-boost|p2a: Talonflame|atk|1
|-boost|p2a: Talonflame|def|1
|move|p1a: Landorus-Therian|Stone Edge|p2a: Talonflame
|-supereffective|p2a: Talonflame
|-damage|p2a: Talonflame|55\/323
|
|-heal|p2a: Talonflame|75\/323|[from] item: Leftovers
|-heal|p1a: Landorus-Therian|279\/319 brn|[from] item: Leftovers
|-damage|p1a: Landorus-Therian|240\/319 brn|[from] brn
|turn|4
|
|move|p2a: Talonflame|Roost|p2a: Talonflame
|-heal|p2a: Talonflame|237\/323
|move|p1a: Landorus-Therian|Stone Edge|p2a: Talonflame|[miss]
|-miss|p1a: Landorus-Therian|p2a: Talonflame
|
|-heal|p2a: Talonflame|257\/323|[from] item: Leftovers
|-heal|p1a: Landorus-Therian|259\/319 brn|[from] item: Leftovers
|-damage|p1a: Landorus-Therian|220\/319 brn|[from] brn
|turn|5
|
|move|p2a: Talonflame|Bulk Up|p2a: Talonflame
|-boost|p2a: Talonflame|atk|1
|-boost|p2a: Talonflame|def|1
|move|p1a: Landorus-Therian|Stone Edge|p2a: Talonflame|[miss]
|-miss|p1a: Landorus-Therian|p2a: Talonflame
|
|-heal|p2a: Talonflame|277\/323|[from] item: Leftovers
|-heal|p1a: Landorus-Therian|239\/319 brn|[from] item: Leftovers
|-damage|p1a: Landorus-Therian|200\/319 brn|[from] brn
|turn|6
|c|âjohnny tots|wow
|c|âjohnny tots|so lucky
|c|âOmega Yui Itsuki|if echo. it is normal that fails attack followed
|c|âOmega Yui Itsuki|but if luck
|
|move|p2a: Talonflame|Bulk Up|p2a: Talonflame
|-boost|p2a: Talonflame|atk|1
|-boost|p2a: Talonflame|def|1
|move|p1a: Landorus-Therian|Stone Edge|p2a: Talonflame
|-supereffective|p2a: Talonflame
|-damage|p2a: Talonflame|101\/323
|
|-heal|p2a: Talonflame|121\/323|[from] item: Leftovers
|-heal|p1a: Landorus-Therian|219\/319 brn|[from] item: Leftovers
|-damage|p1a: Landorus-Therian|180\/319 brn|[from] brn
|turn|7
|
|move|p2a: Talonflame|Roost|p2a: Talonflame
|-heal|p2a: Talonflame|283\/323
|move|p1a: Landorus-Therian|Swords Dance|p1a: Landorus-Therian
|-boost|p1a: Landorus-Therian|atk|2
|
|-heal|p2a: Talonflame|303\/323|[from] item: Leftovers
|-heal|p1a: Landorus-Therian|199\/319 brn|[from] item: Leftovers
|-damage|p1a: Landorus-Therian|160\/319 brn|[from] brn
|turn|8
|
|move|p2a: Talonflame|Brave Bird|p1a: Landorus-Therian
|-damage|p1a: Landorus-Therian|0 fnt
|-damage|p2a: Talonflame|250\/323|[from] recoil|[of] p1a: Landorus-Therian
|faint|p1a: Landorus-Therian
|
|-heal|p2a: Talonflame|270\/323|[from] item: Leftovers
|
|switch|p1a: Thundurus-Therian|Thundurus-Therian, M|299\/299
|turn|9
|
|switch|p2a: Mamoswine|Mamoswine, M|362\/362
|move|p1a: Thundurus-Therian|Thunderbolt|p2a: Mamoswine
|-immune|p2a: Mamoswine|[msg]
|
|turn|10
|
|switch|p1a: Scizor|Scizor, M|281\/281
|move|p2a: Mamoswine|Knock Off|p1a: Scizor
|-damage|p1a: Scizor|183\/281
|-enditem|p1a: Scizor|Leftovers|[from] move: Knock Off|[of] p2a: Mamoswine
|
|turn|11
|
|switch|p2a: Talonflame|Talonflame, M|270\/323
|move|p1a: Scizor|Defog|p2a: Talonflame
|-unboost|p2a: Talonflame|evasion|1
|
|-heal|p2a: Talonflame|290\/323|[from] item: Leftovers
|turn|12
|
|switch|p1a: Charizard|Charizard, F|297\/297
|move|p2a: Talonflame|Will-O-Wisp|p1a: Charizard
|-fail|p1a: Charizard
|
|-heal|p2a: Talonflame|310\/323|[from] item: Leftovers
|turn|13
|
|detailschange|p1a: Charizard|Charizard-Mega-X, F
|message|Charizard has Mega Evolved into Mega Charizard!
|move|p2a: Talonflame|Brave Bird|p1a: Charizard
|-damage|p1a: Charizard|201\/297
|-damage|p2a: Talonflame|278\/323|[from] recoil|[of] p1a: Charizard
|move|p1a: Charizard|Dragon Dance|p1a: Charizard
|-boost|p1a: Charizard|atk|1
|-boost|p1a: Charizard|spe|1
|
|-heal|p2a: Talonflame|298\/323|[from] item: Leftovers
|turn|14
|
|move|p2a: Talonflame|Brave Bird|p1a: Charizard
|-damage|p1a: Charizard|96\/297
|-damage|p2a: Talonflame|263\/323|[from] recoil|[of] p1a: Charizard
|move|p1a: Charizard|Dragon Claw|p2a: Talonflame
|-damage|p2a: Talonflame|0 fnt
|faint|p2a: Talonflame
|
|
|switch|p2a: Mamoswine|Mamoswine, M|362\/362
|turn|15
|
|move|p1a: Charizard|Flare Blitz|p2a: Mamoswine
|-supereffective|p2a: Mamoswine
|-enditem|p2a: Mamoswine|Focus Sash
|-damage|p2a: Mamoswine|1\/362
|-damage|p1a: Charizard|0 fnt|[from] recoil|[of] p2a: Mamoswine
|faint|p1a: Charizard
|move|p2a: Mamoswine|Roar|p1: Charizard|[notarget]
|-notarget
|
|
|switch|p1a: Gyarados|Gyarados, M|331\/331
|turn|16
|
|move|p1a: Gyarados|Dragon Dance|p1a: Gyarados
|-boost|p1a: Gyarados|atk|1
|-boost|p1a: Gyarados|spe|1
|move|p2a: Mamoswine|Roar|p1a: Gyarados
|drag|p1a: Scizor|Scizor, M|183\/281
|
|turn|17
|
|switch|p2a: Ferrothorn|Ferrothorn, M|313\/313
|switch|p1a: Gyarados|Gyarados, M|331\/331
|
|turn|18
|
|move|p1a: Gyarados|Taunt|p2a: Ferrothorn
|-start|p2a: Ferrothorn|move: Taunt
|cant|p2a: Ferrothorn|move: Taunt|Stealth Rock
|
|turn|19
|
|move|p1a: Gyarados|Dragon Dance|p1a: Gyarados
|-boost|p1a: Gyarados|atk|1
|-boost|p1a: Gyarados|spe|1
|move|p2a: Ferrothorn|Gyro Ball|p1a: Gyarados
|-resisted|p1a: Gyarados
|-damage|p1a: Gyarados|238\/331
|
|turn|20
|
|move|p1a: Gyarados|Dragon Dance|p1a: Gyarados
|-boost|p1a: Gyarados|atk|1
|-boost|p1a: Gyarados|spe|1
|move|p2a: Ferrothorn|Gyro Ball|p1a: Gyarados
|-resisted|p1a: Gyarados
|-damage|p1a: Gyarados|142\/331
|
|-end|p2a: Ferrothorn|move: Taunt
|turn|21
|c|âOmega Yui Itsuki|wai a second
|
|move|p1a: Gyarados|Taunt|p2a: Ferrothorn
|-start|p2a: Ferrothorn|move: Taunt
|move|p2a: Ferrothorn|Gyro Ball|p1a: Gyarados
|-resisted|p1a: Gyarados
|-damage|p1a: Gyarados|55\/331
|
|turn|22
|c|âOmega Yui Itsuki|thanks
|
|move|p1a: Gyarados|Earthquake|p2a: Ferrothorn
|-crit|p2a: Ferrothorn
|-damage|p2a: Ferrothorn|70\/313
|move|p2a: Ferrothorn|Gyro Ball|p1a: Gyarados
|-resisted|p1a: Gyarados
|-damage|p1a: Gyarados|0 fnt
|faint|p1a: Gyarados
|
|-heal|p2a: Ferrothorn|89\/313|[from] item: Leftovers
|
|switch|p1a: Dragonite|Dragonite, M|323\/323
|turn|23
|
|move|p1a: Dragonite|Dragon Dance|p1a: Dragonite
|-boost|p1a: Dragonite|atk|1
|-boost|p1a: Dragonite|spe|1
|move|p2a: Ferrothorn|Gyro Ball|p1a: Dragonite
|-damage|p1a: Dragonite|239\/323
|
|-heal|p2a: Ferrothorn|108\/313|[from] item: Leftovers
|-end|p2a: Ferrothorn|move: Taunt
|turn|24
|
|move|p1a: Dragonite|Earthquake|p2a: Ferrothorn
|-damage|p2a: Ferrothorn|0 fnt
|faint|p2a: Ferrothorn
|
|
|switch|p2a: Mamoswine|Mamoswine, M|1\/362
|turn|25
|
|move|p2a: Mamoswine|Ice Shard|p1a: Dragonite
|-supereffective|p1a: Dragonite
|-damage|p1a: Dragonite|0 fnt
|faint|p1a: Dragonite
|
|
|switch|p1a: Scizor|Scizor, M|183\/281
|turn|26
|
|switch|p2a: Scizor|Scizor, M|282\/282
|move|p1a: Scizor|Swords Dance|p1a: Scizor
|-boost|p1a: Scizor|atk|2
|
|turn|27
|
|switch|p1a: Thundurus-Therian|Thundurus-Therian, M|299\/299
|move|p2a: Scizor|Superpower|p1a: Thundurus-Therian
|-resisted|p1a: Thundurus-Therian
|-damage|p1a: Thundurus-Therian|161\/299
|-unboost|p2a: Scizor|atk|1
|-unboost|p2a: Scizor|def|1
|
|-heal|p1a: Thundurus-Therian|179\/299|[from] item: Leftovers
|turn|28
|
|switch|p2a: Mamoswine|Mamoswine, M|1\/362
|move|p1a: Thundurus-Therian|Hidden Power|p2a: Mamoswine
|-damage|p2a: Mamoswine|0 fnt
|faint|p2a: Mamoswine
|
|-heal|p1a: Thundurus-Therian|197\/299|[from] item: Leftovers
|
|switch|p2a: Gengar|Gengar, F|262\/262
|turn|29
|
|switch|p1a: Scizor|Scizor, M|183\/281
|move|p2a: Gengar|Shadow Ball|p1a: Scizor
|-damage|p1a: Scizor|59\/281
|
|turn|30
|
|move|p1a: Scizor|Bullet Punch|p2a: Gengar
|-damage|p2a: Gengar|133\/262
|move|p2a: Gengar|Shadow Ball|p1a: Scizor
|-damage|p1a: Scizor|0 fnt
|faint|p1a: Scizor
|
|
|switch|p1a: Thundurus-Therian|Thundurus-Therian, M|197\/299
|turn|31
|
|move|p2a: Gengar|Destiny Bond|p2a: Gengar
|-singlemove|p2a: Gengar|Destiny Bond
|move|p1a: Thundurus-Therian|Agility|p1a: Thundurus-Therian
|-boost|p1a: Thundurus-Therian|spe|2
|
|-heal|p1a: Thundurus-Therian|215\/299|[from] item: Leftovers
|turn|32
|
|move|p1a: Thundurus-Therian|Nasty Plot|p1a: Thundurus-Therian
|-boost|p1a: Thundurus-Therian|spa|2
|move|p2a: Gengar|Haze|p2a: Gengar
|-clearallboost
|
|-heal|p1a: Thundurus-Therian|233\/299|[from] item: Leftovers
|turn|33
|-message|johnny tots forfeited.
|
|win|Omega Yui Itsuki
|raw|Ladder updating...
|leave|johnny tots
|player|p1