|join|ninito
|join|Johnny Tots
|player|p1|ninito|1
|player|p2|Johnny Tots|101
|gametype|singles
|gen|6
|tier|OU
|rated
|clearpoke
|poke|p1|Tyranitar, F, shiny
|poke|p1|Excadrill, M
|poke|p1|Greninja, F, shiny
|poke|p1|Pinsir, M
|poke|p1|Talonflame, M, shiny
|poke|p1|Dragonite, M
|poke|p2|Dragonite, M
|poke|p2|Gyarados, F
|poke|p2|Landorus-Therian, M
|poke|p2|Charizard, F
|poke|p2|Thundurus-Therian, M
|poke|p2|Scizor, M
|rule|Swagger Clause: Swagger is banned
|rule|Baton Pass Clause: Limit one PokÃ©mon knowing Baton Pass
|rule|Sleep Clause Mod: Limit one foe put to sleep
|rule|Species Clause: Limit one of each PokÃ©mon
|rule|OHKO Clause: OHKO moves are banned
|rule|Moody Clause: Moody is banned
|rule|Evasion Moves Clause: Evasion moves are banned
|rule|Endless Battle Clause: Forcing endless battles is banned
|rule|HP Percentage Mod: HP is shown in percentages
|teampreview
|
|start
|switch|p1a: Tyranitar|Tyranitar, F, shiny|341\/341
|switch|p2a: Landorus-Therian|Landorus-Therian, M|319\/319
|-ability|p2a: Landorus-Therian|Intimidate|[of] p1a: Tyranitar
|-unboost|p1a: Tyranitar|atk|1
|-weather|Sandstorm
|turn|1
|
|move|p2a: Landorus-Therian|Earthquake|p1a: Tyranitar
|-supereffective|p1a: Tyranitar
|-damage|p1a: Tyranitar|11\/341
|move|p1a: Tyranitar|Ice Beam|p2a: Landorus-Therian
|-supereffective|p2a: Landorus-Therian
|-damage|p2a: Landorus-Therian|0 fnt
|faint|p2a: Landorus-Therian
|
|-weather|Sandstorm|[upkeep]
|
|switch|p2a: Scizor|Scizor, M|281\/281
|turn|2
|
|move|p1a: Tyranitar|Fire Blast|p2a: Scizor
|-supereffective|p2a: Scizor
|-damage|p2a: Scizor|0 fnt
|faint|p2a: Scizor
|
|-weather|Sandstorm|[upkeep]
|c|âninito|got em
|
|switch|p2a: Gyarados|Gyarados, F|331\/331
|turn|3
|
|move|p2a: Gyarados|Dragon Dance|p2a: Gyarados
|-boost|p2a: Gyarados|atk|1
|-boost|p2a: Gyarados|spe|1
|move|p1a: Tyranitar|Stealth Rock|p2a: Gyarados
|-sidestart|p2: Johnny Tots|move: Stealth Rock
|
|-weather|Sandstorm|[upkeep]
|-damage|p2a: Gyarados|311\/331|[from] sandstorm
|turn|4
|
|move|p2a: Gyarados|Earthquake|p1a: Tyranitar
|-supereffective|p1a: Tyranitar
|-damage|p1a: Tyranitar|0 fnt
|faint|p1a: Tyranitar
|-boost|p2a: Gyarados|atk|1|[from] ability: Moxie
|
|-weather|Sandstorm|[upkeep]
|-damage|p2a: Gyarados|291\/331|[from] sandstorm
|
|switch|p1a: Excadrill|Excadrill, M|369\/369
|turn|5
|
|move|p1a: Excadrill|Rock Slide|p2a: Gyarados
|-supereffective|p2a: Gyarados
|-damage|p2a: Gyarados|0 fnt
|-damage|p1a: Excadrill|333\/369|[from] item: Life Orb
|faint|p2a: Gyarados
|
|-weather|none
|-message|Johnny Tots forfeited.
|
|win|ninito
|raw|Ladder updating...
|leave|Johnny Tots
|player|p2
|raw|ninito's rating: 1492 &rarr; <strong>1517<\/strong><br \/>(+25 for winning)
|raw|Johnny Tots's rating: 1589 &rarr; <strong>1563<\/strong><br \/>(-26 for losing)