|join|tele
|join|Johnny Tots
|player|p1|tele|167
|player|p2|Johnny Tots|266
|gametype|singles
|gen|6
|tier|OU
|rated
|clearpoke
|poke|p1|Jirachi
|poke|p1|Ferrothorn, F
|poke|p1|Rotom-Wash
|poke|p1|Keldeo
|poke|p1|Diancie
|poke|p1|Slowbro, F
|poke|p2|Dragonite, F
|poke|p2|Gyarados, M
|poke|p2|Landorus-Therian, M
|poke|p2|Charizard, M
|poke|p2|Thundurus-Therian, M
|poke|p2|Scizor, M
|rule|Swagger Clause: Swagger is banned
|rule|Baton Pass Clause: Limit one PokÃ©mon knowing Baton Pass
|rule|Sleep Clause Mod: Limit one foe put to sleep
|rule|Species Clause: Limit one of each PokÃ©mon
|rule|OHKO Clause: OHKO moves are banned
|rule|Moody Clause: Moody is banned
|rule|Evasion Moves Clause: Evasion moves are banned
|rule|Endless Battle Clause: Forcing endless battles is banned
|rule|HP Percentage Mod: HP is shown in percentages
|teampreview
|
|start
|switch|p1a: Slowbro|Slowbro, F|394\/394
|switch|p2a: Gyarados|Gyarados, M|331\/331
|turn|1
|
|switch|p1a: Rotom-Wash|Rotom-Wash|304\/304
|move|p2a: Gyarados|Dragon Dance|p2a: Gyarados
|-boost|p2a: Gyarados|atk|1
|-boost|p2a: Gyarados|spe|1
|
|turn|2
|
|switch|p2a: Thundurus-Therian|Thundurus-Therian, M|299\/299
|move|p1a: Rotom-Wash|Volt Switch|p2a: Thundurus-Therian
|-immune|p2a: Thundurus-Therian|[msg]
|
|turn|3
|
|move|p2a: Thundurus-Therian|Nasty Plot|p2a: Thundurus-Therian
|-boost|p2a: Thundurus-Therian|spa|2
|move|p1a: Rotom-Wash|Hydro Pump|p2a: Thundurus-Therian|[miss]
|-miss|p1a: Rotom-Wash|p2a: Thundurus-Therian
|
|turn|4
|
|move|p2a: Thundurus-Therian|Nasty Plot|p2a: Thundurus-Therian
|-boost|p2a: Thundurus-Therian|spa|2
|move|p1a: Rotom-Wash|Hydro Pump|p2a: Thundurus-Therian
|-damage|p2a: Thundurus-Therian|194\/299
|
|-heal|p2a: Thundurus-Therian|212\/299|[from] item: Leftovers
|turn|5
|
|move|p2a: Thundurus-Therian|Agility|p2a: Thundurus-Therian
|-boost|p2a: Thundurus-Therian|spe|2
|move|p1a: Rotom-Wash|Pain Split|p2a: Thundurus-Therian
|-sethp|p2a: Thundurus-Therian|258\/299|p1a: Rotom-Wash|258\/304|[from] move: Pain Split
|
|-heal|p2a: Thundurus-Therian|276\/299|[from] item: Leftovers
|-heal|p1a: Rotom-Wash|277\/304|[from] item: Leftovers
|turn|6
|join|uCan'tSeeMe
|
|move|p2a: Thundurus-Therian|Nasty Plot|p2a: Thundurus-Therian
|-boost|p2a: Thundurus-Therian|spa|2
|move|p1a: Rotom-Wash|Will-O-Wisp|p2a: Thundurus-Therian
|-status|p2a: Thundurus-Therian|brn
|
|-heal|p2a: Thundurus-Therian|294\/299 brn|[from] item: Leftovers
|-heal|p1a: Rotom-Wash|296\/304|[from] item: Leftovers
|-damage|p2a: Thundurus-Therian|257\/299 brn|[from] brn
|turn|7
|
|move|p2a: Thundurus-Therian|Thunderbolt|p1a: Rotom-Wash
|-damage|p1a: Rotom-Wash|0 fnt
|faint|p1a: Rotom-Wash
|
|-heal|p2a: Thundurus-Therian|275\/299 brn|[from] item: Leftovers
|-damage|p2a: Thundurus-Therian|238\/299 brn|[from] brn
|
|switch|p1a: Jirachi|Jirachi|404\/404
|turn|8
|
|move|p1a: Jirachi|Protect|p1a: Jirachi
|-singleturn|p1a: Jirachi|Protect
|move|p2a: Thundurus-Therian|Thunderbolt|p1a: Jirachi
|-activate|p1a: Jirachi|Protect
|
|-heal|p2a: Thundurus-Therian|256\/299 brn|[from] item: Leftovers
|-damage|p2a: Thundurus-Therian|219\/299 brn|[from] brn
|turn|9
|
|move|p2a: Thundurus-Therian|Thunderbolt|p1a: Jirachi
|-damage|p1a: Jirachi|0 fnt
|faint|p1a: Jirachi
|
|-heal|p2a: Thundurus-Therian|237\/299 brn|[from] item: Leftovers
|-damage|p2a: Thundurus-Therian|200\/299 brn|[from] brn
|-message|tele forfeited.
|
|win|Johnny Tots
|raw|Ladder updating...
|leave|tele
|player|p1
|raw|tele's rating: 1453 &rarr; <strong>1433<\/strong><br \/>(-20 for losing)
|raw|Johnny Tots's rating: 1463 &rarr; <strong>1483<\/strong><br \/>(+20 for winning)
|leave|Johnny Tots
|player|p2