|join|Johnny Tots
|join|TooJosh4U
|player|p1|Johnny Tots|101
|player|p2|TooJosh4U|250
|gametype|singles
|gen|6
|tier|OU
|rated
|clearpoke
|poke|p1|Dragonite, F
|poke|p1|Gyarados, M
|poke|p1|Landorus-Therian, M
|poke|p1|Charizard, M
|poke|p1|Thundurus-Therian, M
|poke|p1|Scizor, F
|poke|p2|Aggron, F
|poke|p2|Sableye, F
|poke|p2|Blissey, F
|poke|p2|Greninja, F
|poke|p2|Landorus-Therian, M
|poke|p2|Magnezone
|rule|Swagger Clause: Swagger is banned
|rule|Baton Pass Clause: Limit one PokÃ©mon knowing Baton Pass
|rule|Sleep Clause Mod: Limit one foe put to sleep
|rule|Species Clause: Limit one of each PokÃ©mon
|rule|OHKO Clause: OHKO moves are banned
|rule|Moody Clause: Moody is banned
|rule|Evasion Moves Clause: Evasion moves are banned
|rule|Endless Battle Clause: Forcing endless battles is banned
|rule|HP Percentage Mod: HP is shown in percentages
|teampreview
|
|start
|switch|p1a: Gyarados|Gyarados, M|331\/331
|switch|p2a: Aggron|Aggron, F|344\/344
|turn|1
|
|detailschange|p2a: Aggron|Aggron-Mega, F
|-mega|p2a: Aggron|Aggron|Aggronite
|move|p1a: Gyarados|Dragon Dance|p1a: Gyarados
|-boost|p1a: Gyarados|atk|1
|-boost|p1a: Gyarados|spe|1
|move|p2a: Aggron|Curse|p2a: Aggron
|-boost|p2a: Aggron|atk|1
|-boost|p2a: Aggron|def|1
|-unboost|p2a: Aggron|spe|1
|
|turn|2
|
|move|p1a: Gyarados|Taunt|p2a: Aggron
|-start|p2a: Aggron|move: Taunt
|move|p2a: Aggron|Stone Edge|p1a: Gyarados
|-supereffective|p1a: Gyarados
|-damage|p1a: Gyarados|0 fnt
|faint|p1a: Gyarados
|
|
|switch|p1a: Landorus-Therian|Landorus-Therian, M|319\/319
|-ability|p1a: Landorus-Therian|Intimidate|[of] p2a: Aggron
|-unboost|p2a: Aggron|atk|1
|turn|3
|
|move|p1a: Landorus-Therian|Swords Dance|p1a: Landorus-Therian
|-boost|p1a: Landorus-Therian|atk|2
|move|p2a: Aggron|Heavy Slam|p1a: Landorus-Therian
|-damage|p1a: Landorus-Therian|153\/319
|
|-heal|p1a: Landorus-Therian|172\/319|[from] item: Leftovers
|turn|4
|
|move|p1a: Landorus-Therian|Earthquake|p2a: Aggron
|-supereffective|p2a: Aggron
|-damage|p2a: Aggron|203\/344
|move|p2a: Aggron|Heavy Slam|p1a: Landorus-Therian
|-damage|p1a: Landorus-Therian|24\/319
|
|-heal|p1a: Landorus-Therian|43\/319|[from] item: Leftovers
|-end|p2a: Aggron|move: Taunt
|turn|5
|
|switch|p2a: Landorus-Therian|Landorus-Therian, M|319\/319
|-ability|p2a: Landorus-Therian|Intimidate|[of] p1a: Landorus-Therian
|-unboost|p1a: Landorus-Therian|atk|1
|move|p1a: Landorus-Therian|Earthquake|p2a: Landorus-Therian
|-immune|p2a: Landorus-Therian|[msg]
|
|-heal|p1a: Landorus-Therian|62\/319|[from] item: Leftovers
|turn|6
|c|âTooJosh4U|Mega-Aggron is a monster lol
|
|move|p2a: Landorus-Therian|Stone Edge|p1a: Landorus-Therian
|-damage|p1a: Landorus-Therian|0 fnt
|faint|p1a: Landorus-Therian
|
|c|âJohnny Tots|haha i kno
|
|switch|p1a: Dragonite|Dragonite, F|323\/323
|turn|7
|
|move|p2a: Landorus-Therian|Stone Edge|p1a: Dragonite
|-supereffective|p1a: Dragonite
|-damage|p1a: Dragonite|187\/323
|move|p1a: Dragonite|Dragon Dance|p1a: Dragonite
|-boost|p1a: Dragonite|atk|1
|-boost|p1a: Dragonite|spe|1
|
|turn|8
|
|move|p2a: Landorus-Therian|Stone Edge|p1a: Dragonite
|-supereffective|p1a: Dragonite
|-damage|p1a: Dragonite|0 fnt
|faint|p1a: Dragonite
|
|
|switch|p1a: Scizor|Scizor, F|281\/281
|turn|9
|
|switch|p2a: Magnezone|Magnezone|281\/281
|move|p1a: Scizor|Bullet Punch|p2a: Magnezone
|-resisted|p2a: Magnezone
|-damage|p2a: Magnezone|263\/281
|
|turn|10
|
|move|p1a: Scizor|Bullet Punch|p2a: Magnezone
|-resisted|p2a: Magnezone
|-damage|p2a: Magnezone|243\/281
|move|p2a: Magnezone|Hidden Power|p1a: Scizor
|-supereffective|p1a: Scizor
|-damage|p1a: Scizor|0 fnt
|-damage|p2a: Magnezone|215\/281|[from] item: Life Orb
|faint|p1a: Scizor
|
|c|âJohnny Tots|one chance at this
|
|switch|p1a: Thundurus-Therian|Thundurus-Therian, M|299\/299
|turn|11
|
|move|p1a: Thundurus-Therian|Agility|p1a: Thundurus-Therian
|-boost|p1a: Thundurus-Therian|spe|2
|move|p2a: Magnezone|Discharge|p1a: Thundurus-Therian
|-immune|p1a: Thundurus-Therian|[msg]
|
|turn|12
|
|switch|p2a: Blissey|Blissey, F|714\/714
|move|p1a: Thundurus-Therian|Nasty Plot|p1a: Thundurus-Therian
|-boost|p1a: Thundurus-Therian|spa|2
|
|turn|13
|c|âJohnny Tots|really?
|c|âTooJosh4U|I was being dumb for a minute xD
|c|âJohnny Tots|haha
|c|âJohnny Tots|might of cost ya
|
|move|p1a: Thundurus-Therian|Nasty Plot|p1a: Thundurus-Therian
|-boost|p1a: Thundurus-Therian|spa|2
|move|p2a: Blissey|Toxic|p1a: Thundurus-Therian|[miss]
|-miss|p2a: Blissey|p1a: Thundurus-Therian
|
|turn|14
|c|âTooJosh4U|no lol
|
|move|p1a: Thundurus-Therian|Thunderbolt|p2a: Blissey
|-damage|p2a: Blissey|446\/714
|move|p2a: Blissey|Toxic|p1a: Thundurus-Therian
|-status|p1a: Thundurus-Therian|tox
|
|-heal|p2a: Blissey|490\/714|[from] item: Leftovers
|-damage|p1a: Thundurus-Therian|281\/299 tox|[from] psn
|turn|15
|c|âTooJosh4U|Even x4, this is full special defense invest blissey xD
|c|âJohnny Tots|nice
|
|move|p1a: Thundurus-Therian|Nasty Plot|p1a: Thundurus-Therian
|-boost|p1a: Thundurus-Therian|spa|2
|move|p2a: Blissey|Wish|p2a: Blissey
|
|-heal|p1a: Thundurus-Therian|299\/299 tox|[from] item: Leftovers
|-heal|p2a: Blissey|534\/714|[from] item: Leftovers
|-damage|p1a: Thundurus-Therian|263\/299 tox|[from] psn
|turn|16
|
|move|p2a: Blissey|Protect|p2a: Blissey
|-singleturn|p2a: Blissey|Protect
|move|p1a: Thundurus-Therian|Thunderbolt|p2a: Blissey
|-activate|p2a: Blissey|Protect
|
|-heal|p2a: Blissey|714\/714|[from] move: Wish|[wisher] Blissey
|-heal|p1a: Thundurus-Therian|281\/299 tox|[from] item: Leftovers
|-damage|p1a: Thundurus-Therian|227\/299 tox|[from] psn
|turn|17
|c|âTooJosh4U|Not a lot else to run opposite of Mega Aggron
|c|âJohnny Tots|true
|
|switch|p2a: Landorus-Therian|Landorus-Therian, M|319\/319
|-ability|p2a: Landorus-Therian|Intimidate|[of] p1a: Thundurus-Therian
|-unboost|p1a: Thundurus-Therian|atk|1
|move|p1a: Thundurus-Therian|Thunderbolt|p2a: Landorus-Therian
|-immune|p2a: Landorus-Therian|[msg]
|
|-heal|p1a: Thundurus-Therian|245\/299 tox|[from] item: Leftovers
|-damage|p1a: Thundurus-Therian|173\/299 tox|[from] psn
|turn|18
|
|switch|p2a: Blissey|Blissey, F|714\/714
|move|p1a: Thundurus-Therian|Hidden Power|p2a: Blissey
|-crit|p2a: Blissey
|-damage|p2a: Blissey|466\/714
|
|-heal|p1a: Thundurus-Therian|191\/299 tox|[from] item: Leftovers
|-heal|p2a: Blissey|510\/714|[from] item: Leftovers
|-damage|p1a: Thundurus-Therian|101\/299 tox|[from] psn
|turn|19
|
|move|p2a: Blissey|Protect|p2a: Blissey
|-singleturn|p2a: Blissey|Protect
|move|p1a: Thundurus-Therian|Thunderbolt|p2a: Blissey
|-activate|p2a: Blissey|Protect
|
|-heal|p1a: Thundurus-Therian|119\/299 tox|[from] item: Leftovers
|-heal|p2a: Blissey|554\/714|[from] item: Leftovers
|-damage|p1a: Thundurus-Therian|11\/299 tox|[from] psn
|turn|20
|
|move|p1a: Thundurus-Therian|Hidden Power|p2a: Blissey
|-damage|p2a: Blissey|395\/714
|move|p2a: Blissey|Wish|p2a: Blissey
|
|-heal|p1a: Thundurus-Therian|29\/299 tox|[from] item: Leftovers
|-heal|p2a: Blissey|439\/714|[from] item: Leftovers
|-damage|p1a: Thundurus-Therian|0 fnt|[from] psn
|faint|p1a: Thundurus-Therian
|
|switch|p1a: Charizard|Charizard, M|297\/297
|turn|21
|
|move|p1a: Charizard|Dragon Dance|p1a: Charizard
|-boost|p1a: Charizard|atk|1
|-boost|p1a: Charizard|spe|1
|move|p2a: Blissey|Toxic|p1a: Charizard
|-status|p1a: Charizard|tox
|
|-heal|p2a: Blissey|714\/714|[from] move: Wish|[wisher] Blissey
|-damage|p1a: Charizard|279\/297 tox|[from] psn
|turn|22
|c|âTooJosh4U|please don't forfeit I wanna use this replay lol
|c|âJohnny Tots|haha for what
|
|move|p1a: Charizard|Dragon Dance|p1a: Charizard
|-boost|p1a: Charizard|atk|1
|-boost|p1a: Charizard|spe|1
|move|p2a: Blissey|Wish|p2a: Blissey
|
|-damage|p1a: Charizard|243\/297 tox|[from] psn
|turn|23
|
|switch|p2a: Aggron|Aggron-Mega, F|203\/344
|move|p1a: Charizard|Dragon Dance|p1a: Charizard
|-boost|p1a: Charizard|atk|1
|-boost|p1a: Charizard|spe|1
|
|-heal|p2a: Aggron|344\/344|[from] move: Wish|[wisher] Blissey
|-damage|p1a: Charizard|189\/297 tox|[from] psn
|turn|24
|c|âTooJosh4U|When I do my team post for my friends to make remarks on how the team does, I use a few good sweeps and some bad losses
|
|detailschange|p1a: Charizard|Charizard-Mega-X, M
|-mega|p1a: Charizard|Charizard|Charizardite X
|move|p1a: Charizard|Dragon Claw|p2a: Aggron
|-resisted|p2a: Aggron
|-damage|p2a: Aggron|251\/344
|move|p2a: Aggron|Stone Edge|p1a: Charizard
|-supereffective|p1a: Charizard
|-damage|p1a: Charizard|29\/297 tox
|
|-damage|p1a: Charizard|0 fnt|[from] psn
|faint|p1a: Charizard
|
|win|TooJosh4U
|raw|Ladder updating...
|raw|Johnny Tots's rating: 1661 &rarr; <strong>1634<\/strong><br \/>(-27 for losing)
|raw|TooJosh4U's rating: 1535 &rarr; <strong>1562<\/strong><br \/>(+27 for winning)
|c|âTooJosh4U|614 def  :]
|leave|Johnny Tots
|player|p1