|join|EdJarAbu
|join|Johnny Tots
|player|p1|EdJarAbu|2
|player|p2|Johnny Tots|266
|gametype|singles
|gen|6
|tier|OU
|rated
|clearpoke
|poke|p1|Scolipede, F
|poke|p1|Landorus-Therian, M
|poke|p1|Rotom-Wash
|poke|p1|Garchomp, F
|poke|p1|Pinsir, F
|poke|p1|Espeon, F
|poke|p2|Dragonite, M
|poke|p2|Gyarados, M
|poke|p2|Landorus-Therian, M
|poke|p2|Charizard, M
|poke|p2|Thundurus-Therian, M
|poke|p2|Scizor, F
|rule|Swagger Clause: Swagger is banned
|rule|Baton Pass Clause: Limit one PokÃ©mon knowing Baton Pass
|rule|Sleep Clause Mod: Limit one foe put to sleep
|rule|Species Clause: Limit one of each PokÃ©mon
|rule|OHKO Clause: OHKO moves are banned
|rule|Moody Clause: Moody is banned
|rule|Evasion Moves Clause: Evasion moves are banned
|rule|Endless Battle Clause: Forcing endless battles is banned
|rule|HP Percentage Mod: HP is shown in percentages
|teampreview
|
|start
|switch|p1a: Garchomp|Garchomp, F|358\/358
|switch|p2a: Gyarados|Gyarados, M|331\/331
|turn|1
|
|move|p1a: Garchomp|Swords Dance|p1a: Garchomp
|-boost|p1a: Garchomp|atk|2
|move|p2a: Gyarados|Dragon Dance|p2a: Gyarados
|-boost|p2a: Gyarados|atk|1
|-boost|p2a: Gyarados|spe|1
|
|turn|2
|
|move|p2a: Gyarados|Ice Fang|p1a: Garchomp
|-crit|p1a: Garchomp
|-supereffective|p1a: Garchomp
|-damage|p1a: Garchomp|0 fnt
|-damage|p2a: Gyarados|290\/331|[from] ability: Rough Skin|[of] p1a: Garchomp
|-damage|p2a: Gyarados|235\/331|[from] item: Rocky Helmet|[of] p1a: Garchomp
|faint|p1a: Garchomp
|-boost|p2a: Gyarados|atk|1|[from] ability: Moxie
|
|
|switch|p1a: Rotom-Wash|Rotom-Wash|304\/304
|turn|3
|c|âJohnny Tots|really?
|
|switch|p2a: Thundurus-Therian|Thundurus-Therian, M|299\/299
|move|p1a: Rotom-Wash|Will-O-Wisp|p2a: Thundurus-Therian
|-status|p2a: Thundurus-Therian|brn
|
|-damage|p2a: Thundurus-Therian|262\/299 brn|[from] brn
|turn|4
|
|switch|p1a: Landorus-Therian|Landorus-Therian, M|320\/320
|-ability|p1a: Landorus-Therian|Intimidate|[of] p2a: Thundurus-Therian
|-unboost|p2a: Thundurus-Therian|atk|1
|move|p2a: Thundurus-Therian|Agility|p2a: Thundurus-Therian
|-boost|p2a: Thundurus-Therian|spe|2
|
|-heal|p2a: Thundurus-Therian|280\/299 brn|[from] item: Leftovers
|-damage|p2a: Thundurus-Therian|243\/299 brn|[from] brn
|turn|5
|
|move|p2a: Thundurus-Therian|Hidden Power|p1a: Landorus-Therian
|-supereffective|p1a: Landorus-Therian
|-damage|p1a: Landorus-Therian|0 fnt
|faint|p1a: Landorus-Therian
|
|-heal|p2a: Thundurus-Therian|261\/299 brn|[from] item: Leftovers
|-damage|p2a: Thundurus-Therian|224\/299 brn|[from] brn
|
|switch|p1a: Rotom-Wash|Rotom-Wash|304\/304
|turn|6
|
|move|p2a: Thundurus-Therian|Nasty Plot|p2a: Thundurus-Therian
|-boost|p2a: Thundurus-Therian|spa|2
|move|p1a: Rotom-Wash|Hydro Pump|p2a: Thundurus-Therian
|-damage|p2a: Thundurus-Therian|103\/299 brn
|
|-heal|p2a: Thundurus-Therian|121\/299 brn|[from] item: Leftovers
|-damage|p2a: Thundurus-Therian|84\/299 brn|[from] brn
|turn|7
|
|move|p2a: Thundurus-Therian|Thunderbolt|p1a: Rotom-Wash
|-damage|p1a: Rotom-Wash|61\/304
|move|p1a: Rotom-Wash|Hydro Pump|p2a: Thundurus-Therian
|-damage|p2a: Thundurus-Therian|0 fnt
|faint|p2a: Thundurus-Therian
|
|-heal|p1a: Rotom-Wash|80\/304|[from] item: Leftovers
|
|switch|p2a: Dragonite|Dragonite, M|323\/323
|turn|8
|
|move|p2a: Dragonite|Dragon Dance|p2a: Dragonite
|-boost|p2a: Dragonite|atk|1
|-boost|p2a: Dragonite|spe|1
|move|p1a: Rotom-Wash|Will-O-Wisp|p2a: Dragonite
|-status|p2a: Dragonite|brn
|-enditem|p2a: Dragonite|Lum Berry|[eat]
|-curestatus|p2a: Dragonite|brn
|
|-heal|p1a: Rotom-Wash|99\/304|[from] item: Leftovers
|turn|9
|
|move|p2a: Dragonite|Thunder Punch|p1a: Rotom-Wash
|-damage|p1a: Rotom-Wash|0 fnt
|faint|p1a: Rotom-Wash
|
|
|switch|p1a: Pinsir|Pinsir, F|271\/271
|turn|10
|
|detailschange|p1a: Pinsir|Pinsir-Mega, F
|message|Pinsir has Mega Evolved into Mega Pinsir!
|move|p2a: Dragonite|Dragon Dance|p2a: Dragonite
|-boost|p2a: Dragonite|atk|1
|-boost|p2a: Dragonite|spe|1
|move|p1a: Pinsir|Return|p2a: Dragonite
|-damage|p2a: Dragonite|185\/323
|
|turn|11
|
|move|p1a: Pinsir|Feint|p2a: Dragonite
|-damage|p2a: Dragonite|97\/323
|move|p2a: Dragonite|Thunder Punch|p1a: Pinsir
|-supereffective|p1a: Pinsir
|-damage|p1a: Pinsir|0 fnt
|faint|p1a: Pinsir
|
|
|switch|p1a: Scolipede|Scolipede, F|323\/323
|turn|12
|
|move|p1a: Scolipede|Protect|p1a: Scolipede
|-singleturn|p1a: Scolipede|Protect
|move|p2a: Dragonite|Earthquake|p1a: Scolipede
|-activate|p1a: Scolipede|Protect
|
|-boost|p1a: Scolipede|spe|1|[from] ability: Speed Boost
|turn|13
|
|move|p2a: Dragonite|Earthquake|p1a: Scolipede
|-damage|p1a: Scolipede|117\/323
|move|p1a: Scolipede|Iron Defense|p1a: Scolipede
|-boost|p1a: Scolipede|def|2
|
|-heal|p1a: Scolipede|137\/323|[from] item: Black Sludge
|-boost|p1a: Scolipede|spe|1|[from] ability: Speed Boost
|turn|14
|
|move|p1a: Scolipede|Protect|p1a: Scolipede
|-singleturn|p1a: Scolipede|Protect
|move|p2a: Dragonite|Dragon Dance|p2a: Dragonite
|-boost|p2a: Dragonite|atk|1
|-boost|p2a: Dragonite|spe|1
|
|-heal|p1a: Scolipede|157\/323|[from] item: Black Sludge
|-boost|p1a: Scolipede|spe|1|[from] ability: Speed Boost
|turn|15
|
|move|p1a: Scolipede|Iron Defense|p1a: Scolipede
|-boost|p1a: Scolipede|def|2
|move|p2a: Dragonite|Earthquake|p1a: Scolipede
|-damage|p1a: Scolipede|71\/323
|
|-heal|p1a: Scolipede|91\/323|[from] item: Black Sludge
|-boost|p1a: Scolipede|spe|1|[from] ability: Speed Boost
|turn|16
|
|move|p1a: Scolipede|Iron Defense|p1a: Scolipede
|-boost|p1a: Scolipede|def|2
|move|p2a: Dragonite|Dragon Dance|p2a: Dragonite
|-boost|p2a: Dragonite|atk|1
|-boost|p2a: Dragonite|spe|1
|
|-heal|p1a: Scolipede|111\/323|[from] item: Black Sludge
|-boost|p1a: Scolipede|spe|1|[from] ability: Speed Boost
|turn|17
|
|move|p1a: Scolipede|Baton Pass|p1a: Scolipede
|
|switch|p1a: Espeon|Espeon, F|334\/334
|move|p2a: Dragonite|Ice Punch|p1a: Espeon
|-damage|p1a: Espeon|220\/334
|
|-heal|p1a: Espeon|240\/334|[from] item: Leftovers
|turn|18
|
|move|p1a: Espeon|Stored Power|p2a: Dragonite
|-damage|p2a: Dragonite|0 fnt
|faint|p2a: Dragonite
|
|-heal|p1a: Espeon|260\/334|[from] item: Leftovers
|c|âJohnny Tots|so lucky
|
|switch|p2a: Scizor|Scizor, F|281\/281
|turn|19
|
|move|p1a: Espeon|Stored Power|p2a: Scizor
|-resisted|p2a: Scizor
|-damage|p2a: Scizor|146\/281
|move|p2a: Scizor|Swords Dance|p2a: Scizor
|-boost|p2a: Scizor|atk|2
|
|-heal|p1a: Espeon|280\/334|[from] item: Leftovers
|-heal|p2a: Scizor|163\/281|[from] item: Leftovers
|turn|20
|
|move|p2a: Scizor|Bullet Punch|p1a: Espeon
|-damage|p1a: Espeon|216\/334
|move|p1a: Espeon|Stored Power|p2a: Scizor
|-resisted|p2a: Scizor
|-damage|p2a: Scizor|17\/281
|
|-heal|p1a: Espeon|236\/334|[from] item: Leftovers
|-heal|p2a: Scizor|34\/281|[from] item: Leftovers
|turn|21
|
|move|p2a: Scizor|Bullet Punch|p1a: Espeon
|-damage|p1a: Espeon|164\/334
|move|p1a: Espeon|Stored Power|p2a: Scizor
|-resisted|p2a: Scizor
|-damage|p2a: Scizor|0 fnt
|faint|p2a: Scizor
|
|-heal|p1a: Espeon|184\/334|[from] item: Leftovers
|
|switch|p2a: Charizard|Charizard, M|297\/297
|turn|22
|
|detailschange|p2a: Charizard|Charizard-Mega-X, M
|message|Charizard has Mega Evolved into Mega Charizard!
|move|p1a: Espeon|Morning Sun|p1a: Espeon
|-heal|p1a: Espeon|334\/334
|move|p2a: Charizard|Flare Blitz|p1a: Espeon
|-damage|p1a: Espeon|219\/334
|-damage|p2a: Charizard|259\/297|[from] recoil|[of] p1a: Espeon
|
|-heal|p1a: Espeon|239\/334|[from] item: Leftovers
|turn|23
|
|move|p1a: Espeon|Stored Power|p2a: Charizard
|-damage|p2a: Charizard|0 fnt
|faint|p2a: Charizard
|
|-heal|p1a: Espeon|259\/334|[from] item: Leftovers
|-message|Johnny Tots forfeited.
|
|win|EdJarAbu
|raw|Ladder updating...
|leave|Johnny Tots
|player|p2
|raw|EdJarAbu's rating: 1732 &rarr; <strong>1749<\/strong><br \/>(+17 for winning)
|raw|Johnny Tots's rating: 1680 &rarr; <strong>1663<\/strong><br \/>(-17 for losing)