|join|johnny tots
|join|FlashyZoey
|player|p1|johnny tots|1
|player|p2|FlashyZoey|33
|gametype|singles
|gen|6
|tier|OU
|rated
|clearpoke
|poke|p1|Dragonite, M
|poke|p1|Gyarados, F
|poke|p1|Landorus-Therian, M
|poke|p1|Charizard, M
|poke|p1|Thundurus-Therian, M
|poke|p1|Scizor, F
|poke|p2|Excadrill, F
|poke|p2|Manectric, F
|poke|p2|Celebi
|poke|p2|Manaphy
|poke|p2|Talonflame, M
|poke|p2|Tyranitar, M
|rule|Swagger Clause: Swagger is banned
|rule|Baton Pass Clause: Limit one PokÃ©mon knowing Baton Pass
|rule|Sleep Clause Mod: Limit one foe put to sleep
|rule|Species Clause: Limit one of each PokÃ©mon
|rule|OHKO Clause: OHKO moves are banned
|rule|Moody Clause: Moody is banned
|rule|Evasion Moves Clause: Evasion moves are banned
|rule|Endless Battle Clause: Forcing endless battles is banned
|rule|HP Percentage Mod: HP is shown in percentages
|teampreview
|
|start
|switch|p1a: Charizard|Charizard, M|297\/297
|switch|p2a: Manectric|Manectric, F|281\/281
|turn|1
|
|detailschange|p2a: Manectric|Manectric-Mega, F
|message|Manectric has Mega Evolved into Mega Manectric!
|-ability|p2a: Manectric|Intimidate|[of] p1a: Charizard
|-unboost|p1a: Charizard|atk|1
|detailschange|p1a: Charizard|Charizard-Mega-X, M
|message|Charizard has Mega Evolved into Mega Charizard!
|move|p2a: Manectric|Volt Switch|p1a: Charizard
|-resisted|p1a: Charizard
|-damage|p1a: Charizard|220\/297
|
|switch|p2a: Tyranitar|Tyranitar, M|341\/341
|-weather|Sandstorm
|move|p1a: Charizard|Flare Blitz|p2a: Tyranitar
|-resisted|p2a: Tyranitar
|-damage|p2a: Tyranitar|252\/341
|-damage|p1a: Charizard|191\/297|[from] recoil|[of] p2a: Tyranitar
|
|-weather|Sandstorm|[upkeep]
|-damage|p1a: Charizard|173\/297|[from] sandstorm
|turn|2
|
|switch|p2a: Manaphy|Manaphy|400\/400
|switch|p1a: Landorus-Therian|Landorus-Therian, M|319\/319
|-ability|p1a: Landorus-Therian|Intimidate|[of] p2a: Manaphy
|-unboost|p2a: Manaphy|atk|1
|
|-weather|Sandstorm|[upkeep]
|-damage|p2a: Manaphy|375\/400|[from] sandstorm
|-heal|p2a: Manaphy|400\/400|[from] item: Leftovers
|turn|3
|
|switch|p1a: Thundurus-Therian|Thundurus-Therian, M|299\/299
|move|p2a: Manaphy|Tail Glow|p2a: Manaphy
|-boost|p2a: Manaphy|spa|3
|
|-weather|Sandstorm|[upkeep]
|-damage|p1a: Thundurus-Therian|281\/299|[from] sandstorm
|-damage|p2a: Manaphy|375\/400|[from] sandstorm
|-heal|p1a: Thundurus-Therian|299\/299|[from] item: Leftovers
|-heal|p2a: Manaphy|400\/400|[from] item: Leftovers
|turn|4
|
|move|p1a: Thundurus-Therian|Nasty Plot|p1a: Thundurus-Therian
|-boost|p1a: Thundurus-Therian|spa|2
|move|p2a: Manaphy|Scald|p1a: Thundurus-Therian
|-damage|p1a: Thundurus-Therian|92\/299
|-status|p1a: Thundurus-Therian|brn
|
|-weather|Sandstorm|[upkeep]
|-damage|p1a: Thundurus-Therian|74\/299 brn|[from] sandstorm
|-damage|p2a: Manaphy|375\/400|[from] sandstorm
|-heal|p1a: Thundurus-Therian|92\/299 brn|[from] item: Leftovers
|-heal|p2a: Manaphy|400\/400|[from] item: Leftovers
|-damage|p1a: Thundurus-Therian|55\/299 brn|[from] brn
|turn|5
|
|switch|p2a: Celebi|Celebi|404\/404
|move|p1a: Thundurus-Therian|Hidden Power|p2a: Celebi
|-supereffective|p2a: Celebi
|-damage|p2a: Celebi|170\/404
|
|-weather|none
|-heal|p1a: Thundurus-Therian|73\/299 brn|[from] item: Leftovers
|-heal|p2a: Celebi|195\/404|[from] item: Leftovers
|-damage|p1a: Thundurus-Therian|36\/299 brn|[from] brn
|turn|6
|
|move|p1a: Thundurus-Therian|Thunderbolt|p2a: Celebi
|-resisted|p2a: Celebi
|-damage|p2a: Celebi|75\/404
|-status|p2a: Celebi|par
|move|p2a: Celebi|Recover|p2a: Celebi
|-heal|p2a: Celebi|277\/404 par
|
|-heal|p1a: Thundurus-Therian|54\/299 brn|[from] item: Leftovers
|-heal|p2a: Celebi|302\/404 par|[from] item: Leftovers
|-damage|p1a: Thundurus-Therian|17\/299 brn|[from] brn
|turn|7
|
|move|p1a: Thundurus-Therian|Hidden Power|p2a: Celebi
|-supereffective|p2a: Celebi
|-damage|p2a: Celebi|80\/404 par
|move|p2a: Celebi|Recover|p2a: Celebi
|-heal|p2a: Celebi|282\/404 par
|
|-heal|p1a: Thundurus-Therian|35\/299 brn|[from] item: Leftovers
|-heal|p2a: Celebi|307\/404 par|[from] item: Leftovers
|-damage|p1a: Thundurus-Therian|0 fnt|[from] brn
|faint|p1a: Thundurus-Therian
|
|switch|p1a: Dragonite|Dragonite, M|323\/323
|turn|8
|
|move|p1a: Dragonite|Dragon Dance|p1a: Dragonite
|-boost|p1a: Dragonite|atk|1
|-boost|p1a: Dragonite|spe|1
|move|p2a: Celebi|Perish Song|p2a: Celebi
|-fieldactivate|move: Perish Song
|
|-start|p1a: Dragonite|perish3
|-start|p2a: Celebi|perish3
|-heal|p2a: Celebi|332\/404 par|[from] item: Leftovers
|turn|9
|
|move|p1a: Dragonite|Ice Punch|p2a: Celebi
|-supereffective|p2a: Celebi
|-damage|p2a: Celebi|42\/404 par
|cant|p2a: Celebi|par
|
|-start|p1a: Dragonite|perish2
|-start|p2a: Celebi|perish2
|-heal|p2a: Celebi|67\/404 par|[from] item: Leftovers
|turn|10
|
|move|p1a: Dragonite|Ice Punch|p2a: Celebi
|-supereffective|p2a: Celebi
|-damage|p2a: Celebi|0 fnt
|faint|p2a: Celebi
|
|-start|p1a: Dragonite|perish1
|
|switch|p2a: Manectric|Manectric-Mega, F|281\/281
|-ability|p2a: Manectric|Intimidate|[of] p1a: Dragonite
|-unboost|p1a: Dragonite|atk|1
|turn|11
|
|switch|p2a: Manaphy|Manaphy|400\/400
|move|p1a: Dragonite|Earthquake|p2a: Manaphy
|-damage|p2a: Manaphy|295\/400
|
|-start|p1a: Dragonite|perish0
|-heal|p2a: Manaphy|320\/400|[from] item: Leftovers
|faint|p1a: Dragonite
|
|switch|p1a: Charizard|Charizard-Mega-X, M|173\/297
|turn|12
|
|switch|p2a: Tyranitar|Tyranitar, M|252\/341
|-weather|Sandstorm
|move|p1a: Charizard|Dragon Dance|p1a: Charizard
|-boost|p1a: Charizard|atk|1
|-boost|p1a: Charizard|spe|1
|
|-weather|Sandstorm|[upkeep]
|-damage|p1a: Charizard|155\/297|[from] sandstorm
|turn|13
|
|switch|p2a: Talonflame|Talonflame, M|352\/352
|move|p1a: Charizard|Earthquake|p2a: Talonflame
|-immune|p2a: Talonflame|[msg]
|
|-weather|Sandstorm|[upkeep]
|-damage|p1a: Charizard|137\/297|[from] sandstorm
|-damage|p2a: Talonflame|330\/352|[from] sandstorm
|-heal|p2a: Talonflame|352\/352|[from] item: Leftovers
|turn|14
|
|move|p2a: Talonflame|Brave Bird|p1a: Charizard
|-damage|p1a: Charizard|46\/297
|-damage|p2a: Talonflame|322\/352|[from] recoil|[of] p1a: Charizard
|move|p1a: Charizard|Dragon Claw|p2a: Talonflame
|-damage|p2a: Talonflame|0 fnt
|faint|p2a: Talonflame
|
|-weather|Sandstorm|[upkeep]
|-damage|p1a: Charizard|28\/297|[from] sandstorm
|
|switch|p2a: Excadrill|Excadrill, F|362\/362
|turn|15
|
|move|p2a: Excadrill|Iron Head|p1a: Charizard
|-resisted|p1a: Charizard
|-damage|p1a: Charizard|0 fnt
|-damage|p2a: Excadrill|326\/362|[from] item: Life Orb
|faint|p1a: Charizard
|
|-weather|Sandstorm|[upkeep]
|
|switch|p1a: Landorus-Therian|Landorus-Therian, M|319\/319
|-ability|p1a: Landorus-Therian|Intimidate|[of] p2a: Excadrill
|-unboost|p2a: Excadrill|atk|1
|turn|16
|
|switch|p2a: Manaphy|Manaphy|320\/400
|move|p1a: Landorus-Therian|Swords Dance|p1a: Landorus-Therian
|-boost|p1a: Landorus-Therian|atk|2
|
|-weather|none
|-heal|p2a: Manaphy|345\/400|[from] item: Leftovers
|turn|17
|
|move|p1a: Landorus-Therian|Earthquake|p2a: Manaphy
|-damage|p2a: Manaphy|51\/400
|move|p2a: Manaphy|Scald|p1a: Landorus-Therian
|-supereffective|p1a: Landorus-Therian
|-damage|p1a: Landorus-Therian|83\/319
|-status|p1a: Landorus-Therian|brn
|
|-heal|p1a: Landorus-Therian|102\/319 brn|[from] item: Leftovers
|-heal|p2a: Manaphy|76\/400|[from] item: Leftovers
|-damage|p1a: Landorus-Therian|63\/319 brn|[from] brn
|turn|18
|
|switch|p1a: Gyarados|Gyarados, F|331\/331
|move|p2a: Manaphy|Scald|p1a: Gyarados
|-resisted|p1a: Gyarados
|-damage|p1a: Gyarados|283\/331
|
|-heal|p2a: Manaphy|101\/400|[from] item: Leftovers
|turn|19
|
|switch|p2a: Tyranitar|Tyranitar, M|252\/341
|-weather|Sandstorm
|move|p1a: Gyarados|Dragon Dance|p1a: Gyarados
|-boost|p1a: Gyarados|atk|1
|-boost|p1a: Gyarados|spe|1
|
|-weather|Sandstorm|[upkeep]
|-damage|p1a: Gyarados|263\/331|[from] sandstorm
|turn|20
|
|move|p1a: Gyarados|Earthquake|p2a: Tyranitar
|-supereffective|p2a: Tyranitar
|-damage|p2a: Tyranitar|0 fnt
|faint|p2a: Tyranitar
|-boost|p1a: Gyarados|atk|1|[from] ability: Moxie
|
|-weather|Sandstorm|[upkeep]
|-damage|p1a: Gyarados|243\/331|[from] sandstorm
|
|switch|p2a: Excadrill|Excadrill, F|326\/362
|turn|21
|
|switch|p1a: Landorus-Therian|Landorus-Therian, M|63\/319 brn
|-ability|p1a: Landorus-Therian|Intimidate|[of] p2a: Excadrill
|-unboost|p2a: Excadrill|atk|1
|move|p2a: Excadrill|Rock Slide|p1a: Landorus-Therian
|-damage|p1a: Landorus-Therian|0 fnt
|-damage|p2a: Excadrill|290\/362|[from] item: Life Orb
|faint|p1a: Landorus-Therian
|
|-weather|Sandstorm|[upkeep]
|
|switch|p1a: Gyarados|Gyarados, F|243\/331
|turn|22
|
|move|p2a: Excadrill|Rock Slide|p1a: Gyarados
|-supereffective|p1a: Gyarados
|-damage|p1a: Gyarados|56\/331
|-damage|p2a: Excadrill|254\/362|[from] item: Life Orb
|cant|p1a: Gyarados|flinch
|
|-weather|Sandstorm|[upkeep]
|-damage|p1a: Gyarados|36\/331|[from] sandstorm
|turn|23
|-message|johnny tots forfeited.
|
|win|FlashyZoey
|raw|Ladder updating...
|leave|johnny tots
|player|p1