|join|Chocolove
|join|johnny tots
|player|p1|Chocolove|3
|player|p2|johnny tots|102
|gametype|singles
|gen|6
|tier|OU
|rated
|clearpoke
|poke|p1|Hawlucha, F
|poke|p1|Heatran, F
|poke|p1|Zapdos
|poke|p1|Azumarill, M
|poke|p1|Mew
|poke|p1|Salamence, F
|poke|p2|Dragonite, F
|poke|p2|Gyarados, M
|poke|p2|Landorus-Therian, M
|poke|p2|Charizard, F
|poke|p2|Thundurus-Therian, M
|poke|p2|Scizor, F
|rule|Swagger Clause: Swagger is banned
|rule|Baton Pass Clause: Limit one PokÃ©mon knowing Baton Pass
|rule|Sleep Clause Mod: Limit one foe put to sleep
|rule|Species Clause: Limit one of each PokÃ©mon
|rule|OHKO Clause: OHKO moves are banned
|rule|Moody Clause: Moody is banned
|rule|Evasion Moves Clause: Evasion moves are banned
|rule|Endless Battle Clause: Forcing endless battles is banned
|rule|HP Percentage Mod: HP is shown in percentages
|teampreview
|
|start
|switch|p1a: Enter the status|Mew|404\/404
|switch|p2a: Gyarados|Gyarados, M|331\/331
|turn|1
|
|move|p1a: Enter the status|Will-O-Wisp|p2a: Gyarados
|-status|p2a: Gyarados|brn
|-enditem|p2a: Gyarados|Lum Berry|[eat]
|-curestatus|p2a: Gyarados|brn
|move|p2a: Gyarados|Dragon Dance|p2a: Gyarados
|-boost|p2a: Gyarados|atk|1
|-boost|p2a: Gyarados|spe|1
|
|turn|2
|
|move|p2a: Gyarados|Taunt|p1a: Enter the status
|-start|p1a: Enter the status|move: Taunt
|cant|p1a: Enter the status|move: Taunt|Will-O-Wisp
|
|turn|3
|
|switch|p1a: Daffy Duck|Zapdos|384\/384
|-ability|p1a: Daffy Duck|Pressure
|move|p2a: Gyarados|Dragon Dance|p2a: Gyarados
|-boost|p2a: Gyarados|atk|1
|-boost|p2a: Gyarados|spe|1
|
|turn|4
|
|move|p2a: Gyarados|Ice Fang|p1a: Daffy Duck
|-supereffective|p1a: Daffy Duck
|-damage|p1a: Daffy Duck|98\/384
|move|p1a: Daffy Duck|Toxic|p2a: Gyarados
|-status|p2a: Gyarados|tox
|
|-heal|p1a: Daffy Duck|122\/384|[from] item: Leftovers
|-damage|p2a: Gyarados|311\/331 tox|[from] psn
|turn|5
|
|move|p2a: Gyarados|Ice Fang|p1a: Daffy Duck
|-supereffective|p1a: Daffy Duck
|-damage|p1a: Daffy Duck|0 fnt
|faint|p1a: Daffy Duck
|-boost|p2a: Gyarados|atk|1|[from] ability: Moxie
|
|-damage|p2a: Gyarados|271\/331 tox|[from] psn
|
|switch|p1a: Roger Rabbit|Azumarill, M|391\/391
|turn|6
|
|move|p2a: Gyarados|Earthquake|p1a: Roger Rabbit
|-damage|p1a: Roger Rabbit|35\/391
|move|p1a: Roger Rabbit|Play Rough|p2a: Gyarados
|-damage|p2a: Gyarados|52\/331 tox
|
|-damage|p2a: Gyarados|0 fnt|[from] psn
|faint|p2a: Gyarados
|
|switch|p2a: Scizor|Scizor, F|281\/281
|turn|7
|
|switch|p2a: Dragonite|Dragonite, F|323\/323
|switch|p1a: Akainu|Heatran, F|326\/326
|
|turn|8
|
|move|p1a: Akainu|Magma Storm|p2a: Dragonite|[miss]
|-miss|p1a: Akainu|p2a: Dragonite
|move|p2a: Dragonite|Dragon Dance|p2a: Dragonite
|-boost|p2a: Dragonite|atk|1
|-boost|p2a: Dragonite|spe|1
|
|turn|9
|
|move|p2a: Dragonite|Dragon Dance|p2a: Dragonite
|-boost|p2a: Dragonite|atk|1
|-boost|p2a: Dragonite|spe|1
|move|p1a: Akainu|Magma Storm|p2a: Dragonite|[miss]
|-miss|p1a: Akainu|p2a: Dragonite
|
|turn|10
|
|move|p2a: Dragonite|Dragon Dance|p2a: Dragonite
|-boost|p2a: Dragonite|atk|1
|-boost|p2a: Dragonite|spe|1
|move|p1a: Akainu|Toxic|p2a: Dragonite
|-status|p2a: Dragonite|tox
|-enditem|p2a: Dragonite|Lum Berry|[eat]
|-curestatus|p2a: Dragonite|tox
|
|turn|11
|
|switch|p1a: Rogue Squadron|Salamence, F|331\/331
|-ability|p1a: Rogue Squadron|Intimidate|[of] p2a: Dragonite
|-unboost|p2a: Dragonite|atk|1
|move|p2a: Dragonite|Earthquake|p1a: Rogue Squadron
|-immune|p1a: Rogue Squadron|[msg]
|
|turn|12
|
|switch|p1a: Roger Rabbit|Azumarill, M|35\/391
|move|p2a: Dragonite|Ice Punch|p1a: Roger Rabbit
|-resisted|p1a: Roger Rabbit
|-damage|p1a: Roger Rabbit|0 fnt
|faint|p1a: Roger Rabbit
|
|
|switch|p1a: Rogue Squadron|Salamence, F|331\/331
|-ability|p1a: Rogue Squadron|Intimidate|[of] p2a: Dragonite
|-unboost|p2a: Dragonite|atk|1
|turn|13
|
|switch|p1a: Akainu|Heatran, F|326\/326
|move|p2a: Dragonite|Ice Punch|p1a: Akainu
|-resisted|p1a: Akainu
|-damage|p1a: Akainu|294\/326
|
|-heal|p1a: Akainu|314\/326|[from] item: Leftovers
|turn|14
|
|move|p2a: Dragonite|Dragon Dance|p2a: Dragonite
|-boost|p2a: Dragonite|atk|1
|-boost|p2a: Dragonite|spe|1
|move|p1a: Akainu|Magma Storm|p2a: Dragonite
|-resisted|p2a: Dragonite
|-damage|p2a: Dragonite|280\/323
|-activate|p2a: Dragonite|move: Magma Storm|[of] p1a: Akainu
|
|-heal|p1a: Akainu|326\/326|[from] item: Leftovers
|-damage|p2a: Dragonite|240\/323|[from] move: Magma Storm|[partiallytrapped]
|turn|15
|
|switch|p1a: Rogue Squadron|Salamence, F|331\/331
|-ability|p1a: Rogue Squadron|Intimidate|[of] p2a: Dragonite
|-unboost|p2a: Dragonite|atk|1
|move|p2a: Dragonite|Ice Punch|p1a: Rogue Squadron
|-supereffective|p1a: Rogue Squadron
|-damage|p1a: Rogue Squadron|0 fnt
|faint|p1a: Rogue Squadron
|
|-end|p2a: Dragonite|Magma Storm|[partiallytrapped]
|
|switch|p1a: Enter the status|Mew|404\/404
|turn|16
|
|switch|p2a: Charizard|Charizard, F|297\/297
|move|p1a: Enter the status|Will-O-Wisp|p2a: Charizard
|-fail|p2a: Charizard
|
|turn|17
|
|detailschange|p2a: Charizard|Charizard-Mega-X, F
|message|Charizard has Mega Evolved into Mega Charizard!
|move|p2a: Charizard|Dragon Dance|p2a: Charizard
|-boost|p2a: Charizard|atk|1
|-boost|p2a: Charizard|spe|1
|move|p1a: Enter the status|Stealth Rock|p2a: Charizard
|-sidestart|p2: johnny tots|move: Stealth Rock
|
|turn|18
|
|move|p2a: Charizard|Flare Blitz|p1a: Enter the status
|-damage|p1a: Enter the status|7\/404
|-damage|p2a: Charizard|166\/297|[from] recoil|[of] p1a: Enter the status
|move|p1a: Enter the status|Soft-Boiled|p1a: Enter the status
|-heal|p1a: Enter the status|209\/404
|
|-heal|p1a: Enter the status|234\/404|[from] item: Leftovers
|turn|19
|
|switch|p1a: Akainu|Heatran, F|326\/326
|move|p2a: Charizard|Dragon Claw|p1a: Akainu
|-resisted|p1a: Akainu
|-damage|p1a: Akainu|174\/326
|
|-heal|p1a: Akainu|194\/326|[from] item: Leftovers
|turn|20
|
|move|p2a: Charizard|Earthquake|p1a: Akainu
|-supereffective|p1a: Akainu
|-damage|p1a: Akainu|0 fnt
|faint|p1a: Akainu
|
|
|switch|p1a: Chicharito|Hawlucha, F|299\/299
|turn|21
|
|move|p2a: Charizard|Dragon Claw|p1a: Chicharito
|-damage|p1a: Chicharito|0 fnt
|faint|p1a: Chicharito
|
|
|switch|p1a: Enter the status|Mew|234\/404
|turn|22
|
|move|p2a: Charizard|Flare Blitz|p1a: Enter the status
|-damage|p1a: Enter the status|0 fnt
|-damage|p2a: Charizard|89\/297|[from] recoil|[of] p1a: Enter the status
|faint|p1a: Enter the status
|
|win|johnny tots
|raw|Ladder updating...
|raw|Chocolove's rating: 1506 &rarr; <strong>1483<\/strong><br \/>(-23 for losing)
|raw|johnny tots's rating: 1457 &rarr; <strong>1479<\/strong><br \/>(+22 for winning)
|leave|johnny tots
|player|p2
|leave|Chocolove
|player|p1
|join|ByronT