|join|fenyx4
|join|johnny tots
|player|p1|fenyx4|167
|player|p2|johnny tots|1
|gametype|singles
|gen|6
|tier|OU
|rated
|clearpoke
|poke|p1|Metagross
|poke|p1|Thundurus-Therian, M
|poke|p1|Chandelure, M
|poke|p1|Greninja, M
|poke|p1|Alakazam, M
|poke|p1|Smeargle, M
|poke|p2|Dragonite, F
|poke|p2|Gyarados, M
|poke|p2|Landorus-Therian, M
|poke|p2|Charizard, F
|poke|p2|Thundurus-Therian, M
|poke|p2|Scizor, F
|rule|Swagger Clause: Swagger is banned
|rule|Baton Pass Clause: Limit one PokÃ©mon knowing Baton Pass
|rule|Sleep Clause Mod: Limit one foe put to sleep
|rule|Species Clause: Limit one of each PokÃ©mon
|rule|OHKO Clause: OHKO moves are banned
|rule|Moody Clause: Moody is banned
|rule|Evasion Moves Clause: Evasion moves are banned
|rule|Endless Battle Clause: Forcing endless battles is banned
|rule|HP Percentage Mod: HP is shown in percentages
|teampreview
|
|start
|switch|p1a: Smeargle|Smeargle, M|314\/314
|switch|p2a: Gyarados|Gyarados, M|331\/331
|turn|1
|
|move|p1a: Smeargle|Spore|p2a: Gyarados
|-status|p2a: Gyarados|slp
|-enditem|p2a: Gyarados|Lum Berry|[eat]
|-curestatus|p2a: Gyarados|slp
|move|p2a: Gyarados|Dragon Dance|p2a: Gyarados
|-boost|p2a: Gyarados|atk|1
|-boost|p2a: Gyarados|spe|1
|
|turn|2
|
|move|p2a: Gyarados|Taunt|p1a: Smeargle
|-start|p1a: Smeargle|move: Taunt
|cant|p1a: Smeargle|move: Taunt|Spore
|
|turn|3
|
|switch|p1a: Alakazam|Alakazam, M|252\/252
|move|p2a: Gyarados|Dragon Dance|p2a: Gyarados
|-boost|p2a: Gyarados|atk|1
|-boost|p2a: Gyarados|spe|1
|
|turn|4
|c|âjohnny tots|gg
|
|move|p2a: Gyarados|Earthquake|p1a: Alakazam
|-enditem|p1a: Alakazam|Focus Sash
|-damage|p1a: Alakazam|1\/252
|move|p1a: Alakazam|Psyshock|p2a: Gyarados
|-damage|p2a: Gyarados|180\/331
|
|turn|5
|
|move|p2a: Gyarados|Earthquake|p1a: Alakazam
|-damage|p1a: Alakazam|0 fnt
|faint|p1a: Alakazam
|-boost|p2a: Gyarados|atk|1|[from] ability: Moxie
|
|
|switch|p1a: Thundurus-Therian|Thundurus-Therian, M|300\/300
|turn|6
|
|move|p2a: Gyarados|Ice Fang|p1a: Thundurus-Therian
|-supereffective|p1a: Thundurus-Therian
|-damage|p1a: Thundurus-Therian|0 fnt
|faint|p1a: Thundurus-Therian
|-boost|p2a: Gyarados|atk|1|[from] ability: Moxie
|
|
|switch|p1a: Smeargle|Smeargle, M|314\/314
|turn|7
|
|move|p1a: Smeargle|Magic Coat|p1a: Smeargle
|-singleturn|p1a: Smeargle|move: Magic Coat
|move|p2a: Gyarados|Taunt|p1a: Smeargle
|move|p1a: Smeargle|Taunt|p2a: Gyarados|[from]Magic Coat
|-start|p2a: Gyarados|move: Taunt
|
|turn|8
|
|switch|p2a: Scizor|Scizor, F|281\/281
|move|p1a: Smeargle|Spore|p2a: Scizor
|-status|p2a: Scizor|slp
|
|turn|9
|
|switch|p2a: Dragonite|Dragonite, F|323\/323
|move|p1a: Smeargle|Quiver Dance|p1a: Smeargle
|-boost|p1a: Smeargle|spa|1
|-boost|p1a: Smeargle|spd|1
|-boost|p1a: Smeargle|spe|1
|
|turn|10
|
|move|p1a: Smeargle|Baton Pass|p1a: Smeargle
|
|switch|p1a: Greninja|Greninja, M|286\/286
|move|p2a: Dragonite|Dragon Dance|p2a: Dragonite
|-boost|p2a: Dragonite|atk|1
|-boost|p2a: Dragonite|spe|1
|
|turn|11
|
|move|p1a: Greninja|Ice Beam|p2a: Dragonite
|-start|p1a: Greninja|typechange|Ice|[from] Protean
|-supereffective|p2a: Dragonite
|-damage|p2a: Dragonite|0 fnt
|faint|p2a: Dragonite
|
|
|switch|p2a: Charizard|Charizard, F|297\/297
|turn|12
|
|detailschange|p2a: Charizard|Charizard-Mega-X, F
|message|Charizard has Mega Evolved into Mega Charizard!
|move|p1a: Greninja|Scald|p2a: Charizard
|-start|p1a: Greninja|typechange|Water|[from] Protean
|-damage|p2a: Charizard|84\/297
|move|p2a: Charizard|Dragon Claw|p1a: Greninja
|-damage|p1a: Greninja|16\/286
|
|turn|13
|
|move|p1a: Greninja|Scald|p2a: Charizard
|-damage|p2a: Charizard|0 fnt
|faint|p2a: Charizard
|
|
|switch|p2a: Landorus-Therian|Landorus-Therian, M|319\/319
|-ability|p2a: Landorus-Therian|Intimidate|[of] p1a: Greninja
|-unboost|p1a: Greninja|atk|1
|turn|14
|
|switch|p2a: Scizor|Scizor, F|281\/281 slp
|move|p1a: Greninja|Ice Beam|p2a: Scizor
|-start|p1a: Greninja|typechange|Ice|[from] Protean
|-resisted|p2a: Scizor
|-damage|p2a: Scizor|187\/281 slp
|
|-heal|p2a: Scizor|204\/281 slp|[from] item: Leftovers
|turn|15
|
|cant|p2a: Scizor|slp
|move|p1a: Greninja|Hidden Power|p2a: Scizor
|-start|p1a: Greninja|typechange|Fire|[from] Protean
|-supereffective|p2a: Scizor
|-damage|p2a: Scizor|0 fnt
|faint|p2a: Scizor
|
|c|âfenyx4|phew
|
|switch|p2a: Thundurus-Therian|Thundurus-Therian, M|299\/299
|turn|16
|c|âjohnny tots|so lucky
|
|move|p1a: Greninja|Ice Beam|p2a: Thundurus-Therian
|-start|p1a: Greninja|typechange|Ice|[from] Protean
|-supereffective|p2a: Thundurus-Therian
|-damage|p2a: Thundurus-Therian|0 fnt
|faint|p2a: Thundurus-Therian
|
|-message|johnny tots forfeited.
|
|win|fenyx4
|raw|Ladder updating...
|leave|johnny tots
|player|p2
|raw|fenyx4's rating: 1395 &rarr; <strong>1418<\/strong><br \/>(+23 for winning)
|raw|johnny tots's rating: 1434 &rarr; <strong>1412<\/strong><br \/>(-22 for losing)