|join|Johnny Tots
|join|thetrooper007
|player|p1|Johnny Tots|101
|player|p2|thetrooper007|191
|gametype|singles
|gen|6
|tier|OU
|rated
|clearpoke
|poke|p1|Dragonite, M
|poke|p1|Gyarados, M
|poke|p1|Landorus-Therian, M
|poke|p1|Charizard, M
|poke|p1|Thundurus-Therian, M
|poke|p1|Scizor, M
|poke|p2|Talonflame, F
|poke|p2|Pinsir, F
|poke|p2|Azelf
|poke|p2|Gothitelle, M
|poke|p2|Excadrill, F
|poke|p2|Thundurus-Therian, M
|rule|Swagger Clause: Swagger is banned
|rule|Baton Pass Clause: Limit one PokÃ©mon knowing Baton Pass
|rule|Sleep Clause Mod: Limit one foe put to sleep
|rule|Species Clause: Limit one of each PokÃ©mon
|rule|OHKO Clause: OHKO moves are banned
|rule|Moody Clause: Moody is banned
|rule|Evasion Moves Clause: Evasion moves are banned
|rule|Endless Battle Clause: Forcing endless battles is banned
|rule|HP Percentage Mod: HP is shown in percentages
|teampreview
|
|start
|switch|p1a: Gyarados|Gyarados, M|331\/331
|switch|p2a: Azelf|Azelf|292\/292
|turn|1
|
|move|p2a: Azelf|Taunt|p1a: Gyarados
|-start|p1a: Gyarados|move: Taunt
|move|p1a: Gyarados|Ice Fang|p2a: Azelf
|-damage|p2a: Azelf|192\/292
|
|turn|2
|
|move|p2a: Azelf|Stealth Rock|p1a: Gyarados
|-sidestart|p1: Johnny Tots|move: Stealth Rock
|move|p1a: Gyarados|Ice Fang|p2a: Azelf
|-damage|p2a: Azelf|87\/292
|
|turn|3
|
|move|p2a: Azelf|Hidden Power|p1a: Gyarados
|-crit|p1a: Gyarados
|-damage|p1a: Gyarados|228\/331
|move|p1a: Gyarados|Ice Fang|p2a: Azelf
|-damage|p2a: Azelf|0 fnt
|faint|p2a: Azelf
|-boost|p1a: Gyarados|atk|1|[from] ability: Moxie
|
|-end|p1a: Gyarados|move: Taunt
|
|switch|p2a: Gothitelle|Gothitelle, M|281\/281
|turn|4
|
|move|p1a: Gyarados|Earthquake|p2a: Gothitelle
|-damage|p2a: Gothitelle|92\/281
|move|p2a: Gothitelle|Thunderbolt|p1a: Gyarados
|-supereffective|p1a: Gyarados
|-damage|p1a: Gyarados|0 fnt
|faint|p1a: Gyarados
|
|
|switch|p1a: Scizor|Scizor, M|281\/281
|-damage|p1a: Scizor|246\/281|[from] Stealth Rock
|turn|5
|
|move|p2a: Gothitelle|Thunderbolt|p1a: Scizor
|-damage|p1a: Scizor|133\/281
|move|p1a: Scizor|Defog|p2a: Gothitelle
|-unboost|p2a: Gothitelle|evasion|1
|-sideend|p1: Johnny Tots|Stealth Rock|[from] move: Defog|[of] p1a: Scizor
|
|-heal|p1a: Scizor|150\/281|[from] item: Leftovers
|turn|6
|
|move|p1a: Scizor|Bullet Punch|p2a: Gothitelle
|-damage|p2a: Gothitelle|4\/281
|move|p2a: Gothitelle|Thunderbolt|p1a: Scizor
|-damage|p1a: Scizor|25\/281
|-status|p1a: Scizor|par
|
|-heal|p1a: Scizor|42\/281 par|[from] item: Leftovers
|turn|7
|
|move|p1a: Scizor|Bullet Punch|p2a: Gothitelle
|-damage|p2a: Gothitelle|0 fnt
|faint|p2a: Gothitelle
|
|-heal|p1a: Scizor|59\/281 par|[from] item: Leftovers
|
|switch|p2a: Talonflame|Talonflame, F|316\/316
|turn|8
|
|move|p2a: Talonflame|Flare Blitz|p1a: Scizor
|-supereffective|p1a: Scizor
|-damage|p1a: Scizor|0 fnt
|-damage|p2a: Talonflame|297\/316|[from] recoil|[of] p1a: Scizor
|-damage|p2a: Talonflame|266\/316|[from] item: Life Orb
|faint|p1a: Scizor
|
|
|switch|p1a: Landorus-Therian|Landorus-Therian, M|319\/319
|-ability|p1a: Landorus-Therian|Intimidate|[of] p2a: Talonflame
|-unboost|p2a: Talonflame|atk|1
|turn|9
|
|switch|p2a: Thundurus-Therian|Thundurus-Therian, M|299\/299
|move|p1a: Landorus-Therian|Rock Polish|p1a: Landorus-Therian
|-boost|p1a: Landorus-Therian|spe|2
|
|turn|10
|
|move|p1a: Landorus-Therian|Stone Edge|p2a: Thundurus-Therian
|-supereffective|p2a: Thundurus-Therian
|-damage|p2a: Thundurus-Therian|0 fnt
|faint|p2a: Thundurus-Therian
|
|
|switch|p2a: Talonflame|Talonflame, F|266\/316
|turn|11
|
|move|p2a: Talonflame|Brave Bird|p1a: Landorus-Therian
|-damage|p1a: Landorus-Therian|131\/319
|-damage|p2a: Talonflame|204\/316|[from] recoil|[of] p1a: Landorus-Therian
|-damage|p2a: Talonflame|173\/316|[from] item: Life Orb
|move|p1a: Landorus-Therian|Stone Edge|p2a: Talonflame
|-supereffective|p2a: Talonflame
|-damage|p2a: Talonflame|0 fnt
|faint|p2a: Talonflame
|
|-heal|p1a: Landorus-Therian|150\/319|[from] item: Leftovers
|
|switch|p2a: Pinsir|Pinsir, F|271\/271
|turn|12
|
|move|p1a: Landorus-Therian|Stone Edge|p2a: Pinsir
|-supereffective|p2a: Pinsir
|-damage|p2a: Pinsir|35\/271
|move|p2a: Pinsir|Swords Dance|p2a: Pinsir
|-boost|p2a: Pinsir|atk|2
|
|-heal|p1a: Landorus-Therian|169\/319|[from] item: Leftovers
|turn|13
|
|detailschange|p2a: Pinsir|Pinsir-Mega, F
|message|Pinsir has Mega Evolved into Mega Pinsir!
|move|p2a: Pinsir|Quick Attack|p1a: Landorus-Therian
|-damage|p1a: Landorus-Therian|0 fnt
|faint|p1a: Landorus-Therian
|
|
|switch|p1a: Thundurus-Therian|Thundurus-Therian, M|299\/299
|turn|14
|
|move|p2a: Pinsir|Quick Attack|p1a: Thundurus-Therian
|-resisted|p1a: Thundurus-Therian
|-damage|p1a: Thundurus-Therian|176\/299
|move|p1a: Thundurus-Therian|Hidden Power|p2a: Pinsir
|-supereffective|p2a: Pinsir
|-damage|p2a: Pinsir|0 fnt
|faint|p2a: Pinsir
|
|-heal|p1a: Thundurus-Therian|194\/299|[from] item: Leftovers
|
|switch|p2a: Excadrill|Excadrill, F|361\/361
|-ability|p2a: Excadrill|Mold Breaker
|turn|15
|
|move|p2a: Excadrill|Rock Slide|p1a: Thundurus-Therian
|-supereffective|p1a: Thundurus-Therian
|-damage|p1a: Thundurus-Therian|0 fnt
|faint|p1a: Thundurus-Therian
|
|
|switch|p1a: Dragonite|Dragonite, M|323\/323
|turn|16
|
|move|p2a: Excadrill|Rock Slide|p1a: Dragonite
|-supereffective|p1a: Dragonite
|-damage|p1a: Dragonite|95\/323
|cant|p1a: Dragonite|flinch
|
|turn|17
|
|move|p2a: Excadrill|Rock Slide|p1a: Dragonite
|-supereffective|p1a: Dragonite
|-damage|p1a: Dragonite|0 fnt
|faint|p1a: Dragonite
|
|
|switch|p1a: Charizard|Charizard, M|297\/297
|turn|18
|
|detailschange|p1a: Charizard|Charizard-Mega-X, M
|message|Charizard has Mega Evolved into Mega Charizard!
|move|p2a: Excadrill|Rock Slide|p1a: Charizard
|-supereffective|p1a: Charizard
|-damage|p1a: Charizard|109\/297
|cant|p1a: Charizard|flinch
|
|turn|19
|c|âJohnny Tots|wow
|
|move|p2a: Excadrill|Rock Slide|p1a: Charizard
|-supereffective|p1a: Charizard
|-damage|p1a: Charizard|0 fnt
|faint|p1a: Charizard
|
|win|thetrooper007
|raw|Ladder updating...
|raw|Johnny Tots's rating: 1729 &rarr; <strong>1713<\/strong><br \/>(-16 for losing)
|raw|thetrooper007's rating: 1804 &rarr; <strong>1820<\/strong><br \/>(+16 for winning)
|c|âthetrooper007|:\/
|c|âJohnny Tots|so luckty
|c|âthetrooper007|meh
|c|âthetrooper007|yeah i didn't deserve it
|leave|Johnny Tots
|player|p1