|join|Johnny tots
|join|Ascendant Justice
|player|p1|Johnny tots|265
|player|p2|Ascendant Justice|288
|gametype|singles
|gen|6
|tier|OU
|rated
|clearpoke
|poke|p1|Dragonite, F
|poke|p1|Gyarados, F
|poke|p1|Landorus-Therian, M
|poke|p1|Charizard, F
|poke|p1|Thundurus-Therian, M
|poke|p1|Scizor, M
|poke|p2|Charizard, F
|poke|p2|Rotom-Wash
|poke|p2|Keldeo-Resolute
|poke|p2|Landorus-Therian, M
|poke|p2|Latios, M
|poke|p2|Scizor, M
|rule|Swagger Clause: Swagger is banned
|rule|Baton Pass Clause: Limit one PokÃ©mon knowing Baton Pass
|rule|Sleep Clause Mod: Limit one foe put to sleep
|rule|Species Clause: Limit one of each PokÃ©mon
|rule|OHKO Clause: OHKO moves are banned
|rule|Moody Clause: Moody is banned
|rule|Evasion Moves Clause: Evasion moves are banned
|rule|Endless Battle Clause: Forcing endless battles is banned
|rule|HP Percentage Mod: HP is shown in percentages
|teampreview
|c|âAscendant Justice|gl
|
|start
|switch|p1a: Gyarados|Gyarados, F|331\/331
|switch|p2a: Landorus-Therian|Landorus-Therian, M|320\/320
|-ability|p2a: Landorus-Therian|Intimidate|[of] p1a: Gyarados
|-unboost|p1a: Gyarados|atk|1
|turn|1
|
|move|p2a: Landorus-Therian|Stealth Rock|p1a: Gyarados
|-sidestart|p1: Johnny tots|move: Stealth Rock
|move|p1a: Gyarados|Dragon Dance|p1a: Gyarados
|-boost|p1a: Gyarados|atk|1
|-boost|p1a: Gyarados|spe|1
|
|turn|2
|
|switch|p2a: Rotom-Wash|Rotom-Wash|304\/304
|move|p1a: Gyarados|Taunt|p2a: Rotom-Wash
|-start|p2a: Rotom-Wash|move: Taunt
|
|turn|3
|
|switch|p1a: Thundurus-Therian|Thundurus-Therian, M|299\/299
|-damage|p1a: Thundurus-Therian|225\/299|[from] Stealth Rock
|move|p2a: Rotom-Wash|Volt Switch|p1a: Thundurus-Therian
|-heal|p1a: Thundurus-Therian|299\/299|[from] ability: Volt Absorb|[of] p2a: Rotom-Wash
|
|turn|4
|
|switch|p2a: Charizard|Charizard, F|297\/297
|move|p1a: Thundurus-Therian|Agility|p1a: Thundurus-Therian
|-boost|p1a: Thundurus-Therian|spe|2
|
|turn|5
|
|detailschange|p2a: Charizard|Charizard-Mega-X, F
|message|Charizard has Mega Evolved into Mega Charizard!
|move|p1a: Thundurus-Therian|Thunderbolt|p2a: Charizard
|-resisted|p2a: Charizard
|-damage|p2a: Charizard|201\/297
|move|p2a: Charizard|Flare Blitz|p1a: Thundurus-Therian
|-damage|p1a: Thundurus-Therian|0 fnt
|-damage|p2a: Charizard|102\/297|[from] recoil|[of] p1a: Thundurus-Therian
|faint|p1a: Thundurus-Therian
|
|
|switch|p1a: Landorus-Therian|Landorus-Therian, M|319\/319
|-damage|p1a: Landorus-Therian|280\/319|[from] Stealth Rock
|-ability|p1a: Landorus-Therian|Intimidate|[of] p2a: Charizard
|-unboost|p2a: Charizard|atk|1
|turn|6
|
|switch|p2a: Rotom-Wash|Rotom-Wash|304\/304
|move|p1a: Landorus-Therian|Swords Dance|p1a: Landorus-Therian
|-boost|p1a: Landorus-Therian|atk|2
|
|-heal|p1a: Landorus-Therian|299\/319|[from] item: Leftovers
|turn|7
|
|move|p1a: Landorus-Therian|Stone Edge|p2a: Rotom-Wash|[miss]
|-miss|p1a: Landorus-Therian|p2a: Rotom-Wash
|move|p2a: Rotom-Wash|Will-O-Wisp|p1a: Landorus-Therian
|-status|p1a: Landorus-Therian|brn
|
|-heal|p1a: Landorus-Therian|318\/319 brn|[from] item: Leftovers
|-damage|p1a: Landorus-Therian|279\/319 brn|[from] brn
|turn|8
|
|move|p1a: Landorus-Therian|Stone Edge|p2a: Rotom-Wash|[miss]
|-miss|p1a: Landorus-Therian|p2a: Rotom-Wash
|move|p2a: Rotom-Wash|Hydro Pump|p1a: Landorus-Therian
|-crit|p1a: Landorus-Therian
|-supereffective|p1a: Landorus-Therian
|-damage|p1a: Landorus-Therian|0 fnt
|faint|p1a: Landorus-Therian
|
|c|âAscendant Justice|sorry
|c|âAscendant Justice|=\/
|c|âJohnny tots|happy bday
|c|âJohnny tots|haah
|
|switch|p1a: Scizor|Scizor, M|281\/281
|-damage|p1a: Scizor|246\/281|[from] Stealth Rock
|turn|9
|
|move|p2a: Rotom-Wash|Will-O-Wisp|p1a: Scizor|[miss]
|-miss|p2a: Rotom-Wash|p1a: Scizor
|move|p1a: Scizor|Toxic|p2a: Rotom-Wash
|-status|p2a: Rotom-Wash|tox
|
|-heal|p1a: Scizor|263\/281|[from] item: Leftovers
|-damage|p2a: Rotom-Wash|285\/304 tox|[from] psn
|turn|10
|
|move|p2a: Rotom-Wash|Will-O-Wisp|p1a: Scizor
|-status|p1a: Scizor|brn
|move|p1a: Scizor|Defog|p2a: Rotom-Wash
|-unboost|p2a: Rotom-Wash|evasion|1
|-sideend|p1: Johnny tots|Stealth Rock|[from] move: Defog|[of] p1a: Scizor
|
|-heal|p2a: Rotom-Wash|304\/304 tox|[from] item: Leftovers
|-heal|p1a: Scizor|280\/281 brn|[from] item: Leftovers
|-damage|p2a: Rotom-Wash|266\/304 tox|[from] psn
|-damage|p1a: Scizor|245\/281 brn|[from] brn
|turn|11
|
|switch|p2a: Landorus-Therian|Landorus-Therian, M|320\/320
|-ability|p2a: Landorus-Therian|Intimidate|[of] p1a: Scizor
|-unboost|p1a: Scizor|atk|1
|move|p1a: Scizor|Toxic|p2a: Landorus-Therian
|-status|p2a: Landorus-Therian|tox
|
|-heal|p1a: Scizor|262\/281 brn|[from] item: Leftovers
|-damage|p2a: Landorus-Therian|300\/320 tox|[from] psn
|-damage|p1a: Scizor|227\/281 brn|[from] brn
|turn|12
|
|move|p2a: Landorus-Therian|Stealth Rock|p1a: Scizor
|-sidestart|p1: Johnny tots|move: Stealth Rock
|move|p1a: Scizor|Defog|p2a: Landorus-Therian
|-unboost|p2a: Landorus-Therian|evasion|1
|-sideend|p1: Johnny tots|Stealth Rock|[from] move: Defog|[of] p1a: Scizor
|
|-heal|p1a: Scizor|244\/281 brn|[from] item: Leftovers
|-damage|p2a: Landorus-Therian|260\/320 tox|[from] psn
|-damage|p1a: Scizor|209\/281 brn|[from] brn
|turn|13
|
|switch|p2a: Keldeo-Resolute|Keldeo-Resolute|323\/323
|move|p1a: Scizor|Defog|p2a: Keldeo-Resolute
|-unboost|p2a: Keldeo-Resolute|evasion|1
|
|-heal|p1a: Scizor|226\/281 brn|[from] item: Leftovers
|-damage|p1a: Scizor|191\/281 brn|[from] brn
|turn|14
|
|move|p2a: Keldeo-Resolute|Substitute|p2a: Keldeo-Resolute
|-start|p2a: Keldeo-Resolute|Substitute
|-damage|p2a: Keldeo-Resolute|243\/323
|move|p1a: Scizor|Toxic|p2a: Keldeo-Resolute
|
|-heal|p2a: Keldeo-Resolute|263\/323|[from] item: Leftovers
|-heal|p1a: Scizor|208\/281 brn|[from] item: Leftovers
|-damage|p1a: Scizor|173\/281 brn|[from] brn
|turn|15
|
|switch|p1a: Gyarados|Gyarados, F|331\/331
|move|p2a: Keldeo-Resolute|Scald|p1a: Gyarados
|-resisted|p1a: Gyarados
|-damage|p1a: Gyarados|259\/331
|
|-heal|p2a: Keldeo-Resolute|283\/323|[from] item: Leftovers
|turn|16
|
|move|p2a: Keldeo-Resolute|Scald|p1a: Gyarados
|-resisted|p1a: Gyarados
|-damage|p1a: Gyarados|182\/331
|move|p1a: Gyarados|Dragon Dance|p1a: Gyarados
|-boost|p1a: Gyarados|atk|1
|-boost|p1a: Gyarados|spe|1
|
|-heal|p2a: Keldeo-Resolute|303\/323|[from] item: Leftovers
|turn|17
|
|move|p1a: Gyarados|Earthquake|p2a: Keldeo-Resolute
|-end|p2a: Keldeo-Resolute|Substitute
|move|p2a: Keldeo-Resolute|Scald|p1a: Gyarados
|-resisted|p1a: Gyarados
|-damage|p1a: Gyarados|116\/331
|
|-heal|p2a: Keldeo-Resolute|323\/323|[from] item: Leftovers
|turn|18
|
|switch|p2a: Rotom-Wash|Rotom-Wash|266\/304 tox
|move|p1a: Gyarados|Ice Fang|p2a: Rotom-Wash
|-resisted|p2a: Rotom-Wash
|-damage|p2a: Rotom-Wash|227\/304 tox
|
|-heal|p2a: Rotom-Wash|246\/304 tox|[from] item: Leftovers
|-damage|p2a: Rotom-Wash|227\/304 tox|[from] psn
|turn|19
|
|move|p1a: Gyarados|Ice Fang|p2a: Rotom-Wash
|-resisted|p2a: Rotom-Wash
|-damage|p2a: Rotom-Wash|189\/304 tox
|cant|p2a: Rotom-Wash|flinch
|
|-heal|p2a: Rotom-Wash|208\/304 tox|[from] item: Leftovers
|-damage|p2a: Rotom-Wash|170\/304 tox|[from] psn
|turn|20
|
|move|p1a: Gyarados|Ice Fang|p2a: Rotom-Wash
|-resisted|p2a: Rotom-Wash
|-damage|p2a: Rotom-Wash|127\/304 tox
|move|p2a: Rotom-Wash|Volt Switch|p1a: Gyarados
|-supereffective|p1a: Gyarados
|-damage|p1a: Gyarados|0 fnt
|faint|p1a: Gyarados
|
|switch|p2a: Charizard|Charizard-Mega-X, F|102\/297
|
|
|switch|p1a: Dragonite|Dragonite, F|323\/323
|turn|21
|
|move|p2a: Charizard|Dragon Claw|p1a: Dragonite
|-supereffective|p1a: Dragonite
|-damage|p1a: Dragonite|101\/323
|move|p1a: Dragonite|Earthquake|p2a: Charizard
|-supereffective|p2a: Charizard
|-damage|p2a: Charizard|0 fnt
|faint|p2a: Charizard
|
|
|switch|p2a: Latios|Latios, M|301\/301
|turn|22
|
|move|p2a: Latios|Psyshock|p1a: Dragonite
|-damage|p1a: Dragonite|0 fnt
|-damage|p2a: Latios|271\/301|[from] item: Life Orb
|faint|p1a: Dragonite
|
|
|switch|p1a: Charizard|Charizard, F|297\/297
|turn|23
|
|switch|p1a: Scizor|Scizor, M|173\/281 brn
|move|p2a: Latios|Draco Meteor|p1a: Scizor
|-resisted|p1a: Scizor
|-damage|p1a: Scizor|29\/281 brn
|-unboost|p2a: Latios|spa|2
|-damage|p2a: Latios|241\/301|[from] item: Life Orb
|
|-heal|p1a: Scizor|46\/281 brn|[from] item: Leftovers
|-damage|p1a: Scizor|11\/281 brn|[from] brn
|turn|24
|
|switch|p2a: Keldeo-Resolute|Keldeo-Resolute|323\/323
|move|p1a: Scizor|Toxic|p2a: Keldeo-Resolute
|-status|p2a: Keldeo-Resolute|tox
|
|-heal|p1a: Scizor|28\/281 brn|[from] item: Leftovers
|-damage|p2a: Keldeo-Resolute|303\/323 tox|[from] psn
|-damage|p1a: Scizor|0 fnt|[from] brn
|faint|p1a: Scizor
|
|switch|p1a: Charizard|Charizard, F|297\/297
|turn|25
|
|switch|p2a: Landorus-Therian|Landorus-Therian, M|260\/320 tox
|-ability|p2a: Landorus-Therian|Intimidate|[of] p1a: Charizard
|-unboost|p1a: Charizard|atk|1
|detailschange|p1a: Charizard|Charizard-Mega-X, F
|message|Charizard has Mega Evolved into Mega Charizard!
|move|p1a: Charizard|Dragon Dance|p1a: Charizard
|-boost|p1a: Charizard|atk|1
|-boost|p1a: Charizard|spe|1
|
|-damage|p2a: Landorus-Therian|240\/320 tox|[from] psn
|turn|26
|
|switch|p2a: Rotom-Wash|Rotom-Wash|127\/304 tox
|move|p1a: Charizard|Flare Blitz|p2a: Rotom-Wash
|-resisted|p2a: Rotom-Wash
|-damage|p2a: Rotom-Wash|11\/304 tox
|-damage|p1a: Charizard|259\/297|[from] recoil|[of] p2a: Rotom-Wash
|
|-heal|p2a: Rotom-Wash|30\/304 tox|[from] item: Leftovers
|-damage|p2a: Rotom-Wash|11\/304 tox|[from] psn
|turn|27
|
|move|p1a: Charizard|Dragon Dance|p1a: Charizard
|-boost|p1a: Charizard|atk|1
|-boost|p1a: Charizard|spe|1
|move|p2a: Rotom-Wash|Pain Split|p1a: Charizard
|-sethp|p1a: Charizard|135\/297|p2a: Rotom-Wash|135\/304 tox|[from] move: Pain Split
|
|-heal|p2a: Rotom-Wash|154\/304 tox|[from] item: Leftovers
|-damage|p2a: Rotom-Wash|116\/304 tox|[from] psn
|turn|28
|
|move|p1a: Charizard|Dragon Claw|p2a: Rotom-Wash
|-damage|p2a: Rotom-Wash|0 fnt
|faint|p2a: Rotom-Wash
|
|
|switch|p2a: Landorus-Therian|Landorus-Therian, M|240\/320 tox
|-ability|p2a: Landorus-Therian|Intimidate|[of] p1a: Charizard
|-unboost|p1a: Charizard|atk|1
|turn|29
|
|move|p1a: Charizard|Dragon Claw|p2a: Landorus-Therian
|-damage|p2a: Landorus-Therian|15\/320 tox
|move|p2a: Landorus-Therian|Earthquake|p1a: Charizard
|-supereffective|p1a: Charizard
|-damage|p1a: Charizard|0 fnt
|faint|p1a: Charizard
|
|win|Ascendant Justice
|raw|Ladder updating...
|raw|Johnny tots's rating: 1738 &rarr; <strong>1716<\/strong><br \/>(-22 for losing)
|raw|Ascendant Justice's rating: 1713 &rarr; <strong>1734<\/strong><br \/>(+21 for winning)
|c|âAscendant Justice|gg
|leave|Johnny tots
|player|p1