|join|wish killer
|join|johnny tots
|player|p1|wish killer|288
|player|p2|johnny tots|170
|gametype|singles
|gen|6
|tier|OU
|rated
|clearpoke
|poke|p1|Bisharp, M
|poke|p1|Venusaur, F
|poke|p1|Heatran, M
|poke|p1|Keldeo
|poke|p1|Chansey, F
|poke|p1|Skarmory, F
|poke|p2|Dragonite, F
|poke|p2|Gyarados, F
|poke|p2|Landorus-Therian, M
|poke|p2|Charizard, F
|poke|p2|Thundurus-Therian, M
|poke|p2|Scizor, F
|rule|Swagger Clause: Swagger is banned
|rule|Baton Pass Clause: Limit one PokÃ©mon knowing Baton Pass
|rule|Sleep Clause Mod: Limit one foe put to sleep
|rule|Species Clause: Limit one of each PokÃ©mon
|rule|OHKO Clause: OHKO moves are banned
|rule|Moody Clause: Moody is banned
|rule|Evasion Moves Clause: Evasion moves are banned
|rule|Endless Battle Clause: Forcing endless battles is banned
|rule|HP Percentage Mod: HP is shown in percentages
|teampreview
|
|start
|switch|p1a: Heatran|Heatran, M|340\/340
|switch|p2a: Gyarados|Gyarados, F|331\/331
|-item|p1a: Heatran|Air Balloon
|turn|1
|
|move|p1a: Heatran|Stealth Rock|p2a: Gyarados
|-sidestart|p2: johnny tots|move: Stealth Rock
|move|p2a: Gyarados|Dragon Dance|p2a: Gyarados
|-boost|p2a: Gyarados|atk|1
|-boost|p2a: Gyarados|spe|1
|
|turn|2
|
|switch|p1a: Venusaur|Venusaur, F|364\/364
|move|p2a: Gyarados|Earthquake|p1a: Venusaur
|-damage|p1a: Venusaur|218\/364
|
|turn|3
|
|detailschange|p1a: Venusaur|Venusaur-Mega, F
|message|Venusaur has Mega Evolved into Mega Venusaur!
|move|p2a: Gyarados|Earthquake|p1a: Venusaur
|-damage|p1a: Venusaur|102\/364
|move|p1a: Venusaur|Giga Drain|p2a: Gyarados
|-damage|p2a: Gyarados|217\/331
|-heal|p1a: Venusaur|159\/364|[from] drain|[of] p2a: Gyarados
|
|turn|4
|
|move|p2a: Gyarados|Taunt|p1a: Venusaur
|-start|p1a: Venusaur|move: Taunt
|cant|p1a: Venusaur|move: Taunt|Synthesis
|
|turn|5
|
|move|p2a: Gyarados|Earthquake|p1a: Venusaur
|-damage|p1a: Venusaur|45\/364
|move|p1a: Venusaur|Giga Drain|p2a: Gyarados
|-damage|p2a: Gyarados|111\/331
|-heal|p1a: Venusaur|98\/364|[from] drain|[of] p2a: Gyarados
|
|turn|6
|
|switch|p1a: Skarmory|Skarmory, F|334\/334
|move|p2a: Gyarados|Waterfall|p1a: Skarmory
|-damage|p1a: Skarmory|187\/334
|-damage|p2a: Gyarados|56\/331|[from] item: Rocky Helmet|[of] p1a: Skarmory
|
|turn|7
|
|move|p2a: Gyarados|Waterfall|p1a: Skarmory
|-damage|p1a: Skarmory|37\/334
|-damage|p2a: Gyarados|1\/331|[from] item: Rocky Helmet|[of] p1a: Skarmory
|move|p1a: Skarmory|Brave Bird|p2a: Gyarados
|-damage|p2a: Gyarados|0 fnt
|-damage|p1a: Skarmory|36\/334|[from] recoil|[of] p2a: Gyarados
|faint|p2a: Gyarados
|
|
|switch|p2a: Scizor|Scizor, F|281\/281
|-damage|p2a: Scizor|246\/281|[from] Stealth Rock
|turn|8
|
|switch|p1a: Heatran|Heatran, M|340\/340
|-item|p1a: Heatran|Air Balloon
|move|p2a: Scizor|Defog|p1a: Heatran
|-unboost|p1a: Heatran|evasion|1
|-sideend|p2: johnny tots|Stealth Rock|[from] move: Defog|[of] p2a: Scizor
|
|-heal|p2a: Scizor|263\/281|[from] item: Leftovers
|turn|9
|
|move|p2a: Scizor|Bullet Punch|p1a: Heatran
|-resisted|p1a: Heatran
|-damage|p1a: Heatran|322\/340
|-enditem|p1a: Heatran|Air Balloon
|move|p1a: Heatran|Stealth Rock|p2a: Scizor
|-sidestart|p2: johnny tots|move: Stealth Rock
|
|-heal|p2a: Scizor|280\/281|[from] item: Leftovers
|turn|10
|
|switch|p2a: Landorus-Therian|Landorus-Therian, M|319\/319
|-damage|p2a: Landorus-Therian|280\/319|[from] Stealth Rock
|-ability|p2a: Landorus-Therian|Intimidate|[of] p1a: Heatran
|-unboost|p1a: Heatran|atk|1
|move|p1a: Heatran|Fire Blast|p2a: Landorus-Therian
|-damage|p2a: Landorus-Therian|82\/319
|
|-heal|p2a: Landorus-Therian|101\/319|[from] item: Leftovers
|turn|11
|
|move|p1a: Heatran|Fire Blast|p2a: Landorus-Therian
|-damage|p2a: Landorus-Therian|0 fnt
|faint|p2a: Landorus-Therian
|
|
|switch|p2a: Dragonite|Dragonite, F|323\/323
|-damage|p2a: Dragonite|243\/323|[from] Stealth Rock
|turn|12
|
|switch|p1a: Skarmory|Skarmory, F|36\/334
|move|p2a: Dragonite|Dragon Dance|p2a: Dragonite
|-boost|p2a: Dragonite|atk|1
|-boost|p2a: Dragonite|spe|1
|
|turn|13
|
|move|p2a: Dragonite|Thunder Punch|p1a: Skarmory
|-supereffective|p1a: Skarmory
|-damage|p1a: Skarmory|0 fnt
|-damage|p2a: Dragonite|190\/323|[from] item: Rocky Helmet|[of] p1a: Skarmory
|faint|p1a: Skarmory
|
|
|switch|p1a: Chansey|Chansey, F|684\/684
|turn|14
|
|move|p2a: Dragonite|Earthquake|p1a: Chansey
|-damage|p1a: Chansey|409\/684
|move|p1a: Chansey|Seismic Toss|p2a: Dragonite
|-damage|p2a: Dragonite|90\/323
|
|turn|15
|
|move|p2a: Dragonite|Earthquake|p1a: Chansey
|-crit|p1a: Chansey
|-damage|p1a: Chansey|31\/684
|move|p1a: Chansey|Seismic Toss|p2a: Dragonite
|-damage|p2a: Dragonite|0 fnt
|faint|p2a: Dragonite
|
|
|switch|p2a: Scizor|Scizor, F|280\/281
|-damage|p2a: Scizor|245\/281|[from] Stealth Rock
|turn|16
|
|switch|p1a: Keldeo|Keldeo|323\/323
|move|p2a: Scizor|Defog|p1a: Keldeo
|-unboost|p1a: Keldeo|evasion|1
|-sideend|p2: johnny tots|Stealth Rock|[from] move: Defog|[of] p2a: Scizor
|
|-heal|p2a: Scizor|262\/281|[from] item: Leftovers
|turn|17
|
|move|p2a: Scizor|Bullet Punch|p1a: Keldeo
|-resisted|p1a: Keldeo
|-damage|p1a: Keldeo|270\/323
|move|p1a: Keldeo|Scald|p2a: Scizor
|-damage|p2a: Scizor|129\/281
|
|-heal|p1a: Keldeo|290\/323|[from] item: Leftovers
|-heal|p2a: Scizor|146\/281|[from] item: Leftovers
|turn|18
|
|move|p2a: Scizor|Bullet Punch|p1a: Keldeo
|-resisted|p1a: Keldeo
|-damage|p1a: Keldeo|237\/323
|move|p1a: Keldeo|Calm Mind|p1a: Keldeo
|-boost|p1a: Keldeo|spa|1
|-boost|p1a: Keldeo|spd|1
|
|-heal|p1a: Keldeo|257\/323|[from] item: Leftovers
|-heal|p2a: Scizor|163\/281|[from] item: Leftovers
|turn|19
|
|move|p1a: Keldeo|Calm Mind|p1a: Keldeo
|-boost|p1a: Keldeo|spa|1
|-boost|p1a: Keldeo|spd|1
|move|p2a: Scizor|Toxic|p1a: Keldeo
|-status|p1a: Keldeo|tox
|
|-heal|p1a: Keldeo|277\/323 tox|[from] item: Leftovers
|-heal|p2a: Scizor|180\/281|[from] item: Leftovers
|-damage|p1a: Keldeo|257\/323 tox|[from] psn
|turn|20
|
|move|p2a: Scizor|Bullet Punch|p1a: Keldeo
|-resisted|p1a: Keldeo
|-damage|p1a: Keldeo|206\/323 tox
|move|p1a: Keldeo|Scald|p2a: Scizor
|-damage|p2a: Scizor|0 fnt
|faint|p2a: Scizor
|
|-heal|p1a: Keldeo|226\/323 tox|[from] item: Leftovers
|-damage|p1a: Keldeo|186\/323 tox|[from] psn
|
|switch|p2a: Thundurus-Therian|Thundurus-Therian, M|299\/299
|turn|21
|
|move|p1a: Keldeo|Scald|p2a: Thundurus-Therian
|-damage|p2a: Thundurus-Therian|64\/299
|move|p2a: Thundurus-Therian|Agility|p2a: Thundurus-Therian
|-boost|p2a: Thundurus-Therian|spe|2
|
|-heal|p2a: Thundurus-Therian|82\/299|[from] item: Leftovers
|-heal|p1a: Keldeo|206\/323 tox|[from] item: Leftovers
|-damage|p1a: Keldeo|146\/323 tox|[from] psn
|turn|22
|
|move|p2a: Thundurus-Therian|Thunderbolt|p1a: Keldeo
|-supereffective|p1a: Keldeo
|-damage|p1a: Keldeo|0 fnt
|faint|p1a: Keldeo
|
|-heal|p2a: Thundurus-Therian|100\/299|[from] item: Leftovers
|
|switch|p1a: Heatran|Heatran, M|322\/340
|turn|23
|
|switch|p2a: Charizard|Charizard, F|297\/297
|move|p1a: Heatran|Fire Blast|p2a: Charizard
|-resisted|p2a: Charizard
|-damage|p2a: Charizard|204\/297
|
|turn|24
|
|move|p1a: Heatran|Toxic|p2a: Charizard
|-status|p2a: Charizard|tox
|move|p2a: Charizard|Dragon Dance|p2a: Charizard
|-boost|p2a: Charizard|atk|1
|-boost|p2a: Charizard|spe|1
|
|-damage|p2a: Charizard|186\/297 tox|[from] psn
|turn|25
|
|switch|p1a: Chansey|Chansey, F|31\/684
|detailschange|p2a: Charizard|Charizard-Mega-X, F
|message|Charizard has Mega Evolved into Mega Charizard!
|move|p2a: Charizard|Earthquake|p1a: Chansey
|-damage|p1a: Chansey|0 fnt
|faint|p1a: Chansey
|
|-damage|p2a: Charizard|150\/297 tox|[from] psn
|
|switch|p1a: Bisharp|Bisharp, M|334\/334
|turn|26
|
|move|p1a: Bisharp|Sucker Punch|p2a: Charizard
|-damage|p2a: Charizard|15\/297 tox
|move|p2a: Charizard|Earthquake|p1a: Bisharp
|-supereffective|p1a: Bisharp
|-damage|p1a: Bisharp|0 fnt
|faint|p1a: Bisharp
|
|-damage|p2a: Charizard|0 fnt|[from] psn
|faint|p2a: Charizard
|
|switch|p1a: Heatran|Heatran, M|322\/340
|switch|p2a: Thundurus-Therian|Thundurus-Therian, M|100\/299
|turn|27
|
|move|p1a: Heatran|Fire Blast|p2a: Thundurus-Therian|[miss]
|-miss|p1a: Heatran|p2a: Thundurus-Therian
|move|p2a: Thundurus-Therian|Nasty Plot|p2a: Thundurus-Therian
|-boost|p2a: Thundurus-Therian|spa|2
|
|-heal|p2a: Thundurus-Therian|118\/299|[from] item: Leftovers
|turn|28
|
|move|p1a: Heatran|Fire Blast|p2a: Thundurus-Therian
|-damage|p2a: Thundurus-Therian|0 fnt
|faint|p2a: Thundurus-Therian
|
|win|wish killer
|raw|Ladder updating...
|raw|wish killer's rating: 1723 &rarr; <strong>1735<\/strong><br \/>(+12 for winning)
|raw|johnny tots's rating: 1591 &rarr; <strong>1578<\/strong><br \/>(-13 for losing)
|leave|johnny tots
|player|p2