|join|Johnny Tots
|join|Buttstorm
|player|p1|Johnny Tots|2
|player|p2|Buttstorm|105
|gametype|singles
|gen|6
|tier|OU
|rated
|clearpoke
|poke|p1|Dragonite, M
|poke|p1|Gyarados, F
|poke|p1|Landorus-Therian, M
|poke|p1|Charizard, M
|poke|p1|Thundurus-Therian, M
|poke|p1|Scizor, F
|poke|p2|Slowbro, M
|poke|p2|Landorus-Therian, M
|poke|p2|Jirachi
|poke|p2|Togekiss, F
|poke|p2|Charizard, M
|poke|p2|Starmie
|rule|Swagger Clause: Swagger is banned
|rule|Baton Pass Clause: Limit one PokÃ©mon knowing Baton Pass
|rule|Sleep Clause Mod: Limit one foe put to sleep
|rule|Species Clause: Limit one of each PokÃ©mon
|rule|OHKO Clause: OHKO moves are banned
|rule|Moody Clause: Moody is banned
|rule|Evasion Moves Clause: Evasion moves are banned
|rule|Endless Battle Clause: Forcing endless battles is banned
|rule|HP Percentage Mod: HP is shown in percentages
|teampreview
|
|start
|switch|p1a: Gyarados|Gyarados, F|331\/331
|switch|p2a: Landorus-Therian|Landorus-Therian, M|357\/357
|-ability|p2a: Landorus-Therian|Intimidate|[of] p1a: Gyarados
|-unboost|p1a: Gyarados|atk|1
|turn|1
|
|move|p1a: Gyarados|Dragon Dance|p1a: Gyarados
|-boost|p1a: Gyarados|atk|1
|-boost|p1a: Gyarados|spe|1
|move|p2a: Landorus-Therian|Toxic|p1a: Gyarados
|-status|p1a: Gyarados|tox
|-enditem|p1a: Gyarados|Lum Berry|[eat]
|-curestatus|p1a: Gyarados|tox
|
|turn|2
|
|move|p1a: Gyarados|Taunt|p2a: Landorus-Therian
|-start|p2a: Landorus-Therian|move: Taunt
|cant|p2a: Landorus-Therian|move: Taunt|Toxic
|
|turn|3
|
|switch|p2a: Slowbro|Slowbro, M|394\/394
|move|p1a: Gyarados|Dragon Dance|p1a: Gyarados
|-boost|p1a: Gyarados|atk|1
|-boost|p1a: Gyarados|spe|1
|
|turn|4
|
|move|p1a: Gyarados|Taunt|p2a: Slowbro
|-start|p2a: Slowbro|move: Taunt
|cant|p2a: Slowbro|move: Taunt|Toxic
|
|turn|5
|
|move|p1a: Gyarados|Dragon Dance|p1a: Gyarados
|-boost|p1a: Gyarados|atk|1
|-boost|p1a: Gyarados|spe|1
|move|p2a: Slowbro|Scald|p1a: Gyarados
|-resisted|p1a: Gyarados
|-damage|p1a: Gyarados|284\/331
|-status|p1a: Gyarados|brn
|
|-damage|p1a: Gyarados|243\/331 brn|[from] brn
|turn|6
|
|switch|p1a: Thundurus-Therian|Thundurus-Therian, M|299\/299
|switch|p2a: Landorus-Therian|Landorus-Therian, M|357\/357
|-ability|p2a: Landorus-Therian|Intimidate|[of] p1a: Thundurus-Therian
|-unboost|p1a: Thundurus-Therian|atk|1
|
|turn|7
|
|switch|p2a: Jirachi|Jirachi|404\/404
|switch|p1a: Landorus-Therian|Landorus-Therian, M|319\/319
|-ability|p1a: Landorus-Therian|Intimidate|[of] p2a: Jirachi
|-unboost|p2a: Jirachi|atk|1
|
|turn|8
|
|switch|p2a: Togekiss|Togekiss, F|373\/373
|move|p1a: Landorus-Therian|Rock Polish|p1a: Landorus-Therian
|-boost|p1a: Landorus-Therian|spe|2
|
|turn|9
|
|move|p1a: Landorus-Therian|Swords Dance|p1a: Landorus-Therian
|-boost|p1a: Landorus-Therian|atk|2
|move|p2a: Togekiss|Air Slash|p1a: Landorus-Therian
|-damage|p1a: Landorus-Therian|190\/319
|
|-heal|p1a: Landorus-Therian|209\/319|[from] item: Leftovers
|turn|10
|
|move|p1a: Landorus-Therian|Swords Dance|p1a: Landorus-Therian
|-boost|p1a: Landorus-Therian|atk|2
|move|p2a: Togekiss|Air Slash|p1a: Landorus-Therian
|-damage|p1a: Landorus-Therian|91\/319
|
|-heal|p1a: Landorus-Therian|110\/319|[from] item: Leftovers
|turn|11
|
|move|p1a: Landorus-Therian|Stone Edge|p2a: Togekiss
|-supereffective|p2a: Togekiss
|-damage|p2a: Togekiss|0 fnt
|faint|p2a: Togekiss
|
|-heal|p1a: Landorus-Therian|129\/319|[from] item: Leftovers
|
|switch|p2a: Landorus-Therian|Landorus-Therian, M|357\/357
|-ability|p2a: Landorus-Therian|Intimidate|[of] p1a: Landorus-Therian
|-unboost|p1a: Landorus-Therian|atk|1
|turn|12
|
|move|p1a: Landorus-Therian|Stone Edge|p2a: Landorus-Therian
|-damage|p2a: Landorus-Therian|100\/357
|move|p2a: Landorus-Therian|Toxic|p1a: Landorus-Therian
|-status|p1a: Landorus-Therian|tox
|
|-heal|p1a: Landorus-Therian|148\/319 tox|[from] item: Leftovers
|-heal|p2a: Landorus-Therian|122\/357|[from] item: Leftovers
|-damage|p1a: Landorus-Therian|129\/319 tox|[from] psn
|turn|13
|
|switch|p2a: Jirachi|Jirachi|404\/404
|move|p1a: Landorus-Therian|Stone Edge|p2a: Jirachi|[miss]
|-miss|p1a: Landorus-Therian|p2a: Jirachi
|
|-heal|p1a: Landorus-Therian|148\/319 tox|[from] item: Leftovers
|-damage|p1a: Landorus-Therian|110\/319 tox|[from] psn
|turn|14
|
|move|p2a: Jirachi|Protect|p2a: Jirachi
|-singleturn|p2a: Jirachi|Protect
|move|p1a: Landorus-Therian|Earthquake|p2a: Jirachi
|-activate|p2a: Jirachi|Protect
|
|-heal|p1a: Landorus-Therian|129\/319 tox|[from] item: Leftovers
|-damage|p1a: Landorus-Therian|72\/319 tox|[from] psn
|turn|15
|
|switch|p2a: Slowbro|Slowbro, M|394\/394
|move|p1a: Landorus-Therian|Stone Edge|p2a: Slowbro|[miss]
|-miss|p1a: Landorus-Therian|p2a: Slowbro
|
|-heal|p1a: Landorus-Therian|91\/319 tox|[from] item: Leftovers
|-damage|p1a: Landorus-Therian|15\/319 tox|[from] psn
|turn|16
|
|move|p1a: Landorus-Therian|Earthquake|p2a: Slowbro
|-damage|p2a: Slowbro|91\/394
|move|p2a: Slowbro|Slack Off|p2a: Slowbro
|-heal|p2a: Slowbro|288\/394
|
|-heal|p1a: Landorus-Therian|34\/319 tox|[from] item: Leftovers
|-heal|p2a: Slowbro|312\/394|[from] item: Leftovers
|-damage|p1a: Landorus-Therian|0 fnt|[from] psn
|faint|p1a: Landorus-Therian
|
|switch|p1a: Thundurus-Therian|Thundurus-Therian, M|299\/299
|turn|17
|
|switch|p2a: Landorus-Therian|Landorus-Therian, M|122\/357
|-ability|p2a: Landorus-Therian|Intimidate|[of] p1a: Thundurus-Therian
|-unboost|p1a: Thundurus-Therian|atk|1
|move|p1a: Thundurus-Therian|Agility|p1a: Thundurus-Therian
|-boost|p1a: Thundurus-Therian|spe|2
|
|-heal|p2a: Landorus-Therian|144\/357|[from] item: Leftovers
|turn|18
|
|move|p1a: Thundurus-Therian|Hidden Power|p2a: Landorus-Therian
|-supereffective|p2a: Landorus-Therian
|-damage|p2a: Landorus-Therian|0 fnt
|faint|p2a: Landorus-Therian
|
|
|switch|p2a: Charizard|Charizard, M|359\/359
|turn|19
|
|detailschange|p2a: Charizard|Charizard-Mega-X, M
|message|Charizard has Mega Evolved into Mega Charizard!
|move|p1a: Thundurus-Therian|Thunderbolt|p2a: Charizard
|-resisted|p2a: Charizard
|-damage|p2a: Charizard|274\/359
|move|p2a: Charizard|Dragon Dance|p2a: Charizard
|-boost|p2a: Charizard|atk|1
|-boost|p2a: Charizard|spe|1
|
|turn|20
|
|move|p1a: Thundurus-Therian|Thunderbolt|p2a: Charizard
|-resisted|p2a: Charizard
|-damage|p2a: Charizard|188\/359
|move|p2a: Charizard|Dragon Dance|p2a: Charizard
|-boost|p2a: Charizard|atk|1
|-boost|p2a: Charizard|spe|1
|
|turn|21
|
|move|p1a: Thundurus-Therian|Thunderbolt|p2a: Charizard
|-resisted|p2a: Charizard
|-damage|p2a: Charizard|104\/359
|move|p2a: Charizard|Roost|p2a: Charizard
|-heal|p2a: Charizard|284\/359
|
|turn|22
|
|move|p1a: Thundurus-Therian|Thunderbolt|p2a: Charizard
|-resisted|p2a: Charizard
|-damage|p2a: Charizard|204\/359
|move|p2a: Charizard|Dragon Dance|p2a: Charizard
|-boost|p2a: Charizard|atk|1
|-boost|p2a: Charizard|spe|1
|
|turn|23
|-message|Johnny Tots forfeited.
|
|win|Buttstorm
|raw|Ladder updating...
|leave|Johnny Tots
|player|p1
|raw|Johnny Tots's rating: 1618 &rarr; <strong>1596<\/strong><br \/>(-22 for losing)
|raw|Buttstorm's rating: 1593 &rarr; <strong>1615<\/strong><br \/>(+22 for winning)