|join|Johnny Tots
|join|ralx
|player|p1|Johnny Tots|169
|player|p2|ralx|135
|gametype|singles
|gen|6
|tier|OU
|rated
|clearpoke
|poke|p1|Dragonite, M
|poke|p1|Gyarados, M
|poke|p1|Landorus-Therian, M
|poke|p1|Charizard, F
|poke|p1|Thundurus-Therian, M
|poke|p1|Scizor, F
|poke|p2|Gyarados, M
|poke|p2|Entei, shiny
|poke|p2|Landorus-Therian, M
|poke|p2|Ferrothorn, F
|poke|p2|Mew
|poke|p2|Pinsir, M
|rule|Swagger Clause: Swagger is banned
|rule|Baton Pass Clause: Limit one PokÃ©mon knowing Baton Pass
|rule|Sleep Clause Mod: Limit one foe put to sleep
|rule|Species Clause: Limit one of each PokÃ©mon
|rule|OHKO Clause: OHKO moves are banned
|rule|Moody Clause: Moody is banned
|rule|Evasion Moves Clause: Evasion moves are banned
|rule|Endless Battle Clause: Forcing endless battles is banned
|rule|HP Percentage Mod: HP is shown in percentages
|teampreview
|
|start
|switch|p1a: Gyarados|Gyarados, M|331\/331
|switch|p2a: Landorus-Therian|Landorus-Therian, M|319\/319
|-ability|p2a: Landorus-Therian|Intimidate|[of] p1a: Gyarados
|-unboost|p1a: Gyarados|atk|1
|turn|1
|
|move|p2a: Landorus-Therian|U-turn|p1a: Gyarados
|-resisted|p1a: Gyarados
|-damage|p1a: Gyarados|282\/331
|
|switch|p2a: Ferrothorn|Ferrothorn, F|352\/352
|move|p1a: Gyarados|Dragon Dance|p1a: Gyarados
|-boost|p1a: Gyarados|atk|1
|-boost|p1a: Gyarados|spe|1
|
|turn|2
|
|move|p1a: Gyarados|Taunt|p2a: Ferrothorn
|-start|p2a: Ferrothorn|move: Taunt
|cant|p2a: Ferrothorn|move: Taunt|Leech Seed
|
|turn|3
|
|switch|p1a: Charizard|Charizard, F|297\/297
|switch|p2a: Gyarados|Gyarados, M|393\/393
|-ability|p2a: Gyarados|Intimidate|[of] p1a: Charizard
|-unboost|p1a: Charizard|atk|1
|
|turn|4
|
|switch|p1a: Landorus-Therian|Landorus-Therian, M|319\/319
|-ability|p1a: Landorus-Therian|Intimidate|[of] p2a: Gyarados
|-unboost|p2a: Gyarados|atk|1
|move|p2a: Gyarados|Thunder Wave|p1a: Landorus-Therian
|-immune|p1a: Landorus-Therian|[msg]
|
|turn|5
|
|switch|p2a: Ferrothorn|Ferrothorn, F|352\/352
|move|p1a: Landorus-Therian|Swords Dance|p1a: Landorus-Therian
|-boost|p1a: Landorus-Therian|atk|2
|
|turn|6
|
|move|p1a: Landorus-Therian|Earthquake|p2a: Ferrothorn
|-damage|p2a: Ferrothorn|126\/352
|move|p2a: Ferrothorn|Stealth Rock|p1a: Landorus-Therian
|-sidestart|p1: Johnny Tots|move: Stealth Rock
|
|-heal|p2a: Ferrothorn|148\/352|[from] item: Leftovers
|turn|7
|
|move|p1a: Landorus-Therian|Rock Polish|p1a: Landorus-Therian
|-boost|p1a: Landorus-Therian|spe|2
|move|p2a: Ferrothorn|Gyro Ball|p1a: Landorus-Therian
|-crit|p1a: Landorus-Therian
|-damage|p1a: Landorus-Therian|99\/319
|
|-heal|p1a: Landorus-Therian|118\/319|[from] item: Leftovers
|-heal|p2a: Ferrothorn|170\/352|[from] item: Leftovers
|turn|8
|
|switch|p2a: Landorus-Therian|Landorus-Therian, M|319\/319
|-ability|p2a: Landorus-Therian|Intimidate|[of] p1a: Landorus-Therian
|-unboost|p1a: Landorus-Therian|atk|1
|move|p1a: Landorus-Therian|Earthquake|p2a: Landorus-Therian
|-immune|p2a: Landorus-Therian|[msg]
|
|-heal|p1a: Landorus-Therian|137\/319|[from] item: Leftovers
|turn|9
|
|move|p1a: Landorus-Therian|Swords Dance|p1a: Landorus-Therian
|-boost|p1a: Landorus-Therian|atk|2
|move|p2a: Landorus-Therian|Knock Off|p1a: Landorus-Therian
|-damage|p1a: Landorus-Therian|38\/319
|-enditem|p1a: Landorus-Therian|Leftovers|[from] move: Knock Off|[of] p2a: Landorus-Therian
|
|turn|10
|
|switch|p2a: Ferrothorn|Ferrothorn, F|170\/352
|move|p1a: Landorus-Therian|Stone Edge|p2a: Ferrothorn
|-resisted|p2a: Ferrothorn
|-damage|p2a: Ferrothorn|79\/352
|
|-heal|p2a: Ferrothorn|101\/352|[from] item: Leftovers
|turn|11
|
|move|p1a: Landorus-Therian|Earthquake|p2a: Ferrothorn
|-damage|p2a: Ferrothorn|0 fnt
|faint|p2a: Ferrothorn
|
|
|switch|p2a: Pinsir|Pinsir, M|272\/272
|turn|12
|
|detailschange|p2a: Pinsir|Pinsir-Mega, M
|message|Pinsir has Mega Evolved into Mega Pinsir!
|move|p2a: Pinsir|Quick Attack|p1a: Landorus-Therian
|-damage|p1a: Landorus-Therian|0 fnt
|faint|p1a: Landorus-Therian
|
|
|switch|p1a: Thundurus-Therian|Thundurus-Therian, M|299\/299
|-damage|p1a: Thundurus-Therian|225\/299|[from] Stealth Rock
|turn|13
|
|switch|p2a: Landorus-Therian|Landorus-Therian, M|319\/319
|-ability|p2a: Landorus-Therian|Intimidate|[of] p1a: Thundurus-Therian
|-unboost|p1a: Thundurus-Therian|atk|1
|move|p1a: Thundurus-Therian|Thunderbolt|p2a: Landorus-Therian
|-immune|p2a: Landorus-Therian|[msg]
|
|-heal|p1a: Thundurus-Therian|243\/299|[from] item: Leftovers
|turn|14
|
|switch|p1a: Scizor|Scizor, F|281\/281
|-damage|p1a: Scizor|246\/281|[from] Stealth Rock
|move|p2a: Landorus-Therian|Stone Edge|p1a: Scizor
|-damage|p1a: Scizor|136\/281
|
|-heal|p1a: Scizor|153\/281|[from] item: Leftovers
|turn|15
|
|switch|p2a: Entei|Entei, shiny|371\/371
|-ability|p2a: Entei|Pressure
|move|p1a: Scizor|Defog|p2a: Entei
|-unboost|p2a: Entei|evasion|1
|-sideend|p1: Johnny Tots|Stealth Rock|[from] move: Defog|[of] p1a: Scizor
|
|-heal|p1a: Scizor|170\/281|[from] item: Leftovers
|turn|16
|
|move|p1a: Scizor|Bullet Punch|p2a: Entei
|-resisted|p2a: Entei
|-damage|p2a: Entei|316\/371
|move|p2a: Entei|Stone Edge|p1a: Scizor
|-damage|p1a: Scizor|20\/281
|
|-heal|p1a: Scizor|37\/281|[from] item: Leftovers
|turn|17
|
|switch|p2a: Landorus-Therian|Landorus-Therian, M|319\/319
|-ability|p2a: Landorus-Therian|Intimidate|[of] p1a: Scizor
|-unboost|p1a: Scizor|atk|1
|move|p1a: Scizor|Toxic|p2a: Landorus-Therian
|-status|p2a: Landorus-Therian|tox
|
|-heal|p1a: Scizor|54\/281|[from] item: Leftovers
|-damage|p2a: Landorus-Therian|300\/319 tox|[from] psn
|turn|18
|
|move|p2a: Landorus-Therian|Knock Off|p1a: Scizor
|-damage|p1a: Scizor|0 fnt
|-enditem|p1a: Scizor|Leftovers|[from] move: Knock Off|[of] p2a: Landorus-Therian
|faint|p1a: Scizor
|
|-damage|p2a: Landorus-Therian|262\/319 tox|[from] psn
|
|switch|p1a: Dragonite|Dragonite, M|323\/323
|turn|19
|
|move|p2a: Landorus-Therian|Knock Off|p1a: Dragonite
|-damage|p1a: Dragonite|259\/323
|-enditem|p1a: Dragonite|Lum Berry|[from] move: Knock Off|[of] p2a: Landorus-Therian
|move|p1a: Dragonite|Dragon Dance|p1a: Dragonite
|-boost|p1a: Dragonite|atk|1
|-boost|p1a: Dragonite|spe|1
|
|-damage|p2a: Landorus-Therian|205\/319 tox|[from] psn
|turn|20
|
|switch|p2a: Gyarados|Gyarados, M|393\/393
|-ability|p2a: Gyarados|Intimidate|[of] p1a: Dragonite
|-unboost|p1a: Dragonite|atk|1
|move|p1a: Dragonite|Dragon Dance|p1a: Dragonite
|-boost|p1a: Dragonite|atk|1
|-boost|p1a: Dragonite|spe|1
|
|turn|21
|
|move|p1a: Dragonite|Thunder Punch|p2a: Gyarados
|-supereffective|p2a: Gyarados
|-damage|p2a: Gyarados|0 fnt
|faint|p2a: Gyarados
|
|
|switch|p2a: Mew|Mew|404\/404
|turn|22
|
|switch|p1a: Charizard|Charizard, F|297\/297
|move|p2a: Mew|Will-O-Wisp|p1a: Charizard
|-fail|p1a: Charizard
|
|turn|23
|
|detailschange|p1a: Charizard|Charizard-Mega-X, F
|message|Charizard has Mega Evolved into Mega Charizard!
|move|p1a: Charizard|Flare Blitz|p2a: Mew
|-damage|p2a: Mew|110\/404
|-damage|p1a: Charizard|200\/297|[from] recoil|[of] p2a: Mew
|move|p2a: Mew|Psychic|p1a: Charizard
|-damage|p1a: Charizard|82\/297
|
|-heal|p2a: Mew|135\/404|[from] item: Leftovers
|turn|24
|
|move|p1a: Charizard|Dragon Claw|p2a: Mew
|-damage|p2a: Mew|0 fnt
|faint|p2a: Mew
|
|
|switch|p2a: Landorus-Therian|Landorus-Therian, M|205\/319 tox
|-ability|p2a: Landorus-Therian|Intimidate|[of] p1a: Charizard
|-unboost|p1a: Charizard|atk|1
|turn|25
|
|move|p2a: Landorus-Therian|Stone Edge|p1a: Charizard
|-supereffective|p1a: Charizard
|-damage|p1a: Charizard|0 fnt
|faint|p1a: Charizard
|
|-damage|p2a: Landorus-Therian|186\/319 tox|[from] psn
|
|switch|p1a: Gyarados|Gyarados, M|282\/331
|turn|26
|
|move|p2a: Landorus-Therian|Stone Edge|p1a: Gyarados|[miss]
|-miss|p2a: Landorus-Therian|p1a: Gyarados
|move|p1a: Gyarados|Dragon Dance|p1a: Gyarados
|-boost|p1a: Gyarados|atk|1
|-boost|p1a: Gyarados|spe|1
|
|-damage|p2a: Landorus-Therian|148\/319 tox|[from] psn
|turn|27
|
|move|p2a: Landorus-Therian|Stone Edge|p1a: Gyarados
|-supereffective|p1a: Gyarados
|-damage|p1a: Gyarados|0 fnt
|faint|p1a: Gyarados
|
|-damage|p2a: Landorus-Therian|91\/319 tox|[from] psn
|
|switch|p1a: Dragonite|Dragonite, M|259\/323
|turn|28
|
|move|p2a: Landorus-Therian|Stone Edge|p1a: Dragonite
|-supereffective|p1a: Dragonite
|-damage|p1a: Dragonite|0 fnt
|faint|p1a: Dragonite
|
|-damage|p2a: Landorus-Therian|15\/319 tox|[from] psn
|
|switch|p1a: Thundurus-Therian|Thundurus-Therian, M|243\/299
|turn|29
|
|switch|p2a: Pinsir|Pinsir-Mega, M|272\/272
|move|p1a: Thundurus-Therian|Agility|p1a: Thundurus-Therian
|-boost|p1a: Thundurus-Therian|spe|2
|
|-heal|p1a: Thundurus-Therian|261\/299|[from] item: Leftovers
|turn|30
|
|move|p2a: Pinsir|Quick Attack|p1a: Thundurus-Therian
|-resisted|p1a: Thundurus-Therian
|-damage|p1a: Thundurus-Therian|201\/299
|move|p1a: Thundurus-Therian|Nasty Plot|p1a: Thundurus-Therian
|-boost|p1a: Thundurus-Therian|spa|2
|
|-heal|p1a: Thundurus-Therian|219\/299|[from] item: Leftovers
|turn|31
|
|move|p2a: Pinsir|Quick Attack|p1a: Thundurus-Therian
|-resisted|p1a: Thundurus-Therian
|-damage|p1a: Thundurus-Therian|153\/299
|move|p1a: Thundurus-Therian|Thunderbolt|p2a: Pinsir
|-supereffective|p2a: Pinsir
|-damage|p2a: Pinsir|0 fnt
|faint|p2a: Pinsir
|
|-heal|p1a: Thundurus-Therian|171\/299|[from] item: Leftovers
|
|switch|p2a: Entei|Entei, shiny|316\/371
|-ability|p2a: Entei|Pressure
|turn|32
|
|move|p2a: Entei|Extreme Speed|p1a: Thundurus-Therian
|-damage|p1a: Thundurus-Therian|0 fnt
|faint|p1a: Thundurus-Therian
|
|win|ralx
|raw|Ladder updating...
|raw|Johnny Tots's rating: 1741 &rarr; <strong>1721<\/strong><br \/>(-20 for losing)
|raw|ralx's rating: 1752 &rarr; <strong>1771<\/strong><br \/>(+19 for winning)
|c|âralx|gg