|join|Johnny Tots
|join|zealous1
|player|p1|Johnny Tots|1
|player|p2|zealous1|272
|gametype|singles
|gen|6
|tier|OU
|rated
|clearpoke
|poke|p1|Dragonite, F
|poke|p1|Gyarados, F
|poke|p1|Landorus-Therian, M
|poke|p1|Charizard, F
|poke|p1|Thundurus-Therian, M
|poke|p1|Scizor, M
|poke|p2|Mew, shiny
|poke|p2|Bisharp, F, shiny
|poke|p2|Garchomp, F
|poke|p2|Kyurem-Black, shiny
|poke|p2|Gengar, F
|poke|p2|Pinsir, F, shiny
|rule|Swagger Clause: Swagger is banned
|rule|Baton Pass Clause: Limit one PokÃ©mon knowing Baton Pass
|rule|Sleep Clause Mod: Limit one foe put to sleep
|rule|Species Clause: Limit one of each PokÃ©mon
|rule|OHKO Clause: OHKO moves are banned
|rule|Moody Clause: Moody is banned
|rule|Evasion Moves Clause: Evasion moves are banned
|rule|Endless Battle Clause: Forcing endless battles is banned
|rule|HP Percentage Mod: HP is shown in percentages
|teampreview
|
|start
|switch|p1a: Gyarados|Gyarados, F|331\/331
|switch|p2a: Garchomp|Garchomp, F|358\/358
|turn|1
|c|âzealous1|wow moxie
|
|move|p2a: Garchomp|Stealth Rock|p1a: Gyarados
|-sidestart|p1: Johnny Tots|move: Stealth Rock
|move|p1a: Gyarados|Dragon Dance|p1a: Gyarados
|-boost|p1a: Gyarados|atk|1
|-boost|p1a: Gyarados|spe|1
|
|turn|2
|c|âzealous1|interesting
|
|move|p1a: Gyarados|Ice Fang|p2a: Garchomp
|-supereffective|p2a: Garchomp
|-enditem|p2a: Garchomp|Focus Sash
|-damage|p2a: Garchomp|1\/358
|-damage|p1a: Gyarados|290\/331|[from] ability: Rough Skin|[of] p2a: Garchomp
|move|p2a: Garchomp|Outrage|p1a: Gyarados
|-damage|p1a: Gyarados|67\/331
|
|turn|3
|
|move|p1a: Gyarados|Earthquake|p2a: Garchomp
|-damage|p2a: Garchomp|0 fnt
|faint|p2a: Garchomp
|-boost|p1a: Gyarados|atk|1|[from] ability: Moxie
|
|
|switch|p2a: Pinsir|Pinsir, F, shiny|271\/271
|turn|4
|
|detailschange|p2a: Pinsir|Pinsir-Mega, F, shiny
|message|Pinsir has Mega Evolved into Mega Pinsir!
|move|p2a: Pinsir|Quick Attack|p1a: Gyarados
|-damage|p1a: Gyarados|0 fnt
|faint|p1a: Gyarados
|
|
|switch|p1a: Landorus-Therian|Landorus-Therian, M|319\/319
|-damage|p1a: Landorus-Therian|280\/319|[from] Stealth Rock
|-ability|p1a: Landorus-Therian|Intimidate|[of] p2a: Pinsir
|-unboost|p2a: Pinsir|atk|1
|turn|5
|
|switch|p2a: Mew|Mew, shiny|404\/404
|move|p1a: Landorus-Therian|Stone Edge|p2a: Mew
|-damage|p2a: Mew|306\/404
|
|-heal|p2a: Mew|331\/404|[from] item: Leftovers
|-heal|p1a: Landorus-Therian|299\/319|[from] item: Leftovers
|turn|6
|
|switch|p1a: Scizor|Scizor, M|281\/281
|-damage|p1a: Scizor|246\/281|[from] Stealth Rock
|move|p2a: Mew|Will-O-Wisp|p1a: Scizor
|-status|p1a: Scizor|brn
|
|-heal|p2a: Mew|356\/404|[from] item: Leftovers
|-heal|p1a: Scizor|263\/281 brn|[from] item: Leftovers
|-damage|p1a: Scizor|228\/281 brn|[from] brn
|turn|7
|
|switch|p2a: Pinsir|Pinsir-Mega, F, shiny|271\/271
|move|p1a: Scizor|Defog|p2a: Pinsir
|-unboost|p2a: Pinsir|evasion|1
|-sideend|p1: Johnny Tots|Stealth Rock|[from] move: Defog|[of] p1a: Scizor
|
|-heal|p1a: Scizor|245\/281 brn|[from] item: Leftovers
|-damage|p1a: Scizor|210\/281 brn|[from] brn
|turn|8
|
|switch|p2a: Kyurem-Black|Kyurem-Black, shiny|391\/391
|-ability|p2a: Kyurem-Black|Teravolt
|move|p1a: Scizor|Toxic|p2a: Kyurem-Black
|-status|p2a: Kyurem-Black|tox
|
|-heal|p1a: Scizor|227\/281 brn|[from] item: Leftovers
|-damage|p2a: Kyurem-Black|367\/391 tox|[from] psn
|-damage|p1a: Scizor|192\/281 brn|[from] brn
|turn|9
|
|switch|p2a: Bisharp|Bisharp, F, shiny|272\/272
|move|p1a: Scizor|Bullet Punch|p2a: Bisharp
|-resisted|p2a: Bisharp
|-damage|p2a: Bisharp|246\/272
|
|-heal|p1a: Scizor|209\/281 brn|[from] item: Leftovers
|-damage|p1a: Scizor|174\/281 brn|[from] brn
|turn|10
|
|move|p1a: Scizor|Bullet Punch|p2a: Bisharp
|-crit|p2a: Bisharp
|-resisted|p2a: Bisharp
|-damage|p2a: Bisharp|212\/272
|move|p2a: Bisharp|Swords Dance|p2a: Bisharp
|-boost|p2a: Bisharp|atk|2
|
|-heal|p1a: Scizor|191\/281 brn|[from] item: Leftovers
|-damage|p1a: Scizor|156\/281 brn|[from] brn
|turn|11
|
|move|p2a: Bisharp|Swords Dance|p2a: Bisharp
|-boost|p2a: Bisharp|atk|2
|move|p1a: Scizor|Swords Dance|p1a: Scizor
|-boost|p1a: Scizor|atk|2
|
|-heal|p1a: Scizor|173\/281 brn|[from] item: Leftovers
|-damage|p1a: Scizor|138\/281 brn|[from] brn
|turn|12
|
|move|p2a: Bisharp|Sucker Punch|p1a: Scizor
|-damage|p1a: Scizor|0 fnt
|faint|p1a: Scizor
|
|
|switch|p1a: Dragonite|Dragonite, F|323\/323
|turn|13
|
|move|p1a: Dragonite|Earthquake|p2a: Bisharp
|-supereffective|p2a: Bisharp
|-damage|p2a: Bisharp|0 fnt
|faint|p2a: Bisharp
|
|
|switch|p2a: Kyurem-Black|Kyurem-Black, shiny|367\/391 tox
|-ability|p2a: Kyurem-Black|Teravolt
|turn|14
|
|move|p2a: Kyurem-Black|Ice Beam|p1a: Dragonite
|-supereffective|p1a: Dragonite
|-damage|p1a: Dragonite|0 fnt
|-damage|p2a: Kyurem-Black|328\/391 tox|[from] item: Life Orb
|faint|p1a: Dragonite
|
|-damage|p2a: Kyurem-Black|304\/391 tox|[from] psn
|
|switch|p1a: Landorus-Therian|Landorus-Therian, M|299\/319
|-ability|p1a: Landorus-Therian|Intimidate|[of] p2a: Kyurem-Black
|-unboost|p2a: Kyurem-Black|atk|1
|turn|15
|
|move|p2a: Kyurem-Black|Ice Beam|p1a: Landorus-Therian
|-supereffective|p1a: Landorus-Therian
|-damage|p1a: Landorus-Therian|0 fnt
|-damage|p2a: Kyurem-Black|265\/391 tox|[from] item: Life Orb
|faint|p1a: Landorus-Therian
|
|-damage|p2a: Kyurem-Black|217\/391 tox|[from] psn
|
|switch|p1a: Charizard|Charizard, F|297\/297
|turn|16
|
|detailschange|p1a: Charizard|Charizard-Mega-X, F
|message|Charizard has Mega Evolved into Mega Charizard!
|move|p1a: Charizard|Dragon Dance|p1a: Charizard
|-boost|p1a: Charizard|atk|1
|-boost|p1a: Charizard|spe|1
|move|p2a: Kyurem-Black|Earth Power|p1a: Charizard
|-supereffective|p1a: Charizard
|-damage|p1a: Charizard|3\/297
|-damage|p2a: Kyurem-Black|178\/391 tox|[from] item: Life Orb
|
|-damage|p2a: Kyurem-Black|106\/391 tox|[from] psn
|turn|17
|c|âzealous1|:]
|c|âJohnny Tots|nice
|
|move|p1a: Charizard|Dragon Claw|p2a: Kyurem-Black
|-supereffective|p2a: Kyurem-Black
|-damage|p2a: Kyurem-Black|0 fnt
|faint|p2a: Kyurem-Black
|
|c|âJohnny Tots|thought u would dclaw
|
|switch|p2a: Pinsir|Pinsir-Mega, F, shiny|271\/271
|turn|18
|
|move|p2a: Pinsir|Quick Attack|p1a: Charizard
|-damage|p1a: Charizard|0 fnt
|faint|p1a: Charizard
|
|
|switch|p1a: Thundurus-Therian|Thundurus-Therian, M|299\/299
|turn|19
|
|move|p2a: Pinsir|Frustration|p1a: Thundurus-Therian
|-resisted|p1a: Thundurus-Therian
|-damage|p1a: Thundurus-Therian|122\/299
|move|p1a: Thundurus-Therian|Agility|p1a: Thundurus-Therian
|-boost|p1a: Thundurus-Therian|spe|2
|
|-heal|p1a: Thundurus-Therian|140\/299|[from] item: Leftovers
|turn|20
|
|move|p2a: Pinsir|Quick Attack|p1a: Thundurus-Therian
|-resisted|p1a: Thundurus-Therian
|-damage|p1a: Thundurus-Therian|71\/299
|move|p1a: Thundurus-Therian|Thunderbolt|p2a: Pinsir
|-supereffective|p2a: Pinsir
|-damage|p2a: Pinsir|0 fnt
|faint|p2a: Pinsir
|
|-heal|p1a: Thundurus-Therian|89\/299|[from] item: Leftovers
|c|âJohnny Tots|i knew it
|
|switch|p2a: Mew|Mew, shiny|356\/404
|turn|21
|
|move|p1a: Thundurus-Therian|Nasty Plot|p1a: Thundurus-Therian
|-boost|p1a: Thundurus-Therian|spa|2
|move|p2a: Mew|Knock Off|p1a: Thundurus-Therian
|-damage|p1a: Thundurus-Therian|0 fnt
|-enditem|p1a: Thundurus-Therian|Leftovers|[from] move: Knock Off|[of] p2a: Mew
|faint|p1a: Thundurus-Therian
|
|win|zealous1
|raw|Ladder updating...
|raw|Johnny Tots's rating: 1677 &rarr; <strong>1657<\/strong><br \/>(-20 for losing)
|raw|zealous1's rating: 1678 &rarr; <strong>1698<\/strong><br \/>(+20 for winning)
|c|âzealous1|gg
|leave|Johnny Tots
|player|p1