|join|Aka DH
|join|Johnny tots
|player|p1|Aka DH|266
|player|p2|Johnny tots|265
|gametype|singles
|gen|6
|tier|OU
|rated
|clearpoke
|poke|p1|Bisharp, F
|poke|p1|Venusaur, M
|poke|p1|Heatran, M
|poke|p1|Keldeo
|poke|p1|Chansey, F
|poke|p1|Skarmory, F
|poke|p2|Dragonite, M
|poke|p2|Gyarados, M
|poke|p2|Landorus-Therian, M
|poke|p2|Charizard, F
|poke|p2|Thundurus-Therian, M
|poke|p2|Scizor, M
|rule|Swagger Clause: Swagger is banned
|rule|Baton Pass Clause: Limit one PokÃ©mon knowing Baton Pass
|rule|Sleep Clause Mod: Limit one foe put to sleep
|rule|Species Clause: Limit one of each PokÃ©mon
|rule|OHKO Clause: OHKO moves are banned
|rule|Moody Clause: Moody is banned
|rule|Evasion Moves Clause: Evasion moves are banned
|rule|Endless Battle Clause: Forcing endless battles is banned
|rule|HP Percentage Mod: HP is shown in percentages
|teampreview
|join|uCan'tSeeMe
|join|SwiftSwimSweeper
|c| uCan'tSeeMe|go bloody!!
|c| SwiftSwimSweeper|(â¢Ìªâ))=\/\/âÌ¿Ì¿ Ì¿ Ì¿ Ì¿  => Johnny tots
|join|Funnelby
|c|âJohnny tots|haha
|c| SwiftSwimSweeper|âââ GO BLOODY! âââ
|c|âJohnny tots|same as last time?
|
|start
|switch|p1a: uCan'tSeeMe|Venusaur, M|364\/364
|switch|p2a: Gyarados|Gyarados, M|331\/331
|turn|1
|join|Lincolnrock
|
|detailschange|p1a: uCan'tSeeMe|Venusaur-Mega, M
|message|Venusaur has Mega Evolved into Mega Venusaur!
|move|p2a: Gyarados|Dragon Dance|p2a: Gyarados
|-boost|p2a: Gyarados|atk|1
|-boost|p2a: Gyarados|spe|1
|move|p1a: uCan'tSeeMe|Giga Drain|p2a: Gyarados
|-damage|p2a: Gyarados|217\/331
|
|turn|2
|join|CleanerThanRotom-W
|
|move|p2a: Gyarados|Earthquake|p1a: uCan'tSeeMe
|-crit|p1a: uCan'tSeeMe
|-damage|p1a: uCan'tSeeMe|190\/364
|move|p1a: uCan'tSeeMe|Leech Seed|p2a: Gyarados
|-start|p2a: Gyarados|move: Leech Seed
|
|-damage|p2a: Gyarados|176\/331|[from] Leech Seed|[of] p1a: uCan'tSeeMe
|-heal|p1a: uCan'tSeeMe|231\/364|[silent]
|turn|3
|c| CleanerThanRotom-W|go bloody!
|
|move|p2a: Gyarados|Taunt|p1a: uCan'tSeeMe
|-start|p1a: uCan'tSeeMe|move: Taunt
|cant|p1a: uCan'tSeeMe|move: Taunt|Synthesis
|
|-damage|p2a: Gyarados|135\/331|[from] Leech Seed|[of] p1a: uCan'tSeeMe
|-heal|p1a: uCan'tSeeMe|272\/364|[silent]
|turn|4
|c|+Funnelby|no bounce :\/
|
|move|p2a: Gyarados|Earthquake|p1a: uCan'tSeeMe
|-damage|p1a: uCan'tSeeMe|151\/364
|move|p1a: uCan'tSeeMe|Giga Drain|p2a: Gyarados
|-damage|p2a: Gyarados|36\/331
|-heal|p1a: uCan'tSeeMe|201\/364|[from] drain|[of] p2a: Gyarados
|
|-damage|p2a: Gyarados|0 fnt|[from] Leech Seed|[of] p1a: uCan'tSeeMe
|-heal|p1a: uCan'tSeeMe|237\/364|[silent]
|faint|p2a: Gyarados
|
|switch|p2a: Charizard|Charizard, F|297\/297
|turn|5
|
|switch|p1a: Appreciation|Heatran, M|340\/340
|-item|p1a: Appreciation|Air Balloon
|detailschange|p2a: Charizard|Charizard-Mega-X, F
|message|Charizard has Mega Evolved into Mega Charizard!
|move|p2a: Charizard|Dragon Dance|p2a: Charizard
|-boost|p2a: Charizard|atk|1
|-boost|p2a: Charizard|spe|1
|
|turn|6
|
|move|p2a: Charizard|Dragon Claw|p1a: Appreciation
|-resisted|p1a: Appreciation
|-damage|p1a: Appreciation|211\/340
|-enditem|p1a: Appreciation|Air Balloon
|move|p1a: Appreciation|Toxic|p2a: Charizard
|-status|p2a: Charizard|tox
|
|-damage|p2a: Charizard|279\/297 tox|[from] psn
|turn|7
|c| SwiftSwimSweeper|â Gyarados
|
|switch|p1a: Zenzoh|Skarmory, F|334\/334
|move|p2a: Charizard|Earthquake|p1a: Zenzoh
|-immune|p1a: Zenzoh|[msg]
|
|-damage|p2a: Charizard|243\/297 tox|[from] psn
|turn|8
|
|move|p2a: Charizard|Flare Blitz|p1a: Zenzoh
|-supereffective|p1a: Zenzoh
|-activate|p1a: Zenzoh|Sturdy
|-damage|p1a: Zenzoh|1\/334
|-damage|p2a: Charizard|194\/297 tox|[from] item: Rocky Helmet|[of] p1a: Zenzoh
|-damage|p2a: Charizard|84\/297 tox|[from] recoil|[of] p1a: Zenzoh
|move|p1a: Zenzoh|Roost|p1a: Zenzoh
|-heal|p1a: Zenzoh|168\/334
|
|-damage|p2a: Charizard|30\/297 tox|[from] psn
|turn|9
|join|i came from leddit
|
|switch|p1a: Appreciation|Heatran, M|211\/340
|move|p2a: Charizard|Earthquake|p1a: Appreciation
|-supereffective|p1a: Appreciation
|-damage|p1a: Appreciation|0 fnt
|faint|p1a: Appreciation
|
|-damage|p2a: Charizard|0 fnt|[from] psn
|faint|p2a: Charizard
|c| SwiftSwimSweeper|â Charizard
|
|switch|p2a: Dragonite|Dragonite, M|323\/323
|switch|p1a: uCan'tSeeMe|Venusaur-Mega, M|237\/364
|turn|10
|
|move|p2a: Dragonite|Dragon Dance|p2a: Dragonite
|-boost|p2a: Dragonite|atk|1
|-boost|p2a: Dragonite|spe|1
|move|p1a: uCan'tSeeMe|Leech Seed|p2a: Dragonite
|-start|p2a: Dragonite|move: Leech Seed
|
|-damage|p2a: Dragonite|283\/323|[from] Leech Seed|[of] p1a: uCan'tSeeMe
|-heal|p1a: uCan'tSeeMe|277\/364|[silent]
|turn|11
|
|move|p2a: Dragonite|Dragon Dance|p2a: Dragonite
|-boost|p2a: Dragonite|atk|1
|-boost|p2a: Dragonite|spe|1
|move|p1a: uCan'tSeeMe|Giga Drain|p2a: Dragonite
|-resisted|p2a: Dragonite
|-damage|p2a: Dragonite|258\/323
|-heal|p1a: uCan'tSeeMe|290\/364|[from] drain|[of] p2a: Dragonite
|
|-damage|p2a: Dragonite|218\/323|[from] Leech Seed|[of] p1a: uCan'tSeeMe
|-heal|p1a: uCan'tSeeMe|330\/364|[silent]
|turn|12
|
|switch|p1a: Zenzoh|Skarmory, F|168\/334
|move|p2a: Dragonite|Earthquake|p1a: Zenzoh
|-immune|p1a: Zenzoh|[msg]
|
|-damage|p2a: Dragonite|178\/323|[from] Leech Seed|[of] p1a: Zenzoh
|-heal|p1a: Zenzoh|208\/334|[silent]
|turn|13
|c| uCan'tSeeMe|muh venu
|
|move|p2a: Dragonite|Thunder Punch|p1a: Zenzoh
|-supereffective|p1a: Zenzoh
|-damage|p1a: Zenzoh|0 fnt
|-damage|p2a: Dragonite|125\/323|[from] item: Rocky Helmet|[of] p1a: Zenzoh
|faint|p1a: Zenzoh
|
|c| SwiftSwimSweeper|â Dragonite
|c| i came from leddit|>
|c| uCan'tSeeMe|>thunderpunch
|
|switch|p1a: I came from leddit|Bisharp, F|334\/334
|turn|14
|
|move|p1a: I came from leddit|Sucker Punch|p2a: Dragonite
|-fail|p2a: Dragonite
|move|p2a: Dragonite|Dragon Dance|p2a: Dragonite
|-boost|p2a: Dragonite|atk|1
|-boost|p2a: Dragonite|spe|1
|
|-damage|p2a: Dragonite|85\/323|[from] Leech Seed|[of] p1a: I came from leddit
|turn|15
|c| i came from leddit|lol
|c| uCan'tSeeMe|>dd's
|
|move|p1a: I came from leddit|Sucker Punch|p2a: Dragonite
|-fail|p2a: Dragonite
|move|p2a: Dragonite|Dragon Dance|p2a: Dragonite
|-boost|p2a: Dragonite|atk|1
|-boost|p2a: Dragonite|spe|1
|
|-damage|p2a: Dragonite|45\/323|[from] Leech Seed|[of] p1a: I came from leddit
|turn|16
|join|specswobbuffet
|c| uCan'tSeeMe|>dd's again
|
|switch|p2a: Landorus-Therian|Landorus-Therian, M|319\/319
|-ability|p2a: Landorus-Therian|Intimidate|[of] p1a: I came from leddit
|-unboost|p1a: I came from leddit|atk|1
|-boost|p1a: I came from leddit|atk|2|[from] ability: Defiant
|move|p1a: I came from leddit|Sucker Punch|p2a: Landorus-Therian
|-fail|p2a: Landorus-Therian
|
|turn|17
|c| specswobbuffet|âJohnny tots: rekt
|
|move|p1a: I came from leddit|Sucker Punch|p2a: Landorus-Therian
|-damage|p2a: Landorus-Therian|145\/319
|move|p2a: Landorus-Therian|Earthquake|p1a: I came from leddit
|-supereffective|p1a: I came from leddit
|-damage|p1a: I came from leddit|0 fnt
|faint|p1a: I came from leddit
|
|-heal|p2a: Landorus-Therian|164\/319|[from] item: Leftovers
|
|switch|p1a: my little jake zzz|Keldeo|323\/323
|turn|18
|
|switch|p2a: Dragonite|Dragonite, M|45\/323
|move|p1a: my little jake zzz|Scald|p2a: Dragonite
|-resisted|p2a: Dragonite
|-damage|p2a: Dragonite|0 fnt
|faint|p2a: Dragonite
|
|c| SwiftSwimSweeper|â Dragonite
|
|switch|p2a: Thundurus-Therian|Thundurus-Therian, M|299\/299
|turn|19
|
|move|p1a: my little jake zzz|Icy Wind|p2a: Thundurus-Therian
|-supereffective|p2a: Thundurus-Therian
|-damage|p2a: Thundurus-Therian|185\/299
|-unboost|p2a: Thundurus-Therian|spe|1
|move|p2a: Thundurus-Therian|Thunderbolt|p1a: my little jake zzz
|-supereffective|p1a: my little jake zzz
|-damage|p1a: my little jake zzz|0 fnt
|faint|p1a: my little jake zzz
|
|-heal|p2a: Thundurus-Therian|203\/299|[from] item: Leftovers
|c| CleanerThanRotom-W|>
|
|switch|p1a: uCan'tSeeMe|Venusaur-Mega, M|330\/364
|turn|20
|
|move|p1a: uCan'tSeeMe|Leech Seed|p2a: Thundurus-Therian
|-start|p2a: Thundurus-Therian|move: Leech Seed
|move|p2a: Thundurus-Therian|Agility|p2a: Thundurus-Therian
|-boost|p2a: Thundurus-Therian|spe|2
|
|-heal|p2a: Thundurus-Therian|221\/299|[from] item: Leftovers
|-damage|p2a: Thundurus-Therian|184\/299|[from] Leech Seed|[of] p1a: uCan'tSeeMe
|-heal|p1a: uCan'tSeeMe|364\/364|[silent]
|turn|21
|c| uCan'tSeeMe|can i pull thruu?
|
|move|p2a: Thundurus-Therian|Nasty Plot|p2a: Thundurus-Therian
|-boost|p2a: Thundurus-Therian|spa|2
|move|p1a: uCan'tSeeMe|Giga Drain|p2a: Thundurus-Therian
|-resisted|p2a: Thundurus-Therian
|-damage|p2a: Thundurus-Therian|142\/299
|
|-heal|p2a: Thundurus-Therian|160\/299|[from] item: Leftovers
|-damage|p2a: Thundurus-Therian|123\/299|[from] Leech Seed|[of] p1a: uCan'tSeeMe
|turn|22
|
|move|p2a: Thundurus-Therian|Nasty Plot|p2a: Thundurus-Therian
|-boost|p2a: Thundurus-Therian|spa|2
|move|p1a: uCan'tSeeMe|Giga Drain|p2a: Thundurus-Therian
|-resisted|p2a: Thundurus-Therian
|-damage|p2a: Thundurus-Therian|79\/299
|
|-heal|p2a: Thundurus-Therian|97\/299|[from] item: Leftovers
|-damage|p2a: Thundurus-Therian|60\/299|[from] Leech Seed|[of] p1a: uCan'tSeeMe
|turn|23
|c| SwiftSwimSweeper|>agility against Mega Venu
|
|move|p2a: Thundurus-Therian|Thunderbolt|p1a: uCan'tSeeMe
|-resisted|p1a: uCan'tSeeMe
|-damage|p1a: uCan'tSeeMe|157\/364
|move|p1a: uCan'tSeeMe|Synthesis|p1a: uCan'tSeeMe
|-heal|p1a: uCan'tSeeMe|339\/364
|
|-heal|p2a: Thundurus-Therian|78\/299|[from] item: Leftovers
|-damage|p2a: Thundurus-Therian|41\/299|[from] Leech Seed|[of] p1a: uCan'tSeeMe
|-heal|p1a: uCan'tSeeMe|364\/364|[silent]
|turn|24
|
|move|p2a: Thundurus-Therian|Nasty Plot|p2a: Thundurus-Therian
|-boost|p2a: Thundurus-Therian|spa|2
|move|p1a: uCan'tSeeMe|Synthesis|p1a: uCan'tSeeMe
|
|-heal|p2a: Thundurus-Therian|59\/299|[from] item: Leftovers
|-damage|p2a: Thundurus-Therian|22\/299|[from] Leech Seed|[of] p1a: uCan'tSeeMe
|turn|25
|join|irl cat
|
|move|p2a: Thundurus-Therian|Thunderbolt|p1a: uCan'tSeeMe
|-resisted|p1a: uCan'tSeeMe
|-damage|p1a: uCan'tSeeMe|79\/364
|move|p1a: uCan'tSeeMe|Synthesis|p1a: uCan'tSeeMe
|-heal|p1a: uCan'tSeeMe|261\/364
|
|-heal|p2a: Thundurus-Therian|40\/299|[from] item: Leftovers
|-damage|p2a: Thundurus-Therian|3\/299|[from] Leech Seed|[of] p1a: uCan'tSeeMe
|-heal|p1a: uCan'tSeeMe|298\/364|[silent]
|turn|26
|c| irl cat|it fuking lived
|
|move|p2a: Thundurus-Therian|Thunderbolt|p1a: uCan'tSeeMe
|-resisted|p1a: uCan'tSeeMe
|-damage|p1a: uCan'tSeeMe|31\/364
|move|p1a: uCan'tSeeMe|Synthesis|p1a: uCan'tSeeMe
|-heal|p1a: uCan'tSeeMe|213\/364
|
|-heal|p2a: Thundurus-Therian|21\/299|[from] item: Leftovers
|-damage|p2a: Thundurus-Therian|0 fnt|[from] Leech Seed|[of] p1a: uCan'tSeeMe
|-heal|p1a: uCan'tSeeMe|234\/364|[silent]
|faint|p2a: Thundurus-Therian
|
|switch|p2a: Landorus-Therian|Landorus-Therian, M|164\/319
|-ability|p2a: Landorus-Therian|Intimidate|[of] p1a: uCan'tSeeMe
|-unboost|p1a: uCan'tSeeMe|atk|1
|turn|27
|c| SwiftSwimSweeper|â thundurus
|
|move|p2a: Landorus-Therian|Swords Dance|p2a: Landorus-Therian
|-boost|p2a: Landorus-Therian|atk|2
|move|p1a: uCan'tSeeMe|Leech Seed|p2a: Landorus-Therian
|-start|p2a: Landorus-Therian|move: Leech Seed
|
|-heal|p2a: Landorus-Therian|183\/319|[from] item: Leftovers
|-damage|p2a: Landorus-Therian|144\/319|[from] Leech Seed|[of] p1a: uCan'tSeeMe
|-heal|p1a: uCan'tSeeMe|273\/364|[silent]
|turn|28
|c| uCan'tSeeMe|my venu
|
|move|p2a: Landorus-Therian|Earthquake|p1a: uCan'tSeeMe
|-damage|p1a: uCan'tSeeMe|60\/364
|move|p1a: uCan'tSeeMe|Giga Drain|p2a: Landorus-Therian
|-damage|p2a: Landorus-Therian|15\/319
|-heal|p1a: uCan'tSeeMe|125\/364|[from] drain|[of] p2a: Landorus-Therian
|
|-heal|p2a: Landorus-Therian|34\/319|[from] item: Leftovers
|-damage|p2a: Landorus-Therian|0 fnt|[from] Leech Seed|[of] p1a: uCan'tSeeMe
|-heal|p1a: uCan'tSeeMe|159\/364|[silent]
|faint|p2a: Landorus-Therian
|c| CleanerThanRotom-W|>
|c| SwiftSwimSweeper|â landorus
|
|switch|p2a: Scizor|Scizor, M|281\/281
|turn|29
|c| uCan'tSeeMe|my venu
|c|âJohnny tots|better have hp fire
|c| CleanerThanRotom-W|rip johnny
|c| uCan'tSeeMe|i can pull thruu
|
|move|p1a: uCan'tSeeMe|Synthesis|p1a: uCan'tSeeMe
|-heal|p1a: uCan'tSeeMe|341\/364
|move|p2a: Scizor|Swords Dance|p2a: Scizor
|-boost|p2a: Scizor|atk|2
|
|turn|30
|
|move|p1a: uCan'tSeeMe|Hidden Power|p2a: Scizor
|-supereffective|p2a: Scizor
|-damage|p2a: Scizor|61\/281
|move|p2a: Scizor|Swords Dance|p2a: Scizor
|-boost|p2a: Scizor|atk|2
|
|-heal|p2a: Scizor|78\/281|[from] item: Leftovers
|turn|31
|c| uCan'tSeeMe|im doin
|c| uCan'tSeeMe|it
|c| CleanerThanRotom-W|>>
|c| uCan'tSeeMe|!!!!
|c| SwiftSwimSweeper|set up on every pokemon
|
|move|p2a: Scizor|Bullet Punch|p1a: uCan'tSeeMe
|-damage|p1a: uCan'tSeeMe|160\/364
|move|p1a: uCan'tSeeMe|Hidden Power|p2a: Scizor
|-supereffective|p2a: Scizor
|-damage|p2a: Scizor|0 fnt
|faint|p2a: Scizor
|
|win|Aka DH
|raw|Ladder updating...
|c| uCan'tSeeMe|i sweeped
|raw|Aka DH's rating: 1896 &rarr; <strong>1908<\/strong><br \/>(+12 for winning)
|raw|Johnny tots's rating: 1757 &rarr; <strong>1744<\/strong><br \/>(-13 for losing)
|c| uCan'tSeeMe|!!
|c| SwiftSwimSweeper|â scizor
|c| CleanerThanRotom-W|good job seeme!
|c| uCan'tSeeMe|!!
|c| uCan'tSeeMe|<3
|c| SwiftSwimSweeper|gg
|c| i came from leddit|rip nerd
|c| CleanerThanRotom-W|<3
|c| i came from leddit|seeme is fat
|c|âJohnny tots|haha suck it
|c| CleanerThanRotom-W|bloody frens
|c| uCan'tSeeMe|suck it
|join|birdetta
|c| i came from leddit|>haha suck it
|c| CleanerThanRotom-W|forever
|c| uCan'tSeeMe|kk
|c| uCan'tSeeMe|nerd
|c| i came from leddit|xD
|c| specswobbuffet|bloody why do you have so few pooints
|leave|birdetta
|c| uCan'tSeeMe|xd
|leave|i came from leddit
|c|âAka DH|âJohnny tots: same as last time?
|c| uCan'tSeeMe|rekt
|c| uCan'tSeeMe|rekt
|c| uCan'tSeeMe|rekt
|c| specswobbuffet|you have to get as good as cosine
|c|âJohnny tots|1-1
|c| uCan'tSeeMe|retard