|join|Johnny Tots
|join|M0A L0RD P34
|player|p1|Johnny Tots|1
|player|p2|M0A L0RD P34|97
|gametype|singles
|gen|6
|tier|OU
|rated
|clearpoke
|poke|p1|Dragonite, F
|poke|p1|Gyarados, M
|poke|p1|Landorus-Therian, M
|poke|p1|Charizard, M
|poke|p1|Thundurus-Therian, M
|poke|p1|Scizor, M
|poke|p2|Metagross
|poke|p2|Bisharp, M
|poke|p2|Raikou
|poke|p2|Azumarill, M
|poke|p2|Talonflame, M
|poke|p2|Azelf
|rule|Swagger Clause: Swagger is banned
|rule|Baton Pass Clause: Limit one PokÃ©mon knowing Baton Pass
|rule|Sleep Clause Mod: Limit one foe put to sleep
|rule|Species Clause: Limit one of each PokÃ©mon
|rule|OHKO Clause: OHKO moves are banned
|rule|Moody Clause: Moody is banned
|rule|Evasion Moves Clause: Evasion moves are banned
|rule|Endless Battle Clause: Forcing endless battles is banned
|rule|HP Percentage Mod: HP is shown in percentages
|teampreview
|
|start
|switch|p1a: Landorus-Therian|Landorus-Therian, M|319\/319
|switch|p2a: Tether|Azelf|338\/338
|-ability|p1a: Landorus-Therian|Intimidate|[of] p2a: Tether
|-unboost|p2a: Tether|atk|1
|turn|1
|
|move|p2a: Tether|Stealth Rock|p1a: Landorus-Therian
|-sidestart|p1: Johnny Tots|move: Stealth Rock
|move|p1a: Landorus-Therian|Rock Polish|p1a: Landorus-Therian
|-boost|p1a: Landorus-Therian|spe|2
|
|turn|2
|
|move|p1a: Landorus-Therian|Swords Dance|p1a: Landorus-Therian
|-boost|p1a: Landorus-Therian|atk|2
|move|p2a: Tether|Explosion|p1a: Landorus-Therian
|-damage|p1a: Landorus-Therian|184\/319
|faint|p2a: Tether
|
|-heal|p1a: Landorus-Therian|203\/319|[from] item: Leftovers
|
|switch|p2a: Azumarill|Azumarill, M|386\/386
|turn|3
|
|move|p2a: Azumarill|Aqua Jet|p1a: Landorus-Therian
|-supereffective|p1a: Landorus-Therian
|-damage|p1a: Landorus-Therian|69\/319
|move|p1a: Landorus-Therian|Earthquake|p2a: Azumarill
|-damage|p2a: Azumarill|0 fnt
|faint|p2a: Azumarill
|
|-heal|p1a: Landorus-Therian|88\/319|[from] item: Leftovers
|
|switch|p2a: Talonflame|Talonflame, M|297\/297
|turn|4
|
|move|p2a: Talonflame|Brave Bird|p1a: Landorus-Therian
|-damage|p1a: Landorus-Therian|0 fnt
|-damage|p2a: Talonflame|268\/297|[from] recoil|[of] p1a: Landorus-Therian
|faint|p1a: Landorus-Therian
|
|-heal|p2a: Talonflame|286\/297|[from] item: Leftovers
|
|switch|p1a: Thundurus-Therian|Thundurus-Therian, M|299\/299
|-damage|p1a: Thundurus-Therian|225\/299|[from] Stealth Rock
|turn|5
|
|switch|p2a: Raikou|Raikou|321\/321
|-ability|p2a: Raikou|Pressure
|move|p1a: Thundurus-Therian|Thunderbolt|p2a: Raikou
|-resisted|p2a: Raikou
|-damage|p2a: Raikou|265\/321
|
|-heal|p1a: Thundurus-Therian|243\/299|[from] item: Leftovers
|turn|6
|
|move|p2a: Raikou|Hidden Power|p1a: Thundurus-Therian
|-supereffective|p1a: Thundurus-Therian
|-damage|p1a: Thundurus-Therian|131\/299
|move|p1a: Thundurus-Therian|Agility|p1a: Thundurus-Therian
|-boost|p1a: Thundurus-Therian|spe|2
|
|-heal|p1a: Thundurus-Therian|149\/299|[from] item: Leftovers
|turn|7
|
|switch|p1a: Scizor|Scizor, M|281\/281
|-damage|p1a: Scizor|246\/281|[from] Stealth Rock
|move|p2a: Raikou|Hidden Power|p1a: Scizor
|-resisted|p1a: Scizor
|-damage|p1a: Scizor|215\/281
|
|-heal|p1a: Scizor|232\/281|[from] item: Leftovers
|turn|8
|
|move|p2a: Raikou|Volt Switch|p1a: Scizor
|-damage|p1a: Scizor|115\/281
|
|switch|p2a: Talonflame|Talonflame, M|286\/297
|move|p1a: Scizor|Defog|p2a: Talonflame
|-unboost|p2a: Talonflame|evasion|1
|-sideend|p1: Johnny Tots|Stealth Rock|[from] move: Defog|[of] p1a: Scizor
|
|-heal|p2a: Talonflame|297\/297|[from] item: Leftovers
|-heal|p1a: Scizor|132\/281|[from] item: Leftovers
|turn|9
|
|move|p1a: Scizor|Bullet Punch|p2a: Talonflame
|-crit|p2a: Talonflame
|-resisted|p2a: Talonflame
|-damage|p2a: Talonflame|204\/297
|move|p2a: Talonflame|Swords Dance|p2a: Talonflame
|-boost|p2a: Talonflame|atk|2
|
|-heal|p2a: Talonflame|222\/297|[from] item: Leftovers
|-heal|p1a: Scizor|149\/281|[from] item: Leftovers
|turn|10
|
|move|p2a: Talonflame|Swords Dance|p2a: Talonflame
|-boost|p2a: Talonflame|atk|2
|move|p1a: Scizor|Toxic|p2a: Talonflame
|-status|p2a: Talonflame|tox
|
|-heal|p2a: Talonflame|240\/297 tox|[from] item: Leftovers
|-heal|p1a: Scizor|166\/281|[from] item: Leftovers
|-damage|p2a: Talonflame|222\/297 tox|[from] psn
|turn|11
|c|âM0A L0RD P34|give me sida
|
|move|p2a: Talonflame|Roost|p2a: Talonflame
|-heal|p2a: Talonflame|297\/297 tox
|move|p1a: Scizor|Bullet Punch|p2a: Talonflame
|-resisted|p2a: Talonflame
|-damage|p2a: Talonflame|240\/297 tox
|
|-heal|p2a: Talonflame|258\/297 tox|[from] item: Leftovers
|-heal|p1a: Scizor|183\/281|[from] item: Leftovers
|-damage|p2a: Talonflame|222\/297 tox|[from] psn
|turn|12
|
|move|p2a: Talonflame|Brave Bird|p1a: Scizor
|-damage|p1a: Scizor|0 fnt
|-damage|p2a: Talonflame|162\/297 tox|[from] recoil|[of] p1a: Scizor
|faint|p1a: Scizor
|
|-heal|p2a: Talonflame|180\/297 tox|[from] item: Leftovers
|-damage|p2a: Talonflame|126\/297 tox|[from] psn
|
|switch|p1a: Dragonite|Dragonite, F|323\/323
|turn|13
|
|move|p2a: Talonflame|Brave Bird|p1a: Dragonite
|-damage|p1a: Dragonite|96\/323
|-damage|p2a: Talonflame|51\/297 tox|[from] recoil|[of] p1a: Dragonite
|move|p1a: Dragonite|Dragon Dance|p1a: Dragonite
|-boost|p1a: Dragonite|atk|1
|-boost|p1a: Dragonite|spe|1
|
|-heal|p2a: Talonflame|69\/297 tox|[from] item: Leftovers
|-damage|p2a: Talonflame|0 fnt|[from] psn
|faint|p2a: Talonflame
|
|switch|p2a: Bisharp|Bisharp, M|271\/271
|turn|14
|
|move|p2a: Bisharp|Sucker Punch|p1a: Dragonite
|-fail|p1a: Dragonite
|move|p1a: Dragonite|Dragon Dance|p1a: Dragonite
|-boost|p1a: Dragonite|atk|1
|-boost|p1a: Dragonite|spe|1
|
|turn|15
|
|move|p1a: Dragonite|Dragon Dance|p1a: Dragonite
|-boost|p1a: Dragonite|atk|1
|-boost|p1a: Dragonite|spe|1
|move|p2a: Bisharp|Knock Off|p1a: Dragonite
|-damage|p1a: Dragonite|0 fnt
|-enditem|p1a: Dragonite|Lum Berry|[from] move: Knock Off|[of] p2a: Bisharp
|-damage|p2a: Bisharp|244\/271|[from] item: Life Orb
|faint|p1a: Dragonite
|
|
|switch|p1a: Gyarados|Gyarados, M|331\/331
|turn|16
|
|move|p1a: Gyarados|Earthquake|p2a: Bisharp
|-supereffective|p2a: Bisharp
|-damage|p2a: Bisharp|12\/271
|move|p2a: Bisharp|Knock Off|p1a: Gyarados
|-damage|p1a: Gyarados|62\/331
|-enditem|p1a: Gyarados|Lum Berry|[from] move: Knock Off|[of] p2a: Bisharp
|-damage|p2a: Bisharp|0 fnt|[from] item: Life Orb
|faint|p2a: Bisharp
|
|
|switch|p2a: Raikou|Raikou|265\/321
|-ability|p2a: Raikou|Pressure
|turn|17
|
|move|p2a: Raikou|Volt Switch|p1a: Gyarados
|-supereffective|p1a: Gyarados
|-damage|p1a: Gyarados|0 fnt
|faint|p1a: Gyarados
|
|switch|p2a: Metagross|Metagross|301\/301
|
|
|switch|p1a: Charizard|Charizard, M|297\/297
|turn|18
|
|detailschange|p1a: Charizard|Charizard-Mega-X, M
|-mega|p1a: Charizard|Charizard|Charizardite X
|detailschange|p2a: Metagross|Metagross-Mega
|-mega|p2a: Metagross|Metagross|Metagrossite
|move|p1a: Charizard|Dragon Dance|p1a: Charizard
|-boost|p1a: Charizard|atk|1
|-boost|p1a: Charizard|spe|1
|move|p2a: Metagross|Zen Headbutt|p1a: Charizard
|-crit|p1a: Charizard
|-damage|p1a: Charizard|18\/297
|
|turn|19
|
|move|p1a: Charizard|Earthquake|p2a: Metagross
|-supereffective|p2a: Metagross
|-damage|p2a: Metagross|9\/301
|move|p2a: Metagross|Zen Headbutt|p1a: Charizard
|-damage|p1a: Charizard|0 fnt
|faint|p1a: Charizard
|
|
|switch|p1a: Thundurus-Therian|Thundurus-Therian, M|149\/299
|turn|20
|
|move|p2a: Metagross|Zen Headbutt|p1a: Thundurus-Therian
|-damage|p1a: Thundurus-Therian|0 fnt
|faint|p1a: Thundurus-Therian
|
|win|M0A L0RD P34
|raw|Ladder updating...
|raw|Johnny Tots's rating: 1647 &rarr; <strong>1631<\/strong><br \/>(-16 for losing)
|raw|M0A L0RD P34's rating: 1720 &rarr; <strong>1736<\/strong><br \/>(+16 for winning)