|join|Johnny tots
|join|thebluerabbit
|player|p1|Johnny tots|265
|player|p2|thebluerabbit|209
|gametype|singles
|gen|6
|tier|OU
|rated
|clearpoke
|poke|p1|Dragonite, F
|poke|p1|Gyarados, F
|poke|p1|Landorus-Therian, M
|poke|p1|Charizard, M
|poke|p1|Thundurus-Therian, M
|poke|p1|Scizor, M
|poke|p2|Chansey, F
|poke|p2|Jirachi
|poke|p2|Whimsicott, M, shiny
|poke|p2|Wobbuffet, M
|poke|p2|Manaphy
|poke|p2|Mew, shiny
|rule|Swagger Clause: Swagger is banned
|rule|Baton Pass Clause: Limit one PokÃ©mon knowing Baton Pass
|rule|Sleep Clause Mod: Limit one foe put to sleep
|rule|Species Clause: Limit one of each PokÃ©mon
|rule|OHKO Clause: OHKO moves are banned
|rule|Moody Clause: Moody is banned
|rule|Evasion Moves Clause: Evasion moves are banned
|rule|Endless Battle Clause: Forcing endless battles is banned
|rule|HP Percentage Mod: HP is shown in percentages
|teampreview
|c|âthebluerabbit|hello
|
|start
|switch|p1a: Gyarados|Gyarados, F|331\/331
|switch|p2a: Wobbuffet|Wobbuffet, M|522\/522
|turn|1
|c|âJohnny tots|hi gl
|
|move|p1a: Gyarados|Taunt|p2a: Wobbuffet
|-start|p2a: Wobbuffet|move: Taunt
|move|p2a: Wobbuffet|Counter|p1a: Gyarados
|-fail|p1a: Gyarados
|
|turn|2
|
|move|p1a: Gyarados|Dragon Dance|p1a: Gyarados
|-boost|p1a: Gyarados|atk|1
|-boost|p1a: Gyarados|spe|1
|move|p2a: Wobbuffet|Counter|p1a: Gyarados
|-fail|p1a: Gyarados
|
|turn|3
|
|switch|p2a: Whimsicott|Whimsicott, M, shiny|261\/261
|move|p1a: Gyarados|Ice Fang|p2a: Whimsicott
|-supereffective|p2a: Whimsicott
|-damage|p2a: Whimsicott|85\/261
|
|turn|4
|
|switch|p2a: Jirachi|Jirachi|404\/404
|move|p1a: Gyarados|Ice Fang|p2a: Jirachi|[miss]
|-miss|p1a: Gyarados|p2a: Jirachi
|
|turn|5
|
|move|p1a: Gyarados|Earthquake|p2a: Jirachi
|-supereffective|p2a: Jirachi
|-damage|p2a: Jirachi|72\/404
|move|p2a: Jirachi|Thunder Wave|p1a: Gyarados
|-status|p1a: Gyarados|par
|-enditem|p1a: Gyarados|Lum Berry|[eat]
|-curestatus|p1a: Gyarados|par
|
|-heal|p2a: Jirachi|97\/404|[from] item: Leftovers
|turn|6
|
|move|p1a: Gyarados|Earthquake|p2a: Jirachi
|-supereffective|p2a: Jirachi
|-damage|p2a: Jirachi|0 fnt
|faint|p2a: Jirachi
|-boost|p1a: Gyarados|atk|1|[from] ability: Moxie
|
|
|switch|p2a: Wobbuffet|Wobbuffet, M|522\/522
|turn|7
|
|switch|p2a: Whimsicott|Whimsicott, M, shiny|85\/261
|move|p1a: Gyarados|Taunt|p2a: Whimsicott
|-start|p2a: Whimsicott|move: Taunt
|
|turn|8
|
|switch|p2a: Chansey|Chansey, F|642\/642
|move|p1a: Gyarados|Ice Fang|p2a: Chansey
|-damage|p2a: Chansey|431\/642
|
|turn|9
|
|move|p1a: Gyarados|Taunt|p2a: Chansey
|-start|p2a: Chansey|move: Taunt
|cant|p2a: Chansey|move: Taunt|Wish
|
|turn|10
|
|move|p1a: Gyarados|Dragon Dance|p1a: Gyarados
|-boost|p1a: Gyarados|atk|1
|-boost|p1a: Gyarados|spe|1
|move|p2a: Chansey|Counter|p1a: Gyarados
|-fail|p1a: Gyarados
|
|turn|11
|c|âthebluerabbit|yeah you win
|
|move|p1a: Gyarados|Dragon Dance|p1a: Gyarados
|-boost|p1a: Gyarados|atk|1
|-boost|p1a: Gyarados|spe|1
|move|p2a: Chansey|Counter|p1a: Gyarados
|-fail|p1a: Gyarados
|
|-end|p2a: Chansey|move: Taunt
|turn|12
|
|move|p1a: Gyarados|Taunt|p2a: Chansey
|-start|p2a: Chansey|move: Taunt
|cant|p2a: Chansey|move: Taunt|Wish
|
|turn|13
|
|switch|p2a: Whimsicott|Whimsicott, M, shiny|85\/261
|move|p1a: Gyarados|Dragon Dance|p1a: Gyarados
|-boost|p1a: Gyarados|atk|1
|-boost|p1a: Gyarados|spe|1
|
|turn|14
|c|âJohnny tots|fuck
|c|âthebluerabbit|lol
|c|âthebluerabbit|no worries. i have no chance anymore XP
|
|move|p2a: Whimsicott|Encore|p1a: Gyarados
|-start|p1a: Gyarados|Encore
|move|p1a: Gyarados|Dragon Dance|p1a: Gyarados
|-boost|p1a: Gyarados|atk|1
|-boost|p1a: Gyarados|spe|1
|
|turn|15
|
|switch|p1a: Scizor|Scizor, M|281\/281
|move|p2a: Whimsicott|Leech Seed|p1a: Scizor
|-start|p1a: Scizor|move: Leech Seed
|
|-damage|p1a: Scizor|246\/281|[from] Leech Seed|[of] p2a: Whimsicott
|-heal|p2a: Whimsicott|130\/261|[silent]
|turn|16
|c|âJohnny tots|yea u do
|
|move|p2a: Whimsicott|Substitute|p2a: Whimsicott
|-start|p2a: Whimsicott|Substitute
|-damage|p2a: Whimsicott|65\/261
|move|p1a: Scizor|Bullet Punch|p2a: Whimsicott
|-supereffective|p2a: Whimsicott
|-end|p2a: Whimsicott|Substitute
|
|-heal|p1a: Scizor|263\/281|[from] item: Leftovers
|-damage|p1a: Scizor|228\/281|[from] Leech Seed|[of] p2a: Whimsicott
|-heal|p2a: Whimsicott|110\/261|[silent]
|turn|17
|c|âthebluerabbit|eh i doubt it
|
|move|p2a: Whimsicott|Substitute|p2a: Whimsicott
|-start|p2a: Whimsicott|Substitute
|-damage|p2a: Whimsicott|45\/261
|move|p1a: Scizor|Bullet Punch|p2a: Whimsicott
|-supereffective|p2a: Whimsicott
|-end|p2a: Whimsicott|Substitute
|
|-heal|p1a: Scizor|245\/281|[from] item: Leftovers
|-damage|p1a: Scizor|210\/281|[from] Leech Seed|[of] p2a: Whimsicott
|-heal|p2a: Whimsicott|90\/261|[silent]
|turn|18
|
|move|p2a: Whimsicott|Substitute|p2a: Whimsicott
|-start|p2a: Whimsicott|Substitute
|-damage|p2a: Whimsicott|25\/261
|move|p1a: Scizor|Bullet Punch|p2a: Whimsicott
|-supereffective|p2a: Whimsicott
|-end|p2a: Whimsicott|Substitute
|
|-heal|p1a: Scizor|227\/281|[from] item: Leftovers
|-damage|p1a: Scizor|192\/281|[from] Leech Seed|[of] p2a: Whimsicott
|-heal|p2a: Whimsicott|70\/261|[silent]
|turn|19
|
|move|p2a: Whimsicott|Substitute|p2a: Whimsicott
|-start|p2a: Whimsicott|Substitute
|-damage|p2a: Whimsicott|5\/261
|move|p1a: Scizor|Bullet Punch|p2a: Whimsicott
|-supereffective|p2a: Whimsicott
|-end|p2a: Whimsicott|Substitute
|
|-heal|p1a: Scizor|209\/281|[from] item: Leftovers
|-damage|p1a: Scizor|174\/281|[from] Leech Seed|[of] p2a: Whimsicott
|-heal|p2a: Whimsicott|50\/261|[silent]
|turn|20
|
|switch|p2a: Manaphy|Manaphy|342\/342
|move|p1a: Scizor|Bullet Punch|p2a: Manaphy
|-resisted|p2a: Manaphy
|-damage|p2a: Manaphy|294\/342
|
|-heal|p1a: Scizor|191\/281|[from] item: Leftovers
|-damage|p1a: Scizor|156\/281|[from] Leech Seed|[of] p2a: Manaphy
|-heal|p2a: Manaphy|329\/342|[silent]
|turn|21
|
|move|p2a: Manaphy|Rain Dance|p2a: Manaphy
|-weather|RainDance
|move|p1a: Scizor|Toxic|p2a: Manaphy
|-status|p2a: Manaphy|tox
|
|-weather|RainDance|[upkeep]
|-curestatus|p2a: Manaphy|tox
|-heal|p1a: Scizor|173\/281|[from] item: Leftovers
|-damage|p1a: Scizor|138\/281|[from] Leech Seed|[of] p2a: Manaphy
|-heal|p2a: Manaphy|342\/342|[silent]
|turn|22
|
|switch|p1a: Thundurus-Therian|Thundurus-Therian, M|300\/300
|move|p2a: Manaphy|Tail Glow|p2a: Manaphy
|-boost|p2a: Manaphy|spa|3
|
|-weather|RainDance|[upkeep]
|turn|23
|
|move|p2a: Manaphy|Surf|p1a: Thundurus-Therian
|-damage|p1a: Thundurus-Therian|0 fnt
|faint|p1a: Thundurus-Therian
|
|-weather|RainDance|[upkeep]
|
|switch|p1a: Dragonite|Dragonite, F|323\/323
|turn|24
|
|move|p2a: Manaphy|Surf|p1a: Dragonite
|-resisted|p1a: Dragonite
|-damage|p1a: Dragonite|206\/323
|move|p1a: Dragonite|Dragon Dance|p1a: Dragonite
|-boost|p1a: Dragonite|atk|1
|-boost|p1a: Dragonite|spe|1
|
|-weather|RainDance|[upkeep]
|turn|25
|
|move|p1a: Dragonite|Thunder Punch|p2a: Manaphy
|-supereffective|p2a: Manaphy
|-damage|p2a: Manaphy|52\/342
|move|p2a: Manaphy|Surf|p1a: Dragonite
|-resisted|p1a: Dragonite
|-damage|p1a: Dragonite|0 fnt
|faint|p1a: Dragonite
|
|-weather|RainDance|[upkeep]
|
|switch|p1a: Gyarados|Gyarados, F|331\/331
|turn|26
|
|move|p2a: Manaphy|Rest|p2a: Manaphy
|-status|p2a: Manaphy|slp
|-heal|p2a: Manaphy|342\/342 slp|[silent]
|-status|p2a: Manaphy|slp|[from] move: Rest
|move|p1a: Gyarados|Earthquake|p2a: Manaphy
|-damage|p2a: Manaphy|217\/342 slp
|
|-weather|RainDance|[upkeep]
|-curestatus|p2a: Manaphy|slp
|turn|27
|
|move|p2a: Manaphy|Tail Glow|p2a: Manaphy
|-boost|p2a: Manaphy|spa|3
|move|p1a: Gyarados|Dragon Dance|p1a: Gyarados
|-boost|p1a: Gyarados|atk|1
|-boost|p1a: Gyarados|spe|1
|
|-weather|RainDance|[upkeep]
|turn|28
|
|move|p1a: Gyarados|Earthquake|p2a: Manaphy
|-damage|p2a: Manaphy|43\/342
|move|p2a: Manaphy|Surf|p1a: Gyarados
|-resisted|p1a: Gyarados
|-damage|p1a: Gyarados|0 fnt
|faint|p1a: Gyarados
|
|-weather|none
|
|switch|p1a: Charizard|Charizard, M|297\/297
|turn|29
|
|detailschange|p1a: Charizard|Charizard-Mega-X, M
|message|Charizard has Mega Evolved into Mega Charizard!
|move|p2a: Manaphy|Surf|p1a: Charizard
|-damage|p1a: Charizard|0 fnt
|faint|p1a: Charizard
|
|
|switch|p1a: Scizor|Scizor, M|138\/281
|turn|30
|c|âthebluerabbit|lols
|
|move|p1a: Scizor|Bullet Punch|p2a: Manaphy
|-resisted|p2a: Manaphy
|-damage|p2a: Manaphy|0 fnt
|faint|p2a: Manaphy
|
|-heal|p1a: Scizor|155\/281|[from] item: Leftovers
|c|âJohnny tots|wow
|
|switch|p2a: Mew|Mew, shiny|341\/341
|turn|31
|
|move|p2a: Mew|Flamethrower|p1a: Scizor
|-supereffective|p1a: Scizor
|-damage|p1a: Scizor|0 fnt
|-damage|p2a: Mew|307\/341|[from] item: Life Orb
|faint|p1a: Scizor
|
|
|switch|p1a: Landorus-Therian|Landorus-Therian, M|319\/319
|-ability|p1a: Landorus-Therian|Intimidate|[of] p2a: Mew
|-unboost|p2a: Mew|atk|1
|turn|32
|
|move|p2a: Mew|Flamethrower|p1a: Landorus-Therian
|-damage|p1a: Landorus-Therian|177\/319
|-damage|p2a: Mew|273\/341|[from] item: Life Orb
|move|p1a: Landorus-Therian|Earthquake|p2a: Mew
|-damage|p2a: Mew|84\/341
|
|-heal|p1a: Landorus-Therian|196\/319|[from] item: Leftovers
|turn|33
|
|move|p2a: Mew|Flamethrower|p1a: Landorus-Therian
|-damage|p1a: Landorus-Therian|61\/319
|-damage|p2a: Mew|50\/341|[from] item: Life Orb
|move|p1a: Landorus-Therian|Earthquake|p2a: Mew
|-damage|p2a: Mew|0 fnt
|faint|p2a: Mew
|
|-heal|p1a: Landorus-Therian|80\/319|[from] item: Leftovers
|
|switch|p2a: Whimsicott|Whimsicott, M, shiny|50\/261
|turn|34
|-message|Johnny tots forfeited.
|
|win|thebluerabbit
|raw|Ladder updating...
|leave|Johnny tots
|player|p1
|raw|Johnny tots's rating: 1487 &rarr; <strong>1464<\/strong><br \/>(-23 for losing)
|raw|thebluerabbit's rating: 1434 &rarr; <strong>1457<\/strong><br \/>(+23 for winning)