|join|Johnny Tots
|join|J@vier
|player|p1|Johnny Tots|169
|player|p2|J@vier|10
|gametype|singles
|gen|6
|tier|OU
|rated
|clearpoke
|poke|p1|Dragonite, M
|poke|p1|Gyarados, F
|poke|p1|Landorus-Therian, M
|poke|p1|Charizard, F
|poke|p1|Thundurus-Therian, M
|poke|p1|Scizor, M
|poke|p2|Umbreon, M, shiny
|poke|p2|Gliscor, M
|poke|p2|Rotom-Heat, shiny
|poke|p2|Scizor, M
|poke|p2|Staraptor, M
|poke|p2|Tentacruel, M
|rule|Swagger Clause: Swagger is banned
|rule|Baton Pass Clause: Limit one PokÃ©mon knowing Baton Pass
|rule|Sleep Clause Mod: Limit one foe put to sleep
|rule|Species Clause: Limit one of each PokÃ©mon
|rule|OHKO Clause: OHKO moves are banned
|rule|Moody Clause: Moody is banned
|rule|Evasion Moves Clause: Evasion moves are banned
|rule|Endless Battle Clause: Forcing endless battles is banned
|rule|HP Percentage Mod: HP is shown in percentages
|teampreview
|
|start
|switch|p1a: Gyarados|Gyarados, F|331\/331
|switch|p2a: Staraptor|Staraptor, M|312\/312
|-ability|p2a: Staraptor|Intimidate|[of] p1a: Gyarados
|-unboost|p1a: Gyarados|atk|1
|turn|1
|
|switch|p1a: Landorus-Therian|Landorus-Therian, M|319\/319
|-ability|p1a: Landorus-Therian|Intimidate|[of] p2a: Staraptor
|-unboost|p2a: Staraptor|atk|1
|move|p2a: Staraptor|U-turn|p1a: Landorus-Therian
|-resisted|p1a: Landorus-Therian
|-damage|p1a: Landorus-Therian|297\/319
|
|switch|p2a: Rotom-Heat|Rotom-Heat, shiny|241\/241
|
|-heal|p1a: Landorus-Therian|316\/319|[from] item: Leftovers
|turn|2
|
|move|p2a: Rotom-Heat|Trick|p1a: Landorus-Therian
|-activate|p2a: Rotom-Heat|move: Trick|[of] p1a: Landorus-Therian
|-item|p1a: Landorus-Therian|Choice Scarf|[from] move: Trick
|-item|p2a: Rotom-Heat|Leftovers|[from] move: Trick
|move|p1a: Landorus-Therian|Stone Edge|p2a: Rotom-Heat
|-crit|p2a: Rotom-Heat
|-supereffective|p2a: Rotom-Heat
|-damage|p2a: Rotom-Heat|0 fnt
|faint|p2a: Rotom-Heat
|
|
|switch|p2a: Gliscor|Gliscor, M|354\/354
|turn|3
|
|switch|p1a: Scizor|Scizor, M|281\/281
|move|p2a: Gliscor|Protect|p2a: Gliscor
|-fail|p2a: Gliscor
|
|-status|p2a: Gliscor|tox|[from] item: Toxic Orb
|turn|4
|
|move|p2a: Gliscor|Swords Dance|p2a: Gliscor
|-boost|p2a: Gliscor|atk|2
|move|p1a: Scizor|Swords Dance|p1a: Scizor
|-boost|p1a: Scizor|atk|2
|
|turn|5
|
|move|p2a: Gliscor|Earthquake|p1a: Scizor
|-damage|p1a: Scizor|110\/281
|move|p1a: Scizor|Swords Dance|p1a: Scizor
|-boost|p1a: Scizor|atk|2
|
|-heal|p1a: Scizor|127\/281|[from] item: Leftovers
|turn|6
|
|move|p1a: Scizor|Bullet Punch|p2a: Gliscor
|-damage|p2a: Gliscor|201\/354 tox
|move|p2a: Gliscor|Earthquake|p1a: Scizor
|-damage|p1a: Scizor|0 fnt
|faint|p1a: Scizor
|
|-heal|p2a: Gliscor|245\/354 tox|[from] ability: Poison Heal
|
|switch|p1a: Gyarados|Gyarados, F|331\/331
|turn|7
|
|switch|p2a: Umbreon|Umbreon, M, shiny|394\/394
|move|p1a: Gyarados|Dragon Dance|p1a: Gyarados
|-boost|p1a: Gyarados|atk|1
|-boost|p1a: Gyarados|spe|1
|
|turn|8
|
|switch|p1a: Landorus-Therian|Landorus-Therian, M|316\/319
|-ability|p1a: Landorus-Therian|Intimidate|[of] p2a: Umbreon
|-unboost|p2a: Umbreon|atk|1
|move|p2a: Umbreon|Toxic|p1a: Landorus-Therian
|-status|p1a: Landorus-Therian|tox
|
|-damage|p1a: Landorus-Therian|297\/319 tox|[from] psn
|turn|9
|
|move|p2a: Umbreon|Protect|p2a: Umbreon
|-singleturn|p2a: Umbreon|Protect
|move|p1a: Landorus-Therian|Earthquake|p2a: Umbreon
|-activate|p2a: Umbreon|Protect
|
|-damage|p1a: Landorus-Therian|259\/319 tox|[from] psn
|turn|10
|
|switch|p2a: Staraptor|Staraptor, M|312\/312
|-ability|p2a: Staraptor|Intimidate|[of] p1a: Landorus-Therian
|-unboost|p1a: Landorus-Therian|atk|1
|move|p1a: Landorus-Therian|Earthquake|p2a: Staraptor
|-immune|p2a: Staraptor|[msg]
|
|-damage|p1a: Landorus-Therian|202\/319 tox|[from] psn
|turn|11
|
|move|p2a: Staraptor|U-turn|p1a: Landorus-Therian
|-resisted|p1a: Landorus-Therian
|-damage|p1a: Landorus-Therian|167\/319 tox
|
|switch|p2a: Gliscor|Gliscor, M|245\/354 tox
|move|p1a: Landorus-Therian|Earthquake|p2a: Gliscor
|-immune|p2a: Gliscor|[msg]
|
|-damage|p1a: Landorus-Therian|91\/319 tox|[from] psn
|-heal|p2a: Gliscor|289\/354 tox|[from] ability: Poison Heal
|turn|12
|
|move|p1a: Landorus-Therian|Earthquake|p2a: Gliscor
|-immune|p2a: Gliscor|[msg]
|move|p2a: Gliscor|Swords Dance|p2a: Gliscor
|-boost|p2a: Gliscor|atk|2
|
|-damage|p1a: Landorus-Therian|0 fnt|[from] psn
|-heal|p2a: Gliscor|333\/354 tox|[from] ability: Poison Heal
|faint|p1a: Landorus-Therian
|
|switch|p1a: Dragonite|Dragonite, M|323\/323
|turn|13
|
|move|p1a: Dragonite|Dragon Dance|p1a: Dragonite
|-boost|p1a: Dragonite|atk|1
|-boost|p1a: Dragonite|spe|1
|move|p2a: Gliscor|Knock Off|p1a: Dragonite
|-crit|p1a: Dragonite
|-damage|p1a: Dragonite|210\/323
|-enditem|p1a: Dragonite|Lum Berry|[from] move: Knock Off|[of] p2a: Gliscor
|
|-heal|p2a: Gliscor|354\/354 tox|[from] ability: Poison Heal
|turn|14
|
|move|p1a: Dragonite|Ice Punch|p2a: Gliscor
|-supereffective|p2a: Gliscor
|-damage|p2a: Gliscor|0 fnt
|faint|p2a: Gliscor
|
|
|switch|p2a: Scizor|Scizor, M|344\/344
|turn|15
|
|detailschange|p2a: Scizor|Scizor-Mega, M
|message|Scizor has Mega Evolved into Mega Scizor!
|move|p2a: Scizor|Bullet Punch|p1a: Dragonite
|-damage|p1a: Dragonite|65\/323
|move|p1a: Dragonite|Earthquake|p2a: Scizor
|-damage|p2a: Scizor|189\/344
|
|turn|16
|
|move|p2a: Scizor|Bullet Punch|p1a: Dragonite
|-damage|p1a: Dragonite|0 fnt
|faint|p1a: Dragonite
|
|
|switch|p1a: Thundurus-Therian|Thundurus-Therian, M|299\/299
|turn|17
|
|switch|p2a: Umbreon|Umbreon, M, shiny|394\/394
|move|p1a: Thundurus-Therian|Nasty Plot|p1a: Thundurus-Therian
|-boost|p1a: Thundurus-Therian|spa|2
|
|turn|18
|
|move|p1a: Thundurus-Therian|Nasty Plot|p1a: Thundurus-Therian
|-boost|p1a: Thundurus-Therian|spa|2
|move|p2a: Umbreon|Toxic|p1a: Thundurus-Therian
|-status|p1a: Thundurus-Therian|tox
|
|-damage|p1a: Thundurus-Therian|281\/299 tox|[from] psn
|turn|19
|
|move|p1a: Thundurus-Therian|Thunderbolt|p2a: Umbreon
|-damage|p2a: Umbreon|81\/394
|move|p2a: Umbreon|Foul Play|p1a: Thundurus-Therian
|-damage|p1a: Thundurus-Therian|160\/299 tox
|
|-heal|p1a: Thundurus-Therian|178\/299 tox|[from] item: Leftovers
|-heal|p2a: Umbreon|105\/394|[from] item: Leftovers
|-damage|p1a: Thundurus-Therian|142\/299 tox|[from] psn
|turn|20
|
|move|p2a: Umbreon|Protect|p2a: Umbreon
|-singleturn|p2a: Umbreon|Protect
|move|p1a: Thundurus-Therian|Agility|p1a: Thundurus-Therian
|-boost|p1a: Thundurus-Therian|spe|2
|
|-heal|p1a: Thundurus-Therian|160\/299 tox|[from] item: Leftovers
|-heal|p2a: Umbreon|129\/394|[from] item: Leftovers
|-damage|p1a: Thundurus-Therian|106\/299 tox|[from] psn
|turn|21
|
|move|p1a: Thundurus-Therian|Thunderbolt|p2a: Umbreon
|-damage|p2a: Umbreon|0 fnt
|faint|p2a: Umbreon
|
|-heal|p1a: Thundurus-Therian|124\/299 tox|[from] item: Leftovers
|-damage|p1a: Thundurus-Therian|52\/299 tox|[from] psn
|
|switch|p2a: Scizor|Scizor-Mega, M|189\/344
|turn|22
|
|move|p2a: Scizor|Bullet Punch|p1a: Thundurus-Therian
|-resisted|p1a: Thundurus-Therian
|-damage|p1a: Thundurus-Therian|0 fnt
|faint|p1a: Thundurus-Therian
|
|
|switch|p1a: Charizard|Charizard, F|297\/297
|turn|23
|
|switch|p2a: Tentacruel|Tentacruel, M|364\/364
|detailschange|p1a: Charizard|Charizard-Mega-X, F
|message|Charizard has Mega Evolved into Mega Charizard!
|move|p1a: Charizard|Dragon Dance|p1a: Charizard
|-boost|p1a: Charizard|atk|1
|-boost|p1a: Charizard|spe|1
|
|turn|24
|
|move|p1a: Charizard|Earthquake|p2a: Tentacruel
|-supereffective|p2a: Tentacruel
|-damage|p2a: Tentacruel|0 fnt
|faint|p2a: Tentacruel
|
|
|switch|p2a: Staraptor|Staraptor, M|312\/312
|-ability|p2a: Staraptor|Intimidate|[of] p1a: Charizard
|-unboost|p1a: Charizard|atk|1
|turn|25
|
|move|p2a: Staraptor|Brave Bird|p1a: Charizard
|-damage|p1a: Charizard|99\/297
|-damage|p2a: Staraptor|247\/312|[from] recoil|[of] p1a: Charizard
|move|p1a: Charizard|Flare Blitz|p2a: Staraptor
|-crit|p2a: Staraptor
|-damage|p2a: Staraptor|0 fnt
|-damage|p1a: Charizard|17\/297|[from] recoil|[of] p2a: Staraptor
|faint|p2a: Staraptor
|
|
|switch|p2a: Scizor|Scizor-Mega, M|189\/344
|turn|26
|
|move|p2a: Scizor|Bullet Punch|p1a: Charizard
|-resisted|p1a: Charizard
|-damage|p1a: Charizard|0 fnt
|faint|p1a: Charizard
|
|
|switch|p1a: Gyarados|Gyarados, F|331\/331
|turn|27
|
|move|p1a: Gyarados|Dragon Dance|p1a: Gyarados
|-boost|p1a: Gyarados|atk|1
|-boost|p1a: Gyarados|spe|1
|move|p2a: Scizor|Knock Off|p1a: Gyarados
|-damage|p1a: Gyarados|186\/331
|-enditem|p1a: Gyarados|Lum Berry|[from] move: Knock Off|[of] p2a: Scizor
|
|turn|28
|
|move|p1a: Gyarados|Earthquake|p2a: Scizor
|-damage|p2a: Scizor|49\/344
|move|p2a: Scizor|Roost|p2a: Scizor
|-heal|p2a: Scizor|221\/344
|
|turn|29
|
|move|p1a: Gyarados|Dragon Dance|p1a: Gyarados
|-boost|p1a: Gyarados|atk|1
|-boost|p1a: Gyarados|spe|1
|move|p2a: Scizor|Roost|p2a: Scizor
|-heal|p2a: Scizor|344\/344
|
|turn|30
|
|move|p1a: Gyarados|Earthquake|p2a: Scizor
|-damage|p2a: Scizor|175\/344
|move|p2a: Scizor|Swords Dance|p2a: Scizor
|-boost|p2a: Scizor|atk|2
|
|turn|31
|
|move|p2a: Scizor|Bullet Punch|p1a: Gyarados
|-resisted|p1a: Gyarados
|-damage|p1a: Gyarados|37\/331
|move|p1a: Gyarados|Earthquake|p2a: Scizor
|-damage|p2a: Scizor|8\/344
|
|turn|32
|
|move|p2a: Scizor|Bullet Punch|p1a: Gyarados
|-resisted|p1a: Gyarados
|-damage|p1a: Gyarados|0 fnt
|faint|p1a: Gyarados
|
|win|J@vier
|raw|Ladder updating...
|raw|Johnny Tots's rating: 1565 &rarr; <strong>1545<\/strong><br \/>(-20 for losing)
|raw|J@vier's rating: 1560 &rarr; <strong>1580<\/strong><br \/>(+20 for winning)
|c|âJ@vier|gg
|leave|Johnny Tots
|player|p1