|join|Reverb
|join|Johnny Tots
|player|p1|Reverb|#reverb
|player|p2|Johnny Tots|101
|gametype|singles
|gen|6
|tier|OU
|rated
|clearpoke
|poke|p1|Empoleon, F
|poke|p1|Tyranitar, F
|poke|p1|Charizard, F
|poke|p1|Keldeo
|poke|p1|Kyurem-Black
|poke|p1|Landorus-Therian, M
|poke|p2|Dragonite, M
|poke|p2|Gyarados, M
|poke|p2|Landorus-Therian, M
|poke|p2|Charizard, M
|poke|p2|Thundurus-Therian, M
|poke|p2|Scizor, F
|rule|Swagger Clause: Swagger is banned
|rule|Baton Pass Clause: Limit one PokÃ©mon knowing Baton Pass
|rule|Sleep Clause Mod: Limit one foe put to sleep
|rule|Species Clause: Limit one of each PokÃ©mon
|rule|OHKO Clause: OHKO moves are banned
|rule|Moody Clause: Moody is banned
|rule|Evasion Moves Clause: Evasion moves are banned
|rule|Endless Battle Clause: Forcing endless battles is banned
|rule|HP Percentage Mod: HP is shown in percentages
|teampreview
|join|Yuttt.ttttt
|join|Squirrelll
|join|hi dad
|join|jacksoras
|join|Gizmo
|join|tst_100
|join|PoweredByRevenge
|join|A2tehBR
|join|SeventyFive
|
|start
|switch|p1a: Kyurem-Black|Kyurem-Black|391\/391
|switch|p2a: Gyarados|Gyarados, M|331\/331
|-ability|p1a: Kyurem-Black|Teravolt
|turn|1
|c| Squirrelll|johnny tots
|c| A2tehBR|nice moxie gyara
|c| PoweredByRevenge|lol
|c| tst_100|nah
|c| Gizmo|stay in johnny
|c| Gizmo|do it
|c| tst_100|solar power zard
|c| tst_100|imo
|
|switch|p1a: Empoleon|Empoleon, F|372\/372
|switch|p2a: Landorus-Therian|Landorus-Therian, M|319\/319
|-ability|p2a: Landorus-Therian|Intimidate|[of] p1a: Empoleon
|-unboost|p1a: Empoleon|atk|1
|
|turn|2
|c| A2tehBR|if u were predicting
|
|move|p2a: Landorus-Therian|Rock Polish|p2a: Landorus-Therian
|-boost|p2a: Landorus-Therian|spe|2
|move|p1a: Empoleon|Scald|p2a: Landorus-Therian
|-supereffective|p2a: Landorus-Therian
|-damage|p2a: Landorus-Therian|79\/319
|
|-heal|p2a: Landorus-Therian|98\/319|[from] item: Leftovers
|turn|3
|c| A2tehBR|why not just ice beam
|c| Squirrelll|double dance
|
|move|p2a: Landorus-Therian|Earthquake|p1a: Empoleon
|-supereffective|p1a: Empoleon
|-damage|p1a: Empoleon|48\/372
|move|p1a: Empoleon|Roar|p2a: Landorus-Therian
|drag|p2a: Scizor|Scizor, F|281\/281
|
|-heal|p1a: Empoleon|71\/372|[from] item: Leftovers
|turn|4
|c| Squirrelll|cool stuff
|c| A2tehBR|.
|c| Yuttt.ttttt|nice scald
|c| A2tehBR|why not scald
|c| jacksoras|^
|c| A2tehBR|u turn now
|
|switch|p2a: Gyarados|Gyarados, M|331\/331
|switch|p1a: Landorus-Therian|Landorus-Therian, M|327\/327
|-ability|p1a: Landorus-Therian|Intimidate|[of] p2a: Gyarados
|-unboost|p2a: Gyarados|atk|1
|
|turn|5
|c|âReverb|cuz if he went to thundy-t
|c| A2tehBR|he is going to zard
|c|âReverb|i'd get swept
|c| Squirrelll|it doesnt get BP
|
|move|p1a: Landorus-Therian|U-turn|p2a: Gyarados
|-resisted|p2a: Gyarados
|-damage|p2a: Gyarados|276\/331
|c|âReverb|!learn landorus-t, baton pass
|raw|<div class="infobox">Landorus-Therian <span class="message-learn-cannotlearn">can't<\/span> learn Baton Pass<\/div>
|c|âReverb|oh
|c| Squirrelll|its RP SD EQ SE
|c|âReverb|lol
|
|switch|p1a: Keldeo|Keldeo|323\/323
|move|p2a: Gyarados|Dragon Dance|p2a: Gyarados
|-boost|p2a: Gyarados|atk|1
|-boost|p2a: Gyarados|spe|1
|
|turn|6
|
|move|p2a: Gyarados|Dragon Dance|p2a: Gyarados
|-boost|p2a: Gyarados|atk|1
|-boost|p2a: Gyarados|spe|1
|move|p1a: Keldeo|Icy Wind|p2a: Gyarados
|-damage|p2a: Gyarados|183\/331
|-unboost|p2a: Gyarados|spe|1
|
|turn|7
|c| A2tehBR|isthis like lum berry
|
|move|p2a: Gyarados|Earthquake|p1a: Keldeo
|-damage|p1a: Keldeo|111\/323
|move|p1a: Keldeo|Icy Wind|p2a: Gyarados
|-damage|p2a: Gyarados|83\/331
|-unboost|p2a: Gyarados|spe|1
|
|turn|8
|
|move|p1a: Keldeo|Icy Wind|p2a: Gyarados
|-damage|p2a: Gyarados|0 fnt
|faint|p2a: Gyarados
|
|
|switch|p2a: Scizor|Scizor, F|281\/281
|turn|9
|
|switch|p1a: Landorus-Therian|Landorus-Therian, M|327\/327
|-ability|p1a: Landorus-Therian|Intimidate|[of] p2a: Scizor
|-unboost|p2a: Scizor|atk|1
|move|p2a: Scizor|Toxic|p1a: Landorus-Therian
|-status|p1a: Landorus-Therian|tox
|
|-damage|p1a: Landorus-Therian|307\/327 tox|[from] psn
|turn|10
|c| A2tehBR|bop
|
|switch|p2a: Landorus-Therian|Landorus-Therian, M|98\/319
|-ability|p2a: Landorus-Therian|Intimidate|[of] p1a: Landorus-Therian
|-unboost|p1a: Landorus-Therian|atk|1
|move|p1a: Landorus-Therian|U-turn|p2a: Landorus-Therian
|-resisted|p2a: Landorus-Therian
|-damage|p2a: Landorus-Therian|72\/319
|
|switch|p1a: Keldeo|Keldeo|111\/323
|
|-heal|p2a: Landorus-Therian|91\/319|[from] item: Leftovers
|turn|11
|
|move|p1a: Keldeo|Scald|p2a: Landorus-Therian
|-supereffective|p2a: Landorus-Therian
|-damage|p2a: Landorus-Therian|0 fnt
|faint|p2a: Landorus-Therian
|
|
|switch|p2a: Dragonite|Dragonite, M|323\/323
|turn|12
|
|switch|p1a: Landorus-Therian|Landorus-Therian, M|307\/327 tox
|-ability|p1a: Landorus-Therian|Intimidate|[of] p2a: Dragonite
|-unboost|p2a: Dragonite|atk|1
|move|p2a: Dragonite|Dragon Dance|p2a: Dragonite
|-boost|p2a: Dragonite|atk|1
|-boost|p2a: Dragonite|spe|1
|
|-damage|p1a: Landorus-Therian|287\/327 tox|[from] psn
|turn|13
|
|move|p1a: Landorus-Therian|U-turn|p2a: Dragonite
|-resisted|p2a: Dragonite
|-damage|p2a: Dragonite|302\/323
|
|switch|p1a: Empoleon|Empoleon, F|71\/372
|move|p2a: Dragonite|Dragon Dance|p2a: Dragonite
|-boost|p2a: Dragonite|atk|1
|-boost|p2a: Dragonite|spe|1
|
|-heal|p1a: Empoleon|94\/372|[from] item: Leftovers
|turn|14
|c| Gizmo|boom boom bye
|
|switch|p1a: Landorus-Therian|Landorus-Therian, M|287\/327 tox
|-ability|p1a: Landorus-Therian|Intimidate|[of] p2a: Dragonite
|-unboost|p2a: Dragonite|atk|1
|move|p2a: Dragonite|Earthquake|p1a: Landorus-Therian
|-immune|p1a: Landorus-Therian|[msg]
|
|-damage|p1a: Landorus-Therian|267\/327 tox|[from] psn
|turn|15
|
|move|p2a: Dragonite|Ice Punch|p1a: Landorus-Therian
|-supereffective|p1a: Landorus-Therian
|-damage|p1a: Landorus-Therian|0 fnt
|faint|p1a: Landorus-Therian
|
|c| Gizmo|LOL
|c|âReverb|tf
|
|switch|p1a: Tyranitar|Tyranitar, F|383\/383
|-weather|Sandstorm
|turn|16
|c| Yuttt.ttttt|get rekt
|c| Yuttt.ttttt|brick break here
|
|move|p2a: Dragonite|Earthquake|p1a: Tyranitar
|-supereffective|p1a: Tyranitar
|-damage|p1a: Tyranitar|145\/383
|move|p1a: Tyranitar|Stone Edge|p2a: Dragonite
|-supereffective|p2a: Dragonite
|-damage|p2a: Dragonite|0 fnt
|faint|p2a: Dragonite
|
|-weather|Sandstorm|[upkeep]
|c| tst_100|rip
|
|switch|p2a: Charizard|Charizard, M|297\/297
|turn|17
|
|detailschange|p2a: Charizard|Charizard-Mega-X, M
|message|Charizard has Mega Evolved into Mega Charizard!
|move|p2a: Charizard|Earthquake|p1a: Tyranitar
|-supereffective|p1a: Tyranitar
|-damage|p1a: Tyranitar|0 fnt
|faint|p1a: Tyranitar
|
|-weather|Sandstorm|[upkeep]
|-damage|p2a: Charizard|279\/297|[from] sandstorm
|join|Starmaster
|
|switch|p1a: Keldeo|Keldeo|111\/323
|turn|18
|
|switch|p2a: Scizor|Scizor, F|281\/281
|move|p1a: Keldeo|Hydro Pump|p2a: Scizor
|-damage|p2a: Scizor|0 fnt
|faint|p2a: Scizor
|
|-weather|Sandstorm|[upkeep]
|-damage|p1a: Keldeo|91\/323|[from] sandstorm
|
|switch|p2a: Charizard|Charizard-Mega-X, M|279\/297
|turn|19
|c| Gizmo|pump miss
|
|move|p1a: Keldeo|Hydro Pump|p2a: Charizard|[miss]
|-miss|p1a: Keldeo|p2a: Charizard
|move|p2a: Charizard|Dragon Dance|p2a: Charizard
|-boost|p2a: Charizard|atk|1
|-boost|p2a: Charizard|spe|1
|
|-weather|Sandstorm|[upkeep]
|-damage|p2a: Charizard|261\/297|[from] sandstorm
|-damage|p1a: Keldeo|71\/323|[from] sandstorm
|turn|20
|c| Gizmo|would be
|c| Gizmo|hilarious
|c| Gizmo|whoops my bad.
|
|move|p2a: Charizard|Dragon Dance|p2a: Charizard
|-boost|p2a: Charizard|atk|1
|-boost|p2a: Charizard|spe|1
|move|p1a: Keldeo|Hydro Pump|p2a: Charizard|[miss]
|-miss|p1a: Keldeo|p2a: Charizard
|
|-weather|none
|turn|21
|c|âReverb|wtf
|leave|SeventyFive
|c| Yuttt.ttttt|skillful
|c| Yuttt.ttttt|dodges
|
|move|p2a: Charizard|Dragon Claw|p1a: Keldeo
|-damage|p1a: Keldeo|0 fnt
|faint|p1a: Keldeo
|
|
|switch|p1a: Charizard|Charizard, F|297\/297
|turn|22
|
|detailschange|p1a: Charizard|Charizard-Mega-Y, F
|message|Charizard has Mega Evolved into Mega Charizard!
|-weather|SunnyDay
|move|p2a: Charizard|Dragon Claw|p1a: Charizard
|-damage|p1a: Charizard|0 fnt
|faint|p1a: Charizard
|
|-weather|SunnyDay|[upkeep]
|c|âReverb|i always get haxed
|
|switch|p1a: Kyurem-Black|Kyurem-Black|391\/391
|-ability|p1a: Kyurem-Black|Teravolt
|turn|23
|c| Squirrelll|pokemon
Gizmo was banned by Reverb.
|unlink|gizmo
|leave|Gizmo
|
|move|p2a: Charizard|Dragon Claw|p1a: Kyurem-Black
|-supereffective|p1a: Kyurem-Black
|-damage|p1a: Kyurem-Black|0 fnt
|faint|p1a: Kyurem-Black
|
|-weather|SunnyDay|[upkeep]
|-message|Reverb forfeited.
|
|win|Johnny Tots
|raw|Ladder updating...
|raw|Reverb's rating: 1749 &rarr; <strong>1723<\/strong><br \/>(-26 for losing)
|raw|Johnny Tots's rating: 1639 &rarr; <strong>1665<\/strong><br \/>(+26 for winning)
|leave|Squirrelll
|leave|Yuttt.ttttt
|join|MattL
|leave|Johnny Tots
|player|p2