|join|lil manaphy
|join|Johnny Tots
|player|p1|lil manaphy|6
|player|p2|Johnny Tots|102
|gametype|singles
|gen|6
|tier|OU
|rated
|clearpoke
|poke|p1|Scizor, F
|poke|p1|Gothitelle, F
|poke|p1|Zapdos
|poke|p1|Alomomola, F
|poke|p1|Chansey, F
|poke|p1|Cresselia, F
|poke|p2|Dragonite, M
|poke|p2|Gyarados, F
|poke|p2|Landorus-Therian, M
|poke|p2|Charizard, F
|poke|p2|Thundurus-Therian, M
|poke|p2|Scizor, F
|rule|Swagger Clause: Swagger is banned
|rule|Baton Pass Clause: Limit one PokÃ©mon knowing Baton Pass
|rule|Sleep Clause Mod: Limit one foe put to sleep
|rule|Species Clause: Limit one of each PokÃ©mon
|rule|OHKO Clause: OHKO moves are banned
|rule|Moody Clause: Moody is banned
|rule|Evasion Moves Clause: Evasion moves are banned
|rule|Endless Battle Clause: Forcing endless battles is banned
|rule|HP Percentage Mod: HP is shown in percentages
|teampreview
|
|start
|switch|p1a: empathy|Alomomola, F|530\/530
|switch|p2a: Gyarados|Gyarados, F|331\/331
|turn|1
|
|move|p2a: Gyarados|Dragon Dance|p2a: Gyarados
|-boost|p2a: Gyarados|atk|1
|-boost|p2a: Gyarados|spe|1
|move|p1a: empathy|Toxic|p2a: Gyarados
|-status|p2a: Gyarados|tox
|-enditem|p2a: Gyarados|Lum Berry|[eat]
|-curestatus|p2a: Gyarados|tox
|
|turn|2
|
|move|p2a: Gyarados|Taunt|p1a: empathy
|-start|p1a: empathy|move: Taunt
|cant|p1a: empathy|move: Taunt|Toxic
|
|turn|3
|
|switch|p1a: local pap smear|Zapdos|384\/384
|-ability|p1a: local pap smear|Pressure
|move|p2a: Gyarados|Dragon Dance|p2a: Gyarados
|-boost|p2a: Gyarados|atk|1
|-boost|p2a: Gyarados|spe|1
|
|turn|4
|
|move|p2a: Gyarados|Ice Fang|p1a: local pap smear
|-supereffective|p1a: local pap smear
|-damage|p1a: local pap smear|116\/384
|cant|p1a: local pap smear|flinch
|
|-heal|p1a: local pap smear|140\/384|[from] item: Leftovers
|turn|5
|
|move|p2a: Gyarados|Ice Fang|p1a: local pap smear
|-supereffective|p1a: local pap smear
|-damage|p1a: local pap smear|0 fnt
|faint|p1a: local pap smear
|-boost|p2a: Gyarados|atk|1|[from] ability: Moxie
|
|
|switch|p1a: empathy|Alomomola, F|530\/530
|turn|6
|
|move|p2a: Gyarados|Earthquake|p1a: empathy
|-damage|p1a: empathy|279\/530
|move|p1a: empathy|Scald|p2a: Gyarados
|-resisted|p2a: Gyarados
|-damage|p2a: Gyarados|307\/331
|
|-heal|p1a: empathy|312\/530|[from] item: Leftovers
|turn|7
|
|move|p2a: Gyarados|Taunt|p1a: empathy
|-start|p1a: empathy|move: Taunt
|move|p1a: empathy|Scald|p2a: Gyarados
|-resisted|p2a: Gyarados
|-damage|p2a: Gyarados|280\/331
|-status|p2a: Gyarados|brn
|
|-heal|p1a: empathy|345\/530|[from] item: Leftovers
|-damage|p2a: Gyarados|239\/331 brn|[from] brn
|turn|8
|
|switch|p2a: Scizor|Scizor, F|281\/281
|switch|p1a: celestica|Cresselia, F|444\/444
|
|turn|9
|
|switch|p1a: mega lopunny|Scizor, F|343\/343
|move|p2a: Scizor|Toxic|p1a: mega lopunny
|-fail|p1a: mega lopunny
|
|turn|10
|
|switch|p2a: Landorus-Therian|Landorus-Therian, M|319\/319
|-ability|p2a: Landorus-Therian|Intimidate|[of] p1a: mega lopunny
|-unboost|p1a: mega lopunny|atk|1
|detailschange|p1a: mega lopunny|Scizor-Mega, F
|message|Scizor has Mega Evolved into Mega Scizor!
|move|p1a: mega lopunny|Swords Dance|p1a: mega lopunny
|-boost|p1a: mega lopunny|atk|2
|
|turn|11
|
|move|p2a: Landorus-Therian|Swords Dance|p2a: Landorus-Therian
|-boost|p2a: Landorus-Therian|atk|2
|move|p1a: mega lopunny|Swords Dance|p1a: mega lopunny
|-boost|p1a: mega lopunny|atk|2
|
|turn|12
|
|move|p1a: mega lopunny|Bullet Punch|p2a: Landorus-Therian
|-damage|p2a: Landorus-Therian|117\/319
|move|p2a: Landorus-Therian|Earthquake|p1a: mega lopunny
|-damage|p1a: mega lopunny|114\/343
|
|-heal|p2a: Landorus-Therian|136\/319|[from] item: Leftovers
|turn|13
|
|switch|p2a: Gyarados|Gyarados, F|239\/331 brn
|move|p1a: mega lopunny|Bullet Punch|p2a: Gyarados
|-resisted|p2a: Gyarados
|-damage|p2a: Gyarados|91\/331 brn
|
|-damage|p2a: Gyarados|50\/331 brn|[from] brn
|turn|14
|
|move|p2a: Gyarados|Earthquake|p1a: mega lopunny
|-damage|p1a: mega lopunny|76\/343
|move|p1a: mega lopunny|Roost|p1a: mega lopunny
|-heal|p1a: mega lopunny|248\/343
|
|-damage|p2a: Gyarados|9\/331 brn|[from] brn
|turn|15
|
|move|p2a: Gyarados|Taunt|p1a: mega lopunny
|-start|p1a: mega lopunny|move: Taunt
|cant|p1a: mega lopunny|move: Taunt|Roost
|
|-damage|p2a: Gyarados|0 fnt|[from] brn
|faint|p2a: Gyarados
|
|switch|p2a: Charizard|Charizard, F|297\/297
|turn|16
|
|switch|p1a: empathy|Alomomola, F|521\/530
|detailschange|p2a: Charizard|Charizard-Mega-X, F
|message|Charizard has Mega Evolved into Mega Charizard!
|move|p2a: Charizard|Flare Blitz|p1a: empathy
|-resisted|p1a: empathy
|-damage|p1a: empathy|399\/530
|-damage|p2a: Charizard|257\/297|[from] recoil|[of] p1a: empathy
|
|-heal|p1a: empathy|432\/530|[from] item: Leftovers
|turn|17
|
|switch|p2a: Scizor|Scizor, F|281\/281
|move|p1a: empathy|Toxic|p2a: Scizor
|-fail|p2a: Scizor
|
|-heal|p1a: empathy|465\/530|[from] item: Leftovers
|turn|18
|
|switch|p2a: Charizard|Charizard-Mega-X, F|257\/297
|switch|p1a: mega lopunny|Scizor-Mega, F|248\/343
|
|turn|19
|
|switch|p1a: empathy|Alomomola, F|530\/530
|move|p2a: Charizard|Dragon Dance|p2a: Charizard
|-boost|p2a: Charizard|atk|1
|-boost|p2a: Charizard|spe|1
|
|turn|20
|
|switch|p2a: Thundurus-Therian|Thundurus-Therian, M|299\/299
|move|p1a: empathy|Toxic|p2a: Thundurus-Therian
|-status|p2a: Thundurus-Therian|tox
|
|-damage|p2a: Thundurus-Therian|281\/299 tox|[from] psn
|turn|21
|
|switch|p2a: Dragonite|Dragonite, M|323\/323
|switch|p1a: celestica|Cresselia, F|444\/444
|
|turn|22
|
|move|p2a: Dragonite|Dragon Dance|p2a: Dragonite
|-boost|p2a: Dragonite|atk|1
|-boost|p2a: Dragonite|spe|1
|move|p1a: celestica|Toxic|p2a: Dragonite
|-status|p2a: Dragonite|tox
|-enditem|p2a: Dragonite|Lum Berry|[eat]
|-curestatus|p2a: Dragonite|tox
|
|turn|23
|
|move|p2a: Dragonite|Ice Punch|p1a: celestica
|-damage|p1a: celestica|311\/444
|move|p1a: celestica|Toxic|p2a: Dragonite
|-status|p2a: Dragonite|tox
|
|-heal|p1a: celestica|338\/444|[from] item: Leftovers
|-damage|p2a: Dragonite|303\/323 tox|[from] psn
|turn|24
|
|move|p2a: Dragonite|Ice Punch|p1a: celestica
|-damage|p1a: celestica|208\/444
|move|p1a: celestica|Moonlight|p1a: celestica
|-heal|p1a: celestica|430\/444
|
|-heal|p1a: celestica|444\/444|[from] item: Leftovers
|-damage|p2a: Dragonite|263\/323 tox|[from] psn
|turn|25
|
|switch|p2a: Scizor|Scizor, F|281\/281
|move|p1a: celestica|Skill Swap|p2a: Scizor
|-activate|p1a: celestica|move: Skill Swap|Technician|Levitate|[of] p2a: Scizor
|
|turn|26
|
|switch|p1a: mega lopunny|Scizor-Mega, F|248\/343
|move|p2a: Scizor|Swords Dance|p2a: Scizor
|-boost|p2a: Scizor|atk|2
|
|turn|27
|
|move|p1a: mega lopunny|Swords Dance|p1a: mega lopunny
|-boost|p1a: mega lopunny|atk|2
|move|p2a: Scizor|Swords Dance|p2a: Scizor
|-boost|p2a: Scizor|atk|2
|
|turn|28
|
|move|p1a: mega lopunny|Swords Dance|p1a: mega lopunny
|-boost|p1a: mega lopunny|atk|2
|move|p2a: Scizor|Swords Dance|p2a: Scizor
|-boost|p2a: Scizor|atk|2
|
|turn|29
|
|move|p2a: Scizor|Bullet Punch|p1a: mega lopunny
|-resisted|p1a: mega lopunny
|-damage|p1a: mega lopunny|184\/343
|move|p1a: mega lopunny|Superpower|p2a: Scizor
|-damage|p2a: Scizor|0 fnt
|-unboost|p1a: mega lopunny|atk|1
|-unboost|p1a: mega lopunny|def|1
|faint|p2a: Scizor
|
|
|switch|p2a: Charizard|Charizard-Mega-X, F|257\/297
|turn|30
|
|switch|p1a: empathy|Alomomola, F|530\/530
|move|p2a: Charizard|Dragon Dance|p2a: Charizard
|-boost|p2a: Charizard|atk|1
|-boost|p2a: Charizard|spe|1
|
|turn|31
|
|move|p2a: Charizard|Dragon Claw|p1a: empathy
|-damage|p1a: empathy|262\/530
|move|p1a: empathy|Toxic|p2a: Charizard
|-status|p2a: Charizard|tox
|
|-heal|p1a: empathy|295\/530|[from] item: Leftovers
|-damage|p2a: Charizard|239\/297 tox|[from] psn
|turn|32
|
|move|p2a: Charizard|Dragon Dance|p2a: Charizard
|-boost|p2a: Charizard|atk|1
|-boost|p2a: Charizard|spe|1
|move|p1a: empathy|Wish|p1a: empathy
|
|-heal|p1a: empathy|328\/530|[from] item: Leftovers
|-damage|p2a: Charizard|203\/297 tox|[from] psn
|turn|33
|
|move|p1a: empathy|Protect|p1a: empathy
|-singleturn|p1a: empathy|Protect
|move|p2a: Charizard|Dragon Claw|p1a: empathy
|-activate|p1a: empathy|Protect
|
|-heal|p1a: empathy|530\/530|[from] move: Wish|[wisher] empathy
|-damage|p2a: Charizard|149\/297 tox|[from] psn
|turn|34
|
|move|p2a: Charizard|Dragon Claw|p1a: empathy
|-damage|p1a: empathy|187\/530
|move|p1a: empathy|Wish|p1a: empathy
|
|-heal|p1a: empathy|220\/530|[from] item: Leftovers
|-damage|p2a: Charizard|77\/297 tox|[from] psn
|turn|35
|
|switch|p2a: Landorus-Therian|Landorus-Therian, M|136\/319
|-ability|p2a: Landorus-Therian|Intimidate|[of] p1a: empathy
|-unboost|p1a: empathy|atk|1
|move|p1a: empathy|Protect|p1a: empathy
|-fail|p1a: empathy
|
|-heal|p1a: empathy|485\/530|[from] move: Wish|[wisher] empathy
|-heal|p2a: Landorus-Therian|155\/319|[from] item: Leftovers
|-heal|p1a: empathy|518\/530|[from] item: Leftovers
|turn|36
|
|move|p2a: Landorus-Therian|Swords Dance|p2a: Landorus-Therian
|-boost|p2a: Landorus-Therian|atk|2
|move|p1a: empathy|Scald|p2a: Landorus-Therian
|-supereffective|p2a: Landorus-Therian
|-damage|p2a: Landorus-Therian|39\/319
|-status|p2a: Landorus-Therian|brn
|
|-heal|p2a: Landorus-Therian|58\/319 brn|[from] item: Leftovers
|-heal|p1a: empathy|530\/530|[from] item: Leftovers
|-damage|p2a: Landorus-Therian|19\/319 brn|[from] brn
|turn|37
|-message|Johnny Tots forfeited.
|
|win|lil manaphy
|raw|Ladder updating...
|leave|Johnny Tots
|player|p2
|raw|lil manaphy's rating: 1926 &rarr; <strong>1938<\/strong><br \/>(+12 for winning)
|raw|Johnny Tots's rating: 1779 &rarr; <strong>1767<\/strong><br \/>(-12 for losing)