|join|Johnny Tots
|join|Adyizy
|player|p1|Johnny Tots|101
|player|p2|Adyizy|290
|gametype|singles
|gen|6
|tier|OU
|clearpoke
|poke|p1|Dragonite, M
|poke|p1|Gyarados, F
|poke|p1|Landorus-Therian, M
|poke|p1|Charizard, M
|poke|p1|Thundurus-Therian, M
|poke|p1|Scizor, F
|poke|p2|Gallade, M, shiny
|poke|p2|Sylveon, F, shiny
|poke|p2|Ferrothorn, M, shiny
|poke|p2|Rotom-Wash, shiny
|poke|p2|Espeon, F, shiny
|poke|p2|Umbreon, M, shiny
|rule|Swagger Clause: Swagger is banned
|rule|Baton Pass Clause: Limit one PokÃ©mon knowing Baton Pass
|rule|Sleep Clause Mod: Limit one foe put to sleep
|rule|Species Clause: Limit one of each PokÃ©mon
|rule|OHKO Clause: OHKO moves are banned
|rule|Moody Clause: Moody is banned
|rule|Evasion Moves Clause: Evasion moves are banned
|rule|Endless Battle Clause: Forcing endless battles is banned
|rule|HP Percentage Mod: HP is shown in percentages
|teampreview
|c|âAdyizy|nice team
|c|âJohnny Tots|thanks
|c|âAdyizy|but no bulk other than possibly dragonite
|
|start
|switch|p1a: Thundurus-Therian|Thundurus-Therian, M|299\/299
|switch|p2a: Hug Me|Ferrothorn, M, shiny|310\/310
|turn|1
|
|switch|p1a: Charizard|Charizard, M|297\/297
|move|p2a: Hug Me|Stealth Rock|p1a: Charizard
|-sidestart|p1: Johnny Tots|move: Stealth Rock
|
|turn|2
|
|detailschange|p1a: Charizard|Charizard-Mega-X, M
|-mega|p1a: Charizard|Charizard|Charizardite X
|move|p2a: Hug Me|Protect|p2a: Hug Me
|-singleturn|p2a: Hug Me|Protect
|move|p1a: Charizard|Flare Blitz|p2a: Hug Me
|-activate|p2a: Hug Me|Protect
|
|turn|3
|
|switch|p2a: Umbreon|Umbreon, M, shiny|394\/394
|move|p1a: Charizard|Dragon Dance|p1a: Charizard
|-boost|p1a: Charizard|atk|1
|-boost|p1a: Charizard|spe|1
|
|turn|4
|
|move|p1a: Charizard|Flare Blitz|p2a: Umbreon
|-damage|p2a: Umbreon|84\/394
|-damage|p1a: Charizard|195\/297|[from] recoil|[of] p2a: Umbreon
|move|p2a: Umbreon|Toxic|p1a: Charizard
|-status|p1a: Charizard|tox
|
|-heal|p2a: Umbreon|108\/394|[from] item: Leftovers
|-damage|p1a: Charizard|177\/297 tox|[from] psn
|turn|5
|c|âAdyizy|whew no burn
|
|move|p2a: Umbreon|Protect|p2a: Umbreon
|-singleturn|p2a: Umbreon|Protect
|move|p1a: Charizard|Flare Blitz|p2a: Umbreon
|-activate|p2a: Umbreon|Protect
|
|-heal|p2a: Umbreon|132\/394|[from] item: Leftovers
|-damage|p1a: Charizard|141\/297 tox|[from] psn
|turn|6
|
|switch|p2a: Rotom-Wash|Rotom-Wash, shiny|242\/242
|move|p1a: Charizard|Dragon Claw|p2a: Rotom-Wash
|-crit|p2a: Rotom-Wash
|-damage|p2a: Rotom-Wash|0 fnt
|faint|p2a: Rotom-Wash
|
|-damage|p1a: Charizard|87\/297 tox|[from] psn
|c|âAdyizy|wow nice shot
|
|switch|p2a: Umbreon|Umbreon, M, shiny|132\/394
|turn|7
|c|âJohnny Tots|lucky crit
|c|âAdyizy|ya i guess cuz that was def ans sp.def bulky
|c|âAdyizy|full bulky
|
|switch|p1a: Scizor|Scizor, F|281\/281
|-damage|p1a: Scizor|246\/281|[from] Stealth Rock
|move|p2a: Umbreon|Protect|p2a: Umbreon
|-fail|p2a: Umbreon
|
|-heal|p2a: Umbreon|156\/394|[from] item: Leftovers
|-heal|p1a: Scizor|263\/281|[from] item: Leftovers
|turn|8
|join|sk8rgurl
|
|switch|p2a: Hug Me|Ferrothorn, M, shiny|310\/310
|move|p1a: Scizor|Defog|p2a: Hug Me
|-unboost|p2a: Hug Me|evasion|1
|-sideend|p1: Johnny Tots|Stealth Rock|[from] move: Defog|[of] p1a: Scizor
|
|-heal|p1a: Scizor|280\/281|[from] item: Leftovers
|turn|9
|c|âAdyizy|hi sk8gurl
|c| sk8rgurl|hello
|
|switch|p1a: Charizard|Charizard-Mega-X, M|87\/297 tox
|move|p2a: Hug Me|Stealth Rock|p1a: Charizard
|-sidestart|p1: Johnny Tots|move: Stealth Rock
|
|-damage|p1a: Charizard|69\/297 tox|[from] psn
|turn|10
|
|move|p2a: Hug Me|Protect|p2a: Hug Me
|-singleturn|p2a: Hug Me|Protect
|move|p1a: Charizard|Flare Blitz|p2a: Hug Me
|-activate|p2a: Hug Me|Protect
|
|-damage|p1a: Charizard|33\/297 tox|[from] psn
|turn|11
|c|âAdyizy|brb
|
|switch|p2a: Umbreon|Umbreon, M, shiny|156\/394
|move|p1a: Charizard|Flare Blitz|p2a: Umbreon
|-damage|p2a: Umbreon|0 fnt
|-damage|p1a: Charizard|0 fnt|[from] recoil|[of] p2a: Umbreon
|faint|p2a: Umbreon
|faint|p1a: Charizard
|
|
|switch|p1a: Scizor|Scizor, F|280\/281
|switch|p2a: Hug Me|Ferrothorn, M, shiny|310\/310
|-damage|p1a: Scizor|245\/281|[from] Stealth Rock
|turn|12
|c|âAdyizy|defog again?
|c|âAdyizy|i c it comin
|
|move|p1a: Scizor|Defog|p2a: Hug Me
|-unboost|p2a: Hug Me|evasion|1
|-sideend|p1: Johnny Tots|Stealth Rock|[from] move: Defog|[of] p1a: Scizor
|move|p2a: Hug Me|Leech Seed|p1a: Scizor
|-start|p1a: Scizor|move: Leech Seed
|
|-heal|p1a: Scizor|262\/281|[from] item: Leftovers
|-damage|p1a: Scizor|227\/281|[from] Leech Seed|[of] p2a: Hug Me
|turn|13
|c|âJohnny Tots|yea
|
|switch|p1a: Landorus-Therian|Landorus-Therian, M|319\/319
|-ability|p1a: Landorus-Therian|Intimidate|[of] p2a: Hug Me
|-unboost|p2a: Hug Me|atk|1
|move|p2a: Hug Me|Stealth Rock|p1a: Landorus-Therian
|-sidestart|p1: Johnny Tots|move: Stealth Rock
|
|turn|14
|
|move|p1a: Landorus-Therian|Swords Dance|p1a: Landorus-Therian
|-boost|p1a: Landorus-Therian|atk|2
|move|p2a: Hug Me|Leech Seed|p1a: Landorus-Therian
|-start|p1a: Landorus-Therian|move: Leech Seed
|
|-damage|p1a: Landorus-Therian|280\/319|[from] Leech Seed|[of] p2a: Hug Me
|turn|15
|
|move|p2a: Hug Me|Protect|p2a: Hug Me
|-singleturn|p2a: Hug Me|Protect
|move|p1a: Landorus-Therian|Earthquake|p2a: Hug Me
|-activate|p2a: Hug Me|Protect
|
|-heal|p1a: Landorus-Therian|299\/319|[from] item: Leftovers
|-damage|p1a: Landorus-Therian|260\/319|[from] Leech Seed|[of] p2a: Hug Me
|turn|16
|
|move|p1a: Landorus-Therian|Earthquake|p2a: Hug Me
|-damage|p2a: Hug Me|12\/310
|move|p2a: Hug Me|Gyro Ball|p1a: Landorus-Therian
|-damage|p1a: Landorus-Therian|193\/319
|
|-heal|p1a: Landorus-Therian|212\/319|[from] item: Leftovers
|-damage|p1a: Landorus-Therian|173\/319|[from] Leech Seed|[of] p2a: Hug Me
|-heal|p2a: Hug Me|51\/310|[silent]
|turn|17
|c|âAdyizy|wow nearly killed
|
|move|p2a: Hug Me|Protect|p2a: Hug Me
|-singleturn|p2a: Hug Me|Protect
|move|p1a: Landorus-Therian|Rock Polish|p1a: Landorus-Therian
|-boost|p1a: Landorus-Therian|spe|2
|
|-heal|p1a: Landorus-Therian|192\/319|[from] item: Leftovers
|-damage|p1a: Landorus-Therian|153\/319|[from] Leech Seed|[of] p2a: Hug Me
|-heal|p2a: Hug Me|90\/310|[silent]
|turn|18
|
|move|p1a: Landorus-Therian|Earthquake|p2a: Hug Me
|-damage|p2a: Hug Me|0 fnt
|faint|p2a: Hug Me
|
|-heal|p1a: Landorus-Therian|172\/319|[from] item: Leftovers
|
|switch|p2a: Trixie|Espeon, F, shiny|271\/271
|turn|19
|
|move|p1a: Landorus-Therian|Earthquake|p2a: Trixie
|-damage|p2a: Trixie|0 fnt
|faint|p2a: Trixie
|
|-heal|p1a: Landorus-Therian|191\/319|[from] item: Leftovers
|c|âAdyizy|im f'ed gg
|c|âJohnny Tots|ggs
|
|switch|p2a: Bubblegum|Sylveon, F, shiny|394\/394
|turn|20
|join|Kakka Karrotkake
|c|âAdyizy|all i can do is stall this out a little mo
|join|Evil King Arthur
|join|The Ess of Johan
|
|move|p2a: Bubblegum|Protect|p2a: Bubblegum
|-singleturn|p2a: Bubblegum|Protect
|move|p1a: Landorus-Therian|Earthquake|p2a: Bubblegum
|-activate|p2a: Bubblegum|Protect
|
|-heal|p1a: Landorus-Therian|210\/319|[from] item: Leftovers
|-damage|p1a: Landorus-Therian|171\/319|[from] Leech Seed|[of] p2a: Bubblegum
|turn|21
|join|ehiko-san
|c|âAdyizy|hi ppl
|c|âJohnny Tots|another victom
|c|âAdyizy|i guess were populour
|c| ehiko-san|ur team is fun johnny xD
|c|âJohnny Tots|victim
|c|âAdyizy|so many ppl watching
|c|âJohnny Tots|haha
|
|move|p1a: Landorus-Therian|Earthquake|p2a: Bubblegum
|-damage|p2a: Bubblegum|0 fnt
|faint|p2a: Bubblegum
|
|-heal|p1a: Landorus-Therian|190\/319|[from] item: Leftovers
|c|âAdyizy|gg tho
|c|âJohnny Tots|gg
|c|âAdyizy|hope we can fight againlatr
|c| ehiko-san|he told us about it in the wifi room...
|
|switch|p2a: Gallade|Gallade, M, shiny|278\/278
|turn|22
|c|âAdyizy|oh kk
|c| ehiko-san|whats a gallade to a lando?
|
|detailschange|p2a: Gallade|Gallade-Mega, M, shiny
|-mega|p2a: Gallade|Gallade|Galladite
|move|p1a: Landorus-Therian|Earthquake|p2a: Gallade
|-damage|p2a: Gallade|0 fnt
|faint|p2a: Gallade
|
|win|Johnny Tots
|c|âAdyizy|nothin
|c|âAdyizy|gg
|leave|ehiko-san
|c|âAdyizy|did i kill 1 of ur poke
|c|âAdyizy|plz say yes
|c|âJohnny Tots|haha well i sorta did
|c|âJohnny Tots|fblitz
|c|âAdyizy|oh yeah gg
|c|âAdyizy|later man hope u make it 2 num 1
|leave|The Ess of Johan
|leave|Adyizy
|player|p2
|leave|Evil King Arthur
|leave|Kakka Karrotkake
|join|mcgill
|leave|sk8rgurl