|join|Kirbles
|join|johnny tots
|player|p1|Kirbles|89
|player|p2|johnny tots|265
|gametype|singles
|gen|6
|tier|OU (suspect test)
|rated
|clearpoke
|poke|p1|Celebi
|poke|p1|Heatran, F
|poke|p1|Tentacruel, F
|poke|p1|Skarmory, F
|poke|p1|Sableye, M
|poke|p1|Blissey, F
|poke|p2|Dragonite, M
|poke|p2|Gyarados, M
|poke|p2|Landorus-Therian, M
|poke|p2|Charizard, M
|poke|p2|Thundurus-Therian, M
|poke|p2|Scizor, M
|rule|Swagger Clause: Swagger is banned
|rule|Baton Pass Clause: Limit one PokÃ©mon knowing Baton Pass
|rule|Sleep Clause Mod: Limit one foe put to sleep
|rule|Species Clause: Limit one of each PokÃ©mon
|rule|OHKO Clause: OHKO moves are banned
|rule|Moody Clause: Moody is banned
|rule|Evasion Moves Clause: Evasion moves are banned
|rule|Endless Battle Clause: Forcing endless battles is banned
|rule|HP Percentage Mod: HP is shown in percentages
|teampreview
|
|start
|switch|p1a: Celebi|Celebi|404\/404
|switch|p2a: Gyarados|Gyarados, M|331\/331
|turn|1
|
|switch|p2a: Scizor|Scizor, M|281\/281
|move|p1a: Celebi|Stealth Rock|p2a: Scizor
|-sidestart|p2: johnny tots|move: Stealth Rock
|
|turn|2
|
|switch|p1a: Heatran|Heatran, F|386\/386
|move|p2a: Scizor|Defog|p1a: Heatran
|-unboost|p1a: Heatran|evasion|1
|-sideend|p2: johnny tots|Stealth Rock|[from] move: Defog|[of] p2a: Scizor
|
|turn|3
|
|switch|p2a: Dragonite|Dragonite, M|323\/323
|move|p1a: Heatran|Flash Cannon|p2a: Dragonite
|-damage|p2a: Dragonite|259\/323
|
|turn|4
|
|switch|p1a: Skarmory|Skarmory, F|333\/333
|move|p2a: Dragonite|Dragon Dance|p2a: Dragonite
|-boost|p2a: Dragonite|atk|1
|-boost|p2a: Dragonite|spe|1
|
|turn|5
|
|move|p2a: Dragonite|Thunder Punch|p1a: Skarmory
|-supereffective|p1a: Skarmory
|-damage|p1a: Skarmory|171\/333
|-damage|p2a: Dragonite|206\/323|[from] item: Rocky Helmet|[of] p1a: Skarmory
|move|p1a: Skarmory|Whirlwind|p2a: Dragonite
|drag|p2a: Gyarados|Gyarados, M|331\/331
|
|turn|6
|
|move|p2a: Gyarados|Taunt|p1a: Skarmory
|-start|p1a: Skarmory|move: Taunt
|cant|p1a: Skarmory|move: Taunt|Roost
|
|turn|7
|
|switch|p1a: Sableye|Sableye, M|304\/304
|move|p2a: Gyarados|Dragon Dance|p2a: Gyarados
|-boost|p2a: Gyarados|atk|1
|-boost|p2a: Gyarados|spe|1
|
|turn|8
|
|detailschange|p1a: Sableye|Sableye-Mega, M
|-mega|p1a: Sableye|Sableye|Sablenite
|move|p1a: Sableye|Will-O-Wisp|p2a: Gyarados
|-status|p2a: Gyarados|brn
|-enditem|p2a: Gyarados|Lum Berry|[eat]
|-curestatus|p2a: Gyarados|brn
|move|p2a: Gyarados|Waterfall|p1a: Sableye
|-damage|p1a: Sableye|133\/304
|
|turn|9
|
|switch|p1a: Tentacruel|Tentacruel, F|364\/364
|move|p2a: Gyarados|Waterfall|p1a: Tentacruel
|-resisted|p1a: Tentacruel
|-damage|p1a: Tentacruel|261\/364
|
|-heal|p1a: Tentacruel|283\/364|[from] item: Black Sludge
|turn|10
|
|move|p2a: Gyarados|Earthquake|p1a: Tentacruel
|-supereffective|p1a: Tentacruel
|-damage|p1a: Tentacruel|0 fnt
|faint|p1a: Tentacruel
|-boost|p2a: Gyarados|atk|1|[from] ability: Moxie
|
|
|switch|p1a: Celebi|Celebi|404\/404
|turn|11
|
|move|p2a: Gyarados|Earthquake|p1a: Celebi
|-resisted|p1a: Celebi
|-damage|p1a: Celebi|271\/404
|move|p1a: Celebi|Stealth Rock|p2a: Gyarados
|-sidestart|p2: johnny tots|move: Stealth Rock
|
|-heal|p1a: Celebi|296\/404|[from] item: Leftovers
|turn|12
|
|move|p2a: Gyarados|Waterfall|p1a: Celebi
|-resisted|p1a: Celebi
|-damage|p1a: Celebi|146\/404
|move|p1a: Celebi|Recover|p1a: Celebi
|-heal|p1a: Celebi|348\/404
|
|-heal|p1a: Celebi|373\/404|[from] item: Leftovers
|turn|13
|
|move|p2a: Gyarados|Taunt|p1a: Celebi
|-start|p1a: Celebi|move: Taunt
|move|p1a: Celebi|Leaf Storm|p2a: Gyarados
|-damage|p2a: Gyarados|189\/331
|-unboost|p1a: Celebi|spa|2
|
|-heal|p1a: Celebi|398\/404|[from] item: Leftovers
|turn|14
|
|move|p2a: Gyarados|Dragon Dance|p2a: Gyarados
|-boost|p2a: Gyarados|atk|1
|-boost|p2a: Gyarados|spe|1
|move|p1a: Celebi|Leaf Storm|p2a: Gyarados
|-crit|p2a: Gyarados
|-damage|p2a: Gyarados|0 fnt
|-unboost|p1a: Celebi|spa|2
|faint|p2a: Gyarados
|
|-heal|p1a: Celebi|404\/404|[from] item: Leftovers
|c|âjohnny tots|haha lucky
|
|switch|p2a: Scizor|Scizor, M|281\/281
|-damage|p2a: Scizor|246\/281|[from] Stealth Rock
|turn|15
|
|switch|p1a: Skarmory|Skarmory, F|171\/333
|move|p2a: Scizor|Defog|p1a: Skarmory
|-unboost|p1a: Skarmory|evasion|1
|-sideend|p2: johnny tots|Stealth Rock|[from] move: Defog|[of] p2a: Scizor
|
|-heal|p2a: Scizor|263\/281|[from] item: Leftovers
|turn|16
|
|switch|p2a: Thundurus-Therian|Thundurus-Therian, M|299\/299
|move|p1a: Skarmory|Roost|p1a: Skarmory
|-heal|p1a: Skarmory|333\/333
|
|turn|17
|
|switch|p1a: Blissey|Blissey, F|714\/714
|move|p2a: Thundurus-Therian|Nasty Plot|p2a: Thundurus-Therian
|-boost|p2a: Thundurus-Therian|spa|2
|
|turn|18
|
|move|p2a: Thundurus-Therian|Nasty Plot|p2a: Thundurus-Therian
|-boost|p2a: Thundurus-Therian|spa|2
|move|p1a: Blissey|Toxic|p2a: Thundurus-Therian|[miss]
|-miss|p1a: Blissey|p2a: Thundurus-Therian
|
|turn|19
|
|move|p2a: Thundurus-Therian|Nasty Plot|p2a: Thundurus-Therian
|-boost|p2a: Thundurus-Therian|spa|2
|move|p1a: Blissey|Toxic|p2a: Thundurus-Therian
|-status|p2a: Thundurus-Therian|tox
|
|-damage|p2a: Thundurus-Therian|281\/299 tox|[from] psn
|turn|20
|
|move|p1a: Blissey|Protect|p1a: Blissey
|-singleturn|p1a: Blissey|Protect
|move|p2a: Thundurus-Therian|Thunderbolt|p1a: Blissey
|-activate|p1a: Blissey|Protect
|
|-heal|p2a: Thundurus-Therian|299\/299 tox|[from] item: Leftovers
|-damage|p2a: Thundurus-Therian|263\/299 tox|[from] psn
|turn|21
|
|switch|p1a: Celebi|Celebi|404\/404
|move|p2a: Thundurus-Therian|Thunderbolt|p1a: Celebi
|-resisted|p1a: Celebi
|-damage|p1a: Celebi|176\/404
|
|-heal|p2a: Thundurus-Therian|281\/299 tox|[from] item: Leftovers
|-heal|p1a: Celebi|201\/404|[from] item: Leftovers
|-damage|p2a: Thundurus-Therian|227\/299 tox|[from] psn
|turn|22
|
|move|p2a: Thundurus-Therian|Thunderbolt|p1a: Celebi
|-resisted|p1a: Celebi
|-damage|p1a: Celebi|0 fnt
|faint|p1a: Celebi
|
|-heal|p2a: Thundurus-Therian|245\/299 tox|[from] item: Leftovers
|-damage|p2a: Thundurus-Therian|173\/299 tox|[from] psn
|
|switch|p1a: Blissey|Blissey, F|714\/714
|turn|23
|
|move|p1a: Blissey|Protect|p1a: Blissey
|-singleturn|p1a: Blissey|Protect
|move|p2a: Thundurus-Therian|Thunderbolt|p1a: Blissey
|-activate|p1a: Blissey|Protect
|
|-heal|p2a: Thundurus-Therian|191\/299 tox|[from] item: Leftovers
|-damage|p2a: Thundurus-Therian|101\/299 tox|[from] psn
|turn|24
|
|move|p2a: Thundurus-Therian|Thunderbolt|p1a: Blissey
|-crit|p1a: Blissey
|-damage|p1a: Blissey|165\/714
|move|p1a: Blissey|Wish|p1a: Blissey
|
|-heal|p2a: Thundurus-Therian|119\/299 tox|[from] item: Leftovers
|-heal|p1a: Blissey|209\/714|[from] item: Leftovers
|-damage|p2a: Thundurus-Therian|11\/299 tox|[from] psn
|turn|25
|
|switch|p2a: Charizard|Charizard, M|297\/297
|move|p1a: Blissey|Protect|p1a: Blissey
|-fail|p1a: Blissey
|
|-heal|p1a: Blissey|566\/714|[from] move: Wish|[wisher] Blissey
|-heal|p1a: Blissey|610\/714|[from] item: Leftovers
|turn|26
|
|detailschange|p2a: Charizard|Charizard-Mega-X, M
|-mega|p2a: Charizard|Charizard|Charizardite X
|move|p2a: Charizard|Dragon Claw|p1a: Blissey
|-damage|p1a: Blissey|0 fnt
|faint|p1a: Blissey
|
|
|switch|p1a: Skarmory|Skarmory, F|333\/333
|turn|27
|
|move|p2a: Charizard|Flare Blitz|p1a: Skarmory
|-supereffective|p1a: Skarmory
|-damage|p1a: Skarmory|1\/333
|-damage|p2a: Charizard|248\/297|[from] item: Rocky Helmet|[of] p1a: Skarmory
|-damage|p2a: Charizard|138\/297|[from] recoil|[of] p1a: Skarmory
|move|p1a: Skarmory|Whirlwind|p2a: Charizard
|drag|p2a: Landorus-Therian|Landorus-Therian, M|319\/319
|-ability|p2a: Landorus-Therian|Intimidate|[of] p1a: Skarmory
|-unboost|p1a: Skarmory|atk|1
|
|turn|28
|-message|johnny tots lost due to inactivity.
|c|âjohnny tots|lag
|
|win|Kirbles
|raw|Ladder updating...
|raw|Kirbles's rating: 1407 &rarr; <strong>1428<\/strong><br \/>(+21 for winning)
|raw|johnny tots's rating: 1440 &rarr; <strong>1418<\/strong><br \/>(-22 for losing)
|
|leave|johnny tots