|join|Mouzourides
|join|cybuster
|player|p1|Mouzourides|290
|player|p2|cybuster|162
|gametype|singles
|gen|6
|tier|OU
|rated
|clearpoke
|poke|p1|Heracross, M
|poke|p1|Sylveon, F
|poke|p1|Landorus-Therian, M
|poke|p1|Azumarill, M
|poke|p1|Latias, F
|poke|p1|Thundurus, M
|poke|p2|Blissey, F, shiny
|poke|p2|Donphan, F
|poke|p2|Keldeo
|poke|p2|Rotom-Wash
|poke|p2|Venusaur, M, shiny
|poke|p2|Dragonite, M
|rule|Swagger Clause: Swagger is banned
|rule|Baton Pass Clause: Limit one PokÃ©mon knowing Baton Pass
|rule|Sleep Clause Mod: Limit one foe put to sleep
|rule|Species Clause: Limit one of each PokÃ©mon
|rule|OHKO Clause: OHKO moves are banned
|rule|Moody Clause: Moody is banned
|rule|Evasion Moves Clause: Evasion moves are banned
|rule|Endless Battle Clause: Forcing endless battles is banned
|rule|HP Percentage Mod: HP is shown in percentages
|teampreview
|
|start
|switch|p1a: Heracross|Heracross, M|311\/311
|switch|p2a: Keldeo|Keldeo|323\/323
|turn|1
|
|detailschange|p1a: Heracross|Heracross-Mega, M
|message|Heracross has Mega Evolved into Mega Heracross!
|move|p2a: Keldeo|Hydro Pump|p1a: Heracross
|-damage|p1a: Heracross|107\/311
|move|p1a: Heracross|Bullet Seed|p2a: Keldeo
|-supereffective|p2a: Keldeo
|-damage|p2a: Keldeo|233\/323
|-supereffective|p2a: Keldeo
|-damage|p2a: Keldeo|139\/323
|-supereffective|p2a: Keldeo
|-damage|p2a: Keldeo|39\/323
|-supereffective|p2a: Keldeo
|-damage|p2a: Keldeo|0 fnt
|-hitcount|p2a: Keldeo|4
|faint|p2a: Keldeo
|
|
|switch|p2a: Venusaur|Venusaur, M, shiny|364\/364
|turn|2
|
|switch|p1a: Latias|Latias, F|302\/302
|detailschange|p2a: Venusaur|Venusaur-Mega, M, shiny
|message|Venusaur has Mega Evolved into Mega Venusaur!
|move|p2a: Venusaur|Sludge Bomb|p1a: Latias
|-damage|p1a: Latias|161\/302
|
|turn|3
|
|switch|p2a: Donphan|Donphan, F|384\/384
|move|p1a: Latias|Roost|p1a: Latias
|-heal|p1a: Latias|302\/302
|
|turn|4
|
|move|p1a: Latias|Psyshock|p2a: Donphan
|-damage|p2a: Donphan|248\/384
|-damage|p1a: Latias|272\/302|[from] item: Life Orb
|move|p2a: Donphan|Knock Off|p1a: Latias
|-crit|p1a: Latias
|-supereffective|p1a: Latias
|-damage|p1a: Latias|0 fnt
|-enditem|p1a: Latias|Life Orb|[from] move: Knock Off|[of] p2a: Donphan
|faint|p1a: Latias
|
|-heal|p2a: Donphan|272\/384|[from] item: Leftovers
|
|switch|p1a: Heracross|Heracross-Mega, M|107\/311
|turn|5
|
|move|p2a: Donphan|Ice Shard|p1a: Heracross
|-crit|p1a: Heracross
|-damage|p1a: Heracross|43\/311
|move|p1a: Heracross|Bullet Seed|p2a: Donphan
|-crit|p2a: Donphan
|-supereffective|p2a: Donphan
|-damage|p2a: Donphan|150\/384
|-supereffective|p2a: Donphan
|-damage|p2a: Donphan|74\/384
|-supereffective|p2a: Donphan
|-damage|p2a: Donphan|0 fnt
|-hitcount|p2a: Donphan|3
|faint|p2a: Donphan
|
|
|switch|p2a: Dragonite|Dragonite, M|324\/324
|turn|6
|
|switch|p1a: Landorus-Therian|Landorus-Therian, M|382\/382
|-ability|p1a: Landorus-Therian|Intimidate|[of] p2a: Dragonite
|-unboost|p2a: Dragonite|atk|1
|move|p2a: Dragonite|Extreme Speed|p1a: Landorus-Therian
|-damage|p1a: Landorus-Therian|322\/382
|
|-heal|p1a: Landorus-Therian|345\/382|[from] item: Leftovers
|turn|7
|
|move|p2a: Dragonite|Dragon Dance|p2a: Dragonite
|-boost|p2a: Dragonite|atk|1
|-boost|p2a: Dragonite|spe|1
|move|p1a: Landorus-Therian|U-turn|p2a: Dragonite
|-resisted|p2a: Dragonite
|-damage|p2a: Dragonite|303\/324
|
|switch|p1a: Azumarill|Azumarill, M|345\/345
|
|turn|8
|
|switch|p2a: Venusaur|Venusaur-Mega, M, shiny|364\/364
|move|p1a: Azumarill|Play Rough|p2a: Venusaur
|-resisted|p2a: Venusaur
|-damage|p2a: Venusaur|280\/364
|
|turn|9
|
|switch|p1a: Thundurus|Thundurus, M|299\/299
|move|p2a: Venusaur|Sludge Bomb|p1a: Thundurus
|-damage|p1a: Thundurus|101\/299
|
|turn|10
|
|move|p1a: Thundurus|Hidden Power|p2a: Venusaur
|-supereffective|p2a: Venusaur
|-damage|p2a: Venusaur|207\/364
|-damage|p1a: Thundurus|72\/299|[from] item: Life Orb
|move|p2a: Venusaur|Sludge Bomb|p1a: Thundurus
|-damage|p1a: Thundurus|0 fnt
|faint|p1a: Thundurus
|
|
|switch|p1a: Heracross|Heracross-Mega, M|43\/311
|turn|11
|
|move|p1a: Heracross|Pin Missile|p2a: Venusaur
|-damage|p2a: Venusaur|156\/364
|-damage|p2a: Venusaur|99\/364
|-damage|p2a: Venusaur|42\/364
|-damage|p2a: Venusaur|0 fnt
|-hitcount|p2a: Venusaur|4
|faint|p2a: Venusaur
|
|
|switch|p2a: Dragonite|Dragonite, M|303\/324
|turn|12
|
|switch|p1a: Landorus-Therian|Landorus-Therian, M|345\/382
|-ability|p1a: Landorus-Therian|Intimidate|[of] p2a: Dragonite
|-unboost|p2a: Dragonite|atk|1
|move|p2a: Dragonite|Extreme Speed|p1a: Landorus-Therian
|-damage|p1a: Landorus-Therian|279\/382
|
|-heal|p1a: Landorus-Therian|302\/382|[from] item: Leftovers
|turn|13
|
|switch|p2a: Rotom-Wash|Rotom-Wash|304\/304
|move|p1a: Landorus-Therian|Stone Edge|p2a: Rotom-Wash|[miss]
|-miss|p1a: Landorus-Therian|p2a: Rotom-Wash
|
|-heal|p1a: Landorus-Therian|325\/382|[from] item: Leftovers
|turn|14
|
|move|p1a: Landorus-Therian|U-turn|p2a: Rotom-Wash
|-crit|p2a: Rotom-Wash
|-damage|p2a: Rotom-Wash|219\/304
|
|switch|p1a: Sylveon|Sylveon, F|394\/394
|move|p2a: Rotom-Wash|Will-O-Wisp|p1a: Sylveon
|-status|p1a: Sylveon|brn
|
|-heal|p2a: Rotom-Wash|238\/304|[from] item: Leftovers
|-damage|p1a: Sylveon|345\/394 brn|[from] brn
|turn|15
|
|move|p2a: Rotom-Wash|Volt Switch|p1a: Sylveon
|-damage|p1a: Sylveon|273\/394 brn
|
|switch|p2a: Blissey|Blissey, F, shiny|714\/714
|move|p1a: Sylveon|Hyper Voice|p2a: Blissey
|-damage|p2a: Blissey|599\/714
|
|-heal|p1a: Sylveon|297\/394 brn|[from] item: Leftovers
|-heal|p2a: Blissey|643\/714|[from] item: Leftovers
|-damage|p1a: Sylveon|248\/394 brn|[from] brn
|turn|16
|
|move|p1a: Sylveon|Heal Bell|p1a: Sylveon
|-cureteam|p1a: Sylveon|[from] move: HealBell
|move|p2a: Blissey|Thunder Wave|p1a: Sylveon
|-status|p1a: Sylveon|par
|
|-heal|p2a: Blissey|687\/714|[from] item: Leftovers
|-heal|p1a: Sylveon|272\/394 par|[from] item: Leftovers
|turn|17
|
|move|p2a: Blissey|Stealth Rock|p1a: Sylveon
|-sidestart|p1: Mouzourides|move: Stealth Rock
|move|p1a: Sylveon|Heal Bell|p1a: Sylveon
|-cureteam|p1a: Sylveon|[from] move: HealBell
|
|-heal|p1a: Sylveon|296\/394|[from] item: Leftovers
|-heal|p2a: Blissey|714\/714|[from] item: Leftovers
|turn|18
|
|move|p1a: Sylveon|Wish|p1a: Sylveon
|move|p2a: Blissey|Seismic Toss|p1a: Sylveon
|-damage|p1a: Sylveon|196\/394
|
|-heal|p1a: Sylveon|220\/394|[from] item: Leftovers
|turn|19
|
|switch|p1a: Azumarill|Azumarill, M|345\/345
|-damage|p1a: Azumarill|302\/345|[from] Stealth Rock
|move|p2a: Blissey|Thunder Wave|p1a: Azumarill
|-status|p1a: Azumarill|par
|
|-heal|p1a: Azumarill|345\/345 par|[from] move: Wish|[wisher] Sylveon
|turn|20
|
|move|p2a: Blissey|Seismic Toss|p1a: Azumarill
|-damage|p1a: Azumarill|245\/345 par
|move|p1a: Azumarill|Knock Off|p2a: Blissey
|-damage|p2a: Blissey|461\/714
|-enditem|p2a: Blissey|Leftovers|[from] move: Knock Off|[of] p1a: Azumarill
|
|turn|21
|
|move|p2a: Blissey|Seismic Toss|p1a: Azumarill
|-damage|p1a: Azumarill|145\/345 par
|move|p1a: Azumarill|Play Rough|p2a: Blissey
|-damage|p2a: Blissey|83\/714
|
|turn|22
|
|move|p1a: Azumarill|Aqua Jet|p2a: Blissey
|-crit|p2a: Blissey
|-damage|p2a: Blissey|0 fnt
|faint|p2a: Blissey
|
|
|switch|p2a: Rotom-Wash|Rotom-Wash|238\/304
|turn|23
|
|switch|p1a: Sylveon|Sylveon, F|220\/394
|-damage|p1a: Sylveon|171\/394|[from] Stealth Rock
|move|p2a: Rotom-Wash|Volt Switch|p1a: Sylveon
|-damage|p1a: Sylveon|95\/394
|
|switch|p2a: Dragonite|Dragonite, M|303\/324
|
|-heal|p1a: Sylveon|119\/394|[from] item: Leftovers
|turn|24
|
|switch|p1a: Landorus-Therian|Landorus-Therian, M|325\/382
|-damage|p1a: Landorus-Therian|278\/382|[from] Stealth Rock
|-ability|p1a: Landorus-Therian|Intimidate|[of] p2a: Dragonite
|-unboost|p2a: Dragonite|atk|1
|move|p2a: Dragonite|Earthquake|p1a: Landorus-Therian
|-immune|p1a: Landorus-Therian|[msg]
|
|-heal|p1a: Landorus-Therian|301\/382|[from] item: Leftovers
|turn|25
|
|move|p2a: Dragonite|Dragon Dance|p2a: Dragonite
|-boost|p2a: Dragonite|atk|1
|-boost|p2a: Dragonite|spe|1
|move|p1a: Landorus-Therian|U-turn|p2a: Dragonite
|-resisted|p2a: Dragonite
|-damage|p2a: Dragonite|261\/324
|
|switch|p1a: Azumarill|Azumarill, M|145\/345 par
|-damage|p1a: Azumarill|102\/345 par|[from] Stealth Rock
|
|turn|26
|
|switch|p1a: Landorus-Therian|Landorus-Therian, M|301\/382
|-damage|p1a: Landorus-Therian|254\/382|[from] Stealth Rock
|-ability|p1a: Landorus-Therian|Intimidate|[of] p2a: Dragonite
|-unboost|p2a: Dragonite|atk|1
|move|p2a: Dragonite|Earthquake|p1a: Landorus-Therian
|-immune|p1a: Landorus-Therian|[msg]
|
|-heal|p1a: Landorus-Therian|277\/382|[from] item: Leftovers
|turn|27
|
|move|p2a: Dragonite|Extreme Speed|p1a: Landorus-Therian
|-damage|p1a: Landorus-Therian|213\/382
|move|p1a: Landorus-Therian|Stone Edge|p2a: Dragonite
|-supereffective|p2a: Dragonite
|-damage|p2a: Dragonite|33\/324
|-enditem|p2a: Dragonite|Weakness Policy
|-boost|p2a: Dragonite|atk|2|[from] item: Weakness Policy
|-boost|p2a: Dragonite|spa|2|[from] item: Weakness Policy
|
|-heal|p1a: Landorus-Therian|236\/382|[from] item: Leftovers
|turn|28
|
|move|p2a: Dragonite|Dragon Claw|p1a: Landorus-Therian
|-damage|p1a: Landorus-Therian|32\/382
|move|p1a: Landorus-Therian|Stone Edge|p2a: Dragonite|[miss]
|-miss|p1a: Landorus-Therian|p2a: Dragonite
|
|-heal|p1a: Landorus-Therian|55\/382|[from] item: Leftovers
|turn|29
|c|âMouzourides|gg, you won because of that miss
|c|âcybuster|gg
|c|âcybuster|80% acc
|
|switch|p1a: Azumarill|Azumarill, M|102\/345 par
|-damage|p1a: Azumarill|59\/345 par|[from] Stealth Rock
|move|p2a: Dragonite|Extreme Speed|p1a: Azumarill
|-damage|p1a: Azumarill|0 fnt
|faint|p1a: Azumarill
|
|
|switch|p1a: Landorus-Therian|Landorus-Therian, M|55\/382
|-damage|p1a: Landorus-Therian|8\/382|[from] Stealth Rock
|-ability|p1a: Landorus-Therian|Intimidate|[of] p2a: Dragonite
|-unboost|p2a: Dragonite|atk|1
|turn|30
|
|move|p2a: Dragonite|Dragon Claw|p1a: Landorus-Therian
|-damage|p1a: Landorus-Therian|0 fnt
|faint|p1a: Landorus-Therian
|
|
|switch|p1a: Sylveon|Sylveon, F|119\/394
|-damage|p1a: Sylveon|70\/394|[from] Stealth Rock
|turn|31
|
|move|p1a: Sylveon|Protect|p1a: Sylveon
|-singleturn|p1a: Sylveon|Protect
|move|p2a: Dragonite|Earthquake|p1a: Sylveon
|-activate|p1a: Sylveon|Protect
|
|-heal|p1a: Sylveon|94\/394|[from] item: Leftovers
|turn|32
|
|move|p1a: Sylveon|Protect|p1a: Sylveon
|-singleturn|p1a: Sylveon|Protect
|move|p2a: Dragonite|Earthquake|p1a: Sylveon
|-activate|p1a: Sylveon|Protect
|
|-heal|p1a: Sylveon|118\/394|[from] item: Leftovers
|turn|33
|
|move|p2a: Dragonite|Earthquake|p1a: Sylveon
|-damage|p1a: Sylveon|0 fnt
|faint|p1a: Sylveon
|
|
|switch|p1a: Heracross|Heracross-Mega, M|43\/311
|-damage|p1a: Heracross|5\/311|[from] Stealth Rock
|turn|34
|
|move|p2a: Dragonite|Extreme Speed|p1a: Heracross
|-damage|p1a: Heracross|0 fnt
|faint|p1a: Heracross
|
|win|cybuster
|raw|Ladder updating...
|raw|Mouzourides's rating: 1714 &rarr; <strong>1689<\/strong><br \/>(-25 for losing)
|raw|cybuster's rating: 1626 &rarr; <strong>1651<\/strong><br \/>(+25 for winning)