|join|DaigoroX
|join|Mouzourides
|player|p1|DaigoroX|257
|player|p2|Mouzourides|290
|gametype|singles
|gen|6
|tier|OU
|rated
|clearpoke
|poke|p1|Charizard, M
|poke|p1|Azumarill, M
|poke|p1|Ferrothorn, M
|poke|p1|Chansey, F
|poke|p1|Gliscor, F
|poke|p1|Skarmory, F
|poke|p2|Pinsir, M
|poke|p2|Zapdos
|poke|p2|Heatran, M
|poke|p2|Ferrothorn, F
|poke|p2|Keldeo-Resolute
|poke|p2|Garchomp, M
|rule|Swagger Clause: Swagger is banned
|rule|Baton Pass Clause: Limit one PokÃ©mon knowing Baton Pass
|rule|Sleep Clause Mod: Limit one foe put to sleep
|rule|Species Clause: Limit one of each PokÃ©mon
|rule|OHKO Clause: OHKO moves are banned
|rule|Moody Clause: Moody is banned
|rule|Evasion Moves Clause: Evasion moves are banned
|rule|Endless Battle Clause: Forcing endless battles is banned
|rule|HP Percentage Mod: HP is reported as percentages
|teampreview
|
|start
|switch|p1a: Gliscor|Gliscor, F|352\/352
|switch|p2a: Zapdos|Zapdos|384\/384
|-ability|p2a: Zapdos|Pressure
|turn|1
|
|move|p1a: Gliscor|Taunt|p2a: Zapdos
|-start|p2a: Zapdos|move: Taunt
|move|p2a: Zapdos|Heat Wave|p1a: Gliscor
|-damage|p1a: Gliscor|266\/352
|
|-status|p1a: Gliscor|tox|[from] item: Toxic Orb
|turn|2
|
|move|p1a: Gliscor|Toxic|p2a: Zapdos
|-status|p2a: Zapdos|tox
|move|p2a: Zapdos|Heat Wave|p1a: Gliscor
|-miss|p2a: Zapdos|p1a: Gliscor
|
|-heal|p1a: Gliscor|310\/352 tox|[from] ability: Poison Heal
|-damage|p2a: Zapdos|360\/384 tox|[from] psn
|turn|3
|
|switch|p2a: Keldeo-Resolute|Keldeo-Resolute|322\/322
|move|p1a: Gliscor|Roost|p1a: Gliscor
|-heal|p1a: Gliscor|352\/352 tox
|
|turn|4
|
|switch|p1a: Azumarill|Azumarill, M|404\/404
|move|p2a: Keldeo-Resolute|Secret Sword|p1a: Azumarill
|-resisted|p1a: Azumarill
|-damage|p1a: Azumarill|311\/404
|
|-heal|p1a: Azumarill|336\/404|[from] item: Leftovers
|turn|5
|
|switch|p2a: Ferrothorn|Ferrothorn, F|352\/352
|move|p1a: Azumarill|Toxic|p2a: Ferrothorn
|-fail|p2a: Ferrothorn
|
|-heal|p1a: Azumarill|361\/404|[from] item: Leftovers
|turn|6
|
|switch|p1a: Skarmory|Skarmory, F|332\/332
|move|p2a: Ferrothorn|Leech Seed|p1a: Skarmory
|-start|p1a: Skarmory|move: Leech Seed
|
|-damage|p1a: Skarmory|291\/332|[from] Leech Seed|[of] p2a: Ferrothorn
|turn|7
|
|switch|p2a: Heatran|Heatran, M|386\/386
|move|p1a: Skarmory|Taunt|p2a: Heatran
|-start|p2a: Heatran|move: Taunt
|
|-heal|p1a: Skarmory|311\/332|[from] item: Leftovers
|-damage|p1a: Skarmory|270\/332|[from] Leech Seed|[of] p2a: Heatran
|turn|8
|
|switch|p1a: Charizard|Charizard, M|359\/359
|move|p2a: Heatran|Earth Power|p1a: Charizard
|-immune|p1a: Charizard|[msg]
|
|turn|9
|
|switch|p2a: Ferrothorn|Ferrothorn, F|352\/352
|detailschange|p1a: Charizard|Charizard-Mega-X, M
|message|Charizard has Mega Evolved into Mega Charizard!
|move|p1a: Charizard|Earthquake|p2a: Ferrothorn
|-damage|p2a: Ferrothorn|295\/352
|
|-heal|p2a: Ferrothorn|317\/352|[from] item: Leftovers
|turn|10
|
|move|p2a: Ferrothorn|Protect|p2a: Ferrothorn
|-singleturn|p2a: Ferrothorn|Protect
|move|p1a: Charizard|Will-O-Wisp|p2a: Ferrothorn
|-activate|p2a: Ferrothorn|Protect
|
|-heal|p2a: Ferrothorn|339\/352|[from] item: Leftovers
|turn|11
|
|move|p1a: Charizard|Will-O-Wisp|p2a: Ferrothorn
|-status|p2a: Ferrothorn|brn
|move|p2a: Ferrothorn|Toxic|p1a: Charizard|[miss]
|-miss|p2a: Ferrothorn|p1a: Charizard
|
|-heal|p2a: Ferrothorn|352\/352 brn|[from] item: Leftovers
|-damage|p2a: Ferrothorn|308\/352 brn|[from] brn
|turn|12
|
|switch|p1a: Skarmory|Skarmory, F|270\/332
|move|p2a: Ferrothorn|Toxic|p1a: Skarmory|[miss]
|-miss|p2a: Ferrothorn|p1a: Skarmory
|
|-heal|p1a: Skarmory|290\/332|[from] item: Leftovers
|-heal|p2a: Ferrothorn|330\/352 brn|[from] item: Leftovers
|-damage|p2a: Ferrothorn|286\/352 brn|[from] brn
|turn|13
|
|switch|p2a: Heatran|Heatran, M|386\/386
|move|p1a: Skarmory|Taunt|p2a: Heatran
|-start|p2a: Heatran|move: Taunt
|
|-heal|p1a: Skarmory|310\/332|[from] item: Leftovers
|turn|14
|
|switch|p1a: Gliscor|Gliscor, F|352\/352 tox
|move|p2a: Heatran|Lava Plume|p1a: Gliscor
|-damage|p1a: Gliscor|252\/352 tox
|
|-heal|p1a: Gliscor|296\/352 tox|[from] ability: Poison Heal
|turn|15
|
|switch|p2a: Ferrothorn|Ferrothorn, F|286\/352 brn
|move|p1a: Gliscor|Toxic|p2a: Ferrothorn
|-fail|p2a: Ferrothorn
|
|-heal|p2a: Ferrothorn|308\/352 brn|[from] item: Leftovers
|-heal|p1a: Gliscor|340\/352 tox|[from] ability: Poison Heal
|-damage|p2a: Ferrothorn|264\/352 brn|[from] brn
|turn|16
|
|switch|p1a: Ferrothorn|Ferrothorn, M|352\/352
|move|p2a: Ferrothorn|Power Whip|p1a: Ferrothorn
|-resisted|p1a: Ferrothorn
|-damage|p1a: Ferrothorn|341\/352
|-damage|p2a: Ferrothorn|220\/352 brn|[from] ability: Iron Barbs|[of] p1a: Ferrothorn
|
|-heal|p2a: Ferrothorn|242\/352 brn|[from] item: Leftovers
|-heal|p1a: Ferrothorn|352\/352|[from] item: Leftovers
|-damage|p2a: Ferrothorn|198\/352 brn|[from] brn
|turn|17
|
|switch|p2a: Heatran|Heatran, M|386\/386
|move|p1a: Ferrothorn|Stealth Rock|p2a: Heatran
|-sidestart|p2: Mouzourides|move: Stealth Rock
|
|turn|18
|
|switch|p1a: Gliscor|Gliscor, F|340\/352 tox
|move|p2a: Heatran|Stealth Rock|p1a: Gliscor
|-sidestart|p1: DaigoroX|move: Stealth Rock
|
|-heal|p1a: Gliscor|352\/352 tox|[from] ability: Poison Heal
|turn|19
|
|switch|p2a: Keldeo-Resolute|Keldeo-Resolute|322\/322
|-damage|p2a: Keldeo-Resolute|302\/322|[from] Stealth Rock
|move|p1a: Gliscor|Taunt|p2a: Keldeo-Resolute
|-start|p2a: Keldeo-Resolute|move: Taunt
|
|turn|20
|
|switch|p1a: Azumarill|Azumarill, M|361\/404
|-damage|p1a: Azumarill|311\/404|[from] Stealth Rock
|move|p2a: Keldeo-Resolute|Scald|p1a: Azumarill
|-resisted|p1a: Azumarill
|-damage|p1a: Azumarill|201\/404
|
|-heal|p1a: Azumarill|226\/404|[from] item: Leftovers
|turn|21
|
|switch|p2a: Ferrothorn|Ferrothorn, F|198\/352 brn
|-damage|p2a: Ferrothorn|176\/352 brn|[from] Stealth Rock
|move|p1a: Azumarill|Toxic|p2a: Ferrothorn|[miss]
|-miss|p1a: Azumarill|p2a: Ferrothorn
|
|-heal|p1a: Azumarill|251\/404|[from] item: Leftovers
|-heal|p2a: Ferrothorn|198\/352 brn|[from] item: Leftovers
|-damage|p2a: Ferrothorn|154\/352 brn|[from] brn
|turn|22
|
|switch|p1a: Skarmory|Skarmory, F|310\/332
|-damage|p1a: Skarmory|269\/332|[from] Stealth Rock
|switch|p2a: Keldeo-Resolute|Keldeo-Resolute|302\/322
|-damage|p2a: Keldeo-Resolute|282\/322|[from] Stealth Rock
|
|-heal|p1a: Skarmory|289\/332|[from] item: Leftovers
|turn|23
|
|switch|p1a: Azumarill|Azumarill, M|251\/404
|-damage|p1a: Azumarill|201\/404|[from] Stealth Rock
|move|p2a: Keldeo-Resolute|Scald|p1a: Azumarill
|-resisted|p1a: Azumarill
|-damage|p1a: Azumarill|78\/404
|
|-heal|p1a: Azumarill|103\/404|[from] item: Leftovers
|turn|24
|
|switch|p1a: Chansey|Chansey, F|704\/704
|-damage|p1a: Chansey|616\/704|[from] Stealth Rock
|move|p2a: Keldeo-Resolute|Scald|p1a: Chansey
|-damage|p1a: Chansey|475\/704
|
|turn|25
|
|switch|p2a: Ferrothorn|Ferrothorn, F|154\/352 brn
|-damage|p2a: Ferrothorn|132\/352 brn|[from] Stealth Rock
|move|p1a: Chansey|Toxic|p2a: Ferrothorn
|-fail|p2a: Ferrothorn
|
|-heal|p2a: Ferrothorn|154\/352 brn|[from] item: Leftovers
|-damage|p2a: Ferrothorn|110\/352 brn|[from] brn
|turn|26
|
|move|p1a: Chansey|Seismic Toss|p2a: Ferrothorn
|-damage|p2a: Ferrothorn|10\/352 brn
|-damage|p1a: Chansey|387\/704|[from] ability: Iron Barbs|[of] p2a: Ferrothorn
|move|p2a: Ferrothorn|Leech Seed|p1a: Chansey
|-start|p1a: Chansey|move: Leech Seed
|
|-heal|p2a: Ferrothorn|32\/352 brn|[from] item: Leftovers
|-damage|p1a: Chansey|299\/704|[from] Leech Seed|[of] p2a: Ferrothorn
|-heal|p2a: Ferrothorn|120\/352 brn|[silent]
|-damage|p2a: Ferrothorn|76\/352 brn|[from] brn
|turn|27
|
|move|p1a: Chansey|Seismic Toss|p2a: Ferrothorn
|-damage|p2a: Ferrothorn|0 fnt
|-damage|p1a: Chansey|211\/704|[from] ability: Iron Barbs|[of] p2a: Ferrothorn
|faint|p2a: Ferrothorn
|
|
|switch|p2a: Keldeo-Resolute|Keldeo-Resolute|282\/322
|-damage|p2a: Keldeo-Resolute|262\/322|[from] Stealth Rock
|turn|28
|
|switch|p1a: Gliscor|Gliscor, F|352\/352 tox
|-damage|p1a: Gliscor|308\/352 tox|[from] Stealth Rock
|move|p2a: Keldeo-Resolute|Scald|p1a: Gliscor
|-supereffective|p1a: Gliscor
|-damage|p1a: Gliscor|0 fnt
|faint|p1a: Gliscor
|
|
|switch|p1a: Ferrothorn|Ferrothorn, M|352\/352
|-damage|p1a: Ferrothorn|330\/352|[from] Stealth Rock
|turn|29
|
|switch|p2a: Heatran|Heatran, M|386\/386
|-damage|p2a: Heatran|338\/386|[from] Stealth Rock
|switch|p1a: Chansey|Chansey, F|211\/704
|-damage|p1a: Chansey|123\/704|[from] Stealth Rock
|
|-heal|p2a: Heatran|362\/386|[from] item: Leftovers
|turn|30
|
|move|p2a: Heatran|Lava Plume|p1a: Chansey
|-damage|p1a: Chansey|47\/704
|move|p1a: Chansey|Soft-Boiled|p1a: Chansey
|-heal|p1a: Chansey|399\/704
|
|-heal|p2a: Heatran|386\/386|[from] item: Leftovers
|turn|31
|
|move|p2a: Heatran|Toxic|p1a: Chansey
|-status|p1a: Chansey|tox
|move|p1a: Chansey|Toxic|p2a: Heatran
|-fail|p2a: Heatran
|
|-damage|p1a: Chansey|355\/704 tox|[from] psn
|turn|32
|
|switch|p2a: Keldeo-Resolute|Keldeo-Resolute|262\/322
|-damage|p2a: Keldeo-Resolute|242\/322|[from] Stealth Rock
|move|p1a: Chansey|Toxic|p2a: Keldeo-Resolute
|-status|p2a: Keldeo-Resolute|tox
|
|-damage|p2a: Keldeo-Resolute|222\/322 tox|[from] psn
|-damage|p1a: Chansey|267\/704 tox|[from] psn
|turn|33
|
|switch|p1a: Azumarill|Azumarill, M|103\/404
|-damage|p1a: Azumarill|53\/404|[from] Stealth Rock
|move|p2a: Keldeo-Resolute|Secret Sword|p1a: Azumarill
|-resisted|p1a: Azumarill
|-damage|p1a: Azumarill|0 fnt
|faint|p1a: Azumarill
|
|-damage|p2a: Keldeo-Resolute|182\/322 tox|[from] psn
|
|switch|p1a: Skarmory|Skarmory, F|289\/332
|-damage|p1a: Skarmory|248\/332|[from] Stealth Rock
|turn|34
|
|switch|p2a: Zapdos|Zapdos|360\/384 tox
|-damage|p2a: Zapdos|264\/384 tox|[from] Stealth Rock
|-ability|p2a: Zapdos|Pressure
|move|p1a: Skarmory|Defog|p2a: Zapdos
|-unboost|p2a: Zapdos|evasion|1
|-sideend|p2: Mouzourides|Stealth Rock|[from] move: Defog|[of] p2a: Zapdos
|-sideend|p1: DaigoroX|Stealth Rock|[from] move: Defog|[of] p1a: Skarmory
|
|-heal|p2a: Zapdos|288\/384 tox|[from] item: Leftovers
|-heal|p1a: Skarmory|268\/332|[from] item: Leftovers
|-damage|p2a: Zapdos|264\/384 tox|[from] psn
|turn|35
|
|switch|p2a: Garchomp|Garchomp, M|358\/358
|switch|p1a: Charizard|Charizard-Mega-X, M|359\/359
|
|turn|36
|
|move|p2a: Garchomp|Dragon Claw|p1a: Charizard
|-supereffective|p1a: Charizard
|-damage|p1a: Charizard|147\/359
|move|p1a: Charizard|Will-O-Wisp|p2a: Garchomp
|-status|p2a: Garchomp|brn
|
|-damage|p2a: Garchomp|314\/358 brn|[from] brn
|turn|37
|
|move|p2a: Garchomp|Dragon Claw|p1a: Charizard
|-supereffective|p1a: Charizard
|-damage|p1a: Charizard|45\/359
|move|p1a: Charizard|Roost|p1a: Charizard
|-heal|p1a: Charizard|225\/359
|
|-damage|p2a: Garchomp|270\/358 brn|[from] brn
|turn|38
|
|switch|p2a: Keldeo-Resolute|Keldeo-Resolute|182\/322 tox
|move|p1a: Charizard|Roost|p1a: Charizard
|-heal|p1a: Charizard|359\/359
|
|-damage|p2a: Keldeo-Resolute|162\/322 tox|[from] psn
|turn|39
|
|move|p2a: Keldeo-Resolute|Scald|p1a: Charizard
|-damage|p1a: Charizard|95\/359
|move|p1a: Charizard|Roost|p1a: Charizard
|-heal|p1a: Charizard|275\/359
|
|-damage|p2a: Keldeo-Resolute|122\/322 tox|[from] psn
|turn|40
|
|switch|p1a: Ferrothorn|Ferrothorn, M|330\/352
|move|p2a: Keldeo-Resolute|Scald|p1a: Ferrothorn
|-resisted|p1a: Ferrothorn
|-damage|p1a: Ferrothorn|242\/352
|
|-heal|p1a: Ferrothorn|264\/352|[from] item: Leftovers
|-damage|p2a: Keldeo-Resolute|62\/322 tox|[from] psn
|turn|41
|
|switch|p2a: Pinsir|Pinsir, M|271\/271
|move|p1a: Ferrothorn|Stealth Rock|p2a: Pinsir
|-sidestart|p2: Mouzourides|move: Stealth Rock
|
|-heal|p1a: Ferrothorn|286\/352|[from] item: Leftovers
|turn|42
|
|switch|p1a: Skarmory|Skarmory, F|268\/332
|detailschange|p2a: Pinsir|Pinsir-Mega, M
|message|Pinsir has Mega Evolved into Mega Pinsir!
|move|p2a: Pinsir|Swords Dance|p2a: Pinsir
|-boost|p2a: Pinsir|atk|2
|
|-heal|p1a: Skarmory|288\/332|[from] item: Leftovers
|turn|43
|
|move|p2a: Pinsir|Swords Dance|p2a: Pinsir
|-boost|p2a: Pinsir|atk|2
|move|p1a: Skarmory|Counter|p2a: Pinsir
|-fail|p2a: Pinsir
|
|-heal|p1a: Skarmory|308\/332|[from] item: Leftovers
|turn|44
|
|move|p2a: Pinsir|Swords Dance|p2a: Pinsir
|-boost|p2a: Pinsir|atk|2
|move|p1a: Skarmory|Roost|p1a: Skarmory
|-heal|p1a: Skarmory|332\/332
|
|turn|45
|
|move|p2a: Pinsir|Return|p1a: Skarmory
|-resisted|p1a: Skarmory
|-activate|p1a: Skarmory|Sturdy
|-damage|p1a: Skarmory|1\/332
|move|p1a: Skarmory|Counter|p2a: Pinsir
|-damage|p2a: Pinsir|0 fnt
|faint|p2a: Pinsir
|
|-heal|p1a: Skarmory|21\/332|[from] item: Leftovers
|
|switch|p2a: Keldeo-Resolute|Keldeo-Resolute|62\/322 tox
|-damage|p2a: Keldeo-Resolute|42\/322 tox|[from] Stealth Rock
|turn|46
|
|move|p2a: Keldeo-Resolute|Secret Sword|p1a: Skarmory
|-damage|p1a: Skarmory|0 fnt
|faint|p1a: Skarmory
|
|-damage|p2a: Keldeo-Resolute|22\/322 tox|[from] psn
|
|switch|p1a: Chansey|Chansey, F|267\/704
|turn|47
|
|move|p2a: Keldeo-Resolute|Secret Sword|p1a: Chansey
|-supereffective|p1a: Chansey
|-damage|p1a: Chansey|0 fnt
|faint|p1a: Chansey
|
|-damage|p2a: Keldeo-Resolute|0 fnt|[from] psn
|faint|p2a: Keldeo-Resolute
|
|switch|p1a: Charizard|Charizard-Mega-X, M|275\/359
|switch|p2a: Zapdos|Zapdos|264\/384 tox
|-damage|p2a: Zapdos|168\/384 tox|[from] Stealth Rock
|-ability|p2a: Zapdos|Pressure
|turn|48
|
|move|p1a: Charizard|Roost|p1a: Charizard
|-heal|p1a: Charizard|359\/359
|move|p2a: Zapdos|Defog|p1a: Charizard
|-unboost|p1a: Charizard|evasion|1
|-sideend|p2: Mouzourides|Stealth Rock|[from] move: Defog|[of] p2a: Zapdos
|
|-heal|p2a: Zapdos|192\/384 tox|[from] item: Leftovers
|-damage|p2a: Zapdos|168\/384 tox|[from] psn
|turn|49
|
|move|p1a: Charizard|Dragon Claw|p2a: Zapdos
|-damage|p2a: Zapdos|75\/384 tox
|move|p2a: Zapdos|Discharge|p1a: Charizard
|-crit|p1a: Charizard
|-resisted|p1a: Charizard
|-damage|p1a: Charizard|264\/359
|
|-heal|p2a: Zapdos|99\/384 tox|[from] item: Leftovers
|-damage|p2a: Zapdos|51\/384 tox|[from] psn
|turn|50
|
|move|p1a: Charizard|Dragon Claw|p2a: Zapdos
|-damage|p2a: Zapdos|0 fnt
|faint|p2a: Zapdos
|
|
|switch|p2a: Heatran|Heatran, M|386\/386
|turn|51
|
|move|p1a: Charizard|Earthquake|p2a: Heatran
|-supereffective|p2a: Heatran
|-damage|p2a: Heatran|70\/386
|move|p2a: Heatran|Earth Power|p1a: Charizard
|-supereffective|p1a: Charizard
|-damage|p1a: Charizard|64\/359
|
|-heal|p2a: Heatran|94\/386|[from] item: Leftovers
|turn|52
|
|switch|p2a: Garchomp|Garchomp, M|270\/358 brn
|move|p1a: Charizard|Earthquake|p2a: Garchomp
|-damage|p2a: Garchomp|185\/358 brn
|
|-damage|p2a: Garchomp|141\/358 brn|[from] brn
|turn|53
|
|switch|p2a: Heatran|Heatran, M|94\/386
|switch|p1a: Ferrothorn|Ferrothorn, M|286\/352
|
|-heal|p2a: Heatran|118\/386|[from] item: Leftovers
|-heal|p1a: Ferrothorn|308\/352|[from] item: Leftovers
|turn|54
|
|move|p2a: Heatran|Earth Power|p1a: Ferrothorn
|-damage|p1a: Ferrothorn|236\/352
|move|p1a: Ferrothorn|Power Whip|p2a: Heatran
|-resisted|p2a: Heatran
|-damage|p2a: Heatran|88\/386
|
|-heal|p2a: Heatran|112\/386|[from] item: Leftovers
|-heal|p1a: Ferrothorn|258\/352|[from] item: Leftovers
|turn|55
|
|switch|p1a: Charizard|Charizard-Mega-X, M|64\/359
|move|p2a: Heatran|Stealth Rock|p1a: Charizard
|-sidestart|p1: DaigoroX|move: Stealth Rock
|
|-heal|p2a: Heatran|136\/386|[from] item: Leftovers
|turn|56
|chat|Mouzourides|ah gg
|chat|DaigoroX|gg
|chat|DaigoroX|XD
|chat|Mouzourides|it was so close!
|chat|Mouzourides|damn
|chat|DaigoroX|yep
|chat|DaigoroX|wp man
|chat|Mouzourides|you too dude
|
|switch|p2a: Garchomp|Garchomp, M|141\/358 brn
|move|p1a: Charizard|Earthquake|p2a: Garchomp
|-damage|p2a: Garchomp|56\/358 brn
|
|-damage|p2a: Garchomp|12\/358 brn|[from] brn
|turn|57
|
|switch|p1a: Ferrothorn|Ferrothorn, M|258\/352
|-damage|p1a: Ferrothorn|236\/352|[from] Stealth Rock
|move|p2a: Garchomp|Outrage|p1a: Ferrothorn
|-resisted|p1a: Ferrothorn
|-damage|p1a: Ferrothorn|201\/352
|-damage|p2a: Garchomp|0 fnt|[from] ability: Iron Barbs|[of] p1a: Ferrothorn
|faint|p2a: Garchomp
|
|-heal|p1a: Ferrothorn|223\/352|[from] item: Leftovers
|
|switch|p2a: Heatran|Heatran, M|136\/386
|turn|58
|chat|DaigoroX|well
|chat|DaigoroX|the lol fuck me up lol
|chat|Mouzourides|this was unexpected
|chat|DaigoroX|i was cancelling the chage and the league pop up
|chat|DaigoroX|XD
|chat|DaigoroX|anyways
|chat|Mouzourides|I thought I had lost
|chat|DaigoroX|you deserve the win
|chat|DaigoroX|my team is such a bitch
|chat|DaigoroX|lol
|chat|Mouzourides|thanks dude, you played it well though
|chat|DaigoroX|you too bro
|
|move|p2a: Heatran|Lava Plume|p1a: Ferrothorn
|-supereffective|p1a: Ferrothorn
|-damage|p1a: Ferrothorn|0 fnt
|faint|p1a: Ferrothorn
|
|-heal|p2a: Heatran|160\/386|[from] item: Leftovers
|
|switch|p1a: Charizard|Charizard-Mega-X, M|64\/359
|-damage|p1a: Charizard|0 fnt|[from] Stealth Rock
|faint|p1a: Charizard
|
|win|Mouzourides
|raw|Ladder updating...
|raw|DaigoroX's rating: 1541 &rarr; <strong>1524<\/strong><br \/>(-17 for losing)
|raw|Mouzourides's rating: 1593 &rarr; <strong>1610<\/strong><br \/>(+17 for winning)
|leave|DaigoroX
|player|p1