|join|Mouzourides
|join|Runned Away!
|player|p1|Mouzourides|290
|player|p2|Runned Away!|257
|gametype|singles
|gen|6
|tier|OU
|clearpoke
|poke|p1|Azumarill, M
|poke|p1|Zapdos
|poke|p1|Heatran, F
|poke|p1|Alakazam, M
|poke|p1|Keldeo-Resolute
|poke|p1|Garchomp, M
|poke|p2|Serperior, M, shiny
|poke|p2|Vaporeon, M
|poke|p2|Politoed, M, shiny
|poke|p2|Scizor, M
|poke|p2|Excadrill, F
|poke|p2|Kabutops, M
|rule|Baton Pass Clause: Limit 3 pokemon knowing Baton Pass
|rule|Sleep Clause Mod: Limit one foe put to sleep
|rule|Species Clause: Limit one of each Pokemon
|rule|OHKO Clause: OHKO moves are banned
|rule|Moody Clause: Moody is banned
|rule|Swagger Clause: Swagger is banned
|rule|Evasion Moves Clause: Evasion moves are banned
|rule|Endless Battle Clause: Forcing endless battles is banned
|rule|HP Percentage Mod: HP is reported as percentages
|teampreview
|chat|Runned Away!|okay, take two XD
|
|start
|switch|p1a: Alakazam|Alakazam, M|252\/252
|switch|p2a: Boggy|Politoed, M, shiny|322\/322
|-weather|RainDance
|turn|1
|
|switch|p2a: Screw Ninjask!|Scizor, M|320\/320
|move|p1a: Alakazam|Energy Ball|p2a: Screw Ninjask!
|-resisted|p2a: Screw Ninjask!
|-damage|p2a: Screw Ninjask!|288\/320
|-unboost|p2a: Screw Ninjask!|spd|1
|
|-weather|RainDance|[upkeep]
|turn|2
|chat|Mouzourides|ah hax
|chat|Runned Away!|lol
|
|switch|p1a: Heatran|Heatran, F|386\/386
|detailschange|p2a: Screw Ninjask!|Scizor-Mega, M
|message|Scizor has Mega Evolved into Mega Scizor!
|move|p2a: Screw Ninjask!|Knock Off|p1a: Heatran
|-crit|p1a: Heatran
|-damage|p1a: Heatran|196\/386
|-enditem|p1a: Heatran|Leftovers|[from] move: Knock Off|[of] p2a: Screw Ninjask!
|
|-weather|RainDance|[upkeep]
|turn|3
|chat|Runned Away!|don't matter
|chat|Runned Away!|but those did XD
|chat|Mouzourides|that mattered ;)
|
|move|p1a: Heatran|Protect|p1a: Heatran
|-singleturn|p1a: Heatran|Protect
|move|p2a: Screw Ninjask!|U-turn|p1a: Heatran
|-activate|p1a: Heatran|Protect
|
|-weather|RainDance|[upkeep]
|turn|4
|chat|Runned Away!|LOLZ
|
|move|p2a: Screw Ninjask!|U-turn|p1a: Heatran
|-resisted|p1a: Heatran
|-damage|p1a: Heatran|158\/386
|join|ColtonK2000
|chat|Runned Away!|okay, here we go
|leave|ColtonK2000
|
|switch|p2a: x3|Vaporeon, M|402\/402
|move|p1a: Heatran|Toxic|p2a: x3
|-status|p2a: x3|tox
|
|-weather|RainDance|[upkeep]
|-curestatus|p2a: x3|tox
|turn|5
|join|ColtonK2000
|chat|Runned Away!|x3
|chat|Mouzourides|hydration, I forgot this was a thing ;)
|chat|Runned Away!|lol
|chat|Runned Away!|you've probably guessed my set not
|chat|Runned Away!|*now
|chat|Mouzourides|rest?
|chat|Runned Away!|*rolls eyes innocently
|
|move|p1a: Heatran|Earth Power|p2a: x3
|-damage|p2a: x3|317\/402
|move|p2a: x3|Scald|p1a: Heatran
|-supereffective|p1a: Heatran
|-damage|p1a: Heatran|0 fnt
|faint|p1a: Heatran
|
|-weather|RainDance|[upkeep]
|-heal|p2a: x3|342\/402|[from] item: Leftovers
|
|switch|p1a: Zapdos|Zapdos|384\/384
|-ability|p1a: Zapdos|Pressure
|turn|6
|
|switch|p2a: Dr. Watson|Excadrill, F|362\/362
|-ability|p2a: Dr. Watson|Mold Breaker
|-item|p2a: Dr. Watson|Air Balloon
|move|p1a: Zapdos|Discharge|p2a: Dr. Watson
|-immune|p2a: Dr. Watson|[msg]
|
|-weather|RainDance|[upkeep]
|turn|7
|chat|Mouzourides|knew you would do that ;)
|chat|Runned Away!|playing everything safe lol
|
|move|p2a: Dr. Watson|Stealth Rock|p1a: Zapdos
|-sidestart|p1: Mouzourides|move: Stealth Rock
|move|p1a: Zapdos|Roost|p1a: Zapdos
|-fail|p1a: Zapdos
|
|-weather|RainDance|[upkeep]
|turn|8
|chat|Runned Away!|XD
|chat|Runned Away!|the strats are real
|
|switch|p2a: DEATH SNAKE|Serperior, M, shiny|292\/292
|move|p1a: Zapdos|Roost|p1a: Zapdos
|-fail|p1a: Zapdos
|
|-weather|none
|turn|9
|chat|Mouzourides|I misclicked :(
|chat|Runned Away!|D:
|
|move|p1a: Zapdos|Heat Wave|p2a: DEATH SNAKE
|-supereffective|p2a: DEATH SNAKE
|-damage|p2a: DEATH SNAKE|94\/292
|move|p2a: DEATH SNAKE|Mirror Coat|p1a: Zapdos
|-damage|p1a: Zapdos|0 fnt
|faint|p1a: Zapdos
|
|chat|Runned Away!|rekt
|chat|Runned Away!|XD
|chat|Mouzourides|wow ;)
|chat|Mouzourides|well damn
|chat|Runned Away!|LOL
|chat|Runned Away!|serperior, puttin in work!
|chat|Runned Away!|this is the best i've done against you so far XD
|
|switch|p1a: Garchomp|Garchomp, M|358\/358
|-damage|p1a: Garchomp|336\/358|[from] Stealth Rock
|turn|10
|chat|Runned Away!|ever
|
|switch|p2a: x3|Vaporeon, M|342\/402
|move|p1a: Garchomp|Fire Fang|p2a: x3
|-resisted|p2a: x3
|-damage|p2a: x3|304\/402
|
|-heal|p2a: x3|329\/402|[from] item: Leftovers
|turn|11
|chat|Mouzourides|yep, I'm doing terribly
|
|switch|p1a: Keldeo-Resolute|Keldeo-Resolute|323\/323
|-damage|p1a: Keldeo-Resolute|303\/323|[from] Stealth Rock
|move|p2a: x3|Toxic|p1a: Keldeo-Resolute
|-status|p1a: Keldeo-Resolute|tox
|
|-heal|p2a: x3|354\/402|[from] item: Leftovers
|-damage|p1a: Keldeo-Resolute|283\/323 tox|[from] psn
|turn|12
|chat|Runned Away!|lol you doing fine imo
|
|move|p2a: x3|Protect|p2a: x3
|-singleturn|p2a: x3|Protect
|move|p1a: Keldeo-Resolute|Secret Sword|p2a: x3
|-activate|p2a: x3|Protect
|
|-heal|p2a: x3|379\/402|[from] item: Leftovers
|-damage|p1a: Keldeo-Resolute|243\/323 tox|[from] psn
|turn|13
|chat|Runned Away!|what's the difference between normal keld and resolute?
|
|switch|p2a: Boggy|Politoed, M, shiny|322\/322
|-weather|RainDance
|move|p1a: Keldeo-Resolute|Secret Sword|p2a: Boggy
|-damage|p2a: Boggy|16\/322
|
|-weather|RainDance|[upkeep]
|-damage|p1a: Keldeo-Resolute|183\/323 tox|[from] psn
|turn|14
|chat|Mouzourides|resolute has a fancy horn
|c|âRunned Away!|!data keldeo resolute
|c|~|\/data-pokemon Keldeo-Resolute

|c|âRunned Away!|!data keldeo
|c|~|\/data-pokemon Keldeo

|chat|Runned Away!|huh
|chat|Runned Away!|you weren't kidding XD
|
|switch|p1a: Azumarill|Azumarill, M|404\/404
|-damage|p1a: Azumarill|354\/404|[from] Stealth Rock
|switch|p2a: DEATH SNAKE|Serperior, M, shiny|94\/292
|
|-weather|RainDance|[upkeep]
|turn|15
|
|switch|p1a: Garchomp|Garchomp, M|336\/358
|-damage|p1a: Garchomp|314\/358|[from] Stealth Rock
|move|p2a: DEATH SNAKE|Giga Drain|p1a: Garchomp
|-damage|p1a: Garchomp|154\/358
|-heal|p2a: DEATH SNAKE|174\/292|[from] drain|[of] p1a: Garchomp
|
|-weather|RainDance|[upkeep]
|turn|16
|
|move|p1a: Garchomp|Dragon Claw|p2a: DEATH SNAKE
|-damage|p2a: DEATH SNAKE|33\/292
|move|p2a: DEATH SNAKE|Giga Drain|p1a: Garchomp
|-damage|p1a: Garchomp|0 fnt
|-heal|p2a: DEATH SNAKE|110\/292|[from] drain|[of] p1a: Garchomp
|faint|p1a: Garchomp
|
|-weather|RainDance|[upkeep]
|
|switch|p1a: Keldeo-Resolute|Keldeo-Resolute|183\/323 tox
|-damage|p1a: Keldeo-Resolute|163\/323 tox|[from] Stealth Rock
|turn|17
|
|move|p2a: DEATH SNAKE|Giga Drain|p1a: Keldeo-Resolute
|-supereffective|p1a: Keldeo-Resolute
|-damage|p1a: Keldeo-Resolute|0 fnt
|-heal|p2a: DEATH SNAKE|192\/292|[from] drain|[of] p1a: Keldeo-Resolute
|faint|p1a: Keldeo-Resolute
|
|-weather|RainDance|[upkeep]
|chat|Runned Away!|:3
|chat|Runned Away!|this thing is OP
|chat|Mouzourides|jeez playing so bad
|
|switch|p1a: Alakazam|Alakazam, M|252\/252
|turn|18
|chat|Runned Away!|you didn't know I was scarfed XD
|chat|Runned Away!|not your faul
|chat|Runned Away!|*fault
|chat|ColtonK2000|no, he's just that good :3
|
|switch|p2a: Screw Ninjask!|Scizor-Mega, M|288\/320
|move|p1a: Alakazam|Psyshock|p2a: Screw Ninjask!
|-resisted|p2a: Screw Ninjask!
|-damage|p2a: Screw Ninjask!|230\/320
|
|-weather|RainDance|[upkeep]
|turn|19
|
|switch|p1a: Azumarill|Azumarill, M|354\/404
|-damage|p1a: Azumarill|304\/404|[from] Stealth Rock
|move|p2a: Screw Ninjask!|Knock Off|p1a: Azumarill
|-resisted|p1a: Azumarill
|-damage|p1a: Azumarill|222\/404
|-enditem|p1a: Azumarill|Assault Vest|[from] move: Knock Off|[of] p2a: Screw Ninjask!
|
|-weather|RainDance|[upkeep]
|turn|20
|chat|ColtonK2000|PRESERVE THE 6-0 :3
|
|move|p2a: Screw Ninjask!|U-turn|p1a: Azumarill
|-resisted|p1a: Azumarill
|-damage|p1a: Azumarill|123\/404
|
|switch|p2a: What Are A Hand?|Kabutops, M|262\/262
|move|p1a: Azumarill|Waterfall|p2a: What Are A Hand?
|-damage|p2a: What Are A Hand?|30\/262
|
|-weather|none
|turn|21
|
|move|p2a: What Are A Hand?|Aqua Jet|p1a: Azumarill
|-resisted|p1a: Azumarill
|-damage|p1a: Azumarill|71\/404
|-damage|p2a: What Are A Hand?|4\/262|[from] item: Life Orb
|move|p1a: Azumarill|Aqua Jet|p2a: What Are A Hand?
|-crit|p2a: What Are A Hand?
|-damage|p2a: What Are A Hand?|0 fnt
|faint|p2a: What Are A Hand?
|
|
|switch|p2a: Boggy|Politoed, M, shiny|16\/322
|-weather|RainDance
|turn|22
|chat|Mouzourides|woo no 6 - 0
|chat|Runned Away!|lolz
|chat|ColtonK2000|noooooo
|chat|Runned Away!|gg
|
|move|p2a: Boggy|Ice Beam|p1a: Azumarill
|-resisted|p1a: Azumarill
|-damage|p1a: Azumarill|23\/404
|move|p1a: Azumarill|Waterfall|p2a: Boggy
|-resisted|p2a: Boggy
|-damage|p2a: Boggy|0 fnt
|faint|p2a: Boggy
|
|-weather|RainDance|[upkeep]
|chat|ColtonK2000|:(
|
|switch|p2a: Screw Ninjask!|Scizor-Mega, M|230\/320
|turn|23
|
|move|p2a: Screw Ninjask!|Bullet Punch|p1a: Azumarill
|-damage|p1a: Azumarill|0 fnt
|faint|p1a: Azumarill
|
|-weather|RainDance|[upkeep]
|
|switch|p1a: Alakazam|Alakazam, M|252\/252
|turn|24
|
|move|p1a: Alakazam|Shadow Ball|p2a: Screw Ninjask!
|-damage|p2a: Screw Ninjask!|133\/320
|move|p2a: Screw Ninjask!|Knock Off|p1a: Alakazam
|-supereffective|p1a: Alakazam
|-enditem|p1a: Alakazam|Focus Sash
|-damage|p1a: Alakazam|1\/252
|
|-weather|RainDance|[upkeep]
|turn|25
|
|move|p2a: Screw Ninjask!|Bullet Punch|p1a: Alakazam
|-damage|p1a: Alakazam|0 fnt
|faint|p1a: Alakazam
|
|win|Runned Away!
|chat|Mouzourides|gg
|chat|Mouzourides|rematch?
|chat|Runned Away!|gg
|chat|Runned Away!|that's the best i've ever done against you XD
|chat|Runned Away!|just a sec....