|join|Mouzourides
|join|well done
|player|p1|Mouzourides|290
|player|p2|well done|188
|gametype|singles
|gen|6
|tier|OU
|rated
|clearpoke
|poke|p1|Thundurus, M
|poke|p1|Landorus, M
|poke|p1|Azumarill, M
|poke|p1|Latias, F
|poke|p1|Charizard, F
|poke|p1|Excadrill, M
|poke|p2|Medicham, F
|poke|p2|Latias, F
|poke|p2|Azumarill, F, shiny
|poke|p2|Landorus-Therian, M
|poke|p2|Thundurus, M, shiny
|poke|p2|Aegislash, F, shiny
|rule|Swagger Clause: Swagger is banned
|rule|Baton Pass Clause: Limit one PokÃ©mon knowing Baton Pass
|rule|Sleep Clause Mod: Limit one foe put to sleep
|rule|Species Clause: Limit one of each PokÃ©mon
|rule|OHKO Clause: OHKO moves are banned
|rule|Moody Clause: Moody is banned
|rule|Evasion Moves Clause: Evasion moves are banned
|rule|Endless Battle Clause: Forcing endless battles is banned
|rule|HP Percentage Mod: HP is reported as percentages
|teampreview
|
|start
|switch|p1a: Thundurus|Thundurus, M|300\/300
|switch|p2a: _|Medicham, F|262\/262
|turn|1
|
|detailschange|p2a: _|Medicham-Mega, F
|message|Medicham has Mega Evolved into Mega Medicham!
|move|p1a: Thundurus|Thunder Wave|p2a: _
|-status|p2a: _|par
|move|p2a: _|Zen Headbutt|p1a: Thundurus
|-damage|p1a: Thundurus|0 fnt
|faint|p1a: Thundurus
|
|
|switch|p1a: Azumarill|Azumarill, M|404\/404
|turn|2
|
|move|p1a: Azumarill|Knock Off|p2a: _
|-damage|p2a: _|163\/262 par
|move|p2a: _|Zen Headbutt|p1a: Azumarill
|-damage|p1a: Azumarill|128\/404
|
|turn|3
|
|move|p1a: Azumarill|Play Rough|p2a: _
|-supereffective|p2a: _
|-damage|p2a: _|0 fnt
|faint|p2a: _
|
|
|switch|p2a: _|Landorus-Therian, M|319\/319
|-ability|p2a: _|Intimidate|[of] p1a: Azumarill
|-unboost|p1a: Azumarill|atk|1
|turn|4
|
|move|p2a: _|Stealth Rock|p1a: Azumarill
|-sidestart|p1: Mouzourides|move: Stealth Rock
|move|p1a: Azumarill|Waterfall|p2a: _
|-supereffective|p2a: _
|-damage|p2a: _|83\/319
|
|turn|5
|
|move|p1a: Azumarill|Aqua Jet|p2a: _
|-supereffective|p2a: _
|-damage|p2a: _|0 fnt
|faint|p2a: _
|
|
|switch|p2a: _|Latias, F|319\/319
|turn|6
|
|switch|p1a: Latias|Latias, F|302\/302
|-damage|p1a: Latias|265\/302|[from] Stealth Rock
|move|p2a: _|Psyshock|p1a: Latias
|-resisted|p1a: Latias
|-damage|p1a: Latias|179\/302
|-damage|p2a: _|288\/319|[from] item: Life Orb
|
|turn|7
|
|move|p1a: Latias|Defog|p2a: _
|-unboost|p2a: _|evasion|1
|-sideend|p1: Mouzourides|Stealth Rock|[from] move: Defog|[of] p1a: Latias
|move|p2a: _|Draco Meteor|p1a: Latias
|-supereffective|p1a: Latias
|-damage|p1a: Latias|0 fnt
|-unboost|p2a: _|spa|2
|-damage|p2a: _|257\/319|[from] item: Life Orb
|faint|p1a: Latias
|
|
|switch|p1a: Charizard|Charizard, F|297\/297
|turn|8
|
|detailschange|p1a: Charizard|Charizard-Mega-X, F
|message|Charizard has Mega Evolved into Mega Charizard!
|move|p2a: _|Draco Meteor|p1a: Charizard|[miss]
|-miss|p2a: _|p1a: Charizard
|move|p1a: Charizard|Dragon Dance|p1a: Charizard
|-boost|p1a: Charizard|atk|1
|-boost|p1a: Charizard|spe|1
|
|turn|9
|
|move|p1a: Charizard|Dragon Dance|p1a: Charizard
|-boost|p1a: Charizard|atk|1
|-boost|p1a: Charizard|spe|1
|move|p2a: _|Draco Meteor|p1a: Charizard
|-supereffective|p1a: Charizard
|-damage|p1a: Charizard|21\/297
|-unboost|p2a: _|spa|2
|-damage|p2a: _|226\/319|[from] item: Life Orb
|
|turn|10
|
|move|p1a: Charizard|Roost|p1a: Charizard
|-heal|p1a: Charizard|170\/297
|move|p2a: _|Psyshock|p1a: Charizard
|-damage|p1a: Charizard|123\/297
|-damage|p2a: _|195\/319|[from] item: Life Orb
|
|turn|11
|
|switch|p2a: _|Thundurus, M, shiny|299\/299
|move|p1a: Charizard|Roost|p1a: Charizard
|-heal|p1a: Charizard|272\/297
|
|turn|12
|
|move|p2a: _|Thunder Wave|p1a: Charizard
|-status|p1a: Charizard|par
|move|p1a: Charizard|Dragon Claw|p2a: _
|-damage|p2a: _|0 fnt
|faint|p2a: _
|
|
|switch|p2a: _|Latias, F|195\/319
|turn|13
|
|switch|p1a: Azumarill|Azumarill, M|128\/404
|move|p2a: _|Draco Meteor|p1a: Azumarill
|-immune|p1a: Azumarill|[msg]
|
|turn|14
|
|move|p2a: _|Psyshock|p1a: Azumarill
|-damage|p1a: Azumarill|0 fnt
|-damage|p2a: _|164\/319|[from] item: Life Orb
|faint|p1a: Azumarill
|
|
|switch|p1a: Excadrill|Excadrill, M|362\/362
|-ability|p1a: Excadrill|Mold Breaker
|turn|15
|
|move|p1a: Excadrill|Iron Head|p2a: _
|-damage|p2a: _|0 fnt
|faint|p2a: _
|
|
|switch|p2a: _|Aegislash, F, shiny|301\/301
|-item|p2a: _|Air Balloon
|turn|16
|
|move|p1a: Excadrill|Iron Head|p2a: _
|-resisted|p2a: _
|-damage|p2a: _|247\/301
|-enditem|p2a: _|Air Balloon
|-formechange|p2a: _|Aegislash-Blade
|move|p2a: _|Shadow Ball|p1a: Excadrill
|-damage|p1a: Excadrill|133\/362
|
|turn|17
|
|-formechange|p2a: _|Aegislash
|move|p2a: _|King's Shield|p2a: _
|-singleturn|p2a: _|Protect
|move|p1a: Excadrill|Iron Head|p2a: _
|-activate|p2a: _|Protect
|-unboost|p1a: Excadrill|atk|2
|
|turn|18
|
|move|p1a: Excadrill|Iron Head|p2a: _
|-crit|p2a: _
|-resisted|p2a: _
|-damage|p2a: _|169\/301
|-formechange|p2a: _|Aegislash-Blade
|move|p2a: _|Shadow Ball|p1a: Excadrill
|-damage|p1a: Excadrill|0 fnt
|faint|p1a: Excadrill
|
|
|switch|p1a: Landorus|Landorus, M|320\/320
|turn|19
|
|move|p1a: Landorus|Earth Power|p2a: _
|-supereffective|p2a: _
|-damage|p2a: _|0 fnt
|faint|p2a: _
|
|
|switch|p2a: _|Azumarill, F, shiny|403\/403
|turn|20
|
|move|p1a: Landorus|Earth Power|p2a: _
|-damage|p2a: _|216\/403
|move|p2a: _|Waterfall|p1a: Landorus
|-supereffective|p1a: Landorus
|-damage|p1a: Landorus|0 fnt
|faint|p1a: Landorus
|
|
|switch|p1a: Charizard|Charizard-Mega-X, F|272\/297 par
|turn|21
|
|move|p2a: _|Waterfall|p1a: Charizard
|-damage|p1a: Charizard|109\/297 par
|cant|p1a: Charizard|flinch
|
|turn|22
|
|move|p2a: _|Waterfall|p1a: Charizard
|-damage|p1a: Charizard|0 fnt
|faint|p1a: Charizard
|
|win|well done
|raw|Ladder updating...
|raw|Mouzourides's rating: 1690 &rarr; <strong>1669<\/strong><br \/>(-21 for losing)
|raw|well done's rating: 1664 &rarr; <strong>1685<\/strong><br \/>(+21 for winning)
|leave|Mouzourides
|player|p1