|join|ColtonK2000
|join|Mouzourides
|player|p1|ColtonK2000|256
|player|p2|Mouzourides|290
|gametype|singles
|gen|6
|tier|OU
|clearpoke
|poke|p1|Ferrothorn, M, shiny
|poke|p1|Garchomp, M, shiny
|poke|p1|Mew, shiny
|poke|p1|Alomomola, M, shiny
|poke|p1|Landorus, M, shiny
|poke|p1|Dragonite, M
|poke|p2|Mamoswine, M
|poke|p2|Manectric, M
|poke|p2|Keldeo
|poke|p2|Landorus-Therian, M
|poke|p2|Latios, M
|poke|p2|Diggersby, M
|rule|Swagger Clause: Swagger is banned
|rule|Baton Pass Clause: Limit one PokÃ©mon knowing Baton Pass
|rule|Sleep Clause Mod: Limit one foe put to sleep
|rule|Species Clause: Limit one of each PokÃ©mon
|rule|OHKO Clause: OHKO moves are banned
|rule|Moody Clause: Moody is banned
|rule|Evasion Moves Clause: Evasion moves are banned
|rule|Endless Battle Clause: Forcing endless battles is banned
|rule|HP Percentage Mod: HP is shown in percentages
|teampreview
|
|start
|switch|p1a: Mew|Mew, shiny|404\/404
|switch|p2a: Mamoswine|Mamoswine, M|361\/361
|turn|1
|join|Crabid
|
|move|p2a: Mamoswine|Stealth Rock|p1a: Mew
|-sidestart|p1: ColtonK2000|move: Stealth Rock
|move|p1a: Mew|Will-O-Wisp|p2a: Mamoswine|[miss]
|-miss|p1a: Mew|p2a: Mamoswine
|
|turn|2
|
|switch|p2a: Latios|Latios, M|302\/302
|move|p1a: Mew|Stealth Rock|p2a: Latios
|-sidestart|p2: Mouzourides|move: Stealth Rock
|
|turn|3
|
|move|p2a: Latios|Draco Meteor|p1a: Mew
|-damage|p1a: Mew|186\/404
|-unboost|p2a: Latios|spa|2
|-damage|p2a: Latios|272\/302|[from] item: Life Orb
|move|p1a: Mew|Will-O-Wisp|p2a: Latios
|-status|p2a: Latios|brn
|
|-heal|p1a: Mew|211\/404|[from] item: Leftovers
|-damage|p2a: Latios|235\/302 brn|[from] brn
|turn|4
|
|switch|p2a: Landorus-Therian|Landorus-Therian, M|320\/320
|-damage|p2a: Landorus-Therian|280\/320|[from] Stealth Rock
|-ability|p2a: Landorus-Therian|Intimidate|[of] p1a: Mew
|-unboost|p1a: Mew|atk|1
|move|p1a: Mew|Soft-Boiled|p1a: Mew
|-heal|p1a: Mew|404\/404
|
|turn|5
|
|switch|p1a: Alomomola|Alomomola, M, shiny|534\/534
|-damage|p1a: Alomomola|468\/534|[from] Stealth Rock
|move|p2a: Landorus-Therian|U-turn|p1a: Alomomola
|-damage|p1a: Alomomola|399\/534
|
|switch|p2a: Manectric|Manectric, M|281\/281
|-damage|p2a: Manectric|246\/281|[from] Stealth Rock
|
|-heal|p1a: Alomomola|432\/534|[from] item: Leftovers
|turn|6
|
|detailschange|p2a: Manectric|Manectric-Mega, M
|message|Manectric has Mega Evolved into Mega Manectric!
|-ability|p2a: Manectric|Intimidate|[of] p1a: Alomomola
|-unboost|p1a: Alomomola|atk|1
|move|p2a: Manectric|Volt Switch|p1a: Alomomola
|-supereffective|p1a: Alomomola
|-damage|p1a: Alomomola|0 fnt
|faint|p1a: Alomomola
|
|switch|p2a: Landorus-Therian|Landorus-Therian, M|280\/320
|-damage|p2a: Landorus-Therian|240\/320|[from] Stealth Rock
|
|
|switch|p1a: Landorus|Landorus, M, shiny|320\/320
|-damage|p1a: Landorus|280\/320|[from] Stealth Rock
|turn|7
|
|move|p2a: Landorus-Therian|U-turn|p1a: Landorus
|-resisted|p1a: Landorus
|-damage|p1a: Landorus|233\/320
|
|switch|p2a: Mamoswine|Mamoswine, M|361\/361
|-damage|p2a: Mamoswine|316\/361|[from] Stealth Rock
|move|p1a: Landorus|Psychic|p2a: Mamoswine
|-damage|p2a: Mamoswine|66\/361
|
|turn|8
|
|switch|p1a: Mew|Mew, shiny|404\/404
|-damage|p1a: Mew|354\/404|[from] Stealth Rock
|move|p2a: Mamoswine|Endeavor|p1a: Mew
|-damage|p1a: Mew|66\/404
|
|-heal|p1a: Mew|91\/404|[from] item: Leftovers
|turn|9
|
|move|p2a: Mamoswine|Earthquake|p1a: Mew
|-damage|p1a: Mew|0 fnt
|faint|p1a: Mew
|
|
|switch|p1a: Dragonite|Dragonite, M|324\/324
|-damage|p1a: Dragonite|243\/324|[from] Stealth Rock
|turn|10
|
|move|p2a: Mamoswine|Ice Shard|p1a: Dragonite
|-supereffective|p1a: Dragonite
|-damage|p1a: Dragonite|0 fnt
|faint|p1a: Dragonite
|
|
|switch|p1a: Ferrothorn|Ferrothorn, M, shiny|351\/351
|-damage|p1a: Ferrothorn|330\/351|[from] Stealth Rock
|turn|11
|
|move|p2a: Mamoswine|Endeavor|p1a: Ferrothorn
|-damage|p1a: Ferrothorn|66\/351
|-damage|p2a: Mamoswine|21\/361|[from] ability: Iron Barbs|[of] p1a: Ferrothorn
|move|p1a: Ferrothorn|Substitute|p1a: Ferrothorn
|-fail|p1a: Ferrothorn|move: Substitute|[weak]
|
|-heal|p1a: Ferrothorn|87\/351|[from] item: Leftovers
|turn|12
|
|switch|p1a: Landorus|Landorus, M, shiny|233\/320
|-damage|p1a: Landorus|193\/320|[from] Stealth Rock
|move|p2a: Mamoswine|Earthquake|p1a: Landorus
|-immune|p1a: Landorus|[msg]
|
|turn|13
|
|move|p2a: Mamoswine|Ice Shard|p1a: Landorus
|-supereffective|p1a: Landorus
|-damage|p1a: Landorus|0 fnt
|faint|p1a: Landorus
|
|
|switch|p1a: Ferrothorn|Ferrothorn, M, shiny|87\/351
|-damage|p1a: Ferrothorn|66\/351|[from] Stealth Rock
|turn|14
|
|move|p2a: Mamoswine|Earthquake|p1a: Ferrothorn
|-crit|p1a: Ferrothorn
|-damage|p1a: Ferrothorn|0 fnt
|faint|p1a: Ferrothorn
|
|
|switch|p1a: Garchomp|Garchomp, M, shiny|358\/358
|-damage|p1a: Garchomp|336\/358|[from] Stealth Rock
|turn|15
|
|detailschange|p1a: Garchomp|Garchomp-Mega, M, shiny
|message|Garchomp has Mega Evolved into Mega Garchomp!
|move|p2a: Mamoswine|Ice Shard|p1a: Garchomp
|-supereffective|p1a: Garchomp
|-damage|p1a: Garchomp|96\/358
|move|p1a: Garchomp|Earthquake|p2a: Mamoswine
|-crit|p2a: Mamoswine
|-damage|p2a: Mamoswine|0 fnt
|faint|p2a: Mamoswine
|
|
|switch|p2a: Diggersby|Diggersby, M|311\/311
|-damage|p2a: Diggersby|292\/311|[from] Stealth Rock
|turn|16
|
|move|p2a: Diggersby|Quick Attack|p1a: Garchomp
|-damage|p1a: Garchomp|0 fnt
|-damage|p2a: Diggersby|261\/311|[from] item: Life Orb
|faint|p1a: Garchomp
|
|win|Mouzourides