|join|I'm a Garchomp
|join|Mouzourides
|player|p1|I'm a Garchomp|260
|player|p2|Mouzourides|290
|gametype|singles
|gen|6
|tier|OU
|rated
|clearpoke
|poke|p1|Pinsir, M
|poke|p1|Magnezone
|poke|p1|Terrakion
|poke|p1|Azumarill, F
|poke|p1|Thundurus, M
|poke|p1|Mew
|poke|p2|Charizard, F
|poke|p2|Latias, F
|poke|p2|Excadrill, M
|poke|p2|Thundurus, M
|poke|p2|Tyranitar, M
|poke|p2|Keldeo
|rule|Swagger Clause: Swagger is banned
|rule|Baton Pass Clause: Limit one PokÃ©mon knowing Baton Pass
|rule|Sleep Clause Mod: Limit one foe put to sleep
|rule|Species Clause: Limit one of each PokÃ©mon
|rule|OHKO Clause: OHKO moves are banned
|rule|Moody Clause: Moody is banned
|rule|Evasion Moves Clause: Evasion moves are banned
|rule|Endless Battle Clause: Forcing endless battles is banned
|rule|HP Percentage Mod: HP is shown in percentages
|teampreview
|
|start
|switch|p1a: Mew|Mew|403\/403
|switch|p2a: Keldeo|Keldeo|323\/323
|turn|1
|
|move|p2a: Keldeo|Scald|p1a: Mew
|-damage|p1a: Mew|214\/403
|move|p1a: Mew|Will-O-Wisp|p2a: Keldeo
|-status|p2a: Keldeo|brn
|
|-heal|p1a: Mew|239\/403|[from] item: Leftovers
|-damage|p2a: Keldeo|283\/323 brn|[from] brn
|turn|2
|
|switch|p1a: Magnezone|Magnezone|281\/281
|move|p2a: Keldeo|Scald|p1a: Magnezone
|-damage|p1a: Magnezone|62\/281
|
|-damage|p2a: Keldeo|243\/323 brn|[from] brn
|turn|3
|
|switch|p2a: Tyranitar|Tyranitar, M|404\/404
|-weather|Sandstorm
|move|p1a: Magnezone|Volt Switch|p2a: Tyranitar
|-damage|p2a: Tyranitar|314\/404
|
|switch|p1a: Terrakion|Terrakion|323\/323
|
|-weather|Sandstorm|[upkeep]
|turn|4
|
|move|p1a: Terrakion|Stealth Rock|p2a: Tyranitar
|-sidestart|p2: Mouzourides|move: Stealth Rock
|move|p2a: Tyranitar|Fire Blast|p1a: Terrakion
|-resisted|p1a: Terrakion
|-damage|p1a: Terrakion|293\/323
|-status|p1a: Terrakion|brn
|
|-weather|Sandstorm|[upkeep]
|-damage|p1a: Terrakion|253\/323 brn|[from] brn
|turn|5
|c|âMouzourides|ouch, sorry
|
|switch|p2a: Latias|Latias, F|302\/302
|-damage|p2a: Latias|265\/302|[from] Stealth Rock
|move|p1a: Terrakion|Close Combat|p2a: Latias
|-resisted|p2a: Latias
|-damage|p2a: Latias|211\/302
|-unboost|p1a: Terrakion|def|1
|-unboost|p1a: Terrakion|spd|1
|
|-weather|Sandstorm|[upkeep]
|-damage|p2a: Latias|193\/302|[from] sandstorm
|-damage|p1a: Terrakion|213\/323 brn|[from] brn
|turn|6
|
|move|p2a: Latias|Defog|p1a: Terrakion
|-unboost|p1a: Terrakion|evasion|1
|-sideend|p2: Mouzourides|Stealth Rock|[from] move: Defog|[of] p2a: Latias
|move|p1a: Terrakion|Stone Edge|p2a: Latias
|-damage|p2a: Latias|99\/302
|
|-weather|Sandstorm|[upkeep]
|-damage|p2a: Latias|81\/302|[from] sandstorm
|-damage|p1a: Terrakion|173\/323 brn|[from] brn
|turn|7
|
|switch|p1a: Mew|Mew|239\/403
|move|p2a: Latias|Psyshock|p1a: Mew
|-resisted|p1a: Mew
|-damage|p1a: Mew|161\/403
|-damage|p2a: Latias|51\/302|[from] item: Life Orb
|
|-weather|Sandstorm|[upkeep]
|-damage|p2a: Latias|33\/302|[from] sandstorm
|-damage|p1a: Mew|136\/403|[from] sandstorm
|-heal|p1a: Mew|161\/403|[from] item: Leftovers
|turn|8
|
|move|p2a: Latias|Draco Meteor|p1a: Mew
|-damage|p1a: Mew|0 fnt
|-unboost|p2a: Latias|spa|2
|-damage|p2a: Latias|3\/302|[from] item: Life Orb
|faint|p1a: Mew
|
|-weather|Sandstorm|[upkeep]
|-damage|p2a: Latias|0 fnt|[from] sandstorm
|faint|p2a: Latias
|
|switch|p2a: Excadrill|Excadrill, M|362\/362
|switch|p1a: Azumarill|Azumarill, F|401\/401
|turn|9
|
|switch|p2a: Charizard|Charizard, F|297\/297
|move|p1a: Azumarill|Aqua Jet|p2a: Charizard
|-supereffective|p2a: Charizard
|-damage|p2a: Charizard|87\/297
|
|-weather|Sandstorm|[upkeep]
|-damage|p2a: Charizard|69\/297|[from] sandstorm
|-damage|p1a: Azumarill|376\/401|[from] sandstorm
|turn|10
|
|detailschange|p2a: Charizard|Charizard-Mega-X, F
|message|Charizard has Mega Evolved into Mega Charizard!
|move|p1a: Azumarill|Aqua Jet|p2a: Charizard
|-damage|p2a: Charizard|0 fnt
|faint|p2a: Charizard
|
|-weather|none
|
|switch|p2a: Thundurus|Thundurus, M|299\/299
|turn|11
|
|move|p2a: Thundurus|Thunderbolt|p1a: Azumarill
|-supereffective|p1a: Azumarill
|-damage|p1a: Azumarill|64\/401
|-damage|p2a: Thundurus|270\/299|[from] item: Life Orb
|move|p1a: Azumarill|Knock Off|p2a: Thundurus
|-damage|p2a: Thundurus|68\/299
|-enditem|p2a: Thundurus|Life Orb|[from] move: Knock Off|[of] p1a: Azumarill
|
|turn|12
|
|switch|p2a: Keldeo|Keldeo|243\/323 brn
|switch|p1a: Magnezone|Magnezone|62\/281
|
|-damage|p2a: Keldeo|203\/323 brn|[from] brn
|turn|13
|
|switch|p2a: Tyranitar|Tyranitar, M|314\/404
|-weather|Sandstorm
|move|p1a: Magnezone|Flash Cannon|p2a: Tyranitar
|-supereffective|p2a: Tyranitar
|-damage|p2a: Tyranitar|108\/404
|
|-weather|Sandstorm|[upkeep]
|turn|14
|
|move|p1a: Magnezone|Flash Cannon|p2a: Tyranitar
|-crit|p2a: Tyranitar
|-supereffective|p2a: Tyranitar
|-damage|p2a: Tyranitar|0 fnt
|faint|p2a: Tyranitar
|
|-weather|Sandstorm|[upkeep]
|
|switch|p2a: Excadrill|Excadrill, M|362\/362
|turn|15
|
|move|p2a: Excadrill|Earthquake|p1a: Magnezone
|-supereffective|p1a: Magnezone
|-damage|p1a: Magnezone|0 fnt
|-damage|p2a: Excadrill|326\/362|[from] item: Life Orb
|faint|p1a: Magnezone
|
|-weather|Sandstorm|[upkeep]
|
|switch|p1a: Terrakion|Terrakion|173\/323 brn
|turn|16
|
|move|p2a: Excadrill|Earthquake|p1a: Terrakion
|-supereffective|p1a: Terrakion
|-damage|p1a: Terrakion|0 fnt
|-damage|p2a: Excadrill|290\/362|[from] item: Life Orb
|faint|p1a: Terrakion
|
|-weather|Sandstorm|[upkeep]
|
|switch|p1a: Thundurus|Thundurus, M|299\/299
|turn|17
|
|move|p2a: Excadrill|Rock Slide|p1a: Thundurus
|-supereffective|p1a: Thundurus
|-damage|p1a: Thundurus|0 fnt
|-damage|p2a: Excadrill|254\/362|[from] item: Life Orb
|faint|p1a: Thundurus
|
|-weather|Sandstorm|[upkeep]
|
|switch|p1a: Azumarill|Azumarill, F|64\/401
|turn|18
|
|switch|p2a: Keldeo|Keldeo|203\/323 brn
|move|p1a: Azumarill|Aqua Jet|p2a: Keldeo
|-resisted|p2a: Keldeo
|-damage|p2a: Keldeo|157\/323 brn
|
|-weather|Sandstorm|[upkeep]
|-damage|p2a: Keldeo|137\/323 brn|[from] sandstorm
|-damage|p1a: Azumarill|39\/401|[from] sandstorm
|-damage|p2a: Keldeo|97\/323 brn|[from] brn
|turn|19
|
|move|p1a: Azumarill|Aqua Jet|p2a: Keldeo
|-resisted|p2a: Keldeo
|-damage|p2a: Keldeo|49\/323 brn
|move|p2a: Keldeo|Scald|p1a: Azumarill
|-resisted|p1a: Azumarill
|-damage|p1a: Azumarill|0 fnt
|faint|p1a: Azumarill
|
|-weather|Sandstorm|[upkeep]
|-damage|p2a: Keldeo|29\/323 brn|[from] sandstorm
|-damage|p2a: Keldeo|0 fnt|[from] brn
|faint|p2a: Keldeo
|
|switch|p2a: Thundurus|Thundurus, M|68\/299
|switch|p1a: Pinsir|Pinsir, M|271\/271
|turn|20
|
|detailschange|p1a: Pinsir|Pinsir-Mega, M
|message|Pinsir has Mega Evolved into Mega Pinsir!
|move|p2a: Thundurus|Thunder Wave|p1a: Pinsir
|-status|p1a: Pinsir|par
|move|p1a: Pinsir|Quick Attack|p2a: Thundurus
|-resisted|p2a: Thundurus
|-damage|p2a: Thundurus|0 fnt
|faint|p2a: Thundurus
|
|-weather|none
|
|switch|p2a: Excadrill|Excadrill, M|254\/362
|turn|21
|c|âI'm a Garchomp|miss Rock Slide pleazse
|
|move|p2a: Excadrill|Rock Slide|p1a: Pinsir
|-miss|p2a: Excadrill|p1a: Pinsir
|move|p1a: Pinsir|Close Combat|p2a: Excadrill
|-supereffective|p2a: Excadrill
|-damage|p2a: Excadrill|0 fnt
|-unboost|p1a: Pinsir|def|1
|-unboost|p1a: Pinsir|spd|1
|faint|p2a: Excadrill
|
|win|I'm a Garchomp
|raw|Ladder updating...
|raw|I&apos;m a Garchomp's rating: 1567 &rarr; <strong>1593<\/strong><br \/>(+26 for winning)
|raw|Mouzourides's rating: 1671 &rarr; <strong>1645<\/strong><br \/>(-26 for losing)
|c|âMouzourides|wow
|c|âI'm a Garchomp|WHAT
|c|âI'm a Garchomp|gg
|c|âMouzourides|that sucks
|c|âI'm a Garchomp|Preds
|c|âMouzourides|gg
|c|âI'm a Garchomp|Preds