|join|Cienight
|join|Mouzourides
|player|p1|Cienight|84
|player|p2|Mouzourides|290
|gametype|singles
|gen|6
|tier|OU
|rated
|clearpoke
|poke|p1|Landorus, M, shiny
|poke|p1|Thundurus, M, shiny
|poke|p1|Scizor, F
|poke|p1|Mamoswine, M, shiny
|poke|p1|Bisharp, F
|poke|p1|Azumarill, M, shiny
|poke|p2|Heracross, M
|poke|p2|Sylveon, F
|poke|p2|Landorus-Therian, M
|poke|p2|Azumarill, F
|poke|p2|Latias, F
|poke|p2|Thundurus, M
|rule|Swagger Clause: Swagger is banned
|rule|Baton Pass Clause: Limit one PokÃ©mon knowing Baton Pass
|rule|Sleep Clause Mod: Limit one foe put to sleep
|rule|Species Clause: Limit one of each PokÃ©mon
|rule|OHKO Clause: OHKO moves are banned
|rule|Moody Clause: Moody is banned
|rule|Evasion Moves Clause: Evasion moves are banned
|rule|Endless Battle Clause: Forcing endless battles is banned
|rule|HP Percentage Mod: HP is shown in percentages
|teampreview
|
|start
|switch|p1a: Mamoswine|Mamoswine, M, shiny|361\/361
|switch|p2a: Azumarill|Azumarill, F|345\/345
|turn|1
|
|move|p1a: Mamoswine|Stealth Rock|p2a: Azumarill
|-sidestart|p2: Mouzourides|move: Stealth Rock
|move|p2a: Azumarill|Waterfall|p1a: Mamoswine
|-crit|p1a: Mamoswine
|-supereffective|p1a: Mamoswine
|-enditem|p1a: Mamoswine|Focus Sash
|-damage|p1a: Mamoswine|1\/361
|
|turn|2
|
|switch|p1a: Azumarill|Azumarill, M, shiny|401\/401
|move|p2a: Azumarill|Knock Off|p1a: Azumarill
|-resisted|p1a: Azumarill
|-damage|p1a: Azumarill|312\/401
|-enditem|p1a: Azumarill|Assault Vest|[from] move: Knock Off|[of] p2a: Azumarill
|
|turn|3
|
|move|p2a: Azumarill|Play Rough|p1a: Azumarill
|-damage|p1a: Azumarill|93\/401
|move|p1a: Azumarill|Play Rough|p2a: Azumarill
|-damage|p2a: Azumarill|108\/345
|
|turn|4
|
|move|p2a: Azumarill|Play Rough|p1a: Azumarill
|-damage|p1a: Azumarill|0 fnt
|faint|p1a: Azumarill
|
|
|switch|p1a: Thundurus|Thundurus, M, shiny|299\/299
|turn|5
|
|switch|p2a: Sylveon|Sylveon, F|394\/394
|-damage|p2a: Sylveon|345\/394|[from] Stealth Rock
|move|p1a: Thundurus|Thunderbolt|p2a: Sylveon
|-damage|p2a: Sylveon|189\/394
|-status|p2a: Sylveon|par
|-damage|p1a: Thundurus|270\/299|[from] item: Life Orb
|
|-heal|p2a: Sylveon|213\/394 par|[from] item: Leftovers
|turn|6
|
|move|p1a: Thundurus|Thunderbolt|p2a: Sylveon
|-damage|p2a: Sylveon|57\/394 par
|-damage|p1a: Thundurus|241\/299|[from] item: Life Orb
|move|p2a: Sylveon|Hyper Voice|p1a: Thundurus
|-crit|p1a: Thundurus
|-damage|p1a: Thundurus|0 fnt
|faint|p1a: Thundurus
|
|-heal|p2a: Sylveon|81\/394 par|[from] item: Leftovers
|
|switch|p1a: Mamoswine|Mamoswine, M, shiny|1\/361
|turn|7
|c|âMouzourides|sorry about that crit
|c|âCienight|np I para'd afterall
|join|IAmGingy
|
|move|p1a: Mamoswine|Earthquake|p2a: Sylveon
|-damage|p2a: Sylveon|0 fnt
|faint|p2a: Sylveon
|
|
|switch|p2a: Azumarill|Azumarill, F|108\/345
|-damage|p2a: Azumarill|65\/345|[from] Stealth Rock
|turn|8
|
|move|p1a: Mamoswine|Ice Shard|p2a: Azumarill
|-resisted|p2a: Azumarill
|-damage|p2a: Azumarill|22\/345
|move|p2a: Azumarill|Aqua Jet|p1a: Mamoswine
|-crit|p1a: Mamoswine
|-supereffective|p1a: Mamoswine
|-damage|p1a: Mamoswine|0 fnt
|faint|p1a: Mamoswine
|
|
|switch|p1a: Jehuty|Scizor, F|281\/281
|turn|9
|
|switch|p2a: Landorus-Therian|Landorus-Therian, M|382\/382
|-damage|p2a: Landorus-Therian|335\/382|[from] Stealth Rock
|-ability|p2a: Landorus-Therian|Intimidate|[of] p1a: Jehuty
|-unboost|p1a: Jehuty|atk|1
|detailschange|p1a: Jehuty|Scizor-Mega, F
|message|Scizor has Mega Evolved into Mega Scizor!
|move|p1a: Jehuty|Bullet Punch|p2a: Landorus-Therian
|-damage|p2a: Landorus-Therian|263\/382
|
|-heal|p2a: Landorus-Therian|286\/382|[from] item: Leftovers
|turn|10
|
|switch|p1a: Landorus|Landorus, M, shiny|319\/319
|move|p2a: Landorus-Therian|U-turn|p1a: Landorus
|-crit|p1a: Landorus
|-resisted|p1a: Landorus
|-damage|p1a: Landorus|245\/319
|
|switch|p2a: Thundurus|Thundurus, M|299\/299
|-damage|p2a: Thundurus|225\/299|[from] Stealth Rock
|
|turn|11
|
|switch|p1a: Bisharp|Bisharp, F|272\/272
|move|p2a: Thundurus|Nasty Plot|p2a: Thundurus
|-boost|p2a: Thundurus|spa|2
|
|turn|12
|
|move|p1a: Bisharp|Sucker Punch|p2a: Thundurus
|-damage|p2a: Thundurus|0 fnt
|-damage|p1a: Bisharp|245\/272|[from] item: Life Orb
|faint|p2a: Thundurus
|
|c|âMouzourides|damn I forgot to calc with life orb ;)
|
|switch|p2a: Heracross|Heracross, M|311\/311
|-damage|p2a: Heracross|273\/311|[from] Stealth Rock
|turn|13
|join|Omegasization
|
|switch|p1a: Landorus|Landorus, M, shiny|245\/319
|detailschange|p2a: Heracross|Heracross-Mega, M
|message|Heracross has Mega Evolved into Mega Heracross!
|move|p2a: Heracross|Close Combat|p1a: Landorus
|-resisted|p1a: Landorus
|-damage|p1a: Landorus|74\/319
|-unboost|p2a: Heracross|def|1
|-unboost|p2a: Heracross|spd|1
|
|turn|14
|
|switch|p2a: Azumarill|Azumarill, F|22\/345
|-damage|p2a: Azumarill|0 fnt|[from] Stealth Rock
|faint|p2a: Azumarill
|move|p1a: Landorus|Rock Polish|p1a: Landorus
|-boost|p1a: Landorus|spe|2
|
|c| Omegasization|you should have Twaved anyway
|c|âCienight|maybe he doesn't have it
|c| Omegasization|on that team?
|c|âMouzourides|I don't have t wave on my nasty plot set
|c| Omegasization|ofc he has it
|
|switch|p2a: Latias|Latias, F|302\/302
|-damage|p2a: Latias|265\/302|[from] Stealth Rock
|turn|15
|join|Dragonuser Lance
|c| Omegasization|wait
|c|âCienight|NP doesn't run t wav
|c|âCienight|e
|
|move|p1a: Landorus|Knock Off|p2a: Latias
|-supereffective|p2a: Latias
|-damage|p2a: Latias|0 fnt
|-enditem|p2a: Latias|Life Orb|[from] move: Knock Off|[of] p1a: Landorus
|-damage|p1a: Landorus|43\/319|[from] item: Life Orb
|faint|p2a: Latias
|
|
|switch|p2a: Landorus-Therian|Landorus-Therian, M|286\/382
|-damage|p2a: Landorus-Therian|239\/382|[from] Stealth Rock
|-ability|p2a: Landorus-Therian|Intimidate|[of] p1a: Landorus
|-unboost|p1a: Landorus|atk|1
|turn|16
|
|move|p1a: Landorus|Psychic|p2a: Landorus-Therian
|-damage|p2a: Landorus-Therian|30\/382
|move|p2a: Landorus-Therian|Stone Edge|p1a: Landorus|[miss]
|-miss|p2a: Landorus-Therian|p1a: Landorus
|
|-heal|p2a: Landorus-Therian|53\/382|[from] item: Leftovers
|turn|17
|c| Omegasization|.-.
|c|âMouzourides|gg dude, i misplayed bad ;)
|c|âCienight|didn't matter tbh
|
|move|p1a: Landorus|Psychic|p2a: Landorus-Therian
|-damage|p2a: Landorus-Therian|0 fnt
|faint|p2a: Landorus-Therian
|
|c|âCienight|gg tho
|
|switch|p2a: Heracross|Heracross-Mega, M|273\/311
|-damage|p2a: Heracross|235\/311|[from] Stealth Rock
|turn|18
|
|move|p1a: Landorus|Psychic|p2a: Heracross
|-supereffective|p2a: Heracross
|-damage|p2a: Heracross|0 fnt
|faint|p2a: Heracross
|
|win|Cienight
|raw|Ladder updating...
|raw|Cienight's rating: 1843 &rarr; <strong>1855<\/strong><br \/>(+12 for winning)
|raw|Mouzourides's rating: 1681 &rarr; <strong>1669<\/strong><br \/>(-12 for losing)
|leave|Omegasization
|leave|Cienight
|player|p1
|leave|Mouzourides
|player|p2
|join|SeventyFive
|join|AlldaAlts
|leave|AlldaAlts
|join|AlldaAlts
|leave|AlldaAlts
|leave|Dragonuser Lance
|join|next time mang