|join|Mouzourides
|join|Based Godfish
|player|p1|Mouzourides|290
|player|p2|Based Godfish|144
|gametype|singles
|gen|6
|tier|OU
|rated
|clearpoke
|poke|p1|Terrakion
|poke|p1|Manectric, F
|poke|p1|Keldeo
|poke|p1|Landorus-Therian, M
|poke|p1|Latias, F
|poke|p1|Entei
|poke|p2|Charizard, F
|poke|p2|Ferrothorn, M
|poke|p2|Azumarill, F
|poke|p2|Latias, F
|poke|p2|Raikou
|poke|p2|Bisharp, F
|rule|Swagger Clause: Swagger is banned
|rule|Baton Pass Clause: Limit one PokÃ©mon knowing Baton Pass
|rule|Sleep Clause Mod: Limit one foe put to sleep
|rule|Species Clause: Limit one of each PokÃ©mon
|rule|OHKO Clause: OHKO moves are banned
|rule|Moody Clause: Moody is banned
|rule|Evasion Moves Clause: Evasion moves are banned
|rule|Endless Battle Clause: Forcing endless battles is banned
|rule|HP Percentage Mod: HP is shown in percentages
|teampreview
|
|start
|switch|p1a: Terrakion|Terrakion|323\/323
|switch|p2a: Charizard|Charizard, F|330\/330
|turn|1
|
|detailschange|p2a: Charizard|Charizard-Mega-X, F
|message|Charizard has Mega Evolved into Mega Charizard!
|move|p1a: Terrakion|Stone Edge|p2a: Charizard
|-supereffective|p2a: Charizard
|-damage|p2a: Charizard|16\/330
|move|p2a: Charizard|Will-O-Wisp|p1a: Terrakion
|-status|p1a: Terrakion|brn
|
|-damage|p1a: Terrakion|283\/323 brn|[from] brn
|turn|2
|
|switch|p2a: Azumarill|Azumarill, F|395\/395
|move|p1a: Terrakion|Stealth Rock|p2a: Azumarill
|-sidestart|p2: Based Godfish|move: Stealth Rock
|
|-damage|p1a: Terrakion|243\/323 brn|[from] brn
|turn|3
|join|9wurgh9wu4ngf
|
|move|p1a: Terrakion|Taunt|p2a: Azumarill
|-start|p2a: Azumarill|move: Taunt
|move|p2a: Azumarill|Waterfall|p1a: Terrakion
|-supereffective|p1a: Terrakion
|-damage|p1a: Terrakion|0 fnt
|faint|p1a: Terrakion
|
|
|switch|p1a: Manectric|Manectric, F|281\/281
|turn|4
|
|switch|p2a: Latias|Latias, F|302\/302
|-damage|p2a: Latias|265\/302|[from] Stealth Rock
|detailschange|p1a: Manectric|Manectric-Mega, F
|message|Manectric has Mega Evolved into Mega Manectric!
|-ability|p1a: Manectric|Intimidate|[of] p2a: Latias
|-unboost|p2a: Latias|atk|1
|move|p1a: Manectric|Volt Switch|p2a: Latias
|-resisted|p2a: Latias
|-damage|p2a: Latias|214\/302
|
|switch|p1a: Landorus-Therian|Landorus-Therian, M|320\/320
|-ability|p1a: Landorus-Therian|Intimidate|[of] p2a: Latias
|-unboost|p2a: Latias|atk|1
|
|turn|5
|
|switch|p2a: Ferrothorn|Ferrothorn, M|352\/352
|-damage|p2a: Ferrothorn|330\/352|[from] Stealth Rock
|move|p1a: Landorus-Therian|Knock Off|p2a: Ferrothorn
|-damage|p2a: Ferrothorn|261\/352
|-damage|p1a: Landorus-Therian|280\/320|[from] ability: Iron Barbs|[of] p2a: Ferrothorn
|-enditem|p2a: Ferrothorn|Leftovers|[from] move: Knock Off|[of] p1a: Landorus-Therian
|
|turn|6
|leave|9wurgh9wu4ngf
|
|switch|p1a: Manectric|Manectric-Mega, F|281\/281
|-ability|p1a: Manectric|Intimidate|[of] p2a: Ferrothorn
|-unboost|p2a: Ferrothorn|atk|1
|move|p2a: Ferrothorn|Stealth Rock|p1a: Manectric
|-sidestart|p1: Mouzourides|move: Stealth Rock
|
|turn|7
|
|move|p1a: Manectric|Volt Switch|p2a: Ferrothorn
|-resisted|p2a: Ferrothorn
|-damage|p2a: Ferrothorn|203\/352
|
|switch|p1a: Entei|Entei|371\/371
|-damage|p1a: Entei|279\/371|[from] Stealth Rock
|-ability|p1a: Entei|Pressure
|move|p2a: Ferrothorn|Leech Seed|p1a: Entei
|-start|p1a: Entei|move: Leech Seed
|
|-damage|p1a: Entei|233\/371|[from] Leech Seed|[of] p2a: Ferrothorn
|-heal|p2a: Ferrothorn|249\/352|[silent]
|turn|8
|
|move|p2a: Ferrothorn|Protect|p2a: Ferrothorn
|-singleturn|p2a: Ferrothorn|Protect
|move|p1a: Entei|Sacred Fire|p2a: Ferrothorn
|-activate|p2a: Ferrothorn|Protect
|
|-damage|p1a: Entei|187\/371|[from] Leech Seed|[of] p2a: Ferrothorn
|-heal|p2a: Ferrothorn|295\/352|[silent]
|turn|9
|
|switch|p1a: Landorus-Therian|Landorus-Therian, M|280\/320
|-damage|p1a: Landorus-Therian|240\/320|[from] Stealth Rock
|-ability|p1a: Landorus-Therian|Intimidate|[of] p2a: Ferrothorn
|-unboost|p2a: Ferrothorn|atk|1
|switch|p2a: Charizard|Charizard-Mega-X, F|16\/330
|-damage|p2a: Charizard|0 fnt|[from] Stealth Rock
|faint|p2a: Charizard
|
|
|switch|p2a: Azumarill|Azumarill, F|395\/395
|-damage|p2a: Azumarill|346\/395|[from] Stealth Rock
|turn|10
|
|switch|p1a: Latias|Latias, F|302\/302
|-damage|p1a: Latias|265\/302|[from] Stealth Rock
|move|p2a: Azumarill|Play Rough|p1a: Latias
|-supereffective|p1a: Latias
|-damage|p1a: Latias|0 fnt
|faint|p1a: Latias
|
|
|switch|p1a: Manectric|Manectric-Mega, F|281\/281
|-damage|p1a: Manectric|246\/281|[from] Stealth Rock
|-ability|p1a: Manectric|Intimidate|[of] p2a: Azumarill
|-unboost|p2a: Azumarill|atk|1
|turn|11
|
|switch|p2a: Latias|Latias, F|214\/302
|-damage|p2a: Latias|177\/302|[from] Stealth Rock
|move|p1a: Manectric|Thunderbolt|p2a: Latias
|-resisted|p2a: Latias
|-damage|p2a: Latias|116\/302
|
|turn|12
|
|move|p1a: Manectric|Hidden Power|p2a: Latias
|-supereffective|p2a: Latias
|-damage|p2a: Latias|0 fnt
|faint|p2a: Latias
|
|
|switch|p2a: Raikou|Raikou|322\/322
|-damage|p2a: Raikou|282\/322|[from] Stealth Rock
|-ability|p2a: Raikou|Pressure
|turn|13
|
|move|p1a: Manectric|Overheat|p2a: Raikou
|-damage|p2a: Raikou|133\/322
|-unboost|p1a: Manectric|spa|2
|move|p2a: Raikou|Shadow Ball|p1a: Manectric
|-damage|p1a: Manectric|78\/281
|-unboost|p1a: Manectric|spd|1
|
|turn|14
|
|switch|p2a: Azumarill|Azumarill, F|346\/395
|-damage|p2a: Azumarill|297\/395|[from] Stealth Rock
|move|p1a: Manectric|Volt Switch|p2a: Azumarill
|-supereffective|p2a: Azumarill
|-damage|p2a: Azumarill|201\/395
|
|switch|p1a: Landorus-Therian|Landorus-Therian, M|240\/320
|-damage|p1a: Landorus-Therian|200\/320|[from] Stealth Rock
|-ability|p1a: Landorus-Therian|Intimidate|[of] p2a: Azumarill
|-unboost|p2a: Azumarill|atk|1
|
|turn|15
|
|switch|p2a: Ferrothorn|Ferrothorn, M|295\/352
|-damage|p2a: Ferrothorn|273\/352|[from] Stealth Rock
|move|p1a: Landorus-Therian|U-turn|p2a: Ferrothorn
|-damage|p2a: Ferrothorn|222\/352
|-damage|p1a: Landorus-Therian|160\/320|[from] ability: Iron Barbs|[of] p2a: Ferrothorn
|
|switch|p1a: Keldeo|Keldeo|323\/323
|-damage|p1a: Keldeo|303\/323|[from] Stealth Rock
|
|turn|16
|
|move|p1a: Keldeo|Secret Sword|p2a: Ferrothorn
|-supereffective|p2a: Ferrothorn
|-damage|p2a: Ferrothorn|0 fnt
|faint|p2a: Ferrothorn
|
|
|switch|p2a: Raikou|Raikou|133\/322
|-damage|p2a: Raikou|93\/322|[from] Stealth Rock
|-ability|p2a: Raikou|Pressure
|turn|17
|
|switch|p1a: Entei|Entei|187\/371
|-damage|p1a: Entei|95\/371|[from] Stealth Rock
|-ability|p1a: Entei|Pressure
|move|p2a: Raikou|Shadow Ball|p1a: Entei
|-damage|p1a: Entei|0 fnt
|faint|p1a: Entei
|
|
|switch|p1a: Landorus-Therian|Landorus-Therian, M|160\/320
|-damage|p1a: Landorus-Therian|120\/320|[from] Stealth Rock
|-ability|p1a: Landorus-Therian|Intimidate|[of] p2a: Raikou
|-unboost|p2a: Raikou|atk|1
|turn|18
|
|move|p1a: Landorus-Therian|Earthquake|p2a: Raikou
|-supereffective|p2a: Raikou
|-damage|p2a: Raikou|0 fnt
|faint|p2a: Raikou
|
|
|switch|p2a: Bisharp|Bisharp, F|272\/272
|-damage|p2a: Bisharp|255\/272|[from] Stealth Rock
|turn|19
|
|move|p1a: Landorus-Therian|Earthquake|p2a: Bisharp
|-supereffective|p2a: Bisharp
|-damage|p2a: Bisharp|0 fnt
|faint|p2a: Bisharp
|
|
|switch|p2a: Azumarill|Azumarill, F|201\/395
|-damage|p2a: Azumarill|152\/395|[from] Stealth Rock
|turn|20
|
|move|p2a: Azumarill|Aqua Jet|p1a: Landorus-Therian
|-crit|p1a: Landorus-Therian
|-supereffective|p1a: Landorus-Therian
|-damage|p1a: Landorus-Therian|0 fnt
|faint|p1a: Landorus-Therian
|
|
|switch|p1a: Manectric|Manectric-Mega, F|78\/281
|-damage|p1a: Manectric|43\/281|[from] Stealth Rock
|-ability|p1a: Manectric|Intimidate|[of] p2a: Azumarill
|-unboost|p2a: Azumarill|atk|1
|turn|21
|
|move|p2a: Azumarill|Aqua Jet|p1a: Manectric
|-damage|p1a: Manectric|0 fnt
|faint|p1a: Manectric
|
|
|switch|p1a: Keldeo|Keldeo|303\/323
|-damage|p1a: Keldeo|283\/323|[from] Stealth Rock
|turn|22
|join|I ABR I
|
|move|p1a: Keldeo|Secret Sword|p2a: Azumarill
|-resisted|p2a: Azumarill
|-damage|p2a: Azumarill|11\/395
|move|p2a: Azumarill|Play Rough|p1a: Keldeo
|-supereffective|p1a: Keldeo
|-damage|p1a: Keldeo|17\/323
|
|turn|23
|c|âMouzourides|gg dude, you assault vest?
|c|âBased Godfish|holy shit that was a close match.........
|c|âBased Godfish|yep
|c|âMouzourides|yeah that sacred sword was a roll, it had a chance to kill
|c|âBased Godfish|o
|c|âMouzourides|ah well
|c| I ABR I|u sure?
|c|âBased Godfish|i thought i could live
|c|âBased Godfish|oh well
|c|âMouzourides|wait are you max HP?
|c|âBased Godfish|like 100% live chance i mean
|c|âBased Godfish|no
|c|âBased Godfish|216
|c|âBased Godfish|40 sdef
|c|âBased Godfish|252 atk adamant
|c|âMouzourides|ah okay, it wasn't a roll then
|c|âBased Godfish|o
|c| I ABR I|godfish
|c|âMouzourides|I thought you were the bulky special EV spread
|c|âBased Godfish|?
|c| I ABR I|which room r u in
|c|âBased Godfish|overused
|c|âMouzourides|gg anyway dude, you played well
|
|move|p2a: Azumarill|Aqua Jet|p1a: Keldeo
|-resisted|p1a: Keldeo
|-damage|p1a: Keldeo|0 fnt
|faint|p1a: Keldeo
|
|win|Based Godfish
|raw|Ladder updating...
|c| I ABR I|kk
|raw|Mouzourides's rating: 1637 &rarr; <strong>1621<\/strong><br \/>(-16 for losing)
|raw|Based Godfish's rating: 1710 &rarr; <strong>1726<\/strong><br \/>(+16 for winning)
|leave|I ABR I
|c|âBased Godfish|same to you
|c|âBased Godfish|gg :]