|join|1orange1
|join|Mouzourides
|player|p1|1orange1|126
|player|p2|Mouzourides|290
|gametype|singles
|gen|6
|tier|OU
|rated
|clearpoke
|poke|p1|Darmanitan, F
|poke|p1|Latios, M
|poke|p1|Blissey, F
|poke|p1|Swampert, M
|poke|p1|Conkeldurr, M
|poke|p1|Scizor, M
|poke|p2|Pinsir, F
|poke|p2|Aegislash, F
|poke|p2|Mamoswine, F
|poke|p2|Azumarill, F
|poke|p2|Rotom-Heat
|poke|p2|Latios, M
|rule|Swagger Clause: Swagger is banned
|rule|Baton Pass Clause: Limit one PokÃ©mon knowing Baton Pass
|rule|Sleep Clause Mod: Limit one foe put to sleep
|rule|Species Clause: Limit one of each PokÃ©mon
|rule|OHKO Clause: OHKO moves are banned
|rule|Moody Clause: Moody is banned
|rule|Evasion Moves Clause: Evasion moves are banned
|rule|Endless Battle Clause: Forcing endless battles is banned
|rule|HP Percentage Mod: HP is reported as percentages
|teampreview
|
|start
|switch|p1a: Darmanitan|Darmanitan, F|352\/352
|switch|p2a: Rotom-Heat|Rotom-Heat|241\/241
|turn|1
|
|move|p2a: Rotom-Heat|Volt Switch|p1a: Darmanitan
|-damage|p1a: Darmanitan|172\/352
|
|switch|p2a: Latios|Latios, M|302\/302
|move|p1a: Darmanitan|Rock Slide|p2a: Latios
|-damage|p2a: Latios|128\/302
|
|turn|2
|
|move|p2a: Latios|Psyshock|p1a: Darmanitan
|-damage|p1a: Darmanitan|0 fnt
|faint|p1a: Darmanitan
|
|
|switch|p1a: Swampert|Swampert, M|404\/404
|turn|3
|
|switch|p2a: Azumarill|Azumarill, F|404\/404
|move|p1a: Swampert|Stealth Rock|p2a: Azumarill
|-sidestart|p2: Mouzourides|move: Stealth Rock
|
|turn|4
|
|move|p1a: Swampert|Earthquake|p2a: Azumarill
|-damage|p2a: Azumarill|262\/404
|move|p2a: Azumarill|Waterfall|p1a: Swampert
|-damage|p1a: Swampert|274\/404
|
|-heal|p1a: Swampert|299\/404|[from] item: Leftovers
|turn|5
|
|move|p1a: Swampert|Earthquake|p2a: Azumarill
|-damage|p2a: Azumarill|114\/404
|move|p2a: Azumarill|Play Rough|p1a: Swampert
|-damage|p1a: Swampert|161\/404
|-unboost|p1a: Swampert|atk|1
|
|-heal|p1a: Swampert|186\/404|[from] item: Leftovers
|turn|6
|
|move|p2a: Azumarill|Aqua Jet|p1a: Swampert
|-damage|p1a: Swampert|123\/404
|move|p1a: Swampert|Yawn|p2a: Azumarill
|-start|p2a: Azumarill|move: Yawn|[of] p1a: Swampert
|
|-heal|p1a: Swampert|148\/404|[from] item: Leftovers
|turn|7
|
|move|p1a: Swampert|Yawn|p2a: Azumarill
|-fail|p2a: Azumarill
|move|p2a: Azumarill|Knock Off|p1a: Swampert
|-damage|p1a: Swampert|35\/404
|-enditem|p1a: Swampert|Leftovers|[from] move: Knock Off|[of] p2a: Azumarill
|
|-status|p2a: Azumarill|slp
|turn|8
|
|cant|p2a: Azumarill|slp
|move|p1a: Swampert|Earthquake|p2a: Azumarill
|-damage|p2a: Azumarill|3\/404 slp
|
|turn|9
|
|-curestatus|p2a: Azumarill|slp
|move|p2a: Azumarill|Aqua Jet|p1a: Swampert
|-damage|p1a: Swampert|0 fnt
|faint|p1a: Swampert
|
|
|switch|p1a: Scizor|Scizor, M|344\/344
|turn|10
|
|detailschange|p1a: Scizor|Scizor-Mega, M
|message|Scizor has Mega Evolved into Mega Scizor!
|move|p1a: Scizor|Bullet Punch|p2a: Azumarill
|-damage|p2a: Azumarill|0 fnt
|faint|p2a: Azumarill
|
|
|switch|p2a: Rotom-Heat|Rotom-Heat|241\/241
|-damage|p2a: Rotom-Heat|181\/241|[from] Stealth Rock
|turn|11
|
|switch|p1a: Latios|Latios, M|302\/302
|move|p2a: Rotom-Heat|Volt Switch|p1a: Latios
|-resisted|p1a: Latios
|-damage|p1a: Latios|256\/302
|
|switch|p2a: Latios|Latios, M|128\/302
|-damage|p2a: Latios|91\/302|[from] Stealth Rock
|
|turn|12
|
|switch|p1a: Blissey|Blissey, F|714\/714
|move|p2a: Latios|Draco Meteor|p1a: Blissey
|-damage|p1a: Blissey|536\/714
|-unboost|p2a: Latios|spa|2
|
|-heal|p1a: Blissey|580\/714|[from] item: Leftovers
|turn|13
|
|switch|p2a: Aegislash|Aegislash, F|324\/324
|-damage|p2a: Aegislash|304\/324|[from] Stealth Rock
|move|p1a: Blissey|Wish|p1a: Blissey
|
|-heal|p1a: Blissey|624\/714|[from] item: Leftovers
|turn|14
|
|switch|p1a: Scizor|Scizor-Mega, M|344\/344
|-formechange|p2a: Aegislash|Aegislash-Blade
|move|p2a: Aegislash|Sacred Sword|p1a: Scizor
|-damage|p1a: Scizor|264\/344
|
|-heal|p1a: Scizor|344\/344|[from] move: Wish|[wisher] Blissey
|turn|15
|
|move|p1a: Scizor|Swords Dance|p1a: Scizor
|-boost|p1a: Scizor|atk|2
|move|p2a: Aegislash|Shadow Ball|p1a: Scizor
|-damage|p1a: Scizor|179\/344
|-unboost|p1a: Scizor|spd|1
|
|turn|16
|
|move|p1a: Scizor|Knock Off|p2a: Aegislash
|-supereffective|p2a: Aegislash
|-damage|p2a: Aegislash|0 fnt
|-enditem|p2a: Aegislash|Weakness Policy|[from] move: Knock Off|[of] p1a: Scizor
|faint|p2a: Aegislash
|
|
|switch|p2a: Rotom-Heat|Rotom-Heat|181\/241
|-damage|p2a: Rotom-Heat|121\/241|[from] Stealth Rock
|turn|17
|
|move|p1a: Scizor|Quick Attack|p2a: Rotom-Heat
|-damage|p2a: Rotom-Heat|0 fnt
|faint|p2a: Rotom-Heat
|
|
|switch|p2a: Pinsir|Pinsir, F|271\/271
|-damage|p2a: Pinsir|204\/271|[from] Stealth Rock
|turn|18
|
|detailschange|p2a: Pinsir|Pinsir-Mega, F
|message|Pinsir has Mega Evolved into Mega Pinsir!
|move|p1a: Scizor|Bullet Punch|p2a: Pinsir
|-damage|p2a: Pinsir|0 fnt
|faint|p2a: Pinsir
|
|
|switch|p2a: Mamoswine|Mamoswine, F|362\/362
|-damage|p2a: Mamoswine|317\/362|[from] Stealth Rock
|turn|19
|
|move|p2a: Mamoswine|Ice Shard|p1a: Scizor
|-resisted|p1a: Scizor
|-damage|p1a: Scizor|151\/344
|move|p1a: Scizor|Bullet Punch|p2a: Mamoswine
|-supereffective|p2a: Mamoswine
|-damage|p2a: Mamoswine|0 fnt
|faint|p2a: Mamoswine
|
|
|switch|p2a: Latios|Latios, M|91\/302
|-damage|p2a: Latios|54\/302|[from] Stealth Rock
|turn|20
|
|move|p1a: Scizor|Bullet Punch|p2a: Latios
|-crit|p2a: Latios
|-damage|p2a: Latios|0 fnt
|faint|p2a: Latios
|
|win|1orange1
|raw|Ladder updating...
|raw|1orange1's rating: 1573 &rarr; <strong>1594<\/strong><br \/>(+21 for winning)
|raw|Mouzourides's rating: 1590 &rarr; <strong>1569<\/strong><br \/>(-21 for losing)
|leave|Mouzourides
|leave|1orange1
|player|p2
|player|p1