|join|Barrage
|join|Mouzourides
|player|p1|Barrage|1
|player|p2|Mouzourides|290
|gametype|singles
|gen|6
|tier|OU
|rated
|clearpoke
|poke|p1|Heatran, M
|poke|p1|Kyurem-Black
|poke|p1|Lopunny, M
|poke|p1|Latias, F
|poke|p1|Landorus-Therian, M
|poke|p1|Thundurus, M
|poke|p2|Mamoswine, M
|poke|p2|Manectric, F
|poke|p2|Landorus-Therian, M
|poke|p2|Keldeo-Resolute
|poke|p2|Latios, M
|poke|p2|Diggersby, M
|rule|Swagger Clause: Swagger is banned
|rule|Baton Pass Clause: Limit one PokÃ©mon knowing Baton Pass
|rule|Sleep Clause Mod: Limit one foe put to sleep
|rule|Species Clause: Limit one of each PokÃ©mon
|rule|OHKO Clause: OHKO moves are banned
|rule|Moody Clause: Moody is banned
|rule|Evasion Moves Clause: Evasion moves are banned
|rule|Endless Battle Clause: Forcing endless battles is banned
|rule|HP Percentage Mod: HP is shown in percentages
|teampreview
|
|start
|switch|p1a: Lopunny|Lopunny, M|271\/271
|switch|p2a: Landorus-Therian|Landorus-Therian, M|320\/320
|-ability|p2a: Landorus-Therian|Intimidate|[of] p1a: Lopunny
|-unboost|p1a: Lopunny|atk|1
|turn|1
|
|detailschange|p1a: Lopunny|Lopunny-Mega, M
|-mega|p1a: Lopunny|Lopunny|Lopunnite
|move|p1a: Lopunny|Fake Out|p2a: Landorus-Therian
|-damage|p2a: Landorus-Therian|266\/320
|cant|p2a: Landorus-Therian|flinch
|
|turn|2
|
|switch|p1a: Thundurus|Thundurus, M|299\/299
|move|p2a: Landorus-Therian|U-turn|p1a: Thundurus
|-resisted|p1a: Thundurus
|-damage|p1a: Thundurus|243\/299
|
|switch|p2a: Latios|Latios, M|301\/301
|
|turn|3
|
|switch|p1a: Heatran|Heatran, M|386\/386
|switch|p2a: Mamoswine|Mamoswine, M|361\/361
|
|turn|4
|
|move|p2a: Mamoswine|Stealth Rock|p1a: Heatran
|-sidestart|p1: Barrage|move: Stealth Rock
|move|p1a: Heatran|Stealth Rock|p2a: Mamoswine
|-sidestart|p2: Mouzourides|move: Stealth Rock
|
|turn|5
|
|switch|p1a: Kyurem-Black|Kyurem-Black|405\/405
|-damage|p1a: Kyurem-Black|304\/405|[from] Stealth Rock
|-ability|p1a: Kyurem-Black|Teravolt
|move|p2a: Mamoswine|Ice Shard|p1a: Kyurem-Black
|-damage|p1a: Kyurem-Black|229\/405
|
|-heal|p1a: Kyurem-Black|254\/405|[from] item: Leftovers
|turn|6
|
|switch|p2a: Keldeo-Resolute|Keldeo-Resolute|323\/323
|-damage|p2a: Keldeo-Resolute|303\/323|[from] Stealth Rock
|move|p1a: Kyurem-Black|Earth Power|p2a: Keldeo-Resolute
|-damage|p2a: Keldeo-Resolute|184\/323
|
|-heal|p1a: Kyurem-Black|279\/405|[from] item: Leftovers
|turn|7
|
|switch|p1a: Latias|Latias, F|301\/301
|-damage|p1a: Latias|264\/301|[from] Stealth Rock
|move|p2a: Keldeo-Resolute|Secret Sword|p1a: Latias
|-resisted|p1a: Latias
|-damage|p1a: Latias|137\/301
|
|turn|8
|
|switch|p2a: Latios|Latios, M|301\/301
|-damage|p2a: Latios|264\/301|[from] Stealth Rock
|move|p1a: Latias|Draco Meteor|p2a: Latios
|-supereffective|p2a: Latios
|-damage|p2a: Latios|0 fnt
|-unboost|p1a: Latias|spa|2
|-damage|p1a: Latias|107\/301|[from] item: Life Orb
|faint|p2a: Latios
|
|
|switch|p2a: Landorus-Therian|Landorus-Therian, M|266\/320
|-damage|p2a: Landorus-Therian|226\/320|[from] Stealth Rock
|-ability|p2a: Landorus-Therian|Intimidate|[of] p1a: Latias
|-unboost|p1a: Latias|atk|1
|turn|9
|
|switch|p1a: Lopunny|Lopunny-Mega, M|271\/271
|-damage|p1a: Lopunny|255\/271|[from] Stealth Rock
|move|p2a: Landorus-Therian|Knock Off|p1a: Lopunny
|-resisted|p1a: Lopunny
|-damage|p1a: Lopunny|212\/271
|
|turn|10
|
|switch|p2a: Mamoswine|Mamoswine, M|361\/361
|-damage|p2a: Mamoswine|316\/361|[from] Stealth Rock
|move|p1a: Lopunny|Fake Out|p2a: Mamoswine
|-damage|p2a: Mamoswine|229\/361
|
|turn|11
|
|move|p2a: Mamoswine|Ice Shard|p1a: Lopunny
|-damage|p1a: Lopunny|142\/271
|move|p1a: Lopunny|High Jump Kick|p2a: Mamoswine
|-supereffective|p2a: Mamoswine
|-damage|p2a: Mamoswine|0 fnt
|faint|p2a: Mamoswine
|
|
|switch|p2a: Landorus-Therian|Landorus-Therian, M|226\/320
|-damage|p2a: Landorus-Therian|186\/320|[from] Stealth Rock
|-ability|p2a: Landorus-Therian|Intimidate|[of] p1a: Lopunny
|-unboost|p1a: Lopunny|atk|1
|turn|12
|
|switch|p1a: Kyurem-Black|Kyurem-Black|279\/405
|-damage|p1a: Kyurem-Black|178\/405|[from] Stealth Rock
|-ability|p1a: Kyurem-Black|Teravolt
|move|p2a: Landorus-Therian|Knock Off|p1a: Kyurem-Black
|-damage|p1a: Kyurem-Black|53\/405
|-enditem|p1a: Kyurem-Black|Leftovers|[from] move: Knock Off|[of] p2a: Landorus-Therian
|
|turn|13
|
|move|p2a: Landorus-Therian|Knock Off|p1a: Kyurem-Black
|-damage|p1a: Kyurem-Black|0 fnt
|faint|p1a: Kyurem-Black
|
|
|switch|p1a: Landorus-Therian|Landorus-Therian, M|319\/319
|-damage|p1a: Landorus-Therian|280\/319|[from] Stealth Rock
|-ability|p1a: Landorus-Therian|Intimidate|[of] p2a: Landorus-Therian
|-unboost|p2a: Landorus-Therian|atk|1
|turn|14
|
|switch|p1a: Lopunny|Lopunny-Mega, M|142\/271
|-damage|p1a: Lopunny|126\/271|[from] Stealth Rock
|switch|p2a: Manectric|Manectric, F|281\/281
|-damage|p2a: Manectric|246\/281|[from] Stealth Rock
|
|turn|15
|
|detailschange|p2a: Manectric|Manectric-Mega, F
|-mega|p2a: Manectric|Manectric|Manectite
|-ability|p2a: Manectric|Intimidate|[of] p1a: Lopunny
|-unboost|p1a: Lopunny|atk|1
|move|p1a: Lopunny|Fake Out|p2a: Manectric
|-damage|p2a: Manectric|189\/281
|cant|p2a: Manectric|flinch
|
|turn|16
|
|switch|p1a: Landorus-Therian|Landorus-Therian, M|280\/319
|-damage|p1a: Landorus-Therian|241\/319|[from] Stealth Rock
|-ability|p1a: Landorus-Therian|Intimidate|[of] p2a: Manectric
|-unboost|p2a: Manectric|atk|1
|move|p2a: Manectric|Thunderbolt|p1a: Landorus-Therian
|-immune|p1a: Landorus-Therian|[msg]
|
|turn|17
|
|switch|p2a: Landorus-Therian|Landorus-Therian, M|186\/320
|-damage|p2a: Landorus-Therian|146\/320|[from] Stealth Rock
|-ability|p2a: Landorus-Therian|Intimidate|[of] p1a: Landorus-Therian
|-unboost|p1a: Landorus-Therian|atk|1
|move|p1a: Landorus-Therian|Stone Edge|p2a: Landorus-Therian
|-damage|p2a: Landorus-Therian|49\/320
|
|turn|18
|
|move|p2a: Landorus-Therian|Knock Off|p1a: Landorus-Therian
|-damage|p1a: Landorus-Therian|111\/319
|-enditem|p1a: Landorus-Therian|Choice Scarf|[from] move: Knock Off|[of] p2a: Landorus-Therian
|move|p1a: Landorus-Therian|Stone Edge|p2a: Landorus-Therian
|-crit|p2a: Landorus-Therian
|-damage|p2a: Landorus-Therian|0 fnt
|faint|p2a: Landorus-Therian
|
|
|switch|p2a: Keldeo-Resolute|Keldeo-Resolute|184\/323
|-damage|p2a: Keldeo-Resolute|164\/323|[from] Stealth Rock
|turn|19
|
|move|p2a: Keldeo-Resolute|Secret Sword|p1a: Landorus-Therian
|-resisted|p1a: Landorus-Therian
|-damage|p1a: Landorus-Therian|0 fnt
|faint|p1a: Landorus-Therian
|
|
|switch|p1a: Lopunny|Lopunny-Mega, M|126\/271
|-damage|p1a: Lopunny|110\/271|[from] Stealth Rock
|turn|20
|
|switch|p2a: Manectric|Manectric-Mega, F|189\/281
|-damage|p2a: Manectric|154\/281|[from] Stealth Rock
|-ability|p2a: Manectric|Intimidate|[of] p1a: Lopunny
|-unboost|p1a: Lopunny|atk|1
|move|p1a: Lopunny|Fake Out|p2a: Manectric
|-damage|p2a: Manectric|96\/281
|
|turn|21
|
|switch|p1a: Heatran|Heatran, M|386\/386
|-damage|p1a: Heatran|338\/386|[from] Stealth Rock
|move|p2a: Manectric|Thunderbolt|p1a: Heatran
|-damage|p1a: Heatran|217\/386
|
|-heal|p1a: Heatran|241\/386|[from] item: Leftovers
|turn|22
|c|âMouzourides|can you turn the timer off please
|c|âMouzourides|lag
|
|move|p2a: Manectric|Volt Switch|p1a: Heatran
|-damage|p1a: Heatran|157\/386
|c|âMouzourides|ty
|
|switch|p2a: Keldeo-Resolute|Keldeo-Resolute|164\/323
|-damage|p2a: Keldeo-Resolute|144\/323|[from] Stealth Rock
|move|p1a: Heatran|Lava Plume|p2a: Keldeo-Resolute
|-resisted|p2a: Keldeo-Resolute
|-damage|p2a: Keldeo-Resolute|81\/323
|
|-heal|p1a: Heatran|181\/386|[from] item: Leftovers
|turn|23
|
|switch|p1a: Latias|Latias, F|107\/301
|-damage|p1a: Latias|70\/301|[from] Stealth Rock
|move|p2a: Keldeo-Resolute|Scald|p1a: Latias
|-resisted|p1a: Latias
|-damage|p1a: Latias|0 fnt
|faint|p1a: Latias
|
|
|switch|p1a: Lopunny|Lopunny-Mega, M|110\/271
|-damage|p1a: Lopunny|94\/271|[from] Stealth Rock
|turn|24
|
|move|p1a: Lopunny|Return|p2a: Keldeo-Resolute
|-damage|p2a: Keldeo-Resolute|0 fnt
|faint|p2a: Keldeo-Resolute
|
|
|switch|p2a: Diggersby|Diggersby, M|311\/311
|-damage|p2a: Diggersby|292\/311|[from] Stealth Rock
|turn|25
|
|switch|p1a: Heatran|Heatran, M|181\/386
|-damage|p1a: Heatran|133\/386|[from] Stealth Rock
|move|p2a: Diggersby|Quick Attack|p1a: Heatran
|-resisted|p1a: Heatran
|-damage|p1a: Heatran|75\/386
|-damage|p2a: Diggersby|261\/311|[from] item: Life Orb
|
|-heal|p1a: Heatran|99\/386|[from] item: Leftovers
|turn|26
|
|move|p2a: Diggersby|Return|p1a: Heatran
|-resisted|p1a: Heatran
|-damage|p1a: Heatran|0 fnt
|-damage|p2a: Diggersby|230\/311|[from] item: Life Orb
|faint|p1a: Heatran
|
|
|switch|p1a: Thundurus|Thundurus, M|243\/299
|-damage|p1a: Thundurus|169\/299|[from] Stealth Rock
|turn|27
|
|switch|p2a: Manectric|Manectric-Mega, F|96\/281
|-damage|p2a: Manectric|61\/281|[from] Stealth Rock
|-ability|p2a: Manectric|Intimidate|[of] p1a: Thundurus
|-unboost|p1a: Thundurus|atk|1
|move|p1a: Thundurus|Hidden Power|p2a: Manectric
|-damage|p2a: Manectric|0 fnt
|-damage|p1a: Thundurus|140\/299|[from] item: Life Orb
|faint|p2a: Manectric
|
|
|switch|p2a: Diggersby|Diggersby, M|230\/311
|-damage|p2a: Diggersby|211\/311|[from] Stealth Rock
|turn|28
|c|âBarrage|what
|
|move|p2a: Diggersby|Quick Attack|p1a: Thundurus
|-damage|p1a: Thundurus|0 fnt
|-damage|p2a: Diggersby|180\/311|[from] item: Life Orb
|faint|p1a: Thundurus
|
|c|âMouzourides|needed that extra life orb damage
|
|switch|p1a: Lopunny|Lopunny-Mega, M|94\/271
|-damage|p1a: Lopunny|78\/271|[from] Stealth Rock
|turn|29
|c|âBarrage|i didn't do the calc, but I assumed that's why haha
|
|move|p1a: Lopunny|Fake Out|p2a: Diggersby
|-crit|p2a: Diggersby
|-damage|p2a: Diggersby|51\/311
|cant|p2a: Diggersby|flinch
|
|turn|30
|c|âBarrage|gg
|c|âMouzourides|gg
|
|move|p2a: Diggersby|Quick Attack|p1a: Lopunny
|-damage|p1a: Lopunny|0 fnt
|-damage|p2a: Diggersby|20\/311|[from] item: Life Orb
|faint|p1a: Lopunny
|
|win|Mouzourides
|raw|Ladder updating...
|raw|Barrage's rating: 1484 &rarr; <strong>1466<\/strong><br \/>(-18 for losing)
|raw|Mouzourides's rating: 1502 &rarr; <strong>1521<\/strong><br \/>(+19 for winning)
|leave|Barrage