|join|hibachi105
|join|Mouzourides
|player|p1|hibachi105|164
|player|p2|Mouzourides|15
|gametype|singles
|gen|6
|tier|OU Monotype
|rule|Same Type Clause: Pokemon in a team must share a type
|rule|Sleep Clause Mod: Limit one foe put to sleep
|rule|Species Clause: Limit one of each Pokemon
|rule|OHKO Clause: OHKO moves are banned
|rule|Moody Clause: Moody is banned
|rule|Evasion Moves Clause: Evasion moves are banned
|rule|Endless Battle Clause: Forcing endless battles is banned.
|rule|HP Percentage Mod: HP is reported as percentages
|clearpoke
|poke|p1|Aegislash, M
|poke|p1|Metagross
|poke|p1|Mawile, F
|poke|p1|Bastiodon, F
|poke|p1|Scizor, M
|poke|p1|Ferrothorn, M
|poke|p2|Charizard, F
|poke|p2|Torkoal, F
|poke|p2|Ninetales, M
|poke|p2|Darmanitan, F
|poke|p2|Heatran, F
|poke|p2|Infernape, M
|teampreview
|chat|hibachi105|figures glhf
|join|Collinb98
|chat|Mouzourides|you too
|join|Takedownphoenix
|chat|Mouzourides|sorry about the unfairness
|
|start
|switch|p1a: Bastiodon|Bastiodon, F|324\/324
|switch|p2a: Ninetales|Ninetales, M|288\/288
|-weather|SunnyDay
|turn|1
|chat|hibachi105|get out collin you are scouting
|chat|Collinb98|i was against a fire with steel too
|chat|Collinb98|i lost
|chat|hibachi105|whoever loses this fights you in a bronze match
|chat|Collinb98|oh yeah
|chat|hibachi105|so get out
|chat|Collinb98|sorry
|leave|Collinb98
|
|switch|p2a: Torkoal|Torkoal, F|344\/344
|move|p1a: Bastiodon|Stealth Rock|p2a: Torkoal
|-sidestart|p2: Mouzourides|move: Stealth Rock
|
|-weather|SunnyDay|[upkeep]
|turn|2
|chat|Takedownphoenix|told
|chat|Mouzourides|good to know your a good player, I played someone earlier who had a special victini
|
|move|p1a: Bastiodon|Toxic|p2a: Torkoal
|-status|p2a: Torkoal|tox
|move|p2a: Torkoal|Yawn|p1a: Bastiodon
|-start|p1a: Bastiodon|move: Yawn|[of] p2a: Torkoal
|
|-weather|SunnyDay|[upkeep]
|-damage|p2a: Torkoal|323\/344 tox|[from] psn
|turn|3
|chat|hibachi105|what do you mean a good player?
|chat|hibachi105|how do you know?
|
|switch|p1a: Metagross|Metagross|364\/364
|move|p2a: Torkoal|Rapid Spin|p1a: Metagross
|-resisted|p1a: Metagross
|-damage|p1a: Metagross|359\/364
|-sideend|p2: Mouzourides|Stealth Rock|[from] move: Rapid Spin|[of] p2a: Torkoal
|
|-weather|SunnyDay|[upkeep]
|-heal|p2a: Torkoal|344\/344 tox|[from] item: Leftovers
|-damage|p2a: Torkoal|302\/344 tox|[from] psn
|turn|4
|chat|Mouzourides|you beat someone who was using a fire team?
|chat|Mouzourides|thats what collin said anyway in the chat
|
|move|p1a: Metagross|Earthquake|p2a: Torkoal
|-supereffective|p2a: Torkoal
|-damage|p2a: Torkoal|107\/344 tox
|-damage|p1a: Metagross|323\/364|[from] item: Life Orb
|move|p2a: Torkoal|Yawn|p1a: Metagross
|-start|p1a: Metagross|move: Yawn|[of] p2a: Torkoal
|
|-weather|SunnyDay|[upkeep]
|-heal|p2a: Torkoal|128\/344 tox|[from] item: Leftovers
|-damage|p2a: Torkoal|65\/344 tox|[from] psn
|turn|5
|chat|hibachi105|nope but i have beaten a water team with a fire team
|chat|Mouzourides|ah okay
|
|switch|p1a: Bastiodon|Bastiodon, F|324\/324
|move|p2a: Torkoal|Stealth Rock|p1a: Bastiodon
|-sidestart|p1: hibachi105|move: Stealth Rock
|
|-weather|none
|-heal|p2a: Torkoal|86\/344 tox|[from] item: Leftovers
|-damage|p2a: Torkoal|2\/344 tox|[from] psn
|turn|6
|
|move|p1a: Bastiodon|Stealth Rock|p2a: Torkoal
|-sidestart|p2: Mouzourides|move: Stealth Rock
|move|p2a: Torkoal|Rapid Spin|p1a: Bastiodon
|-resisted|p1a: Bastiodon
|-damage|p1a: Bastiodon|323\/324
|-sideend|p2: Mouzourides|Stealth Rock|[from] move: Rapid Spin|[of] p2a: Torkoal
|
|-heal|p1a: Bastiodon|324\/324|[from] item: Leftovers
|-heal|p2a: Torkoal|23\/344 tox|[from] item: Leftovers
|-damage|p2a: Torkoal|0 fnt|[from] psn
|faint|p2a: Torkoal
|
|switch|p2a: Infernape|Infernape, M|293\/293
|turn|7
|
|move|p2a: Infernape|Fake Out|p1a: Bastiodon
|-resisted|p1a: Bastiodon
|-damage|p1a: Bastiodon|319\/324
|cant|p1a: Bastiodon|flinch
|
|-heal|p1a: Bastiodon|324\/324|[from] item: Leftovers
|turn|8
|
|move|p2a: Infernape|Close Combat|p1a: Bastiodon
|-supereffective|p1a: Bastiodon
|-activate|p1a: Bastiodon|Sturdy
|-damage|p1a: Bastiodon|1\/324
|-unboost|p2a: Infernape|def|1
|-unboost|p2a: Infernape|spd|1
|move|p1a: Bastiodon|Counter|p2a: Infernape
|-enditem|p2a: Infernape|Focus Sash
|-damage|p2a: Infernape|1\/293
|
|-heal|p1a: Bastiodon|21\/324|[from] item: Leftovers
|turn|9
|
|move|p1a: Bastiodon|Protect|p1a: Bastiodon
|-singleturn|p1a: Bastiodon|Protect
|move|p2a: Infernape|Overheat|p1a: Bastiodon
|-activate|p1a: Bastiodon|Protect
|
|-heal|p1a: Bastiodon|41\/324|[from] item: Leftovers
|turn|10
|
|move|p2a: Infernape|Overheat|p1a: Bastiodon
|-damage|p1a: Bastiodon|0 fnt
|-unboost|p2a: Infernape|spa|2
|faint|p1a: Bastiodon
|
|
|switch|p1a: Aegislash|Aegislash, M|324\/324
|-damage|p1a: Aegislash|304\/324|[from] Stealth Rock
|turn|11
|
|move|p2a: Infernape|Overheat|p1a: Aegislash
|-supereffective|p1a: Aegislash
|-damage|p1a: Aegislash|188\/324
|-enditem|p1a: Aegislash|Weakness Policy
|-boost|p1a: Aegislash|atk|2|[from] item: Weakness Policy
|-boost|p1a: Aegislash|spa|2|[from] item: Weakness Policy
|-unboost|p2a: Infernape|spa|2
|move|p1a: Aegislash|Swords Dance|p1a: Aegislash
|-boost|p1a: Aegislash|atk|2
|
|turn|12
|chat|Takedownphoenix|oh snap
|chat|hibachi105|my plan worked
|chat|hibachi105|muwahahahaha
|
|-formechange|p1a: Aegislash|Aegislash-Blade
|move|p1a: Aegislash|Shadow Sneak|p2a: Infernape
|-damage|p2a: Infernape|0 fnt
|faint|p2a: Infernape
|
|chat|Takedownphoenix|infernapes done did it now
|chat|Mouzourides|that might be gg ;)
|chat|Mouzourides|wow
|
|switch|p2a: Charizard|Charizard, F|298\/298
|turn|13
|
|detailschange|p2a: Charizard|Charizard-Mega-Y, F
|message|Charizard has Mega Evolved into Mega Charizard!
|-weather|SunnyDay
|move|p1a: Aegislash|Shadow Sneak|p2a: Charizard
|-damage|p2a: Charizard|0 fnt
|faint|p2a: Charizard
|
|-weather|SunnyDay|[upkeep]
|
|switch|p2a: Heatran|Heatran, F|386\/386
|turn|14
|
|-formechange|p1a: Aegislash|Aegislash
|move|p1a: Aegislash|King's Shield|p1a: Aegislash
|-singleturn|p1a: Aegislash|Protect
|move|p2a: Heatran|Lava Plume|p1a: Aegislash
|-activate|p1a: Aegislash|Protect
|
|-weather|SunnyDay|[upkeep]
|turn|15
|
|move|p2a: Heatran|Lava Plume|p1a: Aegislash
|-crit|p1a: Aegislash
|-supereffective|p1a: Aegislash
|-damage|p1a: Aegislash|0 fnt
|faint|p1a: Aegislash
|
|-weather|SunnyDay|[upkeep]
|chat|hibachi105|wow
|chat|Takedownphoenix|itsacrit
|chat|Mouzourides|I don't think the crit matter tbf
|
|switch|p1a: Metagross|Metagross|323\/364
|-damage|p1a: Metagross|301\/364|[from] Stealth Rock
|turn|16
|chat|Takedownphoenix|not in the sun no
|
|move|p2a: Heatran|Lava Plume|p1a: Metagross
|-supereffective|p1a: Metagross
|-damage|p1a: Metagross|0 fnt
|faint|p1a: Metagross
|
|-weather|SunnyDay|[upkeep]
|
|switch|p1a: Scizor|Scizor, M|344\/344
|-damage|p1a: Scizor|301\/344|[from] Stealth Rock
|turn|17
|
|move|p2a: Heatran|Lava Plume|p1a: Scizor
|-supereffective|p1a: Scizor
|-damage|p1a: Scizor|0 fnt
|faint|p1a: Scizor
|
|-weather|none
|chat|hibachi105|gg
|
|switch|p1a: Mawile|Mawile, F|304\/304
|-damage|p1a: Mawile|285\/304|[from] Stealth Rock
|-ability|p1a: Mawile|Intimidate|[of] p2a: Heatran
|-unboost|p2a: Heatran|atk|1
|turn|18
|
|detailschange|p1a: Mawile|Mawile-Mega, F
|message|Mawile has Mega Evolved into Mega Mawile!
|move|p1a: Mawile|Sucker Punch|p2a: Heatran
|-damage|p2a: Heatran|226\/386
|move|p2a: Heatran|Lava Plume|p1a: Mawile
|-supereffective|p1a: Mawile
|-damage|p1a: Mawile|45\/304
|
|-heal|p2a: Heatran|250\/386|[from] item: Leftovers
|turn|19
|chat|hibachi105|i could have gone for the sd nooooo
|
|move|p1a: Mawile|Sucker Punch|p2a: Heatran
|-damage|p2a: Heatran|65\/386
|move|p2a: Heatran|Lava Plume|p1a: Mawile
|-supereffective|p1a: Mawile
|-damage|p1a: Mawile|0 fnt
|faint|p1a: Mawile
|
|-heal|p2a: Heatran|89\/386|[from] item: Leftovers
|chat|hibachi105|gg
|chat|Mouzourides|I thought you would
|
|switch|p1a: Ferrothorn|Ferrothorn, M|352\/352
|-damage|p1a: Ferrothorn|330\/352|[from] Stealth Rock
|turn|20
|chat|Mouzourides|gg though
|chat|Mouzourides|nice play with the aegislash
|chat|Takedownphoenix|you did good despite the type advantage hibachi 
|chat|Mouzourides|yeah you really did
|
|move|p2a: Heatran|Lava Plume|p1a: Ferrothorn
|-supereffective|p1a: Ferrothorn
|-damage|p1a: Ferrothorn|0 fnt
|faint|p1a: Ferrothorn
|
|win|Mouzourides
|chat|hibachi105|it's sp.d was low so i didn't want to risk it but gg
|chat|hibachi105|thx