|join|Mouzourides
|join|albin737
|player|p1|Mouzourides|15
|player|p2|albin737|169
|gametype|singles
|gen|6
|tier|OU Monotype
|rule|Same Type Clause: Pokemon in a team must share a type
|rule|Sleep Clause Mod: Limit one foe put to sleep
|rule|Species Clause: Limit one of each Pokemon
|rule|OHKO Clause: OHKO moves are banned
|rule|Moody Clause: Moody is banned
|rule|Evasion Moves Clause: Evasion moves are banned
|rule|Endless Battle Clause: Forcing endless battles is banned.
|rule|HP Percentage Mod: HP is reported as percentages
|clearpoke
|poke|p1|Charizard, M
|poke|p1|Torkoal, F
|poke|p1|Ninetales, M
|poke|p1|Darmanitan, M
|poke|p1|Heatran, M
|poke|p1|Infernape, F
|poke|p2|Breloom, F
|poke|p2|Keldeo
|poke|p2|Terrakion
|poke|p2|Lucario, F
|poke|p2|Scrafty, F
|poke|p2|Hitmonlee, M
|teampreview
|
|start
|switch|p1a: Infernape|Infernape, F|293\/293
|switch|p2a: Terrakion|Terrakion|323\/323
|turn|1
|
|move|p1a: Infernape|Fake Out|p2a: Terrakion
|-resisted|p2a: Terrakion
|-damage|p2a: Terrakion|300\/323
|cant|p2a: Terrakion|flinch
|
|turn|2
|
|switch|p1a: Torkoal|Torkoal, F|344\/344
|move|p2a: Terrakion|Stealth Rock|p1a: Torkoal
|-sidestart|p1: Mouzourides|move: Stealth Rock
|
|turn|3
|
|move|p2a: Terrakion|Stone Edge|p1a: Torkoal
|-supereffective|p1a: Torkoal
|-damage|p1a: Torkoal|132\/344
|move|p1a: Torkoal|Yawn|p2a: Terrakion
|-start|p2a: Terrakion|move: Yawn|[of] p1a: Torkoal
|
|-heal|p1a: Torkoal|153\/344|[from] item: Leftovers
|turn|4
|join|Takedownphoenix
|
|switch|p2a: Keldeo|Keldeo|323\/323
|move|p1a: Torkoal|Rapid Spin|p2a: Keldeo
|-damage|p2a: Keldeo|309\/323
|-sideend|p1: Mouzourides|Stealth Rock|[from] move: Rapid Spin|[of] p1a: Torkoal
|
|-heal|p2a: Keldeo|323\/323|[from] item: Leftovers
|-heal|p1a: Torkoal|174\/344|[from] item: Leftovers
|turn|5
|
|switch|p1a: Ninetales|Ninetales, M|288\/288
|-weather|SunnyDay
|move|p2a: Keldeo|Hydro Pump|p1a: Ninetales
|-supereffective|p1a: Ninetales
|-damage|p1a: Ninetales|100\/288
|
|-weather|SunnyDay|[upkeep]
|-heal|p1a: Ninetales|118\/288|[from] item: Leftovers
|turn|6
|
|move|p2a: Keldeo|Hydro Pump|p1a: Ninetales
|-supereffective|p1a: Ninetales
|-damage|p1a: Ninetales|0 fnt
|faint|p1a: Ninetales
|
|-weather|SunnyDay|[upkeep]
|
|switch|p1a: Charizard|Charizard, M|298\/298
|turn|7
|
|switch|p2a: Terrakion|Terrakion|300\/323
|detailschange|p1a: Charizard|Charizard-Mega-Y, M
|message|Charizard has Mega Evolved into Mega Charizard!
|move|p1a: Charizard|Solar Beam|p2a: Terrakion|[still]
|-prepare|p1a: Charizard|Solar Beam|p2a: Terrakion
|-anim|p1a: Charizard|Solar Beam|p2a: Terrakion
|-supereffective|p2a: Terrakion
|-damage|p2a: Terrakion|0 fnt
|faint|p2a: Terrakion
|
|-weather|SunnyDay|[upkeep]
|
|switch|p2a: Hitmonlee|Hitmonlee, M|242\/242
|turn|8
|
|switch|p1a: Torkoal|Torkoal, F|174\/344
|move|p2a: Hitmonlee|Fake Out|p1a: Torkoal
|-enditem|p2a: Hitmonlee|Normal Gem|[from] gem|[move] Fake Out
|-damage|p1a: Torkoal|139\/344
|
|-weather|SunnyDay|[upkeep]
|-heal|p1a: Torkoal|160\/344|[from] item: Leftovers
|turn|9
|leave|Takedownphoenix
|
|move|p2a: Hitmonlee|Earthquake|p1a: Torkoal
|-supereffective|p1a: Torkoal
|-damage|p1a: Torkoal|14\/344
|move|p1a: Torkoal|Stealth Rock|p2a: Hitmonlee
|-sidestart|p2: albin737|move: Stealth Rock
|
|-weather|none
|-heal|p1a: Torkoal|35\/344|[from] item: Leftovers
|turn|10
|join|Takedownphoenix
|
|move|p2a: Hitmonlee|High Jump Kick|p1a: Torkoal
|-damage|p1a: Torkoal|0 fnt
|faint|p1a: Torkoal
|
|
|switch|p1a: Infernape|Infernape, F|293\/293
|turn|11
|
|move|p1a: Infernape|Fake Out|p2a: Hitmonlee
|-damage|p2a: Hitmonlee|178\/242
|cant|p2a: Hitmonlee|flinch
|
|turn|12
|
|move|p2a: Hitmonlee|Earthquake|p1a: Infernape
|-supereffective|p1a: Infernape
|-enditem|p1a: Infernape|Focus Sash
|-damage|p1a: Infernape|1\/293
|move|p1a: Infernape|Close Combat|p2a: Hitmonlee
|-damage|p2a: Hitmonlee|0 fnt
|-unboost|p1a: Infernape|def|1
|-unboost|p1a: Infernape|spd|1
|faint|p2a: Hitmonlee
|
|
|switch|p2a: Breloom|Breloom, F|262\/262
|-damage|p2a: Breloom|246\/262|[from] Stealth Rock
|turn|13
|
|move|p2a: Breloom|Mach Punch|p1a: Infernape
|-damage|p1a: Infernape|0 fnt
|faint|p1a: Infernape
|
|
|switch|p1a: Charizard|Charizard-Mega-Y, M|298\/298
|-weather|SunnyDay
|turn|14
|
|move|p1a: Charizard|Air Slash|p2a: Breloom
|-supereffective|p2a: Breloom
|-damage|p2a: Breloom|0 fnt
|faint|p2a: Breloom
|
|-weather|SunnyDay|[upkeep]
|
|switch|p2a: Scrafty|Scrafty, F|271\/271
|-damage|p2a: Scrafty|255\/271|[from] Stealth Rock
|turn|15
|
|move|p1a: Charizard|Air Slash|p2a: Scrafty
|-supereffective|p2a: Scrafty
|-damage|p2a: Scrafty|0 fnt
|faint|p2a: Scrafty
|
|-weather|SunnyDay|[upkeep]
|
|switch|p2a: Keldeo|Keldeo|323\/323
|-damage|p2a: Keldeo|303\/323|[from] Stealth Rock
|turn|16
|
|move|p2a: Keldeo|Hydro Pump|p1a: Charizard
|-supereffective|p1a: Charizard
|-damage|p1a: Charizard|112\/298
|move|p1a: Charizard|Air Slash|p2a: Keldeo
|-supereffective|p2a: Keldeo
|-damage|p2a: Keldeo|0 fnt
|faint|p2a: Keldeo
|
|-weather|SunnyDay|[upkeep]
|join|Collinb98
|
|switch|p2a: Lucario|Lucario, F|281\/281
|-damage|p2a: Lucario|273\/281|[from] Stealth Rock
|turn|17
|
|move|p1a: Charizard|Flamethrower|p2a: Lucario
|-supereffective|p2a: Lucario
|-damage|p2a: Lucario|0 fnt
|faint|p2a: Lucario
|
|win|Mouzourides
|leave|albin737
|player|p2
|chat|Mouzourides|gg