|join|SilviuSantos
|join|Mouzourides
|player|p1|SilviuSantos|171
|player|p2|Mouzourides|290
|gametype|singles
|gen|6
|tier|OU (suspect test)
|rated
|clearpoke
|poke|p1|Landorus-Therian, M
|poke|p1|Bisharp, F
|poke|p1|Keldeo
|poke|p1|Heatran, M
|poke|p1|Celebi
|poke|p1|Clefable, F
|poke|p2|Sceptile, F
|poke|p2|Heatran, F
|poke|p2|Ferrothorn, F
|poke|p2|Latios, M
|poke|p2|Landorus-Therian, M
|poke|p2|Azumarill, M
|rule|Swagger Clause: Swagger is banned
|rule|Baton Pass Clause: Limit one PokÃ©mon knowing Baton Pass
|rule|Sleep Clause Mod: Limit one foe put to sleep
|rule|Species Clause: Limit one of each PokÃ©mon
|rule|OHKO Clause: OHKO moves are banned
|rule|Moody Clause: Moody is banned
|rule|Evasion Moves Clause: Evasion moves are banned
|rule|Endless Battle Clause: Forcing endless battles is banned
|rule|HP Percentage Mod: HP is shown in percentages
|teampreview
|
|start
|switch|p1a: Heatran|Heatran, M|386\/386
|switch|p2a: Landorus-Therian|Landorus-Therian, M|320\/320
|-ability|p2a: Landorus-Therian|Intimidate|[of] p1a: Heatran
|-unboost|p1a: Heatran|atk|1
|turn|1
|c|âSilviuSantos|go
|
|move|p1a: Heatran|Protect|p1a: Heatran
|-singleturn|p1a: Heatran|Protect
|move|p2a: Landorus-Therian|Earthquake|p1a: Heatran
|-activate|p1a: Heatran|Protect
|
|turn|2
|
|switch|p2a: Ferrothorn|Ferrothorn, F|352\/352
|switch|p1a: Landorus-Therian|Landorus-Therian, M|319\/319
|-ability|p1a: Landorus-Therian|Intimidate|[of] p2a: Ferrothorn
|-unboost|p2a: Ferrothorn|atk|1
|
|turn|3
|
|move|p1a: Landorus-Therian|U-turn|p2a: Ferrothorn
|-damage|p2a: Ferrothorn|294\/352
|-damage|p1a: Landorus-Therian|280\/319|[from] ability: Iron Barbs|[of] p2a: Ferrothorn
|
|switch|p1a: Celebi|Celebi|404\/404
|move|p2a: Ferrothorn|Stealth Rock|p1a: Celebi
|-sidestart|p1: SilviuSantos|move: Stealth Rock
|
|-heal|p2a: Ferrothorn|316\/352|[from] item: Leftovers
|turn|4
|
|switch|p2a: Heatran|Heatran, F|376\/376
|move|p1a: Celebi|Stealth Rock|p2a: Heatran
|-sidestart|p2: Mouzourides|move: Stealth Rock
|
|turn|5
|
|move|p1a: Celebi|Thunder Wave|p2a: Heatran
|-status|p2a: Heatran|par
|move|p2a: Heatran|Toxic|p1a: Celebi
|-status|p1a: Celebi|tox
|
|-damage|p1a: Celebi|379\/404 tox|[from] psn
|turn|6
|
|switch|p1a: Heatran|Heatran, M|386\/386
|-damage|p1a: Heatran|338\/386|[from] Stealth Rock
|move|p2a: Heatran|Toxic|p1a: Heatran
|-fail|p1a: Heatran
|
|-heal|p1a: Heatran|362\/386|[from] item: Leftovers
|turn|7
|
|switch|p2a: Azumarill|Azumarill, M|399\/399
|-damage|p2a: Azumarill|350\/399|[from] Stealth Rock
|move|p1a: Heatran|Lava Plume|p2a: Azumarill
|-resisted|p2a: Azumarill
|-damage|p2a: Azumarill|299\/399
|
|-heal|p1a: Heatran|386\/386|[from] item: Leftovers
|turn|8
|
|move|p2a: Azumarill|Play Rough|p1a: Heatran
|-resisted|p1a: Heatran
|-damage|p1a: Heatran|339\/386
|move|p1a: Heatran|Roar|p2a: Azumarill
|drag|p2a: Sceptile|Sceptile, F|281\/281
|-damage|p2a: Sceptile|246\/281|[from] Stealth Rock
|
|-heal|p1a: Heatran|363\/386|[from] item: Leftovers
|turn|9
|
|detailschange|p2a: Sceptile|Sceptile-Mega, F
|-mega|p2a: Sceptile|Sceptile|Sceptilite
|move|p1a: Heatran|Protect|p1a: Heatran
|-singleturn|p1a: Heatran|Protect
|move|p2a: Sceptile|Focus Blast|p1a: Heatran
|-activate|p1a: Heatran|Protect
|
|-heal|p1a: Heatran|386\/386|[from] item: Leftovers
|turn|10
|
|switch|p2a: Landorus-Therian|Landorus-Therian, M|320\/320
|-damage|p2a: Landorus-Therian|280\/320|[from] Stealth Rock
|-ability|p2a: Landorus-Therian|Intimidate|[of] p1a: Heatran
|-unboost|p1a: Heatran|atk|1
|switch|p1a: Landorus-Therian|Landorus-Therian, M|280\/319
|-damage|p1a: Landorus-Therian|241\/319|[from] Stealth Rock
|-ability|p1a: Landorus-Therian|Intimidate|[of] p2a: Landorus-Therian
|-unboost|p2a: Landorus-Therian|atk|1
|
|turn|11
|
|move|p2a: Landorus-Therian|Knock Off|p1a: Landorus-Therian
|-damage|p1a: Landorus-Therian|145\/319
|-enditem|p1a: Landorus-Therian|Choice Scarf|[from] move: Knock Off|[of] p2a: Landorus-Therian
|move|p1a: Landorus-Therian|Knock Off|p2a: Landorus-Therian
|-damage|p2a: Landorus-Therian|150\/320
|-enditem|p2a: Landorus-Therian|Choice Scarf|[from] move: Knock Off|[of] p1a: Landorus-Therian
|
|turn|12
|
|move|p2a: Landorus-Therian|U-turn|p1a: Landorus-Therian
|-resisted|p1a: Landorus-Therian
|-damage|p1a: Landorus-Therian|115\/319
|
|switch|p2a: Ferrothorn|Ferrothorn, F|316\/352
|-damage|p2a: Ferrothorn|294\/352|[from] Stealth Rock
|move|p1a: Landorus-Therian|U-turn|p2a: Ferrothorn
|-damage|p2a: Ferrothorn|237\/352
|-damage|p1a: Landorus-Therian|76\/319|[from] ability: Iron Barbs|[of] p2a: Ferrothorn
|
|switch|p1a: Clefable|Clefable, F|394\/394
|
|-heal|p2a: Ferrothorn|259\/352|[from] item: Leftovers
|turn|13
|
|switch|p2a: Heatran|Heatran, F|376\/376 par
|-damage|p2a: Heatran|329\/376 par|[from] Stealth Rock
|move|p1a: Clefable|Calm Mind|p1a: Clefable
|-boost|p1a: Clefable|spa|1
|-boost|p1a: Clefable|spd|1
|
|-heal|p2a: Heatran|352\/376 par|[from] item: Leftovers
|turn|14
|
|move|p1a: Clefable|Calm Mind|p1a: Clefable
|-boost|p1a: Clefable|spa|1
|-boost|p1a: Clefable|spd|1
|move|p2a: Heatran|Taunt|p1a: Clefable
|-start|p1a: Clefable|move: Taunt
|
|-heal|p2a: Heatran|375\/376 par|[from] item: Leftovers
|turn|15
|
|move|p1a: Clefable|Moonblast|p2a: Heatran
|-resisted|p2a: Heatran
|-damage|p2a: Heatran|338\/376 par
|-unboost|p2a: Heatran|spa|1
|move|p2a: Heatran|Flash Cannon|p1a: Clefable
|-supereffective|p1a: Clefable
|-damage|p1a: Clefable|314\/394
|
|-heal|p1a: Clefable|338\/394|[from] item: Leftovers
|-heal|p2a: Heatran|361\/376 par|[from] item: Leftovers
|turn|16
|
|switch|p2a: Ferrothorn|Ferrothorn, F|259\/352
|-damage|p2a: Ferrothorn|237\/352|[from] Stealth Rock
|move|p1a: Clefable|Moonblast|p2a: Ferrothorn
|-resisted|p2a: Ferrothorn
|-damage|p2a: Ferrothorn|152\/352
|-unboost|p2a: Ferrothorn|spa|1
|
|-heal|p1a: Clefable|362\/394|[from] item: Leftovers
|-heal|p2a: Ferrothorn|174\/352|[from] item: Leftovers
|turn|17
|
|switch|p2a: Heatran|Heatran, F|361\/376 par
|-damage|p2a: Heatran|314\/376 par|[from] Stealth Rock
|move|p1a: Clefable|Flamethrower|p2a: Heatran
|-start|p2a: Heatran|ability: Flash Fire
|
|-heal|p1a: Clefable|386\/394|[from] item: Leftovers
|-heal|p2a: Heatran|337\/376 par|[from] item: Leftovers
|-end|p1a: Clefable|move: Taunt
|turn|18
|
|move|p1a: Clefable|Calm Mind|p1a: Clefable
|-boost|p1a: Clefable|spa|1
|-boost|p1a: Clefable|spd|1
|move|p2a: Heatran|Taunt|p1a: Clefable
|-start|p1a: Clefable|move: Taunt
|
|-heal|p1a: Clefable|394\/394|[from] item: Leftovers
|-heal|p2a: Heatran|360\/376 par|[from] item: Leftovers
|turn|19
|
|move|p1a: Clefable|Moonblast|p2a: Heatran
|-crit|p2a: Heatran
|-resisted|p2a: Heatran
|-damage|p2a: Heatran|289\/376 par
|-unboost|p2a: Heatran|spa|1
|move|p2a: Heatran|Lava Plume|p1a: Clefable
|-damage|p1a: Clefable|346\/394
|
|-heal|p1a: Clefable|370\/394|[from] item: Leftovers
|-heal|p2a: Heatran|312\/376 par|[from] item: Leftovers
|turn|20
|c|âMouzourides|I really can't be bothered for this XD
|c|âMouzourides|gg
|-message|Mouzourides forfeited.
|c|âSilviuSantos|gg
|
|win|SilviuSantos
|raw|Ladder updating...
|raw|SilviuSantos's rating: 1176 &rarr; <strong>1201<\/strong><br \/>(+25 for winning)
|raw|Mouzourides's rating: 1179 &rarr; <strong>1154<\/strong><br \/>(-25 for losing)
|c|âSilviuSantos|thanks for forfeit