|join|CLR
|join|qpzm257
|player|p1|CLR|155
|player|p2|qpzm257|101
|gametype|singles
|gen|6
|tier|ORAS OU
|rated
|rule|Sleep Clause Mod: Limit one foe put to sleep
|rule|Species Clause: Limit one of each PokÃ©mon
|rule|OHKO Clause: OHKO moves are banned
|rule|Moody Clause: Moody is banned
|rule|Evasion Moves Clause: Evasion moves are banned
|rule|Endless Battle Clause: Forcing endless battles is banned
|rule|HP Percentage Mod: HP is shown in percentages
|clearpoke
|poke|p1|Sceptile, F
|poke|p1|Magnezone
|poke|p1|Skarmory, F
|poke|p1|Greninja, F
|poke|p1|Rotom-Wash
|poke|p1|Gothitelle, M
|poke|p2|Vaporeon, F
|poke|p2|Dragonite, F
|poke|p2|Manectric, F
|poke|p2|Alakazam, M
|poke|p2|Excadrill, F
|poke|p2|Skarmory, F
|rule|Swagger Clause: Swagger is banned
|rule|Baton Pass Clause: Limit one PokÃ©mon knowing Baton Pass
|teampreview
|
|start
|switch|p1a: Rotom-Wash|Rotom-Wash|302\/302
|switch|p2a: Manectric|Manectric, F|282\/282
|turn|1
|
|detailschange|p2a: Manectric|Manectric-Mega, F
|message|Manectric has Mega Evolved into Mega Manectric!
|-ability|p2a: Manectric|Intimidate|[of] p1a: Rotom-Wash
|-unboost|p1a: Rotom-Wash|atk|1
|move|p2a: Manectric|Thunderbolt|p1a: Rotom-Wash
|-damage|p1a: Rotom-Wash|158\/302
|move|p1a: Rotom-Wash|Will-O-Wisp|p2a: Manectric
|-status|p2a: Manectric|brn
|
|-heal|p1a: Rotom-Wash|176\/302|[from] item: Leftovers
|-damage|p2a: Manectric|247\/282 brn|[from] brn
|turn|2
|
|move|p2a: Manectric|Volt Switch|p1a: Rotom-Wash
|-damage|p1a: Rotom-Wash|71\/302
|
|switch|p2a: Vaporeon|Vaporeon, F|464\/464
|move|p1a: Rotom-Wash|Pain Split|p2a: Vaporeon
|-sethp|p2a: Vaporeon|267\/464|p1a: Rotom-Wash|267\/302|[from] move: Pain Split
|
|-heal|p1a: Rotom-Wash|285\/302|[from] item: Leftovers
|-heal|p2a: Vaporeon|296\/464|[from] item: Leftovers
|turn|3
|
|move|p2a: Vaporeon|Protect|p2a: Vaporeon
|-singleturn|p2a: Vaporeon|Protect
|move|p1a: Rotom-Wash|Volt Switch|p2a: Vaporeon
|-activate|p2a: Vaporeon|Protect
|
|-heal|p1a: Rotom-Wash|302\/302|[from] item: Leftovers
|-heal|p2a: Vaporeon|325\/464|[from] item: Leftovers
|turn|4
|
|move|p1a: Rotom-Wash|Hydro Pump|p2a: Vaporeon
|-heal|p2a: Vaporeon|441\/464|[from] ability: Water Absorb|[of] p1a: Rotom-Wash
|move|p2a: Vaporeon|Heal Bell|p2a: Vaporeon
|-cureteam|p2a: Vaporeon|[from] move: HealBell
|
|-heal|p2a: Vaporeon|464\/464|[from] item: Leftovers
|turn|5
|
|switch|p1a: Gothitelle|Gothitelle, M|281\/281
|move|p2a: Vaporeon|Scald|p1a: Gothitelle
|-damage|p1a: Gothitelle|193\/281
|-status|p1a: Gothitelle|brn
|
|-damage|p1a: Gothitelle|158\/281 brn|[from] brn
|turn|6
|
|move|p2a: Vaporeon|Protect|p2a: Vaporeon
|-singleturn|p2a: Vaporeon|Protect
|move|p1a: Gothitelle|Trick|p2a: Vaporeon
|-activate|p2a: Vaporeon|Protect
|
|-damage|p1a: Gothitelle|123\/281 brn|[from] brn
|turn|7
|
|move|p1a: Gothitelle|Trick|p2a: Vaporeon
|-activate|p1a: Gothitelle|move: Trick|[of] p2a: Vaporeon
|-item|p2a: Vaporeon|Choice Scarf|[from] move: Trick
|-item|p1a: Gothitelle|Leftovers|[from] move: Trick
|move|p2a: Vaporeon|Scald|p1a: Gothitelle
|-damage|p1a: Gothitelle|41\/281 brn
|
|-heal|p1a: Gothitelle|58\/281 brn|[from] item: Leftovers
|-damage|p1a: Gothitelle|23\/281 brn|[from] brn
|turn|8
|
|move|p1a: Gothitelle|Toxic|p2a: Vaporeon
|-status|p2a: Vaporeon|tox
|move|p2a: Vaporeon|Scald|p1a: Gothitelle
|-damage|p1a: Gothitelle|0 fnt
|faint|p1a: Gothitelle
|
|-damage|p2a: Vaporeon|435\/464 tox|[from] psn
|
|switch|p1a: Sceptile|Sceptile, F|282\/282
|turn|9
|
|switch|p2a: Skarmory|Skarmory, F|334\/334
|detailschange|p1a: Sceptile|Sceptile-Mega, F
|message|Sceptile has Mega Evolved into Mega Sceptile!
|move|p1a: Sceptile|Energy Ball|p2a: Skarmory
|-resisted|p2a: Skarmory
|-damage|p2a: Skarmory|279\/334
|
|turn|10
|
|switch|p1a: Rotom-Wash|Rotom-Wash|302\/302
|switch|p2a: Excadrill|Excadrill, F|373\/373
|-ability|p2a: Excadrill|Mold Breaker
|
|turn|11
|
|switch|p1a: Skarmory|Skarmory, F|307\/307
|move|p2a: Excadrill|Earthquake|p1a: Skarmory
|-immune|p1a: Skarmory|[msg]
|
|turn|12
|
|switch|p2a: Manectric|Manectric-Mega, F|247\/282
|-ability|p2a: Manectric|Intimidate|[of] p1a: Skarmory
|-unboost|p1a: Skarmory|atk|1
|move|p1a: Skarmory|Brave Bird|p2a: Manectric
|-resisted|p2a: Manectric
|-damage|p2a: Manectric|203\/282
|-damage|p1a: Skarmory|292\/307|[from] recoil|[of] p2a: Manectric
|
|turn|13
|
|move|p2a: Manectric|Hidden Power|p1a: Skarmory
|-damage|p1a: Skarmory|228\/307
|move|p1a: Skarmory|Toxic|p2a: Manectric
|-status|p2a: Manectric|tox
|
|-damage|p2a: Manectric|186\/282 tox|[from] psn
|turn|14
|
|move|p2a: Manectric|Volt Switch|p1a: Skarmory
|-supereffective|p1a: Skarmory
|-damage|p1a: Skarmory|10\/307
|
|switch|p2a: Vaporeon|Vaporeon, F|435\/464 tox
|move|p1a: Skarmory|Roost|p1a: Skarmory
|-heal|p1a: Skarmory|164\/307
|
|-damage|p2a: Vaporeon|406\/464 tox|[from] psn
|turn|15
|
|move|p2a: Vaporeon|Heal Bell|p2a: Vaporeon
|-cureteam|p2a: Vaporeon|[from] move: HealBell
|move|p1a: Skarmory|Roost|p1a: Skarmory
|-heal|p1a: Skarmory|307\/307
|
|turn|16
|
|switch|p2a: Skarmory|Skarmory, F|279\/334
|switch|p1a: Rotom-Wash|Rotom-Wash|302\/302
|
|turn|17
|
|switch|p2a: Excadrill|Excadrill, F|373\/373
|-ability|p2a: Excadrill|Mold Breaker
|move|p1a: Rotom-Wash|Will-O-Wisp|p2a: Excadrill|[miss]
|-miss|p1a: Rotom-Wash|p2a: Excadrill
|
|turn|18
|
|switch|p2a: Manectric|Manectric-Mega, F|186\/282
|-ability|p2a: Manectric|Intimidate|[of] p1a: Rotom-Wash
|-unboost|p1a: Rotom-Wash|atk|1
|move|p1a: Rotom-Wash|Hydro Pump|p2a: Manectric
|-damage|p2a: Manectric|23\/282
|
|turn|19
|
|move|p2a: Manectric|Volt Switch|p1a: Rotom-Wash
|-damage|p1a: Rotom-Wash|199\/302
|
|switch|p2a: Vaporeon|Vaporeon, F|406\/464
|move|p1a: Rotom-Wash|Volt Switch|p2a: Vaporeon
|-supereffective|p2a: Vaporeon
|-damage|p2a: Vaporeon|266\/464
|
|switch|p1a: Sceptile|Sceptile-Mega, F|282\/282
|
|turn|20
|
|move|p1a: Sceptile|Hidden Power|p2a: Vaporeon
|-resisted|p2a: Vaporeon
|-damage|p2a: Vaporeon|237\/464
|move|p2a: Vaporeon|Wish|p2a: Vaporeon
|
|turn|21
|
|switch|p2a: Excadrill|Excadrill, F|373\/373
|-ability|p2a: Excadrill|Mold Breaker
|move|p1a: Sceptile|Energy Ball|p2a: Excadrill
|-damage|p2a: Excadrill|213\/373
|-unboost|p2a: Excadrill|spd|1
|
|-heal|p2a: Excadrill|373\/373|[from] move: Wish|[wisher] Vaporeon
|turn|22
|
|switch|p2a: Skarmory|Skarmory, F|279\/334
|move|p1a: Sceptile|Hidden Power|p2a: Skarmory
|-supereffective|p2a: Skarmory
|-damage|p2a: Skarmory|79\/334
|
|turn|23
|
|move|p1a: Sceptile|Hidden Power|p2a: Skarmory
|-supereffective|p2a: Skarmory
|-damage|p2a: Skarmory|0 fnt
|faint|p2a: Skarmory
|
|
|switch|p2a: Dragonite|Dragonite, F|323\/323
|turn|24
|
|switch|p1a: Skarmory|Skarmory, F|307\/307
|move|p2a: Dragonite|Dragon Dance|p2a: Dragonite
|-boost|p2a: Dragonite|atk|1
|-boost|p2a: Dragonite|spe|1
|
|turn|25
|
|move|p2a: Dragonite|Fire Punch|p1a: Skarmory
|-supereffective|p1a: Skarmory
|-damage|p1a: Skarmory|97\/307
|-damage|p2a: Dragonite|270\/323|[from] item: Rocky Helmet|[of] p1a: Skarmory
|move|p1a: Skarmory|Toxic|p2a: Dragonite|[miss]
|-miss|p1a: Skarmory|p2a: Dragonite
|
|turn|26
|
|move|p2a: Dragonite|Fire Punch|p1a: Skarmory
|-supereffective|p1a: Skarmory
|-damage|p1a: Skarmory|0 fnt
|-damage|p2a: Dragonite|217\/323|[from] item: Rocky Helmet|[of] p1a: Skarmory
|faint|p1a: Skarmory
|
|
|switch|p1a: Greninja|Greninja, F|285\/285
|turn|27
|
|move|p2a: Dragonite|Extreme Speed|p1a: Greninja
|-damage|p1a: Greninja|77\/285
|move|p1a: Greninja|Ice Beam|p2a: Dragonite
|-start|p1a: Greninja|typechange|Ice|[from] Protean
|-supereffective|p2a: Dragonite
|-damage|p2a: Dragonite|0 fnt
|-damage|p1a: Greninja|49\/285|[from] item: Life Orb
|faint|p2a: Dragonite
|
|
|switch|p2a: Manectric|Manectric-Mega, F|23\/282
|-ability|p2a: Manectric|Intimidate|[of] p1a: Greninja
|-unboost|p1a: Greninja|atk|1
|turn|28
|
|switch|p1a: Magnezone|Magnezone|281\/281
|move|p2a: Manectric|Hidden Power|p1a: Magnezone
|-resisted|p1a: Magnezone
|-damage|p1a: Magnezone|237\/281
|
|turn|29
|
|switch|p2a: Excadrill|Excadrill, F|373\/373
|-ability|p2a: Excadrill|Mold Breaker
|move|p1a: Magnezone|Volt Switch|p2a: Excadrill
|-immune|p2a: Excadrill|[msg]
|
|turn|30
|
|switch|p1a: Rotom-Wash|Rotom-Wash|199\/302
|move|p2a: Excadrill|Earthquake|p1a: Rotom-Wash
|-supereffective|p1a: Rotom-Wash
|-damage|p1a: Rotom-Wash|0 fnt
|faint|p1a: Rotom-Wash
|
|
|switch|p1a: Greninja|Greninja, F|49\/285
|turn|31
|
|switch|p2a: Vaporeon|Vaporeon, F|237\/464
|move|p1a: Greninja|Hidden Power|p2a: Vaporeon
|-start|p1a: Greninja|typechange|Fire|[from] Protean
|-resisted|p2a: Vaporeon
|-damage|p2a: Vaporeon|192\/464
|-damage|p1a: Greninja|21\/285|[from] item: Life Orb
|
|turn|32
|
|move|p1a: Greninja|Extrasensory|p2a: Vaporeon
|-start|p1a: Greninja|typechange|Psychic|[from] Protean
|-damage|p2a: Vaporeon|75\/464
|-damage|p1a: Greninja|0 fnt|[from] item: Life Orb
|faint|p1a: Greninja
|move|p2a: Vaporeon|Wish|p2a: Vaporeon
|
|
|switch|p1a: Sceptile|Sceptile-Mega, F|282\/282
|turn|33
|
|move|p1a: Sceptile|Earthquake|p2a: Vaporeon
|-damage|p2a: Vaporeon|0 fnt
|faint|p2a: Vaporeon
|
|
|switch|p2a: Alakazam|Alakazam, M|252\/252
|turn|34
|
|switch|p1a: Magnezone|Magnezone|237\/281
|move|p2a: Alakazam|Psyshock|p1a: Magnezone
|-resisted|p1a: Magnezone
|-damage|p1a: Magnezone|175\/281
|
|turn|35
|
|switch|p2a: Excadrill|Excadrill, F|373\/373
|-ability|p2a: Excadrill|Mold Breaker
|move|p1a: Magnezone|Hidden Power|p2a: Excadrill
|-supereffective|p2a: Excadrill
|-damage|p2a: Excadrill|247\/373
|
|turn|36
|
|switch|p1a: Sceptile|Sceptile-Mega, F|282\/282
|move|p2a: Excadrill|Earthquake|p1a: Sceptile
|-resisted|p1a: Sceptile
|-damage|p1a: Sceptile|131\/282
|
|turn|37
|
|move|p1a: Sceptile|Earthquake|p2a: Excadrill
|-supereffective|p2a: Excadrill
|-damage|p2a: Excadrill|0 fnt
|faint|p2a: Excadrill
|
|
|switch|p2a: Alakazam|Alakazam, M|252\/252
|turn|38
|
|switch|p1a: Magnezone|Magnezone|175\/281
|move|p2a: Alakazam|Psyshock|p1a: Magnezone
|-resisted|p1a: Magnezone
|-damage|p1a: Magnezone|108\/281
|
|turn|39
|
|move|p2a: Alakazam|Shadow Ball|p1a: Magnezone
|-damage|p1a: Magnezone|5\/281
|move|p1a: Magnezone|Thunderbolt|p2a: Alakazam
|-damage|p2a: Alakazam|71\/252
|
|turn|40
|
|move|p2a: Alakazam|Shadow Ball|p1a: Magnezone
|-damage|p1a: Magnezone|0 fnt
|faint|p1a: Magnezone
|
|
|switch|p1a: Sceptile|Sceptile-Mega, F|131\/282
|turn|41
|c|âqpzm257|shit, I should have gone for the focus blast i guess
|c|âqpzm257|gg
|
|move|p1a: Sceptile|Energy Ball|p2a: Alakazam
|-damage|p2a: Alakazam|0 fnt
|faint|p2a: Alakazam
|
|c|âCLR|gg
|
|switch|p2a: Manectric|Manectric-Mega, F|23\/282
|-ability|p2a: Manectric|Intimidate|[of] p1a: Sceptile
|-unboost|p1a: Sceptile|atk|1
|turn|42
|
|move|p2a: Manectric|Hidden Power|p1a: Sceptile
|-supereffective|p1a: Sceptile
|-damage|p1a: Sceptile|0 fnt
|faint|p1a: Sceptile
|
|win|qpzm257
|raw|Ladder updating...
|raw|CLR's rating: 1126 &rarr; <strong>1107<\/strong><br \/>(-19 for losing)
|raw|qpzm257's rating: 1208 &rarr; <strong>1227<\/strong><br \/>(+19 for winning)
|leave|CLR
|player|p1
|c|âqpzm257|wait, how did i outspeed you?