|join|Jeremie_16
|join|qpzm257
|player|p1|Jeremie_16|176
|player|p2|qpzm257|101
|gametype|singles
|gen|6
|tier|OU
|clearpoke
|poke|p1|Amoonguss, M
|poke|p1|Garchomp, M
|poke|p1|Cresselia, F
|poke|p1|Mamoswine, F
|poke|p1|Togekiss, M
|poke|p1|Rotom-Wash
|poke|p2|Vaporeon, F
|poke|p2|Dragonite, M
|poke|p2|Manectric, F
|poke|p2|Alakazam, M
|poke|p2|Excadrill, F
|poke|p2|Skarmory, F
|rule|Sleep Clause Mod: Limit one foe put to sleep
|rule|Species Clause: Limit one of each Pokemon
|rule|OHKO Clause: OHKO moves are banned
|rule|Moody Clause: Moody is banned
|rule|Evasion Moves Clause: Evasion moves are banned
|rule|Endless Battle Clause: Forcing endless battles is banned.
|rule|HP Percentage Mod: HP is reported as percentages
|teampreview
|chat|Jeremie_16|Good luck! I'm new and my team isn't all that good
|
|start
|switch|p1a: Cresselia|Cresselia, F|444\/444
|switch|p2a: Manectric|Manectric, F|282\/282
|-item|p1a: Cresselia|Air Balloon
|turn|1
|chat|qpzm257|It looks pretty solid just from the preview
|
|-ability|p2a: Manectric|Intimidate|[of] p1a: Cresselia
|-unboost|p1a: Cresselia|atk|1
|detailschange|p2a: Manectric|Manectric-Mega, F
|message|Manectric has Mega Evolved into Mega Manectric!
|move|p2a: Manectric|Volt Switch|p1a: Cresselia
|-damage|p1a: Cresselia|354\/444
|-enditem|p1a: Cresselia|Air Balloon
|
|switch|p2a: Vaporeon|Vaporeon, F|464\/464
|move|p1a: Cresselia|Trick Room|p1a: Cresselia
|-fieldstart|move: Trick Room|[of] p1a: Cresselia
|
|turn|2
|
|switch|p1a: Rotom-Wash|Rotom-Wash|304\/304
|move|p2a: Vaporeon|Scald|p1a: Rotom-Wash
|-resisted|p1a: Rotom-Wash
|-damage|p1a: Rotom-Wash|268\/304
|-status|p1a: Rotom-Wash|brn
|
|-heal|p1a: Rotom-Wash|287\/304 brn|[from] item: Leftovers
|-damage|p1a: Rotom-Wash|249\/304 brn|[from] brn
|turn|3
|
|move|p2a: Vaporeon|Protect|p2a: Vaporeon
|-singleturn|p2a: Vaporeon|Protect
|move|p1a: Rotom-Wash|Confuse Ray|p2a: Vaporeon
|-activate|p2a: Vaporeon|Protect
|
|-heal|p1a: Rotom-Wash|268\/304 brn|[from] item: Leftovers
|-damage|p1a: Rotom-Wash|230\/304 brn|[from] brn
|turn|4
|join|samvab
|
|move|p2a: Vaporeon|Wish|p2a: Vaporeon
|move|p1a: Rotom-Wash|Will-O-Wisp|p2a: Vaporeon
|-status|p2a: Vaporeon|brn
|
|-heal|p1a: Rotom-Wash|249\/304 brn|[from] item: Leftovers
|-damage|p2a: Vaporeon|406\/464 brn|[from] brn
|-damage|p1a: Rotom-Wash|211\/304 brn|[from] brn
|turn|5
|chat|qpzm257|first time I've ever seen confuse ray on a rotom wash
|
|move|p2a: Vaporeon|Heal Bell|p2a: Vaporeon
|-cureteam|p2a: Vaporeon|[from] move: HealBell
|move|p1a: Rotom-Wash|Thunderbolt|p2a: Vaporeon
|-supereffective|p2a: Vaporeon
|-damage|p2a: Vaporeon|232\/464
|
|-heal|p2a: Vaporeon|464\/464|[from] move: Wish|[wisher] Vaporeon
|-heal|p1a: Rotom-Wash|230\/304 brn|[from] item: Leftovers
|-damage|p1a: Rotom-Wash|192\/304 brn|[from] brn
|-fieldend|move: Trick Room
|turn|6
|chat|Jeremie_16|Gotta have that strategy lol 
|
|move|p1a: Rotom-Wash|Confuse Ray|p2a: Vaporeon
|-start|p2a: Vaporeon|confusion
|-activate|p2a: Vaporeon|confusion
|move|p2a: Vaporeon|Wish|p2a: Vaporeon
|
|-heal|p1a: Rotom-Wash|211\/304 brn|[from] item: Leftovers
|-damage|p1a: Rotom-Wash|173\/304 brn|[from] brn
|turn|7
|
|switch|p2a: Excadrill|Excadrill, F|373\/373
|-ability|p2a: Excadrill|Mold Breaker
|move|p1a: Rotom-Wash|Thunderbolt|p2a: Excadrill
|-immune|p2a: Excadrill|[msg]
|
|-heal|p1a: Rotom-Wash|192\/304 brn|[from] item: Leftovers
|-damage|p1a: Rotom-Wash|154\/304 brn|[from] brn
|turn|8
|chat|Jeremie_16|nice
|
|move|p2a: Excadrill|Iron Head|p1a: Rotom-Wash
|-resisted|p1a: Rotom-Wash
|-damage|p1a: Rotom-Wash|115\/304 brn
|cant|p1a: Rotom-Wash|flinch
|
|-heal|p1a: Rotom-Wash|134\/304 brn|[from] item: Leftovers
|-damage|p1a: Rotom-Wash|96\/304 brn|[from] brn
|turn|9
|
|move|p2a: Excadrill|Earthquake|p1a: Rotom-Wash
|-supereffective|p1a: Rotom-Wash
|-damage|p1a: Rotom-Wash|0 fnt
|faint|p1a: Rotom-Wash
|
|chat|qpzm257|thought togekiss was coming in
|chat|Jeremie_16|shit lol
|
|switch|p1a: Garchomp|Garchomp, M|357\/357
|turn|10
|
|switch|p2a: Skarmory|Skarmory, F|334\/334
|move|p1a: Garchomp|Earthquake|p2a: Skarmory
|-immune|p2a: Skarmory|[msg]
|
|turn|11
|
|switch|p1a: Cresselia|Cresselia, F|354\/444
|move|p2a: Skarmory|Stealth Rock|p1a: Cresselia
|-sidestart|p1: Jeremie_16|move: Stealth Rock
|
|turn|12
|
|switch|p2a: Vaporeon|Vaporeon, F|464\/464
|move|p1a: Cresselia|Trick Room|p1a: Cresselia
|-fieldstart|move: Trick Room|[of] p1a: Cresselia
|
|turn|13
|
|move|p1a: Cresselia|Toxic|p2a: Vaporeon
|-status|p2a: Vaporeon|tox
|move|p2a: Vaporeon|Scald|p1a: Cresselia
|-damage|p1a: Cresselia|294\/444
|-status|p1a: Cresselia|brn
|
|-damage|p1a: Cresselia|239\/444 brn|[from] brn
|-damage|p2a: Vaporeon|435\/464 tox|[from] psn
|turn|14
|
|move|p1a: Cresselia|Light Screen|p1a: Cresselia
|-sidestart|p1: Jeremie_16|move: Light Screen
|move|p2a: Vaporeon|Heal Bell|p2a: Vaporeon
|-cureteam|p2a: Vaporeon|[from] move: HealBell
|
|-heal|p2a: Vaporeon|464\/464|[from] item: Leftovers
|-damage|p1a: Cresselia|184\/444 brn|[from] brn
|turn|15
|chat|Jeremie_16|Should I give cress an attack move?
|chat|qpzm257|do you have screens, recover, and toxic?
|chat|Jeremie_16|I don't have recover on him, but that wouold be great
|chat|qpzm257|I would definitely give it that
|chat|Jeremie_16|He has trick room, screens and toxic
|chat|qpzm257|What on your team is trick room for? Your team doesn't seem that slow.
|
|move|p1a: Cresselia|Reflect|p1a: Cresselia
|-sidestart|p1: Jeremie_16|Reflect
|move|p2a: Vaporeon|Scald|p1a: Cresselia
|-damage|p1a: Cresselia|154\/444 brn
|
|-damage|p1a: Cresselia|99\/444 brn|[from] brn
|turn|16
|chat|Jeremie_16|momoswine
|chat|Jeremie_16|mamoswine
|chat|qpzm257|I think you can afford to drop trick room
|
|move|p2a: Vaporeon|Protect|p2a: Vaporeon
|-singleturn|p2a: Vaporeon|Protect
|move|p1a: Cresselia|Toxic|p2a: Vaporeon
|-activate|p2a: Vaporeon|Protect
|
|-damage|p1a: Cresselia|44\/444 brn|[from] brn
|-fieldend|move: Trick Room
|turn|17
|chat|Jeremie_16|okay, so drop it for recover?
|chat|qpzm257|yea
|chat|Jeremie_16|then my amoongus and mamoswine wouold be dead lol
|
|switch|p2a: Alakazam|Alakazam, M|252\/252
|move|p1a: Cresselia|Trick Room|p1a: Cresselia
|-fieldstart|move: Trick Room|[of] p1a: Cresselia
|
|-damage|p1a: Cresselia|0 fnt|[from] brn
|faint|p1a: Cresselia
|
|switch|p1a: Amoonguss|Amoonguss, M|431\/431
|-damage|p1a: Amoonguss|378\/431|[from] Stealth Rock
|-item|p1a: Amoonguss|Air Balloon
|turn|18
|chat|qpzm257|how are you playing amoongus?
|chat|qpzm257|Its best as a wall rather than an attacker
|chat|samvab|air ballon  amoongus O_0
|chat|Jeremie_16|spore, ingrain, sub, and toxic
|
|switch|p2a: Excadrill|Excadrill, F|373\/373
|-ability|p2a: Excadrill|Mold Breaker
|move|p1a: Amoonguss|Spore|p2a: Excadrill
|-status|p2a: Excadrill|slp
|
|-sideend|p1: Jeremie_16|move: Light Screen
|turn|19
|chat|qpzm257|yea you don't want air balloon on that
|chat|Jeremie_16|what should i give it?
|
|switch|p1a: Togekiss|Togekiss, M|374\/374
|-damage|p1a: Togekiss|281\/374|[from] Stealth Rock
|switch|p2a: Alakazam|Alakazam, M|252\/252
|
|-sideend|p1: Jeremie_16|Reflect
|turn|20
|chat|samvab|try black sludge 
|chat|Jeremie_16|should i give giga drain instead of sub or something?
|chat|qpzm257|I've never used one but I would definitely keep spore. Maybe put giga drain on there
|
|switch|p2a: Excadrill|Excadrill, F|373\/373 slp
|-ability|p2a: Excadrill|Mold Breaker
|move|p1a: Togekiss|Air Slash|p2a: Excadrill
|-resisted|p2a: Excadrill
|-damage|p2a: Excadrill|308\/373 slp
|
|turn|21
|chat|Jeremie_16|this website sucks because i can only put one to sleep lol
|
|move|p1a: Togekiss|Aura Sphere|p2a: Excadrill
|-supereffective|p2a: Excadrill
|-damage|p2a: Excadrill|112\/373 slp
|cant|p2a: Excadrill|slp
|
|-fieldend|move: Trick Room
|turn|22
|
|switch|p2a: Vaporeon|Vaporeon, F|464\/464
|move|p1a: Togekiss|Aura Sphere|p2a: Vaporeon
|-damage|p2a: Vaporeon|391\/464
|
|-heal|p2a: Vaporeon|420\/464|[from] item: Leftovers
|turn|23
|
|move|p1a: Togekiss|Metronome|p1a: Togekiss
|move|p1a: Togekiss|Crunch|p2a: Vaporeon|[from]Metronome
|-damage|p2a: Vaporeon|374\/464
|-unboost|p2a: Vaporeon|def|1
|move|p2a: Vaporeon|Scald|p1a: Togekiss
|-damage|p1a: Togekiss|185\/374
|
|-heal|p2a: Vaporeon|403\/464|[from] item: Leftovers
|turn|24
|chat|samvab|it is like this everywhere
|chat|qpzm257|metronome is way too risky
|
|move|p1a: Togekiss|Air Slash|p2a: Vaporeon
|-damage|p2a: Vaporeon|295\/464
|cant|p2a: Vaporeon|flinch
|
|-heal|p2a: Vaporeon|324\/464|[from] item: Leftovers
|turn|25
|chat|samvab|unless u play VCG
|chat|qpzm257|try thunder wave on there to be more anoying
|
|move|p1a: Togekiss|Extrasensory|p2a: Vaporeon
|-damage|p2a: Vaporeon|248\/464
|cant|p2a: Vaporeon|flinch
|
|-heal|p2a: Vaporeon|277\/464|[from] item: Leftovers
|turn|26
|chat|Jeremie_16|metronome i use to take risks lol. i should xD
|
|move|p1a: Togekiss|Air Slash|p2a: Vaporeon
|-damage|p2a: Vaporeon|169\/464
|move|p2a: Vaporeon|Wish|p2a: Vaporeon
|
|-heal|p2a: Vaporeon|198\/464|[from] item: Leftovers
|turn|27
|chat|samvab|there they dont have Sleep Clause
|
|move|p2a: Vaporeon|Protect|p2a: Vaporeon
|-singleturn|p2a: Vaporeon|Protect
|move|p1a: Togekiss|Air Slash|p2a: Vaporeon
|-activate|p2a: Vaporeon|Protect
|
|-heal|p2a: Vaporeon|430\/464|[from] move: Wish|[wisher] Vaporeon
|-heal|p2a: Vaporeon|459\/464|[from] item: Leftovers
|turn|28
|
|move|p1a: Togekiss|Air Slash|p2a: Vaporeon
|-damage|p2a: Vaporeon|350\/464
|move|p2a: Vaporeon|Wish|p2a: Vaporeon
|
|-heal|p2a: Vaporeon|379\/464|[from] item: Leftovers
|turn|29
|chat|Jeremie_16|fuck this vaporeon xD
|
|switch|p2a: Excadrill|Excadrill, F|112\/373 slp
|-ability|p2a: Excadrill|Mold Breaker
|move|p1a: Togekiss|Air Slash|p2a: Excadrill
|-resisted|p2a: Excadrill
|-damage|p2a: Excadrill|51\/373 slp
|
|-heal|p2a: Excadrill|283\/373 slp|[from] move: Wish|[wisher] Vaporeon
|turn|30
|
|switch|p2a: Vaporeon|Vaporeon, F|379\/464
|move|p1a: Togekiss|Aura Sphere|p2a: Vaporeon
|-damage|p2a: Vaporeon|306\/464
|
|-heal|p2a: Vaporeon|335\/464|[from] item: Leftovers
|turn|31
|chat|Jeremie_16|omg lol
|chat|qpzm257|I love it :)
|
|move|p1a: Togekiss|Air Slash|p2a: Vaporeon
|-damage|p2a: Vaporeon|232\/464
|cant|p2a: Vaporeon|flinch
|
|-heal|p2a: Vaporeon|261\/464|[from] item: Leftovers
|turn|32
|
|move|p2a: Vaporeon|Protect|p2a: Vaporeon
|-singleturn|p2a: Vaporeon|Protect
|move|p1a: Togekiss|Air Slash|p2a: Vaporeon
|-activate|p2a: Vaporeon|Protect
|
|-heal|p2a: Vaporeon|290\/464|[from] item: Leftovers
|turn|33
|chat|Jeremie_16|togekiss is amazing cuz of his ability
|
|move|p1a: Togekiss|Air Slash|p2a: Vaporeon
|-damage|p2a: Vaporeon|187\/464
|cant|p2a: Vaporeon|flinch
|
|-heal|p2a: Vaporeon|216\/464|[from] item: Leftovers
|turn|34
|
|switch|p2a: Manectric|Manectric-Mega, F|282\/282
|-ability|p2a: Manectric|Intimidate|[of] p1a: Togekiss
|-unboost|p1a: Togekiss|atk|1
|move|p1a: Togekiss|Aura Sphere|p2a: Manectric
|-crit|p2a: Manectric
|-damage|p2a: Manectric|111\/282
|
|turn|35
|chat|qpzm257|Usually people make it a mixed wall but mine's purely special
|
|switch|p1a: Garchomp|Garchomp, M|357\/357
|-damage|p1a: Garchomp|335\/357|[from] Stealth Rock
|move|p2a: Manectric|Thunderbolt|p1a: Garchomp
|-immune|p1a: Garchomp|[msg]
|
|turn|36
|chat|Jeremie_16|i don't like any of your pokes xD they kicking my ass
|
|switch|p2a: Skarmory|Skarmory, F|334\/334
|move|p1a: Garchomp|Dragon Claw|p2a: Skarmory
|-resisted|p2a: Skarmory
|-damage|p2a: Skarmory|292\/334
|-damage|p1a: Garchomp|276\/357|[from] item: Rocky Helmet|[of] p2a: Skarmory
|
|turn|37
|
|switch|p1a: Mamoswine|Mamoswine, F|424\/424
|-damage|p1a: Mamoswine|371\/424|[from] Stealth Rock
|move|p2a: Skarmory|Whirlwind|p1a: Mamoswine
|drag|p1a: Togekiss|Togekiss, M|185\/374
|-damage|p1a: Togekiss|92\/374|[from] Stealth Rock
|
|turn|38
|chat|Jeremie_16|wow lol
|chat|qpzm257|chouce scarf on Garchomp?
|
|move|p1a: Togekiss|Metronome|p1a: Togekiss
|move|p1a: Togekiss|Storm Throw|p2a: Skarmory|[from]Metronome
|-crit|p2a: Skarmory
|-damage|p2a: Skarmory|272\/334
|-damage|p1a: Togekiss|30\/374|[from] item: Rocky Helmet|[of] p2a: Skarmory
|move|p2a: Skarmory|Roost|p2a: Skarmory
|-heal|p2a: Skarmory|334\/334
|
|turn|39
|chat|Jeremie_16|yeah. is that good
|chat|Jeremie_16|?
|chat|qpzm257|Yea, I like it
|chat|Jeremie_16|i need a mega on my team, any suggestions?
|chat|samvab|its standard 
|chat|qpzm257|I never know when I can stay in on a garchomp with manectric because of that
|
|move|p1a: Togekiss|Aura Sphere|p2a: Skarmory
|-damage|p2a: Skarmory|202\/334
|move|p2a: Skarmory|Brave Bird|p1a: Togekiss
|-damage|p1a: Togekiss|0 fnt
|-damage|p2a: Skarmory|192\/334|[from] recoil|[of] p1a: Togekiss
|faint|p1a: Togekiss
|
|chat|qpzm257|to replace who?
|
|switch|p1a: Mamoswine|Mamoswine, F|371\/424
|-damage|p1a: Mamoswine|318\/424|[from] Stealth Rock
|turn|40
|chat|Jeremie_16|idk, i need a mega on my team, im thinking mega kanghaskan
|
|move|p1a: Mamoswine|Rock Slide|p2a: Skarmory
|-damage|p2a: Skarmory|115\/334
|-damage|p1a: Mamoswine|276\/424|[from] item: Life Orb
|cant|p2a: Skarmory|flinch
|
|turn|41
|chat|qpzm257|he's banned from OU
|chat|samvab|its banned lol
|
|move|p1a: Mamoswine|Rock Slide|p2a: Skarmory
|-damage|p2a: Skarmory|47\/334
|-damage|p1a: Mamoswine|234\/424|[from] item: Life Orb
|cant|p2a: Skarmory|flinch
|
|turn|42
|
|switch|p2a: Excadrill|Excadrill, F|283\/373 slp
|-ability|p2a: Excadrill|Mold Breaker
|move|p1a: Mamoswine|Rock Slide|p2a: Excadrill
|-resisted|p2a: Excadrill
|-damage|p2a: Excadrill|235\/373 slp
|-damage|p1a: Mamoswine|192\/424|[from] item: Life Orb
|
|turn|43
|chat|Jeremie_16|well then lol. how come hes banned from here but i see him all the time on DS?
|
|cant|p2a: Excadrill|slp
|move|p1a: Mamoswine|Earthquake|p2a: Excadrill
|-supereffective|p2a: Excadrill
|-damage|p2a: Excadrill|0 fnt
|-damage|p1a: Mamoswine|150\/424|[from] item: Life Orb
|faint|p2a: Excadrill
|
|chat|samvab|thats vcg thats why 
|
|switch|p2a: Alakazam|Alakazam, M|252\/252
|turn|44
|chat|qpzm257|yep
|
|move|p1a: Mamoswine|Ice Shard|p2a: Alakazam
|-damage|p2a: Alakazam|71\/252
|-damage|p1a: Mamoswine|108\/424|[from] item: Life Orb
|move|p2a: Alakazam|Psyshock|p1a: Mamoswine
|-damage|p1a: Mamoswine|0 fnt
|faint|p1a: Mamoswine
|
|chat|Jeremie_16|that's kinda dumb
|
|switch|p1a: Garchomp|Garchomp, M|276\/357
|-damage|p1a: Garchomp|254\/357|[from] Stealth Rock
|turn|45
|chat|qpzm257|It's just a way to balance the game
|chat|samvab|in smogan u can try mega pincir or mega zard x or somthing
|chat|qpzm257|Mega Lucario and Gengar are banned as well
|chat|Jeremie_16|i might use mega pinser with frustration
|
|switch|p2a: Vaporeon|Vaporeon, F|216\/464
|move|p1a: Garchomp|Draco Meteor|p2a: Vaporeon
|-damage|p2a: Vaporeon|114\/464
|-unboost|p1a: Garchomp|spa|2
|
|-heal|p2a: Vaporeon|143\/464|[from] item: Leftovers
|turn|46
|chat|samvab|for ur team mega mawile will be good
|chat|qpzm257|I would get rid of draco meteor
|
|switch|p1a: Amoonguss|Amoonguss, M|431\/431
|-damage|p1a: Amoonguss|378\/431|[from] Stealth Rock
|-item|p1a: Amoonguss|Air Balloon
|move|p2a: Vaporeon|Wish|p2a: Vaporeon
|
|-heal|p2a: Vaporeon|172\/464|[from] item: Leftovers
|turn|47
|chat|Jeremie_16|i didn't predict a switch lol\
|chat|Jeremie_16|i already lost this game lol
|chat|qpzm257|I was actually sacrificing vap there. Didn't think he would survive
|
|switch|p2a: Skarmory|Skarmory, F|47\/334
|switch|p1a: Garchomp|Garchomp, M|254\/357
|-damage|p1a: Garchomp|232\/357|[from] Stealth Rock
|
|-heal|p2a: Skarmory|279\/334|[from] move: Wish|[wisher] Vaporeon
|turn|48
|chat|samvab|because its slow and will benefit from trick room  
|
|move|p1a: Garchomp|Dragon Claw|p2a: Skarmory
|-resisted|p2a: Skarmory
|-damage|p2a: Skarmory|236\/334
|-damage|p1a: Garchomp|173\/357|[from] item: Rocky Helmet|[of] p2a: Skarmory
|move|p2a: Skarmory|Roost|p2a: Skarmory
|-heal|p2a: Skarmory|334\/334
|
|turn|49
|chat|Jeremie_16|Goog game, I'm gonna make adjustment and we can battle again or something?
|
|move|p1a: Garchomp|Dragon Claw|p2a: Skarmory
|-resisted|p2a: Skarmory
|-damage|p2a: Skarmory|296\/334
|-damage|p1a: Garchomp|114\/357|[from] item: Rocky Helmet|[of] p2a: Skarmory
|move|p2a: Skarmory|Brave Bird|p1a: Garchomp
|-damage|p1a: Garchomp|0 fnt
|-damage|p2a: Skarmory|255\/334|[from] ability: Rough Skin|[of] p1a: Garchomp
|-damage|p2a: Skarmory|217\/334|[from] recoil|[of] p1a: Garchomp
|faint|p1a: Garchomp
|
|
|switch|p1a: Amoonguss|Amoonguss, M|431\/431
|-damage|p1a: Amoonguss|378\/431|[from] Stealth Rock
|-item|p1a: Amoonguss|Air Balloon
|turn|50
|
|move|p2a: Skarmory|Brave Bird|p1a: Amoonguss
|-supereffective|p1a: Amoonguss
|-damage|p1a: Amoonguss|58\/431
|-enditem|p1a: Amoonguss|Air Balloon
|-damage|p2a: Skarmory|111\/334|[from] recoil|[of] p1a: Amoonguss
|move|p1a: Amoonguss|Substitute|p1a: Amoonguss
|-fail|p1a: Amoonguss|move: Substitute|[weak]
|
|turn|51
|chat|samvab|u can challenge us when u r ready 
|chat|qpzm257|sure gg
|chat|samvab|:)
|
|move|p2a: Skarmory|Brave Bird|p1a: Amoonguss
|-supereffective|p1a: Amoonguss
|-damage|p1a: Amoonguss|0 fnt
|-damage|p2a: Skarmory|92\/334|[from] recoil|[of] p1a: Amoonguss
|faint|p1a: Amoonguss
|
|win|qpzm257
|chat|Jeremie_16|aight
|leave|Jeremie_16
|player|p1
|leave|qpzm257
|player|p2
|leave|samvab
|join|samvab