|join|LT1B cosine180
|join|qpzm257
|player|p1|LT1B cosine180|33
|player|p2|qpzm257|101
|gametype|singles
|gen|6
|tier|OU
|rated
|clearpoke
|poke|p1|Charizard, M
|poke|p1|Bisharp, M
|poke|p1|Heatran, M
|poke|p1|Landorus, M
|poke|p1|Terrakion
|poke|p1|Venusaur, F
|poke|p2|Vaporeon, F
|poke|p2|Dragonite, F
|poke|p2|Manectric, F
|poke|p2|Alakazam, M
|poke|p2|Excadrill, F
|poke|p2|Skarmory, F
|rule|Swagger Clause: Swagger is banned
|rule|Baton Pass Clause: Limit one PokÃ©mon knowing Baton Pass
|rule|Sleep Clause Mod: Limit one foe put to sleep
|rule|Species Clause: Limit one of each PokÃ©mon
|rule|OHKO Clause: OHKO moves are banned
|rule|Moody Clause: Moody is banned
|rule|Evasion Moves Clause: Evasion moves are banned
|rule|Endless Battle Clause: Forcing endless battles is banned
|rule|HP Percentage Mod: HP is shown in percentages
|teampreview
|
|start
|switch|p1a: Terrakion|Terrakion|323\/323
|switch|p2a: Manectric|Manectric, F|282\/282
|turn|1
|
|switch|p2a: Skarmory|Skarmory, F|334\/334
|move|p1a: Terrakion|Close Combat|p2a: Skarmory
|-damage|p2a: Skarmory|210\/334
|-damage|p1a: Terrakion|270\/323|[from] item: Rocky Helmet|[of] p2a: Skarmory
|-unboost|p1a: Terrakion|def|1
|-unboost|p1a: Terrakion|spd|1
|
|turn|2
|
|move|p1a: Terrakion|Stealth Rock|p2a: Skarmory
|-sidestart|p2: qpzm257|move: Stealth Rock
|move|p2a: Skarmory|Stealth Rock|p1a: Terrakion
|-sidestart|p1: LT1B cosine180|move: Stealth Rock
|
|turn|3
|
|move|p1a: Terrakion|Taunt|p2a: Skarmory
|-start|p2a: Skarmory|move: Taunt
|cant|p2a: Skarmory|move: Taunt|Roost
|
|turn|4
|
|move|p1a: Terrakion|Stone Edge|p2a: Skarmory|[miss]
|-miss|p1a: Terrakion|p2a: Skarmory
|move|p2a: Skarmory|Brave Bird|p1a: Terrakion
|-damage|p1a: Terrakion|71\/323
|-damage|p2a: Skarmory|144\/334|[from] recoil|[of] p1a: Terrakion
|
|turn|5
|
|move|p1a: Terrakion|Stone Edge|p2a: Skarmory
|-damage|p2a: Skarmory|47\/334
|move|p2a: Skarmory|Brave Bird|p1a: Terrakion
|-damage|p1a: Terrakion|0 fnt
|-damage|p2a: Skarmory|24\/334|[from] recoil|[of] p1a: Terrakion
|faint|p1a: Terrakion
|
|-end|p2a: Skarmory|move: Taunt
|
|switch|p1a: Landorus|Landorus, M|319\/319
|-damage|p1a: Landorus|280\/319|[from] Stealth Rock
|turn|6
|
|move|p1a: Landorus|Psychic|p2a: Skarmory
|-resisted|p2a: Skarmory
|-damage|p2a: Skarmory|0 fnt
|faint|p2a: Skarmory
|
|
|switch|p2a: Manectric|Manectric, F|282\/282
|-damage|p2a: Manectric|247\/282|[from] Stealth Rock
|turn|7
|
|switch|p1a: Heatran|Heatran, M|323\/323
|-damage|p1a: Heatran|283\/323|[from] Stealth Rock
|detailschange|p2a: Manectric|Manectric-Mega, F
|message|Manectric has Mega Evolved into Mega Manectric!
|-ability|p2a: Manectric|Intimidate|[of] p1a: Heatran
|-unboost|p1a: Heatran|atk|1
|move|p2a: Manectric|Hidden Power|p1a: Heatran
|-resisted|p1a: Heatran
|-damage|p1a: Heatran|267\/323
|
|turn|8
|
|move|p1a: Heatran|Overheat|p2a: Manectric
|-damage|p2a: Manectric|0 fnt
|-unboost|p1a: Heatran|spa|2
|faint|p2a: Manectric
|
|
|switch|p2a: Vaporeon|Vaporeon, F|464\/464
|-damage|p2a: Vaporeon|406\/464|[from] Stealth Rock
|turn|9
|
|switch|p1a: Venusaur|Venusaur, F|301\/301
|-damage|p1a: Venusaur|264\/301|[from] Stealth Rock
|switch|p2a: Alakazam|Alakazam, M|252\/252
|
|turn|10
|
|switch|p1a: Heatran|Heatran, M|267\/323
|-damage|p1a: Heatran|227\/323|[from] Stealth Rock
|move|p2a: Alakazam|Psyshock|p1a: Heatran
|-resisted|p1a: Heatran
|-damage|p1a: Heatran|158\/323
|
|turn|11
|
|switch|p2a: Vaporeon|Vaporeon, F|406\/464
|-damage|p2a: Vaporeon|348\/464|[from] Stealth Rock
|move|p1a: Heatran|Overheat|p2a: Vaporeon|[miss]
|-miss|p1a: Heatran|p2a: Vaporeon
|
|-heal|p2a: Vaporeon|377\/464|[from] item: Leftovers
|turn|12
|
|switch|p1a: Venusaur|Venusaur, F|264\/301
|-damage|p1a: Venusaur|227\/301|[from] Stealth Rock
|move|p2a: Vaporeon|Scald|p1a: Venusaur
|-resisted|p1a: Venusaur
|-damage|p1a: Venusaur|172\/301
|
|-heal|p2a: Vaporeon|406\/464|[from] item: Leftovers
|turn|13
|
|switch|p2a: Excadrill|Excadrill, F|373\/373
|-damage|p2a: Excadrill|362\/373|[from] Stealth Rock
|-ability|p2a: Excadrill|Mold Breaker
|move|p1a: Venusaur|Sunny Day|p1a: Venusaur
|-weather|SunnyDay
|
|-weather|SunnyDay|[upkeep]
|turn|14
|
|move|p1a: Venusaur|Giga Drain|p2a: Excadrill
|-crit|p2a: Excadrill
|-damage|p2a: Excadrill|132\/373
|-heal|p1a: Venusaur|287\/301|[from] drain|[of] p2a: Excadrill
|-damage|p1a: Venusaur|257\/301|[from] item: Life Orb
|move|p2a: Excadrill|Rapid Spin|p1a: Venusaur
|-damage|p1a: Venusaur|224\/301
|-sideend|p2: qpzm257|Stealth Rock|[from] move: Rapid Spin|[of] p2a: Excadrill
|
|-weather|SunnyDay|[upkeep]
|turn|15
|
|move|p1a: Venusaur|Giga Drain|p2a: Excadrill
|-damage|p2a: Excadrill|0 fnt
|-heal|p1a: Venusaur|290\/301|[from] drain|[of] p2a: Excadrill
|-damage|p1a: Venusaur|260\/301|[from] item: Life Orb
|faint|p2a: Excadrill
|
|-weather|SunnyDay|[upkeep]
|
|switch|p2a: Dragonite|Dragonite, F|323\/323
|turn|16
|
|move|p1a: Venusaur|Sludge Bomb|p2a: Dragonite
|-damage|p2a: Dragonite|227\/323
|-status|p2a: Dragonite|psn
|-damage|p1a: Venusaur|230\/301|[from] item: Life Orb
|move|p2a: Dragonite|Dragon Dance|p2a: Dragonite
|-boost|p2a: Dragonite|atk|1
|-boost|p2a: Dragonite|spe|1
|
|-weather|SunnyDay|[upkeep]
|-damage|p2a: Dragonite|187\/323 psn|[from] psn
|turn|17
|
|move|p1a: Venusaur|Sludge Bomb|p2a: Dragonite
|-damage|p2a: Dragonite|0 fnt
|-damage|p1a: Venusaur|200\/301|[from] item: Life Orb
|faint|p2a: Dragonite
|
|-weather|none
|
|switch|p2a: Alakazam|Alakazam, M|252\/252
|turn|18
|
|switch|p1a: Bisharp|Bisharp, M|271\/271
|-damage|p1a: Bisharp|255\/271|[from] Stealth Rock
|move|p2a: Alakazam|Focus Blast|p1a: Bisharp|[miss]
|-miss|p2a: Alakazam|p1a: Bisharp
|
|turn|19
|c|âqpzm257|no...
|
|move|p2a: Alakazam|Focus Blast|p1a: Bisharp
|-supereffective|p1a: Bisharp
|-damage|p1a: Bisharp|0 fnt
|faint|p1a: Bisharp
|
|c|âqpzm257|yay
|
|switch|p1a: Landorus|Landorus, M|280\/319
|-damage|p1a: Landorus|241\/319|[from] Stealth Rock
|turn|20
|
|switch|p2a: Vaporeon|Vaporeon, F|406\/464
|move|p1a: Landorus|Earth Power|p2a: Vaporeon
|-damage|p2a: Vaporeon|206\/464
|
|-heal|p2a: Vaporeon|235\/464|[from] item: Leftovers
|turn|21
|
|move|p1a: Landorus|Earth Power|p2a: Vaporeon
|-damage|p2a: Vaporeon|43\/464
|move|p2a: Vaporeon|Scald|p1a: Landorus
|-crit|p1a: Landorus
|-supereffective|p1a: Landorus
|-damage|p1a: Landorus|0 fnt
|faint|p1a: Landorus
|
|-heal|p2a: Vaporeon|72\/464|[from] item: Leftovers
|
|switch|p1a: Venusaur|Venusaur, F|200\/301
|-damage|p1a: Venusaur|163\/301|[from] Stealth Rock
|turn|22
|
|switch|p2a: Alakazam|Alakazam, M|252\/252
|move|p1a: Venusaur|Sunny Day|p1a: Venusaur
|-weather|SunnyDay
|
|-weather|SunnyDay|[upkeep]
|turn|23
|
|move|p1a: Venusaur|Giga Drain|p2a: Alakazam
|-damage|p2a: Alakazam|75\/252
|-heal|p1a: Venusaur|252\/301|[from] drain|[of] p2a: Alakazam
|-damage|p1a: Venusaur|222\/301|[from] item: Life Orb
|move|p2a: Alakazam|Psyshock|p1a: Venusaur
|-supereffective|p1a: Venusaur
|-damage|p1a: Venusaur|0 fnt
|faint|p1a: Venusaur
|
|-weather|SunnyDay|[upkeep]
|
|switch|p1a: Heatran|Heatran, M|158\/323
|-damage|p1a: Heatran|118\/323|[from] Stealth Rock
|turn|24
|
|move|p1a: Heatran|Flash Cannon|p2a: Alakazam
|-crit|p2a: Alakazam
|-damage|p2a: Alakazam|0 fnt
|faint|p2a: Alakazam
|
|-weather|SunnyDay|[upkeep]
|
|switch|p2a: Vaporeon|Vaporeon, F|72\/464
|turn|25
|
|move|p1a: Heatran|Flash Cannon|p2a: Vaporeon
|-resisted|p2a: Vaporeon
|-damage|p2a: Vaporeon|15\/464
|-unboost|p2a: Vaporeon|spd|1
|move|p2a: Vaporeon|Wish|p2a: Vaporeon
|
|-weather|SunnyDay|[upkeep]
|-heal|p2a: Vaporeon|44\/464|[from] item: Leftovers
|turn|26
|
|move|p2a: Vaporeon|Protect|p2a: Vaporeon
|-singleturn|p2a: Vaporeon|Protect
|move|p1a: Heatran|Flash Cannon|p2a: Vaporeon
|-activate|p2a: Vaporeon|Protect
|
|-weather|none
|-heal|p2a: Vaporeon|276\/464|[from] move: Wish|[wisher] Vaporeon
|-heal|p2a: Vaporeon|305\/464|[from] item: Leftovers
|turn|27
|
|move|p1a: Heatran|Flash Cannon|p2a: Vaporeon
|-resisted|p2a: Vaporeon
|-damage|p2a: Vaporeon|228\/464
|move|p2a: Vaporeon|Wish|p2a: Vaporeon
|
|-heal|p2a: Vaporeon|257\/464|[from] item: Leftovers
|turn|28
|
|move|p1a: Heatran|Flash Cannon|p2a: Vaporeon
|-resisted|p2a: Vaporeon
|-damage|p2a: Vaporeon|183\/464
|move|p2a: Vaporeon|Scald|p1a: Heatran
|-supereffective|p1a: Heatran
|-damage|p1a: Heatran|0 fnt
|faint|p1a: Heatran
|
|-heal|p2a: Vaporeon|415\/464|[from] move: Wish|[wisher] Vaporeon
|-heal|p2a: Vaporeon|444\/464|[from] item: Leftovers
|
|switch|p1a: Charizard|Charizard, M|297\/297
|-damage|p1a: Charizard|149\/297|[from] Stealth Rock
|turn|29
|
|detailschange|p1a: Charizard|Charizard-Mega-Y, M
|message|Charizard has Mega Evolved into Mega Charizard!
|-weather|SunnyDay
|move|p1a: Charizard|Solar Beam|p2a: Vaporeon|[still]
|-prepare|p1a: Charizard|Solar Beam|p2a: Vaporeon
|-anim|p1a: Charizard|Solar Beam|p2a: Vaporeon
|-supereffective|p2a: Vaporeon
|-damage|p2a: Vaporeon|36\/464
|move|p2a: Vaporeon|Scald|p1a: Charizard
|-supereffective|p1a: Charizard
|-damage|p1a: Charizard|65\/297
|
|-weather|SunnyDay|[upkeep]
|-heal|p2a: Vaporeon|65\/464|[from] item: Leftovers
|turn|30
|c|âqpzm257|gg
|c|âLT1B cosine180|gg
|
|move|p2a: Vaporeon|Protect|p2a: Vaporeon
|-singleturn|p2a: Vaporeon|Protect
|move|p1a: Charizard|Solar Beam|p2a: Vaporeon|[still]
|-prepare|p1a: Charizard|Solar Beam|p2a: Vaporeon
|-anim|p1a: Charizard|Solar Beam|p2a: Vaporeon
|-activate|p2a: Vaporeon|Protect
|
|-weather|SunnyDay|[upkeep]
|-heal|p2a: Vaporeon|94\/464|[from] item: Leftovers
|turn|31
|
|move|p2a: Vaporeon|Protect|p2a: Vaporeon
|-fail|p2a: Vaporeon
|move|p1a: Charizard|Solar Beam|p2a: Vaporeon|[still]
|-prepare|p1a: Charizard|Solar Beam|p2a: Vaporeon
|-anim|p1a: Charizard|Solar Beam|p2a: Vaporeon
|-supereffective|p2a: Vaporeon
|-damage|p2a: Vaporeon|0 fnt
|faint|p2a: Vaporeon
|
|win|LT1B cosine180
|raw|Ladder updating...
|raw|LT1B cosine180's rating: 1719 &rarr; <strong>1737<\/strong><br \/>(+18 for winning)
|raw|qpzm257's rating: 1685 &rarr; <strong>1667<\/strong><br \/>(-18 for losing)
|leave|qpzm257
|player|p2
|leave|LT1B cosine180
|player|p1