|join|qpzm257
|join|Shrui
|player|p1|qpzm257|101
|player|p2|Shrui|264
|gametype|singles
|gen|6
|tier|OU
|rated
|clearpoke
|poke|p1|Vaporeon, F
|poke|p1|Dragonite, M
|poke|p1|Manectric, F
|poke|p1|Alakazam, M
|poke|p1|Excadrill, F
|poke|p1|Skarmory, F
|poke|p2|Blissey, F, shiny
|poke|p2|Mandibuzz, F
|poke|p2|Lucario, M
|poke|p2|Mawile, M
|poke|p2|Hydreigon, F, shiny
|poke|p2|Gliscor, F
|rule|Sleep Clause Mod: Limit one foe put to sleep
|rule|Species Clause: Limit one of each Pokemon
|rule|OHKO Clause: OHKO moves are banned
|rule|Moody Clause: Moody is banned
|rule|Evasion Moves Clause: Evasion moves are banned
|rule|Endless Battle Clause: Forcing endless battles is banned.
|rule|HP Percentage Mod: HP is reported as percentages
|teampreview
|
|start
|switch|p1a: Manectric|Manectric, F|282\/282
|switch|p2a: Hydreigon|Hydreigon, F, shiny|327\/327
|turn|1
|
|switch|p1a: Vaporeon|Vaporeon, F|464\/464
|move|p2a: Hydreigon|Draco Meteor|p1a: Vaporeon
|-damage|p1a: Vaporeon|275\/464
|-unboost|p2a: Hydreigon|spa|2
|
|-heal|p1a: Vaporeon|304\/464|[from] item: Leftovers
|turn|2
|
|switch|p2a: Vanimennus|Blissey, F, shiny|664\/664
|move|p1a: Vaporeon|Scald|p2a: Vanimennus
|-damage|p2a: Vanimennus|600\/664
|-status|p2a: Vanimennus|brn
|
|-heal|p1a: Vaporeon|333\/464|[from] item: Leftovers
|-heal|p2a: Vanimennus|641\/664 brn|[from] item: Leftovers
|-damage|p2a: Vanimennus|558\/664 brn|[from] brn
|turn|3
|
|switch|p1a: Skarmory|Skarmory, F|334\/334
|move|p2a: Vanimennus|Thunder Wave|p1a: Skarmory
|-status|p1a: Skarmory|par
|
|-heal|p2a: Vanimennus|599\/664 brn|[from] item: Leftovers
|-damage|p2a: Vanimennus|516\/664 brn|[from] brn
|turn|4
|
|switch|p2a: Gliscor|Gliscor, F|354\/354
|move|p1a: Skarmory|Stealth Rock|p2a: Gliscor
|-sidestart|p2: Shrui|move: Stealth Rock
|
|-status|p2a: Gliscor|tox|[from] item: Toxic Orb
|turn|5
|
|move|p2a: Gliscor|Taunt|p1a: Skarmory
|-start|p1a: Skarmory|move: Taunt
|cant|p1a: Skarmory|par
|
|turn|6
|
|switch|p2a: Hydreigon|Hydreigon, F, shiny|327\/327
|-damage|p2a: Hydreigon|287\/327|[from] Stealth Rock
|move|p1a: Skarmory|Brave Bird|p2a: Hydreigon
|-damage|p2a: Hydreigon|172\/327
|-damage|p1a: Skarmory|296\/334 par|[from] recoil|[of] p2a: Hydreigon
|
|turn|7
|
|switch|p1a: Vaporeon|Vaporeon, F|333\/464
|move|p2a: Hydreigon|Flamethrower|p1a: Vaporeon
|-resisted|p1a: Vaporeon
|-damage|p1a: Vaporeon|292\/464
|
|-heal|p1a: Vaporeon|321\/464|[from] item: Leftovers
|turn|8
|
|switch|p2a: Mandibuzz|Mandibuzz, F|423\/423
|-damage|p2a: Mandibuzz|318\/423|[from] Stealth Rock
|move|p1a: Vaporeon|Scald|p2a: Mandibuzz
|-damage|p2a: Mandibuzz|231\/423
|-status|p2a: Mandibuzz|brn
|
|-heal|p2a: Mandibuzz|257\/423 brn|[from] item: Leftovers
|-heal|p1a: Vaporeon|350\/464|[from] item: Leftovers
|-damage|p2a: Mandibuzz|205\/423 brn|[from] brn
|turn|9
|
|switch|p1a: Manectric|Manectric, F|282\/282
|move|p2a: Mandibuzz|Roost|p2a: Mandibuzz
|-heal|p2a: Mandibuzz|417\/423 brn
|
|-heal|p2a: Mandibuzz|423\/423 brn|[from] item: Leftovers
|-damage|p2a: Mandibuzz|371\/423 brn|[from] brn
|turn|10
|
|switch|p2a: Vanimennus|Blissey, F, shiny|516\/664
|-damage|p2a: Vanimennus|433\/664|[from] Stealth Rock
|detailschange|p1a: Manectric|Manectric-Mega, F
|message|Manectric has Mega Evolved into Mega Manectric!
|-ability|p1a: Manectric|Intimidate|[of] p2a: Vanimennus
|-unboost|p2a: Vanimennus|atk|1
|move|p1a: Manectric|Thunderbolt|p2a: Vanimennus
|-damage|p2a: Vanimennus|319\/664
|
|-heal|p2a: Vanimennus|360\/664|[from] item: Leftovers
|turn|11
|
|move|p1a: Manectric|Volt Switch|p2a: Vanimennus
|-crit|p2a: Vanimennus
|-damage|p2a: Vanimennus|212\/664
|
|switch|p1a: Excadrill|Excadrill, F|373\/373
|-ability|p1a: Excadrill|Mold Breaker
|move|p2a: Vanimennus|Aromatherapy|p2a: Vanimennus
|-cureteam|p2a: Vanimennus|[from] move: Aromatherapy
|
|-heal|p2a: Vanimennus|253\/664|[from] item: Leftovers
|turn|12
|
|switch|p2a: Gliscor|Gliscor, F|354\/354
|-damage|p2a: Gliscor|310\/354|[from] Stealth Rock
|move|p1a: Excadrill|Iron Head|p2a: Gliscor
|-damage|p2a: Gliscor|202\/354
|
|-status|p2a: Gliscor|tox|[from] item: Toxic Orb
|turn|13
|
|switch|p1a: Skarmory|Skarmory, F|296\/334 par
|move|p2a: Gliscor|Earthquake|p1a: Skarmory
|-immune|p1a: Skarmory|[msg]
|
|-heal|p2a: Gliscor|246\/354 tox|[from] ability: Poison Heal
|turn|14
|
|switch|p1a: Manectric|Manectric-Mega, F|282\/282
|-ability|p1a: Manectric|Intimidate|[of] p2a: Gliscor
|-unboost|p2a: Gliscor|atk|1
|move|p2a: Gliscor|Taunt|p1a: Manectric
|-start|p1a: Manectric|move: Taunt
|
|-heal|p2a: Gliscor|290\/354 tox|[from] ability: Poison Heal
|turn|15
|
|move|p2a: Gliscor|Protect|p2a: Gliscor
|-singleturn|p2a: Gliscor|Protect
|move|p1a: Manectric|Hidden Power|p2a: Gliscor
|-activate|p2a: Gliscor|Protect
|
|-heal|p2a: Gliscor|334\/354 tox|[from] ability: Poison Heal
|turn|16
|
|move|p1a: Manectric|Thunderbolt|p2a: Gliscor
|-immune|p2a: Gliscor|[msg]
|move|p2a: Gliscor|Toxic|p1a: Manectric
|-status|p1a: Manectric|tox
|
|-damage|p1a: Manectric|265\/282 tox|[from] psn
|-heal|p2a: Gliscor|354\/354 tox|[from] ability: Poison Heal
|turn|17
|
|switch|p1a: Vaporeon|Vaporeon, F|350\/464
|move|p2a: Gliscor|Protect|p2a: Gliscor
|-fail|p2a: Gliscor
|
|-heal|p1a: Vaporeon|379\/464|[from] item: Leftovers
|turn|18
|
|move|p2a: Gliscor|Toxic|p1a: Vaporeon
|-status|p1a: Vaporeon|tox
|move|p1a: Vaporeon|Heal Bell|p1a: Vaporeon
|-cureteam|p1a: Vaporeon|[from] move: HealBell
|
|-heal|p1a: Vaporeon|408\/464|[from] item: Leftovers
|turn|19
|
|switch|p2a: Vanimennus|Blissey, F, shiny|253\/664
|-damage|p2a: Vanimennus|170\/664|[from] Stealth Rock
|switch|p1a: Skarmory|Skarmory, F|296\/334
|
|-heal|p2a: Vanimennus|211\/664|[from] item: Leftovers
|turn|20
|
|move|p1a: Skarmory|Brave Bird|p2a: Vanimennus
|-damage|p2a: Vanimennus|0 fnt
|-damage|p1a: Skarmory|226\/334|[from] recoil|[of] p2a: Vanimennus
|faint|p2a: Vanimennus
|
|
|switch|p2a: Hydreigon|Hydreigon, F, shiny|172\/327
|-damage|p2a: Hydreigon|132\/327|[from] Stealth Rock
|turn|21
|
|switch|p1a: Vaporeon|Vaporeon, F|408\/464
|move|p2a: Hydreigon|Draco Meteor|p1a: Vaporeon
|-damage|p1a: Vaporeon|215\/464
|-unboost|p2a: Hydreigon|spa|2
|
|-heal|p1a: Vaporeon|244\/464|[from] item: Leftovers
|turn|22
|
|switch|p2a: Mandibuzz|Mandibuzz, F|371\/423
|-damage|p2a: Mandibuzz|266\/423|[from] Stealth Rock
|move|p1a: Vaporeon|Scald|p2a: Mandibuzz
|-damage|p2a: Mandibuzz|169\/423
|-status|p2a: Mandibuzz|brn
|
|-heal|p2a: Mandibuzz|195\/423 brn|[from] item: Leftovers
|-heal|p1a: Vaporeon|273\/464|[from] item: Leftovers
|-damage|p2a: Mandibuzz|143\/423 brn|[from] brn
|turn|23
|
|switch|p1a: Manectric|Manectric-Mega, F|265\/282
|-ability|p1a: Manectric|Intimidate|[of] p2a: Mandibuzz
|-unboost|p2a: Mandibuzz|atk|1
|move|p2a: Mandibuzz|Roost|p2a: Mandibuzz
|-heal|p2a: Mandibuzz|355\/423 brn
|
|-heal|p2a: Mandibuzz|381\/423 brn|[from] item: Leftovers
|-damage|p2a: Mandibuzz|329\/423 brn|[from] brn
|turn|24
|
|move|p1a: Manectric|Thunderbolt|p2a: Mandibuzz
|-supereffective|p2a: Mandibuzz
|-damage|p2a: Mandibuzz|0 fnt
|faint|p2a: Mandibuzz
|
|
|switch|p2a: Lucario|Lucario, M|281\/281
|-damage|p2a: Lucario|273\/281|[from] Stealth Rock
|turn|25
|
|move|p1a: Manectric|Volt Switch|p2a: Lucario
|-crit|p2a: Lucario
|-damage|p2a: Lucario|3\/281
|chat|Shrui|loool
|chat|qpzm257|holy shit
|chat|qpzm257|that did a lot more than i thought
|
|switch|p1a: Skarmory|Skarmory, F|226\/334
|move|p2a: Lucario|Swords Dance|p2a: Lucario
|-boost|p2a: Lucario|atk|2
|
|turn|26
|
|move|p2a: Lucario|Close Combat|p1a: Skarmory
|-damage|p1a: Skarmory|0 fnt
|-damage|p2a: Lucario|0 fnt|[from] item: Rocky Helmet|[of] p1a: Skarmory
|faint|p1a: Skarmory
|faint|p2a: Lucario
|
|
|switch|p1a: Manectric|Manectric-Mega, F|265\/282
|switch|p2a: Mawile|Mawile, M|304\/304
|-damage|p2a: Mawile|285\/304|[from] Stealth Rock
|-ability|p1a: Manectric|Intimidate|[of] p2a: Mawile
|-fail|p2a: Mawile|unboost|Attack|[from] ability: Hyper Cutter|[of] p2a: Mawile
|turn|27
|
|detailschange|p2a: Mawile|Mawile-Mega, M
|message|Mawile has Mega Evolved into Mega Mawile!
|move|p1a: Manectric|Flamethrower|p2a: Mawile
|-supereffective|p2a: Mawile
|-damage|p2a: Mawile|17\/304
|move|p2a: Mawile|Swords Dance|p2a: Mawile
|-boost|p2a: Mawile|atk|2
|
|turn|28
|
|switch|p1a: Dragonite|Dragonite, M|324\/324
|move|p2a: Mawile|Sucker Punch|p1a: Dragonite
|-fail|p1a: Dragonite
|
|turn|29
|
|move|p1a: Dragonite|Extreme Speed|p2a: Mawile
|-crit|p2a: Mawile
|-resisted|p2a: Mawile
|-damage|p2a: Mawile|0 fnt
|faint|p2a: Mawile
|
|
|switch|p2a: Hydreigon|Hydreigon, F, shiny|132\/327
|-damage|p2a: Hydreigon|92\/327|[from] Stealth Rock
|turn|30
|
|move|p2a: Hydreigon|Flamethrower|p1a: Dragonite
|-resisted|p1a: Dragonite
|-damage|p1a: Dragonite|298\/324
|move|p1a: Dragonite|Dragon Dance|p1a: Dragonite
|-boost|p1a: Dragonite|atk|1
|-boost|p1a: Dragonite|spe|1
|
|turn|31
|-message|Shrui forfeited.
|
|win|qpzm257
|raw|Ladder updating...
|leave|Shrui
|player|p2
|raw|qpzm257's rating: 1522 &rarr; <strong>1538<\/strong><br \/>(+16 for winning)
|raw|Shrui's rating: 1444 &rarr; <strong>1433<\/strong><br \/>(-11 for losing)