|join|qpzm257
|join|Karxrida
|player|p1|qpzm257|101
|player|p2|Karxrida|266
|gametype|singles
|gen|6
|tier|OU
|rated
|clearpoke
|poke|p1|Vaporeon, F
|poke|p1|Dragonite, F
|poke|p1|Manectric, F
|poke|p1|Alakazam, M
|poke|p1|Excadrill, F
|poke|p1|Skarmory, F
|poke|p2|Deoxys-Defense
|poke|p2|Bisharp, F, shiny
|poke|p2|Aegislash, F, shiny
|poke|p2|Keldeo, shiny
|poke|p2|Landorus, M
|poke|p2|Rotom-Wash, shiny
|rule|Sleep Clause Mod: Limit one foe put to sleep
|rule|Species Clause: Limit one of each Pokemon
|rule|OHKO Clause: OHKO moves are banned
|rule|Moody Clause: Moody is banned
|rule|Evasion Moves Clause: Evasion moves are banned
|rule|Endless Battle Clause: Forcing endless battles is banned.
|rule|HP Percentage Mod: HP is reported as percentages
|teampreview
|
|start
|switch|p1a: Manectric|Manectric, F|282\/282
|switch|p2a: Lipid|Deoxys-Defense|297\/297
|-ability|p2a: Lipid|Pressure
|turn|1
|
|-formechange|p1a: Manectric|Manectric-Mega
|message|Manectric has Mega Evolved into Mega Manectric!
|-ability|p1a: Manectric|Intimidate|[of] p2a: Lipid
|-unboost|p2a: Lipid|atk|1
|move|p1a: Manectric|Thunderbolt|p2a: Lipid
|-crit|p2a: Lipid
|-damage|p2a: Lipid|120\/297
|-enditem|p2a: Lipid|Red Card|[of] p1a: Manectric
|drag|p1a: Dragonite|Dragonite, F|324\/324
|move|p2a: Lipid|Stealth Rock|p1a: Dragonite
|-sidestart|p1: qpzm257|move: Stealth Rock
|
|turn|2
|
|move|p2a: Lipid|Taunt|p1a: Dragonite
|-start|p1a: Dragonite|move: Taunt
|cant|p1a: Dragonite|move: Taunt|Dragon Dance
|
|turn|3
|
|move|p2a: Lipid|Spikes|p1a: Dragonite
|-sidestart|p1: qpzm257|Spikes
|move|p1a: Dragonite|Dragon Claw|p2a: Lipid
|-crit|p2a: Lipid
|-damage|p2a: Lipid|0 fnt
|faint|p2a: Lipid
|
|
|switch|p2a: Washington|Rotom-Wash, shiny|303\/303
|turn|4
|
|switch|p1a: Excadrill|Excadrill, F|373\/373
|-damage|p1a: Excadrill|327\/373|[from] Spikes
|-damage|p1a: Excadrill|316\/373|[from] Stealth Rock
|-ability|p1a: Excadrill|Mold Breaker
|move|p2a: Washington|Will-O-Wisp|p1a: Excadrill
|-status|p1a: Excadrill|brn
|
|-damage|p1a: Excadrill|270\/373 brn|[from] brn
|turn|5
|chat|Karxrida|Smart
|
|switch|p1a: Vaporeon|Vaporeon, F|464\/464
|-damage|p1a: Vaporeon|406\/464|[from] Spikes
|-damage|p1a: Vaporeon|348\/464|[from] Stealth Rock
|switch|p2a: Vorpal|Aegislash, F, shiny|261\/261
|-item|p2a: Vorpal|Air Balloon
|
|-heal|p1a: Vaporeon|377\/464|[from] item: Leftovers
|turn|6
|
|switch|p2a: Brony|Keldeo, shiny|323\/323
|move|p1a: Vaporeon|Heal Bell|p1a: Vaporeon
|-cureteam|p1a: Vaporeon|[from] move: HealBell
|
|-heal|p1a: Vaporeon|406\/464|[from] item: Leftovers
|turn|7
|
|move|p1a: Vaporeon|Protect|p1a: Vaporeon
|-singleturn|p1a: Vaporeon|Protect
|move|p2a: Brony|Secret Sword|p1a: Vaporeon
|-activate|p1a: Vaporeon|Protect
|
|-heal|p1a: Vaporeon|435\/464|[from] item: Leftovers
|turn|8
|
|switch|p1a: Skarmory|Skarmory, F|334\/334
|-damage|p1a: Skarmory|293\/334|[from] Stealth Rock
|move|p2a: Brony|Secret Sword|p1a: Skarmory
|-damage|p1a: Skarmory|158\/334
|
|turn|9
|
|switch|p2a: Devlin|Bisharp, F, shiny|290\/290
|move|p1a: Skarmory|Brave Bird|p2a: Devlin
|-crit|p2a: Devlin
|-resisted|p2a: Devlin
|-damage|p2a: Devlin|198\/290
|-damage|p1a: Skarmory|128\/334|[from] recoil|[of] p2a: Devlin
|
|turn|10
|
|move|p2a: Devlin|Knock Off|p1a: Skarmory
|-damage|p1a: Skarmory|10\/334
|-damage|p2a: Devlin|150\/290|[from] item: Rocky Helmet|[of] p1a: Skarmory
|-enditem|p1a: Skarmory|Rocky Helmet|[from] move: Knock Off|[of] p2a: Devlin
|move|p1a: Skarmory|Roost|p1a: Skarmory
|-heal|p1a: Skarmory|177\/334
|
|turn|11
|
|move|p2a: Devlin|Swords Dance|p2a: Devlin
|-boost|p2a: Devlin|atk|2
|move|p1a: Skarmory|Stealth Rock|p2a: Devlin
|-sidestart|p2: Karxrida|move: Stealth Rock
|
|turn|12
|
|move|p2a: Devlin|Knock Off|p1a: Skarmory
|-damage|p1a: Skarmory|6\/334
|move|p1a: Skarmory|Whirlwind|p2a: Devlin
|drag|p2a: Billy|Landorus, M|319\/319
|-damage|p2a: Billy|280\/319|[from] Stealth Rock
|
|turn|13
|
|move|p2a: Billy|Psychic|p1a: Skarmory
|-resisted|p1a: Skarmory
|-damage|p1a: Skarmory|0 fnt
|faint|p1a: Skarmory
|
|
|switch|p1a: Vaporeon|Vaporeon, F|435\/464
|-damage|p1a: Vaporeon|377\/464|[from] Spikes
|-damage|p1a: Vaporeon|319\/464|[from] Stealth Rock
|turn|14
|
|move|p2a: Billy|Earth Power|p1a: Vaporeon
|-damage|p1a: Vaporeon|147\/464
|move|p1a: Vaporeon|Scald|p2a: Billy
|-supereffective|p2a: Billy
|-damage|p2a: Billy|16\/319
|
|-heal|p1a: Vaporeon|176\/464|[from] item: Leftovers
|turn|15
|
|move|p1a: Vaporeon|Protect|p1a: Vaporeon
|-singleturn|p1a: Vaporeon|Protect
|move|p2a: Billy|Earth Power|p1a: Vaporeon
|-activate|p1a: Vaporeon|Protect
|
|-heal|p1a: Vaporeon|205\/464|[from] item: Leftovers
|turn|16
|
|move|p2a: Billy|Knock Off|p1a: Vaporeon
|-damage|p1a: Vaporeon|40\/464
|-enditem|p1a: Vaporeon|Leftovers|[from] move: Knock Off|[of] p2a: Billy
|-damage|p2a: Billy|0 fnt|[from] item: Life Orb
|faint|p2a: Billy
|move|p1a: Vaporeon|Wish|p1a: Vaporeon
|
|
|switch|p2a: Washington|Rotom-Wash, shiny|303\/303
|-damage|p2a: Washington|266\/303|[from] Stealth Rock
|turn|17
|
|move|p1a: Vaporeon|Protect|p1a: Vaporeon
|-singleturn|p1a: Vaporeon|Protect
|move|p2a: Washington|Will-O-Wisp|p1a: Vaporeon
|-activate|p1a: Vaporeon|Protect
|
|-heal|p1a: Vaporeon|272\/464|[from] move: Wish|[wisher] Vaporeon
|-heal|p2a: Washington|284\/303|[from] item: Leftovers
|turn|18
|
|move|p2a: Washington|Will-O-Wisp|p1a: Vaporeon
|-status|p1a: Vaporeon|brn
|move|p1a: Vaporeon|Wish|p1a: Vaporeon
|
|-heal|p2a: Washington|302\/303|[from] item: Leftovers
|-damage|p1a: Vaporeon|214\/464 brn|[from] brn
|turn|19
|
|move|p2a: Washington|Will-O-Wisp|p1a: Vaporeon
|-fail|p1a: Vaporeon|brn
|move|p1a: Vaporeon|Heal Bell|p1a: Vaporeon
|-cureteam|p1a: Vaporeon|[from] move: HealBell
|
|-heal|p1a: Vaporeon|446\/464|[from] move: Wish|[wisher] Vaporeon
|-heal|p2a: Washington|303\/303|[from] item: Leftovers
|turn|20
|
|switch|p1a: Alakazam|Alakazam, M|252\/252
|move|p2a: Washington|Will-O-Wisp|p1a: Alakazam
|-status|p1a: Alakazam|brn
|
|turn|21
|
|move|p1a: Alakazam|Focus Blast|p2a: Washington
|-damage|p2a: Washington|171\/303
|move|p2a: Washington|Volt Switch|p1a: Alakazam
|-damage|p1a: Alakazam|168\/252 brn
|
|switch|p2a: Devlin|Bisharp, F, shiny|150\/290
|-damage|p2a: Devlin|132\/290|[from] Stealth Rock
|
|turn|22
|
|move|p2a: Devlin|Sucker Punch|p1a: Alakazam
|-supereffective|p1a: Alakazam
|-damage|p1a: Alakazam|0 fnt
|faint|p1a: Alakazam
|
|
|switch|p1a: Excadrill|Excadrill, F|270\/373
|-damage|p1a: Excadrill|224\/373|[from] Spikes
|-damage|p1a: Excadrill|213\/373|[from] Stealth Rock
|-ability|p1a: Excadrill|Mold Breaker
|turn|23
|
|move|p2a: Devlin|Sucker Punch|p1a: Excadrill
|-damage|p1a: Excadrill|0 fnt
|faint|p1a: Excadrill
|
|
|switch|p1a: Vaporeon|Vaporeon, F|446\/464
|-damage|p1a: Vaporeon|388\/464|[from] Stealth Rock
|-damage|p1a: Vaporeon|330\/464|[from] Spikes
|turn|24
|
|switch|p2a: Washington|Rotom-Wash, shiny|171\/303
|-damage|p2a: Washington|134\/303|[from] Stealth Rock
|move|p1a: Vaporeon|Scald|p2a: Washington
|-resisted|p2a: Washington
|-damage|p2a: Washington|89\/303
|
|-heal|p2a: Washington|107\/303|[from] item: Leftovers
|turn|25
|
|move|p2a: Washington|Will-O-Wisp|p1a: Vaporeon
|-status|p1a: Vaporeon|brn
|move|p1a: Vaporeon|Scald|p2a: Washington
|-resisted|p2a: Washington
|-damage|p2a: Washington|62\/303
|-status|p2a: Washington|brn
|
|-heal|p2a: Washington|80\/303 brn|[from] item: Leftovers
|-damage|p2a: Washington|43\/303 brn|[from] brn
|-damage|p1a: Vaporeon|272\/464 brn|[from] brn
|turn|26
|
|move|p2a: Washington|Pain Split|p1a: Vaporeon
|-sethp|p1a: Vaporeon|157\/464 brn|p2a: Washington|157\/303 brn|[from] move: Pain Split
|move|p1a: Vaporeon|Wish|p1a: Vaporeon
|
|-heal|p2a: Washington|175\/303 brn|[from] item: Leftovers
|-damage|p2a: Washington|138\/303 brn|[from] brn
|-damage|p1a: Vaporeon|99\/464 brn|[from] brn
|turn|27
|
|switch|p1a: Dragonite|Dragonite, F|324\/324
|-damage|p1a: Dragonite|243\/324|[from] Stealth Rock
|move|p2a: Washington|Volt Switch|p1a: Dragonite
|-damage|p1a: Dragonite|159\/324
|
|switch|p2a: Brony|Keldeo, shiny|323\/323
|-damage|p2a: Brony|303\/323|[from] Stealth Rock
|
|-heal|p1a: Dragonite|324\/324|[from] move: Wish|[wisher] Vaporeon
|turn|28
|
|move|p2a: Brony|Icy Wind|p1a: Dragonite
|-supereffective|p1a: Dragonite
|-damage|p1a: Dragonite|116\/324
|-enditem|p1a: Dragonite|Weakness Policy
|-boost|p1a: Dragonite|atk|2|[from] item: Weakness Policy
|-boost|p1a: Dragonite|spa|2|[from] item: Weakness Policy
|-unboost|p1a: Dragonite|spe|1
|move|p1a: Dragonite|Dragon Dance|p1a: Dragonite
|-boost|p1a: Dragonite|atk|1
|-boost|p1a: Dragonite|spe|1
|
|turn|29
|
|move|p1a: Dragonite|Extreme Speed|p2a: Brony
|-damage|p2a: Brony|19\/323
|move|p2a: Brony|Icy Wind|p1a: Dragonite
|-supereffective|p1a: Dragonite
|-damage|p1a: Dragonite|0 fnt
|faint|p1a: Dragonite
|
|
|switch|p1a: Manectric|Manectric, F|282\/282
|-formechange|p1a: Manectric|Manectric-Mega
|-damage|p1a: Manectric|247\/282|[from] Spikes
|-damage|p1a: Manectric|212\/282|[from] Stealth Rock
|-ability|p1a: Manectric|Intimidate|[of] p2a: Brony
|-unboost|p2a: Brony|atk|1
|turn|30
|
|move|p1a: Manectric|Flamethrower|p2a: Brony
|-resisted|p2a: Brony
|-damage|p2a: Brony|0 fnt
|faint|p2a: Brony
|
|
|switch|p2a: Devlin|Bisharp, F, shiny|132\/290
|-damage|p2a: Devlin|114\/290|[from] Stealth Rock
|turn|31
|
|move|p2a: Devlin|Sucker Punch|p1a: Manectric
|-damage|p1a: Manectric|0 fnt
|faint|p1a: Manectric
|
|
|switch|p1a: Vaporeon|Vaporeon, F|99\/464 brn
|-damage|p1a: Vaporeon|41\/464 brn|[from] Spikes
|-damage|p1a: Vaporeon|0 fnt|[from] Stealth Rock
|faint|p1a: Vaporeon
|
|win|Karxrida
|raw|Ladder updating...
|raw|qpzm257's rating: 1665 &rarr; <strong>1644<\/strong><br \/>(-21 for losing)
|raw|Karxrida's rating: 1652 &rarr; <strong>1672<\/strong><br \/>(+20 for winning)
|leave|qpzm257
|player|p1