|join|qpzm257
|join|Surplus Princess S
|player|p1|qpzm257|101
|player|p2|Surplus Princess S|249
|gametype|singles
|gen|6
|tier|OU
|rated
|clearpoke
|poke|p1|Vaporeon, F
|poke|p1|Dragonite, F
|poke|p1|Manectric, F
|poke|p1|Alakazam, M
|poke|p1|Excadrill, F
|poke|p1|Skarmory, F
|poke|p2|Gastrodon, F, shiny
|poke|p2|Gothitelle, F
|poke|p2|Clefable, F, shiny
|poke|p2|Heatran, F, shiny
|poke|p2|Mew, shiny
|poke|p2|Slowbro, M, shiny
|rule|Swagger Clause: Swagger is banned
|rule|Baton Pass Clause: Limit one PokÃ©mon knowing Baton Pass
|rule|Sleep Clause Mod: Limit one foe put to sleep
|rule|Species Clause: Limit one of each PokÃ©mon
|rule|OHKO Clause: OHKO moves are banned
|rule|Moody Clause: Moody is banned
|rule|Evasion Moves Clause: Evasion moves are banned
|rule|Endless Battle Clause: Forcing endless battles is banned
|rule|HP Percentage Mod: HP is shown in percentages
|teampreview
|
|start
|switch|p1a: Manectric|Manectric, F|282\/282
|switch|p2a: Gastrodon|Gastrodon, F, shiny|425\/425
|turn|1
|
|switch|p1a: Vaporeon|Vaporeon, F|464\/464
|move|p2a: Gastrodon|Toxic|p1a: Vaporeon|[miss]
|-miss|p2a: Gastrodon|p1a: Vaporeon
|
|turn|2
|
|switch|p1a: Alakazam|Alakazam, M|252\/252
|switch|p2a: Gothitelle|Gothitelle, F|343\/343
|
|turn|3
|
|switch|p2a: Slowbro|Slowbro, M, shiny|393\/393
|move|p1a: Alakazam|Shadow Ball|p2a: Slowbro
|-supereffective|p2a: Slowbro
|-damage|p2a: Slowbro|159\/393
|
|turn|4
|
|switch|p2a: Heatran|Heatran, F, shiny|377\/377
|move|p1a: Alakazam|Energy Ball|p2a: Heatran
|-crit|p2a: Heatran
|-resisted|p2a: Heatran
|-damage|p2a: Heatran|351\/377
|
|-heal|p2a: Heatran|374\/377|[from] item: Leftovers
|turn|5
|
|switch|p1a: Vaporeon|Vaporeon, F|464\/464
|switch|p2a: Mew|Mew, shiny|403\/403
|
|turn|6
|
|switch|p2a: Gothitelle|Gothitelle, F|343\/343
|switch|p1a: Manectric|Manectric, F|282\/282
|
|turn|7
|
|switch|p2a: Gastrodon|Gastrodon, F, shiny|425\/425
|detailschange|p1a: Manectric|Manectric-Mega, F
|message|Manectric has Mega Evolved into Mega Manectric!
|-ability|p1a: Manectric|Intimidate|[of] p2a: Gastrodon
|-unboost|p2a: Gastrodon|atk|1
|move|p1a: Manectric|Overheat|p2a: Gastrodon
|-resisted|p2a: Gastrodon
|-damage|p2a: Gastrodon|324\/425
|-unboost|p1a: Manectric|spa|2
|
|-heal|p2a: Gastrodon|350\/425|[from] item: Leftovers
|turn|8
|
|switch|p1a: Skarmory|Skarmory, F|334\/334
|move|p2a: Gastrodon|Earth Power|p1a: Skarmory
|-immune|p1a: Skarmory|[msg]
|
|-heal|p2a: Gastrodon|376\/425|[from] item: Leftovers
|turn|9
|
|move|p1a: Skarmory|Stealth Rock|p2a: Gastrodon
|-sidestart|p2: Surplus Princess S|move: Stealth Rock
|move|p2a: Gastrodon|Scald|p1a: Skarmory
|-damage|p1a: Skarmory|225\/334
|
|-heal|p2a: Gastrodon|402\/425|[from] item: Leftovers
|turn|10
|
|move|p2a: Gastrodon|Toxic|p1a: Skarmory
|-fail|p1a: Skarmory
|move|p1a: Skarmory|Whirlwind|p2a: Gastrodon
|drag|p2a: Clefable|Clefable, F, shiny|393\/393
|
|turn|11
|
|switch|p1a: Vaporeon|Vaporeon, F|464\/464
|move|p2a: Clefable|Moonblast|p1a: Vaporeon
|-damage|p1a: Vaporeon|380\/464
|
|-heal|p1a: Vaporeon|409\/464|[from] item: Leftovers
|turn|12
|
|switch|p1a: Excadrill|Excadrill, F|373\/373
|-ability|p1a: Excadrill|Mold Breaker
|move|p2a: Clefable|Moonblast|p1a: Excadrill
|-resisted|p1a: Excadrill
|-damage|p1a: Excadrill|323\/373
|
|turn|13
|
|switch|p2a: Slowbro|Slowbro, M, shiny|290\/393
|-damage|p2a: Slowbro|241\/393|[from] Stealth Rock
|move|p1a: Excadrill|Earthquake|p2a: Slowbro
|-damage|p2a: Slowbro|112\/393
|
|turn|14
|
|detailschange|p2a: Slowbro|Slowbro-Mega, M, shiny
|message|Slowbro has Mega Evolved into Mega Slowbro!
|move|p1a: Excadrill|Earthquake|p2a: Slowbro
|-damage|p2a: Slowbro|13\/393
|move|p2a: Slowbro|Slack Off|p2a: Slowbro
|-heal|p2a: Slowbro|210\/393
|
|turn|15
|
|switch|p1a: Manectric|Manectric-Mega, F|282\/282
|-ability|p1a: Manectric|Intimidate|[of] p2a: Slowbro
|-unboost|p2a: Slowbro|atk|1
|move|p2a: Slowbro|Slack Off|p2a: Slowbro
|-heal|p2a: Slowbro|393\/393
|
|turn|16
|
|switch|p2a: Gastrodon|Gastrodon, F, shiny|402\/425
|-damage|p2a: Gastrodon|376\/425|[from] Stealth Rock
|move|p1a: Manectric|Thunderbolt|p2a: Gastrodon
|-immune|p2a: Gastrodon|[msg]
|
|-heal|p2a: Gastrodon|402\/425|[from] item: Leftovers
|turn|17
|
|switch|p1a: Vaporeon|Vaporeon, F|409\/464
|move|p2a: Gastrodon|Scald|p1a: Vaporeon
|-heal|p1a: Vaporeon|464\/464|[from] ability: Water Absorb|[of] p2a: Gastrodon
|
|-heal|p2a: Gastrodon|425\/425|[from] item: Leftovers
|turn|18
|
|switch|p1a: Alakazam|Alakazam, M|252\/252
|switch|p2a: Gothitelle|Gothitelle, F|343\/343
|-damage|p2a: Gothitelle|301\/343|[from] Stealth Rock
|
|turn|19
|
|switch|p2a: Heatran|Heatran, F, shiny|374\/377
|-damage|p2a: Heatran|327\/377|[from] Stealth Rock
|move|p1a: Alakazam|Shadow Ball|p2a: Heatran
|-damage|p2a: Heatran|263\/377
|
|-heal|p2a: Heatran|286\/377|[from] item: Leftovers
|turn|20
|
|switch|p1a: Vaporeon|Vaporeon, F|464\/464
|move|p2a: Heatran|Protect|p2a: Heatran
|-fail|p2a: Heatran
|
|-heal|p2a: Heatran|309\/377|[from] item: Leftovers
|turn|21
|
|switch|p1a: Excadrill|Excadrill, F|323\/373
|-ability|p1a: Excadrill|Mold Breaker
|move|p2a: Heatran|Protect|p2a: Heatran
|-fail|p2a: Heatran
|
|-heal|p2a: Heatran|332\/377|[from] item: Leftovers
|turn|22
|
|move|p2a: Heatran|Protect|p2a: Heatran
|-singleturn|p2a: Heatran|Protect
|move|p1a: Excadrill|Earthquake|p2a: Heatran
|-activate|p2a: Heatran|Protect
|
|-heal|p2a: Heatran|355\/377|[from] item: Leftovers
|turn|23
|
|switch|p2a: Slowbro|Slowbro-Mega, M, shiny|393\/393
|-damage|p2a: Slowbro|344\/393|[from] Stealth Rock
|move|p1a: Excadrill|Earthquake|p2a: Slowbro
|-damage|p2a: Slowbro|248\/393
|
|turn|24
|
|switch|p1a: Vaporeon|Vaporeon, F|464\/464
|move|p2a: Slowbro|Slack Off|p2a: Slowbro
|-heal|p2a: Slowbro|393\/393
|
|turn|25
|
|switch|p2a: Mew|Mew, shiny|403\/403
|-damage|p2a: Mew|353\/403|[from] Stealth Rock
|move|p1a: Vaporeon|Scald|p2a: Mew
|-damage|p2a: Mew|274\/403
|
|-heal|p2a: Mew|299\/403|[from] item: Leftovers
|turn|26
|
|move|p2a: Mew|Defog|p1a: Vaporeon
|-unboost|p1a: Vaporeon|evasion|1
|-sideend|p2: Surplus Princess S|Stealth Rock|[from] move: Defog|[of] p2a: Mew
|move|p1a: Vaporeon|Scald|p2a: Mew
|-damage|p2a: Mew|215\/403
|
|-heal|p2a: Mew|240\/403|[from] item: Leftovers
|turn|27
|
|switch|p1a: Skarmory|Skarmory, F|225\/334
|move|p2a: Mew|Knock Off|p1a: Skarmory
|-damage|p1a: Skarmory|178\/334
|-damage|p2a: Mew|173\/403|[from] item: Rocky Helmet|[of] p1a: Skarmory
|-enditem|p1a: Skarmory|Rocky Helmet|[from] move: Knock Off|[of] p2a: Mew
|
|-heal|p2a: Mew|198\/403|[from] item: Leftovers
|turn|28
|
|move|p2a: Mew|Soft-Boiled|p2a: Mew
|-heal|p2a: Mew|400\/403
|move|p1a: Skarmory|Brave Bird|p2a: Mew
|-damage|p2a: Mew|292\/403
|-damage|p1a: Skarmory|142\/334|[from] recoil|[of] p2a: Mew
|
|-heal|p2a: Mew|317\/403|[from] item: Leftovers
|turn|29
|
|move|p2a: Mew|Will-O-Wisp|p1a: Skarmory
|-status|p1a: Skarmory|brn
|move|p1a: Skarmory|Roost|p1a: Skarmory
|-heal|p1a: Skarmory|309\/334 brn
|
|-heal|p2a: Mew|342\/403|[from] item: Leftovers
|-damage|p1a: Skarmory|268\/334 brn|[from] brn
|turn|30
|
|switch|p2a: Heatran|Heatran, F, shiny|355\/377
|move|p1a: Skarmory|Stealth Rock|p2a: Heatran
|-sidestart|p2: Surplus Princess S|move: Stealth Rock
|
|-heal|p2a: Heatran|377\/377|[from] item: Leftovers
|-damage|p1a: Skarmory|227\/334 brn|[from] brn
|turn|31
|
|switch|p2a: Gothitelle|Gothitelle, F|301\/343
|-damage|p2a: Gothitelle|259\/343|[from] Stealth Rock
|switch|p1a: Vaporeon|Vaporeon, F|464\/464
|
|turn|32
|c|âqpzm257|finally got me
|
|move|p2a: Gothitelle|Trick|p1a: Vaporeon
|-activate|p2a: Gothitelle|move: Trick|[of] p1a: Vaporeon
|-item|p1a: Vaporeon|Choice Scarf|[from] move: Trick
|-item|p2a: Gothitelle|Leftovers|[from] move: Trick
|move|p1a: Vaporeon|Scald|p2a: Gothitelle
|-crit|p2a: Gothitelle
|-damage|p2a: Gothitelle|117\/343
|-status|p2a: Gothitelle|brn
|
|-heal|p2a: Gothitelle|138\/343 brn|[from] item: Leftovers
|-damage|p2a: Gothitelle|96\/343 brn|[from] brn
|turn|33
|
|switch|p2a: Gastrodon|Gastrodon, F, shiny|425\/425
|-damage|p2a: Gastrodon|399\/425|[from] Stealth Rock
|move|p1a: Vaporeon|Scald|p2a: Gastrodon
|-boost|p2a: Gastrodon|spa|1|[from] ability: Storm Drain
|
|-heal|p2a: Gastrodon|425\/425|[from] item: Leftovers
|turn|34
|
|switch|p1a: Skarmory|Skarmory, F|227\/334 brn
|move|p2a: Gastrodon|Scald|p1a: Skarmory
|-damage|p1a: Skarmory|62\/334 brn
|
|-damage|p1a: Skarmory|21\/334 brn|[from] brn
|turn|35
|
|switch|p2a: Mew|Mew, shiny|342\/403
|-damage|p2a: Mew|292\/403|[from] Stealth Rock
|move|p1a: Skarmory|Whirlwind|p2a: Mew
|drag|p2a: Slowbro|Slowbro-Mega, M, shiny|393\/393
|-damage|p2a: Slowbro|344\/393|[from] Stealth Rock
|
|-damage|p1a: Skarmory|0 fnt|[from] brn
|faint|p1a: Skarmory
|
|switch|p1a: Manectric|Manectric-Mega, F|282\/282
|-ability|p1a: Manectric|Intimidate|[of] p2a: Slowbro
|-unboost|p2a: Slowbro|atk|1
|turn|36
|
|switch|p1a: Alakazam|Alakazam, M|252\/252
|switch|p2a: Gastrodon|Gastrodon, F, shiny|425\/425
|-damage|p2a: Gastrodon|399\/425|[from] Stealth Rock
|
|-heal|p2a: Gastrodon|425\/425|[from] item: Leftovers
|turn|37
|
|switch|p2a: Heatran|Heatran, F, shiny|377\/377
|-damage|p2a: Heatran|330\/377|[from] Stealth Rock
|move|p1a: Alakazam|Focus Blast|p2a: Heatran
|-supereffective|p2a: Heatran
|-damage|p2a: Heatran|116\/377
|
|-heal|p2a: Heatran|139\/377|[from] item: Leftovers
|turn|38
|
|move|p2a: Heatran|Protect|p2a: Heatran
|-singleturn|p2a: Heatran|Protect
|move|p1a: Alakazam|Focus Blast|p2a: Heatran
|-activate|p2a: Heatran|Protect
|
|-heal|p2a: Heatran|162\/377|[from] item: Leftovers
|turn|39
|
|switch|p2a: Clefable|Clefable, F, shiny|393\/393
|move|p1a: Alakazam|Shadow Ball|p2a: Clefable
|-damage|p2a: Clefable|282\/393
|
|-heal|p2a: Clefable|306\/393|[from] item: Leftovers
|turn|40
|
|switch|p1a: Excadrill|Excadrill, F|323\/373
|-ability|p1a: Excadrill|Mold Breaker
|move|p2a: Clefable|Soft-Boiled|p2a: Clefable
|-heal|p2a: Clefable|393\/393
|
|turn|41
|
|switch|p2a: Slowbro|Slowbro-Mega, M, shiny|344\/393
|-damage|p2a: Slowbro|295\/393|[from] Stealth Rock
|move|p1a: Excadrill|Iron Head|p2a: Slowbro
|-resisted|p2a: Slowbro
|-damage|p2a: Slowbro|257\/393
|
|turn|42
|
|switch|p1a: Vaporeon|Vaporeon, F|464\/464
|move|p2a: Slowbro|Slack Off|p2a: Slowbro
|-heal|p2a: Slowbro|393\/393
|
|turn|43
|
|switch|p2a: Clefable|Clefable, F, shiny|393\/393
|move|p1a: Vaporeon|Wish|p1a: Vaporeon
|
|turn|44
|
|switch|p1a: Dragonite|Dragonite, F|323\/323
|switch|p2a: Gastrodon|Gastrodon, F, shiny|425\/425
|-damage|p2a: Gastrodon|399\/425|[from] Stealth Rock
|
|-heal|p2a: Gastrodon|425\/425|[from] item: Leftovers
|turn|45
|
|switch|p1a: Vaporeon|Vaporeon, F|464\/464
|move|p2a: Gastrodon|Scald|p1a: Vaporeon
|-immune|p1a: Vaporeon|[msg]
|
|turn|46
|
|switch|p2a: Gothitelle|Gothitelle, F|96\/343 brn
|-damage|p2a: Gothitelle|54\/343 brn|[from] Stealth Rock
|move|p1a: Vaporeon|Wish|p1a: Vaporeon
|
|-heal|p2a: Gothitelle|75\/343 brn|[from] item: Leftovers
|-damage|p2a: Gothitelle|33\/343 brn|[from] brn
|turn|47
|
|move|p1a: Vaporeon|Wish|p1a: Vaporeon
|-fail|p1a: Vaporeon
|move|p2a: Gothitelle|Rest|p2a: Gothitelle
|-status|p2a: Gothitelle|slp
|-heal|p2a: Gothitelle|343\/343 slp|[silent]
|-status|p2a: Gothitelle|slp|[from] move: Rest
|
|turn|48
|
|move|p1a: Vaporeon|Wish|p1a: Vaporeon
|cant|p2a: Gothitelle|slp
|
|turn|49
|
|move|p1a: Vaporeon|Wish|p1a: Vaporeon
|-fail|p1a: Vaporeon
|cant|p2a: Gothitelle|slp
|
|turn|50
|
|move|p1a: Vaporeon|Wish|p1a: Vaporeon
|-curestatus|p2a: Gothitelle|slp
|move|p2a: Gothitelle|Calm Mind|p2a: Gothitelle
|-boost|p2a: Gothitelle|spa|1
|-boost|p2a: Gothitelle|spd|1
|
|turn|51
|
|move|p1a: Vaporeon|Wish|p1a: Vaporeon
|-fail|p1a: Vaporeon
|move|p2a: Gothitelle|Calm Mind|p2a: Gothitelle
|-boost|p2a: Gothitelle|spa|1
|-boost|p2a: Gothitelle|spd|1
|
|turn|52
|
|move|p1a: Vaporeon|Wish|p1a: Vaporeon
|move|p2a: Gothitelle|Calm Mind|p2a: Gothitelle
|-boost|p2a: Gothitelle|spa|1
|-boost|p2a: Gothitelle|spd|1
|
|turn|53
|
|move|p1a: Vaporeon|Wish|p1a: Vaporeon
|-fail|p1a: Vaporeon
|move|p2a: Gothitelle|Calm Mind|p2a: Gothitelle
|-boost|p2a: Gothitelle|spa|1
|-boost|p2a: Gothitelle|spd|1
|
|turn|54
|
|move|p1a: Vaporeon|Wish|p1a: Vaporeon
|move|p2a: Gothitelle|Calm Mind|p2a: Gothitelle
|-boost|p2a: Gothitelle|spa|1
|-boost|p2a: Gothitelle|spd|1
|
|turn|55
|
|move|p1a: Vaporeon|Wish|p1a: Vaporeon
|-fail|p1a: Vaporeon
|move|p2a: Gothitelle|Calm Mind|p2a: Gothitelle
|-boost|p2a: Gothitelle|spa|1
|-boost|p2a: Gothitelle|spd|1
|
|turn|56
|
|move|p1a: Vaporeon|Wish|p1a: Vaporeon
|move|p2a: Gothitelle|Psychic|p1a: Vaporeon
|-damage|p1a: Vaporeon|149\/464
|
|turn|57
|
|move|p1a: Vaporeon|Wish|p1a: Vaporeon
|-fail|p1a: Vaporeon
|move|p2a: Gothitelle|Psychic|p1a: Vaporeon
|-damage|p1a: Vaporeon|0 fnt
|faint|p1a: Vaporeon
|
|
|switch|p1a: Excadrill|Excadrill, F|323\/373
|-ability|p1a: Excadrill|Mold Breaker
|turn|58
|
|move|p1a: Excadrill|Iron Head|p2a: Gothitelle
|-damage|p2a: Gothitelle|175\/343
|cant|p2a: Gothitelle|flinch
|
|-heal|p2a: Gothitelle|196\/343|[from] item: Leftovers
|turn|59
|
|move|p1a: Excadrill|Iron Head|p2a: Gothitelle
|-crit|p2a: Gothitelle
|-damage|p2a: Gothitelle|0 fnt
|faint|p2a: Gothitelle
|
|
|switch|p2a: Gastrodon|Gastrodon, F, shiny|425\/425
|-damage|p2a: Gastrodon|399\/425|[from] Stealth Rock
|turn|60
|
|switch|p1a: Dragonite|Dragonite, F|323\/323
|move|p2a: Gastrodon|Scald|p1a: Dragonite
|-resisted|p1a: Dragonite
|-damage|p1a: Dragonite|301\/323
|-status|p1a: Dragonite|brn
|
|-heal|p2a: Gastrodon|425\/425|[from] item: Leftovers
|-damage|p1a: Dragonite|261\/323 brn|[from] brn
|turn|61
|join|iFenrear
|
|switch|p1a: Manectric|Manectric-Mega, F|282\/282
|-ability|p1a: Manectric|Intimidate|[of] p2a: Gastrodon
|-unboost|p2a: Gastrodon|atk|1
|switch|p2a: Clefable|Clefable, F, shiny|393\/393
|
|turn|62
|c| iFenrear|Ur team makes me sad :(
|
|move|p1a: Manectric|Volt Switch|p2a: Clefable
|-damage|p2a: Clefable|257\/393
|
|switch|p1a: Excadrill|Excadrill, F|323\/373
|-ability|p1a: Excadrill|Mold Breaker
|move|p2a: Clefable|Moonblast|p1a: Excadrill
|-resisted|p1a: Excadrill
|-damage|p1a: Excadrill|273\/373
|
|-heal|p2a: Clefable|281\/393|[from] item: Leftovers
|turn|63
|
|switch|p1a: Alakazam|Alakazam, M|252\/252
|switch|p2a: Slowbro|Slowbro-Mega, M, shiny|393\/393
|-damage|p2a: Slowbro|344\/393|[from] Stealth Rock
|
|turn|64
|
|switch|p2a: Gastrodon|Gastrodon, F, shiny|425\/425
|-damage|p2a: Gastrodon|399\/425|[from] Stealth Rock
|move|p1a: Alakazam|Shadow Ball|p2a: Gastrodon
|-damage|p2a: Gastrodon|277\/425
|
|-heal|p2a: Gastrodon|303\/425|[from] item: Leftovers
|turn|65
|c|âqpzm257|which one?
|
|move|p1a: Alakazam|Energy Ball|p2a: Gastrodon
|-supereffective|p2a: Gastrodon
|-damage|p2a: Gastrodon|0 fnt
|faint|p2a: Gastrodon
|
|c| iFenrear|that one u use
|c| iFenrear|:(
|c|âqpzm257|mine?
|
|switch|p2a: Mew|Mew, shiny|292\/403
|-damage|p2a: Mew|242\/403|[from] Stealth Rock
|turn|66
|c|âqpzm257|his is making me sad right now
|
|switch|p1a: Dragonite|Dragonite, F|261\/323 brn
|move|p2a: Mew|Soft-Boiled|p2a: Mew
|-heal|p2a: Mew|403\/403
|
|-damage|p1a: Dragonite|221\/323 brn|[from] brn
|turn|67
|c|âSurplus Princess S|gothitelle should have beaten excadrill
|c|âSurplus Princess S|flinch + crit
|
|move|p2a: Mew|Defog|p1a: Dragonite
|-unboost|p1a: Dragonite|evasion|1
|-sideend|p2: Surplus Princess S|Stealth Rock|[from] move: Defog|[of] p2a: Mew
|move|p1a: Dragonite|Dragon Claw|p2a: Mew
|-damage|p2a: Mew|328\/403
|
|-heal|p2a: Mew|353\/403|[from] item: Leftovers
|-damage|p1a: Dragonite|181\/323 brn|[from] brn
|turn|68
|
|switch|p2a: Clefable|Clefable, F, shiny|281\/393
|move|p1a: Dragonite|Dragon Dance|p1a: Dragonite
|-boost|p1a: Dragonite|atk|1
|-boost|p1a: Dragonite|spe|1
|
|-heal|p2a: Clefable|305\/393|[from] item: Leftovers
|-damage|p1a: Dragonite|141\/323 brn|[from] brn
|turn|69
|
|move|p1a: Dragonite|Extreme Speed|p2a: Clefable
|-damage|p2a: Clefable|229\/393
|move|p2a: Clefable|Soft-Boiled|p2a: Clefable
|-heal|p2a: Clefable|393\/393
|
|-damage|p1a: Dragonite|101\/323 brn|[from] brn
|turn|70
|
|move|p1a: Dragonite|Extreme Speed|p2a: Clefable
|-damage|p2a: Clefable|328\/393
|move|p2a: Clefable|Moonblast|p1a: Dragonite
|-supereffective|p1a: Dragonite
|-damage|p1a: Dragonite|0 fnt
|faint|p1a: Dragonite
|
|-heal|p2a: Clefable|352\/393|[from] item: Leftovers
|
|switch|p1a: Excadrill|Excadrill, F|273\/373
|-ability|p1a: Excadrill|Mold Breaker
|turn|71
|
|switch|p1a: Manectric|Manectric-Mega, F|282\/282
|-ability|p1a: Manectric|Intimidate|[of] p2a: Clefable
|-unboost|p2a: Clefable|atk|1
|switch|p2a: Mew|Mew, shiny|353\/403
|
|-heal|p2a: Mew|378\/403|[from] item: Leftovers
|turn|72
|c|âqpzm257|wow, you don't have any losses. Impressive
|c|âqpzm257|I won't feel too bad if I lose this
|c| iFenrear|haha
|
|move|p1a: Manectric|Volt Switch|p2a: Mew
|-crit|p2a: Mew
|-damage|p2a: Mew|215\/403
|c|âSurplus Princess S|zzz
|
|switch|p1a: Alakazam|Alakazam, M|252\/252
|move|p2a: Mew|Will-O-Wisp|p1a: Alakazam
|-status|p1a: Alakazam|brn
|
|-heal|p2a: Mew|240\/403|[from] item: Leftovers
|turn|73
|c| iFenrear|:v Yea shes really good
|c|âqpzm257|do you know her?
|c|âSurplus Princess S|inb4 crit
|
|switch|p2a: Clefable|Clefable, F, shiny|352\/393
|move|p1a: Alakazam|Shadow Ball|p2a: Clefable
|-damage|p2a: Clefable|243\/393
|-unboost|p2a: Clefable|spd|1
|
|-heal|p2a: Clefable|267\/393|[from] item: Leftovers
|turn|74
|
|switch|p1a: Manectric|Manectric-Mega, F|282\/282
|-ability|p1a: Manectric|Intimidate|[of] p2a: Clefable
|-unboost|p2a: Clefable|atk|1
|switch|p2a: Heatran|Heatran, F, shiny|162\/377
|
|-heal|p2a: Heatran|185\/377|[from] item: Leftovers
|turn|75
|join|Here to Stay
|
|move|p1a: Manectric|Volt Switch|p2a: Heatran
|-damage|p2a: Heatran|91\/377
|
|switch|p1a: Excadrill|Excadrill, F|273\/373
|-ability|p1a: Excadrill|Mold Breaker
|move|p2a: Heatran|Lava Plume|p1a: Excadrill
|-supereffective|p1a: Excadrill
|-damage|p1a: Excadrill|55\/373
|
|-heal|p2a: Heatran|114\/377|[from] item: Leftovers
|turn|76
|
|move|p2a: Heatran|Protect|p2a: Heatran
|-singleturn|p2a: Heatran|Protect
|move|p1a: Excadrill|Earthquake|p2a: Heatran
|-activate|p2a: Heatran|Protect
|
|-heal|p2a: Heatran|137\/377|[from] item: Leftovers
|turn|77
|
|switch|p1a: Manectric|Manectric-Mega, F|282\/282
|-ability|p1a: Manectric|Intimidate|[of] p2a: Heatran
|-unboost|p2a: Heatran|atk|1
|switch|p2a: Slowbro|Slowbro-Mega, M, shiny|344\/393
|
|turn|78
|c| iFenrear|not in real life
|c| iFenrear|lol
|c| iFenrear|I gtg
|c| iFenrear|Peace :D
|leave|iFenrear
|
|move|p1a: Manectric|Thunderbolt|p2a: Slowbro
|-supereffective|p2a: Slowbro
|-damage|p2a: Slowbro|0 fnt
|faint|p2a: Slowbro
|
|
|switch|p2a: Mew|Mew, shiny|240\/403
|turn|79
|
|move|p1a: Manectric|Thunderbolt|p2a: Mew
|-damage|p2a: Mew|102\/403
|move|p2a: Mew|Soft-Boiled|p2a: Mew
|-heal|p2a: Mew|304\/403
|
|-heal|p2a: Mew|329\/403|[from] item: Leftovers
|turn|80
|
|move|p1a: Manectric|Thunderbolt|p2a: Mew
|-damage|p2a: Mew|208\/403
|-status|p2a: Mew|par
|move|p2a: Mew|Knock Off|p1a: Manectric
|-damage|p1a: Manectric|214\/282
|
|-heal|p2a: Mew|233\/403 par|[from] item: Leftovers
|turn|81
|
|move|p1a: Manectric|Thunderbolt|p2a: Mew
|-damage|p2a: Mew|100\/403 par
|move|p2a: Mew|Soft-Boiled|p2a: Mew
|-heal|p2a: Mew|302\/403 par
|
|-heal|p2a: Mew|327\/403 par|[from] item: Leftovers
|turn|82
|
|move|p1a: Manectric|Thunderbolt|p2a: Mew
|-damage|p2a: Mew|198\/403 par
|move|p2a: Mew|Will-O-Wisp|p1a: Manectric
|-status|p1a: Manectric|brn
|
|-heal|p2a: Mew|223\/403 par|[from] item: Leftovers
|-damage|p1a: Manectric|179\/282 brn|[from] brn
|turn|83
|
|move|p1a: Manectric|Volt Switch|p2a: Mew
|-damage|p2a: Mew|115\/403 par
|
|switch|p1a: Alakazam|Alakazam, M|252\/252 brn
|cant|p2a: Mew|par
|
|-heal|p2a: Mew|140\/403 par|[from] item: Leftovers
|turn|84
|
|move|p1a: Alakazam|Shadow Ball|p2a: Mew
|-supereffective|p2a: Mew
|-damage|p2a: Mew|0 fnt
|faint|p2a: Mew
|
|leave|Here to Stay
|join|Here to Stay
|
|switch|p2a: Clefable|Clefable, F, shiny|267\/393
|turn|85
|
|move|p1a: Alakazam|Shadow Ball|p2a: Clefable
|-damage|p2a: Clefable|161\/393
|move|p2a: Clefable|Soft-Boiled|p2a: Clefable
|-heal|p2a: Clefable|358\/393
|
|-heal|p2a: Clefable|382\/393|[from] item: Leftovers
|turn|86
|
|move|p1a: Alakazam|Shadow Ball|p2a: Clefable
|-damage|p2a: Clefable|280\/393
|-unboost|p2a: Clefable|spd|1
|move|p2a: Clefable|Calm Mind|p2a: Clefable
|-boost|p2a: Clefable|spa|1
|-boost|p2a: Clefable|spd|1
|
|-heal|p2a: Clefable|304\/393|[from] item: Leftovers
|turn|87
|
|move|p1a: Alakazam|Shadow Ball|p2a: Clefable
|-damage|p2a: Clefable|198\/393
|move|p2a: Clefable|Soft-Boiled|p2a: Clefable
|-heal|p2a: Clefable|393\/393
|
|turn|88
|
|move|p1a: Alakazam|Shadow Ball|p2a: Clefable
|-crit|p2a: Clefable
|-damage|p2a: Clefable|230\/393
|move|p2a: Clefable|Calm Mind|p2a: Clefable
|-boost|p2a: Clefable|spa|1
|-boost|p2a: Clefable|spd|1
|
|-heal|p2a: Clefable|254\/393|[from] item: Leftovers
|turn|89
|
|switch|p1a: Excadrill|Excadrill, F|55\/373
|-ability|p1a: Excadrill|Mold Breaker
|move|p2a: Clefable|Soft-Boiled|p2a: Clefable
|-heal|p2a: Clefable|393\/393
|
|turn|90
|
|switch|p2a: Heatran|Heatran, F, shiny|137\/377
|move|p1a: Excadrill|Iron Head|p2a: Heatran
|-resisted|p2a: Heatran
|-damage|p2a: Heatran|97\/377
|
|-heal|p2a: Heatran|120\/377|[from] item: Leftovers
|turn|91
|
|move|p1a: Excadrill|Earthquake|p2a: Heatran
|-supereffective|p2a: Heatran
|-damage|p2a: Heatran|0 fnt
|faint|p2a: Heatran
|
|
|switch|p2a: Clefable|Clefable, F, shiny|393\/393
|turn|92
|
|move|p1a: Excadrill|Iron Head|p2a: Clefable
|-supereffective|p2a: Clefable
|-damage|p2a: Clefable|91\/393
|move|p2a: Clefable|Flamethrower|p1a: Excadrill
|-supereffective|p1a: Excadrill
|-damage|p1a: Excadrill|0 fnt
|faint|p1a: Excadrill
|
|-heal|p2a: Clefable|115\/393|[from] item: Leftovers
|
|switch|p1a: Manectric|Manectric-Mega, F|179\/282 brn
|-ability|p1a: Manectric|Intimidate|[of] p2a: Clefable
|-unboost|p2a: Clefable|atk|1
|turn|93
|
|move|p1a: Manectric|Thunderbolt|p2a: Clefable
|-damage|p2a: Clefable|0 fnt
|faint|p2a: Clefable
|
|win|qpzm257
|raw|Ladder updating...
|raw|qpzm257's rating: 1446 &rarr; <strong>1466<\/strong><br \/>(+20 for winning)
|raw|Surplus Princess S's rating: 1444 &rarr; <strong>1424<\/strong><br \/>(-20 for losing)
|c|âqpzm257|gg
|c|âSurplus Princess S|piece of shit
|player|p2|Guest 2314|249
|leave|Guest 2314
|player|p2
|c|âqpzm257|that was the best battle I've had in a while