|join|Mr. Mojo Risin
|join|qpzm257
|player|p1|Mr. Mojo Risin|209
|player|p2|qpzm257|101
|gametype|singles
|gen|6
|tier|OU
|rated
|clearpoke
|poke|p1|Bisharp, F
|poke|p1|Gengar, F
|poke|p1|Galvantula, M
|poke|p1|Gardevoir, M
|poke|p1|Starmie
|poke|p1|Skarmory, M
|poke|p2|Vaporeon, F
|poke|p2|Dragonite, M
|poke|p2|Manectric, F
|poke|p2|Alakazam, M
|poke|p2|Excadrill, F
|poke|p2|Skarmory, F
|rule|Swagger Clause: Swagger is banned
|rule|Baton Pass Clause: Limit one PokÃ©mon knowing Baton Pass
|rule|Sleep Clause Mod: Limit one foe put to sleep
|rule|Species Clause: Limit one of each PokÃ©mon
|rule|OHKO Clause: OHKO moves are banned
|rule|Moody Clause: Moody is banned
|rule|Evasion Moves Clause: Evasion moves are banned
|rule|Endless Battle Clause: Forcing endless battles is banned
|rule|HP Percentage Mod: HP is shown in percentages
|teampreview
|
|start
|switch|p1a: Galvantula|Galvantula, M|281\/281
|switch|p2a: Excadrill|Excadrill, F|373\/373
|-ability|p2a: Excadrill|Mold Breaker
|turn|1
|
|move|p1a: Galvantula|Sticky Web|p2a: Excadrill
|-sidestart|p2: qpzm257|move: Sticky Web
|move|p2a: Excadrill|Earthquake|p1a: Galvantula
|-damage|p1a: Galvantula|1\/281
|
|turn|2
|
|move|p1a: Galvantula|Giga Drain|p2a: Excadrill
|-damage|p2a: Excadrill|308\/373
|-heal|p1a: Galvantula|34\/281|[from] drain|[of] p2a: Excadrill
|move|p2a: Excadrill|Rapid Spin|p1a: Galvantula
|-damage|p1a: Galvantula|0 fnt
|-sideend|p2: qpzm257|Sticky Web|[from] move: Rapid Spin|[of] p2a: Excadrill
|faint|p1a: Galvantula
|
|
|switch|p1a: Starmie|Starmie|262\/262
|turn|3
|
|switch|p2a: Vaporeon|Vaporeon, F|464\/464
|move|p1a: Starmie|Scald|p2a: Vaporeon
|-immune|p2a: Vaporeon|[msg]
|
|turn|4
|
|move|p1a: Starmie|Psyshock|p2a: Vaporeon
|-damage|p2a: Vaporeon|289\/464
|move|p2a: Vaporeon|Scald|p1a: Starmie
|-resisted|p1a: Starmie
|-damage|p1a: Starmie|207\/262
|
|-heal|p1a: Starmie|223\/262|[from] item: Leftovers
|-heal|p2a: Vaporeon|318\/464|[from] item: Leftovers
|turn|5
|
|move|p1a: Starmie|Psyshock|p2a: Vaporeon
|-damage|p2a: Vaporeon|153\/464
|move|p2a: Vaporeon|Wish|p2a: Vaporeon
|
|-heal|p1a: Starmie|239\/262|[from] item: Leftovers
|-heal|p2a: Vaporeon|182\/464|[from] item: Leftovers
|turn|6
|
|switch|p1a: Gengar|Gengar, F|262\/262
|move|p2a: Vaporeon|Scald|p1a: Gengar
|-damage|p1a: Gengar|136\/262
|-status|p1a: Gengar|brn
|
|-heal|p2a: Vaporeon|414\/464|[from] move: Wish|[wisher] Vaporeon
|-heal|p2a: Vaporeon|443\/464|[from] item: Leftovers
|-damage|p1a: Gengar|104\/262 brn|[from] brn
|turn|7
|
|move|p2a: Vaporeon|Protect|p2a: Vaporeon
|-singleturn|p2a: Vaporeon|Protect
|move|p1a: Gengar|Substitute|p1a: Gengar
|-start|p1a: Gengar|Substitute
|-damage|p1a: Gengar|39\/262 brn
|
|-heal|p2a: Vaporeon|464\/464|[from] item: Leftovers
|-damage|p1a: Gengar|7\/262 brn|[from] brn
|turn|8
|
|move|p1a: Gengar|Pain Split|p2a: Vaporeon
|-sethp|p2a: Vaporeon|235\/464|p1a: Gengar|235\/262 brn|[from] move: Pain Split
|move|p2a: Vaporeon|Wish|p2a: Vaporeon
|
|-heal|p2a: Vaporeon|264\/464|[from] item: Leftovers
|-damage|p1a: Gengar|203\/262 brn|[from] brn
|turn|9
|
|move|p1a: Gengar|Shadow Ball|p2a: Vaporeon
|-damage|p2a: Vaporeon|131\/464
|-damage|p1a: Gengar|177\/262 brn|[from] item: Life Orb
|move|p2a: Vaporeon|Scald|p1a: Gengar
|-end|p1a: Gengar|Substitute
|
|-heal|p2a: Vaporeon|363\/464|[from] move: Wish|[wisher] Vaporeon
|-heal|p2a: Vaporeon|392\/464|[from] item: Leftovers
|-damage|p1a: Gengar|145\/262 brn|[from] brn
|turn|10
|
|move|p1a: Gengar|Substitute|p1a: Gengar
|-start|p1a: Gengar|Substitute
|-damage|p1a: Gengar|80\/262 brn
|move|p2a: Vaporeon|Scald|p1a: Gengar
|-end|p1a: Gengar|Substitute
|
|-heal|p2a: Vaporeon|421\/464|[from] item: Leftovers
|-damage|p1a: Gengar|48\/262 brn|[from] brn
|turn|11
|
|move|p1a: Gengar|Pain Split|p2a: Vaporeon
|-sethp|p2a: Vaporeon|234\/464|p1a: Gengar|234\/262 brn|[from] move: Pain Split
|move|p2a: Vaporeon|Wish|p2a: Vaporeon
|
|-heal|p2a: Vaporeon|263\/464|[from] item: Leftovers
|-damage|p1a: Gengar|202\/262 brn|[from] brn
|turn|12
|
|move|p1a: Gengar|Substitute|p1a: Gengar
|-start|p1a: Gengar|Substitute
|-damage|p1a: Gengar|137\/262 brn
|move|p2a: Vaporeon|Scald|p1a: Gengar
|-end|p1a: Gengar|Substitute
|
|-heal|p2a: Vaporeon|464\/464|[from] move: Wish|[wisher] Vaporeon
|-damage|p1a: Gengar|105\/262 brn|[from] brn
|turn|13
|
|move|p1a: Gengar|Substitute|p1a: Gengar
|-start|p1a: Gengar|Substitute
|-damage|p1a: Gengar|40\/262 brn
|move|p2a: Vaporeon|Scald|p1a: Gengar
|-end|p1a: Gengar|Substitute
|
|-damage|p1a: Gengar|8\/262 brn|[from] brn
|turn|14
|
|move|p2a: Vaporeon|Protect|p2a: Vaporeon
|-singleturn|p2a: Vaporeon|Protect
|move|p1a: Gengar|Pain Split|p2a: Vaporeon
|-activate|p2a: Vaporeon|Protect
|
|-damage|p1a: Gengar|0 fnt|[from] brn
|faint|p1a: Gengar
|
|switch|p1a: Starmie|Starmie|239\/262
|turn|15
|
|move|p1a: Starmie|Psyshock|p2a: Vaporeon
|-damage|p2a: Vaporeon|278\/464
|move|p2a: Vaporeon|Scald|p1a: Starmie
|-resisted|p1a: Starmie
|-damage|p1a: Starmie|181\/262
|-status|p1a: Starmie|brn
|
|-heal|p1a: Starmie|197\/262 brn|[from] item: Leftovers
|-heal|p2a: Vaporeon|307\/464|[from] item: Leftovers
|-damage|p1a: Starmie|165\/262 brn|[from] brn
|turn|16
|
|switch|p1a: Skarmory|Skarmory, M|334\/334
|move|p2a: Vaporeon|Wish|p2a: Vaporeon
|
|-heal|p2a: Vaporeon|336\/464|[from] item: Leftovers
|turn|17
|
|move|p1a: Skarmory|Stealth Rock|p2a: Vaporeon
|-sidestart|p2: qpzm257|move: Stealth Rock
|move|p2a: Vaporeon|Scald|p1a: Skarmory
|-damage|p1a: Skarmory|204\/334
|-status|p1a: Skarmory|brn
|
|-heal|p2a: Vaporeon|464\/464|[from] move: Wish|[wisher] Vaporeon
|-heal|p1a: Skarmory|224\/334 brn|[from] item: Leftovers
|-damage|p1a: Skarmory|183\/334 brn|[from] brn
|turn|18
|
|move|p1a: Skarmory|Taunt|p2a: Vaporeon
|-start|p2a: Vaporeon|move: Taunt
|move|p2a: Vaporeon|Scald|p1a: Skarmory
|-damage|p1a: Skarmory|38\/334 brn
|
|-heal|p1a: Skarmory|58\/334 brn|[from] item: Leftovers
|-damage|p1a: Skarmory|17\/334 brn|[from] brn
|turn|19
|
|switch|p1a: Starmie|Starmie|165\/262
|switch|p2a: Excadrill|Excadrill, F|308\/373
|-damage|p2a: Excadrill|297\/373|[from] Stealth Rock
|-ability|p2a: Excadrill|Mold Breaker
|
|-heal|p1a: Starmie|181\/262|[from] item: Leftovers
|turn|20
|
|switch|p2a: Vaporeon|Vaporeon, F|464\/464
|-damage|p2a: Vaporeon|406\/464|[from] Stealth Rock
|move|p1a: Starmie|Scald|p2a: Vaporeon
|-heal|p2a: Vaporeon|464\/464|[from] ability: Water Absorb|[of] p1a: Starmie
|
|-heal|p1a: Starmie|197\/262|[from] item: Leftovers
|turn|21
|
|move|p1a: Starmie|Psyshock|p2a: Vaporeon
|-crit|p2a: Vaporeon
|-damage|p2a: Vaporeon|187\/464
|move|p2a: Vaporeon|Scald|p1a: Starmie
|-resisted|p1a: Starmie
|-damage|p1a: Starmie|137\/262
|
|-heal|p1a: Starmie|153\/262|[from] item: Leftovers
|-heal|p2a: Vaporeon|216\/464|[from] item: Leftovers
|turn|22
|
|move|p1a: Starmie|Psyshock|p2a: Vaporeon
|-damage|p2a: Vaporeon|24\/464
|move|p2a: Vaporeon|Wish|p2a: Vaporeon
|
|-heal|p1a: Starmie|169\/262|[from] item: Leftovers
|-heal|p2a: Vaporeon|53\/464|[from] item: Leftovers
|turn|23
|
|move|p2a: Vaporeon|Protect|p2a: Vaporeon
|-singleturn|p2a: Vaporeon|Protect
|move|p1a: Starmie|Recover|p1a: Starmie
|-heal|p1a: Starmie|262\/262
|
|-heal|p2a: Vaporeon|285\/464|[from] move: Wish|[wisher] Vaporeon
|-heal|p2a: Vaporeon|314\/464|[from] item: Leftovers
|turn|24
|
|move|p1a: Starmie|Psyshock|p2a: Vaporeon
|-damage|p2a: Vaporeon|143\/464
|move|p2a: Vaporeon|Wish|p2a: Vaporeon
|
|-heal|p2a: Vaporeon|172\/464|[from] item: Leftovers
|turn|25
|
|move|p2a: Vaporeon|Protect|p2a: Vaporeon
|-singleturn|p2a: Vaporeon|Protect
|move|p1a: Starmie|Psyshock|p2a: Vaporeon
|-activate|p2a: Vaporeon|Protect
|
|-heal|p2a: Vaporeon|404\/464|[from] move: Wish|[wisher] Vaporeon
|-heal|p2a: Vaporeon|433\/464|[from] item: Leftovers
|turn|26
|
|move|p1a: Starmie|Psyshock|p2a: Vaporeon
|-damage|p2a: Vaporeon|250\/464
|move|p2a: Vaporeon|Wish|p2a: Vaporeon
|
|-heal|p2a: Vaporeon|279\/464|[from] item: Leftovers
|turn|27
|
|move|p1a: Starmie|Psyshock|p2a: Vaporeon
|-crit|p2a: Vaporeon
|-damage|p2a: Vaporeon|8\/464
|move|p2a: Vaporeon|Scald|p1a: Starmie
|-resisted|p1a: Starmie
|-damage|p1a: Starmie|204\/262
|-status|p1a: Starmie|brn
|
|-heal|p2a: Vaporeon|240\/464|[from] move: Wish|[wisher] Vaporeon
|-heal|p1a: Starmie|220\/262 brn|[from] item: Leftovers
|-heal|p2a: Vaporeon|269\/464|[from] item: Leftovers
|-damage|p1a: Starmie|188\/262 brn|[from] brn
|turn|28
|
|switch|p1a: Skarmory|Skarmory, M|17\/334 brn
|move|p2a: Vaporeon|Wish|p2a: Vaporeon
|
|-heal|p1a: Skarmory|37\/334 brn|[from] item: Leftovers
|-heal|p2a: Vaporeon|298\/464|[from] item: Leftovers
|-damage|p1a: Skarmory|0 fnt|[from] brn
|faint|p1a: Skarmory
|
|switch|p1a: Gardevoir|Gardevoir, M|278\/278
|-ability|p1a: Gardevoir|Water Absorb|[from] ability: Trace|[of] p2a: Vaporeon
|turn|29
|
|switch|p2a: Excadrill|Excadrill, F|297\/373
|-damage|p2a: Excadrill|286\/373|[from] Stealth Rock
|-ability|p2a: Excadrill|Mold Breaker
|detailschange|p1a: Gardevoir|Gardevoir-Mega, M
|message|Gardevoir has Mega Evolved into Mega Gardevoir!
|move|p1a: Gardevoir|Psyshock|p2a: Excadrill
|-resisted|p2a: Excadrill
|-damage|p2a: Excadrill|168\/373
|
|-heal|p2a: Excadrill|373\/373|[from] move: Wish|[wisher] Vaporeon
|turn|30
|
|switch|p1a: Starmie|Starmie|188\/262
|move|p2a: Excadrill|Rapid Spin|p1a: Starmie
|-damage|p1a: Starmie|153\/262
|-sideend|p2: qpzm257|Stealth Rock|[from] move: Rapid Spin|[of] p2a: Excadrill
|
|-heal|p1a: Starmie|169\/262|[from] item: Leftovers
|turn|31
|
|move|p1a: Starmie|Recover|p1a: Starmie
|-heal|p1a: Starmie|262\/262
|move|p2a: Excadrill|Earthquake|p1a: Starmie
|-crit|p1a: Starmie
|-damage|p1a: Starmie|0 fnt
|faint|p1a: Starmie
|
|
|switch|p1a: Bisharp|Bisharp, F|298\/298
|turn|32
|
|switch|p2a: Skarmory|Skarmory, F|334\/334
|move|p1a: Bisharp|Knock Off|p2a: Skarmory
|-damage|p2a: Skarmory|220\/334
|-damage|p1a: Bisharp|249\/298|[from] item: Rocky Helmet|[of] p2a: Skarmory
|-enditem|p2a: Skarmory|Rocky Helmet|[from] move: Knock Off|[of] p1a: Bisharp
|
|-heal|p1a: Bisharp|267\/298|[from] item: Leftovers
|turn|33
|
|move|p1a: Bisharp|Swords Dance|p1a: Bisharp
|-boost|p1a: Bisharp|atk|2
|move|p2a: Skarmory|Stealth Rock|p1a: Bisharp
|-sidestart|p1: Mr. Mojo Risin|move: Stealth Rock
|
|-heal|p1a: Bisharp|285\/298|[from] item: Leftovers
|turn|34
|
|move|p1a: Bisharp|Swords Dance|p1a: Bisharp
|-boost|p1a: Bisharp|atk|2
|move|p2a: Skarmory|Whirlwind|p1a: Bisharp
|drag|p1a: Gardevoir|Gardevoir-Mega, M|278\/278
|-damage|p1a: Gardevoir|244\/278|[from] Stealth Rock
|
|turn|35
|
|switch|p2a: Excadrill|Excadrill, F|373\/373
|-ability|p2a: Excadrill|Mold Breaker
|move|p1a: Gardevoir|Thunderbolt|p2a: Excadrill
|-immune|p2a: Excadrill|[msg]
|
|turn|36
|
|move|p1a: Gardevoir|Focus Blast|p2a: Excadrill
|-supereffective|p2a: Excadrill
|-damage|p2a: Excadrill|63\/373
|move|p2a: Excadrill|Iron Head|p1a: Gardevoir
|-supereffective|p1a: Gardevoir
|-damage|p1a: Gardevoir|0 fnt
|faint|p1a: Gardevoir
|
|
|switch|p1a: Bisharp|Bisharp, F|285\/298
|-damage|p1a: Bisharp|267\/298|[from] Stealth Rock
|turn|37
|
|switch|p2a: Skarmory|Skarmory, F|220\/334
|move|p1a: Bisharp|Sucker Punch|p2a: Skarmory
|-fail|p2a: Skarmory
|
|-heal|p1a: Bisharp|285\/298|[from] item: Leftovers
|turn|38
|
|switch|p2a: Manectric|Manectric, F|282\/282
|move|p1a: Bisharp|Swords Dance|p1a: Bisharp
|-boost|p1a: Bisharp|atk|2
|
|-heal|p1a: Bisharp|298\/298|[from] item: Leftovers
|turn|39
|
|move|p1a: Bisharp|Sucker Punch|p2a: Manectric
|-damage|p2a: Manectric|0 fnt
|faint|p2a: Manectric
|
|
|switch|p2a: Alakazam|Alakazam, M|252\/252
|turn|40
|
|move|p2a: Alakazam|Focus Blast|p1a: Bisharp
|-supereffective|p1a: Bisharp
|-damage|p1a: Bisharp|0 fnt
|faint|p1a: Bisharp
|
|win|qpzm257
|raw|Ladder updating...
|raw|Mr. Mojo Risin's rating: 1597 &rarr; <strong>1579<\/strong><br \/>(-18 for losing)
|raw|qpzm257's rating: 1626 &rarr; <strong>1644<\/strong><br \/>(+18 for winning)
|c|âqpzm257|gg
|leave|Mr. Mojo Risin
|player|p1