|join|RS Swept
|join|qpzm257
|player|p1|RS Swept|29
|player|p2|qpzm257|101
|gametype|singles
|gen|6
|tier|OU
|rated
|clearpoke
|poke|p1|Politoed, M
|poke|p1|Swampert, F
|poke|p1|Lucario, M
|poke|p1|Garchomp, M
|poke|p1|Thundurus, M
|poke|p1|Latias, F
|poke|p2|Vaporeon, F
|poke|p2|Dragonite, F
|poke|p2|Manectric, F
|poke|p2|Alakazam, M
|poke|p2|Excadrill, F
|poke|p2|Skarmory, F
|rule|Swagger Clause: Swagger is banned
|rule|Baton Pass Clause: Limit one PokÃ©mon knowing Baton Pass
|rule|Sleep Clause Mod: Limit one foe put to sleep
|rule|Species Clause: Limit one of each PokÃ©mon
|rule|OHKO Clause: OHKO moves are banned
|rule|Moody Clause: Moody is banned
|rule|Evasion Moves Clause: Evasion moves are banned
|rule|Endless Battle Clause: Forcing endless battles is banned
|rule|HP Percentage Mod: HP is shown in percentages
|teampreview
|
|start
|switch|p1a: Garchomp|Garchomp, M|357\/357
|switch|p2a: Manectric|Manectric, F|282\/282
|turn|1
|
|switch|p2a: Skarmory|Skarmory, F|334\/334
|move|p1a: Garchomp|Stealth Rock|p2a: Skarmory
|-sidestart|p2: qpzm257|move: Stealth Rock
|
|turn|2
|
|switch|p1a: Politoed|Politoed, M|322\/322
|-weather|RainDance
|move|p2a: Skarmory|Stealth Rock|p1a: Politoed
|-sidestart|p1: RS Swept|move: Stealth Rock
|
|-weather|RainDance|[upkeep]
|turn|3
|
|switch|p2a: Vaporeon|Vaporeon, F|464\/464
|-damage|p2a: Vaporeon|406\/464|[from] Stealth Rock
|move|p1a: Politoed|Hypnosis|p2a: Vaporeon|[miss]
|-miss|p1a: Politoed|p2a: Vaporeon
|
|-weather|RainDance|[upkeep]
|-heal|p2a: Vaporeon|435\/464|[from] item: Leftovers
|turn|4
|
|move|p1a: Politoed|Hypnosis|p2a: Vaporeon
|-status|p2a: Vaporeon|slp
|cant|p2a: Vaporeon|slp
|
|-weather|RainDance|[upkeep]
|-heal|p2a: Vaporeon|464\/464 slp|[from] item: Leftovers
|turn|5
|
|switch|p1a: Thundurus|Thundurus, M|299\/299
|-damage|p1a: Thundurus|225\/299|[from] Stealth Rock
|-curestatus|p2a: Vaporeon|slp
|move|p2a: Vaporeon|Scald|p1a: Thundurus
|-damage|p1a: Thundurus|30\/299
|
|-weather|RainDance|[upkeep]
|turn|6
|
|move|p2a: Vaporeon|Protect|p2a: Vaporeon
|-singleturn|p2a: Vaporeon|Protect
|move|p1a: Thundurus|Knock Off|p2a: Vaporeon
|-activate|p2a: Vaporeon|Protect
|
|-weather|RainDance|[upkeep]
|turn|7
|
|switch|p2a: Excadrill|Excadrill, F|373\/373
|-damage|p2a: Excadrill|362\/373|[from] Stealth Rock
|-ability|p2a: Excadrill|Mold Breaker
|move|p1a: Thundurus|Knock Off|p2a: Excadrill
|-damage|p2a: Excadrill|177\/373
|-enditem|p2a: Excadrill|Assault Vest|[from] move: Knock Off|[of] p1a: Thundurus
|-damage|p1a: Thundurus|1\/299|[from] item: Life Orb
|
|-weather|RainDance|[upkeep]
|turn|8
|
|move|p1a: Thundurus|Superpower|p2a: Excadrill
|-supereffective|p2a: Excadrill
|-damage|p2a: Excadrill|0 fnt
|-unboost|p1a: Thundurus|atk|1
|-unboost|p1a: Thundurus|def|1
|-damage|p1a: Thundurus|0 fnt|[from] item: Life Orb
|faint|p2a: Excadrill
|faint|p1a: Thundurus
|
|-weather|RainDance|[upkeep]
|
|switch|p1a: Swampert|Swampert, F|359\/359
|switch|p2a: Vaporeon|Vaporeon, F|464\/464
|-damage|p1a: Swampert|337\/359|[from] Stealth Rock
|-damage|p2a: Vaporeon|406\/464|[from] Stealth Rock
|turn|9
|
|switch|p2a: Skarmory|Skarmory, F|334\/334
|-damage|p2a: Skarmory|293\/334|[from] Stealth Rock
|detailschange|p1a: Swampert|Swampert-Mega, F
|-mega|p1a: Swampert|Swampert|Swampertite
|move|p1a: Swampert|Earthquake|p2a: Skarmory
|-immune|p2a: Skarmory|[msg]
|
|-weather|none
|turn|10
|
|switch|p1a: Politoed|Politoed, M|322\/322
|-damage|p1a: Politoed|282\/322|[from] Stealth Rock
|-weather|RainDance
|move|p2a: Skarmory|Whirlwind|p1a: Politoed
|drag|p1a: Latias|Latias, F|309\/309
|-damage|p1a: Latias|271\/309|[from] Stealth Rock
|
|-weather|RainDance|[upkeep]
|turn|11
|
|switch|p2a: Vaporeon|Vaporeon, F|406\/464
|-damage|p2a: Vaporeon|348\/464|[from] Stealth Rock
|move|p1a: Latias|Surf|p2a: Vaporeon
|-heal|p2a: Vaporeon|464\/464|[from] ability: Water Absorb|[of] p1a: Latias
|
|-weather|RainDance|[upkeep]
|turn|12
|
|move|p1a: Latias|Draco Meteor|p2a: Vaporeon
|-damage|p2a: Vaporeon|260\/464
|-unboost|p1a: Latias|spa|2
|-damage|p1a: Latias|241\/309|[from] item: Life Orb
|move|p2a: Vaporeon|Scald|p1a: Latias
|-resisted|p1a: Latias
|-damage|p1a: Latias|182\/309
|
|-weather|RainDance|[upkeep]
|-heal|p2a: Vaporeon|289\/464|[from] item: Leftovers
|turn|13
|
|switch|p1a: Politoed|Politoed, M|282\/322
|-damage|p1a: Politoed|242\/322|[from] Stealth Rock
|move|p2a: Vaporeon|Wish|p2a: Vaporeon
|
|-weather|RainDance|[upkeep]
|-heal|p2a: Vaporeon|318\/464|[from] item: Leftovers
|turn|14
|
|move|p1a: Politoed|Hypnosis|p2a: Vaporeon
|-status|p2a: Vaporeon|slp
|cant|p2a: Vaporeon|slp
|
|-weather|RainDance|[upkeep]
|-heal|p2a: Vaporeon|464\/464 slp|[from] move: Wish|[wisher] Vaporeon
|turn|15
|
|switch|p1a: Lucario|Lucario, M|281\/281
|-damage|p1a: Lucario|273\/281|[from] Stealth Rock
|cant|p2a: Vaporeon|slp
|
|-weather|RainDance|[upkeep]
|turn|16
|
|switch|p2a: Skarmory|Skarmory, F|293\/334
|-damage|p2a: Skarmory|252\/334|[from] Stealth Rock
|move|p1a: Lucario|Swords Dance|p1a: Lucario
|-boost|p1a: Lucario|atk|2
|
|-weather|RainDance|[upkeep]
|turn|17
|
|move|p1a: Lucario|Close Combat|p2a: Skarmory
|-damage|p2a: Skarmory|0 fnt
|-damage|p1a: Lucario|227\/281|[from] item: Rocky Helmet|[of] p2a: Skarmory
|-unboost|p1a: Lucario|def|1
|-unboost|p1a: Lucario|spd|1
|-damage|p1a: Lucario|199\/281|[from] item: Life Orb
|faint|p2a: Skarmory
|
|-weather|none
|
|switch|p2a: Manectric|Manectric, F|282\/282
|-damage|p2a: Manectric|247\/282|[from] Stealth Rock
|turn|18
|
|switch|p1a: Swampert|Swampert-Mega, F|337\/359
|-damage|p1a: Swampert|315\/359|[from] Stealth Rock
|detailschange|p2a: Manectric|Manectric-Mega, F
|-mega|p2a: Manectric|Manectric|Manectite
|-ability|p2a: Manectric|Intimidate|[of] p1a: Swampert
|-unboost|p1a: Swampert|atk|1
|move|p2a: Manectric|Thunderbolt|p1a: Swampert
|-immune|p1a: Swampert|[msg]
|
|turn|19
|
|switch|p2a: Dragonite|Dragonite, F|323\/323
|-damage|p2a: Dragonite|243\/323|[from] Stealth Rock
|move|p1a: Swampert|Power-Up Punch|p2a: Dragonite
|-resisted|p2a: Dragonite
|-damage|p2a: Dragonite|224\/323
|-boost|p1a: Swampert|atk|1
|
|turn|20
|
|switch|p2a: Vaporeon|Vaporeon, F|464\/464 slp
|-damage|p2a: Vaporeon|406\/464 slp|[from] Stealth Rock
|move|p1a: Swampert|Ice Punch|p2a: Vaporeon
|-resisted|p2a: Vaporeon
|-damage|p2a: Vaporeon|318\/464 slp
|
|-heal|p2a: Vaporeon|347\/464 slp|[from] item: Leftovers
|turn|21
|
|move|p1a: Swampert|Earthquake|p2a: Vaporeon
|-damage|p2a: Vaporeon|20\/464 slp
|-curestatus|p2a: Vaporeon|slp
|move|p2a: Vaporeon|Wish|p2a: Vaporeon
|
|-heal|p2a: Vaporeon|49\/464|[from] item: Leftovers
|turn|22
|
|switch|p2a: Dragonite|Dragonite, F|224\/323
|-damage|p2a: Dragonite|144\/323|[from] Stealth Rock
|move|p1a: Swampert|Power-Up Punch|p2a: Dragonite
|-resisted|p2a: Dragonite
|-damage|p2a: Dragonite|113\/323
|-boost|p1a: Swampert|atk|1
|
|-heal|p2a: Dragonite|323\/323|[from] move: Wish|[wisher] Vaporeon
|turn|23
|
|switch|p1a: Garchomp|Garchomp, M|357\/357
|-damage|p1a: Garchomp|335\/357|[from] Stealth Rock
|move|p2a: Dragonite|Dragon Dance|p2a: Dragonite
|-boost|p2a: Dragonite|atk|1
|-boost|p2a: Dragonite|spe|1
|
|turn|24
|
|move|p2a: Dragonite|Dragon Claw|p1a: Garchomp
|-supereffective|p1a: Garchomp
|-damage|p1a: Garchomp|0 fnt
|-damage|p2a: Dragonite|283\/323|[from] ability: Rough Skin|[of] p1a: Garchomp
|faint|p1a: Garchomp
|
|
|switch|p1a: Politoed|Politoed, M|242\/322
|-damage|p1a: Politoed|202\/322|[from] Stealth Rock
|-weather|RainDance
|turn|25
|
|move|p2a: Dragonite|Dragon Claw|p1a: Politoed
|-damage|p1a: Politoed|0 fnt
|faint|p1a: Politoed
|
|-weather|RainDance|[upkeep]
|
|switch|p1a: Swampert|Swampert-Mega, F|315\/359
|-damage|p1a: Swampert|293\/359|[from] Stealth Rock
|turn|26
|
|move|p2a: Dragonite|Extreme Speed|p1a: Swampert
|-damage|p1a: Swampert|140\/359
|move|p1a: Swampert|Ice Punch|p2a: Dragonite
|-supereffective|p2a: Dragonite
|-damage|p2a: Dragonite|0 fnt
|faint|p2a: Dragonite
|
|-weather|RainDance|[upkeep]
|
|switch|p2a: Alakazam|Alakazam, M|252\/252
|turn|27
|
|move|p1a: Swampert|Waterfall|p2a: Alakazam
|-enditem|p2a: Alakazam|Focus Sash
|-damage|p2a: Alakazam|1\/252
|move|p2a: Alakazam|Energy Ball|p1a: Swampert
|-supereffective|p1a: Swampert
|-damage|p1a: Swampert|0 fnt
|faint|p1a: Swampert
|
|-weather|RainDance|[upkeep]
|c|âqpzm257|thank god there was no flinch
|
|switch|p1a: Lucario|Lucario, M|199\/281
|-damage|p1a: Lucario|191\/281|[from] Stealth Rock
|turn|28
|
|switch|p2a: Vaporeon|Vaporeon, F|49\/464
|-damage|p2a: Vaporeon|0 fnt|[from] Stealth Rock
|faint|p2a: Vaporeon
|move|p1a: Lucario|Extreme Speed|p2: Vaporeon|[notarget]
|-notarget
|
|-weather|RainDance|[upkeep]
|
|switch|p2a: Manectric|Manectric-Mega, F|247\/282
|-damage|p2a: Manectric|212\/282|[from] Stealth Rock
|-ability|p2a: Manectric|Intimidate|[of] p1a: Lucario
|-unboost|p1a: Lucario|atk|1
|turn|29
|
|move|p2a: Manectric|Thunderbolt|p1a: Lucario
|-crit|p1a: Lucario
|-damage|p1a: Lucario|0 fnt
|faint|p1a: Lucario
|
|-weather|RainDance|[upkeep]
|-message|RS Swept forfeited.
|leave|RS Swept
|c|âqpzm257|gg, that was a close one
|
|win|qpzm257
|raw|Ladder updating...
|player|p1
|raw|RS Swept's rating: 1759 &rarr; <strong>1733<\/strong><br \/>(-26 for losing)
|raw|qpzm257's rating: 1649 &rarr; <strong>1675<\/strong><br \/>(+26 for winning)