|join|qpzm257
|join|gizmo
|player|p1|qpzm257|101
|player|p2|gizmo|7
|gametype|singles
|gen|6
|tier|OU
|rated
|clearpoke
|poke|p1|Metagross
|poke|p1|Rotom-Wash
|poke|p1|Conkeldurr, M
|poke|p1|Hydreigon, F
|poke|p1|Skarmory, F
|poke|p1|Clefable, F
|poke|p2|Scolipede, F, shiny
|poke|p2|Thundurus, M, shiny
|poke|p2|Sharpedo, M, shiny
|poke|p2|Garchomp, M, shiny
|poke|p2|Latios, M, shiny
|poke|p2|Heatran, F, shiny
|rule|Swagger Clause: Swagger is banned
|rule|Baton Pass Clause: Limit one PokÃ©mon knowing Baton Pass
|rule|Sleep Clause Mod: Limit one foe put to sleep
|rule|Species Clause: Limit one of each PokÃ©mon
|rule|OHKO Clause: OHKO moves are banned
|rule|Moody Clause: Moody is banned
|rule|Evasion Moves Clause: Evasion moves are banned
|rule|Endless Battle Clause: Forcing endless battles is banned
|rule|HP Percentage Mod: HP is shown in percentages
|teampreview
|
|start
|switch|p1a: Hydreigon|Hydreigon, F|326\/326
|switch|p2a: Land Shark|Garchomp, M, shiny|357\/357
|turn|1
|
|switch|p1a: Skarmory|Skarmory, F|334\/334
|move|p2a: Land Shark|Stealth Rock|p1a: Skarmory
|-sidestart|p1: qpzm257|move: Stealth Rock
|
|turn|2
|c|âqpzm257|cool, we have the same exact records
|
|switch|p2a: sky shark|Latios, M, shiny|301\/301
|move|p1a: Skarmory|Stealth Rock|p2a: sky shark
|-sidestart|p2: gizmo|move: Stealth Rock
|
|turn|3
|
|switch|p1a: Hydreigon|Hydreigon, F|326\/326
|-damage|p1a: Hydreigon|286\/326|[from] Stealth Rock
|move|p2a: sky shark|Hidden Power|p1a: Hydreigon
|-resisted|p1a: Hydreigon
|-damage|p1a: Hydreigon|230\/326
|-damage|p2a: sky shark|271\/301|[from] item: Life Orb
|
|turn|4
|
|switch|p2a: "Blargh"|Heatran, F, shiny|323\/323
|-damage|p2a: "Blargh"|283\/323|[from] Stealth Rock
|move|p1a: Hydreigon|Draco Meteor|p2a: "Blargh"
|-resisted|p2a: "Blargh"
|-damage|p2a: "Blargh"|162\/323
|-unboost|p1a: Hydreigon|spa|2
|
|turn|5
|join|Yuttt.annual
|
|switch|p1a: Rotom-Wash|Rotom-Wash|304\/304
|-damage|p1a: Rotom-Wash|266\/304|[from] Stealth Rock
|move|p2a: "Blargh"|Overheat|p1a: Rotom-Wash
|-resisted|p1a: Rotom-Wash
|-damage|p1a: Rotom-Wash|161\/304
|-unboost|p2a: "Blargh"|spa|2
|
|-heal|p1a: Rotom-Wash|180\/304|[from] item: Leftovers
|turn|6
|
|switch|p2a: sky shark|Latios, M, shiny|271\/301
|-damage|p2a: sky shark|234\/301|[from] Stealth Rock
|move|p1a: Rotom-Wash|Volt Switch|p2a: sky shark
|-resisted|p2a: sky shark
|-damage|p2a: sky shark|195\/301
|
|switch|p1a: Hydreigon|Hydreigon, F|230\/326
|-damage|p1a: Hydreigon|190\/326|[from] Stealth Rock
|
|turn|7
|
|switch|p2a: "Blargh"|Heatran, F, shiny|162\/323
|-damage|p2a: "Blargh"|122\/323|[from] Stealth Rock
|move|p1a: Hydreigon|Dark Pulse|p2a: "Blargh"
|-damage|p2a: "Blargh"|0 fnt
|faint|p2a: "Blargh"
|
|
|switch|p2a: Lil' Nimbus|Thundurus, M, shiny|299\/299
|-damage|p2a: Lil' Nimbus|225\/299|[from] Stealth Rock
|turn|8
|
|switch|p1a: Conkeldurr|Conkeldurr, M|401\/401
|-damage|p1a: Conkeldurr|376\/401|[from] Stealth Rock
|move|p2a: Lil' Nimbus|Thunder Wave|p1a: Conkeldurr
|-status|p1a: Conkeldurr|par
|
|-heal|p2a: Lil' Nimbus|243\/299|[from] item: Leftovers
|turn|9
|
|move|p2a: Lil' Nimbus|Hidden Power|p1a: Conkeldurr
|-damage|p1a: Conkeldurr|317\/401 par
|move|p1a: Conkeldurr|Ice Punch|p2a: Lil' Nimbus
|-supereffective|p2a: Lil' Nimbus
|-damage|p2a: Lil' Nimbus|0 fnt
|faint|p2a: Lil' Nimbus
|
|
|switch|p2a: sky shark|Latios, M, shiny|195\/301
|-damage|p2a: sky shark|158\/301|[from] Stealth Rock
|turn|10
|
|switch|p1a: Clefable|Clefable, F|394\/394
|move|p2a: sky shark|Draco Meteor|p1a: Clefable
|-immune|p1a: Clefable|[msg]
|
|turn|11
|
|move|p2a: sky shark|Roost|p2a: sky shark
|-heal|p2a: sky shark|301\/301
|move|p1a: Clefable|Moonblast|p2a: sky shark
|-supereffective|p2a: sky shark
|-damage|p2a: sky shark|109\/301
|-unboost|p2a: sky shark|spa|1
|
|turn|12
|
|switch|p2a: japanesebugfights|Scolipede, F, shiny|261\/261
|-damage|p2a: japanesebugfights|196\/261|[from] Stealth Rock
|move|p1a: Clefable|Flamethrower|p2a: japanesebugfights
|-supereffective|p2a: japanesebugfights
|-damage|p2a: japanesebugfights|14\/261
|
|turn|13
|
|switch|p1a: Metagross|Metagross|302\/302
|-damage|p1a: Metagross|284\/302|[from] Stealth Rock
|move|p2a: japanesebugfights|Spikes|p1a: Metagross
|-sidestart|p1: qpzm257|Spikes
|
|-boost|p2a: japanesebugfights|spe|1|[from] ability: Speed Boost
|turn|14
|
|detailschange|p1a: Metagross|Metagross-Mega
|-mega|p1a: Metagross|Metagross|Metagrossite
|move|p1a: Metagross|Bullet Punch|p2a: japanesebugfights
|-damage|p2a: japanesebugfights|0 fnt
|faint|p2a: japanesebugfights
|
|
|switch|p2a: Land Shark|Garchomp, M, shiny|357\/357
|-damage|p2a: Land Shark|335\/357|[from] Stealth Rock
|turn|15
|
|switch|p1a: Rotom-Wash|Rotom-Wash|180\/304
|-damage|p1a: Rotom-Wash|142\/304|[from] Stealth Rock
|move|p2a: Land Shark|Earthquake|p1a: Rotom-Wash
|-immune|p1a: Rotom-Wash|[msg]
|
|-heal|p1a: Rotom-Wash|161\/304|[from] item: Leftovers
|turn|16
|
|move|p2a: Land Shark|Swords Dance|p2a: Land Shark
|-boost|p2a: Land Shark|atk|2
|move|p1a: Rotom-Wash|Will-O-Wisp|p2a: Land Shark
|-status|p2a: Land Shark|brn
|-enditem|p2a: Land Shark|Lum Berry|[eat]
|-curestatus|p2a: Land Shark|brn
|
|-heal|p1a: Rotom-Wash|180\/304|[from] item: Leftovers
|turn|17
|
|switch|p1a: Skarmory|Skarmory, F|334\/334
|-damage|p1a: Skarmory|293\/334|[from] Stealth Rock
|move|p2a: Land Shark|Dragon Claw|p1a: Skarmory
|-resisted|p1a: Skarmory
|-damage|p1a: Skarmory|215\/334
|-damage|p2a: Land Shark|276\/357|[from] item: Rocky Helmet|[of] p1a: Skarmory
|
|turn|18
|join|deluks917
|
|move|p2a: Land Shark|Swords Dance|p2a: Land Shark
|-boost|p2a: Land Shark|atk|2
|move|p1a: Skarmory|Brave Bird|p2a: Land Shark
|-damage|p2a: Land Shark|150\/357
|-damage|p1a: Skarmory|174\/334|[from] ability: Rough Skin|[of] p2a: Land Shark
|-damage|p1a: Skarmory|132\/334|[from] recoil|[of] p2a: Land Shark
|
|turn|19
|
|move|p2a: Land Shark|Dragon Claw|p1a: Skarmory
|-resisted|p1a: Skarmory
|-damage|p1a: Skarmory|9\/334
|-damage|p2a: Land Shark|91\/357|[from] item: Rocky Helmet|[of] p1a: Skarmory
|move|p1a: Skarmory|Roost|p1a: Skarmory
|-heal|p1a: Skarmory|176\/334
|
|turn|20
|
|move|p2a: Land Shark|Swords Dance|p2a: Land Shark
|-boost|p2a: Land Shark|atk|2
|move|p1a: Skarmory|Roost|p1a: Skarmory
|-heal|p1a: Skarmory|334\/334
|
|turn|21
|leave|deluks917
|
|move|p2a: Land Shark|Dragon Claw|p1a: Skarmory
|-resisted|p1a: Skarmory
|-damage|p1a: Skarmory|175\/334
|-damage|p2a: Land Shark|32\/357|[from] item: Rocky Helmet|[of] p1a: Skarmory
|move|p1a: Skarmory|Roost|p1a: Skarmory
|-heal|p1a: Skarmory|334\/334
|
|turn|22
|
|move|p2a: Land Shark|Earthquake|p1a: Skarmory
|-immune|p1a: Skarmory|[msg]
|move|p1a: Skarmory|Roost|p1a: Skarmory
|-fail|p1a: Skarmory
|
|turn|23
|
|move|p2a: Land Shark|Earthquake|p1a: Skarmory
|-immune|p1a: Skarmory|[msg]
|move|p1a: Skarmory|Roost|p1a: Skarmory
|-fail|p1a: Skarmory
|
|turn|24
|
|move|p2a: Land Shark|Earthquake|p1a: Skarmory
|-immune|p1a: Skarmory|[msg]
|move|p1a: Skarmory|Brave Bird|p2a: Land Shark
|-damage|p2a: Land Shark|0 fnt
|-damage|p1a: Skarmory|293\/334|[from] ability: Rough Skin|[of] p2a: Land Shark
|-damage|p1a: Skarmory|282\/334|[from] recoil|[of] p2a: Land Shark
|faint|p2a: Land Shark
|
|
|switch|p2a: sky shark|Latios, M, shiny|109\/301
|-damage|p2a: sky shark|72\/301|[from] Stealth Rock
|turn|25
|
|switch|p1a: Metagross|Metagross-Mega|284\/302
|-damage|p1a: Metagross|247\/302|[from] Spikes
|-damage|p1a: Metagross|229\/302|[from] Stealth Rock
|move|p2a: sky shark|Hidden Power|p1a: Metagross
|-supereffective|p1a: Metagross
|-damage|p1a: Metagross|52\/302
|-damage|p2a: sky shark|42\/301|[from] item: Life Orb
|
|turn|26
|
|move|p1a: Metagross|Bullet Punch|p2a: sky shark
|-damage|p2a: sky shark|0 fnt
|faint|p2a: sky shark
|
|
|switch|p2a: Half Shark|Sharpedo, M, shiny|281\/281
|-damage|p2a: Half Shark|246\/281|[from] Stealth Rock
|turn|27
|
|move|p1a: Metagross|Earthquake|p2a: Half Shark
|-damage|p2a: Half Shark|0 fnt
|faint|p2a: Half Shark
|
|win|qpzm257
|raw|Ladder updating...
|raw|qpzm257's rating: 1553 &rarr; <strong>1572<\/strong><br \/>(+19 for winning)
|raw|gizmo's rating: 1539 &rarr; <strong>1520<\/strong><br \/>(-19 for losing)
|c|âqpzm257|gg