|join|JoyIsBoy10
|join|qpzm257
|player|p1|JoyIsBoy10|10
|player|p2|qpzm257|101
|gametype|singles
|gen|6
|tier|OU
|clearpoke
|poke|p1|Talonflame, M
|poke|p1|Heatran, M
|poke|p1|Conkeldurr, M
|poke|p1|Raikou
|poke|p1|Metagross
|poke|p1|Suicune
|poke|p2|Vaporeon, F
|poke|p2|Dragonite, F
|poke|p2|Manectric, F
|poke|p2|Alakazam, M
|poke|p2|Excadrill, F
|poke|p2|Skarmory, F
|rule|Sleep Clause Mod: Limit one foe put to sleep
|rule|Species Clause: Limit one of each Pokemon
|rule|OHKO Clause: OHKO moves are banned
|rule|Moody Clause: Moody is banned
|rule|Evasion Moves Clause: Evasion moves are banned
|rule|Endless Battle Clause: Forcing endless battles is banned.
|rule|HP Percentage Mod: HP is reported as percentages
|teampreview
|
|start
|switch|p1a: Heatran|Heatran, M|324\/324
|switch|p2a: Manectric|Manectric, F|282\/282
|turn|1
|
|switch|p2a: Vaporeon|Vaporeon, F|464\/464
|move|p1a: Heatran|Earth Power|p2a: Vaporeon
|-damage|p2a: Vaporeon|384\/464
|-unboost|p2a: Vaporeon|spd|1
|
|-heal|p2a: Vaporeon|413\/464|[from] item: Leftovers
|turn|2
|
|switch|p1a: Raikou|Raikou|322\/322
|-ability|p1a: Raikou|Pressure
|-item|p1a: Raikou|Air Balloon
|move|p2a: Vaporeon|Scald|p1a: Raikou
|-damage|p1a: Raikou|229\/322
|-enditem|p1a: Raikou|Air Balloon
|
|-heal|p2a: Vaporeon|442\/464|[from] item: Leftovers
|turn|3
|
|switch|p1a: Conkeldurr|Conkeldurr, M|414\/414
|switch|p2a: Manectric|Manectric, F|282\/282
|
|turn|4
|
|switch|p1a: Heatran|Heatran, M|324\/324
|-formechange|p2a: Manectric|Manectric-Mega
|message|Manectric has Mega Evolved into Mega Manectric!
|-ability|p2a: Manectric|Intimidate|[of] p1a: Heatran
|-unboost|p1a: Heatran|atk|1
|move|p2a: Manectric|Volt Switch|p1a: Heatran
|-damage|p1a: Heatran|189\/324
|
|switch|p2a: Vaporeon|Vaporeon, F|442\/464
|
|-heal|p2a: Vaporeon|464\/464|[from] item: Leftovers
|turn|5
|
|switch|p1a: Suicune|Suicune|404\/404
|-ability|p1a: Suicune|Pressure
|move|p2a: Vaporeon|Scald|p1a: Suicune
|-resisted|p1a: Suicune
|-damage|p1a: Suicune|357\/404
|
|-heal|p1a: Suicune|382\/404|[from] item: Leftovers
|turn|6
|
|move|p1a: Suicune|Toxic|p2a: Vaporeon|[miss]
|-miss|p1a: Suicune|p2a: Vaporeon
|move|p2a: Vaporeon|Scald|p1a: Suicune
|-crit|p1a: Suicune
|-resisted|p1a: Suicune
|-damage|p1a: Suicune|311\/404
|
|-heal|p1a: Suicune|336\/404|[from] item: Leftovers
|turn|7
|
|switch|p1a: Raikou|Raikou|229\/322
|-ability|p1a: Raikou|Pressure
|move|p2a: Vaporeon|Scald|p1a: Raikou
|-damage|p1a: Raikou|132\/322
|-status|p1a: Raikou|brn
|
|-damage|p1a: Raikou|92\/322 brn|[from] brn
|turn|8
|
|move|p2a: Vaporeon|Protect|p2a: Vaporeon
|-singleturn|p2a: Vaporeon|Protect
|move|p1a: Raikou|Thunderbolt|p2a: Vaporeon
|-activate|p2a: Vaporeon|Protect
|
|-damage|p1a: Raikou|52\/322 brn|[from] brn
|turn|9
|
|switch|p1a: Heatran|Heatran, M|189\/324
|move|p2a: Vaporeon|Wish|p2a: Vaporeon
|
|turn|10
|
|move|p1a: Heatran|Overheat|p2a: Vaporeon
|-resisted|p2a: Vaporeon
|-damage|p2a: Vaporeon|378\/464
|-unboost|p1a: Heatran|spa|2
|move|p2a: Vaporeon|Scald|p1a: Heatran
|-supereffective|p1a: Heatran
|-damage|p1a: Heatran|0 fnt
|faint|p1a: Heatran
|
|-heal|p2a: Vaporeon|464\/464|[from] move: Wish|[wisher] Vaporeon
|
|switch|p1a: Conkeldurr|Conkeldurr, M|414\/414
|turn|11
|
|switch|p2a: Skarmory|Skarmory, F|334\/334
|move|p1a: Conkeldurr|Thunder Punch|p2a: Skarmory
|-supereffective|p2a: Skarmory
|-damage|p2a: Skarmory|194\/334
|-damage|p1a: Conkeldurr|345\/414|[from] item: Rocky Helmet|[of] p2a: Skarmory
|
|turn|12
|
|move|p2a: Skarmory|Stealth Rock|p1a: Conkeldurr
|-sidestart|p1: JoyIsBoy10|move: Stealth Rock
|move|p1a: Conkeldurr|Drain Punch|p2a: Skarmory
|-crit|p2a: Skarmory
|-damage|p2a: Skarmory|29\/334
|-heal|p1a: Conkeldurr|414\/414|[from] drain|[of] p2a: Skarmory
|-damage|p1a: Conkeldurr|345\/414|[from] item: Rocky Helmet|[of] p2a: Skarmory
|
|turn|13
|
|move|p2a: Skarmory|Brave Bird|p1a: Conkeldurr
|-supereffective|p1a: Conkeldurr
|-damage|p1a: Conkeldurr|91\/414
|-damage|p2a: Skarmory|0 fnt|[from] recoil|[of] p1a: Conkeldurr
|faint|p2a: Skarmory
|move|p1a: Conkeldurr|Drain Punch|p2: Skarmory|[notarget]
|-notarget
|
|
|switch|p2a: Manectric|Manectric, F|282\/282
|-formechange|p2a: Manectric|Manectric-Mega
|-ability|p2a: Manectric|Intimidate|[of] p1a: Conkeldurr
|-unboost|p1a: Conkeldurr|atk|1
|turn|14
|
|move|p2a: Manectric|Thunderbolt|p1a: Conkeldurr
|-damage|p1a: Conkeldurr|0 fnt
|faint|p1a: Conkeldurr
|
|
|switch|p1a: Talonflame|Talonflame, M|298\/298
|-damage|p1a: Talonflame|149\/298|[from] Stealth Rock
|turn|15
|
|move|p2a: Manectric|Thunderbolt|p1a: Talonflame
|-supereffective|p1a: Talonflame
|-damage|p1a: Talonflame|0 fnt
|faint|p1a: Talonflame
|
|
|switch|p1a: Metagross|Metagross|364\/364
|-damage|p1a: Metagross|342\/364|[from] Stealth Rock
|turn|16
|
|move|p2a: Manectric|Volt Switch|p1a: Metagross
|-damage|p1a: Metagross|243\/364
|
|switch|p2a: Dragonite|Dragonite, F|324\/324
|move|p1a: Metagross|Earthquake|p2a: Dragonite
|-immune|p2a: Dragonite|[msg]
|
|turn|17
|
|move|p1a: Metagross|Bullet Punch|p2a: Dragonite
|-damage|p2a: Dragonite|282\/324
|move|p2a: Dragonite|Dragon Dance|p2a: Dragonite
|-boost|p2a: Dragonite|atk|1
|-boost|p2a: Dragonite|spe|1
|
|turn|18
|
|move|p2a: Dragonite|Fire Punch|p1a: Metagross
|-supereffective|p1a: Metagross
|-damage|p1a: Metagross|21\/364
|move|p1a: Metagross|Meteor Mash|p2a: Dragonite
|-damage|p2a: Dragonite|80\/324
|
|turn|19
|
|move|p2a: Dragonite|Extreme Speed|p1a: Metagross
|-resisted|p1a: Metagross
|-damage|p1a: Metagross|0 fnt
|faint|p1a: Metagross
|
|
|switch|p1a: Raikou|Raikou|52\/322 brn
|-damage|p1a: Raikou|12\/322 brn|[from] Stealth Rock
|-ability|p1a: Raikou|Pressure
|turn|20
|
|move|p2a: Dragonite|Extreme Speed|p1a: Raikou
|-crit|p1a: Raikou
|-damage|p1a: Raikou|0 fnt
|faint|p1a: Raikou
|
|
|switch|p1a: Suicune|Suicune|336\/404
|-damage|p1a: Suicune|286\/404|[from] Stealth Rock
|-ability|p1a: Suicune|Pressure
|turn|21
|
|move|p2a: Dragonite|Outrage|p1a: Suicune
|-damage|p1a: Suicune|0 fnt
|faint|p1a: Suicune
|
|win|qpzm257
|leave|JoyIsBoy10
|player|p1