|join|qpzm257
|join|CZ -
|player|p1|qpzm257|101
|player|p2|CZ -|141
|gametype|singles
|gen|6
|tier|OU
|rated
|clearpoke
|poke|p1|Vaporeon, F
|poke|p1|Dragonite, F
|poke|p1|Manectric, F
|poke|p1|Alakazam, M
|poke|p1|Excadrill, F
|poke|p1|Skarmory, F
|poke|p2|Politoed, F
|poke|p2|Manectric, F
|poke|p2|Tornadus-Therian, M
|poke|p2|Ferrothorn, F
|poke|p2|Scizor, M
|poke|p2|Kingdra, M
|rule|Sleep Clause Mod: Limit one foe put to sleep
|rule|Species Clause: Limit one of each Pokemon
|rule|OHKO Clause: OHKO moves are banned
|rule|Moody Clause: Moody is banned
|rule|Evasion Moves Clause: Evasion moves are banned
|rule|Endless Battle Clause: Forcing endless battles is banned.
|rule|HP Percentage Mod: HP is reported as percentages
|teampreview
|
|start
|switch|p1a: Manectric|Manectric, F|282\/282
|switch|p2a: Manectric|Manectric, F|281\/281
|turn|1
|
|-formechange|p2a: Manectric|Manectric-Mega
|message|Manectric has Mega Evolved into Mega Manectric!
|-ability|p2a: Manectric|Intimidate|[of] p1a: Manectric
|-unboost|p1a: Manectric|atk|1
|move|p2a: Manectric|Overheat|p1a: Manectric
|-damage|p1a: Manectric|59\/282
|-unboost|p2a: Manectric|spa|2
|move|p1a: Manectric|Flamethrower|p2a: Manectric
|-damage|p2a: Manectric|165\/281
|-status|p2a: Manectric|brn
|
|-damage|p2a: Manectric|130\/281 brn|[from] brn
|turn|2
|
|switch|p1a: Vaporeon|Vaporeon, F|464\/464
|move|p2a: Manectric|Overheat|p1a: Vaporeon
|-resisted|p1a: Vaporeon
|-damage|p1a: Vaporeon|433\/464
|-unboost|p2a: Manectric|spa|2
|
|-heal|p1a: Vaporeon|462\/464|[from] item: Leftovers
|-damage|p2a: Manectric|95\/281 brn|[from] brn
|turn|3
|
|move|p1a: Vaporeon|Protect|p1a: Vaporeon
|-singleturn|p1a: Vaporeon|Protect
|move|p2a: Manectric|Volt Switch|p1a: Vaporeon
|-activate|p1a: Vaporeon|Protect
|
|-heal|p1a: Vaporeon|464\/464|[from] item: Leftovers
|-damage|p2a: Manectric|60\/281 brn|[from] brn
|turn|4
|
|switch|p1a: Manectric|Manectric, F|59\/282
|move|p2a: Manectric|Volt Switch|p1a: Manectric
|-boost|p1a: Manectric|spa|1|[from] ability: Lightningrod
|
|-damage|p2a: Manectric|25\/281 brn|[from] brn
|turn|5
|
|switch|p1a: Vaporeon|Vaporeon, F|464\/464
|move|p2a: Manectric|Overheat|p1a: Vaporeon
|-resisted|p1a: Vaporeon
|-damage|p1a: Vaporeon|442\/464
|-unboost|p2a: Manectric|spa|2
|
|-heal|p1a: Vaporeon|464\/464|[from] item: Leftovers
|-damage|p2a: Manectric|0 fnt|[from] brn
|faint|p2a: Manectric
|
|switch|p2a: Ferrothorn|Ferrothorn, F|352\/352
|turn|6
|
|switch|p1a: Manectric|Manectric, F|59\/282
|move|p2a: Ferrothorn|Stealth Rock|p1a: Manectric
|-sidestart|p1: qpzm257|move: Stealth Rock
|
|turn|7
|
|switch|p2a: Politoed|Politoed, F|384\/384
|-weather|RainDance
|-formechange|p1a: Manectric|Manectric-Mega
|message|Manectric has Mega Evolved into Mega Manectric!
|-ability|p1a: Manectric|Intimidate|[of] p2a: Politoed
|-unboost|p2a: Politoed|atk|1
|move|p1a: Manectric|Flamethrower|p2a: Politoed
|-crit|p2a: Politoed
|-resisted|p2a: Politoed
|-damage|p2a: Politoed|337\/384
|
|-weather|RainDance|[upkeep]
|turn|8
|
|switch|p2a: Kingdra|Kingdra, M|291\/291
|move|p1a: Manectric|Thunderbolt|p2a: Kingdra
|-damage|p2a: Kingdra|110\/291
|-status|p2a: Kingdra|par
|
|-weather|RainDance|[upkeep]
|turn|9
|chat|CZ -|wow
|chat|CZ -|k
|
|move|p1a: Manectric|Thunderbolt|p2a: Kingdra
|-damage|p2a: Kingdra|0 fnt
|faint|p2a: Kingdra
|
|-weather|RainDance|[upkeep]
|chat|CZ -|PS
|chat|CZ -|pro at haxing just me
|
|switch|p2a: Scizor|Scizor, M|344\/344
|turn|10
|
|switch|p1a: Skarmory|Skarmory, F|334\/334
|-damage|p1a: Skarmory|293\/334|[from] Stealth Rock
|move|p2a: Scizor|U-turn|p1a: Skarmory
|-resisted|p1a: Skarmory
|-damage|p1a: Skarmory|277\/334
|-damage|p2a: Scizor|287\/344|[from] item: Rocky Helmet|[of] p1a: Skarmory
|
|switch|p2a: Tornadus-Therian|Tornadus-Therian, M|361\/361
|
|-weather|RainDance|[upkeep]
|turn|11
|
|move|p2a: Tornadus-Therian|Taunt|p1a: Skarmory
|-start|p1a: Skarmory|move: Taunt
|cant|p1a: Skarmory|move: Taunt|Stealth Rock
|
|-weather|RainDance|[upkeep]
|turn|12
|
|move|p2a: Tornadus-Therian|Hurricane|p1a: Skarmory
|-resisted|p1a: Skarmory
|-damage|p1a: Skarmory|148\/334
|-damage|p2a: Tornadus-Therian|325\/361|[from] item: Life Orb
|move|p1a: Skarmory|Brave Bird|p2a: Tornadus-Therian
|-damage|p2a: Tornadus-Therian|174\/361
|-damage|p1a: Skarmory|98\/334|[from] recoil|[of] p2a: Tornadus-Therian
|
|-weather|RainDance|[upkeep]
|turn|13
|
|switch|p1a: Vaporeon|Vaporeon, F|464\/464
|-damage|p1a: Vaporeon|406\/464|[from] Stealth Rock
|move|p2a: Tornadus-Therian|Hurricane|p1a: Vaporeon
|-damage|p1a: Vaporeon|262\/464
|-start|p1a: Vaporeon|confusion
|-damage|p2a: Tornadus-Therian|138\/361|[from] item: Life Orb
|
|-weather|RainDance|[upkeep]
|-heal|p1a: Vaporeon|291\/464|[from] item: Leftovers
|turn|14
|
|move|p2a: Tornadus-Therian|U-turn|p1a: Vaporeon
|-damage|p1a: Vaporeon|188\/464
|-damage|p2a: Tornadus-Therian|102\/361|[from] item: Life Orb
|
|switch|p2a: Ferrothorn|Ferrothorn, F|352\/352
|-activate|p1a: Vaporeon|confusion
|-damage|p1a: Vaporeon|165\/464|[from] confusion
|
|-weather|none
|-heal|p1a: Vaporeon|194\/464|[from] item: Leftovers
|turn|15
|
|switch|p2a: Tornadus-Therian|Tornadus-Therian, M|222\/361
|-activate|p1a: Vaporeon|confusion
|move|p1a: Vaporeon|Protect|p1a: Vaporeon
|-fail|p1a: Vaporeon
|
|-heal|p1a: Vaporeon|223\/464|[from] item: Leftovers
|turn|16
|
|move|p2a: Tornadus-Therian|Hurricane|p1a: Vaporeon
|-damage|p1a: Vaporeon|81\/464
|-damage|p2a: Tornadus-Therian|186\/361|[from] item: Life Orb
|-activate|p1a: Vaporeon|confusion
|-damage|p1a: Vaporeon|57\/464|[from] confusion
|
|-heal|p1a: Vaporeon|86\/464|[from] item: Leftovers
|turn|17
|
|-end|p1a: Vaporeon|confusion
|move|p1a: Vaporeon|Protect|p1a: Vaporeon
|-singleturn|p1a: Vaporeon|Protect
|move|p2a: Tornadus-Therian|Hurricane|p1a: Vaporeon
|-activate|p1a: Vaporeon|Protect
|
|-heal|p1a: Vaporeon|115\/464|[from] item: Leftovers
|turn|18
|
|move|p2a: Tornadus-Therian|Hurricane|p1a: Vaporeon
|-damage|p1a: Vaporeon|0 fnt
|-damage|p2a: Tornadus-Therian|150\/361|[from] item: Life Orb
|faint|p1a: Vaporeon
|
|
|switch|p1a: Alakazam|Alakazam, M|252\/252
|turn|19
|
|move|p2a: Tornadus-Therian|U-turn|p1a: Alakazam
|-supereffective|p1a: Alakazam
|-enditem|p1a: Alakazam|Focus Sash
|-damage|p1a: Alakazam|1\/252
|-damage|p2a: Tornadus-Therian|114\/361|[from] item: Life Orb
|
|switch|p2a: Scizor|Scizor, M|287\/344
|move|p1a: Alakazam|Psyshock|p2a: Scizor
|-resisted|p2a: Scizor
|-damage|p2a: Scizor|217\/344
|
|-heal|p2a: Scizor|238\/344|[from] item: Leftovers
|turn|20
|
|switch|p1a: Skarmory|Skarmory, F|98\/334
|-damage|p1a: Skarmory|57\/334|[from] Stealth Rock
|move|p2a: Scizor|U-turn|p1a: Skarmory
|-resisted|p1a: Skarmory
|-damage|p1a: Skarmory|41\/334
|-damage|p2a: Scizor|181\/344|[from] item: Rocky Helmet|[of] p1a: Skarmory
|
|switch|p2a: Politoed|Politoed, F|337\/384
|-weather|RainDance
|
|-weather|RainDance|[upkeep]
|turn|21
|
|move|p2a: Politoed|Scald|p1a: Skarmory
|-damage|p1a: Skarmory|0 fnt
|faint|p1a: Skarmory
|
|-weather|RainDance|[upkeep]
|
|switch|p1a: Alakazam|Alakazam, M|1\/252
|turn|22
|
|move|p1a: Alakazam|Psyshock|p2a: Politoed
|-damage|p2a: Politoed|208\/384
|move|p2a: Politoed|Scald|p1a: Alakazam
|-damage|p1a: Alakazam|0 fnt
|faint|p1a: Alakazam
|
|-weather|RainDance|[upkeep]
|
|switch|p1a: Manectric|Manectric, F|59\/282
|-formechange|p1a: Manectric|Manectric-Mega
|-damage|p1a: Manectric|24\/282|[from] Stealth Rock
|-ability|p1a: Manectric|Intimidate|[of] p2a: Politoed
|-unboost|p2a: Politoed|atk|1
|turn|23
|
|move|p1a: Manectric|Thunderbolt|p2a: Politoed
|-supereffective|p2a: Politoed
|-damage|p2a: Politoed|0 fnt
|faint|p2a: Politoed
|
|-weather|RainDance|[upkeep]
|
|switch|p2a: Scizor|Scizor, M|181\/344
|turn|24
|
|switch|p1a: Excadrill|Excadrill, F|373\/373
|-damage|p1a: Excadrill|362\/373|[from] Stealth Rock
|-ability|p1a: Excadrill|Mold Breaker
|move|p2a: Scizor|Bullet Punch|p1a: Excadrill
|-resisted|p1a: Excadrill
|-damage|p1a: Excadrill|293\/373
|
|-weather|RainDance|[upkeep]
|-heal|p2a: Scizor|202\/344|[from] item: Leftovers
|turn|25
|
|switch|p2a: Tornadus-Therian|Tornadus-Therian, M|234\/361
|move|p1a: Excadrill|Rapid Spin|p2a: Tornadus-Therian
|-damage|p2a: Tornadus-Therian|195\/361
|-sideend|p1: qpzm257|Stealth Rock|[from] move: Rapid Spin|[of] p1a: Excadrill
|
|-weather|RainDance|[upkeep]
|turn|26
|
|move|p2a: Tornadus-Therian|Hurricane|p1a: Excadrill
|-crit|p1a: Excadrill
|-resisted|p1a: Excadrill
|-damage|p1a: Excadrill|160\/373
|-damage|p2a: Tornadus-Therian|159\/361|[from] item: Life Orb
|move|p1a: Excadrill|Rock Slide|p2a: Tornadus-Therian
|-miss|p1a: Excadrill|p2a: Tornadus-Therian
|
|-weather|RainDance|[upkeep]
|turn|27
|
|move|p2a: Tornadus-Therian|U-turn|p1a: Excadrill
|-resisted|p1a: Excadrill
|-damage|p1a: Excadrill|109\/373
|-damage|p2a: Tornadus-Therian|123\/361|[from] item: Life Orb
|
|switch|p2a: Ferrothorn|Ferrothorn, F|352\/352
|move|p1a: Excadrill|Rock Slide|p2a: Ferrothorn
|-miss|p1a: Excadrill|p2a: Ferrothorn
|
|-weather|none
|turn|28
|
|switch|p1a: Dragonite|Dragonite, F|324\/324
|move|p2a: Ferrothorn|Stealth Rock|p1a: Dragonite
|-sidestart|p1: qpzm257|move: Stealth Rock
|
|turn|29
|
|move|p1a: Dragonite|Dragon Dance|p1a: Dragonite
|-boost|p1a: Dragonite|atk|1
|-boost|p1a: Dragonite|spe|1
|move|p2a: Ferrothorn|Leech Seed|p1a: Dragonite|[miss]
|-miss|p2a: Ferrothorn|p1a: Dragonite
|
|turn|30
|chat|CZ -|gg
|
|move|p1a: Dragonite|Fire Punch|p2a: Ferrothorn
|-supereffective|p2a: Ferrothorn
|-damage|p2a: Ferrothorn|0 fnt
|-damage|p1a: Dragonite|284\/324|[from] ability: Iron Barbs|[of] p2a: Ferrothorn
|faint|p2a: Ferrothorn
|
|
|switch|p2a: Tornadus-Therian|Tornadus-Therian, M|243\/361
|turn|31
|
|move|p1a: Dragonite|Extreme Speed|p2a: Tornadus-Therian
|-damage|p2a: Tornadus-Therian|21\/361
|move|p2a: Tornadus-Therian|Hurricane|p1a: Dragonite
|-damage|p1a: Dragonite|89\/324
|-damage|p2a: Tornadus-Therian|0 fnt|[from] item: Life Orb
|faint|p2a: Tornadus-Therian
|
|
|switch|p2a: Scizor|Scizor, M|202\/344
|turn|32
|
|move|p2a: Scizor|Bullet Punch|p1a: Dragonite
|-crit|p1a: Dragonite
|-damage|p1a: Dragonite|0 fnt
|faint|p1a: Dragonite
|
|-heal|p2a: Scizor|223\/344|[from] item: Leftovers
|chat|qpzm257|not sure if that would have mattered o not
|chat|CZ -|Nah
|
|switch|p1a: Excadrill|Excadrill, F|109\/373
|-damage|p1a: Excadrill|98\/373|[from] Stealth Rock
|-ability|p1a: Excadrill|Mold Breaker
|turn|33
|
|move|p1a: Excadrill|Earthquake|p2a: Scizor
|-damage|p2a: Scizor|31\/344
|move|p2a: Scizor|U-turn|p1a: Excadrill
|-resisted|p1a: Excadrill
|-damage|p1a: Excadrill|19\/373
|
|-heal|p2a: Scizor|52\/344|[from] item: Leftovers
|turn|34
|
|move|p2a: Scizor|Bullet Punch|p1a: Excadrill
|-resisted|p1a: Excadrill
|-damage|p1a: Excadrill|0 fnt
|faint|p1a: Excadrill
|
|-heal|p2a: Scizor|73\/344|[from] item: Leftovers
|chat|CZ -|gg
|
|switch|p1a: Manectric|Manectric, F|24\/282
|-formechange|p1a: Manectric|Manectric-Mega
|-damage|p1a: Manectric|0 fnt|[from] Stealth Rock
|faint|p1a: Manectric
|
|win|CZ -
|raw|Ladder updating...
|chat|qpzm257|gg
|raw|qpzm257's rating: 1732 &rarr; <strong>1714<\/strong><br \/>(-18 for losing)
|raw|CZ -'s rating: 1775 &rarr; <strong>1793<\/strong><br \/>(+18 for winning)
|leave|qpzm257
|player|p1