|join|qpzm257
|join|JoyIsBoy10
|player|p1|qpzm257|101
|player|p2|JoyIsBoy10|10
|gametype|singles
|gen|6
|tier|OU
|clearpoke
|poke|p1|Vaporeon, F
|poke|p1|Dragonite, F
|poke|p1|Scizor, F
|poke|p1|Alakazam, M
|poke|p1|Excadrill, F
|poke|p1|Skarmory, M
|poke|p2|Trevenant, M
|poke|p2|Charizard, F
|poke|p2|Conkeldurr, F
|poke|p2|Raikou
|poke|p2|Metagross
|poke|p2|Suicune
|rule|Sleep Clause Mod: Limit one foe put to sleep
|rule|Species Clause: Limit one of each Pokemon
|rule|OHKO Clause: OHKO moves are banned
|rule|Moody Clause: Moody is banned
|rule|Evasion Moves Clause: Evasion moves are banned
|rule|Endless Battle Clause: Forcing endless battles is banned.
|rule|HP Percentage Mod: HP is reported as percentages
|teampreview
|
|start
|switch|p1a: Skarmory|Skarmory, M|334\/334
|switch|p2a: Charizard|Charizard, F|298\/298
|turn|1
|
|-formechange|p2a: Charizard|Charizard-Mega-Y
|message|Charizard has Mega Evolved into Mega Charizard!
|-weather|SunnyDay
|move|p2a: Charizard|Flamethrower|p1a: Skarmory
|-supereffective|p1a: Skarmory
|-activate|p1a: Skarmory|Sturdy
|-damage|p1a: Skarmory|1\/334
|move|p1a: Skarmory|Stealth Rock|p2a: Charizard
|-sidestart|p2: JoyIsBoy10|move: Stealth Rock
|
|-weather|SunnyDay|[upkeep]
|turn|2
|
|move|p2a: Charizard|Solar Beam|p1a: Skarmory|[still]
|-prepare|p2a: Charizard|Solar Beam|p1a: Skarmory
|-anim|p2a: Charizard|Solar Beam|p1a: Skarmory
|-resisted|p1a: Skarmory
|-damage|p1a: Skarmory|0 fnt
|faint|p1a: Skarmory
|
|-weather|SunnyDay|[upkeep]
|
|switch|p1a: Vaporeon|Vaporeon, F|464\/464
|turn|3
|
|move|p1a: Vaporeon|Protect|p1a: Vaporeon
|-singleturn|p1a: Vaporeon|Protect
|move|p2a: Charizard|Solar Beam|p1a: Vaporeon|[still]
|-prepare|p2a: Charizard|Solar Beam|p1a: Vaporeon
|-anim|p2a: Charizard|Solar Beam|p1a: Vaporeon
|-activate|p1a: Vaporeon|Protect
|
|-weather|SunnyDay|[upkeep]
|turn|4
|
|move|p2a: Charizard|Solar Beam|p1a: Vaporeon|[still]
|-prepare|p2a: Charizard|Solar Beam|p1a: Vaporeon
|-anim|p2a: Charizard|Solar Beam|p1a: Vaporeon
|-supereffective|p1a: Vaporeon
|-damage|p1a: Vaporeon|202\/464
|move|p1a: Vaporeon|Wish|p1a: Vaporeon
|
|-weather|SunnyDay|[upkeep]
|-heal|p1a: Vaporeon|231\/464|[from] item: Leftovers
|turn|5
|
|move|p1a: Vaporeon|Protect|p1a: Vaporeon
|-singleturn|p1a: Vaporeon|Protect
|move|p2a: Charizard|Solar Beam|p1a: Vaporeon|[still]
|-prepare|p2a: Charizard|Solar Beam|p1a: Vaporeon
|-anim|p2a: Charizard|Solar Beam|p1a: Vaporeon
|-activate|p1a: Vaporeon|Protect
|
|-weather|none
|-heal|p1a: Vaporeon|463\/464|[from] move: Wish|[wisher] Vaporeon
|-heal|p1a: Vaporeon|464\/464|[from] item: Leftovers
|turn|6
|
|switch|p2a: Raikou|Raikou|322\/322
|-damage|p2a: Raikou|282\/322|[from] Stealth Rock
|-ability|p2a: Raikou|Pressure
|-item|p2a: Raikou|Air Balloon
|move|p1a: Vaporeon|Scald|p2a: Raikou
|-damage|p2a: Raikou|185\/322
|-enditem|p2a: Raikou|Air Balloon
|
|turn|7
|
|switch|p2a: Trevenant|Trevenant, M|374\/374
|-damage|p2a: Trevenant|328\/374|[from] Stealth Rock
|move|p1a: Vaporeon|Scald|p2a: Trevenant
|-resisted|p2a: Trevenant
|-damage|p2a: Trevenant|290\/374
|
|turn|8
|
|switch|p1a: Alakazam|Alakazam, M|252\/252
|move|p2a: Trevenant|Leech Seed|p1a: Alakazam|[miss]
|-miss|p2a: Trevenant|p1a: Alakazam
|
|turn|9
|
|move|p1a: Alakazam|Shadow Ball|p2a: Trevenant
|-supereffective|p2a: Trevenant
|-damage|p2a: Trevenant|142\/374
|-enditem|p2a: Trevenant|Sitrus Berry|[eat]
|-heal|p2a: Trevenant|235\/374|[from] item: Sitrus Berry
|move|p2a: Trevenant|Phantom Force|p1a: Alakazam|[still]
|-prepare|p2a: Trevenant|Phantom Force|p1a: Alakazam
|
|turn|10
|
|switch|p1a: Scizor|Scizor, F|344\/344
|move|p2a: Trevenant|Phantom Force|p1a: Scizor
|-damage|p1a: Scizor|218\/344
|
|turn|11
|
|-formechange|p1a: Scizor|Scizor-Mega
|message|Scizor has Mega Evolved into Mega Scizor!
|move|p1a: Scizor|Bug Bite|p2a: Trevenant
|-damage|p2a: Trevenant|0 fnt
|faint|p2a: Trevenant
|
|
|switch|p2a: Charizard|Charizard, F|298\/298
|-formechange|p2a: Charizard|Charizard-Mega-Y
|-damage|p2a: Charizard|149\/298|[from] Stealth Rock
|-weather|SunnyDay
|turn|12
|
|move|p1a: Scizor|Bullet Punch|p2a: Charizard
|-resisted|p2a: Charizard
|-damage|p2a: Charizard|64\/298
|move|p2a: Charizard|Solar Beam|p1a: Scizor|[still]
|-prepare|p2a: Charizard|Solar Beam|p1a: Scizor
|-anim|p2a: Charizard|Solar Beam|p1a: Scizor
|-resisted|p1a: Scizor
|-damage|p1a: Scizor|174\/344
|
|-weather|SunnyDay|[upkeep]
|turn|13
|
|move|p1a: Scizor|Bullet Punch|p2a: Charizard
|-resisted|p2a: Charizard
|-damage|p2a: Charizard|0 fnt
|faint|p2a: Charizard
|
|-weather|SunnyDay|[upkeep]
|
|switch|p2a: Conkeldurr|Conkeldurr, F|414\/414
|-damage|p2a: Conkeldurr|389\/414|[from] Stealth Rock
|turn|14
|
|move|p1a: Scizor|Swords Dance|p1a: Scizor
|-boost|p1a: Scizor|atk|2
|move|p2a: Conkeldurr|Drain Punch|p1a: Scizor
|-damage|p1a: Scizor|44\/344
|-heal|p2a: Conkeldurr|414\/414|[from] drain|[of] p1a: Scizor
|
|-weather|SunnyDay|[upkeep]
|turn|15
|
|move|p1a: Scizor|Bullet Punch|p2a: Conkeldurr
|-damage|p2a: Conkeldurr|125\/414
|move|p2a: Conkeldurr|Mach Punch|p1a: Scizor
|-damage|p1a: Scizor|0 fnt
|faint|p1a: Scizor
|
|-weather|SunnyDay|[upkeep]
|
|switch|p1a: Alakazam|Alakazam, M|252\/252
|turn|16
|
|switch|p2a: Metagross|Metagross|364\/364
|-damage|p2a: Metagross|342\/364|[from] Stealth Rock
|move|p1a: Alakazam|Psyshock|p2a: Metagross
|-resisted|p2a: Metagross
|-damage|p2a: Metagross|311\/364
|
|-weather|none
|turn|17
|
|switch|p1a: Dragonite|Dragonite, F|324\/324
|move|p2a: Metagross|Earthquake|p1a: Dragonite
|-immune|p1a: Dragonite|[msg]
|
|turn|18
|
|move|p2a: Metagross|Bullet Punch|p1a: Dragonite
|-damage|p1a: Dragonite|283\/324
|move|p1a: Dragonite|Dragon Dance|p1a: Dragonite
|-boost|p1a: Dragonite|atk|1
|-boost|p1a: Dragonite|spe|1
|
|turn|19
|
|move|p1a: Dragonite|Fire Punch|p2a: Metagross
|-supereffective|p2a: Metagross
|-damage|p2a: Metagross|65\/364
|move|p2a: Metagross|Meteor Mash|p1a: Dragonite
|-damage|p1a: Dragonite|82\/324
|
|turn|20
|
|move|p1a: Dragonite|Extreme Speed|p2a: Metagross
|-resisted|p2a: Metagross
|-damage|p2a: Metagross|4\/364
|move|p2a: Metagross|Bullet Punch|p1a: Dragonite
|-damage|p1a: Dragonite|0 fnt
|faint|p1a: Dragonite
|
|
|switch|p1a: Excadrill|Excadrill, F|373\/373
|-ability|p1a: Excadrill|Mold Breaker
|turn|21
|
|move|p1a: Excadrill|Earthquake|p2a: Metagross
|-supereffective|p2a: Metagross
|-damage|p2a: Metagross|0 fnt
|faint|p2a: Metagross
|
|
|switch|p2a: Conkeldurr|Conkeldurr, F|125\/414
|-damage|p2a: Conkeldurr|100\/414|[from] Stealth Rock
|turn|22
|
|move|p2a: Conkeldurr|Mach Punch|p1a: Excadrill
|-supereffective|p1a: Excadrill
|-damage|p1a: Excadrill|65\/373
|move|p1a: Excadrill|Earthquake|p2a: Conkeldurr
|-damage|p2a: Conkeldurr|0 fnt
|faint|p2a: Conkeldurr
|
|
|switch|p2a: Raikou|Raikou|185\/322
|-damage|p2a: Raikou|145\/322|[from] Stealth Rock
|-ability|p2a: Raikou|Pressure
|turn|23
|
|move|p2a: Raikou|Hidden Power|p1a: Excadrill
|-damage|p1a: Excadrill|7\/373
|move|p1a: Excadrill|Earthquake|p2a: Raikou
|-supereffective|p2a: Raikou
|-damage|p2a: Raikou|0 fnt
|faint|p2a: Raikou
|
|chat|JoyIsBoy10|LOL
|chat|JoyIsBoy10|fuck you
|
|switch|p2a: Suicune|Suicune|404\/404
|-damage|p2a: Suicune|354\/404|[from] Stealth Rock
|-ability|p2a: Suicune|Pressure
|turn|24
|
|move|p1a: Excadrill|Earthquake|p2a: Suicune
|-damage|p2a: Suicune|171\/404
|move|p2a: Suicune|Ice Beam|p1a: Excadrill
|-damage|p1a: Excadrill|0 fnt
|faint|p1a: Excadrill
|
|-heal|p2a: Suicune|196\/404|[from] item: Leftovers
|
|switch|p1a: Alakazam|Alakazam, M|252\/252
|turn|25
|
|move|p1a: Alakazam|Psyshock|p2a: Suicune
|-damage|p2a: Suicune|54\/404
|move|p2a: Suicune|Hydro Pump|p1a: Alakazam|[miss]
|-miss|p2a: Suicune|p1a: Alakazam
|
|-heal|p2a: Suicune|79\/404|[from] item: Leftovers
|turn|26
|leave|JoyIsBoy10
|player|p2
|-message|Player 2 lost due to inactivity.
|
|win|qpzm257