|join|eroticllamas
|join|qpzm257
|player|p1|eroticllamas|56
|player|p2|qpzm257|101
|gametype|singles
|gen|6
|tier|OU (suspect test)
|rated
|clearpoke
|poke|p1|Hippowdon, F
|poke|p1|Staraptor, F
|poke|p1|Talonflame, M
|poke|p1|Latias, F
|poke|p1|Keldeo
|poke|p1|Aegislash, F
|poke|p2|Vaporeon, F
|poke|p2|Dragonite, M
|poke|p2|Manectric, F
|poke|p2|Alakazam, M
|poke|p2|Excadrill, F
|poke|p2|Skarmory, M
|rule|Sleep Clause Mod: Limit one foe put to sleep
|rule|Species Clause: Limit one of each Pokemon
|rule|OHKO Clause: OHKO moves are banned
|rule|Moody Clause: Moody is banned
|rule|Evasion Moves Clause: Evasion moves are banned
|rule|Endless Battle Clause: Forcing endless battles is banned.
|rule|HP Percentage Mod: HP is reported as percentages
|teampreview
|callback|decision
|join|64bitskeeter
|
|start
|switch|p1a: Molk's Cousin|Keldeo|323\/323
|switch|p2a: Manectric|Manectric, F|282\/282
|turn|1
|callback|decision
|
|switch|p2a: Vaporeon|Vaporeon, F|464\/464
|move|p1a: Molk's Cousin|Secret Sword|p2a: Vaporeon
|-damage|p2a: Vaporeon|142\/464
|
|-heal|p2a: Vaporeon|171\/464|[from] item: Leftovers
|turn|2
|callback|decision
|
|move|p2a: Vaporeon|Protect|p2a: Vaporeon
|-singleturn|p2a: Vaporeon|Protect
|move|p1a: Molk's Cousin|Secret Sword|p2a: Vaporeon
|-activate|p2a: Vaporeon|Protect
|
|-heal|p2a: Vaporeon|200\/464|[from] item: Leftovers
|turn|3
|callback|decision
|join|Rahmrod
|
|switch|p1a: CRUMBLER|Aegislash, F|320\/320
|switch|p2a: Skarmory|Skarmory, M|334\/334
|
|turn|4
|callback|decision
|
|move|p2a: Skarmory|Stealth Rock|p1a: CRUMBLER
|-sidestart|p1: eroticllamas|move: Stealth Rock
|-formechange|p1a: CRUMBLER|Aegislash-Blade
|move|p1a: CRUMBLER|Shadow Ball|p2a: Skarmory
|-damage|p2a: Skarmory|106\/334
|
|turn|5
|callback|decision
|
|move|p1a: CRUMBLER|Shadow Ball|p2a: Skarmory
|-damage|p2a: Skarmory|0 fnt
|faint|p2a: Skarmory
|
|callback|decision
|
|switch|p2a: Excadrill|Excadrill, F|365\/365
|-ability|p2a: Excadrill|Mold Breaker
|turn|6
|callback|decision
|
|-formechange|p1a: CRUMBLER|Aegislash
|move|p1a: CRUMBLER|King's Shield|p1a: CRUMBLER
|-singleturn|p1a: CRUMBLER|Protect
|move|p2a: Excadrill|Earthquake|p1a: CRUMBLER
|-activate|p1a: CRUMBLER|Protect
|
|turn|7
|callback|decision
|join|mG.arb
|
|switch|p1a: Molk's Dad|Staraptor, F|311\/311
|-damage|p1a: Molk's Dad|234\/311|[from] Stealth Rock
|move|p2a: Excadrill|Earthquake|p1a: Molk's Dad
|-immune|p1a: Molk's Dad|[msg]
|
|turn|8
|callback|decision
|
|move|p1a: Molk's Dad|Close Combat|p2a: Excadrill
|-supereffective|p2a: Excadrill
|-damage|p2a: Excadrill|0 fnt
|-unboost|p1a: Molk's Dad|def|1
|-unboost|p1a: Molk's Dad|spd|1
|faint|p2a: Excadrill
|
|callback|decision
|chat|64bitskeeter|are you my dad?
|chat|eroticllamas|yes
|chat|qpzm257|can I be your other dad?
|chat|64bitskeeter|no
|chat|mG.arb|gay
|chat|Rahmrod|hawkward
|chat|qpzm257|aww
|
|switch|p2a: Manectric|Manectric, F|282\/282
|turn|9
|callback|decision
|
|switch|p1a: Molk's Uncle|Hippowdon, F|420\/420
|-damage|p1a: Molk's Uncle|394\/420|[from] Stealth Rock
|-weather|Sandstorm
|-formechange|p2a: Manectric|Manectric-Mega
|message|Manectric has Mega Evolved into Mega Manectric!
|-ability|p2a: Manectric|Intimidate|[of] p1a: Molk's Uncle
|-unboost|p1a: Molk's Uncle|atk|1
|move|p2a: Manectric|Thunderbolt|p1a: Molk's Uncle
|-immune|p1a: Molk's Uncle|[msg]
|
|-weather|Sandstorm|[upkeep]
|-damage|p2a: Manectric|265\/282|[from] sandstorm
|-heal|p1a: Molk's Uncle|420\/420|[from] item: Leftovers
|turn|10
|callback|decision
|
|switch|p2a: Vaporeon|Vaporeon, F|200\/464
|switch|p1a: Molk's Mom|Latias, F|301\/301
|-damage|p1a: Molk's Mom|264\/301|[from] Stealth Rock
|
|-weather|Sandstorm|[upkeep]
|-damage|p1a: Molk's Mom|246\/301|[from] sandstorm
|-damage|p2a: Vaporeon|171\/464|[from] sandstorm
|-heal|p2a: Vaporeon|200\/464|[from] item: Leftovers
|turn|11
|callback|decision
|
|move|p1a: Molk's Mom|Defog|p2a: Vaporeon
|-unboost|p2a: Vaporeon|evasion|1
|-sideend|p1: eroticllamas|Stealth Rock|[from] move: Defog|[of] p1a: Molk's Mom
|move|p2a: Vaporeon|Wish|p2a: Vaporeon
|
|-weather|Sandstorm|[upkeep]
|-damage|p1a: Molk's Mom|228\/301|[from] sandstorm
|-damage|p2a: Vaporeon|171\/464|[from] sandstorm
|-heal|p2a: Vaporeon|200\/464|[from] item: Leftovers
|turn|12
|callback|decision
|chat|Rahmrod|is that american airlines flight 485
|
|move|p1a: Molk's Mom|Thunderbolt|p2a: Vaporeon
|-supereffective|p2a: Vaporeon
|-damage|p2a: Vaporeon|8\/464
|-damage|p1a: Molk's Mom|198\/301|[from] item: Life Orb
|move|p2a: Vaporeon|Scald|p1a: Molk's Mom
|-resisted|p1a: Molk's Mom
|-damage|p1a: Molk's Mom|160\/301
|
|-weather|Sandstorm|[upkeep]
|-damage|p1a: Molk's Mom|142\/301|[from] sandstorm
|-damage|p2a: Vaporeon|0 fnt|[from] sandstorm
|faint|p2a: Vaporeon
|callback|decision
|
|switch|p2a: Alakazam|Alakazam, M|252\/252
|turn|13
|callback|decision
|
|move|p2a: Alakazam|Dazzling Gleam|p1a: Molk's Mom
|-supereffective|p1a: Molk's Mom
|-damage|p1a: Molk's Mom|0 fnt
|faint|p1a: Molk's Mom
|
|-weather|none
|callback|decision
|
|switch|p1a: CRUMBLER|Aegislash, F|320\/320
|turn|14
|callback|decision
|
|move|p2a: Alakazam|Shadow Ball|p1a: CRUMBLER
|-supereffective|p1a: CRUMBLER
|-damage|p1a: CRUMBLER|176\/320
|-formechange|p1a: CRUMBLER|Aegislash-Blade
|move|p1a: CRUMBLER|Shadow Ball|p2a: Alakazam
|-supereffective|p2a: Alakazam
|-enditem|p2a: Alakazam|Focus Sash
|-damage|p2a: Alakazam|1\/252
|
|-heal|p1a: CRUMBLER|196\/320|[from] item: Leftovers
|turn|15
|callback|decision
|
|move|p1a: CRUMBLER|Shadow Sneak|p2a: Alakazam
|-supereffective|p2a: Alakazam
|-damage|p2a: Alakazam|0 fnt
|faint|p2a: Alakazam
|
|-heal|p1a: CRUMBLER|216\/320|[from] item: Leftovers
|callback|decision
|
|switch|p2a: Dragonite|Dragonite, M|324\/324
|turn|16
|callback|decision
|
|move|p2a: Dragonite|Dragon Dance|p2a: Dragonite
|-boost|p2a: Dragonite|atk|1
|-boost|p2a: Dragonite|spe|1
|move|p1a: CRUMBLER|Shadow Ball|p2a: Dragonite
|-damage|p2a: Dragonite|240\/324
|
|-heal|p1a: CRUMBLER|236\/320|[from] item: Leftovers
|turn|17
|callback|decision
|
|-formechange|p1a: CRUMBLER|Aegislash
|move|p1a: CRUMBLER|King's Shield|p1a: CRUMBLER
|-singleturn|p1a: CRUMBLER|Protect
|move|p2a: Dragonite|Dragon Dance|p2a: Dragonite
|-boost|p2a: Dragonite|atk|1
|-boost|p2a: Dragonite|spe|1
|
|-heal|p1a: CRUMBLER|256\/320|[from] item: Leftovers
|turn|18
|callback|decision
|
|move|p2a: Dragonite|Fire Punch|p1a: CRUMBLER
|-supereffective|p1a: CRUMBLER
|-damage|p1a: CRUMBLER|0 fnt
|faint|p1a: CRUMBLER
|
|callback|decision
|chat|64bitskeeter|inb4 sweep
|
|switch|p1a: Molk|Talonflame, M|297\/297
|turn|19
|callback|decision
|
|move|p2a: Dragonite|Extreme Speed|p1a: Molk
|-damage|p1a: Molk|0 fnt
|faint|p1a: Molk
|
|callback|decision
|
|switch|p1a: Molk's Uncle|Hippowdon, F|420\/420
|-weather|Sandstorm
|turn|20
|callback|decision
|
|move|p2a: Dragonite|Outrage|p1a: Molk's Uncle
|-crit|p1a: Molk's Uncle
|-damage|p1a: Molk's Uncle|0 fnt
|faint|p1a: Molk's Uncle
|
|-weather|Sandstorm|[upkeep]
|-damage|p2a: Dragonite|220\/324|[from] sandstorm
|callback|decision
|chat|eroticllamas|strong crit
|chat|eroticllamas|gg
|
|switch|p1a: Molk's Dad|Staraptor, F|234\/311
|turn|21
|callback|decision
|chat|Rahmrod|strong sad
|
|move|p2a: Dragonite|Outrage|p1a: Molk's Dad
|-damage|p1a: Molk's Dad|0 fnt
|faint|p1a: Molk's Dad
|
|-end|p2a: Dragonite|rampage
|-start|p2a: Dragonite|confusion
|-weather|Sandstorm|[upkeep]
|-damage|p2a: Dragonite|200\/324|[from] sandstorm
|callback|decision
|chat|qpzm257|gg
|
|switch|p1a: Molk's Cousin|Keldeo|323\/323
|-enditem|p2a: Dragonite|Lum Berry|[eat]
|-end|p2a: Dragonite|confusion
|turn|22
|callback|decision
|chat|64bitskeeter|you might win my love
|chat|64bitskeeter|and be my dad
|
|move|p2a: Dragonite|Outrage|p1a: Molk's Cousin
|-damage|p1a: Molk's Cousin|0 fnt
|faint|p1a: Molk's Cousin
|
|win|qpzm257
|raw|Ladder updating...
|leave|Rahmrod
|raw|eroticllamas's rating: 1280 &rarr; <strong>1256<\/strong><br \/>(-24 for losing)
|raw|qpzm257's rating: 1301 &rarr; <strong>1324<\/strong><br \/>(+23 for winning)
|join|Rahmrod
|leave|64bitskeeter
|leave|Rahmrod
|leave|eroticllamas
|player|p1
|leave|mG.arb
|join|Rahmrod
|leave|Rahmrod
|chat|qpzm257|why are so many people here?