|join|qpzm257
|join|hoodiej
|player|p1|qpzm257|101
|player|p2|hoodiej|163
|gametype|singles
|gen|6
|tier|OU (suspect test)
|rated
|clearpoke
|poke|p1|Vaporeon, F
|poke|p1|Dragonite, M
|poke|p1|Manectric, F
|poke|p1|Alakazam, M
|poke|p1|Excadrill, F
|poke|p1|Skarmory, F
|poke|p2|Heracross, M
|poke|p2|Tyranitar, M
|poke|p2|Excadrill, M
|poke|p2|Clefable, F
|poke|p2|Manaphy
|poke|p2|Landorus, M
|rule|Swagger Clause: Swagger is banned
|rule|Baton Pass Clause: Limit one PokÃ©mon knowing Baton Pass
|rule|Sleep Clause Mod: Limit one foe put to sleep
|rule|Species Clause: Limit one of each PokÃ©mon
|rule|OHKO Clause: OHKO moves are banned
|rule|Moody Clause: Moody is banned
|rule|Evasion Moves Clause: Evasion moves are banned
|rule|Endless Battle Clause: Forcing endless battles is banned
|rule|HP Percentage Mod: HP is shown in percentages
|teampreview
|
|start
|switch|p1a: Manectric|Manectric, F|282\/282
|switch|p2a: Landorus|Landorus, M|320\/320
|turn|1
|
|switch|p1a: Skarmory|Skarmory, F|334\/334
|switch|p2a: Tyranitar|Tyranitar, M|404\/404
|-weather|Sandstorm
|
|-weather|Sandstorm|[upkeep]
|turn|2
|
|move|p1a: Skarmory|Stealth Rock|p2a: Tyranitar
|-sidestart|p2: hoodiej|move: Stealth Rock
|move|p2a: Tyranitar|Stealth Rock|p1a: Skarmory
|-sidestart|p1: qpzm257|move: Stealth Rock
|
|-weather|Sandstorm|[upkeep]
|turn|3
|
|move|p2a: Tyranitar|Ice Beam|p1a: Skarmory
|-crit|p1a: Skarmory
|-damage|p1a: Skarmory|187\/334
|move|p1a: Skarmory|Whirlwind|p2a: Tyranitar
|drag|p2a: Landorus|Landorus, M|320\/320
|-damage|p2a: Landorus|280\/320|[from] Stealth Rock
|
|-weather|Sandstorm|[upkeep]
|turn|4
|
|move|p2a: Landorus|Hidden Power|p1a: Skarmory
|-supereffective|p1a: Skarmory
|-damage|p1a: Skarmory|0 fnt
|-damage|p2a: Landorus|248\/320|[from] item: Life Orb
|faint|p1a: Skarmory
|
|-weather|Sandstorm|[upkeep]
|
|switch|p1a: Vaporeon|Vaporeon, F|464\/464
|-damage|p1a: Vaporeon|406\/464|[from] Stealth Rock
|turn|5
|
|switch|p2a: Clefable|Clefable, F|394\/394
|move|p1a: Vaporeon|Scald|p2a: Clefable
|-damage|p2a: Clefable|283\/394
|-status|p2a: Clefable|brn
|
|-weather|none
|-heal|p1a: Vaporeon|435\/464|[from] item: Leftovers
|-heal|p2a: Clefable|307\/394 brn|[from] item: Leftovers
|turn|6
|
|switch|p1a: Excadrill|Excadrill, F|373\/373
|-damage|p1a: Excadrill|362\/373|[from] Stealth Rock
|-ability|p1a: Excadrill|Mold Breaker
|move|p2a: Clefable|Wish|p2a: Clefable
|
|-heal|p2a: Clefable|331\/394 brn|[from] item: Leftovers
|turn|7
|
|switch|p2a: Heracross|Heracross, M|302\/302
|-damage|p2a: Heracross|265\/302|[from] Stealth Rock
|move|p1a: Excadrill|Iron Head|p2a: Heracross
|-damage|p2a: Heracross|85\/302
|
|-heal|p2a: Heracross|282\/302|[from] move: Wish|[wisher] Clefable
|turn|8
|
|detailschange|p2a: Heracross|Heracross-Mega, M
|message|Heracross has Mega Evolved into Mega Heracross!
|move|p2a: Heracross|Close Combat|p1a: Excadrill
|-supereffective|p1a: Excadrill
|-damage|p1a: Excadrill|0 fnt
|-unboost|p2a: Heracross|def|1
|-unboost|p2a: Heracross|spd|1
|faint|p1a: Excadrill
|
|
|switch|p1a: Alakazam|Alakazam, M|252\/252
|turn|9
|
|switch|p2a: Tyranitar|Tyranitar, M|404\/404
|-damage|p2a: Tyranitar|354\/404|[from] Stealth Rock
|-weather|Sandstorm
|move|p1a: Alakazam|Psyshock|p2a: Tyranitar
|-immune|p2a: Tyranitar|[msg]
|
|-weather|Sandstorm|[upkeep]
|-heal|p2a: Tyranitar|379\/404|[from] item: Leftovers
|turn|10
|
|switch|p2a: Clefable|Clefable, F|331\/394 brn
|move|p1a: Alakazam|Focus Blast|p2a: Clefable
|-resisted|p2a: Clefable
|-damage|p2a: Clefable|247\/394 brn
|
|-weather|Sandstorm|[upkeep]
|-heal|p2a: Clefable|271\/394 brn|[from] item: Leftovers
|turn|11
|
|move|p1a: Alakazam|Psyshock|p2a: Clefable
|-damage|p2a: Clefable|135\/394 brn
|move|p2a: Clefable|Wish|p2a: Clefable
|
|-weather|Sandstorm|[upkeep]
|-heal|p2a: Clefable|159\/394 brn|[from] item: Leftovers
|turn|12
|
|switch|p1a: Manectric|Manectric, F|282\/282
|-damage|p1a: Manectric|247\/282|[from] Stealth Rock
|move|p2a: Clefable|Moonblast|p1a: Manectric
|-damage|p1a: Manectric|79\/282
|
|-weather|Sandstorm|[upkeep]
|-damage|p1a: Manectric|62\/282|[from] sandstorm
|-heal|p2a: Clefable|356\/394 brn|[from] move: Wish|[wisher] Clefable
|-heal|p2a: Clefable|380\/394 brn|[from] item: Leftovers
|turn|13
|
|detailschange|p1a: Manectric|Manectric-Mega, F
|message|Manectric has Mega Evolved into Mega Manectric!
|-ability|p1a: Manectric|Intimidate|[of] p2a: Clefable
|-unboost|p2a: Clefable|atk|1
|move|p1a: Manectric|Thunderbolt|p2a: Clefable
|-damage|p2a: Clefable|194\/394 brn
|move|p2a: Clefable|Wish|p2a: Clefable
|
|-weather|none
|-heal|p2a: Clefable|218\/394 brn|[from] item: Leftovers
|turn|14
|
|move|p1a: Manectric|Thunderbolt|p2a: Clefable
|-damage|p2a: Clefable|46\/394 brn
|move|p2a: Clefable|Moonblast|p1a: Manectric
|-damage|p1a: Manectric|0 fnt
|faint|p1a: Manectric
|
|-heal|p2a: Clefable|243\/394 brn|[from] move: Wish|[wisher] Clefable
|-heal|p2a: Clefable|267\/394 brn|[from] item: Leftovers
|
|switch|p1a: Vaporeon|Vaporeon, F|435\/464
|-damage|p1a: Vaporeon|377\/464|[from] Stealth Rock
|turn|15
|
|move|p1a: Vaporeon|Wish|p1a: Vaporeon
|move|p2a: Clefable|Wish|p2a: Clefable
|
|-heal|p1a: Vaporeon|406\/464|[from] item: Leftovers
|-heal|p2a: Clefable|291\/394 brn|[from] item: Leftovers
|turn|16
|
|switch|p2a: Heracross|Heracross-Mega, M|282\/302
|-damage|p2a: Heracross|245\/302|[from] Stealth Rock
|move|p1a: Vaporeon|Scald|p2a: Heracross
|-damage|p2a: Heracross|149\/302
|-status|p2a: Heracross|brn
|
|-heal|p2a: Heracross|302\/302 brn|[from] move: Wish|[wisher] Clefable
|-heal|p1a: Vaporeon|464\/464|[from] move: Wish|[wisher] Vaporeon
|-damage|p2a: Heracross|265\/302 brn|[from] brn
|turn|17
|
|move|p1a: Vaporeon|Protect|p1a: Vaporeon
|-singleturn|p1a: Vaporeon|Protect
|move|p2a: Heracross|Bullet Seed|p1a: Vaporeon
|-activate|p1a: Vaporeon|Protect
|
|-damage|p2a: Heracross|228\/302 brn|[from] brn
|turn|18
|
|move|p2a: Heracross|Rock Blast|p1a: Vaporeon
|-damage|p1a: Vaporeon|437\/464
|-damage|p1a: Vaporeon|409\/464
|-damage|p1a: Vaporeon|379\/464
|-damage|p1a: Vaporeon|349\/464
|-damage|p1a: Vaporeon|318\/464
|-hitcount|p1a: Vaporeon|5
|move|p1a: Vaporeon|Scald|p2a: Heracross
|-damage|p2a: Heracross|126\/302 brn
|
|-heal|p1a: Vaporeon|347\/464|[from] item: Leftovers
|-damage|p2a: Heracross|89\/302 brn|[from] brn
|turn|19
|
|move|p2a: Heracross|Bullet Seed|p1a: Vaporeon
|-supereffective|p1a: Vaporeon
|-damage|p1a: Vaporeon|291\/464
|-crit|p1a: Vaporeon
|-supereffective|p1a: Vaporeon
|-damage|p1a: Vaporeon|211\/464
|-supereffective|p1a: Vaporeon
|-damage|p1a: Vaporeon|149\/464
|-supereffective|p1a: Vaporeon
|-damage|p1a: Vaporeon|95\/464
|-supereffective|p1a: Vaporeon
|-damage|p1a: Vaporeon|39\/464
|-hitcount|p1a: Vaporeon|5
|move|p1a: Vaporeon|Wish|p1a: Vaporeon
|
|-heal|p1a: Vaporeon|68\/464|[from] item: Leftovers
|-damage|p2a: Heracross|52\/302 brn|[from] brn
|turn|20
|
|switch|p2a: Tyranitar|Tyranitar, M|379\/404
|-damage|p2a: Tyranitar|329\/404|[from] Stealth Rock
|-weather|Sandstorm
|move|p1a: Vaporeon|Protect|p1a: Vaporeon
|-fail|p1a: Vaporeon
|
|-weather|Sandstorm|[upkeep]
|-damage|p1a: Vaporeon|39\/464|[from] sandstorm
|-heal|p1a: Vaporeon|271\/464|[from] move: Wish|[wisher] Vaporeon
|-heal|p1a: Vaporeon|300\/464|[from] item: Leftovers
|-heal|p2a: Tyranitar|354\/404|[from] item: Leftovers
|turn|21
|
|move|p1a: Vaporeon|Wish|p1a: Vaporeon
|move|p2a: Tyranitar|Crunch|p1a: Vaporeon
|-damage|p1a: Vaporeon|125\/464
|
|-weather|Sandstorm|[upkeep]
|-damage|p1a: Vaporeon|96\/464|[from] sandstorm
|-heal|p1a: Vaporeon|125\/464|[from] item: Leftovers
|-heal|p2a: Tyranitar|379\/404|[from] item: Leftovers
|turn|22
|
|move|p1a: Vaporeon|Protect|p1a: Vaporeon
|-singleturn|p1a: Vaporeon|Protect
|move|p2a: Tyranitar|Crunch|p1a: Vaporeon
|-activate|p1a: Vaporeon|Protect
|
|-weather|Sandstorm|[upkeep]
|-damage|p1a: Vaporeon|96\/464|[from] sandstorm
|-heal|p1a: Vaporeon|328\/464|[from] move: Wish|[wisher] Vaporeon
|-heal|p1a: Vaporeon|357\/464|[from] item: Leftovers
|-heal|p2a: Tyranitar|404\/404|[from] item: Leftovers
|turn|23
|
|switch|p2a: Excadrill|Excadrill, M|362\/362
|-damage|p2a: Excadrill|351\/362|[from] Stealth Rock
|-item|p2a: Excadrill|Air Balloon
|move|p1a: Vaporeon|Scald|p2a: Excadrill
|-supereffective|p2a: Excadrill
|-damage|p2a: Excadrill|43\/362
|-enditem|p2a: Excadrill|Air Balloon
|
|-weather|Sandstorm|[upkeep]
|-damage|p1a: Vaporeon|328\/464|[from] sandstorm
|-heal|p1a: Vaporeon|357\/464|[from] item: Leftovers
|turn|24
|
|move|p1a: Vaporeon|Protect|p1a: Vaporeon
|-singleturn|p1a: Vaporeon|Protect
|move|p2a: Excadrill|Earthquake|p1a: Vaporeon
|-activate|p1a: Vaporeon|Protect
|
|-weather|none
|-heal|p1a: Vaporeon|386\/464|[from] item: Leftovers
|turn|25
|
|move|p2a: Excadrill|Earthquake|p1a: Vaporeon
|-damage|p1a: Vaporeon|124\/464
|move|p1a: Vaporeon|Wish|p1a: Vaporeon
|
|-heal|p1a: Vaporeon|153\/464|[from] item: Leftovers
|turn|26
|
|switch|p1a: Dragonite|Dragonite, M|324\/324
|-damage|p1a: Dragonite|243\/324|[from] Stealth Rock
|move|p2a: Excadrill|Rock Slide|p1a: Dragonite
|-supereffective|p1a: Dragonite
|-damage|p1a: Dragonite|35\/324
|-enditem|p1a: Dragonite|Weakness Policy
|-boost|p1a: Dragonite|atk|2|[from] item: Weakness Policy
|-boost|p1a: Dragonite|spa|2|[from] item: Weakness Policy
|
|-heal|p1a: Dragonite|267\/324|[from] move: Wish|[wisher] Vaporeon
|turn|27
|
|switch|p2a: Clefable|Clefable, F|291\/394 brn
|move|p1a: Dragonite|Dragon Dance|p1a: Dragonite
|-boost|p1a: Dragonite|atk|1
|-boost|p1a: Dragonite|spe|1
|
|-heal|p2a: Clefable|315\/394 brn|[from] item: Leftovers
|turn|28
|
|move|p1a: Dragonite|Extreme Speed|p2a: Clefable
|-damage|p2a: Clefable|73\/394 brn
|move|p2a: Clefable|Thunder Wave|p1a: Dragonite
|-status|p1a: Dragonite|par
|
|-heal|p2a: Clefable|97\/394 brn|[from] item: Leftovers
|turn|29
|
|move|p1a: Dragonite|Extreme Speed|p2a: Clefable
|-damage|p2a: Clefable|0 fnt
|faint|p2a: Clefable
|
|
|switch|p2a: Tyranitar|Tyranitar, M|404\/404
|-damage|p2a: Tyranitar|354\/404|[from] Stealth Rock
|-weather|Sandstorm
|turn|30
|chat|qpzm257|thank god that thing is gone
|
|move|p2a: Tyranitar|Ice Beam|p1a: Dragonite
|-supereffective|p1a: Dragonite
|-damage|p1a: Dragonite|0 fnt
|faint|p1a: Dragonite
|
|-weather|Sandstorm|[upkeep]
|-heal|p2a: Tyranitar|379\/404|[from] item: Leftovers
|
|switch|p1a: Alakazam|Alakazam, M|252\/252
|turn|31
|chat|qpzm257|I'm screwed anyway though
|
|switch|p2a: Heracross|Heracross-Mega, M|52\/302 brn
|-damage|p2a: Heracross|15\/302 brn|[from] Stealth Rock
|move|p1a: Alakazam|Focus Blast|p2a: Heracross
|-resisted|p2a: Heracross
|-damage|p2a: Heracross|0 fnt
|faint|p2a: Heracross
|
|-weather|Sandstorm|[upkeep]
|
|switch|p2a: Landorus|Landorus, M|248\/320
|-damage|p2a: Landorus|208\/320|[from] Stealth Rock
|turn|32
|
|move|p1a: Alakazam|Psyshock|p2a: Landorus
|-damage|p2a: Landorus|37\/320
|move|p2a: Landorus|Earth Power|p1a: Alakazam
|-crit|p1a: Alakazam
|-enditem|p1a: Alakazam|Focus Sash
|-damage|p1a: Alakazam|1\/252
|
|-weather|Sandstorm|[upkeep]
|turn|33
|
|move|p1a: Alakazam|Dazzling Gleam|p2a: Landorus
|-damage|p2a: Landorus|0 fnt
|faint|p2a: Landorus
|
|-weather|Sandstorm|[upkeep]
|
|switch|p2a: Manaphy|Manaphy|404\/404
|-damage|p2a: Manaphy|354\/404|[from] Stealth Rock
|turn|34
|
|switch|p1a: Vaporeon|Vaporeon, F|153\/464
|-damage|p1a: Vaporeon|95\/464|[from] Stealth Rock
|move|p2a: Manaphy|Calm Mind|p2a: Manaphy
|-boost|p2a: Manaphy|spa|1
|-boost|p2a: Manaphy|spd|1
|
|-weather|none
|-heal|p2a: Manaphy|379\/404|[from] item: Leftovers
|-heal|p1a: Vaporeon|124\/464|[from] item: Leftovers
|turn|35
|
|switch|p2a: Tyranitar|Tyranitar, M|379\/404
|-damage|p2a: Tyranitar|329\/404|[from] Stealth Rock
|-weather|Sandstorm
|move|p1a: Vaporeon|Wish|p1a: Vaporeon
|
|-weather|Sandstorm|[upkeep]
|-damage|p1a: Vaporeon|95\/464|[from] sandstorm
|-heal|p1a: Vaporeon|124\/464|[from] item: Leftovers
|-heal|p2a: Tyranitar|354\/404|[from] item: Leftovers
|turn|36
|
|move|p1a: Vaporeon|Protect|p1a: Vaporeon
|-singleturn|p1a: Vaporeon|Protect
|move|p2a: Tyranitar|Crunch|p1a: Vaporeon
|-activate|p1a: Vaporeon|Protect
|
|-weather|Sandstorm|[upkeep]
|-damage|p1a: Vaporeon|95\/464|[from] sandstorm
|-heal|p1a: Vaporeon|327\/464|[from] move: Wish|[wisher] Vaporeon
|-heal|p1a: Vaporeon|356\/464|[from] item: Leftovers
|-heal|p2a: Tyranitar|379\/404|[from] item: Leftovers
|turn|37
|chat|qpzm257|how am I still kind of in this?
|
|move|p1a: Vaporeon|Scald|p2a: Tyranitar
|-supereffective|p2a: Tyranitar
|-damage|p2a: Tyranitar|245\/404
|-status|p2a: Tyranitar|brn
|move|p2a: Tyranitar|Crunch|p1a: Vaporeon
|-damage|p1a: Vaporeon|266\/464
|
|-weather|Sandstorm|[upkeep]
|-damage|p1a: Vaporeon|237\/464|[from] sandstorm
|-heal|p1a: Vaporeon|266\/464|[from] item: Leftovers
|-heal|p2a: Tyranitar|270\/404 brn|[from] item: Leftovers
|-damage|p2a: Tyranitar|220\/404 brn|[from] brn
|turn|38
|-message|hoodiej forfeited.
|
|win|qpzm257
|raw|Ladder updating...
|raw|qpzm257's rating: 1135 &rarr; <strong>1166<\/strong><br \/>(+31 for winning)
|raw|hoodiej's rating: 1214 &rarr; <strong>1183<\/strong><br \/>(-31 for losing)
|leave|hoodiej
|player|p2