|join|qpzm257
|join|sea captain
|player|p1|qpzm257|101
|player|p2|sea captain|261
|gametype|singles
|gen|6
|tier|OU (suspect test)
|rated
|clearpoke
|poke|p1|Metagross
|poke|p1|Rotom-Wash
|poke|p1|Conkeldurr, F
|poke|p1|Hydreigon, M
|poke|p1|Skarmory, F
|poke|p1|Clefable, M
|poke|p2|Venusaur, M
|poke|p2|Heatran, F
|poke|p2|Quagsire, M
|poke|p2|Skarmory, M
|poke|p2|Sylveon, F
|poke|p2|Reuniclus, F
|rule|Swagger Clause: Swagger is banned
|rule|Baton Pass Clause: Limit one PokÃ©mon knowing Baton Pass
|rule|Sleep Clause Mod: Limit one foe put to sleep
|rule|Species Clause: Limit one of each PokÃ©mon
|rule|OHKO Clause: OHKO moves are banned
|rule|Moody Clause: Moody is banned
|rule|Evasion Moves Clause: Evasion moves are banned
|rule|Endless Battle Clause: Forcing endless battles is banned
|rule|HP Percentage Mod: HP is shown in percentages
|teampreview
|
|start
|switch|p1a: Metagross|Metagross|302\/302
|switch|p2a: Venusaur|Venusaur, M|364\/364
|turn|1
|
|switch|p2a: Skarmory|Skarmory, M|334\/334
|detailschange|p1a: Metagross|Metagross-Mega
|-mega|p1a: Metagross|Metagross|Metagrossite
|move|p1a: Metagross|Zen Headbutt|p2a: Skarmory
|-resisted|p2a: Skarmory
|-damage|p2a: Skarmory|273\/334
|
|-heal|p2a: Skarmory|293\/334|[from] item: Leftovers
|turn|2
|join|HebiXIII
|
|switch|p1a: Rotom-Wash|Rotom-Wash|304\/304
|move|p2a: Skarmory|Stealth Rock|p1a: Rotom-Wash
|-sidestart|p1: qpzm257|move: Stealth Rock
|
|-heal|p2a: Skarmory|313\/334|[from] item: Leftovers
|turn|3
|leave|HebiXIII
|
|switch|p2a: Venusaur|Venusaur, M|364\/364
|move|p1a: Rotom-Wash|Will-O-Wisp|p2a: Venusaur
|-status|p2a: Venusaur|brn
|
|-damage|p2a: Venusaur|319\/364 brn|[from] brn
|turn|4
|
|detailschange|p2a: Venusaur|Venusaur-Mega, M
|-mega|p2a: Venusaur|Venusaur|Venusaurite
|move|p1a: Rotom-Wash|Volt Switch|p2a: Venusaur
|-resisted|p2a: Venusaur
|-damage|p2a: Venusaur|285\/364 brn
|
|switch|p1a: Clefable|Clefable, M|394\/394
|move|p2a: Venusaur|Giga Drain|p1a: Clefable
|-damage|p1a: Clefable|306\/394
|-heal|p2a: Venusaur|329\/364 brn|[from] drain|[of] p1a: Clefable
|
|-heal|p1a: Clefable|330\/394|[from] item: Leftovers
|-damage|p2a: Venusaur|284\/364 brn|[from] brn
|turn|5
|
|switch|p2a: Sylveon|Sylveon, F|394\/394
|switch|p1a: Skarmory|Skarmory, F|334\/334
|-damage|p1a: Skarmory|293\/334|[from] Stealth Rock
|
|turn|6
|
|move|p1a: Skarmory|Stealth Rock|p2a: Sylveon
|-sidestart|p2: sea captain|move: Stealth Rock
|move|p2a: Sylveon|Wish|p2a: Sylveon
|
|turn|7
|
|move|p2a: Sylveon|Heal Bell|p2a: Sylveon
|-cureteam|p2a: Sylveon|[from] move: HealBell
|move|p1a: Skarmory|Whirlwind|p2a: Sylveon
|drag|p2a: Skarmory|Skarmory, M|313\/334
|-damage|p2a: Skarmory|272\/334|[from] Stealth Rock
|
|-heal|p2a: Skarmory|334\/334|[from] move: Wish|[wisher] Sylveon
|turn|8
|
|switch|p1a: Rotom-Wash|Rotom-Wash|304\/304
|-damage|p1a: Rotom-Wash|266\/304|[from] Stealth Rock
|move|p2a: Skarmory|Whirlwind|p1a: Rotom-Wash
|drag|p1a: Clefable|Clefable, M|330\/394
|
|-heal|p1a: Clefable|354\/394|[from] item: Leftovers
|turn|9
|
|switch|p2a: Heatran|Heatran, F|386\/386
|-damage|p2a: Heatran|338\/386|[from] Stealth Rock
|move|p1a: Clefable|Flamethrower|p2a: Heatran
|-start|p2a: Heatran|ability: Flash Fire
|
|-heal|p2a: Heatran|362\/386|[from] item: Leftovers
|-heal|p1a: Clefable|378\/394|[from] item: Leftovers
|turn|10
|
|switch|p1a: Rotom-Wash|Rotom-Wash|266\/304
|-damage|p1a: Rotom-Wash|228\/304|[from] Stealth Rock
|move|p2a: Heatran|Magma Storm|p1a: Rotom-Wash
|-resisted|p1a: Rotom-Wash
|-damage|p1a: Rotom-Wash|120\/304
|-activate|p1a: Rotom-Wash|move: Magma Storm|[of] p2a: Heatran
|
|-heal|p1a: Rotom-Wash|139\/304|[from] item: Leftovers
|-heal|p2a: Heatran|386\/386|[from] item: Leftovers
|-damage|p1a: Rotom-Wash|101\/304|[from] move: Magma Storm|[partiallytrapped]
|turn|11
|
|move|p1a: Rotom-Wash|Pain Split|p2a: Heatran
|-sethp|p2a: Heatran|243\/386|p1a: Rotom-Wash|243\/304|[from] move: Pain Split
|move|p2a: Heatran|Magma Storm|p1a: Rotom-Wash
|-resisted|p1a: Rotom-Wash
|-damage|p1a: Rotom-Wash|135\/304
|
|-heal|p1a: Rotom-Wash|154\/304|[from] item: Leftovers
|-heal|p2a: Heatran|267\/386|[from] item: Leftovers
|-damage|p1a: Rotom-Wash|116\/304|[from] move: Magma Storm|[partiallytrapped]
|turn|12
|
|move|p2a: Heatran|Protect|p2a: Heatran
|-singleturn|p2a: Heatran|Protect
|move|p1a: Rotom-Wash|Pain Split|p2a: Heatran
|-activate|p2a: Heatran|Protect
|
|-heal|p1a: Rotom-Wash|135\/304|[from] item: Leftovers
|-heal|p2a: Heatran|291\/386|[from] item: Leftovers
|-damage|p1a: Rotom-Wash|97\/304|[from] move: Magma Storm|[partiallytrapped]
|turn|13
|
|move|p1a: Rotom-Wash|Pain Split|p2a: Heatran
|-sethp|p2a: Heatran|194\/386|p1a: Rotom-Wash|194\/304|[from] move: Pain Split
|move|p2a: Heatran|Taunt|p1a: Rotom-Wash
|-start|p1a: Rotom-Wash|move: Taunt
|
|-heal|p1a: Rotom-Wash|213\/304|[from] item: Leftovers
|-heal|p2a: Heatran|218\/386|[from] item: Leftovers
|-damage|p1a: Rotom-Wash|175\/304|[from] move: Magma Storm|[partiallytrapped]
|turn|14
|
|move|p2a: Heatran|Protect|p2a: Heatran
|-singleturn|p2a: Heatran|Protect
|move|p1a: Rotom-Wash|Hydro Pump|p2a: Heatran
|-activate|p2a: Heatran|Protect
|
|-heal|p1a: Rotom-Wash|194\/304|[from] item: Leftovers
|-heal|p2a: Heatran|242\/386|[from] item: Leftovers
|-damage|p1a: Rotom-Wash|156\/304|[from] move: Magma Storm|[partiallytrapped]
|turn|15
|
|move|p1a: Rotom-Wash|Hydro Pump|p2a: Heatran
|-supereffective|p2a: Heatran
|-damage|p2a: Heatran|60\/386
|move|p2a: Heatran|Toxic|p1a: Rotom-Wash
|-status|p1a: Rotom-Wash|tox
|
|-heal|p1a: Rotom-Wash|175\/304 tox|[from] item: Leftovers
|-heal|p2a: Heatran|84\/386|[from] item: Leftovers
|-damage|p1a: Rotom-Wash|156\/304 tox|[from] psn
|-end|p1a: Rotom-Wash|Magma Storm|[partiallytrapped]
|turn|16
|
|move|p2a: Heatran|Protect|p2a: Heatran
|-singleturn|p2a: Heatran|Protect
|move|p1a: Rotom-Wash|Hydro Pump|p2a: Heatran
|-activate|p2a: Heatran|Protect
|
|-heal|p1a: Rotom-Wash|175\/304 tox|[from] item: Leftovers
|-heal|p2a: Heatran|108\/386|[from] item: Leftovers
|-damage|p1a: Rotom-Wash|137\/304 tox|[from] psn
|-end|p1a: Rotom-Wash|move: Taunt
|turn|17
|
|switch|p2a: Sylveon|Sylveon, F|394\/394
|-damage|p2a: Sylveon|345\/394|[from] Stealth Rock
|move|p1a: Rotom-Wash|Volt Switch|p2a: Sylveon
|-damage|p2a: Sylveon|279\/394
|
|switch|p1a: Metagross|Metagross-Mega|302\/302
|-damage|p1a: Metagross|284\/302|[from] Stealth Rock
|
|-heal|p2a: Sylveon|303\/394|[from] item: Leftovers
|turn|18
|
|switch|p2a: Skarmory|Skarmory, M|334\/334
|-damage|p2a: Skarmory|293\/334|[from] Stealth Rock
|move|p1a: Metagross|Meteor Mash|p2a: Skarmory
|-resisted|p2a: Skarmory
|-damage|p2a: Skarmory|224\/334
|
|-heal|p2a: Skarmory|244\/334|[from] item: Leftovers
|turn|19
|
|move|p1a: Metagross|Meteor Mash|p2a: Skarmory
|-resisted|p2a: Skarmory
|-damage|p2a: Skarmory|181\/334
|move|p2a: Skarmory|Roost|p2a: Skarmory
|-heal|p2a: Skarmory|334\/334
|
|turn|20
|
|move|p1a: Metagross|Meteor Mash|p2a: Skarmory
|-resisted|p2a: Skarmory
|-damage|p2a: Skarmory|268\/334
|move|p2a: Skarmory|Defog|p1a: Metagross
|-unboost|p1a: Metagross|evasion|1
|-sideend|p1: qpzm257|Stealth Rock|[from] move: Defog|[of] p1a: Metagross
|-sideend|p2: sea captain|Stealth Rock|[from] move: Defog|[of] p2a: Skarmory
|
|-heal|p2a: Skarmory|288\/334|[from] item: Leftovers
|turn|21
|
|switch|p1a: Rotom-Wash|Rotom-Wash|137\/304 tox
|move|p2a: Skarmory|Stealth Rock|p1a: Rotom-Wash
|-sidestart|p1: qpzm257|move: Stealth Rock
|
|-heal|p1a: Rotom-Wash|156\/304 tox|[from] item: Leftovers
|-heal|p2a: Skarmory|308\/334|[from] item: Leftovers
|-damage|p1a: Rotom-Wash|137\/304 tox|[from] psn
|turn|22
|
|switch|p2a: Quagsire|Quagsire, M|394\/394
|move|p1a: Rotom-Wash|Volt Switch|p2a: Quagsire
|-immune|p2a: Quagsire|[msg]
|
|-heal|p1a: Rotom-Wash|156\/304 tox|[from] item: Leftovers
|-damage|p1a: Rotom-Wash|118\/304 tox|[from] psn
|turn|23
|
|switch|p2a: Reuniclus|Reuniclus, F|424\/424
|move|p1a: Rotom-Wash|Will-O-Wisp|p2a: Reuniclus
|-status|p2a: Reuniclus|brn
|
|-heal|p1a: Rotom-Wash|137\/304 tox|[from] item: Leftovers
|-damage|p1a: Rotom-Wash|80\/304 tox|[from] psn
|turn|24
|
|switch|p1a: Hydreigon|Hydreigon, M|326\/326
|-damage|p1a: Hydreigon|286\/326|[from] Stealth Rock
|move|p2a: Reuniclus|Psychic|p1a: Hydreigon
|-immune|p1a: Hydreigon|[msg]
|
|turn|25
|
|switch|p2a: Sylveon|Sylveon, F|303\/394
|move|p1a: Hydreigon|U-turn|p2a: Sylveon
|-resisted|p2a: Sylveon
|-damage|p2a: Sylveon|274\/394
|
|switch|p1a: Metagross|Metagross-Mega|284\/302
|-damage|p1a: Metagross|266\/302|[from] Stealth Rock
|
|-heal|p2a: Sylveon|298\/394|[from] item: Leftovers
|turn|26
|
|switch|p2a: Skarmory|Skarmory, M|308\/334
|move|p1a: Metagross|Meteor Mash|p2a: Skarmory
|-resisted|p2a: Skarmory
|-damage|p2a: Skarmory|238\/334
|-boost|p1a: Metagross|atk|1
|
|-heal|p2a: Skarmory|258\/334|[from] item: Leftovers
|turn|27
|
|switch|p1a: Conkeldurr|Conkeldurr, F|401\/401
|-damage|p1a: Conkeldurr|376\/401|[from] Stealth Rock
|move|p2a: Skarmory|Roost|p2a: Skarmory
|-heal|p2a: Skarmory|334\/334
|
|turn|28
|
|move|p1a: Conkeldurr|Knock Off|p2a: Skarmory
|-damage|p2a: Skarmory|256\/334
|-enditem|p2a: Skarmory|Leftovers|[from] move: Knock Off|[of] p1a: Conkeldurr
|move|p2a: Skarmory|Whirlwind|p1a: Conkeldurr
|drag|p1a: Clefable|Clefable, M|378\/394
|
|-heal|p1a: Clefable|394\/394|[from] item: Leftovers
|turn|29
|
|switch|p2a: Sylveon|Sylveon, F|298\/394
|move|p1a: Clefable|Calm Mind|p1a: Clefable
|-boost|p1a: Clefable|spa|1
|-boost|p1a: Clefable|spd|1
|
|-heal|p2a: Sylveon|322\/394|[from] item: Leftovers
|turn|30
|
|move|p1a: Clefable|Calm Mind|p1a: Clefable
|-boost|p1a: Clefable|spa|1
|-boost|p1a: Clefable|spd|1
|move|p2a: Sylveon|Wish|p2a: Sylveon
|
|-heal|p2a: Sylveon|346\/394|[from] item: Leftovers
|turn|31
|
|switch|p2a: Heatran|Heatran, F|108\/386
|move|p1a: Clefable|Moonblast|p2a: Heatran
|-resisted|p2a: Heatran
|-damage|p2a: Heatran|69\/386
|
|-heal|p2a: Heatran|266\/386|[from] move: Wish|[wisher] Sylveon
|-heal|p2a: Heatran|290\/386|[from] item: Leftovers
|turn|32
|
|move|p2a: Heatran|Taunt|p1a: Clefable
|-start|p1a: Clefable|move: Taunt
|cant|p1a: Clefable|move: Taunt|Calm Mind
|
|-heal|p2a: Heatran|314\/386|[from] item: Leftovers
|turn|33
|
|move|p2a: Heatran|Magma Storm|p1a: Clefable
|-damage|p1a: Clefable|330\/394
|-activate|p1a: Clefable|move: Magma Storm|[of] p2a: Heatran
|move|p1a: Clefable|Moonblast|p2a: Heatran
|-resisted|p2a: Heatran
|-damage|p2a: Heatran|280\/386
|
|-heal|p2a: Heatran|304\/386|[from] item: Leftovers
|-heal|p1a: Clefable|354\/394|[from] item: Leftovers
|turn|34
|
|switch|p2a: Quagsire|Quagsire, M|394\/394
|move|p1a: Clefable|Moonblast|p2a: Quagsire
|-damage|p2a: Quagsire|253\/394
|-unboost|p2a: Quagsire|spa|1
|
|-heal|p1a: Clefable|378\/394|[from] item: Leftovers
|-heal|p2a: Quagsire|277\/394|[from] item: Leftovers
|-end|p1a: Clefable|Magma Storm|[partiallytrapped]
|-end|p1a: Clefable|move: Taunt
|turn|35
|
|move|p1a: Clefable|Moonblast|p2a: Quagsire
|-damage|p2a: Quagsire|136\/394
|move|p2a: Quagsire|Recover|p2a: Quagsire
|-heal|p2a: Quagsire|333\/394
|
|-heal|p1a: Clefable|394\/394|[from] item: Leftovers
|-heal|p2a: Quagsire|357\/394|[from] item: Leftovers
|turn|36
|
|move|p1a: Clefable|Flamethrower|p2a: Quagsire
|-resisted|p2a: Quagsire
|-damage|p2a: Quagsire|311\/394
|-status|p2a: Quagsire|brn
|move|p2a: Quagsire|Haze|p2a: Quagsire
|-clearallboost
|
|-heal|p2a: Quagsire|335\/394 brn|[from] item: Leftovers
|-damage|p2a: Quagsire|286\/394 brn|[from] brn
|turn|37
|
|switch|p1a: Conkeldurr|Conkeldurr, F|376\/401
|-damage|p1a: Conkeldurr|351\/401|[from] Stealth Rock
|move|p2a: Quagsire|Recover|p2a: Quagsire
|-heal|p2a: Quagsire|394\/394 brn
|
|-damage|p2a: Quagsire|345\/394 brn|[from] brn
|turn|38
|
|move|p1a: Conkeldurr|Drain Punch|p2a: Quagsire
|-damage|p2a: Quagsire|228\/394 brn
|-heal|p1a: Conkeldurr|401\/401|[from] drain|[of] p2a: Quagsire
|move|p2a: Quagsire|Toxic|p1a: Conkeldurr|[miss]
|-miss|p2a: Quagsire|p1a: Conkeldurr
|
|-heal|p2a: Quagsire|252\/394 brn|[from] item: Leftovers
|-damage|p2a: Quagsire|203\/394 brn|[from] brn
|turn|39
|
|move|p1a: Conkeldurr|Knock Off|p2a: Quagsire
|-damage|p2a: Quagsire|105\/394 brn
|-enditem|p2a: Quagsire|Leftovers|[from] move: Knock Off|[of] p1a: Conkeldurr
|move|p2a: Quagsire|Recover|p2a: Quagsire
|-heal|p2a: Quagsire|302\/394 brn
|
|-damage|p2a: Quagsire|253\/394 brn|[from] brn
|turn|40
|
|switch|p2a: Sylveon|Sylveon, F|346\/394
|move|p1a: Conkeldurr|Drain Punch|p2a: Sylveon
|-resisted|p2a: Sylveon
|-damage|p2a: Sylveon|270\/394
|
|-heal|p2a: Sylveon|294\/394|[from] item: Leftovers
|turn|41
|
|move|p2a: Sylveon|Heal Bell|p2a: Sylveon
|-cureteam|p2a: Sylveon|[from] move: HealBell
|move|p1a: Conkeldurr|Knock Off|p2a: Sylveon
|-resisted|p2a: Sylveon
|-damage|p2a: Sylveon|231\/394
|-enditem|p2a: Sylveon|Leftovers|[from] move: Knock Off|[of] p1a: Conkeldurr
|
|turn|42
|
|switch|p1a: Metagross|Metagross-Mega|266\/302
|-damage|p1a: Metagross|248\/302|[from] Stealth Rock
|move|p2a: Sylveon|Wish|p2a: Sylveon
|
|turn|43
|
|switch|p1a: Rotom-Wash|Rotom-Wash|80\/304 tox
|-damage|p1a: Rotom-Wash|42\/304 tox|[from] Stealth Rock
|move|p2a: Sylveon|Protect|p2a: Sylveon
|-fail|p2a: Sylveon
|
|-heal|p2a: Sylveon|394\/394|[from] move: Wish|[wisher] Sylveon
|-heal|p1a: Rotom-Wash|61\/304 tox|[from] item: Leftovers
|-damage|p1a: Rotom-Wash|42\/304 tox|[from] psn
|turn|44
|
|move|p1a: Rotom-Wash|Pain Split|p2a: Sylveon
|-sethp|p2a: Sylveon|218\/394|p1a: Rotom-Wash|218\/304 tox|[from] move: Pain Split
|move|p2a: Sylveon|Hyper Voice|p1a: Rotom-Wash
|-damage|p1a: Rotom-Wash|88\/304 tox
|
|-heal|p1a: Rotom-Wash|107\/304 tox|[from] item: Leftovers
|-damage|p1a: Rotom-Wash|69\/304 tox|[from] psn
|turn|45
|
|move|p1a: Rotom-Wash|Pain Split|p2a: Sylveon
|-sethp|p2a: Sylveon|143\/394|p1a: Rotom-Wash|143\/304 tox|[from] move: Pain Split
|move|p2a: Sylveon|Hyper Voice|p1a: Rotom-Wash
|-damage|p1a: Rotom-Wash|0 fnt
|faint|p1a: Rotom-Wash
|
|
|switch|p1a: Metagross|Metagross-Mega|248\/302
|-damage|p1a: Metagross|230\/302|[from] Stealth Rock
|turn|46
|
|switch|p1a: Hydreigon|Hydreigon, M|286\/326
|-damage|p1a: Hydreigon|246\/326|[from] Stealth Rock
|move|p2a: Sylveon|Protect|p2a: Sylveon
|-fail|p2a: Sylveon
|
|turn|47
|
|move|p1a: Hydreigon|U-turn|p2a: Sylveon
|-resisted|p2a: Sylveon
|-damage|p2a: Sylveon|116\/394
|
|switch|p1a: Metagross|Metagross-Mega|230\/302
|-damage|p1a: Metagross|212\/302|[from] Stealth Rock
|move|p2a: Sylveon|Wish|p2a: Sylveon
|
|turn|48
|
|move|p2a: Sylveon|Protect|p2a: Sylveon
|-singleturn|p2a: Sylveon|Protect
|move|p1a: Metagross|Meteor Mash|p2a: Sylveon
|-activate|p2a: Sylveon|Protect
|
|-heal|p2a: Sylveon|313\/394|[from] move: Wish|[wisher] Sylveon
|turn|49
|
|switch|p2a: Skarmory|Skarmory, M|256\/334
|move|p1a: Metagross|Meteor Mash|p2a: Skarmory
|-resisted|p2a: Skarmory
|-damage|p2a: Skarmory|192\/334
|
|turn|50
|
|switch|p1a: Skarmory|Skarmory, F|293\/334
|-damage|p1a: Skarmory|252\/334|[from] Stealth Rock
|move|p2a: Skarmory|Roost|p2a: Skarmory
|-heal|p2a: Skarmory|334\/334
|
|turn|51
|
|switch|p2a: Heatran|Heatran, F|304\/386
|move|p1a: Skarmory|Stealth Rock|p2a: Heatran
|-sidestart|p2: sea captain|move: Stealth Rock
|
|-heal|p2a: Heatran|328\/386|[from] item: Leftovers
|turn|52
|
|switch|p1a: Conkeldurr|Conkeldurr, F|401\/401
|-damage|p1a: Conkeldurr|376\/401|[from] Stealth Rock
|move|p2a: Heatran|Magma Storm|p1a: Conkeldurr|[miss]
|-miss|p2a: Heatran|p1a: Conkeldurr
|
|-heal|p2a: Heatran|352\/386|[from] item: Leftovers
|turn|53
|
|switch|p2a: Sylveon|Sylveon, F|313\/394
|-damage|p2a: Sylveon|264\/394|[from] Stealth Rock
|move|p1a: Conkeldurr|Ice Punch|p2a: Sylveon
|-damage|p2a: Sylveon|169\/394
|
|turn|54
|
|switch|p1a: Clefable|Clefable, M|394\/394
|move|p2a: Sylveon|Wish|p2a: Sylveon
|
|turn|55
|
|move|p2a: Sylveon|Hyper Voice|p1a: Clefable
|-damage|p1a: Clefable|264\/394
|move|p1a: Clefable|Calm Mind|p1a: Clefable
|-boost|p1a: Clefable|spa|1
|-boost|p1a: Clefable|spd|1
|
|-heal|p2a: Sylveon|366\/394|[from] move: Wish|[wisher] Sylveon
|-heal|p1a: Clefable|288\/394|[from] item: Leftovers
|turn|56
|
|switch|p2a: Quagsire|Quagsire, M|253\/394
|-damage|p2a: Quagsire|229\/394|[from] Stealth Rock
|move|p1a: Clefable|Moonblast|p2a: Quagsire
|-damage|p2a: Quagsire|79\/394
|-unboost|p2a: Quagsire|spa|1
|
|-heal|p1a: Clefable|312\/394|[from] item: Leftovers
|turn|57
|
|switch|p2a: Heatran|Heatran, F|352\/386
|-damage|p2a: Heatran|304\/386|[from] Stealth Rock
|move|p1a: Clefable|Moonblast|p2a: Heatran
|-resisted|p2a: Heatran
|-damage|p2a: Heatran|276\/386
|
|-heal|p2a: Heatran|300\/386|[from] item: Leftovers
|-heal|p1a: Clefable|336\/394|[from] item: Leftovers
|turn|58
|
|move|p2a: Heatran|Toxic|p1a: Clefable
|-status|p1a: Clefable|tox
|move|p1a: Clefable|Moonblast|p2a: Heatran
|-resisted|p2a: Heatran
|-damage|p2a: Heatran|270\/386
|-unboost|p2a: Heatran|spa|1
|
|-heal|p2a: Heatran|294\/386|[from] item: Leftovers
|-heal|p1a: Clefable|360\/394 tox|[from] item: Leftovers
|turn|59
|
|move|p2a: Heatran|Taunt|p1a: Clefable
|-start|p1a: Clefable|move: Taunt
|cant|p1a: Clefable|move: Taunt|Calm Mind
|
|-heal|p2a: Heatran|318\/386|[from] item: Leftovers
|-heal|p1a: Clefable|384\/394 tox|[from] item: Leftovers
|turn|60
|
|move|p2a: Heatran|Toxic|p1a: Clefable
|-fail|p1a: Clefable|tox
|move|p1a: Clefable|Moonblast|p2a: Heatran
|-resisted|p2a: Heatran
|-damage|p2a: Heatran|290\/386
|-unboost|p2a: Heatran|spa|1
|
|-heal|p2a: Heatran|314\/386|[from] item: Leftovers
|-heal|p1a: Clefable|394\/394 tox|[from] item: Leftovers
|turn|61
|
|move|p2a: Heatran|Toxic|p1a: Clefable
|-fail|p1a: Clefable|tox
|move|p1a: Clefable|Moonblast|p2a: Heatran
|-resisted|p2a: Heatran
|-damage|p2a: Heatran|284\/386
|
|-heal|p2a: Heatran|308\/386|[from] item: Leftovers
|-end|p1a: Clefable|move: Taunt
|turn|62
|
|move|p2a: Heatran|Taunt|p1a: Clefable
|-start|p1a: Clefable|move: Taunt
|cant|p1a: Clefable|move: Taunt|Calm Mind
|
|-heal|p2a: Heatran|332\/386|[from] item: Leftovers
|turn|63
|
|switch|p1a: Conkeldurr|Conkeldurr, F|376\/401
|-damage|p1a: Conkeldurr|351\/401|[from] Stealth Rock
|move|p2a: Heatran|Protect|p2a: Heatran
|-fail|p2a: Heatran
|
|-heal|p2a: Heatran|356\/386|[from] item: Leftovers
|turn|64
|
|switch|p2a: Reuniclus|Reuniclus, F|424\/424
|move|p1a: Conkeldurr|Drain Punch|p2a: Reuniclus
|-resisted|p2a: Reuniclus
|-damage|p2a: Reuniclus|358\/424
|-heal|p1a: Conkeldurr|384\/401|[from] drain|[of] p2a: Reuniclus
|
|-heal|p2a: Reuniclus|384\/424|[from] item: Leftovers
|turn|65
|
|switch|p1a: Hydreigon|Hydreigon, M|246\/326
|-damage|p1a: Hydreigon|206\/326|[from] Stealth Rock
|move|p2a: Reuniclus|Focus Blast|p1a: Hydreigon
|-supereffective|p1a: Hydreigon
|-damage|p1a: Hydreigon|0 fnt
|faint|p1a: Hydreigon
|
|-heal|p2a: Reuniclus|410\/424|[from] item: Leftovers
|
|switch|p1a: Clefable|Clefable, M|394\/394 tox
|turn|66
|
|move|p1a: Clefable|Calm Mind|p1a: Clefable
|-boost|p1a: Clefable|spa|1
|-boost|p1a: Clefable|spd|1
|move|p2a: Reuniclus|Psychic|p1a: Clefable
|-crit|p1a: Clefable
|-damage|p1a: Clefable|220\/394 tox
|
|-heal|p1a: Clefable|244\/394 tox|[from] item: Leftovers
|-heal|p2a: Reuniclus|424\/424|[from] item: Leftovers
|turn|67
|
|switch|p2a: Heatran|Heatran, F|356\/386
|-damage|p2a: Heatran|308\/386|[from] Stealth Rock
|move|p1a: Clefable|Calm Mind|p1a: Clefable
|-boost|p1a: Clefable|spa|1
|-boost|p1a: Clefable|spd|1
|
|-heal|p2a: Heatran|332\/386|[from] item: Leftovers
|-heal|p1a: Clefable|268\/394 tox|[from] item: Leftovers
|turn|68
|
|move|p2a: Heatran|Taunt|p1a: Clefable
|-start|p1a: Clefable|move: Taunt
|cant|p1a: Clefable|move: Taunt|Calm Mind
|
|-heal|p2a: Heatran|356\/386|[from] item: Leftovers
|-heal|p1a: Clefable|292\/394 tox|[from] item: Leftovers
|turn|69
|
|switch|p1a: Conkeldurr|Conkeldurr, F|384\/401
|-damage|p1a: Conkeldurr|359\/401|[from] Stealth Rock
|move|p2a: Heatran|Toxic|p1a: Conkeldurr
|-status|p1a: Conkeldurr|tox
|
|-heal|p2a: Heatran|380\/386|[from] item: Leftovers
|-damage|p1a: Conkeldurr|334\/401 tox|[from] psn
|turn|70
|
|move|p2a: Heatran|Protect|p2a: Heatran
|-singleturn|p2a: Heatran|Protect
|move|p1a: Conkeldurr|Knock Off|p2a: Heatran
|-activate|p2a: Heatran|Protect
|
|-heal|p2a: Heatran|386\/386|[from] item: Leftovers
|-damage|p1a: Conkeldurr|284\/401 tox|[from] psn
|turn|71
|
|switch|p2a: Sylveon|Sylveon, F|366\/394
|-damage|p2a: Sylveon|317\/394|[from] Stealth Rock
|move|p1a: Conkeldurr|Ice Punch|p2a: Sylveon
|-damage|p2a: Sylveon|159\/394
|
|-damage|p1a: Conkeldurr|209\/401 tox|[from] psn
|turn|72
|
|move|p2a: Sylveon|Protect|p2a: Sylveon
|-singleturn|p2a: Sylveon|Protect
|move|p1a: Conkeldurr|Ice Punch|p2a: Sylveon
|-activate|p2a: Sylveon|Protect
|
|-damage|p1a: Conkeldurr|109\/401 tox|[from] psn
|turn|73
|
|switch|p2a: Skarmory|Skarmory, M|334\/334
|-damage|p2a: Skarmory|293\/334|[from] Stealth Rock
|move|p1a: Conkeldurr|Drain Punch|p2a: Skarmory
|-damage|p2a: Skarmory|172\/334
|-heal|p1a: Conkeldurr|170\/401 tox|[from] drain|[of] p2a: Skarmory
|
|-damage|p1a: Conkeldurr|45\/401 tox|[from] psn
|turn|74
|
|switch|p2a: Reuniclus|Reuniclus, F|424\/424
|switch|p1a: Clefable|Clefable, M|292\/394 tox
|
|-heal|p1a: Clefable|316\/394 tox|[from] item: Leftovers
|turn|75
|
|move|p1a: Clefable|Calm Mind|p1a: Clefable
|-boost|p1a: Clefable|spa|1
|-boost|p1a: Clefable|spd|1
|move|p2a: Reuniclus|Psychic|p1a: Clefable
|-damage|p1a: Clefable|240\/394 tox
|
|-heal|p1a: Clefable|264\/394 tox|[from] item: Leftovers
|turn|76
|
|switch|p2a: Heatran|Heatran, F|386\/386
|-damage|p2a: Heatran|338\/386|[from] Stealth Rock
|move|p1a: Clefable|Calm Mind|p1a: Clefable
|-boost|p1a: Clefable|spa|1
|-boost|p1a: Clefable|spd|1
|
|-heal|p2a: Heatran|362\/386|[from] item: Leftovers
|-heal|p1a: Clefable|288\/394 tox|[from] item: Leftovers
|turn|77
|
|switch|p1a: Conkeldurr|Conkeldurr, F|45\/401 tox
|-damage|p1a: Conkeldurr|20\/401 tox|[from] Stealth Rock
|move|p2a: Heatran|Taunt|p1a: Conkeldurr
|-start|p1a: Conkeldurr|move: Taunt
|
|-heal|p2a: Heatran|386\/386|[from] item: Leftovers
|-damage|p1a: Conkeldurr|0 fnt|[from] psn
|faint|p1a: Conkeldurr
|c|âqpzm257|damn, I canceled that switch
|
|switch|p1a: Metagross|Metagross-Mega|212\/302
|-damage|p1a: Metagross|194\/302|[from] Stealth Rock
|turn|78
|
|switch|p2a: Skarmory|Skarmory, M|172\/334
|-damage|p2a: Skarmory|131\/334|[from] Stealth Rock
|move|p1a: Metagross|Earthquake|p2a: Skarmory
|-immune|p2a: Skarmory|[msg]
|
|turn|79
|
|move|p1a: Metagross|Zen Headbutt|p2a: Skarmory
|-resisted|p2a: Skarmory
|-damage|p2a: Skarmory|72\/334
|move|p2a: Skarmory|Roost|p2a: Skarmory
|-heal|p2a: Skarmory|239\/334
|
|turn|80
|
|move|p1a: Metagross|Bullet Punch|p2a: Skarmory
|-resisted|p2a: Skarmory
|-damage|p2a: Skarmory|212\/334
|move|p2a: Skarmory|Roost|p2a: Skarmory
|-heal|p2a: Skarmory|334\/334
|
|turn|81
|
|move|p1a: Metagross|Bullet Punch|p2a: Skarmory
|-resisted|p2a: Skarmory
|-damage|p2a: Skarmory|303\/334
|move|p2a: Skarmory|Whirlwind|p1a: Metagross
|drag|p1a: Skarmory|Skarmory, F|252\/334
|-damage|p1a: Skarmory|211\/334|[from] Stealth Rock
|
|turn|82
|
|move|p1a: Skarmory|Roost|p1a: Skarmory
|-heal|p1a: Skarmory|334\/334
|move|p2a: Skarmory|Defog|p1a: Skarmory
|-unboost|p1a: Skarmory|evasion|1
|-sideend|p1: qpzm257|Stealth Rock|[from] move: Defog|[of] p1a: Skarmory
|-sideend|p2: sea captain|Stealth Rock|[from] move: Defog|[of] p2a: Skarmory
|
|turn|83
|
|switch|p2a: Quagsire|Quagsire, M|79\/394
|move|p1a: Skarmory|Stealth Rock|p2a: Quagsire
|-sidestart|p2: sea captain|move: Stealth Rock
|
|turn|84
|
|move|p1a: Skarmory|Brave Bird|p2a: Quagsire
|-damage|p2a: Quagsire|0 fnt
|-damage|p1a: Skarmory|308\/334|[from] recoil|[of] p2a: Quagsire
|faint|p2a: Quagsire
|
|
|switch|p2a: Skarmory|Skarmory, M|303\/334
|-damage|p2a: Skarmory|262\/334|[from] Stealth Rock
|turn|85
|
|move|p2a: Skarmory|Stealth Rock|p1a: Skarmory
|-sidestart|p1: qpzm257|move: Stealth Rock
|move|p1a: Skarmory|Whirlwind|p2a: Skarmory
|drag|p2a: Heatran|Heatran, F|386\/386
|-damage|p2a: Heatran|338\/386|[from] Stealth Rock
|
|-heal|p2a: Heatran|362\/386|[from] item: Leftovers
|turn|86
|
|switch|p1a: Clefable|Clefable, M|288\/394 tox
|move|p2a: Heatran|Magma Storm|p1a: Clefable
|-damage|p1a: Clefable|159\/394 tox
|-activate|p1a: Clefable|move: Magma Storm|[of] p2a: Heatran
|
|-heal|p2a: Heatran|386\/386|[from] item: Leftovers
|-heal|p1a: Clefable|183\/394 tox|[from] item: Leftovers
|turn|87
|
|move|p2a: Heatran|Taunt|p1a: Clefable
|-start|p1a: Clefable|move: Taunt
|cant|p1a: Clefable|move: Taunt|Moonlight
|
|-heal|p1a: Clefable|207\/394 tox|[from] item: Leftovers
|turn|88
|
|move|p2a: Heatran|Magma Storm|p1a: Clefable
|-damage|p1a: Clefable|63\/394 tox
|move|p1a: Clefable|Moonblast|p2a: Heatran
|-resisted|p2a: Heatran
|-damage|p2a: Heatran|367\/386
|-unboost|p2a: Heatran|spa|1
|
|-heal|p2a: Heatran|386\/386|[from] item: Leftovers
|-heal|p1a: Clefable|87\/394 tox|[from] item: Leftovers
|turn|89
|
|move|p2a: Heatran|Magma Storm|p1a: Clefable
|-damage|p1a: Clefable|0 fnt
|faint|p1a: Clefable
|
|
|switch|p1a: Metagross|Metagross-Mega|194\/302
|-damage|p1a: Metagross|176\/302|[from] Stealth Rock
|turn|90
|
|switch|p2a: Skarmory|Skarmory, M|262\/334
|-damage|p2a: Skarmory|221\/334|[from] Stealth Rock
|move|p1a: Metagross|Earthquake|p2a: Skarmory
|-immune|p2a: Skarmory|[msg]
|
|turn|91
|
|move|p1a: Metagross|Bullet Punch|p2a: Skarmory
|-resisted|p2a: Skarmory
|-damage|p2a: Skarmory|194\/334
|move|p2a: Skarmory|Roost|p2a: Skarmory
|-heal|p2a: Skarmory|334\/334
|
|turn|92
|
|move|p1a: Metagross|Meteor Mash|p2a: Skarmory
|-resisted|p2a: Skarmory
|-damage|p2a: Skarmory|264\/334
|move|p2a: Skarmory|Whirlwind|p1a: Metagross
|drag|p1a: Skarmory|Skarmory, F|308\/334
|-damage|p1a: Skarmory|267\/334|[from] Stealth Rock
|
|turn|93
|
|move|p1a: Skarmory|Roost|p1a: Skarmory
|-heal|p1a: Skarmory|334\/334
|move|p2a: Skarmory|Whirlwind|p1a: Skarmory
|drag|p1a: Metagross|Metagross-Mega|176\/302
|-damage|p1a: Metagross|158\/302|[from] Stealth Rock
|
|turn|94
|
|move|p1a: Metagross|Zen Headbutt|p2a: Skarmory|[miss]
|-miss|p1a: Metagross|p2a: Skarmory
|move|p2a: Skarmory|Roost|p2a: Skarmory
|-heal|p2a: Skarmory|334\/334
|
|turn|95
|
|move|p1a: Metagross|Zen Headbutt|p2a: Skarmory
|-resisted|p2a: Skarmory
|-damage|p2a: Skarmory|271\/334
|move|p2a: Skarmory|Whirlwind|p1a: Metagross
|drag|p1a: Skarmory|Skarmory, F|334\/334
|-damage|p1a: Skarmory|293\/334|[from] Stealth Rock
|
|turn|96
|
|move|p2a: Skarmory|Whirlwind|p1a: Skarmory
|drag|p1a: Metagross|Metagross-Mega|158\/302
|-damage|p1a: Metagross|140\/302|[from] Stealth Rock
|
|turn|97
|
|move|p1a: Metagross|Zen Headbutt|p2a: Skarmory
|-resisted|p2a: Skarmory
|-damage|p2a: Skarmory|214\/334
|move|p2a: Skarmory|Whirlwind|p1a: Metagross
|drag|p1a: Skarmory|Skarmory, F|293\/334
|-damage|p1a: Skarmory|252\/334|[from] Stealth Rock
|
|turn|98
|
|move|p1a: Skarmory|Whirlwind|p2a: Skarmory
|drag|p2a: Venusaur|Venusaur-Mega, M|284\/364
|-damage|p2a: Venusaur|239\/364|[from] Stealth Rock
|
|turn|99
|
|move|p1a: Skarmory|Brave Bird|p2a: Venusaur
|-supereffective|p2a: Venusaur
|-damage|p2a: Venusaur|75\/364
|-damage|p1a: Skarmory|198\/334|[from] recoil|[of] p2a: Venusaur
|move|p2a: Venusaur|Hidden Power|p1a: Skarmory
|-supereffective|p1a: Skarmory
|-damage|p1a: Skarmory|58\/334
|
|turn|100
|
|move|p1a: Skarmory|Brave Bird|p2a: Venusaur
|-supereffective|p2a: Venusaur
|-damage|p2a: Venusaur|0 fnt
|-damage|p1a: Skarmory|33\/334|[from] recoil|[of] p2a: Venusaur
|faint|p2a: Venusaur
|
|
|switch|p2a: Heatran|Heatran, F|386\/386
|-damage|p2a: Heatran|338\/386|[from] Stealth Rock
|turn|101
|
|move|p2a: Heatran|Taunt|p1a: Skarmory
|-start|p1a: Skarmory|move: Taunt
|cant|p1a: Skarmory|move: Taunt|Roost
|
|-heal|p2a: Heatran|362\/386|[from] item: Leftovers
|turn|102
|
|move|p2a: Heatran|Magma Storm|p1a: Skarmory
|-supereffective|p1a: Skarmory
|-damage|p1a: Skarmory|0 fnt
|faint|p1a: Skarmory
|
|-heal|p2a: Heatran|386\/386|[from] item: Leftovers
|
|switch|p1a: Metagross|Metagross-Mega|140\/302
|-damage|p1a: Metagross|122\/302|[from] Stealth Rock
|turn|103
|
|move|p1a: Metagross|Earthquake|p2a: Heatran
|-supereffective|p2a: Heatran
|-damage|p2a: Heatran|0 fnt
|faint|p2a: Heatran
|
|
|switch|p2a: Skarmory|Skarmory, M|214\/334
|-damage|p2a: Skarmory|173\/334|[from] Stealth Rock
|turn|104
|
|move|p1a: Metagross|Zen Headbutt|p2a: Skarmory
|-resisted|p2a: Skarmory
|-damage|p2a: Skarmory|119\/334
|move|p2a: Skarmory|Roost|p2a: Skarmory
|-heal|p2a: Skarmory|286\/334
|
|turn|105
|
|move|p1a: Metagross|Meteor Mash|p2a: Skarmory
|-resisted|p2a: Skarmory
|-damage|p2a: Skarmory|219\/334
|move|p2a: Skarmory|Roost|p2a: Skarmory
|-heal|p2a: Skarmory|334\/334
|
|turn|106
|
|switch|p2a: Sylveon|Sylveon, F|159\/394
|-damage|p2a: Sylveon|110\/394|[from] Stealth Rock
|move|p1a: Metagross|Meteor Mash|p2a: Sylveon
|-supereffective|p2a: Sylveon
|-damage|p2a: Sylveon|0 fnt
|-boost|p1a: Metagross|atk|1
|faint|p2a: Sylveon
|
|
|switch|p2a: Reuniclus|Reuniclus, F|424\/424
|turn|107
|
|move|p1a: Metagross|Meteor Mash|p2a: Reuniclus
|-damage|p2a: Reuniclus|115\/424
|move|p2a: Reuniclus|Focus Blast|p1a: Metagross
|-damage|p1a: Metagross|14\/302
|
|-heal|p2a: Reuniclus|141\/424|[from] item: Leftovers
|turn|108
|
|move|p1a: Metagross|Meteor Mash|p2a: Reuniclus
|-damage|p2a: Reuniclus|0 fnt
|faint|p2a: Reuniclus
|
|c|âqpzm257|I think that's gg, right?
|
|switch|p2a: Skarmory|Skarmory, M|334\/334
|-damage|p2a: Skarmory|293\/334|[from] Stealth Rock
|turn|109
|c|âqpzm257|or do you have an attack i didn't see?
|c|âsea captain|i got no moves this will go on untill you run out of moves
|c|âqpzm257|you only have 1 roost left, right?
|
|move|p1a: Metagross|Meteor Mash|p2a: Skarmory
|-resisted|p2a: Skarmory
|-damage|p2a: Skarmory|202\/334
|move|p2a: Skarmory|Whirlwind|p1a: Metagross
|-fail|p1a: Metagross
|
|turn|110
|
|move|p1a: Metagross|Zen Headbutt|p2a: Skarmory|[miss]
|-miss|p1a: Metagross|p2a: Skarmory
|move|p2a: Skarmory|Roost|p2a: Skarmory
|-heal|p2a: Skarmory|334\/334
|
|turn|111
|c|âqpzm257|nice team. very frustrating to play against
|
|move|p1a: Metagross|Meteor Mash|p2a: Skarmory
|-resisted|p2a: Skarmory
|-damage|p2a: Skarmory|237\/334
|move|p2a: Skarmory|Whirlwind|p1a: Metagross
|-fail|p1a: Metagross
|
|turn|112
|c|âsea captain|thanks you too
|
|move|p1a: Metagross|Meteor Mash|p2a: Skarmory
|-resisted|p2a: Skarmory
|-damage|p2a: Skarmory|132\/334
|move|p2a: Skarmory|Roost|p2a: Skarmory
|-heal|p2a: Skarmory|299\/334
|
|turn|113
|
|move|p1a: Metagross|Meteor Mash|p2a: Skarmory|[miss]
|-miss|p1a: Metagross|p2a: Skarmory
|move|p2a: Skarmory|Whirlwind|p1a: Metagross
|-fail|p1a: Metagross
|
|turn|114
|
|move|p1a: Metagross|Meteor Mash|p2a: Skarmory
|-resisted|p2a: Skarmory
|-damage|p2a: Skarmory|204\/334
|move|p2a: Skarmory|Whirlwind|p1a: Metagross
|-fail|p1a: Metagross
|
|turn|115
|
|move|p1a: Metagross|Zen Headbutt|p2a: Skarmory
|-resisted|p2a: Skarmory
|-damage|p2a: Skarmory|119\/334
|move|p2a: Skarmory|Roost|p2a: Skarmory
|-heal|p2a: Skarmory|286\/334
|
|turn|116
|
|move|p1a: Metagross|Zen Headbutt|p2a: Skarmory
|-resisted|p2a: Skarmory
|-damage|p2a: Skarmory|204\/334
|move|p2a: Skarmory|Stealth Rock|p1a: Metagross
|-fail|p1a: Metagross
|
|turn|117
|
|move|p1a: Metagross|Bullet Punch|p2a: Skarmory
|-resisted|p2a: Skarmory
|-damage|p2a: Skarmory|161\/334
|move|p2a: Skarmory|Roost|p2a: Skarmory
|-heal|p2a: Skarmory|328\/334
|
|turn|118
|c|âqpzm257|I forgot you had 16 roosts
|
|move|p1a: Metagross|Bullet Punch|p2a: Skarmory
|-resisted|p2a: Skarmory
|-damage|p2a: Skarmory|288\/334
|move|p2a: Skarmory|Whirlwind|p1a: Metagross
|-fail|p1a: Metagross
|
|turn|119
|c|âsea captain|ok how many pp do you have?
|c|âsea captain|i got 3 roost left
|c|âqpzm257|i still have 43 bullet punches to go as well as 15 zen headbutts and 13 EQs
|
|move|p1a: Metagross|Bullet Punch|p2a: Skarmory
|-resisted|p2a: Skarmory
|-damage|p2a: Skarmory|243\/334
|move|p2a: Skarmory|Stealth Rock|p1a: Metagross
|-fail|p1a: Metagross
|
|turn|120
|c|âsea captain|alright gg im not going to drag this
|-message|sea captain forfeited.
|leave|sea captain
|
|win|qpzm257
|raw|Ladder updating...
|player|p2
|raw|qpzm257's rating: 1456 &rarr; <strong>1469<\/strong><br \/>(+13 for winning)
|raw|sea captain's rating: 1344 &rarr; <strong>1330<\/strong><br \/>(-14 for losing)