|join|ab09t
|join|qpzm257
|player|p1|ab09t|163
|player|p2|qpzm257|101
|gametype|singles
|tier|Pokebank OU (beta)
|rated
|clearpoke
|poke|p1|Azumarill, M
|poke|p1|Garchomp, M
|poke|p1|Genesect
|poke|p1|Gengar, M
|poke|p1|Thundurus, M
|poke|p1|Venusaur, M
|poke|p2|Alakazam, F
|poke|p2|Dragonite, M
|poke|p2|Heatran, F
|poke|p2|Scizor, F
|poke|p2|Trevenant, M
|poke|p2|Vaporeon, M
|rule|Sleep Clause Mod: Limit one foe put to sleep
|rule|Species Clause: Limit one of each Pokemon
|rule|Moody Clause: Moody is banned
|rule|OHKO Clause: OHKO moves are banned
|rule|Evasion Moves Clause: Evasion moves are banned
|rule|HP Percentage Mod: HP is reported as percentages
|teampreview
|callback|decision
|
|start
|switch|p1a: Thundurus|Thundurus, M|299\/299
|switch|p2a: Vaporeon|Vaporeon, M|464\/464
|turn|1
|callback|decision
|
|move|p1a: Thundurus|Thunderbolt|p2a: Vaporeon
|-supereffective|p2a: Vaporeon
|-damage|p2a: Vaporeon|66\/464
|-damage|p1a: Thundurus|270\/299|[from] item: Life Orb
|move|p2a: Vaporeon|Scald|p1a: Thundurus
|-damage|p1a: Thundurus|155\/299
|-status|p1a: Thundurus|brn
|
|-heal|p2a: Vaporeon|95\/464|[from] item: Leftovers
|-damage|p1a: Thundurus|118\/299 brn|[from] brn
|turn|2
|callback|decision
|
|move|p2a: Vaporeon|Protect|p2a: Vaporeon
|-singleturn|p2a: Vaporeon|Protect
|move|p1a: Thundurus|Thunderbolt|p2a: Vaporeon
|-activate|p2a: Vaporeon|Protect
|
|-heal|p2a: Vaporeon|124\/464|[from] item: Leftovers
|-damage|p1a: Thundurus|81\/299 brn|[from] brn
|turn|3
|callback|decision
|
|switch|p2a: Trevenant|Trevenant, M|374\/374
|move|p1a: Thundurus|Thunderbolt|p2a: Trevenant
|-resisted|p2a: Trevenant
|-damage|p2a: Trevenant|247\/374
|-status|p2a: Trevenant|par
|-damage|p1a: Thundurus|52\/299 brn|[from] item: Life Orb
|
|-damage|p1a: Thundurus|15\/299 brn|[from] brn
|turn|4
|callback|decision
|
|move|p1a: Thundurus|Hidden Power|p2a: Trevenant
|-supereffective|p2a: Trevenant
|-damage|p2a: Trevenant|47\/374 par
|-damage|p1a: Thundurus|0 fnt|[from] item: Life Orb
|faint|p1a: Thundurus
|-enditem|p2a: Trevenant|Sitrus Berry|[eat]
|-heal|p2a: Trevenant|140\/374 par|[from] item: Sitrus Berry
|move|p2a: Trevenant|Horn Leech|p1: Thundurus|[notarget]
|-notarget
|
|callback|decision
|
|switch|p1a: Venusaur|Venusaur, M|364\/364
|turn|5
|callback|decision
|
|switch|p2a: Heatran|Heatran, F|386\/386
|-formechange|p1a: Venusaur|Venusaur-Mega
|message|Venusaur has Mega Evolved into Mega Venusaur!
|move|p1a: Venusaur|Sludge Bomb|p2a: Heatran
|-immune|p2a: Heatran|[msg]
|
|turn|6
|callback|decision
|
|switch|p1a: Azumarill|Azumarill, M|404\/404
|move|p2a: Heatran|Magma Storm|p1a: Azumarill
|-resisted|p1a: Azumarill
|-damage|p1a: Azumarill|262\/404
|-activate|p1a: Azumarill|move: Magma Storm|[of] p2a: Heatran
|
|-damage|p1a: Azumarill|212\/404|[from] move: Magma Storm|[partiallytrapped]
|turn|7
|callback|decision
|
|move|p2a: Heatran|Stealth Rock|p1a: Azumarill
|-sidestart|p1: ab09t|move: Stealth Rock
|move|p1a: Azumarill|Play Rough|p2a: Heatran
|-resisted|p2a: Heatran
|-damage|p2a: Heatran|316\/386
|-unboost|p2a: Heatran|atk|1
|
|-damage|p1a: Azumarill|162\/404|[from] move: Magma Storm|[partiallytrapped]
|turn|8
|callback|decision
|
|move|p2a: Heatran|Earth Power|p1a: Azumarill
|-damage|p1a: Azumarill|17\/404
|-unboost|p1a: Azumarill|spd|1
|move|p1a: Azumarill|Play Rough|p2a: Heatran|[miss]
|-miss|p1a: Azumarill|p2a: Heatran
|
|-damage|p1a: Azumarill|0 fnt|[from] move: Magma Storm|[partiallytrapped]
|faint|p1a: Azumarill
|callback|decision
|
|switch|p1a: Garchomp|Garchomp, M|358\/358
|-damage|p1a: Garchomp|336\/358|[from] Stealth Rock
|turn|9
|callback|decision
|
|move|p1a: Garchomp|Stealth Rock|p2a: Heatran
|-sidestart|p2: qpzm257|move: Stealth Rock
|move|p2a: Heatran|Hidden Power|p1a: Garchomp
|-supereffective|p1a: Garchomp
|-damage|p1a: Garchomp|0 fnt
|faint|p1a: Garchomp
|
|callback|decision
|
|switch|p1a: Gengar|Gengar, M|262\/262
|-damage|p1a: Gengar|230\/262|[from] Stealth Rock
|turn|10
|callback|decision
|
|move|p1a: Gengar|Focus Blast|p2a: Heatran
|-supereffective|p2a: Heatran
|-damage|p2a: Heatran|68\/386
|move|p2a: Heatran|Magma Storm|p1a: Gengar|[miss]
|-miss|p2a: Heatran|p1a: Gengar
|
|-heal|p1a: Gengar|246\/262|[from] item: Black Sludge
|turn|11
|callback|decision
|
|move|p1a: Gengar|Shadow Ball|p2a: Heatran
|-damage|p2a: Heatran|0 fnt
|faint|p2a: Heatran
|
|-heal|p1a: Gengar|262\/262|[from] item: Black Sludge
|callback|decision
|
|switch|p2a: Alakazam|Alakazam, F|251\/251
|turn|12
|callback|decision
|
|switch|p1a: Genesect|Genesect|283\/283
|-damage|p1a: Genesect|248\/283|[from] Stealth Rock
|-boost|p1a: Genesect|atk|1|[from] ability: Download
|move|p2a: Alakazam|Psyshock|p1a: Genesect
|-resisted|p1a: Genesect
|-damage|p1a: Genesect|171\/283
|
|turn|13
|callback|decision
|
|move|p1a: Genesect|Iron Head|p2a: Alakazam
|-enditem|p2a: Alakazam|Focus Sash
|-damage|p2a: Alakazam|1\/251
|cant|p2a: Alakazam|flinch
|
|turn|14
|callback|decision
|
|switch|p2a: Vaporeon|Vaporeon, M|124\/464
|-damage|p2a: Vaporeon|66\/464|[from] Stealth Rock
|move|p1a: Genesect|Iron Head|p2a: Vaporeon
|-resisted|p2a: Vaporeon
|-damage|p2a: Vaporeon|0 fnt
|faint|p2a: Vaporeon
|
|callback|decision
|
|switch|p2a: Scizor|Scizor, F|344\/344
|-damage|p2a: Scizor|301\/344|[from] Stealth Rock
|turn|15
|callback|decision
|
|switch|p1a: Gengar|Gengar, M|262\/262
|-damage|p1a: Gengar|230\/262|[from] Stealth Rock
|-formechange|p2a: Scizor|Scizor-Mega
|message|Scizor has Mega Evolved into Mega Scizor!
|move|p2a: Scizor|Swords Dance|p2a: Scizor
|-boost|p2a: Scizor|atk|2
|
|-heal|p1a: Gengar|246\/262|[from] item: Black Sludge
|turn|16
|callback|decision
|
|move|p2a: Scizor|Bullet Punch|p1a: Gengar
|-damage|p1a: Gengar|0 fnt
|faint|p1a: Gengar
|
|callback|decision
|
|switch|p1a: Venusaur|Venusaur, M|364\/364
|-formechange|p1a: Venusaur|Venusaur-Mega
|-damage|p1a: Venusaur|319\/364|[from] Stealth Rock
|turn|17
|callback|decision
|
|move|p2a: Scizor|Bullet Punch|p1a: Venusaur
|-crit|p1a: Venusaur
|-damage|p1a: Venusaur|18\/364
|move|p1a: Venusaur|Hidden Power|p2a: Scizor
|-supereffective|p2a: Scizor
|-damage|p2a: Scizor|0 fnt
|faint|p2a: Scizor
|
|callback|decision
|
|switch|p2a: Alakazam|Alakazam, F|1\/251
|turn|18
|callback|decision
|
|move|p2a: Alakazam|Psyshock|p1a: Venusaur
|-supereffective|p1a: Venusaur
|-damage|p1a: Venusaur|0 fnt
|faint|p1a: Venusaur
|
|callback|decision
|
|switch|p1a: Genesect|Genesect|171\/283
|-damage|p1a: Genesect|136\/283|[from] Stealth Rock
|-boost|p1a: Genesect|atk|1|[from] ability: Download
|turn|19
|callback|decision
|
|move|p1a: Genesect|Ice Beam|p2a: Alakazam
|-damage|p2a: Alakazam|0 fnt
|faint|p2a: Alakazam
|
|callback|decision
|
|switch|p2a: Trevenant|Trevenant, M|140\/374 par
|-damage|p2a: Trevenant|94\/374 par|[from] Stealth Rock
|turn|20
|callback|decision
|
|move|p1a: Genesect|Ice Beam|p2a: Trevenant
|-supereffective|p2a: Trevenant
|-damage|p2a: Trevenant|0 fnt
|faint|p2a: Trevenant
|
|callback|decision
|
|switch|p2a: Dragonite|Dragonite, M|324\/324
|-damage|p2a: Dragonite|243\/324|[from] Stealth Rock
|turn|21
|callback|decision
|
|move|p2a: Dragonite|Extreme Speed|p1a: Genesect
|-resisted|p1a: Genesect
|-damage|p1a: Genesect|78\/283
|move|p1a: Genesect|Ice Beam|p2a: Dragonite
|-supereffective|p2a: Dragonite
|-damage|p2a: Dragonite|0 fnt
|faint|p2a: Dragonite
|
|win|ab09t
|raw|Ladder updating...
|raw|ab09t's rating: 2003 &rarr; <strong>2005<\/strong><br \/>(+2 for winning)
|raw|qpzm257's rating: 1764 &rarr; <strong>1763<\/strong><br \/>(-1 for losing)