|join|Arcanine is Regal
|join|Iodic
|player|p1|Arcanine is Regal|126
|player|p2|Iodic|264
|gametype|singles
|gen|6
|tier|OU
|rated
|clearpoke
|poke|p1|Bisharp, F
|poke|p1|Gengar, F
|poke|p1|Manectric, M
|poke|p1|Landorus-Therian, M
|poke|p1|Mamoswine, F
|poke|p1|Azumarill, M
|poke|p2|Sylveon, F
|poke|p2|Slowbro, M
|poke|p2|Scizor, M
|poke|p2|Lopunny, F, shiny
|poke|p2|Serperior, F
|poke|p2|Tyranitar, M
|rule|Swagger Clause: Swagger is banned
|rule|Baton Pass Clause: Limit one PokÃ©mon knowing Baton Pass
|rule|Sleep Clause Mod: Limit one foe put to sleep
|rule|Species Clause: Limit one of each PokÃ©mon
|rule|OHKO Clause: OHKO moves are banned
|rule|Moody Clause: Moody is banned
|rule|Evasion Moves Clause: Evasion moves are banned
|rule|Endless Battle Clause: Forcing endless battles is banned
|rule|HP Percentage Mod: HP is shown in percentages
|teampreview
|c|âIodic|dammit
|join|el capitan grande
|c|âIodic|I need to stop laddering consecutively
|c|âArcanine is Regal|lol this happens ll the time
|c|âArcanine is Regal|my team is like super weak to lopunny
|c|âIodic|but I'm running gimmicks :<
|c|âArcanine is Regal|and ive played it 4 times in a row lol
|join|Kimio
|
|start
|switch|p1a: Mamoswine|Mamoswine, F|381\/381
|switch|p2a: Stalin|Scizor, M|343\/343
|turn|1
|
|move|p1a: Mamoswine|Stealth Rock|p2a: Stalin
|-sidestart|p2: Iodic|move: Stealth Rock
|move|p2a: Stalin|U-turn|p1a: Mamoswine
|-damage|p1a: Mamoswine|161\/381
|c| Kimio|lol 4 times?
|c|âArcanine is Regal|yup
|
|switch|p2a: Diana|Lopunny, F, shiny|272\/272
|-damage|p2a: Diana|238\/272|[from] Stealth Rock
|
|turn|2
|c| Kimio|I just hate facing it
|
|detailschange|p2a: Diana|Lopunny-Mega, F, shiny
|-mega|p2a: Diana|Lopunny|Lopunnite
|move|p1a: Mamoswine|Ice Shard|p2a: Diana
|-damage|p2a: Diana|162\/272
|move|p2a: Diana|Drain Punch|p1a: Mamoswine
|-supereffective|p1a: Mamoswine
|-damage|p1a: Mamoswine|0 fnt
|-heal|p2a: Diana|243\/272|[from] drain|[of] p1a: Mamoswine
|faint|p1a: Mamoswine
|
|join|1800Rekt
|
|switch|p1a: Landorus-Therian|Landorus-Therian, M|320\/320
|-ability|p1a: Landorus-Therian|Intimidate|[of] p2a: Diana
|-unboost|p2a: Diana|atk|1
|turn|3
|
|switch|p2a: Henry|Slowbro, M|394\/394
|-damage|p2a: Henry|345\/394|[from] Stealth Rock
|move|p1a: Landorus-Therian|U-turn|p2a: Henry
|-supereffective|p2a: Henry
|-damage|p2a: Henry|205\/394
|c| Kimio|I like using hippo against it
|
|switch|p1a: Azumarill|Azumarill, M|342\/342
|
|-heal|p2a: Henry|229\/394|[from] item: Leftovers
|turn|4
|
|move|p1a: Azumarill|Belly Drum|p1a: Azumarill
|-damage|p1a: Azumarill|171\/342
|-setboost|p1a: Azumarill|atk|6|[from] move: Belly Drum
|-enditem|p1a: Azumarill|Sitrus Berry|[eat]
|-heal|p1a: Azumarill|256\/342|[from] item: Sitrus Berry
|move|p2a: Henry|Psychic|p1a: Azumarill
|-damage|p1a: Azumarill|123\/342
|
|-heal|p2a: Henry|253\/394|[from] item: Leftovers
|turn|5
|
|switch|p2a: Caesar|Tyranitar, M|404\/404
|-damage|p2a: Caesar|354\/404|[from] Stealth Rock
|-weather|Sandstorm
|move|p1a: Azumarill|Knock Off|p2a: Caesar
|-resisted|p2a: Caesar
|-damage|p2a: Caesar|181\/404
|-enditem|p2a: Caesar|Leftovers|[from] move: Knock Off|[of] p1a: Azumarill
|
|-weather|Sandstorm|[upkeep]
|-damage|p1a: Azumarill|102\/342|[from] sandstorm
|turn|6
|
|switch|p2a: Henry|Slowbro, M|384\/394
|-damage|p2a: Henry|335\/394|[from] Stealth Rock
|move|p1a: Azumarill|Aqua Jet|p2a: Henry
|-crit|p2a: Henry
|-resisted|p2a: Henry
|-damage|p2a: Henry|155\/394
|
|-weather|Sandstorm|[upkeep]
|-damage|p1a: Azumarill|81\/342|[from] sandstorm
|-damage|p2a: Henry|131\/394|[from] sandstorm
|-heal|p2a: Henry|155\/394|[from] item: Leftovers
|turn|7
|
|move|p1a: Azumarill|Knock Off|p2a: Henry
|-supereffective|p2a: Henry
|-damage|p2a: Henry|0 fnt
|-enditem|p2a: Henry|Leftovers|[from] move: Knock Off|[of] p1a: Azumarill
|faint|p2a: Henry
|
|-weather|Sandstorm|[upkeep]
|-damage|p1a: Azumarill|60\/342|[from] sandstorm
|
|switch|p2a: Diana|Lopunny-Mega, F, shiny|243\/272
|-damage|p2a: Diana|226\/272|[from] Stealth Rock
|turn|8
|
|switch|p1a: Landorus-Therian|Landorus-Therian, M|320\/320
|-ability|p1a: Landorus-Therian|Intimidate|[of] p2a: Diana
|-unboost|p2a: Diana|atk|1
|move|p2a: Diana|Fake Out|p1a: Landorus-Therian
|-damage|p1a: Landorus-Therian|266\/320
|
|-weather|Sandstorm|[upkeep]
|-damage|p2a: Diana|209\/272|[from] sandstorm
|turn|9
|
|move|p1a: Landorus-Therian|Earthquake|p2a: Diana
|-damage|p2a: Diana|5\/272
|move|p2a: Diana|Return|p1a: Landorus-Therian
|-damage|p1a: Landorus-Therian|119\/320
|
|-weather|none
|turn|10
|
|move|p1a: Landorus-Therian|Earthquake|p2a: Diana
|-damage|p2a: Diana|0 fnt
|faint|p2a: Diana
|
|
|switch|p2a: Victoria|Serperior, F|353\/353
|-damage|p2a: Victoria|309\/353|[from] Stealth Rock
|turn|11
|
|move|p1a: Landorus-Therian|Earthquake|p2a: Victoria
|-crit|p2a: Victoria
|-resisted|p2a: Victoria
|-damage|p2a: Victoria|157\/353
|move|p2a: Victoria|Leech Seed|p1a: Landorus-Therian
|-start|p1a: Landorus-Therian|move: Leech Seed
|
|-damage|p1a: Landorus-Therian|79\/320|[from] Leech Seed|[of] p2a: Victoria
|-heal|p2a: Victoria|197\/353|[silent]
|turn|12
|
|switch|p1a: Manectric|Manectric, M|281\/281
|move|p2a: Victoria|Reflect|p2a: Victoria
|-sidestart|p2: Iodic|Reflect
|
|turn|13
|
|switch|p2a: Catherine|Sylveon, F|392\/392
|-damage|p2a: Catherine|343\/392|[from] Stealth Rock
|detailschange|p1a: Manectric|Manectric-Mega, M
|-mega|p1a: Manectric|Manectric|Manectite
|-ability|p1a: Manectric|Intimidate|[of] p2a: Catherine
|-unboost|p2a: Catherine|atk|1
|move|p1a: Manectric|Flamethrower|p2a: Catherine
|-damage|p2a: Catherine|255\/392
|
|turn|14
|leave|el capitan grande
|c| Kimio|screens serp is not a bad idea
|
|move|p1a: Manectric|Volt Switch|p2a: Catherine
|-damage|p2a: Catherine|143\/392
|c|âIodic|only useful thing I could think of to do with it
|c|âIodic|besides stallbreak
|c|âIodic|but dem crits
|
|switch|p1a: Azumarill|Azumarill, M|60\/342
|move|p2a: Catherine|Hyper Voice|p1a: Azumarill
|-damage|p1a: Azumarill|0 fnt
|faint|p1a: Azumarill
|
|
|switch|p1a: Bisharp|Bisharp, F|278\/278
|turn|15
|
|move|p1a: Bisharp|Iron Head|p2a: Catherine
|-supereffective|p2a: Catherine
|-damage|p2a: Catherine|0 fnt
|-damage|p1a: Bisharp|251\/278|[from] item: Life Orb
|faint|p2a: Catherine
|
|
|switch|p2a: Stalin|Scizor, M|343\/343
|-damage|p2a: Stalin|301\/343|[from] Stealth Rock
|turn|16
|
|switch|p1a: Manectric|Manectric-Mega, M|281\/281
|-ability|p1a: Manectric|Intimidate|[of] p2a: Stalin
|-unboost|p2a: Stalin|atk|1
|move|p2a: Stalin|U-turn|p1a: Manectric
|-damage|p1a: Manectric|115\/281
|
|switch|p2a: Caesar|Tyranitar, M|181\/404
|-damage|p2a: Caesar|131\/404|[from] Stealth Rock
|-weather|Sandstorm
|
|-weather|Sandstorm|[upkeep]
|-damage|p1a: Manectric|98\/281|[from] sandstorm
|turn|17
|
|move|p1a: Manectric|Volt Switch|p2a: Caesar
|-damage|p2a: Caesar|38\/404
|
|switch|p1a: Landorus-Therian|Landorus-Therian, M|79\/320
|-ability|p1a: Landorus-Therian|Intimidate|[of] p2a: Caesar
|-unboost|p2a: Caesar|atk|1
|move|p2a: Caesar|Stealth Rock|p1a: Landorus-Therian
|-sidestart|p1: Arcanine is Regal|move: Stealth Rock
|
|-weather|Sandstorm|[upkeep]
|turn|18
|
|move|p1a: Landorus-Therian|U-turn|p2a: Caesar
|-supereffective|p2a: Caesar
|-damage|p2a: Caesar|0 fnt
|faint|p2a: Caesar
|
|switch|p1a: Gengar|Gengar, F|262\/262
|-damage|p1a: Gengar|230\/262|[from] Stealth Rock
|
|-weather|Sandstorm|[upkeep]
|-damage|p1a: Gengar|214\/262|[from] sandstorm
|
|switch|p2a: Stalin|Scizor, M|301\/343
|-damage|p2a: Stalin|259\/343|[from] Stealth Rock
|turn|19
|
|move|p2a: Stalin|Bullet Punch|p1a: Gengar
|-damage|p1a: Gengar|0 fnt
|faint|p1a: Gengar
|
|-weather|Sandstorm|[upkeep]
|-sideend|p2: Iodic|Reflect
|
|switch|p1a: Bisharp|Bisharp, F|251\/278
|-damage|p1a: Bisharp|234\/278|[from] Stealth Rock
|turn|20
|
|move|p2a: Stalin|Bullet Punch|p1a: Bisharp
|-resisted|p1a: Bisharp
|-damage|p1a: Bisharp|141\/278
|move|p1a: Bisharp|Knock Off|p2a: Stalin
|-damage|p2a: Stalin|32\/343
|-enditem|p2a: Stalin|Choice Band|[from] move: Knock Off|[of] p1a: Bisharp
|-damage|p1a: Bisharp|114\/278|[from] item: Life Orb
|
|-weather|none
|turn|21
|
|move|p1a: Bisharp|Knock Off|p2a: Stalin
|-damage|p2a: Stalin|0 fnt
|-damage|p1a: Bisharp|87\/278|[from] item: Life Orb
|faint|p2a: Stalin
|
|
|switch|p2a: Victoria|Serperior, F|197\/353
|-damage|p2a: Victoria|153\/353|[from] Stealth Rock
|turn|22
|
|move|p2a: Victoria|Reflect|p2a: Victoria
|-sidestart|p2: Iodic|Reflect
|move|p1a: Bisharp|Iron Head|p2a: Victoria
|-damage|p2a: Victoria|57\/353
|-damage|p1a: Bisharp|60\/278|[from] item: Life Orb
|
|turn|23
|c|âIodic|gg
|
|move|p2a: Victoria|Leaf Storm|p1a: Bisharp|[miss]
|-miss|p2a: Victoria|p1a: Bisharp
|move|p1a: Bisharp|Knock Off|p2a: Victoria
|-crit|p2a: Victoria
|-damage|p2a: Victoria|0 fnt
|-enditem|p2a: Victoria|Light Clay|[from] move: Knock Off|[of] p1a: Bisharp
|-damage|p1a: Bisharp|33\/278|[from] item: Life Orb
|faint|p2a: Victoria
|
|win|Arcanine is Regal
|raw|Ladder updating...
|raw|Arcanine is Regal's rating: 1686 &rarr; <strong>1701<\/strong><br \/>(+15 for winning)
|raw|Iodic's rating: 1599 &rarr; <strong>1584<\/strong><br \/>(-15 for losing)
|leave|Iodic
|leave|Kimio
|c|âArcanine is Regal|gg