|join|wish killer
|join|Arcanine is Regal
|join|Appreciation
|join|CleanerThanRotom-W
|player|p1|wish killer|68
|player|p2|Arcanine is Regal|126
|gametype|singles
|gen|6
|tier|OU
|rated
|clearpoke
|poke|p1|Bisharp, F
|poke|p1|Venusaur, F
|poke|p1|Heatran, F
|poke|p1|Keldeo
|poke|p1|Chansey, F
|poke|p1|Skarmory, M
|poke|p2|Charizard, F
|poke|p2|Latias, F
|poke|p2|Rotom-Wash
|poke|p2|Landorus-Therian, M
|poke|p2|Ferrothorn, F
|poke|p2|Gengar, F
|rule|Swagger Clause: Swagger is banned
|rule|Baton Pass Clause: Limit one PokÃ©mon knowing Baton Pass
|rule|Sleep Clause Mod: Limit one foe put to sleep
|rule|Species Clause: Limit one of each PokÃ©mon
|rule|OHKO Clause: OHKO moves are banned
|rule|Moody Clause: Moody is banned
|rule|Evasion Moves Clause: Evasion moves are banned
|rule|Endless Battle Clause: Forcing endless battles is banned
|rule|HP Percentage Mod: HP is shown in percentages
|teampreview
|c| Appreciation|bloody u can rape him
|c| Appreciation|imo
|join|Squirrelll
|
|start
|switch|p1a: Appreciation|Heatran, F|340\/340
|switch|p2a: Gengar|Gengar, F|261\/261
|-item|p1a: Appreciation|Air Balloon
|turn|1
|join|LUSTY LEDDIT
|
|switch|p1a: CleanerThanRotom-W|Chansey, F|684\/684
|move|p2a: Gengar|Shadow Ball|p1a: CleanerThanRotom-W
|-immune|p1a: CleanerThanRotom-W|[msg]
|
|turn|2
|c| LUSTY LEDDIT|bloody > rk9
|
|move|p2a: Gengar|Taunt|p1a: CleanerThanRotom-W
|-start|p1a: CleanerThanRotom-W|move: Taunt
|move|p1a: CleanerThanRotom-W|Seismic Toss|p2a: Gengar
|-immune|p2a: Gengar|[msg]
|
|turn|3
|
|move|p2a: Gengar|Shadow Ball|p1a: CleanerThanRotom-W
|-immune|p1a: CleanerThanRotom-W|[msg]
|move|p1a: CleanerThanRotom-W|Seismic Toss|p2a: Gengar
|-immune|p2a: Gengar|[msg]
|
|turn|4
|c| Appreciation|best turn
|c| Appreciation|this is a high ladder game
|c| CleanerThanRotom-W|im just tanking those hits
|
|move|p2a: Gengar|Shadow Ball|p1a: CleanerThanRotom-W
|-immune|p1a: CleanerThanRotom-W|[msg]
|move|p1a: CleanerThanRotom-W|Seismic Toss|p2a: Gengar
|-immune|p2a: Gengar|[msg]
|
|-end|p1a: CleanerThanRotom-W|move: Taunt
|turn|5
|c| Appreciation|,,
|c| CleanerThanRotom-W|0%
|c| CleanerThanRotom-W|thats what i call bulk
|c| Appreciation|thats what ur doing
|c| Appreciation|to his team
|c| Appreciation|LOL owned
|c| Squirrelll|hes expecting vena or tran obv
|
|move|p2a: Gengar|Taunt|p1a: CleanerThanRotom-W
|-start|p1a: CleanerThanRotom-W|move: Taunt
|cant|p1a: CleanerThanRotom-W|move: Taunt|Thunder Wave
|
|turn|6
|c| LUSTY LEDDIT|ok
|c| Appreciation|ok
|c| Appreciation|and who are you
|c| Squirrelll|<
|c| Appreciation|do you have a bloody coed
|c|âwish killer|you're very clever squirrelll
|
|move|p2a: Gengar|Shadow Ball|p1a: CleanerThanRotom-W
|-immune|p1a: CleanerThanRotom-W|[msg]
|move|p1a: CleanerThanRotom-W|Seismic Toss|p2a: Gengar
|-immune|p2a: Gengar|[msg]
|
|turn|7
|c| CleanerThanRotom-W|LOL
|c| CleanerThanRotom-W|wish fren
|c| Appreciation|lel
|c| CleanerThanRotom-W|ur memes
|c| Appreciation|owned by bloody
|c| CleanerThanRotom-W|are the best
|
|switch|p2a: Landorus-Therian|Landorus-Therian, M|381\/381
|-ability|p2a: Landorus-Therian|Intimidate|[of] p1a: CleanerThanRotom-W
|-unboost|p1a: CleanerThanRotom-W|atk|1
|move|p1a: CleanerThanRotom-W|Seismic Toss|p2a: Landorus-Therian
|-damage|p2a: Landorus-Therian|281\/381
|
|-heal|p2a: Landorus-Therian|304\/381|[from] item: Leftovers
|-end|p1a: CleanerThanRotom-W|move: Taunt
|turn|8
|c| Appreciation|>switches out now
|c|âArcanine is Regal|wait
|
|switch|p1a: Appreciation|Heatran, F|340\/340
|-item|p1a: Appreciation|Air Balloon
|move|p2a: Landorus-Therian|Stealth Rock|p1a: Appreciation
|-sidestart|p1: wish killer|move: Stealth Rock
|
|-heal|p2a: Landorus-Therian|327\/381|[from] item: Leftovers
|turn|9
|c| Appreciation|wait
|c|âArcanine is Regal|how did taunt wear off that quick?
|c| Appreciation|he cheated
|c| LUSTY LEDDIT|it always last 3 turns silly
|
|move|p1a: Appreciation|Stealth Rock|p2a: Landorus-Therian
|-sidestart|p2: Arcanine is Regal|move: Stealth Rock
|move|p2a: Landorus-Therian|U-turn|p1a: Appreciation
|-resisted|p1a: Appreciation
|-damage|p1a: Appreciation|326\/340
|-enditem|p1a: Appreciation|Air Balloon
|c| Appreciation|go to ferrothorn
|join|RayDalio
|
|switch|p2a: Rotom-Wash|Rotom-Wash|304\/304
|-damage|p2a: Rotom-Wash|266\/304|[from] Stealth Rock
|
|-heal|p2a: Rotom-Wash|285\/304|[from] item: Leftovers
|turn|10
|join|crashinbooombang
|
|move|p1a: Appreciation|Toxic|p2a: Rotom-Wash
|-status|p2a: Rotom-Wash|tox
|move|p2a: Rotom-Wash|Hydro Pump|p1a: Appreciation
|-supereffective|p1a: Appreciation
|-damage|p1a: Appreciation|60\/340
|
|-heal|p2a: Rotom-Wash|304\/304 tox|[from] item: Leftovers
|-damage|p2a: Rotom-Wash|285\/304 tox|[from] psn
|turn|11
|
|switch|p1a: CleanerThanRotom-W|Chansey, F|684\/684
|-damage|p1a: CleanerThanRotom-W|599\/684|[from] Stealth Rock
|move|p2a: Rotom-Wash|Volt Switch|p1a: CleanerThanRotom-W
|-damage|p1a: CleanerThanRotom-W|544\/684
|c| CleanerThanRotom-W|welcome cbb
|
|switch|p2a: Gengar|Gengar, F|261\/261
|-damage|p2a: Gengar|229\/261|[from] Stealth Rock
|
|turn|12
|leave|crashinbooombang
|
|move|p2a: Gengar|Taunt|p1a: CleanerThanRotom-W
|-start|p1a: CleanerThanRotom-W|move: Taunt
|cant|p1a: CleanerThanRotom-W|move: Taunt|Thunder Wave
|
|turn|13
|c| LUSTY LEDDIT|fuck off nerd
|c| LUSTY LEDDIT|ok
|c| CleanerThanRotom-W|fake cbb
|join|uCan'tSeeMe
|c| CleanerThanRotom-W|,,
|c| LUSTY LEDDIT|welcome seeme
|c| CleanerThanRotom-W|welcome
|
|move|p2a: Gengar|Focus Blast|p1a: CleanerThanRotom-W|[miss]
|-miss|p2a: Gengar|p1a: CleanerThanRotom-W
|move|p1a: CleanerThanRotom-W|Seismic Toss|p2a: Gengar
|-immune|p2a: Gengar|[msg]
|
|turn|14
|c|âwish killer|welcome klopp
|c| Squirrelll|maaan wheres the sludge
|c| Appreciation|>focus shit
|
|move|p2a: Gengar|Focus Blast|p1a: CleanerThanRotom-W
|-supereffective|p1a: CleanerThanRotom-W
|-damage|p1a: CleanerThanRotom-W|315\/684
|-damage|p2a: Gengar|203\/261|[from] item: Life Orb
|move|p1a: CleanerThanRotom-W|Seismic Toss|p2a: Gengar
|-immune|p2a: Gengar|[msg]
|
|-end|p1a: CleanerThanRotom-W|move: Taunt
|turn|15
|
|move|p2a: Gengar|Taunt|p1a: CleanerThanRotom-W
|-start|p1a: CleanerThanRotom-W|move: Taunt
|cant|p1a: CleanerThanRotom-W|move: Taunt|Thunder Wave
|
|turn|16
|c| Appreciation|bloody...
|c| uCan'tSeeMe|welcome immobile
|c| Appreciation|we are very weak to bloody gengar
|c| uCan'tSeeMe|welcome all
|
|switch|p1a: Appreciation|Heatran, F|60\/340
|-damage|p1a: Appreciation|18\/340|[from] Stealth Rock
|move|p2a: Gengar|Shadow Ball|p1a: Appreciation
|-damage|p1a: Appreciation|0 fnt
|-damage|p2a: Gengar|177\/261|[from] item: Life Orb
|faint|p1a: Appreciation
|
|
|switch|p1a: Lil MoB killer|Keldeo|323\/323
|-damage|p1a: Lil MoB killer|303\/323|[from] Stealth Rock
|turn|17
|c| CleanerThanRotom-W|bloody
|c| CleanerThanRotom-W|come online more often
|
|move|p2a: Gengar|Sludge Wave|p1a: Lil MoB killer
|-damage|p1a: Lil MoB killer|60\/323
|-damage|p2a: Gengar|151\/261|[from] item: Life Orb
|move|p1a: Lil MoB killer|Icy Wind|p2a: Gengar
|-damage|p2a: Gengar|65\/261
|-unboost|p2a: Gengar|spe|1
|
|-heal|p1a: Lil MoB killer|80\/323|[from] item: Leftovers
|turn|18
|c| CleanerThanRotom-W|its boring on ps
|c| LUSTY LEDDIT|bye bloody i have to go to class
|c|âwish killer|bye
|c| uCan'tSeeMe|bye lusty leddit
|c| CleanerThanRotom-W|bye
|c| LUSTY LEDDIT|bye nerds....
|
|switch|p2a: Rotom-Wash|Rotom-Wash|285\/304 tox
|-damage|p2a: Rotom-Wash|247\/304 tox|[from] Stealth Rock
|move|p1a: Lil MoB killer|Icy Wind|p2a: Rotom-Wash
|-resisted|p2a: Rotom-Wash
|-damage|p2a: Rotom-Wash|215\/304 tox
|-unboost|p2a: Rotom-Wash|spe|1
|
|-heal|p1a: Lil MoB killer|100\/323|[from] item: Leftovers
|-heal|p2a: Rotom-Wash|234\/304 tox|[from] item: Leftovers
|-damage|p2a: Rotom-Wash|215\/304 tox|[from] psn
|turn|19
|c| uCan'tSeeMe|see you soon
|c| uCan'tSeeMe|,,
|c| uCan'tSeeMe|>
|c| Appreciation|WOW
|c| Appreciation|REALLY LEDDIT
|join|etaoi
|c| Appreciation|U FIG
|leave|LUSTY LEDDIT
|
|switch|p1a: CleanerThanRotom-W|Chansey, F|315\/684
|-damage|p1a: CleanerThanRotom-W|230\/684|[from] Stealth Rock
|move|p2a: Rotom-Wash|Volt Switch|p1a: CleanerThanRotom-W
|-damage|p1a: CleanerThanRotom-W|176\/684
|
|switch|p2a: Gengar|Gengar, F|65\/261
|-damage|p2a: Gengar|33\/261|[from] Stealth Rock
|
|turn|20
|
|move|p2a: Gengar|Taunt|p1a: CleanerThanRotom-W
|-start|p1a: CleanerThanRotom-W|move: Taunt
|cant|p1a: CleanerThanRotom-W|move: Taunt|Thunder Wave
|
|turn|21
|join|yuy
|
|move|p2a: Gengar|Focus Blast|p1a: CleanerThanRotom-W
|-supereffective|p1a: CleanerThanRotom-W
|-damage|p1a: CleanerThanRotom-W|0 fnt
|-damage|p2a: Gengar|7\/261|[from] item: Life Orb
|faint|p1a: CleanerThanRotom-W
|
|
|switch|p1a: I came from leddit|Bisharp, F|334\/334
|-damage|p1a: I came from leddit|314\/334|[from] Stealth Rock
|turn|22
|
|move|p1a: I came from leddit|Sucker Punch|p2a: Gengar
|-supereffective|p2a: Gengar
|-damage|p2a: Gengar|0 fnt
|faint|p2a: Gengar
|
|-heal|p1a: I came from leddit|334\/334|[from] item: Leftovers
|c| Squirrelll|preserve
|c| Squirrelll|ah
|
|switch|p2a: Rotom-Wash|Rotom-Wash|215\/304 tox
|-damage|p2a: Rotom-Wash|177\/304 tox|[from] Stealth Rock
|turn|23
|join|Here to GG
|
|switch|p1a: uCan'tSeeMe|Venusaur, F|364\/364
|-damage|p1a: uCan'tSeeMe|319\/364|[from] Stealth Rock
|move|p2a: Rotom-Wash|Will-O-Wisp|p1a: uCan'tSeeMe
|-status|p1a: uCan'tSeeMe|brn
|
|-heal|p2a: Rotom-Wash|196\/304 tox|[from] item: Leftovers
|-damage|p2a: Rotom-Wash|177\/304 tox|[from] psn
|-damage|p1a: uCan'tSeeMe|274\/364 brn|[from] brn
|turn|24
|c| uCan'tSeeMe|hey sqirrelll
|c| Squirrelll|yoo
|c| uCan'tSeeMe|are u sth like a pokemon expert?
|
|switch|p2a: Latias|Latias, F|319\/319
|-damage|p2a: Latias|280\/319|[from] Stealth Rock
|detailschange|p1a: uCan'tSeeMe|Venusaur-Mega, F
|-mega|p1a: uCan'tSeeMe|Venusaur|Venusaurite
|move|p1a: uCan'tSeeMe|Hidden Power|p2a: Latias
|-resisted|p2a: Latias
|-damage|p2a: Latias|259\/319
|
|-damage|p1a: uCan'tSeeMe|229\/364 brn|[from] brn
|turn|25
|c| Appreciation|hts n_n
|
|switch|p2a: Landorus-Therian|Landorus-Therian, M|327\/381
|-damage|p2a: Landorus-Therian|280\/381|[from] Stealth Rock
|-ability|p2a: Landorus-Therian|Intimidate|[of] p1a: uCan'tSeeMe
|-unboost|p1a: uCan'tSeeMe|atk|1
|switch|p1a: I came from leddit|Bisharp, F|334\/334
|-damage|p1a: I came from leddit|314\/334|[from] Stealth Rock
|
|-heal|p2a: Landorus-Therian|303\/381|[from] item: Leftovers
|-heal|p1a: I came from leddit|334\/334|[from] item: Leftovers
|turn|26
|c| Squirrelll|is sth a abbreviation for something lol?
|c| Appreciation|something..................
|c| Squirrelll|what is that
|c| uCan'tSeeMe|oh
|
|switch|p1a: Zenzoh|Skarmory, M|334\/334
|-damage|p1a: Zenzoh|293\/334|[from] Stealth Rock
|move|p2a: Landorus-Therian|U-turn|p1a: Zenzoh
|-crit|p1a: Zenzoh
|-resisted|p1a: Zenzoh
|-damage|p1a: Zenzoh|276\/334
|-damage|p2a: Landorus-Therian|240\/381|[from] item: Rocky Helmet|[of] p1a: Zenzoh
|c| uCan'tSeeMe|yeh
|
|switch|p2a: Charizard|Charizard, F|320\/320
|-damage|p2a: Charizard|160\/320|[from] Stealth Rock
|
|turn|27
|c| uCan'tSeeMe|sorry for using that
|c| Squirrelll|never seen that was jc
|
|detailschange|p2a: Charizard|Charizard-Mega-X, F
|-mega|p2a: Charizard|Charizard|Charizardite X
|move|p2a: Charizard|Flare Blitz|p1a: Zenzoh
|-supereffective|p1a: Zenzoh
|-damage|p1a: Zenzoh|0 fnt
|-damage|p2a: Charizard|107\/320|[from] item: Rocky Helmet|[of] p1a: Zenzoh
|-damage|p2a: Charizard|16\/320|[from] recoil|[of] p1a: Zenzoh
|faint|p1a: Zenzoh
|
|c|âArcanine is Regal|nice evs lol
|c|âArcanine is Regal|gdi
|c| Squirrelll|ive been around longer than most
|
|switch|p1a: Lil MoB killer|Keldeo|100\/323
|-damage|p1a: Lil MoB killer|80\/323|[from] Stealth Rock
|turn|28
|
|switch|p2a: Ferrothorn|Ferrothorn, F|352\/352
|-damage|p2a: Ferrothorn|330\/352|[from] Stealth Rock
|move|p1a: Lil MoB killer|Icy Wind|p2a: Ferrothorn
|-damage|p2a: Ferrothorn|283\/352
|-unboost|p2a: Ferrothorn|spe|1
|
|-heal|p1a: Lil MoB killer|100\/323|[from] item: Leftovers
|-heal|p2a: Ferrothorn|305\/352|[from] item: Leftovers
|turn|29
|
|move|p1a: Lil MoB killer|Secret Sword|p2a: Ferrothorn
|-supereffective|p2a: Ferrothorn
|-damage|p2a: Ferrothorn|89\/352
|move|p2a: Ferrothorn|Gyro Ball|p1a: Lil MoB killer
|-resisted|p1a: Lil MoB killer
|-damage|p1a: Lil MoB killer|9\/323
|
|-heal|p1a: Lil MoB killer|29\/323|[from] item: Leftovers
|-heal|p2a: Ferrothorn|111\/352|[from] item: Leftovers
|turn|30
|
|move|p1a: Lil MoB killer|Secret Sword|p2a: Ferrothorn
|-supereffective|p2a: Ferrothorn
|-damage|p2a: Ferrothorn|0 fnt
|faint|p2a: Ferrothorn
|
|-heal|p1a: Lil MoB killer|49\/323|[from] item: Leftovers
|
|switch|p2a: Rotom-Wash|Rotom-Wash|177\/304 tox
|-damage|p2a: Rotom-Wash|139\/304 tox|[from] Stealth Rock
|turn|31
|
|switch|p1a: uCan'tSeeMe|Venusaur-Mega, F|229\/364 brn
|-damage|p1a: uCan'tSeeMe|184\/364 brn|[from] Stealth Rock
|move|p2a: Rotom-Wash|Volt Switch|p1a: uCan'tSeeMe
|-resisted|p1a: uCan'tSeeMe
|-damage|p1a: uCan'tSeeMe|145\/364 brn
|
|switch|p2a: Latias|Latias, F|259\/319
|-damage|p2a: Latias|220\/319|[from] Stealth Rock
|
|-damage|p1a: uCan'tSeeMe|100\/364 brn|[from] brn
|turn|32
|
|switch|p2a: Landorus-Therian|Landorus-Therian, M|240\/381
|-damage|p2a: Landorus-Therian|193\/381|[from] Stealth Rock
|-ability|p2a: Landorus-Therian|Intimidate|[of] p1a: uCan'tSeeMe
|-unboost|p1a: uCan'tSeeMe|atk|1
|switch|p1a: I came from leddit|Bisharp, F|334\/334
|-damage|p1a: I came from leddit|314\/334|[from] Stealth Rock
|
|-heal|p2a: Landorus-Therian|216\/381|[from] item: Leftovers
|-heal|p1a: I came from leddit|334\/334|[from] item: Leftovers
|turn|33
|
|move|p2a: Landorus-Therian|Earthquake|p1a: I came from leddit
|-supereffective|p1a: I came from leddit
|-damage|p1a: I came from leddit|16\/334
|move|p1a: I came from leddit|Knock Off|p2a: Landorus-Therian
|-damage|p2a: Landorus-Therian|74\/381
|-enditem|p2a: Landorus-Therian|Leftovers|[from] move: Knock Off|[of] p1a: I came from leddit
|
|-heal|p1a: I came from leddit|36\/334|[from] item: Leftovers
|turn|34
|c|âArcanine is Regal|thats just sad
|
|move|p1a: I came from leddit|Sucker Punch|p2a: Landorus-Therian
|-damage|p2a: Landorus-Therian|0 fnt
|faint|p2a: Landorus-Therian
|
|-heal|p1a: I came from leddit|56\/334|[from] item: Leftovers
|
|switch|p2a: Latias|Latias, F|220\/319
|-damage|p2a: Latias|181\/319|[from] Stealth Rock
|turn|35
|
|move|p1a: I came from leddit|Sucker Punch|p2a: Latias
|-supereffective|p2a: Latias
|-damage|p2a: Latias|0 fnt
|faint|p2a: Latias
|
|-heal|p1a: I came from leddit|76\/334|[from] item: Leftovers
|c| uCan'tSeeMe|rekt
|
|switch|p2a: Rotom-Wash|Rotom-Wash|139\/304 tox
|-damage|p2a: Rotom-Wash|101\/304 tox|[from] Stealth Rock
|turn|36
|c|âwish killer|thats just evs
|c| Appreciation|rekt
|c| uCan'tSeeMe|heatrans spread..
|
|move|p1a: I came from leddit|Sucker Punch|p2a: Rotom-Wash
|-crit|p2a: Rotom-Wash
|-damage|p2a: Rotom-Wash|0 fnt
|faint|p2a: Rotom-Wash
|
|-heal|p1a: I came from leddit|96\/334|[from] item: Leftovers
|c| uCan'tSeeMe|is more like
|c| uCan'tSeeMe|just evs
|
|switch|p2a: Charizard|Charizard-Mega-X, F|16\/320
|-damage|p2a: Charizard|0 fnt|[from] Stealth Rock
|faint|p2a: Charizard
|
|win|wish killer
|raw|Ladder updating...
|c| uCan'tSeeMe|its a lifestyle
|raw|wish killer's rating: 1750 &rarr; <strong>1765<\/strong><br \/>(+15 for winning)
|raw|Arcanine is Regal's rating: 1663 &rarr; <strong>1648<\/strong><br \/>(-15 for losing)
|leave|Arcanine is Regal
|leave|Appreciation
|player|p2
|leave|uCan'tSeeMe
|leave|CleanerThanRotom-W
|c|âwish killer|bisharp's spread