|join|Relic Stone
|join|Arcanine is Regal
|player|p1|Relic Stone|151
|player|p2|Arcanine is Regal|126
|gametype|singles
|gen|6
|tier|OU
|clearpoke
|poke|p1|Clefable, M
|poke|p1|Heracross, M
|poke|p1|Jirachi
|poke|p1|Dragonite, M
|poke|p1|Tentacruel, M
|poke|p1|Porygon2
|poke|p2|Pidgeot, F
|poke|p2|Dugtrio, M
|poke|p2|Rotom-Wash
|poke|p2|Scizor, F
|poke|p2|Conkeldurr, F
|poke|p2|Sylveon, M
|rule|Swagger Clause: Swagger is banned
|rule|Baton Pass Clause: Limit one PokÃ©mon knowing Baton Pass
|rule|Sleep Clause Mod: Limit one foe put to sleep
|rule|Species Clause: Limit one of each PokÃ©mon
|rule|OHKO Clause: OHKO moves are banned
|rule|Moody Clause: Moody is banned
|rule|Evasion Moves Clause: Evasion moves are banned
|rule|Endless Battle Clause: Forcing endless battles is banned
|rule|HP Percentage Mod: HP is shown in percentages
|teampreview
|c|âArcanine is Regal|whose this?
|join|Reverend
|c|âArcanine is Regal|my instincts
|c|âArcanine is Regal|say storm zone
|c|âArcanine is Regal|that and your avatar
|
|start
|switch|p1a: Achilles|Heracross, M|302\/302
|switch|p2a: Scizor|Scizor, F|344\/344
|turn|1
|join|Gghhh
|
|detailschange|p1a: Achilles|Heracross-Mega, M
|-mega|p1a: Achilles|Heracross|Heracronite
|move|p1a: Achilles|Close Combat|p2a: Scizor
|-damage|p2a: Scizor|46\/344
|-unboost|p1a: Achilles|def|1
|-unboost|p1a: Achilles|spd|1
|move|p2a: Scizor|U-turn|p1a: Achilles
|-resisted|p1a: Achilles
|-damage|p1a: Achilles|218\/302
|
|switch|p2a: Pidgeot|Pidgeot, F|307\/307
|
|turn|2
|
|detailschange|p2a: Pidgeot|Pidgeot-Mega, F
|-mega|p2a: Pidgeot|Pidgeot|Pidgeotite
|move|p2a: Pidgeot|Hurricane|p1a: Achilles
|-supereffective|p1a: Achilles
|-damage|p1a: Achilles|0 fnt
|faint|p1a: Achilles
|
|
|switch|p1a: Supernova|Jirachi|404\/404
|turn|3
|
|switch|p2a: Scizor|Scizor, F|46\/344
|move|p1a: Supernova|Stealth Rock|p2a: Scizor
|-sidestart|p2: Arcanine is Regal|move: Stealth Rock
|
|-heal|p2a: Scizor|67\/344|[from] item: Leftovers
|turn|4
|
|move|p1a: Supernova|Iron Head|p2a: Scizor
|-resisted|p2a: Scizor
|-damage|p2a: Scizor|19\/344
|cant|p2a: Scizor|flinch
|
|-heal|p2a: Scizor|40\/344|[from] item: Leftovers
|turn|5
|
|move|p1a: Supernova|Iron Head|p2a: Scizor
|-resisted|p2a: Scizor
|-damage|p2a: Scizor|0 fnt
|faint|p2a: Scizor
|
|
|switch|p2a: Dugtrio|Dugtrio, M|201\/201
|-damage|p2a: Dugtrio|189\/201|[from] Stealth Rock
|turn|6
|
|move|p2a: Dugtrio|Earthquake|p1a: Supernova
|-supereffective|p1a: Supernova
|-damage|p1a: Supernova|152\/404
|move|p1a: Supernova|Iron Head|p2a: Dugtrio
|-damage|p2a: Dugtrio|12\/201
|
|-heal|p1a: Supernova|177\/404|[from] item: Leftovers
|turn|7
|
|move|p2a: Dugtrio|Earthquake|p1a: Supernova
|-crit|p1a: Supernova
|-supereffective|p1a: Supernova
|-damage|p1a: Supernova|0 fnt
|faint|p1a: Supernova
|
|
|switch|p1a: Leviathan|Dragonite, M|386\/386
|turn|8
|
|move|p1a: Leviathan|Extreme Speed|p2a: Dugtrio
|-damage|p2a: Dugtrio|0 fnt
|faint|p2a: Dugtrio
|
|
|switch|p2a: Sylveon|Sylveon, M|389\/389
|-damage|p2a: Sylveon|341\/389|[from] Stealth Rock
|turn|9
|join|lusty n bad
|join|Bloody alfa
|c|âRelic Stone|don't take like forever pls
|
|switch|p1a: Metroid|Tentacruel, M|364\/364
|move|p2a: Sylveon|Hyper Voice|p1a: Metroid
|-resisted|p1a: Metroid
|-damage|p1a: Metroid|265\/364
|
|-heal|p1a: Metroid|287\/364|[from] item: Leftovers
|turn|10
|
|switch|p2a: Rotom-Wash|Rotom-Wash|303\/303
|-damage|p2a: Rotom-Wash|266\/303|[from] Stealth Rock
|move|p1a: Metroid|Sludge Wave|p2a: Rotom-Wash
|-damage|p2a: Rotom-Wash|173\/303
|-status|p2a: Rotom-Wash|psn
|
|-heal|p1a: Metroid|309\/364|[from] item: Leftovers
|-heal|p2a: Rotom-Wash|191\/303 psn|[from] item: Leftovers
|-damage|p2a: Rotom-Wash|154\/303 psn|[from] psn
|turn|11
|join|Magma Admin~
|
|move|p2a: Rotom-Wash|Will-O-Wisp|p1a: Metroid
|-status|p1a: Metroid|brn
|move|p1a: Metroid|Mirror Coat|p2a: Rotom-Wash
|-fail|p2a: Rotom-Wash
|
|-heal|p1a: Metroid|331\/364 brn|[from] item: Leftovers
|-heal|p2a: Rotom-Wash|172\/303 psn|[from] item: Leftovers
|-damage|p1a: Metroid|286\/364 brn|[from] brn
|-damage|p2a: Rotom-Wash|135\/303 psn|[from] psn
|turn|12
|
|move|p1a: Metroid|Sludge Wave|p2a: Rotom-Wash
|-damage|p2a: Rotom-Wash|53\/303 psn
|move|p2a: Rotom-Wash|Pain Split|p1a: Metroid
|-sethp|p1a: Metroid|169\/364 brn|p2a: Rotom-Wash|169\/303 psn|[from] move: Pain Split
|
|-heal|p1a: Metroid|191\/364 brn|[from] item: Leftovers
|-heal|p2a: Rotom-Wash|187\/303 psn|[from] item: Leftovers
|-damage|p1a: Metroid|146\/364 brn|[from] brn
|-damage|p2a: Rotom-Wash|150\/303 psn|[from] psn
|turn|13
|
|move|p2a: Rotom-Wash|Hydro Pump|p1a: Metroid
|-resisted|p1a: Metroid
|-damage|p1a: Metroid|103\/364 brn
|move|p1a: Metroid|Mirror Coat|p2a: Rotom-Wash
|-damage|p2a: Rotom-Wash|64\/303 psn
|
|-heal|p1a: Metroid|125\/364 brn|[from] item: Leftovers
|-heal|p2a: Rotom-Wash|82\/303 psn|[from] item: Leftovers
|-damage|p1a: Metroid|80\/364 brn|[from] brn
|-damage|p2a: Rotom-Wash|45\/303 psn|[from] psn
|turn|14
|
|move|p1a: Metroid|Sludge Wave|p2a: Rotom-Wash
|-damage|p2a: Rotom-Wash|0 fnt
|faint|p2a: Rotom-Wash
|
|-heal|p1a: Metroid|102\/364 brn|[from] item: Leftovers
|-damage|p1a: Metroid|57\/364 brn|[from] brn
|
|switch|p2a: Pidgeot|Pidgeot-Mega, F|307\/307
|-damage|p2a: Pidgeot|231\/307|[from] Stealth Rock
|turn|15
|
|move|p2a: Pidgeot|Hurricane|p1a: Metroid
|-damage|p1a: Metroid|0 fnt
|faint|p1a: Metroid
|
|
|switch|p1a: Crescent|Clefable, M|394\/394
|turn|16
|
|move|p2a: Pidgeot|Hurricane|p1a: Crescent
|-crit|p1a: Crescent
|-damage|p1a: Crescent|73\/394
|move|p1a: Crescent|Moonblast|p2a: Pidgeot
|-damage|p2a: Pidgeot|78\/307
|-unboost|p2a: Pidgeot|spa|1
|
|-heal|p1a: Crescent|97\/394|[from] item: Leftovers
|turn|17
|c|âRelic Stone|,
|
|move|p2a: Pidgeot|Hurricane|p1a: Crescent
|-damage|p1a: Crescent|0 fnt
|faint|p1a: Crescent
|
|
|switch|p1a: Leviathan|Dragonite, M|386\/386
|turn|18
|
|move|p1a: Leviathan|Extreme Speed|p2a: Pidgeot
|-damage|p2a: Pidgeot|0 fnt
|faint|p2a: Pidgeot
|
|
|switch|p2a: Sylveon|Sylveon, M|341\/389
|-damage|p2a: Sylveon|293\/389|[from] Stealth Rock
|turn|19
|
|move|p1a: Leviathan|Extreme Speed|p2a: Sylveon
|-damage|p2a: Sylveon|47\/389
|move|p2a: Sylveon|Hyper Voice|p1a: Leviathan
|-supereffective|p1a: Leviathan
|-damage|p1a: Leviathan|95\/386
|
|turn|20
|c|âRelic Stone|Lol
|
|move|p1a: Leviathan|Extreme Speed|p2a: Sylveon
|-damage|p2a: Sylveon|0 fnt
|faint|p2a: Sylveon
|
|c|âArcanine is Regal|why did that do no damage :(
|c|âRelic Stone|max hp
|c|âRelic Stone|band
|c|âRelic Stone|lol
|c|âArcanine is Regal|was hoping specs would like cancel out multiscale or something
|c|âArcanine is Regal|oml
|c|âArcanine is Regal|best set imo
|
|switch|p2a: Conkeldurr|Conkeldurr, F|360\/360
|-damage|p2a: Conkeldurr|338\/360|[from] Stealth Rock
|turn|21
|
|switch|p1a: R2P2|Porygon2|374\/374
|-ability|p1a: R2P2|Guts|[from] ability: Trace|[of] p2a: Conkeldurr
|move|p2a: Conkeldurr|Drain Punch|p1a: R2P2
|-supereffective|p1a: R2P2
|-damage|p1a: R2P2|206\/374
|-heal|p2a: Conkeldurr|360\/360|[from] drain|[of] p1a: R2P2
|
|turn|22
|c|âRelic Stone|what kind of dmg is that
|
|move|p1a: R2P2|Substitute|p1a: R2P2
|-start|p1a: R2P2|Substitute
|-damage|p1a: R2P2|113\/374
|move|p2a: Conkeldurr|Knock Off|p1a: R2P2
|-activate|p1a: R2P2|Substitute|[damage]
|
|turn|23
|c|âArcanine is Regal|im impish max defense conk
|
|move|p1a: R2P2|Recover|p1a: R2P2
|-heal|p1a: R2P2|300\/374
|move|p2a: Conkeldurr|Drain Punch|p1a: R2P2
|-supereffective|p1a: R2P2
|-end|p1a: R2P2|Substitute
|
|turn|24
|
|move|p1a: R2P2|Ice Beam|p2a: Conkeldurr
|-damage|p2a: Conkeldurr|311\/360
|move|p2a: Conkeldurr|Drain Punch|p1a: R2P2
|-supereffective|p1a: R2P2
|-damage|p1a: R2P2|136\/374
|-heal|p2a: Conkeldurr|360\/360|[from] drain|[of] p1a: R2P2
|
|turn|25
|
|move|p1a: R2P2|Substitute|p1a: R2P2
|-start|p1a: R2P2|Substitute
|-damage|p1a: R2P2|43\/374
|move|p2a: Conkeldurr|Knock Off|p1a: R2P2
|-activate|p1a: R2P2|Substitute|[damage]
|
|turn|26
|
|move|p1a: R2P2|Ice Beam|p2a: Conkeldurr
|-damage|p2a: Conkeldurr|304\/360
|move|p2a: Conkeldurr|Drain Punch|p1a: R2P2
|-supereffective|p1a: R2P2
|-end|p1a: R2P2|Substitute
|-heal|p2a: Conkeldurr|315\/360|[from] drain|[of] p1a: R2P2
|
|turn|27
|c|âArcanine is Regal|k cmon conk
|c|âRelic Stone|conk wins!
|c|âArcanine is Regal|you can this
|
|move|p2a: Conkeldurr|Mach Punch|p1a: R2P2
|-supereffective|p1a: R2P2
|-damage|p1a: R2P2|0 fnt
|faint|p1a: R2P2
|
|c|âRelic Stone|crit and live the outrage
|
|switch|p1a: Leviathan|Dragonite, M|95\/386
|turn|28
|c|âArcanine is Regal|oh no this def ohkos
|c|âArcanine is Regal|gdi
|
|move|p1a: Leviathan|Outrage|p2a: Conkeldurr
|-crit|p2a: Conkeldurr
|-damage|p2a: Conkeldurr|0 fnt
|faint|p2a: Conkeldurr
|
|win|Relic Stone
|c|âRelic Stone|lol
|c| Bloody alfa|lol
|c|âArcanine is Regal|didnt matter
|c|âArcanine is Regal|gg
|c|âRelic Stone|gg
|leave|Arcanine is Regal
|leave|Relic Stone
|player|p2
|player|p1
|leave|Bloody alfa
|leave|Gghhh
|leave|Magma Admin~
|leave|lusty n bad