|join|Disorient
|join|Arcanine is Regal
|player|p1|Disorient|98
|player|p2|Arcanine is Regal|126
|gametype|singles
|gen|6
|tier|OU
|clearpoke
|poke|p1|Serperior, F
|poke|p1|Tyranitar, M
|poke|p1|Talonflame, M
|poke|p1|Manaphy
|poke|p1|Metagross, shiny
|poke|p1|Excadrill, F
|poke|p2|Arcanine, M
|poke|p2|Tangela, F
|poke|p2|Quagsire, M
|poke|p2|Clefable, M
|poke|p2|Chansey, F
|poke|p2|Sableye, M
|rule|Swagger Clause: Swagger is banned
|rule|Baton Pass Clause: Limit one PokÃ©mon knowing Baton Pass
|rule|Sleep Clause Mod: Limit one foe put to sleep
|rule|Species Clause: Limit one of each PokÃ©mon
|rule|OHKO Clause: OHKO moves are banned
|rule|Moody Clause: Moody is banned
|rule|Evasion Moves Clause: Evasion moves are banned
|rule|Endless Battle Clause: Forcing endless battles is banned
|rule|HP Percentage Mod: HP is shown in percentages
|teampreview
|c|âDisorient|!data Tangela
|c|~|\/data-pokemon Tangela

|c|âArcanine is Regal|I made the perfect physical defensive core
|join|Legolax909
|
|start
|switch|p1a: Manaphy|Manaphy|365\/365
|switch|p2a: Clefable|Clefable, M|394\/394
|turn|1
|c|âDisorient|:U
|
|move|p1a: Manaphy|Tail Glow|p1a: Manaphy
|-boost|p1a: Manaphy|spa|3
|move|p2a: Clefable|Stealth Rock|p1a: Manaphy
|-sidestart|p1: Disorient|move: Stealth Rock
|
|turn|2
|
|move|p1a: Manaphy|Rain Dance|p1a: Manaphy
|-weather|RainDance
|move|p2a: Clefable|Moonblast|p1a: Manaphy
|-damage|p1a: Manaphy|259\/365
|
|-weather|RainDance|[upkeep]
|-heal|p1a: Manaphy|281\/365|[from] item: Leftovers
|turn|3
|
|move|p1a: Manaphy|Scald|p2a: Clefable
|-damage|p2a: Clefable|252\/394
|move|p2a: Clefable|Wish|p2a: Clefable
|
|-weather|RainDance|[upkeep]
|-heal|p1a: Manaphy|303\/365|[from] item: Leftovers
|-heal|p2a: Clefable|276\/394|[from] item: Leftovers
|turn|4
|
|switch|p1a: Metagross|Metagross, shiny|301\/301
|-damage|p1a: Metagross|283\/301|[from] Stealth Rock
|move|p2a: Clefable|Moonblast|p1a: Metagross
|-resisted|p1a: Metagross
|-damage|p1a: Metagross|224\/301
|
|-weather|RainDance|[upkeep]
|-heal|p2a: Clefable|394\/394|[from] move: Wish|[wisher] Clefable
|turn|5
|
|switch|p2a: Arcanine|Arcanine, M|383\/383
|-ability|p2a: Arcanine|Intimidate|[of] p1a: Metagross
|-fail|p1a: Metagross|unboost|[from] ability: Clear Body|[of] p1a: Metagross
|detailschange|p1a: Metagross|Metagross-Mega, shiny
|-mega|p1a: Metagross|Metagross|Metagrossite
|move|p1a: Metagross|Stealth Rock|p2a: Arcanine
|-sidestart|p2: Arcanine is Regal|move: Stealth Rock
|
|-weather|RainDance|[upkeep]
|turn|6
|c|âDisorient|uh
|c|âDisorient|wisp morning sun right
|
|switch|p1a: Manaphy|Manaphy|303\/365
|-damage|p1a: Manaphy|258\/365|[from] Stealth Rock
|move|p2a: Arcanine|Will-O-Wisp|p1a: Manaphy
|-status|p1a: Manaphy|brn
|
|-weather|none
|-heal|p1a: Manaphy|280\/365 brn|[from] item: Leftovers
|-damage|p1a: Manaphy|235\/365 brn|[from] brn
|turn|7
|c|âArcanine is Regal|y
|
|switch|p2a: Clefable|Clefable, M|394\/394
|-damage|p2a: Clefable|345\/394|[from] Stealth Rock
|move|p1a: Manaphy|Rain Dance|p1a: Manaphy
|-weather|RainDance
|
|-weather|RainDance|[upkeep]
|-curestatus|p1a: Manaphy|brn
|-heal|p1a: Manaphy|257\/365|[from] item: Leftovers
|-heal|p2a: Clefable|369\/394|[from] item: Leftovers
|turn|8
|
|switch|p1a: Excadrill|Excadrill, F|359\/359
|-damage|p1a: Excadrill|348\/359|[from] Stealth Rock
|move|p2a: Clefable|Moonblast|p1a: Excadrill
|-resisted|p1a: Excadrill
|-damage|p1a: Excadrill|275\/359
|-unboost|p1a: Excadrill|spa|1
|
|-weather|RainDance|[upkeep]
|-heal|p2a: Clefable|393\/394|[from] item: Leftovers
|turn|9
|
|switch|p2a: Tangela|Tangela, F|333\/333
|-damage|p2a: Tangela|292\/333|[from] Stealth Rock
|move|p1a: Excadrill|Rapid Spin|p2a: Tangela
|-damage|p2a: Tangela|276\/333
|-sideend|p1: Disorient|Stealth Rock|[from] move: Rapid Spin|[of] p1a: Excadrill
|-damage|p1a: Excadrill|240\/359|[from] item: Life Orb
|
|-weather|RainDance|[upkeep]
|turn|10
|
|switch|p1a: Manaphy|Manaphy|257\/365
|move|p2a: Tangela|Knock Off|p1a: Manaphy
|-damage|p1a: Manaphy|213\/365
|-enditem|p1a: Manaphy|Leftovers|[from] move: Knock Off|[of] p2a: Tangela
|
|-weather|RainDance|[upkeep]
|turn|11
|join|Raik
|c| Raik|that stall
|c|âDisorient|idkwtd
|c|âArcanine is Regal|its a work in progress
|
|switch|p2a: Clefable|Clefable, M|393\/394
|-damage|p2a: Clefable|344\/394|[from] Stealth Rock
|move|p1a: Manaphy|Scald|p2a: Clefable
|-damage|p2a: Clefable|208\/394
|
|-weather|none
|-heal|p2a: Clefable|232\/394|[from] item: Leftovers
|turn|12
|c|âArcanine is Regal|right now it gets just 6-0d by clefable
|c|âArcanine is Regal|gotta figure that out
|
|switch|p1a: Metagross|Metagross-Mega, shiny|224\/301
|move|p2a: Clefable|Wish|p2a: Clefable
|
|-heal|p2a: Clefable|256\/394|[from] item: Leftovers
|turn|13
|c|âArcanine is Regal|maybe jirachi
|
|switch|p1a: Manaphy|Manaphy|213\/365
|move|p2a: Clefable|Protect|p2a: Clefable
|-fail|p2a: Clefable
|
|-heal|p2a: Clefable|394\/394|[from] move: Wish|[wisher] Clefable
|turn|14
|
|move|p1a: Manaphy|Scald|p2a: Clefable
|-damage|p2a: Clefable|298\/394
|move|p2a: Clefable|Moonblast|p1a: Manaphy
|-damage|p1a: Manaphy|102\/365
|
|-heal|p2a: Clefable|322\/394|[from] item: Leftovers
|turn|15
|
|switch|p1a: Metagross|Metagross-Mega, shiny|224\/301
|move|p2a: Clefable|Wish|p2a: Clefable
|
|-heal|p2a: Clefable|346\/394|[from] item: Leftovers
|turn|16
|c|âDisorient|arcanine so annoying zzz
|
|switch|p1a: Tyranitar|Tyranitar, M|380\/380
|-weather|Sandstorm
|switch|p2a: Tangela|Tangela, F|333\/333
|-damage|p2a: Tangela|292\/333|[from] Stealth Rock
|
|-weather|Sandstorm|[upkeep]
|-damage|p2a: Tangela|272\/333|[from] sandstorm
|-heal|p2a: Tangela|333\/333|[from] move: Wish|[wisher] Clefable
|turn|17
|
|switch|p1a: Serperior|Serperior, F|291\/291
|move|p2a: Tangela|Leech Seed|p1a: Serperior
|-immune|p1a: Serperior|[msg]
|
|-weather|Sandstorm|[upkeep]
|-damage|p1a: Serperior|273\/291|[from] sandstorm
|-damage|p2a: Tangela|313\/333|[from] sandstorm
|turn|18
|join|Emma Bae
|
|move|p1a: Serperior|Leaf Storm|p2a: Tangela
|-resisted|p2a: Tangela
|-damage|p2a: Tangela|149\/333
|-boost|p1a: Serperior|spa|2
|-damage|p1a: Serperior|244\/291|[from] item: Life Orb
|move|p2a: Tangela|Knock Off|p1a: Serperior
|-damage|p1a: Serperior|194\/291
|-enditem|p1a: Serperior|Life Orb|[from] move: Knock Off|[of] p2a: Tangela
|
|-weather|Sandstorm|[upkeep]
|-damage|p1a: Serperior|176\/291|[from] sandstorm
|-damage|p2a: Tangela|129\/333|[from] sandstorm
|turn|19
|join|np m8
|
|switch|p1a: Tyranitar|Tyranitar, M|380\/380
|switch|p2a: Chansey|Chansey, F|703\/703
|-damage|p2a: Chansey|616\/703|[from] Stealth Rock
|
|-weather|Sandstorm|[upkeep]
|-damage|p2a: Chansey|573\/703|[from] sandstorm
|turn|20
|
|move|p1a: Tyranitar|Pursuit|p2a: Chansey
|-damage|p2a: Chansey|134\/703
|move|p2a: Chansey|Wish|p2a: Chansey
|
|-weather|none
|turn|21
|
|move|p2a: Chansey|Protect|p2a: Chansey
|-singleturn|p2a: Chansey|Protect
|move|p1a: Tyranitar|Pursuit|p2a: Chansey
|-activate|p2a: Chansey|Protect
|
|-heal|p2a: Chansey|485\/703|[from] move: Wish|[wisher] Chansey
|turn|22
|
|move|p1a: Tyranitar|Pursuit|p2a: Chansey
|-damage|p2a: Chansey|68\/703
|move|p2a: Chansey|Toxic|p1a: Tyranitar
|-status|p1a: Tyranitar|tox
|
|-damage|p1a: Tyranitar|357\/380 tox|[from] psn
|turn|23
|
|move|p2a: Chansey|Protect|p2a: Chansey
|-singleturn|p2a: Chansey|Protect
|move|p1a: Tyranitar|Pursuit|p2a: Chansey
|-activate|p2a: Chansey|Protect
|
|-damage|p1a: Tyranitar|311\/380 tox|[from] psn
|turn|24
|
|move|p2a: Chansey|Protect|p2a: Chansey
|-fail|p2a: Chansey
|move|p1a: Tyranitar|Pursuit|p2a: Chansey
|-damage|p2a: Chansey|0 fnt
|faint|p2a: Chansey
|
|-damage|p1a: Tyranitar|242\/380 tox|[from] psn
|
|switch|p2a: Tangela|Tangela, F|240\/333
|-damage|p2a: Tangela|199\/333|[from] Stealth Rock
|turn|25
|c| Raik|trying to pull the double protect
|c| Raik|I expected more
|
|switch|p1a: Serperior|Serperior, F|176\/291
|move|p2a: Tangela|Knock Off|p1a: Serperior
|-damage|p1a: Serperior|145\/291
|
|turn|26
|c| Raik|like wish protect pp stall to oblivio
|c| Raik|n
|join|ryzed
|c|âArcanine is Regal|I need hazard control too hmm
|
|switch|p2a: Clefable|Clefable, M|346\/394
|-damage|p2a: Clefable|297\/394|[from] Stealth Rock
|move|p1a: Serperior|Leaf Storm|p2a: Clefable
|-damage|p2a: Clefable|180\/394
|-boost|p1a: Serperior|spa|2
|
|-heal|p2a: Clefable|204\/394|[from] item: Leftovers
|turn|27
|c|âArcanine is Regal|didnt even think of that lol
|c| ryzed|funny how stall teams are made of tiny pokemons
|join|ollopa
|c| ryzed|little annoying pricks
|c|âDisorient|!dt chansey
|c|~|\/data-pokemon Chansey
|raw|<font size="1"><font color=#585858>Dex#:<\/font> 113&nbsp;|&ThickSpace;<font color=#585858>Height:<\/font> 1.1 m&nbsp;|&ThickSpace;<font color=#585858>Weight:<\/font> 34.6 kg <em>(60 BP)<\/em>&nbsp;|&ThickSpace;<font color=#585858>Dex Colour:<\/font> Pink&nbsp;|&ThickSpace;<font color=#585858>Egg Group(s):<\/font> Fairy&nbsp;|&ThickSpace;<font color=#585858>Evolution:<\/font> Blissey (2)<\/font>
|join|tmpu
|c|âDisorient|is surprisingly light  & short
|c| ryzed|unsurprisingly fat
|
|switch|p1a: Excadrill|Excadrill, F|240\/359
|move|p2a: Clefable|Wish|p2a: Clefable
|
|-heal|p2a: Clefable|228\/394|[from] item: Leftovers
|turn|28
|c| ryzed|pink blob
|c|âArcanine is Regal|I think ima ditch chansey and sableye for jirachi and some hazard control
|
|move|p2a: Clefable|Protect|p2a: Clefable
|-singleturn|p2a: Clefable|Protect
|move|p1a: Excadrill|Iron Head|p2a: Clefable
|-activate|p2a: Clefable|Protect
|
|-heal|p2a: Clefable|394\/394|[from] move: Wish|[wisher] Clefable
|turn|29
|
|switch|p1a: Serperior|Serperior, F|145\/291
|switch|p2a: Tangela|Tangela, F|310\/333
|-damage|p2a: Tangela|269\/333|[from] Stealth Rock
|
|turn|30
|
|switch|p2a: Clefable|Clefable, M|394\/394
|-damage|p2a: Clefable|345\/394|[from] Stealth Rock
|move|p1a: Serperior|Hidden Power|p2a: Clefable
|-damage|p2a: Clefable|303\/394
|
|-heal|p2a: Clefable|327\/394|[from] item: Leftovers
|turn|31
|c|âArcanine is Regal|ohh or maybe just use that spdef exca set
|
|switch|p1a: Metagross|Metagross-Mega, shiny|224\/301
|move|p2a: Clefable|Wish|p2a: Clefable
|
|-heal|p2a: Clefable|351\/394|[from] item: Leftovers
|turn|32
|c|âDisorient|Go for it
|c|âDisorient|not gonna run a mega at all?
|c|âArcanine is Regal|ehh we will see
|c| ryzed|mega sableye doh
|
|switch|p1a: Manaphy|Manaphy|102\/365
|switch|p2a: Arcanine|Arcanine, M|383\/383
|-damage|p2a: Arcanine|288\/383|[from] Stealth Rock
|-ability|p2a: Arcanine|Intimidate|[of] p1a: Manaphy
|-unboost|p1a: Manaphy|atk|1
|
|-heal|p2a: Arcanine|383\/383|[from] move: Wish|[wisher] Clefable
|turn|33
|c|âArcanine is Regal|plays
|c|âArcanine is Regal|jesus
|
|switch|p2a: Clefable|Clefable, M|351\/394
|-damage|p2a: Clefable|302\/394|[from] Stealth Rock
|move|p1a: Manaphy|Scald|p2a: Clefable
|-damage|p2a: Clefable|209\/394
|-status|p2a: Clefable|brn
|
|-heal|p2a: Clefable|233\/394 brn|[from] item: Leftovers
|-damage|p2a: Clefable|184\/394 brn|[from] brn
|turn|34
|c|âDisorient|finally
|c| ryzed|double unaware
|c| ryzed|what
|c| Raik|not enough unaware
|c| Raik|needs 3
|c| ryzed|fucken ignorant dipshits
|c|âDisorient|slowbro should have it
|c|âDisorient|but w\/e gamefreak
|c| Legolax909|how about regen..
|
|switch|p1a: Metagross|Metagross-Mega, shiny|224\/301
|move|p2a: Clefable|Wish|p2a: Clefable
|
|-heal|p2a: Clefable|208\/394 brn|[from] item: Leftovers
|-damage|p2a: Clefable|159\/394 brn|[from] brn
|turn|35
|
|move|p2a: Clefable|Protect|p2a: Clefable
|-singleturn|p2a: Clefable|Protect
|move|p1a: Metagross|Meteor Mash|p2a: Clefable
|-activate|p2a: Clefable|Protect
|
|-heal|p2a: Clefable|356\/394 brn|[from] move: Wish|[wisher] Clefable
|-heal|p2a: Clefable|380\/394 brn|[from] item: Leftovers
|-damage|p2a: Clefable|331\/394 brn|[from] brn
|turn|36
|c|âArcanine is Regal|lol this team doesnt have heal bell either
|c|âDisorient|gr8
|c| ryzed|your team makes me wanna auto forfeit
|c|âArcanine is Regal|I just am not designed to play stall
|c|âArcanine is Regal|lol
|
|switch|p2a: Tangela|Tangela, F|333\/333
|-damage|p2a: Tangela|292\/333|[from] Stealth Rock
|move|p1a: Metagross|Meteor Mash|p2a: Tangela
|-damage|p2a: Tangela|195\/333
|
|turn|37
|c| ryzed|no cleric on chansey or clefable
|c|âArcanine is Regal|nah my chansey set is messed up
|c| ryzed|what do you give them
|c|âArcanine is Regal|I accidentally put wish protect and softboiled lol
|
|move|p1a: Metagross|Meteor Mash|p2a: Tangela
|-damage|p2a: Tangela|98\/333
|move|p2a: Tangela|Hidden Power|p1a: Metagross
|-supereffective|p1a: Metagross
|-damage|p1a: Metagross|138\/301
|
|turn|38
|c|âDisorient|2 29%s
|c|âDisorient|hmmm
|c|âDisorient|252 Atk Tough Claws Mega Metagross Meteor Mash vs. 252 HP \/ 252+ Def Eviolite Tangela: 93-111 (27.8 - 33.2%) -- guaranteed 4HKO
|
|switch|p1a: Manaphy|Manaphy|102\/365
|switch|p2a: Arcanine|Arcanine, M|383\/383
|-damage|p2a: Arcanine|288\/383|[from] Stealth Rock
|-ability|p2a: Arcanine|Intimidate|[of] p1a: Manaphy
|-unboost|p1a: Manaphy|atk|1
|
|turn|39
|
|move|p2a: Arcanine|Extreme Speed|p1a: Manaphy
|-damage|p1a: Manaphy|33\/365
|move|p1a: Manaphy|Scald|p2a: Arcanine
|-supereffective|p2a: Arcanine
|-damage|p2a: Arcanine|0 fnt
|faint|p2a: Arcanine
|
|
|switch|p2a: Sableye|Sableye, M|303\/303
|-damage|p2a: Sableye|266\/303|[from] Stealth Rock
|turn|40
|c| ryzed|your stall team doesnt have hazards?
|c|âDisorient|clef has rocks
|c|âArcanine is Regal|oh shit
|c|âArcanine is Regal|I forgot about that
|c| Raik|Dude arcanine
|c| Raik|how can you suck so bad
|c|âArcanine is Regal|idk dude
|c|âArcanine is Regal|years of practice
|c| Raik|I'm expecting tackle
|join|Soul M8
|
|move|p2a: Sableye|Calm Mind|p2a: Sableye
|-boost|p2a: Sableye|spa|1
|-boost|p2a: Sableye|spd|1
|move|p1a: Manaphy|Scald|p2a: Sableye
|-damage|p2a: Sableye|190\/303
|
|turn|41
|
|move|p1a: Manaphy|Tail Glow|p1a: Manaphy
|-boost|p1a: Manaphy|spa|3
|move|p2a: Sableye|Dark Pulse|p1a: Manaphy
|-damage|p1a: Manaphy|0 fnt
|faint|p1a: Manaphy
|
|
|switch|p1a: Talonflame|Talonflame, M|319\/319
|turn|42
|c| Soul M8|tangela?
|c|âDisorient|tangala is a lord man
|c| Raik|let me see what switches into banded BB
|c| Raik|ahem...
|c|âDisorient|it beats stuff like LopunnY sand offense azumarill metagross
|c|âDisorient|for offense
|c| Raik|none
|
|move|p1a: Talonflame|Brave Bird|p2a: Sableye
|-damage|p2a: Sableye|0 fnt
|-damage|p1a: Talonflame|256\/319|[from] recoil|[of] p2a: Sableye
|faint|p2a: Sableye
|
|c| ryzed|rekt
|c|âArcanine is Regal|yeah its mainly just for sand offense
|c| ryzed|y no mega though
|c|âArcanine is Regal|cuz arcanine beats all other physical attackers
|c|âArcanine is Regal|except zard x
|c|âArcanine is Regal|hence quag
|
|switch|p2a: Quagsire|Quagsire, M|394\/394
|-damage|p2a: Quagsire|370\/394|[from] Stealth Rock
|turn|43
|c|âDisorient|I used SPow Tangrowth on offense before
|c|âDisorient|It was nb Tbh
|join|GunnerBatonPass
|
|switch|p1a: Tyranitar|Tyranitar, M|242\/380 tox
|-weather|Sandstorm
|move|p2a: Quagsire|Toxic|p1a: Tyranitar
|-fail|p1a: Tyranitar|tox
|
|-weather|Sandstorm|[upkeep]
|-heal|p2a: Quagsire|394\/394|[from] item: Leftovers
|-damage|p1a: Tyranitar|219\/380 tox|[from] psn
|turn|44
|c| ryzed|what's spow
|c|âDisorient|Sleep Powder
|c| ryzed|Sleep powder
|c| ryzed|i see
|
|move|p1a: Tyranitar|Stone Edge|p2a: Quagsire
|-resisted|p2a: Quagsire
|-damage|p2a: Quagsire|275\/394
|move|p2a: Quagsire|Earthquake|p1a: Tyranitar
|-supereffective|p1a: Tyranitar
|-damage|p1a: Tyranitar|37\/380 tox
|
|-weather|Sandstorm|[upkeep]
|-heal|p2a: Quagsire|299\/394|[from] item: Leftovers
|-damage|p1a: Tyranitar|0 fnt|[from] psn
|faint|p1a: Tyranitar
|
|switch|p1a: Serperior|Serperior, F|145\/291
|turn|45
|
|switch|p1a: Excadrill|Excadrill, F|240\/359
|switch|p2a: Clefable|Clefable, M|331\/394 brn
|-damage|p2a: Clefable|282\/394 brn|[from] Stealth Rock
|
|-weather|Sandstorm|[upkeep]
|-damage|p2a: Clefable|258\/394 brn|[from] sandstorm
|-heal|p2a: Clefable|282\/394 brn|[from] item: Leftovers
|-damage|p2a: Clefable|233\/394 brn|[from] brn
|turn|46
|
|switch|p2a: Tangela|Tangela, F|209\/333
|-damage|p2a: Tangela|168\/333|[from] Stealth Rock
|move|p1a: Excadrill|Iron Head|p2a: Tangela
|-damage|p2a: Tangela|86\/333
|-damage|p1a: Excadrill|205\/359|[from] item: Life Orb
|
|-weather|Sandstorm|[upkeep]
|-damage|p2a: Tangela|66\/333|[from] sandstorm
|turn|47
|
|switch|p2a: Quagsire|Quagsire, M|299\/394
|-damage|p2a: Quagsire|275\/394|[from] Stealth Rock
|move|p1a: Excadrill|Iron Head|p2a: Quagsire
|-resisted|p2a: Quagsire
|-damage|p2a: Quagsire|193\/394
|-damage|p1a: Excadrill|170\/359|[from] item: Life Orb
|
|-weather|none
|-heal|p2a: Quagsire|217\/394|[from] item: Leftovers
|turn|48
|
|move|p1a: Excadrill|Iron Head|p2a: Quagsire
|-resisted|p2a: Quagsire
|-damage|p2a: Quagsire|135\/394
|-damage|p1a: Excadrill|135\/359|[from] item: Life Orb
|cant|p2a: Quagsire|flinch
|
|-heal|p2a: Quagsire|159\/394|[from] item: Leftovers
|turn|49
|c|âDisorient|rip
|
|move|p1a: Excadrill|Earthquake|p2a: Quagsire
|-damage|p2a: Quagsire|0 fnt
|-damage|p1a: Excadrill|100\/359|[from] item: Life Orb
|faint|p2a: Quagsire
|
|c|âArcanine is Regal|what do people use for hazard control on stall?
|c|âDisorient|tenta
|c| Soul M8|skarm
|
|switch|p2a: Tangela|Tangela, F|177\/333
|-damage|p2a: Tangela|136\/333|[from] Stealth Rock
|turn|50
|c|âArcanine is Regal|skarm seems dumb
|c|âArcanine is Regal|ima go innovate more
|c| Soul M8|ik
|c| Soul M8|lol
|
|switch|p1a: Talonflame|Talonflame, M|256\/319
|move|p2a: Tangela|Leech Seed|p1a: Talonflame|[miss]
|-miss|p2a: Tangela|p1a: Talonflame
|
|turn|51
|c|âArcanine is Regal|ima live this imo
|c| GunnerBatonPass|avalugg
|c|âDisorient|Do you ever want Sleep Pow on this?
|c| ryzed|excadrill
|
|move|p1a: Talonflame|Brave Bird|p2a: Tangela
|-supereffective|p2a: Tangela
|-damage|p2a: Tangela|0 fnt
|-damage|p1a: Talonflame|211\/319|[from] recoil|[of] p2a: Tangela
|faint|p2a: Tangela
|
|
|switch|p2a: Clefable|Clefable, M|233\/394 brn
|-damage|p2a: Clefable|184\/394 brn|[from] Stealth Rock
|turn|52
|c|âArcanine is Regal|gg
|c|âDisorient|gg
|
|move|p1a: Talonflame|Brave Bird|p2a: Clefable
|-damage|p2a: Clefable|0 fnt
|-damage|p1a: Talonflame|150\/319|[from] recoil|[of] p2a: Clefable
|faint|p2a: Clefable
|
|win|Disorient