|join|Arcanine is Regal
|join|reykebab69
|player|p1|Arcanine is Regal|126
|player|p2|reykebab69|162
|gametype|singles
|gen|6
|tier|OU
|rated
|clearpoke
|poke|p1|Bisharp, F
|poke|p1|Gengar, F
|poke|p1|Manectric, F
|poke|p1|Landorus-Therian, M
|poke|p1|Mamoswine, F
|poke|p1|Azumarill, F
|poke|p2|Swampert, F
|poke|p2|Politoed, F
|poke|p2|Ferrothorn, M
|poke|p2|Kingdra, M
|poke|p2|Latias, F
|poke|p2|Bisharp, F
|rule|Swagger Clause: Swagger is banned
|rule|Baton Pass Clause: Limit one PokÃ©mon knowing Baton Pass
|rule|Sleep Clause Mod: Limit one foe put to sleep
|rule|Species Clause: Limit one of each PokÃ©mon
|rule|OHKO Clause: OHKO moves are banned
|rule|Moody Clause: Moody is banned
|rule|Evasion Moves Clause: Evasion moves are banned
|rule|Endless Battle Clause: Forcing endless battles is banned
|rule|HP Percentage Mod: HP is shown in percentages
|teampreview
|c|âreykebab69|gl hf
|c|âArcanine is Regal|u2
|join|Mystialized
|
|start
|switch|p1a: Mamoswine|Mamoswine, F|381\/381
|switch|p2a: USA Man|Politoed, F|383\/383
|-weather|RainDance
|turn|1
|leave|Mystialized
|join|DiggerSR
|c| DiggerSR|Rey bb
|c|âreykebab69|digger bb
|
|move|p1a: Mamoswine|Stealth Rock|p2a: USA Man
|-sidestart|p2: reykebab69|move: Stealth Rock
|move|p2a: USA Man|Encore|p1a: Mamoswine
|-start|p1a: Mamoswine|Encore
|
|-weather|RainDance|[upkeep]
|turn|2
|c|âreykebab69|predesido
|c| DiggerSR|40	Arcanine is Regal	1701
|
|switch|p1a: Gengar|Gengar, F|262\/262
|move|p2a: USA Man|Scald|p1a: Gengar
|-damage|p1a: Gengar|99\/262
|
|-weather|RainDance|[upkeep]
|turn|3
|c| DiggerSR|Es cierto
|
|switch|p2a: Urss Man|Ferrothorn, M|351\/351
|-damage|p2a: Urss Man|330\/351|[from] Stealth Rock
|move|p1a: Gengar|Destiny Bond|p1a: Gengar
|-singlemove|p1a: Gengar|Destiny Bond
|
|-weather|RainDance|[upkeep]
|turn|4
|c|âreykebab69|obv bb
|
|move|p1a: Gengar|Focus Blast|p2a: Urss Man
|-supereffective|p2a: Urss Man
|-damage|p2a: Urss Man|28\/351
|-damage|p1a: Gengar|73\/262|[from] item: Life Orb
|move|p2a: Urss Man|Stealth Rock|p1a: Gengar
|-sidestart|p1: Arcanine is Regal|move: Stealth Rock
|
|-weather|RainDance|[upkeep]
|turn|5
|c| DiggerSR|:o
|
|move|p1a: Gengar|Shadow Ball|p2a: Urss Man
|-damage|p2a: Urss Man|0 fnt
|-damage|p1a: Gengar|47\/262|[from] item: Life Orb
|faint|p2a: Urss Man
|
|-weather|RainDance|[upkeep]
|c| DiggerSR|swam
|
|switch|p2a: Germany Man|Kingdra, M|291\/291
|-damage|p2a: Germany Man|255\/291|[from] Stealth Rock
|turn|6
|join|Cienight
|
|move|p2a: Germany Man|Scald|p1a: Gengar
|-damage|p1a: Gengar|0 fnt
|faint|p1a: Gengar
|
|-weather|RainDance|[upkeep]
|
|switch|p1a: Azumarill|Azumarill, F|342\/342
|-damage|p1a: Azumarill|300\/342|[from] Stealth Rock
|turn|7
|
|move|p2a: Germany Man|Scald|p1a: Azumarill
|-crit|p1a: Azumarill
|-resisted|p1a: Azumarill
|-damage|p1a: Azumarill|35\/342
|-enditem|p1a: Azumarill|Sitrus Berry|[eat]
|-heal|p1a: Azumarill|120\/342|[from] item: Sitrus Berry
|move|p1a: Azumarill|Belly Drum|p1a: Azumarill
|-fail|p1a: Azumarill
|
|-weather|RainDance|[upkeep]
|turn|8
|join|agorazein
|leave|agorazein
|c|âreykebab69|amazing
|join|agorazein
|
|move|p2a: Germany Man|Scald|p1a: Azumarill
|-resisted|p1a: Azumarill
|-damage|p1a: Azumarill|0 fnt
|faint|p1a: Azumarill
|
|-weather|none
|
|switch|p1a: Bisharp|Bisharp, F|278\/278
|-damage|p1a: Bisharp|261\/278|[from] Stealth Rock
|turn|9
|
|move|p2a: Germany Man|Scald|p1a: Bisharp
|-damage|p1a: Bisharp|15\/278
|move|p1a: Bisharp|Knock Off|p2a: Germany Man
|-damage|p2a: Germany Man|16\/291
|-enditem|p2a: Germany Man|Choice Specs|[from] move: Knock Off|[of] p1a: Bisharp
|-damage|p1a: Bisharp|0 fnt|[from] item: Life Orb
|faint|p1a: Bisharp
|
|c|âreykebab69|no pursuit
|c|âreykebab69|a.a
|
|switch|p1a: Manectric|Manectric, F|281\/281
|-damage|p1a: Manectric|246\/281|[from] Stealth Rock
|turn|10
|
|detailschange|p1a: Manectric|Manectric-Mega, F
|-mega|p1a: Manectric|Manectric|Manectite
|-ability|p1a: Manectric|Intimidate|[of] p2a: Germany Man
|-unboost|p2a: Germany Man|atk|1
|move|p1a: Manectric|Flamethrower|p2a: Germany Man
|-resisted|p2a: Germany Man
|-damage|p2a: Germany Man|0 fnt
|faint|p2a: Germany Man
|
|
|switch|p2a: Gay Man(France xd)|Latias, F|301\/301
|-damage|p2a: Gay Man(France xd)|264\/301|[from] Stealth Rock
|turn|11
|
|move|p1a: Manectric|Hidden Power|p2a: Gay Man(France xd)
|-supereffective|p2a: Gay Man(France xd)
|-damage|p2a: Gay Man(France xd)|152\/301
|move|p2a: Gay Man(France xd)|Draco Meteor|p1a: Manectric|[miss]
|-miss|p2a: Gay Man(France xd)|p1a: Manectric
|
|turn|12
|c|âreykebab69|unu
|c|âreykebab69|ya vali
|
|move|p1a: Manectric|Hidden Power|p2a: Gay Man(France xd)
|-supereffective|p2a: Gay Man(France xd)
|-damage|p2a: Gay Man(France xd)|40\/301
|move|p2a: Gay Man(France xd)|Draco Meteor|p1a: Manectric
|-damage|p1a: Manectric|0 fnt
|-unboost|p2a: Gay Man(France xd)|spa|2
|-damage|p2a: Gay Man(France xd)|10\/301|[from] item: Life Orb
|faint|p1a: Manectric
|
|
|switch|p1a: Landorus-Therian|Landorus-Therian, M|320\/320
|-damage|p1a: Landorus-Therian|280\/320|[from] Stealth Rock
|-ability|p1a: Landorus-Therian|Intimidate|[of] p2a: Gay Man(France xd)
|-unboost|p2a: Gay Man(France xd)|atk|1
|turn|13
|
|move|p1a: Landorus-Therian|U-turn|p2a: Gay Man(France xd)
|-supereffective|p2a: Gay Man(France xd)
|-damage|p2a: Gay Man(France xd)|0 fnt
|faint|p2a: Gay Man(France xd)
|
|switch|p1a: Mamoswine|Mamoswine, F|381\/381
|-damage|p1a: Mamoswine|334\/381|[from] Stealth Rock
|
|c| DiggerSR|rey
|c| DiggerSR|y sus gg izi
|
|switch|p2a: USA Man|Politoed, F|383\/383
|-damage|p2a: USA Man|336\/383|[from] Stealth Rock
|-weather|RainDance
|turn|14
|c|âreykebab69|dime
|c| DiggerSR|(?)
|c|âreykebab69|claro
|
|move|p1a: Mamoswine|Icicle Spear|p2a: USA Man
|-resisted|p2a: USA Man
|-damage|p2a: USA Man|309\/383
|-resisted|p2a: USA Man
|-damage|p2a: USA Man|283\/383
|-resisted|p2a: USA Man
|-damage|p2a: USA Man|256\/383
|-resisted|p2a: USA Man
|-damage|p2a: USA Man|225\/383
|-hitcount|p2a: USA Man|4
|move|p2a: USA Man|Scald|p1a: Mamoswine
|-supereffective|p1a: Mamoswine
|-damage|p1a: Mamoswine|0 fnt
|faint|p1a: Mamoswine
|
|-weather|RainDance|[upkeep]
|
|switch|p1a: Landorus-Therian|Landorus-Therian, M|280\/320
|-damage|p1a: Landorus-Therian|240\/320|[from] Stealth Rock
|-ability|p1a: Landorus-Therian|Intimidate|[of] p2a: USA Man
|-unboost|p2a: USA Man|atk|1
|turn|15
|c|âreykebab69|gg izi geim
|c|âArcanine is Regal|gg
|
|move|p1a: Landorus-Therian|Earthquake|p2a: USA Man
|-damage|p2a: USA Man|0 fnt
|faint|p2a: USA Man
|
|-weather|RainDance|[upkeep]
|
|switch|p2a: Spain Man|Swampert, F|341\/341
|-damage|p2a: Spain Man|320\/341|[from] Stealth Rock
|turn|16
|
|detailschange|p2a: Spain Man|Swampert-Mega, F
|-mega|p2a: Spain Man|Swampert|Swampertite
|move|p1a: Landorus-Therian|Earthquake|p2a: Spain Man
|-damage|p2a: Spain Man|127\/341
|move|p2a: Spain Man|Waterfall|p1a: Landorus-Therian
|-supereffective|p1a: Landorus-Therian
|-damage|p1a: Landorus-Therian|0 fnt
|faint|p1a: Landorus-Therian
|
|win|reykebab69
|raw|Ladder updating...
|raw|Arcanine is Regal's rating: 1701 &rarr; <strong>1675<\/strong><br \/>(-26 for losing)
|raw|reykebab69's rating: 1580 &rarr; <strong>1606<\/strong><br \/>(+26 for winning)