|join|Arcanine is Regal
|join|Heisenberg94
|player|p1|Arcanine is Regal|126
|player|p2|Heisenberg94|101
|gametype|singles
|gen|6
|tier|OU
|rated
|clearpoke
|poke|p1|Diancie
|poke|p1|Gothitelle, F
|poke|p1|Arcanine, M
|poke|p1|Hippowdon, F
|poke|p1|Ferrothorn, F
|poke|p1|Tentacruel, F
|poke|p2|Slowbro, M
|poke|p2|Landorus-Therian, M
|poke|p2|Latias, F
|poke|p2|Bisharp, F
|poke|p2|Magnezone
|poke|p2|Keldeo
|rule|Swagger Clause: Swagger is banned
|rule|Baton Pass Clause: Limit one PokÃ©mon knowing Baton Pass
|rule|Sleep Clause Mod: Limit one foe put to sleep
|rule|Species Clause: Limit one of each PokÃ©mon
|rule|OHKO Clause: OHKO moves are banned
|rule|Moody Clause: Moody is banned
|rule|Evasion Moves Clause: Evasion moves are banned
|rule|Endless Battle Clause: Forcing endless battles is banned
|rule|HP Percentage Mod: HP is shown in percentages
|teampreview
|
|start
|switch|p1a: Hippowdon|Hippowdon, F|420\/420
|switch|p2a: Landorus-Therian|Landorus-Therian, M|319\/319
|-ability|p2a: Landorus-Therian|Intimidate|[of] p1a: Hippowdon
|-unboost|p1a: Hippowdon|atk|1
|-weather|Sandstorm
|turn|1
|
|move|p2a: Landorus-Therian|U-turn|p1a: Hippowdon
|-damage|p1a: Hippowdon|354\/420
|
|switch|p2a: Latias|Latias, F|364\/364
|move|p1a: Hippowdon|Ice Fang|p2a: Latias
|-supereffective|p2a: Latias
|-damage|p2a: Latias|280\/364
|
|-weather|Sandstorm|[upkeep]
|-damage|p2a: Latias|258\/364|[from] sandstorm
|-heal|p2a: Latias|280\/364|[from] item: Leftovers
|-heal|p1a: Hippowdon|380\/420|[from] item: Leftovers
|turn|2
|
|switch|p2a: Slowbro|Slowbro, M|393\/393
|switch|p1a: Ferrothorn|Ferrothorn, F|351\/351
|
|-weather|Sandstorm|[upkeep]
|-damage|p2a: Slowbro|369\/393|[from] sandstorm
|turn|3
|
|switch|p2a: Magnezone|Magnezone|324\/324
|move|p1a: Ferrothorn|Spikes|p2a: Magnezone
|-sidestart|p2: Heisenberg94|Spikes
|
|-weather|Sandstorm|[upkeep]
|turn|4
|
|move|p1a: Ferrothorn|Protect|p1a: Ferrothorn
|-singleturn|p1a: Ferrothorn|Protect
|move|p2a: Magnezone|Hidden Power|p1a: Ferrothorn
|-activate|p1a: Ferrothorn|Protect
|
|-weather|Sandstorm|[upkeep]
|turn|5
|
|switch|p1a: Hippowdon|Hippowdon, F|380\/420
|move|p2a: Magnezone|Hidden Power|p1a: Hippowdon
|-damage|p1a: Hippowdon|216\/420
|
|-weather|none
|-heal|p1a: Hippowdon|242\/420|[from] item: Leftovers
|turn|6
|
|switch|p2a: Latias|Latias, F|280\/364
|move|p1a: Hippowdon|Slack Off|p1a: Hippowdon
|-heal|p1a: Hippowdon|420\/420
|
|-heal|p2a: Latias|302\/364|[from] item: Leftovers
|turn|7
|
|switch|p1a: Ferrothorn|Ferrothorn, F|351\/351
|move|p2a: Latias|Defog|p1a: Ferrothorn
|-unboost|p1a: Ferrothorn|evasion|1
|-sideend|p2: Heisenberg94|Spikes|[from] move: Defog|[of] p2a: Latias
|
|-heal|p2a: Latias|324\/364|[from] item: Leftovers
|turn|8
|
|switch|p2a: Keldeo|Keldeo|323\/323
|move|p1a: Ferrothorn|Leech Seed|p2a: Keldeo
|-start|p2a: Keldeo|move: Leech Seed
|
|-damage|p2a: Keldeo|283\/323|[from] Leech Seed|[of] p1a: Ferrothorn
|turn|9
|
|switch|p2a: Landorus-Therian|Landorus-Therian, M|319\/319
|-ability|p2a: Landorus-Therian|Intimidate|[of] p1a: Ferrothorn
|-unboost|p1a: Ferrothorn|atk|1
|move|p1a: Ferrothorn|Protect|p1a: Ferrothorn
|-fail|p1a: Ferrothorn
|
|turn|10
|
|switch|p1a: Hippowdon|Hippowdon, F|420\/420
|-weather|Sandstorm
|move|p2a: Landorus-Therian|U-turn|p1a: Hippowdon
|-damage|p1a: Hippowdon|361\/420
|
|switch|p2a: Keldeo|Keldeo|283\/323
|
|-weather|Sandstorm|[upkeep]
|-damage|p2a: Keldeo|263\/323|[from] sandstorm
|-heal|p2a: Keldeo|283\/323|[from] item: Leftovers
|-heal|p1a: Hippowdon|387\/420|[from] item: Leftovers
|turn|11
|
|move|p2a: Keldeo|Substitute|p2a: Keldeo
|-start|p2a: Keldeo|Substitute
|-damage|p2a: Keldeo|203\/323
|move|p1a: Hippowdon|Stealth Rock|p2a: Keldeo
|-sidestart|p2: Heisenberg94|move: Stealth Rock
|
|-weather|Sandstorm|[upkeep]
|-damage|p2a: Keldeo|183\/323|[from] sandstorm
|-heal|p2a: Keldeo|203\/323|[from] item: Leftovers
|-heal|p1a: Hippowdon|413\/420|[from] item: Leftovers
|turn|12
|
|switch|p1a: Tentacruel|Tentacruel, F|364\/364
|move|p2a: Keldeo|Calm Mind|p2a: Keldeo
|-boost|p2a: Keldeo|spa|1
|-boost|p2a: Keldeo|spd|1
|
|-weather|Sandstorm|[upkeep]
|-damage|p2a: Keldeo|183\/323|[from] sandstorm
|-damage|p1a: Tentacruel|342\/364|[from] sandstorm
|-heal|p2a: Keldeo|203\/323|[from] item: Leftovers
|-heal|p1a: Tentacruel|364\/364|[from] item: Black Sludge
|turn|13
|join|zsup
|
|move|p2a: Keldeo|Calm Mind|p2a: Keldeo
|-boost|p2a: Keldeo|spa|1
|-boost|p2a: Keldeo|spd|1
|move|p1a: Tentacruel|Haze|p1a: Tentacruel
|-clearallboost
|
|-weather|Sandstorm|[upkeep]
|-damage|p2a: Keldeo|183\/323|[from] sandstorm
|-damage|p1a: Tentacruel|342\/364|[from] sandstorm
|-heal|p2a: Keldeo|203\/323|[from] item: Leftovers
|-heal|p1a: Tentacruel|364\/364|[from] item: Black Sludge
|turn|14
|
|move|p2a: Keldeo|Calm Mind|p2a: Keldeo
|-boost|p2a: Keldeo|spa|1
|-boost|p2a: Keldeo|spd|1
|move|p1a: Tentacruel|Scald|p2a: Keldeo
|-resisted|p2a: Keldeo
|-activate|p2a: Keldeo|Substitute|[damage]
|
|-weather|none
|-heal|p2a: Keldeo|223\/323|[from] item: Leftovers
|turn|15
|
|move|p2a: Keldeo|Secret Sword|p1a: Tentacruel
|-resisted|p1a: Tentacruel
|-damage|p1a: Tentacruel|210\/364
|move|p1a: Tentacruel|Haze|p1a: Tentacruel
|-clearallboost
|
|-heal|p2a: Keldeo|243\/323|[from] item: Leftovers
|-heal|p1a: Tentacruel|232\/364|[from] item: Black Sludge
|turn|16
|
|move|p2a: Keldeo|Secret Sword|p1a: Tentacruel
|-resisted|p1a: Tentacruel
|-damage|p1a: Tentacruel|124\/364
|move|p1a: Tentacruel|Scald|p2a: Keldeo
|-resisted|p2a: Keldeo
|-activate|p2a: Keldeo|Substitute|[damage]
|
|-heal|p2a: Keldeo|263\/323|[from] item: Leftovers
|-heal|p1a: Tentacruel|146\/364|[from] item: Black Sludge
|turn|17
|
|switch|p1a: Gothitelle|Gothitelle, F|281\/281
|move|p2a: Keldeo|Calm Mind|p2a: Keldeo
|-boost|p2a: Keldeo|spa|1
|-boost|p2a: Keldeo|spd|1
|
|-heal|p2a: Keldeo|283\/323|[from] item: Leftovers
|turn|18
|
|move|p1a: Gothitelle|Psyshock|p2a: Keldeo
|-supereffective|p2a: Keldeo
|-end|p2a: Keldeo|Substitute
|move|p2a: Keldeo|Scald|p1a: Gothitelle
|-damage|p1a: Gothitelle|77\/281
|-status|p1a: Gothitelle|brn
|
|-heal|p2a: Keldeo|303\/323|[from] item: Leftovers
|-damage|p1a: Gothitelle|42\/281 brn|[from] brn
|turn|19
|
|move|p1a: Gothitelle|Psyshock|p2a: Keldeo
|-supereffective|p2a: Keldeo
|-damage|p2a: Keldeo|39\/323
|move|p2a: Keldeo|Scald|p1a: Gothitelle
|-damage|p1a: Gothitelle|0 fnt
|faint|p1a: Gothitelle
|
|-heal|p2a: Keldeo|59\/323|[from] item: Leftovers
|
|switch|p1a: Arcanine|Arcanine, M|383\/383
|-ability|p1a: Arcanine|Intimidate|[of] p2a: Keldeo
|-unboost|p2a: Keldeo|atk|1
|turn|20
|
|switch|p2a: Landorus-Therian|Landorus-Therian, M|319\/319
|-damage|p2a: Landorus-Therian|280\/319|[from] Stealth Rock
|-ability|p2a: Landorus-Therian|Intimidate|[of] p1a: Arcanine
|-unboost|p1a: Arcanine|atk|1
|move|p1a: Arcanine|Extreme Speed|p2a: Landorus-Therian
|-damage|p2a: Landorus-Therian|225\/319
|
|turn|21
|
|move|p2a: Landorus-Therian|Earthquake|p1a: Arcanine
|-supereffective|p1a: Arcanine
|-damage|p1a: Arcanine|53\/383
|move|p1a: Arcanine|Will-O-Wisp|p2a: Landorus-Therian
|-status|p2a: Landorus-Therian|brn
|
|-damage|p2a: Landorus-Therian|186\/319 brn|[from] brn
|turn|22
|
|switch|p2a: Latias|Latias, F|324\/364
|-damage|p2a: Latias|279\/364|[from] Stealth Rock
|move|p1a: Arcanine|Extreme Speed|p2a: Latias
|-damage|p2a: Latias|227\/364
|
|-heal|p2a: Latias|249\/364|[from] item: Leftovers
|turn|23
|
|move|p2a: Latias|Defog|p1a: Arcanine
|-unboost|p1a: Arcanine|evasion|1
|-sideend|p2: Heisenberg94|Stealth Rock|[from] move: Defog|[of] p2a: Latias
|move|p1a: Arcanine|Will-O-Wisp|p2a: Latias
|-status|p2a: Latias|brn
|
|-heal|p2a: Latias|271\/364 brn|[from] item: Leftovers
|-damage|p2a: Latias|226\/364 brn|[from] brn
|turn|24
|
|move|p2a: Latias|Psyshock|p1a: Arcanine
|-damage|p1a: Arcanine|0 fnt
|faint|p1a: Arcanine
|
|-heal|p2a: Latias|248\/364 brn|[from] item: Leftovers
|-damage|p2a: Latias|203\/364 brn|[from] brn
|
|switch|p1a: Diancie|Diancie|241\/241
|turn|25
|
|detailschange|p1a: Diancie|Diancie-Mega
|-mega|p1a: Diancie|Diancie|Diancite
|move|p2a: Latias|Healing Wish|p2a: Latias
|faint|p2a: Latias
|move|p1a: Diancie|Moonblast|p2: Latias|[notarget]
|-notarget
|
|
|switch|p2a: Landorus-Therian|Landorus-Therian, M|186\/319 brn
|-heal|p2a: Landorus-Therian|319\/319|[from] move: Healing Wish
|-ability|p2a: Landorus-Therian|Intimidate|[of] p1a: Diancie
|-unboost|p1a: Diancie|atk|1
|turn|26
|
|switch|p1a: Tentacruel|Tentacruel, F|146\/364
|move|p2a: Landorus-Therian|U-turn|p1a: Tentacruel
|-resisted|p1a: Tentacruel
|-damage|p1a: Tentacruel|72\/364
|
|switch|p2a: Keldeo|Keldeo|59\/323
|
|-heal|p2a: Keldeo|79\/323|[from] item: Leftovers
|-heal|p1a: Tentacruel|94\/364|[from] item: Black Sludge
|turn|27
|
|move|p2a: Keldeo|Calm Mind|p2a: Keldeo
|-boost|p2a: Keldeo|spa|1
|-boost|p2a: Keldeo|spd|1
|move|p1a: Tentacruel|Scald|p2a: Keldeo
|-resisted|p2a: Keldeo
|-damage|p2a: Keldeo|52\/323
|-status|p2a: Keldeo|brn
|
|-heal|p2a: Keldeo|72\/323 brn|[from] item: Leftovers
|-heal|p1a: Tentacruel|116\/364|[from] item: Black Sludge
|-damage|p2a: Keldeo|32\/323 brn|[from] brn
|turn|28
|
|move|p2a: Keldeo|Secret Sword|p1a: Tentacruel
|-resisted|p1a: Tentacruel
|-damage|p1a: Tentacruel|0 fnt
|faint|p1a: Tentacruel
|
|-heal|p2a: Keldeo|52\/323 brn|[from] item: Leftovers
|-damage|p2a: Keldeo|12\/323 brn|[from] brn
|
|switch|p1a: Diancie|Diancie-Mega|241\/241
|turn|29
|join|Pure Demize
|
|move|p1a: Diancie|Moonblast|p2a: Keldeo
|-supereffective|p2a: Keldeo
|-damage|p2a: Keldeo|0 fnt
|faint|p2a: Keldeo
|
|
|switch|p2a: Landorus-Therian|Landorus-Therian, M|319\/319
|-ability|p2a: Landorus-Therian|Intimidate|[of] p1a: Diancie
|-unboost|p1a: Diancie|atk|1
|turn|30
|
|move|p2a: Landorus-Therian|Earthquake|p1a: Diancie
|-supereffective|p1a: Diancie
|-damage|p1a: Diancie|0 fnt
|faint|p1a: Diancie
|
|
|switch|p1a: Hippowdon|Hippowdon, F|413\/420
|-weather|Sandstorm
|turn|31
|
|switch|p2a: Slowbro|Slowbro, M|393\/393
|move|p1a: Hippowdon|Stealth Rock|p2a: Slowbro
|-sidestart|p2: Heisenberg94|move: Stealth Rock
|
|-weather|Sandstorm|[upkeep]
|-damage|p2a: Slowbro|369\/393|[from] sandstorm
|-heal|p1a: Hippowdon|420\/420|[from] item: Leftovers
|turn|32
|
|switch|p1a: Ferrothorn|Ferrothorn, F|351\/351
|move|p2a: Slowbro|Scald|p1a: Ferrothorn
|-resisted|p1a: Ferrothorn
|-damage|p1a: Ferrothorn|317\/351
|-status|p1a: Ferrothorn|brn
|
|-weather|Sandstorm|[upkeep]
|-damage|p2a: Slowbro|345\/393|[from] sandstorm
|-damage|p1a: Ferrothorn|274\/351 brn|[from] brn
|turn|33
|
|switch|p2a: Magnezone|Magnezone|324\/324
|-damage|p2a: Magnezone|304\/324|[from] Stealth Rock
|move|p1a: Ferrothorn|Leech Seed|p2a: Magnezone
|-start|p2a: Magnezone|move: Leech Seed
|
|-weather|Sandstorm|[upkeep]
|-damage|p2a: Magnezone|264\/324|[from] Leech Seed|[of] p1a: Ferrothorn
|-heal|p1a: Ferrothorn|314\/351 brn|[silent]
|-damage|p1a: Ferrothorn|271\/351 brn|[from] brn
|turn|34
|
|move|p2a: Magnezone|Hidden Power|p1a: Ferrothorn
|-supereffective|p1a: Ferrothorn
|-damage|p1a: Ferrothorn|0 fnt
|faint|p1a: Ferrothorn
|
|-weather|Sandstorm|[upkeep]
|c|âHeisenberg94|gg
|c|âArcanine is Regal|got to love bad players
|-message|Arcanine is Regal forfeited.
|leave|Arcanine is Regal
|
|win|Heisenberg94
|raw|Ladder updating...
|player|p1
|raw|Arcanine is Regal's rating: 1651 &rarr; <strong>1631<\/strong><br \/>(-20 for losing)
|raw|Heisenberg94's rating: 1644 &rarr; <strong>1664<\/strong><br \/>(+20 for winning)
|leave|Pure Demize