|join|swift42690
|join|Arcanine is Regal
|join|Omegasization
|player|p1|swift42690|40
|player|p2|Arcanine is Regal|126
|gametype|singles
|gen|6
|tier|OU
|rated
|clearpoke
|poke|p1|Venusaur, M, shiny
|poke|p1|Rotom-Wash, shiny
|poke|p1|Heatran, M, shiny
|poke|p1|Excadrill, F, shiny
|poke|p1|Talonflame, M
|poke|p1|Conkeldurr, F, shiny
|poke|p2|Scolipede, M
|poke|p2|Espeon, M
|poke|p2|Azelf
|poke|p2|Ditto
|poke|p2|Wobbuffet, F
|poke|p2|Metagross
|rule|Swagger Clause: Swagger is banned
|rule|Baton Pass Clause: Limit one PokÃ©mon knowing Baton Pass
|rule|Sleep Clause Mod: Limit one foe put to sleep
|rule|Species Clause: Limit one of each PokÃ©mon
|rule|OHKO Clause: OHKO moves are banned
|rule|Moody Clause: Moody is banned
|rule|Evasion Moves Clause: Evasion moves are banned
|rule|Endless Battle Clause: Forcing endless battles is banned
|rule|HP Percentage Mod: HP is shown in percentages
|teampreview
|
|start
|switch|p1a: Conkeldurr|Conkeldurr, F, shiny|353\/353
|switch|p2a: Azelf|Azelf|353\/353
|turn|1
|c|âswift42690|i feel like i faced u a few matches ago lol
|join|ThE0testing
|c|âArcanine is Regal|you did
|
|move|p2a: Azelf|Reflect|p2a: Azelf
|-sidestart|p2: Arcanine is Regal|Reflect
|move|p1a: Conkeldurr|Knock Off|p2a: Azelf
|-supereffective|p2a: Azelf
|-damage|p2a: Azelf|165\/353
|-enditem|p2a: Azelf|Light Clay|[from] move: Knock Off|[of] p1a: Conkeldurr
|
|turn|2
|
|switch|p1a: Heatran|Heatran, M, shiny|385\/385
|move|p2a: Azelf|Stealth Rock|p1a: Heatran
|-sidestart|p1: swift42690|move: Stealth Rock
|
|turn|3
|c|âswift42690|hmm
|
|move|p2a: Azelf|Explosion|p1a: Heatran
|-resisted|p1a: Heatran
|-damage|p1a: Heatran|270\/385
|faint|p2a: Azelf
|move|p1a: Heatran|Lava Plume|p2: Azelf|[notarget]
|-notarget
|
|-heal|p1a: Heatran|294\/385|[from] item: Leftovers
|
|switch|p2a: Wobbuffet|Wobbuffet, F|583\/583
|turn|4
|
|move|p2a: Wobbuffet|Encore|p1a: Heatran
|-start|p1a: Heatran|Encore
|move|p1a: Heatran|Lava Plume|p2a: Wobbuffet
|-damage|p2a: Wobbuffet|460\/583
|
|-heal|p1a: Heatran|318\/385|[from] item: Leftovers
|turn|5
|c|âswift42690|hate this thing lol
|
|move|p1a: Heatran|Lava Plume|p2a: Wobbuffet
|-damage|p2a: Wobbuffet|336\/583
|move|p2a: Wobbuffet|Mirror Coat|p1a: Heatran
|-damage|p1a: Heatran|70\/385
|
|-heal|p1a: Heatran|94\/385|[from] item: Leftovers
|turn|6
|
|move|p1a: Heatran|Lava Plume|p2a: Wobbuffet
|-damage|p2a: Wobbuffet|224\/583
|-status|p2a: Wobbuffet|brn
|-enditem|p2a: Wobbuffet|Sitrus Berry|[eat]
|-heal|p2a: Wobbuffet|369\/583 brn|[from] item: Sitrus Berry
|move|p2a: Wobbuffet|Mirror Coat|p1a: Heatran
|-damage|p1a: Heatran|0 fnt
|faint|p1a: Heatran
|
|-damage|p2a: Wobbuffet|297\/583 brn|[from] brn
|join|fuck christmas
|join|Fabio96
|
|switch|p1a: Rotom-Wash|Rotom-Wash, shiny|303\/303
|-damage|p1a: Rotom-Wash|266\/303|[from] Stealth Rock
|turn|7
|join|Kawhii Leonard
|
|move|p1a: Rotom-Wash|Volt Switch|p2a: Wobbuffet
|-damage|p2a: Wobbuffet|215\/583 brn
|join|DarkAegislash
|
|switch|p1a: Excadrill|Excadrill, F, shiny|361\/361
|-damage|p1a: Excadrill|350\/361|[from] Stealth Rock
|-ability|p1a: Excadrill|Mold Breaker
|move|p2a: Wobbuffet|Mirror Coat|p1a: Excadrill
|-damage|p1a: Excadrill|186\/361
|
|-damage|p2a: Wobbuffet|143\/583 brn|[from] brn
|turn|8
|
|move|p1a: Excadrill|Earthquake|p2a: Wobbuffet
|-damage|p2a: Wobbuffet|0 fnt
|-damage|p1a: Excadrill|150\/361|[from] item: Life Orb
|faint|p2a: Wobbuffet
|
|-sideend|p2: Arcanine is Regal|Reflect
|leave|Fabio96
|c|âswift42690|ima try my best to not let what happened last time lol
|
|switch|p2a: Scolipede|Scolipede, M|321\/321
|turn|9
|c|âArcanine is Regal|I hope you win
|
|move|p2a: Scolipede|Iron Defense|p2a: Scolipede
|-boost|p2a: Scolipede|def|2
|move|p1a: Excadrill|Rock Slide|p2a: Scolipede
|-supereffective|p2a: Scolipede
|-damage|p2a: Scolipede|201\/321
|-damage|p1a: Excadrill|114\/361|[from] item: Life Orb
|
|-boost|p2a: Scolipede|spe|1|[from] ability: Speed Boost
|turn|10
|
|move|p2a: Scolipede|Iron Defense|p2a: Scolipede
|-boost|p2a: Scolipede|def|2
|move|p1a: Excadrill|Rapid Spin|p2a: Scolipede
|-crit|p2a: Scolipede
|-damage|p2a: Scolipede|150\/321
|-sideend|p1: swift42690|Stealth Rock|[from] move: Rapid Spin|[of] p1a: Excadrill
|-damage|p1a: Excadrill|78\/361|[from] item: Life Orb
|
|-boost|p2a: Scolipede|spe|1|[from] ability: Speed Boost
|turn|11
|
|move|p2a: Scolipede|Substitute|p2a: Scolipede
|-start|p2a: Scolipede|Substitute
|-damage|p2a: Scolipede|70\/321
|move|p1a: Excadrill|Earthquake|p2a: Scolipede
|-end|p2a: Scolipede|Substitute
|-damage|p1a: Excadrill|42\/361|[from] item: Life Orb
|
|-boost|p2a: Scolipede|spe|1|[from] ability: Speed Boost
|turn|12
|join|Mystialized
|join|haunter
|
|move|p2a: Scolipede|Baton Pass|p2a: Scolipede
|
|switch|p2a: Espeon|Espeon, M|321\/321
|move|p1a: Excadrill|Earthquake|p2a: Espeon
|-damage|p2a: Espeon|208\/321
|-damage|p1a: Excadrill|6\/361|[from] item: Life Orb
|
|-heal|p2a: Espeon|228\/321|[from] item: Leftovers
|turn|13
|
|move|p2a: Espeon|Morning Sun|p2a: Espeon
|-heal|p2a: Espeon|321\/321
|move|p1a: Excadrill|Iron Head|p2a: Espeon
|-damage|p2a: Espeon|226\/321
|-damage|p1a: Excadrill|0 fnt|[from] item: Life Orb
|faint|p1a: Excadrill
|
|-heal|p2a: Espeon|246\/321|[from] item: Leftovers
|leave|Mystialized
|
|switch|p1a: Talonflame|Talonflame, M|297\/297
|turn|14
|join|PBC Ishaan
|
|move|p1a: Talonflame|Brave Bird|p2a: Espeon
|-damage|p2a: Espeon|129\/321
|-damage|p1a: Talonflame|258\/297|[from] recoil|[of] p2a: Espeon
|move|p2a: Espeon|Stored Power|p1a: Talonflame
|-crit|p1a: Talonflame
|-damage|p1a: Talonflame|0 fnt
|faint|p1a: Talonflame
|
|-heal|p2a: Espeon|149\/321|[from] item: Leftovers
|c|âswift42690|dammin
|c|âswift42690|my team is weak to psychic lol
|c|âswift42690|without heatran
|join|gizmo
|
|switch|p1a: Conkeldurr|Conkeldurr, F, shiny|353\/353
|turn|15
|c| gizmo|arc
|c| gizmo|what are you
|c| gizmo|ARC STOP
|
|move|p2a: Espeon|Morning Sun|p2a: Espeon
|-heal|p2a: Espeon|309\/321
|move|p1a: Conkeldurr|Knock Off|p2a: Espeon
|-supereffective|p2a: Espeon
|-damage|p2a: Espeon|173\/321
|-enditem|p2a: Espeon|Leftovers|[from] move: Knock Off|[of] p1a: Conkeldurr
|
|turn|16
|c|âArcanine is Regal|I think I am actually done using this aids stuff
|c|âArcanine is Regal|Its p boring
|
|move|p2a: Espeon|Morning Sun|p2a: Espeon
|-heal|p2a: Espeon|321\/321
|move|p1a: Conkeldurr|Knock Off|p2a: Espeon
|-supereffective|p2a: Espeon
|-damage|p2a: Espeon|243\/321
|
|turn|17
|
|move|p2a: Espeon|Stored Power|p1a: Conkeldurr
|-supereffective|p1a: Conkeldurr
|-damage|p1a: Conkeldurr|27\/353
|move|p1a: Conkeldurr|Ice Punch|p2a: Espeon
|-damage|p2a: Espeon|196\/321
|
|turn|18
|
|move|p1a: Conkeldurr|Mach Punch|p2a: Espeon
|-crit|p2a: Espeon
|-resisted|p2a: Espeon
|-damage|p2a: Espeon|106\/321
|move|p2a: Espeon|Calm Mind|p2a: Espeon
|-boost|p2a: Espeon|spa|1
|-boost|p2a: Espeon|spd|1
|
|turn|19
|
|move|p1a: Conkeldurr|Mach Punch|p2a: Espeon
|-resisted|p2a: Espeon
|-damage|p2a: Espeon|86\/321
|move|p2a: Espeon|Morning Sun|p2a: Espeon
|-heal|p2a: Espeon|246\/321
|
|turn|20
|-message|swift42690 forfeited.
|leave|swift42690
|
|win|Arcanine is Regal
|raw|Ladder updating...
|player|p1
|raw|swift42690's rating: 1570 &rarr; <strong>1550<\/strong><br \/>(-20 for losing)
|raw|Arcanine is Regal's rating: 1567 &rarr; <strong>1587<\/strong><br \/>(+20 for winning)
|leave|Arcanine is Regal
|player|p2
|leave|haunter
|leave|PBC Ishaan
|leave|DarkAegislash
|join|DarkAegislash
|leave|fuck christmas
|leave|DarkAegislash
|join|DarkAegislash
|leave|Omegasization