|join|Patodragon.v2
|join|Arcanine is Regal
|player|p1|Patodragon.v2|266
|player|p2|Arcanine is Regal|126
|gametype|singles
|gen|6
|tier|OU
|rated
|clearpoke
|poke|p1|Lopunny, M
|poke|p1|Skarmory, M
|poke|p1|Breloom, F
|poke|p1|Azumarill, M
|poke|p1|Bisharp, M
|poke|p1|Gengar, M
|poke|p2|Bisharp, M
|poke|p2|Gengar, M
|poke|p2|Manectric, F
|poke|p2|Landorus-Therian, M
|poke|p2|Mamoswine, M
|poke|p2|Azumarill, M
|rule|Swagger Clause: Swagger is banned
|rule|Baton Pass Clause: Limit one PokÃ©mon knowing Baton Pass
|rule|Sleep Clause Mod: Limit one foe put to sleep
|rule|Species Clause: Limit one of each PokÃ©mon
|rule|OHKO Clause: OHKO moves are banned
|rule|Moody Clause: Moody is banned
|rule|Evasion Moves Clause: Evasion moves are banned
|rule|Endless Battle Clause: Forcing endless battles is banned
|rule|HP Percentage Mod: HP is shown in percentages
|teampreview
|join|PragaSV
|
|start
|switch|p1a: Skarmory|Skarmory, M|271\/271
|switch|p2a: Landorus-Therian|Landorus-Therian, M|320\/320
|-ability|p2a: Landorus-Therian|Intimidate|[of] p1a: Skarmory
|-unboost|p1a: Skarmory|atk|1
|turn|1
|
|move|p2a: Landorus-Therian|U-turn|p1a: Skarmory
|-resisted|p1a: Skarmory
|-damage|p1a: Skarmory|255\/271
|
|switch|p2a: Mamoswine|Mamoswine, M|381\/381
|move|p1a: Skarmory|Stealth Rock|p2a: Mamoswine
|-sidestart|p2: Arcanine is Regal|move: Stealth Rock
|
|turn|2
|
|move|p2a: Mamoswine|Stealth Rock|p1a: Skarmory
|-sidestart|p1: Patodragon.v2|move: Stealth Rock
|move|p1a: Skarmory|Spikes|p2a: Mamoswine
|-sidestart|p2: Arcanine is Regal|Spikes
|
|turn|3
|c| PragaSV|is this a HO Team?
|c|âArcanine is Regal|mhm
|c| PragaSV|ohk
|c| PragaSV|looks a lil balanced lol
|
|move|p2a: Mamoswine|Icicle Spear|p1a: Skarmory
|-damage|p1a: Skarmory|221\/271
|-damage|p1a: Skarmory|188\/271
|-hitcount|p1a: Skarmory|2
|move|p1a: Skarmory|Spikes|p2a: Mamoswine
|-sidestart|p2: Arcanine is Regal|Spikes
|
|turn|4
|
|move|p2a: Mamoswine|Icicle Spear|p1a: Skarmory
|-damage|p1a: Skarmory|152\/271
|-damage|p1a: Skarmory|121\/271
|-damage|p1a: Skarmory|88\/271
|-damage|p1a: Skarmory|52\/271
|-enditem|p1a: Skarmory|Salac Berry|[eat]
|-boost|p1a: Skarmory|spe|1|[from] item: Salac Berry
|-damage|p1a: Skarmory|15\/271
|-hitcount|p1a: Skarmory|5
|move|p1a: Skarmory|Brave Bird|p2a: Mamoswine
|-damage|p2a: Mamoswine|249\/381
|-damage|p1a: Skarmory|0 fnt|[from] recoil|[of] p2a: Mamoswine
|faint|p1a: Skarmory
|
|
|switch|p1a: Lopunny|Lopunny, M|271\/271
|-damage|p1a: Lopunny|238\/271|[from] Stealth Rock
|turn|5
|join|SeventyFive
|c| SeventyFive|there is one potentially defensive mon lol
|
|detailschange|p1a: Lopunny|Lopunny-Mega, M
|-mega|p1a: Lopunny|Lopunny|Lopunnite
|move|p1a: Lopunny|Fake Out|p2a: Mamoswine
|-damage|p2a: Mamoswine|158\/381
|cant|p2a: Mamoswine|flinch
|
|turn|6
|
|move|p2a: Mamoswine|Ice Shard|p1a: Lopunny
|-damage|p1a: Lopunny|165\/271
|move|p1a: Lopunny|Return|p2a: Mamoswine
|-crit|p2a: Mamoswine
|-damage|p2a: Mamoswine|0 fnt
|faint|p2a: Mamoswine
|
|c| PragaSV|and it's scarfed
|join|Kimio
|
|switch|p2a: Landorus-Therian|Landorus-Therian, M|320\/320
|-damage|p2a: Landorus-Therian|280\/320|[from] Stealth Rock
|-ability|p2a: Landorus-Therian|Intimidate|[of] p1a: Lopunny
|-unboost|p1a: Lopunny|atk|1
|turn|7
|
|switch|p1a: Gengar|Gengar, M|261\/261
|-damage|p1a: Gengar|229\/261|[from] Stealth Rock
|move|p2a: Landorus-Therian|Knock Off|p1a: Gengar
|-supereffective|p1a: Gengar
|-damage|p1a: Gengar|0 fnt
|-enditem|p1a: Gengar|Life Orb|[from] move: Knock Off|[of] p2a: Landorus-Therian
|faint|p1a: Gengar
|
|c| PragaSV|or not
|c|âPatodragon.v2|shit
|
|switch|p1a: Azumarill|Azumarill, M|358\/358
|-damage|p1a: Azumarill|314\/358|[from] Stealth Rock
|turn|8
|
|move|p2a: Landorus-Therian|Knock Off|p1a: Azumarill
|-resisted|p1a: Azumarill
|-damage|p1a: Azumarill|247\/358
|-enditem|p1a: Azumarill|Sitrus Berry|[from] move: Knock Off|[of] p2a: Landorus-Therian
|move|p1a: Azumarill|Belly Drum|p1a: Azumarill
|-damage|p1a: Azumarill|68\/358
|-setboost|p1a: Azumarill|atk|6|[from] move: Belly Drum
|
|turn|9
|c| PragaSV|um
|
|switch|p2a: Azumarill|Azumarill, M|342\/342
|-damage|p2a: Azumarill|300\/342|[from] Stealth Rock
|-damage|p2a: Azumarill|243\/342|[from] Spikes
|move|p1a: Azumarill|Aqua Jet|p2a: Azumarill
|-resisted|p2a: Azumarill
|-damage|p2a: Azumarill|23\/342
|-enditem|p2a: Azumarill|Sitrus Berry|[eat]
|-heal|p2a: Azumarill|108\/342|[from] item: Sitrus Berry
|
|turn|10
|c| PragaSV|speed tie
|c| Kimio|good play arc I would have done the same
|
|move|p2a: Azumarill|Aqua Jet|p1a: Azumarill
|-resisted|p1a: Azumarill
|-damage|p1a: Azumarill|23\/358
|move|p1a: Azumarill|Aqua Jet|p2a: Azumarill
|-resisted|p2a: Azumarill
|-damage|p2a: Azumarill|0 fnt
|faint|p2a: Azumarill
|
|
|switch|p2a: Bisharp|Bisharp, M|278\/278
|-damage|p2a: Bisharp|261\/278|[from] Stealth Rock
|-damage|p2a: Bisharp|215\/278|[from] Spikes
|turn|11
|
|move|p2a: Bisharp|Sucker Punch|p1a: Azumarill
|-fail|p1a: Azumarill
|move|p1a: Azumarill|Belly Drum|p1a: Azumarill
|-fail|p1a: Azumarill
|
|turn|12
|c| PragaSV|just
|c| PragaSV|spam
|c| PragaSV|sucker punch lol
|
|move|p2a: Bisharp|Sucker Punch|p1a: Azumarill
|-fail|p1a: Azumarill
|move|p1a: Azumarill|Belly Drum|p1a: Azumarill
|-fail|p1a: Azumarill
|
|turn|13
|c|âArcanine is Regal|if he was real hed use belly drum 8 times
|c|âArcanine is Regal|thats what I would do
|c| Kimio|lol
|c| PragaSV|he ain't real
|c| Kimio|this man has 4 priority user lol
|c| Kimio|users*
|
|move|p2a: Bisharp|Sucker Punch|p1a: Azumarill
|-fail|p1a: Azumarill
|move|p1a: Azumarill|Belly Drum|p1a: Azumarill
|-fail|p1a: Azumarill
|
|turn|14
|
|move|p2a: Bisharp|Sucker Punch|p1a: Azumarill
|-fail|p1a: Azumarill
|move|p1a: Azumarill|Belly Drum|p1a: Azumarill
|-fail|p1a: Azumarill
|
|turn|15
|
|move|p2a: Bisharp|Sucker Punch|p1a: Azumarill
|-resisted|p1a: Azumarill
|-damage|p1a: Azumarill|0 fnt
|-damage|p2a: Bisharp|188\/278|[from] item: Life Orb
|faint|p1a: Azumarill
|
|c|âArcanine is Regal|no one is ever real enough to do it 8 times
|c|âArcanine is Regal|its sad
|
|switch|p1a: Breloom|Breloom, F|261\/261
|-damage|p1a: Breloom|245\/261|[from] Stealth Rock
|turn|16
|
|move|p1a: Breloom|Spore|p2a: Bisharp
|-status|p2a: Bisharp|slp
|cant|p2a: Bisharp|slp
|
|turn|17
|
|switch|p2a: Gengar|Gengar, M|262\/262
|-damage|p2a: Gengar|230\/262|[from] Stealth Rock
|move|p1a: Breloom|Rock Tomb|p2a: Gengar
|-damage|p2a: Gengar|62\/262
|-unboost|p2a: Gengar|spe|1
|
|turn|18
|c| Kimio|plays
|
|move|p1a: Breloom|Rock Tomb|p2a: Gengar
|-crit|p2a: Gengar
|-damage|p2a: Gengar|0 fnt
|faint|p2a: Gengar
|
|c|âArcanine is Regal|it was his only play lol
|
|switch|p2a: Manectric|Manectric, F|281\/281
|-damage|p2a: Manectric|246\/281|[from] Stealth Rock
|-damage|p2a: Manectric|200\/281|[from] Spikes
|turn|19
|c| Kimio|yeah ik
|join|Stupid Ladder
|c| Stupid Ladder|this is how matches should be played. 20-30 turns and no stall
|c|âArcanine is Regal|yup
|c|âArcanine is Regal|my games are usully over in 16 turns
|
|switch|p1a: Lopunny|Lopunny-Mega, M|165\/271
|-damage|p1a: Lopunny|149\/271|[from] Stealth Rock
|detailschange|p2a: Manectric|Manectric-Mega, F
|-mega|p2a: Manectric|Manectric|Manectite
|-ability|p2a: Manectric|Intimidate|[of] p1a: Lopunny
|-unboost|p1a: Lopunny|atk|1
|move|p2a: Manectric|Flamethrower|p1a: Lopunny
|-damage|p1a: Lopunny|32\/271
|
|turn|20
|c|âArcanine is Regal|only
|c|âArcanine is Regal|not iver
|c|âArcanine is Regal|over
|c|âArcanine is Regal|oml
|c| Stupid Ladder|nice :D
|c| Stupid Ladder|gonna watch u then
|
|switch|p2a: Bisharp|Bisharp, M|188\/278 slp
|-damage|p2a: Bisharp|171\/278 slp|[from] Stealth Rock
|-damage|p2a: Bisharp|125\/278 slp|[from] Spikes
|move|p1a: Lopunny|Fake Out|p2a: Bisharp
|-crit|p2a: Bisharp
|-resisted|p2a: Bisharp
|-damage|p2a: Bisharp|65\/278 slp
|
|turn|21
|join|el capitan grande
|
|-curestatus|p2a: Bisharp|slp
|move|p2a: Bisharp|Sucker Punch|p1a: Lopunny
|-resisted|p1a: Lopunny
|-damage|p1a: Lopunny|0 fnt
|-damage|p2a: Bisharp|38\/278|[from] item: Life Orb
|faint|p1a: Lopunny
|
|
|switch|p1a: Breloom|Breloom, F|245\/261
|-damage|p1a: Breloom|229\/261|[from] Stealth Rock
|turn|22
|
|move|p1a: Breloom|Mach Punch|p2a: Bisharp
|-supereffective|p2a: Bisharp
|-damage|p2a: Bisharp|0 fnt
|faint|p2a: Bisharp
|
|
|switch|p2a: Manectric|Manectric-Mega, F|200\/281
|-damage|p2a: Manectric|154\/281|[from] Spikes
|-damage|p2a: Manectric|119\/281|[from] Stealth Rock
|-ability|p2a: Manectric|Intimidate|[of] p1a: Breloom
|-unboost|p1a: Breloom|atk|1
|turn|23
|c| Stupid Ladder|But isnt it risky without hazard control?
|
|move|p1a: Breloom|Mach Punch|p2a: Manectric
|-damage|p2a: Manectric|38\/281
|move|p2a: Manectric|Flamethrower|p1a: Breloom
|-supereffective|p1a: Breloom
|-damage|p1a: Breloom|0 fnt
|faint|p1a: Breloom
|
|c|âArcanine is Regal|idgaf
|
|switch|p1a: Bisharp|Bisharp, M|272\/272
|-damage|p1a: Bisharp|255\/272|[from] Stealth Rock
|turn|24
|c|âArcanine is Regal|hazard control is a waste of momentum and time
|
|move|p1a: Bisharp|Sucker Punch|p2a: Manectric
|-damage|p2a: Manectric|0 fnt
|-damage|p1a: Bisharp|228\/272|[from] item: Life Orb
|faint|p2a: Manectric
|
|
|switch|p2a: Landorus-Therian|Landorus-Therian, M|280\/320
|-damage|p2a: Landorus-Therian|240\/320|[from] Stealth Rock
|-ability|p2a: Landorus-Therian|Intimidate|[of] p1a: Bisharp
|-unboost|p1a: Bisharp|atk|1
|-boost|p1a: Bisharp|atk|2|[from] ability: Defiant
|turn|25
|c|âPatodragon.v2|agreed
|c|âPatodragon.v2|gg
|c|âArcanine is Regal|gg
|
|move|p1a: Bisharp|Sucker Punch|p2a: Landorus-Therian
|-damage|p2a: Landorus-Therian|0 fnt
|-damage|p1a: Bisharp|201\/272|[from] item: Life Orb
|faint|p2a: Landorus-Therian
|
|win|Patodragon.v2
|raw|Ladder updating...
|raw|Patodragon.v2's rating: 1702 &rarr; <strong>1722<\/strong><br \/>(+20 for winning)
|raw|Arcanine is Regal's rating: 1707 &rarr; <strong>1686<\/strong><br \/>(-21 for losing)