|join|Arcanine is Regal
|join|Dan Kazemi
|player|p1|Arcanine is Regal|126
|player|p2|Dan Kazemi|169
|gametype|singles
|gen|6
|tier|OU
|rated
|clearpoke
|poke|p1|Landorus, M
|poke|p1|Celebi
|poke|p1|Talonflame, F
|poke|p1|Empoleon, F
|poke|p1|Conkeldurr, M
|poke|p1|Altaria, F
|poke|p2|Scizor, M
|poke|p2|Serperior, M
|poke|p2|Garchomp, M
|poke|p2|Conkeldurr, M
|poke|p2|Skarmory, M
|poke|p2|Sylveon, M, shiny
|rule|Swagger Clause: Swagger is banned
|rule|Baton Pass Clause: Limit one PokÃ©mon knowing Baton Pass
|rule|Sleep Clause Mod: Limit one foe put to sleep
|rule|Species Clause: Limit one of each PokÃ©mon
|rule|OHKO Clause: OHKO moves are banned
|rule|Moody Clause: Moody is banned
|rule|Evasion Moves Clause: Evasion moves are banned
|rule|Endless Battle Clause: Forcing endless battles is banned
|rule|HP Percentage Mod: HP is shown in percentages
|teampreview
|
|start
|switch|p1a: Empoleon|Empoleon, F|372\/372
|switch|p2a: Garchomp|Garchomp, M|357\/357
|turn|1
|
|move|p2a: Garchomp|Earthquake|p1a: Empoleon
|-supereffective|p1a: Empoleon
|-damage|p1a: Empoleon|108\/372
|move|p1a: Empoleon|Scald|p2a: Garchomp
|-damage|p2a: Garchomp|176\/357
|-status|p2a: Garchomp|brn
|
|-heal|p1a: Empoleon|131\/372|[from] item: Leftovers
|-damage|p2a: Garchomp|132\/357 brn|[from] brn
|turn|2
|
|move|p2a: Garchomp|Stealth Rock|p1a: Empoleon
|-sidestart|p1: Arcanine is Regal|move: Stealth Rock
|move|p1a: Empoleon|Stealth Rock|p2a: Garchomp
|-sidestart|p2: Dan Kazemi|move: Stealth Rock
|
|-heal|p1a: Empoleon|154\/372|[from] item: Leftovers
|-damage|p2a: Garchomp|88\/357 brn|[from] brn
|turn|3
|
|switch|p1a: Celebi|Celebi|403\/403
|-damage|p1a: Celebi|353\/403|[from] Stealth Rock
|move|p2a: Garchomp|Earthquake|p1a: Celebi
|-resisted|p1a: Celebi
|-damage|p1a: Celebi|305\/403
|
|-heal|p1a: Celebi|330\/403|[from] item: Leftovers
|-damage|p2a: Garchomp|44\/357 brn|[from] brn
|turn|4
|
|move|p2a: Garchomp|Fire Blast|p1a: Celebi|[miss]
|-miss|p2a: Garchomp|p1a: Celebi
|move|p1a: Celebi|Giga Drain|p2a: Garchomp
|-damage|p2a: Garchomp|0 fnt
|-heal|p1a: Celebi|352\/403|[from] drain|[of] p2a: Garchomp
|faint|p2a: Garchomp
|
|-heal|p1a: Celebi|377\/403|[from] item: Leftovers
|
|switch|p2a: Scizor|Scizor, M|343\/343
|-damage|p2a: Scizor|301\/343|[from] Stealth Rock
|turn|5
|
|detailschange|p2a: Scizor|Scizor-Mega, M
|-mega|p2a: Scizor|Scizor|Scizorite
|move|p1a: Celebi|Baton Pass|p1a: Celebi
|
|switch|p1a: Empoleon|Empoleon, F|154\/372
|-damage|p1a: Empoleon|131\/372|[from] Stealth Rock
|move|p2a: Scizor|U-turn|p1a: Empoleon
|-resisted|p1a: Empoleon
|-damage|p1a: Empoleon|74\/372
|
|switch|p2a: Conkeldurr|Conkeldurr, M|378\/378
|-damage|p2a: Conkeldurr|355\/378|[from] Stealth Rock
|
|-heal|p1a: Empoleon|97\/372|[from] item: Leftovers
|turn|6
|
|move|p1a: Empoleon|Defog|p2a: Conkeldurr
|-unboost|p2a: Conkeldurr|evasion|1
|-sideend|p2: Dan Kazemi|Stealth Rock|[from] move: Defog|[of] p2a: Conkeldurr
|-sideend|p1: Arcanine is Regal|Stealth Rock|[from] move: Defog|[of] p1a: Empoleon
|move|p2a: Conkeldurr|Drain Punch|p1a: Empoleon
|-supereffective|p1a: Empoleon
|-damage|p1a: Empoleon|0 fnt
|-heal|p2a: Conkeldurr|378\/378|[from] drain|[of] p1a: Empoleon
|faint|p1a: Empoleon
|
|
|switch|p1a: Altaria|Altaria, F|353\/353
|turn|7
|
|detailschange|p1a: Altaria|Altaria-Mega, F
|-mega|p1a: Altaria|Altaria|Altarianite
|move|p1a: Altaria|Dragon Dance|p1a: Altaria
|-boost|p1a: Altaria|atk|1
|-boost|p1a: Altaria|spe|1
|move|p2a: Conkeldurr|Ice Punch|p1a: Altaria
|-supereffective|p1a: Altaria
|-damage|p1a: Altaria|207\/353
|
|turn|8
|
|switch|p2a: Skarmory|Skarmory, M|334\/334
|move|p1a: Altaria|Return|p2a: Skarmory
|-resisted|p2a: Skarmory
|-damage|p2a: Skarmory|267\/334
|
|-heal|p2a: Skarmory|287\/334|[from] item: Leftovers
|turn|9
|
|move|p1a: Altaria|Dragon Dance|p1a: Altaria
|-boost|p1a: Altaria|atk|1
|-boost|p1a: Altaria|spe|1
|move|p2a: Skarmory|Stealth Rock|p1a: Altaria
|-sidestart|p1: Arcanine is Regal|move: Stealth Rock
|
|-heal|p2a: Skarmory|307\/334|[from] item: Leftovers
|turn|10
|c|âArcanine is Regal|2 sr users....
|c|âArcanine is Regal|zzzzzzz
|
|move|p1a: Altaria|Return|p2a: Skarmory
|-resisted|p2a: Skarmory
|-damage|p2a: Skarmory|205\/334
|move|p2a: Skarmory|Whirlwind|p1a: Altaria
|drag|p1a: Landorus|Landorus, M|319\/319
|-damage|p1a: Landorus|280\/319|[from] Stealth Rock
|
|-heal|p2a: Skarmory|225\/334|[from] item: Leftovers
|turn|11
|
|switch|p1a: Altaria|Altaria-Mega, F|207\/353
|-damage|p1a: Altaria|163\/353|[from] Stealth Rock
|switch|p2a: Conkeldurr|Conkeldurr, M|378\/378
|
|turn|12
|
|switch|p2a: Scizor|Scizor-Mega, M|301\/343
|move|p1a: Altaria|Return|p2a: Scizor
|-resisted|p2a: Scizor
|-damage|p2a: Scizor|241\/343
|
|turn|13
|
|move|p2a: Scizor|Bullet Punch|p1a: Altaria
|-supereffective|p1a: Altaria
|-damage|p1a: Altaria|0 fnt
|faint|p1a: Altaria
|
|
|switch|p1a: Talonflame|Talonflame, F|297\/297
|-damage|p1a: Talonflame|149\/297|[from] Stealth Rock
|turn|14
|
|move|p2a: Scizor|Bullet Punch|p1a: Talonflame
|-resisted|p1a: Talonflame
|-damage|p1a: Talonflame|62\/297
|move|p1a: Talonflame|Flare Blitz|p2a: Scizor
|-supereffective|p2a: Scizor
|-damage|p2a: Scizor|0 fnt
|-damage|p1a: Talonflame|0 fnt|[from] recoil|[of] p2a: Scizor
|faint|p2a: Scizor
|faint|p1a: Talonflame
|
|
|switch|p2a: Conkeldurr|Conkeldurr, M|378\/378
|switch|p1a: Conkeldurr|Conkeldurr, M|351\/351
|-damage|p1a: Conkeldurr|330\/351|[from] Stealth Rock
|turn|15
|
|move|p2a: Conkeldurr|Knock Off|p1a: Conkeldurr
|-resisted|p1a: Conkeldurr
|-damage|p1a: Conkeldurr|268\/351
|-enditem|p1a: Conkeldurr|Assault Vest|[from] move: Knock Off|[of] p2a: Conkeldurr
|move|p1a: Conkeldurr|Drain Punch|p2a: Conkeldurr
|-damage|p2a: Conkeldurr|228\/378
|-heal|p1a: Conkeldurr|343\/351|[from] drain|[of] p2a: Conkeldurr
|
|turn|16
|
|move|p1a: Conkeldurr|Drain Punch|p2a: Conkeldurr
|-damage|p2a: Conkeldurr|83\/378
|-heal|p1a: Conkeldurr|351\/351|[from] drain|[of] p2a: Conkeldurr
|move|p2a: Conkeldurr|Drain Punch|p1a: Conkeldurr
|-crit|p1a: Conkeldurr
|-damage|p1a: Conkeldurr|129\/351
|-heal|p2a: Conkeldurr|194\/378|[from] drain|[of] p1a: Conkeldurr
|
|turn|17
|c|âArcanine is Regal|sounds about right
|
|move|p1a: Conkeldurr|Drain Punch|p2a: Conkeldurr
|-damage|p2a: Conkeldurr|58\/378
|-heal|p1a: Conkeldurr|197\/351|[from] drain|[of] p2a: Conkeldurr
|move|p2a: Conkeldurr|Drain Punch|p1a: Conkeldurr
|-damage|p1a: Conkeldurr|49\/351
|-heal|p2a: Conkeldurr|132\/378|[from] drain|[of] p1a: Conkeldurr
|
|turn|18
|
|move|p2a: Conkeldurr|Mach Punch|p1a: Conkeldurr
|-damage|p1a: Conkeldurr|0 fnt
|faint|p1a: Conkeldurr
|
|
|switch|p1a: Landorus|Landorus, M|280\/319
|-damage|p1a: Landorus|241\/319|[from] Stealth Rock
|turn|19
|
|move|p1a: Landorus|Psychic|p2a: Conkeldurr
|-supereffective|p2a: Conkeldurr
|-damage|p2a: Conkeldurr|0 fnt
|faint|p2a: Conkeldurr
|
|
|switch|p2a: Serperior|Serperior, M|292\/292
|turn|20
|
|switch|p1a: Celebi|Celebi|377\/403
|-damage|p1a: Celebi|327\/403|[from] Stealth Rock
|move|p2a: Serperior|Leaf Storm|p1a: Celebi
|-resisted|p1a: Celebi
|-damage|p1a: Celebi|268\/403
|-boost|p2a: Serperior|spa|2
|
|-heal|p1a: Celebi|293\/403|[from] item: Leftovers
|turn|21
|
|move|p2a: Serperior|Hidden Power|p1a: Celebi
|-supereffective|p1a: Celebi
|-damage|p1a: Celebi|141\/403
|move|p1a: Celebi|Perish Song|p1a: Celebi
|-fieldactivate|move: Perish Song
|
|-start|p2a: Serperior|perish3
|-start|p1a: Celebi|perish3
|-heal|p1a: Celebi|166\/403|[from] item: Leftovers
|turn|22
|
|move|p2a: Serperior|Leaf Storm|p1a: Celebi
|-resisted|p1a: Celebi
|-damage|p1a: Celebi|54\/403
|-boost|p2a: Serperior|spa|2
|move|p1a: Celebi|Recover|p1a: Celebi
|-heal|p1a: Celebi|256\/403
|
|-start|p2a: Serperior|perish2
|-start|p1a: Celebi|perish2
|-heal|p1a: Celebi|281\/403|[from] item: Leftovers
|turn|23
|
|move|p2a: Serperior|Hidden Power|p1a: Celebi
|-supereffective|p1a: Celebi
|-damage|p1a: Celebi|79\/403
|move|p1a: Celebi|Recover|p1a: Celebi
|-heal|p1a: Celebi|281\/403
|
|-start|p2a: Serperior|perish1
|-start|p1a: Celebi|perish1
|-heal|p1a: Celebi|306\/403|[from] item: Leftovers
|turn|24
|
|switch|p2a: Sylveon|Sylveon, M, shiny|394\/394
|switch|p1a: Landorus|Landorus, M|241\/319
|-damage|p1a: Landorus|202\/319|[from] Stealth Rock
|
|turn|25
|join|ollopa
|
|move|p1a: Landorus|Earth Power|p2a: Sylveon
|-damage|p2a: Sylveon|206\/394
|move|p2a: Sylveon|Hyper Voice|p1a: Landorus
|-crit|p1a: Landorus
|-damage|p1a: Landorus|0 fnt
|faint|p1a: Landorus
|
|-heal|p2a: Sylveon|230\/394|[from] item: Leftovers
|
|switch|p1a: Celebi|Celebi|306\/403
|-damage|p1a: Celebi|256\/403|[from] Stealth Rock
|turn|26
|-message|Arcanine is Regal forfeited.
|
|move|p1a: Celebi|Giga Drain|p2a: Sylveon
|-damage|p2a: Sylveon|169\/394
|-heal|p1a: Celebi|287\/403|[from] drain|[of] p2a: Sylveon
|move|p2a: Sylveon|Hyper Voice|p1a: Celebi
|-damage|p1a: Celebi|184\/403
|
|-heal|p1a: Celebi|209\/403|[from] item: Leftovers
|-heal|p2a: Sylveon|193\/394|[from] item: Leftovers
|turn|27
|join|CleanerThanRotom-W
|
|win|Dan Kazemi
|raw|Ladder updating...
|raw|Arcanine is Regal's rating: 1701 &rarr; <strong>1667<\/strong><br \/>(-34 for losing)
|raw|Dan Kazemi's rating: 1399 &rarr; <strong>1433<\/strong><br \/>(+34 for winning)