|join|Arcanine is Regal
|join|angel0mike
|player|p1|Arcanine is Regal|126
|player|p2|angel0mike|144
|gametype|singles
|gen|6
|tier|OU
|rated
|clearpoke
|poke|p1|Pidgeot, F
|poke|p1|Dugtrio, M
|poke|p1|Rotom-Wash
|poke|p1|Scizor, M
|poke|p1|Conkeldurr, M
|poke|p1|Sylveon, F
|poke|p2|Lopunny, F
|poke|p2|Gengar, F
|poke|p2|Landorus-Therian, M
|poke|p2|Latios, M
|poke|p2|Manaphy
|poke|p2|Scizor, F
|rule|Swagger Clause: Swagger is banned
|rule|Baton Pass Clause: Limit one PokÃ©mon knowing Baton Pass
|rule|Sleep Clause Mod: Limit one foe put to sleep
|rule|Species Clause: Limit one of each PokÃ©mon
|rule|OHKO Clause: OHKO moves are banned
|rule|Moody Clause: Moody is banned
|rule|Evasion Moves Clause: Evasion moves are banned
|rule|Endless Battle Clause: Forcing endless battles is banned
|rule|HP Percentage Mod: HP is shown in percentages
|teampreview
|c|âangel0mike|oh
|c|âangel0mike|yoh arcanine
|c|âArcanine is Regal|hey
|c|âangel0mike|gl hf
|c|âArcanine is Regal|u2
|
|start
|switch|p1a: Dugtrio|Dugtrio, M|201\/201
|switch|p2a: Lopunny|Lopunny, F|271\/271
|turn|1
|
|switch|p1a: Scizor|Scizor, M|344\/344
|detailschange|p2a: Lopunny|Lopunny-Mega, F
|-mega|p2a: Lopunny|Lopunny|Lopunnite
|move|p2a: Lopunny|High Jump Kick|p1a: Scizor
|-damage|p1a: Scizor|85\/344
|
|-heal|p1a: Scizor|106\/344|[from] item: Leftovers
|turn|2
|c|âangel0mike|k good
|c|âangel0mike|:,+
|c|âangel0mike|:]
|
|move|p2a: Lopunny|High Jump Kick|p1a: Scizor
|-damage|p1a: Scizor|0 fnt
|faint|p1a: Scizor
|
|
|switch|p1a: Sylveon|Sylveon, F|389\/389
|turn|3
|
|switch|p2a: Scizor|Scizor, F|289\/289
|move|p1a: Sylveon|Hyper Voice|p2a: Scizor
|-resisted|p2a: Scizor
|-damage|p2a: Scizor|117\/289
|
|turn|4
|
|switch|p1a: Rotom-Wash|Rotom-Wash|303\/303
|move|p2a: Scizor|U-turn|p1a: Rotom-Wash
|-damage|p1a: Rotom-Wash|144\/303
|
|switch|p2a: Latios|Latios, M|301\/301
|
|-heal|p1a: Rotom-Wash|162\/303|[from] item: Leftovers
|turn|5
|
|move|p2a: Latios|Psyshock|p1a: Rotom-Wash
|-damage|p1a: Rotom-Wash|24\/303
|-damage|p2a: Latios|271\/301|[from] item: Life Orb
|move|p1a: Rotom-Wash|Pain Split|p2a: Latios
|-sethp|p2a: Latios|147\/301|p1a: Rotom-Wash|147\/303|[from] move: Pain Split
|
|-heal|p1a: Rotom-Wash|165\/303|[from] item: Leftovers
|turn|6
|
|switch|p1a: Dugtrio|Dugtrio, M|201\/201
|move|p2a: Latios|Draco Meteor|p1a: Dugtrio
|-enditem|p1a: Dugtrio|Focus Sash
|-damage|p1a: Dugtrio|1\/201
|-unboost|p2a: Latios|spa|2
|-damage|p2a: Latios|117\/301|[from] item: Life Orb
|
|turn|7
|c|âangel0mike|i love sylv specs
|
|move|p1a: Dugtrio|Stealth Rock|p2a: Latios
|-sidestart|p2: angel0mike|move: Stealth Rock
|move|p2a: Latios|Defog|p1a: Dugtrio
|-unboost|p1a: Dugtrio|evasion|1
|-sideend|p2: angel0mike|Stealth Rock|[from] move: Defog|[of] p2a: Latios
|
|turn|8
|
|move|p1a: Dugtrio|Stealth Rock|p2a: Latios
|-sidestart|p2: angel0mike|move: Stealth Rock
|move|p2a: Latios|Roost|p2a: Latios
|-heal|p2a: Latios|268\/301
|
|turn|9
|
|move|p1a: Dugtrio|Toxic|p2a: Latios
|-status|p2a: Latios|tox
|move|p2a: Latios|Defog|p1a: Dugtrio
|-unboost|p1a: Dugtrio|evasion|1
|-sideend|p2: angel0mike|Stealth Rock|[from] move: Defog|[of] p2a: Latios
|
|-damage|p2a: Latios|250\/301 tox|[from] psn
|turn|10
|
|move|p1a: Dugtrio|Stealth Rock|p2a: Latios
|-sidestart|p2: angel0mike|move: Stealth Rock
|move|p2a: Latios|Psyshock|p1a: Dugtrio
|-damage|p1a: Dugtrio|0 fnt
|-damage|p2a: Latios|220\/301 tox|[from] item: Life Orb
|faint|p1a: Dugtrio
|
|-damage|p2a: Latios|184\/301 tox|[from] psn
|
|switch|p1a: Pidgeot|Pidgeot, F|307\/307
|turn|11
|
|detailschange|p1a: Pidgeot|Pidgeot-Mega, F
|-mega|p1a: Pidgeot|Pidgeot|Pidgeotite
|move|p2a: Latios|Draco Meteor|p1a: Pidgeot
|-damage|p1a: Pidgeot|93\/307
|-unboost|p2a: Latios|spa|2
|-damage|p2a: Latios|154\/301 tox|[from] item: Life Orb
|move|p1a: Pidgeot|Hurricane|p2a: Latios
|-damage|p2a: Latios|0 fnt
|faint|p2a: Latios
|
|
|switch|p2a: Lopunny|Lopunny-Mega, F|271\/271
|-damage|p2a: Lopunny|255\/271|[from] Stealth Rock
|turn|12
|
|switch|p1a: Rotom-Wash|Rotom-Wash|165\/303
|move|p2a: Lopunny|Return|p1a: Rotom-Wash
|-crit|p1a: Rotom-Wash
|-damage|p1a: Rotom-Wash|0 fnt
|faint|p1a: Rotom-Wash
|
|
|switch|p1a: Sylveon|Sylveon, F|389\/389
|turn|13
|c|âangel0mike|srry
|c|âangel0mike|but 2hko u knw
|c|âArcanine is Regal|didnt matter
|c|âArcanine is Regal|yeah
|
|switch|p2a: Landorus-Therian|Landorus-Therian, M|319\/319
|-damage|p2a: Landorus-Therian|280\/319|[from] Stealth Rock
|-ability|p2a: Landorus-Therian|Intimidate|[of] p1a: Sylveon
|-unboost|p1a: Sylveon|atk|1
|move|p1a: Sylveon|Hyper Voice|p2a: Landorus-Therian
|-damage|p2a: Landorus-Therian|0 fnt
|faint|p2a: Landorus-Therian
|
|c|âArcanine is Regal|lopunny like 6-0s every team Ive made lately lol
|c|âangel0mike|ye, but some say aaaa hax
|c|âangel0mike|hahaha
|c|âangel0mike|the thing is
|c|âangel0mike|lopunny
|c|âangel0mike|destroys offense
|
|switch|p2a: Scizor|Scizor, F|117\/289
|-damage|p2a: Scizor|81\/289|[from] Stealth Rock
|turn|14
|c|âangel0mike|it just
|c|âangel0mike|dsestroys it
|c|âangel0mike|no matter what
|
|switch|p1a: Pidgeot|Pidgeot-Mega, F|93\/307
|move|p2a: Scizor|Bullet Punch|p1a: Pidgeot
|-damage|p1a: Pidgeot|0 fnt
|faint|p1a: Pidgeot
|
|
|switch|p1a: Conkeldurr|Conkeldurr, M|360\/360
|turn|15
|c|âangel0mike|balanced meh
|
|switch|p2a: Manaphy|Manaphy|365\/365
|-damage|p2a: Manaphy|320\/365|[from] Stealth Rock
|move|p1a: Conkeldurr|Drain Punch|p2a: Manaphy
|-damage|p2a: Manaphy|170\/365
|
|-heal|p2a: Manaphy|192\/365|[from] item: Leftovers
|turn|16
|c|âArcanine is Regal|yeah balanced is tough cuz going for hjk on ferro and tran is dangerous
|c|âangel0mike|yeah
|c|âangel0mike|protect
|
|move|p2a: Manaphy|Scald|p1a: Conkeldurr
|-damage|p1a: Conkeldurr|269\/360
|move|p1a: Conkeldurr|Knock Off|p2a: Manaphy
|-damage|p2a: Manaphy|68\/365
|-enditem|p2a: Manaphy|Leftovers|[from] move: Knock Off|[of] p1a: Conkeldurr
|
|turn|17
|
|move|p1a: Conkeldurr|Mach Punch|p2a: Manaphy
|-damage|p2a: Manaphy|0 fnt
|faint|p2a: Manaphy
|
|
|switch|p2a: Gengar|Gengar, F|261\/261
|-damage|p2a: Gengar|229\/261|[from] Stealth Rock
|turn|18
|
|move|p2a: Gengar|Sludge Wave|p1a: Conkeldurr
|-damage|p1a: Conkeldurr|105\/360
|-damage|p2a: Gengar|203\/261|[from] item: Life Orb
|move|p1a: Conkeldurr|Knock Off|p2a: Gengar
|-supereffective|p2a: Gengar
|-damage|p2a: Gengar|0 fnt
|-enditem|p2a: Gengar|Life Orb|[from] move: Knock Off|[of] p1a: Conkeldurr
|faint|p2a: Gengar
|
|
|switch|p2a: Scizor|Scizor, F|81\/289
|-damage|p2a: Scizor|45\/289|[from] Stealth Rock
|turn|19
|
|move|p2a: Scizor|Bullet Punch|p1a: Conkeldurr
|-damage|p1a: Conkeldurr|0 fnt
|faint|p1a: Conkeldurr
|
|c|âArcanine is Regal|gg
|c|âangel0mike|gg man
|
|switch|p1a: Sylveon|Sylveon, F|389\/389
|turn|20
|
|move|p2a: Scizor|Bullet Punch|p1a: Sylveon
|-supereffective|p1a: Sylveon
|-damage|p1a: Sylveon|0 fnt
|faint|p1a: Sylveon
|
|win|angel0mike
|raw|Ladder updating...
|raw|Arcanine is Regal's rating: 1622 &rarr; <strong>1597<\/strong><br \/>(-25 for losing)
|raw|angel0mike's rating: 1531 &rarr; <strong>1556<\/strong><br \/>(+25 for winning)
|leave|Arcanine is Regal
|player|p1
|c|âangel0mike|cya^^