|join|Mega Magic Bounce
|join|Arcanine is Regal
|player|p1|Mega Magic Bounce|66
|player|p2|Arcanine is Regal|126
|gametype|singles
|gen|6
|tier|OU
|rated
|clearpoke
|poke|p1|Serperior, F
|poke|p1|Metagross
|poke|p1|Heatran, F
|poke|p1|Clefable, F
|poke|p1|Gastrodon, F
|poke|p1|Talonflame, F
|poke|p2|Diancie
|poke|p2|Gothitelle, F
|poke|p2|Arcanine, F
|poke|p2|Hippowdon, F
|poke|p2|Ferrothorn, M
|poke|p2|Tentacruel, M
|rule|Swagger Clause: Swagger is banned
|rule|Baton Pass Clause: Limit one PokÃ©mon knowing Baton Pass
|rule|Sleep Clause Mod: Limit one foe put to sleep
|rule|Species Clause: Limit one of each PokÃ©mon
|rule|OHKO Clause: OHKO moves are banned
|rule|Moody Clause: Moody is banned
|rule|Evasion Moves Clause: Evasion moves are banned
|rule|Endless Battle Clause: Forcing endless battles is banned
|rule|HP Percentage Mod: HP is shown in percentages
|teampreview
|join|Zorro730
|c| Zorro730|Good teams
|
|start
|switch|p1a: Serperior|Serperior, F|291\/291
|switch|p2a: Gothitelle|Gothitelle, F|281\/281
|turn|1
|
|switch|p2a: Tentacruel|Tentacruel, M|364\/364
|move|p1a: Serperior|Leaf Storm|p2a: Tentacruel
|-damage|p2a: Tentacruel|256\/364
|-boost|p1a: Serperior|spa|2
|
|-heal|p2a: Tentacruel|278\/364|[from] item: Black Sludge
|turn|2
|
|switch|p1a: Metagross|Metagross|301\/301
|move|p2a: Tentacruel|Haze|p2a: Tentacruel
|-clearallboost
|
|-heal|p2a: Tentacruel|300\/364|[from] item: Black Sludge
|turn|3
|
|switch|p2a: Arcanine|Arcanine, F|383\/383
|-ability|p2a: Arcanine|Intimidate|[of] p1a: Metagross
|-fail|p1a: Metagross|unboost|[from] ability: Clear Body|[of] p1a: Metagross
|detailschange|p1a: Metagross|Metagross-Mega
|-mega|p1a: Metagross|Metagross|Metagrossite
|move|p1a: Metagross|Zen Headbutt|p2a: Arcanine
|-damage|p2a: Arcanine|217\/383
|-damage|p1a: Metagross|251\/301|[from] item: Rocky Helmet|[of] p2a: Arcanine
|
|turn|4
|
|move|p1a: Metagross|Earthquake|p2a: Arcanine
|-supereffective|p2a: Arcanine
|-damage|p2a: Arcanine|15\/383
|move|p2a: Arcanine|Morning Sun|p2a: Arcanine
|-heal|p2a: Arcanine|206\/383
|
|turn|5
|
|switch|p2a: Hippowdon|Hippowdon, F|420\/420
|-weather|Sandstorm
|move|p1a: Metagross|Meteor Mash|p2a: Hippowdon
|-damage|p2a: Hippowdon|264\/420
|-boost|p1a: Metagross|atk|1
|
|-weather|Sandstorm|[upkeep]
|-heal|p2a: Hippowdon|290\/420|[from] item: Leftovers
|turn|6
|
|move|p1a: Metagross|Zen Headbutt|p2a: Hippowdon
|-damage|p2a: Hippowdon|94\/420
|cant|p2a: Hippowdon|flinch
|
|-weather|Sandstorm|[upkeep]
|-heal|p2a: Hippowdon|120\/420|[from] item: Leftovers
|turn|7
|
|switch|p2a: Ferrothorn|Ferrothorn, M|351\/351
|move|p1a: Metagross|Meteor Mash|p2a: Ferrothorn
|-resisted|p2a: Ferrothorn
|-damage|p2a: Ferrothorn|227\/351
|-damage|p1a: Metagross|214\/301|[from] ability: Iron Barbs|[of] p2a: Ferrothorn
|
|-weather|Sandstorm|[upkeep]
|turn|8
|
|switch|p1a: Heatran|Heatran, F|323\/323
|-item|p1a: Heatran|Air Balloon
|move|p2a: Ferrothorn|Leech Seed|p1a: Heatran
|-start|p1a: Heatran|move: Leech Seed
|
|-weather|Sandstorm|[upkeep]
|-damage|p1a: Heatran|283\/323|[from] Leech Seed|[of] p2a: Ferrothorn
|-heal|p2a: Ferrothorn|267\/351|[silent]
|turn|9
|
|switch|p2a: Tentacruel|Tentacruel, M|300\/364
|move|p1a: Heatran|Earth Power|p2a: Tentacruel
|-crit|p2a: Tentacruel
|-supereffective|p2a: Tentacruel
|-damage|p2a: Tentacruel|110\/364
|
|-weather|none
|-heal|p2a: Tentacruel|132\/364|[from] item: Black Sludge
|-damage|p1a: Heatran|243\/323|[from] Leech Seed|[of] p2a: Tentacruel
|-heal|p2a: Tentacruel|172\/364|[silent]
|turn|10
|
|switch|p1a: Gastrodon|Gastrodon, F|426\/426
|move|p2a: Tentacruel|Toxic Spikes|p1a: Gastrodon
|-sidestart|p1: Mega Magic Bounce|move: Toxic Spikes
|
|-heal|p2a: Tentacruel|194\/364|[from] item: Black Sludge
|turn|11
|leave|Zorro730
|
|move|p2a: Tentacruel|Toxic Spikes|p1a: Gastrodon
|-sidestart|p1: Mega Magic Bounce|move: Toxic Spikes
|move|p1a: Gastrodon|Scald|p2a: Tentacruel
|-resisted|p2a: Tentacruel
|-damage|p2a: Tentacruel|164\/364
|
|-heal|p2a: Tentacruel|186\/364|[from] item: Black Sludge
|turn|12
|
|switch|p2a: Ferrothorn|Ferrothorn, M|267\/351
|move|p1a: Gastrodon|Scald|p2a: Ferrothorn
|-resisted|p2a: Ferrothorn
|-damage|p2a: Ferrothorn|232\/351
|
|turn|13
|
|move|p1a: Gastrodon|Scald|p2a: Ferrothorn
|-crit|p2a: Ferrothorn
|-resisted|p2a: Ferrothorn
|-damage|p2a: Ferrothorn|182\/351
|move|p2a: Ferrothorn|Spikes|p1a: Gastrodon
|-sidestart|p1: Mega Magic Bounce|Spikes
|
|turn|14
|
|switch|p1a: Clefable|Clefable, F|394\/394
|-status|p1a: Clefable|tox
|move|p2a: Ferrothorn|Spikes|p1a: Clefable
|-sidestart|p1: Mega Magic Bounce|Spikes
|
|turn|15
|
|switch|p2a: Gothitelle|Gothitelle, F|281\/281
|move|p1a: Clefable|Stealth Rock|p2a: Gothitelle
|-sidestart|p2: Arcanine is Regal|move: Stealth Rock
|
|turn|16
|
|move|p2a: Gothitelle|Trick|p1a: Clefable
|-activate|p2a: Gothitelle|move: Trick|[of] p1a: Clefable
|-item|p1a: Clefable|Choice Scarf|[from] move: Trick
|-item|p2a: Gothitelle|Leftovers|[from] move: Trick
|move|p1a: Clefable|Moonblast|p2a: Gothitelle
|-damage|p2a: Gothitelle|178\/281
|
|-heal|p2a: Gothitelle|195\/281|[from] item: Leftovers
|turn|17
|
|move|p2a: Gothitelle|Calm Mind|p2a: Gothitelle
|-boost|p2a: Gothitelle|spa|1
|-boost|p2a: Gothitelle|spd|1
|move|p1a: Clefable|Moonblast|p2a: Gothitelle
|-damage|p2a: Gothitelle|125\/281
|
|-heal|p2a: Gothitelle|142\/281|[from] item: Leftovers
|turn|18
|
|move|p2a: Gothitelle|Rest|p2a: Gothitelle
|-status|p2a: Gothitelle|slp
|-heal|p2a: Gothitelle|281\/281 slp|[silent]
|-status|p2a: Gothitelle|slp|[from] move: Rest
|move|p1a: Clefable|Moonblast|p2a: Gothitelle
|-damage|p2a: Gothitelle|214\/281 slp
|
|-heal|p2a: Gothitelle|231\/281 slp|[from] item: Leftovers
|turn|19
|
|cant|p2a: Gothitelle|slp
|move|p1a: Clefable|Moonblast|p2a: Gothitelle
|-damage|p2a: Gothitelle|168\/281 slp
|
|-heal|p2a: Gothitelle|185\/281 slp|[from] item: Leftovers
|turn|20
|
|cant|p2a: Gothitelle|slp
|move|p1a: Clefable|Moonblast|p2a: Gothitelle
|-damage|p2a: Gothitelle|116\/281 slp
|
|-heal|p2a: Gothitelle|133\/281 slp|[from] item: Leftovers
|turn|21
|
|-curestatus|p2a: Gothitelle|slp
|move|p2a: Gothitelle|Calm Mind|p2a: Gothitelle
|-boost|p2a: Gothitelle|spa|1
|-boost|p2a: Gothitelle|spd|1
|move|p1a: Clefable|Moonblast|p2a: Gothitelle
|-damage|p2a: Gothitelle|87\/281
|
|-heal|p2a: Gothitelle|104\/281|[from] item: Leftovers
|turn|22
|
|move|p2a: Gothitelle|Rest|p2a: Gothitelle
|-status|p2a: Gothitelle|slp
|-heal|p2a: Gothitelle|281\/281 slp|[silent]
|-status|p2a: Gothitelle|slp|[from] move: Rest
|move|p1a: Clefable|Moonblast|p2a: Gothitelle
|-damage|p2a: Gothitelle|232\/281 slp
|-unboost|p2a: Gothitelle|spa|1
|
|-heal|p2a: Gothitelle|249\/281 slp|[from] item: Leftovers
|turn|23
|
|cant|p2a: Gothitelle|slp
|move|p1a: Clefable|Moonblast|p2a: Gothitelle
|-damage|p2a: Gothitelle|201\/281 slp
|
|-heal|p2a: Gothitelle|218\/281 slp|[from] item: Leftovers
|turn|24
|
|cant|p2a: Gothitelle|slp
|move|p1a: Clefable|Moonblast|p2a: Gothitelle
|-damage|p2a: Gothitelle|166\/281 slp
|-unboost|p2a: Gothitelle|spa|1
|
|-heal|p2a: Gothitelle|183\/281 slp|[from] item: Leftovers
|turn|25
|
|-curestatus|p2a: Gothitelle|slp
|move|p2a: Gothitelle|Calm Mind|p2a: Gothitelle
|-boost|p2a: Gothitelle|spa|1
|-boost|p2a: Gothitelle|spd|1
|move|p1a: Clefable|Moonblast|p2a: Gothitelle
|-damage|p2a: Gothitelle|138\/281
|
|-heal|p2a: Gothitelle|155\/281|[from] item: Leftovers
|turn|26
|
|move|p2a: Gothitelle|Calm Mind|p2a: Gothitelle
|-boost|p2a: Gothitelle|spa|1
|-boost|p2a: Gothitelle|spd|1
|move|p1a: Clefable|Moonblast|p2a: Gothitelle
|-damage|p2a: Gothitelle|121\/281
|
|-heal|p2a: Gothitelle|138\/281|[from] item: Leftovers
|turn|27
|
|move|p2a: Gothitelle|Rest|p2a: Gothitelle
|-status|p2a: Gothitelle|slp
|-heal|p2a: Gothitelle|281\/281 slp|[silent]
|-status|p2a: Gothitelle|slp|[from] move: Rest
|move|p1a: Clefable|Moonblast|p2a: Gothitelle
|-damage|p2a: Gothitelle|247\/281 slp
|
|-heal|p2a: Gothitelle|264\/281 slp|[from] item: Leftovers
|turn|28
|
|cant|p2a: Gothitelle|slp
|move|p1a: Clefable|Moonblast|p2a: Gothitelle
|-damage|p2a: Gothitelle|231\/281 slp
|
|-heal|p2a: Gothitelle|248\/281 slp|[from] item: Leftovers
|turn|29
|
|cant|p2a: Gothitelle|slp
|move|p1a: Clefable|Moonblast|p2a: Gothitelle
|-damage|p2a: Gothitelle|214\/281 slp
|-unboost|p2a: Gothitelle|spa|1
|
|-heal|p2a: Gothitelle|231\/281 slp|[from] item: Leftovers
|turn|30
|
|-curestatus|p2a: Gothitelle|slp
|move|p2a: Gothitelle|Calm Mind|p2a: Gothitelle
|-boost|p2a: Gothitelle|spa|1
|-boost|p2a: Gothitelle|spd|1
|move|p1a: Clefable|Moonblast|p2a: Gothitelle
|-damage|p2a: Gothitelle|204\/281
|
|-heal|p2a: Gothitelle|221\/281|[from] item: Leftovers
|turn|31
|
|move|p2a: Gothitelle|Calm Mind|p2a: Gothitelle
|-boost|p2a: Gothitelle|spa|1
|-boost|p2a: Gothitelle|spd|1
|move|p1a: Clefable|Moonblast|p2a: Gothitelle
|-damage|p2a: Gothitelle|194\/281
|-unboost|p2a: Gothitelle|spa|1
|
|-heal|p2a: Gothitelle|211\/281|[from] item: Leftovers
|turn|32
|
|move|p2a: Gothitelle|Calm Mind|p2a: Gothitelle
|-boost|p2a: Gothitelle|spa|1
|move|p1a: Clefable|Moonblast|p2a: Gothitelle
|-damage|p2a: Gothitelle|187\/281
|
|-heal|p2a: Gothitelle|204\/281|[from] item: Leftovers
|turn|33
|
|move|p2a: Gothitelle|Calm Mind|p2a: Gothitelle
|-boost|p2a: Gothitelle|spa|1
|move|p1a: Clefable|Moonblast|p2a: Gothitelle
|-crit|p2a: Gothitelle
|-damage|p2a: Gothitelle|50\/281
|
|-heal|p2a: Gothitelle|67\/281|[from] item: Leftovers
|turn|34
|
|move|p2a: Gothitelle|Rest|p2a: Gothitelle
|-status|p2a: Gothitelle|slp
|-heal|p2a: Gothitelle|281\/281 slp|[silent]
|-status|p2a: Gothitelle|slp|[from] move: Rest
|move|p1a: Clefable|Moonblast|p2a: Gothitelle
|-damage|p2a: Gothitelle|253\/281 slp
|-unboost|p2a: Gothitelle|spa|1
|
|-heal|p2a: Gothitelle|270\/281 slp|[from] item: Leftovers
|turn|35
|join|DarkCelebi59
|
|cant|p2a: Gothitelle|slp
|move|p1a: Clefable|Moonblast|p2a: Gothitelle
|-damage|p2a: Gothitelle|243\/281 slp
|
|-heal|p2a: Gothitelle|260\/281 slp|[from] item: Leftovers
|turn|36
|
|cant|p2a: Gothitelle|slp
|move|p1a: Clefable|Moonblast|p2a: Gothitelle
|-damage|p2a: Gothitelle|233\/281 slp
|
|-heal|p2a: Gothitelle|250\/281 slp|[from] item: Leftovers
|turn|37
|join|oml it's too ez
|
|-curestatus|p2a: Gothitelle|slp
|move|p2a: Gothitelle|Calm Mind|p2a: Gothitelle
|-boost|p2a: Gothitelle|spa|1
|move|p1a: Clefable|Moonblast|p2a: Gothitelle
|-damage|p2a: Gothitelle|226\/281
|
|-heal|p2a: Gothitelle|243\/281|[from] item: Leftovers
|turn|38
|
|move|p2a: Gothitelle|Calm Mind|p2a: Gothitelle
|-boost|p2a: Gothitelle|spa|1
|move|p1a: Clefable|Moonblast|p2a: Gothitelle
|-damage|p2a: Gothitelle|216\/281
|
|-heal|p2a: Gothitelle|233\/281|[from] item: Leftovers
|turn|39
|c|âMega Magic Bounce|never do this again
|c|âMega Magic Bounce|this is cruel and unusual punishment
|
|move|p2a: Gothitelle|Calm Mind|p2a: Gothitelle
|-boost|p2a: Gothitelle|spa|1
|move|p1a: Clefable|Moonblast|p2a: Gothitelle
|-damage|p2a: Gothitelle|206\/281
|-unboost|p2a: Gothitelle|spa|1
|
|-heal|p2a: Gothitelle|223\/281|[from] item: Leftovers
|turn|40
|
|move|p2a: Gothitelle|Calm Mind|p2a: Gothitelle
|-boost|p2a: Gothitelle|spa|1
|move|p1a: Clefable|Struggle|p2a: Gothitelle
|-damage|p2a: Gothitelle|195\/281
|-damage|p1a: Clefable|296\/394 tox
|
|-heal|p2a: Gothitelle|212\/281|[from] item: Leftovers
|turn|41
|c|âArcanine is Regal|might I direct your attention to turns 5 and 6
|c|âArcanine is Regal|you get no pity from me
|
|move|p2a: Gothitelle|Trick|p1a: Clefable
|-activate|p2a: Gothitelle|move: Trick|[of] p1a: Clefable
|-item|p1a: Clefable|Leftovers|[from] move: Trick
|-item|p2a: Gothitelle|Choice Scarf|[from] move: Trick
|move|p1a: Clefable|Struggle|p2a: Gothitelle
|-damage|p2a: Gothitelle|183\/281
|-damage|p1a: Clefable|198\/394 tox
|
|-heal|p1a: Clefable|222\/394 tox|[from] item: Leftovers
|turn|42
|c|âMega Magic Bounce|lmao
|
|move|p2a: Gothitelle|Psyshock|p1a: Clefable
|-damage|p1a: Clefable|0 fnt
|faint|p1a: Clefable
|
|c|âMega Magic Bounce|okay, you're forgiven
|
|switch|p1a: Talonflame|Talonflame, F|297\/297
|turn|43
|
|move|p1a: Talonflame|Brave Bird|p2a: Gothitelle
|-damage|p2a: Gothitelle|0 fnt
|-damage|p1a: Talonflame|237\/297|[from] recoil|[of] p2a: Gothitelle
|faint|p2a: Gothitelle
|
|leave|DarkCelebi59
|c|âArcanine is Regal|I sure wish I could go to my hippowdon
|join|DarkCelebi59
|c|âArcanine is Regal|but nooooo
|c|âArcanine is Regal|hax too strong
|c|âMega Magic Bounce|lol
|c|âArcanine is Regal|bad game
|-message|Arcanine is Regal forfeited.
|leave|Arcanine is Regal
|
|win|Mega Magic Bounce
|raw|Ladder updating...
|player|p2
|leave|oml it's too ez
|raw|Mega Magic Bounce's rating: 1605 &rarr; <strong>1625<\/strong><br \/>(+20 for winning)
|raw|Arcanine is Regal's rating: 1606 &rarr; <strong>1586<\/strong><br \/>(-20 for losing)