|join|Arcanine is Regal
|join|Amoongbro
|player|p1|Arcanine is Regal|126
|player|p2|Amoongbro|2
|gametype|singles
|gen|6
|tier|OU
|rated
|clearpoke
|poke|p1|Venusaur, M
|poke|p1|Keldeo
|poke|p1|Scizor, F
|poke|p1|Garchomp, M
|poke|p1|Gengar, F
|poke|p1|Talonflame, F
|poke|p2|Chansey, F, shiny
|poke|p2|Skarmory, M, shiny
|poke|p2|Alomomola, M, shiny
|poke|p2|Amoonguss, M, shiny
|poke|p2|Quagsire, M, shiny
|poke|p2|Sableye, F, shiny
|rule|Swagger Clause: Swagger is banned
|rule|Baton Pass Clause: Limit one PokÃ©mon knowing Baton Pass
|rule|Sleep Clause Mod: Limit one foe put to sleep
|rule|Species Clause: Limit one of each PokÃ©mon
|rule|OHKO Clause: OHKO moves are banned
|rule|Moody Clause: Moody is banned
|rule|Evasion Moves Clause: Evasion moves are banned
|rule|Endless Battle Clause: Forcing endless battles is banned
|rule|HP Percentage Mod: HP is shown in percentages
|teampreview
|
|start
|switch|p1a: Talonflame|Talonflame, F|317\/317
|switch|p2a: Not Mega|Sableye, F, shiny|304\/304
|turn|1
|
|detailschange|p2a: Not Mega|Sableye-Mega, F, shiny
|-mega|p2a: Not Mega|Sableye|Sablenite
|move|p1a: Talonflame|Brave Bird|p2a: Not Mega
|-damage|p2a: Not Mega|184\/304
|-damage|p1a: Talonflame|277\/317|[from] recoil|[of] p2a: Not Mega
|move|p2a: Not Mega|Knock Off|p1a: Talonflame
|-damage|p1a: Talonflame|136\/317
|-enditem|p1a: Talonflame|Sharp Beak|[from] move: Knock Off|[of] p2a: Not Mega
|
|turn|2
|
|move|p1a: Talonflame|Swords Dance|p1a: Talonflame
|-boost|p1a: Talonflame|atk|2
|move|p2a: Not Mega|Recover|p2a: Not Mega
|-heal|p2a: Not Mega|304\/304
|
|turn|3
|
|switch|p1a: Gengar|Gengar, F|261\/261
|switch|p2a: Uncle Blobby|Quagsire, M, shiny|394\/394
|
|turn|4
|
|switch|p2a: Mr Blobby|Amoonguss, M, shiny|432\/432
|move|p1a: Gengar|Shadow Ball|p2a: Mr Blobby
|-damage|p2a: Mr Blobby|294\/432
|-unboost|p2a: Mr Blobby|spd|1
|-damage|p1a: Gengar|235\/261|[from] item: Life Orb
|
|turn|5
|
|switch|p2a: Baby Blobby|Chansey, F, shiny|704\/704
|move|p1a: Gengar|Sludge Wave|p2a: Baby Blobby
|-damage|p2a: Baby Blobby|562\/704
|-damage|p1a: Gengar|209\/261|[from] item: Life Orb
|
|turn|6
|
|move|p1a: Gengar|Taunt|p2a: Baby Blobby
|-start|p2a: Baby Blobby|move: Taunt
|cant|p2a: Baby Blobby|move: Taunt|Soft-Boiled
|
|turn|7
|
|switch|p2a: Mr Blobby|Amoonguss, M, shiny|432\/432
|move|p1a: Gengar|Shadow Ball|p2a: Mr Blobby
|-damage|p2a: Mr Blobby|275\/432
|-damage|p1a: Gengar|183\/261|[from] item: Life Orb
|
|turn|8
|
|move|p1a: Gengar|Sludge Wave|p2a: Mr Blobby
|-damage|p2a: Mr Blobby|103\/432
|-damage|p1a: Gengar|157\/261|[from] item: Life Orb
|move|p2a: Mr Blobby|Foul Play|p1a: Gengar
|-supereffective|p1a: Gengar
|-damage|p1a: Gengar|9\/261
|
|turn|9
|
|switch|p2a: Baby Blobby|Chansey, F, shiny|562\/704
|move|p1a: Gengar|Shadow Ball|p2a: Baby Blobby
|-immune|p2a: Baby Blobby|[msg]
|
|turn|10
|
|switch|p2a: Mr Blobby|Amoonguss, M, shiny|247\/432
|move|p1a: Gengar|Taunt|p2a: Mr Blobby
|-start|p2a: Mr Blobby|move: Taunt
|
|turn|11
|
|switch|p2a: Baby Blobby|Chansey, F, shiny|562\/704
|move|p1a: Gengar|Sludge Wave|p2a: Baby Blobby
|-damage|p2a: Baby Blobby|424\/704
|-damage|p1a: Gengar|0 fnt|[from] item: Life Orb
|faint|p1a: Gengar
|
|
|switch|p1a: Keldeo|Keldeo|323\/323
|turn|12
|
|switch|p2a: Mr Blobby|Amoonguss, M, shiny|391\/432
|move|p1a: Keldeo|Calm Mind|p1a: Keldeo
|-boost|p1a: Keldeo|spa|1
|-boost|p1a: Keldeo|spd|1
|
|turn|13
|
|move|p1a: Keldeo|Substitute|p1a: Keldeo
|-start|p1a: Keldeo|Substitute
|-damage|p1a: Keldeo|243\/323
|move|p2a: Mr Blobby|Clear Smog|p1a: Keldeo
|-activate|p1a: Keldeo|Substitute|[damage]
|
|-heal|p1a: Keldeo|263\/323|[from] item: Leftovers
|turn|14
|
|move|p1a: Keldeo|Calm Mind|p1a: Keldeo
|-boost|p1a: Keldeo|spa|1
|-boost|p1a: Keldeo|spd|1
|move|p2a: Mr Blobby|Giga Drain|p1a: Keldeo
|-supereffective|p1a: Keldeo
|-end|p1a: Keldeo|Substitute
|-heal|p2a: Mr Blobby|411\/432|[from] drain|[of] p1a: Keldeo
|
|-heal|p1a: Keldeo|283\/323|[from] item: Leftovers
|turn|15
|
|move|p1a: Keldeo|Calm Mind|p1a: Keldeo
|-boost|p1a: Keldeo|spa|1
|-boost|p1a: Keldeo|spd|1
|move|p2a: Mr Blobby|Giga Drain|p1a: Keldeo
|-supereffective|p1a: Keldeo
|-damage|p1a: Keldeo|211\/323
|-heal|p2a: Mr Blobby|432\/432|[from] drain|[of] p1a: Keldeo
|
|-heal|p1a: Keldeo|231\/323|[from] item: Leftovers
|turn|16
|
|move|p1a: Keldeo|Substitute|p1a: Keldeo
|-start|p1a: Keldeo|Substitute
|-damage|p1a: Keldeo|151\/323
|move|p2a: Mr Blobby|Giga Drain|p1a: Keldeo
|-supereffective|p1a: Keldeo
|-activate|p1a: Keldeo|Substitute|[damage]
|
|-heal|p1a: Keldeo|171\/323|[from] item: Leftovers
|turn|17
|
|move|p1a: Keldeo|Secret Sword|p2a: Mr Blobby
|-resisted|p2a: Mr Blobby
|-damage|p2a: Mr Blobby|267\/432
|move|p2a: Mr Blobby|Giga Drain|p1a: Keldeo
|-supereffective|p1a: Keldeo
|-end|p1a: Keldeo|Substitute
|-heal|p2a: Mr Blobby|271\/432|[from] drain|[of] p1a: Keldeo
|
|-heal|p1a: Keldeo|191\/323|[from] item: Leftovers
|turn|18
|
|move|p1a: Keldeo|Substitute|p1a: Keldeo
|-start|p1a: Keldeo|Substitute
|-damage|p1a: Keldeo|111\/323
|move|p2a: Mr Blobby|Giga Drain|p1a: Keldeo
|-crit|p1a: Keldeo
|-supereffective|p1a: Keldeo
|-end|p1a: Keldeo|Substitute
|-heal|p2a: Mr Blobby|311\/432|[from] drain|[of] p1a: Keldeo
|
|-heal|p1a: Keldeo|131\/323|[from] item: Leftovers
|turn|19
|
|move|p1a: Keldeo|Substitute|p1a: Keldeo
|-start|p1a: Keldeo|Substitute
|-damage|p1a: Keldeo|51\/323
|move|p2a: Mr Blobby|Giga Drain|p1a: Keldeo
|-supereffective|p1a: Keldeo
|-activate|p1a: Keldeo|Substitute|[damage]
|-heal|p2a: Mr Blobby|342\/432|[from] drain|[of] p1a: Keldeo
|
|-heal|p1a: Keldeo|71\/323|[from] item: Leftovers
|turn|20
|
|move|p1a: Keldeo|Secret Sword|p2a: Mr Blobby
|-resisted|p2a: Mr Blobby
|-damage|p2a: Mr Blobby|159\/432
|move|p2a: Mr Blobby|Giga Drain|p1a: Keldeo
|-supereffective|p1a: Keldeo
|-end|p1a: Keldeo|Substitute
|-heal|p2a: Mr Blobby|168\/432|[from] drain|[of] p1a: Keldeo
|
|-heal|p1a: Keldeo|91\/323|[from] item: Leftovers
|turn|21
|
|switch|p2a: Uncle Blobby|Quagsire, M, shiny|394\/394
|move|p1a: Keldeo|Secret Sword|p2a: Uncle Blobby
|-damage|p2a: Uncle Blobby|277\/394
|
|-heal|p1a: Keldeo|111\/323|[from] item: Leftovers
|-heal|p2a: Uncle Blobby|301\/394|[from] item: Leftovers
|turn|22
|
|move|p1a: Keldeo|Substitute|p1a: Keldeo
|-start|p1a: Keldeo|Substitute
|-damage|p1a: Keldeo|31\/323
|move|p2a: Uncle Blobby|Haze|p2a: Uncle Blobby
|-clearallboost
|
|-heal|p1a: Keldeo|51\/323|[from] item: Leftovers
|-heal|p2a: Uncle Blobby|325\/394|[from] item: Leftovers
|turn|23
|
|move|p1a: Keldeo|Scald|p2a: Uncle Blobby
|-damage|p2a: Uncle Blobby|115\/394
|move|p2a: Uncle Blobby|Earthquake|p1a: Keldeo
|-end|p1a: Keldeo|Substitute
|
|-heal|p1a: Keldeo|71\/323|[from] item: Leftovers
|-heal|p2a: Uncle Blobby|139\/394|[from] item: Leftovers
|turn|24
|
|switch|p2a: Mr Blobby|Amoonguss, M, shiny|312\/432
|move|p1a: Keldeo|Calm Mind|p1a: Keldeo
|-boost|p1a: Keldeo|spa|1
|-boost|p1a: Keldeo|spd|1
|
|-heal|p1a: Keldeo|91\/323|[from] item: Leftovers
|turn|25
|
|move|p1a: Keldeo|Scald|p2a: Mr Blobby
|-resisted|p2a: Mr Blobby
|-damage|p2a: Mr Blobby|232\/432
|move|p2a: Mr Blobby|Giga Drain|p1a: Keldeo
|-supereffective|p1a: Keldeo
|-damage|p1a: Keldeo|0 fnt
|-heal|p2a: Mr Blobby|278\/432|[from] drain|[of] p1a: Keldeo
|faint|p1a: Keldeo
|
|-message|Arcanine is Regal forfeited.
|leave|Arcanine is Regal
|
|win|Amoongbro
|raw|Ladder updating...
|player|p1
|raw|Arcanine is Regal's rating: 1633 &rarr; <strong>1611<\/strong><br \/>(-22 for losing)
|raw|Amoongbro's rating: 1601 &rarr; <strong>1623<\/strong><br \/>(+22 for winning)