|join|UrNemesis357
|join|Arcanine is Regal
|player|p1|UrNemesis357|213
|player|p2|Arcanine is Regal|126
|gametype|singles
|gen|6
|tier|OU
|rated
|clearpoke
|poke|p1|Tornadus-Therian, M
|poke|p1|Metagross
|poke|p1|Keldeo
|poke|p1|Landorus-Therian, M
|poke|p1|Rotom-Wash
|poke|p1|Clefable, F
|poke|p2|Landorus, M
|poke|p2|Keldeo
|poke|p2|Metagross
|poke|p2|Tyranitar, F
|poke|p2|Clefable, M
|poke|p2|Excadrill, F
|rule|Swagger Clause: Swagger is banned
|rule|Baton Pass Clause: Limit one PokÃ©mon knowing Baton Pass
|rule|Sleep Clause Mod: Limit one foe put to sleep
|rule|Species Clause: Limit one of each PokÃ©mon
|rule|OHKO Clause: OHKO moves are banned
|rule|Moody Clause: Moody is banned
|rule|Evasion Moves Clause: Evasion moves are banned
|rule|Endless Battle Clause: Forcing endless battles is banned
|rule|HP Percentage Mod: HP is shown in percentages
|teampreview
|
|start
|switch|p1a: Big Bird|Tornadus-Therian, M|299\/299
|switch|p2a: Keldeo|Keldeo|323\/323
|turn|1
|
|switch|p2a: Clefable|Clefable, M|394\/394
|move|p1a: Big Bird|Knock Off|p2a: Clefable
|-resisted|p2a: Clefable
|-damage|p2a: Clefable|342\/394
|-enditem|p2a: Clefable|Leftovers|[from] move: Knock Off|[of] p1a: Big Bird
|-damage|p1a: Big Bird|270\/299|[from] item: Life Orb
|
|turn|2
|
|switch|p1a: Kyau|Rotom-Wash|304\/304
|move|p2a: Clefable|Flamethrower|p1a: Kyau
|-resisted|p1a: Kyau
|-damage|p1a: Kyau|270\/304
|
|-heal|p1a: Kyau|289\/304|[from] item: Leftovers
|turn|3
|
|move|p1a: Kyau|Will-O-Wisp|p2a: Clefable
|-status|p2a: Clefable|brn
|move|p2a: Clefable|Calm Mind|p2a: Clefable
|-boost|p2a: Clefable|spa|1
|-boost|p2a: Clefable|spd|1
|
|-heal|p1a: Kyau|304\/304|[from] item: Leftovers
|turn|4
|
|move|p1a: Kyau|Volt Switch|p2a: Clefable
|-damage|p2a: Clefable|287\/394 brn
|
|switch|p1a: Jono|Metagross|301\/301
|move|p2a: Clefable|Flamethrower|p1a: Jono
|-supereffective|p1a: Jono
|-damage|p1a: Jono|71\/301
|-status|p1a: Jono|brn
|
|-damage|p1a: Jono|34\/301 brn|[from] brn
|turn|5
|c|âUrNemesis357|sigh
|
|switch|p2a: Excadrill|Excadrill, F|361\/361
|detailschange|p1a: Jono|Metagross-Mega
|-mega|p1a: Jono|Metagross|Metagrossite
|move|p1a: Jono|Zen Headbutt|p2a: Excadrill
|-resisted|p2a: Excadrill
|-damage|p2a: Excadrill|289\/361
|
|-damage|p1a: Jono|0 fnt|[from] brn
|faint|p1a: Jono
|
|switch|p1a: Paavo|Keldeo|323\/323
|turn|6
|
|switch|p2a: Keldeo|Keldeo|323\/323
|move|p1a: Paavo|Calm Mind|p1a: Paavo
|-boost|p1a: Paavo|spa|1
|-boost|p1a: Paavo|spd|1
|
|turn|7
|
|move|p2a: Keldeo|Secret Sword|p1a: Paavo
|-damage|p1a: Paavo|151\/323
|move|p1a: Paavo|Secret Sword|p2a: Keldeo
|-damage|p2a: Keldeo|59\/323
|
|-heal|p2a: Keldeo|79\/323|[from] item: Leftovers
|-heal|p1a: Paavo|171\/323|[from] item: Leftovers
|turn|8
|
|switch|p1a: Big Bird|Tornadus-Therian, M|299\/299
|move|p2a: Keldeo|Secret Sword|p1a: Big Bird
|-resisted|p1a: Big Bird
|-damage|p1a: Big Bird|205\/299
|
|-heal|p2a: Keldeo|99\/323|[from] item: Leftovers
|turn|9
|
|move|p1a: Big Bird|Hurricane|p2a: Keldeo|[miss]
|-miss|p1a: Big Bird|p2a: Keldeo
|move|p2a: Keldeo|Scald|p1a: Big Bird
|-damage|p1a: Big Bird|18\/299
|
|-heal|p2a: Keldeo|119\/323|[from] item: Leftovers
|turn|10
|c|âUrNemesis357|sigh
|
|switch|p1a: Albert|Clefable, F|394\/394
|move|p2a: Keldeo|Scald|p1a: Albert
|-damage|p1a: Albert|274\/394
|
|-heal|p2a: Keldeo|139\/323|[from] item: Leftovers
|-heal|p1a: Albert|298\/394|[from] item: Leftovers
|turn|11
|
|move|p2a: Keldeo|Calm Mind|p2a: Keldeo
|-boost|p2a: Keldeo|spa|1
|-boost|p2a: Keldeo|spd|1
|move|p1a: Albert|Thunder Wave|p2a: Keldeo
|-status|p2a: Keldeo|par
|
|-heal|p1a: Albert|322\/394|[from] item: Leftovers
|-heal|p2a: Keldeo|159\/323 par|[from] item: Leftovers
|turn|12
|
|move|p1a: Albert|Calm Mind|p1a: Albert
|-boost|p1a: Albert|spa|1
|-boost|p1a: Albert|spd|1
|move|p2a: Keldeo|Scald|p1a: Albert
|-damage|p1a: Albert|202\/394
|
|-heal|p1a: Albert|226\/394|[from] item: Leftovers
|-heal|p2a: Keldeo|179\/323 par|[from] item: Leftovers
|turn|13
|
|move|p1a: Albert|Soft-Boiled|p1a: Albert
|-heal|p1a: Albert|394\/394
|move|p2a: Keldeo|Scald|p1a: Albert
|-damage|p1a: Albert|264\/394
|-status|p1a: Albert|brn
|
|-heal|p1a: Albert|288\/394 brn|[from] item: Leftovers
|-heal|p2a: Keldeo|199\/323 par|[from] item: Leftovers
|turn|14
|
|move|p1a: Albert|Moonblast|p2a: Keldeo
|-supereffective|p2a: Keldeo
|-damage|p2a: Keldeo|0 fnt
|faint|p2a: Keldeo
|
|-heal|p1a: Albert|312\/394 brn|[from] item: Leftovers
|
|switch|p2a: Metagross|Metagross|301\/301
|turn|15
|
|switch|p1a: Kyau|Rotom-Wash|304\/304
|detailschange|p2a: Metagross|Metagross-Mega
|-mega|p2a: Metagross|Metagross|Metagrossite
|move|p2a: Metagross|Meteor Mash|p1a: Kyau
|-resisted|p1a: Kyau
|-damage|p1a: Kyau|260\/304
|
|-heal|p1a: Kyau|279\/304|[from] item: Leftovers
|turn|16
|
|switch|p2a: Landorus|Landorus, M|319\/319
|move|p1a: Kyau|Volt Switch|p2a: Landorus
|-immune|p2a: Landorus|[msg]
|
|-heal|p1a: Kyau|298\/304|[from] item: Leftovers
|turn|17
|join|ollopa
|
|move|p2a: Landorus|Stealth Rock|p1a: Kyau
|-sidestart|p1: UrNemesis357|move: Stealth Rock
|move|p1a: Kyau|Hydro Pump|p2a: Landorus
|-supereffective|p2a: Landorus
|-damage|p2a: Landorus|17\/319
|
|-heal|p1a: Kyau|304\/304|[from] item: Leftovers
|turn|18
|
|move|p2a: Landorus|Focus Blast|p1a: Kyau
|-damage|p1a: Kyau|86\/304
|move|p1a: Kyau|Volt Switch|p2a: Landorus
|-immune|p2a: Landorus|[msg]
|
|-heal|p1a: Kyau|105\/304|[from] item: Leftovers
|turn|19
|
|move|p2a: Landorus|Psychic|p1a: Kyau
|-damage|p1a: Kyau|0 fnt
|faint|p1a: Kyau
|
|
|switch|p1a: Big Bird|Tornadus-Therian, M|117\/299
|-damage|p1a: Big Bird|43\/299|[from] Stealth Rock
|turn|20
|
|move|p1a: Big Bird|Knock Off|p2a: Landorus
|-damage|p2a: Landorus|0 fnt
|-enditem|p2a: Landorus|Life Orb|[from] move: Knock Off|[of] p1a: Big Bird
|-damage|p1a: Big Bird|14\/299|[from] item: Life Orb
|faint|p2a: Landorus
|
|
|switch|p2a: Tyranitar|Tyranitar, F|341\/341
|-weather|Sandstorm
|turn|21
|
|move|p1a: Big Bird|Superpower|p2a: Tyranitar
|-supereffective|p2a: Tyranitar
|-damage|p2a: Tyranitar|0 fnt
|-unboost|p1a: Big Bird|atk|1
|-unboost|p1a: Big Bird|def|1
|-damage|p1a: Big Bird|0 fnt|[from] item: Life Orb
|faint|p2a: Tyranitar
|faint|p1a: Big Bird
|
|-weather|Sandstorm|[upkeep]
|
|switch|p2a: Excadrill|Excadrill, F|289\/361
|switch|p1a: Albert|Clefable, F|312\/394 brn
|turn|22
|
|move|p2a: Excadrill|Iron Head|p1a: Albert
|-supereffective|p1a: Albert
|-damage|p1a: Albert|0 fnt
|-damage|p2a: Excadrill|253\/361|[from] item: Life Orb
|faint|p1a: Albert
|
|-weather|Sandstorm|[upkeep]
|
|switch|p1a: Tony|Landorus-Therian, M|367\/367
|-damage|p1a: Tony|322\/367|[from] Stealth Rock
|-ability|p1a: Tony|Intimidate|[of] p2a: Excadrill
|-unboost|p2a: Excadrill|atk|1
|turn|23
|
|move|p2a: Excadrill|Iron Head|p1a: Tony
|-damage|p1a: Tony|208\/367
|-damage|p2a: Excadrill|217\/361|[from] item: Life Orb
|move|p1a: Tony|Earthquake|p2a: Excadrill
|-supereffective|p2a: Excadrill
|-damage|p2a: Excadrill|0 fnt
|faint|p2a: Excadrill
|
|-weather|Sandstorm|[upkeep]
|-heal|p1a: Tony|230\/367|[from] item: Leftovers
|
|switch|p2a: Clefable|Clefable, M|287\/394 brn
|turn|24
|
|move|p1a: Tony|Earthquake|p2a: Clefable
|-damage|p2a: Clefable|121\/394 brn
|move|p2a: Clefable|Moonblast|p1a: Tony
|-damage|p1a: Tony|101\/367
|
|-weather|Sandstorm|[upkeep]
|-heal|p1a: Tony|123\/367|[from] item: Leftovers
|turn|25
|
|move|p1a: Tony|Earthquake|p2a: Clefable
|-damage|p2a: Clefable|0 fnt
|faint|p2a: Clefable
|
|-weather|none
|-heal|p1a: Tony|145\/367|[from] item: Leftovers
|
|switch|p2a: Metagross|Metagross-Mega|301\/301
|turn|26
|
|switch|p1a: Paavo|Keldeo|171\/323
|-damage|p1a: Paavo|151\/323|[from] Stealth Rock
|move|p2a: Metagross|Meteor Mash|p1a: Paavo
|-resisted|p1a: Paavo
|-damage|p1a: Paavo|23\/323
|-boost|p2a: Metagross|atk|1
|
|-heal|p1a: Paavo|43\/323|[from] item: Leftovers
|turn|27
|c|âUrNemesis357|ofc
|
|move|p2a: Metagross|Grass Knot|p1a: Paavo
|-crit|p1a: Paavo
|-supereffective|p1a: Paavo
|-damage|p1a: Paavo|0 fnt
|faint|p1a: Paavo
|
|c|âArcanine is Regal|yeah that mattered...
|
|switch|p1a: Tony|Landorus-Therian, M|145\/367
|-damage|p1a: Tony|100\/367|[from] Stealth Rock
|-ability|p1a: Tony|Intimidate|[of] p2a: Metagross
|-unboost|p2a: Metagross|atk|1
|turn|28
|
|move|p2a: Metagross|Meteor Mash|p1a: Tony
|-crit|p1a: Tony
|-damage|p1a: Tony|0 fnt
|faint|p1a: Tony
|
|win|Arcanine is Regal
|raw|Ladder updating...
|c|âUrNemesis357|so did that burn
|raw|UrNemesis357's rating: 1646 &rarr; <strong>1627<\/strong><br \/>(-19 for losing)
|raw|Arcanine is Regal's rating: 1667 &rarr; <strong>1686<\/strong><br \/>(+19 for winning)
|c|âUrNemesis357|on
|c|âArcanine is Regal|you risked it
|c|âUrNemesis357|m-meta
|c|âUrNemesis357|10%
|c|âArcanine is Regal|flamethrower fucked meta up anywy
|c|âArcanine is Regal|it wouldve died next turn
|c|âUrNemesis357|no i didnt need it healthy
|c|âArcanine is Regal|quit bitching
|c|âUrNemesis357|how?