|join|xShiba
|join|aqbf
|player|p1|xShiba|260
|player|p2|aqbf|4
|gametype|singles
|gen|6
|tier|UU
|rated
|rule|Sleep Clause Mod: Limit one foe put to sleep
|rule|Species Clause: Limit one of each PokÃ©mon
|rule|OHKO Clause: OHKO moves are banned
|rule|Moody Clause: Moody is banned
|rule|Evasion Moves Clause: Evasion moves are banned
|rule|Endless Battle Clause: Forcing endless battles is banned
|rule|HP Percentage Mod: HP is shown in percentages
|clearpoke
|poke|p1|Celebi
|poke|p1|Sharpedo, M, shiny
|poke|p1|Jirachi, shiny
|poke|p1|Yanmega, M, shiny
|poke|p1|Donphan, M
|poke|p1|Vaporeon, F
|poke|p2|Toxicroak, M
|poke|p2|Chandelure, F
|poke|p2|Aerodactyl, F, shiny
|poke|p2|Krookodile, F
|poke|p2|Swampert, M
|poke|p2|Whimsicott, M
|rule|Swagger Clause: Swagger is banned
|rule|Baton Pass Clause: Limit one PokÃ©mon knowing Baton Pass
|teampreview
|
|start
|switch|p1a: Steve|Donphan, M|322\/322
|switch|p2a: Crocomire|Krookodile, F|332\/332
|turn|1
|
|switch|p2a: Ridley|Aerodactyl, F, shiny|331\/331
|-ability|p2a: Ridley|Pressure
|move|p1a: Steve|Stealth Rock|p2a: Ridley
|-sidestart|p2: aqbf|move: Stealth Rock
|
|turn|2
|
|switch|p1a: Ay Der Cune|Vaporeon, F|452\/452
|detailschange|p2a: Ridley|Aerodactyl-Mega, F, shiny
|-mega|p2a: Ridley|Aerodactyl|Aerodactylite
|move|p2a: Ridley|Defog|p1a: Ay Der Cune
|-unboost|p1a: Ay Der Cune|evasion|1
|-sideend|p2: aqbf|Stealth Rock|[from] move: Defog|[of] p2a: Ridley
|
|turn|3
|
|switch|p2a: Phantoon|Chandelure, F|289\/289
|move|p1a: Ay Der Cune|Wish|p1a: Ay Der Cune
|
|turn|4
|
|switch|p1a: Healthy Diet|Celebi|404\/404
|move|p2a: Phantoon|Substitute|p2a: Phantoon
|-start|p2a: Phantoon|Substitute
|-damage|p2a: Phantoon|217\/289
|
|-heal|p2a: Phantoon|235\/289|[from] item: Leftovers
|turn|5
|c|âaqbf|celeri
|c|âaqbf|it's a threat
|
|switch|p1a: Ay Der Cune|Vaporeon, F|452\/452
|move|p2a: Phantoon|Calm Mind|p2a: Phantoon
|-boost|p2a: Phantoon|spa|1
|-boost|p2a: Phantoon|spd|1
|
|-heal|p2a: Phantoon|253\/289|[from] item: Leftovers
|turn|6
|c|âxShiba|mfw you bring in chandy on vap tho
|
|move|p2a: Phantoon|Shadow Ball|p1a: Ay Der Cune
|-damage|p1a: Ay Der Cune|242\/452
|move|p1a: Ay Der Cune|Scald|p2a: Phantoon
|-supereffective|p2a: Phantoon
|-end|p2a: Phantoon|Substitute
|
|-heal|p2a: Phantoon|271\/289|[from] item: Leftovers
|-heal|p1a: Ay Der Cune|270\/452|[from] item: Leftovers
|turn|7
|c|âaqbf|predicted the ice beam
|c|âxShiba|oic
|c|âaqbf|I wanted to appear hella pro
|c|âxShiba|lmao
|
|move|p2a: Phantoon|Shadow Ball|p1a: Ay Der Cune
|-damage|p1a: Ay Der Cune|59\/452
|move|p1a: Ay Der Cune|Scald|p2a: Phantoon
|-supereffective|p2a: Phantoon
|-damage|p2a: Phantoon|131\/289
|
|-heal|p2a: Phantoon|149\/289|[from] item: Leftovers
|-heal|p1a: Ay Der Cune|87\/452|[from] item: Leftovers
|turn|8
|
|move|p2a: Phantoon|Substitute|p2a: Phantoon
|-start|p2a: Phantoon|Substitute
|-damage|p2a: Phantoon|77\/289
|move|p1a: Ay Der Cune|Scald|p2a: Phantoon
|-supereffective|p2a: Phantoon
|-end|p2a: Phantoon|Substitute
|
|-heal|p2a: Phantoon|95\/289|[from] item: Leftovers
|-heal|p1a: Ay Der Cune|115\/452|[from] item: Leftovers
|turn|9
|
|move|p2a: Phantoon|Shadow Ball|p1a: Ay Der Cune
|-damage|p1a: Ay Der Cune|0 fnt
|faint|p1a: Ay Der Cune
|
|-heal|p2a: Phantoon|113\/289|[from] item: Leftovers
|join|Duskt70
|
|switch|p1a: Fuccboii 2.0|Jirachi, shiny|341\/341
|turn|10
|
|move|p1a: Fuccboii 2.0|Iron Head|p2a: Phantoon
|-resisted|p2a: Phantoon
|-damage|p2a: Phantoon|44\/289
|cant|p2a: Phantoon|flinch
|
|-heal|p2a: Phantoon|62\/289|[from] item: Leftovers
|turn|11
|c|âaqbf|agh
|c|âaqbf|jirachi doing what it does best
|c|âaqbf|was that a high roll?
|c|âaqbf|I think it was
|
|move|p1a: Fuccboii 2.0|Iron Head|p2a: Phantoon
|-resisted|p2a: Phantoon
|-damage|p2a: Phantoon|0 fnt
|faint|p2a: Phantoon
|
|c|âxShiba|rip
|c|âaqbf|rest in rest
|
|switch|p2a: Kraid|Swampert, M|404\/404
|turn|12
|c|âaqbf|you did gud
|
|switch|p1a: Healthy Diet|Celebi|404\/404
|move|p2a: Kraid|Stealth Rock|p1a: Healthy Diet
|-sidestart|p1: xShiba|move: Stealth Rock
|
|turn|13
|
|switch|p2a: Whimsicott|Whimsicott, M|261\/261
|move|p1a: Healthy Diet|Swords Dance|p1a: Healthy Diet
|-boost|p1a: Healthy Diet|atk|2
|
|turn|14
|c|âaqbf|ah not the set I predicted
|c|âaqbf|well
|
|move|p2a: Whimsicott|U-turn|p1a: Healthy Diet
|-supereffective|p1a: Healthy Diet
|-damage|p1a: Healthy Diet|212\/404
|-enditem|p1a: Healthy Diet|Weakness Policy
|-boost|p1a: Healthy Diet|atk|2|[from] item: Weakness Policy
|-boost|p1a: Healthy Diet|spa|2|[from] item: Weakness Policy
|-damage|p2a: Whimsicott|235\/261|[from] item: Life Orb
|c|âaqbf|actually
|c|âaqbf|yeah
|c|âaqbf|I didn't realize some people did both
|
|switch|p2a: Kraid|Swampert, M|404\/404
|move|p1a: Healthy Diet|Baton Pass|p1a: Healthy Diet
|c|âaqbf|ugh I knew it was weakness pass too
|c|âaqbf|but I'm like
|c|âaqbf|hmm
|
|switch|p1a: Fuccboii|Sharpedo, M, shiny|281\/281
|-damage|p1a: Fuccboii|246\/281|[from] Stealth Rock
|
|turn|15
|c|âaqbf|he sd'd
|c|âaqbf|so he probably is not
|
|move|p1a: Fuccboii|Protect|p1a: Fuccboii
|-singleturn|p1a: Fuccboii|Protect
|move|p2a: Kraid|Roar|p1a: Fuccboii
|drag|p1a: Steve|Donphan, M|322\/322
|-damage|p1a: Steve|302\/322|[from] Stealth Rock
|
|-heal|p1a: Steve|322\/322|[from] item: Leftovers
|turn|16
|c|âxShiba|zzz
|c| Duskt70|xd
|
|move|p2a: Kraid|Scald|p1a: Steve
|-supereffective|p1a: Steve
|-damage|p1a: Steve|56\/322
|move|p1a: Steve|Rapid Spin|p2a: Kraid
|-damage|p2a: Kraid|386\/404
|-sideend|p1: xShiba|Stealth Rock|[from] move: Rapid Spin|[of] p1a: Steve
|
|-heal|p2a: Kraid|404\/404|[from] item: Leftovers
|-heal|p1a: Steve|76\/322|[from] item: Leftovers
|turn|17
|join|r0ady
|
|switch|p1a: Healthy Diet|Celebi|212\/404
|move|p2a: Kraid|Stealth Rock|p1a: Healthy Diet
|-sidestart|p1: xShiba|move: Stealth Rock
|
|turn|18
|c| r0ady|hey guys
|c|âxShiba|hi
|c|âaqbf|hi
|
|move|p1a: Healthy Diet|Recover|p1a: Healthy Diet
|-heal|p1a: Healthy Diet|404\/404
|move|p2a: Kraid|Roar|p1a: Healthy Diet
|drag|p1a: Steve|Donphan, M|76\/322
|-damage|p1a: Steve|56\/322|[from] Stealth Rock
|
|-heal|p1a: Steve|76\/322|[from] item: Leftovers
|turn|19
|c|âaqbf|the one mon I can outspeed lol
|
|switch|p1a: Healthy Diet|Celebi|404\/404
|-damage|p1a: Healthy Diet|354\/404|[from] Stealth Rock
|move|p2a: Kraid|Scald|p1a: Healthy Diet
|-resisted|p1a: Healthy Diet
|-damage|p1a: Healthy Diet|325\/404
|
|turn|20
|
|switch|p2a: Whimsicott|Whimsicott, M|235\/261
|move|p1a: Healthy Diet|Seed Bomb|p2a: Whimsicott
|-resisted|p2a: Whimsicott
|-damage|p2a: Whimsicott|183\/261
|
|turn|21
|
|move|p2a: Whimsicott|U-turn|p1a: Healthy Diet
|-supereffective|p1a: Healthy Diet
|-damage|p1a: Healthy Diet|96\/404
|-damage|p2a: Whimsicott|157\/261|[from] item: Life Orb
|c| r0ady|youre wp already burned?
|
|switch|p2a: Ridley|Aerodactyl-Mega, F, shiny|331\/331
|move|p1a: Healthy Diet|Swords Dance|p1a: Healthy Diet
|-boost|p1a: Healthy Diet|atk|2
|
|turn|22
|c|âaqbf|yeah
|c|âxShiba|yeah
|c|âaqbf|he misplayed
|c|âxShiba|lol
|c|âaqbf|I misplayed too
|c|âaqbf|I should have moonblasted when the wp was obvious
|c|âaqbf|but I was saved by a choke
|c|âaqbf|so it's fine
|
|switch|p1a: Fuccboii 2.0|Jirachi, shiny|341\/341
|-damage|p1a: Fuccboii 2.0|320\/341|[from] Stealth Rock
|move|p2a: Ridley|Aerial Ace|p1a: Fuccboii 2.0
|-resisted|p1a: Fuccboii 2.0
|-damage|p1a: Fuccboii 2.0|244\/341
|
|turn|23
|c|âxShiba|its not like shark KOd anyway
|c|âxShiba|there was no choke lol
|
|move|p1a: Fuccboii 2.0|U-turn|p2a: Ridley
|-resisted|p2a: Ridley
|-damage|p2a: Ridley|291\/331
|c|âaqbf|it was at +4 though
|c| r0ady|plus4 strong jaw
|
|switch|p1a: Steve|Donphan, M|76\/322
|-damage|p1a: Steve|56\/322|[from] Stealth Rock
|move|p2a: Ridley|Aerial Ace|p1a: Steve
|-damage|p1a: Steve|0 fnt
|faint|p1a: Steve
|
|c| r0ady|is not a joke
|
|switch|p1a: Fuccboii 2.0|Jirachi, shiny|244\/341
|-damage|p1a: Fuccboii 2.0|223\/341|[from] Stealth Rock
|turn|24
|leave|Duskt70
|
|switch|p2a: Kraid|Swampert, M|404\/404
|move|p1a: Fuccboii 2.0|Iron Head|p2a: Kraid
|-resisted|p2a: Kraid
|-damage|p2a: Kraid|359\/404
|
|-heal|p2a: Kraid|384\/404|[from] item: Leftovers
|turn|25
|c|âxShiba|these plays
|c|âxShiba|n_n
|
|switch|p1a: Healthy Diet|Celebi|96\/404
|-damage|p1a: Healthy Diet|46\/404|[from] Stealth Rock
|move|p2a: Kraid|Roar|p1a: Healthy Diet
|drag|p1a: Fuccboii 2.0|Jirachi, shiny|223\/341
|-damage|p1a: Fuccboii 2.0|202\/341|[from] Stealth Rock
|
|-heal|p2a: Kraid|404\/404|[from] item: Leftovers
|turn|26
|c|âaqbf|I kind of thought you might double u-turn to be ticky
|
|move|p1a: Fuccboii 2.0|U-turn|p2a: Kraid
|-damage|p2a: Kraid|345\/404
|
|switch|p1a: Healthy Diet|Celebi|46\/404
|-damage|p1a: Healthy Diet|0 fnt|[from] Stealth Rock
|faint|p1a: Healthy Diet
|move|p2a: Kraid|Earthquake|p1: Healthy Diet|[notarget]
|-notarget
|
|-heal|p2a: Kraid|370\/404|[from] item: Leftovers
|c| r0ady|well if he double turned he had to sack
|
|switch|p1a: Zoom Zoom|Yanmega, M, shiny|313\/313
|-damage|p1a: Zoom Zoom|157\/313|[from] Stealth Rock
|turn|27
|
|switch|p2a: Whimsicott|Whimsicott, M|157\/261
|move|p1a: Zoom Zoom|Giga Drain|p2a: Whimsicott
|-resisted|p2a: Whimsicott
|-damage|p2a: Whimsicott|76\/261
|-heal|p1a: Zoom Zoom|198\/313|[from] drain|[of] p2a: Whimsicott
|-damage|p1a: Zoom Zoom|167\/313|[from] item: Life Orb
|
|-boost|p1a: Zoom Zoom|spe|1|[from] ability: Speed Boost
|turn|28
|
|move|p2a: Whimsicott|Tailwind|p2a: Whimsicott
|-sidestart|p2: aqbf|move: Tailwind
|move|p1a: Zoom Zoom|Air Slash|p2a: Whimsicott
|-supereffective|p2a: Whimsicott
|-damage|p2a: Whimsicott|0 fnt
|-damage|p1a: Zoom Zoom|136\/313|[from] item: Life Orb
|faint|p2a: Whimsicott
|
|-boost|p1a: Zoom Zoom|spe|1|[from] ability: Speed Boost
|
|switch|p2a: Ridley|Aerodactyl-Mega, F, shiny|291\/331
|turn|29
|
|move|p1a: Zoom Zoom|Protect|p1a: Zoom Zoom
|-singleturn|p1a: Zoom Zoom|Protect
|move|p2a: Ridley|Aerial Ace|p1a: Zoom Zoom
|-activate|p1a: Zoom Zoom|Protect
|
|-boost|p1a: Zoom Zoom|spe|1|[from] ability: Speed Boost
|turn|30
|c|âaqbf|ah yeah
|c|âaqbf|that's a move
|c| r0ady|plus 1 is still outsped
|c| r0ady|by dactyle
|c|âaqbf|yeah
|
|move|p2a: Ridley|Aerial Ace|p1a: Zoom Zoom
|-supereffective|p1a: Zoom Zoom
|-damage|p1a: Zoom Zoom|0 fnt
|faint|p1a: Zoom Zoom
|
|c|âaqbf|lol
|c| r0ady|not like you can ohko anyway
|c|âaqbf|modesty?
|
|switch|p1a: Fuccboii|Sharpedo, M, shiny|246\/281
|-damage|p1a: Fuccboii|211\/281|[from] Stealth Rock
|turn|31
|
|switch|p2a: Toxicroak|Toxicroak, M|328\/328
|move|p1a: Fuccboii|Protect|p1a: Fuccboii
|-fail|p1a: Fuccboii
|
|-sideend|p2: aqbf|move: Tailwind
|-boost|p1a: Fuccboii|spe|1|[from] ability: Speed Boost
|turn|32
|c| r0ady|im p sure
|c| r0ady|croak takes like 90
|
|detailschange|p1a: Fuccboii|Sharpedo-Mega, M, shiny
|-mega|p1a: Fuccboii|Sharpedo|Sharpedonite
|move|p1a: Fuccboii|Ice Fang|p2a: Toxicroak
|-damage|p2a: Toxicroak|143\/328
|move|p2a: Toxicroak|Drain Punch|p1a: Fuccboii
|-supereffective|p1a: Fuccboii
|-damage|p1a: Fuccboii|0 fnt
|-heal|p2a: Toxicroak|249\/328|[from] drain|[of] p1a: Fuccboii
|-damage|p2a: Toxicroak|217\/328|[from] item: Life Orb
|faint|p1a: Fuccboii
|
|c|âaqbf|eq prolly kos
|c|âaqbf|but I guess no eq?
|-message|xShiba forfeited.
|c|âaqbf|gg
|-message|xShiba forfeited.
|leave|r0ady
|leave|xShiba
|
|win|aqbf
|raw|Ladder updating...
|player|p1
|c|âaqbf|good match actually
|raw|xShiba's rating: 1568 &rarr; <strong>1544<\/strong><br \/>(-24 for losing)
|raw|aqbf's rating: 1488 &rarr; <strong>1513<\/strong><br \/>(+25 for winning)