|join|Petula
|join|aqbf
|player|p1|Petula|1
|player|p2|aqbf|4
|gametype|singles
|gen|6
|tier|UU
|rated
|rule|Sleep Clause Mod: Limit one foe put to sleep
|rule|Species Clause: Limit one of each PokÃ©mon
|rule|OHKO Clause: OHKO moves are banned
|rule|Moody Clause: Moody is banned
|rule|Evasion Moves Clause: Evasion moves are banned
|rule|Endless Battle Clause: Forcing endless battles is banned
|rule|HP Percentage Mod: HP is shown in percentages
|clearpoke
|poke|p1|Serperior, M
|poke|p1|Honchkrow, M
|poke|p1|Blastoise, F
|poke|p1|Azelf
|poke|p1|Forretress, M
|poke|p1|Flygon, M
|poke|p2|Toxicroak, M
|poke|p2|Chandelure, F
|poke|p2|Aerodactyl, M, shiny
|poke|p2|Krookodile, M
|poke|p2|Swampert, M
|poke|p2|Whimsicott, M
|rule|Swagger Clause: Swagger is banned
|rule|Baton Pass Clause: Limit one PokÃ©mon knowing Baton Pass
|teampreview
|c|âaqbf|your team reminds me a lot of uu back when I started playing it
|c|âaqbf|a few months ago
|c|âaqbf|minus serperior ofc
|
|start
|switch|p1a: Blastoise|Blastoise, F|361\/361
|switch|p2a: Kraid|Swampert, M|404\/404
|turn|1
|
|detailschange|p1a: Blastoise|Blastoise-Mega, F
|-mega|p1a: Blastoise|Blastoise|Blastoisinite
|move|p1a: Blastoise|Scald|p2a: Kraid
|-damage|p2a: Kraid|218\/404
|move|p2a: Kraid|Stealth Rock|p1a: Blastoise
|-sidestart|p1: Petula|move: Stealth Rock
|
|-heal|p2a: Kraid|243\/404|[from] item: Leftovers
|turn|2
|
|switch|p1a: Forretress|Forretress, M|353\/353
|-damage|p1a: Forretress|309\/353|[from] Stealth Rock
|switch|p2a: Toxicroak|Toxicroak, M|328\/328
|
|turn|3
|
|move|p2a: Toxicroak|Swords Dance|p2a: Toxicroak
|-boost|p2a: Toxicroak|atk|2
|move|p1a: Forretress|Stealth Rock|p2a: Toxicroak
|-sidestart|p2: aqbf|move: Stealth Rock
|
|turn|4
|
|move|p2a: Toxicroak|Drain Punch|p1a: Forretress
|-damage|p1a: Forretress|128\/353
|-damage|p2a: Toxicroak|274\/328|[from] item: Rocky Helmet|[of] p1a: Forretress
|-damage|p2a: Toxicroak|242\/328|[from] item: Life Orb
|move|p1a: Forretress|Gyro Ball|p2a: Toxicroak
|-damage|p2a: Toxicroak|125\/328
|
|turn|5
|
|move|p2a: Toxicroak|Drain Punch|p1a: Forretress
|-crit|p1a: Forretress
|-damage|p1a: Forretress|0 fnt
|-heal|p2a: Toxicroak|189\/328|[from] drain|[of] p1a: Forretress
|-damage|p2a: Toxicroak|135\/328|[from] item: Rocky Helmet|[of] p1a: Forretress
|-damage|p2a: Toxicroak|103\/328|[from] item: Life Orb
|faint|p1a: Forretress
|
|
|switch|p1a: Honchkrow|Honchkrow, M|403\/403
|-damage|p1a: Honchkrow|303\/403|[from] Stealth Rock
|turn|6
|
|move|p1a: Honchkrow|Sucker Punch|p2a: Toxicroak
|-resisted|p2a: Toxicroak
|-damage|p2a: Toxicroak|27\/328
|move|p2a: Toxicroak|Drain Punch|p1a: Honchkrow
|-damage|p1a: Honchkrow|0 fnt
|-heal|p2a: Toxicroak|179\/328|[from] drain|[of] p1a: Honchkrow
|-damage|p2a: Toxicroak|147\/328|[from] item: Life Orb
|faint|p1a: Honchkrow
|
|leave|Petula
|player|p1
|c|âaqbf|not going to lie, I thought that move was pretty bad
|c|âaqbf|but looking at his team
|c|âaqbf|there's not a whole lot he could have done
|c|âaqbf|since +2 sucker punch ohkos flygon
|c|âaqbf|and probably serperior after rocks
|-message|petula lost due to inactivity.
|
|win|aqbf
|raw|Ladder updating...
|raw|Petula's rating: 1322 &rarr; <strong>1308<\/strong><br \/>(-14 for losing)
|raw|aqbf's rating: 1432 &rarr; <strong>1446<\/strong><br \/>(+14 for winning)