|join|Pink Core Is Back
|join|aqbf
|player|p1|Pink Core Is Back|233
|player|p2|aqbf|4
|gametype|singles
|gen|6
|tier|UU
|rated
|rule|Sleep Clause Mod: Limit one foe put to sleep
|rule|Species Clause: Limit one of each PokÃ©mon
|rule|OHKO Clause: OHKO moves are banned
|rule|Moody Clause: Moody is banned
|rule|Evasion Moves Clause: Evasion moves are banned
|rule|Endless Battle Clause: Forcing endless battles is banned
|rule|HP Percentage Mod: HP is shown in percentages
|clearpoke
|poke|p1|Exploud, M, shiny
|poke|p1|Lucario, M
|poke|p1|Celebi
|poke|p1|Vaporeon, F, shiny
|poke|p1|Ampharos, M, shiny
|poke|p1|Gligar, F
|poke|p2|Toxicroak, F
|poke|p2|Chandelure, F
|poke|p2|Aerodactyl, M, shiny
|poke|p2|Krookodile, M
|poke|p2|Swampert, F
|poke|p2|Whimsicott, F
|rule|Swagger Clause: Swagger is banned
|rule|Baton Pass Clause: Limit one PokÃ©mon knowing Baton Pass
|teampreview
|c|âaqbf|eww pink core
|c|âaqbf|;)
|c|âPink Core Is Back|:)
|
|start
|switch|p1a: Internet Explouder|Exploud, M, shiny|349\/349
|switch|p2a: Ridley|Aerodactyl, M, shiny|331\/331
|-ability|p2a: Ridley|Pressure
|turn|1
|
|switch|p1a: Syrena|Vaporeon, F, shiny|456\/456
|detailschange|p2a: Ridley|Aerodactyl-Mega, M, shiny
|-mega|p2a: Ridley|Aerodactyl|Aerodactylite
|move|p2a: Ridley|Stone Edge|p1a: Syrena
|-damage|p1a: Syrena|243\/456
|
|-heal|p1a: Syrena|271\/456|[from] item: Leftovers
|turn|2
|c|âPink Core Is Back|ouch
|c|âaqbf|it's a threat
|
|switch|p2a: Toxicroak|Toxicroak, F|328\/328
|move|p1a: Syrena|Wish|p1a: Syrena
|
|-heal|p1a: Syrena|299\/456|[from] item: Leftovers
|turn|3
|
|switch|p2a: Kraid|Swampert, F|404\/404
|switch|p1a: Wind of Change|Gligar, F|333\/333
|
|turn|4
|
|move|p1a: Wind of Change|U-turn|p2a: Kraid
|-damage|p2a: Kraid|372\/404
|
|switch|p1a: Internet Explouder|Exploud, M, shiny|349\/349
|move|p2a: Kraid|Stealth Rock|p1a: Internet Explouder
|-sidestart|p1: Pink Core Is Back|move: Stealth Rock
|
|-heal|p2a: Kraid|397\/404|[from] item: Leftovers
|turn|5
|c|âaqbf|just got to say gligar kind of eats this team
|
|move|p1a: Internet Explouder|Boomburst|p2a: Kraid
|-damage|p2a: Kraid|43\/404
|move|p2a: Kraid|Earthquake|p1a: Internet Explouder
|-damage|p1a: Internet Explouder|177\/349
|
|-heal|p2a: Kraid|68\/404|[from] item: Leftovers
|turn|6
|c|âPink Core Is Back|it can beat half of your team but struggles against the other half
|c|âaqbf|should have sac'd something else tbh
|c|âaqbf|this wasn't a smart sac
|c|âPink Core Is Back|you can still sack something else ;)
|
|move|p1a: Internet Explouder|Boomburst|p2a: Kraid
|-damage|p2a: Kraid|0 fnt
|faint|p2a: Kraid
|
|c|âaqbf|nah
|
|switch|p2a: Ridley|Aerodactyl-Mega, M, shiny|331\/331
|turn|7
|c|âPink Core Is Back|i was kidding lol
|
|move|p2a: Ridley|Aerial Ace|p1a: Internet Explouder
|-damage|p1a: Internet Explouder|0 fnt
|faint|p1a: Internet Explouder
|
|
|switch|p1a: The Dark Sheep|Ampharos, M, shiny|383\/383
|-damage|p1a: The Dark Sheep|336\/383|[from] Stealth Rock
|turn|8
|
|switch|p2a: Whimsicott|Whimsicott, F|261\/261
|detailschange|p1a: The Dark Sheep|Ampharos-Mega, M, shiny
|-mega|p1a: The Dark Sheep|Ampharos|Ampharosite
|-ability|p1a: The Dark Sheep|Mold Breaker
|move|p1a: The Dark Sheep|Volt Switch|p2a: Whimsicott
|-resisted|p2a: Whimsicott
|-damage|p2a: Whimsicott|173\/261
|c|âaqbf|mega amph is really good though
|c|âaqbf|I love it
|c|âaqbf|when I'm not using mega-aero of course
|c|âaqbf|since aero is hella cool
|
|switch|p1a: Remus Lupin|Lucario, M|281\/281
|-damage|p1a: Remus Lupin|273\/281|[from] Stealth Rock
|
|turn|9
|
|move|p2a: Whimsicott|Moonblast|p1a: Remus Lupin
|-damage|p1a: Remus Lupin|53\/281
|-damage|p2a: Whimsicott|147\/261|[from] item: Life Orb
|move|p1a: Remus Lupin|Ice Punch|p2a: Whimsicott
|-supereffective|p2a: Whimsicott
|-damage|p2a: Whimsicott|0 fnt
|-damage|p1a: Remus Lupin|25\/281|[from] item: Life Orb
|faint|p2a: Whimsicott
|
|
|switch|p2a: Crocomire|Krookodile, M|332\/332
|turn|10
|
|move|p1a: Remus Lupin|Extreme Speed|p2a: Crocomire
|-damage|p2a: Crocomire|197\/332
|-damage|p1a: Remus Lupin|0 fnt|[from] item: Life Orb
|faint|p1a: Remus Lupin
|move|p2a: Crocomire|Knock Off|p1: Remus Lupin|[notarget]
|-notarget
|
|c|âaqbf|life orb whimsicott is actually a hugeass threat though
|c|âaqbf|oh shit you were at 9%
|c|âPink Core Is Back|yeah it suprisingly hits hard
|c|âaqbf|I thought that was 11%
|
|switch|p1a: Syrena|Vaporeon, F, shiny|299\/456
|-damage|p1a: Syrena|242\/456|[from] Stealth Rock
|turn|11
|c|âPink Core Is Back|i don't know why you did not revenge with chandy
|
|move|p2a: Crocomire|Knock Off|p1a: Syrena
|-damage|p1a: Syrena|53\/456
|-enditem|p1a: Syrena|Leftovers|[from] move: Knock Off|[of] p2a: Crocomire
|move|p1a: Syrena|Baton Pass|p1a: Syrena
|c|âaqbf|well I'm not intimidate
|c|âaqbf|and krook runs one of two abilities
|
|switch|p1a: The Dark Sheep|Ampharos-Mega, M, shiny|336\/383
|-damage|p1a: The Dark Sheep|289\/383|[from] Stealth Rock
|-ability|p1a: The Dark Sheep|Mold Breaker
|
|turn|12
|c|âaqbf|because anger point is pretty luck based
|c|âPink Core Is Back|???
|c|âaqbf|to put in another way, I'm moxie
|c|âPink Core Is Back|i asked why you did not revenge my lucario with chandelure
|c|âaqbf|I wanted to get the moxie boost
|c|âaqbf|because I misread your hp
|c|âaqbf|and thought you'd live a lo hit
|c|âPink Core Is Back|are you scarfed
|c|âaqbf|krook outspeeds even if it isn't
|c|âPink Core Is Back|you cant sweep with it just yet
|
|switch|p2a: Ridley|Aerodactyl-Mega, M, shiny|331\/331
|move|p1a: The Dark Sheep|Dragon Pulse|p2a: Ridley
|-damage|p2a: Ridley|183\/331
|
|turn|13
|c|âaqbf|misclick
|
|switch|p2a: Crocomire|Krookodile, M|197\/332
|move|p1a: The Dark Sheep|Volt Switch|p2a: Crocomire
|-immune|p2a: Crocomire|[msg]
|
|turn|14
|c|âaqbf|not a fun misclick either
|
|switch|p1a: Syrena|Vaporeon, F, shiny|53\/456
|-damage|p1a: Syrena|0 fnt|[from] Stealth Rock
|faint|p1a: Syrena
|move|p2a: Crocomire|Knock Off|p1: Syrena|[notarget]
|-notarget
|
|
|switch|p1a: The Dark Sheep|Ampharos-Mega, M, shiny|289\/383
|-damage|p1a: The Dark Sheep|242\/383|[from] Stealth Rock
|-ability|p1a: The Dark Sheep|Mold Breaker
|turn|15
|c|âaqbf|oh that died to rocks
|c|âaqbf|I thought it might have been at 1% after rocks zzz
|c|âPink Core Is Back|no moxie for you
|
|switch|p2a: Phantoon|Chandelure, F|289\/289
|move|p1a: The Dark Sheep|Dragon Pulse|p2a: Phantoon
|-damage|p2a: Phantoon|118\/289
|
|-heal|p2a: Phantoon|136\/289|[from] item: Leftovers
|turn|16
|
|move|p2a: Phantoon|Shadow Ball|p1a: The Dark Sheep
|-damage|p1a: The Dark Sheep|113\/383
|move|p1a: The Dark Sheep|Dragon Pulse|p2a: Phantoon
|-damage|p2a: Phantoon|0 fnt
|faint|p2a: Phantoon
|
|c|âaqbf|I should have gone for the calm mind though
|c|âaqbf|I don't think it'll make a difference
|c|âaqbf|but it was a smarter move to cm
|
|switch|p2a: Toxicroak|Toxicroak, F|328\/328
|turn|17
|c|âPink Core Is Back|i don't see myself winning this
|c|âaqbf|and then go for shadow ball
|c|âaqbf|I don't either but I intend to be very safe
|c|âaqbf|because you can with hax and whatnot
|
|move|p2a: Toxicroak|Drain Punch|p1a: The Dark Sheep
|-damage|p1a: The Dark Sheep|3\/383
|-damage|p2a: Toxicroak|296\/328|[from] item: Life Orb
|move|p1a: The Dark Sheep|Rest|p1a: The Dark Sheep
|-status|p1a: The Dark Sheep|slp
|-heal|p1a: The Dark Sheep|383\/383 slp|[silent]
|-status|p1a: The Dark Sheep|slp|[from] move: Rest
|
|turn|18
|c|âaqbf|and if you have weird movesets
|c|âaqbf|like rest
|
|switch|p1a: Wind of Change|Gligar, F|333\/333
|-damage|p1a: Wind of Change|292\/333|[from] Stealth Rock
|move|p2a: Toxicroak|Swords Dance|p2a: Toxicroak
|-boost|p2a: Toxicroak|atk|2
|
|turn|19
|
|move|p2a: Toxicroak|Sucker Punch|p1a: Wind of Change
|-damage|p1a: Wind of Change|150\/333
|-damage|p2a: Toxicroak|264\/328|[from] item: Life Orb
|move|p1a: Wind of Change|Earthquake|p2a: Toxicroak
|-supereffective|p2a: Toxicroak
|-damage|p2a: Toxicroak|12\/328
|
|turn|20
|
|move|p2a: Toxicroak|Drain Punch|p1a: Wind of Change
|-resisted|p1a: Wind of Change
|-damage|p1a: Wind of Change|41\/333
|-heal|p2a: Toxicroak|67\/328|[from] drain|[of] p1a: Wind of Change
|-damage|p2a: Toxicroak|35\/328|[from] item: Life Orb
|move|p1a: Wind of Change|Earthquake|p2a: Toxicroak
|-supereffective|p2a: Toxicroak
|-damage|p2a: Toxicroak|0 fnt
|faint|p2a: Toxicroak
|
|
|switch|p2a: Crocomire|Krookodile, M|197\/332
|turn|21
|
|move|p2a: Crocomire|Knock Off|p1a: Wind of Change
|-damage|p1a: Wind of Change|0 fnt
|-enditem|p1a: Wind of Change|Eviolite|[from] move: Knock Off|[of] p2a: Crocomire
|faint|p1a: Wind of Change
|-boost|p2a: Crocomire|atk|1|[from] ability: Moxie
|
|c|âPink Core Is Back|hmm
|
|switch|p1a: The Dark Sheep|Ampharos-Mega, M, shiny|383\/383 slp
|-damage|p1a: The Dark Sheep|336\/383 slp|[from] Stealth Rock
|-ability|p1a: The Dark Sheep|Mold Breaker
|turn|22
|c|âPink Core Is Back|don't fail me sleep talk
|
|move|p2a: Crocomire|Knock Off|p1a: The Dark Sheep
|-damage|p1a: The Dark Sheep|221\/383 slp
|cant|p1a: The Dark Sheep|slp
|move|p1a: The Dark Sheep|Sleep Talk|p1a: The Dark Sheep
|move|p1a: The Dark Sheep|Rest|p1a: The Dark Sheep|[from]Sleep Talk
|-fail|p1a: The Dark Sheep
|
|turn|23
|c|âaqbf|like I need ot hit a stone edge to win if you ko and you might ko
|
|move|p2a: Crocomire|Knock Off|p1a: The Dark Sheep
|-damage|p1a: The Dark Sheep|100\/383 slp
|cant|p1a: The Dark Sheep|slp
|move|p1a: The Dark Sheep|Sleep Talk|p1a: The Dark Sheep
|move|p1a: The Dark Sheep|Dragon Pulse|p2a: Crocomire|[from]Sleep Talk
|-damage|p2a: Crocomire|0 fnt
|faint|p2a: Crocomire
|
|
|switch|p2a: Ridley|Aerodactyl-Mega, M, shiny|183\/331
|turn|24
|
|move|p2a: Ridley|Stone Edge|p1a: The Dark Sheep
|-crit|p1a: The Dark Sheep
|-damage|p1a: The Dark Sheep|0 fnt
|faint|p1a: The Dark Sheep
|
|c|âPink Core Is Back|it failed me :(
|c|âaqbf|crit mattered
|c|âaqbf|no
|c|âaqbf|not really
|
|switch|p1a: Celebrity|Celebi|403\/403
|-damage|p1a: Celebrity|353\/403|[from] Stealth Rock
|turn|25
|c|âaqbf|but
|c|âaqbf|if you're bulky
|c|âPink Core Is Back|nah
|c|âaqbf|I might not evne be able to ko cri
|c|âaqbf|since this is jolly not adamant
|c|âPink Core Is Back|252 Atk Mega Aerodactyl Stone Edge vs. 248 HP \/ 252+ Def Mega Ampharos: 118-139 (30.8 - 36.2%) -- 55.4% chance to 3HKO
|c|âaqbf|oh I mean
|
|move|p2a: Ridley|Aerial Ace|p1a: Celebrity
|-supereffective|p1a: Celebrity
|-damage|p1a: Celebrity|45\/403
|move|p1a: Celebrity|Seed Bomb|p2a: Ridley
|-crit|p2a: Ridley
|-damage|p2a: Ridley|20\/331
|
|-heal|p1a: Celebrity|70\/403|[from] item: Leftovers
|turn|26
|c|âaqbf|celeri takes a lot of punishment
|c|âaqbf|sucker punch incoming
|c|âaqbf|do I roost
|c|âaqbf|or aerial ace?
|
|move|p2a: Ridley|Aerial Ace|p1a: Celebrity
|-supereffective|p1a: Celebrity
|-damage|p1a: Celebrity|0 fnt
|faint|p1a: Celebrity
|
|win|aqbf
|raw|Ladder updating...
|raw|Pink Core Is Back's rating: 1356 &rarr; <strong>1343<\/strong><br \/>(-13 for losing)
|raw|aqbf's rating: 1475 &rarr; <strong>1488<\/strong><br \/>(+13 for winning)
|c|âaqbf|I didn't actually have roost
|c|âPink Core Is Back|spdef
|c|âaqbf|I lied
|c|âaqbf|gg
|c|âPink Core Is Back|gg
|c|âaqbf|I like giga drain on celeri
|c|âaqbf|because that way it can last longer
|c|âPink Core Is Back|i have recover
|c|âaqbf|I guess
|c|âaqbf|it's kind of a worse mew
|c|âaqbf|since ou took our mew
|c|âPink Core Is Back|b-b-but perish song
|c|âaqbf|yeah but the typing is worse
|c|âaqbf|of course
|c|âaqbf|weakness policy baton pass celebi exists :]
|leave|aqbf
|c|âPink Core Is Back|it has some cool resists tho
|player|p2