|join|chickenmcphaggot
|join|aqbf
|player|p1|chickenmcphaggot|244
|player|p2|aqbf|4
|gametype|singles
|gen|6
|tier|UU
|rated
|rule|Sleep Clause Mod: Limit one foe put to sleep
|rule|Species Clause: Limit one of each PokÃ©mon
|rule|OHKO Clause: OHKO moves are banned
|rule|Moody Clause: Moody is banned
|rule|Evasion Moves Clause: Evasion moves are banned
|rule|Endless Battle Clause: Forcing endless battles is banned
|rule|HP Percentage Mod: HP is shown in percentages
|clearpoke
|poke|p1|Crobat, M
|poke|p1|Suicune
|poke|p1|Arcanine, F
|poke|p1|Espeon, M, shiny
|poke|p1|Flygon, M, shiny
|poke|p1|Trevenant, M, shiny
|poke|p2|Toxicroak, M
|poke|p2|Chandelure, M
|poke|p2|Aerodactyl, F, shiny
|poke|p2|Krookodile, M
|poke|p2|Swampert, F
|poke|p2|Whimsicott, F
|rule|Swagger Clause: Swagger is banned
|rule|Baton Pass Clause: Limit one PokÃ©mon knowing Baton Pass
|teampreview
|
|start
|switch|p1a: Flygon|Flygon, M, shiny|301\/301
|switch|p2a: Crocomire|Krookodile, M|332\/332
|turn|1
|
|move|p1a: Flygon|U-turn|p2a: Crocomire
|-supereffective|p2a: Crocomire
|-damage|p2a: Crocomire|174\/332
|
|switch|p1a: Arcanine|Arcanine, F|384\/384
|-ability|p1a: Arcanine|Intimidate|[of] p2a: Crocomire
|-unboost|p2a: Crocomire|atk|1
|move|p2a: Crocomire|Knock Off|p1a: Arcanine
|-damage|p1a: Arcanine|302\/384
|-enditem|p1a: Arcanine|Leftovers|[from] move: Knock Off|[of] p2a: Crocomire
|
|turn|2
|
|switch|p2a: Phantoon|Chandelure, M|289\/289
|move|p1a: Arcanine|Will-O-Wisp|p2a: Phantoon
|-start|p2a: Phantoon|ability: Flash Fire
|
|turn|3
|
|move|p2a: Phantoon|Substitute|p2a: Phantoon
|-start|p2a: Phantoon|Substitute
|-damage|p2a: Phantoon|217\/289
|move|p1a: Arcanine|Morning Sun|p1a: Arcanine
|-heal|p1a: Arcanine|384\/384
|
|-heal|p2a: Phantoon|235\/289|[from] item: Leftovers
|turn|4
|
|switch|p1a: Crobat|Crobat, M|373\/373
|move|p2a: Phantoon|Calm Mind|p2a: Phantoon
|-boost|p2a: Phantoon|spa|1
|-boost|p2a: Phantoon|spd|1
|
|-heal|p2a: Phantoon|253\/289|[from] item: Leftovers
|turn|5
|
|move|p1a: Crobat|Brave Bird|p2a: Phantoon
|-damage|p2a: Phantoon|105\/289
|-damage|p1a: Crobat|324\/373|[from] recoil|[of] p2a: Phantoon
|move|p2a: Phantoon|Flamethrower|p1a: Crobat
|-damage|p1a: Crobat|0 fnt
|faint|p1a: Crobat
|
|-heal|p2a: Phantoon|123\/289|[from] item: Leftovers
|c|âaqbf|nice and clean ohko
|
|switch|p1a: Flygon|Flygon, M, shiny|301\/301
|turn|6
|
|move|p1a: Flygon|Earthquake|p2a: Phantoon
|-supereffective|p2a: Phantoon
|-end|p2a: Phantoon|Substitute
|move|p2a: Phantoon|Shadow Ball|p1a: Flygon
|-damage|p1a: Flygon|22\/301
|-unboost|p1a: Flygon|spd|1
|
|-heal|p2a: Phantoon|141\/289|[from] item: Leftovers
|turn|7
|
|switch|p2a: Ridley|Aerodactyl, F, shiny|331\/331
|-ability|p2a: Ridley|Pressure
|move|p1a: Flygon|Earthquake|p2a: Ridley
|-immune|p2a: Ridley|[msg]
|
|turn|8
|
|switch|p1a: Arcanine|Arcanine, F|384\/384
|-ability|p1a: Arcanine|Intimidate|[of] p2a: Ridley
|-unboost|p2a: Ridley|atk|1
|detailschange|p2a: Ridley|Aerodactyl-Mega, F, shiny
|-mega|p2a: Ridley|Aerodactyl|Aerodactylite
|move|p2a: Ridley|Stone Edge|p1a: Arcanine
|-supereffective|p1a: Arcanine
|-damage|p1a: Arcanine|190\/384
|
|turn|9
|
|switch|p2a: Phantoon|Chandelure, M|141\/289
|move|p1a: Arcanine|Morning Sun|p1a: Arcanine
|-heal|p1a: Arcanine|382\/384
|
|-heal|p2a: Phantoon|159\/289|[from] item: Leftovers
|turn|10
|
|switch|p1a: Flygon|Flygon, M, shiny|22\/301
|move|p2a: Phantoon|Shadow Ball|p1a: Flygon
|-damage|p1a: Flygon|0 fnt
|faint|p1a: Flygon
|
|-heal|p2a: Phantoon|177\/289|[from] item: Leftovers
|
|switch|p1a: Espeon|Espeon, M, shiny|271\/271
|turn|11
|
|switch|p2a: Crocomire|Krookodile, M|174\/332
|move|p1a: Espeon|Psyshock|p2a: Crocomire
|-immune|p2a: Crocomire|[msg]
|
|turn|12
|
|switch|p1a: Arcanine|Arcanine, F|382\/384
|-ability|p1a: Arcanine|Intimidate|[of] p2a: Crocomire
|-unboost|p2a: Crocomire|atk|1
|move|p2a: Crocomire|Knock Off|p1a: Arcanine
|-damage|p1a: Arcanine|322\/384
|
|turn|13
|
|switch|p2a: Phantoon|Chandelure, M|177\/289
|switch|p1a: Suicune|Suicune|341\/341
|-ability|p1a: Suicune|Pressure
|
|-heal|p2a: Phantoon|195\/289|[from] item: Leftovers
|turn|14
|c|âaqbf|was waiting to see how long before you doubled
|
|switch|p2a: Toxicroak|Toxicroak, M|328\/328
|move|p1a: Suicune|Scald|p2a: Toxicroak
|-immune|p2a: Toxicroak|[msg]
|
|turn|15
|
|switch|p1a: Espeon|Espeon, M, shiny|271\/271
|move|p2a: Toxicroak|Swords Dance|p2a: Toxicroak
|-boost|p2a: Toxicroak|atk|2
|
|turn|16
|
|move|p2a: Toxicroak|Sucker Punch|p1a: Espeon
|-fail|p1a: Espeon
|move|p1a: Espeon|Substitute|p1a: Espeon
|-start|p1a: Espeon|Substitute
|-damage|p1a: Espeon|204\/271
|
|-heal|p1a: Espeon|220\/271|[from] item: Leftovers
|turn|17
|
|switch|p2a: Crocomire|Krookodile, M|174\/332
|move|p1a: Espeon|Psyshock|p2a: Crocomire
|-immune|p2a: Crocomire|[msg]
|
|-heal|p1a: Espeon|236\/271|[from] item: Leftovers
|turn|18
|
|move|p2a: Crocomire|Earthquake|p1a: Espeon
|-end|p1a: Espeon|Substitute
|move|p1a: Espeon|Dazzling Gleam|p2a: Crocomire
|-supereffective|p2a: Crocomire
|-damage|p2a: Crocomire|0 fnt
|faint|p2a: Crocomire
|
|-heal|p1a: Espeon|252\/271|[from] item: Leftovers
|
|switch|p2a: Ridley|Aerodactyl-Mega, F, shiny|331\/331
|turn|19
|
|switch|p1a: Arcanine|Arcanine, F|322\/384
|-ability|p1a: Arcanine|Intimidate|[of] p2a: Ridley
|-unboost|p2a: Ridley|atk|1
|move|p2a: Ridley|Stone Edge|p1a: Arcanine
|-crit|p1a: Arcanine
|-supereffective|p1a: Arcanine
|-damage|p1a: Arcanine|0 fnt
|faint|p1a: Arcanine
|
|
|switch|p1a: Suicune|Suicune|341\/341
|-ability|p1a: Suicune|Pressure
|turn|20
|
|switch|p2a: Whimsicott|Whimsicott, F|261\/261
|switch|p1a: Espeon|Espeon, M, shiny|252\/271
|
|-heal|p1a: Espeon|268\/271|[from] item: Leftovers
|turn|21
|
|move|p2a: Whimsicott|Moonblast|p1a: Espeon
|-crit|p1a: Espeon
|-damage|p1a: Espeon|77\/271
|-damage|p2a: Whimsicott|235\/261|[from] item: Life Orb
|move|p1a: Espeon|Substitute|p1a: Espeon
|-start|p1a: Espeon|Substitute
|-damage|p1a: Espeon|10\/271
|
|-heal|p1a: Espeon|26\/271|[from] item: Leftovers
|turn|22
|
|move|p2a: Whimsicott|Moonblast|p1a: Espeon
|-end|p1a: Espeon|Substitute
|-damage|p2a: Whimsicott|209\/261|[from] item: Life Orb
|move|p1a: Espeon|Psyshock|p2a: Whimsicott
|-damage|p2a: Whimsicott|56\/261
|
|-heal|p1a: Espeon|42\/271|[from] item: Leftovers
|turn|23
|
|switch|p1a: Trevenant|Trevenant, M, shiny|369\/369
|move|p2a: Whimsicott|Giga Drain|p1a: Trevenant
|-crit|p1a: Trevenant
|-resisted|p1a: Trevenant
|-damage|p1a: Trevenant|292\/369
|-heal|p2a: Whimsicott|95\/261|[from] drain|[of] p1a: Trevenant
|-damage|p2a: Whimsicott|69\/261|[from] item: Life Orb
|
|turn|24
|
|move|p2a: Whimsicott|Moonblast|p1a: Trevenant
|-damage|p1a: Trevenant|167\/369
|-damage|p2a: Whimsicott|43\/261|[from] item: Life Orb
|-enditem|p1a: Trevenant|Sitrus Berry|[eat]
|-heal|p1a: Trevenant|259\/369|[from] item: Sitrus Berry
|move|p1a: Trevenant|Substitute|p1a: Trevenant
|-start|p1a: Trevenant|Substitute
|-damage|p1a: Trevenant|167\/369
|
|-item|p1a: Trevenant|Sitrus Berry|[from] ability: Harvest
|-enditem|p1a: Trevenant|Sitrus Berry|[eat]
|-heal|p1a: Trevenant|259\/369|[from] item: Sitrus Berry
|turn|25
|
|move|p2a: Whimsicott|Moonblast|p1a: Trevenant
|-end|p1a: Trevenant|Substitute
|-damage|p2a: Whimsicott|17\/261|[from] item: Life Orb
|move|p1a: Trevenant|Substitute|p1a: Trevenant
|-start|p1a: Trevenant|Substitute
|-damage|p1a: Trevenant|167\/369
|
|turn|26
|
|move|p2a: Whimsicott|Tailwind|p2a: Whimsicott
|-sidestart|p2: aqbf|move: Tailwind
|move|p1a: Trevenant|Substitute|p1a: Trevenant
|-fail|p1a: Trevenant|move: Substitute
|
|-item|p1a: Trevenant|Sitrus Berry|[from] ability: Harvest
|-enditem|p1a: Trevenant|Sitrus Berry|[eat]
|-heal|p1a: Trevenant|259\/369|[from] item: Sitrus Berry
|turn|27
|
|move|p2a: Whimsicott|Moonblast|p1a: Trevenant
|-end|p1a: Trevenant|Substitute
|-damage|p2a: Whimsicott|0 fnt|[from] item: Life Orb
|faint|p2a: Whimsicott
|move|p1a: Trevenant|Substitute|p1a: Trevenant
|-start|p1a: Trevenant|Substitute
|-damage|p1a: Trevenant|167\/369
|
|c|âaqbf|trevenant is one of those awkward mons that isn't actually good but is really annoying
|
|switch|p2a: Phantoon|Chandelure, M|195\/289
|turn|28
|
|move|p2a: Phantoon|Shadow Ball|p1a: Trevenant
|-supereffective|p1a: Trevenant
|-end|p1a: Trevenant|Substitute
|move|p1a: Trevenant|Leech Seed|p2a: Phantoon
|-start|p2a: Phantoon|move: Leech Seed
|
|-heal|p2a: Phantoon|213\/289|[from] item: Leftovers
|-damage|p2a: Phantoon|177\/289|[from] Leech Seed|[of] p1a: Trevenant
|-heal|p1a: Trevenant|203\/369|[silent]
|-item|p1a: Trevenant|Sitrus Berry|[from] ability: Harvest
|turn|29
|
|switch|p1a: Suicune|Suicune|341\/341
|-ability|p1a: Suicune|Pressure
|move|p2a: Phantoon|Shadow Ball|p1a: Suicune
|-damage|p1a: Suicune|218\/341
|-unboost|p1a: Suicune|spd|1
|
|-heal|p2a: Phantoon|195\/289|[from] item: Leftovers
|-heal|p1a: Suicune|239\/341|[from] item: Leftovers
|-damage|p2a: Phantoon|159\/289|[from] Leech Seed|[of] p1a: Suicune
|-heal|p1a: Suicune|275\/341|[silent]
|-sideend|p2: aqbf|move: Tailwind
|turn|30
|
|move|p1a: Suicune|Scald|p2a: Phantoon
|-supereffective|p2a: Phantoon
|-damage|p2a: Phantoon|0 fnt
|faint|p2a: Phantoon
|
|-heal|p1a: Suicune|296\/341|[from] item: Leftovers
|
|switch|p2a: Toxicroak|Toxicroak, M|328\/328
|turn|31
|
|move|p1a: Suicune|Calm Mind|p1a: Suicune
|-boost|p1a: Suicune|spa|1
|-boost|p1a: Suicune|spd|1
|move|p2a: Toxicroak|Gunk Shot|p1a: Suicune|[miss]
|-miss|p2a: Toxicroak|p1a: Suicune
|
|-heal|p1a: Suicune|317\/341|[from] item: Leftovers
|turn|32
|
|switch|p1a: Espeon|Espeon, M, shiny|42\/271
|move|p2a: Toxicroak|Gunk Shot|p1a: Espeon|[miss]
|-miss|p2a: Toxicroak|p1a: Espeon
|
|-heal|p1a: Espeon|58\/271|[from] item: Leftovers
|turn|33
|c|âaqbf|fuck you and your hax
|
|switch|p2a: Ridley|Aerodactyl-Mega, F, shiny|331\/331
|move|p1a: Espeon|Calm Mind|p1a: Espeon
|-boost|p1a: Espeon|spa|1
|-boost|p1a: Espeon|spd|1
|
|-heal|p1a: Espeon|74\/271|[from] item: Leftovers
|turn|34
|c|âaqbf|that's what I hate about trevenant
|c|âaqbf|it relies on hax
|
|switch|p1a: Suicune|Suicune|317\/341
|-ability|p1a: Suicune|Pressure
|move|p2a: Ridley|Aerial Ace|p1a: Suicune
|-damage|p1a: Suicune|194\/341
|
|-heal|p1a: Suicune|215\/341|[from] item: Leftovers
|turn|35
|
|switch|p1a: Espeon|Espeon, M, shiny|74\/271
|move|p2a: Ridley|Stone Edge|p1a: Espeon
|-damage|p1a: Espeon|0 fnt
|faint|p1a: Espeon
|
|-message|chickenmcphaggot lost due to inactivity.
|
|win|aqbf
|raw|Ladder updating...
|raw|chickenmcphaggot's rating: 1297 &rarr; <strong>1279<\/strong><br \/>(-18 for losing)
|raw|aqbf's rating: 1400 &rarr; <strong>1415<\/strong><br \/>(+15 for winning)