|join|Lucipurrr
|join|aqbf
|player|p1|Lucipurrr|77
|player|p2|aqbf|4
|gametype|singles
|gen|6
|tier|UU
|rule|Sleep Clause Mod: Limit one foe put to sleep
|rule|Species Clause: Limit one of each PokÃ©mon
|rule|OHKO Clause: OHKO moves are banned
|rule|Moody Clause: Moody is banned
|rule|Evasion Moves Clause: Evasion moves are banned
|rule|Endless Battle Clause: Forcing endless battles is banned
|rule|HP Percentage Mod: HP is shown in percentages
|clearpoke
|poke|p1|Serperior, M, shiny
|poke|p1|Ampharos, M
|poke|p1|Vaporeon, M
|poke|p1|Gligar, F
|poke|p1|Mawile, F, shiny
|poke|p1|Machamp, F
|poke|p2|Toxicroak, M
|poke|p2|Chandelure, M
|poke|p2|Aerodactyl, M, shiny
|poke|p2|Krookodile, M
|poke|p2|Swampert, F
|poke|p2|Whimsicott, F
|rule|Swagger Clause: Swagger is banned
|rule|Baton Pass Clause: Limit one PokÃ©mon knowing Baton Pass
|teampreview
|c|âaqbf|mawile
|c|âaqbf|I haven't seen it since the mega got banned
|c|âaqbf|this should be interesting
|c|âLucipurrr|Yeah
|c|âLucipurrr|Well I mean
|c|âLucipurrr|This is my Research week team
|c|âaqbf|ah
|c|âaqbf|this team is a huge threat though
|c|âLucipurrr|mhm...
|c|âLucipurrr|Aero and Krook have me nervous lol
|
|start
|switch|p1a: Machamp|Machamp, F|363\/363
|switch|p2a: Kraid|Swampert, F|404\/404
|turn|1
|c|âLucipurrr|Also Chandy makes Dynamic punch spam difficult
|
|move|p1a: Machamp|Knock Off|p2a: Kraid
|-damage|p2a: Kraid|253\/404
|-enditem|p2a: Kraid|Leftovers|[from] move: Knock Off|[of] p1a: Machamp
|move|p2a: Kraid|Stealth Rock|p1a: Machamp
|-sidestart|p1: Lucipurrr|move: Stealth Rock
|
|turn|2
|c|âaqbf|I kind of prefer cb
|c|âLucipurrr|Cb?
|c|âaqbf|I really don't have any good switch ins to this though
|c|âaqbf|choice band machamp?
|c|âaqbf|with guts and close combat?
|c|âLucipurrr|That's what I'm using lmao
|c|âLucipurrr|I do uh
|c|âLucipurrr|Cb and No Gaurd
|c|âLucipurrr|Specifically No guard because I forgot to guts
|join|Housing
|c|âLucipurrr|But Dynamic punch no guard
|c|âaqbf|king uu does av and guts
|raw|<div class="broadcast-red"><b>Moderated chat was set to +!<\/b><br \/>Only users of rank + and higher can talk.<\/div>
|c|âLucipurrr|is also 10\/10
|c|âLucipurrr|av guts is weird
|
|switch|p2a: Ridley|Aerodactyl, M, shiny|331\/331
|-ability|p2a: Ridley|Pressure
|move|p1a: Machamp|Knock Off|p2a: Ridley
|-damage|p2a: Ridley|143\/331
|
|turn|3
|c|âaqbf|people were making fun of himfor it
|
|switch|p1a: Mawile|Mawile, F, shiny|303\/303
|-damage|p1a: Mawile|285\/303|[from] Stealth Rock
|detailschange|p2a: Ridley|Aerodactyl-Mega, M, shiny
|-mega|p2a: Ridley|Aerodactyl|Aerodactylite
|move|p2a: Ridley|Aerial Ace|p1a: Mawile
|-resisted|p1a: Mawile
|-damage|p1a: Mawile|201\/303
|
|turn|4
|join|King UU
|c|+King UU|?
|c|âLucipurrr|he's my mentor
|c|âaqbf|hi
|c|âLucipurrr|Hey King
|c|âLucipurrr|lol
|c|âaqbf|huh
|leave|King UU
|
|switch|p2a: Phantoon|Chandelure, M|289\/289
|move|p1a: Mawile|Play Rough|p2a: Phantoon
|-resisted|p2a: Phantoon
|-damage|p2a: Phantoon|163\/289
|
|-heal|p2a: Phantoon|181\/289|[from] item: Leftovers
|turn|5
|c|âaqbf|werid
|c|âLucipurrr|mfw
|c|âLucipurrr|I crunch'd
|c|âLucipurrr|lol
|
|switch|p1a: Vaporeon|Vaporeon, M|464\/464
|-damage|p1a: Vaporeon|406\/464|[from] Stealth Rock
|move|p2a: Phantoon|Substitute|p2a: Phantoon
|-start|p2a: Phantoon|Substitute
|-damage|p2a: Phantoon|109\/289
|
|-heal|p2a: Phantoon|127\/289|[from] item: Leftovers
|-heal|p1a: Vaporeon|435\/464|[from] item: Leftovers
|turn|6
|
|move|p1a: Vaporeon|Protect|p1a: Vaporeon
|-singleturn|p1a: Vaporeon|Protect
|move|p2a: Phantoon|Shadow Ball|p1a: Vaporeon
|-activate|p1a: Vaporeon|Protect
|
|-heal|p2a: Phantoon|145\/289|[from] item: Leftovers
|-heal|p1a: Vaporeon|464\/464|[from] item: Leftovers
|turn|7
|c|âaqbf|the crunch was a good predict
|
|move|p2a: Phantoon|Shadow Ball|p1a: Vaporeon
|-damage|p1a: Vaporeon|334\/464
|move|p1a: Vaporeon|Scald|p2a: Phantoon
|-supereffective|p2a: Phantoon
|-end|p2a: Phantoon|Substitute
|
|-heal|p2a: Phantoon|163\/289|[from] item: Leftovers
|-heal|p1a: Vaporeon|363\/464|[from] item: Leftovers
|turn|8
|c|âLucipurrr|yeah
|c|âaqbf|because I predicted you to be scarf
|c|âLucipurrr|Nah
|c|âLucipurrr|Life orb
|c|âLucipurrr|Cancel sucks
|
|switch|p2a: Toxicroak|Toxicroak, M|328\/328
|move|p1a: Vaporeon|Scald|p2a: Toxicroak
|-immune|p2a: Toxicroak|[msg]
|
|-heal|p1a: Vaporeon|392\/464|[from] item: Leftovers
|turn|9
|c|âLucipurrr|figured
|c|âaqbf|okay then I don't get why you brought it in on aero
|c|âLucipurrr|Cause Aerial Ace don't scur mawile
|c|âaqbf|did a clean 28% meaning a fire fang could get a knockout
|leave|Housing
|c|âaqbf|I think
|
|switch|p2a: Ridley|Aerodactyl-Mega, M, shiny|143\/331
|move|p1a: Vaporeon|Protect|p1a: Vaporeon
|-fail|p1a: Vaporeon
|
|-heal|p1a: Vaporeon|421\/464|[from] item: Leftovers
|turn|10
|c|âLucipurrr|damn
|c|âaqbf|weird
|c|âaqbf|I thought the switch to gliscor would be incoming
|c|âaqbf|*gligar
|
|switch|p2a: Toxicroak|Toxicroak, M|328\/328
|move|p1a: Vaporeon|Protect|p1a: Vaporeon
|-fail|p1a: Vaporeon
|
|-heal|p1a: Vaporeon|450\/464|[from] item: Leftovers
|turn|11
|c|âLucipurrr|Nah
|c|âLucipurrr|I'm not that good
|c|âaqbf|I would have feared the +2 but that's just me
|
|move|p2a: Toxicroak|Swords Dance|p2a: Toxicroak
|-boost|p2a: Toxicroak|atk|2
|move|p1a: Vaporeon|Scald|p2a: Toxicroak
|-immune|p2a: Toxicroak|[msg]
|
|-heal|p1a: Vaporeon|464\/464|[from] item: Leftovers
|turn|12
|c|âLucipurrr|But I'm awkwardly good
|c|âLucipurrr|welp
|
|switch|p1a: Gligar|Gligar, F|334\/334
|-damage|p1a: Gligar|293\/334|[from] Stealth Rock
|move|p2a: Toxicroak|Gunk Shot|p1a: Gligar
|-resisted|p1a: Gligar
|-damage|p1a: Gligar|157\/334
|-status|p1a: Gligar|psn
|-damage|p2a: Toxicroak|296\/328|[from] item: Life Orb
|
|-damage|p1a: Gligar|116\/334 psn|[from] psn
|turn|13
|c|âaqbf|that was lucky
|c|âaqbf|not going to complain though
|leave|Lucipurrr
|player|p1
|join|Lucipurrr
|c|âaqbf|hmm will it let me cancel the move I accidently picked now?
|player|p1|Lucipurrr|77
|leave|Lucipurrr
|player|p1
|join|Lucipurrr
|c|âaqbf|connection issues?
|player|p1|Lucipurrr|77
|c|âLucipurrr|yup
|
|switch|p2a: Ridley|Aerodactyl-Mega, M, shiny|143\/331
|move|p1a: Gligar|Earthquake|p2a: Ridley
|-immune|p2a: Ridley|[msg]
|
|-damage|p1a: Gligar|75\/334 psn|[from] psn
|turn|14
|leave|Lucipurrr
|player|p1
|join|Lucipurrr
|player|p1|Lucipurrr|77
|
|switch|p1a: Vaporeon|Vaporeon, M|464\/464
|-damage|p1a: Vaporeon|406\/464|[from] Stealth Rock
|move|p2a: Ridley|Aqua Tail|p1a: Vaporeon
|-heal|p1a: Vaporeon|464\/464|[from] ability: Water Absorb|[of] p2a: Ridley
|
|turn|15
|c|âaqbf|okay
|c|âaqbf|I should have gone straight for the aqua tail
|c|âaqbf|*aerial ace
|
|switch|p2a: Toxicroak|Toxicroak, M|296\/328
|move|p1a: Vaporeon|Ice Beam|p2a: Toxicroak
|-damage|p2a: Toxicroak|191\/328
|
|turn|16
|c|âaqbf|like it was safer but I wanted to predict mawile
|
|move|p2a: Toxicroak|Drain Punch|p1a: Vaporeon
|-damage|p1a: Vaporeon|273\/464
|-heal|p2a: Toxicroak|287\/328|[from] drain|[of] p1a: Vaporeon
|-damage|p2a: Toxicroak|255\/328|[from] item: Life Orb
|move|p1a: Vaporeon|Ice Beam|p2a: Toxicroak
|-damage|p2a: Toxicroak|146\/328
|
|-heal|p1a: Vaporeon|302\/464|[from] item: Leftovers
|turn|17
|
|move|p2a: Toxicroak|Swords Dance|p2a: Toxicroak
|-boost|p2a: Toxicroak|atk|2
|move|p1a: Vaporeon|Ice Beam|p2a: Toxicroak
|-damage|p2a: Toxicroak|41\/328
|
|-heal|p1a: Vaporeon|331\/464|[from] item: Leftovers
|turn|18
|
|move|p1a: Vaporeon|Protect|p1a: Vaporeon
|-singleturn|p1a: Vaporeon|Protect
|move|p2a: Toxicroak|Drain Punch|p1a: Vaporeon
|-activate|p1a: Vaporeon|Protect
|
|-heal|p1a: Vaporeon|360\/464|[from] item: Leftovers
|turn|19
|
|move|p2a: Toxicroak|Drain Punch|p1a: Vaporeon
|-damage|p1a: Vaporeon|0 fnt
|-heal|p2a: Toxicroak|221\/328|[from] drain|[of] p1a: Vaporeon
|-damage|p2a: Toxicroak|189\/328|[from] item: Life Orb
|faint|p1a: Vaporeon
|
|c|âLucipurrr|damn
|c|âLucipurrr|that's an ohko
|
|switch|p1a: Gligar|Gligar, F|75\/334 psn
|-damage|p1a: Gligar|34\/334 psn|[from] Stealth Rock
|turn|20
|
|move|p2a: Toxicroak|Drain Punch|p1a: Gligar
|-resisted|p1a: Gligar
|-damage|p1a: Gligar|0 fnt
|-heal|p2a: Toxicroak|206\/328|[from] drain|[of] p1a: Gligar
|-damage|p2a: Toxicroak|174\/328|[from] item: Life Orb
|faint|p1a: Gligar
|
|
|switch|p1a: Machamp|Machamp, F|363\/363
|-damage|p1a: Machamp|341\/363|[from] Stealth Rock
|turn|21
|c|âaqbf|toxicroak is really strong
|c|âaqbf|i really like him
|c|âLucipurrr|yeah
|c|âLucipurrr|he's great
|c|âaqbf|since he can set up on things a lot easier than luke
|
|move|p2a: Toxicroak|Gunk Shot|p1a: Machamp
|-damage|p1a: Machamp|0 fnt
|-damage|p2a: Toxicroak|142\/328|[from] item: Life Orb
|faint|p1a: Machamp
|
|c|âLucipurrr|yeah
|-message|Lucipurrr forfeited.
|
|win|aqbf
|c|âaqbf|gg
|leave|Lucipurrr
|player|p1
|leave|aqbf
|player|p2
|join|aqbf