|join|hozm
|join|aqbf
|player|p1|hozm|265
|player|p2|aqbf|4
|gametype|singles
|gen|6
|tier|UU
|rated
|rule|Sleep Clause Mod: Limit one foe put to sleep
|rule|Species Clause: Limit one of each PokÃ©mon
|rule|OHKO Clause: OHKO moves are banned
|rule|Moody Clause: Moody is banned
|rule|Evasion Moves Clause: Evasion moves are banned
|rule|Endless Battle Clause: Forcing endless battles is banned
|rule|HP Percentage Mod: HP is shown in percentages
|clearpoke
|poke|p1|Lucario, M
|poke|p1|Forretress, M
|poke|p1|Hydreigon, F
|poke|p1|Golbat, M
|poke|p1|Infernape, M
|poke|p1|Diancie
|poke|p2|Toxicroak, F
|poke|p2|Chandelure, F
|poke|p2|Aerodactyl, M, shiny
|poke|p2|Krookodile, F
|poke|p2|Swampert, M
|poke|p2|Whimsicott, M
|rule|Swagger Clause: Swagger is banned
|rule|Baton Pass Clause: Limit one PokÃ©mon knowing Baton Pass
|teampreview
|
|start
|switch|p1a: Diancie|Diancie|241\/241
|switch|p2a: Phantoon|Chandelure, F|289\/289
|turn|1
|
|switch|p2a: Kraid|Swampert, M|404\/404
|detailschange|p1a: Diancie|Diancie-Mega
|-mega|p1a: Diancie|Diancie|Diancite
|move|p1a: Diancie|Diamond Storm|p2a: Kraid
|-crit|p2a: Kraid
|-resisted|p2a: Kraid
|-damage|p2a: Kraid|298\/404
|
|-heal|p2a: Kraid|323\/404|[from] item: Leftovers
|turn|2
|c|âaqbf|oh shit
|c|âaqbf|this thing is legal?
|
|move|p1a: Diancie|Protect|p1a: Diancie
|-singleturn|p1a: Diancie|Protect
|move|p2a: Kraid|Scald|p1a: Diancie
|-activate|p1a: Diancie|Protect
|
|-heal|p2a: Kraid|348\/404|[from] item: Leftovers
|turn|3
|c|âhozm|testing now xD
|c|âaqbf|I thought the suspect would be later
|c|âaqbf|since it's basically the same meta
|
|switch|p1a: Forretress|Forretress, M|353\/353
|move|p2a: Kraid|Earthquake|p1a: Forretress
|-damage|p1a: Forretress|275\/353
|
|-heal|p2a: Kraid|373\/404|[from] item: Leftovers
|-heal|p1a: Forretress|297\/353|[from] item: Leftovers
|turn|4
|c|âhozm|nah it has been ongoing for quite a while nt sure tho
|
|move|p2a: Kraid|Stealth Rock|p1a: Forretress
|-sidestart|p1: hozm|move: Stealth Rock
|move|p1a: Forretress|Toxic|p2a: Kraid
|-status|p2a: Kraid|tox
|
|-heal|p2a: Kraid|398\/404 tox|[from] item: Leftovers
|-heal|p1a: Forretress|319\/353|[from] item: Leftovers
|-damage|p2a: Kraid|373\/404 tox|[from] psn
|turn|5
|
|switch|p2a: Phantoon|Chandelure, F|289\/289
|move|p1a: Forretress|Stealth Rock|p2a: Phantoon
|-sidestart|p2: aqbf|move: Stealth Rock
|
|-heal|p1a: Forretress|341\/353|[from] item: Leftovers
|turn|6
|
|switch|p1a: Golbat|Golbat, M|353\/353
|-damage|p1a: Golbat|265\/353|[from] Stealth Rock
|move|p2a: Phantoon|Flamethrower|p1a: Golbat
|-damage|p1a: Golbat|166\/353
|
|turn|7
|
|move|p2a: Phantoon|Calm Mind|p2a: Phantoon
|-boost|p2a: Phantoon|spa|1
|-boost|p2a: Phantoon|spd|1
|move|p1a: Golbat|Roost|p1a: Golbat
|-heal|p1a: Golbat|343\/353
|
|turn|8
|
|move|p2a: Phantoon|Flamethrower|p1a: Golbat
|-damage|p1a: Golbat|201\/353
|move|p1a: Golbat|Toxic|p2a: Phantoon
|-status|p2a: Phantoon|tox
|
|-damage|p2a: Phantoon|271\/289 tox|[from] psn
|turn|9
|
|move|p2a: Phantoon|Calm Mind|p2a: Phantoon
|-boost|p2a: Phantoon|spa|1
|-boost|p2a: Phantoon|spd|1
|move|p1a: Golbat|Roost|p1a: Golbat
|-heal|p1a: Golbat|353\/353
|
|-heal|p2a: Phantoon|289\/289 tox|[from] item: Leftovers
|-damage|p2a: Phantoon|253\/289 tox|[from] psn
|turn|10
|
|move|p2a: Phantoon|Flamethrower|p1a: Golbat
|-damage|p1a: Golbat|160\/353
|move|p1a: Golbat|Taunt|p2a: Phantoon
|-start|p2a: Phantoon|move: Taunt
|
|-heal|p2a: Phantoon|271\/289 tox|[from] item: Leftovers
|-damage|p2a: Phantoon|217\/289 tox|[from] psn
|turn|11
|
|move|p1a: Golbat|Protect|p1a: Golbat
|-singleturn|p1a: Golbat|Protect
|move|p2a: Phantoon|Flamethrower|p1a: Golbat
|-activate|p1a: Golbat|Protect
|
|-heal|p2a: Phantoon|235\/289 tox|[from] item: Leftovers
|-damage|p2a: Phantoon|163\/289 tox|[from] psn
|turn|12
|
|switch|p1a: Forretress|Forretress, M|341\/353
|-damage|p1a: Forretress|297\/353|[from] Stealth Rock
|move|p2a: Phantoon|Shadow Ball|p1a: Forretress
|-damage|p1a: Forretress|0 fnt
|faint|p1a: Forretress
|
|-heal|p2a: Phantoon|181\/289 tox|[from] item: Leftovers
|-damage|p2a: Phantoon|91\/289 tox|[from] psn
|
|switch|p1a: Diancie|Diancie-Mega|241\/241
|-damage|p1a: Diancie|211\/241|[from] Stealth Rock
|turn|13
|
|move|p1a: Diancie|Earth Power|p2a: Phantoon
|-supereffective|p2a: Phantoon
|-damage|p2a: Phantoon|0 fnt
|faint|p2a: Phantoon
|
|
|switch|p2a: Ridley|Aerodactyl, M, shiny|331\/331
|-damage|p2a: Ridley|249\/331|[from] Stealth Rock
|-ability|p2a: Ridley|Pressure
|turn|14
|
|detailschange|p2a: Ridley|Aerodactyl-Mega, M, shiny
|-mega|p2a: Ridley|Aerodactyl|Aerodactylite
|move|p2a: Ridley|Aqua Tail|p1a: Diancie
|-supereffective|p1a: Diancie
|-damage|p1a: Diancie|0 fnt
|faint|p1a: Diancie
|
|
|switch|p1a: Infernape|Infernape, M|293\/293
|-damage|p1a: Infernape|257\/293|[from] Stealth Rock
|turn|15
|
|switch|p2a: Kraid|Swampert, M|373\/404 tox
|-damage|p2a: Kraid|348\/404 tox|[from] Stealth Rock
|move|p1a: Infernape|Close Combat|p2a: Kraid
|-damage|p2a: Kraid|194\/404 tox
|-unboost|p1a: Infernape|def|1
|-unboost|p1a: Infernape|spd|1
|
|-heal|p2a: Kraid|219\/404 tox|[from] item: Leftovers
|-damage|p2a: Kraid|194\/404 tox|[from] psn
|turn|16
|
|switch|p1a: Hydreigon|Hydreigon, F|388\/388
|-damage|p1a: Hydreigon|340\/388|[from] Stealth Rock
|move|p2a: Kraid|Scald|p1a: Hydreigon
|-resisted|p1a: Hydreigon
|-damage|p1a: Hydreigon|292\/388
|
|-heal|p2a: Kraid|219\/404 tox|[from] item: Leftovers
|-damage|p2a: Kraid|169\/404 tox|[from] psn
|turn|17
|
|move|p1a: Hydreigon|Fire Blast|p2a: Kraid
|-crit|p2a: Kraid
|-resisted|p2a: Kraid
|-damage|p2a: Kraid|21\/404 tox
|-damage|p1a: Hydreigon|254\/388|[from] item: Life Orb
|move|p2a: Kraid|Roar|p1a: Hydreigon
|drag|p1a: Golbat|Golbat, M|160\/353
|-damage|p1a: Golbat|72\/353|[from] Stealth Rock
|
|-heal|p2a: Kraid|46\/404 tox|[from] item: Leftovers
|-damage|p2a: Kraid|0 fnt|[from] psn
|faint|p2a: Kraid
|
|switch|p2a: Ridley|Aerodactyl-Mega, M, shiny|249\/331
|-damage|p2a: Ridley|167\/331|[from] Stealth Rock
|turn|18
|
|move|p2a: Ridley|Aerial Ace|p1a: Golbat
|-damage|p1a: Golbat|0 fnt
|faint|p1a: Golbat
|
|
|switch|p1a: Lucario|Lucario, M|281\/281
|-damage|p1a: Lucario|273\/281|[from] Stealth Rock
|turn|19
|
|switch|p2a: Crocomire|Krookodile, F|332\/332
|-damage|p2a: Crocomire|312\/332|[from] Stealth Rock
|move|p1a: Lucario|Bullet Punch|p2a: Crocomire
|-damage|p2a: Crocomire|202\/332
|-damage|p1a: Lucario|245\/281|[from] item: Life Orb
|
|turn|20
|
|switch|p1a: Hydreigon|Hydreigon, F|254\/388
|-damage|p1a: Hydreigon|206\/388|[from] Stealth Rock
|move|p2a: Crocomire|Superpower|p1a: Hydreigon
|-supereffective|p1a: Hydreigon
|-damage|p1a: Hydreigon|0 fnt
|-unboost|p2a: Crocomire|atk|1
|-unboost|p2a: Crocomire|def|1
|faint|p1a: Hydreigon
|-boost|p2a: Crocomire|atk|1|[from] ability: Moxie
|
|
|switch|p1a: Infernape|Infernape, M|257\/293
|-damage|p1a: Infernape|221\/293|[from] Stealth Rock
|turn|21
|
|move|p1a: Infernape|Flare Blitz|p2a: Crocomire
|-damage|p2a: Crocomire|0 fnt
|-damage|p1a: Infernape|154\/293|[from] recoil|[of] p2a: Crocomire
|faint|p2a: Crocomire
|
|
|switch|p2a: Whimsicott|Whimsicott, M|261\/261
|-damage|p2a: Whimsicott|229\/261|[from] Stealth Rock
|turn|22
|
|move|p2a: Whimsicott|Tailwind|p2a: Whimsicott
|-sidestart|p2: aqbf|move: Tailwind
|move|p1a: Infernape|Flare Blitz|p2a: Whimsicott
|-supereffective|p2a: Whimsicott
|-damage|p2a: Whimsicott|0 fnt
|-damage|p1a: Infernape|78\/293|[from] recoil|[of] p2a: Whimsicott
|faint|p2a: Whimsicott
|
|
|switch|p2a: Ridley|Aerodactyl-Mega, M, shiny|167\/331
|-damage|p2a: Ridley|85\/331|[from] Stealth Rock
|turn|23
|
|move|p2a: Ridley|Aerial Ace|p1a: Infernape
|-supereffective|p1a: Infernape
|-damage|p1a: Infernape|0 fnt
|faint|p1a: Infernape
|
|
|switch|p1a: Lucario|Lucario, M|245\/281
|-damage|p1a: Lucario|237\/281|[from] Stealth Rock
|turn|24
|
|move|p1a: Lucario|Bullet Punch|p2a: Ridley
|-supereffective|p2a: Ridley
|-damage|p2a: Ridley|0 fnt
|-damage|p1a: Lucario|209\/281|[from] item: Life Orb
|faint|p2a: Ridley
|
|
|switch|p2a: Toxicroak|Toxicroak, F|328\/328
|-damage|p2a: Toxicroak|308\/328|[from] Stealth Rock
|turn|25
|
|move|p1a: Lucario|Extreme Speed|p2a: Toxicroak
|-damage|p2a: Toxicroak|143\/328
|-damage|p1a: Lucario|181\/281|[from] item: Life Orb
|move|p2a: Toxicroak|Drain Punch|p1a: Lucario
|-supereffective|p1a: Lucario
|-damage|p1a: Lucario|0 fnt
|-heal|p2a: Toxicroak|234\/328|[from] drain|[of] p1a: Lucario
|-damage|p2a: Toxicroak|202\/328|[from] item: Life Orb
|faint|p1a: Lucario
|
|win|aqbf
|raw|Ladder updating...
|raw|hozm's rating: 1529 &rarr; <strong>1502<\/strong><br \/>(-27 for losing)
|raw|aqbf's rating: 1397 &rarr; <strong>1424<\/strong><br \/>(+27 for winning)
|c|âaqbf|gg
|c|âhozm|gg
|leave|hozm
|player|p1