|join|aqbf
|join|LiberalLucario
|player|p1|aqbf|4
|player|p2|LiberalLucario|130
|gametype|singles
|gen|6
|tier|UU
|rated
|rule|Sleep Clause Mod: Limit one foe put to sleep
|rule|Species Clause: Limit one of each PokÃ©mon
|rule|OHKO Clause: OHKO moves are banned
|rule|Moody Clause: Moody is banned
|rule|Evasion Moves Clause: Evasion moves are banned
|rule|Endless Battle Clause: Forcing endless battles is banned
|rule|HP Percentage Mod: HP is shown in percentages
|clearpoke
|poke|p1|Toxicroak, F
|poke|p1|Chandelure, F
|poke|p1|Aerodactyl, M, shiny
|poke|p1|Krookodile, M
|poke|p1|Swampert, M
|poke|p1|Whimsicott, M
|poke|p2|Qwilfish, M
|poke|p2|Cobalion
|poke|p2|Sharpedo, M
|poke|p2|Hydreigon, F
|poke|p2|Celebi
|poke|p2|Rotom-Heat
|rule|Swagger Clause: Swagger is banned
|rule|Baton Pass Clause: Limit one PokÃ©mon knowing Baton Pass
|teampreview
|c|âaqbf|gl hf
|c|âLiberalLucario|u2
|c|âaqbf|your team is pretty scary as always :)
|
|start
|switch|p1a: Crocomire|Krookodile, M|332\/332
|switch|p2a: Celebi|Celebi|341\/341
|turn|1
|c|âLiberalLucario|ah fk
|c|âLiberalLucario|this has to be scarfed doesnt it
|c|âaqbf|yup
|
|switch|p1a: Ridley|Aerodactyl, M, shiny|331\/331
|-ability|p1a: Ridley|Pressure
|move|p2a: Celebi|Giga Drain|p1a: Ridley
|-damage|p1a: Ridley|159\/331
|-damage|p2a: Celebi|307\/341|[from] item: Life Orb
|
|turn|2
|c|âLiberalLucario|oml ouch
|c|âaqbf|oh
|c|âaqbf|I thought you were weakness policy
|c|âLiberalLucario|nah mang
|c|âaqbf|ah
|c|âLiberalLucario|weakness policy is for weak people
|
|switch|p2a: Cobalion|Cobalion|386\/386
|detailschange|p1a: Ridley|Aerodactyl-Mega, M, shiny
|-mega|p1a: Ridley|Aerodactyl|Aerodactylite
|move|p1a: Ridley|Aerial Ace|p2a: Cobalion
|-damage|p2a: Cobalion|272\/386
|
|-heal|p2a: Cobalion|296\/386|[from] item: Leftovers
|turn|3
|c|âLiberalLucario|like xShiba
|c|âaqbf|kay
|
|switch|p1a: Kraid|Swampert, M|404\/404
|move|p2a: Cobalion|Stealth Rock|p1a: Kraid
|-sidestart|p1: aqbf|move: Stealth Rock
|
|-heal|p2a: Cobalion|320\/386|[from] item: Leftovers
|turn|4
|c|âaqbf|Celebi's a great grass type
|c|âLiberalLucario|yh
|
|switch|p2a: Celebi|Celebi|307\/341
|move|p1a: Kraid|Stealth Rock|p2a: Celebi
|-sidestart|p2: LiberalLucario|move: Stealth Rock
|
|turn|5
|
|switch|p1a: Whimsicott|Whimsicott, M|261\/261
|-damage|p1a: Whimsicott|229\/261|[from] Stealth Rock
|move|p2a: Celebi|Giga Drain|p1a: Whimsicott
|-resisted|p1a: Whimsicott
|-damage|p1a: Whimsicott|130\/261
|-heal|p2a: Celebi|341\/341|[from] drain|[of] p1a: Whimsicott
|-damage|p2a: Celebi|307\/341|[from] item: Life Orb
|
|turn|6
|c|âLiberalLucario|oof
|c|âaqbf|yeah this is weak af
|
|switch|p2a: Rotom-Heat|Rotom-Heat|241\/241
|-damage|p2a: Rotom-Heat|181\/241|[from] Stealth Rock
|move|p1a: Whimsicott|U-turn|p2a: Rotom-Heat
|-resisted|p2a: Rotom-Heat
|-damage|p2a: Rotom-Heat|155\/241
|-damage|p1a: Whimsicott|104\/261|[from] item: Life Orb
|
|switch|p1a: Kraid|Swampert, M|404\/404
|-damage|p1a: Kraid|379\/404|[from] Stealth Rock
|
|-heal|p1a: Kraid|404\/404|[from] item: Leftovers
|turn|7
|c|âaqbf|hp grass if real
|
|move|p2a: Rotom-Heat|Trick|p1a: Kraid
|-activate|p2a: Rotom-Heat|move: Trick|[of] p1a: Kraid
|-item|p1a: Kraid|Choice Specs|[from] move: Trick
|-item|p2a: Rotom-Heat|Leftovers|[from] move: Trick
|move|p1a: Kraid|Roar|p2a: Rotom-Heat
|drag|p2a: Sharpedo|Sharpedo, M|281\/281
|-damage|p2a: Sharpedo|246\/281|[from] Stealth Rock
|
|turn|8
|c|âLiberalLucario|kk
|c|âLiberalLucario|ah
|c|âLiberalLucario|i see
|c|âaqbf|oh yeah that's a thing
|c|âaqbf|I forgot XD
|
|switch|p2a: Hydreigon|Hydreigon, F|325\/325
|-damage|p2a: Hydreigon|285\/325|[from] Stealth Rock
|move|p1a: Kraid|Roar|p2a: Hydreigon
|drag|p2a: Sharpedo|Sharpedo, M|246\/281
|-damage|p2a: Sharpedo|211\/281|[from] Stealth Rock
|
|turn|9
|c|âLiberalLucario|can u
|c|âLiberalLucario|not
|c|âLiberalLucario|kthxby
|c|âaqbf|kay
|
|move|p2a: Sharpedo|Crunch|p1a: Kraid
|-damage|p1a: Kraid|287\/404
|move|p1a: Kraid|Roar|p2a: Sharpedo
|drag|p2a: Celebi|Celebi|307\/341
|-damage|p2a: Celebi|265\/341|[from] Stealth Rock
|
|turn|10
|c|âLiberalLucario|there we go
|
|switch|p1a: Phantoon|Chandelure, F|272\/272
|-damage|p1a: Phantoon|204\/272|[from] Stealth Rock
|move|p2a: Celebi|Giga Drain|p1a: Phantoon
|-resisted|p1a: Phantoon
|-damage|p1a: Phantoon|122\/272
|-heal|p2a: Celebi|306\/341|[from] drain|[of] p1a: Phantoon
|-damage|p2a: Celebi|272\/341|[from] item: Life Orb
|
|-heal|p1a: Phantoon|139\/272|[from] item: Leftovers
|turn|11
|
|switch|p1a: Ridley|Aerodactyl-Mega, M, shiny|159\/331
|-damage|p1a: Ridley|77\/331|[from] Stealth Rock
|move|p2a: Celebi|Psychic|p1a: Ridley
|-damage|p1a: Ridley|0 fnt
|-damage|p2a: Celebi|238\/341|[from] item: Life Orb
|faint|p1a: Ridley
|
|c|âaqbf|oh
|c|âaqbf|yeah
|c|âaqbf|duh
|
|switch|p1a: Whimsicott|Whimsicott, M|104\/261
|-damage|p1a: Whimsicott|72\/261|[from] Stealth Rock
|turn|12
|c|âLiberalLucario|ok
|c|âLiberalLucario|there was going to be no 50\/50s with krook
|c|âLiberalLucario|i guess
|
|switch|p2a: Rotom-Heat|Rotom-Heat|155\/241
|-damage|p2a: Rotom-Heat|95\/241|[from] Stealth Rock
|move|p1a: Whimsicott|Moonblast|p2a: Rotom-Heat
|-resisted|p2a: Rotom-Heat
|-damage|p2a: Rotom-Heat|17\/241
|-damage|p1a: Whimsicott|46\/261|[from] item: Life Orb
|
|-heal|p2a: Rotom-Heat|32\/241|[from] item: Leftovers
|turn|13
|c|âaqbf|Earth power is also semi common
|
|move|p1a: Whimsicott|Moonblast|p2a: Rotom-Heat
|-resisted|p2a: Rotom-Heat
|-damage|p2a: Rotom-Heat|0 fnt
|-damage|p1a: Whimsicott|20\/261|[from] item: Life Orb
|faint|p2a: Rotom-Heat
|
|
|switch|p2a: Hydreigon|Hydreigon, F|285\/325
|-damage|p2a: Hydreigon|245\/325|[from] Stealth Rock
|turn|14
|c|âLiberalLucario|pls dont
|c|âLiberalLucario|stun spore me
|c|âLiberalLucario|kthxbye
|
|move|p1a: Whimsicott|Tailwind|p1a: Whimsicott
|-sidestart|p1: aqbf|move: Tailwind
|move|p2a: Hydreigon|U-turn|p1a: Whimsicott
|-damage|p1a: Whimsicott|0 fnt
|faint|p1a: Whimsicott
|c|âaqbf|kay
|c|âLiberalLucario|oh that works
|c|âLiberalLucario|too
|c|âaqbf|kay
|
|switch|p2a: Cobalion|Cobalion|320\/386
|-damage|p2a: Cobalion|308\/386|[from] Stealth Rock
|
|-heal|p2a: Cobalion|332\/386|[from] item: Leftovers
|
|switch|p1a: Toxicroak|Toxicroak, F|328\/328
|-damage|p1a: Toxicroak|308\/328|[from] Stealth Rock
|turn|15
|c|âaqbf|stun spore might be better
|
|switch|p2a: Qwilfish|Qwilfish, M|334\/334
|-damage|p2a: Qwilfish|293\/334|[from] Stealth Rock
|-ability|p2a: Qwilfish|Intimidate|[of] p1a: Toxicroak
|-unboost|p1a: Toxicroak|atk|1
|move|p1a: Toxicroak|Swords Dance|p1a: Toxicroak
|-boost|p1a: Toxicroak|atk|2
|
|-heal|p2a: Qwilfish|313\/334|[from] item: Black Sludge
|turn|16
|
|move|p1a: Toxicroak|Gunk Shot|p2a: Qwilfish
|-resisted|p2a: Qwilfish
|-damage|p2a: Qwilfish|135\/334
|-damage|p1a: Toxicroak|276\/328|[from] item: Life Orb
|move|p2a: Qwilfish|Taunt|p1a: Toxicroak
|-start|p1a: Toxicroak|move: Taunt
|
|-heal|p2a: Qwilfish|155\/334|[from] item: Black Sludge
|turn|17
|
|move|p1a: Toxicroak|Drain Punch|p2a: Qwilfish
|-resisted|p2a: Qwilfish
|-damage|p2a: Qwilfish|50\/334
|-heal|p1a: Toxicroak|328\/328|[from] drain|[of] p2a: Qwilfish
|-damage|p1a: Toxicroak|296\/328|[from] item: Life Orb
|move|p2a: Qwilfish|Spikes|p1a: Toxicroak
|-sidestart|p1: aqbf|Spikes
|
|-heal|p2a: Qwilfish|70\/334|[from] item: Black Sludge
|-sideend|p1: aqbf|move: Tailwind
|turn|18
|c|âaqbf|oh
|c|âaqbf|kay
|c|âLiberalLucario|k
|
|move|p1a: Toxicroak|Drain Punch|p2a: Qwilfish
|-resisted|p2a: Qwilfish
|-damage|p2a: Qwilfish|0 fnt
|-heal|p1a: Toxicroak|328\/328|[from] drain|[of] p2a: Qwilfish
|-damage|p1a: Toxicroak|296\/328|[from] item: Life Orb
|faint|p2a: Qwilfish
|
|
|switch|p2a: Hydreigon|Hydreigon, F|245\/325
|-damage|p2a: Hydreigon|205\/325|[from] Stealth Rock
|turn|19
|c|âaqbf|I shouldn't play like I'm playing against a low ladder person
|c|âLiberalLucario|you shouldnt
|c|âLiberalLucario|tbh
|
|switch|p1a: Kraid|Swampert, M|287\/404
|-damage|p1a: Kraid|262\/404|[from] Stealth Rock
|-damage|p1a: Kraid|212\/404|[from] Spikes
|move|p2a: Hydreigon|Draco Meteor|p1a: Kraid
|-damage|p1a: Kraid|0 fnt
|-unboost|p2a: Hydreigon|spa|2
|faint|p1a: Kraid
|
|
|switch|p1a: Toxicroak|Toxicroak, F|296\/328
|-damage|p1a: Toxicroak|255\/328|[from] Spikes
|-damage|p1a: Toxicroak|235\/328|[from] Stealth Rock
|turn|20
|
|switch|p2a: Cobalion|Cobalion|332\/386
|-damage|p2a: Cobalion|320\/386|[from] Stealth Rock
|move|p1a: Toxicroak|Drain Punch|p2a: Cobalion
|-supereffective|p2a: Cobalion
|-damage|p2a: Cobalion|63\/386
|-heal|p1a: Toxicroak|328\/328|[from] drain|[of] p2a: Cobalion
|-damage|p1a: Toxicroak|296\/328|[from] item: Life Orb
|
|-heal|p2a: Cobalion|87\/386|[from] item: Leftovers
|turn|21
|
|switch|p1a: Crocomire|Krookodile, M|332\/332
|-damage|p1a: Crocomire|312\/332|[from] Stealth Rock
|-damage|p1a: Crocomire|271\/332|[from] Spikes
|move|p2a: Cobalion|Iron Head|p1a: Crocomire
|-damage|p1a: Crocomire|169\/332
|
|-heal|p2a: Cobalion|111\/386|[from] item: Leftovers
|turn|22
|
|move|p1a: Crocomire|Knock Off|p2a: Cobalion
|-resisted|p2a: Cobalion
|-damage|p2a: Cobalion|46\/386
|-boost|p2a: Cobalion|atk|1|[from] ability: Justified
|-enditem|p2a: Cobalion|Leftovers|[from] move: Knock Off|[of] p1a: Crocomire
|move|p2a: Cobalion|Close Combat|p1a: Crocomire
|-supereffective|p1a: Crocomire
|-damage|p1a: Crocomire|0 fnt
|-unboost|p2a: Cobalion|def|1
|-unboost|p2a: Cobalion|spd|1
|faint|p1a: Crocomire
|
|c|âaqbf|misclicked
|c|âaqbf|eww
|c|âaqbf|that's actually terrible
|c|âLiberalLucario|i mean
|c|âaqbf|no superpower for me
|c|âLiberalLucario|if you eq i go to hydrei
|c|âLiberalLucario|and get a kill
|c|âaqbf|yeah
|c|âLiberalLucario|then you switch to toxicroak
|c|âaqbf|and sd
|c|âLiberalLucario|i sack something else
|c|âLiberalLucario|etc
|c|âLiberalLucario|i mean
|c|âaqbf|yeah
|c|âLiberalLucario|+2 sucker still doesnt kill hydrei
|c|âLiberalLucario|i can go to celebi and force you to kill me
|c|âaqbf|idk
|c|âLiberalLucario|and then rk with hydrei
|c|âLiberalLucario|so i doubt it mattered
|c|âaqbf|yeah
|c|âaqbf|you're right
|c|âaqbf|gg
|c|âLiberalLucario|GG
|-message|aqbf forfeited.
|
|win|LiberalLucario
|raw|Ladder updating...
|raw|aqbf's rating: 1509 &rarr; <strong>1495<\/strong><br \/>(-14 for losing)
|raw|LiberalLucario's rating: 1624 &rarr; <strong>1638<\/strong><br \/>(+14 for winning)
|c|âaqbf|I should analyze to see the turn I lost
|c|âLiberalLucario|letting me get
|c|âLiberalLucario|whimsi weak
|c|âLiberalLucario|was probably a misplay
|c|âLiberalLucario|because its the only switchin for draco for you
|c|âLiberalLucario|everything else just dies
|c|âaqbf|yeah
|c|âLiberalLucario|gg tho
|leave|LiberalLucario