|join|lapraz
|join|aqbf
|player|p1|lapraz|157
|player|p2|aqbf|4
|gametype|singles
|gen|6
|tier|UU
|rated
|rule|Sleep Clause Mod: Limit one foe put to sleep
|rule|Species Clause: Limit one of each PokÃ©mon
|rule|OHKO Clause: OHKO moves are banned
|rule|Moody Clause: Moody is banned
|rule|Evasion Moves Clause: Evasion moves are banned
|rule|Endless Battle Clause: Forcing endless battles is banned
|rule|HP Percentage Mod: HP is shown in percentages
|clearpoke
|poke|p1|Weezing, F
|poke|p1|Forretress, F
|poke|p1|Suicune
|poke|p1|Celebi
|poke|p1|Blissey, F
|poke|p1|Spiritomb, M
|poke|p2|Toxicroak, M
|poke|p2|Chandelure, M
|poke|p2|Aerodactyl, F, shiny
|poke|p2|Krookodile, F
|poke|p2|Swampert, F
|poke|p2|Whimsicott, M
|rule|Swagger Clause: Swagger is banned
|rule|Baton Pass Clause: Limit one PokÃ©mon knowing Baton Pass
|teampreview
|c|âaqbf|darn I don't think I can win this one ^_^
|c|âlapraz|you might
|c|âlapraz|idk
|
|start
|switch|p1a: Body and Soul|Forretress, F|354\/354
|switch|p2a: Phantoon|Chandelure, M|272\/272
|turn|1
|
|switch|p1a: Blue in Green|Suicune|404\/404
|-ability|p1a: Blue in Green|Pressure
|move|p2a: Phantoon|Substitute|p2a: Phantoon
|-start|p2a: Phantoon|Substitute
|-damage|p2a: Phantoon|204\/272
|
|-heal|p2a: Phantoon|221\/272|[from] item: Leftovers
|turn|2
|
|move|p2a: Phantoon|Shadow Ball|p1a: Blue in Green
|-damage|p1a: Blue in Green|256\/404
|move|p1a: Blue in Green|Roar|p2a: Phantoon
|drag|p2a: Kraid|Swampert, F|404\/404
|
|-heal|p1a: Blue in Green|281\/404|[from] item: Leftovers
|turn|3
|c|âaqbf|interesting
|c|âaqbf|I thought that was crocune
|
|switch|p1a: Lush Life|Celebi|403\/403
|move|p2a: Kraid|Stealth Rock|p1a: Lush Life
|-sidestart|p1: lapraz|move: Stealth Rock
|
|turn|4
|c|âlapraz|so does everyone else
|
|move|p1a: Lush Life|Stealth Rock|p2a: Kraid
|-sidestart|p2: aqbf|move: Stealth Rock
|move|p2a: Kraid|Roar|p1a: Lush Life
|drag|p1a: Bitches Brew|Spiritomb, M|304\/304
|-damage|p1a: Bitches Brew|266\/304|[from] Stealth Rock
|
|-heal|p1a: Bitches Brew|285\/304|[from] item: Leftovers
|turn|5
|
|switch|p2a: Whimsicott|Whimsicott, M|261\/261
|-damage|p2a: Whimsicott|229\/261|[from] Stealth Rock
|move|p1a: Bitches Brew|Will-O-Wisp|p2a: Whimsicott
|-status|p2a: Whimsicott|brn
|
|-heal|p1a: Bitches Brew|304\/304|[from] item: Leftovers
|-damage|p2a: Whimsicott|197\/261 brn|[from] brn
|turn|6
|
|switch|p1a: Body and Soul|Forretress, F|354\/354
|-damage|p1a: Body and Soul|310\/354|[from] Stealth Rock
|move|p2a: Whimsicott|U-turn|p1a: Body and Soul
|-resisted|p1a: Body and Soul
|-damage|p1a: Body and Soul|302\/354
|-damage|p2a: Whimsicott|171\/261 brn|[from] item: Life Orb
|c|âaqbf|first time I'm glad cancel failed
|
|switch|p2a: Phantoon|Chandelure, M|221\/272
|-damage|p2a: Phantoon|153\/272|[from] Stealth Rock
|
|-heal|p2a: Phantoon|170\/272|[from] item: Leftovers
|-heal|p1a: Body and Soul|324\/354|[from] item: Leftovers
|turn|7
|
|switch|p1a: Bitches Brew|Spiritomb, M|304\/304
|-damage|p1a: Bitches Brew|266\/304|[from] Stealth Rock
|move|p2a: Phantoon|Substitute|p2a: Phantoon
|-start|p2a: Phantoon|Substitute
|-damage|p2a: Phantoon|102\/272
|
|-heal|p2a: Phantoon|119\/272|[from] item: Leftovers
|-heal|p1a: Bitches Brew|285\/304|[from] item: Leftovers
|turn|8
|c|âaqbf|why don't you switch in blissey?
|
|move|p2a: Phantoon|Flamethrower|p1a: Bitches Brew
|-damage|p1a: Bitches Brew|168\/304
|move|p1a: Bitches Brew|Foul Play|p2a: Phantoon
|-supereffective|p2a: Phantoon
|-damage|p2a: Phantoon|3\/272
|
|-heal|p2a: Phantoon|20\/272|[from] item: Leftovers
|-heal|p1a: Bitches Brew|187\/304|[from] item: Leftovers
|turn|9
|c|âaqbf|what
|c|âlapraz|because bliss can't touch you
|c|âlapraz|and this
|c|âlapraz|lol
|c|âaqbf|I don't even
|c|âaqbf|I have lost my ability to even
|c|âaqbf|maybe I should try to odd
|
|switch|p2a: Ridley|Aerodactyl, F, shiny|331\/331
|-damage|p2a: Ridley|249\/331|[from] Stealth Rock
|-ability|p2a: Ridley|Pressure
|move|p1a: Bitches Brew|Foul Play|p2a: Ridley
|-crit|p2a: Ridley
|-damage|p2a: Ridley|0 fnt
|faint|p2a: Ridley
|
|-heal|p1a: Bitches Brew|206\/304|[from] item: Leftovers
|c|âaqbf|oh damn
|c|âlapraz|unlucky
|c|âaqbf|gg
|c|âlapraz|gg
|c|âaqbf|I can't win now
|c|âaqbf|since sub cm chandy was my win confidition
|c|âlapraz|yeah
|c|âaqbf|I can hope for you to mess up though
|c|âlapraz|lol you can try
|
|switch|p2a: Kraid|Swampert, F|404\/404
|-damage|p2a: Kraid|379\/404|[from] Stealth Rock
|turn|10
|c|âaqbf|in retrospect
|c|âaqbf|I should have made the safer play
|
|move|p2a: Kraid|Scald|p1a: Bitches Brew
|-damage|p1a: Bitches Brew|148\/304
|move|p1a: Bitches Brew|Will-O-Wisp|p2a: Kraid|[miss]
|-miss|p1a: Bitches Brew|p2a: Kraid
|
|-heal|p2a: Kraid|404\/404|[from] item: Leftovers
|-heal|p1a: Bitches Brew|167\/304|[from] item: Leftovers
|turn|11
|c|âaqbf|which was to go out into whimsicott
|c|âaqbf|but I wanted to remove hazards
|c|âlapraz|that move
|c|âlapraz|never hits
|
|move|p2a: Kraid|Earthquake|p1a: Bitches Brew
|-crit|p1a: Bitches Brew
|-damage|p1a: Bitches Brew|0 fnt
|faint|p1a: Bitches Brew
|
|c|âaqbf|hmm
|c|âaqbf|maybe
|c|âaqbf|just maybe
|c|âaqbf|there might be a light
|
|switch|p1a: Lush Life|Celebi|403\/403
|-damage|p1a: Lush Life|353\/403|[from] Stealth Rock
|turn|12
|
|switch|p2a: Phantoon|Chandelure, M|20\/272
|-damage|p2a: Phantoon|0 fnt|[from] Stealth Rock
|faint|p2a: Phantoon
|move|p1a: Lush Life|Giga Drain|p2: Phantoon|[notarget]
|-notarget
|
|-heal|p1a: Lush Life|378\/403|[from] item: Leftovers
|
|switch|p2a: Whimsicott|Whimsicott, M|171\/261 brn
|-damage|p2a: Whimsicott|139\/261 brn|[from] Stealth Rock
|turn|13
|
|move|p2a: Whimsicott|U-turn|p1a: Lush Life
|-supereffective|p1a: Lush Life
|-damage|p1a: Lush Life|274\/403
|-damage|p2a: Whimsicott|113\/261 brn|[from] item: Life Orb
|c|âaqbf|oh
|c|âaqbf|yeah
|c|âaqbf|derp
|c|âlapraz|lol
|
|switch|p2a: Crocomire|Krookodile, F|332\/332
|-damage|p2a: Crocomire|312\/332|[from] Stealth Rock
|move|p1a: Lush Life|Recover|p1a: Lush Life
|-heal|p1a: Lush Life|403\/403
|
|turn|14
|c|âaqbf|I forgot I was burned
|c|âaqbf|since that affects 1 move
|
|switch|p1a: Nardis|Weezing, F|333\/333
|-damage|p1a: Nardis|292\/333|[from] Stealth Rock
|move|p2a: Crocomire|Knock Off|p1a: Nardis
|-damage|p1a: Nardis|199\/333
|-enditem|p1a: Nardis|Black Sludge|[from] move: Knock Off|[of] p2a: Crocomire
|
|turn|15
|
|switch|p2a: Whimsicott|Whimsicott, M|113\/261 brn
|-damage|p2a: Whimsicott|81\/261 brn|[from] Stealth Rock
|move|p1a: Nardis|Will-O-Wisp|p2a: Whimsicott
|-fail|p2a: Whimsicott|brn
|
|-damage|p2a: Whimsicott|49\/261 brn|[from] brn
|turn|16
|
|switch|p1a: Body and Soul|Forretress, F|324\/354
|-damage|p1a: Body and Soul|280\/354|[from] Stealth Rock
|move|p2a: Whimsicott|Moonblast|p1a: Body and Soul
|-resisted|p1a: Body and Soul
|-damage|p1a: Body and Soul|160\/354
|-unboost|p1a: Body and Soul|spa|1
|-damage|p2a: Whimsicott|23\/261 brn|[from] item: Life Orb
|
|-heal|p1a: Body and Soul|182\/354|[from] item: Leftovers
|-damage|p2a: Whimsicott|0 fnt|[from] brn
|faint|p2a: Whimsicott
|
|switch|p2a: Toxicroak|Toxicroak, M|328\/328
|-damage|p2a: Toxicroak|308\/328|[from] Stealth Rock
|turn|17
|
|switch|p1a: Nardis|Weezing, F|199\/333
|-damage|p1a: Nardis|158\/333|[from] Stealth Rock
|move|p2a: Toxicroak|Swords Dance|p2a: Toxicroak
|-boost|p2a: Toxicroak|atk|2
|
|turn|18
|c|âaqbf|let's hope for a miss here
|c|âlapraz|it'll miss
|c|âlapraz|dw
|c|âaqbf|well
|
|move|p2a: Toxicroak|Gunk Shot|p1a: Nardis
|-resisted|p1a: Nardis
|-damage|p1a: Nardis|0 fnt
|-damage|p2a: Toxicroak|276\/328|[from] item: Life Orb
|faint|p1a: Nardis
|
|c|âlapraz|o
|c|âaqbf|it didn't
|c|âaqbf|this is the light at the end of the tunnel the only hope
|
|switch|p1a: Blue in Green|Suicune|281\/404
|-damage|p1a: Blue in Green|231\/404|[from] Stealth Rock
|-ability|p1a: Blue in Green|Pressure
|turn|19
|c|âlapraz|i could beat this
|c|âlapraz|if spiritomb was still alive
|c|âaqbf|you have extrasensory
|c|âlapraz|):
|c|âaqbf|which is why the crit mattere
|
|move|p2a: Toxicroak|Gunk Shot|p1a: Blue in Green|[miss]
|-miss|p2a: Toxicroak|p1a: Blue in Green
|move|p1a: Blue in Green|Roar|p2a: Toxicroak
|drag|p2a: Crocomire|Krookodile, F|312\/332
|-damage|p2a: Crocomire|292\/332|[from] Stealth Rock
|
|-heal|p1a: Blue in Green|256\/404|[from] item: Leftovers
|turn|20
|c|âaqbf|oh you don't
|
|move|p2a: Crocomire|Knock Off|p1a: Blue in Green
|-damage|p1a: Blue in Green|151\/404
|-enditem|p1a: Blue in Green|Leftovers|[from] move: Knock Off|[of] p2a: Crocomire
|move|p1a: Blue in Green|Scald|p2a: Crocomire
|-supereffective|p2a: Crocomire
|-damage|p2a: Crocomire|58\/332
|-status|p2a: Crocomire|brn
|
|-damage|p2a: Crocomire|17\/332 brn|[from] brn
|turn|21
|
|move|p2a: Crocomire|Knock Off|p1a: Blue in Green
|-damage|p1a: Blue in Green|115\/404
|move|p1a: Blue in Green|Rest|p1a: Blue in Green
|-status|p1a: Blue in Green|slp
|-heal|p1a: Blue in Green|404\/404 slp|[silent]
|-status|p1a: Blue in Green|slp|[from] move: Rest
|
|-damage|p2a: Crocomire|0 fnt|[from] brn
|faint|p2a: Crocomire
|
|switch|p2a: Toxicroak|Toxicroak, M|276\/328
|-damage|p2a: Toxicroak|256\/328|[from] Stealth Rock
|turn|22
|c|âaqbf|the fact that you didn't go out into celebi tells me you don't have psychic
|
|move|p2a: Toxicroak|Swords Dance|p2a: Toxicroak
|-boost|p2a: Toxicroak|atk|2
|cant|p1a: Blue in Green|slp
|move|p1a: Blue in Green|Sleep Talk|p1a: Blue in Green
|move|p1a: Blue in Green|Rest|p1a: Blue in Green|[from]Sleep Talk
|-fail|p1a: Blue in Green
|
|turn|23
|c|âlapraz|i would
|
|move|p2a: Toxicroak|Swords Dance|p2a: Toxicroak
|-boost|p2a: Toxicroak|atk|2
|cant|p1a: Blue in Green|slp
|move|p1a: Blue in Green|Sleep Talk|p1a: Blue in Green
|move|p1a: Blue in Green|Scald|p2a: Toxicroak|[from]Sleep Talk
|-heal|p2a: Toxicroak|328\/328|[from] ability: Dry Skin|[of] p1a: Blue in Green
|
|turn|24
|c|âlapraz|but fucking mdiance
|
|move|p2a: Toxicroak|Gunk Shot|p1a: Blue in Green|[miss]
|-miss|p2a: Toxicroak|p1a: Blue in Green
|-curestatus|p1a: Blue in Green|slp
|move|p1a: Blue in Green|Roar|p2a: Toxicroak
|drag|p2a: Kraid|Swampert, F|404\/404
|-damage|p2a: Kraid|379\/404|[from] Stealth Rock
|
|-heal|p2a: Kraid|404\/404|[from] item: Leftovers
|turn|25
|c|âaqbf|goddamn
|
|switch|p1a: Lush Life|Celebi|403\/403
|-damage|p1a: Lush Life|353\/403|[from] Stealth Rock
|move|p2a: Kraid|Earthquake|p1a: Lush Life
|-resisted|p1a: Lush Life
|-damage|p1a: Lush Life|290\/403
|
|-heal|p1a: Lush Life|315\/403|[from] item: Leftovers
|turn|26
|
|move|p1a: Lush Life|Giga Drain|p2a: Kraid
|-supereffective|p2a: Kraid
|-damage|p2a: Kraid|32\/404
|-heal|p1a: Lush Life|403\/403|[from] drain|[of] p2a: Kraid
|move|p2a: Kraid|Roar|p1a: Lush Life
|drag|p1a: Blue in Green|Suicune|404\/404
|-damage|p1a: Blue in Green|354\/404|[from] Stealth Rock
|-ability|p1a: Blue in Green|Pressure
|
|-heal|p2a: Kraid|57\/404|[from] item: Leftovers
|turn|27
|c|âaqbf|wait earth power also kills croak
|c|âaqbf|and mega d
|
|switch|p1a: Body and Soul|Forretress, F|182\/354
|-damage|p1a: Body and Soul|138\/354|[from] Stealth Rock
|switch|p2a: Toxicroak|Toxicroak, M|328\/328
|-damage|p2a: Toxicroak|308\/328|[from] Stealth Rock
|
|-heal|p1a: Body and Soul|160\/354|[from] item: Leftovers
|turn|28
|
|move|p2a: Toxicroak|Swords Dance|p2a: Toxicroak
|-boost|p2a: Toxicroak|atk|2
|move|p1a: Body and Soul|Gyro Ball|p2a: Toxicroak
|-damage|p2a: Toxicroak|179\/328
|
|-heal|p1a: Body and Soul|182\/354|[from] item: Leftovers
|turn|29
|
|move|p2a: Toxicroak|Drain Punch|p1a: Body and Soul
|-damage|p1a: Body and Soul|0 fnt
|-heal|p2a: Toxicroak|270\/328|[from] drain|[of] p1a: Body and Soul
|-damage|p2a: Toxicroak|238\/328|[from] item: Life Orb
|faint|p1a: Body and Soul
|
|c|âaqbf|can you either reveal your win condition or forfeit?
|
|switch|p1a: Blue in Green|Suicune|354\/404
|-damage|p1a: Blue in Green|304\/404|[from] Stealth Rock
|-ability|p1a: Blue in Green|Pressure
|turn|30
|
|move|p2a: Toxicroak|Drain Punch|p1a: Blue in Green
|-damage|p1a: Blue in Green|86\/404
|-heal|p2a: Toxicroak|328\/328|[from] drain|[of] p1a: Blue in Green
|-damage|p2a: Toxicroak|296\/328|[from] item: Life Orb
|move|p1a: Blue in Green|Roar|p2a: Toxicroak
|drag|p2a: Kraid|Swampert, F|57\/404
|-damage|p2a: Kraid|32\/404|[from] Stealth Rock
|
|-heal|p2a: Kraid|57\/404|[from] item: Leftovers
|turn|31
|
|switch|p1a: Lush Life|Celebi|403\/403
|-damage|p1a: Lush Life|353\/403|[from] Stealth Rock
|move|p2a: Kraid|Roar|p1a: Lush Life
|drag|p1a: My Foolish Heart|Blissey, F|657\/657
|-damage|p1a: My Foolish Heart|575\/657|[from] Stealth Rock
|
|-heal|p1a: My Foolish Heart|616\/657|[from] item: Leftovers
|-heal|p2a: Kraid|82\/404|[from] item: Leftovers
|turn|32
|c|âlapraz|you'll see it
|
|switch|p2a: Toxicroak|Toxicroak, M|296\/328
|-damage|p2a: Toxicroak|276\/328|[from] Stealth Rock
|move|p1a: My Foolish Heart|Wish|p1a: My Foolish Heart
|
|-heal|p1a: My Foolish Heart|657\/657|[from] item: Leftovers
|turn|33
|
|switch|p1a: Blue in Green|Suicune|86\/404
|-damage|p1a: Blue in Green|36\/404|[from] Stealth Rock
|-ability|p1a: Blue in Green|Pressure
|move|p2a: Toxicroak|Swords Dance|p2a: Toxicroak
|-boost|p2a: Toxicroak|atk|2
|
|-heal|p1a: Blue in Green|364\/404|[from] move: Wish|[wisher] My Foolish Heart
|turn|34
|
|move|p2a: Toxicroak|Gunk Shot|p1a: Blue in Green
|-damage|p1a: Blue in Green|0 fnt
|-damage|p2a: Toxicroak|244\/328|[from] item: Life Orb
|faint|p1a: Blue in Green
|
|c|âaqbf|If I can fucking connect
|c|âaqbf|good
|
|switch|p1a: Lush Life|Celebi|353\/403
|-damage|p1a: Lush Life|303\/403|[from] Stealth Rock
|turn|35
|
|move|p2a: Toxicroak|Sucker Punch|p1a: Lush Life
|-fail|p1a: Lush Life
|move|p1a: Lush Life|Perish Song|p1a: Lush Life
|-fieldactivate|move: Perish Song
|
|-start|p2a: Toxicroak|perish3
|-start|p1a: Lush Life|perish3
|-heal|p1a: Lush Life|328\/403|[from] item: Leftovers
|turn|36
|
|switch|p1a: My Foolish Heart|Blissey, F|657\/657
|-damage|p1a: My Foolish Heart|575\/657|[from] Stealth Rock
|move|p2a: Toxicroak|Gunk Shot|p1a: My Foolish Heart
|-damage|p1a: My Foolish Heart|0 fnt
|-damage|p2a: Toxicroak|212\/328|[from] item: Life Orb
|faint|p1a: My Foolish Heart
|
|-start|p2a: Toxicroak|perish2
|
|switch|p1a: Lush Life|Celebi|328\/403
|-damage|p1a: Lush Life|278\/403|[from] Stealth Rock
|turn|37
|c|âaqbf|oh shit
|
|switch|p2a: Kraid|Swampert, F|82\/404
|-damage|p2a: Kraid|57\/404|[from] Stealth Rock
|move|p1a: Lush Life|Recover|p1a: Lush Life
|-heal|p1a: Lush Life|403\/403
|
|-heal|p2a: Kraid|82\/404|[from] item: Leftovers
|turn|38
|c|âaqbf|those misses agianst suicune mattered
|
|move|p1a: Lush Life|Giga Drain|p2a: Kraid
|-supereffective|p2a: Kraid
|-damage|p2a: Kraid|0 fnt
|faint|p2a: Kraid
|
|c|âaqbf|or I would have won
|c|âlapraz|just like that crit and miss on spiritomb
|
|switch|p2a: Toxicroak|Toxicroak, M|212\/328
|-damage|p2a: Toxicroak|192\/328|[from] Stealth Rock
|turn|39
|c|âaqbf|or the crit on aero
|c|âlapraz|i'd say we're even now
|c|âaqbf|right before that
|c|âaqbf|since I run hp investment
|c|âlapraz|that didn't matter so much
|c|âaqbf|and I'm jolly not adamant
|
|move|p2a: Toxicroak|Swords Dance|p2a: Toxicroak
|-boost|p2a: Toxicroak|atk|2
|move|p1a: Lush Life|Giga Drain|p2a: Toxicroak
|-resisted|p2a: Toxicroak
|-damage|p2a: Toxicroak|125\/328
|
|turn|40
|c|âlapraz|you win
|
|move|p2a: Toxicroak|Sucker Punch|p1a: Lush Life
|-supereffective|p1a: Lush Life
|-damage|p1a: Lush Life|0 fnt
|-damage|p2a: Toxicroak|93\/328|[from] item: Life Orb
|faint|p1a: Lush Life
|
|win|aqbf
|raw|Ladder updating...
|c|âaqbf|gg
|raw|lapraz's rating: 1710 &rarr; <strong>1680<\/strong><br \/>(-30 for losing)
|raw|aqbf's rating: 1513 &rarr; <strong>1544<\/strong><br \/>(+31 for winning)
|c|âlapraz|gg
|c|âaqbf|you could have won though
|c|âaqbf|with perish song
|c|âlapraz|no
|c|âaqbf|it counts as your win
|c|âlapraz|i would have died too
|c|âaqbf|no wait
|c|âaqbf|yeah
|c|âaqbf|wait no
|c|âaqbf|I outsped
|c|âaqbf|you would have died second
|c|âaqbf|and I was out of gunk shot
|c|âlapraz|k i'm running psychic again
|c|âaqbf|but that's okay
|c|âlapraz|fuck giga drain
|c|âaqbf|or earth power