|join|Last Earth
|join|aqbf
|player|p1|Last Earth|258
|player|p2|aqbf|4
|gametype|singles
|gen|6
|tier|UU
|rated
|rule|Sleep Clause Mod: Limit one foe put to sleep
|rule|Species Clause: Limit one of each PokÃ©mon
|rule|OHKO Clause: OHKO moves are banned
|rule|Moody Clause: Moody is banned
|rule|Evasion Moves Clause: Evasion moves are banned
|rule|Endless Battle Clause: Forcing endless battles is banned
|rule|HP Percentage Mod: HP is shown in percentages
|clearpoke
|poke|p1|Hydreigon, M
|poke|p1|Chesnaught, F
|poke|p1|Jirachi
|poke|p1|Milotic, M
|poke|p1|Diancie
|poke|p1|Raikou
|poke|p2|Vivillon, M
|poke|p2|Toxicroak, M
|poke|p2|Chandelure, F
|poke|p2|Aerodactyl, F, shiny
|poke|p2|Krookodile, M
|poke|p2|Swampert, M
|rule|Swagger Clause: Swagger is banned
|rule|Baton Pass Clause: Limit one PokÃ©mon knowing Baton Pass
|teampreview
|c|âaqbf|oh yeah
|c|âaqbf|diancie has been freed
|
|start
|switch|p1a: Jirachi|Jirachi|341\/341
|switch|p2a: Crocomire|Krookodile, M|332\/332
|turn|1
|
|move|p2a: Crocomire|Knock Off|p1a: Jirachi
|-supereffective|p1a: Jirachi
|-damage|p1a: Jirachi|27\/341
|-enditem|p1a: Jirachi|Leftovers|[from] move: Knock Off|[of] p2a: Crocomire
|move|p1a: Jirachi|Toxic|p2a: Crocomire
|-status|p2a: Crocomire|tox
|
|-damage|p2a: Crocomire|312\/332 tox|[from] psn
|turn|2
|
|switch|p1a: Diancie|Diancie|241\/241
|move|p2a: Crocomire|Knock Off|p1a: Diancie
|-resisted|p1a: Diancie
|-damage|p1a: Diancie|202\/241
|
|-damage|p2a: Crocomire|272\/332 tox|[from] psn
|turn|3
|
|switch|p2a: Phantoon|Chandelure, F|289\/289
|detailschange|p1a: Diancie|Diancie-Mega
|-mega|p1a: Diancie|Diancie|Diancite
|move|p1a: Diancie|Moonblast|p2a: Phantoon
|-resisted|p2a: Phantoon
|-damage|p2a: Phantoon|173\/289
|
|-heal|p2a: Phantoon|191\/289|[from] item: Leftovers
|turn|4
|
|move|p1a: Diancie|Diamond Storm|p2a: Phantoon
|-supereffective|p2a: Phantoon
|-damage|p2a: Phantoon|0 fnt
|-boost|p1a: Diancie|def|1
|faint|p2a: Phantoon
|
|c|âaqbf|oh yeah diamond storm has the annoying seondary effect
|
|switch|p2a: Kraid|Swampert, M|404\/404
|turn|5
|
|move|p1a: Diancie|Moonblast|p2a: Kraid
|-damage|p2a: Kraid|158\/404
|move|p2a: Kraid|Scald|p1a: Diancie
|-supereffective|p1a: Diancie
|-damage|p1a: Diancie|50\/241
|
|-heal|p2a: Kraid|183\/404|[from] item: Leftovers
|turn|6
|
|move|p1a: Diancie|Moonblast|p2a: Kraid
|-damage|p2a: Kraid|0 fnt
|faint|p2a: Kraid
|
|
|switch|p2a: Ridley|Aerodactyl, F, shiny|331\/331
|-ability|p2a: Ridley|Pressure
|turn|7
|c|âaqbf|damn you ps and your whole cancel shenanigans
|
|switch|p1a: Milotic|Milotic, M|393\/393
|detailschange|p2a: Ridley|Aerodactyl-Mega, F, shiny
|-mega|p2a: Ridley|Aerodactyl|Aerodactylite
|move|p2a: Ridley|Aqua Tail|p1a: Milotic
|-resisted|p1a: Milotic
|-damage|p1a: Milotic|325\/393
|
|-heal|p1a: Milotic|349\/393|[from] item: Leftovers
|turn|8
|
|switch|p2a: Toxicroak|Toxicroak, M|334\/334
|move|p1a: Milotic|Coil|p1a: Milotic
|-boost|p1a: Milotic|atk|1
|-boost|p1a: Milotic|def|1
|-boost|p1a: Milotic|accuracy|1
|
|-heal|p1a: Milotic|373\/393|[from] item: Leftovers
|turn|9
|
|move|p2a: Toxicroak|Swords Dance|p2a: Toxicroak
|-boost|p2a: Toxicroak|atk|2
|move|p1a: Milotic|Dragon Tail|p2a: Toxicroak
|-damage|p2a: Toxicroak|270\/334
|drag|p2a: Vivillion|Vivillon, M|301\/301
|
|-heal|p1a: Milotic|393\/393|[from] item: Leftovers
|turn|10
|
|switch|p1a: Diancie|Diancie-Mega|50\/241
|move|p2a: Vivillion|Sleep Powder|p1a: Diancie
|move|p1a: Diancie|Sleep Powder|p2a: Vivillion|[from]Magic Bounce|[miss]
|-miss|p1a: Diancie|p2a: Vivillion
|
|turn|11
|
|move|p1a: Diancie|Moonblast|p2a: Vivillion
|-enditem|p2a: Vivillion|Focus Sash
|-damage|p2a: Vivillion|1\/301
|move|p2a: Vivillion|Quiver Dance|p2a: Vivillion
|-boost|p2a: Vivillion|spa|1
|-boost|p2a: Vivillion|spd|1
|-boost|p2a: Vivillion|spe|1
|
|turn|12
|
|switch|p1a: Hydreigon|Hydreigon, M|325\/325
|move|p2a: Vivillion|Hurricane|p1a: Hydreigon
|-damage|p1a: Hydreigon|40\/325
|
|turn|13
|
|move|p2a: Vivillion|Bug Buzz|p1a: Hydreigon
|-supereffective|p1a: Hydreigon
|-damage|p1a: Hydreigon|0 fnt
|faint|p1a: Hydreigon
|
|c|âaqbf|you have no speed bro
|
|switch|p1a: Raikou|Raikou|321\/321
|-ability|p1a: Raikou|Pressure
|turn|14
|c|âaqbf|that shoulda been scarf timid
|
|move|p2a: Vivillion|Sleep Powder|p1a: Raikou
|-status|p1a: Raikou|slp
|cant|p1a: Raikou|slp
|
|turn|15
|
|switch|p1a: Milotic|Milotic, M|393\/393
|move|p2a: Vivillion|Bug Buzz|p1a: Milotic
|-damage|p1a: Milotic|243\/393
|
|-heal|p1a: Milotic|267\/393|[from] item: Leftovers
|turn|16
|
|move|p2a: Vivillion|Hurricane|p1a: Milotic
|-damage|p1a: Milotic|66\/393
|move|p1a: Milotic|Dragon Tail|p2a: Vivillion
|-damage|p2a: Vivillion|0 fnt
|faint|p2a: Vivillion
|
|-heal|p1a: Milotic|90\/393|[from] item: Leftovers
|
|switch|p2a: Crocomire|Krookodile, M|272\/332 tox
|turn|17
|
|switch|p1a: Chesnaught|Chesnaught, F|380\/380
|move|p2a: Crocomire|Earthquake|p1a: Chesnaught
|-resisted|p1a: Chesnaught
|-damage|p1a: Chesnaught|325\/380
|
|-heal|p1a: Chesnaught|348\/380|[from] item: Leftovers
|-damage|p2a: Crocomire|252\/332 tox|[from] psn
|turn|18
|
|switch|p2a: Toxicroak|Toxicroak, M|270\/334
|move|p1a: Chesnaught|Leech Seed|p2a: Toxicroak
|-start|p2a: Toxicroak|move: Leech Seed
|
|-heal|p1a: Chesnaught|371\/380|[from] item: Leftovers
|-damage|p2a: Toxicroak|229\/334|[from] Leech Seed|[of] p1a: Chesnaught
|-heal|p1a: Chesnaught|380\/380|[silent]
|turn|19
|
|switch|p2a: Ridley|Aerodactyl-Mega, F, shiny|331\/331
|switch|p1a: Diancie|Diancie-Mega|50\/241
|
|turn|20
|
|move|p2a: Ridley|Aqua Tail|p1a: Diancie
|-crit|p1a: Diancie
|-supereffective|p1a: Diancie
|-damage|p1a: Diancie|0 fnt
|faint|p1a: Diancie
|
|
|switch|p1a: Raikou|Raikou|321\/321 slp
|-ability|p1a: Raikou|Pressure
|turn|21
|c|âaqbf|no first turn wake pls
|
|move|p2a: Ridley|Stone Edge|p1a: Raikou
|-damage|p1a: Raikou|108\/321 slp
|cant|p1a: Raikou|slp
|
|-heal|p1a: Raikou|128\/321 slp|[from] item: Leftovers
|turn|22
|
|move|p2a: Ridley|Stone Edge|p1a: Raikou
|-damage|p1a: Raikou|0 fnt
|faint|p1a: Raikou
|
|-message|Last Earth forfeited.
|leave|Last Earth
|
|win|aqbf
|raw|Ladder updating...
|player|p1
|raw|Last Earth's rating: 1414 &rarr; <strong>1395<\/strong><br \/>(-19 for losing)
|raw|aqbf's rating: 1420 &rarr; <strong>1440<\/strong><br \/>(+20 for winning)