|join|ShadowShlong
|join|aqbf
|player|p1|ShadowShlong|59
|player|p2|aqbf|4
|gametype|singles
|gen|6
|tier|UU
|rated
|rule|Sleep Clause Mod: Limit one foe put to sleep
|rule|Species Clause: Limit one of each PokÃ©mon
|rule|OHKO Clause: OHKO moves are banned
|rule|Moody Clause: Moody is banned
|rule|Evasion Moves Clause: Evasion moves are banned
|rule|Endless Battle Clause: Forcing endless battles is banned
|rule|HP Percentage Mod: HP is shown in percentages
|clearpoke
|poke|p1|Pidgeot, M, shiny
|poke|p1|Galvantula, M, shiny
|poke|p1|Chesnaught, F
|poke|p1|Dugtrio, M
|poke|p1|Porygon2
|poke|p1|Tentacruel, F
|poke|p2|Toxicroak, F
|poke|p2|Chandelure, M
|poke|p2|Aerodactyl, F, shiny
|poke|p2|Krookodile, F
|poke|p2|Swampert, M
|poke|p2|Whimsicott, F
|rule|Swagger Clause: Swagger is banned
|rule|Baton Pass Clause: Limit one PokÃ©mon knowing Baton Pass
|teampreview
|
|start
|switch|p1a: Tentative lover|Tentacruel, F|301\/301
|switch|p2a: Whimsicott|Whimsicott, F|261\/261
|turn|1
|
|switch|p2a: Kraid|Swampert, M|404\/404
|move|p1a: Tentative lover|Sludge Wave|p2a: Kraid
|-resisted|p2a: Kraid
|-damage|p2a: Kraid|335\/404
|
|-heal|p2a: Kraid|360\/404|[from] item: Leftovers
|turn|2
|
|move|p1a: Tentative lover|Hydro Pump|p2a: Kraid
|-damage|p2a: Kraid|209\/404
|move|p2a: Kraid|Stealth Rock|p1a: Tentative lover
|-sidestart|p1: ShadowShlong|move: Stealth Rock
|
|-heal|p2a: Kraid|234\/404|[from] item: Leftovers
|turn|3
|
|move|p1a: Tentative lover|Rapid Spin|p2a: Kraid
|-damage|p2a: Kraid|224\/404
|-sideend|p1: ShadowShlong|Stealth Rock|[from] move: Rapid Spin|[of] p1a: Tentative lover
|move|p2a: Kraid|Earthquake|p1a: Tentative lover
|-supereffective|p1a: Tentative lover
|-damage|p1a: Tentative lover|0 fnt
|faint|p1a: Tentative lover
|
|-heal|p2a: Kraid|249\/404|[from] item: Leftovers
|
|switch|p1a: FREEDOM|Pidgeot, M, shiny|307\/307
|turn|4
|
|detailschange|p1a: FREEDOM|Pidgeot-Mega, M, shiny
|-mega|p1a: FREEDOM|Pidgeot|Pidgeotite
|move|p1a: FREEDOM|Hurricane|p2a: Kraid
|-damage|p2a: Kraid|18\/404
|-start|p2a: Kraid|confusion
|-activate|p2a: Kraid|confusion
|move|p2a: Kraid|Stealth Rock|p1a: FREEDOM
|-sidestart|p1: ShadowShlong|move: Stealth Rock
|
|-heal|p2a: Kraid|43\/404|[from] item: Leftovers
|turn|5
|c|âShadowShlong|-_-
|
|move|p1a: FREEDOM|Hurricane|p2a: Kraid
|-damage|p2a: Kraid|0 fnt
|faint|p2a: Kraid
|
|c|âaqbf|I run a bit of spdef
|
|switch|p2a: Ridley|Aerodactyl, F, shiny|331\/331
|-ability|p2a: Ridley|Pressure
|turn|6
|c|âaqbf|precisely for those types of siutationals
|
|switch|p1a: Chest Hair|Chesnaught, F|379\/379
|-damage|p1a: Chest Hair|356\/379|[from] Stealth Rock
|detailschange|p2a: Ridley|Aerodactyl-Mega, F, shiny
|-mega|p2a: Ridley|Aerodactyl|Aerodactylite
|move|p2a: Ridley|Stone Edge|p1a: Chest Hair|[miss]
|-miss|p2a: Ridley|p1a: Chest Hair
|
|turn|7
|
|move|p1a: Chest Hair|Spiky Shield|p1a: Chest Hair
|-singleturn|p1a: Chest Hair|move: Protect
|move|p2a: Ridley|Aerial Ace|p1a: Chest Hair
|-activate|p1a: Chest Hair|move: Protect
|-damage|p2a: Ridley|290\/331|[from] Spiky Shield|[of] p1a: Chest Hair
|
|turn|8
|
|move|p1a: Chest Hair|Spiky Shield|p1a: Chest Hair
|-fail|p1a: Chest Hair
|move|p2a: Ridley|Aerial Ace|p1a: Chest Hair
|-crit|p1a: Chest Hair
|-supereffective|p1a: Chest Hair
|-damage|p1a: Chest Hair|0 fnt
|-damage|p2a: Ridley|235\/331|[from] item: Rocky Helmet|[of] p1a: Chest Hair
|faint|p1a: Chest Hair
|
|
|switch|p1a: ayeeee|Galvantula, M, shiny|281\/281
|-damage|p1a: ayeeee|211\/281|[from] Stealth Rock
|turn|9
|
|move|p1a: ayeeee|Thunder|p2a: Ridley
|-supereffective|p2a: Ridley
|-damage|p2a: Ridley|0 fnt
|faint|p2a: Ridley
|
|c|âaqbf|...
|c|âaqbf|wtf
|
|switch|p2a: Crocomire|Krookodile, F|332\/332
|turn|10
|c|âShadowShlong|you not run any speed?
|c|âaqbf|I do
|c|âaqbf|enough to outspeed base 130s
|c|âaqbf|so you must be scarf
|c|âaqbf|which is like something I thought was a joke
|c|âaqbf|I never thought anybody actually ran scarf galvantual
|
|switch|p1a: Iphone 6.5|Porygon2|373\/373
|-damage|p1a: Iphone 6.5|327\/373|[from] Stealth Rock
|-ability|p1a: Iphone 6.5|Moxie|[from] ability: Trace|[of] p2a: Crocomire
|move|p2a: Crocomire|Earthquake|p1a: Iphone 6.5
|-damage|p1a: Iphone 6.5|201\/373
|
|turn|11
|c|âShadowShlong|scarfed galvantula puts in work
|c|âaqbf|if by puts in work you mean is shit
|c|âaqbf|then I agree
|
|switch|p2a: Toxicroak|Toxicroak, F|328\/328
|move|p1a: Iphone 6.5|Recover|p1a: Iphone 6.5
|-heal|p1a: Iphone 6.5|373\/373
|
|turn|12
|c|âShadowShlong|given people expect non scarfed like you do
|c|âaqbf|I mean there's one good galvantula set
|c|âShadowShlong|and it can sweep your team with krook gone :o
|c|âaqbf|not really
|c|âaqbf|I have whimsicott you see
|
|move|p2a: Toxicroak|Drain Punch|p1a: Iphone 6.5
|-supereffective|p1a: Iphone 6.5
|-damage|p1a: Iphone 6.5|144\/373
|-damage|p2a: Toxicroak|296\/328|[from] item: Life Orb
|move|p1a: Iphone 6.5|Discharge|p2a: Toxicroak
|-damage|p2a: Toxicroak|197\/328
|
|turn|13
|c|âaqbf|whimsicott learns a really nifty move
|
|switch|p1a: Dugtrio|Dugtrio, M|211\/211
|-damage|p1a: Dugtrio|198\/211|[from] Stealth Rock
|move|p2a: Toxicroak|Drain Punch|p1a: Dugtrio
|-damage|p1a: Dugtrio|0 fnt
|-heal|p2a: Toxicroak|296\/328|[from] drain|[of] p1a: Dugtrio
|-damage|p2a: Toxicroak|264\/328|[from] item: Life Orb
|faint|p1a: Dugtrio
|
|c|âaqbf|and I might be ablet to show it off
|
|switch|p1a: FREEDOM|Pidgeot-Mega, M, shiny|307\/307
|-damage|p1a: FREEDOM|231\/307|[from] Stealth Rock
|turn|14
|c|âaqbf|err maybe not
|
|move|p1a: FREEDOM|Hurricane|p2a: Toxicroak
|-supereffective|p2a: Toxicroak
|-damage|p2a: Toxicroak|0 fnt
|faint|p2a: Toxicroak
|
|
|switch|p2a: Crocomire|Krookodile, F|332\/332
|turn|15
|c|âaqbf|porygon2 is looking to be a much bigger threat than gal honestly
|
|switch|p1a: Iphone 6.5|Porygon2|144\/373
|-damage|p1a: Iphone 6.5|98\/373|[from] Stealth Rock
|-ability|p1a: Iphone 6.5|Moxie|[from] ability: Trace|[of] p2a: Crocomire
|move|p2a: Crocomire|Stone Edge|p1a: Iphone 6.5|[miss]
|-miss|p2a: Crocomire|p1a: Iphone 6.5
|
|turn|16
|c|âaqbf|especially because I have shit luck
|c|âaqbf|since 2 stone edges definitely ko'd
|
|switch|p2a: Phantoon|Chandelure, M|289\/289
|move|p1a: Iphone 6.5|Recover|p1a: Iphone 6.5
|-heal|p1a: Iphone 6.5|285\/373
|
|turn|17
|
|move|p2a: Phantoon|Substitute|p2a: Phantoon
|-start|p2a: Phantoon|Substitute
|-damage|p2a: Phantoon|217\/289
|move|p1a: Iphone 6.5|Toxic|p2a: Phantoon
|
|-heal|p2a: Phantoon|235\/289|[from] item: Leftovers
|turn|18
|
|move|p2a: Phantoon|Calm Mind|p2a: Phantoon
|-boost|p2a: Phantoon|spa|1
|-boost|p2a: Phantoon|spd|1
|move|p1a: Iphone 6.5|Discharge|p2a: Phantoon
|-activate|p2a: Phantoon|Substitute|[damage]
|
|-heal|p2a: Phantoon|253\/289|[from] item: Leftovers
|turn|19
|c|âShadowShlong|uh oh
|c|âShadowShlong|def. thought that was specs\/scarfed
|c|âaqbf|doesn't fit team structure
|
|move|p2a: Phantoon|Calm Mind|p2a: Phantoon
|-boost|p2a: Phantoon|spa|1
|-boost|p2a: Phantoon|spd|1
|move|p1a: Iphone 6.5|Discharge|p2a: Phantoon
|-end|p2a: Phantoon|Substitute
|
|-heal|p2a: Phantoon|271\/289|[from] item: Leftovers
|turn|20
|
|switch|p1a: ayeeee|Galvantula, M, shiny|211\/281
|-damage|p1a: ayeeee|141\/281|[from] Stealth Rock
|move|p2a: Phantoon|Substitute|p2a: Phantoon
|-start|p2a: Phantoon|Substitute
|-damage|p2a: Phantoon|199\/289
|
|-heal|p2a: Phantoon|217\/289|[from] item: Leftovers
|turn|21
|c|âaqbf|otherwise I don't relaly have a good way of beating special walls
|c|âaqbf|I guess croak
|c|âaqbf|but
|
|move|p1a: ayeeee|Volt Switch|p2a: Phantoon
|-activate|p2a: Phantoon|Substitute|[damage]
|
|switch|p1a: Iphone 6.5|Porygon2|285\/373
|-damage|p1a: Iphone 6.5|239\/373|[from] Stealth Rock
|-ability|p1a: Iphone 6.5|Flash Fire|[from] ability: Trace|[of] p2a: Phantoon
|move|p2a: Phantoon|Flamethrower|p1a: Iphone 6.5
|-start|p1a: Iphone 6.5|ability: Flash Fire
|
|-heal|p2a: Phantoon|235\/289|[from] item: Leftovers
|turn|22
|c|âaqbf|wait what
|c|âaqbf|trace goes through sub?
|c|âShadowShlong|makin plays
|c|âaqbf|I thought
|c|âaqbf|sub protected from trace
|c|âShadowShlong|tho i thought you'd be infiltrator
|c|âaqbf|why
|c|âaqbf|infiltrator is a worse ability
|c|âaqbf|nobdoy runs infiltrator except noobs
|
|switch|p2a: Crocomire|Krookodile, F|332\/332
|move|p1a: Iphone 6.5|Ice Beam|p2a: Crocomire
|-supereffective|p2a: Crocomire
|-damage|p2a: Crocomire|150\/332
|
|turn|23
|c|âaqbf|because you lose the ability to chek all kinds of things
|
|move|p2a: Crocomire|Superpower|p1a: Iphone 6.5
|-supereffective|p1a: Iphone 6.5
|-damage|p1a: Iphone 6.5|29\/373
|-unboost|p2a: Crocomire|atk|1
|-unboost|p2a: Crocomire|def|1
|move|p1a: Iphone 6.5|Ice Beam|p2a: Crocomire
|-supereffective|p2a: Crocomire
|-damage|p2a: Crocomire|0 fnt
|faint|p2a: Crocomire
|
|
|switch|p2a: Whimsicott|Whimsicott, F|261\/261
|turn|24
|
|move|p2a: Whimsicott|Moonblast|p1a: Iphone 6.5
|-damage|p1a: Iphone 6.5|0 fnt
|-damage|p2a: Whimsicott|235\/261|[from] item: Life Orb
|faint|p1a: Iphone 6.5
|
|
|switch|p1a: FREEDOM|Pidgeot-Mega, M, shiny|231\/307
|-damage|p1a: FREEDOM|155\/307|[from] Stealth Rock
|turn|25
|
|move|p2a: Whimsicott|Tailwind|p2a: Whimsicott
|-sidestart|p2: aqbf|move: Tailwind
|move|p1a: FREEDOM|Hurricane|p2a: Whimsicott
|-supereffective|p2a: Whimsicott
|-damage|p2a: Whimsicott|0 fnt
|faint|p2a: Whimsicott
|
|c|âaqbf|lets see how much damage this does
|
|switch|p2a: Phantoon|Chandelure, M|235\/289
|turn|26
|c|âaqbf|I think I can live a hurricane anyways
|
|move|p2a: Phantoon|Flamethrower|p1a: FREEDOM
|-damage|p1a: FREEDOM|0 fnt
|faint|p1a: FREEDOM
|
|-heal|p2a: Phantoon|253\/289|[from] item: Leftovers
|
|switch|p1a: ayeeee|Galvantula, M, shiny|141\/281
|-damage|p1a: ayeeee|71\/281|[from] Stealth Rock
|turn|27
|c|âaqbf|okay definitely enough
|
|move|p2a: Phantoon|Flamethrower|p1a: ayeeee
|-supereffective|p1a: ayeeee
|-damage|p1a: ayeeee|0 fnt
|faint|p1a: ayeeee
|
|win|aqbf
|raw|Ladder updating...
|raw|ShadowShlong's rating: 1373 &rarr; <strong>1356<\/strong><br \/>(-17 for losing)
|raw|aqbf's rating: 1415 &rarr; <strong>1432<\/strong><br \/>(+17 for winning)
|c|âaqbf|gg
|c|âShadowShlong|dam
|c|âaqbf|tailwind was the move on cot
|c|âShadowShlong|gg
|c|âaqbf|btw
|c|âaqbf|the one I referenced earlier