|join|Pkmn Champ Lance
|join|aqbf
|player|p1|Pkmn Champ Lance|153
|player|p2|aqbf|4
|gametype|singles
|gen|6
|tier|UU
|rated
|rule|Sleep Clause Mod: Limit one foe put to sleep
|rule|Species Clause: Limit one of each PokÃ©mon
|rule|OHKO Clause: OHKO moves are banned
|rule|Moody Clause: Moody is banned
|rule|Evasion Moves Clause: Evasion moves are banned
|rule|Endless Battle Clause: Forcing endless battles is banned
|rule|HP Percentage Mod: HP is shown in percentages
|clearpoke
|poke|p1|Azelf
|poke|p1|Tornadus, M
|poke|p1|Kingdra, F
|poke|p1|Swampert, F
|poke|p1|Kabutops, M
|poke|p1|Ludicolo, F
|poke|p2|Toxicroak, F
|poke|p2|Chandelure, F
|poke|p2|Aerodactyl, M, shiny
|poke|p2|Krookodile, F
|poke|p2|Swampert, M
|poke|p2|Whimsicott, F
|rule|Swagger Clause: Swagger is banned
|rule|Baton Pass Clause: Limit one PokÃ©mon knowing Baton Pass
|teampreview
|join|aFINEWINE
|
|start
|switch|p1a: Tornadus|Tornadus, M|361\/361
|switch|p2a: Kraid|Swampert, M|404\/404
|turn|1
|
|move|p1a: Tornadus|Taunt|p2a: Kraid
|-start|p2a: Kraid|move: Taunt
|cant|p2a: Kraid|move: Taunt|Stealth Rock
|
|turn|2
|
|move|p1a: Tornadus|Rain Dance|p1a: Tornadus
|-weather|RainDance
|move|p2a: Kraid|Scald|p1a: Tornadus
|-damage|p1a: Tornadus|207\/361
|
|-weather|RainDance|[upkeep]
|turn|3
|
|move|p1a: Tornadus|Hurricane|p2a: Kraid
|-damage|p2a: Kraid|211\/404
|-start|p2a: Kraid|confusion
|-activate|p2a: Kraid|confusion
|move|p2a: Kraid|Scald|p1a: Tornadus
|-crit|p1a: Tornadus
|-damage|p1a: Tornadus|0 fnt
|faint|p1a: Tornadus
|
|-weather|RainDance|[upkeep]
|-heal|p2a: Kraid|236\/404|[from] item: Leftovers
|-end|p2a: Kraid|move: Taunt
|
|switch|p1a: Kabutops|Kabutops, M|261\/261
|turn|4
|
|move|p1a: Kabutops|Waterfall|p2a: Kraid
|-damage|p2a: Kraid|12\/404
|-damage|p1a: Kabutops|235\/261|[from] item: Life Orb
|-end|p2a: Kraid|confusion
|move|p2a: Kraid|Earthquake|p1a: Kabutops
|-supereffective|p1a: Kabutops
|-damage|p1a: Kabutops|1\/261
|
|-weather|RainDance|[upkeep]
|-heal|p2a: Kraid|37\/404|[from] item: Leftovers
|turn|5
|
|switch|p2a: Phantoon|Chandelure, F|272\/272
|move|p1a: Kabutops|Waterfall|p2a: Phantoon
|-supereffective|p2a: Phantoon
|-damage|p2a: Phantoon|0 fnt
|-damage|p1a: Kabutops|0 fnt|[from] item: Life Orb
|faint|p2a: Phantoon
|faint|p1a: Kabutops
|
|-weather|RainDance|[upkeep]
|
|switch|p2a: Whimsicott|Whimsicott, F|261\/261
|switch|p1a: Kingdra|Kingdra, F|291\/291
|turn|6
|
|switch|p1a: Ludicolo|Ludicolo, F|301\/301
|move|p2a: Whimsicott|Moonblast|p1a: Ludicolo
|-damage|p1a: Ludicolo|159\/301
|-unboost|p1a: Ludicolo|spa|1
|-damage|p2a: Whimsicott|235\/261|[from] item: Life Orb
|
|-weather|RainDance|[upkeep]
|turn|7
|
|switch|p1a: Swampert|Swampert, F|381\/381
|switch|p2a: Toxicroak|Toxicroak, F|328\/328
|
|-weather|RainDance|[upkeep]
|turn|8
|
|switch|p2a: Kraid|Swampert, M|37\/404
|detailschange|p1a: Swampert|Swampert-Mega, F
|-mega|p1a: Swampert|Swampert|Swampertite
|move|p1a: Swampert|Power-Up Punch|p2a: Kraid
|-crit|p2a: Kraid
|-damage|p2a: Kraid|0 fnt
|-boost|p1a: Swampert|atk|1
|faint|p2a: Kraid
|
|-weather|RainDance|[upkeep]
|
|switch|p2a: Ridley|Aerodactyl, M, shiny|331\/331
|-ability|p2a: Ridley|Pressure
|turn|9
|
|switch|p2a: Toxicroak|Toxicroak, F|328\/328
|move|p1a: Swampert|Ice Punch|p2a: Toxicroak
|-damage|p2a: Toxicroak|113\/328
|
|-weather|none
|turn|10
|
|switch|p1a: Ludicolo|Ludicolo, F|159\/301
|move|p2a: Toxicroak|Swords Dance|p2a: Toxicroak
|-boost|p2a: Toxicroak|atk|2
|
|turn|11
|
|move|p2a: Toxicroak|Drain Punch|p1a: Ludicolo
|-damage|p1a: Ludicolo|0 fnt
|-heal|p2a: Toxicroak|193\/328|[from] drain|[of] p1a: Ludicolo
|-damage|p2a: Toxicroak|161\/328|[from] item: Life Orb
|faint|p1a: Ludicolo
|
|
|switch|p1a: Azelf|Azelf|291\/291
|turn|12
|
|move|p2a: Toxicroak|Sucker Punch|p1a: Azelf
|-fail|p1a: Azelf
|move|p1a: Azelf|Rain Dance|p1a: Azelf
|-weather|RainDance
|
|-weather|RainDance|[upkeep]
|-heal|p2a: Toxicroak|202\/328|[from] ability: Dry Skin
|turn|13
|
|move|p2a: Toxicroak|Sucker Punch|p1a: Azelf
|-fail|p1a: Azelf
|move|p1a: Azelf|Stealth Rock|p2a: Toxicroak
|-sidestart|p2: aqbf|move: Stealth Rock
|
|-weather|RainDance|[upkeep]
|-heal|p2a: Toxicroak|243\/328|[from] ability: Dry Skin
|turn|14
|
|move|p2a: Toxicroak|Sucker Punch|p1a: Azelf
|-supereffective|p1a: Azelf
|-damage|p1a: Azelf|0 fnt
|-damage|p2a: Toxicroak|211\/328|[from] item: Life Orb
|faint|p1a: Azelf
|
|-weather|RainDance|[upkeep]
|-heal|p2a: Toxicroak|252\/328|[from] ability: Dry Skin
|
|switch|p1a: Swampert|Swampert-Mega, F|381\/381
|turn|15
|
|move|p2a: Toxicroak|Sucker Punch|p1a: Swampert
|-damage|p1a: Swampert|146\/381
|-damage|p2a: Toxicroak|220\/328|[from] item: Life Orb
|move|p1a: Swampert|Earthquake|p2a: Toxicroak
|-supereffective|p2a: Toxicroak
|-damage|p2a: Toxicroak|0 fnt
|faint|p2a: Toxicroak
|
|-weather|RainDance|[upkeep]
|
|switch|p2a: Whimsicott|Whimsicott, F|235\/261
|-damage|p2a: Whimsicott|203\/261|[from] Stealth Rock
|turn|16
|
|move|p2a: Whimsicott|Tailwind|p2a: Whimsicott
|-sidestart|p2: aqbf|move: Tailwind
|move|p1a: Swampert|Ice Punch|p2a: Whimsicott
|-supereffective|p2a: Whimsicott
|-damage|p2a: Whimsicott|0 fnt
|faint|p2a: Whimsicott
|
|-weather|RainDance|[upkeep]
|
|switch|p2a: Crocomire|Krookodile, F|332\/332
|-damage|p2a: Crocomire|312\/332|[from] Stealth Rock
|turn|17
|
|move|p2a: Crocomire|Earthquake|p1a: Swampert
|-damage|p1a: Swampert|0 fnt
|faint|p1a: Swampert
|-boost|p2a: Crocomire|atk|1|[from] ability: Moxie
|
|-weather|RainDance|[upkeep]
|
|switch|p1a: Kingdra|Kingdra, F|291\/291
|turn|18
|c| aFINEWINE|sash kingdra
|c| aFINEWINE|new meta
|c|âaqbf|aerodactyl in back
|c|âPkmn Champ Lance|shh
|c|âaqbf|and tailwind has another turn
|c| aFINEWINE|focus band kingdra then
|c|âPkmn Champ Lance|nope
|c| aFINEWINE|newer meta
|
|move|p2a: Crocomire|Earthquake|p1a: Kingdra
|-damage|p1a: Kingdra|0 fnt
|faint|p1a: Kingdra
|-boost|p2a: Crocomire|atk|1|[from] ability: Moxie
|
|win|aqbf
|raw|Ladder updating...
|raw|Pkmn Champ Lance's rating: 1394 &rarr; <strong>1379<\/strong><br \/>(-15 for losing)
|raw|aqbf's rating: 1468 &rarr; <strong>1484<\/strong><br \/>(+16 for winning)
|c|âaqbf|gg