|join|pokemondavz
|join|Niconico
|player|p1|pokemondavz|290
|player|p2|Niconico|89
|gametype|singles
|gen|6
|tier|OU
|rated
|clearpoke
|poke|p1|Medicham, M
|poke|p1|Hydreigon, F
|poke|p1|Landorus-Therian, M
|poke|p1|Rotom-Wash
|poke|p1|Greninja, F
|poke|p1|Jirachi
|poke|p2|Azumarill, M, shiny
|poke|p2|Latias, F, shiny
|poke|p2|Magnezone
|poke|p2|Landorus-Therian, M
|poke|p2|Ferrothorn, F
|poke|p2|Medicham, F, shiny
|rule|Swagger Clause: Swagger is banned
|rule|Baton Pass Clause: Limit one PokÃ©mon knowing Baton Pass
|rule|Sleep Clause Mod: Limit one foe put to sleep
|rule|Species Clause: Limit one of each PokÃ©mon
|rule|OHKO Clause: OHKO moves are banned
|rule|Moody Clause: Moody is banned
|rule|Evasion Moves Clause: Evasion moves are banned
|rule|Endless Battle Clause: Forcing endless battles is banned
|rule|HP Percentage Mod: HP is shown in percentages
|teampreview
|
|start
|switch|p1a: Rotom-Wash|Rotom-Wash|304\/304
|switch|p2a: Ronda Rousey|Medicham, F, shiny|266\/266
|turn|1
|
|switch|p1a: Landorus-Therian|Landorus-Therian, M|382\/382
|-ability|p1a: Landorus-Therian|Intimidate|[of] p2a: Ronda Rousey
|-unboost|p2a: Ronda Rousey|atk|1
|detailschange|p2a: Ronda Rousey|Medicham-Mega, F, shiny
|message|Medicham has Mega Evolved into Mega Medicham!
|move|p2a: Ronda Rousey|Ice Punch|p1a: Landorus-Therian
|-supereffective|p1a: Landorus-Therian
|-damage|p1a: Landorus-Therian|98\/382
|-damage|p2a: Ronda Rousey|222\/266|[from] item: Rocky Helmet|[of] p1a: Landorus-Therian
|
|turn|2
|
|move|p2a: Ronda Rousey|Zen Headbutt|p1a: Landorus-Therian
|-damage|p1a: Landorus-Therian|0 fnt
|-damage|p2a: Ronda Rousey|178\/266|[from] item: Rocky Helmet|[of] p1a: Landorus-Therian
|faint|p1a: Landorus-Therian
|
|
|switch|p1a: Hydreigon|Hydreigon, F|325\/325
|turn|3
|
|switch|p2a: Azumarill|Azumarill, M, shiny|401\/401
|move|p1a: Hydreigon|Dark Pulse|p2a: Azumarill
|-resisted|p2a: Azumarill
|-damage|p2a: Azumarill|340\/401
|
|turn|4
|
|switch|p1a: Rotom-Wash|Rotom-Wash|304\/304
|move|p2a: Azumarill|Knock Off|p1a: Rotom-Wash
|-damage|p1a: Rotom-Wash|213\/304
|-enditem|p1a: Rotom-Wash|Leftovers|[from] move: Knock Off|[of] p2a: Azumarill
|
|turn|5
|
|switch|p2a: Magneto|Magnezone|301\/301
|move|p1a: Rotom-Wash|Volt Switch|p2a: Magneto
|-resisted|p2a: Magneto
|-damage|p2a: Magneto|253\/301
|
|switch|p1a: Medicham|Medicham, M|261\/261
|
|turn|6
|
|detailschange|p1a: Medicham|Medicham-Mega, M
|message|Medicham has Mega Evolved into Mega Medicham!
|move|p1a: Medicham|High Jump Kick|p2a: Magneto
|-supereffective|p2a: Magneto
|-damage|p2a: Magneto|0 fnt
|faint|p2a: Magneto
|
|
|switch|p2a: Gravity Guy|Landorus-Therian, M|327\/327
|-ability|p2a: Gravity Guy|Intimidate|[of] p1a: Medicham
|-unboost|p1a: Medicham|atk|1
|turn|7
|
|move|p2a: Gravity Guy|U-turn|p1a: Medicham
|-damage|p1a: Medicham|151\/261
|
|switch|p2a: Azumarill|Azumarill, M, shiny|340\/401
|move|p1a: Medicham|High Jump Kick|p2a: Azumarill
|-resisted|p2a: Azumarill
|-damage|p2a: Azumarill|173\/401
|
|turn|8
|
|move|p1a: Medicham|Psycho Cut|p2a: Azumarill
|-damage|p2a: Azumarill|13\/401
|move|p2a: Azumarill|Play Rough|p1a: Medicham
|-supereffective|p1a: Medicham
|-damage|p1a: Medicham|0 fnt
|faint|p1a: Medicham
|
|
|switch|p1a: Hydreigon|Hydreigon, F|325\/325
|turn|9
|
|switch|p2a: Spore Spawn|Ferrothorn, F|352\/352
|move|p1a: Hydreigon|U-turn|p2a: Spore Spawn
|-damage|p2a: Spore Spawn|320\/352
|-damage|p1a: Hydreigon|285\/325|[from] ability: Iron Barbs|[of] p2a: Spore Spawn
|
|switch|p1a: Rotom-Wash|Rotom-Wash|213\/304
|
|-heal|p2a: Spore Spawn|342\/352|[from] item: Leftovers
|turn|10
|
|move|p1a: Rotom-Wash|Will-O-Wisp|p2a: Spore Spawn
|-status|p2a: Spore Spawn|brn
|move|p2a: Spore Spawn|Stealth Rock|p1a: Rotom-Wash
|-sidestart|p1: pokemondavz|move: Stealth Rock
|
|-heal|p2a: Spore Spawn|352\/352 brn|[from] item: Leftovers
|-damage|p2a: Spore Spawn|308\/352 brn|[from] brn
|turn|11
|
|move|p1a: Rotom-Wash|Pain Split|p2a: Spore Spawn
|-sethp|p2a: Spore Spawn|260\/352 brn|p1a: Rotom-Wash|260\/304|[from] move: Pain Split
|move|p2a: Spore Spawn|Thunder Wave|p1a: Rotom-Wash
|-fail|p1a: Rotom-Wash
|
|-heal|p2a: Spore Spawn|282\/352 brn|[from] item: Leftovers
|-damage|p2a: Spore Spawn|238\/352 brn|[from] brn
|turn|12
|
|move|p1a: Rotom-Wash|Hydro Pump|p2a: Spore Spawn
|-resisted|p2a: Spore Spawn
|-damage|p2a: Spore Spawn|174\/352 brn
|move|p2a: Spore Spawn|Thunder Wave|p1a: Rotom-Wash
|-fail|p1a: Rotom-Wash
|
|-heal|p2a: Spore Spawn|196\/352 brn|[from] item: Leftovers
|-damage|p2a: Spore Spawn|152\/352 brn|[from] brn
|turn|13
|
|move|p1a: Rotom-Wash|Hydro Pump|p2a: Spore Spawn
|-resisted|p2a: Spore Spawn
|-damage|p2a: Spore Spawn|91\/352 brn
|move|p2a: Spore Spawn|Leech Seed|p1a: Rotom-Wash
|-start|p1a: Rotom-Wash|move: Leech Seed
|
|-heal|p2a: Spore Spawn|113\/352 brn|[from] item: Leftovers
|-damage|p1a: Rotom-Wash|222\/304|[from] Leech Seed|[of] p2a: Spore Spawn
|-heal|p2a: Spore Spawn|151\/352 brn|[silent]
|-damage|p2a: Spore Spawn|107\/352 brn|[from] brn
|turn|14
|
|move|p1a: Rotom-Wash|Volt Switch|p2a: Spore Spawn
|-resisted|p2a: Spore Spawn
|-damage|p2a: Spore Spawn|71\/352 brn
|
|switch|p1a: Jirachi|Jirachi|404\/404
|-damage|p1a: Jirachi|379\/404|[from] Stealth Rock
|move|p2a: Spore Spawn|Thunder Wave|p1a: Jirachi
|-status|p1a: Jirachi|par
|
|-heal|p1a: Jirachi|404\/404 par|[from] item: Leftovers
|-heal|p2a: Spore Spawn|93\/352 brn|[from] item: Leftovers
|-damage|p2a: Spore Spawn|49\/352 brn|[from] brn
|turn|15
|
|move|p1a: Jirachi|Stealth Rock|p2a: Spore Spawn
|-sidestart|p2: Niconico|move: Stealth Rock
|move|p2a: Spore Spawn|Leech Seed|p1a: Jirachi
|-start|p1a: Jirachi|move: Leech Seed
|
|-heal|p2a: Spore Spawn|71\/352 brn|[from] item: Leftovers
|-damage|p1a: Jirachi|354\/404 par|[from] Leech Seed|[of] p2a: Spore Spawn
|-heal|p2a: Spore Spawn|121\/352 brn|[silent]
|-damage|p2a: Spore Spawn|77\/352 brn|[from] brn
|turn|16
|
|move|p1a: Jirachi|Drain Punch|p2a: Spore Spawn
|-supereffective|p2a: Spore Spawn
|-damage|p2a: Spore Spawn|11\/352 brn
|-heal|p1a: Jirachi|387\/404 par|[from] drain|[of] p2a: Spore Spawn
|-damage|p1a: Jirachi|337\/404 par|[from] ability: Iron Barbs|[of] p2a: Spore Spawn
|move|p2a: Spore Spawn|Thunder Wave|p1a: Jirachi
|-fail|p1a: Jirachi|par
|
|-heal|p1a: Jirachi|362\/404 par|[from] item: Leftovers
|-heal|p2a: Spore Spawn|33\/352 brn|[from] item: Leftovers
|-damage|p1a: Jirachi|312\/404 par|[from] Leech Seed|[of] p2a: Spore Spawn
|-heal|p2a: Spore Spawn|83\/352 brn|[silent]
|-damage|p2a: Spore Spawn|39\/352 brn|[from] brn
|turn|17
|
|switch|p1a: Rotom-Wash|Rotom-Wash|222\/304
|-damage|p1a: Rotom-Wash|184\/304|[from] Stealth Rock
|move|p2a: Spore Spawn|Thunder Wave|p1a: Rotom-Wash
|-fail|p1a: Rotom-Wash
|
|-heal|p2a: Spore Spawn|61\/352 brn|[from] item: Leftovers
|-damage|p2a: Spore Spawn|17\/352 brn|[from] brn
|turn|18
|leave|pokemondavz
|player|p1
|join|pokemondavz
|player|p1|pokemondavz|290
|
|move|p1a: Rotom-Wash|Volt Switch|p2a: Spore Spawn
|-resisted|p2a: Spore Spawn
|-damage|p2a: Spore Spawn|0 fnt
|faint|p2a: Spore Spawn
|
|switch|p1a: Hydreigon|Hydreigon, F|285\/325
|-damage|p1a: Hydreigon|245\/325|[from] Stealth Rock
|
|
|switch|p2a: Ronda Rousey|Medicham-Mega, F, shiny|178\/266
|-damage|p2a: Ronda Rousey|162\/266|[from] Stealth Rock
|turn|19
|leave|pokemondavz
|player|p1
|join|pokemondavz
|player|p1|pokemondavz|290
|
|move|p2a: Ronda Rousey|Fake Out|p1a: Hydreigon
|-damage|p1a: Hydreigon|152\/325
|cant|p1a: Hydreigon|flinch
|
|turn|20
|
|switch|p2a: Azumarill|Azumarill, M, shiny|13\/401
|-damage|p2a: Azumarill|0 fnt|[from] Stealth Rock
|faint|p2a: Azumarill
|move|p1a: Hydreigon|Dark Pulse|p2: Azumarill|[notarget]
|-notarget
|
|
|switch|p2a: Gravity Guy|Landorus-Therian, M|327\/327
|-damage|p2a: Gravity Guy|287\/327|[from] Stealth Rock
|-ability|p2a: Gravity Guy|Intimidate|[of] p1a: Hydreigon
|-unboost|p1a: Hydreigon|atk|1
|turn|21
|
|switch|p1a: Jirachi|Jirachi|312\/404 par
|-damage|p1a: Jirachi|287\/404 par|[from] Stealth Rock
|move|p2a: Gravity Guy|U-turn|p1a: Jirachi
|-damage|p1a: Jirachi|191\/404 par
|
|switch|p2a: Ronda Rousey|Medicham-Mega, F, shiny|162\/266
|-damage|p2a: Ronda Rousey|146\/266|[from] Stealth Rock
|
|-heal|p1a: Jirachi|216\/404 par|[from] item: Leftovers
|turn|22
|
|move|p2a: Ronda Rousey|Drain Punch|p1a: Jirachi
|-damage|p1a: Jirachi|6\/404 par
|-heal|p2a: Ronda Rousey|251\/266|[from] drain|[of] p1a: Jirachi
|move|p1a: Jirachi|Thunder Wave|p2a: Ronda Rousey
|-status|p2a: Ronda Rousey|par
|
|-heal|p1a: Jirachi|31\/404 par|[from] item: Leftovers
|turn|23
|
|switch|p2a: Lilith|Latias, F, shiny|319\/319
|-damage|p2a: Lilith|280\/319|[from] Stealth Rock
|move|p1a: Jirachi|Iron Head|p2a: Lilith
|-damage|p2a: Lilith|175\/319
|
|-heal|p1a: Jirachi|56\/404 par|[from] item: Leftovers
|turn|24
|leave|pokemondavz
|player|p1
|join|pokemondavz
|player|p1|pokemondavz|290
|
|move|p2a: Lilith|Healing Wish|p2a: Lilith
|faint|p2a: Lilith
|move|p1a: Jirachi|Thunder Wave|p2: Lilith|[notarget]
|-notarget
|
|-heal|p1a: Jirachi|81\/404 par|[from] item: Leftovers
|
|switch|p2a: Ronda Rousey|Medicham-Mega, F, shiny|251\/266 par
|-heal|p2a: Ronda Rousey|266\/266|[from] move: Healing Wish
|-damage|p2a: Ronda Rousey|250\/266|[from] Stealth Rock
|turn|25
|leave|pokemondavz
|player|p1
|join|pokemondavz
|player|p1|pokemondavz|290
|
|move|p2a: Ronda Rousey|Drain Punch|p1a: Jirachi
|-damage|p1a: Jirachi|0 fnt
|-heal|p2a: Ronda Rousey|266\/266|[from] drain|[of] p1a: Jirachi
|faint|p1a: Jirachi
|
|
|switch|p1a: Greninja|Greninja, F|285\/285
|-damage|p1a: Greninja|250\/285|[from] Stealth Rock
|turn|26
|
|move|p1a: Greninja|Hydro Pump|p2a: Ronda Rousey
|-start|p1a: Greninja|typechange|Water|[from] Protean
|-damage|p2a: Ronda Rousey|28\/266
|-damage|p1a: Greninja|222\/285|[from] item: Life Orb
|move|p2a: Ronda Rousey|Drain Punch|p1a: Greninja
|-damage|p1a: Greninja|0 fnt
|-heal|p2a: Ronda Rousey|139\/266|[from] drain|[of] p1a: Greninja
|faint|p1a: Greninja
|
|
|switch|p1a: Hydreigon|Hydreigon, F|152\/325
|-damage|p1a: Hydreigon|112\/325|[from] Stealth Rock
|turn|27
|
|switch|p2a: Gravity Guy|Landorus-Therian, M|287\/327
|-damage|p2a: Gravity Guy|247\/327|[from] Stealth Rock
|-ability|p2a: Gravity Guy|Intimidate|[of] p1a: Hydreigon
|-unboost|p1a: Hydreigon|atk|1
|move|p1a: Hydreigon|Draco Meteor|p2a: Gravity Guy
|-damage|p2a: Gravity Guy|0 fnt
|-unboost|p1a: Hydreigon|spa|2
|faint|p2a: Gravity Guy
|
|
|switch|p2a: Ronda Rousey|Medicham-Mega, F, shiny|139\/266
|-damage|p2a: Ronda Rousey|123\/266|[from] Stealth Rock
|turn|28
|
|move|p1a: Hydreigon|Draco Meteor|p2a: Ronda Rousey
|-damage|p2a: Ronda Rousey|0 fnt
|-unboost|p1a: Hydreigon|spa|2
|faint|p2a: Ronda Rousey
|
|win|pokemondavz
|raw|Ladder updating...
|raw|pokemondavz's rating: 1607 &rarr; <strong>1627<\/strong><br \/>(+20 for winning)
|raw|Niconico's rating: 1599 &rarr; <strong>1580<\/strong><br \/>(-19 for losing)
|c|âpokemondavz|gg
|leave|Niconico
|player|p2