|join|ASTOUNDED
|join|Niconico
|player|p1|ASTOUNDED|52
|player|p2|Niconico|89
|gametype|singles
|gen|6
|tier|OU
|rated
|clearpoke
|poke|p1|Clefable, M
|poke|p1|Landorus, M
|poke|p1|Greninja, F
|poke|p1|Thundurus, M
|poke|p1|Ferrothorn, F
|poke|p1|Heracross, F
|poke|p2|Heracross, F, shiny
|poke|p2|Heatran, M
|poke|p2|Rotom-Wash
|poke|p2|Landorus-Therian, M
|poke|p2|Latias, F, shiny
|poke|p2|Keldeo
|rule|Swagger Clause: Swagger is banned
|rule|Baton Pass Clause: Limit one PokÃ©mon knowing Baton Pass
|rule|Sleep Clause Mod: Limit one foe put to sleep
|rule|Species Clause: Limit one of each PokÃ©mon
|rule|OHKO Clause: OHKO moves are banned
|rule|Moody Clause: Moody is banned
|rule|Evasion Moves Clause: Evasion moves are banned
|rule|Endless Battle Clause: Forcing endless battles is banned
|rule|HP Percentage Mod: HP is shown in percentages
|teampreview
|
|start
|switch|p1a: Landorus|Landorus, M|320\/320
|switch|p2a: Divine Justice!!|Keldeo|322\/322
|turn|1
|
|switch|p1a: Ferrothorn|Ferrothorn, F|352\/352
|move|p2a: Divine Justice!!|Scald|p1a: Ferrothorn
|-resisted|p1a: Ferrothorn
|-damage|p1a: Ferrothorn|269\/352
|
|-heal|p1a: Ferrothorn|291\/352|[from] item: Leftovers
|turn|2
|
|switch|p2a: Firaga!!|Heatran, M|385\/385
|move|p1a: Ferrothorn|Stealth Rock|p2a: Firaga!!
|-sidestart|p2: Niconico|move: Stealth Rock
|
|-heal|p1a: Ferrothorn|313\/352|[from] item: Leftovers
|turn|3
|
|switch|p1a: Heracross|Heracross, F|302\/302
|move|p2a: Firaga!!|Stealth Rock|p1a: Heracross
|-sidestart|p1: ASTOUNDED|move: Stealth Rock
|
|turn|4
|
|detailschange|p1a: Heracross|Heracross-Mega, F
|message|Heracross has Mega Evolved into Mega Heracross!
|move|p1a: Heracross|Swords Dance|p1a: Heracross
|-boost|p1a: Heracross|atk|2
|move|p2a: Firaga!!|Lava Plume|p1a: Heracross
|-supereffective|p1a: Heracross
|-damage|p1a: Heracross|90\/302
|-status|p1a: Heracross|brn
|
|-damage|p1a: Heracross|53\/302 brn|[from] brn
|turn|5
|
|switch|p2a: Gravity Guy|Landorus-Therian, M|319\/319
|-damage|p2a: Gravity Guy|280\/319|[from] Stealth Rock
|-ability|p2a: Gravity Guy|Intimidate|[of] p1a: Heracross
|-unboost|p1a: Heracross|atk|1
|move|p1a: Heracross|Rock Blast|p2a: Gravity Guy
|-damage|p2a: Gravity Guy|248\/319
|-damage|p2a: Gravity Guy|217\/319
|-damage|p2a: Gravity Guy|187\/319
|-damage|p2a: Gravity Guy|153\/319
|-damage|p2a: Gravity Guy|121\/319
|-hitcount|p2a: Gravity Guy|5
|
|-damage|p1a: Heracross|16\/302 brn|[from] brn
|turn|6
|
|move|p2a: Gravity Guy|U-turn|p1a: Heracross
|-resisted|p1a: Heracross
|-damage|p1a: Heracross|0 fnt
|faint|p1a: Heracross
|
|switch|p2a: Loto|Rotom-Wash|303\/303
|-damage|p2a: Loto|266\/303|[from] Stealth Rock
|
|
|switch|p1a: Ferrothorn|Ferrothorn, F|313\/352
|-damage|p1a: Ferrothorn|291\/352|[from] Stealth Rock
|turn|7
|
|move|p2a: Loto|Will-O-Wisp|p1a: Ferrothorn|[miss]
|-miss|p2a: Loto|p1a: Ferrothorn
|move|p1a: Ferrothorn|Leech Seed|p2a: Loto
|-start|p2a: Loto|move: Leech Seed
|
|-heal|p1a: Ferrothorn|313\/352|[from] item: Leftovers
|-damage|p2a: Loto|229\/303|[from] Leech Seed|[of] p1a: Ferrothorn
|-heal|p1a: Ferrothorn|350\/352|[silent]
|turn|8
|
|move|p2a: Loto|Volt Switch|p1a: Ferrothorn
|-resisted|p1a: Ferrothorn
|-damage|p1a: Ferrothorn|312\/352
|
|switch|p2a: Hera|Heracross, F, shiny|307\/307
|-damage|p2a: Hera|269\/307|[from] Stealth Rock
|move|p1a: Ferrothorn|Leech Seed|p2a: Hera
|-start|p2a: Hera|move: Leech Seed
|
|-heal|p1a: Ferrothorn|334\/352|[from] item: Leftovers
|-damage|p2a: Hera|231\/307|[from] Leech Seed|[of] p1a: Ferrothorn
|-heal|p1a: Ferrothorn|352\/352|[silent]
|turn|9
|
|switch|p1a: Clefable|Clefable, M|394\/394
|detailschange|p2a: Hera|Heracross-Mega, F, shiny
|message|Heracross has Mega Evolved into Mega Heracross!
|move|p2a: Hera|Close Combat|p1a: Clefable
|-resisted|p1a: Clefable
|-damage|p1a: Clefable|267\/394
|-unboost|p2a: Hera|def|1
|-unboost|p2a: Hera|spd|1
|
|-heal|p1a: Clefable|291\/394|[from] item: Leftovers
|-damage|p2a: Hera|193\/307|[from] Leech Seed|[of] p1a: Clefable
|-heal|p1a: Clefable|329\/394|[silent]
|turn|10
|
|switch|p2a: Firaga!!|Heatran, M|385\/385
|-damage|p2a: Firaga!!|337\/385|[from] Stealth Rock
|switch|p1a: Greninja|Greninja, F|286\/286
|-damage|p1a: Greninja|251\/286|[from] Stealth Rock
|
|-heal|p2a: Firaga!!|361\/385|[from] item: Leftovers
|turn|11
|
|move|p1a: Greninja|Hydro Pump|p2a: Firaga!!
|-start|p1a: Greninja|typechange|Water|[from] Protean
|-supereffective|p2a: Firaga!!
|-damage|p2a: Firaga!!|31\/385
|-damage|p1a: Greninja|223\/286|[from] item: Life Orb
|move|p2a: Firaga!!|Lava Plume|p1a: Greninja
|-resisted|p1a: Greninja
|-damage|p1a: Greninja|143\/286
|
|-heal|p2a: Firaga!!|55\/385|[from] item: Leftovers
|turn|12
|
|switch|p2a: Loto|Rotom-Wash|229\/303
|-damage|p2a: Loto|192\/303|[from] Stealth Rock
|move|p1a: Greninja|Hydro Pump|p2a: Loto
|-resisted|p2a: Loto
|-damage|p2a: Loto|97\/303
|-damage|p1a: Greninja|115\/286|[from] item: Life Orb
|
|turn|13
|
|move|p1a: Greninja|Extrasensory|p2a: Loto
|-start|p1a: Greninja|typechange|Psychic|[from] Protean
|-damage|p2a: Loto|0 fnt
|-damage|p1a: Greninja|87\/286|[from] item: Life Orb
|faint|p2a: Loto
|
|
|switch|p2a: Gravity Guy|Landorus-Therian, M|121\/319
|-damage|p2a: Gravity Guy|82\/319|[from] Stealth Rock
|-ability|p2a: Gravity Guy|Intimidate|[of] p1a: Greninja
|-unboost|p1a: Greninja|atk|1
|turn|14
|
|switch|p1a: Ferrothorn|Ferrothorn, F|352\/352
|-damage|p1a: Ferrothorn|330\/352|[from] Stealth Rock
|move|p2a: Gravity Guy|U-turn|p1a: Ferrothorn
|-damage|p1a: Ferrothorn|274\/352
|-damage|p2a: Gravity Guy|43\/319|[from] ability: Iron Barbs|[of] p1a: Ferrothorn
|
|switch|p2a: Hera|Heracross-Mega, F, shiny|193\/307
|-damage|p2a: Hera|155\/307|[from] Stealth Rock
|
|-heal|p1a: Ferrothorn|296\/352|[from] item: Leftovers
|turn|15
|join|MeLoDiC DyStOpIa
|
|move|p2a: Hera|Swords Dance|p2a: Hera
|-boost|p2a: Hera|atk|2
|move|p1a: Ferrothorn|Gyro Ball|p2a: Hera
|-damage|p2a: Hera|25\/307
|
|-heal|p1a: Ferrothorn|318\/352|[from] item: Leftovers
|turn|16
|
|switch|p1a: Greninja|Greninja, F|87\/286
|-damage|p1a: Greninja|52\/286|[from] Stealth Rock
|move|p2a: Hera|Close Combat|p1a: Greninja
|-supereffective|p1a: Greninja
|-damage|p1a: Greninja|0 fnt
|-unboost|p2a: Hera|def|1
|-unboost|p2a: Hera|spd|1
|faint|p1a: Greninja
|
|
|switch|p1a: Landorus|Landorus, M|320\/320
|-damage|p1a: Landorus|280\/320|[from] Stealth Rock
|turn|17
|leave|MeLoDiC DyStOpIa
|
|move|p1a: Landorus|Psychic|p2a: Hera
|-supereffective|p2a: Hera
|-damage|p2a: Hera|0 fnt
|faint|p2a: Hera
|
|
|switch|p2a: Lilith|Latias, F, shiny|319\/319
|-damage|p2a: Lilith|280\/319|[from] Stealth Rock
|turn|18
|
|switch|p1a: Ferrothorn|Ferrothorn, F|318\/352
|-damage|p1a: Ferrothorn|296\/352|[from] Stealth Rock
|move|p2a: Lilith|Psychic|p1a: Ferrothorn
|-resisted|p1a: Ferrothorn
|-damage|p1a: Ferrothorn|222\/352
|-damage|p2a: Lilith|249\/319|[from] item: Life Orb
|
|-heal|p1a: Ferrothorn|244\/352|[from] item: Leftovers
|turn|19
|
|move|p2a: Lilith|Defog|p1a: Ferrothorn
|-unboost|p1a: Ferrothorn|evasion|1
|-sideend|p1: ASTOUNDED|Stealth Rock|[from] move: Defog|[of] p1a: Ferrothorn
|-sideend|p2: Niconico|Stealth Rock|[from] move: Defog|[of] p2a: Lilith
|move|p1a: Ferrothorn|Leech Seed|p2a: Lilith
|-start|p2a: Lilith|move: Leech Seed
|
|-heal|p1a: Ferrothorn|266\/352|[from] item: Leftovers
|-damage|p2a: Lilith|210\/319|[from] Leech Seed|[of] p1a: Ferrothorn
|-heal|p1a: Ferrothorn|305\/352|[silent]
|turn|20
|
|move|p2a: Lilith|Healing Wish|p2a: Lilith
|faint|p2a: Lilith
|move|p1a: Ferrothorn|Stealth Rock|p2: Lilith
|-sidestart|p2: Niconico|move: Stealth Rock
|
|-heal|p1a: Ferrothorn|327\/352|[from] item: Leftovers
|
|switch|p2a: Firaga!!|Heatran, M|55\/385
|-heal|p2a: Firaga!!|385\/385|[from] move: Healing Wish
|-damage|p2a: Firaga!!|337\/385|[from] Stealth Rock
|turn|21
|
|switch|p1a: Clefable|Clefable, M|329\/394
|move|p2a: Firaga!!|Lava Plume|p1a: Clefable
|-damage|p1a: Clefable|209\/394
|-status|p1a: Clefable|brn
|
|-heal|p2a: Firaga!!|361\/385|[from] item: Leftovers
|-heal|p1a: Clefable|233\/394 brn|[from] item: Leftovers
|turn|22
|
|move|p2a: Firaga!!|Stealth Rock|p1a: Clefable
|-sidestart|p1: ASTOUNDED|move: Stealth Rock
|move|p1a: Clefable|Soft-Boiled|p1a: Clefable
|-heal|p1a: Clefable|394\/394 brn
|
|-heal|p2a: Firaga!!|385\/385|[from] item: Leftovers
|turn|23
|
|move|p1a: Clefable|Calm Mind|p1a: Clefable
|-boost|p1a: Clefable|spa|1
|-boost|p1a: Clefable|spd|1
|move|p2a: Firaga!!|Roar|p1a: Clefable
|drag|p1a: Thundurus|Thundurus, M|299\/299
|-damage|p1a: Thundurus|225\/299|[from] Stealth Rock
|
|turn|24
|
|move|p1a: Thundurus|Superpower|p2a: Firaga!!
|-supereffective|p2a: Firaga!!
|-damage|p2a: Firaga!!|120\/385
|-unboost|p1a: Thundurus|atk|1
|-unboost|p1a: Thundurus|def|1
|-damage|p1a: Thundurus|196\/299|[from] item: Life Orb
|move|p2a: Firaga!!|Lava Plume|p1a: Thundurus
|-damage|p1a: Thundurus|39\/299
|-status|p1a: Thundurus|brn
|
|-heal|p2a: Firaga!!|144\/385|[from] item: Leftovers
|-damage|p1a: Thundurus|2\/299 brn|[from] brn
|turn|25
|
|switch|p2a: Gravity Guy|Landorus-Therian, M|43\/319
|-damage|p2a: Gravity Guy|4\/319|[from] Stealth Rock
|-ability|p2a: Gravity Guy|Intimidate|[of] p1a: Thundurus
|-unboost|p1a: Thundurus|atk|1
|move|p1a: Thundurus|Thunderbolt|p2a: Gravity Guy
|-immune|p2a: Gravity Guy|[msg]
|
|-damage|p1a: Thundurus|0 fnt|[from] brn
|faint|p1a: Thundurus
|
|switch|p1a: Landorus|Landorus, M|280\/320
|-damage|p1a: Landorus|240\/320|[from] Stealth Rock
|turn|26
|
|move|p2a: Gravity Guy|Knock Off|p1a: Landorus
|-damage|p1a: Landorus|112\/320
|-enditem|p1a: Landorus|Life Orb|[from] move: Knock Off|[of] p2a: Gravity Guy
|move|p1a: Landorus|Rock Polish|p1a: Landorus
|-boost|p1a: Landorus|spe|2
|
|turn|27
|
|move|p1a: Landorus|Psychic|p2a: Gravity Guy
|-damage|p2a: Gravity Guy|0 fnt
|faint|p2a: Gravity Guy
|
|
|switch|p2a: Divine Justice!!|Keldeo|322\/322
|-damage|p2a: Divine Justice!!|302\/322|[from] Stealth Rock
|turn|28
|
|move|p1a: Landorus|Psychic|p2a: Divine Justice!!
|-supereffective|p2a: Divine Justice!!
|-damage|p2a: Divine Justice!!|38\/322
|move|p2a: Divine Justice!!|Hydro Pump|p1a: Landorus
|-supereffective|p1a: Landorus
|-damage|p1a: Landorus|0 fnt
|faint|p1a: Landorus
|
|
|switch|p1a: Ferrothorn|Ferrothorn, F|327\/352
|-damage|p1a: Ferrothorn|305\/352|[from] Stealth Rock
|turn|29
|
|switch|p2a: Firaga!!|Heatran, M|144\/385
|-damage|p2a: Firaga!!|96\/385|[from] Stealth Rock
|move|p1a: Ferrothorn|Leech Seed|p2a: Firaga!!|[miss]
|-miss|p1a: Ferrothorn|p2a: Firaga!!
|
|-heal|p2a: Firaga!!|120\/385|[from] item: Leftovers
|-heal|p1a: Ferrothorn|327\/352|[from] item: Leftovers
|turn|30
|c|âASTOUNDED|lol
|
|move|p2a: Firaga!!|Lava Plume|p1a: Ferrothorn
|-supereffective|p1a: Ferrothorn
|-damage|p1a: Ferrothorn|0 fnt
|faint|p1a: Ferrothorn
|
|-heal|p2a: Firaga!!|144\/385|[from] item: Leftovers
|
|switch|p1a: Clefable|Clefable, M|394\/394 brn
|turn|31
|
|switch|p2a: Divine Justice!!|Keldeo|38\/322
|-damage|p2a: Divine Justice!!|18\/322|[from] Stealth Rock
|move|p1a: Clefable|Calm Mind|p1a: Clefable
|-boost|p1a: Clefable|spa|1
|-boost|p1a: Clefable|spd|1
|
|turn|32
|
|move|p2a: Divine Justice!!|Hydro Pump|p1a: Clefable|[miss]
|-miss|p2a: Divine Justice!!|p1a: Clefable
|move|p1a: Clefable|Moonblast|p2a: Divine Justice!!
|-supereffective|p2a: Divine Justice!!
|-damage|p2a: Divine Justice!!|0 fnt
|faint|p2a: Divine Justice!!
|
|-message|Niconico forfeited.
|
|win|ASTOUNDED
|raw|Ladder updating...
|leave|Niconico
|player|p2
|raw|ASTOUNDED's rating: 1776 &rarr; <strong>1785<\/strong><br \/>(+9 for winning)
|raw|Niconico's rating: 1561 &rarr; <strong>1552<\/strong><br \/>(-9 for losing)