|join|andrewmon
|join|Niconico
|player|p1|andrewmon|253
|player|p2|Niconico|266
|gametype|singles
|gen|6
|tier|OU
|rated
|clearpoke
|poke|p1|Charizard, M
|poke|p1|Sylveon, F
|poke|p1|Gengar, M
|poke|p1|Excadrill, M
|poke|p1|Dugtrio, M
|poke|p1|Tyranitar, M
|poke|p2|Clefable, M
|poke|p2|Metagross
|poke|p2|Garchomp, M
|poke|p2|Tornadus-Therian, M
|poke|p2|Keldeo-Resolute
|poke|p2|Rotom-Mow
|rule|Swagger Clause: Swagger is banned
|rule|Baton Pass Clause: Limit one PokÃ©mon knowing Baton Pass
|rule|Sleep Clause Mod: Limit one foe put to sleep
|rule|Species Clause: Limit one of each PokÃ©mon
|rule|OHKO Clause: OHKO moves are banned
|rule|Moody Clause: Moody is banned
|rule|Evasion Moves Clause: Evasion moves are banned
|rule|Endless Battle Clause: Forcing endless battles is banned
|rule|HP Percentage Mod: HP is shown in percentages
|teampreview
|
|start
|switch|p1a: Gengar|Gengar, M|272\/272
|switch|p2a: Garchomp|Garchomp, M|357\/357
|turn|1
|
|move|p1a: Gengar|Taunt|p2a: Garchomp
|-start|p2a: Garchomp|move: Taunt
|cant|p2a: Garchomp|move: Taunt|Stealth Rock
|
|turn|2
|
|switch|p2a: Tornadus-Therian|Tornadus-Therian, M|337\/337
|move|p1a: Gengar|Will-O-Wisp|p2a: Tornadus-Therian|[miss]
|-miss|p1a: Gengar|p2a: Tornadus-Therian
|
|turn|3
|
|switch|p1a: Charizard|Charizard, M|335\/335
|move|p2a: Tornadus-Therian|Knock Off|p1a: Charizard
|-damage|p1a: Charizard|291\/335
|
|turn|4
|
|detailschange|p1a: Charizard|Charizard-Mega-Y, M
|-mega|p1a: Charizard|Charizard|Charizardite Y
|-weather|SunnyDay
|move|p2a: Tornadus-Therian|Hurricane|p1a: Charizard
|-damage|p1a: Charizard|158\/335
|-start|p1a: Charizard|confusion
|-activate|p1a: Charizard|confusion
|-damage|p1a: Charizard|132\/335|[from] confusion
|
|-weather|SunnyDay|[upkeep]
|turn|5
|c|âandrewmon|wow!
|c|âandrewmon|wtf
|
|move|p2a: Tornadus-Therian|U-turn|p1a: Charizard
|-resisted|p1a: Charizard
|-damage|p1a: Charizard|122\/335
|
|switch|p2a: Garchomp|Garchomp, M|357\/357
|-activate|p1a: Charizard|confusion
|move|p1a: Charizard|Roost|p1a: Charizard
|-heal|p1a: Charizard|290\/335
|
|-weather|SunnyDay|[upkeep]
|turn|6
|c|âandrewmon|i miss a wow, get hit by a 50% accuracy move, get confused, and then hit myself in that confusion....
|
|move|p2a: Garchomp|Stealth Rock|p1a: Charizard
|-sidestart|p1: andrewmon|move: Stealth Rock
|-end|p1a: Charizard|confusion
|move|p1a: Charizard|Will-O-Wisp|p2a: Garchomp
|-status|p2a: Garchomp|brn
|
|-weather|SunnyDay|[upkeep]
|-damage|p2a: Garchomp|313\/357 brn|[from] brn
|turn|7
|
|move|p2a: Garchomp|Draco Meteor|p1a: Charizard|[miss]
|-miss|p2a: Garchomp|p1a: Charizard
|move|p1a: Charizard|Solar Beam|p2a: Garchomp|[still]
|-prepare|p1a: Charizard|Solar Beam|p2a: Garchomp
|-anim|p1a: Charizard|Solar Beam|p2a: Garchomp
|-damage|p2a: Garchomp|129\/357 brn
|
|-weather|SunnyDay|[upkeep]
|-damage|p2a: Garchomp|85\/357 brn|[from] brn
|turn|8
|
|switch|p2a: Tornadus-Therian|Tornadus-Therian, M|337\/337
|move|p1a: Charizard|Roost|p1a: Charizard
|-heal|p1a: Charizard|335\/335
|
|-weather|none
|turn|9
|
|move|p2a: Tornadus-Therian|U-turn|p1a: Charizard
|-resisted|p1a: Charizard
|-damage|p1a: Charizard|324\/335
|
|switch|p2a: Keldeo-Resolute|Keldeo-Resolute|323\/323
|move|p1a: Charizard|Will-O-Wisp|p2a: Keldeo-Resolute
|-status|p2a: Keldeo-Resolute|brn
|
|-damage|p2a: Keldeo-Resolute|283\/323 brn|[from] brn
|turn|10
|
|switch|p2a: Metagross|Metagross|321\/321
|switch|p1a: Gengar|Gengar, M|272\/272
|-damage|p1a: Gengar|238\/272|[from] Stealth Rock
|
|-heal|p1a: Gengar|255\/272|[from] item: Black Sludge
|turn|11
|join|salamence66
|c| salamence66|lmao
|c| salamence66|we are playing the same guy
|
|switch|p2a: Tornadus-Therian|Tornadus-Therian, M|337\/337
|move|p1a: Gengar|Will-O-Wisp|p2a: Tornadus-Therian
|-status|p2a: Tornadus-Therian|brn
|
|-heal|p1a: Gengar|272\/272|[from] item: Black Sludge
|-damage|p2a: Tornadus-Therian|295\/337 brn|[from] brn
|turn|12
|
|switch|p1a: Tyranitar|Tyranitar, M|381\/381
|-damage|p1a: Tyranitar|334\/381|[from] Stealth Rock
|-weather|Sandstorm
|move|p2a: Tornadus-Therian|U-turn|p1a: Tyranitar
|-supereffective|p1a: Tyranitar
|-damage|p1a: Tyranitar|288\/381
|c|âandrewmon|u and i r, or him and u r?
|
|switch|p2a: Keldeo-Resolute|Keldeo-Resolute|283\/323 brn
|
|-weather|Sandstorm|[upkeep]
|-damage|p2a: Keldeo-Resolute|263\/323 brn|[from] Sandstorm
|-damage|p2a: Keldeo-Resolute|223\/323 brn|[from] brn
|turn|13
|
|switch|p1a: Sylveon|Sylveon, F|394\/394
|-damage|p1a: Sylveon|345\/394|[from] Stealth Rock
|move|p2a: Keldeo-Resolute|Scald|p1a: Sylveon
|-damage|p1a: Sylveon|167\/394
|
|-weather|Sandstorm|[upkeep]
|-damage|p2a: Keldeo-Resolute|203\/323 brn|[from] Sandstorm
|-damage|p1a: Sylveon|143\/394|[from] Sandstorm
|-heal|p1a: Sylveon|167\/394|[from] item: Leftovers
|-damage|p2a: Keldeo-Resolute|163\/323 brn|[from] brn
|turn|14
|c| salamence66|me and you are
|c| salamence66|our battle is over though
|
|move|p1a: Sylveon|Protect|p1a: Sylveon
|-singleturn|p1a: Sylveon|Protect
|move|p2a: Keldeo-Resolute|Scald|p1a: Sylveon
|-activate|p1a: Sylveon|Protect
|
|-weather|Sandstorm|[upkeep]
|-damage|p2a: Keldeo-Resolute|143\/323 brn|[from] Sandstorm
|-damage|p1a: Sylveon|143\/394|[from] Sandstorm
|-heal|p1a: Sylveon|167\/394|[from] item: Leftovers
|-damage|p2a: Keldeo-Resolute|103\/323 brn|[from] brn
|turn|15
|c| salamence66|with me and nico
|
|switch|p1a: Gengar|Gengar, M|272\/272
|-damage|p1a: Gengar|238\/272|[from] Stealth Rock
|move|p2a: Keldeo-Resolute|Scald|p1a: Gengar
|-crit|p1a: Gengar
|-damage|p1a: Gengar|0 fnt
|faint|p1a: Gengar
|
|-weather|Sandstorm|[upkeep]
|-damage|p2a: Keldeo-Resolute|83\/323 brn|[from] Sandstorm
|-damage|p2a: Keldeo-Resolute|43\/323 brn|[from] brn
|
|switch|p1a: Excadrill|Excadrill, M|361\/361
|-damage|p1a: Excadrill|350\/361|[from] Stealth Rock
|turn|16
|c|âandrewmon|that crit mattered
|c|âandrewmon|thats sooo fucking annoying
|c|âandrewmon|youre getting so lucky!
|
|move|p1a: Excadrill|Earthquake|p2a: Keldeo-Resolute
|-damage|p2a: Keldeo-Resolute|0 fnt
|faint|p2a: Keldeo-Resolute
|
|-weather|Sandstorm|[upkeep]
|
|switch|p2a: Garchomp|Garchomp, M|85\/357 brn
|turn|17
|
|move|p1a: Excadrill|Earthquake|p2a: Garchomp
|-damage|p2a: Garchomp|0 fnt
|faint|p2a: Garchomp
|
|-weather|Sandstorm|[upkeep]
|
|switch|p2a: Tornadus-Therian|Tornadus-Therian, M|337\/337 brn
|turn|18
|
|move|p1a: Excadrill|Rapid Spin|p2a: Tornadus-Therian
|-damage|p2a: Tornadus-Therian|305\/337 brn
|-sideend|p1: andrewmon|Stealth Rock|[from] move: Rapid Spin|[of] p1a: Excadrill
|move|p2a: Tornadus-Therian|Heat Wave|p1a: Excadrill
|-supereffective|p1a: Excadrill
|-damage|p1a: Excadrill|192\/361
|
|-weather|Sandstorm|[upkeep]
|-damage|p2a: Tornadus-Therian|284\/337 brn|[from] Sandstorm
|-damage|p2a: Tornadus-Therian|242\/337 brn|[from] brn
|turn|19
|
|switch|p1a: Charizard|Charizard-Mega-Y, M|324\/335
|-weather|SunnyDay
|switch|p2a: Rotom-Mow|Rotom-Mow|241\/241
|
|-weather|SunnyDay|[upkeep]
|turn|20
|
|move|p2a: Rotom-Mow|Volt Switch|p1a: Charizard
|-supereffective|p1a: Charizard
|-damage|p1a: Charizard|114\/335
|
|switch|p2a: Tornadus-Therian|Tornadus-Therian, M|337\/337 brn
|move|p1a: Charizard|Flamethrower|p2a: Tornadus-Therian
|-damage|p2a: Tornadus-Therian|159\/337 brn
|
|-weather|SunnyDay|[upkeep]
|-damage|p2a: Tornadus-Therian|117\/337 brn|[from] brn
|turn|21
|c|âandrewmon|somehow how i knew that was scarfed
|
|move|p2a: Tornadus-Therian|U-turn|p1a: Charizard
|-resisted|p1a: Charizard
|-damage|p1a: Charizard|109\/335
|
|switch|p2a: Clefable|Clefable, M|393\/393
|move|p1a: Charizard|Roost|p1a: Charizard
|-heal|p1a: Charizard|277\/335
|
|-weather|SunnyDay|[upkeep]
|turn|22
|
|move|p1a: Charizard|Flamethrower|p2a: Clefable
|-damage|p2a: Clefable|182\/393
|move|p2a: Clefable|Wish|p2a: Clefable
|
|-weather|SunnyDay|[upkeep]
|-heal|p2a: Clefable|206\/393|[from] item: Leftovers
|turn|23
|
|move|p1a: Charizard|Flamethrower|p2a: Clefable
|-damage|p2a: Clefable|10\/393
|move|p2a: Clefable|Heal Bell|p2a: Clefable
|-cureteam|p2a: Clefable|[from] move: HealBell
|
|-weather|none
|-heal|p2a: Clefable|206\/393|[from] move: Wish|[wisher] Clefable
|-heal|p2a: Clefable|230\/393|[from] item: Leftovers
|turn|24
|c|âandrewmon|damn
|
|switch|p2a: Tornadus-Therian|Tornadus-Therian, M|229\/337
|move|p1a: Charizard|Will-O-Wisp|p2a: Tornadus-Therian
|-status|p2a: Tornadus-Therian|brn
|
|-damage|p2a: Tornadus-Therian|187\/337 brn|[from] brn
|turn|25
|
|move|p2a: Tornadus-Therian|U-turn|p1a: Charizard
|-resisted|p1a: Charizard
|-damage|p1a: Charizard|271\/335
|
|switch|p2a: Clefable|Clefable, M|230\/393
|move|p1a: Charizard|Roost|p1a: Charizard
|-heal|p1a: Charizard|335\/335
|
|-heal|p2a: Clefable|254\/393|[from] item: Leftovers
|turn|26
|
|switch|p1a: Excadrill|Excadrill, M|192\/361
|move|p2a: Clefable|Wish|p2a: Clefable
|
|-heal|p2a: Clefable|278\/393|[from] item: Leftovers
|turn|27
|
|switch|p2a: Rotom-Mow|Rotom-Mow|241\/241
|move|p1a: Excadrill|Iron Head|p2a: Rotom-Mow
|-resisted|p2a: Rotom-Mow
|-damage|p2a: Rotom-Mow|175\/241
|
|-heal|p2a: Rotom-Mow|241\/241|[from] move: Wish|[wisher] Clefable
|turn|28
|
|switch|p1a: Sylveon|Sylveon, F|167\/394
|move|p2a: Rotom-Mow|Volt Switch|p1a: Sylveon
|-damage|p1a: Sylveon|82\/394
|
|switch|p2a: Metagross|Metagross|321\/321
|
|-heal|p1a: Sylveon|106\/394|[from] item: Leftovers
|turn|29
|
|detailschange|p2a: Metagross|Metagross-Mega
|-mega|p2a: Metagross|Metagross|Metagrossite
|move|p2a: Metagross|Meteor Mash|p1a: Sylveon
|-supereffective|p1a: Sylveon
|-damage|p1a: Sylveon|0 fnt
|faint|p1a: Sylveon
|
|
|switch|p1a: Dugtrio|Dugtrio, M|211\/211
|turn|30
|
|move|p1a: Dugtrio|Earthquake|p2a: Metagross
|-supereffective|p2a: Metagross
|-damage|p2a: Metagross|127\/321
|move|p2a: Metagross|Zen Headbutt|p1a: Dugtrio
|-enditem|p1a: Dugtrio|Focus Sash
|-damage|p1a: Dugtrio|1\/211
|
|turn|31
|
|move|p2a: Metagross|Bullet Punch|p1a: Dugtrio
|-damage|p1a: Dugtrio|0 fnt
|faint|p1a: Dugtrio
|
|
|switch|p1a: Charizard|Charizard-Mega-Y, M|335\/335
|-weather|SunnyDay
|turn|32
|
|switch|p2a: Tornadus-Therian|Tornadus-Therian, M|299\/337 brn
|move|p1a: Charizard|Flamethrower|p2a: Tornadus-Therian
|-crit|p2a: Tornadus-Therian
|-damage|p2a: Tornadus-Therian|16\/337 brn
|
|-weather|SunnyDay|[upkeep]
|-damage|p2a: Tornadus-Therian|0 fnt|[from] brn
|faint|p2a: Tornadus-Therian
|
|switch|p2a: Rotom-Mow|Rotom-Mow|241\/241
|turn|33
|
|move|p2a: Rotom-Mow|Volt Switch|p1a: Charizard
|-supereffective|p1a: Charizard
|-damage|p1a: Charizard|129\/335
|
|switch|p2a: Clefable|Clefable, M|278\/393
|move|p1a: Charizard|Flamethrower|p2a: Clefable
|-damage|p2a: Clefable|91\/393
|-status|p2a: Clefable|brn
|
|-weather|SunnyDay|[upkeep]
|-heal|p2a: Clefable|115\/393 brn|[from] item: Leftovers
|-damage|p2a: Clefable|66\/393 brn|[from] brn
|turn|34
|c|âandrewmon|that rotom is really giving me a hard time
|
|move|p1a: Charizard|Roost|p1a: Charizard
|-heal|p1a: Charizard|297\/335
|move|p2a: Clefable|Wish|p2a: Clefable
|
|-weather|SunnyDay|[upkeep]
|-heal|p2a: Clefable|90\/393 brn|[from] item: Leftovers
|-damage|p2a: Clefable|41\/393 brn|[from] brn
|turn|35
|
|move|p2a: Clefable|Protect|p2a: Clefable
|-singleturn|p2a: Clefable|Protect
|move|p1a: Charizard|Flamethrower|p2a: Clefable
|-activate|p2a: Clefable|Protect
|
|-weather|SunnyDay|[upkeep]
|-heal|p2a: Clefable|237\/393 brn|[from] move: Wish|[wisher] Clefable
|-heal|p2a: Clefable|261\/393 brn|[from] item: Leftovers
|-damage|p2a: Clefable|212\/393 brn|[from] brn
|turn|36
|
|move|p1a: Charizard|Flamethrower|p2a: Clefable
|-damage|p2a: Clefable|14\/393 brn
|move|p2a: Clefable|Wish|p2a: Clefable
|
|-weather|none
|-heal|p2a: Clefable|38\/393 brn|[from] item: Leftovers
|-damage|p2a: Clefable|0 fnt|[from] brn
|faint|p2a: Clefable
|
|switch|p2a: Metagross|Metagross-Mega|127\/321
|turn|37
|
|move|p2a: Metagross|Zen Headbutt|p1a: Charizard
|-crit|p1a: Charizard
|-damage|p1a: Charizard|0 fnt
|faint|p1a: Charizard
|
|-heal|p2a: Metagross|321\/321|[from] move: Wish|[wisher] Clefable
|c|âandrewmon|no fucking way
|
|switch|p1a: Tyranitar|Tyranitar, M|288\/381
|-weather|Sandstorm
|turn|38
|
|move|p2a: Metagross|Meteor Mash|p1a: Tyranitar
|-supereffective|p1a: Tyranitar
|-damage|p1a: Tyranitar|0 fnt
|faint|p1a: Tyranitar
|
|-weather|Sandstorm|[upkeep]
|
|switch|p1a: Excadrill|Excadrill, M|192\/361
|turn|39
|
|move|p1a: Excadrill|Earthquake|p2a: Metagross
|-supereffective|p2a: Metagross
|-damage|p2a: Metagross|45\/321
|move|p2a: Metagross|Hammer Arm|p1a: Excadrill
|-supereffective|p1a: Excadrill
|-damage|p1a: Excadrill|0 fnt
|-unboost|p2a: Metagross|spe|1
|faint|p1a: Excadrill
|
|win|Niconico
|raw|Ladder updating...
|raw|andrewmon's rating: 1666 &rarr; <strong>1640<\/strong><br \/>(-26 for losing)
|raw|Niconico's rating: 1566 &rarr; <strong>1592<\/strong><br \/>(+26 for winning)