|join|Barge7799
|join|Niconico
|player|p1|Barge7799|291
|player|p2|Niconico|266
|gametype|singles
|gen|6
|tier|OU
|rated
|clearpoke
|poke|p1|Diancie
|poke|p1|Heatran, M
|poke|p1|Landorus-Therian, M
|poke|p1|Kyurem-Black
|poke|p1|Latios, M
|poke|p1|Scizor, M
|poke|p2|Clefable, F
|poke|p2|Metagross
|poke|p2|Garchomp, F
|poke|p2|Tornadus-Therian, M
|poke|p2|Keldeo-Resolute
|poke|p2|Rotom-Mow
|rule|Swagger Clause: Swagger is banned
|rule|Baton Pass Clause: Limit one PokÃ©mon knowing Baton Pass
|rule|Sleep Clause Mod: Limit one foe put to sleep
|rule|Species Clause: Limit one of each PokÃ©mon
|rule|OHKO Clause: OHKO moves are banned
|rule|Moody Clause: Moody is banned
|rule|Evasion Moves Clause: Evasion moves are banned
|rule|Endless Battle Clause: Forcing endless battles is banned
|rule|HP Percentage Mod: HP is shown in percentages
|teampreview
|
|start
|switch|p1a: Kyurem-Black|Kyurem-Black|391\/391
|switch|p2a: Garchomp|Garchomp, F|357\/357
|-ability|p1a: Kyurem-Black|Teravolt
|turn|1
|
|switch|p2a: Clefable|Clefable, F|393\/393
|move|p1a: Kyurem-Black|Ice Beam|p2a: Clefable
|-crit|p2a: Clefable
|-damage|p2a: Clefable|112\/393
|-damage|p1a: Kyurem-Black|352\/391|[from] item: Life Orb
|
|-heal|p2a: Clefable|136\/393|[from] item: Leftovers
|turn|2
|
|switch|p2a: Keldeo-Resolute|Keldeo-Resolute|323\/323
|move|p1a: Kyurem-Black|Ice Beam|p2a: Keldeo-Resolute
|-resisted|p2a: Keldeo-Resolute
|-damage|p2a: Keldeo-Resolute|214\/323
|-damage|p1a: Kyurem-Black|313\/391|[from] item: Life Orb
|
|turn|3
|
|switch|p1a: Latios|Latios, M|302\/302
|move|p2a: Keldeo-Resolute|Icy Wind|p1a: Latios
|-supereffective|p1a: Latios
|-damage|p1a: Latios|124\/302
|-unboost|p1a: Latios|spe|1
|
|turn|4
|
|switch|p2a: Tornadus-Therian|Tornadus-Therian, M|337\/337
|switch|p1a: Kyurem-Black|Kyurem-Black|313\/391
|-ability|p1a: Kyurem-Black|Teravolt
|
|turn|5
|
|switch|p1a: Landorus-Therian|Landorus-Therian, M|320\/320
|-ability|p1a: Landorus-Therian|Intimidate|[of] p2a: Tornadus-Therian
|-unboost|p2a: Tornadus-Therian|atk|1
|move|p2a: Tornadus-Therian|Hurricane|p1a: Landorus-Therian|[miss]
|-miss|p2a: Tornadus-Therian|p1a: Landorus-Therian
|
|turn|6
|
|move|p1a: Landorus-Therian|Stone Edge|p2a: Tornadus-Therian
|-supereffective|p2a: Tornadus-Therian
|-damage|p2a: Tornadus-Therian|39\/337
|move|p2a: Tornadus-Therian|Hurricane|p1a: Landorus-Therian
|-damage|p1a: Landorus-Therian|127\/320
|
|turn|7
|
|switch|p1a: Scizor|Scizor, M|344\/344
|switch|p2a: Garchomp|Garchomp, F|357\/357
|
|turn|8
|
|move|p2a: Garchomp|Fire Blast|p1a: Scizor|[miss]
|-miss|p2a: Garchomp|p1a: Scizor
|move|p1a: Scizor|U-turn|p2a: Garchomp
|-damage|p2a: Garchomp|141\/357
|-damage|p1a: Scizor|301\/344|[from] ability: Rough Skin|[of] p2a: Garchomp
|c|âBarge7799|lolz
|
|switch|p1a: Latios|Latios, M|124\/302
|
|turn|9
|c|âNiconico|jesus!
|
|switch|p2a: Clefable|Clefable, F|136\/393
|move|p1a: Latios|Draco Meteor|p2a: Clefable
|-immune|p2a: Clefable|[msg]
|
|-heal|p2a: Clefable|160\/393|[from] item: Leftovers
|turn|10
|
|move|p1a: Latios|Psyshock|p2a: Clefable
|-damage|p2a: Clefable|0 fnt
|-damage|p1a: Latios|94\/302|[from] item: Life Orb
|faint|p2a: Clefable
|
|
|switch|p2a: Metagross|Metagross|321\/321
|turn|11
|
|switch|p1a: Scizor|Scizor, M|301\/344
|detailschange|p2a: Metagross|Metagross-Mega
|-mega|p2a: Metagross|Metagross|Metagrossite
|move|p2a: Metagross|Bullet Punch|p1a: Scizor
|-resisted|p1a: Scizor
|-damage|p1a: Scizor|247\/344
|
|turn|12
|
|switch|p2a: Keldeo-Resolute|Keldeo-Resolute|214\/323
|move|p1a: Scizor|U-turn|p2a: Keldeo-Resolute
|-resisted|p2a: Keldeo-Resolute
|-damage|p2a: Keldeo-Resolute|109\/323
|
|switch|p1a: Latios|Latios, M|94\/302
|
|turn|13
|
|move|p1a: Latios|Draco Meteor|p2a: Keldeo-Resolute
|-damage|p2a: Keldeo-Resolute|0 fnt
|-unboost|p1a: Latios|spa|2
|-damage|p1a: Latios|64\/302|[from] item: Life Orb
|faint|p2a: Keldeo-Resolute
|
|
|switch|p2a: Tornadus-Therian|Tornadus-Therian, M|151\/337
|turn|14
|
|switch|p1a: Heatran|Heatran, M|324\/324
|-item|p1a: Heatran|Air Balloon
|move|p2a: Tornadus-Therian|U-turn|p1a: Heatran
|-resisted|p1a: Heatran
|-damage|p1a: Heatran|313\/324
|-enditem|p1a: Heatran|Air Balloon
|
|switch|p2a: Garchomp|Garchomp, F|141\/357
|
|turn|15
|
|move|p2a: Garchomp|Stealth Rock|p1a: Heatran
|-sidestart|p1: Barge7799|move: Stealth Rock
|move|p1a: Heatran|Stealth Rock|p2a: Garchomp
|-sidestart|p2: Niconico|move: Stealth Rock
|
|turn|16
|
|move|p2a: Garchomp|Earthquake|p1a: Heatran
|-supereffective|p1a: Heatran
|-damage|p1a: Heatran|0 fnt
|-damage|p2a: Garchomp|106\/357|[from] item: Life Orb
|faint|p1a: Heatran
|
|
|switch|p1a: Scizor|Scizor, M|247\/344
|-damage|p1a: Scizor|204\/344|[from] Stealth Rock
|turn|17
|
|move|p1a: Scizor|Bullet Punch|p2a: Garchomp
|-damage|p2a: Garchomp|0 fnt
|-damage|p1a: Scizor|161\/344|[from] ability: Rough Skin|[of] p2a: Garchomp
|faint|p2a: Garchomp
|
|
|switch|p2a: Metagross|Metagross-Mega|321\/321
|-damage|p2a: Metagross|301\/321|[from] Stealth Rock
|turn|18
|
|switch|p1a: Diancie|Diancie|241\/241
|-damage|p1a: Diancie|211\/241|[from] Stealth Rock
|move|p2a: Metagross|Meteor Mash|p1a: Diancie
|-supereffective|p1a: Diancie
|-damage|p1a: Diancie|0 fnt
|faint|p1a: Diancie
|
|
|switch|p1a: Landorus-Therian|Landorus-Therian, M|127\/320
|-damage|p1a: Landorus-Therian|87\/320|[from] Stealth Rock
|-ability|p1a: Landorus-Therian|Intimidate|[of] p2a: Metagross
|-unboost|p2a: Metagross|atk|1
|turn|19
|
|switch|p2a: Rotom-Mow|Rotom-Mow|241\/241
|-damage|p2a: Rotom-Mow|211\/241|[from] Stealth Rock
|move|p1a: Landorus-Therian|U-turn|p2a: Rotom-Mow
|-supereffective|p2a: Rotom-Mow
|-damage|p2a: Rotom-Mow|53\/241
|join|Freend
|
|switch|p1a: Latios|Latios, M|64\/302
|-damage|p1a: Latios|27\/302|[from] Stealth Rock
|
|turn|20
|
|move|p2a: Rotom-Mow|Volt Switch|p1a: Latios
|-resisted|p1a: Latios
|-damage|p1a: Latios|0 fnt
|faint|p1a: Latios
|
|switch|p2a: Metagross|Metagross-Mega|301\/321
|-damage|p2a: Metagross|281\/321|[from] Stealth Rock
|
|
|switch|p1a: Landorus-Therian|Landorus-Therian, M|87\/320
|-damage|p1a: Landorus-Therian|47\/320|[from] Stealth Rock
|-ability|p1a: Landorus-Therian|Intimidate|[of] p2a: Metagross
|-unboost|p2a: Metagross|atk|1
|turn|21
|
|move|p2a: Metagross|Bullet Punch|p1a: Landorus-Therian
|-damage|p1a: Landorus-Therian|0 fnt
|faint|p1a: Landorus-Therian
|
|join|looooooooooel
|
|switch|p1a: Scizor|Scizor, M|161\/344
|-damage|p1a: Scizor|118\/344|[from] Stealth Rock
|turn|22
|
|move|p1a: Scizor|Pursuit|p2a: Metagross|[from]Pursuit
|-supereffective|p2a: Metagross
|-damage|p2a: Metagross|49\/321
|switch|p2a: Rotom-Mow|Rotom-Mow|53\/241
|-damage|p2a: Rotom-Mow|23\/241|[from] Stealth Rock
|
|turn|23
|
|switch|p1a: Kyurem-Black|Kyurem-Black|313\/391
|-damage|p1a: Kyurem-Black|216\/391|[from] Stealth Rock
|-ability|p1a: Kyurem-Black|Teravolt
|move|p2a: Rotom-Mow|Will-O-Wisp|p1a: Kyurem-Black
|-status|p1a: Kyurem-Black|brn
|
|-damage|p1a: Kyurem-Black|168\/391 brn|[from] brn
|turn|24
|
|move|p2a: Rotom-Mow|Will-O-Wisp|p1a: Kyurem-Black|[miss]
|-miss|p2a: Rotom-Mow|p1a: Kyurem-Black
|move|p1a: Kyurem-Black|Ice Beam|p2a: Rotom-Mow
|-supereffective|p2a: Rotom-Mow
|-damage|p2a: Rotom-Mow|0 fnt
|-damage|p1a: Kyurem-Black|129\/391 brn|[from] item: Life Orb
|faint|p2a: Rotom-Mow
|
|-damage|p1a: Kyurem-Black|81\/391 brn|[from] brn
|
|switch|p2a: Tornadus-Therian|Tornadus-Therian, M|263\/337
|-damage|p2a: Tornadus-Therian|179\/337|[from] Stealth Rock
|turn|25
|
|move|p2a: Tornadus-Therian|U-turn|p1a: Kyurem-Black
|-damage|p1a: Kyurem-Black|21\/391 brn
|
|switch|p2a: Metagross|Metagross-Mega|49\/321
|-damage|p2a: Metagross|29\/321|[from] Stealth Rock
|move|p1a: Kyurem-Black|Ice Beam|p2a: Metagross
|-resisted|p2a: Metagross
|-damage|p2a: Metagross|0 fnt
|-damage|p1a: Kyurem-Black|0 fnt|[from] item: Life Orb
|faint|p2a: Metagross
|faint|p1a: Kyurem-Black
|
|
|switch|p2a: Tornadus-Therian|Tornadus-Therian, M|291\/337
|switch|p1a: Scizor|Scizor, M|118\/344
|-damage|p2a: Tornadus-Therian|207\/337|[from] Stealth Rock
|-damage|p1a: Scizor|75\/344|[from] Stealth Rock
|turn|26
|
|move|p1a: Scizor|Bullet Punch|p2a: Tornadus-Therian
|-damage|p2a: Tornadus-Therian|0 fnt
|faint|p2a: Tornadus-Therian
|
|win|Barge7799
|raw|Ladder updating...
|raw|Barge7799's rating: 1629 &rarr; <strong>1646<\/strong><br \/>(+17 for winning)
|raw|Niconico's rating: 1564 &rarr; <strong>1547<\/strong><br \/>(-17 for losing)
|c|âBarge7799|che player
|leave|Niconico
|player|p2
|c|âBarge7799|che comeback