|join|Niconico
|join|Drummy
|player|p1|Niconico|2
|player|p2|Drummy|289
|gametype|singles
|gen|6
|tier|OU (suspect test)
|rated
|clearpoke
|poke|p1|Beedrill, F, shiny
|poke|p1|Magnezone
|poke|p1|Garchomp, F, shiny
|poke|p1|Rotom-Wash
|poke|p1|Latias, F
|poke|p1|Skarmory, F
|poke|p2|Keldeo
|poke|p2|Latios, M
|poke|p2|Scizor, M
|poke|p2|Tyranitar, M
|poke|p2|Amoonguss, F
|poke|p2|Zapdos
|rule|Swagger Clause: Swagger is banned
|rule|Baton Pass Clause: Limit one PokÃ©mon knowing Baton Pass
|rule|Sleep Clause Mod: Limit one foe put to sleep
|rule|Species Clause: Limit one of each PokÃ©mon
|rule|OHKO Clause: OHKO moves are banned
|rule|Moody Clause: Moody is banned
|rule|Evasion Moves Clause: Evasion moves are banned
|rule|Endless Battle Clause: Forcing endless battles is banned
|rule|HP Percentage Mod: HP is shown in percentages
|teampreview
|
|start
|switch|p1a: Hit Gal|Garchomp, F, shiny|357\/357
|switch|p2a: Zapdos|Zapdos|384\/384
|-ability|p2a: Zapdos|Pressure
|turn|1
|
|move|p1a: Hit Gal|Stealth Rock|p2a: Zapdos
|-sidestart|p2: Drummy|move: Stealth Rock
|move|p2a: Zapdos|Hidden Power|p1a: Hit Gal
|-supereffective|p1a: Hit Gal
|-damage|p1a: Hit Gal|81\/357
|
|turn|2
|
|switch|p1a: Roto The Legendary|Rotom-Wash|303\/303
|move|p2a: Zapdos|Defog|p1a: Roto The Legendary
|-unboost|p1a: Roto The Legendary|evasion|1
|-sideend|p2: Drummy|Stealth Rock|[from] move: Defog|[of] p2a: Zapdos
|
|turn|3
|
|switch|p2a: Amoonguss|Amoonguss, F|432\/432
|move|p1a: Roto The Legendary|Will-O-Wisp|p2a: Amoonguss
|-status|p2a: Amoonguss|brn
|
|-damage|p2a: Amoonguss|378\/432 brn|[from] brn
|turn|4
|
|move|p1a: Roto The Legendary|Volt Switch|p2a: Amoonguss
|-resisted|p2a: Amoonguss
|-damage|p2a: Amoonguss|324\/432 brn
|
|switch|p1a: Annabel|Skarmory, F|333\/333
|move|p2a: Amoonguss|Spore|p1a: Annabel
|-status|p1a: Annabel|slp
|
|-heal|p2a: Amoonguss|351\/432 brn|[from] item: Black Sludge
|-damage|p2a: Amoonguss|297\/432 brn|[from] brn
|turn|5
|
|switch|p1a: Pin Missile|Beedrill, F, shiny|291\/291
|switch|p2a: Tyranitar|Tyranitar, M|383\/383
|-weather|Sandstorm
|
|-weather|Sandstorm|[upkeep]
|-damage|p1a: Pin Missile|273\/291|[from] sandstorm
|turn|6
|
|switch|p2a: Zapdos|Zapdos|384\/384
|-ability|p2a: Zapdos|Pressure
|detailschange|p1a: Pin Missile|Beedrill-Mega, F, shiny
|-mega|p1a: Pin Missile|Beedrill|Beedrillite
|move|p1a: Pin Missile|U-turn|p2a: Zapdos
|-resisted|p2a: Zapdos
|-damage|p2a: Zapdos|304\/384
|
|switch|p1a: Magneto|Magnezone|281\/281
|
|-weather|Sandstorm|[upkeep]
|-damage|p2a: Zapdos|280\/384|[from] sandstorm
|-heal|p2a: Zapdos|304\/384|[from] item: Leftovers
|turn|7
|
|move|p1a: Magneto|Volt Switch|p2a: Zapdos
|-crit|p2a: Zapdos
|-damage|p2a: Zapdos|100\/384
|
|switch|p1a: Roto The Legendary|Rotom-Wash|303\/303
|move|p2a: Zapdos|Roost|p2a: Zapdos
|-heal|p2a: Zapdos|292\/384
|
|-weather|Sandstorm|[upkeep]
|-damage|p2a: Zapdos|268\/384|[from] sandstorm
|-damage|p1a: Roto The Legendary|285\/303|[from] sandstorm
|-heal|p2a: Zapdos|292\/384|[from] item: Leftovers
|-heal|p1a: Roto The Legendary|303\/303|[from] item: Leftovers
|turn|8
|
|switch|p2a: Amoonguss|Amoonguss, F|432\/432 brn
|move|p1a: Roto The Legendary|Volt Switch|p2a: Amoonguss
|-resisted|p2a: Amoonguss
|-damage|p2a: Amoonguss|380\/432 brn
|
|switch|p1a: Pin Missile|Beedrill-Mega, F, shiny|273\/291
|
|-weather|Sandstorm|[upkeep]
|-damage|p1a: Pin Missile|255\/291|[from] sandstorm
|-damage|p2a: Amoonguss|353\/432 brn|[from] sandstorm
|-heal|p2a: Amoonguss|380\/432 brn|[from] item: Black Sludge
|-damage|p2a: Amoonguss|326\/432 brn|[from] brn
|turn|9
|
|switch|p2a: Zapdos|Zapdos|292\/384
|-ability|p2a: Zapdos|Pressure
|move|p1a: Pin Missile|U-turn|p2a: Zapdos
|-resisted|p2a: Zapdos
|-damage|p2a: Zapdos|216\/384
|
|switch|p1a: Hit Gal|Garchomp, F, shiny|81\/357
|
|-weather|none
|-heal|p2a: Zapdos|240\/384|[from] item: Leftovers
|turn|10
|
|move|p1a: Hit Gal|Stealth Rock|p2a: Zapdos
|-sidestart|p2: Drummy|move: Stealth Rock
|move|p2a: Zapdos|Hidden Power|p1a: Hit Gal
|-supereffective|p1a: Hit Gal
|-damage|p1a: Hit Gal|0 fnt
|faint|p1a: Hit Gal
|
|-heal|p2a: Zapdos|264\/384|[from] item: Leftovers
|
|switch|p1a: Magneto|Magnezone|281\/281
|turn|11
|
|move|p1a: Magneto|Thunderbolt|p2a: Zapdos
|-damage|p2a: Zapdos|93\/384
|move|p2a: Zapdos|Roost|p2a: Zapdos
|-heal|p2a: Zapdos|285\/384
|
|-heal|p2a: Zapdos|309\/384|[from] item: Leftovers
|turn|12
|
|move|p1a: Magneto|Thunderbolt|p2a: Zapdos
|-damage|p2a: Zapdos|138\/384
|move|p2a: Zapdos|Defog|p1a: Magneto
|-unboost|p1a: Magneto|evasion|1
|-sideend|p2: Drummy|Stealth Rock|[from] move: Defog|[of] p2a: Zapdos
|
|-heal|p2a: Zapdos|162\/384|[from] item: Leftovers
|turn|13
|
|switch|p1a: Pin Missile|Beedrill-Mega, F, shiny|255\/291
|switch|p2a: Tyranitar|Tyranitar, M|383\/383
|-weather|Sandstorm
|
|-weather|Sandstorm|[upkeep]
|-damage|p1a: Pin Missile|237\/291|[from] sandstorm
|turn|14
|
|switch|p2a: Keldeo|Keldeo|323\/323
|move|p1a: Pin Missile|U-turn|p2a: Keldeo
|-resisted|p2a: Keldeo
|-damage|p2a: Keldeo|215\/323
|
|switch|p1a: Magneto|Magnezone|281\/281
|
|-weather|Sandstorm|[upkeep]
|-damage|p2a: Keldeo|195\/323|[from] sandstorm
|turn|15
|
|switch|p2a: Latios|Latios, M|301\/301
|move|p1a: Magneto|Volt Switch|p2a: Latios
|-resisted|p2a: Latios
|-damage|p2a: Latios|247\/301
|
|switch|p1a: Pin Missile|Beedrill-Mega, F, shiny|237\/291
|
|-weather|Sandstorm|[upkeep]
|-damage|p2a: Latios|229\/301|[from] sandstorm
|-damage|p1a: Pin Missile|219\/291|[from] sandstorm
|turn|16
|
|switch|p1a: Roto The Legendary|Rotom-Wash|303\/303
|move|p2a: Latios|Psyshock|p1a: Roto The Legendary
|-damage|p1a: Roto The Legendary|198\/303
|
|-weather|Sandstorm|[upkeep]
|-damage|p2a: Latios|211\/301|[from] sandstorm
|-damage|p1a: Roto The Legendary|180\/303|[from] sandstorm
|-heal|p1a: Roto The Legendary|198\/303|[from] item: Leftovers
|turn|17
|
|move|p2a: Latios|Psyshock|p1a: Roto The Legendary
|-damage|p1a: Roto The Legendary|96\/303
|move|p1a: Roto The Legendary|Volt Switch|p2a: Latios
|-resisted|p2a: Latios
|-damage|p2a: Latios|172\/301
|
|switch|p1a: Lillith|Latias, F|301\/301
|
|-weather|none
|turn|18
|
|switch|p1a: Pin Missile|Beedrill-Mega, F, shiny|219\/291
|switch|p2a: Tyranitar|Tyranitar, M|383\/383
|-weather|Sandstorm
|
|-weather|Sandstorm|[upkeep]
|-damage|p1a: Pin Missile|201\/291|[from] sandstorm
|turn|19
|
|switch|p2a: Amoonguss|Amoonguss, F|432\/432 brn
|move|p1a: Pin Missile|U-turn|p2a: Amoonguss
|-damage|p2a: Amoonguss|268\/432 brn
|
|switch|p1a: Magneto|Magnezone|281\/281
|
|-weather|Sandstorm|[upkeep]
|-damage|p2a: Amoonguss|241\/432 brn|[from] sandstorm
|-heal|p2a: Amoonguss|268\/432 brn|[from] item: Black Sludge
|-damage|p2a: Amoonguss|214\/432 brn|[from] brn
|turn|20
|
|switch|p2a: Scizor|Scizor, M|344\/344
|move|p1a: Magneto|Volt Switch|p2a: Scizor
|-damage|p2a: Scizor|184\/344
|
|switch|p1a: Roto The Legendary|Rotom-Wash|96\/303
|
|-weather|Sandstorm|[upkeep]
|-damage|p1a: Roto The Legendary|78\/303|[from] sandstorm
|-heal|p1a: Roto The Legendary|96\/303|[from] item: Leftovers
|turn|21
|
|detailschange|p2a: Scizor|Scizor-Mega, M
|-mega|p2a: Scizor|Scizor|Scizorite
|move|p1a: Roto The Legendary|Will-O-Wisp|p2a: Scizor
|-status|p2a: Scizor|brn
|move|p2a: Scizor|Superpower|p1a: Roto The Legendary
|-damage|p1a: Roto The Legendary|40\/303
|-unboost|p2a: Scizor|atk|1
|-unboost|p2a: Scizor|def|1
|
|-weather|Sandstorm|[upkeep]
|-damage|p1a: Roto The Legendary|22\/303|[from] sandstorm
|-heal|p1a: Roto The Legendary|40\/303|[from] item: Leftovers
|-damage|p2a: Scizor|141\/344 brn|[from] brn
|turn|22
|
|move|p2a: Scizor|Roost|p2a: Scizor
|-heal|p2a: Scizor|313\/344 brn
|move|p1a: Roto The Legendary|Pain Split|p2a: Scizor
|-sethp|p2a: Scizor|176\/344 brn|p1a: Roto The Legendary|176\/303|[from] move: Pain Split
|
|-weather|none
|-heal|p1a: Roto The Legendary|194\/303|[from] item: Leftovers
|-damage|p2a: Scizor|133\/344 brn|[from] brn
|turn|23
|
|switch|p2a: Amoonguss|Amoonguss, F|358\/432 brn
|move|p1a: Roto The Legendary|Hydro Pump|p2a: Amoonguss
|-resisted|p2a: Amoonguss
|-damage|p2a: Amoonguss|274\/432 brn
|
|-heal|p1a: Roto The Legendary|212\/303|[from] item: Leftovers
|-heal|p2a: Amoonguss|301\/432 brn|[from] item: Black Sludge
|-damage|p2a: Amoonguss|247\/432 brn|[from] brn
|turn|24
|
|move|p1a: Roto The Legendary|Volt Switch|p2a: Amoonguss
|-resisted|p2a: Amoonguss
|-damage|p2a: Amoonguss|197\/432 brn
|
|switch|p1a: Pin Missile|Beedrill-Mega, F, shiny|201\/291
|move|p2a: Amoonguss|Giga Drain|p1a: Pin Missile
|-crit|p1a: Pin Missile
|-resisted|p1a: Pin Missile
|-damage|p1a: Pin Missile|164\/291
|-heal|p2a: Amoonguss|216\/432 brn|[from] drain|[of] p1a: Pin Missile
|
|-heal|p2a: Amoonguss|243\/432 brn|[from] item: Black Sludge
|-damage|p2a: Amoonguss|189\/432 brn|[from] brn
|turn|25
|
|switch|p2a: Zapdos|Zapdos|162\/384
|-ability|p2a: Zapdos|Pressure
|move|p1a: Pin Missile|U-turn|p2a: Zapdos
|-resisted|p2a: Zapdos
|-damage|p2a: Zapdos|93\/384
|
|switch|p1a: Magneto|Magnezone|281\/281
|
|-heal|p2a: Zapdos|117\/384|[from] item: Leftovers
|turn|26
|
|switch|p2a: Latios|Latios, M|172\/301
|move|p1a: Magneto|Volt Switch|p2a: Latios
|-resisted|p2a: Latios
|-damage|p2a: Latios|114\/301
|
|switch|p1a: Roto The Legendary|Rotom-Wash|212\/303
|
|-heal|p1a: Roto The Legendary|230\/303|[from] item: Leftovers
|turn|27
|
|move|p2a: Latios|Draco Meteor|p1a: Roto The Legendary
|-damage|p1a: Roto The Legendary|23\/303
|-unboost|p2a: Latios|spa|2
|move|p1a: Roto The Legendary|Volt Switch|p2a: Latios
|-resisted|p2a: Latios
|-damage|p2a: Latios|72\/301
|
|switch|p1a: Magneto|Magnezone|281\/281
|
|turn|28
|
|switch|p2a: Amoonguss|Amoonguss, F|333\/432 brn
|move|p1a: Magneto|Volt Switch|p2a: Amoonguss
|-resisted|p2a: Amoonguss
|-damage|p2a: Amoonguss|255\/432 brn
|
|switch|p1a: Pin Missile|Beedrill-Mega, F, shiny|164\/291
|
|-heal|p2a: Amoonguss|282\/432 brn|[from] item: Black Sludge
|-damage|p2a: Amoonguss|228\/432 brn|[from] brn
|turn|29
|
|switch|p2a: Scizor|Scizor-Mega, M|133\/344 brn
|move|p1a: Pin Missile|Poison Jab|p2a: Scizor
|-immune|p2a: Scizor|[msg]
|
|-damage|p2a: Scizor|90\/344 brn|[from] brn
|turn|30
|
|switch|p1a: Roto The Legendary|Rotom-Wash|23\/303
|move|p2a: Scizor|Superpower|p1a: Roto The Legendary
|-crit|p1a: Roto The Legendary
|-damage|p1a: Roto The Legendary|0 fnt
|-unboost|p2a: Scizor|atk|1
|-unboost|p2a: Scizor|def|1
|faint|p1a: Roto The Legendary
|
|-damage|p2a: Scizor|47\/344 brn|[from] brn
|
|switch|p1a: Magneto|Magnezone|281\/281
|turn|31
|
|move|p1a: Magneto|Volt Switch|p2a: Scizor
|-damage|p2a: Scizor|0 fnt
|faint|p2a: Scizor
|
|switch|p1a: Pin Missile|Beedrill-Mega, F, shiny|164\/291
|
|
|switch|p2a: Latios|Latios, M|72\/301
|turn|32
|
|switch|p1a: Magneto|Magnezone|281\/281
|move|p2a: Latios|Hidden Power|p1a: Magneto
|-supereffective|p1a: Magneto
|-damage|p1a: Magneto|127\/281
|
|turn|33
|
|switch|p2a: Tyranitar|Tyranitar, M|383\/383
|-weather|Sandstorm
|switch|p1a: Lillith|Latias, F|301\/301
|
|-weather|Sandstorm|[upkeep]
|-damage|p1a: Lillith|283\/301|[from] sandstorm
|turn|34
|
|move|p1a: Lillith|Trick|p2a: Tyranitar
|-activate|p1a: Lillith|move: Trick|[of] p2a: Tyranitar
|-item|p2a: Tyranitar|Choice Scarf|[from] move: Trick
|-item|p1a: Lillith|Leftovers|[from] move: Trick
|move|p2a: Tyranitar|Stealth Rock|p1a: Lillith
|-sidestart|p1: Niconico|move: Stealth Rock
|
|-weather|Sandstorm|[upkeep]
|-damage|p1a: Lillith|265\/301|[from] sandstorm
|-heal|p1a: Lillith|283\/301|[from] item: Leftovers
|turn|35
|
|move|p1a: Lillith|Psyshock|p2a: Tyranitar
|-immune|p2a: Tyranitar|[msg]
|move|p2a: Tyranitar|Stealth Rock|p1a: Lillith
|-fail|p1a: Lillith
|
|-weather|Sandstorm|[upkeep]
|-damage|p1a: Lillith|265\/301|[from] sandstorm
|-heal|p1a: Lillith|283\/301|[from] item: Leftovers
|turn|36
|
|move|p1a: Lillith|Psyshock|p2a: Tyranitar
|-immune|p2a: Tyranitar|[msg]
|move|p2a: Tyranitar|Stealth Rock|p1a: Lillith
|-fail|p1a: Lillith
|
|-weather|Sandstorm|[upkeep]
|-damage|p1a: Lillith|265\/301|[from] sandstorm
|-heal|p1a: Lillith|283\/301|[from] item: Leftovers
|turn|37
|
|move|p1a: Lillith|Psyshock|p2a: Tyranitar
|-immune|p2a: Tyranitar|[msg]
|move|p2a: Tyranitar|Stealth Rock|p1a: Lillith
|-fail|p1a: Lillith
|
|-weather|none
|-heal|p1a: Lillith|301\/301|[from] item: Leftovers
|turn|38
|
|switch|p2a: Amoonguss|Amoonguss, F|372\/432 brn
|move|p1a: Lillith|Psyshock|p2a: Amoonguss
|-supereffective|p2a: Amoonguss
|-damage|p2a: Amoonguss|144\/432 brn
|
|-heal|p2a: Amoonguss|171\/432 brn|[from] item: Black Sludge
|-damage|p2a: Amoonguss|117\/432 brn|[from] brn
|turn|39
|
|switch|p2a: Tyranitar|Tyranitar, M|383\/383
|-weather|Sandstorm
|move|p1a: Lillith|Draco Meteor|p2a: Tyranitar
|-damage|p2a: Tyranitar|235\/383
|-unboost|p1a: Lillith|spa|2
|
|-weather|Sandstorm|[upkeep]
|-damage|p1a: Lillith|283\/301|[from] sandstorm
|-heal|p1a: Lillith|301\/301|[from] item: Leftovers
|turn|40
|
|switch|p1a: Annabel|Skarmory, F|333\/333 slp
|-damage|p1a: Annabel|292\/333 slp|[from] Stealth Rock
|move|p2a: Tyranitar|Fire Blast|p1a: Annabel
|-supereffective|p1a: Annabel
|-damage|p1a: Annabel|0 fnt
|faint|p1a: Annabel
|
|-weather|Sandstorm|[upkeep]
|
|switch|p1a: Pin Missile|Beedrill-Mega, F, shiny|164\/291
|-damage|p1a: Pin Missile|92\/291|[from] Stealth Rock
|turn|41
|
|switch|p2a: Amoonguss|Amoonguss, F|261\/432 brn
|move|p1a: Pin Missile|U-turn|p2a: Amoonguss
|-damage|p2a: Amoonguss|105\/432 brn
|
|switch|p1a: Magneto|Magnezone|127\/281
|-damage|p1a: Magneto|110\/281|[from] Stealth Rock
|
|-weather|Sandstorm|[upkeep]
|-damage|p2a: Amoonguss|78\/432 brn|[from] sandstorm
|-heal|p2a: Amoonguss|105\/432 brn|[from] item: Black Sludge
|-damage|p2a: Amoonguss|51\/432 brn|[from] brn
|turn|42
|
|move|p1a: Magneto|Volt Switch|p2a: Amoonguss
|-resisted|p2a: Amoonguss
|-damage|p2a: Amoonguss|0 fnt
|faint|p2a: Amoonguss
|
|switch|p1a: Lillith|Latias, F|301\/301
|-damage|p1a: Lillith|264\/301|[from] Stealth Rock
|
|-weather|Sandstorm|[upkeep]
|-damage|p1a: Lillith|246\/301|[from] sandstorm
|-heal|p1a: Lillith|264\/301|[from] item: Leftovers
|
|switch|p2a: Tyranitar|Tyranitar, M|235\/383
|turn|43
|
|move|p1a: Lillith|Healing Wish|p1a: Lillith
|faint|p1a: Lillith
|move|p2a: Tyranitar|Ice Beam|p1: Lillith|[notarget]
|-notarget
|
|-weather|none
|
|switch|p1a: Magneto|Magnezone|110\/281
|-heal|p1a: Magneto|281\/281|[from] move: Healing Wish
|-damage|p1a: Magneto|264\/281|[from] Stealth Rock
|turn|44
|
|switch|p2a: Zapdos|Zapdos|117\/384
|-ability|p2a: Zapdos|Pressure
|move|p1a: Magneto|Volt Switch|p2a: Zapdos
|-damage|p2a: Zapdos|0 fnt
|faint|p2a: Zapdos
|
|switch|p1a: Pin Missile|Beedrill-Mega, F, shiny|92\/291
|-damage|p1a: Pin Missile|20\/291|[from] Stealth Rock
|
|
|switch|p2a: Latios|Latios, M|72\/301
|turn|45
|
|move|p2a: Latios|Hidden Power|p1a: Pin Missile
|-supereffective|p1a: Pin Missile
|-damage|p1a: Pin Missile|0 fnt
|faint|p1a: Pin Missile
|
|
|switch|p1a: Magneto|Magnezone|264\/281
|-damage|p1a: Magneto|247\/281|[from] Stealth Rock
|turn|46
|
|move|p2a: Latios|Hidden Power|p1a: Magneto
|-supereffective|p1a: Magneto
|-damage|p1a: Magneto|101\/281
|move|p1a: Magneto|Thunderbolt|p2a: Latios
|-resisted|p2a: Latios
|-damage|p2a: Latios|3\/301
|
|turn|47
|c|âDrummy|gg wp
|c|âDrummy|beautiful battle without haxx and with mind
|-message|Niconico forfeited.
|leave|Niconico
|
|win|Drummy
|raw|Ladder updating...
|player|p1
|raw|Niconico's rating: 1502 &rarr; <strong>1481<\/strong><br \/>(-21 for losing)
|raw|Drummy's rating: 1480 &rarr; <strong>1501<\/strong><br \/>(+21 for winning)