|join|Chocolove
|join|Niconico
|player|p1|Chocolove|29
|player|p2|Niconico|265
|gametype|singles
|gen|6
|tier|OU (suspect test)
|rated
|clearpoke
|poke|p1|Metagross
|poke|p1|Crawdaunt, F
|poke|p1|Heatran, F
|poke|p1|Starmie
|poke|p1|Landorus-Therian, M
|poke|p1|Raikou
|poke|p2|Kyurem-Black
|poke|p2|Breloom, F, shiny
|poke|p2|Rotom-Wash
|poke|p2|Empoleon, F
|poke|p2|Talonflame, M
|poke|p2|Diancie
|rule|Swagger Clause: Swagger is banned
|rule|Baton Pass Clause: Limit one PokÃ©mon knowing Baton Pass
|rule|Sleep Clause Mod: Limit one foe put to sleep
|rule|Species Clause: Limit one of each PokÃ©mon
|rule|OHKO Clause: OHKO moves are banned
|rule|Moody Clause: Moody is banned
|rule|Evasion Moves Clause: Evasion moves are banned
|rule|Endless Battle Clause: Forcing endless battles is banned
|rule|HP Percentage Mod: HP is shown in percentages
|teampreview
|
|start
|switch|p1a: Misty|Starmie|261\/261
|switch|p2a: Roto the Legendary|Rotom-Wash|241\/241
|turn|1
|
|move|p2a: Roto the Legendary|Will-O-Wisp|p1a: Misty
|-status|p1a: Misty|brn
|move|p1a: Misty|Reflect Type|p2a: Roto the Legendary
|-start|p1a: Misty|typechange|[from] move: Reflect Type|[of] p2a: Roto the Legendary
|
|-damage|p1a: Misty|229\/261 brn|[from] brn
|turn|2
|
|switch|p2a: All Hail The King|Empoleon, F|371\/371
|move|p1a: Misty|Scald|p2a: All Hail The King
|-resisted|p2a: All Hail The King
|-damage|p2a: All Hail The King|326\/371
|
|-heal|p1a: Misty|245\/261 brn|[from] item: Leftovers
|-heal|p2a: All Hail The King|349\/371|[from] item: Leftovers
|-damage|p1a: Misty|213\/261 brn|[from] brn
|turn|3
|
|switch|p1a: Floor is lava|Heatran, F|386\/386
|move|p2a: All Hail The King|Stealth Rock|p1a: Floor is lava
|-sidestart|p1: Chocolove|move: Stealth Rock
|
|-heal|p2a: All Hail The King|371\/371|[from] item: Leftovers
|turn|4
|
|move|p1a: Floor is lava|Stealth Rock|p2a: All Hail The King
|-sidestart|p2: Niconico|move: Stealth Rock
|move|p2a: All Hail The King|Scald|p1a: Floor is lava
|-supereffective|p1a: Floor is lava
|-damage|p1a: Floor is lava|254\/386
|
|-heal|p1a: Floor is lava|278\/386|[from] item: Leftovers
|turn|5
|
|move|p2a: All Hail The King|Defog|p1a: Floor is lava
|-unboost|p1a: Floor is lava|evasion|1
|-sideend|p1: Chocolove|Stealth Rock|[from] move: Defog|[of] p1a: Floor is lava
|-sideend|p2: Niconico|Stealth Rock|[from] move: Defog|[of] p2a: All Hail The King
|move|p1a: Floor is lava|Roar|p2a: All Hail The King
|drag|p2a: Kyurem-niggar|Kyurem-Black|391\/391
|-ability|p2a: Kyurem-niggar|Teravolt
|
|-heal|p1a: Floor is lava|302\/386|[from] item: Leftovers
|turn|6
|
|switch|p2a: Roto the Legendary|Rotom-Wash|241\/241
|move|p1a: Floor is lava|Stealth Rock|p2a: Roto the Legendary
|-sidestart|p2: Niconico|move: Stealth Rock
|
|-heal|p1a: Floor is lava|326\/386|[from] item: Leftovers
|turn|7
|
|switch|p1a: Bittersteel|Metagross|302\/302
|move|p2a: Roto the Legendary|Hydro Pump|p1a: Bittersteel
|-damage|p1a: Bittersteel|112\/302
|
|turn|8
|
|switch|p1a: Crab Battle|Crawdaunt, F|268\/268
|move|p2a: Roto the Legendary|Hydro Pump|p1a: Crab Battle
|-resisted|p1a: Crab Battle
|-damage|p1a: Crab Battle|121\/268
|
|turn|9
|
|move|p2a: Roto the Legendary|Hydro Pump|p1a: Crab Battle
|-resisted|p1a: Crab Battle
|-damage|p1a: Crab Battle|0 fnt
|faint|p1a: Crab Battle
|
|
|switch|p1a: Not so based|Raikou|321\/321
|-ability|p1a: Not so based|Pressure
|turn|10
|
|switch|p2a: Kyurem-niggar|Kyurem-Black|391\/391
|-damage|p2a: Kyurem-niggar|294\/391|[from] Stealth Rock
|-ability|p2a: Kyurem-niggar|Teravolt
|move|p1a: Not so based|Thunderbolt|p2a: Kyurem-niggar
|-resisted|p2a: Kyurem-niggar
|-damage|p2a: Kyurem-niggar|206\/391
|
|turn|11
|
|move|p2a: Kyurem-niggar|Outrage|p1a: Not so based
|-damage|p1a: Not so based|0 fnt
|faint|p1a: Not so based
|
|
|switch|p1a: Bittersteel|Metagross|112\/302
|turn|12
|
|detailschange|p1a: Bittersteel|Metagross-Mega
|-mega|p1a: Bittersteel|Metagross|Metagrossite
|move|p2a: Kyurem-niggar|Outrage|p1a: Bittersteel
|-resisted|p1a: Bittersteel
|-damage|p1a: Bittersteel|18\/302
|move|p1a: Bittersteel|Meteor Mash|p2a: Kyurem-niggar
|-supereffective|p2a: Kyurem-niggar
|-damage|p2a: Kyurem-niggar|0 fnt
|faint|p2a: Kyurem-niggar
|
|
|switch|p2a: Roto the Legendary|Rotom-Wash|241\/241
|-damage|p2a: Roto the Legendary|211\/241|[from] Stealth Rock
|turn|13
|
|move|p2a: Roto the Legendary|Volt Switch|p1a: Bittersteel
|-damage|p1a: Bittersteel|0 fnt
|faint|p1a: Bittersteel
|
|switch|p2a: Locomelo|Breloom, F, shiny|323\/323
|-damage|p2a: Locomelo|303\/323|[from] Stealth Rock
|
|-status|p2a: Locomelo|tox|[from] item: Toxic Orb
|
|switch|p1a: Misty|Starmie|213\/261
|turn|14
|
|move|p1a: Misty|Psyshock|p2a: Locomelo
|-supereffective|p2a: Locomelo
|-damage|p2a: Locomelo|9\/323 tox
|move|p2a: Locomelo|Seed Bomb|p1a: Misty
|-supereffective|p1a: Misty
|-damage|p1a: Misty|0 fnt
|faint|p1a: Misty
|
|-heal|p2a: Locomelo|49\/323 tox|[from] ability: Poison Heal
|
|switch|p1a: Based Dog|Landorus-Therian, M|319\/319
|-ability|p1a: Based Dog|Intimidate|[of] p2a: Locomelo
|-unboost|p2a: Locomelo|atk|1
|turn|15
|
|move|p1a: Based Dog|U-turn|p2a: Locomelo
|-damage|p2a: Locomelo|0 fnt
|faint|p2a: Locomelo
|
|switch|p1a: Floor is lava|Heatran, F|326\/386
|
|-heal|p1a: Floor is lava|350\/386|[from] item: Leftovers
|
|switch|p2a: Roto the Legendary|Rotom-Wash|211\/241
|-damage|p2a: Roto the Legendary|181\/241|[from] Stealth Rock
|turn|16
|
|move|p2a: Roto the Legendary|Trick|p1a: Floor is lava
|-activate|p2a: Roto the Legendary|move: Trick|[of] p1a: Floor is lava
|-item|p1a: Floor is lava|Choice Scarf|[from] move: Trick
|-item|p2a: Roto the Legendary|Leftovers|[from] move: Trick
|move|p1a: Floor is lava|Roar|p2a: Roto the Legendary
|drag|p2a: All Hail The King|Empoleon, F|371\/371
|-damage|p2a: All Hail The King|348\/371|[from] Stealth Rock
|
|-heal|p2a: All Hail The King|371\/371|[from] item: Leftovers
|turn|17
|
|switch|p1a: Based Dog|Landorus-Therian, M|319\/319
|-ability|p1a: Based Dog|Intimidate|[of] p2a: All Hail The King
|-unboost|p2a: All Hail The King|atk|1
|move|p2a: All Hail The King|Defog|p1a: Based Dog
|-unboost|p1a: Based Dog|evasion|1
|-sideend|p2: Niconico|Stealth Rock|[from] move: Defog|[of] p2a: All Hail The King
|
|turn|18
|
|move|p1a: Based Dog|U-turn|p2a: All Hail The King
|-resisted|p2a: All Hail The King
|-damage|p2a: All Hail The King|329\/371
|
|switch|p1a: Floor is lava|Heatran, F|350\/386
|move|p2a: All Hail The King|Scald|p1a: Floor is lava
|-supereffective|p1a: Floor is lava
|-damage|p1a: Floor is lava|200\/386
|
|-heal|p2a: All Hail The King|352\/371|[from] item: Leftovers
|turn|19
|
|move|p1a: Floor is lava|Stealth Rock|p2a: All Hail The King
|-sidestart|p2: Niconico|move: Stealth Rock
|move|p2a: All Hail The King|Scald|p1a: Floor is lava
|-supereffective|p1a: Floor is lava
|-damage|p1a: Floor is lava|60\/386
|
|-heal|p2a: All Hail The King|371\/371|[from] item: Leftovers
|turn|20
|
|move|p1a: Floor is lava|Stealth Rock|p2a: All Hail The King
|-fail|p2a: All Hail The King
|move|p2a: All Hail The King|Defog|p1a: Floor is lava
|-unboost|p1a: Floor is lava|evasion|1
|-sideend|p2: Niconico|Stealth Rock|[from] move: Defog|[of] p2a: All Hail The King
|
|turn|21
|
|switch|p2a: Choice BAND|Talonflame, M|345\/345
|move|p1a: Floor is lava|Stealth Rock|p2a: Choice BAND
|-sidestart|p2: Niconico|move: Stealth Rock
|
|turn|22
|
|switch|p1a: Based Dog|Landorus-Therian, M|319\/319
|-ability|p1a: Based Dog|Intimidate|[of] p2a: Choice BAND
|-unboost|p2a: Choice BAND|atk|1
|move|p2a: Choice BAND|Swords Dance|p2a: Choice BAND
|-boost|p2a: Choice BAND|atk|2
|
|turn|23
|
|move|p2a: Choice BAND|Brave Bird|p1a: Based Dog
|-damage|p1a: Based Dog|0 fnt
|-damage|p2a: Choice BAND|240\/345|[from] recoil|[of] p1a: Based Dog
|faint|p1a: Based Dog
|
|
|switch|p1a: Floor is lava|Heatran, F|60\/386
|turn|24
|
|move|p2a: Choice BAND|Brave Bird|p1a: Floor is lava
|-resisted|p1a: Floor is lava
|-damage|p1a: Floor is lava|0 fnt
|-damage|p2a: Choice BAND|220\/345|[from] recoil|[of] p1a: Floor is lava
|faint|p1a: Floor is lava
|
|win|Niconico
|raw|Ladder updating...
|raw|Chocolove's rating: 1245 &rarr; <strong>1230<\/strong><br \/>(-15 for losing)
|raw|Niconico's rating: 1393 &rarr; <strong>1405<\/strong><br \/>(+12 for winning)
|leave|Niconico