|join|Niconico
|join|LONG.LIVE.MARYJANE
|player|p1|Niconico|101
|player|p2|LONG.LIVE.MARYJANE|121
|gametype|singles
|gen|6
|tier|OU (suspect test)
|rated
|clearpoke
|poke|p1|Latios, M
|poke|p1|Magnezone, shiny
|poke|p1|Landorus-Therian, M
|poke|p1|Gardevoir, F, shiny
|poke|p1|Keldeo-Resolute
|poke|p1|Kyurem-Black, shiny
|poke|p2|Latios, M, shiny
|poke|p2|Metagross, shiny
|poke|p2|Gorebyss, M
|poke|p2|Landorus, M
|poke|p2|Kyurem-Black
|poke|p2|Smeargle, F
|rule|Swagger Clause: Swagger is banned
|rule|Baton Pass Clause: Limit one PokÃ©mon knowing Baton Pass
|rule|Sleep Clause Mod: Limit one foe put to sleep
|rule|Species Clause: Limit one of each PokÃ©mon
|rule|OHKO Clause: OHKO moves are banned
|rule|Moody Clause: Moody is banned
|rule|Evasion Moves Clause: Evasion moves are banned
|rule|Endless Battle Clause: Forcing endless battles is banned
|rule|HP Percentage Mod: HP is shown in percentages
|teampreview
|
|start
|switch|p1a: Gravity Guy|Landorus-Therian, M|371\/371
|switch|p2a: Kyurem-M34Nii3|Kyurem-Black|391\/391
|-ability|p2a: Kyurem-M34Nii3|Teravolt
|-ability|p1a: Gravity Guy|Intimidate|[of] p2a: Kyurem-M34Nii3
|-unboost|p2a: Kyurem-M34Nii3|atk|1
|turn|1
|
|switch|p1a: Torappu Desu~|Magnezone, shiny|285\/285
|move|p2a: Kyurem-M34Nii3|Ice Beam|p1a: Torappu Desu~
|-resisted|p1a: Torappu Desu~
|-damage|p1a: Torappu Desu~|210\/285
|
|turn|2
|join|Raikou Klux Klan
|
|switch|p2a: GITDATTRICKRY|Metagross, shiny|301\/301
|move|p1a: Torappu Desu~|Flash Cannon|p2a: GITDATTRICKRY
|-resisted|p2a: GITDATTRICKRY
|-damage|p2a: GITDATTRICKRY|223\/301
|
|turn|3
|
|detailschange|p2a: GITDATTRICKRY|Metagross-Mega, shiny
|-mega|p2a: GITDATTRICKRY|Metagross|Metagrossite
|move|p1a: Torappu Desu~|Flash Cannon|p2a: GITDATTRICKRY
|-resisted|p2a: GITDATTRICKRY
|-damage|p2a: GITDATTRICKRY|157\/301
|move|p2a: GITDATTRICKRY|Meteor Mash|p1a: Torappu Desu~
|-resisted|p1a: Torappu Desu~
|-damage|p1a: Torappu Desu~|159\/285
|
|turn|4
|
|switch|p1a: Gravity Guy|Landorus-Therian, M|371\/371
|-ability|p1a: Gravity Guy|Intimidate|[of] p2a: GITDATTRICKRY
|-unboost|p2a: GITDATTRICKRY|atk|1
|move|p2a: GITDATTRICKRY|Earthquake|p1a: Gravity Guy
|-immune|p1a: Gravity Guy|[msg]
|
|turn|5
|
|switch|p2a: WH11P'T|Smeargle, F|313\/313
|move|p1a: Gravity Guy|Stealth Rock|p2a: WH11P'T
|-sidestart|p2: LONG.LIVE.MARYJANE|move: Stealth Rock
|
|turn|6
|
|move|p1a: Gravity Guy|Earthquake|p2a: WH11P'T
|-enditem|p2a: WH11P'T|Focus Sash
|-damage|p2a: WH11P'T|1\/313
|move|p2a: WH11P'T|Spore|p1a: Gravity Guy
|-status|p1a: Gravity Guy|slp
|
|turn|7
|
|switch|p1a: Black Veil Bride|Gardevoir, F, shiny|277\/277
|-ability|p1a: Black Veil Bride|Own Tempo|[from] ability: Trace|[of] p2a: WH11P'T
|move|p2a: WH11P'T|Rapid Spin|p1a: Black Veil Bride
|-damage|p1a: Black Veil Bride|271\/277
|-sideend|p2: LONG.LIVE.MARYJANE|Stealth Rock|[from] move: Rapid Spin|[of] p2a: WH11P'T
|
|turn|8
|
|detailschange|p1a: Black Veil Bride|Gardevoir-Mega, F, shiny
|-mega|p1a: Black Veil Bride|Gardevoir|Gardevoirite
|move|p2a: WH11P'T|Magic Coat|p2a: WH11P'T
|-singleturn|p2a: WH11P'T|move: Magic Coat
|move|p1a: Black Veil Bride|Substitute|p1a: Black Veil Bride
|-start|p1a: Black Veil Bride|Substitute
|-damage|p1a: Black Veil Bride|202\/277
|
|turn|9
|
|move|p1a: Black Veil Bride|Calm Mind|p1a: Black Veil Bride
|-boost|p1a: Black Veil Bride|spa|1
|-boost|p1a: Black Veil Bride|spd|1
|move|p2a: WH11P'T|Stealth Rock|p1a: Black Veil Bride
|-sidestart|p1: Niconico|move: Stealth Rock
|
|turn|10
|
|switch|p2a: Kyurem-M34Nii3|Kyurem-Black|391\/391
|-ability|p2a: Kyurem-M34Nii3|Teravolt
|move|p1a: Black Veil Bride|Calm Mind|p1a: Black Veil Bride
|-boost|p1a: Black Veil Bride|spa|1
|-boost|p1a: Black Veil Bride|spd|1
|
|turn|11
|
|move|p2a: Kyurem-M34Nii3|Fusion Bolt|p1a: Black Veil Bride
|-end|p1a: Black Veil Bride|Substitute
|move|p1a: Black Veil Bride|Hyper Voice|p2a: Kyurem-M34Nii3
|-crit|p2a: Kyurem-M34Nii3
|-supereffective|p2a: Kyurem-M34Nii3
|-damage|p2a: Kyurem-M34Nii3|0 fnt
|faint|p2a: Kyurem-M34Nii3
|
|
|switch|p2a: GITDATTRICKRY|Metagross-Mega, shiny|157\/301
|turn|12
|join|rms777
|
|switch|p1a: Torappu Desu~|Magnezone, shiny|159\/285
|-damage|p1a: Torappu Desu~|142\/285|[from] Stealth Rock
|move|p2a: GITDATTRICKRY|Meteor Mash|p1a: Torappu Desu~
|-resisted|p1a: Torappu Desu~
|-damage|p1a: Torappu Desu~|83\/285
|
|turn|13
|
|move|p1a: Torappu Desu~|Thunderbolt|p2a: GITDATTRICKRY
|-damage|p2a: GITDATTRICKRY|13\/301
|move|p2a: GITDATTRICKRY|Brick Break|p1a: Torappu Desu~
|-supereffective|p1a: Torappu Desu~
|-damage|p1a: Torappu Desu~|0 fnt
|faint|p1a: Torappu Desu~
|
|
|switch|p1a: Jotaro|Latios, M|301\/301
|-damage|p1a: Jotaro|264\/301|[from] Stealth Rock
|turn|14
|
|move|p1a: Jotaro|Psyshock|p2a: GITDATTRICKRY
|-resisted|p2a: GITDATTRICKRY
|-damage|p2a: GITDATTRICKRY|0 fnt
|-damage|p1a: Jotaro|234\/301|[from] item: Life Orb
|faint|p2a: GITDATTRICKRY
|
|
|switch|p2a: actually|Latios, M, shiny|363\/363
|turn|15
|
|move|p1a: Jotaro|Draco Meteor|p2a: actually
|-supereffective|p2a: actually
|-damage|p2a: actually|0 fnt
|-unboost|p1a: Jotaro|spa|2
|-damage|p1a: Jotaro|204\/301|[from] item: Life Orb
|faint|p2a: actually
|
|
|switch|p2a: ru srs rn|Gorebyss, M|313\/313
|turn|16
|
|move|p1a: Jotaro|Defog|p2a: ru srs rn
|-unboost|p2a: ru srs rn|evasion|1
|-sideend|p1: Niconico|Stealth Rock|[from] move: Defog|[of] p1a: Jotaro
|-enditem|p2a: ru srs rn|White Herb
|-restoreboost|p2a: ru srs rn|[silent]
|move|p2a: ru srs rn|Shell Smash|p2a: ru srs rn
|-boost|p2a: ru srs rn|atk|2
|-boost|p2a: ru srs rn|spa|2
|-boost|p2a: ru srs rn|spe|2
|-unboost|p2a: ru srs rn|def|1
|-unboost|p2a: ru srs rn|spd|1
|
|turn|17
|
|move|p2a: ru srs rn|Substitute|p2a: ru srs rn
|-start|p2a: ru srs rn|Substitute
|-damage|p2a: ru srs rn|235\/313
|move|p1a: Jotaro|Draco Meteor|p2a: ru srs rn
|-end|p2a: ru srs rn|Substitute
|-unboost|p1a: Jotaro|spa|2
|-damage|p1a: Jotaro|174\/301|[from] item: Life Orb
|
|turn|18
|c|âLONG.LIVE.MARYJANE|plays
|
|switch|p1a: Black Veil Bride|Gardevoir-Mega, F, shiny|202\/277
|move|p2a: ru srs rn|Substitute|p2a: ru srs rn
|-start|p2a: ru srs rn|Substitute
|-damage|p2a: ru srs rn|157\/313
|
|turn|19
|
|move|p2a: ru srs rn|Baton Pass|p2a: ru srs rn
|
|switch|p2a: ShmAKKDATT|Landorus, M|319\/319
|move|p1a: Black Veil Bride|Hyper Voice|p2a: ShmAKKDATT
|-damage|p2a: ShmAKKDATT|0 fnt
|faint|p2a: ShmAKKDATT
|
|c|âNiconico|gg
|-message|LONG.LIVE.MARYJANE forfeited.
|
|win|Niconico
|raw|Ladder updating...
|leave|LONG.LIVE.MARYJANE
|player|p2
|raw|Niconico's rating: 1337 &rarr; <strong>1355<\/strong><br \/>(+18 for winning)
|raw|LONG.LIVE.MARYJANE's rating: 1300 &rarr; <strong>1277<\/strong><br \/>(-23 for losing)
|leave|rms777