|join|Niconico
|join|irras team
|player|p1|Niconico|101
|player|p2|irras team|170
|gametype|singles
|gen|6
|tier|OU
|clearpoke
|poke|p1|Gengar, M
|poke|p1|Klefki, F
|poke|p1|Gyarados, F
|poke|p1|Landorus-Therian, M
|poke|p1|Heatran, M
|poke|p1|Seismitoad, F
|poke|p2|Smeargle, M
|poke|p2|Whimsicott, F
|poke|p2|Thundurus, M
|poke|p2|Espeon, M, shiny
|poke|p2|Azelf, shiny
|poke|p2|Manaphy
|rule|Swagger Clause: Swagger is banned
|rule|Baton Pass Clause: Limit one PokÃ©mon knowing Baton Pass
|rule|Sleep Clause Mod: Limit one foe put to sleep
|rule|Species Clause: Limit one of each PokÃ©mon
|rule|OHKO Clause: OHKO moves are banned
|rule|Moody Clause: Moody is banned
|rule|Evasion Moves Clause: Evasion moves are banned
|rule|Endless Battle Clause: Forcing endless battles is banned
|rule|HP Percentage Mod: HP is shown in percentages
|teampreview
|
|start
|switch|p1a: Klefki|Klefki, F|318\/318
|switch|p2a: Manaphy|Manaphy|341\/341
|turn|1
|
|move|p2a: Manaphy|Surf|p1a: Klefki
|-damage|p1a: Klefki|201\/318
|move|p1a: Klefki|Play Rough|p2a: Manaphy
|-damage|p2a: Manaphy|253\/341
|-unboost|p2a: Manaphy|atk|1
|
|turn|2
|
|move|p1a: Klefki|Spikes|p2a: Manaphy
|-sidestart|p2: irras team|Spikes
|move|p2a: Manaphy|Surf|p1a: Klefki
|-damage|p1a: Klefki|92\/318
|-enditem|p1a: Klefki|Sitrus Berry|[eat]
|-heal|p1a: Klefki|171\/318|[from] item: Sitrus Berry
|
|turn|3
|
|switch|p1a: Seismitoad|Seismitoad, F|407\/407
|move|p2a: Manaphy|Surf|p1a: Seismitoad
|-immune|p1a: Seismitoad|[msg]
|
|turn|4
|
|move|p2a: Manaphy|Energy Ball|p1a: Seismitoad
|-crit|p1a: Seismitoad
|-supereffective|p1a: Seismitoad
|-damage|p1a: Seismitoad|0 fnt
|faint|p1a: Seismitoad
|
|
|switch|p1a: Klefki|Klefki, F|171\/318
|turn|5
|
|move|p2a: Manaphy|Surf|p1a: Klefki
|-damage|p1a: Klefki|44\/318
|move|p1a: Klefki|Play Rough|p2a: Manaphy
|-damage|p2a: Manaphy|159\/341
|
|turn|6
|
|move|p1a: Klefki|Thunder Wave|p2a: Manaphy
|-status|p2a: Manaphy|par
|cant|p2a: Manaphy|par
|
|turn|7
|
|move|p1a: Klefki|Spikes|p2a: Manaphy
|-sidestart|p2: irras team|Spikes
|move|p2a: Manaphy|Surf|p1a: Klefki
|-damage|p1a: Klefki|0 fnt
|faint|p1a: Klefki
|
|
|switch|p1a: Gengar|Gengar, M|261\/261
|turn|8
|
|move|p1a: Gengar|Shadow Ball|p2a: Manaphy
|-damage|p2a: Manaphy|0 fnt
|-damage|p1a: Gengar|235\/261|[from] item: Life Orb
|faint|p2a: Manaphy
|
|
|switch|p2a: Thundurus|Thundurus, M|300\/300
|turn|9
|
|switch|p1a: Heatran|Heatran, M|385\/385
|move|p2a: Thundurus|Thunderbolt|p1a: Heatran
|-damage|p1a: Heatran|267\/385
|
|-heal|p1a: Heatran|291\/385|[from] item: Leftovers
|turn|10
|
|move|p2a: Thundurus|Taunt|p1a: Heatran
|-start|p1a: Heatran|move: Taunt
|move|p1a: Heatran|Lava Plume|p2a: Thundurus
|-damage|p2a: Thundurus|156\/300
|
|-heal|p1a: Heatran|315\/385|[from] item: Leftovers
|turn|11
|
|switch|p2a: Azelf|Azelf, shiny|354\/354
|move|p1a: Heatran|Lava Plume|p2a: Azelf
|-damage|p2a: Azelf|188\/354
|
|-heal|p1a: Heatran|339\/385|[from] item: Leftovers
|turn|12
|
|move|p2a: Azelf|Reflect|p2a: Azelf
|-sidestart|p2: irras team|Reflect
|move|p1a: Heatran|Lava Plume|p2a: Azelf
|-damage|p2a: Azelf|41\/354
|-status|p2a: Azelf|brn
|
|-heal|p1a: Heatran|363\/385|[from] item: Leftovers
|-damage|p2a: Azelf|0 fnt|[from] brn
|-end|p1a: Heatran|move: Taunt
|faint|p2a: Azelf
|
|switch|p2a: Whimsicott|Whimsicott, F|262\/262
|-damage|p2a: Whimsicott|219\/262|[from] Spikes
|turn|13
|
|move|p2a: Whimsicott|Tailwind|p2a: Whimsicott
|-sidestart|p2: irras team|move: Tailwind
|move|p1a: Heatran|Lava Plume|p2a: Whimsicott
|-supereffective|p2a: Whimsicott
|-damage|p2a: Whimsicott|0 fnt
|faint|p2a: Whimsicott
|
|-heal|p1a: Heatran|385\/385|[from] item: Leftovers
|
|switch|p2a: Smeargle|Smeargle, M|273\/273
|-damage|p2a: Smeargle|228\/273|[from] Spikes
|turn|14
|
|move|p2a: Smeargle|Dark Void|p1a: Heatran
|-status|p1a: Heatran|slp
|cant|p1a: Heatran|slp
|
|turn|15
|
|move|p2a: Smeargle|Geomancy|p2a: Smeargle|[still]
|-prepare|p2a: Smeargle|Geomancy|p2a: Smeargle
|-enditem|p2a: Smeargle|Power Herb
|-anim|p2a: Smeargle|Geomancy|p2a: Smeargle
|-boost|p2a: Smeargle|spa|2
|-boost|p2a: Smeargle|spd|2
|-boost|p2a: Smeargle|spe|2
|cant|p1a: Heatran|slp
|
|turn|16
|
|move|p2a: Smeargle|Baton Pass|p2a: Smeargle
|
|switch|p2a: Espeon|Espeon, M, shiny|321\/321
|-damage|p2a: Espeon|268\/321|[from] Spikes
|-curestatus|p1a: Heatran|slp
|move|p1a: Heatran|Lava Plume|p2a: Espeon
|-damage|p2a: Espeon|211\/321
|
|-heal|p2a: Espeon|231\/321|[from] item: Leftovers
|-sideend|p2: irras team|move: Tailwind
|turn|17
|c|âNiconico|fuk
|
|move|p2a: Espeon|Substitute|p2a: Espeon
|-start|p2a: Espeon|Substitute
|-damage|p2a: Espeon|151\/321
|move|p1a: Heatran|Lava Plume|p2a: Espeon
|-activate|p2a: Espeon|Substitute|[damage]
|
|-heal|p2a: Espeon|171\/321|[from] item: Leftovers
|turn|18
|
|move|p2a: Espeon|Morning Sun|p2a: Espeon
|-heal|p2a: Espeon|321\/321
|move|p1a: Heatran|Lava Plume|p2a: Espeon
|-end|p2a: Espeon|Substitute
|
|turn|19
|
|move|p2a: Espeon|Substitute|p2a: Espeon
|-start|p2a: Espeon|Substitute
|-damage|p2a: Espeon|241\/321
|move|p1a: Heatran|Lava Plume|p2a: Espeon
|-activate|p2a: Espeon|Substitute|[damage]
|
|-heal|p2a: Espeon|261\/321|[from] item: Leftovers
|-sideend|p2: irras team|Reflect
|turn|20
|
|move|p2a: Espeon|Stored Power|p1a: Heatran
|-resisted|p1a: Heatran
|-damage|p1a: Heatran|214\/385
|move|p1a: Heatran|Lava Plume|p2a: Espeon
|-end|p2a: Espeon|Substitute
|
|-heal|p2a: Espeon|281\/321|[from] item: Leftovers
|-heal|p1a: Heatran|238\/385|[from] item: Leftovers
|turn|21
|
|move|p2a: Espeon|Substitute|p2a: Espeon
|-start|p2a: Espeon|Substitute
|-damage|p2a: Espeon|201\/321
|move|p1a: Heatran|Lava Plume|p2a: Espeon
|-crit|p2a: Espeon
|-end|p2a: Espeon|Substitute
|
|-heal|p2a: Espeon|221\/321|[from] item: Leftovers
|-heal|p1a: Heatran|262\/385|[from] item: Leftovers
|turn|22
|
|move|p2a: Espeon|Substitute|p2a: Espeon
|-start|p2a: Espeon|Substitute
|-damage|p2a: Espeon|141\/321
|move|p1a: Heatran|Lava Plume|p2a: Espeon
|-activate|p2a: Espeon|Substitute|[damage]
|
|-heal|p2a: Espeon|161\/321|[from] item: Leftovers
|-heal|p1a: Heatran|286\/385|[from] item: Leftovers
|turn|23
|
|move|p2a: Espeon|Morning Sun|p2a: Espeon
|-heal|p2a: Espeon|321\/321
|move|p1a: Heatran|Lava Plume|p2a: Espeon
|-end|p2a: Espeon|Substitute
|
|-heal|p1a: Heatran|310\/385|[from] item: Leftovers
|turn|24
|c|âNiconico|NÃ£o tem calm mind?
|
|move|p2a: Espeon|Substitute|p2a: Espeon
|-start|p2a: Espeon|Substitute
|-damage|p2a: Espeon|241\/321
|move|p1a: Heatran|Lava Plume|p2a: Espeon
|-activate|p2a: Espeon|Substitute|[damage]
|
|-heal|p2a: Espeon|261\/321|[from] item: Leftovers
|-heal|p1a: Heatran|334\/385|[from] item: Leftovers
|turn|25
|
|move|p2a: Espeon|Stored Power|p1a: Heatran
|-resisted|p1a: Heatran
|-damage|p1a: Heatran|175\/385
|move|p1a: Heatran|Lava Plume|p2a: Espeon
|-end|p2a: Espeon|Substitute
|
|-heal|p2a: Espeon|281\/321|[from] item: Leftovers
|-heal|p1a: Heatran|199\/385|[from] item: Leftovers
|turn|26
|
|move|p2a: Espeon|Substitute|p2a: Espeon
|-start|p2a: Espeon|Substitute
|-damage|p2a: Espeon|201\/321
|move|p1a: Heatran|Lava Plume|p2a: Espeon
|-activate|p2a: Espeon|Substitute|[damage]
|
|-heal|p2a: Espeon|221\/321|[from] item: Leftovers
|-heal|p1a: Heatran|223\/385|[from] item: Leftovers
|turn|27
|
|move|p2a: Espeon|Stored Power|p1a: Heatran
|-resisted|p1a: Heatran
|-damage|p1a: Heatran|55\/385
|move|p1a: Heatran|Lava Plume|p2a: Espeon
|-end|p2a: Espeon|Substitute
|
|-heal|p2a: Espeon|241\/321|[from] item: Leftovers
|-heal|p1a: Heatran|79\/385|[from] item: Leftovers
|turn|28
|
|move|p2a: Espeon|Substitute|p2a: Espeon
|-start|p2a: Espeon|Substitute
|-damage|p2a: Espeon|161\/321
|move|p1a: Heatran|Lava Plume|p2a: Espeon
|-activate|p2a: Espeon|Substitute|[damage]
|
|-heal|p2a: Espeon|181\/321|[from] item: Leftovers
|-heal|p1a: Heatran|103\/385|[from] item: Leftovers
|turn|29
|
|move|p2a: Espeon|Morning Sun|p2a: Espeon
|-heal|p2a: Espeon|321\/321
|move|p1a: Heatran|Lava Plume|p2a: Espeon
|-end|p2a: Espeon|Substitute
|
|-heal|p1a: Heatran|127\/385|[from] item: Leftovers
|turn|30
|
|move|p2a: Espeon|Substitute|p2a: Espeon
|-start|p2a: Espeon|Substitute
|-damage|p2a: Espeon|241\/321
|move|p1a: Heatran|Lava Plume|p2a: Espeon
|-activate|p2a: Espeon|Substitute|[damage]
|
|-heal|p2a: Espeon|261\/321|[from] item: Leftovers
|-heal|p1a: Heatran|151\/385|[from] item: Leftovers
|turn|31
|
|move|p2a: Espeon|Stored Power|p1a: Heatran
|-resisted|p1a: Heatran
|-damage|p1a: Heatran|0 fnt
|faint|p1a: Heatran
|
|-heal|p2a: Espeon|281\/321|[from] item: Leftovers
|
|switch|p1a: Gyarados|Gyarados, F|342\/342
|-activate|p2a: Espeon|Substitute|ability: Intimidate|[of] p1a: Gyarados
|turn|32
|
|detailschange|p1a: Gyarados|Gyarados-Mega, F
|message|Gyarados has Mega Evolved into Mega Gyarados!
|-ability|p1a: Gyarados|Mold Breaker
|move|p2a: Espeon|Dazzling Gleam|p1a: Gyarados
|-supereffective|p1a: Gyarados
|-damage|p1a: Gyarados|106\/342
|move|p1a: Gyarados|Substitute|p1a: Gyarados
|-start|p1a: Gyarados|Substitute
|-damage|p1a: Gyarados|21\/342
|
|-heal|p2a: Espeon|301\/321|[from] item: Leftovers
|turn|33
|
|move|p2a: Espeon|Dazzling Gleam|p1a: Gyarados
|-supereffective|p1a: Gyarados
|-end|p1a: Gyarados|Substitute
|move|p1a: Gyarados|Crunch|p2a: Espeon
|-supereffective|p2a: Espeon
|-end|p2a: Espeon|Substitute
|
|-heal|p2a: Espeon|321\/321|[from] item: Leftovers
|turn|34
|c|âNiconico|>->
|c|âirras team|=\
|c|âNiconico|Que porra de espeon e esse?!
|
|move|p2a: Espeon|Dazzling Gleam|p1a: Gyarados
|-supereffective|p1a: Gyarados
|-damage|p1a: Gyarados|0 fnt
|faint|p1a: Gyarados
|
|
|switch|p1a: Landorus-Therian|Landorus-Therian, M|319\/319
|-ability|p1a: Landorus-Therian|Intimidate|[of] p2a: Espeon
|-unboost|p2a: Espeon|atk|1
|turn|35
|
|move|p2a: Espeon|Stored Power|p1a: Landorus-Therian
|-crit|p1a: Landorus-Therian
|-damage|p1a: Landorus-Therian|0 fnt
|faint|p1a: Landorus-Therian
|
|c|âNiconico|Ah
|c|âirras team|cabo
|c|âNiconico|bg
|c|âNiconico|rs
|
|switch|p1a: Gengar|Gengar, M|235\/261
|turn|36
|c|âirras team|=]
|
|move|p2a: Espeon|Stored Power|p1a: Gengar
|-crit|p1a: Gengar
|-supereffective|p1a: Gengar
|-damage|p1a: Gengar|0 fnt
|faint|p1a: Gengar
|
|win|irras team
|leave|Niconico
|player|p1