|J|Niconico
|J|HaxBro.K
|player|p1|Niconico|2
|player|p2|HaxBro.K|1
|gametype|singles
|gen|6
|tier|OU
|clearpoke
|poke|p1|Clefable, M, shiny
|poke|p1|Metagross
|poke|p1|Garchomp, F, shiny
|poke|p1|Tornadus-Therian, M
|poke|p1|Keldeo-Resolute
|poke|p1|Rotom-Mow
|poke|p2|Diancie
|poke|p2|Rotom-Wash, shiny
|poke|p2|Kyurem-Black
|poke|p2|Azelf
|poke|p2|Bisharp, F
|poke|p2|Landorus-Therian, M
|rule|Swagger Clause: Swagger is banned
|rule|Baton Pass Clause: Limit one PokÃ©mon knowing Baton Pass
|rule|Sleep Clause Mod: Limit one foe put to sleep
|rule|Species Clause: Limit one of each PokÃ©mon
|rule|OHKO Clause: OHKO moves are banned
|rule|Moody Clause: Moody is banned
|rule|Evasion Moves Clause: Evasion moves are banned
|rule|Endless Battle Clause: Forcing endless battles is banned
|rule|HP Percentage Mod: HP is shown in percentages
|teampreview
|J|Irkalla.
|J|Disenchanted
|c|+Irkalla.|:>
|
|start
|switch|p1a: Bird Brain|Tornadus-Therian, M|337\/337
|switch|p2a: Azelf|Azelf|291\/291
|turn|1
|c|âHaxBro.K|gl hf o\/
|
|move|p1a: Bird Brain|Knock Off|p2a: Azelf
|-supereffective|p2a: Azelf
|-damage|p2a: Azelf|93\/291
|-enditem|p2a: Azelf|Focus Sash|[from] move: Knock Off|[of] p1a: Bird Brain
|move|p2a: Azelf|Stealth Rock|p1a: Bird Brain
|-sidestart|p1: Niconico|move: Stealth Rock
|
|turn|2
|J|GoaoTwo
|J|ggggd
|
|switch|p2a: Rotom-Wash|Rotom-Wash, shiny|303\/303
|move|p1a: Bird Brain|U-turn|p2a: Rotom-Wash
|-damage|p2a: Rotom-Wash|264\/303
|
|switch|p1a: Hit Gal|Garchomp, F, shiny|357\/357
|-damage|p1a: Hit Gal|335\/357|[from] Stealth Rock
|
|-heal|p2a: Rotom-Wash|282\/303|[from] item: Leftovers
|turn|3
|
|move|p1a: Hit Gal|Stealth Rock|p2a: Rotom-Wash
|-sidestart|p2: HaxBro.K|move: Stealth Rock
|move|p2a: Rotom-Wash|Will-O-Wisp|p1a: Hit Gal
|-status|p1a: Hit Gal|brn
|
|-heal|p2a: Rotom-Wash|300\/303|[from] item: Leftovers
|-damage|p1a: Hit Gal|291\/357 brn|[from] brn
|turn|4
|
|switch|p1a: Tingle|Clefable, M, shiny|393\/393
|-damage|p1a: Tingle|344\/393|[from] Stealth Rock
|move|p2a: Rotom-Wash|Volt Switch|p1a: Tingle
|-damage|p1a: Tingle|269\/393
|
|switch|p2a: Bisharp|Bisharp, F|271\/271
|-damage|p2a: Bisharp|255\/271|[from] Stealth Rock
|
|-heal|p1a: Tingle|293\/393|[from] item: Leftovers
|turn|5
|
|switch|p1a: Divine Justice!!!|Keldeo-Resolute|323\/323
|-damage|p1a: Divine Justice!!!|303\/323|[from] Stealth Rock
|move|p2a: Bisharp|Substitute|p2a: Bisharp
|-start|p2a: Bisharp|Substitute
|-damage|p2a: Bisharp|188\/271
|
|turn|6
|J|molgeraa
|
|move|p1a: Divine Justice!!!|Scald|p2a: Bisharp
|-end|p2a: Bisharp|Substitute
|move|p2a: Bisharp|Knock Off|p1a: Divine Justice!!!
|-resisted|p1a: Divine Justice!!!
|-damage|p1a: Divine Justice!!!|210\/323
|-boost|p1a: Divine Justice!!!|atk|1|[from] ability: Justified
|-enditem|p1a: Divine Justice!!!|Choice Specs|[from] move: Knock Off|[of] p2a: Bisharp
|
|turn|7
|J|Sagati
|
|switch|p2a: Rotom-Wash|Rotom-Wash, shiny|300\/303
|-damage|p2a: Rotom-Wash|263\/303|[from] Stealth Rock
|move|p1a: Divine Justice!!!|Scald|p2a: Rotom-Wash
|-resisted|p2a: Rotom-Wash
|-damage|p2a: Rotom-Wash|191\/303
|
|-heal|p2a: Rotom-Wash|209\/303|[from] item: Leftovers
|turn|8
|
|switch|p1a: Hit Gal|Garchomp, F, shiny|291\/357 brn
|-damage|p1a: Hit Gal|269\/357 brn|[from] Stealth Rock
|move|p2a: Rotom-Wash|Volt Switch|p1a: Hit Gal
|-immune|p1a: Hit Gal|[msg]
|
|-heal|p2a: Rotom-Wash|227\/303|[from] item: Leftovers
|-damage|p1a: Hit Gal|225\/357 brn|[from] brn
|turn|9
|
|move|p1a: Hit Gal|Draco Meteor|p2a: Rotom-Wash
|-damage|p2a: Rotom-Wash|28\/303
|-unboost|p1a: Hit Gal|spa|2
|-damage|p1a: Hit Gal|190\/357 brn|[from] item: Life Orb
|move|p2a: Rotom-Wash|Hydro Pump|p1a: Hit Gal|[miss]
|-miss|p2a: Rotom-Wash|p1a: Hit Gal
|
|-heal|p2a: Rotom-Wash|46\/303|[from] item: Leftovers
|-damage|p1a: Hit Gal|146\/357 brn|[from] brn
|turn|10
|
|move|p1a: Hit Gal|Draco Meteor|p2a: Rotom-Wash
|-damage|p2a: Rotom-Wash|0 fnt
|-unboost|p1a: Hit Gal|spa|2
|-damage|p1a: Hit Gal|111\/357 brn|[from] item: Life Orb
|faint|p2a: Rotom-Wash
|
|-damage|p1a: Hit Gal|67\/357 brn|[from] brn
|
|switch|p2a: Kyurem-Black|Kyurem-Black|395\/395
|-damage|p2a: Kyurem-Black|297\/395|[from] Stealth Rock
|-ability|p2a: Kyurem-Black|Teravolt
|turn|11
|
|move|p1a: Hit Gal|Draco Meteor|p2a: Kyurem-Black
|-supereffective|p2a: Kyurem-Black
|-damage|p2a: Kyurem-Black|146\/395
|-unboost|p1a: Hit Gal|spa|2
|-damage|p1a: Hit Gal|32\/357 brn|[from] item: Life Orb
|move|p2a: Kyurem-Black|Substitute|p2a: Kyurem-Black
|-start|p2a: Kyurem-Black|Substitute
|-damage|p2a: Kyurem-Black|48\/395
|
|-heal|p2a: Kyurem-Black|72\/395|[from] item: Leftovers
|-damage|p1a: Hit Gal|0 fnt|[from] brn
|faint|p1a: Hit Gal
|c|+Irkalla.|:>
|c|+Sagati|:)
|
|switch|p1a: Tingle|Clefable, M, shiny|293\/393
|-damage|p1a: Tingle|244\/393|[from] Stealth Rock
|turn|12
|
|move|p2a: Kyurem-Black|Ice Beam|p1a: Tingle
|-damage|p1a: Tingle|105\/393
|move|p1a: Tingle|Moonblast|p2a: Kyurem-Black
|-supereffective|p2a: Kyurem-Black
|-end|p2a: Kyurem-Black|Substitute
|
|-heal|p2a: Kyurem-Black|96\/395|[from] item: Leftovers
|-heal|p1a: Tingle|129\/393|[from] item: Leftovers
|turn|13
|c|+molgeraa|:(
|c|+molgeraa|fable full spc.def?
|
|move|p2a: Kyurem-Black|Ice Beam|p1a: Tingle
|-damage|p1a: Tingle|0 fnt
|faint|p1a: Tingle
|
|-heal|p2a: Kyurem-Black|120\/395|[from] item: Leftovers
|c|+Sagati|isso Ã© por algum tour?
|
|switch|p1a: Divine Justice!!!|Keldeo-Resolute|210\/323
|-damage|p1a: Divine Justice!!!|190\/323|[from] Stealth Rock
|turn|14
|c|âHaxBro.K|semi final do summer games
|c|+Sagati|lol
|
|move|p1a: Divine Justice!!!|Scald|p2a: Kyurem-Black
|-resisted|p2a: Kyurem-Black
|-damage|p2a: Kyurem-Black|47\/395
|move|p2a: Kyurem-Black|Fusion Bolt|p1a: Divine Justice!!!
|-supereffective|p1a: Divine Justice!!!
|-damage|p1a: Divine Justice!!!|0 fnt
|faint|p1a: Divine Justice!!!
|
|-heal|p2a: Kyurem-Black|71\/395|[from] item: Leftovers
|c|+ggggd|deu certo
|c|+molgeraa|o hax vence
|
|switch|p1a: Bird Brain|Tornadus-Therian, M|337\/337
|-damage|p1a: Bird Brain|253\/337|[from] Stealth Rock
|turn|15
|c|+Sagati|que hax
|c|+Sagati|o.o
|c|+molgeraa|Ã© o koga que tÃ¡ batalhando
|c|+molgeraa|entao Ã© hax mesmo
|c|+Sagati|eu sei
|
|move|p1a: Bird Brain|Knock Off|p2a: Kyurem-Black
|-damage|p2a: Kyurem-Black|0 fnt
|-enditem|p2a: Kyurem-Black|Leftovers|[from] move: Knock Off|[of] p1a: Bird Brain
|faint|p2a: Kyurem-Black
|
|c|+Sagati|ah
|c|+molgeraa|se prepara
|c|+molgeraa|Pros crits
|c|+molgeraa|e misses
|c|+molgeraa|Esse tornadus tem hurricane ou air slash?
|c|âNiconico|acrobatis
|c|âNiconico|O_O
|c|+Sagati|o hax vai ser de diamond crit ou sucker..esperem
|c|+molgeraa|entÃ£o tÃ¡ livre de hax
|c|+molgeraa|Eu aposto no sucker
|c|+molgeraa|.
|
|switch|p2a: Diancie|Diancie|241\/241
|-damage|p2a: Diancie|211\/241|[from] Stealth Rock
|turn|16
|c|+Irkalla.|Go Juls <3
|
|detailschange|p2a: Diancie|Diancie-Mega
|-mega|p2a: Diancie|Diancie|Diancite
|move|p1a: Bird Brain|U-turn|p2a: Diancie
|-resisted|p2a: Diancie
|-damage|p2a: Diancie|188\/241
|
|switch|p1a: Metabolic|Metagross|321\/321
|-damage|p1a: Metabolic|301\/321|[from] Stealth Rock
|move|p2a: Diancie|Diamond Storm|p1a: Metabolic
|-resisted|p1a: Metabolic
|-damage|p1a: Metabolic|227\/321
|-boost|p2a: Diancie|def|1
|
|turn|17
|c|+Irkalla.|Que pocemÃ£o feioso.
|c|+ggggd|earth power crit
|c|+ggggd|sn
|c|+Sagati|mata sem crit :v
|c|+Sagati|sn
|c|+ggggd|n
|c|+Sagati|!calc
|raw|<div class="infobox">Pokemon Showdown! damage calculator. (Courtesy of Honko)<br \/>- <a href="https:\/\/pokemonshowdown.com\/damagecalc\/">Damage Calculator<\/a><\/div>
|J|Minato
|c|+ggggd|mata sim
|c|+ggggd|eita
|c|+Irkalla.|o-o
|
|detailschange|p1a: Metabolic|Metagross-Mega
|-mega|p1a: Metabolic|Metagross|Metagrossite
|move|p1a: Metabolic|Bullet Punch|p2a: Diancie
|-supereffective|p2a: Diancie
|-damage|p2a: Diancie|0 fnt
|faint|p2a: Diancie
|
|c|+Irkalla.|O-O
|c|+Sagati|nossa que anemia
|c|+Sagati|era pra resistir a isso ae com +1 def
|c|+Sagati|:v
|c|+Minato|vale algo essa zuera?
|c|+Disenchanted|sumer games, minato
|c|âHaxBro.K|semi do summer
|c|+Minato|ah sim
|c|+Minato|quem Ã© niconico?
|c|+Irkalla.|Ois :3
|c|+Disenchanted|al-kun
|c|+Irkalla.|Go Juls :3
|c|+Irkalla.|Brb, editando o post :*
|
|switch|p2a: Bisharp|Bisharp, F|188\/271
|-damage|p2a: Bisharp|172\/271|[from] Stealth Rock
|turn|18
|
|switch|p1a: Loto The Legendary|Rotom-Mow|241\/241
|-damage|p1a: Loto The Legendary|211\/241|[from] Stealth Rock
|move|p2a: Bisharp|Sucker Punch|p1a: Loto The Legendary
|-fail|p1a: Loto The Legendary
|
|turn|19
|c|+Irkalla.|Pergunta. Zigzagoon Ã© quem? Confirmou no PokÃ©Clan mas nÃ£o vejo em nenhum clÃ£?
|c|+Irkalla.|o-o
|c|+GoaoTwo|da imo
|c|+Irkalla.|Ah, certo.
|c|âNiconico|E do clan do soul
|c|+Irkalla.|Eu abreviei e nÃ£o vi JJEOPEEPIEJEIOE
|c|+Irkalla.|Ty <3
|J|silverghoooost
|c|+silverghoooost|haxeia
|c|+silverghoooost|o lixo
|c|+silverghoooost|do koga
|c|+silverghoooost|perdeu pro koga
|c|+silverghoooost|q merda
|c|+silverghoooost|=[
|
|move|p1a: Loto The Legendary|Volt Switch|p2a: Bisharp
|-damage|p2a: Bisharp|21\/271
|L|molgeraa
|
|switch|p1a: Bird Brain|Tornadus-Therian, M|337\/337
|-damage|p1a: Bird Brain|253\/337|[from] Stealth Rock
|move|p2a: Bisharp|Knock Off|p1a: Bird Brain
|-damage|p1a: Bird Brain|30\/337
|-enditem|p1a: Bird Brain|Assault Vest|[from] move: Knock Off|[of] p2a: Bisharp
|
|turn|20
|c|+silverghoooost|rip in peace
|c|+silverghoooost|koga lixo do bos 
|c|+silverghoooost|.
|c|+Sagati|:v
|c|+silverghoooost|eu dava roost
|c|+Irkalla.|o-o
|c|+silverghoooost|._.
|c|+Sagati|k
|c|+silverghoooost|sÃ³ aqui q os megas tao invisiveis?
|c|+ggggd|aqui tbm
|c|+Sagati|s
|c|âNiconico|em todo lugar esta assim
|c|+silverghoooost|alkun dpois vamos jogar
|c|+silverghoooost|oras
|c|+silverghoooost|._.
|
|switch|p1a: Loto The Legendary|Rotom-Mow|211\/241
|-damage|p1a: Loto The Legendary|181\/241|[from] Stealth Rock
|move|p2a: Bisharp|Knock Off|p1a: Loto The Legendary
|-damage|p1a: Loto The Legendary|19\/241
|-enditem|p1a: Loto The Legendary|Choice Scarf|[from] move: Knock Off|[of] p2a: Bisharp
|
|turn|21
|c|+silverghoooost|nao saia do serve
|c|+Sagati|:)
|c|+silverghoooost|pora alkun pq nao deu roost ._.
|c|+GoaoTwo|assault vest
|c|+GoaoTwo|roost
|c|+GoaoTwo|vc eh um bosta mesm
|
|move|p2a: Bisharp|Sucker Punch|p1a: Loto The Legendary
|-fail|p1a: Loto The Legendary
|move|p1a: Loto The Legendary|Will-O-Wisp|p2a: Bisharp
|-status|p2a: Bisharp|brn
|-enditem|p2a: Bisharp|Lum Berry|[eat]
|-curestatus|p2a: Bisharp|brn
|
|turn|22
|c|+ggggd|eita
|c|+ggggd|estrategiaa
|
|switch|p2a: Azelf|Azelf|93\/291
|-damage|p2a: Azelf|57\/291|[from] Stealth Rock
|move|p1a: Loto The Legendary|Leaf Storm|p2a: Azelf
|-damage|p2a: Azelf|0 fnt
|-unboost|p1a: Loto The Legendary|spa|2
|faint|p2a: Azelf
|
|c|âNiconico|caiu
|
|switch|p2a: Landorus-Therian|Landorus-Therian, M|319\/319
|-damage|p2a: Landorus-Therian|280\/319|[from] Stealth Rock
|-ability|p2a: Landorus-Therian|Intimidate|[of] p1a: Loto The Legendary
|-unboost|p1a: Loto The Legendary|atk|1
|turn|23
|
|move|p2a: Landorus-Therian|U-turn|p1a: Loto The Legendary
|-supereffective|p1a: Loto The Legendary
|-damage|p1a: Loto The Legendary|0 fnt
|faint|p1a: Loto The Legendary
|
|switch|p2a: Bisharp|Bisharp, F|21\/271
|-damage|p2a: Bisharp|5\/271|[from] Stealth Rock
|
|
|switch|p1a: Metabolic|Metagross-Mega|227\/321
|-damage|p1a: Metabolic|207\/321|[from] Stealth Rock
|turn|24
|
|switch|p2a: Landorus-Therian|Landorus-Therian, M|280\/319
|-damage|p2a: Landorus-Therian|241\/319|[from] Stealth Rock
|-ability|p2a: Landorus-Therian|Intimidate|[of] p1a: Metabolic
|-unboost|p1a: Metabolic|atk|1
|move|p1a: Metabolic|Bullet Punch|p2a: Landorus-Therian
|-damage|p2a: Landorus-Therian|153\/319
|
|turn|25
|L|ggggd
|c|+silverghoooost|ganho  ja
|c|+silverghoooost|.-.
|c|+silverghoooost|jogada dificil
|c|+silverghoooost|.x
|c|âHaxBro.K|sim
|c|âHaxBro.K|nem Ã© 50\/50
|c|+silverghoooost|mas Ã© 50\/50
|c|âHaxBro.K|Ã© 50\/50\/50\/50
|c|+Disenchanted|ei soul
|c|+silverghoooost|q
|c|+Disenchanted|desde qnd vc sabe
|c|+Disenchanted|oq eh 50\/50?
|c|+silverghoooost|._.
|c|+silverghoooost|desde antes de tu comeÃ§ar a jogar
|
|move|p1a: Metabolic|Bullet Punch|p2a: Landorus-Therian
|-damage|p2a: Landorus-Therian|72\/319
|move|p2a: Landorus-Therian|Earthquake|p1a: Metabolic
|-supereffective|p1a: Metabolic
|-damage|p1a: Metabolic|0 fnt
|faint|p1a: Metabolic
|
|c|+GoaoTwo|gg
|
|switch|p1a: Bird Brain|Tornadus-Therian, M|142\/337
|-damage|p1a: Bird Brain|58\/337|[from] Stealth Rock
|turn|26
|c|+silverghoooost|eita
|c|+silverghoooost|perdeu
|c|+GoaoTwo|10 minuto pensando pra da certo
|c|+silverghoooost|alcu
|
|switch|p2a: Bisharp|Bisharp, F|5\/271
|-damage|p2a: Bisharp|0 fnt|[from] Stealth Rock
|faint|p2a: Bisharp
|move|p1a: Bird Brain|Knock Off|p2: Bisharp|[notarget]
|-notarget
|
|c|+silverghoooost|era por torneo?
|
|switch|p2a: Landorus-Therian|Landorus-Therian, M|72\/319
|-damage|p2a: Landorus-Therian|33\/319|[from] Stealth Rock
|-ability|p2a: Landorus-Therian|Intimidate|[of] p1a: Bird Brain
|-unboost|p1a: Bird Brain|atk|1
|turn|27
|c|âNiconico|seim
|c|âNiconico|sim
|c|+silverghoooost|rip in peace
|c|âHaxBro.K|semi do summer games
|c|+silverghoooost|entao
|c|+silverghoooost|revela o sucker
|c|+Irkalla.|O-O
|
|move|p2a: Landorus-Therian|Knock Off|p1a: Bird Brain
|-damage|p1a: Bird Brain|0 fnt
|faint|p1a: Bird Brain
|
|win|HaxBro.K
|c|âHaxBro.K|ggzao
|c|+Irkalla.|:>
|c|âHaxBro.K|:D
|L|Minato
|c|âNiconico|g