|J|The Daisuke
|J|Niconico
|player|p1|The Daisuke|290
|player|p2|Niconico|2
|gametype|singles
|gen|6
|tier|OU
|clearpoke
|poke|p1|Terrakion
|poke|p1|Latios, M
|poke|p1|Keldeo
|poke|p1|Rotom-Wash
|poke|p1|Scizor, F
|poke|p1|Landorus-Therian, M
|poke|p2|Azumarill, F, shiny
|poke|p2|Latias, F, shiny
|poke|p2|Magnezone
|poke|p2|Landorus-Therian, M
|poke|p2|Ferrothorn, M
|poke|p2|Medicham, F, shiny
|rule|Swagger Clause: Swagger is banned
|rule|Baton Pass Clause: Limit one PokÃ©mon knowing Baton Pass
|rule|Sleep Clause Mod: Limit one foe put to sleep
|rule|Species Clause: Limit one of each PokÃ©mon
|rule|OHKO Clause: OHKO moves are banned
|rule|Moody Clause: Moody is banned
|rule|Evasion Moves Clause: Evasion moves are banned
|rule|Endless Battle Clause: Forcing endless battles is banned
|rule|HP Percentage Mod: HP is shown in percentages
|teampreview
|J|GoaoTwo
|c|+GoaoTwo|Ã© pela final do tour lÃ¡?
|
|start
|switch|p1a: Landorus-Therian|Landorus-Therian, M|327\/327
|switch|p2a: Ronda Rousey|Medicham, F, shiny|266\/266
|-ability|p1a: Landorus-Therian|Intimidate|[of] p2a: Ronda Rousey
|-unboost|p2a: Ronda Rousey|atk|1
|turn|1
|
|detailschange|p2a: Ronda Rousey|Medicham-Mega, F, shiny
|-mega|p2a: Ronda Rousey|Medicham|Medichamite
|move|p2a: Ronda Rousey|Fake Out|p1a: Landorus-Therian
|-damage|p1a: Landorus-Therian|266\/327
|cant|p1a: Landorus-Therian|flinch
|
|turn|2
|
|switch|p2a: Spore Spawn|Ferrothorn, M|352\/352
|move|p1a: Landorus-Therian|U-turn|p2a: Spore Spawn
|-damage|p2a: Spore Spawn|290\/352
|-damage|p1a: Landorus-Therian|226\/327|[from] ability: Iron Barbs|[of] p2a: Spore Spawn
|
|switch|p1a: Rotom-Wash|Rotom-Wash|304\/304
|
|-heal|p2a: Spore Spawn|312\/352|[from] item: Leftovers
|turn|3
|
|move|p1a: Rotom-Wash|Will-O-Wisp|p2a: Spore Spawn
|-status|p2a: Spore Spawn|brn
|move|p2a: Spore Spawn|Stealth Rock|p1a: Rotom-Wash
|-sidestart|p1: The Daisuke|move: Stealth Rock
|
|-heal|p2a: Spore Spawn|334\/352 brn|[from] item: Leftovers
|-damage|p2a: Spore Spawn|290\/352 brn|[from] brn
|turn|4
|
|move|p1a: Rotom-Wash|Volt Switch|p2a: Spore Spawn
|-resisted|p2a: Spore Spawn
|-damage|p2a: Spore Spawn|249\/352 brn
|
|switch|p1a: Scizor|Scizor, F|343\/343
|-damage|p1a: Scizor|301\/343|[from] Stealth Rock
|move|p2a: Spore Spawn|Thunder Wave|p1a: Scizor
|-status|p1a: Scizor|par
|
|-heal|p2a: Spore Spawn|271\/352 brn|[from] item: Leftovers
|-damage|p2a: Spore Spawn|227\/352 brn|[from] brn
|turn|5
|J|SoulDragonite
|J|Brazilian Army
|c|~SoulDragonite|eita
|
|detailschange|p1a: Scizor|Scizor-Mega, F
|-mega|p1a: Scizor|Scizor|Scizorite
|move|p1a: Scizor|U-turn|p2a: Spore Spawn
|-damage|p2a: Spore Spawn|137\/352 brn
|-damage|p1a: Scizor|259\/343 par|[from] ability: Iron Barbs|[of] p2a: Spore Spawn
|c|~SoulDragonite|nem me rippo ne
|
|switch|p1a: Rotom-Wash|Rotom-Wash|304\/304
|-damage|p1a: Rotom-Wash|266\/304|[from] Stealth Rock
|move|p2a: Spore Spawn|Leech Seed|p1a: Rotom-Wash
|-start|p1a: Rotom-Wash|move: Leech Seed
|
|-heal|p1a: Rotom-Wash|285\/304|[from] item: Leftovers
|-heal|p2a: Spore Spawn|159\/352 brn|[from] item: Leftovers
|-damage|p1a: Rotom-Wash|247\/304|[from] Leech Seed|[of] p2a: Spore Spawn
|-heal|p2a: Spore Spawn|197\/352 brn|[silent]
|-damage|p2a: Spore Spawn|153\/352 brn|[from] brn
|turn|6
|c|+Brazilian Army|isso nÃ£o Ã© oras ainda?
|c|+Brazilian Army|Pessoal aqui 
|c|+Brazilian Army|tudo rippÃ£o
|c|+Brazilian Army|kkkk
|
|move|p1a: Rotom-Wash|Volt Switch|p2a: Spore Spawn
|-resisted|p2a: Spore Spawn
|-damage|p2a: Spore Spawn|112\/352 brn
|
|switch|p1a: Scizor|Scizor-Mega, F|259\/343 par
|-damage|p1a: Scizor|217\/343 par|[from] Stealth Rock
|move|p2a: Spore Spawn|Leech Seed|p1a: Scizor
|-start|p1a: Scizor|move: Leech Seed
|
|-heal|p2a: Spore Spawn|134\/352 brn|[from] item: Leftovers
|-damage|p1a: Scizor|175\/343 par|[from] Leech Seed|[of] p2a: Spore Spawn
|-heal|p2a: Spore Spawn|176\/352 brn|[silent]
|-damage|p2a: Spore Spawn|132\/352 brn|[from] brn
|turn|7
|
|cant|p1a: Scizor|par
|move|p2a: Spore Spawn|Thunder Wave|p1a: Scizor
|-fail|p1a: Scizor|par
|
|-heal|p2a: Spore Spawn|154\/352 brn|[from] item: Leftovers
|-damage|p1a: Scizor|133\/343 par|[from] Leech Seed|[of] p2a: Spore Spawn
|-heal|p2a: Spore Spawn|196\/352 brn|[silent]
|-damage|p2a: Spore Spawn|152\/352 brn|[from] brn
|turn|8
|
|move|p1a: Scizor|Roost|p1a: Scizor
|-heal|p1a: Scizor|305\/343 par
|move|p2a: Spore Spawn|Thunder Wave|p1a: Scizor
|-fail|p1a: Scizor|par
|
|-heal|p2a: Spore Spawn|174\/352 brn|[from] item: Leftovers
|-damage|p1a: Scizor|263\/343 par|[from] Leech Seed|[of] p2a: Spore Spawn
|-heal|p2a: Spore Spawn|216\/352 brn|[silent]
|-damage|p2a: Spore Spawn|172\/352 brn|[from] brn
|turn|9
|c|+GoaoTwo|gama o time do daisuke Ã© seu?
|c|~SoulDragonite|eh
|
|cant|p1a: Scizor|par
|move|p2a: Spore Spawn|Leech Seed|p1a: Scizor
|-fail|p1a: Scizor
|
|-heal|p2a: Spore Spawn|194\/352 brn|[from] item: Leftovers
|-damage|p1a: Scizor|221\/343 par|[from] Leech Seed|[of] p2a: Spore Spawn
|-heal|p2a: Spore Spawn|236\/352 brn|[silent]
|-damage|p2a: Spore Spawn|192\/352 brn|[from] brn
|turn|10
|c|+GoaoTwo|eh bom
|
|move|p1a: Scizor|U-turn|p2a: Spore Spawn
|-damage|p2a: Spore Spawn|110\/352 brn
|-damage|p1a: Scizor|179\/343 par|[from] ability: Iron Barbs|[of] p2a: Spore Spawn
|
|switch|p1a: Rotom-Wash|Rotom-Wash|247\/304
|-damage|p1a: Rotom-Wash|209\/304|[from] Stealth Rock
|move|p2a: Spore Spawn|Leech Seed|p1a: Rotom-Wash
|-start|p1a: Rotom-Wash|move: Leech Seed
|
|-heal|p1a: Rotom-Wash|228\/304|[from] item: Leftovers
|-heal|p2a: Spore Spawn|132\/352 brn|[from] item: Leftovers
|-damage|p1a: Rotom-Wash|190\/304|[from] Leech Seed|[of] p2a: Spore Spawn
|-heal|p2a: Spore Spawn|170\/352 brn|[silent]
|-damage|p2a: Spore Spawn|126\/352 brn|[from] brn
|turn|11
|J|retorno
|c|âNiconico|amor ferro D:
|
|move|p1a: Rotom-Wash|Volt Switch|p2a: Spore Spawn
|-resisted|p2a: Spore Spawn
|-damage|p2a: Spore Spawn|86\/352 brn
|
|switch|p1a: Scizor|Scizor-Mega, F|179\/343 par
|-damage|p1a: Scizor|137\/343 par|[from] Stealth Rock
|move|p2a: Spore Spawn|Thunder Wave|p1a: Scizor
|-fail|p1a: Scizor|par
|
|-heal|p2a: Spore Spawn|108\/352 brn|[from] item: Leftovers
|-damage|p2a: Spore Spawn|64\/352 brn|[from] brn
|turn|12
|c|âNiconico|ops
|
|move|p1a: Scizor|Roost|p1a: Scizor
|-heal|p1a: Scizor|309\/343 par
|move|p2a: Spore Spawn|Leech Seed|p1a: Scizor
|-start|p1a: Scizor|move: Leech Seed
|
|-heal|p2a: Spore Spawn|86\/352 brn|[from] item: Leftovers
|-damage|p1a: Scizor|267\/343 par|[from] Leech Seed|[of] p2a: Spore Spawn
|-heal|p2a: Spore Spawn|128\/352 brn|[silent]
|-damage|p2a: Spore Spawn|84\/352 brn|[from] brn
|turn|13
|
|move|p1a: Scizor|U-turn|p2a: Spore Spawn
|-damage|p2a: Spore Spawn|2\/352 brn
|-damage|p1a: Scizor|225\/343 par|[from] ability: Iron Barbs|[of] p2a: Spore Spawn
|
|switch|p1a: Landorus-Therian|Landorus-Therian, M|226\/327
|-damage|p1a: Landorus-Therian|186\/327|[from] Stealth Rock
|-ability|p1a: Landorus-Therian|Intimidate|[of] p2a: Spore Spawn
|-unboost|p2a: Spore Spawn|atk|1
|move|p2a: Spore Spawn|Leech Seed|p1a: Landorus-Therian
|-start|p1a: Landorus-Therian|move: Leech Seed
|
|-heal|p2a: Spore Spawn|24\/352 brn|[from] item: Leftovers
|-damage|p1a: Landorus-Therian|146\/327|[from] Leech Seed|[of] p2a: Spore Spawn
|-heal|p2a: Spore Spawn|64\/352 brn|[silent]
|-damage|p2a: Spore Spawn|20\/352 brn|[from] brn
|turn|14
|c|+retorno|gama
|c|+retorno|vou ganhar o delibird
|c|+retorno|por vc
|c|~SoulDragonite|ok
|c|~SoulDragonite|owna com meu time la
|
|move|p1a: Landorus-Therian|Earthquake|p2a: Spore Spawn
|-damage|p2a: Spore Spawn|0 fnt
|faint|p2a: Spore Spawn
|
|c|+retorno|suave lekao
|c|+retorno|yn
|c|+retorno|o time eh mo daorinha
|c|~SoulDragonite|y .x
|c|+retorno|foda q greninja
|c|+retorno|quebra  ele
|c|+retorno|todo
|c|+retorno|pora
|
|switch|p2a: Gravity Guy|Landorus-Therian, M|327\/327
|-ability|p2a: Gravity Guy|Intimidate|[of] p1a: Landorus-Therian
|-unboost|p1a: Landorus-Therian|atk|1
|turn|15
|c|+GoaoTwo|vc pego
|c|+GoaoTwo|o time
|c|+GoaoTwo|do gama?
|c|~SoulDragonite|bom, eu coloquei o kyu pra isso
|
|switch|p1a: Rotom-Wash|Rotom-Wash|190\/304
|-damage|p1a: Rotom-Wash|152\/304|[from] Stealth Rock
|move|p2a: Gravity Guy|U-turn|p1a: Rotom-Wash
|-crit|p1a: Rotom-Wash
|-damage|p1a: Rotom-Wash|47\/304
|c|+GoaoTwo|o teta pegou meu time
|c|~SoulDragonite|pq no geral ele ganha de HO sozinho
|c|~SoulDragonite|e ninja so vem em HO
|c|~SoulDragonite|.bom
|c|+GoaoTwo|e o time q o gama pegou foi o melhor
|c|+retorno|siim
|c|+Brazilian Army| como Ã© a parada do delibird
|c|+Brazilian Army|?
|c|+GoaoTwo|vc manda um time pro hoster
|c|+GoaoTwo|e ele sorteia quem vai usar
|
|switch|p2a: Lilith|Latias, F, shiny|319\/319
|
|-heal|p1a: Rotom-Wash|66\/304|[from] item: Leftovers
|turn|16
|
|move|p2a: Lilith|Psychic|p1a: Rotom-Wash
|-damage|p1a: Rotom-Wash|0 fnt
|-damage|p2a: Lilith|288\/319|[from] item: Life Orb
|faint|p1a: Rotom-Wash
|
|
|switch|p1a: Scizor|Scizor-Mega, F|225\/343 par
|-damage|p1a: Scizor|183\/343 par|[from] Stealth Rock
|turn|17
|
|switch|p2a: Gravity Guy|Landorus-Therian, M|327\/327
|-ability|p2a: Gravity Guy|Intimidate|[of] p1a: Scizor
|-unboost|p1a: Scizor|atk|1
|move|p1a: Scizor|U-turn|p2a: Gravity Guy
|-resisted|p2a: Gravity Guy
|-damage|p2a: Gravity Guy|276\/327
|
|switch|p1a: Keldeo|Keldeo|324\/324
|-damage|p1a: Keldeo|304\/324|[from] Stealth Rock
|
|turn|18
|c|+retorno|esse tour vale oq?
|c|+retorno|o_o
|c|âNiconico|>->
|
|switch|p2a: Azumarill|Azumarill, F, shiny|401\/401
|move|p1a: Keldeo|Scald|p2a: Azumarill
|-resisted|p2a: Azumarill
|-damage|p2a: Azumarill|321\/401
|
|turn|19
|
|switch|p1a: Scizor|Scizor-Mega, F|183\/343 par
|-damage|p1a: Scizor|141\/343 par|[from] Stealth Rock
|move|p2a: Azumarill|Play Rough|p1a: Scizor
|-resisted|p1a: Scizor
|-damage|p1a: Scizor|63\/343 par
|
|turn|20
|c|+retorno|ops
|c|~SoulDragonite|esse eh a final do spoiler cup
|c|+retorno|essa battle
|c|+retorno|vale oq
|c|+retorno|opa
|c|+retorno|LOL
|
|move|p1a: Scizor|Bullet Punch|p2a: Azumarill
|-damage|p2a: Azumarill|177\/401
|move|p2a: Azumarill|Waterfall|p1a: Scizor
|-damage|p1a: Scizor|0 fnt
|faint|p1a: Scizor
|
|c|+retorno|qm Ã© niconico?
|c|~SoulDragonite|eu perdi pro
|c|~SoulDragonite|niconico
|
|switch|p1a: Latios|Latios, M|302\/302
|-damage|p1a: Latios|265\/302|[from] Stealth Rock
|turn|21
|c|~SoulDragonite|q eh o alvaro
|c|~SoulDragonite|na semi
|c|~SoulDragonite|oo
|c|~SoulDragonite|rip
|
|switch|p2a: Magneto|Magnezone|284\/284
|move|p1a: Latios|Psychic|p2a: Magneto
|-resisted|p2a: Magneto
|-damage|p2a: Magneto|172\/284
|-damage|p1a: Latios|235\/302|[from] item: Life Orb
|
|turn|22
|c|~SoulDragonite|joguei mto mal mds
|
|move|p1a: Latios|Defog|p2a: Magneto
|-unboost|p2a: Magneto|evasion|1
|-sideend|p1: The Daisuke|Stealth Rock|[from] move: Defog|[of] p1a: Latios
|move|p2a: Magneto|Volt Switch|p1a: Latios
|-resisted|p1a: Latios
|-damage|p1a: Latios|154\/302
|c|~SoulDragonite|ele fico la me ownando de volturn
|c|~SoulDragonite|._.
|
|switch|p2a: Gravity Guy|Landorus-Therian, M|276\/327
|-ability|p2a: Gravity Guy|Intimidate|[of] p1a: Latios
|-unboost|p1a: Latios|atk|1
|
|turn|23
|
|switch|p1a: Landorus-Therian|Landorus-Therian, M|146\/327
|-ability|p1a: Landorus-Therian|Intimidate|[of] p2a: Gravity Guy
|-unboost|p2a: Gravity Guy|atk|1
|move|p2a: Gravity Guy|U-turn|p1a: Landorus-Therian
|-resisted|p1a: Landorus-Therian
|-damage|p1a: Landorus-Therian|113\/327
|
|switch|p2a: Azumarill|Azumarill, F, shiny|177\/401
|
|turn|24
|c|~SoulDragonite|nem ta ownando de volturn
|c|~SoulDragonite|de novo ne
|
|switch|p2a: Gravity Guy|Landorus-Therian, M|276\/327
|-ability|p2a: Gravity Guy|Intimidate|[of] p1a: Landorus-Therian
|-unboost|p1a: Landorus-Therian|atk|1
|move|p1a: Landorus-Therian|Earthquake|p2a: Gravity Guy
|-immune|p2a: Gravity Guy|[msg]
|
|turn|25
|
|move|p2a: Gravity Guy|U-turn|p1a: Landorus-Therian
|-resisted|p1a: Landorus-Therian
|-damage|p1a: Landorus-Therian|66\/327
|
|switch|p2a: Lilith|Latias, F, shiny|288\/319
|move|p1a: Landorus-Therian|Earthquake|p2a: Lilith
|-immune|p2a: Lilith|[msg]
|
|turn|26
|
|switch|p1a: Terrakion|Terrakion|324\/324
|move|p2a: Lilith|Draco Meteor|p1a: Terrakion
|-damage|p1a: Terrakion|67\/324
|-unboost|p2a: Lilith|spa|2
|-damage|p2a: Lilith|257\/319|[from] item: Life Orb
|
|turn|27
|L|GoaoTwo
|J|GoaoTwo
|c|âNiconico|huahauhauhauha
|
|switch|p1a: Latios|Latios, M|154\/302
|move|p2a: Lilith|Psychic|p1a: Latios
|-resisted|p1a: Latios
|-damage|p1a: Latios|116\/302
|-damage|p2a: Lilith|226\/319|[from] item: Life Orb
|
|turn|28
|c|âNiconico|Cara nÃ£o fiz isso
|c|âNiconico|'-'
|
|switch|p2a: Magneto|Magnezone|172\/284
|move|p1a: Latios|Draco Meteor|p2a: Magneto
|-resisted|p2a: Magneto
|-damage|p2a: Magneto|7\/284
|-unboost|p1a: Latios|spa|2
|-damage|p1a: Latios|86\/302|[from] item: Life Orb
|
|turn|29
|
|move|p1a: Latios|Roost|p1a: Latios
|-heal|p1a: Latios|237\/302
|move|p2a: Magneto|Flash Cannon|p1a: Latios
|-damage|p1a: Latios|29\/302
|
|turn|30
|
|switch|p1a: Keldeo|Keldeo|304\/324
|move|p2a: Magneto|Flash Cannon|p1a: Keldeo
|-resisted|p1a: Keldeo
|-damage|p1a: Keldeo|196\/324
|
|turn|31
|
|move|p1a: Keldeo|Scald|p2a: Magneto
|-damage|p2a: Magneto|0 fnt
|faint|p2a: Magneto
|
|
|switch|p2a: Lilith|Latias, F, shiny|226\/319
|turn|32
|
|switch|p1a: Terrakion|Terrakion|67\/324
|move|p2a: Lilith|Psychic|p1a: Terrakion
|-crit|p1a: Terrakion
|-supereffective|p1a: Terrakion
|-damage|p1a: Terrakion|0 fnt
|-damage|p2a: Lilith|195\/319|[from] item: Life Orb
|faint|p1a: Terrakion
|
|
|switch|p1a: Landorus-Therian|Landorus-Therian, M|66\/327
|-ability|p1a: Landorus-Therian|Intimidate|[of] p2a: Lilith
|-unboost|p2a: Lilith|atk|1
|turn|33
|
|switch|p2a: Azumarill|Azumarill, F, shiny|177\/401
|move|p1a: Landorus-Therian|U-turn|p2a: Azumarill
|-resisted|p2a: Azumarill
|-damage|p2a: Azumarill|114\/401
|
|switch|p1a: Keldeo|Keldeo|196\/324
|
|turn|34
|
|move|p1a: Keldeo|Secret Sword|p2a: Azumarill
|-resisted|p2a: Azumarill
|-damage|p2a: Azumarill|0 fnt
|faint|p2a: Azumarill
|
|
|switch|p2a: Ronda Rousey|Medicham-Mega, F, shiny|266\/266
|turn|35
|
|switch|p1a: Latios|Latios, M|29\/302
|move|p2a: Ronda Rousey|Drain Punch|p1a: Latios
|-resisted|p1a: Latios
|-damage|p1a: Latios|0 fnt
|faint|p1a: Latios
|
|c|âNiconico|NÃ£o foi minha net de merda que caiu certo!?
|c|âNiconico|Ohh
|c|âThe Daisuke|n
|
|switch|p1a: Keldeo|Keldeo|196\/324
|turn|36
|
|move|p1a: Keldeo|Icy Wind|p2a: Ronda Rousey
|-miss|p1a: Keldeo|p2a: Ronda Rousey
|move|p2a: Ronda Rousey|Drain Punch|p1a: Keldeo
|-damage|p1a: Keldeo|0 fnt
|faint|p1a: Keldeo
|
|c|+retorno|wtf
|c|âNiconico|>->
|
|switch|p1a: Landorus-Therian|Landorus-Therian, M|66\/327
|-ability|p1a: Landorus-Therian|Intimidate|[of] p2a: Ronda Rousey
|-unboost|p2a: Ronda Rousey|atk|1
|turn|37
|
|move|p1a: Landorus-Therian|Stone Edge|p2a: Ronda Rousey
|-resisted|p2a: Ronda Rousey
|-damage|p2a: Ronda Rousey|186\/266
|move|p2a: Ronda Rousey|Ice Punch|p1a: Landorus-Therian
|-supereffective|p1a: Landorus-Therian
|-damage|p1a: Landorus-Therian|0 fnt
|faint|p1a: Landorus-Therian
|
|win|Niconico
|c|âThe Daisuke|gg
|L|The Daisuke
|player|p1
|J|The Daisuke