|join|glebber
|join|terry41
|player|p1|glebber|53
|player|p2|terry41|17
|gametype|singles
|gen|6
|tier|OU
|rated
|clearpoke
|poke|p1|Manectric, M, shiny
|poke|p1|Gliscor, M
|poke|p1|Latias, F
|poke|p1|Bisharp, M
|poke|p1|Azumarill, F
|poke|p1|Heatran, F, shiny
|poke|p2|Azumarill, F
|poke|p2|Ferrothorn, M
|poke|p2|Swampert, M
|poke|p2|Kingdra, M
|poke|p2|Politoed, F
|poke|p2|Latias, F
|rule|Swagger Clause: Swagger is banned
|rule|Baton Pass Clause: Limit one PokÃ©mon knowing Baton Pass
|rule|Sleep Clause Mod: Limit one foe put to sleep
|rule|Species Clause: Limit one of each PokÃ©mon
|rule|OHKO Clause: OHKO moves are banned
|rule|Moody Clause: Moody is banned
|rule|Evasion Moves Clause: Evasion moves are banned
|rule|Endless Battle Clause: Forcing endless battles is banned
|rule|HP Percentage Mod: HP is shown in percentages
|teampreview
|c|âglebber|hf
|
|start
|switch|p1a: Underdog|Manectric, M, shiny|281\/281
|switch|p2a: Politoed|Politoed, F|335\/335
|-weather|RainDance
|turn|1
|
|switch|p2a: Ganju|Swampert, M|361\/361
|detailschange|p1a: Underdog|Manectric-Mega, M, shiny
|message|Manectric has Mega Evolved into Mega Manectric!
|-ability|p1a: Underdog|Intimidate|[of] p2a: Ganju
|-unboost|p2a: Ganju|atk|1
|move|p1a: Underdog|Volt Switch|p2a: Ganju
|-immune|p2a: Ganju|[msg]
|
|-weather|RainDance|[upkeep]
|turn|2
|
|switch|p1a: EggBombs|Azumarill, F|373\/373
|detailschange|p2a: Ganju|Swampert-Mega, M
|message|Swampert has Mega Evolved into Mega Swampert!
|move|p2a: Ganju|Waterfall|p1a: EggBombs
|-resisted|p1a: EggBombs
|-damage|p1a: EggBombs|274\/373
|
|-weather|RainDance|[upkeep]
|turn|3
|
|switch|p2a: Ferrothorn|Ferrothorn, M|352\/352
|move|p1a: EggBombs|Waterfall|p2a: Ferrothorn
|-resisted|p2a: Ferrothorn
|-damage|p2a: Ferrothorn|258\/352
|-damage|p1a: EggBombs|228\/373|[from] ability: Iron Barbs|[of] p2a: Ferrothorn
|
|-weather|RainDance|[upkeep]
|-heal|p2a: Ferrothorn|280\/352|[from] item: Leftovers
|turn|4
|
|switch|p1a: DeepPurple|Gliscor, M|354\/354
|move|p2a: Ferrothorn|Protect|p2a: Ferrothorn
|-fail|p2a: Ferrothorn
|
|-weather|RainDance|[upkeep]
|-heal|p2a: Ferrothorn|302\/352|[from] item: Leftovers
|-status|p1a: DeepPurple|tox|[from] item: Toxic Orb
|turn|5
|
|move|p1a: DeepPurple|Earthquake|p2a: Ferrothorn
|-damage|p2a: Ferrothorn|215\/352
|move|p2a: Ferrothorn|Stealth Rock|p1a: DeepPurple
|-sidestart|p1: glebber|move: Stealth Rock
|
|-weather|RainDance|[upkeep]
|-heal|p2a: Ferrothorn|237\/352|[from] item: Leftovers
|turn|6
|
|move|p1a: DeepPurple|Earthquake|p2a: Ferrothorn
|-damage|p2a: Ferrothorn|147\/352
|move|p2a: Ferrothorn|Leech Seed|p1a: DeepPurple
|-start|p1a: DeepPurple|move: Leech Seed
|
|-weather|RainDance|[upkeep]
|-heal|p2a: Ferrothorn|169\/352|[from] item: Leftovers
|-damage|p1a: DeepPurple|310\/354 tox|[from] Leech Seed|[of] p2a: Ferrothorn
|-heal|p2a: Ferrothorn|213\/352|[silent]
|-heal|p1a: DeepPurple|354\/354 tox|[from] ability: Poison Heal
|turn|7
|
|move|p2a: Ferrothorn|Protect|p2a: Ferrothorn
|-singleturn|p2a: Ferrothorn|Protect
|move|p1a: DeepPurple|U-turn|p2a: Ferrothorn
|-activate|p2a: Ferrothorn|Protect
|
|-weather|RainDance|[upkeep]
|-heal|p2a: Ferrothorn|235\/352|[from] item: Leftovers
|-damage|p1a: DeepPurple|310\/354 tox|[from] Leech Seed|[of] p2a: Ferrothorn
|-heal|p2a: Ferrothorn|279\/352|[silent]
|-heal|p1a: DeepPurple|354\/354 tox|[from] ability: Poison Heal
|turn|8
|
|move|p1a: DeepPurple|U-turn|p2a: Ferrothorn
|-damage|p2a: Ferrothorn|233\/352
|-damage|p1a: DeepPurple|310\/354 tox|[from] ability: Iron Barbs|[of] p2a: Ferrothorn
|
|switch|p1a: BRATWURST|Heatran, F, shiny|386\/386
|-damage|p1a: BRATWURST|338\/386|[from] Stealth Rock
|move|p2a: Ferrothorn|Leech Seed|p1a: BRATWURST|[miss]
|-miss|p2a: Ferrothorn|p1a: BRATWURST
|
|-weather|none
|-heal|p1a: BRATWURST|362\/386|[from] item: Leftovers
|-heal|p2a: Ferrothorn|255\/352|[from] item: Leftovers
|turn|9
|
|switch|p2a: Politoed|Politoed, F|335\/335
|-weather|RainDance
|move|p1a: BRATWURST|Stealth Rock|p2a: Politoed
|-sidestart|p2: terry41|move: Stealth Rock
|
|-weather|RainDance|[upkeep]
|-heal|p1a: BRATWURST|386\/386|[from] item: Leftovers
|turn|10
|
|switch|p1a: Female|Latias, F|301\/301
|-damage|p1a: Female|264\/301|[from] Stealth Rock
|move|p2a: Politoed|Hydro Pump|p1a: Female
|-resisted|p1a: Female
|-damage|p1a: Female|162\/301
|
|-weather|RainDance|[upkeep]
|turn|11
|
|move|p1a: Female|Recover|p1a: Female
|-heal|p1a: Female|301\/301
|move|p2a: Politoed|Ice Beam|p1a: Female
|-supereffective|p1a: Female
|-damage|p1a: Female|159\/301
|
|-weather|RainDance|[upkeep]
|turn|12
|
|switch|p2a: Azumarill|Azumarill, F|363\/363
|-damage|p2a: Azumarill|318\/363|[from] Stealth Rock
|move|p1a: Female|Draco Meteor|p2a: Azumarill
|-immune|p2a: Azumarill|[msg]
|
|-weather|RainDance|[upkeep]
|turn|13
|
|move|p1a: Female|Psyshock|p2a: Azumarill
|-damage|p2a: Azumarill|118\/363
|-damage|p1a: Female|129\/301|[from] item: Life Orb
|move|p2a: Azumarill|Waterfall|p1a: Female
|-resisted|p1a: Female
|-damage|p1a: Female|0 fnt
|faint|p1a: Female
|
|-weather|RainDance|[upkeep]
|
|switch|p1a: Underdog|Manectric-Mega, M, shiny|281\/281
|-damage|p1a: Underdog|246\/281|[from] Stealth Rock
|-ability|p1a: Underdog|Intimidate|[of] p2a: Azumarill
|-unboost|p2a: Azumarill|atk|1
|turn|14
|
|switch|p2a: Ganju|Swampert-Mega, M|361\/361
|-damage|p2a: Ganju|339\/361|[from] Stealth Rock
|move|p1a: Underdog|Volt Switch|p2a: Ganju
|-immune|p2a: Ganju|[msg]
|
|-weather|RainDance|[upkeep]
|turn|15
|
|switch|p1a: DeepPurple|Gliscor, M|310\/354 tox
|-damage|p1a: DeepPurple|266\/354 tox|[from] Stealth Rock
|move|p2a: Ganju|Waterfall|p1a: DeepPurple
|-supereffective|p1a: DeepPurple
|-damage|p1a: DeepPurple|0 fnt
|faint|p1a: DeepPurple
|
|-weather|RainDance|[upkeep]
|
|switch|p1a: EggBombs|Azumarill, F|228\/373
|-damage|p1a: EggBombs|182\/373|[from] Stealth Rock
|turn|16
|
|switch|p2a: Ferrothorn|Ferrothorn, M|255\/352
|-damage|p2a: Ferrothorn|233\/352|[from] Stealth Rock
|move|p1a: EggBombs|Waterfall|p2a: Ferrothorn
|-resisted|p2a: Ferrothorn
|-damage|p2a: Ferrothorn|133\/352
|-damage|p1a: EggBombs|136\/373|[from] ability: Iron Barbs|[of] p2a: Ferrothorn
|
|-weather|none
|-heal|p2a: Ferrothorn|155\/352|[from] item: Leftovers
|turn|17
|
|move|p1a: EggBombs|Superpower|p2a: Ferrothorn
|-supereffective|p2a: Ferrothorn
|-damage|p2a: Ferrothorn|0 fnt
|-damage|p1a: EggBombs|90\/373|[from] ability: Iron Barbs|[of] p2a: Ferrothorn
|-unboost|p1a: EggBombs|atk|1
|-unboost|p1a: EggBombs|def|1
|faint|p2a: Ferrothorn
|
|
|switch|p2a: Politoed|Politoed, F|335\/335
|-damage|p2a: Politoed|294\/335|[from] Stealth Rock
|-weather|RainDance
|turn|18
|
|move|p2a: Politoed|Hydro Pump|p1a: EggBombs
|-resisted|p1a: EggBombs
|-damage|p1a: EggBombs|6\/373
|move|p1a: EggBombs|Play Rough|p2a: Politoed
|-damage|p2a: Politoed|141\/335
|
|-weather|RainDance|[upkeep]
|turn|19
|
|move|p1a: EggBombs|Aqua Jet|p2a: Politoed
|-resisted|p2a: Politoed
|-damage|p2a: Politoed|83\/335
|move|p2a: Politoed|Focus Blast|p1a: EggBombs
|-resisted|p1a: EggBombs
|-damage|p1a: EggBombs|0 fnt
|faint|p1a: EggBombs
|
|-weather|RainDance|[upkeep]
|
|switch|p1a: Stranger|Bisharp, M|271\/271
|-damage|p1a: Stranger|255\/271|[from] Stealth Rock
|turn|20
|
|move|p1a: Stranger|Pursuit|p2a: Politoed|[from]Pursuit
|-damage|p2a: Politoed|0 fnt
|faint|p2a: Politoed
|
|-weather|RainDance|[upkeep]
|
|switch|p2a: Ganju|Swampert-Mega, M|339\/361
|-damage|p2a: Ganju|317\/361|[from] Stealth Rock
|turn|21
|
|switch|p1a: BRATWURST|Heatran, F, shiny|386\/386
|-damage|p1a: BRATWURST|338\/386|[from] Stealth Rock
|move|p2a: Ganju|Earthquake|p1a: BRATWURST
|-supereffective|p1a: BRATWURST
|-damage|p1a: BRATWURST|0 fnt
|faint|p1a: BRATWURST
|
|-weather|RainDance|[upkeep]
|
|switch|p1a: Underdog|Manectric-Mega, M, shiny|246\/281
|-damage|p1a: Underdog|211\/281|[from] Stealth Rock
|-ability|p1a: Underdog|Intimidate|[of] p2a: Ganju
|-unboost|p2a: Ganju|atk|1
|turn|22
|c|âglebber|gg
|
|move|p2a: Ganju|Earthquake|p1a: Underdog
|-supereffective|p1a: Underdog
|-damage|p1a: Underdog|0 fnt
|faint|p1a: Underdog
|
|-weather|RainDance|[upkeep]
|-message|glebber forfeited.
|
|win|terry41
|raw|Ladder updating...
|leave|glebber
|player|p1
|raw|glebber's rating: 1400 &rarr; <strong>1383<\/strong><br \/>(-17 for losing)
|raw|terry41's rating: 1451 &rarr; <strong>1469<\/strong><br \/>(+18 for winning)