|join|wish killer
|join|terry41
|player|p1|wish killer|288
|player|p2|terry41|17
|gametype|singles
|gen|6
|tier|OU
|rated
|clearpoke
|poke|p1|Bisharp, F
|poke|p1|Venusaur, F
|poke|p1|Heatran, F
|poke|p1|Keldeo
|poke|p1|Chansey, F
|poke|p1|Skarmory, F
|poke|p2|Tyranitar, F
|poke|p2|Excadrill, M
|poke|p2|Thundurus, M
|poke|p2|Medicham, M
|poke|p2|Greninja, M
|poke|p2|Talonflame, F
|rule|Swagger Clause: Swagger is banned
|rule|Baton Pass Clause: Limit one PokÃ©mon knowing Baton Pass
|rule|Sleep Clause Mod: Limit one foe put to sleep
|rule|Species Clause: Limit one of each PokÃ©mon
|rule|OHKO Clause: OHKO moves are banned
|rule|Moody Clause: Moody is banned
|rule|Evasion Moves Clause: Evasion moves are banned
|rule|Endless Battle Clause: Forcing endless battles is banned
|rule|HP Percentage Mod: HP is shown in percentages
|teampreview
wish killer turned on modjoin.
|raw|<div class="broadcast-red"><b>Moderated chat was set to +!<\/b><br \/>Only users of rank + and higher can talk.<\/div>
wish killer made this room private.
|
|start
|switch|p1a: Skarmory|Skarmory, F|334\/334
|switch|p2a: Tyranitar|Tyranitar, F|342\/342
|-weather|Sandstorm
|turn|1
|
|move|p2a: Tyranitar|Dark Pulse|p1a: Skarmory
|-damage|p1a: Skarmory|216\/334
|move|p1a: Skarmory|Spikes|p2a: Tyranitar
|-sidestart|p2: terry41|Spikes
|
|-weather|Sandstorm|[upkeep]
|turn|2
|
|move|p2a: Tyranitar|Fire Blast|p1a: Skarmory
|-supereffective|p1a: Skarmory
|-damage|p1a: Skarmory|0 fnt
|faint|p1a: Skarmory
|
|-weather|Sandstorm|[upkeep]
|
|switch|p1a: Keldeo|Keldeo|323\/323
|turn|3
|
|move|p1a: Keldeo|Icy Wind|p2a: Tyranitar
|-damage|p2a: Tyranitar|294\/342
|-unboost|p2a: Tyranitar|spe|1
|move|p2a: Tyranitar|Stealth Rock|p1a: Keldeo
|-sidestart|p1: wish killer|move: Stealth Rock
|
|-weather|Sandstorm|[upkeep]
|-damage|p1a: Keldeo|303\/323|[from] sandstorm
|-heal|p1a: Keldeo|323\/323|[from] item: Leftovers
|turn|4
|
|switch|p2a: Thundurus|Thundurus, M|299\/299
|move|p1a: Keldeo|Icy Wind|p2a: Thundurus
|-supereffective|p2a: Thundurus
|-damage|p2a: Thundurus|117\/299
|-unboost|p2a: Thundurus|spe|1
|
|-weather|Sandstorm|[upkeep]
|-damage|p1a: Keldeo|303\/323|[from] sandstorm
|-damage|p2a: Thundurus|99\/299|[from] sandstorm
|-heal|p1a: Keldeo|323\/323|[from] item: Leftovers
|turn|5
|
|move|p2a: Thundurus|Thunder Wave|p1a: Keldeo
|-status|p1a: Keldeo|par
|move|p1a: Keldeo|Scald|p2a: Thundurus
|-damage|p2a: Thundurus|0 fnt
|faint|p2a: Thundurus
|
|-weather|none
|
|switch|p2a: Medicham|Medicham, M|261\/261
|-damage|p2a: Medicham|229\/261|[from] Spikes
|turn|6
|
|detailschange|p2a: Medicham|Medicham-Mega, M
|message|Medicham has Mega Evolved into Mega Medicham!
|move|p2a: Medicham|Fake Out|p1a: Keldeo
|-damage|p1a: Keldeo|230\/323 par
|cant|p1a: Keldeo|flinch
|
|-heal|p1a: Keldeo|250\/323 par|[from] item: Leftovers
|turn|7
|
|move|p2a: Medicham|High Jump Kick|p1a: Keldeo
|-crit|p1a: Keldeo
|-damage|p1a: Keldeo|0 fnt
|faint|p1a: Keldeo
|
|
|switch|p1a: Venusaur|Venusaur, F|364\/364
|-damage|p1a: Venusaur|319\/364|[from] Stealth Rock
|turn|8
|
|detailschange|p1a: Venusaur|Venusaur-Mega, F
|message|Venusaur has Mega Evolved into Mega Venusaur!
|move|p2a: Medicham|Psycho Cut|p1a: Venusaur
|-crit|p1a: Venusaur
|-supereffective|p1a: Venusaur
|-damage|p1a: Venusaur|0 fnt
|faint|p1a: Venusaur
|
|
|switch|p1a: Bisharp|Bisharp, F|334\/334
|-damage|p1a: Bisharp|314\/334|[from] Stealth Rock
|turn|9
|
|move|p2a: Medicham|High Jump Kick|p1a: Bisharp
|-supereffective|p1a: Bisharp
|-damage|p1a: Bisharp|0 fnt
|faint|p1a: Bisharp
|
|-message|wish killer forfeited.
|
|win|terry41
|raw|Ladder updating...
|leave|wish killer
|player|p1
|raw|wish killer's rating: 1749 &rarr; <strong>1717<\/strong><br \/>(-32 for losing)
|raw|terry41's rating: 1503 &rarr; <strong>1535<\/strong><br \/>(+32 for winning)