|join|terry41
|join|KamserMaster
|player|p1|terry41|17
|player|p2|KamserMaster|274
|gametype|singles
|gen|6
|tier|OU
|rated
|clearpoke
|poke|p1|Heracross, F
|poke|p1|Rotom-Wash
|poke|p1|Tyranitar, F
|poke|p1|Excadrill, M
|poke|p1|Latios, M
|poke|p1|Thundurus, M
|poke|p2|Pinsir, F
|poke|p2|Heatran, F
|poke|p2|Keldeo
|poke|p2|Excadrill, F
|poke|p2|Rotom-Wash
|poke|p2|Gengar, M
|rule|Swagger Clause: Swagger is banned
|rule|Baton Pass Clause: Limit one PokÃ©mon knowing Baton Pass
|rule|Sleep Clause Mod: Limit one foe put to sleep
|rule|Species Clause: Limit one of each PokÃ©mon
|rule|OHKO Clause: OHKO moves are banned
|rule|Moody Clause: Moody is banned
|rule|Evasion Moves Clause: Evasion moves are banned
|rule|Endless Battle Clause: Forcing endless battles is banned
|rule|HP Percentage Mod: HP is shown in percentages
|teampreview
|
|start
|switch|p1a: Heracross|Heracross, F|301\/301
|switch|p2a: Wash Machine|Rotom-Wash|304\/304
|turn|1
|
|switch|p2a: Devil|Heatran, F|386\/386
|move|p1a: Heracross|Swords Dance|p1a: Heracross
|-boost|p1a: Heracross|atk|2
|
|turn|2
|
|switch|p2a: Hunter|Gengar, M|262\/262
|detailschange|p1a: Heracross|Heracross-Mega, F
|message|Heracross has Mega Evolved into Mega Heracross!
|move|p1a: Heracross|Close Combat|p2a: Hunter
|-immune|p2a: Hunter|[msg]
|
|turn|3
|
|move|p2a: Hunter|Sludge Bomb|p1a: Heracross
|-damage|p1a: Heracross|153\/301
|move|p1a: Heracross|Rock Blast|p2a: Hunter
|-damage|p2a: Hunter|135\/262
|-damage|p2a: Hunter|16\/262
|-damage|p2a: Hunter|0 fnt
|-hitcount|p2a: Hunter|3
|faint|p2a: Hunter
|
|
|switch|p2a: Matanza|Pinsir, F|272\/272
|turn|4
|
|switch|p2a: Drill|Excadrill, F|362\/362
|-ability|p2a: Drill|Mold Breaker
|switch|p1a: Thundurus|Thundurus, M|299\/299
|
|turn|5
|
|switch|p1a: Rotom-Wash|Rotom-Wash|304\/304
|move|p2a: Drill|Rock Slide|p1a: Rotom-Wash
|-miss|p2a: Drill|p1a: Rotom-Wash
|
|turn|6
|
|switch|p2a: Wash Machine|Rotom-Wash|304\/304
|move|p1a: Rotom-Wash|Volt Switch|p2a: Wash Machine
|-damage|p2a: Wash Machine|229\/304
|
|switch|p1a: Heracross|Heracross-Mega, F|153\/301
|
|-heal|p2a: Wash Machine|248\/304|[from] item: Leftovers
|turn|7
|
|move|p1a: Heracross|Close Combat|p2a: Wash Machine
|-damage|p2a: Wash Machine|23\/304
|-unboost|p1a: Heracross|def|1
|-unboost|p1a: Heracross|spd|1
|move|p2a: Wash Machine|Volt Switch|p1a: Heracross
|-damage|p1a: Heracross|36\/301
|
|switch|p2a: Matanza|Pinsir, F|272\/272
|
|turn|8
|
|detailschange|p2a: Matanza|Pinsir-Mega, F
|message|Pinsir has Mega Evolved into Mega Pinsir!
|move|p2a: Matanza|Return|p1a: Heracross
|-supereffective|p1a: Heracross
|-damage|p1a: Heracross|0 fnt
|faint|p1a: Heracross
|
|
|switch|p1a: Thundurus|Thundurus, M|299\/299
|turn|9
|
|switch|p2a: Wash Machine|Rotom-Wash|23\/304
|move|p1a: Thundurus|Superpower|p2a: Wash Machine
|-damage|p2a: Wash Machine|0 fnt
|-unboost|p1a: Thundurus|atk|1
|-unboost|p1a: Thundurus|def|1
|-damage|p1a: Thundurus|270\/299|[from] item: Life Orb
|faint|p2a: Wash Machine
|
|
|switch|p2a: Drill|Excadrill, F|362\/362
|-ability|p2a: Drill|Mold Breaker
|turn|10
|
|switch|p1a: Latios|Latios, M|302\/302
|move|p2a: Drill|Rock Slide|p1a: Latios
|-damage|p1a: Latios|180\/302
|
|turn|11
|
|switch|p1a: Rotom-Wash|Rotom-Wash|304\/304
|switch|p2a: Devil|Heatran, F|386\/386
|
|turn|12
|
|move|p1a: Rotom-Wash|Hydro Pump|p2a: Devil
|-supereffective|p2a: Devil
|-damage|p2a: Devil|200\/386
|move|p2a: Devil|Stealth Rock|p1a: Rotom-Wash
|-sidestart|p1: terry41|move: Stealth Rock
|
|-heal|p2a: Devil|224\/386|[from] item: Leftovers
|turn|13
|
|move|p1a: Rotom-Wash|Volt Switch|p2a: Devil
|-damage|p2a: Devil|163\/386
|
|switch|p1a: Tyranitar|Tyranitar, F|341\/341
|-damage|p1a: Tyranitar|299\/341|[from] Stealth Rock
|-weather|Sandstorm
|move|p2a: Devil|Lava Plume|p1a: Tyranitar
|-resisted|p1a: Tyranitar
|-damage|p1a: Tyranitar|258\/341
|
|-weather|Sandstorm|[upkeep]
|-heal|p2a: Devil|187\/386|[from] item: Leftovers
|turn|14
|
|move|p1a: Tyranitar|Stealth Rock|p2a: Devil
|-sidestart|p2: KamserMaster|move: Stealth Rock
|move|p2a: Devil|Lava Plume|p1a: Tyranitar
|-resisted|p1a: Tyranitar
|-damage|p1a: Tyranitar|222\/341
|-status|p1a: Tyranitar|brn
|
|-weather|Sandstorm|[upkeep]
|-heal|p2a: Devil|211\/386|[from] item: Leftovers
|-damage|p1a: Tyranitar|180\/341 brn|[from] brn
|turn|15
|
|switch|p1a: Rotom-Wash|Rotom-Wash|304\/304
|-damage|p1a: Rotom-Wash|266\/304|[from] Stealth Rock
|switch|p2a: Keldeo|Keldeo|323\/323
|-damage|p2a: Keldeo|303\/323|[from] Stealth Rock
|
|-weather|Sandstorm|[upkeep]
|-damage|p2a: Keldeo|283\/323|[from] sandstorm
|-damage|p1a: Rotom-Wash|247\/304|[from] sandstorm
|-heal|p1a: Rotom-Wash|266\/304|[from] item: Leftovers
|turn|16
|
|switch|p2a: Devil|Heatran, F|211\/386
|-damage|p2a: Devil|163\/386|[from] Stealth Rock
|move|p1a: Rotom-Wash|Will-O-Wisp|p2a: Devil
|-start|p2a: Devil|ability: Flash Fire
|
|-weather|Sandstorm|[upkeep]
|-damage|p1a: Rotom-Wash|247\/304|[from] sandstorm
|-heal|p1a: Rotom-Wash|266\/304|[from] item: Leftovers
|-heal|p2a: Devil|187\/386|[from] item: Leftovers
|turn|17
|
|move|p1a: Rotom-Wash|Hydro Pump|p2a: Devil|[miss]
|-miss|p1a: Rotom-Wash|p2a: Devil
|move|p2a: Devil|Lava Plume|p1a: Rotom-Wash
|-resisted|p1a: Rotom-Wash
|-damage|p1a: Rotom-Wash|188\/304
|
|-weather|none
|-heal|p1a: Rotom-Wash|207\/304|[from] item: Leftovers
|-heal|p2a: Devil|211\/386|[from] item: Leftovers
|turn|18
|
|move|p1a: Rotom-Wash|Hydro Pump|p2a: Devil|[miss]
|-miss|p1a: Rotom-Wash|p2a: Devil
|move|p2a: Devil|Lava Plume|p1a: Rotom-Wash
|-resisted|p1a: Rotom-Wash
|-damage|p1a: Rotom-Wash|122\/304
|-status|p1a: Rotom-Wash|brn
|
|-heal|p1a: Rotom-Wash|141\/304 brn|[from] item: Leftovers
|-heal|p2a: Devil|235\/386|[from] item: Leftovers
|-damage|p1a: Rotom-Wash|103\/304 brn|[from] brn
|turn|19
|
|move|p1a: Rotom-Wash|Hydro Pump|p2a: Devil|[miss]
|-miss|p1a: Rotom-Wash|p2a: Devil
|move|p2a: Devil|Lava Plume|p1a: Rotom-Wash
|-resisted|p1a: Rotom-Wash
|-damage|p1a: Rotom-Wash|19\/304 brn
|
|-heal|p1a: Rotom-Wash|38\/304 brn|[from] item: Leftovers
|-heal|p2a: Devil|259\/386|[from] item: Leftovers
|-damage|p1a: Rotom-Wash|0 fnt|[from] brn
|faint|p1a: Rotom-Wash
|
|switch|p1a: Excadrill|Excadrill, M|362\/362
|-damage|p1a: Excadrill|351\/362|[from] Stealth Rock
|turn|20
|
|move|p1a: Excadrill|Earthquake|p2a: Devil
|-supereffective|p2a: Devil
|-damage|p2a: Devil|0 fnt
|-damage|p1a: Excadrill|315\/362|[from] item: Life Orb
|faint|p2a: Devil
|
|
|switch|p2a: Keldeo|Keldeo|283\/323
|-damage|p2a: Keldeo|263\/323|[from] Stealth Rock
|turn|21
|
|switch|p1a: Latios|Latios, M|180\/302
|-damage|p1a: Latios|143\/302|[from] Stealth Rock
|move|p2a: Keldeo|Hydro Pump|p1a: Latios
|-resisted|p1a: Latios
|-damage|p1a: Latios|57\/302
|
|turn|22
|
|move|p1a: Latios|Draco Meteor|p2a: Keldeo
|-damage|p2a: Keldeo|29\/323
|-unboost|p1a: Latios|spa|2
|move|p2a: Keldeo|Hydro Pump|p1a: Latios
|-resisted|p1a: Latios
|-damage|p1a: Latios|0 fnt
|faint|p1a: Latios
|
|
|switch|p1a: Thundurus|Thundurus, M|270\/299
|-damage|p1a: Thundurus|196\/299|[from] Stealth Rock
|turn|23
|
|move|p2a: Keldeo|Hydro Pump|p1a: Thundurus|[miss]
|-miss|p2a: Keldeo|p1a: Thundurus
|move|p1a: Thundurus|Hidden Power|p2a: Keldeo
|-resisted|p2a: Keldeo
|-damage|p2a: Keldeo|0 fnt
|-damage|p1a: Thundurus|167\/299|[from] item: Life Orb
|faint|p2a: Keldeo
|
|
|switch|p2a: Drill|Excadrill, F|362\/362
|-damage|p2a: Drill|351\/362|[from] Stealth Rock
|-ability|p2a: Drill|Mold Breaker
|turn|24
|
|switch|p1a: Tyranitar|Tyranitar, F|180\/341 brn
|-damage|p1a: Tyranitar|138\/341 brn|[from] Stealth Rock
|-weather|Sandstorm
|move|p2a: Drill|Rock Slide|p1a: Tyranitar
|-damage|p1a: Tyranitar|48\/341 brn
|
|-weather|Sandstorm|[upkeep]
|-damage|p1a: Tyranitar|6\/341 brn|[from] brn
|turn|25
|
|switch|p2a: Matanza|Pinsir-Mega, F|272\/272
|-damage|p2a: Matanza|136\/272|[from] Stealth Rock
|switch|p1a: Excadrill|Excadrill, M|315\/362
|-damage|p1a: Excadrill|304\/362|[from] Stealth Rock
|
|-weather|Sandstorm|[upkeep]
|-damage|p2a: Matanza|119\/272|[from] sandstorm
|turn|26
|
|move|p1a: Excadrill|Iron Head|p2a: Matanza
|-damage|p2a: Matanza|0 fnt
|-damage|p1a: Excadrill|268\/362|[from] item: Life Orb
|faint|p2a: Matanza
|
|-weather|Sandstorm|[upkeep]
|
|switch|p2a: Drill|Excadrill, F|351\/362
|-damage|p2a: Drill|340\/362|[from] Stealth Rock
|-ability|p2a: Drill|Mold Breaker
|turn|27
|
|move|p1a: Excadrill|Earthquake|p2a: Drill
|-crit|p2a: Drill
|-supereffective|p2a: Drill
|-damage|p2a: Drill|0 fnt
|-damage|p1a: Excadrill|232\/362|[from] item: Life Orb
|faint|p2a: Drill
|
|win|terry41
|raw|Ladder updating...
|raw|terry41's rating: 1670 &rarr; <strong>1692<\/strong><br \/>(+22 for winning)
|raw|KamserMaster's rating: 1706 &rarr; <strong>1684<\/strong><br \/>(-22 for losing)
|c|âterry41|gg
|leave|KamserMaster
|player|p2