|join|terry41
|join|Jman the guy
|player|p1|terry41|17
|player|p2|Jman the guy|1
|gametype|singles
|gen|6
|tier|OU
|clearpoke
|poke|p1|Metagross
|poke|p1|Dragonite, F
|poke|p1|Greninja, F
|poke|p1|Mamoswine, M
|poke|p1|Latias, F
|poke|p1|Talonflame, F
|poke|p2|Politoed, F
|poke|p2|Swampert, F
|poke|p2|Kabutops, M
|poke|p2|Ferrothorn, F
|poke|p2|Ludicolo, F
|poke|p2|Mamoswine, F
|rule|Swagger Clause: Swagger is banned
|rule|Baton Pass Clause: Limit one PokÃ©mon knowing Baton Pass
|rule|Sleep Clause Mod: Limit one foe put to sleep
|rule|Species Clause: Limit one of each PokÃ©mon
|rule|OHKO Clause: OHKO moves are banned
|rule|Moody Clause: Moody is banned
|rule|Evasion Moves Clause: Evasion moves are banned
|rule|Endless Battle Clause: Forcing endless battles is banned
|rule|HP Percentage Mod: HP is shown in percentages
|teampreview
|
|start
|switch|p1a: Greninja|Greninja, F|285\/285
|switch|p2a: Kabutops|Kabutops, M|262\/262
|turn|1
|
|switch|p2a: Politoed|Politoed, F|384\/384
|-weather|RainDance
|move|p1a: Greninja|Hydro Pump|p2a: Politoed
|-start|p1a: Greninja|typechange|Water|[from] Protean
|-resisted|p2a: Politoed
|-damage|p2a: Politoed|211\/384
|-damage|p1a: Greninja|257\/285|[from] item: Life Orb
|
|-weather|RainDance|[upkeep]
|turn|2
|
|switch|p2a: Ferrothorn|Ferrothorn, F|352\/352
|move|p1a: Greninja|Gunk Shot|p2a: Ferrothorn
|-start|p1a: Greninja|typechange|Poison|[from] Protean
|-immune|p2a: Ferrothorn|[msg]
|
|-weather|RainDance|[upkeep]
|turn|3
|
|move|p1a: Greninja|Hidden Power|p2a: Ferrothorn
|-start|p1a: Greninja|typechange|Fire|[from] Protean
|-supereffective|p2a: Ferrothorn
|-damage|p2a: Ferrothorn|160\/352
|-damage|p1a: Greninja|229\/285|[from] item: Life Orb
|move|p2a: Ferrothorn|Leech Seed|p1a: Greninja|[miss]
|-miss|p2a: Ferrothorn|p1a: Greninja
|
|-weather|RainDance|[upkeep]
|-heal|p2a: Ferrothorn|182\/352|[from] item: Leftovers
|turn|4
|c|âJman the guy|are you kidding me lol
|
|move|p2a: Ferrothorn|Protect|p2a: Ferrothorn
|-singleturn|p2a: Ferrothorn|Protect
|move|p1a: Greninja|Hydro Pump|p2a: Ferrothorn
|-start|p1a: Greninja|typechange|Water|[from] Protean
|-activate|p2a: Ferrothorn|Protect
|
|-weather|RainDance|[upkeep]
|-heal|p2a: Ferrothorn|204\/352|[from] item: Leftovers
|turn|5
|
|switch|p2a: Ludicolo|Ludicolo, F|302\/302
|move|p1a: Greninja|Hidden Power|p2a: Ludicolo
|-start|p1a: Greninja|typechange|Fire|[from] Protean
|-damage|p2a: Ludicolo|263\/302
|-damage|p1a: Greninja|201\/285|[from] item: Life Orb
|
|-weather|RainDance|[upkeep]
|turn|6
|
|switch|p1a: Latias|Latias, F|319\/319
|move|p2a: Ludicolo|Hydro Pump|p1a: Latias
|-resisted|p1a: Latias
|-damage|p1a: Latias|212\/319
|
|-weather|RainDance|[upkeep]
|-heal|p1a: Latias|231\/319|[from] item: Leftovers
|turn|7
|
|move|p2a: Ludicolo|Ice Beam|p1a: Latias
|-supereffective|p1a: Latias
|-damage|p1a: Latias|71\/319
|move|p1a: Latias|Draco Meteor|p2a: Ludicolo|[miss]
|-miss|p1a: Latias|p2a: Ludicolo
|
|-weather|RainDance|[upkeep]
|-heal|p1a: Latias|90\/319|[from] item: Leftovers
|turn|8
|
|move|p2a: Ludicolo|Ice Beam|p1a: Latias
|-supereffective|p1a: Latias
|-damage|p1a: Latias|0 fnt
|faint|p1a: Latias
|
|-weather|none
|
|switch|p1a: Talonflame|Talonflame, F|298\/298
|turn|9
|
|switch|p2a: Kabutops|Kabutops, M|262\/262
|move|p1a: Talonflame|Brave Bird|p2a: Kabutops
|-resisted|p2a: Kabutops
|-damage|p2a: Kabutops|168\/262
|-damage|p1a: Talonflame|267\/298|[from] recoil|[of] p2a: Kabutops
|
|turn|10
|
|switch|p1a: Greninja|Greninja, F|201\/285
|switch|p2a: Politoed|Politoed, F|211\/384
|-weather|RainDance
|
|-weather|RainDance|[upkeep]
|turn|11
|
|move|p1a: Greninja|Hydro Pump|p2a: Politoed
|-start|p1a: Greninja|typechange|Water|[from] Protean
|-resisted|p2a: Politoed
|-damage|p2a: Politoed|55\/384
|-damage|p1a: Greninja|173\/285|[from] item: Life Orb
|move|p2a: Politoed|Encore|p1a: Greninja
|-start|p1a: Greninja|Encore
|
|-weather|RainDance|[upkeep]
|turn|12
|
|switch|p1a: Talonflame|Talonflame, F|267\/298
|switch|p2a: Ferrothorn|Ferrothorn, F|204\/352
|
|-weather|RainDance|[upkeep]
|-heal|p2a: Ferrothorn|226\/352|[from] item: Leftovers
|turn|13
|
|move|p2a: Ferrothorn|Protect|p2a: Ferrothorn
|-singleturn|p2a: Ferrothorn|Protect
|move|p1a: Talonflame|Flare Blitz|p2a: Ferrothorn
|-activate|p2a: Ferrothorn|Protect
|
|-weather|RainDance|[upkeep]
|-heal|p2a: Ferrothorn|248\/352|[from] item: Leftovers
|turn|14
|
|switch|p2a: Kabutops|Kabutops, M|168\/262
|move|p1a: Talonflame|Flare Blitz|p2a: Kabutops
|-resisted|p2a: Kabutops
|-damage|p2a: Kabutops|150\/262
|-damage|p1a: Talonflame|261\/298|[from] recoil|[of] p2a: Kabutops
|
|-weather|RainDance|[upkeep]
|turn|15
|
|move|p1a: Talonflame|Brave Bird|p2a: Kabutops
|-resisted|p2a: Kabutops
|-damage|p2a: Kabutops|62\/262
|-damage|p1a: Talonflame|232\/298|[from] recoil|[of] p2a: Kabutops
|move|p2a: Kabutops|Waterfall|p1a: Talonflame
|-supereffective|p1a: Talonflame
|-damage|p1a: Talonflame|0 fnt
|-damage|p2a: Kabutops|36\/262|[from] item: Life Orb
|faint|p1a: Talonflame
|
|-weather|RainDance|[upkeep]
|
|switch|p1a: Mamoswine|Mamoswine, M|361\/361
|turn|16
|
|move|p2a: Kabutops|Aqua Jet|p1a: Mamoswine
|-supereffective|p1a: Mamoswine
|-damage|p1a: Mamoswine|26\/361
|-damage|p2a: Kabutops|10\/262|[from] item: Life Orb
|move|p1a: Mamoswine|Earthquake|p2a: Kabutops
|-supereffective|p2a: Kabutops
|-damage|p2a: Kabutops|0 fnt
|faint|p2a: Kabutops
|
|-weather|RainDance|[upkeep]
|c|âterry41|hello?
|c|âJman the guy|back
|c|âJman the guy|sorry that was my internet
|
|switch|p2a: Swampert|Swampert, F|341\/341
|turn|17
|
|detailschange|p2a: Swampert|Swampert-Mega, F
|message|Swampert has Mega Evolved into Mega Swampert!
|move|p1a: Mamoswine|Earthquake|p2a: Swampert
|-damage|p2a: Swampert|185\/341
|move|p2a: Swampert|Ice Punch|p1a: Mamoswine
|-damage|p1a: Mamoswine|0 fnt
|faint|p1a: Mamoswine
|
|-weather|none
|
|switch|p1a: Metagross|Metagross|301\/301
|turn|18
|
|switch|p2a: Ferrothorn|Ferrothorn, F|248\/352
|detailschange|p1a: Metagross|Metagross-Mega
|message|Metagross has Mega Evolved into Mega Metagross!
|move|p1a: Metagross|Grass Knot|p2a: Ferrothorn
|-resisted|p2a: Ferrothorn
|-damage|p2a: Ferrothorn|224\/352
|-damage|p1a: Metagross|264\/301|[from] ability: Iron Barbs|[of] p2a: Ferrothorn
|
|-heal|p2a: Ferrothorn|246\/352|[from] item: Leftovers
|turn|19
|
|move|p1a: Metagross|Earthquake|p2a: Ferrothorn
|-damage|p2a: Ferrothorn|168\/352
|move|p2a: Ferrothorn|Thunder Wave|p1a: Metagross
|-status|p1a: Metagross|par
|
|-heal|p2a: Ferrothorn|190\/352|[from] item: Leftovers
|turn|20
|
|switch|p1a: Greninja|Greninja, F|173\/285
|move|p2a: Ferrothorn|Leech Seed|p1a: Greninja
|-start|p1a: Greninja|move: Leech Seed
|
|-heal|p2a: Ferrothorn|212\/352|[from] item: Leftovers
|-damage|p1a: Greninja|138\/285|[from] Leech Seed|[of] p2a: Ferrothorn
|-heal|p2a: Ferrothorn|247\/352|[silent]
|turn|21
|
|move|p2a: Ferrothorn|Protect|p2a: Ferrothorn
|-singleturn|p2a: Ferrothorn|Protect
|move|p1a: Greninja|Hidden Power|p2a: Ferrothorn
|-start|p1a: Greninja|typechange|Fire|[from] Protean
|-activate|p2a: Ferrothorn|Protect
|
|-heal|p2a: Ferrothorn|269\/352|[from] item: Leftovers
|-damage|p1a: Greninja|103\/285|[from] Leech Seed|[of] p2a: Ferrothorn
|-heal|p2a: Ferrothorn|304\/352|[silent]
|turn|22
|
|switch|p2a: Politoed|Politoed, F|55\/384
|-weather|RainDance
|move|p1a: Greninja|Hydro Pump|p2a: Politoed|[miss]
|-start|p1a: Greninja|typechange|Water|[from] Protean
|-miss|p1a: Greninja|p2a: Politoed
|
|-weather|RainDance|[upkeep]
|-damage|p1a: Greninja|68\/285|[from] Leech Seed|[of] p2a: Politoed
|-heal|p2a: Politoed|90\/384|[silent]
|turn|23
|c|âterry41|yeah gg u win
|leave|terry41
|player|p1
|-message|Player 1 lost due to inactivity.
|
|win|Jman the guy