|join|terry41
|join|NagariNewMeta
|player|p1|terry41|17
|player|p2|NagariNewMeta|192
|gametype|singles
|gen|6
|tier|OU
|rated
|clearpoke
|poke|p1|Medicham, F
|poke|p1|Kabutops, F
|poke|p1|Kingdra, M
|poke|p1|Ferrothorn, M
|poke|p1|Politoed, F
|poke|p1|Thundurus, M
|poke|p2|Azumarill, F
|poke|p2|Landorus-Therian, M
|poke|p2|Klefki, M
|poke|p2|Sceptile, F
|poke|p2|Heatran, M
|poke|p2|Latios, M
|rule|Swagger Clause: Swagger is banned
|rule|Baton Pass Clause: Limit one PokÃ©mon knowing Baton Pass
|rule|Sleep Clause Mod: Limit one foe put to sleep
|rule|Species Clause: Limit one of each PokÃ©mon
|rule|OHKO Clause: OHKO moves are banned
|rule|Moody Clause: Moody is banned
|rule|Evasion Moves Clause: Evasion moves are banned
|rule|Endless Battle Clause: Forcing endless battles is banned
|rule|HP Percentage Mod: HP is shown in percentages
|teampreview
|
|start
|switch|p1a: Medicham|Medicham, F|261\/261
|switch|p2a: Grass Sweeper|Sceptile, F|281\/281
|turn|1
|
|switch|p2a: Burglar|Klefki, M|318\/318
|detailschange|p1a: Medicham|Medicham-Mega, F
|-mega|p1a: Medicham|Medicham|Medichamite
|move|p1a: Medicham|Fake Out|p2a: Burglar
|-resisted|p2a: Burglar
|-damage|p2a: Burglar|271\/318
|
|-heal|p2a: Burglar|290\/318|[from] item: Leftovers
|turn|2
|
|switch|p1a: Ferrothorn|Ferrothorn, M|352\/352
|move|p2a: Burglar|Toxic|p1a: Ferrothorn
|-fail|p1a: Ferrothorn
|
|-heal|p2a: Burglar|309\/318|[from] item: Leftovers
|turn|3
|
|move|p2a: Burglar|Spikes|p1a: Ferrothorn
|-sidestart|p1: terry41|Spikes
|move|p1a: Ferrothorn|Stealth Rock|p2a: Burglar
|-sidestart|p2: NagariNewMeta|move: Stealth Rock
|
|-heal|p2a: Burglar|318\/318|[from] item: Leftovers
|turn|4
|
|switch|p1a: Medicham|Medicham-Mega, F|261\/261
|-damage|p1a: Medicham|229\/261|[from] Spikes
|move|p2a: Burglar|Spikes|p1a: Medicham
|-sidestart|p1: terry41|Spikes
|
|turn|5
|
|move|p2a: Burglar|Thunder Wave|p1a: Medicham
|-status|p1a: Medicham|par
|move|p1a: Medicham|High Jump Kick|p2a: Burglar
|-damage|p2a: Burglar|0 fnt
|faint|p2a: Burglar
|
|
|switch|p2a: AzumAAA|Azumarill, F|342\/342
|-damage|p2a: AzumAAA|300\/342|[from] Stealth Rock
|turn|6
|
|switch|p2a: Lavaster|Heatran, M|378\/378
|-damage|p2a: Lavaster|331\/378|[from] Stealth Rock
|switch|p1a: Ferrothorn|Ferrothorn, M|352\/352
|-damage|p1a: Ferrothorn|294\/352|[from] Spikes
|
|-heal|p1a: Ferrothorn|316\/352|[from] item: Leftovers
|turn|7
|
|switch|p1a: Politoed|Politoed, F|383\/383
|-damage|p1a: Politoed|320\/383|[from] Spikes
|-weather|RainDance
|move|p2a: Lavaster|Earth Power|p1a: Politoed
|-damage|p1a: Politoed|180\/383
|
|-weather|RainDance|[upkeep]
|turn|8
|
|switch|p1a: Thundurus|Thundurus, M|299\/299
|move|p2a: Lavaster|Earth Power|p1a: Thundurus
|-immune|p1a: Thundurus|[msg]
|
|-weather|RainDance|[upkeep]
|turn|9
|
|switch|p2a: FlightGanon|Latios, M|302\/302
|-damage|p2a: FlightGanon|265\/302|[from] Stealth Rock
|move|p1a: Thundurus|Superpower|p2a: FlightGanon
|-resisted|p2a: FlightGanon
|-damage|p2a: FlightGanon|184\/302
|-unboost|p1a: Thundurus|atk|1
|-unboost|p1a: Thundurus|def|1
|-damage|p1a: Thundurus|270\/299|[from] item: Life Orb
|
|-weather|RainDance|[upkeep]
|turn|10
|
|move|p2a: FlightGanon|Ice Beam|p1a: Thundurus
|-supereffective|p1a: Thundurus
|-damage|p1a: Thundurus|0 fnt
|faint|p1a: Thundurus
|
|-weather|RainDance|[upkeep]
|
|switch|p1a: Kabutops|Kabutops, F|261\/261
|-damage|p1a: Kabutops|218\/261|[from] Spikes
|turn|11
|
|switch|p2a: Lavaster|Heatran, M|331\/378
|-damage|p2a: Lavaster|284\/378|[from] Stealth Rock
|move|p1a: Kabutops|Swords Dance|p1a: Kabutops
|-boost|p1a: Kabutops|atk|2
|
|-weather|RainDance|[upkeep]
|turn|12
|
|move|p1a: Kabutops|Waterfall|p2a: Lavaster
|-supereffective|p2a: Lavaster
|-damage|p2a: Lavaster|0 fnt
|-damage|p1a: Kabutops|192\/261|[from] item: Life Orb
|faint|p2a: Lavaster
|
|-weather|RainDance|[upkeep]
|
|switch|p2a: Clicks U-Turn|Landorus-Therian, M|382\/382
|-damage|p2a: Clicks U-Turn|335\/382|[from] Stealth Rock
|-ability|p2a: Clicks U-Turn|Intimidate|[of] p1a: Kabutops
|-unboost|p1a: Kabutops|atk|1
|turn|13
|
|move|p1a: Kabutops|Waterfall|p2a: Clicks U-Turn
|-supereffective|p2a: Clicks U-Turn
|-damage|p2a: Clicks U-Turn|0 fnt
|-damage|p1a: Kabutops|166\/261|[from] item: Life Orb
|faint|p2a: Clicks U-Turn
|
|-weather|RainDance|[upkeep]
|
|switch|p2a: AzumAAA|Azumarill, F|300\/342
|-damage|p2a: AzumAAA|258\/342|[from] Stealth Rock
|turn|14
|
|move|p1a: Kabutops|Aqua Jet|p2a: AzumAAA
|-resisted|p2a: AzumAAA
|-damage|p2a: AzumAAA|122\/342
|-damage|p1a: Kabutops|140\/261|[from] item: Life Orb
|-enditem|p2a: AzumAAA|Sitrus Berry|[eat]
|-heal|p2a: AzumAAA|207\/342|[from] item: Sitrus Berry
|move|p2a: AzumAAA|Play Rough|p1a: Kabutops
|-damage|p1a: Kabutops|0 fnt
|faint|p1a: Kabutops
|
|-weather|none
|
|switch|p1a: Ferrothorn|Ferrothorn, M|316\/352
|-damage|p1a: Ferrothorn|258\/352|[from] Spikes
|turn|15
|
|move|p2a: AzumAAA|Superpower|p1a: Ferrothorn
|-supereffective|p1a: Ferrothorn
|-damage|p1a: Ferrothorn|10\/352
|-damage|p2a: AzumAAA|165\/342|[from] ability: Iron Barbs|[of] p1a: Ferrothorn
|-unboost|p2a: AzumAAA|atk|1
|-unboost|p2a: AzumAAA|def|1
|move|p1a: Ferrothorn|Gyro Ball|p2a: AzumAAA
|-damage|p2a: AzumAAA|0 fnt
|faint|p2a: AzumAAA
|
|-heal|p1a: Ferrothorn|32\/352|[from] item: Leftovers
|
|switch|p2a: Grass Sweeper|Sceptile, F|281\/281
|-damage|p2a: Grass Sweeper|246\/281|[from] Stealth Rock
|turn|16
|
|detailschange|p2a: Grass Sweeper|Sceptile-Mega, F
|-mega|p2a: Grass Sweeper|Sceptile|Sceptilite
|move|p2a: Grass Sweeper|Dragon Pulse|p1a: Ferrothorn
|-resisted|p1a: Ferrothorn
|-damage|p1a: Ferrothorn|0 fnt
|faint|p1a: Ferrothorn
|
|
|switch|p1a: Politoed|Politoed, F|180\/383
|-damage|p1a: Politoed|117\/383|[from] Spikes
|-weather|RainDance
|turn|17
|
|move|p2a: Grass Sweeper|Dragon Pulse|p1a: Politoed
|-damage|p1a: Politoed|0 fnt
|faint|p1a: Politoed
|
|-weather|RainDance|[upkeep]
|
|switch|p1a: Kingdra|Kingdra, M|291\/291
|-damage|p1a: Kingdra|243\/291|[from] Spikes
|turn|18
|
|move|p1a: Kingdra|Ice Beam|p2a: Grass Sweeper
|-supereffective|p2a: Grass Sweeper
|-damage|p2a: Grass Sweeper|0 fnt
|-damage|p1a: Kingdra|214\/291|[from] item: Life Orb
|faint|p2a: Grass Sweeper
|
|-weather|RainDance|[upkeep]
|
|switch|p2a: FlightGanon|Latios, M|184\/302
|-damage|p2a: FlightGanon|147\/302|[from] Stealth Rock
|turn|19
|
|move|p1a: Kingdra|Ice Beam|p2a: FlightGanon
|-supereffective|p2a: FlightGanon
|-damage|p2a: FlightGanon|0 fnt
|-damage|p1a: Kingdra|185\/291|[from] item: Life Orb
|faint|p2a: FlightGanon
|
|win|terry41
|raw|Ladder updating...
|c|âterry41|gg
|raw|terry41's rating: 1571 &rarr; <strong>1588<\/strong><br \/>(+17 for winning)
|raw|NagariNewMeta's rating: 1521 &rarr; <strong>1504<\/strong><br \/>(-17 for losing)
|c|âNagariNewMeta|gg