|join|redsoxalex3459
|join|terry41
|player|p1|redsoxalex3459|262
|player|p2|terry41|17
|gametype|singles
|gen|6
|tier|OU
|rated
|clearpoke
|poke|p1|Entei, shiny
|poke|p1|Landorus-Therian, M
|poke|p1|Raikou
|poke|p1|Rotom-Wash
|poke|p1|Ferrothorn, M
|poke|p1|Azelf
|poke|p2|Heracross, F
|poke|p2|Rotom-Wash
|poke|p2|Tyranitar, F
|poke|p2|Excadrill, F
|poke|p2|Latios, M
|poke|p2|Thundurus, M
|rule|Swagger Clause: Swagger is banned
|rule|Baton Pass Clause: Limit one PokÃ©mon knowing Baton Pass
|rule|Sleep Clause Mod: Limit one foe put to sleep
|rule|Species Clause: Limit one of each PokÃ©mon
|rule|OHKO Clause: OHKO moves are banned
|rule|Moody Clause: Moody is banned
|rule|Evasion Moves Clause: Evasion moves are banned
|rule|Endless Battle Clause: Forcing endless battles is banned
|rule|HP Percentage Mod: HP is shown in percentages
|teampreview
|
|start
|switch|p1a: Azelf|Azelf|291\/291
|switch|p2a: Tyranitar|Tyranitar, F|341\/341
|-weather|Sandstorm
|turn|1
|
|move|p1a: Azelf|Stealth Rock|p2a: Tyranitar
|-sidestart|p2: terry41|move: Stealth Rock
|move|p2a: Tyranitar|Dark Pulse|p1a: Azelf
|-supereffective|p1a: Azelf
|-enditem|p1a: Azelf|Focus Sash
|-damage|p1a: Azelf|1\/291
|
|-weather|Sandstorm|[upkeep]
|-damage|p1a: Azelf|0 fnt|[from] sandstorm
|faint|p1a: Azelf
|
|switch|p1a: Landorus-Therian|Landorus-Therian, M|320\/320
|-ability|p1a: Landorus-Therian|Intimidate|[of] p2a: Tyranitar
|-unboost|p2a: Tyranitar|atk|1
|turn|2
|
|switch|p2a: Rotom-Wash|Rotom-Wash|304\/304
|-damage|p2a: Rotom-Wash|266\/304|[from] Stealth Rock
|move|p1a: Landorus-Therian|U-turn|p2a: Rotom-Wash
|-damage|p2a: Rotom-Wash|202\/304
|
|switch|p1a: Raikou|Raikou|322\/322
|-ability|p1a: Raikou|Pressure
|
|-weather|Sandstorm|[upkeep]
|-damage|p1a: Raikou|302\/322|[from] sandstorm
|-damage|p2a: Rotom-Wash|183\/304|[from] sandstorm
|-heal|p2a: Rotom-Wash|202\/304|[from] item: Leftovers
|turn|3
|
|move|p1a: Raikou|Shadow Ball|p2a: Rotom-Wash
|-damage|p2a: Rotom-Wash|71\/304
|move|p2a: Rotom-Wash|Volt Switch|p1a: Raikou
|-resisted|p1a: Raikou
|-damage|p1a: Raikou|257\/322
|
|switch|p2a: Excadrill|Excadrill, F|362\/362
|-damage|p2a: Excadrill|351\/362|[from] Stealth Rock
|
|-weather|Sandstorm|[upkeep]
|-damage|p1a: Raikou|237\/322|[from] sandstorm
|turn|4
|
|switch|p1a: Ferrothorn|Ferrothorn, M|352\/352
|move|p2a: Excadrill|Rapid Spin|p1a: Ferrothorn
|-resisted|p1a: Ferrothorn
|-damage|p1a: Ferrothorn|342\/352
|-damage|p2a: Excadrill|306\/362|[from] ability: Iron Barbs|[of] p1a: Ferrothorn
|-damage|p2a: Excadrill|246\/362|[from] item: Rocky Helmet|[of] p1a: Ferrothorn
|-sideend|p2: terry41|Stealth Rock|[from] move: Rapid Spin|[of] p2a: Excadrill
|-damage|p2a: Excadrill|210\/362|[from] item: Life Orb
|
|-weather|Sandstorm|[upkeep]
|turn|5
|
|switch|p2a: Tyranitar|Tyranitar, F|341\/341
|move|p1a: Ferrothorn|Stealth Rock|p2a: Tyranitar
|-sidestart|p2: terry41|move: Stealth Rock
|
|-weather|none
|turn|6
|
|move|p2a: Tyranitar|Stealth Rock|p1a: Ferrothorn
|-sidestart|p1: redsoxalex3459|move: Stealth Rock
|move|p1a: Ferrothorn|Leech Seed|p2a: Tyranitar
|-start|p2a: Tyranitar|move: Leech Seed
|
|-damage|p2a: Tyranitar|299\/341|[from] Leech Seed|[of] p1a: Ferrothorn
|-heal|p1a: Ferrothorn|352\/352|[silent]
|turn|7
|
|move|p2a: Tyranitar|Fire Blast|p1a: Ferrothorn
|-supereffective|p1a: Ferrothorn
|-damage|p1a: Ferrothorn|0 fnt
|faint|p1a: Ferrothorn
|
|
|switch|p1a: Landorus-Therian|Landorus-Therian, M|320\/320
|-damage|p1a: Landorus-Therian|280\/320|[from] Stealth Rock
|-ability|p1a: Landorus-Therian|Intimidate|[of] p2a: Tyranitar
|-unboost|p2a: Tyranitar|atk|1
|turn|8
|
|switch|p2a: Rotom-Wash|Rotom-Wash|71\/304
|-damage|p2a: Rotom-Wash|33\/304|[from] Stealth Rock
|move|p1a: Landorus-Therian|U-turn|p2a: Rotom-Wash
|-crit|p2a: Rotom-Wash
|-damage|p2a: Rotom-Wash|0 fnt
|faint|p2a: Rotom-Wash
|
|switch|p1a: Rotom-Wash|Rotom-Wash|242\/242
|-damage|p1a: Rotom-Wash|212\/242|[from] Stealth Rock
|
|-heal|p1a: Rotom-Wash|227\/242|[from] item: Leftovers
|
|switch|p2a: Heracross|Heracross, F|301\/301
|-damage|p2a: Heracross|264\/301|[from] Stealth Rock
|turn|9
|
|move|p2a: Heracross|Swords Dance|p2a: Heracross
|-boost|p2a: Heracross|atk|2
|move|p1a: Rotom-Wash|Will-O-Wisp|p2a: Heracross
|-status|p2a: Heracross|brn
|
|-heal|p1a: Rotom-Wash|242\/242|[from] item: Leftovers
|-damage|p2a: Heracross|227\/301 brn|[from] brn
|turn|10
|
|move|p2a: Heracross|Close Combat|p1a: Rotom-Wash
|-damage|p1a: Rotom-Wash|0 fnt
|-unboost|p2a: Heracross|def|1
|-unboost|p2a: Heracross|spd|1
|faint|p1a: Rotom-Wash
|
|-damage|p2a: Heracross|190\/301 brn|[from] brn
|
|switch|p1a: Entei|Entei, shiny|401\/401
|-damage|p1a: Entei|301\/401|[from] Stealth Rock
|-ability|p1a: Entei|Pressure
|turn|11
|
|switch|p2a: Tyranitar|Tyranitar, F|299\/341
|-damage|p2a: Tyranitar|257\/341|[from] Stealth Rock
|-weather|Sandstorm
|move|p1a: Entei|Sacred Fire|p2a: Tyranitar
|-resisted|p2a: Tyranitar
|-damage|p2a: Tyranitar|143\/341
|
|-weather|Sandstorm|[upkeep]
|-damage|p1a: Entei|276\/401|[from] sandstorm
|turn|12
|
|switch|p2a: Heracross|Heracross, F|190\/301 brn
|-damage|p2a: Heracross|153\/301 brn|[from] Stealth Rock
|move|p1a: Entei|Sacred Fire|p2a: Heracross
|-supereffective|p2a: Heracross
|-damage|p2a: Heracross|0 fnt
|faint|p2a: Heracross
|
|-weather|Sandstorm|[upkeep]
|-damage|p1a: Entei|251\/401|[from] sandstorm
|
|switch|p2a: Latios|Latios, M|302\/302
|-damage|p2a: Latios|265\/302|[from] Stealth Rock
|turn|13
|
|move|p2a: Latios|Draco Meteor|p1a: Entei
|-damage|p1a: Entei|0 fnt
|-unboost|p2a: Latios|spa|2
|faint|p1a: Entei
|
|-weather|Sandstorm|[upkeep]
|-damage|p2a: Latios|247\/302|[from] sandstorm
|
|switch|p1a: Raikou|Raikou|237\/322
|-damage|p1a: Raikou|197\/322|[from] Stealth Rock
|-ability|p1a: Raikou|Pressure
|turn|14
|
|switch|p2a: Thundurus|Thundurus, M|299\/299
|-damage|p2a: Thundurus|225\/299|[from] Stealth Rock
|move|p1a: Raikou|Shadow Ball|p2a: Thundurus
|-damage|p2a: Thundurus|75\/299
|
|-weather|Sandstorm|[upkeep]
|-damage|p1a: Raikou|177\/322|[from] sandstorm
|-damage|p2a: Thundurus|57\/299|[from] sandstorm
|turn|15
|
|move|p1a: Raikou|Shadow Ball|p2a: Thundurus
|-damage|p2a: Thundurus|0 fnt
|faint|p2a: Thundurus
|
|-weather|none
|
|switch|p2a: Tyranitar|Tyranitar, F|143\/341
|-damage|p2a: Tyranitar|101\/341|[from] Stealth Rock
|-weather|Sandstorm
|turn|16
|
|switch|p1a: Landorus-Therian|Landorus-Therian, M|280\/320
|-damage|p1a: Landorus-Therian|240\/320|[from] Stealth Rock
|-ability|p1a: Landorus-Therian|Intimidate|[of] p2a: Tyranitar
|-unboost|p2a: Tyranitar|atk|1
|move|p2a: Tyranitar|Ice Beam|p1a: Landorus-Therian
|-supereffective|p1a: Landorus-Therian
|-damage|p1a: Landorus-Therian|0 fnt
|faint|p1a: Landorus-Therian
|
|-weather|Sandstorm|[upkeep]
|-message|redsoxalex3459 forfeited.
|
|win|terry41
|raw|Ladder updating...
|leave|redsoxalex3459
|player|p1