|join|Patodragon.v2
|join|terry41
|player|p1|Patodragon.v2|102
|player|p2|terry41|17
|gametype|singles
|gen|6
|tier|OU
|rated
|clearpoke
|poke|p1|Tyranitar, M
|poke|p1|Altaria, F
|poke|p1|Excadrill, M
|poke|p1|Kyurem-Black
|poke|p1|Ferrothorn, M
|poke|p1|Talonflame, M
|poke|p2|Tyranitar, F
|poke|p2|Excadrill, M
|poke|p2|Thundurus, M
|poke|p2|Medicham, F
|poke|p2|Greninja, F
|poke|p2|Talonflame, M
|rule|Swagger Clause: Swagger is banned
|rule|Baton Pass Clause: Limit one PokÃ©mon knowing Baton Pass
|rule|Sleep Clause Mod: Limit one foe put to sleep
|rule|Species Clause: Limit one of each PokÃ©mon
|rule|OHKO Clause: OHKO moves are banned
|rule|Moody Clause: Moody is banned
|rule|Evasion Moves Clause: Evasion moves are banned
|rule|Endless Battle Clause: Forcing endless battles is banned
|rule|HP Percentage Mod: HP is shown in percentages
|teampreview
|
|start
|switch|p1a: Tyranitar|Tyranitar, M|365\/365
|switch|p2a: Medicham|Medicham, F|261\/261
|-weather|Sandstorm
|turn|1
|
|switch|p1a: Altaria|Altaria, F|317\/317
|-ability|p1a: Altaria|Cloud Nine
|detailschange|p2a: Medicham|Medicham-Mega, F
|message|Medicham has Mega Evolved into Mega Medicham!
|move|p2a: Medicham|High Jump Kick|p1a: Altaria
|-resisted|p1a: Altaria
|-damage|p1a: Altaria|75\/317
|
|-weather|Sandstorm|[upkeep]
|turn|2
|
|switch|p1a: Ferrothorn|Ferrothorn, M|352\/352
|move|p2a: Medicham|High Jump Kick|p1a: Ferrothorn
|-supereffective|p1a: Ferrothorn
|-damage|p1a: Ferrothorn|0 fnt
|-damage|p2a: Medicham|229\/261|[from] ability: Iron Barbs|[of] p1a: Ferrothorn
|faint|p1a: Ferrothorn
|
|-weather|Sandstorm|[upkeep]
|-damage|p2a: Medicham|213\/261|[from] sandstorm
|
|switch|p1a: Talonflame|Talonflame, M|319\/319
|turn|3
|
|switch|p1a: Tyranitar|Tyranitar, M|365\/365
|switch|p2a: Thundurus|Thundurus, M|299\/299
|
|-weather|Sandstorm|[upkeep]
|-damage|p2a: Thundurus|281\/299|[from] sandstorm
|turn|4
|
|move|p2a: Thundurus|Superpower|p1a: Tyranitar
|-supereffective|p1a: Tyranitar
|-damage|p1a: Tyranitar|0 fnt
|-unboost|p2a: Thundurus|atk|1
|-unboost|p2a: Thundurus|def|1
|-damage|p2a: Thundurus|252\/299|[from] item: Life Orb
|faint|p1a: Tyranitar
|
|-weather|Sandstorm|[upkeep]
|-damage|p2a: Thundurus|234\/299|[from] sandstorm
|
|switch|p1a: Excadrill|Excadrill, M|385\/385
|turn|5
|
|move|p1a: Excadrill|Iron Head|p2a: Thundurus
|-resisted|p2a: Thundurus
|-damage|p2a: Thundurus|57\/299
|-damage|p1a: Excadrill|347\/385|[from] item: Life Orb
|cant|p2a: Thundurus|flinch
|
|-weather|Sandstorm|[upkeep]
|-damage|p2a: Thundurus|39\/299|[from] sandstorm
|turn|6
|
|move|p2a: Thundurus|Thunder Wave|p1a: Excadrill
|-immune|p1a: Excadrill|[msg]
|move|p1a: Excadrill|Iron Head|p2a: Thundurus
|-resisted|p2a: Thundurus
|-damage|p2a: Thundurus|0 fnt
|-damage|p1a: Excadrill|309\/385|[from] item: Life Orb
|faint|p2a: Thundurus
|
|-weather|Sandstorm|[upkeep]
|
|switch|p2a: Medicham|Medicham-Mega, F|213\/261
|turn|7
|
|move|p2a: Medicham|Fake Out|p1a: Excadrill
|-resisted|p1a: Excadrill
|-damage|p1a: Excadrill|249\/385
|cant|p1a: Excadrill|flinch
|
|-weather|Sandstorm|[upkeep]
|-damage|p2a: Medicham|197\/261|[from] sandstorm
|turn|8
|
|switch|p2a: Talonflame|Talonflame, M|298\/298
|move|p1a: Excadrill|Earthquake|p2a: Talonflame
|-immune|p2a: Talonflame|[msg]
|
|-weather|none
|turn|9
|
|switch|p1a: Kyurem-Black|Kyurem-Black|403\/403
|-ability|p1a: Kyurem-Black|Teravolt
|move|p2a: Talonflame|Flare Blitz|p1a: Kyurem-Black
|-damage|p1a: Kyurem-Black|192\/403
|-damage|p2a: Talonflame|228\/298|[from] recoil|[of] p1a: Kyurem-Black
|-damage|p2a: Talonflame|199\/298|[from] item: Life Orb
|
|turn|10
|
|move|p2a: Talonflame|Flare Blitz|p1a: Kyurem-Black
|-damage|p1a: Kyurem-Black|0 fnt
|-damage|p2a: Talonflame|136\/298|[from] recoil|[of] p1a: Kyurem-Black
|-damage|p2a: Talonflame|107\/298|[from] item: Life Orb
|faint|p1a: Kyurem-Black
|
|
|switch|p1a: Talonflame|Talonflame, M|319\/319
|turn|11
|c|âterry41|i like ur sand team
|
|move|p2a: Talonflame|Brave Bird|p1a: Talonflame
|-damage|p1a: Talonflame|73\/319
|-damage|p2a: Talonflame|26\/298|[from] recoil|[of] p1a: Talonflame
|-damage|p2a: Talonflame|0 fnt|[from] item: Life Orb
|faint|p2a: Talonflame
|move|p1a: Talonflame|Brave Bird|p2: Talonflame|[notarget]
|-notarget
|
|c|âPatodragon.v2|its shit
|
|switch|p2a: Medicham|Medicham-Mega, F|197\/261
|turn|12
|
|switch|p1a: Excadrill|Excadrill, M|249\/385
|move|p2a: Medicham|Fake Out|p1a: Excadrill
|-resisted|p1a: Excadrill
|-damage|p1a: Excadrill|181\/385
|
|turn|13
|
|switch|p1a: Altaria|Altaria, F|75\/317
|-ability|p1a: Altaria|Cloud Nine
|move|p2a: Medicham|High Jump Kick|p1a: Altaria
|-resisted|p1a: Altaria
|-damage|p1a: Altaria|0 fnt
|faint|p1a: Altaria
|
|
|switch|p1a: Talonflame|Talonflame, M|73\/319
|turn|14
|
|switch|p1a: Excadrill|Excadrill, M|181\/385
|move|p2a: Medicham|High Jump Kick|p1a: Excadrill
|-supereffective|p1a: Excadrill
|-damage|p1a: Excadrill|0 fnt
|faint|p1a: Excadrill
|
|-message|Patodragon.v2 forfeited.
|
|win|terry41
|raw|Ladder updating...
|leave|Patodragon.v2
|player|p1
|raw|Patodragon.v2's rating: 1515 &rarr; <strong>1497<\/strong><br \/>(-18 for losing)
|raw|terry41's rating: 1553 &rarr; <strong>1571<\/strong><br \/>(+18 for winning)