|join|Richizen
|join|terry41
|player|p1|Richizen|1
|player|p2|terry41|17
|gametype|singles
|gen|6
|tier|OU
|rated
|clearpoke
|poke|p1|Sableye, M
|poke|p1|Heatran, M
|poke|p1|Gothitelle, F
|poke|p1|Landorus-Therian, M
|poke|p1|Sylveon, F, shiny
|poke|p1|Rotom-Wash
|poke|p2|Lopunny, F
|poke|p2|Greninja, M
|poke|p2|Tyranitar, F
|poke|p2|Excadrill, M
|poke|p2|Talonflame, F
|poke|p2|Thundurus, M
|rule|Swagger Clause: Swagger is banned
|rule|Baton Pass Clause: Limit one PokÃ©mon knowing Baton Pass
|rule|Sleep Clause Mod: Limit one foe put to sleep
|rule|Species Clause: Limit one of each PokÃ©mon
|rule|OHKO Clause: OHKO moves are banned
|rule|Moody Clause: Moody is banned
|rule|Evasion Moves Clause: Evasion moves are banned
|rule|Endless Battle Clause: Forcing endless battles is banned
|rule|HP Percentage Mod: HP is shown in percentages
|teampreview
|
|start
|switch|p1a: Heatran|Heatran, M|385\/385
|switch|p2a: Lopunny|Lopunny, F|272\/272
|turn|1
|
|detailschange|p2a: Lopunny|Lopunny-Mega, F
|message|Lopunny has Mega Evolved into Mega Lopunny!
|move|p2a: Lopunny|Fake Out|p1a: Heatran
|-resisted|p1a: Heatran
|-damage|p1a: Heatran|352\/385
|cant|p1a: Heatran|flinch
|
|-heal|p1a: Heatran|376\/385|[from] item: Leftovers
|turn|2
|
|move|p2a: Lopunny|High Jump Kick|p1a: Heatran
|-supereffective|p1a: Heatran
|-damage|p1a: Heatran|0 fnt
|faint|p1a: Heatran
|
|
|switch|p1a: Landorus-Therian|Landorus-Therian, M|320\/320
|-ability|p1a: Landorus-Therian|Intimidate|[of] p2a: Lopunny
|-unboost|p2a: Lopunny|atk|1
|turn|3
|
|move|p1a: Landorus-Therian|Earthquake|p2a: Lopunny
|-damage|p2a: Lopunny|47\/272
|move|p2a: Lopunny|Ice Punch|p1a: Landorus-Therian
|-supereffective|p1a: Landorus-Therian
|-damage|p1a: Landorus-Therian|48\/320
|
|turn|4
|
|switch|p2a: Thundurus|Thundurus, M|299\/299
|move|p1a: Landorus-Therian|Earthquake|p2a: Thundurus
|-immune|p2a: Thundurus|[msg]
|
|turn|5
|
|switch|p1a: Sylveon|Sylveon, F, shiny|393\/393
|move|p2a: Thundurus|Thunderbolt|p1a: Sylveon
|-damage|p1a: Sylveon|263\/393
|-damage|p2a: Thundurus|270\/299|[from] item: Life Orb
|
|-heal|p1a: Sylveon|287\/393|[from] item: Leftovers
|turn|6
|
|switch|p1a: Landorus-Therian|Landorus-Therian, M|48\/320
|-ability|p1a: Landorus-Therian|Intimidate|[of] p2a: Thundurus
|-unboost|p2a: Thundurus|atk|1
|move|p2a: Thundurus|Thunder Wave|p1a: Landorus-Therian
|-immune|p1a: Landorus-Therian|[msg]
|
|turn|7
|
|switch|p2a: Lopunny|Lopunny-Mega, F|47\/272
|move|p1a: Landorus-Therian|Stone Edge|p2a: Lopunny
|-resisted|p2a: Lopunny
|-damage|p2a: Lopunny|0 fnt
|faint|p2a: Lopunny
|
|
|switch|p2a: Tyranitar|Tyranitar, F|342\/342
|-weather|Sandstorm
|turn|8
|
|switch|p1a: Sylveon|Sylveon, F, shiny|287\/393
|move|p2a: Tyranitar|Stealth Rock|p1a: Sylveon
|-sidestart|p1: Richizen|move: Stealth Rock
|
|-weather|Sandstorm|[upkeep]
|-damage|p1a: Sylveon|263\/393|[from] sandstorm
|-heal|p1a: Sylveon|287\/393|[from] item: Leftovers
|turn|9
|
|switch|p2a: Excadrill|Excadrill, M|362\/362
|move|p1a: Sylveon|Hyper Voice|p2a: Excadrill
|-resisted|p2a: Excadrill
|-damage|p2a: Excadrill|251\/362
|
|-weather|Sandstorm|[upkeep]
|-damage|p1a: Sylveon|263\/393|[from] sandstorm
|-heal|p1a: Sylveon|287\/393|[from] item: Leftovers
|turn|10
|
|switch|p1a: Rotom-Wash|Rotom-Wash|303\/303
|-damage|p1a: Rotom-Wash|266\/303|[from] Stealth Rock
|move|p2a: Excadrill|Iron Head|p1a: Rotom-Wash
|-resisted|p1a: Rotom-Wash
|-damage|p1a: Rotom-Wash|231\/303
|-damage|p2a: Excadrill|215\/362|[from] item: Life Orb
|
|-weather|Sandstorm|[upkeep]
|-damage|p1a: Rotom-Wash|213\/303|[from] sandstorm
|-heal|p1a: Rotom-Wash|231\/303|[from] item: Leftovers
|turn|11
|
|switch|p2a: Greninja|Greninja, M|285\/285
|move|p1a: Rotom-Wash|Hydro Pump|p2a: Greninja
|-resisted|p2a: Greninja
|-damage|p2a: Greninja|191\/285
|
|-weather|Sandstorm|[upkeep]
|-damage|p2a: Greninja|174\/285|[from] sandstorm
|-damage|p1a: Rotom-Wash|213\/303|[from] sandstorm
|-heal|p1a: Rotom-Wash|231\/303|[from] item: Leftovers
|turn|12
|
|move|p2a: Greninja|Gunk Shot|p1a: Rotom-Wash
|-start|p2a: Greninja|typechange|Poison|[from] Protean
|-damage|p1a: Rotom-Wash|106\/303
|-status|p1a: Rotom-Wash|psn
|-damage|p2a: Greninja|146\/285|[from] item: Life Orb
|move|p1a: Rotom-Wash|Thunder Wave|p2a: Greninja
|-status|p2a: Greninja|par
|
|-weather|none
|-heal|p1a: Rotom-Wash|124\/303 psn|[from] item: Leftovers
|-damage|p1a: Rotom-Wash|87\/303 psn|[from] psn
|turn|13
|
|move|p1a: Rotom-Wash|Volt Switch|p2a: Greninja
|-damage|p2a: Greninja|28\/285 par
|
|switch|p1a: Gothitelle|Gothitelle, F|343\/343
|-damage|p1a: Gothitelle|301\/343|[from] Stealth Rock
|cant|p2a: Greninja|par
|
|-heal|p1a: Gothitelle|322\/343|[from] item: Leftovers
|turn|14
|
|move|p1a: Gothitelle|Calm Mind|p1a: Gothitelle
|-boost|p1a: Gothitelle|spa|1
|-boost|p1a: Gothitelle|spd|1
|move|p2a: Greninja|Hydro Pump|p1a: Gothitelle
|-start|p2a: Greninja|typechange|Water|[from] Protean
|-damage|p1a: Gothitelle|221\/343
|-damage|p2a: Greninja|0 fnt|[from] item: Life Orb
|faint|p2a: Greninja
|
|-heal|p1a: Gothitelle|242\/343|[from] item: Leftovers
|
|switch|p2a: Talonflame|Talonflame, F|298\/298
|turn|15
|
|move|p2a: Talonflame|Brave Bird|p1a: Gothitelle
|-damage|p1a: Gothitelle|43\/343
|-damage|p2a: Talonflame|232\/298|[from] recoil|[of] p1a: Gothitelle
|move|p1a: Gothitelle|Psyshock|p2a: Talonflame
|-damage|p2a: Talonflame|36\/298
|
|-heal|p1a: Gothitelle|64\/343|[from] item: Leftovers
|turn|16
|
|move|p2a: Talonflame|Brave Bird|p1a: Gothitelle
|-damage|p1a: Gothitelle|0 fnt
|-damage|p2a: Talonflame|15\/298|[from] recoil|[of] p1a: Gothitelle
|faint|p1a: Gothitelle
|
|
|switch|p1a: Rotom-Wash|Rotom-Wash|87\/303 psn
|-damage|p1a: Rotom-Wash|50\/303 psn|[from] Stealth Rock
|turn|17
|
|switch|p2a: Thundurus|Thundurus, M|270\/299
|move|p1a: Rotom-Wash|Hydro Pump|p2a: Thundurus
|-damage|p2a: Thundurus|107\/299
|
|-heal|p1a: Rotom-Wash|68\/303 psn|[from] item: Leftovers
|-damage|p1a: Rotom-Wash|31\/303 psn|[from] psn
|turn|18
|
|move|p2a: Thundurus|Superpower|p1a: Rotom-Wash
|-damage|p1a: Rotom-Wash|0 fnt
|-unboost|p2a: Thundurus|atk|1
|-unboost|p2a: Thundurus|def|1
|-damage|p2a: Thundurus|78\/299|[from] item: Life Orb
|faint|p1a: Rotom-Wash
|
|
|switch|p1a: Sylveon|Sylveon, F, shiny|287\/393
|-damage|p1a: Sylveon|238\/393|[from] Stealth Rock
|turn|19
|
|move|p2a: Thundurus|Thunder Wave|p1a: Sylveon
|-status|p1a: Sylveon|par
|cant|p1a: Sylveon|par
|
|-heal|p1a: Sylveon|262\/393 par|[from] item: Leftovers
|turn|20
|
|move|p2a: Thundurus|Thunderbolt|p1a: Sylveon
|-damage|p1a: Sylveon|129\/393 par
|-damage|p2a: Thundurus|49\/299|[from] item: Life Orb
|move|p1a: Sylveon|Wish|p1a: Sylveon
|
|-heal|p1a: Sylveon|153\/393 par|[from] item: Leftovers
|turn|21
|
|move|p1a: Sylveon|Protect|p1a: Sylveon
|-singleturn|p1a: Sylveon|Protect
|move|p2a: Thundurus|Hidden Power|p1a: Sylveon
|-activate|p1a: Sylveon|Protect
|
|-heal|p1a: Sylveon|349\/393 par|[from] move: Wish|[wisher] Sylveon
|-heal|p1a: Sylveon|373\/393 par|[from] item: Leftovers
|turn|22
|
|move|p2a: Thundurus|Thunderbolt|p1a: Sylveon
|-damage|p1a: Sylveon|247\/393 par
|-damage|p2a: Thundurus|20\/299|[from] item: Life Orb
|cant|p1a: Sylveon|par
|
|-heal|p1a: Sylveon|271\/393 par|[from] item: Leftovers
|turn|23
|
|switch|p1a: Sableye|Sableye, M|304\/304
|-damage|p1a: Sableye|266\/304|[from] Stealth Rock
|move|p2a: Thundurus|Hidden Power|p1a: Sableye
|-damage|p1a: Sableye|136\/304
|-damage|p2a: Thundurus|0 fnt|[from] item: Life Orb
|faint|p2a: Thundurus
|
|
|switch|p2a: Talonflame|Talonflame, F|15\/298
|turn|24
|
|switch|p1a: Sylveon|Sylveon, F, shiny|271\/393 par
|-damage|p1a: Sylveon|222\/393 par|[from] Stealth Rock
|move|p2a: Talonflame|Roost|p2a: Talonflame
|-heal|p2a: Talonflame|164\/298
|
|-heal|p1a: Sylveon|246\/393 par|[from] item: Leftovers
|turn|25
|
|switch|p1a: Landorus-Therian|Landorus-Therian, M|48\/320
|-damage|p1a: Landorus-Therian|8\/320|[from] Stealth Rock
|-ability|p1a: Landorus-Therian|Intimidate|[of] p2a: Talonflame
|-unboost|p2a: Talonflame|atk|1
|move|p2a: Talonflame|Roost|p2a: Talonflame
|-heal|p2a: Talonflame|298\/298
|
|turn|26
|
|move|p2a: Talonflame|Brave Bird|p1a: Landorus-Therian
|-damage|p1a: Landorus-Therian|0 fnt
|-damage|p2a: Talonflame|295\/298|[from] recoil|[of] p1a: Landorus-Therian
|faint|p1a: Landorus-Therian
|
|
|switch|p1a: Sableye|Sableye, M|136\/304
|-damage|p1a: Sableye|98\/304|[from] Stealth Rock
|turn|27
|
|switch|p2a: Excadrill|Excadrill, M|215\/362
|detailschange|p1a: Sableye|Sableye-Mega, M
|message|Sableye has Mega Evolved into Mega Sableye!
|move|p1a: Sableye|Recover|p1a: Sableye
|-heal|p1a: Sableye|250\/304
|
|turn|28
|
|move|p2a: Excadrill|Earthquake|p1a: Sableye
|-damage|p1a: Sableye|90\/304
|-damage|p2a: Excadrill|179\/362|[from] item: Life Orb
|move|p1a: Sableye|Will-O-Wisp|p2a: Excadrill
|-status|p2a: Excadrill|brn
|
|-damage|p2a: Excadrill|134\/362 brn|[from] brn
|turn|29
|
|switch|p2a: Talonflame|Talonflame, F|295\/298
|move|p1a: Sableye|Recover|p1a: Sableye
|-heal|p1a: Sableye|242\/304
|
|turn|30
|
|move|p2a: Talonflame|Swords Dance|p2a: Talonflame
|-boost|p2a: Talonflame|atk|2
|move|p1a: Sableye|Foul Play|p2a: Talonflame
|-damage|p2a: Talonflame|0 fnt
|faint|p2a: Talonflame
|
|c|âterry41|gg
|-message|terry41 forfeited.
|
|win|Richizen
|raw|Ladder updating...
|leave|terry41
|player|p2