|join|terry41
|join|Bradley s kosky
|player|p1|terry41|17
|player|p2|Bradley s kosky|102
|gametype|singles
|gen|6
|tier|OU
|clearpoke
|poke|p1|Lopunny, F
|poke|p1|Greninja, M
|poke|p1|Tyranitar, M
|poke|p1|Excadrill, F
|poke|p1|Talonflame, F
|poke|p1|Latios, M
|poke|p2|Empoleon, F
|poke|p2|Landorus-Therian, M
|poke|p2|Medicham, F
|poke|p2|Rotom-Wash
|poke|p2|Darmanitan, M
|poke|p2|Celebi
|rule|Swagger Clause: Swagger is banned
|rule|Baton Pass Clause: Limit one PokÃ©mon knowing Baton Pass
|rule|Sleep Clause Mod: Limit one foe put to sleep
|rule|Species Clause: Limit one of each PokÃ©mon
|rule|OHKO Clause: OHKO moves are banned
|rule|Moody Clause: Moody is banned
|rule|Evasion Moves Clause: Evasion moves are banned
|rule|Endless Battle Clause: Forcing endless battles is banned
|rule|HP Percentage Mod: HP is shown in percentages
|teampreview
|join|Always On Tilt
|c| Always On Tilt|hey bud
|
|start
|switch|p1a: Lopunny|Lopunny, F|272\/272
|switch|p2a: Darmanitan|Darmanitan, M|351\/351
|turn|1
|
|detailschange|p1a: Lopunny|Lopunny-Mega, F
|message|Lopunny has Mega Evolved into Mega Lopunny!
|move|p1a: Lopunny|Fake Out|p2a: Darmanitan
|-damage|p2a: Darmanitan|227\/351
|cant|p2a: Darmanitan|flinch
|
|turn|2
|join|Dark_380
|
|switch|p1a: Tyranitar|Tyranitar, M|342\/342
|-weather|Sandstorm
|move|p2a: Darmanitan|U-turn|p1a: Tyranitar
|-supereffective|p1a: Tyranitar
|-damage|p1a: Tyranitar|178\/342
|
|switch|p2a: Celebi|Celebi|342\/342
|
|-weather|Sandstorm|[upkeep]
|-damage|p2a: Celebi|321\/342|[from] sandstorm
|turn|3
|
|switch|p2a: Darmanitan|Darmanitan, M|227\/351
|switch|p1a: Talonflame|Talonflame, F|298\/298
|
|-weather|Sandstorm|[upkeep]
|-damage|p2a: Darmanitan|206\/351|[from] sandstorm
|-damage|p1a: Talonflame|280\/298|[from] sandstorm
|turn|4
|
|switch|p2a: Landorus-Therian|Landorus-Therian, M|382\/382
|-ability|p2a: Landorus-Therian|Intimidate|[of] p1a: Talonflame
|-unboost|p1a: Talonflame|atk|1
|switch|p1a: Lopunny|Lopunny-Mega, F|272\/272
|
|-weather|Sandstorm|[upkeep]
|-damage|p1a: Lopunny|255\/272|[from] sandstorm
|turn|5
|
|switch|p2a: Celebi|Celebi|321\/342
|move|p1a: Lopunny|Fake Out|p2a: Celebi
|-damage|p2a: Celebi|251\/342
|
|-weather|Sandstorm|[upkeep]
|-damage|p1a: Lopunny|238\/272|[from] sandstorm
|-damage|p2a: Celebi|230\/342|[from] sandstorm
|turn|6
|
|move|p1a: Lopunny|Ice Punch|p2a: Celebi
|-supereffective|p2a: Celebi
|-damage|p2a: Celebi|58\/342
|move|p2a: Celebi|Psychic|p1a: Lopunny
|-supereffective|p1a: Lopunny
|-damage|p1a: Lopunny|0 fnt
|-damage|p2a: Celebi|24\/342|[from] item: Life Orb
|faint|p1a: Lopunny
|
|-weather|none
|
|switch|p1a: Tyranitar|Tyranitar, M|178\/342
|-weather|Sandstorm
|turn|7
|
|move|p2a: Celebi|Hidden Power|p1a: Tyranitar
|-supereffective|p1a: Tyranitar
|-damage|p1a: Tyranitar|0 fnt
|-damage|p2a: Celebi|0 fnt|[from] item: Life Orb
|faint|p1a: Tyranitar
|faint|p2a: Celebi
|
|-weather|Sandstorm|[upkeep]
|c| Dark_380|lmao
|c|âterry41|im srry  im choking right now
|
|switch|p1a: Latios|Latios, M|302\/302
|switch|p2a: Rotom-Wash|Rotom-Wash|304\/304
|turn|8
|
|move|p1a: Latios|Trick|p2a: Rotom-Wash
|-activate|p1a: Latios|move: Trick|[of] p2a: Rotom-Wash
|-item|p2a: Rotom-Wash|Choice Scarf|[from] move: Trick
|-item|p1a: Latios|Lum Berry|[from] move: Trick
|move|p2a: Rotom-Wash|Volt Switch|p1a: Latios
|-crit|p1a: Latios
|-resisted|p1a: Latios
|-damage|p1a: Latios|238\/302
|
|switch|p2a: Empoleon|Empoleon, F|310\/310
|
|-weather|Sandstorm|[upkeep]
|-damage|p1a: Latios|220\/302|[from] sandstorm
|turn|9
|c| Dark_380|well I'm sure you didn't expect hp fight celebi
|c|âterry41|naw i did not
|
|move|p1a: Latios|Draco Meteor|p2a: Empoleon|[miss]
|-miss|p1a: Latios|p2a: Empoleon
|move|p2a: Empoleon|Agility|p2a: Empoleon
|-boost|p2a: Empoleon|spe|2
|
|-weather|Sandstorm|[upkeep]
|-damage|p1a: Latios|202\/302|[from] sandstorm
|turn|10
|
|switch|p1a: Excadrill|Excadrill, F|362\/362
|move|p2a: Empoleon|Substitute|p2a: Empoleon
|-start|p2a: Empoleon|Substitute
|-damage|p2a: Empoleon|233\/310
|
|-weather|Sandstorm|[upkeep]
|turn|11
|
|move|p1a: Excadrill|Earthquake|p2a: Empoleon
|-supereffective|p2a: Empoleon
|-end|p2a: Empoleon|Substitute
|-damage|p1a: Excadrill|326\/362|[from] item: Life Orb
|move|p2a: Empoleon|Substitute|p2a: Empoleon
|-start|p2a: Empoleon|Substitute
|-damage|p2a: Empoleon|156\/310
|
|-weather|none
|turn|12
|
|move|p2a: Empoleon|Scald|p1a: Excadrill
|-supereffective|p1a: Excadrill
|-damage|p1a: Excadrill|0 fnt
|faint|p1a: Excadrill
|
|
|switch|p1a: Latios|Latios, M|202\/302
|turn|13
|c|âterry41|yeah gg can we get a remtach after this im doing multiple tims right now atm
|
|move|p2a: Empoleon|Ice Beam|p1a: Latios
|-supereffective|p1a: Latios
|-damage|p1a: Latios|8\/302
|move|p1a: Latios|Psyshock|p2a: Empoleon
|-resisted|p2a: Empoleon
|-activate|p2a: Empoleon|Substitute|[damage]
|
|turn|14
|
|move|p2a: Empoleon|Scald|p1a: Latios
|-resisted|p1a: Latios
|-damage|p1a: Latios|0 fnt
|faint|p1a: Latios
|
|
|switch|p1a: Greninja|Greninja, M|285\/285
|turn|15
|
|move|p2a: Empoleon|Scald|p1a: Greninja
|-resisted|p1a: Greninja
|-damage|p1a: Greninja|186\/285
|-status|p1a: Greninja|brn
|move|p1a: Greninja|Hydro Pump|p2a: Empoleon
|-start|p1a: Greninja|typechange|Water|[from] Protean
|-resisted|p2a: Empoleon
|-end|p2a: Empoleon|Substitute
|-damage|p1a: Greninja|158\/285 brn|[from] item: Life Orb
|
|-damage|p1a: Greninja|123\/285 brn|[from] brn
|turn|16
|
|move|p2a: Empoleon|Scald|p1a: Greninja
|-resisted|p1a: Greninja
|-damage|p1a: Greninja|38\/285 brn
|move|p1a: Greninja|Dark Pulse|p2a: Empoleon
|-start|p1a: Greninja|typechange|Dark|[from] Protean
|-damage|p2a: Empoleon|4\/310
|-damage|p1a: Greninja|10\/285 brn|[from] item: Life Orb
|-enditem|p2a: Empoleon|Petaya Berry|[eat]
|-boost|p2a: Empoleon|spa|1|[from] item: Petaya Berry
|
|-damage|p1a: Greninja|0 fnt|[from] brn
|faint|p1a: Greninja
|c|âterry41|gg
|
|switch|p1a: Talonflame|Talonflame, F|280\/298
|turn|17
|
|move|p1a: Talonflame|Brave Bird|p2a: Empoleon
|-resisted|p2a: Empoleon
|-damage|p2a: Empoleon|0 fnt
|-damage|p1a: Talonflame|279\/298|[from] recoil|[of] p2a: Empoleon
|faint|p2a: Empoleon
|
|
|switch|p2a: Landorus-Therian|Landorus-Therian, M|382\/382
|-ability|p2a: Landorus-Therian|Intimidate|[of] p1a: Talonflame
|-unboost|p1a: Talonflame|atk|1
|turn|18
|
|move|p1a: Talonflame|Flare Blitz|p2a: Landorus-Therian
|-damage|p2a: Landorus-Therian|301\/382
|-damage|p1a: Talonflame|252\/298|[from] recoil|[of] p2a: Landorus-Therian
|move|p2a: Landorus-Therian|U-turn|p1a: Talonflame
|-resisted|p1a: Talonflame
|-damage|p1a: Talonflame|226\/298
|
|switch|p2a: Rotom-Wash|Rotom-Wash|304\/304
|
|turn|19
|
|move|p1a: Talonflame|Brave Bird|p2a: Rotom-Wash
|-resisted|p2a: Rotom-Wash
|-damage|p2a: Rotom-Wash|242\/304
|-damage|p1a: Talonflame|206\/298|[from] recoil|[of] p2a: Rotom-Wash
|move|p2a: Rotom-Wash|Hydro Pump|p1a: Talonflame
|-supereffective|p1a: Talonflame
|-damage|p1a: Talonflame|0 fnt
|faint|p1a: Talonflame
|
|win|Bradley s kosky
|leave|terry41
|player|p1