|join|Cute Luna Star
|join|terry41
|player|p1|Cute Luna Star|232
|player|p2|terry41|17
|gametype|singles
|gen|6
|tier|OU
|rated
|clearpoke
|poke|p1|Landorus-Therian, M
|poke|p1|Gyarados, M
|poke|p1|Excadrill, M
|poke|p1|Terrakion
|poke|p1|Breloom, M
|poke|p1|Talonflame, F
|poke|p2|Heracross, M
|poke|p2|Rotom-Wash
|poke|p2|Tyranitar, F
|poke|p2|Excadrill, F
|poke|p2|Latios, M
|poke|p2|Thundurus, M
|rule|Swagger Clause: Swagger is banned
|rule|Baton Pass Clause: Limit one PokÃ©mon knowing Baton Pass
|rule|Sleep Clause Mod: Limit one foe put to sleep
|rule|Species Clause: Limit one of each PokÃ©mon
|rule|OHKO Clause: OHKO moves are banned
|rule|Moody Clause: Moody is banned
|rule|Evasion Moves Clause: Evasion moves are banned
|rule|Endless Battle Clause: Forcing endless battles is banned
|rule|HP Percentage Mod: HP is shown in percentages
|teampreview
|
|start
|switch|p1a: Terrakion|Terrakion|323\/323
|switch|p2a: Heracross|Heracross, M|301\/301
|turn|1
|
|detailschange|p2a: Heracross|Heracross-Mega, M
|message|Heracross has Mega Evolved into Mega Heracross!
|move|p1a: Terrakion|Stealth Rock|p2a: Heracross
|-sidestart|p2: terry41|move: Stealth Rock
|move|p2a: Heracross|Pin Missile|p1a: Terrakion
|-resisted|p1a: Terrakion
|-damage|p1a: Terrakion|286\/323
|-resisted|p1a: Terrakion
|-damage|p1a: Terrakion|250\/323
|-resisted|p1a: Terrakion
|-damage|p1a: Terrakion|214\/323
|-resisted|p1a: Terrakion
|-damage|p1a: Terrakion|178\/323
|-resisted|p1a: Terrakion
|-damage|p1a: Terrakion|141\/323
|-hitcount|p1a: Terrakion|5
|
|turn|2
|
|move|p1a: Terrakion|Stone Edge|p2a: Heracross
|-damage|p2a: Heracross|145\/301
|move|p2a: Heracross|Pin Missile|p1a: Terrakion
|-resisted|p1a: Terrakion
|-damage|p1a: Terrakion|107\/323
|-crit|p1a: Terrakion
|-resisted|p1a: Terrakion
|-damage|p1a: Terrakion|53\/323
|-resisted|p1a: Terrakion
|-damage|p1a: Terrakion|17\/323
|-resisted|p1a: Terrakion
|-damage|p1a: Terrakion|0 fnt
|-hitcount|p1a: Terrakion|4
|faint|p1a: Terrakion
|
|
|switch|p1a: Talonflame|Talonflame, F|323\/323
|turn|3
|
|move|p1a: Talonflame|Will-O-Wisp|p2a: Heracross
|-status|p2a: Heracross|brn
|move|p2a: Heracross|Rock Blast|p1a: Talonflame
|-supereffective|p1a: Talonflame
|-damage|p1a: Talonflame|231\/323
|-supereffective|p1a: Talonflame
|-damage|p1a: Talonflame|139\/323
|-supereffective|p1a: Talonflame
|-damage|p1a: Talonflame|39\/323
|-supereffective|p1a: Talonflame
|-damage|p1a: Talonflame|0 fnt
|-hitcount|p1a: Talonflame|4
|faint|p1a: Talonflame
|
|-damage|p2a: Heracross|108\/301 brn|[from] brn
|
|switch|p1a: Landorus-Therian|Landorus-Therian, M|338\/338
|-ability|p1a: Landorus-Therian|Intimidate|[of] p2a: Heracross
|-unboost|p2a: Heracross|atk|1
|turn|4
|
|move|p1a: Landorus-Therian|Knock Off|p2a: Heracross
|-resisted|p2a: Heracross
|-damage|p2a: Heracross|70\/301 brn
|move|p2a: Heracross|Rock Blast|p1a: Landorus-Therian
|-damage|p1a: Landorus-Therian|323\/338
|-damage|p1a: Landorus-Therian|306\/338
|-damage|p1a: Landorus-Therian|290\/338
|-damage|p1a: Landorus-Therian|273\/338
|-crit|p1a: Landorus-Therian
|-damage|p1a: Landorus-Therian|239\/338
|-hitcount|p1a: Landorus-Therian|5
|
|-damage|p2a: Heracross|33\/301 brn|[from] brn
|turn|5
|
|move|p1a: Landorus-Therian|Rock Polish|p1a: Landorus-Therian
|-boost|p1a: Landorus-Therian|spe|2
|move|p2a: Heracross|Rock Blast|p1a: Landorus-Therian
|-damage|p1a: Landorus-Therian|223\/338
|-damage|p1a: Landorus-Therian|207\/338
|-damage|p1a: Landorus-Therian|190\/338
|-damage|p1a: Landorus-Therian|173\/338
|-damage|p1a: Landorus-Therian|157\/338
|-hitcount|p1a: Landorus-Therian|5
|
|-damage|p2a: Heracross|0 fnt|[from] brn
|faint|p2a: Heracross
|
|switch|p2a: Rotom-Wash|Rotom-Wash|304\/304
|-damage|p2a: Rotom-Wash|266\/304|[from] Stealth Rock
|turn|6
|
|move|p1a: Landorus-Therian|Knock Off|p2a: Rotom-Wash
|-damage|p2a: Rotom-Wash|163\/304
|-enditem|p2a: Rotom-Wash|Leftovers|[from] move: Knock Off|[of] p1a: Landorus-Therian
|move|p2a: Rotom-Wash|Will-O-Wisp|p1a: Landorus-Therian
|-status|p1a: Landorus-Therian|brn
|
|-damage|p1a: Landorus-Therian|115\/338 brn|[from] brn
|turn|7
|
|move|p1a: Landorus-Therian|Smack Down|p2a: Rotom-Wash
|-damage|p2a: Rotom-Wash|138\/304
|-start|p2a: Rotom-Wash|Smack Down
|move|p2a: Rotom-Wash|Volt Switch|p1a: Landorus-Therian
|-immune|p1a: Landorus-Therian|[msg]
|
|-damage|p1a: Landorus-Therian|73\/338 brn|[from] brn
|turn|8
|
|switch|p2a: Thundurus|Thundurus, M|299\/299
|-damage|p2a: Thundurus|225\/299|[from] Stealth Rock
|move|p1a: Landorus-Therian|Knock Off|p2a: Thundurus
|-damage|p2a: Thundurus|128\/299
|-enditem|p2a: Thundurus|Life Orb|[from] move: Knock Off|[of] p1a: Landorus-Therian
|
|-damage|p1a: Landorus-Therian|31\/338 brn|[from] brn
|turn|9
|
|switch|p2a: Tyranitar|Tyranitar, F|341\/341
|-damage|p2a: Tyranitar|299\/341|[from] Stealth Rock
|-weather|Sandstorm
|move|p1a: Landorus-Therian|Smack Down|p2a: Tyranitar
|-damage|p2a: Tyranitar|268\/341
|
|-weather|Sandstorm|[upkeep]
|-damage|p1a: Landorus-Therian|0 fnt|[from] brn
|faint|p1a: Landorus-Therian
|
|switch|p1a: Breloom|Breloom, M|261\/261
|turn|10
|
|switch|p2a: Rotom-Wash|Rotom-Wash|138\/304
|-damage|p2a: Rotom-Wash|100\/304|[from] Stealth Rock
|move|p1a: Breloom|Spore|p2a: Rotom-Wash
|-status|p2a: Rotom-Wash|slp
|
|-weather|Sandstorm|[upkeep]
|-damage|p1a: Breloom|245\/261|[from] sandstorm
|-damage|p2a: Rotom-Wash|81\/304 slp|[from] sandstorm
|turn|11
|
|switch|p1a: Excadrill|Excadrill, M|362\/362
|-ability|p1a: Excadrill|Mold Breaker
|cant|p2a: Rotom-Wash|slp
|
|-weather|Sandstorm|[upkeep]
|-damage|p2a: Rotom-Wash|62\/304 slp|[from] sandstorm
|turn|12
|
|move|p1a: Excadrill|Earthquake|p2a: Rotom-Wash
|-supereffective|p2a: Rotom-Wash
|-damage|p2a: Rotom-Wash|0 fnt
|faint|p2a: Rotom-Wash
|
|-weather|Sandstorm|[upkeep]
|
|switch|p2a: Thundurus|Thundurus, M|128\/299
|-damage|p2a: Thundurus|54\/299|[from] Stealth Rock
|turn|13
|
|switch|p1a: Breloom|Breloom, M|245\/261
|move|p2a: Thundurus|Thunderbolt|p1a: Breloom
|-resisted|p1a: Breloom
|-damage|p1a: Breloom|126\/261
|
|-weather|none
|turn|14
|
|move|p2a: Thundurus|Thunder Wave|p1a: Breloom
|-status|p1a: Breloom|par
|move|p1a: Breloom|Mach Punch|p2a: Thundurus
|-resisted|p2a: Thundurus
|-damage|p2a: Thundurus|0 fnt
|faint|p2a: Thundurus
|
|
|switch|p2a: Tyranitar|Tyranitar, F|268\/341
|-damage|p2a: Tyranitar|226\/341|[from] Stealth Rock
|-weather|Sandstorm
|turn|15
|
|move|p1a: Breloom|Mach Punch|p2a: Tyranitar
|-supereffective|p2a: Tyranitar
|-damage|p2a: Tyranitar|0 fnt
|faint|p2a: Tyranitar
|
|-weather|Sandstorm|[upkeep]
|-damage|p1a: Breloom|110\/261 par|[from] sandstorm
|
|switch|p2a: Excadrill|Excadrill, F|362\/362
|-damage|p2a: Excadrill|351\/362|[from] Stealth Rock
|turn|16
|
|switch|p1a: Gyarados|Gyarados, M|333\/333
|-ability|p1a: Gyarados|Intimidate|[of] p2a: Excadrill
|-unboost|p2a: Excadrill|atk|1
|move|p2a: Excadrill|Iron Head|p1a: Gyarados
|-resisted|p1a: Gyarados
|-damage|p1a: Gyarados|254\/333
|-damage|p2a: Excadrill|315\/362|[from] item: Life Orb
|
|-weather|Sandstorm|[upkeep]
|-damage|p1a: Gyarados|234\/333|[from] sandstorm
|turn|17
|
|detailschange|p1a: Gyarados|Gyarados-Mega, M
|message|Gyarados has Mega Evolved into Mega Gyarados!
|-ability|p1a: Gyarados|Mold Breaker
|move|p2a: Excadrill|Rock Slide|p1a: Gyarados
|-damage|p1a: Gyarados|153\/333
|-damage|p2a: Excadrill|279\/362|[from] item: Life Orb
|move|p1a: Gyarados|Earthquake|p2a: Excadrill
|-supereffective|p2a: Excadrill
|-damage|p2a: Excadrill|0 fnt
|faint|p2a: Excadrill
|
|-weather|Sandstorm|[upkeep]
|-damage|p1a: Gyarados|133\/333|[from] sandstorm
|-message|terry41 forfeited.
|
|win|Cute Luna Star
|raw|Ladder updating...
|leave|terry41
|player|p2
|raw|Cute Luna Star's rating: 1661 &rarr; <strong>1683<\/strong><br \/>(+22 for winning)
|raw|terry41's rating: 1692 &rarr; <strong>1671<\/strong><br \/>(-21 for losing)