|join|doom23
|join|terry41
|player|p1|doom23|40
|player|p2|terry41|17
|gametype|singles
|gen|6
|tier|OU
|clearpoke
|poke|p1|Heracross, M
|poke|p1|Magnezone
|poke|p1|Mandibuzz, F
|poke|p1|Gastrodon, F
|poke|p1|Entei, shiny
|poke|p1|Cresselia, F
|poke|p2|Charizard, M
|poke|p2|Greninja, F
|poke|p2|Landorus-Therian, M
|poke|p2|Azelf
|poke|p2|Bisharp, M
|poke|p2|Latias, F
|rule|Swagger Clause: Swagger is banned
|rule|Baton Pass Clause: Limit one PokÃ©mon knowing Baton Pass
|rule|Sleep Clause Mod: Limit one foe put to sleep
|rule|Species Clause: Limit one of each PokÃ©mon
|rule|OHKO Clause: OHKO moves are banned
|rule|Moody Clause: Moody is banned
|rule|Evasion Moves Clause: Evasion moves are banned
|rule|Endless Battle Clause: Forcing endless battles is banned
|rule|HP Percentage Mod: HP is shown in percentages
|teampreview
|
|start
|switch|p1a: Heracross|Heracross, M|302\/302
|switch|p2a: Azelf|Azelf|291\/291
|turn|1
|join|Kreiser
|
|detailschange|p1a: Heracross|Heracross-Mega, M
|message|Heracross has Mega Evolved into Mega Heracross!
|move|p2a: Azelf|Stealth Rock|p1a: Heracross
|-sidestart|p1: doom23|move: Stealth Rock
|move|p1a: Heracross|Pin Missile|p2a: Azelf
|-supereffective|p2a: Azelf
|-damage|p2a: Azelf|105\/291
|-supereffective|p2a: Azelf
|-damage|p2a: Azelf|0 fnt
|-hitcount|p2a: Azelf|2
|faint|p2a: Azelf
|
|
|switch|p2a: Charizard|Charizard, M|313\/313
|turn|2
|
|switch|p1a: Cresselia|Cresselia, F|444\/444
|-damage|p1a: Cresselia|389\/444|[from] Stealth Rock
|detailschange|p2a: Charizard|Charizard-Mega-X, M
|message|Charizard has Mega Evolved into Mega Charizard!
|move|p2a: Charizard|Flare Blitz|p1a: Cresselia
|-damage|p1a: Cresselia|175\/444
|-damage|p2a: Charizard|242\/313|[from] recoil|[of] p1a: Cresselia
|
|-heal|p1a: Cresselia|202\/444|[from] item: Leftovers
|turn|3
|c| Kreiser|lets go Terry, avenge my death even tho u caused it XD
|
|move|p2a: Charizard|Flare Blitz|p1a: Cresselia
|-damage|p1a: Cresselia|0 fnt
|-damage|p2a: Charizard|175\/313|[from] recoil|[of] p1a: Cresselia
|faint|p1a: Cresselia
|
|
|switch|p1a: Mandibuzz|Mandibuzz, F|424\/424
|-damage|p1a: Mandibuzz|318\/424|[from] Stealth Rock
|turn|4
|
|switch|p2a: Bisharp|Bisharp, M|271\/271
|move|p1a: Mandibuzz|Defog|p2a: Bisharp
|-unboost|p2a: Bisharp|evasion|1
|-boost|p2a: Bisharp|atk|2|[from] ability: Defiant
|-sideend|p1: doom23|Stealth Rock|[from] move: Defog|[of] p1a: Mandibuzz
|
|turn|5
|
|move|p2a: Bisharp|Iron Head|p1a: Mandibuzz
|-damage|p1a: Mandibuzz|122\/424
|-damage|p2a: Bisharp|226\/271|[from] item: Rocky Helmet|[of] p1a: Mandibuzz
|move|p1a: Mandibuzz|Foul Play|p2a: Bisharp
|-resisted|p2a: Bisharp
|-damage|p2a: Bisharp|48\/271
|
|turn|6
|
|move|p2a: Bisharp|Iron Head|p1a: Mandibuzz
|-damage|p1a: Mandibuzz|0 fnt
|-damage|p2a: Bisharp|3\/271|[from] item: Rocky Helmet|[of] p1a: Mandibuzz
|faint|p1a: Mandibuzz
|
|
|switch|p1a: Entei|Entei, shiny|372\/372
|-ability|p1a: Entei|Pressure
|turn|7
|
|switch|p2a: Landorus-Therian|Landorus-Therian, M|325\/325
|-ability|p2a: Landorus-Therian|Intimidate|[of] p1a: Entei
|-unboost|p1a: Entei|atk|1
|move|p1a: Entei|Extreme Speed|p2a: Landorus-Therian
|-damage|p2a: Landorus-Therian|251\/325
|
|turn|8
|
|switch|p1a: Gastrodon|Gastrodon, F|426\/426
|move|p2a: Landorus-Therian|U-turn|p1a: Gastrodon
|-damage|p1a: Gastrodon|345\/426
|join|flashy 2056
|
|switch|p2a: Latias|Latias, F|302\/302
|
|-heal|p1a: Gastrodon|371\/426|[from] item: Leftovers
|turn|9
|join|JDynasty
|
|switch|p1a: Magnezone|Magnezone|282\/282
|move|p2a: Latias|Psyshock|p1a: Magnezone
|-resisted|p1a: Magnezone
|-damage|p1a: Magnezone|212\/282
|-damage|p2a: Latias|272\/302|[from] item: Life Orb
|
|turn|10
|
|move|p1a: Magnezone|Flash Cannon|p2a: Latias
|-damage|p2a: Latias|163\/302
|move|p2a: Latias|Healing Wish|p2a: Latias
|faint|p2a: Latias
|
|join|Arcanine is Regal
|
|switch|p2a: Charizard|Charizard-Mega-X, M|175\/313
|-heal|p2a: Charizard|313\/313|[from] move: Healing Wish
|turn|11
|
|switch|p1a: Entei|Entei, shiny|372\/372
|-ability|p1a: Entei|Pressure
|move|p2a: Charizard|Dragon Dance|p2a: Charizard
|-boost|p2a: Charizard|atk|1
|-boost|p2a: Charizard|spe|1
|
|turn|12
|
|move|p2a: Charizard|Earthquake|p1a: Entei
|-supereffective|p1a: Entei
|-damage|p1a: Entei|0 fnt
|faint|p1a: Entei
|
|
|switch|p1a: Gastrodon|Gastrodon, F|371\/426
|turn|13
|c| Arcanine is Regal|doooom
|
|move|p2a: Charizard|Dragon Claw|p1a: Gastrodon
|-damage|p1a: Gastrodon|134\/426
|move|p1a: Gastrodon|Toxic|p2a: Charizard
|-status|p2a: Charizard|tox
|
|-heal|p1a: Gastrodon|160\/426|[from] item: Leftovers
|-damage|p2a: Charizard|294\/313 tox|[from] psn
|turn|14
|c| Arcanine is Regal|dont fail meee
|c|âdoom23|lol
|c|âdoom23|seems gg
|
|move|p2a: Charizard|Earthquake|p1a: Gastrodon
|-damage|p1a: Gastrodon|0 fnt
|faint|p1a: Gastrodon
|
|-damage|p2a: Charizard|256\/313 tox|[from] psn
|
|switch|p1a: Heracross|Heracross-Mega, M|302\/302
|turn|15
|
|switch|p1a: Magnezone|Magnezone|212\/282
|move|p2a: Charizard|Flare Blitz|p1a: Magnezone
|-crit|p1a: Magnezone
|-supereffective|p1a: Magnezone
|-damage|p1a: Magnezone|0 fnt
|-damage|p2a: Charizard|186\/313 tox|[from] recoil|[of] p1a: Magnezone
|faint|p1a: Magnezone
|
|-damage|p2a: Charizard|129\/313 tox|[from] psn
|
|switch|p1a: Heracross|Heracross-Mega, M|302\/302
|turn|16
|
|move|p2a: Charizard|Flare Blitz|p1a: Heracross
|-supereffective|p1a: Heracross
|-damage|p1a: Heracross|0 fnt
|-damage|p2a: Charizard|29\/313 tox|[from] recoil|[of] p1a: Heracross
|faint|p1a: Heracross
|
|win|terry41
|c|âdoom23|gg