|join|terry41
|join|VenomSplice
|player|p1|terry41|17
|player|p2|VenomSplice|120
|gametype|singles
|gen|6
|tier|OU
|clearpoke
|poke|p1|Tyranitar, F
|poke|p1|Excadrill, M
|poke|p1|Talonflame, M
|poke|p1|Greninja, F
|poke|p1|Thundurus, M
|poke|p1|Medicham, M
|poke|p2|Talonflame, M, shiny
|poke|p2|Azumarill, M, shiny
|poke|p2|Pinsir, M, shiny
|poke|p2|Clefable, M, shiny
|poke|p2|Breloom, F, shiny
|poke|p2|Scolipede, M, shiny
|rule|Swagger Clause: Swagger is banned
|rule|Baton Pass Clause: Limit one PokÃ©mon knowing Baton Pass
|rule|Sleep Clause Mod: Limit one foe put to sleep
|rule|Species Clause: Limit one of each PokÃ©mon
|rule|OHKO Clause: OHKO moves are banned
|rule|Moody Clause: Moody is banned
|rule|Evasion Moves Clause: Evasion moves are banned
|rule|Endless Battle Clause: Forcing endless battles is banned
|rule|HP Percentage Mod: HP is shown in percentages
|teampreview
|
|start
|switch|p1a: Medicham|Medicham, M|261\/261
|switch|p2a: Scolipede|Scolipede, M, shiny|324\/324
|turn|1
|
|detailschange|p1a: Medicham|Medicham-Mega, M
|message|Medicham has Mega Evolved into Mega Medicham!
|move|p2a: Scolipede|Protect|p2a: Scolipede
|-singleturn|p2a: Scolipede|Protect
|move|p1a: Medicham|Fake Out|p2a: Scolipede
|-activate|p2a: Scolipede|Protect
|
|-boost|p2a: Scolipede|spe|1|[from] ability: Speed Boost
|turn|2
|
|move|p2a: Scolipede|Swords Dance|p2a: Scolipede
|-boost|p2a: Scolipede|atk|2
|move|p1a: Medicham|Psycho Cut|p2a: Scolipede
|-supereffective|p2a: Scolipede
|-enditem|p2a: Scolipede|Focus Sash
|-damage|p2a: Scolipede|1\/324
|
|-boost|p2a: Scolipede|spe|1|[from] ability: Speed Boost
|turn|3
|
|switch|p1a: Tyranitar|Tyranitar, F|342\/342
|-weather|Sandstorm
|move|p2a: Scolipede|Protect|p2a: Scolipede
|-fail|p2a: Scolipede
|
|-weather|Sandstorm|[upkeep]
|-damage|p2a: Scolipede|0 fnt|[from] sandstorm
|faint|p2a: Scolipede
|
|switch|p2a: Breloom|Breloom, F, shiny|262\/262
|turn|4
|
|switch|p1a: Thundurus|Thundurus, M|299\/299
|move|p2a: Breloom|Mach Punch|p1a: Thundurus
|-resisted|p1a: Thundurus
|-damage|p1a: Thundurus|231\/299
|
|-weather|Sandstorm|[upkeep]
|-damage|p1a: Thundurus|213\/299|[from] sandstorm
|-damage|p2a: Breloom|246\/262|[from] sandstorm
|turn|5
|
|switch|p2a: Clefable|Clefable, M, shiny|394\/394
|move|p1a: Thundurus|Hidden Power|p2a: Clefable
|-damage|p2a: Clefable|302\/394
|-damage|p1a: Thundurus|184\/299|[from] item: Life Orb
|
|-weather|Sandstorm|[upkeep]
|-damage|p1a: Thundurus|166\/299|[from] sandstorm
|-heal|p2a: Clefable|326\/394|[from] item: Leftovers
|turn|6
|
|move|p1a: Thundurus|Thunderbolt|p2a: Clefable
|-damage|p2a: Clefable|92\/394
|-status|p2a: Clefable|par
|-damage|p1a: Thundurus|137\/299|[from] item: Life Orb
|move|p2a: Clefable|Calm Mind|p2a: Clefable
|-boost|p2a: Clefable|spa|1
|-boost|p2a: Clefable|spd|1
|
|-weather|Sandstorm|[upkeep]
|-damage|p1a: Thundurus|119\/299|[from] sandstorm
|-heal|p2a: Clefable|116\/394 par|[from] item: Leftovers
|turn|7
|
|move|p1a: Thundurus|Thunderbolt|p2a: Clefable
|-damage|p2a: Clefable|0 fnt
|-damage|p1a: Thundurus|90\/299|[from] item: Life Orb
|faint|p2a: Clefable
|
|-weather|none
|
|switch|p2a: Pinsir|Pinsir, M, shiny|272\/272
|turn|8
|
|detailschange|p2a: Pinsir|Pinsir-Mega, M, shiny
|message|Pinsir has Mega Evolved into Mega Pinsir!
|move|p1a: Thundurus|Thunder Wave|p2a: Pinsir
|-status|p2a: Pinsir|par
|move|p2a: Pinsir|Quick Attack|p1a: Thundurus
|-resisted|p1a: Thundurus
|-damage|p1a: Thundurus|22\/299
|
|turn|9
|
|move|p1a: Thundurus|Thunderbolt|p2a: Pinsir
|-supereffective|p2a: Pinsir
|-damage|p2a: Pinsir|0 fnt
|-damage|p1a: Thundurus|0 fnt|[from] item: Life Orb
|faint|p2a: Pinsir
|faint|p1a: Thundurus
|
|
|switch|p1a: Medicham|Medicham-Mega, M|261\/261
|switch|p2a: Breloom|Breloom, F, shiny|246\/262
|turn|10
|
|move|p1a: Medicham|Psycho Cut|p2a: Breloom
|-supereffective|p2a: Breloom
|-damage|p2a: Breloom|0 fnt
|faint|p2a: Breloom
|
|
|switch|p2a: Azumarill|Azumarill, M, shiny|342\/342
|turn|11
|
|move|p1a: Medicham|Psycho Cut|p2a: Azumarill
|-damage|p2a: Azumarill|81\/342
|move|p2a: Azumarill|Play Rough|p1a: Medicham
|-supereffective|p1a: Medicham
|-damage|p1a: Medicham|0 fnt
|faint|p1a: Medicham
|
|
|switch|p1a: Talonflame|Talonflame, M|298\/298
|turn|12
|
|switch|p2a: Talonflame|Talonflame, M, shiny|345\/345
|move|p1a: Talonflame|Brave Bird|p2a: Talonflame
|-damage|p2a: Talonflame|76\/345
|-damage|p1a: Talonflame|209\/298|[from] recoil|[of] p2a: Talonflame
|-damage|p1a: Talonflame|180\/298|[from] item: Life Orb
|
|turn|13
|
|move|p1a: Talonflame|Brave Bird|p2a: Talonflame
|-damage|p2a: Talonflame|0 fnt
|-damage|p1a: Talonflame|155\/298|[from] recoil|[of] p2a: Talonflame
|-damage|p1a: Talonflame|126\/298|[from] item: Life Orb
|faint|p2a: Talonflame
|
|c|âterry41|gg
|
|switch|p2a: Azumarill|Azumarill, M, shiny|81\/342
|turn|14
|
|move|p1a: Talonflame|Brave Bird|p2a: Azumarill
|-damage|p2a: Azumarill|0 fnt
|-damage|p1a: Talonflame|99\/298|[from] recoil|[of] p2a: Azumarill
|-damage|p1a: Talonflame|70\/298|[from] item: Life Orb
|faint|p2a: Azumarill
|
|win|terry41