|join|terry41
|join|AdityaKhuntia
|player|p1|terry41|17
|player|p2|AdityaKhuntia|253
|gametype|singles
|gen|6
|tier|OU
|clearpoke
|poke|p1|Charizard, F
|poke|p1|Landorus-Therian, M
|poke|p1|Ferrothorn, M
|poke|p1|Raikou
|poke|p1|Keldeo-Resolute
|poke|p1|Latias, F
|poke|p2|Politoed, M
|poke|p2|Kingdra, F
|poke|p2|Seismitoad, M
|poke|p2|Tornadus-Therian, M
|poke|p2|Heracross, M
|poke|p2|Jirachi
|rule|Swagger Clause: Swagger is banned
|rule|Baton Pass Clause: Limit one PokÃ©mon knowing Baton Pass
|rule|Sleep Clause Mod: Limit one foe put to sleep
|rule|Species Clause: Limit one of each PokÃ©mon
|rule|OHKO Clause: OHKO moves are banned
|rule|Moody Clause: Moody is banned
|rule|Evasion Moves Clause: Evasion moves are banned
|rule|Endless Battle Clause: Forcing endless battles is banned
|rule|HP Percentage Mod: HP is shown in percentages
|teampreview
|
|start
|switch|p1a: Ferrothorn|Ferrothorn, M|352\/352
|switch|p2a: Heracross|Heracross, M|311\/311
|turn|1
|
|switch|p1a: Landorus-Therian|Landorus-Therian, M|320\/320
|-ability|p1a: Landorus-Therian|Intimidate|[of] p2a: Heracross
|-unboost|p2a: Heracross|atk|1
|detailschange|p2a: Heracross|Heracross-Mega, M
|message|Heracross has Mega Evolved into Mega Heracross!
|move|p2a: Heracross|Swords Dance|p2a: Heracross
|-boost|p2a: Heracross|atk|2
|
|turn|2
|
|move|p1a: Landorus-Therian|U-turn|p2a: Heracross
|-resisted|p2a: Heracross
|-damage|p2a: Heracross|268\/311
|
|switch|p1a: Charizard|Charizard, F|315\/315
|move|p2a: Heracross|Rock Blast|p1a: Charizard
|-supereffective|p1a: Charizard
|-damage|p1a: Charizard|0 fnt
|-hitcount|p1a: Charizard|1
|faint|p1a: Charizard
|
|
|switch|p1a: Latias|Latias, F|302\/302
|turn|3
|
|switch|p1a: Ferrothorn|Ferrothorn, M|352\/352
|switch|p2a: Politoed|Politoed, M|364\/364
|-weather|RainDance
|
|-weather|RainDance|[upkeep]
|turn|4
|
|switch|p2a: Heracross|Heracross-Mega, M|268\/311
|move|p1a: Ferrothorn|Stealth Rock|p2a: Heracross
|-sidestart|p2: AdityaKhuntia|move: Stealth Rock
|
|-weather|RainDance|[upkeep]
|turn|5
|
|move|p2a: Heracross|Close Combat|p1a: Ferrothorn
|-supereffective|p1a: Ferrothorn
|-damage|p1a: Ferrothorn|0 fnt
|-damage|p2a: Heracross|230\/311|[from] ability: Iron Barbs|[of] p1a: Ferrothorn
|-unboost|p2a: Heracross|def|1
|-unboost|p2a: Heracross|spd|1
|faint|p1a: Ferrothorn
|
|-weather|RainDance|[upkeep]
|
|switch|p1a: Keldeo-Resolute|Keldeo-Resolute|323\/323
|turn|6
|
|move|p1a: Keldeo-Resolute|Scald|p2a: Heracross
|-damage|p2a: Heracross|0 fnt
|faint|p2a: Heracross
|
|-weather|RainDance|[upkeep]
|
|switch|p2a: Tornadus-Therian|Tornadus-Therian, M|332\/332
|-damage|p2a: Tornadus-Therian|249\/332|[from] Stealth Rock
|turn|7
|
|switch|p1a: Landorus-Therian|Landorus-Therian, M|320\/320
|-ability|p1a: Landorus-Therian|Intimidate|[of] p2a: Tornadus-Therian
|-unboost|p2a: Tornadus-Therian|atk|1
|move|p2a: Tornadus-Therian|Hurricane|p1a: Landorus-Therian
|-damage|p1a: Landorus-Therian|131\/320
|
|-weather|RainDance|[upkeep]
|turn|8
|
|switch|p2a: Jirachi|Jirachi|404\/404
|-damage|p2a: Jirachi|379\/404|[from] Stealth Rock
|move|p1a: Landorus-Therian|Stone Edge|p2a: Jirachi
|-resisted|p2a: Jirachi
|-damage|p2a: Jirachi|320\/404
|
|-weather|RainDance|[upkeep]
|-heal|p2a: Jirachi|345\/404|[from] item: Leftovers
|turn|9
|
|switch|p1a: Raikou|Raikou|322\/322
|-ability|p1a: Raikou|Pressure
|move|p2a: Jirachi|Thunder|p1a: Raikou
|-resisted|p1a: Raikou
|-damage|p1a: Raikou|280\/322
|
|-weather|RainDance|[upkeep]
|-heal|p2a: Jirachi|370\/404|[from] item: Leftovers
|turn|10
|
|move|p2a: Jirachi|Protect|p2a: Jirachi
|-singleturn|p2a: Jirachi|Protect
|move|p1a: Raikou|Shadow Ball|p2a: Jirachi
|-activate|p2a: Jirachi|Protect
|
|-weather|none
|-heal|p2a: Jirachi|395\/404|[from] item: Leftovers
|turn|11
|
|switch|p1a: Keldeo-Resolute|Keldeo-Resolute|323\/323
|switch|p2a: Politoed|Politoed, M|364\/364
|-damage|p2a: Politoed|319\/364|[from] Stealth Rock
|-weather|RainDance
|
|-weather|RainDance|[upkeep]
|turn|12
|
|move|p1a: Keldeo-Resolute|Substitute|p1a: Keldeo-Resolute
|-start|p1a: Keldeo-Resolute|Substitute
|-damage|p1a: Keldeo-Resolute|243\/323
|move|p2a: Politoed|Scald|p1a: Keldeo-Resolute
|-resisted|p1a: Keldeo-Resolute
|-end|p1a: Keldeo-Resolute|Substitute
|
|-weather|RainDance|[upkeep]
|-heal|p1a: Keldeo-Resolute|263\/323|[from] item: Leftovers
|turn|13
|
|move|p1a: Keldeo-Resolute|Calm Mind|p1a: Keldeo-Resolute
|-boost|p1a: Keldeo-Resolute|spa|1
|-boost|p1a: Keldeo-Resolute|spd|1
|move|p2a: Politoed|Scald|p1a: Keldeo-Resolute
|-resisted|p1a: Keldeo-Resolute
|-damage|p1a: Keldeo-Resolute|201\/323
|
|-weather|RainDance|[upkeep]
|-heal|p1a: Keldeo-Resolute|221\/323|[from] item: Leftovers
|turn|14
|
|switch|p2a: Tornadus-Therian|Tornadus-Therian, M|332\/332
|-damage|p2a: Tornadus-Therian|249\/332|[from] Stealth Rock
|move|p1a: Keldeo-Resolute|Substitute|p1a: Keldeo-Resolute
|-start|p1a: Keldeo-Resolute|Substitute
|-damage|p1a: Keldeo-Resolute|141\/323
|
|-weather|RainDance|[upkeep]
|-heal|p1a: Keldeo-Resolute|161\/323|[from] item: Leftovers
|turn|15
|
|move|p2a: Tornadus-Therian|Hurricane|p1a: Keldeo-Resolute
|-supereffective|p1a: Keldeo-Resolute
|-end|p1a: Keldeo-Resolute|Substitute
|move|p1a: Keldeo-Resolute|Scald|p2a: Tornadus-Therian
|-damage|p2a: Tornadus-Therian|21\/332
|
|-weather|RainDance|[upkeep]
|-heal|p1a: Keldeo-Resolute|181\/323|[from] item: Leftovers
|turn|16
|
|switch|p1a: Latias|Latias, F|302\/302
|move|p2a: Tornadus-Therian|Hurricane|p1a: Latias
|-damage|p1a: Latias|164\/302
|
|-weather|RainDance|[upkeep]
|turn|17
|
|switch|p1a: Keldeo-Resolute|Keldeo-Resolute|181\/323
|move|p2a: Tornadus-Therian|Knock Off|p1a: Keldeo-Resolute
|-resisted|p1a: Keldeo-Resolute
|-damage|p1a: Keldeo-Resolute|141\/323
|-boost|p1a: Keldeo-Resolute|atk|1|[from] ability: Justified
|-enditem|p1a: Keldeo-Resolute|Leftovers|[from] move: Knock Off|[of] p2a: Tornadus-Therian
|
|-weather|RainDance|[upkeep]
|turn|18
|
|switch|p1a: Raikou|Raikou|280\/322
|-ability|p1a: Raikou|Pressure
|move|p2a: Tornadus-Therian|Hurricane|p1a: Raikou
|-resisted|p1a: Raikou
|-damage|p1a: Raikou|201\/322
|
|-weather|none
|turn|19
|
|move|p2a: Tornadus-Therian|Knock Off|p1a: Raikou
|-damage|p1a: Raikou|118\/322
|-enditem|p1a: Raikou|Choice Specs|[from] move: Knock Off|[of] p2a: Tornadus-Therian
|move|p1a: Raikou|Shadow Ball|p2a: Tornadus-Therian
|-damage|p2a: Tornadus-Therian|0 fnt
|faint|p2a: Tornadus-Therian
|
|
|switch|p2a: Politoed|Politoed, M|319\/364
|-damage|p2a: Politoed|274\/364|[from] Stealth Rock
|-weather|RainDance
|turn|20
|
|switch|p2a: Seismitoad|Seismitoad, M|409\/409
|-damage|p2a: Seismitoad|384\/409|[from] Stealth Rock
|move|p1a: Raikou|Volt Switch|p2a: Seismitoad
|-immune|p2a: Seismitoad|[msg]
|
|-weather|RainDance|[upkeep]
|turn|21
|
|switch|p1a: Latias|Latias, F|164\/302
|move|p2a: Seismitoad|Hydro Pump|p1a: Latias|[miss]
|-miss|p2a: Seismitoad|p1a: Latias
|
|-weather|RainDance|[upkeep]
|turn|22
|
|move|p2a: Seismitoad|Knock Off|p1a: Latias
|-supereffective|p1a: Latias
|-damage|p1a: Latias|0 fnt
|-enditem|p1a: Latias|Life Orb|[from] move: Knock Off|[of] p2a: Seismitoad
|-damage|p2a: Seismitoad|344\/409|[from] item: Life Orb
|faint|p1a: Latias
|
|-weather|RainDance|[upkeep]
|
|switch|p1a: Keldeo-Resolute|Keldeo-Resolute|141\/323
|turn|23
|c|âAdityaKhuntia|Wow you are 1648
|c|âterry41|yeah currently'
|
|move|p2a: Seismitoad|Earth Power|p1a: Keldeo-Resolute
|-damage|p1a: Keldeo-Resolute|0 fnt
|-damage|p2a: Seismitoad|304\/409|[from] item: Life Orb
|faint|p1a: Keldeo-Resolute
|
|-weather|RainDance|[upkeep]
|c|âterry41|thehighest i ever got was 1845
|
|switch|p1a: Landorus-Therian|Landorus-Therian, M|131\/320
|-ability|p1a: Landorus-Therian|Intimidate|[of] p2a: Seismitoad
|-unboost|p2a: Seismitoad|atk|1
|turn|24
|
|move|p1a: Landorus-Therian|Earthquake|p2a: Seismitoad
|-damage|p2a: Seismitoad|58\/409
|move|p2a: Seismitoad|Hydro Pump|p1a: Landorus-Therian
|-supereffective|p1a: Landorus-Therian
|-damage|p1a: Landorus-Therian|0 fnt
|-damage|p2a: Seismitoad|18\/409|[from] item: Life Orb
|faint|p1a: Landorus-Therian
|
|-weather|RainDance|[upkeep]
|c|âAdityaKhuntia|gg bro
|
|switch|p1a: Raikou|Raikou|118\/322
|-ability|p1a: Raikou|Pressure
|turn|25
|
|move|p2a: Seismitoad|Earth Power|p1a: Raikou
|-supereffective|p1a: Raikou
|-damage|p1a: Raikou|0 fnt
|-damage|p2a: Seismitoad|0 fnt|[from] item: Life Orb
|faint|p1a: Raikou
|faint|p2a: Seismitoad
|
|win|AdityaKhuntia
|c|âterry41|gg