|join|terry41
|join|thelight288
|player|p1|terry41|169
|player|p2|thelight288|162
|gametype|singles
|gen|6
|tier|OU
|rated
|clearpoke
|poke|p1|Charizard, M
|poke|p1|Excadrill, F
|poke|p1|Tyranitar, F
|poke|p1|Azumarill, M
|poke|p1|Thundurus, M
|poke|p1|Dragonite, M
|poke|p2|Crawdaunt, F
|poke|p2|Garchomp, M
|poke|p2|Landorus-Therian, M
|poke|p2|Azumarill, F
|poke|p2|Gengar, F
|poke|p2|Manectric, F
|rule|Swagger Clause: Swagger is banned
|rule|Baton Pass Clause: Limit one PokÃ©mon knowing Baton Pass
|rule|Sleep Clause Mod: Limit one foe put to sleep
|rule|Species Clause: Limit one of each PokÃ©mon
|rule|OHKO Clause: OHKO moves are banned
|rule|Moody Clause: Moody is banned
|rule|Evasion Moves Clause: Evasion moves are banned
|rule|Endless Battle Clause: Forcing endless battles is banned
|rule|HP Percentage Mod: HP is shown in percentages
|teampreview
|
|start
|switch|p1a: Tyranitar|Tyranitar, F|403\/403
|switch|p2a: Landorus-Therian|Landorus-Therian, M|319\/319
|-ability|p2a: Landorus-Therian|Intimidate|[of] p1a: Tyranitar
|-unboost|p1a: Tyranitar|atk|1
|-weather|Sandstorm
|turn|1
|
|move|p2a: Landorus-Therian|Superpower|p1a: Tyranitar
|-crit|p1a: Tyranitar
|-supereffective|p1a: Tyranitar
|-damage|p1a: Tyranitar|0 fnt
|-unboost|p2a: Landorus-Therian|atk|1
|-unboost|p2a: Landorus-Therian|def|1
|faint|p1a: Tyranitar
|
|-weather|Sandstorm|[upkeep]
|
|switch|p1a: Azumarill|Azumarill, M|398\/398
|turn|2
|
|switch|p2a: Azumarill|Azumarill, F|399\/399
|move|p1a: Azumarill|Play Rough|p2a: Azumarill
|-damage|p2a: Azumarill|18\/399
|
|-weather|Sandstorm|[upkeep]
|-damage|p1a: Azumarill|374\/398|[from] sandstorm
|-damage|p2a: Azumarill|0 fnt|[from] sandstorm
|faint|p2a: Azumarill
|
|switch|p2a: Gengar|Gengar, F|262\/262
|turn|3
|
|switch|p1a: Excadrill|Excadrill, F|361\/361
|move|p2a: Gengar|Sludge Wave|p1a: Excadrill
|-immune|p1a: Excadrill|[msg]
|
|-weather|Sandstorm|[upkeep]
|-damage|p2a: Gengar|246\/262|[from] sandstorm
|turn|4
|
|switch|p2a: Landorus-Therian|Landorus-Therian, M|319\/319
|-ability|p2a: Landorus-Therian|Intimidate|[of] p1a: Excadrill
|-unboost|p1a: Excadrill|atk|1
|move|p1a: Excadrill|Iron Head|p2a: Landorus-Therian
|-damage|p2a: Landorus-Therian|189\/319
|-damage|p1a: Excadrill|325\/361|[from] item: Life Orb
|
|-weather|Sandstorm|[upkeep]
|turn|5
|
|move|p1a: Excadrill|Iron Head|p2a: Landorus-Therian
|-damage|p2a: Landorus-Therian|47\/319
|-damage|p1a: Excadrill|289\/361|[from] item: Life Orb
|move|p2a: Landorus-Therian|U-turn|p1a: Excadrill
|-resisted|p1a: Excadrill
|-damage|p1a: Excadrill|221\/361
|
|switch|p2a: Crawdaunt|Crawdaunt, F|269\/269
|
|-weather|Sandstorm|[upkeep]
|-damage|p2a: Crawdaunt|253\/269|[from] sandstorm
|turn|6
|
|move|p2a: Crawdaunt|Aqua Jet|p1a: Excadrill
|-supereffective|p1a: Excadrill
|-damage|p1a: Excadrill|0 fnt
|-damage|p2a: Crawdaunt|227\/269|[from] item: Life Orb
|faint|p1a: Excadrill
|
|-weather|Sandstorm|[upkeep]
|-damage|p2a: Crawdaunt|211\/269|[from] sandstorm
|
|switch|p1a: Azumarill|Azumarill, M|374\/398
|turn|7
|
|move|p2a: Crawdaunt|Knock Off|p1a: Azumarill
|-resisted|p1a: Azumarill
|-damage|p1a: Azumarill|193\/398
|-enditem|p1a: Azumarill|Choice Band|[from] move: Knock Off|[of] p2a: Crawdaunt
|-damage|p2a: Crawdaunt|185\/269|[from] item: Life Orb
|move|p1a: Azumarill|Play Rough|p2a: Crawdaunt
|-supereffective|p2a: Crawdaunt
|-damage|p2a: Crawdaunt|0 fnt
|faint|p2a: Crawdaunt
|
|-weather|Sandstorm|[upkeep]
|-damage|p1a: Azumarill|169\/398|[from] sandstorm
|
|switch|p2a: Manectric|Manectric, F|281\/281
|turn|8
|
|detailschange|p2a: Manectric|Manectric-Mega, F
|-mega|p2a: Manectric|Manectric|Manectite
|-ability|p2a: Manectric|Intimidate|[of] p1a: Azumarill
|-unboost|p1a: Azumarill|atk|1
|move|p1a: Azumarill|Aqua Jet|p2a: Manectric
|-damage|p2a: Manectric|209\/281
|move|p2a: Manectric|Thunderbolt|p1a: Azumarill
|-supereffective|p1a: Azumarill
|-damage|p1a: Azumarill|0 fnt
|faint|p1a: Azumarill
|
|-weather|none
|
|switch|p1a: Charizard|Charizard, M|315\/315
|turn|9
|
|detailschange|p1a: Charizard|Charizard-Mega-X, M
|-mega|p1a: Charizard|Charizard|Charizardite X
|move|p2a: Manectric|Volt Switch|p1a: Charizard
|-resisted|p1a: Charizard
|-damage|p1a: Charizard|245\/315
|
|switch|p2a: Landorus-Therian|Landorus-Therian, M|47\/319
|-ability|p2a: Landorus-Therian|Intimidate|[of] p1a: Charizard
|-unboost|p1a: Charizard|atk|1
|move|p1a: Charizard|Dragon Dance|p1a: Charizard
|-boost|p1a: Charizard|atk|1
|-boost|p1a: Charizard|spe|1
|
|turn|10
|
|move|p1a: Charizard|Dragon Claw|p2a: Landorus-Therian
|-damage|p2a: Landorus-Therian|0 fnt
|faint|p2a: Landorus-Therian
|
|
|switch|p2a: Garchomp|Garchomp, M|358\/358
|turn|11
|
|move|p1a: Charizard|Dragon Claw|p2a: Garchomp
|-supereffective|p2a: Garchomp
|-damage|p2a: Garchomp|0 fnt
|-damage|p1a: Charizard|206\/315|[from] ability: Rough Skin|[of] p2a: Garchomp
|faint|p2a: Garchomp
|
|
|switch|p2a: Gengar|Gengar, F|246\/262
|turn|12
|
|move|p1a: Charizard|Flare Blitz|p2a: Gengar
|-damage|p2a: Gengar|0 fnt
|-damage|p1a: Charizard|125\/315|[from] recoil|[of] p2a: Gengar
|faint|p2a: Gengar
|
|-message|thelight288 forfeited.
|leave|thelight288
|
|win|terry41
|raw|Ladder updating...
|player|p2
|raw|terry41's rating: 1576 &rarr; <strong>1589<\/strong><br \/>(+13 for winning)
|raw|thelight288's rating: 1443 &rarr; <strong>1430<\/strong><br \/>(-13 for losing)