|join|Bluenab
|join|terry41
|player|p1|Bluenab|217
|player|p2|terry41|169
|gametype|singles
|gen|6
|tier|OU
|rated
|clearpoke
|poke|p1|Vaporeon, M
|poke|p1|Clefable, F
|poke|p1|Zapdos
|poke|p1|Excadrill, M
|poke|p1|Breloom, F
|poke|p1|Gardevoir, F, shiny
|poke|p2|Metagross
|poke|p2|Volcarona, F
|poke|p2|Garchomp, M
|poke|p2|Starmie
|poke|p2|Bisharp, F
|poke|p2|Talonflame, M
|rule|Swagger Clause: Swagger is banned
|rule|Baton Pass Clause: Limit one PokÃ©mon knowing Baton Pass
|rule|Sleep Clause Mod: Limit one foe put to sleep
|rule|Species Clause: Limit one of each PokÃ©mon
|rule|OHKO Clause: OHKO moves are banned
|rule|Moody Clause: Moody is banned
|rule|Evasion Moves Clause: Evasion moves are banned
|rule|Endless Battle Clause: Forcing endless battles is banned
|rule|HP Percentage Mod: HP is shown in percentages
|teampreview
|
|start
|switch|p1a: Vaporeon|Vaporeon, M|464\/464
|switch|p2a: Garchomp|Garchomp, M|357\/357
|turn|1
|c|âterry41|lag?
|
|move|p2a: Garchomp|Stealth Rock|p1a: Vaporeon
|-sidestart|p1: Bluenab|move: Stealth Rock
|move|p1a: Vaporeon|Ice Beam|p2a: Garchomp
|-supereffective|p2a: Garchomp
|-damage|p2a: Garchomp|0 fnt
|faint|p2a: Garchomp
|
|c|âBluenab|probably
|
|switch|p2a: Volcarona|Volcarona, F|329\/329
|turn|2
|c|âBluenab|on my end
|
|switch|p1a: Clefable|Clefable, F|393\/393
|move|p2a: Volcarona|Quiver Dance|p2a: Volcarona
|-boost|p2a: Volcarona|spa|1
|-boost|p2a: Volcarona|spd|1
|-boost|p2a: Volcarona|spe|1
|
|turn|3
|c|âterry41|no i think im lagging too
|
|move|p2a: Volcarona|Fiery Dance|p1a: Clefable
|-damage|p1a: Clefable|174\/393
|-boost|p2a: Volcarona|spa|1
|move|p1a: Clefable|Thunder Wave|p2a: Volcarona
|-status|p2a: Volcarona|par
|-enditem|p2a: Volcarona|Lum Berry|[eat]
|-curestatus|p2a: Volcarona|par
|
|-heal|p1a: Clefable|198\/393|[from] item: Leftovers
|turn|4
|
|move|p2a: Volcarona|Fiery Dance|p1a: Clefable
|-damage|p1a: Clefable|0 fnt
|faint|p1a: Clefable
|
|
|switch|p1a: Excadrill|Excadrill, M|361\/361
|-damage|p1a: Excadrill|350\/361|[from] Stealth Rock
|-ability|p1a: Excadrill|Mold Breaker
|turn|5
|
|move|p2a: Volcarona|Fiery Dance|p1a: Excadrill
|-supereffective|p1a: Excadrill
|-damage|p1a: Excadrill|0 fnt
|faint|p1a: Excadrill
|
|
|switch|p1a: Vaporeon|Vaporeon, M|464\/464
|-damage|p1a: Vaporeon|406\/464|[from] Stealth Rock
|turn|6
|
|move|p2a: Volcarona|Giga Drain|p1a: Vaporeon
|-supereffective|p1a: Vaporeon
|-damage|p1a: Vaporeon|40\/464
|move|p1a: Vaporeon|Hydro Pump|p2a: Volcarona|[miss]
|-miss|p1a: Vaporeon|p2a: Volcarona
|
|turn|7
|c|âBluenab|ouch gg
|-message|Bluenab forfeited.
|leave|Bluenab
|
|win|terry41
|raw|Ladder updating...
|player|p1
|raw|Ladder (probably) updated, but score could not be retrieved (timeout).
|raw|Ladder (probably) updated, but score could not be retrieved (Error: socket hang up).