|join|terry41
|join|dair to knee
|player|p1|terry41|17
|player|p2|dair to knee|2
|gametype|singles
|gen|6
|tier|OU
|rated
|clearpoke
|poke|p1|Diancie
|poke|p1|Garchomp, F
|poke|p1|Bisharp, M
|poke|p1|Talonflame, M
|poke|p1|Dragonite, M
|poke|p1|Starmie
|poke|p2|Chesnaught, M
|poke|p2|Scolipede, M
|poke|p2|Blastoise, F
|poke|p2|Heatran, M
|poke|p2|Latios, M
|poke|p2|Weavile, M
|rule|Swagger Clause: Swagger is banned
|rule|Baton Pass Clause: Limit one PokÃ©mon knowing Baton Pass
|rule|Sleep Clause Mod: Limit one foe put to sleep
|rule|Species Clause: Limit one of each PokÃ©mon
|rule|OHKO Clause: OHKO moves are banned
|rule|Moody Clause: Moody is banned
|rule|Evasion Moves Clause: Evasion moves are banned
|rule|Endless Battle Clause: Forcing endless battles is banned
|rule|HP Percentage Mod: HP is shown in percentages
|teampreview
|
|start
|switch|p1a: Talonflame|Talonflame, M|297\/297
|switch|p2a: Scolipede|Scolipede, M|230\/230
|turn|1
|
|move|p1a: Talonflame|Brave Bird|p2a: Scolipede
|-supereffective|p2a: Scolipede
|-enditem|p2a: Scolipede|Focus Sash
|-damage|p2a: Scolipede|1\/230
|-damage|p1a: Talonflame|221\/297|[from] recoil|[of] p2a: Scolipede
|move|p2a: Scolipede|Toxic Spikes|p1a: Talonflame
|-sidestart|p1: terry41|move: Toxic Spikes
|
|-boost|p2a: Scolipede|spe|1|[from] ability: Speed Boost
|turn|2
|
|move|p1a: Talonflame|Brave Bird|p2a: Scolipede
|-supereffective|p2a: Scolipede
|-damage|p2a: Scolipede|0 fnt
|-damage|p1a: Talonflame|220\/297|[from] recoil|[of] p2a: Scolipede
|faint|p2a: Scolipede
|
|
|switch|p2a: Heatran|Heatran, M|386\/386
|turn|3
|
|switch|p1a: Starmie|Starmie|261\/261
|-status|p1a: Starmie|psn
|move|p2a: Heatran|Stealth Rock|p1a: Starmie
|-sidestart|p1: terry41|move: Stealth Rock
|
|-damage|p1a: Starmie|229\/261 psn|[from] psn
|turn|4
|
|move|p2a: Heatran|Protect|p2a: Heatran
|-singleturn|p2a: Heatran|Protect
|move|p1a: Starmie|Rapid Spin|p2a: Heatran
|-activate|p2a: Heatran|Protect
|
|-damage|p1a: Starmie|197\/261 psn|[from] psn
|turn|5
|
|move|p1a: Starmie|Rapid Spin|p2a: Heatran
|-resisted|p2a: Heatran
|-damage|p2a: Heatran|378\/386
|-sideend|p1: terry41|Toxic Spikes|[from] move: Rapid Spin|[of] p1a: Starmie
|-sideend|p1: terry41|Stealth Rock|[from] move: Rapid Spin|[of] p1a: Starmie
|-damage|p1a: Starmie|171\/261 psn|[from] item: Life Orb
|move|p2a: Heatran|Stealth Rock|p1a: Starmie
|-sidestart|p1: terry41|move: Stealth Rock
|
|-heal|p2a: Heatran|386\/386|[from] item: Leftovers
|-damage|p1a: Starmie|139\/261 psn|[from] psn
|turn|6
|
|switch|p1a: Garchomp|Garchomp, F|357\/357
|-damage|p1a: Garchomp|335\/357|[from] Stealth Rock
|move|p2a: Heatran|Protect|p2a: Heatran
|-fail|p2a: Heatran
|
|turn|7
|
|switch|p2a: Chesnaught|Chesnaught, M|371\/371
|move|p1a: Garchomp|Stealth Rock|p2a: Chesnaught
|-sidestart|p2: dair to knee|move: Stealth Rock
|
|turn|8
|
|move|p1a: Garchomp|Swords Dance|p1a: Garchomp
|-boost|p1a: Garchomp|atk|2
|move|p2a: Chesnaught|Leech Seed|p1a: Garchomp
|-start|p1a: Garchomp|move: Leech Seed
|
|-damage|p1a: Garchomp|291\/357|[from] Leech Seed|[of] p2a: Chesnaught
|turn|9
|
|move|p2a: Chesnaught|Spiky Shield|p2a: Chesnaught
|-singleturn|p2a: Chesnaught|move: Protect
|move|p1a: Garchomp|Dragon Claw|p2a: Chesnaught
|-activate|p2a: Chesnaught|move: Protect
|-damage|p1a: Garchomp|247\/357|[from] Spiky Shield|[of] p2a: Chesnaught
|
|-damage|p1a: Garchomp|203\/357|[from] Leech Seed|[of] p2a: Chesnaught
|turn|10
|
|move|p1a: Garchomp|Dragon Claw|p2a: Chesnaught
|-damage|p2a: Chesnaught|206\/371
|move|p2a: Chesnaught|Drain Punch|p1a: Garchomp
|-damage|p1a: Garchomp|107\/357
|-heal|p2a: Chesnaught|254\/371|[from] drain|[of] p1a: Garchomp
|-damage|p2a: Chesnaught|208\/371|[from] ability: Rough Skin|[of] p1a: Garchomp
|
|-heal|p2a: Chesnaught|231\/371|[from] item: Leftovers
|-damage|p1a: Garchomp|63\/357|[from] Leech Seed|[of] p2a: Chesnaught
|-heal|p2a: Chesnaught|275\/371|[silent]
|turn|11
|
|move|p2a: Chesnaught|Spiky Shield|p2a: Chesnaught
|-singleturn|p2a: Chesnaught|move: Protect
|move|p1a: Garchomp|Swords Dance|p1a: Garchomp
|-boost|p1a: Garchomp|atk|2
|
|-heal|p2a: Chesnaught|298\/371|[from] item: Leftovers
|-damage|p1a: Garchomp|19\/357|[from] Leech Seed|[of] p2a: Chesnaught
|-heal|p2a: Chesnaught|342\/371|[silent]
|turn|12
|
|move|p1a: Garchomp|Dragon Claw|p2a: Chesnaught
|-damage|p2a: Chesnaught|77\/371
|move|p2a: Chesnaught|Substitute|p2a: Chesnaught
|-fail|p2a: Chesnaught|move: Substitute|[weak]
|
|-heal|p2a: Chesnaught|100\/371|[from] item: Leftovers
|-damage|p1a: Garchomp|0 fnt|[from] Leech Seed|[of] p2a: Chesnaught
|-heal|p2a: Chesnaught|119\/371|[silent]
|faint|p1a: Garchomp
|
|switch|p1a: Starmie|Starmie|139\/261
|-damage|p1a: Starmie|107\/261|[from] Stealth Rock
|turn|13
|
|switch|p2a: Blastoise|Blastoise, F|315\/315
|-damage|p2a: Blastoise|276\/315|[from] Stealth Rock
|move|p1a: Starmie|Rapid Spin|p2a: Blastoise
|-damage|p2a: Blastoise|260\/315
|-sideend|p1: terry41|Stealth Rock|[from] move: Rapid Spin|[of] p1a: Starmie
|-damage|p1a: Starmie|81\/261|[from] item: Life Orb
|
|turn|14
|
|detailschange|p2a: Blastoise|Blastoise-Mega, F
|-mega|p2a: Blastoise|Blastoise|Blastoisinite
|move|p1a: Starmie|Psyshock|p2a: Blastoise
|-damage|p2a: Blastoise|122\/315
|-damage|p1a: Starmie|55\/261|[from] item: Life Orb
|move|p2a: Blastoise|Dark Pulse|p1a: Starmie
|-supereffective|p1a: Starmie
|-damage|p1a: Starmie|0 fnt
|faint|p1a: Starmie
|
|
|switch|p1a: Dragonite|Dragonite, M|323\/323
|turn|15
|
|move|p1a: Dragonite|Dragon Dance|p1a: Dragonite
|-boost|p1a: Dragonite|atk|1
|-boost|p1a: Dragonite|spe|1
|move|p2a: Blastoise|Ice Beam|p1a: Dragonite
|-supereffective|p1a: Dragonite
|-damage|p1a: Dragonite|73\/323
|
|turn|16
|
|move|p1a: Dragonite|Dragon Claw|p2a: Blastoise
|-damage|p2a: Blastoise|0 fnt
|faint|p2a: Blastoise
|
|
|switch|p2a: Chesnaught|Chesnaught, M|119\/371
|-damage|p2a: Chesnaught|96\/371|[from] Stealth Rock
|turn|17
|
|move|p1a: Dragonite|Dragon Claw|p2a: Chesnaught
|-damage|p2a: Chesnaught|0 fnt
|faint|p2a: Chesnaught
|
|
|switch|p2a: Latios|Latios, M|302\/302
|-damage|p2a: Latios|265\/302|[from] Stealth Rock
|turn|18
|
|move|p2a: Latios|Psyshock|p1a: Dragonite
|-damage|p1a: Dragonite|0 fnt
|faint|p1a: Dragonite
|
|
|switch|p1a: Diancie|Diancie|257\/257
|turn|19
|
|detailschange|p1a: Diancie|Diancie-Mega
|-mega|p1a: Diancie|Diancie|Diancite
|move|p2a: Latios|Psyshock|p1a: Diancie
|-damage|p1a: Diancie|127\/257
|move|p1a: Diancie|Rock Polish|p1a: Diancie
|-boost|p1a: Diancie|spe|2
|
|turn|20
|
|move|p1a: Diancie|Moonblast|p2a: Latios
|-supereffective|p2a: Latios
|-damage|p2a: Latios|0 fnt
|faint|p2a: Latios
|
|
|switch|p2a: Weavile|Weavile, M|282\/282
|-damage|p2a: Weavile|212\/282|[from] Stealth Rock
|-ability|p2a: Weavile|Pressure
|turn|21
|
|move|p2a: Weavile|Ice Shard|p1a: Diancie
|-damage|p1a: Diancie|48\/257
|-damage|p2a: Weavile|184\/282|[from] item: Life Orb
|move|p1a: Diancie|Moonblast|p2a: Weavile
|-supereffective|p2a: Weavile
|-damage|p2a: Weavile|0 fnt
|faint|p2a: Weavile
|
|
|switch|p2a: Heatran|Heatran, M|386\/386
|-damage|p2a: Heatran|338\/386|[from] Stealth Rock
|turn|22
|
|move|p1a: Diancie|Earth Power|p2a: Heatran
|-supereffective|p2a: Heatran
|-damage|p2a: Heatran|0 fnt
|faint|p2a: Heatran
|
|win|terry41
|raw|Ladder updating...
|raw|terry41's rating: 1573 &rarr; <strong>1594<\/strong><br \/>(+21 for winning)
|raw|dair to knee's rating: 1575 &rarr; <strong>1555<\/strong><br \/>(-20 for losing)
|leave|dair to knee
|player|p2