|join|terry41
|join|Gorger
|player|p1|terry41|17
|player|p2|Gorger|274
|gametype|singles
|gen|6
|tier|OU
|clearpoke
|poke|p1|Tyranitar, F
|poke|p1|Excadrill, M
|poke|p1|Latias, F
|poke|p1|Chesnaught, F
|poke|p1|Azumarill, F
|poke|p1|Talonflame, M
|poke|p2|Swampert, F, shiny
|poke|p2|Politoed, M, shiny
|poke|p2|Ferrothorn, F, shiny
|poke|p2|Kabutops, M, shiny
|poke|p2|Magnezone, shiny
|poke|p2|Latias, F, shiny
|rule|Swagger Clause: Swagger is banned
|rule|Baton Pass Clause: Limit one PokÃ©mon knowing Baton Pass
|rule|Sleep Clause Mod: Limit one foe put to sleep
|rule|Species Clause: Limit one of each PokÃ©mon
|rule|OHKO Clause: OHKO moves are banned
|rule|Moody Clause: Moody is banned
|rule|Evasion Moves Clause: Evasion moves are banned
|rule|Endless Battle Clause: Forcing endless battles is banned
|rule|HP Percentage Mod: HP is shown in percentages
|teampreview
|join|pokemonomekop
|
|start
|switch|p1a: Azumarill|Azumarill, F|358\/358
|switch|p2a: Politoed|Politoed, M, shiny|384\/384
|-weather|RainDance
|turn|1
|
|move|p1a: Azumarill|Waterfall|p2a: Politoed
|-resisted|p2a: Politoed
|-damage|p2a: Politoed|210\/384
|move|p2a: Politoed|Hypnosis|p1a: Azumarill|[miss]
|-miss|p2a: Politoed|p1a: Azumarill
|
|-weather|RainDance|[upkeep]
|turn|2
|c| pokemonomekop|lel
|c| pokemonomekop|that did a lot doe
|
|switch|p2a: Magnezone|Magnezone, shiny|282\/282
|move|p1a: Azumarill|Waterfall|p2a: Magnezone
|-crit|p2a: Magnezone
|-damage|p2a: Magnezone|0 fnt
|faint|p2a: Magnezone
|
|-weather|RainDance|[upkeep]
|c|âGorger|o_O
|c| pokemonomekop|didn't matter
|c| pokemonomekop|if that's banded like I think it is
|
|switch|p2a: Ferrothorn|Ferrothorn, F, shiny|351\/351
|turn|3
|c| pokemonomekop|252+ Atk Choice Band Huge Power Azumarill Waterfall vs. 172 HP \/ 0 Def Magnezone in Rain: 318-375 (98.1 - 115.7%) -- 87.5% chance to OHKO
|c| pokemonomekop|there's no way you have that much bulk on mag
|
|switch|p1a: Tyranitar|Tyranitar, F|342\/342
|-weather|Sandstorm
|move|p2a: Ferrothorn|Stealth Rock|p1a: Tyranitar
|-sidestart|p1: terry41|move: Stealth Rock
|
|-weather|Sandstorm|[upkeep]
|turn|4
|
|move|p1a: Tyranitar|Stealth Rock|p2a: Ferrothorn
|-sidestart|p2: Gorger|move: Stealth Rock
|move|p2a: Ferrothorn|Leech Seed|p1a: Tyranitar
|-start|p1a: Tyranitar|move: Leech Seed
|
|-weather|Sandstorm|[upkeep]
|-damage|p1a: Tyranitar|300\/342|[from] Leech Seed|[of] p2a: Ferrothorn
|turn|5
|
|move|p1a: Tyranitar|Fire Blast|p2a: Ferrothorn
|-supereffective|p2a: Ferrothorn
|-damage|p2a: Ferrothorn|23\/351
|move|p2a: Ferrothorn|Gyro Ball|p1a: Tyranitar
|-supereffective|p1a: Tyranitar
|-damage|p1a: Tyranitar|6\/342
|
|-weather|Sandstorm|[upkeep]
|-damage|p1a: Tyranitar|0 fnt|[from] Leech Seed|[of] p2a: Ferrothorn
|-heal|p2a: Ferrothorn|29\/351|[silent]
|faint|p1a: Tyranitar
|
|switch|p1a: Excadrill|Excadrill, M|362\/362
|-damage|p1a: Excadrill|351\/362|[from] Stealth Rock
|turn|6
|
|move|p2a: Ferrothorn|Protect|p2a: Ferrothorn
|-singleturn|p2a: Ferrothorn|Protect
|move|p1a: Excadrill|Rapid Spin|p2a: Ferrothorn
|-activate|p2a: Ferrothorn|Protect
|
|-weather|Sandstorm|[upkeep]
|turn|7
|
|move|p1a: Excadrill|Earthquake|p2a: Ferrothorn
|-damage|p2a: Ferrothorn|0 fnt
|-damage|p1a: Excadrill|315\/362|[from] item: Life Orb
|faint|p2a: Ferrothorn
|
|-weather|none
|
|switch|p2a: Politoed|Politoed, M, shiny|210\/384
|-damage|p2a: Politoed|162\/384|[from] Stealth Rock
|-weather|RainDance
|turn|8
|
|move|p1a: Excadrill|Rapid Spin|p2a: Politoed
|-damage|p2a: Politoed|135\/384
|-sideend|p1: terry41|Stealth Rock|[from] move: Rapid Spin|[of] p1a: Excadrill
|-damage|p1a: Excadrill|279\/362|[from] item: Life Orb
|move|p2a: Politoed|Focus Blast|p1a: Excadrill
|-supereffective|p1a: Excadrill
|-damage|p1a: Excadrill|17\/362
|
|-weather|RainDance|[upkeep]
|turn|9
|
|move|p1a: Excadrill|Earthquake|p2a: Politoed
|-damage|p2a: Politoed|0 fnt
|-damage|p1a: Excadrill|0 fnt|[from] item: Life Orb
|faint|p2a: Politoed
|faint|p1a: Excadrill
|
|-weather|RainDance|[upkeep]
|
|switch|p2a: Kabutops|Kabutops, M, shiny|321\/321
|switch|p1a: Azumarill|Azumarill, F|358\/358
|-damage|p2a: Kabutops|281\/321|[from] Stealth Rock
|turn|10
|
|move|p2a: Kabutops|Waterfall|p1a: Azumarill
|-resisted|p1a: Azumarill
|-damage|p1a: Azumarill|183\/358
|-damage|p2a: Kabutops|249\/321|[from] item: Life Orb
|move|p1a: Azumarill|Play Rough|p2a: Kabutops
|-damage|p2a: Kabutops|0 fnt
|faint|p2a: Kabutops
|
|-weather|RainDance|[upkeep]
|
|switch|p2a: Swampert|Swampert, F, shiny|381\/381
|-damage|p2a: Swampert|358\/381|[from] Stealth Rock
|turn|11
|
|switch|p1a: Chesnaught|Chesnaught, F|380\/380
|detailschange|p2a: Swampert|Swampert-Mega, F, shiny
|-mega|p2a: Swampert|Swampert|Swampertite
|move|p2a: Swampert|Waterfall|p1a: Chesnaught
|-crit|p1a: Chesnaught
|-resisted|p1a: Chesnaught
|-damage|p1a: Chesnaught|266\/380
|
|-weather|RainDance|[upkeep]
|-heal|p1a: Chesnaught|289\/380|[from] item: Leftovers
|turn|12
|
|move|p2a: Swampert|Ice Punch|p1a: Chesnaught
|-supereffective|p1a: Chesnaught
|-damage|p1a: Chesnaught|151\/380
|move|p1a: Chesnaught|Leech Seed|p2a: Swampert
|-start|p2a: Swampert|move: Leech Seed
|
|-weather|RainDance|[upkeep]
|-heal|p1a: Chesnaught|174\/380|[from] item: Leftovers
|-damage|p2a: Swampert|311\/381|[from] Leech Seed|[of] p1a: Chesnaught
|-heal|p1a: Chesnaught|221\/380|[silent]
|turn|13
|
|move|p2a: Swampert|Ice Punch|p1a: Chesnaught
|-supereffective|p1a: Chesnaught
|-damage|p1a: Chesnaught|83\/380
|move|p1a: Chesnaught|Drain Punch|p2a: Swampert
|-damage|p2a: Swampert|230\/381
|-heal|p1a: Chesnaught|124\/380|[from] drain|[of] p2a: Swampert
|
|-weather|RainDance|[upkeep]
|-heal|p1a: Chesnaught|147\/380|[from] item: Leftovers
|-damage|p2a: Swampert|183\/381|[from] Leech Seed|[of] p1a: Chesnaught
|-heal|p1a: Chesnaught|194\/380|[silent]
|turn|14
|
|move|p1a: Chesnaught|Spiky Shield|p1a: Chesnaught
|-singleturn|p1a: Chesnaught|move: Protect
|move|p2a: Swampert|Ice Punch|p1a: Chesnaught
|-activate|p1a: Chesnaught|move: Protect
|-damage|p2a: Swampert|136\/381|[from] Spiky Shield|[of] p1a: Chesnaught
|
|-weather|RainDance|[upkeep]
|-heal|p1a: Chesnaught|217\/380|[from] item: Leftovers
|-damage|p2a: Swampert|89\/381|[from] Leech Seed|[of] p1a: Chesnaught
|-heal|p1a: Chesnaught|264\/380|[silent]
|turn|15
|
|move|p2a: Swampert|Ice Punch|p1a: Chesnaught
|-supereffective|p1a: Chesnaught
|-damage|p1a: Chesnaught|138\/380
|move|p1a: Chesnaught|Drain Punch|p2a: Swampert
|-damage|p2a: Swampert|4\/381
|-heal|p1a: Chesnaught|181\/380|[from] drain|[of] p2a: Swampert
|
|-weather|none
|-heal|p1a: Chesnaught|204\/380|[from] item: Leftovers
|-damage|p2a: Swampert|0 fnt|[from] Leech Seed|[of] p1a: Chesnaught
|-heal|p1a: Chesnaught|208\/380|[silent]
|faint|p2a: Swampert
|
|switch|p2a: Latias|Latias, F, shiny|363\/363
|-damage|p2a: Latias|318\/363|[from] Stealth Rock
|turn|16
|
|switch|p1a: Azumarill|Azumarill, F|183\/358
|move|p2a: Latias|Psyshock|p1a: Azumarill
|-damage|p1a: Azumarill|60\/358
|
|-heal|p2a: Latias|340\/363|[from] item: Leftovers
|turn|17
|
|move|p1a: Azumarill|Aqua Jet|p2a: Latias
|-resisted|p2a: Latias
|-damage|p2a: Latias|268\/363
|move|p2a: Latias|Psyshock|p1a: Azumarill
|-damage|p1a: Azumarill|0 fnt
|faint|p1a: Azumarill
|
|-heal|p2a: Latias|290\/363|[from] item: Leftovers
|
|switch|p1a: Latias|Latias, F|363\/363
|turn|18
|
|detailschange|p1a: Latias|Latias-Mega, F
|-mega|p1a: Latias|Latias|Latiasite
|move|p2a: Latias|Draco Meteor|p1a: Latias|[miss]
|-miss|p2a: Latias|p1a: Latias
|move|p1a: Latias|Roost|p1a: Latias
|-fail|p1a: Latias
|
|-heal|p2a: Latias|312\/363|[from] item: Leftovers
|turn|19
|
|move|p2a: Latias|Draco Meteor|p1a: Latias
|-supereffective|p1a: Latias
|-damage|p1a: Latias|145\/363
|-unboost|p2a: Latias|spa|2
|move|p1a: Latias|Roost|p1a: Latias
|-heal|p1a: Latias|327\/363
|
|-heal|p2a: Latias|334\/363|[from] item: Leftovers
|turn|20
|leave|Gorger
|player|p2
|-message|Player 2 lost due to inactivity.
|
|win|terry41