|join|DrJBoss
|join|terry41
|player|p1|DrJBoss|238
|player|p2|terry41|169
|gametype|singles
|gen|6
|tier|OU
|rated
|clearpoke
|poke|p1|Tyranitar, F
|poke|p1|Conkeldurr, M
|poke|p1|Latias, F
|poke|p1|Manectric, M
|poke|p1|Landorus, M
|poke|p1|Azumarill, M
|poke|p2|Charizard, F
|poke|p2|Excadrill, M
|poke|p2|Tyranitar, F
|poke|p2|Azumarill, F
|poke|p2|Thundurus, M
|poke|p2|Dragonite, F
|rule|Swagger Clause: Swagger is banned
|rule|Baton Pass Clause: Limit one PokÃ©mon knowing Baton Pass
|rule|Sleep Clause Mod: Limit one foe put to sleep
|rule|Species Clause: Limit one of each PokÃ©mon
|rule|OHKO Clause: OHKO moves are banned
|rule|Moody Clause: Moody is banned
|rule|Evasion Moves Clause: Evasion moves are banned
|rule|Endless Battle Clause: Forcing endless battles is banned
|rule|HP Percentage Mod: HP is shown in percentages
|teampreview
|
|start
|switch|p1a: Manectric|Manectric, M|281\/281
|switch|p2a: Azumarill|Azumarill, F|398\/398
|turn|1
|
|switch|p2a: Excadrill|Excadrill, M|361\/361
|detailschange|p1a: Manectric|Manectric-Mega, M
|-mega|p1a: Manectric|Manectric|Manectite
|-ability|p1a: Manectric|Intimidate|[of] p2a: Excadrill
|-unboost|p2a: Excadrill|atk|1
|move|p1a: Manectric|Volt Switch|p2a: Excadrill
|-immune|p2a: Excadrill|[msg]
|
|turn|2
|
|switch|p2a: Tyranitar|Tyranitar, F|403\/403
|-weather|Sandstorm
|move|p1a: Manectric|Flamethrower|p2a: Tyranitar
|-resisted|p2a: Tyranitar
|-damage|p2a: Tyranitar|369\/403
|
|-weather|Sandstorm|[upkeep]
|-damage|p1a: Manectric|264\/281|[from] sandstorm
|turn|3
|
|move|p1a: Manectric|Volt Switch|p2a: Tyranitar
|-damage|p2a: Tyranitar|276\/403
|
|switch|p1a: Azumarill|Azumarill, M|403\/403
|move|p2a: Tyranitar|Stealth Rock|p1a: Azumarill
|-sidestart|p1: DrJBoss|move: Stealth Rock
|
|-weather|Sandstorm|[upkeep]
|-damage|p1a: Azumarill|378\/403|[from] sandstorm
|turn|4
|
|switch|p2a: Dragonite|Dragonite, F|324\/324
|move|p1a: Azumarill|Play Rough|p2a: Dragonite
|-supereffective|p2a: Dragonite
|-damage|p2a: Dragonite|131\/324
|
|-weather|Sandstorm|[upkeep]
|-damage|p2a: Dragonite|111\/324|[from] sandstorm
|-damage|p1a: Azumarill|353\/403|[from] sandstorm
|turn|5
|
|move|p2a: Dragonite|Extreme Speed|p1a: Azumarill
|-damage|p1a: Azumarill|226\/403
|move|p1a: Azumarill|Play Rough|p2a: Dragonite
|-supereffective|p2a: Dragonite
|-damage|p2a: Dragonite|0 fnt
|faint|p2a: Dragonite
|
|-weather|Sandstorm|[upkeep]
|-damage|p1a: Azumarill|201\/403|[from] sandstorm
|
|switch|p2a: Thundurus|Thundurus, M|299\/299
|turn|6
|
|switch|p1a: Tyranitar|Tyranitar, F|398\/398
|-damage|p1a: Tyranitar|349\/398|[from] Stealth Rock
|move|p2a: Thundurus|Thunderbolt|p1a: Tyranitar
|-damage|p1a: Tyranitar|207\/398
|-damage|p2a: Thundurus|270\/299|[from] item: Life Orb
|
|-weather|Sandstorm|[upkeep]
|-damage|p2a: Thundurus|252\/299|[from] sandstorm
|turn|7
|
|move|p2a: Thundurus|Superpower|p1a: Tyranitar
|-supereffective|p1a: Tyranitar
|-damage|p1a: Tyranitar|0 fnt
|-unboost|p2a: Thundurus|atk|1
|-unboost|p2a: Thundurus|def|1
|-damage|p2a: Thundurus|223\/299|[from] item: Life Orb
|faint|p1a: Tyranitar
|
|-weather|Sandstorm|[upkeep]
|-damage|p2a: Thundurus|205\/299|[from] sandstorm
|
|switch|p1a: Latias|Latias, F|320\/320
|-damage|p1a: Latias|280\/320|[from] Stealth Rock
|turn|8
|
|move|p2a: Thundurus|Hidden Power|p1a: Latias
|-crit|p1a: Latias
|-supereffective|p1a: Latias
|-damage|p1a: Latias|69\/320
|-damage|p2a: Thundurus|176\/299|[from] item: Life Orb
|move|p1a: Latias|Draco Meteor|p2a: Thundurus
|-damage|p2a: Thundurus|0 fnt
|-unboost|p1a: Latias|spa|2
|-damage|p1a: Latias|37\/320|[from] item: Life Orb
|faint|p2a: Thundurus
|
|-weather|Sandstorm|[upkeep]
|-damage|p1a: Latias|17\/320|[from] sandstorm
|
|switch|p2a: Excadrill|Excadrill, M|361\/361
|turn|9
|
|move|p2a: Excadrill|Iron Head|p1a: Latias
|-damage|p1a: Latias|0 fnt
|-damage|p2a: Excadrill|325\/361|[from] item: Life Orb
|faint|p1a: Latias
|
|-weather|none
|
|switch|p1a: Conkeldurr|Conkeldurr, M|414\/414
|-damage|p1a: Conkeldurr|389\/414|[from] Stealth Rock
|turn|10
|
|switch|p2a: Azumarill|Azumarill, F|398\/398
|move|p1a: Conkeldurr|Drain Punch|p2a: Azumarill
|-resisted|p2a: Azumarill
|-damage|p2a: Azumarill|305\/398
|-heal|p1a: Conkeldurr|414\/414|[from] drain|[of] p2a: Azumarill
|
|turn|11
|
|switch|p1a: Manectric|Manectric-Mega, M|264\/281
|-damage|p1a: Manectric|229\/281|[from] Stealth Rock
|-ability|p1a: Manectric|Intimidate|[of] p2a: Azumarill
|-unboost|p2a: Azumarill|atk|1
|move|p2a: Azumarill|Play Rough|p1a: Manectric
|-damage|p1a: Manectric|10\/281
|
|turn|12
|
|switch|p2a: Tyranitar|Tyranitar, F|276\/403
|-weather|Sandstorm
|move|p1a: Manectric|Thunderbolt|p2a: Tyranitar
|-damage|p2a: Tyranitar|158\/403
|
|-weather|Sandstorm|[upkeep]
|-damage|p1a: Manectric|0 fnt|[from] sandstorm
|faint|p1a: Manectric
|
|switch|p1a: Landorus|Landorus, M|319\/319
|-damage|p1a: Landorus|280\/319|[from] Stealth Rock
|turn|13
|
|move|p1a: Landorus|Rock Polish|p1a: Landorus
|-boost|p1a: Landorus|spe|2
|move|p2a: Tyranitar|Ice Beam|p1a: Landorus
|-supereffective|p1a: Landorus
|-damage|p1a: Landorus|0 fnt
|faint|p1a: Landorus
|
|-weather|Sandstorm|[upkeep]
|
|switch|p1a: Conkeldurr|Conkeldurr, M|414\/414
|-damage|p1a: Conkeldurr|389\/414|[from] Stealth Rock
|turn|14
|
|move|p2a: Tyranitar|Earthquake|p1a: Conkeldurr
|-damage|p1a: Conkeldurr|281\/414
|move|p1a: Conkeldurr|Knock Off|p2a: Tyranitar
|-resisted|p2a: Tyranitar
|-damage|p2a: Tyranitar|111\/403
|-enditem|p2a: Tyranitar|Smooth Rock|[from] move: Knock Off|[of] p1a: Conkeldurr
|
|-weather|Sandstorm|[upkeep]
|-damage|p1a: Conkeldurr|256\/414|[from] sandstorm
|turn|15
|
|move|p1a: Conkeldurr|Mach Punch|p2a: Tyranitar
|-supereffective|p2a: Tyranitar
|-damage|p2a: Tyranitar|0 fnt
|faint|p2a: Tyranitar
|
|-weather|Sandstorm|[upkeep]
|-damage|p1a: Conkeldurr|231\/414|[from] sandstorm
|
|switch|p2a: Charizard|Charizard, F|315\/315
|turn|16
|
|move|p2a: Charizard|Dragon Dance|p2a: Charizard
|-boost|p2a: Charizard|atk|1
|-boost|p2a: Charizard|spe|1
|move|p1a: Conkeldurr|Drain Punch|p2a: Charizard
|-resisted|p2a: Charizard
|-damage|p2a: Charizard|214\/315
|-heal|p1a: Conkeldurr|282\/414|[from] drain|[of] p2a: Charizard
|
|-weather|Sandstorm|[upkeep]
|-damage|p2a: Charizard|195\/315|[from] sandstorm
|-damage|p1a: Conkeldurr|257\/414|[from] sandstorm
|turn|17
|
|detailschange|p2a: Charizard|Charizard-Mega-X, F
|-mega|p2a: Charizard|Charizard|Charizardite X
|move|p2a: Charizard|Earthquake|p1a: Conkeldurr
|-damage|p1a: Conkeldurr|73\/414
|move|p1a: Conkeldurr|Ice Punch|p2a: Charizard
|-damage|p2a: Charizard|98\/315
|
|-weather|Sandstorm|[upkeep]
|-damage|p2a: Charizard|79\/315|[from] sandstorm
|-damage|p1a: Conkeldurr|48\/414|[from] sandstorm
|turn|18
|
|move|p1a: Conkeldurr|Mach Punch|p2a: Charizard
|-damage|p2a: Charizard|0 fnt
|faint|p2a: Charizard
|
|-weather|Sandstorm|[upkeep]
|-damage|p1a: Conkeldurr|23\/414|[from] sandstorm
|
|switch|p2a: Azumarill|Azumarill, F|305\/398
|turn|19
|
|move|p1a: Conkeldurr|Mach Punch|p2a: Azumarill
|-resisted|p2a: Azumarill
|-damage|p2a: Azumarill|251\/398
|move|p2a: Azumarill|Play Rough|p1a: Conkeldurr
|-supereffective|p1a: Conkeldurr
|-damage|p1a: Conkeldurr|0 fnt
|faint|p1a: Conkeldurr
|
|-weather|none
|
|switch|p1a: Azumarill|Azumarill, M|201\/403
|-damage|p1a: Azumarill|151\/403|[from] Stealth Rock
|turn|20
|
|move|p2a: Azumarill|Play Rough|p1a: Azumarill
|-damage|p1a: Azumarill|0 fnt
|faint|p1a: Azumarill
|
|win|terry41
|raw|Ladder updating...
|raw|DrJBoss's rating: 1520 &rarr; <strong>1503<\/strong><br \/>(-17 for losing)
|raw|terry41's rating: 1574 &rarr; <strong>1591<\/strong><br \/>(+17 for winning)
|c|âterry41|gg
|leave|DrJBoss
|player|p1