|join|Jack37
|join|terry41
|player|p1|Jack37|265
|player|p2|terry41|169
|gametype|singles
|gen|6
|tier|OU
|rated
|clearpoke
|poke|p1|Suicune
|poke|p1|Chansey, F
|poke|p1|Heatran, F
|poke|p1|Venusaur, M
|poke|p1|Gliscor, M
|poke|p1|Clefable, M
|poke|p2|Metagross
|poke|p2|Volcarona, F
|poke|p2|Garchomp, F
|poke|p2|Starmie
|poke|p2|Bisharp, F
|poke|p2|Talonflame, F
|rule|Swagger Clause: Swagger is banned
|rule|Baton Pass Clause: Limit one PokÃ©mon knowing Baton Pass
|rule|Sleep Clause Mod: Limit one foe put to sleep
|rule|Species Clause: Limit one of each PokÃ©mon
|rule|OHKO Clause: OHKO moves are banned
|rule|Moody Clause: Moody is banned
|rule|Evasion Moves Clause: Evasion moves are banned
|rule|Endless Battle Clause: Forcing endless battles is banned
|rule|HP Percentage Mod: HP is shown in percentages
|teampreview
|
|start
|switch|p1a: Venusaur|Venusaur, M|364\/364
|switch|p2a: Garchomp|Garchomp, F|357\/357
|turn|1
|
|detailschange|p1a: Venusaur|Venusaur-Mega, M
|-mega|p1a: Venusaur|Venusaur|Venusaurite
|move|p2a: Garchomp|Stealth Rock|p1a: Venusaur
|-sidestart|p1: Jack37|move: Stealth Rock
|move|p1a: Venusaur|Leech Seed|p2a: Garchomp
|-start|p2a: Garchomp|move: Leech Seed
|
|-damage|p2a: Garchomp|313\/357|[from] Leech Seed|[of] p1a: Venusaur
|turn|2
|
|move|p2a: Garchomp|Swords Dance|p2a: Garchomp
|-boost|p2a: Garchomp|atk|2
|move|p1a: Venusaur|Giga Drain|p2a: Garchomp
|-damage|p2a: Garchomp|201\/357
|
|-damage|p2a: Garchomp|157\/357|[from] Leech Seed|[of] p1a: Venusaur
|turn|3
|
|switch|p1a: Clefable|Clefable, M|394\/394
|-damage|p1a: Clefable|345\/394|[from] Stealth Rock
|move|p2a: Garchomp|Dragon Claw|p1a: Clefable
|-immune|p1a: Clefable|[msg]
|
|-heal|p1a: Clefable|369\/394|[from] item: Leftovers
|-damage|p2a: Garchomp|113\/357|[from] Leech Seed|[of] p1a: Clefable
|-heal|p1a: Clefable|394\/394|[silent]
|turn|4
|
|move|p2a: Garchomp|Earthquake|p1a: Clefable
|-damage|p1a: Clefable|234\/394
|move|p1a: Clefable|Moonblast|p2a: Garchomp
|-supereffective|p2a: Garchomp
|-damage|p2a: Garchomp|0 fnt
|faint|p2a: Garchomp
|
|-heal|p1a: Clefable|258\/394|[from] item: Leftovers
|
|switch|p2a: Metagross|Metagross|301\/301
|turn|5
|
|switch|p1a: Gliscor|Gliscor, M|352\/352
|-damage|p1a: Gliscor|308\/352|[from] Stealth Rock
|detailschange|p2a: Metagross|Metagross-Mega
|-mega|p2a: Metagross|Metagross|Metagrossite
|move|p2a: Metagross|Meteor Mash|p1a: Gliscor
|-damage|p1a: Gliscor|152\/352
|
|-status|p1a: Gliscor|tox|[from] item: Toxic Orb
|turn|6
|
|move|p1a: Gliscor|Protect|p1a: Gliscor
|-singleturn|p1a: Gliscor|Protect
|move|p2a: Metagross|Meteor Mash|p1a: Gliscor
|-activate|p1a: Gliscor|Protect
|
|-heal|p1a: Gliscor|196\/352 tox|[from] ability: Poison Heal
|turn|7
|
|switch|p1a: Heatran|Heatran, F|323\/323
|-damage|p1a: Heatran|283\/323|[from] Stealth Rock
|move|p2a: Metagross|Ice Punch|p1a: Heatran
|-resisted|p1a: Heatran
|-damage|p1a: Heatran|252\/323
|
|turn|8
|
|switch|p2a: Talonflame|Talonflame, F|297\/297
|move|p1a: Heatran|Fire Blast|p2a: Talonflame|[miss]
|-miss|p1a: Heatran|p2a: Talonflame
|
|turn|9
|
|switch|p1a: Suicune|Suicune|404\/404
|-damage|p1a: Suicune|354\/404|[from] Stealth Rock
|-ability|p1a: Suicune|Pressure
|move|p2a: Talonflame|Swords Dance|p2a: Talonflame
|-boost|p2a: Talonflame|atk|2
|
|-heal|p1a: Suicune|379\/404|[from] item: Leftovers
|turn|10
|
|switch|p2a: Starmie|Starmie|261\/261
|move|p1a: Suicune|Scald|p2a: Starmie
|-resisted|p2a: Starmie
|-damage|p2a: Starmie|210\/261
|-status|p2a: Starmie|brn
|
|-heal|p1a: Suicune|404\/404|[from] item: Leftovers
|-damage|p2a: Starmie|178\/261 brn|[from] brn
|turn|11
|
|switch|p1a: Chansey|Chansey, F|642\/642
|-damage|p1a: Chansey|562\/642|[from] Stealth Rock
|move|p2a: Starmie|Psyshock|p1a: Chansey
|-damage|p1a: Chansey|375\/642
|-damage|p2a: Starmie|152\/261 brn|[from] item: Life Orb
|
|-damage|p2a: Starmie|120\/261 brn|[from] brn
|turn|12
|
|move|p2a: Starmie|Psyshock|p1a: Chansey
|-damage|p1a: Chansey|168\/642
|-damage|p2a: Starmie|94\/261 brn|[from] item: Life Orb
|move|p1a: Chansey|Stealth Rock|p2a: Starmie
|-sidestart|p2: terry41|move: Stealth Rock
|
|-damage|p2a: Starmie|62\/261 brn|[from] brn
|turn|13
|
|move|p2a: Starmie|Rapid Spin|p1a: Chansey
|-damage|p1a: Chansey|158\/642
|-sideend|p2: terry41|Stealth Rock|[from] move: Rapid Spin|[of] p2a: Starmie
|-damage|p2a: Starmie|36\/261 brn|[from] item: Life Orb
|move|p1a: Chansey|Seismic Toss|p2a: Starmie
|-damage|p2a: Starmie|0 fnt
|faint|p2a: Starmie
|
|
|switch|p2a: Bisharp|Bisharp, F|271\/271
|turn|14
|
|move|p2a: Bisharp|Swords Dance|p2a: Bisharp
|-boost|p2a: Bisharp|atk|2
|move|p1a: Chansey|Soft-Boiled|p1a: Chansey
|-heal|p1a: Chansey|479\/642
|
|turn|15
|
|move|p2a: Bisharp|Knock Off|p1a: Chansey
|-damage|p1a: Chansey|0 fnt
|-enditem|p1a: Chansey|Eviolite|[from] move: Knock Off|[of] p2a: Bisharp
|faint|p1a: Chansey
|
|
|switch|p1a: Heatran|Heatran, F|252\/323
|-damage|p1a: Heatran|212\/323|[from] Stealth Rock
|turn|16
|
|move|p2a: Bisharp|Sucker Punch|p1a: Heatran
|-damage|p1a: Heatran|0 fnt
|faint|p1a: Heatran
|
|
|switch|p1a: Gliscor|Gliscor, M|196\/352 tox
|-damage|p1a: Gliscor|152\/352 tox|[from] Stealth Rock
|turn|17
|
|move|p1a: Gliscor|Substitute|p1a: Gliscor
|-start|p1a: Gliscor|Substitute
|-damage|p1a: Gliscor|64\/352 tox
|move|p2a: Bisharp|Knock Off|p1a: Gliscor
|-end|p1a: Gliscor|Substitute
|
|-heal|p1a: Gliscor|108\/352 tox|[from] ability: Poison Heal
|turn|18
|
|move|p1a: Gliscor|Protect|p1a: Gliscor
|-singleturn|p1a: Gliscor|Protect
|move|p2a: Bisharp|Knock Off|p1a: Gliscor
|-activate|p1a: Gliscor|Protect
|
|-heal|p1a: Gliscor|152\/352 tox|[from] ability: Poison Heal
|turn|19
|
|move|p1a: Gliscor|Earthquake|p2a: Bisharp
|-supereffective|p2a: Bisharp
|-damage|p2a: Bisharp|61\/271
|move|p2a: Bisharp|Iron Head|p1a: Gliscor
|-damage|p1a: Gliscor|0 fnt
|faint|p1a: Gliscor
|
|
|switch|p1a: Venusaur|Venusaur-Mega, M|364\/364
|-damage|p1a: Venusaur|319\/364|[from] Stealth Rock
|turn|20
|
|move|p2a: Bisharp|Iron Head|p1a: Venusaur
|-damage|p1a: Venusaur|126\/364
|move|p1a: Venusaur|Leech Seed|p2a: Bisharp
|-start|p2a: Bisharp|move: Leech Seed
|
|-damage|p2a: Bisharp|28\/271|[from] Leech Seed|[of] p1a: Venusaur
|-heal|p1a: Venusaur|159\/364|[silent]
|turn|21
|
|switch|p1a: Suicune|Suicune|404\/404
|-damage|p1a: Suicune|354\/404|[from] Stealth Rock
|-ability|p1a: Suicune|Pressure
|move|p2a: Bisharp|Iron Head|p1a: Suicune
|-resisted|p1a: Suicune
|-damage|p1a: Suicune|255\/404
|
|-heal|p1a: Suicune|280\/404|[from] item: Leftovers
|-damage|p2a: Bisharp|0 fnt|[from] Leech Seed|[of] p1a: Suicune
|-heal|p1a: Suicune|308\/404|[silent]
|faint|p2a: Bisharp
|
|switch|p2a: Volcarona|Volcarona, F|329\/329
|turn|22
|
|move|p2a: Volcarona|Quiver Dance|p2a: Volcarona
|-boost|p2a: Volcarona|spa|1
|-boost|p2a: Volcarona|spd|1
|-boost|p2a: Volcarona|spe|1
|move|p1a: Suicune|Calm Mind|p1a: Suicune
|-boost|p1a: Suicune|spa|1
|-boost|p1a: Suicune|spd|1
|
|-heal|p1a: Suicune|333\/404|[from] item: Leftovers
|turn|23
|
|move|p2a: Volcarona|Giga Drain|p1a: Suicune
|-supereffective|p1a: Suicune
|-damage|p1a: Suicune|157\/404
|move|p1a: Suicune|Scald|p2a: Volcarona
|-supereffective|p2a: Volcarona
|-damage|p2a: Volcarona|171\/329
|
|-heal|p1a: Suicune|182\/404|[from] item: Leftovers
|turn|24
|
|move|p2a: Volcarona|Giga Drain|p1a: Suicune
|-supereffective|p1a: Suicune
|-damage|p1a: Suicune|16\/404
|-heal|p2a: Volcarona|254\/329|[from] drain|[of] p1a: Suicune
|move|p1a: Suicune|Rest|p1a: Suicune
|-status|p1a: Suicune|slp
|-heal|p1a: Suicune|404\/404 slp|[silent]
|-status|p1a: Suicune|slp|[from] move: Rest
|
|turn|25
|
|move|p2a: Volcarona|Quiver Dance|p2a: Volcarona
|-boost|p2a: Volcarona|spa|1
|-boost|p2a: Volcarona|spd|1
|-boost|p2a: Volcarona|spe|1
|cant|p1a: Suicune|slp
|move|p1a: Suicune|Sleep Talk|p1a: Suicune
|move|p1a: Suicune|Calm Mind|p1a: Suicune|[from]Sleep Talk
|-boost|p1a: Suicune|spa|1
|-boost|p1a: Suicune|spd|1
|
|turn|26
|
|move|p2a: Volcarona|Giga Drain|p1a: Suicune
|-supereffective|p1a: Suicune
|-damage|p1a: Suicune|240\/404 slp
|-heal|p2a: Volcarona|329\/329|[from] drain|[of] p1a: Suicune
|cant|p1a: Suicune|slp
|move|p1a: Suicune|Sleep Talk|p1a: Suicune
|move|p1a: Suicune|Scald|p2a: Volcarona|[from]Sleep Talk
|-supereffective|p2a: Volcarona
|-damage|p2a: Volcarona|159\/329
|
|-heal|p1a: Suicune|265\/404 slp|[from] item: Leftovers
|turn|27
|
|move|p2a: Volcarona|Giga Drain|p1a: Suicune
|-supereffective|p1a: Suicune
|-damage|p1a: Suicune|113\/404 slp
|-heal|p2a: Volcarona|235\/329|[from] drain|[of] p1a: Suicune
|-curestatus|p1a: Suicune|slp
|move|p1a: Suicune|Scald|p2a: Volcarona
|-supereffective|p2a: Volcarona
|-damage|p2a: Volcarona|67\/329
|
|-heal|p1a: Suicune|138\/404|[from] item: Leftovers
|turn|28
|
|switch|p1a: Clefable|Clefable, M|258\/394
|-damage|p1a: Clefable|209\/394|[from] Stealth Rock
|move|p2a: Volcarona|Giga Drain|p1a: Clefable
|-damage|p1a: Clefable|105\/394
|-heal|p2a: Volcarona|119\/329|[from] drain|[of] p1a: Clefable
|
|-heal|p1a: Clefable|129\/394|[from] item: Leftovers
|turn|29
|
|move|p2a: Volcarona|Fiery Dance|p1a: Clefable
|-damage|p1a: Clefable|0 fnt
|-boost|p2a: Volcarona|spa|1
|faint|p1a: Clefable
|
|-message|Jack37 forfeited.
|leave|Jack37
|
|win|terry41
|raw|Ladder updating...
|player|p1
|raw|Jack37's rating: 1420 &rarr; <strong>1405<\/strong><br \/>(-15 for losing)
|raw|terry41's rating: 1496 &rarr; <strong>1512<\/strong><br \/>(+16 for winning)