|join|terry41
|join|Emenoumbacazette
|player|p1|terry41|17
|player|p2|Emenoumbacazette|179
|gametype|singles
|gen|6
|tier|OU
|clearpoke
|poke|p1|Tyranitar, F
|poke|p1|Excadrill, F
|poke|p1|Latias, F
|poke|p1|Chesnaught, M
|poke|p1|Azumarill, M
|poke|p1|Talonflame, M
|poke|p2|Gardevoir, F
|poke|p2|Tyranitar, M
|poke|p2|Excadrill, M, shiny
|poke|p2|Talonflame, M
|poke|p2|Slowbro, M
|poke|p2|Magnezone
|rule|Swagger Clause: Swagger is banned
|rule|Baton Pass Clause: Limit one PokÃ©mon knowing Baton Pass
|rule|Sleep Clause Mod: Limit one foe put to sleep
|rule|Species Clause: Limit one of each PokÃ©mon
|rule|OHKO Clause: OHKO moves are banned
|rule|Moody Clause: Moody is banned
|rule|Evasion Moves Clause: Evasion moves are banned
|rule|Endless Battle Clause: Forcing endless battles is banned
|rule|HP Percentage Mod: HP is shown in percentages
|teampreview
|
|start
|switch|p1a: Tyranitar|Tyranitar, F|342\/342
|switch|p2a: Small World|Excadrill, M, shiny|362\/362
|-weather|Sandstorm
|turn|1
|join|oijh
|
|switch|p1a: Chesnaught|Chesnaught, M|380\/380
|move|p2a: Small World|Swords Dance|p2a: Small World
|-boost|p2a: Small World|atk|2
|
|-weather|Sandstorm|[upkeep]
|-damage|p1a: Chesnaught|357\/380|[from] sandstorm
|-heal|p1a: Chesnaught|380\/380|[from] item: Leftovers
|turn|2
|
|switch|p2a: 'Murican Turkey|Talonflame, M|333\/333
|move|p1a: Chesnaught|Drain Punch|p2a: 'Murican Turkey
|-resisted|p2a: 'Murican Turkey
|-damage|p2a: 'Murican Turkey|270\/333
|
|-weather|Sandstorm|[upkeep]
|-damage|p2a: 'Murican Turkey|250\/333|[from] sandstorm
|-damage|p1a: Chesnaught|357\/380|[from] sandstorm
|-heal|p1a: Chesnaught|380\/380|[from] item: Leftovers
|turn|3
|
|switch|p1a: Tyranitar|Tyranitar, F|342\/342
|move|p2a: 'Murican Turkey|Flare Blitz|p1a: Tyranitar
|-resisted|p1a: Tyranitar
|-damage|p1a: Tyranitar|228\/342
|-damage|p2a: 'Murican Turkey|212\/333|[from] recoil|[of] p1a: Tyranitar
|
|-weather|Sandstorm|[upkeep]
|-damage|p2a: 'Murican Turkey|192\/333|[from] sandstorm
|turn|4
|
|switch|p2a: Small World|Excadrill, M, shiny|362\/362
|move|p1a: Tyranitar|Stealth Rock|p2a: Small World
|-sidestart|p2: Emenoumbacazette|move: Stealth Rock
|
|-weather|Sandstorm|[upkeep]
|turn|5
|
|switch|p1a: Azumarill|Azumarill, M|358\/358
|move|p2a: Small World|Earthquake|p1a: Azumarill
|-damage|p1a: Azumarill|46\/358
|-damage|p2a: Small World|326\/362|[from] item: Life Orb
|
|-weather|none
|turn|6
|
|switch|p2a: Slowbro|Slowbro, M|394\/394
|-damage|p2a: Slowbro|345\/394|[from] Stealth Rock
|move|p1a: Azumarill|Aqua Jet|p2a: Slowbro
|-resisted|p2a: Slowbro
|-damage|p2a: Slowbro|286\/394
|
|turn|7
|
|switch|p1a: Chesnaught|Chesnaught, M|380\/380
|move|p2a: Slowbro|Scald|p1a: Chesnaught
|-resisted|p1a: Chesnaught
|-damage|p1a: Chesnaught|323\/380
|
|-heal|p1a: Chesnaught|346\/380|[from] item: Leftovers
|turn|8
|
|move|p1a: Chesnaught|Leech Seed|p2a: Slowbro
|-start|p2a: Slowbro|move: Leech Seed
|move|p2a: Slowbro|Scald|p1a: Chesnaught
|-resisted|p1a: Chesnaught
|-damage|p1a: Chesnaught|285\/380
|
|-heal|p1a: Chesnaught|308\/380|[from] item: Leftovers
|-damage|p2a: Slowbro|237\/394|[from] Leech Seed|[of] p1a: Chesnaught
|-heal|p1a: Chesnaught|357\/380|[silent]
|turn|9
|
|switch|p2a: micro-center|Magnezone|343\/343
|-damage|p2a: micro-center|322\/343|[from] Stealth Rock
|-item|p2a: micro-center|Air Balloon
|move|p1a: Chesnaught|Spiky Shield|p1a: Chesnaught
|-fail|p1a: Chesnaught
|
|-heal|p1a: Chesnaught|380\/380|[from] item: Leftovers
|turn|10
|
|move|p1a: Chesnaught|Spiky Shield|p1a: Chesnaught
|-singleturn|p1a: Chesnaught|move: Protect
|move|p2a: micro-center|Volt Switch|p1a: Chesnaught
|-activate|p1a: Chesnaught|move: Protect
|
|turn|11
|
|switch|p2a: Gardevoir|Gardevoir, F|277\/277
|-damage|p2a: Gardevoir|243\/277|[from] Stealth Rock
|move|p1a: Chesnaught|Leech Seed|p2a: Gardevoir
|-start|p2a: Gardevoir|move: Leech Seed
|
|-damage|p2a: Gardevoir|209\/277|[from] Leech Seed|[of] p1a: Chesnaught
|turn|12
|
|detailschange|p2a: Gardevoir|Gardevoir-Mega, F
|-mega|p2a: Gardevoir|Gardevoir|Gardevoirite
|move|p1a: Chesnaught|Spiky Shield|p1a: Chesnaught
|-singleturn|p1a: Chesnaught|move: Protect
|move|p2a: Gardevoir|Calm Mind|p2a: Gardevoir
|-boost|p2a: Gardevoir|spa|1
|-boost|p2a: Gardevoir|spd|1
|
|-damage|p2a: Gardevoir|175\/277|[from] Leech Seed|[of] p1a: Chesnaught
|turn|13
|
|switch|p1a: Tyranitar|Tyranitar, F|228\/342
|-weather|Sandstorm
|move|p2a: Gardevoir|Hyper Voice|p1a: Tyranitar
|-supereffective|p1a: Tyranitar
|-damage|p1a: Tyranitar|0 fnt
|faint|p1a: Tyranitar
|
|-weather|Sandstorm|[upkeep]
|-damage|p2a: Gardevoir|158\/277|[from] sandstorm
|
|switch|p1a: Excadrill|Excadrill, F|362\/362
|turn|14
|
|switch|p2a: micro-center|Magnezone|322\/343
|-damage|p2a: micro-center|301\/343|[from] Stealth Rock
|-item|p2a: micro-center|Air Balloon
|move|p1a: Excadrill|Earthquake|p2a: micro-center
|-immune|p2a: micro-center|[msg]
|
|-weather|Sandstorm|[upkeep]
|turn|15
|
|move|p1a: Excadrill|Iron Head|p2a: micro-center
|-resisted|p2a: micro-center
|-damage|p2a: micro-center|272\/343
|-enditem|p2a: micro-center|Air Balloon
|-damage|p1a: Excadrill|326\/362|[from] item: Life Orb
|move|p2a: micro-center|Hidden Power|p1a: Excadrill
|-crit|p1a: Excadrill
|-supereffective|p1a: Excadrill
|-damage|p1a: Excadrill|0 fnt
|faint|p1a: Excadrill
|
|-weather|Sandstorm|[upkeep]
|
|switch|p1a: Talonflame|Talonflame, M|297\/297
|turn|16
|
|switch|p1a: Latias|Latias, F|363\/363
|switch|p2a: Tyranitar|Tyranitar, M|404\/404
|-damage|p2a: Tyranitar|354\/404|[from] Stealth Rock
|
|-weather|Sandstorm|[upkeep]
|-damage|p1a: Latias|341\/363|[from] sandstorm
|turn|17
|
|move|p2a: Tyranitar|Pursuit|p1a: Latias|[from]Pursuit
|-supereffective|p1a: Latias
|-damage|p1a: Latias|137\/363
|switch|p1a: Chesnaught|Chesnaught, M|380\/380
|
|-weather|none
|turn|18
|
|switch|p2a: 'Murican Turkey|Talonflame, M|192\/333
|-damage|p2a: 'Murican Turkey|26\/333|[from] Stealth Rock
|move|p1a: Chesnaught|Leech Seed|p2a: 'Murican Turkey
|-start|p2a: 'Murican Turkey|move: Leech Seed
|
|-damage|p2a: 'Murican Turkey|0 fnt|[from] Leech Seed|[of] p1a: Chesnaught
|faint|p2a: 'Murican Turkey
|
|switch|p2a: Gardevoir|Gardevoir-Mega, F|158\/277
|-damage|p2a: Gardevoir|124\/277|[from] Stealth Rock
|turn|19
|
|move|p2a: Gardevoir|Hyper Voice|p1a: Chesnaught
|-supereffective|p1a: Chesnaught
|-damage|p1a: Chesnaught|0 fnt
|faint|p1a: Chesnaught
|
|
|switch|p1a: Talonflame|Talonflame, M|297\/297
|turn|20
|c|âterry41|yeah gg i see where i messed up thanks for the match
|-message|terry41 forfeited.
|
|win|Emenoumbacazette
|leave|Emenoumbacazette
|player|p2