|join|ComedyShorts here
|join|terry41
|player|p1|ComedyShorts here|266
|player|p2|terry41|17
|gametype|singles
|gen|6
|tier|OU (suspect test)
|rated
|clearpoke
|poke|p1|Scizor, M
|poke|p1|Azumarill, F
|poke|p1|Garchomp, F
|poke|p1|Landorus-Therian, M, shiny
|poke|p1|Slowbro, F
|poke|p1|Bisharp, F, shiny
|poke|p2|Celebi
|poke|p2|Tyranitar, F
|poke|p2|Excadrill, F
|poke|p2|Keldeo
|poke|p2|Lopunny, M
|poke|p2|Talonflame, F
|rule|Swagger Clause: Swagger is banned
|rule|Baton Pass Clause: Limit one PokÃ©mon knowing Baton Pass
|rule|Sleep Clause Mod: Limit one foe put to sleep
|rule|Species Clause: Limit one of each PokÃ©mon
|rule|OHKO Clause: OHKO moves are banned
|rule|Moody Clause: Moody is banned
|rule|Evasion Moves Clause: Evasion moves are banned
|rule|Endless Battle Clause: Forcing endless battles is banned
|rule|HP Percentage Mod: HP is shown in percentages
|teampreview
|
|start
|switch|p1a: Slowbro|Slowbro, F|394\/394
|switch|p2a: Tyranitar|Tyranitar, F|342\/342
|-weather|Sandstorm
|turn|1
|
|switch|p1a: Landorus-Therian|Landorus-Therian, M, shiny|382\/382
|-ability|p1a: Landorus-Therian|Intimidate|[of] p2a: Tyranitar
|-unboost|p2a: Tyranitar|atk|1
|move|p2a: Tyranitar|Stealth Rock|p1a: Landorus-Therian
|-sidestart|p1: ComedyShorts here|move: Stealth Rock
|
|-weather|Sandstorm|[upkeep]
|turn|2
|
|move|p2a: Tyranitar|Ice Beam|p1a: Landorus-Therian
|-supereffective|p1a: Landorus-Therian
|-damage|p1a: Landorus-Therian|0 fnt
|faint|p1a: Landorus-Therian
|
|-weather|Sandstorm|[upkeep]
|
|switch|p1a: Bisharp|Bisharp, F, shiny|272\/272
|-damage|p1a: Bisharp|255\/272|[from] Stealth Rock
|turn|3
|
|move|p2a: Tyranitar|Fire Blast|p1a: Bisharp
|-supereffective|p1a: Bisharp
|-damage|p1a: Bisharp|0 fnt
|faint|p1a: Bisharp
|
|-weather|Sandstorm|[upkeep]
|
|switch|p1a: Azumarill|Azumarill, F|342\/342
|-damage|p1a: Azumarill|300\/342|[from] Stealth Rock
|turn|4
|
|switch|p2a: Celebi|Celebi|403\/403
|move|p1a: Azumarill|Play Rough|p2a: Celebi
|-damage|p2a: Celebi|222\/403
|
|-weather|Sandstorm|[upkeep]
|-damage|p2a: Celebi|197\/403|[from] sandstorm
|-damage|p1a: Azumarill|279\/342|[from] sandstorm
|-heal|p2a: Celebi|222\/403|[from] item: Leftovers
|turn|5
|
|switch|p1a: Scizor|Scizor, M|284\/284
|-damage|p1a: Scizor|249\/284|[from] Stealth Rock
|move|p2a: Celebi|Recover|p2a: Celebi
|-heal|p2a: Celebi|403\/403
|
|-weather|none
|turn|6
|
|switch|p2a: Keldeo|Keldeo|323\/323
|detailschange|p1a: Scizor|Scizor-Mega, M
|-mega|p1a: Scizor|Scizor|Scizorite
|move|p1a: Scizor|Substitute|p1a: Scizor
|-start|p1a: Scizor|Substitute
|-damage|p1a: Scizor|178\/284
|
|turn|7
|
|move|p2a: Keldeo|Scald|p1a: Scizor
|-end|p1a: Scizor|Substitute
|move|p1a: Scizor|Bug Bite|p2a: Keldeo
|-resisted|p2a: Keldeo
|-damage|p2a: Keldeo|233\/323
|
|turn|8
|
|switch|p1a: Slowbro|Slowbro, F|394\/394
|-damage|p1a: Slowbro|345\/394|[from] Stealth Rock
|move|p2a: Keldeo|Scald|p1a: Slowbro
|-resisted|p1a: Slowbro
|-damage|p1a: Slowbro|246\/394
|-status|p1a: Slowbro|brn
|
|-heal|p1a: Slowbro|270\/394 brn|[from] item: Leftovers
|-damage|p1a: Slowbro|221\/394 brn|[from] brn
|turn|9
|
|switch|p2a: Celebi|Celebi|403\/403
|move|p1a: Slowbro|Scald|p2a: Celebi
|-resisted|p2a: Celebi
|-damage|p2a: Celebi|366\/403
|
|-heal|p2a: Celebi|391\/403|[from] item: Leftovers
|-heal|p1a: Slowbro|245\/394 brn|[from] item: Leftovers
|-damage|p1a: Slowbro|196\/394 brn|[from] brn
|turn|10
|
|move|p2a: Celebi|U-turn|p1a: Slowbro
|-supereffective|p1a: Slowbro
|-damage|p1a: Slowbro|122\/394 brn
|
|switch|p2a: Tyranitar|Tyranitar, F|342\/342
|-weather|Sandstorm
|move|p1a: Slowbro|Ice Beam|p2a: Tyranitar
|-damage|p2a: Tyranitar|295\/342
|
|-weather|Sandstorm|[upkeep]
|-damage|p1a: Slowbro|98\/394 brn|[from] sandstorm
|-heal|p1a: Slowbro|122\/394 brn|[from] item: Leftovers
|-damage|p1a: Slowbro|73\/394 brn|[from] brn
|turn|11
|
|move|p2a: Tyranitar|Dark Pulse|p1a: Slowbro
|-supereffective|p1a: Slowbro
|-damage|p1a: Slowbro|0 fnt
|faint|p1a: Slowbro
|
|-weather|Sandstorm|[upkeep]
|
|switch|p1a: Garchomp|Garchomp, F|358\/358
|-damage|p1a: Garchomp|336\/358|[from] Stealth Rock
|turn|12
|
|switch|p2a: Keldeo|Keldeo|233\/323
|move|p1a: Garchomp|Earthquake|p2a: Keldeo
|-damage|p2a: Keldeo|16\/323
|
|-weather|Sandstorm|[upkeep]
|-damage|p2a: Keldeo|0 fnt|[from] sandstorm
|faint|p2a: Keldeo
|
|switch|p2a: Excadrill|Excadrill, F|362\/362
|turn|13
|
|move|p2a: Excadrill|Earthquake|p1a: Garchomp
|-damage|p1a: Garchomp|97\/358
|-damage|p2a: Excadrill|326\/362|[from] item: Life Orb
|move|p1a: Garchomp|Earthquake|p2a: Excadrill
|-supereffective|p2a: Excadrill
|-damage|p2a: Excadrill|0 fnt
|faint|p2a: Excadrill
|
|-weather|Sandstorm|[upkeep]
|
|switch|p2a: Talonflame|Talonflame, F|298\/298
|turn|14
|
|switch|p1a: Scizor|Scizor-Mega, M|178\/284
|-damage|p1a: Scizor|143\/284|[from] Stealth Rock
|move|p2a: Talonflame|Brave Bird|p1a: Scizor
|-crit|p1a: Scizor
|-damage|p1a: Scizor|0 fnt
|-damage|p2a: Talonflame|251\/298|[from] recoil|[of] p1a: Scizor
|faint|p1a: Scizor
|
|-weather|none
|
|switch|p1a: Azumarill|Azumarill, F|279\/342
|-damage|p1a: Azumarill|237\/342|[from] Stealth Rock
|turn|15
|
|switch|p2a: Tyranitar|Tyranitar, F|295\/342
|-weather|Sandstorm
|move|p1a: Azumarill|Waterfall|p2a: Tyranitar
|-supereffective|p2a: Tyranitar
|-damage|p2a: Tyranitar|0 fnt
|faint|p2a: Tyranitar
|
|-weather|Sandstorm|[upkeep]
|-damage|p1a: Azumarill|216\/342|[from] sandstorm
|
|switch|p2a: Lopunny|Lopunny, M|271\/271
|turn|16
|
|detailschange|p2a: Lopunny|Lopunny-Mega, M
|-mega|p2a: Lopunny|Lopunny|Lopunnite
|move|p2a: Lopunny|Fake Out|p1a: Azumarill
|-crit|p1a: Azumarill
|-damage|p1a: Azumarill|86\/342
|-enditem|p1a: Azumarill|Sitrus Berry|[eat]
|-heal|p1a: Azumarill|171\/342|[from] item: Sitrus Berry
|cant|p1a: Azumarill|flinch
|
|-weather|Sandstorm|[upkeep]
|-damage|p2a: Lopunny|255\/271|[from] sandstorm
|-damage|p1a: Azumarill|150\/342|[from] sandstorm
|turn|17
|
|move|p1a: Azumarill|Aqua Jet|p2a: Lopunny
|-damage|p2a: Lopunny|176\/271
|move|p2a: Lopunny|Return|p1a: Azumarill
|-damage|p1a: Azumarill|0 fnt
|faint|p1a: Azumarill
|
|-weather|Sandstorm|[upkeep]
|-damage|p2a: Lopunny|160\/271|[from] sandstorm
|
|switch|p1a: Garchomp|Garchomp, F|97\/358
|-damage|p1a: Garchomp|75\/358|[from] Stealth Rock
|turn|18
|
|move|p1a: Garchomp|Dragon Claw|p2a: Lopunny
|-crit|p2a: Lopunny
|-damage|p2a: Lopunny|0 fnt
|faint|p2a: Lopunny
|
|-weather|Sandstorm|[upkeep]
|
|switch|p2a: Celebi|Celebi|391\/403
|turn|19
|
|move|p1a: Garchomp|Dragon Claw|p2a: Celebi
|-damage|p2a: Celebi|231\/403
|move|p2a: Celebi|Giga Drain|p1a: Garchomp
|-damage|p1a: Garchomp|0 fnt
|-heal|p2a: Celebi|269\/403|[from] drain|[of] p1a: Garchomp
|faint|p1a: Garchomp
|
|win|terry41
|raw|Ladder updating...
|raw|ComedyShorts here's rating: 1405 &rarr; <strong>1381<\/strong><br \/>(-24 for losing)
|raw|terry41's rating: 1345 &rarr; <strong>1368<\/strong><br \/>(+23 for winning)
|c|âComedyShorts here|gg
|c|âterry41|gg