|join|dodmen
|join|plini
|player|p1|dodmen|171
|player|p2|plini|114
|gametype|singles
|gen|6
|tier|UU
|rated
|rule|Sleep Clause Mod: Limit one foe put to sleep
|rule|Species Clause: Limit one of each PokÃ©mon
|rule|OHKO Clause: OHKO moves are banned
|rule|Moody Clause: Moody is banned
|rule|Evasion Moves Clause: Evasion moves are banned
|rule|Endless Battle Clause: Forcing endless battles is banned
|rule|HP Percentage Mod: HP is shown in percentages
|clearpoke
|poke|p1|Nidoking, M
|poke|p1|Suicune
|poke|p1|Mienshao, F
|poke|p1|Aggron, M
|poke|p1|Chandelure, F
|poke|p1|Whimsicott, F
|poke|p2|Frogadier, F
|poke|p2|Crobat, F
|poke|p2|Entei, shiny
|poke|p2|Hydreigon, M
|poke|p2|Aggron, F
|poke|p2|Vaporeon, F
|rule|Swagger Clause: Swagger is banned
|rule|Baton Pass Clause: Limit one PokÃ©mon knowing Baton Pass
|teampreview
|
|start
|switch|p1a: Mienshao|Mienshao, F|271\/271
|switch|p2a: Frogadier|Frogadier, F|250\/250
|turn|1
|
|switch|p2a: Crobat|Crobat, F|373\/373
|move|p1a: Mienshao|U-turn|p2a: Crobat
|-resisted|p2a: Crobat
|-damage|p2a: Crobat|349\/373
|
|switch|p1a: Aggron|Aggron, M|344\/344
|
|-heal|p2a: Crobat|372\/373|[from] item: Black Sludge
|turn|2
|
|detailschange|p1a: Aggron|Aggron-Mega, M
|message|Aggron has Mega Evolved into Mega Aggron!
|move|p2a: Crobat|U-turn|p1a: Aggron
|-resisted|p1a: Aggron
|-damage|p1a: Aggron|332\/344
|
|switch|p2a: Entei|Entei, shiny|371\/371
|-ability|p2a: Entei|Pressure
|move|p1a: Aggron|Stealth Rock|p2a: Entei
|-sidestart|p2: plini|move: Stealth Rock
|
|turn|3
|
|switch|p1a: Suicune|Suicune|363\/363
|-ability|p1a: Suicune|Pressure
|move|p2a: Entei|Stone Edge|p1a: Suicune
|-damage|p1a: Suicune|202\/363
|
|-heal|p1a: Suicune|224\/363|[from] item: Leftovers
|turn|4
|
|switch|p1a: Nidoking|Nidoking, M|303\/303
|move|p2a: Entei|Stone Edge|p1a: Nidoking
|-resisted|p1a: Nidoking
|-damage|p1a: Nidoking|184\/303
|
|turn|5
|
|switch|p2a: Vaporeon|Vaporeon, F|464\/464
|-damage|p2a: Vaporeon|406\/464|[from] Stealth Rock
|move|p1a: Nidoking|Earth Power|p2a: Vaporeon
|-crit|p2a: Vaporeon
|-damage|p2a: Vaporeon|114\/464
|
|-heal|p2a: Vaporeon|143\/464|[from] item: Leftovers
|turn|6
|c|âplini|zzzz
|
|move|p1a: Nidoking|Toxic Spikes|p2a: Vaporeon
|-sidestart|p2: plini|move: Toxic Spikes
|move|p2a: Vaporeon|Wish|p2a: Vaporeon
|
|-heal|p2a: Vaporeon|172\/464|[from] item: Leftovers
|turn|7
|
|switch|p1a: Whimsicott|Whimsicott, F|261\/261
|move|p2a: Vaporeon|Protect|p2a: Vaporeon
|-fail|p2a: Vaporeon
|
|-heal|p2a: Vaporeon|404\/464|[from] move: Wish|[wisher] Vaporeon
|-heal|p2a: Vaporeon|433\/464|[from] item: Leftovers
|turn|8
|
|switch|p2a: Crobat|Crobat, F|372\/373
|-damage|p2a: Crobat|279\/373|[from] Stealth Rock
|move|p1a: Whimsicott|U-turn|p2a: Crobat
|-resisted|p2a: Crobat
|-damage|p2a: Crobat|269\/373
|
|switch|p1a: Aggron|Aggron-Mega, M|332\/344
|
|-heal|p2a: Crobat|292\/373|[from] item: Black Sludge
|turn|9
|
|move|p2a: Crobat|Defog|p1a: Aggron
|-unboost|p1a: Aggron|evasion|1
|-sideend|p2: plini|Toxic Spikes|[from] move: Defog|[of] p2a: Crobat
|-sideend|p2: plini|Stealth Rock|[from] move: Defog|[of] p2a: Crobat
|move|p1a: Aggron|Heavy Slam|p2a: Crobat
|-damage|p2a: Crobat|18\/373
|
|-heal|p2a: Crobat|41\/373|[from] item: Black Sludge
|turn|10
|
|move|p2a: Crobat|Roost|p2a: Crobat
|-heal|p2a: Crobat|228\/373
|move|p1a: Aggron|Earthquake|p2a: Crobat
|-supereffective|p2a: Crobat
|-damage|p2a: Crobat|0 fnt
|faint|p2a: Crobat
|
|
|switch|p2a: Frogadier|Frogadier, F|250\/250
|turn|11
|
|switch|p1a: Whimsicott|Whimsicott, F|261\/261
|move|p2a: Frogadier|Hydro Pump|p1a: Whimsicott
|-resisted|p1a: Whimsicott
|-damage|p1a: Whimsicott|145\/261
|-damage|p2a: Frogadier|225\/250|[from] item: Life Orb
|
|-heal|p1a: Whimsicott|161\/261|[from] item: Leftovers
|turn|12
|
|move|p1a: Whimsicott|Giga Drain|p2a: Frogadier
|-supereffective|p2a: Frogadier
|-damage|p2a: Frogadier|0 fnt
|-heal|p1a: Whimsicott|261\/261|[from] drain|[of] p2a: Frogadier
|faint|p2a: Frogadier
|
|
|switch|p2a: Entei|Entei, shiny|371\/371
|-ability|p2a: Entei|Pressure
|turn|13
|
|move|p1a: Whimsicott|U-turn|p2a: Entei
|-resisted|p2a: Entei
|-damage|p2a: Entei|350\/371
|
|switch|p1a: Chandelure|Chandelure, F|261\/261
|move|p2a: Entei|Flare Blitz|p1a: Chandelure
|-start|p1a: Chandelure|ability: Flash Fire
|
|turn|14
|
|switch|p2a: Vaporeon|Vaporeon, F|433\/464
|move|p1a: Chandelure|Fire Blast|p2a: Vaporeon
|-resisted|p2a: Vaporeon
|-damage|p2a: Vaporeon|199\/464
|
|-heal|p2a: Vaporeon|228\/464|[from] item: Leftovers
|turn|15
|
|switch|p1a: Whimsicott|Whimsicott, F|261\/261
|move|p2a: Vaporeon|Protect|p2a: Vaporeon
|-fail|p2a: Vaporeon
|
|-heal|p2a: Vaporeon|257\/464|[from] item: Leftovers
|turn|16
|
|move|p1a: Whimsicott|Giga Drain|p2a: Vaporeon
|-supereffective|p2a: Vaporeon
|-damage|p2a: Vaporeon|41\/464
|move|p2a: Vaporeon|Wish|p2a: Vaporeon
|
|-heal|p2a: Vaporeon|70\/464|[from] item: Leftovers
|turn|17
|
|move|p2a: Vaporeon|Protect|p2a: Vaporeon
|-singleturn|p2a: Vaporeon|Protect
|move|p1a: Whimsicott|Giga Drain|p2a: Vaporeon
|-activate|p2a: Vaporeon|Protect
|
|-heal|p2a: Vaporeon|302\/464|[from] move: Wish|[wisher] Vaporeon
|-heal|p2a: Vaporeon|331\/464|[from] item: Leftovers
|turn|18
|
|move|p1a: Whimsicott|Encore|p2a: Vaporeon
|-start|p2a: Vaporeon|Encore
|move|p2a: Vaporeon|Protect|p2a: Vaporeon
|-fail|p2a: Vaporeon
|
|-heal|p2a: Vaporeon|360\/464|[from] item: Leftovers
|turn|19
|
|switch|p2a: Entei|Entei, shiny|350\/371
|-ability|p2a: Entei|Pressure
|move|p1a: Whimsicott|U-turn|p2a: Entei
|-resisted|p2a: Entei
|-damage|p2a: Entei|330\/371
|
|switch|p1a: Mienshao|Mienshao, F|271\/271
|
|turn|20
|
|move|p2a: Entei|Extreme Speed|p1a: Mienshao
|-crit|p1a: Mienshao
|-damage|p1a: Mienshao|0 fnt
|faint|p1a: Mienshao
|
|
|switch|p1a: Chandelure|Chandelure, F|261\/261
|turn|21
|
|switch|p2a: Vaporeon|Vaporeon, F|360\/464
|move|p1a: Chandelure|Shadow Ball|p2a: Vaporeon
|-damage|p2a: Vaporeon|117\/464
|
|-heal|p2a: Vaporeon|146\/464|[from] item: Leftovers
|turn|22
|
|switch|p2a: Hydreigon|Hydreigon, M|326\/326
|move|p1a: Chandelure|Shadow Ball|p2a: Hydreigon
|-resisted|p2a: Hydreigon
|-damage|p2a: Hydreigon|202\/326
|
|turn|23
|
|switch|p1a: Whimsicott|Whimsicott, F|261\/261
|move|p2a: Hydreigon|Dark Pulse|p1a: Whimsicott
|-resisted|p1a: Whimsicott
|-damage|p1a: Whimsicott|172\/261
|
|-heal|p1a: Whimsicott|188\/261|[from] item: Leftovers
|turn|24
|
|switch|p2a: Aggron|Aggron, F|344\/344
|move|p1a: Whimsicott|U-turn|p2a: Aggron
|-resisted|p2a: Aggron
|-damage|p2a: Aggron|334\/344
|
|switch|p1a: Nidoking|Nidoking, M|184\/303
|
|turn|25
|
|detailschange|p2a: Aggron|Aggron-Mega, F
|message|Aggron has Mega Evolved into Mega Aggron!
|move|p1a: Nidoking|Earth Power|p2a: Aggron
|-crit|p2a: Aggron
|-supereffective|p2a: Aggron
|-damage|p2a: Aggron|0 fnt
|faint|p2a: Aggron
|
|
|switch|p2a: Entei|Entei, shiny|330\/371
|-ability|p2a: Entei|Pressure
|turn|26
|
|switch|p1a: Aggron|Aggron-Mega, M|332\/344
|move|p2a: Entei|Flare Blitz|p1a: Aggron
|-supereffective|p1a: Aggron
|-damage|p1a: Aggron|112\/344
|-damage|p2a: Entei|257\/371|[from] recoil|[of] p1a: Aggron
|
|turn|27
|
|switch|p2a: Vaporeon|Vaporeon, F|146\/464
|move|p1a: Aggron|Heavy Slam|p2a: Vaporeon
|-resisted|p2a: Vaporeon
|-damage|p2a: Vaporeon|48\/464
|
|-heal|p2a: Vaporeon|77\/464|[from] item: Leftovers
|turn|28
|
|move|p2a: Vaporeon|Protect|p2a: Vaporeon
|-singleturn|p2a: Vaporeon|Protect
|move|p1a: Aggron|Stealth Rock|p2a: Vaporeon
|-sidestart|p2: plini|move: Stealth Rock
|
|-heal|p2a: Vaporeon|106\/464|[from] item: Leftovers
|turn|29
|
|move|p2a: Vaporeon|Wish|p2a: Vaporeon
|move|p1a: Aggron|Earthquake|p2a: Vaporeon
|-damage|p2a: Vaporeon|0 fnt
|faint|p2a: Vaporeon
|
|
|switch|p2a: Entei|Entei, shiny|257\/371
|-damage|p2a: Entei|165\/371|[from] Stealth Rock
|-ability|p2a: Entei|Pressure
|turn|30
|
|move|p2a: Entei|Stone Edge|p1a: Aggron
|-resisted|p1a: Aggron
|-damage|p1a: Aggron|70\/344
|move|p1a: Aggron|Earthquake|p2a: Entei
|-supereffective|p2a: Entei
|-damage|p2a: Entei|0 fnt
|faint|p2a: Entei
|
|-message|plini forfeited.
|
|win|dodmen
|raw|Ladder updating...
|leave|plini
|player|p2
|raw|dodmen's rating: 1606 &rarr; <strong>1617<\/strong><br \/>(+11 for winning)
|raw|plini's rating: 1433 &rarr; <strong>1422<\/strong><br \/>(-11 for losing)