|join|LT5A Brodean
|join|hj regicide
|player|p1|LT5A Brodean|2
|player|p2|hj regicide|46
|gametype|singles
|gen|6
|tier|OU
|rated
|clearpoke
|poke|p1|Celebi
|poke|p1|Terrakion
|poke|p1|Heatran, F
|poke|p1|Gyarados, M
|poke|p1|Manectric, F
|poke|p1|Latios, M
|poke|p2|Azumarill, F
|poke|p2|Talonflame, M
|poke|p2|Landorus-Therian, M
|poke|p2|Ferrothorn, F
|poke|p2|Heracross, F
|poke|p2|Latias, F
|rule|Swagger Clause: Swagger is banned
|rule|Baton Pass Clause: Limit one PokÃ©mon knowing Baton Pass
|rule|Sleep Clause Mod: Limit one foe put to sleep
|rule|Species Clause: Limit one of each PokÃ©mon
|rule|OHKO Clause: OHKO moves are banned
|rule|Moody Clause: Moody is banned
|rule|Evasion Moves Clause: Evasion moves are banned
|rule|Endless Battle Clause: Forcing endless battles is banned
|rule|HP Percentage Mod: HP is shown in percentages
|teampreview
|
|start
|switch|p1a: Latios|Latios, M|302\/302
|switch|p2a: Landorus-Therian|Landorus-Therian, M|369\/369
|-ability|p2a: Landorus-Therian|Intimidate|[of] p1a: Latios
|-unboost|p1a: Latios|atk|1
|turn|1
|
|move|p1a: Latios|Draco Meteor|p2a: Landorus-Therian
|-damage|p2a: Landorus-Therian|89\/369
|-unboost|p1a: Latios|spa|2
|move|p2a: Landorus-Therian|Stealth Rock|p1a: Latios
|-sidestart|p1: LT5A Brodean|move: Stealth Rock
|
|-heal|p2a: Landorus-Therian|112\/369|[from] item: Leftovers
|turn|2
|
|switch|p1a: Manectric|Manectric, F|281\/281
|-damage|p1a: Manectric|246\/281|[from] Stealth Rock
|move|p2a: Landorus-Therian|U-turn|p1a: Manectric
|-damage|p1a: Manectric|126\/281
|
|switch|p2a: Talonflame|Talonflame, M|324\/324
|
|turn|3
|
|detailschange|p1a: Manectric|Manectric-Mega, F
|message|Manectric has Mega Evolved into Mega Manectric!
|-ability|p1a: Manectric|Intimidate|[of] p2a: Talonflame
|-unboost|p2a: Talonflame|atk|1
|move|p2a: Talonflame|Flare Blitz|p1a: Manectric
|-damage|p1a: Manectric|0 fnt
|-damage|p2a: Talonflame|282\/324|[from] recoil|[of] p1a: Manectric
|faint|p1a: Manectric
|
|
|switch|p1a: Heatran|Heatran, F|323\/323
|-damage|p1a: Heatran|283\/323|[from] Stealth Rock
|-item|p1a: Heatran|Air Balloon
|turn|4
|
|move|p2a: Talonflame|Swords Dance|p2a: Talonflame
|-boost|p2a: Talonflame|atk|2
|move|p1a: Heatran|Stealth Rock|p2a: Talonflame
|-sidestart|p2: hj regicide|move: Stealth Rock
|
|turn|5
|
|move|p2a: Talonflame|Brave Bird|p1a: Heatran
|-resisted|p1a: Heatran
|-damage|p1a: Heatran|145\/323
|-enditem|p1a: Heatran|Air Balloon
|-damage|p2a: Talonflame|236\/324|[from] recoil|[of] p1a: Heatran
|move|p1a: Heatran|Fire Blast|p2a: Talonflame
|-resisted|p2a: Talonflame
|-damage|p2a: Talonflame|103\/324
|
|turn|6
|
|switch|p2a: Latias|Latias, F|319\/319
|-damage|p2a: Latias|280\/319|[from] Stealth Rock
|move|p1a: Heatran|Earth Power|p2a: Latias
|-immune|p2a: Latias|[msg]
|
|turn|7
|
|switch|p1a: Latios|Latios, M|302\/302
|-damage|p1a: Latios|265\/302|[from] Stealth Rock
|move|p2a: Latias|Draco Meteor|p1a: Latios
|-supereffective|p1a: Latios
|-damage|p1a: Latios|0 fnt
|-unboost|p2a: Latias|spa|2
|-damage|p2a: Latias|249\/319|[from] item: Life Orb
|faint|p1a: Latios
|
|
|switch|p1a: Celebi|Celebi|404\/404
|-damage|p1a: Celebi|354\/404|[from] Stealth Rock
|turn|8
|
|move|p2a: Latias|Defog|p1a: Celebi
|-unboost|p1a: Celebi|evasion|1
|-sideend|p1: LT5A Brodean|Stealth Rock|[from] move: Defog|[of] p1a: Celebi
|-sideend|p2: hj regicide|Stealth Rock|[from] move: Defog|[of] p2a: Latias
|move|p1a: Celebi|Baton Pass|p1a: Celebi
|
|switch|p1a: Gyarados|Gyarados, M|346\/346
|-ability|p1a: Gyarados|Intimidate|[of] p2a: Latias
|-unboost|p2a: Latias|atk|1
|
|turn|9
|
|switch|p2a: Heracross|Heracross, F|301\/301
|switch|p1a: Heatran|Heatran, F|145\/323
|
|turn|10
|
|detailschange|p2a: Heracross|Heracross-Mega, F
|message|Heracross has Mega Evolved into Mega Heracross!
|move|p2a: Heracross|Close Combat|p1a: Heatran
|-supereffective|p1a: Heatran
|-damage|p1a: Heatran|0 fnt
|-unboost|p2a: Heracross|def|1
|-unboost|p2a: Heracross|spd|1
|faint|p1a: Heatran
|
|
|switch|p1a: Gyarados|Gyarados, M|346\/346
|-ability|p1a: Gyarados|Intimidate|[of] p2a: Heracross
|-unboost|p2a: Heracross|atk|1
|turn|11
|
|move|p2a: Heracross|Rock Blast|p1a: Gyarados
|-supereffective|p1a: Gyarados
|-damage|p1a: Gyarados|276\/346
|-supereffective|p1a: Gyarados
|-damage|p1a: Gyarados|212\/346
|-supereffective|p1a: Gyarados
|-damage|p1a: Gyarados|150\/346
|-supereffective|p1a: Gyarados
|-damage|p1a: Gyarados|84\/346
|-supereffective|p1a: Gyarados
|-damage|p1a: Gyarados|26\/346
|-hitcount|p1a: Gyarados|5
|move|p1a: Gyarados|Dragon Dance|p1a: Gyarados
|-boost|p1a: Gyarados|atk|1
|-boost|p1a: Gyarados|spe|1
|
|-heal|p1a: Gyarados|47\/346|[from] item: Leftovers
|turn|12
|-message|LT5A Brodean forfeited.
|
|win|hj regicide
|raw|Ladder updating...
|leave|LT5A Brodean
|player|p1
|raw|LT5A Brodean's rating: 1761 &rarr; <strong>1741<\/strong><br \/>(-20 for losing)
|raw|hj regicide's rating: 1758 &rarr; <strong>1778<\/strong><br \/>(+20 for winning)