|join|hj regicide
|join|LT7Y Synxx
|player|p1|hj regicide|46
|player|p2|LT7Y Synxx|252
|gametype|singles
|gen|6
|tier|OU
|rated
|clearpoke
|poke|p1|Gliscor, M
|poke|p1|Gardevoir, M
|poke|p1|Heatran, F
|poke|p1|Ferrothorn, F
|poke|p1|Latias, F
|poke|p1|Gyarados, M
|poke|p2|Heatran, F
|poke|p2|Chansey, F
|poke|p2|Chesnaught, F
|poke|p2|Slowbro, M
|poke|p2|Medicham, F
|poke|p2|Zapdos
|rule|Swagger Clause: Swagger is banned
|rule|Baton Pass Clause: Limit one PokÃ©mon knowing Baton Pass
|rule|Sleep Clause Mod: Limit one foe put to sleep
|rule|Species Clause: Limit one of each PokÃ©mon
|rule|OHKO Clause: OHKO moves are banned
|rule|Moody Clause: Moody is banned
|rule|Evasion Moves Clause: Evasion moves are banned
|rule|Endless Battle Clause: Forcing endless battles is banned
|rule|HP Percentage Mod: HP is shown in percentages
|teampreview
|
|start
|switch|p1a: Gardevoir|Gardevoir, M|277\/277
|switch|p2a: Heatran|Heatran, F|386\/386
|-ability|p1a: Gardevoir|Flash Fire|[from] ability: Trace|[of] p2a: Heatran
|turn|1
|
|detailschange|p1a: Gardevoir|Gardevoir-Mega, M
|message|Gardevoir has Mega Evolved into Mega Gardevoir!
|move|p1a: Gardevoir|Taunt|p2a: Heatran
|-start|p2a: Heatran|move: Taunt
|cant|p2a: Heatran|move: Taunt|Stealth Rock
|
|turn|2
|join|LADDERING GOD
|
|switch|p2a: Medicham|Medicham, F|261\/261
|move|p1a: Gardevoir|Focus Blast|p2a: Medicham
|-resisted|p2a: Medicham
|-damage|p2a: Medicham|150\/261
|
|turn|3
|
|switch|p2a: Chansey|Chansey, F|704\/704
|move|p1a: Gardevoir|Hyper Voice|p2a: Chansey
|-damage|p2a: Chansey|536\/704
|
|turn|4
|
|switch|p1a: Gliscor|Gliscor, M|352\/352
|move|p2a: Chansey|Thunder Wave|p1a: Gliscor
|-immune|p1a: Gliscor|[msg]
|
|-status|p1a: Gliscor|tox|[from] item: Toxic Orb
|turn|5
|
|switch|p2a: Medicham|Medicham, F|150\/261
|move|p1a: Gliscor|Earthquake|p2a: Medicham
|-damage|p2a: Medicham|0 fnt
|faint|p2a: Medicham
|
|
|switch|p2a: Slowbro|Slowbro, M|394\/394
|turn|6
|
|move|p1a: Gliscor|Toxic|p2a: Slowbro
|-status|p2a: Slowbro|tox
|move|p2a: Slowbro|Scald|p1a: Gliscor
|-supereffective|p1a: Gliscor
|-damage|p1a: Gliscor|166\/352 tox
|
|-heal|p1a: Gliscor|210\/352 tox|[from] ability: Poison Heal
|-damage|p2a: Slowbro|370\/394 tox|[from] psn
|turn|7
|
|move|p1a: Gliscor|Roost|p1a: Gliscor
|-heal|p1a: Gliscor|352\/352 tox
|move|p2a: Slowbro|Scald|p1a: Gliscor
|-supereffective|p1a: Gliscor
|-damage|p1a: Gliscor|188\/352 tox
|
|-heal|p2a: Slowbro|394\/394 tox|[from] item: Leftovers
|-heal|p1a: Gliscor|232\/352 tox|[from] ability: Poison Heal
|-damage|p2a: Slowbro|346\/394 tox|[from] psn
|turn|8
|
|switch|p2a: Chansey|Chansey, F|536\/704
|move|p1a: Gliscor|Roost|p1a: Gliscor
|-heal|p1a: Gliscor|352\/352 tox
|
|turn|9
|
|move|p1a: Gliscor|Knock Off|p2a: Chansey
|-crit|p2a: Chansey
|-damage|p2a: Chansey|379\/704
|-enditem|p2a: Chansey|Eviolite|[from] move: Knock Off|[of] p1a: Gliscor
|move|p2a: Chansey|Aromatherapy|p2a: Chansey
|-cureteam|p2a: Chansey|[from] move: Aromatherapy
|
|turn|10
|c|âLT7Y Synxx|gg
|
|move|p1a: Gliscor|Toxic|p2a: Chansey
|-status|p2a: Chansey|tox
|move|p2a: Chansey|Soft-Boiled|p2a: Chansey
|-heal|p2a: Chansey|704\/704 tox
|
|-damage|p2a: Chansey|660\/704 tox|[from] psn
|turn|11
|c|âLT7Y Synxx|i cant beat this glis
|
|switch|p2a: Slowbro|Slowbro, M|394\/394
|move|p1a: Gliscor|Earthquake|p2a: Slowbro
|-damage|p2a: Slowbro|324\/394
|
|-heal|p2a: Slowbro|348\/394|[from] item: Leftovers
|turn|12
|
|move|p1a: Gliscor|Knock Off|p2a: Slowbro
|-supereffective|p2a: Slowbro
|-damage|p2a: Slowbro|252\/394
|-enditem|p2a: Slowbro|Leftovers|[from] move: Knock Off|[of] p1a: Gliscor
|move|p2a: Slowbro|Scald|p1a: Gliscor
|-supereffective|p1a: Gliscor
|-damage|p1a: Gliscor|160\/352 tox
|
|-heal|p1a: Gliscor|204\/352 tox|[from] ability: Poison Heal
|turn|13
|
|switch|p1a: Latias|Latias, F|319\/319
|move|p2a: Slowbro|Scald|p1a: Latias
|-resisted|p1a: Latias
|-damage|p1a: Latias|280\/319
|
|turn|14
|
|switch|p2a: Heatran|Heatran, F|386\/386
|move|p1a: Latias|Draco Meteor|p2a: Heatran
|-resisted|p2a: Heatran
|-damage|p2a: Heatran|292\/386
|-unboost|p1a: Latias|spa|2
|-damage|p1a: Latias|249\/319|[from] item: Life Orb
|
|-heal|p2a: Heatran|316\/386|[from] item: Leftovers
|turn|15
|
|switch|p1a: Gliscor|Gliscor, M|204\/352 tox
|move|p2a: Heatran|Stealth Rock|p1a: Gliscor
|-sidestart|p1: hj regicide|move: Stealth Rock
|
|-heal|p2a: Heatran|340\/386|[from] item: Leftovers
|-heal|p1a: Gliscor|248\/352 tox|[from] ability: Poison Heal
|turn|16
|
|switch|p2a: Chansey|Chansey, F|660\/704
|move|p1a: Gliscor|Toxic|p2a: Chansey|[miss]
|-miss|p1a: Gliscor|p2a: Chansey
|
|-heal|p1a: Gliscor|292\/352 tox|[from] ability: Poison Heal
|turn|17
|
|move|p1a: Gliscor|Toxic|p2a: Chansey
|-status|p2a: Chansey|tox
|move|p2a: Chansey|Seismic Toss|p1a: Gliscor
|-damage|p1a: Gliscor|192\/352 tox
|
|-heal|p1a: Gliscor|236\/352 tox|[from] ability: Poison Heal
|-damage|p2a: Chansey|616\/704 tox|[from] psn
|turn|18
|
|switch|p2a: Slowbro|Slowbro, M|383\/394
|move|p1a: Gliscor|Earthquake|p2a: Slowbro
|-damage|p2a: Slowbro|307\/394
|
|-heal|p1a: Gliscor|280\/352 tox|[from] ability: Poison Heal
|turn|19
|c|âLT7Y Synxx|lol 
|
|switch|p2a: Chansey|Chansey, F|616\/704
|move|p1a: Gliscor|Toxic|p2a: Chansey
|-status|p2a: Chansey|tox
|
|-heal|p1a: Gliscor|324\/352 tox|[from] ability: Poison Heal
|-damage|p2a: Chansey|572\/704 tox|[from] psn
|turn|20
|
|move|p1a: Gliscor|Earthquake|p2a: Chansey
|-damage|p2a: Chansey|344\/704 tox
|move|p2a: Chansey|Soft-Boiled|p2a: Chansey
|-heal|p2a: Chansey|696\/704 tox
|
|-heal|p1a: Gliscor|352\/352 tox|[from] ability: Poison Heal
|-damage|p2a: Chansey|608\/704 tox|[from] psn
|turn|21
|
|switch|p2a: Slowbro|Slowbro, M|394\/394
|move|p1a: Gliscor|Earthquake|p2a: Slowbro
|-damage|p2a: Slowbro|316\/394
|
|turn|22
|
|switch|p1a: Ferrothorn|Ferrothorn, F|352\/352
|-damage|p1a: Ferrothorn|330\/352|[from] Stealth Rock
|move|p2a: Slowbro|Scald|p1a: Ferrothorn
|-resisted|p1a: Ferrothorn
|-damage|p1a: Ferrothorn|293\/352
|
|-heal|p1a: Ferrothorn|315\/352|[from] item: Leftovers
|turn|23
|
|switch|p2a: Zapdos|Zapdos|383\/383
|-ability|p2a: Zapdos|Pressure
|move|p1a: Ferrothorn|Stealth Rock|p2a: Zapdos
|-sidestart|p2: LT7Y Synxx|move: Stealth Rock
|
|-heal|p1a: Ferrothorn|337\/352|[from] item: Leftovers
|turn|24
|
|switch|p1a: Latias|Latias, F|249\/319
|-damage|p1a: Latias|210\/319|[from] Stealth Rock
|move|p2a: Zapdos|Thunderbolt|p1a: Latias
|-resisted|p1a: Latias
|-damage|p1a: Latias|154\/319
|
|turn|25
|
|switch|p2a: Chansey|Chansey, F|608\/704
|-damage|p2a: Chansey|520\/704|[from] Stealth Rock
|move|p1a: Latias|Psyshock|p2a: Chansey
|-crit|p2a: Chansey
|-damage|p2a: Chansey|78\/704
|-damage|p1a: Latias|123\/319|[from] item: Life Orb
|
|turn|26
|
|switch|p2a: Heatran|Heatran, F|340\/386
|-damage|p2a: Heatran|292\/386|[from] Stealth Rock
|move|p1a: Latias|Psyshock|p2a: Heatran
|-resisted|p2a: Heatran
|-damage|p2a: Heatran|213\/386
|-damage|p1a: Latias|92\/319|[from] item: Life Orb
|
|-heal|p2a: Heatran|237\/386|[from] item: Leftovers
|turn|27
|
|switch|p2a: Zapdos|Zapdos|383\/383
|-damage|p2a: Zapdos|288\/383|[from] Stealth Rock
|-ability|p2a: Zapdos|Pressure
|move|p1a: Latias|Roost|p1a: Latias
|-heal|p1a: Latias|252\/319
|
|-heal|p2a: Zapdos|311\/383|[from] item: Leftovers
|turn|28
|
|move|p1a: Latias|Psyshock|p2a: Zapdos
|-damage|p2a: Zapdos|169\/383
|-damage|p1a: Latias|221\/319|[from] item: Life Orb
|move|p2a: Zapdos|Defog|p1a: Latias
|-unboost|p1a: Latias|evasion|1
|-sideend|p1: hj regicide|Stealth Rock|[from] move: Defog|[of] p1a: Latias
|-sideend|p2: LT7Y Synxx|Stealth Rock|[from] move: Defog|[of] p2a: Zapdos
|
|-heal|p2a: Zapdos|192\/383|[from] item: Leftovers
|turn|29
|
|switch|p2a: Heatran|Heatran, F|237\/386
|move|p1a: Latias|Psyshock|p2a: Heatran
|-resisted|p2a: Heatran
|-damage|p2a: Heatran|163\/386
|-damage|p1a: Latias|190\/319|[from] item: Life Orb
|
|-heal|p2a: Heatran|187\/386|[from] item: Leftovers
|turn|30
|
|switch|p1a: Gliscor|Gliscor, M|352\/352 tox
|move|p2a: Heatran|Toxic|p1a: Gliscor
|-fail|p1a: Gliscor|tox
|
|-heal|p2a: Heatran|211\/386|[from] item: Leftovers
|turn|31
|
|switch|p1a: Gardevoir|Gardevoir-Mega, M|277\/277
|switch|p2a: Slowbro|Slowbro, M|394\/394
|
|turn|32
|
|move|p1a: Gardevoir|Hyper Voice|p2a: Slowbro
|-damage|p2a: Slowbro|91\/394
|move|p2a: Slowbro|Thunder Wave|p1a: Gardevoir
|-status|p1a: Gardevoir|par
|
|turn|33
|
|switch|p2a: Heatran|Heatran, F|211\/386
|move|p1a: Gardevoir|Focus Blast|p2a: Heatran
|-supereffective|p2a: Heatran
|-damage|p2a: Heatran|0 fnt
|faint|p2a: Heatran
|
|
|switch|p2a: Chansey|Chansey, F|78\/704
|turn|34
|
|move|p2a: Chansey|Soft-Boiled|p2a: Chansey
|-heal|p2a: Chansey|430\/704
|move|p1a: Gardevoir|Psyshock|p2a: Chansey
|-damage|p2a: Chansey|49\/704
|
|turn|35
|
|move|p2a: Chansey|Soft-Boiled|p2a: Chansey
|-heal|p2a: Chansey|401\/704
|move|p1a: Gardevoir|Psyshock|p2a: Chansey
|-damage|p2a: Chansey|16\/704
|
|turn|36
|
|move|p2a: Chansey|Soft-Boiled|p2a: Chansey
|-heal|p2a: Chansey|368\/704
|move|p1a: Gardevoir|Psyshock|p2a: Chansey
|-damage|p2a: Chansey|28\/704
|
|turn|37
|
|move|p2a: Chansey|Soft-Boiled|p2a: Chansey
|-heal|p2a: Chansey|380\/704
|move|p1a: Gardevoir|Psyshock|p2a: Chansey
|-crit|p2a: Chansey
|-damage|p2a: Chansey|0 fnt
|faint|p2a: Chansey
|
|
|switch|p2a: Chesnaught|Chesnaught, F|380\/380
|turn|38
|
|move|p2a: Chesnaught|Wood Hammer|p1a: Gardevoir
|-damage|p1a: Gardevoir|78\/277 par
|-damage|p2a: Chesnaught|314\/380|[from] recoil|[of] p1a: Gardevoir
|move|p1a: Gardevoir|Hyper Voice|p2a: Chesnaught
|-supereffective|p2a: Chesnaught
|-damage|p2a: Chesnaught|0 fnt
|faint|p2a: Chesnaught
|
|
|switch|p2a: Slowbro|Slowbro, M|222\/394
|turn|39
|
|move|p2a: Slowbro|Scald|p1a: Gardevoir
|-damage|p1a: Gardevoir|0 fnt
|faint|p1a: Gardevoir
|
|
|switch|p1a: Latias|Latias, F|190\/319
|turn|40
|
|switch|p2a: Zapdos|Zapdos|192\/383
|-ability|p2a: Zapdos|Pressure
|move|p1a: Latias|Draco Meteor|p2a: Zapdos
|-damage|p2a: Zapdos|0 fnt
|-unboost|p1a: Latias|spa|2
|-damage|p1a: Latias|159\/319|[from] item: Life Orb
|faint|p2a: Zapdos
|
|
|switch|p2a: Slowbro|Slowbro, M|353\/394
|turn|41
|
|switch|p1a: Gliscor|Gliscor, M|352\/352 tox
|move|p2a: Slowbro|Thunder Wave|p1a: Gliscor
|-immune|p1a: Gliscor|[msg]
|
|turn|42
|c|âLT7Y Synxx|gg
|
|move|p1a: Gliscor|Toxic|p2a: Slowbro
|-status|p2a: Slowbro|tox
|move|p2a: Slowbro|Scald|p1a: Gliscor
|-supereffective|p1a: Gliscor
|-damage|p1a: Gliscor|188\/352 tox
|
|-heal|p1a: Gliscor|232\/352 tox|[from] ability: Poison Heal
|-damage|p2a: Slowbro|329\/394 tox|[from] psn
|turn|43
|
|switch|p1a: Latias|Latias, F|159\/319
|move|p2a: Slowbro|Scald|p1a: Latias
|-resisted|p1a: Latias
|-damage|p1a: Latias|125\/319
|
|-damage|p2a: Slowbro|281\/394 tox|[from] psn
|turn|44
|
|move|p1a: Latias|Roost|p1a: Latias
|-heal|p1a: Latias|285\/319
|move|p2a: Slowbro|Thunder Wave|p1a: Latias
|-status|p1a: Latias|par
|
|-damage|p2a: Slowbro|209\/394 tox|[from] psn
|turn|45
|c|âLT7Y Synxx|u aint gonna say gg?
|
|move|p2a: Slowbro|Slack Off|p2a: Slowbro
|-heal|p2a: Slowbro|394\/394 tox
|move|p1a: Latias|Draco Meteor|p2a: Slowbro
|-damage|p2a: Slowbro|96\/394 tox
|-unboost|p1a: Latias|spa|2
|-damage|p1a: Latias|254\/319 par|[from] item: Life Orb
|
|-damage|p2a: Slowbro|0 fnt|[from] psn
|faint|p2a: Slowbro
|
|win|hj regicide
|raw|Ladder updating...
|raw|hj regicide's rating: 1722 &rarr; <strong>1739<\/strong><br \/>(+17 for winning)
|raw|LT7Y Synxx's rating: 1670 &rarr; <strong>1653<\/strong><br \/>(-17 for losing)