|join|Lef Deppard
|join|hj regicide
|player|p1|Lef Deppard|240
|player|p2|hj regicide|46
|gametype|singles
|gen|6
|tier|OU
|rated
|clearpoke
|poke|p1|Donphan, M
|poke|p1|Zapdos
|poke|p1|Pinsir, M
|poke|p1|Keldeo-Resolute
|poke|p1|Metagross
|poke|p1|Celebi
|poke|p2|Azumarill, F
|poke|p2|Talonflame, M
|poke|p2|Landorus-Therian, M
|poke|p2|Ferrothorn, F
|poke|p2|Heracross, F
|poke|p2|Latias, F
|rule|Swagger Clause: Swagger is banned
|rule|Baton Pass Clause: Limit one PokÃ©mon knowing Baton Pass
|rule|Sleep Clause Mod: Limit one foe put to sleep
|rule|Species Clause: Limit one of each PokÃ©mon
|rule|OHKO Clause: OHKO moves are banned
|rule|Moody Clause: Moody is banned
|rule|Evasion Moves Clause: Evasion moves are banned
|rule|Endless Battle Clause: Forcing endless battles is banned
|rule|HP Percentage Mod: HP is shown in percentages
|teampreview
|
|start
|switch|p1a: Keldeo-Resolute|Keldeo-Resolute|322\/322
|switch|p2a: Azumarill|Azumarill, F|401\/401
|turn|1
|
|switch|p1a: Celebi|Celebi|404\/404
|move|p2a: Azumarill|Knock Off|p1a: Celebi
|-supereffective|p1a: Celebi
|-damage|p1a: Celebi|100\/404
|-enditem|p1a: Celebi|Leftovers|[from] move: Knock Off|[of] p2a: Azumarill
|
|turn|2
|
|move|p1a: Celebi|Recover|p1a: Celebi
|-heal|p1a: Celebi|302\/404
|move|p2a: Azumarill|Knock Off|p1a: Celebi
|-supereffective|p1a: Celebi
|-damage|p1a: Celebi|118\/404
|
|turn|3
|
|switch|p2a: Talonflame|Talonflame, M|324\/324
|move|p1a: Celebi|Recover|p1a: Celebi
|-heal|p1a: Celebi|320\/404
|
|turn|4
|
|switch|p2a: Heracross|Heracross, F|301\/301
|switch|p1a: Zapdos|Zapdos|384\/384
|-ability|p1a: Zapdos|Pressure
|
|turn|5
|
|switch|p1a: Keldeo-Resolute|Keldeo-Resolute|322\/322
|detailschange|p2a: Heracross|Heracross-Mega, F
|message|Heracross has Mega Evolved into Mega Heracross!
|move|p2a: Heracross|Rock Blast|p1a: Keldeo-Resolute
|-resisted|p1a: Keldeo-Resolute
|-damage|p1a: Keldeo-Resolute|302\/322
|-resisted|p1a: Keldeo-Resolute
|-damage|p1a: Keldeo-Resolute|281\/322
|-resisted|p1a: Keldeo-Resolute
|-damage|p1a: Keldeo-Resolute|262\/322
|-resisted|p1a: Keldeo-Resolute
|-damage|p1a: Keldeo-Resolute|241\/322
|-resisted|p1a: Keldeo-Resolute
|-damage|p1a: Keldeo-Resolute|218\/322
|-hitcount|p1a: Keldeo-Resolute|5
|
|turn|6
|
|switch|p2a: Latias|Latias, F|319\/319
|move|p1a: Keldeo-Resolute|Scald|p2a: Latias
|-resisted|p2a: Latias
|-damage|p2a: Latias|227\/319
|
|turn|7
|
|switch|p1a: Metagross|Metagross|364\/364
|move|p2a: Latias|Hidden Power|p1a: Metagross
|-supereffective|p1a: Metagross
|-damage|p1a: Metagross|203\/364
|-damage|p2a: Latias|196\/319|[from] item: Life Orb
|
|-heal|p1a: Metagross|225\/364|[from] item: Leftovers
|turn|8
|
|switch|p2a: Ferrothorn|Ferrothorn, F|352\/352
|move|p1a: Metagross|Stealth Rock|p2a: Ferrothorn
|-sidestart|p2: hj regicide|move: Stealth Rock
|
|-heal|p1a: Metagross|247\/364|[from] item: Leftovers
|turn|9
|
|switch|p1a: Celebi|Celebi|320\/404
|move|p2a: Ferrothorn|Knock Off|p1a: Celebi
|-supereffective|p1a: Celebi
|-damage|p1a: Celebi|226\/404
|
|turn|10
|
|switch|p2a: Landorus-Therian|Landorus-Therian, M|369\/369
|-damage|p2a: Landorus-Therian|323\/369|[from] Stealth Rock
|-ability|p2a: Landorus-Therian|Intimidate|[of] p1a: Celebi
|-unboost|p1a: Celebi|atk|1
|move|p1a: Celebi|Thunder Wave|p2a: Landorus-Therian
|-immune|p2a: Landorus-Therian|[msg]
|
|-heal|p2a: Landorus-Therian|346\/369|[from] item: Leftovers
|turn|11
|
|switch|p1a: Pivin on a Lrayer|Donphan, M|384\/384
|move|p2a: Landorus-Therian|Stealth Rock|p1a: Pivin on a Lrayer
|-sidestart|p1: Lef Deppard|move: Stealth Rock
|
|-heal|p2a: Landorus-Therian|369\/369|[from] item: Leftovers
|turn|12
|
|move|p2a: Landorus-Therian|U-turn|p1a: Pivin on a Lrayer
|-damage|p1a: Pivin on a Lrayer|320\/384
|
|switch|p2a: Latias|Latias, F|196\/319
|-damage|p2a: Latias|157\/319|[from] Stealth Rock
|move|p1a: Pivin on a Lrayer|Rapid Spin|p2a: Latias
|-damage|p2a: Latias|131\/319
|-sideend|p1: Lef Deppard|Stealth Rock|[from] move: Rapid Spin|[of] p1a: Pivin on a Lrayer
|
|-heal|p1a: Pivin on a Lrayer|344\/384|[from] item: Leftovers
|turn|13
|
|switch|p1a: Metagross|Metagross|247\/364
|move|p2a: Latias|Defog|p1a: Metagross
|-fail|p1a: Metagross|unboost|[from] ability: Clear Body|[of] p1a: Metagross
|-sideend|p2: hj regicide|Stealth Rock|[from] move: Defog|[of] p2a: Latias
|
|-heal|p1a: Metagross|269\/364|[from] item: Leftovers
|turn|14
|
|move|p2a: Latias|Roost|p2a: Latias
|-heal|p2a: Latias|291\/319
|move|p1a: Metagross|Stealth Rock|p2a: Latias
|-sidestart|p2: hj regicide|move: Stealth Rock
|
|-heal|p1a: Metagross|291\/364|[from] item: Leftovers
|turn|15
|
|move|p2a: Latias|Hidden Power|p1a: Metagross
|-supereffective|p1a: Metagross
|-damage|p1a: Metagross|132\/364
|-damage|p2a: Latias|260\/319|[from] item: Life Orb
|move|p1a: Metagross|Meteor Mash|p2a: Latias
|-crit|p2a: Latias
|-damage|p2a: Latias|0 fnt
|faint|p2a: Latias
|
|-heal|p1a: Metagross|154\/364|[from] item: Leftovers
|
|switch|p2a: Talonflame|Talonflame, M|324\/324
|-damage|p2a: Talonflame|162\/324|[from] Stealth Rock
|turn|16
|
|switch|p1a: Pivin on a Lrayer|Donphan, M|344\/384
|move|p2a: Talonflame|Flare Blitz|p1a: Pivin on a Lrayer
|-damage|p1a: Pivin on a Lrayer|205\/384
|-status|p1a: Pivin on a Lrayer|brn
|-damage|p2a: Talonflame|116\/324|[from] recoil|[of] p1a: Pivin on a Lrayer
|
|-heal|p1a: Pivin on a Lrayer|229\/384 brn|[from] item: Leftovers
|-damage|p1a: Pivin on a Lrayer|181\/384 brn|[from] brn
|turn|17
|
|move|p2a: Talonflame|Roost|p2a: Talonflame
|-heal|p2a: Talonflame|278\/324
|move|p1a: Pivin on a Lrayer|Stone Edge|p2a: Talonflame|[miss]
|-miss|p1a: Pivin on a Lrayer|p2a: Talonflame
|
|-heal|p1a: Pivin on a Lrayer|205\/384 brn|[from] item: Leftovers
|-damage|p1a: Pivin on a Lrayer|157\/384 brn|[from] brn
|turn|18
|
|move|p2a: Talonflame|Brave Bird|p1a: Pivin on a Lrayer
|-damage|p1a: Pivin on a Lrayer|0 fnt
|-damage|p2a: Talonflame|226\/324|[from] recoil|[of] p1a: Pivin on a Lrayer
|faint|p1a: Pivin on a Lrayer
|
|
|switch|p1a: Zapdos|Zapdos|384\/384
|-ability|p1a: Zapdos|Pressure
|turn|19
|
|switch|p2a: Landorus-Therian|Landorus-Therian, M|369\/369
|-damage|p2a: Landorus-Therian|323\/369|[from] Stealth Rock
|-ability|p2a: Landorus-Therian|Intimidate|[of] p1a: Zapdos
|-unboost|p1a: Zapdos|atk|1
|move|p1a: Zapdos|Hidden Power|p2a: Landorus-Therian
|-supereffective|p2a: Landorus-Therian
|-damage|p2a: Landorus-Therian|23\/369
|
|-heal|p2a: Landorus-Therian|46\/369|[from] item: Leftovers
|turn|20
|
|move|p2a: Landorus-Therian|Stealth Rock|p1a: Zapdos
|-sidestart|p1: Lef Deppard|move: Stealth Rock
|move|p1a: Zapdos|Hidden Power|p2a: Landorus-Therian
|-supereffective|p2a: Landorus-Therian
|-damage|p2a: Landorus-Therian|0 fnt
|faint|p2a: Landorus-Therian
|
|
|switch|p2a: Heracross|Heracross-Mega, F|301\/301
|-damage|p2a: Heracross|264\/301|[from] Stealth Rock
|turn|21
|
|switch|p1a: Metagross|Metagross|154\/364
|-damage|p1a: Metagross|132\/364|[from] Stealth Rock
|move|p2a: Heracross|Pin Missile|p1a: Metagross|[miss]
|-miss|p2a: Heracross|p1a: Metagross
|
|-heal|p1a: Metagross|154\/364|[from] item: Leftovers
|turn|22
|
|move|p1a: Metagross|Bullet Punch|p2a: Heracross
|-damage|p2a: Heracross|192\/301
|move|p2a: Heracross|Pin Missile|p1a: Metagross
|-damage|p1a: Metagross|109\/364
|-damage|p1a: Metagross|58\/364
|-damage|p1a: Metagross|7\/364
|-damage|p1a: Metagross|0 fnt
|-hitcount|p1a: Metagross|4
|faint|p1a: Metagross
|
|
|switch|p1a: Keldeo-Resolute|Keldeo-Resolute|218\/322
|-damage|p1a: Keldeo-Resolute|198\/322|[from] Stealth Rock
|turn|23
|
|switch|p2a: Azumarill|Azumarill, F|401\/401
|-damage|p2a: Azumarill|351\/401|[from] Stealth Rock
|move|p1a: Keldeo-Resolute|Scald|p2a: Azumarill
|-resisted|p2a: Azumarill
|-damage|p2a: Azumarill|273\/401
|-status|p2a: Azumarill|brn
|
|-damage|p2a: Azumarill|223\/401 brn|[from] brn
|turn|24
|
|switch|p1a: Celebi|Celebi|226\/404
|-damage|p1a: Celebi|176\/404|[from] Stealth Rock
|switch|p2a: Heracross|Heracross-Mega, F|192\/301
|-damage|p2a: Heracross|155\/301|[from] Stealth Rock
|
|turn|25
|
|move|p2a: Heracross|Pin Missile|p1a: Celebi
|-supereffective|p1a: Celebi
|-damage|p1a: Celebi|0 fnt
|-hitcount|p1a: Celebi|1
|faint|p1a: Celebi
|
|
|switch|p1a: Keldeo-Resolute|Keldeo-Resolute|198\/322
|-damage|p1a: Keldeo-Resolute|178\/322|[from] Stealth Rock
|turn|26
|
|switch|p2a: Azumarill|Azumarill, F|223\/401 brn
|-damage|p2a: Azumarill|173\/401 brn|[from] Stealth Rock
|move|p1a: Keldeo-Resolute|Scald|p2a: Azumarill
|-resisted|p2a: Azumarill
|-damage|p2a: Azumarill|86\/401 brn
|
|-damage|p2a: Azumarill|36\/401 brn|[from] brn
|turn|27
|
|move|p2a: Azumarill|Aqua Jet|p1a: Keldeo-Resolute
|-resisted|p1a: Keldeo-Resolute
|-damage|p1a: Keldeo-Resolute|154\/322
|move|p1a: Keldeo-Resolute|Scald|p2a: Azumarill
|-resisted|p2a: Azumarill
|-damage|p2a: Azumarill|0 fnt
|faint|p2a: Azumarill
|
|
|switch|p2a: Talonflame|Talonflame, M|226\/324
|-damage|p2a: Talonflame|64\/324|[from] Stealth Rock
|turn|28
|
|switch|p1a: Zapdos|Zapdos|384\/384
|-damage|p1a: Zapdos|288\/384|[from] Stealth Rock
|-ability|p1a: Zapdos|Pressure
|move|p2a: Talonflame|Brave Bird|p1a: Zapdos
|-resisted|p1a: Zapdos
|-damage|p1a: Zapdos|179\/384
|-damage|p2a: Talonflame|28\/324|[from] recoil|[of] p1a: Zapdos
|
|-heal|p1a: Zapdos|203\/384|[from] item: Leftovers
|turn|29
|
|move|p2a: Talonflame|Roost|p2a: Talonflame
|-heal|p2a: Talonflame|190\/324
|move|p1a: Zapdos|Roost|p1a: Zapdos
|-heal|p1a: Zapdos|384\/384
|
|turn|30
|
|switch|p2a: Ferrothorn|Ferrothorn, F|352\/352
|-damage|p2a: Ferrothorn|330\/352|[from] Stealth Rock
|move|p1a: Zapdos|Thunderbolt|p2a: Ferrothorn
|-resisted|p2a: Ferrothorn
|-damage|p2a: Ferrothorn|282\/352
|
|-heal|p2a: Ferrothorn|304\/352|[from] item: Leftovers
|turn|31
|
|move|p1a: Zapdos|Heat Wave|p2a: Ferrothorn
|-supereffective|p2a: Ferrothorn
|-damage|p2a: Ferrothorn|48\/352
|move|p2a: Ferrothorn|Leech Seed|p1a: Zapdos
|-start|p1a: Zapdos|move: Leech Seed
|
|-heal|p2a: Ferrothorn|70\/352|[from] item: Leftovers
|-damage|p1a: Zapdos|336\/384|[from] Leech Seed|[of] p2a: Ferrothorn
|-heal|p2a: Ferrothorn|118\/352|[silent]
|turn|32
|
|switch|p1a: Keldeo-Resolute|Keldeo-Resolute|154\/322
|-damage|p1a: Keldeo-Resolute|134\/322|[from] Stealth Rock
|move|p2a: Ferrothorn|Protect|p2a: Ferrothorn
|-fail|p2a: Ferrothorn
|
|-heal|p2a: Ferrothorn|140\/352|[from] item: Leftovers
|turn|33
|
|move|p2a: Ferrothorn|Protect|p2a: Ferrothorn
|-singleturn|p2a: Ferrothorn|Protect
|move|p1a: Keldeo-Resolute|Secret Sword|p2a: Ferrothorn
|-activate|p2a: Ferrothorn|Protect
|
|-heal|p2a: Ferrothorn|162\/352|[from] item: Leftovers
|turn|34
|
|move|p1a: Keldeo-Resolute|Secret Sword|p2a: Ferrothorn
|-crit|p2a: Ferrothorn
|-supereffective|p2a: Ferrothorn
|-damage|p2a: Ferrothorn|0 fnt
|faint|p2a: Ferrothorn
|
|
|switch|p2a: Heracross|Heracross-Mega, F|155\/301
|-damage|p2a: Heracross|118\/301|[from] Stealth Rock
|turn|35
|
|move|p1a: Keldeo-Resolute|Secret Sword|p2a: Heracross
|-resisted|p2a: Heracross
|-damage|p2a: Heracross|12\/301
|move|p2a: Heracross|Pin Missile|p1a: Keldeo-Resolute
|-resisted|p1a: Keldeo-Resolute
|-damage|p1a: Keldeo-Resolute|105\/322
|-resisted|p1a: Keldeo-Resolute
|-damage|p1a: Keldeo-Resolute|73\/322
|-resisted|p1a: Keldeo-Resolute
|-damage|p1a: Keldeo-Resolute|40\/322
|-resisted|p1a: Keldeo-Resolute
|-damage|p1a: Keldeo-Resolute|6\/322
|-resisted|p1a: Keldeo-Resolute
|-damage|p1a: Keldeo-Resolute|0 fnt
|-hitcount|p1a: Keldeo-Resolute|5
|faint|p1a: Keldeo-Resolute
|
|
|switch|p1a: Pinsir|Pinsir, M|271\/271
|-damage|p1a: Pinsir|204\/271|[from] Stealth Rock
|turn|36
|
|detailschange|p1a: Pinsir|Pinsir-Mega, M
|message|Pinsir has Mega Evolved into Mega Pinsir!
|move|p1a: Pinsir|Quick Attack|p2a: Heracross
|-supereffective|p2a: Heracross
|-damage|p2a: Heracross|0 fnt
|faint|p2a: Heracross
|
|c|âLef Deppard|Gg
|
|switch|p2a: Talonflame|Talonflame, M|190\/324
|-damage|p2a: Talonflame|28\/324|[from] Stealth Rock
|turn|37
|
|move|p2a: Talonflame|Roost|p2a: Talonflame
|-heal|p2a: Talonflame|190\/324
|move|p1a: Pinsir|Return|p2a: Talonflame
|-damage|p2a: Talonflame|0 fnt
|faint|p2a: Talonflame
|
|win|Lef Deppard
|raw|Ladder updating...
|leave|hj regicide
|player|p2
|raw|Ladder (probably) updated, but score could not be retrieved (timeout).
|raw|Ladder (probably) updated, but score could not be retrieved (Error: socket hang up).