|join|hardpuzzle
|join|hj regicide
|player|p1|hardpuzzle|101
|player|p2|hj regicide|46
|gametype|singles
|gen|6
|tier|OU
|rated
|clearpoke
|poke|p1|Slowbro, M
|poke|p1|Gliscor, F
|poke|p1|Tyranitar, F
|poke|p1|Quagsire, M
|poke|p1|Skarmory, F
|poke|p1|Chansey, F
|poke|p2|Gliscor, F
|poke|p2|Gardevoir, F
|poke|p2|Heatran, M
|poke|p2|Ferrothorn, F
|poke|p2|Latias, F
|poke|p2|Gyarados, F
|rule|Swagger Clause: Swagger is banned
|rule|Baton Pass Clause: Limit one PokÃ©mon knowing Baton Pass
|rule|Sleep Clause Mod: Limit one foe put to sleep
|rule|Species Clause: Limit one of each PokÃ©mon
|rule|OHKO Clause: OHKO moves are banned
|rule|Moody Clause: Moody is banned
|rule|Evasion Moves Clause: Evasion moves are banned
|rule|Endless Battle Clause: Forcing endless battles is banned
|rule|HP Percentage Mod: HP is shown in percentages
|teampreview
|
|start
|switch|p1a: Skarmory|Skarmory, F|334\/334
|switch|p2a: Gardevoir|Gardevoir, F|277\/277
|-ability|p2a: Gardevoir|Sturdy|[from] ability: Trace|[of] p1a: Skarmory
|turn|1
|
|switch|p1a: Chansey|Chansey, F|704\/704
|detailschange|p2a: Gardevoir|Gardevoir-Mega, F
|message|Gardevoir has Mega Evolved into Mega Gardevoir!
|move|p2a: Gardevoir|Taunt|p1a: Chansey
|-start|p1a: Chansey|move: Taunt
|
|turn|2
|
|switch|p2a: Gliscor|Gliscor, F|352\/352
|switch|p1a: Gliscor|Gliscor, F|352\/352
|
|-status|p2a: Gliscor|tox|[from] item: Toxic Orb
|-status|p1a: Gliscor|tox|[from] item: Toxic Orb
|turn|3
|
|move|p2a: Gliscor|Knock Off|p1a: Gliscor
|-damage|p1a: Gliscor|290\/352 tox
|-enditem|p1a: Gliscor|Toxic Orb|[from] move: Knock Off|[of] p2a: Gliscor
|move|p1a: Gliscor|Knock Off|p2a: Gliscor
|-damage|p2a: Gliscor|287\/352 tox
|-enditem|p2a: Gliscor|Toxic Orb|[from] move: Knock Off|[of] p1a: Gliscor
|
|-heal|p2a: Gliscor|331\/352 tox|[from] ability: Poison Heal
|-heal|p1a: Gliscor|334\/352 tox|[from] ability: Poison Heal
|turn|4
|
|move|p2a: Gliscor|Knock Off|p1a: Gliscor
|-crit|p1a: Gliscor
|-damage|p1a: Gliscor|276\/352 tox
|move|p1a: Gliscor|Knock Off|p2a: Gliscor
|-damage|p2a: Gliscor|291\/352 tox
|
|-heal|p2a: Gliscor|335\/352 tox|[from] ability: Poison Heal
|-heal|p1a: Gliscor|320\/352 tox|[from] ability: Poison Heal
|turn|5
|
|move|p2a: Gliscor|Knock Off|p1a: Gliscor
|-damage|p1a: Gliscor|276\/352 tox
|move|p1a: Gliscor|Knock Off|p2a: Gliscor
|-damage|p2a: Gliscor|295\/352 tox
|
|-heal|p2a: Gliscor|339\/352 tox|[from] ability: Poison Heal
|-heal|p1a: Gliscor|320\/352 tox|[from] ability: Poison Heal
|turn|6
|
|move|p2a: Gliscor|Knock Off|p1a: Gliscor
|-damage|p1a: Gliscor|276\/352 tox
|move|p1a: Gliscor|Knock Off|p2a: Gliscor
|-damage|p2a: Gliscor|294\/352 tox
|
|-heal|p2a: Gliscor|338\/352 tox|[from] ability: Poison Heal
|-heal|p1a: Gliscor|320\/352 tox|[from] ability: Poison Heal
|turn|7
|
|move|p2a: Gliscor|Roost|p2a: Gliscor
|-heal|p2a: Gliscor|352\/352 tox
|move|p1a: Gliscor|Knock Off|p2a: Gliscor
|-damage|p2a: Gliscor|308\/352 tox
|
|-heal|p2a: Gliscor|352\/352 tox|[from] ability: Poison Heal
|-heal|p1a: Gliscor|352\/352 tox|[from] ability: Poison Heal
|turn|8
|
|move|p2a: Gliscor|Toxic|p1a: Gliscor
|-fail|p1a: Gliscor|tox
|move|p1a: Gliscor|Knock Off|p2a: Gliscor
|-damage|p2a: Gliscor|314\/352 tox
|
|-heal|p2a: Gliscor|352\/352 tox|[from] ability: Poison Heal
|turn|9
|
|move|p2a: Gliscor|Knock Off|p1a: Gliscor
|-damage|p1a: Gliscor|313\/352 tox
|move|p1a: Gliscor|Taunt|p2a: Gliscor
|-start|p2a: Gliscor|move: Taunt
|
|-heal|p1a: Gliscor|352\/352 tox|[from] ability: Poison Heal
|turn|10
|
|move|p2a: Gliscor|Knock Off|p1a: Gliscor
|-damage|p1a: Gliscor|308\/352 tox
|move|p1a: Gliscor|Knock Off|p2a: Gliscor
|-damage|p2a: Gliscor|314\/352 tox
|
|-heal|p2a: Gliscor|352\/352 tox|[from] ability: Poison Heal
|-heal|p1a: Gliscor|352\/352 tox|[from] ability: Poison Heal
|turn|11
|
|move|p2a: Gliscor|Knock Off|p1a: Gliscor
|-damage|p1a: Gliscor|309\/352 tox
|move|p1a: Gliscor|Taunt|p2a: Gliscor
|-fail|p2a: Gliscor
|
|-heal|p1a: Gliscor|352\/352 tox|[from] ability: Poison Heal
|turn|12
|
|move|p2a: Gliscor|Knock Off|p1a: Gliscor
|-damage|p1a: Gliscor|313\/352 tox
|move|p1a: Gliscor|Knock Off|p2a: Gliscor
|-crit|p2a: Gliscor
|-damage|p2a: Gliscor|293\/352 tox
|
|-heal|p2a: Gliscor|337\/352 tox|[from] ability: Poison Heal
|-heal|p1a: Gliscor|352\/352 tox|[from] ability: Poison Heal
|-end|p2a: Gliscor|move: Taunt
|turn|13
|
|switch|p2a: Ferrothorn|Ferrothorn, F|352\/352
|move|p1a: Gliscor|Earthquake|p2a: Ferrothorn
|-damage|p2a: Ferrothorn|276\/352
|
|-heal|p2a: Ferrothorn|298\/352|[from] item: Leftovers
|turn|14
|
|switch|p2a: Gardevoir|Gardevoir-Mega, F|277\/277
|move|p1a: Gliscor|Taunt|p2a: Gardevoir
|-start|p2a: Gardevoir|move: Taunt
|
|turn|15
|
|switch|p2a: Ferrothorn|Ferrothorn, F|298\/352
|move|p1a: Gliscor|Earthquake|p2a: Ferrothorn
|-damage|p2a: Ferrothorn|219\/352
|
|-heal|p2a: Ferrothorn|241\/352|[from] item: Leftovers
|turn|16
|
|move|p1a: Gliscor|Taunt|p2a: Ferrothorn
|-start|p2a: Ferrothorn|move: Taunt
|move|p2a: Ferrothorn|Power Whip|p1a: Gliscor
|-damage|p1a: Gliscor|243\/352 tox
|
|-heal|p2a: Ferrothorn|263\/352|[from] item: Leftovers
|-heal|p1a: Gliscor|287\/352 tox|[from] ability: Poison Heal
|turn|17
|
|switch|p2a: Gliscor|Gliscor, F|337\/352 tox
|move|p1a: Gliscor|Knock Off|p2a: Gliscor
|-damage|p2a: Gliscor|296\/352 tox
|
|-heal|p2a: Gliscor|340\/352 tox|[from] ability: Poison Heal
|-heal|p1a: Gliscor|331\/352 tox|[from] ability: Poison Heal
|turn|18
|
|move|p2a: Gliscor|Knock Off|p1a: Gliscor
|-damage|p1a: Gliscor|292\/352 tox
|move|p1a: Gliscor|Earthquake|p2a: Gliscor
|-immune|p2a: Gliscor|[msg]
|
|-heal|p2a: Gliscor|352\/352 tox|[from] ability: Poison Heal
|-heal|p1a: Gliscor|336\/352 tox|[from] ability: Poison Heal
|turn|19
|
|move|p2a: Gliscor|Knock Off|p1a: Gliscor
|-damage|p1a: Gliscor|294\/352 tox
|move|p1a: Gliscor|Earthquake|p2a: Gliscor
|-immune|p2a: Gliscor|[msg]
|
|-heal|p1a: Gliscor|338\/352 tox|[from] ability: Poison Heal
|turn|20
|
|switch|p2a: Gyarados|Gyarados, F|393\/393
|-ability|p2a: Gyarados|Intimidate|[of] p1a: Gliscor
|-unboost|p1a: Gliscor|atk|1
|move|p1a: Gliscor|Taunt|p2a: Gyarados
|-start|p2a: Gyarados|move: Taunt
|
|-heal|p1a: Gliscor|352\/352 tox|[from] ability: Poison Heal
|turn|21
|
|move|p1a: Gliscor|Knock Off|p2a: Gyarados
|-damage|p2a: Gyarados|332\/393
|-enditem|p2a: Gyarados|Leftovers|[from] move: Knock Off|[of] p1a: Gliscor
|move|p2a: Gyarados|Waterfall|p1a: Gliscor
|-supereffective|p1a: Gliscor
|-damage|p1a: Gliscor|160\/352 tox
|
|-heal|p1a: Gliscor|204\/352 tox|[from] ability: Poison Heal
|turn|22
|
|switch|p1a: Skarmory|Skarmory, F|334\/334
|switch|p2a: Gardevoir|Gardevoir-Mega, F|277\/277
|
|turn|23
|
|switch|p1a: Chansey|Chansey, F|704\/704
|move|p2a: Gardevoir|Focus Blast|p1a: Chansey
|-crit|p1a: Chansey
|-supereffective|p1a: Chansey
|-damage|p1a: Chansey|344\/704
|
|turn|24
|
|move|p2a: Gardevoir|Taunt|p1a: Chansey
|-start|p1a: Chansey|move: Taunt
|move|p1a: Chansey|Seismic Toss|p2a: Gardevoir
|-damage|p2a: Gardevoir|177\/277
|
|turn|25
|
|switch|p1a: Slowbro|Slowbro, M|394\/394
|move|p2a: Gardevoir|Psyshock|p1a: Slowbro
|-resisted|p1a: Slowbro
|-damage|p1a: Slowbro|333\/394
|
|-heal|p1a: Slowbro|357\/394|[from] item: Leftovers
|turn|26
|
|move|p2a: Gardevoir|Hyper Voice|p1a: Slowbro
|-damage|p1a: Slowbro|18\/394
|move|p1a: Slowbro|Scald|p2a: Gardevoir
|-crit|p2a: Gardevoir
|-damage|p2a: Gardevoir|77\/277
|
|-heal|p1a: Slowbro|42\/394|[from] item: Leftovers
|turn|27
|
|switch|p1a: Chansey|Chansey, F|344\/704
|move|p2a: Gardevoir|Psyshock|p1a: Chansey
|-damage|p1a: Chansey|79\/704
|
|turn|28
|
|move|p2a: Gardevoir|Hyper Voice|p1a: Chansey
|-damage|p1a: Chansey|0 fnt
|faint|p1a: Chansey
|
|
|switch|p1a: Tyranitar|Tyranitar, F|342\/342
|-weather|Sandstorm
|turn|29
|
|move|p1a: Tyranitar|Pursuit|p2a: Gardevoir|[from]Pursuit
|-damage|p2a: Gardevoir|0 fnt
|faint|p2a: Gardevoir
|
|-weather|Sandstorm|[upkeep]
|
|switch|p2a: Ferrothorn|Ferrothorn, F|263\/352
|turn|30
|
|switch|p1a: Skarmory|Skarmory, F|334\/334
|move|p2a: Ferrothorn|Stealth Rock|p1a: Skarmory
|-sidestart|p1: hardpuzzle|move: Stealth Rock
|
|-weather|Sandstorm|[upkeep]
|-heal|p2a: Ferrothorn|285\/352|[from] item: Leftovers
|turn|31
|
|move|p1a: Skarmory|Spikes|p2a: Ferrothorn
|-sidestart|p2: hj regicide|Spikes
|move|p2a: Ferrothorn|Leech Seed|p1a: Skarmory
|-start|p1a: Skarmory|move: Leech Seed
|
|-weather|Sandstorm|[upkeep]
|-heal|p2a: Ferrothorn|307\/352|[from] item: Leftovers
|-damage|p1a: Skarmory|293\/334|[from] Leech Seed|[of] p2a: Ferrothorn
|-heal|p2a: Ferrothorn|348\/352|[silent]
|turn|32
|
|switch|p1a: Slowbro|Slowbro, M|173\/394
|-damage|p1a: Slowbro|124\/394|[from] Stealth Rock
|switch|p2a: Latias|Latias, F|319\/319
|
|-weather|Sandstorm|[upkeep]
|-damage|p2a: Latias|300\/319|[from] sandstorm
|-damage|p1a: Slowbro|100\/394|[from] sandstorm
|-heal|p1a: Slowbro|124\/394|[from] item: Leftovers
|turn|33
|
|switch|p2a: Gliscor|Gliscor, F|352\/352 tox
|switch|p1a: Tyranitar|Tyranitar, F|342\/342
|-damage|p1a: Tyranitar|300\/342|[from] Stealth Rock
|
|-weather|none
|turn|34
|
|switch|p1a: Gliscor|Gliscor, F|204\/352 tox
|-damage|p1a: Gliscor|160\/352 tox|[from] Stealth Rock
|move|p2a: Gliscor|Toxic|p1a: Gliscor
|-fail|p1a: Gliscor|tox
|
|-heal|p1a: Gliscor|204\/352 tox|[from] ability: Poison Heal
|turn|35
|
|move|p2a: Gliscor|Knock Off|p1a: Gliscor
|-damage|p1a: Gliscor|165\/352 tox
|move|p1a: Gliscor|Knock Off|p2a: Gliscor
|-damage|p2a: Gliscor|308\/352 tox
|
|-heal|p2a: Gliscor|352\/352 tox|[from] ability: Poison Heal
|-heal|p1a: Gliscor|209\/352 tox|[from] ability: Poison Heal
|turn|36
|
|switch|p2a: Gyarados|Gyarados, F|332\/393
|-ability|p2a: Gyarados|Intimidate|[of] p1a: Gliscor
|-unboost|p1a: Gliscor|atk|1
|move|p1a: Gliscor|Roost|p1a: Gliscor
|-heal|p1a: Gliscor|352\/352 tox
|
|turn|37
|
|switch|p1a: Slowbro|Slowbro, M|255\/394
|-damage|p1a: Slowbro|206\/394|[from] Stealth Rock
|switch|p2a: Latias|Latias, F|300\/319
|
|-heal|p1a: Slowbro|230\/394|[from] item: Leftovers
|turn|38
|
|move|p2a: Latias|Draco Meteor|p1a: Slowbro
|-damage|p1a: Slowbro|0 fnt
|-unboost|p2a: Latias|spa|2
|-damage|p2a: Latias|269\/319|[from] item: Life Orb
|faint|p1a: Slowbro
|
|
|switch|p1a: Tyranitar|Tyranitar, F|300\/342
|-damage|p1a: Tyranitar|258\/342|[from] Stealth Rock
|-weather|Sandstorm
|turn|39
|
|move|p1a: Tyranitar|Pursuit|p2a: Latias
|-supereffective|p2a: Latias
|-damage|p2a: Latias|111\/319
|move|p2a: Latias|Defog|p1a: Tyranitar
|-unboost|p1a: Tyranitar|evasion|1
|-sideend|p1: hardpuzzle|Stealth Rock|[from] move: Defog|[of] p1a: Tyranitar
|-sideend|p2: hj regicide|Spikes|[from] move: Defog|[of] p2a: Latias
|
|-weather|Sandstorm|[upkeep]
|-damage|p2a: Latias|92\/319|[from] sandstorm
|turn|40
|
|move|p1a: Tyranitar|Pursuit|p2a: Latias
|-crit|p2a: Latias
|-supereffective|p2a: Latias
|-damage|p2a: Latias|0 fnt
|faint|p2a: Latias
|
|-weather|Sandstorm|[upkeep]
|
|switch|p2a: Ferrothorn|Ferrothorn, F|348\/352
|turn|41
|
|switch|p1a: Skarmory|Skarmory, F|293\/334
|switch|p2a: Heatran|Heatran, M|323\/323
|
|-weather|Sandstorm|[upkeep]
|turn|42
|
|switch|p1a: Gliscor|Gliscor, F|352\/352 tox
|move|p2a: Heatran|Lava Plume|p1a: Gliscor
|-damage|p1a: Gliscor|205\/352 tox
|
|-weather|Sandstorm|[upkeep]
|-heal|p1a: Gliscor|249\/352 tox|[from] ability: Poison Heal
|turn|43
|
|switch|p2a: Gliscor|Gliscor, F|352\/352 tox
|move|p1a: Gliscor|Knock Off|p2a: Gliscor
|-crit|p2a: Gliscor
|-damage|p2a: Gliscor|290\/352 tox
|
|-weather|none
|-heal|p2a: Gliscor|334\/352 tox|[from] ability: Poison Heal
|-heal|p1a: Gliscor|293\/352 tox|[from] ability: Poison Heal
|turn|44
|
|move|p2a: Gliscor|Toxic|p1a: Gliscor
|-fail|p1a: Gliscor|tox
|move|p1a: Gliscor|Taunt|p2a: Gliscor
|-start|p2a: Gliscor|move: Taunt
|
|-heal|p2a: Gliscor|352\/352 tox|[from] ability: Poison Heal
|-heal|p1a: Gliscor|337\/352 tox|[from] ability: Poison Heal
|turn|45
|
|move|p2a: Gliscor|Earthquake|p1a: Gliscor
|-immune|p1a: Gliscor|[msg]
|move|p1a: Gliscor|Knock Off|p2a: Gliscor
|-damage|p2a: Gliscor|310\/352 tox
|
|-heal|p2a: Gliscor|352\/352 tox|[from] ability: Poison Heal
|-heal|p1a: Gliscor|352\/352 tox|[from] ability: Poison Heal
|turn|46
|
|switch|p2a: Gyarados|Gyarados, F|332\/393
|-ability|p2a: Gyarados|Intimidate|[of] p1a: Gliscor
|-unboost|p1a: Gliscor|atk|1
|switch|p1a: Skarmory|Skarmory, F|293\/334
|
|turn|47
|
|move|p2a: Gyarados|Thunder Wave|p1a: Skarmory
|-status|p1a: Skarmory|par
|move|p1a: Skarmory|Spikes|p2a: Gyarados
|-sidestart|p2: hj regicide|Spikes
|
|turn|48
|
|switch|p2a: Ferrothorn|Ferrothorn, F|348\/352
|-damage|p2a: Ferrothorn|304\/352|[from] Spikes
|switch|p1a: Gliscor|Gliscor, F|352\/352 tox
|
|-heal|p2a: Ferrothorn|326\/352|[from] item: Leftovers
|turn|49
|
|move|p1a: Gliscor|Knock Off|p2a: Ferrothorn
|-damage|p2a: Ferrothorn|279\/352
|-damage|p1a: Gliscor|308\/352 tox|[from] ability: Iron Barbs|[of] p2a: Ferrothorn
|-enditem|p2a: Ferrothorn|Leftovers|[from] move: Knock Off|[of] p1a: Gliscor
|move|p2a: Ferrothorn|Power Whip|p1a: Gliscor
|-damage|p1a: Gliscor|191\/352 tox
|
|-heal|p1a: Gliscor|235\/352 tox|[from] ability: Poison Heal
|turn|50
|
|switch|p2a: Heatran|Heatran, M|323\/323
|-damage|p2a: Heatran|283\/323|[from] Spikes
|move|p1a: Gliscor|Taunt|p2a: Heatran
|-start|p2a: Heatran|move: Taunt
|
|-heal|p1a: Gliscor|279\/352 tox|[from] ability: Poison Heal
|turn|51
|
|move|p2a: Heatran|Overheat|p1a: Gliscor
|-damage|p1a: Gliscor|47\/352 tox
|-unboost|p2a: Heatran|spa|2
|move|p1a: Gliscor|Earthquake|p2a: Heatran
|-crit|p2a: Heatran
|-supereffective|p2a: Heatran
|-damage|p2a: Heatran|0 fnt
|faint|p2a: Heatran
|
|-heal|p1a: Gliscor|91\/352 tox|[from] ability: Poison Heal
|
|switch|p2a: Gyarados|Gyarados, F|332\/393
|-ability|p2a: Gyarados|Intimidate|[of] p1a: Gliscor
|-unboost|p1a: Gliscor|atk|1
|turn|52
|
|move|p1a: Gliscor|Roost|p1a: Gliscor
|-heal|p1a: Gliscor|267\/352 tox
|move|p2a: Gyarados|Waterfall|p1a: Gliscor
|-supereffective|p1a: Gliscor
|-damage|p1a: Gliscor|75\/352 tox
|
|-heal|p1a: Gliscor|119\/352 tox|[from] ability: Poison Heal
|turn|53
|
|move|p1a: Gliscor|Roost|p1a: Gliscor
|-heal|p1a: Gliscor|295\/352 tox
|move|p2a: Gyarados|Waterfall|p1a: Gliscor
|-supereffective|p1a: Gliscor
|-damage|p1a: Gliscor|119\/352 tox
|
|-heal|p1a: Gliscor|163\/352 tox|[from] ability: Poison Heal
|turn|54
|
|move|p1a: Gliscor|Roost|p1a: Gliscor
|-heal|p1a: Gliscor|339\/352 tox
|move|p2a: Gyarados|Waterfall|p1a: Gliscor
|-supereffective|p1a: Gliscor
|-damage|p1a: Gliscor|153\/352 tox
|
|-heal|p1a: Gliscor|197\/352 tox|[from] ability: Poison Heal
|turn|55
|
|switch|p1a: Skarmory|Skarmory, F|293\/334 par
|move|p2a: Gyarados|Waterfall|p1a: Skarmory
|-damage|p1a: Skarmory|229\/334 par
|
|turn|56
|
|move|p2a: Gyarados|Waterfall|p1a: Skarmory
|-damage|p1a: Skarmory|160\/334 par
|cant|p1a: Skarmory|par
|
|turn|57
|
|move|p2a: Gyarados|Waterfall|p1a: Skarmory
|-damage|p1a: Skarmory|96\/334 par
|move|p1a: Skarmory|Roost|p1a: Skarmory
|-heal|p1a: Skarmory|263\/334 par
|
|turn|58
|
|switch|p2a: Ferrothorn|Ferrothorn, F|279\/352
|-damage|p2a: Ferrothorn|235\/352|[from] Spikes
|cant|p1a: Skarmory|par
|
|turn|59
|
|move|p1a: Skarmory|Brave Bird|p2a: Ferrothorn
|-damage|p2a: Ferrothorn|156\/352
|-damage|p1a: Skarmory|222\/334 par|[from] ability: Iron Barbs|[of] p2a: Ferrothorn
|-damage|p1a: Skarmory|196\/334 par|[from] recoil|[of] p2a: Ferrothorn
|move|p2a: Ferrothorn|Stealth Rock|p1a: Skarmory
|-sidestart|p1: hardpuzzle|move: Stealth Rock
|
|turn|60
|
|move|p2a: Ferrothorn|Leech Seed|p1a: Skarmory
|-start|p1a: Skarmory|move: Leech Seed
|move|p1a: Skarmory|Whirlwind|p2a: Ferrothorn
|drag|p2a: Gliscor|Gliscor, F|352\/352 tox
|
|-damage|p1a: Skarmory|155\/334 par|[from] Leech Seed|[of] p2a: Gliscor
|turn|61
|
|move|p2a: Gliscor|Knock Off|p1a: Skarmory
|-damage|p1a: Skarmory|116\/334 par
|-enditem|p1a: Skarmory|Shed Shell|[from] move: Knock Off|[of] p2a: Gliscor
|move|p1a: Skarmory|Roost|p1a: Skarmory
|-heal|p1a: Skarmory|283\/334 par
|
|-damage|p1a: Skarmory|242\/334 par|[from] Leech Seed|[of] p2a: Gliscor
|turn|62
|
|switch|p2a: Ferrothorn|Ferrothorn, F|156\/352
|-damage|p2a: Ferrothorn|112\/352|[from] Spikes
|move|p1a: Skarmory|Brave Bird|p2a: Ferrothorn
|-damage|p2a: Ferrothorn|30\/352
|-damage|p1a: Skarmory|201\/334 par|[from] ability: Iron Barbs|[of] p2a: Ferrothorn
|-damage|p1a: Skarmory|174\/334 par|[from] recoil|[of] p2a: Ferrothorn
|
|-damage|p1a: Skarmory|133\/334 par|[from] Leech Seed|[of] p2a: Ferrothorn
|-heal|p2a: Ferrothorn|71\/352|[silent]
|turn|63
|
|move|p2a: Ferrothorn|Protect|p2a: Ferrothorn
|-singleturn|p2a: Ferrothorn|Protect
|move|p1a: Skarmory|Whirlwind|p2a: Ferrothorn
|drag|p2a: Gyarados|Gyarados, F|332\/393
|-ability|p2a: Gyarados|Intimidate|[of] p1a: Skarmory
|-unboost|p1a: Skarmory|atk|1
|
|-damage|p1a: Skarmory|92\/334 par|[from] Leech Seed|[of] p2a: Gyarados
|-heal|p2a: Gyarados|373\/393|[silent]
|turn|64
|
|move|p2a: Gyarados|Waterfall|p1a: Skarmory
|-damage|p1a: Skarmory|25\/334 par
|cant|p1a: Skarmory|par
|
|-damage|p1a: Skarmory|0 fnt|[from] Leech Seed|[of] p2a: Gyarados
|-heal|p2a: Gyarados|393\/393|[silent]
|faint|p1a: Skarmory
|
|switch|p1a: Quagsire|Quagsire, M|394\/394
|-damage|p1a: Quagsire|370\/394|[from] Stealth Rock
|turn|65
|
|move|p2a: Gyarados|Waterfall|p1a: Quagsire
|-damage|p1a: Quagsire|280\/394
|cant|p1a: Quagsire|flinch
|
|-heal|p1a: Quagsire|304\/394|[from] item: Leftovers
|turn|66
|
|switch|p2a: Gliscor|Gliscor, F|352\/352 tox
|move|p1a: Quagsire|Toxic|p2a: Gliscor|[miss]
|-miss|p1a: Quagsire|p2a: Gliscor
|
|-heal|p1a: Quagsire|328\/394|[from] item: Leftovers
|turn|67
|
|switch|p2a: Gyarados|Gyarados, F|393\/393
|-ability|p2a: Gyarados|Intimidate|[of] p1a: Quagsire
|-unboost|p1a: Quagsire|atk|1
|switch|p1a: Gliscor|Gliscor, F|197\/352 tox
|-damage|p1a: Gliscor|153\/352 tox|[from] Stealth Rock
|
|-heal|p1a: Gliscor|197\/352 tox|[from] ability: Poison Heal
|turn|68
|
|switch|p1a: Quagsire|Quagsire, M|328\/394
|-damage|p1a: Quagsire|304\/394|[from] Stealth Rock
|move|p2a: Gyarados|Waterfall|p1a: Quagsire
|-damage|p1a: Quagsire|216\/394
|
|-heal|p1a: Quagsire|240\/394|[from] item: Leftovers
|turn|69
|
|switch|p2a: Gliscor|Gliscor, F|352\/352 tox
|move|p1a: Quagsire|Recover|p1a: Quagsire
|-heal|p1a: Quagsire|394\/394
|
|turn|70
|
|switch|p2a: Gyarados|Gyarados, F|393\/393
|-ability|p2a: Gyarados|Intimidate|[of] p1a: Quagsire
|-unboost|p1a: Quagsire|atk|1
|switch|p1a: Gliscor|Gliscor, F|197\/352 tox
|-damage|p1a: Gliscor|153\/352 tox|[from] Stealth Rock
|
|-heal|p1a: Gliscor|197\/352 tox|[from] ability: Poison Heal
|turn|71
|
|switch|p1a: Quagsire|Quagsire, M|394\/394
|-damage|p1a: Quagsire|370\/394|[from] Stealth Rock
|move|p2a: Gyarados|Waterfall|p1a: Quagsire
|-damage|p1a: Quagsire|276\/394
|
|-heal|p1a: Quagsire|300\/394|[from] item: Leftovers
|turn|72
|
|move|p2a: Gyarados|Waterfall|p1a: Quagsire
|-damage|p1a: Quagsire|209\/394
|move|p1a: Quagsire|Scald|p2a: Gyarados
|-resisted|p2a: Gyarados
|-damage|p2a: Gyarados|368\/393
|
|-heal|p1a: Quagsire|233\/394|[from] item: Leftovers
|turn|73
|
|move|p2a: Gyarados|Waterfall|p1a: Quagsire
|-damage|p1a: Quagsire|149\/394
|move|p1a: Quagsire|Recover|p1a: Quagsire
|-heal|p1a: Quagsire|346\/394
|
|-heal|p1a: Quagsire|370\/394|[from] item: Leftovers
|turn|74
|
|switch|p2a: Gliscor|Gliscor, F|352\/352 tox
|move|p1a: Quagsire|Toxic|p2a: Gliscor|[miss]
|-miss|p1a: Quagsire|p2a: Gliscor
|
|-heal|p1a: Quagsire|394\/394|[from] item: Leftovers
|turn|75
|
|switch|p2a: Gyarados|Gyarados, F|368\/393
|-ability|p2a: Gyarados|Intimidate|[of] p1a: Quagsire
|-unboost|p1a: Quagsire|atk|1
|switch|p1a: Gliscor|Gliscor, F|197\/352 tox
|-damage|p1a: Gliscor|153\/352 tox|[from] Stealth Rock
|
|-heal|p1a: Gliscor|197\/352 tox|[from] ability: Poison Heal
|turn|76
|
|switch|p1a: Quagsire|Quagsire, M|394\/394
|-damage|p1a: Quagsire|370\/394|[from] Stealth Rock
|switch|p2a: Gliscor|Gliscor, F|352\/352 tox
|
|-heal|p1a: Quagsire|394\/394|[from] item: Leftovers
|turn|77
|
|switch|p1a: Gliscor|Gliscor, F|197\/352 tox
|-damage|p1a: Gliscor|153\/352 tox|[from] Stealth Rock
|move|p2a: Gliscor|Toxic|p1a: Gliscor
|-fail|p1a: Gliscor|tox
|
|-heal|p1a: Gliscor|197\/352 tox|[from] ability: Poison Heal
|turn|78
|
|switch|p1a: Tyranitar|Tyranitar, F|258\/342
|-damage|p1a: Tyranitar|216\/342|[from] Stealth Rock
|-weather|Sandstorm
|move|p2a: Gliscor|Toxic|p1a: Tyranitar
|-status|p1a: Tyranitar|tox
|
|-weather|Sandstorm|[upkeep]
|-damage|p1a: Tyranitar|195\/342 tox|[from] psn
|turn|79
|
|switch|p1a: Gliscor|Gliscor, F|197\/352 tox
|-damage|p1a: Gliscor|153\/352 tox|[from] Stealth Rock
|move|p2a: Gliscor|Roost|p2a: Gliscor
|-fail|p2a: Gliscor
|
|-weather|Sandstorm|[upkeep]
|-heal|p1a: Gliscor|197\/352 tox|[from] ability: Poison Heal
|turn|80
|
|move|p2a: Gliscor|Earthquake|p1a: Gliscor
|-immune|p1a: Gliscor|[msg]
|move|p1a: Gliscor|Taunt|p2a: Gliscor
|-start|p2a: Gliscor|move: Taunt
|
|-weather|Sandstorm|[upkeep]
|-heal|p1a: Gliscor|241\/352 tox|[from] ability: Poison Heal
|turn|81
|
|move|p2a: Gliscor|Knock Off|p1a: Gliscor
|-damage|p1a: Gliscor|197\/352 tox
|move|p1a: Gliscor|Knock Off|p2a: Gliscor
|-damage|p2a: Gliscor|308\/352 tox
|
|-weather|Sandstorm|[upkeep]
|-heal|p2a: Gliscor|352\/352 tox|[from] ability: Poison Heal
|-heal|p1a: Gliscor|241\/352 tox|[from] ability: Poison Heal
|turn|82
|
|move|p2a: Gliscor|Knock Off|p1a: Gliscor
|-damage|p1a: Gliscor|202\/352 tox
|move|p1a: Gliscor|Knock Off|p2a: Gliscor
|-damage|p2a: Gliscor|310\/352 tox
|
|-weather|none
|-heal|p2a: Gliscor|352\/352 tox|[from] ability: Poison Heal
|-heal|p1a: Gliscor|246\/352 tox|[from] ability: Poison Heal
|turn|83
|
|move|p2a: Gliscor|Knock Off|p1a: Gliscor
|-damage|p1a: Gliscor|207\/352 tox
|move|p1a: Gliscor|Earthquake|p2a: Gliscor
|-immune|p2a: Gliscor|[msg]
|
|-heal|p1a: Gliscor|251\/352 tox|[from] ability: Poison Heal
|-end|p2a: Gliscor|move: Taunt
|turn|84
|
|move|p2a: Gliscor|Earthquake|p1a: Gliscor
|-immune|p1a: Gliscor|[msg]
|move|p1a: Gliscor|Taunt|p2a: Gliscor
|-start|p2a: Gliscor|move: Taunt
|
|-heal|p1a: Gliscor|295\/352 tox|[from] ability: Poison Heal
|turn|85
|
|move|p2a: Gliscor|Earthquake|p1a: Gliscor
|-immune|p1a: Gliscor|[msg]
|move|p1a: Gliscor|Knock Off|p2a: Gliscor
|-damage|p2a: Gliscor|313\/352 tox
|
|-heal|p2a: Gliscor|352\/352 tox|[from] ability: Poison Heal
|-heal|p1a: Gliscor|339\/352 tox|[from] ability: Poison Heal
|turn|86
|
|switch|p2a: Gyarados|Gyarados, F|368\/393
|-ability|p2a: Gyarados|Intimidate|[of] p1a: Gliscor
|-unboost|p1a: Gliscor|atk|1
|move|p1a: Gliscor|Earthquake|p2a: Gyarados
|-immune|p2a: Gyarados|[msg]
|
|-heal|p1a: Gliscor|352\/352 tox|[from] ability: Poison Heal
|turn|87
|
|move|p1a: Gliscor|Taunt|p2a: Gyarados
|-start|p2a: Gyarados|move: Taunt
|move|p2a: Gyarados|Waterfall|p1a: Gliscor
|-supereffective|p1a: Gliscor
|-damage|p1a: Gliscor|152\/352 tox
|
|-heal|p1a: Gliscor|196\/352 tox|[from] ability: Poison Heal
|turn|88
|
|switch|p2a: Gliscor|Gliscor, F|352\/352 tox
|move|p1a: Gliscor|Roost|p1a: Gliscor
|-heal|p1a: Gliscor|352\/352 tox
|
|turn|89
|
|switch|p2a: Gyarados|Gyarados, F|368\/393
|-ability|p2a: Gyarados|Intimidate|[of] p1a: Gliscor
|-unboost|p1a: Gliscor|atk|1
|move|p1a: Gliscor|Taunt|p2a: Gyarados
|-start|p2a: Gyarados|move: Taunt
|
|turn|90
|
|switch|p2a: Gliscor|Gliscor, F|352\/352 tox
|move|p1a: Gliscor|Knock Off|p2a: Gliscor
|-damage|p2a: Gliscor|333\/352 tox
|
|-heal|p2a: Gliscor|352\/352 tox|[from] ability: Poison Heal
|turn|91
|
|move|p2a: Gliscor|Roost|p2a: Gliscor
|-fail|p2a: Gliscor
|move|p1a: Gliscor|Taunt|p2a: Gliscor
|-start|p2a: Gliscor|move: Taunt
|
|turn|92
|
|move|p2a: Gliscor|Knock Off|p1a: Gliscor
|-damage|p1a: Gliscor|313\/352 tox
|move|p1a: Gliscor|Knock Off|p2a: Gliscor
|-damage|p2a: Gliscor|330\/352 tox
|
|-heal|p2a: Gliscor|352\/352 tox|[from] ability: Poison Heal
|-heal|p1a: Gliscor|352\/352 tox|[from] ability: Poison Heal
|turn|93
|
|switch|p2a: Gyarados|Gyarados, F|368\/393
|-ability|p2a: Gyarados|Intimidate|[of] p1a: Gliscor
|-unboost|p1a: Gliscor|atk|1
|move|p1a: Gliscor|Earthquake|p2a: Gyarados
|-immune|p2a: Gyarados|[msg]
|
|turn|94
|
|move|p1a: Gliscor|Taunt|p2a: Gyarados
|-start|p2a: Gyarados|move: Taunt
|cant|p2a: Gyarados|move: Taunt|Rest
|
|turn|95
|
|switch|p2a: Gliscor|Gliscor, F|352\/352 tox
|move|p1a: Gliscor|Earthquake|p2a: Gliscor
|-immune|p2a: Gliscor|[msg]
|
|turn|96
|
|move|p2a: Gliscor|Roost|p2a: Gliscor
|-fail|p2a: Gliscor
|move|p1a: Gliscor|Taunt|p2a: Gliscor
|-start|p2a: Gliscor|move: Taunt
|
|turn|97
|
|switch|p2a: Gyarados|Gyarados, F|368\/393
|-ability|p2a: Gyarados|Intimidate|[of] p1a: Gliscor
|-unboost|p1a: Gliscor|atk|1
|switch|p1a: Quagsire|Quagsire, M|394\/394
|-damage|p1a: Quagsire|370\/394|[from] Stealth Rock
|
|-heal|p1a: Quagsire|394\/394|[from] item: Leftovers
|turn|98
|
|move|p2a: Gyarados|Rest|p2a: Gyarados
|-status|p2a: Gyarados|slp
|-heal|p2a: Gyarados|393\/393 slp|[silent]
|-status|p2a: Gyarados|slp|[from] move: Rest
|move|p1a: Quagsire|Toxic|p2a: Gyarados
|-fail|p2a: Gyarados
|
|turn|99
|
|cant|p2a: Gyarados|slp
|move|p2a: Gyarados|Sleep Talk|p2a: Gyarados
|move|p2a: Gyarados|Rest|p2a: Gyarados|[from]Sleep Talk
|-fail|p2a: Gyarados
|move|p1a: Quagsire|Scald|p2a: Gyarados
|-resisted|p2a: Gyarados
|-damage|p2a: Gyarados|371\/393 slp
|
|turn|100
|
|cant|p2a: Gyarados|slp
|move|p1a: Quagsire|Scald|p2a: Gyarados
|-resisted|p2a: Gyarados
|-damage|p2a: Gyarados|346\/393 slp
|
|turn|101
|
|-curestatus|p2a: Gyarados|slp
|move|p2a: Gyarados|Thunder Wave|p1a: Quagsire
|-immune|p1a: Quagsire|[msg]
|move|p1a: Quagsire|Toxic|p2a: Gyarados
|-status|p2a: Gyarados|tox
|
|-damage|p2a: Gyarados|322\/393 tox|[from] psn
|turn|102
|
|switch|p1a: Tyranitar|Tyranitar, F|195\/342 tox
|-damage|p1a: Tyranitar|153\/342 tox|[from] Stealth Rock
|-weather|Sandstorm
|move|p2a: Gyarados|Rest|p2a: Gyarados
|-status|p2a: Gyarados|slp
|-heal|p2a: Gyarados|393\/393 slp|[silent]
|-status|p2a: Gyarados|slp|[from] move: Rest
|
|-weather|Sandstorm|[upkeep]
|-damage|p2a: Gyarados|369\/393 slp|[from] sandstorm
|-damage|p1a: Tyranitar|132\/342 tox|[from] psn
|turn|103
|
|switch|p1a: Gliscor|Gliscor, F|352\/352 tox
|-damage|p1a: Gliscor|308\/352 tox|[from] Stealth Rock
|switch|p2a: Gliscor|Gliscor, F|352\/352 tox
|
|-weather|Sandstorm|[upkeep]
|-heal|p1a: Gliscor|352\/352 tox|[from] ability: Poison Heal
|turn|104
|
|move|p2a: Gliscor|Earthquake|p1a: Gliscor
|-immune|p1a: Gliscor|[msg]
|move|p1a: Gliscor|Knock Off|p2a: Gliscor
|-damage|p2a: Gliscor|314\/352 tox
|
|-weather|Sandstorm|[upkeep]
|-heal|p2a: Gliscor|352\/352 tox|[from] ability: Poison Heal
|turn|105
|
|switch|p2a: Gyarados|Gyarados, F|369\/393 slp
|-ability|p2a: Gyarados|Intimidate|[of] p1a: Gliscor
|-unboost|p1a: Gliscor|atk|1
|move|p1a: Gliscor|Taunt|p2a: Gyarados
|-start|p2a: Gyarados|move: Taunt
|
|-weather|Sandstorm|[upkeep]
|-damage|p2a: Gyarados|345\/393 slp|[from] sandstorm
|turn|106
|
|move|p1a: Gliscor|Taunt|p2a: Gyarados
|-fail|p2a: Gyarados
|cant|p2a: Gyarados|slp
|
|-weather|none
|turn|107
|
|move|p1a: Gliscor|Knock Off|p2a: Gyarados
|-damage|p2a: Gyarados|304\/393 slp
|cant|p2a: Gyarados|slp
|
|turn|108
|
|switch|p2a: Gliscor|Gliscor, F|352\/352 tox
|move|p1a: Gliscor|Knock Off|p2a: Gliscor
|-damage|p2a: Gliscor|325\/352 tox
|
|-heal|p2a: Gliscor|352\/352 tox|[from] ability: Poison Heal
|turn|109
|
|move|p2a: Gliscor|Toxic|p1a: Gliscor
|-fail|p1a: Gliscor|tox
|move|p1a: Gliscor|Taunt|p2a: Gliscor
|-start|p2a: Gliscor|move: Taunt
|
|turn|110
|
|switch|p2a: Gyarados|Gyarados, F|304\/393 slp
|-ability|p2a: Gyarados|Intimidate|[of] p1a: Gliscor
|-unboost|p1a: Gliscor|atk|1
|move|p1a: Gliscor|Knock Off|p2a: Gyarados
|-damage|p2a: Gyarados|272\/393 slp
|
|turn|111
|
|switch|p1a: Tyranitar|Tyranitar, F|132\/342 tox
|-damage|p1a: Tyranitar|90\/342 tox|[from] Stealth Rock
|-weather|Sandstorm
|-curestatus|p2a: Gyarados|slp
|move|p2a: Gyarados|Sleep Talk|p2a: Gyarados
|-fail|p2a: Gyarados
|
|-weather|Sandstorm|[upkeep]
|-damage|p2a: Gyarados|248\/393|[from] sandstorm
|-damage|p1a: Tyranitar|69\/342 tox|[from] psn
|turn|112
|
|move|p1a: Tyranitar|Pursuit|p2a: Gyarados|[from]Pursuit
|-damage|p2a: Gyarados|85\/393
|switch|p2a: Gliscor|Gliscor, F|352\/352 tox
|
|-weather|Sandstorm|[upkeep]
|-damage|p1a: Tyranitar|27\/342 tox|[from] psn
|turn|113
|
|switch|p1a: Gliscor|Gliscor, F|352\/352 tox
|-damage|p1a: Gliscor|308\/352 tox|[from] Stealth Rock
|move|p2a: Gliscor|Toxic|p1a: Gliscor
|-fail|p1a: Gliscor|tox
|
|-weather|Sandstorm|[upkeep]
|-heal|p1a: Gliscor|352\/352 tox|[from] ability: Poison Heal
|turn|114
|
|move|p2a: Gliscor|Roost|p2a: Gliscor
|-fail|p2a: Gliscor
|move|p1a: Gliscor|Taunt|p2a: Gliscor
|-start|p2a: Gliscor|move: Taunt
|
|-weather|Sandstorm|[upkeep]
|turn|115
|
|move|p2a: Gliscor|Earthquake|p1a: Gliscor
|-immune|p1a: Gliscor|[msg]
|move|p1a: Gliscor|Knock Off|p2a: Gliscor
|-damage|p2a: Gliscor|312\/352 tox
|
|-weather|none
|-heal|p2a: Gliscor|352\/352 tox|[from] ability: Poison Heal
|turn|116
|
|move|p2a: Gliscor|Knock Off|p1a: Gliscor
|-damage|p1a: Gliscor|311\/352 tox
|move|p1a: Gliscor|Knock Off|p2a: Gliscor
|-damage|p2a: Gliscor|309\/352 tox
|
|-heal|p2a: Gliscor|352\/352 tox|[from] ability: Poison Heal
|-heal|p1a: Gliscor|352\/352 tox|[from] ability: Poison Heal
|turn|117
|
|move|p2a: Gliscor|Knock Off|p1a: Gliscor
|-damage|p1a: Gliscor|309\/352 tox
|move|p1a: Gliscor|Knock Off|p2a: Gliscor
|-damage|p2a: Gliscor|313\/352 tox
|
|-heal|p2a: Gliscor|352\/352 tox|[from] ability: Poison Heal
|-heal|p1a: Gliscor|352\/352 tox|[from] ability: Poison Heal
|-end|p2a: Gliscor|move: Taunt
|turn|118
|
|move|p2a: Gliscor|Knock Off|p1a: Gliscor
|-damage|p1a: Gliscor|309\/352 tox
|move|p1a: Gliscor|Taunt|p2a: Gliscor
|-start|p2a: Gliscor|move: Taunt
|
|-heal|p1a: Gliscor|352\/352 tox|[from] ability: Poison Heal
|turn|119
|
|move|p2a: Gliscor|Earthquake|p1a: Gliscor
|-immune|p1a: Gliscor|[msg]
|move|p1a: Gliscor|Knock Off|p2a: Gliscor
|-damage|p2a: Gliscor|310\/352 tox
|
|-heal|p2a: Gliscor|352\/352 tox|[from] ability: Poison Heal
|turn|120
|
|move|p2a: Gliscor|Earthquake|p1a: Gliscor
|-immune|p1a: Gliscor|[msg]
|move|p1a: Gliscor|Earthquake|p2a: Gliscor
|-immune|p2a: Gliscor|[msg]
|
|turn|121
|
|move|p2a: Gliscor|Knock Off|p1a: Gliscor
|-damage|p1a: Gliscor|313\/352 tox
|move|p1a: Gliscor|Knock Off|p2a: Gliscor
|-damage|p2a: Gliscor|314\/352 tox
|
|-heal|p2a: Gliscor|352\/352 tox|[from] ability: Poison Heal
|-heal|p1a: Gliscor|352\/352 tox|[from] ability: Poison Heal
|-end|p2a: Gliscor|move: Taunt
|turn|122
|
|move|p2a: Gliscor|Toxic|p1a: Gliscor
|-fail|p1a: Gliscor|tox
|move|p1a: Gliscor|Knock Off|p2a: Gliscor
|-damage|p2a: Gliscor|312\/352 tox
|
|-heal|p2a: Gliscor|352\/352 tox|[from] ability: Poison Heal
|turn|123
|
|move|p2a: Gliscor|Earthquake|p1a: Gliscor
|-immune|p1a: Gliscor|[msg]
|move|p1a: Gliscor|Taunt|p2a: Gliscor
|-start|p2a: Gliscor|move: Taunt
|
|turn|124
|
|move|p2a: Gliscor|Knock Off|p1a: Gliscor
|-damage|p1a: Gliscor|313\/352 tox
|move|p1a: Gliscor|Earthquake|p2a: Gliscor
|-immune|p2a: Gliscor|[msg]
|
|-heal|p1a: Gliscor|352\/352 tox|[from] ability: Poison Heal
|turn|125
|
|move|p2a: Gliscor|Knock Off|p1a: Gliscor
|-damage|p1a: Gliscor|309\/352 tox
|move|p1a: Gliscor|Taunt|p2a: Gliscor
|-fail|p2a: Gliscor
|
|-heal|p1a: Gliscor|352\/352 tox|[from] ability: Poison Heal
|turn|126
|
|switch|p2a: Gyarados|Gyarados, F|85\/393
|-ability|p2a: Gyarados|Intimidate|[of] p1a: Gliscor
|-unboost|p1a: Gliscor|atk|1
|move|p1a: Gliscor|Earthquake|p2a: Gyarados
|-immune|p2a: Gyarados|[msg]
|
|turn|127
|
|switch|p2a: Gliscor|Gliscor, F|352\/352 tox
|move|p1a: Gliscor|Taunt|p2a: Gliscor
|-start|p2a: Gliscor|move: Taunt
|
|turn|128
|
|switch|p2a: Gyarados|Gyarados, F|85\/393
|-ability|p2a: Gyarados|Intimidate|[of] p1a: Gliscor
|-unboost|p1a: Gliscor|atk|1
|move|p1a: Gliscor|Taunt|p2a: Gyarados
|-start|p2a: Gyarados|move: Taunt
|
|turn|129
|
|switch|p1a: Quagsire|Quagsire, M|394\/394
|-damage|p1a: Quagsire|370\/394|[from] Stealth Rock
|switch|p2a: Gliscor|Gliscor, F|352\/352 tox
|
|-heal|p1a: Quagsire|394\/394|[from] item: Leftovers
|turn|130
|
|switch|p1a: Gliscor|Gliscor, F|352\/352 tox
|-damage|p1a: Gliscor|308\/352 tox|[from] Stealth Rock
|move|p2a: Gliscor|Toxic|p1a: Gliscor|[miss]
|-miss|p2a: Gliscor|p1a: Gliscor
|
|-heal|p1a: Gliscor|352\/352 tox|[from] ability: Poison Heal
|turn|131
|
|move|p2a: Gliscor|Knock Off|p1a: Gliscor
|-damage|p1a: Gliscor|312\/352 tox
|move|p1a: Gliscor|Taunt|p2a: Gliscor
|-start|p2a: Gliscor|move: Taunt
|
|-heal|p1a: Gliscor|352\/352 tox|[from] ability: Poison Heal
|turn|132
|
|switch|p2a: Gyarados|Gyarados, F|85\/393
|-ability|p2a: Gyarados|Intimidate|[of] p1a: Gliscor
|-unboost|p1a: Gliscor|atk|1
|move|p1a: Gliscor|Knock Off|p2a: Gyarados
|-damage|p2a: Gyarados|42\/393
|
|turn|133
|
|switch|p2a: Gliscor|Gliscor, F|352\/352 tox
|move|p1a: Gliscor|Taunt|p2a: Gliscor
|-start|p2a: Gliscor|move: Taunt
|
|turn|134
|
|switch|p2a: Gyarados|Gyarados, F|42\/393
|-ability|p2a: Gyarados|Intimidate|[of] p1a: Gliscor
|-unboost|p1a: Gliscor|atk|1
|move|p1a: Gliscor|Knock Off|p2a: Gyarados
|-damage|p2a: Gyarados|11\/393
|
|turn|135
|c|âhardpuzzle|'__'
|
|move|p1a: Gliscor|Taunt|p2a: Gyarados
|-start|p2a: Gyarados|move: Taunt
|cant|p2a: Gyarados|move: Taunt|Rest
|
|turn|136
|
|switch|p2a: Gliscor|Gliscor, F|352\/352 tox
|move|p1a: Gliscor|Earthquake|p2a: Gliscor
|-immune|p2a: Gliscor|[msg]
|
|turn|137
|
|switch|p2a: Gyarados|Gyarados, F|11\/393
|-ability|p2a: Gyarados|Intimidate|[of] p1a: Gliscor
|-unboost|p1a: Gliscor|atk|1
|move|p1a: Gliscor|Earthquake|p2a: Gyarados
|-immune|p2a: Gyarados|[msg]
|
|turn|138
|
|switch|p2a: Gliscor|Gliscor, F|352\/352 tox
|move|p1a: Gliscor|Taunt|p2a: Gliscor
|-start|p2a: Gliscor|move: Taunt
|
|turn|139
|
|switch|p1a: Tyranitar|Tyranitar, F|27\/342 tox
|-damage|p1a: Tyranitar|0 fnt|[from] Stealth Rock
|faint|p1a: Tyranitar
|move|p2a: Gliscor|Earthquake|p1: Tyranitar|[notarget]
|-notarget
|
|
|switch|p1a: Quagsire|Quagsire, M|394\/394
|-damage|p1a: Quagsire|370\/394|[from] Stealth Rock
|turn|140
|
|switch|p1a: Gliscor|Gliscor, F|352\/352 tox
|-damage|p1a: Gliscor|308\/352 tox|[from] Stealth Rock
|move|p2a: Gliscor|Knock Off|p1a: Gliscor
|-damage|p1a: Gliscor|268\/352 tox
|
|-heal|p1a: Gliscor|312\/352 tox|[from] ability: Poison Heal
|turn|141
|
|move|p2a: Gliscor|Knock Off|p1a: Gliscor
|-damage|p1a: Gliscor|272\/352 tox
|move|p1a: Gliscor|Earthquake|p2a: Gliscor
|-immune|p2a: Gliscor|[msg]
|
|-heal|p1a: Gliscor|316\/352 tox|[from] ability: Poison Heal
|-end|p2a: Gliscor|move: Taunt
|turn|142
|
|switch|p2a: Gyarados|Gyarados, F|11\/393
|-ability|p2a: Gyarados|Intimidate|[of] p1a: Gliscor
|-unboost|p1a: Gliscor|atk|1
|move|p1a: Gliscor|Taunt|p2a: Gyarados
|-start|p2a: Gyarados|move: Taunt
|
|-heal|p1a: Gliscor|352\/352 tox|[from] ability: Poison Heal
|turn|143
|
|switch|p2a: Gliscor|Gliscor, F|352\/352 tox
|move|p1a: Gliscor|Roost|p1a: Gliscor
|-fail|p1a: Gliscor
|
|turn|144
|
|switch|p2a: Gyarados|Gyarados, F|11\/393
|-ability|p2a: Gyarados|Intimidate|[of] p1a: Gliscor
|-unboost|p1a: Gliscor|atk|1
|move|p1a: Gliscor|Roost|p1a: Gliscor
|-fail|p1a: Gliscor
|
|turn|145
|
|move|p1a: Gliscor|Knock Off|p2a: Gyarados
|-damage|p2a: Gyarados|0 fnt
|faint|p2a: Gyarados
|
|c|âhardpuzzle|yes :D
|
|switch|p2a: Gliscor|Gliscor, F|352\/352 tox
|turn|146
|
|move|p2a: Gliscor|Knock Off|p1a: Gliscor
|-damage|p1a: Gliscor|311\/352 tox
|move|p1a: Gliscor|Taunt|p2a: Gliscor
|-start|p2a: Gliscor|move: Taunt
|
|-heal|p1a: Gliscor|352\/352 tox|[from] ability: Poison Heal
|turn|147
|
|switch|p2a: Ferrothorn|Ferrothorn, F|71\/352
|-damage|p2a: Ferrothorn|27\/352|[from] Spikes
|move|p1a: Gliscor|Roost|p1a: Gliscor
|-fail|p1a: Gliscor
|
|turn|148
|
|move|p1a: Gliscor|Earthquake|p2a: Ferrothorn
|-damage|p2a: Ferrothorn|0 fnt
|faint|p2a: Ferrothorn
|
|
|switch|p2a: Gliscor|Gliscor, F|352\/352 tox
|turn|149
|
|move|p2a: Gliscor|Toxic|p1a: Gliscor
|-fail|p1a: Gliscor|tox
|move|p1a: Gliscor|Taunt|p2a: Gliscor
|-start|p2a: Gliscor|move: Taunt
|
|turn|150
|
|move|p2a: Gliscor|Knock Off|p1a: Gliscor
|-damage|p1a: Gliscor|311\/352 tox
|move|p1a: Gliscor|Roost|p1a: Gliscor
|-heal|p1a: Gliscor|352\/352 tox
|
|turn|151
|-message|hj regicide forfeited.
|
|win|hardpuzzle
|raw|Ladder updating...
|leave|hj regicide
|player|p2
|raw|hardpuzzle's rating: 1781 &rarr; <strong>1799<\/strong><br \/>(+18 for winning)
|raw|hj regicide's rating: 1749 &rarr; <strong>1731<\/strong><br \/>(-18 for losing)