|join|hj regicide
|join|manetbo
|player|p1|hj regicide|46
|player|p2|manetbo|101
|gametype|singles
|gen|6
|tier|OU
|rated
|clearpoke
|poke|p1|Azumarill, F
|poke|p1|Talonflame, M
|poke|p1|Landorus-Therian, M
|poke|p1|Ferrothorn, F
|poke|p1|Heracross, F
|poke|p1|Latias, F
|poke|p2|Tyranitar, M
|poke|p2|Clefable, F
|poke|p2|Gliscor, M
|poke|p2|Venusaur, F
|poke|p2|Blissey, F
|poke|p2|Rotom-Wash
|rule|Swagger Clause: Swagger is banned
|rule|Baton Pass Clause: Limit one PokÃ©mon knowing Baton Pass
|rule|Sleep Clause Mod: Limit one foe put to sleep
|rule|Species Clause: Limit one of each PokÃ©mon
|rule|OHKO Clause: OHKO moves are banned
|rule|Moody Clause: Moody is banned
|rule|Evasion Moves Clause: Evasion moves are banned
|rule|Endless Battle Clause: Forcing endless battles is banned
|rule|HP Percentage Mod: HP is shown in percentages
|teampreview
|
|start
|switch|p1a: Latias|Latias, F|319\/319
|switch|p2a: Tyranitar|Tyranitar, M|403\/403
|-weather|Sandstorm
|turn|1
|
|switch|p1a: Landorus-Therian|Landorus-Therian, M|369\/369
|-ability|p1a: Landorus-Therian|Intimidate|[of] p2a: Tyranitar
|-unboost|p2a: Tyranitar|atk|1
|move|p2a: Tyranitar|Stealth Rock|p1a: Landorus-Therian
|-sidestart|p1: hj regicide|move: Stealth Rock
|
|-weather|Sandstorm|[upkeep]
|turn|2
|
|switch|p2a: Gliscor|Gliscor, M|296\/296
|move|p1a: Landorus-Therian|Stealth Rock|p2a: Gliscor
|-sidestart|p2: manetbo|move: Stealth Rock
|
|-weather|Sandstorm|[upkeep]
|-status|p2a: Gliscor|tox|[from] item: Toxic Orb
|turn|3
|
|switch|p1a: Ferrothorn|Ferrothorn, F|352\/352
|-damage|p1a: Ferrothorn|330\/352|[from] Stealth Rock
|move|p2a: Gliscor|Fling|p1a: Ferrothorn
|-enditem|p2a: Gliscor|Toxic Orb|[from] move: Fling
|-damage|p1a: Ferrothorn|314\/352
|
|-weather|Sandstorm|[upkeep]
|-heal|p1a: Ferrothorn|336\/352|[from] item: Leftovers
|turn|4
|
|switch|p2a: Venusaur|Venusaur, F|330\/330
|-damage|p2a: Venusaur|289\/330|[from] Stealth Rock
|move|p1a: Ferrothorn|Leech Seed|p2a: Venusaur
|-immune|p2a: Venusaur|[msg]
|
|-weather|Sandstorm|[upkeep]
|-damage|p2a: Venusaur|269\/330|[from] sandstorm
|-heal|p1a: Ferrothorn|352\/352|[from] item: Leftovers
|turn|5
|
|switch|p1a: Latias|Latias, F|319\/319
|-damage|p1a: Latias|280\/319|[from] Stealth Rock
|detailschange|p2a: Venusaur|Venusaur-Mega, F
|message|Venusaur has Mega Evolved into Mega Venusaur!
|move|p2a: Venusaur|Hidden Power|p1a: Latias
|-resisted|p1a: Latias
|-damage|p1a: Latias|254\/319
|
|-weather|none
|turn|6
|
|move|p1a: Latias|Defog|p2a: Venusaur
|-unboost|p2a: Venusaur|evasion|1
|-sideend|p2: manetbo|Stealth Rock|[from] move: Defog|[of] p2a: Venusaur
|-sideend|p1: hj regicide|Stealth Rock|[from] move: Defog|[of] p1a: Latias
|move|p2a: Venusaur|Sludge Bomb|p1a: Latias
|-damage|p1a: Latias|151\/319
|-status|p1a: Latias|psn
|
|-damage|p1a: Latias|112\/319 psn|[from] psn
|turn|7
|
|switch|p2a: Tyranitar|Tyranitar, M|403\/403
|-weather|Sandstorm
|move|p1a: Latias|Roost|p1a: Latias
|-heal|p1a: Latias|272\/319 psn
|
|-weather|Sandstorm|[upkeep]
|-damage|p1a: Latias|253\/319 psn|[from] sandstorm
|-damage|p1a: Latias|214\/319 psn|[from] psn
|turn|8
|
|switch|p1a: Landorus-Therian|Landorus-Therian, M|369\/369
|-ability|p1a: Landorus-Therian|Intimidate|[of] p2a: Tyranitar
|-unboost|p2a: Tyranitar|atk|1
|move|p2a: Tyranitar|Stealth Rock|p1a: Landorus-Therian
|-sidestart|p1: hj regicide|move: Stealth Rock
|
|-weather|Sandstorm|[upkeep]
|turn|9
|
|move|p1a: Landorus-Therian|U-turn|p2a: Tyranitar
|-supereffective|p2a: Tyranitar
|-damage|p2a: Tyranitar|297\/403
|
|switch|p1a: Azumarill|Azumarill, F|401\/401
|-damage|p1a: Azumarill|351\/401|[from] Stealth Rock
|move|p2a: Tyranitar|Flamethrower|p1a: Azumarill
|-crit|p1a: Azumarill
|-resisted|p1a: Azumarill
|-damage|p1a: Azumarill|313\/401
|
|-weather|Sandstorm|[upkeep]
|-damage|p1a: Azumarill|288\/401|[from] sandstorm
|-heal|p2a: Tyranitar|322\/403|[from] item: Leftovers
|turn|10
|
|switch|p1a: Latias|Latias, F|214\/319 psn
|-damage|p1a: Latias|175\/319 psn|[from] Stealth Rock
|switch|p2a: Venusaur|Venusaur-Mega, F|269\/330
|
|-weather|Sandstorm|[upkeep]
|-damage|p1a: Latias|156\/319 psn|[from] sandstorm
|-damage|p2a: Venusaur|249\/330|[from] sandstorm
|-damage|p1a: Latias|117\/319 psn|[from] psn
|turn|11
|
|move|p1a: Latias|Roost|p1a: Latias
|-heal|p1a: Latias|277\/319 psn
|move|p2a: Venusaur|Leech Seed|p1a: Latias
|-start|p1a: Latias|move: Leech Seed
|
|-weather|none
|-damage|p1a: Latias|238\/319 psn|[from] Leech Seed|[of] p2a: Venusaur
|-heal|p2a: Venusaur|288\/330|[silent]
|-damage|p1a: Latias|199\/319 psn|[from] psn
|turn|12
|
|switch|p2a: Tyranitar|Tyranitar, M|322\/403
|-weather|Sandstorm
|move|p1a: Latias|Defog|p2a: Tyranitar
|-unboost|p2a: Tyranitar|evasion|1
|-sideend|p1: hj regicide|Stealth Rock|[from] move: Defog|[of] p1a: Latias
|
|-weather|Sandstorm|[upkeep]
|-damage|p1a: Latias|180\/319 psn|[from] sandstorm
|-heal|p2a: Tyranitar|347\/403|[from] item: Leftovers
|-damage|p1a: Latias|141\/319 psn|[from] Leech Seed|[of] p2a: Tyranitar
|-heal|p2a: Tyranitar|386\/403|[silent]
|-damage|p1a: Latias|102\/319 psn|[from] psn
|turn|13
|
|switch|p1a: Landorus-Therian|Landorus-Therian, M|369\/369
|-ability|p1a: Landorus-Therian|Intimidate|[of] p2a: Tyranitar
|-unboost|p2a: Tyranitar|atk|1
|move|p2a: Tyranitar|Stealth Rock|p1a: Landorus-Therian
|-sidestart|p1: hj regicide|move: Stealth Rock
|
|-weather|Sandstorm|[upkeep]
|-heal|p2a: Tyranitar|403\/403|[from] item: Leftovers
|turn|14
|
|switch|p2a: Gliscor|Gliscor, M|296\/296 tox
|move|p1a: Landorus-Therian|Stealth Rock|p2a: Gliscor
|-sidestart|p2: manetbo|move: Stealth Rock
|
|-weather|Sandstorm|[upkeep]
|turn|15
|
|move|p2a: Gliscor|Acrobatics|p1a: Landorus-Therian
|-damage|p1a: Landorus-Therian|275\/369
|move|p1a: Landorus-Therian|U-turn|p2a: Gliscor
|-resisted|p2a: Gliscor
|-damage|p2a: Gliscor|274\/296 tox
|
|switch|p1a: Ferrothorn|Ferrothorn, F|352\/352
|-damage|p1a: Ferrothorn|330\/352|[from] Stealth Rock
|
|-weather|Sandstorm|[upkeep]
|-heal|p1a: Ferrothorn|352\/352|[from] item: Leftovers
|-heal|p2a: Gliscor|296\/296 tox|[from] ability: Poison Heal
|turn|16
|
|switch|p2a: Rotom-Wash|Rotom-Wash|241\/241
|-damage|p2a: Rotom-Wash|211\/241|[from] Stealth Rock
|switch|p1a: Latias|Latias, F|102\/319 psn
|-damage|p1a: Latias|63\/319 psn|[from] Stealth Rock
|
|-weather|none
|-damage|p1a: Latias|24\/319 psn|[from] psn
|turn|17
|
|move|p2a: Rotom-Wash|Volt Switch|p1a: Latias
|-resisted|p1a: Latias
|-damage|p1a: Latias|0 fnt
|faint|p1a: Latias
|
|switch|p2a: Tyranitar|Tyranitar, M|403\/403
|-damage|p2a: Tyranitar|353\/403|[from] Stealth Rock
|-weather|Sandstorm
|
|-weather|Sandstorm|[upkeep]
|-heal|p2a: Tyranitar|378\/403|[from] item: Leftovers
|
|switch|p1a: Heracross|Heracross, F|301\/301
|-damage|p1a: Heracross|264\/301|[from] Stealth Rock
|turn|18
|
|switch|p2a: Rotom-Wash|Rotom-Wash|211\/241
|-damage|p2a: Rotom-Wash|181\/241|[from] Stealth Rock
|detailschange|p1a: Heracross|Heracross-Mega, F
|message|Heracross has Mega Evolved into Mega Heracross!
|move|p1a: Heracross|Rock Blast|p2a: Rotom-Wash
|-damage|p2a: Rotom-Wash|151\/241
|-damage|p2a: Rotom-Wash|123\/241
|-damage|p2a: Rotom-Wash|94\/241
|-damage|p2a: Rotom-Wash|64\/241
|-damage|p2a: Rotom-Wash|31\/241
|-hitcount|p2a: Rotom-Wash|5
|
|-weather|Sandstorm|[upkeep]
|-damage|p2a: Rotom-Wash|16\/241|[from] sandstorm
|-damage|p1a: Heracross|246\/301|[from] sandstorm
|turn|19
|
|switch|p1a: Talonflame|Talonflame, M|324\/324
|-damage|p1a: Talonflame|162\/324|[from] Stealth Rock
|move|p2a: Rotom-Wash|Will-O-Wisp|p1a: Talonflame
|-fail|p1a: Talonflame
|
|-weather|Sandstorm|[upkeep]
|-damage|p2a: Rotom-Wash|1\/241|[from] sandstorm
|-damage|p1a: Talonflame|142\/324|[from] sandstorm
|turn|20
|
|switch|p2a: Gliscor|Gliscor, M|296\/296 tox
|-damage|p2a: Gliscor|259\/296 tox|[from] Stealth Rock
|move|p1a: Talonflame|Swords Dance|p1a: Talonflame
|-boost|p1a: Talonflame|atk|2
|
|-weather|Sandstorm|[upkeep]
|-damage|p1a: Talonflame|122\/324|[from] sandstorm
|-heal|p2a: Gliscor|296\/296 tox|[from] ability: Poison Heal
|turn|21
|
|move|p1a: Talonflame|Brave Bird|p2a: Gliscor
|-damage|p2a: Gliscor|80\/296 tox
|-damage|p1a: Talonflame|51\/324|[from] recoil|[of] p2a: Gliscor
|move|p2a: Gliscor|Acrobatics|p1a: Talonflame
|-damage|p1a: Talonflame|0 fnt
|faint|p1a: Talonflame
|
|-weather|none
|-heal|p2a: Gliscor|117\/296 tox|[from] ability: Poison Heal
|
|switch|p1a: Azumarill|Azumarill, F|288\/401
|-damage|p1a: Azumarill|238\/401|[from] Stealth Rock
|turn|22
|
|switch|p2a: Rotom-Wash|Rotom-Wash|1\/241
|-damage|p2a: Rotom-Wash|0 fnt|[from] Stealth Rock
|faint|p2a: Rotom-Wash
|switch|p1a: Heracross|Heracross-Mega, F|246\/301
|-damage|p1a: Heracross|209\/301|[from] Stealth Rock
|
|
|switch|p2a: Venusaur|Venusaur-Mega, F|288\/330
|-damage|p2a: Venusaur|247\/330|[from] Stealth Rock
|turn|23
|
|move|p1a: Heracross|Pin Missile|p2a: Venusaur
|-damage|p2a: Venusaur|213\/330
|-damage|p2a: Venusaur|180\/330
|-crit|p2a: Venusaur
|-damage|p2a: Venusaur|122\/330
|-damage|p2a: Venusaur|82\/330
|-damage|p2a: Venusaur|45\/330
|-hitcount|p2a: Venusaur|5
|move|p2a: Venusaur|Sludge Bomb|p1a: Heracross
|-damage|p1a: Heracross|67\/301
|-status|p1a: Heracross|psn
|
|-damage|p1a: Heracross|30\/301 psn|[from] psn
|turn|24
|
|move|p1a: Heracross|Rock Blast|p2a: Venusaur
|-crit|p2a: Venusaur
|-damage|p2a: Venusaur|8\/330
|-damage|p2a: Venusaur|0 fnt
|-hitcount|p2a: Venusaur|2
|faint|p2a: Venusaur
|
|-damage|p1a: Heracross|0 fnt|[from] psn
|faint|p1a: Heracross
|
|switch|p2a: Blissey|Blissey, F|687\/687
|-damage|p2a: Blissey|602\/687|[from] Stealth Rock
|switch|p1a: Ferrothorn|Ferrothorn, F|352\/352
|-damage|p1a: Ferrothorn|330\/352|[from] Stealth Rock
|turn|25
|
|move|p2a: Blissey|Thunder Wave|p1a: Ferrothorn
|-status|p1a: Ferrothorn|par
|move|p1a: Ferrothorn|Knock Off|p2a: Blissey
|-damage|p2a: Blissey|468\/687
|-enditem|p2a: Blissey|Leftovers|[from] move: Knock Off|[of] p1a: Ferrothorn
|
|-heal|p1a: Ferrothorn|352\/352 par|[from] item: Leftovers
|turn|26
|
|switch|p2a: Clefable|Clefable, F|394\/394
|cant|p1a: Ferrothorn|par
|
|turn|27
|
|switch|p2a: Tyranitar|Tyranitar, M|378\/403
|-damage|p2a: Tyranitar|328\/403|[from] Stealth Rock
|-weather|Sandstorm
|move|p1a: Ferrothorn|Gyro Ball|p2a: Tyranitar
|-supereffective|p2a: Tyranitar
|-damage|p2a: Tyranitar|94\/403
|
|-weather|Sandstorm|[upkeep]
|-heal|p2a: Tyranitar|119\/403|[from] item: Leftovers
|turn|28
|
|switch|p1a: Azumarill|Azumarill, F|238\/401
|-damage|p1a: Azumarill|188\/401|[from] Stealth Rock
|move|p2a: Tyranitar|Flamethrower|p1a: Azumarill
|-resisted|p1a: Azumarill
|-damage|p1a: Azumarill|159\/401
|
|-weather|Sandstorm|[upkeep]
|-damage|p1a: Azumarill|134\/401|[from] sandstorm
|-heal|p2a: Tyranitar|144\/403|[from] item: Leftovers
|turn|29
|
|move|p1a: Azumarill|Aqua Jet|p2a: Tyranitar
|-supereffective|p2a: Tyranitar
|-damage|p2a: Tyranitar|30\/403
|move|p2a: Tyranitar|Rock Slide|p1a: Azumarill
|-damage|p1a: Azumarill|0 fnt
|faint|p1a: Azumarill
|
|-weather|Sandstorm|[upkeep]
|-heal|p2a: Tyranitar|55\/403|[from] item: Leftovers
|
|switch|p1a: Landorus-Therian|Landorus-Therian, M|275\/369
|-damage|p1a: Landorus-Therian|229\/369|[from] Stealth Rock
|-ability|p1a: Landorus-Therian|Intimidate|[of] p2a: Tyranitar
|-unboost|p2a: Tyranitar|atk|1
|turn|30
|
|move|p1a: Landorus-Therian|U-turn|p2a: Tyranitar
|-supereffective|p2a: Tyranitar
|-damage|p2a: Tyranitar|0 fnt
|faint|p2a: Tyranitar
|
|switch|p1a: Ferrothorn|Ferrothorn, F|352\/352 par
|-damage|p1a: Ferrothorn|330\/352 par|[from] Stealth Rock
|
|-weather|Sandstorm|[upkeep]
|-heal|p1a: Ferrothorn|352\/352 par|[from] item: Leftovers
|
|switch|p2a: Clefable|Clefable, F|394\/394
|turn|31
|
|move|p2a: Clefable|Calm Mind|p2a: Clefable
|-boost|p2a: Clefable|spa|1
|-boost|p2a: Clefable|spd|1
|cant|p1a: Ferrothorn|par
|
|-weather|none
|turn|32
|
|move|p2a: Clefable|Calm Mind|p2a: Clefable
|-boost|p2a: Clefable|spa|1
|-boost|p2a: Clefable|spd|1
|move|p1a: Ferrothorn|Gyro Ball|p2a: Clefable
|-supereffective|p2a: Clefable
|-damage|p2a: Clefable|104\/394
|
|-heal|p2a: Clefable|128\/394|[from] item: Leftovers
|turn|33
|
|move|p2a: Clefable|Soft-Boiled|p2a: Clefable
|-heal|p2a: Clefable|325\/394
|move|p1a: Ferrothorn|Gyro Ball|p2a: Clefable
|-supereffective|p2a: Clefable
|-damage|p2a: Clefable|29\/394
|
|-heal|p2a: Clefable|53\/394|[from] item: Leftovers
|turn|34
|
|move|p2a: Clefable|Soft-Boiled|p2a: Clefable
|-heal|p2a: Clefable|250\/394
|move|p1a: Ferrothorn|Gyro Ball|p2a: Clefable
|-supereffective|p2a: Clefable
|-damage|p2a: Clefable|0 fnt
|faint|p2a: Clefable
|
|
|switch|p2a: Gliscor|Gliscor, M|117\/296 tox
|-damage|p2a: Gliscor|80\/296 tox|[from] Stealth Rock
|turn|35
|
|move|p2a: Gliscor|Roost|p2a: Gliscor
|-heal|p2a: Gliscor|228\/296 tox
|move|p1a: Ferrothorn|Gyro Ball|p2a: Gliscor
|-damage|p2a: Gliscor|134\/296 tox
|
|-heal|p2a: Gliscor|171\/296 tox|[from] ability: Poison Heal
|turn|36
|
|move|p2a: Gliscor|Roost|p2a: Gliscor
|-heal|p2a: Gliscor|296\/296 tox
|move|p1a: Ferrothorn|Leech Seed|p2a: Gliscor
|-start|p2a: Gliscor|move: Leech Seed
|
|-damage|p2a: Gliscor|259\/296 tox|[from] Leech Seed|[of] p1a: Ferrothorn
|-heal|p2a: Gliscor|296\/296 tox|[from] ability: Poison Heal
|turn|37
|
|switch|p2a: Blissey|Blissey, F|468\/687
|-damage|p2a: Blissey|383\/687|[from] Stealth Rock
|move|p1a: Ferrothorn|Leech Seed|p2a: Blissey
|-start|p2a: Blissey|move: Leech Seed
|
|-damage|p2a: Blissey|298\/687|[from] Leech Seed|[of] p1a: Ferrothorn
|turn|38
|
|move|p2a: Blissey|Wish|p2a: Blissey
|move|p1a: Ferrothorn|Knock Off|p2a: Blissey
|-damage|p2a: Blissey|204\/687
|
|-damage|p2a: Blissey|119\/687|[from] Leech Seed|[of] p1a: Ferrothorn
|turn|39
|
|move|p2a: Blissey|Ice Beam|p1a: Ferrothorn
|-damage|p1a: Ferrothorn|305\/352 par
|move|p1a: Ferrothorn|Knock Off|p2a: Blissey
|-crit|p2a: Blissey
|-damage|p2a: Blissey|0 fnt
|faint|p2a: Blissey
|
|-heal|p1a: Ferrothorn|327\/352 par|[from] item: Leftovers
|
|switch|p2a: Gliscor|Gliscor, M|296\/296 tox
|-damage|p2a: Gliscor|259\/296 tox|[from] Stealth Rock
|turn|40
|
|move|p2a: Gliscor|Roost|p2a: Gliscor
|-heal|p2a: Gliscor|296\/296 tox
|move|p1a: Ferrothorn|Leech Seed|p2a: Gliscor
|-start|p2a: Gliscor|move: Leech Seed
|
|-heal|p1a: Ferrothorn|349\/352 par|[from] item: Leftovers
|-damage|p2a: Gliscor|259\/296 tox|[from] Leech Seed|[of] p1a: Ferrothorn
|-heal|p1a: Ferrothorn|352\/352 par|[silent]
|-heal|p2a: Gliscor|296\/296 tox|[from] ability: Poison Heal
|turn|41
|-message|manetbo forfeited.
|
|win|hj regicide
|raw|Ladder updating...
|leave|manetbo
|player|p2
|raw|hj regicide's rating: 1778 &rarr; <strong>1793<\/strong><br \/>(+15 for winning)
|raw|manetbo's rating: 1690 &rarr; <strong>1675<\/strong><br \/>(-15 for losing)