|join|HJ Regicide
|join|mexcrusader
|player|p1|HJ Regicide|266
|player|p2|mexcrusader|290
|gametype|singles
|gen|6
|tier|OU
|rated
|clearpoke
|poke|p1|Politoed, F
|poke|p1|Kingdra, M
|poke|p1|Seismitoad, F
|poke|p1|Tornadus-Therian, M
|poke|p1|Heracross, F
|poke|p1|Jirachi
|poke|p2|Scizor, M
|poke|p2|Heatran, M
|poke|p2|Excadrill, M
|poke|p2|Klefki, M
|poke|p2|Ferrothorn, F
|poke|p2|Magnezone
|rule|Swagger Clause: Swagger is banned
|rule|Baton Pass Clause: Limit one PokÃ©mon knowing Baton Pass
|rule|Sleep Clause Mod: Limit one foe put to sleep
|rule|Species Clause: Limit one of each PokÃ©mon
|rule|OHKO Clause: OHKO moves are banned
|rule|Moody Clause: Moody is banned
|rule|Evasion Moves Clause: Evasion moves are banned
|rule|Endless Battle Clause: Forcing endless battles is banned
|rule|HP Percentage Mod: HP is shown in percentages
|teampreview
|
|start
|switch|p1a: Seismitoad|Seismitoad, F|409\/409
|switch|p2a: Klefki|Klefki, M|318\/318
|turn|1
|
|move|p2a: Klefki|Reflect|p2a: Klefki
|-sidestart|p2: mexcrusader|Reflect
|move|p1a: Seismitoad|Stealth Rock|p2a: Klefki
|-sidestart|p2: mexcrusader|move: Stealth Rock
|
|turn|2
|
|move|p2a: Klefki|Light Screen|p2a: Klefki
|-sidestart|p2: mexcrusader|move: Light Screen
|move|p1a: Seismitoad|Earth Power|p2a: Klefki
|-crit|p2a: Klefki
|-supereffective|p2a: Klefki
|-damage|p2a: Klefki|0 fnt
|-damage|p1a: Seismitoad|369\/409|[from] item: Life Orb
|faint|p2a: Klefki
|
|
|switch|p2a: Ferrothorn|Ferrothorn, F|352\/352
|-damage|p2a: Ferrothorn|330\/352|[from] Stealth Rock
|turn|3
|
|switch|p1a: Heracross|Heracross, F|311\/311
|move|p2a: Ferrothorn|Leech Seed|p1a: Heracross
|-start|p1a: Heracross|move: Leech Seed
|
|-heal|p2a: Ferrothorn|352\/352|[from] item: Leftovers
|-damage|p1a: Heracross|273\/311|[from] Leech Seed|[of] p2a: Ferrothorn
|turn|4
|
|detailschange|p1a: Heracross|Heracross-Mega, F
|message|Heracross has Mega Evolved into Mega Heracross!
|move|p1a: Heracross|Swords Dance|p1a: Heracross
|-boost|p1a: Heracross|atk|2
|move|p2a: Ferrothorn|Power Whip|p1a: Heracross|[miss]
|-miss|p2a: Ferrothorn|p1a: Heracross
|
|-damage|p1a: Heracross|235\/311|[from] Leech Seed|[of] p2a: Ferrothorn
|turn|5
|
|move|p1a: Heracross|Close Combat|p2a: Ferrothorn
|-supereffective|p2a: Ferrothorn
|-damage|p2a: Ferrothorn|0 fnt
|-damage|p1a: Heracross|197\/311|[from] ability: Iron Barbs|[of] p2a: Ferrothorn
|-unboost|p1a: Heracross|def|1
|-unboost|p1a: Heracross|spd|1
|faint|p2a: Ferrothorn
|
|
|switch|p2a: Magnezone|Magnezone|281\/281
|-damage|p2a: Magnezone|264\/281|[from] Stealth Rock
|turn|6
|
|switch|p1a: Seismitoad|Seismitoad, F|369\/409
|move|p2a: Magnezone|Volt Switch|p1a: Seismitoad
|-immune|p1a: Seismitoad|[msg]
|
|turn|7
|
|switch|p2a: Heatran|Heatran, M|386\/386
|-damage|p2a: Heatran|338\/386|[from] Stealth Rock
|move|p1a: Seismitoad|Earth Power|p2a: Heatran
|-supereffective|p2a: Heatran
|-damage|p2a: Heatran|120\/386
|-damage|p1a: Seismitoad|329\/409|[from] item: Life Orb
|
|-heal|p2a: Heatran|144\/386|[from] item: Leftovers
|turn|8
|
|move|p1a: Seismitoad|Earth Power|p2a: Heatran
|-supereffective|p2a: Heatran
|-damage|p2a: Heatran|0 fnt
|-damage|p1a: Seismitoad|289\/409|[from] item: Life Orb
|faint|p2a: Heatran
|
|-sideend|p2: mexcrusader|Reflect
|join|dnknsntl
|
|switch|p2a: Excadrill|Excadrill, M|361\/361
|-damage|p2a: Excadrill|350\/361|[from] Stealth Rock
|-ability|p2a: Excadrill|Mold Breaker
|turn|9
|c|âHJ Regicide|hey
|
|switch|p1a: Tornadus-Therian|Tornadus-Therian, M|332\/332
|move|p2a: Excadrill|Earthquake|p1a: Tornadus-Therian
|-immune|p1a: Tornadus-Therian|[msg]
|
|-sideend|p2: mexcrusader|move: Light Screen
|turn|10
|
|switch|p2a: Magnezone|Magnezone|264\/281
|-damage|p2a: Magnezone|247\/281|[from] Stealth Rock
|move|p1a: Tornadus-Therian|Focus Blast|p2a: Magnezone|[miss]
|-miss|p1a: Tornadus-Therian|p2a: Magnezone
|
|turn|11
|
|move|p1a: Tornadus-Therian|U-turn|p2a: Magnezone
|-resisted|p2a: Magnezone
|-damage|p2a: Magnezone|224\/281
|
|switch|p1a: Seismitoad|Seismitoad, F|289\/409
|move|p2a: Magnezone|Flash Cannon|p1a: Seismitoad
|-resisted|p1a: Seismitoad
|-damage|p1a: Seismitoad|194\/409
|
|turn|12
|
|move|p2a: Magnezone|Flash Cannon|p1a: Seismitoad
|-resisted|p1a: Seismitoad
|-damage|p1a: Seismitoad|96\/409
|-unboost|p1a: Seismitoad|spd|1
|move|p1a: Seismitoad|Earth Power|p2a: Magnezone
|-supereffective|p2a: Magnezone
|-damage|p2a: Magnezone|0 fnt
|-damage|p1a: Seismitoad|56\/409|[from] item: Life Orb
|faint|p2a: Magnezone
|
|leave|dnknsntl
|
|switch|p2a: Scizor|Scizor, M|344\/344
|-damage|p2a: Scizor|301\/344|[from] Stealth Rock
|turn|13
|
|switch|p1a: Politoed|Politoed, F|364\/364
|-weather|RainDance
|detailschange|p2a: Scizor|Scizor-Mega, M
|message|Scizor has Mega Evolved into Mega Scizor!
|move|p2a: Scizor|Bullet Punch|p1a: Politoed
|-resisted|p1a: Politoed
|-damage|p1a: Politoed|304\/364
|
|-weather|RainDance|[upkeep]
|turn|14
|
|move|p1a: Politoed|Scald|p2a: Scizor
|-damage|p2a: Scizor|127\/344
|move|p2a: Scizor|Bug Bite|p1a: Politoed
|-damage|p1a: Politoed|106\/364
|
|-weather|RainDance|[upkeep]
|turn|15
|
|move|p1a: Politoed|Scald|p2a: Scizor
|-damage|p2a: Scizor|0 fnt
|faint|p2a: Scizor
|
|-weather|RainDance|[upkeep]
|
|switch|p2a: Excadrill|Excadrill, M|350\/361
|-damage|p2a: Excadrill|339\/361|[from] Stealth Rock
|-ability|p2a: Excadrill|Mold Breaker
|turn|16
|
|switch|p1a: Kingdra|Kingdra, M|298\/298
|move|p2a: Excadrill|Rock Slide|p1a: Kingdra
|-crit|p1a: Kingdra
|-damage|p1a: Kingdra|134\/298
|
|-weather|RainDance|[upkeep]
|turn|17
|
|move|p1a: Kingdra|Scald|p2a: Excadrill
|-supereffective|p2a: Excadrill
|-damage|p2a: Excadrill|0 fnt
|faint|p2a: Excadrill
|
|win|HJ Regicide
|raw|Ladder updating...
|raw|HJ Regicide's rating: 1607 &rarr; <strong>1621<\/strong><br \/>(+14 for winning)
|raw|mexcrusader's rating: 1500 &rarr; <strong>1486<\/strong><br \/>(-14 for losing)
|c|âHJ Regicide|6-0d