|join|TheButtBandito
|join|hj regicide
|player|p1|TheButtBandito|43
|player|p2|hj regicide|46
|gametype|singles
|gen|6
|tier|OU
|clearpoke
|poke|p1|Starmie
|poke|p1|Weavile, F
|poke|p1|Manectric, F
|poke|p1|Breloom, F
|poke|p1|Talonflame, M
|poke|p1|Clefable, M
|poke|p2|Latios, M
|poke|p2|Chesnaught, F
|poke|p2|Hippowdon, F
|poke|p2|Rotom-Wash
|poke|p2|Clefable, M
|poke|p2|Scizor, M
|rule|Swagger Clause: Swagger is banned
|rule|Baton Pass Clause: Limit one PokÃ©mon knowing Baton Pass
|rule|Sleep Clause Mod: Limit one foe put to sleep
|rule|Species Clause: Limit one of each PokÃ©mon
|rule|OHKO Clause: OHKO moves are banned
|rule|Moody Clause: Moody is banned
|rule|Evasion Moves Clause: Evasion moves are banned
|rule|Endless Battle Clause: Forcing endless battles is banned
|rule|HP Percentage Mod: HP is shown in percentages
|teampreview
|
|start
|switch|p1a: Brahms|Breloom, F|261\/261
|switch|p2a: Chesnaught|Chesnaught, F|380\/380
|turn|1
|c|âTheButtBandito|i haven't done regular ou in forever
|
|switch|p1a: Chopin|Clefable, M|394\/394
|move|p2a: Chesnaught|Spikes|p1a: Chopin
|-sidestart|p1: TheButtBandito|Spikes
|
|turn|2
|
|switch|p2a: Clefable|Clefable, M|394\/394
|move|p1a: Chopin|Stealth Rock|p2a: Clefable
|-sidestart|p2: hj regicide|move: Stealth Rock
|
|turn|3
|
|switch|p1a: Tchaik|Talonflame, M|327\/327
|move|p2a: Clefable|Calm Mind|p2a: Clefable
|-boost|p2a: Clefable|spa|1
|-boost|p2a: Clefable|spd|1
|
|turn|4
|
|switch|p2a: Rotom-Wash|Rotom-Wash|304\/304
|-damage|p2a: Rotom-Wash|266\/304|[from] Stealth Rock
|move|p1a: Tchaik|Taunt|p2a: Rotom-Wash
|-start|p2a: Rotom-Wash|move: Taunt
|
|-heal|p2a: Rotom-Wash|285\/304|[from] item: Leftovers
|turn|5
|
|switch|p1a: Chopin|Clefable, M|394\/394
|move|p2a: Rotom-Wash|Hydro Pump|p1a: Chopin
|-damage|p1a: Chopin|270\/394
|
|-heal|p2a: Rotom-Wash|304\/304|[from] item: Leftovers
|-heal|p1a: Chopin|294\/394|[from] item: Leftovers
|turn|6
|
|move|p2a: Rotom-Wash|Volt Switch|p1a: Chopin
|-damage|p1a: Chopin|221\/394
|
|switch|p2a: Hippowdon|Hippowdon, F|420\/420
|-damage|p2a: Hippowdon|394\/420|[from] Stealth Rock
|-weather|Sandstorm
|move|p1a: Chopin|Moonblast|p2a: Hippowdon
|-damage|p2a: Hippowdon|274\/420
|-unboost|p2a: Hippowdon|spa|1
|
|-weather|Sandstorm|[upkeep]
|-heal|p1a: Chopin|245\/394|[from] item: Leftovers
|-heal|p2a: Hippowdon|300\/420|[from] item: Leftovers
|turn|7
|
|move|p1a: Chopin|Soft-Boiled|p1a: Chopin
|-heal|p1a: Chopin|394\/394
|move|p2a: Hippowdon|Stealth Rock|p1a: Chopin
|-sidestart|p1: TheButtBandito|move: Stealth Rock
|
|-weather|Sandstorm|[upkeep]
|-heal|p2a: Hippowdon|326\/420|[from] item: Leftovers
|turn|8
|
|switch|p1a: Stravinsky|Starmie|261\/261
|-damage|p1a: Stravinsky|229\/261|[from] Spikes
|-damage|p1a: Stravinsky|197\/261|[from] Stealth Rock
|switch|p2a: Clefable|Clefable, M|394\/394
|
|-weather|Sandstorm|[upkeep]
|-damage|p1a: Stravinsky|181\/261|[from] sandstorm
|turn|9
|
|move|p1a: Stravinsky|Rapid Spin|p2a: Clefable
|-damage|p2a: Clefable|378\/394
|-sideend|p1: TheButtBandito|Spikes|[from] move: Rapid Spin|[of] p1a: Stravinsky
|-sideend|p1: TheButtBandito|Stealth Rock|[from] move: Rapid Spin|[of] p1a: Stravinsky
|-damage|p1a: Stravinsky|155\/261|[from] item: Life Orb
|move|p2a: Clefable|Moonblast|p1a: Stravinsky
|-damage|p1a: Stravinsky|32\/261
|
|-weather|Sandstorm|[upkeep]
|-damage|p1a: Stravinsky|16\/261|[from] sandstorm
|-heal|p2a: Clefable|394\/394|[from] item: Leftovers
|turn|10
|
|move|p1a: Stravinsky|Hydro Pump|p2a: Clefable
|-damage|p2a: Clefable|206\/394
|-damage|p1a: Stravinsky|0 fnt|[from] item: Life Orb
|faint|p1a: Stravinsky
|move|p2a: Clefable|Moonblast|p1: Stravinsky|[notarget]
|-notarget
|
|-weather|none
|-heal|p2a: Clefable|230\/394|[from] item: Leftovers
|
|switch|p1a: Tchaik|Talonflame, M|327\/327
|turn|11
|
|switch|p1a: Brahms|Breloom, F|261\/261
|move|p2a: Clefable|Soft-Boiled|p2a: Clefable
|-heal|p2a: Clefable|394\/394
|
|turn|12
|
|switch|p2a: Chesnaught|Chesnaught, F|380\/380
|-damage|p2a: Chesnaught|357\/380|[from] Stealth Rock
|move|p1a: Brahms|Spore|p2a: Chesnaught
|-fail|p2a: Chesnaught
|
|-heal|p2a: Chesnaught|380\/380|[from] item: Leftovers
|turn|13
|
|switch|p1a: Mendelssohn|Manectric, F|281\/281
|move|p2a: Chesnaught|Spikes|p1a: Mendelssohn
|-sidestart|p1: TheButtBandito|Spikes
|
|turn|14
|
|switch|p2a: Clefable|Clefable, M|394\/394
|detailschange|p1a: Mendelssohn|Manectric-Mega, F
|message|Manectric has Mega Evolved into Mega Manectric!
|-ability|p1a: Mendelssohn|Intimidate|[of] p2a: Clefable
|-unboost|p2a: Clefable|atk|1
|move|p1a: Mendelssohn|Flamethrower|p2a: Clefable
|-damage|p2a: Clefable|296\/394
|
|-heal|p2a: Clefable|320\/394|[from] item: Leftovers
|turn|15
|
|move|p1a: Mendelssohn|Volt Switch|p2a: Clefable
|-damage|p2a: Clefable|203\/394
|
|switch|p1a: Tchaik|Talonflame, M|327\/327
|move|p2a: Clefable|Calm Mind|p2a: Clefable
|-boost|p2a: Clefable|spa|1
|-boost|p2a: Clefable|spd|1
|
|-heal|p2a: Clefable|227\/394|[from] item: Leftovers
|turn|16
|
|move|p1a: Tchaik|Taunt|p2a: Clefable
|-start|p2a: Clefable|move: Taunt
|cant|p2a: Clefable|move: Taunt|Soft-Boiled
|
|-heal|p2a: Clefable|251\/394|[from] item: Leftovers
|turn|17
|
|switch|p1a: Brahms|Breloom, F|261\/261
|-damage|p1a: Brahms|229\/261|[from] Spikes
|switch|p2a: Rotom-Wash|Rotom-Wash|304\/304
|-damage|p2a: Rotom-Wash|266\/304|[from] Stealth Rock
|
|-heal|p2a: Rotom-Wash|285\/304|[from] item: Leftovers
|turn|18
|
|switch|p1a: Mendelssohn|Manectric-Mega, F|281\/281
|-damage|p1a: Mendelssohn|246\/281|[from] Spikes
|-ability|p1a: Mendelssohn|Intimidate|[of] p2a: Rotom-Wash
|-unboost|p2a: Rotom-Wash|atk|1
|switch|p2a: Chesnaught|Chesnaught, F|380\/380
|-damage|p2a: Chesnaught|357\/380|[from] Stealth Rock
|
|-heal|p2a: Chesnaught|380\/380|[from] item: Leftovers
|turn|19
|
|move|p1a: Mendelssohn|Volt Switch|p2a: Chesnaught
|-resisted|p2a: Chesnaught
|-damage|p2a: Chesnaught|305\/380
|
|switch|p1a: Tchaik|Talonflame, M|327\/327
|move|p2a: Chesnaught|Leech Seed|p1a: Tchaik
|-start|p1a: Tchaik|move: Leech Seed
|
|-heal|p2a: Chesnaught|328\/380|[from] item: Leftovers
|-damage|p1a: Tchaik|287\/327|[from] Leech Seed|[of] p2a: Chesnaught
|-heal|p2a: Chesnaught|368\/380|[silent]
|turn|20
|
|switch|p1a: Chopin|Clefable, M|394\/394
|move|p2a: Chesnaught|Spiky Shield|p2a: Chesnaught
|-fail|p2a: Chesnaught
|
|-heal|p2a: Chesnaught|380\/380|[from] item: Leftovers
|turn|21
|
|switch|p2a: Hippowdon|Hippowdon, F|326\/420
|-damage|p2a: Hippowdon|300\/420|[from] Stealth Rock
|-weather|Sandstorm
|move|p1a: Chopin|Calm Mind|p1a: Chopin
|-boost|p1a: Chopin|spa|1
|-boost|p1a: Chopin|spd|1
|
|-weather|Sandstorm|[upkeep]
|-heal|p2a: Hippowdon|326\/420|[from] item: Leftovers
|turn|22
|
|move|p1a: Chopin|Moonblast|p2a: Hippowdon
|-damage|p2a: Hippowdon|133\/420
|move|p2a: Hippowdon|Stealth Rock|p1a: Chopin
|-sidestart|p1: TheButtBandito|move: Stealth Rock
|
|-weather|Sandstorm|[upkeep]
|-heal|p2a: Hippowdon|159\/420|[from] item: Leftovers
|turn|23
|
|switch|p2a: Clefable|Clefable, M|251\/394
|move|p1a: Chopin|Moonblast|p2a: Clefable
|-damage|p2a: Clefable|110\/394
|
|-weather|Sandstorm|[upkeep]
|-heal|p2a: Clefable|134\/394|[from] item: Leftovers
|turn|24
|
|move|p1a: Chopin|Moonblast|p2a: Clefable
|-damage|p2a: Clefable|0 fnt
|faint|p2a: Clefable
|
|-weather|Sandstorm|[upkeep]
|
|switch|p2a: Scizor|Scizor, M|289\/289
|-damage|p2a: Scizor|253\/289|[from] Stealth Rock
|turn|25
|
|switch|p1a: Mendelssohn|Manectric-Mega, F|246\/281
|-damage|p1a: Mendelssohn|211\/281|[from] Spikes
|-damage|p1a: Mendelssohn|176\/281|[from] Stealth Rock
|-ability|p1a: Mendelssohn|Intimidate|[of] p2a: Scizor
|-unboost|p2a: Scizor|atk|1
|detailschange|p2a: Scizor|Scizor-Mega, M
|message|Scizor has Mega Evolved into Mega Scizor!
|move|p2a: Scizor|Bullet Punch|p1a: Mendelssohn
|-resisted|p1a: Mendelssohn
|-damage|p1a: Mendelssohn|126\/281
|
|-weather|none
|turn|26
|
|switch|p2a: Latios|Latios, M|302\/302
|-damage|p2a: Latios|265\/302|[from] Stealth Rock
|move|p1a: Mendelssohn|Flamethrower|p2a: Latios
|-resisted|p2a: Latios
|-damage|p2a: Latios|214\/302
|
|turn|27
|
|switch|p1a: Chopin|Clefable, M|394\/394
|move|p2a: Latios|Psyshock|p1a: Chopin
|-damage|p1a: Chopin|183\/394
|-damage|p2a: Latios|184\/302|[from] item: Life Orb
|
|-heal|p1a: Chopin|207\/394|[from] item: Leftovers
|turn|28
|
|switch|p1a: Widor|Weavile, F|281\/281
|-damage|p1a: Widor|211\/281|[from] Stealth Rock
|-damage|p1a: Widor|176\/281|[from] Spikes
|-ability|p1a: Widor|Pressure
|move|p2a: Latios|Psyshock|p1a: Widor
|-immune|p1a: Widor|[msg]
|
|turn|29
|
|switch|p2a: Scizor|Scizor-Mega, M|253\/289
|-damage|p2a: Scizor|217\/289|[from] Stealth Rock
|move|p1a: Widor|Knock Off|p2a: Scizor
|-damage|p2a: Scizor|110\/289
|-damage|p1a: Widor|148\/281|[from] item: Life Orb
|
|turn|30
|
|switch|p1a: Mendelssohn|Manectric-Mega, F|126\/281
|-damage|p1a: Mendelssohn|91\/281|[from] Spikes
|-damage|p1a: Mendelssohn|56\/281|[from] Stealth Rock
|-ability|p1a: Mendelssohn|Intimidate|[of] p2a: Scizor
|-unboost|p2a: Scizor|atk|1
|move|p2a: Scizor|Roost|p2a: Scizor
|-heal|p2a: Scizor|255\/289
|
|turn|31
|
|switch|p2a: Latios|Latios, M|184\/302
|-damage|p2a: Latios|147\/302|[from] Stealth Rock
|move|p1a: Mendelssohn|Hidden Power|p2a: Latios
|-supereffective|p2a: Latios
|-damage|p2a: Latios|17\/302
|
|turn|32
|
|move|p1a: Mendelssohn|Flamethrower|p2a: Latios
|-resisted|p2a: Latios
|-damage|p2a: Latios|0 fnt
|faint|p2a: Latios
|
|
|switch|p2a: Hippowdon|Hippowdon, F|159\/420
|-damage|p2a: Hippowdon|133\/420|[from] Stealth Rock
|-weather|Sandstorm
|turn|33
|
|switch|p2a: Rotom-Wash|Rotom-Wash|285\/304
|-damage|p2a: Rotom-Wash|247\/304|[from] Stealth Rock
|move|p1a: Mendelssohn|Hidden Power|p2a: Rotom-Wash
|-resisted|p2a: Rotom-Wash
|-damage|p2a: Rotom-Wash|211\/304
|
|-weather|Sandstorm|[upkeep]
|-damage|p1a: Mendelssohn|39\/281|[from] sandstorm
|-damage|p2a: Rotom-Wash|192\/304|[from] sandstorm
|-heal|p2a: Rotom-Wash|211\/304|[from] item: Leftovers
|turn|34
|
|move|p1a: Mendelssohn|Thunderbolt|p2a: Rotom-Wash
|-damage|p2a: Rotom-Wash|54\/304
|move|p2a: Rotom-Wash|Volt Switch|p1a: Mendelssohn
|-resisted|p1a: Mendelssohn
|-damage|p1a: Mendelssohn|0 fnt
|faint|p1a: Mendelssohn
|
|switch|p2a: Scizor|Scizor-Mega, M|255\/289
|-damage|p2a: Scizor|219\/289|[from] Stealth Rock
|
|-weather|Sandstorm|[upkeep]
|
|switch|p1a: Brahms|Breloom, F|229\/261
|-damage|p1a: Brahms|213\/261|[from] Stealth Rock
|-damage|p1a: Brahms|181\/261|[from] Spikes
|turn|35
|
|switch|p2a: Chesnaught|Chesnaught, F|380\/380
|-damage|p2a: Chesnaught|357\/380|[from] Stealth Rock
|move|p1a: Brahms|Rock Tomb|p2a: Chesnaught
|-resisted|p2a: Chesnaught
|-damage|p2a: Chesnaught|326\/380
|-unboost|p2a: Chesnaught|spe|1
|
|-weather|Sandstorm|[upkeep]
|-damage|p1a: Brahms|165\/261|[from] sandstorm
|-damage|p2a: Chesnaught|303\/380|[from] sandstorm
|-heal|p2a: Chesnaught|326\/380|[from] item: Leftovers
|turn|36
|
|switch|p1a: Tchaik|Talonflame, M|287\/327
|-damage|p1a: Tchaik|124\/327|[from] Stealth Rock
|move|p2a: Chesnaught|Spikes|p1a: Tchaik
|-sidestart|p1: TheButtBandito|Spikes
|
|-weather|Sandstorm|[upkeep]
|-damage|p1a: Tchaik|104\/327|[from] sandstorm
|-damage|p2a: Chesnaught|303\/380|[from] sandstorm
|-heal|p2a: Chesnaught|326\/380|[from] item: Leftovers
|turn|37
|
|move|p1a: Tchaik|Swords Dance|p1a: Tchaik
|-boost|p1a: Tchaik|atk|2
|move|p2a: Chesnaught|Hammer Arm|p1a: Tchaik
|-resisted|p1a: Tchaik
|-damage|p1a: Tchaik|22\/327
|-unboost|p2a: Chesnaught|spe|1
|
|-weather|none
|-heal|p2a: Chesnaught|349\/380|[from] item: Leftovers
|turn|38
|
|move|p2a: Chesnaught|Spiky Shield|p2a: Chesnaught
|-singleturn|p2a: Chesnaught|move: Protect
|move|p1a: Tchaik|Roost|p1a: Tchaik
|-heal|p1a: Tchaik|186\/327
|
|-heal|p2a: Chesnaught|372\/380|[from] item: Leftovers
|turn|39
|
|move|p1a: Tchaik|Brave Bird|p2a: Chesnaught
|-supereffective|p2a: Chesnaught
|-damage|p2a: Chesnaught|0 fnt
|-damage|p1a: Tchaik|63\/327|[from] recoil|[of] p2a: Chesnaught
|faint|p2a: Chesnaught
|
|
|switch|p2a: Scizor|Scizor-Mega, M|219\/289
|-damage|p2a: Scizor|183\/289|[from] Stealth Rock
|turn|40
|
|switch|p2a: Hippowdon|Hippowdon, F|133\/420
|-damage|p2a: Hippowdon|107\/420|[from] Stealth Rock
|-weather|Sandstorm
|move|p1a: Tchaik|Brave Bird|p2a: Hippowdon
|-crit|p2a: Hippowdon
|-damage|p2a: Hippowdon|0 fnt
|-damage|p1a: Tchaik|28\/327|[from] recoil|[of] p2a: Hippowdon
|faint|p2a: Hippowdon
|
|-weather|Sandstorm|[upkeep]
|-damage|p1a: Tchaik|8\/327|[from] sandstorm
|
|switch|p2a: Rotom-Wash|Rotom-Wash|54\/304
|-damage|p2a: Rotom-Wash|16\/304|[from] Stealth Rock
|turn|41
|
|move|p1a: Tchaik|Roost|p1a: Tchaik
|-heal|p1a: Tchaik|172\/327
|move|p2a: Rotom-Wash|Hydro Pump|p1a: Tchaik
|-supereffective|p1a: Tchaik
|-damage|p1a: Tchaik|0 fnt
|faint|p1a: Tchaik
|
|-weather|Sandstorm|[upkeep]
|-damage|p2a: Rotom-Wash|0 fnt|[from] sandstorm
|faint|p2a: Rotom-Wash
|c|âTheButtBandito|was prayin for mixhax
|
|switch|p1a: Brahms|Breloom, F|165\/261
|-damage|p1a: Brahms|149\/261|[from] Stealth Rock
|-damage|p1a: Brahms|106\/261|[from] Spikes
|switch|p2a: Scizor|Scizor-Mega, M|183\/289
|-damage|p2a: Scizor|147\/289|[from] Stealth Rock
|turn|42
|
|move|p1a: Brahms|Mach Punch|p2a: Scizor
|-damage|p2a: Scizor|72\/289
|move|p2a: Scizor|Roost|p2a: Scizor
|-heal|p2a: Scizor|217\/289
|
|-weather|Sandstorm|[upkeep]
|-damage|p1a: Brahms|90\/261|[from] sandstorm
|turn|43
|
|move|p2a: Scizor|Bullet Punch|p1a: Brahms
|-damage|p1a: Brahms|0 fnt
|faint|p1a: Brahms
|
|-weather|Sandstorm|[upkeep]
|
|switch|p1a: Chopin|Clefable, M|207\/394
|turn|44
|
|move|p2a: Scizor|Bullet Punch|p1a: Chopin
|-supereffective|p1a: Chopin
|-damage|p1a: Chopin|0 fnt
|faint|p1a: Chopin
|
|-weather|none
|c|âTheButtBandito|shoulda spored
|
|switch|p1a: Widor|Weavile, F|148\/281
|-damage|p1a: Widor|102\/281|[from] Spikes
|-damage|p1a: Widor|32\/281|[from] Stealth Rock
|-ability|p1a: Widor|Pressure
|turn|45
|c|âTheButtBandito|welp
|
|move|p1a: Widor|Ice Shard|p2a: Scizor
|-resisted|p2a: Scizor
|-damage|p2a: Scizor|182\/289
|-damage|p1a: Widor|4\/281|[from] item: Life Orb
|move|p2a: Scizor|Bullet Punch|p1a: Widor
|-supereffective|p1a: Widor
|-damage|p1a: Widor|0 fnt
|faint|p1a: Widor
|
|win|hj regicide
|leave|TheButtBandito
|player|p1