|join|GabrielAgati
|join|hj regicide
|player|p1|GabrielAgati|120
|player|p2|hj regicide|46
|gametype|singles
|gen|6
|tier|OU
|rated
|clearpoke
|poke|p1|Magnezone
|poke|p1|Charizard, F
|poke|p1|Landorus-Therian, M
|poke|p1|Rotom-Wash
|poke|p1|Mew
|poke|p1|Conkeldurr, F
|poke|p2|Latios, M
|poke|p2|Chesnaught, F
|poke|p2|Hippowdon, M
|poke|p2|Rotom-Wash
|poke|p2|Clefable, F
|poke|p2|Scizor, F
|rule|Swagger Clause: Swagger is banned
|rule|Baton Pass Clause: Limit one PokÃ©mon knowing Baton Pass
|rule|Sleep Clause Mod: Limit one foe put to sleep
|rule|Species Clause: Limit one of each PokÃ©mon
|rule|OHKO Clause: OHKO moves are banned
|rule|Moody Clause: Moody is banned
|rule|Evasion Moves Clause: Evasion moves are banned
|rule|Endless Battle Clause: Forcing endless battles is banned
|rule|HP Percentage Mod: HP is shown in percentages
|teampreview
|
|start
|switch|p1a: Red|Charizard, F|297\/297
|switch|p2a: Clefable|Clefable, F|394\/394
|turn|1
|
|switch|p2a: Hippowdon|Hippowdon, M|420\/420
|-weather|Sandstorm
|move|p1a: Red|Dragon Dance|p1a: Red
|-boost|p1a: Red|atk|1
|-boost|p1a: Red|spe|1
|
|-weather|Sandstorm|[upkeep]
|-damage|p1a: Red|279\/297|[from] sandstorm
|turn|2
|
|move|p1a: Red|Dragon Dance|p1a: Red
|-boost|p1a: Red|atk|1
|-boost|p1a: Red|spe|1
|move|p2a: Hippowdon|Rock Slide|p1a: Red
|-supereffective|p1a: Red
|-damage|p1a: Red|0 fnt
|faint|p1a: Red
|
|-weather|Sandstorm|[upkeep]
|
|switch|p1a: Modinha Monster|Landorus-Therian, M|381\/381
|-ability|p1a: Modinha Monster|Intimidate|[of] p2a: Hippowdon
|-unboost|p2a: Hippowdon|atk|1
|turn|3
|
|move|p1a: Modinha Monster|Stealth Rock|p2a: Hippowdon
|-sidestart|p2: hj regicide|move: Stealth Rock
|move|p2a: Hippowdon|Stealth Rock|p1a: Modinha Monster
|-sidestart|p1: GabrielAgati|move: Stealth Rock
|
|-weather|Sandstorm|[upkeep]
|turn|4
|
|move|p1a: Modinha Monster|Knock Off|p2a: Hippowdon
|-damage|p2a: Hippowdon|328\/420
|-enditem|p2a: Hippowdon|Leftovers|[from] move: Knock Off|[of] p1a: Modinha Monster
|move|p2a: Hippowdon|Rock Slide|p1a: Modinha Monster
|-damage|p1a: Modinha Monster|339\/381
|
|-weather|Sandstorm|[upkeep]
|-heal|p1a: Modinha Monster|362\/381|[from] item: Leftovers
|turn|5
|
|move|p1a: Modinha Monster|Earthquake|p2a: Hippowdon
|-damage|p2a: Hippowdon|183\/420
|move|p2a: Hippowdon|Slack Off|p2a: Hippowdon
|-heal|p2a: Hippowdon|393\/420
|
|-weather|none
|-heal|p1a: Modinha Monster|381\/381|[from] item: Leftovers
|turn|6
|
|switch|p2a: Rotom-Wash|Rotom-Wash|304\/304
|-damage|p2a: Rotom-Wash|266\/304|[from] Stealth Rock
|move|p1a: Modinha Monster|Earthquake|p2a: Rotom-Wash
|-immune|p2a: Rotom-Wash|[msg]
|
|-heal|p2a: Rotom-Wash|285\/304|[from] item: Leftovers
|turn|7
|
|move|p2a: Rotom-Wash|Volt Switch|p1a: Modinha Monster
|-immune|p1a: Modinha Monster|[msg]
|move|p1a: Modinha Monster|U-turn|p2a: Rotom-Wash
|-damage|p2a: Rotom-Wash|220\/304
|
|switch|p1a: Marchal|Conkeldurr, F|414\/414
|-damage|p1a: Marchal|389\/414|[from] Stealth Rock
|
|-heal|p2a: Rotom-Wash|239\/304|[from] item: Leftovers
|turn|8
|
|move|p2a: Rotom-Wash|Volt Switch|p1a: Marchal
|-damage|p1a: Marchal|311\/414
|
|switch|p2a: Chesnaught|Chesnaught, F|380\/380
|-damage|p2a: Chesnaught|357\/380|[from] Stealth Rock
|move|p1a: Marchal|Knock Off|p2a: Chesnaught
|-resisted|p2a: Chesnaught
|-damage|p2a: Chesnaught|316\/380
|-enditem|p2a: Chesnaught|Leftovers|[from] move: Knock Off|[of] p1a: Marchal
|
|turn|9
|
|switch|p1a: New Species|Mew|404\/404
|-damage|p1a: New Species|354\/404|[from] Stealth Rock
|move|p2a: Chesnaught|Leech Seed|p1a: New Species
|-start|p1a: New Species|move: Leech Seed
|
|-heal|p1a: New Species|379\/404|[from] item: Leftovers
|-damage|p1a: New Species|329\/404|[from] Leech Seed|[of] p2a: Chesnaught
|-heal|p2a: Chesnaught|366\/380|[silent]
|turn|10
|
|switch|p1a: Modinha Monster|Landorus-Therian, M|381\/381
|-damage|p1a: Modinha Monster|334\/381|[from] Stealth Rock
|-ability|p1a: Modinha Monster|Intimidate|[of] p2a: Chesnaught
|-unboost|p2a: Chesnaught|atk|1
|switch|p2a: Clefable|Clefable, F|394\/394
|
|-heal|p1a: Modinha Monster|357\/381|[from] item: Leftovers
|turn|11
|
|switch|p2a: Rotom-Wash|Rotom-Wash|239\/304
|-damage|p2a: Rotom-Wash|201\/304|[from] Stealth Rock
|move|p1a: Modinha Monster|Earthquake|p2a: Rotom-Wash
|-immune|p2a: Rotom-Wash|[msg]
|
|-heal|p2a: Rotom-Wash|220\/304|[from] item: Leftovers
|-heal|p1a: Modinha Monster|380\/381|[from] item: Leftovers
|turn|12
|
|switch|p1a: Marchal|Conkeldurr, F|311\/414
|-damage|p1a: Marchal|286\/414|[from] Stealth Rock
|move|p2a: Rotom-Wash|Hydro Pump|p1a: Marchal
|-damage|p1a: Marchal|157\/414
|
|-heal|p2a: Rotom-Wash|239\/304|[from] item: Leftovers
|turn|13
|
|move|p2a: Rotom-Wash|Volt Switch|p1a: Marchal
|-damage|p1a: Marchal|70\/414
|
|switch|p2a: Clefable|Clefable, F|394\/394
|move|p1a: Marchal|Drain Punch|p2a: Clefable
|-resisted|p2a: Clefable
|-damage|p2a: Clefable|316\/394
|-heal|p1a: Marchal|109\/414|[from] drain|[of] p2a: Clefable
|
|-heal|p2a: Clefable|340\/394|[from] item: Leftovers
|turn|14
|
|switch|p1a: Danger Zone|Magnezone|281\/281
|-damage|p1a: Danger Zone|264\/281|[from] Stealth Rock
|move|p2a: Clefable|Moonblast|p1a: Danger Zone
|-resisted|p1a: Danger Zone
|-damage|p1a: Danger Zone|210\/281
|-unboost|p1a: Danger Zone|spa|1
|
|-heal|p2a: Clefable|364\/394|[from] item: Leftovers
|turn|15
|
|switch|p1a: Modinha Monster|Landorus-Therian, M|380\/381
|-damage|p1a: Modinha Monster|333\/381|[from] Stealth Rock
|-ability|p1a: Modinha Monster|Intimidate|[of] p2a: Clefable
|-unboost|p2a: Clefable|atk|1
|move|p2a: Clefable|Calm Mind|p2a: Clefable
|-boost|p2a: Clefable|spa|1
|-boost|p2a: Clefable|spd|1
|
|-heal|p1a: Modinha Monster|356\/381|[from] item: Leftovers
|-heal|p2a: Clefable|388\/394|[from] item: Leftovers
|turn|16
|-message|GabrielAgati forfeited.
|
|win|hj regicide
|raw|Ladder updating...
|leave|GabrielAgati
|player|p1
|raw|GabrielAgati's rating: 1640 &rarr; <strong>1621<\/strong><br \/>(-19 for losing)
|raw|hj regicide's rating: 1653 &rarr; <strong>1673<\/strong><br \/>(+20 for winning)