|join|Gsebastian bot v
|join|hj regicide
|player|p1|Gsebastian bot v|267
|player|p2|hj regicide|293
|gametype|singles
|gen|6
|tier|OU
|rated
|clearpoke
|poke|p1|Aerodactyl, F
|poke|p1|Metagross
|poke|p1|Talonflame, M
|poke|p1|Gengar, M
|poke|p1|Thundurus, M
|poke|p1|Bisharp, M
|poke|p2|Celebi
|poke|p2|Cobalion
|poke|p2|Hippowdon, M
|poke|p2|Gliscor, F
|poke|p2|Altaria, M
|poke|p2|Tentacruel, M
|rule|Swagger Clause: Swagger is banned
|rule|Baton Pass Clause: Limit one PokÃ©mon knowing Baton Pass
|rule|Sleep Clause Mod: Limit one foe put to sleep
|rule|Species Clause: Limit one of each PokÃ©mon
|rule|OHKO Clause: OHKO moves are banned
|rule|Moody Clause: Moody is banned
|rule|Evasion Moves Clause: Evasion moves are banned
|rule|Endless Battle Clause: Forcing endless battles is banned
|rule|HP Percentage Mod: HP is shown in percentages
|teampreview
|
|start
|switch|p1a: Aerodactyl|Aerodactyl, F|301\/301
|switch|p2a: Cobalion|Cobalion|386\/386
|-ability|p1a: Aerodactyl|Pressure
|turn|1
|
|move|p1a: Aerodactyl|Taunt|p2a: Cobalion
|-start|p2a: Cobalion|move: Taunt
|cant|p2a: Cobalion|move: Taunt|Thunder Wave
|
|turn|2
|
|move|p1a: Aerodactyl|Stealth Rock|p2a: Cobalion
|-sidestart|p2: hj regicide|move: Stealth Rock
|move|p2a: Cobalion|Iron Head|p1a: Aerodactyl
|-supereffective|p1a: Aerodactyl
|-damage|p1a: Aerodactyl|59\/301
|
|turn|3
|
|move|p1a: Aerodactyl|Fire Blast|p2a: Cobalion|[miss]
|-miss|p1a: Aerodactyl|p2a: Cobalion
|move|p2a: Cobalion|Iron Head|p1a: Aerodactyl
|-supereffective|p1a: Aerodactyl
|-damage|p1a: Aerodactyl|0 fnt
|faint|p1a: Aerodactyl
|
|-end|p2a: Cobalion|move: Taunt
|
|switch|p1a: Thundurus|Thundurus, M|299\/299
|turn|4
|
|move|p1a: Thundurus|Nasty Plot|p1a: Thundurus
|-boost|p1a: Thundurus|spa|2
|move|p2a: Cobalion|Stealth Rock|p1a: Thundurus
|-sidestart|p1: Gsebastian bot v|move: Stealth Rock
|
|turn|5
|
|move|p1a: Thundurus|Nasty Plot|p1a: Thundurus
|-boost|p1a: Thundurus|spa|2
|move|p2a: Cobalion|Close Combat|p1a: Thundurus
|-resisted|p1a: Thundurus
|-damage|p1a: Thundurus|212\/299
|-unboost|p2a: Cobalion|def|1
|-unboost|p2a: Cobalion|spd|1
|
|-heal|p1a: Thundurus|230\/299|[from] item: Leftovers
|turn|6
|
|move|p1a: Thundurus|Psychic|p2a: Cobalion
|-damage|p2a: Cobalion|0 fnt
|faint|p2a: Cobalion
|
|-heal|p1a: Thundurus|248\/299|[from] item: Leftovers
|
|switch|p2a: Altaria|Altaria, M|354\/354
|-damage|p2a: Altaria|266\/354|[from] Stealth Rock
|turn|7
|
|detailschange|p2a: Altaria|Altaria-Mega, M
|-mega|p2a: Altaria|Altaria|Altarianite
|move|p1a: Thundurus|Psychic|p2a: Altaria
|-damage|p2a: Altaria|9\/354
|-unboost|p2a: Altaria|spd|1
|move|p2a: Altaria|Dragon Dance|p2a: Altaria
|-boost|p2a: Altaria|atk|1
|-boost|p2a: Altaria|spe|1
|
|-heal|p1a: Thundurus|266\/299|[from] item: Leftovers
|turn|8
|
|move|p2a: Altaria|Return|p1a: Thundurus
|-damage|p1a: Thundurus|0 fnt
|faint|p1a: Thundurus
|
|
|switch|p1a: Metagross|Metagross|301\/301
|-damage|p1a: Metagross|283\/301|[from] Stealth Rock
|turn|9
|
|detailschange|p1a: Metagross|Metagross-Mega
|-mega|p1a: Metagross|Metagross|Metagrossite
|move|p1a: Metagross|Bullet Punch|p2a: Altaria
|-supereffective|p2a: Altaria
|-damage|p2a: Altaria|0 fnt
|faint|p2a: Altaria
|
|
|switch|p2a: Hippowdon|Hippowdon, M|420\/420
|-damage|p2a: Hippowdon|394\/420|[from] Stealth Rock
|-weather|Sandstorm
|turn|10
|
|switch|p2a: Tentacruel|Tentacruel, M|363\/363
|-damage|p2a: Tentacruel|318\/363|[from] Stealth Rock
|move|p1a: Metagross|Zen Headbutt|p2a: Tentacruel
|-supereffective|p2a: Tentacruel
|-damage|p2a: Tentacruel|0 fnt
|faint|p2a: Tentacruel
|
|-weather|Sandstorm|[upkeep]
|
|switch|p2a: Hippowdon|Hippowdon, M|394\/420
|-damage|p2a: Hippowdon|368\/420|[from] Stealth Rock
|turn|11
|
|switch|p1a: Gengar|Gengar, M|261\/261
|-damage|p1a: Gengar|229\/261|[from] Stealth Rock
|move|p2a: Hippowdon|Rock Slide|p1a: Gengar
|-damage|p1a: Gengar|127\/261
|
|-weather|Sandstorm|[upkeep]
|-damage|p1a: Gengar|111\/261|[from] sandstorm
|-heal|p2a: Hippowdon|394\/420|[from] item: Leftovers
|turn|12
|
|switch|p2a: Celebi|Celebi|404\/404
|-damage|p2a: Celebi|354\/404|[from] Stealth Rock
|move|p1a: Gengar|Shadow Ball|p2a: Celebi
|-supereffective|p2a: Celebi
|-damage|p2a: Celebi|0 fnt
|-damage|p1a: Gengar|85\/261|[from] item: Life Orb
|faint|p2a: Celebi
|
|-weather|Sandstorm|[upkeep]
|-damage|p1a: Gengar|69\/261|[from] sandstorm
|
|switch|p2a: Gliscor|Gliscor, F|352\/352
|-damage|p2a: Gliscor|308\/352|[from] Stealth Rock
|turn|13
|
|switch|p1a: Bisharp|Bisharp, M|271\/271
|-damage|p1a: Bisharp|255\/271|[from] Stealth Rock
|move|p2a: Gliscor|Knock Off|p1a: Bisharp
|-resisted|p1a: Bisharp
|-damage|p1a: Bisharp|221\/271
|-enditem|p1a: Bisharp|Life Orb|[from] move: Knock Off|[of] p2a: Gliscor
|
|-weather|Sandstorm|[upkeep]
|-status|p2a: Gliscor|tox|[from] item: Toxic Orb
|turn|14
|
|move|p2a: Gliscor|Earthquake|p1a: Bisharp
|-supereffective|p1a: Bisharp
|-damage|p1a: Bisharp|0 fnt
|faint|p1a: Bisharp
|
|-weather|none
|-heal|p2a: Gliscor|352\/352 tox|[from] ability: Poison Heal
|
|switch|p1a: Metagross|Metagross-Mega|283\/301
|-damage|p1a: Metagross|265\/301|[from] Stealth Rock
|turn|15
|
|switch|p2a: Hippowdon|Hippowdon, M|394\/420
|-damage|p2a: Hippowdon|368\/420|[from] Stealth Rock
|-weather|Sandstorm
|move|p1a: Metagross|Meteor Mash|p2a: Hippowdon
|-damage|p2a: Hippowdon|229\/420
|
|-weather|Sandstorm|[upkeep]
|-heal|p2a: Hippowdon|255\/420|[from] item: Leftovers
|turn|16
|
|move|p1a: Metagross|Zen Headbutt|p2a: Hippowdon
|-damage|p2a: Hippowdon|113\/420
|cant|p2a: Hippowdon|flinch
|
|-weather|Sandstorm|[upkeep]
|-heal|p2a: Hippowdon|139\/420|[from] item: Leftovers
|turn|17
|
|move|p1a: Metagross|Meteor Mash|p2a: Hippowdon
|-damage|p2a: Hippowdon|1\/420
|move|p2a: Hippowdon|Slack Off|p2a: Hippowdon
|-heal|p2a: Hippowdon|211\/420
|
|-weather|Sandstorm|[upkeep]
|-heal|p2a: Hippowdon|237\/420|[from] item: Leftovers
|turn|18
|
|move|p1a: Metagross|Zen Headbutt|p2a: Hippowdon|[miss]
|-miss|p1a: Metagross|p2a: Hippowdon
|move|p2a: Hippowdon|Slack Off|p2a: Hippowdon
|-heal|p2a: Hippowdon|420\/420
|
|-weather|Sandstorm|[upkeep]
|turn|19
|
|move|p1a: Metagross|Zen Headbutt|p2a: Hippowdon
|-damage|p2a: Hippowdon|299\/420
|move|p2a: Hippowdon|Slack Off|p2a: Hippowdon
|-heal|p2a: Hippowdon|420\/420
|
|-weather|none
|turn|20
|
|move|p1a: Metagross|Zen Headbutt|p2a: Hippowdon
|-damage|p2a: Hippowdon|299\/420
|move|p2a: Hippowdon|Rock Slide|p1a: Metagross
|-resisted|p1a: Metagross
|-damage|p1a: Metagross|244\/301
|
|-heal|p2a: Hippowdon|325\/420|[from] item: Leftovers
|turn|21
|
|move|p1a: Metagross|Meteor Mash|p2a: Hippowdon|[miss]
|-miss|p1a: Metagross|p2a: Hippowdon
|move|p2a: Hippowdon|Slack Off|p2a: Hippowdon
|-heal|p2a: Hippowdon|420\/420
|
|turn|22
|
|move|p1a: Metagross|Meteor Mash|p2a: Hippowdon
|-damage|p2a: Hippowdon|258\/420
|move|p2a: Hippowdon|Earthquake|p1a: Metagross
|-supereffective|p1a: Metagross
|-damage|p1a: Metagross|50\/301
|
|-heal|p2a: Hippowdon|284\/420|[from] item: Leftovers
|turn|23
|
|move|p1a: Metagross|Meteor Mash|p2a: Hippowdon|[miss]
|-miss|p1a: Metagross|p2a: Hippowdon
|move|p2a: Hippowdon|Slack Off|p2a: Hippowdon
|-heal|p2a: Hippowdon|420\/420
|
|turn|24
|
|move|p1a: Metagross|Meteor Mash|p2a: Hippowdon
|-damage|p2a: Hippowdon|273\/420
|move|p2a: Hippowdon|Earthquake|p1a: Metagross
|-supereffective|p1a: Metagross
|-damage|p1a: Metagross|0 fnt
|faint|p1a: Metagross
|
|-heal|p2a: Hippowdon|299\/420|[from] item: Leftovers
|
|switch|p1a: Gengar|Gengar, M|69\/261
|-damage|p1a: Gengar|37\/261|[from] Stealth Rock
|turn|25
|
|switch|p2a: Gliscor|Gliscor, F|352\/352 tox
|-damage|p2a: Gliscor|308\/352 tox|[from] Stealth Rock
|move|p1a: Gengar|Shadow Ball|p2a: Gliscor
|-damage|p2a: Gliscor|133\/352 tox
|-damage|p1a: Gengar|11\/261|[from] item: Life Orb
|
|-heal|p2a: Gliscor|177\/352 tox|[from] ability: Poison Heal
|turn|26
|
|move|p1a: Gengar|Shadow Ball|p2a: Gliscor
|-damage|p2a: Gliscor|5\/352 tox
|-damage|p1a: Gengar|0 fnt|[from] item: Life Orb
|faint|p1a: Gengar
|move|p2a: Gliscor|Roost|p2a: Gliscor
|-heal|p2a: Gliscor|181\/352 tox
|
|-heal|p2a: Gliscor|225\/352 tox|[from] ability: Poison Heal
|c|âGsebastian bot v|full def esp
|c|âGsebastian bot v|cx
|
|switch|p1a: Talonflame|Talonflame, M|297\/297
|-damage|p1a: Talonflame|149\/297|[from] Stealth Rock
|turn|27
|
|switch|p2a: Hippowdon|Hippowdon, M|299\/420
|-damage|p2a: Hippowdon|273\/420|[from] Stealth Rock
|-weather|Sandstorm
|move|p1a: Talonflame|Brave Bird|p2a: Hippowdon
|-damage|p2a: Hippowdon|99\/420
|-damage|p1a: Talonflame|92\/297|[from] recoil|[of] p2a: Hippowdon
|
|-weather|Sandstorm|[upkeep]
|-damage|p1a: Talonflame|74\/297|[from] sandstorm
|-heal|p2a: Hippowdon|125\/420|[from] item: Leftovers
|turn|28
|
|switch|p2a: Gliscor|Gliscor, F|225\/352 tox
|-damage|p2a: Gliscor|181\/352 tox|[from] Stealth Rock
|move|p1a: Talonflame|Brave Bird|p2a: Gliscor
|-damage|p2a: Gliscor|0 fnt
|-damage|p1a: Talonflame|14\/297|[from] recoil|[of] p2a: Gliscor
|faint|p2a: Gliscor
|
|-weather|Sandstorm|[upkeep]
|-damage|p1a: Talonflame|0 fnt|[from] sandstorm
|faint|p1a: Talonflame
|
|win|hj regicide
|raw|Ladder updating...
|raw|Gsebastian bot v's rating: 1694 &rarr; <strong>1665<\/strong><br \/>(-29 for losing)
|raw|hj regicide's rating: 1544 &rarr; <strong>1572<\/strong><br \/>(+28 for winning)
|leave|Gsebastian bot v
|player|p1