|join|Truthster
|join|hj regicide
|player|p1|Truthster|56
|player|p2|hj regicide|293
|gametype|singles
|gen|6
|tier|OU
|rated
|clearpoke
|poke|p1|Dragonite, F
|poke|p1|Venusaur, M
|poke|p1|Zapdos
|poke|p1|Breloom, M
|poke|p1|Cloyster, F
|poke|p1|Talonflame, M
|poke|p2|Tornadus-Therian, M
|poke|p2|Metagross
|poke|p2|Rhyperior, F
|poke|p2|Tangrowth, F
|poke|p2|Sylveon, M
|poke|p2|Starmie
|rule|Swagger Clause: Swagger is banned
|rule|Baton Pass Clause: Limit one PokÃ©mon knowing Baton Pass
|rule|Sleep Clause Mod: Limit one foe put to sleep
|rule|Species Clause: Limit one of each PokÃ©mon
|rule|OHKO Clause: OHKO moves are banned
|rule|Moody Clause: Moody is banned
|rule|Evasion Moves Clause: Evasion moves are banned
|rule|Endless Battle Clause: Forcing endless battles is banned
|rule|HP Percentage Mod: HP is shown in percentages
|teampreview
|
|start
|switch|p1a: Breloom|Breloom, M|262\/262
|switch|p2a: Rhyperior|Rhyperior, F|434\/434
|turn|1
|
|switch|p2a: Tangrowth|Tangrowth, F|404\/404
|move|p1a: Breloom|Swords Dance|p1a: Breloom
|-boost|p1a: Breloom|atk|2
|
|turn|2
|
|move|p1a: Breloom|Mach Punch|p2a: Tangrowth
|-damage|p2a: Tangrowth|265\/404
|move|p2a: Tangrowth|Hidden Power|p1a: Breloom
|-supereffective|p1a: Breloom
|-damage|p1a: Breloom|120\/262
|
|-heal|p2a: Tangrowth|290\/404|[from] item: Leftovers
|turn|3
|
|move|p1a: Breloom|Mach Punch|p2a: Tangrowth
|-damage|p2a: Tangrowth|157\/404
|move|p2a: Tangrowth|Hidden Power|p1a: Breloom
|-supereffective|p1a: Breloom
|-damage|p1a: Breloom|0 fnt
|faint|p1a: Breloom
|
|-heal|p2a: Tangrowth|182\/404|[from] item: Leftovers
|
|switch|p1a: Cloyster|Cloyster, F|242\/242
|turn|4
|
|move|p1a: Cloyster|Icicle Spear|p2a: Tangrowth
|-supereffective|p2a: Tangrowth
|-damage|p2a: Tangrowth|128\/404
|-supereffective|p2a: Tangrowth
|-damage|p2a: Tangrowth|80\/404
|-supereffective|p2a: Tangrowth
|-damage|p2a: Tangrowth|26\/404
|-supereffective|p2a: Tangrowth
|-damage|p2a: Tangrowth|0 fnt
|-hitcount|p2a: Tangrowth|4
|faint|p2a: Tangrowth
|
|
|switch|p2a: Metagross|Metagross|301\/301
|turn|5
|
|switch|p1a: Zapdos|Zapdos|321\/321
|-ability|p1a: Zapdos|Pressure
|detailschange|p2a: Metagross|Metagross-Mega
|-mega|p2a: Metagross|Metagross|Metagrossite
|move|p2a: Metagross|Meteor Mash|p1a: Zapdos
|-resisted|p1a: Zapdos
|-damage|p1a: Zapdos|179\/321
|
|-heal|p1a: Zapdos|199\/321|[from] item: Leftovers
|turn|6
|
|move|p2a: Metagross|Zen Headbutt|p1a: Zapdos
|-damage|p1a: Zapdos|0 fnt
|faint|p1a: Zapdos
|
|
|switch|p1a: Dragonite|Dragonite, F|324\/324
|turn|7
|
|switch|p2a: Sylveon|Sylveon, M|394\/394
|move|p1a: Dragonite|Dragon Dance|p1a: Dragonite
|-boost|p1a: Dragonite|atk|1
|-boost|p1a: Dragonite|spe|1
|
|turn|8
|
|move|p1a: Dragonite|Extreme Speed|p2a: Sylveon
|-damage|p2a: Sylveon|151\/394
|move|p2a: Sylveon|Hyper Voice|p1a: Dragonite
|-supereffective|p1a: Dragonite
|-damage|p1a: Dragonite|185\/324
|
|-heal|p2a: Sylveon|175\/394|[from] item: Leftovers
|turn|9
|
|switch|p2a: Rhyperior|Rhyperior, F|434\/434
|move|p1a: Dragonite|Extreme Speed|p2a: Rhyperior
|-resisted|p2a: Rhyperior
|-damage|p2a: Rhyperior|383\/434
|
|-heal|p2a: Rhyperior|410\/434|[from] item: Leftovers
|turn|10
|
|move|p1a: Dragonite|Dragon Dance|p1a: Dragonite
|-boost|p1a: Dragonite|atk|1
|-boost|p1a: Dragonite|spe|1
|move|p2a: Rhyperior|Stealth Rock|p1a: Dragonite
|-sidestart|p1: Truthster|move: Stealth Rock
|
|-heal|p2a: Rhyperior|434\/434|[from] item: Leftovers
|turn|11
|
|move|p1a: Dragonite|Dragon Claw|p2a: Rhyperior
|-damage|p2a: Rhyperior|245\/434
|move|p2a: Rhyperior|Stone Edge|p1a: Dragonite
|-supereffective|p1a: Dragonite
|-damage|p1a: Dragonite|0 fnt
|faint|p1a: Dragonite
|
|-heal|p2a: Rhyperior|272\/434|[from] item: Leftovers
|
|switch|p1a: Venusaur|Venusaur, M|301\/301
|-damage|p1a: Venusaur|264\/301|[from] Stealth Rock
|turn|12
|
|switch|p2a: Tornadus-Therian|Tornadus-Therian, M|332\/332
|detailschange|p1a: Venusaur|Venusaur-Mega, M
|-mega|p1a: Venusaur|Venusaur|Venusaurite
|move|p1a: Venusaur|Earthquake|p2a: Tornadus-Therian
|-immune|p2a: Tornadus-Therian|[msg]
|
|turn|13
|-message|Truthster forfeited.
|leave|Truthster
|
|win|hj regicide
|raw|Ladder updating...
|player|p1