|join|hj regicide
|join|HostileGrounds
|player|p1|hj regicide|293
|player|p2|HostileGrounds|266
|gametype|singles
|gen|6
|tier|OU
|rated
|clearpoke
|poke|p1|Azelf
|poke|p1|Raikou
|poke|p1|Landorus-Therian, M
|poke|p1|Hawlucha, M
|poke|p1|Metagross
|poke|p1|Manaphy
|poke|p2|Mew
|poke|p2|Manectric, F
|poke|p2|Landorus-Therian, M
|poke|p2|Talonflame, F
|poke|p2|Latias, F
|poke|p2|Clefable, F
|rule|Swagger Clause: Swagger is banned
|rule|Baton Pass Clause: Limit one PokÃ©mon knowing Baton Pass
|rule|Sleep Clause Mod: Limit one foe put to sleep
|rule|Species Clause: Limit one of each PokÃ©mon
|rule|OHKO Clause: OHKO moves are banned
|rule|Moody Clause: Moody is banned
|rule|Evasion Moves Clause: Evasion moves are banned
|rule|Endless Battle Clause: Forcing endless battles is banned
|rule|HP Percentage Mod: HP is shown in percentages
|teampreview
|
|start
|switch|p1a: Azelf|Azelf|353\/353
|switch|p2a: Landorus-Therian|Landorus-Therian, M|381\/381
|-ability|p2a: Landorus-Therian|Intimidate|[of] p1a: Azelf
|-unboost|p1a: Azelf|atk|1
|turn|1
|
|move|p1a: Azelf|Stealth Rock|p2a: Landorus-Therian
|-sidestart|p2: HostileGrounds|move: Stealth Rock
|move|p2a: Landorus-Therian|U-turn|p1a: Azelf
|-supereffective|p1a: Azelf
|-damage|p1a: Azelf|121\/353
|
|switch|p2a: Mew|Mew|403\/403
|-damage|p2a: Mew|353\/403|[from] Stealth Rock
|
|-heal|p2a: Mew|378\/403|[from] item: Leftovers
|turn|2
|
|move|p1a: Azelf|Explosion|p2a: Mew
|-damage|p2a: Mew|241\/403
|faint|p1a: Azelf
|move|p2a: Mew|Knock Off|p1: Azelf|[notarget]
|-notarget
|
|-heal|p2a: Mew|266\/403|[from] item: Leftovers
|
|switch|p1a: Hawlucha|Hawlucha, M|302\/302
|turn|3
|
|move|p1a: Hawlucha|Substitute|p1a: Hawlucha
|-start|p1a: Hawlucha|Substitute
|-damage|p1a: Hawlucha|227\/302
|move|p2a: Mew|Will-O-Wisp|p1a: Hawlucha
|
|-heal|p2a: Mew|291\/403|[from] item: Leftovers
|turn|4
|
|switch|p2a: Clefable|Clefable, F|394\/394
|-damage|p2a: Clefable|345\/394|[from] Stealth Rock
|move|p1a: Hawlucha|Swords Dance|p1a: Hawlucha
|-boost|p1a: Hawlucha|atk|2
|
|-heal|p2a: Clefable|369\/394|[from] item: Leftovers
|turn|5
|
|switch|p1a: Metagross|Metagross|301\/301
|move|p2a: Clefable|Moonblast|p1a: Metagross
|-resisted|p1a: Metagross
|-damage|p1a: Metagross|247\/301
|
|-heal|p2a: Clefable|393\/394|[from] item: Leftovers
|turn|6
|
|switch|p1a: Manaphy|Manaphy|367\/367
|move|p2a: Clefable|Thunder Wave|p1a: Manaphy
|-status|p1a: Manaphy|par
|
|-heal|p2a: Clefable|394\/394|[from] item: Leftovers
|turn|7
|
|move|p2a: Clefable|Stealth Rock|p1a: Manaphy
|-sidestart|p1: hj regicide|move: Stealth Rock
|move|p1a: Manaphy|Scald|p2a: Clefable
|-damage|p2a: Clefable|262\/394
|-status|p2a: Clefable|brn
|
|-heal|p2a: Clefable|286\/394 brn|[from] item: Leftovers
|-damage|p2a: Clefable|237\/394 brn|[from] brn
|turn|8
|
|switch|p2a: Manectric|Manectric, F|281\/281
|-damage|p2a: Manectric|246\/281|[from] Stealth Rock
|move|p1a: Manaphy|Tail Glow|p1a: Manaphy
|-boost|p1a: Manaphy|spa|3
|
|turn|9
|
|detailschange|p2a: Manectric|Manectric-Mega, F
|-mega|p2a: Manectric|Manectric|Manectite
|-ability|p2a: Manectric|Intimidate|[of] p1a: Manaphy
|-unboost|p1a: Manaphy|atk|1
|move|p2a: Manectric|Volt Switch|p1a: Manaphy
|-supereffective|p1a: Manaphy
|-damage|p1a: Manaphy|109\/367 par
|
|switch|p2a: Clefable|Clefable, F|237\/394 brn
|-damage|p2a: Clefable|188\/394 brn|[from] Stealth Rock
|move|p1a: Manaphy|Scald|p2a: Clefable
|-damage|p2a: Clefable|56\/394 brn
|
|-heal|p2a: Clefable|80\/394 brn|[from] item: Leftovers
|-heal|p1a: Manaphy|131\/367 par|[from] item: Leftovers
|-damage|p2a: Clefable|31\/394 brn|[from] brn
|turn|10
|
|move|p2a: Clefable|Moonblast|p1a: Manaphy
|-damage|p1a: Manaphy|26\/367 par
|move|p1a: Manaphy|Scald|p2a: Clefable
|-damage|p2a: Clefable|0 fnt
|faint|p2a: Clefable
|
|-heal|p1a: Manaphy|48\/367 par|[from] item: Leftovers
|
|switch|p2a: Manectric|Manectric-Mega, F|246\/281
|-damage|p2a: Manectric|211\/281|[from] Stealth Rock
|-ability|p2a: Manectric|Intimidate|[of] p1a: Manaphy
|-unboost|p1a: Manaphy|atk|1
|turn|11
|
|move|p2a: Manectric|Hidden Power|p1a: Manaphy
|-resisted|p1a: Manaphy
|-damage|p1a: Manaphy|9\/367 par
|move|p1a: Manaphy|Ice Beam|p2a: Manectric
|-damage|p2a: Manectric|0 fnt
|faint|p2a: Manectric
|
|-heal|p1a: Manaphy|31\/367 par|[from] item: Leftovers
|
|switch|p2a: Landorus-Therian|Landorus-Therian, M|381\/381
|-damage|p2a: Landorus-Therian|334\/381|[from] Stealth Rock
|-ability|p2a: Landorus-Therian|Intimidate|[of] p1a: Manaphy
|-unboost|p1a: Manaphy|atk|1
|turn|12
|
|move|p2a: Landorus-Therian|U-turn|p1a: Manaphy
|-damage|p1a: Manaphy|0 fnt
|faint|p1a: Manaphy
|
|switch|p2a: Latias|Latias, F|319\/319
|-damage|p2a: Latias|280\/319|[from] Stealth Rock
|
|
|switch|p1a: Metagross|Metagross|247\/301
|-damage|p1a: Metagross|229\/301|[from] Stealth Rock
|turn|13
|
|detailschange|p1a: Metagross|Metagross-Mega
|-mega|p1a: Metagross|Metagross|Metagrossite
|move|p2a: Latias|Defog|p1a: Metagross
|-unboost|p1a: Metagross|evasion|1
|-sideend|p1: hj regicide|Stealth Rock|[from] move: Defog|[of] p1a: Metagross
|-sideend|p2: HostileGrounds|Stealth Rock|[from] move: Defog|[of] p2a: Latias
|move|p1a: Metagross|Pursuit|p2a: Latias
|-supereffective|p2a: Latias
|-damage|p2a: Latias|122\/319
|
|turn|14
|
|move|p1a: Metagross|Pursuit|p2a: Latias
|-supereffective|p2a: Latias
|-damage|p2a: Latias|0 fnt
|faint|p2a: Latias
|
|
|switch|p2a: Mew|Mew|291\/403
|turn|15
|
|switch|p1a: Raikou|Raikou|321\/321
|-ability|p1a: Raikou|Pressure
|move|p2a: Mew|Will-O-Wisp|p1a: Raikou
|-status|p1a: Raikou|brn
|
|-heal|p2a: Mew|316\/403|[from] item: Leftovers
|-damage|p1a: Raikou|281\/321 brn|[from] brn
|turn|16
|
|move|p1a: Raikou|Shadow Ball|p2a: Mew
|-supereffective|p2a: Mew
|-damage|p2a: Mew|62\/403
|move|p2a: Mew|Knock Off|p1a: Raikou
|-crit|p1a: Raikou
|-damage|p1a: Raikou|143\/321 brn
|-enditem|p1a: Raikou|Choice Specs|[from] move: Knock Off|[of] p2a: Mew
|
|-heal|p2a: Mew|87\/403|[from] item: Leftovers
|-damage|p1a: Raikou|103\/321 brn|[from] brn
|turn|17
|
|switch|p2a: Landorus-Therian|Landorus-Therian, M|334\/381
|-ability|p2a: Landorus-Therian|Intimidate|[of] p1a: Raikou
|-unboost|p1a: Raikou|atk|1
|move|p1a: Raikou|Thunderbolt|p2a: Landorus-Therian
|-immune|p2a: Landorus-Therian|[msg]
|
|-damage|p1a: Raikou|63\/321 brn|[from] brn
|turn|18
|
|move|p1a: Raikou|Hidden Power|p2a: Landorus-Therian
|-supereffective|p2a: Landorus-Therian
|-damage|p2a: Landorus-Therian|10\/381
|move|p2a: Landorus-Therian|Gravity|p2a: Landorus-Therian
|-fieldstart|move: Gravity
|
|-damage|p1a: Raikou|23\/321 brn|[from] brn
|turn|19
|
|move|p1a: Raikou|Shadow Ball|p2a: Landorus-Therian
|-damage|p2a: Landorus-Therian|0 fnt
|faint|p2a: Landorus-Therian
|
|-damage|p1a: Raikou|0 fnt|[from] brn
|faint|p1a: Raikou
|
|switch|p1a: Metagross|Metagross-Mega|229\/301
|switch|p2a: Mew|Mew|87\/403
|turn|20
|
|move|p1a: Metagross|Pursuit|p2a: Mew
|-supereffective|p2a: Mew
|-damage|p2a: Mew|0 fnt
|faint|p2a: Mew
|
|
|switch|p2a: Talonflame|Talonflame, F|319\/319
|turn|21
|
|move|p2a: Talonflame|Swords Dance|p2a: Talonflame
|-boost|p2a: Talonflame|atk|2
|move|p1a: Metagross|Zen Headbutt|p2a: Talonflame
|-damage|p2a: Talonflame|67\/319
|-enditem|p2a: Talonflame|Liechi Berry|[eat]
|-boost|p2a: Talonflame|atk|1|[from] item: Liechi Berry
|
|turn|22
|
|move|p2a: Talonflame|Natural Gift|p1a: Metagross
|-fail|p1a: Metagross
|move|p1a: Metagross|Zen Headbutt|p2a: Talonflame
|-damage|p2a: Talonflame|0 fnt
|faint|p2a: Talonflame
|
|win|hj regicide
|raw|Ladder updating...
|raw|hj regicide's rating: 1547 &rarr; <strong>1560<\/strong><br \/>(+13 for winning)
|raw|HostileGrounds's rating: 1415 &rarr; <strong>1403<\/strong><br \/>(-12 for losing)
|leave|HostileGrounds
|player|p2