|join|mahir757
|join|Trumaerd
|player|p1|mahir757|1
|player|p2|Trumaerd|1
|gametype|singles
|gen|6
|tier|OU
|rated
|clearpoke
|poke|p1|Sableye, M
|poke|p1|Greninja, F
|poke|p1|Dragonite, M
|poke|p1|Slurpuff, M
|poke|p1|Excadrill, F
|poke|p1|Rotom-Wash
|poke|p2|Azelf
|poke|p2|Thundurus, M
|poke|p2|Landorus, M
|poke|p2|Gyarados, F
|poke|p2|Manaphy
|poke|p2|Klefki, F
|rule|Swagger Clause: Swagger is banned
|rule|Baton Pass Clause: Limit one PokÃ©mon knowing Baton Pass
|rule|Sleep Clause Mod: Limit one foe put to sleep
|rule|Species Clause: Limit one of each PokÃ©mon
|rule|OHKO Clause: OHKO moves are banned
|rule|Moody Clause: Moody is banned
|rule|Evasion Moves Clause: Evasion moves are banned
|rule|Endless Battle Clause: Forcing endless battles is banned
|rule|HP Percentage Mod: HP is shown in percentages
|teampreview
|
|start
|switch|p1a: Sableye|Sableye, M|304\/304
|switch|p2a: Landorus|Landorus, M|319\/319
|turn|1
|
|switch|p2a: Klefki|Klefki, F|318\/318
|detailschange|p1a: Sableye|Sableye-Mega, M
|message|Sableye has Mega Evolved into Mega Sableye!
|move|p1a: Sableye|Calm Mind|p1a: Sableye
|-boost|p1a: Sableye|spa|1
|-boost|p1a: Sableye|spd|1
|
|turn|2
|
|move|p2a: Klefki|Light Screen|p2a: Klefki
|-sidestart|p2: Trumaerd|move: Light Screen
|move|p1a: Sableye|Calm Mind|p1a: Sableye
|-boost|p1a: Sableye|spa|1
|-boost|p1a: Sableye|spd|1
|
|turn|3
|
|switch|p2a: Manaphy|Manaphy|404\/404
|move|p1a: Sableye|Will-O-Wisp|p2a: Manaphy
|-status|p2a: Manaphy|brn
|
|-damage|p2a: Manaphy|354\/404 brn|[from] brn
|turn|4
|
|move|p2a: Manaphy|Tail Glow|p2a: Manaphy
|-boost|p2a: Manaphy|spa|3
|move|p1a: Sableye|Calm Mind|p1a: Sableye
|-boost|p1a: Sableye|spa|1
|-boost|p1a: Sableye|spd|1
|
|-heal|p2a: Manaphy|379\/404 brn|[from] item: Leftovers
|-damage|p2a: Manaphy|329\/404 brn|[from] brn
|turn|5
|
|move|p2a: Manaphy|Rain Dance|p2a: Manaphy
|-weather|RainDance
|move|p1a: Sableye|Calm Mind|p1a: Sableye
|-boost|p1a: Sableye|spa|1
|-boost|p1a: Sableye|spd|1
|
|-weather|RainDance|[upkeep]
|-curestatus|p2a: Manaphy|brn
|-heal|p2a: Manaphy|354\/404|[from] item: Leftovers
|turn|6
|
|move|p2a: Manaphy|Tail Glow|p2a: Manaphy
|-boost|p2a: Manaphy|spa|3
|move|p1a: Sableye|Calm Mind|p1a: Sableye
|-boost|p1a: Sableye|spa|1
|-boost|p1a: Sableye|spd|1
|
|-weather|RainDance|[upkeep]
|-heal|p2a: Manaphy|379\/404|[from] item: Leftovers
|turn|7
|
|move|p2a: Manaphy|Scald|p1a: Sableye
|-damage|p1a: Sableye|129\/304
|move|p1a: Sableye|Calm Mind|p1a: Sableye
|-boost|p1a: Sableye|spa|1
|-boost|p1a: Sableye|spd|1
|
|-weather|RainDance|[upkeep]
|-heal|p2a: Manaphy|404\/404|[from] item: Leftovers
|turn|8
|
|move|p2a: Manaphy|Scald|p1a: Sableye
|-crit|p1a: Sableye
|-damage|p1a: Sableye|0 fnt
|faint|p1a: Sableye
|
|-weather|RainDance|[upkeep]
|
|switch|p1a: scarfed|Rotom-Wash|304\/304
|turn|9
|
|move|p2a: Manaphy|Scald|p1a: scarfed
|-resisted|p1a: scarfed
|-damage|p1a: scarfed|0 fnt
|faint|p1a: scarfed
|
|-weather|none
|-sideend|p2: Trumaerd|move: Light Screen
|
|switch|p1a: Slurpuff|Slurpuff, M|306\/306
|turn|10
|
|move|p1a: Slurpuff|Belly Drum|p1a: Slurpuff
|-damage|p1a: Slurpuff|153\/306
|-setboost|p1a: Slurpuff|atk|6|[from] move: Belly Drum
|-enditem|p1a: Slurpuff|Sitrus Berry|[eat]
|-heal|p1a: Slurpuff|229\/306|[from] item: Sitrus Berry
|move|p2a: Manaphy|Scald|p1a: Slurpuff
|-damage|p1a: Slurpuff|0 fnt
|faint|p1a: Slurpuff
|
|leave|mahir757
|player|p1
|-message|mahir757 lost due to inactivity.
|
|win|Trumaerd
|raw|Ladder updating...
|raw|mahir757's rating: 1499 &rarr; <strong>1482<\/strong><br \/>(-17 for losing)
|raw|Trumaerd's rating: 1543 &rarr; <strong>1560<\/strong><br \/>(+17 for winning)