|join|Trumaerd
|join|rat pack king
|player|p1|Trumaerd|1
|player|p2|rat pack king|125
|gametype|singles
|gen|6
|tier|OU
|rated
|clearpoke
|poke|p1|Garchomp, F
|poke|p1|Greninja, M
|poke|p1|Gothitelle, F
|poke|p1|Landorus-Therian, M
|poke|p1|Magnezone
|poke|p1|Lopunny, M
|poke|p2|Landorus-Therian, M
|poke|p2|Florges, F
|poke|p2|Zapdos
|poke|p2|Sharpedo, M
|poke|p2|Greninja, F
|poke|p2|Scizor, F
|rule|Swagger Clause: Swagger is banned
|rule|Baton Pass Clause: Limit one PokÃ©mon knowing Baton Pass
|rule|Sleep Clause Mod: Limit one foe put to sleep
|rule|Species Clause: Limit one of each PokÃ©mon
|rule|OHKO Clause: OHKO moves are banned
|rule|Moody Clause: Moody is banned
|rule|Evasion Moves Clause: Evasion moves are banned
|rule|Endless Battle Clause: Forcing endless battles is banned
|rule|HP Percentage Mod: HP is shown in percentages
|teampreview
|
|start
|switch|p1a: Landorus-Therian|Landorus-Therian, M|321\/321
|switch|p2a: Landorus-Therian|Landorus-Therian, M|382\/382
|-ability|p1a: Landorus-Therian|Intimidate|[of] p2a: Landorus-Therian
|-unboost|p2a: Landorus-Therian|atk|1
|-ability|p2a: Landorus-Therian|Intimidate|[of] p1a: Landorus-Therian
|-unboost|p1a: Landorus-Therian|atk|1
|turn|1
|
|switch|p1a: Garchomp|Garchomp, F|420\/420
|move|p2a: Landorus-Therian|Stealth Rock|p1a: Garchomp
|-sidestart|p1: Trumaerd|move: Stealth Rock
|
|turn|2
|
|move|p1a: Garchomp|Stealth Rock|p2a: Landorus-Therian
|-sidestart|p2: rat pack king|move: Stealth Rock
|move|p2a: Landorus-Therian|Toxic|p1a: Garchomp
|-status|p1a: Garchomp|tox
|
|-damage|p1a: Garchomp|394\/420 tox|[from] psn
|turn|3
|
|move|p2a: Landorus-Therian|Knock Off|p1a: Garchomp
|-damage|p1a: Garchomp|321\/420 tox
|-damage|p2a: Landorus-Therian|335\/382|[from] ability: Rough Skin|[of] p1a: Garchomp
|-damage|p2a: Landorus-Therian|272\/382|[from] item: Rocky Helmet|[of] p1a: Garchomp
|-enditem|p1a: Garchomp|Rocky Helmet|[from] move: Knock Off|[of] p2a: Landorus-Therian
|move|p1a: Garchomp|Dragon Tail|p2a: Landorus-Therian
|-damage|p2a: Landorus-Therian|178\/382
|drag|p2a: Sharpedo|Sharpedo, M|281\/281
|-damage|p2a: Sharpedo|246\/281|[from] Stealth Rock
|
|-damage|p1a: Garchomp|269\/420 tox|[from] psn
|turn|4
|
|switch|p1a: Lopunny|Lopunny, M|272\/272
|-damage|p1a: Lopunny|238\/272|[from] Stealth Rock
|move|p2a: Sharpedo|Protect|p2a: Sharpedo
|-fail|p2a: Sharpedo
|
|-boost|p2a: Sharpedo|spe|1|[from] ability: Speed Boost
|turn|5
|
|switch|p2a: Landorus-Therian|Landorus-Therian, M|178\/382
|-damage|p2a: Landorus-Therian|131\/382|[from] Stealth Rock
|-ability|p2a: Landorus-Therian|Intimidate|[of] p1a: Lopunny
|-unboost|p1a: Lopunny|atk|1
|detailschange|p1a: Lopunny|Lopunny-Mega, M
|message|Lopunny has Mega Evolved into Mega Lopunny!
|move|p1a: Lopunny|Fake Out|p2a: Landorus-Therian
|-damage|p2a: Landorus-Therian|89\/382
|
|-heal|p2a: Landorus-Therian|112\/382|[from] item: Leftovers
|turn|6
|
|move|p1a: Lopunny|Ice Punch|p2a: Landorus-Therian
|-supereffective|p2a: Landorus-Therian
|-damage|p2a: Landorus-Therian|0 fnt
|faint|p2a: Landorus-Therian
|
|
|switch|p2a: Florges|Florges, F|360\/360
|-damage|p2a: Florges|315\/360|[from] Stealth Rock
|turn|7
|
|switch|p1a: Gothitelle|Gothitelle, F|301\/301
|-damage|p1a: Gothitelle|264\/301|[from] Stealth Rock
|move|p2a: Florges|Moonblast|p1a: Gothitelle
|-damage|p1a: Gothitelle|101\/301
|
|turn|8
|
|move|p1a: Gothitelle|Trick|p2a: Florges
|-activate|p1a: Gothitelle|move: Trick|[of] p2a: Florges
|-item|p2a: Florges|Choice Scarf|[from] move: Trick
|-item|p1a: Gothitelle|Assault Vest|[from] move: Trick
|move|p2a: Florges|Moonblast|p1a: Gothitelle
|-damage|p1a: Gothitelle|5\/301
|
|turn|9
|c|ârat pack king|ummm how does that work
|
|move|p2a: Florges|Moonblast|p1a: Gothitelle
|-damage|p1a: Gothitelle|0 fnt
|faint|p1a: Gothitelle
|
|
|switch|p1a: Lopunny|Lopunny-Mega, M|238\/272
|-damage|p1a: Lopunny|221\/272|[from] Stealth Rock
|turn|10
|
|move|p1a: Lopunny|Fake Out|p2a: Florges
|-damage|p2a: Florges|218\/360
|cant|p2a: Florges|flinch
|
|turn|11
|
|switch|p1a: Magnezone|Magnezone|282\/282
|-damage|p1a: Magnezone|265\/282|[from] Stealth Rock
|move|p2a: Florges|Moonblast|p1a: Magnezone
|-resisted|p1a: Magnezone
|-damage|p1a: Magnezone|175\/282
|
|turn|12
|
|switch|p2a: Zapdos|Zapdos|384\/384
|-damage|p2a: Zapdos|288\/384|[from] Stealth Rock
|-ability|p2a: Zapdos|Pressure
|move|p1a: Magnezone|Volt Switch|p2a: Zapdos
|-damage|p2a: Zapdos|188\/384
|
|switch|p1a: Greninja|Greninja, M|285\/285
|-damage|p1a: Greninja|250\/285|[from] Stealth Rock
|
|-heal|p2a: Zapdos|212\/384|[from] item: Leftovers
|turn|13
|join|ganchito
|
|move|p1a: Greninja|Ice Beam|p2a: Zapdos
|-start|p1a: Greninja|typechange|Ice|[from] Protean
|-supereffective|p2a: Zapdos
|-damage|p2a: Zapdos|0 fnt
|-damage|p1a: Greninja|222\/285|[from] item: Life Orb
|faint|p2a: Zapdos
|
|
|switch|p2a: Scizor|Scizor, F|344\/344
|-damage|p2a: Scizor|301\/344|[from] Stealth Rock
|turn|14
|
|switch|p1a: Landorus-Therian|Landorus-Therian, M|321\/321
|-damage|p1a: Landorus-Therian|281\/321|[from] Stealth Rock
|-ability|p1a: Landorus-Therian|Intimidate|[of] p2a: Scizor
|-unboost|p2a: Scizor|atk|1
|move|p2a: Scizor|Superpower|p1a: Landorus-Therian
|-resisted|p1a: Landorus-Therian
|-damage|p1a: Landorus-Therian|191\/321
|-unboost|p2a: Scizor|atk|1
|-unboost|p2a: Scizor|def|1
|
|turn|15
|
|switch|p2a: Florges|Florges, F|218\/360
|-damage|p2a: Florges|173\/360|[from] Stealth Rock
|move|p1a: Landorus-Therian|Earthquake|p2a: Florges
|-crit|p2a: Florges
|-damage|p2a: Florges|0 fnt
|faint|p2a: Florges
|
|
|switch|p2a: Greninja|Greninja, F|286\/286
|-damage|p2a: Greninja|251\/286|[from] Stealth Rock
|turn|16
|
|move|p1a: Landorus-Therian|Earthquake|p2a: Greninja
|-damage|p2a: Greninja|0 fnt
|faint|p2a: Greninja
|
|
|switch|p2a: Sharpedo|Sharpedo, M|246\/281
|-damage|p2a: Sharpedo|211\/281|[from] Stealth Rock
|turn|17
|
|switch|p1a: Garchomp|Garchomp, F|269\/420 tox
|-damage|p1a: Garchomp|243\/420 tox|[from] Stealth Rock
|move|p2a: Sharpedo|Protect|p2a: Sharpedo
|-fail|p2a: Sharpedo
|
|-damage|p1a: Garchomp|217\/420 tox|[from] psn
|-boost|p2a: Sharpedo|spe|1|[from] ability: Speed Boost
|turn|18
|
|move|p2a: Sharpedo|Protect|p2a: Sharpedo
|-singleturn|p2a: Sharpedo|Protect
|move|p1a: Garchomp|Earthquake|p2a: Sharpedo
|-activate|p2a: Sharpedo|Protect
|
|-damage|p1a: Garchomp|165\/420 tox|[from] psn
|-boost|p2a: Sharpedo|spe|1|[from] ability: Speed Boost
|turn|19
|
|detailschange|p2a: Sharpedo|Sharpedo-Mega, M
|message|Sharpedo has Mega Evolved into Mega Sharpedo!
|move|p2a: Sharpedo|Ice Fang|p1a: Garchomp
|-supereffective|p1a: Garchomp
|-damage|p1a: Garchomp|0 fnt
|-damage|p2a: Sharpedo|176\/281|[from] ability: Rough Skin|[of] p1a: Garchomp
|faint|p1a: Garchomp
|
|
|switch|p1a: Lopunny|Lopunny-Mega, M|221\/272
|-damage|p1a: Lopunny|204\/272|[from] Stealth Rock
|turn|20
|
|move|p2a: Sharpedo|Protect|p2a: Sharpedo
|-singleturn|p2a: Sharpedo|Protect
|move|p1a: Lopunny|Fake Out|p2a: Sharpedo
|-activate|p2a: Sharpedo|Protect
|
|turn|21
|
|switch|p1a: Magnezone|Magnezone|175\/282
|-damage|p1a: Magnezone|158\/282|[from] Stealth Rock
|move|p2a: Sharpedo|Waterfall|p1a: Magnezone
|-damage|p1a: Magnezone|11\/282
|
|turn|22
|
|move|p2a: Sharpedo|Waterfall|p1a: Magnezone
|-damage|p1a: Magnezone|0 fnt
|faint|p1a: Magnezone
|
|
|switch|p1a: Greninja|Greninja, M|222\/285
|-damage|p1a: Greninja|187\/285|[from] Stealth Rock
|turn|23
|
|move|p2a: Sharpedo|Crunch|p1a: Greninja
|-crit|p1a: Greninja
|-resisted|p1a: Greninja
|-damage|p1a: Greninja|0 fnt
|faint|p1a: Greninja
|
|
|switch|p1a: Lopunny|Lopunny-Mega, M|204\/272
|-damage|p1a: Lopunny|187\/272|[from] Stealth Rock
|turn|24
|
|move|p2a: Sharpedo|Protect|p2a: Sharpedo
|-singleturn|p2a: Sharpedo|Protect
|move|p1a: Lopunny|Fake Out|p2a: Sharpedo
|-activate|p2a: Sharpedo|Protect
|
|turn|25
|
|move|p2a: Sharpedo|Waterfall|p1a: Lopunny
|-damage|p1a: Lopunny|3\/272
|move|p1a: Lopunny|Return|p2a: Sharpedo
|-damage|p2a: Sharpedo|0 fnt
|faint|p2a: Sharpedo
|
|
|switch|p2a: Scizor|Scizor, F|301\/344
|-damage|p2a: Scizor|258\/344|[from] Stealth Rock
|turn|26
|
|move|p2a: Scizor|Bullet Punch|p1a: Lopunny
|-damage|p1a: Lopunny|0 fnt
|faint|p1a: Lopunny
|
|
|switch|p1a: Landorus-Therian|Landorus-Therian, M|191\/321
|-damage|p1a: Landorus-Therian|151\/321|[from] Stealth Rock
|-ability|p1a: Landorus-Therian|Intimidate|[of] p2a: Scizor
|-unboost|p2a: Scizor|atk|1
|turn|27
|
|move|p2a: Scizor|Bullet Punch|p1a: Landorus-Therian
|-damage|p1a: Landorus-Therian|31\/321
|move|p1a: Landorus-Therian|Earthquake|p2a: Scizor
|-damage|p2a: Scizor|62\/344
|
|turn|28
|
|move|p2a: Scizor|Bullet Punch|p1a: Landorus-Therian
|-damage|p1a: Landorus-Therian|0 fnt
|faint|p1a: Landorus-Therian
|
|win|rat pack king
|raw|Ladder updating...
|c|ârat pack king|gg
|raw|Trumaerd's rating: 1421 &rarr; <strong>1400<\/strong><br \/>(-21 for losing)
|raw|rat pack king's rating: 1415 &rarr; <strong>1435<\/strong><br \/>(+20 for winning)
|leave|Trumaerd
|player|p1