|join|Trumaerd
|join|Mewtwo927
|player|p1|Trumaerd|1
|player|p2|Mewtwo927|27
|gametype|singles
|gen|6
|tier|OU
|rated
|clearpoke
|poke|p1|Magnezone
|poke|p1|Pinsir, F
|poke|p1|Landorus-Therian, M
|poke|p1|Azumarill, F
|poke|p1|Chansey, F
|poke|p1|Mandibuzz, F
|poke|p2|Sableye, M, shiny
|poke|p2|Chansey, F
|poke|p2|Skarmory, M, shiny
|poke|p2|Quagsire, F
|poke|p2|Bisharp, M, shiny
|poke|p2|Amoonguss, M, shiny
|rule|Swagger Clause: Swagger is banned
|rule|Baton Pass Clause: Limit one PokÃ©mon knowing Baton Pass
|rule|Sleep Clause Mod: Limit one foe put to sleep
|rule|Species Clause: Limit one of each PokÃ©mon
|rule|OHKO Clause: OHKO moves are banned
|rule|Moody Clause: Moody is banned
|rule|Evasion Moves Clause: Evasion moves are banned
|rule|Endless Battle Clause: Forcing endless battles is banned
|rule|HP Percentage Mod: HP is shown in percentages
|teampreview
|c|âMewtwo927|lol?
|c|âTrumaerd|a
|c|âMewtwo927|dream?
|c|âTrumaerd|shi
|c|âTrumaerd|æ¹æå¤§ç²äº è¯è¯
|c|âMewtwo927|åå å¤ªå·§
|c|âTrumaerd|ä¸è½ç¨è¡E
|
|start
|switch|p1a: Magnezone|Magnezone|323\/323
|switch|p2a: Sableye|Sableye, M, shiny|304\/304
|turn|1
|
|switch|p1a: Chansey|Chansey, F|642\/642
|switch|p2a: Quagsire|Quagsire, F|394\/394
|
|turn|2
|
|switch|p2a: Bisharp|Bisharp, M, shiny|272\/272
|move|p1a: Chansey|Stealth Rock|p2a: Bisharp
|-sidestart|p2: Mewtwo927|move: Stealth Rock
|
|turn|3
|
|switch|p1a: Mandibuzz|Mandibuzz, F|423\/423
|move|p2a: Bisharp|Knock Off|p1a: Mandibuzz
|-resisted|p1a: Mandibuzz
|-damage|p1a: Mandibuzz|354\/423
|-damage|p2a: Bisharp|227\/272|[from] item: Rocky Helmet|[of] p1a: Mandibuzz
|-enditem|p1a: Mandibuzz|Rocky Helmet|[from] move: Knock Off|[of] p2a: Bisharp
|
|-heal|p2a: Bisharp|244\/272|[from] item: Leftovers
|turn|4
|
|switch|p1a: Magnezone|Magnezone|323\/323
|move|p2a: Bisharp|Iron Head|p1a: Magnezone
|-crit|p1a: Magnezone
|-resisted|p1a: Magnezone
|-damage|p1a: Magnezone|276\/323
|
|-heal|p2a: Bisharp|261\/272|[from] item: Leftovers
|turn|5
|
|move|p2a: Bisharp|Knock Off|p1a: Magnezone
|-damage|p1a: Magnezone|98\/323
|-enditem|p1a: Magnezone|Choice Specs|[from] move: Knock Off|[of] p2a: Bisharp
|move|p1a: Magnezone|Thunderbolt|p2a: Bisharp
|-crit|p2a: Bisharp
|-damage|p2a: Bisharp|0 fnt
|faint|p2a: Bisharp
|
|
|switch|p2a: Chansey|Chansey, F|704\/704
|-damage|p2a: Chansey|616\/704|[from] Stealth Rock
|turn|6
|c|âMewtwo927|å¯æçct
|
|switch|p1a: Azumarill|Azumarill, F|403\/403
|move|p2a: Chansey|Stealth Rock|p1a: Azumarill
|-sidestart|p1: Trumaerd|move: Stealth Rock
|
|turn|7
|
|switch|p2a: Amoonguss|Amoonguss, M, shiny|432\/432
|-damage|p2a: Amoonguss|378\/432|[from] Stealth Rock
|move|p1a: Azumarill|Knock Off|p2a: Amoonguss
|-damage|p2a: Amoonguss|133\/432
|-enditem|p2a: Amoonguss|Black Sludge|[from] move: Knock Off|[of] p1a: Azumarill
|
|turn|8
|
|move|p1a: Azumarill|Knock Off|p2a: Amoonguss
|-damage|p2a: Amoonguss|0 fnt
|faint|p2a: Amoonguss
|
|
|switch|p2a: Sableye|Sableye, M, shiny|304\/304
|-damage|p2a: Sableye|266\/304|[from] Stealth Rock
|turn|9
|
|switch|p1a: Magnezone|Magnezone|98\/323
|-damage|p1a: Magnezone|78\/323|[from] Stealth Rock
|move|p2a: Sableye|Will-O-Wisp|p1a: Magnezone|[miss]
|-miss|p2a: Sableye|p1a: Magnezone
|
|turn|10
|
|switch|p2a: Quagsire|Quagsire, F|394\/394
|-damage|p2a: Quagsire|370\/394|[from] Stealth Rock
|move|p1a: Magnezone|Thunderbolt|p2a: Quagsire
|-immune|p2a: Quagsire|[msg]
|
|-heal|p2a: Quagsire|394\/394|[from] item: Leftovers
|turn|11
|
|switch|p1a: Chansey|Chansey, F|642\/642
|-damage|p1a: Chansey|562\/642|[from] Stealth Rock
|move|p2a: Quagsire|Toxic|p1a: Chansey
|-status|p1a: Chansey|tox
|
|-damage|p1a: Chansey|522\/642 tox|[from] psn
|turn|12
|
|switch|p1a: Magnezone|Magnezone|78\/323
|-damage|p1a: Magnezone|58\/323|[from] Stealth Rock
|switch|p2a: Skarmory|Skarmory, M, shiny|334\/334
|-damage|p2a: Skarmory|293\/334|[from] Stealth Rock
|
|turn|13
|
|switch|p1a: Azumarill|Azumarill, F|403\/403
|-damage|p1a: Azumarill|353\/403|[from] Stealth Rock
|switch|p2a: Quagsire|Quagsire, F|394\/394
|-damage|p2a: Quagsire|370\/394|[from] Stealth Rock
|
|-heal|p2a: Quagsire|394\/394|[from] item: Leftovers
|turn|14
|
|move|p1a: Azumarill|Knock Off|p2a: Quagsire
|-damage|p2a: Quagsire|212\/394
|-enditem|p2a: Quagsire|Leftovers|[from] move: Knock Off|[of] p1a: Azumarill
|move|p2a: Quagsire|Recover|p2a: Quagsire
|-heal|p2a: Quagsire|394\/394
|
|turn|15
|
|switch|p1a: Mandibuzz|Mandibuzz, F|354\/423
|-damage|p1a: Mandibuzz|249\/423|[from] Stealth Rock
|move|p2a: Quagsire|Scald|p1a: Mandibuzz
|-damage|p1a: Mandibuzz|183\/423
|
|turn|16
|
|move|p1a: Mandibuzz|Roost|p1a: Mandibuzz
|-heal|p1a: Mandibuzz|395\/423
|move|p2a: Quagsire|Toxic|p1a: Mandibuzz
|-status|p1a: Mandibuzz|tox
|
|-damage|p1a: Mandibuzz|369\/423 tox|[from] psn
|turn|17
|
|move|p1a: Mandibuzz|Defog|p2a: Quagsire
|-unboost|p2a: Quagsire|evasion|1
|-sideend|p2: Mewtwo927|Stealth Rock|[from] move: Defog|[of] p2a: Quagsire
|-sideend|p1: Trumaerd|Stealth Rock|[from] move: Defog|[of] p1a: Mandibuzz
|move|p2a: Quagsire|Scald|p1a: Mandibuzz
|-damage|p1a: Mandibuzz|300\/423 tox
|
|-damage|p1a: Mandibuzz|248\/423 tox|[from] psn
|turn|18
|
|switch|p1a: Chansey|Chansey, F|522\/642
|switch|p2a: Chansey|Chansey, F|616\/704
|
|turn|19
|
|switch|p1a: Pinsir|Pinsir, F|271\/271
|move|p2a: Chansey|Stealth Rock|p1a: Pinsir
|-sidestart|p1: Trumaerd|move: Stealth Rock
|
|turn|20
|
|switch|p2a: Skarmory|Skarmory, M, shiny|293\/334
|detailschange|p1a: Pinsir|Pinsir-Mega, F
|-mega|p1a: Pinsir|Pinsir|Pinsirite
|move|p1a: Pinsir|Swords Dance|p1a: Pinsir
|-boost|p1a: Pinsir|atk|2
|
|turn|21
|
|move|p1a: Pinsir|Close Combat|p2a: Skarmory
|-damage|p2a: Skarmory|116\/334
|-unboost|p1a: Pinsir|def|1
|-unboost|p1a: Pinsir|spd|1
|move|p2a: Skarmory|Roost|p2a: Skarmory
|-heal|p2a: Skarmory|283\/334
|
|turn|22
|
|switch|p1a: Mandibuzz|Mandibuzz, F|248\/423 tox
|-damage|p1a: Mandibuzz|143\/423 tox|[from] Stealth Rock
|move|p2a: Skarmory|Brave Bird|p1a: Mandibuzz
|-damage|p1a: Mandibuzz|59\/423 tox
|-damage|p2a: Skarmory|255\/334|[from] recoil|[of] p1a: Mandibuzz
|
|-damage|p1a: Mandibuzz|33\/423 tox|[from] psn
|turn|23
|
|move|p1a: Mandibuzz|Defog|p2a: Skarmory
|-unboost|p2a: Skarmory|evasion|1
|-sideend|p1: Trumaerd|Stealth Rock|[from] move: Defog|[of] p1a: Mandibuzz
|move|p2a: Skarmory|Spikes|p1a: Mandibuzz
|-sidestart|p1: Trumaerd|Spikes
|
|-damage|p1a: Mandibuzz|0 fnt|[from] psn
|faint|p1a: Mandibuzz
|
|switch|p1a: Azumarill|Azumarill, F|353\/403
|-damage|p1a: Azumarill|303\/403|[from] Spikes
|turn|24
|
|switch|p2a: Quagsire|Quagsire, F|394\/394
|move|p1a: Azumarill|Knock Off|p2a: Quagsire
|-damage|p2a: Quagsire|289\/394
|
|turn|25
|
|switch|p1a: Chansey|Chansey, F|522\/642
|-damage|p1a: Chansey|442\/642|[from] Spikes
|move|p2a: Quagsire|Toxic|p1a: Chansey
|-status|p1a: Chansey|tox
|
|-damage|p1a: Chansey|402\/642 tox|[from] psn
|turn|26
|
|switch|p1a: Landorus-Therian|Landorus-Therian, M|320\/320
|-ability|p1a: Landorus-Therian|Intimidate|[of] p2a: Quagsire
|-unboost|p2a: Quagsire|atk|1
|switch|p2a: Chansey|Chansey, F|616\/704
|
|turn|27
|
|move|p1a: Landorus-Therian|Knock Off|p2a: Chansey
|-damage|p2a: Chansey|431\/704
|-enditem|p2a: Chansey|Eviolite|[from] move: Knock Off|[of] p1a: Landorus-Therian
|move|p2a: Chansey|Stealth Rock|p1a: Landorus-Therian
|-sidestart|p1: Trumaerd|move: Stealth Rock
|
|turn|28
|
|switch|p1a: Chansey|Chansey, F|402\/642
|-damage|p1a: Chansey|322\/642|[from] Stealth Rock
|-damage|p1a: Chansey|242\/642|[from] Spikes
|move|p2a: Chansey|Seismic Toss|p1a: Chansey
|-damage|p1a: Chansey|142\/642
|
|turn|29
|
|switch|p2a: Skarmory|Skarmory, M, shiny|255\/334
|move|p1a: Chansey|Stealth Rock|p2a: Skarmory
|-sidestart|p2: Mewtwo927|move: Stealth Rock
|
|turn|30
|
|move|p2a: Skarmory|Spikes|p1a: Chansey
|-sidestart|p1: Trumaerd|Spikes
|move|p1a: Chansey|Soft-Boiled|p1a: Chansey
|-heal|p1a: Chansey|463\/642
|
|turn|31
|
|switch|p1a: Landorus-Therian|Landorus-Therian, M|320\/320
|-damage|p1a: Landorus-Therian|280\/320|[from] Stealth Rock
|-ability|p1a: Landorus-Therian|Intimidate|[of] p2a: Skarmory
|-unboost|p2a: Skarmory|atk|1
|move|p2a: Skarmory|Whirlwind|p1a: Landorus-Therian
|drag|p1a: Pinsir|Pinsir-Mega, F|271\/271
|-damage|p1a: Pinsir|136\/271|[from] Stealth Rock
|
|turn|32
|
|move|p1a: Pinsir|Close Combat|p2a: Skarmory
|-damage|p2a: Skarmory|165\/334
|-unboost|p1a: Pinsir|def|1
|-unboost|p1a: Pinsir|spd|1
|move|p2a: Skarmory|Roost|p2a: Skarmory
|-heal|p2a: Skarmory|332\/334
|
|turn|33
|
|move|p1a: Pinsir|Swords Dance|p1a: Pinsir
|-boost|p1a: Pinsir|atk|2
|move|p2a: Skarmory|Whirlwind|p1a: Pinsir
|drag|p1a: Chansey|Chansey, F|463\/642
|-damage|p1a: Chansey|383\/642|[from] Stealth Rock
|-damage|p1a: Chansey|276\/642|[from] Spikes
|
|turn|34
|
|move|p2a: Skarmory|Spikes|p1a: Chansey
|-sidestart|p1: Trumaerd|Spikes
|move|p1a: Chansey|Soft-Boiled|p1a: Chansey
|-heal|p1a: Chansey|597\/642
|
|turn|35
|
|move|p1a: Chansey|Seismic Toss|p2a: Skarmory
|-damage|p2a: Skarmory|232\/334
|move|p2a: Skarmory|Whirlwind|p1a: Chansey
|drag|p1a: Azumarill|Azumarill, F|303\/403
|-damage|p1a: Azumarill|203\/403|[from] Spikes
|-damage|p1a: Azumarill|153\/403|[from] Stealth Rock
|
|turn|36
|
|move|p2a: Skarmory|Roost|p2a: Skarmory
|-heal|p2a: Skarmory|334\/334
|move|p1a: Azumarill|Waterfall|p2a: Skarmory
|-damage|p2a: Skarmory|187\/334
|
|turn|37
|
|move|p2a: Skarmory|Brave Bird|p1a: Azumarill
|-damage|p1a: Azumarill|53\/403
|-damage|p2a: Skarmory|154\/334|[from] recoil|[of] p1a: Azumarill
|move|p1a: Azumarill|Waterfall|p2a: Skarmory
|-damage|p2a: Skarmory|1\/334
|
|turn|38
|
|move|p2a: Skarmory|Roost|p2a: Skarmory
|-heal|p2a: Skarmory|168\/334
|move|p1a: Azumarill|Waterfall|p2a: Skarmory
|-damage|p2a: Skarmory|12\/334
|
|turn|39
|
|move|p2a: Skarmory|Brave Bird|p1a: Azumarill
|-crit|p1a: Azumarill
|-damage|p1a: Azumarill|0 fnt
|-damage|p2a: Skarmory|0 fnt|[from] recoil|[of] p1a: Azumarill
|faint|p1a: Azumarill
|faint|p2a: Skarmory
|
|
|switch|p1a: Magnezone|Magnezone|58\/323
|switch|p2a: Quagsire|Quagsire, F|289\/394
|-damage|p1a: Magnezone|38\/323|[from] Stealth Rock
|-damage|p1a: Magnezone|0 fnt|[from] Spikes
|faint|p1a: Magnezone
|-damage|p2a: Quagsire|265\/394|[from] Stealth Rock
|
|switch|p1a: Landorus-Therian|Landorus-Therian, M|280\/320
|-damage|p1a: Landorus-Therian|240\/320|[from] Stealth Rock
|-ability|p1a: Landorus-Therian|Intimidate|[of] p2a: Quagsire
|-unboost|p2a: Quagsire|atk|1
|turn|40
|
|move|p1a: Landorus-Therian|Earthquake|p2a: Quagsire
|-damage|p2a: Quagsire|96\/394
|move|p2a: Quagsire|Scald|p1a: Landorus-Therian
|-supereffective|p1a: Landorus-Therian
|-damage|p1a: Landorus-Therian|84\/320
|
|turn|41
|c|âTrumaerd|èªæåçå
|c|âMewtwo927|æ¯ç
|c|âMewtwo927|æè§ä½ å¯ä»¥æè¿å
|c|âMewtwo927|å°±ç´æ¥æ¼äº
|
|move|p1a: Landorus-Therian|Earthquake|p2a: Quagsire
|-damage|p2a: Quagsire|0 fnt
|faint|p2a: Quagsire
|
|
|switch|p2a: Sableye|Sableye, M, shiny|266\/304
|-damage|p2a: Sableye|228\/304|[from] Stealth Rock
|turn|42
|c|âTrumaerd|è¿ä¸ä¸å¥½æäº
|
|move|p2a: Sableye|Will-O-Wisp|p1a: Landorus-Therian
|-status|p1a: Landorus-Therian|brn
|move|p1a: Landorus-Therian|Earthquake|p2a: Sableye
|-damage|p2a: Sableye|123\/304
|
|-damage|p1a: Landorus-Therian|44\/320 brn|[from] brn
|turn|43
|
|move|p2a: Sableye|Recover|p2a: Sableye
|-heal|p2a: Sableye|275\/304
|move|p1a: Landorus-Therian|Earthquake|p2a: Sableye
|-damage|p2a: Sableye|170\/304
|
|-damage|p1a: Landorus-Therian|4\/320 brn|[from] brn
|turn|44
|
|move|p2a: Sableye|Recover|p2a: Sableye
|-heal|p2a: Sableye|304\/304
|move|p1a: Landorus-Therian|Earthquake|p2a: Sableye
|-damage|p2a: Sableye|198\/304
|
|-damage|p1a: Landorus-Therian|0 fnt|[from] brn
|faint|p1a: Landorus-Therian
|
|switch|p1a: Pinsir|Pinsir-Mega, F|136\/271
|-damage|p1a: Pinsir|1\/271|[from] Stealth Rock
|turn|45
|
|detailschange|p2a: Sableye|Sableye-Mega, M, shiny
|-mega|p2a: Sableye|Sableye|Sablenite
|move|p1a: Pinsir|Quick Attack|p2a: Sableye
|-damage|p2a: Sableye|122\/304
|move|p2a: Sableye|Will-O-Wisp|p1a: Pinsir
|-status|p1a: Pinsir|brn
|
|-damage|p1a: Pinsir|0 fnt|[from] brn
|faint|p1a: Pinsir
|
|switch|p1a: Chansey|Chansey, F|597\/642
|-damage|p1a: Chansey|437\/642|[from] Spikes
|-damage|p1a: Chansey|357\/642|[from] Stealth Rock
|turn|46
|c|âMewtwo927|ããã
|c|âMewtwo927|èµ¢äºå§åºè¯¥
|c|âTrumaerd|è¾äº
|c|âMewtwo927|ç§æ­»äº
|c|âMewtwo927|æ©
|c|âMewtwo927|gg
|-message|Trumaerd forfeited.
|leave|Trumaerd
|
|win|Mewtwo927
|raw|Ladder updating...
|player|p1
|raw|Trumaerd's rating: 1627 &rarr; <strong>1608<\/strong><br \/>(-19 for losing)
|raw|Mewtwo927's rating: 1645 &rarr; <strong>1664<\/strong><br \/>(+19 for winning)