|join|Trumaerd
|join|Bamsunin
|player|p1|Trumaerd|170
|player|p2|Bamsunin|157
|gametype|singles
|gen|6
|tier|OU (suspect test)
|rated
|clearpoke
|poke|p1|Scizor, F
|poke|p1|Kingdra, F
|poke|p1|Gothitelle, M
|poke|p1|Politoed, M
|poke|p1|Kabutops, F
|poke|p1|Seismitoad, M
|poke|p2|Cresselia, F
|poke|p2|Cofagrigus, M
|poke|p2|Conkeldurr, F
|poke|p2|Azumarill, F
|poke|p2|Camerupt, M
|poke|p2|Dragalge, F
|rule|Swagger Clause: Swagger is banned
|rule|Baton Pass Clause: Limit one PokÃ©mon knowing Baton Pass
|rule|Sleep Clause Mod: Limit one foe put to sleep
|rule|Species Clause: Limit one of each PokÃ©mon
|rule|OHKO Clause: OHKO moves are banned
|rule|Moody Clause: Moody is banned
|rule|Evasion Moves Clause: Evasion moves are banned
|rule|Endless Battle Clause: Forcing endless battles is banned
|rule|HP Percentage Mod: HP is shown in percentages
|teampreview
|
|start
|switch|p1a: Seismitoad|Seismitoad, M|414\/414
|switch|p2a: Cofagrigus|Cofagrigus, M|319\/319
|turn|1
|
|move|p1a: Seismitoad|Stealth Rock|p2a: Cofagrigus
|-sidestart|p2: Bamsunin|move: Stealth Rock
|move|p2a: Cofagrigus|Trick Room|p2a: Cofagrigus
|-fieldstart|move: Trick Room|[of] p2a: Cofagrigus
|
|turn|2
|
|switch|p2a: Conkeldurr|Conkeldurr, F|413\/413
|-damage|p2a: Conkeldurr|388\/413|[from] Stealth Rock
|move|p1a: Seismitoad|Knock Off|p2a: Conkeldurr
|-resisted|p2a: Conkeldurr
|-damage|p2a: Conkeldurr|349\/413
|-enditem|p2a: Conkeldurr|Life Orb|[from] move: Knock Off|[of] p1a: Seismitoad
|
|turn|3
|c|âBamsunin|fook
|
|move|p2a: Conkeldurr|Hammer Arm|p1a: Seismitoad
|-damage|p1a: Seismitoad|194\/414
|-unboost|p2a: Conkeldurr|spe|1
|move|p1a: Seismitoad|Scald|p2a: Conkeldurr
|-damage|p2a: Conkeldurr|229\/413
|
|-heal|p1a: Seismitoad|219\/414|[from] item: Leftovers
|turn|4
|
|switch|p1a: Gothitelle|Gothitelle, M|282\/282
|move|p2a: Conkeldurr|Hammer Arm|p1a: Gothitelle
|-resisted|p1a: Gothitelle
|-damage|p1a: Gothitelle|145\/282
|-unboost|p2a: Conkeldurr|spe|1
|
|turn|5
|
|move|p2a: Conkeldurr|Hammer Arm|p1a: Gothitelle
|-resisted|p1a: Gothitelle
|-damage|p1a: Gothitelle|8\/282
|-unboost|p2a: Conkeldurr|spe|1
|move|p1a: Gothitelle|Psychic|p2a: Conkeldurr
|-supereffective|p2a: Conkeldurr
|-damage|p2a: Conkeldurr|0 fnt
|faint|p2a: Conkeldurr
|
|-fieldend|move: Trick Room
|
|switch|p2a: Azumarill|Azumarill, F|404\/404
|-damage|p2a: Azumarill|354\/404|[from] Stealth Rock
|turn|6
|
|switch|p1a: Seismitoad|Seismitoad, M|219\/414
|move|p2a: Azumarill|Play Rough|p1a: Seismitoad
|-damage|p1a: Seismitoad|41\/414
|
|-heal|p1a: Seismitoad|66\/414|[from] item: Leftovers
|turn|7
|
|move|p1a: Seismitoad|Toxic|p2a: Azumarill
|-status|p2a: Azumarill|tox
|move|p2a: Azumarill|Play Rough|p1a: Seismitoad
|-damage|p1a: Seismitoad|0 fnt
|faint|p1a: Seismitoad
|
|-damage|p2a: Azumarill|329\/404 tox|[from] psn
|
|switch|p1a: Gothitelle|Gothitelle, M|8\/282
|turn|8
|
|move|p2a: Azumarill|Aqua Jet|p1a: Gothitelle
|-damage|p1a: Gothitelle|0 fnt
|faint|p1a: Gothitelle
|
|-damage|p2a: Azumarill|279\/404 tox|[from] psn
|
|switch|p1a: Politoed|Politoed, M|384\/384
|-weather|RainDance
|turn|9
|
|switch|p1a: Scizor|Scizor, F|343\/343
|switch|p2a: Cresselia|Cresselia, F|443\/443
|-damage|p2a: Cresselia|388\/443|[from] Stealth Rock
|
|-weather|RainDance|[upkeep]
|turn|10
|
|detailschange|p1a: Scizor|Scizor-Mega, F
|-mega|p1a: Scizor|Scizor|Scizorite
|move|p1a: Scizor|Swords Dance|p1a: Scizor
|-boost|p1a: Scizor|atk|2
|move|p2a: Cresselia|Trick Room|p2a: Cresselia
|-fieldstart|move: Trick Room|[of] p2a: Cresselia
|
|-weather|RainDance|[upkeep]
|turn|11
|
|switch|p2a: Camerupt|Camerupt, M|343\/343
|-damage|p2a: Camerupt|301\/343|[from] Stealth Rock
|move|p1a: Scizor|Swords Dance|p1a: Scizor
|-boost|p1a: Scizor|atk|2
|
|-weather|RainDance|[upkeep]
|turn|12
|
|switch|p1a: Kingdra|Kingdra, F|311\/311
|detailschange|p2a: Camerupt|Camerupt-Mega, M
|-mega|p2a: Camerupt|Camerupt|Cameruptite
|move|p2a: Camerupt|Fire Blast|p1a: Kingdra
|-resisted|p1a: Kingdra
|-damage|p1a: Kingdra|274\/311
|
|-weather|RainDance|[upkeep]
|turn|13
|
|move|p2a: Camerupt|Earth Power|p1a: Kingdra
|-damage|p1a: Kingdra|16\/311
|move|p1a: Kingdra|Surf|p2a: Camerupt
|-supereffective|p2a: Camerupt
|-damage|p2a: Camerupt|0 fnt
|faint|p2a: Camerupt
|
|-weather|RainDance|[upkeep]
|
|switch|p2a: Cofagrigus|Cofagrigus, M|319\/319
|-damage|p2a: Cofagrigus|280\/319|[from] Stealth Rock
|turn|14
|
|switch|p1a: Politoed|Politoed, M|384\/384
|move|p2a: Cofagrigus|Shadow Ball|p1a: Politoed
|-damage|p1a: Politoed|293\/384
|
|-weather|RainDance|[upkeep]
|-fieldend|move: Trick Room
|turn|15
|
|move|p1a: Politoed|Hypnosis|p2a: Cofagrigus|[miss]
|-miss|p1a: Politoed|p2a: Cofagrigus
|move|p2a: Cofagrigus|Trick Room|p2a: Cofagrigus
|-fieldstart|move: Trick Room|[of] p2a: Cofagrigus
|
|-weather|RainDance|[upkeep]
|turn|16
|c|âBamsunin|dont
|
|move|p2a: Cofagrigus|Will-O-Wisp|p1a: Politoed
|-status|p1a: Politoed|brn
|move|p1a: Politoed|Encore|p2a: Cofagrigus
|-start|p2a: Cofagrigus|Encore
|
|-weather|none
|-damage|p1a: Politoed|245\/384 brn|[from] brn
|turn|17
|
|switch|p2a: Cresselia|Cresselia, F|388\/443
|-damage|p2a: Cresselia|333\/443|[from] Stealth Rock
|move|p1a: Politoed|Hypnosis|p2a: Cresselia|[miss]
|-miss|p1a: Politoed|p2a: Cresselia
|
|-damage|p1a: Politoed|197\/384 brn|[from] brn
|turn|18
|
|move|p2a: Cresselia|Lunar Dance|p2a: Cresselia
|faint|p2a: Cresselia
|move|p1a: Politoed|Hypnosis|p2: Cresselia|[notarget]
|-notarget
|
|-damage|p1a: Politoed|149\/384 brn|[from] brn
|
|switch|p2a: Azumarill|Azumarill, F|279\/404 tox
|-heal|p2a: Azumarill|404\/404|[from] move: Lunar Dance
|-damage|p2a: Azumarill|354\/404|[from] Stealth Rock
|turn|19
|
|switch|p1a: Scizor|Scizor-Mega, F|343\/343
|move|p2a: Azumarill|Play Rough|p1a: Scizor
|-resisted|p1a: Scizor
|-damage|p1a: Scizor|272\/343
|-unboost|p1a: Scizor|atk|1
|
|-fieldend|move: Trick Room
|turn|20
|
|switch|p1a: Politoed|Politoed, M|149\/384 brn
|-weather|RainDance
|switch|p2a: Cofagrigus|Cofagrigus, M|280\/319
|-damage|p2a: Cofagrigus|241\/319|[from] Stealth Rock
|
|-weather|RainDance|[upkeep]
|-damage|p1a: Politoed|101\/384 brn|[from] brn
|turn|21
|
|move|p1a: Politoed|Hypnosis|p2a: Cofagrigus|[miss]
|-miss|p1a: Politoed|p2a: Cofagrigus
|move|p2a: Cofagrigus|Trick Room|p2a: Cofagrigus
|-fieldstart|move: Trick Room|[of] p2a: Cofagrigus
|
|-weather|RainDance|[upkeep]
|-damage|p1a: Politoed|53\/384 brn|[from] brn
|turn|22
|
|move|p2a: Cofagrigus|Shadow Ball|p1a: Politoed
|-crit|p1a: Politoed
|-damage|p1a: Politoed|0 fnt
|faint|p1a: Politoed
|
|-weather|RainDance|[upkeep]
|
|switch|p1a: Kingdra|Kingdra, F|16\/311
|turn|23
|
|switch|p1a: Scizor|Scizor-Mega, F|272\/343
|move|p2a: Cofagrigus|Shadow Ball|p1a: Scizor
|-damage|p1a: Scizor|176\/343
|-unboost|p1a: Scizor|spd|1
|
|-weather|RainDance|[upkeep]
|turn|24
|
|switch|p1a: Kingdra|Kingdra, F|16\/311
|move|p2a: Cofagrigus|Will-O-Wisp|p1a: Kingdra
|-status|p1a: Kingdra|brn
|
|-weather|RainDance|[upkeep]
|-damage|p1a: Kingdra|0 fnt|[from] brn
|faint|p1a: Kingdra
|
|switch|p1a: Scizor|Scizor-Mega, F|176\/343
|turn|25
|
|move|p2a: Cofagrigus|Will-O-Wisp|p1a: Scizor
|-status|p1a: Scizor|brn
|move|p1a: Scizor|Swords Dance|p1a: Scizor
|-boost|p1a: Scizor|atk|2
|
|-weather|RainDance|[upkeep]
|-damage|p1a: Scizor|134\/343 brn|[from] brn
|-fieldend|move: Trick Room
|turn|26
|
|move|p1a: Scizor|Roost|p1a: Scizor
|-heal|p1a: Scizor|306\/343 brn
|move|p2a: Cofagrigus|Shadow Ball|p1a: Scizor
|-damage|p1a: Scizor|219\/343 brn
|
|-weather|RainDance|[upkeep]
|-damage|p1a: Scizor|177\/343 brn|[from] brn
|turn|27
|
|move|p1a: Scizor|Roost|p1a: Scizor
|-heal|p1a: Scizor|343\/343 brn
|move|p2a: Cofagrigus|Shadow Ball|p1a: Scizor
|-damage|p1a: Scizor|244\/343 brn
|
|-weather|none
|-damage|p1a: Scizor|202\/343 brn|[from] brn
|turn|28
|
|switch|p2a: Azumarill|Azumarill, F|354\/404
|-damage|p2a: Azumarill|304\/404|[from] Stealth Rock
|move|p1a: Scizor|Bullet Punch|p2a: Azumarill
|-damage|p2a: Azumarill|133\/404
|-enditem|p2a: Azumarill|Sitrus Berry|[eat]
|-heal|p2a: Azumarill|234\/404|[from] item: Sitrus Berry
|
|-damage|p1a: Scizor|160\/343 brn|[from] brn
|turn|29
|
|move|p1a: Scizor|Bullet Punch|p2a: Azumarill
|-damage|p2a: Azumarill|90\/404
|move|p2a: Azumarill|Waterfall|p1a: Scizor
|-damage|p1a: Scizor|24\/343 brn
|
|-damage|p1a: Scizor|0 fnt|[from] brn
|faint|p1a: Scizor
|c|âBamsunin|gg
|
|switch|p1a: Kabutops|Kabutops, F|271\/271
|turn|30
|
|move|p2a: Azumarill|Aqua Jet|p1a: Kabutops
|-damage|p1a: Kabutops|183\/271
|move|p1a: Kabutops|Swords Dance|p1a: Kabutops
|-boost|p1a: Kabutops|atk|2
|
|turn|31
|
|move|p1a: Kabutops|Aqua Jet|p2a: Azumarill
|-resisted|p2a: Azumarill
|-damage|p2a: Azumarill|0 fnt
|-damage|p1a: Kabutops|156\/271|[from] item: Life Orb
|faint|p2a: Azumarill
|
|
|switch|p2a: Cofagrigus|Cofagrigus, M|241\/319
|-damage|p2a: Cofagrigus|202\/319|[from] Stealth Rock
|turn|32
|c|âBamsunin|ok
|c|âBamsunin|this
|c|âBamsunin|is scary
|
|move|p1a: Kabutops|Stone Edge|p2a: Cofagrigus
|-damage|p2a: Cofagrigus|0 fnt
|-damage|p1a: Kabutops|129\/271|[from] item: Life Orb
|faint|p2a: Cofagrigus
|
|
|switch|p2a: Dragalge|Dragalge, F|333\/333
|-damage|p2a: Dragalge|292\/333|[from] Stealth Rock
|turn|33
|
|move|p1a: Kabutops|Stone Edge|p2a: Dragalge
|-crit|p2a: Dragalge
|-damage|p2a: Dragalge|0 fnt
|-damage|p1a: Kabutops|102\/271|[from] item: Life Orb
|faint|p2a: Dragalge
|
|win|Trumaerd
|raw|Ladder updating...
|raw|Trumaerd's rating: 1402 &rarr; <strong>1420<\/strong><br \/>(+18 for winning)
|raw|Bamsunin's rating: 1360 &rarr; <strong>1342<\/strong><br \/>(-18 for losing)
|c|âBamsunin|stupid
|c|âBamsunin|dragagle
|c|âBamsunin|dude
|c|âBamsunin|what should i use
|c|âBamsunin|for my last member