|join|Trumaerd
|join|LoveRedFish
|player|p1|Trumaerd|170
|player|p2|LoveRedFish|290
|gametype|singles
|gen|6
|tier|OU (suspect test)
|rated
|clearpoke
|poke|p1|Scizor, F
|poke|p1|Kingdra, M
|poke|p1|Gothitelle, M
|poke|p1|Politoed, M
|poke|p1|Kabutops, F
|poke|p1|Seismitoad, F
|poke|p2|Swampert, M, shiny
|poke|p2|Politoed, M
|poke|p2|Celebi
|poke|p2|Magnezone, shiny
|poke|p2|Manaphy
|poke|p2|Klefki, F
|rule|Swagger Clause: Swagger is banned
|rule|Baton Pass Clause: Limit one PokÃ©mon knowing Baton Pass
|rule|Sleep Clause Mod: Limit one foe put to sleep
|rule|Species Clause: Limit one of each PokÃ©mon
|rule|OHKO Clause: OHKO moves are banned
|rule|Moody Clause: Moody is banned
|rule|Evasion Moves Clause: Evasion moves are banned
|rule|Endless Battle Clause: Forcing endless battles is banned
|rule|HP Percentage Mod: HP is shown in percentages
|teampreview
|
|start
|switch|p1a: Gothitelle|Gothitelle, M|282\/282
|switch|p2a: Magnezone|Magnezone, shiny|287\/287
|turn|1
|
|switch|p1a: Seismitoad|Seismitoad, F|414\/414
|move|p2a: Magnezone|Volt Switch|p1a: Seismitoad
|-immune|p1a: Seismitoad|[msg]
|
|turn|2
|
|switch|p2a: Celebi|Celebi|404\/404
|move|p1a: Seismitoad|Stealth Rock|p2a: Celebi
|-sidestart|p2: LoveRedFish|move: Stealth Rock
|
|turn|3
|
|switch|p1a: Gothitelle|Gothitelle, M|282\/282
|move|p2a: Celebi|Stealth Rock|p1a: Gothitelle
|-sidestart|p1: Trumaerd|move: Stealth Rock
|
|turn|4
|
|move|p1a: Gothitelle|Trick|p2a: Celebi
|-activate|p1a: Gothitelle|move: Trick|[of] p2a: Celebi
|-item|p2a: Celebi|Choice Specs|[from] move: Trick
|-item|p1a: Gothitelle|Leftovers|[from] move: Trick
|move|p2a: Celebi|Healing Wish|p2a: Celebi
|faint|p2a: Celebi
|
|
|switch|p2a: Manaphy|Manaphy|404\/404
|-heal|p2a: Manaphy|404\/404|[from] move: Healing Wish
|-damage|p2a: Manaphy|354\/404|[from] Stealth Rock
|turn|5
|
|move|p1a: Gothitelle|Thunderbolt|p2a: Manaphy
|-supereffective|p2a: Manaphy
|-damage|p2a: Manaphy|188\/404
|move|p2a: Manaphy|Tail Glow|p2a: Manaphy
|-boost|p2a: Manaphy|spa|3
|
|-heal|p2a: Manaphy|213\/404|[from] item: Leftovers
|turn|6
|
|move|p1a: Gothitelle|Thunderbolt|p2a: Manaphy
|-supereffective|p2a: Manaphy
|-damage|p2a: Manaphy|43\/404
|move|p2a: Manaphy|Scald|p1a: Gothitelle
|-crit|p1a: Gothitelle
|-damage|p1a: Gothitelle|0 fnt
|faint|p1a: Gothitelle
|
|-heal|p2a: Manaphy|68\/404|[from] item: Leftovers
|
|switch|p1a: Kingdra|Kingdra, M|311\/311
|-damage|p1a: Kingdra|273\/311|[from] Stealth Rock
|turn|7
|
|move|p1a: Kingdra|Surf|p2a: Manaphy
|-resisted|p2a: Manaphy
|-damage|p2a: Manaphy|0 fnt
|faint|p2a: Manaphy
|
|
|switch|p2a: Klefki|Klefki, F|318\/318
|-damage|p2a: Klefki|299\/318|[from] Stealth Rock
|turn|8
|
|switch|p1a: Seismitoad|Seismitoad, F|414\/414
|-damage|p1a: Seismitoad|389\/414|[from] Stealth Rock
|move|p2a: Klefki|Light Screen|p2a: Klefki
|-sidestart|p2: LoveRedFish|move: Light Screen
|
|-heal|p1a: Seismitoad|414\/414|[from] item: Leftovers
|turn|9
|
|move|p2a: Klefki|Reflect|p2a: Klefki
|-sidestart|p2: LoveRedFish|Reflect
|move|p1a: Seismitoad|Scald|p2a: Klefki
|-damage|p2a: Klefki|254\/318
|
|turn|10
|
|switch|p2a: Politoed|Politoed, M|384\/384
|-damage|p2a: Politoed|336\/384|[from] Stealth Rock
|-weather|RainDance
|move|p1a: Seismitoad|Toxic|p2a: Politoed
|-status|p2a: Politoed|tox
|
|-weather|RainDance|[upkeep]
|-damage|p2a: Politoed|312\/384 tox|[from] psn
|turn|11
|
|switch|p2a: Swampert|Swampert, M, shiny|391\/391
|-damage|p2a: Swampert|367\/391|[from] Stealth Rock
|move|p1a: Seismitoad|Knock Off|p2a: Swampert
|-damage|p2a: Swampert|342\/391
|
|-weather|RainDance|[upkeep]
|turn|12
|
|detailschange|p2a: Swampert|Swampert-Mega, M, shiny
|-mega|p2a: Swampert|Swampert|Swampertite
|move|p2a: Swampert|Waterfall|p1a: Seismitoad
|-immune|p1a: Seismitoad|[msg]
|move|p1a: Seismitoad|Toxic|p2a: Swampert
|-status|p2a: Swampert|tox
|
|-weather|RainDance|[upkeep]
|-damage|p2a: Swampert|318\/391 tox|[from] psn
|turn|13
|
|move|p2a: Swampert|Earthquake|p1a: Seismitoad
|-damage|p1a: Seismitoad|210\/414
|move|p1a: Seismitoad|Scald|p2a: Swampert
|-damage|p2a: Swampert|266\/391 tox
|
|-weather|RainDance|[upkeep]
|-heal|p1a: Seismitoad|235\/414|[from] item: Leftovers
|-damage|p2a: Swampert|218\/391 tox|[from] psn
|turn|14
|
|move|p2a: Swampert|Earthquake|p1a: Seismitoad
|-damage|p1a: Seismitoad|57\/414
|move|p1a: Seismitoad|Scald|p2a: Swampert
|-damage|p2a: Swampert|159\/391 tox
|
|-weather|RainDance|[upkeep]
|-heal|p1a: Seismitoad|82\/414|[from] item: Leftovers
|-damage|p2a: Swampert|87\/391 tox|[from] psn
|turn|15
|
|move|p2a: Swampert|Rest|p2a: Swampert
|-status|p2a: Swampert|slp
|-heal|p2a: Swampert|391\/391 slp|[silent]
|-status|p2a: Swampert|slp|[from] move: Rest
|move|p1a: Seismitoad|Scald|p2a: Swampert
|-damage|p2a: Swampert|331\/391 slp
|
|-weather|RainDance|[upkeep]
|-heal|p1a: Seismitoad|107\/414|[from] item: Leftovers
|-sideend|p2: LoveRedFish|move: Light Screen
|turn|16
|
|cant|p2a: Swampert|slp
|move|p2a: Swampert|Sleep Talk|p2a: Swampert
|move|p2a: Swampert|Rest|p2a: Swampert|[from]Sleep Talk
|-fail|p2a: Swampert
|move|p1a: Seismitoad|Scald|p2a: Swampert
|-damage|p2a: Swampert|216\/391 slp
|
|-weather|RainDance|[upkeep]
|-heal|p1a: Seismitoad|132\/414|[from] item: Leftovers
|-sideend|p2: LoveRedFish|Reflect
|turn|17
|
|cant|p2a: Swampert|slp
|move|p2a: Swampert|Sleep Talk|p2a: Swampert
|move|p2a: Swampert|Waterfall|p1a: Seismitoad|[from]Sleep Talk
|-heal|p1a: Seismitoad|235\/414|[from] ability: Water Absorb|[of] p2a: Swampert
|move|p1a: Seismitoad|Scald|p2a: Swampert
|-damage|p2a: Swampert|101\/391 slp
|
|-weather|none
|-heal|p1a: Seismitoad|260\/414|[from] item: Leftovers
|turn|18
|-message|LoveRedFish forfeited.
|
|win|Trumaerd
|raw|Ladder updating...
|leave|LoveRedFish
|player|p2
|raw|Trumaerd's rating: 1402 &rarr; <strong>1422<\/strong><br \/>(+20 for winning)
|raw|LoveRedFish's rating: 1397 &rarr; <strong>1378<\/strong><br \/>(-19 for losing)