|join|Trumaerd
|join|Riahi
|player|p1|Trumaerd|170
|player|p2|Riahi|168
|gametype|singles
|gen|6
|tier|OU (suspect test)
|rated
|clearpoke
|poke|p1|Scizor, F
|poke|p1|Kingdra, M
|poke|p1|Gothitelle, F
|poke|p1|Politoed, M
|poke|p1|Kabutops, F
|poke|p1|Seismitoad, F
|poke|p2|Gardevoir, F
|poke|p2|Landorus-Therian, M
|poke|p2|Rotom-Wash
|poke|p2|Ferrothorn, M
|poke|p2|Keldeo
|poke|p2|Bisharp, M
|rule|Swagger Clause: Swagger is banned
|rule|Baton Pass Clause: Limit one PokÃ©mon knowing Baton Pass
|rule|Sleep Clause Mod: Limit one foe put to sleep
|rule|Species Clause: Limit one of each PokÃ©mon
|rule|OHKO Clause: OHKO moves are banned
|rule|Moody Clause: Moody is banned
|rule|Evasion Moves Clause: Evasion moves are banned
|rule|Endless Battle Clause: Forcing endless battles is banned
|rule|HP Percentage Mod: HP is shown in percentages
|teampreview
|
|start
|switch|p1a: Gothitelle|Gothitelle, F|282\/282
|switch|p2a: Landorus-Therian|Landorus-Therian, M|319\/319
|-ability|p2a: Landorus-Therian|Intimidate|[of] p1a: Gothitelle
|-unboost|p1a: Gothitelle|atk|1
|turn|1
|
|switch|p1a: Scizor|Scizor, F|343\/343
|move|p2a: Landorus-Therian|Knock Off|p1a: Scizor
|-damage|p1a: Scizor|254\/343
|
|turn|2
|
|detailschange|p1a: Scizor|Scizor-Mega, F
|-mega|p1a: Scizor|Scizor|Scizorite
|move|p2a: Landorus-Therian|Knock Off|p1a: Scizor
|-damage|p1a: Scizor|194\/343
|move|p1a: Scizor|Superpower|p2a: Landorus-Therian
|-resisted|p2a: Landorus-Therian
|-damage|p2a: Landorus-Therian|226\/319
|-unboost|p1a: Scizor|atk|1
|-unboost|p1a: Scizor|def|1
|
|turn|3
|
|move|p2a: Landorus-Therian|Knock Off|p1a: Scizor
|-damage|p1a: Scizor|95\/343
|move|p1a: Scizor|Roost|p1a: Scizor
|-heal|p1a: Scizor|267\/343
|
|turn|4
|
|move|p2a: Landorus-Therian|Knock Off|p1a: Scizor
|-damage|p1a: Scizor|170\/343
|move|p1a: Scizor|Roost|p1a: Scizor
|-heal|p1a: Scizor|342\/343
|
|turn|5
|
|switch|p2a: Keldeo|Keldeo|323\/323
|move|p1a: Scizor|Swords Dance|p1a: Scizor
|-boost|p1a: Scizor|atk|2
|
|turn|6
|
|switch|p1a: Seismitoad|Seismitoad, F|414\/414
|move|p2a: Keldeo|Scald|p1a: Seismitoad
|-immune|p1a: Seismitoad|[msg]
|
|turn|7
|
|move|p2a: Keldeo|Substitute|p2a: Keldeo
|-start|p2a: Keldeo|Substitute
|-damage|p2a: Keldeo|243\/323
|move|p1a: Seismitoad|Stealth Rock|p2a: Keldeo
|-sidestart|p2: Riahi|move: Stealth Rock
|
|-heal|p2a: Keldeo|263\/323|[from] item: Leftovers
|turn|8
|
|switch|p1a: Gothitelle|Gothitelle, F|282\/282
|move|p2a: Keldeo|Calm Mind|p2a: Keldeo
|-boost|p2a: Keldeo|spa|1
|-boost|p2a: Keldeo|spd|1
|
|-heal|p2a: Keldeo|283\/323|[from] item: Leftovers
|turn|9
|
|move|p2a: Keldeo|Scald|p1a: Gothitelle
|-damage|p1a: Gothitelle|87\/282
|move|p1a: Gothitelle|Psychic|p2a: Keldeo
|-supereffective|p2a: Keldeo
|-end|p2a: Keldeo|Substitute
|
|-heal|p2a: Keldeo|303\/323|[from] item: Leftovers
|turn|10
|
|switch|p1a: Politoed|Politoed, M|384\/384
|-weather|RainDance
|move|p2a: Keldeo|Scald|p1a: Politoed
|-resisted|p1a: Politoed
|-damage|p1a: Politoed|217\/384
|
|-weather|RainDance|[upkeep]
|-heal|p2a: Keldeo|323\/323|[from] item: Leftovers
|turn|11
|
|move|p2a: Keldeo|Secret Sword|p1a: Politoed
|-damage|p1a: Politoed|31\/384
|move|p1a: Politoed|Encore|p2a: Keldeo
|-start|p2a: Keldeo|Encore
|
|-weather|RainDance|[upkeep]
|turn|12
|
|switch|p1a: Gothitelle|Gothitelle, F|87\/282
|move|p2a: Keldeo|Secret Sword|p1a: Gothitelle
|-resisted|p1a: Gothitelle
|-damage|p1a: Gothitelle|0 fnt
|faint|p1a: Gothitelle
|
|-weather|RainDance|[upkeep]
|
|switch|p1a: Kingdra|Kingdra, M|311\/311
|turn|13
|
|switch|p2a: Ferrothorn|Ferrothorn, M|352\/352
|-damage|p2a: Ferrothorn|330\/352|[from] Stealth Rock
|move|p1a: Kingdra|Dragon Pulse|p2a: Ferrothorn
|-resisted|p2a: Ferrothorn
|-damage|p2a: Ferrothorn|256\/352
|
|-weather|RainDance|[upkeep]
|turn|14
|
|switch|p1a: Scizor|Scizor-Mega, F|342\/343
|move|p2a: Ferrothorn|Leech Seed|p1a: Scizor
|-start|p1a: Scizor|move: Leech Seed
|
|-weather|RainDance|[upkeep]
|-damage|p1a: Scizor|300\/343|[from] Leech Seed|[of] p2a: Ferrothorn
|-heal|p2a: Ferrothorn|298\/352|[silent]
|turn|15
|
|move|p1a: Scizor|Swords Dance|p1a: Scizor
|-boost|p1a: Scizor|atk|2
|move|p2a: Ferrothorn|Gyro Ball|p1a: Scizor
|-resisted|p1a: Scizor
|-damage|p1a: Scizor|255\/343
|
|-weather|RainDance|[upkeep]
|-damage|p1a: Scizor|213\/343|[from] Leech Seed|[of] p2a: Ferrothorn
|-heal|p2a: Ferrothorn|340\/352|[silent]
|turn|16
|
|switch|p2a: Landorus-Therian|Landorus-Therian, M|226\/319
|-damage|p2a: Landorus-Therian|187\/319|[from] Stealth Rock
|-ability|p2a: Landorus-Therian|Intimidate|[of] p1a: Scizor
|-unboost|p1a: Scizor|atk|1
|move|p1a: Scizor|Swords Dance|p1a: Scizor
|-boost|p1a: Scizor|atk|2
|
|-weather|RainDance|[upkeep]
|-damage|p1a: Scizor|171\/343|[from] Leech Seed|[of] p2a: Landorus-Therian
|-heal|p2a: Landorus-Therian|229\/319|[silent]
|turn|17
|
|move|p1a: Scizor|Bullet Punch|p2a: Landorus-Therian
|-damage|p2a: Landorus-Therian|0 fnt
|faint|p2a: Landorus-Therian
|
|-weather|none
|
|switch|p2a: Keldeo|Keldeo|323\/323
|-damage|p2a: Keldeo|303\/323|[from] Stealth Rock
|turn|18
|
|move|p2a: Keldeo|Scald|p1a: Scizor
|-damage|p1a: Scizor|21\/343
|-status|p1a: Scizor|brn
|move|p1a: Scizor|Superpower|p2a: Keldeo
|-damage|p2a: Keldeo|47\/323
|-unboost|p1a: Scizor|atk|1
|-unboost|p1a: Scizor|def|1
|
|-heal|p2a: Keldeo|67\/323|[from] item: Leftovers
|-damage|p1a: Scizor|0 fnt|[from] Leech Seed|[of] p2a: Keldeo
|-heal|p2a: Keldeo|88\/323|[silent]
|faint|p1a: Scizor
|
|switch|p1a: Kingdra|Kingdra, M|311\/311
|turn|19
|
|move|p2a: Keldeo|Secret Sword|p1a: Kingdra
|-damage|p1a: Kingdra|163\/311
|move|p1a: Kingdra|Dragon Pulse|p2a: Keldeo
|-damage|p2a: Keldeo|0 fnt
|faint|p2a: Keldeo
|
|
|switch|p2a: Gardevoir|Gardevoir, F|277\/277
|-damage|p2a: Gardevoir|243\/277|[from] Stealth Rock
|-ability|p2a: Gardevoir|Swift Swim|[from] ability: Trace|[of] p1a: Kingdra
|turn|20
|
|switch|p1a: Politoed|Politoed, M|31\/384
|-weather|RainDance
|move|p2a: Gardevoir|Psyshock|p1a: Politoed
|-damage|p1a: Politoed|0 fnt
|faint|p1a: Politoed
|
|-weather|RainDance|[upkeep]
|
|switch|p1a: Kingdra|Kingdra, M|163\/311
|turn|21
|
|move|p2a: Gardevoir|Psyshock|p1a: Kingdra
|-damage|p1a: Kingdra|28\/311
|move|p1a: Kingdra|Hydro Pump|p2a: Gardevoir
|-damage|p2a: Gardevoir|0 fnt
|faint|p2a: Gardevoir
|
|-weather|RainDance|[upkeep]
|
|switch|p2a: Ferrothorn|Ferrothorn, M|340\/352
|-damage|p2a: Ferrothorn|318\/352|[from] Stealth Rock
|turn|22
|
|move|p1a: Kingdra|Hydro Pump|p2a: Ferrothorn
|-resisted|p2a: Ferrothorn
|-damage|p2a: Ferrothorn|187\/352
|move|p2a: Ferrothorn|Leech Seed|p1a: Kingdra
|-start|p1a: Kingdra|move: Leech Seed
|
|-weather|RainDance|[upkeep]
|-damage|p1a: Kingdra|0 fnt|[from] Leech Seed|[of] p2a: Ferrothorn
|-heal|p2a: Ferrothorn|215\/352|[silent]
|faint|p1a: Kingdra
|
|switch|p1a: Kabutops|Kabutops, F|271\/271
|turn|23
|
|move|p1a: Kabutops|Swords Dance|p1a: Kabutops
|-boost|p1a: Kabutops|atk|2
|move|p2a: Ferrothorn|Leech Seed|p1a: Kabutops
|-start|p1a: Kabutops|move: Leech Seed
|
|-weather|RainDance|[upkeep]
|-damage|p1a: Kabutops|238\/271|[from] Leech Seed|[of] p2a: Ferrothorn
|-heal|p2a: Ferrothorn|248\/352|[silent]
|turn|24
|
|move|p1a: Kabutops|Swords Dance|p1a: Kabutops
|-boost|p1a: Kabutops|atk|2
|move|p2a: Ferrothorn|Gyro Ball|p1a: Kabutops
|-damage|p1a: Kabutops|88\/271
|
|-weather|RainDance|[upkeep]
|-damage|p1a: Kabutops|55\/271|[from] Leech Seed|[of] p2a: Ferrothorn
|-heal|p2a: Ferrothorn|281\/352|[silent]
|turn|25
|
|move|p2a: Ferrothorn|Protect|p2a: Ferrothorn
|-singleturn|p2a: Ferrothorn|Protect
|move|p1a: Kabutops|Waterfall|p2a: Ferrothorn
|-activate|p2a: Ferrothorn|Protect
|
|-weather|RainDance|[upkeep]
|-damage|p1a: Kabutops|22\/271|[from] Leech Seed|[of] p2a: Ferrothorn
|-heal|p2a: Ferrothorn|314\/352|[silent]
|turn|26
|
|move|p2a: Ferrothorn|Protect|p2a: Ferrothorn
|-singleturn|p2a: Ferrothorn|Protect
|move|p1a: Kabutops|Waterfall|p2a: Ferrothorn
|-activate|p2a: Ferrothorn|Protect
|
|-weather|RainDance|[upkeep]
|-damage|p1a: Kabutops|0 fnt|[from] Leech Seed|[of] p2a: Ferrothorn
|-heal|p2a: Ferrothorn|336\/352|[silent]
|faint|p1a: Kabutops
|
|switch|p1a: Seismitoad|Seismitoad, F|414\/414
|turn|27
|
|move|p1a: Seismitoad|Scald|p2a: Ferrothorn
|-resisted|p2a: Ferrothorn
|-damage|p2a: Ferrothorn|292\/352
|move|p2a: Ferrothorn|Leech Seed|p1a: Seismitoad
|-start|p1a: Seismitoad|move: Leech Seed
|
|-weather|none
|-damage|p1a: Seismitoad|363\/414|[from] Leech Seed|[of] p2a: Ferrothorn
|-heal|p2a: Ferrothorn|343\/352|[silent]
|turn|28
|
|move|p2a: Ferrothorn|Protect|p2a: Ferrothorn
|-singleturn|p2a: Ferrothorn|Protect
|move|p1a: Seismitoad|Scald|p2a: Ferrothorn
|-activate|p2a: Ferrothorn|Protect
|
|-heal|p1a: Seismitoad|388\/414|[from] item: Leftovers
|-damage|p1a: Seismitoad|337\/414|[from] Leech Seed|[of] p2a: Ferrothorn
|-heal|p2a: Ferrothorn|352\/352|[silent]
|turn|29
|
|move|p1a: Seismitoad|Scald|p2a: Ferrothorn
|-resisted|p2a: Ferrothorn
|-damage|p2a: Ferrothorn|326\/352
|move|p2a: Ferrothorn|Gyro Ball|p1a: Seismitoad
|-resisted|p1a: Seismitoad
|-damage|p1a: Seismitoad|292\/414
|
|-heal|p1a: Seismitoad|317\/414|[from] item: Leftovers
|-damage|p1a: Seismitoad|266\/414|[from] Leech Seed|[of] p2a: Ferrothorn
|-heal|p2a: Ferrothorn|352\/352|[silent]
|turn|30
|-message|Trumaerd forfeited.
|leave|Trumaerd
|
|win|Riahi
|raw|Ladder updating...
|raw|Trumaerd's rating: 1475 &rarr; <strong>1455<\/strong><br \/>(-20 for losing)
|raw|Riahi's rating: 1480 &rarr; <strong>1500<\/strong><br \/>(+20 for winning)
|player|p1