|join|Trumaerd
|join|getreqsforwhat
|player|p1|Trumaerd|170
|player|p2|getreqsforwhat|283
|gametype|singles
|gen|6
|tier|OU (suspect test)
|rated
|clearpoke
|poke|p1|Scizor, F
|poke|p1|Kingdra, M
|poke|p1|Gothitelle, M
|poke|p1|Politoed, M
|poke|p1|Kabutops, F
|poke|p1|Seismitoad, M
|poke|p2|Altaria, M
|poke|p2|Landorus, M
|poke|p2|Rotom-Wash
|poke|p2|Ferrothorn, M
|poke|p2|Latios, M
|poke|p2|Victini
|rule|Swagger Clause: Swagger is banned
|rule|Baton Pass Clause: Limit one PokÃ©mon knowing Baton Pass
|rule|Sleep Clause Mod: Limit one foe put to sleep
|rule|Species Clause: Limit one of each PokÃ©mon
|rule|OHKO Clause: OHKO moves are banned
|rule|Moody Clause: Moody is banned
|rule|Evasion Moves Clause: Evasion moves are banned
|rule|Endless Battle Clause: Forcing endless battles is banned
|rule|HP Percentage Mod: HP is shown in percentages
|teampreview
|
|start
|switch|p1a: Seismitoad|Seismitoad, M|414\/414
|switch|p2a: Latios|Latios, M|301\/301
|turn|1
|
|switch|p1a: Scizor|Scizor, F|343\/343
|move|p2a: Latios|Draco Meteor|p1a: Scizor
|-resisted|p1a: Scizor
|-damage|p1a: Scizor|171\/343
|-unboost|p2a: Latios|spa|2
|-damage|p2a: Latios|271\/301|[from] item: Life Orb
|
|turn|2
|
|switch|p2a: Victini|Victini|341\/341
|detailschange|p1a: Scizor|Scizor-Mega, F
|-mega|p1a: Scizor|Scizor|Scizorite
|move|p1a: Scizor|Roost|p1a: Scizor
|-heal|p1a: Scizor|343\/343
|
|turn|3
|
|switch|p1a: Seismitoad|Seismitoad, M|414\/414
|move|p2a: Victini|Toxic|p1a: Seismitoad
|-status|p1a: Seismitoad|tox
|
|-damage|p1a: Seismitoad|389\/414 tox|[from] psn
|turn|4
|
|move|p2a: Victini|Substitute|p2a: Victini
|-start|p2a: Victini|Substitute
|-damage|p2a: Victini|256\/341
|move|p1a: Seismitoad|Knock Off|p2a: Victini
|-supereffective|p2a: Victini
|-end|p2a: Victini|Substitute
|
|-heal|p2a: Victini|277\/341|[from] item: Leftovers
|-heal|p1a: Seismitoad|414\/414 tox|[from] item: Leftovers
|-damage|p1a: Seismitoad|364\/414 tox|[from] psn
|turn|5
|
|move|p2a: Victini|Substitute|p2a: Victini
|-start|p2a: Victini|Substitute
|-damage|p2a: Victini|192\/341
|move|p1a: Seismitoad|Stealth Rock|p2a: Victini
|-sidestart|p2: getreqsforwhat|move: Stealth Rock
|
|-heal|p2a: Victini|213\/341|[from] item: Leftovers
|-heal|p1a: Seismitoad|389\/414 tox|[from] item: Leftovers
|-damage|p1a: Seismitoad|314\/414 tox|[from] psn
|turn|6
|
|move|p2a: Victini|Brick Break|p1a: Seismitoad
|-damage|p1a: Seismitoad|250\/414 tox
|move|p1a: Seismitoad|Knock Off|p2a: Victini
|-crit|p2a: Victini
|-supereffective|p2a: Victini
|-end|p2a: Victini|Substitute
|
|-heal|p2a: Victini|234\/341|[from] item: Leftovers
|-heal|p1a: Seismitoad|275\/414 tox|[from] item: Leftovers
|-damage|p1a: Seismitoad|175\/414 tox|[from] psn
|turn|7
|
|switch|p2a: Rotom-Wash|Rotom-Wash|303\/303
|-damage|p2a: Rotom-Wash|266\/303|[from] Stealth Rock
|switch|p1a: Gothitelle|Gothitelle, M|282\/282
|
|-heal|p2a: Rotom-Wash|284\/303|[from] item: Leftovers
|turn|8
|
|move|p1a: Gothitelle|Psychic|p2a: Rotom-Wash
|-damage|p2a: Rotom-Wash|104\/303
|move|p2a: Rotom-Wash|Volt Switch|p1a: Gothitelle
|-damage|p1a: Gothitelle|201\/282
|
|switch|p2a: Ferrothorn|Ferrothorn, M|352\/352
|-damage|p2a: Ferrothorn|330\/352|[from] Stealth Rock
|
|-heal|p2a: Ferrothorn|352\/352|[from] item: Leftovers
|turn|9
|
|switch|p1a: Scizor|Scizor-Mega, F|343\/343
|move|p2a: Ferrothorn|Stealth Rock|p1a: Scizor
|-sidestart|p1: Trumaerd|move: Stealth Rock
|
|turn|10
|
|switch|p2a: Victini|Victini|234\/341
|-damage|p2a: Victini|149\/341|[from] Stealth Rock
|move|p1a: Scizor|Swords Dance|p1a: Scizor
|-boost|p1a: Scizor|atk|2
|
|-heal|p2a: Victini|170\/341|[from] item: Leftovers
|turn|11
|
|switch|p1a: Seismitoad|Seismitoad, M|175\/414 tox
|-damage|p1a: Seismitoad|150\/414 tox|[from] Stealth Rock
|move|p2a: Victini|V-create|p1a: Seismitoad
|-resisted|p1a: Seismitoad
|-damage|p1a: Seismitoad|41\/414 tox
|-unboost|p2a: Victini|def|1
|-unboost|p2a: Victini|spd|1
|-unboost|p2a: Victini|spe|1
|
|-heal|p2a: Victini|191\/341|[from] item: Leftovers
|-heal|p1a: Seismitoad|66\/414 tox|[from] item: Leftovers
|-damage|p1a: Seismitoad|41\/414 tox|[from] psn
|turn|12
|
|switch|p2a: Latios|Latios, M|271\/301
|-damage|p2a: Latios|234\/301|[from] Stealth Rock
|move|p1a: Seismitoad|Knock Off|p2a: Latios
|-supereffective|p2a: Latios
|-damage|p2a: Latios|26\/301
|-enditem|p2a: Latios|Life Orb|[from] move: Knock Off|[of] p1a: Seismitoad
|
|-heal|p1a: Seismitoad|66\/414 tox|[from] item: Leftovers
|-damage|p1a: Seismitoad|16\/414 tox|[from] psn
|turn|13
|
|move|p2a: Latios|Roost|p2a: Latios
|-heal|p2a: Latios|177\/301
|move|p1a: Seismitoad|Stealth Rock|p2a: Latios
|-fail|p2a: Latios
|
|-heal|p1a: Seismitoad|41\/414 tox|[from] item: Leftovers
|-damage|p1a: Seismitoad|0 fnt|[from] psn
|faint|p1a: Seismitoad
|
|switch|p1a: Scizor|Scizor-Mega, F|343\/343
|-damage|p1a: Scizor|301\/343|[from] Stealth Rock
|turn|14
|
|switch|p2a: Rotom-Wash|Rotom-Wash|104\/303
|-damage|p2a: Rotom-Wash|67\/303|[from] Stealth Rock
|move|p1a: Scizor|Swords Dance|p1a: Scizor
|-boost|p1a: Scizor|atk|2
|
|-heal|p2a: Rotom-Wash|85\/303|[from] item: Leftovers
|turn|15
|
|switch|p1a: Gothitelle|Gothitelle, M|201\/282
|-damage|p1a: Gothitelle|166\/282|[from] Stealth Rock
|move|p2a: Rotom-Wash|Will-O-Wisp|p1a: Gothitelle
|-status|p1a: Gothitelle|brn
|
|-heal|p2a: Rotom-Wash|103\/303|[from] item: Leftovers
|-damage|p1a: Gothitelle|131\/282 brn|[from] brn
|turn|16
|
|move|p1a: Gothitelle|Psychic|p2a: Rotom-Wash
|-damage|p2a: Rotom-Wash|0 fnt
|faint|p2a: Rotom-Wash
|
|-damage|p1a: Gothitelle|96\/282 brn|[from] brn
|
|switch|p2a: Victini|Victini|191\/341
|-damage|p2a: Victini|106\/341|[from] Stealth Rock
|turn|17
|
|move|p2a: Victini|Toxic|p1a: Gothitelle
|-fail|p1a: Gothitelle
|move|p1a: Gothitelle|Psychic|p2a: Victini
|-resisted|p2a: Victini
|-damage|p2a: Victini|12\/341
|
|-heal|p2a: Victini|33\/341|[from] item: Leftovers
|-damage|p1a: Gothitelle|61\/282 brn|[from] brn
|turn|18
|
|move|p2a: Victini|V-create|p1a: Gothitelle
|-crit|p1a: Gothitelle
|-damage|p1a: Gothitelle|0 fnt
|-unboost|p2a: Victini|def|1
|-unboost|p2a: Victini|spd|1
|-unboost|p2a: Victini|spe|1
|faint|p1a: Gothitelle
|
|-heal|p2a: Victini|54\/341|[from] item: Leftovers
|
|switch|p1a: Politoed|Politoed, M|384\/384
|-damage|p1a: Politoed|336\/384|[from] Stealth Rock
|-weather|RainDance
|turn|19
|
|move|p2a: Victini|Toxic|p1a: Politoed
|-status|p1a: Politoed|tox
|move|p1a: Politoed|Scald|p2a: Victini
|-supereffective|p2a: Victini
|-damage|p2a: Victini|0 fnt
|faint|p2a: Victini
|
|-weather|RainDance|[upkeep]
|-damage|p1a: Politoed|312\/384 tox|[from] psn
|
|switch|p2a: Latios|Latios, M|177\/301
|-damage|p2a: Latios|140\/301|[from] Stealth Rock
|turn|20
|
|switch|p1a: Scizor|Scizor-Mega, F|301\/343
|-damage|p1a: Scizor|259\/343|[from] Stealth Rock
|move|p2a: Latios|Psychic|p1a: Scizor
|-resisted|p1a: Scizor
|-damage|p1a: Scizor|172\/343
|
|-weather|RainDance|[upkeep]
|turn|21
|
|switch|p2a: Ferrothorn|Ferrothorn, M|352\/352
|-damage|p2a: Ferrothorn|330\/352|[from] Stealth Rock
|move|p1a: Scizor|Roost|p1a: Scizor
|-heal|p1a: Scizor|343\/343
|
|-weather|RainDance|[upkeep]
|-heal|p2a: Ferrothorn|352\/352|[from] item: Leftovers
|turn|22
|
|move|p1a: Scizor|Swords Dance|p1a: Scizor
|-boost|p1a: Scizor|atk|2
|move|p2a: Ferrothorn|Leech Seed|p1a: Scizor
|-start|p1a: Scizor|move: Leech Seed
|
|-weather|RainDance|[upkeep]
|-damage|p1a: Scizor|301\/343|[from] Leech Seed|[of] p2a: Ferrothorn
|turn|23
|
|switch|p2a: Landorus|Landorus, M|319\/319
|-damage|p2a: Landorus|280\/319|[from] Stealth Rock
|move|p1a: Scizor|Swords Dance|p1a: Scizor
|-boost|p1a: Scizor|atk|2
|
|-weather|RainDance|[upkeep]
|-damage|p1a: Scizor|259\/343|[from] Leech Seed|[of] p2a: Landorus
|-heal|p2a: Landorus|319\/319|[silent]
|turn|24
|
|switch|p2a: Ferrothorn|Ferrothorn, M|352\/352
|-damage|p2a: Ferrothorn|330\/352|[from] Stealth Rock
|move|p1a: Scizor|Bullet Punch|p2a: Ferrothorn
|-crit|p2a: Ferrothorn
|-resisted|p2a: Ferrothorn
|-damage|p2a: Ferrothorn|119\/352
|-damage|p1a: Scizor|217\/343|[from] ability: Iron Barbs|[of] p2a: Ferrothorn
|
|-weather|RainDance|[upkeep]
|-heal|p2a: Ferrothorn|141\/352|[from] item: Leftovers
|-damage|p1a: Scizor|175\/343|[from] Leech Seed|[of] p2a: Ferrothorn
|-heal|p2a: Ferrothorn|183\/352|[silent]
|turn|25
|
|switch|p2a: Landorus|Landorus, M|319\/319
|-damage|p2a: Landorus|280\/319|[from] Stealth Rock
|move|p1a: Scizor|Roost|p1a: Scizor
|-heal|p1a: Scizor|343\/343
|
|-weather|RainDance|[upkeep]
|-damage|p1a: Scizor|301\/343|[from] Leech Seed|[of] p2a: Landorus
|-heal|p2a: Landorus|319\/319|[silent]
|turn|26
|
|move|p1a: Scizor|Bullet Punch|p2a: Landorus
|-damage|p2a: Landorus|0 fnt
|faint|p2a: Landorus
|
|-weather|none
|-message|getreqsforwhat forfeited.
|leave|getreqsforwhat
|
|win|Trumaerd
|raw|Ladder updating...
|player|p2
|raw|Trumaerd's rating: 1458 &rarr; <strong>1475<\/strong><br \/>(+17 for winning)
|raw|getreqsforwhat's rating: 1410 &rarr; <strong>1393<\/strong><br \/>(-17 for losing)