|join|Trumaerd
|join|Bamsunin
|player|p1|Trumaerd|170
|player|p2|Bamsunin|157
|gametype|singles
|gen|6
|tier|OU (suspect test)
|rated
|clearpoke
|poke|p1|Seismitoad, F
|poke|p1|Politoed, M
|poke|p1|Kingdra, F
|poke|p1|Kabutops, M
|poke|p1|Scizor, F
|poke|p1|Gothitelle, F
|poke|p2|Seismitoad, M, shiny
|poke|p2|Venusaur, M, shiny
|poke|p2|Gliscor, F, shiny
|poke|p2|Scizor, F, shiny
|poke|p2|Bisharp, M, shiny
|poke|p2|Sylveon, M, shiny
|rule|Swagger Clause: Swagger is banned
|rule|Baton Pass Clause: Limit one PokÃ©mon knowing Baton Pass
|rule|Sleep Clause Mod: Limit one foe put to sleep
|rule|Species Clause: Limit one of each PokÃ©mon
|rule|OHKO Clause: OHKO moves are banned
|rule|Moody Clause: Moody is banned
|rule|Evasion Moves Clause: Evasion moves are banned
|rule|Endless Battle Clause: Forcing endless battles is banned
|rule|HP Percentage Mod: HP is shown in percentages
|teampreview
|
|start
|switch|p1a: Seismitoad|Seismitoad, F|414\/414
|switch|p2a: Seismitoad|Seismitoad, M, shiny|414\/414
|turn|1
|
|move|p1a: Seismitoad|Stealth Rock|p2a: Seismitoad
|-sidestart|p2: Bamsunin|move: Stealth Rock
|move|p2a: Seismitoad|Stealth Rock|p1a: Seismitoad
|-sidestart|p1: Trumaerd|move: Stealth Rock
|
|turn|2
|c|âBamsunin|why the hell are you using toas
|c|âBamsunin|d
|c|âBamsunin|lel
|
|move|p2a: Seismitoad|Earthquake|p1a: Seismitoad
|-crit|p1a: Seismitoad
|-damage|p1a: Seismitoad|273\/414
|move|p1a: Seismitoad|Toxic|p2a: Seismitoad
|-status|p2a: Seismitoad|tox
|
|-heal|p1a: Seismitoad|298\/414|[from] item: Leftovers
|-damage|p2a: Seismitoad|389\/414 tox|[from] psn
|turn|3
|
|move|p1a: Seismitoad|Knock Off|p2a: Seismitoad
|-damage|p2a: Seismitoad|301\/414 tox
|-enditem|p2a: Seismitoad|Leftovers|[from] move: Knock Off|[of] p1a: Seismitoad
|move|p2a: Seismitoad|Refresh|p2a: Seismitoad
|-curestatus|p2a: Seismitoad|tox
|
|-heal|p1a: Seismitoad|323\/414|[from] item: Leftovers
|turn|4
|
|switch|p2a: Venusaur|Venusaur, M, shiny|364\/364
|-damage|p2a: Venusaur|319\/364|[from] Stealth Rock
|move|p1a: Seismitoad|Toxic|p2a: Venusaur
|-fail|p2a: Venusaur
|
|-heal|p1a: Seismitoad|348\/414|[from] item: Leftovers
|turn|5
|
|switch|p1a: Gothitelle|Gothitelle, F|301\/301
|-damage|p1a: Gothitelle|264\/301|[from] Stealth Rock
|detailschange|p2a: Venusaur|Venusaur-Mega, M, shiny
|-mega|p2a: Venusaur|Venusaur|Venusaurite
|move|p2a: Venusaur|Giga Drain|p1a: Gothitelle
|-damage|p1a: Gothitelle|126\/301
|-heal|p2a: Venusaur|364\/364|[from] drain|[of] p1a: Gothitelle
|
|turn|6
|
|move|p1a: Gothitelle|Psychic|p2a: Venusaur
|-supereffective|p2a: Venusaur
|-damage|p2a: Venusaur|164\/364
|move|p2a: Venusaur|Giga Drain|p1a: Gothitelle
|-damage|p1a: Gothitelle|0 fnt
|-heal|p2a: Venusaur|227\/364|[from] drain|[of] p1a: Gothitelle
|faint|p1a: Gothitelle
|
|
|switch|p1a: Kingdra|Kingdra, F|298\/298
|-damage|p1a: Kingdra|261\/298|[from] Stealth Rock
|turn|7
|
|switch|p1a: Politoed|Politoed, M|384\/384
|-damage|p1a: Politoed|336\/384|[from] Stealth Rock
|-weather|RainDance
|move|p2a: Venusaur|Synthesis|p2a: Venusaur
|-heal|p2a: Venusaur|318\/364
|
|-weather|RainDance|[upkeep]
|turn|8
|
|switch|p1a: Scizor|Scizor, F|344\/344
|-damage|p1a: Scizor|301\/344|[from] Stealth Rock
|move|p2a: Venusaur|Giga Drain|p1a: Scizor
|-resisted|p1a: Scizor
|-damage|p1a: Scizor|262\/344
|-heal|p2a: Venusaur|338\/364|[from] drain|[of] p1a: Scizor
|
|-weather|RainDance|[upkeep]
|turn|9
|
|switch|p2a: Gliscor|Gliscor, F, shiny|353\/353
|-damage|p2a: Gliscor|309\/353|[from] Stealth Rock
|detailschange|p1a: Scizor|Scizor-Mega, F
|-mega|p1a: Scizor|Scizor|Scizorite
|move|p1a: Scizor|Swords Dance|p1a: Scizor
|-boost|p1a: Scizor|atk|2
|
|-weather|RainDance|[upkeep]
|-status|p2a: Gliscor|tox|[from] item: Toxic Orb
|turn|10
|
|move|p2a: Gliscor|Earthquake|p1a: Scizor
|-damage|p1a: Scizor|175\/344
|move|p1a: Scizor|Swords Dance|p1a: Scizor
|-boost|p1a: Scizor|atk|2
|
|-weather|RainDance|[upkeep]
|-heal|p2a: Gliscor|353\/353 tox|[from] ability: Poison Heal
|turn|11
|c|âBamsunin|plz no
|
|move|p1a: Scizor|Bullet Punch|p2a: Gliscor
|-damage|p2a: Gliscor|122\/353 tox
|move|p2a: Gliscor|Earthquake|p1a: Scizor
|-damage|p1a: Scizor|93\/344
|
|-weather|RainDance|[upkeep]
|-heal|p2a: Gliscor|166\/353 tox|[from] ability: Poison Heal
|turn|12
|
|move|p2a: Gliscor|Earthquake|p1a: Scizor
|-damage|p1a: Scizor|8\/344
|move|p1a: Scizor|Roost|p1a: Scizor
|-heal|p1a: Scizor|180\/344
|
|-weather|RainDance|[upkeep]
|-heal|p2a: Gliscor|210\/353 tox|[from] ability: Poison Heal
|turn|13
|
|switch|p2a: Seismitoad|Seismitoad, M, shiny|301\/414
|-damage|p2a: Seismitoad|276\/414|[from] Stealth Rock
|move|p1a: Scizor|Bullet Punch|p2a: Seismitoad
|-resisted|p2a: Seismitoad
|-damage|p2a: Seismitoad|19\/414
|
|-weather|RainDance|[upkeep]
|turn|14
|
|move|p1a: Scizor|Bullet Punch|p2a: Seismitoad
|-resisted|p2a: Seismitoad
|-damage|p2a: Seismitoad|0 fnt
|faint|p2a: Seismitoad
|
|-weather|none
|
|switch|p2a: Venusaur|Venusaur-Mega, M, shiny|338\/364
|-damage|p2a: Venusaur|293\/364|[from] Stealth Rock
|turn|15
|
|move|p1a: Scizor|Bullet Punch|p2a: Venusaur
|-damage|p2a: Venusaur|0 fnt
|faint|p2a: Venusaur
|
|
|switch|p2a: Bisharp|Bisharp, M, shiny|271\/271
|-damage|p2a: Bisharp|255\/271|[from] Stealth Rock
|turn|16
|
|move|p2a: Bisharp|Knock Off|p1a: Scizor
|-damage|p1a: Scizor|71\/344
|-damage|p2a: Bisharp|228\/271|[from] item: Life Orb
|move|p1a: Scizor|Roost|p1a: Scizor
|-heal|p1a: Scizor|243\/344
|
|turn|17
|
|move|p2a: Bisharp|Swords Dance|p2a: Bisharp
|-boost|p2a: Bisharp|atk|2
|move|p1a: Scizor|Superpower|p2a: Bisharp
|-supereffective|p2a: Bisharp
|-damage|p2a: Bisharp|0 fnt
|-unboost|p1a: Scizor|atk|1
|-unboost|p1a: Scizor|def|1
|faint|p2a: Bisharp
|
|-message|Bamsunin forfeited.
|
|win|Trumaerd
|raw|Ladder updating...
|leave|Bamsunin
|player|p2
|raw|Trumaerd's rating: 1462 &rarr; <strong>1478<\/strong><br \/>(+16 for winning)
|raw|Bamsunin's rating: 1382 &rarr; <strong>1367<\/strong><br \/>(-15 for losing)