|join|Kirbizzle321
|join|SuckerforMetal
|player|p1|Kirbizzle321|161
|player|p2|SuckerforMetal|170
|gametype|singles
|gen|6
|tier|OU
|rated
|clearpoke
|poke|p1|Deoxys-Defense
|poke|p1|Charizard, F
|poke|p1|Latios, M
|poke|p1|Greninja, M
|poke|p1|Conkeldurr, M
|poke|p1|Gengar, F
|poke|p2|Gengar, F
|poke|p2|Jirachi
|poke|p2|Rotom-Wash
|poke|p2|Gliscor, F
|poke|p2|Roserade, F
|poke|p2|Aerodactyl, M, shiny
|rule|Sleep Clause Mod: Limit one foe put to sleep
|rule|Species Clause: Limit one of each Pokemon
|rule|OHKO Clause: OHKO moves are banned
|rule|Moody Clause: Moody is banned
|rule|Evasion Moves Clause: Evasion moves are banned
|rule|Endless Battle Clause: Forcing endless battles is banned.
|rule|HP Percentage Mod: HP is reported as percentages
|teampreview
|
|start
|switch|p1a: Greninja|Greninja, M|286\/286
|switch|p2a: Aerodactyl|Aerodactyl, M, shiny|302\/302
|turn|1
|
|-formechange|p2a: Aerodactyl|Aerodactyl-Mega
|message|Aerodactyl has Mega Evolved into Mega Aerodactyl!
|move|p2a: Aerodactyl|Stealth Rock|p1a: Greninja
|-sidestart|p1: Kirbizzle321|move: Stealth Rock
|-start|p1a: Greninja|typechange|Ice|[from] Protean
|move|p1a: Greninja|Ice Beam|p2a: Aerodactyl
|-supereffective|p2a: Aerodactyl
|-damage|p2a: Aerodactyl|0 fnt
|faint|p2a: Aerodactyl
|
|
|switch|p2a: Rotom-Wash|Rotom-Wash|299\/299
|turn|2
|
|switch|p1a: Gengar|Gengar, F|262\/262
|-damage|p1a: Gengar|230\/262|[from] Stealth Rock
|move|p2a: Rotom-Wash|Volt Switch|p1a: Gengar
|-damage|p1a: Gengar|92\/262
|
|switch|p2a: Jirachi|Jirachi|362\/362
|
|-heal|p1a: Gengar|108\/262|[from] item: Black Sludge
|turn|3
|
|move|p1a: Gengar|Shadow Ball|p2a: Jirachi
|-supereffective|p2a: Jirachi
|-damage|p2a: Jirachi|90\/362
|-unboost|p2a: Jirachi|spd|1
|move|p2a: Jirachi|Iron Head|p1a: Gengar
|-damage|p1a: Gengar|0 fnt
|faint|p1a: Gengar
|
|-heal|p2a: Jirachi|112\/362|[from] item: Leftovers
|
|switch|p1a: Deoxys-Defense|Deoxys-Defense|304\/304
|-damage|p1a: Deoxys-Defense|266\/304|[from] Stealth Rock
|-ability|p1a: Deoxys-Defense|Pressure
|turn|4
|
|move|p2a: Jirachi|Thunder Wave|p1a: Deoxys-Defense
|-status|p1a: Deoxys-Defense|par
|move|p1a: Deoxys-Defense|Stealth Rock|p2a: Jirachi
|-sidestart|p2: SuckerforMetal|move: Stealth Rock
|
|-heal|p2a: Jirachi|134\/362|[from] item: Leftovers
|turn|5
|
|move|p2a: Jirachi|Wish|p2a: Jirachi
|move|p1a: Deoxys-Defense|Spikes|p2a: Jirachi
|-sidestart|p2: SuckerforMetal|Spikes
|
|-heal|p2a: Jirachi|156\/362|[from] item: Leftovers
|turn|6
|
|move|p2a: Jirachi|Iron Head|p1a: Deoxys-Defense
|-damage|p1a: Deoxys-Defense|202\/304 par
|-enditem|p1a: Deoxys-Defense|Red Card|[of] p2a: Jirachi
|drag|p2a: Rotom-Wash|Rotom-Wash|299\/299
|-damage|p2a: Rotom-Wash|262\/299|[from] Stealth Rock
|cant|p1a: Deoxys-Defense|flinch
|
|-heal|p2a: Rotom-Wash|299\/299|[from] move: Wish|[wisher] Jirachi
|turn|7
|
|move|p2a: Rotom-Wash|Hydro Pump|p1a: Deoxys-Defense
|-damage|p1a: Deoxys-Defense|117\/304 par
|move|p1a: Deoxys-Defense|Spikes|p2a: Rotom-Wash
|-sidestart|p2: SuckerforMetal|Spikes
|
|turn|8
|
|move|p2a: Rotom-Wash|Hydro Pump|p1a: Deoxys-Defense
|-damage|p1a: Deoxys-Defense|41\/304 par
|move|p1a: Deoxys-Defense|Spikes|p2a: Rotom-Wash
|-sidestart|p2: SuckerforMetal|Spikes
|
|turn|9
|
|move|p2a: Rotom-Wash|Hydro Pump|p1a: Deoxys-Defense|[miss]
|-miss|p2a: Rotom-Wash|p1a: Deoxys-Defense
|move|p1a: Deoxys-Defense|Night Shade|p2a: Rotom-Wash
|-damage|p2a: Rotom-Wash|199\/299
|
|-heal|p2a: Rotom-Wash|217\/299|[from] item: Leftovers
|turn|10
|
|move|p2a: Rotom-Wash|Hydro Pump|p1a: Deoxys-Defense
|-damage|p1a: Deoxys-Defense|0 fnt
|faint|p1a: Deoxys-Defense
|
|-heal|p2a: Rotom-Wash|235\/299|[from] item: Leftovers
|
|switch|p1a: Latios|Latios, M|302\/302
|-damage|p1a: Latios|265\/302|[from] Stealth Rock
|turn|11
|
|move|p1a: Latios|Psyshock|p2a: Rotom-Wash
|-damage|p2a: Rotom-Wash|88\/299
|move|p2a: Rotom-Wash|Pain Split|p1a: Latios
|-sethp|p1a: Latios|176\/302|p2a: Rotom-Wash|176\/299|[from] move: Pain Split
|
|-heal|p1a: Latios|194\/302|[from] item: Leftovers
|-heal|p2a: Rotom-Wash|194\/299|[from] item: Leftovers
|turn|12
|
|move|p1a: Latios|Psyshock|p2a: Rotom-Wash
|-damage|p2a: Rotom-Wash|61\/299
|move|p2a: Rotom-Wash|Will-O-Wisp|p1a: Latios|[miss]
|-miss|p2a: Rotom-Wash|p1a: Latios
|
|-heal|p1a: Latios|212\/302|[from] item: Leftovers
|-heal|p2a: Rotom-Wash|79\/299|[from] item: Leftovers
|turn|13
|
|move|p1a: Latios|Psyshock|p2a: Rotom-Wash
|-damage|p2a: Rotom-Wash|0 fnt
|faint|p2a: Rotom-Wash
|
|-heal|p1a: Latios|230\/302|[from] item: Leftovers
|
|switch|p2a: Jirachi|Jirachi|156\/362
|-damage|p2a: Jirachi|66\/362|[from] Spikes
|-damage|p2a: Jirachi|44\/362|[from] Stealth Rock
|turn|14
|
|move|p1a: Latios|Shadow Ball|p2a: Jirachi
|-supereffective|p2a: Jirachi
|-damage|p2a: Jirachi|0 fnt
|faint|p2a: Jirachi
|
|-heal|p1a: Latios|248\/302|[from] item: Leftovers
|
|switch|p2a: Roserade|Roserade, F|324\/324
|-damage|p2a: Roserade|243\/324|[from] Spikes
|-damage|p2a: Roserade|203\/324|[from] Stealth Rock
|turn|15
|
|move|p1a: Latios|Psyshock|p2a: Roserade
|-supereffective|p2a: Roserade
|-damage|p2a: Roserade|0 fnt
|faint|p2a: Roserade
|
|-heal|p1a: Latios|266\/302|[from] item: Leftovers
|
|switch|p2a: Gengar|Gengar, F|262\/262
|-damage|p2a: Gengar|230\/262|[from] Stealth Rock
|turn|16
|-message|SuckerforMetal forfeited.
|
|win|Kirbizzle321
|raw|Ladder updating...
|leave|SuckerforMetal
|player|p2
|raw|Kirbizzle321's rating: 1443 &rarr; <strong>1464<\/strong><br \/>(+21 for winning)
|raw|SuckerforMetal's rating: 1462 &rarr; <strong>1441<\/strong><br \/>(-21 for losing)