|join|SuckerforMetal
|join|Omgwtf89
|player|p1|SuckerforMetal|262
|player|p2|Omgwtf89|38
|gametype|singles
|gen|6
|tier|OU
|rated
|clearpoke
|poke|p1|Gengar, F, shiny
|poke|p1|Hydreigon, M
|poke|p1|Scizor, F
|poke|p1|Azumarill, F
|poke|p1|Heatran, M, shiny
|poke|p1|Mienshao, M
|poke|p2|Quagsire, F
|poke|p2|Scizor, M
|poke|p2|Chandelure, F
|poke|p2|Thundurus-Therian, M
|poke|p2|Latias, F
|poke|p2|Conkeldurr, F
|rule|Sleep Clause Mod: Limit one foe put to sleep
|rule|Species Clause: Limit one of each Pokemon
|rule|OHKO Clause: OHKO moves are banned
|rule|Moody Clause: Moody is banned
|rule|Evasion Moves Clause: Evasion moves are banned
|rule|Endless Battle Clause: Forcing endless battles is banned.
|rule|HP Percentage Mod: HP is reported as percentages
|teampreview
|
|start
|switch|p1a: Gengar|Gengar, F, shiny|261\/261
|switch|p2a: Conkeldurr|Conkeldurr, F|414\/414
|turn|1
|
|switch|p1a: Modest Mouse|Azumarill, F|400\/400
|move|p2a: Conkeldurr|Knock Off|p1a: Modest Mouse
|-resisted|p1a: Modest Mouse
|-damage|p1a: Modest Mouse|324\/400
|-enditem|p1a: Modest Mouse|Sitrus Berry|[from] move: Knock Off|[of] p2a: Conkeldurr
|
|turn|2
|
|switch|p1a: Heatran|Heatran, M, shiny|380\/380
|switch|p2a: Quagsire|Quagsire, F|394\/394
|
|turn|3
|
|switch|p1a: Mienshao|Mienshao, M|271\/271
|move|p2a: Quagsire|Scald|p1a: Mienshao
|-damage|p1a: Mienshao|172\/271
|
|turn|4
|
|move|p1a: Mienshao|U-turn|p2a: Quagsire
|-damage|p2a: Quagsire|302\/394
|-damage|p1a: Mienshao|145\/271|[from] item: Life Orb
|
|switch|p1a: Hydreigon|Hydreigon, M|325\/325
|move|p2a: Quagsire|Earthquake|p1a: Hydreigon
|-immune|p1a: Hydreigon|[msg]
|
|-heal|p2a: Quagsire|326\/394|[from] item: Leftovers
|turn|5
|
|switch|p2a: Conkeldurr|Conkeldurr, F|414\/414
|move|p1a: Hydreigon|Draco Meteor|p2a: Conkeldurr
|-damage|p2a: Conkeldurr|189\/414
|-unboost|p1a: Hydreigon|spa|2
|
|turn|6
|
|switch|p1a: Modest Mouse|Azumarill, F|324\/400
|move|p2a: Conkeldurr|Ice Punch|p1a: Modest Mouse
|-resisted|p1a: Modest Mouse
|-damage|p1a: Modest Mouse|260\/400
|
|turn|7
|
|switch|p2a: Quagsire|Quagsire, F|326\/394
|move|p1a: Modest Mouse|Waterfall|p2a: Quagsire
|-damage|p2a: Quagsire|187\/394
|
|-heal|p2a: Quagsire|211\/394|[from] item: Leftovers
|turn|8
|
|move|p1a: Modest Mouse|Play Rough|p2a: Quagsire
|-crit|p2a: Quagsire
|-damage|p2a: Quagsire|0 fnt
|faint|p2a: Quagsire
|
|
|switch|p2a: Thundurus-Therian|Thundurus-Therian, M|300\/300
|turn|9
|
|switch|p1a: Hydreigon|Hydreigon, M|325\/325
|move|p2a: Thundurus-Therian|Thunderbolt|p1a: Hydreigon
|-resisted|p1a: Hydreigon
|-damage|p1a: Hydreigon|217\/325
|
|turn|10
|
|switch|p2a: Scizor|Scizor, M|344\/344
|move|p1a: Hydreigon|Fire Blast|p2a: Scizor
|-supereffective|p2a: Scizor
|-damage|p2a: Scizor|0 fnt
|faint|p2a: Scizor
|
|
|switch|p2a: Latias|Latias, F|364\/364
|turn|11
|
|switch|p1a: Heatran|Heatran, M, shiny|380\/380
|move|p2a: Latias|Thunder Wave|p1a: Heatran
|-status|p1a: Heatran|par
|
|turn|12
|
|switch|p2a: Conkeldurr|Conkeldurr, F|189\/414
|move|p1a: Heatran|Stealth Rock|p2a: Conkeldurr
|-sidestart|p2: Omgwtf89|move: Stealth Rock
|
|turn|13
|
|switch|p1a: Modest Mouse|Azumarill, F|260\/400
|move|p2a: Conkeldurr|Drain Punch|p1a: Modest Mouse
|-resisted|p1a: Modest Mouse
|-damage|p1a: Modest Mouse|161\/400
|-heal|p2a: Conkeldurr|239\/414|[from] drain|[of] p1a: Modest Mouse
|
|turn|14
|
|move|p1a: Modest Mouse|Play Rough|p2a: Conkeldurr
|-supereffective|p2a: Conkeldurr
|-damage|p2a: Conkeldurr|0 fnt
|faint|p2a: Conkeldurr
|
|
|switch|p2a: Thundurus-Therian|Thundurus-Therian, M|300\/300
|-damage|p2a: Thundurus-Therian|225\/300|[from] Stealth Rock
|turn|15
|
|move|p2a: Thundurus-Therian|Hidden Power|p1a: Modest Mouse
|-resisted|p1a: Modest Mouse
|-damage|p1a: Modest Mouse|114\/400
|move|p1a: Modest Mouse|Waterfall|p2a: Thundurus-Therian
|-damage|p2a: Thundurus-Therian|8\/300
|
|turn|16
|
|move|p1a: Modest Mouse|Aqua Jet|p2a: Thundurus-Therian
|-damage|p2a: Thundurus-Therian|0 fnt
|faint|p2a: Thundurus-Therian
|
|
|switch|p2a: Latias|Latias, F|364\/364
|-damage|p2a: Latias|319\/364|[from] Stealth Rock
|turn|17
|
|switch|p1a: Hydreigon|Hydreigon, M|217\/325
|move|p2a: Latias|Psyshock|p1a: Hydreigon
|-immune|p1a: Hydreigon|[msg]
|
|-heal|p2a: Latias|341\/364|[from] item: Leftovers
|turn|18
|
|move|p1a: Hydreigon|Draco Meteor|p2a: Latias
|-supereffective|p2a: Latias
|-damage|p2a: Latias|0 fnt
|-unboost|p1a: Hydreigon|spa|2
|faint|p2a: Latias
|
|-message|Omgwtf89 forfeited.
|
|win|SuckerforMetal
|raw|Ladder updating...
|leave|Omgwtf89
|player|p2
|raw|SuckerforMetal's rating: 1602 &rarr; <strong>1621<\/strong><br \/>(+19 for winning)
|raw|Omgwtf89's rating: 1589 &rarr; <strong>1569<\/strong><br \/>(-20 for losing)