|join|SuckerforMetal
|join|AjTheEpic
|player|p1|SuckerforMetal|262
|player|p2|AjTheEpic|110
|gametype|singles
|gen|6
|tier|OU
|rated
|clearpoke
|poke|p1|Ditto
|poke|p1|Gengar, M, shiny
|poke|p1|Sylveon, F
|poke|p1|Gyarados, F
|poke|p1|Donphan, M
|poke|p1|Skarmory, M
|poke|p2|Aerodactyl, F
|poke|p2|Quagsire, M
|poke|p2|Latias, F
|poke|p2|Heatran, M
|poke|p2|Sylveon, M
|poke|p2|Amoonguss, M
|rule|Sleep Clause Mod: Limit one foe put to sleep
|rule|Species Clause: Limit one of each Pokemon
|rule|OHKO Clause: OHKO moves are banned
|rule|Moody Clause: Moody is banned
|rule|Evasion Moves Clause: Evasion moves are banned
|rule|Endless Battle Clause: Forcing endless battles is banned.
|rule|HP Percentage Mod: HP is reported as percentages
|teampreview
|
|start
|switch|p1a: Ditto|Ditto|300\/300
|switch|p2a: Quagsire|Quagsire, M|394\/394
|-transform|p1a: Ditto|p2a: Quagsire
|turn|1
|
|move|p1a: Ditto|Toxic|p2a: Quagsire
|-status|p2a: Quagsire|tox
|move|p2a: Quagsire|Toxic|p1a: Ditto
|-status|p1a: Ditto|tox
|
|-damage|p1a: Ditto|282\/300 tox|[from] psn
|-damage|p2a: Quagsire|370\/394 tox|[from] psn
|turn|2
|
|switch|p1a: Gengar|Gengar, M, shiny|262\/262
|switch|p2a: Amoonguss|Amoonguss, M|432\/432
|
|turn|3
|
|move|p1a: Gengar|Substitute|p1a: Gengar
|-start|p1a: Gengar|Substitute
|-damage|p1a: Gengar|197\/262
|move|p2a: Amoonguss|Foul Play|p1a: Gengar
|-supereffective|p1a: Gengar
|-end|p1a: Gengar|Substitute
|
|-heal|p1a: Gengar|213\/262|[from] item: Black Sludge
|turn|4
|
|move|p1a: Gengar|Substitute|p1a: Gengar
|-start|p1a: Gengar|Substitute
|-damage|p1a: Gengar|148\/262
|move|p2a: Amoonguss|Foul Play|p1a: Gengar
|-supereffective|p1a: Gengar
|-end|p1a: Gengar|Substitute
|
|-heal|p1a: Gengar|164\/262|[from] item: Black Sludge
|turn|5
|
|move|p1a: Gengar|Disable|p2a: Amoonguss
|-start|p2a: Amoonguss|Disable|Foul Play
|cant|p2a: Amoonguss|Disable|Foul Play
|
|-heal|p1a: Gengar|180\/262|[from] item: Black Sludge
|turn|6
|
|switch|p1a: Ditto|Ditto|282\/300 tox
|-transform|p1a: Ditto|p2a: Amoonguss
|move|p2a: Amoonguss|Giga Drain|p1a: Ditto
|-resisted|p1a: Ditto
|-damage|p1a: Ditto|263\/300 tox
|
|-damage|p1a: Ditto|245\/300 tox|[from] psn
|turn|7
|
|switch|p1a: Gengar|Gengar, M, shiny|180\/262
|move|p2a: Amoonguss|Giga Drain|p1a: Gengar
|-resisted|p1a: Gengar
|-damage|p1a: Gengar|128\/262
|
|-heal|p1a: Gengar|144\/262|[from] item: Black Sludge
|turn|8
|
|move|p1a: Gengar|Sludge Wave|p2a: Amoonguss
|-damage|p2a: Amoonguss|254\/432
|move|p2a: Amoonguss|Giga Drain|p1a: Gengar
|-resisted|p1a: Gengar
|-damage|p1a: Gengar|93\/262
|-heal|p2a: Amoonguss|280\/432|[from] drain|[of] p1a: Gengar
|
|-heal|p1a: Gengar|109\/262|[from] item: Black Sludge
|-heal|p2a: Amoonguss|307\/432|[from] item: Black Sludge
|-end|p2a: Amoonguss|Disable
|turn|9
|
|move|p1a: Gengar|Substitute|p1a: Gengar
|-start|p1a: Gengar|Substitute
|-damage|p1a: Gengar|44\/262
|move|p2a: Amoonguss|Foul Play|p1a: Gengar
|-supereffective|p1a: Gengar
|-end|p1a: Gengar|Substitute
|
|-heal|p1a: Gengar|60\/262|[from] item: Black Sludge
|-heal|p2a: Amoonguss|334\/432|[from] item: Black Sludge
|turn|10
|
|move|p1a: Gengar|Sludge Wave|p2a: Amoonguss
|-damage|p2a: Amoonguss|172\/432
|move|p2a: Amoonguss|Giga Drain|p1a: Gengar
|-resisted|p1a: Gengar
|-damage|p1a: Gengar|12\/262
|-heal|p2a: Amoonguss|196\/432|[from] drain|[of] p1a: Gengar
|
|-heal|p1a: Gengar|28\/262|[from] item: Black Sludge
|-heal|p2a: Amoonguss|223\/432|[from] item: Black Sludge
|turn|11
|
|switch|p1a: Skarmory|Skarmory, M|334\/334
|move|p2a: Amoonguss|Foul Play|p1a: Skarmory
|-damage|p1a: Skarmory|301\/334
|-damage|p2a: Amoonguss|151\/432|[from] item: Rocky Helmet|[of] p1a: Skarmory
|
|-heal|p2a: Amoonguss|178\/432|[from] item: Black Sludge
|turn|12
|
|switch|p2a: Heatran|Heatran, M|386\/386
|move|p1a: Skarmory|Brave Bird|p2a: Heatran
|-resisted|p2a: Heatran
|-damage|p2a: Heatran|326\/386
|-damage|p1a: Skarmory|281\/334|[from] recoil|[of] p2a: Heatran
|
|-heal|p2a: Heatran|350\/386|[from] item: Leftovers
|turn|13
|
|switch|p1a: Gyarados|Gyarados, F|360\/360
|-ability|p1a: Gyarados|Intimidate|[of] p2a: Heatran
|-unboost|p2a: Heatran|atk|1
|move|p2a: Heatran|Stealth Rock|p1a: Gyarados
|-sidestart|p1: SuckerforMetal|move: Stealth Rock
|
|-heal|p2a: Heatran|374\/386|[from] item: Leftovers
|turn|14
|
|switch|p2a: Amoonguss|Amoonguss, M|322\/432
|detailschange|p1a: Gyarados|Gyarados-Mega, F
|message|Gyarados has Mega Evolved into Mega Gyarados!
|-ability|p1a: Gyarados|Mold Breaker
|move|p1a: Gyarados|Dragon Dance|p1a: Gyarados
|-boost|p1a: Gyarados|atk|1
|-boost|p1a: Gyarados|spe|1
|
|-heal|p2a: Amoonguss|349\/432|[from] item: Black Sludge
|turn|15
|
|move|p1a: Gyarados|Earthquake|p2a: Amoonguss
|-damage|p2a: Amoonguss|141\/432
|move|p2a: Amoonguss|Spore|p1a: Gyarados
|-status|p1a: Gyarados|slp
|
|-heal|p2a: Amoonguss|168\/432|[from] item: Black Sludge
|turn|16
|
|switch|p1a: Sylveon|Sylveon, F|394\/394
|-damage|p1a: Sylveon|345\/394|[from] Stealth Rock
|move|p2a: Amoonguss|Giga Drain|p1a: Sylveon
|-damage|p1a: Sylveon|302\/394
|-heal|p2a: Amoonguss|190\/432|[from] drain|[of] p1a: Sylveon
|
|-heal|p1a: Sylveon|326\/394|[from] item: Leftovers
|-heal|p2a: Amoonguss|217\/432|[from] item: Black Sludge
|turn|17
|join|Gary2346
|
|switch|p2a: Heatran|Heatran, M|374\/386
|move|p1a: Sylveon|Wish|p1a: Sylveon
|
|-heal|p2a: Heatran|386\/386|[from] item: Leftovers
|-heal|p1a: Sylveon|350\/394|[from] item: Leftovers
|turn|18
|join|Doublade is Broken
|
|move|p1a: Sylveon|Heal Bell|p1a: Sylveon
|-cureteam|p1a: Sylveon|[from] move: HealBell
|move|p2a: Heatran|Roar|p1a: Sylveon
|drag|p1a: Gyarados|Gyarados-Mega, F|360\/360
|-damage|p1a: Gyarados|315\/360|[from] Stealth Rock
|-ability|p1a: Gyarados|Mold Breaker
|
|-heal|p1a: Gyarados|360\/360|[from] move: Wish|[wisher] Sylveon
|turn|19
|
|switch|p2a: Amoonguss|Amoonguss, M|361\/432
|move|p1a: Gyarados|Earthquake|p2a: Amoonguss
|-damage|p2a: Amoonguss|224\/432
|
|-heal|p2a: Amoonguss|251\/432|[from] item: Black Sludge
|turn|20
|
|switch|p2a: Heatran|Heatran, M|386\/386
|move|p1a: Gyarados|Earthquake|p2a: Heatran
|-supereffective|p2a: Heatran
|-damage|p2a: Heatran|0 fnt
|faint|p2a: Heatran
|
|chat|Doublade is Broken|REKT
|chat|Doublade is Broken|REKT
|chat|Doublade is Broken|REKT
|chat|Doublade is Broken|REKT
|chat|Doublade is Broken|REKT
|chat|Doublade is Broken|REKT
|chat|SuckerforMetal|wtf
|chat|Doublade is Broken|REKT
|chat|Doublade is Broken|REKT
|chat|Doublade is Broken|REKT
|chat|AjTheEpic|what kind of play was that...
|chat|SuckerforMetal|rekt
|
|switch|p2a: Amoonguss|Amoonguss, M|395\/432
|turn|21
|join|Halcyon of Light
|join|ShootingStarmie
|
|switch|p1a: Gengar|Gengar, M, shiny|28\/262
|-damage|p1a: Gengar|0 fnt|[from] Stealth Rock
|faint|p1a: Gengar
|move|p2a: Amoonguss|Spore|p1: Gengar|[notarget]
|-notarget
|
|-heal|p2a: Amoonguss|422\/432|[from] item: Black Sludge
|
|switch|p1a: Ditto|Ditto|300\/300
|-damage|p1a: Ditto|263\/300|[from] Stealth Rock
|-transform|p1a: Ditto|p2a: Amoonguss
|turn|22
|
|switch|p1a: Skarmory|Skarmory, M|281\/334
|-damage|p1a: Skarmory|240\/334|[from] Stealth Rock
|move|p2a: Amoonguss|Foul Play|p1a: Skarmory
|-damage|p1a: Skarmory|205\/334
|-damage|p2a: Amoonguss|350\/432|[from] item: Rocky Helmet|[of] p1a: Skarmory
|
|-heal|p2a: Amoonguss|377\/432|[from] item: Black Sludge
|turn|23
|chat|ShootingStarmie|the plays
|
|move|p1a: Skarmory|Spikes|p2a: Amoonguss
|-sidestart|p2: AjTheEpic|Spikes
|move|p2a: Amoonguss|Spore|p1a: Skarmory
|-status|p1a: Skarmory|slp
|
|-heal|p2a: Amoonguss|404\/432|[from] item: Black Sludge
|turn|24
|chat|SuckerforMetal|lol
|leave|Doublade is Broken
|join|Doublade is Broken
|join|jackson.covey
|chat|SuckerforMetal|its 5 in the morning where i live
|
|switch|p1a: Sylveon|Sylveon, F|350\/394
|-damage|p1a: Sylveon|301\/394|[from] Stealth Rock
|switch|p2a: Latias|Latias, F|302\/302
|
|-heal|p1a: Sylveon|325\/394|[from] item: Leftovers
|turn|25
|leave|jackson.covey
|chat|AjTheEpic|I mean, the damage just didn't add up...
|chat|AjTheEpic|And I had a spore
|
|switch|p2a: Sylveon|Sylveon, M|394\/394
|-damage|p2a: Sylveon|345\/394|[from] Spikes
|move|p1a: Sylveon|Hyper Voice|p2a: Sylveon
|-damage|p2a: Sylveon|242\/394
|
|-heal|p1a: Sylveon|349\/394|[from] item: Leftovers
|-heal|p2a: Sylveon|266\/394|[from] item: Leftovers
|turn|26
|
|move|p2a: Sylveon|Wish|p2a: Sylveon
|move|p1a: Sylveon|Heal Bell|p1a: Sylveon
|-cureteam|p1a: Sylveon|[from] move: HealBell
|
|-heal|p1a: Sylveon|373\/394|[from] item: Leftovers
|-heal|p2a: Sylveon|290\/394|[from] item: Leftovers
|turn|27
|join|Nagato Pein
|
|move|p1a: Sylveon|Wish|p1a: Sylveon
|move|p2a: Sylveon|Hyper Voice|p1a: Sylveon
|-damage|p1a: Sylveon|286\/394
|
|-heal|p2a: Sylveon|394\/394|[from] move: Wish|[wisher] Sylveon
|-heal|p1a: Sylveon|310\/394|[from] item: Leftovers
|turn|28
|
|switch|p1a: Donphan|Donphan, M|380\/380
|-damage|p1a: Donphan|357\/380|[from] Stealth Rock
|move|p2a: Sylveon|Hyper Voice|p1a: Donphan
|-damage|p1a: Donphan|113\/380
|
|-heal|p1a: Donphan|310\/380|[from] move: Wish|[wisher] Sylveon
|-heal|p1a: Donphan|333\/380|[from] item: Leftovers
|turn|29
|chat|Nagato Pein|Aj I thought you said yougenerally pull 6-0s
|chat|Nagato Pein|=)
|
|move|p2a: Sylveon|Hyper Voice|p1a: Donphan
|-damage|p1a: Donphan|104\/380
|move|p1a: Donphan|Stealth Rock|p2a: Sylveon
|-sidestart|p2: AjTheEpic|move: Stealth Rock
|
|-heal|p1a: Donphan|127\/380|[from] item: Leftovers
|turn|30
|chat|AjTheEpic|no one stops bad plays...
|join|Test Subject
|chat|Nagato Pein|yes bad plays but that's the meta
|chat|Nagato Pein|you gotta adapt to it
|
|switch|p1a: Sylveon|Sylveon, F|310\/394
|-damage|p1a: Sylveon|261\/394|[from] Stealth Rock
|move|p2a: Sylveon|Hyper Voice|p1a: Sylveon
|-damage|p1a: Sylveon|165\/394
|
|-heal|p1a: Sylveon|189\/394|[from] item: Leftovers
|turn|31
|
|move|p2a: Sylveon|Wish|p2a: Sylveon
|move|p1a: Sylveon|Wish|p1a: Sylveon
|
|-heal|p1a: Sylveon|213\/394|[from] item: Leftovers
|turn|32
|
|move|p1a: Sylveon|Hyper Voice|p2a: Sylveon
|-damage|p2a: Sylveon|288\/394
|move|p2a: Sylveon|Hyper Voice|p1a: Sylveon
|-damage|p1a: Sylveon|119\/394
|
|-heal|p1a: Sylveon|316\/394|[from] move: Wish|[wisher] Sylveon
|-heal|p2a: Sylveon|394\/394|[from] move: Wish|[wisher] Sylveon
|-heal|p1a: Sylveon|340\/394|[from] item: Leftovers
|turn|33
|chat|Nagato Pein|this aint gen5 where u can use balloontran and win instantly 
|
|switch|p2a: Amoonguss|Amoonguss, M|432\/432
|-damage|p2a: Amoonguss|378\/432|[from] Stealth Rock
|-damage|p2a: Amoonguss|324\/432|[from] Spikes
|move|p1a: Sylveon|Wish|p1a: Sylveon
|
|-heal|p1a: Sylveon|364\/394|[from] item: Leftovers
|-heal|p2a: Amoonguss|351\/432|[from] item: Black Sludge
|turn|34
|chat|Nagato Pein|:\/
|
|switch|p1a: Skarmory|Skarmory, M|205\/334
|-damage|p1a: Skarmory|164\/334|[from] Stealth Rock
|move|p2a: Amoonguss|Giga Drain|p1a: Skarmory
|-resisted|p1a: Skarmory
|-damage|p1a: Skarmory|140\/334
|-heal|p2a: Amoonguss|363\/432|[from] drain|[of] p1a: Skarmory
|
|-heal|p1a: Skarmory|334\/334|[from] move: Wish|[wisher] Sylveon
|-heal|p2a: Amoonguss|390\/432|[from] item: Black Sludge
|turn|35
|
|move|p1a: Skarmory|Spikes|p2a: Amoonguss
|-sidestart|p2: AjTheEpic|Spikes
|move|p2a: Amoonguss|Spore|p1a: Skarmory
|-status|p1a: Skarmory|slp
|
|-heal|p2a: Amoonguss|417\/432|[from] item: Black Sludge
|turn|36
|chat|Nagato Pein|\/me uses shadow clone technique
|
|switch|p2a: Latias|Latias, F|302\/302
|-damage|p2a: Latias|265\/302|[from] Stealth Rock
|cant|p1a: Skarmory|slp
|
|-heal|p2a: Latias|283\/302|[from] item: Leftovers
|turn|37
|chat|Doublade is Broken|nigga if you lose to aj
|
|switch|p1a: Ditto|Ditto|300\/300
|-damage|p1a: Ditto|263\/300|[from] Stealth Rock
|-transform|p1a: Ditto|p2a: Latias
|move|p2a: Latias|Defog|p1a: Ditto
|-unboost|p1a: Ditto|evasion|1
|-sideend|p1: SuckerforMetal|Stealth Rock|[from] move: Defog|[of] p1a: Ditto
|-sideend|p2: AjTheEpic|Spikes|[from] move: Defog|[of] p2a: Latias
|-sideend|p2: AjTheEpic|Stealth Rock|[from] move: Defog|[of] p2a: Latias
|
|-heal|p2a: Latias|301\/302|[from] item: Leftovers
|turn|38
|
|switch|p1a: Sylveon|Sylveon, F|364\/394
|switch|p2a: Sylveon|Sylveon, M|394\/394
|
|-heal|p1a: Sylveon|388\/394|[from] item: Leftovers
|turn|39
|join|jackson.covey
|
|switch|p2a: Amoonguss|Amoonguss, M|432\/432
|move|p1a: Sylveon|Heal Bell|p1a: Sylveon
|-cureteam|p1a: Sylveon|[from] move: HealBell
|
|-heal|p1a: Sylveon|394\/394|[from] item: Leftovers
|turn|40
|leave|Gary2346
|
|switch|p1a: Skarmory|Skarmory, M|334\/334
|move|p2a: Amoonguss|Spore|p1a: Skarmory
|-status|p1a: Skarmory|slp
|
|turn|41
|
|switch|p1a: Ditto|Ditto|263\/300
|-transform|p1a: Ditto|p2a: Amoonguss
|switch|p2a: Latias|Latias, F|301\/302
|
|-heal|p2a: Latias|302\/302|[from] item: Leftovers
|turn|42
|
|move|p2a: Latias|Psychic|p1a: Ditto
|-supereffective|p1a: Ditto
|-damage|p1a: Ditto|0 fnt
|faint|p1a: Ditto
|
|chat|AjTheEpic|You even scouted that...
|
|switch|p1a: Gyarados|Gyarados-Mega, F|360\/360
|-ability|p1a: Gyarados|Mold Breaker
|turn|43
|
|move|p2a: Latias|Thunderbolt|p1a: Gyarados
|-supereffective|p1a: Gyarados
|-damage|p1a: Gyarados|198\/360
|-status|p1a: Gyarados|par
|move|p1a: Gyarados|Dragon Dance|p1a: Gyarados
|-boost|p1a: Gyarados|atk|1
|-boost|p1a: Gyarados|spe|1
|
|turn|44
|chat|SuckerforMetal|noooooo
|chat|jackson.covey|that sucks
|chat|SuckerforMetal|my fucking plan
|chat|jackson.covey|so bad
|chat|jackson.covey|lololol
|
|switch|p1a: Sylveon|Sylveon, F|394\/394
|move|p2a: Latias|Thunderbolt|p1a: Sylveon
|-damage|p1a: Sylveon|340\/394
|
|-heal|p1a: Sylveon|364\/394|[from] item: Leftovers
|turn|45
|chat|SuckerforMetal|but i would've won
|
|switch|p2a: Amoonguss|Amoonguss, M|432\/432
|move|p1a: Sylveon|Heal Bell|p1a: Sylveon
|-cureteam|p1a: Sylveon|[from] move: HealBell
|
|-heal|p1a: Sylveon|388\/394|[from] item: Leftovers
|turn|46
|
|move|p1a: Sylveon|Wish|p1a: Sylveon
|move|p2a: Amoonguss|Spore|p1a: Sylveon
|-status|p1a: Sylveon|slp
|
|-heal|p1a: Sylveon|394\/394 slp|[from] item: Leftovers
|turn|47
|
|switch|p1a: Gyarados|Gyarados-Mega, F|198\/360
|-ability|p1a: Gyarados|Mold Breaker
|move|p2a: Amoonguss|Giga Drain|p1a: Gyarados
|-supereffective|p1a: Gyarados
|-damage|p1a: Gyarados|64\/360
|
|-heal|p1a: Gyarados|261\/360|[from] move: Wish|[wisher] Sylveon
|turn|48
|
|switch|p1a: Sylveon|Sylveon, F|394\/394 slp
|move|p2a: Amoonguss|Giga Drain|p1a: Sylveon
|-damage|p1a: Sylveon|348\/394 slp
|
|-heal|p1a: Sylveon|372\/394 slp|[from] item: Leftovers
|turn|49
|leave|Halcyon of Light
|
|switch|p2a: Sylveon|Sylveon, M|394\/394
|cant|p1a: Sylveon|slp
|
|-heal|p1a: Sylveon|394\/394 slp|[from] item: Leftovers
|turn|50
|
|switch|p1a: Skarmory|Skarmory, M|334\/334
|move|p2a: Sylveon|Heal Bell|p2a: Sylveon
|-cureteam|p2a: Sylveon|[from] move: HealBell
|
|turn|51
|
|switch|p2a: Latias|Latias, F|302\/302
|move|p1a: Skarmory|Spikes|p2a: Latias
|-sidestart|p2: AjTheEpic|Spikes
|
|turn|52
|
|switch|p1a: Sylveon|Sylveon, F|394\/394 slp
|move|p2a: Latias|Thunderbolt|p1a: Sylveon
|-damage|p1a: Sylveon|335\/394 slp
|
|-heal|p1a: Sylveon|359\/394 slp|[from] item: Leftovers
|turn|53
|chat|Nagato Pein|im out
|leave|Nagato Pein
|
|move|p2a: Latias|Defog|p1a: Sylveon
|-unboost|p1a: Sylveon|evasion|1
|-sideend|p2: AjTheEpic|Spikes|[from] move: Defog|[of] p2a: Latias
|cant|p1a: Sylveon|slp
|
|-heal|p1a: Sylveon|383\/394 slp|[from] item: Leftovers
|turn|54
|
|switch|p2a: Amoonguss|Amoonguss, M|432\/432
|-curestatus|p1a: Sylveon|slp
|move|p1a: Sylveon|Wish|p1a: Sylveon
|
|-heal|p1a: Sylveon|394\/394|[from] item: Leftovers
|turn|55
|
|switch|p1a: Gyarados|Gyarados-Mega, F|261\/360
|-ability|p1a: Gyarados|Mold Breaker
|move|p2a: Amoonguss|Giga Drain|p1a: Gyarados
|-supereffective|p1a: Gyarados
|-damage|p1a: Gyarados|147\/360
|
|-heal|p1a: Gyarados|344\/360|[from] move: Wish|[wisher] Sylveon
|turn|56
|chat|jackson.covey|mega gyara is gd
|
|switch|p1a: Skarmory|Skarmory, M|334\/334
|move|p2a: Amoonguss|Spore|p1a: Skarmory
|-status|p1a: Skarmory|slp
|
|turn|57
|chat|AjTheEpic|nah
|chat|AjTheEpic|just sleep everything
|
|switch|p1a: Sylveon|Sylveon, F|394\/394
|switch|p2a: Aerodactyl|Aerodactyl, F|363\/363
|
|turn|58
|
|switch|p1a: Donphan|Donphan, M|127\/380
|detailschange|p2a: Aerodactyl|Aerodactyl-Mega, F
|message|Aerodactyl has Mega Evolved into Mega Aerodactyl!
|move|p2a: Aerodactyl|Stone Edge|p1a: Donphan
|-resisted|p1a: Donphan
|-damage|p1a: Donphan|59\/380
|
|-heal|p1a: Donphan|82\/380|[from] item: Leftovers
|turn|59
|
|switch|p1a: Skarmory|Skarmory, M|334\/334 slp
|move|p2a: Aerodactyl|Ice Fang|p1a: Skarmory
|-damage|p1a: Skarmory|284\/334 slp
|-damage|p2a: Aerodactyl|303\/363|[from] item: Rocky Helmet|[of] p1a: Skarmory
|
|turn|60
|
|switch|p2a: Latias|Latias, F|302\/302
|switch|p1a: Donphan|Donphan, M|82\/380
|
|-heal|p1a: Donphan|105\/380|[from] item: Leftovers
|turn|61
|
|switch|p1a: Sylveon|Sylveon, F|394\/394
|move|p2a: Latias|Psychic|p1a: Sylveon
|-crit|p1a: Sylveon
|-damage|p1a: Sylveon|273\/394
|
|-heal|p1a: Sylveon|297\/394|[from] item: Leftovers
|turn|62
|
|switch|p2a: Amoonguss|Amoonguss, M|432\/432
|move|p1a: Sylveon|Wish|p1a: Sylveon
|
|-heal|p1a: Sylveon|321\/394|[from] item: Leftovers
|turn|63
|
|switch|p1a: Gyarados|Gyarados-Mega, F|344\/360
|-ability|p1a: Gyarados|Mold Breaker
|move|p2a: Amoonguss|Giga Drain|p1a: Gyarados
|-supereffective|p1a: Gyarados
|-damage|p1a: Gyarados|218\/360
|
|-heal|p1a: Gyarados|360\/360|[from] move: Wish|[wisher] Sylveon
|turn|64
|
|move|p1a: Gyarados|Dragon Dance|p1a: Gyarados
|-boost|p1a: Gyarados|atk|1
|-boost|p1a: Gyarados|spe|1
|move|p2a: Amoonguss|Clear Smog|p1a: Gyarados
|-damage|p1a: Gyarados|321\/360
|-clearboost|p1a: Gyarados
|
|turn|65
|
|switch|p1a: Skarmory|Skarmory, M|284\/334 slp
|move|p2a: Amoonguss|Giga Drain|p1a: Skarmory
|-resisted|p1a: Skarmory
|-damage|p1a: Skarmory|259\/334 slp
|
|turn|66
|
|switch|p2a: Quagsire|Quagsire, M|370\/394
|cant|p1a: Skarmory|slp
|
|-heal|p2a: Quagsire|394\/394|[from] item: Leftovers
|turn|67
|
|switch|p1a: Sylveon|Sylveon, F|321\/394
|move|p2a: Quagsire|Scald|p1a: Sylveon
|-damage|p1a: Sylveon|282\/394
|
|-heal|p1a: Sylveon|306\/394|[from] item: Leftovers
|turn|68
|
|switch|p1a: Skarmory|Skarmory, M|259\/334 slp
|move|p2a: Quagsire|Toxic|p1a: Skarmory
|-fail|p1a: Skarmory
|
|turn|69
|
|switch|p1a: Sylveon|Sylveon, F|306\/394
|move|p2a: Quagsire|Scald|p1a: Sylveon
|-damage|p1a: Sylveon|266\/394
|
|-heal|p1a: Sylveon|290\/394|[from] item: Leftovers
|turn|70
|
|switch|p2a: Amoonguss|Amoonguss, M|432\/432
|move|p1a: Sylveon|Wish|p1a: Sylveon
|
|-heal|p1a: Sylveon|314\/394|[from] item: Leftovers
|turn|71
|
|switch|p1a: Skarmory|Skarmory, M|259\/334 slp
|switch|p2a: Latias|Latias, F|302\/302
|
|-heal|p1a: Skarmory|334\/334 slp|[from] move: Wish|[wisher] Sylveon
|turn|72
|
|switch|p1a: Sylveon|Sylveon, F|314\/394
|move|p2a: Latias|Thunderbolt|p1a: Sylveon
|-damage|p1a: Sylveon|256\/394
|
|-heal|p1a: Sylveon|280\/394|[from] item: Leftovers
|turn|73
|chat|SuckerforMetal|lol 
|
|switch|p2a: Amoonguss|Amoonguss, M|432\/432
|move|p1a: Sylveon|Heal Bell|p1a: Sylveon
|-cureteam|p1a: Sylveon|[from] move: HealBell
|
|-heal|p1a: Sylveon|304\/394|[from] item: Leftovers
|turn|74
|chat|SuckerforMetal|this is the longest and worst battle evver
|
|move|p1a: Sylveon|Protect|p1a: Sylveon
|-singleturn|p1a: Sylveon|Protect
|move|p2a: Amoonguss|Spore|p1a: Sylveon
|-activate|p1a: Sylveon|Protect
|
|-heal|p1a: Sylveon|328\/394|[from] item: Leftovers
|turn|75
|
|switch|p1a: Skarmory|Skarmory, M|334\/334
|move|p2a: Amoonguss|Spore|p1a: Skarmory
|-status|p1a: Skarmory|slp
|
|turn|76
|
|switch|p1a: Sylveon|Sylveon, F|328\/394
|switch|p2a: Quagsire|Quagsire, M|394\/394
|
|-heal|p1a: Sylveon|352\/394|[from] item: Leftovers
|turn|77
|
|move|p1a: Sylveon|Hyper Voice|p2a: Quagsire
|-damage|p2a: Quagsire|189\/394
|move|p2a: Quagsire|Toxic|p1a: Sylveon
|-status|p1a: Sylveon|tox
|
|-heal|p1a: Sylveon|376\/394 tox|[from] item: Leftovers
|-heal|p2a: Quagsire|213\/394|[from] item: Leftovers
|-damage|p1a: Sylveon|352\/394 tox|[from] psn
|turn|78
|chat|SuckerforMetal|lets get it to 100
|
|switch|p2a: Amoonguss|Amoonguss, M|432\/432
|move|p1a: Sylveon|Heal Bell|p1a: Sylveon
|-cureteam|p1a: Sylveon|[from] move: HealBell
|
|-heal|p1a: Sylveon|376\/394|[from] item: Leftovers
|turn|79
|
|move|p1a: Sylveon|Hyper Voice|p2a: Amoonguss
|-resisted|p2a: Amoonguss
|-damage|p2a: Amoonguss|350\/432
|move|p2a: Amoonguss|Spore|p1a: Sylveon
|-status|p1a: Sylveon|slp
|
|-heal|p1a: Sylveon|394\/394 slp|[from] item: Leftovers
|-heal|p2a: Amoonguss|377\/432|[from] item: Black Sludge
|turn|80
|
|switch|p1a: Gyarados|Gyarados-Mega, F|321\/360
|-ability|p1a: Gyarados|Mold Breaker
|move|p2a: Amoonguss|Clear Smog|p1a: Gyarados
|-damage|p1a: Gyarados|282\/360
|-clearboost|p1a: Gyarados
|
|-heal|p2a: Amoonguss|404\/432|[from] item: Black Sludge
|turn|81
|
|switch|p1a: Skarmory|Skarmory, M|334\/334
|move|p2a: Amoonguss|Giga Drain|p1a: Skarmory
|-resisted|p1a: Skarmory
|-damage|p1a: Skarmory|307\/334
|-heal|p2a: Amoonguss|418\/432|[from] drain|[of] p1a: Skarmory
|
|-heal|p2a: Amoonguss|432\/432|[from] item: Black Sludge
|turn|82
|
|switch|p2a: Quagsire|Quagsire, M|213\/394
|move|p1a: Skarmory|Spikes|p2a: Quagsire
|-sidestart|p2: AjTheEpic|Spikes
|
|-heal|p2a: Quagsire|237\/394|[from] item: Leftovers
|turn|83
|
|switch|p1a: Sylveon|Sylveon, F|394\/394 slp
|move|p2a: Quagsire|Recover|p2a: Quagsire
|-heal|p2a: Quagsire|394\/394
|
|turn|84
|
|switch|p2a: Amoonguss|Amoonguss, M|432\/432
|-damage|p2a: Amoonguss|378\/432|[from] Spikes
|cant|p1a: Sylveon|slp
|
|-heal|p2a: Amoonguss|405\/432|[from] item: Black Sludge
|turn|85
|
|-curestatus|p1a: Sylveon|slp
|move|p1a: Sylveon|Wish|p1a: Sylveon
|move|p2a: Amoonguss|Clear Smog|p1a: Sylveon
|-supereffective|p1a: Sylveon
|-damage|p1a: Sylveon|334\/394
|-clearboost|p1a: Sylveon
|
|-heal|p1a: Sylveon|358\/394|[from] item: Leftovers
|-heal|p2a: Amoonguss|432\/432|[from] item: Black Sludge
|turn|86
|
|switch|p1a: Donphan|Donphan, M|105\/380
|move|p2a: Amoonguss|Spore|p1a: Donphan
|-status|p1a: Donphan|slp
|
|-heal|p1a: Donphan|302\/380 slp|[from] move: Wish|[wisher] Sylveon
|-heal|p1a: Donphan|325\/380 slp|[from] item: Leftovers
|turn|87
|
|switch|p1a: Skarmory|Skarmory, M|307\/334
|move|p2a: Amoonguss|Clear Smog|p1a: Skarmory
|-immune|p1a: Skarmory|[msg]
|
|turn|88
|
|switch|p2a: Latias|Latias, F|302\/302
|move|p1a: Skarmory|Brave Bird|p2a: Latias
|-damage|p2a: Latias|163\/302
|-damage|p1a: Skarmory|261\/334|[from] recoil|[of] p2a: Latias
|
|-heal|p2a: Latias|181\/302|[from] item: Leftovers
|turn|89
|
|switch|p1a: Sylveon|Sylveon, F|358\/394
|move|p2a: Latias|Defog|p1a: Sylveon
|-unboost|p1a: Sylveon|evasion|1
|-sideend|p2: AjTheEpic|Spikes|[from] move: Defog|[of] p2a: Latias
|
|-heal|p2a: Latias|199\/302|[from] item: Leftovers
|-heal|p1a: Sylveon|382\/394|[from] item: Leftovers
|turn|90
|
|switch|p2a: Amoonguss|Amoonguss, M|432\/432
|switch|p1a: Skarmory|Skarmory, M|261\/334
|
|turn|91
|
|switch|p2a: Quagsire|Quagsire, M|394\/394
|move|p1a: Skarmory|Brave Bird|p2a: Quagsire
|-damage|p2a: Quagsire|294\/394
|-damage|p1a: Skarmory|228\/334|[from] recoil|[of] p2a: Quagsire
|
|-heal|p2a: Quagsire|318\/394|[from] item: Leftovers
|turn|92
|
|move|p1a: Skarmory|Roost|p1a: Skarmory
|-heal|p1a: Skarmory|334\/334
|move|p2a: Quagsire|Scald|p1a: Skarmory
|-damage|p1a: Skarmory|238\/334
|
|-heal|p2a: Quagsire|342\/394|[from] item: Leftovers
|turn|93
|
|switch|p1a: Sylveon|Sylveon, F|382\/394
|move|p2a: Quagsire|Scald|p1a: Sylveon
|-damage|p1a: Sylveon|345\/394
|
|-heal|p1a: Sylveon|369\/394|[from] item: Leftovers
|-heal|p2a: Quagsire|366\/394|[from] item: Leftovers
|turn|94
|join|yung prodigy
|
|switch|p1a: Skarmory|Skarmory, M|238\/334
|switch|p2a: Amoonguss|Amoonguss, M|432\/432
|
|turn|95
|
|switch|p2a: Quagsire|Quagsire, M|366\/394
|move|p1a: Skarmory|Spikes|p2a: Quagsire
|-sidestart|p2: AjTheEpic|Spikes
|
|-heal|p2a: Quagsire|390\/394|[from] item: Leftovers
|turn|96
|
|move|p1a: Skarmory|Spikes|p2a: Quagsire
|-sidestart|p2: AjTheEpic|Spikes
|move|p2a: Quagsire|Scald|p1a: Skarmory
|-damage|p1a: Skarmory|153\/334
|
|-heal|p2a: Quagsire|394\/394|[from] item: Leftovers
|turn|97
|leave|yung prodigy
|
|switch|p1a: Sylveon|Sylveon, F|369\/394
|move|p2a: Quagsire|Toxic|p1a: Sylveon
|-status|p1a: Sylveon|tox
|
|-heal|p1a: Sylveon|393\/394 tox|[from] item: Leftovers
|-damage|p1a: Sylveon|369\/394 tox|[from] psn
|turn|98
|leave|ShootingStarmie
|
|switch|p2a: Amoonguss|Amoonguss, M|432\/432
|-damage|p2a: Amoonguss|360\/432|[from] Spikes
|move|p1a: Sylveon|Heal Bell|p1a: Sylveon
|-cureteam|p1a: Sylveon|[from] move: HealBell
|
|-heal|p1a: Sylveon|393\/394|[from] item: Leftovers
|-heal|p2a: Amoonguss|387\/432|[from] item: Black Sludge
|turn|99
|
|move|p1a: Sylveon|Protect|p1a: Sylveon
|-singleturn|p1a: Sylveon|Protect
|move|p2a: Amoonguss|Spore|p1a: Sylveon
|-activate|p1a: Sylveon|Protect
|
|-heal|p1a: Sylveon|394\/394|[from] item: Leftovers
|-heal|p2a: Amoonguss|414\/432|[from] item: Black Sludge
|turn|100
|
|move|p1a: Sylveon|Wish|p1a: Sylveon
|move|p2a: Amoonguss|Spore|p1a: Sylveon
|-status|p1a: Sylveon|slp
|
|-heal|p2a: Amoonguss|432\/432|[from] item: Black Sludge
|turn|101
|
|switch|p1a: Donphan|Donphan, M|325\/380
|switch|p2a: Latias|Latias, F|199\/302
|
|-heal|p1a: Donphan|380\/380|[from] move: Wish|[wisher] Sylveon
|-heal|p2a: Latias|217\/302|[from] item: Leftovers
|turn|102
|
|move|p1a: Donphan|Ice Shard|p2a: Latias
|-supereffective|p2a: Latias
|-damage|p2a: Latias|109\/302
|move|p2a: Latias|Defog|p1a: Donphan
|-unboost|p1a: Donphan|evasion|1
|-sideend|p2: AjTheEpic|Spikes|[from] move: Defog|[of] p2a: Latias
|
|-heal|p2a: Latias|127\/302|[from] item: Leftovers
|turn|103
|
|switch|p2a: Quagsire|Quagsire, M|394\/394
|move|p1a: Donphan|Earthquake|p2a: Quagsire
|-damage|p2a: Quagsire|253\/394
|
|-heal|p2a: Quagsire|277\/394|[from] item: Leftovers
|turn|104
|
|switch|p1a: Sylveon|Sylveon, F|394\/394 slp
|move|p2a: Quagsire|Scald|p1a: Sylveon
|-damage|p1a: Sylveon|352\/394 slp
|
|-heal|p1a: Sylveon|376\/394 slp|[from] item: Leftovers
|-heal|p2a: Quagsire|301\/394|[from] item: Leftovers
|turn|105
|
|cant|p1a: Sylveon|slp
|move|p2a: Quagsire|Earthquake|p1a: Sylveon
|-damage|p1a: Sylveon|240\/394 slp
|
|-heal|p1a: Sylveon|264\/394 slp|[from] item: Leftovers
|-heal|p2a: Quagsire|325\/394|[from] item: Leftovers
|turn|106
|
|cant|p1a: Sylveon|slp
|move|p2a: Quagsire|Earthquake|p1a: Sylveon
|-damage|p1a: Sylveon|135\/394 slp
|
|-heal|p1a: Sylveon|159\/394 slp|[from] item: Leftovers
|-heal|p2a: Quagsire|349\/394|[from] item: Leftovers
|turn|107
|
|-curestatus|p1a: Sylveon|slp
|move|p1a: Sylveon|Wish|p1a: Sylveon
|move|p2a: Quagsire|Earthquake|p1a: Sylveon
|-damage|p1a: Sylveon|39\/394
|
|-heal|p1a: Sylveon|63\/394|[from] item: Leftovers
|-heal|p2a: Quagsire|373\/394|[from] item: Leftovers
|turn|108
|
|move|p1a: Sylveon|Protect|p1a: Sylveon
|-singleturn|p1a: Sylveon|Protect
|move|p2a: Quagsire|Toxic|p1a: Sylveon
|-activate|p1a: Sylveon|Protect
|
|-heal|p1a: Sylveon|260\/394|[from] move: Wish|[wisher] Sylveon
|-heal|p1a: Sylveon|284\/394|[from] item: Leftovers
|-heal|p2a: Quagsire|394\/394|[from] item: Leftovers
|turn|109
|
|move|p1a: Sylveon|Hyper Voice|p2a: Quagsire
|-damage|p2a: Quagsire|178\/394
|move|p2a: Quagsire|Toxic|p1a: Sylveon|[miss]
|-miss|p2a: Quagsire|p1a: Sylveon
|
|-heal|p1a: Sylveon|308\/394|[from] item: Leftovers
|-heal|p2a: Quagsire|202\/394|[from] item: Leftovers
|turn|110
|
|switch|p1a: Skarmory|Skarmory, M|153\/334
|switch|p2a: Amoonguss|Amoonguss, M|432\/432
|
|turn|111
|
|switch|p2a: Quagsire|Quagsire, M|202\/394
|move|p1a: Skarmory|Brave Bird|p2a: Quagsire
|-damage|p2a: Quagsire|100\/394
|-damage|p1a: Skarmory|119\/334|[from] recoil|[of] p2a: Quagsire
|
|-heal|p2a: Quagsire|124\/394|[from] item: Leftovers
|turn|112
|chat|jackson.covey|this is still going wtf
|chat|SuckerforMetal|lol
|
|move|p1a: Skarmory|Roost|p1a: Skarmory
|-heal|p1a: Skarmory|286\/334
|move|p2a: Quagsire|Recover|p2a: Quagsire
|-heal|p2a: Quagsire|321\/394
|
|-heal|p2a: Quagsire|345\/394|[from] item: Leftovers
|turn|113
|
|move|p2a: Quagsire|Scald|p1a: Skarmory
|-crit|p1a: Skarmory
|-damage|p1a: Skarmory|148\/334
|move|p1a: Skarmory|Whirlwind|p2a: Quagsire
|drag|p2a: Amoonguss|Amoonguss, M|432\/432
|
|turn|114
|chat|AjTheEpic|I'm working on that heal bell pp
|
|move|p1a: Skarmory|Roost|p1a: Skarmory
|-heal|p1a: Skarmory|315\/334
|move|p2a: Amoonguss|Spore|p1a: Skarmory
|-status|p1a: Skarmory|slp
|
|turn|115
|chat|AjTheEpic|After that, we're golden
|
|switch|p1a: Donphan|Donphan, M|380\/380
|switch|p2a: Latias|Latias, F|127\/302
|
|-heal|p2a: Latias|145\/302|[from] item: Leftovers
|turn|116
|chat|jackson.covey|lol
|chat|SuckerforMetal|i'm working on all your pp
|
|switch|p2a: Quagsire|Quagsire, M|345\/394
|move|p1a: Donphan|Earthquake|p2a: Quagsire
|-damage|p2a: Quagsire|198\/394
|
|-heal|p2a: Quagsire|222\/394|[from] item: Leftovers
|turn|117
|chat|AjTheEpic|You're not targeting well
|
|move|p1a: Donphan|Stealth Rock|p2a: Quagsire
|-sidestart|p2: AjTheEpic|move: Stealth Rock
|move|p2a: Quagsire|Scald|p1a: Donphan
|-supereffective|p1a: Donphan
|-damage|p1a: Donphan|170\/380
|-status|p1a: Donphan|brn
|
|-heal|p1a: Donphan|193\/380 brn|[from] item: Leftovers
|-heal|p2a: Quagsire|246\/394|[from] item: Leftovers
|-damage|p1a: Donphan|146\/380 brn|[from] brn
|turn|118
|chat|AjTheEpic|my endgame is hazard
|chat|AjTheEpic|*Heal bell
|
|switch|p1a: Sylveon|Sylveon, F|308\/394
|move|p2a: Quagsire|Recover|p2a: Quagsire
|-heal|p2a: Quagsire|394\/394
|
|-heal|p1a: Sylveon|332\/394|[from] item: Leftovers
|turn|119
|leave|jackson.covey
|
|move|p1a: Sylveon|Hyper Voice|p2a: Quagsire
|-damage|p2a: Quagsire|187\/394
|move|p2a: Quagsire|Toxic|p1a: Sylveon
|-status|p1a: Sylveon|tox
|
|-heal|p1a: Sylveon|356\/394 tox|[from] item: Leftovers
|-heal|p2a: Quagsire|211\/394|[from] item: Leftovers
|-damage|p1a: Sylveon|332\/394 tox|[from] psn
|turn|120
|
|switch|p2a: Amoonguss|Amoonguss, M|432\/432
|-damage|p2a: Amoonguss|378\/432|[from] Stealth Rock
|move|p1a: Sylveon|Heal Bell|p1a: Sylveon
|-cureteam|p1a: Sylveon|[from] move: HealBell
|
|-heal|p1a: Sylveon|356\/394|[from] item: Leftovers
|-heal|p2a: Amoonguss|405\/432|[from] item: Black Sludge
|turn|121
|
|switch|p1a: Donphan|Donphan, M|146\/380
|move|p2a: Amoonguss|Spore|p1a: Donphan
|-status|p1a: Donphan|slp
|
|-heal|p1a: Donphan|169\/380 slp|[from] item: Leftovers
|-heal|p2a: Amoonguss|432\/432|[from] item: Black Sludge
|turn|122
|
|switch|p1a: Skarmory|Skarmory, M|315\/334
|switch|p2a: Latias|Latias, F|145\/302
|-damage|p2a: Latias|108\/302|[from] Stealth Rock
|
|-heal|p2a: Latias|126\/302|[from] item: Leftovers
|turn|123
|
|switch|p1a: Gyarados|Gyarados-Mega, F|282\/360
|-ability|p1a: Gyarados|Mold Breaker
|move|p2a: Latias|Roost|p2a: Latias
|-heal|p2a: Latias|277\/302
|
|-heal|p2a: Latias|295\/302|[from] item: Leftovers
|turn|124
|
|move|p2a: Latias|Thunderbolt|p1a: Gyarados
|-crit|p1a: Gyarados
|-supereffective|p1a: Gyarados
|-damage|p1a: Gyarados|54\/360
|move|p1a: Gyarados|Dragon Dance|p1a: Gyarados
|-boost|p1a: Gyarados|atk|1
|-boost|p1a: Gyarados|spe|1
|
|-heal|p2a: Latias|302\/302|[from] item: Leftovers
|turn|125
|
|move|p1a: Gyarados|Earthquake|p2a: Latias
|-damage|p2a: Latias|83\/302
|move|p2a: Latias|Thunderbolt|p1a: Gyarados
|-supereffective|p1a: Gyarados
|-damage|p1a: Gyarados|0 fnt
|faint|p1a: Gyarados
|
|-heal|p2a: Latias|101\/302|[from] item: Leftovers
|chat|AjTheEpic|Was 2hko regardless
|-message|SuckerforMetal forfeited.
|
|win|AjTheEpic
|raw|Ladder updating...
|leave|SuckerforMetal
|player|p1
|raw|SuckerforMetal's rating: 1719 &rarr; <strong>1695<\/strong><br \/>(-24 for losing)
|raw|AjTheEpic's rating: 1643 &rarr; <strong>1668<\/strong><br \/>(+25 for winning)
|chat|AjTheEpic|wow, almost 1700
|chat|AjTheEpic|that's the first time in nearly 5 months