|join|SuckerforMetal
|join|PodencoGripao
|player|p1|SuckerforMetal|2
|player|p2|PodencoGripao|170
|gametype|singles
|gen|6
|tier|OU
|rated
|clearpoke
|poke|p1|Gengar, F, shiny
|poke|p1|Hydreigon, M
|poke|p1|Scizor, M
|poke|p1|Azumarill, M
|poke|p1|Heatran, M, shiny
|poke|p1|Mienshao, F
|poke|p2|Charizard, M
|poke|p2|Aegislash, F
|poke|p2|Tyranitar, M
|poke|p2|Garchomp, F
|poke|p2|Skarmory, M
|poke|p2|Rotom-Wash
|rule|Sleep Clause Mod: Limit one foe put to sleep
|rule|Species Clause: Limit one of each Pokemon
|rule|OHKO Clause: OHKO moves are banned
|rule|Moody Clause: Moody is banned
|rule|Evasion Moves Clause: Evasion moves are banned
|rule|Endless Battle Clause: Forcing endless battles is banned.
|rule|HP Percentage Mod: HP is reported as percentages
|teampreview
|
|start
|switch|p1a: Mienshao|Mienshao, F|271\/271
|switch|p2a: Tino|Tyranitar, M|404\/404
|-weather|Sandstorm
|turn|1
|
|switch|p2a: Jedi|Aegislash, F|320\/320
|move|p1a: Mienshao|U-turn|p2a: Jedi
|-resisted|p2a: Jedi
|-damage|p2a: Jedi|302\/320
|-damage|p1a: Mienshao|244\/271|[from] item: Life Orb
|
|switch|p1a: Heatran|Heatran, M, shiny|380\/380
|
|-weather|Sandstorm|[upkeep]
|-heal|p2a: Jedi|320\/320|[from] item: Leftovers
|turn|2
|
|move|p1a: Heatran|Stealth Rock|p2a: Jedi
|-sidestart|p2: PodencoGripao|move: Stealth Rock
|-formechange|p2a: Jedi|Aegislash-Blade
|move|p2a: Jedi|Sacred Sword|p1a: Heatran
|-crit|p1a: Heatran
|-supereffective|p1a: Heatran
|-damage|p1a: Heatran|82\/380
|
|-weather|Sandstorm|[upkeep]
|-heal|p1a: Heatran|105\/380|[from] item: Leftovers
|turn|3
|
|switch|p2a: Gay|Rotom-Wash|304\/304
|-damage|p2a: Gay|266\/304|[from] Stealth Rock
|move|p1a: Heatran|Roar|p2a: Gay
|drag|p2a: Daeny|Garchomp, F|361\/361
|-damage|p2a: Daeny|339\/361|[from] Stealth Rock
|
|-weather|Sandstorm|[upkeep]
|-heal|p1a: Heatran|128\/380|[from] item: Leftovers
|turn|4
|
|move|p2a: Daeny|Dragon Claw|p1a: Heatran
|-resisted|p1a: Heatran
|-damage|p1a: Heatran|57\/380
|move|p1a: Heatran|Roar|p2a: Daeny
|drag|p2a: Jedi|Aegislash, F|320\/320
|-damage|p2a: Jedi|300\/320|[from] Stealth Rock
|
|-weather|Sandstorm|[upkeep]
|-heal|p1a: Heatran|80\/380|[from] item: Leftovers
|-heal|p2a: Jedi|320\/320|[from] item: Leftovers
|turn|5
|
|-formechange|p2a: Jedi|Aegislash-Blade
|move|p2a: Jedi|Shadow Sneak|p1a: Heatran
|-damage|p1a: Heatran|14\/380
|move|p1a: Heatran|Lava Plume|p2a: Jedi
|-supereffective|p2a: Jedi
|-damage|p2a: Jedi|0 fnt
|faint|p2a: Jedi
|
|-weather|none
|-heal|p1a: Heatran|37\/380|[from] item: Leftovers
|
|switch|p2a: Gay|Rotom-Wash|266\/304
|-damage|p2a: Gay|228\/304|[from] Stealth Rock
|turn|6
|
|move|p2a: Gay|Volt Switch|p1a: Heatran
|-damage|p1a: Heatran|0 fnt
|faint|p1a: Heatran
|
|switch|p2a: Daeny|Garchomp, F|339\/361
|-damage|p2a: Daeny|317\/361|[from] Stealth Rock
|
|
|switch|p1a: Modest Mouse|Azumarill, M|400\/400
|turn|7
|
|move|p2a: Daeny|Earthquake|p1a: Modest Mouse
|-damage|p1a: Modest Mouse|204\/400
|move|p1a: Modest Mouse|Play Rough|p2a: Daeny
|-supereffective|p2a: Daeny
|-damage|p2a: Daeny|0 fnt
|-damage|p1a: Modest Mouse|154\/400|[from] ability: Rough Skin|[of] p2a: Daeny
|faint|p2a: Daeny
|-enditem|p1a: Modest Mouse|Sitrus Berry|[eat]
|-heal|p1a: Modest Mouse|254\/400|[from] item: Sitrus Berry
|
|
|switch|p2a: Pajarraco|Skarmory, M|334\/334
|-damage|p2a: Pajarraco|293\/334|[from] Stealth Rock
|turn|8
|
|switch|p1a: Gengar|Gengar, F, shiny|261\/261
|move|p2a: Pajarraco|Defog|p1a: Gengar
|-unboost|p1a: Gengar|evasion|1
|-sideend|p2: PodencoGripao|Stealth Rock|[from] move: Defog|[of] p2a: Pajarraco
|
|turn|9
|
|switch|p1a: Mienshao|Mienshao, F|271\/271
|switch|p2a: Tino|Tyranitar, M|404\/404
|-weather|Sandstorm
|
|-weather|Sandstorm|[upkeep]
|-damage|p1a: Mienshao|255\/271|[from] sandstorm
|turn|10
|
|switch|p2a: Pajarraco|Skarmory, M|293\/334
|move|p1a: Mienshao|High Jump Kick|p2a: Pajarraco
|-damage|p2a: Pajarraco|118\/334
|-damage|p1a: Mienshao|210\/271|[from] item: Rocky Helmet|[of] p2a: Pajarraco
|-damage|p1a: Mienshao|183\/271|[from] item: Life Orb
|
|-weather|Sandstorm|[upkeep]
|-damage|p1a: Mienshao|167\/271|[from] sandstorm
|turn|11
|
|move|p1a: Mienshao|High Jump Kick|p2a: Pajarraco|[miss]
|-miss|p1a: Mienshao|p2a: Pajarraco
|-damage|p1a: Mienshao|32\/271|[from] highjumpkick
|move|p2a: Pajarraco|Roost|p2a: Pajarraco
|-heal|p2a: Pajarraco|285\/334
|
|-weather|Sandstorm|[upkeep]
|-damage|p1a: Mienshao|16\/271|[from] sandstorm
|turn|12
|
|switch|p1a: Hydreigon|Hydreigon, M|325\/325
|switch|p2a: Gay|Rotom-Wash|228\/304
|
|-weather|Sandstorm|[upkeep]
|-damage|p1a: Hydreigon|305\/325|[from] sandstorm
|-damage|p2a: Gay|209\/304|[from] sandstorm
|turn|13
|chat|SuckerforMetal|what a dick move
|
|move|p1a: Hydreigon|Draco Meteor|p2a: Gay
|-damage|p2a: Gay|14\/304
|-unboost|p1a: Hydreigon|spa|2
|move|p2a: Gay|Trick|p1a: Hydreigon
|-activate|p2a: Gay|move: Trick|[of] p1a: Hydreigon
|-item|p1a: Hydreigon|Choice Scarf|[from] move: Trick
|-item|p2a: Gay|Choice Scarf|[from] move: Trick
|
|-weather|none
|turn|14
|
|switch|p1a: Scizor|Scizor, M|340\/340
|move|p2a: Gay|Volt Switch|p1a: Scizor
|-damage|p1a: Scizor|244\/340
|
|switch|p2a: Raeghael|Charizard, M|297\/297
|
|turn|15
|
|switch|p1a: Modest Mouse|Azumarill, M|254\/400
|detailschange|p2a: Raeghael|Charizard-Mega-Y, M
|message|Charizard has Mega Evolved into Mega Charizard!
|-weather|SunnyDay
|move|p2a: Raeghael|Fire Blast|p1a: Modest Mouse
|-resisted|p1a: Modest Mouse
|-damage|p1a: Modest Mouse|57\/400
|
|-weather|SunnyDay|[upkeep]
|turn|16
|
|move|p1a: Modest Mouse|Aqua Jet|p2a: Raeghael
|-supereffective|p2a: Raeghael
|-damage|p2a: Raeghael|183\/297
|move|p2a: Raeghael|Solar Beam|p1a: Modest Mouse|[still]
|-prepare|p2a: Raeghael|Solar Beam|p1a: Modest Mouse
|-anim|p2a: Raeghael|Solar Beam|p1a: Modest Mouse
|-supereffective|p1a: Modest Mouse
|-damage|p1a: Modest Mouse|0 fnt
|faint|p1a: Modest Mouse
|
|-weather|SunnyDay|[upkeep]
|
|switch|p1a: Mienshao|Mienshao, F|106\/271
|turn|17
|
|switch|p2a: Gay|Rotom-Wash|14\/304
|move|p1a: Mienshao|U-turn|p2a: Gay
|-damage|p2a: Gay|0 fnt
|-damage|p1a: Mienshao|79\/271|[from] item: Life Orb
|faint|p2a: Gay
|
|switch|p1a: Hydreigon|Hydreigon, M|305\/325
|
|-weather|SunnyDay|[upkeep]
|
|switch|p2a: Tino|Tyranitar, M|404\/404
|-weather|Sandstorm
|turn|18
|
|move|p1a: Hydreigon|Surf|p2a: Tino
|-supereffective|p2a: Tino
|-damage|p2a: Tino|298\/404
|move|p2a: Tino|Superpower|p1a: Hydreigon
|-supereffective|p1a: Hydreigon
|-damage|p1a: Hydreigon|0 fnt
|-unboost|p2a: Tino|atk|1
|-unboost|p2a: Tino|def|1
|faint|p1a: Hydreigon
|
|-weather|Sandstorm|[upkeep]
|
|switch|p1a: Scizor|Scizor, M|244\/340
|turn|19
|
|switch|p2a: Raeghael|Charizard-Mega-Y, M|183\/297
|-weather|SunnyDay
|detailschange|p1a: Scizor|Scizor-Mega, M
|message|Scizor has Mega Evolved into Mega Scizor!
|move|p1a: Scizor|Swords Dance|p1a: Scizor
|-boost|p1a: Scizor|atk|2
|
|-weather|SunnyDay|[upkeep]
|turn|20
|
|move|p1a: Scizor|Bullet Punch|p2a: Raeghael
|-resisted|p2a: Raeghael
|-damage|p2a: Raeghael|28\/297
|move|p2a: Raeghael|Fire Blast|p1a: Scizor
|-supereffective|p1a: Scizor
|-damage|p1a: Scizor|0 fnt
|faint|p1a: Scizor
|
|-weather|SunnyDay|[upkeep]
|
|switch|p1a: Mienshao|Mienshao, F|169\/271
|turn|21
|
|move|p1a: Mienshao|Knock Off|p2a: Raeghael
|-damage|p2a: Raeghael|0 fnt
|-damage|p1a: Mienshao|142\/271|[from] item: Life Orb
|faint|p2a: Raeghael
|
|-weather|SunnyDay|[upkeep]
|
|switch|p2a: Pajarraco|Skarmory, M|285\/334
|turn|22
|
|switch|p2a: Tino|Tyranitar, M|298\/404
|-weather|Sandstorm
|move|p1a: Mienshao|U-turn|p2a: Tino
|-supereffective|p2a: Tino
|-damage|p2a: Tino|113\/404
|-damage|p1a: Mienshao|115\/271|[from] item: Life Orb
|
|switch|p1a: Gengar|Gengar, F, shiny|261\/261
|
|-weather|Sandstorm|[upkeep]
|-damage|p1a: Gengar|245\/261|[from] sandstorm
|turn|23
|
|move|p1a: Gengar|Substitute|p1a: Gengar
|-start|p1a: Gengar|Substitute
|-damage|p1a: Gengar|180\/261
|move|p2a: Tino|Pursuit|p1a: Gengar
|-supereffective|p1a: Gengar
|-end|p1a: Gengar|Substitute
|
|-weather|Sandstorm|[upkeep]
|-damage|p1a: Gengar|164\/261|[from] sandstorm
|turn|24
|
|move|p1a: Gengar|Shadow Ball|p2a: Tino
|-resisted|p2a: Tino
|-damage|p2a: Tino|70\/404
|-damage|p1a: Gengar|138\/261|[from] item: Life Orb
|move|p2a: Tino|Pursuit|p1a: Gengar
|-supereffective|p1a: Gengar
|-damage|p1a: Gengar|0 fnt
|faint|p1a: Gengar
|
|-weather|Sandstorm|[upkeep]
|
|switch|p1a: Mienshao|Mienshao, F|205\/271
|turn|25
|
|move|p1a: Mienshao|High Jump Kick|p2a: Tino
|-supereffective|p2a: Tino
|-damage|p2a: Tino|0 fnt
|-damage|p1a: Mienshao|178\/271|[from] item: Life Orb
|faint|p2a: Tino
|
|-weather|Sandstorm|[upkeep]
|-damage|p1a: Mienshao|162\/271|[from] sandstorm
|
|switch|p2a: Pajarraco|Skarmory, M|285\/334
|turn|26
|
|move|p1a: Mienshao|High Jump Kick|p2a: Pajarraco
|-damage|p2a: Pajarraco|112\/334
|-damage|p1a: Mienshao|117\/271|[from] item: Rocky Helmet|[of] p2a: Pajarraco
|-damage|p1a: Mienshao|90\/271|[from] item: Life Orb
|move|p2a: Pajarraco|Toxic|p1a: Mienshao
|-status|p1a: Mienshao|tox
|
|-weather|none
|-damage|p1a: Mienshao|74\/271 tox|[from] psn
|turn|27
|
|move|p1a: Mienshao|High Jump Kick|p2a: Pajarraco
|-damage|p2a: Pajarraco|0 fnt
|-damage|p1a: Mienshao|29\/271 tox|[from] item: Rocky Helmet|[of] p2a: Pajarraco
|-damage|p1a: Mienshao|2\/271 tox|[from] item: Life Orb
|faint|p2a: Pajarraco
|
|win|SuckerforMetal
|raw|Ladder updating...
|raw|SuckerforMetal's rating: 1748 &rarr; <strong>1765<\/strong><br \/>(+17 for winning)
|raw|PodencoGripao's rating: 1690 &rarr; <strong>1673<\/strong><br \/>(-17 for losing)
|chat|SuckerforMetal|gg
|chat|PodencoGripao|gg