|join|PiKacHuiSFuN
|join|SuckerforMetal
|player|p1|PiKacHuiSFuN|180
|player|p2|SuckerforMetal|262
|gametype|singles
|gen|6
|tier|OU
|rated
|clearpoke
|poke|p1|Smeargle, M, shiny
|poke|p1|Scolipede, M
|poke|p1|Vaporeon, F
|poke|p1|Espeon, M, shiny
|poke|p1|Sylveon, F
|poke|p1|Mr. Mime, M, shiny
|poke|p2|Gengar, F, shiny
|poke|p2|Hydreigon, F
|poke|p2|Scizor, M
|poke|p2|Azumarill, F
|poke|p2|Heatran, F, shiny
|poke|p2|Mienshao, M
|rule|Sleep Clause Mod: Limit one foe put to sleep
|rule|Species Clause: Limit one of each Pokemon
|rule|OHKO Clause: OHKO moves are banned
|rule|Moody Clause: Moody is banned
|rule|Evasion Moves Clause: Evasion moves are banned
|rule|Endless Battle Clause: Forcing endless battles is banned.
|rule|HP Percentage Mod: HP is reported as percentages
|teampreview
|chat|SuckerforMetal|for fuck\
|
|start
|switch|p1a: SandstormWiggler|Scolipede, M|321\/321
|switch|p2a: Mienshao|Mienshao, M|271\/271
|turn|1
|
|move|p1a: SandstormWiggler|Protect|p1a: SandstormWiggler
|-singleturn|p1a: SandstormWiggler|Protect
|move|p2a: Mienshao|U-turn|p1a: SandstormWiggler
|-activate|p1a: SandstormWiggler|Protect
|
|-boost|p1a: SandstormWiggler|spe|1|[from] ability: Speed Boost
|turn|2
|
|move|p1a: SandstormWiggler|Iron Defense|p1a: SandstormWiggler
|-boost|p1a: SandstormWiggler|def|2
|move|p2a: Mienshao|Knock Off|p1a: SandstormWiggler
|-damage|p1a: SandstormWiggler|242\/321
|-enditem|p1a: SandstormWiggler|Mental Herb|[from] move: Knock Off|[of] p2a: Mienshao
|-damage|p2a: Mienshao|244\/271|[from] item: Life Orb
|
|-boost|p1a: SandstormWiggler|spe|1|[from] ability: Speed Boost
|turn|3
|
|switch|p2a: Heatran|Heatran, F, shiny|380\/380
|move|p1a: SandstormWiggler|Protect|p1a: SandstormWiggler
|-fail|p1a: SandstormWiggler
|
|-boost|p1a: SandstormWiggler|spe|1|[from] ability: Speed Boost
|turn|4
|
|move|p1a: SandstormWiggler|Baton Pass|p1a: SandstormWiggler
|
|switch|p1a: GreenPanthern|Espeon, M, shiny|321\/321
|move|p2a: Heatran|Lava Plume|p1a: GreenPanthern
|-damage|p1a: GreenPanthern|195\/321
|
|-heal|p1a: GreenPanthern|215\/321|[from] item: Leftovers
|turn|5
|
|move|p1a: GreenPanthern|Calm Mind|p1a: GreenPanthern
|-boost|p1a: GreenPanthern|spa|1
|-boost|p1a: GreenPanthern|spd|1
|move|p2a: Heatran|Lava Plume|p1a: GreenPanthern
|-damage|p1a: GreenPanthern|140\/321
|
|-heal|p1a: GreenPanthern|160\/321|[from] item: Leftovers
|turn|6
|
|move|p1a: GreenPanthern|Baton Pass|p1a: GreenPanthern
|
|switch|p1a: PagliaccioPierrot|Mr. Mime, M, shiny|284\/284
|move|p2a: Heatran|Lava Plume|p1a: PagliaccioPierrot
|-damage|p1a: PagliaccioPierrot|212\/284
|-status|p1a: PagliaccioPierrot|brn
|
|-heal|p1a: PagliaccioPierrot|229\/284 brn|[from] item: Leftovers
|-damage|p1a: PagliaccioPierrot|194\/284 brn|[from] brn
|turn|7
|
|move|p1a: PagliaccioPierrot|Substitute|p1a: PagliaccioPierrot
|-start|p1a: PagliaccioPierrot|Substitute
|-damage|p1a: PagliaccioPierrot|123\/284 brn
|move|p2a: Heatran|Stealth Rock|p1a: PagliaccioPierrot
|-sidestart|p1: PiKacHuiSFuN|move: Stealth Rock
|
|-heal|p1a: PagliaccioPierrot|140\/284 brn|[from] item: Leftovers
|-damage|p1a: PagliaccioPierrot|105\/284 brn|[from] brn
|turn|8
|
|move|p1a: PagliaccioPierrot|Encore|p2a: Heatran
|-start|p2a: Heatran|Encore
|move|p2a: Heatran|Stealth Rock|p1a: PagliaccioPierrot
|-fail|p1a: PagliaccioPierrot
|
|-heal|p1a: PagliaccioPierrot|122\/284 brn|[from] item: Leftovers
|-damage|p1a: PagliaccioPierrot|87\/284 brn|[from] brn
|turn|9
|
|switch|p2a: Modest Mouse|Azumarill, F|400\/400
|move|p1a: PagliaccioPierrot|Calm Mind|p1a: PagliaccioPierrot
|-boost|p1a: PagliaccioPierrot|spa|1
|-boost|p1a: PagliaccioPierrot|spd|1
|
|-heal|p1a: PagliaccioPierrot|104\/284 brn|[from] item: Leftovers
|-damage|p1a: PagliaccioPierrot|69\/284 brn|[from] brn
|turn|10
|
|move|p1a: PagliaccioPierrot|Baton Pass|p1a: PagliaccioPierrot
|
|switch|p1a: Large Nixe|Vaporeon, F|449\/449
|-damage|p1a: Large Nixe|393\/449|[from] Stealth Rock
|move|p2a: Modest Mouse|Play Rough|p1a: Large Nixe
|-end|p1a: Large Nixe|Substitute
|
|-heal|p1a: Large Nixe|421\/449|[from] item: Leftovers
|turn|11
|
|move|p1a: Large Nixe|Acid Armor|p1a: Large Nixe
|-boost|p1a: Large Nixe|def|2
|move|p2a: Modest Mouse|Belly Drum|p2a: Modest Mouse
|-damage|p2a: Modest Mouse|200\/400
|-setboost|p2a: Modest Mouse|atk|6|[from] move: Belly Drum
|-enditem|p2a: Modest Mouse|Sitrus Berry|[eat]
|-heal|p2a: Modest Mouse|300\/400|[from] item: Sitrus Berry
|
|-heal|p1a: Large Nixe|449\/449|[from] item: Leftovers
|turn|12
|
|move|p2a: Modest Mouse|Play Rough|p1a: Large Nixe
|-damage|p1a: Large Nixe|206\/449
|move|p1a: Large Nixe|Roar|p2a: Modest Mouse
|drag|p2a: Gengar|Gengar, F, shiny|261\/261
|
|-heal|p1a: Large Nixe|234\/449|[from] item: Leftovers
|turn|13
|
|move|p1a: Large Nixe|Baton Pass|p1a: Large Nixe
|
|switch|p1a: CandleCarapace|Sylveon, F|385\/385
|-damage|p1a: CandleCarapace|337\/385|[from] Stealth Rock
|move|p2a: Gengar|Sludge Wave|p1a: CandleCarapace
|-supereffective|p1a: CandleCarapace
|-damage|p1a: CandleCarapace|189\/385
|-damage|p2a: Gengar|235\/261|[from] item: Life Orb
|
|-heal|p1a: CandleCarapace|213\/385|[from] item: Leftovers
|turn|14
|chat|SuckerforMetal|why no crit
|
|move|p1a: CandleCarapace|Stored Power|p2a: Gengar
|-supereffective|p2a: Gengar
|-damage|p2a: Gengar|0 fnt
|faint|p2a: Gengar
|
|-heal|p1a: CandleCarapace|237\/385|[from] item: Leftovers
|
|switch|p2a: Scizor|Scizor, M|340\/340
|turn|15
|chat|PiKacHuiSFuN|pokemon showdown has no justice
|
|detailschange|p2a: Scizor|Scizor-Mega, M
|message|Scizor has Mega Evolved into Mega Scizor!
|move|p2a: Scizor|Bullet Punch|p1a: CandleCarapace
|-supereffective|p1a: CandleCarapace
|-damage|p1a: CandleCarapace|109\/385
|move|p1a: CandleCarapace|Baton Pass|p1a: CandleCarapace
|
|switch|p1a: SandstormWiggler|Scolipede, M|242\/321
|-damage|p1a: SandstormWiggler|162\/321|[from] Stealth Rock
|
|turn|16
|
|move|p2a: Scizor|Bullet Punch|p1a: SandstormWiggler
|-damage|p1a: SandstormWiggler|120\/321
|move|p1a: SandstormWiggler|Substitute|p1a: SandstormWiggler
|-start|p1a: SandstormWiggler|Substitute
|-damage|p1a: SandstormWiggler|40\/321
|
|-boost|p1a: SandstormWiggler|spe|1|[from] ability: Speed Boost
|turn|17
|
|move|p1a: SandstormWiggler|Iron Defense|p1a: SandstormWiggler
|-boost|p1a: SandstormWiggler|def|2
|move|p2a: Scizor|Swords Dance|p2a: Scizor
|-boost|p2a: Scizor|atk|2
|
|-boost|p1a: SandstormWiggler|spe|1|[from] ability: Speed Boost
|turn|18
|
|move|p1a: SandstormWiggler|Baton Pass|p1a: SandstormWiggler
|
|switch|p1a: GreenPanthern|Espeon, M, shiny|160\/321
|-damage|p1a: GreenPanthern|120\/321|[from] Stealth Rock
|move|p2a: Scizor|Swords Dance|p2a: Scizor
|-boost|p2a: Scizor|atk|2
|
|-heal|p1a: GreenPanthern|140\/321|[from] item: Leftovers
|turn|19
|
|move|p2a: Scizor|Bullet Punch|p1a: GreenPanthern
|-end|p1a: GreenPanthern|Substitute
|move|p1a: GreenPanthern|Stored Power|p2a: Scizor
|-resisted|p2a: Scizor
|-damage|p2a: Scizor|0 fnt
|faint|p2a: Scizor
|
|-heal|p1a: GreenPanthern|160\/321|[from] item: Leftovers
|
|switch|p2a: Hydreigon|Hydreigon, F|325\/325
|turn|20
|
|move|p1a: GreenPanthern|Substitute|p1a: GreenPanthern
|-start|p1a: GreenPanthern|Substitute
|-damage|p1a: GreenPanthern|80\/321
|move|p2a: Hydreigon|U-turn|p1a: GreenPanthern
|-supereffective|p1a: GreenPanthern
|-activate|p1a: GreenPanthern|Substitute|[damage]
|
|switch|p2a: Modest Mouse|Azumarill, F|300\/400
|
|-heal|p1a: GreenPanthern|100\/321|[from] item: Leftovers
|turn|21
|
|move|p2a: Modest Mouse|Aqua Jet|p1a: GreenPanthern
|-activate|p1a: GreenPanthern|Substitute|[damage]
|move|p1a: GreenPanthern|Stored Power|p2a: Modest Mouse
|-damage|p2a: Modest Mouse|0 fnt
|faint|p2a: Modest Mouse
|
|-heal|p1a: GreenPanthern|120\/321|[from] item: Leftovers
|-message|SuckerforMetal forfeited.
|
|win|PiKacHuiSFuN
|raw|Ladder updating...
|raw|PiKacHuiSFuN's rating: 1872 &rarr; <strong>1886<\/strong><br \/>(+14 for winning)
|raw|SuckerforMetal's rating: 1761 &rarr; <strong>1748<\/strong><br \/>(-13 for losing)
|leave|SuckerforMetal
|player|p2