|join|loyal shot
|join|SuckerforMetal
|player|p1|loyal shot|101
|player|p2|SuckerforMetal|101
|gametype|singles
|gen|6
|tier|OU
|rated
|clearpoke
|poke|p1|Krookodile, M
|poke|p1|Venusaur, M
|poke|p1|Skarmory, M
|poke|p1|Chansey, F
|poke|p1|Gengar, M
|poke|p1|Quagsire, M
|poke|p2|Gengar, F, shiny
|poke|p2|Hydreigon, M
|poke|p2|Scizor, M
|poke|p2|Azumarill, F
|poke|p2|Heatran, F, shiny
|poke|p2|Mienshao, F
|rule|Sleep Clause Mod: Limit one foe put to sleep
|rule|Species Clause: Limit one of each Pokemon
|rule|OHKO Clause: OHKO moves are banned
|rule|Moody Clause: Moody is banned
|rule|Evasion Moves Clause: Evasion moves are banned
|rule|Endless Battle Clause: Forcing endless battles is banned.
|rule|HP Percentage Mod: HP is reported as percentages
|teampreview
|
|start
|switch|p1a: Krookodile|Krookodile, M|394\/394
|switch|p2a: Hydreigon|Hydreigon, M|325\/325
|-ability|p1a: Krookodile|Intimidate|[of] p2a: Hydreigon
|-unboost|p2a: Hydreigon|atk|1
|turn|1
|
|switch|p1a: Chansey|Chansey, F|701\/701
|move|p2a: Hydreigon|U-turn|p1a: Chansey
|-damage|p1a: Chansey|652\/701
|
|switch|p2a: Mienshao|Mienshao, F|271\/271
|
|turn|2
|
|switch|p1a: Skarmory|Skarmory, M|333\/333
|move|p2a: Mienshao|Knock Off|p1a: Skarmory
|-damage|p1a: Skarmory|249\/333
|-damage|p2a: Mienshao|226\/271|[from] item: Rocky Helmet|[of] p1a: Skarmory
|-enditem|p1a: Skarmory|Rocky Helmet|[from] move: Knock Off|[of] p2a: Mienshao
|-damage|p2a: Mienshao|199\/271|[from] item: Life Orb
|
|turn|3
|
|move|p2a: Mienshao|U-turn|p1a: Skarmory
|-resisted|p1a: Skarmory
|-damage|p1a: Skarmory|233\/333
|-damage|p2a: Mienshao|172\/271|[from] item: Life Orb
|
|switch|p2a: Hydreigon|Hydreigon, M|325\/325
|move|p1a: Skarmory|Roost|p1a: Skarmory
|-heal|p1a: Skarmory|333\/333
|
|turn|4
|
|switch|p1a: Krookodile|Krookodile, M|394\/394
|-ability|p1a: Krookodile|Intimidate|[of] p2a: Hydreigon
|-unboost|p2a: Hydreigon|atk|1
|move|p2a: Hydreigon|U-turn|p1a: Krookodile
|-supereffective|p1a: Krookodile
|-damage|p1a: Krookodile|332\/394
|
|switch|p2a: Mienshao|Mienshao, F|262\/271
|
|-heal|p1a: Krookodile|356\/394|[from] item: Leftovers
|turn|5
|
|switch|p1a: Venusaur|Venusaur, M|363\/363
|move|p2a: Mienshao|High Jump Kick|p1a: Venusaur
|-resisted|p1a: Venusaur
|-damage|p1a: Venusaur|215\/363
|-damage|p2a: Mienshao|235\/271|[from] item: Life Orb
|
|turn|6
|
|detailschange|p1a: Venusaur|Venusaur-Mega, M
|message|Venusaur has Mega Evolved into Mega Venusaur!
|move|p2a: Mienshao|U-turn|p1a: Venusaur
|-damage|p1a: Venusaur|145\/363
|-damage|p2a: Mienshao|208\/271|[from] item: Life Orb
|
|switch|p2a: Heatran|Heatran, F, shiny|380\/380
|move|p1a: Venusaur|Synthesis|p1a: Venusaur
|-heal|p1a: Venusaur|326\/363
|
|turn|7
|
|move|p2a: Heatran|Stealth Rock|p1a: Venusaur
|-sidestart|p1: loyal shot|move: Stealth Rock
|move|p1a: Venusaur|Earthquake|p2a: Heatran
|-supereffective|p2a: Heatran
|-damage|p2a: Heatran|108\/380
|
|-heal|p2a: Heatran|131\/380|[from] item: Leftovers
|turn|8
|
|switch|p2a: Gengar|Gengar, F, shiny|261\/261
|move|p1a: Venusaur|Sludge Bomb|p2a: Gengar
|-resisted|p2a: Gengar
|-damage|p2a: Gengar|225\/261
|
|turn|9
|
|move|p2a: Gengar|Substitute|p2a: Gengar
|-start|p2a: Gengar|Substitute
|-damage|p2a: Gengar|160\/261
|move|p1a: Venusaur|Giga Drain|p2a: Gengar
|-resisted|p2a: Gengar
|-end|p2a: Gengar|Substitute
|-heal|p1a: Venusaur|359\/363|[from] drain|[of] p2a: Gengar
|
|turn|10
|
|move|p2a: Gengar|Sludge Wave|p1a: Venusaur
|-damage|p1a: Venusaur|210\/363
|-damage|p2a: Gengar|134\/261|[from] item: Life Orb
|move|p1a: Venusaur|Giga Drain|p2a: Gengar
|-resisted|p2a: Gengar
|-damage|p2a: Gengar|64\/261
|-heal|p1a: Venusaur|245\/363|[from] drain|[of] p2a: Gengar
|
|turn|11
|
|move|p2a: Gengar|Pain Split|p1a: Venusaur
|-sethp|p1a: Venusaur|154\/363|p2a: Gengar|154\/261|[from] move: Pain Split
|move|p1a: Venusaur|Synthesis|p1a: Venusaur
|-heal|p1a: Venusaur|335\/363
|
|turn|12
|
|move|p2a: Gengar|Shadow Ball|p1a: Venusaur
|-damage|p1a: Venusaur|210\/363
|-damage|p2a: Gengar|128\/261|[from] item: Life Orb
|move|p1a: Venusaur|Giga Drain|p2a: Gengar
|-resisted|p2a: Gengar
|-damage|p2a: Gengar|60\/261
|-heal|p1a: Venusaur|244\/363|[from] drain|[of] p2a: Gengar
|
|turn|13
|
|switch|p1a: Krookodile|Krookodile, M|356\/394
|-damage|p1a: Krookodile|332\/394|[from] Stealth Rock
|-ability|p1a: Krookodile|Intimidate|[of] p2a: Gengar
|-unboost|p2a: Gengar|atk|1
|move|p2a: Gengar|Pain Split|p1a: Krookodile
|-sethp|p1a: Krookodile|196\/394|p2a: Gengar|196\/261|[from] move: Pain Split
|
|-heal|p1a: Krookodile|220\/394|[from] item: Leftovers
|turn|14
|
|move|p2a: Gengar|Substitute|p2a: Gengar
|-start|p2a: Gengar|Substitute
|-damage|p2a: Gengar|131\/261
|move|p1a: Krookodile|Stealth Rock|p2a: Gengar
|-sidestart|p2: SuckerforMetal|move: Stealth Rock
|
|-heal|p1a: Krookodile|244\/394|[from] item: Leftovers
|turn|15
|
|switch|p1a: Chansey|Chansey, F|652\/701
|-damage|p1a: Chansey|565\/701|[from] Stealth Rock
|move|p2a: Gengar|Shadow Ball|p1a: Chansey
|-immune|p1a: Chansey|[msg]
|
|turn|16
|
|move|p2a: Gengar|Pain Split|p1a: Chansey
|-sethp|p1a: Chansey|348\/701|p2a: Gengar|261\/261|[from] move: Pain Split
|move|p1a: Chansey|Wish|p1a: Chansey
|
|turn|17
|
|move|p2a: Gengar|Sludge Wave|p1a: Chansey
|-damage|p1a: Chansey|226\/701
|-damage|p2a: Gengar|235\/261|[from] item: Life Orb
|move|p1a: Chansey|Seismic Toss|p2a: Gengar
|-immune|p2a: Gengar|[msg]
|
|-heal|p1a: Chansey|576\/701|[from] move: Wish|[wisher] Chansey
|turn|18
|
|switch|p2a: Mienshao|Mienshao, F|271\/271
|-damage|p2a: Mienshao|255\/271|[from] Stealth Rock
|move|p1a: Chansey|Wish|p1a: Chansey
|
|turn|19
|
|switch|p1a: Venusaur|Venusaur-Mega, M|244\/363
|-damage|p1a: Venusaur|199\/363|[from] Stealth Rock
|move|p2a: Mienshao|U-turn|p1a: Venusaur
|-damage|p1a: Venusaur|122\/363
|-damage|p2a: Mienshao|228\/271|[from] item: Life Orb
|
|switch|p2a: Gengar|Gengar, F, shiny|235\/261
|-damage|p2a: Gengar|203\/261|[from] Stealth Rock
|
|-heal|p1a: Venusaur|363\/363|[from] move: Wish|[wisher] Chansey
|turn|20
|
|switch|p1a: Chansey|Chansey, F|576\/701
|-damage|p1a: Chansey|489\/701|[from] Stealth Rock
|move|p2a: Gengar|Sludge Wave|p1a: Chansey
|-damage|p1a: Chansey|360\/701
|-damage|p2a: Gengar|177\/261|[from] item: Life Orb
|
|turn|21
|
|switch|p2a: Modest Mouse|Azumarill, F|400\/400
|-damage|p2a: Modest Mouse|350\/400|[from] Stealth Rock
|move|p1a: Chansey|Soft-Boiled|p1a: Chansey
|-heal|p1a: Chansey|701\/701
|
|turn|22
|
|switch|p2a: Hydreigon|Hydreigon, M|325\/325
|-damage|p2a: Hydreigon|285\/325|[from] Stealth Rock
|switch|p1a: Venusaur|Venusaur-Mega, M|363\/363
|-damage|p1a: Venusaur|318\/363|[from] Stealth Rock
|
|turn|23
|
|move|p2a: Hydreigon|U-turn|p1a: Venusaur
|-damage|p1a: Venusaur|284\/363
|
|switch|p2a: Scizor|Scizor, M|340\/340
|-damage|p2a: Scizor|298\/340|[from] Stealth Rock
|move|p1a: Venusaur|Synthesis|p1a: Venusaur
|-heal|p1a: Venusaur|363\/363
|
|turn|24
|
|switch|p1a: Skarmory|Skarmory, M|333\/333
|-damage|p1a: Skarmory|292\/333|[from] Stealth Rock
|detailschange|p2a: Scizor|Scizor-Mega, M
|message|Scizor has Mega Evolved into Mega Scizor!
|move|p2a: Scizor|Bug Bite|p1a: Skarmory
|-resisted|p1a: Skarmory
|-damage|p1a: Skarmory|264\/333
|
|turn|25
|
|move|p2a: Scizor|Swords Dance|p2a: Scizor
|-boost|p2a: Scizor|atk|2
|move|p1a: Skarmory|Taunt|p2a: Scizor
|-start|p2a: Scizor|move: Taunt
|
|turn|26
|
|move|p2a: Scizor|Bullet Punch|p1a: Skarmory
|-resisted|p1a: Skarmory
|-damage|p1a: Skarmory|190\/333
|move|p1a: Skarmory|Counter|p2a: Scizor
|-damage|p2a: Scizor|150\/340
|
|turn|27
|
|switch|p2a: Heatran|Heatran, F, shiny|131\/380
|-damage|p2a: Heatran|84\/380|[from] Stealth Rock
|move|p1a: Skarmory|Roost|p1a: Skarmory
|-heal|p1a: Skarmory|333\/333
|
|-heal|p2a: Heatran|107\/380|[from] item: Leftovers
|turn|28
|
|switch|p1a: Chansey|Chansey, F|701\/701
|-damage|p1a: Chansey|614\/701|[from] Stealth Rock
|move|p2a: Heatran|Lava Plume|p1a: Chansey
|-damage|p1a: Chansey|524\/701
|
|-heal|p2a: Heatran|130\/380|[from] item: Leftovers
|turn|29
|
|switch|p2a: Mienshao|Mienshao, F|271\/271
|-damage|p2a: Mienshao|255\/271|[from] Stealth Rock
|move|p1a: Chansey|Seismic Toss|p2a: Mienshao
|-damage|p2a: Mienshao|155\/271
|
|turn|30
|
|switch|p1a: Venusaur|Venusaur-Mega, M|363\/363
|-damage|p1a: Venusaur|318\/363|[from] Stealth Rock
|move|p2a: Mienshao|U-turn|p1a: Venusaur
|-damage|p1a: Venusaur|240\/363
|-damage|p2a: Mienshao|128\/271|[from] item: Life Orb
|
|switch|p2a: Gengar|Gengar, F, shiny|177\/261
|-damage|p2a: Gengar|145\/261|[from] Stealth Rock
|
|turn|31
|
|move|p2a: Gengar|Sludge Wave|p1a: Venusaur
|-damage|p1a: Venusaur|91\/363
|-damage|p2a: Gengar|119\/261|[from] item: Life Orb
|move|p1a: Venusaur|Synthesis|p1a: Venusaur
|-heal|p1a: Venusaur|272\/363
|
|turn|32
|
|switch|p1a: Chansey|Chansey, F|524\/701
|-damage|p1a: Chansey|437\/701|[from] Stealth Rock
|move|p2a: Gengar|Shadow Ball|p1a: Chansey
|-immune|p1a: Chansey|[msg]
|
|turn|33
|
|move|p2a: Gengar|Substitute|p2a: Gengar
|-start|p2a: Gengar|Substitute
|-damage|p2a: Gengar|54\/261
|move|p1a: Chansey|Soft-Boiled|p1a: Chansey
|-heal|p1a: Chansey|701\/701
|
|turn|34
|
|move|p2a: Gengar|Pain Split|p1a: Chansey
|-sethp|p1a: Chansey|377\/701|p2a: Gengar|261\/261|[from] move: Pain Split
|move|p1a: Chansey|Wish|p1a: Chansey
|
|turn|35
|
|move|p2a: Gengar|Shadow Ball|p1a: Chansey
|-immune|p1a: Chansey|[msg]
|move|p1a: Chansey|Seismic Toss|p2a: Gengar
|-immune|p2a: Gengar|[msg]
|
|-heal|p1a: Chansey|701\/701|[from] move: Wish|[wisher] Chansey
|turn|36
|
|switch|p2a: Mienshao|Mienshao, F|218\/271
|-damage|p2a: Mienshao|202\/271|[from] Stealth Rock
|move|p1a: Chansey|Seismic Toss|p2a: Mienshao
|-damage|p2a: Mienshao|102\/271
|
|turn|37
|
|move|p2a: Mienshao|U-turn|p1a: Chansey
|-damage|p1a: Chansey|536\/701
|-damage|p2a: Mienshao|75\/271|[from] item: Life Orb
|
|switch|p2a: Gengar|Gengar, F, shiny|261\/261
|-damage|p2a: Gengar|229\/261|[from] Stealth Rock
|move|p1a: Chansey|Wish|p1a: Chansey
|
|turn|38
|
|switch|p1a: Krookodile|Krookodile, M|244\/394
|-damage|p1a: Krookodile|220\/394|[from] Stealth Rock
|-ability|p1a: Krookodile|Intimidate|[of] p2a: Gengar
|-unboost|p2a: Gengar|atk|1
|move|p2a: Gengar|Shadow Ball|p1a: Krookodile
|-resisted|p1a: Krookodile
|-damage|p1a: Krookodile|102\/394
|-damage|p2a: Gengar|203\/261|[from] item: Life Orb
|
|-heal|p1a: Krookodile|394\/394|[from] move: Wish|[wisher] Chansey
|turn|39
|
|move|p2a: Gengar|Substitute|p2a: Gengar
|-start|p2a: Gengar|Substitute
|-damage|p2a: Gengar|138\/261
|move|p1a: Krookodile|Knock Off|p2a: Gengar
|-supereffective|p2a: Gengar
|-end|p2a: Gengar|Substitute
|
|turn|40
|
|switch|p2a: Hydreigon|Hydreigon, M|285\/325
|-damage|p2a: Hydreigon|245\/325|[from] Stealth Rock
|move|p1a: Krookodile|Knock Off|p2a: Hydreigon
|-resisted|p2a: Hydreigon
|-damage|p2a: Hydreigon|170\/325
|-enditem|p2a: Hydreigon|Choice Scarf|[from] move: Knock Off|[of] p1a: Krookodile
|
|turn|41
|
|switch|p1a: Chansey|Chansey, F|536\/701
|-damage|p1a: Chansey|449\/701|[from] Stealth Rock
|move|p2a: Hydreigon|U-turn|p1a: Chansey
|-damage|p1a: Chansey|369\/701
|
|switch|p2a: Mienshao|Mienshao, F|165\/271
|-damage|p2a: Mienshao|149\/271|[from] Stealth Rock
|
|turn|42
|
|switch|p1a: Gengar|Gengar, M|261\/261
|-damage|p1a: Gengar|229\/261|[from] Stealth Rock
|move|p2a: Mienshao|Knock Off|p1a: Gengar
|-supereffective|p1a: Gengar
|-damage|p1a: Gengar|0 fnt
|-damage|p2a: Mienshao|122\/271|[from] item: Life Orb
|faint|p1a: Gengar
|
|
|switch|p1a: Quagsire|Quagsire, M|394\/394
|-damage|p1a: Quagsire|370\/394|[from] Stealth Rock
|turn|43
|
|move|p2a: Mienshao|U-turn|p1a: Quagsire
|-crit|p1a: Quagsire
|-damage|p1a: Quagsire|243\/394
|-damage|p2a: Mienshao|95\/271|[from] item: Life Orb
|
|switch|p2a: Hydreigon|Hydreigon, M|170\/325
|-damage|p2a: Hydreigon|130\/325|[from] Stealth Rock
|move|p1a: Quagsire|Scald|p2a: Hydreigon
|-resisted|p2a: Hydreigon
|-damage|p2a: Hydreigon|94\/325
|-status|p2a: Hydreigon|brn
|
|-heal|p1a: Quagsire|267\/394|[from] item: Leftovers
|-damage|p2a: Hydreigon|54\/325 brn|[from] brn
|turn|44
|
|switch|p1a: Skarmory|Skarmory, M|333\/333
|-damage|p1a: Skarmory|292\/333|[from] Stealth Rock
|move|p2a: Hydreigon|Dark Pulse|p1a: Skarmory
|-damage|p1a: Skarmory|75\/333
|
|-damage|p2a: Hydreigon|14\/325 brn|[from] brn
|turn|45
|
|move|p2a: Hydreigon|Dark Pulse|p1a: Skarmory
|-damage|p1a: Skarmory|0 fnt
|faint|p1a: Skarmory
|
|-damage|p2a: Hydreigon|0 fnt|[from] brn
|faint|p2a: Hydreigon
|
|switch|p2a: Gengar|Gengar, F, shiny|138\/261
|-damage|p2a: Gengar|106\/261|[from] Stealth Rock
|switch|p1a: Krookodile|Krookodile, M|394\/394
|-damage|p1a: Krookodile|370\/394|[from] Stealth Rock
|-ability|p1a: Krookodile|Intimidate|[of] p2a: Gengar
|-unboost|p2a: Gengar|atk|1
|turn|46
|
|switch|p2a: Heatran|Heatran, F, shiny|130\/380
|-damage|p2a: Heatran|83\/380|[from] Stealth Rock
|move|p1a: Krookodile|Knock Off|p2a: Heatran
|-damage|p2a: Heatran|0 fnt
|faint|p2a: Heatran
|
|-heal|p1a: Krookodile|394\/394|[from] item: Leftovers
|
|switch|p2a: Mienshao|Mienshao, F|185\/271
|-damage|p2a: Mienshao|169\/271|[from] Stealth Rock
|turn|47
|
|switch|p1a: Venusaur|Venusaur-Mega, M|272\/363
|-damage|p1a: Venusaur|227\/363|[from] Stealth Rock
|move|p2a: Mienshao|U-turn|p1a: Venusaur
|-damage|p1a: Venusaur|145\/363
|-damage|p2a: Mienshao|142\/271|[from] item: Life Orb
|
|switch|p2a: Gengar|Gengar, F, shiny|106\/261
|-damage|p2a: Gengar|74\/261|[from] Stealth Rock
|
|turn|48
|
|move|p2a: Gengar|Sludge Wave|p1a: Venusaur
|-damage|p1a: Venusaur|0 fnt
|-damage|p2a: Gengar|48\/261|[from] item: Life Orb
|faint|p1a: Venusaur
|
|
|switch|p1a: Krookodile|Krookodile, M|394\/394
|-damage|p1a: Krookodile|370\/394|[from] Stealth Rock
|-ability|p1a: Krookodile|Intimidate|[of] p2a: Gengar
|-unboost|p2a: Gengar|atk|1
|turn|49
|
|switch|p2a: Modest Mouse|Azumarill, F|350\/400
|-damage|p2a: Modest Mouse|300\/400|[from] Stealth Rock
|move|p1a: Krookodile|Knock Off|p2a: Modest Mouse
|-resisted|p2a: Modest Mouse
|-damage|p2a: Modest Mouse|228\/400
|-enditem|p2a: Modest Mouse|Sitrus Berry|[from] move: Knock Off|[of] p1a: Krookodile
|
|-heal|p1a: Krookodile|394\/394|[from] item: Leftovers
|turn|50
|
|move|p1a: Krookodile|Earthquake|p2a: Modest Mouse
|-damage|p2a: Modest Mouse|77\/400
|move|p2a: Modest Mouse|Play Rough|p1a: Krookodile
|-supereffective|p1a: Krookodile
|-damage|p1a: Krookodile|76\/394
|
|-heal|p1a: Krookodile|100\/394|[from] item: Leftovers
|turn|51
|
|switch|p1a: Quagsire|Quagsire, M|267\/394
|-damage|p1a: Quagsire|243\/394|[from] Stealth Rock
|move|p2a: Modest Mouse|Aqua Jet|p1a: Quagsire
|-damage|p1a: Quagsire|171\/394
|
|-heal|p1a: Quagsire|195\/394|[from] item: Leftovers
|turn|52
|
|move|p2a: Modest Mouse|Waterfall|p1a: Quagsire
|-damage|p1a: Quagsire|44\/394
|move|p1a: Quagsire|Recover|p1a: Quagsire
|-heal|p1a: Quagsire|241\/394
|
|-heal|p1a: Quagsire|265\/394|[from] item: Leftovers
|turn|53
|
|move|p2a: Modest Mouse|Waterfall|p1a: Quagsire
|-crit|p1a: Quagsire
|-damage|p1a: Quagsire|64\/394
|move|p1a: Quagsire|Recover|p1a: Quagsire
|-heal|p1a: Quagsire|261\/394
|
|-heal|p1a: Quagsire|285\/394|[from] item: Leftovers
|turn|54
|
|move|p2a: Modest Mouse|Play Rough|p1a: Quagsire
|-damage|p1a: Quagsire|132\/394
|-unboost|p1a: Quagsire|atk|1
|move|p1a: Quagsire|Recover|p1a: Quagsire
|-heal|p1a: Quagsire|329\/394
|
|-heal|p1a: Quagsire|353\/394|[from] item: Leftovers
|turn|55
|
|move|p2a: Modest Mouse|Waterfall|p1a: Quagsire
|-damage|p1a: Quagsire|209\/394
|move|p1a: Quagsire|Recover|p1a: Quagsire
|-heal|p1a: Quagsire|394\/394
|
|turn|56
|
|move|p2a: Modest Mouse|Waterfall|p1a: Quagsire
|-damage|p1a: Quagsire|264\/394
|move|p1a: Quagsire|Scald|p2a: Modest Mouse
|-resisted|p2a: Modest Mouse
|-damage|p2a: Modest Mouse|38\/400
|
|-heal|p1a: Quagsire|288\/394|[from] item: Leftovers
|turn|57
|
|move|p2a: Modest Mouse|Waterfall|p1a: Quagsire
|-damage|p1a: Quagsire|156\/394
|move|p1a: Quagsire|Recover|p1a: Quagsire
|-heal|p1a: Quagsire|353\/394
|
|-heal|p1a: Quagsire|377\/394|[from] item: Leftovers
|turn|58
|
|move|p2a: Modest Mouse|Waterfall|p1a: Quagsire
|-damage|p1a: Quagsire|239\/394
|move|p1a: Quagsire|Scald|p2a: Modest Mouse
|-resisted|p2a: Modest Mouse
|-damage|p2a: Modest Mouse|0 fnt
|faint|p2a: Modest Mouse
|
|-heal|p1a: Quagsire|263\/394|[from] item: Leftovers
|
|switch|p2a: Mienshao|Mienshao, F|232\/271
|-damage|p2a: Mienshao|216\/271|[from] Stealth Rock
|turn|59
|
|move|p2a: Mienshao|High Jump Kick|p1a: Quagsire
|-damage|p1a: Quagsire|28\/394
|-damage|p2a: Mienshao|189\/271|[from] item: Life Orb
|move|p1a: Quagsire|Recover|p1a: Quagsire
|-heal|p1a: Quagsire|225\/394
|
|-heal|p1a: Quagsire|249\/394|[from] item: Leftovers
|turn|60
|
|move|p2a: Mienshao|High Jump Kick|p1a: Quagsire
|-damage|p1a: Quagsire|10\/394
|-damage|p2a: Mienshao|162\/271|[from] item: Life Orb
|move|p1a: Quagsire|Scald|p2a: Mienshao
|-damage|p2a: Mienshao|53\/271
|
|-heal|p1a: Quagsire|34\/394|[from] item: Leftovers
|turn|61
|-message|loyal shot forfeited.
|
|win|SuckerforMetal
|raw|Ladder updating...
|raw|loyal shot's rating: 1857 &rarr; <strong>1832<\/strong><br \/>(-25 for losing)
|raw|SuckerforMetal's rating: 1785 &rarr; <strong>1809<\/strong><br \/>(+24 for winning)
|leave|loyal shot
|player|p1