|join|Quick
|join|SuckerforMetal
|player|p1|Quick|101
|player|p2|SuckerforMetal|262
|gametype|singles
|gen|6
|tier|OU
|rated
|clearpoke
|poke|p1|Dragonite, M
|poke|p1|Infernape, M
|poke|p1|Mawile, M
|poke|p1|Excadrill, F
|poke|p1|Thundurus, M
|poke|p1|Latios, M
|poke|p2|Gengar, F, shiny
|poke|p2|Hydreigon, M
|poke|p2|Scizor, F
|poke|p2|Azumarill, F
|poke|p2|Heatran, F, shiny
|poke|p2|Mienshao, M
|rule|Sleep Clause Mod: Limit one foe put to sleep
|rule|Species Clause: Limit one of each Pokemon
|rule|OHKO Clause: OHKO moves are banned
|rule|Moody Clause: Moody is banned
|rule|Evasion Moves Clause: Evasion moves are banned
|rule|Endless Battle Clause: Forcing endless battles is banned.
|rule|HP Percentage Mod: HP is reported as percentages
|teampreview
|
|start
|switch|p1a: Mawile|Mawile, M|301\/301
|switch|p2a: Modest Mouse|Azumarill, F|400\/400
|-ability|p1a: Mawile|Intimidate|[of] p2a: Modest Mouse
|-unboost|p2a: Modest Mouse|atk|1
|turn|1
|
|switch|p2a: Heatran|Heatran, F, shiny|380\/380
|detailschange|p1a: Mawile|Mawile-Mega, M
|message|Mawile has Mega Evolved into Mega Mawile!
|move|p1a: Mawile|Play Rough|p2a: Heatran
|-resisted|p2a: Heatran
|-damage|p2a: Heatran|312\/380
|
|-heal|p2a: Heatran|335\/380|[from] item: Leftovers
|turn|2
|
|switch|p1a: Infernape|Infernape, M|293\/293
|move|p2a: Heatran|Stealth Rock|p1a: Infernape
|-sidestart|p1: Quick|move: Stealth Rock
|
|-heal|p2a: Heatran|358\/380|[from] item: Leftovers
|turn|3
|
|switch|p2a: Modest Mouse|Azumarill, F|400\/400
|move|p1a: Infernape|Thunder Punch|p2a: Modest Mouse
|-supereffective|p2a: Modest Mouse
|-damage|p2a: Modest Mouse|124\/400
|-damage|p1a: Infernape|264\/293|[from] item: Life Orb
|-enditem|p2a: Modest Mouse|Sitrus Berry|[eat]
|-heal|p2a: Modest Mouse|224\/400|[from] item: Sitrus Berry
|
|turn|4
|
|switch|p1a: Latios|Latios, M|301\/301
|-damage|p1a: Latios|264\/301|[from] Stealth Rock
|switch|p2a: Heatran|Heatran, F, shiny|358\/380
|
|-heal|p2a: Heatran|380\/380|[from] item: Leftovers
|turn|5
|
|switch|p1a: Dragonite|Dragonite, M|323\/323
|-damage|p1a: Dragonite|243\/323|[from] Stealth Rock
|move|p2a: Heatran|Lava Plume|p1a: Dragonite
|-resisted|p1a: Dragonite
|-damage|p1a: Dragonite|169\/323
|
|turn|6
|
|switch|p2a: Hydreigon|Hydreigon, M|325\/325
|move|p1a: Dragonite|Outrage|p2a: Hydreigon
|-supereffective|p2a: Hydreigon
|-damage|p2a: Hydreigon|0 fnt
|faint|p2a: Hydreigon
|
|
|switch|p2a: Modest Mouse|Azumarill, F|224\/400
|turn|7
|
|move|p1a: Dragonite|Outrage|p2a: Modest Mouse
|-immune|p2a: Modest Mouse|[msg]
|move|p2a: Modest Mouse|Belly Drum|p2a: Modest Mouse
|-damage|p2a: Modest Mouse|24\/400
|-setboost|p2a: Modest Mouse|atk|6|[from] move: Belly Drum
|
|-end|p1a: Dragonite|rampage
|-start|p1a: Dragonite|confusion
|turn|8
|
|switch|p1a: Latios|Latios, M|264\/301
|-damage|p1a: Latios|227\/301|[from] Stealth Rock
|move|p2a: Modest Mouse|Aqua Jet|p1a: Latios
|-resisted|p1a: Latios
|-damage|p1a: Latios|23\/301
|
|turn|9
|
|move|p2a: Modest Mouse|Aqua Jet|p1a: Latios
|-resisted|p1a: Latios
|-damage|p1a: Latios|0 fnt
|faint|p1a: Latios
|
|
|switch|p1a: Infernape|Infernape, M|264\/293
|-damage|p1a: Infernape|228\/293|[from] Stealth Rock
|turn|10
|
|switch|p2a: Gengar|Gengar, F, shiny|261\/261
|move|p1a: Infernape|Mach Punch|p2a: Gengar
|-immune|p2a: Gengar|[msg]
|
|turn|11
|
|switch|p1a: Mawile|Mawile-Mega, M|301\/301
|-damage|p1a: Mawile|283\/301|[from] Stealth Rock
|move|p2a: Gengar|Shadow Ball|p1a: Mawile
|-damage|p1a: Mawile|104\/301
|-damage|p2a: Gengar|235\/261|[from] item: Life Orb
|
|turn|12
|
|move|p2a: Gengar|Substitute|p2a: Gengar
|-start|p2a: Gengar|Substitute
|-damage|p2a: Gengar|170\/261
|move|p1a: Mawile|Stealth Rock|p2a: Gengar
|-sidestart|p2: SuckerforMetal|move: Stealth Rock
|
|turn|13
|
|move|p1a: Mawile|Sucker Punch|p2a: Gengar
|-supereffective|p2a: Gengar
|-end|p2a: Gengar|Substitute
|move|p2a: Gengar|Shadow Ball|p1a: Mawile
|-damage|p1a: Mawile|0 fnt
|-damage|p2a: Gengar|144\/261|[from] item: Life Orb
|faint|p1a: Mawile
|
|
|switch|p1a: Thundurus|Thundurus, M|299\/299
|-damage|p1a: Thundurus|225\/299|[from] Stealth Rock
|turn|14
|
|switch|p2a: Modest Mouse|Azumarill, F|24\/400
|-damage|p2a: Modest Mouse|0 fnt|[from] Stealth Rock
|faint|p2a: Modest Mouse
|move|p1a: Thundurus|Thunderbolt|p2: Modest Mouse|[notarget]
|-notarget
|
|
|switch|p2a: Heatran|Heatran, F, shiny|380\/380
|-damage|p2a: Heatran|333\/380|[from] Stealth Rock
|turn|15
|
|move|p1a: Thundurus|Focus Blast|p2a: Heatran
|-supereffective|p2a: Heatran
|-damage|p2a: Heatran|0 fnt
|-damage|p1a: Thundurus|196\/299|[from] item: Life Orb
|faint|p2a: Heatran
|
|
|switch|p2a: Scizor|Scizor, F|340\/340
|-damage|p2a: Scizor|298\/340|[from] Stealth Rock
|turn|16
|
|detailschange|p2a: Scizor|Scizor-Mega, F
|message|Scizor has Mega Evolved into Mega Scizor!
|move|p1a: Thundurus|Thunderbolt|p2a: Scizor
|-damage|p2a: Scizor|90\/340
|-damage|p1a: Thundurus|167\/299|[from] item: Life Orb
|move|p2a: Scizor|Swords Dance|p2a: Scizor
|-boost|p2a: Scizor|atk|2
|
|turn|17
|
|move|p1a: Thundurus|Thunder Wave|p2a: Scizor
|-status|p2a: Scizor|par
|cant|p2a: Scizor|par
|
|turn|18
|
|move|p2a: Scizor|Bullet Punch|p1a: Thundurus
|-resisted|p1a: Thundurus
|-damage|p1a: Thundurus|0 fnt
|faint|p1a: Thundurus
|
|
|switch|p1a: Infernape|Infernape, M|228\/293
|-damage|p1a: Infernape|192\/293|[from] Stealth Rock
|turn|19
|
|move|p2a: Scizor|Bullet Punch|p1a: Infernape
|-resisted|p1a: Infernape
|-damage|p1a: Infernape|16\/293
|move|p1a: Infernape|Close Combat|p2a: Scizor
|-damage|p2a: Scizor|0 fnt
|-unboost|p1a: Infernape|def|1
|-unboost|p1a: Infernape|spd|1
|-damage|p1a: Infernape|0 fnt|[from] item: Life Orb
|faint|p2a: Scizor
|faint|p1a: Infernape
|
|
|switch|p2a: Mienshao|Mienshao, M|271\/271
|-damage|p2a: Mienshao|255\/271|[from] Stealth Rock
|switch|p1a: Toph|Excadrill, F|361\/361
|-damage|p1a: Toph|350\/361|[from] Stealth Rock
|-ability|p1a: Toph|Mold Breaker
|turn|20
|
|switch|p1a: Dragonite|Dragonite, M|169\/323
|-damage|p1a: Dragonite|89\/323|[from] Stealth Rock
|move|p2a: Mienshao|High Jump Kick|p1a: Dragonite
|-resisted|p1a: Dragonite
|-damage|p1a: Dragonite|0 fnt
|-damage|p2a: Mienshao|228\/271|[from] item: Life Orb
|faint|p1a: Dragonite
|
|
|switch|p1a: Toph|Excadrill, F|350\/361
|-damage|p1a: Toph|339\/361|[from] Stealth Rock
|-ability|p1a: Toph|Mold Breaker
|turn|21
|
|switch|p2a: Gengar|Gengar, F, shiny|144\/261
|-damage|p2a: Gengar|112\/261|[from] Stealth Rock
|move|p1a: Toph|Earthquake|p2a: Gengar
|-supereffective|p2a: Gengar
|-damage|p2a: Gengar|0 fnt
|faint|p2a: Gengar
|
|
|switch|p2a: Mienshao|Mienshao, M|271\/271
|-damage|p2a: Mienshao|255\/271|[from] Stealth Rock
|turn|22
|
|move|p1a: Toph|Earthquake|p2a: Mienshao
|-damage|p2a: Mienshao|0 fnt
|faint|p2a: Mienshao
|
|win|Quick
|raw|Ladder updating...
|raw|Quick's rating: 1743 &rarr; <strong>1767<\/strong><br \/>(+24 for winning)
|raw|SuckerforMetal's rating: 1809 &rarr; <strong>1785<\/strong><br \/>(-24 for losing)