|join|SuckerforMetal
|join|kianann1988
|player|p1|SuckerforMetal|265
|player|p2|kianann1988|1
|gametype|singles
|gen|6
|tier|OU
|rated
|clearpoke
|poke|p1|Gengar, F, shiny
|poke|p1|Hydreigon, F
|poke|p1|Scizor, F
|poke|p1|Sableye, M
|poke|p1|Landorus-Therian, M
|poke|p1|Vaporeon, M
|poke|p2|Politoed, M
|poke|p2|Swampert, M
|poke|p2|Kingdra, M
|poke|p2|Klefki, F
|poke|p2|Thundurus, M
|poke|p2|Breloom, M
|rule|Swagger Clause: Swagger is banned
|rule|Baton Pass Clause: Limit one PokÃ©mon knowing Baton Pass
|rule|Sleep Clause Mod: Limit one foe put to sleep
|rule|Species Clause: Limit one of each PokÃ©mon
|rule|OHKO Clause: OHKO moves are banned
|rule|Moody Clause: Moody is banned
|rule|Evasion Moves Clause: Evasion moves are banned
|rule|Endless Battle Clause: Forcing endless battles is banned
|rule|HP Percentage Mod: HP is shown in percentages
|teampreview
|
|start
|switch|p1a: Vaporeon|Vaporeon, M|451\/451
|switch|p2a: Thundurus|Thundurus, M|299\/299
|turn|1
|
|move|p2a: Thundurus|Knock Off|p1a: Vaporeon
|-damage|p1a: Vaporeon|334\/451
|-enditem|p1a: Vaporeon|Leftovers|[from] move: Knock Off|[of] p2a: Thundurus
|-damage|p2a: Thundurus|270\/299|[from] item: Life Orb
|move|p1a: Vaporeon|Scald|p2a: Thundurus
|-damage|p2a: Thundurus|132\/299
|
|turn|2
|
|switch|p1a: Landorus-Therian|Landorus-Therian, M|380\/380
|-ability|p1a: Landorus-Therian|Intimidate|[of] p2a: Thundurus
|-unboost|p2a: Thundurus|atk|1
|-boost|p2a: Thundurus|atk|2|[from] ability: Defiant
|move|p2a: Thundurus|Thunderbolt|p1a: Landorus-Therian
|-immune|p1a: Landorus-Therian|[msg]
|
|turn|3
|
|switch|p1a: Sableye|Sableye, M|304\/304
|move|p2a: Thundurus|Hidden Power|p1a: Sableye
|-damage|p1a: Sableye|186\/304
|-damage|p2a: Thundurus|103\/299|[from] item: Life Orb
|
|turn|4
|
|switch|p2a: Politoed|Politoed, M|383\/383
|-weather|RainDance
|detailschange|p1a: Sableye|Sableye-Mega, M
|-mega|p1a: Sableye|Sableye|Sablenite
|move|p1a: Sableye|Recover|p1a: Sableye
|-heal|p1a: Sableye|304\/304
|
|-weather|RainDance|[upkeep]
|turn|5
|
|switch|p2a: Kingdra|Kingdra, M|291\/291
|move|p1a: Sableye|Will-O-Wisp|p2a: Kingdra|[miss]
|-miss|p1a: Sableye|p2a: Kingdra
|
|-weather|RainDance|[upkeep]
|turn|6
|
|move|p2a: Kingdra|Waterfall|p1a: Sableye
|-damage|p1a: Sableye|183\/304
|-damage|p2a: Kingdra|262\/291|[from] item: Life Orb
|move|p1a: Sableye|Shadow Ball|p2a: Kingdra
|-damage|p2a: Kingdra|169\/291
|
|-weather|RainDance|[upkeep]
|turn|7
|
|move|p2a: Kingdra|Draco Meteor|p1a: Sableye
|-damage|p1a: Sableye|0 fnt
|-unboost|p2a: Kingdra|spa|2
|-damage|p2a: Kingdra|140\/291|[from] item: Life Orb
|faint|p1a: Sableye
|
|-weather|RainDance|[upkeep]
|
|switch|p1a: Vaporeon|Vaporeon, M|334\/451
|turn|8
|
|switch|p2a: Breloom|Breloom, M|264\/264
|move|p1a: Vaporeon|Scald|p2a: Breloom
|-resisted|p2a: Breloom
|-damage|p2a: Breloom|153\/264
|
|-weather|RainDance|[upkeep]
|-status|p2a: Breloom|tox|[from] item: Toxic Orb
|turn|9
|
|move|p2a: Breloom|Seed Bomb|p1a: Vaporeon
|-supereffective|p1a: Vaporeon
|-damage|p1a: Vaporeon|10\/451
|move|p1a: Vaporeon|Scald|p2a: Breloom
|-crit|p2a: Breloom
|-resisted|p2a: Breloom
|-damage|p2a: Breloom|0 fnt
|faint|p2a: Breloom
|
|-weather|RainDance|[upkeep]
|
|switch|p2a: Thundurus|Thundurus, M|103\/299
|turn|10
|
|move|p2a: Thundurus|Knock Off|p1a: Vaporeon
|-damage|p1a: Vaporeon|0 fnt
|-damage|p2a: Thundurus|74\/299|[from] item: Life Orb
|faint|p1a: Vaporeon
|
|-weather|RainDance|[upkeep]
|
|switch|p1a: Hydreigon|Hydreigon, F|325\/325
|turn|11
|
|move|p1a: Hydreigon|Dark Pulse|p2a: Thundurus
|-damage|p2a: Thundurus|0 fnt
|faint|p2a: Thundurus
|
|-weather|none
|
|switch|p2a: Klefki|Klefki, F|317\/317
|turn|12
|
|switch|p1a: Landorus-Therian|Landorus-Therian, M|380\/380
|-ability|p1a: Landorus-Therian|Intimidate|[of] p2a: Klefki
|-unboost|p2a: Klefki|atk|1
|move|p2a: Klefki|Rain Dance|p2a: Klefki
|-weather|RainDance
|
|-weather|RainDance|[upkeep]
|turn|13
|c|âkianann1988|scarf hydreigon
|c|âSuckerforMetal|Nope
|c|âkianann1988|u surely choice
|join|Herobrowne
|
|move|p1a: Landorus-Therian|Earthquake|p2a: Klefki
|-supereffective|p2a: Klefki
|-damage|p2a: Klefki|45\/317
|move|p2a: Klefki|Foul Play|p1a: Landorus-Therian
|-damage|p1a: Landorus-Therian|292\/380
|
|-weather|RainDance|[upkeep]
|-heal|p1a: Landorus-Therian|315\/380|[from] item: Leftovers
|turn|14
|
|move|p1a: Landorus-Therian|Stealth Rock|p2a: Klefki
|-sidestart|p2: kianann1988|move: Stealth Rock
|move|p2a: Klefki|Foul Play|p1a: Landorus-Therian
|-damage|p1a: Landorus-Therian|232\/380
|
|-weather|RainDance|[upkeep]
|-heal|p1a: Landorus-Therian|255\/380|[from] item: Leftovers
|turn|15
|
|move|p1a: Landorus-Therian|Earthquake|p2a: Klefki
|-supereffective|p2a: Klefki
|-damage|p2a: Klefki|0 fnt
|faint|p2a: Klefki
|
|-weather|RainDance|[upkeep]
|-heal|p1a: Landorus-Therian|278\/380|[from] item: Leftovers
|
|switch|p2a: Kingdra|Kingdra, M|140\/291
|-damage|p2a: Kingdra|104\/291|[from] Stealth Rock
|turn|16
|
|move|p2a: Kingdra|Waterfall|p1a: Landorus-Therian
|-supereffective|p1a: Landorus-Therian
|-damage|p1a: Landorus-Therian|0 fnt
|-damage|p2a: Kingdra|75\/291|[from] item: Life Orb
|faint|p1a: Landorus-Therian
|
|-weather|RainDance|[upkeep]
|
|switch|p1a: Scizor|Scizor, F|340\/340
|turn|17
|
|move|p1a: Scizor|Bullet Punch|p2a: Kingdra
|-resisted|p2a: Kingdra
|-damage|p2a: Kingdra|0 fnt
|faint|p2a: Kingdra
|
|-weather|RainDance|[upkeep]
|
|switch|p2a: Swampert|Swampert, M|341\/341
|-damage|p2a: Swampert|320\/341|[from] Stealth Rock
|turn|18
|
|switch|p1a: Gengar|Gengar, F, shiny|261\/261
|detailschange|p2a: Swampert|Swampert-Mega, M
|-mega|p2a: Swampert|Swampert|Swampertite
|move|p2a: Swampert|Waterfall|p1a: Gengar
|-damage|p1a: Gengar|0 fnt
|faint|p1a: Gengar
|
|-weather|RainDance|[upkeep]
|
|switch|p1a: Scizor|Scizor, F|340\/340
|turn|19
|
|move|p2a: Swampert|Waterfall|p1a: Scizor
|-crit|p1a: Scizor
|-damage|p1a: Scizor|0 fnt
|faint|p1a: Scizor
|
|-weather|none
|c|âSuckerforMetal|Fuck
|
|switch|p1a: Hydreigon|Hydreigon, F|325\/325
|turn|20
|
|switch|p2a: Politoed|Politoed, M|383\/383
|-damage|p2a: Politoed|336\/383|[from] Stealth Rock
|-weather|RainDance
|move|p1a: Hydreigon|Draco Meteor|p2a: Politoed
|-damage|p2a: Politoed|71\/383
|-unboost|p1a: Hydreigon|spa|2
|
|-weather|RainDance|[upkeep]
|turn|21
|c|âSuckerforMetal|Fuck
|
|move|p1a: Hydreigon|Draco Meteor|p2a: Politoed
|-damage|p2a: Politoed|0 fnt
|-unboost|p1a: Hydreigon|spa|2
|faint|p2a: Politoed
|
|-weather|RainDance|[upkeep]
|c|âkianann1988|scarf
|
|switch|p2a: Swampert|Swampert-Mega, M|320\/341
|-damage|p2a: Swampert|299\/341|[from] Stealth Rock
|turn|22
|c|âSuckerforMetal|Nope
|
|move|p2a: Swampert|Ice Punch|p1a: Hydreigon
|-supereffective|p1a: Hydreigon
|-damage|p1a: Hydreigon|67\/325
|move|p1a: Hydreigon|Draco Meteor|p2a: Swampert
|-damage|p2a: Swampert|221\/341
|-unboost|p1a: Hydreigon|spa|2
|
|-weather|RainDance|[upkeep]
|turn|23
|c|âkianann1988|specs
|-message|SuckerforMetal forfeited.
|
|win|kianann1988
|raw|Ladder updating...
|leave|SuckerforMetal
|player|p1
|raw|SuckerforMetal's rating: 1321 &rarr; <strong>1298<\/strong><br \/>(-23 for losing)
|raw|kianann1988's rating: 1267 &rarr; <strong>1296<\/strong><br \/>(+29 for winning)