|join|SuckerforMetal
|join|Fer1est
|player|p1|SuckerforMetal|101
|player|p2|Fer1est|65
|gametype|singles
|gen|6
|tier|OU
|rated
|clearpoke
|poke|p1|Gengar, M, shiny
|poke|p1|Hydreigon, M
|poke|p1|Scizor, F
|poke|p1|Starmie
|poke|p1|Lopunny, F, shiny
|poke|p1|Gliscor, F
|poke|p2|Swampert, M
|poke|p2|Politoed, M
|poke|p2|Manaphy
|poke|p2|Celebi
|poke|p2|Scizor, F
|poke|p2|Klefki, F
|rule|Swagger Clause: Swagger is banned
|rule|Baton Pass Clause: Limit one PokÃ©mon knowing Baton Pass
|rule|Sleep Clause Mod: Limit one foe put to sleep
|rule|Species Clause: Limit one of each PokÃ©mon
|rule|OHKO Clause: OHKO moves are banned
|rule|Moody Clause: Moody is banned
|rule|Evasion Moves Clause: Evasion moves are banned
|rule|Endless Battle Clause: Forcing endless battles is banned
|rule|HP Percentage Mod: HP is shown in percentages
|teampreview
|
|start
|switch|p1a: Lopunny|Lopunny, F, shiny|271\/271
|switch|p2a: Rainbow|Politoed, M|384\/384
|-weather|RainDance
|turn|1
|
|switch|p2a: Scizor|Scizor, F|344\/344
|detailschange|p1a: Lopunny|Lopunny-Mega, F, shiny
|-mega|p1a: Lopunny|Lopunny|Lopunnite
|move|p1a: Lopunny|Fake Out|p2a: Scizor
|-resisted|p2a: Scizor
|-damage|p2a: Scizor|308\/344
|
|-weather|RainDance|[upkeep]
|turn|2
|
|move|p1a: Lopunny|High Jump Kick|p2a: Scizor
|-damage|p2a: Scizor|82\/344
|move|p2a: Scizor|U-turn|p1a: Lopunny
|-resisted|p1a: Lopunny
|-damage|p1a: Lopunny|156\/271
|
|switch|p2a: Klefki|Klefki, F|318\/318
|
|-weather|RainDance|[upkeep]
|turn|3
|
|switch|p1a: Gliscor|Gliscor, F|352\/352
|move|p2a: Klefki|Reflect|p2a: Klefki
|-sidestart|p2: Fer1est|Reflect
|
|-weather|RainDance|[upkeep]
|-status|p1a: Gliscor|tox|[from] item: Toxic Orb
|turn|4
|
|move|p2a: Klefki|Spikes|p1a: Gliscor
|-sidestart|p1: SuckerforMetal|Spikes
|move|p1a: Gliscor|Stealth Rock|p2a: Klefki
|-sidestart|p2: Fer1est|move: Stealth Rock
|
|-weather|RainDance|[upkeep]
|turn|5
|
|move|p2a: Klefki|Spikes|p1a: Gliscor
|-sidestart|p1: SuckerforMetal|Spikes
|move|p1a: Gliscor|Earthquake|p2a: Klefki
|-supereffective|p2a: Klefki
|-damage|p2a: Klefki|230\/318
|
|-weather|RainDance|[upkeep]
|turn|6
|
|switch|p2a: Nessie|Swampert, M|342\/342
|-damage|p2a: Nessie|321\/342|[from] Stealth Rock
|move|p1a: Gliscor|Toxic|p2a: Nessie
|-status|p2a: Nessie|tox
|
|-weather|RainDance|[upkeep]
|-damage|p2a: Nessie|300\/342 tox|[from] psn
|turn|7
|
|switch|p1a: Hydreigon|Hydreigon, M|325\/325
|detailschange|p2a: Nessie|Swampert-Mega, M
|-mega|p2a: Nessie|Swampert|Swampertite
|move|p2a: Nessie|Waterfall|p1a: Hydreigon
|-resisted|p1a: Hydreigon
|-damage|p1a: Hydreigon|182\/325
|
|-weather|RainDance|[upkeep]
|-damage|p2a: Nessie|258\/342 tox|[from] psn
|turn|8
|
|switch|p2a: Klefki|Klefki, F|230\/318
|-damage|p2a: Klefki|211\/318|[from] Stealth Rock
|move|p1a: Hydreigon|Dark Pulse|p2a: Klefki
|-resisted|p2a: Klefki
|-damage|p2a: Klefki|134\/318
|
|-weather|none
|turn|9
|
|switch|p1a: Gliscor|Gliscor, F|352\/352 tox
|move|p2a: Klefki|Spikes|p1a: Gliscor
|-sidestart|p1: SuckerforMetal|Spikes
|
|turn|10
|
|move|p2a: Klefki|Rain Dance|p2a: Klefki
|-weather|RainDance
|move|p1a: Gliscor|Earthquake|p2a: Klefki
|-supereffective|p2a: Klefki
|-damage|p2a: Klefki|43\/318
|
|-weather|RainDance|[upkeep]
|-sideend|p2: Fer1est|Reflect
|turn|11
|
|switch|p1a: Hydreigon|Hydreigon, M|182\/325
|move|p2a: Klefki|Reflect|p2a: Klefki
|-sidestart|p2: Fer1est|Reflect
|
|-weather|RainDance|[upkeep]
|turn|12
|
|switch|p1a: Gliscor|Gliscor, F|352\/352 tox
|move|p2a: Klefki|Thunder Wave|p1a: Gliscor
|-immune|p1a: Gliscor|[msg]
|
|-weather|RainDance|[upkeep]
|turn|13
|
|switch|p2a: Nessie|Swampert-Mega, M|258\/342 tox
|-damage|p2a: Nessie|237\/342 tox|[from] Stealth Rock
|move|p1a: Gliscor|Earthquake|p2a: Nessie
|-damage|p2a: Nessie|181\/342 tox
|
|-weather|RainDance|[upkeep]
|-damage|p2a: Nessie|160\/342 tox|[from] psn
|turn|14
|
|switch|p1a: Hydreigon|Hydreigon, M|182\/325
|move|p2a: Nessie|Waterfall|p1a: Hydreigon
|-resisted|p1a: Hydreigon
|-damage|p1a: Hydreigon|30\/325
|
|-weather|none
|-damage|p2a: Nessie|118\/342 tox|[from] psn
|turn|15
|
|move|p1a: Hydreigon|Dark Pulse|p2a: Nessie
|-damage|p2a: Nessie|0 fnt
|faint|p2a: Nessie
|
|
|switch|p2a: Scizor|Scizor, F|82\/344
|-damage|p2a: Scizor|39\/344|[from] Stealth Rock
|turn|16
|
|move|p2a: Scizor|Bullet Punch|p1a: Hydreigon
|-crit|p1a: Hydreigon
|-damage|p1a: Hydreigon|0 fnt
|faint|p1a: Hydreigon
|
|
|switch|p1a: Gliscor|Gliscor, F|352\/352 tox
|turn|17
|
|switch|p2a: Rainbow|Politoed, M|384\/384
|-damage|p2a: Rainbow|336\/384|[from] Stealth Rock
|-weather|RainDance
|move|p1a: Gliscor|Toxic|p2a: Rainbow
|-status|p2a: Rainbow|tox
|
|-weather|RainDance|[upkeep]
|-damage|p2a: Rainbow|312\/384 tox|[from] psn
|turn|18
|
|switch|p2a: Unleashed|Manaphy|404\/404
|-damage|p2a: Unleashed|354\/404|[from] Stealth Rock
|move|p1a: Gliscor|Roost|p1a: Gliscor
|-fail|p1a: Gliscor
|
|-weather|RainDance|[upkeep]
|-heal|p2a: Unleashed|379\/404|[from] item: Leftovers
|-sideend|p2: Fer1est|Reflect
|turn|19
|
|move|p1a: Gliscor|Toxic|p2a: Unleashed
|-status|p2a: Unleashed|tox
|move|p2a: Unleashed|Tail Glow|p2a: Unleashed
|-boost|p2a: Unleashed|spa|3
|
|-weather|RainDance|[upkeep]
|-curestatus|p2a: Unleashed|tox
|-heal|p2a: Unleashed|404\/404|[from] item: Leftovers
|turn|20
|c|âSuckerforMetal|F
|c|âSuckerforMetal|fuck
|
|move|p1a: Gliscor|Earthquake|p2a: Unleashed
|-damage|p2a: Unleashed|289\/404
|move|p2a: Unleashed|Scald|p1a: Gliscor
|-supereffective|p1a: Gliscor
|-damage|p1a: Gliscor|0 fnt
|faint|p1a: Gliscor
|
|-weather|RainDance|[upkeep]
|-heal|p2a: Unleashed|314\/404|[from] item: Leftovers
|
|switch|p1a: Lopunny|Lopunny-Mega, F, shiny|156\/271
|-damage|p1a: Lopunny|89\/271|[from] Spikes
|turn|21
|
|move|p1a: Lopunny|Fake Out|p2a: Unleashed
|-damage|p2a: Unleashed|236\/404
|cant|p2a: Unleashed|flinch
|
|-weather|RainDance|[upkeep]
|-heal|p2a: Unleashed|261\/404|[from] item: Leftovers
|turn|22
|
|move|p1a: Lopunny|High Jump Kick|p2a: Unleashed
|-damage|p2a: Unleashed|29\/404
|move|p2a: Unleashed|Rest|p2a: Unleashed
|-status|p2a: Unleashed|slp
|-heal|p2a: Unleashed|404\/404 slp|[silent]
|-status|p2a: Unleashed|slp|[from] move: Rest
|
|-weather|RainDance|[upkeep]
|-curestatus|p2a: Unleashed|slp
|turn|23
|c|âSuckerforMetal|Wtf
|
|move|p1a: Lopunny|High Jump Kick|p2a: Unleashed
|-crit|p2a: Unleashed
|-damage|p2a: Unleashed|55\/404
|move|p2a: Unleashed|Scald|p1a: Lopunny
|-damage|p1a: Lopunny|0 fnt
|faint|p1a: Lopunny
|
|-weather|RainDance|[upkeep]
|-heal|p2a: Unleashed|80\/404|[from] item: Leftovers
|
|switch|p1a: Starmie|Starmie|261\/261
|-damage|p1a: Starmie|196\/261|[from] Spikes
|turn|24
|
|move|p1a: Starmie|Psyshock|p2a: Unleashed
|-crit|p2a: Unleashed
|-damage|p2a: Unleashed|0 fnt
|-damage|p1a: Starmie|170\/261|[from] item: Life Orb
|faint|p2a: Unleashed
|
|-weather|none
|
|switch|p2a: Klefki|Klefki, F|43\/318
|-damage|p2a: Klefki|24\/318|[from] Stealth Rock
|turn|25
|
|move|p2a: Klefki|Thunder Wave|p1a: Starmie
|-status|p1a: Starmie|par
|move|p1a: Starmie|Psyshock|p2a: Klefki
|-resisted|p2a: Klefki
|-damage|p2a: Klefki|0 fnt
|-damage|p1a: Starmie|144\/261 par|[from] item: Life Orb
|faint|p2a: Klefki
|
|
|switch|p2a: Celebi|Celebi|396\/396
|-damage|p2a: Celebi|347\/396|[from] Stealth Rock
|turn|26
|
|switch|p1a: Scizor|Scizor, F|337\/337
|-damage|p1a: Scizor|253\/337|[from] Spikes
|move|p2a: Celebi|Earth Power|p1a: Scizor
|-damage|p1a: Scizor|152\/337
|
|-heal|p2a: Celebi|371\/396|[from] item: Leftovers
|turn|27
|
|move|p2a: Celebi|Earth Power|p1a: Scizor
|-damage|p1a: Scizor|58\/337
|move|p1a: Scizor|Pursuit|p2a: Celebi
|-supereffective|p2a: Celebi
|-damage|p2a: Celebi|155\/396
|
|-heal|p2a: Celebi|179\/396|[from] item: Leftovers
|turn|28
|
|switch|p1a: Gengar|Gengar, M, shiny|259\/259
|move|p2a: Celebi|Recover|p2a: Celebi
|-heal|p2a: Celebi|377\/396
|
|-heal|p2a: Celebi|396\/396|[from] item: Leftovers
|turn|29
|
|move|p1a: Gengar|Substitute|p1a: Gengar
|-start|p1a: Gengar|Substitute
|-damage|p1a: Gengar|195\/259
|move|p2a: Celebi|Nasty Plot|p2a: Celebi
|-boost|p2a: Celebi|spa|2
|
|-heal|p1a: Gengar|211\/259|[from] item: Black Sludge
|turn|30
|
|move|p1a: Gengar|Shadow Ball|p2a: Celebi
|-supereffective|p2a: Celebi
|-damage|p2a: Celebi|142\/396
|move|p2a: Celebi|Baton Pass|p2a: Celebi
|
|switch|p2a: Rainbow|Politoed, M|312\/384 tox
|-damage|p2a: Rainbow|264\/384 tox|[from] Stealth Rock
|-weather|RainDance
|
|-weather|RainDance|[upkeep]
|-heal|p1a: Gengar|227\/259|[from] item: Black Sludge
|-damage|p2a: Rainbow|240\/384 tox|[from] psn
|turn|31
|
|move|p1a: Gengar|Sludge Wave|p2a: Rainbow
|-damage|p2a: Rainbow|108\/384 tox
|move|p2a: Rainbow|Scald|p1a: Gengar
|-end|p1a: Gengar|Substitute
|
|-weather|RainDance|[upkeep]
|-heal|p1a: Gengar|243\/259|[from] item: Black Sludge
|-damage|p2a: Rainbow|60\/384 tox|[from] psn
|turn|32
|
|move|p1a: Gengar|Disable|p2a: Rainbow
|-start|p2a: Rainbow|Disable|Scald
|cant|p2a: Rainbow|Disable|Scald
|
|-weather|RainDance|[upkeep]
|-heal|p1a: Gengar|259\/259|[from] item: Black Sludge
|-damage|p2a: Rainbow|0 fnt|[from] psn
|faint|p2a: Rainbow
|c|âFer1est|gg
|-message|Fer1est forfeited.
|
|win|SuckerforMetal
|raw|Ladder updating...
|leave|Fer1est
|player|p2
|raw|SuckerforMetal's rating: 1611 &rarr; <strong>1631<\/strong><br \/>(+20 for winning)
|raw|Fer1est's rating: 1610 &rarr; <strong>1590<\/strong><br \/>(-20 for losing)