|join|SuckerforMetal
|join|Australiano
|player|p1|SuckerforMetal|102
|player|p2|Australiano|102
|gametype|singles
|gen|6
|tier|OU
|rated
|clearpoke
|poke|p1|Gengar, M, shiny
|poke|p1|Hydreigon, M
|poke|p1|Scizor, F
|poke|p1|Sableye, F
|poke|p1|Landorus-Therian, M
|poke|p1|Vaporeon, F
|poke|p2|Gardevoir, F
|poke|p2|Keldeo
|poke|p2|Ferrothorn, M
|poke|p2|Landorus-Therian, M
|poke|p2|Latios, M
|poke|p2|Heatran, F
|rule|Swagger Clause: Swagger is banned
|rule|Baton Pass Clause: Limit one PokÃ©mon knowing Baton Pass
|rule|Sleep Clause Mod: Limit one foe put to sleep
|rule|Species Clause: Limit one of each PokÃ©mon
|rule|OHKO Clause: OHKO moves are banned
|rule|Moody Clause: Moody is banned
|rule|Evasion Moves Clause: Evasion moves are banned
|rule|Endless Battle Clause: Forcing endless battles is banned
|rule|HP Percentage Mod: HP is shown in percentages
|teampreview
|c|âAustraliano|good luck man
|join|TwiiXxToTheTop
|
|start
|switch|p1a: Gengar|Gengar, M, shiny|259\/259
|switch|p2a: Keldeo|Keldeo|323\/323
|turn|1
|
|switch|p1a: Vaporeon|Vaporeon, F|451\/451
|move|p2a: Keldeo|Icy Wind|p1a: Vaporeon
|-resisted|p1a: Vaporeon
|-damage|p1a: Vaporeon|422\/451
|-unboost|p1a: Vaporeon|spe|1
|
|-heal|p1a: Vaporeon|450\/451|[from] item: Leftovers
|turn|2
|
|switch|p2a: Ferrothorn|Ferrothorn, M|352\/352
|switch|p1a: Sableye|Sableye, F|303\/303
|
|turn|3
|
|switch|p2a: Heatran|Heatran, F|323\/323
|detailschange|p1a: Sableye|Sableye-Mega, F
|-mega|p1a: Sableye|Sableye|Sablenite
|move|p1a: Sableye|Calm Mind|p1a: Sableye
|-boost|p1a: Sableye|spa|1
|-boost|p1a: Sableye|spd|1
|
|turn|4
|
|switch|p2a: Gardevoir|Gardevoir, F|277\/277
|-ability|p2a: Gardevoir|Magic Bounce|[from] ability: Trace|[of] p1a: Sableye
|move|p1a: Sableye|Calm Mind|p1a: Sableye
|-boost|p1a: Sableye|spa|1
|-boost|p1a: Sableye|spd|1
|
|turn|5
|
|detailschange|p2a: Gardevoir|Gardevoir-Mega, F
|-mega|p2a: Gardevoir|Gardevoir|Gardevoirite
|move|p2a: Gardevoir|Hyper Voice|p1a: Sableye
|-supereffective|p1a: Sableye
|-damage|p1a: Sableye|75\/303
|move|p1a: Sableye|Shadow Ball|p2a: Gardevoir
|-supereffective|p2a: Gardevoir
|-damage|p2a: Gardevoir|41\/277
|
|turn|6
|
|switch|p1a: Scizor|Scizor, F|337\/337
|move|p2a: Gardevoir|Hyper Voice|p1a: Scizor
|-resisted|p1a: Scizor
|-damage|p1a: Scizor|182\/337
|
|turn|7
|
|switch|p2a: Heatran|Heatran, F|323\/323
|move|p1a: Scizor|Bullet Punch|p2a: Heatran
|-resisted|p2a: Heatran
|-damage|p2a: Heatran|280\/323
|
|turn|8
|
|switch|p1a: Vaporeon|Vaporeon, F|450\/451
|move|p2a: Heatran|Flamethrower|p1a: Vaporeon
|-resisted|p1a: Vaporeon
|-damage|p1a: Vaporeon|374\/451
|-status|p1a: Vaporeon|brn
|
|-heal|p1a: Vaporeon|402\/451 brn|[from] item: Leftovers
|-damage|p1a: Vaporeon|346\/451 brn|[from] brn
|turn|9
|
|switch|p2a: Keldeo|Keldeo|323\/323
|move|p1a: Vaporeon|Scald|p2a: Keldeo
|-resisted|p2a: Keldeo
|-damage|p2a: Keldeo|265\/323
|
|-heal|p2a: Keldeo|285\/323|[from] item: Leftovers
|-heal|p1a: Vaporeon|374\/451 brn|[from] item: Leftovers
|-damage|p1a: Vaporeon|318\/451 brn|[from] brn
|turn|10
|
|move|p2a: Keldeo|Secret Sword|p1a: Vaporeon
|-damage|p1a: Vaporeon|155\/451 brn
|move|p1a: Vaporeon|Wish|p1a: Vaporeon
|
|-heal|p2a: Keldeo|305\/323|[from] item: Leftovers
|-heal|p1a: Vaporeon|183\/451 brn|[from] item: Leftovers
|-damage|p1a: Vaporeon|127\/451 brn|[from] brn
|turn|11
|
|move|p1a: Vaporeon|Protect|p1a: Vaporeon
|-singleturn|p1a: Vaporeon|Protect
|move|p2a: Keldeo|Scald|p1a: Vaporeon
|-activate|p1a: Vaporeon|Protect
|
|-heal|p1a: Vaporeon|352\/451 brn|[from] move: Wish|[wisher] Vaporeon
|-heal|p2a: Keldeo|323\/323|[from] item: Leftovers
|-heal|p1a: Vaporeon|380\/451 brn|[from] item: Leftovers
|-damage|p1a: Vaporeon|324\/451 brn|[from] brn
|turn|12
|
|move|p2a: Keldeo|Secret Sword|p1a: Vaporeon
|-damage|p1a: Vaporeon|156\/451 brn
|move|p1a: Vaporeon|Wish|p1a: Vaporeon
|
|-heal|p1a: Vaporeon|184\/451 brn|[from] item: Leftovers
|-damage|p1a: Vaporeon|128\/451 brn|[from] brn
|turn|13
|
|move|p1a: Vaporeon|Protect|p1a: Vaporeon
|-singleturn|p1a: Vaporeon|Protect
|move|p2a: Keldeo|Calm Mind|p2a: Keldeo
|-boost|p2a: Keldeo|spa|1
|-boost|p2a: Keldeo|spd|1
|
|-heal|p1a: Vaporeon|353\/451 brn|[from] move: Wish|[wisher] Vaporeon
|-heal|p1a: Vaporeon|381\/451 brn|[from] item: Leftovers
|-damage|p1a: Vaporeon|325\/451 brn|[from] brn
|turn|14
|
|move|p2a: Keldeo|Secret Sword|p1a: Vaporeon
|-damage|p1a: Vaporeon|90\/451 brn
|move|p1a: Vaporeon|Roar|p2a: Keldeo
|drag|p2a: Heatran|Heatran, F|280\/323
|
|-heal|p1a: Vaporeon|118\/451 brn|[from] item: Leftovers
|-damage|p1a: Vaporeon|62\/451 brn|[from] brn
|turn|15
|c|âSuckerforMetal|Fuckin flamethrower burn
|
|move|p2a: Heatran|Overheat|p1a: Vaporeon|[miss]
|-miss|p2a: Heatran|p1a: Vaporeon
|move|p1a: Vaporeon|Wish|p1a: Vaporeon
|
|-heal|p1a: Vaporeon|90\/451 brn|[from] item: Leftovers
|-damage|p1a: Vaporeon|34\/451 brn|[from] brn
|turn|16
|c|âAustraliano|lol
|c|âAustraliano|now you got the lucky shot
|
|switch|p1a: Hydreigon|Hydreigon, M|325\/325
|move|p2a: Heatran|Overheat|p1a: Hydreigon
|-resisted|p1a: Hydreigon
|-damage|p1a: Hydreigon|190\/325
|-unboost|p2a: Heatran|spa|2
|
|-heal|p1a: Hydreigon|325\/325|[from] move: Wish|[wisher] Vaporeon
|turn|17
|
|switch|p1a: Vaporeon|Vaporeon, F|34\/451 brn
|switch|p2a: Latios|Latios, M|301\/301
|
|-heal|p1a: Vaporeon|62\/451 brn|[from] item: Leftovers
|-damage|p1a: Vaporeon|6\/451 brn|[from] brn
|turn|18
|
|move|p2a: Latios|Psyshock|p1a: Vaporeon
|-damage|p1a: Vaporeon|0 fnt
|-damage|p2a: Latios|271\/301|[from] item: Life Orb
|faint|p1a: Vaporeon
|
|
|switch|p1a: Hydreigon|Hydreigon, M|325\/325
|turn|19
|
|switch|p2a: Gardevoir|Gardevoir-Mega, F|41\/277
|move|p1a: Hydreigon|U-turn|p2a: Gardevoir
|-damage|p2a: Gardevoir|0 fnt
|faint|p2a: Gardevoir
|c|âAustraliano|i hate when showdown don't let me change the move xD
|
|switch|p1a: Gengar|Gengar, M, shiny|259\/259
|
|
|switch|p2a: Keldeo|Keldeo|323\/323
|turn|20
|
|switch|p1a: Hydreigon|Hydreigon, M|325\/325
|move|p2a: Keldeo|Icy Wind|p1a: Hydreigon
|-supereffective|p1a: Hydreigon
|-damage|p1a: Hydreigon|191\/325
|-unboost|p1a: Hydreigon|spe|1
|
|turn|21
|
|switch|p1a: Gengar|Gengar, M, shiny|259\/259
|move|p2a: Keldeo|Secret Sword|p1a: Gengar
|-immune|p1a: Gengar|[msg]
|
|turn|22
|
|move|p1a: Gengar|Shadow Ball|p2a: Keldeo
|-damage|p2a: Keldeo|112\/323
|-damage|p1a: Gengar|234\/259|[from] item: Life Orb
|move|p2a: Keldeo|Icy Wind|p1a: Gengar
|-crit|p1a: Gengar
|-damage|p1a: Gengar|101\/259
|-unboost|p1a: Gengar|spe|1
|
|-heal|p2a: Keldeo|132\/323|[from] item: Leftovers
|turn|23
|
|switch|p1a: Hydreigon|Hydreigon, M|191\/325
|move|p2a: Keldeo|Scald|p1a: Hydreigon
|-resisted|p1a: Hydreigon
|-damage|p1a: Hydreigon|110\/325
|
|-heal|p2a: Keldeo|152\/323|[from] item: Leftovers
|turn|24
|
|switch|p2a: Landorus-Therian|Landorus-Therian, M|382\/382
|-ability|p2a: Landorus-Therian|Intimidate|[of] p1a: Hydreigon
|-unboost|p1a: Hydreigon|atk|1
|move|p1a: Hydreigon|Draco Meteor|p2a: Landorus-Therian
|-damage|p2a: Landorus-Therian|109\/382
|-unboost|p1a: Hydreigon|spa|2
|
|-heal|p2a: Landorus-Therian|132\/382|[from] item: Leftovers
|turn|25
|
|switch|p1a: Landorus-Therian|Landorus-Therian, M|381\/381
|-ability|p1a: Landorus-Therian|Intimidate|[of] p2a: Landorus-Therian
|-unboost|p2a: Landorus-Therian|atk|1
|move|p2a: Landorus-Therian|U-turn|p1a: Landorus-Therian
|-resisted|p1a: Landorus-Therian
|-damage|p1a: Landorus-Therian|361\/381
|
|switch|p2a: Latios|Latios, M|271\/301
|
|-heal|p1a: Landorus-Therian|381\/381|[from] item: Leftovers
|turn|26
|
|move|p2a: Latios|Draco Meteor|p1a: Landorus-Therian
|-damage|p1a: Landorus-Therian|0 fnt
|-unboost|p2a: Latios|spa|2
|-damage|p2a: Latios|241\/301|[from] item: Life Orb
|faint|p1a: Landorus-Therian
|
|
|switch|p1a: Hydreigon|Hydreigon, M|110\/325
|turn|27
|
|switch|p2a: Landorus-Therian|Landorus-Therian, M|132\/382
|-ability|p2a: Landorus-Therian|Intimidate|[of] p1a: Hydreigon
|-unboost|p1a: Hydreigon|atk|1
|move|p1a: Hydreigon|Dark Pulse|p2a: Landorus-Therian
|-damage|p2a: Landorus-Therian|0 fnt
|faint|p2a: Landorus-Therian
|
|
|switch|p2a: Keldeo|Keldeo|152\/323
|turn|28
|
|switch|p1a: Scizor|Scizor, F|182\/337
|move|p2a: Keldeo|Icy Wind|p1a: Scizor
|-resisted|p1a: Scizor
|-damage|p1a: Scizor|143\/337
|-unboost|p1a: Scizor|spe|1
|
|-heal|p2a: Keldeo|172\/323|[from] item: Leftovers
|turn|29
|
|move|p1a: Scizor|Bullet Punch|p2a: Keldeo
|-resisted|p2a: Keldeo
|-damage|p2a: Keldeo|70\/323
|move|p2a: Keldeo|Scald|p1a: Scizor
|-damage|p1a: Scizor|0 fnt
|faint|p1a: Scizor
|
|-heal|p2a: Keldeo|90\/323|[from] item: Leftovers
|
|switch|p1a: Gengar|Gengar, M, shiny|101\/259
|turn|30
|
|move|p1a: Gengar|Shadow Ball|p2a: Keldeo
|-crit|p2a: Keldeo
|-damage|p2a: Keldeo|0 fnt
|-damage|p1a: Gengar|76\/259|[from] item: Life Orb
|faint|p2a: Keldeo
|
|
|switch|p2a: Heatran|Heatran, F|280\/323
|turn|31
|
|move|p2a: Heatran|Flash Cannon|p1a: Gengar
|-damage|p1a: Gengar|0 fnt
|faint|p1a: Gengar
|
|
|switch|p1a: Hydreigon|Hydreigon, M|110\/325
|turn|32
|c|âSuckerforMetal|Ok i didn't expect that
|
|switch|p2a: Ferrothorn|Ferrothorn, M|352\/352
|move|p1a: Hydreigon|Dark Pulse|p2a: Ferrothorn
|-damage|p2a: Ferrothorn|237\/352
|
|-heal|p2a: Ferrothorn|259\/352|[from] item: Leftovers
|turn|33
|c|âAustraliano|it's not over yet anyway
|c|âSuckerforMetal|Yes it is
|c|âSuckerforMetal|That flame thrower burn changed every thing
|
|switch|p1a: Sableye|Sableye-Mega, F|75\/303
|move|p2a: Ferrothorn|Gyro Ball|p1a: Sableye
|-damage|p1a: Sableye|44\/303
|
|-heal|p2a: Ferrothorn|281\/352|[from] item: Leftovers
|turn|34
|
|switch|p2a: Latios|Latios, M|241\/301
|move|p1a: Sableye|Recover|p1a: Sableye
|-heal|p1a: Sableye|196\/303
|
|turn|35
|
|switch|p1a: Hydreigon|Hydreigon, M|110\/325
|move|p2a: Latios|Draco Meteor|p1a: Hydreigon
|-supereffective|p1a: Hydreigon
|-damage|p1a: Hydreigon|0 fnt
|-unboost|p2a: Latios|spa|2
|-damage|p2a: Latios|211\/301|[from] item: Life Orb
|faint|p1a: Hydreigon
|
|c|âAustraliano|i think you win this
|
|switch|p1a: Sableye|Sableye-Mega, F|196\/303
|turn|36
|c|âSuckerforMetal|You thought I had earth power but I didnt
|
|switch|p2a: Heatran|Heatran, F|280\/323
|move|p1a: Sableye|Recover|p1a: Sableye
|-heal|p1a: Sableye|303\/303
|
|turn|37
|c|âAustraliano|but i couldn't scout that
|
|move|p2a: Heatran|Flamethrower|p1a: Sableye
|-damage|p1a: Sableye|153\/303
|move|p1a: Sableye|Calm Mind|p1a: Sableye
|-boost|p1a: Sableye|spa|1
|-boost|p1a: Sableye|spd|1
|
|turn|38
|c| TwiiXxToTheTop|you need a crit
|c|âAustraliano|yeah
|
|move|p2a: Heatran|Flamethrower|p1a: Sableye
|-damage|p1a: Sableye|51\/303
|move|p1a: Sableye|Recover|p1a: Sableye
|-heal|p1a: Sableye|203\/303
|
|turn|39
|c| TwiiXxToTheTop|or burn
|c|âAustraliano|for the entire match i knew that when the boy ferro entered, i'll have lose
|
|move|p2a: Heatran|Flamethrower|p1a: Sableye
|-damage|p1a: Sableye|106\/303
|move|p1a: Sableye|Calm Mind|p1a: Sableye
|-boost|p1a: Sableye|spa|1
|-boost|p1a: Sableye|spd|1
|
|turn|40
|c| TwiiXxToTheTop|crit
|c| TwiiXxToTheTop|crit
|c|âAustraliano|crit now :D
|c| TwiiXxToTheTop|crit
|
|move|p2a: Heatran|Flamethrower|p1a: Sableye
|-damage|p1a: Sableye|34\/303
|move|p1a: Sableye|Recover|p1a: Sableye
|-heal|p1a: Sableye|186\/303
|
|turn|41
|c| TwiiXxToTheTop|crit
|
|move|p2a: Heatran|Flamethrower|p1a: Sableye
|-damage|p1a: Sableye|110\/303
|move|p1a: Sableye|Recover|p1a: Sableye
|-heal|p1a: Sableye|262\/303
|
|turn|42
|c|âAustraliano|kinda over :D
|
|move|p2a: Heatran|Flamethrower|p1a: Sableye
|-damage|p1a: Sableye|187\/303
|move|p1a: Sableye|Calm Mind|p1a: Sableye
|-boost|p1a: Sableye|spa|1
|-boost|p1a: Sableye|spd|1
|
|turn|43
|c|âAustraliano|i hate this xD
|
|move|p2a: Heatran|Flamethrower|p1a: Sableye
|-damage|p1a: Sableye|132\/303
|move|p1a: Sableye|Recover|p1a: Sableye
|-heal|p1a: Sableye|284\/303
|
|turn|44
|
|move|p2a: Heatran|Flamethrower|p1a: Sableye
|-damage|p1a: Sableye|230\/303
|move|p1a: Sableye|Shadow Ball|p2a: Heatran
|-damage|p2a: Heatran|84\/323
|
|turn|45
|
|move|p2a: Heatran|Flamethrower|p1a: Sableye
|-damage|p1a: Sableye|172\/303
|move|p1a: Sableye|Recover|p1a: Sableye
|-heal|p1a: Sableye|303\/303
|
|turn|46
|
|move|p2a: Heatran|Flamethrower|p1a: Sableye
|-damage|p1a: Sableye|251\/303
|move|p1a: Sableye|Shadow Ball|p2a: Heatran
|-damage|p2a: Heatran|0 fnt
|faint|p2a: Heatran
|
|
|switch|p2a: Latios|Latios, M|211\/301
|turn|47
|
|move|p2a: Latios|Draco Meteor|p1a: Sableye
|-damage|p1a: Sableye|144\/303
|-unboost|p2a: Latios|spa|2
|-damage|p2a: Latios|181\/301|[from] item: Life Orb
|move|p1a: Sableye|Shadow Ball|p2a: Latios
|-supereffective|p2a: Latios
|-damage|p2a: Latios|0 fnt
|faint|p2a: Latios
|
|c|âAustraliano|gg
|
|switch|p2a: Ferrothorn|Ferrothorn, M|281\/352
|turn|48
|
|move|p1a: Sableye|Shadow Ball|p2a: Ferrothorn
|-crit|p2a: Ferrothorn
|-damage|p2a: Ferrothorn|67\/352
|move|p2a: Ferrothorn|Gyro Ball|p1a: Sableye
|-damage|p1a: Sableye|110\/303
|
|-heal|p2a: Ferrothorn|89\/352|[from] item: Leftovers
|turn|49
|c|âSuckerforMetal|Gg
|c|âAustraliano|nice game man
|
|move|p1a: Sableye|Shadow Ball|p2a: Ferrothorn
|-damage|p2a: Ferrothorn|0 fnt
|faint|p2a: Ferrothorn
|
|win|SuckerforMetal
|raw|Ladder updating...
|c|âAustraliano|really nice
|raw|SuckerforMetal's rating: 1401 &rarr; <strong>1424<\/strong><br \/>(+23 for winning)
|raw|Australiano's rating: 1450 &rarr; <strong>1427<\/strong><br \/>(-23 for losing)
|c|âSuckerforMetal|You could've win
|c|âAustraliano|i know, but there was a lot of risk for earth power
|c|âAustraliano|quite common in hydre
|c|âSuckerforMetal|switching to fe to feta thorn won me the game
|c|âAustraliano|absolutely
|raw|<div class="broadcast-blue"><b>You can now ladder on Gen 1 Random Battle, have fun!<\/b><\/div>
|c|âAustraliano|good luck for the next battles
|c|âAustraliano|cya
|c|âSuckerforMetal|Good luck bye
|leave|SuckerforMetal
|player|p1