|join|SuckerforMetal
|join|apokemonkid
|player|p1|SuckerforMetal|101
|player|p2|apokemonkid|129
|gametype|singles
|gen|6
|tier|OU
|rated
|clearpoke
|poke|p1|Gengar, M, shiny
|poke|p1|Hydreigon, M
|poke|p1|Scizor, M
|poke|p1|Starmie
|poke|p1|Lopunny, M, shiny
|poke|p1|Gliscor, F
|poke|p2|Talonflame, F
|poke|p2|Metagross
|poke|p2|Crawdaunt, F
|poke|p2|Empoleon, F
|poke|p2|Gliscor, F
|poke|p2|Sylveon, F
|rule|Swagger Clause: Swagger is banned
|rule|Baton Pass Clause: Limit one PokÃ©mon knowing Baton Pass
|rule|Sleep Clause Mod: Limit one foe put to sleep
|rule|Species Clause: Limit one of each PokÃ©mon
|rule|OHKO Clause: OHKO moves are banned
|rule|Moody Clause: Moody is banned
|rule|Evasion Moves Clause: Evasion moves are banned
|rule|Endless Battle Clause: Forcing endless battles is banned
|rule|HP Percentage Mod: HP is shown in percentages
|teampreview
|
|start
|switch|p1a: Gliscor|Gliscor, F|352\/352
|switch|p2a: Gliscor|Gliscor, F|353\/353
|turn|1
|
|move|p2a: Gliscor|Protect|p2a: Gliscor
|-singleturn|p2a: Gliscor|Protect
|move|p1a: Gliscor|Stealth Rock|p2a: Gliscor
|-sidestart|p2: apokemonkid|move: Stealth Rock
|
|-status|p2a: Gliscor|tox|[from] item: Toxic Orb
|-status|p1a: Gliscor|tox|[from] item: Toxic Orb
|turn|2
|
|switch|p2a: Crawdaunt|Crawdaunt, F|329\/329
|-damage|p2a: Crawdaunt|288\/329|[from] Stealth Rock
|switch|p1a: Hydreigon|Hydreigon, M|325\/325
|
|turn|3
|
|switch|p2a: Empoleon|Empoleon, F|372\/372
|-damage|p2a: Empoleon|349\/372|[from] Stealth Rock
|move|p1a: Hydreigon|U-turn|p2a: Empoleon
|-resisted|p2a: Empoleon
|-damage|p2a: Empoleon|328\/372
|
|switch|p1a: Lopunny|Lopunny, M, shiny|271\/271
|
|-heal|p2a: Empoleon|351\/372|[from] item: Leftovers
|turn|4
|
|switch|p2a: Gliscor|Gliscor, F|353\/353 tox
|-damage|p2a: Gliscor|309\/353 tox|[from] Stealth Rock
|detailschange|p1a: Lopunny|Lopunny-Mega, M, shiny
|-mega|p1a: Lopunny|Lopunny|Lopunnite
|move|p1a: Lopunny|Ice Punch|p2a: Gliscor
|-supereffective|p2a: Gliscor
|-damage|p2a: Gliscor|85\/353 tox
|
|-heal|p2a: Gliscor|129\/353 tox|[from] ability: Poison Heal
|turn|5
|
|move|p2a: Gliscor|Protect|p2a: Gliscor
|-singleturn|p2a: Gliscor|Protect
|move|p1a: Lopunny|Ice Punch|p2a: Gliscor
|-activate|p2a: Gliscor|Protect
|
|-heal|p2a: Gliscor|173\/353 tox|[from] ability: Poison Heal
|turn|6
|
|switch|p2a: Metagross|Metagross|301\/301
|-damage|p2a: Metagross|283\/301|[from] Stealth Rock
|move|p1a: Lopunny|Ice Punch|p2a: Metagross
|-resisted|p2a: Metagross
|-damage|p2a: Metagross|244\/301
|
|turn|7
|
|switch|p1a: Scizor|Scizor, M|337\/337
|detailschange|p2a: Metagross|Metagross-Mega
|-mega|p2a: Metagross|Metagross|Metagrossite
|move|p2a: Metagross|Meteor Mash|p1a: Scizor
|-resisted|p1a: Scizor
|-damage|p1a: Scizor|229\/337
|-boost|p2a: Metagross|atk|1
|
|turn|8
|
|move|p2a: Metagross|Zen Headbutt|p1a: Scizor
|-resisted|p1a: Scizor
|-damage|p1a: Scizor|84\/337
|move|p1a: Scizor|Pursuit|p2a: Metagross
|-supereffective|p2a: Metagross
|-damage|p2a: Metagross|82\/301
|
|turn|9
|
|switch|p1a: Starmie|Starmie|261\/261
|move|p2a: Metagross|Meteor Mash|p1a: Starmie
|-resisted|p1a: Starmie
|-damage|p1a: Starmie|54\/261
|
|turn|10
|
|move|p2a: Metagross|Bullet Punch|p1a: Starmie
|-resisted|p1a: Starmie
|-damage|p1a: Starmie|0 fnt
|faint|p1a: Starmie
|
|
|switch|p1a: Hydreigon|Hydreigon, M|325\/325
|turn|11
|
|move|p2a: Metagross|Bullet Punch|p1a: Hydreigon
|-damage|p1a: Hydreigon|150\/325
|move|p1a: Hydreigon|U-turn|p2a: Metagross
|-damage|p2a: Metagross|43\/301
|
|switch|p1a: Scizor|Scizor, M|84\/337
|
|turn|12
|
|move|p1a: Scizor|Bullet Punch|p2a: Metagross
|-resisted|p2a: Metagross
|-damage|p2a: Metagross|0 fnt
|faint|p2a: Metagross
|
|
|switch|p2a: Empoleon|Empoleon, F|351\/372
|-damage|p2a: Empoleon|328\/372|[from] Stealth Rock
|turn|13
|
|switch|p1a: Gliscor|Gliscor, F|352\/352 tox
|move|p2a: Empoleon|Scald|p1a: Gliscor
|-supereffective|p1a: Gliscor
|-damage|p1a: Gliscor|166\/352 tox
|
|-heal|p2a: Empoleon|351\/372|[from] item: Leftovers
|-heal|p1a: Gliscor|210\/352 tox|[from] ability: Poison Heal
|turn|14
|
|move|p1a: Gliscor|Earthquake|p2a: Empoleon
|-supereffective|p2a: Empoleon
|-damage|p2a: Empoleon|159\/372
|move|p2a: Empoleon|Defog|p1a: Gliscor
|-unboost|p1a: Gliscor|evasion|1
|-sideend|p2: apokemonkid|Stealth Rock|[from] move: Defog|[of] p2a: Empoleon
|
|-heal|p2a: Empoleon|182\/372|[from] item: Leftovers
|-heal|p1a: Gliscor|254\/352 tox|[from] ability: Poison Heal
|turn|15
|
|switch|p1a: Gengar|Gengar, M, shiny|259\/259
|switch|p2a: Gliscor|Gliscor, F|173\/353 tox
|
|-heal|p2a: Gliscor|217\/353 tox|[from] ability: Poison Heal
|turn|16
|
|switch|p2a: Empoleon|Empoleon, F|182\/372
|move|p1a: Gengar|Substitute|p1a: Gengar
|-start|p1a: Gengar|Substitute
|-damage|p1a: Gengar|195\/259
|
|-heal|p1a: Gengar|211\/259|[from] item: Black Sludge
|-heal|p2a: Empoleon|205\/372|[from] item: Leftovers
|turn|17
|
|move|p1a: Gengar|Shadow Ball|p2a: Empoleon
|-damage|p2a: Empoleon|73\/372
|move|p2a: Empoleon|Scald|p1a: Gengar
|-end|p1a: Gengar|Substitute
|
|-heal|p1a: Gengar|227\/259|[from] item: Black Sludge
|-heal|p2a: Empoleon|96\/372|[from] item: Leftovers
|turn|18
|
|move|p1a: Gengar|Disable|p2a: Empoleon
|-start|p2a: Empoleon|Disable|Scald
|cant|p2a: Empoleon|Disable|Scald
|
|-heal|p1a: Gengar|243\/259|[from] item: Black Sludge
|-heal|p2a: Empoleon|119\/372|[from] item: Leftovers
|turn|19
|
|move|p1a: Gengar|Shadow Ball|p2a: Empoleon
|-damage|p2a: Empoleon|0 fnt
|faint|p2a: Empoleon
|
|-heal|p1a: Gengar|259\/259|[from] item: Black Sludge
|
|switch|p2a: Talonflame|Talonflame, F|297\/297
|turn|20
|
|move|p2a: Talonflame|Brave Bird|p1a: Gengar
|-damage|p1a: Gengar|0 fnt
|-damage|p2a: Talonflame|212\/297|[from] recoil|[of] p1a: Gengar
|faint|p1a: Gengar
|
|
|switch|p1a: Gliscor|Gliscor, F|254\/352 tox
|turn|21
|
|move|p2a: Talonflame|Brave Bird|p1a: Gliscor
|-damage|p1a: Gliscor|58\/352 tox
|-damage|p2a: Talonflame|147\/297|[from] recoil|[of] p1a: Gliscor
|move|p1a: Gliscor|Roost|p1a: Gliscor
|-heal|p1a: Gliscor|234\/352 tox
|
|-heal|p1a: Gliscor|278\/352 tox|[from] ability: Poison Heal
|turn|22
|
|switch|p2a: Crawdaunt|Crawdaunt, F|288\/329
|move|p1a: Gliscor|Roost|p1a: Gliscor
|-heal|p1a: Gliscor|352\/352 tox
|
|turn|23
|
|move|p1a: Gliscor|Stealth Rock|p2a: Crawdaunt
|-sidestart|p2: apokemonkid|move: Stealth Rock
|move|p2a: Crawdaunt|Waterfall|p1a: Gliscor
|-supereffective|p1a: Gliscor
|-damage|p1a: Gliscor|0 fnt
|-damage|p2a: Crawdaunt|256\/329|[from] item: Life Orb
|faint|p1a: Gliscor
|
|
|switch|p1a: Hydreigon|Hydreigon, M|150\/325
|turn|24
|
|switch|p2a: Gliscor|Gliscor, F|217\/353 tox
|-damage|p2a: Gliscor|173\/353 tox|[from] Stealth Rock
|move|p1a: Hydreigon|U-turn|p2a: Gliscor
|-resisted|p2a: Gliscor
|-damage|p2a: Gliscor|156\/353 tox
|
|switch|p1a: Lopunny|Lopunny-Mega, M, shiny|271\/271
|
|-heal|p2a: Gliscor|200\/353 tox|[from] ability: Poison Heal
|turn|25
|
|move|p2a: Gliscor|Protect|p2a: Gliscor
|-singleturn|p2a: Gliscor|Protect
|move|p1a: Lopunny|Ice Punch|p2a: Gliscor
|-activate|p2a: Gliscor|Protect
|
|-heal|p2a: Gliscor|244\/353 tox|[from] ability: Poison Heal
|turn|26
|
|move|p1a: Lopunny|Ice Punch|p2a: Gliscor
|-supereffective|p2a: Gliscor
|-damage|p2a: Gliscor|8\/353 tox
|move|p2a: Gliscor|Toxic|p1a: Lopunny
|-status|p1a: Lopunny|tox
|
|-damage|p1a: Lopunny|255\/271 tox|[from] psn
|-heal|p2a: Gliscor|52\/353 tox|[from] ability: Poison Heal
|turn|27
|
|move|p2a: Gliscor|Protect|p2a: Gliscor
|-singleturn|p2a: Gliscor|Protect
|move|p1a: Lopunny|Ice Punch|p2a: Gliscor
|-activate|p2a: Gliscor|Protect
|
|-damage|p1a: Lopunny|223\/271 tox|[from] psn
|-heal|p2a: Gliscor|96\/353 tox|[from] ability: Poison Heal
|turn|28
|
|switch|p2a: Talonflame|Talonflame, F|147\/297
|-damage|p2a: Talonflame|0 fnt|[from] Stealth Rock
|faint|p2a: Talonflame
|move|p1a: Lopunny|Return|p2: Talonflame|[notarget]
|-notarget
|
|-damage|p1a: Lopunny|175\/271 tox|[from] psn
|
|switch|p2a: Sylveon|Sylveon, F|394\/394
|-damage|p2a: Sylveon|345\/394|[from] Stealth Rock
|turn|29
|
|switch|p1a: Hydreigon|Hydreigon, M|150\/325
|move|p2a: Sylveon|Wish|p2a: Sylveon
|
|-heal|p2a: Sylveon|369\/394|[from] item: Leftovers
|turn|30
|
|move|p1a: Hydreigon|Draco Meteor|p2a: Sylveon
|-immune|p2a: Sylveon|[msg]
|move|p2a: Sylveon|Hyper Voice|p1a: Hydreigon
|-supereffective|p1a: Hydreigon
|-damage|p1a: Hydreigon|0 fnt
|faint|p1a: Hydreigon
|
|-heal|p2a: Sylveon|394\/394|[from] move: Wish|[wisher] Sylveon
|
|switch|p1a: Scizor|Scizor, M|84\/337
|turn|31
|
|switch|p2a: Gliscor|Gliscor, F|96\/353 tox
|-damage|p2a: Gliscor|52\/353 tox|[from] Stealth Rock
|move|p1a: Scizor|Bullet Punch|p2a: Gliscor
|-damage|p2a: Gliscor|0 fnt
|faint|p2a: Gliscor
|
|
|switch|p2a: Crawdaunt|Crawdaunt, F|256\/329
|-damage|p2a: Crawdaunt|215\/329|[from] Stealth Rock
|turn|32
|
|move|p1a: Scizor|Bullet Punch|p2a: Crawdaunt
|-crit|p2a: Crawdaunt
|-resisted|p2a: Crawdaunt
|-damage|p2a: Crawdaunt|61\/329
|move|p2a: Crawdaunt|Aqua Jet|p1a: Scizor
|-damage|p1a: Scizor|0 fnt
|-damage|p2a: Crawdaunt|29\/329|[from] item: Life Orb
|faint|p1a: Scizor
|
|
|switch|p1a: Lopunny|Lopunny-Mega, M, shiny|175\/271 tox
|turn|33
|
|move|p1a: Lopunny|Fake Out|p2a: Crawdaunt
|-damage|p2a: Crawdaunt|0 fnt
|faint|p2a: Crawdaunt
|
|-damage|p1a: Lopunny|159\/271 tox|[from] psn
|
|switch|p2a: Sylveon|Sylveon, F|394\/394
|-damage|p2a: Sylveon|345\/394|[from] Stealth Rock
|turn|34
|
|move|p2a: Sylveon|Protect|p2a: Sylveon
|-singleturn|p2a: Sylveon|Protect
|move|p1a: Lopunny|Return|p2a: Sylveon
|-activate|p2a: Sylveon|Protect
|
|-heal|p2a: Sylveon|369\/394|[from] item: Leftovers
|-damage|p1a: Lopunny|127\/271 tox|[from] psn
|turn|35
|
|move|p1a: Lopunny|Return|p2a: Sylveon
|-damage|p2a: Sylveon|119\/394
|move|p2a: Sylveon|Hyper Voice|p1a: Lopunny
|-supereffective|p1a: Lopunny
|-damage|p1a: Lopunny|0 fnt
|faint|p1a: Lopunny
|
|win|apokemonkid
|raw|Ladder updating...
|raw|SuckerforMetal's rating: 1637 &rarr; <strong>1616<\/strong><br \/>(-21 for losing)
|raw|apokemonkid's rating: 1622 &rarr; <strong>1643<\/strong><br \/>(+21 for winning)
|c|âapokemonkid|gg
|c|âSuckerforMetal|Gg