|join|SuckerforMetal
|join|AdityaKhuntia
|player|p1|SuckerforMetal|101
|player|p2|AdityaKhuntia|169
|gametype|singles
|gen|6
|tier|OU
|rated
|clearpoke
|poke|p1|Gengar, M, shiny
|poke|p1|Hydreigon, M
|poke|p1|Scizor, M
|poke|p1|Starmie
|poke|p1|Lopunny, F, shiny
|poke|p1|Gliscor, M
|poke|p2|Scizor, F
|poke|p2|Heatran, F
|poke|p2|Serperior, M
|poke|p2|Keldeo
|poke|p2|Zapdos
|poke|p2|Landorus, M
|rule|Swagger Clause: Swagger is banned
|rule|Baton Pass Clause: Limit one PokÃ©mon knowing Baton Pass
|rule|Sleep Clause Mod: Limit one foe put to sleep
|rule|Species Clause: Limit one of each PokÃ©mon
|rule|OHKO Clause: OHKO moves are banned
|rule|Moody Clause: Moody is banned
|rule|Evasion Moves Clause: Evasion moves are banned
|rule|Endless Battle Clause: Forcing endless battles is banned
|rule|HP Percentage Mod: HP is shown in percentages
|teampreview
|
|start
|switch|p1a: Gengar|Gengar, M, shiny|259\/259
|switch|p2a: Serperior|Serperior, M|291\/291
|turn|1
|
|move|p2a: Serperior|Substitute|p2a: Serperior
|-start|p2a: Serperior|Substitute
|-damage|p2a: Serperior|219\/291
|move|p1a: Gengar|Sludge Wave|p2a: Serperior
|-supereffective|p2a: Serperior
|-end|p2a: Serperior|Substitute
|
|-heal|p2a: Serperior|237\/291|[from] item: Leftovers
|turn|2
|
|switch|p2a: Heatran|Heatran, F|385\/385
|move|p1a: Gengar|Sludge Wave|p2a: Heatran
|-immune|p2a: Heatran|[msg]
|
|turn|3
|
|switch|p1a: Gliscor|Gliscor, M|352\/352
|move|p2a: Heatran|Lava Plume|p1a: Gliscor
|-damage|p1a: Gliscor|250\/352
|-status|p1a: Gliscor|brn
|
|-damage|p1a: Gliscor|206\/352 brn|[from] brn
|turn|4
|c|âAdityaKhuntia|Oh lol
|join|Azero Tehiro
|join|BigMambo2
|
|switch|p2a: Landorus|Landorus, M|319\/319
|move|p1a: Gliscor|Stealth Rock|p2a: Landorus
|-sidestart|p2: AdityaKhuntia|move: Stealth Rock
|
|-damage|p1a: Gliscor|162\/352 brn|[from] brn
|turn|5
|
|move|p2a: Landorus|Rock Polish|p2a: Landorus
|-boost|p2a: Landorus|spe|2
|move|p1a: Gliscor|Knock Off|p2a: Landorus
|-damage|p2a: Landorus|275\/319
|-enditem|p2a: Landorus|Life Orb|[from] move: Knock Off|[of] p1a: Gliscor
|
|-damage|p1a: Gliscor|118\/352 brn|[from] brn
|turn|6
|
|move|p2a: Landorus|Psychic|p1a: Gliscor
|-damage|p1a: Gliscor|0 fnt
|faint|p1a: Gliscor
|
|
|switch|p1a: Scizor|Scizor, M|337\/337
|turn|7
|join|Beevo13
|
|move|p1a: Scizor|Bullet Punch|p2a: Landorus
|-crit|p2a: Landorus
|-damage|p2a: Landorus|0 fnt
|faint|p2a: Landorus
|
|
|switch|p2a: Heatran|Heatran, F|385\/385
|-damage|p2a: Heatran|337\/385|[from] Stealth Rock
|turn|8
|
|switch|p1a: Starmie|Starmie|261\/261
|move|p2a: Heatran|Stealth Rock|p1a: Starmie
|-sidestart|p1: SuckerforMetal|move: Stealth Rock
|
|-heal|p2a: Heatran|361\/385|[from] item: Leftovers
|turn|9
|
|switch|p2a: Serperior|Serperior, M|237\/291
|-damage|p2a: Serperior|201\/291|[from] Stealth Rock
|move|p1a: Starmie|Hydro Pump|p2a: Serperior
|-crit|p2a: Serperior
|-resisted|p2a: Serperior
|-damage|p2a: Serperior|7\/291
|
|-heal|p2a: Serperior|25\/291|[from] item: Leftovers
|turn|10
|
|switch|p1a: Hydreigon|Hydreigon, M|325\/325
|-damage|p1a: Hydreigon|285\/325|[from] Stealth Rock
|move|p2a: Serperior|Hidden Power|p1a: Hydreigon
|-resisted|p1a: Hydreigon
|-damage|p1a: Hydreigon|260\/325
|
|-heal|p2a: Serperior|43\/291|[from] item: Leftovers
|turn|11
|
|switch|p2a: Heatran|Heatran, F|361\/385
|-damage|p2a: Heatran|313\/385|[from] Stealth Rock
|move|p1a: Hydreigon|U-turn|p2a: Heatran
|-resisted|p2a: Heatran
|-damage|p2a: Heatran|300\/385
|
|switch|p1a: Lopunny|Lopunny, F, shiny|271\/271
|-damage|p1a: Lopunny|238\/271|[from] Stealth Rock
|
|-heal|p2a: Heatran|324\/385|[from] item: Leftovers
|turn|12
|
|switch|p2a: Zapdos|Zapdos|383\/383
|-damage|p2a: Zapdos|288\/383|[from] Stealth Rock
|-ability|p2a: Zapdos|Pressure
|detailschange|p1a: Lopunny|Lopunny-Mega, F, shiny
|-mega|p1a: Lopunny|Lopunny|Lopunnite
|move|p1a: Lopunny|High Jump Kick|p2a: Zapdos
|-resisted|p2a: Zapdos
|-damage|p2a: Zapdos|196\/383
|
|-heal|p2a: Zapdos|219\/383|[from] item: Leftovers
|turn|13
|
|switch|p1a: Gengar|Gengar, M, shiny|259\/259
|-damage|p1a: Gengar|227\/259|[from] Stealth Rock
|move|p2a: Zapdos|Roost|p2a: Zapdos
|-heal|p2a: Zapdos|383\/383
|
|-heal|p1a: Gengar|243\/259|[from] item: Black Sludge
|turn|14
|
|switch|p2a: Heatran|Heatran, F|324\/385
|-damage|p2a: Heatran|276\/385|[from] Stealth Rock
|move|p1a: Gengar|Substitute|p1a: Gengar
|-start|p1a: Gengar|Substitute
|-damage|p1a: Gengar|179\/259
|
|-heal|p1a: Gengar|195\/259|[from] item: Black Sludge
|-heal|p2a: Heatran|300\/385|[from] item: Leftovers
|turn|15
|
|move|p1a: Gengar|Hex|p2a: Heatran
|-damage|p2a: Heatran|219\/385
|move|p2a: Heatran|Lava Plume|p1a: Gengar
|-end|p1a: Gengar|Substitute
|
|-heal|p1a: Gengar|211\/259|[from] item: Black Sludge
|-heal|p2a: Heatran|243\/385|[from] item: Leftovers
|turn|16
|
|move|p1a: Gengar|Hex|p2a: Heatran
|-damage|p2a: Heatran|165\/385
|move|p2a: Heatran|Lava Plume|p1a: Gengar
|-damage|p1a: Gengar|57\/259
|
|-heal|p1a: Gengar|73\/259|[from] item: Black Sludge
|-heal|p2a: Heatran|189\/385|[from] item: Leftovers
|turn|17
|
|switch|p1a: Hydreigon|Hydreigon, M|260\/325
|-damage|p1a: Hydreigon|220\/325|[from] Stealth Rock
|switch|p2a: Scizor|Scizor, F|287\/287
|-damage|p2a: Scizor|252\/287|[from] Stealth Rock
|
|turn|18
|
|detailschange|p2a: Scizor|Scizor-Mega, F
|-mega|p2a: Scizor|Scizor|Scizorite
|move|p2a: Scizor|Bullet Punch|p1a: Hydreigon
|-damage|p1a: Hydreigon|88\/325
|move|p1a: Hydreigon|Earth Power|p2a: Scizor
|-crit|p2a: Scizor
|-damage|p2a: Scizor|72\/287
|
|turn|19
|leave|Beevo13
|
|switch|p1a: Starmie|Starmie|261\/261
|-damage|p1a: Starmie|229\/261|[from] Stealth Rock
|move|p2a: Scizor|Bullet Punch|p1a: Starmie
|-resisted|p1a: Starmie
|-damage|p1a: Starmie|153\/261
|
|turn|20
|
|move|p1a: Starmie|Hydro Pump|p2a: Scizor
|-damage|p2a: Scizor|0 fnt
|faint|p2a: Scizor
|
|
|switch|p2a: Serperior|Serperior, M|43\/291
|-damage|p2a: Serperior|7\/291|[from] Stealth Rock
|turn|21
|
|switch|p1a: Gengar|Gengar, M, shiny|73\/259
|-damage|p1a: Gengar|41\/259|[from] Stealth Rock
|move|p2a: Serperior|Leaf Storm|p1a: Gengar
|-resisted|p1a: Gengar
|-damage|p1a: Gengar|0 fnt
|-boost|p2a: Serperior|spa|2
|faint|p1a: Gengar
|
|-heal|p2a: Serperior|25\/291|[from] item: Leftovers
|
|switch|p1a: Hydreigon|Hydreigon, M|88\/325
|-damage|p1a: Hydreigon|48\/325|[from] Stealth Rock
|turn|22
|
|move|p1a: Hydreigon|Dark Pulse|p2a: Serperior
|-damage|p2a: Serperior|0 fnt
|faint|p2a: Serperior
|
|
|switch|p2a: Keldeo|Keldeo|323\/323
|-damage|p2a: Keldeo|303\/323|[from] Stealth Rock
|turn|23
|
|move|p2a: Keldeo|Secret Sword|p1a: Hydreigon
|-supereffective|p1a: Hydreigon
|-damage|p1a: Hydreigon|0 fnt
|faint|p1a: Hydreigon
|
|
|switch|p1a: Scizor|Scizor, M|337\/337
|-damage|p1a: Scizor|295\/337|[from] Stealth Rock
|turn|24
|
|switch|p2a: Heatran|Heatran, F|189\/385
|-damage|p2a: Heatran|141\/385|[from] Stealth Rock
|move|p1a: Scizor|U-turn|p2a: Heatran
|-resisted|p2a: Heatran
|-damage|p2a: Heatran|91\/385
|
|switch|p1a: Lopunny|Lopunny-Mega, F, shiny|238\/271
|-damage|p1a: Lopunny|222\/271|[from] Stealth Rock
|
|-heal|p2a: Heatran|115\/385|[from] item: Leftovers
|turn|25
|
|move|p1a: Lopunny|High Jump Kick|p2a: Heatran
|-supereffective|p2a: Heatran
|-damage|p2a: Heatran|0 fnt
|faint|p2a: Heatran
|
|
|switch|p2a: Zapdos|Zapdos|383\/383
|-damage|p2a: Zapdos|288\/383|[from] Stealth Rock
|-ability|p2a: Zapdos|Pressure
|turn|26
|
|move|p1a: Lopunny|Ice Punch|p2a: Zapdos
|-supereffective|p2a: Zapdos
|-damage|p2a: Zapdos|144\/383
|move|p2a: Zapdos|Defog|p1a: Lopunny
|-unboost|p1a: Lopunny|evasion|1
|-sideend|p1: SuckerforMetal|Stealth Rock|[from] move: Defog|[of] p1a: Lopunny
|-sideend|p2: AdityaKhuntia|Stealth Rock|[from] move: Defog|[of] p2a: Zapdos
|
|-heal|p2a: Zapdos|167\/383|[from] item: Leftovers
|turn|27
|
|move|p1a: Lopunny|Ice Punch|p2a: Zapdos
|-supereffective|p2a: Zapdos
|-damage|p2a: Zapdos|13\/383
|move|p2a: Zapdos|Roost|p2a: Zapdos
|-heal|p2a: Zapdos|205\/383
|
|-heal|p2a: Zapdos|228\/383|[from] item: Leftovers
|turn|28
|
|move|p1a: Lopunny|Ice Punch|p2a: Zapdos
|-crit|p2a: Zapdos
|-supereffective|p2a: Zapdos
|-damage|p2a: Zapdos|14\/383
|move|p2a: Zapdos|Roost|p2a: Zapdos
|-heal|p2a: Zapdos|206\/383
|
|-heal|p2a: Zapdos|229\/383|[from] item: Leftovers
|turn|29
|c|âAdityaKhuntia|wow
|
|move|p1a: Lopunny|Ice Punch|p2a: Zapdos
|-supereffective|p2a: Zapdos
|-damage|p2a: Zapdos|73\/383
|move|p2a: Zapdos|Roost|p2a: Zapdos
|-heal|p2a: Zapdos|265\/383
|
|-heal|p2a: Zapdos|288\/383|[from] item: Leftovers
|turn|30
|c|âSuckerforMetal|Why are you surprised?
|
|move|p1a: Lopunny|Ice Punch|p2a: Zapdos
|-supereffective|p2a: Zapdos
|-damage|p2a: Zapdos|126\/383
|move|p2a: Zapdos|Roost|p2a: Zapdos
|-heal|p2a: Zapdos|318\/383
|
|-heal|p2a: Zapdos|341\/383|[from] item: Leftovers
|turn|31
|c|âAdityaKhuntia|crit
|
|move|p1a: Lopunny|Ice Punch|p2a: Zapdos
|-supereffective|p2a: Zapdos
|-damage|p2a: Zapdos|201\/383
|move|p2a: Zapdos|Volt Switch|p1a: Lopunny
|-damage|p1a: Lopunny|120\/271
|
|switch|p2a: Keldeo|Keldeo|303\/323
|
|turn|32
|
|move|p2a: Keldeo|Secret Sword|p1a: Lopunny
|-supereffective|p1a: Lopunny
|-damage|p1a: Lopunny|0 fnt
|faint|p1a: Lopunny
|
|
|switch|p1a: Starmie|Starmie|153\/261
|turn|33
|
|move|p2a: Keldeo|Secret Sword|p1a: Starmie
|-resisted|p1a: Starmie
|-damage|p1a: Starmie|72\/261
|move|p1a: Starmie|Psyshock|p2a: Keldeo
|-supereffective|p2a: Keldeo
|-damage|p2a: Keldeo|0 fnt
|faint|p2a: Keldeo
|
|
|switch|p2a: Zapdos|Zapdos|201\/383
|-ability|p2a: Zapdos|Pressure
|turn|34
|
|switch|p1a: Scizor|Scizor, M|295\/337
|move|p2a: Zapdos|Roost|p2a: Zapdos
|-heal|p2a: Zapdos|383\/383
|
|turn|35
|
|move|p2a: Zapdos|Heat Wave|p1a: Scizor
|-supereffective|p1a: Scizor
|-damage|p1a: Scizor|0 fnt
|faint|p1a: Scizor
|
|c|âAdityaKhuntia|Band
|c|âAdityaKhuntia|I thought scarf
|
|switch|p1a: Starmie|Starmie|72\/261
|turn|36
|c|âSuckerforMetal|Yeah
|
|move|p1a: Starmie|Trick|p2a: Zapdos
|-activate|p1a: Starmie|move: Trick|[of] p2a: Zapdos
|-item|p2a: Zapdos|Choice Specs|[from] move: Trick
|-item|p1a: Starmie|Leftovers|[from] move: Trick
|move|p2a: Zapdos|Volt Switch|p1a: Starmie
|-supereffective|p1a: Starmie
|-damage|p1a: Starmie|0 fnt
|faint|p1a: Starmie
|
|win|AdityaKhuntia
|raw|Ladder updating...
|raw|SuckerforMetal's rating: 1607 &rarr; <strong>1580<\/strong><br \/>(-27 for losing)
|raw|AdityaKhuntia's rating: 1468 &rarr; <strong>1496<\/strong><br \/>(+28 for winning)
|c|âAdityaKhuntia|gg
|c|âSuckerforMetal|Gg
|leave|Azero Tehiro
|leave|SuckerforMetal
|player|p1
|leave|BigMambo2