|join|Patodragon.v2
|join|SuckerforMetal
|player|p1|Patodragon.v2|1
|player|p2|SuckerforMetal|265
|gametype|singles
|gen|6
|tier|OU
|rated
|clearpoke
|poke|p1|Lopunny, F
|poke|p1|Skarmory, M
|poke|p1|Breloom, M
|poke|p1|Azumarill, M
|poke|p1|Bisharp, F
|poke|p1|Gengar, M
|poke|p2|Gengar, F, shiny
|poke|p2|Hydreigon, M
|poke|p2|Scizor, M
|poke|p2|Sableye, F
|poke|p2|Landorus-Therian, M
|poke|p2|Vaporeon, F
|rule|Swagger Clause: Swagger is banned
|rule|Baton Pass Clause: Limit one PokÃ©mon knowing Baton Pass
|rule|Sleep Clause Mod: Limit one foe put to sleep
|rule|Species Clause: Limit one of each PokÃ©mon
|rule|OHKO Clause: OHKO moves are banned
|rule|Moody Clause: Moody is banned
|rule|Evasion Moves Clause: Evasion moves are banned
|rule|Endless Battle Clause: Forcing endless battles is banned
|rule|HP Percentage Mod: HP is shown in percentages
|teampreview
|
|start
|switch|p1a: Lopunny|Lopunny, F|271\/271
|switch|p2a: Sableye|Sableye, F|303\/303
|turn|1
|
|switch|p2a: Landorus-Therian|Landorus-Therian, M|381\/381
|-ability|p2a: Landorus-Therian|Intimidate|[of] p1a: Lopunny
|-unboost|p1a: Lopunny|atk|1
|detailschange|p1a: Lopunny|Lopunny-Mega, F
|-mega|p1a: Lopunny|Lopunny|Lopunnite
|move|p1a: Lopunny|High Jump Kick|p2a: Landorus-Therian
|-resisted|p2a: Landorus-Therian
|-damage|p2a: Landorus-Therian|314\/381
|
|-heal|p2a: Landorus-Therian|337\/381|[from] item: Leftovers
|turn|2
|
|switch|p1a: Skarmory|Skarmory, M|271\/271
|move|p2a: Landorus-Therian|Earthquake|p1a: Skarmory
|-immune|p1a: Skarmory|[msg]
|
|-heal|p2a: Landorus-Therian|360\/381|[from] item: Leftovers
|turn|3
|
|switch|p2a: Sableye|Sableye, F|303\/303
|move|p1a: Skarmory|Stealth Rock|p2a: Sableye
|-sidestart|p2: SuckerforMetal|move: Stealth Rock
|
|turn|4
|
|detailschange|p2a: Sableye|Sableye-Mega, F
|-mega|p2a: Sableye|Sableye|Sablenite
|move|p2a: Sableye|Will-O-Wisp|p1a: Skarmory
|-status|p1a: Skarmory|brn
|move|p1a: Skarmory|Brave Bird|p2a: Sableye
|-damage|p2a: Sableye|252\/303
|-damage|p1a: Skarmory|254\/271 brn|[from] recoil|[of] p2a: Sableye
|
|-damage|p1a: Skarmory|221\/271 brn|[from] brn
|turn|5
|
|switch|p1a: Gengar|Gengar, M|261\/261
|move|p2a: Sableye|Calm Mind|p2a: Sableye
|-boost|p2a: Sableye|spa|1
|-boost|p2a: Sableye|spd|1
|
|turn|6
|
|move|p1a: Gengar|Shadow Ball|p2a: Sableye
|-damage|p2a: Sableye|138\/303
|-damage|p1a: Gengar|235\/261|[from] item: Life Orb
|move|p2a: Sableye|Shadow Ball|p1a: Gengar
|-supereffective|p1a: Gengar
|-damage|p1a: Gengar|0 fnt
|faint|p1a: Gengar
|
|
|switch|p1a: Azumarill|Azumarill, M|358\/358
|turn|7
|
|move|p1a: Azumarill|Belly Drum|p1a: Azumarill
|-damage|p1a: Azumarill|179\/358
|-setboost|p1a: Azumarill|atk|6|[from] move: Belly Drum
|-enditem|p1a: Azumarill|Sitrus Berry|[eat]
|-heal|p1a: Azumarill|268\/358|[from] item: Sitrus Berry
|move|p2a: Sableye|Will-O-Wisp|p1a: Azumarill
|-status|p1a: Azumarill|brn
|
|-damage|p1a: Azumarill|224\/358 brn|[from] brn
|turn|8
|
|switch|p2a: Landorus-Therian|Landorus-Therian, M|360\/381
|-damage|p2a: Landorus-Therian|313\/381|[from] Stealth Rock
|-ability|p2a: Landorus-Therian|Intimidate|[of] p1a: Azumarill
|-unboost|p1a: Azumarill|atk|1
|move|p1a: Azumarill|Knock Off|p2a: Landorus-Therian
|-crit|p2a: Landorus-Therian
|-damage|p2a: Landorus-Therian|32\/381
|-enditem|p2a: Landorus-Therian|Leftovers|[from] move: Knock Off|[of] p1a: Azumarill
|
|-damage|p1a: Azumarill|180\/358 brn|[from] brn
|turn|9
|
|switch|p2a: Vaporeon|Vaporeon, F|451\/451
|-damage|p2a: Vaporeon|395\/451|[from] Stealth Rock
|move|p1a: Azumarill|Aqua Jet|p2a: Vaporeon
|-heal|p2a: Vaporeon|451\/451|[from] ability: Water Absorb|[of] p1a: Azumarill
|
|-damage|p1a: Azumarill|136\/358 brn|[from] brn
|turn|10
|
|move|p2a: Vaporeon|Protect|p2a: Vaporeon
|-singleturn|p2a: Vaporeon|Protect
|move|p1a: Azumarill|Knock Off|p2a: Vaporeon
|-activate|p2a: Vaporeon|Protect
|
|-damage|p1a: Azumarill|92\/358 brn|[from] brn
|turn|11
|
|move|p2a: Vaporeon|Wish|p2a: Vaporeon
|move|p1a: Azumarill|Knock Off|p2a: Vaporeon
|-damage|p2a: Vaporeon|188\/451
|-enditem|p2a: Vaporeon|Leftovers|[from] move: Knock Off|[of] p1a: Azumarill
|
|-damage|p1a: Azumarill|48\/358 brn|[from] brn
|turn|12
|
|move|p2a: Vaporeon|Protect|p2a: Vaporeon
|-singleturn|p2a: Vaporeon|Protect
|move|p1a: Azumarill|Play Rough|p2a: Vaporeon
|-activate|p2a: Vaporeon|Protect
|
|-heal|p2a: Vaporeon|413\/451|[from] move: Wish|[wisher] Vaporeon
|-damage|p1a: Azumarill|4\/358 brn|[from] brn
|turn|13
|
|move|p1a: Azumarill|Play Rough|p2a: Vaporeon
|-damage|p2a: Vaporeon|35\/451
|move|p2a: Vaporeon|Scald|p1a: Azumarill
|-resisted|p1a: Azumarill
|-damage|p1a: Azumarill|0 fnt
|faint|p1a: Azumarill
|
|
|switch|p1a: Bisharp|Bisharp, F|272\/272
|turn|14
|
|move|p1a: Bisharp|Swords Dance|p1a: Bisharp
|-boost|p1a: Bisharp|atk|2
|move|p2a: Vaporeon|Scald|p1a: Bisharp
|-damage|p1a: Bisharp|140\/272
|
|turn|15
|
|move|p2a: Vaporeon|Protect|p2a: Vaporeon
|-singleturn|p2a: Vaporeon|Protect
|move|p1a: Bisharp|Iron Head|p2a: Vaporeon
|-activate|p2a: Vaporeon|Protect
|
|turn|16
|
|move|p1a: Bisharp|Iron Head|p2a: Vaporeon
|-resisted|p2a: Vaporeon
|-damage|p2a: Vaporeon|0 fnt
|-damage|p1a: Bisharp|113\/272|[from] item: Life Orb
|faint|p2a: Vaporeon
|
|
|switch|p2a: Hydreigon|Hydreigon, M|325\/325
|-damage|p2a: Hydreigon|285\/325|[from] Stealth Rock
|turn|17
|
|move|p1a: Bisharp|Sucker Punch|p2a: Hydreigon
|-resisted|p2a: Hydreigon
|-damage|p2a: Hydreigon|86\/325
|-damage|p1a: Bisharp|86\/272|[from] item: Life Orb
|move|p2a: Hydreigon|Dark Pulse|p1a: Bisharp
|-resisted|p1a: Bisharp
|-damage|p1a: Bisharp|0 fnt
|faint|p1a: Bisharp
|
|
|switch|p1a: Lopunny|Lopunny-Mega, F|271\/271
|turn|18
|
|switch|p2a: Landorus-Therian|Landorus-Therian, M|32\/381
|-damage|p2a: Landorus-Therian|0 fnt|[from] Stealth Rock
|faint|p2a: Landorus-Therian
|move|p1a: Lopunny|Return|p2: Landorus-Therian|[notarget]
|-notarget
|
|
|switch|p2a: Hydreigon|Hydreigon, M|86\/325
|-damage|p2a: Hydreigon|46\/325|[from] Stealth Rock
|turn|19
|
|switch|p1a: Skarmory|Skarmory, M|221\/271 brn
|move|p2a: Hydreigon|Draco Meteor|p1a: Skarmory
|-resisted|p1a: Skarmory
|-damage|p1a: Skarmory|53\/271 brn
|-unboost|p2a: Hydreigon|spa|2
|-enditem|p1a: Skarmory|Salac Berry|[eat]
|-boost|p1a: Skarmory|spe|1|[from] item: Salac Berry
|
|-damage|p1a: Skarmory|20\/271 brn|[from] brn
|turn|20
|
|move|p2a: Hydreigon|Draco Meteor|p1a: Skarmory
|-resisted|p1a: Skarmory
|-damage|p1a: Skarmory|0 fnt
|-unboost|p2a: Hydreigon|spa|2
|faint|p1a: Skarmory
|
|
|switch|p1a: Breloom|Breloom, M|261\/261
|turn|21
|
|switch|p2a: Sableye|Sableye-Mega, F|138\/303
|-damage|p2a: Sableye|101\/303|[from] Stealth Rock
|move|p1a: Breloom|Mach Punch|p2a: Sableye
|-immune|p2a: Sableye|[msg]
|
|turn|22
|
|move|p1a: Breloom|Bullet Seed|p2a: Sableye
|-damage|p2a: Sableye|62\/303
|-damage|p2a: Sableye|23\/303
|-hitcount|p2a: Sableye|2
|move|p2a: Sableye|Shadow Ball|p1a: Breloom
|-damage|p1a: Breloom|143\/261
|-unboost|p1a: Breloom|spd|1
|
|turn|23
|
|move|p1a: Breloom|Rock Tomb|p2a: Sableye
|-damage|p2a: Sableye|0 fnt
|faint|p2a: Sableye
|
|
|switch|p2a: Scizor|Scizor, M|337\/337
|-damage|p2a: Scizor|295\/337|[from] Stealth Rock
|turn|24
|
|move|p2a: Scizor|Bullet Punch|p1a: Breloom
|-damage|p1a: Breloom|0 fnt
|faint|p1a: Breloom
|
|
|switch|p1a: Lopunny|Lopunny-Mega, F|271\/271
|turn|25
|
|move|p1a: Lopunny|Fake Out|p2a: Scizor
|-resisted|p2a: Scizor
|-damage|p2a: Scizor|255\/337
|cant|p2a: Scizor|flinch
|
|turn|26
|
|move|p2a: Scizor|Bullet Punch|p1a: Lopunny
|-damage|p1a: Lopunny|88\/271
|move|p1a: Lopunny|High Jump Kick|p2a: Scizor
|-damage|p2a: Scizor|0 fnt
|faint|p2a: Scizor
|
|
|switch|p2a: Gengar|Gengar, F, shiny|259\/259
|-damage|p2a: Gengar|227\/259|[from] Stealth Rock
|turn|27
|
|move|p1a: Lopunny|Return|p2a: Gengar
|-damage|p2a: Gengar|0 fnt
|faint|p2a: Gengar
|
|
|switch|p2a: Hydreigon|Hydreigon, M|46\/325
|-damage|p2a: Hydreigon|6\/325|[from] Stealth Rock
|turn|28
|c|âSuckerforMetal|Please hit
|
|move|p2a: Hydreigon|Draco Meteor|p1a: Lopunny
|-damage|p1a: Lopunny|0 fnt
|-unboost|p2a: Hydreigon|spa|2
|faint|p1a: Lopunny
|
|win|SuckerforMetal
|raw|Ladder updating...
|c|âPatodragon.v2|lol
|raw|Patodragon.v2's rating: 1686 &rarr; <strong>1667<\/strong><br \/>(-19 for losing)
|raw|SuckerforMetal's rating: 1688 &rarr; <strong>1708<\/strong><br \/>(+20 for winning)
|c|âPatodragon.v2|gg
|leave|Patodragon.v2
|player|p1
|c|âSuckerforMetal|Gg