|join|bibooo
|join|SuckerforMetal
|player|p1|bibooo|8
|player|p2|SuckerforMetal|101
|gametype|singles
|gen|6
|tier|OU
|rated
|clearpoke
|poke|p1|Bisharp, M
|poke|p1|Gardevoir, M
|poke|p1|Keldeo-Resolute
|poke|p1|Nidoking, M
|poke|p1|Gyarados, F
|poke|p1|Hariyama, F
|poke|p2|Gengar, M, shiny
|poke|p2|Hydreigon, M
|poke|p2|Scizor, F
|poke|p2|Sableye, F
|poke|p2|Landorus-Therian, M
|poke|p2|Vaporeon, F
|rule|Swagger Clause: Swagger is banned
|rule|Baton Pass Clause: Limit one PokÃ©mon knowing Baton Pass
|rule|Sleep Clause Mod: Limit one foe put to sleep
|rule|Species Clause: Limit one of each PokÃ©mon
|rule|OHKO Clause: OHKO moves are banned
|rule|Moody Clause: Moody is banned
|rule|Evasion Moves Clause: Evasion moves are banned
|rule|Endless Battle Clause: Forcing endless battles is banned
|rule|HP Percentage Mod: HP is shown in percentages
|teampreview
|
|start
|switch|p1a: Nidoking|Nidoking, M|303\/303
|switch|p2a: Vaporeon|Vaporeon, F|451\/451
|turn|1
|
|move|p1a: Nidoking|Thunderbolt|p2a: Vaporeon
|-supereffective|p2a: Vaporeon
|-damage|p2a: Vaporeon|253\/451
|move|p2a: Vaporeon|Scald|p1a: Nidoking
|-supereffective|p1a: Nidoking
|-damage|p1a: Nidoking|51\/303
|-status|p1a: Nidoking|brn
|
|-heal|p2a: Vaporeon|281\/451|[from] item: Leftovers
|-damage|p1a: Nidoking|14\/303 brn|[from] brn
|turn|2
|
|move|p2a: Vaporeon|Protect|p2a: Vaporeon
|-singleturn|p2a: Vaporeon|Protect
|move|p1a: Nidoking|Thunderbolt|p2a: Vaporeon
|-activate|p2a: Vaporeon|Protect
|
|-heal|p2a: Vaporeon|309\/451|[from] item: Leftovers
|-damage|p1a: Nidoking|0 fnt|[from] brn
|faint|p1a: Nidoking
|
|switch|p1a: Gardevoir|Gardevoir, M|277\/277
|-ability|p1a: Gardevoir|Water Absorb|[from] ability: Trace|[of] p2a: Vaporeon
|turn|3
|
|detailschange|p1a: Gardevoir|Gardevoir-Mega, M
|-mega|p1a: Gardevoir|Gardevoir|Gardevoirite
|move|p1a: Gardevoir|Will-O-Wisp|p2a: Vaporeon
|-status|p2a: Vaporeon|brn
|move|p2a: Vaporeon|Wish|p2a: Vaporeon
|
|-heal|p2a: Vaporeon|337\/451 brn|[from] item: Leftovers
|-damage|p2a: Vaporeon|281\/451 brn|[from] brn
|turn|4
|
|move|p1a: Gardevoir|Psyshock|p2a: Vaporeon
|-damage|p2a: Vaporeon|97\/451 brn
|move|p2a: Vaporeon|Roar|p1a: Gardevoir
|drag|p1a: Gyarados|Gyarados, F|393\/393
|-ability|p1a: Gyarados|Intimidate|[of] p2a: Vaporeon
|-unboost|p2a: Vaporeon|atk|1
|
|-heal|p2a: Vaporeon|322\/451 brn|[from] move: Wish|[wisher] Vaporeon
|-heal|p2a: Vaporeon|350\/451 brn|[from] item: Leftovers
|-damage|p2a: Vaporeon|294\/451 brn|[from] brn
|turn|5
|
|switch|p2a: Landorus-Therian|Landorus-Therian, M|381\/381
|-ability|p2a: Landorus-Therian|Intimidate|[of] p1a: Gyarados
|-unboost|p1a: Gyarados|atk|1
|move|p1a: Gyarados|Substitute|p1a: Gyarados
|-start|p1a: Gyarados|Substitute
|-damage|p1a: Gyarados|295\/393
|
|-heal|p1a: Gyarados|319\/393|[from] item: Leftovers
|turn|6
|
|move|p2a: Landorus-Therian|Knock Off|p1a: Gyarados
|-end|p1a: Gyarados|Substitute
|move|p1a: Gyarados|Waterfall|p2a: Landorus-Therian
|-supereffective|p2a: Landorus-Therian
|-damage|p2a: Landorus-Therian|243\/381
|
|-heal|p2a: Landorus-Therian|266\/381|[from] item: Leftovers
|-heal|p1a: Gyarados|343\/393|[from] item: Leftovers
|turn|7
|
|move|p2a: Landorus-Therian|Stone Edge|p1a: Gyarados
|-crit|p1a: Gyarados
|-supereffective|p1a: Gyarados
|-damage|p1a: Gyarados|0 fnt
|faint|p1a: Gyarados
|
|-heal|p2a: Landorus-Therian|289\/381|[from] item: Leftovers
|
|switch|p1a: Gardevoir|Gardevoir-Mega, M|277\/277
|turn|8
|
|move|p1a: Gardevoir|Hyper Voice|p2a: Landorus-Therian
|-damage|p2a: Landorus-Therian|0 fnt
|faint|p2a: Landorus-Therian
|
|
|switch|p2a: Hydreigon|Hydreigon, M|325\/325
|turn|9
|
|switch|p1a: Hariyama|Hariyama, F|450\/450
|move|p2a: Hydreigon|U-turn|p1a: Hariyama
|-resisted|p1a: Hariyama
|-damage|p1a: Hariyama|412\/450
|
|switch|p2a: Vaporeon|Vaporeon, F|294\/451 brn
|
|-heal|p2a: Vaporeon|322\/451 brn|[from] item: Leftovers
|-damage|p2a: Vaporeon|266\/451 brn|[from] brn
|turn|10
|
|move|p1a: Hariyama|Fake Out|p2a: Vaporeon
|-damage|p2a: Vaporeon|219\/451 brn
|cant|p2a: Vaporeon|flinch
|
|-heal|p2a: Vaporeon|247\/451 brn|[from] item: Leftovers
|-damage|p2a: Vaporeon|191\/451 brn|[from] brn
|turn|11
|
|move|p2a: Vaporeon|Scald|p1a: Hariyama
|-damage|p1a: Hariyama|333\/450
|-status|p1a: Hariyama|brn
|move|p1a: Hariyama|Close Combat|p2a: Vaporeon
|-damage|p2a: Vaporeon|0 fnt
|-unboost|p1a: Hariyama|def|1
|-unboost|p1a: Hariyama|spd|1
|faint|p2a: Vaporeon
|
|-damage|p1a: Hariyama|277\/450 brn|[from] brn
|
|switch|p2a: Gengar|Gengar, M, shiny|259\/259
|turn|12
|
|move|p1a: Hariyama|Bullet Punch|p2a: Gengar
|-damage|p2a: Gengar|159\/259
|move|p2a: Gengar|Substitute|p2a: Gengar
|-start|p2a: Gengar|Substitute
|-damage|p2a: Gengar|95\/259
|
|-damage|p1a: Hariyama|221\/450 brn|[from] brn
|turn|13
|
|move|p1a: Hariyama|Bullet Punch|p2a: Gengar
|-end|p2a: Gengar|Substitute
|move|p2a: Gengar|Shadow Ball|p1a: Hariyama
|-damage|p1a: Hariyama|9\/450 brn
|-unboost|p1a: Hariyama|spd|1
|-damage|p2a: Gengar|70\/259|[from] item: Life Orb
|
|-damage|p1a: Hariyama|0 fnt|[from] brn
|faint|p1a: Hariyama
|
|switch|p1a: Keldeo-Resolute|Keldeo-Resolute|323\/323
|turn|14
|
|switch|p2a: Hydreigon|Hydreigon, M|325\/325
|move|p1a: Keldeo-Resolute|Scald|p2a: Hydreigon
|-resisted|p2a: Hydreigon
|-damage|p2a: Hydreigon|209\/325
|
|turn|15
|
|switch|p1a: Bisharp|Bisharp, M|281\/281
|move|p2a: Hydreigon|Dark Pulse|p1a: Bisharp
|-resisted|p1a: Bisharp
|-damage|p1a: Bisharp|181\/281
|
|turn|16
|
|switch|p2a: Sableye|Sableye, F|303\/303
|move|p1a: Bisharp|Iron Head|p2a: Sableye
|-damage|p2a: Sableye|164\/303
|
|turn|17
|
|switch|p1a: Gardevoir|Gardevoir-Mega, M|277\/277
|detailschange|p2a: Sableye|Sableye-Mega, F
|-mega|p2a: Sableye|Sableye|Sablenite
|move|p2a: Sableye|Recover|p2a: Sableye
|-heal|p2a: Sableye|303\/303
|
|turn|18
|
|switch|p2a: Hydreigon|Hydreigon, M|209\/325
|move|p1a: Gardevoir|Will-O-Wisp|p2a: Hydreigon|[miss]
|-miss|p1a: Gardevoir|p2a: Hydreigon
|
|turn|19
|
|move|p2a: Hydreigon|Dark Pulse|p1a: Gardevoir
|-damage|p1a: Gardevoir|157\/277
|move|p1a: Gardevoir|Hyper Voice|p2a: Hydreigon
|-supereffective|p2a: Hydreigon
|-damage|p2a: Hydreigon|0 fnt
|faint|p2a: Hydreigon
|
|
|switch|p2a: Gengar|Gengar, M, shiny|70\/259
|turn|20
|
|move|p2a: Gengar|Shadow Ball|p1a: Gardevoir
|-supereffective|p1a: Gardevoir
|-damage|p1a: Gardevoir|0 fnt
|-damage|p2a: Gengar|45\/259|[from] item: Life Orb
|faint|p1a: Gardevoir
|
|
|switch|p1a: Bisharp|Bisharp, M|181\/281
|turn|21
|
|move|p1a: Bisharp|Sucker Punch|p2a: Gengar
|-fail|p2a: Gengar
|move|p2a: Gengar|Pain Split|p1a: Bisharp
|-sethp|p1a: Bisharp|113\/281|p2a: Gengar|113\/259|[from] move: Pain Split
|
|turn|22
|
|move|p2a: Gengar|Shadow Ball|p1a: Bisharp
|-resisted|p1a: Bisharp
|-damage|p1a: Bisharp|0 fnt
|-damage|p2a: Gengar|88\/259|[from] item: Life Orb
|faint|p1a: Bisharp
|
|
|switch|p1a: Keldeo-Resolute|Keldeo-Resolute|323\/323
|turn|23
|
|move|p2a: Gengar|Sludge Wave|p1a: Keldeo-Resolute
|-damage|p1a: Keldeo-Resolute|62\/323
|-damage|p2a: Gengar|63\/259|[from] item: Life Orb
|move|p1a: Keldeo-Resolute|Scald|p2a: Gengar
|-damage|p2a: Gengar|0 fnt
|faint|p2a: Gengar
|
|
|switch|p2a: Scizor|Scizor, F|337\/337
|turn|24
|
|move|p2a: Scizor|Bullet Punch|p1a: Keldeo-Resolute
|-crit|p1a: Keldeo-Resolute
|-resisted|p1a: Keldeo-Resolute
|-damage|p1a: Keldeo-Resolute|0 fnt
|faint|p1a: Keldeo-Resolute
|
|win|SuckerforMetal
|raw|Ladder updating...
|raw|bibooo's rating: 1414 &rarr; <strong>1394<\/strong><br \/>(-20 for losing)
|raw|SuckerforMetal's rating: 1424 &rarr; <strong>1444<\/strong><br \/>(+20 for winning)
|leave|bibooo
|player|p1