|join|Reverb
|join|SuckerforMetal
|player|p1|Reverb|#reverb
|player|p2|SuckerforMetal|1
|gametype|singles
|gen|6
|tier|OU
|rated
|clearpoke
|poke|p1|Landorus, M
|poke|p1|Latias, F
|poke|p1|Heatran, F
|poke|p1|Conkeldurr, F
|poke|p1|Azumarill, M
|poke|p1|Metagross
|poke|p2|Gengar, M, shiny
|poke|p2|Hydreigon, M
|poke|p2|Scizor, F
|poke|p2|Lopunny, F
|poke|p2|Gyarados, F
|poke|p2|Clefable, M
|rule|Swagger Clause: Swagger is banned
|rule|Baton Pass Clause: Limit one PokÃ©mon knowing Baton Pass
|rule|Sleep Clause Mod: Limit one foe put to sleep
|rule|Species Clause: Limit one of each PokÃ©mon
|rule|OHKO Clause: OHKO moves are banned
|rule|Moody Clause: Moody is banned
|rule|Evasion Moves Clause: Evasion moves are banned
|rule|Endless Battle Clause: Forcing endless battles is banned
|rule|HP Percentage Mod: HP is shown in percentages
|teampreview
|join|lil manaphy
|join|Tom Bus
|c|âSuckerforMetal|Cool avatar
|join|iplaytennislol
|join|leremyju
|c|âReverb|ty
|c| leremyju|Reverb will hax u put
|c| leremyju|forfeit now
|join|I Iike Squirtles
|
|start
|switch|p1a: Metagross|Metagross|301\/301
|switch|p2a: Lopunny|Lopunny, F|271\/271
|turn|1
|
|detailschange|p2a: Lopunny|Lopunny-Mega, F
|-mega|p2a: Lopunny|Lopunny|Lopunnite
|detailschange|p1a: Metagross|Metagross-Mega
|-mega|p1a: Metagross|Metagross|Metagrossite
|move|p2a: Lopunny|Fake Out|p1a: Metagross
|-crit|p1a: Metagross
|-resisted|p1a: Metagross
|-damage|p1a: Metagross|261\/301
|cant|p1a: Metagross|flinch
|
|turn|2
|c| leremyju|Only 1 mega wins
|
|switch|p2a: Gyarados|Gyarados, F|365\/365
|-ability|p2a: Gyarados|Intimidate|[of] p1a: Metagross
|-unboost|p1a: Metagross|atk|1
|move|p1a: Metagross|Hammer Arm|p2a: Gyarados
|-resisted|p2a: Gyarados
|-damage|p2a: Gyarados|296\/365
|-unboost|p1a: Metagross|spe|1
|
|-heal|p2a: Gyarados|318\/365|[from] item: Leftovers
|turn|3
|join|tomibello
|c| leremyju|?
|c| leremyju|The hydreigon?
|
|switch|p2a: Scizor|Scizor, F|337\/337
|switch|p1a: Azumarill|Azumarill, M|372\/372
|
|turn|4
|
|move|p2a: Scizor|Bullet Punch|p1a: Azumarill
|-damage|p1a: Azumarill|188\/372
|move|p1a: Azumarill|Waterfall|p2a: Scizor
|-damage|p2a: Scizor|99\/337
|
|turn|5
|
|switch|p2a: Gyarados|Gyarados, F|318\/365
|-ability|p2a: Gyarados|Intimidate|[of] p1a: Azumarill
|-unboost|p1a: Azumarill|atk|1
|switch|p1a: Heatran|Heatran, F|385\/385
|
|-heal|p2a: Gyarados|340\/365|[from] item: Leftovers
|turn|6
|
|move|p1a: Heatran|Stealth Rock|p2a: Gyarados
|-sidestart|p2: SuckerforMetal|move: Stealth Rock
|move|p2a: Gyarados|Dragon Dance|p2a: Gyarados
|-boost|p2a: Gyarados|atk|1
|-boost|p2a: Gyarados|spe|1
|
|-heal|p2a: Gyarados|362\/365|[from] item: Leftovers
|turn|7
|
|switch|p1a: Latias|Latias, F|364\/364
|move|p2a: Gyarados|Dragon Dance|p2a: Gyarados
|-boost|p2a: Gyarados|atk|1
|-boost|p2a: Gyarados|spe|1
|
|-heal|p2a: Gyarados|365\/365|[from] item: Leftovers
|turn|8
|
|move|p2a: Gyarados|Bounce|p1a: Latias|[still]
|-prepare|p2a: Gyarados|Bounce|p1a: Latias
|move|p1a: Latias|Thunder Wave|p2a: Gyarados|[miss]
|-miss|p1a: Latias|p2a: Gyarados
|
|turn|9
|
|move|p2a: Gyarados|Bounce|p1a: Latias
|-damage|p1a: Latias|154\/364
|move|p1a: Latias|Thunder Wave|p2a: Gyarados
|-status|p2a: Gyarados|par
|
|-heal|p1a: Latias|176\/364|[from] item: Leftovers
|turn|10
|c| iplaytennislol|.chew
|
|switch|p2a: Hydreigon|Hydreigon, M|325\/325
|-damage|p2a: Hydreigon|285\/325|[from] Stealth Rock
|move|p1a: Latias|Recover|p1a: Latias
|-heal|p1a: Latias|358\/364
|
|-heal|p1a: Latias|364\/364|[from] item: Leftovers
|turn|11
|
|switch|p1a: Conkeldurr|Conkeldurr, F|364\/364
|move|p2a: Hydreigon|Earth Power|p1a: Conkeldurr
|-damage|p1a: Conkeldurr|273\/364
|
|turn|12
|join|Reverend
|
|switch|p2a: Gyarados|Gyarados, F|365\/365 par
|-damage|p2a: Gyarados|274\/365 par|[from] Stealth Rock
|-ability|p2a: Gyarados|Intimidate|[of] p1a: Conkeldurr
|-unboost|p1a: Conkeldurr|atk|1
|move|p1a: Conkeldurr|Drain Punch|p2a: Gyarados
|-resisted|p2a: Gyarados
|-damage|p2a: Gyarados|209\/365 par
|-heal|p1a: Conkeldurr|306\/364|[from] drain|[of] p2a: Gyarados
|
|-heal|p2a: Gyarados|231\/365 par|[from] item: Leftovers
|turn|13
dooggydjs was locked from talking by Reverb. (spamming)
|unlink|hide|dooggydjs
|
|switch|p1a: Latias|Latias, F|364\/364
|move|p2a: Gyarados|Waterfall|p1a: Latias
|-resisted|p1a: Latias
|-damage|p1a: Latias|316\/364
|
|-heal|p1a: Latias|338\/364|[from] item: Leftovers
|-heal|p2a: Gyarados|253\/365 par|[from] item: Leftovers
|turn|14
|join|Kableye's Banana
|c|âSuckerforMetal|Never saw a thunder wavelatias
|join|Alvadora
|
|switch|p2a: Clefable|Clefable, M|394\/394
|move|p1a: Latias|Psyshock|p2a: Clefable
|-damage|p2a: Clefable|288\/394
|
|-heal|p1a: Latias|360\/364|[from] item: Leftovers
|-heal|p2a: Clefable|312\/394|[from] item: Leftovers
|turn|15
|join|WECAMEASROMANS
|c| leremyju|He relies on hax
|join|BeQuietTiffany
|join|Mega Magic Bounce
|
|switch|p1a: Metagross|Metagross-Mega|261\/301
|move|p2a: Clefable|Stealth Rock|p1a: Metagross
|-sidestart|p1: Reverb|move: Stealth Rock
|
|-heal|p2a: Clefable|336\/394|[from] item: Leftovers
|turn|16
|
|switch|p2a: Gyarados|Gyarados, F|253\/365 par
|-damage|p2a: Gyarados|162\/365 par|[from] Stealth Rock
|-ability|p2a: Gyarados|Intimidate|[of] p1a: Metagross
|-unboost|p1a: Metagross|atk|1
|move|p1a: Metagross|Meteor Mash|p2a: Gyarados
|-resisted|p2a: Gyarados
|-damage|p2a: Gyarados|71\/365 par
|
|-heal|p2a: Gyarados|93\/365 par|[from] item: Leftovers
|turn|17
|join|Don't Get Swept
|
|move|p1a: Metagross|Ice Punch|p2a: Gyarados
|-damage|p2a: Gyarados|0 fnt
|faint|p2a: Gyarados
|
|
|switch|p2a: Hydreigon|Hydreigon, M|285\/325
|-damage|p2a: Hydreigon|245\/325|[from] Stealth Rock
|turn|18
|c| leremyju|If ur real
|c| leremyju|hes bluffing
|c| Reverend|yeah that is absolutely not scarf
|c| Reverend|use hammer arm c^:;
|c| leremyju|If he's real
|join|BabyDickBandit
|join|ZvZ
|
|switch|p1a: Azumarill|Azumarill, M|188\/372
|-damage|p1a: Azumarill|142\/372|[from] Stealth Rock
|move|p2a: Hydreigon|U-turn|p1a: Azumarill
|-resisted|p1a: Azumarill
|-damage|p1a: Azumarill|115\/372
|leave|ZvZ
|c| leremyju|Banded damage
|c| leremyju|ofc
|c| Reverend|^
|c| Reverend|it's uh
|c| Reverend|it's absorb bulb
|join|Tyrizzeh
|c| Reverend|clearly
|
|switch|p2a: Clefable|Clefable, M|336\/394
|
|-heal|p2a: Clefable|360\/394|[from] item: Leftovers
|turn|19
|join|Quasi Doodle
|
|switch|p1a: Heatran|Heatran, F|385\/385
|-damage|p1a: Heatran|337\/385|[from] Stealth Rock
|move|p2a: Clefable|Moonblast|p1a: Heatran
|-resisted|p1a: Heatran
|-damage|p1a: Heatran|314\/385
|
|-heal|p1a: Heatran|338\/385|[from] item: Leftovers
|-heal|p2a: Clefable|384\/394|[from] item: Leftovers
|turn|20
|
|move|p1a: Heatran|Lava Plume|p2a: Clefable
|-damage|p2a: Clefable|278\/394
|move|p2a: Clefable|Moonblast|p1a: Heatran
|-resisted|p1a: Heatran
|-damage|p1a: Heatran|312\/385
|
|-heal|p1a: Heatran|336\/385|[from] item: Leftovers
|-heal|p2a: Clefable|302\/394|[from] item: Leftovers
|turn|21
|
|move|p1a: Heatran|Lava Plume|p2a: Clefable
|-damage|p2a: Clefable|203\/394
|-status|p2a: Clefable|brn
|move|p2a: Clefable|Moonblast|p1a: Heatran
|-resisted|p1a: Heatran
|-damage|p1a: Heatran|311\/385
|-unboost|p1a: Heatran|spa|1
|
|-heal|p1a: Heatran|335\/385|[from] item: Leftovers
|-heal|p2a: Clefable|227\/394 brn|[from] item: Leftovers
|turn|22
|join|Chakra
|c| leremyju|My bad ofc
|leave|Chakra
|
|move|p1a: Heatran|Taunt|p2a: Clefable
|-start|p2a: Clefable|move: Taunt
|cant|p2a: Clefable|move: Taunt|Soft-Boiled
|
|-heal|p1a: Heatran|359\/385|[from] item: Leftovers
|-heal|p2a: Clefable|251\/394 brn|[from] item: Leftovers
|turn|23
|
|move|p1a: Heatran|Lava Plume|p2a: Clefable
|-damage|p2a: Clefable|185\/394 brn
|move|p2a: Clefable|Moonblast|p1a: Heatran
|-resisted|p1a: Heatran
|-damage|p1a: Heatran|336\/385
|
|-heal|p1a: Heatran|360\/385|[from] item: Leftovers
|-heal|p2a: Clefable|209\/394 brn|[from] item: Leftovers
|turn|24
|join|Chakra
|c| leremyju|I think that's unaware clef?
|c| lil manaphy|,
|
|switch|p2a: Hydreigon|Hydreigon, M|245\/325
|-damage|p2a: Hydreigon|205\/325|[from] Stealth Rock
|move|p1a: Heatran|Lava Plume|p2a: Hydreigon
|-resisted|p2a: Hydreigon
|-damage|p2a: Hydreigon|158\/325
|
|-heal|p1a: Heatran|384\/385|[from] item: Leftovers
|turn|25
|c| Reverend|it might be cute charm
|c| leremyju|No it's unaware
|
|switch|p1a: Azumarill|Azumarill, M|115\/372
|-damage|p1a: Azumarill|69\/372|[from] Stealth Rock
|move|p2a: Hydreigon|Dark Pulse|p1a: Azumarill
|-crit|p1a: Azumarill
|-resisted|p1a: Azumarill
|-damage|p1a: Azumarill|0 fnt
|faint|p1a: Azumarill
|
|c| Reverend|you're right
|
|switch|p1a: Conkeldurr|Conkeldurr, F|306\/364
|-damage|p1a: Conkeldurr|284\/364|[from] Stealth Rock
|turn|26
|
|switch|p2a: Clefable|Clefable, M|209\/394 brn
|move|p1a: Conkeldurr|Knock Off|p2a: Clefable
|-resisted|p2a: Clefable
|-damage|p2a: Clefable|142\/394 brn
|-enditem|p2a: Clefable|Leftovers|[from] move: Knock Off|[of] p1a: Conkeldurr
|
|turn|27
|c| leremyju|Hydreigon is useless
|c| Reverend|hydreigon can never hold his own child
|c| leremyju|cant use absorb bulb
|c| Reverend|or play the piano
|
|switch|p1a: Metagross|Metagross-Mega|261\/301
|-damage|p1a: Metagross|243\/301|[from] Stealth Rock
|move|p2a: Clefable|Soft-Boiled|p2a: Clefable
|-heal|p2a: Clefable|339\/394 brn
|
|turn|28
|c| leremyju|so sac it
|join|Bloodz
|
|move|p1a: Metagross|Meteor Mash|p2a: Clefable
|-supereffective|p2a: Clefable
|-damage|p2a: Clefable|0 fnt
|-boost|p1a: Metagross|atk|1
|faint|p2a: Clefable
|
|leave|Chakra
|
|switch|p2a: Hydreigon|Hydreigon, M|158\/325
|-damage|p2a: Hydreigon|118\/325|[from] Stealth Rock
|turn|29
|
|switch|p1a: Heatran|Heatran, F|384\/385
|-damage|p1a: Heatran|336\/385|[from] Stealth Rock
|move|p2a: Hydreigon|Dark Pulse|p1a: Heatran
|-damage|p1a: Heatran|201\/385
|
|-heal|p1a: Heatran|225\/385|[from] item: Leftovers
|turn|30
|
|move|p2a: Hydreigon|Dark Pulse|p1a: Heatran
|-damage|p1a: Heatran|78\/385
|move|p1a: Heatran|Lava Plume|p2a: Hydreigon
|-resisted|p2a: Hydreigon
|-damage|p2a: Hydreigon|49\/325
|
|-heal|p1a: Heatran|102\/385|[from] item: Leftovers
|turn|31
|
|move|p2a: Hydreigon|Dark Pulse|p1a: Heatran
|-damage|p1a: Heatran|0 fnt
|faint|p1a: Heatran
|
|join|Super Mario Bros
|
|switch|p1a: Conkeldurr|Conkeldurr, F|284\/364
|-damage|p1a: Conkeldurr|262\/364|[from] Stealth Rock
|turn|32
|c| leremyju|Spam it like a real man
|c| Mega Magic Bounce|if you're real
|join|StarkGod
|c| Don't Get Swept|don't switch to gengar
|
|move|p1a: Conkeldurr|Mach Punch|p2a: Hydreigon
|-supereffective|p2a: Hydreigon
|-damage|p2a: Hydreigon|0 fnt
|faint|p2a: Hydreigon
|
|leave|Bloodz
|
|switch|p2a: Scizor|Scizor, F|99\/337
|-damage|p2a: Scizor|57\/337|[from] Stealth Rock
|turn|33
|c| Reverend|i think its mega scizor guys
|
|switch|p1a: Metagross|Metagross-Mega|243\/301
|-damage|p1a: Metagross|225\/301|[from] Stealth Rock
|move|p2a: Scizor|Bullet Punch|p1a: Metagross
|-resisted|p1a: Metagross
|-damage|p1a: Metagross|165\/301
|
|turn|34
|c| Reverend|here comes the sweep
|c| Reverend|they call him the broom
|
|move|p2a: Scizor|Bullet Punch|p1a: Metagross
|-resisted|p1a: Metagross
|-damage|p1a: Metagross|106\/301
|move|p1a: Metagross|Ice Punch|p2a: Scizor
|-resisted|p2a: Scizor
|-damage|p2a: Scizor|0 fnt
|faint|p2a: Scizor
|
|c| Don't Get Swept|what's gars hp at?
|
|switch|p2a: Lopunny|Lopunny-Mega, F|271\/271
|-damage|p2a: Lopunny|255\/271|[from] Stealth Rock
|turn|35
|
|move|p2a: Lopunny|High Jump Kick|p1a: Metagross
|-damage|p1a: Metagross|0 fnt
|faint|p1a: Metagross
|
|
|switch|p1a: Latias|Latias, F|360\/364
|-damage|p1a: Latias|315\/364|[from] Stealth Rock
|turn|36
|
|move|p2a: Lopunny|Ice Punch|p1a: Latias
|-supereffective|p1a: Latias
|-damage|p1a: Latias|179\/364
|-status|p1a: Latias|frz
|cant|p1a: Latias|frz
|
|-heal|p1a: Latias|201\/364 frz|[from] item: Leftovers
|turn|37
|c| Don't Get Swept|:o
|c| Reverend|real talk, this has to be bold max\/max latias right
|c|âReverb|fuck
|c| Reverend|also owned
|
|move|p2a: Lopunny|Ice Punch|p1a: Latias
|-supereffective|p1a: Latias
|-damage|p1a: Latias|45\/364 frz
|cant|p1a: Latias|frz
|
|-heal|p1a: Latias|67\/364 frz|[from] item: Leftovers
|turn|38
|c| iplaytennislol|doesnt conk still win?
|c| Don't Get Swept|das bad.
|
|move|p2a: Lopunny|Ice Punch|p1a: Latias
|-supereffective|p1a: Latias
|-damage|p1a: Latias|0 fnt
|faint|p1a: Latias
|
|
|switch|p1a: Conkeldurr|Conkeldurr, F|262\/364
|-damage|p1a: Conkeldurr|240\/364|[from] Stealth Rock
|turn|39
|c| Mega Magic Bounce|no, that lopunny is obviously running timid min atk
|c| iplaytennislol|does this live a return
|
|move|p2a: Lopunny|High Jump Kick|p1a: Conkeldurr
|-damage|p1a: Conkeldurr|0 fnt
|faint|p1a: Conkeldurr
|
|-message|Reverb forfeited.
|
|win|SuckerforMetal
|raw|Ladder updating...
|c| iplaytennislol|oh
|raw|Reverb's rating: 1714 &rarr; <strong>1694<\/strong><br \/>(-20 for losing)
|raw|SuckerforMetal's rating: 1714 &rarr; <strong>1734<\/strong><br \/>(+20 for winning)
|c|âReverb|gross :(
|c| iplaytennislol|thats gay
|leave|WECAMEASROMANS
|leave|iplaytennislol
|leave|Don't Get Swept
|join|Prankster
|leave|I Iike Squirtles
|leave|Kableye's Banana
|leave|Tom Bus
|leave|Mega Magic Bounce
|leave|Reverend
|leave|Prankster
|leave|Super Mario Bros
|leave|lil manaphy
|join|Bloodz
|leave|SuckerforMetal
|player|p2
|leave|Reverb
|player|p1
|leave|Bloodz
|leave|tomibello
|leave|Quasi Doodle
|leave|BeQuietTiffany