|join|SuckerforMetal
|join|Catfisk
|player|p1|SuckerforMetal|279
|player|p2|Catfisk|167
|gametype|singles
|tier|OU
|rated
|rule|Evasion Abilities Clause: Evasion abilities are banned
|clearpoke
|poke|p1|Celebi
|poke|p1|Rotom-Wash
|poke|p1|Heatran, M
|poke|p1|Gengar, M, shiny
|poke|p1|Scizor, M
|poke|p1|Hydreigon, M
|poke|p2|Latios, M
|poke|p2|Conkeldurr, M
|poke|p2|Ferrothorn, M
|poke|p2|Jellicent, M
|poke|p2|Heatran, M
|poke|p2|Blissey, F
|rule|Sleep Clause Mod: Limit one foe put to sleep
|rule|Species Clause: Limit one of each Pokemon
|rule|OHKO Clause: OHKO moves are banned
|rule|Moody Clause: Moody is banned
|rule|Evasion Moves Clause: Evasion moves are banned
|rule|HP Percentage Mod: HP is reported as percentages
|teampreview
|callback|decision
|
|start
|switch|p1a: Celebi|Celebi|404\/404
|switch|p2a: Conkeldurr|Conkeldurr, M|414\/414
|turn|1
|callback|decision
|
|switch|p2a: Blissey|Blissey, F|651\/651
|move|p1a: Celebi|U-turn|p2a: Blissey
|-damage|p2a: Blissey|551\/651
|callback|decision
|
|switch|p1a: Scizor|Scizor, M|343\/343
|
|-heal|p2a: Blissey|591\/651|[from] item: Leftovers
|turn|2
|callback|decision
|
|switch|p2a: Conkeldurr|Conkeldurr, M|414\/414
|move|p1a: Scizor|Superpower|p2a: Conkeldurr
|-damage|p2a: Conkeldurr|255\/414
|-unboost|p1a: Scizor|atk|1
|-unboost|p1a: Scizor|def|1
|
|-heal|p2a: Conkeldurr|280\/414|[from] item: Leftovers
|turn|3
|callback|decision
|
|switch|p1a: Rotom-Wash|Rotom-Wash|298\/298
|move|p2a: Conkeldurr|Bulk Up|p2a: Conkeldurr
|-boost|p2a: Conkeldurr|atk|1
|-boost|p2a: Conkeldurr|def|1
|
|-heal|p2a: Conkeldurr|305\/414|[from] item: Leftovers
|turn|4
|callback|decision
|
|move|p1a: Rotom-Wash|Volt Switch|p2a: Conkeldurr
|-damage|p2a: Conkeldurr|100\/414
|callback|decision
|
|switch|p1a: Gengar|Gengar, M, shiny|261\/261
|move|p2a: Conkeldurr|Drain Punch|p1a: Gengar
|-immune|p1a: Gengar|[msg]
|
|-heal|p2a: Conkeldurr|125\/414|[from] item: Leftovers
|turn|5
|callback|decision
|
|move|p1a: Gengar|Shadow Ball|p2a: Conkeldurr
|-damage|p2a: Conkeldurr|0 fnt
|faint|p2a: Conkeldurr
|
|callback|decision
|
|switch|p2a: Heatran|Heatran, M|323\/323
|turn|6
|callback|decision
|
|switch|p1a: Heatran|Heatran, M|386\/386
|move|p2a: Heatran|Crunch|p1a: Heatran
|-resisted|p1a: Heatran
|-damage|p1a: Heatran|359\/386
|-unboost|p1a: Heatran|def|1
|
|-heal|p1a: Heatran|383\/386|[from] item: Leftovers
|turn|7
|callback|decision
|
|switch|p2a: Jellicent|Jellicent, M|341\/341
|move|p1a: Heatran|Stealth Rock|p2a: Jellicent
|-sidestart|p2: Catfisk|move: Stealth Rock
|
|-heal|p1a: Heatran|386\/386|[from] item: Leftovers
|turn|8
|callback|decision
|
|switch|p1a: Rotom-Wash|Rotom-Wash|298\/298
|move|p2a: Jellicent|Scald|p1a: Rotom-Wash
|-resisted|p1a: Rotom-Wash
|-damage|p1a: Rotom-Wash|261\/298
|-status|p1a: Rotom-Wash|brn
|
|-damage|p1a: Rotom-Wash|224\/298 brn|[from] brn
|turn|9
|callback|decision
|
|switch|p2a: Latios|Latios, M|301\/301
|-damage|p2a: Latios|264\/301|[from] Stealth Rock
|move|p1a: Rotom-Wash|Trick|p2a: Latios
|-activate|p1a: Rotom-Wash|move: Trick|[of] p2a: Latios
|-item|p2a: Latios|Choice Specs|[from] move: Trick
|-item|p1a: Rotom-Wash|Life Orb|[from] move: Trick
|
|-damage|p1a: Rotom-Wash|187\/298 brn|[from] brn
|turn|10
|callback|decision
|
|switch|p1a: Heatran|Heatran, M|386\/386
|move|p2a: Latios|Surf|p1a: Heatran
|-supereffective|p1a: Heatran
|-damage|p1a: Heatran|198\/386
|
|-heal|p1a: Heatran|222\/386|[from] item: Leftovers
|turn|11
|callback|decision
|
|switch|p1a: Celebi|Celebi|404\/404
|move|p2a: Latios|Surf|p1a: Celebi
|-resisted|p1a: Celebi
|-damage|p1a: Celebi|357\/404
|
|-heal|p1a: Celebi|382\/404|[from] item: Leftovers
|turn|12
|callback|decision
|
|switch|p2a: Ferrothorn|Ferrothorn, M|352\/352
|-damage|p2a: Ferrothorn|330\/352|[from] Stealth Rock
|move|p1a: Celebi|U-turn|p2a: Ferrothorn
|-damage|p2a: Ferrothorn|298\/352
|-damage|p1a: Celebi|332\/404|[from] ability: Iron Barbs|[of] p2a: Ferrothorn
|callback|decision
|
|switch|p1a: Hydreigon|Hydreigon, M|326\/326
|
|-heal|p2a: Ferrothorn|320\/352|[from] item: Leftovers
|turn|13
|callback|decision
|
|switch|p2a: Blissey|Blissey, F|591\/651
|-damage|p2a: Blissey|510\/651|[from] Stealth Rock
|move|p1a: Hydreigon|Fire Blast|p2a: Blissey
|-damage|p2a: Blissey|426\/651
|
|-heal|p2a: Blissey|466\/651|[from] item: Leftovers
|turn|14
|callback|decision
|
|move|p1a: Hydreigon|Superpower|p2a: Blissey
|-supereffective|p2a: Blissey
|-damage|p2a: Blissey|39\/651
|-unboost|p1a: Hydreigon|atk|1
|-unboost|p1a: Hydreigon|def|1
|move|p2a: Blissey|Toxic|p1a: Hydreigon
|-status|p1a: Hydreigon|tox
|
|-heal|p2a: Blissey|79\/651|[from] item: Leftovers
|-damage|p1a: Hydreigon|306\/326 tox|[from] psn
|turn|15
|callback|decision
|
|move|p1a: Hydreigon|Draco Meteor|p2a: Blissey
|-damage|p2a: Blissey|0 fnt
|-unboost|p1a: Hydreigon|spa|2
|faint|p2a: Blissey
|
|-damage|p1a: Hydreigon|266\/326 tox|[from] psn
|callback|decision
|
|switch|p2a: Heatran|Heatran, M|323\/323
|-damage|p2a: Heatran|283\/323|[from] Stealth Rock
|turn|16
|callback|decision
|
|switch|p1a: Heatran|Heatran, M|222\/386
|move|p2a: Heatran|Earth Power|p1a: Heatran
|-supereffective|p1a: Heatran
|-damage|p1a: Heatran|0 fnt
|faint|p1a: Heatran
|
|callback|decision
|
|switch|p1a: Celebi|Celebi|332\/404
|turn|17
|callback|decision
|
|switch|p2a: Ferrothorn|Ferrothorn, M|320\/352
|-damage|p2a: Ferrothorn|298\/352|[from] Stealth Rock
|move|p1a: Celebi|U-turn|p2a: Ferrothorn
|-damage|p2a: Ferrothorn|267\/352
|-damage|p1a: Celebi|282\/404|[from] ability: Iron Barbs|[of] p2a: Ferrothorn
|callback|decision
|
|switch|p1a: Scizor|Scizor, M|343\/343
|
|-heal|p2a: Ferrothorn|289\/352|[from] item: Leftovers
|turn|18
|callback|decision
|
|move|p1a: Scizor|Superpower|p2a: Ferrothorn
|-supereffective|p2a: Ferrothorn
|-damage|p2a: Ferrothorn|85\/352
|-damage|p1a: Scizor|301\/343|[from] ability: Iron Barbs|[of] p2a: Ferrothorn
|-unboost|p1a: Scizor|atk|1
|-unboost|p1a: Scizor|def|1
|move|p2a: Ferrothorn|Stealth Rock|p1a: Scizor
|-sidestart|p1: SuckerforMetal|move: Stealth Rock
|
|-heal|p1a: Scizor|322\/343|[from] item: Leftovers
|-heal|p2a: Ferrothorn|107\/352|[from] item: Leftovers
|turn|19
|callback|decision
|
|switch|p1a: Rotom-Wash|Rotom-Wash|187\/298 brn
|-damage|p1a: Rotom-Wash|150\/298 brn|[from] Stealth Rock
|move|p2a: Ferrothorn|Leech Seed|p1a: Rotom-Wash
|-start|p1a: Rotom-Wash|move: Leech Seed
|
|-heal|p2a: Ferrothorn|129\/352|[from] item: Leftovers
|-damage|p1a: Rotom-Wash|113\/298 brn|[from] Leech Seed|[of] p2a: Ferrothorn
|-heal|p2a: Ferrothorn|166\/352|[silent]
|-damage|p1a: Rotom-Wash|76\/298 brn|[from] brn
|turn|20
|callback|decision
|
|move|p2a: Ferrothorn|Protect|p2a: Ferrothorn
|-singleturn|p2a: Ferrothorn|Protect
|move|p1a: Rotom-Wash|Hydro Pump|p2a: Ferrothorn
|-activate|p2a: Ferrothorn|Protect
|
|-heal|p2a: Ferrothorn|188\/352|[from] item: Leftovers
|-damage|p1a: Rotom-Wash|39\/298 brn|[from] Leech Seed|[of] p2a: Ferrothorn
|-heal|p2a: Ferrothorn|225\/352|[silent]
|-damage|p1a: Rotom-Wash|2\/298 brn|[from] brn
|turn|21
|callback|decision
|
|move|p1a: Rotom-Wash|Volt Switch|p2a: Ferrothorn
|-resisted|p2a: Ferrothorn
|-damage|p2a: Ferrothorn|174\/352
|-damage|p1a: Rotom-Wash|0 fnt|[from] item: Life Orb
|faint|p1a: Rotom-Wash
|move|p2a: Ferrothorn|Spikes|p1: Rotom-Wash
|-sidestart|p1: SuckerforMetal|Spikes
|
|-heal|p2a: Ferrothorn|196\/352|[from] item: Leftovers
|callback|decision
|
|switch|p1a: Hydreigon|Hydreigon, M|266\/326 tox
|-damage|p1a: Hydreigon|226\/326 tox|[from] Stealth Rock
|turn|22
|callback|decision
|
|move|p2a: Ferrothorn|Protect|p2a: Ferrothorn
|-singleturn|p2a: Ferrothorn|Protect
|move|p1a: Hydreigon|Fire Blast|p2a: Ferrothorn
|-activate|p2a: Ferrothorn|Protect
|
|-heal|p2a: Ferrothorn|218\/352|[from] item: Leftovers
|-damage|p1a: Hydreigon|206\/326 tox|[from] psn
|turn|23
|callback|decision
|
|move|p1a: Hydreigon|Superpower|p2a: Ferrothorn
|-supereffective|p2a: Ferrothorn
|-damage|p2a: Ferrothorn|62\/352
|-damage|p1a: Hydreigon|166\/326 tox|[from] ability: Iron Barbs|[of] p2a: Ferrothorn
|-unboost|p1a: Hydreigon|atk|1
|-unboost|p1a: Hydreigon|def|1
|move|p2a: Ferrothorn|Leech Seed|p1a: Hydreigon
|-start|p1a: Hydreigon|move: Leech Seed
|
|-heal|p2a: Ferrothorn|84\/352|[from] item: Leftovers
|-damage|p1a: Hydreigon|126\/326 tox|[from] Leech Seed|[of] p2a: Ferrothorn
|-heal|p2a: Ferrothorn|124\/352|[silent]
|-damage|p1a: Hydreigon|86\/326 tox|[from] psn
|turn|24
|callback|decision
|
|switch|p1a: Scizor|Scizor, M|322\/343
|-damage|p1a: Scizor|280\/343|[from] Spikes
|-damage|p1a: Scizor|238\/343|[from] Stealth Rock
|move|p2a: Ferrothorn|Spikes|p1a: Scizor
|-sidestart|p1: SuckerforMetal|Spikes
|
|-heal|p1a: Scizor|259\/343|[from] item: Leftovers
|-heal|p2a: Ferrothorn|146\/352|[from] item: Leftovers
|turn|25
|callback|decision
|
|switch|p2a: Jellicent|Jellicent, M|341\/341
|-damage|p2a: Jellicent|299\/341|[from] Stealth Rock
|move|p1a: Scizor|Superpower|p2a: Jellicent
|-immune|p2a: Jellicent|[msg]
|
|-heal|p1a: Scizor|280\/343|[from] item: Leftovers
|-heal|p2a: Jellicent|320\/341|[from] item: Leftovers
|turn|26
|callback|decision
|
|switch|p1a: Celebi|Celebi|282\/404
|-damage|p1a: Celebi|215\/404|[from] Spikes
|-damage|p1a: Celebi|165\/404|[from] Stealth Rock
|move|p2a: Jellicent|Shadow Ball|p1a: Celebi
|-supereffective|p1a: Celebi
|-damage|p1a: Celebi|51\/404
|-unboost|p1a: Celebi|spd|1
|
|-heal|p1a: Celebi|76\/404|[from] item: Leftovers
|-heal|p2a: Jellicent|341\/341|[from] item: Leftovers
|turn|27
|callback|decision
|
|move|p1a: Celebi|Recover|p1a: Celebi
|-heal|p1a: Celebi|278\/404
|move|p2a: Jellicent|Will-O-Wisp|p1a: Celebi|[miss]
|-miss|p2a: Jellicent|p1a: Celebi
|
|-heal|p1a: Celebi|303\/404|[from] item: Leftovers
|turn|28
|callback|decision
|
|move|p1a: Celebi|Giga Drain|p2a: Jellicent
|-supereffective|p2a: Jellicent
|-damage|p2a: Jellicent|161\/341
|-heal|p1a: Celebi|393\/404|[from] drain|[of] p2a: Jellicent
|move|p2a: Jellicent|Shadow Ball|p1a: Celebi
|-supereffective|p1a: Celebi
|-damage|p1a: Celebi|225\/404
|-unboost|p1a: Celebi|spd|1
|
|-heal|p1a: Celebi|250\/404|[from] item: Leftovers
|-heal|p2a: Jellicent|182\/341|[from] item: Leftovers
|turn|29
|callback|decision
|
|switch|p1a: Hydreigon|Hydreigon, M|86\/326 tox
|-damage|p1a: Hydreigon|46\/326 tox|[from] Stealth Rock
|switch|p2a: Heatran|Heatran, M|283\/323
|-damage|p2a: Heatran|243\/323|[from] Stealth Rock
|
|-damage|p1a: Hydreigon|26\/326 tox|[from] psn
|turn|30
|callback|decision
|
|switch|p2a: Latios|Latios, M|264\/301
|-damage|p2a: Latios|227\/301|[from] Stealth Rock
|move|p1a: Hydreigon|Superpower|p2a: Latios
|-resisted|p2a: Latios
|-damage|p2a: Latios|170\/301
|-unboost|p1a: Hydreigon|atk|1
|-unboost|p1a: Hydreigon|def|1
|
|-damage|p1a: Hydreigon|0 fnt|[from] psn
|faint|p1a: Hydreigon
|callback|decision
|
|switch|p1a: Celebi|Celebi|250\/404
|-damage|p1a: Celebi|200\/404|[from] Stealth Rock
|-damage|p1a: Celebi|133\/404|[from] Spikes
|turn|31
|callback|decision
|
|move|p2a: Latios|Draco Meteor|p1a: Celebi
|-damage|p1a: Celebi|0 fnt
|-unboost|p2a: Latios|spa|2
|faint|p1a: Celebi
|
|callback|decision
|
|switch|p1a: Gengar|Gengar, M, shiny|261\/261
|-damage|p1a: Gengar|229\/261|[from] Stealth Rock
|turn|32
|callback|decision
|
|switch|p2a: Ferrothorn|Ferrothorn, M|146\/352
|-damage|p2a: Ferrothorn|124\/352|[from] Stealth Rock
|move|p1a: Gengar|Shadow Ball|p2a: Ferrothorn
|-resisted|p2a: Ferrothorn
|-damage|p2a: Ferrothorn|72\/352
|
|-heal|p1a: Gengar|245\/261|[from] item: Black Sludge
|-heal|p2a: Ferrothorn|94\/352|[from] item: Leftovers
|turn|33
|callback|decision
|
|move|p1a: Gengar|Substitute|p1a: Gengar
|-start|p1a: Gengar|Substitute
|-damage|p1a: Gengar|180\/261
|move|p2a: Ferrothorn|Leech Seed|p1a: Gengar
|
|-heal|p1a: Gengar|196\/261|[from] item: Black Sludge
|-heal|p2a: Ferrothorn|116\/352|[from] item: Leftovers
|turn|34
|callback|decision
|
|move|p1a: Gengar|Focus Blast|p2a: Ferrothorn|[miss]
|-miss|p1a: Gengar|p2a: Ferrothorn
|move|p2a: Ferrothorn|Spikes|p1a: Gengar
|-sidestart|p1: SuckerforMetal|Spikes
|
|-heal|p1a: Gengar|212\/261|[from] item: Black Sludge
|-heal|p2a: Ferrothorn|138\/352|[from] item: Leftovers
|turn|35
|callback|decision
|
|move|p1a: Gengar|Focus Blast|p2a: Ferrothorn
|-supereffective|p2a: Ferrothorn
|-damage|p2a: Ferrothorn|0 fnt
|faint|p2a: Ferrothorn
|
|-heal|p1a: Gengar|228\/261|[from] item: Black Sludge
|callback|decision
|
|switch|p2a: Heatran|Heatran, M|243\/323
|-damage|p2a: Heatran|203\/323|[from] Stealth Rock
|turn|36
|callback|decision
|
|move|p1a: Gengar|Focus Blast|p2a: Heatran|[miss]
|-miss|p1a: Gengar|p2a: Heatran
|move|p2a: Heatran|Crunch|p1a: Gengar
|-supereffective|p1a: Gengar
|-end|p1a: Gengar|Substitute
|
|-heal|p1a: Gengar|244\/261|[from] item: Black Sludge
|turn|37
|callback|decision
|
|move|p1a: Gengar|Focus Blast|p2a: Heatran
|-supereffective|p2a: Heatran
|-damage|p2a: Heatran|0 fnt
|faint|p2a: Heatran
|
|-heal|p1a: Gengar|260\/261|[from] item: Black Sludge
|callback|decision
|
|switch|p2a: Latios|Latios, M|170\/301
|-damage|p2a: Latios|133\/301|[from] Stealth Rock
|turn|38
|callback|decision
|
|switch|p1a: Scizor|Scizor, M|280\/343
|-damage|p1a: Scizor|238\/343|[from] Stealth Rock
|-damage|p1a: Scizor|153\/343|[from] Spikes
|move|p2a: Latios|Psyshock|p1a: Scizor
|-resisted|p1a: Scizor
|-damage|p1a: Scizor|59\/343
|
|-heal|p1a: Scizor|80\/343|[from] item: Leftovers
|turn|39
|callback|decision
|
|move|p1a: Scizor|Bullet Punch|p2a: Latios
|-damage|p2a: Latios|1\/301
|move|p2a: Latios|Psyshock|p1a: Scizor
|-resisted|p1a: Scizor
|-damage|p1a: Scizor|0 fnt
|faint|p1a: Scizor
|
|callback|decision
|
|switch|p1a: Gengar|Gengar, M, shiny|260\/261
|-damage|p1a: Gengar|228\/261|[from] Stealth Rock
|turn|40
|callback|decision
|
|move|p1a: Gengar|Shadow Ball|p2a: Latios
|-supereffective|p2a: Latios
|-damage|p2a: Latios|0 fnt
|faint|p2a: Latios
|
|-heal|p1a: Gengar|244\/261|[from] item: Black Sludge
|callback|decision
|
|switch|p2a: Jellicent|Jellicent, M|182\/341
|-damage|p2a: Jellicent|140\/341|[from] Stealth Rock
|turn|41
|callback|decision
|chat|Catfisk|gg
|
|move|p1a: Gengar|Shadow Ball|p2a: Jellicent
|-supereffective|p2a: Jellicent
|-damage|p2a: Jellicent|0 fnt
|faint|p2a: Jellicent
|
|win|SuckerforMetal
|raw|Ladder updating...
|raw|SuckerforMetal's rating: 1820 &rarr; <strong>1826<\/strong><br \/>(+6 for winning)
|raw|Catfisk's rating: 1681 &rarr; <strong>1671<\/strong><br \/>(-10 for losing)
|chat|SuckerforMetal|great game