|join|Sage Cb.
|join|SuckerforMetal
|player|p1|Sage Cb.|213
|player|p2|SuckerforMetal|169
|gametype|singles
|tier|OU
|rated
|clearpoke
|poke|p1|Gliscor, M
|poke|p1|Vaporeon, F
|poke|p1|Ferrothorn, M
|poke|p1|Ditto
|poke|p1|Aegislash, M
|poke|p1|Excadrill, M
|poke|p2|Gengar, M
|poke|p2|Scizor, F
|poke|p2|Hydreigon, F
|poke|p2|Donphan, M
|poke|p2|Rotom-Wash
|poke|p2|Aegislash, M
|rule|Sleep Clause Mod: Limit one foe put to sleep
|rule|Species Clause: Limit one of each Pokemon
|rule|OHKO Clause: OHKO moves are banned
|rule|Moody Clause: Moody is banned
|rule|Evasion Moves Clause: Evasion moves are banned
|rule|Endless Battle Clause: Forcing endless battles is banned.
|rule|HP Percentage Mod: HP is reported as percentages
|teampreview
|callback|decision
|
|start
|switch|p1a: Irving|Aegislash, M|324\/324
|switch|p2a: Donphan|Donphan, M|384\/384
|turn|1
|callback|decision
|
|switch|p1a: Jagger|Gliscor, M|352\/352
|move|p2a: Donphan|Stealth Rock|p1a: Jagger
|-sidestart|p1: Sage Cb.|move: Stealth Rock
|
|-activate|p1a: Jagger|item: Toxic Orb
|-status|p1a: Jagger|tox
|turn|2
|callback|decision
|
|switch|p1a: Jovi|Ferrothorn, M|352\/352
|-damage|p1a: Jovi|330\/352|[from] Stealth Rock
|switch|p2a: Gengar|Gengar, M|262\/262
|
|turn|3
|callback|decision
|
|switch|p2a: Scizor|Scizor, F|344\/344
|move|p1a: Jovi|Stealth Rock|p2a: Scizor
|-sidestart|p2: SuckerforMetal|move: Stealth Rock
|
|turn|4
|callback|decision
|
|move|p2a: Scizor|U-turn|p1a: Jovi
|-damage|p1a: Jovi|180\/352
|-damage|p2a: Scizor|301\/344|[from] ability: Iron Barbs|[of] p1a: Jovi
|-damage|p2a: Scizor|244\/344|[from] item: Rocky Helmet|[of] p1a: Jovi
|callback|decision
|
|switch|p2a: Hydreigon|Hydreigon, F|325\/325
|-damage|p2a: Hydreigon|285\/325|[from] Stealth Rock
|move|p1a: Jovi|Thunder Wave|p2a: Hydreigon
|-status|p2a: Hydreigon|par
|
|turn|5
|callback|decision
|
|switch|p1a: Diana|Vaporeon, F|464\/464
|-damage|p1a: Diana|406\/464|[from] Stealth Rock
|cant|p2a: Hydreigon|par
|
|-heal|p1a: Diana|435\/464|[from] item: Leftovers
|turn|6
|callback|decision
|
|switch|p2a: Rotom-Wash|Rotom-Wash|299\/299
|-damage|p2a: Rotom-Wash|262\/299|[from] Stealth Rock
|move|p1a: Diana|Wish|p1a: Diana
|
|-heal|p2a: Rotom-Wash|280\/299|[from] item: Leftovers
|-heal|p1a: Diana|464\/464|[from] item: Leftovers
|turn|7
|callback|decision
|
|move|p2a: Rotom-Wash|Will-O-Wisp|p1a: Diana
|-status|p1a: Diana|brn
|move|p1a: Diana|Toxic|p2a: Rotom-Wash|[miss]
|-miss|p1a: Diana|p2a: Rotom-Wash
|
|-heal|p2a: Rotom-Wash|298\/299|[from] item: Leftovers
|-damage|p1a: Diana|406\/464 brn|[from] brn
|turn|8
|callback|decision
|
|move|p2a: Rotom-Wash|Volt Switch|p1a: Diana
|-supereffective|p1a: Diana
|-damage|p1a: Diana|268\/464 brn
|callback|decision
|
|switch|p2a: Aegislash|Aegislash, M|324\/324
|-damage|p2a: Aegislash|304\/324|[from] Stealth Rock
|move|p1a: Diana|Wish|p1a: Diana
|
|-heal|p1a: Diana|297\/464 brn|[from] item: Leftovers
|-heal|p2a: Aegislash|324\/324|[from] item: Leftovers
|-damage|p1a: Diana|239\/464 brn|[from] brn
|turn|9
|callback|decision
|
|switch|p1a: Jovi|Ferrothorn, M|180\/352
|-damage|p1a: Jovi|158\/352|[from] Stealth Rock
|move|p2a: Aegislash|Swords Dance|p2a: Aegislash
|-boost|p2a: Aegislash|atk|2
|
|-heal|p1a: Jovi|352\/352|[from] move: Wish|[wisher] Diana
|turn|10
|callback|decision
|
|move|p2a: Aegislash|Swords Dance|p2a: Aegislash
|-boost|p2a: Aegislash|atk|2
|move|p1a: Jovi|Leech Seed|p2a: Aegislash
|-start|p2a: Aegislash|move: Leech Seed
|
|-damage|p2a: Aegislash|284\/324|[from] Leech Seed|[of] p1a: Jovi
|turn|11
|callback|decision
|
|switch|p1a: Irving|Aegislash, M|324\/324
|-damage|p1a: Irving|304\/324|[from] Stealth Rock
|move|p2a: Aegislash|Swords Dance|p2a: Aegislash
|-boost|p2a: Aegislash|atk|2
|
|-heal|p2a: Aegislash|304\/324|[from] item: Leftovers
|-damage|p2a: Aegislash|264\/324|[from] Leech Seed|[of] p1a: Irving
|-heal|p1a: Irving|324\/324|[silent]
|turn|12
|callback|decision
|
|move|p1a: Irving|King's Shield|p1a: Irving
|-singleturn|p1a: Irving|Protect
|-formechange|p2a: Aegislash|Aegislash-Blade
|move|p2a: Aegislash|Shadow Sneak|p1a: Irving
|-activate|p1a: Irving|Protect
|-unboost|p2a: Aegislash|atk|2
|
|-heal|p2a: Aegislash|284\/324|[from] item: Leftovers
|-damage|p2a: Aegislash|244\/324|[from] Leech Seed|[of] p1a: Irving
|turn|13
|callback|decision
|
|switch|p1a: Jovi|Ferrothorn, M|352\/352
|-damage|p1a: Jovi|330\/352|[from] Stealth Rock
|move|p2a: Aegislash|Shadow Sneak|p1a: Jovi
|-damage|p1a: Jovi|122\/352
|-damage|p2a: Aegislash|204\/324|[from] ability: Iron Barbs|[of] p1a: Jovi
|-damage|p2a: Aegislash|150\/324|[from] item: Rocky Helmet|[of] p1a: Jovi
|
|-heal|p2a: Aegislash|170\/324|[from] item: Leftovers
|-damage|p2a: Aegislash|130\/324|[from] Leech Seed|[of] p1a: Jovi
|-heal|p1a: Jovi|162\/352|[silent]
|turn|14
|callback|decision
|
|move|p2a: Aegislash|Shadow Sneak|p1a: Jovi
|-damage|p1a: Jovi|0 fnt
|-damage|p2a: Aegislash|90\/324|[from] ability: Iron Barbs|[of] p1a: Jovi
|-damage|p2a: Aegislash|36\/324|[from] item: Rocky Helmet|[of] p1a: Jovi
|faint|p1a: Jovi
|
|-heal|p2a: Aegislash|56\/324|[from] item: Leftovers
|callback|decision
|
|switch|p1a: Decoy|Ditto|300\/300
|-damage|p1a: Decoy|263\/300|[from] Stealth Rock
|-transform|p1a: Decoy|p2a: Aegislash
|turn|15
|callback|decision
|
|move|p1a: Decoy|King's Shield|p1a: Decoy
|-singleturn|p1a: Decoy|Protect
|-formechange|p2a: Aegislash|Aegislash
|move|p2a: Aegislash|King's Shield|p2a: Aegislash
|-fail|p2a: Aegislash
|
|-heal|p2a: Aegislash|76\/324|[from] item: Leftovers
|-damage|p2a: Aegislash|36\/324|[from] Leech Seed|[of] p1a: Decoy
|-heal|p1a: Decoy|300\/300|[silent]
|turn|16
|callback|decision
|
|move|p1a: Decoy|Shadow Sneak|p2a: Aegislash
|-supereffective|p2a: Aegislash
|-damage|p2a: Aegislash|0 fnt
|faint|p2a: Aegislash
|
|callback|decision
|
|switch|p2a: Hydreigon|Hydreigon, F|285\/325 par
|-damage|p2a: Hydreigon|245\/325 par|[from] Stealth Rock
|turn|17
|callback|decision
|
|move|p1a: Decoy|Iron Head|p2a: Hydreigon
|-damage|p2a: Hydreigon|0 fnt
|faint|p2a: Hydreigon
|
|callback|decision
|
|switch|p2a: Donphan|Donphan, M|384\/384
|-damage|p2a: Donphan|360\/384|[from] Stealth Rock
|turn|18
|callback|decision
|
|switch|p1a: Jagger|Gliscor, M|352\/352 tox
|-damage|p1a: Jagger|308\/352 tox|[from] Stealth Rock
|move|p2a: Donphan|Earthquake|p1a: Jagger
|-immune|p1a: Jagger|[msg]
|
|-heal|p2a: Donphan|384\/384|[from] item: Leftovers
|-heal|p1a: Jagger|352\/352 tox|[from] ability: Poison Heal
|turn|19
|callback|decision
|
|move|p2a: Donphan|Ice Shard|p1a: Jagger
|-supereffective|p1a: Jagger
|-damage|p1a: Jagger|224\/352 tox
|move|p1a: Jagger|Ice Fang|p2a: Donphan
|-supereffective|p2a: Donphan
|-damage|p2a: Donphan|294\/384
|
|-heal|p2a: Donphan|318\/384|[from] item: Leftovers
|-heal|p1a: Jagger|268\/352 tox|[from] ability: Poison Heal
|turn|20
|callback|decision
|
|move|p2a: Donphan|Ice Shard|p1a: Jagger
|-supereffective|p1a: Jagger
|-damage|p1a: Jagger|140\/352 tox
|move|p1a: Jagger|Substitute|p1a: Jagger
|-start|p1a: Jagger|Substitute
|-damage|p1a: Jagger|52\/352 tox
|
|-heal|p2a: Donphan|342\/384|[from] item: Leftovers
|-heal|p1a: Jagger|96\/352 tox|[from] ability: Poison Heal
|turn|21
|callback|decision
|
|move|p1a: Jagger|Protect|p1a: Jagger
|-singleturn|p1a: Jagger|Protect
|move|p2a: Donphan|Ice Shard|p1a: Jagger
|-activate|p1a: Jagger|Protect
|
|-heal|p2a: Donphan|366\/384|[from] item: Leftovers
|-heal|p1a: Jagger|140\/352 tox|[from] ability: Poison Heal
|turn|22
|callback|decision
|
|move|p2a: Donphan|Ice Shard|p1a: Jagger
|-supereffective|p1a: Jagger
|-end|p1a: Jagger|Substitute
|move|p1a: Jagger|Earthquake|p2a: Donphan
|-damage|p2a: Donphan|270\/384
|
|-heal|p2a: Donphan|294\/384|[from] item: Leftovers
|-heal|p1a: Jagger|184\/352 tox|[from] ability: Poison Heal
|turn|23
|callback|decision
|
|switch|p2a: Rotom-Wash|Rotom-Wash|298\/299
|-damage|p2a: Rotom-Wash|261\/299|[from] Stealth Rock
|move|p1a: Jagger|Protect|p1a: Jagger
|-fail|p1a: Jagger
|
|-heal|p2a: Rotom-Wash|279\/299|[from] item: Leftovers
|-heal|p1a: Jagger|228\/352 tox|[from] ability: Poison Heal
|turn|24
|callback|decision
|
|move|p1a: Jagger|Protect|p1a: Jagger
|-singleturn|p1a: Jagger|Protect
|move|p2a: Rotom-Wash|Volt Switch|p1a: Jagger
|-immune|p1a: Jagger|[msg]
|
|-heal|p2a: Rotom-Wash|297\/299|[from] item: Leftovers
|-heal|p1a: Jagger|272\/352 tox|[from] ability: Poison Heal
|turn|25
|callback|decision
|
|move|p2a: Rotom-Wash|Volt Switch|p1a: Jagger
|-immune|p1a: Jagger|[msg]
|move|p1a: Jagger|Substitute|p1a: Jagger
|-start|p1a: Jagger|Substitute
|-damage|p1a: Jagger|184\/352 tox
|
|-heal|p2a: Rotom-Wash|299\/299|[from] item: Leftovers
|-heal|p1a: Jagger|228\/352 tox|[from] ability: Poison Heal
|turn|26
|callback|decision
|
|switch|p2a: Gengar|Gengar, M|262\/262
|-damage|p2a: Gengar|230\/262|[from] Stealth Rock
|move|p1a: Jagger|Protect|p1a: Jagger
|-fail|p1a: Jagger
|
|-heal|p2a: Gengar|246\/262|[from] item: Black Sludge
|-heal|p1a: Jagger|272\/352 tox|[from] ability: Poison Heal
|turn|27
|callback|decision
|
|move|p1a: Jagger|Protect|p1a: Jagger
|-singleturn|p1a: Jagger|Protect
|move|p2a: Gengar|Shadow Ball|p1a: Jagger
|-activate|p1a: Jagger|Protect
|
|-heal|p2a: Gengar|262\/262|[from] item: Black Sludge
|-heal|p1a: Jagger|316\/352 tox|[from] ability: Poison Heal
|turn|28
|callback|decision
|
|move|p2a: Gengar|Shadow Ball|p1a: Jagger
|-end|p1a: Jagger|Substitute
|move|p1a: Jagger|Ice Fang|p2a: Gengar
|-damage|p2a: Gengar|191\/262
|
|-heal|p2a: Gengar|207\/262|[from] item: Black Sludge
|-heal|p1a: Jagger|352\/352 tox|[from] ability: Poison Heal
|turn|29
|callback|decision
|
|switch|p1a: Diana|Vaporeon, F|239\/464 brn
|-damage|p1a: Diana|181\/464 brn|[from] Stealth Rock
|move|p2a: Gengar|Shadow Ball|p1a: Diana
|-damage|p1a: Diana|72\/464 brn
|-unboost|p1a: Diana|spd|1
|
|-heal|p2a: Gengar|223\/262|[from] item: Black Sludge
|-heal|p1a: Diana|101\/464 brn|[from] item: Leftovers
|-damage|p1a: Diana|43\/464 brn|[from] brn
|turn|30
|callback|decision
|
|move|p2a: Gengar|Shadow Ball|p1a: Diana
|-damage|p1a: Diana|0 fnt
|faint|p1a: Diana
|
|-heal|p2a: Gengar|239\/262|[from] item: Black Sludge
|callback|decision
|
|switch|p1a: Irving|Aegislash, M|324\/324
|-damage|p1a: Irving|304\/324|[from] Stealth Rock
|turn|31
|callback|decision
|
|switch|p2a: Donphan|Donphan, M|294\/384
|-damage|p2a: Donphan|270\/384|[from] Stealth Rock
|-formechange|p1a: Irving|Aegislash-Blade
|move|p1a: Irving|Shadow Ball|p2a: Donphan
|-damage|p2a: Donphan|0 fnt
|-damage|p1a: Irving|272\/324|[from] item: Life Orb
|faint|p2a: Donphan
|
|callback|decision
|
|switch|p2a: Gengar|Gengar, M|239\/262
|-damage|p2a: Gengar|207\/262|[from] Stealth Rock
|turn|32
|callback|decision
|
|-formechange|p1a: Irving|Aegislash
|move|p1a: Irving|King's Shield|p1a: Irving
|-singleturn|p1a: Irving|Protect
|move|p2a: Gengar|Substitute|p2a: Gengar
|-start|p2a: Gengar|Substitute
|-damage|p2a: Gengar|142\/262
|
|-heal|p2a: Gengar|158\/262|[from] item: Black Sludge
|turn|33
|callback|decision
|
|move|p2a: Gengar|Shadow Ball|p1a: Irving
|-supereffective|p1a: Irving
|-damage|p1a: Irving|66\/324
|-formechange|p1a: Irving|Aegislash-Blade
|move|p1a: Irving|Shadow Ball|p2a: Gengar
|-supereffective|p2a: Gengar
|-end|p2a: Gengar|Substitute
|-damage|p1a: Irving|34\/324|[from] item: Life Orb
|
|-heal|p2a: Gengar|174\/262|[from] item: Black Sludge
|turn|34
|callback|decision
|
|move|p2a: Gengar|Disable|p1a: Irving
|-start|p1a: Irving|Disable|Shadow Ball
|cant|p1a: Irving|Disable|Shadow Ball
|
|-heal|p2a: Gengar|190\/262|[from] item: Black Sludge
|turn|35
|callback|decision
|
|move|p2a: Gengar|Substitute|p2a: Gengar
|-start|p2a: Gengar|Substitute
|-damage|p2a: Gengar|125\/262
|move|p1a: Irving|Flash Cannon|p2a: Gengar
|-end|p2a: Gengar|Substitute
|-damage|p1a: Irving|2\/324|[from] item: Life Orb
|
|-heal|p2a: Gengar|141\/262|[from] item: Black Sludge
|turn|36
|callback|decision
|
|switch|p2a: Rotom-Wash|Rotom-Wash|299\/299
|-damage|p2a: Rotom-Wash|262\/299|[from] Stealth Rock
|move|p1a: Irving|Flash Cannon|p2a: Rotom-Wash
|-resisted|p2a: Rotom-Wash
|-damage|p2a: Rotom-Wash|211\/299
|-damage|p1a: Irving|0 fnt|[from] item: Life Orb
|faint|p1a: Irving
|
|-heal|p2a: Rotom-Wash|229\/299|[from] item: Leftovers
|callback|decision
|
|switch|p1a: Decoy|Ditto|300\/300
|-damage|p1a: Decoy|263\/300|[from] Stealth Rock
|-transform|p1a: Decoy|p2a: Rotom-Wash
|turn|37
|callback|decision
|
|move|p2a: Rotom-Wash|Will-O-Wisp|p1a: Decoy
|-status|p1a: Decoy|brn
|move|p1a: Decoy|Will-O-Wisp|p2a: Rotom-Wash
|-status|p2a: Rotom-Wash|brn
|
|-heal|p2a: Rotom-Wash|247\/299 brn|[from] item: Leftovers
|-damage|p1a: Decoy|226\/300 brn|[from] brn
|-damage|p2a: Rotom-Wash|210\/299 brn|[from] brn
|turn|38
|callback|decision
|
|move|p2a: Rotom-Wash|Hydro Pump|p1a: Decoy
|-resisted|p1a: Decoy
|-damage|p1a: Decoy|157\/300 brn
|-enditem|p1a: Decoy|Red Card|[of] p2a: Rotom-Wash
|drag|p2a: Gengar|Gengar, M|141\/262
|-damage|p2a: Gengar|109\/262|[from] Stealth Rock
|move|p1a: Decoy|Volt Switch|p2a: Gengar
|-damage|p2a: Gengar|0 fnt
|faint|p2a: Gengar
|callback|decision
|
|switch|p1a: Jagger|Gliscor, M|352\/352 tox
|-damage|p1a: Jagger|308\/352 tox|[from] Stealth Rock
|
|-heal|p1a: Jagger|352\/352 tox|[from] ability: Poison Heal
|callback|decision
|
|switch|p2a: Rotom-Wash|Rotom-Wash|210\/299 brn
|-damage|p2a: Rotom-Wash|173\/299 brn|[from] Stealth Rock
|turn|39
|callback|decision
|
|move|p1a: Jagger|Protect|p1a: Jagger
|-singleturn|p1a: Jagger|Protect
|move|p2a: Rotom-Wash|Hydro Pump|p1a: Jagger
|-activate|p1a: Jagger|Protect
|
|-heal|p2a: Rotom-Wash|191\/299 brn|[from] item: Leftovers
|-damage|p2a: Rotom-Wash|154\/299 brn|[from] brn
|turn|40
|callback|decision
|
|move|p2a: Rotom-Wash|Hydro Pump|p1a: Jagger
|-supereffective|p1a: Jagger
|-damage|p1a: Jagger|0 fnt
|faint|p1a: Jagger
|
|-heal|p2a: Rotom-Wash|172\/299 brn|[from] item: Leftovers
|-damage|p2a: Rotom-Wash|135\/299 brn|[from] brn
|callback|decision
|
|switch|p1a: Decoy|Ditto|157\/300 brn
|-damage|p1a: Decoy|120\/300 brn|[from] Stealth Rock
|-transform|p1a: Decoy|p2a: Rotom-Wash
|turn|41
|callback|decision
|
|move|p1a: Decoy|Pain Split|p2a: Rotom-Wash
|-sethp|p2a: Rotom-Wash|127\/299 brn|p1a: Decoy|127\/300 brn|[from] move: Pain Split
|move|p2a: Rotom-Wash|Hydro Pump|p1a: Decoy
|-resisted|p1a: Decoy
|-damage|p1a: Decoy|65\/300 brn
|
|-heal|p2a: Rotom-Wash|145\/299 brn|[from] item: Leftovers
|-damage|p2a: Rotom-Wash|108\/299 brn|[from] brn
|-damage|p1a: Decoy|28\/300 brn|[from] brn
|turn|42
|callback|decision
|
|move|p2a: Rotom-Wash|Hydro Pump|p1a: Decoy
|-resisted|p1a: Decoy
|-damage|p1a: Decoy|0 fnt
|faint|p1a: Decoy
|
|-heal|p2a: Rotom-Wash|126\/299 brn|[from] item: Leftovers
|-damage|p2a: Rotom-Wash|89\/299 brn|[from] brn
|callback|decision
|
|switch|p1a: Windet|Excadrill, M|362\/362
|-damage|p1a: Windet|351\/362|[from] Stealth Rock
|-ability|p1a: Windet|Mold Breaker
|-item|p1a: Windet|Air Balloon
|turn|43
|callback|decision
|
|move|p1a: Windet|Earthquake|p2a: Rotom-Wash
|-supereffective|p2a: Rotom-Wash
|-damage|p2a: Rotom-Wash|0 fnt
|faint|p2a: Rotom-Wash
|
|callback|decision
|
|switch|p2a: Scizor|Scizor, F|244\/344
|-damage|p2a: Scizor|201\/344|[from] Stealth Rock
|turn|44
|callback|decision
|
|move|p1a: Windet|Earthquake|p2a: Scizor
|-damage|p2a: Scizor|14\/344
|move|p2a: Scizor|Superpower|p1a: Windet
|-supereffective|p1a: Windet
|-damage|p1a: Windet|0 fnt
|-enditem|p1a: Windet|Air Balloon
|-unboost|p2a: Scizor|atk|1
|-unboost|p2a: Scizor|def|1
|faint|p1a: Windet
|
|win|SuckerforMetal
|raw|Ladder updating...
|raw|Sage Cb.'s rating: 1637 &rarr; <strong>1613<\/strong><br \/>(-24 for losing)
|raw|SuckerforMetal's rating: 1655 &rarr; <strong>1717<\/strong><br \/>(+62 for winning)
|chat|Sage Cb.|GG
|chat|Sage Cb.|! :)
|leave|Sage Cb.
|player|p1