|join|thx zarel
|join|SuckerforMetal
|player|p1|thx zarel|84
|player|p2|SuckerforMetal|1
|gametype|singles
|gen|6
|tier|OU
|rated
|clearpoke
|poke|p1|Gyarados, M
|poke|p1|Thundurus, M
|poke|p1|Mamoswine, F
|poke|p1|Aegislash, M
|poke|p1|Latios, M
|poke|p1|Conkeldurr, F
|poke|p2|Klefki, F
|poke|p2|Gengar, M
|poke|p2|Hydreigon, M
|poke|p2|Azumarill, M
|poke|p2|Aerodactyl, M
|poke|p2|Scizor, M
|rule|Sleep Clause Mod: Limit one foe put to sleep
|rule|Species Clause: Limit one of each Pokemon
|rule|OHKO Clause: OHKO moves are banned
|rule|Moody Clause: Moody is banned
|rule|Evasion Moves Clause: Evasion moves are banned
|rule|Endless Battle Clause: Forcing endless battles is banned.
|rule|HP Percentage Mod: HP is reported as percentages
|teampreview
|
|start
|switch|p1a: Mamoswine|Mamoswine, F|361\/361
|switch|p2a: Aerodactyl|Aerodactyl, M|302\/302
|turn|1
|
|-formechange|p2a: Aerodactyl|Aerodactyl-Mega
|message|Aerodactyl has Mega Evolved into Mega Aerodactyl!
|move|p2a: Aerodactyl|Stone Edge|p1a: Mamoswine
|-damage|p1a: Mamoswine|139\/361
|move|p1a: Mamoswine|Icicle Spear|p2a: Aerodactyl
|-supereffective|p2a: Aerodactyl
|-damage|p2a: Aerodactyl|212\/302
|-supereffective|p2a: Aerodactyl
|-damage|p2a: Aerodactyl|128\/302
|-supereffective|p2a: Aerodactyl
|-damage|p2a: Aerodactyl|44\/302
|-hitcount|p2a: Aerodactyl|3
|
|turn|2
|join|FalseProphetEevee
|join|testing sht
|
|switch|p2a: Azumarill|Azumarill, M|403\/403
|move|p1a: Mamoswine|Ice Shard|p2a: Azumarill
|-resisted|p2a: Azumarill
|-damage|p2a: Azumarill|367\/403
|
|turn|3
|
|move|p2a: Azumarill|Aqua Jet|p1a: Mamoswine
|-supereffective|p1a: Mamoswine
|-damage|p1a: Mamoswine|0 fnt
|faint|p1a: Mamoswine
|
|
|switch|p1a: Gyarados|Gyarados, M|331\/331
|-ability|p1a: Gyarados|Intimidate|[of] p2a: Azumarill
|-unboost|p2a: Azumarill|atk|1
|turn|4
|
|switch|p2a: Klefki|Klefki, F|318\/318
|move|p1a: Gyarados|Dragon Dance|p1a: Gyarados
|-boost|p1a: Gyarados|atk|1
|-boost|p1a: Gyarados|spe|1
|
|turn|5
|chat|testing sht|:]
|
|switch|p1a: Conkeldurr|Conkeldurr, F|351\/351
|move|p2a: Klefki|Foul Play|p1a: Conkeldurr
|-resisted|p1a: Conkeldurr
|-damage|p1a: Conkeldurr|288\/351
|
|turn|6
|
|switch|p2a: Azumarill|Azumarill, M|367\/403
|move|p1a: Conkeldurr|Knock Off|p2a: Azumarill
|-crit|p2a: Azumarill
|-resisted|p2a: Azumarill
|-damage|p2a: Azumarill|253\/403
|-enditem|p2a: Azumarill|Choice Band|[from] move: Knock Off|[of] p1a: Conkeldurr
|
|turn|7
|join|kjnm
|
|switch|p1a: Aegislash|Aegislash, M|319\/319
|move|p2a: Azumarill|Play Rough|p1a: Aegislash
|-resisted|p1a: Aegislash
|-damage|p1a: Aegislash|256\/319
|
|turn|8
|
|-formechange|p1a: Aegislash|Aegislash-Blade
|move|p1a: Aegislash|Flash Cannon|p2a: Azumarill
|-damage|p2a: Azumarill|40\/403
|move|p2a: Azumarill|Waterfall|p1a: Aegislash
|-damage|p1a: Aegislash|0 fnt
|faint|p1a: Aegislash
|
|chat|thx zarel|come the fuck on
|
|switch|p1a: Gyarados|Gyarados, M|331\/331
|-ability|p1a: Gyarados|Intimidate|[of] p2a: Azumarill
|-unboost|p2a: Azumarill|atk|1
|turn|9
|
|move|p1a: Gyarados|Waterfall|p2a: Azumarill
|-resisted|p2a: Azumarill
|-damage|p2a: Azumarill|0 fnt
|faint|p2a: Azumarill
|
|
|switch|p2a: Aerodactyl|Aerodactyl, M|44\/302
|-formechange|p2a: Aerodactyl|Aerodactyl-Mega
|turn|10
|
|-formechange|p1a: Gyarados|Gyarados-Mega
|message|Gyarados has Mega Evolved into Mega Gyarados!
|-ability|p1a: Gyarados|Mold Breaker
|move|p2a: Aerodactyl|Stealth Rock|p1a: Gyarados
|-sidestart|p1: thx zarel|move: Stealth Rock
|move|p1a: Gyarados|Dragon Dance|p1a: Gyarados
|-boost|p1a: Gyarados|atk|1
|-boost|p1a: Gyarados|spe|1
|
|turn|11
|
|move|p2a: Aerodactyl|Stone Edge|p1a: Gyarados
|-damage|p1a: Gyarados|172\/331
|move|p1a: Gyarados|Waterfall|p2a: Aerodactyl
|-supereffective|p2a: Aerodactyl
|-damage|p2a: Aerodactyl|0 fnt
|faint|p2a: Aerodactyl
|
|chat|thx zarel|slow af gyara
|chat|testing sht|dd agn
|chat|testing sht|:s
|
|switch|p2a: Hydreigon|Hydreigon, M|325\/325
|turn|12
|
|move|p1a: Gyarados|Ice Fang|p2a: Hydreigon
|-supereffective|p2a: Hydreigon
|-damage|p2a: Hydreigon|19\/325
|move|p2a: Hydreigon|Draco Meteor|p1a: Gyarados
|-damage|p1a: Gyarados|0 fnt
|-unboost|p2a: Hydreigon|spa|2
|faint|p1a: Gyarados
|
|chat|thx zarel|COME ON GYARA YOU WEAK FUCK
|
|switch|p1a: Conkeldurr|Conkeldurr, F|288\/351
|-damage|p1a: Conkeldurr|267\/351|[from] Stealth Rock
|turn|13
|join|Altilt
|
|move|p1a: Conkeldurr|Mach Punch|p2a: Hydreigon
|-supereffective|p2a: Hydreigon
|-damage|p2a: Hydreigon|0 fnt
|faint|p2a: Hydreigon
|
|
|switch|p2a: Klefki|Klefki, F|318\/318
|turn|14
|
|move|p2a: Klefki|Draining Kiss|p1a: Conkeldurr
|-supereffective|p1a: Conkeldurr
|-damage|p1a: Conkeldurr|207\/351
|move|p1a: Conkeldurr|Drain Punch|p2a: Klefki
|-damage|p2a: Klefki|206\/318
|-heal|p1a: Conkeldurr|263\/351|[from] drain|[of] p2a: Klefki
|
|-heal|p2a: Klefki|225\/318|[from] item: Leftovers
|turn|15
|chat|thx zarel|massive
|chat|thx zarel|dmg
|chat|testing sht|muh keys ;_;
|
|move|p2a: Klefki|Draining Kiss|p1a: Conkeldurr
|-supereffective|p1a: Conkeldurr
|-damage|p1a: Conkeldurr|201\/351
|-heal|p2a: Klefki|272\/318|[from] drain|[of] p1a: Conkeldurr
|move|p1a: Conkeldurr|Drain Punch|p2a: Klefki
|-damage|p2a: Klefki|143\/318
|-heal|p1a: Conkeldurr|266\/351|[from] drain|[of] p2a: Klefki
|
|-heal|p2a: Klefki|162\/318|[from] item: Leftovers
|turn|16
|chat|thx zarel|this battle is going places
|
|move|p2a: Klefki|Draining Kiss|p1a: Conkeldurr
|-supereffective|p1a: Conkeldurr
|-damage|p1a: Conkeldurr|210\/351
|-heal|p2a: Klefki|204\/318|[from] drain|[of] p1a: Conkeldurr
|move|p1a: Conkeldurr|Drain Punch|p2a: Klefki
|-damage|p2a: Klefki|75\/318
|-heal|p1a: Conkeldurr|275\/351|[from] drain|[of] p2a: Klefki
|
|-heal|p2a: Klefki|94\/318|[from] item: Leftovers
|turn|17
|chat|testing sht|doesnt even
|
|move|p2a: Klefki|Thunder Wave|p1a: Conkeldurr
|-status|p1a: Conkeldurr|par
|move|p1a: Conkeldurr|Drain Punch|p2a: Klefki
|-damage|p2a: Klefki|0 fnt
|-heal|p1a: Conkeldurr|322\/351 par|[from] drain|[of] p2a: Klefki
|faint|p2a: Klefki
|
|chat|testing sht|have lips
|chat|testing sht|:<
|chat|thx zarel|click
|chat|thx zarel|quick
|chat|thx zarel|twave it
|
|switch|p2a: Gengar|Gengar, M|262\/262
|turn|18
|
|move|p2a: Gengar|Substitute|p2a: Gengar
|-start|p2a: Gengar|Substitute
|-damage|p2a: Gengar|197\/262
|cant|p1a: Conkeldurr|par
|
|-heal|p2a: Gengar|213\/262|[from] item: Black Sludge
|turn|19
|chat|thx zarel|and get lucky
|
|move|p2a: Gengar|Shadow Ball|p1a: Conkeldurr
|-damage|p1a: Conkeldurr|219\/351 par
|cant|p1a: Conkeldurr|par
|
|-heal|p2a: Gengar|229\/262|[from] item: Black Sludge
|turn|20
|chat|thx zarel|get
|chat|thx zarel|really
|chat|thx zarel|really
|chat|thx zarel|lucky
|chat|testing sht|more pls
|
|move|p2a: Gengar|Sludge Bomb|p1a: Conkeldurr
|-damage|p1a: Conkeldurr|114\/351 par
|move|p1a: Conkeldurr|Knock Off|p2a: Gengar
|-supereffective|p2a: Gengar
|-end|p2a: Gengar|Substitute
|
|-heal|p2a: Gengar|245\/262|[from] item: Black Sludge
|turn|21
|
|move|p2a: Gengar|Substitute|p2a: Gengar
|-start|p2a: Gengar|Substitute
|-damage|p2a: Gengar|180\/262
|move|p1a: Conkeldurr|Ice Punch|p2a: Gengar
|-end|p2a: Gengar|Substitute
|
|-heal|p2a: Gengar|196\/262|[from] item: Black Sludge
|turn|22
|
|move|p2a: Gengar|Substitute|p2a: Gengar
|-start|p2a: Gengar|Substitute
|-damage|p2a: Gengar|131\/262
|move|p1a: Conkeldurr|Knock Off|p2a: Gengar
|-supereffective|p2a: Gengar
|-end|p2a: Gengar|Substitute
|
|-heal|p2a: Gengar|147\/262|[from] item: Black Sludge
|turn|23
|
|move|p2a: Gengar|Disable|p1a: Conkeldurr
|-start|p1a: Conkeldurr|Disable|Knock Off
|cant|p1a: Conkeldurr|par
|
|-heal|p2a: Gengar|163\/262|[from] item: Black Sludge
|turn|24
|chat|thx zarel|FUCK
|chat|thx zarel|YOU
|chat|thx zarel|FUCK THIS GAME
|chat|FalseProphetEevee|lololol
|chat|testing sht|:~)
|
|move|p2a: Gengar|Sludge Bomb|p1a: Conkeldurr
|-damage|p1a: Conkeldurr|0 fnt
|faint|p1a: Conkeldurr
|
|-heal|p2a: Gengar|179\/262|[from] item: Black Sludge
|
|switch|p1a: Thundurus|Thundurus, M|299\/299
|-damage|p1a: Thundurus|225\/299|[from] Stealth Rock
|turn|25
|chat|Altilt|MAX
|chat|Altilt|ROLL
|
|move|p1a: Thundurus|Nasty Plot|p1a: Thundurus
|-boost|p1a: Thundurus|spa|2
|move|p2a: Gengar|Sludge Bomb|p1a: Thundurus
|-damage|p1a: Thundurus|17\/299
|
|-heal|p1a: Thundurus|35\/299|[from] item: Leftovers
|-heal|p2a: Gengar|195\/262|[from] item: Black Sludge
|turn|26
|chat|Altilt|I wanted
|chat|Altilt|the
|
|move|p1a: Thundurus|Thunderbolt|p2a: Gengar
|-damage|p2a: Gengar|0 fnt
|faint|p2a: Gengar
|
|-heal|p1a: Thundurus|53\/299|[from] item: Leftovers
|chat|Altilt|poison
|chat|thx zarel|fucker shoulda poisoned
|chat|Altilt|so bad
|
|switch|p2a: Scizor|Scizor, M|343\/343
|turn|27
|
|move|p2a: Scizor|Bullet Punch|p1a: Thundurus
|-resisted|p1a: Thundurus
|-damage|p1a: Thundurus|0 fnt
|faint|p1a: Thundurus
|
|
|switch|p1a: Latios|Latios, M|301\/301
|-damage|p1a: Latios|264\/301|[from] Stealth Rock
|turn|28
|chat|thx zarel|i fucking hate this game
|
|move|p2a: Scizor|Bullet Punch|p1a: Latios
|-crit|p1a: Latios
|-damage|p1a: Latios|0 fnt
|faint|p1a: Latios
|
|win|SuckerforMetal
|raw|Ladder updating...
|chat|Altilt|hp fire
|chat|Altilt|or
|raw|thx zarel's rating: 1693 &rarr; <strong>1662<\/strong><br \/>(-31 for losing)
|raw|SuckerforMetal's rating: 1473 &rarr; <strong>1504<\/strong><br \/>(+31 for winning)
|chat|Altilt|bust
|chat|Altilt|o
|chat|testing sht|:c
|leave|thx zarel
|player|p1
|leave|testing sht
|leave|Altilt
|chat|FalseProphetEevee|top