|join|SuckerforMetal
|join|duncanhoopz
|player|p1|SuckerforMetal|101
|player|p2|duncanhoopz|1
|gametype|singles
|gen|6
|tier|OU (suspect test)
|rated
|clearpoke
|poke|p1|Gengar, M, shiny
|poke|p1|Hydreigon, F
|poke|p1|Scizor, M
|poke|p1|Sableye, M
|poke|p1|Landorus-Therian, M
|poke|p1|Vaporeon, M
|poke|p2|Metagross
|poke|p2|Keldeo
|poke|p2|Talonflame, M
|poke|p2|Landorus-Therian, M
|poke|p2|Raikou
|poke|p2|Latios, M
|rule|Swagger Clause: Swagger is banned
|rule|Baton Pass Clause: Limit one PokÃ©mon knowing Baton Pass
|rule|Sleep Clause Mod: Limit one foe put to sleep
|rule|Species Clause: Limit one of each PokÃ©mon
|rule|OHKO Clause: OHKO moves are banned
|rule|Moody Clause: Moody is banned
|rule|Evasion Moves Clause: Evasion moves are banned
|rule|Endless Battle Clause: Forcing endless battles is banned
|rule|HP Percentage Mod: HP is shown in percentages
|teampreview
|
|start
|switch|p1a: Sableye|Sableye, M|304\/304
|switch|p2a: Raikou|Raikou|321\/321
|-ability|p2a: Raikou|Pressure
|turn|1
|
|switch|p1a: Landorus-Therian|Landorus-Therian, M|380\/380
|-ability|p1a: Landorus-Therian|Intimidate|[of] p2a: Raikou
|-unboost|p2a: Raikou|atk|1
|move|p2a: Raikou|Volt Switch|p1a: Landorus-Therian
|-immune|p1a: Landorus-Therian|[msg]
|
|turn|2
|
|switch|p1a: Scizor|Scizor, M|340\/340
|move|p2a: Raikou|Hidden Power|p1a: Scizor
|-resisted|p1a: Scizor
|-damage|p1a: Scizor|304\/340
|
|turn|3
|
|move|p2a: Raikou|Volt Switch|p1a: Scizor
|-damage|p1a: Scizor|177\/340
|
|switch|p2a: Landorus-Therian|Landorus-Therian, M|382\/382
|-ability|p2a: Landorus-Therian|Intimidate|[of] p1a: Scizor
|-unboost|p1a: Scizor|atk|1
|move|p1a: Scizor|U-turn|p2a: Landorus-Therian
|-resisted|p2a: Landorus-Therian
|-damage|p2a: Landorus-Therian|326\/382
|
|switch|p1a: Sableye|Sableye, M|304\/304
|
|-heal|p2a: Landorus-Therian|349\/382|[from] item: Leftovers
|turn|4
|
|switch|p2a: Talonflame|Talonflame, M|297\/297
|move|p1a: Sableye|Will-O-Wisp|p2a: Talonflame
|-fail|p2a: Talonflame
|
|turn|5
|
|switch|p1a: Landorus-Therian|Landorus-Therian, M|380\/380
|-ability|p1a: Landorus-Therian|Intimidate|[of] p2a: Talonflame
|-unboost|p2a: Talonflame|atk|1
|move|p2a: Talonflame|Brave Bird|p1a: Landorus-Therian
|-damage|p1a: Landorus-Therian|242\/380
|-damage|p2a: Talonflame|251\/297|[from] recoil|[of] p1a: Landorus-Therian
|
|-heal|p1a: Landorus-Therian|265\/380|[from] item: Leftovers
|turn|6
|
|switch|p2a: Keldeo|Keldeo|323\/323
|move|p1a: Landorus-Therian|Stealth Rock|p2a: Keldeo
|-sidestart|p2: duncanhoopz|move: Stealth Rock
|
|-heal|p1a: Landorus-Therian|288\/380|[from] item: Leftovers
|turn|7
|
|switch|p1a: Vaporeon|Vaporeon, M|451\/451
|move|p2a: Keldeo|Substitute|p2a: Keldeo
|-start|p2a: Keldeo|Substitute
|-damage|p2a: Keldeo|243\/323
|
|turn|8
|
|move|p2a: Keldeo|Calm Mind|p2a: Keldeo
|-boost|p2a: Keldeo|spa|1
|-boost|p2a: Keldeo|spd|1
|move|p1a: Vaporeon|Wish|p1a: Vaporeon
|
|turn|9
|
|move|p2a: Keldeo|Calm Mind|p2a: Keldeo
|-boost|p2a: Keldeo|spa|1
|-boost|p2a: Keldeo|spd|1
|move|p1a: Vaporeon|Roar|p2a: Keldeo
|drag|p2a: Talonflame|Talonflame, M|251\/297
|-damage|p2a: Talonflame|103\/297|[from] Stealth Rock
|
|turn|10
|
|move|p2a: Talonflame|U-turn|p1a: Vaporeon
|-damage|p1a: Vaporeon|352\/451
|
|switch|p2a: Latios|Latios, M|301\/301
|-damage|p2a: Latios|264\/301|[from] Stealth Rock
|move|p1a: Vaporeon|Roar|p2a: Latios
|drag|p2a: Landorus-Therian|Landorus-Therian, M|349\/382
|-damage|p2a: Landorus-Therian|302\/382|[from] Stealth Rock
|-ability|p2a: Landorus-Therian|Intimidate|[of] p1a: Vaporeon
|-unboost|p1a: Vaporeon|atk|1
|
|-heal|p2a: Landorus-Therian|325\/382|[from] item: Leftovers
|-heal|p1a: Vaporeon|380\/451|[from] item: Leftovers
|turn|11
|
|move|p2a: Landorus-Therian|U-turn|p1a: Vaporeon
|-damage|p1a: Vaporeon|302\/451
|
|switch|p2a: Latios|Latios, M|264\/301
|-damage|p2a: Latios|227\/301|[from] Stealth Rock
|move|p1a: Vaporeon|Wish|p1a: Vaporeon
|
|-heal|p1a: Vaporeon|330\/451|[from] item: Leftovers
|turn|12
|
|switch|p1a: Scizor|Scizor, M|177\/340
|move|p2a: Latios|Defog|p1a: Scizor
|-unboost|p1a: Scizor|evasion|1
|-sideend|p2: duncanhoopz|Stealth Rock|[from] move: Defog|[of] p2a: Latios
|
|-heal|p1a: Scizor|340\/340|[from] move: Wish|[wisher] Vaporeon
|turn|13
|
|switch|p1a: Vaporeon|Vaporeon, M|330\/451
|move|p2a: Latios|Hidden Power|p1a: Vaporeon
|-resisted|p1a: Vaporeon
|-damage|p1a: Vaporeon|290\/451
|-damage|p2a: Latios|197\/301|[from] item: Life Orb
|
|-heal|p1a: Vaporeon|318\/451|[from] item: Leftovers
|turn|14
|
|move|p1a: Vaporeon|Protect|p1a: Vaporeon
|-singleturn|p1a: Vaporeon|Protect
|move|p2a: Latios|Draco Meteor|p1a: Vaporeon
|-activate|p1a: Vaporeon|Protect
|
|-heal|p1a: Vaporeon|346\/451|[from] item: Leftovers
|turn|15
|
|move|p2a: Latios|Psyshock|p1a: Vaporeon
|-damage|p1a: Vaporeon|150\/451
|-damage|p2a: Latios|167\/301|[from] item: Life Orb
|move|p1a: Vaporeon|Wish|p1a: Vaporeon
|
|-heal|p1a: Vaporeon|178\/451|[from] item: Leftovers
|turn|16
|
|switch|p2a: Raikou|Raikou|321\/321
|-ability|p2a: Raikou|Pressure
|move|p1a: Vaporeon|Protect|p1a: Vaporeon
|-fail|p1a: Vaporeon
|
|-heal|p1a: Vaporeon|403\/451|[from] move: Wish|[wisher] Vaporeon
|-heal|p1a: Vaporeon|431\/451|[from] item: Leftovers
|turn|17
|
|move|p1a: Vaporeon|Protect|p1a: Vaporeon
|-singleturn|p1a: Vaporeon|Protect
|move|p2a: Raikou|Thunderbolt|p1a: Vaporeon
|-activate|p1a: Vaporeon|Protect
|
|-heal|p1a: Vaporeon|451\/451|[from] item: Leftovers
|turn|18
|
|switch|p1a: Hydreigon|Hydreigon, F|325\/325
|move|p2a: Raikou|Hidden Power|p1a: Hydreigon
|-supereffective|p1a: Hydreigon
|-damage|p1a: Hydreigon|185\/325
|
|turn|19
|
|move|p1a: Hydreigon|Draco Meteor|p2a: Raikou
|-damage|p2a: Raikou|146\/321
|-unboost|p1a: Hydreigon|spa|2
|move|p2a: Raikou|Hidden Power|p1a: Hydreigon
|-supereffective|p1a: Hydreigon
|-damage|p1a: Hydreigon|45\/325
|
|turn|20
|
|switch|p1a: Scizor|Scizor, M|340\/340
|switch|p2a: Metagross|Metagross|301\/301
|
|turn|21
|
|switch|p2a: Landorus-Therian|Landorus-Therian, M|325\/382
|-ability|p2a: Landorus-Therian|Intimidate|[of] p1a: Scizor
|-unboost|p1a: Scizor|atk|1
|move|p1a: Scizor|Knock Off|p2a: Landorus-Therian
|-damage|p2a: Landorus-Therian|224\/382
|-enditem|p2a: Landorus-Therian|Leftovers|[from] move: Knock Off|[of] p1a: Scizor
|
|turn|22
|
|switch|p1a: Landorus-Therian|Landorus-Therian, M|288\/380
|-ability|p1a: Landorus-Therian|Intimidate|[of] p2a: Landorus-Therian
|-unboost|p2a: Landorus-Therian|atk|1
|move|p2a: Landorus-Therian|Stealth Rock|p1a: Landorus-Therian
|-sidestart|p1: SuckerforMetal|move: Stealth Rock
|
|-heal|p1a: Landorus-Therian|311\/380|[from] item: Leftovers
|turn|23
|
|move|p1a: Landorus-Therian|Stealth Rock|p2a: Landorus-Therian
|-sidestart|p2: duncanhoopz|move: Stealth Rock
|move|p2a: Landorus-Therian|U-turn|p1a: Landorus-Therian
|-resisted|p1a: Landorus-Therian
|-damage|p1a: Landorus-Therian|291\/380
|
|switch|p2a: Metagross|Metagross|301\/301
|-damage|p2a: Metagross|283\/301|[from] Stealth Rock
|
|-heal|p1a: Landorus-Therian|314\/380|[from] item: Leftovers
|turn|24
|
|switch|p1a: Vaporeon|Vaporeon, M|451\/451
|-damage|p1a: Vaporeon|395\/451|[from] Stealth Rock
|detailschange|p2a: Metagross|Metagross-Mega
|-mega|p2a: Metagross|Metagross|Metagrossite
|move|p2a: Metagross|Grass Knot|p1a: Vaporeon
|-supereffective|p1a: Vaporeon
|-damage|p1a: Vaporeon|283\/451
|
|-heal|p1a: Vaporeon|311\/451|[from] item: Leftovers
|turn|25
|
|switch|p2a: Latios|Latios, M|167\/301
|-damage|p2a: Latios|130\/301|[from] Stealth Rock
|move|p1a: Vaporeon|Wish|p1a: Vaporeon
|
|-heal|p1a: Vaporeon|339\/451|[from] item: Leftovers
|turn|26
|
|move|p2a: Latios|Defog|p1a: Vaporeon
|-unboost|p1a: Vaporeon|evasion|1
|-sideend|p1: SuckerforMetal|Stealth Rock|[from] move: Defog|[of] p1a: Vaporeon
|-sideend|p2: duncanhoopz|Stealth Rock|[from] move: Defog|[of] p2a: Latios
|move|p1a: Vaporeon|Scald|p2a: Latios
|-resisted|p2a: Latios
|-damage|p2a: Latios|86\/301
|
|-heal|p1a: Vaporeon|451\/451|[from] move: Wish|[wisher] Vaporeon
|turn|27
|
|move|p2a: Latios|Draco Meteor|p1a: Vaporeon
|-damage|p1a: Vaporeon|194\/451
|-unboost|p2a: Latios|spa|2
|-damage|p2a: Latios|56\/301|[from] item: Life Orb
|move|p1a: Vaporeon|Wish|p1a: Vaporeon
|
|-heal|p1a: Vaporeon|222\/451|[from] item: Leftovers
|turn|28
|
|switch|p2a: Raikou|Raikou|146\/321
|-ability|p2a: Raikou|Pressure
|move|p1a: Vaporeon|Scald|p2a: Raikou
|-damage|p2a: Raikou|74\/321
|
|-heal|p1a: Vaporeon|447\/451|[from] move: Wish|[wisher] Vaporeon
|-heal|p1a: Vaporeon|451\/451|[from] item: Leftovers
|turn|29
|
|switch|p1a: Sableye|Sableye, M|304\/304
|move|p2a: Raikou|Thunderbolt|p1a: Sableye
|-damage|p1a: Sableye|109\/304
|
|turn|30
|
|move|p1a: Sableye|Calm Mind|p1a: Sableye
|-boost|p1a: Sableye|spa|1
|-boost|p1a: Sableye|spd|1
|move|p2a: Raikou|Thunderbolt|p1a: Sableye
|-damage|p1a: Sableye|0 fnt
|faint|p1a: Sableye
|
|
|switch|p1a: Hydreigon|Hydreigon, F|45\/325
|turn|31
|
|switch|p2a: Landorus-Therian|Landorus-Therian, M|224\/382
|-ability|p2a: Landorus-Therian|Intimidate|[of] p1a: Hydreigon
|-unboost|p1a: Hydreigon|atk|1
|move|p1a: Hydreigon|Dark Pulse|p2a: Landorus-Therian
|-damage|p2a: Landorus-Therian|46\/382
|
|turn|32
|
|switch|p1a: Scizor|Scizor, M|340\/340
|move|p2a: Landorus-Therian|Stealth Rock|p1a: Scizor
|-sidestart|p1: SuckerforMetal|move: Stealth Rock
|
|turn|33
|
|move|p2a: Landorus-Therian|U-turn|p1a: Scizor
|-resisted|p1a: Scizor
|-damage|p1a: Scizor|304\/340
|
|switch|p2a: Metagross|Metagross-Mega|283\/301
|move|p1a: Scizor|U-turn|p2a: Metagross
|-damage|p2a: Metagross|142\/301
|
|switch|p1a: Landorus-Therian|Landorus-Therian, M|314\/380
|-damage|p1a: Landorus-Therian|267\/380|[from] Stealth Rock
|-ability|p1a: Landorus-Therian|Intimidate|[of] p2a: Metagross
|-unboost|p2a: Metagross|atk|1
|
|-heal|p1a: Landorus-Therian|290\/380|[from] item: Leftovers
|turn|34
|
|switch|p1a: Vaporeon|Vaporeon, M|451\/451
|-damage|p1a: Vaporeon|395\/451|[from] Stealth Rock
|move|p2a: Metagross|Ice Punch|p1a: Vaporeon
|-resisted|p1a: Vaporeon
|-damage|p1a: Vaporeon|349\/451
|
|-heal|p1a: Vaporeon|377\/451|[from] item: Leftovers
|turn|35
|
|switch|p2a: Latios|Latios, M|56\/301
|move|p1a: Vaporeon|Scald|p2a: Latios
|-resisted|p2a: Latios
|-damage|p2a: Latios|8\/301
|
|-heal|p1a: Vaporeon|405\/451|[from] item: Leftovers
|turn|36
|
|move|p2a: Latios|Draco Meteor|p1a: Vaporeon
|-damage|p1a: Vaporeon|119\/451
|-unboost|p2a: Latios|spa|2
|-damage|p2a: Latios|0 fnt|[from] item: Life Orb
|faint|p2a: Latios
|move|p1a: Vaporeon|Wish|p1a: Vaporeon
|
|-heal|p1a: Vaporeon|147\/451|[from] item: Leftovers
|
|switch|p2a: Raikou|Raikou|74\/321
|-ability|p2a: Raikou|Pressure
|turn|37
|
|move|p1a: Vaporeon|Protect|p1a: Vaporeon
|-singleturn|p1a: Vaporeon|Protect
|move|p2a: Raikou|Thunderbolt|p1a: Vaporeon
|-activate|p1a: Vaporeon|Protect
|
|-heal|p1a: Vaporeon|372\/451|[from] move: Wish|[wisher] Vaporeon
|-heal|p1a: Vaporeon|400\/451|[from] item: Leftovers
|turn|38
|
|switch|p1a: Scizor|Scizor, M|304\/340
|-damage|p1a: Scizor|262\/340|[from] Stealth Rock
|move|p2a: Raikou|Thunderbolt|p1a: Scizor
|-damage|p1a: Scizor|87\/340
|
|turn|39
|
|switch|p2a: Landorus-Therian|Landorus-Therian, M|46\/382
|-ability|p2a: Landorus-Therian|Intimidate|[of] p1a: Scizor
|-unboost|p1a: Scizor|atk|1
|move|p1a: Scizor|Bullet Punch|p2a: Landorus-Therian
|-damage|p2a: Landorus-Therian|0 fnt
|faint|p2a: Landorus-Therian
|
|
|switch|p2a: Talonflame|Talonflame, M|103\/297
|turn|40
|
|switch|p1a: Landorus-Therian|Landorus-Therian, M|290\/380
|-damage|p1a: Landorus-Therian|243\/380|[from] Stealth Rock
|-ability|p1a: Landorus-Therian|Intimidate|[of] p2a: Talonflame
|-unboost|p2a: Talonflame|atk|1
|move|p2a: Talonflame|Brave Bird|p1a: Landorus-Therian
|-damage|p1a: Landorus-Therian|96\/380
|-damage|p2a: Talonflame|54\/297|[from] recoil|[of] p1a: Landorus-Therian
|
|-heal|p1a: Landorus-Therian|119\/380|[from] item: Leftovers
|turn|41
|
|switch|p1a: Vaporeon|Vaporeon, M|400\/451
|-damage|p1a: Vaporeon|344\/451|[from] Stealth Rock
|move|p2a: Talonflame|Brave Bird|p1a: Vaporeon
|-damage|p1a: Vaporeon|166\/451
|-damage|p2a: Talonflame|0 fnt|[from] recoil|[of] p1a: Vaporeon
|faint|p2a: Talonflame
|
|-heal|p1a: Vaporeon|194\/451|[from] item: Leftovers
|
|switch|p2a: Raikou|Raikou|74\/321
|-ability|p2a: Raikou|Pressure
|turn|42
|
|move|p1a: Vaporeon|Protect|p1a: Vaporeon
|-singleturn|p1a: Vaporeon|Protect
|move|p2a: Raikou|Thunderbolt|p1a: Vaporeon
|-activate|p1a: Vaporeon|Protect
|
|-heal|p1a: Vaporeon|222\/451|[from] item: Leftovers
|turn|43
|
|switch|p1a: Landorus-Therian|Landorus-Therian, M|119\/380
|-damage|p1a: Landorus-Therian|72\/380|[from] Stealth Rock
|-ability|p1a: Landorus-Therian|Intimidate|[of] p2a: Raikou
|-unboost|p2a: Raikou|atk|1
|move|p2a: Raikou|Thunderbolt|p1a: Landorus-Therian
|-immune|p1a: Landorus-Therian|[msg]
|
|-heal|p1a: Landorus-Therian|95\/380|[from] item: Leftovers
|turn|44
|
|move|p2a: Raikou|Thunderbolt|p1a: Landorus-Therian
|-immune|p1a: Landorus-Therian|[msg]
|move|p1a: Landorus-Therian|Knock Off|p2a: Raikou
|-damage|p2a: Raikou|0 fnt
|-enditem|p2a: Raikou|Assault Vest|[from] move: Knock Off|[of] p1a: Landorus-Therian
|faint|p2a: Raikou
|
|-heal|p1a: Landorus-Therian|118\/380|[from] item: Leftovers
|
|switch|p2a: Keldeo|Keldeo|243\/323
|turn|45
|
|switch|p1a: Scizor|Scizor, M|87\/340
|-damage|p1a: Scizor|45\/340|[from] Stealth Rock
|move|p2a: Keldeo|Calm Mind|p2a: Keldeo
|-boost|p2a: Keldeo|spa|1
|-boost|p2a: Keldeo|spd|1
|
|turn|46
|
|move|p1a: Scizor|Bullet Punch|p2a: Keldeo
|-resisted|p2a: Keldeo
|-damage|p2a: Keldeo|152\/323
|move|p2a: Keldeo|Secret Sword|p1a: Scizor
|-damage|p1a: Scizor|0 fnt
|-damage|p2a: Keldeo|120\/323|[from] item: Life Orb
|faint|p1a: Scizor
|
|
|switch|p1a: Gengar|Gengar, M, shiny|261\/261
|-damage|p1a: Gengar|229\/261|[from] Stealth Rock
|turn|47
|
|move|p1a: Gengar|Substitute|p1a: Gengar
|-start|p1a: Gengar|Substitute
|-damage|p1a: Gengar|164\/261
|move|p2a: Keldeo|Scald|p1a: Gengar
|-end|p1a: Gengar|Substitute
|-damage|p2a: Keldeo|88\/323|[from] item: Life Orb
|
|turn|48
|
|move|p1a: Gengar|Substitute|p1a: Gengar
|-start|p1a: Gengar|Substitute
|-damage|p1a: Gengar|99\/261
|move|p2a: Keldeo|Scald|p1a: Gengar
|-end|p1a: Gengar|Substitute
|-damage|p2a: Keldeo|56\/323|[from] item: Life Orb
|
|turn|49
|
|move|p1a: Gengar|Shadow Ball|p2a: Keldeo
|-damage|p2a: Keldeo|0 fnt
|-damage|p1a: Gengar|73\/261|[from] item: Life Orb
|faint|p2a: Keldeo
|
|
|switch|p2a: Metagross|Metagross-Mega|142\/301
|turn|50
|
|move|p1a: Gengar|Shadow Ball|p2a: Metagross
|-supereffective|p2a: Metagross
|-damage|p2a: Metagross|0 fnt
|-damage|p1a: Gengar|47\/261|[from] item: Life Orb
|faint|p2a: Metagross
|
|win|SuckerforMetal
|raw|Ladder updating...
|raw|SuckerforMetal's rating: 1354 &rarr; <strong>1373<\/strong><br \/>(+19 for winning)
|raw|duncanhoopz's rating: 1330 &rarr; <strong>1311<\/strong><br \/>(-19 for losing)
|c|âSuckerforMetal|gg
|leave|duncanhoopz
|player|p2