|join|maxx77
|join|suckerformetal
|player|p1|maxx77|42
|player|p2|suckerformetal|2
|gametype|singles
|tier|Pokebank OU (beta)
|rated
|clearpoke
|poke|p1|Chansey, F
|poke|p1|Mew
|poke|p1|Gyarados, F
|poke|p1|Latios, M
|poke|p1|Bisharp, M
|poke|p1|Medicham, F
|poke|p2|Gengar, M
|poke|p2|Scizor, F
|poke|p2|Rotom-Wash
|poke|p2|Hydreigon, M
|poke|p2|Aegislash, M
|rule|Sleep Clause Mod: Limit one foe put to sleep
|rule|Species Clause: Limit one of each Pokemon
|rule|Moody Clause: Moody is banned
|rule|OHKO Clause: OHKO moves are banned
|rule|Evasion Moves Clause: Evasion moves are banned
|rule|HP Percentage Mod: HP is reported as percentages
|teampreview
|callback|decision
|
|start
|switch|p1a: Latios|Latios, M|301\/301
|switch|p2a: Rotom-Wash|Rotom-Wash|268\/268
|turn|1
|callback|decision
|
|move|p2a: Rotom-Wash|Trick|p1a: Latios
|-activate|p2a: Rotom-Wash|move: Trick|[of] p1a: Latios
|-item|p1a: Latios|Choice Scarf|[from] move: Trick
|-item|p2a: Rotom-Wash|Weakness Policy|[from] move: Trick
|move|p1a: Latios|Energy Ball|p2a: Rotom-Wash
|-supereffective|p2a: Rotom-Wash
|-damage|p2a: Rotom-Wash|58\/268
|-enditem|p2a: Rotom-Wash|Weakness Policy
|-boost|p2a: Rotom-Wash|atk|2|[from] item: Weakness Policy
|-boost|p2a: Rotom-Wash|spa|2|[from] item: Weakness Policy
|
|turn|2
|callback|decision
|
|switch|p1a: Medicham|Medicham, F|261\/261
|switch|p2a: Hydreigon|Hydreigon, M|325\/325
|
|turn|3
|callback|decision
|
|switch|p2a: Aegislash|Aegislash, M|324\/324
|-formechange|p1a: Medicham|Medicham-Mega
|message|Medicham has Mega Evolved into Mega Medicham!
|move|p1a: Medicham|Fake Out|p2a: Aegislash
|-immune|p2a: Aegislash|[msg]
|
|turn|4
|callback|decision
|
|move|p1a: Medicham|Fake Out|p2a: Aegislash
|-immune|p2a: Aegislash|[msg]
|-formechange|p2a: Aegislash|Aegislash-Blade
|move|p2a: Aegislash|Iron Head|p1a: Medicham
|-damage|p1a: Medicham|57\/261
|
|turn|5
|callback|decision
|
|move|p2a: Aegislash|Shadow Sneak|p1a: Medicham
|-supereffective|p1a: Medicham
|-damage|p1a: Medicham|0 fnt
|faint|p1a: Medicham
|
|callback|decision
|
|switch|p1a: Gyarados|Gyarados, F|337\/337
|turn|6
|callback|decision
|
|move|p1a: Gyarados|Dragon Dance|p1a: Gyarados
|-boost|p1a: Gyarados|atk|1
|-boost|p1a: Gyarados|spe|1
|move|p2a: Aegislash|Swords Dance|p2a: Aegislash
|-boost|p2a: Aegislash|atk|2
|
|turn|7
|callback|decision
|
|-formechange|p2a: Aegislash|Aegislash
|move|p2a: Aegislash|King's Shield|p2a: Aegislash
|-singleturn|p2a: Aegislash|Protect
|move|p1a: Gyarados|Earthquake|p2a: Aegislash
|-activate|p2a: Aegislash|Protect
|
|turn|8
|callback|decision
|
|move|p1a: Gyarados|Earthquake|p2a: Aegislash
|-supereffective|p2a: Aegislash
|-damage|p2a: Aegislash|38\/324
|move|p2a: Aegislash|Swords Dance|p2a: Aegislash
|-boost|p2a: Aegislash|atk|2
|
|-heal|p2a: Aegislash|58\/324|[from] item: Leftovers
|turn|9
|callback|decision
|
|-formechange|p2a: Aegislash|Aegislash-Blade
|move|p2a: Aegislash|Shadow Sneak|p1a: Gyarados
|-damage|p1a: Gyarados|1\/337
|move|p1a: Gyarados|Earthquake|p2a: Aegislash
|-supereffective|p2a: Aegislash
|-damage|p2a: Aegislash|0 fnt
|faint|p2a: Aegislash
|-boost|p1a: Gyarados|atk|1|[from] ability: Moxie
|
|callback|decision
|
|switch|p2a: Scizor|Scizor, F|344\/344
|turn|10
|callback|decision
|
|switch|p1a: Mew|Mew|404\/404
|move|p2a: Scizor|Bullet Punch|p1a: Mew
|-damage|p1a: Mew|284\/404
|
|-heal|p1a: Mew|309\/404|[from] item: Leftovers
|turn|11
|callback|decision
|
|switch|p2a: Rotom-Wash|Rotom-Wash|58\/268
|move|p1a: Mew|Will-O-Wisp|p2a: Rotom-Wash
|-status|p2a: Rotom-Wash|brn
|
|-heal|p1a: Mew|334\/404|[from] item: Leftovers
|-damage|p2a: Rotom-Wash|25\/268 brn|[from] brn
|turn|12
|callback|decision
|
|move|p2a: Rotom-Wash|Hydro Pump|p1a: Mew|[miss]
|-miss|p2a: Rotom-Wash|p1a: Mew
|move|p1a: Mew|Volt Switch|p2a: Rotom-Wash
|-damage|p2a: Rotom-Wash|0 fnt
|faint|p2a: Rotom-Wash
|callback|decision
|
|switch|p1a: Latios|Latios, M|301\/301
|
|callback|decision
|
|switch|p2a: Scizor|Scizor, F|344\/344
|turn|13
|callback|decision
|
|switch|p1a: Mew|Mew|334\/404
|switch|p2a: Hydreigon|Hydreigon, M|325\/325
|
|-heal|p1a: Mew|359\/404|[from] item: Leftovers
|turn|14
|callback|decision
|
|switch|p1a: Chansey|Chansey, F|704\/704
|move|p2a: Hydreigon|Dark Pulse|p1a: Chansey
|-damage|p1a: Chansey|614\/704
|
|turn|15
|callback|decision
|
|switch|p2a: Scizor|Scizor, F|344\/344
|move|p1a: Chansey|Seismic Toss|p2a: Scizor
|-damage|p2a: Scizor|244\/344
|
|turn|16
|callback|decision
|
|move|p2a: Scizor|Pursuit|p1a: Chansey
|-damage|p1a: Chansey|451\/704
|move|p1a: Chansey|Counter|p2a: Scizor
|-damage|p2a: Scizor|0 fnt
|faint|p2a: Scizor
|
|callback|decision
|chat|maxx77|clown
|-message|suckerformetal forfeited.
|
|win|maxx77
|raw|Ladder updating...
|raw|maxx77's rating: 1682 &rarr; <strong>1690<\/strong><br \/>(+8 for winning)
|raw|suckerformetal's rating: 1655 &rarr; <strong>1627<\/strong><br \/>(-28 for losing)
|leave|suckerformetal
|player|p2