|join|xsq
|join|Sacri'
|player|p1|xsq|126
|player|p2|Sacri'|1
|gametype|singles
|gen|6
|tier|UU
|rule|Sleep Clause Mod: Limit one foe put to sleep
|rule|Species Clause: Limit one of each PokÃ©mon
|rule|OHKO Clause: OHKO moves are banned
|rule|Moody Clause: Moody is banned
|rule|Evasion Moves Clause: Evasion moves are banned
|rule|Endless Battle Clause: Forcing endless battles is banned
|rule|HP Percentage Mod: HP is shown in percentages
|clearpoke
|poke|p1|Krookodile, M
|poke|p1|Mienshao, F
|poke|p1|Whimsicott, F
|poke|p1|Blastoise, M
|poke|p1|Rotom-Heat
|poke|p1|Jirachi
|poke|p2|Absol, F
|poke|p2|Raikou
|poke|p2|Nidoqueen, F
|poke|p2|Mienshao, F
|poke|p2|Whimsicott, M
|poke|p2|Crobat, F
|rule|Swagger Clause: Swagger is banned
|rule|Baton Pass Clause: Limit one PokÃ©mon knowing Baton Pass
|teampreview
|c|âxsq|gl :)
|c|âSacri'|gl hf
|
|start
|switch|p1a: Jirachi|Jirachi|401\/401
|switch|p2a: Raikou|Raikou|322\/322
|-ability|p2a: Raikou|Pressure
|turn|1
|
|move|p2a: Raikou|Volt Switch|p1a: Jirachi
|-damage|p1a: Jirachi|319\/401
|
|switch|p2a: Absol|Absol, F|271\/271
|move|p1a: Jirachi|Stealth Rock|p2a: Absol
|-sidestart|p2: Sacri'|move: Stealth Rock
|
|-heal|p1a: Jirachi|344\/401|[from] item: Leftovers
|turn|2
|
|detailschange|p2a: Absol|Absol-Mega, F
|message|Absol has Mega Evolved into Mega Absol!
|move|p2a: Absol|Knock Off|p1a: Jirachi
|-supereffective|p1a: Jirachi
|-damage|p1a: Jirachi|0 fnt
|-enditem|p1a: Jirachi|Leftovers|[from] move: Knock Off|[of] p2a: Absol
|faint|p1a: Jirachi
|
|
|switch|p1a: Mienshao|Mienshao, F|272\/272
|turn|3
|
|switch|p2a: Crobat|Crobat, F|373\/373
|-damage|p2a: Crobat|280\/373|[from] Stealth Rock
|move|p1a: Mienshao|High Jump Kick|p2a: Crobat
|-resisted|p2a: Crobat
|-damage|p2a: Crobat|198\/373
|
|-heal|p2a: Crobat|221\/373|[from] item: Black Sludge
|turn|4
|
|switch|p1a: Rotom-Heat|Rotom-Heat|303\/303
|move|p2a: Crobat|Defog|p1a: Rotom-Heat
|-unboost|p1a: Rotom-Heat|evasion|1
|-sideend|p2: Sacri'|Stealth Rock|[from] move: Defog|[of] p2a: Crobat
|
|-heal|p2a: Crobat|244\/373|[from] item: Black Sludge
|turn|5
|
|move|p2a: Crobat|U-turn|p1a: Rotom-Heat
|-resisted|p1a: Rotom-Heat
|-damage|p1a: Rotom-Heat|284\/303
|
|switch|p2a: Nidoqueen|Nidoqueen, F|384\/384
|move|p1a: Rotom-Heat|Volt Switch|p2a: Nidoqueen
|-immune|p2a: Nidoqueen|[msg]
|
|-heal|p1a: Rotom-Heat|302\/303|[from] item: Leftovers
|turn|6
|
|move|p1a: Rotom-Heat|Will-O-Wisp|p2a: Nidoqueen
|-status|p2a: Nidoqueen|brn
|move|p2a: Nidoqueen|Stealth Rock|p1a: Rotom-Heat
|-sidestart|p1: xsq|move: Stealth Rock
|
|-heal|p1a: Rotom-Heat|303\/303|[from] item: Leftovers
|-damage|p2a: Nidoqueen|336\/384 brn|[from] brn
|turn|7
|
|move|p1a: Rotom-Heat|Overheat|p2a: Nidoqueen
|-damage|p2a: Nidoqueen|162\/384 brn
|-unboost|p1a: Rotom-Heat|spa|2
|move|p2a: Nidoqueen|Sludge Wave|p1a: Rotom-Heat
|-damage|p1a: Rotom-Heat|96\/303
|
|-heal|p1a: Rotom-Heat|114\/303|[from] item: Leftovers
|-damage|p2a: Nidoqueen|114\/384 brn|[from] brn
|turn|8
|
|switch|p1a: Blastoise|Blastoise, M|345\/345
|-damage|p1a: Blastoise|302\/345|[from] Stealth Rock
|move|p2a: Nidoqueen|Sludge Wave|p1a: Blastoise
|-damage|p1a: Blastoise|110\/345
|
|-damage|p2a: Nidoqueen|66\/384 brn|[from] brn
|turn|9
|join|Vaval1233
|leave|Vaval1233
|
|detailschange|p1a: Blastoise|Blastoise-Mega, M
|message|Blastoise has Mega Evolved into Mega Blastoise!
|move|p1a: Blastoise|Rapid Spin|p2a: Nidoqueen
|-damage|p2a: Nidoqueen|49\/384 brn
|-sideend|p1: xsq|Stealth Rock|[from] move: Rapid Spin|[of] p1a: Blastoise
|move|p2a: Nidoqueen|Sludge Wave|p1a: Blastoise
|-damage|p1a: Blastoise|0 fnt
|faint|p1a: Blastoise
|
|-damage|p2a: Nidoqueen|1\/384 brn|[from] brn
|
|switch|p1a: Mienshao|Mienshao, F|272\/272
|turn|10
|
|move|p1a: Mienshao|U-turn|p2a: Nidoqueen
|-resisted|p2a: Nidoqueen
|-damage|p2a: Nidoqueen|0 fnt
|faint|p2a: Nidoqueen
|
|switch|p1a: Krookodile|Krookodile, M|345\/345
|
|
|switch|p2a: Mienshao|Mienshao, F|271\/271
|turn|11
|
|switch|p1a: Whimsicott|Whimsicott, F|263\/263
|move|p2a: Mienshao|U-turn|p1a: Whimsicott
|-damage|p1a: Whimsicott|165\/263
|
|switch|p2a: Crobat|Crobat, F|244\/373
|
|-heal|p2a: Crobat|267\/373|[from] item: Black Sludge
|-heal|p1a: Whimsicott|181\/263|[from] item: Leftovers
|turn|12
|
|move|p2a: Crobat|Brave Bird|p1a: Whimsicott
|-supereffective|p1a: Whimsicott
|-damage|p1a: Whimsicott|0 fnt
|-damage|p2a: Crobat|207\/373|[from] recoil|[of] p1a: Whimsicott
|faint|p1a: Whimsicott
|
|-heal|p2a: Crobat|230\/373|[from] item: Black Sludge
|
|switch|p1a: Rotom-Heat|Rotom-Heat|114\/303
|turn|13
|
|move|p2a: Crobat|U-turn|p1a: Rotom-Heat
|-resisted|p1a: Rotom-Heat
|-damage|p1a: Rotom-Heat|94\/303
|
|switch|p2a: Raikou|Raikou|322\/322
|-ability|p2a: Raikou|Pressure
|move|p1a: Rotom-Heat|Volt Switch|p2a: Raikou
|-resisted|p2a: Raikou
|-damage|p2a: Raikou|292\/322
|
|switch|p1a: Mienshao|Mienshao, F|272\/272
|
|turn|14
|
|move|p1a: Mienshao|High Jump Kick|p2a: Raikou
|-damage|p2a: Raikou|0 fnt
|faint|p2a: Raikou
|
|
|switch|p2a: Crobat|Crobat, F|230\/373
|turn|15
|
|switch|p1a: Rotom-Heat|Rotom-Heat|94\/303
|move|p2a: Crobat|U-turn|p1a: Rotom-Heat
|-resisted|p1a: Rotom-Heat
|-damage|p1a: Rotom-Heat|75\/303
|
|switch|p2a: Absol|Absol-Mega, F|271\/271
|
|-heal|p1a: Rotom-Heat|93\/303|[from] item: Leftovers
|turn|16
|
|move|p2a: Absol|Knock Off|p1a: Rotom-Heat
|-damage|p1a: Rotom-Heat|0 fnt
|-enditem|p1a: Rotom-Heat|Leftovers|[from] move: Knock Off|[of] p2a: Absol
|faint|p1a: Rotom-Heat
|
|
|switch|p1a: Mienshao|Mienshao, F|272\/272
|turn|17
|
|switch|p2a: Crobat|Crobat, F|230\/373
|move|p1a: Mienshao|Stone Edge|p2a: Crobat|[miss]
|-miss|p1a: Mienshao|p2a: Crobat
|
|-heal|p2a: Crobat|253\/373|[from] item: Black Sludge
|turn|18
|c|âSacri'|sorry
|
|move|p1a: Mienshao|Stone Edge|p2a: Crobat|[miss]
|-miss|p1a: Mienshao|p2a: Crobat
|move|p2a: Crobat|Brave Bird|p1a: Mienshao
|-supereffective|p1a: Mienshao
|-damage|p1a: Mienshao|0 fnt
|-damage|p2a: Crobat|163\/373|[from] recoil|[of] p1a: Mienshao
|faint|p1a: Mienshao
|
|-heal|p2a: Crobat|186\/373|[from] item: Black Sludge
|c|âxsq|mdrr
|
|switch|p1a: Krookodile|Krookodile, M|345\/345
|turn|19
|join|marius3000
|c|âSacri'|Enfin, c'est pas dÃ©cisif
|c|âSacri'|Je gagne
|
|move|p2a: Crobat|Brave Bird|p1a: Krookodile
|-damage|p1a: Krookodile|165\/345
|-damage|p2a: Crobat|127\/373|[from] recoil|[of] p1a: Krookodile
|move|p1a: Krookodile|Knock Off|p2a: Crobat
|-damage|p2a: Crobat|0 fnt
|-enditem|p2a: Crobat|Black Sludge|[from] move: Knock Off|[of] p1a: Krookodile
|faint|p2a: Crobat
|-boost|p1a: Krookodile|atk|1|[from] ability: Moxie
|
|c| marius3000|gg
|c|âSacri'|gg
|c|âxsq|ouii
|
|switch|p2a: Whimsicott|Whimsicott, M|262\/262
|turn|20
|
|move|p2a: Whimsicott|Moonblast|p1a: Krookodile
|-supereffective|p1a: Krookodile
|-damage|p1a: Krookodile|0 fnt
|faint|p1a: Krookodile
|
|win|Sacri'
|c|âxsq|gg
|leave|marius3000
|leave|Sacri'
|player|p2
|leave|xsq
|player|p1