|join|bigbangcrash
|join|Sacri'
|player|p1|bigbangcrash|248
|player|p2|Sacri'|1
|gametype|singles
|gen|6
|tier|UU
|rule|Sleep Clause Mod: Limit one foe put to sleep
|rule|Species Clause: Limit one of each PokÃ©mon
|rule|OHKO Clause: OHKO moves are banned
|rule|Moody Clause: Moody is banned
|rule|Evasion Moves Clause: Evasion moves are banned
|rule|Endless Battle Clause: Forcing endless battles is banned
|rule|HP Percentage Mod: HP is shown in percentages
|clearpoke
|poke|p1|Beedrill, M
|poke|p1|Blissey, F
|poke|p1|Hippowdon, F
|poke|p1|Infernape, M
|poke|p1|Hydreigon, F
|poke|p1|Raikou, shiny
|poke|p2|Absol, M
|poke|p2|Raikou
|poke|p2|Nidoqueen, F
|poke|p2|Mienshao, M
|poke|p2|Whimsicott, M
|poke|p2|Crobat, M
|rule|Swagger Clause: Swagger is banned
|rule|Baton Pass Clause: Limit one PokÃ©mon knowing Baton Pass
|teampreview
|join|KÐ°rmÐ°z
|join|B Miror B
|c|@KÐ°rmÐ°z|FIRST !!!!!!!4
|join|Selwyn
|join|BenEowi
|join|Diiddy
|join|xsq
|c|âSacri'|fist
|c|âbigbangcrash|GLHF sacri 
|join|OÑykÐ¾Ra
|join|Darkrai 9999
|c| Selwyn|Cette team anti-Selwyn
|c| Selwyn|n'imp
|c|@KÐ°rmÐ°z|Sacri win
|c|@KÐ°rmÐ°z|il a Farfaduvet
|c|@KÐ°rmÐ°z|dsl
|c|âbigbangcrash|farfatroll pk tant de violence
|c|@KÐ°rmÐ°z|!dt Whimsicott
|c|~|\/data-pokemon Whimsicott
|raw|<font size="1"><font color=#585858>Dex#:<\/font> 547&nbsp;|&ThickSpace;<font color=#585858>Height:<\/font> 0.7 m&nbsp;|&ThickSpace;<font color=#585858>Weight:<\/font> 6.6 kg <em>(20 BP)<\/em>&nbsp;|&ThickSpace;<font color=#585858>Dex Colour:<\/font> Green&nbsp;|&ThickSpace;<font color=#585858>Egg Group(s):<\/font> Fairy, Grass&nbsp;|&ThickSpace;<font color=#585858><font color=#585858>Does Not Evolve<\/font><\/font><\/font>
|c|âSacri'|ez
|
|start
|switch|p1a: Mother of God|Beedrill, M|272\/272
|switch|p2a: Absol|Absol, M|271\/271
|turn|1
|c|@KÐ°rmÐ°z|â¥â¥â¥
|join|marius3000
|join|B99
|
|detailschange|p2a: Absol|Absol-Mega, M
|message|Absol has Mega Evolved into Mega Absol!
|detailschange|p1a: Mother of God|Beedrill-Mega, M
|message|Beedrill has Mega Evolved into Mega Beedrill!
|move|p1a: Mother of God|Protect|p1a: Mother of God
|-singleturn|p1a: Mother of God|Protect
|move|p2a: Absol|Sucker Punch|p1a: Mother of God
|-fail|p1a: Mother of God
|
|turn|2
|c| marius3000|gl hf
|c| B99|gl hf
|c|@KÐ°rmÐ°z|noraj de son Protect
|c|@OÑykÐ¾Ra|wth
|c|âSacri'|Jerag
|c|âSacri'|^:
|c|âbigbangcrash|xD je l'avais vu venir
|c|@Diiddy|Beedrill turbo 
|c|âSacri'|Je fais le bÃ¢tard et je mets le timer y\/n
|c|@Diiddy|c'est pour Ã§a
|c|âbigbangcrash|maintenant je switch ou pas *sournois*
|c|âSacri'|Rire Diddy
|c|âSacri'|Nan, protect c'est parce que Beedril de base est slow
|
|switch|p1a: tas de sable|Hippowdon, F|420\/420
|-weather|Sandstorm
|move|p2a: Absol|Sucker Punch|p1a: tas de sable
|-fail|p1a: tas de sable
|
|-weather|Sandstorm|[upkeep]
|-damage|p2a: Absol|255\/271|[from] sandstorm
|turn|3
|c| Selwyn|j'aurais du me faire une full offense
|join|Babrutas
|
|switch|p2a: Whimsicott|Whimsicott, M|262\/262
|move|p1a: tas de sable|Stealth Rock|p2a: Whimsicott
|-sidestart|p2: Sacri'|move: Stealth Rock
|
|-weather|Sandstorm|[upkeep]
|-damage|p2a: Whimsicott|246\/262|[from] sandstorm
|turn|4
|c|@KÐ°rmÐ°z|LE VOILÃ
|c|@KÐ°rmÐ°z|GOD
|c|@Diiddy|le futur uu
|c|âbigbangcrash|pas ce salow
|c|@KÐ°rmÐ°z|â¥
|c|+B Miror B|il va tellement mourir vite
|c|+B Miror B|:\/
|
|switch|p1a: Soeur ThÃ©rÃ¨se|Blissey, F|714\/714
|move|p2a: Whimsicott|Energy Ball|p1a: Soeur ThÃ©rÃ¨se
|-damage|p1a: Soeur ThÃ©rÃ¨se|576\/714
|
|-weather|Sandstorm|[upkeep]
|-damage|p2a: Whimsicott|230\/262|[from] sandstorm
|-damage|p1a: Soeur ThÃ©rÃ¨se|532\/714|[from] sandstorm
|-heal|p1a: Soeur ThÃ©rÃ¨se|576\/714|[from] item: Leftovers
|turn|5
|c| Selwyn|souvenir
|c|+B Miror B|memento
|
|switch|p2a: Crobat|Crobat, M|373\/373
|-damage|p2a: Crobat|280\/373|[from] Stealth Rock
|move|p1a: Soeur ThÃ©rÃ¨se|Seismic Toss|p2a: Crobat
|-damage|p2a: Crobat|180\/373
|
|-weather|Sandstorm|[upkeep]
|-damage|p2a: Crobat|157\/373|[from] sandstorm
|-damage|p1a: Soeur ThÃ©rÃ¨se|532\/714|[from] sandstorm
|-heal|p2a: Crobat|180\/373|[from] item: Black Sludge
|-heal|p1a: Soeur ThÃ©rÃ¨se|576\/714|[from] item: Leftovers
|turn|6
|c| Selwyn|19% quand mÃªme
|c|âSacri'|Bon, on s'ennuie trÃ¨s beaucoup
|c| Selwyn|non
|c|âSacri'|Seismic toss crit y\/n
|
|switch|p1a: tas de sable|Hippowdon, F|420\/420
|move|p2a: Crobat|Defog|p1a: tas de sable
|-unboost|p1a: tas de sable|evasion|1
|-sideend|p2: Sacri'|Stealth Rock|[from] move: Defog|[of] p2a: Crobat
|
|-weather|none
|-heal|p2a: Crobat|203\/373|[from] item: Black Sludge
|turn|7
|c|@KÐ°rmÐ°z|yyy
|c|@Diiddy|une fois Ã§a m'a crit 
|c|âbigbangcrash|au pire
|c|@Diiddy|OHKO
|
|move|p2a: Crobat|U-turn|p1a: tas de sable
|-damage|p1a: tas de sable|377\/420
|
|switch|p2a: Nidoqueen|Nidoqueen, F|384\/384
|move|p1a: tas de sable|Stealth Rock|p2a: Nidoqueen
|-sidestart|p2: Sacri'|move: Stealth Rock
|
|-heal|p1a: tas de sable|403\/420|[from] item: Leftovers
|turn|8
|c|@KÐ°rmÐ°z|C'Ã©tait sur un Abra Diddy ?
|
|switch|p1a: Soeur ThÃ©rÃ¨se|Blissey, F|576\/714
|move|p2a: Nidoqueen|Ice Beam|p1a: Soeur ThÃ©rÃ¨se
|-damage|p1a: Soeur ThÃ©rÃ¨se|476\/714
|
|-heal|p1a: Soeur ThÃ©rÃ¨se|520\/714|[from] item: Leftovers
|turn|9
|c|@KÐ°rmÐ°z|Alors c'est normal
|c|+B Miror B|tss
|c|âSacri'|Abra est sash, noob
|c|+B Miror B|jouer Blissey en 2015
|c|+B Miror B|!dt Munchlax
|c|~|\/data-pokemon Munchlax
|raw|<font size="1"><font color=#585858>Dex#:<\/font> 446&nbsp;|&ThickSpace;<font color=#585858>Height:<\/font> 0.6 m&nbsp;|&ThickSpace;<font color=#585858>Weight:<\/font> 105 kg <em>(100 BP)<\/em>&nbsp;|&ThickSpace;<font color=#585858>Dex Colour:<\/font> Black&nbsp;|&ThickSpace;<font color=#585858>Egg Group(s):<\/font> Undiscovered&nbsp;|&ThickSpace;<font color=#585858>Evolution:<\/font> Snorlax (1)<\/font>
|c|+B Miror B|> Blissey
|c|âbigbangcrash|noraj
|c| Selwyn|blissey
|c| Selwyn|tu lui fous trick c'plus drole
|
|switch|p2a: Crobat|Crobat, M|203\/373
|-damage|p2a: Crobat|110\/373|[from] Stealth Rock
|move|p1a: Soeur ThÃ©rÃ¨se|Seismic Toss|p2a: Crobat
|-damage|p2a: Crobat|10\/373
|
|-heal|p2a: Crobat|33\/373|[from] item: Black Sludge
|-heal|p1a: Soeur ThÃ©rÃ¨se|564\/714|[from] item: Leftovers
|turn|10
|c|+Babrutas|ben Munchlax il rigole pas non plus sans l'evio
|c|âbigbangcrash|il resiste se salo
|c|@KÐ°rmÐ°z|uÃ©
|c|@KÐ°rmÐ°z|salo
|c|@KÐ°rmÐ°z|pfff
|c| Selwyn|charogne
|c|âSacri'|S'il rÃ©sistais pas je l'envoyais pas
|c|@KÐ°rmÐ°z|tu rÃ©sits
|c|âSacri'|._.
|c|+Babrutas|--'
|
|switch|p1a: GrandMonstreMalade|Hydreigon, F|325\/325
|move|p2a: Crobat|Roost|p2a: Crobat
|-heal|p2a: Crobat|220\/373
|
|-heal|p2a: Crobat|243\/373|[from] item: Black Sludge
|turn|11
|c|@KÐ°rmÐ°z|'-'
|c|@KÐ°rmÐ°z|-_-
|c| Selwyn|sacri qui fait genre qu'il a tout calculÃ©
|c|@KÐ°rmÐ°z|:o
|c|@KÐ°rmÐ°z|'_'
|c|@KÐ°rmÐ°z|Â°-Â°
|c|@KÐ°rmÐ°z|Â°_Â°
|c|âbigbangcrash|j'avoue
|
|switch|p2a: Whimsicott|Whimsicott, M|230\/262
|-damage|p2a: Whimsicott|198\/262|[from] Stealth Rock
|move|p1a: GrandMonstreMalade|Fire Blast|p2a: Whimsicott
|-supereffective|p2a: Whimsicott
|-damage|p2a: Whimsicott|0 fnt
|faint|p2a: Whimsicott
|
|c|+B Miror B|karm
|c|+B Miror B|tg
|c|@KÐ°rmÐ°z|PTN
|c| Selwyn|ouuuh
|c|+B Miror B|owned
|c|+B Miror B|AHAHAHAH
|c|âSacri'|:<<<<<<
|c|+B Miror B|*-*
|c|âbigbangcrash|sa fait mal
|c|+B Miror B|*w*
|c|âSacri'|Tu pleures, Karmaz
|c|+B Miror B|*c*
|c|âSacri'|:<
|c|+B Miror B|*e*
|c|+B Miror B|*z*
|c|@KÐ°rmÐ°z|trop
|c|+B Miror B|*b*
|
|switch|p2a: Mienshao|Mienshao, M|271\/271
|-damage|p2a: Mienshao|255\/271|[from] Stealth Rock
|turn|12
|c|@KÐ°rmÐ°z|je te 
|c|@KÐ°rmÐ°z|renie
|c| Selwyn|Y a deux tours : "âSacri': S'il rÃ©sistais pas je l'envoyais pas"
|c|+B Miror B|ahahahhahAHAHAHAHAHHAHAHA
|c|âbigbangcrash|c bg je sais
|c|+B Miror B|**AHAHAHAHAHA**
|c| Selwyn|RIP Whimsicott
|c|@KÐ°rmÐ°z|N'essaye mÃªme pas d'Ãªtre sur mon testament
|c|âSacri'|:cccc
|
|switch|p1a: tas de sable|Hippowdon, F|403\/420
|-weather|Sandstorm
|move|p2a: Mienshao|U-turn|p1a: tas de sable
|-damage|p1a: tas de sable|345\/420
|c|âSacri'|En vrai si je perd c'est trÃ¨s la tristesse
|c|+B Miror B|~~rip whimsi~~osef de sa mort
|
|switch|p2a: Nidoqueen|Nidoqueen, F|384\/384
|-damage|p2a: Nidoqueen|360\/384|[from] Stealth Rock
|
|-weather|Sandstorm|[upkeep]
|-heal|p1a: tas de sable|371\/420|[from] item: Leftovers
|turn|13
|c| Selwyn|jspr que tu perdras
|c|âSacri'|Selwyn
|c|âbigbangcrash|merci pour vos pseudo encouragement
|c|+B Miror B|Karmaz il va manifester avec une pancarte "Je suis Whimsi"
|c|âSacri'|Tu rages parce que j'ai dit la vÃ©ritÃ© sur ta team ?
|c| marius3000|Perso je suis pour sacri, il m'a battu
|c|âSacri'|Raped by Crocune
|
|switch|p1a: Soeur ThÃ©rÃ¨se|Blissey, F|564\/714
|move|p2a: Nidoqueen|Ice Beam|p1a: Soeur ThÃ©rÃ¨se
|-damage|p1a: Soeur ThÃ©rÃ¨se|448\/714
|
|-weather|Sandstorm|[upkeep]
|-damage|p1a: Soeur ThÃ©rÃ¨se|404\/714|[from] sandstorm
|-heal|p1a: Soeur ThÃ©rÃ¨se|448\/714|[from] item: Leftovers
|turn|14
|c|@KÐ°rmÐ°z|ahahah Mana
|c|+B Miror B|perso je m'en fous
|c| Selwyn|Je rigole de Crocune
|c|âSacri'|Mdrrrr Miror
|c|âSacri'|Tu m'as tuÃ© srx
|
|move|p2a: Nidoqueen|Stealth Rock|p1a: Soeur ThÃ©rÃ¨se
|-sidestart|p1: bigbangcrash|move: Stealth Rock
|move|p1a: Soeur ThÃ©rÃ¨se|Wish|p1a: Soeur ThÃ©rÃ¨se
|
|-weather|Sandstorm|[upkeep]
|-damage|p1a: Soeur ThÃ©rÃ¨se|404\/714|[from] sandstorm
|-heal|p1a: Soeur ThÃ©rÃ¨se|448\/714|[from] item: Leftovers
|turn|15
|c| Darkrai 9999|gg
|c| Selwyn|bon raikou
|c|+B Miror B|9999999999
|c| marius3000|*Nidogueen
|c|âSacri'|gnÃ© ?
|c| Selwyn|il vient quand
|c|âSacri'|C'est pas comme si Raikou pouvait se placer sur ma teaÃ¹
|c|@KÐ°rmÐ°z|ouais t'as raison Darkrai9999999999
|c| Selwyn|c'est le moment de le poser la
|c|@KÐ°rmÐ°z|gg
|c|âSacri'|team*
|c|âSacri'|Genius Selwyn
|c|âbigbangcrash|bande de conseilleur :p
|c|âSacri'|Envoyer Raikou sur Nidoqueen
|c|âSacri'|Good play
|c| Darkrai 9999|sais pas  Darkrai9999999999 
|
|switch|p2a: Absol|Absol-Mega, M|255\/271
|-damage|p2a: Absol|222\/271|[from] Stealth Rock
|move|p1a: Soeur ThÃ©rÃ¨se|Seismic Toss|p2a: Absol
|-damage|p2a: Absol|122\/271
|
|-weather|Sandstorm|[upkeep]
|-damage|p2a: Absol|106\/271|[from] sandstorm
|-damage|p1a: Soeur ThÃ©rÃ¨se|404\/714|[from] sandstorm
|-heal|p1a: Soeur ThÃ©rÃ¨se|714\/714|[from] move: Wish|[wisher] Soeur ThÃ©rÃ¨se
|turn|16
|c| Selwyn|Sacri' qui n'a pas appris l'ironie en cours de franÃ§ais
|c| Selwyn|triste :(
|c|@KÐ°rmÐ°z|ok pardon
|c| Darkrai 9999|Sais Darkrai 
|c|@KÐ°rmÐ°z|dsl je le referÃ© plu
|
|move|p1a: Soeur ThÃ©rÃ¨se|Protect|p1a: Soeur ThÃ©rÃ¨se
|-singleturn|p1a: Soeur ThÃ©rÃ¨se|Protect
|move|p2a: Absol|Knock Off|p1a: Soeur ThÃ©rÃ¨se
|-activate|p1a: Soeur ThÃ©rÃ¨se|Protect
|
|-weather|none
|turn|17
|c| xsq|c'est*
|c|@KÐ°rmÐ°z|met jÃ¨m bi1 ton psedo
|c|@KÐ°rmÐ°z|c tro dark !!!!!!!!!!!!!!
|c| Selwyn|c'est honteux ce stall
|c|âSacri'|Je sais pas trop avec toi, Selwyn, tu m'as l'air vraiment trÃ¨s random
|c| marius3000|xD
|
|move|p2a: Absol|Knock Off|p1a: Soeur ThÃ©rÃ¨se
|-damage|p1a: Soeur ThÃ©rÃ¨se|393\/714
|-enditem|p1a: Soeur ThÃ©rÃ¨se|Leftovers|[from] move: Knock Off|[of] p2a: Absol
|move|p1a: Soeur ThÃ©rÃ¨se|Seismic Toss|p2a: Absol
|-damage|p2a: Absol|6\/271
|
|turn|18
|c| Selwyn|merci sacri' :(
|c|@KÐ°rmÐ°z|Sacri trashtalk
|
|move|p1a: Soeur ThÃ©rÃ¨se|Protect|p1a: Soeur ThÃ©rÃ¨se
|-singleturn|p1a: Soeur ThÃ©rÃ¨se|Protect
|move|p2a: Absol|Knock Off|p1a: Soeur ThÃ©rÃ¨se
|-activate|p1a: Soeur ThÃ©rÃ¨se|Protect
|
|turn|19
|c| xsq|c tros la klase tus peh pa conpremdr
|c|@KÐ°rmÐ°z|j'aurais pas aimÃ©
|
|move|p2a: Absol|Knock Off|p1a: Soeur ThÃ©rÃ¨se
|-damage|p1a: Soeur ThÃ©rÃ¨se|150\/714
|move|p1a: Soeur ThÃ©rÃ¨se|Wish|p1a: Soeur ThÃ©rÃ¨se
|
|turn|20
|c| marius3000|A mort le stall !
|c|âbigbangcrash|noraj
|
|move|p1a: Soeur ThÃ©rÃ¨se|Protect|p1a: Soeur ThÃ©rÃ¨se
|-singleturn|p1a: Soeur ThÃ©rÃ¨se|Protect
|move|p2a: Absol|Swords Dance|p2a: Absol
|-boost|p2a: Absol|atk|2
|
|-heal|p1a: Soeur ThÃ©rÃ¨se|507\/714|[from] move: Wish|[wisher] Soeur ThÃ©rÃ¨se
|turn|21
|c|âSacri'|Tu choke
|c|+B Miror B|ahah
|c|âSacri'|Vraiment beaucoup
|
|move|p2a: Absol|Knock Off|p1a: Soeur ThÃ©rÃ¨se
|-damage|p1a: Soeur ThÃ©rÃ¨se|2\/714
|move|p1a: Soeur ThÃ©rÃ¨se|Seismic Toss|p2a: Absol
|-damage|p2a: Absol|0 fnt
|faint|p2a: Absol
|
|c|@KÐ°rmÐ°z|NORAJ
|c| xsq|durr
|c|+B Miror B|AHAHAH
|c|âSacri'|ce 1%
|c| marius3000|1%
|c|+B Miror B|NORAJ
|c|âbigbangcrash|bg 
|c|@KÐ°rmÐ°z|NORAJ
|c|@KÐ°rmÐ°z|NORAJ
|c|@KÐ°rmÐ°z|NORAJ
|
|switch|p2a: Mienshao|Mienshao, M|255\/271
|-damage|p2a: Mienshao|239\/271|[from] Stealth Rock
|turn|22
|c|âSacri'|Pourquoi je devrais rager
|
|move|p2a: Mienshao|U-turn|p1a: Soeur ThÃ©rÃ¨se
|-damage|p1a: Soeur ThÃ©rÃ¨se|0 fnt
|faint|p1a: Soeur ThÃ©rÃ¨se
|c|+B Miror B|pck t nul
|c|âSacri'|Tout est bon pour moi, lÃ 
|c| Selwyn|non
|
|switch|p2a: Nidoqueen|Nidoqueen, F|360\/384
|-damage|p2a: Nidoqueen|336\/384|[from] Stealth Rock
|
|c| Selwyn|tu t'es pris des dÃ©gats sur pdr inutiles
|c|âSacri'|kek
|c| Selwyn|:)
|
|switch|p1a: GrandMonstreMalade|Hydreigon, F|325\/325
|-damage|p1a: GrandMonstreMalade|285\/325|[from] Stealth Rock
|turn|23
|c|âSacri'|Wow, t'es vraiment un gÃ©nie de la strat', c'est ouf
|c|âSacri'|Oo
|
|switch|p2a: Raikou|Raikou|322\/322
|-damage|p2a: Raikou|282\/322|[from] Stealth Rock
|-ability|p2a: Raikou|Pressure
|move|p1a: GrandMonstreMalade|Draco Meteor|p2a: Raikou
|-damage|p2a: Raikou|105\/322
|-unboost|p1a: GrandMonstreMalade|spa|2
|
|turn|24
|c| Selwyn|Ouais
|c|@KÐ°rmÐ°z|bg Raikou
|c|âbigbangcrash|il resiste
|c| Selwyn|Crokou
|
|move|p1a: GrandMonstreMalade|Draco Meteor|p2a: Raikou
|-damage|p2a: Raikou|18\/322
|-unboost|p1a: GrandMonstreMalade|spa|2
|move|p2a: Raikou|Thunderbolt|p1a: GrandMonstreMalade
|-resisted|p1a: GrandMonstreMalade
|-damage|p1a: GrandMonstreMalade|198\/325
|
|turn|25
|
|move|p1a: GrandMonstreMalade|Draco Meteor|p2a: Raikou|[miss]
|-miss|p1a: GrandMonstreMalade|p2a: Raikou
|move|p2a: Raikou|Thunderbolt|p1a: GrandMonstreMalade
|-resisted|p1a: GrandMonstreMalade
|-damage|p1a: GrandMonstreMalade|117\/325
|
|turn|26
|c| marius3000|#Lesxeeppasderaikou
|c|âbigbangcrash|le miss pas bg
|
|move|p1a: GrandMonstreMalade|Draco Meteor|p2a: Raikou
|-damage|p2a: Raikou|0 fnt
|-unboost|p1a: GrandMonstreMalade|spa|2
|faint|p2a: Raikou
|
|
|switch|p2a: Mienshao|Mienshao, M|239\/271
|-damage|p2a: Mienshao|223\/271|[from] Stealth Rock
|turn|27
|
|switch|p1a: tas de sable|Hippowdon, F|371\/420
|-damage|p1a: tas de sable|345\/420|[from] Stealth Rock
|-weather|Sandstorm
|move|p2a: Mienshao|U-turn|p1a: tas de sable
|-damage|p1a: tas de sable|286\/420
|
|switch|p2a: Nidoqueen|Nidoqueen, F|336\/384
|-damage|p2a: Nidoqueen|312\/384|[from] Stealth Rock
|
|-weather|Sandstorm|[upkeep]
|-heal|p1a: tas de sable|312\/420|[from] item: Leftovers
|turn|28
|
|move|p2a: Nidoqueen|Earth Power|p1a: tas de sable
|-damage|p1a: tas de sable|59\/420
|move|p1a: tas de sable|Earthquake|p2a: Nidoqueen
|-supereffective|p2a: Nidoqueen
|-damage|p2a: Nidoqueen|34\/384
|
|-weather|Sandstorm|[upkeep]
|-heal|p1a: tas de sable|85\/420|[from] item: Leftovers
|turn|29
|c|âSacri'|Bon
|
|move|p2a: Nidoqueen|Ice Beam|p1a: tas de sable
|-supereffective|p1a: tas de sable
|-damage|p1a: tas de sable|0 fnt
|faint|p1a: tas de sable
|
|-weather|Sandstorm|[upkeep]
|c|âSacri'|Maintenant
|c|âSacri'|J'invite
|c|âSacri'|Tout le monde
|c|âSacri'|A prier
|
|switch|p1a: GrandMonstreMalade|Hydreigon, F|117\/325
|-damage|p1a: GrandMonstreMalade|77\/325|[from] Stealth Rock
|turn|30
|c| Selwyn|pq
|c|âSacri'|Pour que je ne miss pas 
|c|@KÐ°rmÐ°z|Ã  danser sur de la compagnie crÃ©ole
|c| Selwyn|on est pour bigbangcrash
|
|move|p1a: GrandMonstreMalade|Dark Pulse|p2a: Nidoqueen
|-damage|p2a: Nidoqueen|0 fnt
|faint|p2a: Nidoqueen
|
|-weather|Sandstorm|[upkeep]
|-damage|p1a: GrandMonstreMalade|57\/325|[from] sandstorm
|c| xsq|mdr high jump kick va miss
|
|switch|p2a: Mienshao|Mienshao, M|223\/271
|-damage|p2a: Mienshao|207\/271|[from] Stealth Rock
|turn|31
|c|âbigbangcrash|merci merci
|c|@KÐ°rmÐ°z|si tu perds Sacri
|
|move|p2a: Mienshao|High Jump Kick|p1a: GrandMonstreMalade
|-crit|p1a: GrandMonstreMalade
|-supereffective|p1a: GrandMonstreMalade
|-damage|p1a: GrandMonstreMalade|0 fnt
|faint|p1a: GrandMonstreMalade
|
|-weather|none
|c|âbigbangcrash|gg
|c|@KÐ°rmÐ°z|je te renie, de 1
|
|switch|p1a: Raikou|Raikou, shiny|322\/322
|-damage|p1a: Raikou|282\/322|[from] Stealth Rock
|-ability|p1a: Raikou|Pressure
|turn|32
|c| Selwyn|pose raikou
|c|âbigbangcrash|j'ai gagnÃ©
|
|move|p2a: Mienshao|High Jump Kick|p1a: Raikou
|-damage|p1a: Raikou|0 fnt
|faint|p1a: Raikou
|
|c| Selwyn|place
|c|@KÐ°rmÐ°z|je me fous de toi pendant la dÃ©cÃ©nie Ã  venir, de 2
|c|âSacri'|Ah bon ?
|c|+B Miror B|noraj
|c| Selwyn|mince
|c|@KÐ°rmÐ°z|okok
|c|@KÐ°rmÐ°z|jtm encore Sacri 
|c|âbigbangcrash|il est scarf oh putain
|c| Selwyn|pk pas beedril
|c|âSacri'|Love Karmaz
|
|switch|p1a: Mother of God|Beedrill-Mega, M|272\/272
|-damage|p1a: Mother of God|204\/272|[from] Stealth Rock
|turn|33
|c|âbigbangcrash|tu m'as eu gg
|
|switch|p2a: Crobat|Crobat, M|243\/373
|-damage|p2a: Crobat|150\/373|[from] Stealth Rock
|move|p1a: Mother of God|Poison Jab|p2a: Crobat
|-resisted|p2a: Crobat
|-damage|p2a: Crobat|20\/373
|
|-heal|p2a: Crobat|43\/373|[from] item: Black Sludge
|turn|34
|c|âSacri'|Kek
|c|âSacri'|Ce no protect
|c|+B Miror B|bah
|c|+B Miror B|quel est l'intÃ©ret ?
|
|move|p1a: Mother of God|Poison Jab|p2a: Crobat
|-resisted|p2a: Crobat
|-damage|p2a: Crobat|0 fnt
|faint|p2a: Crobat
|
|c|+B Miror B|tu le tuais pas
|c| Selwyn|+1
|
|switch|p2a: Mienshao|Mienshao, M|207\/271
|-damage|p2a: Mienshao|191\/271|[from] Stealth Rock
|turn|35
|
|move|p2a: Mienshao|High Jump Kick|p1a: Mother of God|[miss]
|-miss|p2a: Mienshao|p1a: Mother of God
|-damage|p2a: Mienshao|56\/271|[from] highjumpkick
|move|p1a: Mother of God|Poison Jab|p2a: Mienshao
|-damage|p2a: Mienshao|0 fnt
|faint|p2a: Mienshao
|
|win|bigbangcrash
|c| marius3000|gg
|c|@KÐ°rmÐ°z|AHAHAHAHAH
|c| Selwyn|ouuuh
|c|+Babrutas|lol
|c| xsq|gg
|c|âbigbangcrash|ya
|c|+B Miror B|gg
|c| Selwyn|GGGGGG
|c| B99|gg
|c|âbigbangcrash|gg
|c|@BenEowi|ce miss
|c|+B Miror B|virez moi ce rÃ©dac
|leave|BenEowi
|c|âbigbangcrash|xD
|c| marius3000|le haxx
|leave|xsq
|leave|marius3000
|leave|Selwyn
|leave|OÑykÐ¾Ra
|leave|B Miror B
|leave|KÐ°rmÐ°z
|leave|Sacri'
|player|p2
|c| Darkrai 9999|gg
|leave|Darkrai 9999