|join|Sacri'
|join|Walksacred
|player|p1|Sacri'|102
|player|p2|Walksacred|80
|gametype|singles
|gen|6
|tier|UU
|rule|Sleep Clause Mod: Limit one foe put to sleep
|rule|Species Clause: Limit one of each PokÃ©mon
|rule|OHKO Clause: OHKO moves are banned
|rule|Moody Clause: Moody is banned
|rule|Evasion Moves Clause: Evasion moves are banned
|rule|Endless Battle Clause: Forcing endless battles is banned
|rule|HP Percentage Mod: HP is shown in percentages
|clearpoke
|poke|p1|Absol, M
|poke|p1|Raikou
|poke|p1|Nidoqueen, F
|poke|p1|Mienshao, M
|poke|p1|Whimsicott, M
|poke|p1|Crobat, F
|poke|p2|Alakazam, F
|poke|p2|Infernape, F
|poke|p2|Krookodile, M
|poke|p2|Hydreigon, F
|poke|p2|Aggron, F
|poke|p2|Suicune
|rule|Swagger Clause: Swagger is banned
|rule|Baton Pass Clause: Limit one PokÃ©mon knowing Baton Pass
|teampreview
|c|âSacri'|gl hfeuh
|c|âWalksacred|gÃ©helle acheffe
|c|âSacri'|^^^^^^^^^^
|
|start
|switch|p1a: Raikou|Raikou|322\/322
|switch|p2a: FLAME MONKEY|Infernape, F|293\/293
|-ability|p1a: Raikou|Pressure
|turn|1
|
|switch|p2a: Schnappi|Krookodile, M|332\/332
|move|p1a: Raikou|Volt Switch|p2a: Schnappi
|-immune|p2a: Schnappi|[msg]
|
|turn|2
|c|âSacri'|counter team
|c|âSacri'|<:
|
|switch|p1a: Crobat|Crobat, F|373\/373
|move|p2a: Schnappi|Stone Edge|p1a: Crobat
|-supereffective|p1a: Crobat
|-damage|p1a: Crobat|127\/373
|
|-heal|p1a: Crobat|150\/373|[from] item: Black Sludge
|turn|3
|c|âWalksacred|Qui counter qui en fait
|c|âSacri'|hmmm
|
|switch|p1a: Nidoqueen|Nidoqueen, F|384\/384
|move|p2a: Schnappi|Stone Edge|p1a: Nidoqueen
|-resisted|p1a: Nidoqueen
|-damage|p1a: Nidoqueen|318\/384
|
|turn|4
|c|âSacri'|tu es scarf
|c|âSacri'|je le c
|
|switch|p2a: FLAME MONKEY|Infernape, F|293\/293
|move|p1a: Nidoqueen|Stealth Rock|p2a: FLAME MONKEY
|-sidestart|p2: Walksacred|move: Stealth Rock
|
|turn|5
|join|ZenoSky
|c|âSacri'|Enfin j'espÃ¨re
|c|âSacri'|Sinon j'ai tout perdu
|c|âSacri'|^^^^^^
|c|âWalksacred|Pas compliquÃ© Ã  savoir hein
|c| ZenoSky|xD
|
|move|p2a: FLAME MONKEY|Overheat|p1a: Nidoqueen
|-damage|p1a: Nidoqueen|75\/384
|-unboost|p2a: FLAME MONKEY|spa|2
|-damage|p2a: FLAME MONKEY|264\/293|[from] item: Life Orb
|move|p1a: Nidoqueen|Earth Power|p2a: FLAME MONKEY
|-supereffective|p2a: FLAME MONKEY
|-damage|p2a: FLAME MONKEY|0 fnt
|faint|p2a: FLAME MONKEY
|
|c|âSacri'|rip
|join|SoulAndo
|
|switch|p2a: IQ 5000|Alakazam, F|252\/252
|turn|6
|
|move|p2a: IQ 5000|Shadow Ball|p1a: Nidoqueen
|-damage|p1a: Nidoqueen|0 fnt
|faint|p1a: Nidoqueen
|
|
|switch|p1a: Crobat|Crobat, F|150\/373
|turn|7
|
|move|p1a: Crobat|Brave Bird|p2a: IQ 5000
|-damage|p2a: IQ 5000|2\/252
|-damage|p1a: Crobat|67\/373|[from] recoil|[of] p2a: IQ 5000
|move|p2a: IQ 5000|Psyshock|p1a: Crobat
|-supereffective|p1a: Crobat
|-damage|p1a: Crobat|0 fnt
|faint|p1a: Crobat
|
|c|âSacri'|HONTEUX
|c|âSacri'|T'es sash ? :c
|
|switch|p1a: Mienshao|Mienshao, M|271\/271
|turn|8
|c| ZenoSky|xD
|c|âWalksacred|MÃªme pas besoin de la sash il le tient ^^
|c| SoulAndo|xD
|c|âSacri'|t'as eu de la luck
|c|âSacri'|Mais bon
|c| SoulAndo|Il tient a pas grand chose
|
|switch|p2a: Iron Man|Aggron, F|344\/344
|-damage|p2a: Iron Man|323\/344|[from] Stealth Rock
|move|p1a: Mienshao|U-turn|p2a: Iron Man
|-resisted|p2a: Iron Man
|-damage|p2a: Iron Man|304\/344
|c|âSacri'|np
|
|switch|p1a: Raikou|Raikou|322\/322
|-ability|p1a: Raikou|Pressure
|
|turn|9
|c|âSacri'|OMG
|c|âSacri'|Je l'avais oubliÃ©
|c|âSacri'|Oo
|
|switch|p2a: IQ 5000|Alakazam, F|2\/252
|move|p1a: Raikou|Thunderbolt|p2a: IQ 5000
|-damage|p2a: IQ 5000|0 fnt
|faint|p2a: IQ 5000
|
|c|âSacri'|meurs
|
|switch|p2a: Legendary omg|Suicune|403\/403
|-damage|p2a: Legendary omg|353\/403|[from] Stealth Rock
|-ability|p2a: Legendary omg|Pressure
|turn|10
|c|âSacri'|Ã¨_Ã©
|c| ZenoSky|xD
|
|switch|p1a: Whimsicott|Whimsicott, M|262\/262
|move|p2a: Legendary omg|Calm Mind|p2a: Legendary omg
|-boost|p2a: Legendary omg|spa|1
|-boost|p2a: Legendary omg|spd|1
|
|-heal|p2a: Legendary omg|378\/403|[from] item: Leftovers
|turn|11
|
|switch|p2a: Inferno Bird|Hydreigon, F|325\/325
|-damage|p2a: Inferno Bird|285\/325|[from] Stealth Rock
|move|p1a: Whimsicott|Switcheroo|p2a: Inferno Bird
|-activate|p1a: Whimsicott|move: Trick|[of] p2a: Inferno Bird
|-item|p2a: Inferno Bird|Choice Specs|[from] Trick
|-item|p1a: Whimsicott|Scope Lens|[from] Trick
|
|turn|12
|c|âWalksacred|good enough
|c|âSacri'|._.
|
|move|p1a: Whimsicott|Moonblast|p2a: Inferno Bird
|-supereffective|p2a: Inferno Bird
|-damage|p2a: Inferno Bird|0 fnt
|faint|p2a: Inferno Bird
|
|c|âSacri'|au pire t'es mort
|c|âSacri'|^^^^
|c| SoulAndo|ou pas x)
|
|switch|p2a: Schnappi|Krookodile, M|332\/332
|-damage|p2a: Schnappi|312\/332|[from] Stealth Rock
|turn|13
|c|âWalksacred|Franchement, je prÃ©fÃ¨re que t'aies le Scope Lens au lieu d Leftovers
|
|move|p2a: Schnappi|Iron Tail|p1a: Whimsicott
|-supereffective|p1a: Whimsicott
|-damage|p1a: Whimsicott|6\/262
|move|p1a: Whimsicott|Moonblast|p2a: Schnappi
|-supereffective|p2a: Schnappi
|-damage|p2a: Schnappi|0 fnt
|faint|p2a: Schnappi
|
|c|âWalksacred|TSRX
|c|âSacri'|ez
|
|switch|p2a: Legendary omg|Suicune|378\/403
|-damage|p2a: Legendary omg|328\/403|[from] Stealth Rock
|-ability|p2a: Legendary omg|Pressure
|turn|14
|c| ZenoSky|omg
|
|move|p1a: Whimsicott|Energy Ball|p2a: Legendary omg
|-crit|p2a: Legendary omg
|-supereffective|p2a: Legendary omg
|-damage|p2a: Legendary omg|46\/403
|move|p2a: Legendary omg|Scald|p1a: Whimsicott
|-resisted|p1a: Whimsicott
|-damage|p1a: Whimsicott|0 fnt
|faint|p1a: Whimsicott
|
|-heal|p2a: Legendary omg|71\/403|[from] item: Leftovers
|c|âSacri'|ez
|
|switch|p1a: Raikou|Raikou|322\/322
|-ability|p1a: Raikou|Pressure
|turn|15
|c|âWalksacred|le pire
|c|âSacri'|whimiscott rules the nation
|c|âWalksacred|C'est que je pouvais te battre easy lÃ 
|c|âWalksacred|si Whim mourait
|
|move|p1a: Raikou|Thunderbolt|p2a: Legendary omg
|-supereffective|p2a: Legendary omg
|-damage|p2a: Legendary omg|0 fnt
|faint|p2a: Legendary omg
|
|
|switch|p2a: Iron Man|Aggron, F|304\/344
|-damage|p2a: Iron Man|283\/344|[from] Stealth Rock
|turn|16
|
|detailschange|p2a: Iron Man|Aggron-Mega, F
|message|Aggron has Mega Evolved into Mega Aggron!
|move|p1a: Raikou|Thunderbolt|p2a: Iron Man
|-damage|p2a: Iron Man|96\/344
|move|p2a: Iron Man|Power-Up Punch|p1a: Raikou
|-damage|p1a: Raikou|263\/322
|-boost|p2a: Iron Man|atk|1
|
|turn|17
|c|âSacri'|nan
|c|âSacri'|Shaoninja finissait
|c|âWalksacred|Face Ã  M-Aggron il tient pas un Tacle Lourd
|
|move|p1a: Raikou|Thunderbolt|p2a: Iron Man
|-damage|p2a: Iron Man|0 fnt
|faint|p2a: Iron Man
|
|win|Sacri'
|c|âWalksacred|m'enfin gg
|c| ZenoSky|gg
|c|âSacri'|Sauf qu'Agrron se fait dÃ©boiter sur HJK + il me reste Raikou
|c|âSacri'|gg