|join|Sacri'
|join|Munjartiste
|player|p1|Sacri'|1
|player|p2|Munjartiste|281
|gametype|singles
|gen|6
|tier|UU
|rule|Sleep Clause Mod: Limit one foe put to sleep
|rule|Species Clause: Limit one of each PokÃ©mon
|rule|OHKO Clause: OHKO moves are banned
|rule|Moody Clause: Moody is banned
|rule|Evasion Moves Clause: Evasion moves are banned
|rule|Endless Battle Clause: Forcing endless battles is banned
|rule|HP Percentage Mod: HP is shown in percentages
|clearpoke
|poke|p1|Absol, M
|poke|p1|Nidoqueen, F
|poke|p1|Suicune
|poke|p1|Roserade, M
|poke|p1|Mienshao, F
|poke|p1|Jirachi
|poke|p2|Slurpuff, M, shiny
|poke|p2|Aggron, F
|poke|p2|Amoonguss, F
|poke|p2|Alakazam, M
|poke|p2|Chandelure, M
|poke|p2|Mienshao, M
|rule|Swagger Clause: Swagger is banned
|rule|Baton Pass Clause: Limit one PokÃ©mon knowing Baton Pass
|teampreview
|c|âSacri'|gl hf
|join|Orozk
|c|âMunjartiste|glhf
|join|KÐ°rmÐ°z
|join|Marriana
|leave|Orozk
|join|Entro-cloe
|leave|Entro-cloe
|join|Azelma
|join|TT345
|
|start
|switch|p1a: Roserade|Roserade, M|262\/262
|switch|p2a: Mienshao|Mienshao, M|292\/292
|turn|1
|
|move|p1a: Roserade|Sleep Powder|p2a: Mienshao
|-status|p2a: Mienshao|slp
|cant|p2a: Mienshao|slp
|
|turn|2
|c|âSacri'|wtf
|
|move|p1a: Roserade|Spikes|p2a: Mienshao
|-sidestart|p2: Munjartiste|Spikes
|cant|p2a: Mienshao|slp
|
|turn|3
|c|âSacri'|Pourquoi j'outspeed ? Oo
|
|move|p1a: Roserade|Spikes|p2a: Mienshao
|-sidestart|p2: Munjartiste|Spikes
|-curestatus|p2a: Mienshao|slp
|move|p2a: Mienshao|Knock Off|p1a: Roserade
|-damage|p1a: Roserade|63\/262
|-enditem|p1a: Roserade|Focus Sash|[from] move: Knock Off|[of] p2a: Mienshao
|
|turn|4
|join|Quartos
|
|move|p1a: Roserade|Spikes|p2a: Mienshao
|-sidestart|p2: Munjartiste|Spikes
|move|p2a: Mienshao|Knock Off|p1a: Roserade
|-damage|p1a: Roserade|0 fnt
|faint|p1a: Roserade
|
|c|âSacri'|ok, ce adamant mienshao
|c|âSacri'|._.
|
|switch|p1a: Suicune|Suicune|404\/404
|-ability|p1a: Suicune|Pressure
|turn|5
|
|move|p2a: Mienshao|Knock Off|p1a: Suicune
|-damage|p1a: Suicune|311\/404
|-enditem|p1a: Suicune|Leftovers|[from] move: Knock Off|[of] p2a: Mienshao
|move|p1a: Suicune|Scald|p2a: Mienshao
|-damage|p2a: Mienshao|178\/292
|
|turn|6
|
|switch|p2a: Y U NO LEVITATE?|Chandelure, M|262\/262
|-damage|p2a: Y U NO LEVITATE?|197\/262|[from] Spikes
|move|p1a: Suicune|Scald|p2a: Y U NO LEVITATE?
|-supereffective|p2a: Y U NO LEVITATE?
|-damage|p2a: Y U NO LEVITATE?|21\/262
|
|turn|7
|
|switch|p1a: Jirachi|Jirachi|341\/341
|move|p2a: Y U NO LEVITATE?|Energy Ball|p1a: Jirachi
|-resisted|p1a: Jirachi
|-damage|p1a: Jirachi|278\/341
|
|-heal|p1a: Jirachi|299\/341|[from] item: Leftovers
|turn|8
|
|move|p2a: Y U NO LEVITATE?|Energy Ball|p1a: Jirachi
|-resisted|p1a: Jirachi
|-damage|p1a: Jirachi|235\/341
|move|p1a: Jirachi|U-turn|p2a: Y U NO LEVITATE?
|-resisted|p2a: Y U NO LEVITATE?
|-damage|p2a: Y U NO LEVITATE?|2\/262
|
|switch|p1a: Mienshao|Mienshao, F|271\/271
|
|turn|9
|
|move|p1a: Mienshao|U-turn|p2a: Y U NO LEVITATE?
|-resisted|p2a: Y U NO LEVITATE?
|-damage|p2a: Y U NO LEVITATE?|0 fnt
|faint|p2a: Y U NO LEVITATE?
|
|switch|p1a: Suicune|Suicune|311\/404
|-ability|p1a: Suicune|Pressure
|
|
|switch|p2a: Cuiller Moustache|Alakazam, M|252\/252
|turn|10
|
|switch|p1a: Jirachi|Jirachi|235\/341
|move|p2a: Cuiller Moustache|Energy Ball|p1a: Jirachi
|-resisted|p1a: Jirachi
|-damage|p1a: Jirachi|177\/341
|
|-heal|p1a: Jirachi|198\/341|[from] item: Leftovers
|turn|11
|
|move|p2a: Cuiller Moustache|Shadow Ball|p1a: Jirachi
|-supereffective|p1a: Jirachi
|-damage|p1a: Jirachi|0 fnt
|faint|p1a: Jirachi
|
|
|switch|p1a: Mienshao|Mienshao, F|271\/271
|turn|12
|join|Chenipan
|c|âMunjartiste|!dt mienshao
|c|~|\/data-pokemon Mienshao
|raw|<font size="1"><font color=#585858>Dex#:<\/font> 620&nbsp;|&ThickSpace;<font color=#585858>Height:<\/font> 1.4 m&nbsp;|&ThickSpace;<font color=#585858>Weight:<\/font> 35.5 kg <em>(60 BP)<\/em>&nbsp;|&ThickSpace;<font color=#585858>Dex Colour:<\/font> Purple&nbsp;|&ThickSpace;<font color=#585858>Egg Group(s):<\/font> Field, Human-Like&nbsp;|&ThickSpace;<font color=#585858><font color=#585858>Does Not Evolve<\/font><\/font><\/font>
|
|move|p1a: Mienshao|U-turn|p2a: Cuiller Moustache
|-supereffective|p2a: Cuiller Moustache
|-enditem|p2a: Cuiller Moustache|Focus Sash
|-damage|p2a: Cuiller Moustache|1\/252
|c| Marriana|munja
|
|switch|p1a: Suicune|Suicune|311\/404
|-ability|p1a: Suicune|Pressure
|move|p2a: Cuiller Moustache|Psyshock|p1a: Suicune
|-damage|p1a: Suicune|223\/404
|
|turn|13
|c| Marriana|il a dÃ©passÃ© ton lugulabre donc il est scarf (je crois que ton lugulabre Ã©tait aussi scarf)
|
|move|p2a: Cuiller Moustache|Dazzling Gleam|p1a: Suicune
|-damage|p1a: Suicune|143\/404
|move|p1a: Suicune|Scald|p2a: Cuiller Moustache
|-damage|p2a: Cuiller Moustache|0 fnt
|faint|p2a: Cuiller Moustache
|
|
|switch|p2a: Mienshao|Mienshao, M|275\/292
|-damage|p2a: Mienshao|202\/292|[from] Spikes
|turn|14
|
|move|p2a: Mienshao|High Jump Kick|p1a: Suicune
|-damage|p1a: Suicune|0 fnt
|faint|p1a: Suicune
|
|join|zakiraa
|
|switch|p1a: Mienshao|Mienshao, F|271\/271
|turn|15
|
|switch|p2a: Amoonguss|Amoonguss, F|432\/432
|-damage|p2a: Amoonguss|324\/432|[from] Spikes
|move|p1a: Mienshao|High Jump Kick|p2a: Amoonguss
|-resisted|p2a: Amoonguss
|-damage|p2a: Amoonguss|129\/432
|
|-heal|p2a: Amoonguss|156\/432|[from] item: Black Sludge
|turn|16
|
|move|p1a: Mienshao|High Jump Kick|p2a: Amoonguss
|-resisted|p2a: Amoonguss
|-damage|p2a: Amoonguss|0 fnt
|faint|p2a: Amoonguss
|
|join|Franziska-chan
|
|switch|p2a: Slurpuff|Slurpuff, M, shiny|306\/306
|-damage|p2a: Slurpuff|230\/306|[from] Spikes
|turn|17
|leave|Franziska-chan
|join|Franziska-chan
|join|Entro-cloe
|
|move|p1a: Mienshao|High Jump Kick|p2a: Slurpuff
|-resisted|p2a: Slurpuff
|-damage|p2a: Slurpuff|85\/306
|-enditem|p2a: Slurpuff|Sitrus Berry|[eat]
|-heal|p2a: Slurpuff|161\/306|[from] item: Sitrus Berry
|move|p2a: Slurpuff|Belly Drum|p2a: Slurpuff
|-damage|p2a: Slurpuff|8\/306
|-setboost|p2a: Slurpuff|atk|6|[from] move: Belly Drum
|
|turn|18
|c|âSacri'|merde
|c|âSacri'|ce bad roll
|c|âSacri'|:<
|c|âMunjartiste|POPOPOPOPO
|
|move|p1a: Mienshao|High Jump Kick|p2a: Slurpuff
|-resisted|p2a: Slurpuff
|-damage|p2a: Slurpuff|0 fnt
|faint|p2a: Slurpuff
|
|c|âSacri'|dommage
|c|âSacri'|:]
|
|switch|p2a: Mienshao|Mienshao, M|292\/292
|-damage|p2a: Mienshao|219\/292|[from] Spikes
|turn|19
|
|move|p1a: Mienshao|High Jump Kick|p2a: Mienshao
|-damage|p2a: Mienshao|0 fnt
|faint|p2a: Mienshao
|
|c| Entro-cloe|je suis pour moi '^'
|
|switch|p2a: Iron Maiden|Aggron, F|344\/344
|-damage|p2a: Iron Maiden|258\/344|[from] Spikes
|turn|20
|
|detailschange|p2a: Iron Maiden|Aggron-Mega, F
|-mega|p2a: Iron Maiden|Aggron|Aggronite
|move|p1a: Mienshao|High Jump Kick|p2a: Iron Maiden|[miss]
|-miss|p1a: Mienshao|p2a: Iron Maiden
|-damage|p1a: Mienshao|136\/271|[from] highjumpkick
|move|p2a: Iron Maiden|Earthquake|p1a: Mienshao
|-damage|p1a: Mienshao|0 fnt
|faint|p1a: Mienshao
|
|c|âMunjartiste|gg
|c|âMunjartiste|XD
|
|switch|p1a: Nidoqueen|Nidoqueen, F|384\/384
|turn|21
|
|move|p1a: Nidoqueen|Earth Power|p2a: Iron Maiden
|-supereffective|p2a: Iron Maiden
|-damage|p2a: Iron Maiden|0 fnt
|faint|p2a: Iron Maiden
|
|win|Sacri'
|leave|Entro-cloe
|leave|Azelma