|join|Sacri'
|join|FuckHaxx<3
|player|p1|Sacri'|265
|player|p2|FuckHaxx<3|33
|gametype|singles
|gen|6
|tier|UU
|rule|Sleep Clause Mod: Limit one foe put to sleep
|rule|Species Clause: Limit one of each PokÃ©mon
|rule|OHKO Clause: OHKO moves are banned
|rule|Moody Clause: Moody is banned
|rule|Evasion Moves Clause: Evasion moves are banned
|rule|Endless Battle Clause: Forcing endless battles is banned
|rule|HP Percentage Mod: HP is shown in percentages
|clearpoke
|poke|p1|Entei, shiny
|poke|p1|Blastoise, F
|poke|p1|Celebi
|poke|p1|Raikou
|poke|p1|Lucario, M
|poke|p1|Hydreigon, F
|poke|p2|Snorlax, F, shiny
|poke|p2|Crobat, F
|poke|p2|Alomomola, M
|poke|p2|Houndoom, M
|poke|p2|Amoonguss, M
|poke|p2|Krookodile, F
|rule|Swagger Clause: Swagger is banned
|rule|Baton Pass Clause: Limit one PokÃ©mon knowing Baton Pass
|teampreview
|join|BlazingDark
|join|Kirth
|c|âFuckHaxx<3|Heu
|
|start
|switch|p1a: Blastoise|Blastoise, F|361\/361
|switch|p2a: Krookodile|Krookodile, F|332\/332
|-ability|p2a: Krookodile|Intimidate|[of] p1a: Blastoise
|-unboost|p1a: Blastoise|atk|1
|turn|1
|c| BlazingDark|La il a sorti le lourd Sacri :o
|
|switch|p2a: Amoonguss|Amoonguss, M|432\/432
|detailschange|p1a: Blastoise|Blastoise-Mega, F
|-mega|p1a: Blastoise|Blastoise|Blastoisinite
|move|p1a: Blastoise|Ice Beam|p2a: Amoonguss
|-supereffective|p2a: Amoonguss
|-damage|p2a: Amoonguss|238\/432
|
|-heal|p2a: Amoonguss|265\/432|[from] item: Black Sludge
|turn|2
|c|âSacri'|Le lourd c'Ã©tait ma team prÃ©cÃ©dente
|c|âSacri'|nofake
|c| BlazingDark|ah ?
|c| BlazingDark|xD
|c|âSacri'|Oui
|
|switch|p1a: Celebi|Celebi|342\/342
|move|p2a: Amoonguss|Spore|p1a: Celebi
|-fail|p1a: Celebi
|
|-heal|p2a: Amoonguss|292\/432|[from] item: Black Sludge
|turn|3
|c|âSacri'|top 10 du ladd avec
|c| BlazingDark|:o
|
|switch|p2a: Houndoom|Houndoom, M|291\/291
|move|p1a: Celebi|Stealth Rock|p2a: Houndoom
|-sidestart|p2: FuckHaxx<3|move: Stealth Rock
|
|turn|4
|
|detailschange|p2a: Houndoom|Houndoom-Mega, M
|-mega|p2a: Houndoom|Houndoom|Houndoominite
|move|p1a: Celebi|U-turn|p2a: Houndoom
|-damage|p2a: Houndoom|200\/291
|-damage|p1a: Celebi|308\/342|[from] item: Life Orb
|
|switch|p1a: Hydreigon|Hydreigon, F|325\/325
|move|p2a: Houndoom|Fire Blast|p1a: Hydreigon
|-crit|p1a: Hydreigon
|-resisted|p1a: Hydreigon
|-damage|p1a: Hydreigon|165\/325
|
|turn|5
|
|switch|p2a: Ytreza|Snorlax, F, shiny|524\/524
|-damage|p2a: Ytreza|459\/524|[from] Stealth Rock
|move|p1a: Hydreigon|Earth Power|p2a: Ytreza
|-damage|p2a: Ytreza|378\/524
|
|-heal|p2a: Ytreza|410\/524|[from] item: Leftovers
|turn|6
|
|switch|p1a: Lucario|Lucario, M|281\/281
|switch|p2a: Eboola :\/|Crobat, F|374\/374
|-damage|p2a: Eboola :\/|281\/374|[from] Stealth Rock
|
|-heal|p2a: Eboola :\/|304\/374|[from] item: Black Sludge
|turn|7
|c|âFuckHaxx<3|predict
|
|move|p2a: Eboola :\/|Defog|p1a: Lucario
|-unboost|p1a: Lucario|evasion|1
|-sideend|p2: FuckHaxx<3|Stealth Rock|[from] move: Defog|[of] p2a: Eboola :\/
|move|p1a: Lucario|Swords Dance|p1a: Lucario
|-boost|p1a: Lucario|atk|2
|
|-heal|p2a: Eboola :\/|327\/374|[from] item: Black Sludge
|turn|8
|
|move|p2a: Eboola :\/|Brave Bird|p1a: Lucario
|-damage|p1a: Lucario|83\/281
|-damage|p2a: Eboola :\/|262\/374|[from] recoil|[of] p1a: Lucario
|move|p1a: Lucario|Swords Dance|p1a: Lucario
|-boost|p1a: Lucario|atk|2
|
|-heal|p2a: Eboola :\/|285\/374|[from] item: Black Sludge
|turn|9
|
|move|p1a: Lucario|Extreme Speed|p2a: Eboola :\/
|-damage|p2a: Eboola :\/|0 fnt
|-damage|p1a: Lucario|55\/281|[from] item: Life Orb
|faint|p2a: Eboola :\/
|
|
|switch|p2a: Alomomola|Alomomola, M|533\/533
|turn|10
|
|move|p1a: Lucario|Close Combat|p2a: Alomomola
|-damage|p2a: Alomomola|0 fnt
|-damage|p1a: Lucario|9\/281|[from] item: Rocky Helmet|[of] p2a: Alomomola
|-unboost|p1a: Lucario|def|1
|-unboost|p1a: Lucario|spd|1
|-damage|p1a: Lucario|0 fnt|[from] item: Life Orb
|faint|p2a: Alomomola
|faint|p1a: Lucario
|
|
|switch|p1a: Celebi|Celebi|308\/342
|switch|p2a: Krookodile|Krookodile, F|332\/332
|-ability|p2a: Krookodile|Intimidate|[of] p1a: Celebi
|-unboost|p1a: Celebi|atk|1
|turn|11
|
|move|p1a: Celebi|Seed Bomb|p2a: Krookodile
|-supereffective|p2a: Krookodile
|-damage|p2a: Krookodile|98\/332
|-damage|p1a: Celebi|274\/342|[from] item: Life Orb
|move|p2a: Krookodile|Knock Off|p1a: Celebi
|-supereffective|p1a: Celebi
|-damage|p1a: Celebi|0 fnt
|-enditem|p1a: Celebi|Life Orb|[from] move: Knock Off|[of] p2a: Krookodile
|-damage|p2a: Krookodile|65\/332|[from] item: Life Orb
|faint|p1a: Celebi
|
|
|switch|p1a: Hydreigon|Hydreigon, F|165\/325
|turn|12
|
|switch|p2a: Ytreza|Snorlax, F, shiny|410\/524
|move|p1a: Hydreigon|Dark Pulse|p2a: Ytreza
|-damage|p2a: Ytreza|302\/524
|
|-heal|p2a: Ytreza|334\/524|[from] item: Leftovers
|turn|13
|
|move|p1a: Hydreigon|Dark Pulse|p2a: Ytreza
|-damage|p2a: Ytreza|217\/524
|move|p2a: Ytreza|Curse|p2a: Ytreza
|-boost|p2a: Ytreza|atk|1
|-boost|p2a: Ytreza|def|1
|-unboost|p2a: Ytreza|spe|1
|
|-heal|p2a: Ytreza|249\/524|[from] item: Leftovers
|turn|14
|
|move|p1a: Hydreigon|Dark Pulse|p2a: Ytreza
|-damage|p2a: Ytreza|134\/524
|cant|p2a: Ytreza|flinch
|
|-heal|p2a: Ytreza|166\/524|[from] item: Leftovers
|turn|15
|
|move|p1a: Hydreigon|Dark Pulse|p2a: Ytreza
|-damage|p2a: Ytreza|60\/524
|move|p2a: Ytreza|Rest|p2a: Ytreza
|-status|p2a: Ytreza|slp
|-heal|p2a: Ytreza|524\/524 slp|[silent]
|-status|p2a: Ytreza|slp|[from] move: Rest
|
|turn|16
|c|âFuckHaxx<3|lol
|
|switch|p1a: Entei|Entei, shiny|371\/371
|-ability|p1a: Entei|Pressure
|cant|p2a: Ytreza|slp
|move|p2a: Ytreza|Sleep Talk|p2a: Ytreza
|move|p2a: Ytreza|Rest|p2a: Ytreza|[from]Sleep Talk
|-fail|p2a: Ytreza
|
|turn|17
|c|âSacri'|ah, du coup je le passe plus
|c|âFuckHaxx<3|gg wp
|c|âSacri'|Le random rocky helmet m'a un peu ken :'Ã 
|
|move|p1a: Entei|Sacred Fire|p2a: Ytreza
|-damage|p2a: Ytreza|404\/524 slp
|cant|p2a: Ytreza|slp
|move|p2a: Ytreza|Sleep Talk|p2a: Ytreza
|move|p2a: Ytreza|Frustration|p1a: Entei|[from]Sleep Talk
|-damage|p1a: Entei|86\/371
|
|-heal|p2a: Ytreza|436\/524 slp|[from] item: Leftovers
|turn|18
|c|âFuckHaxx<3|heu... random ?
|
|move|p1a: Entei|Sacred Fire|p2a: Ytreza
|-damage|p2a: Ytreza|318\/524 slp
|-curestatus|p2a: Ytreza|slp
|move|p2a: Ytreza|Sleep Talk|p2a: Ytreza
|-fail|p2a: Ytreza
|
|-heal|p2a: Ytreza|350\/524|[from] item: Leftovers
|turn|19
|c|âSacri'|les lefto sont le meilleur choix
|
|move|p1a: Entei|Sacred Fire|p2a: Ytreza|[miss]
|-miss|p1a: Entei|p2a: Ytreza
|move|p2a: Ytreza|Rest|p2a: Ytreza
|-status|p2a: Ytreza|slp
|-heal|p2a: Ytreza|524\/524 slp|[silent]
|-status|p2a: Ytreza|slp|[from] move: Rest
|
|turn|20
|c|âFuckHaxx<3|non, Ã§a ira
|
|move|p1a: Entei|Sacred Fire|p2a: Ytreza
|-damage|p2a: Ytreza|397\/524 slp
|cant|p2a: Ytreza|slp
|move|p2a: Ytreza|Sleep Talk|p2a: Ytreza
|move|p2a: Ytreza|Curse|p2a: Ytreza|[from]Sleep Talk
|-boost|p2a: Ytreza|atk|1
|-boost|p2a: Ytreza|def|1
|-unboost|p2a: Ytreza|spe|1
|
|-heal|p2a: Ytreza|429\/524 slp|[from] item: Leftovers
|turn|21
|c|~Kirth|le meilleur choix
|
|move|p1a: Entei|Sacred Fire|p2a: Ytreza
|-crit|p2a: Ytreza
|-damage|p2a: Ytreza|125\/524 slp
|cant|p2a: Ytreza|slp
|move|p2a: Ytreza|Sleep Talk|p2a: Ytreza
|move|p2a: Ytreza|Frustration|p1a: Entei|[from]Sleep Talk
|-damage|p1a: Entei|0 fnt
|faint|p1a: Entei
|
|-heal|p2a: Ytreza|157\/524 slp|[from] item: Leftovers
|c|~Kirth|je prÃ©fÃ¨re le mouchoir choix mais bon
|c|âFuckHaxx<3|peut Ãªtre pour toi.
|
|switch|p1a: Raikou|Raikou|321\/321
|-ability|p1a: Raikou|Pressure
|turn|22
|c|âFuckHaxx<3|ce haxx
|c| BlazingDark|Alomola Scarf
|c| BlazingDark|top kek
|
|move|p1a: Raikou|Thunderbolt|p2a: Ytreza
|-damage|p2a: Ytreza|0 fnt
|faint|p2a: Ytreza
|
|c| BlazingDark|je sais pas si Ã§a existe
|c| BlazingDark|xD
|c|âSacri'|c'Ã©tait un troll subtile
|c|âSacri'|:c
|c|âFuckHaxx<3|ce haxx...
|c|~Kirth|Non mais je vannais la faute de frappe
|c| BlazingDark|ah
|c| BlazingDark|ok
|
|switch|p2a: Krookodile|Krookodile, F|65\/332
|-ability|p2a: Krookodile|Intimidate|[of] p1a: Raikou
|-unboost|p1a: Raikou|atk|1
|turn|23
|c| BlazingDark|^^
|
|switch|p1a: Hydreigon|Hydreigon, F|165\/325
|move|p2a: Krookodile|Stealth Rock|p1a: Hydreigon
|-sidestart|p1: Sacri'|move: Stealth Rock
|
|turn|24
|
|switch|p2a: Amoonguss|Amoonguss, M|432\/432
|move|p1a: Hydreigon|U-turn|p2a: Amoonguss
|-damage|p2a: Amoonguss|354\/432
|
|switch|p1a: Blastoise|Blastoise-Mega, F|361\/361
|-damage|p1a: Blastoise|316\/361|[from] Stealth Rock
|
|-heal|p2a: Amoonguss|381\/432|[from] item: Black Sludge
|turn|25
|
|move|p1a: Blastoise|Ice Beam|p2a: Amoonguss
|-supereffective|p2a: Amoonguss
|-damage|p2a: Amoonguss|187\/432
|move|p2a: Amoonguss|Spore|p1a: Blastoise
|-status|p1a: Blastoise|slp
|
|-heal|p2a: Amoonguss|214\/432|[from] item: Black Sludge
|turn|26
|
|switch|p1a: Raikou|Raikou|321\/321
|-damage|p1a: Raikou|281\/321|[from] Stealth Rock
|-ability|p1a: Raikou|Pressure
|move|p2a: Amoonguss|Giga Drain|p1a: Raikou
|-damage|p1a: Raikou|196\/321
|-heal|p2a: Amoonguss|257\/432|[from] drain|[of] p1a: Raikou
|
|-heal|p2a: Amoonguss|284\/432|[from] item: Black Sludge
|turn|27
|
|move|p1a: Raikou|Extrasensory|p2a: Amoonguss
|-supereffective|p2a: Amoonguss
|-damage|p2a: Amoonguss|74\/432
|move|p2a: Amoonguss|Synthesis|p2a: Amoonguss
|-heal|p2a: Amoonguss|290\/432
|
|-heal|p2a: Amoonguss|317\/432|[from] item: Black Sludge
|turn|28
|
|switch|p1a: Hydreigon|Hydreigon, F|165\/325
|-damage|p1a: Hydreigon|125\/325|[from] Stealth Rock
|switch|p2a: Krookodile|Krookodile, F|65\/332
|-ability|p2a: Krookodile|Intimidate|[of] p1a: Hydreigon
|-unboost|p1a: Hydreigon|atk|1
|
|turn|29
|
|switch|p2a: Amoonguss|Amoonguss, M|432\/432
|move|p1a: Hydreigon|U-turn|p2a: Amoonguss
|-crit|p2a: Amoonguss
|-damage|p2a: Amoonguss|324\/432
|c|âFuckHaxx<3|tu es bloquÃ© ,
|
|switch|p1a: Raikou|Raikou|196\/321
|-damage|p1a: Raikou|156\/321|[from] Stealth Rock
|-ability|p1a: Raikou|Pressure
|
|-heal|p2a: Amoonguss|351\/432|[from] item: Black Sludge
|turn|30
|
|move|p1a: Raikou|Extrasensory|p2a: Amoonguss
|-supereffective|p2a: Amoonguss
|-damage|p2a: Amoonguss|147\/432
|move|p2a: Amoonguss|Synthesis|p2a: Amoonguss
|-heal|p2a: Amoonguss|363\/432
|
|-heal|p2a: Amoonguss|390\/432|[from] item: Black Sludge
|turn|31
|
|switch|p2a: Houndoom|Houndoom-Mega, M|200\/291
|move|p1a: Raikou|Extrasensory|p2a: Houndoom
|-immune|p2a: Houndoom|[msg]
|
|turn|32
|
|switch|p1a: Hydreigon|Hydreigon, F|125\/325
|-damage|p1a: Hydreigon|85\/325|[from] Stealth Rock
|move|p2a: Houndoom|Fire Blast|p1a: Hydreigon
|-resisted|p1a: Hydreigon
|-damage|p1a: Hydreigon|0 fnt
|faint|p1a: Hydreigon
|
|
|switch|p1a: Raikou|Raikou|156\/321
|-damage|p1a: Raikou|116\/321|[from] Stealth Rock
|-ability|p1a: Raikou|Pressure
|turn|33
|
|switch|p2a: Krookodile|Krookodile, F|65\/332
|-ability|p2a: Krookodile|Intimidate|[of] p1a: Raikou
|-unboost|p1a: Raikou|atk|1
|move|p1a: Raikou|Thunderbolt|p2a: Krookodile
|-immune|p2a: Krookodile|[msg]
|
|turn|34
|
|move|p1a: Raikou|Thunderbolt|p2a: Krookodile
|-immune|p2a: Krookodile|[msg]
|move|p2a: Krookodile|Earthquake|p1a: Raikou
|-supereffective|p1a: Raikou
|-damage|p1a: Raikou|0 fnt
|-damage|p2a: Krookodile|32\/332|[from] item: Life Orb
|faint|p1a: Raikou
|
|c|âSacri'|jj
|c|âFuckHaxx<3|j'y crois pas...
|c|âSacri'|^:
|
|switch|p1a: Blastoise|Blastoise-Mega, F|316\/361 slp
|-damage|p1a: Blastoise|271\/361 slp|[from] Stealth Rock
|turn|35
|c|âFuckHaxx<3|je vais win...
|
|move|p2a: Krookodile|Earthquake|p1a: Blastoise
|-crit|p1a: Blastoise
|-damage|p1a: Blastoise|0 fnt
|-damage|p2a: Krookodile|0 fnt|[from] item: Life Orb
|faint|p1a: Blastoise
|faint|p2a: Krookodile
|
|win|FuckHaxx<3
|c|âFuckHaxx<3|pfff, cette victoire est un fake
|leave|Kirth
|c| BlazingDark|N'empÃªche avec la vraie team de Sacri' Ã§a aurait Ã©tÃ© plus fun
|c| BlazingDark|imo
|c| BlazingDark|et la vraie team de toi aussi
|c|âSacri'|Y'a la FCL bientÃ´t
|c|âSacri'|Je vais Ã©viter de trop run ma main
|c| BlazingDark|uÃ© ik
|c|âFuckHaxx<3|Je sais, j'ai in...
|c| BlazingDark|mais j'pense pas Ãªtre choisis
|c| BlazingDark|:(
|c|âFuckHaxx<3|Je ne vais mÃªme pas etre pris
|c|âFuckHaxx<3|vu la defaite que j'ai eu
|c| BlazingDark|contre ?
|c|âSacri'|Y'a plusieurs caps qui m'ont a peu prÃ¨s garantis que c'Ã©tait bon pour moi
|c|âFuckHaxx<3|Sacri, tu es chef de team ,
|c|âSacri'|Non
|c| BlazingDark|Non
|c| BlazingDark|c'est marquÃ© en + 
|c| BlazingDark|mdr
|c|âFuckHaxx<3|Ya qui ?
|c| BlazingDark|Chirac
|c| BlazingDark|Vinc
|c| BlazingDark|pam
|c|âFuckHaxx<3|Chirac oO
|c|âSacri'|Chirac pam maja Imeridian Vinc
|c| BlazingDark|Majaspic
|c|âFuckHaxx<3|Putain, je suis ans la merde
|c| BlazingDark|ouais bon il ta tout dit
|c| BlazingDark|^^
|c|âFuckHaxx<3|PUTAIN
|c| BlazingDark|Non mais
|c| BlazingDark|tu peux Ãªtre pris par qqun d'autre
|c| BlazingDark|heib
|c| BlazingDark|hein * 
|join|Panure
|c|âFuckHaxx<3|Appart Pam, je ne vois pas qui...
|c| BlazingDark|Bah t'es pas trÃ¨s connu
|c| BlazingDark|hein
|c| BlazingDark|Ta pas prouvÃ© tes talents
|leave|Sacri'
|player|p1
|c| BlazingDark|Pendant le frontier j'ai essayÃ© ^^
|c|âFuckHaxx<3|Maja est ici ?
|c| BlazingDark|mais voila
|c| Panure|non
|c| BlazingDark|Nn
|c| Panure|il est sur franais
|c|âFuckHaxx<3|je vais l'affronter
|c| BlazingDark|rip