|join|Sacri'
|join|chevalblanc
|player|p1|Sacri'|169
|player|p2|chevalblanc|97
|gametype|singles
|gen|6
|tier|UU
|rule|Sleep Clause Mod: Limit one foe put to sleep
|rule|Species Clause: Limit one of each PokÃ©mon
|rule|OHKO Clause: OHKO moves are banned
|rule|Moody Clause: Moody is banned
|rule|Evasion Moves Clause: Evasion moves are banned
|rule|Endless Battle Clause: Forcing endless battles is banned
|rule|HP Percentage Mod: HP is shown in percentages
|clearpoke
|poke|p1|Absol, F
|poke|p1|Nidoqueen, F
|poke|p1|Chandelure, F
|poke|p1|Togetic, M
|poke|p1|Vaporeon, F
|poke|p1|Zygarde
|poke|p2|Suicune
|poke|p2|Beedrill, M
|poke|p2|Jirachi
|poke|p2|Hydreigon, M
|poke|p2|Florges, F
|poke|p2|Hippowdon, M
|rule|Swagger Clause: Swagger is banned
|rule|Baton Pass Clause: Limit one PokÃ©mon knowing Baton Pass
|teampreview
|c|âchevalblanc|Bon jeu
|c|âSacri'|hf
|
|start
|switch|p1a: Nidoqueen|Nidoqueen, F|384\/384
|switch|p2a: Hippowdon|Hippowdon, M|419\/419
|-weather|Sandstorm
|turn|1
|
|switch|p2a: Florges|Florges, F|360\/360
|move|p1a: Nidoqueen|Ice Beam|p2a: Florges
|-damage|p2a: Florges|290\/360
|
|-weather|Sandstorm|[upkeep]
|-damage|p2a: Florges|268\/360|[from] sandstorm
|-heal|p2a: Florges|290\/360|[from] item: Leftovers
|turn|2
|
|move|p1a: Nidoqueen|Sludge Wave|p2a: Florges
|-supereffective|p2a: Florges
|-damage|p2a: Florges|61\/360
|move|p2a: Florges|Wish|p2a: Florges
|
|-weather|Sandstorm|[upkeep]
|-damage|p2a: Florges|39\/360|[from] sandstorm
|-heal|p2a: Florges|61\/360|[from] item: Leftovers
|turn|3
|
|move|p2a: Florges|Protect|p2a: Florges
|-singleturn|p2a: Florges|Protect
|move|p1a: Nidoqueen|Stealth Rock|p2a: Florges
|-sidestart|p2: chevalblanc|move: Stealth Rock
|
|-weather|Sandstorm|[upkeep]
|-damage|p2a: Florges|39\/360|[from] sandstorm
|-heal|p2a: Florges|219\/360|[from] move: Wish|[wisher] Florges
|-heal|p2a: Florges|241\/360|[from] item: Leftovers
|turn|4
|
|switch|p2a: Jirachi|Jirachi|342\/342
|-damage|p2a: Jirachi|321\/342|[from] Stealth Rock
|move|p1a: Nidoqueen|Sludge Wave|p2a: Jirachi
|-immune|p2a: Jirachi|[msg]
|
|-weather|Sandstorm|[upkeep]
|turn|5
|
|move|p2a: Jirachi|Psyshock|p1a: Nidoqueen
|-supereffective|p1a: Nidoqueen
|-damage|p1a: Nidoqueen|120\/384
|move|p1a: Nidoqueen|Earth Power|p2a: Jirachi
|-supereffective|p2a: Jirachi
|-damage|p2a: Jirachi|30\/342
|
|-weather|none
|turn|6
|
|switch|p1a: Vaporeon|Vaporeon, F|464\/464
|move|p2a: Jirachi|Flash Cannon|p1a: Vaporeon
|-crit|p1a: Vaporeon
|-resisted|p1a: Vaporeon
|-damage|p1a: Vaporeon|365\/464
|
|-heal|p1a: Vaporeon|394\/464|[from] item: Leftovers
|turn|7
|
|move|p2a: Jirachi|Energy Ball|p1a: Vaporeon
|-supereffective|p1a: Vaporeon
|-damage|p1a: Vaporeon|204\/464
|move|p1a: Vaporeon|Scald|p2a: Jirachi
|-damage|p2a: Jirachi|0 fnt
|faint|p2a: Jirachi
|
|-heal|p1a: Vaporeon|233\/464|[from] item: Leftovers
|
|switch|p2a: Hydreigon|Hydreigon, M|325\/325
|-damage|p2a: Hydreigon|285\/325|[from] Stealth Rock
|turn|8
|
|move|p1a: Vaporeon|Protect|p1a: Vaporeon
|-singleturn|p1a: Vaporeon|Protect
|move|p2a: Hydreigon|U-turn|p1a: Vaporeon
|-activate|p1a: Vaporeon|Protect
|
|-heal|p1a: Vaporeon|262\/464|[from] item: Leftovers
|turn|9
|
|move|p2a: Hydreigon|Draco Meteor|p1a: Vaporeon
|-damage|p1a: Vaporeon|0 fnt
|-unboost|p2a: Hydreigon|spa|2
|-damage|p2a: Hydreigon|253\/325|[from] item: Life Orb
|faint|p1a: Vaporeon
|
|c|âSacri'|Life Orb + U-Turn
|c|âSacri'|'-'
|
|switch|p1a: Togetic|Togetic, M|314\/314
|turn|10
|c|âchevalblanc|trÃ¨s le new mÃ©ta
|
|move|p2a: Hydreigon|U-turn|p1a: Togetic
|-resisted|p1a: Togetic
|-damage|p1a: Togetic|300\/314
|-damage|p2a: Hydreigon|221\/325|[from] item: Life Orb
|c|âSacri'|trÃ¨s beaucoup
|c|âSacri'|c:
|
|switch|p2a: Beedrill|Beedrill, M|271\/271
|-damage|p2a: Beedrill|204\/271|[from] Stealth Rock
|move|p1a: Togetic|Thunder Wave|p2a: Beedrill
|-status|p2a: Beedrill|par
|
|turn|11
|c|âchevalblanc|rofl
|
|switch|p1a: Nidoqueen|Nidoqueen, F|120\/384
|detailschange|p2a: Beedrill|Beedrill-Mega, M
|message|Beedrill has Mega Evolved into Mega Beedrill!
|move|p2a: Beedrill|Poison Jab|p1a: Nidoqueen
|-crit|p1a: Nidoqueen
|-resisted|p1a: Nidoqueen
|-damage|p1a: Nidoqueen|38\/384
|
|turn|12
|
|move|p1a: Nidoqueen|Earth Power|p2a: Beedrill
|-damage|p2a: Beedrill|0 fnt
|faint|p2a: Beedrill
|
|
|switch|p2a: Hydreigon|Hydreigon, M|221\/325
|-damage|p2a: Hydreigon|181\/325|[from] Stealth Rock
|turn|13
|
|switch|p1a: Togetic|Togetic, M|300\/314
|move|p2a: Hydreigon|Draco Meteor|p1a: Togetic
|-immune|p1a: Togetic|[msg]
|
|turn|14
|
|switch|p1a: Nidoqueen|Nidoqueen, F|38\/384
|move|p2a: Hydreigon|U-turn|p1a: Nidoqueen
|-resisted|p1a: Nidoqueen
|-damage|p1a: Nidoqueen|0 fnt
|-damage|p2a: Hydreigon|149\/325|[from] item: Life Orb
|faint|p1a: Nidoqueen
|
|switch|p2a: Suicune|Suicune|404\/404
|-damage|p2a: Suicune|354\/404|[from] Stealth Rock
|-ability|p2a: Suicune|Pressure
|
|-heal|p2a: Suicune|379\/404|[from] item: Leftovers
|
|switch|p1a: Zygarde|Zygarde|358\/358
|-ability|p1a: Zygarde|Aura Break
|turn|15
|
|move|p1a: Zygarde|Dragon Dance|p1a: Zygarde
|-boost|p1a: Zygarde|atk|1
|-boost|p1a: Zygarde|spe|1
|move|p2a: Suicune|Scald|p1a: Zygarde
|-crit|p1a: Zygarde
|-damage|p1a: Zygarde|232\/358
|
|-heal|p2a: Suicune|404\/404|[from] item: Leftovers
|turn|16
|
|move|p1a: Zygarde|Outrage|p2a: Suicune
|-damage|p2a: Suicune|227\/404
|move|p2a: Suicune|Scald|p1a: Zygarde
|-crit|p1a: Zygarde
|-damage|p1a: Zygarde|120\/358
|-status|p1a: Zygarde|brn
|-enditem|p1a: Zygarde|Lum Berry|[eat]
|-curestatus|p1a: Zygarde|brn
|
|-heal|p2a: Suicune|252\/404|[from] item: Leftovers
|turn|17
|c|âSacri'|stop me crit pls
|
|move|p1a: Zygarde|Outrage|p2a: Suicune
|-damage|p2a: Suicune|54\/404
|move|p2a: Suicune|Rest|p2a: Suicune
|-status|p2a: Suicune|slp
|-heal|p2a: Suicune|404\/404 slp|[silent]
|-status|p2a: Suicune|slp|[from] move: Rest
|
|-end|p1a: Zygarde|rampage
|-start|p1a: Zygarde|confusion
|turn|18
|c|âchevalblanc|dÃ©soler
|
|switch|p1a: Absol|Absol, F|271\/271
|cant|p2a: Suicune|slp
|move|p2a: Suicune|Sleep Talk|p2a: Suicune
|move|p2a: Suicune|Rest|p2a: Suicune|[from]Sleep Talk
|-fail|p2a: Suicune
|
|turn|19
|
|detailschange|p1a: Absol|Absol-Mega, F
|message|Absol has Mega Evolved into Mega Absol!
|move|p1a: Absol|Swords Dance|p1a: Absol
|-boost|p1a: Absol|atk|2
|cant|p2a: Suicune|slp
|move|p2a: Suicune|Sleep Talk|p2a: Suicune
|move|p2a: Suicune|Scald|p1a: Absol|[from]Sleep Talk
|-damage|p1a: Absol|154\/271
|
|turn|20
|
|move|p1a: Absol|Knock Off|p2a: Suicune
|-damage|p2a: Suicune|170\/404 slp
|-enditem|p2a: Suicune|Leftovers|[from] move: Knock Off|[of] p1a: Absol
|-curestatus|p2a: Suicune|slp
|move|p2a: Suicune|Scald|p1a: Absol
|-damage|p1a: Absol|31\/271
|
|turn|21
|
|switch|p2a: Hippowdon|Hippowdon, M|419\/419
|-damage|p2a: Hippowdon|393\/419|[from] Stealth Rock
|-weather|Sandstorm
|move|p1a: Absol|Sucker Punch|p2a: Hippowdon
|-fail|p2a: Hippowdon
|
|-weather|Sandstorm|[upkeep]
|-damage|p1a: Absol|15\/271|[from] sandstorm
|turn|22
|
|move|p1a: Absol|Knock Off|p2a: Hippowdon
|-damage|p2a: Hippowdon|167\/419
|-damage|p1a: Absol|0 fnt|[from] item: Rocky Helmet|[of] p2a: Hippowdon
|faint|p1a: Absol
|move|p2a: Hippowdon|Stealth Rock|p1: Absol
|-sidestart|p1: Sacri'|move: Stealth Rock
|
|-weather|Sandstorm|[upkeep]
|
|switch|p1a: Chandelure|Chandelure, F|262\/262
|-damage|p1a: Chandelure|197\/262|[from] Stealth Rock
|turn|23
|
|move|p1a: Chandelure|Fire Blast|p2a: Hippowdon
|-damage|p2a: Hippowdon|0 fnt
|faint|p2a: Hippowdon
|
|-weather|Sandstorm|[upkeep]
|-damage|p1a: Chandelure|181\/262|[from] sandstorm
|-heal|p1a: Chandelure|197\/262|[from] item: Leftovers
|c|âchevalblanc|ce non sub
|c|âSacri'|J'avais 0 raison de sub
|c|âSacri'|c:
|
|switch|p2a: Hydreigon|Hydreigon, M|149\/325
|-damage|p2a: Hydreigon|109\/325|[from] Stealth Rock
|turn|24
|
|move|p2a: Hydreigon|Dark Pulse|p1a: Chandelure
|-supereffective|p1a: Chandelure
|-damage|p1a: Chandelure|0 fnt
|-damage|p2a: Hydreigon|77\/325|[from] item: Life Orb
|faint|p1a: Chandelure
|
|-weather|Sandstorm|[upkeep]
|-damage|p2a: Hydreigon|57\/325|[from] sandstorm
|c|âSacri'|kek
|c|âSacri'|Ce no u turn
|c|âchevalblanc|:'(
|
|switch|p1a: Zygarde|Zygarde|120\/358
|-damage|p1a: Zygarde|98\/358|[from] Stealth Rock
|-ability|p1a: Zygarde|Aura Break
|turn|25
|c|âSacri'|En fait
|c|âSacri'|Je sais pas pourquoi je cherche Ã  prÃ©dict
|c|âchevalblanc|c la vi
|c|âSacri'|Tu joues pas franchement ce genre de plays
|
|move|p1a: Zygarde|Extreme Speed|p2a: Hydreigon
|-damage|p2a: Hydreigon|0 fnt
|faint|p2a: Hydreigon
|
|-weather|none
|c|âchevalblanc|:'(
|
|switch|p2a: Florges|Florges, F|241\/360
|-damage|p2a: Florges|196\/360|[from] Stealth Rock
|turn|26
|
|move|p1a: Zygarde|Earthquake|p2a: Florges
|-crit|p2a: Florges
|-damage|p2a: Florges|0 fnt
|faint|p2a: Florges
|
|
|switch|p2a: Suicune|Suicune|170\/404
|-damage|p2a: Suicune|120\/404|[from] Stealth Rock
|-ability|p2a: Suicune|Pressure
|turn|27
|c|âSacri'|gg
|c|âchevalblanc|gg
|
|move|p1a: Zygarde|Outrage|p2a: Suicune
|-damage|p2a: Suicune|0 fnt
|faint|p2a: Suicune
|
|win|Sacri'