|join|Joyu2
|join|Sacri'
|player|p1|Joyu2|289
|player|p2|Sacri'|1
|gametype|singles
|gen|6
|tier|UU
|rule|Sleep Clause Mod: Limit one foe put to sleep
|rule|Species Clause: Limit one of each PokÃ©mon
|rule|OHKO Clause: OHKO moves are banned
|rule|Moody Clause: Moody is banned
|rule|Evasion Moves Clause: Evasion moves are banned
|rule|Endless Battle Clause: Forcing endless battles is banned
|rule|HP Percentage Mod: HP is shown in percentages
|clearpoke
|poke|p1|Trevenant, M
|poke|p1|Tentacruel, F
|poke|p1|Jirachi
|poke|p1|Flygon, M
|poke|p1|Absol, F
|poke|p1|Snorlax, M
|poke|p2|Absol, F
|poke|p2|Jirachi, shiny
|poke|p2|Mienshao, M
|poke|p2|Aerodactyl, F
|poke|p2|Hydreigon, M
|poke|p2|Raikou
|rule|Swagger Clause: Swagger is banned
|rule|Baton Pass Clause: Limit one PokÃ©mon knowing Baton Pass
|teampreview
|join|Azkul
|join|KÐ°rmÐ°z
|
|start
|switch|p1a: Flygon|Flygon, M|301\/301
|switch|p2a: Raikou|Raikou|321\/321
|-ability|p2a: Raikou|Pressure
|turn|1
|c|@KÐ°rmÐ°z|J'ose espÃ©rer Joyu
|c|@KÐ°rmÐ°z|que ton LibÃ©gon est jouÃ© dÃ©fensif
|c|âJoyu2|kwa ?
|
|switch|p2a: Aerodactyl|Aerodactyl, F|301\/301
|-ability|p2a: Aerodactyl|Pressure
|switch|p1a: Snorlax|Snorlax, M|500\/500
|
|turn|2
|c|@KÐ°rmÐ°z|:^
|c|âSacri'|Non, il a 95% de chances d'Ãªtre scarf.
|c|âSacri'|Ou pas, il est bander.
|
|move|p2a: Aerodactyl|Stealth Rock|p1a: Snorlax
|-sidestart|p1: Joyu2|move: Stealth Rock
|move|p1a: Snorlax|Body Slam|p2a: Aerodactyl
|-resisted|p2a: Aerodactyl
|-damage|p2a: Aerodactyl|193\/301
|-status|p2a: Aerodactyl|par
|
|turn|3
|c|âJoyu2|et 5% d'etre ?
|c|@KÐ°rmÐ°z|Sacri, c'est une private joke du forum :(
|
|move|p2a: Aerodactyl|Taunt|p1a: Snorlax
|-start|p1a: Snorlax|move: Taunt
|move|p1a: Snorlax|Body Slam|p2a: Aerodactyl
|-resisted|p2a: Aerodactyl
|-damage|p2a: Aerodactyl|83\/301 par
|
|turn|4
|c|âSacri'|Bander\/LO
|c|@Azkul|DEFENSIF
|c|âSacri'|Ik
|
|cant|p2a: Aerodactyl|par
|move|p1a: Snorlax|Body Slam|p2a: Aerodactyl
|-resisted|p2a: Aerodactyl
|-damage|p2a: Aerodactyl|0 fnt
|faint|p2a: Aerodactyl
|
|
|switch|p2a: Mienshao|Mienshao, M|271\/271
|turn|5
|c|@Azkul|hjk !
|
|move|p2a: Mienshao|Knock Off|p1a: Snorlax
|-damage|p1a: Snorlax|352\/500
|-enditem|p1a: Snorlax|Assault Vest|[from] move: Knock Off|[of] p2a: Mienshao
|move|p1a: Snorlax|Body Slam|p2a: Mienshao
|-damage|p2a: Mienshao|58\/271
|
|-end|p1a: Snorlax|move: Taunt
|turn|6
|
|switch|p2a: Jirachi|Jirachi, shiny|342\/342
|switch|p1a: Trevenant|Trevenant, M|328\/328
|-damage|p1a: Trevenant|287\/328|[from] Stealth Rock
|
|turn|7
|
|move|p2a: Jirachi|Substitute|p2a: Jirachi
|-start|p2a: Jirachi|Substitute
|-damage|p2a: Jirachi|257\/342
|move|p1a: Trevenant|Substitute|p1a: Trevenant
|-start|p1a: Trevenant|Substitute
|-damage|p1a: Trevenant|205\/328
|
|-heal|p2a: Jirachi|278\/342|[from] item: Leftovers
|turn|8
|
|move|p2a: Jirachi|Calm Mind|p2a: Jirachi
|-boost|p2a: Jirachi|spa|1
|-boost|p2a: Jirachi|spd|1
|move|p1a: Trevenant|Shadow Claw|p2a: Jirachi
|-supereffective|p2a: Jirachi
|-end|p2a: Jirachi|Substitute
|
|-heal|p2a: Jirachi|299\/342|[from] item: Leftovers
|turn|9
|c|@Azkul|Karm
|c|@Azkul|Ma UU
|c|âSacri'|ce shadow claw
|c|âSacri'|._.
|c|âSacri'|._.
|c|âSacri'|._.
|
|move|p2a: Jirachi|Psyshock|p1a: Trevenant
|-end|p1a: Trevenant|Substitute
|move|p1a: Trevenant|Shadow Claw|p2a: Jirachi
|-supereffective|p2a: Jirachi
|-damage|p2a: Jirachi|87\/342
|
|-heal|p2a: Jirachi|108\/342|[from] item: Leftovers
|turn|10
|c|@Azkul|J'ai envie de la jouer avec Symbios
|c|@Azkul|Mais bon
|c|âJoyu2|je joue un set particulier
|c|âSacri'|Il est trÃ¨s trÃ¨s sympa, Az'
|c|@Azkul|Je sais
|c|âSacri'|C'est vraiment un gimmick stylÃ©
|
|move|p2a: Jirachi|Psyshock|p1a: Trevenant
|-damage|p1a: Trevenant|0 fnt
|faint|p1a: Trevenant
|
|-heal|p2a: Jirachi|129\/342|[from] item: Leftovers
|c|@Azkul|Faut bien l'entourer de checks au dark spam
|c|@Azkul|Comme l'autre affreux lÃ 
|
|switch|p1a: Jirachi|Jirachi|341\/341
|-damage|p1a: Jirachi|320\/341|[from] Stealth Rock
|turn|11
|c|@Azkul|!dt krookodile
|c|~|\/data-pokemon Krookodile
|raw|<font size="1"><font color=#585858>Dex#:<\/font> 553&nbsp;|&ThickSpace;<font color=#585858>Height:<\/font> 1.5 m&nbsp;|&ThickSpace;<font color=#585858>Weight:<\/font> 96.3 kg <em>(80 BP)<\/em>&nbsp;|&ThickSpace;<font color=#585858>Dex Colour:<\/font> Red&nbsp;|&ThickSpace;<font color=#585858>Egg Group(s):<\/font> Field&nbsp;|&ThickSpace;<font color=#585858><font color=#585858>Does Not Evolve<\/font><\/font><\/font>
|
|move|p1a: Jirachi|Fire Punch|p2a: Jirachi
|-supereffective|p2a: Jirachi
|-damage|p2a: Jirachi|0 fnt
|faint|p2a: Jirachi
|
|c|âSacri'|http:\/\/www.smogon.com\/forums\/threads\/oras-uu-teambuilding-compendium-wip.3526477\/
|c|âSacri'|Dark check\/Knock off switch in.
|c|@KÐ°rmÐ°z|D'ailleurs Sacri
|
|switch|p2a: Absol|Absol, F|271\/271
|turn|12
|c|@KÐ°rmÐ°z|Tout le monde adaptÃ© ce sujet sur NU
|c|@KÐ°rmÐ°z|go le faire :(
|c|âSacri'|Oui.
|
|detailschange|p2a: Absol|Absol-Mega, F
|-mega|p2a: Absol|Absol|Absolite
|move|p1a: Jirachi|Fire Punch|p2a: Absol
|-damage|p2a: Absol|160\/271
|move|p2a: Absol|Knock Off|p1a: Jirachi
|-supereffective|p1a: Jirachi
|-damage|p1a: Jirachi|0 fnt
|-enditem|p1a: Jirachi|Choice Scarf|[from] move: Knock Off|[of] p2a: Absol
|faint|p1a: Jirachi
|
|c|âSacri'|a:
|c|@Azkul|Sacri'
|
|switch|p1a: Flygon|Flygon, M|301\/301
|-damage|p1a: Flygon|283\/301|[from] Stealth Rock
|turn|13
|c|@Azkul|Au lieu de ladd, va mÃ j le viab
|c|@KÐ°rmÐ°z|http:\/\/www.neverused.net\/search?mode=searchbox&search_keywords=r%C3%B4les&show_results=topics
|c|@Azkul|hophophop
|c|@KÐ°rmÐ°z|regarde Ã§a
|c|@Azkul|Il te reste le B- et le C :<
|
|switch|p2a: Hydreigon|Hydreigon, M|325\/325
|move|p1a: Flygon|U-turn|p2a: Hydreigon
|-supereffective|p2a: Hydreigon
|-damage|p2a: Hydreigon|85\/325
|
|switch|p1a: Absol|Absol, F|271\/271
|-damage|p1a: Absol|238\/271|[from] Stealth Rock
|
|turn|14
|c|@Azkul|Si c'Ã©tait ma team
|c|@Azkul|J'enlÃ¨verais Aero
|c|@Azkul|Pour mettre un fairy
|c|âSacri'|C'est un suicide lead rigolo
|c|âSacri'|C'est une team fun
|c|âSacri'|Elle est assez nulle, en fait
|
|detailschange|p1a: Absol|Absol-Mega, F
|-mega|p1a: Absol|Absol|Absolite
|move|p1a: Absol|Sucker Punch|p2a: Hydreigon
|-resisted|p2a: Hydreigon
|-damage|p2a: Hydreigon|0 fnt
|faint|p2a: Hydreigon
|
|
|switch|p2a: Absol|Absol-Mega, F|160\/271
|turn|15
|c|âJoyu2|grosse speed tie
|
|move|p1a: Absol|Play Rough|p2a: Absol|[miss]
|-miss|p1a: Absol|p2a: Absol
|move|p2a: Absol|Play Rough|p1a: Absol
|-supereffective|p1a: Absol
|-damage|p1a: Absol|0 fnt
|faint|p1a: Absol
|
|c|@KÐ°rmÐ°z|rire
|c|âJoyu2|oh na
|c|âJoyu2|MIAS SERIEUX ???
|c|âSacri'|sorry
|c|@KÐ°rmÐ°z|trÃ¨s
|
|switch|p1a: Flygon|Flygon, M|283\/301
|-damage|p1a: Flygon|265\/301|[from] Stealth Rock
|turn|16
|c|âJoyu2|je gagne la speed tie et je miss
|
|switch|p2a: Raikou|Raikou|321\/321
|-ability|p2a: Raikou|Pressure
|move|p1a: Flygon|U-turn|p2a: Raikou
|-damage|p2a: Raikou|199\/321
|c|âSacri'|c'est dur la vie imo
|c|@KÐ°rmÐ°z|ce comble
|
|switch|p1a: Snorlax|Snorlax, M|352\/500
|-damage|p1a: Snorlax|290\/500|[from] Stealth Rock
|
|turn|17
|
|move|p2a: Raikou|Thunderbolt|p1a: Snorlax
|-crit|p1a: Snorlax
|-damage|p1a: Snorlax|4\/500
|move|p1a: Snorlax|Body Slam|p2a: Raikou
|-damage|p2a: Raikou|12\/321
|
|turn|18
|c|@KÐ°rmÐ°z|:^
|c|âJoyu2|comme si le haxx faisait tout Ã§a
|
|move|p2a: Raikou|Thunderbolt|p1a: Snorlax
|-damage|p1a: Snorlax|0 fnt
|faint|p1a: Snorlax
|
|
|switch|p1a: Tentacruel|Tentacruel, F|347\/347
|-damage|p1a: Tentacruel|304\/347|[from] Stealth Rock
|turn|19
|c|âJoyu2|qu'est-ce qu'un match sans haxx
|c|@KÐ°rmÐ°z|trÃ¨s le non-libÃ©gon
|
|move|p2a: Raikou|Thunderbolt|p1a: Tentacruel
|-supereffective|p1a: Tentacruel
|-damage|p1a: Tentacruel|0 fnt
|faint|p1a: Tentacruel
|
|c|âSacri'|trÃ¨s
|c|âJoyu2|parce que en fait
|
|switch|p1a: Flygon|Flygon, M|265\/301
|-damage|p1a: Flygon|247\/301|[from] Stealth Rock
|turn|20
|c|âSacri'|Alors que je suis lock sur T-bolt
|c|âSacri'|^:
|c|âJoyu2|je suis libÃ©gon band
|c|âSacri'|gg
|
|move|p2a: Raikou|Thunderbolt|p1a: Flygon
|-immune|p1a: Flygon|[msg]
|move|p1a: Flygon|Earthquake|p2a: Raikou
|-supereffective|p2a: Raikou
|-damage|p2a: Raikou|0 fnt
|faint|p2a: Raikou
|
|c|@KÐ°rmÐ°z|bah et ?
|c|âSacri'|En plus je joue mÃªme pas pc ice
|c|@KÐ°rmÐ°z|son specs Ã©tait spotted
|c|âSacri'|Je joue pc grass
|
|switch|p2a: Absol|Absol-Mega, F|160\/271
|turn|21
|c|âJoyu2|bah je croyais que c'Ã©tait raikou AV
|
|move|p2a: Absol|Play Rough|p1a: Flygon
|-supereffective|p1a: Flygon
|-damage|p1a: Flygon|0 fnt
|faint|p1a: Flygon
|
|win|Sacri'
|c|@Azkul|gg !
|c|âJoyu2|gg
|leave|Joyu2
|player|p1
|leave|Azkul
|c|@KÐ°rmÐ°z|un Raikou AV OHKO pas Tentacruel
|c|@KÐ°rmÐ°z|m'enfin bon
|leave|KÐ°rmÐ°z
|leave|Sacri'
|player|p2