|join|BenEowi
|join|Sacri'
|player|p1|BenEowi|260
|player|p2|Sacri'|102
|gametype|singles
|gen|6
|tier|UU
|rule|Sleep Clause Mod: Limit one foe put to sleep
|rule|Species Clause: Limit one of each PokÃ©mon
|rule|OHKO Clause: OHKO moves are banned
|rule|Moody Clause: Moody is banned
|rule|Evasion Moves Clause: Evasion moves are banned
|rule|Endless Battle Clause: Forcing endless battles is banned
|rule|HP Percentage Mod: HP is shown in percentages
|clearpoke
|poke|p1|Infernape, F
|poke|p1|Krookodile, M
|poke|p1|Haxorus, F
|poke|p1|Jirachi
|poke|p1|Hydreigon, M
|poke|p1|Blastoise, F
|poke|p2|Absol, M
|poke|p2|Raikou
|poke|p2|Nidoqueen, F
|poke|p2|Mienshao, F
|poke|p2|Whimsicott, F
|poke|p2|Crobat, M
|rule|Swagger Clause: Swagger is banned
|rule|Baton Pass Clause: Limit one PokÃ©mon knowing Baton Pass
|teampreview
|c|âSacri'|gl hf
|join|Darkrai 9999
|c|âBenEowi|gl hf
|join|KÐ°rmÐ°z
|
|start
|switch|p1a: Infernape|Infernape, F|293\/293
|switch|p2a: Crobat|Crobat, M|373\/373
|turn|1
|c|@KÐ°rmÐ°z|omg
|
|move|p2a: Crobat|Brave Bird|p1a: Infernape
|-supereffective|p1a: Infernape
|-enditem|p1a: Infernape|Focus Sash
|-damage|p1a: Infernape|1\/293
|-damage|p2a: Crobat|277\/373|[from] recoil|[of] p1a: Infernape
|move|p1a: Infernape|Fire Blast|p2a: Crobat
|-damage|p2a: Crobat|0 fnt
|faint|p2a: Crobat
|
|c|@KÐ°rmÐ°z|gom
|c|@KÐ°rmÐ°z|mog
|c|@KÐ°rmÐ°z|gmo
|c|@KÐ°rmÐ°z|mgo
|
|switch|p2a: Mienshao|Mienshao, F|271\/271
|turn|2
|c|@KÐ°rmÐ°z|Whimsicott â¥
|
|switch|p1a: Jirachi|Jirachi|342\/342
|move|p2a: Mienshao|U-turn|p1a: Jirachi
|-damage|p1a: Jirachi|262\/342
|
|switch|p2a: Nidoqueen|Nidoqueen, F|384\/384
|
|-heal|p1a: Jirachi|283\/342|[from] item: Leftovers
|turn|3
|leave|Darkrai 9999
|
|switch|p1a: Infernape|Infernape, F|1\/293
|move|p2a: Nidoqueen|Earth Power|p1a: Infernape
|-crit|p1a: Infernape
|-supereffective|p1a: Infernape
|-damage|p1a: Infernape|0 fnt
|faint|p1a: Infernape
|
|
|switch|p1a: Blastoise|Blastoise, F|355\/355
|turn|4
|
|switch|p2a: Raikou|Raikou|322\/322
|-ability|p2a: Raikou|Pressure
|detailschange|p1a: Blastoise|Blastoise-Mega, F
|message|Blastoise has Mega Evolved into Mega Blastoise!
|move|p1a: Blastoise|Hydro Pump|p2a: Raikou|[miss]
|-miss|p1a: Blastoise|p2a: Raikou
|
|turn|5
|c|âSacri'|sorry
|
|switch|p1a: Krookodile|Krookodile, M|332\/332
|move|p2a: Raikou|Hidden Power|p1a: Krookodile
|-supereffective|p1a: Krookodile
|-damage|p1a: Krookodile|164\/332
|
|turn|6
|
|switch|p2a: Whimsicott|Whimsicott, F|262\/262
|move|p1a: Krookodile|Knock Off|p2a: Whimsicott
|-resisted|p2a: Whimsicott
|-damage|p2a: Whimsicott|172\/262
|-enditem|p2a: Whimsicott|Choice Specs|[from] move: Knock Off|[of] p1a: Krookodile
|
|turn|7
|
|switch|p1a: Jirachi|Jirachi|283\/342
|move|p2a: Whimsicott|U-turn|p1a: Jirachi
|-damage|p1a: Jirachi|249\/342
|c|@KÐ°rmÐ°z|â¥
|
|switch|p2a: Nidoqueen|Nidoqueen, F|384\/384
|
|-heal|p1a: Jirachi|270\/342|[from] item: Leftovers
|turn|8
|c|âBenEowi|Bon aprÃ¨s, j'go manger moi :P
|c|âSacri'|okay
|
|switch|p1a: Hydreigon|Hydreigon, M|325\/325
|move|p2a: Nidoqueen|Earth Power|p1a: Hydreigon
|-immune|p1a: Hydreigon|[msg]
|
|turn|9
|
|move|p1a: Hydreigon|U-turn|p2a: Nidoqueen
|-resisted|p2a: Nidoqueen
|-damage|p2a: Nidoqueen|353\/384
|
|switch|p1a: Blastoise|Blastoise-Mega, F|355\/355
|move|p2a: Nidoqueen|Ice Beam|p1a: Blastoise
|-resisted|p1a: Blastoise
|-damage|p1a: Blastoise|295\/355
|
|turn|10
|
|switch|p2a: Raikou|Raikou|322\/322
|-ability|p2a: Raikou|Pressure
|move|p1a: Blastoise|Hydro Pump|p2a: Raikou
|-damage|p2a: Raikou|184\/322
|
|turn|11
|c|âBenEowi|Oh le petit AV
|
|switch|p1a: Krookodile|Krookodile, M|164\/332
|move|p2a: Raikou|Volt Switch|p1a: Krookodile
|-immune|p1a: Krookodile|[msg]
|
|turn|12
|join|Darkrai 9999
|c|âSacri'|bien vu
|
|switch|p2a: Whimsicott|Whimsicott, F|172\/262
|move|p1a: Krookodile|Earthquake|p2a: Whimsicott
|-resisted|p2a: Whimsicott
|-damage|p2a: Whimsicott|72\/262
|
|turn|13
|
|move|p1a: Krookodile|Earthquake|p2a: Whimsicott
|-resisted|p2a: Whimsicott
|-damage|p2a: Whimsicott|0 fnt
|faint|p2a: Whimsicott
|-boost|p1a: Krookodile|atk|1|[from] ability: Moxie
|
|join|Ereziia
|
|switch|p2a: Mienshao|Mienshao, F|271\/271
|turn|14
|
|switch|p1a: Blastoise|Blastoise-Mega, F|295\/355
|move|p2a: Mienshao|High Jump Kick|p1a: Blastoise
|-damage|p1a: Blastoise|78\/355
|
|turn|15
|c|@KÐ°rmÐ°z|j'Ã©tais venu pour Whimsicott
|leave|KÐ°rmÐ°z
|c|âSacri'|maintenant
|c|âSacri'|Je peux spam sans complexe
|c|âSacri'|o:
|
|move|p2a: Mienshao|High Jump Kick|p1a: Blastoise
|-damage|p1a: Blastoise|0 fnt
|faint|p1a: Blastoise
|
|c| Darkrai 9999|shaofouine
|
|switch|p1a: Jirachi|Jirachi|270\/342
|turn|16
|
|switch|p2a: Raikou|Raikou|184\/322
|-ability|p2a: Raikou|Pressure
|move|p1a: Jirachi|Dazzling Gleam|p2a: Raikou
|-damage|p2a: Raikou|133\/322
|
|-heal|p1a: Jirachi|291\/342|[from] item: Leftovers
|turn|17
|c| Darkrai 9999|one shot tout le monde
|
|move|p2a: Raikou|Thunderbolt|p1a: Jirachi
|-damage|p1a: Jirachi|149\/342
|move|p1a: Jirachi|Psyshock|p2a: Raikou
|-damage|p2a: Raikou|0 fnt
|faint|p2a: Raikou
|
|-heal|p1a: Jirachi|170\/342|[from] item: Leftovers
|
|switch|p2a: Nidoqueen|Nidoqueen, F|353\/384
|turn|18
|
|move|p1a: Jirachi|Psyshock|p2a: Nidoqueen
|-supereffective|p2a: Nidoqueen
|-damage|p2a: Nidoqueen|107\/384
|move|p2a: Nidoqueen|Earth Power|p1a: Jirachi
|-supereffective|p1a: Jirachi
|-damage|p1a: Jirachi|0 fnt
|faint|p1a: Jirachi
|
|
|switch|p1a: Haxorus|Haxorus, F|293\/293
|-ability|p1a: Haxorus|Mold Breaker
|turn|19
|
|move|p1a: Haxorus|Outrage|p2a: Nidoqueen
|-damage|p2a: Nidoqueen|0 fnt
|faint|p2a: Nidoqueen
|
|
|switch|p2a: Mienshao|Mienshao, F|271\/271
|turn|20
|
|move|p2a: Mienshao|High Jump Kick|p1a: Haxorus
|-damage|p1a: Haxorus|20\/293
|move|p1a: Haxorus|Outrage|p2a: Mienshao
|-damage|p2a: Mienshao|0 fnt
|faint|p2a: Mienshao
|
|-end|p1a: Haxorus|rampage
|-start|p1a: Haxorus|confusion
|
|switch|p2a: Absol|Absol, M|271\/271
|-enditem|p1a: Haxorus|Lum Berry|[eat]
|-end|p1a: Haxorus|confusion
|turn|21
|
|detailschange|p2a: Absol|Absol-Mega, M
|message|Absol has Mega Evolved into Mega Absol!
|move|p2a: Absol|Sucker Punch|p1a: Haxorus
|-damage|p1a: Haxorus|0 fnt
|faint|p1a: Haxorus
|
|
|switch|p1a: Hydreigon|Hydreigon, M|325\/325
|turn|22
|
|move|p2a: Absol|Play Rough|p1a: Hydreigon
|-supereffective|p1a: Hydreigon
|-damage|p1a: Hydreigon|0 fnt
|faint|p1a: Hydreigon
|
|
|switch|p1a: Krookodile|Krookodile, M|164\/332
|turn|23
|
|move|p1a: Krookodile|Earthquake|p2a: Absol
|-damage|p2a: Absol|6\/271
|move|p2a: Absol|Play Rough|p1a: Krookodile
|-supereffective|p1a: Krookodile
|-damage|p1a: Krookodile|0 fnt
|faint|p1a: Krookodile
|
|win|Sacri'
|c|âBenEowi|gg ^^
|c|âSacri'|gg !
|c|âSacri'|Tu la manies bien :)
|c|âBenEowi|Merci
|c|âBenEowi|Mais elle est pas compliquÃ©e je trouve
|c|âSacri'|Nan, c'est vraiment une bonne grosse heavy offense
|c|âBenEowi|^^
|c|âSacri'|T'envoies ton suicide lead et puis tu bourrinnes
|c|âBenEowi|Bon je file
|c|âBenEowi|bon app :)
|c|âSacri'|++
|c|âSacri'|A toi aussi
|leave|BenEowi
|player|p1
|leave|Ereziia