|join|Sacri'
|join|ZenoSky
|player|p1|Sacri'|102
|player|p2|ZenoSky|165
|gametype|singles
|gen|6
|tier|UU
|rule|Sleep Clause Mod: Limit one foe put to sleep
|rule|Species Clause: Limit one of each PokÃ©mon
|rule|OHKO Clause: OHKO moves are banned
|rule|Moody Clause: Moody is banned
|rule|Evasion Moves Clause: Evasion moves are banned
|rule|Endless Battle Clause: Forcing endless battles is banned
|rule|HP Percentage Mod: HP is shown in percentages
|clearpoke
|poke|p1|Absol, M
|poke|p1|Raikou
|poke|p1|Nidoqueen, F
|poke|p1|Mienshao, F
|poke|p1|Whimsicott, M
|poke|p1|Crobat, F
|poke|p2|Aggron, M, shiny
|poke|p2|Milotic, M, shiny
|poke|p2|Goodra, F, shiny
|poke|p2|Florges, F, shiny
|poke|p2|Donphan, M
|poke|p2|Honchkrow, M
|rule|Swagger Clause: Swagger is banned
|rule|Baton Pass Clause: Limit one PokÃ©mon knowing Baton Pass
|teampreview
|c|âSacri'|hf
|
|start
|switch|p1a: Raikou|Raikou|322\/322
|switch|p2a: Aggron|Aggron, M, shiny|344\/344
|-ability|p1a: Raikou|Pressure
|turn|1
|
|detailschange|p2a: Aggron|Aggron-Mega, M, shiny
|message|Aggron has Mega Evolved into Mega Aggron!
|move|p1a: Raikou|Volt Switch|p2a: Aggron
|-damage|p2a: Aggron|236\/344
|
|switch|p1a: Nidoqueen|Nidoqueen, F|384\/384
|move|p2a: Aggron|Stealth Rock|p1a: Nidoqueen
|-sidestart|p1: Sacri'|move: Stealth Rock
|
|turn|2
|
|move|p1a: Nidoqueen|Earth Power|p2a: Aggron
|-supereffective|p2a: Aggron
|-damage|p2a: Aggron|0 fnt
|faint|p2a: Aggron
|
|c|âZenoSky|fuck xD
|
|switch|p2a: Milotic|Milotic, M, shiny|394\/394
|turn|3
|
|switch|p1a: Raikou|Raikou|322\/322
|-damage|p1a: Raikou|282\/322|[from] Stealth Rock
|-ability|p1a: Raikou|Pressure
|move|p2a: Milotic|Ice Beam|p1a: Raikou
|-damage|p1a: Raikou|237\/322
|
|turn|4
|
|switch|p2a: Donphan|Donphan, M|384\/384
|move|p1a: Raikou|Hidden Power|p2a: Donphan
|-supereffective|p2a: Donphan
|-damage|p2a: Donphan|178\/384
|
|-heal|p2a: Donphan|202\/384|[from] item: Leftovers
|turn|5
|
|move|p1a: Raikou|Hidden Power|p2a: Donphan
|-supereffective|p2a: Donphan
|-damage|p2a: Donphan|12\/384
|move|p2a: Donphan|Rock Slide|p1a: Raikou
|-miss|p2a: Donphan|p1a: Raikou
|
|-heal|p2a: Donphan|36\/384|[from] item: Leftovers
|turn|6
|
|switch|p2a: Goodra|Goodra, F, shiny|361\/361
|move|p1a: Raikou|Hidden Power|p2a: Goodra
|-crit|p2a: Goodra
|-supereffective|p2a: Goodra
|-damage|p2a: Goodra|271\/361
|
|turn|7
|
|move|p1a: Raikou|Volt Switch|p2a: Goodra
|-resisted|p2a: Goodra
|-damage|p2a: Goodra|246\/361
|
|switch|p1a: Crobat|Crobat, F|373\/373
|-damage|p1a: Crobat|280\/373|[from] Stealth Rock
|move|p2a: Goodra|Earthquake|p1a: Crobat
|-immune|p1a: Crobat|[msg]
|
|-heal|p1a: Crobat|303\/373|[from] item: Black Sludge
|turn|8
|
|move|p1a: Crobat|Defog|p2a: Goodra
|-unboost|p2a: Goodra|evasion|1
|-sideend|p1: Sacri'|Stealth Rock|[from] move: Defog|[of] p1a: Crobat
|move|p2a: Goodra|Dragon Tail|p1a: Crobat
|-damage|p1a: Crobat|179\/373
|drag|p1a: Raikou|Raikou|237\/322
|-ability|p1a: Raikou|Pressure
|
|turn|9
|
|move|p1a: Raikou|Volt Switch|p2a: Goodra
|-resisted|p2a: Goodra
|-damage|p2a: Goodra|218\/361
|
|switch|p1a: Crobat|Crobat, F|179\/373
|move|p2a: Goodra|Earthquake|p1a: Crobat
|-immune|p1a: Crobat|[msg]
|
|-heal|p1a: Crobat|202\/373|[from] item: Black Sludge
|turn|10
|
|move|p1a: Crobat|Brave Bird|p2a: Goodra
|-damage|p2a: Goodra|0 fnt
|-damage|p1a: Crobat|130\/373|[from] recoil|[of] p2a: Goodra
|faint|p2a: Goodra
|
|-heal|p1a: Crobat|153\/373|[from] item: Black Sludge
|
|switch|p2a: Honchkrow|Honchkrow, M|342\/342
|turn|11
|
|move|p2a: Honchkrow|Sucker Punch|p1a: Crobat
|-damage|p1a: Crobat|0 fnt
|-damage|p2a: Honchkrow|308\/342|[from] item: Life Orb
|faint|p1a: Crobat
|-boost|p2a: Honchkrow|atk|1|[from] ability: Moxie
|
|
|switch|p1a: Mienshao|Mienshao, F|271\/271
|turn|12
|c|âZenoSky|Au moins 1
|c|âZenoSky|xD
|
|move|p2a: Honchkrow|Sucker Punch|p1a: Mienshao
|-resisted|p1a: Mienshao
|-damage|p1a: Mienshao|71\/271
|-damage|p2a: Honchkrow|274\/342|[from] item: Life Orb
|move|p1a: Mienshao|High Jump Kick|p2a: Honchkrow
|-damage|p2a: Honchkrow|0 fnt
|faint|p2a: Honchkrow
|
|
|switch|p2a: Florges|Florges, F, shiny|360\/360
|turn|13
|
|switch|p1a: Nidoqueen|Nidoqueen, F|384\/384
|move|p2a: Florges|Moonblast|p1a: Nidoqueen
|-resisted|p1a: Nidoqueen
|-damage|p1a: Nidoqueen|319\/384
|-unboost|p1a: Nidoqueen|spa|1
|
|turn|14
|
|switch|p2a: Donphan|Donphan, M|36\/384
|move|p1a: Nidoqueen|Stealth Rock|p2a: Donphan
|-sidestart|p2: ZenoSky|move: Stealth Rock
|
|-heal|p2a: Donphan|60\/384|[from] item: Leftovers
|turn|15
|
|move|p2a: Donphan|Ice Shard|p1a: Nidoqueen
|-supereffective|p1a: Nidoqueen
|-damage|p1a: Nidoqueen|213\/384
|move|p1a: Nidoqueen|Ice Beam|p2a: Donphan
|-supereffective|p2a: Donphan
|-damage|p2a: Donphan|0 fnt
|faint|p2a: Donphan
|
|join|OÑykÐ¾Ra
|
|switch|p2a: Milotic|Milotic, M, shiny|394\/394
|-damage|p2a: Milotic|345\/394|[from] Stealth Rock
|turn|16
|
|switch|p1a: Raikou|Raikou|237\/322
|-ability|p1a: Raikou|Pressure
|move|p2a: Milotic|Surf|p1a: Raikou
|-damage|p1a: Raikou|170\/322
|
|-heal|p2a: Milotic|369\/394|[from] item: Leftovers
|turn|17
|
|move|p1a: Raikou|Volt Switch|p2a: Milotic
|-supereffective|p2a: Milotic
|-damage|p2a: Milotic|223\/394
|
|switch|p1a: Whimsicott|Whimsicott, M|262\/262
|move|p2a: Milotic|Toxic|p1a: Whimsicott
|-status|p1a: Whimsicott|tox
|
|-heal|p2a: Milotic|247\/394|[from] item: Leftovers
|-damage|p1a: Whimsicott|246\/262 tox|[from] psn
|turn|18
|
|switch|p2a: Florges|Florges, F, shiny|360\/360
|-damage|p2a: Florges|315\/360|[from] Stealth Rock
|move|p1a: Whimsicott|Switcheroo|p2a: Florges
|-activate|p1a: Whimsicott|move: Trick|[of] p2a: Florges
|-item|p2a: Florges|Choice Specs|[from] Trick
|-item|p1a: Whimsicott|Focus Band|[from] Trick
|
|-damage|p1a: Whimsicott|214\/262 tox|[from] psn
|turn|19
|
|switch|p1a: Nidoqueen|Nidoqueen, F|213\/384
|move|p2a: Florges|Moonblast|p1a: Nidoqueen
|-resisted|p1a: Nidoqueen
|-damage|p1a: Nidoqueen|105\/384
|-unboost|p1a: Nidoqueen|spa|1
|
|turn|20
|
|move|p1a: Nidoqueen|Sludge Wave|p2a: Florges
|-supereffective|p2a: Florges
|-damage|p2a: Florges|167\/360
|move|p2a: Florges|Moonblast|p1a: Nidoqueen
|-resisted|p1a: Nidoqueen
|-damage|p1a: Nidoqueen|0 fnt
|faint|p1a: Nidoqueen
|
|
|switch|p1a: Raikou|Raikou|170\/322
|-ability|p1a: Raikou|Pressure
|turn|21
|
|switch|p2a: Milotic|Milotic, M, shiny|247\/394
|-damage|p2a: Milotic|198\/394|[from] Stealth Rock
|move|p1a: Raikou|Thunderbolt|p2a: Milotic
|-supereffective|p2a: Milotic
|-damage|p2a: Milotic|28\/394
|
|-heal|p2a: Milotic|52\/394|[from] item: Leftovers
|turn|22
|
|move|p1a: Raikou|Thunderbolt|p2a: Milotic
|-supereffective|p2a: Milotic
|-damage|p2a: Milotic|0 fnt
|faint|p2a: Milotic
|
|c|âZenoSky|C'est la loose ~
|
|switch|p2a: Florges|Florges, F, shiny|167\/360
|-damage|p2a: Florges|122\/360|[from] Stealth Rock
|turn|23
|c|âSacri'|gg
|
|move|p1a: Raikou|Thunderbolt|p2a: Florges
|-damage|p2a: Florges|40\/360
|move|p2a: Florges|Psychic|p1a: Raikou
|-damage|p1a: Raikou|98\/322
|
|turn|24
|c|âZenoSky|Je me suis fait dÃ©raillÃ© x)
|
|move|p1a: Raikou|Thunderbolt|p2a: Florges
|-damage|p2a: Florges|0 fnt
|faint|p2a: Florges
|
|win|Sacri'
|leave|ZenoSky
|player|p2
|leave|OÑykÐ¾Ra