|join|marius3000
|join|Sacri'
|player|p1|marius3000|2
|player|p2|Sacri'|1
|gametype|singles
|gen|6
|tier|UU
|rule|Sleep Clause Mod: Limit one foe put to sleep
|rule|Species Clause: Limit one of each PokÃ©mon
|rule|OHKO Clause: OHKO moves are banned
|rule|Moody Clause: Moody is banned
|rule|Evasion Moves Clause: Evasion moves are banned
|rule|Endless Battle Clause: Forcing endless battles is banned
|rule|HP Percentage Mod: HP is shown in percentages
|clearpoke
|poke|p1|Honchkrow, F
|poke|p1|Donphan, M
|poke|p1|Chandelure, F
|poke|p1|Roserade, M
|poke|p1|Milotic, M
|poke|p1|Chesnaught, F
|poke|p2|Fletchinder, M
|poke|p2|Krookodile, F
|poke|p2|Cobalion
|poke|p2|Roserade, F
|poke|p2|Suicune
|poke|p2|Chandelure, F
|rule|Swagger Clause: Swagger is banned
|rule|Baton Pass Clause: Limit one PokÃ©mon knowing Baton Pass
|teampreview
|join|Entro-cloe
|c|âSacri'|gl hf
|c|âmarius3000|u2 :)
|c|âSacri'|Je joue une random team parce que c'est drÃ´le
|c|âmarius3000|Elle st pas mal xD
|c|âSacri'|Elle est super mal build
|c|âmarius3000|Comment tu fais pour random ta team ?
|c|âSacri'|Nan mais
|c|âSacri'|Je dis qu'elle est random
|c|âmarius3000|Ok
|c|âSacri'|Parce que je l'ai build en 30 secondes
|
|start
|switch|p1a: Donphan|Donphan, M|384\/384
|switch|p2a: Cobalion|Cobalion|323\/323
|turn|1
|
|move|p2a: Cobalion|Stealth Rock|p1a: Donphan
|-sidestart|p1: marius3000|move: Stealth Rock
|move|p1a: Donphan|Stealth Rock|p2a: Cobalion
|-sidestart|p2: Sacri'|move: Stealth Rock
|
|turn|2
|leave|Entro-cloe
|
|switch|p2a: Suicune|Suicune|404\/404
|-damage|p2a: Suicune|354\/404|[from] Stealth Rock
|-ability|p2a: Suicune|Pressure
|move|p1a: Donphan|Earthquake|p2a: Suicune
|-damage|p2a: Suicune|243\/404
|
|-heal|p2a: Suicune|268\/404|[from] item: Leftovers
|turn|3
|
|switch|p1a: Milotic|Milotic, M|394\/394
|-damage|p1a: Milotic|345\/394|[from] Stealth Rock
|move|p2a: Suicune|Scald|p1a: Milotic
|-resisted|p1a: Milotic
|-damage|p1a: Milotic|318\/394
|
|-heal|p2a: Suicune|293\/404|[from] item: Leftovers
|turn|4
|
|move|p2a: Suicune|Calm Mind|p2a: Suicune
|-boost|p2a: Suicune|spa|1
|-boost|p2a: Suicune|spd|1
|move|p1a: Milotic|Scald|p2a: Suicune
|-resisted|p2a: Suicune
|-damage|p2a: Suicune|266\/404
|
|-heal|p2a: Suicune|291\/404|[from] item: Leftovers
|turn|5
|c|âmarius3000|J'ai oubliÃ© de lui mettre draco-queue ^^
|
|switch|p1a: Honchkrow|Honchkrow, F|342\/342
|-damage|p1a: Honchkrow|257\/342|[from] Stealth Rock
|move|p2a: Suicune|Calm Mind|p2a: Suicune
|-boost|p2a: Suicune|spa|1
|-boost|p2a: Suicune|spd|1
|
|-heal|p2a: Suicune|316\/404|[from] item: Leftovers
|turn|6
|
|move|p1a: Honchkrow|Drill Peck|p2a: Suicune
|-damage|p2a: Suicune|225\/404
|move|p2a: Suicune|Scald|p1a: Honchkrow
|-damage|p1a: Honchkrow|0 fnt
|faint|p1a: Honchkrow
|
|-heal|p2a: Suicune|250\/404|[from] item: Leftovers
|
|switch|p1a: Roserade|Roserade, M|261\/261
|-damage|p1a: Roserade|229\/261|[from] Stealth Rock
|turn|7
|
|move|p1a: Roserade|Energy Ball|p2a: Suicune
|-supereffective|p2a: Suicune
|-damage|p2a: Suicune|52\/404
|-damage|p1a: Roserade|203\/261|[from] item: Life Orb
|move|p2a: Suicune|Calm Mind|p2a: Suicune
|-boost|p2a: Suicune|spa|1
|-boost|p2a: Suicune|spd|1
|
|-heal|p2a: Suicune|77\/404|[from] item: Leftovers
|turn|8
|c|âSacri'|Wow
|c|âSacri'|Il fait mal
|c|âSacri'|:<
|
|move|p1a: Roserade|Energy Ball|p2a: Suicune
|-supereffective|p2a: Suicune
|-damage|p2a: Suicune|0 fnt
|-damage|p1a: Roserade|177\/261|[from] item: Life Orb
|faint|p2a: Suicune
|
|c|âmarius3000|:)
|
|switch|p2a: Fletchinder|Fletchinder, M|291\/291
|-damage|p2a: Fletchinder|146\/291|[from] Stealth Rock
|turn|9
|
|switch|p1a: Donphan|Donphan, M|384\/384
|-damage|p1a: Donphan|360\/384|[from] Stealth Rock
|move|p2a: Fletchinder|Will-O-Wisp|p1a: Donphan
|-status|p1a: Donphan|brn
|
|-heal|p1a: Donphan|384\/384 brn|[from] item: Leftovers
|-damage|p1a: Donphan|336\/384 brn|[from] brn
|turn|10
|
|move|p2a: Fletchinder|Acrobatics|p1a: Donphan
|-damage|p1a: Donphan|203\/384 brn
|move|p1a: Donphan|Rapid Spin|p2a: Fletchinder
|-damage|p2a: Fletchinder|126\/291
|-sideend|p1: marius3000|Stealth Rock|[from] move: Rapid Spin|[of] p1a: Donphan
|
|-heal|p1a: Donphan|227\/384 brn|[from] item: Leftovers
|-damage|p1a: Donphan|179\/384 brn|[from] brn
|turn|11
|
|move|p2a: Fletchinder|Swords Dance|p2a: Fletchinder
|-boost|p2a: Fletchinder|atk|2
|move|p1a: Donphan|Stone Edge|p2a: Fletchinder
|-supereffective|p2a: Fletchinder
|-damage|p2a: Fletchinder|0 fnt
|faint|p2a: Fletchinder
|
|-heal|p1a: Donphan|203\/384 brn|[from] item: Leftovers
|-damage|p1a: Donphan|155\/384 brn|[from] brn
|c|âSacri'|ce random stone edge
|c|âSacri'|:<<<
|
|switch|p2a: Roserade|Roserade, F|262\/262
|-damage|p2a: Roserade|230\/262|[from] Stealth Rock
|turn|12
|
|switch|p1a: Chandelure|Chandelure, F|281\/281
|move|p2a: Roserade|Giga Drain|p1a: Chandelure
|-resisted|p1a: Chandelure
|-damage|p1a: Chandelure|181\/281
|-heal|p2a: Roserade|262\/262|[from] drain|[of] p1a: Chandelure
|-damage|p2a: Roserade|236\/262|[from] item: Life Orb
|
|turn|13
|c|âmarius3000|Ca fait deux semaine qu'il faut que je lui mette sa 4e attaque et l'ai toujours pas fait ^^
|
|switch|p2a: Chandelure|Chandelure, F|261\/261
|-damage|p2a: Chandelure|196\/261|[from] Stealth Rock
|move|p1a: Chandelure|Fire Blast|p2a: Chandelure
|-start|p2a: Chandelure|ability: Flash Fire
|
|turn|14
|
|move|p2a: Chandelure|Energy Ball|p1a: Chandelure
|-resisted|p1a: Chandelure
|-damage|p1a: Chandelure|121\/281
|-unboost|p1a: Chandelure|spd|1
|move|p1a: Chandelure|Shadow Ball|p2a: Chandelure
|-supereffective|p2a: Chandelure
|-damage|p2a: Chandelure|0 fnt
|-damage|p1a: Chandelure|93\/281|[from] item: Life Orb
|faint|p2a: Chandelure
|
|
|switch|p2a: Krookodile|Krookodile, F|332\/332
|-damage|p2a: Krookodile|312\/332|[from] Stealth Rock
|-ability|p2a: Krookodile|Intimidate|[of] p1a: Chandelure
|-unboost|p1a: Chandelure|atk|1
|turn|15
|
|move|p2a: Krookodile|Pursuit|p1a: Chandelure|[from]Pursuit
|-supereffective|p1a: Chandelure
|-damage|p1a: Chandelure|0 fnt
|faint|p1a: Chandelure
|
|
|switch|p1a: Chesnaught|Chesnaught, F|380\/380
|turn|16
|
|switch|p2a: Roserade|Roserade, F|236\/262
|-damage|p2a: Roserade|204\/262|[from] Stealth Rock
|move|p1a: Chesnaught|Seed Bomb|p2a: Roserade
|-crit|p2a: Roserade
|-resisted|p2a: Roserade
|-damage|p2a: Roserade|127\/262
|
|turn|17
|
|switch|p1a: Roserade|Roserade, M|177\/261
|move|p2a: Roserade|Hidden Power|p1a: Roserade
|-supereffective|p1a: Roserade
|-damage|p1a: Roserade|0 fnt
|-damage|p2a: Roserade|101\/262|[from] item: Life Orb
|faint|p1a: Roserade
|
|
|switch|p1a: Chesnaught|Chesnaught, F|380\/380
|turn|18
|
|move|p2a: Roserade|Hidden Power|p1a: Chesnaught
|-supereffective|p1a: Chesnaught
|-damage|p1a: Chesnaught|65\/380
|-damage|p2a: Roserade|75\/262|[from] item: Life Orb
|move|p1a: Chesnaught|Brick Break|p2a: Roserade
|-resisted|p2a: Roserade
|-damage|p2a: Roserade|0 fnt
|faint|p2a: Roserade
|
|
|switch|p2a: Cobalion|Cobalion|323\/323
|-damage|p2a: Cobalion|313\/323|[from] Stealth Rock
|turn|19
|
|move|p2a: Cobalion|Close Combat|p1a: Chesnaught
|-damage|p1a: Chesnaught|0 fnt
|-damage|p2a: Cobalion|260\/323|[from] item: Rocky Helmet|[of] p1a: Chesnaught
|-unboost|p2a: Cobalion|def|1
|-unboost|p2a: Cobalion|spd|1
|faint|p1a: Chesnaught
|
|-heal|p2a: Cobalion|280\/323|[from] item: Leftovers
|
|switch|p1a: Milotic|Milotic, M|318\/394
|turn|20
|
|move|p2a: Cobalion|Close Combat|p1a: Milotic
|-damage|p1a: Milotic|104\/394
|-damage|p2a: Cobalion|227\/323|[from] item: Rocky Helmet|[of] p1a: Milotic
|-unboost|p2a: Cobalion|def|1
|-unboost|p2a: Cobalion|spd|1
|move|p1a: Milotic|Scald|p2a: Cobalion
|-crit|p2a: Cobalion
|-damage|p2a: Cobalion|0 fnt
|faint|p2a: Cobalion
|
|
|switch|p2a: Krookodile|Krookodile, F|312\/332
|-damage|p2a: Krookodile|292\/332|[from] Stealth Rock
|-ability|p2a: Krookodile|Intimidate|[of] p1a: Milotic
|-unboost|p1a: Milotic|atk|1
|turn|21
|c|âSacri'|gg
|c|âmarius3000|gg
|
|move|p2a: Krookodile|Earthquake|p1a: Milotic
|-damage|p1a: Milotic|0 fnt
|faint|p1a: Milotic
|
|
|switch|p1a: Donphan|Donphan, M|155\/384 brn
|turn|22
|
|move|p2a: Krookodile|Knock Off|p1a: Donphan
|-damage|p1a: Donphan|0 fnt
|-enditem|p1a: Donphan|Leftovers|[from] move: Knock Off|[of] p2a: Krookodile
|faint|p1a: Donphan
|
|win|Sacri'
|leave|marius3000
|player|p1
|leave|Sacri'
|player|p2