|join|marius3000
|join|Sacri'
|player|p1|marius3000|2
|player|p2|Sacri'|1
|gametype|singles
|gen|6
|tier|UU
|rule|Sleep Clause Mod: Limit one foe put to sleep
|rule|Species Clause: Limit one of each PokÃ©mon
|rule|OHKO Clause: OHKO moves are banned
|rule|Moody Clause: Moody is banned
|rule|Evasion Moves Clause: Evasion moves are banned
|rule|Endless Battle Clause: Forcing endless battles is banned
|rule|HP Percentage Mod: HP is shown in percentages
|clearpoke
|poke|p1|Honchkrow, M
|poke|p1|Donphan, F
|poke|p1|Chandelure, M
|poke|p1|Roserade, M
|poke|p1|Milotic, F
|poke|p1|Chesnaught, M
|poke|p2|Absol, M
|poke|p2|Raikou
|poke|p2|Nidoqueen, F
|poke|p2|Mienshao, M
|poke|p2|Whimsicott, M
|poke|p2|Crobat, M
|rule|Swagger Clause: Swagger is banned
|rule|Baton Pass Clause: Limit one PokÃ©mon knowing Baton Pass
|teampreview
|c|âSacri'|gl hf
|join|Babrutas
|c|âmarius3000|gl hf :)
|
|start
|switch|p1a: Donphan|Donphan, F|384\/384
|switch|p2a: Nidoqueen|Nidoqueen, F|384\/384
|turn|1
|
|move|p2a: Nidoqueen|Ice Beam|p1a: Donphan
|-supereffective|p1a: Donphan
|-activate|p1a: Donphan|Sturdy
|-damage|p1a: Donphan|1\/384
|move|p1a: Donphan|Stealth Rock|p2a: Nidoqueen
|-sidestart|p2: Sacri'|move: Stealth Rock
|
|-heal|p1a: Donphan|25\/384|[from] item: Leftovers
|turn|2
|
|switch|p1a: Milotic|Milotic, F|394\/394
|move|p2a: Nidoqueen|Earth Power|p1a: Milotic
|-damage|p1a: Milotic|276\/394
|
|turn|3
|
|switch|p2a: Raikou|Raikou|322\/322
|-damage|p2a: Raikou|282\/322|[from] Stealth Rock
|-ability|p2a: Raikou|Pressure
|move|p1a: Milotic|Scald|p2a: Raikou
|-crit|p2a: Raikou
|-damage|p2a: Raikou|191\/322
|-status|p2a: Raikou|brn
|
|-damage|p2a: Raikou|151\/322 brn|[from] brn
|turn|4
|
|switch|p1a: Donphan|Donphan, F|25\/384
|move|p2a: Raikou|Thunderbolt|p1a: Donphan
|-immune|p1a: Donphan|[msg]
|
|-heal|p1a: Donphan|49\/384|[from] item: Leftovers
|-damage|p2a: Raikou|111\/322 brn|[from] brn
|turn|5
|
|move|p2a: Raikou|Hidden Power|p1a: Donphan
|-supereffective|p1a: Donphan
|-damage|p1a: Donphan|0 fnt
|faint|p1a: Donphan
|
|-damage|p2a: Raikou|71\/322 brn|[from] brn
|
|switch|p1a: Honchkrow|Honchkrow, M|342\/342
|turn|6
|
|move|p1a: Honchkrow|Sucker Punch|p2a: Raikou
|-damage|p2a: Raikou|0 fnt
|faint|p2a: Raikou
|-boost|p1a: Honchkrow|atk|1|[from] ability: Moxie
|
|
|switch|p2a: Whimsicott|Whimsicott, M|262\/262
|-damage|p2a: Whimsicott|230\/262|[from] Stealth Rock
|turn|7
|
|move|p2a: Whimsicott|Moonblast|p1a: Honchkrow
|-supereffective|p1a: Honchkrow
|-enditem|p1a: Honchkrow|Focus Sash
|-damage|p1a: Honchkrow|1\/342
|move|p1a: Honchkrow|Drill Peck|p2a: Whimsicott
|-supereffective|p2a: Whimsicott
|-damage|p2a: Whimsicott|0 fnt
|faint|p2a: Whimsicott
|-boost|p1a: Honchkrow|atk|1|[from] ability: Moxie
|
|join|Scario
|
|switch|p2a: Mienshao|Mienshao, M|271\/271
|-damage|p2a: Mienshao|255\/271|[from] Stealth Rock
|turn|8
|
|move|p1a: Honchkrow|Sucker Punch|p2a: Mienshao
|-resisted|p2a: Mienshao
|-damage|p2a: Mienshao|59\/271
|move|p2a: Mienshao|U-turn|p1a: Honchkrow
|-crit|p1a: Honchkrow
|-damage|p1a: Honchkrow|0 fnt
|faint|p1a: Honchkrow
|
|switch|p2a: Nidoqueen|Nidoqueen, F|384\/384
|-damage|p2a: Nidoqueen|360\/384|[from] Stealth Rock
|
|
|switch|p1a: Roserade|Roserade, M|261\/261
|turn|9
|
|move|p1a: Roserade|Energy Ball|p2a: Nidoqueen
|-damage|p2a: Nidoqueen|125\/384
|-damage|p1a: Roserade|235\/261|[from] item: Life Orb
|move|p2a: Nidoqueen|Stealth Rock|p1a: Roserade
|-sidestart|p1: marius3000|move: Stealth Rock
|
|turn|10
|
|switch|p2a: Crobat|Crobat, M|373\/373
|-damage|p2a: Crobat|280\/373|[from] Stealth Rock
|move|p1a: Roserade|Energy Ball|p2a: Crobat
|-resisted|p2a: Crobat
|-damage|p2a: Crobat|218\/373
|-damage|p1a: Roserade|209\/261|[from] item: Life Orb
|
|-heal|p2a: Crobat|241\/373|[from] item: Black Sludge
|turn|11
|
|switch|p1a: Chandelure|Chandelure, M|281\/281
|-damage|p1a: Chandelure|211\/281|[from] Stealth Rock
|move|p2a: Crobat|Brave Bird|p1a: Chandelure
|-damage|p1a: Chandelure|66\/281
|-damage|p2a: Crobat|193\/373|[from] recoil|[of] p1a: Chandelure
|
|-heal|p2a: Crobat|216\/373|[from] item: Black Sludge
|turn|12
|
|move|p2a: Crobat|Brave Bird|p1a: Chandelure
|-damage|p1a: Chandelure|0 fnt
|-damage|p2a: Crobat|194\/373|[from] recoil|[of] p1a: Chandelure
|faint|p1a: Chandelure
|
|-heal|p2a: Crobat|217\/373|[from] item: Black Sludge
|
|switch|p1a: Roserade|Roserade, M|209\/261
|-damage|p1a: Roserade|177\/261|[from] Stealth Rock
|turn|13
|
|switch|p1a: Chesnaught|Chesnaught, M|380\/380
|-damage|p1a: Chesnaught|357\/380|[from] Stealth Rock
|move|p2a: Crobat|Brave Bird|p1a: Chesnaught
|-supereffective|p1a: Chesnaught
|-damage|p1a: Chesnaught|0 fnt
|-damage|p2a: Crobat|155\/373|[from] item: Rocky Helmet|[of] p1a: Chesnaught
|-damage|p2a: Crobat|37\/373|[from] recoil|[of] p1a: Chesnaught
|faint|p1a: Chesnaught
|
|-heal|p2a: Crobat|60\/373|[from] item: Black Sludge
|
|switch|p1a: Milotic|Milotic, F|276\/394
|-damage|p1a: Milotic|227\/394|[from] Stealth Rock
|turn|14
|
|move|p2a: Crobat|Brave Bird|p1a: Milotic
|-damage|p1a: Milotic|62\/394
|-damage|p2a: Crobat|0 fnt|[from] item: Rocky Helmet|[of] p1a: Milotic
|faint|p2a: Crobat
|move|p1a: Milotic|Scald|p2: Crobat|[notarget]
|-notarget
|
|
|switch|p2a: Absol|Absol, M|271\/271
|-damage|p2a: Absol|238\/271|[from] Stealth Rock
|turn|15
|
|detailschange|p2a: Absol|Absol-Mega, M
|message|Absol has Mega Evolved into Mega Absol!
|move|p2a: Absol|Knock Off|p1a: Milotic
|-damage|p1a: Milotic|0 fnt
|-damage|p2a: Absol|193\/271|[from] item: Rocky Helmet|[of] p1a: Milotic
|-enditem|p1a: Milotic|Rocky Helmet|[from] move: Knock Off|[of] p2a: Absol
|faint|p1a: Milotic
|
|c|âmarius3000|J'aurais du rest mince
|
|switch|p1a: Roserade|Roserade, M|177\/261
|-damage|p1a: Roserade|145\/261|[from] Stealth Rock
|turn|16
|c|âmarius3000|GG
|
|move|p2a: Absol|Knock Off|p1a: Roserade
|-damage|p1a: Roserade|0 fnt
|-enditem|p1a: Roserade|Life Orb|[from] move: Knock Off|[of] p2a: Absol
|faint|p1a: Roserade
|
|win|Sacri'
|c|âSacri'|gg
|leave|Babrutas
|leave|Sacri'
|player|p2
|leave|marius3000
|player|p1
|leave|Scario