|join|Sacri'
|join|Adri989898
|player|p1|Sacri'|266
|player|p2|Adri989898|99
|gametype|singles
|gen|6
|tier|UU
|rated
|rule|Sleep Clause Mod: Limit one foe put to sleep
|rule|Species Clause: Limit one of each PokÃ©mon
|rule|OHKO Clause: OHKO moves are banned
|rule|Moody Clause: Moody is banned
|rule|Evasion Moves Clause: Evasion moves are banned
|rule|Endless Battle Clause: Forcing endless battles is banned
|rule|HP Percentage Mod: HP is shown in percentages
|clearpoke
|poke|p1|Absol, M
|poke|p1|Nidoqueen, F
|poke|p1|Chandelure, F
|poke|p1|Togetic, F
|poke|p1|Vaporeon, F
|poke|p1|Zygarde
|poke|p2|Beedrill, F
|poke|p2|Rotom-Heat
|poke|p2|Empoleon, F
|poke|p2|Chesnaught, M
|poke|p2|Noivern, M
|poke|p2|Suicune
|rule|Swagger Clause: Swagger is banned
|rule|Baton Pass Clause: Limit one PokÃ©mon knowing Baton Pass
|teampreview
|
|start
|switch|p1a: Absol|Absol, M|271\/271
|switch|p2a: Rotom-Heat|Rotom-Heat|304\/304
|turn|1
|
|switch|p1a: Nidoqueen|Nidoqueen, F|384\/384
|move|p2a: Rotom-Heat|Volt Switch|p1a: Nidoqueen
|-immune|p1a: Nidoqueen|[msg]
|
|turn|2
|
|move|p2a: Rotom-Heat|Will-O-Wisp|p1a: Nidoqueen
|-status|p1a: Nidoqueen|brn
|move|p1a: Nidoqueen|Stealth Rock|p2a: Rotom-Heat
|-sidestart|p2: Adri989898|move: Stealth Rock
|
|-damage|p1a: Nidoqueen|336\/384 brn|[from] brn
|turn|3
|join|Scythe Kronos
|
|move|p2a: Rotom-Heat|Overheat|p1a: Nidoqueen
|-damage|p1a: Nidoqueen|147\/384 brn
|-unboost|p2a: Rotom-Heat|spa|2
|move|p1a: Nidoqueen|Sludge Wave|p2a: Rotom-Heat
|-damage|p2a: Rotom-Heat|162\/304
|
|-heal|p2a: Rotom-Heat|181\/304|[from] item: Leftovers
|-damage|p1a: Nidoqueen|99\/384 brn|[from] brn
|turn|4
|
|move|p2a: Rotom-Heat|Overheat|p1a: Nidoqueen
|-damage|p1a: Nidoqueen|0 fnt
|-unboost|p2a: Rotom-Heat|spa|2
|faint|p1a: Nidoqueen
|
|-heal|p2a: Rotom-Heat|200\/304|[from] item: Leftovers
|
|switch|p1a: Absol|Absol, M|271\/271
|turn|5
|
|detailschange|p1a: Absol|Absol-Mega, M
|message|Absol has Mega Evolved into Mega Absol!
|move|p1a: Absol|Swords Dance|p1a: Absol
|-boost|p1a: Absol|atk|2
|move|p2a: Rotom-Heat|Volt Switch|p1a: Absol
|-damage|p1a: Absol|225\/271
|
|switch|p2a: Chesnaught|Chesnaught, M|380\/380
|-damage|p2a: Chesnaught|357\/380|[from] Stealth Rock
|
|-heal|p2a: Chesnaught|380\/380|[from] item: Leftovers
|turn|6
|
|switch|p1a: Chandelure|Chandelure, F|262\/262
|move|p2a: Chesnaught|Drain Punch|p1a: Chandelure
|-immune|p1a: Chandelure|[msg]
|
|turn|7
|
|switch|p2a: Empoleon|Empoleon, F|372\/372
|-damage|p2a: Empoleon|349\/372|[from] Stealth Rock
|move|p1a: Chandelure|Substitute|p1a: Chandelure
|-start|p1a: Chandelure|Substitute
|-damage|p1a: Chandelure|197\/262
|
|-heal|p1a: Chandelure|213\/262|[from] item: Leftovers
|-heal|p2a: Empoleon|372\/372|[from] item: Leftovers
|turn|8
|
|move|p1a: Chandelure|Fire Blast|p2a: Empoleon
|-damage|p2a: Empoleon|197\/372
|move|p2a: Empoleon|Roar|p1a: Chandelure
|drag|p1a: Togetic|Togetic, F|314\/314
|
|-heal|p2a: Empoleon|220\/372|[from] item: Leftovers
|turn|9
|
|switch|p1a: Absol|Absol-Mega, M|225\/271
|move|p2a: Empoleon|Defog|p1a: Absol
|move|p1a: Absol|Defog|p2a: Empoleon|[from]Magic Bounce
|-unboost|p2a: Empoleon|evasion|1
|-sideend|p2: Adri989898|Stealth Rock|[from] move: Defog|[of] p2a: Empoleon
|
|-heal|p2a: Empoleon|243\/372|[from] item: Leftovers
|turn|10
|
|switch|p1a: Zygarde|Zygarde|358\/358
|-ability|p1a: Zygarde|Aura Break
|switch|p2a: Chesnaught|Chesnaught, M|380\/380
|
|turn|11
|
|switch|p1a: Absol|Absol-Mega, M|225\/271
|switch|p2a: Noivern|Noivern, M|311\/311
|
|turn|12
|
|switch|p1a: Togetic|Togetic, F|314\/314
|move|p2a: Noivern|Draco Meteor|p1a: Togetic
|-immune|p1a: Togetic|[msg]
|
|turn|13
|
|switch|p2a: Beedrill|Beedrill, F|272\/272
|switch|p1a: Zygarde|Zygarde|358\/358
|-ability|p1a: Zygarde|Aura Break
|
|turn|14
|
|detailschange|p2a: Beedrill|Beedrill-Mega, F
|message|Beedrill has Mega Evolved into Mega Beedrill!
|move|p1a: Zygarde|Dragon Dance|p1a: Zygarde
|-boost|p1a: Zygarde|atk|1
|-boost|p1a: Zygarde|spe|1
|move|p2a: Beedrill|U-turn|p1a: Zygarde
|-damage|p1a: Zygarde|204\/358
|
|switch|p2a: Chesnaught|Chesnaught, M|380\/380
|
|turn|15
|
|move|p1a: Zygarde|Dragon Dance|p1a: Zygarde
|-boost|p1a: Zygarde|atk|1
|-boost|p1a: Zygarde|spe|1
|move|p2a: Chesnaught|Leech Seed|p1a: Zygarde
|-start|p1a: Zygarde|move: Leech Seed
|
|-damage|p1a: Zygarde|160\/358|[from] Leech Seed|[of] p2a: Chesnaught
|turn|16
|
|move|p1a: Zygarde|Outrage|p2a: Chesnaught
|-damage|p2a: Chesnaught|131\/380
|move|p2a: Chesnaught|Drain Punch|p1a: Zygarde
|-damage|p1a: Zygarde|73\/358
|-heal|p2a: Chesnaught|175\/380|[from] drain|[of] p1a: Zygarde
|
|-heal|p2a: Chesnaught|198\/380|[from] item: Leftovers
|-damage|p1a: Zygarde|29\/358|[from] Leech Seed|[of] p2a: Chesnaught
|-heal|p2a: Chesnaught|242\/380|[silent]
|turn|17
|
|move|p2a: Chesnaught|Spiky Shield|p2a: Chesnaught
|-singleturn|p2a: Chesnaught|move: Protect
|move|p1a: Zygarde|Outrage|p2a: Chesnaught
|-activate|p2a: Chesnaught|move: Protect
|-damage|p1a: Zygarde|0 fnt|[from] Spiky Shield|[of] p2a: Chesnaught
|faint|p1a: Zygarde
|
|-heal|p2a: Chesnaught|265\/380|[from] item: Leftovers
|
|switch|p1a: Chandelure|Chandelure, F|213\/262
|turn|18
|
|switch|p2a: Rotom-Heat|Rotom-Heat|200\/304
|move|p1a: Chandelure|Shadow Ball|p2a: Rotom-Heat
|-damage|p2a: Rotom-Heat|86\/304
|
|-heal|p1a: Chandelure|229\/262|[from] item: Leftovers
|-heal|p2a: Rotom-Heat|105\/304|[from] item: Leftovers
|turn|19
|
|move|p1a: Chandelure|Shadow Ball|p2a: Rotom-Heat
|-damage|p2a: Rotom-Heat|0 fnt
|faint|p2a: Rotom-Heat
|
|-heal|p1a: Chandelure|245\/262|[from] item: Leftovers
|
|switch|p2a: Empoleon|Empoleon, F|243\/372
|turn|20
|
|switch|p1a: Absol|Absol-Mega, M|225\/271
|move|p2a: Empoleon|Stealth Rock|p1a: Absol
|move|p1a: Absol|Stealth Rock|p2a: Empoleon|[from]Magic Bounce
|-sidestart|p2: Adri989898|move: Stealth Rock
|
|-heal|p2a: Empoleon|266\/372|[from] item: Leftovers
|turn|21
|
|move|p1a: Absol|Knock Off|p2a: Empoleon
|-damage|p2a: Empoleon|50\/372
|-enditem|p2a: Empoleon|Leftovers|[from] move: Knock Off|[of] p1a: Absol
|move|p2a: Empoleon|Scald|p1a: Absol
|-damage|p1a: Absol|0 fnt
|faint|p1a: Absol
|
|join|gorex
|
|switch|p1a: Chandelure|Chandelure, F|245\/262
|turn|22
|
|move|p1a: Chandelure|Shadow Ball|p2a: Empoleon
|-damage|p2a: Empoleon|0 fnt
|faint|p2a: Empoleon
|
|-heal|p1a: Chandelure|261\/262|[from] item: Leftovers
|
|switch|p2a: Beedrill|Beedrill-Mega, F|272\/272
|-damage|p2a: Beedrill|204\/272|[from] Stealth Rock
|turn|23
|
|switch|p1a: Vaporeon|Vaporeon, F|464\/464
|move|p2a: Beedrill|Knock Off|p1a: Vaporeon
|-damage|p1a: Vaporeon|345\/464
|-enditem|p1a: Vaporeon|Leftovers|[from] move: Knock Off|[of] p2a: Beedrill
|
|turn|24
|
|move|p2a: Beedrill|U-turn|p1a: Vaporeon
|-crit|p1a: Vaporeon
|-damage|p1a: Vaporeon|59\/464
|
|switch|p2a: Noivern|Noivern, M|311\/311
|-damage|p2a: Noivern|234\/311|[from] Stealth Rock
|move|p1a: Vaporeon|Wish|p1a: Vaporeon
|
|turn|25
|
|move|p1a: Vaporeon|Protect|p1a: Vaporeon
|-singleturn|p1a: Vaporeon|Protect
|move|p2a: Noivern|Hurricane|p1a: Vaporeon
|-activate|p1a: Vaporeon|Protect
|
|-heal|p1a: Vaporeon|291\/464|[from] move: Wish|[wisher] Vaporeon
|turn|26
|
|move|p2a: Noivern|Hurricane|p1a: Vaporeon
|-crit|p1a: Vaporeon
|-damage|p1a: Vaporeon|0 fnt
|faint|p1a: Vaporeon
|
|
|switch|p1a: Togetic|Togetic, F|314\/314
|turn|27
|
|move|p2a: Noivern|Hurricane|p1a: Togetic|[miss]
|-miss|p2a: Noivern|p1a: Togetic
|move|p1a: Togetic|Thunder Wave|p2a: Noivern
|-status|p2a: Noivern|par
|
|turn|28
|
|move|p1a: Togetic|Thunder Wave|p2a: Noivern
|-fail|p2a: Noivern|par
|move|p2a: Noivern|Hurricane|p1a: Togetic
|-damage|p1a: Togetic|193\/314
|-start|p1a: Togetic|confusion
|
|turn|29
|
|-activate|p1a: Togetic|confusion
|-damage|p1a: Togetic|182\/314|[from] confusion
|move|p2a: Noivern|Hurricane|p1a: Togetic
|-damage|p1a: Togetic|70\/314
|
|turn|30
|
|-activate|p1a: Togetic|confusion
|-damage|p1a: Togetic|59\/314|[from] confusion
|cant|p2a: Noivern|par
|
|turn|31
|
|-end|p1a: Togetic|confusion
|move|p1a: Togetic|Roost|p1a: Togetic
|-heal|p1a: Togetic|216\/314
|cant|p2a: Noivern|par
|
|turn|32
|
|move|p1a: Togetic|Dazzling Gleam|p2a: Noivern
|-supereffective|p2a: Noivern
|-damage|p2a: Noivern|28\/311 par
|move|p2a: Noivern|Hurricane|p1a: Togetic|[miss]
|-miss|p2a: Noivern|p1a: Togetic
|
|turn|33
|
|move|p1a: Togetic|Roost|p1a: Togetic
|-heal|p1a: Togetic|314\/314
|move|p2a: Noivern|Hurricane|p1a: Togetic
|-damage|p1a: Togetic|208\/314
|
|turn|34
|
|switch|p2a: Suicune|Suicune|404\/404
|-damage|p2a: Suicune|354\/404|[from] Stealth Rock
|-ability|p2a: Suicune|Pressure
|move|p1a: Togetic|Roost|p1a: Togetic
|-heal|p1a: Togetic|314\/314
|
|-heal|p2a: Suicune|379\/404|[from] item: Leftovers
|turn|35
|-message|Sacri' forfeited.
|
|win|Adri989898
|raw|Ladder updating...
|leave|Sacri'
|player|p1
|raw|Sacri&apos;'s rating: 1509 &rarr; <strong>1488<\/strong><br \/>(-21 for losing)
|raw|Adri989898's rating: 1486 &rarr; <strong>1507<\/strong><br \/>(+21 for winning)