|join|Fairy Peak
|join|Sacri'
|player|p1|Fairy Peak|129
|player|p2|Sacri'|265
|gametype|singles
|gen|6
|tier|UU
|rule|Sleep Clause Mod: Limit one foe put to sleep
|rule|Species Clause: Limit one of each PokÃ©mon
|rule|OHKO Clause: OHKO moves are banned
|rule|Moody Clause: Moody is banned
|rule|Evasion Moves Clause: Evasion moves are banned
|rule|Endless Battle Clause: Forcing endless battles is banned
|rule|HP Percentage Mod: HP is shown in percentages
|clearpoke
|poke|p1|Ampharos, F
|poke|p1|Forretress, M
|poke|p1|Crobat, M
|poke|p1|Vaporeon, F
|poke|p1|Mienshao, M
|poke|p1|Chandelure, M
|poke|p2|Absol, F
|poke|p2|Nidoqueen, F
|poke|p2|Chandelure, F
|poke|p2|Togetic, F
|poke|p2|Vaporeon, M
|poke|p2|Zygarde
|rule|Swagger Clause: Swagger is banned
|rule|Baton Pass Clause: Limit one PokÃ©mon knowing Baton Pass
|teampreview
|c|âSacri'|hf
|c|âFairy Peak|Gl.
|
|start
|switch|p1a: Vaporeon|Vaporeon, F|464\/464
|switch|p2a: Nidoqueen|Nidoqueen, F|384\/384
|turn|1
|c|âSacri'|J'ai gagnÃ© ma soirÃ©e avec le LT :c
|
|switch|p2a: Vaporeon|Vaporeon, M|464\/464
|move|p1a: Vaporeon|Scald|p2a: Vaporeon
|-immune|p2a: Vaporeon|[msg]
|
|turn|2
|c|âFairy Peak|^^'
|
|move|p1a: Vaporeon|Baton Pass|p1a: Vaporeon
|
|switch|p1a: Ampharos|Ampharos, F|384\/384
|move|p2a: Vaporeon|Scald|p1a: Ampharos
|-damage|p1a: Ampharos|278\/384
|
|turn|3
|
|detailschange|p1a: Ampharos|Ampharos-Mega, F
|message|Ampharos has Mega Evolved into Mega Ampharos!
|-ability|p1a: Ampharos|Mold Breaker
|move|p2a: Vaporeon|Protect|p2a: Vaporeon
|-singleturn|p2a: Vaporeon|Protect
|move|p1a: Ampharos|Volt Switch|p2a: Vaporeon
|-activate|p2a: Vaporeon|Protect
|
|turn|4
|
|move|p2a: Vaporeon|Scald|p1a: Ampharos
|-resisted|p1a: Ampharos
|-damage|p1a: Ampharos|235\/384
|move|p1a: Ampharos|Dragon Pulse|p2a: Vaporeon
|-damage|p2a: Vaporeon|262\/464
|
|-heal|p2a: Vaporeon|291\/464|[from] item: Leftovers
|turn|5
|
|switch|p2a: Nidoqueen|Nidoqueen, F|384\/384
|move|p1a: Ampharos|Thunderbolt|p2a: Nidoqueen
|-immune|p2a: Nidoqueen|[msg]
|
|turn|6
|
|move|p2a: Nidoqueen|Sludge Wave|p1a: Ampharos
|-damage|p1a: Ampharos|24\/384
|move|p1a: Ampharos|Dragon Pulse|p2a: Nidoqueen
|-damage|p2a: Nidoqueen|167\/384
|
|turn|7
|
|switch|p1a: Crobat|Crobat, M|331\/331
|move|p2a: Nidoqueen|Ice Beam|p1a: Crobat
|-supereffective|p1a: Crobat
|-damage|p1a: Crobat|0 fnt
|faint|p1a: Crobat
|
|
|switch|p1a: Mienshao|Mienshao, M|271\/271
|turn|8
|c|âFairy Peak|Le mÃ©chant. :\/
|c|âSacri'|ewÃ©
|
|move|p1a: Mienshao|Knock Off|p2a: Nidoqueen
|-damage|p2a: Nidoqueen|2\/384
|-enditem|p2a: Nidoqueen|Life Orb|[from] move: Knock Off|[of] p1a: Mienshao
|-damage|p1a: Mienshao|244\/271|[from] item: Life Orb
|move|p2a: Nidoqueen|Sludge Wave|p1a: Mienshao
|-damage|p1a: Mienshao|0 fnt
|faint|p1a: Mienshao
|
|c|âFairy Peak|Mdr
|c|âSacri'|sorry
|c|âSacri'|Nidoqueen rules the nation
|c|âSacri'|ez
|
|switch|p1a: Vaporeon|Vaporeon, F|464\/464
|turn|9
|
|move|p2a: Nidoqueen|Stealth Rock|p1a: Vaporeon
|-sidestart|p1: Fairy Peak|move: Stealth Rock
|move|p1a: Vaporeon|Scald|p2a: Nidoqueen
|-supereffective|p2a: Nidoqueen
|-damage|p2a: Nidoqueen|0 fnt
|faint|p2a: Nidoqueen
|
|
|switch|p2a: Zygarde|Zygarde|358\/358
|-ability|p2a: Zygarde|Aura Break
|turn|10
|
|move|p2a: Zygarde|Dragon Dance|p2a: Zygarde
|-boost|p2a: Zygarde|atk|1
|-boost|p2a: Zygarde|spe|1
|move|p1a: Vaporeon|Scald|p2a: Zygarde
|-damage|p2a: Zygarde|243\/358
|
|turn|11
|
|move|p2a: Zygarde|Earthquake|p1a: Vaporeon
|-damage|p1a: Vaporeon|127\/464
|move|p1a: Vaporeon|Scald|p2a: Zygarde
|-damage|p2a: Zygarde|126\/358
|
|-heal|p1a: Vaporeon|156\/464|[from] item: Leftovers
|turn|12
|
|switch|p1a: Ampharos|Ampharos-Mega, F|24\/384
|-damage|p1a: Ampharos|0 fnt|[from] Stealth Rock
|faint|p1a: Ampharos
|move|p2a: Zygarde|Earthquake|p1: Ampharos|[notarget]
|-notarget
|
|
|switch|p1a: Forretress|Forretress, M|354\/354
|-damage|p1a: Forretress|310\/354|[from] Stealth Rock
|turn|13
|
|move|p2a: Zygarde|Earthquake|p1a: Forretress
|-damage|p1a: Forretress|165\/354
|move|p1a: Forretress|Rapid Spin|p2a: Zygarde
|-damage|p2a: Zygarde|114\/358
|-sideend|p1: Fairy Peak|Stealth Rock|[from] move: Rapid Spin|[of] p1a: Forretress
|
|-heal|p1a: Forretress|187\/354|[from] item: Leftovers
|turn|14
|c|âFairy Peak|Gg, je sais pas ce que j'ai fais. ._.
|c|âSacri'|gg
|
|move|p2a: Zygarde|Dragon Dance|p2a: Zygarde
|-boost|p2a: Zygarde|atk|1
|-boost|p2a: Zygarde|spe|1
|move|p1a: Forretress|Rapid Spin|p2a: Zygarde
|-damage|p2a: Zygarde|102\/358
|
|-heal|p1a: Forretress|209\/354|[from] item: Leftovers
|turn|15
|
|move|p2a: Zygarde|Dragon Dance|p2a: Zygarde
|-boost|p2a: Zygarde|atk|1
|-boost|p2a: Zygarde|spe|1
|move|p1a: Forretress|Rapid Spin|p2a: Zygarde
|-damage|p2a: Zygarde|91\/358
|
|-heal|p1a: Forretress|231\/354|[from] item: Leftovers
|turn|16
|
|move|p2a: Zygarde|Earthquake|p1a: Forretress
|-damage|p1a: Forretress|20\/354
|move|p1a: Forretress|Rapid Spin|p2a: Zygarde
|-damage|p2a: Zygarde|79\/358
|
|-heal|p1a: Forretress|42\/354|[from] item: Leftovers
|turn|17
|c|âSacri'|ez bulk
|
|move|p2a: Zygarde|Earthquake|p1a: Forretress
|-damage|p1a: Forretress|0 fnt
|faint|p1a: Forretress
|
|c|âFairy Peak|Ye
|
|switch|p1a: Chandelure|Chandelure, M|262\/262
|turn|18
|
|move|p2a: Zygarde|Earthquake|p1a: Chandelure
|-supereffective|p1a: Chandelure
|-damage|p1a: Chandelure|0 fnt
|faint|p1a: Chandelure
|
|
|switch|p1a: Vaporeon|Vaporeon, F|156\/464
|turn|19
|c|âSacri'|gg
|
|move|p2a: Zygarde|Outrage|p1a: Vaporeon
|-damage|p1a: Vaporeon|0 fnt
|faint|p1a: Vaporeon
|
|win|Sacri'
|c|âFairy Peak|Gg
|c|âSacri'|gg
|c|âSacri'|Au fait je suis lum
|c|âFairy Peak|Bah en fait
|c|âSacri'|Donc np si y'a pas eu de scald burn
|c|âFairy Peak|Je suis autist.
|c|âFairy Peak|x)
|c|âFairy Peak|J'ai suicide mon nostefer comme un abruti
|c|âSacri'|Bah tu pouvais pas te douter
|c|âFairy Peak|Bah si
|c|âFairy Peak|C'Ã©tais obv
|c|âFairy Peak|Que t'allais random attaque
|c|âSacri'|Certes
|c|âFairy Peak|Mais je pensais que t'allais continuer Ã  Sludge
|c|âFairy Peak|Vu que j'avais aquali.
|c|âFairy Peak|:\/
|c|âSacri'|Yep
|c|âSacri'|J'allais limite faire  Ã§a
|c|âFairy Peak|M'enfin. ^^(
|c|âFairy Peak|Bonne soirÃ©e. ;)
|leave|Fairy Peak
|player|p1
|c|âSacri'|bye !