|join|Sacri'
|join|Frizzle my nizzle
|player|p1|Sacri'|266
|player|p2|Frizzle my nizzle|286
|gametype|singles
|gen|6
|tier|UU
|rated
|rule|Sleep Clause Mod: Limit one foe put to sleep
|rule|Species Clause: Limit one of each PokÃ©mon
|rule|OHKO Clause: OHKO moves are banned
|rule|Moody Clause: Moody is banned
|rule|Evasion Moves Clause: Evasion moves are banned
|rule|Endless Battle Clause: Forcing endless battles is banned
|rule|HP Percentage Mod: HP is shown in percentages
|clearpoke
|poke|p1|Absol, F
|poke|p1|Raikou
|poke|p1|Nidoqueen, F
|poke|p1|Mienshao, F
|poke|p1|Whimsicott, F
|poke|p1|Crobat, F
|poke|p2|Jellicent, F
|poke|p2|Cresselia, F
|poke|p2|Blissey, F
|poke|p2|Steelix, M
|poke|p2|Sigilyph, F
|poke|p2|Vullaby, F
|rule|Swagger Clause: Swagger is banned
|rule|Baton Pass Clause: Limit one PokÃ©mon knowing Baton Pass
|teampreview
|
|start
|switch|p1a: Absol|Absol, F|271\/271
|switch|p2a: Steelix|Steelix, M|306\/306
|turn|1
|
|switch|p1a: Nidoqueen|Nidoqueen, F|384\/384
|detailschange|p2a: Steelix|Steelix-Mega, M
|-mega|p2a: Steelix|Steelix|Steelixite
|move|p2a: Steelix|Heavy Slam|p1a: Nidoqueen
|-damage|p1a: Nidoqueen|123\/384
|
|turn|2
|
|switch|p2a: Blissey|Blissey, F|665\/665
|move|p1a: Nidoqueen|Earth Power|p2a: Blissey
|-damage|p2a: Blissey|529\/665
|
|-heal|p2a: Blissey|570\/665|[from] item: Leftovers
|turn|3
|
|switch|p1a: Mienshao|Mienshao, F|271\/271
|move|p2a: Blissey|Copycat|p2a: Blissey
|move|p2a: Blissey|Earth Power|p1a: Mienshao|[from]Copycat
|-damage|p1a: Mienshao|185\/271
|
|-heal|p2a: Blissey|611\/665|[from] item: Leftovers
|turn|4
|
|move|p1a: Mienshao|U-turn|p2a: Blissey
|-damage|p2a: Blissey|460\/665
|
|switch|p1a: Crobat|Crobat, F|373\/373
|move|p2a: Blissey|Copycat|p2a: Blissey
|move|p2a: Blissey|U-turn|p1a: Crobat|[from]Copycat
|-resisted|p1a: Crobat
|-damage|p1a: Crobat|370\/373
|
|switch|p2a: Steelix|Steelix-Mega, M|306\/306
|
|-heal|p1a: Crobat|373\/373|[from] item: Black Sludge
|turn|5
|
|move|p1a: Crobat|U-turn|p2a: Steelix
|-resisted|p2a: Steelix
|-damage|p2a: Steelix|293\/306
|
|switch|p1a: Raikou|Raikou|322\/322
|-ability|p1a: Raikou|Pressure
|move|p2a: Steelix|Heavy Slam|p1a: Raikou
|-resisted|p1a: Raikou
|-damage|p1a: Raikou|199\/322
|
|turn|6
|
|move|p1a: Raikou|Thunderbolt|p2a: Steelix
|-immune|p2a: Steelix|[msg]
|move|p2a: Steelix|Earthquake|p1a: Raikou
|-supereffective|p1a: Raikou
|-damage|p1a: Raikou|0 fnt
|faint|p1a: Raikou
|
|
|switch|p1a: Nidoqueen|Nidoqueen, F|123\/384
|turn|7
|
|switch|p2a: Blissey|Blissey, F|460\/665
|move|p1a: Nidoqueen|Stealth Rock|p2a: Blissey
|-sidestart|p2: Frizzle my nizzle|move: Stealth Rock
|
|-heal|p2a: Blissey|501\/665|[from] item: Leftovers
|turn|8
|
|switch|p1a: Mienshao|Mienshao, F|185\/271
|move|p2a: Blissey|Copycat|p2a: Blissey
|move|p2a: Blissey|Stealth Rock|p1a: Mienshao|[from]Copycat
|-sidestart|p1: Sacri'|move: Stealth Rock
|
|-heal|p2a: Blissey|542\/665|[from] item: Leftovers
|turn|9
|
|switch|p2a: Jellicent|Jellicent, F|404\/404
|-damage|p2a: Jellicent|354\/404|[from] Stealth Rock
|move|p1a: Mienshao|U-turn|p2a: Jellicent
|-resisted|p2a: Jellicent
|-damage|p2a: Jellicent|314\/404
|
|switch|p1a: Absol|Absol, F|271\/271
|-damage|p1a: Absol|238\/271|[from] Stealth Rock
|
|-heal|p2a: Jellicent|339\/404|[from] item: Leftovers
|turn|10
|
|switch|p1a: Nidoqueen|Nidoqueen, F|123\/384
|-damage|p1a: Nidoqueen|99\/384|[from] Stealth Rock
|move|p2a: Jellicent|Scald|p1a: Nidoqueen
|-supereffective|p1a: Nidoqueen
|-damage|p1a: Nidoqueen|0 fnt
|faint|p1a: Nidoqueen
|
|-heal|p2a: Jellicent|364\/404|[from] item: Leftovers
|
|switch|p1a: Absol|Absol, F|238\/271
|-damage|p1a: Absol|205\/271|[from] Stealth Rock
|turn|11
|
|detailschange|p1a: Absol|Absol-Mega, F
|-mega|p1a: Absol|Absol|Absolite
|move|p1a: Absol|Knock Off|p2a: Jellicent
|-supereffective|p2a: Jellicent
|-damage|p2a: Jellicent|0 fnt
|-enditem|p2a: Jellicent|Leftovers|[from] move: Knock Off|[of] p1a: Absol
|faint|p2a: Jellicent
|
|
|switch|p2a: Steelix|Steelix-Mega, M|293\/306
|-damage|p2a: Steelix|284\/306|[from] Stealth Rock
|turn|12
|-message|Sacri' forfeited.
|leave|Sacri'
|
|win|Frizzle my nizzle
|raw|Ladder updating...
|player|p1
|raw|Sacri&apos;'s rating: 1475 &rarr; <strong>1450<\/strong><br \/>(-25 for losing)
|raw|Frizzle my nizzle's rating: 1384 &rarr; <strong>1409<\/strong><br \/>(+25 for winning)