|join|Sacri'
|join|sdarbzzz
|player|p1|Sacri'|169
|player|p2|sdarbzzz|2
|gametype|singles
|gen|6
|tier|UU
|rated
|rule|Sleep Clause Mod: Limit one foe put to sleep
|rule|Species Clause: Limit one of each PokÃ©mon
|rule|OHKO Clause: OHKO moves are banned
|rule|Moody Clause: Moody is banned
|rule|Evasion Moves Clause: Evasion moves are banned
|rule|Endless Battle Clause: Forcing endless battles is banned
|rule|HP Percentage Mod: HP is shown in percentages
|clearpoke
|poke|p1|Absol, F
|poke|p1|Nidoqueen, F
|poke|p1|Roserade, M
|poke|p1|Mienshao, M
|poke|p1|Jirachi
|poke|p1|Suicune
|poke|p2|Chandelure, M
|poke|p2|Crobat, M
|poke|p2|Chesnaught, M
|poke|p2|Forretress, F
|poke|p2|Empoleon, F
|poke|p2|Hydreigon, F
|rule|Swagger Clause: Swagger is banned
|rule|Baton Pass Clause: Limit one PokÃ©mon knowing Baton Pass
|teampreview
|
|start
|switch|p1a: Nidoqueen|Nidoqueen, F|384\/384
|switch|p2a: Hydreigon|Hydreigon, F|325\/325
|turn|1
|
|move|p2a: Hydreigon|U-turn|p1a: Nidoqueen
|-resisted|p1a: Nidoqueen
|-damage|p1a: Nidoqueen|352\/384
|
|switch|p2a: Empoleon|Empoleon, F|344\/344
|move|p1a: Nidoqueen|Stealth Rock|p2a: Empoleon
|-sidestart|p2: sdarbzzz|move: Stealth Rock
|
|turn|2
|
|move|p1a: Nidoqueen|Earth Power|p2a: Empoleon
|-supereffective|p2a: Empoleon
|-damage|p2a: Empoleon|61\/344
|move|p2a: Empoleon|Scald|p1a: Nidoqueen
|-crit|p1a: Nidoqueen
|-supereffective|p1a: Nidoqueen
|-damage|p1a: Nidoqueen|0 fnt
|faint|p1a: Nidoqueen
|
|
|switch|p1a: Absol|Absol, F|271\/271
|turn|3
|c|âSacri'|that crit
|c|âSacri'|:')
|
|switch|p2a: Hydreigon|Hydreigon, F|325\/325
|-damage|p2a: Hydreigon|285\/325|[from] Stealth Rock
|detailschange|p1a: Absol|Absol-Mega, F
|-mega|p1a: Absol|Absol|Absolite
|move|p1a: Absol|Knock Off|p2a: Hydreigon
|-resisted|p2a: Hydreigon
|-damage|p2a: Hydreigon|168\/325
|-enditem|p2a: Hydreigon|Choice Scarf|[from] move: Knock Off|[of] p1a: Absol
|
|turn|4
|
|move|p1a: Absol|Play Rough|p2a: Hydreigon
|-supereffective|p2a: Hydreigon
|-damage|p2a: Hydreigon|0 fnt
|faint|p2a: Hydreigon
|
|
|switch|p2a: Chesnaught|Chesnaught, M|376\/376
|-damage|p2a: Chesnaught|353\/376|[from] Stealth Rock
|turn|5
|
|switch|p1a: Jirachi|Jirachi|341\/341
|move|p2a: Chesnaught|Drain Punch|p1a: Jirachi
|-damage|p1a: Jirachi|244\/341
|-heal|p2a: Chesnaught|376\/376|[from] drain|[of] p1a: Jirachi
|
|-heal|p1a: Jirachi|265\/341|[from] item: Leftovers
|turn|6
|
|switch|p2a: Empoleon|Empoleon, F|61\/344
|-damage|p2a: Empoleon|40\/344|[from] Stealth Rock
|move|p1a: Jirachi|Zen Headbutt|p2a: Empoleon
|-resisted|p2a: Empoleon
|-damage|p2a: Empoleon|0 fnt
|faint|p2a: Empoleon
|
|-heal|p1a: Jirachi|286\/341|[from] item: Leftovers
|
|switch|p2a: Forretress|Forretress, F|344\/344
|-damage|p2a: Forretress|301\/344|[from] Stealth Rock
|turn|7
|
|move|p1a: Jirachi|U-turn|p2a: Forretress
|-resisted|p2a: Forretress
|-damage|p2a: Forretress|283\/344
|-damage|p1a: Jirachi|230\/341|[from] item: Rocky Helmet|[of] p2a: Forretress
|
|switch|p1a: Suicune|Suicune|404\/404
|-ability|p1a: Suicune|Pressure
|move|p2a: Forretress|Rapid Spin|p1a: Suicune
|-damage|p1a: Suicune|393\/404
|-sideend|p2: sdarbzzz|Stealth Rock|[from] move: Rapid Spin|[of] p2a: Forretress
|
|-heal|p1a: Suicune|404\/404|[from] item: Leftovers
|turn|8
|
|switch|p2a: Chandelure|Chandelure, M|261\/261
|move|p1a: Suicune|Calm Mind|p1a: Suicune
|-boost|p1a: Suicune|spa|1
|-boost|p1a: Suicune|spd|1
|
|turn|9
|
|switch|p1a: Absol|Absol-Mega, F|271\/271
|move|p2a: Chandelure|Energy Ball|p1a: Absol
|-damage|p1a: Absol|49\/271
|-damage|p2a: Chandelure|235\/261|[from] item: Life Orb
|
|turn|10
|
|switch|p2a: Forretress|Forretress, F|283\/344
|move|p1a: Absol|Knock Off|p2a: Forretress
|-damage|p2a: Forretress|180\/344
|-damage|p1a: Absol|4\/271|[from] item: Rocky Helmet|[of] p2a: Forretress
|-enditem|p2a: Forretress|Rocky Helmet|[from] move: Knock Off|[of] p1a: Absol
|
|turn|11
|
|move|p1a: Absol|Sucker Punch|p2a: Forretress
|-fail|p1a: Absol
|move|p2a: Forretress|Stealth Rock|p1a: Absol
|move|p1a: Absol|Stealth Rock|p2a: Forretress|[from]Magic Bounce
|-sidestart|p2: sdarbzzz|move: Stealth Rock
|
|turn|12
|
|move|p1a: Absol|Sucker Punch|p2a: Forretress
|-damage|p2a: Forretress|84\/344
|move|p2a: Forretress|Rapid Spin|p1a: Absol
|-damage|p1a: Absol|0 fnt
|-sideend|p2: sdarbzzz|Stealth Rock|[from] move: Rapid Spin|[of] p2a: Forretress
|faint|p1a: Absol
|
|
|switch|p1a: Suicune|Suicune|404\/404
|-ability|p1a: Suicune|Pressure
|turn|13
|
|move|p1a: Suicune|Scald|p2a: Forretress
|-damage|p2a: Forretress|0 fnt
|faint|p2a: Forretress
|
|
|switch|p2a: Chandelure|Chandelure, M|235\/261
|turn|14
|
|switch|p1a: Jirachi|Jirachi|230\/341
|move|p2a: Chandelure|Shadow Ball|p1a: Jirachi
|-supereffective|p1a: Jirachi
|-damage|p1a: Jirachi|0 fnt
|-damage|p2a: Chandelure|209\/261|[from] item: Life Orb
|faint|p1a: Jirachi
|
|
|switch|p1a: Mienshao|Mienshao, M|271\/271
|turn|15
|
|switch|p2a: Chesnaught|Chesnaught, M|376\/376
|move|p1a: Mienshao|Knock Off|p2a: Chesnaught
|-resisted|p2a: Chesnaught
|-damage|p2a: Chesnaught|343\/376
|-enditem|p2a: Chesnaught|Leftovers|[from] move: Knock Off|[of] p1a: Mienshao
|
|turn|16
|
|switch|p1a: Suicune|Suicune|404\/404
|-ability|p1a: Suicune|Pressure
|move|p2a: Chesnaught|Leech Seed|p1a: Suicune
|-start|p1a: Suicune|move: Leech Seed
|
|-damage|p1a: Suicune|354\/404|[from] Leech Seed|[of] p2a: Chesnaught
|-heal|p2a: Chesnaught|376\/376|[silent]
|turn|17
|
|switch|p2a: Crobat|Crobat, M|312\/312
|move|p1a: Suicune|Calm Mind|p1a: Suicune
|-boost|p1a: Suicune|spa|1
|-boost|p1a: Suicune|spd|1
|
|-heal|p1a: Suicune|379\/404|[from] item: Leftovers
|-damage|p1a: Suicune|329\/404|[from] Leech Seed|[of] p2a: Crobat
|turn|18
|
|move|p2a: Crobat|Brave Bird|p1a: Suicune
|-damage|p1a: Suicune|167\/404
|-damage|p2a: Crobat|259\/312|[from] recoil|[of] p1a: Suicune
|move|p1a: Suicune|Scald|p2a: Crobat
|-damage|p2a: Crobat|100\/312
|
|-heal|p1a: Suicune|192\/404|[from] item: Leftovers
|-damage|p1a: Suicune|142\/404|[from] Leech Seed|[of] p2a: Crobat
|-heal|p2a: Crobat|150\/312|[silent]
|turn|19
|
|switch|p1a: Roserade|Roserade, M|262\/262
|move|p2a: Crobat|Brave Bird|p1a: Roserade
|-supereffective|p1a: Roserade
|-enditem|p1a: Roserade|Focus Sash
|-damage|p1a: Roserade|1\/262
|-damage|p2a: Crobat|64\/312|[from] recoil|[of] p1a: Roserade
|
|turn|20
|
|move|p2a: Crobat|Brave Bird|p1a: Roserade
|-supereffective|p1a: Roserade
|-damage|p1a: Roserade|0 fnt
|-damage|p2a: Crobat|63\/312|[from] recoil|[of] p1a: Roserade
|faint|p1a: Roserade
|
|
|switch|p1a: Mienshao|Mienshao, M|271\/271
|turn|21
|
|switch|p2a: Chesnaught|Chesnaught, M|376\/376
|move|p1a: Mienshao|Knock Off|p2a: Chesnaught
|-resisted|p2a: Chesnaught
|-damage|p2a: Chesnaught|351\/376
|
|turn|22
|
|switch|p1a: Suicune|Suicune|142\/404
|-ability|p1a: Suicune|Pressure
|move|p2a: Chesnaught|Leech Seed|p1a: Suicune
|-start|p1a: Suicune|move: Leech Seed
|
|-heal|p1a: Suicune|167\/404|[from] item: Leftovers
|-damage|p1a: Suicune|117\/404|[from] Leech Seed|[of] p2a: Chesnaught
|-heal|p2a: Chesnaught|376\/376|[silent]
|turn|23
|
|switch|p2a: Crobat|Crobat, M|63\/312
|move|p1a: Suicune|Rest|p1a: Suicune
|-status|p1a: Suicune|slp
|-heal|p1a: Suicune|404\/404 slp|[silent]
|-status|p1a: Suicune|slp|[from] move: Rest
|
|-damage|p1a: Suicune|354\/404 slp|[from] Leech Seed|[of] p2a: Crobat
|-heal|p2a: Crobat|113\/312|[silent]
|turn|24
|
|switch|p1a: Mienshao|Mienshao, M|271\/271
|move|p2a: Crobat|Cross Poison|p1a: Mienshao
|-damage|p1a: Mienshao|60\/271
|
|turn|25
|
|switch|p2a: Chesnaught|Chesnaught, M|376\/376
|move|p1a: Mienshao|U-turn|p2a: Chesnaught
|-damage|p2a: Chesnaught|325\/376
|
|switch|p1a: Suicune|Suicune|354\/404 slp
|-ability|p1a: Suicune|Pressure
|
|-heal|p1a: Suicune|379\/404 slp|[from] item: Leftovers
|turn|26
|
|cant|p1a: Suicune|slp
|move|p1a: Suicune|Sleep Talk|p1a: Suicune
|move|p1a: Suicune|Scald|p2a: Chesnaught|[from]Sleep Talk
|-resisted|p2a: Chesnaught
|-damage|p2a: Chesnaught|267\/376
|move|p2a: Chesnaught|Leech Seed|p1a: Suicune
|-start|p1a: Suicune|move: Leech Seed
|
|-heal|p1a: Suicune|404\/404 slp|[from] item: Leftovers
|-damage|p1a: Suicune|354\/404 slp|[from] Leech Seed|[of] p2a: Chesnaught
|-heal|p2a: Chesnaught|317\/376|[silent]
|turn|27
|
|switch|p2a: Crobat|Crobat, M|113\/312
|cant|p1a: Suicune|slp
|move|p1a: Suicune|Sleep Talk|p1a: Suicune
|move|p1a: Suicune|Rest|p1a: Suicune|[from]Sleep Talk
|-fail|p1a: Suicune
|
|-heal|p1a: Suicune|379\/404 slp|[from] item: Leftovers
|-damage|p1a: Suicune|329\/404 slp|[from] Leech Seed|[of] p2a: Crobat
|-heal|p2a: Crobat|163\/312|[silent]
|turn|28
|
|move|p2a: Crobat|U-turn|p1a: Suicune
|-damage|p1a: Suicune|262\/404 slp
|
|switch|p2a: Chandelure|Chandelure, M|209\/261
|-curestatus|p1a: Suicune|slp
|move|p1a: Suicune|Scald|p2a: Chandelure
|-supereffective|p2a: Chandelure
|-damage|p2a: Chandelure|17\/261
|
|-heal|p1a: Suicune|287\/404|[from] item: Leftovers
|-damage|p1a: Suicune|237\/404|[from] Leech Seed|[of] p2a: Chandelure
|-heal|p2a: Chandelure|67\/261|[silent]
|turn|29
|
|switch|p1a: Mienshao|Mienshao, M|60\/271
|move|p2a: Chandelure|Energy Ball|p1a: Mienshao
|-damage|p1a: Mienshao|0 fnt
|-damage|p2a: Chandelure|41\/261|[from] item: Life Orb
|faint|p1a: Mienshao
|
|-message|Sacri' forfeited.
|leave|Sacri'
|
|win|sdarbzzz
|raw|Ladder updating...
|player|p1
|raw|Sacri&apos;'s rating: 1542 &rarr; <strong>1520<\/strong><br \/>(-22 for losing)
|raw|sdarbzzz's rating: 1512 &rarr; <strong>1534<\/strong><br \/>(+22 for winning)