|join|ult lowgock
|join|Sacri'
|player|p1|ult lowgock|169
|player|p2|Sacri'|265
|gametype|singles
|gen|6
|tier|UU
|rated
|rule|Sleep Clause Mod: Limit one foe put to sleep
|rule|Species Clause: Limit one of each PokÃ©mon
|rule|OHKO Clause: OHKO moves are banned
|rule|Moody Clause: Moody is banned
|rule|Evasion Moves Clause: Evasion moves are banned
|rule|Endless Battle Clause: Forcing endless battles is banned
|rule|HP Percentage Mod: HP is shown in percentages
|clearpoke
|poke|p1|Slurpuff, M
|poke|p1|Kingdra, M
|poke|p1|Aerodactyl, F
|poke|p1|Nidoqueen, F
|poke|p1|Cobalion
|poke|p1|Honchkrow, M
|poke|p2|Absol, F
|poke|p2|Nidoqueen, F
|poke|p2|Suicune
|poke|p2|Roserade, F
|poke|p2|Mienshao, M
|poke|p2|Jirachi
|rule|Swagger Clause: Swagger is banned
|rule|Baton Pass Clause: Limit one PokÃ©mon knowing Baton Pass
|teampreview
|join|watfor
|c|âSacri'|hi again
|
|start
|switch|p1a: Honchkrow|Honchkrow, M|341\/341
|switch|p2a: Suicune|Suicune|404\/404
|-ability|p2a: Suicune|Pressure
|turn|1
|join|Emma Bae
|
|move|p1a: Honchkrow|Brave Bird|p2a: Suicune
|-damage|p2a: Suicune|227\/404
|-damage|p1a: Honchkrow|283\/341|[from] recoil|[of] p2a: Suicune
|-damage|p1a: Honchkrow|249\/341|[from] item: Life Orb
|move|p2a: Suicune|Scald|p1a: Honchkrow
|-damage|p1a: Honchkrow|116\/341
|
|-heal|p2a: Suicune|252\/404|[from] item: Leftovers
|turn|2
|c| Emma Bae|Lowgock when are you going to stop laddering?
|c|âult lowgock|after this
|c| Emma Bae|Ah
|
|switch|p1a: Kingdra|Kingdra, M|301\/301
|move|p2a: Suicune|Scald|p1a: Kingdra
|-resisted|p1a: Kingdra
|-damage|p1a: Kingdra|279\/301
|
|-heal|p2a: Suicune|277\/404|[from] item: Leftovers
|turn|3
|
|switch|p2a: Jirachi|Jirachi|341\/341
|move|p1a: Kingdra|Substitute|p1a: Kingdra
|-start|p1a: Kingdra|Substitute
|-damage|p1a: Kingdra|204\/301
|
|turn|4
|leave|Sacri'
|player|p2
|join|Sacri'
|player|p2|Sacri'|265
|
|move|p2a: Jirachi|Zen Headbutt|p1a: Kingdra
|-end|p1a: Kingdra|Substitute
|move|p1a: Kingdra|Dragon Dance|p1a: Kingdra
|-boost|p1a: Kingdra|atk|1
|-boost|p1a: Kingdra|spe|1
|
|turn|5
|
|move|p1a: Kingdra|Waterfall|p2a: Jirachi
|-damage|p2a: Jirachi|161\/341
|move|p2a: Jirachi|Zen Headbutt|p1a: Kingdra
|-damage|p1a: Kingdra|83\/301
|
|-heal|p2a: Jirachi|182\/341|[from] item: Leftovers
|turn|6
|
|move|p1a: Kingdra|Waterfall|p2a: Jirachi
|-damage|p2a: Jirachi|0 fnt
|faint|p2a: Jirachi
|
|
|switch|p2a: Mienshao|Mienshao, M|271\/271
|turn|7
|
|move|p2a: Mienshao|Knock Off|p1a: Kingdra
|-damage|p1a: Kingdra|0 fnt
|-enditem|p1a: Kingdra|Lum Berry|[from] move: Knock Off|[of] p2a: Mienshao
|faint|p1a: Kingdra
|
|
|switch|p1a: Nidoqueen|Nidoqueen, F|345\/345
|turn|8
|
|switch|p2a: Suicune|Suicune|277\/404
|-ability|p2a: Suicune|Pressure
|move|p1a: Nidoqueen|Earth Power|p2a: Suicune
|-damage|p2a: Suicune|108\/404
|
|-heal|p2a: Suicune|133\/404|[from] item: Leftovers
|turn|9
|
|move|p1a: Nidoqueen|Earth Power|p2a: Suicune
|-damage|p2a: Suicune|0 fnt
|faint|p2a: Suicune
|
|
|switch|p2a: Roserade|Roserade, F|262\/262
|turn|10
|join|ULT Celsius
|
|move|p2a: Roserade|Sleep Powder|p1a: Nidoqueen
|-status|p1a: Nidoqueen|slp
|cant|p1a: Nidoqueen|slp
|
|turn|11
|
|switch|p2a: Nidoqueen|Nidoqueen, F|384\/384
|-curestatus|p1a: Nidoqueen|slp
|move|p1a: Nidoqueen|Stealth Rock|p2a: Nidoqueen
|-sidestart|p2: Sacri'|move: Stealth Rock
|
|turn|12
|
|switch|p2a: Roserade|Roserade, F|262\/262
|-damage|p2a: Roserade|230\/262|[from] Stealth Rock
|move|p1a: Nidoqueen|Earth Power|p2a: Roserade
|-damage|p2a: Roserade|30\/262
|
|turn|13
|
|switch|p1a: Honchkrow|Honchkrow, M|116\/341
|move|p2a: Roserade|Sleep Powder|p1a: Honchkrow|[miss]
|-miss|p2a: Roserade|p1a: Honchkrow
|
|turn|14
|c|âSacri'|arf
|
|move|p2a: Roserade|Sleep Powder|p1a: Honchkrow|[miss]
|-miss|p2a: Roserade|p1a: Honchkrow
|move|p1a: Honchkrow|Pursuit|p2a: Roserade
|-damage|p2a: Roserade|0 fnt
|-damage|p1a: Honchkrow|82\/341|[from] item: Life Orb
|faint|p2a: Roserade
|-boost|p1a: Honchkrow|atk|1|[from] ability: Moxie
|
|c| Emma Bae|wow
|
|switch|p2a: Absol|Absol, F|271\/271
|-damage|p2a: Absol|238\/271|[from] Stealth Rock
|turn|15
|
|detailschange|p2a: Absol|Absol-Mega, F
|-mega|p2a: Absol|Absol|Absolite
|move|p2a: Absol|Sucker Punch|p1a: Honchkrow
|-resisted|p1a: Honchkrow
|-damage|p1a: Honchkrow|0 fnt
|faint|p1a: Honchkrow
|
|
|switch|p1a: Cobalion|Cobalion|323\/323
|turn|16
|
|switch|p2a: Nidoqueen|Nidoqueen, F|384\/384
|-damage|p2a: Nidoqueen|360\/384|[from] Stealth Rock
|move|p1a: Cobalion|Close Combat|p2a: Nidoqueen
|-resisted|p2a: Nidoqueen
|-damage|p2a: Nidoqueen|264\/384
|-unboost|p1a: Cobalion|def|1
|-unboost|p1a: Cobalion|spd|1
|
|turn|17
|
|switch|p1a: Aerodactyl|Aerodactyl, F|301\/301
|move|p2a: Nidoqueen|Earth Power|p1a: Aerodactyl
|-immune|p1a: Aerodactyl|[msg]
|
|turn|18
|
|detailschange|p1a: Aerodactyl|Aerodactyl-Mega, F
|-mega|p1a: Aerodactyl|Aerodactyl|Aerodactylite
|move|p1a: Aerodactyl|Aqua Tail|p2a: Nidoqueen|[miss]
|-miss|p1a: Aerodactyl|p2a: Nidoqueen
|move|p2a: Nidoqueen|Ice Beam|p1a: Aerodactyl
|-supereffective|p1a: Aerodactyl
|-damage|p1a: Aerodactyl|5\/301
|
|turn|19
|
|move|p1a: Aerodactyl|Aqua Tail|p2a: Nidoqueen
|-supereffective|p2a: Nidoqueen
|-damage|p2a: Nidoqueen|0 fnt
|faint|p2a: Nidoqueen
|
|
|switch|p2a: Mienshao|Mienshao, M|271\/271
|-damage|p2a: Mienshao|255\/271|[from] Stealth Rock
|turn|20
|c|âSacri'|gg
|-message|Sacri' forfeited.
|
|win|ult lowgock
|raw|Ladder updating...
|raw|ult lowgock's rating: 1511 &rarr; <strong>1535<\/strong><br \/>(+24 for winning)
|raw|Sacri&apos;'s rating: 1588 &rarr; <strong>1564<\/strong><br \/>(-24 for losing)