|join|CelsiusRW4
|join|Sacri'
|player|p1|CelsiusRW4|294
|player|p2|Sacri'|101
|gametype|singles
|gen|6
|tier|UU
|rated
|rule|Sleep Clause Mod: Limit one foe put to sleep
|rule|Species Clause: Limit one of each PokÃ©mon
|rule|OHKO Clause: OHKO moves are banned
|rule|Moody Clause: Moody is banned
|rule|Evasion Moves Clause: Evasion moves are banned
|rule|Endless Battle Clause: Forcing endless battles is banned
|rule|HP Percentage Mod: HP is shown in percentages
|clearpoke
|poke|p1|Crobat, F
|poke|p1|Chesnaught, F
|poke|p1|Swampert, M
|poke|p1|Umbreon, M
|poke|p1|Rhyperior, F
|poke|p1|Kyurem
|poke|p2|Absol, F
|poke|p2|Raikou
|poke|p2|Nidoqueen, F
|poke|p2|Mienshao, F
|poke|p2|Whimsicott, M
|poke|p2|Crobat, F
|rule|Swagger Clause: Swagger is banned
|rule|Baton Pass Clause: Limit one PokÃ©mon knowing Baton Pass
|teampreview
|
|start
|switch|p1a: Swampert|Swampert, M|404\/404
|switch|p2a: Whimsicott|Whimsicott, M|262\/262
|turn|1
|
|switch|p1a: Crobat|Crobat, F|355\/355
|move|p2a: Whimsicott|U-turn|p1a: Crobat
|-resisted|p1a: Crobat
|-damage|p1a: Crobat|345\/355
|
|switch|p2a: Raikou|Raikou|322\/322
|-ability|p2a: Raikou|Pressure
|
|-heal|p1a: Crobat|355\/355|[from] item: Black Sludge
|turn|2
|
|switch|p1a: Swampert|Swampert, M|404\/404
|move|p2a: Raikou|Hidden Power|p1a: Swampert
|-supereffective|p1a: Swampert
|-damage|p1a: Swampert|204\/404
|
|turn|3
|
|switch|p1a: Chesnaught|Chesnaught, F|380\/380
|move|p2a: Raikou|Hidden Power|p1a: Chesnaught
|-resisted|p1a: Chesnaught
|-damage|p1a: Chesnaught|345\/380
|
|-heal|p1a: Chesnaught|368\/380|[from] item: Leftovers
|turn|4
|
|move|p2a: Raikou|Volt Switch|p1a: Chesnaught
|-resisted|p1a: Chesnaught
|-damage|p1a: Chesnaught|312\/380
|
|switch|p2a: Whimsicott|Whimsicott, M|262\/262
|move|p1a: Chesnaught|Spikes|p2a: Whimsicott
|-sidestart|p2: Sacri'|Spikes
|
|-heal|p1a: Chesnaught|335\/380|[from] item: Leftovers
|turn|5
|
|move|p2a: Whimsicott|U-turn|p1a: Chesnaught
|-crit|p1a: Chesnaught
|-damage|p1a: Chesnaught|294\/380
|
|switch|p2a: Crobat|Crobat, F|373\/373
|move|p1a: Chesnaught|Spikes|p2a: Crobat
|-sidestart|p2: Sacri'|Spikes
|
|-heal|p1a: Chesnaught|317\/380|[from] item: Leftovers
|turn|6
|join|zzxtace
|
|switch|p1a: Rhyperior|Rhyperior, F|371\/371
|move|p2a: Crobat|Defog|p1a: Rhyperior
|-unboost|p1a: Rhyperior|evasion|1
|-sideend|p2: Sacri'|Spikes|[from] move: Defog|[of] p2a: Crobat
|
|turn|7
|
|move|p2a: Crobat|U-turn|p1a: Rhyperior
|-damage|p1a: Rhyperior|325\/371
|
|switch|p2a: Nidoqueen|Nidoqueen, F|384\/384
|move|p1a: Rhyperior|Rock Polish|p1a: Rhyperior
|-boost|p1a: Rhyperior|spe|2
|
|turn|8
|
|move|p1a: Rhyperior|Earthquake|p2a: Nidoqueen
|-supereffective|p2a: Nidoqueen
|-damage|p2a: Nidoqueen|0 fnt
|-damage|p1a: Rhyperior|288\/371|[from] item: Life Orb
|faint|p2a: Nidoqueen
|
|
|switch|p2a: Whimsicott|Whimsicott, M|262\/262
|turn|9
|
|switch|p1a: Crobat|Crobat, F|355\/355
|move|p2a: Whimsicott|Energy Ball|p1a: Crobat
|-resisted|p1a: Crobat
|-damage|p1a: Crobat|303\/355
|
|-heal|p1a: Crobat|325\/355|[from] item: Black Sludge
|turn|10
|
|switch|p2a: Raikou|Raikou|322\/322
|-ability|p2a: Raikou|Pressure
|move|p1a: Crobat|Brave Bird|p2a: Raikou
|-resisted|p2a: Raikou
|-damage|p2a: Raikou|238\/322
|-damage|p1a: Crobat|297\/355|[from] recoil|[of] p2a: Raikou
|
|-heal|p1a: Crobat|319\/355|[from] item: Black Sludge
|turn|11
|
|switch|p1a: Chesnaught|Chesnaught, F|317\/380
|move|p2a: Raikou|Volt Switch|p1a: Chesnaught
|-crit|p1a: Chesnaught
|-resisted|p1a: Chesnaught
|-damage|p1a: Chesnaught|233\/380
|
|switch|p2a: Whimsicott|Whimsicott, M|262\/262
|
|-heal|p1a: Chesnaught|256\/380|[from] item: Leftovers
|turn|12
|
|move|p2a: Whimsicott|Moonblast|p1a: Chesnaught
|-supereffective|p1a: Chesnaught
|-damage|p1a: Chesnaught|0 fnt
|faint|p1a: Chesnaught
|
|
|switch|p1a: Crobat|Crobat, F|319\/355
|turn|13
|
|switch|p1a: Swampert|Swampert, M|204\/404
|switch|p2a: Raikou|Raikou|238\/322
|-ability|p2a: Raikou|Pressure
|
|turn|14
|
|detailschange|p1a: Swampert|Swampert-Mega, M
|-mega|p1a: Swampert|Swampert|Swampertite
|move|p2a: Raikou|Hidden Power|p1a: Swampert
|-supereffective|p1a: Swampert
|-damage|p1a: Swampert|8\/404
|move|p1a: Swampert|Earthquake|p2a: Raikou
|-supereffective|p2a: Raikou
|-damage|p2a: Raikou|0 fnt
|faint|p2a: Raikou
|
|
|switch|p2a: Absol|Absol, F|271\/271
|turn|15
|
|detailschange|p2a: Absol|Absol-Mega, F
|-mega|p2a: Absol|Absol|Absolite
|move|p2a: Absol|Knock Off|p1a: Swampert
|-damage|p1a: Swampert|0 fnt
|faint|p1a: Swampert
|
|
|switch|p1a: Kyurem|Kyurem|391\/391
|-ability|p1a: Kyurem|Pressure
|turn|16
|
|switch|p2a: Crobat|Crobat, F|373\/373
|move|p1a: Kyurem|Ice Beam|p2a: Crobat
|-supereffective|p2a: Crobat
|-damage|p2a: Crobat|0 fnt
|faint|p2a: Crobat
|
|
|switch|p2a: Mienshao|Mienshao, F|271\/271
|turn|17
|
|switch|p1a: Crobat|Crobat, F|319\/355
|move|p2a: Mienshao|U-turn|p1a: Crobat
|-resisted|p1a: Crobat
|-damage|p1a: Crobat|295\/355
|
|switch|p2a: Absol|Absol-Mega, F|271\/271
|
|-heal|p1a: Crobat|317\/355|[from] item: Black Sludge
|turn|18
|
|move|p1a: Crobat|Taunt|p2a: Absol
|move|p2a: Absol|Taunt|p1a: Crobat|[from]Magic Bounce
|-start|p1a: Crobat|move: Taunt
|move|p2a: Absol|Swords Dance|p2a: Absol
|-boost|p2a: Absol|atk|2
|
|-heal|p1a: Crobat|339\/355|[from] item: Black Sludge
|turn|19
|
|move|p1a: Crobat|Brave Bird|p2a: Absol
|-damage|p2a: Absol|69\/271
|-damage|p1a: Crobat|272\/355|[from] recoil|[of] p2a: Absol
|move|p2a: Absol|Swords Dance|p2a: Absol
|-boost|p2a: Absol|atk|2
|
|-heal|p1a: Crobat|294\/355|[from] item: Black Sludge
|turn|20
|
|switch|p1a: Kyurem|Kyurem|391\/391
|-ability|p1a: Kyurem|Pressure
|move|p2a: Absol|Sucker Punch|p1a: Kyurem
|-fail|p1a: Kyurem
|
|turn|21
|
|move|p2a: Absol|Sucker Punch|p1a: Kyurem
|-damage|p1a: Kyurem|0 fnt
|faint|p1a: Kyurem
|
|
|switch|p1a: Umbreon|Umbreon, M|393\/393
|turn|22
|
|move|p2a: Absol|Play Rough|p1a: Umbreon
|-supereffective|p1a: Umbreon
|-damage|p1a: Umbreon|0 fnt
|faint|p1a: Umbreon
|
|
|switch|p1a: Crobat|Crobat, F|294\/355
|turn|23
|
|move|p2a: Absol|Sucker Punch|p1a: Crobat
|-fail|p1a: Crobat
|move|p1a: Crobat|Roost|p1a: Crobat
|-heal|p1a: Crobat|355\/355
|
|turn|24
|
|move|p2a: Absol|Sucker Punch|p1a: Crobat
|-fail|p1a: Crobat
|move|p1a: Crobat|Defog|p2a: Absol
|move|p2a: Absol|Defog|p1a: Crobat|[from]Magic Bounce
|-unboost|p1a: Crobat|evasion|1
|
|turn|25
|
|move|p2a: Absol|Sucker Punch|p1a: Crobat
|-fail|p1a: Crobat
|move|p1a: Crobat|Roost|p1a: Crobat
|-fail|p1a: Crobat
|
|turn|26
|
|move|p2a: Absol|Sucker Punch|p1a: Crobat
|-fail|p1a: Crobat
|move|p1a: Crobat|Defog|p2a: Absol
|move|p2a: Absol|Defog|p1a: Crobat|[from]Magic Bounce
|-unboost|p1a: Crobat|evasion|1
|
|turn|27
|
|move|p1a: Crobat|Defog|p2a: Absol
|move|p2a: Absol|Defog|p1a: Crobat|[from]Magic Bounce
|-unboost|p1a: Crobat|evasion|1
|move|p2a: Absol|Knock Off|p1a: Crobat
|-crit|p1a: Crobat
|-damage|p1a: Crobat|0 fnt
|-enditem|p1a: Crobat|Black Sludge|[from] move: Knock Off|[of] p2a: Absol
|faint|p1a: Crobat
|
|-message|CelsiusRW4 forfeited.
|
|win|Sacri'
|raw|Ladder updating...
|leave|CelsiusRW4
|player|p1
|raw|CelsiusRW4's rating: 1476 &rarr; <strong>1457<\/strong><br \/>(-19 for losing)
|raw|Sacri&apos;'s rating: 1492 &rarr; <strong>1511<\/strong><br \/>(+19 for winning)