|join|Sacri'
|join|aDutchGuy
|player|p1|Sacri'|102
|player|p2|aDutchGuy|252
|gametype|singles
|gen|6
|tier|UU
|rated
|rule|Sleep Clause Mod: Limit one foe put to sleep
|rule|Species Clause: Limit one of each PokÃ©mon
|rule|OHKO Clause: OHKO moves are banned
|rule|Moody Clause: Moody is banned
|rule|Evasion Moves Clause: Evasion moves are banned
|rule|Endless Battle Clause: Forcing endless battles is banned
|rule|HP Percentage Mod: HP is shown in percentages
|clearpoke
|poke|p1|Absol, M
|poke|p1|Nidoqueen, F
|poke|p1|Suicune
|poke|p1|Roserade, F
|poke|p1|Mienshao, F
|poke|p1|Jirachi
|poke|p2|Glalie, M
|poke|p2|Cresselia, F
|poke|p2|Shaymin
|poke|p2|Swampert, M
|poke|p2|Arcanine, F
|poke|p2|Toxicroak, M
|rule|Swagger Clause: Swagger is banned
|rule|Baton Pass Clause: Limit one PokÃ©mon knowing Baton Pass
|teampreview
|
|start
|switch|p1a: Roserade|Roserade, F|262\/262
|switch|p2a: Cresselia|Cresselia, F|443\/443
|turn|1
|
|move|p1a: Roserade|Sleep Powder|p2a: Cresselia
|-status|p2a: Cresselia|slp
|cant|p2a: Cresselia|slp
|
|turn|2
|
|move|p1a: Roserade|Spikes|p2a: Cresselia
|-sidestart|p2: aDutchGuy|Spikes
|cant|p2a: Cresselia|slp
|
|turn|3
|
|switch|p2a: Arcanine|Arcanine, F|383\/383
|-damage|p2a: Arcanine|336\/383|[from] Spikes
|move|p1a: Roserade|Spikes|p2a: Arcanine
|-sidestart|p2: aDutchGuy|Spikes
|
|-heal|p2a: Arcanine|359\/383|[from] item: Leftovers
|turn|4
|
|move|p1a: Roserade|Spikes|p2a: Arcanine
|-sidestart|p2: aDutchGuy|Spikes
|move|p2a: Arcanine|Flare Blitz|p1a: Roserade
|-supereffective|p1a: Roserade
|-enditem|p1a: Roserade|Focus Sash
|-damage|p1a: Roserade|1\/262
|-damage|p2a: Arcanine|273\/383|[from] recoil|[of] p1a: Roserade
|
|-heal|p2a: Arcanine|296\/383|[from] item: Leftovers
|turn|5
|
|switch|p1a: Suicune|Suicune|404\/404
|-ability|p1a: Suicune|Pressure
|move|p2a: Arcanine|Extreme Speed|p1a: Suicune
|-damage|p1a: Suicune|355\/404
|
|-heal|p2a: Arcanine|319\/383|[from] item: Leftovers
|-heal|p1a: Suicune|380\/404|[from] item: Leftovers
|turn|6
|
|switch|p2a: Swampert|Swampert, M|401\/401
|-damage|p2a: Swampert|301\/401|[from] Spikes
|switch|p1a: Nidoqueen|Nidoqueen, F|384\/384
|
|-heal|p2a: Swampert|326\/401|[from] item: Leftovers
|turn|7
|
|switch|p1a: Roserade|Roserade, F|1\/262
|move|p2a: Swampert|Stealth Rock|p1a: Roserade
|-sidestart|p1: Sacri'|move: Stealth Rock
|
|-heal|p2a: Swampert|351\/401|[from] item: Leftovers
|turn|8
|
|switch|p2a: Arcanine|Arcanine, F|319\/383
|-damage|p2a: Arcanine|224\/383|[from] Spikes
|move|p1a: Roserade|Sludge Bomb|p2a: Arcanine
|-damage|p2a: Arcanine|25\/383
|
|-heal|p2a: Arcanine|48\/383|[from] item: Leftovers
|turn|9
|
|move|p2a: Arcanine|Extreme Speed|p1a: Roserade
|-damage|p1a: Roserade|0 fnt
|faint|p1a: Roserade
|
|-heal|p2a: Arcanine|71\/383|[from] item: Leftovers
|
|switch|p1a: Nidoqueen|Nidoqueen, F|384\/384
|-damage|p1a: Nidoqueen|360\/384|[from] Stealth Rock
|turn|10
|
|move|p2a: Arcanine|Morning Sun|p2a: Arcanine
|-heal|p2a: Arcanine|262\/383
|move|p1a: Nidoqueen|Stealth Rock|p2a: Arcanine
|-sidestart|p2: aDutchGuy|move: Stealth Rock
|
|-heal|p2a: Arcanine|285\/383|[from] item: Leftovers
|turn|11
|
|switch|p2a: Swampert|Swampert, M|351\/401
|-damage|p2a: Swampert|326\/401|[from] Stealth Rock
|-damage|p2a: Swampert|226\/401|[from] Spikes
|move|p1a: Nidoqueen|Earth Power|p2a: Swampert
|-damage|p2a: Swampert|18\/401
|
|-heal|p2a: Swampert|43\/401|[from] item: Leftovers
|turn|12
|
|move|p1a: Nidoqueen|Sludge Wave|p2a: Swampert
|-resisted|p2a: Swampert
|-damage|p2a: Swampert|0 fnt
|faint|p2a: Swampert
|
|
|switch|p2a: Cresselia|Cresselia, F|443\/443 slp
|-damage|p2a: Cresselia|388\/443 slp|[from] Stealth Rock
|turn|13
|
|switch|p1a: Absol|Absol, M|271\/271
|-damage|p1a: Absol|238\/271|[from] Stealth Rock
|-curestatus|p2a: Cresselia|slp
|move|p2a: Cresselia|Substitute|p2a: Cresselia
|-start|p2a: Cresselia|Substitute
|-damage|p2a: Cresselia|278\/443
|
|-heal|p2a: Cresselia|305\/443|[from] item: Leftovers
|turn|14
|
|detailschange|p1a: Absol|Absol-Mega, M
|-mega|p1a: Absol|Absol|Absolite
|move|p1a: Absol|Knock Off|p2a: Cresselia
|-supereffective|p2a: Cresselia
|-end|p2a: Cresselia|Substitute
|move|p2a: Cresselia|Moonblast|p1a: Absol
|-supereffective|p1a: Absol
|-damage|p1a: Absol|60\/271
|
|-heal|p2a: Cresselia|332\/443|[from] item: Leftovers
|turn|15
|
|switch|p2a: Toxicroak|Toxicroak, M|370\/370
|-damage|p2a: Toxicroak|278\/370|[from] Spikes
|-damage|p2a: Toxicroak|255\/370|[from] Stealth Rock
|move|p1a: Absol|Knock Off|p2a: Toxicroak
|-resisted|p2a: Toxicroak
|-damage|p2a: Toxicroak|121\/370
|-enditem|p2a: Toxicroak|Black Sludge|[from] move: Knock Off|[of] p1a: Absol
|
|turn|16
|
|move|p2a: Toxicroak|Sucker Punch|p1a: Absol
|-resisted|p1a: Absol
|-damage|p1a: Absol|0 fnt
|faint|p1a: Absol
|
|
|switch|p1a: Nidoqueen|Nidoqueen, F|360\/384
|-damage|p1a: Nidoqueen|336\/384|[from] Stealth Rock
|turn|17
|
|move|p2a: Toxicroak|Drain Punch|p1a: Nidoqueen
|-resisted|p1a: Nidoqueen
|-damage|p1a: Nidoqueen|264\/384
|-heal|p2a: Toxicroak|157\/370|[from] drain|[of] p1a: Nidoqueen
|move|p1a: Nidoqueen|Sludge Wave|p2a: Toxicroak
|-resisted|p2a: Toxicroak
|-damage|p2a: Toxicroak|0 fnt
|faint|p2a: Toxicroak
|
|
|switch|p2a: Glalie|Glalie, M|301\/301
|-damage|p2a: Glalie|226\/301|[from] Spikes
|-damage|p2a: Glalie|151\/301|[from] Stealth Rock
|turn|18
|
|detailschange|p2a: Glalie|Glalie-Mega, M
|-mega|p2a: Glalie|Glalie|Glalitite
|move|p2a: Glalie|Freeze-Dry|p1a: Nidoqueen
|-supereffective|p1a: Nidoqueen
|-damage|p1a: Nidoqueen|12\/384
|move|p1a: Nidoqueen|Sludge Wave|p2a: Glalie
|-damage|p2a: Glalie|0 fnt
|faint|p2a: Glalie
|
|
|switch|p2a: Arcanine|Arcanine, F|285\/383
|-damage|p2a: Arcanine|190\/383|[from] Spikes
|-damage|p2a: Arcanine|95\/383|[from] Stealth Rock
|turn|19
|
|move|p2a: Arcanine|Extreme Speed|p1a: Nidoqueen
|-damage|p1a: Nidoqueen|0 fnt
|faint|p1a: Nidoqueen
|
|-heal|p2a: Arcanine|118\/383|[from] item: Leftovers
|
|switch|p1a: Mienshao|Mienshao, F|271\/271
|-damage|p1a: Mienshao|255\/271|[from] Stealth Rock
|turn|20
|
|move|p1a: Mienshao|High Jump Kick|p2a: Arcanine
|-damage|p2a: Arcanine|0 fnt
|faint|p2a: Arcanine
|
|
|switch|p2a: Shaymin|Shaymin|341\/341
|-damage|p2a: Shaymin|256\/341|[from] Spikes
|-damage|p2a: Shaymin|214\/341|[from] Stealth Rock
|turn|21
|
|move|p1a: Mienshao|High Jump Kick|p2a: Shaymin
|-crit|p2a: Shaymin
|-damage|p2a: Shaymin|0 fnt
|faint|p2a: Shaymin
|
|
|switch|p2a: Cresselia|Cresselia, F|332\/443
|-damage|p2a: Cresselia|277\/443|[from] Stealth Rock
|turn|22
|
|switch|p1a: Jirachi|Jirachi|341\/341
|-damage|p1a: Jirachi|320\/341|[from] Stealth Rock
|move|p2a: Cresselia|Moonblast|p1a: Jirachi
|-resisted|p1a: Jirachi
|-damage|p1a: Jirachi|288\/341
|
|-heal|p1a: Jirachi|309\/341|[from] item: Leftovers
|-heal|p2a: Cresselia|304\/443|[from] item: Leftovers
|turn|23
|
|move|p1a: Jirachi|Iron Head|p2a: Cresselia
|-damage|p2a: Cresselia|216\/443
|cant|p2a: Cresselia|flinch
|
|-heal|p1a: Jirachi|330\/341|[from] item: Leftovers
|-heal|p2a: Cresselia|243\/443|[from] item: Leftovers
|turn|24
|
|move|p1a: Jirachi|Iron Head|p2a: Cresselia
|-damage|p2a: Cresselia|152\/443
|cant|p2a: Cresselia|flinch
|
|-heal|p1a: Jirachi|341\/341|[from] item: Leftovers
|-heal|p2a: Cresselia|179\/443|[from] item: Leftovers
|turn|25
|
|move|p1a: Jirachi|Iron Head|p2a: Cresselia
|-damage|p2a: Cresselia|94\/443
|move|p2a: Cresselia|Substitute|p2a: Cresselia
|-fail|p2a: Cresselia|move: Substitute|[weak]
|
|-heal|p2a: Cresselia|121\/443|[from] item: Leftovers
|turn|26
|-message|aDutchGuy forfeited.
|leave|aDutchGuy
|
|win|Sacri'
|raw|Ladder updating...
|player|p2
|raw|Sacri&apos;'s rating: 1596 &rarr; <strong>1603<\/strong><br \/>(+7 for winning)
|raw|aDutchGuy's rating: 1310 &rarr; <strong>1303<\/strong><br \/>(-7 for losing)