|join|Lol1z da Fuccboi
|join|Sacri'
|player|p1|Lol1z da Fuccboi|101
|player|p2|Sacri'|102
|gametype|singles
|gen|6
|tier|UU
|rated
|rule|Sleep Clause Mod: Limit one foe put to sleep
|rule|Species Clause: Limit one of each PokÃ©mon
|rule|OHKO Clause: OHKO moves are banned
|rule|Moody Clause: Moody is banned
|rule|Evasion Moves Clause: Evasion moves are banned
|rule|Endless Battle Clause: Forcing endless battles is banned
|rule|HP Percentage Mod: HP is shown in percentages
|clearpoke
|poke|p1|Swampert, F
|poke|p1|Celebi
|poke|p1|Entei, shiny
|poke|p1|Forretress, F
|poke|p1|Mienshao, M
|poke|p1|Hydreigon, M
|poke|p2|Absol, F
|poke|p2|Raikou
|poke|p2|Nidoqueen, F
|poke|p2|Mienshao, M
|poke|p2|Whimsicott, M
|poke|p2|Crobat, M
|rule|Swagger Clause: Swagger is banned
|rule|Baton Pass Clause: Limit one PokÃ©mon knowing Baton Pass
|teampreview
|
|start
|switch|p1a: Entei|Entei, shiny|373\/373
|switch|p2a: Nidoqueen|Nidoqueen, F|384\/384
|-ability|p1a: Entei|Pressure
|turn|1
|
|switch|p1a: Swampert|Swampert, F|404\/404
|move|p2a: Nidoqueen|Earth Power|p1a: Swampert
|-damage|p1a: Swampert|252\/404
|
|-heal|p1a: Swampert|277\/404|[from] item: Leftovers
|turn|2
|
|move|p2a: Nidoqueen|Earth Power|p1a: Swampert
|-damage|p1a: Swampert|117\/404
|move|p1a: Swampert|Earthquake|p2a: Nidoqueen
|-supereffective|p2a: Nidoqueen
|-damage|p2a: Nidoqueen|102\/384
|
|-heal|p1a: Swampert|142\/404|[from] item: Leftovers
|turn|3
|join|Zhaf
|
|switch|p1a: Celebi|Celebi|404\/404
|move|p2a: Nidoqueen|Ice Beam|p1a: Celebi
|-supereffective|p1a: Celebi
|-damage|p1a: Celebi|201\/404
|
|-heal|p1a: Celebi|226\/404|[from] item: Leftovers
|turn|4
|
|move|p1a: Celebi|Giga Drain|p2a: Nidoqueen
|-damage|p2a: Nidoqueen|2\/384
|-heal|p1a: Celebi|276\/404|[from] drain|[of] p2a: Nidoqueen
|move|p2a: Nidoqueen|Stealth Rock|p1a: Celebi
|-sidestart|p1: Lol1z da Fuccboi|move: Stealth Rock
|
|-heal|p1a: Celebi|301\/404|[from] item: Leftovers
|turn|5
|
|move|p1a: Celebi|U-turn|p2a: Nidoqueen
|-resisted|p2a: Nidoqueen
|-damage|p2a: Nidoqueen|0 fnt
|faint|p2a: Nidoqueen
|
|switch|p1a: Forretress|Forretress, F|354\/354
|-damage|p1a: Forretress|310\/354|[from] Stealth Rock
|
|-heal|p1a: Forretress|332\/354|[from] item: Leftovers
|
|switch|p2a: Raikou|Raikou|322\/322
|-ability|p2a: Raikou|Pressure
|turn|6
|
|switch|p1a: Swampert|Swampert, F|142\/404
|-damage|p1a: Swampert|117\/404|[from] Stealth Rock
|move|p2a: Raikou|Thunderbolt|p1a: Swampert
|-immune|p1a: Swampert|[msg]
|
|-heal|p1a: Swampert|142\/404|[from] item: Leftovers
|turn|7
|
|move|p2a: Raikou|Hidden Power|p1a: Swampert
|-supereffective|p1a: Swampert
|-damage|p1a: Swampert|0 fnt
|faint|p1a: Swampert
|
|
|switch|p1a: Entei|Entei, shiny|373\/373
|-damage|p1a: Entei|280\/373|[from] Stealth Rock
|-ability|p1a: Entei|Pressure
|turn|8
|
|move|p2a: Raikou|Thunderbolt|p1a: Entei
|-damage|p1a: Entei|97\/373
|move|p1a: Entei|Sacred Fire|p2a: Raikou
|-damage|p2a: Raikou|0 fnt
|faint|p2a: Raikou
|
|
|switch|p2a: Crobat|Crobat, M|373\/373
|turn|9
|
|switch|p1a: Mienshao|Mienshao, M|271\/271
|-damage|p1a: Mienshao|255\/271|[from] Stealth Rock
|move|p2a: Crobat|Brave Bird|p1a: Mienshao
|-supereffective|p1a: Mienshao
|-damage|p1a: Mienshao|0 fnt
|-damage|p2a: Crobat|289\/373|[from] recoil|[of] p1a: Mienshao
|faint|p1a: Mienshao
|
|-heal|p2a: Crobat|312\/373|[from] item: Black Sludge
|
|switch|p1a: Forretress|Forretress, F|332\/354
|-damage|p1a: Forretress|288\/354|[from] Stealth Rock
|turn|10
|
|move|p2a: Crobat|Brave Bird|p1a: Forretress
|-damage|p1a: Forretress|204\/354
|-damage|p2a: Crobat|284\/373|[from] recoil|[of] p1a: Forretress
|move|p1a: Forretress|Rapid Spin|p2a: Crobat
|-damage|p2a: Crobat|267\/373
|-sideend|p1: Lol1z da Fuccboi|Stealth Rock|[from] move: Rapid Spin|[of] p1a: Forretress
|
|-heal|p2a: Crobat|290\/373|[from] item: Black Sludge
|-heal|p1a: Forretress|226\/354|[from] item: Leftovers
|turn|11
|
|move|p2a: Crobat|Brave Bird|p1a: Forretress
|-damage|p1a: Forretress|138\/354
|-damage|p2a: Crobat|261\/373|[from] recoil|[of] p1a: Forretress
|move|p1a: Forretress|Spikes|p2a: Crobat
|-sidestart|p2: Sacri'|Spikes
|
|-heal|p2a: Crobat|284\/373|[from] item: Black Sludge
|-heal|p1a: Forretress|160\/354|[from] item: Leftovers
|turn|12
|
|move|p2a: Crobat|Brave Bird|p1a: Forretress
|-damage|p1a: Forretress|84\/354
|-damage|p2a: Crobat|259\/373|[from] recoil|[of] p1a: Forretress
|move|p1a: Forretress|Volt Switch|p2a: Crobat
|-supereffective|p2a: Crobat
|-damage|p2a: Crobat|169\/373
|
|switch|p1a: Hydreigon|Hydreigon, M|325\/325
|
|-heal|p2a: Crobat|192\/373|[from] item: Black Sludge
|turn|13
|
|move|p1a: Hydreigon|Draco Meteor|p2a: Crobat
|-damage|p2a: Crobat|0 fnt
|-unboost|p1a: Hydreigon|spa|2
|faint|p2a: Crobat
|
|
|switch|p2a: Whimsicott|Whimsicott, M|262\/262
|-damage|p2a: Whimsicott|230\/262|[from] Spikes
|turn|14
|
|switch|p1a: Celebi|Celebi|301\/404
|move|p2a: Whimsicott|Moonblast|p1a: Celebi
|-damage|p1a: Celebi|177\/404
|
|-heal|p1a: Celebi|202\/404|[from] item: Leftovers
|turn|15
|
|move|p2a: Whimsicott|Moonblast|p1a: Celebi
|-damage|p1a: Celebi|63\/404
|-unboost|p1a: Celebi|spa|1
|move|p1a: Celebi|U-turn|p2a: Whimsicott
|-damage|p2a: Whimsicott|171\/262
|
|switch|p1a: Hydreigon|Hydreigon, M|325\/325
|
|turn|16
|
|move|p1a: Hydreigon|Fire Blast|p2a: Whimsicott
|-supereffective|p2a: Whimsicott
|-damage|p2a: Whimsicott|0 fnt
|faint|p2a: Whimsicott
|
|
|switch|p2a: Mienshao|Mienshao, M|271\/271
|-damage|p2a: Mienshao|238\/271|[from] Spikes
|turn|17
|
|switch|p1a: Celebi|Celebi|63\/404
|move|p2a: Mienshao|Drain Punch|p1a: Celebi
|-resisted|p1a: Celebi
|-damage|p1a: Celebi|0 fnt
|-heal|p2a: Mienshao|270\/271|[from] drain|[of] p1a: Celebi
|faint|p1a: Celebi
|
|
|switch|p1a: Hydreigon|Hydreigon, M|325\/325
|turn|18
|
|switch|p2a: Absol|Absol, F|271\/271
|-damage|p2a: Absol|238\/271|[from] Spikes
|move|p1a: Hydreigon|Draco Meteor|p2a: Absol
|-damage|p2a: Absol|0 fnt
|-unboost|p1a: Hydreigon|spa|2
|faint|p2a: Absol
|
|
|switch|p2a: Mienshao|Mienshao, M|270\/271
|-damage|p2a: Mienshao|237\/271|[from] Spikes
|turn|19
|
|move|p2a: Mienshao|High Jump Kick|p1a: Hydreigon
|-supereffective|p1a: Hydreigon
|-damage|p1a: Hydreigon|0 fnt
|faint|p1a: Hydreigon
|
|
|switch|p1a: Forretress|Forretress, F|84\/354
|turn|20
|
|move|p2a: Mienshao|High Jump Kick|p1a: Forretress
|-damage|p1a: Forretress|0 fnt
|faint|p1a: Forretress
|
|
|switch|p1a: Entei|Entei, shiny|97\/373
|-ability|p1a: Entei|Pressure
|turn|21
|
|move|p1a: Entei|Extreme Speed|p2a: Mienshao
|-damage|p2a: Mienshao|3\/271
|move|p2a: Mienshao|High Jump Kick|p1a: Entei
|-damage|p1a: Entei|0 fnt
|faint|p1a: Entei
|
|win|Sacri'
|raw|Ladder updating...
|c|âLol1z da Fuccboi|gg
|raw|Lol1z da Fuccboi's rating: 1716 &rarr; <strong>1685<\/strong><br \/>(-31 for losing)
|raw|Sacri&apos;'s rating: 1511 &rarr; <strong>1542<\/strong><br \/>(+31 for winning)
|c|âSacri'|gg
|leave|Lol1z da Fuccboi
|player|p1