|join|Sacri'
|join|Over Under Used
|player|p1|Sacri'|169
|player|p2|Over Under Used|177
|gametype|singles
|gen|6
|tier|UU
|rated
|rule|Sleep Clause Mod: Limit one foe put to sleep
|rule|Species Clause: Limit one of each PokÃ©mon
|rule|OHKO Clause: OHKO moves are banned
|rule|Moody Clause: Moody is banned
|rule|Evasion Moves Clause: Evasion moves are banned
|rule|Endless Battle Clause: Forcing endless battles is banned
|rule|HP Percentage Mod: HP is shown in percentages
|clearpoke
|poke|p1|Absol, F
|poke|p1|Nidoqueen, F
|poke|p1|Roserade, F
|poke|p1|Mienshao, F
|poke|p1|Jirachi
|poke|p1|Suicune
|poke|p2|Aerodactyl, M
|poke|p2|Roserade, F
|poke|p2|Starmie
|poke|p2|Mienshao, M
|poke|p2|Donphan, F
|poke|p2|Jellicent, M
|rule|Swagger Clause: Swagger is banned
|rule|Baton Pass Clause: Limit one PokÃ©mon knowing Baton Pass
|teampreview
|c|âSacri'|gl hf
|c|âOver Under Used|u2
|
|start
|switch|p1a: Mienshao|Mienshao, F|271\/271
|switch|p2a: Mienshao|Mienshao, M|271\/271
|turn|1
|
|switch|p2a: Jellicent|Jellicent, M|404\/404
|switch|p1a: Nidoqueen|Nidoqueen, F|384\/384
|
|turn|2
|
|switch|p1a: Roserade|Roserade, F|262\/262
|move|p2a: Jellicent|Taunt|p1a: Roserade
|-start|p1a: Roserade|move: Taunt
|
|turn|3
|
|switch|p2a: Roserade|Roserade, F|261\/261
|move|p1a: Roserade|Giga Drain|p2a: Roserade
|-resisted|p2a: Roserade
|-damage|p2a: Roserade|231\/261
|
|turn|4
|
|switch|p1a: Jirachi|Jirachi|341\/341
|move|p2a: Roserade|Sludge Bomb|p1a: Jirachi
|-immune|p1a: Jirachi|[msg]
|
|turn|5
|
|move|p1a: Jirachi|U-turn|p2a: Roserade
|-damage|p2a: Roserade|130\/261
|
|switch|p1a: Roserade|Roserade, F|262\/262
|move|p2a: Roserade|Hidden Power|p1a: Roserade
|-supereffective|p1a: Roserade
|-damage|p1a: Roserade|101\/262
|-damage|p2a: Roserade|104\/261|[from] item: Life Orb
|
|turn|6
|
|move|p1a: Roserade|Sludge Bomb|p2a: Roserade
|-damage|p2a: Roserade|0 fnt
|faint|p2a: Roserade
|
|c|âSacri'|Nice LO Rose
|
|switch|p2a: Aerodactyl|Aerodactyl, M|311\/311
|turn|7
|c|âOver Under Used|thanks
|
|switch|p1a: Suicune|Suicune|404\/404
|-ability|p1a: Suicune|Pressure
|detailschange|p2a: Aerodactyl|Aerodactyl-Mega, M
|-mega|p2a: Aerodactyl|Aerodactyl|Aerodactylite
|move|p2a: Aerodactyl|Crunch|p1a: Suicune
|-damage|p1a: Suicune|314\/404
|-unboost|p1a: Suicune|def|1
|
|-heal|p1a: Suicune|339\/404|[from] item: Leftovers
|turn|8
|
|switch|p2a: Jellicent|Jellicent, M|404\/404
|move|p1a: Suicune|Scald|p2a: Jellicent
|-immune|p2a: Jellicent|[msg]
|
|-heal|p1a: Suicune|364\/404|[from] item: Leftovers
|turn|9
|
|switch|p1a: Roserade|Roserade, F|101\/262
|move|p2a: Jellicent|Taunt|p1a: Roserade
|-start|p1a: Roserade|move: Taunt
|
|turn|10
|
|move|p1a: Roserade|Giga Drain|p2a: Jellicent
|-supereffective|p2a: Jellicent
|-damage|p2a: Jellicent|234\/404
|-heal|p1a: Roserade|186\/262|[from] drain|[of] p2a: Jellicent
|move|p2a: Jellicent|Scald|p1a: Roserade
|-resisted|p1a: Roserade
|-damage|p1a: Roserade|146\/262
|
|-heal|p2a: Jellicent|259\/404|[from] item: Leftovers
|turn|11
|c|âSacri'|That bulk
|
|switch|p2a: Mienshao|Mienshao, M|271\/271
|move|p1a: Roserade|Giga Drain|p2a: Mienshao
|-damage|p2a: Mienshao|72\/271
|-heal|p1a: Roserade|246\/262|[from] drain|[of] p2a: Mienshao
|
|turn|12
|
|move|p2a: Mienshao|High Jump Kick|p1a: Roserade
|-resisted|p1a: Roserade
|-damage|p1a: Roserade|62\/262
|move|p1a: Roserade|Giga Drain|p2a: Mienshao
|-damage|p2a: Mienshao|0 fnt
|-heal|p1a: Roserade|98\/262|[from] drain|[of] p2a: Mienshao
|faint|p2a: Mienshao
|
|-end|p1a: Roserade|move: Taunt
|
|switch|p2a: Starmie|Starmie|261\/261
|turn|13
|
|switch|p1a: Jirachi|Jirachi|341\/341
|move|p2a: Starmie|Ice Beam|p1a: Jirachi
|-resisted|p1a: Jirachi
|-damage|p1a: Jirachi|279\/341
|-damage|p2a: Starmie|235\/261|[from] item: Life Orb
|
|-heal|p1a: Jirachi|300\/341|[from] item: Leftovers
|turn|14
|
|switch|p2a: Aerodactyl|Aerodactyl-Mega, M|311\/311
|move|p1a: Jirachi|U-turn|p2a: Aerodactyl
|-crit|p2a: Aerodactyl
|-resisted|p2a: Aerodactyl
|-damage|p2a: Aerodactyl|252\/311
|
|switch|p1a: Suicune|Suicune|364\/404
|-ability|p1a: Suicune|Pressure
|
|-heal|p1a: Suicune|389\/404|[from] item: Leftovers
|turn|15
|
|switch|p2a: Jellicent|Jellicent, M|259\/404
|move|p1a: Suicune|Scald|p2a: Jellicent
|-heal|p2a: Jellicent|360\/404|[from] ability: Water Absorb|[of] p1a: Suicune
|
|-heal|p1a: Suicune|404\/404|[from] item: Leftovers
|-heal|p2a: Jellicent|385\/404|[from] item: Leftovers
|turn|16
|
|switch|p1a: Roserade|Roserade, F|98\/262
|switch|p2a: Starmie|Starmie|235\/261
|
|turn|17
|
|switch|p1a: Jirachi|Jirachi|300\/341
|move|p2a: Starmie|Psyshock|p1a: Jirachi
|-resisted|p1a: Jirachi
|-damage|p1a: Jirachi|261\/341
|-damage|p2a: Starmie|209\/261|[from] item: Life Orb
|
|-heal|p1a: Jirachi|282\/341|[from] item: Leftovers
|turn|18
|
|switch|p2a: Donphan|Donphan, F|384\/384
|move|p1a: Jirachi|U-turn|p2a: Donphan
|-damage|p2a: Donphan|338\/384
|
|switch|p1a: Roserade|Roserade, F|98\/262
|
|-heal|p2a: Donphan|362\/384|[from] item: Leftovers
|turn|19
|
|switch|p1a: Suicune|Suicune|404\/404
|-ability|p1a: Suicune|Pressure
|move|p2a: Donphan|Ice Shard|p1a: Suicune
|-resisted|p1a: Suicune
|-damage|p1a: Suicune|391\/404
|
|-heal|p1a: Suicune|404\/404|[from] item: Leftovers
|-heal|p2a: Donphan|384\/384|[from] item: Leftovers
|turn|20
|
|switch|p2a: Starmie|Starmie|209\/261
|move|p1a: Suicune|Scald|p2a: Starmie
|-resisted|p2a: Starmie
|-damage|p2a: Starmie|158\/261
|
|turn|21
|
|move|p2a: Starmie|Scald|p1a: Suicune
|-resisted|p1a: Suicune
|-damage|p1a: Suicune|338\/404
|-status|p1a: Suicune|brn
|-damage|p2a: Starmie|132\/261|[from] item: Life Orb
|move|p1a: Suicune|Scald|p2a: Starmie
|-resisted|p2a: Starmie
|-damage|p2a: Starmie|84\/261
|
|-heal|p1a: Suicune|363\/404 brn|[from] item: Leftovers
|-damage|p1a: Suicune|313\/404 brn|[from] brn
|turn|22
|
|switch|p2a: Jellicent|Jellicent, M|385\/404
|move|p1a: Suicune|Rest|p1a: Suicune
|-status|p1a: Suicune|slp
|-heal|p1a: Suicune|404\/404 slp|[silent]
|-status|p1a: Suicune|slp|[from] move: Rest
|
|-heal|p2a: Jellicent|404\/404|[from] item: Leftovers
|turn|23
|
|switch|p1a: Roserade|Roserade, F|98\/262
|move|p2a: Jellicent|Scald|p1a: Roserade
|-crit|p1a: Roserade
|-resisted|p1a: Roserade
|-damage|p1a: Roserade|35\/262
|
|turn|24
|
|switch|p2a: Aerodactyl|Aerodactyl-Mega, M|252\/311
|move|p1a: Roserade|Giga Drain|p2a: Aerodactyl
|-damage|p2a: Aerodactyl|105\/311
|-heal|p1a: Roserade|109\/262|[from] drain|[of] p2a: Aerodactyl
|
|turn|25
|
|switch|p1a: Jirachi|Jirachi|282\/341
|move|p2a: Aerodactyl|Aerial Ace|p1a: Jirachi
|-crit|p1a: Jirachi
|-resisted|p1a: Jirachi
|-damage|p1a: Jirachi|174\/341
|
|-heal|p1a: Jirachi|195\/341|[from] item: Leftovers
|turn|26
|-message|Over Under Used forfeited.
|leave|Over Under Used
|c|âSacri'|gg
|
|win|Sacri'
|raw|Ladder updating...
|player|p2
|raw|Sacri&apos;'s rating: 1596 &rarr; <strong>1603<\/strong><br \/>(+7 for winning)
|raw|Over Under Used's rating: 1322 &rarr; <strong>1315<\/strong><br \/>(-7 for losing)