|join|Sacri'
|join|Prof Varrick
|player|p1|Sacri'|1
|player|p2|Prof Varrick|70
|gametype|singles
|gen|6
|tier|UU
|rated
|rule|Sleep Clause Mod: Limit one foe put to sleep
|rule|Species Clause: Limit one of each PokÃ©mon
|rule|OHKO Clause: OHKO moves are banned
|rule|Moody Clause: Moody is banned
|rule|Evasion Moves Clause: Evasion moves are banned
|rule|Endless Battle Clause: Forcing endless battles is banned
|rule|HP Percentage Mod: HP is shown in percentages
|clearpoke
|poke|p1|Absol, F
|poke|p1|Nidoqueen, F
|poke|p1|Roserade, M
|poke|p1|Mienshao, F
|poke|p1|Jirachi
|poke|p1|Suicune
|poke|p2|Tornadus, M
|poke|p2|Swampert, F
|poke|p2|Heliolisk, F
|poke|p2|Gorebyss, M
|poke|p2|Accelgor, F
|poke|p2|Kabutops, F
|rule|Swagger Clause: Swagger is banned
|rule|Baton Pass Clause: Limit one PokÃ©mon knowing Baton Pass
|teampreview
|c|âProf Varrick|FK
|c|âProf Varrick|not sacri
|c|âProf Varrick|-__""""""""""""""""""""""""""""""22
|
|start
|switch|p1a: Roserade|Roserade, M|262\/262
|switch|p2a: Accelgor|Accelgor, F|363\/363
|turn|1
|c|âSacri'|?
|c|âProf Varrick|im emma bae
|
|move|p2a: Accelgor|Rain Dance|p2a: Accelgor
|-weather|RainDance
|move|p1a: Roserade|Sleep Powder|p2a: Accelgor|[miss]
|-miss|p1a: Roserade|p2a: Accelgor
|
|-weather|RainDance|[upkeep]
|turn|2
|c|âSacri'|Oh
|c|âSacri'|Hi
|c|âProf Varrick|Hi
|join|Miss-C18
|
|move|p2a: Accelgor|Final Gambit|p1a: Roserade
|-enditem|p1a: Roserade|Focus Sash
|-damage|p1a: Roserade|1\/262
|faint|p2a: Accelgor
|move|p1a: Roserade|Sleep Powder|p2: Accelgor|[notarget]
|-notarget
|
|-weather|RainDance|[upkeep]
|c|âProf Varrick|im excited about losing
|c|âProf Varrick|:]
|
|switch|p2a: Kabutops|Kabutops, F|261\/261
|turn|3
|
|move|p2a: Kabutops|Waterfall|p1a: Roserade
|-resisted|p1a: Roserade
|-damage|p1a: Roserade|0 fnt
|-damage|p2a: Kabutops|235\/261|[from] item: Life Orb
|faint|p1a: Roserade
|
|-weather|RainDance|[upkeep]
|
|switch|p1a: Suicune|Suicune|404\/404
|-ability|p1a: Suicune|Pressure
|turn|4
|
|switch|p2a: Heliolisk|Heliolisk, F|265\/265
|move|p1a: Suicune|Scald|p2a: Heliolisk
|-immune|p2a: Heliolisk|[msg]
|
|-weather|RainDance|[upkeep]
|turn|5
|c|âSacri'|cancel
|join|majaspic22
|c|âSacri'|well
|c|âProf Varrick|:P
|
|switch|p1a: Nidoqueen|Nidoqueen, F|384\/384
|move|p2a: Heliolisk|Surf|p1a: Nidoqueen
|-supereffective|p1a: Nidoqueen
|-damage|p1a: Nidoqueen|0 fnt
|-damage|p2a: Heliolisk|239\/265|[from] item: Life Orb
|faint|p1a: Nidoqueen
|
|-weather|RainDance|[upkeep]
|-heal|p2a: Heliolisk|265\/265|[from] ability: Dry Skin
|c|âProf Varrick|that kills apparently
|
|switch|p1a: Mienshao|Mienshao, F|271\/271
|turn|6
|
|switch|p2a: Tornadus|Tornadus, M|299\/299
|move|p1a: Mienshao|High Jump Kick|p2a: Tornadus
|-resisted|p2a: Tornadus
|-damage|p2a: Tornadus|134\/299
|
|-weather|RainDance|[upkeep]
|turn|7
|
|move|p1a: Mienshao|High Jump Kick|p2a: Tornadus
|-crit|p2a: Tornadus
|-resisted|p2a: Tornadus
|-damage|p2a: Tornadus|0 fnt
|faint|p2a: Tornadus
|
|-weather|RainDance|[upkeep]
|c|âProf Varrick|fucking cancel
|c|âSacri'|yeah
|c|âProf Varrick|zzzzzzzzzzzzzzzzzzz
|
|switch|p2a: Swampert|Swampert, F|341\/341
|turn|8
|c|âSacri'|Nidoqueen is alive without this cancel
|
|switch|p1a: Suicune|Suicune|404\/404
|-ability|p1a: Suicune|Pressure
|detailschange|p2a: Swampert|Swampert-Mega, F
|-mega|p2a: Swampert|Swampert|Swampertite
|move|p2a: Swampert|Earthquake|p1a: Suicune
|-damage|p1a: Suicune|259\/404
|
|-weather|none
|-heal|p1a: Suicune|284\/404|[from] item: Leftovers
|turn|9
|c|âProf Varrick|:\/
|
|switch|p1a: Mienshao|Mienshao, F|271\/271
|move|p2a: Swampert|Rain Dance|p2a: Swampert
|-weather|RainDance
|
|-weather|RainDance|[upkeep]
|turn|10
|
|switch|p1a: Jirachi|Jirachi|341\/341
|move|p2a: Swampert|Earthquake|p1a: Jirachi
|-supereffective|p1a: Jirachi
|-damage|p1a: Jirachi|0 fnt
|faint|p1a: Jirachi
|
|-weather|RainDance|[upkeep]
|
|switch|p1a: Suicune|Suicune|284\/404
|-ability|p1a: Suicune|Pressure
|turn|11
|c|âProf Varrick|zz can i actually win???
|c|âSacri'|probably
|
|move|p2a: Swampert|Earthquake|p1a: Suicune
|-damage|p1a: Suicune|152\/404
|move|p1a: Suicune|Scald|p2a: Swampert
|-damage|p2a: Swampert|215\/341
|
|-weather|RainDance|[upkeep]
|-heal|p1a: Suicune|177\/404|[from] item: Leftovers
|turn|12
|c|âSacri'|Today it's not my day
|
|move|p2a: Swampert|Earthquake|p1a: Suicune
|-damage|p1a: Suicune|44\/404
|move|p1a: Suicune|Scald|p2a: Swampert
|-damage|p2a: Swampert|98\/341
|
|-weather|RainDance|[upkeep]
|-heal|p1a: Suicune|69\/404|[from] item: Leftovers
|turn|13
|c|âProf Varrick|well im a choke lord
|
|move|p2a: Swampert|Earthquake|p1a: Suicune
|-damage|p1a: Suicune|0 fnt
|faint|p1a: Suicune
|
|-weather|none
|c|âProf Varrick|yeah i choekd
|
|switch|p1a: Absol|Absol, F|271\/271
|turn|14
|
|detailschange|p1a: Absol|Absol-Mega, F
|-mega|p1a: Absol|Absol|Absolite
|move|p1a: Absol|Sucker Punch|p2a: Swampert
|-fail|p2a: Swampert
|move|p2a: Swampert|Rain Dance|p2a: Swampert
|-weather|RainDance
|
|-weather|RainDance|[upkeep]
|turn|15
|c|âProf Varrick|no you choked
|c| majaspic22|lol
|c|âSacri'|yeah
|c|âProf Varrick|you outspeed
|
|move|p1a: Absol|Sucker Punch|p2a: Swampert
|-damage|p2a: Swampert|0 fnt
|faint|p2a: Swampert
|
|-weather|RainDance|[upkeep]
|c|âProf Varrick|why didnt u knock
|join|iMeridian
|
|switch|p2a: Kabutops|Kabutops, F|235\/261
|turn|16
|c|âSacri'|Idk
|c|âSacri'|No logiq in a choke
|c|âSacri'|^:
|c|âProf Varrick|:[ zzz gg?
|
|move|p2a: Kabutops|Aqua Jet|p1a: Absol
|-damage|p1a: Absol|64\/271
|-damage|p2a: Kabutops|209\/261|[from] item: Life Orb
|move|p1a: Absol|Sucker Punch|p2a: Kabutops
|-fail|p2a: Kabutops
|
|-weather|RainDance|[upkeep]
|turn|17
|c|âSacri'|yeah, great battle imo
|c|âSacri'|^:
|c|âProf Varrick|haha :]
|
|move|p2a: Kabutops|Aqua Jet|p1a: Absol
|-damage|p1a: Absol|0 fnt
|-damage|p2a: Kabutops|183\/261|[from] item: Life Orb
|faint|p1a: Absol
|
|-weather|RainDance|[upkeep]
|c|âSacri'|choke to choke
|c|âProf Varrick|cancel needs to be fixed asap
|join|La Nuclearite
|c|âSacri'|yeah
|
|switch|p1a: Mienshao|Mienshao, F|271\/271
|turn|18
|
|move|p2a: Kabutops|Waterfall|p1a: Mienshao
|-damage|p1a: Mienshao|0 fnt
|-damage|p2a: Kabutops|157\/261|[from] item: Life Orb
|faint|p1a: Mienshao
|
|win|Prof Varrick
|raw|Ladder updating...
|raw|Sacri&apos;'s rating: 1588 &rarr; <strong>1556<\/strong><br \/>(-32 for losing)
|raw|Prof Varrick's rating: 1345 &rarr; <strong>1377<\/strong><br \/>(+32 for winning)
|c|âProf Varrick|gg
|c|âSacri'|gg
|leave|Miss-C18
|leave|Prof Varrick
|join|Shaarka
|join|Prof Varrick
|player|p2