|join|MAJORTFC
|join|Sacri'
|player|p1|MAJORTFC|7
|player|p2|Sacri'|265
|gametype|singles
|gen|6
|tier|UU
|rule|Sleep Clause Mod: Limit one foe put to sleep
|rule|Species Clause: Limit one of each PokÃ©mon
|rule|OHKO Clause: OHKO moves are banned
|rule|Moody Clause: Moody is banned
|rule|Evasion Moves Clause: Evasion moves are banned
|rule|Endless Battle Clause: Forcing endless battles is banned
|rule|HP Percentage Mod: HP is shown in percentages
|clearpoke
|poke|p1|Entei, shiny
|poke|p1|Quagsire, F
|poke|p1|Audino, F
|poke|p1|Spiritomb, M
|poke|p1|Skuntank, F
|poke|p1|Pidgeot, F
|poke|p2|Absol, F
|poke|p2|Nidoqueen, F
|poke|p2|Suicune
|poke|p2|Roserade, M
|poke|p2|Mienshao, F
|poke|p2|Jirachi
|rule|Swagger Clause: Swagger is banned
|rule|Baton Pass Clause: Limit one PokÃ©mon knowing Baton Pass
|teampreview
|join|raziel54
|c|âMAJORTFC|gl hf
|join|B Miror B
|c|âSacri'|hf
|c| B Miror B|cc sacri
|join|chucknorissite
|c|âSacri'|yo
|c| B Miror B|hf les deux
|join|Momoshiro
|join|mgarcano
|
|start
|switch|p1a: Entei|Entei, shiny|371\/371
|switch|p2a: Mienshao|Mienshao, F|271\/271
|-ability|p1a: Entei|Pressure
|turn|1
|join|frtydrtydc
|
|move|p2a: Mienshao|U-turn|p1a: Entei
|-resisted|p1a: Entei
|-damage|p1a: Entei|326\/371
|
|switch|p2a: Suicune|Suicune|404\/404
|-ability|p2a: Suicune|Pressure
|move|p1a: Entei|Sacred Fire|p2a: Suicune
|-resisted|p2a: Suicune
|-damage|p2a: Suicune|322\/404
|-damage|p1a: Entei|289\/371|[from] item: Life Orb
|
|-heal|p2a: Suicune|347\/404|[from] item: Leftovers
|turn|2
|join|ytreza
|
|switch|p1a: Audino|Audino, F|410\/410
|move|p2a: Suicune|Scald|p1a: Audino
|-damage|p1a: Audino|344\/410
|
|-heal|p2a: Suicune|372\/404|[from] item: Leftovers
|-heal|p1a: Audino|369\/410|[from] item: Leftovers
|turn|3
|c|âSacri'|Tu m'expliques comment tu passes Suicune ? a:
|
|move|p2a: Suicune|Calm Mind|p2a: Suicune
|-boost|p2a: Suicune|spa|1
|-boost|p2a: Suicune|spd|1
|move|p1a: Audino|Knock Off|p2a: Suicune
|-crit|p2a: Suicune
|-damage|p2a: Suicune|325\/404
|-enditem|p2a: Suicune|Leftovers|[from] move: Knock Off|[of] p1a: Audino
|
|-heal|p1a: Audino|394\/410|[from] item: Leftovers
|turn|4
|
|move|p2a: Suicune|Calm Mind|p2a: Suicune
|-boost|p2a: Suicune|spa|1
|-boost|p2a: Suicune|spd|1
|move|p1a: Audino|Wish|p1a: Audino
|
|-heal|p1a: Audino|410\/410|[from] item: Leftovers
|turn|5
|
|switch|p1a: Quagsire|Quagsire, F|363\/363
|move|p2a: Suicune|Scald|p1a: Quagsire
|-damage|p1a: Quagsire|284\/363
|
|-heal|p1a: Quagsire|363\/363|[from] move: Wish|[wisher] Audino
|turn|6
|
|move|p2a: Suicune|Scald|p1a: Quagsire
|-damage|p1a: Quagsire|276\/363
|-status|p1a: Quagsire|brn
|move|p1a: Quagsire|Infestation|p2a: Suicune
|-damage|p2a: Suicune|312\/404
|-activate|p2a: Suicune|move: Infestation|[of] p1a: Quagsire
|
|-damage|p1a: Quagsire|231\/363 brn|[from] brn
|-damage|p2a: Suicune|262\/404|[from] move: Infestation|[partiallytrapped]
|turn|7
|c|âMAJORTFC|comme ca
|c| B Miror B|(mdr)
|c|âSacri'|^:
|leave|mgarcano
|
|move|p2a: Suicune|Scald|p1a: Quagsire
|-damage|p1a: Quagsire|150\/363 brn
|move|p1a: Quagsire|Recover|p1a: Quagsire
|-heal|p1a: Quagsire|332\/363 brn
|
|-damage|p1a: Quagsire|287\/363 brn|[from] brn
|-damage|p2a: Suicune|212\/404|[from] move: Infestation|[partiallytrapped]
|turn|8
|
|move|p2a: Suicune|Rest|p2a: Suicune
|-status|p2a: Suicune|slp
|-heal|p2a: Suicune|404\/404 slp|[silent]
|-status|p2a: Suicune|slp|[from] move: Rest
|move|p1a: Quagsire|Recover|p1a: Quagsire
|-heal|p1a: Quagsire|363\/363 brn
|
|-damage|p1a: Quagsire|318\/363 brn|[from] brn
|-damage|p2a: Suicune|354\/404 slp|[from] move: Infestation|[partiallytrapped]
|turn|9
|c|âSacri'|Le pire
|c|âSacri'|C'est que mÃªme si je te fais rien
|c|âSacri'|Si j'ai envie je peux rester
|c|âSacri'|Et pp wast
|c|âSacri'|Mais j'ai pas envie
|
|switch|p1a: Audino|Audino, F|410\/410
|cant|p2a: Suicune|slp
|
|-end|p2a: Suicune|Infestation|[partiallytrapped]
|turn|10
|c| ytreza|t'as pas trop le choix aussi
|
|cant|p2a: Suicune|slp
|move|p2a: Suicune|Sleep Talk|p2a: Suicune
|move|p2a: Suicune|Scald|p1a: Audino|[from]Sleep Talk
|-damage|p1a: Audino|283\/410
|move|p1a: Audino|Heal Bell|p1a: Audino
|-cureteam|p1a: Audino|[from] move: HealBell
|
|-heal|p1a: Audino|308\/410|[from] item: Leftovers
|turn|11
|
|switch|p2a: Roserade|Roserade, M|262\/262
|switch|p1a: Quagsire|Quagsire, F|318\/363
|
|turn|12
|c|âSacri'|slt
|
|switch|p1a: Skuntank|Skuntank, F|410\/410
|move|p2a: Roserade|Sleep Powder|p1a: Skuntank
|-status|p1a: Skuntank|slp
|
|turn|13
|
|switch|p2a: Nidoqueen|Nidoqueen, F|384\/384
|switch|p1a: Audino|Audino, F|410\/410
|
|turn|14
|c| B Miror B|45 victoires d'affilÃ©es olala
|c|âSacri'|Legit
|
|move|p2a: Nidoqueen|Stealth Rock|p1a: Audino
|-sidestart|p1: MAJORTFC|move: Stealth Rock
|move|p1a: Audino|Heal Bell|p1a: Audino
|-cureteam|p1a: Audino|[from] move: HealBell
|
|turn|15
|c|âSacri'|^:
|join|I'm a Pixel Girl
|
|switch|p1a: Skuntank|Skuntank, F|410\/410
|-damage|p1a: Skuntank|359\/410|[from] Stealth Rock
|move|p2a: Nidoqueen|Sludge Wave|p1a: Skuntank
|-resisted|p1a: Skuntank
|-damage|p1a: Skuntank|203\/410
|
|-heal|p1a: Skuntank|228\/410|[from] item: Black Sludge
|turn|16
|
|switch|p1a: Pidgeot|Pidgeot, F|308\/308
|-damage|p1a: Pidgeot|231\/308|[from] Stealth Rock
|move|p2a: Nidoqueen|Earth Power|p1a: Pidgeot
|-immune|p1a: Pidgeot|[msg]
|
|turn|17
|
|detailschange|p1a: Pidgeot|Pidgeot-Mega, F
|-mega|p1a: Pidgeot|Pidgeot|Pidgeotite
|move|p1a: Pidgeot|Hurricane|p2a: Nidoqueen
|-crit|p2a: Nidoqueen
|-damage|p2a: Nidoqueen|0 fnt
|faint|p2a: Nidoqueen
|
|c| B Miror B|ceci explique cela ^^
|c|âSacri'|C'est dur la vie
|c|âSacri'|Le crit est rÃ©el
|
|switch|p2a: Mienshao|Mienshao, F|271\/271
|turn|18
|c|âSacri'|C'est clair que
|c|âSacri'|Win en faisant des crits Ã§a perd de sa gloire
|
|switch|p1a: Spiritomb|Spiritomb, M|304\/304
|-damage|p1a: Spiritomb|266\/304|[from] Stealth Rock
|move|p2a: Mienshao|High Jump Kick|p1a: Spiritomb
|-immune|p1a: Spiritomb|[msg]
|-damage|p2a: Mienshao|136\/271|[from] highjumpkick
|
|turn|19
|c|âSacri'|oh
|c|âSacri'|Il reste mÃªme pas
|c|âSacri'|Je suis dÃ©Ã§u
|
|move|p1a: Spiritomb|Pursuit|p2a: Mienshao|[from]Pursuit
|-resisted|p2a: Mienshao
|-damage|p2a: Mienshao|1\/271
|switch|p2a: Suicune|Suicune|354\/404 slp
|-ability|p2a: Suicune|Pressure
|
|turn|20
|c| ytreza|u_u
|c|âSacri'|!!!!!
|c|âMAJORTFC|lol 1
|c| B Miror B|ct team
|
|switch|p1a: Skuntank|Skuntank, F|228\/410
|-damage|p1a: Skuntank|177\/410|[from] Stealth Rock
|-curestatus|p2a: Suicune|slp
|move|p2a: Suicune|Scald|p1a: Skuntank
|-crit|p1a: Skuntank
|-damage|p1a: Skuntank|0 fnt
|faint|p1a: Skuntank
|
|c|âSacri'|++
|c|âMAJORTFC|ce crit
|c| I'm a Pixel Girl|je comprends mieux
|c|âSacri'|Mdr
|c| B Miror B|MDR
|c| I'm a Pixel Girl|pourquoi tu as win 45 victoire d affile
|c| frtydrtydc|rofl
|
|switch|p1a: Quagsire|Quagsire, F|318\/363
|-damage|p1a: Quagsire|296\/363|[from] Stealth Rock
|turn|21
|c|âSacri'|Tu veux qu'on en parle du crit sur Queen ?
|c|âSacri'|:')
|c|âMAJORTFC|a
|c| I'm a Pixel Girl|sans te vexer
|
|switch|p2a: Roserade|Roserade, M|262\/262
|move|p1a: Quagsire|Earth Power|p2a: Roserade
|-damage|p2a: Roserade|180\/262
|
|turn|22
|
|move|p2a: Roserade|Spikes|p1a: Quagsire
|-sidestart|p1: MAJORTFC|Spikes
|move|p1a: Quagsire|Scald|p2a: Roserade
|-resisted|p2a: Roserade
|-damage|p2a: Roserade|140\/262
|
|turn|23
|
|move|p2a: Roserade|Giga Drain|p1a: Quagsire
|-supereffective|p1a: Quagsire
|-damage|p1a: Quagsire|0 fnt
|-heal|p2a: Roserade|262\/262|[from] drain|[of] p1a: Quagsire
|faint|p1a: Quagsire
|
|c|âSacri'|^:
|c| B Miror B|Et sans crit !
|
|switch|p1a: Pidgeot|Pidgeot-Mega, F|231\/308
|-damage|p1a: Pidgeot|154\/308|[from] Stealth Rock
|turn|24
|c|âSacri'|!!!!
|c| ytreza|tiens
|
|move|p1a: Pidgeot|Heat Wave|p2a: Roserade
|-supereffective|p2a: Roserade
|-damage|p2a: Roserade|12\/262
|move|p2a: Roserade|Sludge Bomb|p1a: Pidgeot
|-damage|p1a: Pidgeot|0 fnt
|faint|p1a: Pidgeot
|
|c| ytreza|il prend 25%
|c| ytreza|et pas 24.bidule
|
|switch|p1a: Spiritomb|Spiritomb, M|266\/304
|-damage|p1a: Spiritomb|228\/304|[from] Stealth Rock
|-damage|p1a: Spiritomb|190\/304|[from] Spikes
|turn|25
|c|âSacri'|(C'Ã©tait pas un random play, je suis restÃ© parce que je suis sashed)
|
|move|p1a: Spiritomb|Shadow Sneak|p2a: Roserade
|-damage|p2a: Roserade|0 fnt
|faint|p2a: Roserade
|
|
|switch|p2a: Absol|Absol, F|271\/271
|turn|26
|c|âSacri'|J'ai gagnÃ© je crois
|c|âSacri'|C'Ã©tait dur
|c| ytreza|lel
|c|âMAJORTFC|wai
|
|switch|p1a: Entei|Entei, shiny|289\/371
|-damage|p1a: Entei|197\/371|[from] Stealth Rock
|-damage|p1a: Entei|151\/371|[from] Spikes
|-ability|p1a: Entei|Pressure
|detailschange|p2a: Absol|Absol-Mega, F
|-mega|p2a: Absol|Absol|Absolite
|move|p2a: Absol|Play Rough|p1a: Entei
|-resisted|p1a: Entei
|-damage|p1a: Entei|87\/371
|
|turn|27
|
|switch|p2a: Suicune|Suicune|354\/404
|-ability|p2a: Suicune|Pressure
|move|p1a: Entei|Extreme Speed|p2a: Suicune
|-damage|p2a: Suicune|277\/404
|-damage|p1a: Entei|50\/371|[from] item: Life Orb
|
|turn|28
|
|move|p1a: Entei|Stone Edge|p2a: Suicune
|-damage|p2a: Suicune|173\/404
|-damage|p1a: Entei|13\/371|[from] item: Life Orb
|move|p2a: Suicune|Scald|p1a: Entei
|-supereffective|p1a: Entei
|-damage|p1a: Entei|0 fnt
|faint|p1a: Entei
|
|c| B Miror B|imo tu vas perdre sur un crit
|c|âSacri'|Non
|
|switch|p1a: Audino|Audino, F|410\/410
|-damage|p1a: Audino|359\/410|[from] Stealth Rock
|-damage|p1a: Audino|308\/410|[from] Spikes
|turn|29
|c| B Miror B|(jk)
|c|âSacri'|LÃ  il peut faire tout les crit qu'il veut
|c|âSacri'|J'ai gagnÃ© c'est tout
|c|âSacri'|^:
|
|switch|p2a: Absol|Absol-Mega, F|271\/271
|move|p1a: Audino|Wish|p1a: Audino
|
|-heal|p1a: Audino|333\/410|[from] item: Leftovers
|turn|30
|c|âMAJORTFC|je pense que wai gg
|c|âSacri'|Je vais finir avec Absol,
|c| B Miror B|et c'est lÃ  il te sort le fameux Audino Water Absorb
|leave|Momoshiro
|c|âSacri'|Vu qu'il est mono attacker sur knock off
|
|move|p2a: Absol|Swords Dance|p2a: Absol
|-boost|p2a: Absol|atk|2
|move|p1a: Audino|Hyper Voice|p2a: Absol
|-damage|p2a: Absol|171\/271
|
|-heal|p1a: Audino|410\/410|[from] move: Wish|[wisher] Audino
|turn|31
|c|âSacri'|LOL
|c| B Miror B|xD
|
|move|p2a: Absol|Knock Off|p1a: Audino
|-damage|p1a: Audino|11\/410
|-enditem|p1a: Audino|Leftovers|[from] move: Knock Off|[of] p2a: Absol
|move|p1a: Audino|Hyper Voice|p2a: Absol
|-damage|p2a: Absol|71\/271
|
|turn|32
|c| B Miror B|c'est un Audino de Nature Gentil imo
|
|move|p2a: Absol|Knock Off|p1a: Audino
|-crit|p1a: Audino
|-damage|p1a: Audino|0 fnt
|faint|p1a: Audino
|
|c|âMAJORTFC|no
|c|âSacri'|:')))
|c| raziel54|J'ai une question Suicune sleep talker est plus jouÃ© avec toxic ou ice beam en general?
|c| B Miror B|euh
|
|switch|p1a: Spiritomb|Spiritomb, M|190\/304
|-damage|p1a: Spiritomb|152\/304|[from] Spikes
|-damage|p1a: Spiritomb|114\/304|[from] Stealth Rock
|turn|33
|c|âMAJORTFC|ice beam
|c| B Miror B|PlÃ©nitude et Ebullition
|c|âMAJORTFC|pour scald
|c| B Miror B|xD
|c|âSacri'|Le set c'est Calm Mind\/Rest\/Sleep Talk\/Scald
|c|âSacri'|Et MAJORFTC stop dire de la merde
|c|âMAJORTFC|revanche
|c| raziel54|ok merci
|c|âSacri'|On joue pas suicune sleep talker ice beam
|
|move|p2a: Absol|Sucker Punch|p1a: Spiritomb
|-damage|p1a: Spiritomb|0 fnt
|faint|p1a: Spiritomb
|
|win|Sacri'
|c|âSacri'|Revanche si tu veux
|c|âSacri'|J'ai pas fini de rire
|c|âMAJORTFC|dernier combat ice beam sleep talk repos scald
|c| B Miror B|lol
|c|âMAJORTFC|alors voila plus rien ne m etonne
|c| B Miror B|randomness de l'infini
|c|âSacri'|trÃ¨s
|c|âMAJORTFC|