|join|Sacri'
|join|SDF
|player|p1|Sacri'|2
|player|p2|SDF|168
|gametype|singles
|gen|6
|tier|UU
|rated
|rule|Sleep Clause Mod: Limit one foe put to sleep
|rule|Species Clause: Limit one of each PokÃ©mon
|rule|OHKO Clause: OHKO moves are banned
|rule|Moody Clause: Moody is banned
|rule|Evasion Moves Clause: Evasion moves are banned
|rule|Endless Battle Clause: Forcing endless battles is banned
|rule|HP Percentage Mod: HP is shown in percentages
|clearpoke
|poke|p1|Absol, F
|poke|p1|Nidoqueen, F
|poke|p1|Chandelure, F
|poke|p1|Togetic, F
|poke|p1|Vaporeon, F
|poke|p1|Haxorus, F
|poke|p2|Mienshao, M
|poke|p2|Raikou
|poke|p2|Crobat, M
|poke|p2|Jirachi
|poke|p2|Suicune
|poke|p2|Entei, shiny
|rule|Swagger Clause: Swagger is banned
|rule|Baton Pass Clause: Limit one PokÃ©mon knowing Baton Pass
|teampreview
|
|start
|switch|p1a: Vaporeon|Vaporeon, F|464\/464
|switch|p2a: Mienshao|Mienshao, M|271\/271
|turn|1
|
|move|p1a: Vaporeon|Protect|p1a: Vaporeon
|-singleturn|p1a: Vaporeon|Protect
|move|p2a: Mienshao|Knock Off|p1a: Vaporeon
|-activate|p1a: Vaporeon|Protect
|
|turn|2
|
|switch|p1a: Absol|Absol, F|271\/271
|move|p2a: Mienshao|U-turn|p1a: Absol
|-supereffective|p1a: Absol
|-damage|p1a: Absol|0 fnt
|-damage|p2a: Mienshao|244\/271|[from] item: Life Orb
|faint|p1a: Absol
|c|âSacri'|Not a scarf
|c|âSacri'|Oo
|
|switch|p2a: Crobat|Crobat, M|335\/335
|
|
|switch|p1a: Nidoqueen|Nidoqueen, F|384\/384
|turn|3
|
|move|p2a: Crobat|U-turn|p1a: Nidoqueen
|-resisted|p1a: Nidoqueen
|-damage|p1a: Nidoqueen|353\/384
|
|switch|p2a: Jirachi|Jirachi|404\/404
|move|p1a: Nidoqueen|Stealth Rock|p2a: Jirachi
|-sidestart|p2: SDF|move: Stealth Rock
|
|turn|4
|
|move|p2a: Jirachi|Stealth Rock|p1a: Nidoqueen
|-sidestart|p1: Sacri'|move: Stealth Rock
|move|p1a: Nidoqueen|Earth Power|p2a: Jirachi
|-supereffective|p2a: Jirachi
|-damage|p2a: Jirachi|89\/404
|
|-heal|p2a: Jirachi|114\/404|[from] item: Leftovers
|turn|5
|
|move|p2a: Jirachi|Psyshock|p1a: Nidoqueen
|-supereffective|p1a: Nidoqueen
|-damage|p1a: Nidoqueen|143\/384
|move|p1a: Nidoqueen|Ice Beam|p2a: Jirachi
|-resisted|p2a: Jirachi
|-damage|p2a: Jirachi|66\/404
|
|-heal|p2a: Jirachi|91\/404|[from] item: Leftovers
|turn|6
|
|switch|p1a: Vaporeon|Vaporeon, F|464\/464
|-damage|p1a: Vaporeon|406\/464|[from] Stealth Rock
|move|p2a: Jirachi|Psyshock|p1a: Vaporeon
|-crit|p1a: Vaporeon
|-damage|p1a: Vaporeon|262\/464
|
|-heal|p2a: Jirachi|116\/404|[from] item: Leftovers
|-heal|p1a: Vaporeon|291\/464|[from] item: Leftovers
|turn|7
|
|move|p2a: Jirachi|Toxic|p1a: Vaporeon
|-status|p1a: Vaporeon|tox
|move|p1a: Vaporeon|Scald|p2a: Jirachi
|-crit|p2a: Jirachi
|-damage|p2a: Jirachi|0 fnt
|faint|p2a: Jirachi
|
|-heal|p1a: Vaporeon|320\/464 tox|[from] item: Leftovers
|-damage|p1a: Vaporeon|291\/464 tox|[from] psn
|
|switch|p2a: Mienshao|Mienshao, M|271\/271
|-damage|p2a: Mienshao|255\/271|[from] Stealth Rock
|turn|8
|
|move|p2a: Mienshao|Fake Out|p1a: Vaporeon
|-damage|p1a: Vaporeon|230\/464 tox
|-damage|p2a: Mienshao|228\/271|[from] item: Life Orb
|cant|p1a: Vaporeon|flinch
|
|-heal|p1a: Vaporeon|259\/464 tox|[from] item: Leftovers
|-damage|p1a: Vaporeon|201\/464 tox|[from] psn
|turn|9
|
|move|p2a: Mienshao|Knock Off|p1a: Vaporeon
|-damage|p1a: Vaporeon|50\/464 tox
|-enditem|p1a: Vaporeon|Leftovers|[from] move: Knock Off|[of] p2a: Mienshao
|-damage|p2a: Mienshao|201\/271|[from] item: Life Orb
|move|p1a: Vaporeon|Wish|p1a: Vaporeon
|
|-damage|p1a: Vaporeon|0 fnt|[from] psn
|faint|p1a: Vaporeon
|
|switch|p1a: Togetic|Togetic, F|314\/314
|-damage|p1a: Togetic|236\/314|[from] Stealth Rock
|turn|10
|
|move|p2a: Mienshao|U-turn|p1a: Togetic
|-resisted|p1a: Togetic
|-damage|p1a: Togetic|217\/314
|-damage|p2a: Mienshao|174\/271|[from] item: Life Orb
|
|switch|p2a: Suicune|Suicune|404\/404
|-damage|p2a: Suicune|354\/404|[from] Stealth Rock
|-ability|p2a: Suicune|Pressure
|move|p1a: Togetic|Dazzling Gleam|p2a: Suicune
|-damage|p2a: Suicune|284\/404
|
|-heal|p1a: Togetic|314\/314|[from] move: Wish|[wisher] Vaporeon
|-heal|p2a: Suicune|309\/404|[from] item: Leftovers
|turn|11
|
|switch|p1a: Haxorus|Haxorus, F|294\/294
|-damage|p1a: Haxorus|258\/294|[from] Stealth Rock
|-ability|p1a: Haxorus|Mold Breaker
|move|p2a: Suicune|Calm Mind|p2a: Suicune
|-boost|p2a: Suicune|spa|1
|-boost|p2a: Suicune|spd|1
|
|-heal|p2a: Suicune|334\/404|[from] item: Leftovers
|turn|12
|
|move|p1a: Haxorus|Dragon Dance|p1a: Haxorus
|-boost|p1a: Haxorus|atk|1
|-boost|p1a: Haxorus|spe|1
|move|p2a: Suicune|Scald|p1a: Haxorus
|-resisted|p1a: Haxorus
|-damage|p1a: Haxorus|167\/294
|
|-heal|p2a: Suicune|359\/404|[from] item: Leftovers
|turn|13
|
|move|p1a: Haxorus|Outrage|p2a: Suicune
|-damage|p2a: Suicune|95\/404
|move|p2a: Suicune|Calm Mind|p2a: Suicune
|-boost|p2a: Suicune|spa|1
|-boost|p2a: Suicune|spd|1
|
|-heal|p2a: Suicune|120\/404|[from] item: Leftovers
|turn|14
|
|move|p1a: Haxorus|Outrage|p2a: Suicune
|-damage|p2a: Suicune|0 fnt
|faint|p2a: Suicune
|
|-end|p1a: Haxorus|rampage
|-start|p1a: Haxorus|confusion
|
|switch|p2a: Mienshao|Mienshao, M|264\/271
|-enditem|p1a: Haxorus|Lum Berry|[eat]
|-end|p1a: Haxorus|confusion
|-damage|p2a: Mienshao|248\/271|[from] Stealth Rock
|turn|15
|
|move|p2a: Mienshao|Fake Out|p1a: Haxorus
|-damage|p1a: Haxorus|102\/294
|-damage|p2a: Mienshao|221\/271|[from] item: Life Orb
|cant|p1a: Haxorus|flinch
|
|turn|16
|
|switch|p2a: Crobat|Crobat, M|335\/335
|-damage|p2a: Crobat|252\/335|[from] Stealth Rock
|move|p1a: Haxorus|Outrage|p2a: Crobat
|-damage|p2a: Crobat|0 fnt
|faint|p2a: Crobat
|
|
|switch|p2a: Entei|Entei, shiny|371\/371
|-damage|p2a: Entei|279\/371|[from] Stealth Rock
|-ability|p2a: Entei|Pressure
|turn|17
|
|move|p2a: Entei|Extreme Speed|p1a: Haxorus
|-damage|p1a: Haxorus|0 fnt
|faint|p1a: Haxorus
|
|
|switch|p1a: Chandelure|Chandelure, F|262\/262
|-damage|p1a: Chandelure|197\/262|[from] Stealth Rock
|turn|18
|
|switch|p2a: Raikou|Raikou|321\/321
|-damage|p2a: Raikou|281\/321|[from] Stealth Rock
|-ability|p2a: Raikou|Pressure
|move|p1a: Chandelure|Fire Blast|p2a: Raikou
|-damage|p2a: Raikou|53\/321
|
|-heal|p1a: Chandelure|213\/262|[from] item: Leftovers
|turn|19
|
|switch|p1a: Nidoqueen|Nidoqueen, F|143\/384
|-damage|p1a: Nidoqueen|119\/384|[from] Stealth Rock
|move|p2a: Raikou|Shadow Ball|p1a: Nidoqueen
|-damage|p1a: Nidoqueen|0 fnt
|faint|p1a: Nidoqueen
|
|
|switch|p1a: Togetic|Togetic, F|314\/314
|-damage|p1a: Togetic|236\/314|[from] Stealth Rock
|turn|20
|
|move|p2a: Raikou|Shadow Ball|p1a: Togetic
|-damage|p1a: Togetic|174\/314
|-unboost|p1a: Togetic|spd|1
|move|p1a: Togetic|Thunder Wave|p2a: Raikou
|-fail|p2a: Raikou
|
|turn|21
|
|move|p2a: Raikou|Shadow Ball|p1a: Togetic
|-damage|p1a: Togetic|77\/314
|-unboost|p1a: Togetic|spd|1
|move|p1a: Togetic|Roost|p1a: Togetic
|-heal|p1a: Togetic|234\/314
|
|turn|22
|
|move|p2a: Raikou|Shadow Ball|p1a: Togetic
|-damage|p1a: Togetic|112\/314
|move|p1a: Togetic|Dazzling Gleam|p2a: Raikou
|-damage|p2a: Raikou|0 fnt
|faint|p2a: Raikou
|
|-message|Sacri' forfeited.
|leave|Sacri'
|
|switch|p2a: Mienshao|Mienshao, M|271\/271
|-damage|p2a: Mienshao|255\/271|[from] Stealth Rock
|turn|23
|
|win|SDF
|raw|Ladder updating...
|player|p1
|raw|Sacri&apos;'s rating: 1550 &rarr; <strong>1519<\/strong><br \/>(-31 for losing)
|raw|SDF's rating: 1337 &rarr; <strong>1368<\/strong><br \/>(+31 for winning)