|join|jiersel2
|join|bscs1
|player|p1|jiersel2|70
|player|p2|bscs1|148
|gametype|singles
|gen|6
|tier|ORAS OU
|rated
|rule|Sleep Clause Mod: Limit one foe put to sleep
|rule|Species Clause: Limit one of each PokÃ©mon
|rule|OHKO Clause: OHKO moves are banned
|rule|Moody Clause: Moody is banned
|rule|Evasion Moves Clause: Evasion moves are banned
|rule|Endless Battle Clause: Forcing endless battles is banned
|rule|HP Percentage Mod: HP is shown in percentages
|clearpoke
|poke|p1|Gallade, M
|poke|p1|Tyranitar, M
|poke|p1|Gengar, M
|poke|p1|Magnezone
|poke|p1|Skarmory, M
|poke|p1|Latios, M
|poke|p2|Talonflame, M
|poke|p2|Roserade, F
|poke|p2|Magnezone
|poke|p2|Azumarill, F
|poke|p2|Garchomp, F
|poke|p2|Gallade, M
|rule|Swagger Clause: Swagger is banned
|rule|Baton Pass Clause: Limit one PokÃ©mon knowing Baton Pass
|teampreview
|c|âjiersel2|glhf
|c|âbscs1|gl too
|
|start
|switch|p1a: Tyranitar|Tyranitar, M|404\/404
|switch|p2a: Talonflame|Talonflame, M|297\/297
|-weather|Sandstorm
|turn|1
|
|switch|p2a: Gallade|Gallade, M|278\/278
|move|p1a: Tyranitar|Stealth Rock|p2a: Gallade
|-sidestart|p2: bscs1|move: Stealth Rock
|
|-weather|Sandstorm|[upkeep]
|-damage|p2a: Gallade|261\/278|[from] sandstorm
|turn|2
|join|LOLOLoool
|
|switch|p1a: Latios|Latios, M|302\/302
|detailschange|p2a: Gallade|Gallade-Mega, M
|message|Gallade has Mega Evolved into Mega Gallade!
|move|p2a: Gallade|Knock Off|p1a: Latios
|-supereffective|p1a: Latios
|-damage|p1a: Latios|0 fnt
|-enditem|p1a: Latios|Choice Scarf|[from] move: Knock Off|[of] p2a: Gallade
|faint|p1a: Latios
|
|-weather|Sandstorm|[upkeep]
|-damage|p2a: Gallade|244\/278|[from] sandstorm
|
|switch|p1a: Skarmory|Skarmory, M|272\/272
|turn|3
|c| LOLOLoool|o.o
|c| LOLOLoool|lol
|
|switch|p2a: Magnezone|Magnezone|282\/282
|-damage|p2a: Magnezone|265\/282|[from] Stealth Rock
|move|p1a: Skarmory|Brave Bird|p2a: Magnezone
|-resisted|p2a: Magnezone
|-damage|p2a: Magnezone|240\/282
|-damage|p1a: Skarmory|264\/272|[from] recoil|[of] p2a: Magnezone
|
|-weather|Sandstorm|[upkeep]
|turn|4
|
|move|p2a: Magnezone|Thunderbolt|p1a: Skarmory
|-crit|p1a: Skarmory
|-supereffective|p1a: Skarmory
|-damage|p1a: Skarmory|0 fnt
|faint|p1a: Skarmory
|
|-weather|Sandstorm|[upkeep]
|
|switch|p1a: Magnezone|Magnezone|339\/339
|turn|5
|
|move|p2a: Magnezone|Thunderbolt|p1a: Magnezone
|-resisted|p1a: Magnezone
|-damage|p1a: Magnezone|202\/339
|move|p1a: Magnezone|Hidden Power|p2a: Magnezone
|-supereffective|p2a: Magnezone
|-damage|p2a: Magnezone|0 fnt
|faint|p2a: Magnezone
|
|-weather|none
|c|âbscs1|specs :P
|c| LOLOLoool|specs
|c| LOLOLoool|yea
|c| LOLOLoool|obvi
|
|switch|p2a: Gallade|Gallade-Mega, M|244\/278
|-damage|p2a: Gallade|227\/278|[from] Stealth Rock
|turn|6
|
|move|p2a: Gallade|Drain Punch|p1a: Magnezone
|-supereffective|p1a: Magnezone
|-damage|p1a: Magnezone|0 fnt
|-heal|p2a: Gallade|278\/278|[from] drain|[of] p1a: Magnezone
|faint|p1a: Magnezone
|
|
|switch|p1a: Gengar|Gengar, M|262\/262
|turn|7
|
|move|p1a: Gengar|Shadow Ball|p2a: Gallade
|-supereffective|p2a: Gallade
|-damage|p2a: Gallade|8\/278
|move|p2a: Gallade|Knock Off|p1a: Gengar
|-supereffective|p1a: Gengar
|-enditem|p1a: Gengar|Focus Sash
|-damage|p1a: Gengar|1\/262
|
|turn|8
|c| LOLOLoool|that was predictable
|
|move|p2a: Gallade|Knock Off|p1a: Gengar
|-supereffective|p1a: Gengar
|-damage|p1a: Gengar|0 fnt
|faint|p1a: Gengar
|
|
|switch|p1a: Gallade|Gallade, M|277\/277
|turn|9
|
|detailschange|p1a: Gallade|Gallade-Mega, M
|message|Gallade has Mega Evolved into Mega Gallade!
|move|p2a: Gallade|Poison Jab|p1a: Gallade
|-damage|p1a: Gallade|165\/277
|move|p1a: Gallade|Knock Off|p2a: Gallade
|-damage|p2a: Gallade|0 fnt
|faint|p2a: Gallade
|
|c|âjiersel2|no sd>
|
|switch|p2a: Azumarill|Azumarill, F|400\/400
|-damage|p2a: Azumarill|350\/400|[from] Stealth Rock
|turn|10
|c|âjiersel2|?
|
|switch|p1a: Tyranitar|Tyranitar, M|404\/404
|-weather|Sandstorm
|move|p2a: Azumarill|Play Rough|p1a: Tyranitar
|-supereffective|p1a: Tyranitar
|-damage|p1a: Tyranitar|36\/404
|
|-weather|Sandstorm|[upkeep]
|-damage|p2a: Azumarill|325\/400|[from] sandstorm
|-heal|p1a: Tyranitar|61\/404|[from] item: Leftovers
|turn|11
|
|move|p1a: Tyranitar|Stone Edge|p2a: Azumarill
|-damage|p2a: Azumarill|150\/400
|-enditem|p2a: Azumarill|Sitrus Berry|[eat]
|-heal|p2a: Azumarill|250\/400|[from] item: Sitrus Berry
|move|p2a: Azumarill|Belly Drum|p2a: Azumarill
|-damage|p2a: Azumarill|50\/400
|-setboost|p2a: Azumarill|atk|6|[from] move: Belly Drum
|
|-weather|Sandstorm|[upkeep]
|-damage|p2a: Azumarill|25\/400|[from] sandstorm
|-heal|p1a: Tyranitar|86\/404|[from] item: Leftovers
|turn|12
|
|move|p2a: Azumarill|Aqua Jet|p1a: Tyranitar
|-supereffective|p1a: Tyranitar
|-damage|p1a: Tyranitar|0 fnt
|faint|p1a: Tyranitar
|
|-weather|Sandstorm|[upkeep]
|-damage|p2a: Azumarill|0 fnt|[from] sandstorm
|faint|p2a: Azumarill
|c| LOLOLoool|aqua jet?
|c| LOLOLoool|yup
|c| LOLOLoool|gg
|
|switch|p2a: Talonflame|Talonflame, M|297\/297
|-damage|p2a: Talonflame|149\/297|[from] Stealth Rock
|switch|p1a: Gallade|Gallade-Mega, M|165\/277
|turn|13
|
|move|p2a: Talonflame|Brave Bird|p1a: Gallade
|-supereffective|p1a: Gallade
|-damage|p1a: Gallade|0 fnt
|-damage|p2a: Talonflame|95\/297|[from] recoil|[of] p1a: Gallade
|faint|p1a: Gallade
|
|win|bscs1
|raw|Ladder updating...
|raw|jiersel2's rating: 1209 &rarr; <strong>1182<\/strong><br \/>(-27 for losing)
|raw|bscs1's rating: 1182 &rarr; <strong>1209<\/strong><br \/>(+27 for winning)
|c|âbscs1|gg
|c|âjiersel2|gg