|join|jiersel2
|join|Dr jeckil
|player|p1|jiersel2|70
|player|p2|Dr jeckil|42
|gametype|singles
|gen|6
|tier|OU
|rated
|clearpoke
|poke|p1|Gallade, M
|poke|p1|Tyranitar, F
|poke|p1|Gengar, F
|poke|p1|Magnezone
|poke|p1|Skarmory, F
|poke|p1|Latios, M
|poke|p2|Chansey, F
|poke|p2|Crobat, F
|poke|p2|Gothitelle, F
|poke|p2|Scizor, M
|poke|p2|Rotom-Wash
|poke|p2|Hawlucha, M
|rule|Swagger Clause: Swagger is banned
|rule|Baton Pass Clause: Limit one PokÃ©mon knowing Baton Pass
|rule|Sleep Clause Mod: Limit one foe put to sleep
|rule|Species Clause: Limit one of each PokÃ©mon
|rule|OHKO Clause: OHKO moves are banned
|rule|Moody Clause: Moody is banned
|rule|Evasion Moves Clause: Evasion moves are banned
|rule|Endless Battle Clause: Forcing endless battles is banned
|rule|HP Percentage Mod: HP is shown in percentages
|teampreview
|
|start
|switch|p1a: Magnezone|Magnezone|339\/339
|switch|p2a: Rotom-Wash|Rotom-Wash|241\/241
|turn|1
|
|move|p2a: Rotom-Wash|Volt Switch|p1a: Magnezone
|-resisted|p1a: Magnezone
|-damage|p1a: Magnezone|275\/339
|
|switch|p2a: Chansey|Chansey, F|642\/642
|move|p1a: Magnezone|Volt Switch|p2a: Chansey
|-damage|p2a: Chansey|545\/642
|
|switch|p1a: Gallade|Gallade, M|277\/277
|
|turn|2
|
|detailschange|p1a: Gallade|Gallade-Mega, M
|message|Gallade has Mega Evolved into Mega Gallade!
|move|p1a: Gallade|Swords Dance|p1a: Gallade
|-boost|p1a: Gallade|atk|2
|move|p2a: Chansey|Stealth Rock|p1a: Gallade
|-sidestart|p1: jiersel2|move: Stealth Rock
|
|turn|3
|
|switch|p2a: Hawlucha|Hawlucha, M|299\/299
|move|p1a: Gallade|Zen Headbutt|p2a: Hawlucha
|-supereffective|p2a: Hawlucha
|-damage|p2a: Hawlucha|0 fnt
|faint|p2a: Hawlucha
|
|
|switch|p2a: Scizor|Scizor, M|343\/343
|turn|4
|
|detailschange|p2a: Scizor|Scizor-Mega, M
|message|Scizor has Mega Evolved into Mega Scizor!
|move|p1a: Gallade|Close Combat|p2a: Scizor
|-damage|p2a: Scizor|6\/343
|-unboost|p1a: Gallade|def|1
|-unboost|p1a: Gallade|spd|1
|move|p2a: Scizor|Swords Dance|p2a: Scizor
|-boost|p2a: Scizor|atk|2
|
|turn|5
|
|move|p2a: Scizor|Bullet Punch|p1a: Gallade
|-damage|p1a: Gallade|0 fnt
|faint|p1a: Gallade
|
|
|switch|p1a: Skarmory|Skarmory, F|334\/334
|-damage|p1a: Skarmory|293\/334|[from] Stealth Rock
|turn|6
|
|move|p2a: Scizor|Roost|p2a: Scizor
|-heal|p2a: Scizor|178\/343
|move|p1a: Skarmory|Defog|p2a: Scizor
|-unboost|p2a: Scizor|evasion|1
|-sideend|p1: jiersel2|Stealth Rock|[from] move: Defog|[of] p1a: Skarmory
|
|turn|7
|
|move|p2a: Scizor|Roost|p2a: Scizor
|-heal|p2a: Scizor|343\/343
|move|p1a: Skarmory|Brave Bird|p2a: Scizor
|-damage|p2a: Scizor|265\/343
|-damage|p1a: Skarmory|267\/334|[from] recoil|[of] p2a: Scizor
|
|turn|8
|
|move|p2a: Scizor|Swords Dance|p2a: Scizor
|-boost|p2a: Scizor|atk|2
|move|p1a: Skarmory|Brave Bird|p2a: Scizor
|-damage|p2a: Scizor|187\/343
|-damage|p1a: Skarmory|241\/334|[from] recoil|[of] p2a: Scizor
|
|turn|9
|
|move|p2a: Scizor|Roost|p2a: Scizor
|-heal|p2a: Scizor|343\/343
|move|p1a: Skarmory|Roost|p1a: Skarmory
|-heal|p1a: Skarmory|334\/334
|
|turn|10
|
|move|p2a: Scizor|Swords Dance|p2a: Scizor
|-boost|p2a: Scizor|atk|2
|move|p1a: Skarmory|Brave Bird|p2a: Scizor
|-damage|p2a: Scizor|274\/343
|-damage|p1a: Skarmory|311\/334|[from] recoil|[of] p2a: Scizor
|
|turn|11
|
|move|p2a: Scizor|Knock Off|p1a: Skarmory
|-damage|p1a: Skarmory|49\/334
|-damage|p2a: Scizor|217\/343|[from] item: Rocky Helmet|[of] p1a: Skarmory
|-enditem|p1a: Skarmory|Rocky Helmet|[from] move: Knock Off|[of] p2a: Scizor
|move|p1a: Skarmory|Brave Bird|p2a: Scizor
|-damage|p2a: Scizor|150\/343
|-damage|p1a: Skarmory|27\/334|[from] recoil|[of] p2a: Scizor
|
|turn|12
|
|move|p2a: Scizor|Roost|p2a: Scizor
|-heal|p2a: Scizor|322\/343
|move|p1a: Skarmory|Roost|p1a: Skarmory
|-heal|p1a: Skarmory|194\/334
|
|turn|13
|
|move|p2a: Scizor|Knock Off|p1a: Skarmory
|-damage|p1a: Skarmory|34\/334
|move|p1a: Skarmory|Roost|p1a: Skarmory
|-heal|p1a: Skarmory|201\/334
|
|turn|14
|
|move|p2a: Scizor|Knock Off|p1a: Skarmory
|-damage|p1a: Skarmory|50\/334
|move|p1a: Skarmory|Roost|p1a: Skarmory
|-heal|p1a: Skarmory|217\/334
|
|turn|15
|
|move|p2a: Scizor|Knock Off|p1a: Skarmory
|-crit|p1a: Skarmory
|-damage|p1a: Skarmory|0 fnt
|faint|p1a: Skarmory
|
|
|switch|p1a: Gengar|Gengar, F|262\/262
|turn|16
|
|move|p2a: Scizor|Bullet Punch|p1a: Gengar
|-enditem|p1a: Gengar|Focus Sash
|-damage|p1a: Gengar|1\/262
|move|p1a: Gengar|Destiny Bond|p1a: Gengar
|-singlemove|p1a: Gengar|Destiny Bond
|
|turn|17
|
|move|p1a: Gengar|Shadow Ball|p2a: Scizor
|-damage|p2a: Scizor|184\/343
|move|p2a: Scizor|Swords Dance|p2a: Scizor
|-fail|p2a: Scizor
|
|turn|18
|-message|jiersel2 forfeited.
|
|win|Dr jeckil
|raw|Ladder updating...
|leave|jiersel2
|player|p1
|raw|jiersel2's rating: 1386 &rarr; <strong>1363<\/strong><br \/>(-23 for losing)
|raw|Dr jeckil's rating: 1344 &rarr; <strong>1367<\/strong><br \/>(+23 for winning)