|join|jiersel2
|join|7777nomeL
|player|p1|jiersel2|70
|player|p2|7777nomeL|150
|gametype|singles
|gen|6
|tier|OU
|rated
|clearpoke
|poke|p1|Garchomp, M
|poke|p1|Togekiss, M
|poke|p1|Roserade, F
|poke|p1|Milotic, F
|poke|p1|Lucario, F
|poke|p1|Spiritomb, M
|poke|p2|Starmie
|poke|p2|Talonflame, M
|poke|p2|Scizor, F
|poke|p2|Dragonite, F
|poke|p2|Magnezone
|poke|p2|Azumarill, F
|rule|Swagger Clause: Swagger is banned
|rule|Baton Pass Clause: Limit one PokÃ©mon knowing Baton Pass
|rule|Sleep Clause Mod: Limit one foe put to sleep
|rule|Species Clause: Limit one of each PokÃ©mon
|rule|OHKO Clause: OHKO moves are banned
|rule|Moody Clause: Moody is banned
|rule|Evasion Moves Clause: Evasion moves are banned
|rule|Endless Battle Clause: Forcing endless battles is banned
|rule|HP Percentage Mod: HP is shown in percentages
|teampreview
|c|âjiersel2|glhf
|c|â7777nomeL|u2
|
|start
|switch|p1a: Togekiss|Togekiss, M|311\/311
|switch|p2a: Scizor|Scizor, F|343\/343
|turn|1
|
|detailschange|p2a: Scizor|Scizor-Mega, F
|message|Scizor has Mega Evolved into Mega Scizor!
|move|p2a: Scizor|Bullet Punch|p1a: Togekiss
|-supereffective|p1a: Togekiss
|-damage|p1a: Togekiss|89\/311
|move|p1a: Togekiss|Flamethrower|p2a: Scizor
|-supereffective|p2a: Scizor
|-damage|p2a: Scizor|0 fnt
|faint|p2a: Scizor
|
|
|switch|p2a: Talonflame|Talonflame, M|319\/319
|turn|2
|
|switch|p1a: Spiritomb|Spiritomb, M|304\/304
|move|p2a: Talonflame|Swords Dance|p2a: Talonflame
|-boost|p2a: Talonflame|atk|2
|
|turn|3
|
|move|p2a: Talonflame|Swords Dance|p2a: Talonflame
|-boost|p2a: Talonflame|atk|2
|move|p1a: Spiritomb|Foul Play|p2a: Talonflame
|-damage|p2a: Talonflame|0 fnt
|faint|p2a: Talonflame
|
|
|switch|p2a: Azumarill|Azumarill, F|363\/363
|turn|4
|
|move|p2a: Azumarill|Play Rough|p1a: Spiritomb
|-supereffective|p1a: Spiritomb
|-damage|p1a: Spiritomb|34\/304
|move|p1a: Spiritomb|Will-O-Wisp|p2a: Azumarill
|-status|p2a: Azumarill|brn
|
|-heal|p1a: Spiritomb|53\/304|[from] item: Leftovers
|-damage|p2a: Azumarill|318\/363 brn|[from] brn
|turn|5
|
|switch|p1a: Roserade|Roserade, F|262\/262
|move|p2a: Azumarill|Play Rough|p1a: Roserade
|-resisted|p1a: Roserade
|-damage|p1a: Roserade|198\/262
|
|-damage|p2a: Azumarill|273\/363 brn|[from] brn
|turn|6
|
|switch|p2a: Magnezone|Magnezone|323\/323
|move|p1a: Roserade|Sludge Bomb|p2a: Magnezone
|-immune|p2a: Magnezone|[msg]
|
|turn|7
|
|switch|p1a: Garchomp|Garchomp, M|420\/420
|move|p2a: Magnezone|Volt Switch|p1a: Garchomp
|-immune|p1a: Garchomp|[msg]
|
|turn|8
|
|switch|p2a: Azumarill|Azumarill, F|273\/363 brn
|detailschange|p1a: Garchomp|Garchomp-Mega, M
|message|Garchomp has Mega Evolved into Mega Garchomp!
|move|p1a: Garchomp|Swords Dance|p1a: Garchomp
|-boost|p1a: Garchomp|atk|2
|
|-damage|p2a: Azumarill|228\/363 brn|[from] brn
|turn|9
|
|move|p2a: Azumarill|Aqua Jet|p1a: Garchomp
|-damage|p1a: Garchomp|381\/420
|move|p1a: Garchomp|Earthquake|p2a: Azumarill
|-damage|p2a: Azumarill|0 fnt
|faint|p2a: Azumarill
|
|
|switch|p2a: Starmie|Starmie|261\/261
|turn|10
|
|move|p2a: Starmie|Ice Beam|p1a: Garchomp
|-supereffective|p1a: Garchomp
|-damage|p1a: Garchomp|0 fnt
|-damage|p2a: Starmie|235\/261|[from] item: Life Orb
|faint|p1a: Garchomp
|
|
|switch|p1a: Lucario|Lucario, F|282\/282
|turn|11
|
|move|p2a: Starmie|Hydro Pump|p1a: Lucario
|-damage|p1a: Lucario|0 fnt
|-damage|p2a: Starmie|209\/261|[from] item: Life Orb
|faint|p1a: Lucario
|
|
|switch|p1a: Spiritomb|Spiritomb, M|53\/304
|turn|12
|
|move|p1a: Spiritomb|Shadow Sneak|p2a: Starmie
|-supereffective|p2a: Starmie
|-damage|p2a: Starmie|107\/261
|move|p2a: Starmie|Ice Beam|p1a: Spiritomb
|-damage|p1a: Spiritomb|0 fnt
|-damage|p2a: Starmie|81\/261|[from] item: Life Orb
|faint|p1a: Spiritomb
|
|
|switch|p1a: Togekiss|Togekiss, M|89\/311
|turn|13
|
|move|p1a: Togekiss|Dazzling Gleam|p2a: Starmie
|-damage|p2a: Starmie|0 fnt
|faint|p2a: Starmie
|
|
|switch|p2a: Magnezone|Magnezone|323\/323
|turn|14
|
|switch|p1a: Roserade|Roserade, F|198\/262
|move|p2a: Magnezone|Volt Switch|p1a: Roserade
|-crit|p1a: Roserade
|-resisted|p1a: Roserade
|-damage|p1a: Roserade|39\/262
|
|switch|p2a: Dragonite|Dragonite, F|323\/323
|
|turn|15
|
|move|p1a: Roserade|Sludge Bomb|p2a: Dragonite
|-damage|p2a: Dragonite|203\/323
|move|p2a: Dragonite|Dragon Dance|p2a: Dragonite
|-boost|p2a: Dragonite|atk|1
|-boost|p2a: Dragonite|spe|1
|
|turn|16
|
|move|p2a: Dragonite|Earthquake|p1a: Roserade
|-damage|p1a: Roserade|0 fnt
|faint|p1a: Roserade
|
|
|switch|p1a: Togekiss|Togekiss, M|89\/311
|turn|17
|
|move|p2a: Dragonite|Extreme Speed|p1a: Togekiss
|-damage|p1a: Togekiss|0 fnt
|faint|p1a: Togekiss
|
|
|switch|p1a: Milotic|Milotic, F|394\/394
|turn|18
|
|move|p2a: Dragonite|Outrage|p1a: Milotic
|-damage|p1a: Milotic|0 fnt
|faint|p1a: Milotic
|
|win|7777nomeL
|raw|Ladder updating...
|raw|jiersel2's rating: 1346 &rarr; <strong>1328<\/strong><br \/>(-18 for losing)
|raw|7777nomeL's rating: 1382 &rarr; <strong>1400<\/strong><br \/>(+18 for winning)
|c|âjiersel2|gg
|c|â7777nomeL|gg
|leave|jiersel2
|player|p1