|join|delicieuxstuff
|join|jiersel2
|player|p1|delicieuxstuff|170
|player|p2|jiersel2|70
|gametype|singles
|gen|6
|tier|OU
|rated
|clearpoke
|poke|p1|Starmie
|poke|p1|Skarmory, M
|poke|p1|Quagsire, F
|poke|p1|Amoonguss, F
|poke|p1|Sableye, F
|poke|p1|Chansey, F
|poke|p2|Excadrill, M
|poke|p2|Altaria, M
|poke|p2|Thundurus, M
|poke|p2|Rotom-Wash
|poke|p2|Mew
|poke|p2|Sylveon, F
|rule|Swagger Clause: Swagger is banned
|rule|Baton Pass Clause: Limit one PokÃ©mon knowing Baton Pass
|rule|Sleep Clause Mod: Limit one foe put to sleep
|rule|Species Clause: Limit one of each PokÃ©mon
|rule|OHKO Clause: OHKO moves are banned
|rule|Moody Clause: Moody is banned
|rule|Evasion Moves Clause: Evasion moves are banned
|rule|Endless Battle Clause: Forcing endless battles is banned
|rule|HP Percentage Mod: HP is shown in percentages
|teampreview
|c|âjiersel2|glhf
|
|start
|switch|p1a: Amoonguss|Amoonguss, F|432\/432
|switch|p2a: Rotom-Wash|Rotom-Wash|304\/304
|turn|1
|
|move|p2a: Rotom-Wash|Volt Switch|p1a: Amoonguss
|-resisted|p1a: Amoonguss
|-damage|p1a: Amoonguss|390\/432
|
|switch|p2a: Thundurus|Thundurus, M|299\/299
|move|p1a: Amoonguss|Spore|p2a: Thundurus
|-status|p2a: Thundurus|slp
|
|-heal|p1a: Amoonguss|417\/432|[from] item: Black Sludge
|turn|2
|
|switch|p2a: Mew|Mew|404\/404
|switch|p1a: Sableye|Sableye, F|304\/304
|
|turn|3
|
|switch|p2a: Sylveon|Sylveon, F|393\/393
|detailschange|p1a: Sableye|Sableye-Mega, F
|-mega|p1a: Sableye|Sableye|Sablenite
|move|p1a: Sableye|Knock Off|p2a: Sylveon
|-resisted|p2a: Sylveon
|-damage|p2a: Sylveon|326\/393
|-enditem|p2a: Sylveon|Choice Specs|[from] move: Knock Off|[of] p1a: Sableye
|
|turn|4
|
|switch|p1a: Amoonguss|Amoonguss, F|432\/432
|move|p2a: Sylveon|Hyper Voice|p1a: Amoonguss
|-resisted|p1a: Amoonguss
|-damage|p1a: Amoonguss|318\/432
|
|-heal|p1a: Amoonguss|345\/432|[from] item: Black Sludge
|turn|5
|
|switch|p1a: Skarmory|Skarmory, M|334\/334
|move|p2a: Sylveon|Psyshock|p1a: Skarmory
|-resisted|p1a: Skarmory
|-damage|p1a: Skarmory|303\/334
|
|turn|6
|
|switch|p2a: Mew|Mew|404\/404
|move|p1a: Skarmory|Spikes|p2a: Mew
|-sidestart|p2: jiersel2|Spikes
|
|turn|7
|
|switch|p1a: Sableye|Sableye-Mega, F|304\/304
|move|p2a: Mew|Knock Off|p1a: Sableye
|-damage|p1a: Sableye|265\/304
|
|turn|8
|
|move|p2a: Mew|Heal Bell|p2a: Mew
|-cureteam|p2a: Mew|[from] move: HealBell
|move|p1a: Sableye|Knock Off|p2a: Mew
|-supereffective|p2a: Mew
|-damage|p2a: Mew|210\/404
|-enditem|p2a: Mew|Leftovers|[from] move: Knock Off|[of] p1a: Sableye
|
|turn|9
|
|switch|p2a: Altaria|Altaria, M|309\/309
|move|p1a: Sableye|Toxic|p2a: Altaria
|-status|p2a: Altaria|tox
|
|-damage|p2a: Altaria|290\/309 tox|[from] psn
|turn|10
|
|switch|p1a: Amoonguss|Amoonguss, F|432\/432
|detailschange|p2a: Altaria|Altaria-Mega, M
|-mega|p2a: Altaria|Altaria|Altarianite
|move|p2a: Altaria|Dragon Dance|p2a: Altaria
|-boost|p2a: Altaria|atk|1
|-boost|p2a: Altaria|spe|1
|
|-damage|p2a: Altaria|252\/309 tox|[from] psn
|turn|11
|
|move|p2a: Altaria|Return|p1a: Amoonguss
|-resisted|p1a: Amoonguss
|-damage|p1a: Amoonguss|257\/432
|move|p1a: Amoonguss|Clear Smog|p2a: Altaria
|-supereffective|p2a: Altaria
|-damage|p2a: Altaria|150\/309 tox
|-clearboost|p2a: Altaria
|
|-heal|p1a: Amoonguss|284\/432|[from] item: Black Sludge
|-damage|p2a: Altaria|93\/309 tox|[from] psn
|turn|12
|
|move|p2a: Altaria|Fire Blast|p1a: Amoonguss
|-supereffective|p1a: Amoonguss
|-damage|p1a: Amoonguss|80\/432
|move|p1a: Amoonguss|Clear Smog|p2a: Altaria
|-supereffective|p2a: Altaria
|-damage|p2a: Altaria|0 fnt
|-clearboost|p2a: Altaria
|faint|p2a: Altaria
|
|-heal|p1a: Amoonguss|107\/432|[from] item: Black Sludge
|
|switch|p2a: Mew|Mew|210\/404
|-damage|p2a: Mew|160\/404|[from] Spikes
|turn|13
|
|switch|p1a: Sableye|Sableye-Mega, F|265\/304
|move|p2a: Mew|Knock Off|p1a: Sableye
|-damage|p1a: Sableye|229\/304
|
|turn|14
|
|switch|p2a: Sylveon|Sylveon, F|326\/393
|-damage|p2a: Sylveon|277\/393|[from] Spikes
|move|p1a: Sableye|Recover|p1a: Sableye
|-heal|p1a: Sableye|304\/304
|
|turn|15
|
|switch|p1a: Skarmory|Skarmory, M|303\/334
|move|p2a: Sylveon|Shadow Ball|p1a: Skarmory
|-damage|p1a: Skarmory|201\/334
|-unboost|p1a: Skarmory|spd|1
|
|turn|16
|
|move|p1a: Skarmory|Roost|p1a: Skarmory
|-heal|p1a: Skarmory|334\/334
|move|p2a: Sylveon|Shadow Ball|p1a: Skarmory
|-damage|p1a: Skarmory|191\/334
|
|turn|17
|
|move|p1a: Skarmory|Iron Head|p2a: Sylveon
|-supereffective|p2a: Sylveon
|-damage|p2a: Sylveon|35\/393
|cant|p2a: Sylveon|flinch
|
|turn|18
|-message|jiersel2 forfeited.
|
|win|delicieuxstuff
|raw|Ladder updating...
|leave|jiersel2
|player|p2
|raw|delicieuxstuff's rating: 1701 &rarr; <strong>1716<\/strong><br \/>(+15 for winning)
|raw|jiersel2's rating: 1616 &rarr; <strong>1601<\/strong><br \/>(-15 for losing)