|join|jiersel2
|join|macicrack
|player|p1|jiersel2|1
|player|p2|macicrack|1
|gametype|singles
|gen|6
|tier|OU
|rated
|clearpoke
|poke|p1|Bisharp, M
|poke|p1|Charizard, F
|poke|p1|Tentacruel, F
|poke|p1|Celebi
|poke|p1|Dragonite, F
|poke|p1|Gengar, F
|poke|p2|Kyurem
|poke|p2|Diggersby, F
|poke|p2|Manectric, F
|poke|p2|Skarmory, F
|poke|p2|Keldeo
|poke|p2|Rotom-Wash
|rule|Swagger Clause: Swagger is banned
|rule|Baton Pass Clause: Limit one PokÃ©mon knowing Baton Pass
|rule|Sleep Clause Mod: Limit one foe put to sleep
|rule|Species Clause: Limit one of each PokÃ©mon
|rule|OHKO Clause: OHKO moves are banned
|rule|Moody Clause: Moody is banned
|rule|Evasion Moves Clause: Evasion moves are banned
|rule|Endless Battle Clause: Forcing endless battles is banned
|rule|HP Percentage Mod: HP is shown in percentages
|teampreview
|c|âjiersel2|glhf
|
|start
|switch|p1a: Charizard|Charizard, F|297\/297
|switch|p2a: Manectric|Manectric, F|281\/281
|turn|1
|
|switch|p1a: Celebi|Celebi|404\/404
|detailschange|p2a: Manectric|Manectric-Mega, F
|-mega|p2a: Manectric|Manectric|Manectite
|-ability|p2a: Manectric|Intimidate|[of] p1a: Celebi
|-unboost|p1a: Celebi|atk|1
|move|p2a: Manectric|Volt Switch|p1a: Celebi
|-resisted|p1a: Celebi
|-damage|p1a: Celebi|337\/404
|
|switch|p2a: Kyurem|Kyurem|404\/404
|-ability|p2a: Kyurem|Pressure
|
|-heal|p1a: Celebi|362\/404|[from] item: Leftovers
|turn|2
|
|switch|p1a: Tentacruel|Tentacruel, F|364\/364
|move|p2a: Kyurem|Ice Beam|p1a: Tentacruel
|-resisted|p1a: Tentacruel
|-damage|p1a: Tentacruel|308\/364
|
|-heal|p1a: Tentacruel|330\/364|[from] item: Black Sludge
|turn|3
|
|move|p2a: Kyurem|Substitute|p2a: Kyurem
|-start|p2a: Kyurem|Substitute
|-damage|p2a: Kyurem|303\/404
|move|p1a: Tentacruel|Toxic|p2a: Kyurem
|
|-heal|p2a: Kyurem|328\/404|[from] item: Leftovers
|-heal|p1a: Tentacruel|352\/364|[from] item: Black Sludge
|turn|4
|
|move|p2a: Kyurem|Earth Power|p1a: Tentacruel
|-supereffective|p1a: Tentacruel
|-damage|p1a: Tentacruel|202\/364
|move|p1a: Tentacruel|Ice Beam|p2a: Kyurem
|-activate|p2a: Kyurem|Substitute|[damage]
|
|-heal|p2a: Kyurem|353\/404|[from] item: Leftovers
|-heal|p1a: Tentacruel|224\/364|[from] item: Black Sludge
|turn|5
|
|move|p2a: Kyurem|Earth Power|p1a: Tentacruel
|-supereffective|p1a: Tentacruel
|-damage|p1a: Tentacruel|78\/364
|-unboost|p1a: Tentacruel|spd|1
|move|p1a: Tentacruel|Ice Beam|p2a: Kyurem
|-end|p2a: Kyurem|Substitute
|
|-heal|p2a: Kyurem|378\/404|[from] item: Leftovers
|-heal|p1a: Tentacruel|100\/364|[from] item: Black Sludge
|turn|6
|
|switch|p1a: Charizard|Charizard, F|297\/297
|move|p2a: Kyurem|Substitute|p2a: Kyurem
|-start|p2a: Kyurem|Substitute
|-damage|p2a: Kyurem|277\/404
|
|-heal|p2a: Kyurem|302\/404|[from] item: Leftovers
|turn|7
|
|detailschange|p1a: Charizard|Charizard-Mega-Y, F
|-mega|p1a: Charizard|Charizard|Charizardite Y
|-weather|SunnyDay
|move|p1a: Charizard|Fire Blast|p2a: Kyurem
|-crit|p2a: Kyurem
|-end|p2a: Kyurem|Substitute
|move|p2a: Kyurem|Ice Beam|p1a: Charizard
|-damage|p1a: Charizard|144\/297
|
|-weather|SunnyDay|[upkeep]
|-heal|p2a: Kyurem|327\/404|[from] item: Leftovers
|turn|8
|
|switch|p2a: Rotom-Wash|Rotom-Wash|304\/304
|move|p1a: Charizard|Fire Blast|p2a: Rotom-Wash
|-resisted|p2a: Rotom-Wash
|-damage|p2a: Rotom-Wash|189\/304
|
|-weather|SunnyDay|[upkeep]
|-heal|p2a: Rotom-Wash|208\/304|[from] item: Leftovers
|turn|9
|
|move|p1a: Charizard|Solar Beam|p2a: Rotom-Wash|[still]
|-prepare|p1a: Charizard|Solar Beam|p2a: Rotom-Wash
|-anim|p1a: Charizard|Solar Beam|p2a: Rotom-Wash
|-supereffective|p2a: Rotom-Wash
|-damage|p2a: Rotom-Wash|0 fnt
|faint|p2a: Rotom-Wash
|
|-weather|SunnyDay|[upkeep]
|
|switch|p2a: Manectric|Manectric-Mega, F|281\/281
|-ability|p2a: Manectric|Intimidate|[of] p1a: Charizard
|-unboost|p1a: Charizard|atk|1
|turn|10
|
|switch|p1a: Celebi|Celebi|362\/404
|move|p2a: Manectric|Volt Switch|p1a: Celebi
|-resisted|p1a: Celebi
|-damage|p1a: Celebi|295\/404
|
|switch|p2a: Kyurem|Kyurem|327\/404
|-ability|p2a: Kyurem|Pressure
|
|-weather|SunnyDay|[upkeep]
|-heal|p2a: Kyurem|352\/404|[from] item: Leftovers
|-heal|p1a: Celebi|320\/404|[from] item: Leftovers
|turn|11
|
|move|p2a: Kyurem|Substitute|p2a: Kyurem
|-start|p2a: Kyurem|Substitute
|-damage|p2a: Kyurem|251\/404
|move|p1a: Celebi|Stealth Rock|p2a: Kyurem
|-sidestart|p2: macicrack|move: Stealth Rock
|
|-weather|none
|-heal|p2a: Kyurem|276\/404|[from] item: Leftovers
|-heal|p1a: Celebi|345\/404|[from] item: Leftovers
|turn|12
|
|switch|p1a: Tentacruel|Tentacruel, F|100\/364
|move|p2a: Kyurem|Ice Beam|p1a: Tentacruel
|-resisted|p1a: Tentacruel
|-damage|p1a: Tentacruel|42\/364
|
|-heal|p2a: Kyurem|301\/404|[from] item: Leftovers
|-heal|p1a: Tentacruel|64\/364|[from] item: Black Sludge
|turn|13
|
|move|p2a: Kyurem|Earth Power|p1a: Tentacruel
|-supereffective|p1a: Tentacruel
|-damage|p1a: Tentacruel|0 fnt
|faint|p1a: Tentacruel
|
|-heal|p2a: Kyurem|326\/404|[from] item: Leftovers
|
|switch|p1a: Gengar|Gengar, F|261\/261
|turn|14
|
|move|p1a: Gengar|Shadow Ball|p2a: Kyurem
|-end|p2a: Kyurem|Substitute
|move|p2a: Kyurem|Ice Beam|p1a: Gengar
|-damage|p1a: Gengar|27\/261
|
|-heal|p2a: Kyurem|351\/404|[from] item: Leftovers
|turn|15
|
|switch|p2a: Keldeo|Keldeo|323\/323
|-damage|p2a: Keldeo|303\/323|[from] Stealth Rock
|move|p1a: Gengar|Shadow Ball|p2a: Keldeo
|-damage|p2a: Keldeo|129\/323
|
|turn|16
|
|move|p1a: Gengar|Shadow Ball|p2a: Keldeo
|-damage|p2a: Keldeo|0 fnt
|faint|p2a: Keldeo
|
|
|switch|p2a: Skarmory|Skarmory, F|334\/334
|-damage|p2a: Skarmory|293\/334|[from] Stealth Rock
|turn|17
|
|switch|p1a: Charizard|Charizard-Mega-Y, F|144\/297
|-weather|SunnyDay
|move|p2a: Skarmory|Stealth Rock|p1a: Charizard
|-sidestart|p1: jiersel2|move: Stealth Rock
|
|-weather|SunnyDay|[upkeep]
|-heal|p2a: Skarmory|313\/334|[from] item: Leftovers
|turn|18
|
|move|p1a: Charizard|Fire Blast|p2a: Skarmory
|-supereffective|p2a: Skarmory
|-damage|p2a: Skarmory|0 fnt
|faint|p2a: Skarmory
|
|-weather|SunnyDay|[upkeep]
|
|switch|p2a: Manectric|Manectric-Mega, F|281\/281
|-damage|p2a: Manectric|246\/281|[from] Stealth Rock
|-ability|p2a: Manectric|Intimidate|[of] p1a: Charizard
|-unboost|p1a: Charizard|atk|1
|turn|19
|
|move|p2a: Manectric|Thunderbolt|p1a: Charizard
|-supereffective|p1a: Charizard
|-damage|p1a: Charizard|0 fnt
|faint|p1a: Charizard
|
|-weather|SunnyDay|[upkeep]
|
|switch|p1a: Dragonite|Dragonite, F|323\/323
|-damage|p1a: Dragonite|243\/323|[from] Stealth Rock
|turn|20
|
|move|p1a: Dragonite|Extreme Speed|p2a: Manectric
|-damage|p2a: Manectric|36\/281
|move|p2a: Manectric|Hidden Power|p1a: Dragonite
|-supereffective|p1a: Dragonite
|-damage|p1a: Dragonite|0 fnt
|faint|p1a: Dragonite
|
|-weather|SunnyDay|[upkeep]
|
|switch|p1a: Bisharp|Bisharp, M|271\/271
|-damage|p1a: Bisharp|255\/271|[from] Stealth Rock
|turn|21
|
|move|p1a: Bisharp|Sucker Punch|p2a: Manectric
|-damage|p2a: Manectric|0 fnt
|faint|p2a: Manectric
|
|-weather|none
|
|switch|p2a: Diggersby|Diggersby, F|319\/319
|-damage|p2a: Diggersby|300\/319|[from] Stealth Rock
|turn|22
|
|switch|p1a: Celebi|Celebi|345\/404
|-damage|p1a: Celebi|295\/404|[from] Stealth Rock
|move|p2a: Diggersby|Return|p1a: Celebi
|-damage|p1a: Celebi|121\/404
|
|-heal|p1a: Celebi|146\/404|[from] item: Leftovers
|turn|23
|
|move|p2a: Diggersby|Return|p1a: Celebi
|-damage|p1a: Celebi|0 fnt
|faint|p1a: Celebi
|
|
|switch|p1a: Bisharp|Bisharp, M|255\/271
|-damage|p1a: Bisharp|239\/271|[from] Stealth Rock
|turn|24
|
|move|p1a: Bisharp|Swords Dance|p1a: Bisharp
|-boost|p1a: Bisharp|atk|2
|move|p2a: Diggersby|Earthquake|p1a: Bisharp
|-supereffective|p1a: Bisharp
|-damage|p1a: Bisharp|0 fnt
|faint|p1a: Bisharp
|
|c|âjiersel2|what item were you?
|c|âmacicrack|lum berry
|c|âjiersel2|gg
|c|âmacicrack|it's a double dance set
|
|switch|p1a: Gengar|Gengar, F|27\/261
|-damage|p1a: Gengar|0 fnt|[from] Stealth Rock
|faint|p1a: Gengar
|
|win|macicrack
|raw|Ladder updating...
|raw|jiersel2's rating: 1669 &rarr; <strong>1644<\/strong><br \/>(-25 for losing)
|raw|macicrack's rating: 1572 &rarr; <strong>1597<\/strong><br \/>(+25 for winning)
|leave|jiersel2
|player|p1