|join|v-a-p-p-o-r-z
|join|Un noob inexperto
|player|p1|v-a-p-p-o-r-z|187
|player|p2|Un noob inexperto|294
|gametype|singles
|gen|6
|tier|OU
|clearpoke
|poke|p1|Pidgeot, M, shiny
|poke|p1|Greninja, M
|poke|p1|Latias, F
|poke|p1|Dugtrio, M
|poke|p1|Ferrothorn, M
|poke|p1|Clefable, F
|poke|p2|Manectric, F
|poke|p2|Ferrothorn, M
|poke|p2|Rotom-Wash
|poke|p2|Landorus-Therian, M
|poke|p2|Staraptor, M
|poke|p2|Bisharp, M
|rule|Swagger Clause: Swagger is banned
|rule|Baton Pass Clause: Limit one PokÃ©mon knowing Baton Pass
|rule|Sleep Clause Mod: Limit one foe put to sleep
|rule|Species Clause: Limit one of each PokÃ©mon
|rule|OHKO Clause: OHKO moves are banned
|rule|Moody Clause: Moody is banned
|rule|Evasion Moves Clause: Evasion moves are banned
|rule|Endless Battle Clause: Forcing endless battles is banned
|rule|HP Percentage Mod: HP is shown in percentages
|teampreview
|join|DizzyMistress
|join|xJoelituh
|join|JuanSanchez2014
|join|XYBetterThanORAS
|join|TheBrunoVme
|c| TheBrunoVme|h
|
|start
|switch|p1a: Dugtrio|Dugtrio, M|212\/212
|switch|p2a: Bisharp|Bisharp, M|334\/334
|turn|1
|c| JuanSanchez2014|gana vapporz
|c|âv-a-p-p-o-r-z|rip
|c| TheBrunoVme|la semi
|c|âUn noob inexperto|Gana vapporz
|join|osola
|
|move|p1a: Dugtrio|Earthquake|p2a: Bisharp
|-supereffective|p2a: Bisharp
|-damage|p2a: Bisharp|80\/334
|move|p2a: Bisharp|Knock Off|p1a: Dugtrio
|-enditem|p1a: Dugtrio|Focus Sash
|-damage|p1a: Dugtrio|1\/212
|
|turn|2
|c| xJoelituh|lolr ip
|join|Nelson elite
|leave|osola
|c| TheBrunoVme|lol
|join|GOHANFREE
|c| xJoelituh|esa cosa lleva hp
|c|âv-a-p-p-o-r-z|khe
|join|waldire
|c|âUn noob inexperto|No
|c|âUn noob inexperto|de hecho, tengo sash
|c|âUn noob inexperto|:v
|
|switch|p1a: Ferrothorn|Ferrothorn, M|352\/352
|move|p2a: Bisharp|Knock Off|p1a: Ferrothorn
|-damage|p1a: Ferrothorn|232\/352
|-damage|p2a: Bisharp|39\/334|[from] ability: Iron Barbs|[of] p1a: Ferrothorn
|-damage|p2a: Bisharp|0 fnt|[from] item: Rocky Helmet|[of] p1a: Ferrothorn
|faint|p2a: Bisharp
|
|
|switch|p2a: Manectric|Manectric, F|281\/281
|turn|3
|
|detailschange|p2a: Manectric|Manectric-Mega, F
|message|Manectric has Mega Evolved into Mega Manectric!
|-ability|p2a: Manectric|Intimidate|[of] p1a: Ferrothorn
|-unboost|p1a: Ferrothorn|atk|1
|move|p1a: Ferrothorn|Protect|p1a: Ferrothorn
|-singleturn|p1a: Ferrothorn|Protect
|move|p2a: Manectric|Flamethrower|p1a: Ferrothorn
|-activate|p1a: Ferrothorn|Protect
|
|turn|4
|c| TheBrunoVme|flametrower
|c|âv-a-p-p-o-r-z|lol
|
|move|p2a: Manectric|Flamethrower|p1a: Ferrothorn
|-supereffective|p1a: Ferrothorn
|-damage|p1a: Ferrothorn|0 fnt
|faint|p1a: Ferrothorn
|
|c|âv-a-p-p-o-r-z|:(
|c| Nelson elite|pokexperto e.e
|c| TheBrunoVme|zss
|c|âUn noob inexperto|vamos vappor
|
|switch|p1a: Latias|Latias, F|319\/319
|turn|5
|c|âUn noob inexperto|debo irme y quiero salir del torneo :c
|c| xJoelituh|ahora que me dijo
|c| xJoelituh|lelva 3 intimidate
|c| TheBrunoVme|joe noob
|c| GOHANFREE|hp de hielo?
|c|âUn noob inexperto|no serviria
|
|move|p2a: Manectric|Volt Switch|p1a: Latias
|-resisted|p1a: Latias
|-damage|p1a: Latias|269\/319
|c| TheBrunoVme|yep
|c| TheBrunoVme|como que no
|
|switch|p2a: Ferrothorn|Ferrothorn, M|352\/352
|move|p1a: Latias|Dragon Pulse|p2a: Ferrothorn
|-resisted|p2a: Ferrothorn
|-damage|p2a: Ferrothorn|282\/352
|-damage|p1a: Latias|238\/319|[from] item: Life Orb
|
|turn|6
|c| TheBrunoVme|si que serviria
|c|âUn noob inexperto|no serviria ante latias
|c| xJoelituh|Vappy lo que no entiendo es porque llevas dragon pulse
|c| TheBrunoVme|yap
|c| TheBrunoVme|pon dracometeor mejor
|
|switch|p1a: Pidgeot|Pidgeot, M, shiny|307\/307
|move|p2a: Ferrothorn|Leech Seed|p1a: Pidgeot
|-start|p1a: Pidgeot|move: Leech Seed
|
|-damage|p1a: Pidgeot|269\/307|[from] Leech Seed|[of] p2a: Ferrothorn
|-heal|p2a: Ferrothorn|320\/352|[silent]
|turn|7
|c| Nelson elite|ese tio es un noob inexperto e.e
|
|detailschange|p1a: Pidgeot|Pidgeot-Mega, M, shiny
|message|Pidgeot has Mega Evolved into Mega Pidgeot!
|move|p2a: Ferrothorn|Protect|p2a: Ferrothorn
|-singleturn|p2a: Ferrothorn|Protect
|move|p1a: Pidgeot|Heat Wave|p2a: Ferrothorn
|-activate|p2a: Ferrothorn|Protect
|
|-damage|p1a: Pidgeot|231\/307|[from] Leech Seed|[of] p2a: Ferrothorn
|-heal|p2a: Ferrothorn|352\/352|[silent]
|turn|8
|c| Nelson elite|turum pssss
|c| TheBrunoVme|mega pidgeot
|c| TheBrunoVme|?
|c| TheBrunoVme|see
|c|âUn noob inexperto|esperen
|
|switch|p2a: Rotom-Wash|Rotom-Wash|241\/241
|move|p1a: Pidgeot|Heat Wave|p2a: Rotom-Wash
|-resisted|p2a: Rotom-Wash
|-damage|p2a: Rotom-Wash|183\/241
|
|-damage|p1a: Pidgeot|193\/307|[from] Leech Seed|[of] p2a: Rotom-Wash
|-heal|p2a: Rotom-Wash|221\/241|[silent]
|turn|9
|c|âUn noob inexperto|NO GUARD?
|c|âUn noob inexperto|KKKKKKK
|c| xJoelituh|ahora se entera
|c| xJoelituh|lol
|c| TheBrunoVme|que es eso?
|c|âUn noob inexperto|pero si esa mamada aprende huracan
|c|âv-a-p-p-o-r-z|hm?
|c|âUn noob inexperto|D:
|c| xJoelituh|>HuracÃ¡n
|c|âUn noob inexperto|:v lulz
|c| xJoelituh|Hurricane = Vendaval
|
|move|p2a: Rotom-Wash|Hydro Pump|p1a: Pidgeot
|-damage|p1a: Pidgeot|0 fnt
|faint|p1a: Pidgeot
|
|c|âv-a-p-p-o-r-z|scarf
|c|âv-a-p-p-o-r-z|oc
|c| xJoelituh|scarf rip
|c|âUn noob inexperto|es band
|c| Nelson elite|contra eso perdi Â¬Â¬
|c|âUn noob inexperto|choice band le aumenta la velocidad
|c|âv-a-p-p-o-r-z|ah sep
|c| xJoelituh|claro
|c| xJoelituh|obv
|c| xJoelituh|choice band
|c| xJoelituh|-.-"
|c| waldire|ajajajja
|c| waldire|como va la cosa aqui
|
|switch|p1a: Latias|Latias, F|238\/319
|turn|10
|join|Querienk
|
|switch|p2a: Landorus-Therian|Landorus-Therian, M|320\/320
|-ability|p2a: Landorus-Therian|Intimidate|[of] p1a: Latias
|-unboost|p1a: Latias|atk|1
|switch|p1a: Clefable|Clefable, F|394\/394
|
|turn|11
|
|move|p2a: Landorus-Therian|Earthquake|p1a: Clefable
|-damage|p1a: Clefable|237\/394
|move|p1a: Clefable|Moonblast|p2a: Landorus-Therian
|-damage|p2a: Landorus-Therian|191\/320
|
|-heal|p1a: Clefable|261\/394|[from] item: Leftovers
|turn|12
|
|move|p2a: Landorus-Therian|Earthquake|p1a: Clefable
|-damage|p1a: Clefable|89\/394
|move|p1a: Clefable|Soft-Boiled|p1a: Clefable
|-heal|p1a: Clefable|286\/394
|
|-heal|p1a: Clefable|310\/394|[from] item: Leftovers
|turn|13
|c| TheBrunoVme|odio softboiledxd
|
|switch|p2a: Staraptor|Staraptor, M|312\/312
|-ability|p2a: Staraptor|Intimidate|[of] p1a: Clefable
|-unboost|p1a: Clefable|atk|1
|switch|p1a: Latias|Latias, F|238\/319
|
|turn|14
|join|VinylSkratch
|c|âv-a-p-p-o-r-z|otro scarf
|c|âv-a-p-p-o-r-z|o band
|c|âv-a-p-p-o-r-z|:v
|c|âUn noob inexperto|es specs
|c|âv-a-p-p-o-r-z|cy
|c| Querienk|porque todos llevan legendarios -.-
|c|âUn noob inexperto|no se porque no lo usan specs
|c|âUn noob inexperto|tiene buenos movimientos especiales
|c| xJoelituh|Querienk.. legendarios...
|
|move|p1a: Latias|Dragon Pulse|p2a: Staraptor
|-damage|p2a: Staraptor|65\/312
|-damage|p1a: Latias|207\/319|[from] item: Life Orb
|move|p2a: Staraptor|Brave Bird|p1a: Latias
|-damage|p1a: Latias|0 fnt
|-damage|p2a: Staraptor|0 fnt|[from] recoil|[of] p1a: Latias
|faint|p1a: Latias
|faint|p2a: Staraptor
|
|c| xJoelituh|es un pokemon como cualquiera..
|c| VinylSkratch|>Dragon Pulse
|c| VinylSkratch|Buena
|c|âv-a-p-p-o-r-z|cy :)
|c| Querienk|no creo
|c| Nelson elite|holi :3
|
|switch|p2a: Landorus-Therian|Landorus-Therian, M|191\/320
|switch|p1a: Clefable|Clefable, F|310\/394
|-ability|p2a: Landorus-Therian|Intimidate|[of] p1a: Clefable
|-unboost|p1a: Clefable|atk|1
|turn|15
|c| Querienk|joel
|c| xJoelituh|Dime tu, lo roto que ves un Latios comparado con un Mega Gengar o un Mega Kangaskhan
|c| Querienk|juegamos una ou
|c| xJoelituh|no
|c| VinylSkratch|uy
|
|move|p2a: Landorus-Therian|Earthquake|p1a: Clefable
|-damage|p1a: Clefable|133\/394
|move|p1a: Clefable|Soft-Boiled|p1a: Clefable
|-heal|p1a: Clefable|330\/394
|
|-heal|p1a: Clefable|354\/394|[from] item: Leftovers
|turn|16
|c| Nelson elite|holi :3
|join|TaCaNo
|c| Querienk|es roto para ou
|c| Nelson elite|holi :3 ?
|
|switch|p2a: Rotom-Wash|Rotom-Wash|221\/241
|move|p1a: Clefable|Calm Mind|p1a: Clefable
|-boost|p1a: Clefable|spa|1
|-boost|p1a: Clefable|spd|1
|
|-heal|p1a: Clefable|378\/394|[from] item: Leftovers
|turn|17
|c| VinylSkratch|Lol no
|leave|TaCaNo
|c| xJoelituh|._.
|c| Nelson elite|holi :3
|join|Mijail Rico XD
|c| xJoelituh|meh paso de discutir
|c| Nelson elite|holi :(
|join|EonTX24
|c| Querienk|HOLA ._.
|c|âUn noob inexperto|!data crefable
No Pokemon, item, move, ability or nature named 'crefable' was found. Showing the data of 'Clefable' instead.
|c|~|\/data-pokemon Clefable

|c| xJoelituh|no entrarÃ¡ en razon so whatever
|join|xXZakerXx
|c| Nelson elite|holi :3
|c|âv-a-p-p-o-r-z|lulz
|c|âUn noob inexperto|jode mucho aunque tengas esos stats
|c| VinylSkratch|GG.
|c| Nelson elite|holi :3
|
|switch|p1a: Greninja|Greninja, M|285\/285
|move|p2a: Rotom-Wash|Trick|p1a: Greninja
|-activate|p2a: Rotom-Wash|move: Trick|[of] p1a: Greninja
|-item|p1a: Greninja|Choice Scarf|[from] move: Trick
|-item|p2a: Rotom-Wash|Life Orb|[from] move: Trick
|
|turn|18
|c|âv-a-p-p-o-r-z|oh cy
|c| VinylSkratch|uy
|c| xJoelituh|SCARF GRENINJA
|c| Nelson elite|holi :3
|c| VinylSkratch|LO Rotom
|c| VinylSkratch|gggggggggggggggggggggg
|c| xJoelituh|RIP MMANECTRIC
|c| xJoelituh|ggwp
|c| xXZakerXx|no lo outs pedea ni goku
|c| Nelson elite|holi :3
|join|Gazz3l
|join|VoD The Fenixxx
|c| VinylSkratch|Nelson, deja el holi
|
|move|p1a: Greninja|Dark Pulse|p2a: Rotom-Wash
|-start|p1a: Greninja|typechange|Dark|[from] Protean
|-damage|p2a: Rotom-Wash|104\/241
|move|p2a: Rotom-Wash|Volt Switch|p1a: Greninja
|-damage|p1a: Greninja|108\/285
|-damage|p2a: Rotom-Wash|80\/241|[from] item: Life Orb
|c| VinylSkratch|like wtf.
|c| Nelson elite|oki :3
|leave|VoD The Fenixxx
|c|âv-a-p-p-o-r-z|kek
|
|switch|p2a: Ferrothorn|Ferrothorn, M|352\/352
|
|turn|19
|c| xJoelituh|rip rotom
|c| xJoelituh|imo
|c| VinylSkratch|Ah no jodas, Este es peor que Jspeed.
|c| Nelson elite|pero holi :3
|c| xJoelituh|Nelson para
|c| waldire|ahahaha es peor
|c| Nelson elite|oki :3
|c| Querienk|quien le echa el vistaso a mi equip en ou y me da consejitos :'3
|c| xJoelituh|Querienk, quieres un consejo?
|c|âUn noob inexperto|ah coÃ±o no le puse ivs en sp defe
|c|âv-a-p-p-o-r-z|vistaso
|c|âv-a-p-p-o-r-z|:v
|c| xJoelituh|no te quejes de los legendarios
|c| Nelson elite|holita :3
|c|âUn noob inexperto|pero aun lo aguanta uwu
|c| TheBrunoVme|querienk ou?
|
|switch|p1a: Dugtrio|Dugtrio, M|1\/212
|move|p2a: Ferrothorn|Thunder Wave|p1a: Dugtrio
|-immune|p1a: Dugtrio|[msg]
|
|turn|20
|c| Nelson elite|holita :3
|c| xJoelituh|RIP
|c|âv-a-p-p-o-r-z|rip
|c| Querienk|dale bruno, joel callate Â¬Â¬
|
|move|p1a: Dugtrio|Earthquake|p2a: Ferrothorn
|-damage|p2a: Ferrothorn|279\/352
|move|p2a: Ferrothorn|Stealth Rock|p1a: Dugtrio
|-sidestart|p1: v-a-p-p-o-r-z|move: Stealth Rock
|
|turn|21
|c| xJoelituh|ok.
|c| TheBrunoVme|ya t mande
|join|Profesor_Haxx
|
|move|p1a: Dugtrio|Earthquake|p2a: Ferrothorn
|-damage|p2a: Ferrothorn|209\/352
|move|p2a: Ferrothorn|Leech Seed|p1a: Dugtrio
|-start|p1a: Dugtrio|move: Leech Seed
|
|-damage|p1a: Dugtrio|0 fnt|[from] Leech Seed|[of] p2a: Ferrothorn
|-heal|p2a: Ferrothorn|210\/352|[silent]
|faint|p1a: Dugtrio
|c| Nelson elite|holi :3
|c| xJoelituh|tu querias consejos
|c|âv-a-p-p-o-r-z|+0
|leave|Gazz3l
|c| xJoelituh|y te los he dado
|c| VinylSkratch|Pero que
|c| VinylSkratch|Clase de plays?
|c| Querienk|de mi team}
|c| Nelson elite|holi :3
|c| VinylSkratch|Son estas?
|c|âUn noob inexperto|vamoas
|c|âUn noob inexperto|quiero usar gyro ball
|c|âUn noob inexperto|-w-
|c| Nelson elite|holi :3
|
|switch|p1a: Clefable|Clefable, F|378\/394
|turn|22
|c| waldire|lol
|c|âv-a-p-p-o-r-z|usalo :v
|leave|xXZakerXx
|c| VinylSkratch|Nelson, deja el puto holi de una vez.
|
|switch|p2a: Rotom-Wash|Rotom-Wash|80\/241
|move|p1a: Clefable|Flamethrower|p2a: Rotom-Wash
|-resisted|p2a: Rotom-Wash
|-damage|p2a: Rotom-Wash|46\/241
|
|-heal|p1a: Clefable|394\/394|[from] item: Leftovers
|turn|23
|c| VinylSkratch|Ya me molesta.
|c| Nelson elite|oki :3
|
|move|p2a: Rotom-Wash|Hydro Pump|p1a: Clefable
|-damage|p1a: Clefable|144\/394
|-damage|p2a: Rotom-Wash|22\/241|[from] item: Life Orb
|move|p1a: Clefable|Calm Mind|p1a: Clefable
|-boost|p1a: Clefable|spa|1
|-boost|p1a: Clefable|spd|1
|
|-heal|p1a: Clefable|168\/394|[from] item: Leftovers
|turn|24
|c| Nelson elite|pero holi :3
|c| waldire|HOLIIIIIIIIIIIIII !
|c| xJoelituh|dios el LO
|c|âv-a-p-p-o-r-z|hm
|c| VinylSkratch|yep
|join|StarkVGC
|c| Nelson elite|holi :3
|c| xJoelituh|imo
|c| xJoelituh|miss
|
|move|p2a: Rotom-Wash|Hydro Pump|p1a: Clefable|[miss]
|-miss|p2a: Rotom-Wash|p1a: Clefable
|move|p1a: Clefable|Soft-Boiled|p1a: Clefable
|-heal|p1a: Clefable|365\/394
|
|-heal|p1a: Clefable|389\/394|[from] item: Leftovers
|turn|25
|leave|StarkVGC
|c|âv-a-p-p-o-r-z|joel
|c| xJoelituh|PREDICTED
|c|âv-a-p-p-o-r-z|te amo
|c| xJoelituh|u\/\/u
|c| Nelson elite|holi :3
|c|âv-a-p-p-o-r-z|muajaja
|
|move|p2a: Rotom-Wash|Hydro Pump|p1a: Clefable
|-damage|p1a: Clefable|214\/394
|-damage|p2a: Rotom-Wash|0 fnt|[from] item: Life Orb
|faint|p2a: Rotom-Wash
|move|p1a: Clefable|Calm Mind|p1a: Clefable
|-boost|p1a: Clefable|spa|1
|-boost|p1a: Clefable|spd|1
|
|-heal|p1a: Clefable|238\/394|[from] item: Leftovers
|c| VinylSkratch|Saben lo que seria genial?
|
|switch|p2a: Landorus-Therian|Landorus-Therian, M|191\/320
|-ability|p2a: Landorus-Therian|Intimidate|[of] p1a: Clefable
|-unboost|p1a: Clefable|atk|1
|turn|26
|c| VinylSkratch|Poder mutear en batallas.
|
|move|p2a: Landorus-Therian|Earthquake|p1a: Clefable
|-damage|p1a: Clefable|72\/394
|move|p1a: Clefable|Soft-Boiled|p1a: Clefable
|-heal|p1a: Clefable|269\/394
|
|-heal|p1a: Clefable|293\/394|[from] item: Leftovers
|turn|27
|c| xJoelituh|Seh
|c| Nelson elite|decir holi :3
|c| Querienk|o.o
|c| VinylSkratch|Eso seria Dios.
|c| waldire|jajajaj
|
|move|p2a: Landorus-Therian|Earthquake|p1a: Clefable
|-damage|p1a: Clefable|112\/394
|move|p1a: Clefable|Soft-Boiled|p1a: Clefable
|-heal|p1a: Clefable|309\/394
|
|-heal|p1a: Clefable|333\/394|[from] item: Leftovers
|turn|28
|c| Nelson elite|holi :3
|c| xJoelituh|Se lo comentamos a Joim?
|c| VinylSkratch|Si
|
|move|p2a: Landorus-Therian|Earthquake|p1a: Clefable
|-damage|p1a: Clefable|162\/394
|move|p1a: Clefable|Soft-Boiled|p1a: Clefable
|-heal|p1a: Clefable|359\/394
|
|-heal|p1a: Clefable|383\/394|[from] item: Leftovers
|turn|29
|c| xJoelituh|o va a haber abuso?
|
|move|p2a: Landorus-Therian|Earthquake|p1a: Clefable
|-damage|p1a: Clefable|221\/394
|move|p1a: Clefable|Moonblast|p2a: Landorus-Therian
|-damage|p2a: Landorus-Therian|0 fnt
|faint|p2a: Landorus-Therian
|
|-heal|p1a: Clefable|245\/394|[from] item: Leftovers
|c| Nelson elite|holi :3
|c| VinylSkratch|No creo realmente..
|
|switch|p2a: Manectric|Manectric-Mega, F|281\/281
|-ability|p2a: Manectric|Intimidate|[of] p1a: Clefable
|-unboost|p1a: Clefable|atk|1
|turn|30
|c|âv-a-p-p-o-r-z|rip
|c| VinylSkratch|Es una batalla..
|c| xJoelituh|pues esto es gg ya
|c| VinylSkratch|No es un chat..
|c| VinylSkratch|Like..
|
|move|p2a: Manectric|Thunderbolt|p1a: Clefable
|-damage|p1a: Clefable|152\/394
|move|p1a: Clefable|Soft-Boiled|p1a: Clefable
|-heal|p1a: Clefable|349\/394
|
|-heal|p1a: Clefable|373\/394|[from] item: Leftovers
|turn|31
|c| VinylSkratch|Como que te da igual..
|
|move|p2a: Manectric|Thunderbolt|p1a: Clefable
|-crit|p1a: Clefable
|-damage|p1a: Clefable|85\/394
|move|p1a: Clefable|Calm Mind|p1a: Clefable
|-boost|p1a: Clefable|spa|1
|-boost|p1a: Clefable|spd|1
|
|-heal|p1a: Clefable|109\/394|[from] item: Leftovers
|turn|32
|c| GOHANFREE|vapor rip
|c| Nelson elite|holi :3
|c| JuanSanchez2014|clefable es diox
|c|âv-a-p-p-o-r-z|oh diso
|c| VinylSkratch|OTRO CRIT
|c| VinylSkratch|Y LAS PLAYS
|c| xJoelituh|uy dios ese crit
|
|move|p2a: Manectric|Thunderbolt|p1a: Clefable
|-damage|p1a: Clefable|33\/394
|move|p1a: Clefable|Soft-Boiled|p1a: Clefable
|-heal|p1a: Clefable|230\/394
|
|-heal|p1a: Clefable|254\/394|[from] item: Leftovers
|turn|33
|c|âv-a-p-p-o-r-z|uffffffffffffffff
|c| VinylSkratch|No crit hax
|
|move|p2a: Manectric|Thunderbolt|p1a: Clefable
|-damage|p1a: Clefable|181\/394
|move|p1a: Clefable|Soft-Boiled|p1a: Clefable
|-heal|p1a: Clefable|378\/394
|
|-heal|p1a: Clefable|394\/394|[from] item: Leftovers
|turn|34
|c| xJoelituh|vappy
|c| xJoelituh|no te la juegues mas
|
|move|p2a: Manectric|Thunderbolt|p1a: Clefable
|-damage|p1a: Clefable|321\/394
|-status|p1a: Clefable|par
|move|p1a: Clefable|Moonblast|p2a: Manectric
|-damage|p2a: Manectric|0 fnt
|faint|p2a: Manectric
|
|-heal|p1a: Clefable|345\/394 par|[from] item: Leftovers
|c| xJoelituh|acaba
|
|switch|p2a: Ferrothorn|Ferrothorn, M|210\/352
|turn|35
|c|âv-a-p-p-o-r-z|el para
|c|âv-a-p-p-o-r-z|D:
|c| VinylSkratch|FERRO IRON HEAD
|c| xJoelituh|i told u
|c| VinylSkratch|GOGOGOGOG
|c|âv-a-p-p-o-r-z|xd
|c| xJoelituh|aunque ahora el gyro te hara menos daÃ±o
|c|âv-a-p-p-o-r-z|ho cy
|c| VinylSkratch|Lo que daria risa
|c|âv-a-p-p-o-r-z|>:D
|c| VinylSkratch|el iron head
|c| xJoelituh|crit gyro
|c| VinylSkratch|flinchhax
|c|âUn noob inexperto|:c bno tengo gyro ball
|join|Edge1998
|c| xJoelituh|reveal bright powder
|c|âUn noob inexperto|u.u
|c|âv-a-p-p-o-r-z|que tension
|c|âv-a-p-p-o-r-z|kosdkda!!!!!
|c| xJoelituh|atacad ya :>(
|c| VinylSkratch|Reveal focus band
|
|move|p2a: Ferrothorn|Leech Seed|p1a: Clefable
|-start|p1a: Clefable|move: Leech Seed
|cant|p1a: Clefable|par
|
|-heal|p1a: Clefable|369\/394 par|[from] item: Leftovers
|turn|36
|c| waldire|juega zorra de una vez
|c| VinylSkratch|OOO
|c|âv-a-p-p-o-r-z|lol
|c| xJoelituh|UO UO UO
|c|âUn noob inexperto|no tengo gyro ball :v
|c| xJoelituh|NO TIENE
|c| xJoelituh|GGGGGG
|c|âv-a-p-p-o-r-z|RIP
|c| VinylSkratch|MADRE DE DISO LAS PLAYS
|c|âv-a-p-p-o-r-z|XD
|c| VinylSkratch|ALTISIMA LADDER
|c| Nelson elite|holi :3
|c| xJoelituh|gyro era ohko a greninja
|
|move|p2a: Ferrothorn|Stealth Rock|p1a: Clefable
|-fail|p1a: Clefable
|cant|p1a: Clefable|par
|
|-heal|p1a: Clefable|393\/394 par|[from] item: Leftovers
|turn|37
|c| VinylSkratch|UY
|c|âv-a-p-p-o-r-z|-_-
|c| VinylSkratch|LAS SR
|c| Nelson elite|holi :3
|c| xJoelituh|las doble SR seÃ±oree
|
|move|p2a: Ferrothorn|Leech Seed|p1a: Clefable
|-fail|p1a: Clefable
|move|p1a: Clefable|Flamethrower|p2a: Ferrothorn
|-supereffective|p2a: Ferrothorn
|-damage|p2a: Ferrothorn|0 fnt
|faint|p2a: Ferrothorn
|
|win|v-a-p-p-o-r-z
|c| xJoelituh|ale rip
|c|âUn noob inexperto|gg
|c|âv-a-p-p-o-r-z|enga ya
|c|âUn noob inexperto|u.u
|leave|waldire
|c|âv-a-p-p-o-r-z|gg
|c| xJoelituh|gg <3
|leave|JuanSanchez2014
|leave|v-a-p-p-o-r-z
|player|p1
|leave|EonTX24
|leave|VinylSkratch
|leave|DizzyMistress
|leave|Mijail Rico XD
|leave|xJoelituh
|leave|Nelson elite
|leave|GOHANFREE
|leave|Un noob inexperto
|player|p2
|leave|Profesor_Haxx
|leave|Edge1998
|c| Querienk|._.
|leave|TheBrunoVme