|join|Un Noob Inexperto
|join|Verceus
|player|p1|Un Noob Inexperto|294
|player|p2|Verceus|58
|gametype|singles
|gen|6
|tier|OU
|clearpoke
|poke|p1|Talonflame, M
|poke|p1|Suicune
|poke|p1|Charizard, F
|poke|p1|Keldeo-Resolute
|poke|p1|Conkeldurr, M, shiny
|poke|p1|Thundurus, M
|poke|p2|Togekiss, F
|poke|p2|Mandibuzz, F
|poke|p2|Chansey, F
|poke|p2|Medicham, F
|poke|p2|Keldeo
|poke|p2|Diggersby, M
|rule|Swagger Clause: Swagger is banned
|rule|Baton Pass Clause: Limit three PokÃ©mon knowing Baton Pass
|rule|Sleep Clause Mod: Limit one foe put to sleep
|rule|Species Clause: Limit one of each PokÃ©mon
|rule|OHKO Clause: OHKO moves are banned
|rule|Moody Clause: Moody is banned
|rule|Evasion Moves Clause: Evasion moves are banned
|rule|Endless Battle Clause: Forcing endless battles is banned
|rule|HP Percentage Mod: HP is reported as percentages
|teampreview
|chat|Un Noob Inexperto|Ya veras como me haces un 6-0
|
|start
|switch|p1a: Charizard|Charizard, F|297\/297
|switch|p2a: Diggersby|Diggersby, M|311\/311
|turn|1
|join|Miku) Lokenderox
|join|Mixterfull
|
|detailschange|p1a: Charizard|Charizard-Mega-Y, F
|message|Charizard has Mega Evolved into Mega Charizard!
|-weather|SunnyDay
|move|p2a: Diggersby|U-turn|p1a: Charizard
|-resisted|p1a: Charizard
|-damage|p1a: Charizard|266\/297
|
|switch|p2a: Chansey|Chansey, F|641\/641
|move|p1a: Charizard|Solar Beam|p2a: Chansey|[still]
|-prepare|p1a: Charizard|Solar Beam|p2a: Chansey
|-anim|p1a: Charizard|Solar Beam|p2a: Chansey
|-damage|p2a: Chansey|564\/641
|
|-weather|SunnyDay|[upkeep]
|turn|2
|leave|Mixterfull
|
|switch|p1a: Conkeldurr|Conkeldurr, M, shiny|351\/351
|move|p2a: Chansey|Thunder Wave|p1a: Conkeldurr
|-status|p1a: Conkeldurr|par
|
|-weather|SunnyDay|[upkeep]
|turn|3
|
|switch|p2a: Togekiss|Togekiss, F|311\/311
|move|p1a: Conkeldurr|Ice Punch|p2a: Togekiss
|-supereffective|p2a: Togekiss
|-damage|p2a: Togekiss|0 fnt
|faint|p2a: Togekiss
|
|-weather|SunnyDay|[upkeep]
|join|jazmin<3
|
|switch|p2a: Medicham|Medicham, F|262\/262
|turn|4
|chat|Un Noob Inexperto|Dios
|chat|Un Noob Inexperto|uno trata de ser noob y hacesswitches
|
|detailschange|p2a: Medicham|Medicham-Mega, F
|message|Medicham has Mega Evolved into Mega Medicham!
|move|p2a: Medicham|Fake Out|p1a: Conkeldurr
|-damage|p1a: Conkeldurr|259\/351 par
|cant|p1a: Conkeldurr|flinch
|
|-weather|SunnyDay|[upkeep]
|turn|5
|chat|Verceus|Nioooo
|chat|Verceus|Me matarÃ¡ D:
|
|move|p2a: Medicham|Psycho Cut|p1a: Conkeldurr
|-supereffective|p1a: Conkeldurr
|-damage|p1a: Conkeldurr|0 fnt
|faint|p1a: Conkeldurr
|
|-weather|none
|
|switch|p1a: Keldeo-Resolute|Keldeo-Resolute|323\/323
|turn|6
|
|move|p1a: Keldeo-Resolute|Hydro Pump|p2a: Medicham
|-damage|p2a: Medicham|22\/262
|move|p2a: Medicham|Psycho Cut|p1a: Keldeo-Resolute
|-crit|p1a: Keldeo-Resolute
|-supereffective|p1a: Keldeo-Resolute
|-damage|p1a: Keldeo-Resolute|0 fnt
|faint|p1a: Keldeo-Resolute
|
|
|switch|p1a: Charizard|Charizard-Mega-Y, F|266\/297
|-weather|SunnyDay
|turn|7
|
|switch|p2a: Chansey|Chansey, F|564\/641
|move|p1a: Charizard|Air Slash|p2a: Chansey
|-damage|p2a: Chansey|491\/641
|
|-weather|SunnyDay|[upkeep]
|turn|8
|
|switch|p1a: Thundurus|Thundurus, M|300\/300
|move|p2a: Chansey|Seismic Toss|p1a: Thundurus
|-damage|p1a: Thundurus|200\/300
|
|-weather|SunnyDay|[upkeep]
|-heal|p1a: Thundurus|218\/300|[from] item: Leftovers
|turn|9
|
|switch|p1a: Suicune|Suicune|404\/404
|-ability|p1a: Suicune|Pressure
|move|p2a: Chansey|Seismic Toss|p1a: Suicune
|-damage|p1a: Suicune|304\/404
|
|-weather|SunnyDay|[upkeep]
|-heal|p1a: Suicune|329\/404|[from] item: Leftovers
|turn|10
|
|move|p1a: Suicune|Scald|p2a: Chansey
|-damage|p2a: Chansey|470\/641
|move|p2a: Chansey|Thunder Wave|p1a: Suicune
|-status|p1a: Suicune|par
|
|-weather|SunnyDay|[upkeep]
|-heal|p1a: Suicune|354\/404 par|[from] item: Leftovers
|turn|11
|
|move|p2a: Chansey|Soft-Boiled|p2a: Chansey
|-heal|p2a: Chansey|641\/641
|move|p1a: Suicune|Scald|p2a: Chansey
|-damage|p2a: Chansey|617\/641
|
|-weather|none
|-heal|p1a: Suicune|379\/404 par|[from] item: Leftovers
|turn|12
|
|move|p2a: Chansey|Seismic Toss|p1a: Suicune
|-damage|p1a: Suicune|279\/404 par
|move|p1a: Suicune|Calm Mind|p1a: Suicune
|-boost|p1a: Suicune|spa|1
|-boost|p1a: Suicune|spd|1
|
|-heal|p1a: Suicune|304\/404 par|[from] item: Leftovers
|turn|13
|
|switch|p2a: Keldeo|Keldeo|323\/323
|move|p1a: Suicune|Calm Mind|p1a: Suicune
|-boost|p1a: Suicune|spa|1
|-boost|p1a: Suicune|spd|1
|
|-heal|p1a: Suicune|329\/404 par|[from] item: Leftovers
|turn|14
|chat|Miku) Lokenderox|Verceus pelea contra mi soy muy noob
|
|move|p2a: Keldeo|Secret Sword|p1a: Suicune
|-damage|p1a: Suicune|169\/404 par
|move|p1a: Suicune|Scald|p2a: Keldeo
|-resisted|p2a: Keldeo
|-damage|p2a: Keldeo|229\/323
|
|-heal|p1a: Suicune|194\/404 par|[from] item: Leftovers
|turn|15
|
|move|p2a: Keldeo|Secret Sword|p1a: Suicune
|-damage|p1a: Suicune|47\/404 par
|cant|p1a: Suicune|par
|
|-heal|p1a: Suicune|72\/404 par|[from] item: Leftovers
|turn|16
|
|move|p2a: Keldeo|Secret Sword|p1a: Suicune
|-damage|p1a: Suicune|0 fnt
|faint|p1a: Suicune
|
|chat|Verceus|DecÃ­a eso para luchar contra Un Noob Inexperto
|chat|Verceus|que de noob no tiene nada
|chat|Miku) Lokenderox|hahaha XD
|chat|Un Noob Inexperto|si tengo
|chat|Un Noob Inexperto|mes
|chat|Un Noob Inexperto|me estas ganando
|chat|Miku) Lokenderox|encerio no tengo nada bueno
|chat|Verceus|Tienes 1600 ELO, mijo
|
|switch|p1a: Talonflame|Talonflame, M|298\/298
|turn|17
|chat|Verceus|yo 1500
|chat|Verceus|e_e
|
|switch|p2a: Mandibuzz|Mandibuzz, F|424\/424
|move|p1a: Talonflame|Brave Bird|p2a: Mandibuzz
|-damage|p2a: Mandibuzz|301\/424
|-damage|p1a: Talonflame|257\/298|[from] recoil|[of] p2a: Mandibuzz
|
|-heal|p1a: Talonflame|275\/298|[from] item: Leftovers
|-heal|p2a: Mandibuzz|327\/424|[from] item: Leftovers
|turn|18
|join|Phantom Of Hell
|chat|Un Noob Inexperto|tengo ese rank por suerte
|chat|Verceus|.!.
|
|switch|p1a: Thundurus|Thundurus, M|218\/300
|move|p2a: Mandibuzz|Foul Play|p1a: Thundurus
|-damage|p1a: Thundurus|67\/300
|
|-heal|p1a: Thundurus|85\/300|[from] item: Leftovers
|-heal|p2a: Mandibuzz|353\/424|[from] item: Leftovers
|turn|19
|leave|Phantom Of Hell
|
|switch|p2a: Chansey|Chansey, F|617\/641
|move|p1a: Thundurus|Hidden Power|p2a: Chansey
|-damage|p2a: Chansey|583\/641
|
|-heal|p1a: Thundurus|103\/300|[from] item: Leftovers
|turn|20
|chat|Miku) Lokenderox|yo tengo 1200 XD me da flojera el ou
|
|switch|p1a: Talonflame|Talonflame, M|275\/298
|move|p2a: Chansey|Seismic Toss|p1a: Talonflame
|-damage|p1a: Talonflame|175\/298
|
|-heal|p1a: Talonflame|193\/298|[from] item: Leftovers
|turn|21
|
|move|p1a: Talonflame|Swords Dance|p1a: Talonflame
|-boost|p1a: Talonflame|atk|2
|move|p2a: Chansey|Thunder Wave|p1a: Talonflame
|-status|p1a: Talonflame|par
|
|-heal|p1a: Talonflame|211\/298 par|[from] item: Leftovers
|turn|22
|
|switch|p2a: Mandibuzz|Mandibuzz, F|353\/424
|move|p1a: Talonflame|Swords Dance|p1a: Talonflame
|-boost|p1a: Talonflame|atk|2
|
|-heal|p2a: Mandibuzz|379\/424|[from] item: Leftovers
|-heal|p1a: Talonflame|229\/298 par|[from] item: Leftovers
|turn|23
|
|move|p1a: Talonflame|Brave Bird|p2a: Mandibuzz
|-damage|p2a: Mandibuzz|4\/424
|-damage|p1a: Talonflame|105\/298 par|[from] recoil|[of] p2a: Mandibuzz
|move|p2a: Mandibuzz|Foul Play|p1a: Talonflame
|-damage|p1a: Talonflame|0 fnt
|faint|p1a: Talonflame
|
|-heal|p2a: Mandibuzz|30\/424|[from] item: Leftovers
|chat|Un Noob Inexperto|5.0
|chat|Un Noob Inexperto|gg
|chat|Verceus|SKILL
|chat|Verceus|SKIL
|chat|Verceus|SKILL
|
|switch|p1a: Thundurus|Thundurus, M|103\/300
|turn|24
|
|move|p1a: Thundurus|Nasty Plot|p1a: Thundurus
|-boost|p1a: Thundurus|spa|2
|move|p2a: Mandibuzz|Foul Play|p1a: Thundurus
|-crit|p1a: Thundurus
|-damage|p1a: Thundurus|0 fnt
|faint|p1a: Thundurus
|
|-heal|p2a: Mandibuzz|56\/424|[from] item: Leftovers
|
|switch|p1a: Charizard|Charizard-Mega-Y, F|266\/297
|-weather|SunnyDay
|turn|25
|chat|Miku) Lokenderox|XD
|
|switch|p2a: Chansey|Chansey, F|583\/641
|move|p1a: Charizard|Air Slash|p2a: Chansey|[miss]
|-miss|p1a: Charizard|p2a: Chansey
|
|-weather|SunnyDay|[upkeep]
|turn|26
|
|move|p1a: Charizard|Focus Blast|p2a: Chansey|[miss]
|-miss|p1a: Charizard|p2a: Chansey
|move|p2a: Chansey|Thunder Wave|p1a: Charizard
|-status|p1a: Charizard|par
|
|-weather|SunnyDay|[upkeep]
|turn|27
|
|move|p2a: Chansey|Seismic Toss|p1a: Charizard
|-damage|p1a: Charizard|166\/297 par
|move|p1a: Charizard|Focus Blast|p2a: Chansey
|-crit|p2a: Chansey
|-supereffective|p2a: Chansey
|-damage|p2a: Chansey|331\/641
|-unboost|p2a: Chansey|spd|1
|
|-weather|SunnyDay|[upkeep]
|turn|28
|chat|Miku) Lokenderox|verceus yo
|
|move|p2a: Chansey|Seismic Toss|p1a: Charizard
|-damage|p1a: Charizard|66\/297 par
|move|p1a: Charizard|Focus Blast|p2a: Chansey
|-supereffective|p2a: Chansey
|-damage|p2a: Chansey|115\/641
|
|-weather|SunnyDay|[upkeep]
|turn|29
|
|move|p2a: Chansey|Seismic Toss|p1a: Charizard
|-damage|p1a: Charizard|0 fnt
|faint|p1a: Charizard
|
|win|Verceus
|chat|Un Noob Inexperto|gg
|chat|Un Noob Inexperto|ves?
|chat|Un Noob Inexperto|soy noob
|chat|Miku) Lokenderox|xD
|chat|Verceus|Ganar a un noob de verdad no aporta mucho a mis equipos
|chat|Verceus|Pero tÃº eres bueno
|leave|Miku) Lokenderox
|chat|Verceus|y LAw Zero tiene razÃ³n
|chat|Verceus|Mi ladder es comparable al de 1650
|chat|Verceus|SÃ¶lo que tengo bastante mala suerte
|chat|Un Noob Inexperto|Mala suerte?
|chat|Un Noob Inexperto|osea que te encuentras puros counters?
|chat|Verceus|QuerÃ­a comprobarlo contra alguien mÃ¡s fuerte que yo en puntaje
|chat|Verceus|El 50% de las veces me topo o con counters o con haxes definitivos
|chat|Verceus|Law Zero se parte de rosa cuando pierdo las primeras rondas de los torneos 
|chat|Verceus|risa*
|chat|Un Noob Inexperto|yo le hubiera ganado a zero en el torneo TLT de no ser por un fail predict
|chat|Un Noob Inexperto|muchas cosas depende de la suerte
|chat|Verceus|Pero yo tengo el antihax
|chat|Un Noob Inexperto|:v
|chat|Un Noob Inexperto|otra?
|leave|Un Noob Inexperto
|player|p1