|join|Un Noob Inexperto
|join|Diegotoon20
|player|p1|Un Noob Inexperto|294
|player|p2|Diegotoon20|266
|gametype|singles
|gen|6
|tier|OU
|clearpoke
|poke|p1|Kyurem-Black
|poke|p1|Tyranitar, M
|poke|p1|Excadrill, F
|poke|p1|Dragonite, M
|poke|p1|Suicune
|poke|p1|Mawile, M
|poke|p2|Suicune
|poke|p2|Gliscor, F
|poke|p2|Exploud, M
|poke|p2|Jolteon, M
|poke|p2|Hippowdon, M
|poke|p2|Heracross, F
|rule|Swagger Clause: Swagger is banned
|rule|Baton Pass Clause: Limit one PokÃ©mon knowing Baton Pass
|rule|Sleep Clause Mod: Limit one foe put to sleep
|rule|Species Clause: Limit one of each PokÃ©mon
|rule|OHKO Clause: OHKO moves are banned
|rule|Moody Clause: Moody is banned
|rule|Evasion Moves Clause: Evasion moves are banned
|rule|Endless Battle Clause: Forcing endless battles is banned
|rule|HP Percentage Mod: HP is reported as percentages
|teampreview
|
|start
|switch|p1a: Tyranitar|Tyranitar, M|404\/404
|switch|p2a: Exploud|Exploud, M|412\/412
|-weather|Sandstorm
|turn|1
|join|Huey29
|
|move|p2a: Exploud|Surf|p1a: Tyranitar
|-supereffective|p1a: Tyranitar
|-damage|p1a: Tyranitar|270\/404
|move|p1a: Tyranitar|Stealth Rock|p2a: Exploud
|-sidestart|p2: Diegotoon20|move: Stealth Rock
|
|-weather|Sandstorm|[upkeep]
|-damage|p2a: Exploud|387\/412|[from] sandstorm
|turn|2
|join|Maykelios
|
|move|p2a: Exploud|Surf|p1a: Tyranitar
|-supereffective|p1a: Tyranitar
|-damage|p1a: Tyranitar|132\/404
|move|p1a: Tyranitar|Crunch|p2a: Exploud
|-damage|p2a: Exploud|219\/412
|
|-weather|Sandstorm|[upkeep]
|-damage|p2a: Exploud|194\/412|[from] sandstorm
|turn|3
|
|move|p2a: Exploud|Surf|p1a: Tyranitar
|-supereffective|p1a: Tyranitar
|-damage|p1a: Tyranitar|0 fnt
|faint|p1a: Tyranitar
|
|-weather|Sandstorm|[upkeep]
|-damage|p2a: Exploud|169\/412|[from] sandstorm
|
|switch|p1a: Excadrill|Excadrill, F|362\/362
|turn|4
|
|move|p1a: Excadrill|Earthquake|p2a: Exploud
|-damage|p2a: Exploud|0 fnt
|-damage|p1a: Excadrill|326\/362|[from] item: Life Orb
|faint|p2a: Exploud
|
|-weather|Sandstorm|[upkeep]
|
|switch|p2a: Suicune|Suicune|404\/404
|-damage|p2a: Suicune|354\/404|[from] Stealth Rock
|-ability|p2a: Suicune|Pressure
|turn|5
|
|move|p1a: Excadrill|Earthquake|p2a: Suicune
|-damage|p2a: Suicune|212\/404
|-damage|p1a: Excadrill|290\/362|[from] item: Life Orb
|move|p2a: Suicune|Scald|p1a: Excadrill
|-crit|p1a: Excadrill
|-supereffective|p1a: Excadrill
|-damage|p1a: Excadrill|0 fnt
|faint|p1a: Excadrill
|
|-weather|Sandstorm|[upkeep]
|-damage|p2a: Suicune|187\/404|[from] sandstorm
|-heal|p2a: Suicune|212\/404|[from] item: Leftovers
|
|switch|p1a: Kyurem-Black|Kyurem-Black|391\/391
|-ability|p1a: Kyurem-Black|Teravolt
|turn|6
|leave|Maykelios
|
|move|p1a: Kyurem-Black|Fusion Bolt|p2a: Suicune
|-supereffective|p2a: Suicune
|-damage|p2a: Suicune|0 fnt
|-damage|p1a: Kyurem-Black|352\/391|[from] item: Life Orb
|faint|p2a: Suicune
|
|-weather|Sandstorm|[upkeep]
|-damage|p1a: Kyurem-Black|328\/391|[from] sandstorm
|
|switch|p2a: Heracross|Heracross, F|364\/364
|-damage|p2a: Heracross|319\/364|[from] Stealth Rock
|turn|7
|
|detailschange|p2a: Heracross|Heracross-Mega, F
|message|Heracross has Mega Evolved into Mega Heracross!
|move|p1a: Kyurem-Black|Ice Beam|p2a: Heracross
|-damage|p2a: Heracross|115\/364
|-damage|p1a: Kyurem-Black|289\/391|[from] item: Life Orb
|move|p2a: Heracross|Arm Thrust|p1a: Kyurem-Black
|-supereffective|p1a: Kyurem-Black
|-damage|p1a: Kyurem-Black|205\/391
|-supereffective|p1a: Kyurem-Black
|-damage|p1a: Kyurem-Black|125\/391
|-supereffective|p1a: Kyurem-Black
|-damage|p1a: Kyurem-Black|51\/391
|-supereffective|p1a: Kyurem-Black
|-damage|p1a: Kyurem-Black|0 fnt
|-hitcount|p1a: Kyurem-Black|4
|faint|p1a: Kyurem-Black
|
|-weather|Sandstorm|[upkeep]
|-damage|p2a: Heracross|93\/364|[from] sandstorm
|
|switch|p1a: Mawile|Mawile, M|304\/304
|-ability|p1a: Mawile|Intimidate|[of] p2a: Heracross
|-unboost|p2a: Heracross|atk|1
|turn|8
|
|detailschange|p1a: Mawile|Mawile-Mega, M
|message|Mawile has Mega Evolved into Mega Mawile!
|move|p2a: Heracross|Arm Thrust|p1a: Mawile
|-damage|p1a: Mawile|279\/304
|-damage|p1a: Mawile|257\/304
|-damage|p1a: Mawile|235\/304
|-damage|p1a: Mawile|211\/304
|-damage|p1a: Mawile|189\/304
|-hitcount|p1a: Mawile|5
|move|p1a: Mawile|Fire Fang|p2a: Heracross
|-supereffective|p2a: Heracross
|-damage|p2a: Heracross|0 fnt
|faint|p2a: Heracross
|
|-weather|none
|
|switch|p2a: Gliscor|Gliscor, F|354\/354
|-damage|p2a: Gliscor|310\/354|[from] Stealth Rock
|turn|9
|
|move|p2a: Gliscor|Toxic|p1a: Mawile
|-fail|p1a: Mawile
|move|p1a: Mawile|Play Rough|p2a: Gliscor
|-damage|p2a: Gliscor|105\/354
|
|-status|p2a: Gliscor|tox|[from] item: Toxic Orb
|turn|10
|
|move|p2a: Gliscor|Earthquake|p1a: Mawile
|-supereffective|p1a: Mawile
|-damage|p1a: Mawile|0 fnt
|faint|p1a: Mawile
|
|-heal|p2a: Gliscor|149\/354 tox|[from] ability: Poison Heal
|
|switch|p1a: Suicune|Suicune|404\/404
|-ability|p1a: Suicune|Pressure
|turn|11
|
|move|p2a: Gliscor|Toxic|p1a: Suicune
|-status|p1a: Suicune|tox
|move|p1a: Suicune|Calm Mind|p1a: Suicune
|-boost|p1a: Suicune|spa|1
|-boost|p1a: Suicune|spd|1
|
|-heal|p2a: Gliscor|193\/354 tox|[from] ability: Poison Heal
|-damage|p1a: Suicune|379\/404 tox|[from] psn
|turn|12
|
|move|p2a: Gliscor|Earthquake|p1a: Suicune
|-damage|p1a: Suicune|292\/404 tox
|move|p1a: Suicune|Calm Mind|p1a: Suicune
|-boost|p1a: Suicune|spa|1
|-boost|p1a: Suicune|spd|1
|
|-heal|p1a: Suicune|317\/404 tox|[from] item: Leftovers
|-heal|p2a: Gliscor|237\/354 tox|[from] ability: Poison Heal
|-damage|p1a: Suicune|267\/404 tox|[from] psn
|turn|13
|
|move|p2a: Gliscor|Earthquake|p1a: Suicune
|-damage|p1a: Suicune|183\/404 tox
|move|p1a: Suicune|Rest|p1a: Suicune
|-status|p1a: Suicune|slp
|-heal|p1a: Suicune|404\/404 slp|[silent]
|-status|p1a: Suicune|slp|[from] move: Rest
|
|-heal|p2a: Gliscor|281\/354 tox|[from] ability: Poison Heal
|turn|14
|
|move|p2a: Gliscor|Earthquake|p1a: Suicune
|-damage|p1a: Suicune|322\/404 slp
|cant|p1a: Suicune|slp
|move|p1a: Suicune|Sleep Talk|p1a: Suicune
|move|p1a: Suicune|Scald|p2a: Gliscor|[from]Sleep Talk
|-supereffective|p2a: Gliscor
|-damage|p2a: Gliscor|0 fnt
|faint|p2a: Gliscor
|
|-heal|p1a: Suicune|347\/404 slp|[from] item: Leftovers
|
|switch|p2a: Jolteon|Jolteon, M|272\/272
|-damage|p2a: Jolteon|238\/272|[from] Stealth Rock
|turn|15
|
|move|p2a: Jolteon|Thunder|p1a: Suicune
|-supereffective|p1a: Suicune
|-damage|p1a: Suicune|95\/404 slp
|cant|p1a: Suicune|slp
|move|p1a: Suicune|Sleep Talk|p1a: Suicune
|move|p1a: Suicune|Scald|p2a: Jolteon|[from]Sleep Talk
|-damage|p2a: Jolteon|42\/272
|
|-heal|p1a: Suicune|120\/404 slp|[from] item: Leftovers
|turn|16
|
|move|p2a: Jolteon|Thunder|p1a: Suicune
|-supereffective|p1a: Suicune
|-damage|p1a: Suicune|0 fnt
|faint|p1a: Suicune
|
|
|switch|p1a: Dragonite|Dragonite, M|324\/324
|turn|17
|
|move|p2a: Jolteon|Thunder|p1a: Dragonite
|-damage|p1a: Dragonite|203\/324
|move|p1a: Dragonite|Dragon Dance|p1a: Dragonite
|-boost|p1a: Dragonite|atk|1
|-boost|p1a: Dragonite|spe|1
|
|turn|18
|
|move|p1a: Dragonite|Extreme Speed|p2a: Jolteon
|-damage|p2a: Jolteon|0 fnt
|faint|p2a: Jolteon
|
|
|switch|p2a: Hippowdon|Hippowdon, M|420\/420
|-damage|p2a: Hippowdon|394\/420|[from] Stealth Rock
|-weather|Sandstorm
|turn|19
|
|move|p1a: Dragonite|Extreme Speed|p2a: Hippowdon
|-damage|p2a: Hippowdon|298\/420
|-damage|p1a: Dragonite|149\/324|[from] item: Rocky Helmet|[of] p2a: Hippowdon
|move|p2a: Hippowdon|Curse|p2a: Hippowdon
|-boost|p2a: Hippowdon|atk|1
|-boost|p2a: Hippowdon|def|1
|-unboost|p2a: Hippowdon|spe|1
|
|-weather|Sandstorm|[upkeep]
|-damage|p1a: Dragonite|129\/324|[from] sandstorm
|turn|20
|
|move|p1a: Dragonite|Dragon Dance|p1a: Dragonite
|-boost|p1a: Dragonite|atk|1
|-boost|p1a: Dragonite|spe|1
|move|p2a: Hippowdon|Curse|p2a: Hippowdon
|-boost|p2a: Hippowdon|atk|1
|-boost|p2a: Hippowdon|def|1
|-unboost|p2a: Hippowdon|spe|1
|
|-weather|Sandstorm|[upkeep]
|-damage|p1a: Dragonite|109\/324|[from] sandstorm
|turn|21
|
|move|p1a: Dragonite|Outrage|p2a: Hippowdon
|-damage|p2a: Hippowdon|138\/420
|-damage|p1a: Dragonite|55\/324|[from] item: Rocky Helmet|[of] p2a: Hippowdon
|move|p2a: Hippowdon|Return|p1a: Dragonite
|-damage|p1a: Dragonite|0 fnt
|faint|p1a: Dragonite
|
|win|Diegotoon20
|chat|Un Noob Inexperto|gg
|chat|Diegotoon20|gg
|leave|Un Noob Inexperto
|player|p1
|leave|Huey29