|join|Un noob inexperto
|join|joe23
|player|p1|Un noob inexperto|294
|player|p2|joe23|151
|gametype|singles
|gen|6
|tier|OU
|rated
|clearpoke
|poke|p1|Slowbro, M
|poke|p1|Breloom, F
|poke|p1|Landorus-Therian, M
|poke|p1|Heracross, F
|poke|p1|Heatran, M
|poke|p1|Latios, M
|poke|p2|Venusaur, M
|poke|p2|Heatran, M
|poke|p2|Rotom-Wash
|poke|p2|Landorus-Therian, M
|poke|p2|Azumarill, F
|poke|p2|Talonflame, F
|rule|Swagger Clause: Swagger is banned
|rule|Baton Pass Clause: Limit one PokÃ©mon knowing Baton Pass
|rule|Sleep Clause Mod: Limit one foe put to sleep
|rule|Species Clause: Limit one of each PokÃ©mon
|rule|OHKO Clause: OHKO moves are banned
|rule|Moody Clause: Moody is banned
|rule|Evasion Moves Clause: Evasion moves are banned
|rule|Endless Battle Clause: Forcing endless battles is banned
|rule|HP Percentage Mod: HP is shown in percentages
|teampreview
|c|âUn noob inexperto|gl hf
|c|âUn noob inexperto|ewe
|
|start
|switch|p1a: Landorus-Therian|Landorus-Therian, M|320\/320
|switch|p2a: diosito-therian|Landorus-Therian, M|320\/320
|-ability|p1a: Landorus-Therian|Intimidate|[of] p2a: diosito-therian
|-unboost|p2a: diosito-therian|atk|1
|-ability|p2a: diosito-therian|Intimidate|[of] p1a: Landorus-Therian
|-unboost|p1a: Landorus-Therian|atk|1
|turn|1
|
|move|p1a: Landorus-Therian|U-turn|p2a: diosito-therian
|-resisted|p2a: diosito-therian
|-damage|p2a: diosito-therian|284\/320
|
|switch|p1a: Breloom|Breloom, F|262\/262
|move|p2a: diosito-therian|Knock Off|p1a: Breloom
|-crit|p1a: Breloom
|-resisted|p1a: Breloom
|-damage|p1a: Breloom|143\/262
|-enditem|p1a: Breloom|Focus Sash|[from] move: Knock Off|[of] p2a: diosito-therian
|
|turn|2
|
|switch|p2a: colombiano|Venusaur, M|359\/359
|switch|p1a: Heatran|Heatran, M|386\/386
|
|turn|3
|
|detailschange|p2a: colombiano|Venusaur-Mega, M
|message|Venusaur has Mega Evolved into Mega Venusaur!
|move|p2a: colombiano|Leech Seed|p1a: Heatran
|-start|p1a: Heatran|move: Leech Seed
|move|p1a: Heatran|Substitute|p1a: Heatran
|-start|p1a: Heatran|Substitute
|-damage|p1a: Heatran|290\/386
|
|-heal|p1a: Heatran|314\/386|[from] item: Leftovers
|-damage|p1a: Heatran|266\/386|[from] Leech Seed|[of] p2a: colombiano
|turn|4
|
|move|p2a: colombiano|Giga Drain|p1a: Heatran
|-resisted|p1a: Heatran
|-activate|p1a: Heatran|Substitute|[damage]
|move|p1a: Heatran|Stealth Rock|p2a: colombiano
|-sidestart|p2: joe23|move: Stealth Rock
|
|-heal|p1a: Heatran|290\/386|[from] item: Leftovers
|-damage|p1a: Heatran|242\/386|[from] Leech Seed|[of] p2a: colombiano
|turn|5
|
|move|p2a: colombiano|Giga Drain|p1a: Heatran
|-resisted|p1a: Heatran
|-activate|p1a: Heatran|Substitute|[damage]
|move|p1a: Heatran|Lava Plume|p2a: colombiano
|-supereffective|p2a: colombiano
|-damage|p2a: colombiano|251\/359
|
|-heal|p1a: Heatran|266\/386|[from] item: Leftovers
|-damage|p1a: Heatran|218\/386|[from] Leech Seed|[of] p2a: colombiano
|-heal|p2a: colombiano|299\/359|[silent]
|turn|6
|
|switch|p1a: Latios|Latios, M|302\/302
|move|p2a: colombiano|Giga Drain|p1a: Latios
|-resisted|p1a: Latios
|-damage|p1a: Latios|239\/302
|-heal|p2a: colombiano|331\/359|[from] drain|[of] p1a: Latios
|
|turn|7
|
|switch|p1a: Landorus-Therian|Landorus-Therian, M|320\/320
|-ability|p1a: Landorus-Therian|Intimidate|[of] p2a: colombiano
|-unboost|p2a: colombiano|atk|1
|switch|p2a: lavadora mabe|Rotom-Wash|242\/242
|-damage|p2a: lavadora mabe|212\/242|[from] Stealth Rock
|
|-heal|p2a: lavadora mabe|227\/242|[from] item: Leftovers
|turn|8
|
|move|p1a: Landorus-Therian|U-turn|p2a: lavadora mabe
|-damage|p2a: lavadora mabe|166\/242
|
|switch|p1a: Latios|Latios, M|239\/302
|move|p2a: lavadora mabe|Hydro Pump|p1a: Latios
|-resisted|p1a: Latios
|-damage|p1a: Latios|160\/302
|
|-heal|p2a: lavadora mabe|181\/242|[from] item: Leftovers
|turn|9
|
|move|p1a: Latios|Psyshock|p2a: lavadora mabe
|-damage|p2a: lavadora mabe|36\/242
|move|p2a: lavadora mabe|Thunder Wave|p1a: Latios
|-status|p1a: Latios|par
|
|-heal|p2a: lavadora mabe|51\/242|[from] item: Leftovers
|turn|10
|
|switch|p2a: terremoto D':|Heatran, M|324\/324
|-damage|p2a: terremoto D':|284\/324|[from] Stealth Rock
|-item|p2a: terremoto D':|Air Balloon
|switch|p1a: Landorus-Therian|Landorus-Therian, M|320\/320
|-ability|p1a: Landorus-Therian|Intimidate|[of] p2a: terremoto D':
|-unboost|p2a: terremoto D':|atk|1
|
|turn|11
|
|move|p1a: Landorus-Therian|U-turn|p2a: terremoto D':
|-resisted|p2a: terremoto D':
|-damage|p2a: terremoto D':|263\/324
|-enditem|p2a: terremoto D':|Air Balloon
|
|switch|p1a: Latios|Latios, M|160\/302 par
|move|p2a: terremoto D':|Stealth Rock|p1a: Latios
|-sidestart|p1: Un noob inexperto|move: Stealth Rock
|
|turn|12
|
|switch|p2a: el diablo D:|Azumarill, F|401\/401
|-damage|p2a: el diablo D:|351\/401|[from] Stealth Rock
|move|p1a: Latios|Trick|p2a: el diablo D:
|-activate|p1a: Latios|move: Trick|[of] p2a: el diablo D:
|-item|p2a: el diablo D:|Choice Specs|[from] move: Trick
|-item|p1a: Latios|Assault Vest|[from] move: Trick
|
|turn|13
|
|switch|p1a: Heatran|Heatran, M|218\/386
|-damage|p1a: Heatran|170\/386|[from] Stealth Rock
|move|p2a: el diablo D:|Knock Off|p1a: Heatran
|-damage|p1a: Heatran|25\/386
|-enditem|p1a: Heatran|Leftovers|[from] move: Knock Off|[of] p2a: el diablo D:
|
|turn|14
|
|move|p1a: Heatran|Toxic|p2a: el diablo D:|[miss]
|-miss|p1a: Heatran|p2a: el diablo D:
|move|p2a: el diablo D:|Knock Off|p1a: Heatran
|-crit|p1a: Heatran
|-damage|p1a: Heatran|0 fnt
|faint|p1a: Heatran
|
|
|switch|p1a: Heracross|Heracross, F|352\/352
|-damage|p1a: Heracross|308\/352|[from] Stealth Rock
|turn|15
|
|switch|p2a: diosito-therian|Landorus-Therian, M|284\/320
|-damage|p2a: diosito-therian|244\/320|[from] Stealth Rock
|-ability|p2a: diosito-therian|Intimidate|[of] p1a: Heracross
|-unboost|p1a: Heracross|atk|1
|detailschange|p1a: Heracross|Heracross-Mega, F
|message|Heracross has Mega Evolved into Mega Heracross!
|move|p1a: Heracross|Bullet Seed|p2a: diosito-therian
|-damage|p2a: diosito-therian|211\/320
|-damage|p2a: diosito-therian|179\/320
|-damage|p2a: diosito-therian|149\/320
|-damage|p2a: diosito-therian|118\/320
|-damage|p2a: diosito-therian|85\/320
|-hitcount|p2a: diosito-therian|5
|
|turn|16
|
|move|p2a: diosito-therian|Rock Slide|p1a: Heracross
|-damage|p1a: Heracross|214\/352
|move|p1a: Heracross|Close Combat|p2a: diosito-therian
|-resisted|p2a: diosito-therian
|-damage|p2a: diosito-therian|0 fnt
|-unboost|p1a: Heracross|def|1
|-unboost|p1a: Heracross|spd|1
|faint|p2a: diosito-therian
|
|
|switch|p2a: Talonflame|Talonflame, F|303\/303
|-damage|p2a: Talonflame|152\/303|[from] Stealth Rock
|turn|17
|
|switch|p1a: Breloom|Breloom, F|143\/262
|-damage|p1a: Breloom|127\/262|[from] Stealth Rock
|move|p2a: Talonflame|Brave Bird|p1a: Breloom
|-supereffective|p1a: Breloom
|-damage|p1a: Breloom|0 fnt
|-damage|p2a: Talonflame|110\/303|[from] recoil|[of] p1a: Breloom
|faint|p1a: Breloom
|
|
|switch|p1a: Landorus-Therian|Landorus-Therian, M|320\/320
|-damage|p1a: Landorus-Therian|280\/320|[from] Stealth Rock
|-ability|p1a: Landorus-Therian|Intimidate|[of] p2a: Talonflame
|-unboost|p2a: Talonflame|atk|1
|turn|18
|
|move|p2a: Talonflame|Brave Bird|p1a: Landorus-Therian
|-damage|p1a: Landorus-Therian|105\/320
|-damage|p2a: Talonflame|52\/303|[from] recoil|[of] p1a: Landorus-Therian
|move|p1a: Landorus-Therian|Knock Off|p2a: Talonflame
|-damage|p2a: Talonflame|0 fnt
|-enditem|p2a: Talonflame|Choice Band|[from] move: Knock Off|[of] p1a: Landorus-Therian
|faint|p2a: Talonflame
|
|
|switch|p2a: colombiano|Venusaur-Mega, M|331\/359
|-damage|p2a: colombiano|287\/359|[from] Stealth Rock
|turn|19
|
|switch|p1a: Heracross|Heracross-Mega, F|214\/352
|-damage|p1a: Heracross|170\/352|[from] Stealth Rock
|move|p2a: colombiano|Leech Seed|p1a: Heracross
|-start|p1a: Heracross|move: Leech Seed
|
|-damage|p1a: Heracross|126\/352|[from] Leech Seed|[of] p2a: colombiano
|-heal|p2a: colombiano|331\/359|[silent]
|turn|20
|
|move|p2a: colombiano|Hidden Power|p1a: Heracross
|-supereffective|p1a: Heracross
|-damage|p1a: Heracross|0 fnt
|faint|p1a: Heracross
|
|
|switch|p1a: Latios|Latios, M|160\/302 par
|-damage|p1a: Latios|123\/302 par|[from] Stealth Rock
|turn|21
|
|move|p2a: colombiano|Sludge Bomb|p1a: Latios
|-damage|p1a: Latios|17\/302 par
|cant|p1a: Latios|par
|
|turn|22
|
|move|p2a: colombiano|Sludge Bomb|p1a: Latios
|-damage|p1a: Latios|0 fnt
|faint|p1a: Latios
|
|
|switch|p1a: Landorus-Therian|Landorus-Therian, M|105\/320
|-damage|p1a: Landorus-Therian|65\/320|[from] Stealth Rock
|-ability|p1a: Landorus-Therian|Intimidate|[of] p2a: colombiano
|-unboost|p2a: colombiano|atk|1
|turn|23
|
|move|p1a: Landorus-Therian|Earthquake|p2a: colombiano
|-crit|p2a: colombiano
|-damage|p2a: colombiano|106\/359
|move|p2a: colombiano|Giga Drain|p1a: Landorus-Therian
|-damage|p1a: Landorus-Therian|0 fnt
|-heal|p2a: colombiano|139\/359|[from] drain|[of] p1a: Landorus-Therian
|faint|p1a: Landorus-Therian
|
|
|switch|p1a: Slowbro|Slowbro, M|394\/394
|-damage|p1a: Slowbro|345\/394|[from] Stealth Rock
|turn|24
|
|move|p2a: colombiano|Leech Seed|p1a: Slowbro|[miss]
|-miss|p2a: colombiano|p1a: Slowbro
|move|p1a: Slowbro|Calm Mind|p1a: Slowbro
|-boost|p1a: Slowbro|spa|1
|-boost|p1a: Slowbro|spd|1
|
|-heal|p1a: Slowbro|369\/394|[from] item: Leftovers
|turn|25
|
|move|p2a: colombiano|Leech Seed|p1a: Slowbro
|-start|p1a: Slowbro|move: Leech Seed
|move|p1a: Slowbro|Calm Mind|p1a: Slowbro
|-boost|p1a: Slowbro|spa|1
|-boost|p1a: Slowbro|spd|1
|
|-heal|p1a: Slowbro|393\/394|[from] item: Leftovers
|-damage|p1a: Slowbro|344\/394|[from] Leech Seed|[of] p2a: colombiano
|-heal|p2a: colombiano|188\/359|[silent]
|turn|26
|c|âjoe23|azumarril :'v
|
|move|p2a: colombiano|Giga Drain|p1a: Slowbro
|-supereffective|p1a: Slowbro
|-damage|p1a: Slowbro|170\/394
|-heal|p2a: colombiano|275\/359|[from] drain|[of] p1a: Slowbro
|move|p1a: Slowbro|Calm Mind|p1a: Slowbro
|-boost|p1a: Slowbro|spa|1
|-boost|p1a: Slowbro|spd|1
|
|-heal|p1a: Slowbro|194\/394|[from] item: Leftovers
|-damage|p1a: Slowbro|145\/394|[from] Leech Seed|[of] p2a: colombiano
|-heal|p2a: colombiano|324\/359|[silent]
|turn|27
|c|âjoe23|slack off D:
|
|move|p2a: colombiano|Giga Drain|p1a: Slowbro
|-supereffective|p1a: Slowbro
|-damage|p1a: Slowbro|17\/394
|-heal|p2a: colombiano|359\/359|[from] drain|[of] p1a: Slowbro
|move|p1a: Slowbro|Slack Off|p1a: Slowbro
|-heal|p1a: Slowbro|214\/394
|
|-heal|p1a: Slowbro|238\/394|[from] item: Leftovers
|-damage|p1a: Slowbro|189\/394|[from] Leech Seed|[of] p2a: colombiano
|turn|28
|c|âjoe23|critic critic 
|
|move|p2a: colombiano|Giga Drain|p1a: Slowbro
|-supereffective|p1a: Slowbro
|-damage|p1a: Slowbro|45\/394
|move|p1a: Slowbro|Slack Off|p1a: Slowbro
|-heal|p1a: Slowbro|242\/394
|
|-heal|p1a: Slowbro|266\/394|[from] item: Leftovers
|-damage|p1a: Slowbro|217\/394|[from] Leech Seed|[of] p2a: colombiano
|turn|29
|
|move|p2a: colombiano|Leech Seed|p1a: Slowbro
|-fail|p1a: Slowbro
|move|p1a: Slowbro|Slack Off|p1a: Slowbro
|-heal|p1a: Slowbro|394\/394
|
|-damage|p1a: Slowbro|345\/394|[from] Leech Seed|[of] p2a: colombiano
|turn|30
|
|move|p2a: colombiano|Giga Drain|p1a: Slowbro
|-supereffective|p1a: Slowbro
|-damage|p1a: Slowbro|199\/394
|move|p1a: Slowbro|Slack Off|p1a: Slowbro
|-heal|p1a: Slowbro|394\/394
|
|-damage|p1a: Slowbro|345\/394|[from] Leech Seed|[of] p2a: colombiano
|turn|31
|
|move|p2a: colombiano|Giga Drain|p1a: Slowbro
|-supereffective|p1a: Slowbro
|-damage|p1a: Slowbro|205\/394
|move|p1a: Slowbro|Calm Mind|p1a: Slowbro
|-boost|p1a: Slowbro|spa|1
|-boost|p1a: Slowbro|spd|1
|
|-heal|p1a: Slowbro|229\/394|[from] item: Leftovers
|-damage|p1a: Slowbro|180\/394|[from] Leech Seed|[of] p2a: colombiano
|turn|32
|join|NDKpower
|
|move|p2a: colombiano|Giga Drain|p1a: Slowbro
|-supereffective|p1a: Slowbro
|-damage|p1a: Slowbro|72\/394
|move|p1a: Slowbro|Slack Off|p1a: Slowbro
|-heal|p1a: Slowbro|269\/394
|
|-heal|p1a: Slowbro|293\/394|[from] item: Leftovers
|-damage|p1a: Slowbro|244\/394|[from] Leech Seed|[of] p2a: colombiano
|turn|33
|c|âUn noob inexperto|dame un critico rapido :v
|c|âjoe23|necesito critico :'v
|
|move|p2a: colombiano|Giga Drain|p1a: Slowbro
|-supereffective|p1a: Slowbro
|-damage|p1a: Slowbro|134\/394
|move|p1a: Slowbro|Slack Off|p1a: Slowbro
|-heal|p1a: Slowbro|331\/394
|
|-heal|p1a: Slowbro|355\/394|[from] item: Leftovers
|-damage|p1a: Slowbro|306\/394|[from] Leech Seed|[of] p2a: colombiano
|turn|34
|c|âjoe23|que no tienes otros move ?
|c|âjoe23|??
|leave|NDKpower
|
|move|p2a: colombiano|Giga Drain|p1a: Slowbro
|-supereffective|p1a: Slowbro
|-damage|p1a: Slowbro|190\/394
|move|p1a: Slowbro|Calm Mind|p1a: Slowbro
|-boost|p1a: Slowbro|spa|1
|-boost|p1a: Slowbro|spd|1
|
|-heal|p1a: Slowbro|214\/394|[from] item: Leftovers
|-damage|p1a: Slowbro|165\/394|[from] Leech Seed|[of] p2a: colombiano
|turn|35
|c|âUn noob inexperto|vamos tio
|c|âUn noob inexperto|me estoy dejando desde hace rato
|c|âjoe23|.-. me huele a culeada
|c|âUn noob inexperto|Que no te puede salir un crit rapido?
|c|âUn noob inexperto|e_e
|
|move|p2a: colombiano|Giga Drain|p1a: Slowbro
|-supereffective|p1a: Slowbro
|-damage|p1a: Slowbro|63\/394
|move|p1a: Slowbro|Slack Off|p1a: Slowbro
|-heal|p1a: Slowbro|260\/394
|
|-heal|p1a: Slowbro|284\/394|[from] item: Leftovers
|-damage|p1a: Slowbro|235\/394|[from] Leech Seed|[of] p2a: colombiano
|turn|36
|c|âjoe23|no sale :'v
|c|âUn noob inexperto|aqui si va a salir
|c|âUn noob inexperto|e.e
|c|âjoe23|vamos 20 turnos y no sale
|
|move|p2a: colombiano|Giga Drain|p1a: Slowbro
|-supereffective|p1a: Slowbro
|-damage|p1a: Slowbro|143\/394
|move|p1a: Slowbro|Slack Off|p1a: Slowbro
|-heal|p1a: Slowbro|340\/394
|
|-heal|p1a: Slowbro|364\/394|[from] item: Leftovers
|-damage|p1a: Slowbro|315\/394|[from] Leech Seed|[of] p2a: colombiano
|turn|37
|
|move|p2a: colombiano|Giga Drain|p1a: Slowbro
|-supereffective|p1a: Slowbro
|-damage|p1a: Slowbro|217\/394
|move|p1a: Slowbro|Slack Off|p1a: Slowbro
|-heal|p1a: Slowbro|394\/394
|
|-damage|p1a: Slowbro|345\/394|[from] Leech Seed|[of] p2a: colombiano
|turn|38
|c|âjoe23|dia 3 seguimos buscando el critico...
|
|move|p2a: colombiano|Giga Drain|p1a: Slowbro
|-supereffective|p1a: Slowbro
|-damage|p1a: Slowbro|243\/394
|move|p1a: Slowbro|Psyshock|p2a: colombiano
|-supereffective|p2a: colombiano
|-damage|p2a: colombiano|0 fnt
|faint|p2a: colombiano
|
|-heal|p1a: Slowbro|267\/394|[from] item: Leftovers
|
|switch|p2a: el diablo D:|Azumarill, F|351\/401
|-damage|p2a: el diablo D:|301\/401|[from] Stealth Rock
|turn|39
|
|move|p2a: el diablo D:|Knock Off|p1a: Slowbro
|-supereffective|p1a: Slowbro
|-damage|p1a: Slowbro|69\/394
|-enditem|p1a: Slowbro|Leftovers|[from] move: Knock Off|[of] p2a: el diablo D:
|move|p1a: Slowbro|Slack Off|p1a: Slowbro
|-heal|p1a: Slowbro|266\/394
|
|-damage|p1a: Slowbro|217\/394|[from] Leech Seed|[of] p2a: el diablo D:
|-heal|p2a: el diablo D:|350\/401|[silent]
|turn|40
|
|move|p2a: el diablo D:|Knock Off|p1a: Slowbro
|-supereffective|p1a: Slowbro
|-damage|p1a: Slowbro|87\/394
|move|p1a: Slowbro|Slack Off|p1a: Slowbro
|-heal|p1a: Slowbro|284\/394
|
|-damage|p1a: Slowbro|235\/394|[from] Leech Seed|[of] p2a: el diablo D:
|-heal|p2a: el diablo D:|399\/401|[silent]
|turn|41
|
|move|p2a: el diablo D:|Knock Off|p1a: Slowbro
|-supereffective|p1a: Slowbro
|-damage|p1a: Slowbro|113\/394
|move|p1a: Slowbro|Slack Off|p1a: Slowbro
|-heal|p1a: Slowbro|310\/394
|
|-damage|p1a: Slowbro|261\/394|[from] Leech Seed|[of] p2a: el diablo D:
|-heal|p2a: el diablo D:|401\/401|[silent]
|turn|42
|
|move|p2a: el diablo D:|Knock Off|p1a: Slowbro
|-supereffective|p1a: Slowbro
|-damage|p1a: Slowbro|125\/394
|move|p1a: Slowbro|Slack Off|p1a: Slowbro
|-heal|p1a: Slowbro|322\/394
|
|-damage|p1a: Slowbro|273\/394|[from] Leech Seed|[of] p2a: el diablo D:
|turn|43
|c|âjoe23|necesito un critico .-.
|
|move|p2a: el diablo D:|Knock Off|p1a: Slowbro
|-supereffective|p1a: Slowbro
|-damage|p1a: Slowbro|143\/394
|move|p1a: Slowbro|Slack Off|p1a: Slowbro
|-heal|p1a: Slowbro|340\/394
|
|-damage|p1a: Slowbro|291\/394|[from] Leech Seed|[of] p2a: el diablo D:
|turn|44
|
|move|p2a: el diablo D:|Knock Off|p1a: Slowbro
|-supereffective|p1a: Slowbro
|-damage|p1a: Slowbro|163\/394
|move|p1a: Slowbro|Scald|p2a: el diablo D:
|-resisted|p2a: el diablo D:
|-damage|p2a: el diablo D:|191\/401
|
|-damage|p1a: Slowbro|114\/394|[from] Leech Seed|[of] p2a: el diablo D:
|-heal|p2a: el diablo D:|240\/401|[silent]
|turn|45
|c|âjoe23|dios necesito :'v un critico y yo unas plegarias
|c|âUn noob inexperto|gg
|
|move|p2a: el diablo D:|Knock Off|p1a: Slowbro
|-supereffective|p1a: Slowbro
|-damage|p1a: Slowbro|0 fnt
|faint|p1a: Slowbro
|
|win|joe23
|raw|Ladder updating...
|raw|Un noob inexperto's rating: 1408 &rarr; <strong>1386<\/strong><br \/>(-22 for losing)
|raw|joe23's rating: 1378 &rarr; <strong>1400<\/strong><br \/>(+22 for winning)