|join|Un noob inexperto
|join|GUARDIaN927
|player|p1|Un noob inexperto|294
|player|p2|GUARDIaN927|274
|gametype|singles
|gen|6
|tier|OU
|rated
|clearpoke
|poke|p1|Slowbro, F
|poke|p1|Breloom, F
|poke|p1|Rotom-Wash
|poke|p1|Heracross, M
|poke|p1|Skarmory, M
|poke|p1|Latios, M
|poke|p2|Scizor, F
|poke|p2|Heatran, M
|poke|p2|Latios, M
|poke|p2|Rotom-Wash
|poke|p2|Landorus-Therian, M
|poke|p2|Azumarill, M
|rule|Swagger Clause: Swagger is banned
|rule|Baton Pass Clause: Limit one PokÃ©mon knowing Baton Pass
|rule|Sleep Clause Mod: Limit one foe put to sleep
|rule|Species Clause: Limit one of each PokÃ©mon
|rule|OHKO Clause: OHKO moves are banned
|rule|Moody Clause: Moody is banned
|rule|Evasion Moves Clause: Evasion moves are banned
|rule|Endless Battle Clause: Forcing endless battles is banned
|rule|HP Percentage Mod: HP is shown in percentages
|teampreview
|c|âUn noob inexperto|gl hf bro
|c|âGUARDIaN927|you too
|
|start
|switch|p1a: Breloom|Breloom, F|262\/262
|switch|p2a: Latios|Latios, M|302\/302
|turn|1
|
|move|p2a: Latios|Psyshock|p1a: Breloom
|-supereffective|p1a: Breloom
|-enditem|p1a: Breloom|Focus Sash
|-damage|p1a: Breloom|1\/262
|-damage|p2a: Latios|272\/302|[from] item: Life Orb
|move|p1a: Breloom|Spore|p2a: Latios
|-status|p2a: Latios|slp
|
|turn|2
|
|cant|p2a: Latios|slp
|move|p1a: Breloom|Bullet Seed|p2a: Latios
|-resisted|p2a: Latios
|-damage|p2a: Latios|233\/302 slp
|-resisted|p2a: Latios
|-damage|p2a: Latios|190\/302 slp
|-resisted|p2a: Latios
|-damage|p2a: Latios|153\/302 slp
|-resisted|p2a: Latios
|-damage|p2a: Latios|115\/302 slp
|-hitcount|p2a: Latios|4
|
|turn|3
|
|cant|p2a: Latios|slp
|move|p1a: Breloom|Bullet Seed|p2a: Latios
|-resisted|p2a: Latios
|-damage|p2a: Latios|76\/302 slp
|-resisted|p2a: Latios
|-damage|p2a: Latios|34\/302 slp
|-hitcount|p2a: Latios|2
|
|turn|4
|
|move|p1a: Breloom|Mach Punch|p2a: Latios
|-resisted|p2a: Latios
|-damage|p2a: Latios|0 fnt
|faint|p2a: Latios
|
|
|switch|p2a: Scizor|Scizor, F|343\/343
|turn|5
|
|detailschange|p2a: Scizor|Scizor-Mega, F
|message|Scizor has Mega Evolved into Mega Scizor!
|move|p1a: Breloom|Mach Punch|p2a: Scizor
|-damage|p2a: Scizor|264\/343
|move|p2a: Scizor|Bullet Punch|p1a: Breloom
|-damage|p1a: Breloom|0 fnt
|faint|p1a: Breloom
|
|
|switch|p1a: Rotom-Wash|Rotom-Wash|304\/304
|turn|6
|
|switch|p2a: Heatran|Heatran, M|385\/385
|move|p1a: Rotom-Wash|Hydro Pump|p2a: Heatran
|-supereffective|p2a: Heatran
|-damage|p2a: Heatran|211\/385
|
|-heal|p2a: Heatran|235\/385|[from] item: Leftovers
|turn|7
|
|move|p2a: Heatran|Protect|p2a: Heatran
|-singleturn|p2a: Heatran|Protect
|move|p1a: Rotom-Wash|Volt Switch|p2a: Heatran
|-activate|p2a: Heatran|Protect
|
|-heal|p2a: Heatran|259\/385|[from] item: Leftovers
|turn|8
|
|move|p1a: Rotom-Wash|Hydro Pump|p2a: Heatran
|-supereffective|p2a: Heatran
|-damage|p2a: Heatran|85\/385
|move|p2a: Heatran|Toxic|p1a: Rotom-Wash
|-status|p1a: Rotom-Wash|tox
|
|-heal|p2a: Heatran|109\/385|[from] item: Leftovers
|-damage|p1a: Rotom-Wash|285\/304 tox|[from] psn
|turn|9
|
|switch|p1a: Heracross|Heracross, M|352\/352
|move|p2a: Heatran|Protect|p2a: Heatran
|-fail|p2a: Heatran
|
|-heal|p2a: Heatran|133\/385|[from] item: Leftovers
|turn|10
|
|switch|p2a: Azumarill|Azumarill, M|363\/363
|detailschange|p1a: Heracross|Heracross-Mega, M
|message|Heracross has Mega Evolved into Mega Heracross!
|move|p1a: Heracross|Rock Blast|p2a: Azumarill
|-damage|p2a: Azumarill|316\/363
|-damage|p2a: Azumarill|267\/363
|-damage|p2a: Azumarill|220\/363
|-damage|p2a: Azumarill|165\/363
|-crit|p2a: Azumarill
|-damage|p2a: Azumarill|92\/363
|-hitcount|p2a: Azumarill|5
|
|turn|11
|
|switch|p2a: Landorus-Therian|Landorus-Therian, M|354\/354
|-ability|p2a: Landorus-Therian|Intimidate|[of] p1a: Heracross
|-unboost|p1a: Heracross|atk|1
|move|p1a: Heracross|Bullet Seed|p2a: Landorus-Therian
|-damage|p2a: Landorus-Therian|322\/354
|-damage|p2a: Landorus-Therian|289\/354
|-damage|p2a: Landorus-Therian|259\/354
|-damage|p2a: Landorus-Therian|228\/354
|-damage|p2a: Landorus-Therian|194\/354
|-hitcount|p2a: Landorus-Therian|5
|
|turn|12
|
|switch|p1a: Skarmory|Skarmory, M|334\/334
|move|p2a: Landorus-Therian|Stone Edge|p1a: Skarmory
|-crit|p1a: Skarmory
|-damage|p1a: Skarmory|229\/334
|
|turn|13
|
|switch|p2a: Rotom-Wash|Rotom-Wash|304\/304
|switch|p1a: Slowbro|Slowbro, F|394\/394
|
|turn|14
|
|switch|p1a: Latios|Latios, M|302\/302
|move|p2a: Rotom-Wash|Volt Switch|p1a: Latios
|-resisted|p1a: Latios
|-damage|p1a: Latios|260\/302
|
|switch|p2a: Scizor|Scizor-Mega, F|264\/343
|
|turn|15
|
|move|p1a: Latios|Surf|p2a: Scizor
|-crit|p2a: Scizor
|-damage|p2a: Scizor|63\/343
|move|p2a: Scizor|Roost|p2a: Scizor
|-heal|p2a: Scizor|235\/343
|
|turn|16
|
|switch|p1a: Skarmory|Skarmory, M|229\/334
|move|p2a: Scizor|Roost|p2a: Scizor
|-heal|p2a: Scizor|343\/343
|
|turn|17
|
|move|p2a: Scizor|Knock Off|p1a: Skarmory
|-damage|p1a: Skarmory|162\/334
|-damage|p2a: Scizor|286\/343|[from] item: Rocky Helmet|[of] p1a: Skarmory
|-enditem|p1a: Skarmory|Rocky Helmet|[from] move: Knock Off|[of] p2a: Scizor
|move|p1a: Skarmory|Stealth Rock|p2a: Scizor
|-sidestart|p2: GUARDIaN927|move: Stealth Rock
|
|turn|18
|
|move|p2a: Scizor|Swords Dance|p2a: Scizor
|-boost|p2a: Scizor|atk|2
|move|p1a: Skarmory|Roost|p1a: Skarmory
|-heal|p1a: Skarmory|329\/334
|
|turn|19
|
|move|p2a: Scizor|Bullet Punch|p1a: Skarmory
|-resisted|p1a: Skarmory
|-damage|p1a: Skarmory|269\/334
|move|p1a: Skarmory|Whirlwind|p2a: Scizor
|drag|p2a: Azumarill|Azumarill, M|92\/363
|-damage|p2a: Azumarill|47\/363|[from] Stealth Rock
|
|turn|20
|
|move|p1a: Skarmory|Roost|p1a: Skarmory
|-heal|p1a: Skarmory|334\/334
|move|p2a: Azumarill|Waterfall|p1a: Skarmory
|-damage|p1a: Skarmory|189\/334
|
|turn|21
|
|move|p1a: Skarmory|Roost|p1a: Skarmory
|-heal|p1a: Skarmory|334\/334
|move|p2a: Azumarill|Waterfall|p1a: Skarmory
|-damage|p1a: Skarmory|181\/334
|
|turn|22
|
|switch|p1a: Rotom-Wash|Rotom-Wash|285\/304 tox
|move|p2a: Azumarill|Waterfall|p1a: Rotom-Wash
|-resisted|p1a: Rotom-Wash
|-damage|p1a: Rotom-Wash|164\/304 tox
|-damage|p2a: Azumarill|0 fnt|[from] item: Rocky Helmet|[of] p1a: Rotom-Wash
|faint|p2a: Azumarill
|
|-damage|p1a: Rotom-Wash|145\/304 tox|[from] psn
|
|switch|p2a: Landorus-Therian|Landorus-Therian, M|194\/354
|-damage|p2a: Landorus-Therian|150\/354|[from] Stealth Rock
|-ability|p2a: Landorus-Therian|Intimidate|[of] p1a: Rotom-Wash
|-unboost|p1a: Rotom-Wash|atk|1
|turn|23
|
|move|p2a: Landorus-Therian|Stone Edge|p1a: Rotom-Wash|[miss]
|-miss|p2a: Landorus-Therian|p1a: Rotom-Wash
|move|p1a: Rotom-Wash|Hydro Pump|p2a: Landorus-Therian|[miss]
|-miss|p1a: Rotom-Wash|p2a: Landorus-Therian
|
|-damage|p1a: Rotom-Wash|107\/304 tox|[from] psn
|turn|24
|c|âGUARDIaN927|lol
|
|switch|p1a: Skarmory|Skarmory, M|181\/334
|move|p2a: Landorus-Therian|Stone Edge|p1a: Skarmory
|-damage|p1a: Skarmory|102\/334
|
|turn|25
|
|switch|p2a: Heatran|Heatran, M|133\/385
|-damage|p2a: Heatran|85\/385|[from] Stealth Rock
|move|p1a: Skarmory|Roost|p1a: Skarmory
|-heal|p1a: Skarmory|269\/334
|
|-heal|p2a: Heatran|109\/385|[from] item: Leftovers
|turn|26
|
|switch|p1a: Slowbro|Slowbro, F|394\/394
|move|p2a: Heatran|Lava Plume|p1a: Slowbro
|-resisted|p1a: Slowbro
|-damage|p1a: Slowbro|338\/394
|
|-heal|p2a: Heatran|133\/385|[from] item: Leftovers
|-heal|p1a: Slowbro|362\/394|[from] item: Leftovers
|turn|27
|
|move|p2a: Heatran|Toxic|p1a: Slowbro|[miss]
|-miss|p2a: Heatran|p1a: Slowbro
|move|p1a: Slowbro|Scald|p2a: Heatran
|-supereffective|p2a: Heatran
|-damage|p2a: Heatran|11\/385
|
|-heal|p2a: Heatran|35\/385|[from] item: Leftovers
|-heal|p1a: Slowbro|386\/394|[from] item: Leftovers
|turn|28
|
|switch|p1a: Rotom-Wash|Rotom-Wash|107\/304 tox
|move|p2a: Heatran|Toxic|p1a: Rotom-Wash|[miss]
|-miss|p2a: Heatran|p1a: Rotom-Wash
|
|-heal|p2a: Heatran|59\/385|[from] item: Leftovers
|-damage|p1a: Rotom-Wash|88\/304 tox|[from] psn
|turn|29
|
|move|p2a: Heatran|Protect|p2a: Heatran
|-singleturn|p2a: Heatran|Protect
|move|p1a: Rotom-Wash|Volt Switch|p2a: Heatran
|-activate|p2a: Heatran|Protect
|
|-heal|p2a: Heatran|83\/385|[from] item: Leftovers
|-damage|p1a: Rotom-Wash|50\/304 tox|[from] psn
|turn|30
|
|switch|p2a: Rotom-Wash|Rotom-Wash|304\/304
|-damage|p2a: Rotom-Wash|266\/304|[from] Stealth Rock
|move|p1a: Rotom-Wash|Hydro Pump|p2a: Rotom-Wash|[miss]
|-miss|p1a: Rotom-Wash|p2a: Rotom-Wash
|
|-heal|p2a: Rotom-Wash|285\/304|[from] item: Leftovers
|-damage|p1a: Rotom-Wash|0 fnt|[from] psn
|faint|p1a: Rotom-Wash
|
|switch|p1a: Heracross|Heracross-Mega, M|352\/352
|turn|31
|
|move|p2a: Rotom-Wash|Will-O-Wisp|p1a: Heracross|[miss]
|-miss|p2a: Rotom-Wash|p1a: Heracross
|move|p1a: Heracross|Bullet Seed|p2a: Rotom-Wash
|-supereffective|p2a: Rotom-Wash
|-damage|p2a: Rotom-Wash|227\/304
|-supereffective|p2a: Rotom-Wash
|-damage|p2a: Rotom-Wash|161\/304
|-supereffective|p2a: Rotom-Wash
|-damage|p2a: Rotom-Wash|101\/304
|-supereffective|p2a: Rotom-Wash
|-damage|p2a: Rotom-Wash|43\/304
|-supereffective|p2a: Rotom-Wash
|-damage|p2a: Rotom-Wash|0 fnt
|-hitcount|p2a: Rotom-Wash|5
|faint|p2a: Rotom-Wash
|
|c|âGUARDIaN927|gg
|c|âUn noob inexperto|Oh
|c|âGUARDIaN927|miss cost me the game
|c|âUn noob inexperto|That fail :I
|
|switch|p2a: Heatran|Heatran, M|83\/385
|-damage|p2a: Heatran|35\/385|[from] Stealth Rock
|turn|32
|
|move|p2a: Heatran|Lava Plume|p1a: Heracross
|-supereffective|p1a: Heracross
|-damage|p1a: Heracross|122\/352
|-status|p1a: Heracross|brn
|move|p1a: Heracross|Pin Missile|p2a: Heatran
|-resisted|p2a: Heatran
|-damage|p2a: Heatran|28\/385
|-resisted|p2a: Heatran
|-damage|p2a: Heatran|21\/385
|-resisted|p2a: Heatran
|-damage|p2a: Heatran|15\/385
|-resisted|p2a: Heatran
|-damage|p2a: Heatran|8\/385
|-resisted|p2a: Heatran
|-damage|p2a: Heatran|1\/385
|-hitcount|p2a: Heatran|5
|
|-heal|p2a: Heatran|25\/385|[from] item: Leftovers
|-damage|p1a: Heracross|78\/352 brn|[from] brn
|turn|33
|c|âUn noob inexperto|K
|c|âGUARDIaN927|LOL
|
|move|p2a: Heatran|Protect|p2a: Heatran
|-singleturn|p2a: Heatran|Protect
|move|p1a: Heracross|Close Combat|p2a: Heatran
|-activate|p2a: Heatran|Protect
|
|-heal|p2a: Heatran|49\/385|[from] item: Leftovers
|-damage|p1a: Heracross|34\/352 brn|[from] brn
|turn|34
|
|move|p2a: Heatran|Lava Plume|p1a: Heracross
|-supereffective|p1a: Heracross
|-damage|p1a: Heracross|0 fnt
|faint|p1a: Heracross
|
|-heal|p2a: Heatran|73\/385|[from] item: Leftovers
|
|switch|p1a: Latios|Latios, M|260\/302
|turn|35
|
|move|p2a: Heatran|Protect|p2a: Heatran
|-singleturn|p2a: Heatran|Protect
|move|p1a: Latios|Surf|p2a: Heatran
|-activate|p2a: Heatran|Protect
|
|-heal|p2a: Heatran|97\/385|[from] item: Leftovers
|turn|36
|
|switch|p2a: Landorus-Therian|Landorus-Therian, M|150\/354
|-damage|p2a: Landorus-Therian|106\/354|[from] Stealth Rock
|-ability|p2a: Landorus-Therian|Intimidate|[of] p1a: Latios
|-unboost|p1a: Latios|atk|1
|move|p1a: Latios|Surf|p2a: Landorus-Therian
|-supereffective|p2a: Landorus-Therian
|-damage|p2a: Landorus-Therian|0 fnt
|faint|p2a: Landorus-Therian
|
|
|switch|p2a: Scizor|Scizor-Mega, F|286\/343
|-damage|p2a: Scizor|244\/343|[from] Stealth Rock
|turn|37
|
|switch|p1a: Skarmory|Skarmory, M|269\/334
|move|p2a: Scizor|Roost|p2a: Scizor
|-heal|p2a: Scizor|343\/343
|
|turn|38
|
|move|p2a: Scizor|Knock Off|p1a: Skarmory
|-damage|p1a: Skarmory|225\/334
|move|p1a: Skarmory|Roost|p1a: Skarmory
|-heal|p1a: Skarmory|334\/334
|
|turn|39
|
|move|p2a: Scizor|Swords Dance|p2a: Scizor
|-boost|p2a: Scizor|atk|2
|move|p1a: Skarmory|Whirlwind|p2a: Scizor
|drag|p2a: Heatran|Heatran, M|97\/385
|-damage|p2a: Heatran|49\/385|[from] Stealth Rock
|
|-heal|p2a: Heatran|73\/385|[from] item: Leftovers
|turn|40
|
|switch|p1a: Slowbro|Slowbro, F|394\/394
|move|p2a: Heatran|Lava Plume|p1a: Slowbro
|-resisted|p1a: Slowbro
|-damage|p1a: Slowbro|336\/394
|
|-heal|p2a: Heatran|97\/385|[from] item: Leftovers
|-heal|p1a: Slowbro|360\/394|[from] item: Leftovers
|turn|41
|
|move|p2a: Heatran|Protect|p2a: Heatran
|-singleturn|p2a: Heatran|Protect
|move|p1a: Slowbro|Scald|p2a: Heatran
|-activate|p2a: Heatran|Protect
|
|-heal|p2a: Heatran|121\/385|[from] item: Leftovers
|-heal|p1a: Slowbro|384\/394|[from] item: Leftovers
|turn|42
|
|switch|p1a: Skarmory|Skarmory, M|334\/334
|move|p2a: Heatran|Toxic|p1a: Skarmory
|-fail|p1a: Skarmory
|
|-heal|p2a: Heatran|145\/385|[from] item: Leftovers
|turn|43
|
|switch|p1a: Latios|Latios, M|260\/302
|move|p2a: Heatran|Lava Plume|p1a: Latios
|-resisted|p1a: Latios
|-damage|p1a: Latios|200\/302
|
|-heal|p2a: Heatran|169\/385|[from] item: Leftovers
|turn|44
|
|move|p2a: Heatran|Protect|p2a: Heatran
|-singleturn|p2a: Heatran|Protect
|move|p1a: Latios|Surf|p2a: Heatran
|-activate|p2a: Heatran|Protect
|
|-heal|p2a: Heatran|193\/385|[from] item: Leftovers
|turn|45
|
|move|p1a: Latios|Surf|p2a: Heatran
|-supereffective|p2a: Heatran
|-damage|p2a: Heatran|0 fnt
|faint|p2a: Heatran
|
|c|âGUARDIaN927|gg
|
|switch|p2a: Scizor|Scizor-Mega, F|343\/343
|-damage|p2a: Scizor|301\/343|[from] Stealth Rock
|turn|46
|
|switch|p1a: Skarmory|Skarmory, M|334\/334
|move|p2a: Scizor|Knock Off|p1a: Skarmory
|-damage|p1a: Skarmory|288\/334
|
|turn|47
|c|âUn noob inexperto|gg
|c|âGUARDIaN927|wait
|
|switch|p1a: Latios|Latios, M|200\/302
|move|p2a: Scizor|Swords Dance|p2a: Scizor
|-boost|p2a: Scizor|atk|2
|
|turn|48
|c|âGUARDIaN927|you can't whirlwind me out
|c|âGUARDIaN927|scizor will clutch this!
|c|âGUARDIaN927|#believe
|
|move|p1a: Latios|Surf|p2a: Scizor
|-damage|p2a: Scizor|173\/343
|move|p2a: Scizor|Knock Off|p1a: Latios
|-supereffective|p1a: Latios
|-damage|p1a: Latios|0 fnt
|-enditem|p1a: Latios|Choice Specs|[from] move: Knock Off|[of] p2a: Scizor
|faint|p1a: Latios
|
|
|switch|p1a: Slowbro|Slowbro, F|394\/394
|turn|49
|
|move|p2a: Scizor|Roost|p2a: Scizor
|-heal|p2a: Scizor|343\/343
|move|p1a: Slowbro|Scald|p2a: Scizor
|-damage|p2a: Scizor|258\/343
|
|turn|50
|
|move|p2a: Scizor|Swords Dance|p2a: Scizor
|-boost|p2a: Scizor|atk|2
|move|p1a: Slowbro|Scald|p2a: Scizor
|-crit|p2a: Scizor
|-damage|p2a: Scizor|129\/343
|
|turn|51
|c|âUn noob inexperto|really?
|
|move|p2a: Scizor|Roost|p2a: Scizor
|-heal|p2a: Scizor|301\/343
|move|p1a: Slowbro|Scald|p2a: Scizor
|-damage|p2a: Scizor|222\/343
|
|turn|52
|c|âGUARDIaN927|#believe
|
|move|p2a: Scizor|Knock Off|p1a: Slowbro
|-supereffective|p1a: Slowbro
|-damage|p1a: Slowbro|0 fnt
|-enditem|p1a: Slowbro|Leftovers|[from] move: Knock Off|[of] p2a: Scizor
|faint|p1a: Slowbro
|
|c|âUn noob inexperto|oh man
|c|âUn noob inexperto|GG :c
|
|switch|p1a: Skarmory|Skarmory, M|288\/334
|turn|53
|
|move|p2a: Scizor|Roost|p2a: Scizor
|-heal|p2a: Scizor|343\/343
|move|p1a: Skarmory|Roost|p1a: Skarmory
|-heal|p1a: Skarmory|334\/334
|
|turn|54
|
|move|p2a: Scizor|Swords Dance|p2a: Scizor
|-boost|p2a: Scizor|atk|2
|move|p1a: Skarmory|Roost|p1a: Skarmory
|-fail|p1a: Skarmory
|
|turn|55
|c|âGUARDIaN927|you don't have brave bird, do you...?
|c|âUn noob inexperto|#spamroost
|c|âGUARDIaN927|lol
|
|move|p2a: Scizor|Knock Off|p1a: Skarmory
|-damage|p1a: Skarmory|157\/334
|move|p1a: Skarmory|Stealth Rock|p2a: Scizor
|-fail|p2a: Scizor
|
|turn|56
|c|âUn noob inexperto|gg
|
|move|p2a: Scizor|Knock Off|p1a: Skarmory
|-damage|p1a: Skarmory|0 fnt
|faint|p1a: Skarmory
|
|win|GUARDIaN927
|raw|Ladder updating...
|raw|Un noob inexperto's rating: 1524 &rarr; <strong>1501<\/strong><br \/>(-23 for losing)
|raw|GUARDIaN927's rating: 1464 &rarr; <strong>1487<\/strong><br \/>(+23 for winning)
|c|âGUARDIaN927|holy crap i won
|c|âGUARDIaN927|gg
|c|âGUARDIaN927|:O
|leave|Un noob inexperto
|player|p1
|join|Un noob inexperto