|join|Aut0gear
|join|Un noob inexperto
|player|p1|Aut0gear|266
|player|p2|Un noob inexperto|294
|gametype|singles
|gen|6
|tier|OU
|rated
|clearpoke
|poke|p1|Clefable, F, shiny
|poke|p1|Mandibuzz, F, shiny
|poke|p1|Mamoswine, M
|poke|p1|Scizor, F
|poke|p1|Medicham, F
|poke|p1|Chansey, F
|poke|p2|Slowbro, F
|poke|p2|Breloom, F
|poke|p2|Rotom-Wash
|poke|p2|Heracross, F
|poke|p2|Heatran, F
|poke|p2|Latios, M
|rule|Swagger Clause: Swagger is banned
|rule|Baton Pass Clause: Limit one PokÃ©mon knowing Baton Pass
|rule|Sleep Clause Mod: Limit one foe put to sleep
|rule|Species Clause: Limit one of each PokÃ©mon
|rule|OHKO Clause: OHKO moves are banned
|rule|Moody Clause: Moody is banned
|rule|Evasion Moves Clause: Evasion moves are banned
|rule|Endless Battle Clause: Forcing endless battles is banned
|rule|HP Percentage Mod: HP is shown in percentages
|teampreview
|
|start
|switch|p1a: Mamoswine|Mamoswine, M|424\/424
|switch|p2a: Breloom|Breloom, F|262\/262
|turn|1
|
|switch|p1a: Mandibuzz|Mandibuzz, F, shiny|424\/424
|move|p2a: Breloom|Mach Punch|p1a: Mandibuzz
|-damage|p1a: Mandibuzz|346\/424
|
|-heal|p1a: Mandibuzz|372\/424|[from] item: Leftovers
|turn|2
|
|move|p2a: Breloom|Spore|p1a: Mandibuzz
|-fail|p1a: Mandibuzz
|move|p1a: Mandibuzz|Brave Bird|p2a: Breloom
|-supereffective|p2a: Breloom
|-enditem|p2a: Breloom|Focus Sash
|-damage|p2a: Breloom|1\/262
|-damage|p1a: Mandibuzz|286\/424|[from] recoil|[of] p2a: Breloom
|
|-heal|p1a: Mandibuzz|312\/424|[from] item: Leftovers
|turn|3
|
|move|p2a: Breloom|Mach Punch|p1a: Mandibuzz
|-crit|p1a: Mandibuzz
|-damage|p1a: Mandibuzz|197\/424
|move|p1a: Mandibuzz|Roost|p1a: Mandibuzz
|-heal|p1a: Mandibuzz|409\/424
|
|-heal|p1a: Mandibuzz|424\/424|[from] item: Leftovers
|turn|4
|
|move|p2a: Breloom|Mach Punch|p1a: Mandibuzz
|-damage|p1a: Mandibuzz|354\/424
|move|p1a: Mandibuzz|Foul Play|p2a: Breloom
|-crit|p2a: Breloom
|-resisted|p2a: Breloom
|-damage|p2a: Breloom|0 fnt
|faint|p2a: Breloom
|
|-heal|p1a: Mandibuzz|380\/424|[from] item: Leftovers
|
|switch|p2a: Latios|Latios, M|302\/302
|turn|5
|
|switch|p1a: Chansey|Chansey, F|704\/704
|move|p2a: Latios|Trick|p1a: Chansey
|-activate|p2a: Latios|move: Trick|[of] p1a: Chansey
|-item|p1a: Chansey|Choice Specs|[from] move: Trick
|-item|p2a: Latios|Eviolite|[from] move: Trick
|
|turn|6
|
|switch|p2a: Rotom-Wash|Rotom-Wash|304\/304
|move|p1a: Chansey|Stealth Rock|p2a: Rotom-Wash
|-sidestart|p2: Un noob inexperto|move: Stealth Rock
|
|turn|7
|
|switch|p1a: Clefable|Clefable, F, shiny|394\/394
|move|p2a: Rotom-Wash|Will-O-Wisp|p1a: Clefable
|-status|p1a: Clefable|brn
|
|turn|8
|
|move|p2a: Rotom-Wash|Volt Switch|p1a: Clefable
|-damage|p1a: Clefable|292\/394 brn
|
|switch|p2a: Heatran|Heatran, F|386\/386
|-damage|p2a: Heatran|338\/386|[from] Stealth Rock
|move|p1a: Clefable|Flamethrower|p2a: Heatran
|-start|p2a: Heatran|ability: Flash Fire
|
|-heal|p2a: Heatran|362\/386|[from] item: Leftovers
|-heal|p1a: Clefable|316\/394 brn|[from] item: Leftovers
|turn|9
|
|switch|p1a: Chansey|Chansey, F|704\/704
|move|p2a: Heatran|Substitute|p2a: Heatran
|-start|p2a: Heatran|Substitute
|-damage|p2a: Heatran|266\/386
|
|-heal|p2a: Heatran|290\/386|[from] item: Leftovers
|turn|10
|
|move|p2a: Heatran|Lava Plume|p1a: Chansey
|-damage|p1a: Chansey|589\/704
|-status|p1a: Chansey|brn
|move|p1a: Chansey|Seismic Toss|p2a: Heatran
|-end|p2a: Heatran|Substitute
|
|-heal|p2a: Heatran|314\/386|[from] item: Leftovers
|-damage|p1a: Chansey|501\/704 brn|[from] brn
|turn|11
|
|move|p2a: Heatran|Stealth Rock|p1a: Chansey
|-sidestart|p1: Aut0gear|move: Stealth Rock
|move|p1a: Chansey|Seismic Toss|p2a: Heatran
|-damage|p2a: Heatran|214\/386
|
|-heal|p2a: Heatran|238\/386|[from] item: Leftovers
|-damage|p1a: Chansey|413\/704 brn|[from] brn
|turn|12
|
|switch|p2a: Slowbro|Slowbro, F|394\/394
|-damage|p2a: Slowbro|345\/394|[from] Stealth Rock
|move|p1a: Chansey|Seismic Toss|p2a: Slowbro
|-damage|p2a: Slowbro|245\/394
|
|-heal|p2a: Slowbro|269\/394|[from] item: Leftovers
|-damage|p1a: Chansey|325\/704 brn|[from] brn
|turn|13
|
|switch|p1a: Clefable|Clefable, F, shiny|316\/394 brn
|move|p2a: Slowbro|Scald|p1a: Clefable
|-damage|p1a: Clefable|214\/394 brn
|
|-heal|p1a: Clefable|238\/394 brn|[from] item: Leftovers
|-heal|p2a: Slowbro|293\/394|[from] item: Leftovers
|turn|14
|
|switch|p2a: Heatran|Heatran, F|238\/386
|-damage|p2a: Heatran|190\/386|[from] Stealth Rock
|move|p1a: Clefable|Soft-Boiled|p1a: Clefable
|-heal|p1a: Clefable|394\/394 brn
|
|-heal|p2a: Heatran|214\/386|[from] item: Leftovers
|turn|15
|
|switch|p1a: Chansey|Chansey, F|325\/704
|-damage|p1a: Chansey|237\/704|[from] Stealth Rock
|move|p2a: Heatran|Lava Plume|p1a: Chansey
|-damage|p1a: Chansey|152\/704
|
|-heal|p2a: Heatran|238\/386|[from] item: Leftovers
|turn|16
|
|move|p2a: Heatran|Lava Plume|p1a: Chansey
|-damage|p1a: Chansey|62\/704
|move|p1a: Chansey|Wish|p1a: Chansey
|
|-heal|p2a: Heatran|262\/386|[from] item: Leftovers
|turn|17
|
|switch|p2a: Rotom-Wash|Rotom-Wash|304\/304
|-damage|p2a: Rotom-Wash|266\/304|[from] Stealth Rock
|move|p1a: Chansey|Wish|p1a: Chansey
|-fail|p1a: Chansey
|
|-heal|p1a: Chansey|414\/704|[from] move: Wish|[wisher] Chansey
|turn|18
|
|move|p2a: Rotom-Wash|Volt Switch|p1a: Chansey
|-damage|p1a: Chansey|359\/704
|
|switch|p2a: Heracross|Heracross, F|352\/352
|-damage|p2a: Heracross|308\/352|[from] Stealth Rock
|move|p1a: Chansey|Wish|p1a: Chansey
|
|turn|19
|
|switch|p1a: Mandibuzz|Mandibuzz, F, shiny|380\/424
|-damage|p1a: Mandibuzz|274\/424|[from] Stealth Rock
|detailschange|p2a: Heracross|Heracross-Mega, F
|message|Heracross has Mega Evolved into Mega Heracross!
|move|p2a: Heracross|Pin Missile|p1a: Mandibuzz
|-damage|p1a: Mandibuzz|232\/424
|-damage|p1a: Mandibuzz|187\/424
|-damage|p1a: Mandibuzz|142\/424
|-damage|p1a: Mandibuzz|97\/424
|-damage|p1a: Mandibuzz|52\/424
|-hitcount|p1a: Mandibuzz|5
|
|-heal|p1a: Mandibuzz|404\/424|[from] move: Wish|[wisher] Chansey
|-heal|p1a: Mandibuzz|424\/424|[from] item: Leftovers
|turn|20
|
|switch|p2a: Rotom-Wash|Rotom-Wash|266\/304
|-damage|p2a: Rotom-Wash|228\/304|[from] Stealth Rock
|move|p1a: Mandibuzz|Brave Bird|p2a: Rotom-Wash
|-resisted|p2a: Rotom-Wash
|-damage|p2a: Rotom-Wash|184\/304
|-damage|p1a: Mandibuzz|354\/424|[from] item: Rocky Helmet|[of] p2a: Rotom-Wash
|-damage|p1a: Mandibuzz|339\/424|[from] recoil|[of] p2a: Rotom-Wash
|
|-heal|p1a: Mandibuzz|365\/424|[from] item: Leftovers
|turn|21
|
|move|p2a: Rotom-Wash|Pain Split|p1a: Mandibuzz
|-sethp|p1a: Mandibuzz|274\/424|p2a: Rotom-Wash|274\/304|[from] move: Pain Split
|move|p1a: Mandibuzz|Defog|p2a: Rotom-Wash
|-unboost|p2a: Rotom-Wash|evasion|1
|-sideend|p2: Un noob inexperto|Stealth Rock|[from] move: Defog|[of] p2a: Rotom-Wash
|-sideend|p1: Aut0gear|Stealth Rock|[from] move: Defog|[of] p1a: Mandibuzz
|
|-heal|p1a: Mandibuzz|300\/424|[from] item: Leftovers
|turn|22
|
|switch|p1a: Chansey|Chansey, F|359\/704
|move|p2a: Rotom-Wash|Volt Switch|p1a: Chansey
|-damage|p1a: Chansey|299\/704
|
|switch|p2a: Heracross|Heracross-Mega, F|308\/352
|
|turn|23
|
|move|p2a: Heracross|Rock Blast|p1a: Chansey
|-damage|p1a: Chansey|70\/704
|-damage|p1a: Chansey|0 fnt
|-hitcount|p1a: Chansey|2
|faint|p1a: Chansey
|
|
|switch|p1a: Mandibuzz|Mandibuzz, F, shiny|300\/424
|turn|24
|
|switch|p1a: Medicham|Medicham, F|262\/262
|move|p2a: Heracross|Rock Blast|p1a: Medicham
|-resisted|p1a: Medicham
|-damage|p1a: Medicham|235\/262
|-resisted|p1a: Medicham
|-damage|p1a: Medicham|207\/262
|-resisted|p1a: Medicham
|-damage|p1a: Medicham|182\/262
|-resisted|p1a: Medicham
|-damage|p1a: Medicham|155\/262
|-resisted|p1a: Medicham
|-damage|p1a: Medicham|130\/262
|-hitcount|p1a: Medicham|5
|
|turn|25
|
|switch|p2a: Rotom-Wash|Rotom-Wash|274\/304
|detailschange|p1a: Medicham|Medicham-Mega, F
|message|Medicham has Mega Evolved into Mega Medicham!
|move|p1a: Medicham|Fire Punch|p2a: Rotom-Wash
|-resisted|p2a: Rotom-Wash
|-damage|p2a: Rotom-Wash|210\/304
|-damage|p1a: Medicham|87\/262|[from] item: Rocky Helmet|[of] p2a: Rotom-Wash
|
|turn|26
|
|move|p1a: Medicham|Drain Punch|p2a: Rotom-Wash
|-damage|p2a: Rotom-Wash|0 fnt
|-heal|p1a: Medicham|192\/262|[from] drain|[of] p2a: Rotom-Wash
|-damage|p1a: Medicham|149\/262|[from] item: Rocky Helmet|[of] p2a: Rotom-Wash
|faint|p2a: Rotom-Wash
|
|
|switch|p2a: Latios|Latios, M|302\/302
|turn|27
|
|switch|p1a: Scizor|Scizor, F|281\/281
|move|p2a: Latios|Draco Meteor|p1a: Scizor
|-resisted|p1a: Scizor
|-damage|p1a: Scizor|188\/281
|-unboost|p2a: Latios|spa|2
|
|turn|28
|
|move|p1a: Scizor|Pursuit|p2a: Latios|[from]Pursuit
|-supereffective|p2a: Latios
|-damage|p2a: Latios|34\/302
|switch|p2a: Heatran|Heatran, F|262\/386
|
|-heal|p2a: Heatran|286\/386|[from] item: Leftovers
|turn|29
|
|switch|p1a: Mamoswine|Mamoswine, M|424\/424
|move|p2a: Heatran|Substitute|p2a: Heatran
|-start|p2a: Heatran|Substitute
|-damage|p2a: Heatran|190\/386
|
|-heal|p2a: Heatran|214\/386|[from] item: Leftovers
|turn|30
|
|move|p1a: Mamoswine|Earthquake|p2a: Heatran
|-supereffective|p2a: Heatran
|-end|p2a: Heatran|Substitute
|move|p2a: Heatran|Lava Plume|p1a: Mamoswine
|-supereffective|p1a: Mamoswine
|-damage|p1a: Mamoswine|232\/424
|
|-heal|p1a: Mamoswine|258\/424|[from] item: Leftovers
|-heal|p2a: Heatran|238\/386|[from] item: Leftovers
|turn|31
|
|switch|p2a: Slowbro|Slowbro, F|394\/394
|move|p1a: Mamoswine|Rock Tomb|p2a: Slowbro
|-damage|p2a: Slowbro|343\/394
|-unboost|p2a: Slowbro|spe|1
|
|-heal|p1a: Mamoswine|284\/424|[from] item: Leftovers
|-heal|p2a: Slowbro|367\/394|[from] item: Leftovers
|turn|32
|
|switch|p1a: Clefable|Clefable, F, shiny|394\/394 brn
|move|p2a: Slowbro|Scald|p1a: Clefable
|-damage|p1a: Clefable|294\/394 brn
|
|-heal|p1a: Clefable|318\/394 brn|[from] item: Leftovers
|-heal|p2a: Slowbro|391\/394|[from] item: Leftovers
|turn|33
|
|move|p1a: Clefable|Moonblast|p2a: Slowbro
|-damage|p2a: Slowbro|195\/394
|move|p2a: Slowbro|Calm Mind|p2a: Slowbro
|-boost|p2a: Slowbro|spa|1
|-boost|p2a: Slowbro|spd|1
|
|-heal|p1a: Clefable|342\/394 brn|[from] item: Leftovers
|-heal|p2a: Slowbro|219\/394|[from] item: Leftovers
|turn|34
|
|move|p1a: Clefable|Calm Mind|p1a: Clefable
|-boost|p1a: Clefable|spa|1
|-boost|p1a: Clefable|spd|1
|move|p2a: Slowbro|Slack Off|p2a: Slowbro
|-heal|p2a: Slowbro|394\/394
|
|-heal|p1a: Clefable|366\/394 brn|[from] item: Leftovers
|turn|35
|
|move|p1a: Clefable|Moonblast|p2a: Slowbro
|-damage|p2a: Slowbro|222\/394
|move|p2a: Slowbro|Calm Mind|p2a: Slowbro
|-boost|p2a: Slowbro|spa|1
|-boost|p2a: Slowbro|spd|1
|
|-heal|p1a: Clefable|390\/394 brn|[from] item: Leftovers
|-heal|p2a: Slowbro|246\/394|[from] item: Leftovers
|turn|36
|
|move|p1a: Clefable|Calm Mind|p1a: Clefable
|-boost|p1a: Clefable|spa|1
|-boost|p1a: Clefable|spd|1
|move|p2a: Slowbro|Calm Mind|p2a: Slowbro
|-boost|p2a: Slowbro|spa|1
|-boost|p2a: Slowbro|spd|1
|
|-heal|p1a: Clefable|394\/394 brn|[from] item: Leftovers
|-heal|p2a: Slowbro|270\/394|[from] item: Leftovers
|turn|37
|
|move|p1a: Clefable|Moonblast|p2a: Slowbro
|-damage|p2a: Slowbro|134\/394
|-unboost|p2a: Slowbro|spa|1
|move|p2a: Slowbro|Calm Mind|p2a: Slowbro
|-boost|p2a: Slowbro|spa|1
|-boost|p2a: Slowbro|spd|1
|
|-heal|p2a: Slowbro|158\/394|[from] item: Leftovers
|turn|38
|
|switch|p1a: Scizor|Scizor, F|188\/281
|move|p2a: Slowbro|Psyshock|p1a: Scizor
|-resisted|p1a: Scizor
|-damage|p1a: Scizor|103\/281
|
|-heal|p2a: Slowbro|182\/394|[from] item: Leftovers
|turn|39
|
|move|p1a: Scizor|U-turn|p2a: Slowbro
|-supereffective|p2a: Slowbro
|-damage|p2a: Slowbro|8\/394
|
|switch|p1a: Clefable|Clefable, F, shiny|394\/394 brn
|move|p2a: Slowbro|Slack Off|p2a: Slowbro
|-heal|p2a: Slowbro|205\/394
|
|-heal|p2a: Slowbro|229\/394|[from] item: Leftovers
|turn|40
|
|move|p1a: Clefable|Calm Mind|p1a: Clefable
|-boost|p1a: Clefable|spa|1
|-boost|p1a: Clefable|spd|1
|move|p2a: Slowbro|Psyshock|p1a: Clefable
|-damage|p1a: Clefable|69\/394 brn
|
|-heal|p1a: Clefable|93\/394 brn|[from] item: Leftovers
|-heal|p2a: Slowbro|253\/394|[from] item: Leftovers
|turn|41
|
|move|p1a: Clefable|Calm Mind|p1a: Clefable
|-boost|p1a: Clefable|spa|1
|-boost|p1a: Clefable|spd|1
|move|p2a: Slowbro|Slack Off|p2a: Slowbro
|-heal|p2a: Slowbro|394\/394
|
|-heal|p1a: Clefable|117\/394 brn|[from] item: Leftovers
|turn|42
|
|move|p1a: Clefable|Moonblast|p2a: Slowbro
|-damage|p2a: Slowbro|273\/394
|move|p2a: Slowbro|Calm Mind|p2a: Slowbro
|-boost|p2a: Slowbro|spa|1
|-boost|p2a: Slowbro|spd|1
|
|-heal|p1a: Clefable|141\/394 brn|[from] item: Leftovers
|-heal|p2a: Slowbro|297\/394|[from] item: Leftovers
|turn|43
|
|move|p1a: Clefable|Moonblast|p2a: Slowbro
|-crit|p2a: Slowbro
|-damage|p2a: Slowbro|0 fnt
|faint|p2a: Slowbro
|
|-heal|p1a: Clefable|165\/394 brn|[from] item: Leftovers
|
|switch|p2a: Latios|Latios, M|34\/302
|turn|44
|
|move|p2a: Latios|Psyshock|p1a: Clefable
|-damage|p1a: Clefable|0 fnt
|faint|p1a: Clefable
|
|
|switch|p1a: Mamoswine|Mamoswine, M|284\/424
|turn|45
|
|move|p1a: Mamoswine|Ice Shard|p2a: Latios
|-supereffective|p2a: Latios
|-damage|p2a: Latios|0 fnt
|faint|p2a: Latios
|
|-heal|p1a: Mamoswine|310\/424|[from] item: Leftovers
|
|switch|p2a: Heracross|Heracross-Mega, F|308\/352
|turn|46
|
|switch|p1a: Scizor|Scizor, F|103\/281
|move|p2a: Heracross|Bullet Seed|p1a: Scizor
|-resisted|p1a: Scizor
|-damage|p1a: Scizor|94\/281
|-resisted|p1a: Scizor
|-damage|p1a: Scizor|86\/281
|-crit|p1a: Scizor
|-resisted|p1a: Scizor
|-damage|p1a: Scizor|74\/281
|-resisted|p1a: Scizor
|-damage|p1a: Scizor|66\/281
|-resisted|p1a: Scizor
|-damage|p1a: Scizor|57\/281
|-hitcount|p1a: Scizor|5
|
|turn|47
|
|move|p2a: Heracross|Pin Missile|p1a: Scizor
|-resisted|p1a: Scizor
|-damage|p1a: Scizor|33\/281
|-resisted|p1a: Scizor
|-damage|p1a: Scizor|6\/281
|-resisted|p1a: Scizor
|-damage|p1a: Scizor|0 fnt
|-hitcount|p1a: Scizor|3
|faint|p1a: Scizor
|
|
|switch|p1a: Mandibuzz|Mandibuzz, F, shiny|300\/424
|turn|48
|
|move|p1a: Mandibuzz|Brave Bird|p2a: Heracross
|-supereffective|p2a: Heracross
|-damage|p2a: Heracross|0 fnt
|-damage|p1a: Mandibuzz|198\/424|[from] recoil|[of] p2a: Heracross
|faint|p2a: Heracross
|
|-heal|p1a: Mandibuzz|224\/424|[from] item: Leftovers
|
|switch|p2a: Heatran|Heatran, F|238\/386
|turn|49
|
|move|p1a: Mandibuzz|Roost|p1a: Mandibuzz
|-heal|p1a: Mandibuzz|424\/424
|move|p2a: Heatran|Substitute|p2a: Heatran
|-start|p2a: Heatran|Substitute
|-damage|p2a: Heatran|142\/386
|
|-heal|p2a: Heatran|166\/386|[from] item: Leftovers
|turn|50
|
|move|p1a: Mandibuzz|Foul Play|p2a: Heatran
|-activate|p2a: Heatran|Substitute|[damage]
|move|p2a: Heatran|Lava Plume|p1a: Mandibuzz
|-damage|p1a: Mandibuzz|312\/424
|
|-heal|p1a: Mandibuzz|338\/424|[from] item: Leftovers
|-heal|p2a: Heatran|190\/386|[from] item: Leftovers
|turn|51
|
|move|p1a: Mandibuzz|Foul Play|p2a: Heatran
|-end|p2a: Heatran|Substitute
|move|p2a: Heatran|Lava Plume|p1a: Mandibuzz
|-damage|p1a: Mandibuzz|205\/424
|
|-heal|p1a: Mandibuzz|231\/424|[from] item: Leftovers
|-heal|p2a: Heatran|214\/386|[from] item: Leftovers
|turn|52
|
|switch|p1a: Medicham|Medicham-Mega, F|149\/262
|move|p2a: Heatran|Lava Plume|p1a: Medicham
|-damage|p1a: Medicham|25\/262
|
|-heal|p2a: Heatran|238\/386|[from] item: Leftovers
|turn|53
|
|move|p1a: Medicham|Drain Punch|p2a: Heatran
|-supereffective|p2a: Heatran
|-damage|p2a: Heatran|0 fnt
|-heal|p1a: Medicham|144\/262|[from] drain|[of] p2a: Heatran
|faint|p2a: Heatran
|
|win|Aut0gear
|raw|Ladder updating...
|c|âAut0gear|GG
|raw|Aut0gear's rating: 1361 &rarr; <strong>1383<\/strong><br \/>(+22 for winning)
|raw|Un noob inexperto's rating: 1391 &rarr; <strong>1369<\/strong><br \/>(-22 for losing)