|join|kaiserdiamond95
|join|Un Noob Inexperto
|player|p1|kaiserdiamond95|290
|player|p2|Un Noob Inexperto|294
|gametype|singles
|gen|6
|tier|OU
|rated
|clearpoke
|poke|p1|Tyranitar, M
|poke|p1|Keldeo
|poke|p1|Talonflame, M
|poke|p1|Landorus, M
|poke|p1|Latias, F
|poke|p1|Metagross
|poke|p2|Manectric, F
|poke|p2|Ferrothorn, F
|poke|p2|Rotom-Wash
|poke|p2|Landorus-Therian, M
|poke|p2|Terrakion
|poke|p2|Goodra, M
|rule|Swagger Clause: Swagger is banned
|rule|Baton Pass Clause: Limit one PokÃ©mon knowing Baton Pass
|rule|Sleep Clause Mod: Limit one foe put to sleep
|rule|Species Clause: Limit one of each PokÃ©mon
|rule|OHKO Clause: OHKO moves are banned
|rule|Moody Clause: Moody is banned
|rule|Evasion Moves Clause: Evasion moves are banned
|rule|Endless Battle Clause: Forcing endless battles is banned
|rule|HP Percentage Mod: HP is shown in percentages
|teampreview
|c|âUn Noob Inexperto|gl hf
|c|âkaiserdiamond95|gl
|
|start
|switch|p1a: Latias|Latias, F|301\/301
|switch|p2a: Landorus-Therian|Landorus-Therian, M|320\/320
|-ability|p2a: Landorus-Therian|Intimidate|[of] p1a: Latias
|-unboost|p1a: Latias|atk|1
|turn|1
|
|switch|p1a: Keldeo|Keldeo|323\/323
|move|p2a: Landorus-Therian|Knock Off|p1a: Keldeo
|-crit|p1a: Keldeo
|-resisted|p1a: Keldeo
|-damage|p1a: Keldeo|221\/323
|-boost|p1a: Keldeo|atk|1|[from] ability: Justified
|-enditem|p1a: Keldeo|Choice Specs|[from] move: Knock Off|[of] p2a: Landorus-Therian
|
|turn|2
|
|switch|p2a: Goodra|Goodra, M|384\/384
|move|p1a: Keldeo|Secret Sword|p2a: Goodra
|-damage|p2a: Goodra|182\/384
|
|turn|3
|
|switch|p2a: Rotom-Wash|Rotom-Wash|241\/241
|move|p1a: Keldeo|Secret Sword|p2a: Rotom-Wash
|-damage|p2a: Rotom-Wash|102\/241
|
|turn|4
|
|switch|p1a: Landorus|Landorus, M|319\/319
|move|p2a: Rotom-Wash|Volt Switch|p1a: Landorus
|-immune|p1a: Landorus|[msg]
|
|turn|5
|
|switch|p2a: Ferrothorn|Ferrothorn, F|352\/352
|move|p1a: Landorus|Stealth Rock|p2a: Ferrothorn
|-sidestart|p2: Un Noob Inexperto|move: Stealth Rock
|
|turn|6
|
|switch|p1a: Talonflame|Talonflame, M|297\/297
|move|p2a: Ferrothorn|Leech Seed|p1a: Talonflame
|-start|p1a: Talonflame|move: Leech Seed
|
|-damage|p1a: Talonflame|260\/297|[from] Leech Seed|[of] p2a: Ferrothorn
|turn|7
|
|switch|p2a: Rotom-Wash|Rotom-Wash|102\/241
|-damage|p2a: Rotom-Wash|72\/241|[from] Stealth Rock
|move|p1a: Talonflame|U-turn|p2a: Rotom-Wash
|-damage|p2a: Rotom-Wash|0 fnt
|faint|p2a: Rotom-Wash
|
|switch|p1a: Tyranitar|Tyranitar, M|341\/341
|-weather|Sandstorm
|
|-weather|Sandstorm|[upkeep]
|
|switch|p2a: Terrakion|Terrakion|323\/323
|-damage|p2a: Terrakion|303\/323|[from] Stealth Rock
|turn|8
|
|switch|p1a: Metagross|Metagross|341\/341
|move|p2a: Terrakion|Rock Polish|p2a: Terrakion
|-boost|p2a: Terrakion|spe|2
|
|-weather|Sandstorm|[upkeep]
|-heal|p2a: Terrakion|323\/323|[from] item: Leftovers
|turn|9
|
|move|p2a: Terrakion|Earthquake|p1a: Metagross
|-supereffective|p1a: Metagross
|-damage|p1a: Metagross|125\/341
|-enditem|p1a: Metagross|Weakness Policy
|-boost|p1a: Metagross|atk|2|[from] item: Weakness Policy
|-boost|p1a: Metagross|spa|2|[from] item: Weakness Policy
|move|p1a: Metagross|Zen Headbutt|p2a: Terrakion
|-supereffective|p2a: Terrakion
|-damage|p2a: Terrakion|0 fnt
|faint|p2a: Terrakion
|
|-weather|Sandstorm|[upkeep]
|
|switch|p2a: Landorus-Therian|Landorus-Therian, M|320\/320
|-damage|p2a: Landorus-Therian|280\/320|[from] Stealth Rock
|-ability|p2a: Landorus-Therian|Intimidate|[of] p1a: Metagross
|-fail|p1a: Metagross|unboost|[from] ability: Clear Body|[of] p1a: Metagross
|turn|10
|
|move|p2a: Landorus-Therian|U-turn|p1a: Metagross
|-crit|p1a: Metagross
|-damage|p1a: Metagross|18\/341
|
|switch|p2a: Ferrothorn|Ferrothorn, F|352\/352
|-damage|p2a: Ferrothorn|330\/352|[from] Stealth Rock
|move|p1a: Metagross|Zen Headbutt|p2a: Ferrothorn|[miss]
|-miss|p1a: Metagross|p2a: Ferrothorn
|
|-weather|Sandstorm|[upkeep]
|turn|11
|
|move|p1a: Metagross|Zen Headbutt|p2a: Ferrothorn
|-resisted|p2a: Ferrothorn
|-damage|p2a: Ferrothorn|228\/352
|-damage|p1a: Metagross|0 fnt|[from] ability: Iron Barbs|[of] p2a: Ferrothorn
|faint|p1a: Metagross
|move|p2a: Ferrothorn|Stealth Rock|p1: Metagross
|-sidestart|p1: kaiserdiamond95|move: Stealth Rock
|
|-weather|none
|
|switch|p1a: Keldeo|Keldeo|221\/323
|-damage|p1a: Keldeo|201\/323|[from] Stealth Rock
|turn|12
|
|move|p1a: Keldeo|Secret Sword|p2a: Ferrothorn
|-supereffective|p2a: Ferrothorn
|-damage|p2a: Ferrothorn|60\/352
|move|p2a: Ferrothorn|Thunder Wave|p1a: Keldeo
|-status|p1a: Keldeo|par
|
|turn|13
|
|cant|p1a: Keldeo|par
|move|p2a: Ferrothorn|Leech Seed|p1a: Keldeo
|-start|p1a: Keldeo|move: Leech Seed
|
|-damage|p1a: Keldeo|161\/323 par|[from] Leech Seed|[of] p2a: Ferrothorn
|-heal|p2a: Ferrothorn|100\/352|[silent]
|turn|14
|
|move|p1a: Keldeo|Secret Sword|p2a: Ferrothorn
|-supereffective|p2a: Ferrothorn
|-damage|p2a: Ferrothorn|0 fnt
|faint|p2a: Ferrothorn
|
|
|switch|p2a: Manectric|Manectric, F|281\/281
|-damage|p2a: Manectric|246\/281|[from] Stealth Rock
|turn|15
|
|detailschange|p2a: Manectric|Manectric-Mega, F
|message|Manectric has Mega Evolved into Mega Manectric!
|-ability|p2a: Manectric|Intimidate|[of] p1a: Keldeo
|-unboost|p1a: Keldeo|atk|1
|move|p2a: Manectric|Thunderbolt|p1a: Keldeo
|-supereffective|p1a: Keldeo
|-damage|p1a: Keldeo|0 fnt
|faint|p1a: Keldeo
|
|
|switch|p1a: Latias|Latias, F|301\/301
|-damage|p1a: Latias|264\/301|[from] Stealth Rock
|turn|16
|
|move|p2a: Manectric|Volt Switch|p1a: Latias
|-resisted|p1a: Latias
|-damage|p1a: Latias|216\/301
|
|switch|p2a: Goodra|Goodra, M|182\/384
|-damage|p2a: Goodra|134\/384|[from] Stealth Rock
|move|p1a: Latias|Defog|p2a: Goodra
|-unboost|p2a: Goodra|evasion|1
|-sideend|p2: Un Noob Inexperto|Stealth Rock|[from] move: Defog|[of] p2a: Goodra
|-sideend|p1: kaiserdiamond95|Stealth Rock|[from] move: Defog|[of] p1a: Latias
|
|-heal|p1a: Latias|234\/301|[from] item: Leftovers
|turn|17
|
|move|p1a: Latias|Draco Meteor|p2a: Goodra
|-supereffective|p2a: Goodra
|-damage|p2a: Goodra|0 fnt
|-unboost|p1a: Latias|spa|2
|faint|p2a: Goodra
|
|-heal|p1a: Latias|252\/301|[from] item: Leftovers
|
|switch|p2a: Landorus-Therian|Landorus-Therian, M|280\/320
|-ability|p2a: Landorus-Therian|Intimidate|[of] p1a: Latias
|-unboost|p1a: Latias|atk|1
|turn|18
|
|switch|p1a: Landorus|Landorus, M|319\/319
|move|p2a: Landorus-Therian|U-turn|p1a: Landorus
|-resisted|p1a: Landorus
|-damage|p1a: Landorus|267\/319
|
|switch|p2a: Manectric|Manectric-Mega, F|246\/281
|-ability|p2a: Manectric|Intimidate|[of] p1a: Landorus
|-unboost|p1a: Landorus|atk|1
|
|turn|19
|
|switch|p1a: Tyranitar|Tyranitar, M|341\/341
|-weather|Sandstorm
|move|p2a: Manectric|Hidden Power|p1a: Tyranitar
|-damage|p1a: Tyranitar|294\/341
|
|-weather|Sandstorm|[upkeep]
|-damage|p2a: Manectric|229\/281|[from] sandstorm
|turn|20
|
|detailschange|p1a: Tyranitar|Tyranitar-Mega, M
|message|Tyranitar has Mega Evolved into Mega Tyranitar!
|move|p2a: Manectric|Volt Switch|p1a: Tyranitar
|-damage|p1a: Tyranitar|221\/341
|
|switch|p2a: Landorus-Therian|Landorus-Therian, M|280\/320
|-ability|p2a: Landorus-Therian|Intimidate|[of] p1a: Tyranitar
|-unboost|p1a: Tyranitar|atk|1
|move|p1a: Tyranitar|Ice Punch|p2a: Landorus-Therian
|-supereffective|p2a: Landorus-Therian
|-damage|p2a: Landorus-Therian|0 fnt
|faint|p2a: Landorus-Therian
|
|-weather|Sandstorm|[upkeep]
|c|âkaiserdiamond95|eres de pandora?
|
|switch|p2a: Manectric|Manectric-Mega, F|229\/281
|-ability|p2a: Manectric|Intimidate|[of] p1a: Tyranitar
|-unboost|p1a: Tyranitar|atk|1
|turn|21
|c|âUn Noob Inexperto|what?
|
|switch|p1a: Latias|Latias, F|252\/301
|move|p2a: Manectric|Thunderbolt|p1a: Latias
|-resisted|p1a: Latias
|-damage|p1a: Latias|181\/301
|
|-weather|Sandstorm|[upkeep]
|-damage|p2a: Manectric|212\/281|[from] sandstorm
|-damage|p1a: Latias|163\/301|[from] sandstorm
|-heal|p1a: Latias|181\/301|[from] item: Leftovers
|turn|22
|c|âkaiserdiamond95|es que tu nombre me suena
|
|move|p2a: Manectric|Hidden Power|p1a: Latias
|-supereffective|p1a: Latias
|-damage|p1a: Latias|61\/301
|move|p1a: Latias|Draco Meteor|p2a: Manectric
|-damage|p2a: Manectric|0 fnt
|-unboost|p1a: Latias|spa|2
|faint|p2a: Manectric
|
|win|kaiserdiamond95
|raw|Ladder updating...
|raw|kaiserdiamond95's rating: 1608 &rarr; <strong>1628<\/strong><br \/>(+20 for winning)
|raw|Un Noob Inexperto's rating: 1607 &rarr; <strong>1587<\/strong><br \/>(-20 for losing)
|c|âkaiserdiamond95|gg
|c|âUn Noob Inexperto|gg
|leave|Un Noob Inexperto
|player|p2