|join|Un noob inexperto
|join|Christcrusher
|player|p1|Un noob inexperto|294
|player|p2|Christcrusher|294
|gametype|singles
|gen|6
|tier|OU
|rated
|clearpoke
|poke|p1|Slowbro, M
|poke|p1|Breloom, M
|poke|p1|Landorus-Therian, M
|poke|p1|Heracross, M
|poke|p1|Heatran, M
|poke|p1|Latios, M
|poke|p2|Ferrothorn, M
|poke|p2|Sigilyph, M, shiny
|poke|p2|Jolteon, M
|poke|p2|Gengar, M, shiny
|poke|p2|Feraligatr, M, shiny
|poke|p2|Haxorus, M, shiny
|rule|Swagger Clause: Swagger is banned
|rule|Baton Pass Clause: Limit one PokÃ©mon knowing Baton Pass
|rule|Sleep Clause Mod: Limit one foe put to sleep
|rule|Species Clause: Limit one of each PokÃ©mon
|rule|OHKO Clause: OHKO moves are banned
|rule|Moody Clause: Moody is banned
|rule|Evasion Moves Clause: Evasion moves are banned
|rule|Endless Battle Clause: Forcing endless battles is banned
|rule|HP Percentage Mod: HP is shown in percentages
|teampreview
|c|âChristcrusher|hi
|c|âUn noob inexperto|gl hf
|c|âUn noob inexperto|:D
|c|âChristcrusher|hun
|c|âChristcrusher|ugh
|c|âChristcrusher|this team
|c|âChristcrusher|is give me headache
|c|âChristcrusher|:p
|
|start
|switch|p1a: Breloom|Breloom, M|262\/262
|switch|p2a: LAST CROSS|Sigilyph, M, shiny|285\/285
|turn|1
|
|switch|p2a: Gekkouka|Ferrothorn, M|352\/352
|move|p1a: Breloom|Spore|p2a: Gekkouka
|-fail|p2a: Gekkouka
|
|turn|2
|
|move|p1a: Breloom|Swords Dance|p1a: Breloom
|-boost|p1a: Breloom|atk|2
|move|p2a: Gekkouka|Stealth Rock|p1a: Breloom
|-sidestart|p1: Un noob inexperto|move: Stealth Rock
|
|turn|3
|
|move|p1a: Breloom|Swords Dance|p1a: Breloom
|-boost|p1a: Breloom|atk|2
|move|p2a: Gekkouka|Gyro Ball|p1a: Breloom
|-damage|p1a: Breloom|66\/262
|
|turn|4
|
|switch|p2a: Sadisgate|Gengar, M, shiny|262\/262
|move|p1a: Breloom|Mach Punch|p2a: Sadisgate
|-immune|p2a: Sadisgate|[msg]
|
|turn|5
|c|âChristcrusher|no no
|c|âChristcrusher|i cant have that
|
|move|p2a: Sadisgate|Shadow Ball|p1a: Breloom
|-damage|p1a: Breloom|0 fnt
|faint|p1a: Breloom
|
|
|switch|p1a: Landorus-Therian|Landorus-Therian, M|320\/320
|-damage|p1a: Landorus-Therian|280\/320|[from] Stealth Rock
|-ability|p1a: Landorus-Therian|Intimidate|[of] p2a: Sadisgate
|-unboost|p2a: Sadisgate|atk|1
|turn|6
|
|switch|p2a: Gekkouka|Ferrothorn, M|352\/352
|move|p1a: Landorus-Therian|U-turn|p2a: Gekkouka
|-damage|p2a: Gekkouka|297\/352
|-damage|p1a: Landorus-Therian|240\/320|[from] ability: Iron Barbs|[of] p2a: Gekkouka
|-damage|p1a: Landorus-Therian|187\/320|[from] item: Rocky Helmet|[of] p2a: Gekkouka
|
|switch|p1a: Heatran|Heatran, M|386\/386
|-damage|p1a: Heatran|338\/386|[from] Stealth Rock
|
|-heal|p1a: Heatran|362\/386|[from] item: Leftovers
|turn|7
|
|switch|p2a: Blurry Eyes|Feraligatr, M, shiny|312\/312
|move|p1a: Heatran|Substitute|p1a: Heatran
|-start|p1a: Heatran|Substitute
|-damage|p1a: Heatran|266\/386
|
|-heal|p1a: Heatran|290\/386|[from] item: Leftovers
|turn|8
|
|move|p2a: Blurry Eyes|Aqua Jet|p1a: Heatran
|-supereffective|p1a: Heatran
|-end|p1a: Heatran|Substitute
|-damage|p2a: Blurry Eyes|281\/312|[from] item: Life Orb
|move|p1a: Heatran|Lava Plume|p2a: Blurry Eyes
|-resisted|p2a: Blurry Eyes
|-damage|p2a: Blurry Eyes|217\/312
|-status|p2a: Blurry Eyes|brn
|
|-heal|p1a: Heatran|314\/386|[from] item: Leftovers
|-damage|p2a: Blurry Eyes|178\/312 brn|[from] brn
|turn|9
|
|switch|p1a: Slowbro|Slowbro, M|394\/394
|-damage|p1a: Slowbro|345\/394|[from] Stealth Rock
|move|p2a: Blurry Eyes|Earthquake|p1a: Slowbro
|-damage|p1a: Slowbro|294\/394
|-damage|p2a: Blurry Eyes|147\/312 brn|[from] item: Life Orb
|
|-heal|p1a: Slowbro|318\/394|[from] item: Leftovers
|-damage|p2a: Blurry Eyes|108\/312 brn|[from] brn
|turn|10
|
|switch|p1a: Heracross|Heracross, M|352\/352
|-damage|p1a: Heracross|308\/352|[from] Stealth Rock
|move|p2a: Blurry Eyes|Dragon Dance|p2a: Blurry Eyes
|-boost|p2a: Blurry Eyes|atk|1
|-boost|p2a: Blurry Eyes|spe|1
|
|-damage|p2a: Blurry Eyes|69\/312 brn|[from] brn
|turn|11
|
|detailschange|p1a: Heracross|Heracross-Mega, M
|message|Heracross has Mega Evolved into Mega Heracross!
|move|p2a: Blurry Eyes|Earthquake|p1a: Heracross
|-resisted|p1a: Heracross
|-damage|p1a: Heracross|260\/352
|-damage|p2a: Blurry Eyes|38\/312 brn|[from] item: Life Orb
|move|p1a: Heracross|Bullet Seed|p2a: Blurry Eyes
|-supereffective|p2a: Blurry Eyes
|-damage|p2a: Blurry Eyes|0 fnt
|-hitcount|p2a: Blurry Eyes|1
|faint|p2a: Blurry Eyes
|
|
|switch|p2a: LAST CROSS|Sigilyph, M, shiny|285\/285
|turn|12
|
|move|p2a: LAST CROSS|Psychic|p1a: Heracross
|-supereffective|p1a: Heracross
|-damage|p1a: Heracross|20\/352
|move|p1a: Heracross|Rock Blast|p2a: LAST CROSS
|-supereffective|p2a: LAST CROSS
|-damage|p2a: LAST CROSS|173\/285
|-supereffective|p2a: LAST CROSS
|-damage|p2a: LAST CROSS|69\/285
|-supereffective|p2a: LAST CROSS
|-damage|p2a: LAST CROSS|0 fnt
|-hitcount|p2a: LAST CROSS|3
|faint|p2a: LAST CROSS
|
|c|âChristcrusher|6
|c|âChristcrusher|ok
|c|âChristcrusher|sure
|
|switch|p2a: Sadisgate|Gengar, M, shiny|262\/262
|turn|13
|
|move|p2a: Sadisgate|Shadow Ball|p1a: Heracross
|-damage|p1a: Heracross|0 fnt
|faint|p1a: Heracross
|
|
|switch|p1a: Landorus-Therian|Landorus-Therian, M|187\/320
|-damage|p1a: Landorus-Therian|147\/320|[from] Stealth Rock
|-ability|p1a: Landorus-Therian|Intimidate|[of] p2a: Sadisgate
|-unboost|p2a: Sadisgate|atk|1
|turn|14
|
|move|p1a: Landorus-Therian|Knock Off|p2a: Sadisgate
|-supereffective|p2a: Sadisgate
|-damage|p2a: Sadisgate|0 fnt
|-enditem|p2a: Sadisgate|Expert Belt|[from] move: Knock Off|[of] p1a: Landorus-Therian
|faint|p2a: Sadisgate
|
|
|switch|p2a: Gekkouka|Ferrothorn, M|297\/352
|turn|15
|
|move|p1a: Landorus-Therian|Knock Off|p2a: Gekkouka
|-damage|p2a: Gekkouka|219\/352
|-damage|p1a: Landorus-Therian|107\/320|[from] ability: Iron Barbs|[of] p2a: Gekkouka
|-damage|p1a: Landorus-Therian|54\/320|[from] item: Rocky Helmet|[of] p2a: Gekkouka
|-enditem|p2a: Gekkouka|Rocky Helmet|[from] move: Knock Off|[of] p1a: Landorus-Therian
|move|p2a: Gekkouka|Leech Seed|p1a: Landorus-Therian
|-start|p1a: Landorus-Therian|move: Leech Seed
|
|-damage|p1a: Landorus-Therian|14\/320|[from] Leech Seed|[of] p2a: Gekkouka
|-heal|p2a: Gekkouka|259\/352|[silent]
|turn|16
|
|move|p1a: Landorus-Therian|Knock Off|p2a: Gekkouka
|-damage|p2a: Gekkouka|207\/352
|-damage|p1a: Landorus-Therian|0 fnt|[from] ability: Iron Barbs|[of] p2a: Gekkouka
|faint|p1a: Landorus-Therian
|move|p2a: Gekkouka|Leech Seed|p1: Landorus-Therian|[notarget]
|-notarget
|
|
|switch|p1a: Heatran|Heatran, M|314\/386
|-damage|p1a: Heatran|266\/386|[from] Stealth Rock
|turn|17
|
|switch|p2a: Mr. Heaven|Haxorus, M, shiny|302\/302
|-ability|p2a: Mr. Heaven|Mold Breaker
|move|p1a: Heatran|Lava Plume|p2a: Mr. Heaven
|-resisted|p2a: Mr. Heaven
|-damage|p2a: Mr. Heaven|226\/302
|
|-heal|p1a: Heatran|290\/386|[from] item: Leftovers
|turn|18
|
|move|p2a: Mr. Heaven|Dragon Dance|p2a: Mr. Heaven
|-boost|p2a: Mr. Heaven|atk|1
|-boost|p2a: Mr. Heaven|spe|1
|move|p1a: Heatran|Lava Plume|p2a: Mr. Heaven
|-resisted|p2a: Mr. Heaven
|-damage|p2a: Mr. Heaven|148\/302
|
|-heal|p1a: Heatran|314\/386|[from] item: Leftovers
|turn|19
|
|move|p2a: Mr. Heaven|Earthquake|p1a: Heatran
|-supereffective|p1a: Heatran
|-damage|p1a: Heatran|0 fnt
|faint|p1a: Heatran
|
|
|switch|p1a: Slowbro|Slowbro, M|394\/394
|-damage|p1a: Slowbro|345\/394|[from] Stealth Rock
|turn|20
|
|move|p2a: Mr. Heaven|Earthquake|p1a: Slowbro
|-damage|p1a: Slowbro|204\/394
|move|p1a: Slowbro|Scald|p2a: Mr. Heaven
|-resisted|p2a: Mr. Heaven
|-damage|p2a: Mr. Heaven|90\/302
|-status|p2a: Mr. Heaven|brn
|-enditem|p2a: Mr. Heaven|Lum Berry|[eat]
|-curestatus|p2a: Mr. Heaven|brn
|
|-heal|p1a: Slowbro|228\/394|[from] item: Leftovers
|turn|21
|
|move|p2a: Mr. Heaven|Outrage|p1a: Slowbro
|-damage|p1a: Slowbro|0 fnt
|faint|p1a: Slowbro
|
|
|switch|p1a: Latios|Latios, M|302\/302
|-damage|p1a: Latios|265\/302|[from] Stealth Rock
|turn|22
|
|move|p2a: Mr. Heaven|Outrage|p1a: Latios
|-supereffective|p1a: Latios
|-damage|p1a: Latios|0 fnt
|faint|p1a: Latios
|
|win|Christcrusher
|raw|Ladder updating...
|raw|Un noob inexperto's rating: 1550 &rarr; <strong>1528<\/strong><br \/>(-22 for losing)
|raw|Christcrusher's rating: 1516 &rarr; <strong>1539<\/strong><br \/>(+23 for winning)
|c|âChristcrusher|gg
|c|âChristcrusher|hun
|c|âUn noob inexperto|gg
|c|âChristcrusher|it was close