|join|Un noob inexperto
|join|MB Zexal
|player|p1|Un noob inexperto|294
|player|p2|MB Zexal|169
|gametype|singles
|gen|6
|tier|OU
|clearpoke
|poke|p1|Talonflame, F
|poke|p1|Manaphy
|poke|p1|Landorus-Therian, M
|poke|p1|Suicune
|poke|p1|Charizard, M
|poke|p1|Keldeo-Resolute
|poke|p2|Landorus-Therian, M
|poke|p2|Conkeldurr, F
|poke|p2|Aegislash, F, shiny
|poke|p2|Azumarill, M
|poke|p2|Mawile, M
|poke|p2|Raikou
|rule|Baton Pass Clause: Limit 3 pokemon knowing Baton Pass
|rule|Sleep Clause Mod: Limit one foe put to sleep
|rule|Species Clause: Limit one of each Pokemon
|rule|OHKO Clause: OHKO moves are banned
|rule|Moody Clause: Moody is banned
|rule|Evasion Moves Clause: Evasion moves are banned
|rule|Endless Battle Clause: Forcing endless battles is banned
|rule|HP Percentage Mod: HP is reported as percentages
|teampreview
|
|start
|switch|p1a: Charizard|Charizard, M|297\/297
|switch|p2a: Aegislash|Aegislash, F, shiny|324\/324
|turn|1
|
|detailschange|p1a: Charizard|Charizard-Mega-Y, M
|message|Charizard has Mega Evolved into Mega Charizard!
|-weather|SunnyDay
|move|p1a: Charizard|Fire Blast|p2a: Aegislash
|-supereffective|p2a: Aegislash
|-damage|p2a: Aegislash|0 fnt
|faint|p2a: Aegislash
|
|-weather|SunnyDay|[upkeep]
|
|switch|p2a: Landorus-Therian|Landorus-Therian, M|382\/382
|-ability|p2a: Landorus-Therian|Intimidate|[of] p1a: Charizard
|-unboost|p1a: Charizard|atk|1
|turn|2
|
|move|p1a: Charizard|Fire Blast|p2a: Landorus-Therian
|-damage|p2a: Landorus-Therian|0 fnt
|faint|p2a: Landorus-Therian
|
|-weather|SunnyDay|[upkeep]
|
|switch|p2a: Raikou|Raikou|322\/322
|-ability|p2a: Raikou|Pressure
|turn|3
|
|switch|p1a: Landorus-Therian|Landorus-Therian, M|320\/320
|-ability|p1a: Landorus-Therian|Intimidate|[of] p2a: Raikou
|-unboost|p2a: Raikou|atk|1
|move|p2a: Raikou|Thunderbolt|p1a: Landorus-Therian
|-immune|p1a: Landorus-Therian|[msg]
|
|-weather|SunnyDay|[upkeep]
|turn|4
|
|switch|p2a: Azumarill|Azumarill, M|404\/404
|move|p1a: Landorus-Therian|Earthquake|p2a: Azumarill
|-damage|p2a: Azumarill|182\/404
|-enditem|p2a: Azumarill|Sitrus Berry|[eat]
|-heal|p2a: Azumarill|283\/404|[from] item: Sitrus Berry
|
|-weather|SunnyDay|[upkeep]
|turn|5
|
|move|p1a: Landorus-Therian|Rock Slide|p2a: Azumarill
|-damage|p2a: Azumarill|182\/404
|move|p2a: Azumarill|Belly Drum|p2a: Azumarill
|-fail|p2a: Azumarill
|
|-weather|none
|turn|6
|
|move|p2a: Azumarill|Aqua Jet|p1a: Landorus-Therian
|-supereffective|p1a: Landorus-Therian
|-damage|p1a: Landorus-Therian|122\/320
|move|p1a: Landorus-Therian|Rock Slide|p2a: Azumarill
|-damage|p2a: Azumarill|74\/404
|
|-heal|p1a: Landorus-Therian|142\/320|[from] item: Leftovers
|turn|7
|
|switch|p1a: Manaphy|Manaphy|342\/342
|move|p2a: Azumarill|Play Rough|p1a: Manaphy
|-damage|p1a: Manaphy|179\/342
|
|-heal|p1a: Manaphy|200\/342|[from] item: Leftovers
|turn|8
|
|move|p1a: Manaphy|Energy Ball|p2a: Azumarill
|-supereffective|p2a: Azumarill
|-damage|p2a: Azumarill|0 fnt
|faint|p2a: Azumarill
|
|-heal|p1a: Manaphy|221\/342|[from] item: Leftovers
|
|switch|p2a: Raikou|Raikou|322\/322
|-ability|p2a: Raikou|Pressure
|turn|9
|
|switch|p1a: Landorus-Therian|Landorus-Therian, M|142\/320
|-ability|p1a: Landorus-Therian|Intimidate|[of] p2a: Raikou
|-unboost|p2a: Raikou|atk|1
|move|p2a: Raikou|Calm Mind|p2a: Raikou
|-boost|p2a: Raikou|spa|1
|-boost|p2a: Raikou|spd|1
|
|-heal|p1a: Landorus-Therian|162\/320|[from] item: Leftovers
|turn|10
|
|move|p2a: Raikou|Hidden Power|p1a: Landorus-Therian
|-supereffective|p1a: Landorus-Therian
|-damage|p1a: Landorus-Therian|0 fnt
|faint|p1a: Landorus-Therian
|
|
|switch|p1a: Keldeo-Resolute|Keldeo-Resolute|323\/323
|turn|11
|
|move|p2a: Raikou|Thunderbolt|p1a: Keldeo-Resolute
|-supereffective|p1a: Keldeo-Resolute
|-damage|p1a: Keldeo-Resolute|0 fnt
|faint|p1a: Keldeo-Resolute
|
|
|switch|p1a: Charizard|Charizard-Mega-Y, M|297\/297
|-weather|SunnyDay
|turn|12
|
|move|p2a: Raikou|Thunderbolt|p1a: Charizard
|-supereffective|p1a: Charizard
|-damage|p1a: Charizard|0 fnt
|faint|p1a: Charizard
|
|-weather|SunnyDay|[upkeep]
|
|switch|p1a: Suicune|Suicune|404\/404
|-ability|p1a: Suicune|Pressure
|turn|13
|
|move|p2a: Raikou|Thunderbolt|p1a: Suicune
|-supereffective|p1a: Suicune
|-damage|p1a: Suicune|18\/404
|move|p1a: Suicune|Calm Mind|p1a: Suicune
|-boost|p1a: Suicune|spa|1
|-boost|p1a: Suicune|spd|1
|
|-weather|SunnyDay|[upkeep]
|-heal|p1a: Suicune|43\/404|[from] item: Leftovers
|turn|14
|
|move|p2a: Raikou|Thunderbolt|p1a: Suicune
|-supereffective|p1a: Suicune
|-damage|p1a: Suicune|0 fnt
|faint|p1a: Suicune
|
|-weather|SunnyDay|[upkeep]
|
|switch|p1a: Manaphy|Manaphy|221\/342
|turn|15
|
|move|p2a: Raikou|Thunderbolt|p1a: Manaphy
|-supereffective|p1a: Manaphy
|-damage|p1a: Manaphy|0 fnt
|faint|p1a: Manaphy
|
|-weather|SunnyDay|[upkeep]
|
|switch|p1a: Talonflame|Talonflame, F|359\/359
|turn|16
|
|move|p2a: Raikou|Thunderbolt|p1a: Talonflame
|-supereffective|p1a: Talonflame
|-damage|p1a: Talonflame|0 fnt
|faint|p1a: Talonflame
|
|win|MB Zexal
|chat|Un noob inexperto|gg
|chat|MB Zexal|gg