|join|Bolde Swoup
|join|Un noob inexperto
|player|p1|Bolde Swoup|17
|player|p2|Un noob inexperto|294
|gametype|singles
|gen|6
|tier|OU
|rated
|clearpoke
|poke|p1|Latios, M
|poke|p1|Thundurus, M
|poke|p1|Keldeo
|poke|p1|Hippowdon, M
|poke|p1|Aegislash, F
|poke|p1|Charizard, F
|poke|p2|Shuckle, M, shiny
|poke|p2|Talonflame, M
|poke|p2|Keldeo-Resolute
|poke|p2|Umbreon, F
|poke|p2|Suicune
|poke|p2|Greninja, F
|rule|Sleep Clause Mod: Limit one foe put to sleep
|rule|Species Clause: Limit one of each Pokemon
|rule|OHKO Clause: OHKO moves are banned
|rule|Moody Clause: Moody is banned
|rule|Evasion Moves Clause: Evasion moves are banned
|rule|Endless Battle Clause: Forcing endless battles is banned.
|rule|HP Percentage Mod: HP is reported as percentages
|teampreview
|
|start
|switch|p1a: Fulguris|Thundurus, M|305\/305
|switch|p2a: Umbreon|Umbreon, F|394\/394
|turn|1
|
|switch|p1a: Brownie|Keldeo|323\/323
|move|p2a: Umbreon|Toxic|p1a: Brownie
|-status|p1a: Brownie|tox
|
|-damage|p1a: Brownie|303\/323 tox|[from] psn
|turn|2
|
|switch|p2a: Talonflame|Talonflame, M|360\/360
|move|p1a: Brownie|Secret Sword|p2a: Talonflame
|-resisted|p2a: Talonflame
|-damage|p2a: Talonflame|213\/360
|
|-heal|p2a: Talonflame|235\/360|[from] item: Leftovers
|-damage|p1a: Brownie|263\/323 tox|[from] psn
|turn|3
|
|switch|p1a: Hippowdon|Hippowdon, M|417\/417
|-weather|Sandstorm
|move|p2a: Talonflame|Flare Blitz|p1a: Hippowdon
|-damage|p1a: Hippowdon|296\/417
|-damage|p2a: Talonflame|195\/360|[from] recoil|[of] p1a: Hippowdon
|
|-weather|Sandstorm|[upkeep]
|-damage|p2a: Talonflame|173\/360|[from] sandstorm
|-heal|p2a: Talonflame|195\/360|[from] item: Leftovers
|-heal|p1a: Hippowdon|322\/417|[from] item: Leftovers
|turn|4
|
|switch|p2a: Keldeo-Resolute|Keldeo-Resolute|323\/323
|move|p1a: Hippowdon|Toxic|p2a: Keldeo-Resolute
|-status|p2a: Keldeo-Resolute|tox
|
|-weather|Sandstorm|[upkeep]
|-damage|p2a: Keldeo-Resolute|303\/323 tox|[from] sandstorm
|-heal|p1a: Hippowdon|348\/417|[from] item: Leftovers
|-damage|p2a: Keldeo-Resolute|283\/323 tox|[from] psn
|turn|5
|
|switch|p1a: Latios|Latios, M|301\/301
|move|p2a: Keldeo-Resolute|Icy Wind|p1a: Latios
|-supereffective|p1a: Latios
|-damage|p1a: Latios|129\/301
|-unboost|p1a: Latios|spe|1
|
|-weather|Sandstorm|[upkeep]
|-damage|p2a: Keldeo-Resolute|263\/323 tox|[from] sandstorm
|-damage|p1a: Latios|111\/301|[from] sandstorm
|-damage|p2a: Keldeo-Resolute|223\/323 tox|[from] psn
|turn|6
|
|move|p2a: Keldeo-Resolute|Icy Wind|p1a: Latios
|-supereffective|p1a: Latios
|-damage|p1a: Latios|0 fnt
|faint|p1a: Latios
|
|-weather|Sandstorm|[upkeep]
|-damage|p2a: Keldeo-Resolute|203\/323 tox|[from] sandstorm
|-damage|p2a: Keldeo-Resolute|143\/323 tox|[from] psn
|
|switch|p1a: Exagide|Aegislash, F|321\/321
|turn|7
|
|switch|p2a: Shuckle|Shuckle, M, shiny|244\/244
|-formechange|p1a: Exagide|Aegislash-Blade
|move|p1a: Exagide|Shadow Ball|p2a: Shuckle
|-damage|p2a: Shuckle|189\/244
|
|-weather|none
|-heal|p2a: Shuckle|204\/244|[from] item: Leftovers
|turn|8
|
|move|p1a: Exagide|Iron Head|p2a: Shuckle
|-supereffective|p2a: Shuckle
|-damage|p2a: Shuckle|96\/244
|cant|p2a: Shuckle|flinch
|
|-heal|p2a: Shuckle|111\/244|[from] item: Leftovers
|turn|9
|
|switch|p2a: Suicune|Suicune|404\/404
|-ability|p2a: Suicune|Pressure
|move|p1a: Exagide|Iron Head|p2a: Suicune
|-resisted|p2a: Suicune
|-damage|p2a: Suicune|361\/404
|
|-heal|p2a: Suicune|386\/404|[from] item: Leftovers
|turn|10
|
|switch|p1a: Fulguris|Thundurus, M|305\/305
|move|p2a: Suicune|Scald|p1a: Fulguris
|-damage|p1a: Fulguris|203\/305
|-status|p1a: Fulguris|brn
|
|-heal|p1a: Fulguris|222\/305 brn|[from] item: Leftovers
|-heal|p2a: Suicune|404\/404|[from] item: Leftovers
|-damage|p1a: Fulguris|184\/305 brn|[from] brn
|turn|11
|
|switch|p2a: Umbreon|Umbreon, F|394\/394
|move|p1a: Fulguris|Thunderbolt|p2a: Umbreon
|-damage|p2a: Umbreon|304\/394
|
|-heal|p1a: Fulguris|203\/305 brn|[from] item: Leftovers
|-heal|p2a: Umbreon|328\/394|[from] item: Leftovers
|-damage|p1a: Fulguris|165\/305 brn|[from] brn
|turn|12
|
|switch|p1a: Brownie|Keldeo|263\/323 tox
|move|p2a: Umbreon|Wish|p2a: Umbreon
|
|-heal|p2a: Umbreon|352\/394|[from] item: Leftovers
|-damage|p1a: Brownie|243\/323 tox|[from] psn
|turn|13
|
|switch|p2a: Keldeo-Resolute|Keldeo-Resolute|143\/323 tox
|move|p1a: Brownie|Hydro Pump|p2a: Keldeo-Resolute|[miss]
|-miss|p1a: Brownie|p2a: Keldeo-Resolute
|
|-heal|p2a: Keldeo-Resolute|323\/323 tox|[from] move: Wish|[wisher] Umbreon
|-damage|p2a: Keldeo-Resolute|303\/323 tox|[from] psn
|-damage|p1a: Brownie|203\/323 tox|[from] psn
|turn|14
|
|switch|p1a: Fulguris|Thundurus, M|165\/305 brn
|move|p2a: Keldeo-Resolute|Hyper Beam|p1a: Fulguris
|-damage|p1a: Fulguris|0 fnt
|faint|p1a: Fulguris
|
|-damage|p2a: Keldeo-Resolute|263\/323 tox|[from] psn
|chat|Bolde Swoup|hyper beam ?
|
|switch|p1a: Dracaufeu|Charizard, F|307\/307
|turn|15
|
|detailschange|p1a: Dracaufeu|Charizard-Mega-Y, F
|message|Charizard has Mega Evolved into Mega Charizard!
|-weather|SunnyDay
|cant|p2a: Keldeo-Resolute|recharge
|move|p1a: Dracaufeu|Solar Beam|p2a: Keldeo-Resolute|[still]
|-prepare|p1a: Dracaufeu|Solar Beam|p2a: Keldeo-Resolute
|-anim|p1a: Dracaufeu|Solar Beam|p2a: Keldeo-Resolute
|-supereffective|p2a: Keldeo-Resolute
|-damage|p2a: Keldeo-Resolute|0 fnt
|faint|p2a: Keldeo-Resolute
|
|-weather|SunnyDay|[upkeep]
|
|switch|p2a: Umbreon|Umbreon, F|352\/394
|turn|16
|
|switch|p1a: Brownie|Keldeo|203\/323 tox
|move|p2a: Umbreon|Toxic|p1a: Brownie
|-fail|p1a: Brownie|tox
|
|-weather|SunnyDay|[upkeep]
|-heal|p2a: Umbreon|376\/394|[from] item: Leftovers
|-damage|p1a: Brownie|183\/323 tox|[from] psn
|turn|17
|
|move|p2a: Umbreon|Protect|p2a: Umbreon
|-singleturn|p2a: Umbreon|Protect
|move|p1a: Brownie|Secret Sword|p2a: Umbreon
|-activate|p2a: Umbreon|Protect
|
|-weather|SunnyDay|[upkeep]
|-heal|p2a: Umbreon|394\/394|[from] item: Leftovers
|-damage|p1a: Brownie|143\/323 tox|[from] psn
|turn|18
|
|switch|p2a: Talonflame|Talonflame, M|195\/360
|move|p1a: Brownie|Secret Sword|p2a: Talonflame
|-resisted|p2a: Talonflame
|-damage|p2a: Talonflame|42\/360
|
|-weather|SunnyDay|[upkeep]
|-heal|p2a: Talonflame|64\/360|[from] item: Leftovers
|-damage|p1a: Brownie|83\/323 tox|[from] psn
|turn|19
|
|switch|p1a: Hippowdon|Hippowdon, M|348\/417
|-weather|Sandstorm
|move|p2a: Talonflame|Roost|p2a: Talonflame
|-heal|p2a: Talonflame|244\/360
|
|-weather|Sandstorm|[upkeep]
|-damage|p2a: Talonflame|222\/360|[from] sandstorm
|-heal|p2a: Talonflame|244\/360|[from] item: Leftovers
|-heal|p1a: Hippowdon|374\/417|[from] item: Leftovers
|turn|20
|
|switch|p2a: Suicune|Suicune|404\/404
|-ability|p2a: Suicune|Pressure
|move|p1a: Hippowdon|Toxic|p2a: Suicune
|-status|p2a: Suicune|tox
|
|-weather|Sandstorm|[upkeep]
|-damage|p2a: Suicune|379\/404 tox|[from] sandstorm
|-heal|p2a: Suicune|404\/404 tox|[from] item: Leftovers
|-heal|p1a: Hippowdon|400\/417|[from] item: Leftovers
|-damage|p2a: Suicune|379\/404 tox|[from] psn
|turn|21
|
|switch|p1a: Exagide|Aegislash, F|321\/321
|move|p2a: Suicune|Calm Mind|p2a: Suicune
|-boost|p2a: Suicune|spa|1
|-boost|p2a: Suicune|spd|1
|
|-weather|Sandstorm|[upkeep]
|-damage|p2a: Suicune|354\/404 tox|[from] sandstorm
|-heal|p2a: Suicune|379\/404 tox|[from] item: Leftovers
|-damage|p2a: Suicune|329\/404 tox|[from] psn
|turn|22
|
|move|p2a: Suicune|Calm Mind|p2a: Suicune
|-boost|p2a: Suicune|spa|1
|-boost|p2a: Suicune|spd|1
|-formechange|p1a: Exagide|Aegislash-Blade
|move|p1a: Exagide|Iron Head|p2a: Suicune
|-resisted|p2a: Suicune
|-damage|p2a: Suicune|281\/404 tox
|
|-weather|Sandstorm|[upkeep]
|-damage|p2a: Suicune|256\/404 tox|[from] sandstorm
|-heal|p2a: Suicune|281\/404 tox|[from] item: Leftovers
|-damage|p2a: Suicune|206\/404 tox|[from] psn
|turn|23
|
|switch|p1a: Dracaufeu|Charizard-Mega-Y, F|307\/307
|-weather|SunnyDay
|move|p2a: Suicune|Rest|p2a: Suicune
|-status|p2a: Suicune|slp
|-heal|p2a: Suicune|404\/404 slp|[silent]
|-status|p2a: Suicune|slp|[from] move: Rest
|
|-weather|SunnyDay|[upkeep]
|turn|24
|
|move|p1a: Dracaufeu|Solar Beam|p2a: Suicune|[still]
|-prepare|p1a: Dracaufeu|Solar Beam|p2a: Suicune
|-anim|p1a: Dracaufeu|Solar Beam|p2a: Suicune
|-supereffective|p2a: Suicune
|-damage|p2a: Suicune|242\/404 slp
|cant|p2a: Suicune|slp
|move|p2a: Suicune|Sleep Talk|p2a: Suicune
|move|p2a: Suicune|Calm Mind|p2a: Suicune|[from]Sleep Talk
|-boost|p2a: Suicune|spa|1
|-boost|p2a: Suicune|spd|1
|
|-weather|SunnyDay|[upkeep]
|-heal|p2a: Suicune|267\/404 slp|[from] item: Leftovers
|turn|25
|
|move|p1a: Dracaufeu|Solar Beam|p2a: Suicune|[still]
|-prepare|p1a: Dracaufeu|Solar Beam|p2a: Suicune
|-anim|p1a: Dracaufeu|Solar Beam|p2a: Suicune
|-supereffective|p2a: Suicune
|-damage|p2a: Suicune|131\/404 slp
|cant|p2a: Suicune|slp
|move|p2a: Suicune|Sleep Talk|p2a: Suicune
|move|p2a: Suicune|Calm Mind|p2a: Suicune|[from]Sleep Talk
|-boost|p2a: Suicune|spa|1
|-boost|p2a: Suicune|spd|1
|
|-weather|SunnyDay|[upkeep]
|-heal|p2a: Suicune|156\/404 slp|[from] item: Leftovers
|turn|26
|
|move|p1a: Dracaufeu|Solar Beam|p2a: Suicune|[still]
|-prepare|p1a: Dracaufeu|Solar Beam|p2a: Suicune
|-anim|p1a: Dracaufeu|Solar Beam|p2a: Suicune
|-supereffective|p2a: Suicune
|-damage|p2a: Suicune|52\/404 slp
|-curestatus|p2a: Suicune|slp
|move|p2a: Suicune|Rest|p2a: Suicune
|-status|p2a: Suicune|slp
|-heal|p2a: Suicune|404\/404 slp|[silent]
|-status|p2a: Suicune|slp|[from] move: Rest
|
|-weather|SunnyDay|[upkeep]
|turn|27
|
|switch|p1a: Hippowdon|Hippowdon, M|400\/417
|-weather|Sandstorm
|cant|p2a: Suicune|slp
|move|p2a: Suicune|Sleep Talk|p2a: Suicune
|move|p2a: Suicune|Scald|p1a: Hippowdon|[from]Sleep Talk
|-supereffective|p1a: Hippowdon
|-damage|p1a: Hippowdon|0 fnt
|faint|p1a: Hippowdon
|
|-weather|Sandstorm|[upkeep]
|-damage|p2a: Suicune|379\/404 slp|[from] sandstorm
|-heal|p2a: Suicune|404\/404 slp|[from] item: Leftovers
|
|switch|p1a: Brownie|Keldeo|83\/323 tox
|turn|28
|
|move|p1a: Brownie|Secret Sword|p2a: Suicune
|-damage|p2a: Suicune|253\/404 slp
|cant|p2a: Suicune|slp
|move|p2a: Suicune|Sleep Talk|p2a: Suicune
|move|p2a: Suicune|Rest|p2a: Suicune|[from]Sleep Talk
|-fail|p2a: Suicune
|
|-weather|Sandstorm|[upkeep]
|-damage|p1a: Brownie|63\/323 tox|[from] sandstorm
|-damage|p2a: Suicune|228\/404 slp|[from] sandstorm
|-heal|p2a: Suicune|253\/404 slp|[from] item: Leftovers
|-damage|p1a: Brownie|43\/323 tox|[from] psn
|turn|29
|
|move|p1a: Brownie|Secret Sword|p2a: Suicune
|-damage|p2a: Suicune|111\/404 slp
|-curestatus|p2a: Suicune|slp
|move|p2a: Suicune|Rest|p2a: Suicune
|-status|p2a: Suicune|slp
|-heal|p2a: Suicune|404\/404 slp|[silent]
|-status|p2a: Suicune|slp|[from] move: Rest
|
|-weather|Sandstorm|[upkeep]
|-damage|p1a: Brownie|23\/323 tox|[from] sandstorm
|-damage|p2a: Suicune|379\/404 slp|[from] sandstorm
|-heal|p2a: Suicune|404\/404 slp|[from] item: Leftovers
|-damage|p1a: Brownie|0 fnt|[from] psn
|faint|p1a: Brownie
|
|switch|p1a: Dracaufeu|Charizard-Mega-Y, F|307\/307
|-weather|SunnyDay
|turn|30
|
|move|p1a: Dracaufeu|Solar Beam|p2a: Suicune|[still]
|-prepare|p1a: Dracaufeu|Solar Beam|p2a: Suicune
|-anim|p1a: Dracaufeu|Solar Beam|p2a: Suicune
|-supereffective|p2a: Suicune
|-damage|p2a: Suicune|294\/404 slp
|cant|p2a: Suicune|slp
|move|p2a: Suicune|Sleep Talk|p2a: Suicune
|move|p2a: Suicune|Calm Mind|p2a: Suicune|[from]Sleep Talk
|-boost|p2a: Suicune|spa|1
|-boost|p2a: Suicune|spd|1
|
|-weather|SunnyDay|[upkeep]
|-heal|p2a: Suicune|319\/404 slp|[from] item: Leftovers
|turn|31
|
|move|p1a: Dracaufeu|Solar Beam|p2a: Suicune|[still]
|-prepare|p1a: Dracaufeu|Solar Beam|p2a: Suicune
|-anim|p1a: Dracaufeu|Solar Beam|p2a: Suicune
|-supereffective|p2a: Suicune
|-damage|p2a: Suicune|231\/404 slp
|cant|p2a: Suicune|slp
|move|p2a: Suicune|Sleep Talk|p2a: Suicune
|move|p2a: Suicune|Rest|p2a: Suicune|[from]Sleep Talk
|-fail|p2a: Suicune
|
|-weather|SunnyDay|[upkeep]
|-heal|p2a: Suicune|256\/404 slp|[from] item: Leftovers
|turn|32
|
|move|p1a: Dracaufeu|Solar Beam|p2a: Suicune|[still]
|-prepare|p1a: Dracaufeu|Solar Beam|p2a: Suicune
|-anim|p1a: Dracaufeu|Solar Beam|p2a: Suicune
|-supereffective|p2a: Suicune
|-damage|p2a: Suicune|170\/404 slp
|-curestatus|p2a: Suicune|slp
|move|p2a: Suicune|Scald|p1a: Dracaufeu
|-crit|p1a: Dracaufeu
|-supereffective|p1a: Dracaufeu
|-damage|p1a: Dracaufeu|0 fnt
|faint|p1a: Dracaufeu
|
|-weather|SunnyDay|[upkeep]
|-heal|p2a: Suicune|195\/404|[from] item: Leftovers
|
|switch|p1a: Exagide|Aegislash, F|321\/321
|turn|33
|
|move|p2a: Suicune|Scald|p1a: Exagide
|-damage|p1a: Exagide|219\/321
|-formechange|p1a: Exagide|Aegislash-Blade
|move|p1a: Exagide|Shadow Ball|p2a: Suicune
|-damage|p2a: Suicune|149\/404
|-unboost|p2a: Suicune|spd|1
|
|-weather|SunnyDay|[upkeep]
|-heal|p2a: Suicune|174\/404|[from] item: Leftovers
|-heal|p1a: Exagide|239\/321|[from] item: Leftovers
|turn|34
|
|-formechange|p1a: Exagide|Aegislash
|move|p1a: Exagide|King's Shield|p1a: Exagide
|-singleturn|p1a: Exagide|Protect
|move|p2a: Suicune|Scald|p1a: Exagide
|-activate|p1a: Exagide|Protect
|
|-weather|none
|-heal|p2a: Suicune|199\/404|[from] item: Leftovers
|-heal|p1a: Exagide|259\/321|[from] item: Leftovers
|turn|35
|
|move|p2a: Suicune|Calm Mind|p2a: Suicune
|-boost|p2a: Suicune|spa|1
|-boost|p2a: Suicune|spd|1
|-formechange|p1a: Exagide|Aegislash-Blade
|move|p1a: Exagide|Iron Head|p2a: Suicune
|-resisted|p2a: Suicune
|-damage|p2a: Suicune|157\/404
|
|-heal|p2a: Suicune|182\/404|[from] item: Leftovers
|-heal|p1a: Exagide|279\/321|[from] item: Leftovers
|turn|36
|
|move|p2a: Suicune|Calm Mind|p2a: Suicune
|-boost|p2a: Suicune|spd|1
|move|p1a: Exagide|Iron Head|p2a: Suicune
|-resisted|p2a: Suicune
|-damage|p2a: Suicune|141\/404
|
|-heal|p2a: Suicune|166\/404|[from] item: Leftovers
|-heal|p1a: Exagide|299\/321|[from] item: Leftovers
|turn|37
|
|move|p2a: Suicune|Scald|p1a: Exagide
|-damage|p1a: Exagide|0 fnt
|faint|p1a: Exagide
|
|win|Un noob inexperto
|raw|Ladder updating...
|raw|Bolde Swoup's rating: 1448 &rarr; <strong>1429<\/strong><br \/>(-19 for losing)
|raw|Un noob inexperto's rating: 1468 &rarr; <strong>1487<\/strong><br \/>(+19 for winning)