|join|Un noob inexperto
|join|ldfkbhklhfr abel
|player|p1|Un noob inexperto|294
|player|p2|ldfkbhklhfr abel|162
|gametype|singles
|gen|6
|tier|OU
|clearpoke
|poke|p1|Talonflame, F
|poke|p1|Suicune
|poke|p1|Keldeo-Resolute
|poke|p1|Thundurus, M
|poke|p1|Excadrill, F
|poke|p1|Tyranitar, F
|poke|p2|Azumarill, M
|poke|p2|Ferrothorn, M
|poke|p2|Goodra, M
|poke|p2|Excadrill, F
|poke|p2|Chansey, F
|poke|p2|Gengar, F
|rule|Swagger Clause: Swagger is banned
|rule|Baton Pass Clause: Limit one PokÃ©mon knowing Baton Pass
|rule|Sleep Clause Mod: Limit one foe put to sleep
|rule|Species Clause: Limit one of each PokÃ©mon
|rule|OHKO Clause: OHKO moves are banned
|rule|Moody Clause: Moody is banned
|rule|Evasion Moves Clause: Evasion moves are banned
|rule|Endless Battle Clause: Forcing endless battles is banned
|rule|HP Percentage Mod: HP is reported as percentages
|teampreview
|
|start
|switch|p1a: Talonflame|Talonflame, F|327\/327
|switch|p2a: PapaNoel|Goodra, M|384\/384
|turn|1
|
|move|p1a: Talonflame|Swords Dance|p1a: Talonflame
|-boost|p1a: Talonflame|atk|2
|move|p2a: PapaNoel|Dragon Pulse|p1a: Talonflame
|-damage|p1a: Talonflame|155\/327
|
|-heal|p1a: Talonflame|175\/327|[from] item: Leftovers
|turn|2
|
|move|p1a: Talonflame|Brave Bird|p2a: PapaNoel
|-damage|p2a: PapaNoel|33\/384
|-damage|p1a: Talonflame|59\/327|[from] recoil|[of] p2a: PapaNoel
|move|p2a: PapaNoel|Dragon Pulse|p1a: Talonflame
|-damage|p1a: Talonflame|0 fnt
|faint|p1a: Talonflame
|
|
|switch|p1a: Tyranitar|Tyranitar, F|342\/342
|-weather|Sandstorm
|turn|3
|
|switch|p2a: TrollOP|Chansey, F|704\/704
|detailschange|p1a: Tyranitar|Tyranitar-Mega, F
|message|Tyranitar has Mega Evolved into Mega Tyranitar!
|move|p1a: Tyranitar|Dragon Dance|p1a: Tyranitar
|-boost|p1a: Tyranitar|atk|1
|-boost|p1a: Tyranitar|spe|1
|
|-weather|Sandstorm|[upkeep]
|-damage|p2a: TrollOP|660\/704|[from] sandstorm
|turn|4
|
|move|p1a: Tyranitar|Dragon Dance|p1a: Tyranitar
|-boost|p1a: Tyranitar|atk|1
|-boost|p1a: Tyranitar|spe|1
|move|p2a: TrollOP|Toxic|p1a: Tyranitar
|-status|p1a: Tyranitar|tox
|
|-weather|Sandstorm|[upkeep]
|-damage|p2a: TrollOP|616\/704|[from] sandstorm
|-damage|p1a: Tyranitar|321\/342 tox|[from] psn
|turn|5
|
|move|p1a: Tyranitar|Crunch|p2a: TrollOP
|-damage|p2a: TrollOP|153\/704
|move|p2a: TrollOP|Wish|p2a: TrollOP
|
|-weather|Sandstorm|[upkeep]
|-damage|p2a: TrollOP|109\/704|[from] sandstorm
|-damage|p1a: Tyranitar|279\/342 tox|[from] psn
|turn|6
|
|move|p2a: TrollOP|Protect|p2a: TrollOP
|-singleturn|p2a: TrollOP|Protect
|move|p1a: Tyranitar|Dragon Dance|p1a: Tyranitar
|-boost|p1a: Tyranitar|atk|1
|-boost|p1a: Tyranitar|spe|1
|
|-weather|Sandstorm|[upkeep]
|-damage|p2a: TrollOP|65\/704|[from] sandstorm
|-heal|p2a: TrollOP|417\/704|[from] move: Wish|[wisher] TrollOP
|-damage|p1a: Tyranitar|216\/342 tox|[from] psn
|turn|7
|
|switch|p2a: HuevoAzul|Azumarill, M|404\/404
|move|p1a: Tyranitar|Crunch|p2a: HuevoAzul
|-resisted|p2a: HuevoAzul
|-damage|p2a: HuevoAzul|145\/404
|-unboost|p2a: HuevoAzul|def|1
|-enditem|p2a: HuevoAzul|Sitrus Berry|[eat]
|-heal|p2a: HuevoAzul|246\/404|[from] item: Sitrus Berry
|
|-weather|none
|-damage|p1a: Tyranitar|132\/342 tox|[from] psn
|turn|8
|
|move|p2a: HuevoAzul|Aqua Jet|p1a: Tyranitar
|-supereffective|p1a: Tyranitar
|-damage|p1a: Tyranitar|4\/342 tox
|move|p1a: Tyranitar|Rock Slide|p2a: HuevoAzul
|-damage|p2a: HuevoAzul|0 fnt
|faint|p2a: HuevoAzul
|
|-damage|p1a: Tyranitar|0 fnt|[from] psn
|faint|p1a: Tyranitar
|
|switch|p2a: Gengar|Gengar, F|262\/262
|switch|p1a: Suicune|Suicune|404\/404
|-ability|p1a: Suicune|Pressure
|turn|9
|
|move|p2a: Gengar|Energy Ball|p1a: Suicune
|-supereffective|p1a: Suicune
|-damage|p1a: Suicune|122\/404
|move|p1a: Suicune|Calm Mind|p1a: Suicune
|-boost|p1a: Suicune|spa|1
|-boost|p1a: Suicune|spd|1
|
|-heal|p1a: Suicune|147\/404|[from] item: Leftovers
|turn|10
|
|switch|p1a: Thundurus|Thundurus, M|300\/300
|move|p2a: Gengar|Energy Ball|p1a: Thundurus
|-resisted|p1a: Thundurus
|-damage|p1a: Thundurus|200\/300
|
|turn|11
|
|switch|p2a: Pinchitos|Ferrothorn, M|290\/290
|move|p1a: Thundurus|Discharge|p2a: Pinchitos
|-resisted|p2a: Pinchitos
|-damage|p2a: Pinchitos|224\/290
|-damage|p1a: Thundurus|170\/300|[from] item: Life Orb
|
|-heal|p2a: Pinchitos|242\/290|[from] item: Leftovers
|turn|12
|
|switch|p1a: Excadrill|Excadrill, F|362\/362
|move|p2a: Pinchitos|Gyro Ball|p1a: Excadrill
|-resisted|p1a: Excadrill
|-damage|p1a: Excadrill|234\/362
|
|-heal|p2a: Pinchitos|260\/290|[from] item: Leftovers
|turn|13
|
|move|p1a: Excadrill|Rock Slide|p2a: Pinchitos
|-resisted|p2a: Pinchitos
|-damage|p2a: Pinchitos|226\/290
|-damage|p1a: Excadrill|198\/362|[from] item: Life Orb
|move|p2a: Pinchitos|Leech Seed|p1a: Excadrill
|-start|p1a: Excadrill|move: Leech Seed
|
|-heal|p2a: Pinchitos|244\/290|[from] item: Leftovers
|-damage|p1a: Excadrill|153\/362|[from] Leech Seed|[of] p2a: Pinchitos
|-heal|p2a: Pinchitos|289\/290|[silent]
|turn|14
|
|move|p1a: Excadrill|Earthquake|p2a: Pinchitos
|-damage|p2a: Pinchitos|156\/290
|-damage|p1a: Excadrill|117\/362|[from] item: Life Orb
|move|p2a: Pinchitos|Gyro Ball|p1a: Excadrill
|-resisted|p1a: Excadrill
|-damage|p1a: Excadrill|0 fnt
|faint|p1a: Excadrill
|
|-heal|p2a: Pinchitos|174\/290|[from] item: Leftovers
|
|switch|p1a: Keldeo-Resolute|Keldeo-Resolute|323\/323
|turn|15
|
|move|p1a: Keldeo-Resolute|Calm Mind|p1a: Keldeo-Resolute
|-boost|p1a: Keldeo-Resolute|spa|1
|-boost|p1a: Keldeo-Resolute|spd|1
|move|p2a: Pinchitos|Gyro Ball|p1a: Keldeo-Resolute
|-resisted|p1a: Keldeo-Resolute
|-damage|p1a: Keldeo-Resolute|226\/323
|
|-heal|p1a: Keldeo-Resolute|246\/323|[from] item: Leftovers
|-heal|p2a: Pinchitos|192\/290|[from] item: Leftovers
|turn|16
|
|move|p1a: Keldeo-Resolute|Calm Mind|p1a: Keldeo-Resolute
|-boost|p1a: Keldeo-Resolute|spa|1
|-boost|p1a: Keldeo-Resolute|spd|1
|move|p2a: Pinchitos|Leech Seed|p1a: Keldeo-Resolute
|-start|p1a: Keldeo-Resolute|move: Leech Seed
|
|-heal|p1a: Keldeo-Resolute|266\/323|[from] item: Leftovers
|-heal|p2a: Pinchitos|210\/290|[from] item: Leftovers
|-damage|p1a: Keldeo-Resolute|226\/323|[from] Leech Seed|[of] p2a: Pinchitos
|-heal|p2a: Pinchitos|250\/290|[silent]
|turn|17
|
|move|p2a: Pinchitos|Protect|p2a: Pinchitos
|-singleturn|p2a: Pinchitos|Protect
|move|p1a: Keldeo-Resolute|Secret Sword|p2a: Pinchitos
|-activate|p2a: Pinchitos|Protect
|
|-heal|p1a: Keldeo-Resolute|246\/323|[from] item: Leftovers
|-heal|p2a: Pinchitos|268\/290|[from] item: Leftovers
|-damage|p1a: Keldeo-Resolute|206\/323|[from] Leech Seed|[of] p2a: Pinchitos
|-heal|p2a: Pinchitos|290\/290|[silent]
|turn|18
|
|switch|p2a: Gengar|Gengar, F|262\/262
|move|p1a: Keldeo-Resolute|Secret Sword|p2a: Gengar
|-immune|p2a: Gengar|[msg]
|
|-heal|p1a: Keldeo-Resolute|226\/323|[from] item: Leftovers
|-damage|p1a: Keldeo-Resolute|186\/323|[from] Leech Seed|[of] p2a: Gengar
|turn|19
|
|move|p2a: Gengar|Psychic|p1a: Keldeo-Resolute
|-supereffective|p1a: Keldeo-Resolute
|-damage|p1a: Keldeo-Resolute|0 fnt
|faint|p1a: Keldeo-Resolute
|
|
|switch|p1a: Thundurus|Thundurus, M|170\/300
|turn|20
|
|move|p1a: Thundurus|Thunder Wave|p2a: Gengar
|-status|p2a: Gengar|par
|move|p2a: Gengar|Psychic|p1a: Thundurus
|-damage|p1a: Thundurus|0 fnt
|faint|p1a: Thundurus
|
|
|switch|p1a: Suicune|Suicune|147\/404
|-ability|p1a: Suicune|Pressure
|turn|21
|
|switch|p2a: Pinchitos|Ferrothorn, M|290\/290
|move|p1a: Suicune|Rest|p1a: Suicune
|-status|p1a: Suicune|slp
|-heal|p1a: Suicune|404\/404 slp|[silent]
|-status|p1a: Suicune|slp|[from] move: Rest
|
|turn|22
|
|cant|p1a: Suicune|slp
|move|p1a: Suicune|Sleep Talk|p1a: Suicune
|move|p1a: Suicune|Scald|p2a: Pinchitos|[from]Sleep Talk
|-resisted|p2a: Pinchitos
|-damage|p2a: Pinchitos|260\/290
|-status|p2a: Pinchitos|brn
|move|p2a: Pinchitos|Leech Seed|p1a: Suicune
|-start|p1a: Suicune|move: Leech Seed
|
|-heal|p2a: Pinchitos|278\/290 brn|[from] item: Leftovers
|-damage|p1a: Suicune|354\/404 slp|[from] Leech Seed|[of] p2a: Pinchitos
|-heal|p2a: Pinchitos|290\/290 brn|[silent]
|-damage|p2a: Pinchitos|254\/290 brn|[from] brn
|turn|23
|
|move|p2a: Pinchitos|Protect|p2a: Pinchitos
|-singleturn|p2a: Pinchitos|Protect
|cant|p1a: Suicune|slp
|move|p1a: Suicune|Sleep Talk|p1a: Suicune
|move|p1a: Suicune|Calm Mind|p1a: Suicune|[from]Sleep Talk
|-boost|p1a: Suicune|spa|1
|-boost|p1a: Suicune|spd|1
|
|-heal|p1a: Suicune|379\/404 slp|[from] item: Leftovers
|-heal|p2a: Pinchitos|272\/290 brn|[from] item: Leftovers
|-damage|p1a: Suicune|329\/404 slp|[from] Leech Seed|[of] p2a: Pinchitos
|-heal|p2a: Pinchitos|290\/290 brn|[silent]
|-damage|p2a: Pinchitos|254\/290 brn|[from] brn
|turn|24
|
|switch|p2a: TrollOP|Chansey, F|417\/704
|-curestatus|p1a: Suicune|slp
|move|p1a: Suicune|Calm Mind|p1a: Suicune
|-boost|p1a: Suicune|spa|1
|-boost|p1a: Suicune|spd|1
|
|-heal|p1a: Suicune|354\/404|[from] item: Leftovers
|-damage|p1a: Suicune|304\/404|[from] Leech Seed|[of] p2a: TrollOP
|-heal|p2a: TrollOP|467\/704|[silent]
|turn|25
|
|move|p1a: Suicune|Calm Mind|p1a: Suicune
|-boost|p1a: Suicune|spa|1
|-boost|p1a: Suicune|spd|1
|move|p2a: TrollOP|Heal Bell|p2a: TrollOP
|-cureteam|p2a: TrollOP|[from] move: HealBell
|
|-heal|p1a: Suicune|329\/404|[from] item: Leftovers
|-damage|p1a: Suicune|279\/404|[from] Leech Seed|[of] p2a: TrollOP
|-heal|p2a: TrollOP|517\/704|[silent]
|turn|26
|
|move|p1a: Suicune|Calm Mind|p1a: Suicune
|-boost|p1a: Suicune|spa|1
|-boost|p1a: Suicune|spd|1
|move|p2a: TrollOP|Wish|p2a: TrollOP
|
|-heal|p1a: Suicune|304\/404|[from] item: Leftovers
|-damage|p1a: Suicune|254\/404|[from] Leech Seed|[of] p2a: TrollOP
|-heal|p2a: TrollOP|567\/704|[silent]
|turn|27
|
|switch|p2a: PapaNoel|Goodra, M|33\/384
|move|p1a: Suicune|Calm Mind|p1a: Suicune
|-boost|p1a: Suicune|spa|1
|-boost|p1a: Suicune|spd|1
|
|-heal|p2a: PapaNoel|384\/384|[from] move: Wish|[wisher] TrollOP
|-heal|p1a: Suicune|279\/404|[from] item: Leftovers
|-damage|p1a: Suicune|229\/404|[from] Leech Seed|[of] p2a: PapaNoel
|turn|28
|
|move|p1a: Suicune|Calm Mind|p1a: Suicune
|-boost|p1a: Suicune|spa|1
|-boost|p1a: Suicune|spd|1
|move|p2a: PapaNoel|Power Whip|p1a: Suicune
|-supereffective|p1a: Suicune
|-damage|p1a: Suicune|87\/404
|
|-heal|p1a: Suicune|112\/404|[from] item: Leftovers
|-damage|p1a: Suicune|62\/404|[from] Leech Seed|[of] p2a: PapaNoel
|turn|29
|
|move|p1a: Suicune|Rest|p1a: Suicune
|-status|p1a: Suicune|slp
|-heal|p1a: Suicune|404\/404 slp|[silent]
|-status|p1a: Suicune|slp|[from] move: Rest
|move|p2a: PapaNoel|Power Whip|p1a: Suicune|[miss]
|-miss|p2a: PapaNoel|p1a: Suicune
|
|-damage|p1a: Suicune|354\/404 slp|[from] Leech Seed|[of] p2a: PapaNoel
|turn|30
|
|cant|p1a: Suicune|slp
|move|p1a: Suicune|Sleep Talk|p1a: Suicune
|move|p1a: Suicune|Scald|p2a: PapaNoel|[from]Sleep Talk
|-resisted|p2a: PapaNoel
|-damage|p2a: PapaNoel|263\/384
|move|p2a: PapaNoel|Power Whip|p1a: Suicune
|-supereffective|p1a: Suicune
|-damage|p1a: Suicune|198\/404 slp
|
|-heal|p1a: Suicune|223\/404 slp|[from] item: Leftovers
|-damage|p1a: Suicune|173\/404 slp|[from] Leech Seed|[of] p2a: PapaNoel
|-heal|p2a: PapaNoel|313\/384|[silent]
|turn|31
|
|cant|p1a: Suicune|slp
|move|p1a: Suicune|Sleep Talk|p1a: Suicune
|move|p1a: Suicune|Calm Mind|p1a: Suicune|[from]Sleep Talk
|-fail|p1a: Suicune
|move|p2a: PapaNoel|Power Whip|p1a: Suicune
|-supereffective|p1a: Suicune
|-damage|p1a: Suicune|10\/404 slp
|
|-heal|p1a: Suicune|35\/404 slp|[from] item: Leftovers
|-damage|p1a: Suicune|0 fnt|[from] Leech Seed|[of] p2a: PapaNoel
|-heal|p2a: PapaNoel|348\/384|[silent]
|faint|p1a: Suicune
|
|win|ldfkbhklhfr abel
|chat|Un noob inexperto|gg
|chat|ldfkbhklhfr abel|gg
|leave|Un noob inexperto
|player|p1
|player|p2|Guest 140065|162
|join|Sown Class
|player|p2|Sown Class|162