|join|lil manaphy
|join|Un noob inexperto
|player|p1|lil manaphy|9
|player|p2|Un noob inexperto|294
|gametype|singles
|gen|6
|tier|OU
|rated
|clearpoke
|poke|p1|Lopunny, F
|poke|p1|Rotom-Wash
|poke|p1|Gothitelle, M
|poke|p1|Celebi
|poke|p1|Heatran, F
|poke|p1|Mandibuzz, F
|poke|p2|Diancie
|poke|p2|Landorus-Therian, M
|poke|p2|Sableye, F
|poke|p2|Heatran, M
|poke|p2|Ferrothorn, M
|poke|p2|Rotom-Wash
|rule|Swagger Clause: Swagger is banned
|rule|Baton Pass Clause: Limit one PokÃ©mon knowing Baton Pass
|rule|Sleep Clause Mod: Limit one foe put to sleep
|rule|Species Clause: Limit one of each PokÃ©mon
|rule|OHKO Clause: OHKO moves are banned
|rule|Moody Clause: Moody is banned
|rule|Evasion Moves Clause: Evasion moves are banned
|rule|Endless Battle Clause: Forcing endless battles is banned
|rule|HP Percentage Mod: HP is shown in percentages
|teampreview
|
|start
|switch|p1a: Lopunny|Lopunny, F|271\/271
|switch|p2a: Rocky|Landorus-Therian, M|319\/319
|-ability|p2a: Rocky|Intimidate|[of] p1a: Lopunny
|-unboost|p1a: Lopunny|atk|1
|turn|1
|
|detailschange|p1a: Lopunny|Lopunny-Mega, F
|-mega|p1a: Lopunny|Lopunny|Lopunnite
|move|p1a: Lopunny|Fake Out|p2a: Rocky
|-damage|p2a: Rocky|262\/319
|cant|p2a: Rocky|flinch
|
|turn|2
|
|switch|p1a: Mandibuzz|Mandibuzz, F|423\/423
|move|p2a: Rocky|U-turn|p1a: Mandibuzz
|-damage|p1a: Mandibuzz|363\/423
|-damage|p2a: Rocky|209\/319|[from] item: Rocky Helmet|[of] p1a: Mandibuzz
|join|manaphyman
|
|switch|p2a: Go to NU|Diancie|241\/241
|
|turn|3
|
|switch|p1a: Celebi|Celebi|404\/404
|detailschange|p2a: Go to NU|Diancie-Mega
|-mega|p2a: Go to NU|Diancie|Diancite
|move|p2a: Go to NU|Diamond Storm|p1a: Celebi
|-damage|p1a: Celebi|236\/404
|-boost|p2a: Go to NU|def|1
|
|-heal|p1a: Celebi|261\/404|[from] item: Leftovers
|turn|4
|
|move|p2a: Go to NU|Moonblast|p1a: Celebi
|-damage|p1a: Celebi|111\/404
|move|p1a: Celebi|Recover|p1a: Celebi
|-heal|p1a: Celebi|313\/404
|
|-heal|p1a: Celebi|338\/404|[from] item: Leftovers
|turn|5
|
|switch|p2a: Scarfu|Heatran, M|385\/385
|move|p1a: Celebi|Baton Pass|p1a: Celebi
|
|switch|p1a: Gothitelle|Gothitelle, M|301\/301
|
|turn|6
|
|move|p1a: Gothitelle|Trick|p2a: Scarfu
|-activate|p1a: Gothitelle|move: Trick|[of] p2a: Scarfu
|-item|p2a: Scarfu|Choice Scarf|[from] move: Trick
|-item|p1a: Gothitelle|Leftovers|[from] move: Trick
|move|p2a: Scarfu|Taunt|p1a: Gothitelle
|-start|p1a: Gothitelle|move: Taunt
|
|turn|7
|
|move|p2a: Scarfu|Taunt|p1a: Gothitelle
|-fail|p1a: Gothitelle
|move|p1a: Gothitelle|Psychic|p2a: Scarfu
|-resisted|p2a: Scarfu
|-damage|p2a: Scarfu|337\/385
|
|turn|8
|
|move|p2a: Scarfu|Taunt|p1a: Gothitelle
|-fail|p1a: Gothitelle
|move|p1a: Gothitelle|Psychic|p2a: Scarfu
|-resisted|p2a: Scarfu
|-damage|p2a: Scarfu|289\/385
|
|turn|9
|
|move|p2a: Scarfu|Taunt|p1a: Gothitelle
|-fail|p1a: Gothitelle
|move|p1a: Gothitelle|Psychic|p2a: Scarfu
|-resisted|p2a: Scarfu
|-damage|p2a: Scarfu|241\/385
|
|-end|p1a: Gothitelle|move: Taunt
|turn|10
|
|move|p2a: Scarfu|Taunt|p1a: Gothitelle
|-start|p1a: Gothitelle|move: Taunt
|move|p1a: Gothitelle|Psychic|p2a: Scarfu
|-resisted|p2a: Scarfu
|-damage|p2a: Scarfu|193\/385
|
|turn|11
|
|move|p2a: Scarfu|Taunt|p1a: Gothitelle
|-fail|p1a: Gothitelle
|move|p1a: Gothitelle|Psychic|p2a: Scarfu
|-resisted|p2a: Scarfu
|-damage|p2a: Scarfu|151\/385
|-unboost|p2a: Scarfu|spd|1
|
|turn|12
|
|move|p2a: Scarfu|Taunt|p1a: Gothitelle
|-fail|p1a: Gothitelle
|move|p1a: Gothitelle|Psychic|p2a: Scarfu
|-resisted|p2a: Scarfu
|-damage|p2a: Scarfu|84\/385
|
|-end|p1a: Gothitelle|move: Taunt
|turn|13
|
|move|p2a: Scarfu|Taunt|p1a: Gothitelle
|-start|p1a: Gothitelle|move: Taunt
|move|p1a: Gothitelle|Psychic|p2a: Scarfu
|-resisted|p2a: Scarfu
|-damage|p2a: Scarfu|12\/385
|-unboost|p2a: Scarfu|spd|1
|
|turn|14
|
|move|p2a: Scarfu|Taunt|p1a: Gothitelle
|-fail|p1a: Gothitelle
|move|p1a: Gothitelle|Psychic|p2a: Scarfu
|-resisted|p2a: Scarfu
|-damage|p2a: Scarfu|0 fnt
|faint|p2a: Scarfu
|
|
|switch|p2a: Rocky|Landorus-Therian, M|209\/319
|-ability|p2a: Rocky|Intimidate|[of] p1a: Gothitelle
|-unboost|p1a: Gothitelle|atk|1
|turn|15
|
|move|p2a: Rocky|U-turn|p1a: Gothitelle
|-supereffective|p1a: Gothitelle
|-damage|p1a: Gothitelle|117\/301
|
|switch|p2a: Sableye|Sableye, F|304\/304
|move|p1a: Gothitelle|Psychic|p2a: Sableye
|-immune|p2a: Sableye|[msg]
|
|-heal|p1a: Gothitelle|135\/301|[from] item: Leftovers
|-end|p1a: Gothitelle|move: Taunt
|turn|16
|
|switch|p1a: Heatran|Heatran, F|385\/385
|switch|p2a: Rocky|Landorus-Therian, M|209\/319
|-ability|p2a: Rocky|Intimidate|[of] p1a: Heatran
|-unboost|p1a: Heatran|atk|1
|
|turn|17
|
|move|p1a: Heatran|Protect|p1a: Heatran
|-singleturn|p1a: Heatran|Protect
|move|p2a: Rocky|Earthquake|p1a: Heatran
|-activate|p1a: Heatran|Protect
|
|turn|18
|leave|manaphyman
|
|switch|p2a: U-Turn|Rotom-Wash|303\/303
|switch|p1a: Rotom-Wash|Rotom-Wash|303\/303
|
|turn|19
|
|switch|p1a: Celebi|Celebi|338\/404
|move|p2a: U-Turn|Volt Switch|p1a: Celebi
|-resisted|p1a: Celebi
|-damage|p1a: Celebi|305\/404
|
|switch|p2a: Rocky|Landorus-Therian, M|209\/319
|-ability|p2a: Rocky|Intimidate|[of] p1a: Celebi
|-unboost|p1a: Celebi|atk|1
|
|-heal|p1a: Celebi|330\/404|[from] item: Leftovers
|turn|20
|
|switch|p1a: Mandibuzz|Mandibuzz, F|363\/423
|move|p2a: Rocky|U-turn|p1a: Mandibuzz
|-damage|p1a: Mandibuzz|296\/423
|-damage|p2a: Rocky|156\/319|[from] item: Rocky Helmet|[of] p1a: Mandibuzz
|
|switch|p2a: Go to NU|Diancie-Mega|241\/241
|
|turn|21
|
|switch|p1a: Gothitelle|Gothitelle, M|135\/301
|move|p2a: Go to NU|Moonblast|p1a: Gothitelle
|-damage|p1a: Gothitelle|0 fnt
|faint|p1a: Gothitelle
|
|
|switch|p1a: Celebi|Celebi|330\/404
|turn|22
|
|switch|p2a: Rocky|Landorus-Therian, M|156\/319
|-ability|p2a: Rocky|Intimidate|[of] p1a: Celebi
|-unboost|p1a: Celebi|atk|1
|move|p1a: Celebi|Recover|p1a: Celebi
|-heal|p1a: Celebi|404\/404
|
|turn|23
|
|switch|p1a: Rotom-Wash|Rotom-Wash|303\/303
|move|p2a: Rocky|Stone Edge|p1a: Rotom-Wash
|-damage|p1a: Rotom-Wash|219\/303
|
|-heal|p1a: Rotom-Wash|237\/303|[from] item: Leftovers
|turn|24
|
|switch|p2a: U-Turn|Rotom-Wash|303\/303
|move|p1a: Rotom-Wash|Volt Switch|p2a: U-Turn
|-damage|p2a: U-Turn|228\/303
|
|switch|p1a: Celebi|Celebi|404\/404
|
|-heal|p2a: U-Turn|246\/303|[from] item: Leftovers
|turn|25
|
|move|p1a: Celebi|Baton Pass|p1a: Celebi
|
|switch|p1a: Heatran|Heatran, F|385\/385
|move|p2a: U-Turn|Volt Switch|p1a: Heatran
|-damage|p1a: Heatran|328\/385
|
|switch|p2a: Sableye|Sableye, F|304\/304
|
|-heal|p1a: Heatran|352\/385|[from] item: Leftovers
|turn|26
|
|move|p2a: Sableye|Confuse Ray|p1a: Heatran
|-start|p1a: Heatran|confusion
|-activate|p1a: Heatran|confusion
|move|p1a: Heatran|Lava Plume|p2a: Sableye
|-damage|p2a: Sableye|195\/304
|
|-heal|p1a: Heatran|376\/385|[from] item: Leftovers
|-heal|p2a: Sableye|214\/304|[from] item: Leftovers
|turn|27
|
|-end|p1a: Heatran|confusion
|move|p1a: Heatran|Lava Plume|p2a: Sableye
|-damage|p2a: Sableye|97\/304
|move|p2a: Sableye|Foul Play|p1a: Heatran
|-damage|p1a: Heatran|295\/385
|
|-heal|p1a: Heatran|319\/385|[from] item: Leftovers
|-heal|p2a: Sableye|116\/304|[from] item: Leftovers
|turn|28
|
|switch|p2a: U-Turn|Rotom-Wash|246\/303
|move|p1a: Heatran|Toxic|p2a: U-Turn
|-status|p2a: U-Turn|tox
|
|-heal|p2a: U-Turn|264\/303 tox|[from] item: Leftovers
|-heal|p1a: Heatran|343\/385|[from] item: Leftovers
|-damage|p2a: U-Turn|246\/303 tox|[from] psn
|turn|29
|
|move|p2a: U-Turn|Hydro Pump|p1a: Heatran
|-supereffective|p1a: Heatran
|-damage|p1a: Heatran|145\/385
|move|p1a: Heatran|Lava Plume|p2a: U-Turn
|-resisted|p2a: U-Turn
|-damage|p2a: U-Turn|191\/303 tox
|
|-heal|p2a: U-Turn|209\/303 tox|[from] item: Leftovers
|-heal|p1a: Heatran|169\/385|[from] item: Leftovers
|-damage|p2a: U-Turn|173\/303 tox|[from] psn
|turn|30
|
|move|p1a: Heatran|Protect|p1a: Heatran
|-singleturn|p1a: Heatran|Protect
|move|p2a: U-Turn|Volt Switch|p1a: Heatran
|-activate|p1a: Heatran|Protect
|
|-heal|p2a: U-Turn|191\/303 tox|[from] item: Leftovers
|-heal|p1a: Heatran|193\/385|[from] item: Leftovers
|-damage|p2a: U-Turn|137\/303 tox|[from] psn
|turn|31
|
|move|p2a: U-Turn|Hydro Pump|p1a: Heatran
|-supereffective|p1a: Heatran
|-damage|p1a: Heatran|13\/385
|move|p1a: Heatran|Lava Plume|p2a: U-Turn
|-resisted|p2a: U-Turn
|-damage|p2a: U-Turn|80\/303 tox
|
|-heal|p2a: U-Turn|98\/303 tox|[from] item: Leftovers
|-heal|p1a: Heatran|37\/385|[from] item: Leftovers
|-damage|p2a: U-Turn|26\/303 tox|[from] psn
|turn|32
|
|switch|p2a: Go to NU|Diancie-Mega|241\/241
|move|p1a: Heatran|Protect|p1a: Heatran
|-fail|p1a: Heatran
|
|-heal|p1a: Heatran|61\/385|[from] item: Leftovers
|turn|33
|
|switch|p1a: Celebi|Celebi|404\/404
|move|p2a: Go to NU|Diamond Storm|p1a: Celebi
|-damage|p1a: Celebi|217\/404
|
|-heal|p1a: Celebi|242\/404|[from] item: Leftovers
|turn|34
|
|switch|p2a: Rocky|Landorus-Therian, M|156\/319
|-ability|p2a: Rocky|Intimidate|[of] p1a: Celebi
|-unboost|p1a: Celebi|atk|1
|move|p1a: Celebi|Recover|p1a: Celebi
|-heal|p1a: Celebi|404\/404
|
|turn|35
|
|switch|p1a: Heatran|Heatran, F|61\/385
|move|p2a: Rocky|Knock Off|p1a: Heatran
|-damage|p1a: Heatran|0 fnt
|-enditem|p1a: Heatran|Leftovers|[from] move: Knock Off|[of] p2a: Rocky
|faint|p1a: Heatran
|
|
|switch|p1a: Lopunny|Lopunny-Mega, F|271\/271
|turn|36
|
|switch|p2a: Flash Fire|Ferrothorn, M|352\/352
|move|p1a: Lopunny|Power-Up Punch|p2a: Flash Fire
|-supereffective|p2a: Flash Fire
|-damage|p2a: Flash Fire|248\/352
|-damage|p1a: Lopunny|238\/271|[from] ability: Iron Barbs|[of] p2a: Flash Fire
|-boost|p1a: Lopunny|atk|1
|
|-heal|p2a: Flash Fire|270\/352|[from] item: Leftovers
|turn|37
|
|move|p2a: Flash Fire|Protect|p2a: Flash Fire
|-singleturn|p2a: Flash Fire|Protect
|move|p1a: Lopunny|Drain Punch|p2a: Flash Fire
|-activate|p2a: Flash Fire|Protect
|
|-heal|p2a: Flash Fire|292\/352|[from] item: Leftovers
|turn|38
|
|switch|p2a: U-Turn|Rotom-Wash|26\/303 tox
|move|p1a: Lopunny|Drain Punch|p2a: U-Turn
|-damage|p2a: U-Turn|0 fnt
|-heal|p1a: Lopunny|251\/271|[from] drain|[of] p2a: U-Turn
|faint|p2a: U-Turn
|
|
|switch|p2a: Sableye|Sableye, F|116\/304
|turn|39
|
|move|p2a: Sableye|Will-O-Wisp|p1a: Lopunny|[miss]
|-miss|p2a: Sableye|p1a: Lopunny
|move|p1a: Lopunny|Power-Up Punch|p2a: Sableye
|-supereffective|p2a: Sableye
|-damage|p2a: Sableye|0 fnt
|-boost|p1a: Lopunny|atk|1
|faint|p2a: Sableye
|
|
|switch|p2a: Rocky|Landorus-Therian, M|156\/319
|-ability|p2a: Rocky|Intimidate|[of] p1a: Lopunny
|-unboost|p1a: Lopunny|atk|1
|turn|40
|
|move|p2a: Rocky|Earthquake|p1a: Lopunny
|-crit|p1a: Lopunny
|-damage|p1a: Lopunny|0 fnt
|faint|p1a: Lopunny
|
|
|switch|p1a: Rotom-Wash|Rotom-Wash|237\/303
|turn|41
|
|switch|p2a: Flash Fire|Ferrothorn, M|292\/352
|move|p1a: Rotom-Wash|Hydro Pump|p2a: Flash Fire
|-resisted|p2a: Flash Fire
|-damage|p2a: Flash Fire|238\/352
|
|-heal|p1a: Rotom-Wash|255\/303|[from] item: Leftovers
|-heal|p2a: Flash Fire|260\/352|[from] item: Leftovers
|turn|42
|
|switch|p2a: Go to NU|Diancie-Mega|241\/241
|move|p1a: Rotom-Wash|Will-O-Wisp|p2a: Go to NU
|move|p2a: Go to NU|Will-O-Wisp|p1a: Rotom-Wash|[from]Magic Bounce|[miss]
|-miss|p2a: Go to NU|p1a: Rotom-Wash
|
|-heal|p1a: Rotom-Wash|273\/303|[from] item: Leftovers
|turn|43
|
|switch|p2a: Flash Fire|Ferrothorn, M|260\/352
|move|p1a: Rotom-Wash|Hydro Pump|p2a: Flash Fire|[miss]
|-miss|p1a: Rotom-Wash|p2a: Flash Fire
|
|-heal|p1a: Rotom-Wash|291\/303|[from] item: Leftovers
|-heal|p2a: Flash Fire|282\/352|[from] item: Leftovers
|turn|44
|
|move|p1a: Rotom-Wash|Will-O-Wisp|p2a: Flash Fire
|-status|p2a: Flash Fire|brn
|move|p2a: Flash Fire|Leech Seed|p1a: Rotom-Wash
|-start|p1a: Rotom-Wash|move: Leech Seed
|
|-heal|p1a: Rotom-Wash|303\/303|[from] item: Leftovers
|-heal|p2a: Flash Fire|304\/352 brn|[from] item: Leftovers
|-damage|p1a: Rotom-Wash|266\/303|[from] Leech Seed|[of] p2a: Flash Fire
|-heal|p2a: Flash Fire|341\/352 brn|[silent]
|-damage|p2a: Flash Fire|297\/352 brn|[from] brn
|turn|45
|
|switch|p1a: Celebi|Celebi|404\/404
|move|p2a: Flash Fire|Leech Seed|p1a: Celebi
|-immune|p1a: Celebi|[msg]
|
|-heal|p2a: Flash Fire|319\/352 brn|[from] item: Leftovers
|-damage|p2a: Flash Fire|275\/352 brn|[from] brn
|turn|46
|
|switch|p2a: Rocky|Landorus-Therian, M|156\/319
|-ability|p2a: Rocky|Intimidate|[of] p1a: Celebi
|-unboost|p1a: Celebi|atk|1
|move|p1a: Celebi|Giga Drain|p2a: Rocky
|-damage|p2a: Rocky|45\/319
|
|turn|47
|
|switch|p1a: Rotom-Wash|Rotom-Wash|266\/303
|move|p2a: Rocky|Knock Off|p1a: Rotom-Wash
|-damage|p1a: Rotom-Wash|174\/303
|-enditem|p1a: Rotom-Wash|Leftovers|[from] move: Knock Off|[of] p2a: Rocky
|
|turn|48
|
|switch|p2a: Flash Fire|Ferrothorn, M|275\/352 brn
|move|p1a: Rotom-Wash|Hydro Pump|p2a: Flash Fire|[miss]
|-miss|p1a: Rotom-Wash|p2a: Flash Fire
|
|-heal|p2a: Flash Fire|297\/352 brn|[from] item: Leftovers
|-damage|p2a: Flash Fire|253\/352 brn|[from] brn
|turn|49
|
|switch|p1a: Celebi|Celebi|404\/404
|switch|p2a: Rocky|Landorus-Therian, M|45\/319
|-ability|p2a: Rocky|Intimidate|[of] p1a: Celebi
|-unboost|p1a: Celebi|atk|1
|
|turn|50
|
|switch|p1a: Mandibuzz|Mandibuzz, F|296\/423
|move|p2a: Rocky|Knock Off|p1a: Mandibuzz
|-resisted|p1a: Mandibuzz
|-damage|p1a: Mandibuzz|255\/423
|-damage|p2a: Rocky|0 fnt|[from] item: Rocky Helmet|[of] p1a: Mandibuzz
|faint|p2a: Rocky
|
|
|switch|p2a: Go to NU|Diancie-Mega|241\/241
|turn|51
|
|move|p2a: Go to NU|Moonblast|p1a: Mandibuzz
|-supereffective|p1a: Mandibuzz
|-damage|p1a: Mandibuzz|0 fnt
|faint|p1a: Mandibuzz
|
|
|switch|p1a: Celebi|Celebi|404\/404
|turn|52
|
|move|p2a: Go to NU|Hidden Power|p1a: Celebi
|-supereffective|p1a: Celebi
|-damage|p1a: Celebi|276\/404
|move|p1a: Celebi|Giga Drain|p2a: Go to NU
|-supereffective|p2a: Go to NU
|-damage|p2a: Go to NU|55\/241
|-heal|p1a: Celebi|369\/404|[from] drain|[of] p2a: Go to NU
|
|-heal|p1a: Celebi|394\/404|[from] item: Leftovers
|turn|53
|
|switch|p2a: Flash Fire|Ferrothorn, M|253\/352 brn
|move|p1a: Celebi|Giga Drain|p2a: Flash Fire
|-resisted|p2a: Flash Fire
|-damage|p2a: Flash Fire|237\/352 brn
|-heal|p1a: Celebi|402\/404|[from] drain|[of] p2a: Flash Fire
|
|-heal|p1a: Celebi|404\/404|[from] item: Leftovers
|-heal|p2a: Flash Fire|259\/352 brn|[from] item: Leftovers
|-damage|p2a: Flash Fire|215\/352 brn|[from] brn
|turn|54
|
|move|p1a: Celebi|Giga Drain|p2a: Flash Fire
|-resisted|p2a: Flash Fire
|-damage|p2a: Flash Fire|198\/352 brn
|move|p2a: Flash Fire|Power Whip|p1a: Celebi
|-resisted|p1a: Celebi
|-damage|p1a: Celebi|368\/404
|
|-heal|p1a: Celebi|393\/404|[from] item: Leftovers
|-heal|p2a: Flash Fire|220\/352 brn|[from] item: Leftovers
|-damage|p2a: Flash Fire|176\/352 brn|[from] brn
|turn|55
|
|move|p1a: Celebi|Giga Drain|p2a: Flash Fire
|-resisted|p2a: Flash Fire
|-damage|p2a: Flash Fire|159\/352 brn
|-heal|p1a: Celebi|402\/404|[from] drain|[of] p2a: Flash Fire
|move|p2a: Flash Fire|Power Whip|p1a: Celebi|[miss]
|-miss|p2a: Flash Fire|p1a: Celebi
|
|-heal|p1a: Celebi|404\/404|[from] item: Leftovers
|-heal|p2a: Flash Fire|181\/352 brn|[from] item: Leftovers
|-damage|p2a: Flash Fire|137\/352 brn|[from] brn
|turn|56
|
|move|p1a: Celebi|Giga Drain|p2a: Flash Fire
|-resisted|p2a: Flash Fire
|-damage|p2a: Flash Fire|122\/352 brn
|move|p2a: Flash Fire|Power Whip|p1a: Celebi
|-resisted|p1a: Celebi
|-damage|p1a: Celebi|374\/404
|
|-heal|p1a: Celebi|399\/404|[from] item: Leftovers
|-heal|p2a: Flash Fire|144\/352 brn|[from] item: Leftovers
|-damage|p2a: Flash Fire|100\/352 brn|[from] brn
|turn|57
|
|move|p1a: Celebi|Giga Drain|p2a: Flash Fire
|-resisted|p2a: Flash Fire
|-damage|p2a: Flash Fire|84\/352 brn
|-heal|p1a: Celebi|404\/404|[from] drain|[of] p2a: Flash Fire
|move|p2a: Flash Fire|Power Whip|p1a: Celebi
|-resisted|p1a: Celebi
|-damage|p1a: Celebi|373\/404
|
|-heal|p1a: Celebi|398\/404|[from] item: Leftovers
|-heal|p2a: Flash Fire|106\/352 brn|[from] item: Leftovers
|-damage|p2a: Flash Fire|62\/352 brn|[from] brn
|turn|58
|
|move|p1a: Celebi|Giga Drain|p2a: Flash Fire
|-crit|p2a: Flash Fire
|-resisted|p2a: Flash Fire
|-damage|p2a: Flash Fire|38\/352 brn
|-heal|p1a: Celebi|404\/404|[from] drain|[of] p2a: Flash Fire
|move|p2a: Flash Fire|Power Whip|p1a: Celebi
|-resisted|p1a: Celebi
|-damage|p1a: Celebi|371\/404
|
|-heal|p1a: Celebi|396\/404|[from] item: Leftovers
|-heal|p2a: Flash Fire|60\/352 brn|[from] item: Leftovers
|-damage|p2a: Flash Fire|16\/352 brn|[from] brn
|turn|59
|
|move|p1a: Celebi|Giga Drain|p2a: Flash Fire
|-resisted|p2a: Flash Fire
|-damage|p2a: Flash Fire|0 fnt
|-heal|p1a: Celebi|404\/404|[from] drain|[of] p2a: Flash Fire
|faint|p2a: Flash Fire
|
|
|switch|p2a: Go to NU|Diancie-Mega|55\/241
|turn|60
|
|move|p2a: Go to NU|Moonblast|p1a: Celebi
|-damage|p1a: Celebi|254\/404
|move|p1a: Celebi|Giga Drain|p2a: Go to NU
|-supereffective|p2a: Go to NU
|-damage|p2a: Go to NU|0 fnt
|-heal|p1a: Celebi|282\/404|[from] drain|[of] p2a: Go to NU
|faint|p2a: Go to NU
|
|win|lil manaphy
|raw|Ladder updating...
|raw|lil manaphy's rating: 1783 &rarr; <strong>1794<\/strong><br \/>(+11 for winning)
|raw|Un noob inexperto's rating: 1608 &rarr; <strong>1598<\/strong><br \/>(-10 for losing)
|c|âUn noob inexperto|gg