|join|With No Survivors
|join|Un noob inexperto
|player|p1|With No Survivors|248
|player|p2|Un noob inexperto|294
|gametype|singles
|gen|6
|tier|OU
|rated
|clearpoke
|poke|p1|Charizard, F
|poke|p1|Tyranitar, F
|poke|p1|Excadrill, M
|poke|p1|Chesnaught, F
|poke|p1|Slowbro, M
|poke|p1|Chansey, F
|poke|p2|Diancie
|poke|p2|Landorus-Therian, M
|poke|p2|Greninja, F
|poke|p2|Heatran, F
|poke|p2|Ferrothorn, F
|poke|p2|Rotom-Wash
|rule|Swagger Clause: Swagger is banned
|rule|Baton Pass Clause: Limit one PokÃ©mon knowing Baton Pass
|rule|Sleep Clause Mod: Limit one foe put to sleep
|rule|Species Clause: Limit one of each PokÃ©mon
|rule|OHKO Clause: OHKO moves are banned
|rule|Moody Clause: Moody is banned
|rule|Evasion Moves Clause: Evasion moves are banned
|rule|Endless Battle Clause: Forcing endless battles is banned
|rule|HP Percentage Mod: HP is shown in percentages
|teampreview
|
|start
|switch|p1a: Charizard|Charizard, F|297\/297
|switch|p2a: U-Turn|Rotom-Wash|303\/303
|turn|1
|
|detailschange|p1a: Charizard|Charizard-Mega-Y, F
|-mega|p1a: Charizard|Charizard|Charizardite Y
|-weather|SunnyDay
|move|p1a: Charizard|Solar Beam|p2a: U-Turn|[still]
|-prepare|p1a: Charizard|Solar Beam|p2a: U-Turn
|-anim|p1a: Charizard|Solar Beam|p2a: U-Turn
|-supereffective|p2a: U-Turn
|-damage|p2a: U-Turn|0 fnt
|faint|p2a: U-Turn
|
|-weather|SunnyDay|[upkeep]
|
|switch|p2a: Rocky|Landorus-Therian, M|319\/319
|-ability|p2a: Rocky|Intimidate|[of] p1a: Charizard
|-unboost|p1a: Charizard|atk|1
|turn|2
|
|move|p2a: Rocky|U-turn|p1a: Charizard
|-resisted|p1a: Charizard
|-damage|p1a: Charizard|268\/297
|
|switch|p2a: Scarfu|Heatran, F|385\/385
|move|p1a: Charizard|Fire Blast|p2a: Scarfu
|-start|p2a: Scarfu|ability: Flash Fire
|
|-weather|SunnyDay|[upkeep]
|turn|3
|
|move|p1a: Charizard|Earthquake|p2a: Scarfu
|-crit|p2a: Scarfu
|-supereffective|p2a: Scarfu
|-damage|p2a: Scarfu|0 fnt
|faint|p2a: Scarfu
|
|-weather|SunnyDay|[upkeep]
|c|âWith No Survivors|that mattered, sorry
|
|switch|p2a: Rocky|Landorus-Therian, M|319\/319
|-ability|p2a: Rocky|Intimidate|[of] p1a: Charizard
|-unboost|p1a: Charizard|atk|1
|turn|4
|
|switch|p1a: Chesnaught|Chesnaught, F|318\/318
|move|p2a: Rocky|Stone Edge|p1a: Chesnaught
|-resisted|p1a: Chesnaught
|-damage|p1a: Chesnaught|265\/318
|
|-weather|SunnyDay|[upkeep]
|-heal|p1a: Chesnaught|284\/318|[from] item: Leftovers
|turn|5
|c|âUn noob inexperto|EQ?
|c|âUn noob inexperto|;u;
|
|switch|p2a: Flash Fire|Ferrothorn, F|352\/352
|move|p1a: Chesnaught|Substitute|p1a: Chesnaught
|-start|p1a: Chesnaught|Substitute
|-damage|p1a: Chesnaught|205\/318
|
|-weather|none
|-heal|p1a: Chesnaught|224\/318|[from] item: Leftovers
|turn|6
|c|âWith No Survivors|the crit
|
|move|p1a: Chesnaught|Drain Punch|p2a: Flash Fire
|-supereffective|p2a: Flash Fire
|-damage|p2a: Flash Fire|176\/352
|-heal|p1a: Chesnaught|312\/318|[from] drain|[of] p2a: Flash Fire
|-damage|p1a: Chesnaught|273\/318|[from] ability: Iron Barbs|[of] p2a: Flash Fire
|move|p2a: Flash Fire|Spikes|p1a: Chesnaught
|-sidestart|p1: With No Survivors|Spikes
|
|-heal|p1a: Chesnaught|292\/318|[from] item: Leftovers
|-heal|p2a: Flash Fire|198\/352|[from] item: Leftovers
|turn|7
|
|switch|p2a: Rocky|Landorus-Therian, M|319\/319
|-activate|p1a: Chesnaught|Substitute|ability: Intimidate|[of] p2a: Rocky
|move|p1a: Chesnaught|Drain Punch|p2a: Rocky
|-resisted|p2a: Rocky
|-damage|p2a: Rocky|247\/319
|-heal|p1a: Chesnaught|318\/318|[from] drain|[of] p2a: Rocky
|
|turn|8
|
|move|p2a: Rocky|U-turn|p1a: Chesnaught
|-end|p1a: Chesnaught|Substitute
|
|switch|p2a: Flash Fire|Ferrothorn, F|198\/352
|move|p1a: Chesnaught|Substitute|p1a: Chesnaught
|-start|p1a: Chesnaught|Substitute
|-damage|p1a: Chesnaught|239\/318
|
|-heal|p1a: Chesnaught|258\/318|[from] item: Leftovers
|-heal|p2a: Flash Fire|220\/352|[from] item: Leftovers
|turn|9
|
|move|p2a: Flash Fire|Protect|p2a: Flash Fire
|-singleturn|p2a: Flash Fire|Protect
|move|p1a: Chesnaught|Drain Punch|p2a: Flash Fire
|-activate|p2a: Flash Fire|Protect
|
|-heal|p1a: Chesnaught|277\/318|[from] item: Leftovers
|-heal|p2a: Flash Fire|242\/352|[from] item: Leftovers
|turn|10
|
|switch|p2a: Rocky|Landorus-Therian, M|247\/319
|-activate|p1a: Chesnaught|Substitute|ability: Intimidate|[of] p2a: Rocky
|move|p1a: Chesnaught|Drain Punch|p2a: Rocky
|-resisted|p2a: Rocky
|-damage|p2a: Rocky|181\/319
|-heal|p1a: Chesnaught|310\/318|[from] drain|[of] p2a: Rocky
|
|-heal|p1a: Chesnaught|318\/318|[from] item: Leftovers
|turn|11
|
|switch|p2a: Flash Fire|Ferrothorn, F|242\/352
|move|p1a: Chesnaught|Substitute|p1a: Chesnaught
|-fail|p1a: Chesnaught|move: Substitute
|
|-heal|p2a: Flash Fire|264\/352|[from] item: Leftovers
|turn|12
|
|move|p2a: Flash Fire|Protect|p2a: Flash Fire
|-singleturn|p2a: Flash Fire|Protect
|move|p1a: Chesnaught|Drain Punch|p2a: Flash Fire
|-activate|p2a: Flash Fire|Protect
|
|-heal|p2a: Flash Fire|286\/352|[from] item: Leftovers
|turn|13
|
|move|p1a: Chesnaught|Wood Hammer|p2a: Flash Fire
|-resisted|p2a: Flash Fire
|-damage|p2a: Flash Fire|252\/352
|-damage|p1a: Chesnaught|279\/318|[from] ability: Iron Barbs|[of] p2a: Flash Fire
|-damage|p1a: Chesnaught|268\/318|[from] recoil|[of] p2a: Flash Fire
|move|p2a: Flash Fire|Spikes|p1a: Chesnaught
|-sidestart|p1: With No Survivors|Spikes
|
|-heal|p1a: Chesnaught|287\/318|[from] item: Leftovers
|-heal|p2a: Flash Fire|274\/352|[from] item: Leftovers
|turn|14
|
|move|p2a: Flash Fire|Protect|p2a: Flash Fire
|-singleturn|p2a: Flash Fire|Protect
|move|p1a: Chesnaught|Wood Hammer|p2a: Flash Fire
|-activate|p2a: Flash Fire|Protect
|
|-heal|p1a: Chesnaught|306\/318|[from] item: Leftovers
|-heal|p2a: Flash Fire|296\/352|[from] item: Leftovers
|turn|15
|
|move|p1a: Chesnaught|Wood Hammer|p2a: Flash Fire
|-crit|p2a: Flash Fire
|-resisted|p2a: Flash Fire
|-damage|p2a: Flash Fire|246\/352
|-damage|p1a: Chesnaught|267\/318|[from] ability: Iron Barbs|[of] p2a: Flash Fire
|-damage|p1a: Chesnaught|250\/318|[from] recoil|[of] p2a: Flash Fire
|move|p2a: Flash Fire|Spikes|p1a: Chesnaught
|-sidestart|p1: With No Survivors|Spikes
|
|-heal|p1a: Chesnaught|269\/318|[from] item: Leftovers
|-heal|p2a: Flash Fire|268\/352|[from] item: Leftovers
|turn|16
|
|move|p1a: Chesnaught|Wood Hammer|p2a: Flash Fire
|-resisted|p2a: Flash Fire
|-damage|p2a: Flash Fire|233\/352
|-damage|p1a: Chesnaught|230\/318|[from] ability: Iron Barbs|[of] p2a: Flash Fire
|-damage|p1a: Chesnaught|218\/318|[from] recoil|[of] p2a: Flash Fire
|move|p2a: Flash Fire|Power Whip|p1a: Chesnaught
|-resisted|p1a: Chesnaught
|-activate|p1a: Chesnaught|Substitute|[damage]
|
|-heal|p1a: Chesnaught|237\/318|[from] item: Leftovers
|-heal|p2a: Flash Fire|255\/352|[from] item: Leftovers
|turn|17
|
|move|p1a: Chesnaught|Drain Punch|p2a: Flash Fire
|-supereffective|p2a: Flash Fire
|-damage|p2a: Flash Fire|93\/352
|-heal|p1a: Chesnaught|318\/318|[from] drain|[of] p2a: Flash Fire
|-damage|p1a: Chesnaught|279\/318|[from] ability: Iron Barbs|[of] p2a: Flash Fire
|move|p2a: Flash Fire|Power Whip|p1a: Chesnaught
|-resisted|p1a: Chesnaught
|-end|p1a: Chesnaught|Substitute
|
|-heal|p1a: Chesnaught|298\/318|[from] item: Leftovers
|-heal|p2a: Flash Fire|115\/352|[from] item: Leftovers
|turn|18
|
|switch|p2a: Rocky|Landorus-Therian, M|181\/319
|-ability|p2a: Rocky|Intimidate|[of] p1a: Chesnaught
|-unboost|p1a: Chesnaught|atk|1
|move|p1a: Chesnaught|Wood Hammer|p2a: Rocky
|-damage|p2a: Rocky|36\/319
|-damage|p1a: Chesnaught|250\/318|[from] recoil|[of] p2a: Rocky
|
|-heal|p1a: Chesnaught|269\/318|[from] item: Leftovers
|turn|19
|
|move|p2a: Rocky|Knock Off|p1a: Chesnaught
|-resisted|p1a: Chesnaught
|-damage|p1a: Chesnaught|213\/318
|-enditem|p1a: Chesnaught|Leftovers|[from] move: Knock Off|[of] p2a: Rocky
|move|p1a: Chesnaught|Drain Punch|p2a: Rocky
|-resisted|p2a: Rocky
|-damage|p2a: Rocky|0 fnt
|-heal|p1a: Chesnaught|231\/318|[from] drain|[of] p2a: Rocky
|faint|p2a: Rocky
|
|
|switch|p2a: Go to NU|Diancie|241\/241
|turn|20
|
|switch|p2a: Flash Fire|Ferrothorn, F|115\/352
|move|p1a: Chesnaught|Wood Hammer|p2a: Flash Fire
|-resisted|p2a: Flash Fire
|-damage|p2a: Flash Fire|94\/352
|-damage|p1a: Chesnaught|192\/318|[from] ability: Iron Barbs|[of] p2a: Flash Fire
|-damage|p1a: Chesnaught|185\/318|[from] recoil|[of] p2a: Flash Fire
|
|-heal|p2a: Flash Fire|116\/352|[from] item: Leftovers
|turn|21
|
|move|p1a: Chesnaught|Substitute|p1a: Chesnaught
|-start|p1a: Chesnaught|Substitute
|-damage|p1a: Chesnaught|106\/318
|move|p2a: Flash Fire|Power Whip|p1a: Chesnaught
|-resisted|p1a: Chesnaught
|-activate|p1a: Chesnaught|Substitute|[damage]
|
|-heal|p2a: Flash Fire|138\/352|[from] item: Leftovers
|turn|22
|
|move|p2a: Flash Fire|Protect|p2a: Flash Fire
|-singleturn|p2a: Flash Fire|Protect
|move|p1a: Chesnaught|Synthesis|p1a: Chesnaught
|-heal|p1a: Chesnaught|265\/318
|
|-heal|p2a: Flash Fire|160\/352|[from] item: Leftovers
|turn|23
|c|âUn noob inexperto|...
|c|âWith No Survivors|gotcha
|c|âUn noob inexperto|:c
|
|move|p1a: Chesnaught|Drain Punch|p2a: Flash Fire
|-supereffective|p2a: Flash Fire
|-damage|p2a: Flash Fire|52\/352
|-heal|p1a: Chesnaught|318\/318|[from] drain|[of] p2a: Flash Fire
|-damage|p1a: Chesnaught|279\/318|[from] ability: Iron Barbs|[of] p2a: Flash Fire
|move|p2a: Flash Fire|Power Whip|p1a: Chesnaught
|-resisted|p1a: Chesnaught
|-end|p1a: Chesnaught|Substitute
|
|-heal|p2a: Flash Fire|74\/352|[from] item: Leftovers
|turn|24
|
|move|p1a: Chesnaught|Drain Punch|p2a: Flash Fire
|-supereffective|p2a: Flash Fire
|-damage|p2a: Flash Fire|0 fnt
|-heal|p1a: Chesnaught|316\/318|[from] drain|[of] p2a: Flash Fire
|-damage|p1a: Chesnaught|277\/318|[from] ability: Iron Barbs|[of] p2a: Flash Fire
|faint|p2a: Flash Fire
|
|
|switch|p2a: Deffensive Ninja|Greninja, F|285\/285
|turn|25
|
|switch|p1a: Tyranitar|Tyranitar, F|404\/404
|-damage|p1a: Tyranitar|303\/404|[from] Spikes
|-weather|Sandstorm
|move|p2a: Deffensive Ninja|Ice Beam|p1a: Tyranitar
|-start|p2a: Deffensive Ninja|typechange|Ice|[from] Protean
|-damage|p1a: Tyranitar|174\/404
|-damage|p2a: Deffensive Ninja|257\/285|[from] item: Life Orb
|
|-weather|Sandstorm|[upkeep]
|-damage|p2a: Deffensive Ninja|240\/285|[from] sandstorm
|turn|26
|
|move|p1a: Tyranitar|Pursuit|p2a: Deffensive Ninja|[from]Pursuit
|-damage|p2a: Deffensive Ninja|0 fnt
|faint|p2a: Deffensive Ninja
|
|-weather|Sandstorm|[upkeep]
|
|switch|p2a: Go to NU|Diancie|241\/241
|turn|27
|
|move|p2a: Go to NU|Rock Polish|p2a: Go to NU
|-boost|p2a: Go to NU|spe|2
|move|p1a: Tyranitar|Rock Slide|p2a: Go to NU
|-crit|p2a: Go to NU
|-damage|p2a: Go to NU|94\/241
|
|-weather|Sandstorm|[upkeep]
|turn|28
|
|detailschange|p2a: Go to NU|Diancie-Mega
|-mega|p2a: Go to NU|Diancie|Diancite
|move|p2a: Go to NU|Moonblast|p1a: Tyranitar
|-supereffective|p1a: Tyranitar
|-damage|p1a: Tyranitar|0 fnt
|faint|p1a: Tyranitar
|
|-weather|Sandstorm|[upkeep]
|
|switch|p1a: Excadrill|Excadrill, M|362\/362
|-damage|p1a: Excadrill|272\/362|[from] Spikes
|turn|29
|
|move|p2a: Go to NU|Hidden Power|p1a: Excadrill
|-supereffective|p1a: Excadrill
|-damage|p1a: Excadrill|118\/362
|move|p1a: Excadrill|Iron Head|p2a: Go to NU
|-crit|p2a: Go to NU
|-supereffective|p2a: Go to NU
|-damage|p2a: Go to NU|0 fnt
|faint|p2a: Go to NU
|
|win|With No Survivors
|raw|Ladder updating...
|c|âWith No Survivors|gg
|raw|With No Survivors's rating: 1588 &rarr; <strong>1607<\/strong><br \/>(+19 for winning)
|raw|Un noob inexperto's rating: 1573 &rarr; <strong>1554<\/strong><br \/>(-19 for losing)
|c|âWith No Survivors|AV
|c|âUn noob inexperto|gg
|c|âUn noob inexperto|:c