|join|altariaaa
|join|tanachan
|player|p1|altariaaa|273
|player|p2|tanachan|86
|gametype|singles
|gen|6
|tier|OU
|rated
|clearpoke
|poke|p1|Tornadus-Therian, M
|poke|p1|Amoonguss, M
|poke|p1|Slowbro, F
|poke|p1|Gardevoir, F
|poke|p1|Hippowdon, F
|poke|p1|Excadrill, M
|poke|p2|Skarmory, M
|poke|p2|Charizard, M
|poke|p2|Latios, M
|poke|p2|Landorus-Therian, M
|poke|p2|Azumarill, M, shiny
|poke|p2|Tyranitar, F
|rule|Swagger Clause: Swagger is banned
|rule|Baton Pass Clause: Limit one PokÃ©mon knowing Baton Pass
|rule|Sleep Clause Mod: Limit one foe put to sleep
|rule|Species Clause: Limit one of each PokÃ©mon
|rule|OHKO Clause: OHKO moves are banned
|rule|Moody Clause: Moody is banned
|rule|Evasion Moves Clause: Evasion moves are banned
|rule|Endless Battle Clause: Forcing endless battles is banned
|rule|HP Percentage Mod: HP is shown in percentages
|teampreview
|
|start
|switch|p1a: Gardevoir|Gardevoir, F|339\/339
|switch|p2a: Charizard|Charizard, M|297\/297
|turn|1
|
|detailschange|p2a: Charizard|Charizard-Mega-Y, M
|-mega|p2a: Charizard|Charizard|Charizardite Y
|-weather|SunnyDay
|detailschange|p1a: Gardevoir|Gardevoir-Mega, F
|-mega|p1a: Gardevoir|Gardevoir|Gardevoirite
|move|p1a: Gardevoir|Protect|p1a: Gardevoir
|-singleturn|p1a: Gardevoir|Protect
|move|p2a: Charizard|Overheat|p1a: Gardevoir
|-activate|p1a: Gardevoir|Protect
|
|-weather|SunnyDay|[upkeep]
|turn|2
|
|switch|p1a: Slowbro|Slowbro, F|394\/394
|move|p2a: Charizard|Overheat|p1a: Slowbro|[miss]
|-miss|p2a: Charizard|p1a: Slowbro
|
|-weather|SunnyDay|[upkeep]
|turn|3
|
|switch|p1a: Hippowdon|Hippowdon, F|420\/420
|-weather|Sandstorm
|move|p2a: Charizard|Solar Beam|p1a: Hippowdon|[still]
|-prepare|p2a: Charizard|Solar Beam|p1a: Hippowdon
|
|-weather|Sandstorm|[upkeep]
|-damage|p2a: Charizard|279\/297|[from] sandstorm
|turn|4
|
|switch|p1a: Excadrill|Excadrill, M|374\/374
|move|p2a: Charizard|Solar Beam|p1a: Excadrill
|-damage|p1a: Excadrill|240\/374
|
|-weather|Sandstorm|[upkeep]
|-damage|p2a: Charizard|261\/297|[from] sandstorm
|-heal|p1a: Excadrill|263\/374|[from] item: Leftovers
|turn|5
|
|switch|p1a: Hippowdon|Hippowdon, F|420\/420
|switch|p2a: Landorus-Therian|Landorus-Therian, M|320\/320
|-ability|p2a: Landorus-Therian|Intimidate|[of] p1a: Hippowdon
|-unboost|p1a: Hippowdon|atk|1
|
|-weather|Sandstorm|[upkeep]
|turn|6
|
|switch|p2a: Azumarill|Azumarill, M, shiny|391\/391
|move|p1a: Hippowdon|Stealth Rock|p2a: Azumarill
|-sidestart|p2: tanachan|move: Stealth Rock
|
|-weather|Sandstorm|[upkeep]
|-damage|p2a: Azumarill|367\/391|[from] sandstorm
|turn|7
|
|switch|p1a: Amoonguss|Amoonguss, M|431\/431
|move|p2a: Azumarill|Knock Off|p1a: Amoonguss
|-crit|p1a: Amoonguss
|-damage|p1a: Amoonguss|28\/431
|-enditem|p1a: Amoonguss|Assault Vest|[from] move: Knock Off|[of] p2a: Azumarill
|
|-weather|none
|turn|8
|
|switch|p1a: Hippowdon|Hippowdon, F|420\/420
|-weather|Sandstorm
|move|p2a: Azumarill|Knock Off|p1a: Hippowdon
|-damage|p1a: Hippowdon|272\/420
|-enditem|p1a: Hippowdon|Leftovers|[from] move: Knock Off|[of] p2a: Azumarill
|
|-weather|Sandstorm|[upkeep]
|-damage|p2a: Azumarill|343\/391|[from] sandstorm
|turn|9
|
|move|p2a: Azumarill|Knock Off|p1a: Hippowdon
|-damage|p1a: Hippowdon|172\/420
|move|p1a: Hippowdon|Whirlwind|p2a: Azumarill
|drag|p2a: Latios|Latios, M|302\/302
|-damage|p2a: Latios|265\/302|[from] Stealth Rock
|
|-weather|Sandstorm|[upkeep]
|-damage|p2a: Latios|247\/302|[from] sandstorm
|turn|10
|
|switch|p2a: Skarmory|Skarmory, M|333\/333
|-damage|p2a: Skarmory|292\/333|[from] Stealth Rock
|switch|p1a: Gardevoir|Gardevoir-Mega, F|339\/339
|
|-weather|Sandstorm|[upkeep]
|-damage|p1a: Gardevoir|318\/339|[from] sandstorm
|turn|11
|join|Feenstaub
|
|move|p1a: Gardevoir|Will-O-Wisp|p2a: Skarmory
|-status|p2a: Skarmory|brn
|move|p2a: Skarmory|Defog|p1a: Gardevoir
|-unboost|p1a: Gardevoir|evasion|1
|-sideend|p2: tanachan|Stealth Rock|[from] move: Defog|[of] p2a: Skarmory
|
|-weather|Sandstorm|[upkeep]
|-damage|p1a: Gardevoir|297\/339|[from] sandstorm
|-damage|p2a: Skarmory|251\/333 brn|[from] brn
|turn|12
|
|move|p1a: Gardevoir|Hyper Voice|p2a: Skarmory
|-resisted|p2a: Skarmory
|-damage|p2a: Skarmory|92\/333 brn
|move|p2a: Skarmory|Whirlwind|p1a: Gardevoir
|drag|p1a: Hippowdon|Hippowdon, F|172\/420
|
|-weather|none
|-damage|p2a: Skarmory|51\/333 brn|[from] brn
|turn|13
|
|move|p2a: Skarmory|Roost|p2a: Skarmory
|-heal|p2a: Skarmory|218\/333 brn
|move|p1a: Hippowdon|Stealth Rock|p2a: Skarmory
|-sidestart|p2: tanachan|move: Stealth Rock
|
|-damage|p2a: Skarmory|177\/333 brn|[from] brn
|turn|14
|
|move|p2a: Skarmory|Defog|p1a: Hippowdon
|-unboost|p1a: Hippowdon|evasion|1
|-sideend|p2: tanachan|Stealth Rock|[from] move: Defog|[of] p2a: Skarmory
|move|p1a: Hippowdon|Stealth Rock|p2a: Skarmory
|-sidestart|p2: tanachan|move: Stealth Rock
|
|-damage|p2a: Skarmory|136\/333 brn|[from] brn
|turn|15
|
|move|p2a: Skarmory|Roost|p2a: Skarmory
|-heal|p2a: Skarmory|303\/333 brn
|move|p1a: Hippowdon|Earthquake|p2a: Skarmory
|-supereffective|p2a: Skarmory
|-damage|p2a: Skarmory|145\/333 brn
|
|-damage|p2a: Skarmory|104\/333 brn|[from] brn
|turn|16
|
|move|p2a: Skarmory|Roost|p2a: Skarmory
|-heal|p2a: Skarmory|271\/333 brn
|move|p1a: Hippowdon|Stealth Rock|p2a: Skarmory
|-fail|p2a: Skarmory
|
|-damage|p2a: Skarmory|230\/333 brn|[from] brn
|turn|17
|c|âaltariaaa|!data defog
|c|~|\/data-move Defog

|
|move|p2a: Skarmory|Defog|p1a: Hippowdon
|-unboost|p1a: Hippowdon|evasion|1
|-sideend|p2: tanachan|Stealth Rock|[from] move: Defog|[of] p2a: Skarmory
|move|p1a: Hippowdon|Stealth Rock|p2a: Skarmory
|-sidestart|p2: tanachan|move: Stealth Rock
|
|-damage|p2a: Skarmory|189\/333 brn|[from] brn
|turn|18
|
|switch|p1a: Amoonguss|Amoonguss, M|171\/431
|move|p2a: Skarmory|Defog|p1a: Amoonguss
|-unboost|p1a: Amoonguss|evasion|1
|-sideend|p2: tanachan|Stealth Rock|[from] move: Defog|[of] p2a: Skarmory
|
|-damage|p2a: Skarmory|148\/333 brn|[from] brn
|turn|19
|
|switch|p1a: Hippowdon|Hippowdon, F|172\/420
|-weather|Sandstorm
|move|p2a: Skarmory|Roost|p2a: Skarmory
|-heal|p2a: Skarmory|315\/333 brn
|
|-weather|Sandstorm|[upkeep]
|-damage|p2a: Skarmory|274\/333 brn|[from] brn
|turn|20
|
|switch|p2a: Charizard|Charizard-Mega-Y, M|261\/297
|-weather|SunnyDay
|move|p1a: Hippowdon|Stealth Rock|p2a: Charizard
|-sidestart|p2: tanachan|move: Stealth Rock
|
|-weather|SunnyDay|[upkeep]
|turn|21
|
|switch|p1a: Amoonguss|Amoonguss, M|314\/431
|move|p2a: Charizard|Solar Beam|p1a: Amoonguss|[still]
|-prepare|p2a: Charizard|Solar Beam|p1a: Amoonguss
|-anim|p2a: Charizard|Solar Beam|p1a: Amoonguss
|-resisted|p1a: Amoonguss
|-damage|p1a: Amoonguss|274\/431
|
|-weather|SunnyDay|[upkeep]
|turn|22
|
|move|p2a: Charizard|Overheat|p1a: Amoonguss
|-supereffective|p1a: Amoonguss
|-damage|p1a: Amoonguss|0 fnt
|-unboost|p2a: Charizard|spa|2
|faint|p1a: Amoonguss
|
|-weather|SunnyDay|[upkeep]
|
|switch|p1a: Hippowdon|Hippowdon, F|172\/420
|-weather|Sandstorm
|turn|23
|
|switch|p1a: Tornadus-Therian|Tornadus-Therian, M|299\/299
|move|p2a: Charizard|Overheat|p1a: Tornadus-Therian
|-damage|p1a: Tornadus-Therian|133\/299
|-unboost|p2a: Charizard|spa|2
|
|-weather|Sandstorm|[upkeep]
|-damage|p1a: Tornadus-Therian|115\/299|[from] sandstorm
|-damage|p2a: Charizard|243\/297|[from] sandstorm
|turn|24
|
|switch|p1a: Gardevoir|Gardevoir-Mega, F|297\/339
|move|p2a: Charizard|Overheat|p1a: Gardevoir
|-damage|p1a: Gardevoir|224\/339
|-unboost|p2a: Charizard|spa|2
|
|-weather|Sandstorm|[upkeep]
|-damage|p2a: Charizard|225\/297|[from] sandstorm
|-damage|p1a: Gardevoir|203\/339|[from] sandstorm
|turn|25
|
|move|p2a: Charizard|Overheat|p1a: Gardevoir
|-damage|p1a: Gardevoir|146\/339
|move|p1a: Gardevoir|Wish|p1a: Gardevoir
|
|-weather|Sandstorm|[upkeep]
|-damage|p2a: Charizard|207\/297|[from] sandstorm
|-damage|p1a: Gardevoir|125\/339|[from] sandstorm
|turn|26
|
|switch|p2a: Skarmory|Skarmory, M|274\/333 brn
|-damage|p2a: Skarmory|233\/333 brn|[from] Stealth Rock
|move|p1a: Gardevoir|Hyper Voice|p2a: Skarmory
|-resisted|p2a: Skarmory
|-damage|p2a: Skarmory|71\/333 brn
|
|-weather|Sandstorm|[upkeep]
|-damage|p1a: Gardevoir|104\/339|[from] sandstorm
|-heal|p1a: Gardevoir|273\/339|[from] move: Wish|[wisher] Gardevoir
|-damage|p2a: Skarmory|30\/333 brn|[from] brn
|turn|27
|
|move|p1a: Gardevoir|Hyper Voice|p2a: Skarmory
|-resisted|p2a: Skarmory
|-damage|p2a: Skarmory|0 fnt
|faint|p2a: Skarmory
|
|-weather|none
|
|switch|p2a: Azumarill|Azumarill, M, shiny|343\/391
|-damage|p2a: Azumarill|295\/391|[from] Stealth Rock
|turn|28
|
|move|p1a: Gardevoir|Protect|p1a: Gardevoir
|-singleturn|p1a: Gardevoir|Protect
|move|p2a: Azumarill|Play Rough|p1a: Gardevoir
|-activate|p1a: Gardevoir|Protect
|
|turn|29
|
|switch|p1a: Excadrill|Excadrill, M|263\/374
|move|p2a: Azumarill|Play Rough|p1a: Excadrill
|-resisted|p1a: Excadrill
|-damage|p1a: Excadrill|49\/374
|-unboost|p1a: Excadrill|atk|1
|
|-heal|p1a: Excadrill|72\/374|[from] item: Leftovers
|turn|30
|
|move|p1a: Excadrill|Iron Head|p2a: Azumarill
|-damage|p2a: Azumarill|154\/391
|cant|p2a: Azumarill|flinch
|
|-heal|p1a: Excadrill|95\/374|[from] item: Leftovers
|turn|31
|
|move|p1a: Excadrill|Iron Head|p2a: Azumarill
|-damage|p2a: Azumarill|28\/391
|move|p2a: Azumarill|Play Rough|p1a: Excadrill|[miss]
|-miss|p2a: Azumarill|p1a: Excadrill
|
|-heal|p1a: Excadrill|118\/374|[from] item: Leftovers
|turn|32
|c|âaltariaaa|sorry dude
|
|move|p1a: Excadrill|Iron Head|p2a: Azumarill
|-damage|p2a: Azumarill|0 fnt
|faint|p2a: Azumarill
|
|-heal|p1a: Excadrill|141\/374|[from] item: Leftovers
|c| Feenstaub|lol
|
|switch|p2a: Latios|Latios, M|247\/302
|-damage|p2a: Latios|210\/302|[from] Stealth Rock
|turn|33
|
|move|p2a: Latios|Surf|p1a: Excadrill
|-supereffective|p1a: Excadrill
|-damage|p1a: Excadrill|0 fnt
|faint|p1a: Excadrill
|
|
|switch|p1a: Tornadus-Therian|Tornadus-Therian, M|214\/299
|turn|34
|
|move|p2a: Latios|Surf|p1a: Tornadus-Therian
|-damage|p1a: Tornadus-Therian|78\/299
|move|p1a: Tornadus-Therian|Knock Off|p2a: Latios
|-supereffective|p2a: Latios
|-damage|p2a: Latios|0 fnt
|-enditem|p2a: Latios|Choice Scarf|[from] move: Knock Off|[of] p1a: Tornadus-Therian
|-damage|p1a: Tornadus-Therian|49\/299|[from] item: Life Orb
|faint|p2a: Latios
|
|
|switch|p2a: Tyranitar|Tyranitar, F|399\/399
|-damage|p2a: Tyranitar|350\/399|[from] Stealth Rock
|-weather|Sandstorm
|turn|35
|
|move|p1a: Tornadus-Therian|Superpower|p2a: Tyranitar
|-supereffective|p2a: Tyranitar
|-damage|p2a: Tyranitar|0 fnt
|-unboost|p1a: Tornadus-Therian|atk|1
|-unboost|p1a: Tornadus-Therian|def|1
|-damage|p1a: Tornadus-Therian|20\/299|[from] item: Life Orb
|faint|p2a: Tyranitar
|
|-weather|Sandstorm|[upkeep]
|-damage|p1a: Tornadus-Therian|2\/299|[from] sandstorm
|
|switch|p2a: Landorus-Therian|Landorus-Therian, M|320\/320
|-damage|p2a: Landorus-Therian|280\/320|[from] Stealth Rock
|-ability|p2a: Landorus-Therian|Intimidate|[of] p1a: Tornadus-Therian
|-unboost|p1a: Tornadus-Therian|atk|1
|turn|36
|
|switch|p1a: Hippowdon|Hippowdon, F|172\/420
|move|p2a: Landorus-Therian|U-turn|p1a: Hippowdon
|-damage|p1a: Hippowdon|105\/420
|
|switch|p2a: Charizard|Charizard-Mega-Y, M|207\/297
|-damage|p2a: Charizard|59\/297|[from] Stealth Rock
|-weather|SunnyDay
|
|-weather|SunnyDay|[upkeep]
|turn|37
|
|move|p2a: Charizard|Solar Beam|p1a: Hippowdon|[still]
|-prepare|p2a: Charizard|Solar Beam|p1a: Hippowdon
|-anim|p2a: Charizard|Solar Beam|p1a: Hippowdon
|-supereffective|p1a: Hippowdon
|-damage|p1a: Hippowdon|0 fnt
|faint|p1a: Hippowdon
|
|-weather|SunnyDay|[upkeep]
|
|switch|p1a: Tornadus-Therian|Tornadus-Therian, M|101\/299
|turn|38
|
|move|p1a: Tornadus-Therian|Knock Off|p2a: Charizard
|-damage|p2a: Charizard|0 fnt
|-damage|p1a: Tornadus-Therian|72\/299|[from] item: Life Orb
|faint|p2a: Charizard
|
|-weather|SunnyDay|[upkeep]
|
|switch|p2a: Landorus-Therian|Landorus-Therian, M|280\/320
|-damage|p2a: Landorus-Therian|240\/320|[from] Stealth Rock
|-ability|p2a: Landorus-Therian|Intimidate|[of] p1a: Tornadus-Therian
|-unboost|p1a: Tornadus-Therian|atk|1
|turn|39
|-message|tanachan forfeited.
|leave|tanachan
|
|win|altariaaa
|raw|Ladder updating...
|player|p2
|raw|altariaaa's rating: 1779 &rarr; <strong>1790<\/strong><br \/>(+11 for winning)
|raw|tanachan's rating: 1610 &rarr; <strong>1599<\/strong><br \/>(-11 for losing)
|leave|altariaaa
|player|p1