|join|guido2002
|join|GoodVibes808
|player|p1|guido2002|101
|player|p2|GoodVibes808|16
|gametype|singles
|gen|6
|tier|OU
|rated
|clearpoke
|poke|p1|Rotom-Wash, shiny
|poke|p1|Landorus-Therian, M, shiny
|poke|p1|Latios, M, shiny
|poke|p1|Skarmory, F, shiny
|poke|p1|Azumarill, M, shiny
|poke|p1|Medicham, F, shiny
|poke|p2|Landorus-Therian, M
|poke|p2|Rotom-Wash
|poke|p2|Bisharp, M, shiny
|poke|p2|Ferrothorn, M
|poke|p2|Venusaur, F
|poke|p2|Latios, M, shiny
|rule|Swagger Clause: Swagger is banned
|rule|Baton Pass Clause: Limit one PokÃ©mon knowing Baton Pass
|rule|Sleep Clause Mod: Limit one foe put to sleep
|rule|Species Clause: Limit one of each PokÃ©mon
|rule|OHKO Clause: OHKO moves are banned
|rule|Moody Clause: Moody is banned
|rule|Evasion Moves Clause: Evasion moves are banned
|rule|Endless Battle Clause: Forcing endless battles is banned
|rule|HP Percentage Mod: HP is shown in percentages
|teampreview
|
|start
|switch|p1a: Landorus-Therian|Landorus-Therian, M, shiny|320\/320
|switch|p2a: Earthbound|Landorus-Therian, M|320\/320
|-ability|p2a: Earthbound|Intimidate|[of] p1a: Landorus-Therian
|-unboost|p1a: Landorus-Therian|atk|1
|-ability|p1a: Landorus-Therian|Intimidate|[of] p2a: Earthbound
|-unboost|p2a: Earthbound|atk|1
|turn|1
|
|move|p2a: Earthbound|U-turn|p1a: Landorus-Therian
|-resisted|p1a: Landorus-Therian
|-damage|p1a: Landorus-Therian|288\/320
|
|switch|p2a: Tenpin|Ferrothorn, M|351\/351
|move|p1a: Landorus-Therian|U-turn|p2a: Tenpin
|-damage|p2a: Tenpin|300\/351
|-damage|p1a: Landorus-Therian|248\/320|[from] ability: Iron Barbs|[of] p2a: Tenpin
|
|switch|p1a: Medicham|Medicham, F, shiny|261\/261
|
|-heal|p2a: Tenpin|321\/351|[from] item: Leftovers
|turn|2
|
|detailschange|p1a: Medicham|Medicham-Mega, F, shiny
|message|Medicham has Mega Evolved into Mega Medicham!
|move|p1a: Medicham|Substitute|p1a: Medicham
|-start|p1a: Medicham|Substitute
|-damage|p1a: Medicham|196\/261
|move|p2a: Tenpin|Gyro Ball|p1a: Medicham
|-end|p1a: Medicham|Substitute
|
|-heal|p2a: Tenpin|342\/351|[from] item: Leftovers
|turn|3
|
|switch|p2a: Earthbound|Landorus-Therian, M|320\/320
|-ability|p2a: Earthbound|Intimidate|[of] p1a: Medicham
|-unboost|p1a: Medicham|atk|1
|move|p1a: Medicham|High Jump Kick|p2a: Earthbound
|-resisted|p2a: Earthbound
|-damage|p2a: Earthbound|172\/320
|
|turn|4
|
|switch|p1a: Landorus-Therian|Landorus-Therian, M, shiny|248\/320
|-ability|p1a: Landorus-Therian|Intimidate|[of] p2a: Earthbound
|-unboost|p2a: Earthbound|atk|1
|move|p2a: Earthbound|U-turn|p1a: Landorus-Therian
|-resisted|p1a: Landorus-Therian
|-damage|p1a: Landorus-Therian|216\/320
|
|switch|p2a: Tenpin|Ferrothorn, M|342\/351
|
|-heal|p2a: Tenpin|351\/351|[from] item: Leftovers
|turn|5
|join|buttsex
|
|move|p1a: Landorus-Therian|Knock Off|p2a: Tenpin
|-damage|p2a: Tenpin|252\/351
|-damage|p1a: Landorus-Therian|176\/320|[from] ability: Iron Barbs|[of] p2a: Tenpin
|-enditem|p2a: Tenpin|Leftovers|[from] move: Knock Off|[of] p1a: Landorus-Therian
|move|p2a: Tenpin|Stealth Rock|p1a: Landorus-Therian
|-sidestart|p1: guido2002|move: Stealth Rock
|
|turn|6
|
|switch|p1a: Latios|Latios, M, shiny|302\/302
|-damage|p1a: Latios|265\/302|[from] Stealth Rock
|move|p2a: Tenpin|Leech Seed|p1a: Latios
|-start|p1a: Latios|move: Leech Seed
|
|-damage|p1a: Latios|228\/302|[from] Leech Seed|[of] p2a: Tenpin
|-heal|p2a: Tenpin|289\/351|[silent]
|turn|7
|
|move|p2a: Tenpin|Protect|p2a: Tenpin
|-singleturn|p2a: Tenpin|Protect
|move|p1a: Latios|Defog|p2a: Tenpin
|-activate|p2a: Tenpin|Protect
|
|-damage|p1a: Latios|191\/302|[from] Leech Seed|[of] p2a: Tenpin
|-heal|p2a: Tenpin|326\/351|[silent]
|turn|8
|
|move|p1a: Latios|Defog|p2a: Tenpin
|-unboost|p2a: Tenpin|evasion|1
|-sideend|p1: guido2002|Stealth Rock|[from] move: Defog|[of] p1a: Latios
|move|p2a: Tenpin|Gyro Ball|p1a: Latios
|-damage|p1a: Latios|0 fnt
|faint|p1a: Latios
|
|
|switch|p1a: Medicham|Medicham-Mega, F, shiny|196\/261
|turn|9
|
|move|p1a: Medicham|High Jump Kick|p2a: Tenpin
|-supereffective|p2a: Tenpin
|-damage|p2a: Tenpin|0 fnt
|-damage|p1a: Medicham|164\/261|[from] ability: Iron Barbs|[of] p2a: Tenpin
|faint|p2a: Tenpin
|
|
|switch|p2a: Earthbound|Landorus-Therian, M|172\/320
|-ability|p2a: Earthbound|Intimidate|[of] p1a: Medicham
|-unboost|p1a: Medicham|atk|1
|turn|10
|
|switch|p1a: Skarmory|Skarmory, F, shiny|334\/334
|move|p2a: Earthbound|U-turn|p1a: Skarmory
|-resisted|p1a: Skarmory
|-damage|p1a: Skarmory|320\/334
|-damage|p2a: Earthbound|119\/320|[from] item: Rocky Helmet|[of] p1a: Skarmory
|
|switch|p2a: Hayashi|Venusaur, F|364\/364
|
|turn|11
|
|detailschange|p2a: Hayashi|Venusaur-Mega, F
|message|Venusaur has Mega Evolved into Mega Venusaur!
|move|p2a: Hayashi|Leech Seed|p1a: Skarmory
|-start|p1a: Skarmory|move: Leech Seed
|move|p1a: Skarmory|Brave Bird|p2a: Hayashi
|-supereffective|p2a: Hayashi
|-damage|p2a: Hayashi|158\/364
|-damage|p1a: Skarmory|252\/334|[from] recoil|[of] p2a: Hayashi
|
|-damage|p1a: Skarmory|211\/334|[from] Leech Seed|[of] p2a: Hayashi
|-heal|p2a: Hayashi|199\/364|[silent]
|turn|12
|
|move|p2a: Hayashi|Hidden Power|p1a: Skarmory
|-supereffective|p1a: Skarmory
|-damage|p1a: Skarmory|3\/334
|move|p1a: Skarmory|Stealth Rock|p2a: Hayashi
|-sidestart|p2: GoodVibes808|move: Stealth Rock
|
|-damage|p1a: Skarmory|0 fnt|[from] Leech Seed|[of] p2a: Hayashi
|-heal|p2a: Hayashi|202\/364|[silent]
|faint|p1a: Skarmory
|
|switch|p1a: Medicham|Medicham-Mega, F, shiny|164\/261
|turn|13
|
|switch|p2a: Earthbound|Landorus-Therian, M|119\/320
|-damage|p2a: Earthbound|79\/320|[from] Stealth Rock
|-ability|p2a: Earthbound|Intimidate|[of] p1a: Medicham
|-unboost|p1a: Medicham|atk|1
|move|p1a: Medicham|Substitute|p1a: Medicham
|-start|p1a: Medicham|Substitute
|-damage|p1a: Medicham|99\/261
|
|turn|14
|
|move|p2a: Earthbound|U-turn|p1a: Medicham
|-end|p1a: Medicham|Substitute
|
|switch|p2a: Tumblr|Rotom-Wash|303\/303
|-damage|p2a: Tumblr|266\/303|[from] Stealth Rock
|move|p1a: Medicham|High Jump Kick|p2a: Tumblr
|-damage|p2a: Tumblr|41\/303
|
|-heal|p2a: Tumblr|59\/303|[from] item: Leftovers
|turn|15
|
|move|p1a: Medicham|Psycho Cut|p2a: Tumblr
|-damage|p2a: Tumblr|0 fnt
|faint|p2a: Tumblr
|
|
|switch|p2a: Eon|Latios, M, shiny|301\/301
|-damage|p2a: Eon|264\/301|[from] Stealth Rock
|turn|16
|
|switch|p1a: Azumarill|Azumarill, M, shiny|404\/404
|move|p2a: Eon|Psyshock|p1a: Azumarill
|-damage|p1a: Azumarill|200\/404
|-damage|p2a: Eon|234\/301|[from] item: Life Orb
|
|turn|17
|
|move|p2a: Eon|Psyshock|p1a: Azumarill
|-damage|p1a: Azumarill|0 fnt
|-damage|p2a: Eon|204\/301|[from] item: Life Orb
|faint|p1a: Azumarill
|
|
|switch|p1a: Landorus-Therian|Landorus-Therian, M, shiny|176\/320
|-ability|p1a: Landorus-Therian|Intimidate|[of] p2a: Eon
|-unboost|p2a: Eon|atk|1
|turn|18
|
|switch|p2a: Hayashi|Venusaur-Mega, F|202\/364
|-damage|p2a: Hayashi|157\/364|[from] Stealth Rock
|move|p1a: Landorus-Therian|U-turn|p2a: Hayashi
|-damage|p2a: Hayashi|79\/364
|
|switch|p1a: Medicham|Medicham-Mega, F, shiny|99\/261
|
|turn|19
|
|move|p1a: Medicham|Ice Punch|p2a: Hayashi
|-crit|p2a: Hayashi
|-supereffective|p2a: Hayashi
|-damage|p2a: Hayashi|0 fnt
|faint|p2a: Hayashi
|
|
|switch|p2a: Eon|Latios, M, shiny|204\/301
|-damage|p2a: Eon|167\/301|[from] Stealth Rock
|turn|20
|
|move|p2a: Eon|Psyshock|p1a: Medicham
|-damage|p1a: Medicham|0 fnt
|-damage|p2a: Eon|137\/301|[from] item: Life Orb
|faint|p1a: Medicham
|
|
|switch|p1a: Landorus-Therian|Landorus-Therian, M, shiny|176\/320
|-ability|p1a: Landorus-Therian|Intimidate|[of] p2a: Eon
|-unboost|p2a: Eon|atk|1
|turn|21
|
|switch|p2a: Cardinal|Bisharp, M, shiny|284\/284
|-damage|p2a: Cardinal|267\/284|[from] Stealth Rock
|move|p1a: Landorus-Therian|U-turn|p2a: Cardinal
|-crit|p2a: Cardinal
|-damage|p2a: Cardinal|127\/284
|
|switch|p1a: Rotom-Wash|Rotom-Wash, shiny|303\/303
|
|-heal|p2a: Cardinal|144\/284|[from] item: Leftovers
|turn|22
|
|move|p2a: Cardinal|Swords Dance|p2a: Cardinal
|-boost|p2a: Cardinal|atk|2
|move|p1a: Rotom-Wash|Will-O-Wisp|p2a: Cardinal
|-status|p2a: Cardinal|brn
|
|-heal|p2a: Cardinal|161\/284 brn|[from] item: Leftovers
|-damage|p2a: Cardinal|126\/284 brn|[from] brn
|turn|23
|
|move|p2a: Cardinal|Knock Off|p1a: Rotom-Wash
|-damage|p1a: Rotom-Wash|171\/303
|-enditem|p1a: Rotom-Wash|Leftovers|[from] move: Knock Off|[of] p2a: Cardinal
|move|p1a: Rotom-Wash|Volt Switch|p2a: Cardinal
|-damage|p2a: Cardinal|5\/284 brn
|
|switch|p1a: Landorus-Therian|Landorus-Therian, M, shiny|176\/320
|-ability|p1a: Landorus-Therian|Intimidate|[of] p2a: Cardinal
|-unboost|p2a: Cardinal|atk|1
|-boost|p2a: Cardinal|atk|2|[from] ability: Defiant
|
|-heal|p2a: Cardinal|22\/284 brn|[from] item: Leftovers
|-damage|p2a: Cardinal|0 fnt|[from] brn
|faint|p2a: Cardinal
|
|switch|p2a: Earthbound|Landorus-Therian, M|79\/320
|-damage|p2a: Earthbound|39\/320|[from] Stealth Rock
|-ability|p2a: Earthbound|Intimidate|[of] p1a: Landorus-Therian
|-unboost|p1a: Landorus-Therian|atk|1
|turn|24
|
|move|p2a: Earthbound|Knock Off|p1a: Landorus-Therian
|-damage|p1a: Landorus-Therian|33\/320
|-enditem|p1a: Landorus-Therian|Choice Scarf|[from] move: Knock Off|[of] p2a: Earthbound
|move|p1a: Landorus-Therian|U-turn|p2a: Earthbound
|-resisted|p2a: Earthbound
|-damage|p2a: Earthbound|3\/320
|
|switch|p1a: Rotom-Wash|Rotom-Wash, shiny|171\/303
|
|turn|25
|
|move|p2a: Earthbound|Knock Off|p1a: Rotom-Wash
|-damage|p1a: Rotom-Wash|112\/303
|move|p1a: Rotom-Wash|Hydro Pump|p2a: Earthbound|[miss]
|-miss|p1a: Rotom-Wash|p2a: Earthbound
|
|turn|26
|
|move|p2a: Earthbound|Knock Off|p1a: Rotom-Wash
|-damage|p1a: Rotom-Wash|53\/303
|move|p1a: Rotom-Wash|Hydro Pump|p2a: Earthbound
|-supereffective|p2a: Earthbound
|-damage|p2a: Earthbound|0 fnt
|faint|p2a: Earthbound
|
|c|âguido2002|gg
|c|âGoodVibes808|very good
|
|switch|p2a: Eon|Latios, M, shiny|137\/301
|-damage|p2a: Eon|100\/301|[from] Stealth Rock
|turn|27
|
|move|p2a: Eon|Psyshock|p1a: Rotom-Wash
|-damage|p1a: Rotom-Wash|0 fnt
|-damage|p2a: Eon|70\/301|[from] item: Life Orb
|faint|p1a: Rotom-Wash
|
|
|switch|p1a: Landorus-Therian|Landorus-Therian, M, shiny|33\/320
|-ability|p1a: Landorus-Therian|Intimidate|[of] p2a: Eon
|-unboost|p2a: Eon|atk|1
|turn|28
|c|âGoodVibes808|good game, sire
|c|âguido2002|yes you are very good
|
|move|p2a: Eon|Psyshock|p1a: Landorus-Therian
|-damage|p1a: Landorus-Therian|0 fnt
|-damage|p2a: Eon|40\/301|[from] item: Life Orb
|faint|p1a: Landorus-Therian
|
|win|GoodVibes808
|raw|Ladder updating...
|raw|guido2002's rating: 1470 &rarr; <strong>1454<\/strong><br \/>(-16 for losing)
|raw|GoodVibes808's rating: 1544 &rarr; <strong>1560<\/strong><br \/>(+16 for winning)
|leave|guido2002
|player|p1