|join|GoodVibes808
|join|Verdade
|player|p1|GoodVibes808|16
|player|p2|Verdade|290
|gametype|singles
|gen|6
|tier|OU
|rated
|clearpoke
|poke|p1|Landorus-Therian, M
|poke|p1|Rotom-Wash
|poke|p1|Bisharp, M, shiny
|poke|p1|Ferrothorn, M
|poke|p1|Venusaur, F
|poke|p1|Latios, M, shiny
|poke|p2|Skarmory, F
|poke|p2|Latias, F, shiny
|poke|p2|Excadrill, F
|poke|p2|Charizard, M, shiny
|poke|p2|Tyranitar, M
|poke|p2|Keldeo-Resolute, shiny
|rule|Swagger Clause: Swagger is banned
|rule|Baton Pass Clause: Limit one PokÃ©mon knowing Baton Pass
|rule|Sleep Clause Mod: Limit one foe put to sleep
|rule|Species Clause: Limit one of each PokÃ©mon
|rule|OHKO Clause: OHKO moves are banned
|rule|Moody Clause: Moody is banned
|rule|Evasion Moves Clause: Evasion moves are banned
|rule|Endless Battle Clause: Forcing endless battles is banned
|rule|HP Percentage Mod: HP is shown in percentages
|teampreview
|
|start
|switch|p1a: Tumblr|Rotom-Wash|303\/303
|switch|p2a: Charizard|Charizard, M, shiny|298\/298
|turn|1
|
|detailschange|p2a: Charizard|Charizard-Mega-Y, M, shiny
|message|Charizard has Mega Evolved into Mega Charizard!
|-weather|SunnyDay
|move|p2a: Charizard|Solar Beam|p1a: Tumblr|[still]
|-prepare|p2a: Charizard|Solar Beam|p1a: Tumblr
|-anim|p2a: Charizard|Solar Beam|p1a: Tumblr
|-supereffective|p1a: Tumblr
|-damage|p1a: Tumblr|85\/303
|move|p1a: Tumblr|Volt Switch|p2a: Charizard
|-supereffective|p2a: Charizard
|-damage|p2a: Charizard|154\/298
|
|switch|p1a: Eon|Latios, M, shiny|301\/301
|
|-weather|SunnyDay|[upkeep]
|turn|2
|
|switch|p2a: Tyranitar|Tyranitar, M|342\/342
|-weather|Sandstorm
|move|p1a: Eon|Draco Meteor|p2a: Tyranitar
|-damage|p2a: Tyranitar|139\/342
|-unboost|p1a: Eon|spa|2
|-damage|p1a: Eon|271\/301|[from] item: Life Orb
|
|-weather|Sandstorm|[upkeep]
|-damage|p1a: Eon|253\/301|[from] sandstorm
|turn|3
|
|move|p1a: Eon|Earthquake|p2a: Tyranitar
|-supereffective|p2a: Tyranitar
|-damage|p2a: Tyranitar|0 fnt
|-damage|p1a: Eon|223\/301|[from] item: Life Orb
|faint|p2a: Tyranitar
|
|-weather|Sandstorm|[upkeep]
|-damage|p1a: Eon|205\/301|[from] sandstorm
|
|switch|p2a: Excadrill|Excadrill, F|362\/362
|turn|4
|
|switch|p1a: Earthbound|Landorus-Therian, M|320\/320
|-ability|p1a: Earthbound|Intimidate|[of] p2a: Excadrill
|-unboost|p2a: Excadrill|atk|1
|move|p2a: Excadrill|Iron Head|p1a: Earthbound
|-damage|p1a: Earthbound|190\/320
|-damage|p2a: Excadrill|326\/362|[from] item: Life Orb
|
|-weather|Sandstorm|[upkeep]
|turn|5
|
|switch|p2a: karmory|Skarmory, F|334\/334
|switch|p1a: Tenpin|Ferrothorn, M|351\/351
|
|-weather|Sandstorm|[upkeep]
|turn|6
|
|move|p2a: karmory|Stealth Rock|p1a: Tenpin
|-sidestart|p1: GoodVibes808|move: Stealth Rock
|move|p1a: Tenpin|Stealth Rock|p2a: karmory
|-sidestart|p2: Verdade|move: Stealth Rock
|
|-weather|Sandstorm|[upkeep]
|turn|7
|
|move|p1a: Tenpin|Leech Seed|p2a: karmory
|-start|p2a: karmory|move: Leech Seed
|move|p2a: karmory|Whirlwind|p1a: Tenpin
|drag|p1a: Tumblr|Rotom-Wash|85\/303
|-damage|p1a: Tumblr|48\/303|[from] Stealth Rock
|
|-weather|Sandstorm|[upkeep]
|-damage|p1a: Tumblr|30\/303|[from] sandstorm
|-heal|p1a: Tumblr|48\/303|[from] item: Leftovers
|-damage|p2a: karmory|293\/334|[from] Leech Seed|[of] p1a: Tumblr
|-heal|p1a: Tumblr|89\/303|[silent]
|turn|8
|
|switch|p2a: Excadrill|Excadrill, F|326\/362
|-damage|p2a: Excadrill|315\/362|[from] Stealth Rock
|move|p1a: Tumblr|Pain Split|p2a: Excadrill
|-sethp|p2a: Excadrill|202\/362|p1a: Tumblr|202\/303|[from] move: Pain Split
|
|-weather|Sandstorm|[upkeep]
|-damage|p1a: Tumblr|184\/303|[from] sandstorm
|-heal|p1a: Tumblr|202\/303|[from] item: Leftovers
|turn|9
|
|switch|p2a: Latias|Latias, F, shiny|302\/302
|-damage|p2a: Latias|265\/302|[from] Stealth Rock
|move|p1a: Tumblr|Will-O-Wisp|p2a: Latias
|-status|p2a: Latias|brn
|
|-weather|none
|-heal|p1a: Tumblr|220\/303|[from] item: Leftovers
|-damage|p2a: Latias|228\/302 brn|[from] brn
|turn|10
|
|move|p2a: Latias|Defog|p1a: Tumblr
|-unboost|p1a: Tumblr|evasion|1
|-sideend|p1: GoodVibes808|Stealth Rock|[from] move: Defog|[of] p1a: Tumblr
|-sideend|p2: Verdade|Stealth Rock|[from] move: Defog|[of] p2a: Latias
|move|p1a: Tumblr|Volt Switch|p2a: Latias
|-resisted|p2a: Latias
|-damage|p2a: Latias|192\/302 brn
|
|switch|p1a: Earthbound|Landorus-Therian, M|190\/320
|-ability|p1a: Earthbound|Intimidate|[of] p2a: Latias
|-unboost|p2a: Latias|atk|1
|
|-damage|p2a: Latias|155\/302 brn|[from] brn
|turn|11
|
|switch|p2a: karmory|Skarmory, F|293\/334
|move|p1a: Earthbound|Knock Off|p2a: karmory
|-damage|p2a: karmory|214\/334
|-damage|p1a: Earthbound|137\/320|[from] item: Rocky Helmet|[of] p2a: karmory
|-enditem|p2a: karmory|Rocky Helmet|[from] move: Knock Off|[of] p1a: Earthbound
|
|turn|12
|
|switch|p1a: Tenpin|Ferrothorn, M|351\/351
|move|p2a: karmory|Stealth Rock|p1a: Tenpin
|-sidestart|p1: GoodVibes808|move: Stealth Rock
|
|turn|13
|
|switch|p2a: Charizard|Charizard-Mega-Y, M, shiny|154\/298
|-weather|SunnyDay
|move|p1a: Tenpin|Leech Seed|p2a: Charizard
|-start|p2a: Charizard|move: Leech Seed
|
|-weather|SunnyDay|[upkeep]
|-damage|p2a: Charizard|117\/298|[from] Leech Seed|[of] p1a: Tenpin
|turn|14
|
|move|p1a: Tenpin|Protect|p1a: Tenpin
|-singleturn|p1a: Tenpin|Protect
|move|p2a: Charizard|Fire Blast|p1a: Tenpin
|-activate|p1a: Tenpin|Protect
|
|-weather|SunnyDay|[upkeep]
|-damage|p2a: Charizard|80\/298|[from] Leech Seed|[of] p1a: Tenpin
|turn|15
|
|switch|p1a: Earthbound|Landorus-Therian, M|137\/320
|-damage|p1a: Earthbound|97\/320|[from] Stealth Rock
|-ability|p1a: Earthbound|Intimidate|[of] p2a: Charizard
|-unboost|p2a: Charizard|atk|1
|move|p2a: Charizard|Fire Blast|p1a: Earthbound
|-damage|p1a: Earthbound|0 fnt
|faint|p1a: Earthbound
|
|-weather|SunnyDay|[upkeep]
|
|switch|p1a: Eon|Latios, M, shiny|205\/301
|-damage|p1a: Eon|168\/301|[from] Stealth Rock
|turn|16
|
|switch|p2a: karmory|Skarmory, F|214\/334
|move|p1a: Eon|Psyshock|p2a: karmory
|-resisted|p2a: karmory
|-damage|p2a: karmory|150\/334
|-damage|p1a: Eon|138\/301|[from] item: Life Orb
|
|-weather|SunnyDay|[upkeep]
|turn|17
|
|move|p1a: Eon|Defog|p2a: karmory
|-unboost|p2a: karmory|evasion|1
|-sideend|p1: GoodVibes808|Stealth Rock|[from] move: Defog|[of] p1a: Eon
|move|p2a: karmory|Whirlwind|p1a: Eon
|drag|p1a: Tenpin|Ferrothorn, M|351\/351
|
|-weather|none
|turn|18
|
|move|p2a: karmory|Stealth Rock|p1a: Tenpin
|-sidestart|p1: GoodVibes808|move: Stealth Rock
|move|p1a: Tenpin|Leech Seed|p2a: karmory
|-start|p2a: karmory|move: Leech Seed
|
|-damage|p2a: karmory|109\/334|[from] Leech Seed|[of] p1a: Tenpin
|turn|19
|
|switch|p2a: Charizard|Charizard-Mega-Y, M, shiny|80\/298
|-weather|SunnyDay
|switch|p1a: Eon|Latios, M, shiny|138\/301
|-damage|p1a: Eon|101\/301|[from] Stealth Rock
|
|-weather|SunnyDay|[upkeep]
|turn|20
|
|switch|p2a: karmory|Skarmory, F|109\/334
|move|p1a: Eon|Psyshock|p2a: karmory
|-resisted|p2a: karmory
|-damage|p2a: karmory|51\/334
|-damage|p1a: Eon|71\/301|[from] item: Life Orb
|
|-weather|SunnyDay|[upkeep]
|turn|21
|
|move|p1a: Eon|Draco Meteor|p2a: karmory
|-resisted|p2a: karmory
|-damage|p2a: karmory|0 fnt
|-unboost|p1a: Eon|spa|2
|-damage|p1a: Eon|41\/301|[from] item: Life Orb
|faint|p2a: karmory
|
|-weather|SunnyDay|[upkeep]
|
|switch|p2a: Keldeo-Resolute|Keldeo-Resolute, shiny|323\/323
|turn|22
|
|move|p1a: Eon|Psyshock|p2a: Keldeo-Resolute
|-supereffective|p2a: Keldeo-Resolute
|-damage|p2a: Keldeo-Resolute|118\/323
|-damage|p1a: Eon|11\/301|[from] item: Life Orb
|move|p2a: Keldeo-Resolute|Hidden Power|p1a: Eon
|-damage|p1a: Eon|0 fnt
|faint|p1a: Eon
|
|-weather|SunnyDay|[upkeep]
|
|switch|p1a: Hayashi|Venusaur, F|364\/364
|-damage|p1a: Hayashi|319\/364|[from] Stealth Rock
|turn|23
|
|detailschange|p1a: Hayashi|Venusaur-Mega, F
|message|Venusaur has Mega Evolved into Mega Venusaur!
|move|p1a: Hayashi|Leech Seed|p2a: Keldeo-Resolute
|-start|p2a: Keldeo-Resolute|move: Leech Seed
|move|p2a: Keldeo-Resolute|Hidden Power|p1a: Hayashi
|-crit|p1a: Hayashi
|-supereffective|p1a: Hayashi
|-damage|p1a: Hayashi|29\/364
|
|-weather|none
|-damage|p2a: Keldeo-Resolute|78\/323|[from] Leech Seed|[of] p1a: Hayashi
|-heal|p1a: Hayashi|69\/364|[silent]
|turn|24
|
|move|p2a: Keldeo-Resolute|Hidden Power|p1a: Hayashi
|-supereffective|p1a: Hayashi
|-damage|p1a: Hayashi|0 fnt
|faint|p1a: Hayashi
|
|
|switch|p1a: Tenpin|Ferrothorn, M|351\/351
|-damage|p1a: Tenpin|330\/351|[from] Stealth Rock
|turn|25
|
|switch|p2a: Excadrill|Excadrill, F|202\/362
|move|p1a: Tenpin|Leech Seed|p2a: Excadrill
|-start|p2a: Excadrill|move: Leech Seed
|
|-heal|p1a: Tenpin|351\/351|[from] item: Leftovers
|-damage|p2a: Excadrill|157\/362|[from] Leech Seed|[of] p1a: Tenpin
|turn|26
|
|move|p2a: Excadrill|Swords Dance|p2a: Excadrill
|-boost|p2a: Excadrill|atk|2
|move|p1a: Tenpin|Leech Seed|p2a: Excadrill
|-fail|p2a: Excadrill
|
|-damage|p2a: Excadrill|112\/362|[from] Leech Seed|[of] p1a: Tenpin
|turn|27
|
|move|p2a: Excadrill|Earthquake|p1a: Tenpin
|-damage|p1a: Tenpin|23\/351
|-damage|p2a: Excadrill|76\/362|[from] item: Life Orb
|move|p1a: Tenpin|Stealth Rock|p2a: Excadrill
|-sidestart|p2: Verdade|move: Stealth Rock
|
|-heal|p1a: Tenpin|44\/351|[from] item: Leftovers
|-damage|p2a: Excadrill|31\/362|[from] Leech Seed|[of] p1a: Tenpin
|-heal|p1a: Tenpin|89\/351|[silent]
|turn|28
|
|move|p1a: Tenpin|Protect|p1a: Tenpin
|-singleturn|p1a: Tenpin|Protect
|move|p2a: Excadrill|Rock Slide|p1a: Tenpin
|-activate|p1a: Tenpin|Protect
|
|-heal|p1a: Tenpin|110\/351|[from] item: Leftovers
|-damage|p2a: Excadrill|0 fnt|[from] Leech Seed|[of] p1a: Tenpin
|-heal|p1a: Tenpin|141\/351|[silent]
|faint|p2a: Excadrill
|
|switch|p2a: Latias|Latias, F, shiny|155\/302 brn
|-damage|p2a: Latias|118\/302 brn|[from] Stealth Rock
|turn|29
|
|move|p2a: Latias|Recover|p2a: Latias
|-heal|p2a: Latias|269\/302 brn
|move|p1a: Tenpin|Leech Seed|p2a: Latias
|-start|p2a: Latias|move: Leech Seed
|
|-heal|p1a: Tenpin|162\/351|[from] item: Leftovers
|-damage|p2a: Latias|232\/302 brn|[from] Leech Seed|[of] p1a: Tenpin
|-heal|p1a: Tenpin|199\/351|[silent]
|-damage|p2a: Latias|195\/302 brn|[from] brn
|turn|30
|
|move|p1a: Tenpin|Protect|p1a: Tenpin
|-singleturn|p1a: Tenpin|Protect
|move|p2a: Latias|Defog|p1a: Tenpin
|-activate|p1a: Tenpin|Protect
|
|-heal|p1a: Tenpin|220\/351|[from] item: Leftovers
|-damage|p2a: Latias|158\/302 brn|[from] Leech Seed|[of] p1a: Tenpin
|-heal|p1a: Tenpin|257\/351|[silent]
|-damage|p2a: Latias|121\/302 brn|[from] brn
|turn|31
|
|switch|p1a: Cardinal|Bisharp, M, shiny|284\/284
|-damage|p1a: Cardinal|267\/284|[from] Stealth Rock
|move|p2a: Latias|Recover|p2a: Latias
|-heal|p2a: Latias|272\/302 brn
|
|-heal|p1a: Cardinal|284\/284|[from] item: Leftovers
|-damage|p2a: Latias|235\/302 brn|[from] Leech Seed|[of] p1a: Cardinal
|-damage|p2a: Latias|198\/302 brn|[from] brn
|turn|32
|
|move|p2a: Latias|Defog|p1a: Cardinal
|-unboost|p1a: Cardinal|evasion|1
|-boost|p1a: Cardinal|atk|2|[from] ability: Defiant
|-sideend|p1: GoodVibes808|Stealth Rock|[from] move: Defog|[of] p1a: Cardinal
|-sideend|p2: Verdade|Stealth Rock|[from] move: Defog|[of] p2a: Latias
|move|p1a: Cardinal|Knock Off|p2a: Latias
|-supereffective|p2a: Latias
|-damage|p2a: Latias|0 fnt
|-enditem|p2a: Latias|Life Orb|[from] move: Knock Off|[of] p1a: Cardinal
|faint|p2a: Latias
|
|
|switch|p2a: Keldeo-Resolute|Keldeo-Resolute, shiny|78\/323
|turn|33
|
|move|p1a: Cardinal|Sucker Punch|p2a: Keldeo-Resolute
|-resisted|p2a: Keldeo-Resolute
|-damage|p2a: Keldeo-Resolute|0 fnt
|faint|p2a: Keldeo-Resolute
|
|
|switch|p2a: Charizard|Charizard-Mega-Y, M, shiny|80\/298
|-weather|SunnyDay
|turn|34
|
|move|p1a: Cardinal|Sucker Punch|p2a: Charizard
|-fail|p2a: Charizard
|move|p2a: Charizard|Roost|p2a: Charizard
|-heal|p2a: Charizard|229\/298
|
|-weather|SunnyDay|[upkeep]
|turn|35
|
|move|p1a: Cardinal|Sucker Punch|p2a: Charizard
|-fail|p2a: Charizard
|move|p2a: Charizard|Roost|p2a: Charizard
|-heal|p2a: Charizard|298\/298
|
|-weather|SunnyDay|[upkeep]
|turn|36
|
|move|p1a: Cardinal|Sucker Punch|p2a: Charizard
|-fail|p2a: Charizard
|move|p2a: Charizard|Roost|p2a: Charizard
|-fail|p2a: Charizard
|
|-weather|SunnyDay|[upkeep]
|turn|37
|
|move|p1a: Cardinal|Sucker Punch|p2a: Charizard
|-damage|p2a: Charizard|0 fnt
|faint|p2a: Charizard
|
|win|GoodVibes808
|raw|Ladder updating...
|raw|GoodVibes808's rating: 1540 &rarr; <strong>1565<\/strong><br \/>(+25 for winning)
|raw|Verdade's rating: 1622 &rarr; <strong>1598<\/strong><br \/>(-24 for losing)
|c|âGoodVibes808|gg
|c|âVerdade|gg
|leave|Verdade
|player|p2