|join|Menno
|join|GoodVibes808
|player|p1|Menno|288
|player|p2|GoodVibes808|244
|gametype|singles
|gen|6
|tier|OU
|rated
|clearpoke
|poke|p1|Diancie
|poke|p1|Bisharp, M
|poke|p1|Starmie
|poke|p1|Landorus-Therian, M
|poke|p1|Gothitelle, F
|poke|p1|Ferrothorn, F
|poke|p2|Landorus-Therian, M
|poke|p2|Rotom-Wash
|poke|p2|Keldeo
|poke|p2|Heatran, M, shiny
|poke|p2|Metagross, shiny
|poke|p2|Latias, F
|rule|Swagger Clause: Swagger is banned
|rule|Baton Pass Clause: Limit one PokÃ©mon knowing Baton Pass
|rule|Sleep Clause Mod: Limit one foe put to sleep
|rule|Species Clause: Limit one of each PokÃ©mon
|rule|OHKO Clause: OHKO moves are banned
|rule|Moody Clause: Moody is banned
|rule|Evasion Moves Clause: Evasion moves are banned
|rule|Endless Battle Clause: Forcing endless battles is banned
|rule|HP Percentage Mod: HP is shown in percentages
|teampreview
|
|start
|switch|p1a: Ferrolin|Ferrothorn, F|352\/352
|switch|p2a: Earthbound|Landorus-Therian, M|319\/319
|-ability|p2a: Earthbound|Intimidate|[of] p1a: Ferrolin
|-unboost|p1a: Ferrolin|atk|1
|turn|1
|
|move|p2a: Earthbound|Knock Off|p1a: Ferrolin
|-damage|p1a: Ferrolin|266\/352
|-damage|p2a: Earthbound|280\/319|[from] ability: Iron Barbs|[of] p1a: Ferrolin
|-enditem|p1a: Ferrolin|Leftovers|[from] move: Knock Off|[of] p2a: Earthbound
|move|p1a: Ferrolin|Stealth Rock|p2a: Earthbound
|-sidestart|p2: GoodVibes808|move: Stealth Rock
|
|turn|2
|
|switch|p2a: Vesuvius|Heatran, M, shiny|326\/326
|-damage|p2a: Vesuvius|286\/326|[from] Stealth Rock
|-item|p2a: Vesuvius|Air Balloon
|switch|p1a: Tinkerbell|Diancie|257\/257
|
|turn|3
|
|switch|p2a: Adamantium|Metagross, shiny|301\/301
|-damage|p2a: Adamantium|283\/301|[from] Stealth Rock
|detailschange|p1a: Tinkerbell|Diancie-Mega
|message|Diancie has Mega Evolved into Mega Diancie!
|move|p1a: Tinkerbell|Diamond Storm|p2a: Adamantium
|-resisted|p2a: Adamantium
|-damage|p2a: Adamantium|218\/301
|
|turn|4
|
|detailschange|p2a: Adamantium|Metagross-Mega, shiny
|message|Metagross has Mega Evolved into Mega Metagross!
|move|p1a: Tinkerbell|Earth Power|p2a: Adamantium
|-supereffective|p2a: Adamantium
|-damage|p2a: Adamantium|0 fnt
|faint|p2a: Adamantium
|
|
|switch|p2a: Tumblr|Rotom-Wash|304\/304
|-damage|p2a: Tumblr|266\/304|[from] Stealth Rock
|turn|5
|
|switch|p1a: Ferrolin|Ferrothorn, F|266\/352
|move|p2a: Tumblr|Hydro Pump|p1a: Ferrolin
|-resisted|p1a: Ferrolin
|-damage|p1a: Ferrolin|212\/352
|
|-heal|p2a: Tumblr|285\/304|[from] item: Leftovers
|turn|6
|
|move|p2a: Tumblr|Will-O-Wisp|p1a: Ferrolin
|-status|p1a: Ferrolin|brn
|move|p1a: Ferrolin|Leech Seed|p2a: Tumblr
|-start|p2a: Tumblr|move: Leech Seed
|
|-heal|p2a: Tumblr|304\/304|[from] item: Leftovers
|-damage|p2a: Tumblr|266\/304|[from] Leech Seed|[of] p1a: Ferrolin
|-heal|p1a: Ferrolin|250\/352 brn|[silent]
|-damage|p1a: Ferrolin|206\/352 brn|[from] brn
|turn|7
|
|switch|p2a: Vesuvius|Heatran, M, shiny|286\/326
|-damage|p2a: Vesuvius|246\/326|[from] Stealth Rock
|-item|p2a: Vesuvius|Air Balloon
|move|p1a: Ferrolin|Leech Seed|p2a: Vesuvius
|-start|p2a: Vesuvius|move: Leech Seed
|
|-damage|p2a: Vesuvius|206\/326|[from] Leech Seed|[of] p1a: Ferrolin
|-heal|p1a: Ferrolin|246\/352 brn|[silent]
|-damage|p1a: Ferrolin|202\/352 brn|[from] brn
|turn|8
|
|switch|p1a: Tinkerbell|Diancie-Mega|257\/257
|move|p2a: Vesuvius|Stealth Rock|p1a: Tinkerbell
|move|p1a: Tinkerbell|Stealth Rock|p2a: Vesuvius|[from]Magic Bounce
|-fail|p2a: Vesuvius
|
|-damage|p2a: Vesuvius|166\/326|[from] Leech Seed|[of] p1a: Tinkerbell
|turn|9
|
|switch|p2a: Tumblr|Rotom-Wash|266\/304
|-damage|p2a: Tumblr|228\/304|[from] Stealth Rock
|move|p1a: Tinkerbell|Diamond Storm|p2a: Tumblr
|-damage|p2a: Tumblr|54\/304
|
|-heal|p2a: Tumblr|73\/304|[from] item: Leftovers
|turn|10
|
|switch|p2a: Earthbound|Landorus-Therian, M|280\/319
|-damage|p2a: Earthbound|241\/319|[from] Stealth Rock
|-ability|p2a: Earthbound|Intimidate|[of] p1a: Tinkerbell
|-unboost|p1a: Tinkerbell|atk|1
|move|p1a: Tinkerbell|Moonblast|p2a: Earthbound
|-damage|p2a: Earthbound|0 fnt
|faint|p2a: Earthbound
|
|c|âGoodVibes808|gg
|-message|GoodVibes808 forfeited.
|
|win|Menno
|raw|Ladder updating...
|leave|GoodVibes808
|player|p2