|join|Valkryn
|join|GoodVibes808
|player|p1|Valkryn|2
|player|p2|GoodVibes808|16
|gametype|singles
|gen|6
|tier|OU
|rated
|clearpoke
|poke|p1|Espeon, F
|poke|p1|Smeargle, F
|poke|p1|Whimsicott, M
|poke|p1|Klefki, M
|poke|p1|Dugtrio, M
|poke|p1|Charizard, M
|poke|p2|Landorus-Therian, M
|poke|p2|Rotom-Wash
|poke|p2|Bisharp, M, shiny
|poke|p2|Ferrothorn, F
|poke|p2|Venusaur, F
|poke|p2|Latios, M, shiny
|rule|Swagger Clause: Swagger is banned
|rule|Baton Pass Clause: Limit one PokÃ©mon knowing Baton Pass
|rule|Sleep Clause Mod: Limit one foe put to sleep
|rule|Species Clause: Limit one of each PokÃ©mon
|rule|OHKO Clause: OHKO moves are banned
|rule|Moody Clause: Moody is banned
|rule|Evasion Moves Clause: Evasion moves are banned
|rule|Endless Battle Clause: Forcing endless battles is banned
|rule|HP Percentage Mod: HP is shown in percentages
|teampreview
|
|start
|switch|p1a: Klefki|Klefki, M|318\/318
|switch|p2a: Earthbound|Landorus-Therian, M|320\/320
|-ability|p2a: Earthbound|Intimidate|[of] p1a: Klefki
|-unboost|p1a: Klefki|atk|1
|turn|1
|
|move|p1a: Klefki|Reflect|p1a: Klefki
|-sidestart|p1: Valkryn|Reflect
|move|p2a: Earthbound|Earthquake|p1a: Klefki
|-supereffective|p1a: Klefki
|-damage|p1a: Klefki|141\/318
|
|turn|2
|
|switch|p2a: Tenpin|Ferrothorn, F|351\/351
|move|p1a: Klefki|Light Screen|p1a: Klefki
|-sidestart|p1: Valkryn|move: Light Screen
|
|turn|3
|
|switch|p1a: latio|Whimsicott, M|262\/262
|move|p2a: Tenpin|Leech Seed|p1a: latio
|-immune|p1a: latio|[msg]
|
|turn|4
|
|move|p1a: latio|Memento|p2a: Tenpin
|-unboost|p2a: Tenpin|atk|2
|-unboost|p2a: Tenpin|spa|2
|faint|p1a: latio
|move|p2a: Tenpin|Gyro Ball|p1: latio|[notarget]
|-notarget
|
|
|switch|p1a: Smeargle|Smeargle, F|275\/275
|turn|5
|
|move|p1a: Smeargle|Geomancy|p1a: Smeargle|[still]
|-prepare|p1a: Smeargle|Geomancy|p1a: Smeargle
|-enditem|p1a: Smeargle|Power Herb
|-anim|p1a: Smeargle|Geomancy|p1a: Smeargle
|-boost|p1a: Smeargle|spa|2
|-boost|p1a: Smeargle|spd|2
|-boost|p1a: Smeargle|spe|2
|move|p2a: Tenpin|Stealth Rock|p1a: Smeargle
|-sidestart|p1: Valkryn|move: Stealth Rock
|
|turn|6
|
|move|p1a: Smeargle|Cotton Guard|p1a: Smeargle
|-boost|p1a: Smeargle|def|3
|move|p2a: Tenpin|Leech Seed|p1a: Smeargle
|-start|p1a: Smeargle|move: Leech Seed
|
|-damage|p1a: Smeargle|241\/275|[from] Leech Seed|[of] p2a: Tenpin
|turn|7
|
|switch|p2a: Cardinal|Bisharp, M, shiny|284\/284
|move|p1a: Smeargle|Cotton Guard|p1a: Smeargle
|-boost|p1a: Smeargle|def|3
|
|-damage|p1a: Smeargle|207\/275|[from] Leech Seed|[of] p2a: Cardinal
|turn|8
|
|switch|p2a: Tenpin|Ferrothorn, F|351\/351
|move|p1a: Smeargle|Spore|p2a: Tenpin
|-fail|p2a: Tenpin
|
|-damage|p1a: Smeargle|173\/275|[from] Leech Seed|[of] p2a: Tenpin
|-sideend|p1: Valkryn|Reflect
|turn|9
|
|move|p1a: Smeargle|Baton Pass|p1a: Smeargle
|
|switch|p1a: Just Quit already|Espeon, F|334\/334
|-damage|p1a: Just Quit already|293\/334|[from] Stealth Rock
|move|p2a: Tenpin|Gyro Ball|p1a: Just Quit already
|-damage|p1a: Just Quit already|233\/334
|
|-heal|p1a: Just Quit already|253\/334|[from] item: Leftovers
|-damage|p1a: Just Quit already|212\/334|[from] Leech Seed|[of] p2a: Tenpin
|-sideend|p1: Valkryn|move: Light Screen
|turn|10
|
|move|p1a: Just Quit already|Dazzling Gleam|p2a: Tenpin
|-resisted|p2a: Tenpin
|-damage|p2a: Tenpin|296\/351
|move|p2a: Tenpin|Gyro Ball|p1a: Just Quit already
|-damage|p1a: Just Quit already|149\/334
|
|-heal|p1a: Just Quit already|169\/334|[from] item: Leftovers
|-heal|p2a: Tenpin|317\/351|[from] item: Leftovers
|-damage|p1a: Just Quit already|128\/334|[from] Leech Seed|[of] p2a: Tenpin
|-heal|p2a: Tenpin|351\/351|[silent]
|turn|11
|
|move|p2a: Tenpin|Protect|p2a: Tenpin
|-singleturn|p2a: Tenpin|Protect
|move|p1a: Just Quit already|Wish|p1a: Just Quit already
|
|-heal|p1a: Just Quit already|148\/334|[from] item: Leftovers
|-damage|p1a: Just Quit already|107\/334|[from] Leech Seed|[of] p2a: Tenpin
|turn|12
|
|move|p1a: Just Quit already|Stored Power|p2a: Tenpin
|-resisted|p2a: Tenpin
|-damage|p2a: Tenpin|66\/351
|move|p2a: Tenpin|Gyro Ball|p1a: Just Quit already
|-damage|p1a: Just Quit already|40\/334
|
|-heal|p1a: Just Quit already|207\/334|[from] move: Wish|[wisher] Just Quit already
|-heal|p1a: Just Quit already|227\/334|[from] item: Leftovers
|-heal|p2a: Tenpin|87\/351|[from] item: Leftovers
|-damage|p1a: Just Quit already|186\/334|[from] Leech Seed|[of] p2a: Tenpin
|-heal|p2a: Tenpin|128\/351|[silent]
|turn|13
|
|move|p2a: Tenpin|Protect|p2a: Tenpin
|-singleturn|p2a: Tenpin|Protect
|move|p1a: Just Quit already|Wish|p1a: Just Quit already
|
|-heal|p1a: Just Quit already|206\/334|[from] item: Leftovers
|-heal|p2a: Tenpin|149\/351|[from] item: Leftovers
|-damage|p1a: Just Quit already|165\/334|[from] Leech Seed|[of] p2a: Tenpin
|-heal|p2a: Tenpin|190\/351|[silent]
|turn|14
|
|switch|p2a: Cardinal|Bisharp, M, shiny|284\/284
|move|p1a: Just Quit already|Stored Power|p2a: Cardinal
|-immune|p2a: Cardinal|[msg]
|
|-heal|p1a: Just Quit already|332\/334|[from] move: Wish|[wisher] Just Quit already
|-heal|p1a: Just Quit already|334\/334|[from] item: Leftovers
|-damage|p1a: Just Quit already|293\/334|[from] Leech Seed|[of] p2a: Cardinal
|turn|15
|
|move|p2a: Cardinal|Sucker Punch|p1a: Just Quit already
|-supereffective|p1a: Just Quit already
|-damage|p1a: Just Quit already|185\/334
|move|p1a: Just Quit already|Dazzling Gleam|p2a: Cardinal
|-damage|p2a: Cardinal|61\/284
|
|-heal|p1a: Just Quit already|205\/334|[from] item: Leftovers
|-heal|p2a: Cardinal|78\/284|[from] item: Leftovers
|-damage|p1a: Just Quit already|164\/334|[from] Leech Seed|[of] p2a: Cardinal
|-heal|p2a: Cardinal|119\/284|[silent]
|turn|16
|
|move|p1a: Just Quit already|Wish|p1a: Just Quit already
|move|p2a: Cardinal|Knock Off|p1a: Just Quit already
|-supereffective|p1a: Just Quit already
|-damage|p1a: Just Quit already|32\/334
|-enditem|p1a: Just Quit already|Leftovers|[from] move: Knock Off|[of] p2a: Cardinal
|
|-heal|p2a: Cardinal|136\/284|[from] item: Leftovers
|-damage|p1a: Just Quit already|0 fnt|[from] Leech Seed|[of] p2a: Cardinal
|-heal|p2a: Cardinal|168\/284|[silent]
|faint|p1a: Just Quit already
|-message|Valkryn forfeited.
|
|win|GoodVibes808
|raw|Ladder updating...
|leave|Valkryn
|player|p1
|raw|Valkryn's rating: 1637 &rarr; <strong>1613<\/strong><br \/>(-24 for losing)
|raw|GoodVibes808's rating: 1556 &rarr; <strong>1581<\/strong><br \/>(+25 for winning)
|c|âGoodVibes808|in the face of adversity, we know not the meaning of defeat!