|join|GoodVibes808
|join|TheDeltax
|player|p1|GoodVibes808|244
|player|p2|TheDeltax|126
|gametype|singles
|gen|6
|tier|OU
|rated
|clearpoke
|poke|p1|Landorus-Therian, M
|poke|p1|Rotom-Wash
|poke|p1|Bisharp, M, shiny
|poke|p1|Ferrothorn, M
|poke|p1|Sceptile, M
|poke|p1|Mandibuzz, F
|poke|p2|Bisharp, M
|poke|p2|Volcarona, F
|poke|p2|Gallade, M
|poke|p2|Skarmory, F
|poke|p2|Rotom-Wash
|poke|p2|Chansey, F
|rule|Swagger Clause: Swagger is banned
|rule|Baton Pass Clause: Limit one PokÃ©mon knowing Baton Pass
|rule|Sleep Clause Mod: Limit one foe put to sleep
|rule|Species Clause: Limit one of each PokÃ©mon
|rule|OHKO Clause: OHKO moves are banned
|rule|Moody Clause: Moody is banned
|rule|Evasion Moves Clause: Evasion moves are banned
|rule|Endless Battle Clause: Forcing endless battles is banned
|rule|HP Percentage Mod: HP is shown in percentages
|teampreview
|
|start
|switch|p1a: Tumblr|Rotom-Wash|303\/303
|switch|p2a: Bisharp|Bisharp, M|272\/272
|turn|1
|
|move|p2a: Bisharp|Knock Off|p1a: Tumblr
|-damage|p1a: Tumblr|89\/303
|-enditem|p1a: Tumblr|Leftovers|[from] move: Knock Off|[of] p2a: Bisharp
|-damage|p2a: Bisharp|245\/272|[from] item: Life Orb
|move|p1a: Tumblr|Will-O-Wisp|p2a: Bisharp
|-status|p2a: Bisharp|brn
|
|-damage|p2a: Bisharp|211\/272 brn|[from] brn
|turn|2
|
|switch|p2a: Chansey|Chansey, F|704\/704
|move|p1a: Tumblr|Pain Split|p2a: Chansey
|-sethp|p2a: Chansey|396\/704|p1a: Tumblr|303\/303|[from] move: Pain Split
|
|turn|3
|
|move|p1a: Tumblr|Volt Switch|p2a: Chansey
|-damage|p2a: Chansey|338\/704
|
|switch|p1a: Tenpin|Ferrothorn, M|351\/351
|move|p2a: Chansey|Heal Bell|p2a: Chansey
|-cureteam|p2a: Chansey|[from] move: HealBell
|
|turn|4
|
|move|p2a: Chansey|Wish|p2a: Chansey
|move|p1a: Tenpin|Stealth Rock|p2a: Chansey
|-sidestart|p2: TheDeltax|move: Stealth Rock
|
|turn|5
|
|switch|p1a: Earthbound|Landorus-Therian, M|320\/320
|-ability|p1a: Earthbound|Intimidate|[of] p2a: Chansey
|-unboost|p2a: Chansey|atk|1
|move|p2a: Chansey|Protect|p2a: Chansey
|-fail|p2a: Chansey
|
|-heal|p2a: Chansey|690\/704|[from] move: Wish|[wisher] Chansey
|turn|6
|
|switch|p2a: Skarmory|Skarmory, F|334\/334
|-damage|p2a: Skarmory|293\/334|[from] Stealth Rock
|move|p1a: Earthbound|Knock Off|p2a: Skarmory
|-damage|p2a: Skarmory|224\/334
|-damage|p1a: Earthbound|267\/320|[from] item: Rocky Helmet|[of] p2a: Skarmory
|-enditem|p2a: Skarmory|Rocky Helmet|[from] move: Knock Off|[of] p1a: Earthbound
|
|turn|7
|
|switch|p1a: Tumblr|Rotom-Wash|303\/303
|switch|p2a: Gallade|Gallade, M|277\/277
|-damage|p2a: Gallade|260\/277|[from] Stealth Rock
|
|turn|8
|
|detailschange|p2a: Gallade|Gallade-Mega, M
|message|Gallade has Mega Evolved into Mega Gallade!
|move|p2a: Gallade|Leaf Blade|p1a: Tumblr
|-crit|p1a: Tumblr
|-supereffective|p1a: Tumblr
|-damage|p1a: Tumblr|0 fnt
|faint|p1a: Tumblr
|
|
|switch|p1a: Earthbound|Landorus-Therian, M|267\/320
|-ability|p1a: Earthbound|Intimidate|[of] p2a: Gallade
|-unboost|p2a: Gallade|atk|1
|turn|9
|
|switch|p2a: Skarmory|Skarmory, F|224\/334
|-damage|p2a: Skarmory|183\/334|[from] Stealth Rock
|move|p1a: Earthbound|U-turn|p2a: Skarmory
|-resisted|p2a: Skarmory
|-damage|p2a: Skarmory|169\/334
|c|âGoodVibes808|ahhh mega gallade doe
|c|âGoodVibes808|i love it haha
|
|switch|p1a: Cardinal|Bisharp, M, shiny|272\/272
|
|turn|10
|
|move|p1a: Cardinal|Swords Dance|p1a: Cardinal
|-boost|p1a: Cardinal|atk|2
|move|p2a: Skarmory|Roost|p2a: Skarmory
|-heal|p2a: Skarmory|334\/334
|
|turn|11
|
|move|p1a: Cardinal|Knock Off|p2a: Skarmory
|-damage|p2a: Skarmory|155\/334
|-damage|p1a: Cardinal|245\/272|[from] item: Life Orb
|move|p2a: Skarmory|Stealth Rock|p1a: Cardinal
|-sidestart|p1: GoodVibes808|move: Stealth Rock
|
|turn|12
|
|move|p1a: Cardinal|Knock Off|p2a: Skarmory
|-damage|p2a: Skarmory|0 fnt
|-damage|p1a: Cardinal|218\/272|[from] item: Life Orb
|faint|p2a: Skarmory
|
|
|switch|p2a: Bisharp|Bisharp, M|211\/272
|-damage|p2a: Bisharp|194\/272|[from] Stealth Rock
|turn|13
|
|move|p2a: Bisharp|Pursuit|p1a: Cardinal
|-resisted|p1a: Cardinal
|-damage|p1a: Cardinal|167\/272
|-damage|p2a: Bisharp|167\/272|[from] item: Life Orb
|move|p1a: Cardinal|Knock Off|p2a: Bisharp
|-resisted|p2a: Bisharp
|-damage|p2a: Bisharp|0 fnt
|-enditem|p2a: Bisharp|Life Orb|[from] move: Knock Off|[of] p1a: Cardinal
|-damage|p1a: Cardinal|140\/272|[from] item: Life Orb
|faint|p2a: Bisharp
|
|
|switch|p2a: Rotom-Wash|Rotom-Wash|304\/304
|-damage|p2a: Rotom-Wash|266\/304|[from] Stealth Rock
|turn|14
|
|move|p2a: Rotom-Wash|Will-O-Wisp|p1a: Cardinal
|-status|p1a: Cardinal|brn
|move|p1a: Cardinal|Knock Off|p2a: Rotom-Wash
|-damage|p2a: Rotom-Wash|52\/304
|-enditem|p2a: Rotom-Wash|Choice Scarf|[from] move: Knock Off|[of] p1a: Cardinal
|-damage|p1a: Cardinal|113\/272 brn|[from] item: Life Orb
|
|-damage|p1a: Cardinal|79\/272 brn|[from] brn
|turn|15
|
|move|p1a: Cardinal|Knock Off|p2a: Rotom-Wash
|-damage|p2a: Rotom-Wash|0 fnt
|-damage|p1a: Cardinal|52\/272 brn|[from] item: Life Orb
|faint|p2a: Rotom-Wash
|
|-damage|p1a: Cardinal|18\/272 brn|[from] brn
|
|switch|p2a: Chansey|Chansey, F|690\/704
|-damage|p2a: Chansey|602\/704|[from] Stealth Rock
|turn|16
|
|move|p2a: Chansey|Protect|p2a: Chansey
|-singleturn|p2a: Chansey|Protect
|move|p1a: Cardinal|Knock Off|p2a: Chansey
|-activate|p2a: Chansey|Protect
|
|-damage|p1a: Cardinal|0 fnt|[from] brn
|faint|p1a: Cardinal
|
|switch|p1a: Roku|Sceptile, M|281\/281
|-damage|p1a: Roku|246\/281|[from] Stealth Rock
|turn|17
|
|detailschange|p1a: Roku|Sceptile-Mega, M
|message|Sceptile has Mega Evolved into Mega Sceptile!
|move|p1a: Roku|Focus Blast|p2a: Chansey|[miss]
|-miss|p1a: Roku|p2a: Chansey
|move|p2a: Chansey|Toxic|p1a: Roku
|-status|p1a: Roku|tox
|
|-damage|p1a: Roku|229\/281 tox|[from] psn
|turn|18
|
|switch|p1a: Tenpin|Ferrothorn, M|351\/351
|-damage|p1a: Tenpin|330\/351|[from] Stealth Rock
|move|p2a: Chansey|Protect|p2a: Chansey
|-fail|p2a: Chansey
|
|-heal|p1a: Tenpin|351\/351|[from] item: Leftovers
|turn|19
|
|move|p2a: Chansey|Protect|p2a: Chansey
|-singleturn|p2a: Chansey|Protect
|move|p1a: Tenpin|Leech Seed|p2a: Chansey
|-activate|p2a: Chansey|Protect
|
|turn|20
|
|switch|p2a: Gallade|Gallade-Mega, M|260\/277
|-damage|p2a: Gallade|243\/277|[from] Stealth Rock
|move|p1a: Tenpin|Leech Seed|p2a: Gallade|[miss]
|-miss|p1a: Tenpin|p2a: Gallade
|
|turn|21
|
|switch|p1a: Earthbound|Landorus-Therian, M|267\/320
|-damage|p1a: Earthbound|227\/320|[from] Stealth Rock
|-ability|p1a: Earthbound|Intimidate|[of] p2a: Gallade
|-unboost|p2a: Gallade|atk|1
|move|p2a: Gallade|Swords Dance|p2a: Gallade
|-boost|p2a: Gallade|atk|2
|
|turn|22
|
|move|p1a: Earthbound|Earthquake|p2a: Gallade
|-damage|p2a: Gallade|24\/277
|move|p2a: Gallade|Psycho Cut|p1a: Earthbound
|-damage|p1a: Earthbound|0 fnt
|faint|p1a: Earthbound
|
|
|switch|p1a: Madrid|Mandibuzz, F|423\/423
|-damage|p1a: Madrid|318\/423|[from] Stealth Rock
|turn|23
|
|move|p2a: Gallade|Drain Punch|p1a: Madrid
|-damage|p1a: Madrid|147\/423
|-heal|p2a: Gallade|110\/277|[from] drain|[of] p1a: Madrid
|-damage|p2a: Gallade|64\/277|[from] item: Rocky Helmet|[of] p1a: Madrid
|move|p1a: Madrid|Foul Play|p2a: Gallade
|-damage|p2a: Gallade|0 fnt
|faint|p2a: Gallade
|
|
|switch|p2a: Chansey|Chansey, F|602\/704
|-damage|p2a: Chansey|514\/704|[from] Stealth Rock
|turn|24
|
|move|p1a: Madrid|Roost|p1a: Madrid
|-heal|p1a: Madrid|359\/423
|move|p2a: Chansey|Wish|p2a: Chansey
|
|turn|25
|
|switch|p2a: Volcarona|Volcarona, F|312\/312
|-damage|p2a: Volcarona|156\/312|[from] Stealth Rock
|move|p1a: Madrid|Toxic|p2a: Volcarona
|-status|p2a: Volcarona|tox
|
|-heal|p2a: Volcarona|312\/312 tox|[from] move: Wish|[wisher] Chansey
|-damage|p2a: Volcarona|293\/312 tox|[from] psn
|turn|26
|
|switch|p2a: Chansey|Chansey, F|514\/704
|-damage|p2a: Chansey|426\/704|[from] Stealth Rock
|switch|p1a: Roku|Sceptile-Mega, M|229\/281 tox
|-damage|p1a: Roku|194\/281 tox|[from] Stealth Rock
|
|-damage|p1a: Roku|177\/281 tox|[from] psn
|turn|27
|
|move|p1a: Roku|Dragon Pulse|p2a: Chansey
|-damage|p2a: Chansey|318\/704
|move|p2a: Chansey|Heal Bell|p2a: Chansey
|-cureteam|p2a: Chansey|[from] move: HealBell
|
|-damage|p1a: Roku|143\/281 tox|[from] psn
|turn|28
|
|switch|p1a: Tenpin|Ferrothorn, M|351\/351
|-damage|p1a: Tenpin|330\/351|[from] Stealth Rock
|move|p2a: Chansey|Wish|p2a: Chansey
|
|-heal|p1a: Tenpin|351\/351|[from] item: Leftovers
|turn|29
|
|move|p2a: Chansey|Protect|p2a: Chansey
|-singleturn|p2a: Chansey|Protect
|move|p1a: Tenpin|Leech Seed|p2a: Chansey
|-activate|p2a: Chansey|Protect
|
|-heal|p2a: Chansey|670\/704|[from] move: Wish|[wisher] Chansey
|turn|30
|
|move|p2a: Chansey|Wish|p2a: Chansey
|move|p1a: Tenpin|Leech Seed|p2a: Chansey
|-start|p2a: Chansey|move: Leech Seed
|
|-damage|p2a: Chansey|582\/704|[from] Leech Seed|[of] p1a: Tenpin
|turn|31
|
|switch|p2a: Volcarona|Volcarona, F|293\/312
|-damage|p2a: Volcarona|137\/312|[from] Stealth Rock
|move|p1a: Tenpin|Leech Seed|p2a: Volcarona
|-start|p2a: Volcarona|move: Leech Seed
|
|-heal|p2a: Volcarona|312\/312|[from] move: Wish|[wisher] Chansey
|-damage|p2a: Volcarona|273\/312|[from] Leech Seed|[of] p1a: Tenpin
|turn|32
|
|switch|p1a: Madrid|Mandibuzz, F|359\/423
|-damage|p1a: Madrid|254\/423|[from] Stealth Rock
|move|p2a: Volcarona|Quiver Dance|p2a: Volcarona
|-boost|p2a: Volcarona|spa|1
|-boost|p2a: Volcarona|spd|1
|-boost|p2a: Volcarona|spe|1
|
|-heal|p2a: Volcarona|292\/312|[from] item: Leftovers
|-damage|p2a: Volcarona|253\/312|[from] Leech Seed|[of] p1a: Madrid
|-heal|p1a: Madrid|293\/423|[silent]
|turn|33
|
|move|p2a: Volcarona|Bug Buzz|p1a: Madrid
|-damage|p1a: Madrid|8\/423
|move|p1a: Madrid|Toxic|p2a: Volcarona
|-status|p2a: Volcarona|tox
|
|-heal|p2a: Volcarona|272\/312 tox|[from] item: Leftovers
|-damage|p2a: Volcarona|233\/312 tox|[from] Leech Seed|[of] p1a: Madrid
|-heal|p1a: Madrid|47\/423|[silent]
|-damage|p2a: Volcarona|214\/312 tox|[from] psn
|turn|34
|
|move|p2a: Volcarona|Bug Buzz|p1a: Madrid
|-damage|p1a: Madrid|0 fnt
|faint|p1a: Madrid
|
|-heal|p2a: Volcarona|233\/312 tox|[from] item: Leftovers
|-damage|p2a: Volcarona|195\/312 tox|[from] psn
|
|switch|p1a: Tenpin|Ferrothorn, M|351\/351
|-damage|p1a: Tenpin|330\/351|[from] Stealth Rock
|turn|35
|
|switch|p2a: Chansey|Chansey, F|582\/704
|-damage|p2a: Chansey|494\/704|[from] Stealth Rock
|move|p1a: Tenpin|Protect|p1a: Tenpin
|-fail|p1a: Tenpin
|
|-heal|p1a: Tenpin|351\/351|[from] item: Leftovers
|turn|36
|
|move|p2a: Chansey|Heal Bell|p2a: Chansey
|-cureteam|p2a: Chansey|[from] move: HealBell
|move|p1a: Tenpin|Gyro Ball|p2a: Chansey
|-damage|p2a: Chansey|362\/704
|
|turn|37
|
|move|p2a: Chansey|Toxic|p1a: Tenpin
|-fail|p1a: Tenpin
|move|p1a: Tenpin|Leech Seed|p2a: Chansey
|-start|p2a: Chansey|move: Leech Seed
|
|-damage|p2a: Chansey|274\/704|[from] Leech Seed|[of] p1a: Tenpin
|turn|38
|
|switch|p1a: Roku|Sceptile-Mega, M|143\/281 tox
|-damage|p1a: Roku|108\/281 tox|[from] Stealth Rock
|move|p2a: Chansey|Wish|p2a: Chansey
|
|-damage|p2a: Chansey|186\/704|[from] Leech Seed|[of] p1a: Roku
|-heal|p1a: Roku|196\/281 tox|[silent]
|-damage|p1a: Roku|179\/281 tox|[from] psn
|turn|39
|
|move|p2a: Chansey|Protect|p2a: Chansey
|-singleturn|p2a: Chansey|Protect
|move|p1a: Roku|Dragon Pulse|p2a: Chansey
|-activate|p2a: Chansey|Protect
|
|-heal|p2a: Chansey|538\/704|[from] move: Wish|[wisher] Chansey
|-damage|p2a: Chansey|450\/704|[from] Leech Seed|[of] p1a: Roku
|-heal|p1a: Roku|267\/281 tox|[silent]
|-damage|p1a: Roku|233\/281 tox|[from] psn
|turn|40
|
|move|p1a: Roku|Focus Blast|p2a: Chansey
|-supereffective|p2a: Chansey
|-damage|p2a: Chansey|250\/704
|move|p2a: Chansey|Wish|p2a: Chansey
|
|-damage|p2a: Chansey|162\/704|[from] Leech Seed|[of] p1a: Roku
|-heal|p1a: Roku|281\/281 tox|[silent]
|-damage|p1a: Roku|230\/281 tox|[from] psn
|turn|41
|
|move|p2a: Chansey|Protect|p2a: Chansey
|-singleturn|p2a: Chansey|Protect
|move|p1a: Roku|Dragon Pulse|p2a: Chansey
|-activate|p2a: Chansey|Protect
|
|-heal|p2a: Chansey|514\/704|[from] move: Wish|[wisher] Chansey
|-damage|p2a: Chansey|426\/704|[from] Leech Seed|[of] p1a: Roku
|-heal|p1a: Roku|281\/281 tox|[silent]
|-damage|p1a: Roku|213\/281 tox|[from] psn
|turn|42
|
|switch|p1a: Tenpin|Ferrothorn, M|351\/351
|-damage|p1a: Tenpin|330\/351|[from] Stealth Rock
|move|p2a: Chansey|Wish|p2a: Chansey
|
|-heal|p1a: Tenpin|351\/351|[from] item: Leftovers
|-damage|p2a: Chansey|338\/704|[from] Leech Seed|[of] p1a: Tenpin
|turn|43
|
|switch|p2a: Volcarona|Volcarona, F|195\/312
|-damage|p2a: Volcarona|39\/312|[from] Stealth Rock
|move|p1a: Tenpin|Gyro Ball|p2a: Volcarona
|-resisted|p2a: Volcarona
|-damage|p2a: Volcarona|0 fnt
|faint|p2a: Volcarona
|
|c|âTheDeltax|gg
|c|âGoodVibes808|gg
|-message|TheDeltax forfeited.
|
|win|GoodVibes808
|raw|Ladder updating...
|raw|GoodVibes808's rating: 1359 &rarr; <strong>1381<\/strong><br \/>(+22 for winning)
|raw|TheDeltax's rating: 1380 &rarr; <strong>1359<\/strong><br \/>(-21 for losing)
|leave|TheDeltax
|player|p2