|join|Zorori
|join|GoodVibes808
|player|p1|Zorori|181
|player|p2|GoodVibes808|244
|gametype|singles
|gen|6
|tier|OU
|rated
|clearpoke
|poke|p1|Beedrill, M
|poke|p1|Landorus, M
|poke|p1|Latios, M
|poke|p1|Magnezone
|poke|p1|Mamoswine, M
|poke|p1|Thundurus, M
|poke|p2|Landorus-Therian, M
|poke|p2|Rotom-Wash
|poke|p2|Keldeo
|poke|p2|Heatran, M, shiny
|poke|p2|Metagross, shiny
|poke|p2|Latias, F
|rule|Swagger Clause: Swagger is banned
|rule|Baton Pass Clause: Limit one PokÃ©mon knowing Baton Pass
|rule|Sleep Clause Mod: Limit one foe put to sleep
|rule|Species Clause: Limit one of each PokÃ©mon
|rule|OHKO Clause: OHKO moves are banned
|rule|Moody Clause: Moody is banned
|rule|Evasion Moves Clause: Evasion moves are banned
|rule|Endless Battle Clause: Forcing endless battles is banned
|rule|HP Percentage Mod: HP is shown in percentages
|teampreview
|
|start
|switch|p1a: Mamoswine|Mamoswine, M|361\/361
|switch|p2a: Adamantium|Metagross, shiny|301\/301
|turn|1
|
|switch|p2a: Tumblr|Rotom-Wash|304\/304
|move|p1a: Mamoswine|Earthquake|p2a: Tumblr
|-immune|p2a: Tumblr|[msg]
|
|turn|2
|
|move|p1a: Mamoswine|Knock Off|p2a: Tumblr
|-crit|p2a: Tumblr
|-damage|p2a: Tumblr|133\/304
|-enditem|p2a: Tumblr|Leftovers|[from] move: Knock Off|[of] p1a: Mamoswine
|move|p2a: Tumblr|Will-O-Wisp|p1a: Mamoswine
|-status|p1a: Mamoswine|brn
|
|-damage|p1a: Mamoswine|316\/361 brn|[from] brn
|turn|3
|
|move|p1a: Mamoswine|Stealth Rock|p2a: Tumblr
|-sidestart|p2: GoodVibes808|move: Stealth Rock
|move|p2a: Tumblr|Pain Split|p1a: Mamoswine
|-sethp|p1a: Mamoswine|224\/361 brn|p2a: Tumblr|224\/304|[from] move: Pain Split
|
|-damage|p1a: Mamoswine|179\/361 brn|[from] brn
|turn|4
|
|move|p1a: Mamoswine|Knock Off|p2a: Tumblr
|-damage|p2a: Tumblr|184\/304
|move|p2a: Tumblr|Hydro Pump|p1a: Mamoswine
|-supereffective|p1a: Mamoswine
|-damage|p1a: Mamoswine|0 fnt
|faint|p1a: Mamoswine
|
|
|switch|p1a: Magnezone|Magnezone|324\/324
|turn|5
|
|move|p2a: Tumblr|Pain Split|p1a: Magnezone
|-sethp|p1a: Magnezone|254\/324|p2a: Tumblr|254\/304|[from] move: Pain Split
|move|p1a: Magnezone|Flash Cannon|p2a: Tumblr
|-crit|p2a: Tumblr
|-resisted|p2a: Tumblr
|-damage|p2a: Tumblr|192\/304
|
|turn|6
|
|switch|p1a: Beedrill|Beedrill, M|272\/272
|move|p2a: Tumblr|Will-O-Wisp|p1a: Beedrill|[miss]
|-miss|p2a: Tumblr|p1a: Beedrill
|
|turn|7
|
|switch|p2a: Vesuvius|Heatran, M, shiny|326\/326
|-damage|p2a: Vesuvius|286\/326|[from] Stealth Rock
|-item|p2a: Vesuvius|Air Balloon
|detailschange|p1a: Beedrill|Beedrill-Mega, M
|message|Beedrill has Mega Evolved into Mega Beedrill!
|move|p1a: Beedrill|U-turn|p2a: Vesuvius
|-resisted|p2a: Vesuvius
|-damage|p2a: Vesuvius|240\/326
|-enditem|p2a: Vesuvius|Air Balloon
|
|switch|p1a: Landorus|Landorus, M|319\/319
|
|turn|8
|
|switch|p2a: Auburn|Latias, F|319\/319
|-damage|p2a: Auburn|280\/319|[from] Stealth Rock
|move|p1a: Landorus|Knock Off|p2a: Auburn
|-supereffective|p2a: Auburn
|-damage|p2a: Auburn|2\/319
|-enditem|p2a: Auburn|Life Orb|[from] move: Knock Off|[of] p1a: Landorus
|-damage|p1a: Landorus|288\/319|[from] item: Life Orb
|
|turn|9
|
|move|p2a: Auburn|Defog|p1a: Landorus
|-unboost|p1a: Landorus|evasion|1
|-sideend|p2: GoodVibes808|Stealth Rock|[from] move: Defog|[of] p2a: Auburn
|move|p1a: Landorus|Psychic|p2a: Auburn
|-resisted|p2a: Auburn
|-damage|p2a: Auburn|0 fnt
|faint|p2a: Auburn
|
|
|switch|p2a: Earthbound|Landorus-Therian, M|319\/319
|-ability|p2a: Earthbound|Intimidate|[of] p1a: Landorus
|-unboost|p1a: Landorus|atk|1
|turn|10
|
|move|p2a: Earthbound|Knock Off|p1a: Landorus
|-damage|p1a: Landorus|155\/319
|-enditem|p1a: Landorus|Life Orb|[from] move: Knock Off|[of] p2a: Earthbound
|move|p1a: Landorus|Knock Off|p2a: Earthbound
|-damage|p2a: Earthbound|250\/319
|-enditem|p2a: Earthbound|Choice Scarf|[from] move: Knock Off|[of] p1a: Landorus
|
|turn|11
|
|switch|p2a: Tumblr|Rotom-Wash|192\/304
|move|p1a: Landorus|Psychic|p2a: Tumblr
|-damage|p2a: Tumblr|96\/304
|
|turn|12
|
|move|p1a: Landorus|Psychic|p2a: Tumblr
|-damage|p2a: Tumblr|1\/304
|move|p2a: Tumblr|Pain Split|p1a: Landorus
|-sethp|p1a: Landorus|78\/319|p2a: Tumblr|78\/304|[from] move: Pain Split
|
|turn|13
|
|move|p1a: Landorus|Focus Blast|p2a: Tumblr
|-damage|p2a: Tumblr|0 fnt
|faint|p2a: Tumblr
|
|
|switch|p2a: Earthbound|Landorus-Therian, M|250\/319
|-ability|p2a: Earthbound|Intimidate|[of] p1a: Landorus
|-unboost|p1a: Landorus|atk|1
|turn|14
|
|move|p1a: Landorus|Psychic|p2a: Earthbound
|-damage|p2a: Earthbound|108\/319
|move|p2a: Earthbound|Knock Off|p1a: Landorus
|-damage|p1a: Landorus|0 fnt
|faint|p1a: Landorus
|
|
|switch|p1a: Beedrill|Beedrill-Mega, M|272\/272
|turn|15
|
|move|p1a: Beedrill|U-turn|p2a: Earthbound
|-resisted|p2a: Earthbound
|-damage|p2a: Earthbound|11\/319
|
|switch|p1a: Thundurus|Thundurus, M|299\/299
|move|p2a: Earthbound|Stone Edge|p1a: Thundurus
|-supereffective|p1a: Thundurus
|-damage|p1a: Thundurus|0 fnt
|faint|p1a: Thundurus
|
|
|switch|p1a: Beedrill|Beedrill-Mega, M|272\/272
|turn|16
|
|move|p1a: Beedrill|Knock Off|p2a: Earthbound
|-damage|p2a: Earthbound|0 fnt
|faint|p2a: Earthbound
|
|
|switch|p2a: Epona|Keldeo|322\/322
|turn|17
|
|move|p1a: Beedrill|Poison Jab|p2a: Epona
|-damage|p2a: Epona|82\/322
|move|p2a: Epona|Scald|p1a: Beedrill
|-damage|p1a: Beedrill|98\/272
|-status|p1a: Beedrill|brn
|
|-heal|p2a: Epona|102\/322|[from] item: Leftovers
|-damage|p1a: Beedrill|64\/272 brn|[from] brn
|turn|18
|
|move|p1a: Beedrill|U-turn|p2a: Epona
|-resisted|p2a: Epona
|-damage|p2a: Epona|49\/322
|
|switch|p1a: Latios|Latios, M|302\/302
|move|p2a: Epona|Scald|p1a: Latios
|-resisted|p1a: Latios
|-damage|p1a: Latios|232\/302
|
|-heal|p2a: Epona|69\/322|[from] item: Leftovers
|turn|19
|
|switch|p2a: Adamantium|Metagross, shiny|301\/301
|move|p1a: Latios|Psyshock|p2a: Adamantium
|-resisted|p2a: Adamantium
|-damage|p2a: Adamantium|271\/301
|
|turn|20
|
|detailschange|p2a: Adamantium|Metagross-Mega, shiny
|message|Metagross has Mega Evolved into Mega Metagross!
|move|p2a: Adamantium|Pursuit|p1a: Latios|[from]Pursuit
|-supereffective|p1a: Latios
|-damage|p1a: Latios|0 fnt
|faint|p1a: Latios
|
|
|switch|p1a: Magnezone|Magnezone|254\/324
|turn|21
|
|move|p2a: Adamantium|Earthquake|p1a: Magnezone
|-supereffective|p1a: Magnezone
|-damage|p1a: Magnezone|0 fnt
|faint|p1a: Magnezone
|
|
|switch|p1a: Beedrill|Beedrill-Mega, M|64\/272 brn
|turn|22
|
|move|p1a: Beedrill|Drill Run|p2a: Adamantium
|-crit|p2a: Adamantium
|-supereffective|p2a: Adamantium
|-damage|p2a: Adamantium|159\/301
|move|p2a: Adamantium|Earthquake|p1a: Beedrill
|-damage|p1a: Beedrill|0 fnt
|faint|p1a: Beedrill
|
|win|GoodVibes808
|raw|Ladder updating...
|raw|Zorori's rating: 1406 &rarr; <strong>1384<\/strong><br \/>(-22 for losing)
|raw|GoodVibes808's rating: 1358 &rarr; <strong>1381<\/strong><br \/>(+23 for winning)
|c|âGoodVibes808|gg
|c|âZorori|gg