|join|Goodvibes808
|join|Melkhior
|player|p1|Goodvibes808|244
|player|p2|Melkhior|238
|gametype|singles
|gen|6
|tier|OU
|rated
|clearpoke
|poke|p1|Landorus-Therian, M
|poke|p1|Rotom-Wash
|poke|p1|Bisharp, M, shiny
|poke|p1|Ferrothorn, F
|poke|p1|Venusaur, F
|poke|p1|Latios, M
|poke|p2|Dragonite, F
|poke|p2|Sceptile, F
|poke|p2|Azumarill, M
|poke|p2|Bisharp, M
|poke|p2|Empoleon, F
|poke|p2|Thundurus, M
|rule|Swagger Clause: Swagger is banned
|rule|Baton Pass Clause: Limit one PokÃ©mon knowing Baton Pass
|rule|Sleep Clause Mod: Limit one foe put to sleep
|rule|Species Clause: Limit one of each PokÃ©mon
|rule|OHKO Clause: OHKO moves are banned
|rule|Moody Clause: Moody is banned
|rule|Evasion Moves Clause: Evasion moves are banned
|rule|Endless Battle Clause: Forcing endless battles is banned
|rule|HP Percentage Mod: HP is shown in percentages
|teampreview
|
|start
|switch|p1a: Earthbound|Landorus-Therian, M|320\/320
|switch|p2a: Thundurus|Thundurus, M|300\/300
|-ability|p1a: Earthbound|Intimidate|[of] p2a: Thundurus
|-unboost|p2a: Thundurus|atk|1
|turn|1
|
|move|p1a: Earthbound|Stone Edge|p2a: Thundurus|[miss]
|-miss|p1a: Earthbound|p2a: Thundurus
|move|p2a: Thundurus|Hidden Power|p1a: Earthbound
|-supereffective|p1a: Earthbound
|-damage|p1a: Earthbound|0 fnt
|faint|p1a: Earthbound
|
|c|âGoodvibes808|eeyow
|
|switch|p1a: Tumblr|Rotom-Wash|303\/303
|turn|2
|
|move|p2a: Thundurus|Volt Switch|p1a: Tumblr
|-damage|p1a: Tumblr|221\/303
|
|switch|p2a: Sceptile|Sceptile, F|281\/281
|move|p1a: Tumblr|Hydro Pump|p2a: Sceptile
|-resisted|p2a: Sceptile
|-damage|p2a: Sceptile|188\/281
|
|-heal|p1a: Tumblr|239\/303|[from] item: Leftovers
|turn|3
|
|switch|p1a: Tenpin|Ferrothorn, F|351\/351
|detailschange|p2a: Sceptile|Sceptile-Mega, F
|message|Sceptile has Mega Evolved into Mega Sceptile!
|move|p2a: Sceptile|Hidden Power|p1a: Tenpin
|-supereffective|p1a: Tenpin
|-damage|p1a: Tenpin|107\/351
|
|-heal|p1a: Tenpin|128\/351|[from] item: Leftovers
|turn|4
|
|move|p1a: Tenpin|Protect|p1a: Tenpin
|-singleturn|p1a: Tenpin|Protect
|move|p2a: Sceptile|Hidden Power|p1a: Tenpin
|-activate|p1a: Tenpin|Protect
|
|-heal|p1a: Tenpin|149\/351|[from] item: Leftovers
|turn|5
|
|move|p2a: Sceptile|Dragon Pulse|p1a: Tenpin
|-resisted|p1a: Tenpin
|-damage|p1a: Tenpin|86\/351
|move|p1a: Tenpin|Stealth Rock|p2a: Sceptile
|-sidestart|p2: Melkhior|move: Stealth Rock
|
|-heal|p1a: Tenpin|107\/351|[from] item: Leftovers
|turn|6
|
|move|p1a: Tenpin|Protect|p1a: Tenpin
|-singleturn|p1a: Tenpin|Protect
|move|p2a: Sceptile|Hidden Power|p1a: Tenpin
|-activate|p1a: Tenpin|Protect
|
|-heal|p1a: Tenpin|128\/351|[from] item: Leftovers
|turn|7
|
|switch|p1a: Hayashi|Venusaur, F|364\/364
|move|p2a: Sceptile|Hidden Power|p1a: Hayashi
|-crit|p1a: Hayashi
|-supereffective|p1a: Hayashi
|-damage|p1a: Hayashi|120\/364
|
|turn|8
|
|detailschange|p1a: Hayashi|Venusaur-Mega, F
|message|Venusaur has Mega Evolved into Mega Venusaur!
|move|p2a: Sceptile|Dragon Pulse|p1a: Hayashi
|-damage|p1a: Hayashi|0 fnt
|faint|p1a: Hayashi
|
|
|switch|p1a: Cardinal|Bisharp, M, shiny|284\/284
|turn|9
|
|switch|p2a: Empoleon|Empoleon, F|372\/372
|-damage|p2a: Empoleon|349\/372|[from] Stealth Rock
|move|p1a: Cardinal|Sucker Punch|p2a: Empoleon
|-fail|p2a: Empoleon
|
|-heal|p2a: Empoleon|372\/372|[from] item: Leftovers
|turn|10
|
|move|p1a: Cardinal|Swords Dance|p1a: Cardinal
|-boost|p1a: Cardinal|atk|2
|move|p2a: Empoleon|Defog|p1a: Cardinal
|-unboost|p1a: Cardinal|evasion|1
|-boost|p1a: Cardinal|atk|2|[from] ability: Defiant
|-sideend|p2: Melkhior|Stealth Rock|[from] move: Defog|[of] p2a: Empoleon
|
|turn|11
|
|move|p1a: Cardinal|Knock Off|p2a: Empoleon
|-crit|p2a: Empoleon
|-damage|p2a: Empoleon|0 fnt
|-enditem|p2a: Empoleon|Leftovers|[from] move: Knock Off|[of] p1a: Cardinal
|faint|p2a: Empoleon
|
|
|switch|p2a: Thundurus|Thundurus, M|300\/300
|turn|12
|
|move|p1a: Cardinal|Sucker Punch|p2a: Thundurus
|-enditem|p2a: Thundurus|Focus Sash
|-damage|p2a: Thundurus|1\/300
|move|p2a: Thundurus|Volt Switch|p1a: Cardinal
|-damage|p1a: Cardinal|122\/284
|
|switch|p2a: Azumarill|Azumarill, M|403\/403
|
|-heal|p1a: Cardinal|139\/284|[from] item: Leftovers
|turn|13
|
|move|p2a: Azumarill|Aqua Jet|p1a: Cardinal
|-damage|p1a: Cardinal|34\/284
|move|p1a: Cardinal|Iron Head|p2a: Azumarill
|-damage|p2a: Azumarill|0 fnt
|faint|p2a: Azumarill
|
|-heal|p1a: Cardinal|51\/284|[from] item: Leftovers
|
|switch|p2a: Thundurus|Thundurus, M|1\/300
|turn|14
|
|move|p2a: Thundurus|Thunder Wave|p1a: Cardinal
|-status|p1a: Cardinal|par
|cant|p1a: Cardinal|par
|
|-heal|p1a: Cardinal|68\/284 par|[from] item: Leftovers
|turn|15
|c|âGoodvibes808|eeyow
|
|cant|p1a: Cardinal|par
|move|p2a: Thundurus|Volt Switch|p1a: Cardinal
|-damage|p1a: Cardinal|0 fnt
|faint|p1a: Cardinal
|c|âMelkhior|sry man
|
|switch|p2a: Sceptile|Sceptile-Mega, F|188\/281
|
|c|âGoodvibes808|hahaha i can't catch a break
|
|switch|p1a: Eon|Latios, M|301\/301
|turn|16
|c|âGoodvibes808|such is life
|c|âMelkhior|yeah i guess
|c|âMelkhior|rngesus is mad at you
|
|switch|p2a: Bisharp|Bisharp, M|272\/272
|move|p1a: Eon|Draco Meteor|p2a: Bisharp
|-resisted|p2a: Bisharp
|-damage|p2a: Bisharp|85\/272
|-unboost|p1a: Eon|spa|2
|-damage|p1a: Eon|271\/301|[from] item: Life Orb
|
|-heal|p2a: Bisharp|102\/272|[from] item: Leftovers
|turn|17
|c|âGoodvibes808|what pains me is not knowing if i would've won had the hax not gotten the better of me lol
|
|move|p1a: Eon|Earthquake|p2a: Bisharp
|-supereffective|p2a: Bisharp
|-damage|p2a: Bisharp|0 fnt
|-damage|p1a: Eon|241\/301|[from] item: Life Orb
|faint|p2a: Bisharp
|
|
|switch|p2a: Sceptile|Sceptile-Mega, F|188\/281
|turn|18
|
|move|p2a: Sceptile|Dragon Pulse|p1a: Eon
|-supereffective|p1a: Eon
|-damage|p1a: Eon|0 fnt
|faint|p1a: Eon
|
|
|switch|p1a: Tumblr|Rotom-Wash|239\/303
|turn|19
|
|move|p2a: Sceptile|Leaf Storm|p1a: Tumblr
|-supereffective|p1a: Tumblr
|-damage|p1a: Tumblr|0 fnt
|-unboost|p2a: Sceptile|spa|2
|faint|p1a: Tumblr
|
|
|switch|p1a: Tenpin|Ferrothorn, F|128\/351
|turn|20
|c|âGoodvibes808|disappointing
|
|move|p2a: Sceptile|Hidden Power|p1a: Tenpin
|-supereffective|p1a: Tenpin
|-damage|p1a: Tenpin|4\/351
|move|p1a: Tenpin|Gyro Ball|p2a: Sceptile
|-damage|p2a: Sceptile|0 fnt
|faint|p2a: Sceptile
|
|-heal|p1a: Tenpin|25\/351|[from] item: Leftovers
|
|switch|p2a: Thundurus|Thundurus, M|1\/300
|turn|21
|
|move|p1a: Tenpin|Protect|p1a: Tenpin
|-singleturn|p1a: Tenpin|Protect
|move|p2a: Thundurus|Volt Switch|p1a: Tenpin
|-activate|p1a: Tenpin|Protect
|
|-heal|p1a: Tenpin|46\/351|[from] item: Leftovers
|turn|22
|
|move|p2a: Thundurus|Taunt|p1a: Tenpin
|-start|p1a: Tenpin|move: Taunt
|cant|p1a: Tenpin|move: Taunt|Leech Seed
|
|-heal|p1a: Tenpin|67\/351|[from] item: Leftovers
|turn|23
|
|move|p2a: Thundurus|Volt Switch|p1a: Tenpin
|-resisted|p1a: Tenpin
|-damage|p1a: Tenpin|26\/351
|
|switch|p2a: Dragonite|Dragonite, F|386\/386
|move|p1a: Tenpin|Gyro Ball|p2a: Dragonite
|-damage|p2a: Dragonite|311\/386
|
|-heal|p2a: Dragonite|335\/386|[from] item: Leftovers
|-heal|p1a: Tenpin|47\/351|[from] item: Leftovers
|turn|24
|
|move|p2a: Dragonite|Extreme Speed|p1a: Tenpin
|-resisted|p1a: Tenpin
|-damage|p1a: Tenpin|19\/351
|-damage|p2a: Dragonite|287\/386|[from] ability: Iron Barbs|[of] p1a: Tenpin
|move|p1a: Tenpin|Gyro Ball|p2a: Dragonite
|-damage|p2a: Dragonite|145\/386
|
|-heal|p2a: Dragonite|169\/386|[from] item: Leftovers
|-heal|p1a: Tenpin|40\/351|[from] item: Leftovers
|-end|p1a: Tenpin|move: Taunt
|turn|25
|c|âMelkhior|i fucked up
|c|âMelkhior|cant kill it
|c|âMelkhior|gg
|
|move|p2a: Dragonite|Toxic|p1a: Tenpin
|-fail|p1a: Tenpin
|move|p1a: Tenpin|Leech Seed|p2a: Dragonite
|-start|p2a: Dragonite|move: Leech Seed
|
|-heal|p2a: Dragonite|193\/386|[from] item: Leftovers
|-heal|p1a: Tenpin|61\/351|[from] item: Leftovers
|-damage|p2a: Dragonite|145\/386|[from] Leech Seed|[of] p1a: Tenpin
|-heal|p1a: Tenpin|109\/351|[silent]
|turn|26
|-message|Melkhior forfeited.
|
|win|Goodvibes808
|raw|Ladder updating...
|leave|Melkhior
|player|p2
|raw|Goodvibes808's rating: 1346 &rarr; <strong>1368<\/strong><br \/>(+22 for winning)
|raw|Melkhior's rating: 1385 &rarr; <strong>1363<\/strong><br \/>(-22 for losing)
|c|âGoodvibes808|oh shit