|join|GoodVibes808
|join|Doodsiewie
|player|p1|GoodVibes808|244
|player|p2|Doodsiewie|163
|gametype|singles
|gen|6
|tier|OU
|rated
|clearpoke
|poke|p1|Landorus-Therian, M
|poke|p1|Rotom-Wash
|poke|p1|Keldeo
|poke|p1|Heatran, M, shiny
|poke|p1|Metagross, shiny
|poke|p1|Latias, F
|poke|p2|Sceptile, M
|poke|p2|Conkeldurr, F
|poke|p2|Slowbro, F
|poke|p2|Greninja, M
|poke|p2|Rotom-Wash
|poke|p2|Excadrill, M
|rule|Swagger Clause: Swagger is banned
|rule|Baton Pass Clause: Limit one PokÃ©mon knowing Baton Pass
|rule|Sleep Clause Mod: Limit one foe put to sleep
|rule|Species Clause: Limit one of each PokÃ©mon
|rule|OHKO Clause: OHKO moves are banned
|rule|Moody Clause: Moody is banned
|rule|Evasion Moves Clause: Evasion moves are banned
|rule|Endless Battle Clause: Forcing endless battles is banned
|rule|HP Percentage Mod: HP is shown in percentages
|teampreview
|
|start
|switch|p1a: Tumblr|Rotom-Wash|304\/304
|switch|p2a: Conkeldurr|Conkeldurr, F|414\/414
|turn|1
|
|move|p1a: Tumblr|Volt Switch|p2a: Conkeldurr
|-damage|p2a: Conkeldurr|329\/414
|
|switch|p1a: Epona|Keldeo|322\/322
|move|p2a: Conkeldurr|Knock Off|p1a: Epona
|-resisted|p1a: Epona
|-damage|p1a: Epona|245\/322
|-boost|p1a: Epona|atk|1|[from] ability: Justified
|-enditem|p1a: Epona|Leftovers|[from] move: Knock Off|[of] p2a: Conkeldurr
|
|turn|2
|
|move|p1a: Epona|Calm Mind|p1a: Epona
|-boost|p1a: Epona|spa|1
|-boost|p1a: Epona|spd|1
|move|p2a: Conkeldurr|Drain Punch|p1a: Epona
|-damage|p1a: Epona|31\/322
|-heal|p2a: Conkeldurr|414\/414|[from] drain|[of] p1a: Epona
|
|turn|3
|
|move|p2a: Conkeldurr|Mach Punch|p1a: Epona
|-crit|p1a: Epona
|-damage|p1a: Epona|0 fnt
|faint|p1a: Epona
|
|
|switch|p1a: Adamantium|Metagross, shiny|301\/301
|turn|4
|
|detailschange|p1a: Adamantium|Metagross-Mega, shiny
|message|Metagross has Mega Evolved into Mega Metagross!
|move|p1a: Adamantium|Zen Headbutt|p2a: Conkeldurr
|-supereffective|p2a: Conkeldurr
|-damage|p2a: Conkeldurr|0 fnt
|faint|p2a: Conkeldurr
|
|
|switch|p2a: Slowbro|Slowbro, F|394\/394
|turn|5
|
|switch|p1a: Tumblr|Rotom-Wash|304\/304
|move|p2a: Slowbro|Thunder Wave|p1a: Tumblr
|-fail|p1a: Tumblr
|
|turn|6
|
|switch|p2a: Excadrill|Excadrill, M|424\/424
|-ability|p2a: Excadrill|Mold Breaker
|-item|p2a: Excadrill|Air Balloon
|move|p1a: Tumblr|Volt Switch|p2a: Excadrill
|-immune|p2a: Excadrill|[msg]
|
|turn|7
|
|move|p1a: Tumblr|Hydro Pump|p2a: Excadrill|[miss]
|-miss|p1a: Tumblr|p2a: Excadrill
|move|p2a: Excadrill|Earthquake|p1a: Tumblr
|-supereffective|p1a: Tumblr
|-damage|p1a: Tumblr|0 fnt
|faint|p1a: Tumblr
|
|
|switch|p1a: Vesuvius|Heatran, M, shiny|326\/326
|-item|p1a: Vesuvius|Air Balloon
|turn|8
|
|switch|p2a: Rotom-Wash|Rotom-Wash|304\/304
|move|p1a: Vesuvius|Stealth Rock|p2a: Rotom-Wash
|-sidestart|p2: Doodsiewie|move: Stealth Rock
|
|turn|9
|
|switch|p1a: Earthbound|Landorus-Therian, M|319\/319
|-ability|p1a: Earthbound|Intimidate|[of] p2a: Rotom-Wash
|-unboost|p2a: Rotom-Wash|atk|1
|move|p2a: Rotom-Wash|Volt Switch|p1a: Earthbound
|-immune|p1a: Earthbound|[msg]
|
|turn|10
|
|move|p1a: Earthbound|U-turn|p2a: Rotom-Wash
|-damage|p2a: Rotom-Wash|214\/304
|
|switch|p1a: Auburn|Latias, F|319\/319
|move|p2a: Rotom-Wash|Hydro Pump|p1a: Auburn
|-crit|p1a: Auburn
|-resisted|p1a: Auburn
|-damage|p1a: Auburn|238\/319
|
|-heal|p2a: Rotom-Wash|233\/304|[from] item: Leftovers
|turn|11
|
|move|p1a: Auburn|Draco Meteor|p2a: Rotom-Wash
|-damage|p2a: Rotom-Wash|61\/304
|-unboost|p1a: Auburn|spa|2
|-damage|p1a: Auburn|207\/319|[from] item: Life Orb
|move|p2a: Rotom-Wash|Will-O-Wisp|p1a: Auburn|[miss]
|-miss|p2a: Rotom-Wash|p1a: Auburn
|
|-heal|p2a: Rotom-Wash|80\/304|[from] item: Leftovers
|turn|12
|
|switch|p1a: Earthbound|Landorus-Therian, M|319\/319
|-ability|p1a: Earthbound|Intimidate|[of] p2a: Rotom-Wash
|-unboost|p2a: Rotom-Wash|atk|1
|switch|p2a: Excadrill|Excadrill, M|424\/424
|-damage|p2a: Excadrill|411\/424|[from] Stealth Rock
|-ability|p2a: Excadrill|Mold Breaker
|-item|p2a: Excadrill|Air Balloon
|
|turn|13
|
|switch|p2a: Slowbro|Slowbro, F|394\/394
|-damage|p2a: Slowbro|345\/394|[from] Stealth Rock
|move|p1a: Earthbound|Knock Off|p2a: Slowbro
|-supereffective|p2a: Slowbro
|-damage|p2a: Slowbro|181\/394
|-enditem|p2a: Slowbro|Leftovers|[from] move: Knock Off|[of] p1a: Earthbound
|
|turn|14
|
|switch|p1a: Auburn|Latias, F|207\/319
|move|p2a: Slowbro|Psyshock|p1a: Auburn
|-resisted|p1a: Auburn
|-damage|p1a: Auburn|153\/319
|
|turn|15
|
|move|p1a: Auburn|Draco Meteor|p2a: Slowbro
|-damage|p2a: Slowbro|0 fnt
|-unboost|p1a: Auburn|spa|2
|-damage|p1a: Auburn|122\/319|[from] item: Life Orb
|faint|p2a: Slowbro
|
|
|switch|p2a: Sceptile|Sceptile, M|282\/282
|-damage|p2a: Sceptile|247\/282|[from] Stealth Rock
|turn|16
|
|move|p2a: Sceptile|Dragon Pulse|p1a: Auburn
|-supereffective|p1a: Auburn
|-damage|p1a: Auburn|0 fnt
|faint|p1a: Auburn
|
|
|switch|p1a: Earthbound|Landorus-Therian, M|319\/319
|-ability|p1a: Earthbound|Intimidate|[of] p2a: Sceptile
|-unboost|p2a: Sceptile|atk|1
|turn|17
|
|detailschange|p2a: Sceptile|Sceptile-Mega, M
|message|Sceptile has Mega Evolved into Mega Sceptile!
|move|p1a: Earthbound|U-turn|p2a: Sceptile
|-supereffective|p2a: Sceptile
|-damage|p2a: Sceptile|27\/282
|
|switch|p1a: Adamantium|Metagross-Mega, shiny|301\/301
|move|p2a: Sceptile|Dragon Pulse|p1a: Adamantium
|-resisted|p1a: Adamantium
|-damage|p1a: Adamantium|229\/301
|
|turn|18
|
|move|p2a: Sceptile|Focus Blast|p1a: Adamantium|[miss]
|-miss|p2a: Sceptile|p1a: Adamantium
|move|p1a: Adamantium|Pursuit|p2a: Sceptile
|-damage|p2a: Sceptile|0 fnt
|faint|p2a: Sceptile
|
|
|switch|p2a: Greninja|Greninja, M|286\/286
|-damage|p2a: Greninja|251\/286|[from] Stealth Rock
|turn|19
|
|switch|p1a: Vesuvius|Heatran, M, shiny|326\/326
|-item|p1a: Vesuvius|Air Balloon
|move|p2a: Greninja|Dark Pulse|p1a: Vesuvius
|-start|p2a: Greninja|typechange|Dark|[from] Protean
|-damage|p1a: Vesuvius|217\/326
|-enditem|p1a: Vesuvius|Air Balloon
|
|turn|20
|
|switch|p2a: Rotom-Wash|Rotom-Wash|80\/304
|-damage|p2a: Rotom-Wash|42\/304|[from] Stealth Rock
|move|p1a: Vesuvius|Flamethrower|p2a: Rotom-Wash
|-resisted|p2a: Rotom-Wash
|-damage|p2a: Rotom-Wash|0 fnt
|faint|p2a: Rotom-Wash
|
|
|switch|p2a: Excadrill|Excadrill, M|411\/424
|-damage|p2a: Excadrill|398\/424|[from] Stealth Rock
|-ability|p2a: Excadrill|Mold Breaker
|-item|p2a: Excadrill|Air Balloon
|turn|21
|
|switch|p1a: Earthbound|Landorus-Therian, M|319\/319
|-ability|p1a: Earthbound|Intimidate|[of] p2a: Excadrill
|-unboost|p2a: Excadrill|atk|1
|move|p2a: Excadrill|Earthquake|p1a: Earthbound
|-immune|p1a: Earthbound|[msg]
|
|turn|22
|
|move|p1a: Earthbound|U-turn|p2a: Excadrill
|-resisted|p2a: Excadrill
|-damage|p2a: Excadrill|335\/424
|-enditem|p2a: Excadrill|Air Balloon
|
|switch|p1a: Vesuvius|Heatran, M, shiny|217\/326
|move|p2a: Excadrill|Rapid Spin|p1a: Vesuvius
|-resisted|p1a: Vesuvius
|-damage|p1a: Vesuvius|207\/326
|-sideend|p2: Doodsiewie|Stealth Rock|[from] move: Rapid Spin|[of] p2a: Excadrill
|
|turn|23
|
|move|p1a: Vesuvius|Flamethrower|p2a: Excadrill
|-supereffective|p2a: Excadrill
|-damage|p2a: Excadrill|0 fnt
|faint|p2a: Excadrill
|
|
|switch|p2a: Greninja|Greninja, M|251\/286
|turn|24
|
|move|p2a: Greninja|Dark Pulse|p1a: Vesuvius
|-start|p2a: Greninja|typechange|Dark|[from] Protean
|-damage|p1a: Vesuvius|98\/326
|cant|p1a: Vesuvius|flinch
|
|turn|25
|
|move|p2a: Greninja|Dark Pulse|p1a: Vesuvius
|-damage|p1a: Vesuvius|0 fnt
|faint|p1a: Vesuvius
|
|
|switch|p1a: Earthbound|Landorus-Therian, M|319\/319
|-ability|p1a: Earthbound|Intimidate|[of] p2a: Greninja
|-unboost|p2a: Greninja|atk|1
|turn|26
|
|move|p2a: Greninja|Dark Pulse|p1a: Earthbound
|-damage|p1a: Earthbound|172\/319
|cant|p1a: Earthbound|flinch
|
|turn|27
|
|move|p2a: Greninja|Dark Pulse|p1a: Earthbound
|-damage|p1a: Earthbound|19\/319
|move|p1a: Earthbound|U-turn|p2a: Greninja
|-supereffective|p2a: Greninja
|-damage|p2a: Greninja|15\/286
|
|switch|p1a: Adamantium|Metagross-Mega, shiny|229\/301
|
|turn|28
|
|move|p2a: Greninja|Dark Pulse|p1a: Adamantium
|-supereffective|p1a: Adamantium
|-damage|p1a: Adamantium|11\/301
|move|p1a: Adamantium|Pursuit|p2a: Greninja
|-resisted|p2a: Greninja
|-damage|p2a: Greninja|0 fnt
|faint|p2a: Greninja
|
|win|GoodVibes808
|raw|Ladder updating...
|raw|GoodVibes808's rating: 1359 &rarr; <strong>1379<\/strong><br \/>(+20 for winning)
|raw|Doodsiewie's rating: 1368 &rarr; <strong>1348<\/strong><br \/>(-20 for losing)
|c|âGoodVibes808|whew
|c|âGoodVibes808|gg
|leave|Doodsiewie
|player|p2