|join|tejjy
|join|GoodVibes808
|player|p1|tejjy|169
|player|p2|GoodVibes808|244
|gametype|singles
|gen|6
|tier|OU
|rated
|clearpoke
|poke|p1|Politoed, M
|poke|p1|Swampert, M
|poke|p1|Tornadus-Therian, M
|poke|p1|Starmie
|poke|p1|Ditto
|poke|p1|Ferrothorn, M
|poke|p2|Landorus-Therian, M
|poke|p2|Rotom-Wash
|poke|p2|Keldeo
|poke|p2|Heatran, M, shiny
|poke|p2|Metagross, shiny
|poke|p2|Latias, F
|rule|Swagger Clause: Swagger is banned
|rule|Baton Pass Clause: Limit one PokÃ©mon knowing Baton Pass
|rule|Sleep Clause Mod: Limit one foe put to sleep
|rule|Species Clause: Limit one of each PokÃ©mon
|rule|OHKO Clause: OHKO moves are banned
|rule|Moody Clause: Moody is banned
|rule|Evasion Moves Clause: Evasion moves are banned
|rule|Endless Battle Clause: Forcing endless battles is banned
|rule|HP Percentage Mod: HP is shown in percentages
|teampreview
|
|start
|switch|p1a: Politoed|Politoed, M|383\/383
|switch|p2a: Tumblr|Rotom-Wash|304\/304
|-weather|RainDance
|turn|1
|
|move|p2a: Tumblr|Volt Switch|p1a: Politoed
|-supereffective|p1a: Politoed
|-damage|p1a: Politoed|267\/383
|
|switch|p2a: Vesuvius|Heatran, M, shiny|326\/326
|-item|p2a: Vesuvius|Air Balloon
|move|p1a: Politoed|Scald|p2a: Vesuvius
|-supereffective|p2a: Vesuvius
|-damage|p2a: Vesuvius|96\/326
|-enditem|p2a: Vesuvius|Air Balloon
|
|-weather|RainDance|[upkeep]
|turn|2
|
|move|p2a: Vesuvius|Taunt|p1a: Politoed
|-start|p1a: Politoed|move: Taunt
|move|p1a: Politoed|Scald|p2a: Vesuvius
|-supereffective|p2a: Vesuvius
|-damage|p2a: Vesuvius|0 fnt
|faint|p2a: Vesuvius
|
|-weather|RainDance|[upkeep]
|
|switch|p2a: Epona|Keldeo|322\/322
|turn|3
|
|switch|p1a: Starmie|Starmie|261\/261
|move|p2a: Epona|Scald|p1a: Starmie
|-resisted|p1a: Starmie
|-damage|p1a: Starmie|135\/261
|
|-weather|RainDance|[upkeep]
|turn|4
|
|move|p1a: Starmie|Hydro Pump|p2a: Epona
|-resisted|p2a: Epona
|-damage|p2a: Epona|135\/322
|-damage|p1a: Starmie|109\/261|[from] item: Life Orb
|move|p2a: Epona|Scald|p1a: Starmie
|-resisted|p1a: Starmie
|-damage|p1a: Starmie|0 fnt
|faint|p1a: Starmie
|
|-weather|RainDance|[upkeep]
|-heal|p2a: Epona|155\/322|[from] item: Leftovers
|
|switch|p1a: Tornadus-Therian|Tornadus-Therian, M|301\/301
|turn|5
|
|switch|p2a: Adamantium|Metagross, shiny|301\/301
|move|p1a: Tornadus-Therian|Hurricane|p2a: Adamantium
|-resisted|p2a: Adamantium
|-damage|p2a: Adamantium|174\/301
|-start|p2a: Adamantium|confusion
|-damage|p1a: Tornadus-Therian|271\/301|[from] item: Life Orb
|
|-weather|RainDance|[upkeep]
|turn|6
|
|detailschange|p2a: Adamantium|Metagross-Mega, shiny
|message|Metagross has Mega Evolved into Mega Metagross!
|move|p1a: Tornadus-Therian|Focus Blast|p2a: Adamantium|[miss]
|-miss|p1a: Tornadus-Therian|p2a: Adamantium
|-activate|p2a: Adamantium|confusion
|-damage|p2a: Adamantium|139\/301|[from] confusion
|
|-weather|RainDance|[upkeep]
|turn|7
|
|move|p1a: Tornadus-Therian|Focus Blast|p2a: Adamantium
|-damage|p2a: Adamantium|0 fnt
|-damage|p1a: Tornadus-Therian|241\/301|[from] item: Life Orb
|faint|p2a: Adamantium
|
|-weather|RainDance|[upkeep]
|
|switch|p2a: Tumblr|Rotom-Wash|304\/304
|turn|8
|
|switch|p1a: Ferrothorn|Ferrothorn, M|352\/352
|move|p2a: Tumblr|Will-O-Wisp|p1a: Ferrothorn|[miss]
|-miss|p2a: Tumblr|p1a: Ferrothorn
|
|-weather|none
|turn|9
|
|move|p2a: Tumblr|Volt Switch|p1a: Ferrothorn
|-resisted|p1a: Ferrothorn
|-damage|p1a: Ferrothorn|322\/352
|
|switch|p2a: Epona|Keldeo|155\/322
|move|p1a: Ferrothorn|Leech Seed|p2a: Epona|[miss]
|-miss|p1a: Ferrothorn|p2a: Epona
|
|-heal|p2a: Epona|175\/322|[from] item: Leftovers
|-heal|p1a: Ferrothorn|344\/352|[from] item: Leftovers
|turn|10
|
|move|p2a: Epona|Secret Sword|p1a: Ferrothorn
|-supereffective|p1a: Ferrothorn
|-damage|p1a: Ferrothorn|126\/352
|move|p1a: Ferrothorn|Leech Seed|p2a: Epona
|-start|p2a: Epona|move: Leech Seed
|
|-heal|p2a: Epona|195\/322|[from] item: Leftovers
|-heal|p1a: Ferrothorn|148\/352|[from] item: Leftovers
|-damage|p2a: Epona|155\/322|[from] Leech Seed|[of] p1a: Ferrothorn
|-heal|p1a: Ferrothorn|188\/352|[silent]
|turn|11
|
|switch|p1a: Politoed|Politoed, M|267\/383
|-weather|RainDance
|move|p2a: Epona|Calm Mind|p2a: Epona
|-boost|p2a: Epona|spa|1
|-boost|p2a: Epona|spd|1
|
|-weather|RainDance|[upkeep]
|-heal|p2a: Epona|175\/322|[from] item: Leftovers
|-damage|p2a: Epona|135\/322|[from] Leech Seed|[of] p1a: Politoed
|-heal|p1a: Politoed|307\/383|[silent]
|turn|12
|
|switch|p1a: Ferrothorn|Ferrothorn, M|188\/352
|move|p2a: Epona|Secret Sword|p1a: Ferrothorn
|-supereffective|p1a: Ferrothorn
|-damage|p1a: Ferrothorn|0 fnt
|faint|p1a: Ferrothorn
|
|-weather|RainDance|[upkeep]
|-heal|p2a: Epona|155\/322|[from] item: Leftovers
|
|switch|p1a: Tornadus-Therian|Tornadus-Therian, M|301\/301
|turn|13
|
|switch|p2a: Tumblr|Rotom-Wash|304\/304
|move|p1a: Tornadus-Therian|Hurricane|p2a: Tumblr
|-resisted|p2a: Tumblr
|-damage|p2a: Tumblr|226\/304
|-damage|p1a: Tornadus-Therian|271\/301|[from] item: Life Orb
|
|-weather|RainDance|[upkeep]
|-heal|p2a: Tumblr|245\/304|[from] item: Leftovers
|turn|14
|
|switch|p1a: Politoed|Politoed, M|307\/383
|move|p2a: Tumblr|Will-O-Wisp|p1a: Politoed|[miss]
|-miss|p2a: Tumblr|p1a: Politoed
|
|-weather|RainDance|[upkeep]
|-heal|p2a: Tumblr|264\/304|[from] item: Leftovers
|turn|15
|
|move|p2a: Tumblr|Volt Switch|p1a: Politoed
|-supereffective|p1a: Politoed
|-damage|p1a: Politoed|181\/383
|
|switch|p2a: Auburn|Latias, F|319\/319
|move|p1a: Politoed|Scald|p2a: Auburn
|-resisted|p2a: Auburn
|-damage|p2a: Auburn|266\/319
|-status|p2a: Auburn|brn
|
|-weather|RainDance|[upkeep]
|-damage|p2a: Auburn|227\/319 brn|[from] brn
|turn|16
|
|move|p2a: Auburn|Draco Meteor|p1a: Politoed
|-damage|p1a: Politoed|0 fnt
|-unboost|p2a: Auburn|spa|2
|-damage|p2a: Auburn|196\/319 brn|[from] item: Life Orb
|faint|p1a: Politoed
|
|-weather|RainDance|[upkeep]
|-damage|p2a: Auburn|157\/319 brn|[from] brn
|
|switch|p1a: Swampert|Swampert, M|341\/341
|turn|17
|
|-singleturn|p1a: Swampert|move: Focus Punch
|switch|p2a: Earthbound|Landorus-Therian, M|319\/319
|-ability|p2a: Earthbound|Intimidate|[of] p1a: Swampert
|-unboost|p1a: Swampert|atk|1
|detailschange|p1a: Swampert|Swampert-Mega, M
|message|Swampert has Mega Evolved into Mega Swampert!
|move|p1a: Swampert|Focus Punch|p2a: Earthbound
|-resisted|p2a: Earthbound
|-damage|p2a: Earthbound|249\/319
|
|-weather|RainDance|[upkeep]
|turn|18
|
|switch|p2a: Tumblr|Rotom-Wash|264\/304
|move|p1a: Swampert|Waterfall|p2a: Tumblr
|-resisted|p2a: Tumblr
|-damage|p2a: Tumblr|192\/304
|
|-weather|none
|-heal|p2a: Tumblr|211\/304|[from] item: Leftovers
|turn|19
|
|switch|p1a: Ditto|Ditto|300\/300
|-transform|p1a: Ditto|p2a: Tumblr
|move|p2a: Tumblr|Will-O-Wisp|p1a: Ditto
|-status|p1a: Ditto|brn
|
|-heal|p2a: Tumblr|230\/304|[from] item: Leftovers
|-damage|p1a: Ditto|263\/300 brn|[from] brn
|turn|20
|
|switch|p2a: Auburn|Latias, F|157\/319 brn
|move|p1a: Ditto|Will-O-Wisp|p2a: Auburn|[miss]
|-miss|p1a: Ditto|p2a: Auburn
|
|-damage|p2a: Auburn|118\/319 brn|[from] brn
|-damage|p1a: Ditto|226\/300 brn|[from] brn
|turn|21
|
|switch|p1a: Swampert|Swampert-Mega, M|341\/341
|move|p2a: Auburn|Roost|p2a: Auburn
|-heal|p2a: Auburn|278\/319 brn
|
|-damage|p2a: Auburn|239\/319 brn|[from] brn
|turn|22
|
|move|p2a: Auburn|Draco Meteor|p1a: Swampert
|-damage|p1a: Swampert|88\/341
|-unboost|p2a: Auburn|spa|2
|-damage|p2a: Auburn|208\/319 brn|[from] item: Life Orb
|move|p1a: Swampert|Ice Punch|p2a: Auburn
|-supereffective|p2a: Auburn
|-damage|p2a: Auburn|0 fnt
|faint|p2a: Auburn
|
|
|switch|p2a: Epona|Keldeo|155\/322
|turn|23
|
|move|p2a: Epona|Scald|p1a: Swampert
|-damage|p1a: Swampert|0 fnt
|faint|p1a: Swampert
|
|-heal|p2a: Epona|175\/322|[from] item: Leftovers
|
|switch|p1a: Ditto|Ditto|226\/300 brn
|-transform|p1a: Ditto|p2a: Epona
|turn|24
|
|switch|p2a: Tumblr|Rotom-Wash|230\/304
|move|p1a: Ditto|Secret Sword|p2a: Tumblr
|-damage|p2a: Tumblr|97\/304
|
|-heal|p2a: Tumblr|116\/304|[from] item: Leftovers
|-damage|p1a: Ditto|189\/300 brn|[from] brn
|turn|25
|
|switch|p2a: Earthbound|Landorus-Therian, M|249\/319
|-ability|p2a: Earthbound|Intimidate|[of] p1a: Ditto
|-unboost|p1a: Ditto|atk|1
|move|p1a: Ditto|Secret Sword|p2a: Earthbound
|-resisted|p2a: Earthbound
|-damage|p2a: Earthbound|167\/319
|
|-damage|p1a: Ditto|152\/300 brn|[from] brn
|turn|26
|
|switch|p1a: Tornadus-Therian|Tornadus-Therian, M|301\/301
|move|p2a: Earthbound|Knock Off|p1a: Tornadus-Therian
|-damage|p1a: Tornadus-Therian|156\/301
|-enditem|p1a: Tornadus-Therian|Life Orb|[from] move: Knock Off|[of] p2a: Earthbound
|
|turn|27
|
|switch|p2a: Tumblr|Rotom-Wash|116\/304
|move|p1a: Tornadus-Therian|Knock Off|p2a: Tumblr
|-crit|p2a: Tumblr
|-damage|p2a: Tumblr|2\/304
|-enditem|p2a: Tumblr|Leftovers|[from] move: Knock Off|[of] p1a: Tornadus-Therian
|
|turn|28
|
|move|p1a: Tornadus-Therian|Knock Off|p2a: Tumblr
|-damage|p2a: Tumblr|0 fnt
|faint|p2a: Tumblr
|
|
|switch|p2a: Earthbound|Landorus-Therian, M|167\/319
|-ability|p2a: Earthbound|Intimidate|[of] p1a: Tornadus-Therian
|-unboost|p1a: Tornadus-Therian|atk|1
|turn|29
|
|switch|p1a: Ditto|Ditto|152\/300 brn
|-transform|p1a: Ditto|p2a: Earthbound
|-ability|p1a: Ditto|Intimidate|[of] p2a: Earthbound
|-unboost|p2a: Earthbound|atk|1
|move|p2a: Earthbound|Stone Edge|p1a: Ditto
|-damage|p1a: Ditto|54\/300 brn
|
|-damage|p1a: Ditto|17\/300 brn|[from] brn
|turn|30
|
|move|p2a: Earthbound|Stone Edge|p1a: Ditto
|-damage|p1a: Ditto|0 fnt
|faint|p1a: Ditto
|
|
|switch|p1a: Tornadus-Therian|Tornadus-Therian, M|256\/301
|turn|31
|
|switch|p2a: Epona|Keldeo|175\/322
|move|p1a: Tornadus-Therian|Knock Off|p2a: Epona
|-resisted|p2a: Epona
|-damage|p2a: Epona|130\/322
|-boost|p2a: Epona|atk|1|[from] ability: Justified
|-enditem|p2a: Epona|Leftovers|[from] move: Knock Off|[of] p1a: Tornadus-Therian
|
|turn|32
|
|move|p1a: Tornadus-Therian|Hurricane|p2a: Epona|[miss]
|-miss|p1a: Tornadus-Therian|p2a: Epona
|move|p2a: Epona|Scald|p1a: Tornadus-Therian
|-damage|p1a: Tornadus-Therian|76\/301
|-status|p1a: Tornadus-Therian|brn
|
|-damage|p1a: Tornadus-Therian|39\/301 brn|[from] brn
|turn|33
|c|âtejjy|gg
|
|move|p1a: Tornadus-Therian|Hurricane|p2a: Epona
|-supereffective|p2a: Epona
|-damage|p2a: Epona|0 fnt
|faint|p2a: Epona
|
|-damage|p1a: Tornadus-Therian|2\/301 brn|[from] brn
|c|âGoodVibes808|gg
|
|switch|p2a: Earthbound|Landorus-Therian, M|167\/319
|-ability|p2a: Earthbound|Intimidate|[of] p1a: Tornadus-Therian
|-unboost|p1a: Tornadus-Therian|atk|1
|turn|34
|c|âtejjy|miss stone edge?
|
|move|p2a: Earthbound|Knock Off|p1a: Tornadus-Therian
|-damage|p1a: Tornadus-Therian|0 fnt
|faint|p1a: Tornadus-Therian
|
|win|GoodVibes808
|raw|Ladder updating...
|raw|tejjy's rating: 1407 &rarr; <strong>1384<\/strong><br \/>(-23 for losing)
|raw|GoodVibes808's rating: 1362 &rarr; <strong>1384<\/strong><br \/>(+22 for winning)
|c|âGoodVibes808|nah
|leave|tejjy
|player|p1