|join|GoodVibes808
|join|i love drake
|player|p1|GoodVibes808|16
|player|p2|i love drake|2
|gametype|singles
|gen|6
|tier|OU
|rated
|clearpoke
|poke|p1|Landorus-Therian, M
|poke|p1|Rotom-Wash
|poke|p1|Bisharp, M, shiny
|poke|p1|Ferrothorn, F
|poke|p1|Venusaur, F
|poke|p1|Latios, M, shiny
|poke|p2|Lucario, M
|poke|p2|Gengar, M
|poke|p2|Landorus-Therian, M
|poke|p2|Manectric, M
|poke|p2|Mew
|poke|p2|Terrakion
|rule|Swagger Clause: Swagger is banned
|rule|Baton Pass Clause: Limit one PokÃ©mon knowing Baton Pass
|rule|Sleep Clause Mod: Limit one foe put to sleep
|rule|Species Clause: Limit one of each PokÃ©mon
|rule|OHKO Clause: OHKO moves are banned
|rule|Moody Clause: Moody is banned
|rule|Evasion Moves Clause: Evasion moves are banned
|rule|Endless Battle Clause: Forcing endless battles is banned
|rule|HP Percentage Mod: HP is shown in percentages
|teampreview
|
|start
|switch|p1a: Tumblr|Rotom-Wash|303\/303
|switch|p2a: Terrakion|Terrakion|323\/323
|turn|1
|
|move|p2a: Terrakion|Taunt|p1a: Tumblr
|-start|p1a: Tumblr|move: Taunt
|cant|p1a: Tumblr|move: Taunt|Will-O-Wisp
|
|turn|2
|
|move|p2a: Terrakion|Stealth Rock|p1a: Tumblr
|-sidestart|p1: GoodVibes808|move: Stealth Rock
|move|p1a: Tumblr|Hydro Pump|p2a: Terrakion|[miss]
|-miss|p1a: Tumblr|p2a: Terrakion
|
|turn|3
|
|move|p2a: Terrakion|Close Combat|p1a: Tumblr
|-damage|p1a: Tumblr|99\/303
|-unboost|p2a: Terrakion|def|1
|-unboost|p2a: Terrakion|spd|1
|move|p1a: Tumblr|Volt Switch|p2a: Terrakion
|-damage|p2a: Terrakion|185\/323
|
|switch|p1a: Earthbound|Landorus-Therian, M|320\/320
|-damage|p1a: Earthbound|280\/320|[from] Stealth Rock
|-ability|p1a: Earthbound|Intimidate|[of] p2a: Terrakion
|-unboost|p2a: Terrakion|atk|1
|
|turn|4
|
|switch|p2a: Gengar|Gengar, M|262\/262
|move|p1a: Earthbound|U-turn|p2a: Gengar
|-resisted|p2a: Gengar
|-damage|p2a: Gengar|227\/262
|
|switch|p1a: Tenpin|Ferrothorn, F|351\/351
|-damage|p1a: Tenpin|330\/351|[from] Stealth Rock
|
|-heal|p1a: Tenpin|351\/351|[from] item: Leftovers
|turn|5
|
|switch|p2a: Lucario|Lucario, M|281\/281
|move|p1a: Tenpin|Gyro Ball|p2a: Lucario
|-resisted|p2a: Lucario
|-damage|p2a: Lucario|179\/281
|
|turn|6
|
|switch|p1a: Earthbound|Landorus-Therian, M|280\/320
|-damage|p1a: Earthbound|240\/320|[from] Stealth Rock
|-ability|p1a: Earthbound|Intimidate|[of] p2a: Lucario
|-unboost|p2a: Lucario|atk|1
|move|p2a: Lucario|Swords Dance|p2a: Lucario
|-boost|p2a: Lucario|atk|2
|
|turn|7
|
|switch|p2a: Landorus-Therian|Landorus-Therian, M|320\/320
|-ability|p2a: Landorus-Therian|Intimidate|[of] p1a: Earthbound
|-unboost|p1a: Earthbound|atk|1
|move|p1a: Earthbound|Earthquake|p2a: Landorus-Therian
|-immune|p2a: Landorus-Therian|[msg]
|
|turn|8
|
|switch|p1a: Tenpin|Ferrothorn, F|351\/351
|-damage|p1a: Tenpin|330\/351|[from] Stealth Rock
|move|p2a: Landorus-Therian|U-turn|p1a: Tenpin
|-damage|p1a: Tenpin|271\/351
|-damage|p2a: Landorus-Therian|280\/320|[from] ability: Iron Barbs|[of] p1a: Tenpin
|
|switch|p2a: Lucario|Lucario, M|179\/281
|
|-heal|p1a: Tenpin|292\/351|[from] item: Leftovers
|turn|9
|
|move|p2a: Lucario|Ice Punch|p1a: Tenpin
|-damage|p1a: Tenpin|214\/351
|-damage|p2a: Lucario|144\/281|[from] ability: Iron Barbs|[of] p1a: Tenpin
|-damage|p2a: Lucario|116\/281|[from] item: Life Orb
|move|p1a: Tenpin|Leech Seed|p2a: Lucario
|-start|p2a: Lucario|move: Leech Seed
|
|-heal|p1a: Tenpin|235\/351|[from] item: Leftovers
|-damage|p2a: Lucario|81\/281|[from] Leech Seed|[of] p1a: Tenpin
|-heal|p1a: Tenpin|270\/351|[silent]
|turn|10
|
|move|p2a: Lucario|Close Combat|p1a: Tenpin
|-crit|p1a: Tenpin
|-supereffective|p1a: Tenpin
|-damage|p1a: Tenpin|0 fnt
|-damage|p2a: Lucario|46\/281|[from] ability: Iron Barbs|[of] p1a: Tenpin
|-unboost|p2a: Lucario|def|1
|-unboost|p2a: Lucario|spd|1
|-damage|p2a: Lucario|18\/281|[from] item: Life Orb
|faint|p1a: Tenpin
|
|
|switch|p1a: Earthbound|Landorus-Therian, M|240\/320
|-damage|p1a: Earthbound|200\/320|[from] Stealth Rock
|-ability|p1a: Earthbound|Intimidate|[of] p2a: Lucario
|-unboost|p2a: Lucario|atk|1
|turn|11
|
|move|p2a: Lucario|Extreme Speed|p1a: Earthbound
|-damage|p1a: Earthbound|118\/320
|-damage|p2a: Lucario|0 fnt|[from] item: Life Orb
|faint|p2a: Lucario
|move|p1a: Earthbound|Knock Off|p2: Lucario|[notarget]
|-notarget
|
|
|switch|p2a: Manectric|Manectric, M|281\/281
|turn|12
|
|switch|p1a: Cardinal|Bisharp, M, shiny|284\/284
|-damage|p1a: Cardinal|267\/284|[from] Stealth Rock
|detailschange|p2a: Manectric|Manectric-Mega, M
|message|Manectric has Mega Evolved into Mega Manectric!
|-ability|p2a: Manectric|Intimidate|[of] p1a: Cardinal
|-unboost|p1a: Cardinal|atk|1
|-boost|p1a: Cardinal|atk|2|[from] ability: Defiant
|move|p2a: Manectric|Hidden Power|p1a: Cardinal
|-resisted|p1a: Cardinal
|-damage|p1a: Cardinal|215\/284
|
|-heal|p1a: Cardinal|232\/284|[from] item: Leftovers
|turn|13
|
|move|p1a: Cardinal|Sucker Punch|p2a: Manectric
|-damage|p2a: Manectric|16\/281
|move|p2a: Manectric|Flamethrower|p1a: Cardinal
|-supereffective|p1a: Cardinal
|-damage|p1a: Cardinal|0 fnt
|faint|p1a: Cardinal
|
|
|switch|p1a: Earthbound|Landorus-Therian, M|118\/320
|-damage|p1a: Earthbound|78\/320|[from] Stealth Rock
|-ability|p1a: Earthbound|Intimidate|[of] p2a: Manectric
|-unboost|p2a: Manectric|atk|1
|turn|14
|
|switch|p2a: Terrakion|Terrakion|185\/323
|move|p1a: Earthbound|U-turn|p2a: Terrakion
|-resisted|p2a: Terrakion
|-damage|p2a: Terrakion|136\/323
|
|switch|p1a: Eon|Latios, M, shiny|301\/301
|-damage|p1a: Eon|264\/301|[from] Stealth Rock
|
|turn|15
|
|move|p1a: Eon|Psyshock|p2a: Terrakion
|-supereffective|p2a: Terrakion
|-damage|p2a: Terrakion|0 fnt
|-damage|p1a: Eon|234\/301|[from] item: Life Orb
|faint|p2a: Terrakion
|
|
|switch|p2a: Landorus-Therian|Landorus-Therian, M|280\/320
|-ability|p2a: Landorus-Therian|Intimidate|[of] p1a: Eon
|-unboost|p1a: Eon|atk|1
|turn|16
|
|switch|p1a: Hayashi|Venusaur, F|364\/364
|-damage|p1a: Hayashi|319\/364|[from] Stealth Rock
|move|p2a: Landorus-Therian|U-turn|p1a: Hayashi
|-damage|p1a: Hayashi|213\/364
|
|switch|p2a: Gengar|Gengar, M|227\/262
|
|turn|17
|
|detailschange|p1a: Hayashi|Venusaur-Mega, F
|message|Venusaur has Mega Evolved into Mega Venusaur!
|move|p2a: Gengar|Taunt|p1a: Hayashi
|-start|p1a: Hayashi|move: Taunt
|move|p1a: Hayashi|Giga Drain|p2a: Gengar
|-crit|p2a: Gengar
|-resisted|p2a: Gengar
|-damage|p2a: Gengar|83\/262
|-heal|p1a: Hayashi|285\/364|[from] drain|[of] p2a: Gengar
|
|turn|18
|
|move|p2a: Gengar|Sludge Wave|p1a: Hayashi
|-damage|p1a: Hayashi|97\/364
|-damage|p2a: Gengar|57\/262|[from] item: Life Orb
|move|p1a: Hayashi|Giga Drain|p2a: Gengar
|-resisted|p2a: Gengar
|-damage|p2a: Gengar|0 fnt
|-heal|p1a: Hayashi|126\/364|[from] drain|[of] p2a: Gengar
|faint|p2a: Gengar
|
|
|switch|p2a: Landorus-Therian|Landorus-Therian, M|280\/320
|-ability|p2a: Landorus-Therian|Intimidate|[of] p1a: Hayashi
|-unboost|p1a: Hayashi|atk|1
|turn|19
|
|switch|p1a: Earthbound|Landorus-Therian, M|78\/320
|-damage|p1a: Earthbound|38\/320|[from] Stealth Rock
|-ability|p1a: Earthbound|Intimidate|[of] p2a: Landorus-Therian
|-unboost|p2a: Landorus-Therian|atk|1
|move|p2a: Landorus-Therian|Stone Edge|p1a: Earthbound|[miss]
|-miss|p2a: Landorus-Therian|p1a: Earthbound
|
|turn|20
|
|switch|p2a: Mew|Mew|404\/404
|move|p1a: Earthbound|Knock Off|p2a: Mew
|-supereffective|p2a: Mew
|-damage|p2a: Mew|168\/404
|-enditem|p2a: Mew|Leftovers|[from] move: Knock Off|[of] p1a: Earthbound
|
|turn|21
|
|switch|p1a: Tumblr|Rotom-Wash|99\/303
|-damage|p1a: Tumblr|62\/303|[from] Stealth Rock
|move|p2a: Mew|Roost|p2a: Mew
|-heal|p2a: Mew|370\/404
|
|-heal|p1a: Tumblr|80\/303|[from] item: Leftovers
|turn|22
|
|move|p2a: Mew|Will-O-Wisp|p1a: Tumblr|[miss]
|-miss|p2a: Mew|p1a: Tumblr
|move|p1a: Tumblr|Pain Split|p2a: Mew
|-sethp|p2a: Mew|225\/404|p1a: Tumblr|225\/303|[from] move: Pain Split
|
|-heal|p1a: Tumblr|243\/303|[from] item: Leftovers
|turn|23
|
|switch|p1a: Eon|Latios, M, shiny|234\/301
|-damage|p1a: Eon|197\/301|[from] Stealth Rock
|move|p2a: Mew|Will-O-Wisp|p1a: Eon
|-status|p1a: Eon|brn
|
|-damage|p1a: Eon|160\/301 brn|[from] brn
|turn|24
|
|move|p1a: Eon|Defog|p2a: Mew
|-unboost|p2a: Mew|evasion|1
|-sideend|p1: GoodVibes808|Stealth Rock|[from] move: Defog|[of] p1a: Eon
|move|p2a: Mew|Roost|p2a: Mew
|-heal|p2a: Mew|404\/404
|
|-damage|p1a: Eon|123\/301 brn|[from] brn
|turn|25
|
|switch|p1a: Hayashi|Venusaur-Mega, F|126\/364
|move|p2a: Mew|Will-O-Wisp|p1a: Hayashi
|-status|p1a: Hayashi|brn
|
|-damage|p1a: Hayashi|81\/364 brn|[from] brn
|turn|26
|
|move|p2a: Mew|Roost|p2a: Mew
|-fail|p2a: Mew
|move|p1a: Hayashi|Giga Drain|p2a: Mew
|-damage|p2a: Mew|307\/404
|-heal|p1a: Hayashi|130\/364 brn|[from] drain|[of] p2a: Mew
|
|-damage|p1a: Hayashi|85\/364 brn|[from] brn
|turn|27
|
|move|p2a: Mew|Knock Off|p1a: Hayashi
|-damage|p1a: Hayashi|45\/364 brn
|move|p1a: Hayashi|Leech Seed|p2a: Mew
|-start|p2a: Mew|move: Leech Seed
|
|-damage|p2a: Mew|257\/404|[from] Leech Seed|[of] p1a: Hayashi
|-heal|p1a: Hayashi|95\/364 brn|[silent]
|-damage|p1a: Hayashi|50\/364 brn|[from] brn
|turn|28
|
|move|p2a: Mew|Knock Off|p1a: Hayashi
|-damage|p1a: Hayashi|14\/364 brn
|move|p1a: Hayashi|Giga Drain|p2a: Mew
|-damage|p2a: Mew|146\/404
|-heal|p1a: Hayashi|70\/364 brn|[from] drain|[of] p2a: Mew
|
|-damage|p2a: Mew|96\/404|[from] Leech Seed|[of] p1a: Hayashi
|-heal|p1a: Hayashi|120\/364 brn|[silent]
|-damage|p1a: Hayashi|75\/364 brn|[from] brn
|turn|29
|
|move|p2a: Mew|Roost|p2a: Mew
|-heal|p2a: Mew|298\/404
|move|p1a: Hayashi|Giga Drain|p2a: Mew
|-damage|p2a: Mew|192\/404
|-heal|p1a: Hayashi|128\/364 brn|[from] drain|[of] p2a: Mew
|
|-damage|p2a: Mew|142\/404|[from] Leech Seed|[of] p1a: Hayashi
|-heal|p1a: Hayashi|178\/364 brn|[silent]
|-damage|p1a: Hayashi|133\/364 brn|[from] brn
|turn|30
|
|move|p2a: Mew|Defog|p1a: Hayashi
|-unboost|p1a: Hayashi|evasion|1
|move|p1a: Hayashi|Giga Drain|p2a: Mew
|-damage|p2a: Mew|45\/404
|-heal|p1a: Hayashi|182\/364 brn|[from] drain|[of] p2a: Mew
|
|-damage|p2a: Mew|0 fnt|[from] Leech Seed|[of] p1a: Hayashi
|-heal|p1a: Hayashi|227\/364 brn|[silent]
|-damage|p1a: Hayashi|182\/364 brn|[from] brn
|faint|p2a: Mew
|
|switch|p2a: Landorus-Therian|Landorus-Therian, M|280\/320
|-ability|p2a: Landorus-Therian|Intimidate|[of] p1a: Hayashi
|-unboost|p1a: Hayashi|atk|1
|turn|31
|
|move|p2a: Landorus-Therian|Stone Edge|p1a: Hayashi
|-damage|p1a: Hayashi|82\/364 brn
|move|p1a: Hayashi|Giga Drain|p2a: Landorus-Therian
|-damage|p2a: Landorus-Therian|121\/320
|-heal|p1a: Hayashi|162\/364 brn|[from] drain|[of] p2a: Landorus-Therian
|
|-damage|p1a: Hayashi|117\/364 brn|[from] brn
|turn|32
|
|move|p2a: Landorus-Therian|Stone Edge|p1a: Hayashi
|-damage|p1a: Hayashi|18\/364 brn
|move|p1a: Hayashi|Giga Drain|p2a: Landorus-Therian
|-damage|p2a: Landorus-Therian|0 fnt
|-heal|p1a: Hayashi|79\/364 brn|[from] drain|[of] p2a: Landorus-Therian
|faint|p2a: Landorus-Therian
|
|-damage|p1a: Hayashi|34\/364 brn|[from] brn
|
|switch|p2a: Manectric|Manectric-Mega, M|16\/281
|-ability|p2a: Manectric|Intimidate|[of] p1a: Hayashi
|-unboost|p1a: Hayashi|atk|1
|turn|33
|
|move|p2a: Manectric|Hidden Power|p1a: Hayashi
|-supereffective|p1a: Hayashi
|-damage|p1a: Hayashi|0 fnt
|faint|p1a: Hayashi
|
|
|switch|p1a: Earthbound|Landorus-Therian, M|38\/320
|-ability|p1a: Earthbound|Intimidate|[of] p2a: Manectric
|-unboost|p2a: Manectric|atk|1
|turn|34
|c|âGoodVibes808|gg
|c|âi love drake|gg
|
|move|p1a: Earthbound|Earthquake|p2a: Manectric
|-supereffective|p2a: Manectric
|-damage|p2a: Manectric|0 fnt
|faint|p2a: Manectric
|
|win|GoodVibes808
|raw|Ladder updating...
|raw|GoodVibes808's rating: 1619 &rarr; <strong>1645<\/strong><br \/>(+26 for winning)
|raw|i love drake's rating: 1726 &rarr; <strong>1700<\/strong><br \/>(-26 for losing)
|leave|i love drake
|player|p2