|join|light29
|join|GoodVibes808
|player|p1|light29|170
|player|p2|GoodVibes808|16
|gametype|singles
|gen|6
|tier|OU
|rated
|clearpoke
|poke|p1|Azumarill, F
|poke|p1|Landorus-Therian, M
|poke|p1|Scizor, M
|poke|p1|Rotom-Wash
|poke|p1|Zapdos
|poke|p1|Talonflame, M
|poke|p2|Landorus-Therian, M
|poke|p2|Rotom-Wash
|poke|p2|Bisharp, M, shiny
|poke|p2|Ferrothorn, F
|poke|p2|Venusaur, F
|poke|p2|Latios, M, shiny
|rule|Swagger Clause: Swagger is banned
|rule|Baton Pass Clause: Limit one PokÃ©mon knowing Baton Pass
|rule|Sleep Clause Mod: Limit one foe put to sleep
|rule|Species Clause: Limit one of each PokÃ©mon
|rule|OHKO Clause: OHKO moves are banned
|rule|Moody Clause: Moody is banned
|rule|Evasion Moves Clause: Evasion moves are banned
|rule|Endless Battle Clause: Forcing endless battles is banned
|rule|HP Percentage Mod: HP is shown in percentages
|teampreview
|
|start
|switch|p1a: Rotom-Wash|Rotom-Wash|304\/304
|switch|p2a: Tumblr|Rotom-Wash|303\/303
|turn|1
|
|move|p1a: Rotom-Wash|Will-O-Wisp|p2a: Tumblr
|-status|p2a: Tumblr|brn
|move|p2a: Tumblr|Volt Switch|p1a: Rotom-Wash
|-damage|p1a: Rotom-Wash|223\/304
|
|switch|p2a: Tenpin|Ferrothorn, F|351\/351
|
|-heal|p1a: Rotom-Wash|242\/304|[from] item: Leftovers
|turn|2
|
|move|p1a: Rotom-Wash|Will-O-Wisp|p2a: Tenpin
|-status|p2a: Tenpin|brn
|move|p2a: Tenpin|Leech Seed|p1a: Rotom-Wash
|-start|p1a: Rotom-Wash|move: Leech Seed
|
|-heal|p1a: Rotom-Wash|261\/304|[from] item: Leftovers
|-damage|p1a: Rotom-Wash|223\/304|[from] Leech Seed|[of] p2a: Tenpin
|-damage|p2a: Tenpin|308\/351 brn|[from] brn
|turn|3
|
|move|p1a: Rotom-Wash|Volt Switch|p2a: Tenpin
|-resisted|p2a: Tenpin
|-damage|p2a: Tenpin|277\/351 brn
|
|switch|p1a: Zapdos|Zapdos|384\/384
|-ability|p1a: Zapdos|Pressure
|move|p2a: Tenpin|Stealth Rock|p1a: Zapdos
|-sidestart|p1: light29|move: Stealth Rock
|
|-heal|p2a: Tenpin|298\/351 brn|[from] item: Leftovers
|-damage|p2a: Tenpin|255\/351 brn|[from] brn
|turn|4
|
|switch|p2a: Tumblr|Rotom-Wash|303\/303 brn
|move|p1a: Zapdos|Defog|p2a: Tumblr
|-unboost|p2a: Tumblr|evasion|1
|-sideend|p1: light29|Stealth Rock|[from] move: Defog|[of] p1a: Zapdos
|
|-damage|p2a: Tumblr|266\/303 brn|[from] brn
|turn|5
|
|move|p1a: Zapdos|Discharge|p2a: Tumblr
|-damage|p2a: Tumblr|184\/303 brn
|move|p2a: Tumblr|Will-O-Wisp|p1a: Zapdos
|-status|p1a: Zapdos|brn
|
|-heal|p2a: Tumblr|202\/303 brn|[from] item: Leftovers
|-damage|p1a: Zapdos|336\/384 brn|[from] brn
|-damage|p2a: Tumblr|165\/303 brn|[from] brn
|turn|6
|
|move|p1a: Zapdos|Discharge|p2a: Tumblr
|-damage|p2a: Tumblr|92\/303 brn
|move|p2a: Tumblr|Pain Split|p1a: Zapdos
|-sethp|p1a: Zapdos|214\/384 brn|p2a: Tumblr|214\/303 brn|[from] move: Pain Split
|
|-heal|p1a: Zapdos|238\/384 brn|[from] item: Leftovers
|-heal|p2a: Tumblr|232\/303 brn|[from] item: Leftovers
|-damage|p1a: Zapdos|190\/384 brn|[from] brn
|-damage|p2a: Tumblr|195\/303 brn|[from] brn
|turn|7
|
|move|p1a: Zapdos|Roost|p1a: Zapdos
|-heal|p1a: Zapdos|382\/384 brn
|move|p2a: Tumblr|Volt Switch|p1a: Zapdos
|-resisted|p1a: Zapdos
|-damage|p1a: Zapdos|350\/384 brn
|
|switch|p2a: Venus|Venusaur, F|364\/364
|
|-heal|p1a: Zapdos|374\/384 brn|[from] item: Leftovers
|-damage|p1a: Zapdos|326\/384 brn|[from] brn
|turn|8
|
|switch|p1a: Scizor|Scizor, M|344\/344
|detailschange|p2a: Venus|Venusaur-Mega, F
|message|Venusaur has Mega Evolved into Mega Venusaur!
|move|p2a: Venus|Leech Seed|p1a: Scizor
|-start|p1a: Scizor|move: Leech Seed
|
|-damage|p1a: Scizor|301\/344|[from] Leech Seed|[of] p2a: Venus
|turn|9
|
|detailschange|p1a: Scizor|Scizor-Mega, M
|message|Scizor has Mega Evolved into Mega Scizor!
|move|p2a: Venus|Hidden Power|p1a: Scizor
|-supereffective|p1a: Scizor
|-damage|p1a: Scizor|0 fnt
|faint|p1a: Scizor
|
|
|switch|p1a: Talonflame|Talonflame, M|298\/298
|turn|10
|
|switch|p2a: Earthbound|Landorus-Therian, M|320\/320
|-ability|p2a: Earthbound|Intimidate|[of] p1a: Talonflame
|-unboost|p1a: Talonflame|atk|1
|move|p1a: Talonflame|U-turn|p2a: Earthbound
|-resisted|p2a: Earthbound
|-damage|p2a: Earthbound|287\/320
|
|switch|p1a: Rotom-Wash|Rotom-Wash|223\/304
|
|-heal|p1a: Rotom-Wash|242\/304|[from] item: Leftovers
|turn|11
|
|move|p2a: Earthbound|U-turn|p1a: Rotom-Wash
|-damage|p1a: Rotom-Wash|180\/304
|
|switch|p2a: Tenpin|Ferrothorn, F|255\/351 brn
|move|p1a: Rotom-Wash|Volt Switch|p2a: Tenpin
|-resisted|p2a: Tenpin
|-damage|p2a: Tenpin|224\/351 brn
|
|switch|p1a: Zapdos|Zapdos|326\/384 brn
|-ability|p1a: Zapdos|Pressure
|
|-heal|p1a: Zapdos|350\/384 brn|[from] item: Leftovers
|-heal|p2a: Tenpin|245\/351 brn|[from] item: Leftovers
|-damage|p1a: Zapdos|302\/384 brn|[from] brn
|-damage|p2a: Tenpin|202\/351 brn|[from] brn
|turn|12
|
|move|p1a: Zapdos|Heat Wave|p2a: Tenpin
|-supereffective|p2a: Tenpin
|-damage|p2a: Tenpin|0 fnt
|faint|p2a: Tenpin
|
|-heal|p1a: Zapdos|326\/384 brn|[from] item: Leftovers
|-damage|p1a: Zapdos|278\/384 brn|[from] brn
|
|switch|p2a: Venus|Venusaur-Mega, F|364\/364
|turn|13
|
|switch|p1a: Rotom-Wash|Rotom-Wash|180\/304
|move|p2a: Venus|Sludge Bomb|p1a: Rotom-Wash
|-damage|p1a: Rotom-Wash|12\/304
|
|-heal|p1a: Rotom-Wash|31\/304|[from] item: Leftovers
|turn|14
|
|move|p1a: Rotom-Wash|Pain Split|p2a: Venus
|-sethp|p2a: Venus|197\/364|p1a: Rotom-Wash|197\/304|[from] move: Pain Split
|move|p2a: Venus|Sludge Bomb|p1a: Rotom-Wash
|-damage|p1a: Rotom-Wash|44\/304
|
|-heal|p1a: Rotom-Wash|63\/304|[from] item: Leftovers
|turn|15
|
|move|p1a: Rotom-Wash|Will-O-Wisp|p2a: Venus
|-status|p2a: Venus|brn
|move|p2a: Venus|Leech Seed|p1a: Rotom-Wash
|-start|p1a: Rotom-Wash|move: Leech Seed
|
|-heal|p1a: Rotom-Wash|82\/304|[from] item: Leftovers
|-damage|p1a: Rotom-Wash|44\/304|[from] Leech Seed|[of] p2a: Venus
|-heal|p2a: Venus|235\/364 brn|[silent]
|-damage|p2a: Venus|190\/364 brn|[from] brn
|turn|16
|
|move|p1a: Rotom-Wash|Pain Split|p2a: Venus
|-sethp|p2a: Venus|117\/364 brn|p1a: Rotom-Wash|117\/304|[from] move: Pain Split
|move|p2a: Venus|Sludge Bomb|p1a: Rotom-Wash
|-damage|p1a: Rotom-Wash|0 fnt
|faint|p1a: Rotom-Wash
|
|-damage|p2a: Venus|72\/364 brn|[from] brn
|
|switch|p1a: Talonflame|Talonflame, M|298\/298
|turn|17
|
|switch|p2a: Earthbound|Landorus-Therian, M|287\/320
|-ability|p2a: Earthbound|Intimidate|[of] p1a: Talonflame
|-unboost|p1a: Talonflame|atk|1
|move|p1a: Talonflame|Brave Bird|p2a: Earthbound
|-crit|p2a: Earthbound
|-damage|p2a: Earthbound|0 fnt
|-damage|p1a: Talonflame|203\/298|[from] recoil|[of] p2a: Earthbound
|faint|p2a: Earthbound
|
|
|switch|p2a: Cardinal|Bisharp, M, shiny|284\/284
|turn|18
|
|switch|p1a: Landorus-Therian|Landorus-Therian, M|382\/382
|-ability|p1a: Landorus-Therian|Intimidate|[of] p2a: Cardinal
|-unboost|p2a: Cardinal|atk|1
|-boost|p2a: Cardinal|atk|2|[from] ability: Defiant
|move|p2a: Cardinal|Knock Off|p1a: Landorus-Therian
|-crit|p1a: Landorus-Therian
|-damage|p1a: Landorus-Therian|46\/382
|-enditem|p1a: Landorus-Therian|Leftovers|[from] move: Knock Off|[of] p2a: Cardinal
|
|turn|19
|
|move|p2a: Cardinal|Sucker Punch|p1a: Landorus-Therian
|-fail|p1a: Landorus-Therian
|move|p1a: Landorus-Therian|Stealth Rock|p2a: Cardinal
|-sidestart|p2: GoodVibes808|move: Stealth Rock
|
|turn|20
|
|move|p2a: Cardinal|Sucker Punch|p1a: Landorus-Therian
|-damage|p1a: Landorus-Therian|0 fnt
|faint|p1a: Landorus-Therian
|
|
|switch|p1a: Talonflame|Talonflame, M|203\/298
|turn|21
|
|move|p1a: Talonflame|Brave Bird|p2a: Cardinal
|-resisted|p2a: Cardinal
|-damage|p2a: Cardinal|159\/284
|-damage|p1a: Talonflame|162\/298|[from] recoil|[of] p2a: Cardinal
|move|p2a: Cardinal|Knock Off|p1a: Talonflame
|-damage|p1a: Talonflame|0 fnt
|-enditem|p1a: Talonflame|Choice Band|[from] move: Knock Off|[of] p2a: Cardinal
|faint|p1a: Talonflame
|
|-heal|p2a: Cardinal|176\/284|[from] item: Leftovers
|
|switch|p1a: Zapdos|Zapdos|278\/384 brn
|-ability|p1a: Zapdos|Pressure
|turn|22
|
|move|p2a: Cardinal|Sucker Punch|p1a: Zapdos
|-damage|p1a: Zapdos|10\/384 brn
|move|p1a: Zapdos|Heat Wave|p2a: Cardinal
|-supereffective|p2a: Cardinal
|-damage|p2a: Cardinal|0 fnt
|faint|p2a: Cardinal
|
|-heal|p1a: Zapdos|34\/384 brn|[from] item: Leftovers
|-damage|p1a: Zapdos|0 fnt|[from] brn
|faint|p1a: Zapdos
|
|switch|p2a: Tumblr|Rotom-Wash|195\/303 brn
|-damage|p2a: Tumblr|158\/303 brn|[from] Stealth Rock
|switch|p1a: Azumarill|Azumarill, F|381\/381
|turn|23
|
|move|p2a: Tumblr|Volt Switch|p1a: Azumarill
|-supereffective|p1a: Azumarill
|-damage|p1a: Azumarill|265\/381
|
|switch|p2a: Venus|Venusaur-Mega, F|72\/364 brn
|-damage|p2a: Venus|27\/364 brn|[from] Stealth Rock
|move|p1a: Azumarill|Play Rough|p2a: Venus
|-resisted|p2a: Venus
|-damage|p2a: Venus|0 fnt
|faint|p2a: Venus
|
|
|switch|p2a: Tumblr|Rotom-Wash|158\/303 brn
|-damage|p2a: Tumblr|121\/303 brn|[from] Stealth Rock
|turn|24
|
|move|p2a: Tumblr|Will-O-Wisp|p1a: Azumarill|[miss]
|-miss|p2a: Tumblr|p1a: Azumarill
|move|p1a: Azumarill|Play Rough|p2a: Tumblr
|-damage|p2a: Tumblr|0 fnt
|faint|p2a: Tumblr
|
|c|âGoodVibes808|gg
|
|switch|p2a: Eon|Latios, M, shiny|301\/301
|-damage|p2a: Eon|264\/301|[from] Stealth Rock
|turn|25
|
|move|p2a: Eon|Psyshock|p1a: Azumarill
|-damage|p1a: Azumarill|39\/381
|-damage|p2a: Eon|234\/301|[from] item: Life Orb
|move|p1a: Azumarill|Play Rough|p2a: Eon
|-supereffective|p2a: Eon
|-damage|p2a: Eon|0 fnt
|faint|p2a: Eon
|
|win|light29
|raw|Ladder updating...
|raw|light29's rating: 1558 &rarr; <strong>1579<\/strong><br \/>(+21 for winning)
|raw|GoodVibes808's rating: 1571 &rarr; <strong>1551<\/strong><br \/>(-20 for losing)
|c|âlight29|gg
|leave|GoodVibes808
|player|p2