|join|MoxieInfinite
|join|GoodVibes808
|player|p1|MoxieInfinite|249
|player|p2|GoodVibes808|16
|gametype|singles
|gen|6
|tier|OU
|rated
|clearpoke
|poke|p1|Tyranitar, F
|poke|p1|Scizor, M
|poke|p1|Excadrill, F
|poke|p1|Landorus, M
|poke|p1|Rotom-Wash
|poke|p1|Latios, M
|poke|p2|Landorus-Therian, M
|poke|p2|Rotom-Wash
|poke|p2|Bisharp, M, shiny
|poke|p2|Ferrothorn, M
|poke|p2|Venusaur, F
|poke|p2|Latios, M, shiny
|rule|Swagger Clause: Swagger is banned
|rule|Baton Pass Clause: Limit one PokÃ©mon knowing Baton Pass
|rule|Sleep Clause Mod: Limit one foe put to sleep
|rule|Species Clause: Limit one of each PokÃ©mon
|rule|OHKO Clause: OHKO moves are banned
|rule|Moody Clause: Moody is banned
|rule|Evasion Moves Clause: Evasion moves are banned
|rule|Endless Battle Clause: Forcing endless battles is banned
|rule|HP Percentage Mod: HP is shown in percentages
|teampreview
|
|start
|switch|p1a: Latios|Latios, M|302\/302
|switch|p2a: Earthbound|Landorus-Therian, M|320\/320
|-ability|p2a: Earthbound|Intimidate|[of] p1a: Latios
|-unboost|p1a: Latios|atk|1
|turn|1
|
|switch|p1a: Landorus|Landorus, M|319\/319
|move|p2a: Earthbound|U-turn|p1a: Landorus
|-resisted|p1a: Landorus
|-damage|p1a: Landorus|268\/319
|
|switch|p2a: Tumblr|Rotom-Wash|303\/303
|
|turn|2
|
|switch|p1a: Rotom-Wash|Rotom-Wash|304\/304
|move|p2a: Tumblr|Hydro Pump|p1a: Rotom-Wash
|-resisted|p1a: Rotom-Wash
|-damage|p1a: Rotom-Wash|256\/304
|
|-heal|p1a: Rotom-Wash|275\/304|[from] item: Leftovers
|turn|3
|
|move|p1a: Rotom-Wash|Will-O-Wisp|p2a: Tumblr
|-status|p2a: Tumblr|brn
|move|p2a: Tumblr|Will-O-Wisp|p1a: Rotom-Wash
|-status|p1a: Rotom-Wash|brn
|
|-heal|p1a: Rotom-Wash|294\/304 brn|[from] item: Leftovers
|-damage|p2a: Tumblr|266\/303 brn|[from] brn
|-damage|p1a: Rotom-Wash|256\/304 brn|[from] brn
|turn|4
|
|move|p2a: Tumblr|Volt Switch|p1a: Rotom-Wash
|-damage|p1a: Rotom-Wash|192\/304 brn
|
|switch|p2a: Earthbound|Landorus-Therian, M|320\/320
|-ability|p2a: Earthbound|Intimidate|[of] p1a: Rotom-Wash
|-unboost|p1a: Rotom-Wash|atk|1
|move|p1a: Rotom-Wash|Volt Switch|p2a: Earthbound
|-immune|p2a: Earthbound|[msg]
|
|-heal|p1a: Rotom-Wash|211\/304 brn|[from] item: Leftovers
|-damage|p1a: Rotom-Wash|173\/304 brn|[from] brn
|turn|5
|
|move|p2a: Earthbound|U-turn|p1a: Rotom-Wash
|-damage|p1a: Rotom-Wash|90\/304 brn
|
|switch|p2a: Tumblr|Rotom-Wash|266\/303 brn
|move|p1a: Rotom-Wash|Pain Split|p2a: Tumblr
|-sethp|p2a: Tumblr|178\/303 brn|p1a: Rotom-Wash|178\/304 brn|[from] move: Pain Split
|
|-heal|p1a: Rotom-Wash|197\/304 brn|[from] item: Leftovers
|-heal|p2a: Tumblr|196\/303 brn|[from] item: Leftovers
|-damage|p2a: Tumblr|159\/303 brn|[from] brn
|-damage|p1a: Rotom-Wash|159\/304 brn|[from] brn
|turn|6
|
|move|p1a: Rotom-Wash|Volt Switch|p2a: Tumblr
|-damage|p2a: Tumblr|98\/303 brn
|
|switch|p1a: Landorus|Landorus, M|268\/319
|move|p2a: Tumblr|Volt Switch|p1a: Landorus
|-immune|p1a: Landorus|[msg]
|
|-heal|p2a: Tumblr|116\/303 brn|[from] item: Leftovers
|-damage|p2a: Tumblr|79\/303 brn|[from] brn
|turn|7
|
|move|p1a: Landorus|Sludge Wave|p2a: Tumblr
|-damage|p2a: Tumblr|0 fnt
|faint|p2a: Tumblr
|
|
|switch|p2a: Earthbound|Landorus-Therian, M|320\/320
|-ability|p2a: Earthbound|Intimidate|[of] p1a: Landorus
|-unboost|p1a: Landorus|atk|1
|turn|8
|
|switch|p1a: Scizor|Scizor, M|340\/340
|move|p2a: Earthbound|Knock Off|p1a: Scizor
|-damage|p1a: Scizor|260\/340
|
|turn|9
|
|switch|p2a: Venus|Venusaur, F|364\/364
|detailschange|p1a: Scizor|Scizor-Mega, M
|message|Scizor has Mega Evolved into Mega Scizor!
|move|p1a: Scizor|U-turn|p2a: Venus
|-damage|p2a: Venus|189\/364
|
|switch|p1a: Landorus|Landorus, M|268\/319
|
|turn|10
|
|switch|p2a: Earthbound|Landorus-Therian, M|320\/320
|-ability|p2a: Earthbound|Intimidate|[of] p1a: Landorus
|-unboost|p1a: Landorus|atk|1
|move|p1a: Landorus|Earth Power|p2a: Earthbound
|-immune|p2a: Earthbound|[msg]
|
|turn|11
|
|move|p2a: Earthbound|U-turn|p1a: Landorus
|-resisted|p1a: Landorus
|-damage|p1a: Landorus|223\/319
|
|switch|p2a: Eon|Latios, M, shiny|301\/301
|move|p1a: Landorus|Knock Off|p2a: Eon
|-supereffective|p2a: Eon
|-damage|p2a: Eon|90\/301
|-enditem|p2a: Eon|Life Orb|[from] move: Knock Off|[of] p1a: Landorus
|-damage|p1a: Landorus|192\/319|[from] item: Life Orb
|
|turn|12
|
|switch|p1a: Tyranitar|Tyranitar, F|404\/404
|-weather|Sandstorm
|move|p2a: Eon|Draco Meteor|p1a: Tyranitar
|-damage|p1a: Tyranitar|247\/404
|-unboost|p2a: Eon|spa|2
|
|-weather|Sandstorm|[upkeep]
|-damage|p2a: Eon|72\/301|[from] sandstorm
|turn|13
|
|move|p2a: Eon|Earthquake|p1a: Tyranitar
|-supereffective|p1a: Tyranitar
|-damage|p1a: Tyranitar|119\/404
|move|p1a: Tyranitar|Stealth Rock|p2a: Eon
|-sidestart|p2: GoodVibes808|move: Stealth Rock
|
|-weather|Sandstorm|[upkeep]
|-damage|p2a: Eon|54\/301|[from] sandstorm
|turn|14
|
|move|p2a: Eon|Earthquake|p1a: Tyranitar
|-supereffective|p1a: Tyranitar
|-damage|p1a: Tyranitar|0 fnt
|faint|p1a: Tyranitar
|
|-weather|Sandstorm|[upkeep]
|-damage|p2a: Eon|36\/301|[from] sandstorm
|
|switch|p1a: Excadrill|Excadrill, F|362\/362
|turn|15
|
|switch|p2a: Earthbound|Landorus-Therian, M|320\/320
|-damage|p2a: Earthbound|280\/320|[from] Stealth Rock
|-ability|p2a: Earthbound|Intimidate|[of] p1a: Excadrill
|-unboost|p1a: Excadrill|atk|1
|move|p1a: Excadrill|Iron Head|p2a: Earthbound
|-damage|p2a: Earthbound|116\/320
|-damage|p1a: Excadrill|326\/362|[from] item: Life Orb
|
|-weather|Sandstorm|[upkeep]
|turn|16
|
|switch|p2a: Tenpin|Ferrothorn, M|351\/351
|-damage|p2a: Tenpin|330\/351|[from] Stealth Rock
|move|p1a: Excadrill|Iron Head|p2a: Tenpin
|-resisted|p2a: Tenpin
|-damage|p2a: Tenpin|279\/351
|-damage|p1a: Excadrill|281\/362|[from] ability: Iron Barbs|[of] p2a: Tenpin
|-damage|p1a: Excadrill|245\/362|[from] item: Life Orb
|
|-weather|Sandstorm|[upkeep]
|-heal|p2a: Tenpin|300\/351|[from] item: Leftovers
|turn|17
|
|move|p1a: Excadrill|Swords Dance|p1a: Excadrill
|-boost|p1a: Excadrill|atk|2
|move|p2a: Tenpin|Leech Seed|p1a: Excadrill
|-start|p1a: Excadrill|move: Leech Seed
|
|-weather|Sandstorm|[upkeep]
|-heal|p2a: Tenpin|321\/351|[from] item: Leftovers
|-damage|p1a: Excadrill|200\/362|[from] Leech Seed|[of] p2a: Tenpin
|-heal|p2a: Tenpin|351\/351|[silent]
|turn|18
|
|move|p1a: Excadrill|Earthquake|p2a: Tenpin
|-damage|p2a: Tenpin|69\/351
|-damage|p1a: Excadrill|164\/362|[from] item: Life Orb
|move|p2a: Tenpin|Gyro Ball|p1a: Excadrill
|-crit|p1a: Excadrill
|-resisted|p1a: Excadrill
|-damage|p1a: Excadrill|0 fnt
|faint|p1a: Excadrill
|
|-weather|Sandstorm|[upkeep]
|-heal|p2a: Tenpin|90\/351|[from] item: Leftovers
|
|switch|p1a: Landorus|Landorus, M|192\/319
|turn|19
|
|move|p2a: Tenpin|Protect|p2a: Tenpin
|-singleturn|p2a: Tenpin|Protect
|move|p1a: Landorus|Focus Blast|p2a: Tenpin
|-activate|p2a: Tenpin|Protect
|
|-weather|none
|-heal|p2a: Tenpin|111\/351|[from] item: Leftovers
|turn|20
|
|move|p1a: Landorus|Earth Power|p2a: Tenpin
|-damage|p2a: Tenpin|0 fnt
|faint|p2a: Tenpin
|
|
|switch|p2a: Earthbound|Landorus-Therian, M|116\/320
|-damage|p2a: Earthbound|76\/320|[from] Stealth Rock
|-ability|p2a: Earthbound|Intimidate|[of] p1a: Landorus
|-unboost|p1a: Landorus|atk|1
|turn|21
|
|switch|p1a: Scizor|Scizor-Mega, M|260\/340
|move|p2a: Earthbound|Knock Off|p1a: Scizor
|-damage|p1a: Scizor|193\/340
|
|turn|22
|
|switch|p2a: Eon|Latios, M, shiny|36\/301
|-damage|p2a: Eon|0 fnt|[from] Stealth Rock
|faint|p2a: Eon
|move|p1a: Scizor|Roost|p1a: Scizor
|-heal|p1a: Scizor|340\/340
|
|
|switch|p2a: Venus|Venusaur, F|189\/364
|-damage|p2a: Venus|144\/364|[from] Stealth Rock
|turn|23
|
|detailschange|p2a: Venus|Venusaur-Mega, F
|message|Venusaur has Mega Evolved into Mega Venusaur!
|move|p2a: Venus|Hidden Power|p1a: Scizor
|-supereffective|p1a: Scizor
|-damage|p1a: Scizor|20\/340
|move|p1a: Scizor|U-turn|p2a: Venus
|-damage|p2a: Venus|5\/364
|
|switch|p1a: Landorus|Landorus, M|192\/319
|
|turn|24
|
|move|p1a: Landorus|Earth Power|p2a: Venus
|-damage|p2a: Venus|0 fnt
|faint|p2a: Venus
|
|
|switch|p2a: Earthbound|Landorus-Therian, M|76\/320
|-damage|p2a: Earthbound|36\/320|[from] Stealth Rock
|-ability|p2a: Earthbound|Intimidate|[of] p1a: Landorus
|-unboost|p1a: Landorus|atk|1
|turn|25
|
|move|p2a: Earthbound|Knock Off|p1a: Landorus
|-damage|p1a: Landorus|52\/319
|-enditem|p1a: Landorus|Life Orb|[from] move: Knock Off|[of] p2a: Earthbound
|move|p1a: Landorus|Focus Blast|p2a: Earthbound
|-resisted|p2a: Earthbound
|-damage|p2a: Earthbound|0 fnt
|faint|p2a: Earthbound
|
|
|switch|p2a: Cardinal|Bisharp, M, shiny|284\/284
|-damage|p2a: Cardinal|267\/284|[from] Stealth Rock
|turn|26
|
|move|p2a: Cardinal|Sucker Punch|p1a: Landorus
|-crit|p1a: Landorus
|-damage|p1a: Landorus|0 fnt
|faint|p1a: Landorus
|
|-heal|p2a: Cardinal|284\/284|[from] item: Leftovers
|
|switch|p1a: Rotom-Wash|Rotom-Wash|159\/304 brn
|turn|27
|
|move|p2a: Cardinal|Swords Dance|p2a: Cardinal
|-boost|p2a: Cardinal|atk|2
|move|p1a: Rotom-Wash|Will-O-Wisp|p2a: Cardinal
|-status|p2a: Cardinal|brn
|
|-heal|p1a: Rotom-Wash|178\/304 brn|[from] item: Leftovers
|-damage|p2a: Cardinal|249\/284 brn|[from] brn
|-damage|p1a: Rotom-Wash|140\/304 brn|[from] brn
|turn|28
|
|move|p2a: Cardinal|Swords Dance|p2a: Cardinal
|-boost|p2a: Cardinal|atk|2
|move|p1a: Rotom-Wash|Hydro Pump|p2a: Cardinal
|-damage|p2a: Cardinal|57\/284 brn
|
|-heal|p2a: Cardinal|74\/284 brn|[from] item: Leftovers
|-heal|p1a: Rotom-Wash|159\/304 brn|[from] item: Leftovers
|-damage|p2a: Cardinal|39\/284 brn|[from] brn
|-damage|p1a: Rotom-Wash|121\/304 brn|[from] brn
|turn|29
|
|move|p2a: Cardinal|Knock Off|p1a: Rotom-Wash
|-damage|p1a: Rotom-Wash|0 fnt
|-enditem|p1a: Rotom-Wash|Leftovers|[from] move: Knock Off|[of] p2a: Cardinal
|faint|p1a: Rotom-Wash
|
|-heal|p2a: Cardinal|56\/284 brn|[from] item: Leftovers
|-damage|p2a: Cardinal|21\/284 brn|[from] brn
|c|âGoodVibes808|gg
|
|switch|p1a: Latios|Latios, M|302\/302
|turn|30
|
|move|p1a: Latios|Defog|p2a: Cardinal
|-unboost|p2a: Cardinal|evasion|1
|-boost|p2a: Cardinal|atk|2|[from] ability: Defiant
|-sideend|p2: GoodVibes808|Stealth Rock|[from] move: Defog|[of] p2a: Cardinal
|move|p2a: Cardinal|Knock Off|p1a: Latios
|-supereffective|p1a: Latios
|-damage|p1a: Latios|0 fnt
|-enditem|p1a: Latios|Life Orb|[from] move: Knock Off|[of] p2a: Cardinal
|faint|p1a: Latios
|
|-heal|p2a: Cardinal|38\/284 brn|[from] item: Leftovers
|-damage|p2a: Cardinal|3\/284 brn|[from] brn
|
|switch|p1a: Scizor|Scizor-Mega, M|20\/340
|turn|31
|
|move|p2a: Cardinal|Sucker Punch|p1a: Scizor
|-damage|p1a: Scizor|0 fnt
|faint|p1a: Scizor
|
|win|GoodVibes808
|raw|Ladder updating...
|raw|MoxieInfinite's rating: 1748 &rarr; <strong>1724<\/strong><br \/>(-24 for losing)
|raw|GoodVibes808's rating: 1674 &rarr; <strong>1698<\/strong><br \/>(+24 for winning)
|c|âGoodVibes808|ohhhhh
|leave|MoxieInfinite
|player|p1