|join|Patodragon.v2
|join|GoodVibes808
|player|p1|Patodragon.v2|1
|player|p2|GoodVibes808|244
|gametype|singles
|gen|6
|tier|OU
|rated
|clearpoke
|poke|p1|Lopunny, F
|poke|p1|Skarmory, M
|poke|p1|Breloom, F
|poke|p1|Azumarill, M
|poke|p1|Bisharp, F
|poke|p1|Gengar, M
|poke|p2|Landorus-Therian, M
|poke|p2|Zapdos, shiny
|poke|p2|Metagross, shiny
|poke|p2|Ferrothorn, M
|poke|p2|Bisharp, M, shiny
|poke|p2|Amoonguss, M, shiny
|rule|Swagger Clause: Swagger is banned
|rule|Baton Pass Clause: Limit one PokÃ©mon knowing Baton Pass
|rule|Sleep Clause Mod: Limit one foe put to sleep
|rule|Species Clause: Limit one of each PokÃ©mon
|rule|OHKO Clause: OHKO moves are banned
|rule|Moody Clause: Moody is banned
|rule|Evasion Moves Clause: Evasion moves are banned
|rule|Endless Battle Clause: Forcing endless battles is banned
|rule|HP Percentage Mod: HP is shown in percentages
|teampreview
|
|start
|switch|p1a: Skarmory|Skarmory, M|271\/271
|switch|p2a: Earthbound|Landorus-Therian, M|319\/319
|-ability|p2a: Earthbound|Intimidate|[of] p1a: Skarmory
|-unboost|p1a: Skarmory|atk|1
|turn|1
|c|âGoodVibes808|urgh i didn't mean to click look for battle
|
|move|p2a: Earthbound|Knock Off|p1a: Skarmory
|-damage|p1a: Skarmory|180\/271
|-enditem|p1a: Skarmory|Salac Berry|[from] move: Knock Off|[of] p2a: Earthbound
|move|p1a: Skarmory|Stealth Rock|p2a: Earthbound
|-sidestart|p2: GoodVibes808|move: Stealth Rock
|
|turn|2
|
|switch|p2a: Raiton|Zapdos, shiny|384\/384
|-damage|p2a: Raiton|288\/384|[from] Stealth Rock
|-ability|p2a: Raiton|Pressure
|move|p1a: Skarmory|Spikes|p2a: Raiton
|-sidestart|p2: GoodVibes808|Spikes
|
|turn|3
|
|move|p1a: Skarmory|Taunt|p2a: Raiton
|-start|p2a: Raiton|move: Taunt
|cant|p2a: Raiton|move: Taunt|Roost
|
|turn|4
|
|move|p1a: Skarmory|Spikes|p2a: Raiton
|-sidestart|p2: GoodVibes808|Spikes
|move|p2a: Raiton|Heat Wave|p1a: Skarmory
|-supereffective|p1a: Skarmory
|-damage|p1a: Skarmory|0 fnt
|faint|p1a: Skarmory
|
|c|âGoodVibes808|whoa
|
|switch|p1a: Gengar|Gengar, M|261\/261
|turn|5
|
|switch|p2a: Earthbound|Landorus-Therian, M|319\/319
|-damage|p2a: Earthbound|280\/319|[from] Stealth Rock
|-ability|p2a: Earthbound|Intimidate|[of] p1a: Gengar
|-unboost|p1a: Gengar|atk|1
|move|p1a: Gengar|Shadow Ball|p2a: Earthbound
|-damage|p2a: Earthbound|72\/319
|-damage|p1a: Gengar|235\/261|[from] item: Life Orb
|
|turn|6
|
|move|p2a: Earthbound|Knock Off|p1a: Gengar
|-supereffective|p1a: Gengar
|-damage|p1a: Gengar|0 fnt
|-enditem|p1a: Gengar|Life Orb|[from] move: Knock Off|[of] p2a: Earthbound
|faint|p1a: Gengar
|
|c|âPatodragon.v2|shite
|
|switch|p1a: Azumarill|Azumarill, M|358\/358
|turn|7
|
|move|p2a: Earthbound|Knock Off|p1a: Azumarill
|-resisted|p1a: Azumarill
|-damage|p1a: Azumarill|290\/358
|-enditem|p1a: Azumarill|Sitrus Berry|[from] move: Knock Off|[of] p2a: Earthbound
|move|p1a: Azumarill|Belly Drum|p1a: Azumarill
|-damage|p1a: Azumarill|111\/358
|-setboost|p1a: Azumarill|atk|6|[from] move: Belly Drum
|
|turn|8
|
|move|p1a: Azumarill|Aqua Jet|p2a: Earthbound
|-supereffective|p2a: Earthbound
|-damage|p2a: Earthbound|0 fnt
|faint|p2a: Earthbound
|
|
|switch|p2a: Adamantium|Metagross, shiny|301\/301
|-damage|p2a: Adamantium|251\/301|[from] Spikes
|-damage|p2a: Adamantium|233\/301|[from] Stealth Rock
|turn|9
|
|detailschange|p2a: Adamantium|Metagross-Mega, shiny
|-mega|p2a: Adamantium|Metagross|Metagrossite
|move|p2a: Adamantium|Bullet Punch|p1a: Azumarill
|-damage|p1a: Azumarill|0 fnt
|faint|p1a: Azumarill
|
|
|switch|p1a: Bisharp|Bisharp, F|272\/272
|turn|10
|
|switch|p2a: Tenpin|Ferrothorn, M|351\/351
|-damage|p2a: Tenpin|293\/351|[from] Spikes
|-damage|p2a: Tenpin|272\/351|[from] Stealth Rock
|move|p1a: Bisharp|Sucker Punch|p2a: Tenpin
|-fail|p2a: Tenpin
|
|-heal|p2a: Tenpin|293\/351|[from] item: Leftovers
|turn|11
|
|move|p1a: Bisharp|Swords Dance|p1a: Bisharp
|-boost|p1a: Bisharp|atk|2
|move|p2a: Tenpin|Leech Seed|p1a: Bisharp
|-start|p1a: Bisharp|move: Leech Seed
|
|-heal|p2a: Tenpin|314\/351|[from] item: Leftovers
|-damage|p1a: Bisharp|238\/272|[from] Leech Seed|[of] p2a: Tenpin
|-heal|p2a: Tenpin|348\/351|[silent]
|turn|12
|
|move|p1a: Bisharp|Swords Dance|p1a: Bisharp
|-boost|p1a: Bisharp|atk|2
|move|p2a: Tenpin|Gyro Ball|p1a: Bisharp
|-resisted|p1a: Bisharp
|-damage|p1a: Bisharp|162\/272
|
|-heal|p2a: Tenpin|351\/351|[from] item: Leftovers
|-damage|p1a: Bisharp|128\/272|[from] Leech Seed|[of] p2a: Tenpin
|turn|13
|
|move|p2a: Tenpin|Protect|p2a: Tenpin
|-singleturn|p2a: Tenpin|Protect
|move|p1a: Bisharp|Knock Off|p2a: Tenpin
|-activate|p2a: Tenpin|Protect
|
|-damage|p1a: Bisharp|94\/272|[from] Leech Seed|[of] p2a: Tenpin
|turn|14
|
|move|p1a: Bisharp|Knock Off|p2a: Tenpin
|-damage|p2a: Tenpin|0 fnt
|-damage|p1a: Bisharp|60\/272|[from] ability: Iron Barbs|[of] p2a: Tenpin
|-enditem|p2a: Tenpin|Leftovers|[from] move: Knock Off|[of] p1a: Bisharp
|-damage|p1a: Bisharp|33\/272|[from] item: Life Orb
|faint|p2a: Tenpin
|
|
|switch|p2a: Adamantium|Metagross-Mega, shiny|233\/301
|-damage|p2a: Adamantium|183\/301|[from] Spikes
|-damage|p2a: Adamantium|165\/301|[from] Stealth Rock
|turn|15
|
|move|p2a: Adamantium|Bullet Punch|p1a: Bisharp
|-resisted|p1a: Bisharp
|-damage|p1a: Bisharp|0 fnt
|faint|p1a: Bisharp
|
|
|switch|p1a: Breloom|Breloom, F|261\/261
|turn|16
|
|move|p2a: Adamantium|Zen Headbutt|p1a: Breloom
|-supereffective|p1a: Breloom
|-enditem|p1a: Breloom|Focus Sash
|-damage|p1a: Breloom|1\/261
|move|p1a: Breloom|Spore|p2a: Adamantium
|-status|p2a: Adamantium|slp
|
|turn|17
|
|switch|p2a: Raiton|Zapdos, shiny|288\/384
|-damage|p2a: Raiton|192\/384|[from] Stealth Rock
|-ability|p2a: Raiton|Pressure
|move|p1a: Breloom|Rock Tomb|p2a: Raiton
|-supereffective|p2a: Raiton
|-damage|p2a: Raiton|0 fnt
|faint|p2a: Raiton
|
|
|switch|p2a: Portobello|Amoonguss, M, shiny|432\/432
|-damage|p2a: Portobello|360\/432|[from] Spikes
|-damage|p2a: Portobello|306\/432|[from] Stealth Rock
|turn|18
|
|move|p1a: Breloom|Rock Tomb|p2a: Portobello|[miss]
|-miss|p1a: Breloom|p2a: Portobello
|move|p2a: Portobello|Giga Drain|p1a: Breloom
|-resisted|p1a: Breloom
|-damage|p1a: Breloom|0 fnt
|-heal|p2a: Portobello|307\/432|[from] drain|[of] p1a: Breloom
|faint|p1a: Breloom
|
|-heal|p2a: Portobello|334\/432|[from] item: Black Sludge
|
|switch|p1a: Lopunny|Lopunny, F|271\/271
|turn|19
|
|detailschange|p1a: Lopunny|Lopunny-Mega, F
|-mega|p1a: Lopunny|Lopunny|Lopunnite
|move|p1a: Lopunny|Fake Out|p2a: Portobello
|-damage|p2a: Portobello|252\/432
|cant|p2a: Portobello|flinch
|
|-heal|p2a: Portobello|279\/432|[from] item: Black Sludge
|turn|20
|
|move|p1a: Lopunny|Ice Punch|p2a: Portobello
|-supereffective|p2a: Portobello
|-damage|p2a: Portobello|89\/432
|move|p2a: Portobello|Spore|p1a: Lopunny
|-status|p1a: Lopunny|slp
|
|-heal|p2a: Portobello|116\/432|[from] item: Black Sludge
|turn|21
|
|switch|p2a: Cardinal|Bisharp, M, shiny|272\/272
|-damage|p2a: Cardinal|227\/272|[from] Spikes
|-damage|p2a: Cardinal|210\/272|[from] Stealth Rock
|cant|p1a: Lopunny|slp
|
|turn|22
|
|cant|p1a: Lopunny|slp
|move|p2a: Cardinal|Iron Head|p1a: Lopunny
|-damage|p1a: Lopunny|59\/271 slp
|-damage|p2a: Cardinal|183\/272|[from] item: Life Orb
|
|turn|23
|
|move|p2a: Cardinal|Sucker Punch|p1a: Lopunny
|-resisted|p1a: Lopunny
|-damage|p1a: Lopunny|0 fnt
|-damage|p2a: Cardinal|156\/272|[from] item: Life Orb
|faint|p1a: Lopunny
|
|win|GoodVibes808
|raw|Ladder updating...
|raw|Patodragon.v2's rating: 1714 &rarr; <strong>1686<\/strong><br \/>(-28 for losing)
|raw|GoodVibes808's rating: 1579 &rarr; <strong>1607<\/strong><br \/>(+28 for winning)
|c|âGoodVibes808|gg sire
|leave|Patodragon.v2
|player|p1
|c|âGoodVibes808|whoa