|join|GoodVibes808
|join|lkcnfkdnkgjd
|player|p1|GoodVibes808|244
|player|p2|lkcnfkdnkgjd|102
|gametype|singles
|gen|6
|tier|OU (suspect test)
|rated
|clearpoke
|poke|p1|Landorus-Therian, M
|poke|p1|Manectric, M, shiny
|poke|p1|Skarmory, M
|poke|p1|Clefable, F
|poke|p1|Keldeo
|poke|p1|Latios, M, shiny
|poke|p2|Garchomp, F
|poke|p2|Venusaur, M
|poke|p2|Mew
|poke|p2|Skarmory, F
|poke|p2|Sylveon, M
|poke|p2|Mamoswine, M
|rule|Swagger Clause: Swagger is banned
|rule|Baton Pass Clause: Limit one PokÃ©mon knowing Baton Pass
|rule|Sleep Clause Mod: Limit one foe put to sleep
|rule|Species Clause: Limit one of each PokÃ©mon
|rule|OHKO Clause: OHKO moves are banned
|rule|Moody Clause: Moody is banned
|rule|Evasion Moves Clause: Evasion moves are banned
|rule|Endless Battle Clause: Forcing endless battles is banned
|rule|HP Percentage Mod: HP is shown in percentages
|teampreview
|
|start
|switch|p1a: Bladewing|Skarmory, M|327\/327
|switch|p2a: Skarmory|Skarmory, F|334\/334
|turn|1
|
|move|p2a: Skarmory|Stealth Rock|p1a: Bladewing
|-sidestart|p1: GoodVibes808|move: Stealth Rock
|move|p1a: Bladewing|Whirlwind|p2a: Skarmory
|drag|p2a: Mew|Mew|342\/342
|
|turn|2
|
|move|p2a: Mew|Flamethrower|p1a: Bladewing
|-supereffective|p1a: Bladewing
|-damage|p1a: Bladewing|18\/327
|-damage|p2a: Mew|308\/342|[from] item: Life Orb
|move|p1a: Bladewing|Stealth Rock|p2a: Mew
|-sidestart|p2: lkcnfkdnkgjd|move: Stealth Rock
|
|-heal|p1a: Bladewing|38\/327|[from] item: Leftovers
|turn|3
|
|switch|p1a: Kira-Kira|Clefable, F|394\/394
|move|p2a: Mew|Psychic|p1a: Kira-Kira
|-damage|p1a: Kira-Kira|234\/394
|-damage|p2a: Mew|274\/342|[from] item: Life Orb
|
|-heal|p1a: Kira-Kira|258\/394|[from] item: Leftovers
|turn|4
|
|switch|p2a: Venusaur|Venusaur, M|364\/364
|-damage|p2a: Venusaur|319\/364|[from] Stealth Rock
|move|p1a: Kira-Kira|Calm Mind|p1a: Kira-Kira
|-boost|p1a: Kira-Kira|spa|1
|-boost|p1a: Kira-Kira|spd|1
|
|-heal|p1a: Kira-Kira|282\/394|[from] item: Leftovers
|turn|5
|
|detailschange|p2a: Venusaur|Venusaur-Mega, M
|-mega|p2a: Venusaur|Venusaur|Venusaurite
|move|p2a: Venusaur|Sludge Bomb|p1a: Kira-Kira
|-supereffective|p1a: Kira-Kira
|-damage|p1a: Kira-Kira|130\/394
|move|p1a: Kira-Kira|Flamethrower|p2a: Venusaur
|-supereffective|p2a: Venusaur
|-damage|p2a: Venusaur|253\/364
|
|-heal|p1a: Kira-Kira|154\/394|[from] item: Leftovers
|turn|6
|
|move|p2a: Venusaur|Sludge Bomb|p1a: Kira-Kira
|-supereffective|p1a: Kira-Kira
|-damage|p1a: Kira-Kira|2\/394
|-status|p1a: Kira-Kira|psn
|move|p1a: Kira-Kira|Soft-Boiled|p1a: Kira-Kira
|-heal|p1a: Kira-Kira|199\/394 psn
|
|-heal|p1a: Kira-Kira|223\/394 psn|[from] item: Leftovers
|turn|7
|
|move|p2a: Venusaur|Sludge Bomb|p1a: Kira-Kira
|-supereffective|p1a: Kira-Kira
|-damage|p1a: Kira-Kira|77\/394 psn
|move|p1a: Kira-Kira|Soft-Boiled|p1a: Kira-Kira
|-heal|p1a: Kira-Kira|274\/394 psn
|
|-heal|p1a: Kira-Kira|298\/394 psn|[from] item: Leftovers
|turn|8
|
|move|p2a: Venusaur|Sludge Bomb|p1a: Kira-Kira
|-supereffective|p1a: Kira-Kira
|-damage|p1a: Kira-Kira|140\/394 psn
|move|p1a: Kira-Kira|Calm Mind|p1a: Kira-Kira
|-boost|p1a: Kira-Kira|spa|1
|-boost|p1a: Kira-Kira|spd|1
|
|-heal|p1a: Kira-Kira|164\/394 psn|[from] item: Leftovers
|turn|9
|
|move|p2a: Venusaur|Sludge Bomb|p1a: Kira-Kira
|-supereffective|p1a: Kira-Kira
|-damage|p1a: Kira-Kira|42\/394 psn
|move|p1a: Kira-Kira|Soft-Boiled|p1a: Kira-Kira
|-heal|p1a: Kira-Kira|239\/394 psn
|
|-heal|p1a: Kira-Kira|263\/394 psn|[from] item: Leftovers
|turn|10
|
|switch|p2a: Skarmory|Skarmory, F|334\/334
|-damage|p2a: Skarmory|293\/334|[from] Stealth Rock
|move|p1a: Kira-Kira|Soft-Boiled|p1a: Kira-Kira
|-heal|p1a: Kira-Kira|394\/394 psn
|
|-heal|p2a: Skarmory|313\/334|[from] item: Leftovers
|turn|11
|
|move|p1a: Kira-Kira|Flamethrower|p2a: Skarmory
|-supereffective|p2a: Skarmory
|-damage|p2a: Skarmory|0 fnt
|faint|p2a: Skarmory
|
|-message|lkcnfkdnkgjd forfeited.
|
|win|GoodVibes808
|raw|Ladder updating...
|leave|lkcnfkdnkgjd
|player|p2
|raw|GoodVibes808's rating: 1045 &rarr; <strong>1080<\/strong><br \/>(+35 for winning)
|raw|lkcnfkdnkgjd's rating: 1061 &rarr; <strong>1041<\/strong><br \/>(-20 for losing)