|join|gumi is life
|join|GoodVibes808
|player|p1|gumi is life|82
|player|p2|GoodVibes808|244
|gametype|singles
|gen|6
|tier|OU (suspect test)
|rated
|clearpoke
|poke|p1|Diggersby, F, shiny
|poke|p1|Chandelure, M, shiny
|poke|p1|Lanturn, M
|poke|p1|Skarmory, M
|poke|p1|Heracross, M
|poke|p1|Clefable, F
|poke|p2|Landorus-Therian, M
|poke|p2|Zapdos, shiny
|poke|p2|Ferrothorn, M
|poke|p2|Clefable, F
|poke|p2|Venusaur, F
|poke|p2|Azumarill, F
|rule|Swagger Clause: Swagger is banned
|rule|Baton Pass Clause: Limit one PokÃ©mon knowing Baton Pass
|rule|Sleep Clause Mod: Limit one foe put to sleep
|rule|Species Clause: Limit one of each PokÃ©mon
|rule|OHKO Clause: OHKO moves are banned
|rule|Moody Clause: Moody is banned
|rule|Evasion Moves Clause: Evasion moves are banned
|rule|Endless Battle Clause: Forcing endless battles is banned
|rule|HP Percentage Mod: HP is shown in percentages
|teampreview
|
|start
|switch|p1a: Heracross|Heracross, M|324\/324
|switch|p2a: Earthbound|Landorus-Therian, M|319\/319
|-ability|p2a: Earthbound|Intimidate|[of] p1a: Heracross
|-unboost|p1a: Heracross|atk|1
|turn|1
|
|detailschange|p1a: Heracross|Heracross-Mega, M
|-mega|p1a: Heracross|Heracross|Heracronite
|move|p2a: Earthbound|U-turn|p1a: Heracross
|-resisted|p1a: Heracross
|-damage|p1a: Heracross|286\/324
|
|switch|p2a: Tenpin|Ferrothorn, M|351\/351
|move|p1a: Heracross|Rock Blast|p2a: Tenpin
|-resisted|p2a: Tenpin
|-damage|p2a: Tenpin|341\/351
|-resisted|p2a: Tenpin
|-damage|p2a: Tenpin|332\/351
|-resisted|p2a: Tenpin
|-damage|p2a: Tenpin|321\/351
|-crit|p2a: Tenpin
|-resisted|p2a: Tenpin
|-damage|p2a: Tenpin|299\/351
|-resisted|p2a: Tenpin
|-damage|p2a: Tenpin|290\/351
|-hitcount|p2a: Tenpin|5
|
|-heal|p2a: Tenpin|311\/351|[from] item: Leftovers
|turn|2
|
|move|p1a: Heracross|Close Combat|p2a: Tenpin
|-supereffective|p2a: Tenpin
|-damage|p2a: Tenpin|29\/351
|-damage|p1a: Heracross|246\/324|[from] ability: Iron Barbs|[of] p2a: Tenpin
|-unboost|p1a: Heracross|def|1
|-unboost|p1a: Heracross|spd|1
|move|p2a: Tenpin|Leech Seed|p1a: Heracross
|-start|p1a: Heracross|move: Leech Seed
|
|-heal|p2a: Tenpin|50\/351|[from] item: Leftovers
|-damage|p1a: Heracross|206\/324|[from] Leech Seed|[of] p2a: Tenpin
|-heal|p2a: Tenpin|90\/351|[silent]
|turn|3
|
|switch|p1a: Diggersby|Diggersby, F, shiny|373\/373
|move|p2a: Tenpin|Protect|p2a: Tenpin
|-fail|p2a: Tenpin
|
|-heal|p2a: Tenpin|111\/351|[from] item: Leftovers
|turn|4
|
|switch|p2a: Earthbound|Landorus-Therian, M|319\/319
|-ability|p2a: Earthbound|Intimidate|[of] p1a: Diggersby
|-unboost|p1a: Diggersby|atk|1
|move|p1a: Diggersby|U-turn|p2a: Earthbound
|-resisted|p2a: Earthbound
|-damage|p2a: Earthbound|265\/319
|
|switch|p1a: Skarmory|Skarmory, M|271\/271
|
|turn|5
|
|move|p2a: Earthbound|Knock Off|p1a: Skarmory
|-damage|p1a: Skarmory|199\/271
|-enditem|p1a: Skarmory|Shed Shell|[from] move: Knock Off|[of] p2a: Earthbound
|move|p1a: Skarmory|Whirlwind|p2a: Earthbound
|drag|p2a: Hayashi|Venusaur, F|364\/364
|
|turn|6
|
|detailschange|p2a: Hayashi|Venusaur-Mega, F
|-mega|p2a: Hayashi|Venusaur|Venusaurite
|move|p2a: Hayashi|Sleep Powder|p1a: Skarmory
|-status|p1a: Skarmory|slp
|cant|p1a: Skarmory|slp
|
|turn|7
|
|move|p2a: Hayashi|Leech Seed|p1a: Skarmory
|-start|p1a: Skarmory|move: Leech Seed
|-curestatus|p1a: Skarmory|slp
|move|p1a: Skarmory|Brave Bird|p2a: Hayashi
|-supereffective|p2a: Hayashi
|-damage|p2a: Hayashi|158\/364
|-damage|p1a: Skarmory|131\/271|[from] recoil|[of] p2a: Hayashi
|
|-damage|p1a: Skarmory|98\/271|[from] Leech Seed|[of] p2a: Hayashi
|-heal|p2a: Hayashi|191\/364|[silent]
|turn|8
|
|move|p2a: Hayashi|Sleep Powder|p1a: Skarmory
|-status|p1a: Skarmory|slp
|cant|p1a: Skarmory|slp
|
|-damage|p1a: Skarmory|65\/271 slp|[from] Leech Seed|[of] p2a: Hayashi
|-heal|p2a: Hayashi|224\/364|[silent]
|turn|9
|
|switch|p1a: Heracross|Heracross-Mega, M|206\/324
|move|p2a: Hayashi|Giga Drain|p1a: Heracross
|-resisted|p1a: Heracross
|-damage|p1a: Heracross|140\/324
|-heal|p2a: Hayashi|257\/364|[from] drain|[of] p1a: Heracross
|
|turn|10
|
|move|p1a: Heracross|Pin Missile|p2a: Hayashi
|-crit|p2a: Hayashi
|-damage|p2a: Hayashi|170\/364
|-damage|p2a: Hayashi|112\/364
|-damage|p2a: Hayashi|60\/364
|-damage|p2a: Hayashi|3\/364
|-damage|p2a: Hayashi|0 fnt
|-hitcount|p2a: Hayashi|5
|faint|p2a: Hayashi
|
|
|switch|p2a: Mavis|Clefable, F|394\/394
|turn|11
|
|switch|p1a: Lanturn|Lanturn, M|454\/454
|move|p2a: Mavis|Moonblast|p1a: Lanturn
|-damage|p1a: Lanturn|334\/454
|-unboost|p1a: Lanturn|spa|1
|
|-heal|p1a: Lanturn|362\/454|[from] item: Leftovers
|turn|12
|
|switch|p2a: Tenpin|Ferrothorn, M|111\/351
|move|p1a: Lanturn|Scald|p2a: Tenpin
|-resisted|p2a: Tenpin
|-damage|p2a: Tenpin|92\/351
|-status|p2a: Tenpin|brn
|
|-heal|p1a: Lanturn|390\/454|[from] item: Leftovers
|-heal|p2a: Tenpin|113\/351 brn|[from] item: Leftovers
|-damage|p2a: Tenpin|70\/351 brn|[from] brn
|turn|13
|
|move|p1a: Lanturn|Volt Switch|p2a: Tenpin
|-resisted|p2a: Tenpin
|-damage|p2a: Tenpin|55\/351 brn
|
|switch|p1a: Skarmory|Skarmory, M|65\/271 slp
|move|p2a: Tenpin|Stealth Rock|p1a: Skarmory
|-sidestart|p1: gumi is life|move: Stealth Rock
|
|-heal|p2a: Tenpin|76\/351 brn|[from] item: Leftovers
|-damage|p2a: Tenpin|33\/351 brn|[from] brn
|turn|14
|
|cant|p1a: Skarmory|slp
|move|p2a: Tenpin|Leech Seed|p1a: Skarmory
|-start|p1a: Skarmory|move: Leech Seed
|
|-heal|p2a: Tenpin|54\/351 brn|[from] item: Leftovers
|-damage|p1a: Skarmory|32\/271 slp|[from] Leech Seed|[of] p2a: Tenpin
|-heal|p2a: Tenpin|87\/351 brn|[silent]
|-damage|p2a: Tenpin|44\/351 brn|[from] brn
|turn|15
|
|switch|p2a: Cobalt|Azumarill, F|404\/404
|cant|p1a: Skarmory|slp
|
|-damage|p1a: Skarmory|0 fnt|[from] Leech Seed|[of] p2a: Cobalt
|faint|p1a: Skarmory
|
|switch|p1a: Heracross|Heracross-Mega, M|140\/324
|-damage|p1a: Heracross|100\/324|[from] Stealth Rock
|turn|16
|
|move|p2a: Cobalt|Aqua Jet|p1a: Heracross
|-damage|p1a: Heracross|0 fnt
|faint|p1a: Heracross
|
|
|switch|p1a: Lanturn|Lanturn, M|390\/454
|-damage|p1a: Lanturn|334\/454|[from] Stealth Rock
|turn|17
|
|switch|p2a: Mavis|Clefable, F|394\/394
|move|p1a: Lanturn|Volt Switch|p2a: Mavis
|-crit|p2a: Mavis
|-damage|p2a: Mavis|300\/394
|
|switch|p1a: Chandelure|Chandelure, M, shiny|261\/261
|-damage|p1a: Chandelure|196\/261|[from] Stealth Rock
|
|-heal|p2a: Mavis|324\/394|[from] item: Leftovers
|turn|18
|
|move|p1a: Chandelure|Overheat|p2a: Mavis
|-damage|p2a: Mavis|89\/394
|-unboost|p1a: Chandelure|spa|2
|move|p2a: Mavis|Soft-Boiled|p2a: Mavis
|-heal|p2a: Mavis|286\/394
|
|-heal|p2a: Mavis|310\/394|[from] item: Leftovers
|turn|19
|
|switch|p1a: Diggersby|Diggersby, F, shiny|373\/373
|-damage|p1a: Diggersby|350\/373|[from] Stealth Rock
|move|p2a: Mavis|Calm Mind|p2a: Mavis
|-boost|p2a: Mavis|spa|1
|-boost|p2a: Mavis|spd|1
|
|-heal|p2a: Mavis|334\/394|[from] item: Leftovers
|turn|20
|
|move|p1a: Diggersby|Return|p2a: Mavis
|-damage|p2a: Mavis|0 fnt
|faint|p2a: Mavis
|
|
|switch|p2a: Tenpin|Ferrothorn, M|44\/351 brn
|turn|21
|
|move|p1a: Diggersby|Return|p2a: Tenpin
|-resisted|p2a: Tenpin
|-damage|p2a: Tenpin|0 fnt
|-damage|p1a: Diggersby|304\/373|[from] ability: Iron Barbs|[of] p2a: Tenpin
|faint|p2a: Tenpin
|
|
|switch|p2a: Earthbound|Landorus-Therian, M|265\/319
|-ability|p2a: Earthbound|Intimidate|[of] p1a: Diggersby
|-unboost|p1a: Diggersby|atk|1
|turn|22
|
|move|p2a: Earthbound|Knock Off|p1a: Diggersby
|-damage|p1a: Diggersby|145\/373
|-enditem|p1a: Diggersby|Choice Band|[from] move: Knock Off|[of] p2a: Earthbound
|move|p1a: Diggersby|Return|p2a: Earthbound
|-damage|p2a: Earthbound|90\/319
|
|turn|23
|
|switch|p2a: Raikage|Zapdos, shiny|384\/384
|-ability|p2a: Raikage|Pressure
|move|p1a: Diggersby|Quick Attack|p2a: Raikage
|-damage|p2a: Raikage|332\/384
|-damage|p1a: Diggersby|83\/373|[from] item: Rocky Helmet|[of] p2a: Raikage
|
|turn|24
|
|move|p2a: Raikage|Heat Wave|p1a: Diggersby
|-damage|p1a: Diggersby|0 fnt
|faint|p1a: Diggersby
|
|
|switch|p1a: Lanturn|Lanturn, M|334\/454
|-damage|p1a: Lanturn|278\/454|[from] Stealth Rock
|turn|25
|
|switch|p2a: Cobalt|Azumarill, F|404\/404
|move|p1a: Lanturn|Scald|p2a: Cobalt
|-resisted|p2a: Cobalt
|-damage|p2a: Cobalt|358\/404
|
|-heal|p1a: Lanturn|306\/454|[from] item: Leftovers
|turn|26
|
|move|p1a: Lanturn|Scald|p2a: Cobalt
|-resisted|p2a: Cobalt
|-damage|p2a: Cobalt|313\/404
|move|p2a: Cobalt|Play Rough|p1a: Lanturn
|-crit|p1a: Lanturn
|-damage|p1a: Lanturn|0 fnt
|faint|p1a: Lanturn
|
|
|switch|p1a: Clefable|Clefable, F|394\/394
|-damage|p1a: Clefable|345\/394|[from] Stealth Rock
|turn|27
|
|move|p1a: Clefable|Thunderbolt|p2a: Cobalt
|-supereffective|p2a: Cobalt
|-damage|p2a: Cobalt|155\/404
|move|p2a: Cobalt|Play Rough|p1a: Clefable
|-damage|p1a: Clefable|71\/394
|-enditem|p1a: Clefable|Sitrus Berry|[eat]
|-heal|p1a: Clefable|169\/394|[from] item: Sitrus Berry
|
|turn|28
|
|switch|p2a: Earthbound|Landorus-Therian, M|90\/319
|-ability|p2a: Earthbound|Intimidate|[of] p1a: Clefable
|-unboost|p1a: Clefable|atk|1
|move|p1a: Clefable|Thunderbolt|p2a: Earthbound
|-immune|p2a: Earthbound|[msg]
|
|turn|29
|
|move|p2a: Earthbound|Earthquake|p1a: Clefable
|-damage|p1a: Clefable|12\/394
|move|p1a: Clefable|Moonblast|p2a: Earthbound
|-damage|p2a: Earthbound|0 fnt
|faint|p2a: Earthbound
|
|
|switch|p2a: Cobalt|Azumarill, F|155\/404
|turn|30
|
|move|p2a: Cobalt|Aqua Jet|p1a: Clefable
|-damage|p1a: Clefable|0 fnt
|faint|p1a: Clefable
|
|c|âGoodVibes808|gg
|
|switch|p1a: Chandelure|Chandelure, M, shiny|196\/261
|-damage|p1a: Chandelure|131\/261|[from] Stealth Rock
|turn|31
|
|move|p2a: Cobalt|Aqua Jet|p1a: Chandelure
|-crit|p1a: Chandelure
|-supereffective|p1a: Chandelure
|-damage|p1a: Chandelure|0 fnt
|faint|p1a: Chandelure
|
|win|GoodVibes808
|raw|Ladder updating...
|raw|gumi is life's rating: 1250 &rarr; <strong>1223<\/strong><br \/>(-27 for losing)
|raw|GoodVibes808's rating: 1219 &rarr; <strong>1247<\/strong><br \/>(+28 for winning)
|leave|gumi is life
|player|p1