|join|GoodVibes808
|join|TheMegaMetagrossOP
|player|p1|GoodVibes808|244
|player|p2|TheMegaMetagrossOP|290
|gametype|singles
|gen|6
|tier|OU (suspect test)
|rated
|clearpoke
|poke|p1|Landorus-Therian, M
|poke|p1|Manectric, M, shiny
|poke|p1|Skarmory, M
|poke|p1|Clefable, F
|poke|p1|Keldeo
|poke|p1|Latios, M, shiny
|poke|p2|Metagross, shiny
|poke|p2|Landorus-Therian, M, shiny
|poke|p2|Quagsire, F, shiny
|poke|p2|Latias, F, shiny
|poke|p2|Forretress, M, shiny
|poke|p2|Victini
|rule|Swagger Clause: Swagger is banned
|rule|Baton Pass Clause: Limit one PokÃ©mon knowing Baton Pass
|rule|Sleep Clause Mod: Limit one foe put to sleep
|rule|Species Clause: Limit one of each PokÃ©mon
|rule|OHKO Clause: OHKO moves are banned
|rule|Moody Clause: Moody is banned
|rule|Evasion Moves Clause: Evasion moves are banned
|rule|Endless Battle Clause: Forcing endless battles is banned
|rule|HP Percentage Mod: HP is shown in percentages
|teampreview
|
|start
|switch|p1a: Bladewing|Skarmory, M|327\/327
|switch|p2a: Forretress|Forretress, M, shiny|353\/353
|turn|1
|
|move|p2a: Forretress|Volt Switch|p1a: Bladewing
|-crit|p1a: Bladewing
|-supereffective|p1a: Bladewing
|-damage|p1a: Bladewing|197\/327
|c|âTheMegaMetagrossOP|hax
|
|switch|p2a: Victini|Victini|342\/342
|move|p1a: Bladewing|Whirlwind|p2a: Victini
|drag|p2a: Latias|Latias, F, shiny|301\/301
|
|-heal|p1a: Bladewing|217\/327|[from] item: Leftovers
|turn|2
|
|move|p2a: Latias|Hidden Power|p1a: Bladewing
|-supereffective|p1a: Bladewing
|-damage|p1a: Bladewing|53\/327
|move|p1a: Bladewing|Roost|p1a: Bladewing
|-heal|p1a: Bladewing|217\/327
|
|-heal|p1a: Bladewing|237\/327|[from] item: Leftovers
|turn|3
|
|switch|p2a: Victini|Victini|342\/342
|move|p1a: Bladewing|Roost|p1a: Bladewing
|-heal|p1a: Bladewing|327\/327
|
|turn|4
|
|move|p2a: Victini|Trick|p1a: Bladewing
|-activate|p2a: Victini|move: Trick|[of] p1a: Bladewing
|-item|p1a: Bladewing|Choice Scarf|[from] move: Trick
|-item|p2a: Victini|Leftovers|[from] move: Trick
|move|p1a: Bladewing|Stealth Rock|p2a: Victini
|-sidestart|p2: TheMegaMetagrossOP|move: Stealth Rock
|
|turn|5
|
|switch|p1a: Earthbound|Landorus-Therian, M|320\/320
|-ability|p1a: Earthbound|Intimidate|[of] p2a: Victini
|-unboost|p2a: Victini|atk|1
|move|p2a: Victini|U-turn|p1a: Earthbound
|-resisted|p1a: Earthbound
|-damage|p1a: Earthbound|290\/320
|
|switch|p2a: Forretress|Forretress, M, shiny|353\/353
|-damage|p2a: Forretress|309\/353|[from] Stealth Rock
|
|-heal|p2a: Forretress|331\/353|[from] item: Leftovers
|turn|6
|
|move|p1a: Earthbound|Knock Off|p2a: Forretress
|-crit|p2a: Forretress
|-damage|p2a: Forretress|184\/353
|-enditem|p2a: Forretress|Leftovers|[from] move: Knock Off|[of] p1a: Earthbound
|move|p2a: Forretress|Rapid Spin|p1a: Earthbound
|-damage|p1a: Earthbound|274\/320
|-sideend|p2: TheMegaMetagrossOP|Stealth Rock|[from] move: Rapid Spin|[of] p2a: Forretress
|
|turn|7
|c|âTheMegaMetagrossOP|more hax
|
|switch|p1a: Kira-Kira|Clefable, F|394\/394
|move|p2a: Forretress|Toxic|p1a: Kira-Kira
|-status|p1a: Kira-Kira|tox
|
|turn|8
|
|move|p1a: Kira-Kira|Calm Mind|p1a: Kira-Kira
|-boost|p1a: Kira-Kira|spa|1
|-boost|p1a: Kira-Kira|spd|1
|move|p2a: Forretress|Spikes|p1a: Kira-Kira
|-sidestart|p1: GoodVibes808|Spikes
|
|turn|9
|
|move|p1a: Kira-Kira|Flamethrower|p2a: Forretress
|-supereffective|p2a: Forretress
|-damage|p2a: Forretress|0 fnt
|faint|p2a: Forretress
|
|
|switch|p2a: Quagsire|Quagsire, F, shiny|394\/394
|turn|10
|
|move|p1a: Kira-Kira|Moonblast|p2a: Quagsire
|-damage|p2a: Quagsire|241\/394
|move|p2a: Quagsire|Infestation|p1a: Kira-Kira
|-resisted|p1a: Kira-Kira
|-damage|p1a: Kira-Kira|389\/394 tox
|-activate|p1a: Kira-Kira|move: Infestation|[of] p2a: Quagsire
|
|-heal|p1a: Kira-Kira|394\/394 tox|[from] item: Leftovers
|-heal|p2a: Quagsire|265\/394|[from] item: Leftovers
|turn|11
|
|move|p1a: Kira-Kira|Moonblast|p2a: Quagsire
|-damage|p2a: Quagsire|105\/394
|move|p2a: Quagsire|Earth Power|p1a: Kira-Kira
|-damage|p1a: Kira-Kira|331\/394 tox
|
|-heal|p1a: Kira-Kira|355\/394 tox|[from] item: Leftovers
|-heal|p2a: Quagsire|129\/394|[from] item: Leftovers
|turn|12
|
|move|p1a: Kira-Kira|Moonblast|p2a: Quagsire
|-damage|p2a: Quagsire|0 fnt
|faint|p2a: Quagsire
|
|-heal|p1a: Kira-Kira|379\/394 tox|[from] item: Leftovers
|-end|p1a: Kira-Kira|Infestation|[partiallytrapped]
|
|switch|p2a: Metagross|Metagross, shiny|301\/301
|turn|13
|
|detailschange|p2a: Metagross|Metagross-Mega, shiny
|-mega|p2a: Metagross|Metagross|Metagrossite
|move|p2a: Metagross|Bullet Punch|p1a: Kira-Kira
|-supereffective|p1a: Kira-Kira
|-damage|p1a: Kira-Kira|175\/394 tox
|move|p1a: Kira-Kira|Flamethrower|p2a: Metagross
|-supereffective|p2a: Metagross
|-damage|p2a: Metagross|103\/301
|
|-heal|p1a: Kira-Kira|199\/394 tox|[from] item: Leftovers
|turn|14
|
|move|p2a: Metagross|Bullet Punch|p1a: Kira-Kira
|-supereffective|p1a: Kira-Kira
|-damage|p1a: Kira-Kira|0 fnt
|faint|p1a: Kira-Kira
|
|
|switch|p1a: Earthbound|Landorus-Therian, M|274\/320
|-ability|p1a: Earthbound|Intimidate|[of] p2a: Metagross
|-unboost|p2a: Metagross|atk|1
|turn|15
|
|switch|p2a: Landorus-Therian|Landorus-Therian, M, shiny|360\/360
|-ability|p2a: Landorus-Therian|Intimidate|[of] p1a: Earthbound
|-unboost|p1a: Earthbound|atk|1
|move|p1a: Earthbound|Knock Off|p2a: Landorus-Therian
|-damage|p2a: Landorus-Therian|291\/360
|-enditem|p2a: Landorus-Therian|Leftovers|[from] move: Knock Off|[of] p1a: Earthbound
|
|turn|16
|
|switch|p1a: Eon|Latios, M, shiny|301\/301
|move|p2a: Landorus-Therian|Knock Off|p1a: Eon
|-supereffective|p1a: Eon
|-damage|p1a: Eon|0 fnt
|-enditem|p1a: Eon|Life Orb|[from] move: Knock Off|[of] p2a: Landorus-Therian
|faint|p1a: Eon
|
|
|switch|p1a: Amp|Manectric, M, shiny|281\/281
|-damage|p1a: Amp|246\/281|[from] Spikes
|turn|17
|
|switch|p2a: Metagross|Metagross-Mega, shiny|103\/301
|detailschange|p1a: Amp|Manectric-Mega, M, shiny
|-mega|p1a: Amp|Manectric|Manectite
|-ability|p1a: Amp|Intimidate|[of] p2a: Metagross
|-unboost|p2a: Metagross|atk|1
|move|p1a: Amp|Hidden Power|p2a: Metagross
|-crit|p2a: Metagross
|-resisted|p2a: Metagross
|-damage|p2a: Metagross|55\/301
|
|turn|18
|
|move|p2a: Metagross|Bullet Punch|p1a: Amp
|-crit|p1a: Amp
|-resisted|p1a: Amp
|-damage|p1a: Amp|147\/281
|move|p1a: Amp|Thunderbolt|p2a: Metagross
|-damage|p2a: Metagross|0 fnt
|faint|p2a: Metagross
|
|
|switch|p2a: Victini|Victini|342\/342
|turn|19
|
|move|p1a: Amp|Thunderbolt|p2a: Victini
|-damage|p2a: Victini|176\/342
|move|p2a: Victini|V-create|p1a: Amp
|-damage|p1a: Amp|0 fnt
|-unboost|p2a: Victini|def|1
|-unboost|p2a: Victini|spd|1
|-unboost|p2a: Victini|spe|1
|faint|p1a: Amp
|
|-heal|p2a: Victini|197\/342|[from] item: Leftovers
|
|switch|p1a: Bladewing|Skarmory, M|327\/327
|turn|20
|
|move|p1a: Bladewing|Stealth Rock|p2a: Victini
|-sidestart|p2: TheMegaMetagrossOP|move: Stealth Rock
|move|p2a: Victini|V-create|p1a: Bladewing
|-supereffective|p1a: Bladewing
|-damage|p1a: Bladewing|15\/327
|-unboost|p2a: Victini|def|1
|-unboost|p2a: Victini|spd|1
|-unboost|p2a: Victini|spe|1
|
|-heal|p2a: Victini|218\/342|[from] item: Leftovers
|turn|21
|
|move|p1a: Bladewing|Stealth Rock|p2a: Victini
|-fail|p2a: Victini
|move|p2a: Victini|V-create|p1a: Bladewing
|-crit|p1a: Bladewing
|-supereffective|p1a: Bladewing
|-damage|p1a: Bladewing|0 fnt
|-unboost|p2a: Victini|def|1
|-unboost|p2a: Victini|spd|1
|-unboost|p2a: Victini|spe|1
|faint|p1a: Bladewing
|
|-heal|p2a: Victini|239\/342|[from] item: Leftovers
|
|switch|p1a: Earthbound|Landorus-Therian, M|274\/320
|-ability|p1a: Earthbound|Intimidate|[of] p2a: Victini
|-unboost|p2a: Victini|atk|1
|turn|22
|
|move|p1a: Earthbound|U-turn|p2a: Victini
|-damage|p2a: Victini|2\/342
|
|switch|p1a: Epona|Keldeo|323\/323
|-damage|p1a: Epona|283\/323|[from] Spikes
|move|p2a: Victini|U-turn|p1a: Epona
|-resisted|p1a: Epona
|-damage|p1a: Epona|255\/323
|
|switch|p2a: Latias|Latias, F, shiny|301\/301
|-damage|p2a: Latias|264\/301|[from] Stealth Rock
|
|turn|23
|
|move|p2a: Latias|Psyshock|p1a: Epona
|-supereffective|p1a: Epona
|-damage|p1a: Epona|0 fnt
|faint|p1a: Epona
|
|
|switch|p1a: Earthbound|Landorus-Therian, M|274\/320
|-ability|p1a: Earthbound|Intimidate|[of] p2a: Latias
|-unboost|p2a: Latias|atk|1
|turn|24
|
|switch|p2a: Landorus-Therian|Landorus-Therian, M, shiny|291\/360
|-damage|p2a: Landorus-Therian|246\/360|[from] Stealth Rock
|-ability|p2a: Landorus-Therian|Intimidate|[of] p1a: Earthbound
|-unboost|p1a: Earthbound|atk|1
|move|p1a: Earthbound|Knock Off|p2a: Landorus-Therian
|-damage|p2a: Landorus-Therian|202\/360
|
|turn|25
|
|move|p1a: Earthbound|Knock Off|p2a: Landorus-Therian
|-damage|p2a: Landorus-Therian|154\/360
|move|p2a: Landorus-Therian|Stone Edge|p1a: Earthbound|[miss]
|-miss|p2a: Landorus-Therian|p1a: Earthbound
|
|turn|26
|
|move|p1a: Earthbound|Knock Off|p2a: Landorus-Therian
|-damage|p2a: Landorus-Therian|107\/360
|move|p2a: Landorus-Therian|Stone Edge|p1a: Earthbound
|-damage|p1a: Earthbound|157\/320
|
|turn|27
|
|move|p1a: Earthbound|Knock Off|p2a: Landorus-Therian
|-damage|p2a: Landorus-Therian|65\/360
|move|p2a: Landorus-Therian|Knock Off|p1a: Earthbound
|-damage|p1a: Earthbound|26\/320
|-enditem|p1a: Earthbound|Choice Scarf|[from] move: Knock Off|[of] p2a: Landorus-Therian
|
|turn|28
|
|move|p1a: Earthbound|Knock Off|p2a: Landorus-Therian
|-damage|p2a: Landorus-Therian|23\/360
|move|p2a: Landorus-Therian|Knock Off|p1a: Earthbound
|-damage|p1a: Earthbound|0 fnt
|faint|p1a: Earthbound
|
|win|TheMegaMetagrossOP
|raw|Ladder updating...
|raw|GoodVibes808's rating: 1125 &rarr; <strong>1094<\/strong><br \/>(-31 for losing)
|raw|TheMegaMetagrossOP's rating: 1044 &rarr; <strong>1085<\/strong><br \/>(+41 for winning)
|c|âGoodVibes808|gg
|leave|GoodVibes808
|player|p1