|join|chrisxc89
|join|GoodVibes808
|player|p1|chrisxc89|101
|player|p2|GoodVibes808|244
|gametype|doubles
|gen|6
|tier|Smogon Doubles
|rated
|clearpoke
|poke|p1|Garchomp, F
|poke|p1|Latias, F
|poke|p1|Blaziken, M
|poke|p1|Azumarill, M
|poke|p1|Scizor, F
|poke|p1|Thundurus, M
|poke|p2|Politoed, M, shiny
|poke|p2|Kingdra, F
|poke|p2|Kabutops, M
|poke|p2|Ferrothorn, M
|poke|p2|Pidgeot, F
|poke|p2|Gothitelle, F
|rule|Species Clause: Limit one of each PokÃ©mon
|rule|OHKO Clause: OHKO moves are banned
|rule|Moody Clause: Moody is banned
|rule|Evasion Abilities Clause: Evasion abilities are banned
|rule|Evasion Moves Clause: Evasion moves are banned
|rule|Endless Battle Clause: Forcing endless battles is banned
|rule|HP Percentage Mod: HP is shown in percentages
|teampreview
|
|start
|switch|p1a: Blaziken|Blaziken, M|301\/301
|switch|p1b: Thundurus|Thundurus, M|300\/300
|switch|p2a: Gamariki|Politoed, M, shiny|384\/384
|switch|p2b: Kenshin|Kabutops, M|261\/261
|-weather|RainDance
|turn|1
|
|move|p1a: Blaziken|Protect|p1a: Blaziken
|-singleturn|p1a: Blaziken|Protect
|move|p1b: Thundurus|Nasty Plot|p1b: Thundurus
|-boost|p1b: Thundurus|spa|2
|move|p2b: Kenshin|Waterfall|p1b: Thundurus
|-crit|p1b: Thundurus
|-damage|p1b: Thundurus|0 fnt
|-damage|p2b: Kenshin|235\/261|[from] item: Life Orb
|faint|p1b: Thundurus
|move|p2a: Gamariki|Perish Song|p2a: Gamariki
|-fieldactivate|move: Perish Song
|
|-start|p2b: Kenshin|perish3
|-start|p1a: Blaziken|perish3
|-start|p2a: Gamariki|perish3
|-weather|RainDance|[upkeep]
|-boost|p1a: Blaziken|spe|1|[from] ability: Speed Boost
|
|switch|p1b: Scizor|Scizor, F|344\/344
|turn|2
|
|detailschange|p1b: Scizor|Scizor-Mega, F
|message|Scizor has Mega Evolved into Mega Scizor!
|move|p1b: Scizor|Bullet Punch|p2b: Kenshin
|-crit|p2b: Kenshin
|-damage|p2b: Kenshin|52\/261
|move|p2b: Kenshin|Waterfall|p1a: Blaziken
|-supereffective|p1a: Blaziken
|-enditem|p1a: Blaziken|Focus Sash
|-damage|p1a: Blaziken|1\/301
|-damage|p2b: Kenshin|26\/261|[from] item: Life Orb
|move|p1a: Blaziken|High Jump Kick|p2a: Gamariki
|-damage|p2a: Gamariki|186\/384
|move|p2a: Gamariki|Perish Song|p2a: Gamariki
|-fieldactivate|move: Perish Song
|
|-start|p2b: Kenshin|perish2
|-start|p1a: Blaziken|perish2
|-start|p1b: Scizor|perish3
|-start|p2a: Gamariki|perish2
|-weather|RainDance|[upkeep]
|-boost|p1a: Blaziken|spe|1|[from] ability: Speed Boost
|turn|3
|
|switch|p2b: Wednesday|Gothitelle, F|281\/281
|switch|p1a: Latias|Latias, F|364\/364
|move|p1b: Scizor|Knock Off|p2a: Gamariki
|-damage|p2a: Gamariki|70\/384
|-enditem|p2a: Gamariki|Damp Rock|[from] move: Knock Off|[of] p1b: Scizor
|move|p2a: Gamariki|Scald|p1a: Latias
|-resisted|p1a: Latias
|-damage|p1a: Latias|312\/364
|
|-start|p1b: Scizor|perish2
|-start|p2a: Gamariki|perish1
|-weather|RainDance|[upkeep]
|-heal|p1a: Latias|334\/364|[from] item: Leftovers
|turn|4
|
|switch|p2a: Tenpin|Ferrothorn, M|351\/351
|move|p1a: Latias|Shadow Ball|p2b: Wednesday
|-supereffective|p2b: Wednesday
|-damage|p2b: Wednesday|131\/281
|move|p2b: Wednesday|Trick|p1a: Latias
|-activate|p2b: Wednesday|move: Trick|[of] p1a: Latias
|-item|p1a: Latias|Choice Specs|[from] move: Trick
|-item|p2b: Wednesday|Leftovers|[from] move: Trick
|move|p1b: Scizor|Knock Off|p2b: Wednesday
|-supereffective|p2b: Wednesday
|-damage|p2b: Wednesday|0 fnt
|-enditem|p2b: Wednesday|Leftovers|[from] move: Knock Off|[of] p1b: Scizor
|faint|p2b: Wednesday
|
|-start|p1b: Scizor|perish1
|-weather|RainDance|[upkeep]
|
|switch|p2b: Zephyr|Pidgeot, F|322\/322
|turn|5
|
|switch|p1b: Azumarill|Azumarill, M|404\/404
|detailschange|p2b: Zephyr|Pidgeot-Mega, F
|message|Pidgeot has Mega Evolved into Mega Pidgeot!
|move|p2b: Zephyr|Hurricane|p1b: Azumarill
|-damage|p1b: Azumarill|142\/404
|-enditem|p1b: Azumarill|Sitrus Berry|[eat]
|-heal|p1b: Azumarill|243\/404|[from] item: Sitrus Berry
|move|p1a: Latias|Ice Beam|p2b: Zephyr
|-supereffective|p2b: Zephyr
|-damage|p2b: Zephyr|28\/322
|move|p2a: Tenpin|Stealth Rock|p1b: Azumarill
|-sidestart|p1: chrisxc89|move: Stealth Rock
|
|-weather|RainDance|[upkeep]
|turn|6
|
|move|p1b: Azumarill|Aqua Jet|p2b: Zephyr
|-crit|p2b: Zephyr
|-damage|p2b: Zephyr|0 fnt
|faint|p2b: Zephyr
|move|p1a: Latias|Ice Beam|p2a: Tenpin
|-damage|p2a: Tenpin|259\/351
|move|p2a: Tenpin|Leech Seed|p1b: Azumarill
|-start|p1b: Azumarill|move: Leech Seed
|
|-weather|RainDance|[upkeep]
|-heal|p2a: Tenpin|280\/351|[from] item: Leftovers
|-damage|p1b: Azumarill|193\/404|[from] Leech Seed|[of] p2a: Tenpin
|-heal|p2a: Tenpin|330\/351|[silent]
|
|switch|p2b: Coraline|Kingdra, F|307\/307
|turn|7
|
|switch|p2b: Kenshin|Kabutops, M|26\/261
|switch|p1b: Scizor|Scizor-Mega, F|344\/344
|-damage|p1b: Scizor|301\/344|[from] Stealth Rock
|move|p1a: Latias|Ice Beam|p2b: Kenshin
|-resisted|p2b: Kenshin
|-damage|p2b: Kenshin|0 fnt
|faint|p2b: Kenshin
|move|p2a: Tenpin|Leech Seed|p1a: Latias
|-start|p1a: Latias|move: Leech Seed
|
|-weather|RainDance|[upkeep]
|-heal|p2a: Tenpin|351\/351|[from] item: Leftovers
|-damage|p1a: Latias|289\/364|[from] Leech Seed|[of] p2a: Tenpin
|
|switch|p2b: Coraline|Kingdra, F|307\/307
|turn|8
|
|move|p2b: Coraline|Hydro Pump|p1b: Scizor
|-damage|p1b: Scizor|0 fnt
|faint|p1b: Scizor
|move|p1a: Latias|Ice Beam|p2b: Coraline
|-damage|p2b: Coraline|181\/307
|-status|p2b: Coraline|frz
|move|p2a: Tenpin|Leech Seed|p1a: Latias
|-fail|p1a: Latias
|
|-weather|none
|-damage|p1a: Latias|244\/364|[from] Leech Seed|[of] p2a: Tenpin
|
|switch|p1b: Garchomp|Garchomp, F|358\/358
|-damage|p1b: Garchomp|336\/358|[from] Stealth Rock
|turn|9
|
|switch|p2b: Gamariki|Politoed, M, shiny|70\/384
|-weather|RainDance
|move|p1b: Garchomp|Earthquake|p2a: Tenpin
|-immune|p1a: Latias|[msg]
|-damage|p2a: Tenpin|229\/351
|-damage|p2b: Gamariki|0 fnt
|-damage|p1b: Garchomp|301\/358|[from] item: Life Orb
|faint|p2b: Gamariki
|move|p1a: Latias|Ice Beam|p2: Gamariki
|-damage|p2a: Tenpin|138\/351
|move|p2a: Tenpin|Leech Seed|p1b: Garchomp
|-start|p1b: Garchomp|move: Leech Seed
|
|-weather|RainDance|[upkeep]
|-heal|p2a: Tenpin|159\/351|[from] item: Leftovers
|-damage|p1b: Garchomp|257\/358|[from] Leech Seed|[of] p2a: Tenpin
|-heal|p2a: Tenpin|203\/351|[silent]
|-damage|p1a: Latias|199\/364|[from] Leech Seed|[of] p2a: Tenpin
|-heal|p2a: Tenpin|248\/351|[silent]
|
|switch|p2b: Coraline|Kingdra, F|181\/307 frz
|turn|10
|
|cant|p2b: Coraline|frz
|move|p1b: Garchomp|Dragon Claw|p2b: Coraline
|-supereffective|p2b: Coraline
|-damage|p2b: Coraline|0 fnt
|-damage|p1b: Garchomp|222\/358|[from] item: Life Orb
|faint|p2b: Coraline
|move|p1a: Latias|Ice Beam|p2a: Tenpin
|-damage|p2a: Tenpin|163\/351
|move|p2a: Tenpin|Gyro Ball|p1b: Garchomp
|-damage|p1b: Garchomp|47\/358
|-damage|p2a: Tenpin|120\/351|[from] ability: Rough Skin|[of] p1b: Garchomp
|
|-weather|RainDance|[upkeep]
|-heal|p2a: Tenpin|141\/351|[from] item: Leftovers
|-damage|p1b: Garchomp|3\/358|[from] Leech Seed|[of] p2a: Tenpin
|-heal|p2a: Tenpin|185\/351|[silent]
|-damage|p1a: Latias|154\/364|[from] Leech Seed|[of] p2a: Tenpin
|-heal|p2a: Tenpin|230\/351|[silent]
|turn|11
|
|move|p2a: Tenpin|Protect|p2a: Tenpin
|-singleturn|p2a: Tenpin|Protect
|move|p1b: Garchomp|Earthquake|p2a: Tenpin
|-immune|p1a: Latias|[msg]
|-activate|p2a: Tenpin|Protect
|move|p1a: Latias|Ice Beam|p2a: Tenpin
|-activate|p2a: Tenpin|Protect
|
|-weather|RainDance|[upkeep]
|-heal|p2a: Tenpin|251\/351|[from] item: Leftovers
|-damage|p1b: Garchomp|0 fnt|[from] Leech Seed|[of] p2a: Tenpin
|-heal|p2a: Tenpin|254\/351|[silent]
|-damage|p1a: Latias|109\/364|[from] Leech Seed|[of] p2a: Tenpin
|-heal|p2a: Tenpin|299\/351|[silent]
|faint|p1b: Garchomp
|
|switch|p1b: Azumarill|Azumarill, M|193\/404
|-damage|p1b: Azumarill|143\/404|[from] Stealth Rock
|turn|12
|
|switch|p1a: Blaziken|Blaziken, M|1\/301
|-damage|p1a: Blaziken|0 fnt|[from] Stealth Rock
|faint|p1a: Blaziken
|move|p1b: Azumarill|Knock Off|p2a: Tenpin
|-damage|p2a: Tenpin|200\/351
|-damage|p1b: Azumarill|93\/404|[from] ability: Iron Barbs|[of] p2a: Tenpin
|-enditem|p2a: Tenpin|Leftovers|[from] move: Knock Off|[of] p1b: Azumarill
|move|p2a: Tenpin|Gyro Ball|p1b: Azumarill
|-damage|p1b: Azumarill|0 fnt
|faint|p1b: Azumarill
|
|-weather|RainDance|[upkeep]
|
|switch|p1b: Latias|Latias, F|109\/364
|-damage|p1b: Latias|64\/364|[from] Stealth Rock
|turn|13
|
|move|p1b: Latias|Shadow Ball|p2a: Tenpin
|-crit|p2a: Tenpin
|-damage|p2a: Tenpin|73\/351
|move|p2a: Tenpin|Gyro Ball|p1b: Latias
|-damage|p1b: Latias|0 fnt
|faint|p1b: Latias
|
|win|GoodVibes808
|raw|Ladder updating...
|raw|chrisxc89's rating: 1140 &rarr; <strong>1109<\/strong><br \/>(-31 for losing)
|raw|GoodVibes808's rating: 1054 &rarr; <strong>1094<\/strong><br \/>(+40 for winning)
|c|âGoodVibes808|gg
|c|âchrisxc89|gg
|leave|chrisxc89
|player|p1