|join|lt8a dekzeh
|join|tanachan
|player|p1|lt8a dekzeh|233
|player|p2|tanachan|1
|gametype|singles
|gen|6
|tier|OU
|rated
|clearpoke
|poke|p1|Kyurem
|poke|p1|Heatran, M
|poke|p1|Tentacruel, M
|poke|p1|Mandibuzz, F
|poke|p1|Garchomp, F
|poke|p1|Charizard, M
|poke|p2|Tyranitar, M, shiny
|poke|p2|Skarmory, M, shiny
|poke|p2|Chansey, F
|poke|p2|Landorus-Therian, M, shiny
|poke|p2|Rotom-Wash, shiny
|poke|p2|Talonflame, F, shiny
|rule|Swagger Clause: Swagger is banned
|rule|Baton Pass Clause: Limit one PokÃ©mon knowing Baton Pass
|rule|Sleep Clause Mod: Limit one foe put to sleep
|rule|Species Clause: Limit one of each PokÃ©mon
|rule|OHKO Clause: OHKO moves are banned
|rule|Moody Clause: Moody is banned
|rule|Evasion Moves Clause: Evasion moves are banned
|rule|Endless Battle Clause: Forcing endless battles is banned
|rule|HP Percentage Mod: HP is shown in percentages
|teampreview
|
|start
|switch|p1a: Charizard|Charizard, M|359\/359
|switch|p2a: Rotom-Wash|Rotom-Wash, shiny|304\/304
|turn|1
|
|detailschange|p1a: Charizard|Charizard-Mega-X, M
|message|Charizard has Mega Evolved into Mega Charizard!
|move|p2a: Rotom-Wash|Volt Switch|p1a: Charizard
|-resisted|p1a: Charizard
|-damage|p1a: Charizard|318\/359
|
|switch|p2a: Landorus-Therian|Landorus-Therian, M, shiny|381\/381
|-ability|p2a: Landorus-Therian|Intimidate|[of] p1a: Charizard
|-unboost|p1a: Charizard|atk|1
|move|p1a: Charizard|Will-O-Wisp|p2a: Landorus-Therian
|-status|p2a: Landorus-Therian|brn
|
|-damage|p2a: Landorus-Therian|334\/381 brn|[from] brn
|turn|2
|join|KeldoStarStudios
|join|LT8W Floppy
|
|switch|p1a: Mandibuzz|Mandibuzz, F|423\/423
|move|p2a: Landorus-Therian|Stealth Rock|p1a: Mandibuzz
|-sidestart|p1: lt8a dekzeh|move: Stealth Rock
|
|-damage|p2a: Landorus-Therian|287\/381 brn|[from] brn
|turn|3
|
|switch|p2a: Rotom-Wash|Rotom-Wash, shiny|304\/304
|move|p1a: Mandibuzz|Defog|p2a: Rotom-Wash
|-unboost|p2a: Rotom-Wash|evasion|1
|-sideend|p1: lt8a dekzeh|Stealth Rock|[from] move: Defog|[of] p1a: Mandibuzz
|
|turn|4
|leave|LT8W Floppy
|
|switch|p1a: Charizard|Charizard-Mega-X, M|318\/359
|move|p2a: Rotom-Wash|Volt Switch|p1a: Charizard
|-resisted|p1a: Charizard
|-damage|p1a: Charizard|280\/359
|
|switch|p2a: Tyranitar|Tyranitar, M, shiny|341\/341
|-weather|Sandstorm
|
|-weather|Sandstorm|[upkeep]
|-damage|p1a: Charizard|258\/359|[from] sandstorm
|turn|5
|
|switch|p1a: Tentacruel|Tentacruel, M|363\/363
|detailschange|p2a: Tyranitar|Tyranitar-Mega, M, shiny
|message|Tyranitar has Mega Evolved into Mega Tyranitar!
|move|p2a: Tyranitar|Stone Edge|p1a: Tentacruel|[miss]
|-miss|p2a: Tyranitar|p1a: Tentacruel
|
|-weather|Sandstorm|[upkeep]
|-damage|p1a: Tentacruel|341\/363|[from] sandstorm
|-heal|p1a: Tentacruel|363\/363|[from] item: Black Sludge
|turn|6
|join|Kreiser
|
|switch|p2a: Rotom-Wash|Rotom-Wash, shiny|304\/304
|move|p1a: Tentacruel|Scald|p2a: Rotom-Wash
|-resisted|p2a: Rotom-Wash
|-damage|p2a: Rotom-Wash|268\/304
|
|-weather|Sandstorm|[upkeep]
|-damage|p2a: Rotom-Wash|249\/304|[from] sandstorm
|-damage|p1a: Tentacruel|341\/363|[from] sandstorm
|-heal|p1a: Tentacruel|363\/363|[from] item: Black Sludge
|turn|7
|
|move|p2a: Rotom-Wash|Volt Switch|p1a: Tentacruel
|-supereffective|p1a: Tentacruel
|-damage|p1a: Tentacruel|207\/363
|
|switch|p2a: Chansey|Chansey, F|641\/641
|move|p1a: Tentacruel|Toxic Spikes|p2a: Chansey
|-sidestart|p2: tanachan|move: Toxic Spikes
|
|-weather|Sandstorm|[upkeep]
|-damage|p1a: Tentacruel|185\/363|[from] sandstorm
|-damage|p2a: Chansey|601\/641|[from] sandstorm
|-heal|p1a: Tentacruel|207\/363|[from] item: Black Sludge
|turn|8
|
|switch|p1a: Heatran|Heatran, M|385\/385
|move|p2a: Chansey|Seismic Toss|p1a: Heatran
|-damage|p1a: Heatran|285\/385
|
|-weather|none
|-heal|p1a: Heatran|309\/385|[from] item: Leftovers
|turn|9
|
|move|p1a: Heatran|Stealth Rock|p2a: Chansey
|-sidestart|p2: tanachan|move: Stealth Rock
|move|p2a: Chansey|Seismic Toss|p1a: Heatran
|-damage|p1a: Heatran|209\/385
|
|-heal|p1a: Heatran|233\/385|[from] item: Leftovers
|turn|10
|
|move|p1a: Heatran|Protect|p1a: Heatran
|-singleturn|p1a: Heatran|Protect
|move|p2a: Chansey|Seismic Toss|p1a: Heatran
|-activate|p1a: Heatran|Protect
|
|-heal|p1a: Heatran|257\/385|[from] item: Leftovers
|turn|11
|
|move|p1a: Heatran|Taunt|p2a: Chansey
|-start|p2a: Chansey|move: Taunt
|move|p2a: Chansey|Seismic Toss|p1a: Heatran
|-damage|p1a: Heatran|157\/385
|
|-heal|p1a: Heatran|181\/385|[from] item: Leftovers
|turn|12
|
|switch|p1a: Kyurem|Kyurem|405\/405
|-ability|p1a: Kyurem|Pressure
|move|p2a: Chansey|Seismic Toss|p1a: Kyurem
|-damage|p1a: Kyurem|305\/405
|
|-heal|p1a: Kyurem|330\/405|[from] item: Leftovers
|turn|13
|
|move|p1a: Kyurem|Substitute|p1a: Kyurem
|-start|p1a: Kyurem|Substitute
|-damage|p1a: Kyurem|229\/405
|move|p2a: Chansey|Seismic Toss|p1a: Kyurem
|-activate|p1a: Kyurem|Substitute|[damage]
|
|-heal|p1a: Kyurem|254\/405|[from] item: Leftovers
|-end|p2a: Chansey|move: Taunt
|turn|14
|
|move|p1a: Kyurem|Earth Power|p2a: Chansey
|-damage|p2a: Chansey|547\/641
|move|p2a: Chansey|Seismic Toss|p1a: Kyurem
|-end|p1a: Kyurem|Substitute
|
|-heal|p1a: Kyurem|279\/405|[from] item: Leftovers
|turn|15
|
|move|p1a: Kyurem|Substitute|p1a: Kyurem
|-start|p1a: Kyurem|Substitute
|-damage|p1a: Kyurem|178\/405
|move|p2a: Chansey|Seismic Toss|p1a: Kyurem
|-activate|p1a: Kyurem|Substitute|[damage]
|
|-heal|p1a: Kyurem|203\/405|[from] item: Leftovers
|turn|16
|
|move|p1a: Kyurem|Earth Power|p2a: Chansey
|-damage|p2a: Chansey|486\/641
|move|p2a: Chansey|Seismic Toss|p1a: Kyurem
|-end|p1a: Kyurem|Substitute
|
|-heal|p1a: Kyurem|228\/405|[from] item: Leftovers
|turn|17
|
|move|p1a: Kyurem|Substitute|p1a: Kyurem
|-start|p1a: Kyurem|Substitute
|-damage|p1a: Kyurem|127\/405
|move|p2a: Chansey|Seismic Toss|p1a: Kyurem
|-activate|p1a: Kyurem|Substitute|[damage]
|
|-heal|p1a: Kyurem|152\/405|[from] item: Leftovers
|turn|18
|
|move|p1a: Kyurem|Roost|p1a: Kyurem
|-heal|p1a: Kyurem|355\/405
|move|p2a: Chansey|Seismic Toss|p1a: Kyurem
|-end|p1a: Kyurem|Substitute
|
|-heal|p1a: Kyurem|380\/405|[from] item: Leftovers
|turn|19
|
|switch|p2a: Skarmory|Skarmory, M, shiny|334\/334
|-damage|p2a: Skarmory|293\/334|[from] Stealth Rock
|move|p1a: Kyurem|Substitute|p1a: Kyurem
|-start|p1a: Kyurem|Substitute
|-damage|p1a: Kyurem|279\/405
|
|-heal|p1a: Kyurem|304\/405|[from] item: Leftovers
|turn|20
|
|move|p1a: Kyurem|Ice Beam|p2a: Skarmory
|-damage|p2a: Skarmory|74\/334
|move|p2a: Skarmory|Defog|p1a: Kyurem
|-sideend|p2: tanachan|Toxic Spikes|[from] move: Defog|[of] p2a: Skarmory
|-sideend|p2: tanachan|Stealth Rock|[from] move: Defog|[of] p2a: Skarmory
|
|-heal|p1a: Kyurem|329\/405|[from] item: Leftovers
|turn|21
|
|switch|p2a: Chansey|Chansey, F|486\/641
|move|p1a: Kyurem|Ice Beam|p2a: Chansey
|-damage|p2a: Chansey|395\/641
|
|-heal|p1a: Kyurem|354\/405|[from] item: Leftovers
|turn|22
|
|switch|p1a: Heatran|Heatran, M|181\/385
|move|p2a: Chansey|Wish|p2a: Chansey
|
|-heal|p1a: Heatran|205\/385|[from] item: Leftovers
|turn|23
|
|switch|p2a: Tyranitar|Tyranitar-Mega, M, shiny|341\/341
|-weather|Sandstorm
|move|p1a: Heatran|Stealth Rock|p2a: Tyranitar
|-sidestart|p2: tanachan|move: Stealth Rock
|
|-weather|Sandstorm|[upkeep]
|-heal|p1a: Heatran|229\/385|[from] item: Leftovers
|turn|24
|
|move|p2a: Tyranitar|Earthquake|p1a: Heatran
|-supereffective|p1a: Heatran
|-damage|p1a: Heatran|0 fnt
|faint|p1a: Heatran
|
|-weather|Sandstorm|[upkeep]
|
|switch|p1a: Garchomp|Garchomp, F|357\/357
|turn|25
|
|switch|p1a: Charizard|Charizard-Mega-X, M|258\/359
|switch|p2a: Landorus-Therian|Landorus-Therian, M, shiny|287\/381 brn
|-damage|p2a: Landorus-Therian|240\/381 brn|[from] Stealth Rock
|-ability|p2a: Landorus-Therian|Intimidate|[of] p1a: Charizard
|-unboost|p1a: Charizard|atk|1
|
|-weather|Sandstorm|[upkeep]
|-damage|p1a: Charizard|236\/359|[from] sandstorm
|-damage|p2a: Landorus-Therian|193\/381 brn|[from] brn
|turn|26
|
|switch|p1a: Tentacruel|Tentacruel, M|207\/363
|move|p2a: Landorus-Therian|Stealth Rock|p1a: Tentacruel
|-sidestart|p1: lt8a dekzeh|move: Stealth Rock
|
|-weather|Sandstorm|[upkeep]
|-damage|p1a: Tentacruel|185\/363|[from] sandstorm
|-heal|p1a: Tentacruel|207\/363|[from] item: Black Sludge
|-damage|p2a: Landorus-Therian|146\/381 brn|[from] brn
|-enditem|p2a: Landorus-Therian|Sitrus Berry|[eat]
|-heal|p2a: Landorus-Therian|241\/381 brn|[from] item: Sitrus Berry
|turn|27
|
|move|p2a: Landorus-Therian|Earthquake|p1a: Tentacruel
|-supereffective|p1a: Tentacruel
|-damage|p1a: Tentacruel|21\/363
|move|p1a: Tentacruel|Toxic Spikes|p2a: Landorus-Therian
|-sidestart|p2: tanachan|move: Toxic Spikes
|
|-weather|none
|-heal|p1a: Tentacruel|43\/363|[from] item: Black Sludge
|-damage|p2a: Landorus-Therian|194\/381 brn|[from] brn
|turn|28
|
|move|p2a: Landorus-Therian|Knock Off|p1a: Tentacruel
|-damage|p1a: Tentacruel|0 fnt
|-enditem|p1a: Tentacruel|Black Sludge|[from] move: Knock Off|[of] p2a: Landorus-Therian
|faint|p1a: Tentacruel
|
|-damage|p2a: Landorus-Therian|147\/381 brn|[from] brn
|
|switch|p1a: Kyurem|Kyurem|354\/405
|-damage|p1a: Kyurem|253\/405|[from] Stealth Rock
|-ability|p1a: Kyurem|Pressure
|turn|29
|
|move|p2a: Landorus-Therian|U-turn|p1a: Kyurem
|-damage|p1a: Kyurem|213\/405
|
|switch|p2a: Skarmory|Skarmory, M, shiny|74\/334
|-damage|p2a: Skarmory|33\/334|[from] Stealth Rock
|move|p1a: Kyurem|Ice Beam|p2a: Skarmory
|-damage|p2a: Skarmory|0 fnt
|faint|p2a: Skarmory
|
|-heal|p1a: Kyurem|238\/405|[from] item: Leftovers
|
|switch|p2a: Rotom-Wash|Rotom-Wash, shiny|249\/304
|-damage|p2a: Rotom-Wash|211\/304|[from] Stealth Rock
|turn|30
|
|switch|p1a: Garchomp|Garchomp, F|357\/357
|-damage|p1a: Garchomp|335\/357|[from] Stealth Rock
|move|p2a: Rotom-Wash|Trick|p1a: Garchomp
|-activate|p2a: Rotom-Wash|move: Trick|[of] p1a: Garchomp
|-item|p1a: Garchomp|Choice Scarf|[from] move: Trick
|-item|p2a: Rotom-Wash|Choice Scarf|[from] move: Trick
|
|turn|31
|c| Kreiser|lol
|
|move|p1a: Garchomp|Outrage|p2a: Rotom-Wash
|-crit|p2a: Rotom-Wash
|-damage|p2a: Rotom-Wash|0 fnt
|faint|p2a: Rotom-Wash
|
|
|switch|p2a: Landorus-Therian|Landorus-Therian, M, shiny|147\/381 brn
|-damage|p2a: Landorus-Therian|100\/381 brn|[from] Stealth Rock
|-ability|p2a: Landorus-Therian|Intimidate|[of] p1a: Garchomp
|-unboost|p1a: Garchomp|atk|1
|turn|32
|c| KeldoStarStudios|hahaha nishe
|
|move|p1a: Garchomp|Outrage|p2a: Landorus-Therian
|-damage|p2a: Landorus-Therian|0 fnt
|faint|p2a: Landorus-Therian
|
|-end|p1a: Garchomp|rampage
|-start|p1a: Garchomp|confusion
|
|switch|p2a: Talonflame|Talonflame, F, shiny|297\/297
|-damage|p2a: Talonflame|149\/297|[from] Stealth Rock
|turn|33
|
|switch|p1a: Mandibuzz|Mandibuzz, F|423\/423
|-damage|p1a: Mandibuzz|318\/423|[from] Stealth Rock
|move|p2a: Talonflame|Roost|p2a: Talonflame
|-heal|p2a: Talonflame|297\/297
|
|-heal|p1a: Mandibuzz|344\/423|[from] item: Leftovers
|turn|34
|
|switch|p2a: Tyranitar|Tyranitar-Mega, M, shiny|341\/341
|-damage|p2a: Tyranitar|299\/341|[from] Stealth Rock
|-status|p2a: Tyranitar|psn
|-weather|Sandstorm
|move|p1a: Mandibuzz|Taunt|p2a: Tyranitar
|-start|p2a: Tyranitar|move: Taunt
|
|-weather|Sandstorm|[upkeep]
|-heal|p1a: Mandibuzz|370\/423|[from] item: Leftovers
|-damage|p2a: Tyranitar|257\/341 psn|[from] psn
|turn|35
|
|move|p2a: Tyranitar|Stone Edge|p1a: Mandibuzz
|-supereffective|p1a: Mandibuzz
|-damage|p1a: Mandibuzz|16\/423
|move|p1a: Mandibuzz|Roost|p1a: Mandibuzz
|-heal|p1a: Mandibuzz|228\/423
|
|-weather|Sandstorm|[upkeep]
|-heal|p1a: Mandibuzz|254\/423|[from] item: Leftovers
|-damage|p2a: Tyranitar|215\/341 psn|[from] psn
|turn|36
|
|move|p2a: Tyranitar|Stone Edge|p1a: Mandibuzz
|-supereffective|p1a: Mandibuzz
|-damage|p1a: Mandibuzz|0 fnt
|faint|p1a: Mandibuzz
|
|-weather|Sandstorm|[upkeep]
|-damage|p2a: Tyranitar|173\/341 psn|[from] psn
|
|switch|p1a: Kyurem|Kyurem|238\/405
|-damage|p1a: Kyurem|137\/405|[from] Stealth Rock
|-ability|p1a: Kyurem|Pressure
|turn|37
|
|move|p1a: Kyurem|Substitute|p1a: Kyurem
|-start|p1a: Kyurem|Substitute
|-damage|p1a: Kyurem|36\/405
|move|p2a: Tyranitar|Stone Edge|p1a: Kyurem
|-supereffective|p1a: Kyurem
|-end|p1a: Kyurem|Substitute
|
|-weather|Sandstorm|[upkeep]
|-damage|p1a: Kyurem|11\/405|[from] sandstorm
|-heal|p1a: Kyurem|36\/405|[from] item: Leftovers
|-damage|p2a: Tyranitar|131\/341 psn|[from] psn
|-end|p2a: Tyranitar|move: Taunt
|turn|38
|
|move|p1a: Kyurem|Roost|p1a: Kyurem
|-heal|p1a: Kyurem|239\/405
|move|p2a: Tyranitar|Pursuit|p1a: Kyurem
|-damage|p1a: Kyurem|148\/405
|
|-weather|none
|-heal|p1a: Kyurem|173\/405|[from] item: Leftovers
|-damage|p2a: Tyranitar|89\/341 psn|[from] psn
|turn|39
|
|move|p1a: Kyurem|Earth Power|p2a: Tyranitar
|-supereffective|p2a: Tyranitar
|-damage|p2a: Tyranitar|0 fnt
|faint|p2a: Tyranitar
|
|-heal|p1a: Kyurem|198\/405|[from] item: Leftovers
|
|switch|p2a: Talonflame|Talonflame, F, shiny|297\/297
|-damage|p2a: Talonflame|149\/297|[from] Stealth Rock
|turn|40
|
|move|p2a: Talonflame|Brave Bird|p1a: Kyurem
|-damage|p1a: Kyurem|0 fnt
|-damage|p2a: Talonflame|84\/297|[from] recoil|[of] p1a: Kyurem
|faint|p1a: Kyurem
|
|
|switch|p1a: Charizard|Charizard-Mega-X, M|236\/359
|-damage|p1a: Charizard|147\/359|[from] Stealth Rock
|turn|41
|
|move|p2a: Talonflame|Brave Bird|p1a: Charizard
|-damage|p1a: Charizard|0 fnt
|-damage|p2a: Talonflame|35\/297|[from] recoil|[of] p1a: Charizard
|faint|p1a: Charizard
|
|
|switch|p1a: Garchomp|Garchomp, F|335\/357
|-damage|p1a: Garchomp|313\/357|[from] Stealth Rock
|turn|42
|
|move|p2a: Talonflame|Brave Bird|p1a: Garchomp
|-damage|p1a: Garchomp|88\/357
|-damage|p2a: Talonflame|0 fnt|[from] ability: Rough Skin|[of] p1a: Garchomp
|faint|p2a: Talonflame
|move|p1a: Garchomp|Earthquake|p2: Talonflame|[notarget]
|-notarget
|
|
|switch|p2a: Chansey|Chansey, F|395\/641
|-damage|p2a: Chansey|315\/641|[from] Stealth Rock
|-status|p2a: Chansey|psn
|turn|43
|
|move|p1a: Garchomp|Earthquake|p2a: Chansey
|-damage|p2a: Chansey|90\/641 psn
|move|p2a: Chansey|Seismic Toss|p1a: Garchomp
|-damage|p1a: Garchomp|0 fnt
|-damage|p2a: Chansey|10\/641 psn|[from] ability: Rough Skin|[of] p1a: Garchomp
|faint|p1a: Garchomp
|
|win|tanachan
|raw|Ladder updating...
|raw|lt8a dekzeh's rating: 1752 &rarr; <strong>1726<\/strong><br \/>(-26 for losing)
|raw|tanachan's rating: 1650 &rarr; <strong>1675<\/strong><br \/>(+25 for winning)
|c| KeldoStarStudios|lol
|leave|Kreiser
|leave|lt8a dekzeh
|player|p1
|leave|KeldoStarStudios
|leave|tanachan
|player|p2
|join|Rewer
|leave|Rewer
|join|Rewer