|join|tanachan
|join|Aisiri
|player|p1|tanachan|266
|player|p2|Aisiri|109
|gametype|singles
|gen|6
|tier|OU
|rated
|clearpoke
|poke|p1|Mew, shiny
|poke|p1|Heatran, M, shiny
|poke|p1|Latios, M, shiny
|poke|p1|Landorus-Therian, M, shiny
|poke|p1|Azumarill, F
|poke|p1|Heracross, M
|poke|p2|Scolipede, M
|poke|p2|Tyranitar, M
|poke|p2|Staraptor, F
|poke|p2|Excadrill, M
|poke|p2|Talonflame, M
|poke|p2|Pinsir, F
|rule|Swagger Clause: Swagger is banned
|rule|Baton Pass Clause: Limit one PokÃ©mon knowing Baton Pass
|rule|Sleep Clause Mod: Limit one foe put to sleep
|rule|Species Clause: Limit one of each PokÃ©mon
|rule|OHKO Clause: OHKO moves are banned
|rule|Moody Clause: Moody is banned
|rule|Evasion Moves Clause: Evasion moves are banned
|rule|Endless Battle Clause: Forcing endless battles is banned
|rule|HP Percentage Mod: HP is shown in percentages
|teampreview
|
|start
|switch|p1a: Mew|Mew, shiny|403\/403
|switch|p2a: Scolipede|Scolipede, M|261\/261
|turn|1
|
|move|p1a: Mew|Stealth Rock|p2a: Scolipede
|-sidestart|p2: Aisiri|move: Stealth Rock
|move|p2a: Scolipede|Pin Missile|p1a: Mew
|-supereffective|p1a: Mew
|-damage|p1a: Mew|325\/403
|-supereffective|p1a: Mew
|-damage|p1a: Mew|235\/403
|-supereffective|p1a: Mew
|-damage|p1a: Mew|145\/403
|-supereffective|p1a: Mew
|-damage|p1a: Mew|59\/403
|-hitcount|p1a: Mew|4
|
|-boost|p2a: Scolipede|spe|1|[from] ability: Speed Boost
|turn|2
|
|switch|p1a: Heracross|Heracross, M|363\/363
|move|p2a: Scolipede|Pin Missile|p1a: Heracross
|-crit|p1a: Heracross
|-resisted|p1a: Heracross
|-damage|p1a: Heracross|322\/363
|-resisted|p1a: Heracross
|-damage|p1a: Heracross|295\/363
|-crit|p1a: Heracross
|-resisted|p1a: Heracross
|-damage|p1a: Heracross|258\/363
|-hitcount|p1a: Heracross|3
|
|-boost|p2a: Scolipede|spe|1|[from] ability: Speed Boost
|turn|3
|
|detailschange|p1a: Heracross|Heracross-Mega, M
|message|Heracross has Mega Evolved into Mega Heracross!
|move|p2a: Scolipede|Spikes|p1a: Heracross
|-sidestart|p1: tanachan|Spikes
|move|p1a: Heracross|Rock Blast|p2a: Scolipede
|-supereffective|p2a: Scolipede
|-damage|p2a: Scolipede|167\/261
|-supereffective|p2a: Scolipede
|-damage|p2a: Scolipede|75\/261
|-crit|p2a: Scolipede
|-supereffective|p2a: Scolipede
|-damage|p2a: Scolipede|0 fnt
|-hitcount|p2a: Scolipede|3
|faint|p2a: Scolipede
|
|
|switch|p2a: Pinsir|Pinsir, F|271\/271
|-damage|p2a: Pinsir|204\/271|[from] Stealth Rock
|turn|4
|
|switch|p1a: Mew|Mew, shiny|59\/403
|-damage|p1a: Mew|9\/403|[from] Spikes
|detailschange|p2a: Pinsir|Pinsir-Mega, F
|message|Pinsir has Mega Evolved into Mega Pinsir!
|move|p2a: Pinsir|Frustration|p1a: Mew
|-damage|p1a: Mew|0 fnt
|-damage|p2a: Pinsir|159\/271|[from] item: Rocky Helmet|[of] p1a: Mew
|faint|p1a: Mew
|
|
|switch|p1a: Landorus-Therian|Landorus-Therian, M, shiny|319\/319
|-ability|p1a: Landorus-Therian|Intimidate|[of] p2a: Pinsir
|-unboost|p2a: Pinsir|atk|1
|turn|5
|
|switch|p2a: Tyranitar|Tyranitar, M|341\/341
|-damage|p2a: Tyranitar|299\/341|[from] Stealth Rock
|-weather|Sandstorm
|move|p1a: Landorus-Therian|Rock Slide|p2a: Tyranitar
|-damage|p2a: Tyranitar|195\/341
|
|-weather|Sandstorm|[upkeep]
|turn|6
|
|switch|p1a: Heracross|Heracross-Mega, M|258\/363
|-damage|p1a: Heracross|213\/363|[from] Spikes
|move|p2a: Tyranitar|Stealth Rock|p1a: Heracross
|-sidestart|p1: tanachan|move: Stealth Rock
|
|-weather|Sandstorm|[upkeep]
|-damage|p1a: Heracross|191\/363|[from] sandstorm
|turn|7
|
|move|p2a: Tyranitar|Fire Blast|p1a: Heracross|[miss]
|-miss|p2a: Tyranitar|p1a: Heracross
|move|p1a: Heracross|Pin Missile|p2a: Tyranitar
|-supereffective|p2a: Tyranitar
|-damage|p2a: Tyranitar|67\/341
|-supereffective|p2a: Tyranitar
|-damage|p2a: Tyranitar|0 fnt
|-hitcount|p2a: Tyranitar|2
|faint|p2a: Tyranitar
|
|-weather|Sandstorm|[upkeep]
|-damage|p1a: Heracross|169\/363|[from] sandstorm
|
|switch|p2a: Excadrill|Excadrill, M|362\/362
|-damage|p2a: Excadrill|351\/362|[from] Stealth Rock
|-item|p2a: Excadrill|Air Balloon
|turn|8
|
|move|p2a: Excadrill|Iron Head|p1a: Heracross
|-damage|p1a: Heracross|28\/363
|cant|p1a: Heracross|flinch
|
|-weather|Sandstorm|[upkeep]
|-damage|p1a: Heracross|6\/363|[from] sandstorm
|turn|9
|
|move|p2a: Excadrill|Rapid Spin|p1a: Heracross
|-damage|p1a: Heracross|0 fnt
|-sideend|p2: Aisiri|Stealth Rock|[from] move: Rapid Spin|[of] p2a: Excadrill
|faint|p1a: Heracross
|
|-weather|none
|
|switch|p1a: Azumarill|Azumarill, F|403\/403
|-damage|p1a: Azumarill|353\/403|[from] Stealth Rock
|-damage|p1a: Azumarill|303\/403|[from] Spikes
|turn|10
|
|move|p2a: Excadrill|Iron Head|p1a: Azumarill
|-damage|p1a: Azumarill|101\/403
|cant|p1a: Azumarill|flinch
|
|turn|11
|
|move|p1a: Azumarill|Aqua Jet|p2a: Excadrill
|-crit|p2a: Excadrill
|-supereffective|p2a: Excadrill
|-damage|p2a: Excadrill|0 fnt
|-enditem|p2a: Excadrill|Air Balloon
|faint|p2a: Excadrill
|
|
|switch|p2a: Talonflame|Talonflame, M|319\/319
|turn|12
|
|move|p2a: Talonflame|Brave Bird|p1a: Azumarill
|-damage|p1a: Azumarill|0 fnt
|-damage|p2a: Talonflame|286\/319|[from] recoil|[of] p1a: Azumarill
|-damage|p2a: Talonflame|255\/319|[from] item: Life Orb
|faint|p1a: Azumarill
|
|
|switch|p1a: Heatran|Heatran, M, shiny|383\/383
|-damage|p1a: Heatran|336\/383|[from] Spikes
|-damage|p1a: Heatran|289\/383|[from] Stealth Rock
|turn|13
|
|move|p2a: Talonflame|Swords Dance|p2a: Talonflame
|-boost|p2a: Talonflame|atk|2
|move|p1a: Heatran|Flamethrower|p2a: Talonflame
|-resisted|p2a: Talonflame
|-damage|p2a: Talonflame|167\/319
|
|-heal|p1a: Heatran|312\/383|[from] item: Leftovers
|turn|14
|
|move|p2a: Talonflame|Brave Bird|p1a: Heatran
|-resisted|p1a: Heatran
|-damage|p1a: Heatran|127\/383
|-damage|p2a: Talonflame|106\/319|[from] recoil|[of] p1a: Heatran
|-damage|p2a: Talonflame|75\/319|[from] item: Life Orb
|move|p1a: Heatran|Toxic|p2a: Talonflame
|-status|p2a: Talonflame|tox
|
|-heal|p1a: Heatran|150\/383|[from] item: Leftovers
|-damage|p2a: Talonflame|56\/319 tox|[from] psn
|turn|15
|
|move|p1a: Heatran|Protect|p1a: Heatran
|-singleturn|p1a: Heatran|Protect
|move|p2a: Talonflame|Roost|p2a: Talonflame
|-heal|p2a: Talonflame|216\/319 tox
|
|-heal|p1a: Heatran|173\/383|[from] item: Leftovers
|-damage|p2a: Talonflame|178\/319 tox|[from] psn
|turn|16
|
|move|p2a: Talonflame|Brave Bird|p1a: Heatran
|-resisted|p1a: Heatran
|-damage|p1a: Heatran|0 fnt
|-damage|p2a: Talonflame|121\/319 tox|[from] recoil|[of] p1a: Heatran
|-damage|p2a: Talonflame|90\/319 tox|[from] item: Life Orb
|faint|p1a: Heatran
|
|-damage|p2a: Talonflame|33\/319 tox|[from] psn
|
|switch|p1a: Latios|Latios, M, shiny|301\/301
|-damage|p1a: Latios|264\/301|[from] Stealth Rock
|turn|17
|
|move|p2a: Talonflame|Brave Bird|p1a: Latios
|-damage|p1a: Latios|0 fnt
|-damage|p2a: Talonflame|0 fnt|[from] recoil|[of] p1a: Latios
|faint|p1a: Latios
|faint|p2a: Talonflame
|
|
|switch|p1a: Landorus-Therian|Landorus-Therian, M, shiny|319\/319
|-damage|p1a: Landorus-Therian|280\/319|[from] Stealth Rock
|switch|p2a: Pinsir|Pinsir-Mega, F|159\/271
|-ability|p1a: Landorus-Therian|Intimidate|[of] p2a: Pinsir
|-unboost|p2a: Pinsir|atk|1
|turn|18
|
|move|p2a: Pinsir|Quick Attack|p1a: Landorus-Therian
|-damage|p1a: Landorus-Therian|205\/319
|move|p1a: Landorus-Therian|Rock Slide|p2a: Pinsir
|-miss|p1a: Landorus-Therian|p2a: Pinsir
|
|turn|19
|
|move|p1a: Landorus-Therian|Rock Slide|p2a: Pinsir
|-supereffective|p2a: Pinsir
|-damage|p2a: Pinsir|0 fnt
|faint|p2a: Pinsir
|
|
|switch|p2a: Staraptor|Staraptor, F|311\/311
|turn|20
|
|move|p1a: Landorus-Therian|Rock Slide|p2a: Staraptor
|-supereffective|p2a: Staraptor
|-damage|p2a: Staraptor|61\/311
|cant|p2a: Staraptor|flinch
|
|turn|21
|
|move|p1a: Landorus-Therian|Rock Slide|p2a: Staraptor
|-supereffective|p2a: Staraptor
|-damage|p2a: Staraptor|0 fnt
|faint|p2a: Staraptor
|
|win|tanachan
|raw|Ladder updating...
|raw|tanachan's rating: 1633 &rarr; <strong>1658<\/strong><br \/>(+25 for winning)
|raw|Aisiri's rating: 1712 &rarr; <strong>1688<\/strong><br \/>(-24 for losing)
|leave|tanachan
|player|p1