|join|GabrielGN
|join|GoodVibes808
|player|p1|GabrielGN|107
|player|p2|GoodVibes808|244
|gametype|singles
|gen|6
|tier|OU
|rated
|clearpoke
|poke|p1|Metagross
|poke|p1|Tyranitar, M
|poke|p1|Keldeo
|poke|p1|Gengar, M
|poke|p1|Garchomp, F
|poke|p1|Excadrill, M
|poke|p2|Landorus-Therian, M
|poke|p2|Rotom-Wash
|poke|p2|Bisharp, M, shiny
|poke|p2|Ferrothorn, M
|poke|p2|Venusaur, F
|poke|p2|Latios, M
|rule|Swagger Clause: Swagger is banned
|rule|Baton Pass Clause: Limit one PokÃ©mon knowing Baton Pass
|rule|Sleep Clause Mod: Limit one foe put to sleep
|rule|Species Clause: Limit one of each PokÃ©mon
|rule|OHKO Clause: OHKO moves are banned
|rule|Moody Clause: Moody is banned
|rule|Evasion Moves Clause: Evasion moves are banned
|rule|Endless Battle Clause: Forcing endless battles is banned
|rule|HP Percentage Mod: HP is shown in percentages
|teampreview
|
|start
|switch|p1a: Garchomp|Garchomp, F|358\/358
|switch|p2a: Tumblr|Rotom-Wash|303\/303
|turn|1
|
|move|p1a: Garchomp|Stealth Rock|p2a: Tumblr
|-sidestart|p2: GoodVibes808|move: Stealth Rock
|move|p2a: Tumblr|Will-O-Wisp|p1a: Garchomp
|-status|p1a: Garchomp|brn
|
|-damage|p1a: Garchomp|314\/358 brn|[from] brn
|turn|2
|
|move|p1a: Garchomp|Swords Dance|p1a: Garchomp
|-boost|p1a: Garchomp|atk|2
|move|p2a: Tumblr|Hydro Pump|p1a: Garchomp|[miss]
|-miss|p2a: Tumblr|p1a: Garchomp
|
|-damage|p1a: Garchomp|270\/358 brn|[from] brn
|turn|3
|
|switch|p2a: Tenpin|Ferrothorn, M|351\/351
|-damage|p2a: Tenpin|330\/351|[from] Stealth Rock
|move|p1a: Garchomp|Outrage|p2a: Tenpin
|-resisted|p2a: Tenpin
|-damage|p2a: Tenpin|258\/351
|-damage|p1a: Garchomp|226\/358 brn|[from] ability: Iron Barbs|[of] p2a: Tenpin
|
|-heal|p2a: Tenpin|279\/351|[from] item: Leftovers
|-damage|p1a: Garchomp|182\/358 brn|[from] brn
|turn|4
|
|move|p1a: Garchomp|Outrage|p2a: Tenpin
|-resisted|p2a: Tenpin
|-damage|p2a: Tenpin|210\/351
|-damage|p1a: Garchomp|138\/358 brn|[from] ability: Iron Barbs|[of] p2a: Tenpin
|move|p2a: Tenpin|Leech Seed|p1a: Garchomp
|-start|p1a: Garchomp|move: Leech Seed
|
|-heal|p2a: Tenpin|231\/351|[from] item: Leftovers
|-damage|p1a: Garchomp|94\/358 brn|[from] Leech Seed|[of] p2a: Tenpin
|-heal|p2a: Tenpin|275\/351|[silent]
|-damage|p1a: Garchomp|50\/358 brn|[from] brn
|turn|5
|
|move|p1a: Garchomp|Outrage|p2a: Tenpin
|-crit|p2a: Tenpin
|-resisted|p2a: Tenpin
|-damage|p2a: Tenpin|161\/351
|-damage|p1a: Garchomp|6\/358 brn|[from] ability: Iron Barbs|[of] p2a: Tenpin
|move|p2a: Tenpin|Stealth Rock|p1a: Garchomp
|-sidestart|p1: GabrielGN|move: Stealth Rock
|
|-end|p1a: Garchomp|rampage
|-start|p1a: Garchomp|confusion
|-heal|p2a: Tenpin|182\/351|[from] item: Leftovers
|-damage|p1a: Garchomp|0 fnt|[from] Leech Seed|[of] p2a: Tenpin
|-heal|p2a: Tenpin|188\/351|[silent]
|faint|p1a: Garchomp
|
|switch|p1a: Gengar|Gengar, M|262\/262
|-damage|p1a: Gengar|230\/262|[from] Stealth Rock
|turn|6
|
|move|p1a: Gengar|Substitute|p1a: Gengar
|-start|p1a: Gengar|Substitute
|-damage|p1a: Gengar|165\/262
|move|p2a: Tenpin|Gyro Ball|p1a: Gengar
|-end|p1a: Gengar|Substitute
|
|-heal|p1a: Gengar|181\/262|[from] item: Black Sludge
|-heal|p2a: Tenpin|209\/351|[from] item: Leftovers
|turn|7
|
|move|p1a: Gengar|Shadow Ball|p2a: Tenpin
|-damage|p2a: Tenpin|110\/351
|move|p2a: Tenpin|Gyro Ball|p1a: Gengar
|-damage|p1a: Gengar|0 fnt
|faint|p1a: Gengar
|
|-heal|p2a: Tenpin|131\/351|[from] item: Leftovers
|
|switch|p1a: Metagross|Metagross|302\/302
|-damage|p1a: Metagross|284\/302|[from] Stealth Rock
|turn|8
|
|detailschange|p1a: Metagross|Metagross-Mega
|message|Metagross has Mega Evolved into Mega Metagross!
|move|p1a: Metagross|Brick Break|p2a: Tenpin
|-supereffective|p2a: Tenpin
|-damage|p2a: Tenpin|0 fnt
|-damage|p1a: Metagross|247\/302|[from] ability: Iron Barbs|[of] p2a: Tenpin
|faint|p2a: Tenpin
|
|
|switch|p2a: Earthbound|Landorus-Therian, M|320\/320
|-damage|p2a: Earthbound|280\/320|[from] Stealth Rock
|-ability|p2a: Earthbound|Intimidate|[of] p1a: Metagross
|-unboost|p1a: Metagross|atk|1
|turn|9
|
|switch|p1a: Tyranitar|Tyranitar, M|391\/391
|-damage|p1a: Tyranitar|343\/391|[from] Stealth Rock
|-weather|Sandstorm
|move|p2a: Earthbound|Earthquake|p1a: Tyranitar
|-supereffective|p1a: Tyranitar
|-damage|p1a: Tyranitar|53\/391
|
|-weather|Sandstorm|[upkeep]
|turn|10
|
|switch|p1a: Excadrill|Excadrill, M|361\/361
|-damage|p1a: Excadrill|350\/361|[from] Stealth Rock
|-item|p1a: Excadrill|Air Balloon
|move|p2a: Earthbound|Earthquake|p1a: Excadrill
|-immune|p1a: Excadrill|[msg]
|
|-weather|Sandstorm|[upkeep]
|turn|11
|
|switch|p2a: Eon|Latios, M|301\/301
|-damage|p2a: Eon|264\/301|[from] Stealth Rock
|move|p1a: Excadrill|Rapid Spin|p2a: Eon
|-crit|p2a: Eon
|-damage|p2a: Eon|212\/301
|-sideend|p1: GabrielGN|Stealth Rock|[from] move: Rapid Spin|[of] p1a: Excadrill
|
|-weather|Sandstorm|[upkeep]
|-damage|p2a: Eon|194\/301|[from] sandstorm
|turn|12
|
|switch|p1a: Tyranitar|Tyranitar, M|53\/391
|switch|p2a: Earthbound|Landorus-Therian, M|280\/320
|-damage|p2a: Earthbound|240\/320|[from] Stealth Rock
|-ability|p2a: Earthbound|Intimidate|[of] p1a: Tyranitar
|-unboost|p1a: Tyranitar|atk|1
|
|-weather|Sandstorm|[upkeep]
|turn|13
|
|move|p2a: Earthbound|U-turn|p1a: Tyranitar
|-supereffective|p1a: Tyranitar
|-damage|p1a: Tyranitar|0 fnt
|faint|p1a: Tyranitar
|
|switch|p2a: Eon|Latios, M|194\/301
|-damage|p2a: Eon|157\/301|[from] Stealth Rock
|
|-weather|none
|
|switch|p1a: Excadrill|Excadrill, M|350\/361
|-item|p1a: Excadrill|Air Balloon
|turn|14
|
|move|p2a: Eon|Defog|p1a: Excadrill
|-unboost|p1a: Excadrill|evasion|1
|-sideend|p2: GoodVibes808|Stealth Rock|[from] move: Defog|[of] p2a: Eon
|move|p1a: Excadrill|Iron Head|p2a: Eon
|-damage|p2a: Eon|0 fnt
|faint|p2a: Eon
|
|
|switch|p2a: Earthbound|Landorus-Therian, M|240\/320
|-ability|p2a: Earthbound|Intimidate|[of] p1a: Excadrill
|-unboost|p1a: Excadrill|atk|1
|turn|15
|
|move|p2a: Earthbound|U-turn|p1a: Excadrill
|-resisted|p1a: Excadrill
|-damage|p1a: Excadrill|278\/361
|-enditem|p1a: Excadrill|Air Balloon
|
|switch|p2a: Tumblr|Rotom-Wash|303\/303
|move|p1a: Excadrill|Iron Head|p2a: Tumblr
|-resisted|p2a: Tumblr
|-damage|p2a: Tumblr|277\/303
|
|-heal|p2a: Tumblr|295\/303|[from] item: Leftovers
|turn|16
|
|move|p1a: Excadrill|Iron Head|p2a: Tumblr
|-resisted|p2a: Tumblr
|-damage|p2a: Tumblr|271\/303
|cant|p2a: Tumblr|flinch
|
|-heal|p2a: Tumblr|289\/303|[from] item: Leftovers
|turn|17
|
|switch|p1a: Keldeo|Keldeo|324\/324
|move|p2a: Tumblr|Will-O-Wisp|p1a: Keldeo|[miss]
|-miss|p2a: Tumblr|p1a: Keldeo
|
|-heal|p2a: Tumblr|303\/303|[from] item: Leftovers
|turn|18
|
|switch|p2a: Hayashi|Venusaur, F|364\/364
|move|p1a: Keldeo|Secret Sword|p2a: Hayashi
|-resisted|p2a: Hayashi
|-damage|p2a: Hayashi|229\/364
|
|turn|19
|
|switch|p1a: Excadrill|Excadrill, M|278\/361
|detailschange|p2a: Hayashi|Venusaur-Mega, F
|message|Venusaur has Mega Evolved into Mega Venusaur!
|move|p2a: Hayashi|Giga Drain|p1a: Excadrill
|-damage|p1a: Excadrill|82\/361
|-heal|p2a: Hayashi|327\/364|[from] drain|[of] p1a: Excadrill
|
|turn|20
|
|switch|p2a: Earthbound|Landorus-Therian, M|240\/320
|-ability|p2a: Earthbound|Intimidate|[of] p1a: Excadrill
|-unboost|p1a: Excadrill|atk|1
|move|p1a: Excadrill|Earthquake|p2a: Earthbound
|-immune|p2a: Earthbound|[msg]
|
|turn|21
|
|move|p2a: Earthbound|Earthquake|p1a: Excadrill
|-supereffective|p1a: Excadrill
|-damage|p1a: Excadrill|0 fnt
|faint|p1a: Excadrill
|
|
|switch|p1a: Keldeo|Keldeo|324\/324
|turn|22
|
|switch|p2a: Hayashi|Venusaur-Mega, F|327\/364
|move|p1a: Keldeo|Icy Wind|p2a: Hayashi
|-supereffective|p2a: Hayashi
|-damage|p2a: Hayashi|235\/364
|-unboost|p2a: Hayashi|spe|1
|
|turn|23
|
|switch|p1a: Metagross|Metagross-Mega|247\/302
|move|p2a: Hayashi|Leech Seed|p1a: Metagross
|-start|p1a: Metagross|move: Leech Seed
|
|-damage|p1a: Metagross|210\/302|[from] Leech Seed|[of] p2a: Hayashi
|-heal|p2a: Hayashi|272\/364|[silent]
|turn|24
|
|switch|p2a: Cardinal|Bisharp, M, shiny|284\/284
|move|p1a: Metagross|Earthquake|p2a: Cardinal
|-supereffective|p2a: Cardinal
|-damage|p2a: Cardinal|36\/284
|
|-heal|p2a: Cardinal|53\/284|[from] item: Leftovers
|-damage|p1a: Metagross|173\/302|[from] Leech Seed|[of] p2a: Cardinal
|-heal|p2a: Cardinal|90\/284|[silent]
|turn|25
|c|âGabrielGN|yeah
|c|âGabrielGN|no
|
|switch|p1a: Keldeo|Keldeo|324\/324
|move|p2a: Cardinal|Knock Off|p1a: Keldeo
|-resisted|p1a: Keldeo
|-damage|p1a: Keldeo|226\/324
|-boost|p1a: Keldeo|atk|1|[from] ability: Justified
|-enditem|p1a: Keldeo|Choice Specs|[from] move: Knock Off|[of] p2a: Cardinal
|
|-heal|p2a: Cardinal|107\/284|[from] item: Leftovers
|turn|26
|
|move|p2a: Cardinal|Sucker Punch|p1a: Keldeo
|-resisted|p1a: Keldeo
|-damage|p1a: Keldeo|142\/324
|-boost|p1a: Keldeo|atk|1|[from] ability: Justified
|move|p1a: Keldeo|Secret Sword|p2a: Cardinal
|-supereffective|p2a: Cardinal
|-damage|p2a: Cardinal|0 fnt
|faint|p2a: Cardinal
|
|c|âGoodVibes808|gg
|
|switch|p2a: Earthbound|Landorus-Therian, M|240\/320
|-ability|p2a: Earthbound|Intimidate|[of] p1a: Keldeo
|-unboost|p1a: Keldeo|atk|1
|turn|27
|
|switch|p1a: Metagross|Metagross-Mega|173\/302
|move|p2a: Earthbound|Earthquake|p1a: Metagross
|-supereffective|p1a: Metagross
|-damage|p1a: Metagross|0 fnt
|faint|p1a: Metagross
|
|c|âGabrielGN|gg
|
|switch|p1a: Keldeo|Keldeo|142\/324
|turn|28
|
|move|p2a: Earthbound|Earthquake|p1a: Keldeo
|-damage|p1a: Keldeo|0 fnt
|faint|p1a: Keldeo
|
|win|GoodVibes808
|raw|Ladder updating...
|raw|GabrielGN's rating: 1276 &rarr; <strong>1253<\/strong><br \/>(-23 for losing)
|raw|GoodVibes808's rating: 1299 &rarr; <strong>1322<\/strong><br \/>(+23 for winning)
|leave|GabrielGN
|player|p1