|join|GoodVibes808
|join|dragonsweeper
|player|p1|GoodVibes808|244
|player|p2|dragonsweeper|1
|gametype|singles
|gen|6
|tier|OU
|rated
|clearpoke
|poke|p1|Gallade, M
|poke|p1|Rotom-Wash
|poke|p1|Ferrothorn, M
|poke|p1|Tyranitar, M
|poke|p1|Excadrill, M
|poke|p1|Latias, F
|poke|p2|Manectric, M, shiny
|poke|p2|Greninja, F, shiny
|poke|p2|Conkeldurr, M
|poke|p2|Talonflame, F
|poke|p2|Dragonite, F
|poke|p2|Scizor, F
|rule|Swagger Clause: Swagger is banned
|rule|Baton Pass Clause: Limit one PokÃ©mon knowing Baton Pass
|rule|Sleep Clause Mod: Limit one foe put to sleep
|rule|Species Clause: Limit one of each PokÃ©mon
|rule|OHKO Clause: OHKO moves are banned
|rule|Moody Clause: Moody is banned
|rule|Evasion Moves Clause: Evasion moves are banned
|rule|Endless Battle Clause: Forcing endless battles is banned
|rule|HP Percentage Mod: HP is shown in percentages
|teampreview
|
|start
|switch|p1a: Kirito|Gallade, M|277\/277
|switch|p2a: Talonflame|Talonflame, F|297\/297
|turn|1
|
|switch|p1a: Gojira|Tyranitar, M|403\/403
|-weather|Sandstorm
|move|p2a: Talonflame|Swords Dance|p2a: Talonflame
|-boost|p2a: Talonflame|atk|2
|
|-weather|Sandstorm|[upkeep]
|-damage|p2a: Talonflame|279\/297|[from] sandstorm
|turn|2
|
|move|p2a: Talonflame|U-turn|p1a: Gojira
|-supereffective|p1a: Gojira
|-damage|p1a: Gojira|251\/403
|
|switch|p2a: Scizor|Scizor, F|344\/344
|move|p1a: Gojira|Stealth Rock|p2a: Scizor
|-sidestart|p2: dragonsweeper|move: Stealth Rock
|
|-weather|Sandstorm|[upkeep]
|turn|3
|
|move|p2a: Scizor|Swords Dance|p2a: Scizor
|-boost|p2a: Scizor|atk|2
|move|p1a: Gojira|Fire Blast|p2a: Scizor
|-supereffective|p2a: Scizor
|-damage|p2a: Scizor|0 fnt
|faint|p2a: Scizor
|
|-weather|Sandstorm|[upkeep]
|
|switch|p2a: Conkeldurr|Conkeldurr, M|399\/399
|-damage|p2a: Conkeldurr|375\/399|[from] Stealth Rock
|turn|4
|
|move|p1a: Gojira|Fire Blast|p2a: Conkeldurr
|-damage|p2a: Conkeldurr|301\/399
|move|p2a: Conkeldurr|Knock Off|p1a: Gojira
|-resisted|p1a: Gojira
|-damage|p1a: Gojira|208\/403
|-enditem|p1a: Gojira|Smooth Rock|[from] move: Knock Off|[of] p2a: Conkeldurr
|
|-weather|Sandstorm|[upkeep]
|-damage|p2a: Conkeldurr|277\/399|[from] sandstorm
|turn|5
|
|move|p1a: Gojira|Fire Blast|p2a: Conkeldurr
|-damage|p2a: Conkeldurr|205\/399
|-status|p2a: Conkeldurr|brn
|move|p2a: Conkeldurr|Drain Punch|p1a: Gojira
|-supereffective|p1a: Gojira
|-damage|p1a: Gojira|0 fnt
|-heal|p2a: Conkeldurr|309\/399 brn|[from] drain|[of] p1a: Gojira
|faint|p1a: Gojira
|
|-weather|Sandstorm|[upkeep]
|-damage|p2a: Conkeldurr|285\/399 brn|[from] sandstorm
|-damage|p2a: Conkeldurr|236\/399 brn|[from] brn
|
|switch|p1a: Kirito|Gallade, M|277\/277
|turn|6
|
|detailschange|p1a: Kirito|Gallade-Mega, M
|message|Gallade has Mega Evolved into Mega Gallade!
|move|p1a: Kirito|Zen Headbutt|p2a: Conkeldurr
|-supereffective|p2a: Conkeldurr
|-damage|p2a: Conkeldurr|0 fnt
|faint|p2a: Conkeldurr
|
|-weather|Sandstorm|[upkeep]
|-damage|p1a: Kirito|260\/277|[from] sandstorm
|
|switch|p2a: Talonflame|Talonflame, F|279\/297
|-damage|p2a: Talonflame|131\/297|[from] Stealth Rock
|turn|7
|
|move|p2a: Talonflame|Brave Bird|p1a: Kirito
|-supereffective|p1a: Kirito
|-damage|p1a: Kirito|0 fnt
|-damage|p2a: Talonflame|45\/297|[from] recoil|[of] p1a: Kirito
|faint|p1a: Kirito
|
|-weather|Sandstorm|[upkeep]
|-damage|p2a: Talonflame|27\/297|[from] sandstorm
|
|switch|p1a: Kamina|Excadrill, M|362\/362
|-item|p1a: Kamina|Air Balloon
|turn|8
|
|move|p2a: Talonflame|Brave Bird|p1a: Kamina
|-resisted|p1a: Kamina
|-damage|p1a: Kamina|216\/362
|-enditem|p1a: Kamina|Air Balloon
|-damage|p2a: Talonflame|0 fnt|[from] recoil|[of] p1a: Kamina
|faint|p2a: Talonflame
|move|p1a: Kamina|Rock Slide|p2: Talonflame|[notarget]
|-notarget
|
|-weather|none
|
|switch|p2a: GreNigga|Greninja, F, shiny|285\/285
|-damage|p2a: GreNigga|250\/285|[from] Stealth Rock
|turn|9
|
|switch|p1a: Tumblr|Rotom-Wash|303\/303
|move|p2a: GreNigga|Hydro Pump|p1a: Tumblr|[miss]
|-start|p2a: GreNigga|typechange|Water|[from] Protean
|-miss|p2a: GreNigga|p1a: Tumblr
|
|turn|10
|
|switch|p2a: HURRF|Manectric, M, shiny|307\/307
|-damage|p2a: HURRF|269\/307|[from] Stealth Rock
|move|p1a: Tumblr|Volt Switch|p2a: HURRF
|-boost|p2a: HURRF|spa|1|[from] ability: Lightning Rod
|
|turn|11
|
|detailschange|p2a: HURRF|Manectric-Mega, M, shiny
|message|Manectric has Mega Evolved into Mega Manectric!
|-ability|p2a: HURRF|Intimidate|[of] p1a: Tumblr
|-unboost|p1a: Tumblr|atk|1
|move|p2a: HURRF|Substitute|p2a: HURRF
|-start|p2a: HURRF|Substitute
|-damage|p2a: HURRF|193\/307
|move|p1a: Tumblr|Hydro Pump|p2a: HURRF
|-end|p2a: HURRF|Substitute
|
|turn|12
|
|move|p2a: HURRF|Thunderbolt|p1a: Tumblr
|-damage|p1a: Tumblr|144\/303
|move|p1a: Tumblr|Hydro Pump|p2a: HURRF
|-damage|p2a: HURRF|31\/307
|
|-heal|p1a: Tumblr|162\/303|[from] item: Leftovers
|turn|13
|
|move|p2a: HURRF|Thunderbolt|p1a: Tumblr
|-damage|p1a: Tumblr|0 fnt
|faint|p1a: Tumblr
|
|
|switch|p1a: Auburn|Latias, F|319\/319
|turn|14
|
|move|p2a: HURRF|Hidden Power|p1a: Auburn
|-supereffective|p1a: Auburn
|-damage|p1a: Auburn|127\/319
|move|p1a: Auburn|Hidden Power|p2a: HURRF
|-damage|p2a: HURRF|0 fnt
|-damage|p1a: Auburn|96\/319|[from] item: Life Orb
|faint|p2a: HURRF
|
|
|switch|p2a: GreNigga|Greninja, F, shiny|250\/285
|-damage|p2a: GreNigga|215\/285|[from] Stealth Rock
|turn|15
|
|move|p2a: GreNigga|Ice Beam|p1a: Auburn
|-start|p2a: GreNigga|typechange|Ice|[from] Protean
|-supereffective|p1a: Auburn
|-damage|p1a: Auburn|0 fnt
|-damage|p2a: GreNigga|187\/285|[from] item: Life Orb
|faint|p1a: Auburn
|
|
|switch|p1a: Tenpin|Ferrothorn, M|352\/352
|turn|16
|
|move|p2a: GreNigga|Ice Beam|p1a: Tenpin
|-damage|p1a: Tenpin|210\/352
|-damage|p2a: GreNigga|159\/285|[from] item: Life Orb
|move|p1a: Tenpin|Gyro Ball|p2a: GreNigga
|-crit|p2a: GreNigga
|-supereffective|p2a: GreNigga
|-damage|p2a: GreNigga|0 fnt
|faint|p2a: GreNigga
|
|-heal|p1a: Tenpin|232\/352|[from] item: Leftovers
|
|switch|p2a: Dragonite|Dragonite, F|324\/324
|-damage|p2a: Dragonite|243\/324|[from] Stealth Rock
|turn|17
|
|move|p2a: Dragonite|Dragon Dance|p2a: Dragonite
|-boost|p2a: Dragonite|atk|1
|-boost|p2a: Dragonite|spe|1
|move|p1a: Tenpin|Gyro Ball|p2a: Dragonite
|-damage|p2a: Dragonite|57\/324
|
|-heal|p1a: Tenpin|254\/352|[from] item: Leftovers
|turn|18
|
|move|p2a: Dragonite|Earthquake|p1a: Tenpin
|-damage|p1a: Tenpin|137\/352
|move|p1a: Tenpin|Gyro Ball|p2a: Dragonite
|-damage|p2a: Dragonite|0 fnt
|faint|p2a: Dragonite
|
|win|GoodVibes808
|raw|Ladder updating...
|raw|GoodVibes808's rating: 1339 &rarr; <strong>1358<\/strong><br \/>(+19 for winning)
|raw|dragonsweeper's rating: 1324 &rarr; <strong>1304<\/strong><br \/>(-20 for losing)
|c|âGoodVibes808|gg