|join|GoodVibes808
|join|PlNKACHU
|player|p1|GoodVibes808|244
|player|p2|PlNKACHU|164
|gametype|singles
|gen|6
|tier|OU
|rated
|clearpoke
|poke|p1|Landorus-Therian, M
|poke|p1|Rotom-Wash
|poke|p1|Keldeo
|poke|p1|Heatran, M, shiny
|poke|p1|Metagross, shiny
|poke|p1|Latias, F
|poke|p2|Cobalion, shiny
|poke|p2|Latias, F
|poke|p2|Scizor, M
|poke|p2|Clefable, F
|poke|p2|Zapdos
|poke|p2|Alomomola, M
|rule|Swagger Clause: Swagger is banned
|rule|Baton Pass Clause: Limit one PokÃ©mon knowing Baton Pass
|rule|Sleep Clause Mod: Limit one foe put to sleep
|rule|Species Clause: Limit one of each PokÃ©mon
|rule|OHKO Clause: OHKO moves are banned
|rule|Moody Clause: Moody is banned
|rule|Evasion Moves Clause: Evasion moves are banned
|rule|Endless Battle Clause: Forcing endless battles is banned
|rule|HP Percentage Mod: HP is shown in percentages
|teampreview
|
|start
|switch|p1a: Tumblr|Rotom-Wash|304\/304
|switch|p2a: The Abysswalker|Cobalion, shiny|385\/385
|turn|1
|
|move|p2a: The Abysswalker|Taunt|p1a: Tumblr
|-start|p1a: Tumblr|move: Taunt
|cant|p1a: Tumblr|move: Taunt|Will-O-Wisp
|
|turn|2
|
|move|p2a: The Abysswalker|Stealth Rock|p1a: Tumblr
|-sidestart|p1: GoodVibes808|move: Stealth Rock
|move|p1a: Tumblr|Volt Switch|p2a: The Abysswalker
|-damage|p2a: The Abysswalker|267\/385
|
|switch|p1a: Auburn|Latias, F|319\/319
|-damage|p1a: Auburn|280\/319|[from] Stealth Rock
|
|-heal|p2a: The Abysswalker|291\/385|[from] item: Leftovers
|turn|3
|
|move|p1a: Auburn|Defog|p2a: The Abysswalker
|-unboost|p2a: The Abysswalker|evasion|1
|-sideend|p1: GoodVibes808|Stealth Rock|[from] move: Defog|[of] p1a: Auburn
|move|p2a: The Abysswalker|Volt Switch|p1a: Auburn
|-resisted|p1a: Auburn
|-damage|p1a: Auburn|262\/319
|
|switch|p2a: Big Red|Scizor, M|343\/343
|
|turn|4
|
|switch|p1a: Vesuvius|Heatran, M, shiny|326\/326
|-item|p1a: Vesuvius|Air Balloon
|move|p2a: Big Red|U-turn|p1a: Vesuvius
|-resisted|p1a: Vesuvius
|-damage|p1a: Vesuvius|283\/326
|-enditem|p1a: Vesuvius|Air Balloon
|-damage|p2a: Big Red|309\/343|[from] item: Life Orb
|
|switch|p2a: Don'tFuckWithAria|Latias, F|363\/363
|
|turn|5
|
|detailschange|p2a: Don'tFuckWithAria|Latias-Mega, F
|message|Latias has Mega Evolved into Mega Latias!
|move|p2a: Don'tFuckWithAria|Substitute|p2a: Don'tFuckWithAria
|-start|p2a: Don'tFuckWithAria|Substitute
|-damage|p2a: Don'tFuckWithAria|273\/363
|move|p1a: Vesuvius|Taunt|p2a: Don'tFuckWithAria
|-start|p2a: Don'tFuckWithAria|move: Taunt
|
|turn|6
|
|move|p2a: Don'tFuckWithAria|Stored Power|p1a: Vesuvius
|-resisted|p1a: Vesuvius
|-damage|p1a: Vesuvius|268\/326
|move|p1a: Vesuvius|Stealth Rock|p2a: Don'tFuckWithAria
|-sidestart|p2: PlNKACHU|move: Stealth Rock
|
|turn|7
|
|switch|p1a: Earthbound|Landorus-Therian, M|319\/319
|-activate|p2a: Don'tFuckWithAria|Substitute|ability: Intimidate|[of] p1a: Earthbound
|move|p2a: Don'tFuckWithAria|Stored Power|p1a: Earthbound
|-damage|p1a: Earthbound|283\/319
|
|turn|8
|
|move|p1a: Earthbound|U-turn|p2a: Don'tFuckWithAria
|-supereffective|p2a: Don'tFuckWithAria
|-end|p2a: Don'tFuckWithAria|Substitute
|
|switch|p1a: Adamantium|Metagross, shiny|301\/301
|move|p2a: Don'tFuckWithAria|Stored Power|p1a: Adamantium
|-resisted|p1a: Adamantium
|-damage|p1a: Adamantium|292\/301
|
|-end|p2a: Don'tFuckWithAria|move: Taunt
|turn|9
|
|detailschange|p1a: Adamantium|Metagross-Mega, shiny
|message|Metagross has Mega Evolved into Mega Metagross!
|move|p1a: Adamantium|Pursuit|p2a: Don'tFuckWithAria|[from]Pursuit
|-supereffective|p2a: Don'tFuckWithAria
|-damage|p2a: Don'tFuckWithAria|85\/363
|switch|p2a: Big Red|Scizor, M|309\/343
|-damage|p2a: Big Red|267\/343|[from] Stealth Rock
|
|turn|10
|
|switch|p1a: Vesuvius|Heatran, M, shiny|268\/326
|move|p2a: Big Red|Knock Off|p1a: Vesuvius
|-damage|p1a: Vesuvius|172\/326
|-damage|p2a: Big Red|233\/343|[from] item: Life Orb
|
|turn|11
|
|switch|p2a: What Boosts|Clefable, F|393\/393
|-damage|p2a: What Boosts|344\/393|[from] Stealth Rock
|move|p1a: Vesuvius|Will-O-Wisp|p2a: What Boosts
|-status|p2a: What Boosts|brn
|
|-heal|p2a: What Boosts|368\/393 brn|[from] item: Leftovers
|-damage|p2a: What Boosts|319\/393 brn|[from] brn
|turn|12
|
|move|p1a: Vesuvius|Taunt|p2a: What Boosts
|-start|p2a: What Boosts|move: Taunt
|cant|p2a: What Boosts|move: Taunt|Wish
|
|-heal|p2a: What Boosts|343\/393 brn|[from] item: Leftovers
|-damage|p2a: What Boosts|294\/393 brn|[from] brn
|turn|13
|
|switch|p2a: Ebola Fish|Alomomola, M|501\/501
|-damage|p2a: Ebola Fish|439\/501|[from] Stealth Rock
|move|p1a: Vesuvius|Flamethrower|p2a: Ebola Fish
|-resisted|p2a: Ebola Fish
|-damage|p2a: Ebola Fish|344\/501
|-status|p2a: Ebola Fish|brn
|
|-damage|p2a: Ebola Fish|282\/501 brn|[from] brn
|turn|14
|c|âPlNKACHU|really now
|
|switch|p1a: Epona|Keldeo|322\/322
|move|p2a: Ebola Fish|Scald|p1a: Epona
|-resisted|p1a: Epona
|-damage|p1a: Epona|298\/322
|
|-heal|p1a: Epona|318\/322|[from] item: Leftovers
|-damage|p2a: Ebola Fish|220\/501 brn|[from] brn
|turn|15
|
|move|p1a: Epona|Secret Sword|p2a: Ebola Fish
|-damage|p2a: Ebola Fish|70\/501 brn
|move|p2a: Ebola Fish|Wish|p2a: Ebola Fish
|
|-heal|p1a: Epona|322\/322|[from] item: Leftovers
|-damage|p2a: Ebola Fish|8\/501 brn|[from] brn
|turn|16
|
|switch|p2a: Archangel|Zapdos|383\/383
|-damage|p2a: Archangel|288\/383|[from] Stealth Rock
|-ability|p2a: Archangel|Pressure
|move|p1a: Epona|Hidden Power|p2a: Archangel
|-resisted|p2a: Archangel
|-damage|p2a: Archangel|247\/383
|
|-heal|p2a: Archangel|383\/383|[from] move: Wish|[wisher] Ebola Fish
|turn|17
|
|switch|p1a: Vesuvius|Heatran, M, shiny|172\/326
|move|p2a: Archangel|Defog|p1a: Vesuvius
|-unboost|p1a: Vesuvius|evasion|1
|-sideend|p2: PlNKACHU|Stealth Rock|[from] move: Defog|[of] p2a: Archangel
|
|turn|18
|
|move|p1a: Vesuvius|Flamethrower|p2a: Archangel
|-damage|p2a: Archangel|202\/383
|move|p2a: Archangel|Discharge|p1a: Vesuvius
|-damage|p1a: Vesuvius|70\/326
|-status|p1a: Vesuvius|par
|
|-heal|p2a: Archangel|225\/383|[from] item: Leftovers
|turn|19
|
|switch|p2a: What Boosts|Clefable, F|294\/393 brn
|move|p1a: Vesuvius|Stealth Rock|p2a: What Boosts
|-sidestart|p2: PlNKACHU|move: Stealth Rock
|
|-heal|p2a: What Boosts|318\/393 brn|[from] item: Leftovers
|-damage|p2a: What Boosts|269\/393 brn|[from] brn
|turn|20
|
|switch|p1a: Adamantium|Metagross-Mega, shiny|292\/301
|move|p2a: What Boosts|Heal Bell|p2a: What Boosts
|-cureteam|p2a: What Boosts|[from] move: HealBell
|
|-heal|p2a: What Boosts|293\/393|[from] item: Leftovers
|turn|21
|
|switch|p2a: Big Red|Scizor, M|233\/343
|-damage|p2a: Big Red|191\/343|[from] Stealth Rock
|move|p1a: Adamantium|Meteor Mash|p2a: Big Red
|-resisted|p2a: Big Red
|-damage|p2a: Big Red|81\/343
|
|turn|22
|
|switch|p2a: The Abysswalker|Cobalion, shiny|291\/385
|-damage|p2a: The Abysswalker|279\/385|[from] Stealth Rock
|move|p1a: Adamantium|Zen Headbutt|p2a: The Abysswalker
|-damage|p2a: The Abysswalker|150\/385
|
|-heal|p2a: The Abysswalker|174\/385|[from] item: Leftovers
|turn|23
|
|move|p1a: Adamantium|Earthquake|p2a: The Abysswalker
|-supereffective|p2a: The Abysswalker
|-damage|p2a: The Abysswalker|0 fnt
|faint|p2a: The Abysswalker
|
|
|switch|p2a: Ebola Fish|Alomomola, M|175\/501
|-damage|p2a: Ebola Fish|113\/501|[from] Stealth Rock
|turn|24
|
|switch|p2a: Archangel|Zapdos|225\/383
|-damage|p2a: Archangel|130\/383|[from] Stealth Rock
|-ability|p2a: Archangel|Pressure
|move|p1a: Adamantium|Zen Headbutt|p2a: Archangel
|-damage|p2a: Archangel|0 fnt
|faint|p2a: Archangel
|
|
|switch|p2a: Ebola Fish|Alomomola, M|280\/501
|-damage|p2a: Ebola Fish|218\/501|[from] Stealth Rock
|turn|25
|
|switch|p1a: Epona|Keldeo|322\/322
|switch|p2a: Big Red|Scizor, M|81\/343
|-damage|p2a: Big Red|39\/343|[from] Stealth Rock
|
|turn|26
|
|move|p1a: Epona|Scald|p2a: Big Red
|-crit|p2a: Big Red
|-damage|p2a: Big Red|0 fnt
|faint|p2a: Big Red
|
|
|switch|p2a: Don'tFuckWithAria|Latias-Mega, F|85\/363
|-damage|p2a: Don'tFuckWithAria|40\/363|[from] Stealth Rock
|turn|27
|
|switch|p1a: Earthbound|Landorus-Therian, M|283\/319
|-ability|p1a: Earthbound|Intimidate|[of] p2a: Don'tFuckWithAria
|-unboost|p2a: Don'tFuckWithAria|atk|1
|move|p2a: Don'tFuckWithAria|Roost|p2a: Don'tFuckWithAria
|-heal|p2a: Don'tFuckWithAria|222\/363
|
|turn|28
|
|move|p1a: Earthbound|U-turn|p2a: Don'tFuckWithAria
|-supereffective|p2a: Don'tFuckWithAria
|-damage|p2a: Don'tFuckWithAria|86\/363
|
|switch|p1a: Adamantium|Metagross-Mega, shiny|292\/301
|move|p2a: Don'tFuckWithAria|Roost|p2a: Don'tFuckWithAria
|-heal|p2a: Don'tFuckWithAria|268\/363
|
|turn|29
|
|move|p1a: Adamantium|Meteor Mash|p2a: Don'tFuckWithAria
|-damage|p2a: Don'tFuckWithAria|105\/363
|move|p2a: Don'tFuckWithAria|Substitute|p2a: Don'tFuckWithAria
|-start|p2a: Don'tFuckWithAria|Substitute
|-damage|p2a: Don'tFuckWithAria|15\/363
|
|turn|30
|
|move|p1a: Adamantium|Pursuit|p2a: Don'tFuckWithAria
|-supereffective|p2a: Don'tFuckWithAria
|-end|p2a: Don'tFuckWithAria|Substitute
|move|p2a: Don'tFuckWithAria|Roost|p2a: Don'tFuckWithAria
|-heal|p2a: Don'tFuckWithAria|197\/363
|
|turn|31
|
|move|p1a: Adamantium|Meteor Mash|p2a: Don'tFuckWithAria
|-damage|p2a: Don'tFuckWithAria|44\/363
|move|p2a: Don'tFuckWithAria|Roost|p2a: Don'tFuckWithAria
|-heal|p2a: Don'tFuckWithAria|226\/363
|
|turn|32
|
|move|p1a: Adamantium|Meteor Mash|p2a: Don'tFuckWithAria
|-damage|p2a: Don'tFuckWithAria|64\/363
|-boost|p1a: Adamantium|atk|1
|move|p2a: Don'tFuckWithAria|Calm Mind|p2a: Don'tFuckWithAria
|-boost|p2a: Don'tFuckWithAria|spa|1
|-boost|p2a: Don'tFuckWithAria|spd|1
|
|turn|33
|
|move|p1a: Adamantium|Pursuit|p2a: Don'tFuckWithAria|[from]Pursuit
|-supereffective|p2a: Don'tFuckWithAria
|-damage|p2a: Don'tFuckWithAria|0 fnt
|faint|p2a: Don'tFuckWithAria
|
|-message|PlNKACHU forfeited.
|
|win|GoodVibes808
|raw|Ladder updating...
|leave|PlNKACHU
|player|p2
|raw|GoodVibes808's rating: 1410 &rarr; <strong>1428<\/strong><br \/>(+18 for winning)
|raw|PlNKACHU's rating: 1372 &rarr; <strong>1354<\/strong><br \/>(-18 for losing)