|join|Reverb
|join|GoodVibes808
|player|p1|Reverb|#reverb
|player|p2|GoodVibes808|244
|gametype|singles
|gen|6
|tier|OU
|rated
|clearpoke
|poke|p1|Scizor, F
|poke|p1|Diggersby, M, shiny
|poke|p1|Raikou, shiny
|poke|p1|Azelf
|poke|p1|Greninja, M
|poke|p1|Latios, M, shiny
|poke|p2|Landorus-Therian, M
|poke|p2|Rotom-Wash
|poke|p2|Keldeo
|poke|p2|Heatran, M, shiny
|poke|p2|Metagross, shiny
|poke|p2|Latias, F
|rule|Swagger Clause: Swagger is banned
|rule|Baton Pass Clause: Limit one PokÃ©mon knowing Baton Pass
|rule|Sleep Clause Mod: Limit one foe put to sleep
|rule|Species Clause: Limit one of each PokÃ©mon
|rule|OHKO Clause: OHKO moves are banned
|rule|Moody Clause: Moody is banned
|rule|Evasion Moves Clause: Evasion moves are banned
|rule|Endless Battle Clause: Forcing endless battles is banned
|rule|HP Percentage Mod: HP is shown in percentages
|teampreview
|join|Prankster
|
|start
|switch|p1a: Azelf|Azelf|291\/291
|switch|p2a: Earthbound|Landorus-Therian, M|319\/319
|-ability|p2a: Earthbound|Intimidate|[of] p1a: Azelf
|-unboost|p1a: Azelf|atk|1
|turn|1
|
|move|p2a: Earthbound|Knock Off|p1a: Azelf
|-supereffective|p1a: Azelf
|-enditem|p1a: Azelf|Focus Sash
|-damage|p1a: Azelf|1\/291
|move|p1a: Azelf|Stealth Rock|p2a: Earthbound
|-sidestart|p2: GoodVibes808|move: Stealth Rock
|
|turn|2
|
|switch|p1a: Scizor|Scizor, F|307\/307
|move|p2a: Earthbound|Knock Off|p1a: Scizor
|-damage|p1a: Scizor|216\/307
|
|turn|3
|
|switch|p2a: Auburn|Latias, F|319\/319
|-damage|p2a: Auburn|280\/319|[from] Stealth Rock
|switch|p1a: Greninja|Greninja, M|285\/285
|
|turn|4
|
|switch|p2a: Epona|Keldeo|322\/322
|-damage|p2a: Epona|302\/322|[from] Stealth Rock
|move|p1a: Greninja|Ice Beam|p2a: Epona
|-start|p1a: Greninja|typechange|Ice|[from] Protean
|-resisted|p2a: Epona
|-damage|p2a: Epona|211\/322
|-damage|p1a: Greninja|257\/285|[from] item: Life Orb
|
|-heal|p2a: Epona|231\/322|[from] item: Leftovers
|turn|5
|
|move|p1a: Greninja|Gunk Shot|p2a: Epona
|-start|p1a: Greninja|typechange|Poison|[from] Protean
|-damage|p2a: Epona|24\/322
|-damage|p1a: Greninja|229\/285|[from] item: Life Orb
|move|p2a: Epona|Calm Mind|p2a: Epona
|-boost|p2a: Epona|spa|1
|-boost|p2a: Epona|spd|1
|
|-heal|p2a: Epona|44\/322|[from] item: Leftovers
|turn|6
|join|Mawn Shicaels
|
|move|p1a: Greninja|Low Kick|p2a: Epona
|-start|p1a: Greninja|typechange|Fighting|[from] Protean
|-damage|p2a: Epona|0 fnt
|-damage|p1a: Greninja|201\/285|[from] item: Life Orb
|faint|p2a: Epona
|
|
|switch|p2a: Earthbound|Landorus-Therian, M|319\/319
|-damage|p2a: Earthbound|280\/319|[from] Stealth Rock
|-ability|p2a: Earthbound|Intimidate|[of] p1a: Greninja
|-unboost|p1a: Greninja|atk|1
|turn|7
|
|move|p2a: Earthbound|Stone Edge|p1a: Greninja|[miss]
|-miss|p2a: Earthbound|p1a: Greninja
|move|p1a: Greninja|Ice Beam|p2a: Earthbound
|-start|p1a: Greninja|typechange|Ice|[from] Protean
|-supereffective|p2a: Earthbound
|-damage|p2a: Earthbound|0 fnt
|-damage|p1a: Greninja|173\/285|[from] item: Life Orb
|faint|p2a: Earthbound
|
|c|âGoodVibes808|ack
|c|âReverb|i mean
|
|switch|p2a: Adamantium|Metagross, shiny|301\/301
|-damage|p2a: Adamantium|283\/301|[from] Stealth Rock
|turn|8
|c|âReverb|i was fighting type
|c| Prankster|reverb you're a noob for not foddering azelf there
|join|Gros orteil
|c| Prankster|;;
|c|âReverb|n
|
|detailschange|p2a: Adamantium|Metagross-Mega, shiny
|message|Metagross has Mega Evolved into Mega Metagross!
|move|p1a: Greninja|Dark Pulse|p2a: Adamantium
|-start|p1a: Greninja|typechange|Dark|[from] Protean
|-supereffective|p2a: Adamantium
|-damage|p2a: Adamantium|18\/301
|-damage|p1a: Greninja|145\/285|[from] item: Life Orb
|cant|p2a: Adamantium|flinch
|
|turn|9
|join|Alkov
|join|swaqfeq
|c| Prankster|lol
|c|+Gros orteil|lol2
|c|âReverb|i didnt fodder it bc
|c|âReverb|only thing that kills ninja
|c|âReverb|is eq
|c| swaqfeq|Fuck me metagross looks 2 dank
|
|move|p1a: Greninja|Dark Pulse|p2a: Adamantium
|-supereffective|p2a: Adamantium
|-damage|p2a: Adamantium|0 fnt
|-damage|p1a: Greninja|117\/285|[from] item: Life Orb
|faint|p2a: Adamantium
|
|
|switch|p2a: Tumblr|Rotom-Wash|304\/304
|-damage|p2a: Tumblr|266\/304|[from] Stealth Rock
|turn|10
|c|âReverb|its also like 6am
|c| Prankster|5:37
|
|move|p1a: Greninja|Dark Pulse|p2a: Tumblr
|-damage|p2a: Tumblr|149\/304
|-damage|p1a: Greninja|89\/285|[from] item: Life Orb
|move|p2a: Tumblr|Volt Switch|p1a: Greninja
|-damage|p1a: Greninja|0 fnt
|faint|p1a: Greninja
|c|+Gros orteil|goodvibes, u must feed your metagross with puffins
|join|Marshmallon
|
|switch|p2a: Vesuvius|Heatran, M, shiny|326\/326
|-damage|p2a: Vesuvius|286\/326|[from] Stealth Rock
|-item|p2a: Vesuvius|Air Balloon
|
|c| Prankster|Gros orteil flirts with cheat code
|
|switch|p1a: Raikou|Raikou, shiny|329\/329
|-ability|p1a: Raikou|Pressure
|turn|11
|
|switch|p2a: Tumblr|Rotom-Wash|149\/304
|-damage|p2a: Tumblr|111\/304|[from] Stealth Rock
|move|p1a: Raikou|Thunderbolt|p2a: Tumblr
|-damage|p2a: Tumblr|0 fnt
|faint|p2a: Tumblr
|
|c|+Gros orteil|aw pls, keep it secret
|c| Prankster|he's a weird fucker
|c| Prankster|lol
|
|switch|p2a: Auburn|Latias, F|280\/319
|-damage|p2a: Auburn|241\/319|[from] Stealth Rock
|turn|12
|
|switch|p1a: Azelf|Azelf|1\/291
|move|p2a: Auburn|Defog|p1a: Azelf
|-unboost|p1a: Azelf|evasion|1
|-sideend|p2: GoodVibes808|Stealth Rock|[from] move: Defog|[of] p2a: Auburn
|
|turn|13
|c|+Marshmallon|haha
|c|âReverb|all french ppl are gay tbh
|
|move|p1a: Azelf|Explosion|p2a: Auburn
|-damage|p2a: Auburn|0 fnt
|faint|p1a: Azelf
|faint|p2a: Auburn
|
|c|âGoodVibes808|gg
|
|switch|p1a: Raikou|Raikou, shiny|329\/329
|switch|p2a: Vesuvius|Heatran, M, shiny|286\/326
|-ability|p1a: Raikou|Pressure
|-item|p2a: Vesuvius|Air Balloon
|turn|14
|join|Miss Chaika
|c|+Gros orteil|reverb, don't be mad
|-message|GoodVibes808 forfeited.
|
|win|Reverb
|raw|Ladder updating...
|raw|Reverb's rating: 1737 &rarr; <strong>1745<\/strong><br \/>(+8 for winning)
|raw|GoodVibes808's rating: 1475 &rarr; <strong>1468<\/strong><br \/>(-7 for losing)
|leave|GoodVibes808
|player|p2
|c|âReverb|gg
|c| Prankster|reverb im italian, so i can kiss your mom when i meet her
|leave|Alkov