|join|GoodVibes808
|join|LT2C sreyams
|player|p1|GoodVibes808|16
|player|p2|LT2C sreyams|68
|gametype|singles
|gen|6
|tier|OU
|rated
|clearpoke
|poke|p1|Landorus-Therian, M
|poke|p1|Rotom-Wash
|poke|p1|Bisharp, M, shiny
|poke|p1|Ferrothorn, F
|poke|p1|Venusaur, F
|poke|p1|Latios, M, shiny
|poke|p2|Gyarados, M
|poke|p2|Bisharp, M
|poke|p2|Raikou
|poke|p2|Landorus-Therian, M
|poke|p2|Greninja, M, shiny
|poke|p2|Latios, M, shiny
|rule|Swagger Clause: Swagger is banned
|rule|Baton Pass Clause: Limit one PokÃ©mon knowing Baton Pass
|rule|Sleep Clause Mod: Limit one foe put to sleep
|rule|Species Clause: Limit one of each PokÃ©mon
|rule|OHKO Clause: OHKO moves are banned
|rule|Moody Clause: Moody is banned
|rule|Evasion Moves Clause: Evasion moves are banned
|rule|Endless Battle Clause: Forcing endless battles is banned
|rule|HP Percentage Mod: HP is shown in percentages
|teampreview
|
|start
|switch|p1a: Earthbound|Landorus-Therian, M|320\/320
|switch|p2a: Greninja|Greninja, M, shiny|286\/286
|-ability|p1a: Earthbound|Intimidate|[of] p2a: Greninja
|-unboost|p2a: Greninja|atk|1
|turn|1
|
|move|p1a: Earthbound|U-turn|p2a: Greninja
|-supereffective|p2a: Greninja
|-damage|p2a: Greninja|54\/286
|
|switch|p1a: Tumblr|Rotom-Wash|303\/303
|move|p2a: Greninja|Ice Beam|p1a: Tumblr
|-start|p2a: Greninja|typechange|Ice|[from] Protean
|-resisted|p1a: Tumblr
|-damage|p1a: Tumblr|237\/303
|-damage|p2a: Greninja|26\/286|[from] item: Life Orb
|
|-heal|p1a: Tumblr|255\/303|[from] item: Leftovers
|turn|2
|
|move|p2a: Greninja|Dark Pulse|p1a: Tumblr
|-start|p2a: Greninja|typechange|Dark|[from] Protean
|-damage|p1a: Tumblr|148\/303
|-damage|p2a: Greninja|0 fnt|[from] item: Life Orb
|faint|p2a: Greninja
|move|p1a: Tumblr|Volt Switch|p2: Greninja|[notarget]
|-notarget
|
|-heal|p1a: Tumblr|166\/303|[from] item: Leftovers
|
|switch|p2a: MF Doom|Bisharp, M|272\/272
|turn|3
|
|move|p2a: MF Doom|Knock Off|p1a: Tumblr
|-damage|p1a: Tumblr|0 fnt
|-enditem|p1a: Tumblr|Leftovers|[from] move: Knock Off|[of] p2a: MF Doom
|-damage|p2a: MF Doom|245\/272|[from] item: Life Orb
|faint|p1a: Tumblr
|
|
|switch|p1a: Tenpin|Ferrothorn, F|351\/351
|turn|4
|
|move|p2a: MF Doom|Swords Dance|p2a: MF Doom
|-boost|p2a: MF Doom|atk|2
|move|p1a: Tenpin|Leech Seed|p2a: MF Doom
|-start|p2a: MF Doom|move: Leech Seed
|
|-damage|p2a: MF Doom|211\/272|[from] Leech Seed|[of] p1a: Tenpin
|turn|5
|
|move|p2a: MF Doom|Swords Dance|p2a: MF Doom
|-boost|p2a: MF Doom|atk|2
|move|p1a: Tenpin|Gyro Ball|p2a: MF Doom
|-resisted|p2a: MF Doom
|-damage|p2a: MF Doom|123\/272
|
|-damage|p2a: MF Doom|89\/272|[from] Leech Seed|[of] p1a: Tenpin
|turn|6
|
|move|p1a: Tenpin|Protect|p1a: Tenpin
|-singleturn|p1a: Tenpin|Protect
|move|p2a: MF Doom|Knock Off|p1a: Tenpin
|-activate|p1a: Tenpin|Protect
|
|-damage|p2a: MF Doom|55\/272|[from] Leech Seed|[of] p1a: Tenpin
|turn|7
|
|move|p2a: MF Doom|Knock Off|p1a: Tenpin
|-damage|p1a: Tenpin|0 fnt
|-damage|p2a: MF Doom|21\/272|[from] ability: Iron Barbs|[of] p1a: Tenpin
|-enditem|p1a: Tenpin|Leftovers|[from] move: Knock Off|[of] p2a: MF Doom
|-damage|p2a: MF Doom|0 fnt|[from] item: Life Orb
|faint|p1a: Tenpin
|faint|p2a: MF Doom
|
|
|switch|p1a: Earthbound|Landorus-Therian, M|320\/320
|switch|p2a: Gyarados|Gyarados, M|332\/332
|-ability|p1a: Earthbound|Intimidate|[of] p2a: Gyarados
|-unboost|p2a: Gyarados|atk|1
|-ability|p2a: Gyarados|Intimidate|[of] p1a: Earthbound
|-unboost|p1a: Earthbound|atk|1
|turn|8
|
|detailschange|p2a: Gyarados|Gyarados-Mega, M
|message|Gyarados has Mega Evolved into Mega Gyarados!
|-ability|p2a: Gyarados|Mold Breaker
|move|p1a: Earthbound|U-turn|p2a: Gyarados
|-supereffective|p2a: Gyarados
|-damage|p2a: Gyarados|214\/332
|
|switch|p1a: Venus|Venusaur, F|364\/364
|move|p2a: Gyarados|Ice Fang|p1a: Venus
|-supereffective|p1a: Venus
|-damage|p1a: Venus|204\/364
|
|turn|9
|
|detailschange|p1a: Venus|Venusaur-Mega, F
|message|Venusaur has Mega Evolved into Mega Venusaur!
|move|p2a: Gyarados|Dragon Dance|p2a: Gyarados
|-boost|p2a: Gyarados|atk|1
|-boost|p2a: Gyarados|spe|1
|move|p1a: Venus|Giga Drain|p2a: Gyarados
|-supereffective|p2a: Gyarados
|-damage|p2a: Gyarados|0 fnt
|-heal|p1a: Venus|311\/364|[from] drain|[of] p2a: Gyarados
|faint|p2a: Gyarados
|
|
|switch|p2a: Latios|Latios, M, shiny|302\/302
|turn|10
|
|switch|p2a: Raikou|Raikou|322\/322
|-ability|p2a: Raikou|Pressure
|switch|p1a: Cardinal|Bisharp, M, shiny|284\/284
|
|turn|11
|
|move|p2a: Raikou|Thunderbolt|p1a: Cardinal
|-damage|p1a: Cardinal|13\/284
|move|p1a: Cardinal|Knock Off|p2a: Raikou
|-damage|p2a: Raikou|84\/322
|-enditem|p2a: Raikou|Choice Specs|[from] move: Knock Off|[of] p1a: Cardinal
|
|-heal|p1a: Cardinal|30\/284|[from] item: Leftovers
|turn|12
|
|move|p1a: Cardinal|Sucker Punch|p2a: Raikou
|-damage|p2a: Raikou|0 fnt
|faint|p2a: Raikou
|
|-heal|p1a: Cardinal|47\/284|[from] item: Leftovers
|
|switch|p2a: Landorus-Therian|Landorus-Therian, M|369\/369
|-ability|p2a: Landorus-Therian|Intimidate|[of] p1a: Cardinal
|-unboost|p1a: Cardinal|atk|1
|-boost|p1a: Cardinal|atk|2|[from] ability: Defiant
|turn|13
|
|move|p2a: Landorus-Therian|Earthquake|p1a: Cardinal
|-supereffective|p1a: Cardinal
|-damage|p1a: Cardinal|0 fnt
|faint|p1a: Cardinal
|
|
|switch|p1a: Earthbound|Landorus-Therian, M|320\/320
|-ability|p1a: Earthbound|Intimidate|[of] p2a: Landorus-Therian
|-unboost|p2a: Landorus-Therian|atk|1
|turn|14
|
|move|p1a: Earthbound|Knock Off|p2a: Landorus-Therian
|-damage|p2a: Landorus-Therian|271\/369
|-enditem|p2a: Landorus-Therian|Leftovers|[from] move: Knock Off|[of] p1a: Earthbound
|move|p2a: Landorus-Therian|Stealth Rock|p1a: Earthbound
|-sidestart|p1: GoodVibes808|move: Stealth Rock
|
|turn|15
|
|switch|p1a: Venus|Venusaur-Mega, F|311\/364
|-damage|p1a: Venus|266\/364|[from] Stealth Rock
|move|p2a: Landorus-Therian|U-turn|p1a: Venus
|-damage|p1a: Venus|222\/364
|
|switch|p2a: Latios|Latios, M, shiny|302\/302
|
|turn|16
|
|move|p2a: Latios|Psyshock|p1a: Venus
|-supereffective|p1a: Venus
|-damage|p1a: Venus|0 fnt
|-damage|p2a: Latios|272\/302|[from] item: Life Orb
|faint|p1a: Venus
|
|
|switch|p1a: Earthbound|Landorus-Therian, M|320\/320
|-damage|p1a: Earthbound|280\/320|[from] Stealth Rock
|-ability|p1a: Earthbound|Intimidate|[of] p2a: Latios
|-unboost|p2a: Latios|atk|1
|turn|17
|
|move|p1a: Earthbound|U-turn|p2a: Latios
|-supereffective|p2a: Latios
|-damage|p2a: Latios|70\/302
|
|switch|p1a: Eon|Latios, M, shiny|301\/301
|-damage|p1a: Eon|264\/301|[from] Stealth Rock
|move|p2a: Latios|Draco Meteor|p1a: Eon
|-supereffective|p1a: Eon
|-damage|p1a: Eon|0 fnt
|-unboost|p2a: Latios|spa|2
|-damage|p2a: Latios|40\/302|[from] item: Life Orb
|faint|p1a: Eon
|
|
|switch|p1a: Earthbound|Landorus-Therian, M|280\/320
|-damage|p1a: Earthbound|240\/320|[from] Stealth Rock
|-ability|p1a: Earthbound|Intimidate|[of] p2a: Latios
|-unboost|p2a: Latios|atk|1
|turn|18
|
|switch|p2a: Landorus-Therian|Landorus-Therian, M|271\/369
|-ability|p2a: Landorus-Therian|Intimidate|[of] p1a: Earthbound
|-unboost|p1a: Earthbound|atk|1
|move|p1a: Earthbound|Stone Edge|p2a: Landorus-Therian
|-damage|p2a: Landorus-Therian|200\/369
|
|turn|19
|
|switch|p2a: Latios|Latios, M, shiny|40\/302
|move|p1a: Earthbound|Stone Edge|p2a: Latios
|-damage|p2a: Latios|0 fnt
|faint|p2a: Latios
|
|
|switch|p2a: Landorus-Therian|Landorus-Therian, M|200\/369
|-ability|p2a: Landorus-Therian|Intimidate|[of] p1a: Earthbound
|-unboost|p1a: Earthbound|atk|1
|turn|20
|
|move|p1a: Earthbound|Stone Edge|p2a: Landorus-Therian
|-damage|p2a: Landorus-Therian|152\/369
|move|p2a: Landorus-Therian|Stone Edge|p1a: Earthbound|[miss]
|-miss|p2a: Landorus-Therian|p1a: Earthbound
|
|turn|21
|
|move|p1a: Earthbound|Stone Edge|p2a: Landorus-Therian
|-damage|p2a: Landorus-Therian|104\/369
|move|p2a: Landorus-Therian|Stone Edge|p1a: Earthbound
|-damage|p1a: Earthbound|127\/320
|
|turn|22
|
|move|p1a: Earthbound|Stone Edge|p2a: Landorus-Therian
|-damage|p2a: Landorus-Therian|51\/369
|move|p2a: Landorus-Therian|Stone Edge|p1a: Earthbound
|-crit|p1a: Earthbound
|-damage|p1a: Earthbound|0 fnt
|faint|p1a: Earthbound
|
|win|LT2C sreyams
|raw|Ladder updating...
|raw|GoodVibes808's rating: 1671 &rarr; <strong>1640<\/strong><br \/>(-31 for losing)
|raw|LT2C sreyams's rating: 1461 &rarr; <strong>1492<\/strong><br \/>(+31 for winning)
|c|âLT2C sreyams|gg
|c|âGoodVibes808|gg