|join|True False
|join|GoodVibes808
|player|p1|True False|290
|player|p2|GoodVibes808|244
|gametype|singles
|gen|6
|tier|OU
|rated
|clearpoke
|poke|p1|Garchomp, F
|poke|p1|Rotom-Wash
|poke|p1|Bisharp, F
|poke|p1|Gardevoir, M
|poke|p1|Keldeo-Resolute
|poke|p1|Ferrothorn, M
|poke|p2|Landorus-Therian, M
|poke|p2|Rotom-Wash
|poke|p2|Keldeo
|poke|p2|Heatran, M, shiny
|poke|p2|Metagross, shiny
|poke|p2|Latias, F
|rule|Swagger Clause: Swagger is banned
|rule|Baton Pass Clause: Limit one PokÃ©mon knowing Baton Pass
|rule|Sleep Clause Mod: Limit one foe put to sleep
|rule|Species Clause: Limit one of each PokÃ©mon
|rule|OHKO Clause: OHKO moves are banned
|rule|Moody Clause: Moody is banned
|rule|Evasion Moves Clause: Evasion moves are banned
|rule|Endless Battle Clause: Forcing endless battles is banned
|rule|HP Percentage Mod: HP is shown in percentages
|teampreview
|
|start
|switch|p1a: Garchomp|Garchomp, F|357\/357
|switch|p2a: Tumblr|Rotom-Wash|304\/304
|turn|1
|
|move|p1a: Garchomp|Stealth Rock|p2a: Tumblr
|-sidestart|p2: GoodVibes808|move: Stealth Rock
|move|p2a: Tumblr|Will-O-Wisp|p1a: Garchomp
|-status|p1a: Garchomp|brn
|
|-damage|p1a: Garchomp|313\/357 brn|[from] brn
|turn|2
|
|move|p1a: Garchomp|Dragon Claw|p2a: Tumblr
|-damage|p2a: Tumblr|232\/304
|move|p2a: Tumblr|Hydro Pump|p1a: Garchomp
|-damage|p1a: Garchomp|145\/357 brn
|
|-heal|p2a: Tumblr|251\/304|[from] item: Leftovers
|-damage|p1a: Garchomp|101\/357 brn|[from] brn
|turn|3
|
|switch|p1a: Rotom-Wash|Rotom-Wash|303\/303
|move|p2a: Tumblr|Will-O-Wisp|p1a: Rotom-Wash
|-status|p1a: Rotom-Wash|brn
|
|-heal|p2a: Tumblr|270\/304|[from] item: Leftovers
|-damage|p1a: Rotom-Wash|266\/303 brn|[from] brn
|turn|4
|
|move|p2a: Tumblr|Volt Switch|p1a: Rotom-Wash
|-damage|p1a: Rotom-Wash|190\/303 brn
|
|switch|p2a: Vesuvius|Heatran, M, shiny|326\/326
|-damage|p2a: Vesuvius|286\/326|[from] Stealth Rock
|-item|p2a: Vesuvius|Air Balloon
|move|p1a: Rotom-Wash|Will-O-Wisp|p2a: Vesuvius
|-start|p2a: Vesuvius|ability: Flash Fire
|
|-heal|p1a: Rotom-Wash|208\/303 brn|[from] item: Leftovers
|-damage|p1a: Rotom-Wash|171\/303 brn|[from] brn
|turn|5
|
|move|p2a: Vesuvius|Stealth Rock|p1a: Rotom-Wash
|-sidestart|p1: True False|move: Stealth Rock
|move|p1a: Rotom-Wash|Pain Split|p2a: Vesuvius
|-sethp|p2a: Vesuvius|228\/326|p1a: Rotom-Wash|228\/303 brn|[from] move: Pain Split
|
|-heal|p1a: Rotom-Wash|246\/303 brn|[from] item: Leftovers
|-damage|p1a: Rotom-Wash|209\/303 brn|[from] brn
|turn|6
|
|move|p2a: Vesuvius|Flamethrower|p1a: Rotom-Wash
|-resisted|p1a: Rotom-Wash
|-damage|p1a: Rotom-Wash|103\/303 brn
|move|p1a: Rotom-Wash|Hydro Pump|p2a: Vesuvius|[miss]
|-miss|p1a: Rotom-Wash|p2a: Vesuvius
|
|-heal|p1a: Rotom-Wash|121\/303 brn|[from] item: Leftovers
|-damage|p1a: Rotom-Wash|84\/303 brn|[from] brn
|turn|7
|
|move|p2a: Vesuvius|Flamethrower|p1a: Rotom-Wash
|-resisted|p1a: Rotom-Wash
|-damage|p1a: Rotom-Wash|0 fnt
|faint|p1a: Rotom-Wash
|
|
|switch|p1a: Gardevoir|Gardevoir, M|283\/283
|-damage|p1a: Gardevoir|248\/283|[from] Stealth Rock
|-ability|p1a: Gardevoir|Flash Fire|[from] ability: Trace|[of] p2a: Vesuvius
|turn|8
|
|switch|p2a: Adamantium|Metagross, shiny|301\/301
|-damage|p2a: Adamantium|283\/301|[from] Stealth Rock
|detailschange|p1a: Gardevoir|Gardevoir-Mega, M
|message|Gardevoir has Mega Evolved into Mega Gardevoir!
|move|p1a: Gardevoir|Focus Blast|p2a: Adamantium|[miss]
|-miss|p1a: Gardevoir|p2a: Adamantium
|
|turn|9
|
|detailschange|p2a: Adamantium|Metagross-Mega, shiny
|message|Metagross has Mega Evolved into Mega Metagross!
|move|p2a: Adamantium|Pursuit|p1a: Gardevoir|[from]Pursuit
|-damage|p1a: Gardevoir|55\/283
|switch|p1a: Garchomp|Garchomp, F|101\/357 brn
|-damage|p1a: Garchomp|79\/357 brn|[from] Stealth Rock
|
|-damage|p1a: Garchomp|35\/357 brn|[from] brn
|turn|10
|
|move|p2a: Adamantium|Pursuit|p1a: Garchomp
|-damage|p1a: Garchomp|0 fnt
|-damage|p2a: Adamantium|246\/301|[from] ability: Rough Skin|[of] p1a: Garchomp
|-damage|p2a: Adamantium|196\/301|[from] item: Rocky Helmet|[of] p1a: Garchomp
|faint|p1a: Garchomp
|
|
|switch|p1a: Bisharp|Bisharp, F|272\/272
|-damage|p1a: Bisharp|255\/272|[from] Stealth Rock
|turn|11
|
|switch|p2a: Vesuvius|Heatran, M, shiny|228\/326
|-damage|p2a: Vesuvius|188\/326|[from] Stealth Rock
|-item|p2a: Vesuvius|Air Balloon
|move|p1a: Bisharp|Sucker Punch|p2a: Vesuvius
|-fail|p2a: Vesuvius
|
|turn|12
|
|switch|p1a: Keldeo-Resolute|Keldeo-Resolute|323\/323
|-damage|p1a: Keldeo-Resolute|303\/323|[from] Stealth Rock
|move|p2a: Vesuvius|Will-O-Wisp|p1a: Keldeo-Resolute
|-status|p1a: Keldeo-Resolute|brn
|
|-damage|p1a: Keldeo-Resolute|263\/323 brn|[from] brn
|turn|13
|
|switch|p2a: Tumblr|Rotom-Wash|270\/304
|-damage|p2a: Tumblr|232\/304|[from] Stealth Rock
|move|p1a: Keldeo-Resolute|Scald|p2a: Tumblr
|-resisted|p2a: Tumblr
|-damage|p2a: Tumblr|182\/304
|
|-heal|p2a: Tumblr|201\/304|[from] item: Leftovers
|-damage|p1a: Keldeo-Resolute|223\/323 brn|[from] brn
|turn|14
|
|switch|p1a: Ferrothorn|Ferrothorn, M|352\/352
|-damage|p1a: Ferrothorn|330\/352|[from] Stealth Rock
|move|p2a: Tumblr|Volt Switch|p1a: Ferrothorn
|-resisted|p1a: Ferrothorn
|-damage|p1a: Ferrothorn|296\/352
|
|switch|p2a: Vesuvius|Heatran, M, shiny|188\/326
|-damage|p2a: Vesuvius|148\/326|[from] Stealth Rock
|-item|p2a: Vesuvius|Air Balloon
|
|-heal|p1a: Ferrothorn|318\/352|[from] item: Leftovers
|turn|15
|
|move|p2a: Vesuvius|Flamethrower|p1a: Ferrothorn
|-supereffective|p1a: Ferrothorn
|-damage|p1a: Ferrothorn|0 fnt
|faint|p1a: Ferrothorn
|
|
|switch|p1a: Gardevoir|Gardevoir-Mega, M|55\/283
|-damage|p1a: Gardevoir|20\/283|[from] Stealth Rock
|turn|16
|
|switch|p2a: Earthbound|Landorus-Therian, M|319\/319
|-damage|p2a: Earthbound|280\/319|[from] Stealth Rock
|-ability|p2a: Earthbound|Intimidate|[of] p1a: Gardevoir
|-unboost|p1a: Gardevoir|atk|1
|move|p1a: Gardevoir|Focus Blast|p2a: Earthbound
|-resisted|p2a: Earthbound
|-damage|p2a: Earthbound|161\/319
|-unboost|p2a: Earthbound|spd|1
|
|turn|17
|
|move|p2a: Earthbound|U-turn|p1a: Gardevoir
|-damage|p1a: Gardevoir|0 fnt
|faint|p1a: Gardevoir
|leave|True False
|player|p1
|c|âGoodVibes808|gg
|-message|truefalse lost due to inactivity.
|
|win|GoodVibes808
|raw|Ladder updating...
|raw|True False's rating: 1433 &rarr; <strong>1413<\/strong><br \/>(-20 for losing)
|raw|GoodVibes808's rating: 1428 &rarr; <strong>1448<\/strong><br \/>(+20 for winning)