|join|GoodVibes808
|join|kiks1
|player|p1|GoodVibes808|16
|player|p2|kiks1|7
|gametype|singles
|gen|6
|tier|OU
|rated
|clearpoke
|poke|p1|Landorus-Therian, M
|poke|p1|Rotom-Wash
|poke|p1|Bisharp, M, shiny
|poke|p1|Ferrothorn, M
|poke|p1|Venusaur, F
|poke|p1|Latios, M, shiny
|poke|p2|Conkeldurr, M
|poke|p2|Suicune
|poke|p2|Garchomp, F
|poke|p2|Gardevoir, F
|poke|p2|Ferrothorn, F
|poke|p2|Mawile, M
|rule|Swagger Clause: Swagger is banned
|rule|Baton Pass Clause: Limit one PokÃ©mon knowing Baton Pass
|rule|Sleep Clause Mod: Limit one foe put to sleep
|rule|Species Clause: Limit one of each PokÃ©mon
|rule|OHKO Clause: OHKO moves are banned
|rule|Moody Clause: Moody is banned
|rule|Evasion Moves Clause: Evasion moves are banned
|rule|Endless Battle Clause: Forcing endless battles is banned
|rule|HP Percentage Mod: HP is shown in percentages
|teampreview
|
|start
|switch|p1a: Tumblr|Rotom-Wash|303\/303
|switch|p2a: Conkeldurr|Conkeldurr, M|414\/414
|turn|1
|
|move|p1a: Tumblr|Volt Switch|p2a: Conkeldurr
|-damage|p2a: Conkeldurr|332\/414
|
|switch|p1a: Venus|Venusaur, F|364\/364
|move|p2a: Conkeldurr|Knock Off|p1a: Venus
|-damage|p1a: Venus|260\/364
|
|turn|2
|
|switch|p2a: Ferrothorn|Ferrothorn, F|352\/352
|detailschange|p1a: Venus|Venusaur-Mega, F
|message|Venusaur has Mega Evolved into Mega Venusaur!
|move|p1a: Venus|Giga Drain|p2a: Ferrothorn
|-resisted|p2a: Ferrothorn
|-damage|p2a: Ferrothorn|325\/352
|-heal|p1a: Venus|274\/364|[from] drain|[of] p2a: Ferrothorn
|
|-heal|p2a: Ferrothorn|347\/352|[from] item: Leftovers
|turn|3
|
|move|p1a: Venus|Hidden Power|p2a: Ferrothorn
|-supereffective|p2a: Ferrothorn
|-damage|p2a: Ferrothorn|107\/352
|move|p2a: Ferrothorn|Curse|p2a: Ferrothorn
|-boost|p2a: Ferrothorn|atk|1
|-boost|p2a: Ferrothorn|def|1
|-unboost|p2a: Ferrothorn|spe|1
|
|-heal|p2a: Ferrothorn|129\/352|[from] item: Leftovers
|turn|4
|
|move|p2a: Ferrothorn|Protect|p2a: Ferrothorn
|-singleturn|p2a: Ferrothorn|Protect
|move|p1a: Venus|Hidden Power|p2a: Ferrothorn
|-activate|p2a: Ferrothorn|Protect
|
|-heal|p2a: Ferrothorn|151\/352|[from] item: Leftovers
|turn|5
|
|switch|p2a: Garchomp|Garchomp, F|358\/358
|move|p1a: Venus|Hidden Power|p2a: Garchomp
|-resisted|p2a: Garchomp
|-damage|p2a: Garchomp|312\/358
|
|-heal|p2a: Garchomp|334\/358|[from] item: Leftovers
|turn|6
|
|move|p2a: Garchomp|Swords Dance|p2a: Garchomp
|-boost|p2a: Garchomp|atk|2
|move|p1a: Venus|Giga Drain|p2a: Garchomp
|-damage|p2a: Garchomp|163\/358
|-heal|p1a: Venus|360\/364|[from] drain|[of] p2a: Garchomp
|
|-heal|p2a: Garchomp|185\/358|[from] item: Leftovers
|turn|7
|
|switch|p1a: Earthbound|Landorus-Therian, M|320\/320
|-ability|p1a: Earthbound|Intimidate|[of] p2a: Garchomp
|-unboost|p2a: Garchomp|atk|1
|move|p2a: Garchomp|Earthquake|p1a: Earthbound
|-immune|p1a: Earthbound|[msg]
|
|-heal|p2a: Garchomp|207\/358|[from] item: Leftovers
|turn|8
|
|move|p1a: Earthbound|Earthquake|p2a: Garchomp
|-damage|p2a: Garchomp|11\/358
|move|p2a: Garchomp|Dragon Claw|p1a: Earthbound
|-damage|p1a: Earthbound|106\/320
|
|-heal|p2a: Garchomp|33\/358|[from] item: Leftovers
|turn|9
|
|switch|p2a: Zelda|Gardevoir, F|278\/278
|-ability|p2a: Zelda|Intimidate|[from] ability: Trace|[of] p1a: Earthbound
|-ability|p2a: Zelda|Intimidate|[of] p1a: Earthbound
|-unboost|p1a: Earthbound|atk|1
|move|p1a: Earthbound|Earthquake|p2a: Zelda
|-crit|p2a: Zelda
|-damage|p2a: Zelda|0 fnt
|faint|p2a: Zelda
|
|
|switch|p2a: Ferrothorn|Ferrothorn, F|151\/352
|turn|10
|
|switch|p1a: Tenpin|Ferrothorn, M|351\/351
|move|p2a: Ferrothorn|Gyro Ball|p1a: Tenpin
|-resisted|p1a: Tenpin
|-damage|p1a: Tenpin|342\/351
|-damage|p2a: Ferrothorn|107\/352|[from] ability: Iron Barbs|[of] p1a: Tenpin
|
|-heal|p1a: Tenpin|351\/351|[from] item: Leftovers
|-heal|p2a: Ferrothorn|129\/352|[from] item: Leftovers
|turn|11
|
|move|p1a: Tenpin|Stealth Rock|p2a: Ferrothorn
|-sidestart|p2: kiks1|move: Stealth Rock
|move|p2a: Ferrothorn|Gyro Ball|p1a: Tenpin
|-resisted|p1a: Tenpin
|-damage|p1a: Tenpin|342\/351
|-damage|p2a: Ferrothorn|85\/352|[from] ability: Iron Barbs|[of] p1a: Tenpin
|
|-heal|p2a: Ferrothorn|107\/352|[from] item: Leftovers
|-heal|p1a: Tenpin|351\/351|[from] item: Leftovers
|turn|12
|
|switch|p1a: Venus|Venusaur-Mega, F|360\/364
|move|p2a: Ferrothorn|Curse|p2a: Ferrothorn
|-boost|p2a: Ferrothorn|atk|1
|-boost|p2a: Ferrothorn|def|1
|-unboost|p2a: Ferrothorn|spe|1
|
|-heal|p2a: Ferrothorn|129\/352|[from] item: Leftovers
|turn|13
|
|move|p1a: Venus|Hidden Power|p2a: Ferrothorn
|-supereffective|p2a: Ferrothorn
|-damage|p2a: Ferrothorn|0 fnt
|faint|p2a: Ferrothorn
|
|
|switch|p2a: Mawile|Mawile, M|304\/304
|-damage|p2a: Mawile|285\/304|[from] Stealth Rock
|-ability|p2a: Mawile|Intimidate|[of] p1a: Venus
|-unboost|p1a: Venus|atk|1
|turn|14
|
|detailschange|p2a: Mawile|Mawile-Mega, M
|message|Mawile has Mega Evolved into Mega Mawile!
|move|p1a: Venus|Hidden Power|p2a: Mawile
|-supereffective|p2a: Mawile
|-damage|p2a: Mawile|129\/304
|move|p2a: Mawile|Swords Dance|p2a: Mawile
|-boost|p2a: Mawile|atk|2
|
|turn|15
|
|move|p2a: Mawile|Sucker Punch|p1a: Venus
|-fail|p1a: Venus
|move|p1a: Venus|Leech Seed|p2a: Mawile
|-start|p2a: Mawile|move: Leech Seed
|
|-damage|p2a: Mawile|91\/304|[from] Leech Seed|[of] p1a: Venus
|-heal|p1a: Venus|364\/364|[silent]
|turn|16
|
|switch|p1a: Earthbound|Landorus-Therian, M|106\/320
|-ability|p1a: Earthbound|Intimidate|[of] p2a: Mawile
|-unboost|p2a: Mawile|atk|1
|move|p2a: Mawile|Sucker Punch|p1a: Earthbound
|-fail|p1a: Earthbound
|
|-damage|p2a: Mawile|53\/304|[from] Leech Seed|[of] p1a: Earthbound
|-heal|p1a: Earthbound|144\/320|[silent]
|turn|17
|
|switch|p1a: Tenpin|Ferrothorn, M|351\/351
|move|p2a: Mawile|Sucker Punch|p1a: Tenpin
|-fail|p1a: Tenpin
|
|-damage|p2a: Mawile|15\/304|[from] Leech Seed|[of] p1a: Tenpin
|turn|18
|
|move|p1a: Tenpin|Protect|p1a: Tenpin
|-singleturn|p1a: Tenpin|Protect
|move|p2a: Mawile|Iron Head|p1a: Tenpin
|-activate|p1a: Tenpin|Protect
|
|-damage|p2a: Mawile|0 fnt|[from] Leech Seed|[of] p1a: Tenpin
|faint|p2a: Mawile
|chat|kiks1|predicted me out, gg
|-message|kiks1 forfeited.
|
|win|GoodVibes808
|raw|Ladder updating...
|leave|kiks1
|player|p2
|raw|GoodVibes808's rating: 1724 &rarr; <strong>1740<\/strong><br \/>(+16 for winning)
|raw|kiks1's rating: 1652 &rarr; <strong>1636<\/strong><br \/>(-16 for losing)
|chat|GoodVibes808|predicted?
|chat|GoodVibes808|lol even without