|join|call me luzu
|join|GoodVibes808
|player|p1|call me luzu|137
|player|p2|GoodVibes808|244
|gametype|singles
|gen|6
|tier|OU
|rated
|clearpoke
|poke|p1|Gyarados, M
|poke|p1|Latios, M
|poke|p1|Raikou
|poke|p1|Landorus-Therian, M
|poke|p1|Talonflame, M
|poke|p1|Sylveon, F
|poke|p2|Landorus-Therian, M
|poke|p2|Zapdos, shiny
|poke|p2|Ferrothorn, M
|poke|p2|Gyarados, M, shiny
|poke|p2|Amoonguss, F, shiny
|poke|p2|Latios, M, shiny
|rule|Swagger Clause: Swagger is banned
|rule|Baton Pass Clause: Limit one PokÃ©mon knowing Baton Pass
|rule|Sleep Clause Mod: Limit one foe put to sleep
|rule|Species Clause: Limit one of each PokÃ©mon
|rule|OHKO Clause: OHKO moves are banned
|rule|Moody Clause: Moody is banned
|rule|Evasion Moves Clause: Evasion moves are banned
|rule|Endless Battle Clause: Forcing endless battles is banned
|rule|HP Percentage Mod: HP is shown in percentages
|teampreview
|
|start
|switch|p1a: Gyarados|Gyarados, M|331\/331
|switch|p2a: Tenpin|Ferrothorn, M|351\/351
|-ability|p1a: Gyarados|Intimidate|[of] p2a: Tenpin
|-unboost|p2a: Tenpin|atk|1
|turn|1
|
|move|p1a: Gyarados|Taunt|p2a: Tenpin
|-start|p2a: Tenpin|move: Taunt
|cant|p2a: Tenpin|move: Taunt|Leech Seed
|
|turn|2
|join|hellopussy
|
|switch|p2a: Earthbound|Landorus-Therian, M|319\/319
|-ability|p2a: Earthbound|Intimidate|[of] p1a: Gyarados
|-unboost|p1a: Gyarados|atk|1
|move|p1a: Gyarados|Dragon Dance|p1a: Gyarados
|-boost|p1a: Gyarados|atk|1
|-boost|p1a: Gyarados|spe|1
|
|turn|3
|
|switch|p1a: Landorus-Therian|Landorus-Therian, M|381\/381
|-ability|p1a: Landorus-Therian|Intimidate|[of] p2a: Earthbound
|-unboost|p2a: Earthbound|atk|1
|move|p2a: Earthbound|Stone Edge|p1a: Landorus-Therian|[miss]
|-miss|p2a: Earthbound|p1a: Landorus-Therian
|
|turn|4
|
|switch|p2a: Tenpin|Ferrothorn, M|351\/351
|move|p1a: Landorus-Therian|Stealth Rock|p2a: Tenpin
|-sidestart|p2: GoodVibes808|move: Stealth Rock
|
|turn|5
|
|switch|p1a: Talonflame|Talonflame, M|319\/319
|move|p2a: Tenpin|Stealth Rock|p1a: Talonflame
|-sidestart|p1: call me luzu|move: Stealth Rock
|
|turn|6
|
|switch|p2a: Earthbound|Landorus-Therian, M|319\/319
|-damage|p2a: Earthbound|280\/319|[from] Stealth Rock
|-ability|p2a: Earthbound|Intimidate|[of] p1a: Talonflame
|-unboost|p1a: Talonflame|atk|1
|move|p1a: Talonflame|Flare Blitz|p2a: Earthbound
|-damage|p2a: Earthbound|165\/319
|-damage|p1a: Talonflame|281\/319|[from] recoil|[of] p2a: Earthbound
|
|turn|7
|
|move|p2a: Earthbound|Stone Edge|p1a: Talonflame
|-supereffective|p1a: Talonflame
|-damage|p1a: Talonflame|0 fnt
|faint|p1a: Talonflame
|
|
|switch|p1a: Landorus-Therian|Landorus-Therian, M|381\/381
|-damage|p1a: Landorus-Therian|334\/381|[from] Stealth Rock
|-ability|p1a: Landorus-Therian|Intimidate|[of] p2a: Earthbound
|-unboost|p2a: Earthbound|atk|1
|turn|8
|
|switch|p2a: Tenpin|Ferrothorn, M|351\/351
|-damage|p2a: Tenpin|330\/351|[from] Stealth Rock
|move|p1a: Landorus-Therian|U-turn|p2a: Tenpin
|-damage|p2a: Tenpin|256\/351
|-damage|p1a: Landorus-Therian|287\/381|[from] ability: Iron Barbs|[of] p2a: Tenpin
|
|switch|p1a: Gyarados|Gyarados, M|331\/331
|-damage|p1a: Gyarados|249\/331|[from] Stealth Rock
|-ability|p1a: Gyarados|Intimidate|[of] p2a: Tenpin
|-unboost|p2a: Tenpin|atk|1
|
|-heal|p2a: Tenpin|277\/351|[from] item: Leftovers
|turn|9
|
|switch|p2a: Earthbound|Landorus-Therian, M|165\/319
|-damage|p2a: Earthbound|126\/319|[from] Stealth Rock
|-ability|p2a: Earthbound|Intimidate|[of] p1a: Gyarados
|-unboost|p1a: Gyarados|atk|1
|move|p1a: Gyarados|Dragon Dance|p1a: Gyarados
|-boost|p1a: Gyarados|atk|1
|-boost|p1a: Gyarados|spe|1
|
|turn|10
|
|switch|p1a: Landorus-Therian|Landorus-Therian, M|287\/381
|-damage|p1a: Landorus-Therian|240\/381|[from] Stealth Rock
|-ability|p1a: Landorus-Therian|Intimidate|[of] p2a: Earthbound
|-unboost|p2a: Earthbound|atk|1
|move|p2a: Earthbound|Stone Edge|p1a: Landorus-Therian
|-damage|p1a: Landorus-Therian|154\/381
|
|turn|11
|
|switch|p2a: Tenpin|Ferrothorn, M|277\/351
|-damage|p2a: Tenpin|256\/351|[from] Stealth Rock
|move|p1a: Landorus-Therian|Knock Off|p2a: Tenpin
|-damage|p2a: Tenpin|165\/351
|-damage|p1a: Landorus-Therian|107\/381|[from] ability: Iron Barbs|[of] p2a: Tenpin
|-enditem|p2a: Tenpin|Leftovers|[from] move: Knock Off|[of] p1a: Landorus-Therian
|
|turn|12
|
|move|p1a: Landorus-Therian|Earthquake|p2a: Tenpin
|-damage|p2a: Tenpin|0 fnt
|faint|p2a: Tenpin
|
|
|switch|p2a: Orochi|Gyarados, M, shiny|331\/331
|-damage|p2a: Orochi|249\/331|[from] Stealth Rock
|-ability|p2a: Orochi|Intimidate|[of] p1a: Landorus-Therian
|-unboost|p1a: Landorus-Therian|atk|1
|turn|13
|
|move|p2a: Orochi|Dragon Dance|p2a: Orochi
|-boost|p2a: Orochi|atk|1
|-boost|p2a: Orochi|spe|1
|move|p1a: Landorus-Therian|U-turn|p2a: Orochi
|-resisted|p2a: Orochi
|-damage|p2a: Orochi|207\/331
|
|switch|p1a: Gyarados|Gyarados, M|249\/331
|-damage|p1a: Gyarados|167\/331|[from] Stealth Rock
|-ability|p1a: Gyarados|Intimidate|[of] p2a: Orochi
|-unboost|p2a: Orochi|atk|1
|
|turn|14
|
|detailschange|p2a: Orochi|Gyarados-Mega, M, shiny
|-mega|p2a: Orochi|Gyarados|Gyaradosite
|-ability|p2a: Orochi|Mold Breaker
|detailschange|p1a: Gyarados|Gyarados-Mega, M
|-mega|p1a: Gyarados|Gyarados|Gyaradosite
|-ability|p1a: Gyarados|Mold Breaker
|move|p2a: Orochi|Dragon Dance|p2a: Orochi
|-boost|p2a: Orochi|atk|1
|-boost|p2a: Orochi|spe|1
|move|p1a: Gyarados|Taunt|p2a: Orochi
|-start|p2a: Orochi|move: Taunt
|
|turn|15
|
|move|p2a: Orochi|Earthquake|p1a: Gyarados
|-damage|p1a: Gyarados|0 fnt
|faint|p1a: Gyarados
|
|
|switch|p1a: Landorus-Therian|Landorus-Therian, M|107\/381
|-damage|p1a: Landorus-Therian|60\/381|[from] Stealth Rock
|-ability|p1a: Landorus-Therian|Intimidate|[of] p2a: Orochi
|-unboost|p2a: Orochi|atk|1
|turn|16
|c|âcall me luzu|gg
|
|switch|p1a: Sylveon|Sylveon, F|392\/392
|-damage|p1a: Sylveon|343\/392|[from] Stealth Rock
|move|p2a: Orochi|Waterfall|p1a: Sylveon
|-damage|p1a: Sylveon|93\/392
|
|turn|17
|-message|call me luzu forfeited.
|
|win|GoodVibes808
|raw|Ladder updating...
|leave|call me luzu
|player|p1
|raw|call me luzu's rating: 1507 &rarr; <strong>1486<\/strong><br \/>(-21 for losing)
|raw|GoodVibes808's rating: 1488 &rarr; <strong>1509<\/strong><br \/>(+21 for winning)
|c|âGoodVibes808|battle of the giant shrimps