|join|GoodVibes808
|join|eliredd
|player|p1|GoodVibes808|244
|player|p2|eliredd|1
|gametype|singles
|gen|6
|tier|OU
|rated
|clearpoke
|poke|p1|Landorus-Therian, M
|poke|p1|Zapdos, shiny
|poke|p1|Ferrothorn, M
|poke|p1|Gyarados, M, shiny
|poke|p1|Amoonguss, F, shiny
|poke|p1|Latios, M, shiny
|poke|p2|Metagross
|poke|p2|Rotom-Wash
|poke|p2|Landorus-Therian, M
|poke|p2|Conkeldurr, F
|poke|p2|Sylveon, M
|poke|p2|Garchomp, F
|rule|Swagger Clause: Swagger is banned
|rule|Baton Pass Clause: Limit one PokÃ©mon knowing Baton Pass
|rule|Sleep Clause Mod: Limit one foe put to sleep
|rule|Species Clause: Limit one of each PokÃ©mon
|rule|OHKO Clause: OHKO moves are banned
|rule|Moody Clause: Moody is banned
|rule|Evasion Moves Clause: Evasion moves are banned
|rule|Endless Battle Clause: Forcing endless battles is banned
|rule|HP Percentage Mod: HP is shown in percentages
|teampreview
|
|start
|switch|p1a: Tenpin|Ferrothorn, M|351\/351
|switch|p2a: Conkeldurr|Conkeldurr, F|352\/352
|turn|1
|
|move|p2a: Conkeldurr|Knock Off|p1a: Tenpin
|-crit|p1a: Tenpin
|-damage|p1a: Tenpin|218\/351
|-damage|p2a: Conkeldurr|308\/352|[from] ability: Iron Barbs|[of] p1a: Tenpin
|-enditem|p1a: Tenpin|Leftovers|[from] move: Knock Off|[of] p2a: Conkeldurr
|move|p1a: Tenpin|Stealth Rock|p2a: Conkeldurr
|-sidestart|p2: eliredd|move: Stealth Rock
|
|turn|2
|
|switch|p1a: Orochi|Gyarados, M, shiny|331\/331
|-ability|p1a: Orochi|Intimidate|[of] p2a: Conkeldurr
|-unboost|p2a: Conkeldurr|atk|1
|move|p2a: Conkeldurr|Drain Punch|p1a: Orochi
|-resisted|p1a: Orochi
|-damage|p1a: Orochi|266\/331
|-heal|p2a: Conkeldurr|341\/352|[from] drain|[of] p1a: Orochi
|
|turn|3
|
|switch|p2a: Rotom-Wash|Rotom-Wash|294\/294
|-damage|p2a: Rotom-Wash|258\/294|[from] Stealth Rock
|move|p1a: Orochi|Dragon Dance|p1a: Orochi
|-boost|p1a: Orochi|atk|1
|-boost|p1a: Orochi|spe|1
|
|-heal|p2a: Rotom-Wash|276\/294|[from] item: Leftovers
|turn|4
|
|detailschange|p1a: Orochi|Gyarados-Mega, M, shiny
|-mega|p1a: Orochi|Gyarados|Gyaradosite
|-ability|p1a: Orochi|Mold Breaker
|move|p1a: Orochi|Earthquake|p2a: Rotom-Wash
|-supereffective|p2a: Rotom-Wash
|-damage|p2a: Rotom-Wash|0 fnt
|faint|p2a: Rotom-Wash
|
|
|switch|p2a: Conkeldurr|Conkeldurr, F|341\/352
|-damage|p2a: Conkeldurr|319\/352|[from] Stealth Rock
|turn|5
|
|switch|p1a: Earthbound|Landorus-Therian, M|319\/319
|-ability|p1a: Earthbound|Intimidate|[of] p2a: Conkeldurr
|-unboost|p2a: Conkeldurr|atk|1
|move|p2a: Conkeldurr|Drain Punch|p1a: Earthbound
|-resisted|p1a: Earthbound
|-damage|p1a: Earthbound|259\/319
|-heal|p2a: Conkeldurr|349\/352|[from] drain|[of] p1a: Earthbound
|
|turn|6
|
|move|p1a: Earthbound|U-turn|p2a: Conkeldurr
|-resisted|p2a: Conkeldurr
|-damage|p2a: Conkeldurr|306\/352
|
|switch|p1a: Portobello|Amoonguss, F, shiny|432\/432
|move|p2a: Conkeldurr|Knock Off|p1a: Portobello
|-damage|p1a: Portobello|343\/432
|-enditem|p1a: Portobello|Black Sludge|[from] move: Knock Off|[of] p2a: Conkeldurr
|
|turn|7
|
|switch|p2a: Sylveon|Sylveon, M|392\/392
|-damage|p2a: Sylveon|343\/392|[from] Stealth Rock
|move|p1a: Portobello|Spore|p2a: Sylveon
|-status|p2a: Sylveon|slp
|
|turn|8
|
|switch|p2a: Metagross|Metagross|301\/301
|-damage|p2a: Metagross|283\/301|[from] Stealth Rock
|switch|p1a: Orochi|Gyarados-Mega, M, shiny|266\/331
|-ability|p1a: Orochi|Mold Breaker
|
|turn|9
|
|switch|p2a: Landorus-Therian|Landorus-Therian, M|361\/361
|-damage|p2a: Landorus-Therian|316\/361|[from] Stealth Rock
|-ability|p2a: Landorus-Therian|Intimidate|[of] p1a: Orochi
|-unboost|p1a: Orochi|atk|1
|move|p1a: Orochi|Dragon Dance|p1a: Orochi
|-boost|p1a: Orochi|atk|1
|-boost|p1a: Orochi|spe|1
|
|-heal|p2a: Landorus-Therian|338\/361|[from] item: Leftovers
|turn|10
|
|move|p1a: Orochi|Dragon Dance|p1a: Orochi
|-boost|p1a: Orochi|atk|1
|-boost|p1a: Orochi|spe|1
|move|p2a: Landorus-Therian|U-turn|p1a: Orochi
|-supereffective|p1a: Orochi
|-damage|p1a: Orochi|134\/331
|
|switch|p2a: Conkeldurr|Conkeldurr, F|306\/352
|-damage|p2a: Conkeldurr|284\/352|[from] Stealth Rock
|
|turn|11
|
|move|p1a: Orochi|Waterfall|p2a: Conkeldurr
|-damage|p2a: Conkeldurr|37\/352
|cant|p2a: Conkeldurr|flinch
|
|turn|12
|c|âeliredd|and the game
|
|move|p2a: Conkeldurr|Mach Punch|p1a: Orochi
|-supereffective|p1a: Orochi
|-damage|p1a: Orochi|0 fnt
|faint|p1a: Orochi
|
|
|switch|p1a: Raiton|Zapdos, shiny|383\/383
|-ability|p1a: Raiton|Pressure
|turn|13
|c|âeliredd|well at least i got a high roll on mach punch
|
|move|p1a: Raiton|Heat Wave|p2a: Conkeldurr
|-damage|p2a: Conkeldurr|0 fnt
|faint|p2a: Conkeldurr
|
|
|switch|p2a: Landorus-Therian|Landorus-Therian, M|338\/361
|-damage|p2a: Landorus-Therian|293\/361|[from] Stealth Rock
|-ability|p2a: Landorus-Therian|Intimidate|[of] p1a: Raiton
|-unboost|p1a: Raiton|atk|1
|turn|14
|
|switch|p1a: Tenpin|Ferrothorn, M|218\/351
|move|p2a: Landorus-Therian|Stealth Rock|p1a: Tenpin
|-sidestart|p1: GoodVibes808|move: Stealth Rock
|
|-heal|p2a: Landorus-Therian|315\/361|[from] item: Leftovers
|turn|15
|
|move|p2a: Landorus-Therian|Earthquake|p1a: Tenpin
|-damage|p1a: Tenpin|97\/351
|move|p1a: Tenpin|Leech Seed|p2a: Landorus-Therian
|-start|p2a: Landorus-Therian|move: Leech Seed
|
|-heal|p2a: Landorus-Therian|337\/361|[from] item: Leftovers
|-damage|p2a: Landorus-Therian|292\/361|[from] Leech Seed|[of] p1a: Tenpin
|-heal|p1a: Tenpin|142\/351|[silent]
|turn|16
|
|move|p2a: Landorus-Therian|Earthquake|p1a: Tenpin
|-damage|p1a: Tenpin|37\/351
|move|p1a: Tenpin|Gyro Ball|p2a: Landorus-Therian
|-damage|p2a: Landorus-Therian|163\/361
|
|-heal|p2a: Landorus-Therian|185\/361|[from] item: Leftovers
|-damage|p2a: Landorus-Therian|140\/361|[from] Leech Seed|[of] p1a: Tenpin
|-heal|p1a: Tenpin|82\/351|[silent]
|turn|17
|
|move|p1a: Tenpin|Protect|p1a: Tenpin
|-singleturn|p1a: Tenpin|Protect
|move|p2a: Landorus-Therian|U-turn|p1a: Tenpin
|-activate|p1a: Tenpin|Protect
|
|-heal|p2a: Landorus-Therian|162\/361|[from] item: Leftovers
|-damage|p2a: Landorus-Therian|117\/361|[from] Leech Seed|[of] p1a: Tenpin
|-heal|p1a: Tenpin|127\/351|[silent]
|turn|18
|
|move|p2a: Landorus-Therian|Earthquake|p1a: Tenpin
|-damage|p1a: Tenpin|15\/351
|move|p1a: Tenpin|Leech Seed|p2a: Landorus-Therian
|-fail|p2a: Landorus-Therian
|
|-heal|p2a: Landorus-Therian|139\/361|[from] item: Leftovers
|-damage|p2a: Landorus-Therian|94\/361|[from] Leech Seed|[of] p1a: Tenpin
|-heal|p1a: Tenpin|60\/351|[silent]
|turn|19
|
|move|p1a: Tenpin|Protect|p1a: Tenpin
|-singleturn|p1a: Tenpin|Protect
|move|p2a: Landorus-Therian|Earthquake|p1a: Tenpin
|-activate|p1a: Tenpin|Protect
|
|-heal|p2a: Landorus-Therian|116\/361|[from] item: Leftovers
|-damage|p2a: Landorus-Therian|71\/361|[from] Leech Seed|[of] p1a: Tenpin
|-heal|p1a: Tenpin|105\/351|[silent]
|turn|20
|
|switch|p1a: Earthbound|Landorus-Therian, M|259\/319
|-damage|p1a: Earthbound|220\/319|[from] Stealth Rock
|-ability|p1a: Earthbound|Intimidate|[of] p2a: Landorus-Therian
|-unboost|p2a: Landorus-Therian|atk|1
|move|p2a: Landorus-Therian|Earthquake|p1a: Earthbound
|-immune|p1a: Earthbound|[msg]
|
|-heal|p2a: Landorus-Therian|93\/361|[from] item: Leftovers
|-damage|p2a: Landorus-Therian|48\/361|[from] Leech Seed|[of] p1a: Earthbound
|-heal|p1a: Earthbound|265\/319|[silent]
|turn|21
|
|move|p1a: Earthbound|Knock Off|p2a: Landorus-Therian
|-damage|p2a: Landorus-Therian|0 fnt
|-enditem|p2a: Landorus-Therian|Leftovers|[from] move: Knock Off|[of] p1a: Earthbound
|faint|p2a: Landorus-Therian
|
|
|switch|p2a: Metagross|Metagross|283\/301
|-damage|p2a: Metagross|265\/301|[from] Stealth Rock
|turn|22
|
|switch|p1a: Portobello|Amoonguss, F, shiny|432\/432
|-damage|p1a: Portobello|378\/432|[from] Stealth Rock
|detailschange|p2a: Metagross|Metagross-Mega
|-mega|p2a: Metagross|Metagross|Metagrossite
|move|p2a: Metagross|Ice Punch|p1a: Portobello
|-supereffective|p1a: Portobello
|-damage|p1a: Portobello|100\/432
|
|turn|23
|
|move|p2a: Metagross|Ice Punch|p1a: Portobello
|-crit|p1a: Portobello
|-supereffective|p1a: Portobello
|-damage|p1a: Portobello|0 fnt
|faint|p1a: Portobello
|
|
|switch|p1a: Earthbound|Landorus-Therian, M|265\/319
|-damage|p1a: Earthbound|226\/319|[from] Stealth Rock
|-ability|p1a: Earthbound|Intimidate|[of] p2a: Metagross
|-unboost|p2a: Metagross|atk|1
|turn|24
|
|switch|p2a: Sylveon|Sylveon, M|343\/392 slp
|-damage|p2a: Sylveon|294\/392 slp|[from] Stealth Rock
|move|p1a: Earthbound|Earthquake|p2a: Sylveon
|-damage|p2a: Sylveon|18\/392 slp
|
|turn|25
|
|move|p1a: Earthbound|Earthquake|p2a: Sylveon
|-damage|p2a: Sylveon|0 fnt
|faint|p2a: Sylveon
|
|
|switch|p2a: Garchomp|Garchomp, F|357\/357
|-damage|p2a: Garchomp|335\/357|[from] Stealth Rock
|turn|26
|
|switch|p1a: Raiton|Zapdos, shiny|383\/383
|-damage|p1a: Raiton|288\/383|[from] Stealth Rock
|-ability|p1a: Raiton|Pressure
|move|p2a: Garchomp|Fire Blast|p1a: Raiton
|-damage|p1a: Raiton|211\/383
|
|turn|27
|
|switch|p2a: Metagross|Metagross-Mega|265\/301
|-damage|p2a: Metagross|247\/301|[from] Stealth Rock
|move|p1a: Raiton|Roost|p1a: Raiton
|-heal|p1a: Raiton|383\/383
|
|turn|28
|
|switch|p2a: Garchomp|Garchomp, F|335\/357
|-damage|p2a: Garchomp|313\/357|[from] Stealth Rock
|move|p1a: Raiton|Heat Wave|p2a: Garchomp
|-resisted|p2a: Garchomp
|-damage|p2a: Garchomp|254\/357
|-status|p2a: Garchomp|brn
|
|-damage|p2a: Garchomp|210\/357 brn|[from] brn
|turn|29
|
|move|p2a: Garchomp|Stone Edge|p1a: Raiton
|-supereffective|p1a: Raiton
|-damage|p1a: Raiton|271\/383
|move|p1a: Raiton|Roost|p1a: Raiton
|-heal|p1a: Raiton|383\/383
|
|-damage|p2a: Garchomp|166\/357 brn|[from] brn
|turn|30
|
|switch|p1a: Tenpin|Ferrothorn, M|105\/351
|-damage|p1a: Tenpin|84\/351|[from] Stealth Rock
|move|p2a: Garchomp|Stone Edge|p1a: Tenpin
|-crit|p1a: Tenpin
|-resisted|p1a: Tenpin
|-damage|p1a: Tenpin|54\/351
|
|-damage|p2a: Garchomp|122\/357 brn|[from] brn
|turn|31
|
|move|p2a: Garchomp|Stone Edge|p1a: Tenpin
|-resisted|p1a: Tenpin
|-damage|p1a: Tenpin|32\/351
|move|p1a: Tenpin|Leech Seed|p2a: Garchomp
|-start|p2a: Garchomp|move: Leech Seed
|
|-damage|p2a: Garchomp|78\/357 brn|[from] Leech Seed|[of] p1a: Tenpin
|-heal|p1a: Tenpin|76\/351|[silent]
|-damage|p2a: Garchomp|34\/357 brn|[from] brn
|turn|32
|
|move|p2a: Garchomp|Stone Edge|p1a: Tenpin|[miss]
|-miss|p2a: Garchomp|p1a: Tenpin
|move|p1a: Tenpin|Leech Seed|p2a: Garchomp
|-fail|p2a: Garchomp
|
|-damage|p2a: Garchomp|0 fnt|[from] Leech Seed|[of] p1a: Tenpin
|-heal|p1a: Tenpin|110\/351|[silent]
|faint|p2a: Garchomp
|
|switch|p2a: Metagross|Metagross-Mega|247\/301
|-damage|p2a: Metagross|229\/301|[from] Stealth Rock
|turn|33
|
|move|p2a: Metagross|Earthquake|p1a: Tenpin
|-damage|p1a: Tenpin|12\/351
|move|p1a: Tenpin|Leech Seed|p2a: Metagross
|-start|p2a: Metagross|move: Leech Seed
|
|-damage|p2a: Metagross|192\/301|[from] Leech Seed|[of] p1a: Tenpin
|-heal|p1a: Tenpin|49\/351|[silent]
|turn|34
|
|move|p1a: Tenpin|Protect|p1a: Tenpin
|-singleturn|p1a: Tenpin|Protect
|move|p2a: Metagross|Ice Punch|p1a: Tenpin
|-activate|p1a: Tenpin|Protect
|
|-damage|p2a: Metagross|155\/301|[from] Leech Seed|[of] p1a: Tenpin
|-heal|p1a: Tenpin|86\/351|[silent]
|turn|35
|
|move|p2a: Metagross|Ice Punch|p1a: Tenpin
|-damage|p1a: Tenpin|1\/351
|-damage|p2a: Metagross|118\/301|[from] ability: Iron Barbs|[of] p1a: Tenpin
|move|p1a: Tenpin|Gyro Ball|p2a: Metagross
|-resisted|p2a: Metagross
|-damage|p2a: Metagross|60\/301
|
|-damage|p2a: Metagross|23\/301|[from] Leech Seed|[of] p1a: Tenpin
|-heal|p1a: Tenpin|38\/351|[silent]
|turn|36
|-message|eliredd forfeited.
|leave|eliredd
|
|win|GoodVibes808
|raw|Ladder updating...
|player|p2
|raw|GoodVibes808's rating: 1569 &rarr; <strong>1584<\/strong><br \/>(+15 for winning)
|raw|eliredd's rating: 1450 &rarr; <strong>1436<\/strong><br \/>(-14 for losing)
|c|âGoodVibes808|wunderbar