|join|charan29
|join|GoodVibes808
|player|p1|charan29|1
|player|p2|GoodVibes808|244
|gametype|singles
|gen|6
|tier|OU (suspect test)
|rated
|clearpoke
|poke|p1|Dragonite, M
|poke|p1|Salamence, M
|poke|p1|Goodra, F
|poke|p1|Smeargle, F
|poke|p1|Garchomp, M
|poke|p1|Tyranitar, F
|poke|p2|Landorus-Therian, M
|poke|p2|Rotom-Wash
|poke|p2|Keldeo
|poke|p2|Heatran, M, shiny
|poke|p2|Metagross, shiny
|poke|p2|Latias, F
|rule|Swagger Clause: Swagger is banned
|rule|Baton Pass Clause: Limit one PokÃ©mon knowing Baton Pass
|rule|Sleep Clause Mod: Limit one foe put to sleep
|rule|Species Clause: Limit one of each PokÃ©mon
|rule|OHKO Clause: OHKO moves are banned
|rule|Moody Clause: Moody is banned
|rule|Evasion Moves Clause: Evasion moves are banned
|rule|Endless Battle Clause: Forcing endless battles is banned
|rule|HP Percentage Mod: HP is shown in percentages
|teampreview
|
|start
|switch|p1a: Salamence|Salamence, M|331\/331
|switch|p2a: Earthbound|Landorus-Therian, M|319\/319
|-ability|p2a: Earthbound|Intimidate|[of] p1a: Salamence
|-unboost|p1a: Salamence|atk|1
|turn|1
|
|move|p2a: Earthbound|U-turn|p1a: Salamence
|-resisted|p1a: Salamence
|-damage|p1a: Salamence|279\/331
|
|switch|p2a: Tumblr|Rotom-Wash|304\/304
|move|p1a: Salamence|Aqua Tail|p2a: Tumblr
|-crit|p2a: Tumblr
|-resisted|p2a: Tumblr
|-damage|p2a: Tumblr|216\/304
|
|-heal|p2a: Tumblr|235\/304|[from] item: Leftovers
|turn|2
|
|move|p1a: Salamence|Outrage|p2a: Tumblr
|-damage|p2a: Tumblr|94\/304
|move|p2a: Tumblr|Will-O-Wisp|p1a: Salamence
|-status|p1a: Salamence|brn
|
|-heal|p2a: Tumblr|113\/304|[from] item: Leftovers
|-damage|p1a: Salamence|238\/331 brn|[from] brn
|turn|3
|
|move|p1a: Salamence|Outrage|p2a: Tumblr
|-crit|p2a: Tumblr
|-damage|p2a: Tumblr|0 fnt
|faint|p2a: Tumblr
|-boost|p1a: Salamence|atk|1|[from] ability: Moxie
|
|-damage|p1a: Salamence|197\/331 brn|[from] brn
|
|switch|p2a: Earthbound|Landorus-Therian, M|319\/319
|-ability|p2a: Earthbound|Intimidate|[of] p1a: Salamence
|-unboost|p1a: Salamence|atk|1
|turn|4
|
|move|p2a: Earthbound|Stone Edge|p1a: Salamence
|-supereffective|p1a: Salamence
|-damage|p1a: Salamence|0 fnt
|faint|p1a: Salamence
|
|
|switch|p1a: Smeargle|Smeargle, F|314\/314
|turn|5
|
|move|p2a: Earthbound|Stone Edge|p1a: Smeargle
|-damage|p1a: Smeargle|7\/314
|move|p1a: Smeargle|Spore|p2a: Earthbound
|-status|p2a: Earthbound|slp
|
|turn|6
|
|switch|p2a: Adamantium|Metagross, shiny|301\/301
|switch|p1a: Tyranitar|Tyranitar, F|404\/404
|-weather|Sandstorm
|
|-weather|Sandstorm|[upkeep]
|turn|7
|
|detailschange|p2a: Adamantium|Metagross-Mega, shiny
|-mega|p2a: Adamantium|Metagross|Metagrossite
|detailschange|p1a: Tyranitar|Tyranitar-Mega, F
|-mega|p1a: Tyranitar|Tyranitar|Tyranitarite
|move|p2a: Adamantium|Meteor Mash|p1a: Tyranitar
|-supereffective|p1a: Tyranitar
|-damage|p1a: Tyranitar|68\/404
|move|p1a: Tyranitar|Dragon Dance|p1a: Tyranitar
|-boost|p1a: Tyranitar|atk|1
|-boost|p1a: Tyranitar|spe|1
|
|-weather|Sandstorm|[upkeep]
|turn|8
|
|switch|p2a: Earthbound|Landorus-Therian, M|319\/319 slp
|-ability|p2a: Earthbound|Intimidate|[of] p1a: Tyranitar
|-unboost|p1a: Tyranitar|atk|1
|move|p1a: Tyranitar|Crunch|p2a: Earthbound
|-crit|p2a: Earthbound
|-damage|p2a: Earthbound|22\/319 slp
|
|-weather|Sandstorm|[upkeep]
|turn|9
|
|cant|p2a: Earthbound|slp
|move|p1a: Tyranitar|Dragon Dance|p1a: Tyranitar
|-boost|p1a: Tyranitar|atk|1
|-boost|p1a: Tyranitar|spe|1
|
|-weather|Sandstorm|[upkeep]
|turn|10
|
|cant|p2a: Earthbound|slp
|move|p1a: Tyranitar|Crunch|p2a: Earthbound
|-damage|p2a: Earthbound|0 fnt
|faint|p2a: Earthbound
|
|-weather|none
|
|switch|p2a: Epona|Keldeo|322\/322
|turn|11
|
|move|p1a: Tyranitar|Earthquake|p2a: Epona
|-damage|p2a: Epona|55\/322
|move|p2a: Epona|Scald|p1a: Tyranitar
|-supereffective|p1a: Tyranitar
|-damage|p1a: Tyranitar|0 fnt
|faint|p1a: Tyranitar
|
|-heal|p2a: Epona|75\/322|[from] item: Leftovers
|
|switch|p1a: Goodra|Goodra, F|384\/384
|turn|12
|
|move|p2a: Epona|Secret Sword|p1a: Goodra
|-damage|p1a: Goodra|195\/384
|move|p1a: Goodra|Dragon Pulse|p2a: Epona
|-damage|p2a: Epona|0 fnt
|faint|p2a: Epona
|
|
|switch|p2a: Vesuvius|Heatran, M, shiny|326\/326
|-item|p2a: Vesuvius|Air Balloon
|turn|13
|
|switch|p1a: Smeargle|Smeargle, F|7\/314
|move|p2a: Vesuvius|Stealth Rock|p1a: Smeargle
|-sidestart|p1: charan29|move: Stealth Rock
|
|turn|14
|
|move|p2a: Vesuvius|Flamethrower|p1a: Smeargle
|-damage|p1a: Smeargle|0 fnt
|faint|p1a: Smeargle
|
|
|switch|p1a: Garchomp|Garchomp, M|386\/386
|-damage|p1a: Garchomp|362\/386|[from] Stealth Rock
|turn|15
|
|move|p2a: Vesuvius|Will-O-Wisp|p1a: Garchomp
|-status|p1a: Garchomp|brn
|move|p1a: Garchomp|Stone Edge|p2a: Vesuvius
|-damage|p2a: Vesuvius|245\/326
|-enditem|p2a: Vesuvius|Air Balloon
|-damage|p1a: Garchomp|324\/386 brn|[from] item: Life Orb
|
|-damage|p1a: Garchomp|276\/386 brn|[from] brn
|turn|16
|
|move|p2a: Vesuvius|Flamethrower|p1a: Garchomp
|-resisted|p1a: Garchomp
|-damage|p1a: Garchomp|180\/386 brn
|move|p1a: Garchomp|Earthquake|p2a: Vesuvius
|-supereffective|p2a: Vesuvius
|-damage|p2a: Vesuvius|0 fnt
|-damage|p1a: Garchomp|142\/386 brn|[from] item: Life Orb
|faint|p2a: Vesuvius
|
|-damage|p1a: Garchomp|94\/386 brn|[from] brn
|
|switch|p2a: Adamantium|Metagross-Mega, shiny|301\/301
|turn|17
|
|move|p2a: Adamantium|Meteor Mash|p1a: Garchomp
|-damage|p1a: Garchomp|0 fnt
|-damage|p2a: Adamantium|264\/301|[from] ability: Rough Skin|[of] p1a: Garchomp
|faint|p1a: Garchomp
|
|
|switch|p1a: Goodra|Goodra, F|195\/384
|-damage|p1a: Goodra|147\/384|[from] Stealth Rock
|turn|18
|
|move|p2a: Adamantium|Meteor Mash|p1a: Goodra
|-damage|p1a: Goodra|0 fnt
|-unboost|p2a: Adamantium|spe|1
|faint|p1a: Goodra
|
|
|switch|p1a: Dragonite|Dragonite, M|386\/386
|-damage|p1a: Dragonite|290\/386|[from] Stealth Rock
|turn|19
|
|move|p2a: Adamantium|Meteor Mash|p1a: Dragonite
|-damage|p1a: Dragonite|35\/386
|-boost|p2a: Adamantium|atk|1
|move|p1a: Dragonite|Earthquake|p2a: Adamantium
|-supereffective|p2a: Adamantium
|-damage|p2a: Adamantium|82\/301
|
|turn|20
|-message|charan29 forfeited.
|
|win|GoodVibes808
|raw|Ladder updating...
|leave|charan29
|player|p1
|raw|charan29's rating: 1091 &rarr; <strong>1070<\/strong><br \/>(-21 for losing)
|raw|GoodVibes808's rating: 1132 &rarr; <strong>1154<\/strong><br \/>(+22 for winning)