|join|SlapTheDuck
|join|GoodVibes808
|player|p1|SlapTheDuck|101
|player|p2|GoodVibes808|244
|gametype|doubles
|gen|6
|tier|Smogon Doubles
|rated
|clearpoke
|poke|p1|Malamar, M
|poke|p1|Gliscor, M
|poke|p1|Doublade, F
|poke|p1|Latias, F
|poke|p1|Blissey, F
|poke|p1|Houndoom, M
|poke|p2|Politoed, M, shiny
|poke|p2|Kingdra, F
|poke|p2|Kabutops, M
|poke|p2|Ferrothorn, M
|poke|p2|Manectric, M, shiny
|poke|p2|Chansey, F
|rule|Species Clause: Limit one of each PokÃ©mon
|rule|OHKO Clause: OHKO moves are banned
|rule|Moody Clause: Moody is banned
|rule|Evasion Abilities Clause: Evasion abilities are banned
|rule|Evasion Moves Clause: Evasion moves are banned
|rule|Endless Battle Clause: Forcing endless battles is banned
|rule|HP Percentage Mod: HP is shown in percentages
|teampreview
|
|start
|switch|p1a: Malamar|Malamar, M|376\/376
|switch|p1b: Latias|Latias, F|364\/364
|switch|p2a: Gamariki|Politoed, M, shiny|384\/384
|switch|p2b: Kenshin|Kabutops, M|261\/261
|-weather|RainDance
|turn|1
|join|testtestrandom
|
|move|p2b: Kenshin|Waterfall|p1a: Malamar
|-damage|p1a: Malamar|82\/376
|-damage|p2b: Kenshin|235\/261|[from] item: Life Orb
|move|p1b: Latias|Safeguard|p1b: Latias
|-sidestart|p1: SlapTheDuck|Safeguard
|move|p1a: Malamar|Superpower|p2b: Kenshin
|-supereffective|p2b: Kenshin
|-damage|p2b: Kenshin|79\/261
|-boost|p1a: Malamar|atk|1
|-boost|p1a: Malamar|def|1
|move|p2a: Gamariki|Scald|p1a: Malamar
|-damage|p1a: Malamar|13\/376
|
|-weather|RainDance|[upkeep]
|turn|2
|
|switch|p1a: Doublade|Doublade, F|260\/260
|move|p2b: Kenshin|Waterfall|p1a: Doublade
|-damage|p1a: Doublade|151\/260
|-damage|p2b: Kenshin|53\/261|[from] item: Life Orb
|move|p1b: Latias|Wish|p1b: Latias
|move|p2a: Gamariki|Ice Beam|p1b: Latias
|-supereffective|p1b: Latias
|-damage|p1b: Latias|270\/364
|
|-weather|RainDance|[upkeep]
|turn|3
|
|switch|p1b: Malamar|Malamar, M|13\/376
|move|p1a: Doublade|Shadow Sneak|p2b: Kenshin
|-crit|p2b: Kenshin
|-damage|p2b: Kenshin|0 fnt
|faint|p2b: Kenshin
|move|p2a: Gamariki|Scald|p1a: Doublade
|-damage|p1a: Doublade|48\/260
|
|-weather|RainDance|[upkeep]
|-heal|p1b: Malamar|195\/376|[from] move: Wish|[wisher] Latias
|
|switch|p2b: Coraline|Kingdra, F|307\/307
|turn|4
|
|switch|p1b: Blissey|Blissey, F|714\/714
|move|p1a: Doublade|Shadow Sneak|p2b: Coraline
|-damage|p2b: Coraline|240\/307
|move|p2b: Coraline|Draco Meteor|p1b: Blissey
|-damage|p1b: Blissey|480\/714
|-unboost|p2b: Coraline|spa|2
|move|p2a: Gamariki|Scald|p1a: Doublade
|-damage|p1a: Doublade|0 fnt
|faint|p1a: Doublade
|
|-weather|RainDance|[upkeep]
|
|switch|p1a: Latias|Latias, F|270\/364
|turn|5
|
|move|p1b: Blissey|Protect|p1b: Blissey
|-singleturn|p1b: Blissey|Protect
|move|p2b: Coraline|Draco Meteor|p1a: Latias
|-supereffective|p1a: Latias
|-damage|p1a: Latias|58\/364
|-unboost|p2b: Coraline|spa|2
|move|p1a: Latias|Draco Meteor|p2b: Coraline
|-supereffective|p2b: Coraline
|-damage|p2b: Coraline|0 fnt
|-unboost|p1a: Latias|spa|2
|faint|p2b: Coraline
|move|p2a: Gamariki|Ice Beam|p1a: Latias
|-supereffective|p1a: Latias
|-damage|p1a: Latias|0 fnt
|faint|p1a: Latias
|
|-weather|RainDance|[upkeep]
|-sideend|p1: SlapTheDuck|Safeguard
|
|switch|p2b: Tenpin|Ferrothorn, M|351\/351
|switch|p1a: Malamar|Malamar, M|195\/376
|turn|6
|
|move|p1a: Malamar|Superpower|p2a: Gamariki
|-damage|p2a: Gamariki|308\/384
|-boost|p1a: Malamar|atk|1
|-boost|p1a: Malamar|def|1
|move|p2a: Gamariki|Scald|p1a: Malamar
|-damage|p1a: Malamar|120\/376
|-status|p1a: Malamar|brn
|move|p1b: Blissey|Heal Pulse|p1a: Malamar
|-heal|p1a: Malamar|308\/376 brn
|move|p2b: Tenpin|Gyro Ball|p1a: Malamar
|-damage|p1a: Malamar|215\/376 brn
|
|-weather|RainDance|[upkeep]
|-damage|p1a: Malamar|168\/376 brn|[from] brn
|turn|7
|
|move|p1a: Malamar|Superpower|p2a: Gamariki
|-damage|p2a: Gamariki|256\/384
|-boost|p1a: Malamar|atk|1
|-boost|p1a: Malamar|def|1
|move|p2a: Gamariki|Scald|p1a: Malamar
|-damage|p1a: Malamar|90\/376 brn
|move|p1b: Blissey|Heal Pulse|p1a: Malamar
|-heal|p1a: Malamar|278\/376 brn
|move|p2b: Tenpin|Leech Seed|p1a: Malamar
|-start|p1a: Malamar|move: Leech Seed
|
|-weather|RainDance|[upkeep]
|-damage|p1a: Malamar|231\/376 brn|[from] Leech Seed|[of] p2b: Tenpin
|-damage|p1a: Malamar|184\/376 brn|[from] brn
|turn|8
|-activate|p1b: Blissey|item: Quick Claw
|
|switch|p2a: Amp|Manectric, M, shiny|281\/281
|move|p1b: Blissey|Heal Bell|p1b: Blissey
|-cureteam|p1b: Blissey|[from] move: HealBell
|move|p1a: Malamar|Superpower|p2a: Amp
|-damage|p2a: Amp|0 fnt
|-boost|p1a: Malamar|atk|1
|-boost|p1a: Malamar|def|1
|faint|p2a: Amp
|move|p2b: Tenpin|Leech Seed|p1b: Blissey
|-start|p1b: Blissey|move: Leech Seed
|
|-weather|none
|-damage|p1a: Malamar|137\/376|[from] Leech Seed|[of] p2b: Tenpin
|-damage|p1b: Blissey|391\/714|[from] Leech Seed|[of] p2b: Tenpin
|
|switch|p2a: Gamariki|Politoed, M, shiny|256\/384
|-weather|RainDance
|turn|9
|
|switch|p1b: Houndoom|Houndoom, M|292\/292
|move|p1a: Malamar|Superpower|p2a: Gamariki
|-damage|p2a: Gamariki|62\/384
|-boost|p1a: Malamar|atk|1
|-boost|p1a: Malamar|def|1
|move|p2a: Gamariki|Scald|p1a: Malamar
|-damage|p1a: Malamar|61\/376
|-status|p1a: Malamar|brn
|move|p2b: Tenpin|Gyro Ball|p1b: Houndoom
|-resisted|p1b: Houndoom
|-damage|p1b: Houndoom|148\/292
|
|-weather|RainDance|[upkeep]
|-damage|p1a: Malamar|14\/376 brn|[from] Leech Seed|[of] p2b: Tenpin
|-damage|p1a: Malamar|0 fnt|[from] brn
|faint|p1a: Malamar
|
|switch|p1a: Gliscor|Gliscor, M|354\/354
|turn|10
|
|switch|p2a: Joy|Chansey, F|642\/642
|move|p1a: Gliscor|Substitute|p1a: Gliscor
|-start|p1a: Gliscor|Substitute
|-damage|p1a: Gliscor|266\/354
|move|p1b: Houndoom|Sunny Day|p1b: Houndoom
|-weather|SunnyDay
|move|p2b: Tenpin|Leech Seed|p1b: Houndoom
|-start|p1b: Houndoom|move: Leech Seed
|
|-weather|SunnyDay|[upkeep]
|-damage|p1b: Houndoom|112\/292|[from] Leech Seed|[of] p2b: Tenpin
|-status|p1a: Gliscor|tox|[from] item: Toxic Orb
|turn|11
|
|switch|p1b: Blissey|Blissey, F|391\/714
|switch|p2b: Gamariki|Politoed, M, shiny|62\/384
|-weather|RainDance
|move|p1a: Gliscor|Baton Pass|p1a: Gliscor
|
|switch|p1a: Houndoom|Houndoom, M|112\/292
|move|p2a: Joy|Seismic Toss|p1a: Houndoom
|-end|p1a: Houndoom|Substitute
|
|-weather|RainDance|[upkeep]
|turn|12
|
|switch|p2b: Tenpin|Ferrothorn, M|351\/351
|move|p1a: Houndoom|Sunny Day|p1a: Houndoom
|-weather|SunnyDay
|move|p1b: Blissey|Heal Pulse|p1a: Houndoom
|-heal|p1a: Houndoom|258\/292
|move|p2a: Joy|Seismic Toss|p1a: Houndoom
|-damage|p1a: Houndoom|158\/292
|
|-weather|SunnyDay|[upkeep]
|turn|13
|
|switch|p2b: Gamariki|Politoed, M, shiny|62\/384
|-weather|RainDance
|detailschange|p1a: Houndoom|Houndoom-Mega, M
|message|Houndoom has Mega Evolved into Mega Houndoom!
|move|p1a: Houndoom|Solar Beam|p2a: Joy|[still]
|-prepare|p1a: Houndoom|Solar Beam|p2a: Joy
|move|p1b: Blissey|Heal Pulse|p1a: Houndoom
|-heal|p1a: Houndoom|292\/292
|move|p2a: Joy|Toxic|p1a: Houndoom
|-status|p1a: Houndoom|tox
|
|-weather|RainDance|[upkeep]
|-damage|p1a: Houndoom|274\/292 tox|[from] psn
|turn|14
|
|switch|p2b: Tenpin|Ferrothorn, M|351\/351
|move|p1a: Houndoom|Solar Beam|p2a: Joy
|-damage|p2a: Joy|604\/642
|move|p1b: Blissey|Heal Bell|p1b: Blissey
|-cureteam|p1b: Blissey|[from] move: HealBell
|move|p2a: Joy|Toxic|p1b: Blissey|[miss]
|-miss|p2a: Joy|p1b: Blissey
|
|-weather|RainDance|[upkeep]
|turn|15
|
|move|p1a: Houndoom|Flamethrower|p2b: Tenpin
|-supereffective|p2b: Tenpin
|-damage|p2b: Tenpin|75\/351
|-status|p2b: Tenpin|brn
|move|p1b: Blissey|Hyper Voice|p2b: Tenpin
|-damage|p2a: Joy|576\/642
|-resisted|p2b: Tenpin
|-damage|p2b: Tenpin|52\/351 brn
|move|p2a: Joy|Seismic Toss|p1a: Houndoom
|-damage|p1a: Houndoom|174\/292
|move|p2b: Tenpin|Leech Seed|p1a: Houndoom
|-start|p1a: Houndoom|move: Leech Seed
|
|-weather|RainDance|[upkeep]
|-heal|p2b: Tenpin|73\/351 brn|[from] item: Leftovers
|-damage|p1a: Houndoom|138\/292|[from] Leech Seed|[of] p2b: Tenpin
|-heal|p2b: Tenpin|109\/351 brn|[silent]
|-damage|p2b: Tenpin|66\/351 brn|[from] brn
|turn|16
|-activate|p1b: Blissey|item: Quick Claw
|
|switch|p1a: Gliscor|Gliscor, M|266\/354
|move|p1b: Blissey|Hyper Voice|p2b: Tenpin
|-damage|p2a: Joy|545\/642
|-resisted|p2b: Tenpin
|-damage|p2b: Tenpin|45\/351 brn
|move|p2a: Joy|Seismic Toss|p1a: Gliscor
|-damage|p1a: Gliscor|166\/354
|move|p2b: Tenpin|Stealth Rock|p1b: Blissey
|-sidestart|p1: SlapTheDuck|move: Stealth Rock
|
|-weather|RainDance|[upkeep]
|-heal|p2b: Tenpin|66\/351 brn|[from] item: Leftovers
|-damage|p2b: Tenpin|23\/351 brn|[from] brn
|-status|p1a: Gliscor|tox|[from] item: Toxic Orb
|turn|17
|
|move|p1a: Gliscor|Substitute|p1a: Gliscor
|-start|p1a: Gliscor|Substitute
|-damage|p1a: Gliscor|78\/354 tox
|move|p1b: Blissey|Hyper Voice|p2a: Joy
|-damage|p2a: Joy|517\/642
|-resisted|p2b: Tenpin
|-damage|p2b: Tenpin|0 fnt
|faint|p2b: Tenpin
|move|p2a: Joy|Seismic Toss|p1b: Blissey
|-damage|p1b: Blissey|291\/714
|
|-weather|RainDance|[upkeep]
|-heal|p1a: Gliscor|122\/354 tox|[from] ability: Poison Heal
|
|switch|p2b: Gamariki|Politoed, M, shiny|62\/384
|turn|18
|
|move|p1a: Gliscor|Agility|p1a: Gliscor
|-boost|p1a: Gliscor|spe|2
|move|p2b: Gamariki|Scald|p1a: Gliscor
|-supereffective|p1a: Gliscor
|-end|p1a: Gliscor|Substitute
|move|p1b: Blissey|Hyper Voice|p2a: Joy
|-damage|p2a: Joy|487\/642
|-damage|p2b: Gamariki|2\/384
|move|p2a: Joy|Toxic|p1b: Blissey
|-status|p1b: Blissey|tox
|
|-weather|RainDance|[upkeep]
|-heal|p1a: Gliscor|166\/354 tox|[from] ability: Poison Heal
|-damage|p1b: Blissey|247\/714 tox|[from] psn
|turn|19
|
|move|p1a: Gliscor|Substitute|p1a: Gliscor
|-start|p1a: Gliscor|Substitute
|-damage|p1a: Gliscor|78\/354 tox
|move|p2b: Gamariki|Scald|p1a: Gliscor
|-crit|p1a: Gliscor
|-supereffective|p1a: Gliscor
|-end|p1a: Gliscor|Substitute
|move|p1b: Blissey|Hyper Voice|p2b: Gamariki
|-damage|p2a: Joy|460\/642
|-damage|p2b: Gamariki|0 fnt
|faint|p2b: Gamariki
|move|p2a: Joy|Seismic Toss|p1a: Gliscor
|-damage|p1a: Gliscor|0 fnt
|faint|p1a: Gliscor
|
|-weather|RainDance|[upkeep]
|-damage|p1b: Blissey|159\/714 tox|[from] psn
|
|switch|p1a: Houndoom|Houndoom-Mega, M|138\/292
|-damage|p1a: Houndoom|65\/292|[from] Stealth Rock
|turn|20
|-activate|p1b: Blissey|item: Quick Claw
|
|move|p1a: Houndoom|Protect|p1a: Houndoom
|-singleturn|p1a: Houndoom|Protect
|move|p1b: Blissey|Heal Bell|p1b: Blissey
|-cureteam|p1b: Blissey|[from] move: HealBell
|move|p2a: Joy|Seismic Toss|p1b: Blissey
|-damage|p1b: Blissey|59\/714
|
|-weather|none
|turn|21
|
|move|p1a: Houndoom|Sunny Day|p1a: Houndoom
|-weather|SunnyDay
|move|p1b: Blissey|Heal Pulse|p1a: Houndoom
|-heal|p1a: Houndoom|211\/292
|move|p2a: Joy|Toxic|p1b: Blissey
|-status|p1b: Blissey|tox
|
|-weather|SunnyDay|[upkeep]
|-damage|p1a: Houndoom|175\/292|[from] ability: Solar Power
|-damage|p1b: Blissey|15\/714 tox|[from] psn
|turn|22
|-activate|p1b: Blissey|item: Quick Claw
|
|move|p1b: Blissey|Heal Bell|p1b: Blissey
|-cureteam|p1b: Blissey|[from] move: HealBell
|move|p1a: Houndoom|Flamethrower|p2a: Joy
|-damage|p2a: Joy|256\/642
|move|p2a: Joy|Toxic|p1a: Houndoom
|-status|p1a: Houndoom|tox
|
|-weather|SunnyDay|[upkeep]
|-damage|p1a: Houndoom|139\/292 tox|[from] ability: Solar Power
|-damage|p1a: Houndoom|121\/292 tox|[from] psn
|turn|23
|
|move|p1a: Houndoom|Flamethrower|p2a: Joy
|-damage|p2a: Joy|69\/642
|move|p1b: Blissey|Heal Bell|p1b: Blissey
|-cureteam|p1b: Blissey|[from] move: HealBell
|move|p2a: Joy|Soft-Boiled|p2a: Joy
|-heal|p2a: Joy|390\/642
|
|-weather|SunnyDay|[upkeep]
|-damage|p1a: Houndoom|85\/292|[from] ability: Solar Power
|turn|24
|
|move|p1a: Houndoom|Flamethrower|p2a: Joy
|-damage|p2a: Joy|212\/642
|move|p1b: Blissey|Heal Pulse|p1a: Houndoom
|-heal|p1a: Houndoom|231\/292
|move|p2a: Joy|Seismic Toss|p1b: Blissey
|-damage|p1b: Blissey|0 fnt
|faint|p1b: Blissey
|
|-weather|SunnyDay|[upkeep]
|-damage|p1a: Houndoom|195\/292|[from] ability: Solar Power
|turn|25
|
|move|p1a: Houndoom|Flamethrower|p2a: Joy
|-damage|p2a: Joy|14\/642
|move|p2a: Joy|Soft-Boiled|p2a: Joy
|-heal|p2a: Joy|335\/642
|
|-weather|none
|turn|26
|
|move|p1a: Houndoom|Sunny Day|p1a: Houndoom
|-weather|SunnyDay
|move|p2a: Joy|Soft-Boiled|p2a: Joy
|-heal|p2a: Joy|642\/642
|
|-weather|SunnyDay|[upkeep]
|-damage|p1a: Houndoom|159\/292|[from] ability: Solar Power
|turn|27
|-message|SlapTheDuck forfeited.
|
|win|GoodVibes808
|raw|Ladder updating...
|leave|SlapTheDuck
|player|p1
|raw|SlapTheDuck's rating: 1127 &rarr; <strong>1101<\/strong><br \/>(-26 for losing)
|raw|GoodVibes808's rating: 1113 &rarr; <strong>1139<\/strong><br \/>(+26 for winning)
|leave|testtestrandom