|join|GamerGal
|join|xkalheels
|player|p1|GamerGal|4
|player|p2|xkalheels|275
|gametype|singles
|gen|6
|tier|OU
|rated
|clearpoke
|poke|p1|Conkeldurr, F
|poke|p1|Charizard, F
|poke|p1|Tyranitar, M
|poke|p1|Rotom-Wash
|poke|p1|Latios, M
|poke|p1|Garchomp, F
|poke|p2|Tyranitar, F
|poke|p2|Excadrill, M
|poke|p2|Venusaur, F
|poke|p2|Dragonite, F
|poke|p2|Greninja, F
|poke|p2|Talonflame, M
|rule|Swagger Clause: Swagger is banned
|rule|Baton Pass Clause: Limit one PokÃ©mon knowing Baton Pass
|rule|Sleep Clause Mod: Limit one foe put to sleep
|rule|Species Clause: Limit one of each PokÃ©mon
|rule|OHKO Clause: OHKO moves are banned
|rule|Moody Clause: Moody is banned
|rule|Evasion Moves Clause: Evasion moves are banned
|rule|Endless Battle Clause: Forcing endless battles is banned
|rule|HP Percentage Mod: HP is reported as percentages
|teampreview
|join|zapp.zapp
|
|start
|switch|p1a: Tyranitar|Tyranitar, M|404\/404
|switch|p2a: Venusaur|Venusaur, F|305\/305
|-weather|Sandstorm
|turn|1
|
|detailschange|p2a: Venusaur|Venusaur-Mega, F
|message|Venusaur has Mega Evolved into Mega Venusaur!
|move|p2a: Venusaur|Giga Drain|p1a: Tyranitar
|-supereffective|p1a: Tyranitar
|-damage|p1a: Tyranitar|264\/404
|move|p1a: Tyranitar|Stealth Rock|p2a: Venusaur
|-sidestart|p2: xkalheels|move: Stealth Rock
|
|-weather|Sandstorm|[upkeep]
|-damage|p2a: Venusaur|286\/305|[from] sandstorm
|-heal|p1a: Tyranitar|289\/404|[from] item: Leftovers
|turn|2
|
|switch|p1a: Charizard|Charizard, F|297\/297
|move|p2a: Venusaur|Sludge Bomb|p1a: Charizard
|-damage|p1a: Charizard|98\/297
|
|-weather|Sandstorm|[upkeep]
|-damage|p1a: Charizard|80\/297|[from] sandstorm
|-damage|p2a: Venusaur|267\/305|[from] sandstorm
|turn|3
|
|switch|p1a: Conkeldurr|Conkeldurr, F|414\/414
|move|p2a: Venusaur|Sludge Bomb|p1a: Conkeldurr
|-damage|p1a: Conkeldurr|255\/414
|-status|p1a: Conkeldurr|psn
|
|-weather|Sandstorm|[upkeep]
|-damage|p2a: Venusaur|248\/305|[from] sandstorm
|-damage|p1a: Conkeldurr|230\/414 psn|[from] sandstorm
|-damage|p1a: Conkeldurr|179\/414 psn|[from] psn
|turn|4
|
|move|p2a: Venusaur|Giga Drain|p1a: Conkeldurr
|-damage|p1a: Conkeldurr|43\/414 psn
|-heal|p2a: Venusaur|305\/305|[from] drain|[of] p1a: Conkeldurr
|move|p1a: Conkeldurr|Ice Punch|p2a: Venusaur
|-crit|p2a: Venusaur
|-supereffective|p2a: Venusaur
|-damage|p2a: Venusaur|117\/305
|
|-weather|Sandstorm|[upkeep]
|-damage|p2a: Venusaur|98\/305|[from] sandstorm
|-damage|p1a: Conkeldurr|18\/414 psn|[from] sandstorm
|-damage|p1a: Conkeldurr|0 fnt|[from] psn
|faint|p1a: Conkeldurr
|
|switch|p1a: Charizard|Charizard, F|80\/297
|turn|5
|
|switch|p2a: Dragonite|Dragonite, F|323\/323
|-damage|p2a: Dragonite|243\/323|[from] Stealth Rock
|detailschange|p1a: Charizard|Charizard-Mega-Y, F
|message|Charizard has Mega Evolved into Mega Charizard!
|-weather|SunnyDay
|move|p1a: Charizard|Roost|p1a: Charizard
|-heal|p1a: Charizard|229\/297
|
|-weather|SunnyDay|[upkeep]
|turn|6
|
|switch|p1a: Rotom-Wash|Rotom-Wash|304\/304
|move|p2a: Dragonite|Earthquake|p1a: Rotom-Wash
|-immune|p1a: Rotom-Wash|[msg]
|
|-weather|SunnyDay|[upkeep]
|turn|7
|
|switch|p2a: Venusaur|Venusaur-Mega, F|98\/305
|-damage|p2a: Venusaur|60\/305|[from] Stealth Rock
|move|p1a: Rotom-Wash|Will-O-Wisp|p2a: Venusaur|[miss]
|-miss|p1a: Rotom-Wash|p2a: Venusaur
|
|-weather|SunnyDay|[upkeep]
|turn|8
|
|move|p2a: Venusaur|Synthesis|p2a: Venusaur
|-heal|p2a: Venusaur|263\/305
|move|p1a: Rotom-Wash|Volt Switch|p2a: Venusaur
|-crit|p2a: Venusaur
|-resisted|p2a: Venusaur
|-damage|p2a: Venusaur|203\/305
|
|switch|p1a: Latios|Latios, M|302\/302
|
|-weather|SunnyDay|[upkeep]
|turn|9
|
|switch|p1a: Garchomp|Garchomp, F|358\/358
|switch|p2a: Tyranitar|Tyranitar, F|365\/365
|-damage|p2a: Tyranitar|320\/365|[from] Stealth Rock
|-weather|Sandstorm
|
|-weather|Sandstorm|[upkeep]
|turn|10
|
|move|p1a: Garchomp|Earthquake|p2a: Tyranitar
|-supereffective|p2a: Tyranitar
|-damage|p2a: Tyranitar|0 fnt
|faint|p2a: Tyranitar
|
|-weather|Sandstorm|[upkeep]
|
|switch|p2a: Excadrill|Excadrill, M|362\/362
|-damage|p2a: Excadrill|351\/362|[from] Stealth Rock
|-item|p2a: Excadrill|Air Balloon
|turn|11
|
|switch|p1a: Rotom-Wash|Rotom-Wash|304\/304
|move|p2a: Excadrill|Earthquake|p1a: Rotom-Wash
|-immune|p1a: Rotom-Wash|[msg]
|
|-weather|Sandstorm|[upkeep]
|-damage|p1a: Rotom-Wash|285\/304|[from] sandstorm
|-heal|p1a: Rotom-Wash|304\/304|[from] item: Leftovers
|turn|12
|
|move|p2a: Excadrill|Rapid Spin|p1a: Rotom-Wash
|-damage|p1a: Rotom-Wash|286\/304
|-sideend|p2: xkalheels|Stealth Rock|[from] move: Rapid Spin|[of] p2a: Excadrill
|move|p1a: Rotom-Wash|Will-O-Wisp|p2a: Excadrill
|-status|p2a: Excadrill|brn
|
|-weather|Sandstorm|[upkeep]
|-damage|p1a: Rotom-Wash|267\/304|[from] sandstorm
|-heal|p1a: Rotom-Wash|286\/304|[from] item: Leftovers
|-damage|p2a: Excadrill|306\/362 brn|[from] brn
|turn|13
|
|switch|p1a: Tyranitar|Tyranitar, M|289\/404
|move|p2a: Excadrill|Iron Head|p1a: Tyranitar
|-supereffective|p1a: Tyranitar
|-damage|p1a: Tyranitar|131\/404
|
|-weather|Sandstorm|[upkeep]
|-heal|p1a: Tyranitar|156\/404|[from] item: Leftovers
|-damage|p2a: Excadrill|261\/362 brn|[from] brn
|turn|14
|
|switch|p1a: Rotom-Wash|Rotom-Wash|286\/304
|move|p2a: Excadrill|Earthquake|p1a: Rotom-Wash
|-immune|p1a: Rotom-Wash|[msg]
|
|-weather|Sandstorm|[upkeep]
|-damage|p1a: Rotom-Wash|267\/304|[from] sandstorm
|-heal|p1a: Rotom-Wash|286\/304|[from] item: Leftovers
|-damage|p2a: Excadrill|216\/362 brn|[from] brn
|turn|15
|
|move|p2a: Excadrill|Iron Head|p1a: Rotom-Wash
|-resisted|p1a: Rotom-Wash
|-damage|p1a: Rotom-Wash|271\/304
|move|p1a: Rotom-Wash|Hydro Pump|p2a: Excadrill
|-crit|p2a: Excadrill
|-supereffective|p2a: Excadrill
|-damage|p2a: Excadrill|0 fnt
|-enditem|p2a: Excadrill|Air Balloon
|faint|p2a: Excadrill
|
|-weather|Sandstorm|[upkeep]
|-damage|p1a: Rotom-Wash|252\/304|[from] sandstorm
|-heal|p1a: Rotom-Wash|271\/304|[from] item: Leftovers
|
|switch|p2a: Venusaur|Venusaur-Mega, F|203\/305
|turn|16
|
|move|p2a: Venusaur|Sludge Bomb|p1a: Rotom-Wash
|-damage|p1a: Rotom-Wash|115\/304
|-status|p1a: Rotom-Wash|psn
|move|p1a: Rotom-Wash|Will-O-Wisp|p2a: Venusaur
|-status|p2a: Venusaur|brn
|
|-weather|none
|-heal|p1a: Rotom-Wash|134\/304 psn|[from] item: Leftovers
|-damage|p2a: Venusaur|165\/305 brn|[from] brn
|-damage|p1a: Rotom-Wash|96\/304 psn|[from] psn
|turn|17
|
|switch|p1a: Tyranitar|Tyranitar, M|156\/404
|-weather|Sandstorm
|move|p2a: Venusaur|Giga Drain|p1a: Tyranitar
|-supereffective|p1a: Tyranitar
|-damage|p1a: Tyranitar|24\/404
|-heal|p2a: Venusaur|231\/305 brn|[from] drain|[of] p1a: Tyranitar
|
|-weather|Sandstorm|[upkeep]
|-damage|p2a: Venusaur|212\/305 brn|[from] sandstorm
|-heal|p1a: Tyranitar|49\/404|[from] item: Leftovers
|-damage|p2a: Venusaur|174\/305 brn|[from] brn
|turn|18
|
|move|p2a: Venusaur|Sludge Bomb|p1a: Tyranitar
|-resisted|p1a: Tyranitar
|-damage|p1a: Tyranitar|12\/404
|move|p1a: Tyranitar|Stealth Rock|p2a: Venusaur
|-sidestart|p2: xkalheels|move: Stealth Rock
|
|-weather|Sandstorm|[upkeep]
|-damage|p2a: Venusaur|155\/305 brn|[from] sandstorm
|-heal|p1a: Tyranitar|37\/404|[from] item: Leftovers
|-damage|p2a: Venusaur|117\/305 brn|[from] brn
|turn|19
|
|move|p2a: Venusaur|Giga Drain|p1a: Tyranitar
|-supereffective|p1a: Tyranitar
|-damage|p1a: Tyranitar|0 fnt
|-heal|p2a: Venusaur|136\/305 brn|[from] drain|[of] p1a: Tyranitar
|faint|p1a: Tyranitar
|
|-weather|Sandstorm|[upkeep]
|-damage|p2a: Venusaur|117\/305 brn|[from] sandstorm
|-damage|p2a: Venusaur|79\/305 brn|[from] brn
|
|switch|p1a: Charizard|Charizard-Mega-Y, F|229\/297
|-weather|SunnyDay
|turn|20
|
|move|p1a: Charizard|Fire Blast|p2a: Venusaur
|-supereffective|p2a: Venusaur
|-damage|p2a: Venusaur|0 fnt
|faint|p2a: Venusaur
|
|-weather|SunnyDay|[upkeep]
|
|switch|p2a: Talonflame|Talonflame, M|297\/297
|-damage|p2a: Talonflame|149\/297|[from] Stealth Rock
|turn|21
|
|move|p2a: Talonflame|Brave Bird|p1a: Charizard
|-damage|p1a: Charizard|0 fnt
|-damage|p2a: Talonflame|73\/297|[from] recoil|[of] p1a: Charizard
|faint|p1a: Charizard
|
|-weather|SunnyDay|[upkeep]
|
|switch|p1a: Rotom-Wash|Rotom-Wash|96\/304 psn
|turn|22
|
|move|p2a: Talonflame|Brave Bird|p1a: Rotom-Wash
|-resisted|p1a: Rotom-Wash
|-damage|p1a: Rotom-Wash|3\/304 psn
|-damage|p2a: Talonflame|42\/297|[from] recoil|[of] p1a: Rotom-Wash
|move|p1a: Rotom-Wash|Volt Switch|p2a: Talonflame
|-supereffective|p2a: Talonflame
|-damage|p2a: Talonflame|0 fnt
|faint|p2a: Talonflame
|
|switch|p1a: Garchomp|Garchomp, F|358\/358
|
|-weather|SunnyDay|[upkeep]
|
|switch|p2a: Greninja|Greninja, F|285\/285
|-damage|p2a: Greninja|250\/285|[from] Stealth Rock
|turn|23
|
|move|p1a: Garchomp|Outrage|p2a: Greninja
|-damage|p2a: Greninja|0 fnt
|faint|p2a: Greninja
|
|-weather|SunnyDay|[upkeep]
|
|switch|p2a: Dragonite|Dragonite, F|243\/323
|-damage|p2a: Dragonite|163\/323|[from] Stealth Rock
|turn|24
|chat|GamerGal|gg
|
|move|p1a: Garchomp|Outrage|p2a: Dragonite
|-supereffective|p2a: Dragonite
|-damage|p2a: Dragonite|0 fnt
|faint|p2a: Dragonite
|
|win|GamerGal
|raw|Ladder updating...
|raw|GamerGal's rating: 1578 &rarr; <strong>1592<\/strong><br \/>(+14 for winning)
|raw|xkalheels's rating: 1480 &rarr; <strong>1466<\/strong><br \/>(-14 for losing)
|leave|xkalheels
|player|p2