|join|drewablank
|join|GamerGal
|player|p1|drewablank|232
|player|p2|GamerGal|4
|gametype|singles
|gen|6
|tier|OU
|rated
|clearpoke
|poke|p1|Archeops, F
|poke|p1|Dragonite, M
|poke|p1|Gardevoir, M
|poke|p1|Azumarill, F
|poke|p1|Thundurus, M
|poke|p1|Excadrill, F
|poke|p2|Landorus, M
|poke|p2|Bisharp, M
|poke|p2|Heatran, M
|poke|p2|Thundurus, M
|poke|p2|Alakazam, F
|poke|p2|Keldeo-Resolute
|rule|Swagger Clause: Swagger is banned
|rule|Baton Pass Clause: Limit one PokÃ©mon knowing Baton Pass
|rule|Sleep Clause Mod: Limit one foe put to sleep
|rule|Species Clause: Limit one of each PokÃ©mon
|rule|OHKO Clause: OHKO moves are banned
|rule|Moody Clause: Moody is banned
|rule|Evasion Moves Clause: Evasion moves are banned
|rule|Endless Battle Clause: Forcing endless battles is banned
|rule|HP Percentage Mod: HP is shown in percentages
|teampreview
|join|babyrex
|
|start
|switch|p1a: Archeops|Archeops, F|291\/291
|switch|p2a: Keldeo-Resolute|Keldeo-Resolute|323\/323
|turn|1
|
|move|p1a: Archeops|Stealth Rock|p2a: Keldeo-Resolute
|-sidestart|p2: GamerGal|move: Stealth Rock
|move|p2a: Keldeo-Resolute|Scald|p1a: Archeops
|-supereffective|p1a: Archeops
|-enditem|p1a: Archeops|Focus Sash
|-damage|p1a: Archeops|1\/291
|-status|p1a: Archeops|brn
|
|-damage|p1a: Archeops|0 fnt|[from] brn
|faint|p1a: Archeops
|c|âdrewablank|hax
|c|âdrewablank|buts ok =]
|
|switch|p1a: Gardevoir|Gardevoir, M|277\/277
|-ability|p1a: Gardevoir|Justified|[from] ability: Trace|[of] p2a: Keldeo-Resolute
|turn|2
|
|detailschange|p1a: Gardevoir|Gardevoir-Mega, M
|message|Gardevoir has Mega Evolved into Mega Gardevoir!
|move|p2a: Keldeo-Resolute|Scald|p1a: Gardevoir
|-damage|p1a: Gardevoir|99\/277
|move|p1a: Gardevoir|Focus Blast|p2a: Keldeo-Resolute
|-damage|p2a: Keldeo-Resolute|129\/323
|
|turn|3
|
|move|p2a: Keldeo-Resolute|Scald|p1a: Gardevoir
|-damage|p1a: Gardevoir|0 fnt
|faint|p1a: Gardevoir
|
|
|switch|p1a: Thundurus|Thundurus, M|299\/299
|turn|4
|
|move|p1a: Thundurus|Thunderbolt|p2a: Keldeo-Resolute
|-supereffective|p2a: Keldeo-Resolute
|-damage|p2a: Keldeo-Resolute|0 fnt
|-damage|p1a: Thundurus|270\/299|[from] item: Life Orb
|faint|p2a: Keldeo-Resolute
|
|
|switch|p2a: Heatran|Heatran, M|323\/323
|-damage|p2a: Heatran|283\/323|[from] Stealth Rock
|turn|5
|
|switch|p2a: Thundurus|Thundurus, M|299\/299
|-damage|p2a: Thundurus|225\/299|[from] Stealth Rock
|switch|p1a: Azumarill|Azumarill, F|403\/403
|
|turn|6
|
|move|p2a: Thundurus|Thunderbolt|p1a: Azumarill
|-supereffective|p1a: Azumarill
|-damage|p1a: Azumarill|114\/403
|-damage|p2a: Thundurus|196\/299|[from] item: Life Orb
|move|p1a: Azumarill|Play Rough|p2a: Thundurus
|-damage|p2a: Thundurus|0 fnt
|faint|p2a: Thundurus
|
|
|switch|p2a: Bisharp|Bisharp, M|271\/271
|-damage|p2a: Bisharp|255\/271|[from] Stealth Rock
|turn|7
|
|move|p1a: Azumarill|Aqua Jet|p2a: Bisharp
|-crit|p2a: Bisharp
|-damage|p2a: Bisharp|122\/271
|move|p2a: Bisharp|Iron Head|p1a: Azumarill
|-damage|p1a: Azumarill|0 fnt
|faint|p1a: Azumarill
|
|
|switch|p1a: Thundurus|Thundurus, M|270\/299
|turn|8
|
|move|p1a: Thundurus|Nasty Plot|p1a: Thundurus
|-boost|p1a: Thundurus|spa|2
|move|p2a: Bisharp|Sucker Punch|p1a: Thundurus
|-fail|p1a: Thundurus
|
|turn|9
|
|move|p1a: Thundurus|Thunderbolt|p2a: Bisharp
|-damage|p2a: Bisharp|0 fnt
|-damage|p1a: Thundurus|241\/299|[from] item: Life Orb
|faint|p2a: Bisharp
|
|
|switch|p2a: Heatran|Heatran, M|283\/323
|-damage|p2a: Heatran|243\/323|[from] Stealth Rock
|turn|10
|
|move|p2a: Heatran|Fire Blast|p1a: Thundurus
|-damage|p1a: Thundurus|13\/299
|move|p1a: Thundurus|Thunderbolt|p2a: Heatran
|-damage|p2a: Heatran|0 fnt
|-damage|p1a: Thundurus|0 fnt|[from] item: Life Orb
|faint|p2a: Heatran
|faint|p1a: Thundurus
|
|
|switch|p2a: Landorus|Landorus, M|319\/319
|-damage|p2a: Landorus|280\/319|[from] Stealth Rock
|switch|p1a: Dragonite|Dragonite, M|323\/323
|turn|11
|
|move|p2a: Landorus|Knock Off|p1a: Dragonite
|-damage|p1a: Dragonite|263\/323
|-enditem|p1a: Dragonite|Lum Berry|[from] move: Knock Off|[of] p2a: Landorus
|-damage|p2a: Landorus|249\/319|[from] item: Life Orb
|move|p1a: Dragonite|Dragon Dance|p1a: Dragonite
|-boost|p1a: Dragonite|atk|1
|-boost|p1a: Dragonite|spe|1
|
|turn|12
|
|move|p1a: Dragonite|Outrage|p2a: Landorus
|-damage|p2a: Landorus|0 fnt
|faint|p2a: Landorus
|
|
|switch|p2a: Alakazam|Alakazam, F|252\/252
|turn|13
|
|detailschange|p2a: Alakazam|Alakazam-Mega, F
|message|Alakazam has Mega Evolved into Mega Alakazam!
|-ability|p2a: Alakazam|Multiscale|[from] ability: Trace|[of] p1a: Dragonite
|move|p2a: Alakazam|Protect|p2a: Alakazam
|-singleturn|p2a: Alakazam|Protect
|move|p1a: Dragonite|Outrage|p2a: Alakazam
|-activate|p2a: Alakazam|Protect
|
|-end|p1a: Dragonite|rampage
|-start|p1a: Dragonite|confusion
|turn|14
|
|move|p2a: Alakazam|Psyshock|p1a: Dragonite
|-damage|p1a: Dragonite|73\/323
|-activate|p1a: Dragonite|confusion
|-damage|p1a: Dragonite|0 fnt|[from] confusion
|faint|p1a: Dragonite
|
|
|switch|p1a: Excadrill|Excadrill, F|361\/361
|-ability|p1a: Excadrill|Mold Breaker
|turn|15
|
|move|p1a: Excadrill|Earthquake|p2a: Alakazam
|-damage|p2a: Alakazam|14\/252
|move|p2a: Alakazam|Focus Blast|p1a: Excadrill
|-supereffective|p1a: Excadrill
|-damage|p1a: Excadrill|0 fnt
|faint|p1a: Excadrill
|
|win|GamerGal
|raw|Ladder updating...
|raw|drewablank's rating: 1539 &rarr; <strong>1519<\/strong><br \/>(-20 for losing)
|raw|GamerGal's rating: 1530 &rarr; <strong>1551<\/strong><br \/>(+21 for winning)
|c|âdrewablank|gg
|c|âGamerGal|gg
|leave|drewablank
|player|p1
|leave|babyrex