|join|gamergal
|join|Semosh
|player|p1|gamergal|4
|player|p2|Semosh|102
|gametype|singles
|gen|6
|tier|OU
|rated
|clearpoke
|poke|p1|Greninja, F
|poke|p1|Gardevoir, M
|poke|p1|Bisharp, F
|poke|p1|Landorus-Therian, M
|poke|p1|Ferrothorn, F
|poke|p1|Slowbro, F
|poke|p2|Talonflame, F
|poke|p2|Venusaur, F
|poke|p2|Tyranitar, F
|poke|p2|Greninja, F
|poke|p2|Excadrill, M
|poke|p2|Dragonite, F
|rule|Swagger Clause: Swagger is banned
|rule|Baton Pass Clause: Limit one PokÃ©mon knowing Baton Pass
|rule|Sleep Clause Mod: Limit one foe put to sleep
|rule|Species Clause: Limit one of each PokÃ©mon
|rule|OHKO Clause: OHKO moves are banned
|rule|Moody Clause: Moody is banned
|rule|Evasion Moves Clause: Evasion moves are banned
|rule|Endless Battle Clause: Forcing endless battles is banned
|rule|HP Percentage Mod: HP is shown in percentages
|teampreview
|c|âSemosh|GL HF
|c|âgamergal|didn't joey use this team in road to top 10
|
|start
|switch|p1a: join ctg|Landorus-Therian, M|327\/327
|switch|p2a: Venusaur|Venusaur, F|303\/303
|-ability|p1a: join ctg|Intimidate|[of] p2a: Venusaur
|-unboost|p2a: Venusaur|atk|1
|turn|1
|c|âSemosh|Yes. Im not good with making my own teams. Its not the 100% same, but close.
|
|detailschange|p2a: Venusaur|Venusaur-Mega, F
|message|Venusaur has Mega Evolved into Mega Venusaur!
|move|p1a: join ctg|U-turn|p2a: Venusaur
|-damage|p2a: Venusaur|234\/303
|
|switch|p1a: skinny|Ferrothorn, F|352\/352
|move|p2a: Venusaur|Giga Drain|p1a: skinny
|-resisted|p1a: skinny
|-damage|p1a: skinny|328\/352
|-heal|p2a: Venusaur|246\/303|[from] drain|[of] p1a: skinny
|
|-heal|p1a: skinny|350\/352|[from] item: Leftovers
|turn|2
|
|move|p2a: Venusaur|Hidden Power|p1a: skinny
|-supereffective|p1a: skinny
|-damage|p1a: skinny|126\/352
|move|p1a: skinny|Stealth Rock|p2a: Venusaur
|-sidestart|p2: Semosh|move: Stealth Rock
|
|-heal|p1a: skinny|148\/352|[from] item: Leftovers
|turn|3
|
|switch|p1a: rip sableye|Gardevoir, M|277\/277
|-ability|p1a: rip sableye|Thick Fat|[from] ability: Trace|[of] p2a: Venusaur
|move|p2a: Venusaur|Synthesis|p2a: Venusaur
|-heal|p2a: Venusaur|303\/303
|
|turn|4
|
|detailschange|p1a: rip sableye|Gardevoir-Mega, M
|message|Gardevoir has Mega Evolved into Mega Gardevoir!
|move|p1a: rip sableye|Psyshock|p2a: Venusaur
|-supereffective|p2a: Venusaur
|-damage|p2a: Venusaur|19\/303
|move|p2a: Venusaur|Sludge Bomb|p1a: rip sableye
|-supereffective|p1a: rip sableye
|-damage|p1a: rip sableye|1\/277
|-status|p1a: rip sableye|psn
|
|-damage|p1a: rip sableye|0 fnt|[from] psn
|faint|p1a: rip sableye
|c|âgamergal|ok
|
|switch|p1a: join ctg|Landorus-Therian, M|327\/327
|-ability|p1a: join ctg|Intimidate|[of] p2a: Venusaur
|-unboost|p2a: Venusaur|atk|1
|turn|5
|
|move|p1a: join ctg|U-turn|p2a: Venusaur
|-damage|p2a: Venusaur|0 fnt
|faint|p2a: Venusaur
|
|switch|p1a: slowbro'd what els|Slowbro, F|349\/349
|
|
|switch|p2a: Tyranitar|Tyranitar, F|365\/365
|-damage|p2a: Tyranitar|320\/365|[from] Stealth Rock
|-weather|Sandstorm
|turn|6
|
|move|p2a: Tyranitar|Stealth Rock|p1a: slowbro'd what els
|-sidestart|p1: gamergal|move: Stealth Rock
|move|p1a: slowbro'd what els|Scald|p2a: Tyranitar
|-supereffective|p2a: Tyranitar
|-damage|p2a: Tyranitar|192\/365
|
|-weather|Sandstorm|[upkeep]
|-damage|p1a: slowbro'd what els|328\/349|[from] sandstorm
|turn|7
|
|move|p2a: Tyranitar|Stone Edge|p1a: slowbro'd what els
|-damage|p1a: slowbro'd what els|208\/349
|move|p1a: slowbro'd what els|Scald|p2a: Tyranitar
|-crit|p2a: Tyranitar
|-supereffective|p2a: Tyranitar
|-damage|p2a: Tyranitar|12\/365
|-status|p2a: Tyranitar|brn
|
|-weather|Sandstorm|[upkeep]
|-damage|p1a: slowbro'd what els|187\/349|[from] sandstorm
|-damage|p2a: Tyranitar|0 fnt|[from] brn
|faint|p2a: Tyranitar
|
|switch|p2a: Greninja|Greninja, F|285\/285
|-damage|p2a: Greninja|250\/285|[from] Stealth Rock
|turn|8
|
|switch|p1a: skinny|Ferrothorn, F|148\/352
|-damage|p1a: skinny|126\/352|[from] Stealth Rock
|move|p2a: Greninja|Dark Pulse|p1a: skinny
|-start|p2a: Greninja|typechange|Dark|[from] Protean
|-crit|p1a: skinny
|-damage|p1a: skinny|0 fnt
|-damage|p2a: Greninja|222\/285|[from] item: Life Orb
|faint|p1a: skinny
|
|-weather|Sandstorm|[upkeep]
|-damage|p2a: Greninja|205\/285|[from] sandstorm
|
|switch|p1a: join ctg|Landorus-Therian, M|327\/327
|-damage|p1a: join ctg|287\/327|[from] Stealth Rock
|-ability|p1a: join ctg|Intimidate|[of] p2a: Greninja
|-unboost|p2a: Greninja|atk|1
|turn|9
|
|switch|p2a: Excadrill|Excadrill, M|362\/362
|-damage|p2a: Excadrill|351\/362|[from] Stealth Rock
|-item|p2a: Excadrill|Air Balloon
|move|p1a: join ctg|U-turn|p2a: Excadrill
|-resisted|p2a: Excadrill
|-damage|p2a: Excadrill|285\/362
|-enditem|p2a: Excadrill|Air Balloon
|
|switch|p1a: slowbro'd what els|Slowbro, F|303\/349
|-damage|p1a: slowbro'd what els|260\/349|[from] Stealth Rock
|
|-weather|Sandstorm|[upkeep]
|-damage|p1a: slowbro'd what els|239\/349|[from] sandstorm
|turn|10
|
|move|p2a: Excadrill|Rapid Spin|p1a: slowbro'd what els
|-damage|p1a: slowbro'd what els|218\/349
|-damage|p2a: Excadrill|225\/362|[from] item: Rocky Helmet|[of] p1a: slowbro'd what els
|-sideend|p2: Semosh|Stealth Rock|[from] move: Rapid Spin|[of] p2a: Excadrill
|move|p1a: slowbro'd what els|Scald|p2a: Excadrill
|-supereffective|p2a: Excadrill
|-damage|p2a: Excadrill|0 fnt
|faint|p2a: Excadrill
|
|-weather|Sandstorm|[upkeep]
|-damage|p1a: slowbro'd what els|197\/349|[from] sandstorm
|
|switch|p2a: Greninja|Greninja, F|205\/285
|turn|11
|
|move|p2a: Greninja|Dark Pulse|p1a: slowbro'd what els
|-start|p2a: Greninja|typechange|Dark|[from] Protean
|-supereffective|p1a: slowbro'd what els
|-damage|p1a: slowbro'd what els|0 fnt
|-damage|p2a: Greninja|177\/285|[from] item: Life Orb
|faint|p1a: slowbro'd what els
|
|-weather|Sandstorm|[upkeep]
|-damage|p2a: Greninja|160\/285|[from] sandstorm
|
|switch|p1a: join ctg|Landorus-Therian, M|287\/327
|-damage|p1a: join ctg|247\/327|[from] Stealth Rock
|-ability|p1a: join ctg|Intimidate|[of] p2a: Greninja
|-unboost|p2a: Greninja|atk|1
|turn|12
|
|move|p1a: join ctg|U-turn|p2a: Greninja
|-supereffective|p2a: Greninja
|-damage|p2a: Greninja|0 fnt
|faint|p2a: Greninja
|
|switch|p1a: drug dealer|Bisharp, F|271\/271
|-damage|p1a: drug dealer|255\/271|[from] Stealth Rock
|
|-weather|Sandstorm|[upkeep]
|
|switch|p2a: Talonflame|Talonflame, F|298\/298
|turn|13
|
|move|p2a: Talonflame|Brave Bird|p1a: drug dealer
|-resisted|p1a: drug dealer
|-damage|p1a: drug dealer|119\/271
|-damage|p2a: Talonflame|253\/298|[from] recoil|[of] p1a: drug dealer
|move|p1a: drug dealer|Sucker Punch|p2a: Talonflame
|-fail|p2a: Talonflame
|
|-weather|none
|turn|14
|
|move|p2a: Talonflame|Brave Bird|p1a: drug dealer
|-resisted|p1a: drug dealer
|-damage|p1a: drug dealer|0 fnt
|-damage|p2a: Talonflame|214\/298|[from] recoil|[of] p1a: drug dealer
|faint|p1a: drug dealer
|
|
|switch|p1a: join ctg|Landorus-Therian, M|247\/327
|-damage|p1a: join ctg|207\/327|[from] Stealth Rock
|-ability|p1a: join ctg|Intimidate|[of] p2a: Talonflame
|-unboost|p2a: Talonflame|atk|1
|turn|15
|
|move|p2a: Talonflame|Brave Bird|p1a: join ctg
|-damage|p1a: join ctg|29\/327
|-damage|p2a: Talonflame|155\/298|[from] recoil|[of] p1a: join ctg
|move|p1a: join ctg|Stone Edge|p2a: Talonflame
|-supereffective|p2a: Talonflame
|-damage|p2a: Talonflame|0 fnt
|faint|p2a: Talonflame
|
|
|switch|p2a: Dragonite|Dragonite, F|323\/323
|turn|16
|
|move|p2a: Dragonite|Extreme Speed|p1a: join ctg
|-damage|p1a: join ctg|0 fnt
|faint|p1a: join ctg
|
|c|âgamergal|you need a crit
|
|switch|p1a: Greninja check|Greninja, F|285\/285
|-damage|p1a: Greninja check|250\/285|[from] Stealth Rock
|turn|17
|c|âSemosh|Nah
|c|âgamergal|yes
|
|move|p2a: Dragonite|Extreme Speed|p1a: Greninja check
|-damage|p1a: Greninja check|25\/285
|move|p1a: Greninja check|Ice Beam|p2a: Dragonite
|-start|p1a: Greninja check|typechange|Ice|[from] Protean
|-supereffective|p2a: Dragonite
|-damage|p2a: Dragonite|1\/323
|-damage|p1a: Greninja check|0 fnt|[from] item: Life Orb
|faint|p1a: Greninja check
|
|win|Semosh
|raw|Ladder updating...
|raw|gamergal's rating: 1349 &rarr; <strong>1333<\/strong><br \/>(-16 for losing)
|raw|Semosh's rating: 1414 &rarr; <strong>1430<\/strong><br \/>(+16 for winning)
|c|âgamergal|rool
|c|âSemosh|Gg
|c|âgamergal|that was a roll
|c|âgamergal|ofc
|leave|gamergal
|player|p1
|c|âSemosh|You needed a crit