|join|GamerGal
|join|maxpotterzerk
|player|p1|GamerGal|4
|player|p2|maxpotterzerk|265
|gametype|singles
|gen|6
|tier|OU
|rated
|clearpoke
|poke|p1|Landorus, M
|poke|p1|Bisharp, F
|poke|p1|Keldeo
|poke|p1|Latios, M
|poke|p1|Meloetta
|poke|p1|Aerodactyl, M
|poke|p2|Mamoswine, F
|poke|p2|Slowbro, F
|poke|p2|Magnezone
|poke|p2|Pinsir, M
|poke|p2|Mandibuzz, F
|poke|p2|Azumarill, M
|rule|Swagger Clause: Swagger is banned
|rule|Baton Pass Clause: Limit one PokÃ©mon knowing Baton Pass
|rule|Sleep Clause Mod: Limit one foe put to sleep
|rule|Species Clause: Limit one of each PokÃ©mon
|rule|OHKO Clause: OHKO moves are banned
|rule|Moody Clause: Moody is banned
|rule|Evasion Moves Clause: Evasion moves are banned
|rule|Endless Battle Clause: Forcing endless battles is banned
|rule|HP Percentage Mod: HP is shown in percentages
|teampreview
|
|start
|switch|p1a: Keldeo|Keldeo|324\/324
|switch|p2a: Azumarill|Azumarill, M|404\/404
|turn|1
|
|move|p1a: Keldeo|Scald|p2a: Azumarill
|-resisted|p2a: Azumarill
|-damage|p2a: Azumarill|316\/404
|-status|p2a: Azumarill|brn
|move|p2a: Azumarill|Play Rough|p1a: Keldeo
|-supereffective|p1a: Keldeo
|-damage|p1a: Keldeo|0 fnt
|faint|p1a: Keldeo
|
|-damage|p2a: Azumarill|266\/404 brn|[from] brn
|
|switch|p1a: Landorus|Landorus, M|319\/319
|turn|2
|
|switch|p2a: Mandibuzz|Mandibuzz, F|424\/424
|move|p1a: Landorus|Sludge Wave|p2a: Mandibuzz
|-damage|p2a: Mandibuzz|277\/424
|
|-heal|p2a: Mandibuzz|303\/424|[from] item: Leftovers
|turn|3
|
|move|p1a: Landorus|Stealth Rock|p2a: Mandibuzz
|-sidestart|p2: maxpotterzerk|move: Stealth Rock
|move|p2a: Mandibuzz|Knock Off|p1a: Landorus
|-damage|p1a: Landorus|238\/319
|-enditem|p1a: Landorus|Life Orb|[from] move: Knock Off|[of] p2a: Mandibuzz
|
|-heal|p2a: Mandibuzz|329\/424|[from] item: Leftovers
|turn|4
|
|move|p1a: Landorus|Focus Blast|p2a: Mandibuzz|[miss]
|-miss|p1a: Landorus|p2a: Mandibuzz
|move|p2a: Mandibuzz|Defog|p1a: Landorus
|-unboost|p1a: Landorus|evasion|1
|-sideend|p2: maxpotterzerk|Stealth Rock|[from] move: Defog|[of] p2a: Mandibuzz
|
|-heal|p2a: Mandibuzz|355\/424|[from] item: Leftovers
|turn|5
|
|move|p1a: Landorus|Stealth Rock|p2a: Mandibuzz
|-sidestart|p2: maxpotterzerk|move: Stealth Rock
|move|p2a: Mandibuzz|Foul Play|p1a: Landorus
|-damage|p1a: Landorus|96\/319
|
|-heal|p2a: Mandibuzz|381\/424|[from] item: Leftovers
|turn|6
|
|switch|p1a: Aerodactyl|Aerodactyl, M|301\/301
|-ability|p1a: Aerodactyl|Unnerve|p2: maxpotterzerk
|move|p2a: Mandibuzz|Foul Play|p1a: Aerodactyl
|-damage|p1a: Aerodactyl|70\/301
|
|-heal|p2a: Mandibuzz|407\/424|[from] item: Leftovers
|turn|7
|
|detailschange|p1a: Aerodactyl|Aerodactyl-Mega, M
|message|Aerodactyl has Mega Evolved into Mega Aerodactyl!
|move|p1a: Aerodactyl|Stone Edge|p2a: Mandibuzz
|-supereffective|p2a: Mandibuzz
|-damage|p2a: Mandibuzz|33\/424
|move|p2a: Mandibuzz|Foul Play|p1a: Aerodactyl
|-damage|p1a: Aerodactyl|0 fnt
|faint|p1a: Aerodactyl
|
|-heal|p2a: Mandibuzz|59\/424|[from] item: Leftovers
|
|switch|p1a: Landorus|Landorus, M|96\/319
|turn|8
|
|move|p1a: Landorus|Sludge Wave|p2a: Mandibuzz
|-damage|p2a: Mandibuzz|0 fnt
|faint|p2a: Mandibuzz
|
|
|switch|p2a: Azumarill|Azumarill, M|266\/404 brn
|-damage|p2a: Azumarill|216\/404 brn|[from] Stealth Rock
|turn|9
|
|switch|p1a: Latios|Latios, M|301\/301
|move|p2a: Azumarill|Aqua Jet|p1a: Latios
|-resisted|p1a: Latios
|-damage|p1a: Latios|264\/301
|
|-damage|p2a: Azumarill|166\/404 brn|[from] brn
|turn|10
|
|move|p2a: Azumarill|Aqua Jet|p1a: Latios
|-resisted|p1a: Latios
|-damage|p1a: Latios|225\/301
|move|p1a: Latios|Psyshock|p2a: Azumarill
|-damage|p2a: Azumarill|0 fnt
|-damage|p1a: Latios|195\/301|[from] item: Life Orb
|faint|p2a: Azumarill
|
|
|switch|p2a: Magnezone|Magnezone|344\/344
|-damage|p2a: Magnezone|323\/344|[from] Stealth Rock
|turn|11
|
|move|p1a: Latios|Roost|p1a: Latios
|-heal|p1a: Latios|301\/301
|move|p2a: Magnezone|Volt Switch|p1a: Latios
|-resisted|p1a: Latios
|-damage|p1a: Latios|242\/301
|
|switch|p2a: Mamoswine|Mamoswine, F|362\/362
|-damage|p2a: Mamoswine|317\/362|[from] Stealth Rock
|
|turn|12
|
|move|p2a: Mamoswine|Earthquake|p1a: Latios
|-immune|p1a: Latios|[msg]
|move|p1a: Latios|Draco Meteor|p2a: Mamoswine
|-damage|p2a: Mamoswine|0 fnt
|-unboost|p1a: Latios|spa|2
|-damage|p1a: Latios|212\/301|[from] item: Life Orb
|faint|p2a: Mamoswine
|
|-message|maxpotterzerk forfeited.
|
|win|GamerGal
|raw|Ladder updating...
|leave|maxpotterzerk
|player|p2
|raw|GamerGal's rating: 1574 &rarr; <strong>1596<\/strong><br \/>(+22 for winning)
|raw|maxpotterzerk's rating: 1619 &rarr; <strong>1596<\/strong><br \/>(-23 for losing)