|join|Uberlox
|join|GamerGal
|player|p1|Uberlox|275
|player|p2|GamerGal|4
|gametype|singles
|gen|6
|tier|OU
|rated
|clearpoke
|poke|p1|Thundurus, M
|poke|p1|Landorus, M
|poke|p1|Medicham, M
|poke|p1|Azumarill, M
|poke|p1|Kyurem-Black
|poke|p1|Bisharp, F
|poke|p2|Conkeldurr, M
|poke|p2|Charizard, M
|poke|p2|Tyranitar, F
|poke|p2|Rotom-Wash
|poke|p2|Latios, M
|poke|p2|Garchomp, M
|rule|Swagger Clause: Swagger is banned
|rule|Baton Pass Clause: Limit one PokÃ©mon knowing Baton Pass
|rule|Sleep Clause Mod: Limit one foe put to sleep
|rule|Species Clause: Limit one of each PokÃ©mon
|rule|OHKO Clause: OHKO moves are banned
|rule|Moody Clause: Moody is banned
|rule|Evasion Moves Clause: Evasion moves are banned
|rule|Endless Battle Clause: Forcing endless battles is banned
|rule|HP Percentage Mod: HP is reported as percentages
|teampreview
|
|start
|switch|p1a: Thundurus|Thundurus, M|299\/299
|switch|p2a: Rotom-Wash|Rotom-Wash|304\/304
|turn|1
|
|switch|p1a: Kyurem-Black|Kyurem-Black|404\/404
|-ability|p1a: Kyurem-Black|Teravolt
|move|p2a: Rotom-Wash|Will-O-Wisp|p1a: Kyurem-Black
|-status|p1a: Kyurem-Black|brn
|
|-damage|p1a: Kyurem-Black|354\/404 brn|[from] brn
|turn|2
|
|move|p1a: Kyurem-Black|Earth Power|p2a: Rotom-Wash
|-supereffective|p2a: Rotom-Wash
|-damage|p2a: Rotom-Wash|57\/304
|-damage|p1a: Kyurem-Black|314\/404 brn|[from] item: Life Orb
|move|p2a: Rotom-Wash|Volt Switch|p1a: Kyurem-Black
|-resisted|p1a: Kyurem-Black
|-damage|p1a: Kyurem-Black|265\/404 brn
|
|switch|p2a: Garchomp|Garchomp, M|358\/358
|
|-damage|p1a: Kyurem-Black|215\/404 brn|[from] brn
|turn|3
|
|switch|p2a: Rotom-Wash|Rotom-Wash|57\/304
|move|p1a: Kyurem-Black|Ice Beam|p2a: Rotom-Wash
|-resisted|p2a: Rotom-Wash
|-damage|p2a: Rotom-Wash|0 fnt
|-damage|p1a: Kyurem-Black|175\/404 brn|[from] item: Life Orb
|faint|p2a: Rotom-Wash
|
|-damage|p1a: Kyurem-Black|125\/404 brn|[from] brn
|
|switch|p2a: Conkeldurr|Conkeldurr, M|414\/414
|turn|4
|
|move|p1a: Kyurem-Black|Earth Power|p2a: Conkeldurr
|-damage|p2a: Conkeldurr|274\/414
|-damage|p1a: Kyurem-Black|85\/404 brn|[from] item: Life Orb
|move|p2a: Conkeldurr|Knock Off|p1a: Kyurem-Black
|-damage|p1a: Kyurem-Black|0 fnt
|-enditem|p1a: Kyurem-Black|Life Orb|[from] move: Knock Off|[of] p2a: Conkeldurr
|faint|p1a: Kyurem-Black
|
|
|switch|p1a: Medicham|Medicham, M|261\/261
|turn|5
|
|switch|p2a: Latios|Latios, M|302\/302
|detailschange|p1a: Medicham|Medicham-Mega, M
|message|Medicham has Mega Evolved into Mega Medicham!
|move|p1a: Medicham|Psycho Cut|p2a: Latios
|-resisted|p2a: Latios
|-damage|p2a: Latios|188\/302
|
|turn|6
|
|switch|p1a: Bisharp|Bisharp, F|271\/271
|move|p2a: Latios|Thunderbolt|p1a: Bisharp
|-damage|p1a: Bisharp|84\/271
|-damage|p2a: Latios|158\/302|[from] item: Life Orb
|
|turn|7
|
|switch|p2a: Conkeldurr|Conkeldurr, M|274\/414
|move|p1a: Bisharp|Sucker Punch|p2a: Conkeldurr
|-fail|p2a: Conkeldurr
|
|turn|8
|
|switch|p2a: Latios|Latios, M|158\/302
|move|p1a: Bisharp|Knock Off|p2a: Latios
|-supereffective|p2a: Latios
|-damage|p2a: Latios|0 fnt
|-enditem|p2a: Latios|Life Orb|[from] move: Knock Off|[of] p1a: Bisharp
|faint|p2a: Latios
|
|
|switch|p2a: Conkeldurr|Conkeldurr, M|274\/414
|turn|9
|chat|GamerGal|nice play
|
|move|p2a: Conkeldurr|Mach Punch|p1a: Bisharp
|-supereffective|p1a: Bisharp
|-damage|p1a: Bisharp|0 fnt
|faint|p1a: Bisharp
|
|
|switch|p1a: Medicham|Medicham-Mega, M|261\/261
|turn|10
|
|move|p2a: Conkeldurr|Mach Punch|p1a: Medicham
|-resisted|p1a: Medicham
|-damage|p1a: Medicham|212\/261
|move|p1a: Medicham|Psycho Cut|p2a: Conkeldurr
|-supereffective|p2a: Conkeldurr
|-damage|p2a: Conkeldurr|0 fnt
|faint|p2a: Conkeldurr
|
|
|switch|p2a: Charizard|Charizard, M|297\/297
|turn|11
|
|switch|p1a: Landorus|Landorus, M|319\/319
|detailschange|p2a: Charizard|Charizard-Mega-Y, M
|message|Charizard has Mega Evolved into Mega Charizard!
|-weather|SunnyDay
|move|p2a: Charizard|Fire Blast|p1a: Landorus
|-damage|p1a: Landorus|0 fnt
|faint|p1a: Landorus
|
|-weather|SunnyDay|[upkeep]
|
|switch|p1a: Thundurus|Thundurus, M|299\/299
|turn|12
|
|switch|p2a: Tyranitar|Tyranitar, F|404\/404
|-weather|Sandstorm
|move|p1a: Thundurus|Thunder Wave|p2a: Tyranitar
|-status|p2a: Tyranitar|par
|
|-weather|Sandstorm|[upkeep]
|-damage|p1a: Thundurus|281\/299|[from] sandstorm
|turn|13
|
|move|p1a: Thundurus|Focus Blast|p2a: Tyranitar
|-supereffective|p2a: Tyranitar
|-damage|p2a: Tyranitar|71\/404 par
|-damage|p1a: Thundurus|252\/299|[from] item: Life Orb
|cant|p2a: Tyranitar|par
|
|-weather|Sandstorm|[upkeep]
|-damage|p1a: Thundurus|234\/299|[from] sandstorm
|-heal|p2a: Tyranitar|96\/404 par|[from] item: Leftovers
|turn|14
|
|move|p1a: Thundurus|Thunderbolt|p2a: Tyranitar
|-damage|p2a: Tyranitar|5\/404 par
|-damage|p1a: Thundurus|205\/299|[from] item: Life Orb
|move|p2a: Tyranitar|Ice Beam|p1a: Thundurus
|-supereffective|p1a: Thundurus
|-damage|p1a: Thundurus|53\/299
|
|-weather|Sandstorm|[upkeep]
|-damage|p1a: Thundurus|35\/299|[from] sandstorm
|-heal|p2a: Tyranitar|30\/404 par|[from] item: Leftovers
|turn|15
|
|move|p1a: Thundurus|Thunderbolt|p2a: Tyranitar
|-damage|p2a: Tyranitar|0 fnt
|-damage|p1a: Thundurus|6\/299|[from] item: Life Orb
|faint|p2a: Tyranitar
|
|-weather|Sandstorm|[upkeep]
|-damage|p1a: Thundurus|0 fnt|[from] sandstorm
|faint|p1a: Thundurus
|
|switch|p2a: Charizard|Charizard-Mega-Y, M|297\/297
|switch|p1a: Azumarill|Azumarill, M|404\/404
|-weather|SunnyDay
|turn|16
|
|move|p2a: Charizard|Solar Beam|p1a: Azumarill|[still]
|-prepare|p2a: Charizard|Solar Beam|p1a: Azumarill
|-anim|p2a: Charizard|Solar Beam|p1a: Azumarill
|-supereffective|p1a: Azumarill
|-damage|p1a: Azumarill|12\/404
|-enditem|p1a: Azumarill|Sitrus Berry|[eat]
|-heal|p1a: Azumarill|113\/404|[from] item: Sitrus Berry
|move|p1a: Azumarill|Belly Drum|p1a: Azumarill
|-fail|p1a: Azumarill
|
|-weather|SunnyDay|[upkeep]
|turn|17
|
|move|p1a: Azumarill|Aqua Jet|p2a: Charizard
|-supereffective|p2a: Charizard
|-damage|p2a: Charizard|175\/297
|move|p2a: Charizard|Solar Beam|p1a: Azumarill|[still]
|-prepare|p2a: Charizard|Solar Beam|p1a: Azumarill
|-anim|p2a: Charizard|Solar Beam|p1a: Azumarill
|-supereffective|p1a: Azumarill
|-damage|p1a: Azumarill|0 fnt
|faint|p1a: Azumarill
|
|-weather|SunnyDay|[upkeep]
|
|switch|p1a: Medicham|Medicham-Mega, M|212\/261
|turn|18
|chat|GamerGal|this now over gg, destiny bond
|
|move|p1a: Medicham|Fake Out|p2a: Charizard
|-damage|p2a: Charizard|57\/297
|cant|p2a: Charizard|flinch
|
|-weather|SunnyDay|[upkeep]
|turn|19
|
|move|p2a: Charizard|Fire Blast|p1a: Medicham
|-crit|p1a: Medicham
|-damage|p1a: Medicham|0 fnt
|faint|p1a: Medicham
|
|win|GamerGal
|raw|Ladder updating...
|raw|Uberlox's rating: 1599 &rarr; <strong>1578<\/strong><br \/>(-21 for losing)
|raw|GamerGal's rating: 1593 &rarr; <strong>1614<\/strong><br \/>(+21 for winning)
|chat|Uberlox|gg
|chat|GamerGal|gg