|join|roberto3500
|join|GamerGal
|player|p1|roberto3500|163
|player|p2|GamerGal|4
|gametype|singles
|gen|6
|tier|OU
|rated
|clearpoke
|poke|p1|Tyranitar, M
|poke|p1|Cloyster, M
|poke|p1|Sylveon, F
|poke|p1|Excadrill, M
|poke|p1|Greninja, M
|poke|p1|Charizard, M
|poke|p2|Conkeldurr, M
|poke|p2|Charizard, M
|poke|p2|Tyranitar, M
|poke|p2|Rotom-Wash
|poke|p2|Latios, M
|poke|p2|Garchomp, M
|rule|Swagger Clause: Swagger is banned
|rule|Baton Pass Clause: Limit one PokÃ©mon knowing Baton Pass
|rule|Sleep Clause Mod: Limit one foe put to sleep
|rule|Species Clause: Limit one of each PokÃ©mon
|rule|OHKO Clause: OHKO moves are banned
|rule|Moody Clause: Moody is banned
|rule|Evasion Moves Clause: Evasion moves are banned
|rule|Endless Battle Clause: Forcing endless battles is banned
|rule|HP Percentage Mod: HP is reported as percentages
|teampreview
|
|start
|switch|p1a: Sylveon|Sylveon, F|331\/331
|switch|p2a: Conkeldurr|Conkeldurr, M|414\/414
|turn|1
|
|switch|p2a: Charizard|Charizard, M|297\/297
|move|p1a: Sylveon|Hyper Voice|p2a: Charizard
|-resisted|p2a: Charizard
|-damage|p2a: Charizard|171\/297
|
|turn|2
|
|detailschange|p2a: Charizard|Charizard-Mega-Y, M
|message|Charizard has Mega Evolved into Mega Charizard!
|-weather|SunnyDay
|move|p2a: Charizard|Fire Blast|p1a: Sylveon
|-damage|p1a: Sylveon|69\/331
|move|p1a: Sylveon|Psyshock|p2a: Charizard
|-damage|p2a: Charizard|43\/297
|
|-weather|SunnyDay|[upkeep]
|-heal|p1a: Sylveon|89\/331|[from] item: Leftovers
|turn|3
|
|move|p1a: Sylveon|Protect|p1a: Sylveon
|-singleturn|p1a: Sylveon|Protect
|move|p2a: Charizard|Roost|p2a: Charizard
|-heal|p2a: Charizard|192\/297
|
|-weather|SunnyDay|[upkeep]
|-heal|p1a: Sylveon|109\/331|[from] item: Leftovers
|turn|4
|
|switch|p1a: Tyranitar|Tyranitar, M|403\/403
|-weather|Sandstorm
|move|p2a: Charizard|Earthquake|p1a: Tyranitar
|-supereffective|p1a: Tyranitar
|-damage|p1a: Tyranitar|253\/403
|
|-weather|Sandstorm|[upkeep]
|-damage|p2a: Charizard|174\/297|[from] sandstorm
|-heal|p1a: Tyranitar|278\/403|[from] item: Leftovers
|turn|5
|
|switch|p2a: Conkeldurr|Conkeldurr, M|414\/414
|move|p1a: Tyranitar|Stealth Rock|p2a: Conkeldurr
|-sidestart|p2: GamerGal|move: Stealth Rock
|
|-weather|Sandstorm|[upkeep]
|-damage|p2a: Conkeldurr|389\/414|[from] sandstorm
|-heal|p1a: Tyranitar|303\/403|[from] item: Leftovers
|turn|6
|
|switch|p1a: Sylveon|Sylveon, F|109\/331
|move|p2a: Conkeldurr|Drain Punch|p1a: Sylveon
|-resisted|p1a: Sylveon
|-damage|p1a: Sylveon|29\/331
|-heal|p2a: Conkeldurr|414\/414|[from] drain|[of] p1a: Sylveon
|
|-weather|Sandstorm|[upkeep]
|-damage|p1a: Sylveon|9\/331|[from] sandstorm
|-damage|p2a: Conkeldurr|389\/414|[from] sandstorm
|-heal|p1a: Sylveon|29\/331|[from] item: Leftovers
|turn|7
|
|move|p2a: Conkeldurr|Mach Punch|p1a: Sylveon
|-crit|p1a: Sylveon
|-resisted|p1a: Sylveon
|-damage|p1a: Sylveon|0 fnt
|faint|p1a: Sylveon
|
|-weather|Sandstorm|[upkeep]
|-damage|p2a: Conkeldurr|364\/414|[from] sandstorm
|
|switch|p1a: Charizard|Charizard, M|297\/297
|turn|8
|
|detailschange|p1a: Charizard|Charizard-Mega-Y, M
|message|Charizard has Mega Evolved into Mega Charizard!
|-weather|SunnyDay
|move|p1a: Charizard|Overheat|p2a: Conkeldurr
|-damage|p2a: Conkeldurr|0 fnt
|-unboost|p1a: Charizard|spa|2
|faint|p2a: Conkeldurr
|
|-weather|SunnyDay|[upkeep]
|
|switch|p2a: Tyranitar|Tyranitar, M|404\/404
|-damage|p2a: Tyranitar|354\/404|[from] Stealth Rock
|-weather|Sandstorm
|turn|9
|
|move|p2a: Tyranitar|Pursuit|p1a: Charizard|[from]Pursuit
|-damage|p1a: Charizard|158\/297
|switch|p1a: Greninja|Greninja, M|285\/285
|
|-weather|Sandstorm|[upkeep]
|-damage|p1a: Greninja|268\/285|[from] sandstorm
|-heal|p2a: Tyranitar|379\/404|[from] item: Leftovers
|turn|10
|
|switch|p2a: Rotom-Wash|Rotom-Wash|304\/304
|-damage|p2a: Rotom-Wash|266\/304|[from] Stealth Rock
|move|p1a: Greninja|Scald|p2a: Rotom-Wash
|-start|p1a: Greninja|typechange|Water|[from] Protean
|-resisted|p2a: Rotom-Wash
|-damage|p2a: Rotom-Wash|184\/304
|-damage|p1a: Greninja|240\/285|[from] item: Life Orb
|
|-weather|Sandstorm|[upkeep]
|-damage|p1a: Greninja|223\/285|[from] sandstorm
|-damage|p2a: Rotom-Wash|165\/304|[from] sandstorm
|-heal|p2a: Rotom-Wash|184\/304|[from] item: Leftovers
|turn|11
|
|switch|p1a: Excadrill|Excadrill, M|361\/361
|move|p2a: Rotom-Wash|Hydro Pump|p1a: Excadrill
|-supereffective|p1a: Excadrill
|-damage|p1a: Excadrill|0 fnt
|faint|p1a: Excadrill
|
|-weather|Sandstorm|[upkeep]
|-damage|p2a: Rotom-Wash|165\/304|[from] sandstorm
|-heal|p2a: Rotom-Wash|184\/304|[from] item: Leftovers
|
|switch|p1a: Tyranitar|Tyranitar, M|303\/403
|turn|12
|
|move|p2a: Rotom-Wash|Will-O-Wisp|p1a: Tyranitar
|-status|p1a: Tyranitar|brn
|move|p1a: Tyranitar|Stone Edge|p2a: Rotom-Wash
|-damage|p2a: Rotom-Wash|111\/304
|
|-weather|Sandstorm|[upkeep]
|-damage|p2a: Rotom-Wash|92\/304|[from] sandstorm
|-heal|p2a: Rotom-Wash|111\/304|[from] item: Leftovers
|-heal|p1a: Tyranitar|328\/403 brn|[from] item: Leftovers
|-damage|p1a: Tyranitar|278\/403 brn|[from] brn
|turn|13
|
|move|p2a: Rotom-Wash|Pain Split|p1a: Tyranitar
|-sethp|p1a: Tyranitar|194\/403 brn|p2a: Rotom-Wash|194\/304|[from] move: Pain Split
|move|p1a: Tyranitar|Stone Edge|p2a: Rotom-Wash
|-damage|p2a: Rotom-Wash|121\/304
|
|-weather|none
|-heal|p2a: Rotom-Wash|140\/304|[from] item: Leftovers
|-heal|p1a: Tyranitar|219\/403 brn|[from] item: Leftovers
|-damage|p1a: Tyranitar|169\/403 brn|[from] brn
|turn|14
|
|move|p2a: Rotom-Wash|Hydro Pump|p1a: Tyranitar
|-supereffective|p1a: Tyranitar
|-damage|p1a: Tyranitar|0 fnt
|faint|p1a: Tyranitar
|
|-heal|p2a: Rotom-Wash|159\/304|[from] item: Leftovers
|
|switch|p1a: Greninja|Greninja, M|223\/285
|turn|15
|
|move|p1a: Greninja|Dark Pulse|p2a: Rotom-Wash
|-start|p1a: Greninja|typechange|Dark|[from] Protean
|-damage|p2a: Rotom-Wash|0 fnt
|-damage|p1a: Greninja|195\/285|[from] item: Life Orb
|faint|p2a: Rotom-Wash
|
|
|switch|p2a: Tyranitar|Tyranitar, M|379\/404
|-damage|p2a: Tyranitar|329\/404|[from] Stealth Rock
|-weather|Sandstorm
|turn|16
|
|move|p1a: Greninja|Scald|p2a: Tyranitar
|-start|p1a: Greninja|typechange|Water|[from] Protean
|-supereffective|p2a: Tyranitar
|-damage|p2a: Tyranitar|150\/404
|-damage|p1a: Greninja|167\/285|[from] item: Life Orb
|move|p2a: Tyranitar|Stealth Rock|p1a: Greninja
|-sidestart|p1: roberto3500|move: Stealth Rock
|
|-weather|Sandstorm|[upkeep]
|-damage|p1a: Greninja|150\/285|[from] sandstorm
|-heal|p2a: Tyranitar|175\/404|[from] item: Leftovers
|turn|17
|
|move|p1a: Greninja|Scald|p2a: Tyranitar
|-supereffective|p2a: Tyranitar
|-damage|p2a: Tyranitar|9\/404
|-damage|p1a: Greninja|122\/285|[from] item: Life Orb
|move|p2a: Tyranitar|Crunch|p1a: Greninja
|-damage|p1a: Greninja|0 fnt
|faint|p1a: Greninja
|
|-weather|Sandstorm|[upkeep]
|-heal|p2a: Tyranitar|34\/404|[from] item: Leftovers
|chat|roberto3500|puta
|-message|roberto3500 forfeited.
|
|win|GamerGal
|raw|Ladder updating...
|leave|roberto3500
|player|p1
|raw|roberto3500's rating: 1540 &rarr; <strong>1519<\/strong><br \/>(-21 for losing)
|raw|GamerGal's rating: 1518 &rarr; <strong>1539<\/strong><br \/>(+21 for winning)