|join|boo0oo0ooz
|join|GamerGal
|player|p1|boo0oo0ooz|266
|player|p2|GamerGal|115
|gametype|singles
|gen|6
|tier|OU
|rated
|clearpoke
|poke|p1|Infernape, F
|poke|p1|Ferrothorn, M
|poke|p1|Manaphy
|poke|p1|Latios, M
|poke|p1|Pinsir, M
|poke|p1|Landorus-Therian, M
|poke|p2|Thundurus-Therian, M
|poke|p2|Scizor, M
|poke|p2|Azumarill, F
|poke|p2|Kyurem-Black
|poke|p2|Infernape, M
|poke|p2|Gardevoir, F
|rule|Sleep Clause Mod: Limit one foe put to sleep
|rule|Species Clause: Limit one of each Pokemon
|rule|OHKO Clause: OHKO moves are banned
|rule|Moody Clause: Moody is banned
|rule|Evasion Moves Clause: Evasion moves are banned
|rule|Endless Battle Clause: Forcing endless battles is banned.
|rule|HP Percentage Mod: HP is reported as percentages
|teampreview
|
|start
|switch|p1a: Landorus-Therian|Landorus-Therian, M|381\/381
|switch|p2a: Infernape|Infernape, M|293\/293
|-ability|p1a: Landorus-Therian|Intimidate|[of] p2a: Infernape
|-unboost|p2a: Infernape|atk|1
|turn|1
|
|move|p2a: Infernape|Stealth Rock|p1a: Landorus-Therian
|-sidestart|p1: boo0oo0ooz|move: Stealth Rock
|move|p1a: Landorus-Therian|Knock Off|p2a: Infernape
|-resisted|p2a: Infernape
|-damage|p2a: Infernape|207\/293
|-enditem|p2a: Infernape|Focus Sash|[from] move: Knock Off|[of] p1a: Landorus-Therian
|
|turn|2
|
|move|p2a: Infernape|U-turn|p1a: Landorus-Therian
|-resisted|p1a: Landorus-Therian
|-damage|p1a: Landorus-Therian|354\/381
|
|switch|p2a: Azumarill|Azumarill, F|404\/404
|move|p1a: Landorus-Therian|Stone Edge|p2a: Azumarill
|-damage|p2a: Azumarill|250\/404
|
|turn|3
|
|switch|p2a: Infernape|Infernape, M|207\/293
|move|p1a: Landorus-Therian|U-turn|p2a: Infernape
|-resisted|p2a: Infernape
|-damage|p2a: Infernape|178\/293
|
|switch|p1a: Latios|Latios, M|302\/302
|-damage|p1a: Latios|265\/302|[from] Stealth Rock
|
|turn|4
|
|switch|p2a: Scizor|Scizor, M|344\/344
|move|p1a: Latios|Defog|p2a: Scizor
|-unboost|p2a: Scizor|evasion|1
|-sideend|p1: boo0oo0ooz|Stealth Rock|[from] move: Defog|[of] p1a: Latios
|
|turn|5
|
|move|p1a: Latios|Draco Meteor|p2a: Scizor
|-resisted|p2a: Scizor
|-damage|p2a: Scizor|172\/344
|-unboost|p1a: Latios|spa|2
|-damage|p1a: Latios|235\/302|[from] item: Life Orb
|move|p2a: Scizor|Knock Off|p1a: Latios
|-supereffective|p1a: Latios
|-damage|p1a: Latios|0 fnt
|-damage|p2a: Scizor|138\/344|[from] item: Life Orb
|faint|p1a: Latios
|
|
|switch|p1a: Ferrothorn|Ferrothorn, M|352\/352
|turn|6
|
|move|p2a: Scizor|Knock Off|p1a: Ferrothorn
|-damage|p1a: Ferrothorn|226\/352
|-damage|p2a: Scizor|95\/344|[from] ability: Iron Barbs|[of] p1a: Ferrothorn
|-damage|p2a: Scizor|38\/344|[from] item: Rocky Helmet|[of] p1a: Ferrothorn
|-enditem|p1a: Ferrothorn|Rocky Helmet|[from] move: Knock Off|[of] p2a: Scizor
|-damage|p2a: Scizor|4\/344|[from] item: Life Orb
|move|p1a: Ferrothorn|Stealth Rock|p2a: Scizor
|-sidestart|p2: GamerGal|move: Stealth Rock
|
|turn|7
|
|move|p2a: Scizor|U-turn|p1a: Ferrothorn
|-damage|p1a: Ferrothorn|96\/352
|-damage|p2a: Scizor|0 fnt|[from] ability: Iron Barbs|[of] p1a: Ferrothorn
|faint|p2a: Scizor
|move|p1a: Ferrothorn|Gyro Ball|p2: Scizor|[notarget]
|-notarget
|
|
|switch|p2a: Infernape|Infernape, M|178\/293
|-damage|p2a: Infernape|142\/293|[from] Stealth Rock
|turn|8
|
|move|p2a: Infernape|Stealth Rock|p1a: Ferrothorn
|-sidestart|p1: boo0oo0ooz|move: Stealth Rock
|move|p1a: Ferrothorn|Bulldoze|p2a: Infernape
|-supereffective|p2a: Infernape
|-damage|p2a: Infernape|0 fnt
|faint|p2a: Infernape
|
|
|switch|p2a: Gardevoir|Gardevoir, F|278\/278
|-damage|p2a: Gardevoir|244\/278|[from] Stealth Rock
|turn|9
|
|-formechange|p2a: Gardevoir|Gardevoir-Mega
|message|Gardevoir has Mega Evolved into Mega Gardevoir!
|move|p2a: Gardevoir|Shadow Ball|p1a: Ferrothorn
|-damage|p1a: Ferrothorn|0 fnt
|faint|p1a: Ferrothorn
|
|
|switch|p1a: Infernape|Infernape, F|293\/293
|-damage|p1a: Infernape|257\/293|[from] Stealth Rock
|turn|10
|c|âboo0oo0ooz|!stats gardevoir
|c|~|\/data-pokemon Gardevoir

|
|switch|p2a: Azumarill|Azumarill, F|250\/404
|-damage|p2a: Azumarill|200\/404|[from] Stealth Rock
|move|p1a: Infernape|Flare Blitz|p2a: Azumarill
|-resisted|p2a: Azumarill
|-damage|p2a: Azumarill|92\/404
|-damage|p1a: Infernape|221\/293|[from] recoil|[of] p2a: Azumarill
|
|turn|11
|
|switch|p1a: Manaphy|Manaphy|341\/341
|-damage|p1a: Manaphy|299\/341|[from] Stealth Rock
|move|p2a: Azumarill|Aqua Jet|p1a: Manaphy
|-resisted|p1a: Manaphy
|-damage|p1a: Manaphy|257\/341
|
|-heal|p1a: Manaphy|278\/341|[from] item: Leftovers
|turn|12
|
|move|p1a: Manaphy|Ice Beam|p2a: Azumarill
|-resisted|p2a: Azumarill
|-damage|p2a: Azumarill|58\/404
|move|p2a: Azumarill|Play Rough|p1a: Manaphy
|-damage|p1a: Manaphy|92\/341
|
|-heal|p1a: Manaphy|113\/341|[from] item: Leftovers
|turn|13
|
|move|p1a: Manaphy|Energy Ball|p2a: Azumarill
|-supereffective|p2a: Azumarill
|-damage|p2a: Azumarill|0 fnt
|faint|p2a: Azumarill
|
|-heal|p1a: Manaphy|134\/341|[from] item: Leftovers
|
|switch|p2a: Thundurus-Therian|Thundurus-Therian, M|300\/300
|-damage|p2a: Thundurus-Therian|225\/300|[from] Stealth Rock
|turn|14
|
|move|p2a: Thundurus-Therian|Hidden Power|p1a: Manaphy
|-resisted|p1a: Manaphy
|-damage|p1a: Manaphy|89\/341
|move|p1a: Manaphy|Ice Beam|p2a: Thundurus-Therian
|-supereffective|p2a: Thundurus-Therian
|-damage|p2a: Thundurus-Therian|9\/300
|
|-heal|p1a: Manaphy|110\/341|[from] item: Leftovers
|turn|15
|chat|GamerGal|you just won
|
|move|p2a: Thundurus-Therian|Hidden Power|p1a: Manaphy
|-crit|p1a: Manaphy
|-resisted|p1a: Manaphy
|-damage|p1a: Manaphy|45\/341
|move|p1a: Manaphy|Ice Beam|p2a: Thundurus-Therian
|-supereffective|p2a: Thundurus-Therian
|-damage|p2a: Thundurus-Therian|0 fnt
|faint|p2a: Thundurus-Therian
|
|-heal|p1a: Manaphy|66\/341|[from] item: Leftovers
|chat|boo0oo0ooz|I always win
|
|switch|p2a: Kyurem-Black|Kyurem-Black|404\/404
|-damage|p2a: Kyurem-Black|303\/404|[from] Stealth Rock
|-ability|p2a: Kyurem-Black|Teravolt
|turn|16
|
|move|p1a: Manaphy|Surf|p2a: Kyurem-Black
|-resisted|p2a: Kyurem-Black
|-damage|p2a: Kyurem-Black|224\/404
|move|p2a: Kyurem-Black|Substitute|p2a: Kyurem-Black
|-start|p2a: Kyurem-Black|Substitute
|-damage|p2a: Kyurem-Black|123\/404
|
|-heal|p1a: Manaphy|87\/341|[from] item: Leftovers
|-heal|p2a: Kyurem-Black|148\/404|[from] item: Leftovers
|turn|17
|c|âboo0oo0ooz|!stats kyrem-b
No Pokemon, item, move or ability named 'kyrem-b' was found. Showing the data of 'Kyurem' instead.
|c|~|\/data-pokemon Kyurem

|
|move|p1a: Manaphy|Surf|p2a: Kyurem-Black
|-resisted|p2a: Kyurem-Black
|-activate|p2a: Kyurem-Black|Substitute|[damage]
|move|p2a: Kyurem-Black|Roost|p2a: Kyurem-Black
|-heal|p2a: Kyurem-Black|350\/404
|
|-heal|p1a: Manaphy|108\/341|[from] item: Leftovers
|-heal|p2a: Kyurem-Black|375\/404|[from] item: Leftovers
|turn|18
|
|move|p1a: Manaphy|Ice Beam|p2a: Kyurem-Black
|-end|p2a: Kyurem-Black|Substitute
|move|p2a: Kyurem-Black|Earth Power|p1a: Manaphy
|-damage|p1a: Manaphy|5\/341
|
|-heal|p1a: Manaphy|26\/341|[from] item: Leftovers
|-heal|p2a: Kyurem-Black|400\/404|[from] item: Leftovers
|turn|19
|
|move|p1a: Manaphy|Ice Beam|p2a: Kyurem-Black
|-damage|p2a: Kyurem-Black|297\/404
|move|p2a: Kyurem-Black|Substitute|p2a: Kyurem-Black
|-start|p2a: Kyurem-Black|Substitute
|-damage|p2a: Kyurem-Black|196\/404
|
|-heal|p1a: Manaphy|47\/341|[from] item: Leftovers
|-heal|p2a: Kyurem-Black|221\/404|[from] item: Leftovers
|turn|20
|
|move|p1a: Manaphy|Ice Beam|p2a: Kyurem-Black
|-activate|p2a: Kyurem-Black|Substitute|[damage]
|move|p2a: Kyurem-Black|Earth Power|p1a: Manaphy
|-damage|p1a: Manaphy|0 fnt
|faint|p1a: Manaphy
|
|-heal|p2a: Kyurem-Black|246\/404|[from] item: Leftovers
|
|switch|p1a: Infernape|Infernape, F|221\/293
|-damage|p1a: Infernape|185\/293|[from] Stealth Rock
|turn|21
|
|move|p1a: Infernape|U-turn|p2a: Kyurem-Black
|-crit|p2a: Kyurem-Black
|-end|p2a: Kyurem-Black|Substitute
|
|switch|p1a: Landorus-Therian|Landorus-Therian, M|354\/381
|-damage|p1a: Landorus-Therian|307\/381|[from] Stealth Rock
|-ability|p1a: Landorus-Therian|Intimidate|[of] p2a: Kyurem-Black
|-unboost|p2a: Kyurem-Black|atk|1
|move|p2a: Kyurem-Black|Earth Power|p1a: Landorus-Therian
|-immune|p1a: Landorus-Therian|[msg]
|
|-heal|p2a: Kyurem-Black|271\/404|[from] item: Leftovers
|turn|22
|
|move|p2a: Kyurem-Black|Ice Beam|p1a: Landorus-Therian
|-supereffective|p1a: Landorus-Therian
|-damage|p1a: Landorus-Therian|0 fnt
|faint|p1a: Landorus-Therian
|
|-heal|p2a: Kyurem-Black|296\/404|[from] item: Leftovers
|
|switch|p1a: Infernape|Infernape, F|185\/293
|-damage|p1a: Infernape|149\/293|[from] Stealth Rock
|turn|23
|
|move|p1a: Infernape|Close Combat|p2a: Kyurem-Black
|-supereffective|p2a: Kyurem-Black
|-damage|p2a: Kyurem-Black|0 fnt
|-unboost|p1a: Infernape|def|1
|-unboost|p1a: Infernape|spd|1
|faint|p2a: Kyurem-Black
|
|
|switch|p2a: Gardevoir|Gardevoir, F|244\/278
|-formechange|p2a: Gardevoir|Gardevoir-Mega
|-damage|p2a: Gardevoir|210\/278|[from] Stealth Rock
|turn|24
|
|move|p1a: Infernape|Close Combat|p2a: Gardevoir
|-resisted|p2a: Gardevoir
|-damage|p2a: Gardevoir|148\/278
|-unboost|p1a: Infernape|def|1
|-unboost|p1a: Infernape|spd|1
|move|p2a: Gardevoir|Hyper Voice|p1a: Infernape
|-damage|p1a: Infernape|0 fnt
|faint|p1a: Infernape
|
|c|âboo0oo0ooz|!stats pinsir
|c|~|\/data-pokemon Pinsir

|
|switch|p1a: Pinsir|Pinsir, M|272\/272
|-damage|p1a: Pinsir|204\/272|[from] Stealth Rock
|turn|25
|
|-formechange|p1a: Pinsir|Pinsir-Mega
|message|Pinsir has Mega Evolved into Mega Pinsir!
|move|p2a: Gardevoir|Hyper Voice|p1a: Pinsir
|-damage|p1a: Pinsir|0 fnt
|faint|p1a: Pinsir
|
|win|GamerGal
|raw|Ladder updating...
|raw|boo0oo0ooz's rating: 1530 &rarr; <strong>1509<\/strong><br \/>(-21 for losing)
|raw|GamerGal's rating: 1519 &rarr; <strong>1539<\/strong><br \/>(+20 for winning)
|chat|GamerGal|LOL
|chat|boo0oo0ooz|fuc off....
|chat|boo0oo0ooz|impossible?...
|leave|boo0oo0ooz
|player|p1