|join|GamerGal
|join|Maestro CAMINANTE
|player|p1|GamerGal|4
|player|p2|Maestro CAMINANTE|7
|gametype|singles
|gen|6
|tier|OU
|rated
|clearpoke
|poke|p1|Gyarados, M
|poke|p1|Diggersby, M
|poke|p1|Terrakion
|poke|p1|Scizor, M
|poke|p1|Thundurus, M
|poke|p1|Latias, F
|poke|p2|Thundurus, M
|poke|p2|Heracross, M
|poke|p2|Latios, M
|poke|p2|Ferrothorn, F
|poke|p2|Heatran, M, shiny
|poke|p2|Clefable, M
|rule|Swagger Clause: Swagger is banned
|rule|Baton Pass Clause: Limit one PokÃ©mon knowing Baton Pass
|rule|Sleep Clause Mod: Limit one foe put to sleep
|rule|Species Clause: Limit one of each PokÃ©mon
|rule|OHKO Clause: OHKO moves are banned
|rule|Moody Clause: Moody is banned
|rule|Evasion Moves Clause: Evasion moves are banned
|rule|Endless Battle Clause: Forcing endless battles is banned
|rule|HP Percentage Mod: HP is shown in percentages
|teampreview
|c|âMaestro CAMINANTE|oh
|c|âGamerGal|hey
|c|âMaestro CAMINANTE|hello
|
|start
|switch|p1a: Terrakion|Terrakion|324\/324
|switch|p2a: Herculeon|Heracross, M|302\/302
|turn|1
|
|detailschange|p2a: Herculeon|Heracross-Mega, M
|message|Heracross has Mega Evolved into Mega Heracross!
|move|p1a: Terrakion|Stealth Rock|p2a: Herculeon
|-sidestart|p2: Maestro CAMINANTE|move: Stealth Rock
|move|p2a: Herculeon|Close Combat|p1a: Terrakion
|-supereffective|p1a: Terrakion
|-enditem|p1a: Terrakion|Focus Sash
|-damage|p1a: Terrakion|1\/324
|-unboost|p2a: Herculeon|def|1
|-unboost|p2a: Herculeon|spd|1
|
|turn|2
|
|switch|p2a: Apolo|Latios, M|301\/301
|-damage|p2a: Apolo|264\/301|[from] Stealth Rock
|move|p1a: Terrakion|Stone Edge|p2a: Apolo
|-damage|p2a: Apolo|35\/301
|
|turn|3
|join|Rai-21
|
|move|p2a: Apolo|Defog|p1a: Terrakion
|-unboost|p1a: Terrakion|evasion|1
|-sideend|p2: Maestro CAMINANTE|Stealth Rock|[from] move: Defog|[of] p2a: Apolo
|move|p1a: Terrakion|Stealth Rock|p2a: Apolo
|-sidestart|p2: Maestro CAMINANTE|move: Stealth Rock
|
|turn|4
|
|move|p2a: Apolo|Psyshock|p1a: Terrakion
|-supereffective|p1a: Terrakion
|-damage|p1a: Terrakion|0 fnt
|-damage|p2a: Apolo|5\/301|[from] item: Life Orb
|faint|p1a: Terrakion
|
|
|switch|p1a: Diggersby|Diggersby, M|312\/312
|turn|5
|
|move|p1a: Diggersby|Quick Attack|p2a: Apolo
|-damage|p2a: Apolo|0 fnt
|faint|p2a: Apolo
|
|
|switch|p2a: The bulk|Ferrothorn, F|352\/352
|-damage|p2a: The bulk|330\/352|[from] Stealth Rock
|turn|6
|c| Rai-21|eres un casador de bichitos 
|c|âMaestro CAMINANTE|:v
|c|âMaestro CAMINANTE|plz
|
|move|p1a: Diggersby|Swords Dance|p1a: Diggersby
|-boost|p1a: Diggersby|atk|2
|move|p2a: The bulk|Stealth Rock|p1a: Diggersby
|-sidestart|p1: GamerGal|move: Stealth Rock
|
|-heal|p2a: The bulk|352\/352|[from] item: Leftovers
|turn|7
|
|move|p1a: Diggersby|Earthquake|p2a: The bulk
|-damage|p2a: The bulk|45\/352
|move|p2a: The bulk|Power Whip|p1a: Diggersby
|-supereffective|p1a: Diggersby
|-enditem|p1a: Diggersby|Focus Sash
|-damage|p1a: Diggersby|1\/312
|
|-heal|p2a: The bulk|67\/352|[from] item: Leftovers
|turn|8
|
|move|p1a: Diggersby|Earthquake|p2a: The bulk
|-damage|p2a: The bulk|0 fnt
|faint|p2a: The bulk
|
|
|switch|p2a: Clefable|Clefable, M|394\/394
|-damage|p2a: Clefable|345\/394|[from] Stealth Rock
|turn|9
|join|CSS)bleachzxzx
|
|move|p1a: Diggersby|Earthquake|p2a: Clefable
|-damage|p2a: Clefable|35\/394
|move|p2a: Clefable|Moonblast|p1a: Diggersby
|-damage|p1a: Diggersby|0 fnt
|faint|p1a: Diggersby
|
|-heal|p2a: Clefable|59\/394|[from] item: Leftovers
|c|âMaestro CAMINANTE|este tÃ­o es bueno
|c| CSS)bleachzxzx|quien?
|c|âMaestro CAMINANTE|este
|c|âMaestro CAMINANTE|el que me toco
|
|switch|p1a: Scizor|Scizor, M|343\/343
|-damage|p1a: Scizor|301\/343|[from] Stealth Rock
|turn|10
|c| CSS)bleachzxzx|puta
|c| CSS)bleachzxzx|me revaso
|c| Rai-21|puede ser niÃ±a (?)
|c| CSS)bleachzxzx|lil mananphy
|c| CSS)bleachzxzx|otra vez
|c| CSS)bleachzxzx|ahorita lo gegeo izy
|
|move|p2a: Clefable|Protect|p2a: Clefable
|-singleturn|p2a: Clefable|Protect
|move|p1a: Scizor|Bullet Punch|p2a: Clefable
|-activate|p2a: Clefable|Protect
|
|-heal|p1a: Scizor|322\/343|[from] item: Leftovers
|-heal|p2a: Clefable|83\/394|[from] item: Leftovers
|turn|11
|join|RaiRaiden
|
|switch|p1a: Gyarados|Gyarados, M|331\/331
|-damage|p1a: Gyarados|249\/331|[from] Stealth Rock
|-ability|p1a: Gyarados|Intimidate|[of] p2a: Clefable
|-unboost|p2a: Clefable|atk|1
|switch|p2a: Atlas Flame|Heatran, M, shiny|386\/386
|-damage|p2a: Atlas Flame|338\/386|[from] Stealth Rock
|
|-heal|p2a: Atlas Flame|362\/386|[from] item: Leftovers
|turn|12
|
|detailschange|p1a: Gyarados|Gyarados-Mega, M
|message|Gyarados has Mega Evolved into Mega Gyarados!
|-ability|p1a: Gyarados|Mold Breaker
|move|p1a: Gyarados|Taunt|p2a: Atlas Flame
|-start|p2a: Atlas Flame|move: Taunt
|cant|p2a: Atlas Flame|move: Taunt|Roar
|
|-heal|p2a: Atlas Flame|386\/386|[from] item: Leftovers
|turn|13
|c| RaiRaiden|gg
|c| Rai-21|cagaste 
|c| RaiRaiden|llegare a 5000 izi
|leave|RaiRaiden
|
|move|p1a: Gyarados|Dragon Dance|p1a: Gyarados
|-boost|p1a: Gyarados|atk|1
|-boost|p1a: Gyarados|spe|1
|move|p2a: Atlas Flame|Lava Plume|p1a: Gyarados
|-resisted|p1a: Gyarados
|-damage|p1a: Gyarados|201\/331
|
|turn|14
|c|âMaestro CAMINANTE|gyarados 
|c|âMaestro CAMINANTE|ataques
|c|âMaestro CAMINANTE|waterfall, eq, dd, taunt
|
|move|p1a: Gyarados|Earthquake|p2a: Atlas Flame
|-supereffective|p2a: Atlas Flame
|-damage|p2a: Atlas Flame|0 fnt
|faint|p2a: Atlas Flame
|
|
|switch|p2a: Herculeon|Heracross-Mega, M|302\/302
|-damage|p2a: Herculeon|265\/302|[from] Stealth Rock
|turn|15
|
|move|p1a: Gyarados|Waterfall|p2a: Herculeon
|-damage|p2a: Herculeon|34\/302
|move|p2a: Herculeon|Close Combat|p1a: Gyarados
|-supereffective|p1a: Gyarados
|-damage|p1a: Gyarados|0 fnt
|-unboost|p2a: Herculeon|def|1
|-unboost|p2a: Herculeon|spd|1
|faint|p1a: Gyarados
|
|c|âMaestro CAMINANTE|ahora no remonto.
|c|âMaestro CAMINANTE|bueno, gg pardie.
|
|switch|p1a: Scizor|Scizor, M|322\/343
|-damage|p1a: Scizor|280\/343|[from] Stealth Rock
|turn|16
|
|move|p1a: Scizor|Bullet Punch|p2a: Herculeon
|-damage|p2a: Herculeon|0 fnt
|faint|p2a: Herculeon
|
|-heal|p1a: Scizor|301\/343|[from] item: Leftovers
|
|switch|p2a: Zeus|Thundurus, M|300\/300
|-damage|p2a: Zeus|225\/300|[from] Stealth Rock
|turn|17
|
|move|p2a: Zeus|Thunderbolt|p1a: Scizor
|-damage|p1a: Scizor|123\/343
|move|p1a: Scizor|Knock Off|p2a: Zeus
|-damage|p2a: Zeus|80\/300
|-enditem|p2a: Zeus|Leftovers|[from] move: Knock Off|[of] p1a: Scizor
|
|-heal|p1a: Scizor|144\/343|[from] item: Leftovers
|turn|18
|
|move|p1a: Scizor|Bullet Punch|p2a: Zeus
|-resisted|p2a: Zeus
|-damage|p2a: Zeus|2\/300
|move|p2a: Zeus|Thunderbolt|p1a: Scizor
|-damage|p1a: Scizor|0 fnt
|faint|p1a: Scizor
|
|c|âMaestro CAMINANTE|es assault (?)
|c|âMaestro CAMINANTE|scizor assault vest for the win 
|
|switch|p1a: Latias|Latias, F|301\/301
|-damage|p1a: Latias|264\/301|[from] Stealth Rock
|turn|19
|c| Rai-21|en noviembre esto cambiara de nuevo
|
|move|p2a: Zeus|Hidden Power|p1a: Latias
|-supereffective|p1a: Latias
|-damage|p1a: Latias|154\/301
|move|p1a: Latias|Psyshock|p2a: Zeus
|-damage|p2a: Zeus|0 fnt
|-damage|p1a: Latias|124\/301|[from] item: Life Orb
|faint|p2a: Zeus
|
|
|switch|p2a: Clefable|Clefable, M|83\/394
|-damage|p2a: Clefable|34\/394|[from] Stealth Rock
|turn|20
|c|âGamerGal|gg
|c|âMaestro CAMINANTE|haxero de mierda
|c|âMaestro CAMINANTE|manco
|c|âMaestro CAMINANTE|joder
|
|move|p1a: Latias|Psyshock|p2a: Clefable
|-damage|p2a: Clefable|0 fnt
|-damage|p1a: Latias|94\/301|[from] item: Life Orb
|faint|p2a: Clefable
|
|win|GamerGal
|raw|Ladder updating...
|raw|GamerGal's rating: 1516 &rarr; <strong>1535<\/strong><br \/>(+19 for winning)
|raw|Maestro CAMINANTE's rating: 1503 &rarr; <strong>1484<\/strong><br \/>(-19 for losing)
|leave|Maestro CAMINANTE
|player|p2