|join|fjhghjghj
|join|GamerGal
|player|p1|fjhghjghj|260
|player|p2|GamerGal|4
|gametype|singles
|gen|6
|tier|OU
|rated
|clearpoke
|poke|p1|Aerodactyl, M
|poke|p1|Umbreon, F
|poke|p1|Talonflame, F
|poke|p1|Excadrill, F
|poke|p1|Lucario, F
|poke|p1|Thundurus, M
|poke|p2|Lopunny, F
|poke|p2|Magnezone
|poke|p2|Diggersby, M
|poke|p2|Latias, F
|poke|p2|Ferrothorn, F
|poke|p2|Gliscor, F
|rule|Swagger Clause: Swagger is banned
|rule|Baton Pass Clause: Limit one PokÃ©mon knowing Baton Pass
|rule|Sleep Clause Mod: Limit one foe put to sleep
|rule|Species Clause: Limit one of each PokÃ©mon
|rule|OHKO Clause: OHKO moves are banned
|rule|Moody Clause: Moody is banned
|rule|Evasion Moves Clause: Evasion moves are banned
|rule|Endless Battle Clause: Forcing endless battles is banned
|rule|HP Percentage Mod: HP is shown in percentages
|teampreview
|
|start
|switch|p1a: Aerodactyl|Aerodactyl, M|302\/302
|switch|p2a: Magnezone|Magnezone|300\/300
|-ability|p1a: Aerodactyl|Unnerve|p2: GamerGal
|turn|1
|
|switch|p1a: Excadrill|Excadrill, F|362\/362
|-ability|p1a: Excadrill|Mold Breaker
|move|p2a: Magnezone|Volt Switch|p1a: Excadrill
|-immune|p1a: Excadrill|[msg]
|
|turn|2
|
|switch|p2a: Gliscor|Gliscor, F|352\/352
|move|p1a: Excadrill|Iron Head|p2a: Gliscor
|-damage|p2a: Gliscor|262\/352
|
|-status|p2a: Gliscor|tox|[from] item: Toxic Orb
|turn|3
|
|switch|p1a: Thundurus|Thundurus, M|300\/300
|move|p2a: Gliscor|Substitute|p2a: Gliscor
|-start|p2a: Gliscor|Substitute
|-damage|p2a: Gliscor|174\/352 tox
|
|-heal|p2a: Gliscor|218\/352 tox|[from] ability: Poison Heal
|turn|4
|
|move|p1a: Thundurus|Hidden Power|p2a: Gliscor
|-supereffective|p2a: Gliscor
|-end|p2a: Gliscor|Substitute
|-damage|p1a: Thundurus|270\/300|[from] item: Life Orb
|move|p2a: Gliscor|Toxic|p1a: Thundurus
|-status|p1a: Thundurus|tox
|
|-damage|p1a: Thundurus|252\/300 tox|[from] psn
|-heal|p2a: Gliscor|262\/352 tox|[from] ability: Poison Heal
|turn|5
|
|move|p2a: Gliscor|Protect|p2a: Gliscor
|-singleturn|p2a: Gliscor|Protect
|move|p1a: Thundurus|Hidden Power|p2a: Gliscor
|-activate|p2a: Gliscor|Protect
|
|-damage|p1a: Thundurus|216\/300 tox|[from] psn
|-heal|p2a: Gliscor|306\/352 tox|[from] ability: Poison Heal
|turn|6
|
|switch|p1a: Umbreon|Umbreon, F|394\/394
|switch|p2a: Magnezone|Magnezone|300\/300
|
|turn|7
|
|move|p2a: Magnezone|Volt Switch|p1a: Umbreon
|-damage|p1a: Umbreon|316\/394
|
|switch|p2a: Gliscor|Gliscor, F|306\/352 tox
|move|p1a: Umbreon|Mean Look|p2a: Gliscor
|-activate|p2a: Gliscor|trapped
|
|-heal|p1a: Umbreon|340\/394|[from] item: Leftovers
|-heal|p2a: Gliscor|350\/352 tox|[from] ability: Poison Heal
|turn|8
|
|switch|p1a: Thundurus|Thundurus, M|216\/300 tox
|move|p2a: Gliscor|Substitute|p2a: Gliscor
|-start|p2a: Gliscor|Substitute
|-damage|p2a: Gliscor|262\/352 tox
|
|-damage|p1a: Thundurus|198\/300 tox|[from] psn
|-heal|p2a: Gliscor|306\/352 tox|[from] ability: Poison Heal
|turn|9
|
|move|p1a: Thundurus|Hidden Power|p2a: Gliscor
|-supereffective|p2a: Gliscor
|-end|p2a: Gliscor|Substitute
|-damage|p1a: Thundurus|168\/300 tox|[from] item: Life Orb
|move|p2a: Gliscor|Substitute|p2a: Gliscor
|-start|p2a: Gliscor|Substitute
|-damage|p2a: Gliscor|218\/352 tox
|
|-damage|p1a: Thundurus|132\/300 tox|[from] psn
|-heal|p2a: Gliscor|262\/352 tox|[from] ability: Poison Heal
|turn|10
|
|switch|p1a: Aerodactyl|Aerodactyl, M|302\/302
|-ability|p1a: Aerodactyl|Unnerve|p2: GamerGal
|move|p2a: Gliscor|Toxic|p1a: Aerodactyl
|-status|p1a: Aerodactyl|tox
|
|-damage|p1a: Aerodactyl|284\/302 tox|[from] psn
|-heal|p2a: Gliscor|306\/352 tox|[from] ability: Poison Heal
|turn|11
|
|switch|p2a: Magnezone|Magnezone|300\/300
|move|p1a: Aerodactyl|Stealth Rock|p2a: Magnezone
|-sidestart|p2: GamerGal|move: Stealth Rock
|
|-damage|p1a: Aerodactyl|248\/302 tox|[from] psn
|turn|12
|
|move|p1a: Aerodactyl|Stone Edge|p2a: Magnezone
|-resisted|p2a: Magnezone
|-damage|p2a: Magnezone|231\/300
|move|p2a: Magnezone|Volt Switch|p1a: Aerodactyl
|-supereffective|p1a: Aerodactyl
|-damage|p1a: Aerodactyl|0 fnt
|faint|p1a: Aerodactyl
|
|switch|p2a: Lopunny|Lopunny, F|281\/281
|-damage|p2a: Lopunny|246\/281|[from] Stealth Rock
|
|
|switch|p1a: Talonflame|Talonflame, F|298\/298
|turn|13
|
|detailschange|p2a: Lopunny|Lopunny-Mega, F
|message|Lopunny has Mega Evolved into Mega Lopunny!
|move|p2a: Lopunny|Fake Out|p1a: Talonflame
|-damage|p1a: Talonflame|205\/298
|cant|p1a: Talonflame|flinch
|
|-heal|p1a: Talonflame|223\/298|[from] item: Leftovers
|turn|14
|
|switch|p2a: Magnezone|Magnezone|231\/300
|-damage|p2a: Magnezone|213\/300|[from] Stealth Rock
|switch|p1a: Thundurus|Thundurus, M|132\/300 tox
|
|-damage|p1a: Thundurus|114\/300 tox|[from] psn
|turn|15
|
|move|p1a: Thundurus|Focus Blast|p2a: Magnezone|[miss]
|-miss|p1a: Thundurus|p2a: Magnezone
|move|p2a: Magnezone|Volt Switch|p1a: Thundurus
|-damage|p1a: Thundurus|0 fnt
|faint|p1a: Thundurus
|
|switch|p2a: Gliscor|Gliscor, F|306\/352 tox
|-damage|p2a: Gliscor|262\/352 tox|[from] Stealth Rock
|
|-heal|p2a: Gliscor|306\/352 tox|[from] ability: Poison Heal
|
|switch|p1a: Umbreon|Umbreon, F|340\/394
|turn|16
|
|move|p2a: Gliscor|Toxic|p1a: Umbreon
|-status|p1a: Umbreon|tox
|move|p1a: Umbreon|Curse|p1a: Umbreon
|-boost|p1a: Umbreon|atk|1
|-boost|p1a: Umbreon|def|1
|-unboost|p1a: Umbreon|spe|1
|
|-heal|p1a: Umbreon|364\/394 tox|[from] item: Leftovers
|-heal|p2a: Gliscor|350\/352 tox|[from] ability: Poison Heal
|-damage|p1a: Umbreon|340\/394 tox|[from] psn
|turn|17
|
|move|p2a: Gliscor|Substitute|p2a: Gliscor
|-start|p2a: Gliscor|Substitute
|-damage|p2a: Gliscor|262\/352 tox
|move|p1a: Umbreon|Curse|p1a: Umbreon
|-boost|p1a: Umbreon|atk|1
|-boost|p1a: Umbreon|def|1
|-unboost|p1a: Umbreon|spe|1
|
|-heal|p1a: Umbreon|364\/394 tox|[from] item: Leftovers
|-heal|p2a: Gliscor|306\/352 tox|[from] ability: Poison Heal
|-damage|p1a: Umbreon|316\/394 tox|[from] psn
|turn|18
|
|move|p2a: Gliscor|Earthquake|p1a: Umbreon
|-crit|p1a: Umbreon
|-damage|p1a: Umbreon|160\/394 tox
|move|p1a: Umbreon|Curse|p1a: Umbreon
|-boost|p1a: Umbreon|atk|1
|-boost|p1a: Umbreon|def|1
|-unboost|p1a: Umbreon|spe|1
|
|-heal|p1a: Umbreon|184\/394 tox|[from] item: Leftovers
|-heal|p2a: Gliscor|350\/352 tox|[from] ability: Poison Heal
|-damage|p1a: Umbreon|112\/394 tox|[from] psn
|turn|19
|
|move|p2a: Gliscor|Earthquake|p1a: Umbreon
|-damage|p1a: Umbreon|70\/394 tox
|move|p1a: Umbreon|Baton Pass|p1a: Umbreon
|
|switch|p1a: Lucario|Lucario, F|344\/344
|
|-heal|p2a: Gliscor|352\/352 tox|[from] ability: Poison Heal
|turn|20
|
|move|p1a: Lucario|Bullet Punch|p2a: Gliscor
|-end|p2a: Gliscor|Substitute
|move|p2a: Gliscor|Earthquake|p1a: Lucario
|-supereffective|p1a: Lucario
|-damage|p1a: Lucario|224\/344
|
|turn|21
|
|switch|p2a: Ferrothorn|Ferrothorn, F|352\/352
|-damage|p2a: Ferrothorn|330\/352|[from] Stealth Rock
|move|p1a: Lucario|Extreme Speed|p2a: Ferrothorn
|-resisted|p2a: Ferrothorn
|-damage|p2a: Ferrothorn|235\/352
|-damage|p1a: Lucario|181\/344|[from] ability: Iron Barbs|[of] p2a: Ferrothorn
|
|-heal|p2a: Ferrothorn|257\/352|[from] item: Leftovers
|turn|22
|
|move|p1a: Lucario|Drain Punch|p2a: Ferrothorn
|-supereffective|p2a: Ferrothorn
|-damage|p2a: Ferrothorn|0 fnt
|-heal|p1a: Lucario|310\/344|[from] drain|[of] p2a: Ferrothorn
|-damage|p1a: Lucario|267\/344|[from] ability: Iron Barbs|[of] p2a: Ferrothorn
|faint|p2a: Ferrothorn
|
|
|switch|p2a: Magnezone|Magnezone|213\/300
|-damage|p2a: Magnezone|195\/300|[from] Stealth Rock
|turn|23
|
|move|p2a: Magnezone|Hidden Power|p1a: Lucario
|-supereffective|p1a: Lucario
|-damage|p1a: Lucario|53\/344
|move|p1a: Lucario|Drain Punch|p2a: Magnezone
|-supereffective|p2a: Magnezone
|-damage|p2a: Magnezone|0 fnt
|-heal|p1a: Lucario|151\/344|[from] drain|[of] p2a: Magnezone
|faint|p2a: Magnezone
|
|
|switch|p2a: Latias|Latias, F|299\/299
|-damage|p2a: Latias|262\/299|[from] Stealth Rock
|turn|24
|
|move|p1a: Lucario|Extreme Speed|p2a: Latias
|-damage|p2a: Latias|0 fnt
|faint|p2a: Latias
|
|
|switch|p2a: Gliscor|Gliscor, F|352\/352 tox
|-damage|p2a: Gliscor|308\/352 tox|[from] Stealth Rock
|turn|25
|
|move|p1a: Lucario|Extreme Speed|p2a: Gliscor
|-damage|p2a: Gliscor|122\/352 tox
|move|p2a: Gliscor|Earthquake|p1a: Lucario
|-supereffective|p1a: Lucario
|-damage|p1a: Lucario|23\/344
|
|-heal|p2a: Gliscor|166\/352 tox|[from] ability: Poison Heal
|turn|26
|
|move|p2a: Gliscor|Protect|p2a: Gliscor
|-singleturn|p2a: Gliscor|Protect
|move|p1a: Lucario|Extreme Speed|p2a: Gliscor
|-activate|p2a: Gliscor|Protect
|
|-heal|p2a: Gliscor|210\/352 tox|[from] ability: Poison Heal
|turn|27
|
|switch|p2a: Lopunny|Lopunny-Mega, F|246\/281
|-damage|p2a: Lopunny|229\/281|[from] Stealth Rock
|move|p1a: Lucario|Extreme Speed|p2a: Lopunny
|-damage|p2a: Lopunny|0 fnt
|faint|p2a: Lopunny
|
|
|switch|p2a: Gliscor|Gliscor, F|210\/352 tox
|-damage|p2a: Gliscor|166\/352 tox|[from] Stealth Rock
|turn|28
|
|move|p2a: Gliscor|Protect|p2a: Gliscor
|-singleturn|p2a: Gliscor|Protect
|move|p1a: Lucario|Extreme Speed|p2a: Gliscor
|-activate|p2a: Gliscor|Protect
|
|-heal|p2a: Gliscor|210\/352 tox|[from] ability: Poison Heal
|turn|29
|
|move|p2a: Gliscor|Protect|p2a: Gliscor
|-fail|p2a: Gliscor
|move|p1a: Lucario|Extreme Speed|p2a: Gliscor
|-damage|p2a: Gliscor|42\/352 tox
|
|-heal|p2a: Gliscor|86\/352 tox|[from] ability: Poison Heal
|turn|30
|
|move|p2a: Gliscor|Protect|p2a: Gliscor
|-singleturn|p2a: Gliscor|Protect
|move|p1a: Lucario|Bullet Punch|p2a: Gliscor
|-activate|p2a: Gliscor|Protect
|
|-heal|p2a: Gliscor|130\/352 tox|[from] ability: Poison Heal
|turn|31
|
|move|p1a: Lucario|Extreme Speed|p2a: Gliscor
|-damage|p2a: Gliscor|0 fnt
|faint|p2a: Gliscor
|
|
|switch|p2a: Diggersby|Diggersby, M|311\/311
|-damage|p2a: Diggersby|292\/311|[from] Stealth Rock
|turn|32
|
|move|p1a: Lucario|Bullet Punch|p2a: Diggersby
|-damage|p2a: Diggersby|61\/311
|move|p2a: Diggersby|Earthquake|p1a: Lucario
|-supereffective|p1a: Lucario
|-damage|p1a: Lucario|0 fnt
|faint|p1a: Lucario
|
|-heal|p2a: Diggersby|80\/311|[from] item: Leftovers
|-message|GamerGal forfeited.
|
|win|fjhghjghj
|raw|Ladder updating...
|leave|GamerGal
|player|p2