|join|GamerGal
|join|Hallucination
|player|p1|GamerGal|37
|player|p2|Hallucination|276
|gametype|singles
|gen|6
|tier|OU
|rated
|clearpoke
|poke|p1|Alakazam, M
|poke|p1|Bisharp, F
|poke|p1|Rotom-Wash
|poke|p1|Talonflame, M
|poke|p1|Starmie
|poke|p1|Ferrothorn, F
|poke|p2|Gallade, M
|poke|p2|Diggersby, M
|poke|p2|Empoleon, F
|poke|p2|Latias, F
|poke|p2|Slowbro, M
|poke|p2|Bisharp, F
|rule|Swagger Clause: Swagger is banned
|rule|Baton Pass Clause: Limit one PokÃ©mon knowing Baton Pass
|rule|Sleep Clause Mod: Limit one foe put to sleep
|rule|Species Clause: Limit one of each PokÃ©mon
|rule|OHKO Clause: OHKO moves are banned
|rule|Moody Clause: Moody is banned
|rule|Evasion Moves Clause: Evasion moves are banned
|rule|Endless Battle Clause: Forcing endless battles is banned
|rule|HP Percentage Mod: HP is shown in percentages
|teampreview
|
|start
|switch|p1a: Rotom-Wash|Rotom-Wash|294\/294
|switch|p2a: Diggersby|Diggersby, M|311\/311
|turn|1
|
|switch|p2a: Latias|Latias, F|302\/302
|move|p1a: Rotom-Wash|Hydro Pump|p2a: Latias
|-crit|p2a: Latias
|-resisted|p2a: Latias
|-damage|p2a: Latias|224\/302
|
|-heal|p2a: Latias|242\/302|[from] item: Leftovers
|turn|2
|
|switch|p1a: Ferrothorn|Ferrothorn, F|351\/351
|move|p2a: Latias|Draco Meteor|p1a: Ferrothorn
|-resisted|p1a: Ferrothorn
|-damage|p1a: Ferrothorn|270\/351
|-unboost|p2a: Latias|spa|2
|
|-heal|p2a: Latias|260\/302|[from] item: Leftovers
|-heal|p1a: Ferrothorn|291\/351|[from] item: Leftovers
|turn|3
|
|switch|p2a: Gallade|Gallade, M|277\/277
|switch|p1a: Talonflame|Talonflame, M|359\/359
|
|turn|4
|
|switch|p2a: Empoleon|Empoleon, F|372\/372
|move|p1a: Talonflame|Will-O-Wisp|p2a: Empoleon|[miss]
|-miss|p1a: Talonflame|p2a: Empoleon
|
|turn|5
|
|switch|p1a: Rotom-Wash|Rotom-Wash|294\/294
|move|p2a: Empoleon|Stealth Rock|p1a: Rotom-Wash
|-sidestart|p1: GamerGal|move: Stealth Rock
|
|turn|6
|
|switch|p2a: Latias|Latias, F|260\/302
|move|p1a: Rotom-Wash|Volt Switch|p2a: Latias
|-resisted|p2a: Latias
|-damage|p2a: Latias|224\/302
|
|switch|p1a: Bisharp|Bisharp, F|272\/272
|-damage|p1a: Bisharp|255\/272|[from] Stealth Rock
|
|-heal|p2a: Latias|242\/302|[from] item: Leftovers
|turn|7
|
|move|p1a: Bisharp|Pursuit|p2a: Latias|[from]Pursuit
|-supereffective|p2a: Latias
|-damage|p2a: Latias|0 fnt
|-damage|p1a: Bisharp|228\/272|[from] item: Life Orb
|faint|p2a: Latias
|
|
|switch|p2a: Gallade|Gallade, M|277\/277
|turn|8
|
|detailschange|p2a: Gallade|Gallade-Mega, M
|message|Gallade has Mega Evolved into Mega Gallade!
|move|p2a: Gallade|Knock Off|p1a: Bisharp
|-resisted|p1a: Bisharp
|-damage|p1a: Bisharp|164\/272
|-enditem|p1a: Bisharp|Life Orb|[from] move: Knock Off|[of] p2a: Gallade
|move|p1a: Bisharp|Knock Off|p2a: Gallade
|-damage|p2a: Gallade|157\/277
|
|turn|9
|
|switch|p2a: Bisharp|Bisharp, F|271\/271
|move|p1a: Bisharp|Iron Head|p2a: Bisharp
|-resisted|p2a: Bisharp
|-damage|p2a: Bisharp|191\/271
|
|turn|10
|
|move|p2a: Bisharp|Pursuit|p1a: Bisharp|[from]Pursuit
|-resisted|p1a: Bisharp
|-damage|p1a: Bisharp|71\/272
|switch|p1a: Rotom-Wash|Rotom-Wash|294\/294
|-damage|p1a: Rotom-Wash|258\/294|[from] Stealth Rock
|
|-heal|p1a: Rotom-Wash|276\/294|[from] item: Leftovers
|turn|11
|
|move|p2a: Bisharp|Knock Off|p1a: Rotom-Wash
|-damage|p1a: Rotom-Wash|117\/294
|-enditem|p1a: Rotom-Wash|Leftovers|[from] move: Knock Off|[of] p2a: Bisharp
|move|p1a: Rotom-Wash|Will-O-Wisp|p2a: Bisharp
|-status|p2a: Bisharp|brn
|
|-damage|p2a: Bisharp|158\/271 brn|[from] brn
|turn|12
|
|move|p2a: Bisharp|Pursuit|p1a: Rotom-Wash
|-damage|p1a: Rotom-Wash|84\/294
|move|p1a: Rotom-Wash|Volt Switch|p2a: Bisharp
|-damage|p2a: Bisharp|34\/271 brn
|
|switch|p1a: Starmie|Starmie|323\/323
|-damage|p1a: Starmie|283\/323|[from] Stealth Rock
|
|-heal|p1a: Starmie|303\/323|[from] item: Leftovers
|-damage|p2a: Bisharp|1\/271 brn|[from] brn
|turn|13
|
|switch|p1a: Bisharp|Bisharp, F|71\/272
|-damage|p1a: Bisharp|54\/272|[from] Stealth Rock
|move|p2a: Bisharp|Sucker Punch|p1a: Bisharp
|-fail|p1a: Bisharp
|
|-damage|p2a: Bisharp|0 fnt|[from] brn
|faint|p2a: Bisharp
|
|switch|p2a: Diggersby|Diggersby, M|311\/311
|turn|14
|
|move|p2a: Diggersby|Quick Attack|p1a: Bisharp
|-resisted|p1a: Bisharp
|-damage|p1a: Bisharp|1\/272
|-damage|p2a: Diggersby|280\/311|[from] item: Life Orb
|move|p1a: Bisharp|Knock Off|p2a: Diggersby
|-damage|p2a: Diggersby|36\/311
|-enditem|p2a: Diggersby|Life Orb|[from] move: Knock Off|[of] p1a: Bisharp
|
|turn|15
|
|move|p2a: Diggersby|Quick Attack|p1a: Bisharp
|-resisted|p1a: Bisharp
|-damage|p1a: Bisharp|0 fnt
|faint|p1a: Bisharp
|
|
|switch|p1a: Starmie|Starmie|303\/323
|-damage|p1a: Starmie|263\/323|[from] Stealth Rock
|turn|16
|
|move|p1a: Starmie|Scald|p2a: Diggersby
|-supereffective|p2a: Diggersby
|-damage|p2a: Diggersby|0 fnt
|faint|p2a: Diggersby
|
|-heal|p1a: Starmie|283\/323|[from] item: Leftovers
|
|switch|p2a: Slowbro|Slowbro, M|394\/394
|turn|17
|
|move|p1a: Starmie|Rapid Spin|p2a: Slowbro
|-damage|p2a: Slowbro|387\/394
|-sideend|p1: GamerGal|Stealth Rock|[from] move: Rapid Spin|[of] p1a: Starmie
|move|p2a: Slowbro|Calm Mind|p2a: Slowbro
|-boost|p2a: Slowbro|spa|1
|-boost|p2a: Slowbro|spd|1
|
|-heal|p1a: Starmie|303\/323|[from] item: Leftovers
|-heal|p2a: Slowbro|394\/394|[from] item: Leftovers
|turn|18
|
|switch|p1a: Ferrothorn|Ferrothorn, F|291\/351
|move|p2a: Slowbro|Calm Mind|p2a: Slowbro
|-boost|p2a: Slowbro|spa|1
|-boost|p2a: Slowbro|spd|1
|
|-heal|p1a: Ferrothorn|312\/351|[from] item: Leftovers
|turn|19
|
|move|p2a: Slowbro|Scald|p1a: Ferrothorn
|-resisted|p1a: Ferrothorn
|-damage|p1a: Ferrothorn|231\/351
|-status|p1a: Ferrothorn|brn
|move|p1a: Ferrothorn|Leech Seed|p2a: Slowbro|[miss]
|-miss|p1a: Ferrothorn|p2a: Slowbro
|
|-heal|p1a: Ferrothorn|252\/351 brn|[from] item: Leftovers
|-damage|p1a: Ferrothorn|209\/351 brn|[from] brn
|turn|20
|
|move|p2a: Slowbro|Calm Mind|p2a: Slowbro
|-boost|p2a: Slowbro|spa|1
|-boost|p2a: Slowbro|spd|1
|move|p1a: Ferrothorn|Leech Seed|p2a: Slowbro
|-start|p2a: Slowbro|move: Leech Seed
|
|-heal|p1a: Ferrothorn|230\/351 brn|[from] item: Leftovers
|-damage|p2a: Slowbro|345\/394|[from] Leech Seed|[of] p1a: Ferrothorn
|-heal|p1a: Ferrothorn|279\/351 brn|[silent]
|-damage|p1a: Ferrothorn|236\/351 brn|[from] brn
|turn|21
|
|move|p2a: Slowbro|Calm Mind|p2a: Slowbro
|-boost|p2a: Slowbro|spa|1
|-boost|p2a: Slowbro|spd|1
|move|p1a: Ferrothorn|Power Whip|p2a: Slowbro
|-supereffective|p2a: Slowbro
|-damage|p2a: Slowbro|247\/394
|
|-heal|p2a: Slowbro|271\/394|[from] item: Leftovers
|-heal|p1a: Ferrothorn|257\/351 brn|[from] item: Leftovers
|-damage|p2a: Slowbro|222\/394|[from] Leech Seed|[of] p1a: Ferrothorn
|-heal|p1a: Ferrothorn|306\/351 brn|[silent]
|-damage|p1a: Ferrothorn|263\/351 brn|[from] brn
|turn|22
|
|switch|p1a: Rotom-Wash|Rotom-Wash|84\/294
|move|p2a: Slowbro|Calm Mind|p2a: Slowbro
|-boost|p2a: Slowbro|spa|1
|-boost|p2a: Slowbro|spd|1
|
|-heal|p2a: Slowbro|246\/394|[from] item: Leftovers
|-damage|p2a: Slowbro|197\/394|[from] Leech Seed|[of] p1a: Rotom-Wash
|-heal|p1a: Rotom-Wash|133\/294|[silent]
|turn|23
|
|move|p1a: Rotom-Wash|Will-O-Wisp|p2a: Slowbro
|-status|p2a: Slowbro|brn
|move|p2a: Slowbro|Slack Off|p2a: Slowbro
|-heal|p2a: Slowbro|394\/394 brn
|
|-damage|p2a: Slowbro|345\/394 brn|[from] Leech Seed|[of] p1a: Rotom-Wash
|-heal|p1a: Rotom-Wash|182\/294|[silent]
|-damage|p2a: Slowbro|296\/394 brn|[from] brn
|turn|24
|
|move|p1a: Rotom-Wash|Pain Split|p2a: Slowbro
|-sethp|p2a: Slowbro|239\/394 brn|p1a: Rotom-Wash|239\/294|[from] move: Pain Split
|move|p2a: Slowbro|Psyshock|p1a: Rotom-Wash
|-damage|p1a: Rotom-Wash|28\/294
|
|-heal|p2a: Slowbro|263\/394 brn|[from] item: Leftovers
|-damage|p2a: Slowbro|214\/394 brn|[from] Leech Seed|[of] p1a: Rotom-Wash
|-heal|p1a: Rotom-Wash|77\/294|[silent]
|-damage|p2a: Slowbro|165\/394 brn|[from] brn
|turn|25
|
|move|p1a: Rotom-Wash|Volt Switch|p2a: Slowbro
|-supereffective|p2a: Slowbro
|-damage|p2a: Slowbro|103\/394 brn
|
|switch|p1a: Alakazam|Alakazam, M|252\/252
|move|p2a: Slowbro|Slack Off|p2a: Slowbro
|-heal|p2a: Slowbro|300\/394 brn
|
|-heal|p2a: Slowbro|324\/394 brn|[from] item: Leftovers
|-damage|p2a: Slowbro|275\/394 brn|[from] Leech Seed|[of] p1a: Alakazam
|-damage|p2a: Slowbro|226\/394 brn|[from] brn
|turn|26
|
|detailschange|p1a: Alakazam|Alakazam-Mega, M
|message|Alakazam has Mega Evolved into Mega Alakazam!
|-ability|p1a: Alakazam|Regenerator|[from] ability: Trace|[of] p2a: Slowbro
|move|p1a: Alakazam|Protect|p1a: Alakazam
|-singleturn|p1a: Alakazam|Protect
|move|p2a: Slowbro|Scald|p1a: Alakazam
|-activate|p1a: Alakazam|Protect
|
|-heal|p2a: Slowbro|250\/394 brn|[from] item: Leftovers
|-damage|p2a: Slowbro|201\/394 brn|[from] Leech Seed|[of] p1a: Alakazam
|-damage|p2a: Slowbro|152\/394 brn|[from] brn
|turn|27
|
|switch|p1a: Ferrothorn|Ferrothorn, F|263\/351 brn
|move|p2a: Slowbro|Slack Off|p2a: Slowbro
|-heal|p2a: Slowbro|349\/394 brn
|
|-heal|p2a: Slowbro|373\/394 brn|[from] item: Leftovers
|-heal|p1a: Ferrothorn|284\/351 brn|[from] item: Leftovers
|-damage|p2a: Slowbro|324\/394 brn|[from] Leech Seed|[of] p1a: Ferrothorn
|-heal|p1a: Ferrothorn|333\/351 brn|[silent]
|-damage|p2a: Slowbro|275\/394 brn|[from] brn
|-damage|p1a: Ferrothorn|290\/351 brn|[from] brn
|turn|28
|
|move|p2a: Slowbro|Scald|p1a: Ferrothorn
|-resisted|p1a: Ferrothorn
|-damage|p1a: Ferrothorn|155\/351 brn
|move|p1a: Ferrothorn|Power Whip|p2a: Slowbro|[miss]
|-miss|p1a: Ferrothorn|p2a: Slowbro
|
|-heal|p2a: Slowbro|299\/394 brn|[from] item: Leftovers
|-heal|p1a: Ferrothorn|176\/351 brn|[from] item: Leftovers
|-damage|p2a: Slowbro|250\/394 brn|[from] Leech Seed|[of] p1a: Ferrothorn
|-heal|p1a: Ferrothorn|225\/351 brn|[silent]
|-damage|p2a: Slowbro|201\/394 brn|[from] brn
|-damage|p1a: Ferrothorn|182\/351 brn|[from] brn
|turn|29
|
|move|p2a: Slowbro|Scald|p1a: Ferrothorn
|-resisted|p1a: Ferrothorn
|-damage|p1a: Ferrothorn|35\/351 brn
|move|p1a: Ferrothorn|Power Whip|p2a: Slowbro
|-supereffective|p2a: Slowbro
|-damage|p2a: Slowbro|105\/394 brn
|
|-heal|p2a: Slowbro|129\/394 brn|[from] item: Leftovers
|-heal|p1a: Ferrothorn|56\/351 brn|[from] item: Leftovers
|-damage|p2a: Slowbro|80\/394 brn|[from] Leech Seed|[of] p1a: Ferrothorn
|-heal|p1a: Ferrothorn|105\/351 brn|[silent]
|-damage|p2a: Slowbro|31\/394 brn|[from] brn
|-damage|p1a: Ferrothorn|62\/351 brn|[from] brn
|turn|30
|
|move|p2a: Slowbro|Slack Off|p2a: Slowbro
|-heal|p2a: Slowbro|228\/394 brn
|move|p1a: Ferrothorn|Power Whip|p2a: Slowbro
|-supereffective|p2a: Slowbro
|-damage|p2a: Slowbro|132\/394 brn
|
|-heal|p2a: Slowbro|156\/394 brn|[from] item: Leftovers
|-heal|p1a: Ferrothorn|83\/351 brn|[from] item: Leftovers
|-damage|p2a: Slowbro|107\/394 brn|[from] Leech Seed|[of] p1a: Ferrothorn
|-heal|p1a: Ferrothorn|132\/351 brn|[silent]
|-damage|p2a: Slowbro|58\/394 brn|[from] brn
|-damage|p1a: Ferrothorn|89\/351 brn|[from] brn
|turn|31
|
|move|p2a: Slowbro|Scald|p1a: Ferrothorn
|-resisted|p1a: Ferrothorn
|-damage|p1a: Ferrothorn|0 fnt
|faint|p1a: Ferrothorn
|
|-heal|p2a: Slowbro|82\/394 brn|[from] item: Leftovers
|-damage|p2a: Slowbro|33\/394 brn|[from] brn
|
|switch|p1a: Alakazam|Alakazam-Mega, M|252\/252
|-ability|p1a: Alakazam|Regenerator|[from] ability: Trace|[of] p2a: Slowbro
|turn|32
|
|move|p1a: Alakazam|Shadow Ball|p2a: Slowbro
|-supereffective|p2a: Slowbro
|-damage|p2a: Slowbro|0 fnt
|faint|p2a: Slowbro
|
|
|switch|p2a: Gallade|Gallade-Mega, M|157\/277
|turn|33
|
|move|p1a: Alakazam|Shadow Ball|p2a: Gallade
|-supereffective|p2a: Gallade
|-damage|p2a: Gallade|0 fnt
|faint|p2a: Gallade
|
|c|âGamerGal|gg
|
|switch|p2a: Empoleon|Empoleon, F|372\/372
|turn|34
|
|move|p1a: Alakazam|Focus Blast|p2a: Empoleon
|-supereffective|p2a: Empoleon
|-damage|p2a: Empoleon|0 fnt
|faint|p2a: Empoleon
|
|win|GamerGal
|raw|Ladder updating...
|raw|GamerGal's rating: 1528 &rarr; <strong>1553<\/strong><br \/>(+25 for winning)
|raw|Hallucination's rating: 1625 &rarr; <strong>1600<\/strong><br \/>(-25 for losing)
|c|âHallucination|gg