|join|zockcent
|join|GamerGal
|player|p1|zockcent|144
|player|p2|GamerGal|4
|gametype|singles
|gen|6
|tier|OU
|rated
|clearpoke
|poke|p1|Infernape, M
|poke|p1|Kyurem-Black
|poke|p1|Starmie
|poke|p1|Landorus-Therian, M
|poke|p1|Gardevoir, F
|poke|p1|Rotom-Wash
|poke|p2|Gardevoir, M
|poke|p2|Magnezone
|poke|p2|Keldeo-Resolute
|poke|p2|Latios, M
|poke|p2|Tyranitar, M
|poke|p2|Landorus-Therian, M
|rule|Swagger Clause: Swagger is banned
|rule|Baton Pass Clause: Limit one PokÃ©mon knowing Baton Pass
|rule|Sleep Clause Mod: Limit one foe put to sleep
|rule|Species Clause: Limit one of each PokÃ©mon
|rule|OHKO Clause: OHKO moves are banned
|rule|Moody Clause: Moody is banned
|rule|Evasion Moves Clause: Evasion moves are banned
|rule|Endless Battle Clause: Forcing endless battles is banned
|rule|HP Percentage Mod: HP is shown in percentages
|teampreview
|
|start
|switch|p1a: Rotom-Wash|Rotom-Wash|304\/304
|switch|p2a: Landorus-Therian|Landorus-Therian, M|319\/319
|-ability|p2a: Landorus-Therian|Intimidate|[of] p1a: Rotom-Wash
|-unboost|p1a: Rotom-Wash|atk|1
|turn|1
|
|move|p2a: Landorus-Therian|U-turn|p1a: Rotom-Wash
|-damage|p1a: Rotom-Wash|231\/304
|
|switch|p2a: Latios|Latios, M|301\/301
|move|p1a: Rotom-Wash|Will-O-Wisp|p2a: Latios
|-status|p2a: Latios|brn
|
|-heal|p1a: Rotom-Wash|250\/304|[from] item: Leftovers
|-damage|p2a: Latios|264\/301 brn|[from] brn
|turn|2
|
|switch|p1a: Gardevoir|Gardevoir, F|340\/340
|-ability|p1a: Gardevoir|Levitate|[from] ability: Trace|[of] p2a: Latios
|move|p2a: Latios|Psyshock|p1a: Gardevoir
|-resisted|p1a: Gardevoir
|-damage|p1a: Gardevoir|219\/340
|-damage|p2a: Latios|234\/301 brn|[from] item: Life Orb
|
|-damage|p2a: Latios|197\/301 brn|[from] brn
|turn|3
|
|switch|p2a: Magnezone|Magnezone|324\/324
|-item|p2a: Magnezone|Air Balloon
|detailschange|p1a: Gardevoir|Gardevoir-Mega, F
|message|Gardevoir has Mega Evolved into Mega Gardevoir!
|move|p1a: Gardevoir|Wish|p1a: Gardevoir
|
|turn|4
|
|move|p1a: Gardevoir|Protect|p1a: Gardevoir
|-singleturn|p1a: Gardevoir|Protect
|move|p2a: Magnezone|Flash Cannon|p1a: Gardevoir
|-activate|p1a: Gardevoir|Protect
|
|-heal|p1a: Gardevoir|340\/340|[from] move: Wish|[wisher] Gardevoir
|turn|5
|
|switch|p1a: Rotom-Wash|Rotom-Wash|250\/304
|move|p2a: Magnezone|Flash Cannon|p1a: Rotom-Wash
|-resisted|p1a: Rotom-Wash
|-damage|p1a: Rotom-Wash|218\/304
|
|-heal|p1a: Rotom-Wash|237\/304|[from] item: Leftovers
|turn|6
|
|move|p1a: Rotom-Wash|Volt Switch|p2a: Magnezone
|-resisted|p2a: Magnezone
|-damage|p2a: Magnezone|274\/324
|-enditem|p2a: Magnezone|Air Balloon
|
|switch|p1a: Landorus-Therian|Landorus-Therian, M|319\/319
|-ability|p1a: Landorus-Therian|Intimidate|[of] p2a: Magnezone
|-unboost|p2a: Magnezone|atk|1
|move|p2a: Magnezone|Volt Switch|p1a: Landorus-Therian
|-immune|p1a: Landorus-Therian|[msg]
|
|turn|7
|
|switch|p2a: Landorus-Therian|Landorus-Therian, M|319\/319
|-ability|p2a: Landorus-Therian|Intimidate|[of] p1a: Landorus-Therian
|-unboost|p1a: Landorus-Therian|atk|1
|move|p1a: Landorus-Therian|U-turn|p2a: Landorus-Therian
|-resisted|p2a: Landorus-Therian
|-damage|p2a: Landorus-Therian|290\/319
|
|switch|p1a: Rotom-Wash|Rotom-Wash|237\/304
|
|-heal|p1a: Rotom-Wash|256\/304|[from] item: Leftovers
|turn|8
|
|move|p2a: Landorus-Therian|U-turn|p1a: Rotom-Wash
|-damage|p1a: Rotom-Wash|191\/304
|
|switch|p2a: Gardevoir|Gardevoir, M|277\/277
|-ability|p2a: Gardevoir|Levitate|[from] ability: Trace|[of] p1a: Rotom-Wash
|move|p1a: Rotom-Wash|Volt Switch|p2a: Gardevoir
|-damage|p2a: Gardevoir|207\/277
|
|switch|p1a: Kyurem-Black|Kyurem-Black|391\/391
|-ability|p1a: Kyurem-Black|Teravolt
|
|turn|9
|
|switch|p2a: Magnezone|Magnezone|274\/324
|move|p1a: Kyurem-Black|Iron Head|p2a: Magnezone
|-resisted|p2a: Magnezone
|-damage|p2a: Magnezone|246\/324
|
|turn|10
|
|switch|p1a: Rotom-Wash|Rotom-Wash|191\/304
|move|p2a: Magnezone|Flash Cannon|p1a: Rotom-Wash
|-resisted|p1a: Rotom-Wash
|-damage|p1a: Rotom-Wash|158\/304
|
|-heal|p1a: Rotom-Wash|177\/304|[from] item: Leftovers
|turn|11
|
|move|p1a: Rotom-Wash|Pain Split|p2a: Magnezone
|-sethp|p2a: Magnezone|211\/324|p1a: Rotom-Wash|211\/304|[from] move: Pain Split
|move|p2a: Magnezone|Flash Cannon|p1a: Rotom-Wash
|-crit|p1a: Rotom-Wash
|-resisted|p1a: Rotom-Wash
|-damage|p1a: Rotom-Wash|163\/304
|
|-heal|p1a: Rotom-Wash|182\/304|[from] item: Leftovers
|turn|12
|
|move|p1a: Rotom-Wash|Will-O-Wisp|p2a: Magnezone
|-status|p2a: Magnezone|brn
|move|p2a: Magnezone|Flash Cannon|p1a: Rotom-Wash
|-resisted|p1a: Rotom-Wash
|-damage|p1a: Rotom-Wash|151\/304
|
|-heal|p1a: Rotom-Wash|170\/304|[from] item: Leftovers
|-damage|p2a: Magnezone|171\/324 brn|[from] brn
|turn|13
|
|move|p1a: Rotom-Wash|Hydro Pump|p2a: Magnezone
|-damage|p2a: Magnezone|30\/324 brn
|move|p2a: Magnezone|Flash Cannon|p1a: Rotom-Wash
|-resisted|p1a: Rotom-Wash
|-damage|p1a: Rotom-Wash|139\/304
|
|-heal|p1a: Rotom-Wash|158\/304|[from] item: Leftovers
|-damage|p2a: Magnezone|0 fnt|[from] brn
|faint|p2a: Magnezone
|
|switch|p2a: Gardevoir|Gardevoir, M|207\/277
|-ability|p2a: Gardevoir|Levitate|[from] ability: Trace|[of] p1a: Rotom-Wash
|turn|14
|
|detailschange|p2a: Gardevoir|Gardevoir-Mega, M
|message|Gardevoir has Mega Evolved into Mega Gardevoir!
|move|p2a: Gardevoir|Hyper Voice|p1a: Rotom-Wash
|-damage|p1a: Rotom-Wash|0 fnt
|faint|p1a: Rotom-Wash
|
|
|switch|p1a: Kyurem-Black|Kyurem-Black|391\/391
|-ability|p1a: Kyurem-Black|Teravolt
|turn|15
|
|move|p2a: Gardevoir|Hyper Voice|p1a: Kyurem-Black
|-supereffective|p1a: Kyurem-Black
|-damage|p1a: Kyurem-Black|0 fnt
|faint|p1a: Kyurem-Black
|
|
|switch|p1a: Landorus-Therian|Landorus-Therian, M|319\/319
|-ability|p1a: Landorus-Therian|Intimidate|[of] p2a: Gardevoir
|-unboost|p2a: Gardevoir|atk|1
|turn|16
|
|move|p1a: Landorus-Therian|U-turn|p2a: Gardevoir
|-damage|p2a: Gardevoir|69\/277
|
|switch|p1a: Infernape|Infernape, M|355\/355
|move|p2a: Gardevoir|Hyper Voice|p1a: Infernape
|-damage|p1a: Infernape|129\/355
|
|-heal|p1a: Infernape|151\/355|[from] item: Leftovers
|turn|17
|
|move|p2a: Gardevoir|Psyshock|p1a: Infernape
|-supereffective|p1a: Infernape
|-damage|p1a: Infernape|0 fnt
|faint|p1a: Infernape
|
|
|switch|p1a: Landorus-Therian|Landorus-Therian, M|319\/319
|-ability|p1a: Landorus-Therian|Intimidate|[of] p2a: Gardevoir
|-unboost|p2a: Gardevoir|atk|1
|turn|18
|
|move|p1a: Landorus-Therian|U-turn|p2a: Gardevoir
|-damage|p2a: Gardevoir|0 fnt
|faint|p2a: Gardevoir
|
|switch|p1a: Starmie|Starmie|324\/324
|
|
|switch|p2a: Landorus-Therian|Landorus-Therian, M|290\/319
|-ability|p2a: Landorus-Therian|Intimidate|[of] p1a: Starmie
|-unboost|p1a: Starmie|atk|1
|turn|19
|
|move|p2a: Landorus-Therian|Knock Off|p1a: Starmie
|-supereffective|p1a: Starmie
|-damage|p1a: Starmie|46\/324
|-enditem|p1a: Starmie|Leftovers|[from] move: Knock Off|[of] p2a: Landorus-Therian
|move|p1a: Starmie|Recover|p1a: Starmie
|-heal|p1a: Starmie|208\/324
|
|turn|20
|
|move|p2a: Landorus-Therian|Knock Off|p1a: Starmie
|-crit|p1a: Starmie
|-supereffective|p1a: Starmie
|-damage|p1a: Starmie|0 fnt
|faint|p1a: Starmie
|
|
|switch|p1a: Gardevoir|Gardevoir-Mega, F|340\/340
|turn|21
|
|switch|p2a: Tyranitar|Tyranitar, M|399\/399
|-weather|Sandstorm
|move|p1a: Gardevoir|Calm Mind|p1a: Gardevoir
|-boost|p1a: Gardevoir|spa|1
|-boost|p1a: Gardevoir|spd|1
|
|-weather|Sandstorm|[upkeep]
|-damage|p1a: Gardevoir|319\/340|[from] Sandstorm
|turn|22
|
|move|p1a: Gardevoir|Hyper Voice|p2a: Tyranitar
|-supereffective|p2a: Tyranitar
|-damage|p2a: Tyranitar|0 fnt
|faint|p2a: Tyranitar
|
|-weather|Sandstorm|[upkeep]
|-damage|p1a: Gardevoir|298\/340|[from] Sandstorm
|
|switch|p2a: Landorus-Therian|Landorus-Therian, M|290\/319
|-ability|p2a: Landorus-Therian|Intimidate|[of] p1a: Gardevoir
|-unboost|p1a: Gardevoir|atk|1
|turn|23
|
|move|p1a: Gardevoir|Protect|p1a: Gardevoir
|-singleturn|p1a: Gardevoir|Protect
|move|p2a: Landorus-Therian|U-turn|p1a: Gardevoir
|-activate|p1a: Gardevoir|Protect
|
|-weather|Sandstorm|[upkeep]
|-damage|p1a: Gardevoir|277\/340|[from] Sandstorm
|turn|24
|
|move|p2a: Landorus-Therian|U-turn|p1a: Gardevoir
|-damage|p1a: Gardevoir|160\/340
|
|switch|p2a: Latios|Latios, M|197\/301 brn
|move|p1a: Gardevoir|Wish|p1a: Gardevoir
|
|-weather|Sandstorm|[upkeep]
|-damage|p2a: Latios|179\/301 brn|[from] Sandstorm
|-damage|p1a: Gardevoir|139\/340|[from] Sandstorm
|-damage|p2a: Latios|142\/301 brn|[from] brn
|turn|25
|
|move|p1a: Gardevoir|Protect|p1a: Gardevoir
|-singleturn|p1a: Gardevoir|Protect
|move|p2a: Latios|Psyshock|p1a: Gardevoir
|-activate|p1a: Gardevoir|Protect
|
|-weather|none
|-heal|p1a: Gardevoir|309\/340|[from] move: Wish|[wisher] Gardevoir
|-damage|p2a: Latios|105\/301 brn|[from] brn
|turn|26
|
|move|p2a: Latios|Psyshock|p1a: Gardevoir
|-resisted|p1a: Gardevoir
|-damage|p1a: Gardevoir|188\/340
|-damage|p2a: Latios|75\/301 brn|[from] item: Life Orb
|move|p1a: Gardevoir|Wish|p1a: Gardevoir
|
|-damage|p2a: Latios|38\/301 brn|[from] brn
|turn|27
|
|move|p1a: Gardevoir|Protect|p1a: Gardevoir
|-singleturn|p1a: Gardevoir|Protect
|move|p2a: Latios|Psyshock|p1a: Gardevoir
|-activate|p1a: Gardevoir|Protect
|
|-heal|p1a: Gardevoir|340\/340|[from] move: Wish|[wisher] Gardevoir
|-damage|p2a: Latios|1\/301 brn|[from] brn
|turn|28
|
|move|p2a: Latios|Psyshock|p1a: Gardevoir
|-resisted|p1a: Gardevoir
|-damage|p1a: Gardevoir|230\/340
|-damage|p2a: Latios|0 fnt|[from] item: Life Orb
|faint|p2a: Latios
|move|p1a: Gardevoir|Wish|p1a: Gardevoir
|
|
|switch|p2a: Landorus-Therian|Landorus-Therian, M|290\/319
|-ability|p2a: Landorus-Therian|Intimidate|[of] p1a: Gardevoir
|-unboost|p1a: Gardevoir|atk|1
|turn|29
|
|move|p1a: Gardevoir|Protect|p1a: Gardevoir
|-singleturn|p1a: Gardevoir|Protect
|move|p2a: Landorus-Therian|Earthquake|p1a: Gardevoir
|-activate|p1a: Gardevoir|Protect
|
|-heal|p1a: Gardevoir|340\/340|[from] move: Wish|[wisher] Gardevoir
|turn|30
|
|switch|p2a: Keldeo-Resolute|Keldeo-Resolute|323\/323
|switch|p1a: Landorus-Therian|Landorus-Therian, M|319\/319
|-ability|p1a: Landorus-Therian|Intimidate|[of] p2a: Keldeo-Resolute
|-unboost|p2a: Keldeo-Resolute|atk|1
|
|turn|31
|
|move|p1a: Landorus-Therian|U-turn|p2a: Keldeo-Resolute
|-crit|p2a: Keldeo-Resolute
|-resisted|p2a: Keldeo-Resolute
|-damage|p2a: Keldeo-Resolute|249\/323
|
|switch|p1a: Gardevoir|Gardevoir-Mega, F|340\/340
|move|p2a: Keldeo-Resolute|Hydro Pump|p1a: Gardevoir
|-damage|p1a: Gardevoir|96\/340
|
|turn|32
|
|move|p2a: Keldeo-Resolute|Hydro Pump|p1a: Gardevoir
|-damage|p1a: Gardevoir|0 fnt
|faint|p1a: Gardevoir
|
|
|switch|p1a: Landorus-Therian|Landorus-Therian, M|319\/319
|-ability|p1a: Landorus-Therian|Intimidate|[of] p2a: Keldeo-Resolute
|-unboost|p2a: Keldeo-Resolute|atk|1
|turn|33
|
|switch|p2a: Landorus-Therian|Landorus-Therian, M|290\/319
|-ability|p2a: Landorus-Therian|Intimidate|[of] p1a: Landorus-Therian
|-unboost|p1a: Landorus-Therian|atk|1
|move|p1a: Landorus-Therian|Earthquake|p2a: Landorus-Therian
|-immune|p2a: Landorus-Therian|[msg]
|
|turn|34
|c|âGamerGal|gg son
|
|move|p1a: Landorus-Therian|Earthquake|p2a: Landorus-Therian
|-immune|p2a: Landorus-Therian|[msg]
|move|p2a: Landorus-Therian|Knock Off|p1a: Landorus-Therian
|-crit|p1a: Landorus-Therian
|-damage|p1a: Landorus-Therian|124\/319
|-enditem|p1a: Landorus-Therian|Choice Scarf|[from] move: Knock Off|[of] p2a: Landorus-Therian
|
|turn|35
|
|move|p2a: Landorus-Therian|Knock Off|p1a: Landorus-Therian
|-damage|p1a: Landorus-Therian|36\/319
|move|p1a: Landorus-Therian|Stone Edge|p2a: Landorus-Therian
|-damage|p2a: Landorus-Therian|196\/319
|
|turn|36
|c|âzockcent|gg
|
|move|p2a: Landorus-Therian|Knock Off|p1a: Landorus-Therian
|-damage|p1a: Landorus-Therian|0 fnt
|faint|p1a: Landorus-Therian
|
|win|GamerGal
|raw|Ladder updating...
|raw|zockcent's rating: 1566 &rarr; <strong>1549<\/strong><br \/>(-17 for losing)
|raw|GamerGal's rating: 1609 &rarr; <strong>1626<\/strong><br \/>(+17 for winning)