|join|GamerGal
|join|Blaze Spectrum
|player|p1|GamerGal|4
|player|p2|Blaze Spectrum|169
|gametype|singles
|gen|6
|tier|OU
|rated
|clearpoke
|poke|p1|Conkeldurr, M
|poke|p1|Charizard, F
|poke|p1|Tyranitar, M
|poke|p1|Rotom-Wash
|poke|p1|Latios, M
|poke|p1|Garchomp, F
|poke|p2|Dragonite, M
|poke|p2|Heatran, M
|poke|p2|Starmie
|poke|p2|Rotom-Wash
|poke|p2|Breloom, M
|poke|p2|Scizor, M
|rule|Swagger Clause: Swagger is banned
|rule|Baton Pass Clause: Limit one PokÃ©mon knowing Baton Pass
|rule|Sleep Clause Mod: Limit one foe put to sleep
|rule|Species Clause: Limit one of each PokÃ©mon
|rule|OHKO Clause: OHKO moves are banned
|rule|Moody Clause: Moody is banned
|rule|Evasion Moves Clause: Evasion moves are banned
|rule|Endless Battle Clause: Forcing endless battles is banned
|rule|HP Percentage Mod: HP is reported as percentages
|teampreview
|
|start
|switch|p1a: Latios|Latios, M|302\/302
|switch|p2a: Rotom-Wash|Rotom-Wash|299\/299
|turn|1
|
|switch|p2a: Heatran|Heatran, M|323\/323
|-item|p2a: Heatran|Air Balloon
|move|p1a: Latios|Psyshock|p2a: Heatran
|-resisted|p2a: Heatran
|-damage|p2a: Heatran|229\/323
|-enditem|p2a: Heatran|Air Balloon
|-damage|p1a: Latios|272\/302|[from] item: Life Orb
|
|turn|2
|
|switch|p1a: Conkeldurr|Conkeldurr, M|414\/414
|move|p2a: Heatran|Stealth Rock|p1a: Conkeldurr
|-sidestart|p1: GamerGal|move: Stealth Rock
|
|turn|3
|
|switch|p2a: Scizor|Scizor, M|343\/343
|move|p1a: Conkeldurr|Knock Off|p2a: Scizor
|-damage|p2a: Scizor|265\/343
|
|turn|4
|
|switch|p1a: Rotom-Wash|Rotom-Wash|304\/304
|-damage|p1a: Rotom-Wash|266\/304|[from] Stealth Rock
|detailschange|p2a: Scizor|Scizor-Mega, M
|message|Scizor has Mega Evolved into Mega Scizor!
|move|p2a: Scizor|Knock Off|p1a: Rotom-Wash
|-damage|p1a: Rotom-Wash|177\/304
|-enditem|p1a: Rotom-Wash|Leftovers|[from] move: Knock Off|[of] p2a: Scizor
|
|turn|5
|
|switch|p2a: Rotom-Wash|Rotom-Wash|299\/299
|move|p1a: Rotom-Wash|Volt Switch|p2a: Rotom-Wash
|-crit|p2a: Rotom-Wash
|-damage|p2a: Rotom-Wash|170\/299
|
|switch|p1a: Latios|Latios, M|272\/302
|-damage|p1a: Latios|235\/302|[from] Stealth Rock
|
|-heal|p2a: Rotom-Wash|188\/299|[from] item: Leftovers
|turn|6
|
|switch|p2a: Scizor|Scizor-Mega, M|265\/343
|move|p1a: Latios|Defog|p2a: Scizor
|-unboost|p2a: Scizor|evasion|1
|-sideend|p1: GamerGal|Stealth Rock|[from] move: Defog|[of] p1a: Latios
|
|turn|7
|
|switch|p1a: Charizard|Charizard, F|297\/297
|move|p2a: Scizor|Knock Off|p1a: Charizard
|-damage|p1a: Charizard|194\/297
|
|turn|8
|
|switch|p2a: Rotom-Wash|Rotom-Wash|188\/299
|detailschange|p1a: Charizard|Charizard-Mega-Y, F
|message|Charizard has Mega Evolved into Mega Charizard!
|-weather|SunnyDay
|move|p1a: Charizard|Fire Blast|p2a: Rotom-Wash
|-resisted|p2a: Rotom-Wash
|-damage|p2a: Rotom-Wash|28\/299
|
|-weather|SunnyDay|[upkeep]
|-heal|p2a: Rotom-Wash|46\/299|[from] item: Leftovers
|turn|9
|
|switch|p2a: Heatran|Heatran, M|229\/323
|move|p1a: Charizard|Solar Beam|p2a: Heatran|[still]
|-prepare|p1a: Charizard|Solar Beam|p2a: Heatran
|-anim|p1a: Charizard|Solar Beam|p2a: Heatran
|-resisted|p2a: Heatran
|-damage|p2a: Heatran|193\/323
|
|-weather|SunnyDay|[upkeep]
|turn|10
|
|switch|p2a: Starmie|Starmie|261\/261
|move|p1a: Charizard|Earthquake|p2a: Starmie
|-damage|p2a: Starmie|167\/261
|
|-weather|SunnyDay|[upkeep]
|turn|11
|
|switch|p1a: Garchomp|Garchomp, F|358\/358
|move|p2a: Starmie|Hydro Pump|p1a: Garchomp|[miss]
|-miss|p2a: Starmie|p1a: Garchomp
|
|-weather|SunnyDay|[upkeep]
|turn|12
|
|switch|p2a: Rotom-Wash|Rotom-Wash|46\/299
|move|p1a: Garchomp|Dragon Claw|p2a: Rotom-Wash
|-damage|p2a: Rotom-Wash|0 fnt
|faint|p2a: Rotom-Wash
|
|-weather|none
|chat|Blaze Spectrum|...
|
|switch|p2a: Scizor|Scizor-Mega, M|265\/343
|turn|13
|chat|GamerGal|it was in the sun
|
|switch|p1a: Charizard|Charizard-Mega-Y, F|194\/297
|-weather|SunnyDay
|move|p2a: Scizor|Knock Off|p1a: Charizard
|-damage|p1a: Charizard|75\/297
|
|-weather|SunnyDay|[upkeep]
|turn|14
|chat|Blaze Spectrum|It was analytic boosted and had a chance to KO.
|chat|Blaze Spectrum|And it missed the chomp.
|chat|GamerGal|show me the calc
|chat|GamerGal|in the sun
|chat|Blaze Spectrum|252 SpA Life Orb Starmie Hydro Pump vs. 0 HP \/ 0 SpD Mega Charizard Y in Sun: 172-203 (57.9 - 68.3%) -- guaranteed 2HKO
|chat|GamerGal|no on chomp
|chat|Blaze Spectrum|252 SpA Life Orb Starmie Hydro Pump vs. 4 HP \/ 0 SpD Garchomp: 224-265 (62.5 - 74%) -- guaranteed 2HKO
|chat|Blaze Spectrum|The point is, it would have hit it.
|
|switch|p2a: Dragonite|Dragonite, M|323\/323
|move|p1a: Charizard|Roost|p1a: Charizard
|-heal|p1a: Charizard|224\/297
|
|-weather|SunnyDay|[upkeep]
|turn|15
|chat|GamerGal|but it didn't have a chance to KO
|chat|Blaze Spectrum|Yes, but it would have damaged if it hit.
|chat|Blaze Spectrum|Unlike Thunderbolt.
|
|switch|p1a: Rotom-Wash|Rotom-Wash|177\/304
|move|p2a: Dragonite|Outrage|p1a: Rotom-Wash
|-damage|p1a: Rotom-Wash|0 fnt
|faint|p1a: Rotom-Wash
|
|-weather|SunnyDay|[upkeep]
|
|switch|p1a: Tyranitar|Tyranitar, M|404\/404
|-weather|Sandstorm
|turn|16
|chat|Blaze Spectrum|Which is most likely what you were predicting.
|
|move|p2a: Dragonite|Outrage|p1a: Tyranitar
|-damage|p1a: Tyranitar|94\/404
|move|p1a: Tyranitar|Stealth Rock|p2a: Dragonite
|-sidestart|p2: Blaze Spectrum|move: Stealth Rock
|
|-end|p2a: Dragonite|rampage
|-start|p2a: Dragonite|confusion
|-weather|Sandstorm|[upkeep]
|-damage|p2a: Dragonite|303\/323|[from] sandstorm
|-heal|p1a: Tyranitar|119\/404|[from] item: Leftovers
|turn|17
|
|switch|p2a: Scizor|Scizor-Mega, M|265\/343
|-damage|p2a: Scizor|223\/343|[from] Stealth Rock
|move|p1a: Tyranitar|Ice Beam|p2a: Scizor
|-resisted|p2a: Scizor
|-damage|p2a: Scizor|194\/343
|
|-weather|Sandstorm|[upkeep]
|-heal|p1a: Tyranitar|144\/404|[from] item: Leftovers
|turn|18
|
|switch|p1a: Charizard|Charizard-Mega-Y, F|224\/297
|-weather|SunnyDay
|move|p2a: Scizor|Bullet Punch|p1a: Charizard
|-resisted|p1a: Charizard
|-damage|p1a: Charizard|150\/297
|
|-weather|SunnyDay|[upkeep]
|turn|19
|
|switch|p1a: Garchomp|Garchomp, F|358\/358
|switch|p2a: Heatran|Heatran, M|193\/323
|-damage|p2a: Heatran|153\/323|[from] Stealth Rock
|
|-weather|SunnyDay|[upkeep]
|turn|20
|chat|GamerGal|it was but it's part of the game, i just lost 2 in a row because of hax
|
|move|p1a: Garchomp|Dragon Claw|p2a: Heatran
|-resisted|p2a: Heatran
|-damage|p2a: Heatran|90\/323
|move|p2a: Heatran|Hidden Power|p1a: Garchomp
|-supereffective|p1a: Garchomp
|-damage|p1a: Garchomp|26\/358
|
|-weather|SunnyDay|[upkeep]
|turn|21
|
|switch|p1a: Conkeldurr|Conkeldurr, M|414\/414
|move|p2a: Heatran|Fire Blast|p1a: Conkeldurr
|-damage|p1a: Conkeldurr|144\/414
|
|-weather|SunnyDay|[upkeep]
|turn|22
|chat|Blaze Spectrum|oKAY.
|chat|Blaze Spectrum|Considering that.
|
|move|p2a: Heatran|Stealth Rock|p1a: Conkeldurr
|-sidestart|p1: GamerGal|move: Stealth Rock
|move|p1a: Conkeldurr|Knock Off|p2a: Heatran
|-damage|p2a: Heatran|10\/323
|
|-weather|none
|turn|23
|
|switch|p2a: Scizor|Scizor-Mega, M|194\/343
|-damage|p2a: Scizor|152\/343|[from] Stealth Rock
|move|p1a: Conkeldurr|Mach Punch|p2a: Scizor
|-damage|p2a: Scizor|94\/343
|
|turn|24
|chat|GamerGal|and you won this
|chat|GamerGal|so gg
|chat|Blaze Spectrum|Too early to say that.
|
|move|p1a: Conkeldurr|Mach Punch|p2a: Scizor
|-damage|p2a: Scizor|36\/343
|move|p2a: Scizor|Roost|p2a: Scizor
|-heal|p2a: Scizor|208\/343
|
|turn|25
|
|move|p2a: Scizor|Bullet Punch|p1a: Conkeldurr
|-damage|p1a: Conkeldurr|15\/414
|move|p1a: Conkeldurr|Drain Punch|p2a: Scizor
|-damage|p2a: Scizor|93\/343
|-heal|p1a: Conkeldurr|73\/414|[from] drain|[of] p2a: Scizor
|
|turn|26
|chat|Blaze Spectrum|Sorry, lost connection.
|
|move|p2a: Scizor|Bullet Punch|p1a: Conkeldurr
|-damage|p1a: Conkeldurr|0 fnt
|faint|p1a: Conkeldurr
|
|
|switch|p1a: Latios|Latios, M|235\/302
|-damage|p1a: Latios|198\/302|[from] Stealth Rock
|turn|27
|
|move|p1a: Latios|Defog|p2a: Scizor
|-unboost|p2a: Scizor|evasion|1
|-sideend|p2: Blaze Spectrum|Stealth Rock|[from] move: Defog|[of] p2a: Scizor
|-sideend|p1: GamerGal|Stealth Rock|[from] move: Defog|[of] p1a: Latios
|move|p2a: Scizor|Knock Off|p1a: Latios
|-supereffective|p1a: Latios
|-damage|p1a: Latios|0 fnt
|-enditem|p1a: Latios|Life Orb|[from] move: Knock Off|[of] p2a: Scizor
|faint|p1a: Latios
|
|
|switch|p1a: Charizard|Charizard-Mega-Y, F|150\/297
|-weather|SunnyDay
|turn|28
|
|switch|p1a: Garchomp|Garchomp, F|26\/358
|move|p2a: Scizor|Knock Off|p1a: Garchomp
|-damage|p1a: Garchomp|0 fnt
|-enditem|p1a: Garchomp|Choice Scarf|[from] move: Knock Off|[of] p2a: Scizor
|faint|p1a: Garchomp
|
|-weather|SunnyDay|[upkeep]
|chat|GamerGal|yeah i lost, you've been predicting me so hard all game
|
|switch|p1a: Charizard|Charizard-Mega-Y, F|150\/297
|turn|29
|chat|Blaze Spectrum|Sand Veil is legal?
|chat|GamerGal|yeah
|
|move|p2a: Scizor|Bullet Punch|p1a: Charizard
|-crit|p1a: Charizard
|-resisted|p1a: Charizard
|-damage|p1a: Charizard|30\/297
|move|p1a: Charizard|Fire Blast|p2a: Scizor
|-supereffective|p2a: Scizor
|-damage|p2a: Scizor|0 fnt
|faint|p2a: Scizor
|
|-weather|SunnyDay|[upkeep]
|chat|Blaze Spectrum|Okay. GG.
|
|switch|p2a: Starmie|Starmie|167\/261
|turn|30
|
|move|p2a: Starmie|Thunderbolt|p1a: Charizard
|-supereffective|p1a: Charizard
|-damage|p1a: Charizard|0 fnt
|-damage|p2a: Starmie|141\/261|[from] item: Life Orb
|faint|p1a: Charizard
|
|-weather|SunnyDay|[upkeep]
|
|switch|p1a: Tyranitar|Tyranitar, M|144\/404
|-weather|Sandstorm
|turn|31
|chat|Blaze Spectrum|I can say that for pretty sure here.
|
|move|p2a: Starmie|Hydro Pump|p1a: Tyranitar
|-supereffective|p1a: Tyranitar
|-damage|p1a: Tyranitar|0 fnt
|-damage|p2a: Starmie|115\/261|[from] item: Life Orb
|faint|p1a: Tyranitar
|
|win|Blaze Spectrum
|raw|Ladder updating...
|raw|GamerGal's rating: 1586 &rarr; <strong>1561<\/strong><br \/>(-25 for losing)
|raw|Blaze Spectrum's rating: 1496 &rarr; <strong>1521<\/strong><br \/>(+25 for winning)
|leave|GamerGal
|player|p1