|join|Chanul
|join|GamerGal
|player|p1|Chanul|165
|player|p2|GamerGal|115
|gametype|singles
|gen|6
|tier|OU
|rated
|clearpoke
|poke|p1|Raichu, F
|poke|p1|Tyranitar, F
|poke|p1|Charizard, M, shiny
|poke|p1|Venusaur, F
|poke|p1|Blastoise, F
|poke|p1|Scizor, M
|poke|p2|Thundurus-Therian, M
|poke|p2|Scizor, F
|poke|p2|Azumarill, F
|poke|p2|Kyurem-Black
|poke|p2|Infernape, F
|poke|p2|Gardevoir, M
|rule|Sleep Clause Mod: Limit one foe put to sleep
|rule|Species Clause: Limit one of each Pokemon
|rule|OHKO Clause: OHKO moves are banned
|rule|Moody Clause: Moody is banned
|rule|Evasion Moves Clause: Evasion moves are banned
|rule|Endless Battle Clause: Forcing endless battles is banned.
|rule|HP Percentage Mod: HP is reported as percentages
|teampreview
|
|start
|switch|p1a: The Shining|Raichu, F|261\/261
|switch|p2a: Infernape|Infernape, F|293\/293
|-item|p1a: The Shining|Air Balloon
|turn|1
|
|move|p1a: The Shining|Nuzzle|p2a: Infernape
|-damage|p2a: Infernape|265\/293
|-status|p2a: Infernape|par
|move|p2a: Infernape|Stealth Rock|p1a: The Shining
|-sidestart|p1: Chanul|move: Stealth Rock
|
|turn|2
|
|move|p1a: The Shining|Encore|p2a: Infernape
|-start|p2a: Infernape|Encore
|move|p2a: Infernape|Stealth Rock|p1a: The Shining
|-fail|p1a: The Shining
|
|turn|3
|
|move|p1a: The Shining|Thunderbolt|p2a: Infernape
|-damage|p2a: Infernape|94\/293 par
|move|p2a: Infernape|Stealth Rock|p1a: The Shining
|-fail|p1a: The Shining
|
|turn|4
|
|switch|p2a: Thundurus-Therian|Thundurus-Therian, M|300\/300
|move|p1a: The Shining|Thunderbolt|p2a: Thundurus-Therian
|-immune|p2a: Thundurus-Therian|[msg]
|
|turn|5
|
|move|p2a: Thundurus-Therian|Sludge Wave|p1a: The Shining
|-damage|p1a: The Shining|93\/261
|-enditem|p1a: The Shining|Air Balloon
|move|p1a: The Shining|Hidden Power|p2a: Thundurus-Therian
|-supereffective|p2a: Thundurus-Therian
|-damage|p2a: Thundurus-Therian|174\/300
|
|turn|6
|
|switch|p1a: Gaia|Venusaur, F|301\/301
|-damage|p1a: Gaia|264\/301|[from] Stealth Rock
|move|p2a: Thundurus-Therian|Sludge Wave|p1a: Gaia
|-damage|p1a: Gaia|121\/301
|
|turn|7
|
|move|p2a: Thundurus-Therian|Sludge Wave|p1a: Gaia
|-damage|p1a: Gaia|0 fnt
|faint|p1a: Gaia
|
|
|switch|p1a: Absolute Zero|Blastoise, F|362\/362
|-damage|p1a: Absolute Zero|317\/362|[from] Stealth Rock
|turn|8
|
|switch|p2a: Scizor|Scizor, F|344\/344
|switch|p1a: The Shining|Raichu, F|93\/261
|-damage|p1a: The Shining|61\/261|[from] Stealth Rock
|
|turn|9
|
|move|p2a: Scizor|Bullet Punch|p1a: The Shining
|-resisted|p1a: The Shining
|-damage|p1a: The Shining|0 fnt
|-damage|p2a: Scizor|310\/344|[from] item: Life Orb
|faint|p1a: The Shining
|
|
|switch|p1a: Absolute Zero|Blastoise, F|317\/362
|-damage|p1a: Absolute Zero|272\/362|[from] Stealth Rock
|turn|10
|
|move|p1a: Absolute Zero|Rapid Spin|p2a: Scizor
|-resisted|p2a: Scizor
|-damage|p2a: Scizor|303\/344
|-sideend|p1: Chanul|Stealth Rock|[from] move: Rapid Spin|[of] p1a: Absolute Zero
|move|p2a: Scizor|U-turn|p1a: Absolute Zero
|-damage|p1a: Absolute Zero|80\/362
|-damage|p2a: Scizor|269\/344|[from] item: Life Orb
|
|switch|p2a: Thundurus-Therian|Thundurus-Therian, M|174\/300
|
|-heal|p1a: Absolute Zero|102\/362|[from] item: Leftovers
|turn|11
|
|move|p2a: Thundurus-Therian|Volt Switch|p1a: Absolute Zero
|-supereffective|p1a: Absolute Zero
|-damage|p1a: Absolute Zero|0 fnt
|faint|p1a: Absolute Zero
|
|switch|p2a: Azumarill|Azumarill, F|404\/404
|
|
|switch|p1a: Great Tornado|Scizor, M|344\/344
|turn|12
|
|move|p1a: Great Tornado|Bullet Punch|p2a: Azumarill
|-damage|p2a: Azumarill|179\/404
|move|p2a: Azumarill|Knock Off|p1a: Great Tornado
|-damage|p1a: Great Tornado|198\/344
|-enditem|p1a: Great Tornado|Choice Band|[from] move: Knock Off|[of] p2a: Azumarill
|
|turn|13
|
|move|p1a: Great Tornado|Bullet Punch|p2a: Azumarill
|-damage|p2a: Azumarill|47\/404
|move|p2a: Azumarill|Waterfall|p1a: Great Tornado
|-damage|p1a: Great Tornado|23\/344
|
|turn|14
|
|move|p1a: Great Tornado|Bullet Punch|p2a: Azumarill
|-damage|p2a: Azumarill|0 fnt
|faint|p2a: Azumarill
|
|
|switch|p2a: Scizor|Scizor, F|269\/344
|turn|15
|
|move|p1a: Great Tornado|Bullet Punch|p2a: Scizor
|-resisted|p2a: Scizor
|-damage|p2a: Scizor|207\/344
|move|p2a: Scizor|U-turn|p1a: Great Tornado
|-resisted|p1a: Great Tornado
|-damage|p1a: Great Tornado|0 fnt
|-damage|p2a: Scizor|173\/344|[from] item: Life Orb
|faint|p1a: Great Tornado
|
|switch|p2a: Thundurus-Therian|Thundurus-Therian, M|174\/300
|
|
|switch|p1a: EscuridaÃ¶|Tyranitar, F|404\/404
|-weather|Sandstorm
|turn|16
|
|move|p2a: Thundurus-Therian|Volt Switch|p1a: EscuridaÃ¶
|-damage|p1a: EscuridaÃ¶|332\/404
|
|switch|p2a: Infernape|Infernape, F|94\/293 par
|move|p1a: EscuridaÃ¶|Stone Edge|p2a: Infernape
|-damage|p2a: Infernape|0 fnt
|faint|p2a: Infernape
|
|-weather|Sandstorm|[upkeep]
|
|switch|p2a: Gardevoir|Gardevoir, M|278\/278
|turn|17
|
|-formechange|p2a: Gardevoir|Gardevoir-Mega
|message|Gardevoir has Mega Evolved into Mega Gardevoir!
|move|p2a: Gardevoir|Hyper Voice|p1a: EscuridaÃ¶
|-crit|p1a: EscuridaÃ¶
|-supereffective|p1a: EscuridaÃ¶
|-damage|p1a: EscuridaÃ¶|14\/404
|move|p1a: EscuridaÃ¶|Stone Edge|p2a: Gardevoir
|-damage|p2a: Gardevoir|14\/278
|
|-weather|Sandstorm|[upkeep]
|-damage|p2a: Gardevoir|0 fnt|[from] sandstorm
|faint|p2a: Gardevoir
|
|switch|p2a: Scizor|Scizor, F|173\/344
|turn|18
|chat|GamerGal|gg, i bet that zard sweeps
|
|move|p2a: Scizor|Bullet Punch|p1a: EscuridaÃ¶
|-supereffective|p1a: EscuridaÃ¶
|-damage|p1a: EscuridaÃ¶|0 fnt
|-damage|p2a: Scizor|139\/344|[from] item: Life Orb
|faint|p1a: EscuridaÃ¶
|
|-weather|Sandstorm|[upkeep]
|
|switch|p1a: Nova Master|Charizard, M, shiny|297\/297
|turn|19
|
|-formechange|p1a: Nova Master|Charizard-Mega-Y
|message|Charizard has Mega Evolved into Mega Charizard!
|-weather|SunnyDay
|move|p2a: Scizor|Bullet Punch|p1a: Nova Master
|-resisted|p1a: Nova Master
|-damage|p1a: Nova Master|203\/297
|-damage|p2a: Scizor|105\/344|[from] item: Life Orb
|move|p1a: Nova Master|Fire Blast|p2a: Scizor
|-supereffective|p2a: Scizor
|-damage|p2a: Scizor|0 fnt
|faint|p2a: Scizor
|
|-weather|SunnyDay|[upkeep]
|
|switch|p2a: Thundurus-Therian|Thundurus-Therian, M|174\/300
|turn|20
|
|move|p2a: Thundurus-Therian|Volt Switch|p1a: Nova Master
|-supereffective|p1a: Nova Master
|-damage|p1a: Nova Master|0 fnt
|faint|p1a: Nova Master
|
|win|GamerGal
|raw|Ladder updating...
|raw|Chanul's rating: 1466 &rarr; <strong>1446<\/strong><br \/>(-20 for losing)
|raw|GamerGal's rating: 1461 &rarr; <strong>1482<\/strong><br \/>(+21 for winning)
|chat|GamerGal|not
|leave|Chanul
|player|p1