|join|gamergal
|join|Haros21
|player|p1|gamergal|4
|player|p2|Haros21|76
|gametype|singles
|gen|6
|tier|OU
|rated
|clearpoke
|poke|p1|Diggersby, F
|poke|p1|Magnezone
|poke|p1|Azumarill, F
|poke|p1|Pinsir, M
|poke|p1|Garchomp, F
|poke|p1|Latias, F
|poke|p2|Alakazam, M
|poke|p2|Bisharp, M
|poke|p2|Landorus-Therian, M
|poke|p2|Keldeo-Resolute
|poke|p2|Raikou
|poke|p2|Mamoswine, M
|rule|Swagger Clause: Swagger is banned
|rule|Baton Pass Clause: Limit one PokÃ©mon knowing Baton Pass
|rule|Sleep Clause Mod: Limit one foe put to sleep
|rule|Species Clause: Limit one of each PokÃ©mon
|rule|OHKO Clause: OHKO moves are banned
|rule|Moody Clause: Moody is banned
|rule|Evasion Moves Clause: Evasion moves are banned
|rule|Endless Battle Clause: Forcing endless battles is banned
|rule|HP Percentage Mod: HP is shown in percentages
|teampreview
|
|start
|switch|p1a: Azumarill|Azumarill, F|404\/404
|switch|p2a: Mamoswine|Mamoswine, M|361\/361
|turn|1
|
|move|p2a: Mamoswine|Stealth Rock|p1a: Azumarill
|-sidestart|p1: gamergal|move: Stealth Rock
|move|p1a: Azumarill|Waterfall|p2a: Mamoswine
|-supereffective|p2a: Mamoswine
|-enditem|p2a: Mamoswine|Focus Sash
|-damage|p2a: Mamoswine|1\/361
|
|turn|2
|
|move|p1a: Azumarill|Aqua Jet|p2a: Mamoswine
|-supereffective|p2a: Mamoswine
|-damage|p2a: Mamoswine|0 fnt
|faint|p2a: Mamoswine
|
|
|switch|p2a: Raikou|Raikou|329\/329
|-ability|p2a: Raikou|Pressure
|turn|3
|
|move|p2a: Raikou|Volt Switch|p1a: Azumarill
|-supereffective|p1a: Azumarill
|-damage|p1a: Azumarill|230\/404
|
|switch|p2a: Bisharp|Bisharp, M|279\/279
|move|p1a: Azumarill|Play Rough|p2a: Bisharp
|-damage|p2a: Bisharp|71\/279
|-unboost|p2a: Bisharp|atk|1
|-boost|p2a: Bisharp|atk|2|[from] ability: Defiant
|
|turn|4
|
|move|p1a: Azumarill|Aqua Jet|p2a: Bisharp
|-damage|p2a: Bisharp|0 fnt
|faint|p2a: Bisharp
|
|
|switch|p2a: Raikou|Raikou|329\/329
|-ability|p2a: Raikou|Pressure
|turn|5
|
|switch|p1a: Latias|Latias, F|301\/301
|-damage|p1a: Latias|264\/301|[from] Stealth Rock
|move|p2a: Raikou|Thunderbolt|p1a: Latias
|-resisted|p1a: Latias
|-damage|p1a: Latias|210\/301
|
|turn|6
|
|move|p2a: Raikou|Hidden Power|p1a: Latias
|-supereffective|p1a: Latias
|-damage|p1a: Latias|100\/301
|move|p1a: Latias|Defog|p2a: Raikou
|-unboost|p2a: Raikou|evasion|1
|-sideend|p1: gamergal|Stealth Rock|[from] move: Defog|[of] p1a: Latias
|
|turn|7
|
|move|p2a: Raikou|Hidden Power|p1a: Latias
|-supereffective|p1a: Latias
|-damage|p1a: Latias|0 fnt
|faint|p1a: Latias
|
|
|switch|p1a: Garchomp|Garchomp, F|420\/420
|turn|8
|
|switch|p2a: Keldeo-Resolute|Keldeo-Resolute|322\/322
|move|p1a: Garchomp|Earthquake|p2a: Keldeo-Resolute
|-damage|p2a: Keldeo-Resolute|166\/322
|
|turn|9
|
|move|p2a: Keldeo-Resolute|Scald|p1a: Garchomp
|-damage|p1a: Garchomp|196\/420
|-damage|p2a: Keldeo-Resolute|134\/322|[from] item: Life Orb
|move|p1a: Garchomp|Stealth Rock|p2a: Keldeo-Resolute
|-sidestart|p2: Haros21|move: Stealth Rock
|
|turn|10
|
|switch|p1a: Magnezone|Magnezone|281\/281
|move|p2a: Keldeo-Resolute|Scald|p1a: Magnezone
|-damage|p1a: Magnezone|86\/281
|-damage|p2a: Keldeo-Resolute|102\/322|[from] item: Life Orb
|
|turn|11
|
|move|p1a: Magnezone|Volt Switch|p2a: Keldeo-Resolute
|-supereffective|p2a: Keldeo-Resolute
|-damage|p2a: Keldeo-Resolute|0 fnt
|faint|p2a: Keldeo-Resolute
|
|switch|p1a: Garchomp|Garchomp, F|196\/420
|
|
|switch|p2a: Alakazam|Alakazam, M|252\/252
|turn|12
|
|switch|p1a: Magnezone|Magnezone|86\/281
|detailschange|p2a: Alakazam|Alakazam-Mega, M
|message|Alakazam has Mega Evolved into Mega Alakazam!
|-ability|p2a: Alakazam|Magnet Pull|[from] ability: Trace|[of] p1a: Magnezone
|move|p2a: Alakazam|Psychic|p1a: Magnezone
|-resisted|p1a: Magnezone
|-damage|p1a: Magnezone|0 fnt
|faint|p1a: Magnezone
|
|
|switch|p1a: Azumarill|Azumarill, F|230\/404
|turn|13
|
|move|p2a: Alakazam|Psychic|p1a: Azumarill
|-damage|p1a: Azumarill|47\/404
|-unboost|p1a: Azumarill|spd|1
|move|p1a: Azumarill|Waterfall|p2a: Alakazam
|-damage|p2a: Alakazam|0 fnt
|faint|p2a: Alakazam
|
|
|switch|p2a: Raikou|Raikou|329\/329
|-damage|p2a: Raikou|288\/329|[from] Stealth Rock
|-ability|p2a: Raikou|Pressure
|turn|14
|
|move|p1a: Azumarill|Aqua Jet|p2a: Raikou
|-damage|p2a: Raikou|171\/329
|move|p2a: Raikou|Extrasensory|p1a: Azumarill
|-damage|p1a: Azumarill|0 fnt
|faint|p1a: Azumarill
|
|-heal|p2a: Raikou|191\/329|[from] item: Leftovers
|
|switch|p1a: Diggersby|Diggersby, F|311\/311
|turn|15
|
|switch|p2a: Landorus-Therian|Landorus-Therian, M|354\/354
|-damage|p2a: Landorus-Therian|310\/354|[from] Stealth Rock
|-ability|p2a: Landorus-Therian|Intimidate|[of] p1a: Diggersby
|-unboost|p1a: Diggersby|atk|1
|move|p1a: Diggersby|Return|p2a: Landorus-Therian
|-damage|p2a: Landorus-Therian|144\/354
|
|turn|16
|
|move|p2a: Landorus-Therian|Earthquake|p1a: Diggersby
|-damage|p1a: Diggersby|56\/311
|move|p1a: Diggersby|Swords Dance|p1a: Diggersby
|-boost|p1a: Diggersby|atk|2
|
|turn|17
|
|move|p1a: Diggersby|Quick Attack|p2a: Landorus-Therian
|-damage|p2a: Landorus-Therian|0 fnt
|faint|p2a: Landorus-Therian
|
|-message|Haros21 forfeited.
|
|win|gamergal
|raw|Ladder updating...
|raw|gamergal's rating: 1642 &rarr; <strong>1661<\/strong><br \/>(+19 for winning)
|raw|Haros21's rating: 1624 &rarr; <strong>1605<\/strong><br \/>(-19 for losing)
|leave|Haros21
|player|p2