|join|XXII
|join|GamerGal
|player|p1|XXII|101
|player|p2|GamerGal|4
|gametype|singles
|gen|6
|tier|OU
|rated
|clearpoke
|poke|p1|Azumarill, F
|poke|p1|Scizor, M
|poke|p1|Kyurem-Black, shiny
|poke|p1|Conkeldurr, F
|poke|p1|Rotom-Wash
|poke|p1|Heatran, M
|poke|p2|Garchomp, M
|poke|p2|Tyranitar, M
|poke|p2|Latias, F
|poke|p2|Tangrowth, F
|poke|p2|Excadrill, F
|poke|p2|Keldeo
|rule|Swagger Clause: Swagger is banned
|rule|Baton Pass Clause: Limit one PokÃ©mon knowing Baton Pass
|rule|Sleep Clause Mod: Limit one foe put to sleep
|rule|Species Clause: Limit one of each PokÃ©mon
|rule|OHKO Clause: OHKO moves are banned
|rule|Moody Clause: Moody is banned
|rule|Evasion Moves Clause: Evasion moves are banned
|rule|Endless Battle Clause: Forcing endless battles is banned
|rule|HP Percentage Mod: HP is shown in percentages
|teampreview
|
|start
|switch|p1a: Allocative|Rotom-Wash|304\/304
|switch|p2a: Tangrowth|Tangrowth, F|403\/403
|turn|1
|
|move|p1a: Allocative|Volt Switch|p2a: Tangrowth
|-resisted|p2a: Tangrowth
|-damage|p2a: Tangrowth|330\/403
|
|switch|p1a: Productive|Scizor, M|343\/343
|move|p2a: Tangrowth|Sleep Powder|p1a: Productive
|-status|p1a: Productive|slp
|
|-heal|p2a: Tangrowth|355\/403|[from] item: Leftovers
|turn|2
|
|detailschange|p1a: Productive|Scizor-Mega, M
|message|Scizor has Mega Evolved into Mega Scizor!
|cant|p1a: Productive|slp
|move|p2a: Tangrowth|Knock Off|p1a: Productive
|-damage|p1a: Productive|310\/343 slp
|
|-heal|p2a: Tangrowth|380\/403|[from] item: Leftovers
|turn|3
|
|cant|p1a: Productive|slp
|move|p2a: Tangrowth|Hidden Power|p1a: Productive
|-supereffective|p1a: Productive
|-damage|p1a: Productive|90\/343 slp
|
|-heal|p2a: Tangrowth|403\/403|[from] item: Leftovers
|turn|4
|
|-curestatus|p1a: Productive|slp
|move|p1a: Productive|U-turn|p2a: Tangrowth
|-supereffective|p2a: Tangrowth
|-damage|p2a: Tangrowth|197\/403
|
|switch|p1a: Magmamon|Heatran, M|386\/386
|move|p2a: Tangrowth|Knock Off|p1a: Magmamon
|-damage|p1a: Magmamon|314\/386
|-enditem|p1a: Magmamon|Leftovers|[from] move: Knock Off|[of] p2a: Tangrowth
|
|-heal|p2a: Tangrowth|222\/403|[from] item: Leftovers
|turn|5
|
|switch|p2a: Keldeo|Keldeo|324\/324
|move|p1a: Magmamon|Stealth Rock|p2a: Keldeo
|-sidestart|p2: GamerGal|move: Stealth Rock
|
|turn|6
|
|switch|p1a: House|Azumarill, F|401\/401
|move|p2a: Keldeo|Scald|p1a: House
|-resisted|p1a: House
|-damage|p1a: House|323\/401
|
|turn|7
|
|switch|p2a: Tangrowth|Tangrowth, F|356\/403
|-damage|p2a: Tangrowth|306\/403|[from] Stealth Rock
|move|p1a: House|Play Rough|p2a: Tangrowth
|-damage|p2a: Tangrowth|159\/403
|-unboost|p2a: Tangrowth|atk|1
|
|-heal|p2a: Tangrowth|184\/403|[from] item: Leftovers
|turn|8
|
|switch|p1a: Magmamon|Heatran, M|314\/386
|switch|p2a: Keldeo|Keldeo|324\/324
|-damage|p2a: Keldeo|304\/324|[from] Stealth Rock
|
|turn|9
|
|switch|p1a: Allocative|Rotom-Wash|304\/304
|move|p2a: Keldeo|Scald|p1a: Allocative
|-resisted|p1a: Allocative
|-damage|p1a: Allocative|198\/304
|-status|p1a: Allocative|brn
|
|-heal|p1a: Allocative|217\/304 brn|[from] item: Leftovers
|-damage|p1a: Allocative|179\/304 brn|[from] brn
|turn|10
|
|switch|p2a: Latias|Latias, F|319\/319
|-damage|p2a: Latias|280\/319|[from] Stealth Rock
|move|p1a: Allocative|Volt Switch|p2a: Latias
|-resisted|p2a: Latias
|-damage|p2a: Latias|246\/319
|
|switch|p1a: Productive|Scizor-Mega, M|90\/343
|
|turn|11
|
|move|p2a: Latias|Draco Meteor|p1a: Productive|[miss]
|-miss|p2a: Latias|p1a: Productive
|move|p1a: Productive|Roost|p1a: Productive
|-heal|p1a: Productive|262\/343
|
|turn|12
|
|switch|p2a: Garchomp|Garchomp, M|357\/357
|-damage|p2a: Garchomp|335\/357|[from] Stealth Rock
|move|p1a: Productive|Knock Off|p2a: Garchomp
|-damage|p2a: Garchomp|255\/357
|-damage|p1a: Productive|220\/343|[from] ability: Rough Skin|[of] p2a: Garchomp
|
|turn|13
|
|switch|p1a: Allocative|Rotom-Wash|179\/304 brn
|detailschange|p2a: Garchomp|Garchomp-Mega, M
|message|Garchomp has Mega Evolved into Mega Garchomp!
|move|p2a: Garchomp|Fire Blast|p1a: Allocative
|-resisted|p1a: Allocative
|-damage|p1a: Allocative|124\/304 brn
|
|-heal|p1a: Allocative|143\/304 brn|[from] item: Leftovers
|-damage|p1a: Allocative|105\/304 brn|[from] brn
|turn|14
|
|move|p2a: Garchomp|Draco Meteor|p1a: Allocative
|-damage|p1a: Allocative|0 fnt
|-unboost|p2a: Garchomp|spa|2
|faint|p1a: Allocative
|
|
|switch|p1a: House|Azumarill, F|323\/401
|turn|15
|
|switch|p2a: Tangrowth|Tangrowth, F|318\/403
|-damage|p2a: Tangrowth|268\/403|[from] Stealth Rock
|move|p1a: House|Play Rough|p2a: Tangrowth|[miss]
|-miss|p1a: House|p2a: Tangrowth
|
|-heal|p2a: Tangrowth|293\/403|[from] item: Leftovers
|turn|16
|
|switch|p1a: Magmamon|Heatran, M|314\/386
|move|p2a: Tangrowth|Sleep Powder|p1a: Magmamon
|-status|p1a: Magmamon|slp
|
|-heal|p2a: Tangrowth|318\/403|[from] item: Leftovers
|turn|17
|
|cant|p1a: Magmamon|slp
|move|p2a: Tangrowth|Leaf Storm|p1a: Magmamon
|-resisted|p1a: Magmamon
|-damage|p1a: Magmamon|268\/386 slp
|-unboost|p2a: Tangrowth|spa|2
|
|-heal|p2a: Tangrowth|343\/403|[from] item: Leftovers
|turn|18
|
|switch|p2a: Keldeo|Keldeo|304\/324
|-damage|p2a: Keldeo|284\/324|[from] Stealth Rock
|cant|p1a: Magmamon|slp
|
|turn|19
|
|switch|p1a: BigJimmy|Conkeldurr, F|353\/353
|move|p2a: Keldeo|Scald|p1a: BigJimmy
|-damage|p1a: BigJimmy|215\/353
|
|turn|20
|
|switch|p2a: Tangrowth|Tangrowth, F|403\/403
|-damage|p2a: Tangrowth|353\/403|[from] Stealth Rock
|move|p1a: BigJimmy|Drain Punch|p2a: Tangrowth
|-damage|p2a: Tangrowth|214\/403
|-heal|p1a: BigJimmy|285\/353|[from] drain|[of] p2a: Tangrowth
|
|-heal|p2a: Tangrowth|239\/403|[from] item: Leftovers
|turn|21
|
|move|p1a: BigJimmy|Drain Punch|p2a: Tangrowth
|-damage|p2a: Tangrowth|101\/403
|-heal|p1a: BigJimmy|353\/353|[from] drain|[of] p2a: Tangrowth
|move|p2a: Tangrowth|Leaf Storm|p1a: BigJimmy
|-damage|p1a: BigJimmy|194\/353
|-unboost|p2a: Tangrowth|spa|2
|
|-heal|p2a: Tangrowth|126\/403|[from] item: Leftovers
|turn|22
|
|switch|p2a: Latias|Latias, F|246\/319
|-damage|p2a: Latias|207\/319|[from] Stealth Rock
|move|p1a: BigJimmy|Drain Punch|p2a: Latias
|-resisted|p2a: Latias
|-damage|p2a: Latias|126\/319
|-heal|p1a: BigJimmy|235\/353|[from] drain|[of] p2a: Latias
|
|turn|23
|
|switch|p1a: Productive|Scizor-Mega, M|220\/343
|move|p2a: Latias|Psyshock|p1a: Productive
|-resisted|p1a: Productive
|-damage|p1a: Productive|165\/343
|-damage|p2a: Latias|95\/319|[from] item: Life Orb
|
|turn|24
|
|switch|p2a: Garchomp|Garchomp-Mega, M|255\/357
|-damage|p2a: Garchomp|233\/357|[from] Stealth Rock
|move|p1a: Productive|U-turn|p2a: Garchomp
|-damage|p2a: Garchomp|124\/357
|
|switch|p1a: Ace|Kyurem-Black, shiny|391\/391
|-ability|p1a: Ace|Teravolt
|
|turn|25
|
|move|p1a: Ace|Ice Beam|p2a: Garchomp
|-supereffective|p2a: Garchomp
|-damage|p2a: Garchomp|0 fnt
|faint|p2a: Garchomp
|
|
|switch|p2a: Keldeo|Keldeo|284\/324
|-damage|p2a: Keldeo|264\/324|[from] Stealth Rock
|turn|26
|
|switch|p1a: BigJimmy|Conkeldurr, F|235\/353
|move|p2a: Keldeo|Scald|p1a: BigJimmy
|-damage|p1a: BigJimmy|82\/353
|
|turn|27
|
|move|p1a: BigJimmy|Mach Punch|p2a: Keldeo
|-damage|p2a: Keldeo|177\/324
|move|p2a: Keldeo|Scald|p1a: BigJimmy
|-damage|p1a: BigJimmy|0 fnt
|faint|p1a: BigJimmy
|
|
|switch|p1a: House|Azumarill, F|323\/401
|turn|28
|
|switch|p2a: Tangrowth|Tangrowth, F|260\/403
|-damage|p2a: Tangrowth|210\/403|[from] Stealth Rock
|move|p1a: House|Play Rough|p2a: Tangrowth
|-damage|p2a: Tangrowth|51\/403
|
|-heal|p2a: Tangrowth|76\/403|[from] item: Leftovers
|turn|29
|
|switch|p1a: Magmamon|Heatran, M|268\/386 slp
|move|p2a: Tangrowth|Leaf Storm|p1a: Magmamon
|-resisted|p1a: Magmamon
|-damage|p1a: Magmamon|220\/386 slp
|-unboost|p2a: Tangrowth|spa|2
|
|-heal|p2a: Tangrowth|101\/403|[from] item: Leftovers
|turn|30
|
|switch|p2a: Keldeo|Keldeo|177\/324
|-damage|p2a: Keldeo|157\/324|[from] Stealth Rock
|cant|p1a: Magmamon|slp
|
|turn|31
|
|switch|p1a: House|Azumarill, F|323\/401
|move|p2a: Keldeo|Scald|p1a: House
|-resisted|p1a: House
|-damage|p1a: House|239\/401
|-status|p1a: House|brn
|
|-damage|p1a: House|189\/401 brn|[from] brn
|turn|32
|
|switch|p2a: Tangrowth|Tangrowth, F|235\/403
|-damage|p2a: Tangrowth|185\/403|[from] Stealth Rock
|move|p1a: House|Play Rough|p2a: Tangrowth
|-damage|p2a: Tangrowth|100\/403
|
|-heal|p2a: Tangrowth|125\/403|[from] item: Leftovers
|-damage|p1a: House|139\/401 brn|[from] brn
|turn|33
|
|switch|p1a: Magmamon|Heatran, M|220\/386 slp
|move|p2a: Tangrowth|Leaf Storm|p1a: Magmamon
|-resisted|p1a: Magmamon
|-damage|p1a: Magmamon|169\/386 slp
|-unboost|p2a: Tangrowth|spa|2
|
|-heal|p2a: Tangrowth|150\/403|[from] item: Leftovers
|turn|34
|
|switch|p2a: Tyranitar|Tyranitar, M|341\/341
|-damage|p2a: Tyranitar|299\/341|[from] Stealth Rock
|-weather|Sandstorm
|-curestatus|p1a: Magmamon|slp
|move|p1a: Magmamon|Lava Plume|p2a: Tyranitar
|-resisted|p2a: Tyranitar
|-damage|p2a: Tyranitar|254\/341
|-status|p2a: Tyranitar|brn
|
|-weather|Sandstorm|[upkeep]
|-damage|p2a: Tyranitar|212\/341 brn|[from] brn
|turn|35
|
|move|p2a: Tyranitar|Stone Edge|p1a: Magmamon|[miss]
|-miss|p2a: Tyranitar|p1a: Magmamon
|move|p1a: Magmamon|Flash Cannon|p2a: Tyranitar
|-crit|p2a: Tyranitar
|-supereffective|p2a: Tyranitar
|-damage|p2a: Tyranitar|0 fnt
|faint|p2a: Tyranitar
|
|-weather|Sandstorm|[upkeep]
|
|switch|p2a: Excadrill|Excadrill, F|362\/362
|-damage|p2a: Excadrill|351\/362|[from] Stealth Rock
|turn|36
|
|move|p2a: Excadrill|Earthquake|p1a: Magmamon
|-supereffective|p1a: Magmamon
|-damage|p1a: Magmamon|0 fnt
|-damage|p2a: Excadrill|315\/362|[from] item: Life Orb
|faint|p1a: Magmamon
|
|-weather|Sandstorm|[upkeep]
|
|switch|p1a: House|Azumarill, F|139\/401 brn
|turn|37
|
|move|p1a: House|Aqua Jet|p2a: Excadrill
|-supereffective|p2a: Excadrill
|-damage|p2a: Excadrill|195\/362
|move|p2a: Excadrill|Iron Head|p1a: House
|-damage|p1a: House|0 fnt
|-damage|p2a: Excadrill|159\/362|[from] item: Life Orb
|faint|p1a: House
|
|-weather|Sandstorm|[upkeep]
|
|switch|p1a: Productive|Scizor-Mega, M|165\/343
|turn|38
|
|move|p2a: Excadrill|Earthquake|p1a: Productive
|-damage|p1a: Productive|0 fnt
|-damage|p2a: Excadrill|123\/362|[from] item: Life Orb
|faint|p1a: Productive
|
|-weather|none
|
|switch|p1a: Ace|Kyurem-Black, shiny|391\/391
|-ability|p1a: Ace|Teravolt
|turn|39
|
|move|p1a: Ace|Outrage|p2a: Excadrill
|-resisted|p2a: Excadrill
|-damage|p2a: Excadrill|0 fnt
|faint|p2a: Excadrill
|
|
|switch|p2a: Latias|Latias, F|95\/319
|-damage|p2a: Latias|56\/319|[from] Stealth Rock
|turn|40
|
|move|p1a: Ace|Outrage|p2a: Latias
|-supereffective|p2a: Latias
|-damage|p2a: Latias|0 fnt
|faint|p2a: Latias
|
|
|switch|p2a: Tangrowth|Tangrowth, F|284\/403
|-damage|p2a: Tangrowth|234\/403|[from] Stealth Rock
|turn|41
|
|move|p1a: Ace|Outrage|p2a: Tangrowth
|-crit|p2a: Tangrowth
|-damage|p2a: Tangrowth|0 fnt
|faint|p2a: Tangrowth
|
|-end|p1a: Ace|rampage
|-start|p1a: Ace|confusion
|
|switch|p2a: Keldeo|Keldeo|157\/324
|-damage|p2a: Keldeo|137\/324|[from] Stealth Rock
|turn|42
|
|-activate|p1a: Ace|confusion
|-damage|p1a: Ace|334\/391|[from] confusion
|move|p2a: Keldeo|Secret Sword|p1a: Ace
|-supereffective|p1a: Ace
|-damage|p1a: Ace|0 fnt
|faint|p1a: Ace
|
|win|GamerGal
|raw|Ladder updating...
|raw|XXII's rating: 1536 &rarr; <strong>1514<\/strong><br \/>(-22 for losing)
|raw|GamerGal's rating: 1497 &rarr; <strong>1519<\/strong><br \/>(+22 for winning)
|c|âGamerGal|gg
|c|âXXII|gg