|join|GamerGal
|join|Eren Jagerbomb
|player|p1|GamerGal|115
|player|p2|Eren Jagerbomb|2
|gametype|singles
|gen|6
|tier|OU
|rated
|clearpoke
|poke|p1|Thundurus-Therian, M
|poke|p1|Scizor, M
|poke|p1|Azumarill, M, shiny
|poke|p1|Kyurem-Black
|poke|p1|Infernape, F
|poke|p1|Gardevoir, F, shiny
|poke|p2|Aegislash, F
|poke|p2|Rotom-Wash
|poke|p2|Deoxys-Defense
|poke|p2|Conkeldurr, M
|poke|p2|Bisharp, M
|poke|p2|Latios, M
|rule|Sleep Clause Mod: Limit one foe put to sleep
|rule|Species Clause: Limit one of each Pokemon
|rule|OHKO Clause: OHKO moves are banned
|rule|Moody Clause: Moody is banned
|rule|Evasion Moves Clause: Evasion moves are banned
|rule|Endless Battle Clause: Forcing endless battles is banned.
|rule|HP Percentage Mod: HP is reported as percentages
|teampreview
|
|start
|switch|p1a: Scizor|Scizor, M|344\/344
|switch|p2a: Deoxys-Defense|Deoxys-Defense|304\/304
|-ability|p2a: Deoxys-Defense|Pressure
|turn|1
|
|move|p2a: Deoxys-Defense|Taunt|p1a: Scizor
|-start|p1a: Scizor|move: Taunt
|move|p1a: Scizor|Knock Off|p2a: Deoxys-Defense
|-supereffective|p2a: Deoxys-Defense
|-damage|p2a: Deoxys-Defense|86\/304
|-enditem|p2a: Deoxys-Defense|Leftovers|[from] move: Knock Off|[of] p1a: Scizor
|-damage|p1a: Scizor|310\/344|[from] item: Life Orb
|
|turn|2
|
|move|p2a: Deoxys-Defense|Stealth Rock|p1a: Scizor
|-sidestart|p1: GamerGal|move: Stealth Rock
|move|p1a: Scizor|U-turn|p2a: Deoxys-Defense
|-supereffective|p2a: Deoxys-Defense
|-damage|p2a: Deoxys-Defense|0 fnt
|-damage|p1a: Scizor|276\/344|[from] item: Life Orb
|faint|p2a: Deoxys-Defense
|
|switch|p1a: Infernape|Infernape, F|293\/293
|-damage|p1a: Infernape|257\/293|[from] Stealth Rock
|
|
|switch|p2a: Conkeldurr|Conkeldurr, M|414\/414
|turn|3
|
|move|p1a: Infernape|Stealth Rock|p2a: Conkeldurr
|-sidestart|p2: Eren Jagerbomb|move: Stealth Rock
|move|p2a: Conkeldurr|Poison Jab|p1a: Infernape
|-damage|p1a: Infernape|106\/293
|-status|p1a: Infernape|psn
|
|-damage|p1a: Infernape|70\/293 psn|[from] psn
|turn|4
|
|move|p1a: Infernape|Flare Blitz|p2a: Conkeldurr
|-damage|p2a: Conkeldurr|207\/414
|-damage|p1a: Infernape|2\/293 psn|[from] recoil|[of] p2a: Conkeldurr
|-status|p2a: Conkeldurr|brn
|move|p2a: Conkeldurr|Drain Punch|p1a: Infernape
|-damage|p1a: Infernape|0 fnt
|-heal|p2a: Conkeldurr|208\/414 brn|[from] drain|[of] p1a: Infernape
|faint|p1a: Infernape
|
|-damage|p2a: Conkeldurr|157\/414 brn|[from] brn
|
|switch|p1a: Azumarill|Azumarill, M, shiny|404\/404
|-damage|p1a: Azumarill|354\/404|[from] Stealth Rock
|turn|5
|
|switch|p2a: Aegislash|Aegislash, F|262\/262
|-damage|p2a: Aegislash|246\/262|[from] Stealth Rock
|move|p1a: Azumarill|Knock Off|p2a: Aegislash
|-supereffective|p2a: Aegislash
|-damage|p2a: Aegislash|48\/262
|-enditem|p2a: Aegislash|Leftovers|[from] move: Knock Off|[of] p1a: Azumarill
|
|turn|6
|
|move|p1a: Azumarill|Aqua Jet|p2a: Aegislash
|-damage|p2a: Aegislash|0 fnt
|faint|p2a: Aegislash
|
|
|switch|p2a: Bisharp|Bisharp, M|272\/272
|-damage|p2a: Bisharp|255\/272|[from] Stealth Rock
|turn|7
|
|move|p2a: Bisharp|Iron Head|p1a: Azumarill
|-crit|p1a: Azumarill
|-damage|p1a: Azumarill|41\/404
|-damage|p2a: Bisharp|228\/272|[from] item: Life Orb
|move|p1a: Azumarill|Play Rough|p2a: Bisharp
|-damage|p2a: Bisharp|39\/272
|
|turn|8
|
|move|p2a: Bisharp|Sucker Punch|p1a: Azumarill
|-resisted|p1a: Azumarill
|-damage|p1a: Azumarill|0 fnt
|-damage|p2a: Bisharp|12\/272|[from] item: Life Orb
|faint|p1a: Azumarill
|
|
|switch|p1a: Scizor|Scizor, M|276\/344
|-damage|p1a: Scizor|233\/344|[from] Stealth Rock
|turn|9
|
|move|p2a: Bisharp|Sucker Punch|p1a: Scizor
|-damage|p1a: Scizor|58\/344
|-damage|p2a: Bisharp|0 fnt|[from] item: Life Orb
|faint|p2a: Bisharp
|move|p1a: Scizor|Bullet Punch|p2: Bisharp|[notarget]
|-notarget
|
|
|switch|p2a: Rotom-Wash|Rotom-Wash|304\/304
|-damage|p2a: Rotom-Wash|266\/304|[from] Stealth Rock
|turn|10
|
|move|p2a: Rotom-Wash|Hydro Pump|p1a: Scizor
|-damage|p1a: Scizor|0 fnt
|faint|p1a: Scizor
|
|-heal|p2a: Rotom-Wash|285\/304|[from] item: Leftovers
|
|switch|p1a: Kyurem-Black|Kyurem-Black|404\/404
|-damage|p1a: Kyurem-Black|303\/404|[from] Stealth Rock
|-ability|p1a: Kyurem-Black|Teravolt
|turn|11
|
|move|p1a: Kyurem-Black|Substitute|p1a: Kyurem-Black
|-start|p1a: Kyurem-Black|Substitute
|-damage|p1a: Kyurem-Black|202\/404
|move|p2a: Rotom-Wash|Volt Switch|p1a: Kyurem-Black
|-resisted|p1a: Kyurem-Black
|-activate|p1a: Kyurem-Black|Substitute|[damage]
|
|switch|p2a: Conkeldurr|Conkeldurr, M|157\/414 brn
|-damage|p2a: Conkeldurr|132\/414 brn|[from] Stealth Rock
|
|-heal|p1a: Kyurem-Black|227\/404|[from] item: Leftovers
|-damage|p2a: Conkeldurr|81\/414 brn|[from] brn
|turn|12
|
|move|p1a: Kyurem-Black|Ice Beam|p2a: Conkeldurr
|-damage|p2a: Conkeldurr|0 fnt
|faint|p2a: Conkeldurr
|
|-heal|p1a: Kyurem-Black|252\/404|[from] item: Leftovers
|
|switch|p2a: Rotom-Wash|Rotom-Wash|285\/304
|-damage|p2a: Rotom-Wash|247\/304|[from] Stealth Rock
|turn|13
|
|move|p1a: Kyurem-Black|Earth Power|p2a: Rotom-Wash
|-supereffective|p2a: Rotom-Wash
|-damage|p2a: Rotom-Wash|105\/304
|move|p2a: Rotom-Wash|Volt Switch|p1a: Kyurem-Black
|-resisted|p1a: Kyurem-Black
|-activate|p1a: Kyurem-Black|Substitute|[damage]
|-message|Eren Jagerbomb forfeited.
|
|win|GamerGal
|raw|Ladder updating...
|leave|Eren Jagerbomb
|player|p2
|raw|GamerGal's rating: 1603 &rarr; <strong>1621<\/strong><br \/>(+18 for winning)
|raw|Eren Jagerbomb's rating: 1567 &rarr; <strong>1549<\/strong><br \/>(-18 for losing)