|join|Rafe94
|join|GamerGal
|player|p1|Rafe94|274
|player|p2|GamerGal|4
|gametype|singles
|gen|6
|tier|OU
|rated
|clearpoke
|poke|p1|Landorus-Therian, M
|poke|p1|Greninja, M
|poke|p1|Victini
|poke|p1|Ferrothorn, F
|poke|p1|Latias, F
|poke|p1|Metagross
|poke|p2|Beedrill, F
|poke|p2|Landorus-Therian, M
|poke|p2|Rotom-Wash
|poke|p2|Magnezone
|poke|p2|Latios, M
|poke|p2|Tyranitar, M
|rule|Swagger Clause: Swagger is banned
|rule|Baton Pass Clause: Limit one PokÃ©mon knowing Baton Pass
|rule|Sleep Clause Mod: Limit one foe put to sleep
|rule|Species Clause: Limit one of each PokÃ©mon
|rule|OHKO Clause: OHKO moves are banned
|rule|Moody Clause: Moody is banned
|rule|Evasion Moves Clause: Evasion moves are banned
|rule|Endless Battle Clause: Forcing endless battles is banned
|rule|HP Percentage Mod: HP is shown in percentages
|teampreview
|
|start
|switch|p1a: Ferrothorn|Ferrothorn, F|352\/352
|switch|p2a: Tyranitar|Tyranitar, M|341\/341
|-weather|Sandstorm
|turn|1
|
|move|p2a: Tyranitar|Fire Blast|p1a: Ferrothorn
|-supereffective|p1a: Ferrothorn
|-damage|p1a: Ferrothorn|0 fnt
|faint|p1a: Ferrothorn
|
|-weather|Sandstorm|[upkeep]
|
|switch|p1a: Metagross|Metagross|302\/302
|turn|2
|
|detailschange|p1a: Metagross|Metagross-Mega
|message|Metagross has Mega Evolved into Mega Metagross!
|move|p2a: Tyranitar|Stealth Rock|p1a: Metagross
|-sidestart|p1: Rafe94|move: Stealth Rock
|move|p1a: Metagross|Meteor Mash|p2a: Tyranitar
|-supereffective|p2a: Tyranitar
|-enditem|p2a: Tyranitar|Focus Sash
|-damage|p2a: Tyranitar|1\/341
|
|-weather|Sandstorm|[upkeep]
|turn|3
|
|switch|p2a: Rotom-Wash|Rotom-Wash|304\/304
|move|p1a: Metagross|Ice Punch|p2a: Rotom-Wash
|-resisted|p2a: Rotom-Wash
|-damage|p2a: Rotom-Wash|253\/304
|
|-weather|Sandstorm|[upkeep]
|-damage|p2a: Rotom-Wash|234\/304|[from] sandstorm
|-heal|p2a: Rotom-Wash|253\/304|[from] item: Leftovers
|turn|4
|
|switch|p1a: Latias|Latias, F|302\/302
|-damage|p1a: Latias|265\/302|[from] Stealth Rock
|move|p2a: Rotom-Wash|Will-O-Wisp|p1a: Latias
|-status|p1a: Latias|brn
|
|-weather|Sandstorm|[upkeep]
|-damage|p1a: Latias|247\/302 brn|[from] sandstorm
|-damage|p2a: Rotom-Wash|234\/304|[from] sandstorm
|-heal|p1a: Latias|265\/302 brn|[from] item: Leftovers
|-heal|p2a: Rotom-Wash|253\/304|[from] item: Leftovers
|-damage|p1a: Latias|228\/302 brn|[from] brn
|turn|5
|
|switch|p2a: Tyranitar|Tyranitar, M|1\/341
|move|p1a: Latias|Defog|p2a: Tyranitar
|-unboost|p2a: Tyranitar|evasion|1
|-sideend|p1: Rafe94|Stealth Rock|[from] move: Defog|[of] p1a: Latias
|
|-weather|none
|-heal|p1a: Latias|246\/302 brn|[from] item: Leftovers
|-damage|p1a: Latias|209\/302 brn|[from] brn
|turn|6
|
|move|p1a: Latias|Draco Meteor|p2a: Tyranitar
|-damage|p2a: Tyranitar|0 fnt
|-unboost|p1a: Latias|spa|2
|faint|p2a: Tyranitar
|
|-heal|p1a: Latias|227\/302 brn|[from] item: Leftovers
|-damage|p1a: Latias|190\/302 brn|[from] brn
|
|switch|p2a: Beedrill|Beedrill, F|271\/271
|turn|7
|
|detailschange|p2a: Beedrill|Beedrill-Mega, F
|message|Beedrill has Mega Evolved into Mega Beedrill!
|move|p1a: Latias|Psyshock|p2a: Beedrill
|-supereffective|p2a: Beedrill
|-damage|p2a: Beedrill|35\/271
|move|p2a: Beedrill|U-turn|p1a: Latias
|-supereffective|p1a: Latias
|-damage|p1a: Latias|0 fnt
|faint|p1a: Latias
|
|switch|p2a: Landorus-Therian|Landorus-Therian, M|337\/337
|
|
|switch|p1a: Greninja|Greninja, M|285\/285
|turn|8
|
|move|p2a: Landorus-Therian|U-turn|p1a: Greninja
|-supereffective|p1a: Greninja
|-damage|p1a: Greninja|21\/285
|
|switch|p2a: Magnezone|Magnezone|301\/301
|move|p1a: Greninja|Hydro Pump|p2a: Magnezone
|-start|p1a: Greninja|typechange|Water|[from] Protean
|-crit|p2a: Magnezone
|-damage|p2a: Magnezone|51\/301
|-damage|p1a: Greninja|0 fnt|[from] item: Life Orb
|faint|p1a: Greninja
|
|
|switch|p1a: Landorus-Therian|Landorus-Therian, M|320\/320
|-ability|p1a: Landorus-Therian|Intimidate|[of] p2a: Magnezone
|-unboost|p2a: Magnezone|atk|1
|turn|9
|
|move|p1a: Landorus-Therian|Knock Off|p2a: Magnezone
|-damage|p2a: Magnezone|0 fnt
|-enditem|p2a: Magnezone|Assault Vest|[from] move: Knock Off|[of] p1a: Landorus-Therian
|faint|p2a: Magnezone
|
|
|switch|p2a: Rotom-Wash|Rotom-Wash|253\/304
|turn|10
|
|switch|p1a: Victini|Victini|404\/404
|move|p2a: Rotom-Wash|Hydro Pump|p1a: Victini
|-supereffective|p1a: Victini
|-damage|p1a: Victini|216\/404
|
|-heal|p2a: Rotom-Wash|272\/304|[from] item: Leftovers
|turn|11
|c|âGamerGal|av victini
|c|âGamerGal|not bad
|c|âRafe94|ye felt like trying it out
|c|âGamerGal|nice
|
|move|p1a: Victini|Psyshock|p2a: Rotom-Wash
|-damage|p2a: Rotom-Wash|187\/304
|move|p2a: Rotom-Wash|Volt Switch|p1a: Victini
|-damage|p1a: Victini|158\/404
|
|switch|p2a: Beedrill|Beedrill-Mega, F|35\/271
|
|turn|12
|
|move|p2a: Beedrill|U-turn|p1a: Victini
|-damage|p1a: Victini|0 fnt
|faint|p1a: Victini
|
|switch|p2a: Landorus-Therian|Landorus-Therian, M|337\/337
|
|
|switch|p1a: Metagross|Metagross-Mega|302\/302
|turn|13
|
|move|p2a: Landorus-Therian|U-turn|p1a: Metagross
|-damage|p1a: Metagross|239\/302
|
|switch|p2a: Beedrill|Beedrill-Mega, F|35\/271
|move|p1a: Metagross|Meteor Mash|p2a: Beedrill
|-damage|p2a: Beedrill|0 fnt
|faint|p2a: Beedrill
|
|
|switch|p2a: Rotom-Wash|Rotom-Wash|187\/304
|turn|14
|
|move|p1a: Metagross|Zen Headbutt|p2a: Rotom-Wash
|-damage|p2a: Rotom-Wash|36\/304
|move|p2a: Rotom-Wash|Will-O-Wisp|p1a: Metagross
|-status|p1a: Metagross|brn
|
|-heal|p2a: Rotom-Wash|55\/304|[from] item: Leftovers
|-damage|p1a: Metagross|202\/302 brn|[from] brn
|turn|15
|
|move|p1a: Metagross|Zen Headbutt|p2a: Rotom-Wash
|-damage|p2a: Rotom-Wash|0 fnt
|faint|p2a: Rotom-Wash
|
|-damage|p1a: Metagross|165\/302 brn|[from] brn
|
|switch|p2a: Landorus-Therian|Landorus-Therian, M|337\/337
|-ability|p2a: Landorus-Therian|Intimidate|[of] p1a: Metagross
|-unboost|p1a: Metagross|atk|1
|turn|16
|
|move|p2a: Landorus-Therian|Knock Off|p1a: Metagross
|-supereffective|p1a: Metagross
|-damage|p1a: Metagross|51\/302 brn
|move|p1a: Metagross|Ice Punch|p2a: Landorus-Therian
|-supereffective|p2a: Landorus-Therian
|-damage|p2a: Landorus-Therian|141\/337
|
|-damage|p1a: Metagross|14\/302 brn|[from] brn
|turn|17
|
|move|p2a: Landorus-Therian|Knock Off|p1a: Metagross
|-supereffective|p1a: Metagross
|-damage|p1a: Metagross|0 fnt
|faint|p1a: Metagross
|
|
|switch|p1a: Landorus-Therian|Landorus-Therian, M|320\/320
|-ability|p1a: Landorus-Therian|Intimidate|[of] p2a: Landorus-Therian
|-unboost|p2a: Landorus-Therian|atk|1
|turn|18
|
|move|p1a: Landorus-Therian|Knock Off|p2a: Landorus-Therian
|-damage|p2a: Landorus-Therian|0 fnt
|-enditem|p2a: Landorus-Therian|Choice Scarf|[from] move: Knock Off|[of] p1a: Landorus-Therian
|faint|p2a: Landorus-Therian
|
|
|switch|p2a: Latios|Latios, M|301\/301
|turn|19
|
|move|p1a: Landorus-Therian|Knock Off|p2a: Latios
|-supereffective|p2a: Latios
|-damage|p2a: Latios|0 fnt
|-enditem|p2a: Latios|Life Orb|[from] move: Knock Off|[of] p1a: Landorus-Therian
|faint|p2a: Latios
|
|win|Rafe94
|raw|Ladder updating...
|c|âGamerGal|gg
|raw|Rafe94's rating: 1349 &rarr; <strong>1364<\/strong><br \/>(+15 for winning)
|raw|GamerGal's rating: 1251 &rarr; <strong>1233<\/strong><br \/>(-18 for losing)
|c|âRafe94|oh damn
|c|âRafe94|gg
|leave|GamerGal
|player|p2