|join|GamerGal
|join|BigSpore
|player|p1|GamerGal|73
|player|p2|BigSpore|93
|gametype|singles
|gen|6
|tier|OU
|rated
|clearpoke
|poke|p1|Lopunny, M
|poke|p1|Gengar, M
|poke|p1|Starmie
|poke|p1|Hippowdon, M
|poke|p1|Ferrothorn, M
|poke|p1|Clefable, F
|poke|p2|Talonflame, M
|poke|p2|Scizor, M, shiny
|poke|p2|Raikou
|poke|p2|Bisharp, F, shiny
|poke|p2|Landorus, M
|poke|p2|Keldeo-Resolute
|rule|Swagger Clause: Swagger is banned
|rule|Baton Pass Clause: Limit one PokÃ©mon knowing Baton Pass
|rule|Sleep Clause Mod: Limit one foe put to sleep
|rule|Species Clause: Limit one of each PokÃ©mon
|rule|OHKO Clause: OHKO moves are banned
|rule|Moody Clause: Moody is banned
|rule|Evasion Moves Clause: Evasion moves are banned
|rule|Endless Battle Clause: Forcing endless battles is banned
|rule|HP Percentage Mod: HP is shown in percentages
|teampreview
|
|start
|switch|p1a: Lopunny|Lopunny, M|271\/271
|switch|p2a: MEGA LIME|Scizor, M, shiny|343\/343
|turn|1
|
|detailschange|p1a: Lopunny|Lopunny-Mega, M
|-mega|p1a: Lopunny|Lopunny|Lopunnite
|detailschange|p2a: MEGA LIME|Scizor-Mega, M, shiny
|-mega|p2a: MEGA LIME|Scizor|Scizorite
|move|p1a: Lopunny|Fake Out|p2a: MEGA LIME
|-resisted|p2a: MEGA LIME
|-damage|p2a: MEGA LIME|321\/343
|cant|p2a: MEGA LIME|flinch
|
|turn|2
|
|switch|p1a: Hippowdon|Hippowdon, M|420\/420
|-weather|Sandstorm
|move|p2a: MEGA LIME|U-turn|p1a: Hippowdon
|-damage|p1a: Hippowdon|335\/420
|
|switch|p2a: Not a Brony|Keldeo-Resolute|324\/324
|
|-weather|Sandstorm|[upkeep]
|-damage|p2a: Not a Brony|304\/324|[from] sandstorm
|-heal|p1a: Hippowdon|361\/420|[from] item: Leftovers
|turn|3
|
|switch|p2a: Cannonbird|Talonflame, M|297\/297
|switch|p1a: Starmie|Starmie|323\/323
|
|-weather|Sandstorm|[upkeep]
|-damage|p1a: Starmie|303\/323|[from] sandstorm
|-damage|p2a: Cannonbird|279\/297|[from] sandstorm
|-heal|p1a: Starmie|323\/323|[from] item: Leftovers
|turn|4
|
|switch|p1a: Hippowdon|Hippowdon, M|361\/420
|move|p2a: Cannonbird|Brave Bird|p1a: Hippowdon
|-damage|p1a: Hippowdon|208\/420
|-damage|p2a: Cannonbird|229\/297|[from] recoil|[of] p1a: Hippowdon
|
|-weather|Sandstorm|[upkeep]
|-damage|p2a: Cannonbird|211\/297|[from] sandstorm
|-heal|p1a: Hippowdon|234\/420|[from] item: Leftovers
|turn|5
|
|move|p2a: Cannonbird|Swords Dance|p2a: Cannonbird
|-boost|p2a: Cannonbird|atk|2
|move|p1a: Hippowdon|Slack Off|p1a: Hippowdon
|-heal|p1a: Hippowdon|420\/420
|
|-weather|Sandstorm|[upkeep]
|-damage|p2a: Cannonbird|193\/297|[from] sandstorm
|turn|6
|
|move|p2a: Cannonbird|Brave Bird|p1a: Hippowdon
|-damage|p1a: Hippowdon|140\/420
|-damage|p2a: Cannonbird|101\/297|[from] recoil|[of] p1a: Hippowdon
|move|p1a: Hippowdon|Stone Edge|p2a: Cannonbird
|-supereffective|p2a: Cannonbird
|-damage|p2a: Cannonbird|0 fnt
|faint|p2a: Cannonbird
|
|-weather|none
|-heal|p1a: Hippowdon|166\/420|[from] item: Leftovers
|
|switch|p2a: Yogurt|Landorus, M|319\/319
|turn|7
|
|switch|p1a: Clefable|Clefable, F|393\/393
|move|p2a: Yogurt|Earth Power|p1a: Clefable
|-damage|p1a: Clefable|115\/393
|
|-heal|p1a: Clefable|139\/393|[from] item: Leftovers
|turn|8
|
|move|p1a: Clefable|Protect|p1a: Clefable
|-singleturn|p1a: Clefable|Protect
|move|p2a: Yogurt|Sludge Wave|p1a: Clefable
|-activate|p1a: Clefable|Protect
|
|-heal|p1a: Clefable|163\/393|[from] item: Leftovers
|turn|9
|
|switch|p2a: Asscloud|Raikou|321\/321
|-ability|p2a: Asscloud|Pressure
|move|p1a: Clefable|Wish|p1a: Clefable
|
|-heal|p1a: Clefable|187\/393|[from] item: Leftovers
|turn|10
|
|switch|p2a: Yogurt|Landorus, M|319\/319
|switch|p1a: Hippowdon|Hippowdon, M|166\/420
|-weather|Sandstorm
|
|-weather|Sandstorm|[upkeep]
|-heal|p1a: Hippowdon|362\/420|[from] move: Wish|[wisher] Clefable
|-heal|p1a: Hippowdon|388\/420|[from] item: Leftovers
|turn|11
|
|switch|p1a: Clefable|Clefable, F|187\/393
|move|p2a: Yogurt|Stealth Rock|p1a: Clefable
|-sidestart|p1: GamerGal|move: Stealth Rock
|
|-weather|Sandstorm|[upkeep]
|-damage|p1a: Clefable|163\/393|[from] sandstorm
|-heal|p1a: Clefable|187\/393|[from] item: Leftovers
|turn|12
|
|move|p2a: Yogurt|Earth Power|p1a: Clefable
|-crit|p1a: Clefable
|-damage|p1a: Clefable|0 fnt
|faint|p1a: Clefable
|
|-weather|Sandstorm|[upkeep]
|
|switch|p1a: Starmie|Starmie|323\/323
|-damage|p1a: Starmie|283\/323|[from] Stealth Rock
|turn|13
|
|switch|p2a: Asscloud|Raikou|321\/321
|-ability|p2a: Asscloud|Pressure
|move|p1a: Starmie|Scald|p2a: Asscloud
|-damage|p2a: Asscloud|254\/321
|
|-weather|Sandstorm|[upkeep]
|-damage|p2a: Asscloud|234\/321|[from] sandstorm
|-damage|p1a: Starmie|263\/323|[from] sandstorm
|-heal|p1a: Starmie|283\/323|[from] item: Leftovers
|turn|14
|
|switch|p2a: Yogurt|Landorus, M|319\/319
|switch|p1a: Hippowdon|Hippowdon, M|388\/420
|-damage|p1a: Hippowdon|362\/420|[from] Stealth Rock
|
|-weather|none
|-heal|p1a: Hippowdon|388\/420|[from] item: Leftovers
|turn|15
|
|move|p2a: Yogurt|Earth Power|p1a: Hippowdon
|-damage|p1a: Hippowdon|142\/420
|move|p1a: Hippowdon|Slack Off|p1a: Hippowdon
|-heal|p1a: Hippowdon|352\/420
|
|-heal|p1a: Hippowdon|378\/420|[from] item: Leftovers
|turn|16
|
|switch|p2a: Rob|Bisharp, F, shiny|271\/271
|move|p1a: Hippowdon|Slack Off|p1a: Hippowdon
|-heal|p1a: Hippowdon|420\/420
|
|turn|17
|
|switch|p2a: Yogurt|Landorus, M|319\/319
|move|p1a: Hippowdon|Stealth Rock|p2a: Yogurt
|-sidestart|p2: BigSpore|move: Stealth Rock
|
|turn|18
|
|move|p2a: Yogurt|Earth Power|p1a: Hippowdon
|-damage|p1a: Hippowdon|161\/420
|move|p1a: Hippowdon|Slack Off|p1a: Hippowdon
|-heal|p1a: Hippowdon|371\/420
|
|-heal|p1a: Hippowdon|397\/420|[from] item: Leftovers
|turn|19
|
|switch|p1a: Gengar|Gengar, M|259\/259
|-damage|p1a: Gengar|227\/259|[from] Stealth Rock
|move|p2a: Yogurt|Earth Power|p1a: Gengar
|-immune|p1a: Gengar|[msg]
|
|turn|20
|
|switch|p2a: Rob|Bisharp, F, shiny|271\/271
|-damage|p2a: Rob|255\/271|[from] Stealth Rock
|move|p1a: Gengar|Shadow Ball|p2a: Rob
|-resisted|p2a: Rob
|-damage|p2a: Rob|133\/271
|-damage|p1a: Gengar|202\/259|[from] item: Life Orb
|
|turn|21
|
|move|p2a: Rob|Pursuit|p1a: Gengar|[from]Pursuit
|-supereffective|p1a: Gengar
|-damage|p1a: Gengar|0 fnt
|faint|p1a: Gengar
|
|
|switch|p1a: Lopunny|Lopunny-Mega, M|271\/271
|-damage|p1a: Lopunny|255\/271|[from] Stealth Rock
|turn|22
|
|switch|p2a: MEGA LIME|Scizor-Mega, M, shiny|321\/343
|-damage|p2a: MEGA LIME|279\/343|[from] Stealth Rock
|move|p1a: Lopunny|High Jump Kick|p2a: MEGA LIME
|-damage|p2a: MEGA LIME|134\/343
|
|turn|23
|
|switch|p1a: Ferrothorn|Ferrothorn, M|352\/352
|-damage|p1a: Ferrothorn|330\/352|[from] Stealth Rock
|move|p2a: MEGA LIME|Bullet Punch|p1a: Ferrothorn
|-resisted|p1a: Ferrothorn
|-damage|p1a: Ferrothorn|295\/352
|-damage|p2a: MEGA LIME|92\/343|[from] ability: Iron Barbs|[of] p1a: Ferrothorn
|
|-heal|p1a: Ferrothorn|317\/352|[from] item: Leftovers
|turn|24
|
|move|p2a: MEGA LIME|Roost|p2a: MEGA LIME
|-heal|p2a: MEGA LIME|264\/343
|move|p1a: Ferrothorn|Spikes|p2a: MEGA LIME
|-sidestart|p2: BigSpore|Spikes
|
|-heal|p1a: Ferrothorn|339\/352|[from] item: Leftovers
|turn|25
|
|move|p2a: MEGA LIME|Defog|p1a: Ferrothorn
|-unboost|p1a: Ferrothorn|evasion|1
|-sideend|p1: GamerGal|Stealth Rock|[from] move: Defog|[of] p1a: Ferrothorn
|-sideend|p2: BigSpore|Spikes|[from] move: Defog|[of] p2a: MEGA LIME
|-sideend|p2: BigSpore|Stealth Rock|[from] move: Defog|[of] p2a: MEGA LIME
|move|p1a: Ferrothorn|Spikes|p2a: MEGA LIME
|-sidestart|p2: BigSpore|Spikes
|
|-heal|p1a: Ferrothorn|352\/352|[from] item: Leftovers
|turn|26
|
|switch|p2a: Yogurt|Landorus, M|319\/319
|move|p1a: Ferrothorn|Leech Seed|p2a: Yogurt
|-start|p2a: Yogurt|move: Leech Seed
|
|-damage|p2a: Yogurt|280\/319|[from] Leech Seed|[of] p1a: Ferrothorn
|turn|27
|
|move|p2a: Yogurt|Earth Power|p1a: Ferrothorn
|-damage|p1a: Ferrothorn|164\/352
|move|p1a: Ferrothorn|Gyro Ball|p2a: Yogurt
|-damage|p2a: Yogurt|90\/319
|
|-heal|p1a: Ferrothorn|186\/352|[from] item: Leftovers
|-damage|p2a: Yogurt|51\/319|[from] Leech Seed|[of] p1a: Ferrothorn
|-heal|p1a: Ferrothorn|225\/352|[silent]
|turn|28
|
|switch|p2a: Rob|Bisharp, F, shiny|133\/271
|-damage|p2a: Rob|100\/271|[from] Spikes
|move|p1a: Ferrothorn|Gyro Ball|p2a: Rob
|-resisted|p2a: Rob
|-damage|p2a: Rob|25\/271
|
|-heal|p1a: Ferrothorn|247\/352|[from] item: Leftovers
|turn|29
|
|move|p2a: Rob|Knock Off|p1a: Ferrothorn
|-damage|p1a: Ferrothorn|114\/352
|-damage|p2a: Rob|0 fnt|[from] ability: Iron Barbs|[of] p1a: Ferrothorn
|faint|p2a: Rob
|move|p1a: Ferrothorn|Gyro Ball|p2: Rob|[notarget]
|-notarget
|
|-heal|p1a: Ferrothorn|136\/352|[from] item: Leftovers
|
|switch|p2a: Yogurt|Landorus, M|51\/319
|turn|30
|
|move|p2a: Yogurt|Earth Power|p1a: Ferrothorn
|-damage|p1a: Ferrothorn|0 fnt
|faint|p1a: Ferrothorn
|
|
|switch|p1a: Starmie|Starmie|283\/323
|turn|31
|
|move|p1a: Starmie|Scald|p2a: Yogurt
|-supereffective|p2a: Yogurt
|-damage|p2a: Yogurt|0 fnt
|faint|p2a: Yogurt
|
|-heal|p1a: Starmie|303\/323|[from] item: Leftovers
|
|switch|p2a: Asscloud|Raikou|234\/321
|-damage|p2a: Asscloud|194\/321|[from] Spikes
|-ability|p2a: Asscloud|Pressure
|turn|32
|
|switch|p1a: Hippowdon|Hippowdon, M|397\/420
|-weather|Sandstorm
|move|p2a: Asscloud|Volt Switch|p1a: Hippowdon
|-immune|p1a: Hippowdon|[msg]
|
|-weather|Sandstorm|[upkeep]
|-damage|p2a: Asscloud|174\/321|[from] sandstorm
|-heal|p1a: Hippowdon|420\/420|[from] item: Leftovers
|turn|33
|
|switch|p2a: MEGA LIME|Scizor-Mega, M, shiny|264\/343
|-damage|p2a: MEGA LIME|222\/343|[from] Spikes
|move|p1a: Hippowdon|Earthquake|p2a: MEGA LIME
|-damage|p2a: MEGA LIME|152\/343
|
|-weather|Sandstorm|[upkeep]
|turn|34
|
|switch|p1a: Starmie|Starmie|303\/323
|move|p2a: MEGA LIME|Defog|p1a: Starmie
|-unboost|p1a: Starmie|evasion|1
|-sideend|p2: BigSpore|Spikes|[from] move: Defog|[of] p2a: MEGA LIME
|
|-weather|Sandstorm|[upkeep]
|-damage|p1a: Starmie|283\/323|[from] sandstorm
|-heal|p1a: Starmie|303\/323|[from] item: Leftovers
|turn|35
|
|switch|p2a: Asscloud|Raikou|174\/321
|-ability|p2a: Asscloud|Pressure
|move|p1a: Starmie|Scald|p2a: Asscloud
|-damage|p2a: Asscloud|113\/321
|
|-weather|Sandstorm|[upkeep]
|-damage|p2a: Asscloud|93\/321|[from] sandstorm
|-damage|p1a: Starmie|283\/323|[from] sandstorm
|-heal|p1a: Starmie|303\/323|[from] item: Leftovers
|turn|36
|
|switch|p1a: Hippowdon|Hippowdon, M|420\/420
|move|p2a: Asscloud|Thunderbolt|p1a: Hippowdon
|-immune|p1a: Hippowdon|[msg]
|
|-weather|none
|turn|37
|
|switch|p2a: MEGA LIME|Scizor-Mega, M, shiny|152\/343
|move|p1a: Hippowdon|Earthquake|p2a: MEGA LIME
|-damage|p2a: MEGA LIME|80\/343
|
|turn|38
|
|move|p2a: MEGA LIME|Roost|p2a: MEGA LIME
|-heal|p2a: MEGA LIME|252\/343
|move|p1a: Hippowdon|Earthquake|p2a: MEGA LIME
|-damage|p2a: MEGA LIME|182\/343
|
|turn|39
|
|move|p2a: MEGA LIME|U-turn|p1a: Hippowdon
|-damage|p1a: Hippowdon|338\/420
|
|switch|p2a: Not a Brony|Keldeo-Resolute|304\/324
|move|p1a: Hippowdon|Earthquake|p2a: Not a Brony
|-damage|p2a: Not a Brony|160\/324
|
|-heal|p1a: Hippowdon|364\/420|[from] item: Leftovers
|turn|40
|
|switch|p2a: Asscloud|Raikou|93\/321
|-ability|p2a: Asscloud|Pressure
|switch|p1a: Starmie|Starmie|303\/323
|
|-heal|p1a: Starmie|323\/323|[from] item: Leftovers
|turn|41
|
|switch|p2a: MEGA LIME|Scizor-Mega, M, shiny|182\/343
|switch|p1a: Hippowdon|Hippowdon, M|364\/420
|-weather|Sandstorm
|
|-weather|Sandstorm|[upkeep]
|-heal|p1a: Hippowdon|390\/420|[from] item: Leftovers
|turn|42
|
|move|p2a: MEGA LIME|Roost|p2a: MEGA LIME
|-heal|p2a: MEGA LIME|343\/343
|move|p1a: Hippowdon|Stealth Rock|p2a: MEGA LIME
|-sidestart|p2: BigSpore|move: Stealth Rock
|
|-weather|Sandstorm|[upkeep]
|-heal|p1a: Hippowdon|416\/420|[from] item: Leftovers
|turn|43
|
|move|p2a: MEGA LIME|Defog|p1a: Hippowdon
|-unboost|p1a: Hippowdon|evasion|1
|-sideend|p2: BigSpore|Stealth Rock|[from] move: Defog|[of] p2a: MEGA LIME
|move|p1a: Hippowdon|Earthquake|p2a: MEGA LIME
|-damage|p2a: MEGA LIME|268\/343
|
|-weather|Sandstorm|[upkeep]
|-heal|p1a: Hippowdon|420\/420|[from] item: Leftovers
|turn|44
|
|move|p2a: MEGA LIME|Bullet Punch|p1a: Hippowdon
|-damage|p1a: Hippowdon|345\/420
|move|p1a: Hippowdon|Stealth Rock|p2a: MEGA LIME
|-sidestart|p2: BigSpore|move: Stealth Rock
|
|-weather|Sandstorm|[upkeep]
|-heal|p1a: Hippowdon|371\/420|[from] item: Leftovers
|turn|45
|
|move|p2a: MEGA LIME|Defog|p1a: Hippowdon
|-unboost|p1a: Hippowdon|evasion|1
|-sideend|p2: BigSpore|Stealth Rock|[from] move: Defog|[of] p2a: MEGA LIME
|move|p1a: Hippowdon|Earthquake|p2a: MEGA LIME
|-damage|p2a: MEGA LIME|198\/343
|
|-weather|none
|-heal|p1a: Hippowdon|397\/420|[from] item: Leftovers
|turn|46
|
|move|p2a: MEGA LIME|Roost|p2a: MEGA LIME
|-heal|p2a: MEGA LIME|343\/343
|move|p1a: Hippowdon|Stealth Rock|p2a: MEGA LIME
|-sidestart|p2: BigSpore|move: Stealth Rock
|
|-heal|p1a: Hippowdon|420\/420|[from] item: Leftovers
|turn|47
|
|move|p2a: MEGA LIME|Defog|p1a: Hippowdon
|-unboost|p1a: Hippowdon|evasion|1
|-sideend|p2: BigSpore|Stealth Rock|[from] move: Defog|[of] p2a: MEGA LIME
|move|p1a: Hippowdon|Earthquake|p2a: MEGA LIME
|-crit|p2a: MEGA LIME
|-damage|p2a: MEGA LIME|238\/343
|
|turn|48
|
|switch|p1a: Starmie|Starmie|323\/323
|move|p2a: MEGA LIME|Roost|p2a: MEGA LIME
|-heal|p2a: MEGA LIME|343\/343
|
|turn|49
|
|move|p1a: Starmie|Scald|p2a: MEGA LIME
|-damage|p2a: MEGA LIME|256\/343
|move|p2a: MEGA LIME|U-turn|p1a: Starmie
|-supereffective|p1a: Starmie
|-damage|p1a: Starmie|51\/323
|
|switch|p2a: Not a Brony|Keldeo-Resolute|160\/324
|
|-heal|p1a: Starmie|71\/323|[from] item: Leftovers
|turn|50
|
|move|p2a: Not a Brony|Scald|p1a: Starmie
|-resisted|p1a: Starmie
|-damage|p1a: Starmie|0 fnt
|faint|p1a: Starmie
|
|
|switch|p1a: Lopunny|Lopunny-Mega, M|255\/271
|turn|51
|
|switch|p2a: Asscloud|Raikou|93\/321
|-ability|p2a: Asscloud|Pressure
|move|p1a: Lopunny|Fake Out|p2a: Asscloud
|-damage|p2a: Asscloud|0 fnt
|faint|p2a: Asscloud
|
|
|switch|p2a: MEGA LIME|Scizor-Mega, M, shiny|256\/343
|turn|52
|
|move|p2a: MEGA LIME|Bullet Punch|p1a: Lopunny
|-damage|p1a: Lopunny|140\/271
|move|p1a: Lopunny|High Jump Kick|p2a: MEGA LIME
|-damage|p2a: MEGA LIME|129\/343
|
|turn|53
|
|move|p2a: MEGA LIME|Bullet Punch|p1a: Lopunny
|-damage|p1a: Lopunny|25\/271
|move|p1a: Lopunny|High Jump Kick|p2a: MEGA LIME
|-crit|p2a: MEGA LIME
|-damage|p2a: MEGA LIME|0 fnt
|faint|p2a: MEGA LIME
|
|
|switch|p2a: Not a Brony|Keldeo-Resolute|160\/324
|turn|54
|
|switch|p1a: Hippowdon|Hippowdon, M|420\/420
|-weather|Sandstorm
|move|p2a: Not a Brony|Scald|p1a: Hippowdon
|-supereffective|p1a: Hippowdon
|-damage|p1a: Hippowdon|90\/420
|
|-weather|Sandstorm|[upkeep]
|-damage|p2a: Not a Brony|140\/324|[from] sandstorm
|-heal|p1a: Hippowdon|116\/420|[from] item: Leftovers
|turn|55
|c|âBigSpore|I think u can win
|
|move|p2a: Not a Brony|Scald|p1a: Hippowdon
|-supereffective|p1a: Hippowdon
|-damage|p1a: Hippowdon|0 fnt
|faint|p1a: Hippowdon
|
|-weather|Sandstorm|[upkeep]
|-damage|p2a: Not a Brony|120\/324|[from] sandstorm
|c|âGamerGal|no i can't
|c|âBigSpore|I hope I'm wrong
|c|âBigSpore|You can get lÃ±ucky
|
|switch|p1a: Lopunny|Lopunny-Mega, M|25\/271
|turn|56
|c|âBigSpore|with a crit
|
|move|p1a: Lopunny|Fake Out|p2a: Not a Brony
|-damage|p2a: Not a Brony|33\/324
|cant|p2a: Not a Brony|flinch
|
|-weather|Sandstorm|[upkeep]
|-damage|p2a: Not a Brony|13\/324|[from] sandstorm
|-damage|p1a: Lopunny|9\/271|[from] sandstorm
|turn|57
|c|âBigSpore|phew
|
|move|p1a: Lopunny|Fake Out|p2a: Not a Brony
|-hint|Fake Out only works on your first turn out.
|-fail|p2a: Not a Brony
|move|p2a: Not a Brony|Scald|p1a: Lopunny
|-damage|p1a: Lopunny|0 fnt
|faint|p1a: Lopunny
|
|win|BigSpore
|raw|Ladder updating...
|raw|GamerGal's rating: 1561 &rarr; <strong>1541<\/strong><br \/>(-20 for losing)
|raw|BigSpore's rating: 1545 &rarr; <strong>1566<\/strong><br \/>(+21 for winning)