|join|Syaoran9
|join|meowchievement ã
|player|p1|Syaoran9|99
|player|p2|meowchievement ã|160
|gametype|singles
|gen|6
|tier|UU
|rated
|rule|Sleep Clause Mod: Limit one foe put to sleep
|rule|Species Clause: Limit one of each PokÃ©mon
|rule|OHKO Clause: OHKO moves are banned
|rule|Moody Clause: Moody is banned
|rule|Evasion Moves Clause: Evasion moves are banned
|rule|Endless Battle Clause: Forcing endless battles is banned
|rule|HP Percentage Mod: HP is shown in percentages
|clearpoke
|poke|p1|Toxicroak, M, shiny
|poke|p1|Honchkrow, M
|poke|p1|Roserade, F
|poke|p1|Sableye, F
|poke|p1|Porygon2
|poke|p1|Flygon, M, shiny
|poke|p2|Shedinja
|poke|p2|Xatu, F
|poke|p2|Tentacruel, F
|poke|p2|Krookodile, F
|poke|p2|Aromatisse, M
|poke|p2|Rotom-Heat
|rule|Swagger Clause: Swagger is banned
|rule|Baton Pass Clause: Limit one PokÃ©mon knowing Baton Pass
|teampreview
|
|start
|switch|p1a: Stitch|Sableye, F|304\/304
|switch|p2a: Rotom-Heat|Rotom-Heat|241\/241
|turn|1
|
|move|p1a: Stitch|Taunt|p2a: Rotom-Heat
|-start|p2a: Rotom-Heat|move: Taunt
|move|p2a: Rotom-Heat|Overheat|p1a: Stitch|[miss]
|-miss|p2a: Rotom-Heat|p1a: Stitch
|
|turn|2
|
|switch|p1a: Rory|Flygon, M, shiny|301\/301
|move|p2a: Rotom-Heat|Overheat|p1a: Rory
|-resisted|p1a: Rory
|-damage|p1a: Rory|131\/301
|-unboost|p2a: Rotom-Heat|spa|2
|
|turn|3
|
|switch|p2a: Aromatisse|Aromatisse, M|406\/406
|move|p1a: Rory|U-turn|p2a: Aromatisse
|-resisted|p2a: Aromatisse
|-damage|p2a: Aromatisse|370\/406
|join|warzoid
|
|switch|p1a: Rosalina|Roserade, F|262\/262
|
|-heal|p2a: Aromatisse|395\/406|[from] item: Leftovers
|turn|4
|
|switch|p2a: Xatu|Xatu, F|271\/271
|move|p1a: Rosalina|Spikes|p2a: Xatu
|move|p2a: Xatu|Spikes|p1a: Rosalina|[from]Magic Bounce
|-sidestart|p1: Syaoran9|Spikes
|
|turn|5
|
|switch|p1a: Rubber|Porygon2|374\/374
|-damage|p1a: Rubber|328\/374|[from] Spikes
|-ability|p1a: Rubber|Magic Bounce|[from] ability: Trace|[of] p2a: Xatu
|move|p2a: Xatu|Psyshock|p1a: Rubber
|-damage|p1a: Rubber|257\/374
|-damage|p2a: Xatu|244\/271|[from] item: Life Orb
|
|turn|6
|
|switch|p2a: Tentacruel|Tentacruel, F|364\/364
|move|p1a: Rubber|Ice Beam|p2a: Tentacruel
|-resisted|p2a: Tentacruel
|-damage|p2a: Tentacruel|337\/364
|
|-heal|p2a: Tentacruel|359\/364|[from] item: Black Sludge
|turn|7
|
|move|p2a: Tentacruel|Toxic Spikes|p1a: Rubber
|move|p1a: Rubber|Toxic Spikes|p2a: Tentacruel|[from]Magic Bounce
|-sidestart|p2: meowchievement ã|move: Toxic Spikes
|move|p1a: Rubber|Thunder Wave|p2a: Tentacruel
|-status|p2a: Tentacruel|par
|
|-heal|p2a: Tentacruel|364\/364 par|[from] item: Black Sludge
|turn|8
|c|âmeowchievement ã|oh fk
|
|move|p1a: Rubber|Tri Attack|p2a: Tentacruel
|-damage|p2a: Tentacruel|303\/364 par
|move|p2a: Tentacruel|Rapid Spin|p1a: Rubber
|-damage|p1a: Rubber|252\/374
|-sideend|p2: meowchievement ã|Toxic Spikes|[from] move: Rapid Spin|[of] p2a: Tentacruel
|
|-heal|p2a: Tentacruel|325\/364 par|[from] item: Black Sludge
|turn|9
|
|switch|p1a: Intoxicated|Toxicroak, M, shiny|330\/330
|-damage|p1a: Intoxicated|289\/330|[from] Spikes
|cant|p2a: Tentacruel|par
|
|-heal|p2a: Tentacruel|347\/364 par|[from] item: Black Sludge
|turn|10
|
|switch|p2a: Krookodile|Krookodile, F|332\/332
|move|p1a: Intoxicated|Gunk Shot|p2a: Krookodile
|-resisted|p2a: Krookodile
|-damage|p2a: Krookodile|160\/332
|-damage|p1a: Intoxicated|256\/330|[from] item: Life Orb
|
|turn|11
|c|âSyaoran9|holy damage 
|c|âmeowchievement ã|ow
|
|switch|p1a: Stitch|Sableye, F|304\/304
|-damage|p1a: Stitch|266\/304|[from] Spikes
|move|p2a: Krookodile|Earthquake|p1a: Stitch
|-damage|p1a: Stitch|41\/304
|
|-heal|p1a: Stitch|60\/304|[from] item: Leftovers
|turn|12
|
|switch|p2a: Rotom-Heat|Rotom-Heat|241\/241
|move|p1a: Stitch|Will-O-Wisp|p2a: Rotom-Heat
|-fail|p2a: Rotom-Heat
|
|-heal|p1a: Stitch|79\/304|[from] item: Leftovers
|turn|13
|
|move|p1a: Stitch|Recover|p1a: Stitch
|-heal|p1a: Stitch|231\/304
|move|p2a: Rotom-Heat|Overheat|p1a: Stitch|[miss]
|-miss|p2a: Rotom-Heat|p1a: Stitch
|
|-heal|p1a: Stitch|250\/304|[from] item: Leftovers
|turn|14
|c|âmeowchievement ã|:[[
|c|âSyaoran9|:c
|
|move|p2a: Rotom-Heat|Overheat|p1a: Stitch
|-damage|p1a: Stitch|0 fnt
|-unboost|p2a: Rotom-Heat|spa|2
|faint|p1a: Stitch
|
|c|âmeowchievement ã|;]]
|
|switch|p1a: Rubber|Porygon2|252\/374
|-damage|p1a: Rubber|206\/374|[from] Spikes
|-ability|p1a: Rubber|Levitate|[from] ability: Trace|[of] p2a: Rotom-Heat
|turn|15
|c|âSyaoran9|:]
|
|switch|p2a: Tentacruel|Tentacruel, F|347\/364 par
|switch|p1a: Slickback|Honchkrow, M|404\/404
|
|-heal|p2a: Tentacruel|364\/364 par|[from] item: Black Sludge
|turn|16
|
|move|p1a: Slickback|Substitute|p1a: Slickback
|-start|p1a: Slickback|Substitute
|-damage|p1a: Slickback|303\/404
|move|p2a: Tentacruel|Scald|p1a: Slickback
|-end|p1a: Slickback|Substitute
|
|-heal|p1a: Slickback|328\/404|[from] item: Leftovers
|turn|17
|
|move|p1a: Slickback|Brave Bird|p2a: Tentacruel
|-damage|p2a: Tentacruel|55\/364 par
|-damage|p1a: Slickback|226\/404|[from] recoil|[of] p2a: Tentacruel
|cant|p2a: Tentacruel|par
|
|-heal|p1a: Slickback|251\/404|[from] item: Leftovers
|-heal|p2a: Tentacruel|77\/364 par|[from] item: Black Sludge
|turn|18
|
|move|p1a: Slickback|Substitute|p1a: Slickback
|-start|p1a: Slickback|Substitute
|-damage|p1a: Slickback|150\/404
|move|p2a: Tentacruel|Scald|p1a: Slickback
|-end|p1a: Slickback|Substitute
|
|-heal|p1a: Slickback|175\/404|[from] item: Leftovers
|-heal|p2a: Tentacruel|99\/364 par|[from] item: Black Sludge
|turn|19
|
|move|p1a: Slickback|Sucker Punch|p2a: Tentacruel
|-damage|p2a: Tentacruel|0 fnt
|faint|p2a: Tentacruel
|-boost|p1a: Slickback|atk|1|[from] ability: Moxie
|
|-heal|p1a: Slickback|200\/404|[from] item: Leftovers
|
|switch|p2a: Rotom-Heat|Rotom-Heat|241\/241
|turn|20
|c|âSyaoran9|STAHP D:
|
|move|p1a: Slickback|Sucker Punch|p2a: Rotom-Heat
|-damage|p2a: Rotom-Heat|31\/241
|move|p2a: Rotom-Heat|Overheat|p1a: Slickback
|-damage|p1a: Slickback|0 fnt
|-unboost|p2a: Rotom-Heat|spa|2
|faint|p1a: Slickback
|
|
|switch|p1a: Rosalina|Roserade, F|262\/262
|-damage|p1a: Rosalina|230\/262|[from] Spikes
|turn|21
|c|âmeowchievement ã|oof
|
|switch|p2a: Xatu|Xatu, F|244\/271
|move|p1a: Rosalina|Sludge Bomb|p2a: Xatu
|-damage|p2a: Xatu|0 fnt
|-damage|p1a: Rosalina|204\/262|[from] item: Life Orb
|faint|p2a: Xatu
|
|
|switch|p2a: Krookodile|Krookodile, F|160\/332
|turn|22
|
|switch|p1a: Rory|Flygon, M, shiny|131\/301
|move|p2a: Krookodile|Knock Off|p1a: Rory
|-damage|p1a: Rory|0 fnt
|-enditem|p1a: Rory|Choice Scarf|[from] move: Knock Off|[of] p2a: Krookodile
|faint|p1a: Rory
|-boost|p2a: Krookodile|atk|1|[from] ability: Moxie
|
|
|switch|p1a: Rubber|Porygon2|206\/374
|-damage|p1a: Rubber|160\/374|[from] Spikes
|-ability|p1a: Rubber|Moxie|[from] ability: Trace|[of] p2a: Krookodile
|turn|23
|
|move|p2a: Krookodile|Knock Off|p1a: Rubber
|-damage|p1a: Rubber|40\/374
|-enditem|p1a: Rubber|Eviolite|[from] move: Knock Off|[of] p2a: Krookodile
|move|p1a: Rubber|Ice Beam|p2a: Krookodile
|-supereffective|p2a: Krookodile
|-damage|p2a: Krookodile|0 fnt
|faint|p2a: Krookodile
|-boost|p1a: Rubber|atk|1|[from] ability: Moxie
|
|c|âmeowchievement ã|oh right
|c|âmeowchievement ã|youre 
|c|âSyaoran9|physically bulky :]
|c|âmeowchievement ã|physically defensive
|c|âSyaoran9|cuz cool :]
|c|âmeowchievement ã|nice moxie
|c|âmeowchievement ã|;]
|
|switch|p2a: Rotom-Heat|Rotom-Heat|31\/241
|turn|24
|c|âSyaoran9|physicaly PEe 2
|
|move|p2a: Rotom-Heat|Volt Switch|p1a: Rubber
|-damage|p1a: Rubber|0 fnt
|faint|p1a: Rubber
|
|switch|p2a: Â¯\_(ã)_\/Â¯|Shedinja|1\/1
|
|c|âSyaoran9|\_(''\/)_\/ thats my face right now tbh <
|c|âmeowchievement ã|Â¯\_(ã)_\/Â¯
|
|switch|p1a: Intoxicated|Toxicroak, M, shiny|256\/330
|-damage|p1a: Intoxicated|215\/330|[from] Spikes
|turn|25
|
|move|p2a: Â¯\_(ã)_\/Â¯|Protect|p2a: Â¯\_(ã)_\/Â¯
|-singleturn|p2a: Â¯\_(ã)_\/Â¯|Protect
|move|p1a: Intoxicated|Sucker Punch|p2a: Â¯\_(ã)_\/Â¯
|-fail|p2a: Â¯\_(ã)_\/Â¯
|
|turn|26
|
|move|p1a: Intoxicated|Sucker Punch|p2a: Â¯\_(ã)_\/Â¯
|-fail|p2a: Â¯\_(ã)_\/Â¯
|move|p2a: Â¯\_(ã)_\/Â¯|Swords Dance|p2a: Â¯\_(ã)_\/Â¯
|-boost|p2a: Â¯\_(ã)_\/Â¯|atk|2
|
|turn|27
|
|switch|p2a: Aromatisse|Aromatisse, M|395\/406
|move|p1a: Intoxicated|Sucker Punch|p2a: Aromatisse
|-fail|p2a: Aromatisse
|
|-heal|p2a: Aromatisse|406\/406|[from] item: Leftovers
|turn|28
|
|move|p1a: Intoxicated|Gunk Shot|p2a: Aromatisse
|-supereffective|p2a: Aromatisse
|-damage|p2a: Aromatisse|0 fnt
|-damage|p1a: Intoxicated|182\/330|[from] item: Life Orb
|faint|p2a: Aromatisse
|
|
|switch|p2a: Rotom-Heat|Rotom-Heat|31\/241
|turn|29
|
|move|p1a: Intoxicated|Sucker Punch|p2a: Rotom-Heat
|-damage|p2a: Rotom-Heat|0 fnt
|-damage|p1a: Intoxicated|149\/330|[from] item: Life Orb
|faint|p2a: Rotom-Heat
|
|
|switch|p2a: Â¯\_(ã)_\/Â¯|Shedinja|1\/1
|turn|30
|
|move|p1a: Intoxicated|Sucker Punch|p2a: Â¯\_(ã)_\/Â¯
|-fail|p2a: Â¯\_(ã)_\/Â¯
|move|p2a: Â¯\_(ã)_\/Â¯|Swords Dance|p2a: Â¯\_(ã)_\/Â¯
|-boost|p2a: Â¯\_(ã)_\/Â¯|atk|2
|
|turn|31
|
|switch|p1a: Rosalina|Roserade, F|204\/262
|-damage|p1a: Rosalina|172\/262|[from] Spikes
|move|p2a: Â¯\_(ã)_\/Â¯|Swords Dance|p2a: Â¯\_(ã)_\/Â¯
|-boost|p2a: Â¯\_(ã)_\/Â¯|atk|2
|
|turn|32
|
|move|p2a: Â¯\_(ã)_\/Â¯|Shadow Sneak|p1a: Rosalina
|-damage|p1a: Rosalina|0 fnt
|faint|p1a: Rosalina
|
|c|âmeowchievement ã|gg
|
|switch|p1a: Intoxicated|Toxicroak, M, shiny|149\/330
|-damage|p1a: Intoxicated|108\/330|[from] Spikes
|turn|33
|
|move|p1a: Intoxicated|Sucker Punch|p2a: Â¯\_(ã)_\/Â¯
|-supereffective|p2a: Â¯\_(ã)_\/Â¯
|-enditem|p2a: Â¯\_(ã)_\/Â¯|Focus Sash
|-damage|p2a: Â¯\_(ã)_\/Â¯|1\/1
|-damage|p1a: Intoxicated|75\/330|[from] item: Life Orb
|move|p2a: Â¯\_(ã)_\/Â¯|Shadow Sneak|p1a: Intoxicated
|-damage|p1a: Intoxicated|0 fnt
|faint|p1a: Intoxicated
|
|win|meowchievement ã
|raw|Ladder updating...
|raw|Syaoran9's rating: 1563 &rarr; <strong>1550<\/strong><br \/>(-13 for losing)
|raw|meowchievement ã's rating: 1694 &rarr; <strong>1707<\/strong><br \/>(+13 for winning)
|c|âSyaoran9|DONT DO THIS TO MEH
|c|âSyaoran9|NOOOOOOOOOOOOOOOOOOOOOOOOOOOOOOOOO
|c|âmeowchievement ã|lol
|c|âSyaoran9|gg sir 