|join|Phispholes
|join|Syaoran9
|player|p1|Phispholes|251
|player|p2|Syaoran9|99
|gametype|singles
|gen|6
|tier|UU
|rated
|rule|Sleep Clause Mod: Limit one foe put to sleep
|rule|Species Clause: Limit one of each PokÃ©mon
|rule|OHKO Clause: OHKO moves are banned
|rule|Moody Clause: Moody is banned
|rule|Evasion Moves Clause: Evasion moves are banned
|rule|Endless Battle Clause: Forcing endless battles is banned
|rule|HP Percentage Mod: HP is shown in percentages
|clearpoke
|poke|p1|Hydreigon, M
|poke|p1|Scrafty, M
|poke|p1|Donphan, F
|poke|p1|Aerodactyl, M
|poke|p1|Florges, F
|poke|p1|Nidoqueen, F
|poke|p2|Umbreon, M
|poke|p2|Weezing, M, shiny
|poke|p2|Medicham, M, shiny
|poke|p2|Raikou, shiny
|poke|p2|Hydreigon, M
|poke|p2|Starmie, shiny
|rule|Swagger Clause: Swagger is banned
|rule|Baton Pass Clause: Limit one PokÃ©mon knowing Baton Pass
|teampreview
|
|start
|switch|p1a: Donphan|Donphan, F|364\/364
|switch|p2a: JackieCham|Medicham, M, shiny|261\/261
|turn|1
|
|detailschange|p2a: JackieCham|Medicham-Mega, M, shiny
|-mega|p2a: JackieCham|Medicham|Medichamite
|move|p2a: JackieCham|Fake Out|p1a: Donphan
|-damage|p1a: Donphan|300\/364
|cant|p1a: Donphan|flinch
|
|turn|2
|
|move|p2a: JackieCham|High Jump Kick|p1a: Donphan
|-damage|p1a: Donphan|0 fnt
|faint|p1a: Donphan
|
|
|switch|p1a: Aerodactyl|Aerodactyl, M|311\/311
|-ability|p1a: Aerodactyl|Pressure
|turn|3
|
|switch|p2a: Purple Haze|Weezing, M, shiny|334\/334
|detailschange|p1a: Aerodactyl|Aerodactyl-Mega, M
|-mega|p1a: Aerodactyl|Aerodactyl|Aerodactylite
|move|p1a: Aerodactyl|Aerial Ace|p2a: Purple Haze
|-damage|p2a: Purple Haze|241\/334
|
|-heal|p2a: Purple Haze|261\/334|[from] item: Black Sludge
|turn|4
|
|switch|p1a: Scrafty|Scrafty, M|334\/334
|move|p2a: Purple Haze|Will-O-Wisp|p1a: Scrafty
|-status|p1a: Scrafty|brn
|
|-heal|p2a: Purple Haze|281\/334|[from] item: Black Sludge
|-damage|p1a: Scrafty|293\/334 brn|[from] brn
|turn|5
|
|move|p2a: Purple Haze|Clear Smog|p1a: Scrafty
|-damage|p1a: Scrafty|257\/334 brn
|-clearboost|p1a: Scrafty
|move|p1a: Scrafty|Knock Off|p2a: Purple Haze
|-damage|p2a: Purple Haze|247\/334
|-enditem|p2a: Purple Haze|Black Sludge|[from] move: Knock Off|[of] p1a: Scrafty
|
|-heal|p1a: Scrafty|277\/334 brn|[from] item: Leftovers
|-damage|p1a: Scrafty|236\/334 brn|[from] brn
|turn|6
|
|move|p2a: Purple Haze|Sludge Wave|p1a: Scrafty
|-damage|p1a: Scrafty|167\/334 brn
|move|p1a: Scrafty|Drain Punch|p2a: Purple Haze
|-resisted|p2a: Purple Haze
|-damage|p2a: Purple Haze|234\/334
|-heal|p1a: Scrafty|174\/334 brn|[from] drain|[of] p2a: Purple Haze
|
|-activate|p1a: Scrafty|ability: Shed Skin
|-curestatus|p1a: Scrafty|brn
|-heal|p1a: Scrafty|194\/334|[from] item: Leftovers
|turn|7
|
|move|p2a: Purple Haze|Will-O-Wisp|p1a: Scrafty
|-status|p1a: Scrafty|brn
|move|p1a: Scrafty|Knock Off|p2a: Purple Haze
|-damage|p2a: Purple Haze|210\/334
|
|-heal|p1a: Scrafty|214\/334 brn|[from] item: Leftovers
|-damage|p1a: Scrafty|173\/334 brn|[from] brn
|turn|8
|
|move|p2a: Purple Haze|Sludge Wave|p1a: Scrafty
|-damage|p1a: Scrafty|107\/334 brn
|move|p1a: Scrafty|Rest|p1a: Scrafty
|-status|p1a: Scrafty|slp
|-heal|p1a: Scrafty|334\/334 slp|[silent]
|-status|p1a: Scrafty|slp|[from] move: Rest
|
|-activate|p1a: Scrafty|ability: Shed Skin
|-curestatus|p1a: Scrafty|slp
|turn|9
|
|move|p2a: Purple Haze|Will-O-Wisp|p1a: Scrafty
|-status|p1a: Scrafty|brn
|move|p1a: Scrafty|Bulk Up|p1a: Scrafty
|-boost|p1a: Scrafty|atk|1
|-boost|p1a: Scrafty|def|1
|
|-activate|p1a: Scrafty|ability: Shed Skin
|-curestatus|p1a: Scrafty|brn
|turn|10
|
|move|p2a: Purple Haze|Will-O-Wisp|p1a: Scrafty
|-status|p1a: Scrafty|brn
|move|p1a: Scrafty|Drain Punch|p2a: Purple Haze
|-resisted|p2a: Purple Haze
|-damage|p2a: Purple Haze|191\/334
|
|-activate|p1a: Scrafty|ability: Shed Skin
|-curestatus|p1a: Scrafty|brn
|turn|11
|c|âSyaoran9|Stay burned you shit
|
|move|p2a: Purple Haze|Clear Smog|p1a: Scrafty
|-damage|p1a: Scrafty|298\/334
|-clearboost|p1a: Scrafty
|move|p1a: Scrafty|Knock Off|p2a: Purple Haze
|-damage|p2a: Purple Haze|148\/334
|
|-heal|p1a: Scrafty|318\/334|[from] item: Leftovers
|turn|12
|
|move|p2a: Purple Haze|Will-O-Wisp|p1a: Scrafty
|-status|p1a: Scrafty|brn
|move|p1a: Scrafty|Bulk Up|p1a: Scrafty
|-boost|p1a: Scrafty|atk|1
|-boost|p1a: Scrafty|def|1
|
|-heal|p1a: Scrafty|334\/334 brn|[from] item: Leftovers
|-damage|p1a: Scrafty|293\/334 brn|[from] brn
|turn|13
|
|move|p2a: Purple Haze|Clear Smog|p1a: Scrafty
|-crit|p1a: Scrafty
|-damage|p1a: Scrafty|242\/334 brn
|-clearboost|p1a: Scrafty
|move|p1a: Scrafty|Knock Off|p2a: Purple Haze
|-damage|p2a: Purple Haze|124\/334
|
|-heal|p1a: Scrafty|262\/334 brn|[from] item: Leftovers
|-damage|p1a: Scrafty|221\/334 brn|[from] brn
|turn|14
|
|move|p2a: Purple Haze|Sludge Wave|p1a: Scrafty
|-damage|p1a: Scrafty|163\/334 brn
|move|p1a: Scrafty|Rest|p1a: Scrafty
|-status|p1a: Scrafty|slp
|-heal|p1a: Scrafty|334\/334 slp|[silent]
|-status|p1a: Scrafty|slp|[from] move: Rest
|
|turn|15
|
|switch|p2a: Surf Board|Starmie, shiny|261\/261
|cant|p1a: Scrafty|slp
|
|turn|16
|
|move|p2a: Surf Board|Dazzling Gleam|p1a: Scrafty
|-supereffective|p1a: Scrafty
|-damage|p1a: Scrafty|38\/334 slp
|-damage|p2a: Surf Board|235\/261|[from] item: Life Orb
|cant|p1a: Scrafty|slp
|
|-heal|p1a: Scrafty|58\/334 slp|[from] item: Leftovers
|turn|17
|
|switch|p1a: Florges|Florges, F|360\/360
|move|p2a: Surf Board|Dazzling Gleam|p1a: Florges
|-damage|p1a: Florges|307\/360
|-damage|p2a: Surf Board|209\/261|[from] item: Life Orb
|
|-heal|p1a: Florges|329\/360|[from] item: Leftovers
|turn|18
|
|move|p2a: Surf Board|Psyshock|p1a: Florges
|-damage|p1a: Florges|122\/360
|-damage|p2a: Surf Board|183\/261|[from] item: Life Orb
|move|p1a: Florges|Moonblast|p2a: Surf Board
|-damage|p2a: Surf Board|47\/261
|
|-heal|p1a: Florges|144\/360|[from] item: Leftovers
|turn|19
|
|move|p2a: Surf Board|Dazzling Gleam|p1a: Florges
|-damage|p1a: Florges|87\/360
|-damage|p2a: Surf Board|21\/261|[from] item: Life Orb
|move|p1a: Florges|Moonblast|p2a: Surf Board
|-damage|p2a: Surf Board|0 fnt
|faint|p2a: Surf Board
|
|-heal|p1a: Florges|109\/360|[from] item: Leftovers
|
|switch|p2a: JackieCham|Medicham-Mega, M, shiny|261\/261
|turn|20
|
|move|p2a: JackieCham|Fake Out|p1a: Florges
|-damage|p1a: Florges|8\/360
|cant|p1a: Florges|flinch
|
|-heal|p1a: Florges|30\/360|[from] item: Leftovers
|turn|21
|
|move|p2a: JackieCham|Fire Punch|p1a: Florges
|-damage|p1a: Florges|0 fnt
|faint|p1a: Florges
|
|
|switch|p1a: Aerodactyl|Aerodactyl-Mega, M|311\/311
|turn|22
|
|switch|p2a: Purple Haze|Weezing, M, shiny|124\/334
|move|p1a: Aerodactyl|Aerial Ace|p2a: Purple Haze
|-damage|p2a: Purple Haze|39\/334
|
|turn|23
|
|move|p1a: Aerodactyl|Aerial Ace|p2a: Purple Haze
|-damage|p2a: Purple Haze|0 fnt
|faint|p2a: Purple Haze
|
|
|switch|p2a: Ghidorah|Hydreigon, M|325\/325
|turn|24
|
|move|p2a: Ghidorah|Draco Meteor|p1a: Aerodactyl
|-damage|p1a: Aerodactyl|74\/311
|-unboost|p2a: Ghidorah|spa|2
|move|p1a: Aerodactyl|Stone Edge|p2a: Ghidorah
|-crit|p2a: Ghidorah
|-damage|p2a: Ghidorah|4\/325
|
|turn|25
|
|switch|p1a: Nidoqueen|Nidoqueen, F|383\/383
|move|p2a: Ghidorah|Draco Meteor|p1a: Nidoqueen
|-damage|p1a: Nidoqueen|247\/383
|-unboost|p2a: Ghidorah|spa|2
|
|-heal|p1a: Nidoqueen|270\/383|[from] item: Black Sludge
|turn|26
|
|switch|p2a: Shadow|Umbreon, M|394\/394
|move|p1a: Nidoqueen|Sludge Bomb|p2a: Shadow
|-damage|p2a: Shadow|348\/394
|
|-heal|p1a: Nidoqueen|293\/383|[from] item: Black Sludge
|-heal|p2a: Shadow|372\/394|[from] item: Leftovers
|turn|27
|
|move|p1a: Nidoqueen|Toxic|p2a: Shadow
|-status|p2a: Shadow|tox
|move|p2a: Shadow|Foul Play|p1a: Nidoqueen
|-crit|p1a: Nidoqueen
|-damage|p1a: Nidoqueen|170\/383
|
|-heal|p1a: Nidoqueen|193\/383|[from] item: Black Sludge
|-heal|p2a: Shadow|394\/394 tox|[from] item: Leftovers
|-damage|p2a: Shadow|370\/394 tox|[from] psn
|turn|28
|
|move|p1a: Nidoqueen|Sludge Bomb|p2a: Shadow
|-damage|p2a: Shadow|318\/394 tox
|move|p2a: Shadow|Foul Play|p1a: Nidoqueen
|-damage|p1a: Nidoqueen|118\/383
|
|-heal|p1a: Nidoqueen|141\/383|[from] item: Black Sludge
|-heal|p2a: Shadow|342\/394 tox|[from] item: Leftovers
|-damage|p2a: Shadow|294\/394 tox|[from] psn
|turn|29
|
|move|p1a: Nidoqueen|Protect|p1a: Nidoqueen
|-singleturn|p1a: Nidoqueen|Protect
|move|p2a: Shadow|Wish|p2a: Shadow
|
|-heal|p1a: Nidoqueen|164\/383|[from] item: Black Sludge
|-heal|p2a: Shadow|318\/394 tox|[from] item: Leftovers
|-damage|p2a: Shadow|246\/394 tox|[from] psn
|turn|30
|
|switch|p1a: Hydreigon|Hydreigon, M|325\/325
|move|p2a: Shadow|Heal Bell|p2a: Shadow
|-cureteam|p2a: Shadow|[from] move: HealBell
|
|-heal|p2a: Shadow|394\/394|[from] move: Wish|[wisher] Shadow
|turn|31
|
|move|p1a: Hydreigon|U-turn|p2a: Shadow
|-supereffective|p2a: Shadow
|-damage|p2a: Shadow|300\/394
|
|switch|p1a: Aerodactyl|Aerodactyl-Mega, M|74\/311
|move|p2a: Shadow|Wish|p2a: Shadow
|
|-heal|p2a: Shadow|324\/394|[from] item: Leftovers
|turn|32
|
|move|p1a: Aerodactyl|Aerial Ace|p2a: Shadow
|-damage|p2a: Shadow|198\/394
|move|p2a: Shadow|Foul Play|p1a: Aerodactyl
|-damage|p1a: Aerodactyl|0 fnt
|faint|p1a: Aerodactyl
|
|-heal|p2a: Shadow|394\/394|[from] move: Wish|[wisher] Shadow
|-message|Phispholes forfeited.
|
|win|Syaoran9
|raw|Ladder updating...
|leave|Phispholes
|player|p1