|join|mslowtest
|join|Ryuk97
|player|p1|mslowtest|2
|player|p2|Ryuk97|99
|gametype|singles
|gen|6
|tier|ORAS OU
|rated
|rule|Sleep Clause Mod: Limit one foe put to sleep
|rule|Species Clause: Limit one of each PokÃ©mon
|rule|OHKO Clause: OHKO moves are banned
|rule|Moody Clause: Moody is banned
|rule|Evasion Moves Clause: Evasion moves are banned
|rule|Endless Battle Clause: Forcing endless battles is banned
|rule|HP Percentage Mod: HP is shown in percentages
|clearpoke
|poke|p1|Salamence, F
|poke|p1|Starmie
|poke|p1|Weavile, M
|poke|p1|Landorus-Therian, M
|poke|p1|Lanturn, F
|poke|p1|Talonflame, M
|poke|p2|Beedrill, M
|poke|p2|Magnezone
|poke|p2|Rotom-Wash
|poke|p2|Landorus-Therian, M
|poke|p2|Mew
|poke|p2|Talonflame, M
|rule|Swagger Clause: Swagger is banned
|rule|Baton Pass Clause: Limit one PokÃ©mon knowing Baton Pass
|teampreview
|
|start
|switch|p1a: Landorus-Therian|Landorus-Therian, M|381\/381
|switch|p2a: Rotom-Wash|Rotom-Wash|304\/304
|-ability|p1a: Landorus-Therian|Intimidate|[of] p2a: Rotom-Wash
|-unboost|p2a: Rotom-Wash|atk|1
|turn|1
|
|switch|p1a: Lanturn|Lanturn, F|401\/401
|move|p2a: Rotom-Wash|Volt Switch|p1a: Lanturn
|-immune|p1a: Lanturn|[msg]
|
|turn|2
|
|switch|p2a: Magnezone|Magnezone|299\/299
|move|p1a: Lanturn|Scald|p2a: Magnezone
|-damage|p2a: Magnezone|217\/299
|
|turn|3
|
|switch|p2a: Landorus-Therian|Landorus-Therian, M|381\/381
|-ability|p2a: Landorus-Therian|Intimidate|[of] p1a: Lanturn
|-unboost|p1a: Lanturn|atk|1
|move|p1a: Lanturn|Scald|p2a: Landorus-Therian
|-crit|p2a: Landorus-Therian
|-supereffective|p2a: Landorus-Therian
|-damage|p2a: Landorus-Therian|111\/381
|
|-heal|p2a: Landorus-Therian|134\/381|[from] item: Leftovers
|turn|4
|
|switch|p1a: Salamence|Salamence, F|393\/393
|-ability|p1a: Salamence|Intimidate|[of] p2a: Landorus-Therian
|-unboost|p2a: Landorus-Therian|atk|1
|move|p2a: Landorus-Therian|Stealth Rock|p1a: Salamence
|-sidestart|p1: mslowtest|move: Stealth Rock
|
|-heal|p2a: Landorus-Therian|157\/381|[from] item: Leftovers
|turn|5
|
|detailschange|p1a: Salamence|Salamence-Mega, F
|message|Salamence has Mega Evolved into Mega Salamence!
|move|p2a: Landorus-Therian|Stone Edge|p1a: Salamence
|-supereffective|p1a: Salamence
|-damage|p1a: Salamence|303\/393
|move|p1a: Salamence|Dragon Dance|p1a: Salamence
|-boost|p1a: Salamence|atk|1
|-boost|p1a: Salamence|spe|1
|
|-heal|p2a: Landorus-Therian|180\/381|[from] item: Leftovers
|turn|6
|
|switch|p2a: Rotom-Wash|Rotom-Wash|304\/304
|move|p1a: Salamence|Dragon Dance|p1a: Salamence
|-boost|p1a: Salamence|atk|1
|-boost|p1a: Salamence|spe|1
|
|turn|7
|
|move|p1a: Salamence|Substitute|p1a: Salamence
|-start|p1a: Salamence|Substitute
|-damage|p1a: Salamence|205\/393
|move|p2a: Rotom-Wash|Will-O-Wisp|p1a: Salamence
|
|turn|8
|
|move|p1a: Salamence|Roost|p1a: Salamence
|-heal|p1a: Salamence|393\/393
|move|p2a: Rotom-Wash|Volt Switch|p1a: Salamence
|-resisted|p1a: Salamence
|-activate|p1a: Salamence|Substitute|[damage]
|
|switch|p2a: Magnezone|Magnezone|217\/299
|
|turn|9
|
|move|p1a: Salamence|Return|p2a: Magnezone
|-resisted|p2a: Magnezone
|-damage|p2a: Magnezone|129\/299
|move|p2a: Magnezone|Thunderbolt|p1a: Salamence
|-end|p1a: Salamence|Substitute
|
|turn|10
|
|move|p1a: Salamence|Return|p2a: Magnezone
|-resisted|p2a: Magnezone
|-damage|p2a: Magnezone|35\/299
|move|p2a: Magnezone|Thunderbolt|p1a: Salamence
|-damage|p1a: Salamence|123\/393
|
|turn|11
|
|move|p1a: Salamence|Roost|p1a: Salamence
|-heal|p1a: Salamence|320\/393
|move|p2a: Magnezone|Thunderbolt|p1a: Salamence
|-resisted|p1a: Salamence
|-damage|p1a: Salamence|194\/393
|
|turn|12
|
|move|p1a: Salamence|Roost|p1a: Salamence
|-heal|p1a: Salamence|391\/393
|move|p2a: Magnezone|Thunderbolt|p1a: Salamence
|-resisted|p1a: Salamence
|-damage|p1a: Salamence|265\/393
|
|turn|13
|
|move|p1a: Salamence|Return|p2a: Magnezone
|-resisted|p2a: Magnezone
|-damage|p2a: Magnezone|0 fnt
|faint|p2a: Magnezone
|
|
|switch|p2a: Landorus-Therian|Landorus-Therian, M|180\/381
|-ability|p2a: Landorus-Therian|Intimidate|[of] p1a: Salamence
|-unboost|p1a: Salamence|atk|1
|turn|14
|
|move|p1a: Salamence|Substitute|p1a: Salamence
|-start|p1a: Salamence|Substitute
|-damage|p1a: Salamence|167\/393
|move|p2a: Landorus-Therian|Stone Edge|p1a: Salamence
|-supereffective|p1a: Salamence
|-end|p1a: Salamence|Substitute
|
|-heal|p2a: Landorus-Therian|203\/381|[from] item: Leftovers
|turn|15
|
|move|p1a: Salamence|Roost|p1a: Salamence
|-heal|p1a: Salamence|364\/393
|move|p2a: Landorus-Therian|Earthquake|p1a: Salamence
|-damage|p1a: Salamence|255\/393
|
|-heal|p2a: Landorus-Therian|226\/381|[from] item: Leftovers
|turn|16
|
|move|p1a: Salamence|Substitute|p1a: Salamence
|-start|p1a: Salamence|Substitute
|-damage|p1a: Salamence|157\/393
|move|p2a: Landorus-Therian|Stone Edge|p1a: Salamence
|-supereffective|p1a: Salamence
|-end|p1a: Salamence|Substitute
|
|-heal|p2a: Landorus-Therian|249\/381|[from] item: Leftovers
|turn|17
|
|move|p1a: Salamence|Substitute|p1a: Salamence
|-start|p1a: Salamence|Substitute
|-damage|p1a: Salamence|59\/393
|move|p2a: Landorus-Therian|Stone Edge|p1a: Salamence|[miss]
|-miss|p2a: Landorus-Therian|p1a: Salamence
|
|-heal|p2a: Landorus-Therian|272\/381|[from] item: Leftovers
|turn|18
|
|move|p1a: Salamence|Return|p2a: Landorus-Therian
|-damage|p2a: Landorus-Therian|0 fnt
|faint|p2a: Landorus-Therian
|
|
|switch|p2a: Rotom-Wash|Rotom-Wash|304\/304
|turn|19
|
|move|p1a: Salamence|Roost|p1a: Salamence
|-heal|p1a: Salamence|256\/393
|move|p2a: Rotom-Wash|Hydro Pump|p1a: Salamence
|-resisted|p1a: Salamence
|-activate|p1a: Salamence|Substitute|[damage]
|
|turn|20
|
|move|p1a: Salamence|Dragon Dance|p1a: Salamence
|-boost|p1a: Salamence|atk|1
|-boost|p1a: Salamence|spe|1
|move|p2a: Rotom-Wash|Hydro Pump|p1a: Salamence|[miss]
|-miss|p2a: Rotom-Wash|p1a: Salamence
|
|turn|21
|-message|Ryuk97 forfeited.
|
|win|mslowtest
|raw|Ladder updating...
|leave|Ryuk97
|player|p2
|raw|mslowtest's rating: 1386 &rarr; <strong>1405<\/strong><br \/>(+19 for winning)
|raw|Ryuk97's rating: 1358 &rarr; <strong>1340<\/strong><br \/>(-18 for losing)