|join|Monkex
|join|Ryuk97
|player|p1|Monkex|265
|player|p2|Ryuk97|99
|gametype|singles
|gen|6
|tier|ORAS OU
|rated
|rule|Sleep Clause Mod: Limit one foe put to sleep
|rule|Species Clause: Limit one of each PokÃ©mon
|rule|OHKO Clause: OHKO moves are banned
|rule|Moody Clause: Moody is banned
|rule|Evasion Moves Clause: Evasion moves are banned
|rule|Endless Battle Clause: Forcing endless battles is banned
|rule|HP Percentage Mod: HP is shown in percentages
|clearpoke
|poke|p1|Salamence, F
|poke|p1|Skarmory, M
|poke|p1|Greninja, M
|poke|p1|Dugtrio, F
|poke|p1|Slowbro, F
|poke|p1|Excadrill, M
|poke|p2|Salamence, M
|poke|p2|Heatran, F
|poke|p2|Chansey, F
|poke|p2|Mew
|poke|p2|Slowbro, F
|poke|p2|Amoonguss, M
|rule|Swagger Clause: Swagger is banned
|rule|Baton Pass Clause: Limit one PokÃ©mon knowing Baton Pass
|teampreview
|
|start
|switch|p1a: Excadrill|Excadrill, M|361\/361
|switch|p2a: Chansey|Chansey, F|703\/703
|-ability|p1a: Excadrill|Mold Breaker
|-item|p1a: Excadrill|Air Balloon
|turn|1
|
|move|p1a: Excadrill|Stealth Rock|p2a: Chansey
|-sidestart|p2: Ryuk97|move: Stealth Rock
|move|p2a: Chansey|Seismic Toss|p1a: Excadrill
|-damage|p1a: Excadrill|261\/361
|-enditem|p1a: Excadrill|Air Balloon
|
|turn|2
|
|switch|p2a: Slowbro|Slowbro, F|393\/393
|-damage|p2a: Slowbro|344\/393|[from] Stealth Rock
|move|p1a: Excadrill|Earthquake|p2a: Slowbro
|-damage|p2a: Slowbro|217\/393
|
|-heal|p2a: Slowbro|241\/393|[from] item: Leftovers
|turn|3
|
|switch|p1a: Salamence|Salamence, F|394\/394
|-ability|p1a: Salamence|Intimidate|[of] p2a: Slowbro
|-unboost|p2a: Slowbro|atk|1
|switch|p2a: Mew|Mew|404\/404
|-damage|p2a: Mew|354\/404|[from] Stealth Rock
|
|-heal|p2a: Mew|379\/404|[from] item: Leftovers
|turn|4
|
|detailschange|p1a: Salamence|Salamence-Mega, F
|message|Salamence has Mega Evolved into Mega Salamence!
|move|p2a: Mew|Taunt|p1a: Salamence
|-start|p1a: Salamence|move: Taunt
|move|p1a: Salamence|Return|p2a: Mew
|-damage|p2a: Mew|165\/404
|
|-heal|p2a: Mew|190\/404|[from] item: Leftovers
|turn|5
|
|move|p1a: Salamence|Return|p2a: Mew
|-damage|p2a: Mew|0 fnt
|faint|p2a: Mew
|
|
|switch|p2a: Salamence|Salamence, M|393\/393
|-damage|p2a: Salamence|295\/393|[from] Stealth Rock
|-ability|p2a: Salamence|Intimidate|[of] p1a: Salamence
|-unboost|p1a: Salamence|atk|1
|turn|6
|
|switch|p1a: Skarmory|Skarmory, M|334\/334
|detailschange|p2a: Salamence|Salamence-Mega, M
|message|Salamence has Mega Evolved into Mega Salamence!
|move|p2a: Salamence|Substitute|p2a: Salamence
|-start|p2a: Salamence|Substitute
|-damage|p2a: Salamence|197\/393
|
|turn|7
|
|move|p2a: Salamence|Dragon Dance|p2a: Salamence
|-boost|p2a: Salamence|atk|1
|-boost|p2a: Salamence|spe|1
|move|p1a: Skarmory|Whirlwind|p2a: Salamence
|drag|p2a: Amoonguss|Amoonguss, M|431\/431
|-damage|p2a: Amoonguss|378\/431|[from] Stealth Rock
|
|-heal|p2a: Amoonguss|404\/431|[from] item: Black Sludge
|turn|8
|-message|Ryuk97 forfeited.
|
|win|Monkex
|raw|Ladder updating...
|leave|Ryuk97
|player|p2
|raw|Monkex's rating: 1278 &rarr; <strong>1310<\/strong><br \/>(+32 for winning)
|raw|Ryuk97's rating: 1377 &rarr; <strong>1351<\/strong><br \/>(-26 for losing)