|join|Henriqueijo
|join|Ryuk97
|player|p1|Henriqueijo|141
|player|p2|Ryuk97|99
|gametype|singles
|gen|6
|tier|OU
|rated
|clearpoke
|poke|p1|Medicham, M
|poke|p1|Scizor, F
|poke|p1|Rotom-Wash
|poke|p1|Landorus, M
|poke|p1|Umbreon, F
|poke|p1|Starmie
|poke|p2|Azelf
|poke|p2|Bisharp, F
|poke|p2|Landorus-Therian, M
|poke|p2|Manectric, F
|poke|p2|Thundurus, M
|poke|p2|Keldeo
|rule|Swagger Clause: Swagger is banned
|rule|Baton Pass Clause: Limit one PokÃ©mon knowing Baton Pass
|rule|Sleep Clause Mod: Limit one foe put to sleep
|rule|Species Clause: Limit one of each PokÃ©mon
|rule|OHKO Clause: OHKO moves are banned
|rule|Moody Clause: Moody is banned
|rule|Evasion Moves Clause: Evasion moves are banned
|rule|Endless Battle Clause: Forcing endless battles is banned
|rule|HP Percentage Mod: HP is shown in percentages
|teampreview
|
|start
|switch|p1a: Umbreon|Umbreon, F|393\/393
|switch|p2a: Azelf|Azelf|291\/291
|turn|1
|
|move|p2a: Azelf|Taunt|p1a: Umbreon
|-start|p1a: Umbreon|move: Taunt
|move|p1a: Umbreon|Foul Play|p2a: Azelf
|-supereffective|p2a: Azelf
|-enditem|p2a: Azelf|Focus Sash
|-damage|p2a: Azelf|1\/291
|
|turn|2
|
|move|p2a: Azelf|Stealth Rock|p1a: Umbreon
|-sidestart|p1: Henriqueijo|move: Stealth Rock
|move|p1a: Umbreon|Foul Play|p2a: Azelf
|-supereffective|p2a: Azelf
|-damage|p2a: Azelf|0 fnt
|faint|p2a: Azelf
|
|
|switch|p2a: Keldeo|Keldeo|322\/322
|turn|3
|
|switch|p1a: Starmie|Starmie|261\/261
|-damage|p1a: Starmie|229\/261|[from] Stealth Rock
|move|p2a: Keldeo|Secret Sword|p1a: Starmie
|-resisted|p1a: Starmie
|-damage|p1a: Starmie|98\/261
|
|turn|4
|
|move|p1a: Starmie|Rapid Spin|p2a: Keldeo
|-damage|p2a: Keldeo|308\/322
|-sideend|p1: Henriqueijo|Stealth Rock|[from] move: Rapid Spin|[of] p1a: Starmie
|-damage|p1a: Starmie|72\/261|[from] item: Life Orb
|move|p2a: Keldeo|Secret Sword|p1a: Starmie
|-resisted|p1a: Starmie
|-damage|p1a: Starmie|0 fnt
|faint|p1a: Starmie
|
|
|switch|p1a: Medicham|Medicham, M|261\/261
|turn|5
|
|switch|p2a: Landorus-Therian|Landorus-Therian, M|320\/320
|-ability|p2a: Landorus-Therian|Intimidate|[of] p1a: Medicham
|-unboost|p1a: Medicham|atk|1
|detailschange|p1a: Medicham|Medicham-Mega, M
|message|Medicham has Mega Evolved into Mega Medicham!
|move|p1a: Medicham|Ice Punch|p2a: Landorus-Therian
|-supereffective|p2a: Landorus-Therian
|-damage|p2a: Landorus-Therian|0 fnt
|faint|p2a: Landorus-Therian
|
|
|switch|p2a: Keldeo|Keldeo|308\/322
|turn|6
|
|switch|p1a: Rotom-Wash|Rotom-Wash|303\/303
|move|p2a: Keldeo|Secret Sword|p1a: Rotom-Wash
|-damage|p1a: Rotom-Wash|156\/303
|
|-heal|p1a: Rotom-Wash|174\/303|[from] item: Leftovers
|turn|7
|
|move|p2a: Keldeo|Secret Sword|p1a: Rotom-Wash
|-damage|p1a: Rotom-Wash|9\/303
|move|p1a: Rotom-Wash|Will-O-Wisp|p2a: Keldeo
|-status|p2a: Keldeo|brn
|
|-heal|p1a: Rotom-Wash|27\/303|[from] item: Leftovers
|-damage|p2a: Keldeo|268\/322 brn|[from] brn
|turn|8
|
|move|p2a: Keldeo|Secret Sword|p1a: Rotom-Wash
|-damage|p1a: Rotom-Wash|0 fnt
|faint|p1a: Rotom-Wash
|
|-damage|p2a: Keldeo|228\/322 brn|[from] brn
|
|switch|p1a: Medicham|Medicham-Mega, M|261\/261
|turn|9
|
|move|p2a: Keldeo|Secret Sword|p1a: Medicham
|-resisted|p1a: Medicham
|-damage|p1a: Medicham|138\/261
|move|p1a: Medicham|Psycho Cut|p2a: Keldeo
|-supereffective|p2a: Keldeo
|-damage|p2a: Keldeo|0 fnt
|faint|p2a: Keldeo
|
|
|switch|p2a: Manectric|Manectric, F|281\/281
|turn|10
|
|switch|p1a: Umbreon|Umbreon, F|393\/393
|detailschange|p2a: Manectric|Manectric-Mega, F
|message|Manectric has Mega Evolved into Mega Manectric!
|-ability|p2a: Manectric|Intimidate|[of] p1a: Umbreon
|-unboost|p1a: Umbreon|atk|1
|move|p2a: Manectric|Thunderbolt|p1a: Umbreon
|-damage|p1a: Umbreon|294\/393
|
|-heal|p1a: Umbreon|318\/393|[from] item: Leftovers
|turn|11
|
|move|p2a: Manectric|Volt Switch|p1a: Umbreon
|-damage|p1a: Umbreon|237\/393
|
|switch|p2a: Thundurus|Thundurus, M|298\/298
|move|p1a: Umbreon|Foul Play|p2a: Thundurus
|-damage|p2a: Thundurus|75\/298
|
|-heal|p1a: Umbreon|261\/393|[from] item: Leftovers
|turn|12
|
|move|p2a: Thundurus|Superpower|p1a: Umbreon
|-supereffective|p1a: Umbreon
|-damage|p1a: Umbreon|0 fnt
|-unboost|p2a: Thundurus|atk|1
|-unboost|p2a: Thundurus|def|1
|-damage|p2a: Thundurus|46\/298|[from] item: Life Orb
|faint|p1a: Umbreon
|
|
|switch|p1a: Scizor|Scizor, F|343\/343
|turn|13
|
|switch|p2a: Manectric|Manectric-Mega, F|281\/281
|-ability|p2a: Manectric|Intimidate|[of] p1a: Scizor
|-unboost|p1a: Scizor|atk|1
|move|p1a: Scizor|U-turn|p2a: Manectric
|-damage|p2a: Manectric|116\/281
|
|switch|p1a: Medicham|Medicham-Mega, M|138\/261
|
|turn|14
|
|move|p1a: Medicham|Fake Out|p2a: Manectric
|-damage|p2a: Manectric|25\/281
|cant|p2a: Manectric|flinch
|
|turn|15
|
|switch|p1a: Scizor|Scizor, F|343\/343
|move|p2a: Manectric|Thunderbolt|p1a: Scizor
|-damage|p1a: Scizor|130\/343
|
|turn|16
|
|move|p1a: Scizor|Bullet Punch|p2a: Manectric
|-resisted|p2a: Manectric
|-damage|p2a: Manectric|0 fnt
|faint|p2a: Manectric
|
|
|switch|p2a: Bisharp|Bisharp, F|271\/271
|turn|17
|
|move|p1a: Scizor|Bullet Punch|p2a: Bisharp
|-resisted|p2a: Bisharp
|-damage|p2a: Bisharp|181\/271
|move|p2a: Bisharp|Swords Dance|p2a: Bisharp
|-boost|p2a: Bisharp|atk|2
|
|turn|18
|
|move|p1a: Scizor|Bullet Punch|p2a: Bisharp
|-resisted|p2a: Bisharp
|-damage|p2a: Bisharp|94\/271
|move|p2a: Bisharp|Swords Dance|p2a: Bisharp
|-boost|p2a: Bisharp|atk|2
|
|turn|19
|
|move|p2a: Bisharp|Sucker Punch|p1a: Scizor
|-damage|p1a: Scizor|0 fnt
|faint|p1a: Scizor
|
|
|switch|p1a: Medicham|Medicham-Mega, M|138\/261
|turn|20
|
|move|p1a: Medicham|Fake Out|p2a: Bisharp
|-resisted|p2a: Bisharp
|-damage|p2a: Bisharp|53\/271
|cant|p2a: Bisharp|flinch
|
|turn|21
|
|move|p1a: Medicham|Fake Out|p2a: Bisharp
|-message|(Fake Out only works your first turn out.)
|-fail|p2a: Bisharp
|move|p2a: Bisharp|Sucker Punch|p1a: Medicham
|-fail|p1a: Medicham
|
|turn|22
|
|move|p1a: Medicham|Fake Out|p2a: Bisharp
|-message|(Fake Out only works your first turn out.)
|-fail|p2a: Bisharp
|move|p2a: Bisharp|Sucker Punch|p1a: Medicham
|-fail|p1a: Medicham
|
|turn|23
|
|move|p1a: Medicham|Fake Out|p2a: Bisharp
|-message|(Fake Out only works your first turn out.)
|-fail|p2a: Bisharp
|move|p2a: Bisharp|Sucker Punch|p1a: Medicham
|-fail|p1a: Medicham
|
|turn|24
|
|move|p1a: Medicham|Fake Out|p2a: Bisharp
|-message|(Fake Out only works your first turn out.)
|-fail|p2a: Bisharp
|move|p2a: Bisharp|Sucker Punch|p1a: Medicham
|-fail|p1a: Medicham
|
|turn|25
|
|move|p1a: Medicham|Fake Out|p2a: Bisharp
|-message|(Fake Out only works your first turn out.)
|-fail|p2a: Bisharp
|move|p2a: Bisharp|Sucker Punch|p1a: Medicham
|-fail|p1a: Medicham
|
|turn|26
|
|move|p1a: Medicham|Drain Punch|p2a: Bisharp
|-supereffective|p2a: Bisharp
|-damage|p2a: Bisharp|0 fnt
|-heal|p1a: Medicham|165\/261|[from] drain|[of] p2a: Bisharp
|faint|p2a: Bisharp
|
|
|switch|p2a: Thundurus|Thundurus, M|46\/298
|turn|27
|
|switch|p1a: Landorus|Landorus, M|319\/319
|move|p2a: Thundurus|Hidden Power|p1a: Landorus
|-damage|p1a: Landorus|181\/319
|-damage|p2a: Thundurus|17\/298|[from] item: Life Orb
|
|turn|28
|-message|Ryuk97 forfeited.
|
|win|Henriqueijo
|raw|Ladder updating...
|leave|Ryuk97
|player|p2
|raw|Henriqueijo's rating: 1661 &rarr; <strong>1686<\/strong><br \/>(+25 for winning)
|raw|Ryuk97's rating: 1743 &rarr; <strong>1718<\/strong><br \/>(-25 for losing)