|join|Ryuk97
|join|benvu321
|player|p1|Ryuk97|99
|player|p2|benvu321|264
|gametype|singles
|gen|6
|tier|OU
|rated
|clearpoke
|poke|p1|Kyurem-Black
|poke|p1|Keldeo
|poke|p1|Mew
|poke|p1|Ferrothorn, M
|poke|p1|Gardevoir, F
|poke|p1|Heatran, M
|poke|p2|Sylveon, F
|poke|p2|Whimsicott, F, shiny
|poke|p2|Skarmory, M
|poke|p2|Heatran, M
|poke|p2|Krookodile, M
|poke|p2|Scizor, M
|rule|Swagger Clause: Swagger is banned
|rule|Baton Pass Clause: Limit one PokÃ©mon knowing Baton Pass
|rule|Sleep Clause Mod: Limit one foe put to sleep
|rule|Species Clause: Limit one of each PokÃ©mon
|rule|OHKO Clause: OHKO moves are banned
|rule|Moody Clause: Moody is banned
|rule|Evasion Moves Clause: Evasion moves are banned
|rule|Endless Battle Clause: Forcing endless battles is banned
|rule|HP Percentage Mod: HP is shown in percentages
|teampreview
|
|start
|switch|p1a: Gardevoir|Gardevoir, F|277\/277
|switch|p2a: Heatran|Heatran, M|385\/385
|-ability|p1a: Gardevoir|Flash Fire|[from] ability: Trace|[of] p2a: Heatran
|turn|1
|
|detailschange|p1a: Gardevoir|Gardevoir-Mega, F
|message|Gardevoir has Mega Evolved into Mega Gardevoir!
|move|p1a: Gardevoir|Focus Blast|p2a: Heatran
|-supereffective|p2a: Heatran
|-damage|p2a: Heatran|137\/385
|move|p2a: Heatran|Substitute|p2a: Heatran
|-start|p2a: Heatran|Substitute
|-damage|p2a: Heatran|41\/385
|
|-heal|p2a: Heatran|65\/385|[from] item: Leftovers
|turn|2
|
|move|p1a: Gardevoir|Focus Blast|p2a: Heatran
|-supereffective|p2a: Heatran
|-end|p2a: Heatran|Substitute
|move|p2a: Heatran|Lava Plume|p1a: Gardevoir
|-damage|p1a: Gardevoir|187\/277
|
|-heal|p2a: Heatran|89\/385|[from] item: Leftovers
|turn|3
|
|switch|p2a: Sylveon|Sylveon, F|394\/394
|move|p1a: Gardevoir|Focus Blast|p2a: Sylveon
|-resisted|p2a: Sylveon
|-damage|p2a: Sylveon|336\/394
|-unboost|p2a: Sylveon|spd|1
|
|-heal|p2a: Sylveon|360\/394|[from] item: Leftovers
|turn|4
|
|move|p1a: Gardevoir|Hyper Voice|p2a: Sylveon
|-damage|p2a: Sylveon|96\/394
|move|p2a: Sylveon|Wish|p2a: Sylveon
|
|-heal|p2a: Sylveon|120\/394|[from] item: Leftovers
|turn|5
|
|move|p2a: Sylveon|Protect|p2a: Sylveon
|-singleturn|p2a: Sylveon|Protect
|move|p1a: Gardevoir|Focus Blast|p2a: Sylveon
|-activate|p2a: Sylveon|Protect
|
|-heal|p2a: Sylveon|317\/394|[from] move: Wish|[wisher] Sylveon
|-heal|p2a: Sylveon|341\/394|[from] item: Leftovers
|turn|6
|
|switch|p2a: Skarmory|Skarmory, M|334\/334
|move|p1a: Gardevoir|Hyper Voice|p2a: Skarmory
|-resisted|p2a: Skarmory
|-damage|p2a: Skarmory|161\/334
|
|turn|7
|
|move|p1a: Gardevoir|Hyper Voice|p2a: Skarmory
|-resisted|p2a: Skarmory
|-damage|p2a: Skarmory|0 fnt
|faint|p2a: Skarmory
|
|
|switch|p2a: Scizor|Scizor, M|322\/322
|turn|8
|
|switch|p1a: Heatran|Heatran, M|323\/323
|detailschange|p2a: Scizor|Scizor-Mega, M
|message|Scizor has Mega Evolved into Mega Scizor!
|move|p2a: Scizor|Bullet Punch|p1a: Heatran
|-resisted|p1a: Heatran
|-damage|p1a: Heatran|293\/323
|
|turn|9
|
|switch|p2a: Heatran|Heatran, M|89\/385
|move|p1a: Heatran|Earth Power|p2a: Heatran
|-supereffective|p2a: Heatran
|-damage|p2a: Heatran|0 fnt
|faint|p2a: Heatran
|
|
|switch|p2a: Krookodile|Krookodile, M|393\/393
|-ability|p2a: Krookodile|Intimidate|[of] p1a: Heatran
|-unboost|p1a: Heatran|atk|1
|turn|10
|
|switch|p1a: Ferrothorn|Ferrothorn, M|352\/352
|move|p2a: Krookodile|Earthquake|p1a: Ferrothorn
|-damage|p1a: Ferrothorn|273\/352
|
|-heal|p1a: Ferrothorn|295\/352|[from] item: Leftovers
|turn|11
|
|move|p2a: Krookodile|Fire Fang|p1a: Ferrothorn
|-supereffective|p1a: Ferrothorn
|-damage|p1a: Ferrothorn|151\/352
|-damage|p2a: Krookodile|344\/393|[from] ability: Iron Barbs|[of] p1a: Ferrothorn
|cant|p1a: Ferrothorn|flinch
|
|-heal|p2a: Krookodile|368\/393|[from] item: Leftovers
|-heal|p1a: Ferrothorn|173\/352|[from] item: Leftovers
|turn|12
|
|move|p1a: Ferrothorn|Protect|p1a: Ferrothorn
|-singleturn|p1a: Ferrothorn|Protect
|move|p2a: Krookodile|Fire Fang|p1a: Ferrothorn
|-activate|p1a: Ferrothorn|Protect
|
|-heal|p2a: Krookodile|392\/393|[from] item: Leftovers
|-heal|p1a: Ferrothorn|195\/352|[from] item: Leftovers
|turn|13
|
|move|p2a: Krookodile|Fire Fang|p1a: Ferrothorn
|-supereffective|p1a: Ferrothorn
|-damage|p1a: Ferrothorn|63\/352
|-damage|p2a: Krookodile|343\/393|[from] ability: Iron Barbs|[of] p1a: Ferrothorn
|move|p1a: Ferrothorn|Stealth Rock|p2a: Krookodile
|-sidestart|p2: benvu321|move: Stealth Rock
|
|-heal|p2a: Krookodile|367\/393|[from] item: Leftovers
|-heal|p1a: Ferrothorn|85\/352|[from] item: Leftovers
|turn|14
|
|switch|p1a: Heatran|Heatran, M|293\/323
|move|p2a: Krookodile|Stealth Rock|p1a: Heatran
|-sidestart|p1: Ryuk97|move: Stealth Rock
|
|-heal|p2a: Krookodile|391\/393|[from] item: Leftovers
|turn|15
|
|switch|p1a: Ferrothorn|Ferrothorn, M|85\/352
|-damage|p1a: Ferrothorn|63\/352|[from] Stealth Rock
|move|p2a: Krookodile|Earthquake|p1a: Ferrothorn
|-damage|p1a: Ferrothorn|0 fnt
|faint|p1a: Ferrothorn
|
|-heal|p2a: Krookodile|393\/393|[from] item: Leftovers
|
|switch|p1a: Gardevoir|Gardevoir-Mega, F|187\/277
|-damage|p1a: Gardevoir|153\/277|[from] Stealth Rock
|turn|16
|
|move|p1a: Gardevoir|Hyper Voice|p2a: Krookodile
|-supereffective|p2a: Krookodile
|-damage|p2a: Krookodile|0 fnt
|faint|p2a: Krookodile
|
|
|switch|p2a: Scizor|Scizor-Mega, M|322\/322
|-damage|p2a: Scizor|282\/322|[from] Stealth Rock
|turn|17
|
|switch|p1a: Heatran|Heatran, M|293\/323
|-damage|p1a: Heatran|253\/323|[from] Stealth Rock
|move|p2a: Scizor|Bug Bite|p1a: Heatran
|-resisted|p1a: Heatran
|-damage|p1a: Heatran|210\/323
|
|turn|18
|
|switch|p2a: Sylveon|Sylveon, F|341\/394
|-damage|p2a: Sylveon|292\/394|[from] Stealth Rock
|move|p1a: Heatran|Fire Blast|p2a: Sylveon
|-crit|p2a: Sylveon
|-damage|p2a: Sylveon|121\/394
|
|-heal|p2a: Sylveon|145\/394|[from] item: Leftovers
|turn|19
|
|switch|p1a: Gardevoir|Gardevoir-Mega, F|153\/277
|-damage|p1a: Gardevoir|119\/277|[from] Stealth Rock
|move|p2a: Sylveon|Wish|p2a: Sylveon
|
|-heal|p2a: Sylveon|169\/394|[from] item: Leftovers
|turn|20
|
|move|p2a: Sylveon|Protect|p2a: Sylveon
|-singleturn|p2a: Sylveon|Protect
|move|p1a: Gardevoir|Hyper Voice|p2a: Sylveon
|-activate|p2a: Sylveon|Protect
|
|-heal|p2a: Sylveon|366\/394|[from] move: Wish|[wisher] Sylveon
|-heal|p2a: Sylveon|390\/394|[from] item: Leftovers
|turn|21
|
|move|p1a: Gardevoir|Hyper Voice|p2a: Sylveon
|-damage|p2a: Sylveon|237\/394
|move|p2a: Sylveon|Toxic|p1a: Gardevoir
|-status|p1a: Gardevoir|tox
|
|-heal|p2a: Sylveon|261\/394|[from] item: Leftovers
|-damage|p1a: Gardevoir|102\/277 tox|[from] psn
|turn|22
|
|move|p1a: Gardevoir|Psyshock|p2a: Sylveon
|-damage|p2a: Sylveon|3\/394
|move|p2a: Sylveon|Wish|p2a: Sylveon
|
|-heal|p2a: Sylveon|27\/394|[from] item: Leftovers
|-damage|p1a: Gardevoir|68\/277 tox|[from] psn
|turn|23
|
|move|p2a: Sylveon|Protect|p2a: Sylveon
|-singleturn|p2a: Sylveon|Protect
|move|p1a: Gardevoir|Psyshock|p2a: Sylveon
|-activate|p2a: Sylveon|Protect
|
|-heal|p2a: Sylveon|224\/394|[from] move: Wish|[wisher] Sylveon
|-heal|p2a: Sylveon|248\/394|[from] item: Leftovers
|-damage|p1a: Gardevoir|17\/277 tox|[from] psn
|turn|24
|
|move|p1a: Gardevoir|Hyper Voice|p2a: Sylveon
|-damage|p2a: Sylveon|77\/394
|move|p2a: Sylveon|Wish|p2a: Sylveon
|
|-heal|p2a: Sylveon|101\/394|[from] item: Leftovers
|-damage|p1a: Gardevoir|0 fnt|[from] psn
|faint|p1a: Gardevoir
|
|switch|p1a: Heatran|Heatran, M|210\/323
|-damage|p1a: Heatran|170\/323|[from] Stealth Rock
|turn|25
|
|move|p2a: Sylveon|Protect|p2a: Sylveon
|-singleturn|p2a: Sylveon|Protect
|move|p1a: Heatran|Flash Cannon|p2a: Sylveon
|-activate|p2a: Sylveon|Protect
|
|-heal|p2a: Sylveon|298\/394|[from] move: Wish|[wisher] Sylveon
|-heal|p2a: Sylveon|322\/394|[from] item: Leftovers
|turn|26
|
|move|p1a: Heatran|Flash Cannon|p2a: Sylveon
|-supereffective|p2a: Sylveon
|-damage|p2a: Sylveon|160\/394
|move|p2a: Sylveon|Hyper Voice|p1a: Heatran
|-resisted|p1a: Heatran
|-damage|p1a: Heatran|136\/323
|
|-heal|p2a: Sylveon|184\/394|[from] item: Leftovers
|turn|27
|
|move|p1a: Heatran|Flash Cannon|p2a: Sylveon
|-supereffective|p2a: Sylveon
|-damage|p2a: Sylveon|20\/394
|move|p2a: Sylveon|Wish|p2a: Sylveon
|
|-heal|p2a: Sylveon|44\/394|[from] item: Leftovers
|turn|28
|
|switch|p1a: Mew|Mew|404\/404
|-damage|p1a: Mew|354\/404|[from] Stealth Rock
|move|p2a: Sylveon|Protect|p2a: Sylveon
|-fail|p2a: Sylveon
|
|-heal|p2a: Sylveon|241\/394|[from] move: Wish|[wisher] Sylveon
|-heal|p1a: Mew|379\/404|[from] item: Leftovers
|-heal|p2a: Sylveon|265\/394|[from] item: Leftovers
|turn|29
|
|move|p2a: Sylveon|Protect|p2a: Sylveon
|-singleturn|p2a: Sylveon|Protect
|move|p1a: Mew|Taunt|p2a: Sylveon
|-activate|p2a: Sylveon|Protect
|
|-heal|p1a: Mew|404\/404|[from] item: Leftovers
|-heal|p2a: Sylveon|289\/394|[from] item: Leftovers
|turn|30
|
|switch|p2a: Scizor|Scizor-Mega, M|282\/322
|-damage|p2a: Scizor|242\/322|[from] Stealth Rock
|move|p1a: Mew|Will-O-Wisp|p2a: Scizor
|-status|p2a: Scizor|brn
|
|-damage|p2a: Scizor|202\/322 brn|[from] brn
|turn|31
|
|move|p1a: Mew|Taunt|p2a: Scizor
|-start|p2a: Scizor|move: Taunt
|move|p2a: Scizor|Bug Bite|p1a: Mew
|-supereffective|p1a: Mew
|-damage|p1a: Mew|194\/404
|
|-heal|p1a: Mew|219\/404|[from] item: Leftovers
|-damage|p2a: Scizor|162\/322 brn|[from] brn
|turn|32
|
|move|p1a: Mew|Roost|p1a: Mew
|-heal|p1a: Mew|404\/404
|move|p2a: Scizor|Bug Bite|p1a: Mew
|-supereffective|p1a: Mew
|-damage|p1a: Mew|204\/404
|
|-heal|p1a: Mew|229\/404|[from] item: Leftovers
|-damage|p2a: Scizor|122\/322 brn|[from] brn
|turn|33
|
|move|p1a: Mew|Roost|p1a: Mew
|-heal|p1a: Mew|404\/404
|move|p2a: Scizor|Bug Bite|p1a: Mew
|-supereffective|p1a: Mew
|-damage|p1a: Mew|206\/404
|
|-heal|p1a: Mew|231\/404|[from] item: Leftovers
|-damage|p2a: Scizor|82\/322 brn|[from] brn
|-end|p2a: Scizor|move: Taunt
|turn|34
|
|move|p2a: Scizor|Bullet Punch|p1a: Mew
|-damage|p1a: Mew|167\/404
|move|p1a: Mew|Roost|p1a: Mew
|-heal|p1a: Mew|369\/404
|
|-heal|p1a: Mew|394\/404|[from] item: Leftovers
|-damage|p2a: Scizor|42\/322 brn|[from] brn
|turn|35
|
|move|p1a: Mew|Taunt|p2a: Scizor
|-start|p2a: Scizor|move: Taunt
|move|p2a: Scizor|Bug Bite|p1a: Mew
|-supereffective|p1a: Mew
|-damage|p1a: Mew|208\/404
|
|-heal|p1a: Mew|233\/404|[from] item: Leftovers
|-damage|p2a: Scizor|2\/322 brn|[from] brn
|turn|36
|
|move|p1a: Mew|Roost|p1a: Mew
|-heal|p1a: Mew|404\/404
|move|p2a: Scizor|Bug Bite|p1a: Mew
|-crit|p1a: Mew
|-supereffective|p1a: Mew
|-damage|p1a: Mew|126\/404
|
|-heal|p1a: Mew|151\/404|[from] item: Leftovers
|-damage|p2a: Scizor|0 fnt|[from] brn
|faint|p2a: Scizor
|
|switch|p2a: Whimsicott|Whimsicott, F, shiny|324\/324
|-damage|p2a: Whimsicott|284\/324|[from] Stealth Rock
|turn|37
|
|move|p2a: Whimsicott|Encore|p1a: Mew
|-start|p1a: Mew|Encore
|move|p1a: Mew|Roost|p1a: Mew
|-heal|p1a: Mew|353\/404
|
|-heal|p1a: Mew|378\/404|[from] item: Leftovers
|-heal|p2a: Whimsicott|304\/324|[from] item: Leftovers
|turn|38
|
|switch|p1a: Heatran|Heatran, M|136\/323
|-damage|p1a: Heatran|96\/323|[from] Stealth Rock
|move|p2a: Whimsicott|Substitute|p2a: Whimsicott
|-start|p2a: Whimsicott|Substitute
|-damage|p2a: Whimsicott|223\/324
|
|-heal|p2a: Whimsicott|243\/324|[from] item: Leftovers
|turn|39
|
|move|p2a: Whimsicott|Leech Seed|p1a: Heatran
|-start|p1a: Heatran|move: Leech Seed
|move|p1a: Heatran|Flash Cannon|p2a: Whimsicott
|-supereffective|p2a: Whimsicott
|-end|p2a: Whimsicott|Substitute
|
|-heal|p2a: Whimsicott|263\/324|[from] item: Leftovers
|-damage|p1a: Heatran|56\/323|[from] Leech Seed|[of] p2a: Whimsicott
|-heal|p2a: Whimsicott|303\/324|[silent]
|turn|40
|
|switch|p1a: Mew|Mew|378\/404
|-damage|p1a: Mew|328\/404|[from] Stealth Rock
|move|p2a: Whimsicott|Substitute|p2a: Whimsicott
|-start|p2a: Whimsicott|Substitute
|-damage|p2a: Whimsicott|222\/324
|
|-heal|p1a: Mew|353\/404|[from] item: Leftovers
|-heal|p2a: Whimsicott|242\/324|[from] item: Leftovers
|turn|41
|
|move|p2a: Whimsicott|Taunt|p1a: Mew
|-start|p1a: Mew|move: Taunt
|cant|p1a: Mew|move: Taunt|Taunt
|
|-heal|p1a: Mew|378\/404|[from] item: Leftovers
|-heal|p2a: Whimsicott|262\/324|[from] item: Leftovers
|turn|42
|
|switch|p1a: Heatran|Heatran, M|56\/323
|-damage|p1a: Heatran|16\/323|[from] Stealth Rock
|move|p2a: Whimsicott|Leech Seed|p1a: Heatran
|-start|p1a: Heatran|move: Leech Seed
|
|-heal|p2a: Whimsicott|282\/324|[from] item: Leftovers
|-damage|p1a: Heatran|0 fnt|[from] Leech Seed|[of] p2a: Whimsicott
|-heal|p2a: Whimsicott|298\/324|[silent]
|faint|p1a: Heatran
|
|switch|p1a: Kyurem-Black|Kyurem-Black|405\/405
|-damage|p1a: Kyurem-Black|304\/405|[from] Stealth Rock
|-ability|p1a: Kyurem-Black|Teravolt
|turn|43
|
|move|p2a: Whimsicott|Leech Seed|p1a: Kyurem-Black
|-start|p1a: Kyurem-Black|move: Leech Seed
|move|p1a: Kyurem-Black|Ice Beam|p2a: Whimsicott
|-crit|p2a: Whimsicott
|-supereffective|p2a: Whimsicott
|-end|p2a: Whimsicott|Substitute
|
|-heal|p1a: Kyurem-Black|329\/405|[from] item: Leftovers
|-heal|p2a: Whimsicott|318\/324|[from] item: Leftovers
|-damage|p1a: Kyurem-Black|279\/405|[from] Leech Seed|[of] p2a: Whimsicott
|-heal|p2a: Whimsicott|324\/324|[silent]
|turn|44
|
|move|p2a: Whimsicott|Substitute|p2a: Whimsicott
|-start|p2a: Whimsicott|Substitute
|-damage|p2a: Whimsicott|243\/324
|move|p1a: Kyurem-Black|Ice Beam|p2a: Whimsicott
|-supereffective|p2a: Whimsicott
|-end|p2a: Whimsicott|Substitute
|
|-heal|p1a: Kyurem-Black|304\/405|[from] item: Leftovers
|-heal|p2a: Whimsicott|263\/324|[from] item: Leftovers
|-damage|p1a: Kyurem-Black|254\/405|[from] Leech Seed|[of] p2a: Whimsicott
|-heal|p2a: Whimsicott|313\/324|[silent]
|turn|45
|
|move|p2a: Whimsicott|Substitute|p2a: Whimsicott
|-start|p2a: Whimsicott|Substitute
|-damage|p2a: Whimsicott|232\/324
|move|p1a: Kyurem-Black|Ice Beam|p2a: Whimsicott
|-supereffective|p2a: Whimsicott
|-end|p2a: Whimsicott|Substitute
|
|-heal|p1a: Kyurem-Black|279\/405|[from] item: Leftovers
|-heal|p2a: Whimsicott|252\/324|[from] item: Leftovers
|-damage|p1a: Kyurem-Black|229\/405|[from] Leech Seed|[of] p2a: Whimsicott
|-heal|p2a: Whimsicott|302\/324|[silent]
|turn|46
|
|move|p2a: Whimsicott|Substitute|p2a: Whimsicott
|-start|p2a: Whimsicott|Substitute
|-damage|p2a: Whimsicott|221\/324
|move|p1a: Kyurem-Black|Ice Beam|p2a: Whimsicott
|-supereffective|p2a: Whimsicott
|-end|p2a: Whimsicott|Substitute
|
|-heal|p1a: Kyurem-Black|254\/405|[from] item: Leftovers
|-heal|p2a: Whimsicott|241\/324|[from] item: Leftovers
|-damage|p1a: Kyurem-Black|204\/405|[from] Leech Seed|[of] p2a: Whimsicott
|-heal|p2a: Whimsicott|291\/324|[silent]
|turn|47
|
|switch|p2a: Sylveon|Sylveon, F|289\/394
|-damage|p2a: Sylveon|240\/394|[from] Stealth Rock
|move|p1a: Kyurem-Black|Ice Beam|p2a: Sylveon
|-damage|p2a: Sylveon|134\/394
|
|-heal|p1a: Kyurem-Black|229\/405|[from] item: Leftovers
|-heal|p2a: Sylveon|158\/394|[from] item: Leftovers
|-damage|p1a: Kyurem-Black|179\/405|[from] Leech Seed|[of] p2a: Sylveon
|-heal|p2a: Sylveon|208\/394|[silent]
|turn|48
|
|switch|p1a: Keldeo|Keldeo|323\/323
|-damage|p1a: Keldeo|303\/323|[from] Stealth Rock
|move|p2a: Sylveon|Wish|p2a: Sylveon
|
|-heal|p2a: Sylveon|232\/394|[from] item: Leftovers
|turn|49
|
|move|p1a: Keldeo|Hydro Pump|p2a: Sylveon|[miss]
|-miss|p1a: Keldeo|p2a: Sylveon
|move|p2a: Sylveon|Hyper Voice|p1a: Keldeo
|-supereffective|p1a: Keldeo
|-damage|p1a: Keldeo|0 fnt
|faint|p1a: Keldeo
|
|-heal|p2a: Sylveon|394\/394|[from] move: Wish|[wisher] Sylveon
|
|switch|p1a: Mew|Mew|378\/404
|-damage|p1a: Mew|328\/404|[from] Stealth Rock
|turn|50
|
|move|p1a: Mew|Will-O-Wisp|p2a: Sylveon
|-status|p2a: Sylveon|brn
|move|p2a: Sylveon|Hyper Voice|p1a: Mew
|-damage|p1a: Mew|193\/404
|
|-heal|p1a: Mew|218\/404|[from] item: Leftovers
|-damage|p2a: Sylveon|345\/394 brn|[from] brn
|turn|51
|
|move|p1a: Mew|Will-O-Wisp|p2a: Sylveon
|-fail|p2a: Sylveon|brn
|move|p2a: Sylveon|Toxic|p1a: Mew
|-status|p1a: Mew|tox
|
|-heal|p1a: Mew|243\/404 tox|[from] item: Leftovers
|-heal|p2a: Sylveon|369\/394 brn|[from] item: Leftovers
|-damage|p1a: Mew|218\/404 tox|[from] psn
|-damage|p2a: Sylveon|320\/394 brn|[from] brn
|turn|52
|
|move|p1a: Mew|Roost|p1a: Mew
|-heal|p1a: Mew|404\/404 tox
|move|p2a: Sylveon|Hyper Voice|p1a: Mew
|-damage|p1a: Mew|287\/404 tox
|
|-heal|p1a: Mew|312\/404 tox|[from] item: Leftovers
|-heal|p2a: Sylveon|344\/394 brn|[from] item: Leftovers
|-damage|p1a: Mew|262\/404 tox|[from] psn
|-damage|p2a: Sylveon|295\/394 brn|[from] brn
|turn|53
|
|move|p1a: Mew|Taunt|p2a: Sylveon
|-start|p2a: Sylveon|move: Taunt
|move|p2a: Sylveon|Hyper Voice|p1a: Mew
|-damage|p1a: Mew|126\/404 tox
|
|-heal|p1a: Mew|151\/404 tox|[from] item: Leftovers
|-heal|p2a: Sylveon|319\/394 brn|[from] item: Leftovers
|-damage|p1a: Mew|76\/404 tox|[from] psn
|-damage|p2a: Sylveon|270\/394 brn|[from] brn
|turn|54
|
|move|p1a: Mew|Roost|p1a: Mew
|-heal|p1a: Mew|278\/404 tox
|move|p2a: Sylveon|Hyper Voice|p1a: Mew
|-damage|p1a: Mew|160\/404 tox
|
|-heal|p1a: Mew|185\/404 tox|[from] item: Leftovers
|-heal|p2a: Sylveon|294\/394 brn|[from] item: Leftovers
|-damage|p1a: Mew|85\/404 tox|[from] psn
|-damage|p2a: Sylveon|245\/394 brn|[from] brn
|turn|55
|
|move|p1a: Mew|Roost|p1a: Mew
|-heal|p1a: Mew|287\/404 tox
|move|p2a: Sylveon|Hyper Voice|p1a: Mew
|-damage|p1a: Mew|161\/404 tox
|
|-heal|p1a: Mew|186\/404 tox|[from] item: Leftovers
|-heal|p2a: Sylveon|269\/394 brn|[from] item: Leftovers
|-damage|p1a: Mew|61\/404 tox|[from] psn
|-damage|p2a: Sylveon|220\/394 brn|[from] brn
|-end|p2a: Sylveon|move: Taunt
|turn|56
|
|move|p1a: Mew|Taunt|p2a: Sylveon
|-start|p2a: Sylveon|move: Taunt
|move|p2a: Sylveon|Hyper Voice|p1a: Mew
|-crit|p1a: Mew
|-damage|p1a: Mew|0 fnt
|faint|p1a: Mew
|
|-heal|p2a: Sylveon|244\/394 brn|[from] item: Leftovers
|-damage|p2a: Sylveon|195\/394 brn|[from] brn
|
|switch|p1a: Kyurem-Black|Kyurem-Black|179\/405
|-damage|p1a: Kyurem-Black|78\/405|[from] Stealth Rock
|-ability|p1a: Kyurem-Black|Teravolt
|turn|57
|
|move|p1a: Kyurem-Black|Fusion Bolt|p2a: Sylveon
|-damage|p2a: Sylveon|27\/394 brn
|move|p2a: Sylveon|Hyper Voice|p1a: Kyurem-Black
|-supereffective|p1a: Kyurem-Black
|-damage|p1a: Kyurem-Black|0 fnt
|faint|p1a: Kyurem-Black
|
|win|benvu321
|raw|Ladder updating...
|raw|Ryuk97's rating: 1699 &rarr; <strong>1672<\/strong><br \/>(-27 for losing)
|raw|benvu321's rating: 1581 &rarr; <strong>1608<\/strong><br \/>(+27 for winning)
|c|âbenvu321|gg
|leave|Ryuk97
|player|p1