|join|Ryuk97
|join|Torterrakion
|player|p1|Ryuk97|99
|player|p2|Torterrakion|163
|gametype|singles
|gen|6
|tier|OU
|rated
|clearpoke
|poke|p1|Scizor, M
|poke|p1|Latios, M
|poke|p1|Heatran, M
|poke|p1|Slowbro, M
|poke|p1|Tornadus-Therian, M
|poke|p1|Amoonguss, F
|poke|p2|Hippowdon, M
|poke|p2|Rotom-Wash
|poke|p2|Excadrill, F
|poke|p2|Garchomp, M
|poke|p2|Blissey, F
|poke|p2|Celebi
|rule|Swagger Clause: Swagger is banned
|rule|Baton Pass Clause: Limit one PokÃ©mon knowing Baton Pass
|rule|Sleep Clause Mod: Limit one foe put to sleep
|rule|Species Clause: Limit one of each PokÃ©mon
|rule|OHKO Clause: OHKO moves are banned
|rule|Moody Clause: Moody is banned
|rule|Evasion Moves Clause: Evasion moves are banned
|rule|Endless Battle Clause: Forcing endless battles is banned
|rule|HP Percentage Mod: HP is shown in percentages
|teampreview
|
|start
|switch|p1a: Slowbro|Slowbro, M|394\/394
|switch|p2a: Rotom-Wash|Rotom-Wash|304\/304
|turn|1
|
|move|p2a: Rotom-Wash|Volt Switch|p1a: Slowbro
|-crit|p1a: Slowbro
|-supereffective|p1a: Slowbro
|-damage|p1a: Slowbro|64\/394
|
|switch|p2a: Celebi|Celebi|404\/404
|move|p1a: Slowbro|Slack Off|p1a: Slowbro
|-heal|p1a: Slowbro|261\/394
|
|turn|2
|
|switch|p1a: Heatran|Heatran, M|385\/385
|move|p2a: Celebi|Swords Dance|p2a: Celebi
|-boost|p2a: Celebi|atk|2
|
|turn|3
|
|move|p2a: Celebi|Baton Pass|p2a: Celebi
|
|switch|p2a: Garchomp|Garchomp, M|357\/357
|move|p1a: Heatran|Roar|p2a: Garchomp
|drag|p2a: Blissey|Blissey, F|652\/652
|
|turn|4
|
|move|p1a: Heatran|Taunt|p2a: Blissey
|-start|p2a: Blissey|move: Taunt
|move|p2a: Blissey|Seismic Toss|p1a: Heatran
|-damage|p1a: Heatran|285\/385
|
|-heal|p1a: Heatran|309\/385|[from] item: Leftovers
|turn|5
|
|switch|p2a: Hippowdon|Hippowdon, M|420\/420
|-weather|Sandstorm
|move|p1a: Heatran|Stealth Rock|p2a: Hippowdon
|-sidestart|p2: Torterrakion|move: Stealth Rock
|
|-weather|Sandstorm|[upkeep]
|-heal|p1a: Heatran|333\/385|[from] item: Leftovers
|turn|6
|
|switch|p1a: Slowbro|Slowbro, M|392\/394
|move|p2a: Hippowdon|Stealth Rock|p1a: Slowbro
|-sidestart|p1: Ryuk97|move: Stealth Rock
|
|-weather|Sandstorm|[upkeep]
|-damage|p1a: Slowbro|368\/394|[from] sandstorm
|turn|7
|
|switch|p2a: Celebi|Celebi|404\/404
|-damage|p2a: Celebi|354\/404|[from] Stealth Rock
|move|p1a: Slowbro|Scald|p2a: Celebi
|-resisted|p2a: Celebi
|-damage|p2a: Celebi|317\/404
|
|-weather|Sandstorm|[upkeep]
|-damage|p2a: Celebi|292\/404|[from] sandstorm
|-damage|p1a: Slowbro|344\/394|[from] sandstorm
|-heal|p2a: Celebi|317\/404|[from] item: Leftovers
|turn|8
|
|switch|p1a: Scizor|Scizor, M|343\/343
|-damage|p1a: Scizor|301\/343|[from] Stealth Rock
|move|p2a: Celebi|Baton Pass|p2a: Celebi
|
|switch|p2a: Garchomp|Garchomp, M|357\/357
|-damage|p2a: Garchomp|335\/357|[from] Stealth Rock
|
|-weather|Sandstorm|[upkeep]
|turn|9
|
|detailschange|p2a: Garchomp|Garchomp-Mega, M
|message|Garchomp has Mega Evolved into Mega Garchomp!
|detailschange|p1a: Scizor|Scizor-Mega, M
|message|Scizor has Mega Evolved into Mega Scizor!
|move|p2a: Garchomp|Earthquake|p1a: Scizor
|-damage|p1a: Scizor|91\/343
|move|p1a: Scizor|Knock Off|p2a: Garchomp
|-crit|p2a: Garchomp
|-damage|p2a: Garchomp|233\/357
|
|-weather|Sandstorm|[upkeep]
|turn|10
|
|switch|p1a: Tornadus-Therian|Tornadus-Therian, M|332\/332
|-damage|p1a: Tornadus-Therian|249\/332|[from] Stealth Rock
|move|p2a: Garchomp|Earthquake|p1a: Tornadus-Therian
|-immune|p1a: Tornadus-Therian|[msg]
|
|-weather|Sandstorm|[upkeep]
|-damage|p1a: Tornadus-Therian|229\/332|[from] sandstorm
|turn|11
|
|switch|p2a: Rotom-Wash|Rotom-Wash|304\/304
|-damage|p2a: Rotom-Wash|266\/304|[from] Stealth Rock
|move|p1a: Tornadus-Therian|Hurricane|p2a: Rotom-Wash
|-resisted|p2a: Rotom-Wash
|-damage|p2a: Rotom-Wash|192\/304
|
|-weather|Sandstorm|[upkeep]
|-damage|p1a: Tornadus-Therian|209\/332|[from] sandstorm
|-damage|p2a: Rotom-Wash|173\/304|[from] sandstorm
|-heal|p2a: Rotom-Wash|192\/304|[from] item: Leftovers
|turn|12
|
|move|p1a: Tornadus-Therian|U-turn|p2a: Rotom-Wash
|-crit|p2a: Rotom-Wash
|-damage|p2a: Rotom-Wash|144\/304
|
|switch|p1a: Amoonguss|Amoonguss, F|432\/432
|-damage|p1a: Amoonguss|378\/432|[from] Stealth Rock
|move|p2a: Rotom-Wash|Volt Switch|p1a: Amoonguss
|-resisted|p1a: Amoonguss
|-damage|p1a: Amoonguss|325\/432
|
|switch|p2a: Excadrill|Excadrill, F|361\/361
|-damage|p2a: Excadrill|350\/361|[from] Stealth Rock
|
|-weather|none
|-heal|p1a: Amoonguss|352\/432|[from] item: Black Sludge
|turn|13
|
|move|p2a: Excadrill|Earthquake|p1a: Amoonguss
|-crit|p1a: Amoonguss
|-damage|p1a: Amoonguss|21\/432
|-damage|p2a: Excadrill|314\/361|[from] item: Life Orb
|move|p1a: Amoonguss|Foul Play|p2a: Excadrill
|-damage|p2a: Excadrill|156\/361
|
|-heal|p1a: Amoonguss|48\/432|[from] item: Black Sludge
|turn|14
|
|switch|p1a: Slowbro|Slowbro, M|394\/394
|-damage|p1a: Slowbro|345\/394|[from] Stealth Rock
|move|p2a: Excadrill|Iron Head|p1a: Slowbro
|-crit|p1a: Slowbro
|-resisted|p1a: Slowbro
|-damage|p1a: Slowbro|238\/394
|-damage|p2a: Excadrill|96\/361|[from] item: Rocky Helmet|[of] p1a: Slowbro
|-damage|p2a: Excadrill|60\/361|[from] item: Life Orb
|
|turn|15
|
|switch|p2a: Celebi|Celebi|317\/404
|-damage|p2a: Celebi|267\/404|[from] Stealth Rock
|move|p1a: Slowbro|Slack Off|p1a: Slowbro
|-heal|p1a: Slowbro|394\/394
|
|-heal|p2a: Celebi|292\/404|[from] item: Leftovers
|turn|16
|
|move|p2a: Celebi|Giga Drain|p1a: Slowbro
|-supereffective|p1a: Slowbro
|-damage|p1a: Slowbro|170\/394
|-heal|p2a: Celebi|404\/404|[from] drain|[of] p1a: Slowbro
|move|p1a: Slowbro|Scald|p2a: Celebi
|-resisted|p2a: Celebi
|-damage|p2a: Celebi|364\/404
|
|-heal|p2a: Celebi|389\/404|[from] item: Leftovers
|turn|17
|
|switch|p1a: Amoonguss|Amoonguss, F|192\/432
|-damage|p1a: Amoonguss|138\/432|[from] Stealth Rock
|move|p2a: Celebi|Baton Pass|p2a: Celebi
|
|switch|p2a: Garchomp|Garchomp-Mega, M|233\/357
|-damage|p2a: Garchomp|211\/357|[from] Stealth Rock
|
|-heal|p1a: Amoonguss|165\/432|[from] item: Black Sludge
|turn|18
|
|switch|p1a: Tornadus-Therian|Tornadus-Therian, M|319\/332
|-damage|p1a: Tornadus-Therian|236\/332|[from] Stealth Rock
|move|p2a: Garchomp|Dragon Claw|p1a: Tornadus-Therian
|-damage|p1a: Tornadus-Therian|8\/332
|
|turn|19
|
|switch|p2a: Blissey|Blissey, F|652\/652
|-damage|p2a: Blissey|571\/652|[from] Stealth Rock
|move|p1a: Tornadus-Therian|Hurricane|p2a: Blissey
|-damage|p2a: Blissey|460\/652
|
|turn|20
|
|move|p1a: Tornadus-Therian|U-turn|p2a: Blissey
|-damage|p2a: Blissey|377\/652
|
|switch|p1a: Heatran|Heatran, M|333\/385
|-damage|p1a: Heatran|285\/385|[from] Stealth Rock
|move|p2a: Blissey|Wish|p2a: Blissey
|
|-heal|p1a: Heatran|309\/385|[from] item: Leftovers
|turn|21
|
|move|p2a: Blissey|Seismic Toss|p1a: Heatran
|-damage|p1a: Heatran|209\/385
|move|p1a: Heatran|Roar|p2a: Blissey
|drag|p2a: Celebi|Celebi|389\/404
|-damage|p2a: Celebi|339\/404|[from] Stealth Rock
|
|-heal|p2a: Celebi|404\/404|[from] move: Wish|[wisher] Blissey
|-heal|p1a: Heatran|233\/385|[from] item: Leftovers
|turn|22
|
|switch|p2a: Blissey|Blissey, F|377\/652
|-damage|p2a: Blissey|296\/652|[from] Stealth Rock
|move|p1a: Heatran|Lava Plume|p2a: Blissey
|-damage|p2a: Blissey|227\/652
|-status|p2a: Blissey|brn
|
|-heal|p1a: Heatran|257\/385|[from] item: Leftovers
|-damage|p2a: Blissey|146\/652 brn|[from] brn
|turn|23
|
|move|p1a: Heatran|Taunt|p2a: Blissey
|-start|p2a: Blissey|move: Taunt
|cant|p2a: Blissey|move: Taunt|Wish
|
|-heal|p1a: Heatran|281\/385|[from] item: Leftovers
|-damage|p2a: Blissey|65\/652 brn|[from] brn
|turn|24
|
|move|p1a: Heatran|Lava Plume|p2a: Blissey
|-damage|p2a: Blissey|0 fnt
|faint|p2a: Blissey
|
|-heal|p1a: Heatran|305\/385|[from] item: Leftovers
|
|switch|p2a: Garchomp|Garchomp-Mega, M|211\/357
|-damage|p2a: Garchomp|189\/357|[from] Stealth Rock
|turn|25
|
|switch|p1a: Tornadus-Therian|Tornadus-Therian, M|118\/332
|-damage|p1a: Tornadus-Therian|35\/332|[from] Stealth Rock
|move|p2a: Garchomp|Dragon Claw|p1a: Tornadus-Therian
|-damage|p1a: Tornadus-Therian|0 fnt
|faint|p1a: Tornadus-Therian
|
|
|switch|p1a: Latios|Latios, M|301\/301
|-damage|p1a: Latios|264\/301|[from] Stealth Rock
|turn|26
|
|switch|p2a: Celebi|Celebi|404\/404
|-damage|p2a: Celebi|354\/404|[from] Stealth Rock
|move|p1a: Latios|Draco Meteor|p2a: Celebi
|-damage|p2a: Celebi|111\/404
|-unboost|p1a: Latios|spa|2
|-damage|p1a: Latios|234\/301|[from] item: Life Orb
|
|-heal|p2a: Celebi|136\/404|[from] item: Leftovers
|turn|27
|
|move|p1a: Latios|Draco Meteor|p2a: Celebi
|-damage|p2a: Celebi|19\/404
|-unboost|p1a: Latios|spa|2
|-damage|p1a: Latios|204\/301|[from] item: Life Orb
|move|p2a: Celebi|Recover|p2a: Celebi
|-heal|p2a: Celebi|221\/404
|
|-heal|p2a: Celebi|246\/404|[from] item: Leftovers
|turn|28
|
|switch|p1a: Heatran|Heatran, M|305\/385
|-damage|p1a: Heatran|257\/385|[from] Stealth Rock
|move|p2a: Celebi|Baton Pass|p2a: Celebi
|
|switch|p2a: Garchomp|Garchomp-Mega, M|189\/357
|-damage|p2a: Garchomp|167\/357|[from] Stealth Rock
|
|-heal|p1a: Heatran|281\/385|[from] item: Leftovers
|turn|29
|
|switch|p1a: Slowbro|Slowbro, M|301\/394
|-damage|p1a: Slowbro|252\/394|[from] Stealth Rock
|move|p2a: Garchomp|Earthquake|p1a: Slowbro
|-damage|p1a: Slowbro|108\/394
|
|turn|30
|
|switch|p1a: Amoonguss|Amoonguss, F|309\/432
|-damage|p1a: Amoonguss|255\/432|[from] Stealth Rock
|move|p2a: Garchomp|Earthquake|p1a: Amoonguss
|-damage|p1a: Amoonguss|60\/432
|
|-heal|p1a: Amoonguss|87\/432|[from] item: Black Sludge
|turn|31
|
|move|p2a: Garchomp|Dragon Claw|p1a: Amoonguss
|-damage|p1a: Amoonguss|0 fnt
|faint|p1a: Amoonguss
|
|
|switch|p1a: Latios|Latios, M|204\/301
|-damage|p1a: Latios|167\/301|[from] Stealth Rock
|turn|32
|
|switch|p2a: Hippowdon|Hippowdon, M|420\/420
|-damage|p2a: Hippowdon|394\/420|[from] Stealth Rock
|-weather|Sandstorm
|move|p1a: Latios|Draco Meteor|p2a: Hippowdon
|-damage|p2a: Hippowdon|0 fnt
|-unboost|p1a: Latios|spa|2
|-damage|p1a: Latios|137\/301|[from] item: Life Orb
|faint|p2a: Hippowdon
|
|-weather|Sandstorm|[upkeep]
|-damage|p1a: Latios|119\/301|[from] sandstorm
|
|switch|p2a: Excadrill|Excadrill, F|60\/361
|-damage|p2a: Excadrill|49\/361|[from] Stealth Rock
|turn|33
|
|move|p2a: Excadrill|Earthquake|p1a: Latios
|-immune|p1a: Latios|[msg]
|move|p1a: Latios|Draco Meteor|p2a: Excadrill
|-resisted|p2a: Excadrill
|-damage|p2a: Excadrill|0 fnt
|-unboost|p1a: Latios|spa|2
|-damage|p1a: Latios|89\/301|[from] item: Life Orb
|faint|p2a: Excadrill
|
|-weather|Sandstorm|[upkeep]
|-damage|p1a: Latios|71\/301|[from] sandstorm
|
|switch|p2a: Celebi|Celebi|246\/404
|-damage|p2a: Celebi|196\/404|[from] Stealth Rock
|turn|34
|
|move|p1a: Latios|Roost|p1a: Latios
|-heal|p1a: Latios|222\/301
|move|p2a: Celebi|Recover|p2a: Celebi
|-heal|p2a: Celebi|398\/404
|
|-weather|Sandstorm|[upkeep]
|-damage|p1a: Latios|204\/301|[from] sandstorm
|-damage|p2a: Celebi|373\/404|[from] sandstorm
|-heal|p2a: Celebi|398\/404|[from] item: Leftovers
|turn|35
|
|switch|p1a: Heatran|Heatran, M|281\/385
|-damage|p1a: Heatran|233\/385|[from] Stealth Rock
|move|p2a: Celebi|Baton Pass|p2a: Celebi
|
|switch|p2a: Garchomp|Garchomp-Mega, M|167\/357
|-damage|p2a: Garchomp|145\/357|[from] Stealth Rock
|
|-weather|Sandstorm|[upkeep]
|-heal|p1a: Heatran|257\/385|[from] item: Leftovers
|turn|36
|
|switch|p1a: Scizor|Scizor-Mega, M|91\/343
|-damage|p1a: Scizor|49\/343|[from] Stealth Rock
|move|p2a: Garchomp|Earthquake|p1a: Scizor
|-damage|p1a: Scizor|0 fnt
|faint|p1a: Scizor
|
|-weather|Sandstorm|[upkeep]
|
|switch|p1a: Slowbro|Slowbro, M|239\/394
|-damage|p1a: Slowbro|190\/394|[from] Stealth Rock
|turn|37
|
|move|p2a: Garchomp|Swords Dance|p2a: Garchomp
|-boost|p2a: Garchomp|atk|2
|move|p1a: Slowbro|Scald|p2a: Garchomp
|-damage|p2a: Garchomp|43\/357
|-status|p2a: Garchomp|brn
|
|-weather|Sandstorm|[upkeep]
|-damage|p1a: Slowbro|166\/394|[from] sandstorm
|-damage|p2a: Garchomp|0 fnt|[from] brn
|faint|p2a: Garchomp
|
|switch|p2a: Rotom-Wash|Rotom-Wash|144\/304
|-damage|p2a: Rotom-Wash|106\/304|[from] Stealth Rock
|turn|38
|
|move|p2a: Rotom-Wash|Pain Split|p1a: Slowbro
|-sethp|p1a: Slowbro|136\/394|p2a: Rotom-Wash|136\/304|[from] move: Pain Split
|move|p1a: Slowbro|Psyshock|p2a: Rotom-Wash
|-damage|p2a: Rotom-Wash|70\/304
|
|-weather|Sandstorm|[upkeep]
|-damage|p2a: Rotom-Wash|51\/304|[from] sandstorm
|-damage|p1a: Slowbro|112\/394|[from] sandstorm
|-heal|p2a: Rotom-Wash|70\/304|[from] item: Leftovers
|turn|39
|
|move|p2a: Rotom-Wash|Volt Switch|p1a: Slowbro
|-supereffective|p1a: Slowbro
|-damage|p1a: Slowbro|0 fnt
|faint|p1a: Slowbro
|
|switch|p2a: Celebi|Celebi|398\/404
|-damage|p2a: Celebi|348\/404|[from] Stealth Rock
|
|-weather|none
|-heal|p2a: Celebi|373\/404|[from] item: Leftovers
|
|switch|p1a: Heatran|Heatran, M|257\/385
|-damage|p1a: Heatran|209\/385|[from] Stealth Rock
|turn|40
|-message|Torterrakion forfeited.
|
|win|Ryuk97
|raw|Ladder updating...
|leave|Torterrakion
|player|p2
|raw|Ryuk97's rating: 1713 &rarr; <strong>1728<\/strong><br \/>(+15 for winning)
|raw|Torterrakion's rating: 1626 &rarr; <strong>1611<\/strong><br \/>(-15 for losing)