|join|SL D. FullBuster
|join|Ryuk97
|player|p1|SL D. FullBuster|76
|player|p2|Ryuk97|99
|gametype|singles
|gen|6
|tier|OU
|rated
|clearpoke
|poke|p1|Gardevoir, M, shiny
|poke|p1|Bisharp, M, shiny
|poke|p1|Zapdos, shiny
|poke|p1|Landorus-Therian, M
|poke|p1|Keldeo-Resolute
|poke|p1|Doublade, F, shiny
|poke|p2|Azelf
|poke|p2|Landorus-Therian, M
|poke|p2|Thundurus, M
|poke|p2|Keldeo
|poke|p2|Manectric, F
|poke|p2|Bisharp, F
|rule|Swagger Clause: Swagger is banned
|rule|Baton Pass Clause: Limit one PokÃ©mon knowing Baton Pass
|rule|Sleep Clause Mod: Limit one foe put to sleep
|rule|Species Clause: Limit one of each PokÃ©mon
|rule|OHKO Clause: OHKO moves are banned
|rule|Moody Clause: Moody is banned
|rule|Evasion Moves Clause: Evasion moves are banned
|rule|Endless Battle Clause: Forcing endless battles is banned
|rule|HP Percentage Mod: HP is shown in percentages
|teampreview
|
|start
|switch|p1a: TherianHeart|Landorus-Therian, M|357\/357
|switch|p2a: Azelf|Azelf|291\/291
|-ability|p1a: TherianHeart|Intimidate|[of] p2a: Azelf
|-unboost|p2a: Azelf|atk|1
|turn|1
|
|move|p2a: Azelf|Stealth Rock|p1a: TherianHeart
|-sidestart|p1: SL D. FullBuster|move: Stealth Rock
|move|p1a: TherianHeart|U-turn|p2a: Azelf
|-supereffective|p2a: Azelf
|-damage|p2a: Azelf|73\/291
|
|switch|p1a: Bisharp|Bisharp, M, shiny|271\/271
|-damage|p1a: Bisharp|255\/271|[from] Stealth Rock
|
|turn|2
|
|move|p1a: Bisharp|Sucker Punch|p2a: Azelf
|-supereffective|p2a: Azelf
|-damage|p2a: Azelf|0 fnt
|faint|p2a: Azelf
|
|
|switch|p2a: Keldeo|Keldeo|322\/322
|turn|3
|
|switch|p1a: Resolutite|Keldeo-Resolute|351\/351
|-damage|p1a: Resolutite|330\/351|[from] Stealth Rock
|move|p2a: Keldeo|Hydro Pump|p1a: Resolutite
|-resisted|p1a: Resolutite
|-damage|p1a: Resolutite|165\/351
|
|-heal|p1a: Resolutite|186\/351|[from] item: Leftovers
|turn|4
|
|move|p2a: Keldeo|Hydro Pump|p1a: Resolutite
|-crit|p1a: Resolutite
|-resisted|p1a: Resolutite
|-damage|p1a: Resolutite|0 fnt
|faint|p1a: Resolutite
|
|
|switch|p1a: Zapstrike|Zapdos, shiny|381\/381
|-damage|p1a: Zapstrike|286\/381|[from] Stealth Rock
|-ability|p1a: Zapstrike|Pressure
|turn|5
|
|switch|p2a: Bisharp|Bisharp, F|271\/271
|move|p1a: Zapstrike|Defog|p2a: Bisharp
|-unboost|p2a: Bisharp|evasion|1
|-boost|p2a: Bisharp|atk|2|[from] ability: Defiant
|-sideend|p1: SL D. FullBuster|Stealth Rock|[from] move: Defog|[of] p1a: Zapstrike
|
|-heal|p1a: Zapstrike|309\/381|[from] item: Leftovers
|turn|6
|
|switch|p1a: Bisharp|Bisharp, M, shiny|255\/271
|move|p2a: Bisharp|Knock Off|p1a: Bisharp
|-resisted|p1a: Bisharp
|-damage|p1a: Bisharp|79\/271
|-enditem|p1a: Bisharp|Lum Berry|[from] move: Knock Off|[of] p2a: Bisharp
|
|turn|7
|
|move|p2a: Bisharp|Sucker Punch|p1a: Bisharp
|-resisted|p1a: Bisharp
|-damage|p1a: Bisharp|0 fnt
|faint|p1a: Bisharp
|
|
|switch|p1a: TherianHeart|Landorus-Therian, M|357\/357
|-ability|p1a: TherianHeart|Intimidate|[of] p2a: Bisharp
|-unboost|p2a: Bisharp|atk|1
|-boost|p2a: Bisharp|atk|2|[from] ability: Defiant
|turn|8
|
|move|p1a: TherianHeart|Earthquake|p2a: Bisharp
|-supereffective|p2a: Bisharp
|-enditem|p2a: Bisharp|Focus Sash
|-damage|p2a: Bisharp|1\/271
|move|p2a: Bisharp|Knock Off|p1a: TherianHeart
|-damage|p1a: TherianHeart|0 fnt
|-enditem|p1a: TherianHeart|Leftovers|[from] move: Knock Off|[of] p2a: Bisharp
|faint|p1a: TherianHeart
|
|
|switch|p1a: Zapstrike|Zapdos, shiny|309\/381
|-ability|p1a: Zapstrike|Pressure
|turn|9
|
|move|p1a: Zapstrike|Roost|p1a: Zapstrike
|-heal|p1a: Zapstrike|381\/381
|move|p2a: Bisharp|Knock Off|p1a: Zapstrike
|-damage|p1a: Zapstrike|0 fnt
|-enditem|p1a: Zapstrike|Leftovers|[from] move: Knock Off|[of] p2a: Bisharp
|faint|p1a: Zapstrike
|
|
|switch|p1a: Gardevoir|Gardevoir, M, shiny|277\/277
|-ability|p1a: Gardevoir|Defiant|[from] ability: Trace|[of] p2a: Bisharp
|turn|10
|
|detailschange|p1a: Gardevoir|Gardevoir-Mega, M, shiny
|message|Gardevoir has Mega Evolved into Mega Gardevoir!
|move|p2a: Bisharp|Sucker Punch|p1a: Gardevoir
|-fail|p1a: Gardevoir
|move|p1a: Gardevoir|Taunt|p2a: Bisharp
|-start|p2a: Bisharp|move: Taunt
|
|turn|11
|
|switch|p1a: Doublade|Doublade, F, shiny|321\/321
|move|p2a: Bisharp|Sucker Punch|p1a: Doublade
|-fail|p1a: Doublade
|
|turn|12
|
|move|p2a: Bisharp|Sucker Punch|p1a: Doublade
|-supereffective|p1a: Doublade
|-damage|p1a: Doublade|0 fnt
|faint|p1a: Doublade
|
|
|switch|p1a: Gardevoir|Gardevoir-Mega, M, shiny|277\/277
|turn|13
|
|move|p2a: Bisharp|Sucker Punch|p1a: Gardevoir
|-damage|p1a: Gardevoir|0 fnt
|faint|p1a: Gardevoir
|
|win|Ryuk97
|raw|Ladder updating...
|leave|SL D. FullBuster
|player|p1
|raw|SL D. FullBuster's rating: 1863 &rarr; <strong>1837<\/strong><br \/>(-26 for losing)
|raw|Ryuk97's rating: 1746 &rarr; <strong>1773<\/strong><br \/>(+27 for winning)