|join|This game is aids
|join|Ryuk97
|player|p1|This game is aids|4
|player|p2|Ryuk97|99
|gametype|singles
|gen|6
|tier|OU
|rated
|clearpoke
|poke|p1|Tyranitar, F
|poke|p1|Excadrill, M
|poke|p1|Greninja, F
|poke|p1|Pinsir, M
|poke|p1|Talonflame, M
|poke|p1|Dragonite, M
|poke|p2|Gallade, M
|poke|p2|Rotom-Wash
|poke|p2|Ferrothorn, F
|poke|p2|Latias, F
|poke|p2|Talonflame, M
|poke|p2|Greninja, F
|rule|Swagger Clause: Swagger is banned
|rule|Baton Pass Clause: Limit one PokÃ©mon knowing Baton Pass
|rule|Sleep Clause Mod: Limit one foe put to sleep
|rule|Species Clause: Limit one of each PokÃ©mon
|rule|OHKO Clause: OHKO moves are banned
|rule|Moody Clause: Moody is banned
|rule|Evasion Moves Clause: Evasion moves are banned
|rule|Endless Battle Clause: Forcing endless battles is banned
|rule|HP Percentage Mod: HP is shown in percentages
|teampreview
|
|start
|switch|p1a: Greninja|Greninja, F|286\/286
|switch|p2a: Gallade|Gallade, M|277\/277
|turn|1
|
|switch|p2a: Ferrothorn|Ferrothorn, F|351\/351
|move|p1a: Greninja|Hydro Pump|p2a: Ferrothorn
|-start|p1a: Greninja|typechange|Water|[from] Protean
|-resisted|p2a: Ferrothorn
|-damage|p2a: Ferrothorn|263\/351
|-damage|p1a: Greninja|258\/286|[from] item: Life Orb
|
|-heal|p2a: Ferrothorn|284\/351|[from] item: Leftovers
|turn|2
|
|switch|p1a: Tyranitar|Tyranitar, F|341\/341
|-weather|Sandstorm
|move|p2a: Ferrothorn|Stealth Rock|p1a: Tyranitar
|-sidestart|p1: This game is aids|move: Stealth Rock
|
|-weather|Sandstorm|[upkeep]
|-heal|p2a: Ferrothorn|305\/351|[from] item: Leftovers
|turn|3
|
|move|p1a: Tyranitar|Fire Blast|p2a: Ferrothorn
|-supereffective|p2a: Ferrothorn
|-damage|p2a: Ferrothorn|5\/351
|-status|p2a: Ferrothorn|brn
|move|p2a: Ferrothorn|Gyro Ball|p1a: Tyranitar
|-supereffective|p1a: Tyranitar
|-damage|p1a: Tyranitar|189\/341
|
|-weather|Sandstorm|[upkeep]
|-heal|p2a: Ferrothorn|26\/351 brn|[from] item: Leftovers
|-damage|p2a: Ferrothorn|0 fnt|[from] brn
|faint|p2a: Ferrothorn
|
|switch|p2a: Gallade|Gallade, M|277\/277
|turn|4
|
|detailschange|p2a: Gallade|Gallade-Mega, M
|message|Gallade has Mega Evolved into Mega Gallade!
|move|p2a: Gallade|Close Combat|p1a: Tyranitar
|-supereffective|p1a: Tyranitar
|-damage|p1a: Tyranitar|0 fnt
|-unboost|p2a: Gallade|def|1
|-unboost|p2a: Gallade|spd|1
|faint|p1a: Tyranitar
|
|-weather|Sandstorm|[upkeep]
|-damage|p2a: Gallade|260\/277|[from] sandstorm
|
|switch|p1a: Greninja|Greninja, F|258\/286
|-damage|p1a: Greninja|223\/286|[from] Stealth Rock
|turn|5
|
|switch|p2a: Greninja|Greninja, F|285\/285
|move|p1a: Greninja|Hidden Power|p2a: Greninja
|-start|p1a: Greninja|typechange|Grass|[from] Protean
|-supereffective|p2a: Greninja
|-damage|p2a: Greninja|0 fnt
|-damage|p1a: Greninja|195\/286|[from] item: Life Orb
|faint|p2a: Greninja
|
|-weather|Sandstorm|[upkeep]
|-damage|p1a: Greninja|178\/286|[from] sandstorm
|
|switch|p2a: Talonflame|Talonflame, M|359\/359
|turn|6
|
|switch|p1a: Excadrill|Excadrill, M|369\/369
|-damage|p1a: Excadrill|358\/369|[from] Stealth Rock
|move|p2a: Talonflame|Will-O-Wisp|p1a: Excadrill
|-status|p1a: Excadrill|brn
|
|-weather|none
|-damage|p1a: Excadrill|312\/369 brn|[from] brn
|turn|7
|
|switch|p2a: Rotom-Wash|Rotom-Wash|303\/303
|move|p1a: Excadrill|Rapid Spin|p2a: Rotom-Wash
|-damage|p2a: Rotom-Wash|290\/303
|-sideend|p1: This game is aids|Stealth Rock|[from] move: Rapid Spin|[of] p1a: Excadrill
|-damage|p1a: Excadrill|276\/369 brn|[from] item: Life Orb
|
|-heal|p2a: Rotom-Wash|303\/303|[from] item: Leftovers
|-damage|p1a: Excadrill|230\/369 brn|[from] brn
|turn|8
|
|move|p1a: Excadrill|Rock Slide|p2a: Rotom-Wash
|-damage|p2a: Rotom-Wash|260\/303
|-damage|p1a: Excadrill|194\/369 brn|[from] item: Life Orb
|move|p2a: Rotom-Wash|Hydro Pump|p1a: Excadrill
|-supereffective|p1a: Excadrill
|-damage|p1a: Excadrill|0 fnt
|faint|p1a: Excadrill
|
|-heal|p2a: Rotom-Wash|278\/303|[from] item: Leftovers
|
|switch|p1a: Dragonite|Dragonite, M|323\/323
|turn|9
|
|move|p1a: Dragonite|Outrage|p2a: Rotom-Wash
|-damage|p2a: Rotom-Wash|28\/303
|move|p2a: Rotom-Wash|Thunder Wave|p1a: Dragonite
|-status|p1a: Dragonite|par
|
|-heal|p2a: Rotom-Wash|46\/303|[from] item: Leftovers
|turn|10
|
|move|p2a: Rotom-Wash|Pain Split|p1a: Dragonite
|-sethp|p1a: Dragonite|184\/323 par|p2a: Rotom-Wash|184\/303|[from] move: Pain Split
|move|p1a: Dragonite|Outrage|p2a: Rotom-Wash
|-damage|p2a: Rotom-Wash|0 fnt
|faint|p2a: Rotom-Wash
|
|-end|p1a: Dragonite|rampage
|-start|p1a: Dragonite|confusion
|
|switch|p2a: Gallade|Gallade-Mega, M|260\/277
|turn|11
|
|move|p2a: Gallade|Zen Headbutt|p1a: Dragonite
|-damage|p1a: Dragonite|12\/323 par
|-activate|p1a: Dragonite|confusion
|-damage|p1a: Dragonite|0 fnt|[from] confusion
|faint|p1a: Dragonite
|
|
|switch|p1a: Pinsir|Pinsir, M|271\/271
|turn|12
|
|detailschange|p1a: Pinsir|Pinsir-Mega, M
|message|Pinsir has Mega Evolved into Mega Pinsir!
|move|p2a: Gallade|Zen Headbutt|p1a: Pinsir
|-damage|p1a: Pinsir|112\/271
|move|p1a: Pinsir|Return|p2a: Gallade
|-supereffective|p2a: Gallade
|-damage|p2a: Gallade|0 fnt
|faint|p2a: Gallade
|
|
|switch|p2a: Talonflame|Talonflame, M|359\/359
|turn|13
|
|move|p1a: Pinsir|Quick Attack|p2a: Talonflame
|-damage|p2a: Talonflame|223\/359
|move|p2a: Talonflame|Brave Bird|p1a: Pinsir
|-supereffective|p1a: Pinsir
|-damage|p1a: Pinsir|0 fnt
|-damage|p2a: Talonflame|186\/359|[from] recoil|[of] p1a: Pinsir
|faint|p1a: Pinsir
|
|-heal|p2a: Talonflame|208\/359|[from] item: Leftovers
|
|switch|p1a: Talonflame|Talonflame, M|309\/309
|turn|14
|
|move|p1a: Talonflame|Brave Bird|p2a: Talonflame
|-crit|p2a: Talonflame
|-damage|p2a: Talonflame|0 fnt
|-damage|p1a: Talonflame|240\/309|[from] recoil|[of] p2a: Talonflame
|faint|p2a: Talonflame
|
|
|switch|p2a: Latias|Latias, F|319\/319
|turn|15
|
|move|p1a: Talonflame|Brave Bird|p2a: Latias
|-damage|p2a: Latias|103\/319
|-damage|p1a: Talonflame|169\/309|[from] recoil|[of] p2a: Latias
|move|p2a: Latias|Thunderbolt|p1a: Talonflame
|-supereffective|p1a: Talonflame
|-damage|p1a: Talonflame|0 fnt
|-damage|p2a: Latias|72\/319|[from] item: Life Orb
|faint|p1a: Talonflame
|
|-message|Ryuk97 forfeited.
|
|win|This game is aids
|raw|Ladder updating...
|leave|Ryuk97
|player|p2
|raw|This game is aids's rating: 1742 &rarr; <strong>1756<\/strong><br \/>(+14 for winning)
|raw|Ryuk97's rating: 1645 &rarr; <strong>1631<\/strong><br \/>(-14 for losing)