|join|lil manaphy
|join|Ryuk97
|player|p1|lil manaphy|8
|player|p2|Ryuk97|99
|gametype|singles
|gen|6
|tier|OU
|rated
|clearpoke
|poke|p1|Lopunny, M
|poke|p1|Rotom-Wash
|poke|p1|Gothitelle, M
|poke|p1|Mandibuzz, F
|poke|p1|Heatran, F
|poke|p1|Celebi
|poke|p2|Metagross
|poke|p2|Garchomp, F
|poke|p2|Rotom-Wash
|poke|p2|Ferrothorn, M
|poke|p2|Weavile, M
|poke|p2|Latias, F
|rule|Swagger Clause: Swagger is banned
|rule|Baton Pass Clause: Limit one PokÃ©mon knowing Baton Pass
|rule|Sleep Clause Mod: Limit one foe put to sleep
|rule|Species Clause: Limit one of each PokÃ©mon
|rule|OHKO Clause: OHKO moves are banned
|rule|Moody Clause: Moody is banned
|rule|Evasion Moves Clause: Evasion moves are banned
|rule|Endless Battle Clause: Forcing endless battles is banned
|rule|HP Percentage Mod: HP is shown in percentages
|teampreview
|
|start
|switch|p1a: Lopunny|Lopunny, M|271\/271
|switch|p2a: Rotom-Wash|Rotom-Wash|303\/303
|turn|1
|
|detailschange|p1a: Lopunny|Lopunny-Mega, M
|message|Lopunny has Mega Evolved into Mega Lopunny!
|move|p1a: Lopunny|Fake Out|p2a: Rotom-Wash
|-damage|p2a: Rotom-Wash|246\/303
|cant|p2a: Rotom-Wash|flinch
|
|-heal|p2a: Rotom-Wash|264\/303|[from] item: Leftovers
|turn|2
|
|switch|p1a: Celebi|Celebi|404\/404
|move|p2a: Rotom-Wash|Volt Switch|p1a: Celebi
|-resisted|p1a: Celebi
|-damage|p1a: Celebi|369\/404
|join|juandiegol2
|
|switch|p2a: Weavile|Weavile, M|282\/282
|-ability|p2a: Weavile|Pressure
|
|-heal|p1a: Celebi|394\/404|[from] item: Leftovers
|turn|3
|
|switch|p1a: Rotom-Wash|Rotom-Wash|303\/303
|move|p2a: Weavile|Knock Off|p1a: Rotom-Wash
|-crit|p1a: Rotom-Wash
|-damage|p1a: Rotom-Wash|85\/303
|-enditem|p1a: Rotom-Wash|Leftovers|[from] move: Knock Off|[of] p2a: Weavile
|-damage|p2a: Weavile|254\/282|[from] item: Life Orb
|
|turn|4
|
|switch|p1a: Mandibuzz|Mandibuzz, F|424\/424
|move|p2a: Weavile|Knock Off|p1a: Mandibuzz
|-resisted|p1a: Mandibuzz
|-damage|p1a: Mandibuzz|349\/424
|-enditem|p1a: Mandibuzz|Leftovers|[from] move: Knock Off|[of] p2a: Weavile
|-damage|p2a: Weavile|226\/282|[from] item: Life Orb
|
|turn|5
|
|move|p2a: Weavile|Icicle Crash|p1a: Mandibuzz|[miss]
|-miss|p2a: Weavile|p1a: Mandibuzz
|move|p1a: Mandibuzz|Roost|p1a: Mandibuzz
|-heal|p1a: Mandibuzz|424\/424
|
|turn|6
|
|switch|p2a: Rotom-Wash|Rotom-Wash|264\/303
|move|p1a: Mandibuzz|Foul Play|p2a: Rotom-Wash
|-damage|p2a: Rotom-Wash|215\/303
|
|-heal|p2a: Rotom-Wash|233\/303|[from] item: Leftovers
|turn|7
|
|move|p2a: Rotom-Wash|Will-O-Wisp|p1a: Mandibuzz
|-status|p1a: Mandibuzz|brn
|move|p1a: Mandibuzz|Roost|p1a: Mandibuzz
|-fail|p1a: Mandibuzz
|
|-heal|p2a: Rotom-Wash|251\/303|[from] item: Leftovers
|-damage|p1a: Mandibuzz|371\/424 brn|[from] brn
|turn|8
|
|move|p2a: Rotom-Wash|Volt Switch|p1a: Mandibuzz
|-supereffective|p1a: Mandibuzz
|-damage|p1a: Mandibuzz|195\/424 brn
|
|switch|p2a: Latias|Latias, F|319\/319
|move|p1a: Mandibuzz|Roost|p1a: Mandibuzz
|-heal|p1a: Mandibuzz|407\/424 brn
|
|-damage|p1a: Mandibuzz|354\/424 brn|[from] brn
|turn|9
|join|MegaStarUniverse
|
|switch|p2a: Garchomp|Garchomp, F|358\/358
|switch|p1a: Heatran|Heatran, F|386\/386
|
|turn|10
|
|switch|p1a: Gothitelle|Gothitelle, M|301\/301
|move|p2a: Garchomp|Earthquake|p1a: Gothitelle
|-damage|p1a: Gothitelle|112\/301
|
|turn|11
|
|switch|p1a: Rotom-Wash|Rotom-Wash|85\/303
|move|p2a: Garchomp|Earthquake|p1a: Rotom-Wash
|-immune|p1a: Rotom-Wash|[msg]
|
|turn|12
|
|switch|p2a: Rotom-Wash|Rotom-Wash|251\/303
|move|p1a: Rotom-Wash|Pain Split|p2a: Rotom-Wash
|-sethp|p2a: Rotom-Wash|168\/303|p1a: Rotom-Wash|168\/303|[from] move: Pain Split
|
|-heal|p2a: Rotom-Wash|186\/303|[from] item: Leftovers
|turn|13
|
|move|p1a: Rotom-Wash|Will-O-Wisp|p2a: Rotom-Wash
|-status|p2a: Rotom-Wash|brn
|move|p2a: Rotom-Wash|Hydro Pump|p1a: Rotom-Wash|[miss]
|-miss|p2a: Rotom-Wash|p1a: Rotom-Wash
|
|-heal|p2a: Rotom-Wash|204\/303 brn|[from] item: Leftovers
|-damage|p2a: Rotom-Wash|167\/303 brn|[from] brn
|turn|14
|join|Gonzlo
|
|switch|p1a: Celebi|Celebi|394\/404
|move|p2a: Rotom-Wash|Will-O-Wisp|p1a: Celebi
|-status|p1a: Celebi|brn
|
|-heal|p1a: Celebi|404\/404 brn|[from] item: Leftovers
|-heal|p2a: Rotom-Wash|185\/303 brn|[from] item: Leftovers
|-damage|p1a: Celebi|354\/404 brn|[from] brn
|-damage|p2a: Rotom-Wash|148\/303 brn|[from] brn
|turn|15
|
|move|p1a: Celebi|Giga Drain|p2a: Rotom-Wash
|-supereffective|p2a: Rotom-Wash
|-damage|p2a: Rotom-Wash|0 fnt
|-heal|p1a: Celebi|404\/404 brn|[from] drain|[of] p2a: Rotom-Wash
|faint|p2a: Rotom-Wash
|
|-damage|p1a: Celebi|354\/404 brn|[from] brn
|join|Louisxd
|
|switch|p2a: Weavile|Weavile, M|226\/282
|-ability|p2a: Weavile|Pressure
|turn|16
|
|move|p2a: Weavile|Knock Off|p1a: Celebi
|-supereffective|p1a: Celebi
|-damage|p1a: Celebi|0 fnt
|-enditem|p1a: Celebi|Leftovers|[from] move: Knock Off|[of] p2a: Weavile
|-damage|p2a: Weavile|198\/282|[from] item: Life Orb
|faint|p1a: Celebi
|
|
|switch|p1a: Lopunny|Lopunny-Mega, M|271\/271
|turn|17
|c| Gonzlo|k
|
|switch|p2a: Latias|Latias, F|319\/319
|move|p1a: Lopunny|High Jump Kick|p2a: Latias
|-resisted|p2a: Latias
|-damage|p2a: Latias|193\/319
|
|turn|18
|
|move|p1a: Lopunny|Return|p2a: Latias
|-damage|p2a: Latias|0 fnt
|faint|p2a: Latias
|
|
|switch|p2a: Metagross|Metagross|301\/301
|turn|19
|leave|Louisxd
|
|switch|p1a: Gothitelle|Gothitelle, M|112\/301
|detailschange|p2a: Metagross|Metagross-Mega
|message|Metagross has Mega Evolved into Mega Metagross!
|move|p2a: Metagross|Brick Break|p1a: Gothitelle
|-resisted|p1a: Gothitelle
|-damage|p1a: Gothitelle|48\/301
|
|turn|20
|
|move|p2a: Metagross|Bullet Punch|p1a: Gothitelle
|-damage|p1a: Gothitelle|0 fnt
|faint|p1a: Gothitelle
|
|
|switch|p1a: Rotom-Wash|Rotom-Wash|168\/303
|turn|21
|
|move|p2a: Metagross|Zen Headbutt|p1a: Rotom-Wash|[miss]
|-miss|p2a: Metagross|p1a: Rotom-Wash
|move|p1a: Rotom-Wash|Will-O-Wisp|p2a: Metagross|[miss]
|-miss|p1a: Rotom-Wash|p2a: Metagross
|
|turn|22
|
|move|p2a: Metagross|Zen Headbutt|p1a: Rotom-Wash
|-damage|p1a: Rotom-Wash|23\/303
|move|p1a: Rotom-Wash|Will-O-Wisp|p2a: Metagross
|-status|p2a: Metagross|brn
|
|-damage|p2a: Metagross|264\/301 brn|[from] brn
|turn|23
|
|switch|p1a: Mandibuzz|Mandibuzz, F|354\/424 brn
|move|p2a: Metagross|Brick Break|p1a: Mandibuzz
|-damage|p1a: Mandibuzz|304\/424 brn
|
|-damage|p2a: Metagross|227\/301 brn|[from] brn
|-damage|p1a: Mandibuzz|251\/424 brn|[from] brn
|turn|24
|
|move|p2a: Metagross|Meteor Mash|p1a: Mandibuzz
|-damage|p1a: Mandibuzz|161\/424 brn
|move|p1a: Mandibuzz|Roost|p1a: Mandibuzz
|-heal|p1a: Mandibuzz|373\/424 brn
|
|-damage|p2a: Metagross|190\/301 brn|[from] brn
|-damage|p1a: Mandibuzz|320\/424 brn|[from] brn
|turn|25
|
|move|p2a: Metagross|Meteor Mash|p1a: Mandibuzz
|-damage|p1a: Mandibuzz|235\/424 brn
|move|p1a: Mandibuzz|Roost|p1a: Mandibuzz
|-heal|p1a: Mandibuzz|424\/424 brn
|
|-damage|p2a: Metagross|153\/301 brn|[from] brn
|-damage|p1a: Mandibuzz|371\/424 brn|[from] brn
|turn|26
|
|move|p2a: Metagross|Meteor Mash|p1a: Mandibuzz
|-damage|p1a: Mandibuzz|293\/424 brn
|move|p1a: Mandibuzz|Foul Play|p2a: Metagross
|-supereffective|p2a: Metagross
|-damage|p2a: Metagross|21\/301 brn
|
|-damage|p2a: Metagross|0 fnt|[from] brn
|-damage|p1a: Mandibuzz|240\/424 brn|[from] brn
|faint|p2a: Metagross
|
|switch|p2a: Weavile|Weavile, M|198\/282
|-ability|p2a: Weavile|Pressure
|turn|27
|
|move|p2a: Weavile|Icicle Crash|p1a: Mandibuzz
|-supereffective|p1a: Mandibuzz
|-damage|p1a: Mandibuzz|0 fnt
|-damage|p2a: Weavile|170\/282|[from] item: Life Orb
|faint|p1a: Mandibuzz
|
|
|switch|p1a: Lopunny|Lopunny-Mega, M|271\/271
|turn|28
|
|move|p2a: Weavile|Ice Shard|p1a: Lopunny
|-damage|p1a: Lopunny|180\/271
|-damage|p2a: Weavile|142\/282|[from] item: Life Orb
|move|p1a: Lopunny|High Jump Kick|p2a: Weavile
|-supereffective|p2a: Weavile
|-damage|p2a: Weavile|0 fnt
|faint|p2a: Weavile
|
|join|drtytuio
|
|switch|p2a: Garchomp|Garchomp, F|358\/358
|turn|29
|
|move|p2a: Garchomp|Earthquake|p1a: Lopunny
|-damage|p1a: Lopunny|0 fnt
|faint|p1a: Lopunny
|
|
|switch|p1a: Rotom-Wash|Rotom-Wash|23\/303
|turn|30
|
|switch|p2a: Ferrothorn|Ferrothorn, M|352\/352
|move|p1a: Rotom-Wash|Pain Split|p2a: Ferrothorn
|-sethp|p2a: Ferrothorn|187\/352|p1a: Rotom-Wash|187\/303|[from] move: Pain Split
|
|-heal|p2a: Ferrothorn|209\/352|[from] item: Leftovers
|turn|31
|
|move|p1a: Rotom-Wash|Will-O-Wisp|p2a: Ferrothorn
|-status|p2a: Ferrothorn|brn
|move|p2a: Ferrothorn|Leech Seed|p1a: Rotom-Wash
|-start|p1a: Rotom-Wash|move: Leech Seed
|
|-heal|p2a: Ferrothorn|231\/352 brn|[from] item: Leftovers
|-damage|p1a: Rotom-Wash|150\/303|[from] Leech Seed|[of] p2a: Ferrothorn
|-heal|p2a: Ferrothorn|268\/352 brn|[silent]
|-damage|p2a: Ferrothorn|224\/352 brn|[from] brn
|turn|32
|
|switch|p1a: Heatran|Heatran, F|386\/386
|move|p2a: Ferrothorn|Leech Seed|p1a: Heatran|[miss]
|-miss|p2a: Ferrothorn|p1a: Heatran
|
|-heal|p2a: Ferrothorn|246\/352 brn|[from] item: Leftovers
|-damage|p2a: Ferrothorn|202\/352 brn|[from] brn
|turn|33
|
|switch|p2a: Garchomp|Garchomp, F|358\/358
|move|p1a: Heatran|Lava Plume|p2a: Garchomp
|-resisted|p2a: Garchomp
|-damage|p2a: Garchomp|293\/358
|
|turn|34
|
|move|p1a: Heatran|Protect|p1a: Heatran
|-singleturn|p1a: Heatran|Protect
|move|p2a: Garchomp|Earthquake|p1a: Heatran
|-activate|p1a: Heatran|Protect
|
|turn|35
|
|switch|p2a: Ferrothorn|Ferrothorn, M|202\/352 brn
|switch|p1a: Rotom-Wash|Rotom-Wash|150\/303
|
|-heal|p2a: Ferrothorn|224\/352 brn|[from] item: Leftovers
|-damage|p2a: Ferrothorn|180\/352 brn|[from] brn
|turn|36
|
|move|p1a: Rotom-Wash|Volt Switch|p2a: Ferrothorn
|-resisted|p2a: Ferrothorn
|-damage|p2a: Ferrothorn|145\/352 brn
|
|switch|p1a: Heatran|Heatran, F|386\/386
|move|p2a: Ferrothorn|Leech Seed|p1a: Heatran
|-start|p1a: Heatran|move: Leech Seed
|
|-heal|p2a: Ferrothorn|167\/352 brn|[from] item: Leftovers
|-damage|p1a: Heatran|338\/386|[from] Leech Seed|[of] p2a: Ferrothorn
|-heal|p2a: Ferrothorn|215\/352 brn|[silent]
|-damage|p2a: Ferrothorn|171\/352 brn|[from] brn
|turn|37
|
|switch|p1a: Rotom-Wash|Rotom-Wash|150\/303
|switch|p2a: Garchomp|Garchomp, F|293\/358
|
|turn|38
|
|switch|p1a: Heatran|Heatran, F|338\/386
|move|p2a: Garchomp|Outrage|p1a: Heatran
|-resisted|p1a: Heatran
|-damage|p1a: Heatran|243\/386
|
|-heal|p1a: Heatran|267\/386|[from] item: Leftovers
|turn|39
|
|move|p2a: Garchomp|Outrage|p1a: Heatran
|-crit|p1a: Heatran
|-resisted|p1a: Heatran
|-damage|p1a: Heatran|127\/386
|move|p1a: Heatran|Toxic|p2a: Garchomp
|-status|p2a: Garchomp|tox
|
|-end|p2a: Garchomp|rampage
|-start|p2a: Garchomp|confusion
|-heal|p1a: Heatran|151\/386|[from] item: Leftovers
|-damage|p2a: Garchomp|271\/358 tox|[from] psn
|turn|40
|
|switch|p2a: Ferrothorn|Ferrothorn, M|171\/352 brn
|move|p1a: Heatran|Lava Plume|p2a: Ferrothorn
|-supereffective|p2a: Ferrothorn
|-damage|p2a: Ferrothorn|0 fnt
|faint|p2a: Ferrothorn
|
|-heal|p1a: Heatran|175\/386|[from] item: Leftovers
|
|switch|p2a: Garchomp|Garchomp, F|271\/358 tox
|turn|41
|
|move|p1a: Heatran|Protect|p1a: Heatran
|-singleturn|p1a: Heatran|Protect
|move|p2a: Garchomp|Outrage|p1a: Heatran
|-activate|p1a: Heatran|Protect
|
|-heal|p1a: Heatran|199\/386|[from] item: Leftovers
|-damage|p2a: Garchomp|249\/358 tox|[from] psn
|turn|42
|
|move|p2a: Garchomp|Outrage|p1a: Heatran
|-resisted|p1a: Heatran
|-damage|p1a: Heatran|91\/386
|move|p1a: Heatran|Lava Plume|p2a: Garchomp
|-resisted|p2a: Garchomp
|-damage|p2a: Garchomp|178\/358 tox
|
|-heal|p1a: Heatran|115\/386|[from] item: Leftovers
|-damage|p2a: Garchomp|134\/358 tox|[from] psn
|turn|43
|
|move|p1a: Heatran|Protect|p1a: Heatran
|-singleturn|p1a: Heatran|Protect
|move|p2a: Garchomp|Outrage|p1a: Heatran
|-activate|p1a: Heatran|Protect
|
|-heal|p1a: Heatran|139\/386|[from] item: Leftovers
|-damage|p2a: Garchomp|68\/358 tox|[from] psn
|turn|44
|
|switch|p1a: Rotom-Wash|Rotom-Wash|150\/303
|move|p2a: Garchomp|Outrage|p1a: Rotom-Wash
|-crit|p1a: Rotom-Wash
|-damage|p1a: Rotom-Wash|0 fnt
|faint|p1a: Rotom-Wash
|
|-damage|p2a: Garchomp|0 fnt|[from] psn
|faint|p2a: Garchomp
|
|win|lil manaphy
|raw|Ladder updating...
|raw|lil manaphy's rating: 1633 &rarr; <strong>1650<\/strong><br \/>(+17 for winning)
|raw|Ryuk97's rating: 1578 &rarr; <strong>1561<\/strong><br \/>(-17 for losing)
|leave|Ryuk97
|player|p2
|leave|drtytuio