|join|CoolStoryBrobat
|join|dudman
|player|p1|CoolStoryBrobat|#coolstorybrobat
|player|p2|dudman|171
|gametype|singles
|gen|6
|tier|UU
|rule|Sleep Clause Mod: Limit one foe put to sleep
|rule|Species Clause: Limit one of each PokÃ©mon
|rule|OHKO Clause: OHKO moves are banned
|rule|Moody Clause: Moody is banned
|rule|Evasion Moves Clause: Evasion moves are banned
|rule|Endless Battle Clause: Forcing endless battles is banned
|rule|HP Percentage Mod: HP is shown in percentages
|clearpoke
|poke|p1|Kyurem
|poke|p1|Raikou
|poke|p1|Lucario, F
|poke|p1|Snorlax, M
|poke|p1|Forretress, M
|poke|p1|Vaporeon, M
|poke|p2|Nidoking, M
|poke|p2|Suicune
|poke|p2|Mienshao, M
|poke|p2|Aggron, M
|poke|p2|Chandelure, M
|poke|p2|Whimsicott, M
|rule|Swagger Clause: Swagger is banned
|rule|Baton Pass Clause: Limit one PokÃ©mon knowing Baton Pass
|teampreview
|c|âCoolStoryBrobat|Guess I'll know if the squad is good or nah
|join|DatLatias
|join|testing porpoises
|join|PokeGyarados
|join|Tipsy Russian
|join|Duskt70 ã
|leave|testing porpoises
|join|DrReuniclus3ã
|
|start
|switch|p1a: Forretress|Forretress, M|354\/354
|switch|p2a: Mienshao|Mienshao, M|271\/271
|turn|1
|join|LessThanThreeMan
|c| DrReuniclus3ã|Kyurem is based
|c| DrReuniclus3ã|so it'll all be good
|
|move|p2a: Mienshao|U-turn|p1a: Forretress
|-crit|p1a: Forretress
|-resisted|p1a: Forretress
|-damage|p1a: Forretress|319\/354
|
|switch|p2a: Nidoking|Nidoking, M|303\/303
|move|p1a: Forretress|Stealth Rock|p2a: Nidoking
|-sidestart|p2: dudman|move: Stealth Rock
|
|-heal|p1a: Forretress|341\/354|[from] item: Leftovers
|turn|2
|c|âdudman|lax scares me
|c|âCoolStoryBrobat|You're trying to b8 me
|c|âCoolStoryBrobat|ICU brah
|
|switch|p1a: Vaporeon|Vaporeon, M|452\/452
|move|p2a: Nidoking|Toxic Spikes|p1a: Vaporeon
|-sidestart|p1: CoolStoryBrobat|move: Toxic Spikes
|
|turn|3
|
|switch|p2a: Whimsicott|Whimsicott, M|261\/261
|-damage|p2a: Whimsicott|229\/261|[from] Stealth Rock
|move|p1a: Vaporeon|Scald|p2a: Whimsicott
|-resisted|p2a: Whimsicott
|-damage|p2a: Whimsicott|163\/261
|
|-heal|p2a: Whimsicott|179\/261|[from] item: Leftovers
|turn|4
|join|MYSOGGYKNEES
|
|switch|p1a: Forretress|Forretress, M|341\/354
|move|p2a: Whimsicott|U-turn|p1a: Forretress
|-resisted|p1a: Forretress
|-damage|p1a: Forretress|331\/354
|
|switch|p2a: Nidoking|Nidoking, M|303\/303
|-damage|p2a: Nidoking|285\/303|[from] Stealth Rock
|
|-heal|p1a: Forretress|353\/354|[from] item: Leftovers
|turn|5
|
|move|p2a: Nidoking|Earth Power|p1a: Forretress
|-damage|p1a: Forretress|32\/354
|move|p1a: Forretress|Rapid Spin|p2a: Nidoking
|-damage|p2a: Nidoking|264\/303
|-sideend|p1: CoolStoryBrobat|Toxic Spikes|[from] move: Rapid Spin|[of] p1a: Forretress
|
|-heal|p1a: Forretress|54\/354|[from] item: Leftovers
|turn|6
|
|move|p2a: Nidoking|Toxic Spikes|p1a: Forretress
|-sidestart|p1: CoolStoryBrobat|move: Toxic Spikes
|move|p1a: Forretress|Rapid Spin|p2a: Nidoking
|-damage|p2a: Nidoking|246\/303
|-sideend|p1: CoolStoryBrobat|Toxic Spikes|[from] move: Rapid Spin|[of] p1a: Forretress
|
|-heal|p1a: Forretress|76\/354|[from] item: Leftovers
|turn|7
|
|switch|p1a: Snorlax|Snorlax, M|462\/462
|move|p2a: Nidoking|Earth Power|p1a: Snorlax
|-damage|p1a: Snorlax|344\/462
|
|turn|8
|join|Cyndequil
|c|+PokeGyarados|!dt toxic spikes
|c|~|\/data-move Toxic Spikes
|raw|<font size="1"><font color=#585858>Priority:<\/font> 0&nbsp;|&ThickSpace;<font color=#585858>Target:<\/font> All Foes<\/font>
|c|+PokeGyarados|!dt rapid spin
|c|~|\/data-move Rapid Spin
|raw|<font size="1"><font color=#585858>Priority:<\/font> 0&nbsp;|&ThickSpace;<font color=#585858><font color=black>&#10003; Contact<\/font><\/font>&nbsp;|&ThickSpace;<font color=#585858>Target:<\/font> Adjacent Pokemon<\/font>
|c|âdudman|how rude...
|
|move|p2a: Nidoking|Toxic Spikes|p1a: Snorlax
|-sidestart|p1: CoolStoryBrobat|move: Toxic Spikes
|move|p1a: Snorlax|Pursuit|p2a: Nidoking
|-damage|p2a: Nidoking|193\/303
|
|turn|9
|c|âdudman|i see that AV
|
|move|p1a: Snorlax|Pursuit|p2a: Nidoking|[from]Pursuit
|-crit|p2a: Nidoking
|-damage|p2a: Nidoking|35\/303
|switch|p2a: Suicune|Suicune|365\/365
|-damage|p2a: Suicune|320\/365|[from] Stealth Rock
|-ability|p2a: Suicune|Pressure
|
|-heal|p2a: Suicune|342\/365|[from] item: Leftovers
|turn|10
|c|âCoolStoryBrobat|man why you gotta be the only dood using T-Spikes
|c|âCoolStoryBrobat|:[
|c|âdudman|lol
|c|âCoolStoryBrobat|on King nonetheless
|c|+PokeGyarados|it's all g
|c|+PokeGyarados|spin on chandy
|c|âdudman|i played around with this team so much to fit tspikes on here..
|c|âdudman|i don't want to click scald but i have to...
|c|+PokeGyarados|click rest
|c|+PokeGyarados|here
|c|+PokeGyarados|or sleep talk
|
|switch|p1a: Vaporeon|Vaporeon, M|452\/452
|-status|p1a: Vaporeon|psn
|move|p2a: Suicune|Scald|p1a: Vaporeon
|-immune|p1a: Vaporeon|[msg]
|
|-heal|p2a: Suicune|364\/365|[from] item: Leftovers
|-damage|p1a: Vaporeon|396\/452 psn|[from] psn
|turn|11
|
|switch|p2a: Nidoking|Nidoking, M|35\/303
|-damage|p2a: Nidoking|17\/303|[from] Stealth Rock
|move|p1a: Vaporeon|Wish|p1a: Vaporeon
|
|-heal|p1a: Vaporeon|424\/452 psn|[from] item: Leftovers
|-damage|p1a: Vaporeon|368\/452 psn|[from] psn
|turn|12
|join|gorex
|
|move|p2a: Nidoking|Toxic Spikes|p1a: Vaporeon
|-sidestart|p1: CoolStoryBrobat|move: Toxic Spikes
|move|p1a: Vaporeon|Scald|p2a: Nidoking
|-supereffective|p2a: Nidoking
|-damage|p2a: Nidoking|0 fnt
|faint|p2a: Nidoking
|
|-heal|p1a: Vaporeon|452\/452 psn|[from] move: Wish|[wisher] Vaporeon
|-damage|p1a: Vaporeon|396\/452 psn|[from] psn
|c|âCoolStoryBrobat|Dude that was massive risk
|c|âdudman|wait
|c|âdudman|wait
|c|âCoolStoryBrobat|What if I just went to 4rry
|c|âdudman|i tspiked
|c|âdudman|i'm
|c|âdudman|so bad
|c|âCoolStoryBrobat|I'm mad though because now I have 2 layers in my mouth
|c|âdudman|i forgot your vap was already poisoned lol
|
|switch|p2a: Whimsicott|Whimsicott, M|179\/261
|-damage|p2a: Whimsicott|147\/261|[from] Stealth Rock
|turn|13
|
|move|p2a: Whimsicott|Giga Drain|p1a: Vaporeon
|-supereffective|p1a: Vaporeon
|-damage|p1a: Vaporeon|196\/452 psn
|-heal|p2a: Whimsicott|247\/261|[from] drain|[of] p1a: Vaporeon
|move|p1a: Vaporeon|Wish|p1a: Vaporeon
|
|-heal|p2a: Whimsicott|261\/261|[from] item: Leftovers
|-heal|p1a: Vaporeon|224\/452 psn|[from] item: Leftovers
|-damage|p1a: Vaporeon|168\/452 psn|[from] psn
|turn|14
|
|switch|p1a: Forretress|Forretress, M|76\/354
|move|p2a: Whimsicott|Moonblast|p1a: Forretress
|-crit|p1a: Forretress
|-resisted|p1a: Forretress
|-damage|p1a: Forretress|0 fnt
|faint|p1a: Forretress
|
|c|âdudman|didn't matter
|c|âdudman|min was 23
|c|âCoolStoryBrobat|Word?
|c| DatLatias|lying
|c|âdudman|yeah promise
|c| DatLatias|imo
|c|âCoolStoryBrobat|~~This was SpD Forry~~
|c|âCoolStoryBrobat|Nah I'm lying
|c|âdudman|kek
|c|âdudman|yeah earth power did too much for that
|join|Eyan
|join|OG_Wanka
|c|âdudman|i wasted my volt switch immune rip
|join|Hairy Toenail
|leave|PokeGyarados
|join|Volbeatdownã
|leave|Volbeatdownã
|c|âCoolStoryBrobat|Man I was thinking ahrd about going straight to Forry on that Nidoking to receive Wish
|join|Volbeatdownã
|
|switch|p1a: Raikou|Raikou|322\/322
|-status|p1a: Raikou|tox
|-ability|p1a: Raikou|Pressure
|turn|15
|
|move|p2a: Whimsicott|Moonblast|p1a: Raikou
|-damage|p1a: Raikou|199\/322 tox
|move|p1a: Raikou|Hidden Power|p2a: Whimsicott
|-supereffective|p2a: Whimsicott
|-damage|p2a: Whimsicott|89\/261
|
|-heal|p2a: Whimsicott|105\/261|[from] item: Leftovers
|-heal|p1a: Raikou|219\/322 tox|[from] item: Leftovers
|-damage|p1a: Raikou|199\/322 tox|[from] psn
|turn|16
|
|move|p2a: Whimsicott|Giga Drain|p1a: Raikou
|-damage|p1a: Raikou|108\/322 tox
|-heal|p2a: Whimsicott|151\/261|[from] drain|[of] p1a: Raikou
|move|p1a: Raikou|Thunderbolt|p2a: Whimsicott
|-resisted|p2a: Whimsicott
|-damage|p2a: Whimsicott|61\/261
|
|-heal|p2a: Whimsicott|77\/261|[from] item: Leftovers
|-heal|p1a: Raikou|128\/322 tox|[from] item: Leftovers
|-damage|p1a: Raikou|88\/322 tox|[from] psn
|turn|17
|c|âdudman|eyy
|
|switch|p1a: Lucario|Lucario, F|281\/281
|move|p2a: Whimsicott|Moonblast|p1a: Lucario
|-damage|p1a: Lucario|110\/281
|-unboost|p1a: Lucario|spa|1
|
|-heal|p2a: Whimsicott|93\/261|[from] item: Leftovers
|turn|18
|
|switch|p2a: Chandelure|Chandelure, M|261\/261
|-damage|p2a: Chandelure|196\/261|[from] Stealth Rock
|move|p1a: Lucario|Bullet Punch|p2a: Chandelure
|-resisted|p2a: Chandelure
|-damage|p2a: Chandelure|149\/261
|-damage|p1a: Lucario|82\/281|[from] item: Life Orb
|
|turn|19
|
|switch|p2a: Aggron|Aggron, M|344\/344
|-damage|p2a: Aggron|323\/344|[from] Stealth Rock
|switch|p1a: Vaporeon|Vaporeon, M|168\/452 psn
|
|-heal|p1a: Vaporeon|196\/452 psn|[from] item: Leftovers
|-damage|p1a: Vaporeon|140\/452 psn|[from] psn
|turn|20
|
|detailschange|p2a: Aggron|Aggron-Mega, M
|message|Aggron has Mega Evolved into Mega Aggron!
|move|p1a: Vaporeon|Wish|p1a: Vaporeon
|move|p2a: Aggron|Stealth Rock|p1a: Vaporeon
|-sidestart|p1: CoolStoryBrobat|move: Stealth Rock
|
|-heal|p1a: Vaporeon|168\/452 psn|[from] item: Leftovers
|-damage|p1a: Vaporeon|112\/452 psn|[from] psn
|turn|21
|
|move|p1a: Vaporeon|Scald|p2a: Aggron
|-damage|p2a: Aggron|227\/344
|-status|p2a: Aggron|brn
|move|p2a: Aggron|Earthquake|p1a: Vaporeon
|-damage|p1a: Vaporeon|49\/452 psn
|
|-heal|p1a: Vaporeon|275\/452 psn|[from] move: Wish|[wisher] Vaporeon
|-heal|p1a: Vaporeon|303\/452 psn|[from] item: Leftovers
|-damage|p1a: Vaporeon|247\/452 psn|[from] psn
|-damage|p2a: Aggron|184\/344 brn|[from] brn
|turn|22
|c|âdudman|dam
|
|switch|p2a: Whimsicott|Whimsicott, M|93\/261
|-damage|p2a: Whimsicott|61\/261|[from] Stealth Rock
|move|p1a: Vaporeon|Scald|p2a: Whimsicott
|-resisted|p2a: Whimsicott
|-damage|p2a: Whimsicott|0 fnt
|faint|p2a: Whimsicott
|
|-heal|p1a: Vaporeon|275\/452 psn|[from] item: Leftovers
|-damage|p1a: Vaporeon|219\/452 psn|[from] psn
|c|âdudman|dam
|c|âCoolStoryBrobat|Raporeon reportin for duty
|c| Tipsy Russian|raporeon dropping some sick beats
|
|switch|p2a: Chandelure|Chandelure, M|149\/261
|-damage|p2a: Chandelure|84\/261|[from] Stealth Rock
|turn|23
|
|switch|p1a: Kyurem|Kyurem|391\/391
|-damage|p1a: Kyurem|294\/391|[from] Stealth Rock
|-status|p1a: Kyurem|tox
|-ability|p1a: Kyurem|Pressure
|move|p2a: Chandelure|Energy Ball|p1a: Kyurem
|-resisted|p1a: Kyurem
|-damage|p1a: Kyurem|182\/391 tox
|
|-damage|p1a: Kyurem|158\/391 tox|[from] psn
|turn|24
|
|move|p1a: Kyurem|Earth Power|p2a: Chandelure
|-supereffective|p2a: Chandelure
|-damage|p2a: Chandelure|0 fnt
|-damage|p1a: Kyurem|119\/391 tox|[from] item: Life Orb
|faint|p2a: Chandelure
|
|-damage|p1a: Kyurem|71\/391 tox|[from] psn
|
|switch|p2a: Mienshao|Mienshao, M|271\/271
|-damage|p2a: Mienshao|255\/271|[from] Stealth Rock
|turn|25
|
|move|p2a: Mienshao|U-turn|p1a: Kyurem
|-damage|p1a: Kyurem|0 fnt
|faint|p1a: Kyurem
|
|switch|p2a: Suicune|Suicune|364\/365
|-damage|p2a: Suicune|319\/365|[from] Stealth Rock
|-ability|p2a: Suicune|Pressure
|
|-heal|p2a: Suicune|341\/365|[from] item: Leftovers
|c| DrReuniclus3ã|rip kyurem :(
|c| Volbeatdownã|csb
|c|âCoolStoryBrobat|Yo
|c| Volbeatdownã|that team needs 100% more fighting check
|c|âdudman|this is gonna be ugly
|c|âdudman|imo
|leave|Cyndequil
|c| OG_Wanka|your team is hella weak to scarf shao
|c|âCoolStoryBrobat|It could use more fighting check but that's the reason why I use these tourneys
|c|âCoolStoryBrobat|To test teams and myself
|c| Volbeatdownã|true
|
|switch|p1a: Raikou|Raikou|88\/322 tox
|-damage|p1a: Raikou|48\/322 tox|[from] Stealth Rock
|-ability|p1a: Raikou|Pressure
|turn|26
|
|switch|p2a: Aggron|Aggron-Mega, M|184\/344 brn
|-damage|p2a: Aggron|163\/344 brn|[from] Stealth Rock
|move|p1a: Raikou|Thunderbolt|p2a: Aggron
|-damage|p2a: Aggron|21\/344 brn
|
|-heal|p1a: Raikou|68\/322 tox|[from] item: Leftovers
|-damage|p1a: Raikou|48\/322 tox|[from] psn
|-damage|p2a: Aggron|0 fnt|[from] brn
|faint|p2a: Aggron
|
|switch|p2a: Mienshao|Mienshao, M|255\/271
|-damage|p2a: Mienshao|239\/271|[from] Stealth Rock
|turn|27
|
|switch|p1a: Snorlax|Snorlax, M|344\/462
|-status|p1a: Snorlax|tox
|-damage|p1a: Snorlax|287\/462 tox|[from] Stealth Rock
|move|p2a: Mienshao|U-turn|p1a: Snorlax
|-damage|p1a: Snorlax|196\/462 tox
|
|switch|p2a: Suicune|Suicune|341\/365
|-damage|p2a: Suicune|296\/365|[from] Stealth Rock
|-ability|p2a: Suicune|Pressure
|
|-heal|p2a: Suicune|318\/365|[from] item: Leftovers
|-damage|p1a: Snorlax|168\/462 tox|[from] psn
|turn|28
|
|move|p2a: Suicune|Substitute|p2a: Suicune
|-start|p2a: Suicune|Substitute
|-damage|p2a: Suicune|227\/365
|move|p1a: Snorlax|Return|p2a: Suicune
|-end|p2a: Suicune|Substitute
|
|-heal|p2a: Suicune|249\/365|[from] item: Leftovers
|-damage|p1a: Snorlax|112\/462 tox|[from] psn
|turn|29
|c|âCoolStoryBrobat|Gtfo
|c|âCoolStoryBrobat|knew you were using that non-crocune mess
|c|âdudman|kek
|
|move|p2a: Suicune|Substitute|p2a: Suicune
|-start|p2a: Suicune|Substitute
|-damage|p2a: Suicune|158\/365
|move|p1a: Snorlax|Return|p2a: Suicune
|-end|p2a: Suicune|Substitute
|
|-heal|p2a: Suicune|180\/365|[from] item: Leftovers
|-damage|p1a: Snorlax|28\/462 tox|[from] psn
|turn|30
|join|BIG SCHLONG MCDONG
|
|move|p2a: Suicune|Scald|p1a: Snorlax
|-damage|p1a: Snorlax|0 fnt
|faint|p1a: Snorlax
|
|-heal|p2a: Suicune|202\/365|[from] item: Leftovers
|
|switch|p1a: Raikou|Raikou|48\/322 tox
|-damage|p1a: Raikou|8\/322 tox|[from] Stealth Rock
|-ability|p1a: Raikou|Pressure
|turn|31
|
|move|p1a: Raikou|Thunderbolt|p2a: Suicune
|-supereffective|p2a: Suicune
|-damage|p2a: Suicune|0 fnt
|faint|p2a: Suicune
|
|-heal|p1a: Raikou|28\/322 tox|[from] item: Leftovers
|-damage|p1a: Raikou|8\/322 tox|[from] psn
|
|switch|p2a: Mienshao|Mienshao, M|239\/271
|-damage|p2a: Mienshao|223\/271|[from] Stealth Rock
|turn|32
|c|âdudman|gg friend
|c|âCoolStoryBrobat|gg brah
|c| OG_Wanka|tect on the hjk
|c| OG_Wanka|and espeed kills
|
|move|p2a: Mienshao|Knock Off|p1a: Raikou
|-damage|p1a: Raikou|0 fnt
|-enditem|p1a: Raikou|Leftovers|[from] move: Knock Off|[of] p2a: Mienshao
|faint|p1a: Raikou
|
|c| OG_Wanka|or was dudman 
|
|switch|p1a: Vaporeon|Vaporeon, M|219\/452 psn
|-damage|p1a: Vaporeon|163\/452 psn|[from] Stealth Rock
|turn|33
|c| OG_Wanka|wait
|
|move|p2a: Mienshao|Knock Off|p1a: Vaporeon
|-crit|p1a: Vaporeon
|-damage|p1a: Vaporeon|5\/452 psn
|-enditem|p1a: Vaporeon|Leftovers|[from] move: Knock Off|[of] p2a: Mienshao
|move|p1a: Vaporeon|Scald|p2a: Mienshao
|-damage|p2a: Mienshao|60\/271
|
|-damage|p1a: Vaporeon|0 fnt|[from] psn
|faint|p1a: Vaporeon
|c| OG_Wanka|im gunna shut up 
|
|switch|p1a: Lucario|Lucario, F|82\/281
|-damage|p1a: Lucario|74\/281|[from] Stealth Rock
|turn|34
|
|move|p1a: Lucario|Bullet Punch|p2a: Mienshao
|-damage|p2a: Mienshao|0 fnt
|-damage|p1a: Lucario|46\/281|[from] item: Life Orb
|faint|p2a: Mienshao
|
|win|CoolStoryBrobat
|leave|hairy toenail
|leave|Eyan
|leave|Volbeatdownã
|leave|dudman
|player|p2
|leave|DrReuniclus3ã
|leave|Tipsy Russian
|leave|MYSOGGYKNEES
|leave|DatLatias
|leave|LessThanThreeMan
|leave|Duskt70 ã