|join|dudman
|join|ritesha
|player|p1|dudman|171
|player|p2|ritesha|101
|gametype|singles
|gen|6
|tier|UU
|rated
|rule|Sleep Clause Mod: Limit one foe put to sleep
|rule|Species Clause: Limit one of each PokÃ©mon
|rule|OHKO Clause: OHKO moves are banned
|rule|Moody Clause: Moody is banned
|rule|Evasion Moves Clause: Evasion moves are banned
|rule|Endless Battle Clause: Forcing endless battles is banned
|rule|HP Percentage Mod: HP is shown in percentages
|clearpoke
|poke|p1|Volcarona, F
|poke|p1|Diancie
|poke|p1|Zygarde
|poke|p1|Togekiss, F
|poke|p1|Druddigon, M
|poke|p1|Raikou
|poke|p2|Beedrill, F
|poke|p2|Klefki, F
|poke|p2|Mienshao, F
|poke|p2|Blissey, F
|poke|p2|Raikou
|poke|p2|Starmie
|rule|Swagger Clause: Swagger is banned
|rule|Baton Pass Clause: Limit one PokÃ©mon knowing Baton Pass
|teampreview
|
|start
|switch|p1a: Druddigon|Druddigon, M|341\/341
|switch|p2a: Raikou|Raikou|322\/322
|-ability|p2a: Raikou|Pressure
|turn|1
|
|move|p2a: Raikou|Calm Mind|p2a: Raikou
|-boost|p2a: Raikou|spa|1
|-boost|p2a: Raikou|spd|1
|move|p1a: Druddigon|Earthquake|p2a: Raikou
|-supereffective|p2a: Raikou
|-damage|p2a: Raikou|4\/322
|
|turn|2
|
|move|p1a: Druddigon|Sucker Punch|p2a: Raikou
|-damage|p2a: Raikou|0 fnt
|faint|p2a: Raikou
|
|
|switch|p2a: Klefki|Klefki, F|318\/318
|turn|3
|
|move|p2a: Klefki|Thunder Wave|p1a: Druddigon
|-status|p1a: Druddigon|par
|cant|p1a: Druddigon|par
|
|turn|4
|
|move|p2a: Klefki|Reflect|p2a: Klefki
|-sidestart|p2: ritesha|Reflect
|move|p1a: Druddigon|Earthquake|p2a: Klefki
|-supereffective|p2a: Klefki
|-damage|p2a: Klefki|215\/318
|
|turn|5
|
|switch|p2a: Beedrill|Beedrill, F|272\/272
|cant|p1a: Druddigon|par
|
|turn|6
|
|detailschange|p2a: Beedrill|Beedrill-Mega, F
|message|Beedrill has Mega Evolved into Mega Beedrill!
|move|p2a: Beedrill|Swords Dance|p2a: Beedrill
|-boost|p2a: Beedrill|atk|2
|move|p1a: Druddigon|Dragon Claw|p2a: Beedrill
|-damage|p2a: Beedrill|131\/272
|
|turn|7
|
|move|p1a: Druddigon|Sucker Punch|p2a: Beedrill
|-damage|p2a: Beedrill|24\/272
|move|p2a: Beedrill|Poison Jab|p1a: Druddigon
|-damage|p1a: Druddigon|0 fnt
|-damage|p2a: Beedrill|0 fnt|[from] ability: Rough Skin|[of] p1a: Druddigon
|faint|p2a: Beedrill
|faint|p1a: Druddigon
|
|join|Tipsy Russian
|
|switch|p1a: Raikou|Raikou|321\/321
|switch|p2a: Starmie|Starmie|263\/263
|-ability|p1a: Raikou|Pressure
|turn|8
|
|switch|p2a: Blissey|Blissey, F|714\/714
|move|p1a: Raikou|Volt Switch|p2a: Blissey
|-damage|p2a: Blissey|630\/714
|
|switch|p1a: Zygarde|Zygarde|357\/357
|-ability|p1a: Zygarde|Aura Break
|
|-heal|p2a: Blissey|674\/714|[from] item: Leftovers
|turn|9
|
|move|p1a: Zygarde|Dragon Dance|p1a: Zygarde
|-boost|p1a: Zygarde|atk|1
|-boost|p1a: Zygarde|spe|1
|move|p2a: Blissey|Stealth Rock|p1a: Zygarde
|-sidestart|p1: dudman|move: Stealth Rock
|
|-heal|p2a: Blissey|714\/714|[from] item: Leftovers
|turn|10
|
|move|p1a: Zygarde|Dragon Dance|p1a: Zygarde
|-boost|p1a: Zygarde|atk|1
|-boost|p1a: Zygarde|spe|1
|move|p2a: Blissey|Seismic Toss|p1a: Zygarde
|-damage|p1a: Zygarde|257\/357
|
|turn|11
|
|switch|p2a: Starmie|Starmie|263\/263
|move|p1a: Zygarde|Dragon Dance|p1a: Zygarde
|-boost|p1a: Zygarde|atk|1
|-boost|p1a: Zygarde|spe|1
|
|-sideend|p2: ritesha|Reflect
|turn|12
|
|move|p1a: Zygarde|Earthquake|p2a: Starmie
|-damage|p2a: Starmie|0 fnt
|-damage|p1a: Zygarde|222\/357|[from] item: Life Orb
|faint|p2a: Starmie
|
|-message|ritesha forfeited.
|
|win|dudman
|raw|Ladder updating...
|leave|ritesha
|player|p2