|join|dudman
|join|GeathDrips
|player|p1|dudman|171
|player|p2|GeathDrips|49
|gametype|singles
|gen|6
|tier|UU
|rated
|rule|Sleep Clause Mod: Limit one foe put to sleep
|rule|Species Clause: Limit one of each PokÃ©mon
|rule|OHKO Clause: OHKO moves are banned
|rule|Moody Clause: Moody is banned
|rule|Evasion Moves Clause: Evasion moves are banned
|rule|Endless Battle Clause: Forcing endless battles is banned
|rule|HP Percentage Mod: HP is shown in percentages
|clearpoke
|poke|p1|Zygarde
|poke|p1|Suicune
|poke|p1|Mienshao, F
|poke|p1|Aggron, M
|poke|p1|Chandelure, F
|poke|p1|Whimsicott, M
|poke|p2|Zygarde
|poke|p2|Togetic, F
|poke|p2|Chandelure, M
|poke|p2|Umbreon, M
|poke|p2|Forretress, F
|poke|p2|Ampharos, M
|rule|Swagger Clause: Swagger is banned
|rule|Baton Pass Clause: Limit one PokÃ©mon knowing Baton Pass
|teampreview
|c|âGeathDrips|gl
|
|start
|switch|p1a: Chandelure|Chandelure, F|261\/261
|switch|p2a: Ampharos|Ampharos, M|369\/369
|turn|1
|c|âdudman|hf
|join|Bob the Bro
|join|GreatDiety
|
|switch|p2a: Umbreon|Umbreon, M|394\/394
|move|p1a: Chandelure|Shadow Ball|p2a: Umbreon
|-crit|p2a: Umbreon
|-resisted|p2a: Umbreon
|-damage|p2a: Umbreon|295\/394
|
|-heal|p2a: Umbreon|319\/394|[from] item: Leftovers
|turn|2
|
|switch|p2a: Togetic|Togetic, F|313\/313
|move|p1a: Chandelure|Shadow Ball|p2a: Togetic
|-damage|p2a: Togetic|169\/313
|
|turn|3
|c|âdudman|ayyy
|
|switch|p1a: Aggron|Aggron, M|323\/323
|move|p2a: Togetic|Roost|p2a: Togetic
|-heal|p2a: Togetic|313\/313
|
|turn|4
|c| Bob the Bro|power tho
|
|switch|p1a: Chandelure|Chandelure, F|261\/261
|switch|p2a: Forretress|Forretress, F|354\/354
|
|turn|5
|c| Bob the Bro|is this nasty pass to zygarde
|
|switch|p2a: Ampharos|Ampharos, M|369\/369
|move|p1a: Chandelure|Fire Blast|p2a: Ampharos
|-damage|p2a: Ampharos|9\/369
|
|turn|6
|
|switch|p2a: Chandelure|Chandelure, M|261\/261
|move|p1a: Chandelure|Fire Blast|p2a: Chandelure
|-start|p2a: Chandelure|ability: Flash Fire
|
|turn|7
|c|âdudman|o rite
|
|switch|p1a: Zygarde|Zygarde|419\/419
|-ability|p1a: Zygarde|Aura Break
|move|p2a: Chandelure|Trick|p1a: Zygarde
|-activate|p2a: Chandelure|move: Trick|[of] p1a: Zygarde
|-item|p1a: Zygarde|Choice Scarf|[from] move: Trick
|-item|p2a: Chandelure|Leftovers|[from] move: Trick
|
|turn|8
|
|switch|p1a: Aggron|Aggron, M|323\/323
|switch|p2a: Togetic|Togetic, F|313\/313
|
|turn|9
|
|switch|p1a: Chandelure|Chandelure, F|261\/261
|switch|p2a: Forretress|Forretress, F|354\/354
|
|turn|10
|
|switch|p2a: Umbreon|Umbreon, M|319\/394
|move|p1a: Chandelure|Fire Blast|p2a: Umbreon
|-crit|p2a: Umbreon
|-damage|p2a: Umbreon|19\/394
|
|-heal|p2a: Umbreon|43\/394|[from] item: Leftovers
|turn|11
|c| Bob the Bro|predonked
|
|move|p1a: Chandelure|Fire Blast|p2a: Umbreon
|-damage|p2a: Umbreon|0 fnt
|faint|p2a: Umbreon
|
|
|switch|p2a: Chandelure|Chandelure, M|261\/261
|turn|12
|
|switch|p1a: Zygarde|Zygarde|419\/419
|-ability|p1a: Zygarde|Aura Break
|move|p2a: Chandelure|Shadow Ball|p1a: Zygarde
|-damage|p1a: Zygarde|260\/419
|-unboost|p1a: Zygarde|spd|1
|
|turn|13
|
|switch|p2a: Togetic|Togetic, F|313\/313
|move|p1a: Zygarde|Earthquake|p2a: Togetic
|-immune|p2a: Togetic|[msg]
|
|turn|14
|
|switch|p1a: Whimsicott|Whimsicott, M|261\/261
|move|p2a: Togetic|Baton Pass|p2a: Togetic
|
|switch|p2a: Chandelure|Chandelure, M|261\/261
|
|turn|15
|
|move|p1a: Whimsicott|U-turn|p2a: Chandelure
|-resisted|p2a: Chandelure
|-damage|p2a: Chandelure|251\/261
|
|switch|p1a: Zygarde|Zygarde|260\/419
|-ability|p1a: Zygarde|Aura Break
|move|p2a: Chandelure|Shadow Ball|p1a: Zygarde
|-damage|p1a: Zygarde|97\/419
|
|-heal|p2a: Chandelure|261\/261|[from] item: Leftovers
|turn|16
|
|move|p1a: Zygarde|Earthquake|p2a: Chandelure
|-supereffective|p2a: Chandelure
|-damage|p2a: Chandelure|0 fnt
|faint|p2a: Chandelure
|
|
|switch|p2a: Togetic|Togetic, F|313\/313
|turn|17
|leave|GreatDiety
|
|switch|p1a: Whimsicott|Whimsicott, M|261\/261
|move|p2a: Togetic|Nasty Plot|p2a: Togetic
|-boost|p2a: Togetic|spa|2
|
|turn|18
|
|switch|p2a: Forretress|Forretress, F|354\/354
|move|p1a: Whimsicott|Encore|p2a: Forretress
|-fail|p2a: Forretress
|
|turn|19
|
|move|p1a: Whimsicott|U-turn|p2a: Forretress
|-resisted|p2a: Forretress
|-damage|p2a: Forretress|344\/354
|
|switch|p1a: Chandelure|Chandelure, F|261\/261
|move|p2a: Forretress|Volt Switch|p1a: Chandelure
|-damage|p1a: Chandelure|220\/261
|
|switch|p2a: Ampharos|Ampharos, M|9\/369
|
|turn|20
|
|detailschange|p2a: Ampharos|Ampharos-Mega, M
|message|Ampharos has Mega Evolved into Mega Ampharos!
|-ability|p2a: Ampharos|Mold Breaker
|move|p1a: Chandelure|Shadow Ball|p2a: Ampharos
|-damage|p2a: Ampharos|0 fnt
|faint|p2a: Ampharos
|
|
|switch|p2a: Zygarde|Zygarde|413\/413
|-ability|p2a: Zygarde|Aura Break
|turn|21
|
|switch|p1a: Whimsicott|Whimsicott, M|261\/261
|move|p2a: Zygarde|Earthquake|p1a: Whimsicott
|-resisted|p1a: Whimsicott
|-damage|p1a: Whimsicott|197\/261
|
|-heal|p1a: Whimsicott|213\/261|[from] item: Leftovers
|turn|22
|
|move|p1a: Whimsicott|U-turn|p2a: Zygarde
|-damage|p2a: Zygarde|385\/413
|
|switch|p1a: Zygarde|Zygarde|97\/419
|-ability|p1a: Zygarde|Aura Break
|move|p2a: Zygarde|Earthquake|p1a: Zygarde
|-damage|p1a: Zygarde|0 fnt
|faint|p1a: Zygarde
|
|-heal|p2a: Zygarde|410\/413|[from] item: Leftovers
|
|switch|p1a: Suicune|Suicune|367\/367
|-ability|p1a: Suicune|Pressure
|turn|23
|
|move|p1a: Suicune|Ice Beam|p2a: Zygarde
|-supereffective|p2a: Zygarde
|-damage|p2a: Zygarde|126\/413
|move|p2a: Zygarde|Substitute|p2a: Zygarde
|-start|p2a: Zygarde|Substitute
|-damage|p2a: Zygarde|23\/413
|
|-heal|p2a: Zygarde|48\/413|[from] item: Leftovers
|turn|24
|
|move|p1a: Suicune|Ice Beam|p2a: Zygarde
|-supereffective|p2a: Zygarde
|-end|p2a: Zygarde|Substitute
|move|p2a: Zygarde|Coil|p2a: Zygarde
|-boost|p2a: Zygarde|atk|1
|-boost|p2a: Zygarde|def|1
|-boost|p2a: Zygarde|accuracy|1
|
|-heal|p2a: Zygarde|73\/413|[from] item: Leftovers
|turn|25
|
|move|p2a: Zygarde|Extreme Speed|p1a: Suicune
|-damage|p1a: Suicune|277\/367
|move|p1a: Suicune|Substitute|p1a: Suicune
|-start|p1a: Suicune|Substitute
|-damage|p1a: Suicune|186\/367
|
|-heal|p1a: Suicune|208\/367|[from] item: Leftovers
|-heal|p2a: Zygarde|98\/413|[from] item: Leftovers
|turn|26
|
|move|p2a: Zygarde|Extreme Speed|p1a: Suicune
|-activate|p1a: Suicune|Substitute|[damage]
|move|p1a: Suicune|Ice Beam|p2a: Zygarde
|-crit|p2a: Zygarde
|-supereffective|p2a: Zygarde
|-damage|p2a: Zygarde|0 fnt
|faint|p2a: Zygarde
|
|-heal|p1a: Suicune|230\/367|[from] item: Leftovers
|
|switch|p2a: Togetic|Togetic, F|313\/313
|turn|27
|
|move|p1a: Suicune|Ice Beam|p2a: Togetic
|-supereffective|p2a: Togetic
|-damage|p2a: Togetic|197\/313
|move|p2a: Togetic|Nasty Plot|p2a: Togetic
|-boost|p2a: Togetic|spa|2
|
|-heal|p1a: Suicune|252\/367|[from] item: Leftovers
|turn|28
|
|move|p1a: Suicune|Calm Mind|p1a: Suicune
|-boost|p1a: Suicune|spa|1
|-boost|p1a: Suicune|spd|1
|move|p2a: Togetic|Roost|p2a: Togetic
|-heal|p2a: Togetic|313\/313
|
|-heal|p1a: Suicune|274\/367|[from] item: Leftovers
|turn|29
|
|move|p1a: Suicune|Ice Beam|p2a: Togetic
|-supereffective|p2a: Togetic
|-damage|p2a: Togetic|137\/313
|move|p2a: Togetic|Dazzling Gleam|p1a: Suicune
|-end|p1a: Suicune|Substitute
|
|-heal|p1a: Suicune|296\/367|[from] item: Leftovers
|turn|30
|
|move|p1a: Suicune|Ice Beam|p2a: Togetic
|-supereffective|p2a: Togetic
|-damage|p2a: Togetic|0 fnt
|faint|p2a: Togetic
|
|-heal|p1a: Suicune|318\/367|[from] item: Leftovers
|
|switch|p2a: Forretress|Forretress, F|344\/354
|turn|31
|c|âdudman|gg friend
|
|move|p1a: Suicune|Scald|p2a: Forretress
|-crit|p2a: Forretress
|-damage|p2a: Forretress|0 fnt
|faint|p2a: Forretress
|
|win|dudman
|raw|Ladder updating...
|raw|dudman's rating: 1675 &rarr; <strong>1693<\/strong><br \/>(+18 for winning)
|raw|GeathDrips's rating: 1641 &rarr; <strong>1623<\/strong><br \/>(-18 for losing)
|c|âGeathDrips|gg