|join|dudman
|join|Kim Il Saturn
|player|p1|dudman|171
|player|p2|Kim Il Saturn|292
|gametype|singles
|gen|6
|tier|UU
|rated
|rule|Sleep Clause Mod: Limit one foe put to sleep
|rule|Species Clause: Limit one of each PokÃ©mon
|rule|OHKO Clause: OHKO moves are banned
|rule|Moody Clause: Moody is banned
|rule|Evasion Moves Clause: Evasion moves are banned
|rule|Endless Battle Clause: Forcing endless battles is banned
|rule|HP Percentage Mod: HP is shown in percentages
|clearpoke
|poke|p1|Mienshao, F
|poke|p1|Nidoking, M
|poke|p1|Chandelure, M
|poke|p1|Whimsicott, F
|poke|p1|Aggron, F
|poke|p1|Suicune
|poke|p2|Hydreigon, M
|poke|p2|Jirachi
|poke|p2|Crobat, F
|poke|p2|Mienshao, M
|poke|p2|Suicune
|poke|p2|Zygarde
|rule|Swagger Clause: Swagger is banned
|rule|Baton Pass Clause: Limit one PokÃ©mon knowing Baton Pass
|teampreview
|
|start
|switch|p1a: Aggron|Aggron, F|344\/344
|switch|p2a: Crobat|Crobat, F|311\/311
|turn|1
|
|detailschange|p1a: Aggron|Aggron-Mega, F
|message|Aggron has Mega Evolved into Mega Aggron!
|move|p2a: Crobat|U-turn|p1a: Aggron
|-resisted|p1a: Aggron
|-damage|p1a: Aggron|323\/344
|
|switch|p2a: Zygarde|Zygarde|358\/358
|-ability|p2a: Zygarde|Aura Break
|move|p1a: Aggron|Stealth Rock|p2a: Zygarde
|-sidestart|p2: Kim Il Saturn|move: Stealth Rock
|
|turn|2
|
|move|p2a: Zygarde|Dragon Dance|p2a: Zygarde
|-boost|p2a: Zygarde|atk|1
|-boost|p2a: Zygarde|spe|1
|move|p1a: Aggron|Roar|p2a: Zygarde
|drag|p2a: Hydreigon|Hydreigon, M|325\/325
|-damage|p2a: Hydreigon|285\/325|[from] Stealth Rock
|
|turn|3
|
|switch|p1a: Suicune|Suicune|367\/367
|-ability|p1a: Suicune|Pressure
|move|p2a: Hydreigon|Flamethrower|p1a: Suicune
|-resisted|p1a: Suicune
|-damage|p1a: Suicune|322\/367
|
|-heal|p1a: Suicune|344\/367|[from] item: Leftovers
|turn|4
|
|switch|p2a: Jirachi|Jirachi|341\/341
|-damage|p2a: Jirachi|320\/341|[from] Stealth Rock
|move|p1a: Suicune|Scald|p2a: Jirachi
|-damage|p2a: Jirachi|208\/341
|
|-heal|p1a: Suicune|366\/367|[from] item: Leftovers
|turn|5
|
|switch|p1a: Aggron|Aggron-Mega, F|323\/344
|move|p2a: Jirachi|Trick|p1a: Aggron
|-fail|p1a: Aggron
|
|turn|6
|join|IHATEMODSTHEIRFAGS
|
|switch|p2a: Zygarde|Zygarde|358\/358
|-damage|p2a: Zygarde|336\/358|[from] Stealth Rock
|-ability|p2a: Zygarde|Aura Break
|move|p1a: Aggron|Earthquake|p2a: Zygarde
|-crit|p2a: Zygarde
|-damage|p2a: Zygarde|192\/358
|
|turn|7
|
|switch|p1a: Whimsicott|Whimsicott, F|261\/261
|move|p2a: Zygarde|Earthquake|p1a: Whimsicott
|-resisted|p1a: Whimsicott
|-damage|p1a: Whimsicott|174\/261
|
|-heal|p1a: Whimsicott|190\/261|[from] item: Leftovers
|turn|8
|c| DatLatias|kek
|
|switch|p2a: Crobat|Crobat, F|311\/311
|-damage|p2a: Crobat|234\/311|[from] Stealth Rock
|move|p1a: Whimsicott|U-turn|p2a: Crobat
|-resisted|p2a: Crobat
|-damage|p2a: Crobat|223\/311
|
|switch|p1a: Aggron|Aggron-Mega, F|323\/344
|
|turn|9
|
|move|p2a: Crobat|Defog|p1a: Aggron
|-unboost|p1a: Aggron|evasion|1
|-sideend|p2: Kim Il Saturn|Stealth Rock|[from] move: Defog|[of] p2a: Crobat
|move|p1a: Aggron|Heavy Slam|p2a: Crobat
|-damage|p2a: Crobat|0 fnt
|faint|p2a: Crobat
|
|
|switch|p2a: Suicune|Suicune|404\/404
|-ability|p2a: Suicune|Pressure
|turn|10
|c| DatLatias|defogging for 3 mons that resist rock
|
|switch|p1a: Whimsicott|Whimsicott, F|190\/261
|move|p2a: Suicune|Scald|p1a: Whimsicott
|-resisted|p1a: Whimsicott
|-damage|p1a: Whimsicott|134\/261
|-status|p1a: Whimsicott|brn
|
|-heal|p1a: Whimsicott|150\/261 brn|[from] item: Leftovers
|-damage|p1a: Whimsicott|118\/261 brn|[from] brn
|turn|11
|
|switch|p2a: Jirachi|Jirachi|208\/341
|move|p1a: Whimsicott|Giga Drain|p2a: Jirachi
|-resisted|p2a: Jirachi
|-damage|p2a: Jirachi|157\/341
|-heal|p1a: Whimsicott|144\/261 brn|[from] drain|[of] p2a: Jirachi
|
|-heal|p1a: Whimsicott|160\/261 brn|[from] item: Leftovers
|-damage|p1a: Whimsicott|128\/261 brn|[from] brn
|turn|12
|
|switch|p1a: Aggron|Aggron-Mega, F|323\/344
|move|p2a: Jirachi|Stealth Rock|p1a: Aggron
|-sidestart|p1: dudman|move: Stealth Rock
|
|turn|13
|
|switch|p2a: Zygarde|Zygarde|192\/358
|-ability|p2a: Zygarde|Aura Break
|move|p1a: Aggron|Stealth Rock|p2a: Zygarde
|-sidestart|p2: Kim Il Saturn|move: Stealth Rock
|
|turn|14
|
|move|p2a: Zygarde|Earthquake|p1a: Aggron
|-supereffective|p1a: Aggron
|-damage|p1a: Aggron|206\/344
|move|p1a: Aggron|Roar|p2a: Zygarde
|drag|p2a: Hydreigon|Hydreigon, M|285\/325
|-damage|p2a: Hydreigon|245\/325|[from] Stealth Rock
|
|turn|15
|
|move|p2a: Hydreigon|Flamethrower|p1a: Aggron
|-supereffective|p1a: Aggron
|-damage|p1a: Aggron|58\/344
|move|p1a: Aggron|Heavy Slam|p2a: Hydreigon
|-damage|p2a: Hydreigon|110\/325
|
|turn|16
|
|switch|p1a: Chandelure|Chandelure, M|261\/261
|-damage|p1a: Chandelure|196\/261|[from] Stealth Rock
|move|p2a: Hydreigon|Flamethrower|p1a: Chandelure
|-start|p1a: Chandelure|ability: Flash Fire
|
|turn|17
|
|switch|p2a: Jirachi|Jirachi|157\/341
|-damage|p2a: Jirachi|136\/341|[from] Stealth Rock
|move|p1a: Chandelure|Shadow Ball|p2a: Jirachi
|-supereffective|p2a: Jirachi
|-damage|p2a: Jirachi|0 fnt
|faint|p2a: Jirachi
|
|
|switch|p2a: Mienshao|Mienshao, M|271\/271
|-damage|p2a: Mienshao|255\/271|[from] Stealth Rock
|turn|18
|
|switch|p1a: Aggron|Aggron-Mega, F|58\/344
|-damage|p1a: Aggron|37\/344|[from] Stealth Rock
|move|p2a: Mienshao|Knock Off|p1a: Aggron
|-damage|p1a: Aggron|1\/344
|
|turn|19
|
|move|p2a: Mienshao|Knock Off|p1a: Aggron
|-damage|p1a: Aggron|0 fnt
|faint|p1a: Aggron
|
|
|switch|p1a: Mienshao|Mienshao, F|271\/271
|-damage|p1a: Mienshao|255\/271|[from] Stealth Rock
|turn|20
|
|switch|p2a: Suicune|Suicune|404\/404
|-damage|p2a: Suicune|354\/404|[from] Stealth Rock
|-ability|p2a: Suicune|Pressure
|move|p1a: Mienshao|High Jump Kick|p2a: Suicune
|-damage|p2a: Suicune|176\/404
|
|-heal|p2a: Suicune|201\/404|[from] item: Leftovers
|turn|21
|
|move|p1a: Mienshao|High Jump Kick|p2a: Suicune
|-damage|p2a: Suicune|18\/404
|move|p2a: Suicune|Scald|p1a: Mienshao
|-damage|p1a: Mienshao|119\/271
|
|-heal|p2a: Suicune|43\/404|[from] item: Leftovers
|turn|22
|
|move|p1a: Mienshao|High Jump Kick|p2a: Suicune
|-damage|p2a: Suicune|0 fnt
|faint|p2a: Suicune
|
|
|switch|p2a: Hydreigon|Hydreigon, M|110\/325
|-damage|p2a: Hydreigon|70\/325|[from] Stealth Rock
|turn|23
|
|move|p1a: Mienshao|High Jump Kick|p2a: Hydreigon
|-supereffective|p2a: Hydreigon
|-damage|p2a: Hydreigon|0 fnt
|faint|p2a: Hydreigon
|
|
|switch|p2a: Mienshao|Mienshao, M|255\/271
|-damage|p2a: Mienshao|239\/271|[from] Stealth Rock
|turn|24
|
|move|p1a: Mienshao|High Jump Kick|p2a: Mienshao
|-damage|p2a: Mienshao|0 fnt
|faint|p2a: Mienshao
|
|
|switch|p2a: Zygarde|Zygarde|192\/358
|-damage|p2a: Zygarde|170\/358|[from] Stealth Rock
|-ability|p2a: Zygarde|Aura Break
|turn|25
|
|move|p1a: Mienshao|High Jump Kick|p2a: Zygarde
|-damage|p2a: Zygarde|0 fnt
|faint|p2a: Zygarde
|
|win|dudman
|raw|Ladder updating...
|leave|DatLatias
|raw|Ladder (probably) updated, but score could not be retrieved (timeout).
|raw|Ladder (probably) updated, but score could not be retrieved (Error: socket hang up).