|join|dudman
|join|Alchemist61
|player|p1|dudman|171
|player|p2|Alchemist61|281
|gametype|singles
|gen|6
|tier|UU
|rated
|rule|Sleep Clause Mod: Limit one foe put to sleep
|rule|Species Clause: Limit one of each PokÃ©mon
|rule|OHKO Clause: OHKO moves are banned
|rule|Moody Clause: Moody is banned
|rule|Evasion Moves Clause: Evasion moves are banned
|rule|Endless Battle Clause: Forcing endless battles is banned
|rule|HP Percentage Mod: HP is shown in percentages
|clearpoke
|poke|p1|Beedrill, F
|poke|p1|Magneton
|poke|p1|Hydreigon, F
|poke|p1|Swampert, F
|poke|p1|Virizion
|poke|p1|Crobat, M
|poke|p2|Gallade, M
|poke|p2|Roserade, M
|poke|p2|Rotom-Heat
|poke|p2|Forretress, M
|poke|p2|Flygon, F
|poke|p2|Vaporeon, F
|rule|Swagger Clause: Swagger is banned
|rule|Baton Pass Clause: Limit one PokÃ©mon knowing Baton Pass
|teampreview
|
|start
|switch|p1a: Swampert|Swampert, F|401\/401
|switch|p2a: Flygon|Flygon, F|301\/301
|turn|1
|
|move|p2a: Flygon|U-turn|p1a: Swampert
|-damage|p1a: Swampert|347\/401
|
|switch|p2a: Roserade|Roserade, M|261\/261
|move|p1a: Swampert|Stealth Rock|p2a: Roserade
|-sidestart|p2: Alchemist61|move: Stealth Rock
|
|-heal|p1a: Swampert|372\/401|[from] item: Leftovers
|turn|2
|
|switch|p1a: Virizion|Virizion|323\/323
|move|p2a: Roserade|Spikes|p1a: Virizion
|-sidestart|p1: dudman|Spikes
|
|turn|3
|
|switch|p1a: Crobat|Crobat, M|321\/321
|move|p2a: Roserade|Sludge Bomb|p1a: Crobat
|-resisted|p1a: Crobat
|-damage|p1a: Crobat|208\/321
|-damage|p2a: Roserade|235\/261|[from] item: Life Orb
|
|-heal|p1a: Crobat|228\/321|[from] item: Black Sludge
|turn|4
|
|switch|p2a: Forretress|Forretress, M|354\/354
|-damage|p2a: Forretress|310\/354|[from] Stealth Rock
|move|p1a: Crobat|Brave Bird|p2a: Forretress
|-damage|p2a: Forretress|211\/354
|-damage|p1a: Crobat|195\/321|[from] recoil|[of] p2a: Forretress
|
|-heal|p1a: Crobat|215\/321|[from] item: Black Sludge
|-heal|p2a: Forretress|233\/354|[from] item: Leftovers
|turn|5
|
|move|p1a: Crobat|Taunt|p2a: Forretress
|-start|p2a: Forretress|move: Taunt
|move|p2a: Forretress|Volt Switch|p1a: Crobat
|-supereffective|p1a: Crobat
|-damage|p1a: Crobat|129\/321
|
|switch|p2a: Flygon|Flygon, F|301\/301
|-damage|p2a: Flygon|283\/301|[from] Stealth Rock
|
|-heal|p1a: Crobat|149\/321|[from] item: Black Sludge
|turn|6
|
|switch|p1a: Swampert|Swampert, F|372\/401
|-damage|p1a: Swampert|322\/401|[from] Spikes
|move|p2a: Flygon|Dragon Claw|p1a: Swampert
|-damage|p1a: Swampert|235\/401
|
|-heal|p1a: Swampert|260\/401|[from] item: Leftovers
|turn|7
|
|switch|p2a: Vaporeon|Vaporeon, F|451\/451
|-damage|p2a: Vaporeon|395\/451|[from] Stealth Rock
|switch|p1a: Crobat|Crobat, M|149\/321
|
|-heal|p1a: Crobat|169\/321|[from] item: Black Sludge
|-heal|p2a: Vaporeon|423\/451|[from] item: Leftovers
|turn|8
|
|move|p1a: Crobat|Roost|p1a: Crobat
|-heal|p1a: Crobat|321\/321
|move|p2a: Vaporeon|Scald|p1a: Crobat
|-damage|p1a: Crobat|194\/321
|
|-heal|p1a: Crobat|214\/321|[from] item: Black Sludge
|-heal|p2a: Vaporeon|451\/451|[from] item: Leftovers
|turn|9
|
|move|p1a: Crobat|U-turn|p2a: Vaporeon
|-damage|p2a: Vaporeon|385\/451
|
|switch|p1a: Magneton|Magneton|261\/261
|-damage|p1a: Magneton|229\/261|[from] Spikes
|move|p2a: Vaporeon|Scald|p1a: Magneton
|-damage|p1a: Magneton|139\/261
|-status|p1a: Magneton|brn
|
|-heal|p2a: Vaporeon|413\/451|[from] item: Leftovers
|-damage|p1a: Magneton|107\/261 brn|[from] brn
|turn|10
|
|move|p2a: Vaporeon|Protect|p2a: Vaporeon
|-singleturn|p2a: Vaporeon|Protect
|move|p1a: Magneton|Thunderbolt|p2a: Vaporeon
|-activate|p2a: Vaporeon|Protect
|
|-heal|p2a: Vaporeon|441\/451|[from] item: Leftovers
|-damage|p1a: Magneton|75\/261 brn|[from] brn
|turn|11
|
|switch|p2a: Rotom-Heat|Rotom-Heat|303\/303
|-damage|p2a: Rotom-Heat|228\/303|[from] Stealth Rock
|move|p1a: Magneton|Hidden Power|p2a: Rotom-Heat
|-resisted|p2a: Rotom-Heat
|-damage|p2a: Rotom-Heat|204\/303
|
|-heal|p2a: Rotom-Heat|222\/303|[from] item: Leftovers
|-damage|p1a: Magneton|43\/261 brn|[from] brn
|turn|12
|
|move|p1a: Magneton|Volt Switch|p2a: Rotom-Heat
|-resisted|p2a: Rotom-Heat
|-damage|p2a: Rotom-Heat|181\/303
|
|switch|p1a: Swampert|Swampert, F|260\/401
|-damage|p1a: Swampert|210\/401|[from] Spikes
|move|p2a: Rotom-Heat|Will-O-Wisp|p1a: Swampert|[miss]
|-miss|p2a: Rotom-Heat|p1a: Swampert
|
|-heal|p2a: Rotom-Heat|199\/303|[from] item: Leftovers
|-heal|p1a: Swampert|235\/401|[from] item: Leftovers
|turn|13
|
|switch|p2a: Vaporeon|Vaporeon, F|441\/451
|-damage|p2a: Vaporeon|385\/451|[from] Stealth Rock
|move|p1a: Swampert|Scald|p2a: Vaporeon
|-heal|p2a: Vaporeon|451\/451|[from] ability: Water Absorb|[of] p1a: Swampert
|
|-heal|p1a: Swampert|260\/401|[from] item: Leftovers
|turn|14
|
|switch|p1a: Magneton|Magneton|43\/261 brn
|-damage|p1a: Magneton|11\/261 brn|[from] Spikes
|move|p2a: Vaporeon|Scald|p1a: Magneton
|-damage|p1a: Magneton|0 fnt
|faint|p1a: Magneton
|
|
|switch|p1a: Virizion|Virizion|323\/323
|-damage|p1a: Virizion|283\/323|[from] Spikes
|turn|15
|
|switch|p2a: Roserade|Roserade, M|235\/261
|-damage|p2a: Roserade|203\/261|[from] Stealth Rock
|move|p1a: Virizion|Swords Dance|p1a: Virizion
|-boost|p1a: Virizion|atk|2
|
|turn|16
|
|move|p1a: Virizion|Stone Edge|p2a: Roserade
|-damage|p2a: Roserade|0 fnt
|faint|p2a: Roserade
|
|
|switch|p2a: Gallade|Gallade, M|277\/277
|-damage|p2a: Gallade|260\/277|[from] Stealth Rock
|turn|17
|
|detailschange|p2a: Gallade|Gallade-Mega, M
|message|Gallade has Mega Evolved into Mega Gallade!
|move|p1a: Virizion|Leaf Blade|p2a: Gallade
|-crit|p2a: Gallade
|-damage|p2a: Gallade|0 fnt
|faint|p2a: Gallade
|
|
|switch|p2a: Rotom-Heat|Rotom-Heat|199\/303
|-damage|p2a: Rotom-Heat|124\/303|[from] Stealth Rock
|turn|18
|
|move|p1a: Virizion|Close Combat|p2a: Rotom-Heat
|-damage|p2a: Rotom-Heat|0 fnt
|-unboost|p1a: Virizion|def|1
|-unboost|p1a: Virizion|spd|1
|faint|p2a: Rotom-Heat
|
|
|switch|p2a: Flygon|Flygon, F|283\/301
|-damage|p2a: Flygon|265\/301|[from] Stealth Rock
|turn|19
|
|switch|p1a: Crobat|Crobat, M|214\/321
|move|p2a: Flygon|Outrage|p1a: Crobat
|-damage|p1a: Crobat|0 fnt
|faint|p1a: Crobat
|
|
|switch|p1a: Swampert|Swampert, F|260\/401
|-damage|p1a: Swampert|210\/401|[from] Spikes
|turn|20
|
|move|p2a: Flygon|Outrage|p1a: Swampert
|-damage|p1a: Swampert|60\/401
|move|p1a: Swampert|Ice Beam|p2a: Flygon
|-supereffective|p2a: Flygon
|-damage|p2a: Flygon|0 fnt
|faint|p2a: Flygon
|
|-heal|p1a: Swampert|85\/401|[from] item: Leftovers
|join|THE_iTodd
|
|switch|p2a: Vaporeon|Vaporeon, F|451\/451
|-damage|p2a: Vaporeon|395\/451|[from] Stealth Rock
|turn|21
|
|move|p2a: Vaporeon|Scald|p1a: Swampert
|-damage|p1a: Swampert|0 fnt
|faint|p1a: Swampert
|
|-heal|p2a: Vaporeon|423\/451|[from] item: Leftovers
|
|switch|p1a: Virizion|Virizion|283\/323
|-damage|p1a: Virizion|243\/323|[from] Spikes
|turn|22
|
|move|p1a: Virizion|Swords Dance|p1a: Virizion
|-boost|p1a: Virizion|atk|2
|move|p2a: Vaporeon|Wish|p2a: Vaporeon
|
|-heal|p2a: Vaporeon|451\/451|[from] item: Leftovers
|turn|23
|
|switch|p2a: Forretress|Forretress, M|233\/354
|-damage|p2a: Forretress|189\/354|[from] Stealth Rock
|move|p1a: Virizion|Swords Dance|p1a: Virizion
|-boost|p1a: Virizion|atk|2
|
|-heal|p2a: Forretress|354\/354|[from] move: Wish|[wisher] Vaporeon
|turn|24
|
|move|p1a: Virizion|Stone Edge|p2a: Forretress
|-damage|p2a: Forretress|201\/354
|move|p2a: Forretress|Gyro Ball|p1a: Virizion
|-damage|p1a: Virizion|95\/323
|
|-heal|p2a: Forretress|223\/354|[from] item: Leftovers
|turn|25
|
|move|p1a: Virizion|Close Combat|p2a: Forretress
|-damage|p2a: Forretress|0 fnt
|-unboost|p1a: Virizion|def|1
|-unboost|p1a: Virizion|spd|1
|faint|p2a: Forretress
|
|c|âAlchemist61|gg
|c|âdudman|gg
|
|switch|p2a: Vaporeon|Vaporeon, F|451\/451
|-damage|p2a: Vaporeon|395\/451|[from] Stealth Rock
|turn|26
|
|move|p1a: Virizion|Leaf Blade|p2a: Vaporeon
|-supereffective|p2a: Vaporeon
|-damage|p2a: Vaporeon|0 fnt
|faint|p2a: Vaporeon
|
|win|dudman
|raw|Ladder updating...
|leave|Alchemist61
|player|p2