|join|dudman
|join|trevor ellis
|player|p1|dudman|171
|player|p2|trevor ellis|112
|gametype|singles
|gen|6
|tier|UU
|rated
|rule|Sleep Clause Mod: Limit one foe put to sleep
|rule|Species Clause: Limit one of each PokÃ©mon
|rule|OHKO Clause: OHKO moves are banned
|rule|Moody Clause: Moody is banned
|rule|Evasion Moves Clause: Evasion moves are banned
|rule|Endless Battle Clause: Forcing endless battles is banned
|rule|HP Percentage Mod: HP is shown in percentages
|clearpoke
|poke|p1|Zygarde
|poke|p1|Suicune
|poke|p1|Mienshao, M
|poke|p1|Aggron, F
|poke|p1|Chandelure, F
|poke|p1|Whimsicott, F
|poke|p2|Chandelure, F
|poke|p2|Zygarde
|poke|p2|Lucario, M
|poke|p2|Blastoise, F
|poke|p2|Jirachi
|poke|p2|Whimsicott, F
|rule|Swagger Clause: Swagger is banned
|rule|Baton Pass Clause: Limit one PokÃ©mon knowing Baton Pass
|teampreview
|
|start
|switch|p1a: Suicune|Suicune|367\/367
|switch|p2a: Jirachi|Jirachi|362\/362
|-ability|p1a: Suicune|Pressure
|turn|1
|c|âtrevor ellis|nice same syngergy
|c|âdudman|yea lol
|
|move|p2a: Jirachi|Stealth Rock|p1a: Suicune
|-sidestart|p1: dudman|move: Stealth Rock
|move|p1a: Suicune|Scald|p2a: Jirachi
|-damage|p2a: Jirachi|245\/362
|
|-heal|p2a: Jirachi|267\/362|[from] item: Leftovers
|turn|2
|
|move|p2a: Jirachi|U-turn|p1a: Suicune
|-damage|p1a: Suicune|316\/367
|
|switch|p2a: Whimsicott|Whimsicott, F|261\/261
|move|p1a: Suicune|Ice Beam|p2a: Whimsicott
|-supereffective|p2a: Whimsicott
|-damage|p2a: Whimsicott|17\/261
|
|-heal|p2a: Whimsicott|33\/261|[from] item: Leftovers
|-heal|p1a: Suicune|338\/367|[from] item: Leftovers
|turn|3
|
|switch|p1a: Aggron|Aggron, F|323\/323
|-damage|p1a: Aggron|303\/323|[from] Stealth Rock
|move|p2a: Whimsicott|U-turn|p1a: Aggron
|-resisted|p1a: Aggron
|-damage|p1a: Aggron|293\/323
|
|switch|p2a: Zygarde|Zygarde|404\/404
|-ability|p2a: Zygarde|Aura Break
|
|turn|4
|
|switch|p1a: Whimsicott|Whimsicott, F|261\/261
|-damage|p1a: Whimsicott|229\/261|[from] Stealth Rock
|move|p2a: Zygarde|Earthquake|p1a: Whimsicott
|-resisted|p1a: Whimsicott
|-damage|p1a: Whimsicott|166\/261
|
|-heal|p1a: Whimsicott|182\/261|[from] item: Leftovers
|turn|5
|
|switch|p2a: Chandelure|Chandelure, F|265\/265
|move|p1a: Whimsicott|U-turn|p2a: Chandelure
|-resisted|p2a: Chandelure
|-damage|p2a: Chandelure|255\/265
|
|switch|p1a: Mienshao|Mienshao, M|271\/271
|-damage|p1a: Mienshao|255\/271|[from] Stealth Rock
|
|turn|6
|
|switch|p2a: Blastoise|Blastoise, F|339\/339
|move|p1a: Mienshao|Knock Off|p2a: Blastoise
|-damage|p2a: Blastoise|269\/339
|
|turn|7
|
|switch|p1a: Suicune|Suicune|338\/367
|-damage|p1a: Suicune|293\/367|[from] Stealth Rock
|-ability|p1a: Suicune|Pressure
|detailschange|p2a: Blastoise|Blastoise-Mega, F
|message|Blastoise has Mega Evolved into Mega Blastoise!
|move|p2a: Blastoise|Toxic|p1a: Suicune
|-status|p1a: Suicune|tox
|
|-heal|p1a: Suicune|315\/367 tox|[from] item: Leftovers
|-damage|p1a: Suicune|293\/367 tox|[from] psn
|turn|8
|
|move|p1a: Suicune|Scald|p2a: Blastoise
|-resisted|p2a: Blastoise
|-damage|p2a: Blastoise|210\/339
|move|p2a: Blastoise|Scald|p1a: Suicune
|-resisted|p1a: Suicune
|-damage|p1a: Suicune|228\/367 tox
|
|-heal|p1a: Suicune|250\/367 tox|[from] item: Leftovers
|-damage|p1a: Suicune|206\/367 tox|[from] psn
|turn|9
|
|move|p1a: Suicune|Scald|p2a: Blastoise
|-resisted|p2a: Blastoise
|-damage|p2a: Blastoise|152\/339
|move|p2a: Blastoise|Scald|p1a: Suicune
|-resisted|p1a: Suicune
|-damage|p1a: Suicune|134\/367 tox
|
|-heal|p1a: Suicune|156\/367 tox|[from] item: Leftovers
|-damage|p1a: Suicune|90\/367 tox|[from] psn
|turn|10
|
|move|p1a: Suicune|Scald|p2a: Blastoise
|-resisted|p2a: Blastoise
|-damage|p2a: Blastoise|94\/339
|move|p2a: Blastoise|Ice Beam|p1a: Suicune
|-resisted|p1a: Suicune
|-damage|p1a: Suicune|35\/367 tox
|
|-heal|p1a: Suicune|57\/367 tox|[from] item: Leftovers
|-damage|p1a: Suicune|0 fnt|[from] psn
|faint|p1a: Suicune
|c|âdudman|fukn suicune
|
|switch|p1a: Chandelure|Chandelure, F|261\/261
|-damage|p1a: Chandelure|196\/261|[from] Stealth Rock
|turn|11
|
|move|p1a: Chandelure|Shadow Ball|p2a: Blastoise
|-damage|p2a: Blastoise|0 fnt
|faint|p2a: Blastoise
|
|
|switch|p2a: Zygarde|Zygarde|404\/404
|-ability|p2a: Zygarde|Aura Break
|turn|12
|
|switch|p1a: Whimsicott|Whimsicott, F|182\/261
|-damage|p1a: Whimsicott|150\/261|[from] Stealth Rock
|switch|p2a: Jirachi|Jirachi|267\/362
|
|-heal|p1a: Whimsicott|166\/261|[from] item: Leftovers
|-heal|p2a: Jirachi|289\/362|[from] item: Leftovers
|turn|13
|
|move|p1a: Whimsicott|U-turn|p2a: Jirachi
|-damage|p2a: Jirachi|253\/362
|
|switch|p1a: Aggron|Aggron, F|293\/323
|-damage|p1a: Aggron|273\/323|[from] Stealth Rock
|move|p2a: Jirachi|U-turn|p1a: Aggron
|-crit|p1a: Aggron
|-resisted|p1a: Aggron
|-damage|p1a: Aggron|246\/323
|
|switch|p2a: Chandelure|Chandelure, F|255\/265
|
|turn|14
|
|detailschange|p1a: Aggron|Aggron-Mega, F
|message|Aggron has Mega Evolved into Mega Aggron!
|move|p2a: Chandelure|Shadow Ball|p1a: Aggron
|-crit|p1a: Aggron
|-damage|p1a: Aggron|0 fnt
|faint|p1a: Aggron
|
|
|switch|p1a: Chandelure|Chandelure, F|196\/261
|-damage|p1a: Chandelure|131\/261|[from] Stealth Rock
|turn|15
|
|switch|p2a: Whimsicott|Whimsicott, F|33\/261
|move|p1a: Chandelure|Shadow Ball|p2a: Whimsicott
|-damage|p2a: Whimsicott|0 fnt
|faint|p2a: Whimsicott
|
|
|switch|p2a: Zygarde|Zygarde|404\/404
|-ability|p2a: Zygarde|Aura Break
|turn|16
|
|switch|p1a: Whimsicott|Whimsicott, F|166\/261
|-damage|p1a: Whimsicott|134\/261|[from] Stealth Rock
|move|p2a: Zygarde|Earthquake|p1a: Whimsicott
|-resisted|p1a: Whimsicott
|-damage|p1a: Whimsicott|65\/261
|
|-heal|p1a: Whimsicott|81\/261|[from] item: Leftovers
|turn|17
|
|switch|p2a: Jirachi|Jirachi|253\/362
|move|p1a: Whimsicott|Moonblast|p2a: Jirachi
|-resisted|p2a: Jirachi
|-damage|p2a: Jirachi|202\/362
|-unboost|p2a: Jirachi|spa|1
|
|-heal|p1a: Whimsicott|97\/261|[from] item: Leftovers
|-heal|p2a: Jirachi|224\/362|[from] item: Leftovers
|turn|18
|
|move|p1a: Whimsicott|Moonblast|p2a: Jirachi
|-resisted|p2a: Jirachi
|-damage|p2a: Jirachi|164\/362
|-unboost|p2a: Jirachi|spa|1
|move|p2a: Jirachi|U-turn|p1a: Whimsicott
|-damage|p1a: Whimsicott|33\/261
|
|switch|p2a: Lucario|Lucario, M|281\/281
|
|-heal|p1a: Whimsicott|49\/261|[from] item: Leftovers
|turn|19
|
|move|p2a: Lucario|Bullet Punch|p1a: Whimsicott
|-supereffective|p1a: Whimsicott
|-damage|p1a: Whimsicott|0 fnt
|-damage|p2a: Lucario|253\/281|[from] item: Life Orb
|faint|p1a: Whimsicott
|
|
|switch|p1a: Chandelure|Chandelure, F|131\/261
|-damage|p1a: Chandelure|66\/261|[from] Stealth Rock
|turn|20
|
|move|p2a: Lucario|Bullet Punch|p1a: Chandelure
|-resisted|p1a: Chandelure
|-damage|p1a: Chandelure|18\/261
|-damage|p2a: Lucario|225\/281|[from] item: Life Orb
|move|p1a: Chandelure|Shadow Ball|p2a: Lucario
|-damage|p2a: Lucario|0 fnt
|faint|p2a: Lucario
|
|
|switch|p2a: Jirachi|Jirachi|164\/362
|turn|21
|
|move|p1a: Chandelure|Shadow Ball|p2a: Jirachi
|-supereffective|p2a: Jirachi
|-damage|p2a: Jirachi|0 fnt
|faint|p2a: Jirachi
|
|
|switch|p2a: Zygarde|Zygarde|404\/404
|-ability|p2a: Zygarde|Aura Break
|turn|22
|
|move|p1a: Chandelure|Shadow Ball|p2a: Zygarde
|-damage|p2a: Zygarde|236\/404
|move|p2a: Zygarde|Coil|p2a: Zygarde
|-boost|p2a: Zygarde|atk|1
|-boost|p2a: Zygarde|def|1
|-boost|p2a: Zygarde|accuracy|1
|
|-heal|p2a: Zygarde|261\/404|[from] item: Leftovers
|turn|23
|
|move|p1a: Chandelure|Shadow Ball|p2a: Zygarde
|-damage|p2a: Zygarde|102\/404
|move|p2a: Zygarde|Earthquake|p1a: Chandelure
|-supereffective|p1a: Chandelure
|-damage|p1a: Chandelure|0 fnt
|faint|p1a: Chandelure
|
|-heal|p2a: Zygarde|127\/404|[from] item: Leftovers
|c|âtrevor ellis|i fucked up with my rachi evs
|c|âtrevor ellis|no
|c|âtrevor ellis|oo
|c|âtrevor ellis|oo
|
|switch|p1a: Zygarde|Zygarde|357\/357
|-damage|p1a: Zygarde|335\/357|[from] Stealth Rock
|-ability|p1a: Zygarde|Aura Break
|turn|24
|
|move|p1a: Zygarde|Outrage|p2a: Zygarde
|-supereffective|p2a: Zygarde
|-damage|p2a: Zygarde|0 fnt
|faint|p2a: Zygarde
|
|
|switch|p2a: Chandelure|Chandelure, F|255\/265
|turn|25
|
|move|p1a: Zygarde|Outrage|p2a: Chandelure
|-damage|p2a: Chandelure|54\/265
|move|p2a: Chandelure|Hidden Power|p1a: Zygarde
|-supereffective|p1a: Zygarde
|-damage|p1a: Zygarde|0 fnt
|faint|p1a: Zygarde
|
|
|switch|p1a: Mienshao|Mienshao, M|255\/271
|-damage|p1a: Mienshao|239\/271|[from] Stealth Rock
|turn|26
|
|move|p1a: Mienshao|Knock Off|p2a: Chandelure
|-supereffective|p2a: Chandelure
|-damage|p2a: Chandelure|0 fnt
|-enditem|p2a: Chandelure|Choice Specs|[from] move: Knock Off|[of] p1a: Mienshao
|faint|p2a: Chandelure
|
|win|dudman
|raw|Ladder updating...
|c|âdudman|gg
|raw|dudman's rating: 1664 &rarr; <strong>1679<\/strong><br \/>(+15 for winning)
|raw|trevor ellis's rating: 1575 &rarr; <strong>1560<\/strong><br \/>(-15 for losing)
|c|âtrevor ellis|gg