|join|dudman
|join|FlareBlitz3000
|player|p1|dudman|171
|player|p2|FlareBlitz3000|97
|gametype|singles
|gen|6
|tier|UU
|rated
|rule|Sleep Clause Mod: Limit one foe put to sleep
|rule|Species Clause: Limit one of each PokÃ©mon
|rule|OHKO Clause: OHKO moves are banned
|rule|Moody Clause: Moody is banned
|rule|Evasion Moves Clause: Evasion moves are banned
|rule|Endless Battle Clause: Forcing endless battles is banned
|rule|HP Percentage Mod: HP is shown in percentages
|clearpoke
|poke|p1|Nidoking, M
|poke|p1|Suicune
|poke|p1|Mienshao, M
|poke|p1|Aggron, F
|poke|p1|Chandelure, F
|poke|p1|Whimsicott, M
|poke|p2|Blastoise, F
|poke|p2|Nidoqueen, F
|poke|p2|Chandelure, M, shiny
|poke|p2|Lucario, F, shiny
|poke|p2|Hydreigon, M, shiny
|poke|p2|Celebi
|rule|Swagger Clause: Swagger is banned
|rule|Baton Pass Clause: Limit one PokÃ©mon knowing Baton Pass
|teampreview
|
|start
|switch|p1a: Suicune|Suicune|365\/365
|switch|p2a: Hydreigon|Hydreigon, M, shiny|325\/325
|-ability|p1a: Suicune|Pressure
|turn|1
|
|move|p2a: Hydreigon|U-turn|p1a: Suicune
|-damage|p1a: Suicune|300\/365
|-damage|p2a: Hydreigon|293\/325|[from] item: Life Orb
|
|switch|p2a: Celebi|Celebi|341\/341
|move|p1a: Suicune|Ice Beam|p2a: Celebi
|-supereffective|p2a: Celebi
|-damage|p2a: Celebi|145\/341
|
|-heal|p2a: Celebi|166\/341|[from] item: Leftovers
|-heal|p1a: Suicune|322\/365|[from] item: Leftovers
|turn|2
|
|switch|p1a: Whimsicott|Whimsicott, M|261\/261
|move|p2a: Celebi|Giga Drain|p1a: Whimsicott
|-resisted|p1a: Whimsicott
|-damage|p1a: Whimsicott|193\/261
|-heal|p2a: Celebi|200\/341|[from] drain|[of] p1a: Whimsicott
|
|-heal|p1a: Whimsicott|209\/261|[from] item: Leftovers
|-heal|p2a: Celebi|221\/341|[from] item: Leftovers
|turn|3
|
|move|p1a: Whimsicott|U-turn|p2a: Celebi
|-supereffective|p2a: Celebi
|-damage|p2a: Celebi|65\/341
|
|switch|p1a: Aggron|Aggron, F|344\/344
|move|p2a: Celebi|U-turn|p1a: Aggron
|-resisted|p1a: Aggron
|-damage|p1a: Aggron|329\/344
|
|switch|p2a: Chandelure|Chandelure, M, shiny|261\/261
|
|turn|4
|
|switch|p1a: Suicune|Suicune|322\/365
|-ability|p1a: Suicune|Pressure
|move|p2a: Chandelure|Fire Blast|p1a: Suicune
|-resisted|p1a: Suicune
|-damage|p1a: Suicune|230\/365
|
|-heal|p1a: Suicune|252\/365|[from] item: Leftovers
|turn|5
|join|DatLatias
|c| DatLatias|sick dubs
|
|switch|p2a: Celebi|Celebi|65\/341
|move|p1a: Suicune|Scald|p2a: Celebi
|-resisted|p2a: Celebi
|-damage|p2a: Celebi|7\/341
|
|-heal|p2a: Celebi|28\/341|[from] item: Leftovers
|-heal|p1a: Suicune|274\/365|[from] item: Leftovers
|turn|6
|
|switch|p1a: Whimsicott|Whimsicott, M|209\/261
|move|p2a: Celebi|Recover|p2a: Celebi
|-heal|p2a: Celebi|199\/341
|
|-heal|p1a: Whimsicott|225\/261|[from] item: Leftovers
|-heal|p2a: Celebi|220\/341|[from] item: Leftovers
|turn|7
|
|move|p1a: Whimsicott|Encore|p2a: Celebi
|-start|p2a: Celebi|Encore
|move|p2a: Celebi|Recover|p2a: Celebi
|-heal|p2a: Celebi|341\/341
|
|-heal|p1a: Whimsicott|241\/261|[from] item: Leftovers
|turn|8
|
|switch|p2a: Nidoqueen|Nidoqueen, F|353\/353
|move|p1a: Whimsicott|U-turn|p2a: Nidoqueen
|-resisted|p2a: Nidoqueen
|-damage|p2a: Nidoqueen|334\/353
|join|eleb (^:\>
|
|switch|p1a: Nidoking|Nidoking, M|303\/303
|
|turn|9
|c| MYSOGGYKNEES|:^)
|
|switch|p2a: Hydreigon|Hydreigon, M, shiny|293\/325
|move|p1a: Nidoking|Ice Beam|p2a: Hydreigon
|-supereffective|p2a: Hydreigon
|-damage|p2a: Hydreigon|0 fnt
|faint|p2a: Hydreigon
|
|c| MYSOGGYKNEES|rekt
|
|switch|p2a: Blastoise|Blastoise, F|349\/349
|turn|10
|
|switch|p1a: Whimsicott|Whimsicott, M|241\/261
|detailschange|p2a: Blastoise|Blastoise-Mega, F
|message|Blastoise has Mega Evolved into Mega Blastoise!
|move|p2a: Blastoise|Hydro Pump|p1a: Whimsicott
|-resisted|p1a: Whimsicott
|-damage|p1a: Whimsicott|109\/261
|
|-heal|p1a: Whimsicott|125\/261|[from] item: Leftovers
|turn|11
|
|switch|p2a: Nidoqueen|Nidoqueen, F|334\/353
|move|p1a: Whimsicott|Giga Drain|p2a: Nidoqueen
|-damage|p2a: Nidoqueen|234\/353
|-heal|p1a: Whimsicott|175\/261|[from] drain|[of] p2a: Nidoqueen
|
|-heal|p1a: Whimsicott|191\/261|[from] item: Leftovers
|turn|12
|
|move|p1a: Whimsicott|U-turn|p2a: Nidoqueen
|-resisted|p2a: Nidoqueen
|-damage|p2a: Nidoqueen|213\/353
|
|switch|p1a: Chandelure|Chandelure, F|261\/261
|move|p2a: Nidoqueen|Ice Beam|p1a: Chandelure
|-resisted|p1a: Chandelure
|-damage|p1a: Chandelure|186\/261
|
|turn|13
|
|switch|p2a: Chandelure|Chandelure, M, shiny|261\/261
|move|p1a: Chandelure|Shadow Ball|p2a: Chandelure
|-supereffective|p2a: Chandelure
|-damage|p2a: Chandelure|0 fnt
|faint|p2a: Chandelure
|
|
|switch|p2a: Blastoise|Blastoise-Mega, F|349\/349
|turn|14
|
|switch|p1a: Whimsicott|Whimsicott, M|191\/261
|move|p2a: Blastoise|Hydro Pump|p1a: Whimsicott
|-resisted|p1a: Whimsicott
|-damage|p1a: Whimsicott|47\/261
|
|-heal|p1a: Whimsicott|63\/261|[from] item: Leftovers
|turn|15
|
|switch|p2a: Lucario|Lucario, F, shiny|281\/281
|move|p1a: Whimsicott|Giga Drain|p2a: Lucario
|-resisted|p2a: Lucario
|-damage|p2a: Lucario|217\/281
|-heal|p1a: Whimsicott|95\/261|[from] drain|[of] p2a: Lucario
|
|-heal|p1a: Whimsicott|111\/261|[from] item: Leftovers
|turn|16
|
|switch|p1a: Chandelure|Chandelure, F|186\/261
|move|p2a: Lucario|Iron Tail|p1a: Chandelure|[miss]
|-miss|p2a: Lucario|p1a: Chandelure
|
|turn|17
|join|Bob the Bro ã
|
|switch|p2a: Blastoise|Blastoise-Mega, F|349\/349
|move|p1a: Chandelure|Shadow Ball|p2a: Blastoise
|-damage|p2a: Blastoise|156\/349
|-unboost|p2a: Blastoise|spd|1
|
|turn|18
|
|switch|p2a: Celebi|Celebi|341\/341
|move|p1a: Chandelure|Shadow Ball|p2a: Celebi
|-supereffective|p2a: Celebi
|-damage|p2a: Celebi|0 fnt
|faint|p2a: Celebi
|
|
|switch|p2a: Nidoqueen|Nidoqueen, F|213\/353
|turn|19
|
|move|p1a: Chandelure|Shadow Ball|p2a: Nidoqueen
|-damage|p2a: Nidoqueen|0 fnt
|faint|p2a: Nidoqueen
|
|
|switch|p2a: Blastoise|Blastoise-Mega, F|156\/349
|turn|20
|
|move|p1a: Chandelure|Shadow Ball|p2a: Blastoise
|-damage|p2a: Blastoise|0 fnt
|faint|p2a: Blastoise
|
|c|âFlareBlitz3000|gg
|
|switch|p2a: Lucario|Lucario, F, shiny|217\/281
|turn|21
|c|âdudman|gg
|
|move|p1a: Chandelure|Shadow Ball|p2a: Lucario
|-damage|p2a: Lucario|0 fnt
|faint|p2a: Lucario
|
|win|dudman
|raw|Ladder updating...
|raw|dudman's rating: 1638 &rarr; <strong>1646<\/strong><br \/>(+8 for winning)
|raw|FlareBlitz3000's rating: 1402 &rarr; <strong>1394<\/strong><br \/>(-8 for losing)