|join|dudman
|join|Brandonna
|player|p1|dudman|171
|player|p2|Brandonna|102
|gametype|singles
|gen|6
|tier|UU
|rated
|rule|Sleep Clause Mod: Limit one foe put to sleep
|rule|Species Clause: Limit one of each PokÃ©mon
|rule|OHKO Clause: OHKO moves are banned
|rule|Moody Clause: Moody is banned
|rule|Evasion Moves Clause: Evasion moves are banned
|rule|Endless Battle Clause: Forcing endless battles is banned
|rule|HP Percentage Mod: HP is shown in percentages
|clearpoke
|poke|p1|Pangoro, F
|poke|p1|Cresselia, F
|poke|p1|Swampert, M
|poke|p1|Aerodactyl, F
|poke|p1|Tentacruel, M
|poke|p1|Rotom-Heat
|poke|p2|Beedrill, M
|poke|p2|Tornadus, M
|poke|p2|Forretress, M
|poke|p2|Chandelure, F
|poke|p2|Rhyperior, M
|poke|p2|Aromatisse, F
|rule|Swagger Clause: Swagger is banned
|rule|Baton Pass Clause: Limit one PokÃ©mon knowing Baton Pass
|teampreview
|
|start
|switch|p1a: Rotom-Heat|Rotom-Heat|267\/267
|switch|p2a: Beedrill|Beedrill, M|272\/272
|turn|1
|
|switch|p2a: Chandelure|Chandelure, F|324\/324
|move|p1a: Rotom-Heat|Will-O-Wisp|p2a: Chandelure
|-start|p2a: Chandelure|ability: Flash Fire
|
|turn|2
|
|move|p1a: Rotom-Heat|Volt Switch|p2a: Chandelure
|-damage|p2a: Chandelure|198\/324
|
|switch|p1a: Pangoro|Pangoro, F|331\/331
|move|p2a: Chandelure|Shadow Ball|p1a: Pangoro
|-resisted|p1a: Pangoro
|-damage|p1a: Pangoro|228\/331
|
|-heal|p2a: Chandelure|218\/324|[from] item: Leftovers
|turn|3
|
|switch|p1a: Aerodactyl|Aerodactyl, F|301\/301
|-ability|p1a: Aerodactyl|Pressure
|switch|p2a: Aromatisse|Aromatisse, F|406\/406
|
|turn|4
|join|so dynamic
|
|switch|p2a: Forretress|Forretress, M|354\/354
|detailschange|p1a: Aerodactyl|Aerodactyl-Mega, F
|message|Aerodactyl has Mega Evolved into Mega Aerodactyl!
|move|p1a: Aerodactyl|Stone Edge|p2a: Forretress|[miss]
|-miss|p1a: Aerodactyl|p2a: Forretress
|
|turn|5
|
|switch|p1a: Tentacruel|Tentacruel, M|364\/364
|move|p2a: Forretress|Spikes|p1a: Tentacruel
|-sidestart|p1: dudman|Spikes
|
|turn|6
|
|move|p1a: Tentacruel|Toxic Spikes|p2a: Forretress
|-sidestart|p2: Brandonna|move: Toxic Spikes
|move|p2a: Forretress|Volt Switch|p1a: Tentacruel
|-supereffective|p1a: Tentacruel
|-damage|p1a: Tentacruel|310\/364
|
|switch|p2a: Beedrill|Beedrill, M|272\/272
|-sideend|p2: Brandonna|move: Toxic Spikes|[of] p2a: Beedrill
|
|-heal|p1a: Tentacruel|332\/364|[from] item: Black Sludge
|turn|7
|
|detailschange|p2a: Beedrill|Beedrill-Mega, M
|message|Beedrill has Mega Evolved into Mega Beedrill!
|move|p2a: Beedrill|Knock Off|p1a: Tentacruel
|-damage|p1a: Tentacruel|185\/364
|-enditem|p1a: Tentacruel|Black Sludge|[from] move: Knock Off|[of] p2a: Beedrill
|move|p1a: Tentacruel|Scald|p2a: Beedrill
|-damage|p2a: Beedrill|178\/272
|-status|p2a: Beedrill|brn
|
|-damage|p2a: Beedrill|144\/272 brn|[from] brn
|turn|8
|
|move|p2a: Beedrill|U-turn|p1a: Tentacruel
|-resisted|p1a: Tentacruel
|-damage|p1a: Tentacruel|135\/364
|
|switch|p2a: Aromatisse|Aromatisse, F|406\/406
|move|p1a: Tentacruel|Rapid Spin|p2a: Aromatisse
|-damage|p2a: Aromatisse|392\/406
|-sideend|p1: dudman|Spikes|[from] move: Rapid Spin|[of] p1a: Tentacruel
|
|-heal|p2a: Aromatisse|406\/406|[from] item: Leftovers
|turn|9
|
|switch|p1a: Swampert|Swampert, M|401\/401
|move|p2a: Aromatisse|Aromatherapy|p2a: Aromatisse
|-cureteam|p2a: Aromatisse|[from] move: Aromatherapy
|
|turn|10
|
|switch|p2a: Chandelure|Chandelure, F|218\/324
|move|p1a: Swampert|Stealth Rock|p2a: Chandelure
|-sidestart|p2: Brandonna|move: Stealth Rock
|
|-heal|p2a: Chandelure|238\/324|[from] item: Leftovers
|turn|11
|
|switch|p1a: Aerodactyl|Aerodactyl-Mega, F|301\/301
|move|p2a: Chandelure|Energy Ball|p1a: Aerodactyl
|-damage|p1a: Aerodactyl|165\/301
|
|-heal|p2a: Chandelure|258\/324|[from] item: Leftovers
|turn|12
|
|switch|p1a: Rotom-Heat|Rotom-Heat|267\/267
|switch|p2a: Forretress|Forretress, M|354\/354
|-damage|p2a: Forretress|310\/354|[from] Stealth Rock
|
|-heal|p2a: Forretress|332\/354|[from] item: Leftovers
|turn|13
|
|move|p1a: Rotom-Heat|Overheat|p2a: Forretress|[miss]
|-miss|p1a: Rotom-Heat|p2a: Forretress
|move|p2a: Forretress|Rapid Spin|p1a: Rotom-Heat
|-damage|p1a: Rotom-Heat|253\/267
|-sideend|p2: Brandonna|Stealth Rock|[from] move: Rapid Spin|[of] p2a: Forretress
|
|-heal|p1a: Rotom-Heat|267\/267|[from] item: Leftovers
|-heal|p2a: Forretress|354\/354|[from] item: Leftovers
|turn|14
|
|switch|p2a: Chandelure|Chandelure, F|258\/324
|move|p1a: Rotom-Heat|Volt Switch|p2a: Chandelure
|-damage|p2a: Chandelure|140\/324
|
|switch|p1a: Aerodactyl|Aerodactyl-Mega, F|165\/301
|
|-heal|p2a: Chandelure|160\/324|[from] item: Leftovers
|turn|15
|
|switch|p1a: Rotom-Heat|Rotom-Heat|267\/267
|switch|p2a: Forretress|Forretress, M|354\/354
|
|turn|16
|
|move|p1a: Rotom-Heat|Will-O-Wisp|p2a: Forretress
|-status|p2a: Forretress|brn
|move|p2a: Forretress|Spikes|p1a: Rotom-Heat
|-sidestart|p1: dudman|Spikes
|
|-damage|p2a: Forretress|310\/354 brn|[from] brn
|turn|17
|
|switch|p2a: Chandelure|Chandelure, F|160\/324
|move|p1a: Rotom-Heat|Volt Switch|p2a: Chandelure
|-damage|p2a: Chandelure|36\/324
|
|switch|p1a: Aerodactyl|Aerodactyl-Mega, F|165\/301
|
|-heal|p2a: Chandelure|56\/324|[from] item: Leftovers
|turn|18
|
|switch|p2a: Rhyperior|Rhyperior, M|434\/434
|move|p1a: Aerodactyl|Stone Edge|p2a: Rhyperior|[miss]
|-miss|p1a: Aerodactyl|p2a: Rhyperior
|
|turn|19
|
|switch|p1a: Swampert|Swampert, M|401\/401
|-damage|p1a: Swampert|351\/401|[from] Spikes
|switch|p2a: Chandelure|Chandelure, F|56\/324
|
|-heal|p2a: Chandelure|76\/324|[from] item: Leftovers
|-heal|p1a: Swampert|376\/401|[from] item: Leftovers
|turn|20
|
|switch|p1a: Rotom-Heat|Rotom-Heat|267\/267
|move|p2a: Chandelure|Energy Ball|p1a: Rotom-Heat
|-resisted|p1a: Rotom-Heat
|-damage|p1a: Rotom-Heat|210\/267
|
|-heal|p1a: Rotom-Heat|226\/267|[from] item: Leftovers
|-heal|p2a: Chandelure|96\/324|[from] item: Leftovers
|turn|21
|
|switch|p2a: Rhyperior|Rhyperior, M|434\/434
|move|p1a: Rotom-Heat|Volt Switch|p2a: Rhyperior
|-immune|p2a: Rhyperior|[msg]
|
|-heal|p1a: Rotom-Heat|242\/267|[from] item: Leftovers
|turn|22
|
|switch|p2a: Chandelure|Chandelure, F|96\/324
|move|p1a: Rotom-Heat|Will-O-Wisp|p2a: Chandelure
|-start|p2a: Chandelure|ability: Flash Fire
|
|-heal|p1a: Rotom-Heat|258\/267|[from] item: Leftovers
|-heal|p2a: Chandelure|116\/324|[from] item: Leftovers
|turn|23
|
|switch|p2a: Forretress|Forretress, M|310\/354 brn
|move|p1a: Rotom-Heat|Volt Switch|p2a: Forretress
|-damage|p2a: Forretress|117\/354 brn
|
|switch|p1a: Tentacruel|Tentacruel, M|135\/364
|-damage|p1a: Tentacruel|90\/364|[from] Spikes
|
|-heal|p2a: Forretress|139\/354 brn|[from] item: Leftovers
|-damage|p2a: Forretress|95\/354 brn|[from] brn
|turn|24
|
|move|p1a: Tentacruel|Scald|p2a: Forretress
|-damage|p2a: Forretress|0 fnt
|faint|p2a: Forretress
|
|
|switch|p2a: Beedrill|Beedrill-Mega, M|144\/272
|turn|25
|
|switch|p1a: Rotom-Heat|Rotom-Heat|258\/267
|move|p2a: Beedrill|Knock Off|p1a: Rotom-Heat
|-damage|p1a: Rotom-Heat|145\/267
|-enditem|p1a: Rotom-Heat|Leftovers|[from] move: Knock Off|[of] p2a: Beedrill
|
|turn|26
|
|move|p2a: Beedrill|U-turn|p1a: Rotom-Heat
|-resisted|p1a: Rotom-Heat
|-damage|p1a: Rotom-Heat|56\/267
|
|switch|p2a: Aromatisse|Aromatisse, F|406\/406
|move|p1a: Rotom-Heat|Volt Switch|p2a: Aromatisse
|-damage|p2a: Aromatisse|312\/406
|
|switch|p1a: Swampert|Swampert, M|376\/401
|-damage|p1a: Swampert|326\/401|[from] Spikes
|
|-heal|p1a: Swampert|351\/401|[from] item: Leftovers
|-heal|p2a: Aromatisse|337\/406|[from] item: Leftovers
|turn|27
|
|move|p1a: Swampert|Stealth Rock|p2a: Aromatisse
|-sidestart|p2: Brandonna|move: Stealth Rock
|move|p2a: Aromatisse|Moonblast|p1a: Swampert
|-damage|p1a: Swampert|231\/401
|
|-heal|p1a: Swampert|256\/401|[from] item: Leftovers
|-heal|p2a: Aromatisse|362\/406|[from] item: Leftovers
|turn|28
|
|move|p1a: Swampert|Scald|p2a: Aromatisse
|-damage|p2a: Aromatisse|295\/406
|move|p2a: Aromatisse|Moonblast|p1a: Swampert
|-damage|p1a: Swampert|126\/401
|
|-heal|p1a: Swampert|151\/401|[from] item: Leftovers
|-heal|p2a: Aromatisse|320\/406|[from] item: Leftovers
|turn|29
|
|switch|p1a: Rotom-Heat|Rotom-Heat|56\/267
|move|p2a: Aromatisse|Moonblast|p1a: Rotom-Heat
|-resisted|p1a: Rotom-Heat
|-damage|p1a: Rotom-Heat|7\/267
|
|-heal|p2a: Aromatisse|345\/406|[from] item: Leftovers
|turn|30
|
|move|p2a: Aromatisse|Protect|p2a: Aromatisse
|-singleturn|p2a: Aromatisse|Protect
|move|p1a: Rotom-Heat|Will-O-Wisp|p2a: Aromatisse
|-activate|p2a: Aromatisse|Protect
|
|-heal|p2a: Aromatisse|370\/406|[from] item: Leftovers
|turn|31
|
|move|p1a: Rotom-Heat|Will-O-Wisp|p2a: Aromatisse
|-status|p2a: Aromatisse|brn
|move|p2a: Aromatisse|Moonblast|p1a: Rotom-Heat
|-resisted|p1a: Rotom-Heat
|-damage|p1a: Rotom-Heat|0 fnt
|faint|p1a: Rotom-Heat
|
|-heal|p2a: Aromatisse|395\/406 brn|[from] item: Leftovers
|-damage|p2a: Aromatisse|345\/406 brn|[from] brn
|
|switch|p1a: Aerodactyl|Aerodactyl-Mega, F|165\/301
|turn|32
|
|move|p1a: Aerodactyl|Roost|p1a: Aerodactyl
|-heal|p1a: Aerodactyl|301\/301
|move|p2a: Aromatisse|Moonblast|p1a: Aerodactyl
|-damage|p1a: Aerodactyl|175\/301
|-unboost|p1a: Aerodactyl|spa|1
|
|-heal|p2a: Aromatisse|370\/406 brn|[from] item: Leftovers
|-damage|p2a: Aromatisse|320\/406 brn|[from] brn
|turn|33
|
|move|p1a: Aerodactyl|Stone Edge|p2a: Aromatisse|[miss]
|-miss|p1a: Aerodactyl|p2a: Aromatisse
|move|p2a: Aromatisse|Wish|p2a: Aromatisse
|
|-heal|p2a: Aromatisse|345\/406 brn|[from] item: Leftovers
|-damage|p2a: Aromatisse|295\/406 brn|[from] brn
|turn|34
|
|switch|p2a: Rhyperior|Rhyperior, M|434\/434
|-damage|p2a: Rhyperior|407\/434|[from] Stealth Rock
|move|p1a: Aerodactyl|Roost|p1a: Aerodactyl
|-heal|p1a: Aerodactyl|301\/301
|
|-heal|p2a: Rhyperior|434\/434|[from] move: Wish|[wisher] Aromatisse
|turn|35
|
|switch|p1a: Swampert|Swampert, M|151\/401
|-damage|p1a: Swampert|101\/401|[from] Spikes
|move|p2a: Rhyperior|Stealth Rock|p1a: Swampert
|-sidestart|p1: dudman|move: Stealth Rock
|
|-heal|p1a: Swampert|126\/401|[from] item: Leftovers
|turn|36
|
|switch|p2a: Aromatisse|Aromatisse, F|295\/406 brn
|-damage|p2a: Aromatisse|245\/406 brn|[from] Stealth Rock
|move|p1a: Swampert|Earthquake|p2a: Aromatisse
|-damage|p2a: Aromatisse|76\/406 brn
|
|-heal|p1a: Swampert|151\/401|[from] item: Leftovers
|-heal|p2a: Aromatisse|101\/406 brn|[from] item: Leftovers
|-damage|p2a: Aromatisse|51\/406 brn|[from] brn
|turn|37
|
|move|p1a: Swampert|Earthquake|p2a: Aromatisse
|-damage|p2a: Aromatisse|0 fnt
|faint|p2a: Aromatisse
|
|-heal|p1a: Swampert|176\/401|[from] item: Leftovers
|
|switch|p2a: Chandelure|Chandelure, F|116\/324
|-damage|p2a: Chandelure|35\/324|[from] Stealth Rock
|turn|38
|
|switch|p1a: Tentacruel|Tentacruel, M|90\/364
|-damage|p1a: Tentacruel|45\/364|[from] Stealth Rock
|-damage|p1a: Tentacruel|0 fnt|[from] Spikes
|faint|p1a: Tentacruel
|move|p2a: Chandelure|Shadow Ball|p1: Tentacruel|[notarget]
|-notarget
|
|-heal|p2a: Chandelure|55\/324|[from] item: Leftovers
|
|switch|p1a: Aerodactyl|Aerodactyl-Mega, F|301\/301
|-damage|p1a: Aerodactyl|226\/301|[from] Stealth Rock
|turn|39
|
|move|p1a: Aerodactyl|Earthquake|p2a: Chandelure
|-supereffective|p2a: Chandelure
|-damage|p2a: Chandelure|0 fnt
|faint|p2a: Chandelure
|
|
|switch|p2a: Rhyperior|Rhyperior, M|434\/434
|-damage|p2a: Rhyperior|407\/434|[from] Stealth Rock
|turn|40
|
|switch|p1a: Pangoro|Pangoro, F|228\/331
|-damage|p1a: Pangoro|208\/331|[from] Stealth Rock
|-damage|p1a: Pangoro|167\/331|[from] Spikes
|move|p2a: Rhyperior|Dragon Tail|p1a: Pangoro
|-damage|p1a: Pangoro|91\/331
|drag|p1a: Swampert|Swampert, M|176\/401
|-damage|p1a: Swampert|126\/401|[from] Spikes
|-damage|p1a: Swampert|101\/401|[from] Stealth Rock
|
|-heal|p1a: Swampert|126\/401|[from] item: Leftovers
|-heal|p2a: Rhyperior|434\/434|[from] item: Leftovers
|turn|41
|
|switch|p2a: Tornadus|Tornadus, M|300\/300
|-damage|p2a: Tornadus|225\/300|[from] Stealth Rock
|move|p1a: Swampert|Scald|p2a: Tornadus
|-damage|p2a: Tornadus|65\/300
|-status|p2a: Tornadus|brn
|
|-heal|p1a: Swampert|151\/401|[from] item: Leftovers
|-damage|p2a: Tornadus|28\/300 brn|[from] brn
|turn|42
|
|switch|p1a: Cresselia|Cresselia, F|441\/441
|-damage|p1a: Cresselia|386\/441|[from] Stealth Rock
|move|p2a: Tornadus|Acrobatics|p1a: Cresselia
|-damage|p1a: Cresselia|328\/441
|
|-heal|p1a: Cresselia|355\/441|[from] item: Leftovers
|-damage|p2a: Tornadus|0 fnt|[from] brn
|faint|p2a: Tornadus
|
|switch|p2a: Beedrill|Beedrill-Mega, M|144\/272
|-damage|p2a: Beedrill|76\/272|[from] Stealth Rock
|turn|43
|
|move|p2a: Beedrill|U-turn|p1a: Cresselia
|-crit|p1a: Cresselia
|-supereffective|p1a: Cresselia
|-damage|p1a: Cresselia|0 fnt
|faint|p1a: Cresselia
|
|switch|p2a: Rhyperior|Rhyperior, M|434\/434
|-damage|p2a: Rhyperior|407\/434|[from] Stealth Rock
|
|-heal|p2a: Rhyperior|434\/434|[from] item: Leftovers
|
|switch|p1a: Pangoro|Pangoro, F|91\/331
|-damage|p1a: Pangoro|71\/331|[from] Stealth Rock
|-damage|p1a: Pangoro|30\/331|[from] Spikes
|turn|44
|
|switch|p2a: Beedrill|Beedrill-Mega, M|76\/272
|-damage|p2a: Beedrill|8\/272|[from] Stealth Rock
|move|p1a: Pangoro|Hammer Arm|p2a: Beedrill
|-resisted|p2a: Beedrill
|-damage|p2a: Beedrill|0 fnt
|-unboost|p1a: Pangoro|spe|1
|faint|p2a: Beedrill
|
|
|switch|p2a: Rhyperior|Rhyperior, M|434\/434
|-damage|p2a: Rhyperior|407\/434|[from] Stealth Rock
|turn|45
|
|move|p1a: Pangoro|Hammer Arm|p2a: Rhyperior|[miss]
|-miss|p1a: Pangoro|p2a: Rhyperior
|move|p2a: Rhyperior|Earthquake|p1a: Pangoro
|-damage|p1a: Pangoro|0 fnt
|faint|p1a: Pangoro
|
|-heal|p2a: Rhyperior|434\/434|[from] item: Leftovers
|
|switch|p1a: Swampert|Swampert, M|151\/401
|-damage|p1a: Swampert|126\/401|[from] Stealth Rock
|-damage|p1a: Swampert|76\/401|[from] Spikes
|turn|46
|
|move|p1a: Swampert|Scald|p2a: Rhyperior
|-supereffective|p2a: Rhyperior
|-damage|p2a: Rhyperior|0 fnt
|faint|p2a: Rhyperior
|
|win|dudman
|raw|Ladder updating...
|leave|Brandonna
|player|p2