|join|dudman
|join|Warm and Yummy
|player|p1|dudman|171
|player|p2|Warm and Yummy|115
|gametype|singles
|gen|6
|tier|UU
|rule|Sleep Clause Mod: Limit one foe put to sleep
|rule|Species Clause: Limit one of each PokÃ©mon
|rule|OHKO Clause: OHKO moves are banned
|rule|Moody Clause: Moody is banned
|rule|Evasion Moves Clause: Evasion moves are banned
|rule|Endless Battle Clause: Forcing endless battles is banned
|rule|HP Percentage Mod: HP is shown in percentages
|clearpoke
|poke|p1|Mienshao, F
|poke|p1|Nidoking, M
|poke|p1|Chandelure, M
|poke|p1|Whimsicott, F
|poke|p1|Aggron, M
|poke|p1|Suicune
|poke|p2|Amoonguss, F, shiny
|poke|p2|Slowking, M, shiny
|poke|p2|Aggron, F, shiny
|poke|p2|Flygon, F, shiny
|poke|p2|Vaporeon, F, shiny
|poke|p2|Scrafty, M, shiny
|rule|Swagger Clause: Swagger is banned
|rule|Baton Pass Clause: Limit one PokÃ©mon knowing Baton Pass
|teampreview
|join|DatLatias
|join|newfren
|c|âWarm and Yummy|glhf
|c| DatLatias|muh BTeam
|c| newfren|abuse diggers still while you can
|join|hxcBrax test
|join|LessThanThreeMan
|
|start
|switch|p1a: Mienshao|Mienshao, F|271\/271
|switch|p2a: Vaporeon|Vaporeon, F, shiny|463\/463
|turn|1
|c| LessThanThreeMan|that is the BT team isn't it
|
|switch|p1a: Whimsicott|Whimsicott, F|261\/261
|move|p2a: Vaporeon|Protect|p2a: Vaporeon
|-fail|p2a: Vaporeon
|
|turn|2
|
|switch|p2a: Amoonguss|Amoonguss, F, shiny|411\/411
|move|p1a: Whimsicott|U-turn|p2a: Amoonguss
|-damage|p2a: Amoonguss|363\/411
|
|switch|p1a: Chandelure|Chandelure, M|261\/261
|
|turn|3
|
|switch|p2a: Slowking|Slowking, M, shiny|393\/393
|move|p1a: Chandelure|Shadow Ball|p2a: Slowking
|-supereffective|p2a: Slowking
|-damage|p2a: Slowking|0 fnt
|faint|p2a: Slowking
|
|
|switch|p2a: Scrafty|Scrafty, M, shiny|334\/334
|turn|4
|
|switch|p1a: Whimsicott|Whimsicott, F|261\/261
|move|p2a: Scrafty|Bulk Up|p2a: Scrafty
|-boost|p2a: Scrafty|atk|1
|-boost|p2a: Scrafty|def|1
|
|turn|5
|
|move|p1a: Whimsicott|Moonblast|p2a: Scrafty
|-supereffective|p2a: Scrafty
|-damage|p2a: Scrafty|10\/334
|-unboost|p2a: Scrafty|spa|1
|move|p2a: Scrafty|Knock Off|p1a: Whimsicott
|-resisted|p1a: Whimsicott
|-damage|p1a: Whimsicott|177\/261
|-enditem|p1a: Whimsicott|Leftovers|[from] move: Knock Off|[of] p2a: Scrafty
|
|-heal|p2a: Scrafty|30\/334|[from] item: Leftovers
|turn|6
|c| newfren|bulked
|c| newfren|ez
|
|move|p1a: Whimsicott|U-turn|p2a: Scrafty
|-damage|p2a: Scrafty|8\/334
|c|âdudman|kek
|c| LessThanThreeMan|wow
|c| DatLatias|KEK
|c| newfren|too easy
|c| newfren|tbh
|c| LessThanThreeMan|dud guess what has the AV on this team
|
|switch|p1a: Suicune|Suicune|367\/367
|-ability|p1a: Suicune|Pressure
|move|p2a: Scrafty|Rest|p2a: Scrafty
|-status|p2a: Scrafty|slp
|-heal|p2a: Scrafty|334\/334 slp|[silent]
|-status|p2a: Scrafty|slp|[from] move: Rest
|
|-activate|p2a: Scrafty|ability: Shed Skin
|-curestatus|p2a: Scrafty|slp
|turn|7
|c| LessThanThreeMan|:^
|c| DatLatias|KEK
|c| DatLatias|REST
|c| DatLatias|KEK
|
|switch|p1a: Whimsicott|Whimsicott, F|177\/261
|move|p2a: Scrafty|Knock Off|p1a: Whimsicott
|-resisted|p1a: Whimsicott
|-damage|p1a: Whimsicott|122\/261
|
|turn|8
|c| newfren|o shit this is the bteam
|c| DatLatias|av amoonguss
|c| LessThanThreeMan|yeah it is BTeam
|c| DatLatias|rest on the predicted moonblast
|c| DatLatias|and stall out moonblasts
|
|move|p1a: Whimsicott|Moonblast|p2a: Scrafty
|-supereffective|p2a: Scrafty
|-damage|p2a: Scrafty|0 fnt
|faint|p2a: Scrafty
|
|c| newfren|I forgot about all of its zygarde checks
|c| DatLatias|wow ha
|c| LessThanThreeMan|nice and roll
|
|switch|p2a: Amoonguss|Amoonguss, F, shiny|411\/411
|turn|9
|
|move|p1a: Whimsicott|U-turn|p2a: Amoonguss
|-damage|p2a: Amoonguss|370\/411
|
|switch|p1a: Chandelure|Chandelure, M|261\/261
|move|p2a: Amoonguss|Hidden Power|p1a: Chandelure
|-start|p1a: Chandelure|ability: Flash Fire
|
|turn|10
|c|âdudman|bop
|c| newfren|o_k
|c| LessThanThreeMan|~~AV~~ spore inc :]
|
|move|p1a: Chandelure|Shadow Ball|p2a: Amoonguss
|-damage|p2a: Amoonguss|177\/411
|move|p2a: Amoonguss|Sludge Bomb|p1a: Chandelure
|-resisted|p1a: Chandelure
|-damage|p1a: Chandelure|191\/261
|
|turn|11
|c| newfren|eating it up
|
|move|p1a: Chandelure|Shadow Ball|p2a: Amoonguss
|-damage|p2a: Amoonguss|0 fnt
|faint|p2a: Amoonguss
|
|
|switch|p2a: Flygon|Flygon, F, shiny|301\/301
|turn|12
|
|switch|p1a: Suicune|Suicune|367\/367
|-ability|p1a: Suicune|Pressure
|move|p2a: Flygon|Earthquake|p1a: Suicune
|-damage|p1a: Suicune|244\/367
|
|-heal|p1a: Suicune|266\/367|[from] item: Leftovers
|turn|13
|
|switch|p2a: Vaporeon|Vaporeon, F, shiny|463\/463
|move|p1a: Suicune|Ice Beam|p2a: Vaporeon
|-resisted|p2a: Vaporeon
|-damage|p2a: Vaporeon|415\/463
|
|-heal|p1a: Suicune|288\/367|[from] item: Leftovers
|-heal|p2a: Vaporeon|443\/463|[from] item: Leftovers
|turn|14
|
|switch|p1a: Whimsicott|Whimsicott, F|122\/261
|move|p2a: Vaporeon|Wish|p2a: Vaporeon
|
|-heal|p2a: Vaporeon|463\/463|[from] item: Leftovers
|turn|15
|c| newfren|set-up fodder where
|
|switch|p2a: Aggron|Aggron, F, shiny|343\/343
|move|p1a: Whimsicott|Giga Drain|p2a: Aggron
|-damage|p2a: Aggron|195\/343
|-heal|p1a: Whimsicott|196\/261|[from] drain|[of] p2a: Aggron
|
|-heal|p2a: Aggron|343\/343|[from] move: Wish|[wisher] Vaporeon
|turn|16
|c|âdudman|i need something better for vape
|
|detailschange|p2a: Aggron|Aggron-Mega, F, shiny
|message|Aggron has Mega Evolved into Mega Aggron!
|move|p1a: Whimsicott|U-turn|p2a: Aggron
|-crit|p2a: Aggron
|-resisted|p2a: Aggron
|-damage|p2a: Aggron|332\/343
|join|elaborate ruse
|
|switch|p1a: Chandelure|Chandelure, M|191\/261
|move|p2a: Aggron|Heavy Slam|p1a: Chandelure
|-resisted|p1a: Chandelure
|-damage|p1a: Chandelure|83\/261
|
|turn|17
|
|switch|p2a: Vaporeon|Vaporeon, F, shiny|463\/463
|move|p1a: Chandelure|Shadow Ball|p2a: Vaporeon
|-damage|p2a: Vaporeon|213\/463
|
|-heal|p2a: Vaporeon|241\/463|[from] item: Leftovers
|turn|18
|c| elaborate ruse|YUMMY
|c| newfren|call it a counter
|join|0rbital
|
|switch|p1a: Whimsicott|Whimsicott, F|196\/261
|move|p2a: Vaporeon|Wish|p2a: Vaporeon
|
|-heal|p2a: Vaporeon|269\/463|[from] item: Leftovers
|turn|19
|c| elaborate ruse|rekt
|
|move|p2a: Vaporeon|Protect|p2a: Vaporeon
|-singleturn|p2a: Vaporeon|Protect
|move|p1a: Whimsicott|Giga Drain|p2a: Vaporeon
|-activate|p2a: Vaporeon|Protect
|
|-heal|p2a: Vaporeon|463\/463|[from] move: Wish|[wisher] Vaporeon
|turn|20
|c| elaborate ruse|Blown
|c| elaborate ruse|the
|c| elaborate ruse|fuck
|c| elaborate ruse|out
|
|move|p1a: Whimsicott|U-turn|p2a: Vaporeon
|-damage|p2a: Vaporeon|428\/463
|
|switch|p1a: Aggron|Aggron, M|344\/344
|move|p2a: Vaporeon|Wish|p2a: Vaporeon
|
|-heal|p2a: Vaporeon|456\/463|[from] item: Leftovers
|turn|21
|c| LessThanThreeMan|I hate how whim
|
|detailschange|p1a: Aggron|Aggron-Mega, M
|message|Aggron has Mega Evolved into Mega Aggron!
|move|p2a: Vaporeon|Scald|p1a: Aggron
|-damage|p1a: Aggron|247\/344
|move|p1a: Aggron|Stealth Rock|p2a: Vaporeon
|-sidestart|p2: Warm and Yummy|move: Stealth Rock
|
|-heal|p2a: Vaporeon|463\/463|[from] move: Wish|[wisher] Vaporeon
|turn|22
|c| LessThanThreeMan|doesn't break waters that hard
|c| LessThanThreeMan|:[
|join|I<3Magikarp
|c|âdudman|ye this thing can stall me out lol
|
|move|p2a: Vaporeon|Scald|p1a: Aggron
|-damage|p1a: Aggron|145\/344
|move|p1a: Aggron|Earthquake|p2a: Vaporeon
|-damage|p2a: Vaporeon|340\/463
|
|-heal|p2a: Vaporeon|368\/463|[from] item: Leftovers
|turn|23
|
|move|p2a: Vaporeon|Wish|p2a: Vaporeon
|move|p1a: Aggron|Earthquake|p2a: Vaporeon
|-damage|p2a: Vaporeon|246\/463
|
|-heal|p2a: Vaporeon|274\/463|[from] item: Leftovers
|turn|24
|c| elaborate ruse|cuz ur a pussy
|
|move|p2a: Vaporeon|Scald|p1a: Aggron
|-damage|p1a: Aggron|48\/344
|move|p1a: Aggron|Roar|p2a: Vaporeon
|drag|p2a: Flygon|Flygon, F, shiny|301\/301
|-damage|p2a: Flygon|283\/301|[from] Stealth Rock
|
|-heal|p2a: Flygon|301\/301|[from] move: Wish|[wisher] Vaporeon
|turn|25
|c| I<3Magikarp|d-tail here
|c| elaborate ruse|and didn't sb
|c| I<3Magikarp|or that
|
|move|p2a: Flygon|Earthquake|p1a: Aggron
|-supereffective|p1a: Aggron
|-damage|p1a: Aggron|0 fnt
|faint|p1a: Aggron
|
|
|switch|p1a: Mienshao|Mienshao, F|271\/271
|turn|26
|c| elaborate ruse|tfw no mega flygon
|
|move|p1a: Mienshao|High Jump Kick|p2a: Flygon
|-damage|p2a: Flygon|0 fnt
|faint|p2a: Flygon
|
|
|switch|p2a: Vaporeon|Vaporeon, F, shiny|274\/463
|-damage|p2a: Vaporeon|217\/463|[from] Stealth Rock
|turn|27
|c| newfren|what stalls out
|c| 0rbital|it whim's spattack was 15 points higher
|c| newfren|a mienshao
|c| 0rbital|it would be a monster
|
|move|p1a: Mienshao|High Jump Kick|p2a: Vaporeon
|-damage|p2a: Vaporeon|0 fnt
|faint|p2a: Vaporeon
|
|
|switch|p2a: Aggron|Aggron-Mega, F, shiny|332\/343
|-damage|p2a: Aggron|311\/343|[from] Stealth Rock
|turn|28
|
|move|p1a: Mienshao|High Jump Kick|p2a: Aggron
|-supereffective|p2a: Aggron
|-damage|p2a: Aggron|166\/343
|move|p2a: Aggron|Heavy Slam|p1a: Mienshao
|-damage|p1a: Mienshao|0 fnt
|faint|p1a: Mienshao
|
|c|âWarm and Yummy|gg
|c|âdudman|bulk
|
|switch|p1a: Nidoking|Nidoking, M|303\/303
|turn|29
|c| newfren|bteam with 2 kills
|c|âdudman|gg
|c| I<3Magikarp|let vape die for no reason
|
|move|p1a: Nidoking|Earth Power|p2a: Aggron
|-supereffective|p2a: Aggron
|-damage|p2a: Aggron|0 fnt
|faint|p2a: Aggron
|
|win|dudman
|c| I<3Magikarp|smh
|leave|I<3Magikarp
|c|âdudman|it died anyway