|join|dudman
|join|PersuasionSwag
|player|p1|dudman|171
|player|p2|PersuasionSwag|169
|gametype|singles
|gen|6
|tier|UU
|rated
|rule|Sleep Clause Mod: Limit one foe put to sleep
|rule|Species Clause: Limit one of each PokÃ©mon
|rule|OHKO Clause: OHKO moves are banned
|rule|Moody Clause: Moody is banned
|rule|Evasion Moves Clause: Evasion moves are banned
|rule|Endless Battle Clause: Forcing endless battles is banned
|rule|HP Percentage Mod: HP is shown in percentages
|clearpoke
|poke|p1|Slowking, F
|poke|p1|Diancie
|poke|p1|Cofagrigus, F
|poke|p1|Rhyperior, F
|poke|p1|Escavalier, F
|poke|p1|Omastar, F
|poke|p2|Galvantula, M
|poke|p2|Darmanitan, F
|poke|p2|Porygon-Z
|poke|p2|Sharpedo, M
|poke|p2|Krookodile, F
|poke|p2|Umbreon, F
|rule|Swagger Clause: Swagger is banned
|rule|Baton Pass Clause: Limit one PokÃ©mon knowing Baton Pass
|teampreview
|join|DatLatias
|
|start
|switch|p1a: 'FORRETRESS'|Cofagrigus, F|320\/320
|switch|p2a: Galvantula|Galvantula, M|281\/281
|turn|1
|
|move|p2a: Galvantula|Sticky Web|p1a: 'FORRETRESS'
|-sidestart|p1: dudman|move: Sticky Web
|move|p1a: 'FORRETRESS'|Trick Room|p1a: 'FORRETRESS'
|-fieldstart|move: Trick Room|[of] p1a: 'FORRETRESS'
|
|turn|2
|c| DatLatias|WEB IS UP
|
|move|p1a: 'FORRETRESS'|Shadow Ball|p2a: Galvantula
|-crit|p2a: Galvantula
|-enditem|p2a: Galvantula|Focus Sash
|-damage|p2a: Galvantula|1\/281
|move|p2a: Galvantula|Bug Buzz|p1a: 'FORRETRESS'
|-resisted|p1a: 'FORRETRESS'
|-damage|p1a: 'FORRETRESS'|254\/320
|-unboost|p1a: 'FORRETRESS'|spd|1
|
|-heal|p1a: 'FORRETRESS'|274\/320|[from] item: Leftovers
|turn|3
|c| DatLatias|GG
|
|move|p1a: 'FORRETRESS'|Hidden Power|p2a: Galvantula
|-resisted|p2a: Galvantula
|-damage|p2a: Galvantula|0 fnt
|faint|p2a: Galvantula
|
|-heal|p1a: 'FORRETRESS'|294\/320|[from] item: Leftovers
|
|switch|p2a: Krookodile|Krookodile, F|332\/332
|turn|4
|
|switch|p1a: 'SMASHING'|Omastar, F|281\/281
|-activate|p1a: 'SMASHING'|move: Sticky Web
|-unboost|p1a: 'SMASHING'|spe|1
|move|p2a: Krookodile|Knock Off|p1a: 'SMASHING'
|-damage|p1a: 'SMASHING'|158\/281
|-boost|p1a: 'SMASHING'|spe|1|[from] ability: Weak Armor
|-unboost|p1a: 'SMASHING'|def|1|[from] ability: Weak Armor
|-enditem|p1a: 'SMASHING'|Focus Sash|[from] move: Knock Off|[of] p2a: Krookodile
|
|turn|5
|
|switch|p2a: Umbreon|Umbreon, F|332\/332
|move|p1a: 'SMASHING'|Scald|p2a: Umbreon
|-damage|p2a: Umbreon|247\/332
|-status|p2a: Umbreon|brn
|-status|p1a: 'SMASHING'|brn
|
|-heal|p2a: Umbreon|267\/332 brn|[from] item: Leftovers
|-damage|p2a: Umbreon|226\/332 brn|[from] brn
|-damage|p1a: 'SMASHING'|123\/281 brn|[from] brn
|-fieldend|move: Trick Room
|turn|6
|c| DatLatias|epic
|
|move|p1a: 'SMASHING'|Stealth Rock|p2a: Umbreon
|-sidestart|p2: PersuasionSwag|move: Stealth Rock
|move|p2a: Umbreon|Foul Play|p1a: 'SMASHING'
|-damage|p1a: 'SMASHING'|89\/281 brn
|-boost|p1a: 'SMASHING'|spe|1|[from] ability: Weak Armor
|-unboost|p1a: 'SMASHING'|def|1|[from] ability: Weak Armor
|
|-heal|p2a: Umbreon|246\/332 brn|[from] item: Leftovers
|-damage|p1a: 'SMASHING'|54\/281 brn|[from] brn
|-damage|p2a: Umbreon|205\/332 brn|[from] brn
|turn|7
|
|move|p1a: 'SMASHING'|Toxic Spikes|p2a: Umbreon
|-sidestart|p2: PersuasionSwag|move: Toxic Spikes
|move|p2a: Umbreon|Wish|p2a: Umbreon
|
|-heal|p2a: Umbreon|225\/332 brn|[from] item: Leftovers
|-damage|p1a: 'SMASHING'|19\/281 brn|[from] brn
|-damage|p2a: Umbreon|184\/332 brn|[from] brn
|turn|8
|
|move|p2a: Umbreon|Protect|p2a: Umbreon
|-singleturn|p2a: Umbreon|Protect
|move|p1a: 'SMASHING'|Spikes|p2a: Umbreon
|-sidestart|p2: PersuasionSwag|Spikes
|
|-heal|p2a: Umbreon|332\/332 brn|[from] move: Wish|[wisher] Umbreon
|-damage|p1a: 'SMASHING'|0 fnt|[from] brn
|-damage|p2a: Umbreon|291\/332 brn|[from] brn
|faint|p1a: 'SMASHING'
|c| DatLatias|there
|c| DatLatias|it
|c| DatLatias|is
|
|switch|p1a: 'OFFENSE'|Diancie|241\/241
|-activate|p1a: 'OFFENSE'|move: Sticky Web
|-fail|p1a: 'OFFENSE'|unboost|[from] ability: Clear Body|[of] p1a: 'OFFENSE'
|turn|9
|
|move|p2a: Umbreon|Foul Play|p1a: 'OFFENSE'
|-resisted|p1a: 'OFFENSE'
|-damage|p1a: 'OFFENSE'|216\/241
|move|p1a: 'OFFENSE'|Trick Room|p1a: 'OFFENSE'
|-fieldstart|move: Trick Room|[of] p1a: 'OFFENSE'
|
|-heal|p2a: Umbreon|311\/332 brn|[from] item: Leftovers
|-damage|p2a: Umbreon|270\/332 brn|[from] brn
|turn|10
|
|switch|p2a: Krookodile|Krookodile, F|332\/332
|-damage|p2a: Krookodile|312\/332|[from] Stealth Rock
|-status|p2a: Krookodile|psn
|-damage|p2a: Krookodile|271\/332 psn|[from] Spikes
|move|p1a: 'OFFENSE'|Moonblast|p2a: Krookodile
|-supereffective|p2a: Krookodile
|-damage|p2a: Krookodile|0 fnt
|-damage|p1a: 'OFFENSE'|192\/241|[from] item: Life Orb
|faint|p2a: Krookodile
|
|
|switch|p2a: Umbreon|Umbreon, F|270\/332 brn
|-damage|p2a: Umbreon|229\/332 brn|[from] Spikes
|-damage|p2a: Umbreon|188\/332 brn|[from] Stealth Rock
|turn|11
|
|move|p1a: 'OFFENSE'|Moonblast|p2a: Umbreon
|-supereffective|p2a: Umbreon
|-damage|p2a: Umbreon|0 fnt
|-damage|p1a: 'OFFENSE'|168\/241|[from] item: Life Orb
|faint|p2a: Umbreon
|
|
|switch|p2a: Darmanitan|Darmanitan, F|351\/351
|-damage|p2a: Darmanitan|264\/351|[from] Stealth Rock
|-damage|p2a: Darmanitan|221\/351|[from] Spikes
|-status|p2a: Darmanitan|psn
|turn|12
|
|move|p1a: 'OFFENSE'|Earth Power|p2a: Darmanitan
|-supereffective|p2a: Darmanitan
|-damage|p2a: Darmanitan|0 fnt
|-damage|p1a: 'OFFENSE'|144\/241|[from] item: Life Orb
|faint|p2a: Darmanitan
|
|
|switch|p2a: Porygon-Z|Porygon-Z|374\/374
|-damage|p2a: Porygon-Z|328\/374|[from] Spikes
|-damage|p2a: Porygon-Z|282\/374|[from] Stealth Rock
|-status|p2a: Porygon-Z|psn
|turn|13
|
|move|p1a: 'OFFENSE'|Moonblast|p2a: Porygon-Z
|-damage|p2a: Porygon-Z|25\/374 psn
|-damage|p1a: 'OFFENSE'|120\/241|[from] item: Life Orb
|move|p2a: Porygon-Z|Tri Attack|p1a: 'OFFENSE'
|-resisted|p1a: 'OFFENSE'
|-damage|p1a: 'OFFENSE'|4\/241
|
|-damage|p2a: Porygon-Z|0 fnt|[from] psn
|-fieldend|move: Trick Room
|faint|p2a: Porygon-Z
|
|switch|p2a: Sharpedo|Sharpedo, M|281\/281
|-damage|p2a: Sharpedo|246\/281|[from] Stealth Rock
|-status|p2a: Sharpedo|psn
|-damage|p2a: Sharpedo|211\/281 psn|[from] Spikes
|turn|14
|c|âdudman|inb4 i lose now
|
|move|p2a: Sharpedo|Protect|p2a: Sharpedo
|-singleturn|p2a: Sharpedo|Protect
|move|p1a: 'OFFENSE'|Trick Room|p1a: 'OFFENSE'
|-fieldstart|move: Trick Room|[of] p1a: 'OFFENSE'
|
|-damage|p2a: Sharpedo|176\/281 psn|[from] psn
|-boost|p2a: Sharpedo|spe|1|[from] ability: Speed Boost
|turn|15
|c|âdudman|L
|c|âdudman|O
|c|âdudman|L
|c|âdudman|LATIAS
|c|âdudman|R U HERE
|join|Duskt70
|
|detailschange|p2a: Sharpedo|Sharpedo-Mega, M
|message|Sharpedo has Mega Evolved into Mega Sharpedo!
|move|p1a: 'OFFENSE'|Diamond Storm|p2a: Sharpedo
|-damage|p2a: Sharpedo|0 fnt
|-boost|p1a: 'OFFENSE'|def|1
|-damage|p1a: 'OFFENSE'|0 fnt|[from] item: Life Orb
|faint|p2a: Sharpedo
|faint|p1a: 'OFFENSE'
|
|win|dudman
|raw|Ladder updating...
|c| DatLatias|KEK
|c| DatLatias|E
|c| DatLatias|K
|c| Duskt70|oof
|raw|dudman's rating: 1533 &rarr; <strong>1544<\/strong><br \/>(+11 for winning)
|raw|PersuasionSwag's rating: 1363 &rarr; <strong>1352<\/strong><br \/>(-11 for losing)
|c| Duskt70|lel