|join|dudman
|join|Shaquillinite
|player|p1|dudman|171
|player|p2|Shaquillinite|289
|gametype|singles
|gen|6
|tier|UU
|rated
|rule|Sleep Clause Mod: Limit one foe put to sleep
|rule|Species Clause: Limit one of each PokÃ©mon
|rule|OHKO Clause: OHKO moves are banned
|rule|Moody Clause: Moody is banned
|rule|Evasion Moves Clause: Evasion moves are banned
|rule|Endless Battle Clause: Forcing endless battles is banned
|rule|HP Percentage Mod: HP is shown in percentages
|clearpoke
|poke|p1|Lopunny, M
|poke|p1|Zygarde
|poke|p1|Jirachi
|poke|p1|Celebi
|poke|p1|Nidoqueen, F
|poke|p1|Raikou
|poke|p2|Azelf
|poke|p2|Forretress, F
|poke|p2|Arcanine, F
|poke|p2|Reuniclus, M
|poke|p2|Blissey, F
|poke|p2|Blastoise, M
|rule|Swagger Clause: Swagger is banned
|rule|Baton Pass Clause: Limit one PokÃ©mon knowing Baton Pass
|teampreview
|join|DatLatias
|c| DatLatias|KEK
|c| DatLatias|E
|c| DatLatias|K
|join|THE_iTodd
|c| THE_iTodd|K E K
|
|start
|switch|p1a: Lopunny|Lopunny, M|271\/271
|switch|p2a: Forretress|Forretress, F|352\/352
|turn|1
|c| THE_iTodd|E
|c| THE_iTodd|K
|c| THE_iTodd|K E K
|c| THE_iTodd|E
|c| THE_iTodd|K
|
|detailschange|p1a: Lopunny|Lopunny-Mega, M
|message|Lopunny has Mega Evolved into Mega Lopunny!
|move|p1a: Lopunny|Substitute|p1a: Lopunny
|-start|p1a: Lopunny|Substitute
|-damage|p1a: Lopunny|204\/271
|move|p2a: Forretress|Stealth Rock|p1a: Lopunny
|-sidestart|p1: dudman|move: Stealth Rock
|
|turn|2
|c| DatLatias|EPIC
|
|move|p1a: Lopunny|Encore|p2a: Forretress
|-start|p2a: Forretress|Encore
|move|p2a: Forretress|Stealth Rock|p1a: Lopunny
|-fail|p1a: Lopunny
|
|turn|3
|
|switch|p2a: Arcanine|Arcanine, F|384\/384
|-activate|p1a: Lopunny|Substitute|ability: Intimidate|[of] p2a: Arcanine
|move|p1a: Lopunny|High Jump Kick|p2a: Arcanine
|-damage|p2a: Arcanine|117\/384
|
|-heal|p2a: Arcanine|141\/384|[from] item: Leftovers
|turn|4
|c| THE_iTodd|pup here
|c| THE_iTodd|imo
|
|switch|p2a: Forretress|Forretress, F|352\/352
|move|p1a: Lopunny|Frustration|p2a: Forretress
|-resisted|p2a: Forretress
|-damage|p2a: Forretress|299\/352
|
|-heal|p2a: Forretress|321\/352|[from] item: Leftovers
|turn|5
|c| THE_iTodd|holy
|
|move|p1a: Lopunny|High Jump Kick|p2a: Forretress
|-damage|p2a: Forretress|185\/352
|move|p2a: Forretress|Gyro Ball|p1a: Lopunny
|-end|p1a: Lopunny|Substitute
|
|-heal|p2a: Forretress|207\/352|[from] item: Leftovers
|turn|6
|c| THE_iTodd|defense
|c| DatLatias|You're so fucking cute and sweet. I'd take you to some fancy restaurant, than take a long romantic walk with you, holding hands and talking about philosophy, art and dreams.
|
|switch|p1a: Nidoqueen|Nidoqueen, F|329\/329
|-damage|p1a: Nidoqueen|309\/329|[from] Stealth Rock
|move|p2a: Forretress|Gyro Ball|p1a: Nidoqueen
|-damage|p1a: Nidoqueen|207\/329
|
|-heal|p2a: Forretress|229\/352|[from] item: Leftovers
|turn|7
|c| THE_iTodd|o
|c| DatLatias|Then I'd invite you to my home and ravage your hot ass for hours, and forcing my cock up your throat so you choked on both the throbbing cock and your own rectal juice. I'd then proceed to cum on your cute innocent face.
|c| THE_iTodd|o
|c| DatLatias|Then, as the ultimate love gift, I'd carry you in my arms to the tub and let my piss wash away the semen and last dignity from you. I'd wisper "I love you" and give you a tender smile, and cut your throat from ear to ear with a knife. Covered in your own warm blood,
|c| THE_iTodd|l-lewd
|
|move|p1a: Nidoqueen|Toxic Spikes|p2a: Forretress
|-sidestart|p2: Shaquillinite|move: Toxic Spikes
|move|p2a: Forretress|Gyro Ball|p1a: Nidoqueen
|-damage|p1a: Nidoqueen|102\/329
|
|-heal|p2a: Forretress|251\/352|[from] item: Leftovers
|turn|8
|c| DatLatias|you'd look straight into my very soul, forgiving, understanding. A bubble from blood and saliva would burst between your lips, then you'd die.
|c| DatLatias|After some additional lovemaking, I'd stuff you into a bin bag. Three weeks later, some playing children will find your mutilated and desecrated body in the forest.
|c| DatLatias|ok next time ill read the thing i post before i post it
|c| DatLatias|that was just weird
|c| DatLatias|tbh
|c| THE_iTodd|yea
|c| DatLatias|srry
|
|move|p1a: Nidoqueen|Earth Power|p2a: Forretress
|-damage|p2a: Forretress|0 fnt
|faint|p2a: Forretress
|
|c| THE_iTodd|its ok
|
|switch|p2a: Azelf|Azelf|291\/291
|turn|9
|join|qwilonfire
|c| THE_iTodd|you just need more practice
|c| THE_iTodd|using the dankest memes
|c| DatLatias|yeah
|c| THE_iTodd|n_n
|
|switch|p1a: Celebi|Celebi|341\/341
|-damage|p1a: Celebi|299\/341|[from] Stealth Rock
|move|p2a: Azelf|Shadow Ball|p1a: Celebi
|-supereffective|p1a: Celebi
|-damage|p1a: Celebi|99\/341
|
|turn|10
|c| DatLatias|im learing from the best!
|
|switch|p2a: Reuniclus|Reuniclus, M|424\/424
|-status|p2a: Reuniclus|psn
|move|p1a: Celebi|Leaf Storm|p2a: Reuniclus
|-damage|p2a: Reuniclus|187\/424 psn
|-unboost|p1a: Celebi|spa|2
|
|turn|11
|c| THE_iTodd|!
|c| DatLatias|sick
|join|DrReunicklus
|
|switch|p1a: Lopunny|Lopunny-Mega, M|204\/271
|-damage|p1a: Lopunny|188\/271|[from] Stealth Rock
|move|p2a: Reuniclus|Recover|p2a: Reuniclus
|-heal|p2a: Reuniclus|399\/424 psn
|
|turn|12
|
|move|p1a: Lopunny|Encore|p2a: Reuniclus
|-start|p2a: Reuniclus|Encore
|move|p2a: Reuniclus|Recover|p2a: Reuniclus
|-heal|p2a: Reuniclus|424\/424 psn
|
|turn|13
|c| DatLatias|KEK
|c| DatLatias|E
|c| DatLatias|K
|
|switch|p2a: Azelf|Azelf|291\/291
|move|p1a: Lopunny|Frustration|p2a: Azelf
|-damage|p2a: Azelf|59\/291
|
|turn|14
|
|move|p2a: Azelf|Psyshock|p1a: Lopunny
|-supereffective|p1a: Lopunny
|-damage|p1a: Lopunny|0 fnt
|faint|p1a: Lopunny
|
|c| DatLatias|NICE AND B A L A N C E D
|c| DatLatias|KEK
|c|âdudman|lol
|c| DatLatias|EKEKE
|c| DatLatias|EKKE
|c| DatLatias|KEK
|c| DatLatias|E
|c| DatLatias|KE
|c| DatLatias|KE
|c| DatLatias|KE
|c| DatLatias|KE
|c| DatLatias|KEK
|c| DatLatias|EK
|c| DatLatias|HOW DOES IT FEEL
|
|switch|p1a: Jirachi|Jirachi|341\/341
|-damage|p1a: Jirachi|320\/341|[from] Stealth Rock
|turn|15
|
|switch|p2a: Reuniclus|Reuniclus, M|424\/424 psn
|move|p1a: Jirachi|Iron Head|p2a: Reuniclus
|-damage|p2a: Reuniclus|319\/424 psn
|
|turn|16
|
|move|p1a: Jirachi|Iron Head|p2a: Reuniclus
|-damage|p2a: Reuniclus|228\/424 psn
|cant|p2a: Reuniclus|flinch
|
|turn|17
|
|move|p1a: Jirachi|Iron Head|p2a: Reuniclus
|-damage|p2a: Reuniclus|131\/424 psn
|cant|p2a: Reuniclus|flinch
|
|turn|18
|c| DatLatias|simply epic
|
|move|p1a: Jirachi|U-turn|p2a: Reuniclus
|-supereffective|p2a: Reuniclus
|-damage|p2a: Reuniclus|6\/424 psn
|c|âdudman|o
|c| DatLatias|sick kill
|
|switch|p1a: Zygarde|Zygarde|357\/357
|-damage|p1a: Zygarde|335\/357|[from] Stealth Rock
|-ability|p1a: Zygarde|Aura Break
|move|p2a: Reuniclus|Recover|p2a: Reuniclus
|-heal|p2a: Reuniclus|218\/424 psn
|
|turn|19
|c| DatLatias|\/\/b\/ro
|
|move|p1a: Zygarde|Dragon Dance|p1a: Zygarde
|-boost|p1a: Zygarde|atk|1
|-boost|p1a: Zygarde|spe|1
|move|p2a: Reuniclus|Psyshock|p1a: Zygarde
|-damage|p1a: Zygarde|217\/357
|
|turn|20
|
|move|p1a: Zygarde|Earthquake|p2a: Reuniclus
|-damage|p2a: Reuniclus|0 fnt
|-damage|p1a: Zygarde|182\/357|[from] item: Life Orb
|faint|p2a: Reuniclus
|
|
|switch|p2a: Blastoise|Blastoise, M|362\/362
|-status|p2a: Blastoise|psn
|turn|21
|
|switch|p1a: Raikou|Raikou|321\/321
|-damage|p1a: Raikou|281\/321|[from] Stealth Rock
|-ability|p1a: Raikou|Pressure
|detailschange|p2a: Blastoise|Blastoise-Mega, M
|message|Blastoise has Mega Evolved into Mega Blastoise!
|move|p2a: Blastoise|Surf|p1a: Raikou
|-damage|p1a: Raikou|88\/321
|
|-heal|p1a: Raikou|108\/321|[from] item: Leftovers
|-damage|p2a: Blastoise|317\/362 psn|[from] psn
|turn|22
|
|switch|p2a: Blissey|Blissey, F|714\/714
|-status|p2a: Blissey|psn
|move|p1a: Raikou|Thunderbolt|p2a: Blissey
|-damage|p2a: Blissey|597\/714 psn
|
|-heal|p1a: Raikou|128\/321|[from] item: Leftovers
|-heal|p2a: Blissey|641\/714 psn|[from] item: Leftovers
|-damage|p2a: Blissey|552\/714 psn|[from] psn
|turn|23
|c| DatLatias|>surf
|c| DatLatias|epic
|
|switch|p1a: Nidoqueen|Nidoqueen, F|102\/329
|-damage|p1a: Nidoqueen|82\/329|[from] Stealth Rock
|move|p2a: Blissey|Wish|p2a: Blissey
|
|-heal|p2a: Blissey|596\/714 psn|[from] item: Leftovers
|-damage|p2a: Blissey|507\/714 psn|[from] psn
|turn|24
|
|move|p1a: Nidoqueen|Stealth Rock|p2a: Blissey
|-sidestart|p2: Shaquillinite|move: Stealth Rock
|move|p2a: Blissey|Seismic Toss|p1a: Nidoqueen
|-damage|p1a: Nidoqueen|0 fnt
|faint|p1a: Nidoqueen
|
|-heal|p2a: Blissey|714\/714 psn|[from] move: Wish|[wisher] Blissey
|-damage|p2a: Blissey|625\/714 psn|[from] psn
|
|switch|p1a: Celebi|Celebi|99\/341
|-damage|p1a: Celebi|57\/341|[from] Stealth Rock
|turn|25
|
|move|p1a: Celebi|Healing Wish|p1a: Celebi
|faint|p1a: Celebi
|move|p2a: Blissey|Seismic Toss|p1: Celebi|[notarget]
|-notarget
|
|-heal|p2a: Blissey|669\/714 psn|[from] item: Leftovers
|-damage|p2a: Blissey|580\/714 psn|[from] psn
|
|switch|p1a: Zygarde|Zygarde|182\/357
|-heal|p1a: Zygarde|357\/357|[from] move: Healing Wish
|-damage|p1a: Zygarde|335\/357|[from] Stealth Rock
|-ability|p1a: Zygarde|Aura Break
|turn|26
|
|move|p1a: Zygarde|Dragon Dance|p1a: Zygarde
|-boost|p1a: Zygarde|atk|1
|-boost|p1a: Zygarde|spe|1
|move|p2a: Blissey|Toxic|p1a: Zygarde
|-status|p1a: Zygarde|tox
|
|-heal|p2a: Blissey|624\/714 psn|[from] item: Leftovers
|-damage|p1a: Zygarde|313\/357 tox|[from] psn
|-damage|p2a: Blissey|535\/714 psn|[from] psn
|turn|27
|c| DatLatias|ayy lamow
|
|move|p1a: Zygarde|Earthquake|p2a: Blissey
|-damage|p2a: Blissey|0 fnt
|-damage|p1a: Zygarde|278\/357 tox|[from] item: Life Orb
|faint|p2a: Blissey
|
|-damage|p1a: Zygarde|234\/357 tox|[from] psn
|
|switch|p2a: Arcanine|Arcanine, F|141\/384
|-damage|p2a: Arcanine|45\/384|[from] Stealth Rock
|-status|p2a: Arcanine|psn
|-ability|p2a: Arcanine|Intimidate|[of] p1a: Zygarde
|-unboost|p1a: Zygarde|atk|1
|turn|28
|
|move|p1a: Zygarde|Extreme Speed|p2a: Arcanine
|-damage|p2a: Arcanine|0 fnt
|-damage|p1a: Zygarde|199\/357 tox|[from] item: Life Orb
|faint|p2a: Arcanine
|
|-damage|p1a: Zygarde|133\/357 tox|[from] psn
|
|switch|p2a: Blastoise|Blastoise-Mega, M|317\/362 psn
|-damage|p2a: Blastoise|272\/362 psn|[from] Stealth Rock
|turn|29
|c| DatLatias|double to azelf
|
|switch|p1a: Raikou|Raikou|128\/321
|-damage|p1a: Raikou|88\/321|[from] Stealth Rock
|-ability|p1a: Raikou|Pressure
|move|p2a: Blastoise|Dark Pulse|p1a: Raikou
|-damage|p1a: Raikou|0 fnt
|faint|p1a: Raikou
|
|-damage|p2a: Blastoise|227\/362 psn|[from] psn
|
|switch|p1a: Jirachi|Jirachi|320\/341
|-damage|p1a: Jirachi|299\/341|[from] Stealth Rock
|turn|30
|
|move|p1a: Jirachi|Iron Head|p2a: Blastoise
|-resisted|p2a: Blastoise
|-damage|p2a: Blastoise|179\/362 psn
|cant|p2a: Blastoise|flinch
|
|-damage|p2a: Blastoise|134\/362 psn|[from] psn
|turn|31
|c| DatLatias|sick
|
|move|p1a: Jirachi|Energy Ball|p2a: Blastoise
|-supereffective|p2a: Blastoise
|-damage|p2a: Blastoise|0 fnt
|faint|p2a: Blastoise
|
|
|switch|p2a: Azelf|Azelf|59\/291
|-damage|p2a: Azelf|23\/291|[from] Stealth Rock
|turn|32
|
|move|p2a: Azelf|Shadow Ball|p1a: Jirachi
|-supereffective|p1a: Jirachi
|-damage|p1a: Jirachi|95\/341
|move|p1a: Jirachi|U-turn|p2a: Azelf
|-supereffective|p2a: Azelf
|-damage|p2a: Azelf|0 fnt
|faint|p2a: Azelf
|
|win|dudman
|raw|Ladder updating...