|join|dudman
|join|boogie bandit 26
|player|p1|dudman|171
|player|p2|boogie bandit 26|126
|gametype|singles
|gen|6
|tier|UU
|rated
|rule|Sleep Clause Mod: Limit one foe put to sleep
|rule|Species Clause: Limit one of each PokÃ©mon
|rule|OHKO Clause: OHKO moves are banned
|rule|Moody Clause: Moody is banned
|rule|Evasion Moves Clause: Evasion moves are banned
|rule|Endless Battle Clause: Forcing endless battles is banned
|rule|HP Percentage Mod: HP is shown in percentages
|clearpoke
|poke|p1|Dragalge, M
|poke|p1|Suicune
|poke|p1|Bronzong
|poke|p1|Altaria, M
|poke|p1|Infernape, F
|poke|p1|Crobat, M
|poke|p2|Nidoqueen, F
|poke|p2|Chandelure, M
|poke|p2|Donphan, F
|poke|p2|Porygon2, shiny
|poke|p2|Scrafty, M
|poke|p2|Swampert, M
|rule|Swagger Clause: Swagger is banned
|rule|Baton Pass Clause: Limit one PokÃ©mon knowing Baton Pass
|teampreview
|
|start
|switch|p1a: Dragalge|Dragalge, M|271\/271
|switch|p2a: Lumiere|Chandelure, M|290\/290
|turn|1
|
|switch|p2a: Porygon2|Porygon2, shiny|311\/311
|move|p1a: Dragalge|Draco Meteor|p2a: Porygon2
|-damage|p2a: Porygon2|113\/311
|-unboost|p1a: Dragalge|spa|2
|
|turn|2
|
|switch|p1a: Bronzong|Bronzong|338\/338
|move|p2a: Porygon2|Trick Room|p2a: Porygon2
|-fieldstart|move: Trick Room|[of] p2a: Porygon2
|
|turn|3
|
|switch|p2a: Lumiere|Chandelure, M|290\/290
|move|p1a: Bronzong|Toxic|p2a: Lumiere
|-status|p2a: Lumiere|tox
|
|-damage|p2a: Lumiere|272\/290 tox|[from] psn
|turn|4
|
|switch|p1a: Dragalge|Dragalge, M|271\/271
|move|p2a: Lumiere|Shadow Ball|p1a: Dragalge
|-crit|p1a: Dragalge
|-damage|p1a: Dragalge|43\/271
|
|-damage|p2a: Lumiere|236\/290 tox|[from] psn
|turn|5
|
|move|p1a: Dragalge|Draco Meteor|p2a: Lumiere
|-damage|p2a: Lumiere|0 fnt
|-unboost|p1a: Dragalge|spa|2
|faint|p2a: Lumiere
|
|
|switch|p2a: Donphan|Donphan, F|384\/384
|turn|6
|
|switch|p1a: Altaria|Altaria, M|354\/354
|move|p2a: Donphan|Ice Shard|p1a: Altaria
|-supereffective|p1a: Altaria
|-damage|p1a: Altaria|158\/354
|
|-fieldend|move: Trick Room
|turn|7
|
|detailschange|p1a: Altaria|Altaria-Mega, M
|message|Altaria has Mega Evolved into Mega Altaria!
|move|p2a: Donphan|Ice Shard|p1a: Altaria
|-supereffective|p1a: Altaria
|-damage|p1a: Altaria|74\/354
|move|p1a: Altaria|Roost|p1a: Altaria
|-heal|p1a: Altaria|251\/354
|
|turn|8
|
|switch|p1a: Suicune|Suicune|361\/361
|-ability|p1a: Suicune|Pressure
|move|p2a: Donphan|Gunk Shot|p1a: Suicune
|-damage|p1a: Suicune|239\/361
|-status|p1a: Suicune|psn
|
|-heal|p1a: Suicune|261\/361 psn|[from] item: Leftovers
|-damage|p1a: Suicune|216\/361 psn|[from] psn
|turn|9
|
|switch|p2a: Porygon2|Porygon2, shiny|113\/311
|move|p1a: Suicune|Scald|p2a: Porygon2
|-damage|p2a: Porygon2|53\/311
|-status|p2a: Porygon2|brn
|
|-heal|p1a: Suicune|238\/361 psn|[from] item: Leftovers
|-damage|p1a: Suicune|193\/361 psn|[from] psn
|-damage|p2a: Porygon2|15\/311 brn|[from] brn
|turn|10
|
|move|p1a: Suicune|Scald|p2a: Porygon2
|-damage|p2a: Porygon2|0 fnt
|faint|p2a: Porygon2
|
|-heal|p1a: Suicune|215\/361 psn|[from] item: Leftovers
|-damage|p1a: Suicune|170\/361 psn|[from] psn
|
|switch|p2a: Scrafty|Scrafty, M|334\/334
|turn|11
|
|switch|p1a: Altaria|Altaria-Mega, M|251\/354
|move|p2a: Scrafty|Bulk Up|p2a: Scrafty
|-boost|p2a: Scrafty|atk|1
|-boost|p2a: Scrafty|def|1
|
|turn|12
|
|switch|p2a: Donphan|Donphan, F|384\/384
|move|p1a: Altaria|Frustration|p2a: Donphan
|-damage|p2a: Donphan|245\/384
|
|turn|13
|
|switch|p1a: Bronzong|Bronzong|338\/338
|move|p2a: Donphan|Gunk Shot|p1a: Bronzong
|-immune|p1a: Bronzong|[msg]
|
|turn|14
|
|move|p2a: Donphan|Knock Off|p1a: Bronzong
|-supereffective|p1a: Bronzong
|-damage|p1a: Bronzong|168\/338
|-enditem|p1a: Bronzong|Leftovers|[from] move: Knock Off|[of] p2a: Donphan
|move|p1a: Bronzong|Toxic|p2a: Donphan
|-status|p2a: Donphan|tox
|
|-damage|p2a: Donphan|221\/384 tox|[from] psn
|turn|15
|
|switch|p1a: Altaria|Altaria-Mega, M|251\/354
|move|p2a: Donphan|Knock Off|p1a: Altaria
|-resisted|p1a: Altaria
|-damage|p1a: Altaria|219\/354
|
|-damage|p2a: Donphan|173\/384 tox|[from] psn
|turn|16
|
|switch|p1a: Bronzong|Bronzong|168\/338
|move|p2a: Donphan|Gunk Shot|p1a: Bronzong
|-immune|p1a: Bronzong|[msg]
|
|-damage|p2a: Donphan|101\/384 tox|[from] psn
|turn|17
|
|switch|p1a: Suicune|Suicune|170\/361 psn
|-ability|p1a: Suicune|Pressure
|move|p2a: Donphan|Gunk Shot|p1a: Suicune
|-damage|p1a: Suicune|33\/361 psn
|
|-heal|p1a: Suicune|55\/361 psn|[from] item: Leftovers
|-damage|p1a: Suicune|10\/361 psn|[from] psn
|-damage|p2a: Donphan|5\/384 tox|[from] psn
|turn|18
|
|move|p2a: Donphan|Ice Shard|p1a: Suicune
|-resisted|p1a: Suicune
|-damage|p1a: Suicune|0 fnt
|faint|p1a: Suicune
|
|-damage|p2a: Donphan|0 fnt|[from] psn
|faint|p2a: Donphan
|
|switch|p1a: Crobat|Crobat, M|323\/323
|switch|p2a: Nidoqueen|Nidoqueen, F|384\/384
|turn|19
|
|move|p1a: Crobat|U-turn|p2a: Nidoqueen
|-resisted|p2a: Nidoqueen
|-damage|p2a: Nidoqueen|347\/384
|
|switch|p1a: Infernape|Infernape, F|293\/293
|move|p2a: Nidoqueen|Thunderbolt|p1a: Infernape
|-damage|p1a: Infernape|76\/293
|
|turn|20
|
|move|p1a: Infernape|Fire Blast|p2a: Nidoqueen
|-damage|p2a: Nidoqueen|118\/384
|move|p2a: Nidoqueen|Earth Power|p1a: Infernape
|-supereffective|p1a: Infernape
|-damage|p1a: Infernape|0 fnt
|faint|p1a: Infernape
|
|
|switch|p1a: Crobat|Crobat, M|323\/323
|turn|21
|
|move|p1a: Crobat|Brave Bird|p2a: Nidoqueen
|-damage|p2a: Nidoqueen|0 fnt
|-damage|p1a: Crobat|284\/323|[from] recoil|[of] p2a: Nidoqueen
|faint|p2a: Nidoqueen
|
|
|switch|p2a: Swampert|Swampert, M|404\/404
|turn|22
|
|detailschange|p2a: Swampert|Swampert-Mega, M
|message|Swampert has Mega Evolved into Mega Swampert!
|move|p1a: Crobat|Brave Bird|p2a: Swampert
|-crit|p2a: Swampert
|-damage|p2a: Swampert|148\/404
|-damage|p1a: Crobat|200\/323|[from] recoil|[of] p2a: Swampert
|move|p2a: Swampert|Ice Punch|p1a: Crobat
|-supereffective|p1a: Crobat
|-damage|p1a: Crobat|0 fnt
|faint|p1a: Crobat
|
|
|switch|p1a: Bronzong|Bronzong|168\/338
|turn|23
|
|move|p2a: Swampert|Waterfall|p1a: Bronzong
|-damage|p1a: Bronzong|45\/338
|move|p1a: Bronzong|Earthquake|p2a: Swampert
|-damage|p2a: Swampert|82\/404
|
|turn|24
|
|move|p2a: Swampert|Waterfall|p1a: Bronzong
|-damage|p1a: Bronzong|0 fnt
|faint|p1a: Bronzong
|
|
|switch|p1a: Altaria|Altaria-Mega, M|219\/354
|turn|25
|
|move|p1a: Altaria|Frustration|p2a: Swampert
|-damage|p2a: Swampert|0 fnt
|faint|p2a: Swampert
|
|
|switch|p2a: Scrafty|Scrafty, M|334\/334
|turn|26
|
|move|p1a: Altaria|Frustration|p2a: Scrafty
|-supereffective|p2a: Scrafty
|-damage|p2a: Scrafty|0 fnt
|faint|p2a: Scrafty
|
|win|dudman
|raw|Ladder updating...
|raw|dudman's rating: 1460 &rarr; <strong>1474<\/strong><br \/>(+14 for winning)
|raw|boogie bandit 26's rating: 1364 &rarr; <strong>1349<\/strong><br \/>(-15 for losing)
|c|âdudman|gg
|leave|boogie bandit 26
|player|p2
|join|assxw