|join|dodmen
|join|Last Earth
|player|p1|dodmen|171
|player|p2|Last Earth|258
|gametype|singles
|gen|6
|tier|UU
|rated
|rule|Sleep Clause Mod: Limit one foe put to sleep
|rule|Species Clause: Limit one of each PokÃ©mon
|rule|OHKO Clause: OHKO moves are banned
|rule|Moody Clause: Moody is banned
|rule|Evasion Moves Clause: Evasion moves are banned
|rule|Endless Battle Clause: Forcing endless battles is banned
|rule|HP Percentage Mod: HP is shown in percentages
|clearpoke
|poke|p1|Lopunny, F
|poke|p1|Zygarde
|poke|p1|Jirachi
|poke|p1|Crobat, F
|poke|p1|Nidoqueen, F
|poke|p1|Raikou
|poke|p2|Hydreigon, M
|poke|p2|Chesnaught, M
|poke|p2|Zygarde
|poke|p2|Jirachi
|poke|p2|Milotic, F
|poke|p2|Diancie
|rule|Swagger Clause: Swagger is banned
|rule|Baton Pass Clause: Limit one PokÃ©mon knowing Baton Pass
|teampreview
|
|start
|switch|p1a: Nidoqueen|Nidoqueen, F|329\/329
|switch|p2a: Zygarde|Zygarde|357\/357
|-ability|p2a: Zygarde|Aura Break
|turn|1
|
|move|p2a: Zygarde|Earthquake|p1a: Nidoqueen
|-supereffective|p1a: Nidoqueen
|-damage|p1a: Nidoqueen|0 fnt
|faint|p1a: Nidoqueen
|
|
|switch|p1a: Zygarde|Zygarde|357\/357
|-ability|p1a: Zygarde|Aura Break
|turn|2
|
|switch|p2a: Diancie|Diancie|303\/303
|move|p1a: Zygarde|Outrage|p2a: Diancie
|-immune|p2a: Diancie|[msg]
|
|turn|3
|
|switch|p2a: Hydreigon|Hydreigon, M|325\/325
|move|p1a: Zygarde|Earthquake|p2a: Hydreigon
|-immune|p2a: Hydreigon|[msg]
|
|turn|4
|
|move|p2a: Hydreigon|Draco Meteor|p1a: Zygarde|[miss]
|-miss|p2a: Hydreigon|p1a: Zygarde
|move|p1a: Zygarde|Outrage|p2a: Hydreigon
|-supereffective|p2a: Hydreigon
|-damage|p2a: Hydreigon|0 fnt
|-damage|p1a: Zygarde|322\/357|[from] item: Life Orb
|faint|p2a: Hydreigon
|
|
|switch|p2a: Diancie|Diancie|303\/303
|turn|5
|
|move|p1a: Zygarde|Outrage|p2a: Diancie
|-immune|p2a: Diancie|[msg]
|move|p2a: Diancie|Moonblast|p1a: Zygarde
|-supereffective|p1a: Zygarde
|-damage|p1a: Zygarde|76\/357
|
|turn|6
|
|switch|p1a: Jirachi|Jirachi|341\/341
|switch|p2a: Chesnaught|Chesnaught, M|380\/380
|
|turn|7
|
|switch|p1a: Crobat|Crobat, F|321\/321
|move|p2a: Chesnaught|Spikes|p1a: Crobat
|-sidestart|p1: dodmen|Spikes
|
|turn|8
|
|switch|p2a: Diancie|Diancie|303\/303
|move|p1a: Crobat|U-turn|p2a: Diancie
|-resisted|p2a: Diancie
|-damage|p2a: Diancie|285\/303
|
|switch|p1a: Jirachi|Jirachi|341\/341
|-damage|p1a: Jirachi|299\/341|[from] Spikes
|
|-heal|p2a: Diancie|303\/303|[from] item: Leftovers
|turn|9
|
|switch|p2a: Milotic|Milotic, F|393\/393
|move|p1a: Jirachi|U-turn|p2a: Milotic
|-damage|p2a: Milotic|330\/393
|
|switch|p1a: Raikou|Raikou|321\/321
|-damage|p1a: Raikou|281\/321|[from] Spikes
|-ability|p1a: Raikou|Pressure
|
|-heal|p1a: Raikou|301\/321|[from] item: Leftovers
|-heal|p2a: Milotic|354\/393|[from] item: Leftovers
|turn|10
|
|move|p1a: Raikou|Calm Mind|p1a: Raikou
|-boost|p1a: Raikou|spa|1
|-boost|p1a: Raikou|spd|1
|move|p2a: Milotic|Aqua Tail|p1a: Raikou
|-damage|p1a: Raikou|204\/321
|
|-heal|p1a: Raikou|224\/321|[from] item: Leftovers
|-heal|p2a: Milotic|378\/393|[from] item: Leftovers
|turn|11
|
|move|p1a: Raikou|Thunderbolt|p2a: Milotic
|-supereffective|p2a: Milotic
|-damage|p2a: Milotic|46\/393
|move|p2a: Milotic|Dragon Tail|p1a: Raikou
|-damage|p1a: Raikou|186\/321
|drag|p1a: Lopunny|Lopunny, F|271\/271
|-damage|p1a: Lopunny|238\/271|[from] Spikes
|
|-heal|p2a: Milotic|70\/393|[from] item: Leftovers
|turn|12
|
|switch|p2a: Chesnaught|Chesnaught, M|380\/380
|detailschange|p1a: Lopunny|Lopunny-Mega, F
|message|Lopunny has Mega Evolved into Mega Lopunny!
|move|p1a: Lopunny|Frustration|p2a: Chesnaught
|-damage|p2a: Chesnaught|268\/380
|
|-heal|p2a: Chesnaught|291\/380|[from] item: Leftovers
|turn|13
|
|move|p1a: Lopunny|Substitute|p1a: Lopunny
|-start|p1a: Lopunny|Substitute
|-damage|p1a: Lopunny|171\/271
|move|p2a: Chesnaught|Leech Seed|p1a: Lopunny
|
|-heal|p2a: Chesnaught|314\/380|[from] item: Leftovers
|turn|14
|
|move|p1a: Lopunny|Encore|p2a: Chesnaught
|-start|p2a: Chesnaught|Encore
|move|p2a: Chesnaught|Leech Seed|p1a: Lopunny
|
|-heal|p2a: Chesnaught|337\/380|[from] item: Leftovers
|turn|15
|
|switch|p2a: Milotic|Milotic, F|70\/393
|move|p1a: Lopunny|High Jump Kick|p2a: Milotic
|-damage|p2a: Milotic|0 fnt
|faint|p2a: Milotic
|
|
|switch|p2a: Chesnaught|Chesnaught, M|337\/380
|turn|16
|
|move|p1a: Lopunny|Frustration|p2a: Chesnaught
|-damage|p2a: Chesnaught|228\/380
|move|p2a: Chesnaught|Drain Punch|p1a: Lopunny
|-supereffective|p1a: Lopunny
|-end|p1a: Lopunny|Substitute
|-heal|p2a: Chesnaught|262\/380|[from] drain|[of] p1a: Lopunny
|
|-heal|p2a: Chesnaught|285\/380|[from] item: Leftovers
|turn|17
|
|switch|p1a: Crobat|Crobat, F|321\/321
|move|p2a: Chesnaught|Drain Punch|p1a: Crobat
|-resisted|p1a: Crobat
|-damage|p1a: Crobat|295\/321
|-heal|p2a: Chesnaught|298\/380|[from] drain|[of] p1a: Crobat
|
|-heal|p1a: Crobat|315\/321|[from] item: Black Sludge
|-heal|p2a: Chesnaught|321\/380|[from] item: Leftovers
|turn|18
|
|switch|p2a: Diancie|Diancie|303\/303
|move|p1a: Crobat|Brave Bird|p2a: Diancie
|-resisted|p2a: Diancie
|-damage|p2a: Diancie|255\/303
|-damage|p1a: Crobat|299\/321|[from] recoil|[of] p2a: Diancie
|
|-heal|p1a: Crobat|319\/321|[from] item: Black Sludge
|-heal|p2a: Diancie|273\/303|[from] item: Leftovers
|turn|19
|
|move|p1a: Crobat|Taunt|p2a: Diancie
|-start|p2a: Diancie|move: Taunt
|cant|p2a: Diancie|move: Taunt|Stealth Rock
|
|-heal|p1a: Crobat|321\/321|[from] item: Black Sludge
|-heal|p2a: Diancie|291\/303|[from] item: Leftovers
|turn|20
|
|move|p1a: Crobat|U-turn|p2a: Diancie
|-resisted|p2a: Diancie
|-damage|p2a: Diancie|273\/303
|
|switch|p1a: Jirachi|Jirachi|299\/341
|-damage|p1a: Jirachi|257\/341|[from] Spikes
|move|p2a: Diancie|Diamond Storm|p1a: Jirachi
|-resisted|p1a: Jirachi
|-damage|p1a: Jirachi|194\/341
|-boost|p2a: Diancie|def|1
|
|-heal|p2a: Diancie|291\/303|[from] item: Leftovers
|turn|21
|
|switch|p2a: Zygarde|Zygarde|357\/357
|-ability|p2a: Zygarde|Aura Break
|move|p1a: Jirachi|Iron Head|p2a: Zygarde
|-damage|p2a: Zygarde|261\/357
|
|turn|22
|
|move|p1a: Jirachi|Iron Head|p2a: Zygarde
|-damage|p2a: Zygarde|168\/357
|move|p2a: Zygarde|Outrage|p1a: Jirachi
|-resisted|p1a: Jirachi
|-damage|p1a: Jirachi|97\/341
|
|turn|23
|
|move|p1a: Jirachi|Iron Head|p2a: Zygarde
|-crit|p2a: Zygarde
|-damage|p2a: Zygarde|20\/357
|cant|p2a: Zygarde|flinch
|
|-end|p2a: Zygarde|rampage
|-start|p2a: Zygarde|confusion
|-enditem|p2a: Zygarde|Lum Berry|[eat]
|-end|p2a: Zygarde|confusion
|turn|24
|
|switch|p2a: Jirachi|Jirachi|341\/341
|move|p1a: Jirachi|Iron Head|p2a: Jirachi
|-resisted|p2a: Jirachi
|-damage|p2a: Jirachi|284\/341
|
|-heal|p2a: Jirachi|305\/341|[from] item: Leftovers
|turn|25
|
|switch|p1a: Raikou|Raikou|186\/321
|-damage|p1a: Raikou|146\/321|[from] Spikes
|-ability|p1a: Raikou|Pressure
|move|p2a: Jirachi|Healing Wish|p2a: Jirachi
|faint|p2a: Jirachi
|
|-heal|p1a: Raikou|166\/321|[from] item: Leftovers
|
|switch|p2a: Zygarde|Zygarde|20\/357
|-heal|p2a: Zygarde|357\/357|[from] move: Healing Wish
|-ability|p2a: Zygarde|Aura Break
|turn|26
|
|switch|p2a: Diancie|Diancie|291\/303
|move|p1a: Raikou|Hidden Power|p2a: Diancie
|-damage|p2a: Diancie|246\/303
|
|-heal|p1a: Raikou|186\/321|[from] item: Leftovers
|-heal|p2a: Diancie|264\/303|[from] item: Leftovers
|turn|27
|
|move|p1a: Raikou|Thunderbolt|p2a: Diancie
|-damage|p2a: Diancie|156\/303
|move|p2a: Diancie|Diamond Storm|p1a: Raikou
|-damage|p1a: Raikou|41\/321
|-boost|p2a: Diancie|def|1
|
|-heal|p1a: Raikou|61\/321|[from] item: Leftovers
|-heal|p2a: Diancie|174\/303|[from] item: Leftovers
|turn|28
|
|move|p1a: Raikou|Thunderbolt|p2a: Diancie
|-damage|p2a: Diancie|66\/303
|move|p2a: Diancie|Diamond Storm|p1a: Raikou
|-damage|p1a: Raikou|0 fnt
|faint|p1a: Raikou
|
|-heal|p2a: Diancie|84\/303|[from] item: Leftovers
|
|switch|p1a: Jirachi|Jirachi|97\/341
|-damage|p1a: Jirachi|55\/341|[from] Spikes
|turn|29
|
|switch|p2a: Chesnaught|Chesnaught, M|321\/380
|move|p1a: Jirachi|Healing Wish|p1a: Jirachi
|faint|p1a: Jirachi
|
|-heal|p2a: Chesnaught|344\/380|[from] item: Leftovers
|
|switch|p1a: Zygarde|Zygarde|76\/357
|-heal|p1a: Zygarde|357\/357|[from] move: Healing Wish
|-damage|p1a: Zygarde|313\/357|[from] Spikes
|-ability|p1a: Zygarde|Aura Break
|turn|30
|
|switch|p1a: Crobat|Crobat, F|321\/321
|move|p2a: Chesnaught|Leech Seed|p1a: Crobat
|-start|p1a: Crobat|move: Leech Seed
|
|-heal|p2a: Chesnaught|367\/380|[from] item: Leftovers
|-damage|p1a: Crobat|281\/321|[from] Leech Seed|[of] p2a: Chesnaught
|-heal|p2a: Chesnaught|380\/380|[silent]
|turn|31
|
|switch|p1a: Lopunny|Lopunny-Mega, F|171\/271
|-damage|p1a: Lopunny|138\/271|[from] Spikes
|move|p2a: Chesnaught|Spikes|p1a: Lopunny
|-sidestart|p1: dodmen|Spikes
|
|turn|32
|
|switch|p2a: Diancie|Diancie|84\/303
|move|p1a: Lopunny|Encore|p2a: Diancie
|-fail|p2a: Diancie
|
|-heal|p2a: Diancie|102\/303|[from] item: Leftovers
|turn|33
|
|switch|p2a: Chesnaught|Chesnaught, M|380\/380
|move|p1a: Lopunny|High Jump Kick|p2a: Chesnaught
|-damage|p2a: Chesnaught|232\/380
|
|-heal|p2a: Chesnaught|255\/380|[from] item: Leftovers
|turn|34
|
|switch|p1a: Crobat|Crobat, F|281\/321
|switch|p2a: Zygarde|Zygarde|357\/357
|-ability|p2a: Zygarde|Aura Break
|
|-heal|p1a: Crobat|301\/321|[from] item: Black Sludge
|turn|35
|
|move|p1a: Crobat|Taunt|p2a: Zygarde
|-start|p2a: Zygarde|move: Taunt
|move|p2a: Zygarde|Outrage|p1a: Crobat
|-damage|p1a: Crobat|52\/321
|
|-heal|p1a: Crobat|72\/321|[from] item: Black Sludge
|turn|36
|
|move|p1a: Crobat|Taunt|p2a: Zygarde
|-fail|p2a: Zygarde
|move|p2a: Zygarde|Outrage|p1a: Crobat
|-damage|p1a: Crobat|0 fnt
|faint|p1a: Crobat
|
|-end|p2a: Zygarde|rampage
|-start|p2a: Zygarde|confusion
|c|âdodmen|whoops
|
|switch|p1a: Lopunny|Lopunny-Mega, F|138\/271
|-damage|p1a: Lopunny|93\/271|[from] Spikes
|turn|37
|
|switch|p2a: Diancie|Diancie|102\/303
|move|p1a: Lopunny|High Jump Kick|p2a: Diancie
|-damage|p2a: Diancie|0 fnt
|faint|p2a: Diancie
|
|
|switch|p2a: Chesnaught|Chesnaught, M|255\/380
|turn|38
|
|move|p1a: Lopunny|Substitute|p1a: Lopunny
|-start|p1a: Lopunny|Substitute
|-damage|p1a: Lopunny|26\/271
|move|p2a: Chesnaught|Drain Punch|p1a: Lopunny
|-supereffective|p1a: Lopunny
|-end|p1a: Lopunny|Substitute
|-heal|p2a: Chesnaught|289\/380|[from] drain|[of] p1a: Lopunny
|
|-heal|p2a: Chesnaught|312\/380|[from] item: Leftovers
|turn|39
|
|move|p1a: Lopunny|Encore|p2a: Chesnaught
|-start|p2a: Chesnaught|Encore
|move|p2a: Chesnaught|Drain Punch|p1a: Lopunny
|-supereffective|p1a: Lopunny
|-damage|p1a: Lopunny|0 fnt
|-heal|p2a: Chesnaught|325\/380|[from] drain|[of] p1a: Lopunny
|faint|p1a: Lopunny
|
|-heal|p2a: Chesnaught|348\/380|[from] item: Leftovers
|
|switch|p1a: Zygarde|Zygarde|313\/357
|-damage|p1a: Zygarde|254\/357|[from] Spikes
|-ability|p1a: Zygarde|Aura Break
|turn|40
|
|move|p1a: Zygarde|Dragon Dance|p1a: Zygarde
|-boost|p1a: Zygarde|atk|1
|-boost|p1a: Zygarde|spe|1
|move|p2a: Chesnaught|Drain Punch|p1a: Zygarde
|-damage|p1a: Zygarde|178\/357
|-heal|p2a: Chesnaught|380\/380|[from] drain|[of] p1a: Zygarde
|
|turn|41
|
|move|p1a: Zygarde|Outrage|p2a: Chesnaught
|-damage|p2a: Chesnaught|121\/380
|-damage|p1a: Zygarde|143\/357|[from] item: Life Orb
|move|p2a: Chesnaught|Drain Punch|p1a: Zygarde
|-damage|p1a: Zygarde|64\/357
|-heal|p2a: Chesnaught|161\/380|[from] drain|[of] p1a: Zygarde
|
|-heal|p2a: Chesnaught|184\/380|[from] item: Leftovers
|-end|p2a: Chesnaught|Encore
|turn|42
|
|move|p1a: Zygarde|Outrage|p2a: Chesnaught
|-damage|p2a: Chesnaught|0 fnt
|-damage|p1a: Zygarde|29\/357|[from] item: Life Orb
|faint|p2a: Chesnaught
|
|
|switch|p2a: Zygarde|Zygarde|357\/357
|-ability|p2a: Zygarde|Aura Break
|turn|43
|c|âLast Earth|gg
|
|move|p2a: Zygarde|Extreme Speed|p1a: Zygarde
|-damage|p1a: Zygarde|0 fnt
|faint|p1a: Zygarde
|
|win|Last Earth
|raw|Ladder updating...
|raw|dodmen's rating: 1590 &rarr; <strong>1565<\/strong><br \/>(-25 for losing)
|raw|Last Earth's rating: 1502 &rarr; <strong>1527<\/strong><br \/>(+25 for winning)
|player|p1|dudman|171
|c|âLast Earth|are you jolly?
|c|âLast Earth|ziggy btw
|c| dudman|o
|c| dudman|no
|leave|dudman
|player|p1
|c|âLast Earth|adamant like me?
|c|âLast Earth|interesting