|join|dudman
|join|Zera Delta
|player|p1|dudman|171
|player|p2|Zera Delta|52
|gametype|singles
|gen|6
|tier|UU
|rated
|rule|Sleep Clause Mod: Limit one foe put to sleep
|rule|Species Clause: Limit one of each PokÃ©mon
|rule|OHKO Clause: OHKO moves are banned
|rule|Moody Clause: Moody is banned
|rule|Evasion Moves Clause: Evasion moves are banned
|rule|Endless Battle Clause: Forcing endless battles is banned
|rule|HP Percentage Mod: HP is shown in percentages
|clearpoke
|poke|p1|Zygarde
|poke|p1|Suicune
|poke|p1|Mienshao, M
|poke|p1|Aggron, M
|poke|p1|Chandelure, F
|poke|p1|Whimsicott, M
|poke|p2|Kyurem
|poke|p2|Cobalion
|poke|p2|Florges, F, shiny
|poke|p2|Crobat, F
|poke|p2|Rotom-Heat, shiny
|poke|p2|Krookodile, M
|rule|Swagger Clause: Swagger is banned
|rule|Baton Pass Clause: Limit one PokÃ©mon knowing Baton Pass
|teampreview
|
|start
|switch|p1a: Chandelure|Chandelure, F|261\/261
|switch|p2a: Rotom-Heat|Rotom-Heat, shiny|303\/303
|turn|1
|
|move|p1a: Chandelure|Fire Blast|p2a: Rotom-Heat|[miss]
|-miss|p1a: Chandelure|p2a: Rotom-Heat
|move|p2a: Rotom-Heat|Volt Switch|p1a: Chandelure
|-damage|p1a: Chandelure|168\/261
|
|switch|p2a: Krookodile|Krookodile, M|331\/331
|-ability|p2a: Krookodile|Intimidate|[of] p1a: Chandelure
|-unboost|p1a: Chandelure|atk|1
|
|turn|2
|
|move|p2a: Krookodile|Stealth Rock|p1a: Chandelure
|-sidestart|p1: dudman|move: Stealth Rock
|move|p1a: Chandelure|Fire Blast|p2a: Krookodile
|-damage|p2a: Krookodile|0 fnt
|faint|p2a: Krookodile
|
|
|switch|p2a: Crobat|Crobat, F|343\/343
|turn|3
|
|switch|p1a: Aggron|Aggron, M|323\/323
|-damage|p1a: Aggron|303\/323|[from] Stealth Rock
|move|p2a: Crobat|Brave Bird|p1a: Aggron
|-resisted|p1a: Aggron
|-damage|p1a: Aggron|276\/323
|-damage|p2a: Crobat|334\/343|[from] recoil|[of] p1a: Aggron
|
|turn|4
|
|detailschange|p1a: Aggron|Aggron-Mega, M
|message|Aggron has Mega Evolved into Mega Aggron!
|move|p2a: Crobat|U-turn|p1a: Aggron
|-resisted|p1a: Aggron
|-damage|p1a: Aggron|261\/323
|
|switch|p2a: Kyurem|Kyurem|391\/391
|-ability|p2a: Kyurem|Pressure
|move|p1a: Aggron|Stealth Rock|p2a: Kyurem
|-sidestart|p2: Zera Delta|move: Stealth Rock
|
|turn|5
|
|switch|p1a: Whimsicott|Whimsicott, M|261\/261
|-damage|p1a: Whimsicott|229\/261|[from] Stealth Rock
|move|p2a: Kyurem|Earth Power|p1a: Whimsicott
|-resisted|p1a: Whimsicott
|-damage|p1a: Whimsicott|142\/261
|-unboost|p1a: Whimsicott|spd|1
|-damage|p2a: Kyurem|352\/391|[from] item: Life Orb
|
|-heal|p1a: Whimsicott|158\/261|[from] item: Leftovers
|turn|6
|
|move|p1a: Whimsicott|Moonblast|p2a: Kyurem
|-supereffective|p2a: Kyurem
|-damage|p2a: Kyurem|70\/391
|-unboost|p2a: Kyurem|spa|1
|move|p2a: Kyurem|Ice Beam|p1a: Whimsicott
|-supereffective|p1a: Whimsicott
|-damage|p1a: Whimsicott|0 fnt
|-damage|p2a: Kyurem|31\/391|[from] item: Life Orb
|faint|p1a: Whimsicott
|
|
|switch|p1a: Mienshao|Mienshao, M|271\/271
|-damage|p1a: Mienshao|255\/271|[from] Stealth Rock
|turn|7
|
|switch|p2a: Florges|Florges, F, shiny|359\/359
|-damage|p2a: Florges|315\/359|[from] Stealth Rock
|move|p1a: Mienshao|U-turn|p2a: Florges
|-resisted|p2a: Florges
|-damage|p2a: Florges|271\/359
|
|switch|p1a: Suicune|Suicune|367\/367
|-damage|p1a: Suicune|322\/367|[from] Stealth Rock
|-ability|p1a: Suicune|Pressure
|
|-heal|p1a: Suicune|344\/367|[from] item: Leftovers
|-heal|p2a: Florges|293\/359|[from] item: Leftovers
|turn|8
|
|move|p1a: Suicune|Calm Mind|p1a: Suicune
|-boost|p1a: Suicune|spa|1
|-boost|p1a: Suicune|spd|1
|move|p2a: Florges|Wish|p2a: Florges
|
|-heal|p1a: Suicune|366\/367|[from] item: Leftovers
|-heal|p2a: Florges|315\/359|[from] item: Leftovers
|turn|9
|
|switch|p2a: Cobalion|Cobalion|324\/324
|-damage|p2a: Cobalion|314\/324|[from] Stealth Rock
|move|p1a: Suicune|Calm Mind|p1a: Suicune
|-boost|p1a: Suicune|spa|1
|-boost|p1a: Suicune|spd|1
|
|-heal|p2a: Cobalion|324\/324|[from] move: Wish|[wisher] Florges
|-heal|p1a: Suicune|367\/367|[from] item: Leftovers
|turn|10
|
|move|p2a: Cobalion|Swords Dance|p2a: Cobalion
|-boost|p2a: Cobalion|atk|2
|move|p1a: Suicune|Scald|p2a: Cobalion
|-damage|p2a: Cobalion|9\/324
|
|-heal|p2a: Cobalion|29\/324|[from] item: Leftovers
|turn|11
|join|DatLatias
|
|switch|p1a: Chandelure|Chandelure, F|168\/261
|-damage|p1a: Chandelure|103\/261|[from] Stealth Rock
|move|p2a: Cobalion|Close Combat|p1a: Chandelure
|-immune|p1a: Chandelure|[msg]
|
|-heal|p2a: Cobalion|49\/324|[from] item: Leftovers
|turn|12
|
|switch|p2a: Rotom-Heat|Rotom-Heat, shiny|303\/303
|-damage|p2a: Rotom-Heat|228\/303|[from] Stealth Rock
|move|p1a: Chandelure|Shadow Ball|p2a: Rotom-Heat
|-damage|p2a: Rotom-Heat|65\/303
|
|-heal|p2a: Rotom-Heat|83\/303|[from] item: Leftovers
|turn|13
|
|move|p1a: Chandelure|Shadow Ball|p2a: Rotom-Heat
|-damage|p2a: Rotom-Heat|0 fnt
|faint|p2a: Rotom-Heat
|
|
|switch|p2a: Crobat|Crobat, F|334\/343
|-damage|p2a: Crobat|249\/343|[from] Stealth Rock
|turn|14
|
|move|p2a: Crobat|Defog|p1a: Chandelure
|-unboost|p1a: Chandelure|evasion|1
|-sideend|p1: dudman|Stealth Rock|[from] move: Defog|[of] p1a: Chandelure
|-sideend|p2: Zera Delta|Stealth Rock|[from] move: Defog|[of] p2a: Crobat
|move|p1a: Chandelure|Shadow Ball|p2a: Crobat
|-damage|p2a: Crobat|0 fnt
|faint|p2a: Crobat
|
|
|switch|p2a: Kyurem|Kyurem|31\/391
|-ability|p2a: Kyurem|Pressure
|turn|15
|
|move|p2a: Kyurem|Roost|p2a: Kyurem
|-heal|p2a: Kyurem|227\/391
|move|p1a: Chandelure|Shadow Ball|p2a: Kyurem
|-damage|p2a: Kyurem|0 fnt
|faint|p2a: Kyurem
|
|c|âZera Delta|gg
|-message|Zera Delta forfeited.
|
|win|dudman
|raw|Ladder updating...
|c|âdudman|gg
|leave|Zera Delta
|player|p2
|raw|dudman's rating: 1688 &rarr; <strong>1701<\/strong><br \/>(+13 for winning)
|raw|Zera Delta's rating: 1557 &rarr; <strong>1544<\/strong><br \/>(-13 for losing)
|c|âdudman|latias