|join|dudman
|join|Drazen-Mexico
|player|p1|dudman|171
|player|p2|Drazen-Mexico|126
|gametype|singles
|gen|6
|tier|UU
|rated
|rule|Sleep Clause Mod: Limit one foe put to sleep
|rule|Species Clause: Limit one of each PokÃ©mon
|rule|OHKO Clause: OHKO moves are banned
|rule|Moody Clause: Moody is banned
|rule|Evasion Moves Clause: Evasion moves are banned
|rule|Endless Battle Clause: Forcing endless battles is banned
|rule|HP Percentage Mod: HP is shown in percentages
|clearpoke
|poke|p1|Slowking, F
|poke|p1|Diancie
|poke|p1|Cofagrigus, M
|poke|p1|Rhyperior, F
|poke|p1|Escavalier, F
|poke|p1|Omastar, M
|poke|p2|Swellow, F, shiny
|poke|p2|Cloyster, F
|poke|p2|Volcarona, M
|poke|p2|Porygon-Z
|poke|p2|Cobalion
|poke|p2|Togekiss, F
|rule|Swagger Clause: Swagger is banned
|rule|Baton Pass Clause: Limit one PokÃ©mon knowing Baton Pass
|teampreview
|
|start
|switch|p1a: 'SMASHING'|Omastar, M|281\/281
|switch|p2a: Cloyster|Cloyster, F|241\/241
|turn|1
|join|AlldaAlts
|
|move|p2a: Cloyster|Shell Smash|p2a: Cloyster
|-boost|p2a: Cloyster|atk|2
|-boost|p2a: Cloyster|spa|2
|-boost|p2a: Cloyster|spe|2
|-unboost|p2a: Cloyster|def|1
|-unboost|p2a: Cloyster|spd|1
|move|p1a: 'SMASHING'|Stealth Rock|p2a: Cloyster
|-sidestart|p2: Drazen-Mexico|move: Stealth Rock
|
|turn|2
|
|move|p2a: Cloyster|Icicle Spear|p1a: 'SMASHING'
|-crit|p1a: 'SMASHING'
|-resisted|p1a: 'SMASHING'
|-damage|p1a: 'SMASHING'|236\/281
|-boost|p1a: 'SMASHING'|spe|1|[from] ability: Weak Armor
|-unboost|p1a: 'SMASHING'|def|1|[from] ability: Weak Armor
|-resisted|p1a: 'SMASHING'
|-damage|p1a: 'SMASHING'|190\/281
|-boost|p1a: 'SMASHING'|spe|1|[from] ability: Weak Armor
|-unboost|p1a: 'SMASHING'|def|1|[from] ability: Weak Armor
|-crit|p1a: 'SMASHING'
|-resisted|p1a: 'SMASHING'
|-damage|p1a: 'SMASHING'|106\/281
|-boost|p1a: 'SMASHING'|spe|1|[from] ability: Weak Armor
|-unboost|p1a: 'SMASHING'|def|1|[from] ability: Weak Armor
|-resisted|p1a: 'SMASHING'
|-damage|p1a: 'SMASHING'|26\/281
|-boost|p1a: 'SMASHING'|spe|1|[from] ability: Weak Armor
|-unboost|p1a: 'SMASHING'|def|1|[from] ability: Weak Armor
|-resisted|p1a: 'SMASHING'
|-damage|p1a: 'SMASHING'|0 fnt
|-hitcount|p1a: 'SMASHING'|5
|faint|p1a: 'SMASHING'
|
|
|switch|p1a: 'KNOCK OFF'|Slowking, F|394\/394
|turn|3
|
|move|p2a: Cloyster|Rock Blast|p1a: 'KNOCK OFF'
|-damage|p1a: 'KNOCK OFF'|339\/394
|-damage|p1a: 'KNOCK OFF'|277\/394
|-damage|p1a: 'KNOCK OFF'|219\/394
|-damage|p1a: 'KNOCK OFF'|160\/394
|-damage|p1a: 'KNOCK OFF'|95\/394
|-hitcount|p1a: 'KNOCK OFF'|5
|move|p1a: 'KNOCK OFF'|Trick Room|p1a: 'KNOCK OFF'
|-fieldstart|move: Trick Room|[of] p1a: 'KNOCK OFF'
|
|turn|4
|
|move|p1a: 'KNOCK OFF'|Scald|p2a: Cloyster
|-resisted|p2a: Cloyster
|-damage|p2a: Cloyster|49\/241
|move|p2a: Cloyster|Rock Blast|p1a: 'KNOCK OFF'
|-damage|p1a: 'KNOCK OFF'|30\/394
|-damage|p1a: 'KNOCK OFF'|0 fnt
|-hitcount|p1a: 'KNOCK OFF'|2
|faint|p1a: 'KNOCK OFF'
|
|
|switch|p1a: 'COUNTER'|Rhyperior, F|434\/434
|turn|5
|
|move|p1a: 'COUNTER'|Earthquake|p2a: Cloyster
|-damage|p2a: Cloyster|0 fnt
|-damage|p1a: 'COUNTER'|391\/434|[from] item: Life Orb
|faint|p2a: Cloyster
|
|join|watfor
|
|switch|p2a: Togekiss|Togekiss, F|326\/326
|-damage|p2a: Togekiss|245\/326|[from] Stealth Rock
|turn|6
|
|move|p1a: 'COUNTER'|Ice Punch|p2a: Togekiss
|-supereffective|p2a: Togekiss
|-damage|p2a: Togekiss|11\/326
|-enditem|p2a: Togekiss|Weakness Policy
|-boost|p2a: Togekiss|atk|2|[from] item: Weakness Policy
|-boost|p2a: Togekiss|spa|2|[from] item: Weakness Policy
|-damage|p1a: 'COUNTER'|348\/434|[from] item: Life Orb
|move|p2a: Togekiss|Aura Sphere|p1a: 'COUNTER'
|-crit|p1a: 'COUNTER'
|-supereffective|p1a: 'COUNTER'
|-damage|p1a: 'COUNTER'|0 fnt
|faint|p1a: 'COUNTER'
|
|c|âdudman|k
|
|switch|p1a: 'FORRETRESS'|Cofagrigus, M|320\/320
|turn|7
|
|move|p1a: 'FORRETRESS'|Shadow Ball|p2a: Togekiss
|-damage|p2a: Togekiss|0 fnt
|faint|p2a: Togekiss
|
|-fieldend|move: Trick Room
|
|switch|p2a: Volcarona|Volcarona, M|330\/330
|-damage|p2a: Volcarona|165\/330|[from] Stealth Rock
|turn|8
|
|move|p2a: Volcarona|Fiery Dance|p1a: 'FORRETRESS'
|-damage|p1a: 'FORRETRESS'|181\/320
|-boost|p2a: Volcarona|spa|1
|move|p1a: 'FORRETRESS'|Trick Room|p1a: 'FORRETRESS'
|-fieldstart|move: Trick Room|[of] p1a: 'FORRETRESS'
|
|-heal|p1a: 'FORRETRESS'|201\/320|[from] item: Leftovers
|turn|9
|
|switch|p1a: 'OFFENSE'|Diancie|241\/241
|move|p2a: Volcarona|Fire Blast|p1a: 'OFFENSE'
|-resisted|p1a: 'OFFENSE'
|-damage|p1a: 'OFFENSE'|135\/241
|
|turn|10
|
|move|p1a: 'OFFENSE'|Diamond Storm|p2a: Volcarona
|-supereffective|p2a: Volcarona
|-damage|p2a: Volcarona|0 fnt
|-damage|p1a: 'OFFENSE'|111\/241|[from] item: Life Orb
|faint|p2a: Volcarona
|
|
|switch|p2a: Cobalion|Cobalion|336\/336
|-damage|p2a: Cobalion|326\/336|[from] Stealth Rock
|turn|11
|
|move|p1a: 'OFFENSE'|Earth Power|p2a: Cobalion
|-supereffective|p2a: Cobalion
|-damage|p2a: Cobalion|43\/336
|-damage|p1a: 'OFFENSE'|87\/241|[from] item: Life Orb
|move|p2a: Cobalion|Iron Head|p1a: 'OFFENSE'
|-supereffective|p1a: 'OFFENSE'
|-damage|p1a: 'OFFENSE'|0 fnt
|faint|p1a: 'OFFENSE'
|
|
|switch|p1a: 'FORRETRESS'|Cofagrigus, M|201\/320
|turn|12
|
|switch|p2a: Swellow|Swellow, F, shiny|261\/261
|-damage|p2a: Swellow|196\/261|[from] Stealth Rock
|move|p1a: 'FORRETRESS'|Nasty Plot|p1a: 'FORRETRESS'
|-boost|p1a: 'FORRETRESS'|spa|2
|
|-heal|p1a: 'FORRETRESS'|221\/320|[from] item: Leftovers
|-fieldend|move: Trick Room
|-status|p2a: Swellow|tox|[from] item: Toxic Orb
|turn|13
|
|move|p2a: Swellow|Brave Bird|p1a: 'FORRETRESS'
|-damage|p1a: 'FORRETRESS'|46\/320
|-endability|p2a: Swellow|guts|[from] Mummy
|-ability|p2a: Swellow|Mummy|[from] Mummy
|-damage|p2a: Swellow|138\/261 tox|[from] recoil|[of] p1a: 'FORRETRESS'
|move|p1a: 'FORRETRESS'|Trick Room|p1a: 'FORRETRESS'
|-fieldstart|move: Trick Room|[of] p1a: 'FORRETRESS'
|
|-heal|p1a: 'FORRETRESS'|66\/320|[from] item: Leftovers
|-damage|p2a: Swellow|122\/261 tox|[from] psn
|turn|14
|
|move|p1a: 'FORRETRESS'|Hidden Power|p2a: Swellow
|-damage|p2a: Swellow|0 fnt
|faint|p2a: Swellow
|
|-heal|p1a: 'FORRETRESS'|86\/320|[from] item: Leftovers
|
|switch|p2a: Porygon-Z|Porygon-Z|333\/333
|-damage|p2a: Porygon-Z|292\/333|[from] Stealth Rock
|turn|15
|
|move|p1a: 'FORRETRESS'|Hidden Power|p2a: Porygon-Z
|-supereffective|p2a: Porygon-Z
|-damage|p2a: Porygon-Z|10\/333
|move|p2a: Porygon-Z|Shadow Ball|p1a: 'FORRETRESS'
|-crit|p1a: 'FORRETRESS'
|-supereffective|p1a: 'FORRETRESS'
|-damage|p1a: 'FORRETRESS'|0 fnt
|faint|p1a: 'FORRETRESS'
|
|
|switch|p1a: 'RESIST'|Escavalier, F|344\/344
|turn|16
|
|move|p1a: 'RESIST'|Iron Head|p2a: Porygon-Z
|-damage|p2a: Porygon-Z|0 fnt
|faint|p2a: Porygon-Z
|
|
|switch|p2a: Cobalion|Cobalion|43\/336
|-damage|p2a: Cobalion|33\/336|[from] Stealth Rock
|turn|17
|
|move|p1a: 'RESIST'|Iron Head|p2a: Cobalion
|-resisted|p2a: Cobalion
|-damage|p2a: Cobalion|0 fnt
|faint|p2a: Cobalion
|
|win|dudman
|raw|Ladder updating...
|raw|dudman's rating: 1509 &rarr; <strong>1516<\/strong><br \/>(+7 for winning)
|raw|Drazen-Mexico's rating: 1250 &rarr; <strong>1241<\/strong><br \/>(-9 for losing)
|leave|Drazen-Mexico
|player|p2
|leave|dudman
|player|p1
|leave|watfor