|join|trevor ellis
|join|dudman
|player|p1|trevor ellis|112
|player|p2|dudman|171
|gametype|singles
|gen|6
|tier|UU
|rule|Sleep Clause Mod: Limit one foe put to sleep
|rule|Species Clause: Limit one of each PokÃ©mon
|rule|OHKO Clause: OHKO moves are banned
|rule|Moody Clause: Moody is banned
|rule|Evasion Moves Clause: Evasion moves are banned
|rule|Endless Battle Clause: Forcing endless battles is banned
|rule|HP Percentage Mod: HP is shown in percentages
|clearpoke
|poke|p1|Jirachi
|poke|p1|Dugtrio, F
|poke|p1|Whimsicott, F
|poke|p1|Crobat, F
|poke|p1|Blastoise, F
|poke|p1|Sableye, F
|poke|p2|Mienshao, F
|poke|p2|Krookodile, F
|poke|p2|Suicune
|poke|p2|Aggron, M
|poke|p2|Chandelure, M
|poke|p2|Whimsicott, F
|rule|Swagger Clause: Swagger is banned
|rule|Baton Pass Clause: Limit one PokÃ©mon knowing Baton Pass
|teampreview
|join|u shud gitgud
|join|Bud Hertz
|c| Bud Hertz|nice and easy round 1 match up
|
|start
|switch|p1a: Sableye|Sableye, F|304\/304
|switch|p2a: Krookodile|Krookodile, F|331\/331
|-ability|p2a: Krookodile|Intimidate|[of] p1a: Sableye
|-unboost|p1a: Sableye|atk|1
|turn|1
|
|move|p2a: Krookodile|Knock Off|p1a: Sableye
|-damage|p1a: Sableye|75\/304
|-enditem|p1a: Sableye|Leftovers|[from] move: Knock Off|[of] p2a: Krookodile
|move|p1a: Sableye|Knock Off|p2a: Krookodile
|-resisted|p2a: Krookodile
|-damage|p2a: Krookodile|295\/331
|-enditem|p2a: Krookodile|Dread Plate|[from] move: Knock Off|[of] p1a: Sableye
|
|turn|2
|join|joltage
|join|CaptainhappyShark
|
|switch|p1a: Whimsicott|Whimsicott, F|261\/261
|move|p2a: Krookodile|Knock Off|p1a: Whimsicott
|-resisted|p1a: Whimsicott
|-damage|p1a: Whimsicott|166\/261
|-enditem|p1a: Whimsicott|Choice Specs|[from] move: Knock Off|[of] p2a: Krookodile
|
|turn|3
|
|switch|p2a: Aggron|Aggron, M|344\/344
|move|p1a: Whimsicott|U-turn|p2a: Aggron
|-resisted|p2a: Aggron
|-damage|p2a: Aggron|334\/344
|
|switch|p1a: Blastoise|Blastoise, F|333\/333
|
|turn|4
|join|Dad's Dad
|
|switch|p2a: Whimsicott|Whimsicott, F|261\/261
|detailschange|p1a: Blastoise|Blastoise-Mega, F
|message|Blastoise has Mega Evolved into Mega Blastoise!
|move|p1a: Blastoise|Scald|p2a: Whimsicott
|-resisted|p2a: Whimsicott
|-damage|p2a: Whimsicott|162\/261
|
|-heal|p2a: Whimsicott|178\/261|[from] item: Leftovers
|turn|5
|
|switch|p1a: Jirachi|Jirachi|371\/371
|move|p2a: Whimsicott|U-turn|p1a: Jirachi
|-damage|p1a: Jirachi|334\/371
|
|switch|p2a: Aggron|Aggron, M|334\/344
|
|-heal|p1a: Jirachi|357\/371|[from] item: Leftovers
|turn|6
|
|detailschange|p2a: Aggron|Aggron-Mega, M
|message|Aggron has Mega Evolved into Mega Aggron!
|move|p1a: Jirachi|Stealth Rock|p2a: Aggron
|-sidestart|p2: dudman|move: Stealth Rock
|move|p2a: Aggron|Toxic|p1a: Jirachi
|-fail|p1a: Jirachi
|
|-heal|p1a: Jirachi|371\/371|[from] item: Leftovers
|turn|7
|
|move|p1a: Jirachi|U-turn|p2a: Aggron
|-resisted|p2a: Aggron
|-damage|p2a: Aggron|319\/344
|
|switch|p1a: Blastoise|Blastoise-Mega, F|333\/333
|move|p2a: Aggron|Stealth Rock|p1a: Blastoise
|-sidestart|p1: trevor ellis|move: Stealth Rock
|
|turn|8
|
|switch|p2a: Whimsicott|Whimsicott, F|178\/261
|-damage|p2a: Whimsicott|146\/261|[from] Stealth Rock
|move|p1a: Blastoise|Scald|p2a: Whimsicott
|-resisted|p2a: Whimsicott
|-damage|p2a: Whimsicott|51\/261
|-status|p2a: Whimsicott|brn
|
|-heal|p2a: Whimsicott|67\/261 brn|[from] item: Leftovers
|-damage|p2a: Whimsicott|35\/261 brn|[from] brn
|turn|9
|
|switch|p1a: Jirachi|Jirachi|371\/371
|-damage|p1a: Jirachi|348\/371|[from] Stealth Rock
|move|p2a: Whimsicott|U-turn|p1a: Jirachi
|-damage|p1a: Jirachi|327\/371
|
|switch|p2a: Krookodile|Krookodile, F|295\/331
|-damage|p2a: Krookodile|275\/331|[from] Stealth Rock
|-ability|p2a: Krookodile|Intimidate|[of] p1a: Jirachi
|-unboost|p1a: Jirachi|atk|1
|
|-heal|p1a: Jirachi|350\/371|[from] item: Leftovers
|turn|10
|
|switch|p1a: Blastoise|Blastoise-Mega, F|333\/333
|-damage|p1a: Blastoise|292\/333|[from] Stealth Rock
|move|p2a: Krookodile|Earthquake|p1a: Blastoise
|-damage|p1a: Blastoise|126\/333
|
|turn|11
|join|Living Proof
|c| u shud gitgud|muh
|c| u shud gitgud|hazard control
|
|switch|p1a: Whimsicott|Whimsicott, F|166\/261
|-damage|p1a: Whimsicott|134\/261|[from] Stealth Rock
|move|p2a: Krookodile|Knock Off|p1a: Whimsicott
|-resisted|p1a: Whimsicott
|-damage|p1a: Whimsicott|67\/261
|
|turn|12
|
|switch|p2a: Aggron|Aggron-Mega, M|319\/344
|-damage|p2a: Aggron|298\/344|[from] Stealth Rock
|move|p1a: Whimsicott|Moonblast|p2a: Aggron
|-resisted|p2a: Aggron
|-damage|p2a: Aggron|219\/344
|
|turn|13
|
|move|p1a: Whimsicott|U-turn|p2a: Aggron
|-resisted|p2a: Aggron
|-damage|p2a: Aggron|211\/344
|
|switch|p1a: Crobat|Crobat, F|330\/330
|-damage|p1a: Crobat|248\/330|[from] Stealth Rock
|move|p2a: Aggron|Earthquake|p1a: Crobat
|-immune|p1a: Crobat|[msg]
|
|turn|14
|
|move|p1a: Crobat|U-turn|p2a: Aggron
|-resisted|p2a: Aggron
|-damage|p2a: Aggron|197\/344
|
|switch|p1a: Jirachi|Jirachi|350\/371
|-damage|p1a: Jirachi|327\/371|[from] Stealth Rock
|move|p2a: Aggron|Earthquake|p1a: Jirachi
|-supereffective|p1a: Jirachi
|-damage|p1a: Jirachi|85\/371
|
|-heal|p1a: Jirachi|108\/371|[from] item: Leftovers
|turn|15
|
|move|p1a: Jirachi|Fire Punch|p2a: Aggron
|-supereffective|p2a: Aggron
|-damage|p2a: Aggron|149\/344
|move|p2a: Aggron|Earthquake|p1a: Jirachi
|-supereffective|p1a: Jirachi
|-damage|p1a: Jirachi|0 fnt
|faint|p1a: Jirachi
|
|
|switch|p1a: Dugtrio|Dugtrio, F|212\/212
|-damage|p1a: Dugtrio|199\/212|[from] Stealth Rock
|turn|16
|
|move|p1a: Dugtrio|Earthquake|p2a: Aggron
|-supereffective|p2a: Aggron
|-damage|p2a: Aggron|5\/344
|move|p2a: Aggron|Heavy Slam|p1a: Dugtrio
|-damage|p1a: Dugtrio|0 fnt
|faint|p1a: Dugtrio
|
|
|switch|p1a: Blastoise|Blastoise-Mega, F|126\/333
|-damage|p1a: Blastoise|85\/333|[from] Stealth Rock
|turn|17
|
|switch|p2a: Chandelure|Chandelure, M|261\/261
|-damage|p2a: Chandelure|196\/261|[from] Stealth Rock
|move|p1a: Blastoise|Rapid Spin|p2a: Chandelure
|-immune|p2a: Chandelure|[msg]
|
|turn|18
|
|move|p2a: Chandelure|Shadow Ball|p1a: Blastoise
|-damage|p1a: Blastoise|0 fnt
|faint|p1a: Blastoise
|
|
|switch|p1a: Crobat|Crobat, F|248\/330
|-damage|p1a: Crobat|166\/330|[from] Stealth Rock
|turn|19
|
|move|p1a: Crobat|Brave Bird|p2a: Chandelure
|-damage|p2a: Chandelure|4\/261
|-damage|p1a: Crobat|103\/330|[from] recoil|[of] p2a: Chandelure
|move|p2a: Chandelure|Shadow Ball|p1a: Crobat
|-damage|p1a: Crobat|0 fnt
|faint|p1a: Crobat
|
|leave|trevor ellis
|player|p1
|c| u shud gitgud|bop
|leave|Living Proof
|leave|CaptainhappyShark
|join|newfren
|leave|newfren
|-message|Player 1 lost due to inactivity.
|
|win|dudman
|leave|joltage
|leave|u shud gitgud
|leave|Bud Hertz