|join|dudman
|join|iplaytennislol
|player|p1|dudman|171
|player|p2|iplaytennislol|175
|gametype|singles
|gen|6
|tier|UU
|rated
|rule|Sleep Clause Mod: Limit one foe put to sleep
|rule|Species Clause: Limit one of each PokÃ©mon
|rule|OHKO Clause: OHKO moves are banned
|rule|Moody Clause: Moody is banned
|rule|Evasion Moves Clause: Evasion moves are banned
|rule|Endless Battle Clause: Forcing endless battles is banned
|rule|HP Percentage Mod: HP is shown in percentages
|clearpoke
|poke|p1|Zygarde
|poke|p1|Suicune
|poke|p1|Mienshao, M
|poke|p1|Aggron, M
|poke|p1|Chandelure, F
|poke|p1|Whimsicott, M
|poke|p2|Trevenant, F, shiny
|poke|p2|Mienshao, F
|poke|p2|Ampharos, F
|poke|p2|Shuckle, M, shiny
|poke|p2|Lucario, F
|poke|p2|Nidoking, M
|rule|Swagger Clause: Swagger is banned
|rule|Baton Pass Clause: Limit one PokÃ©mon knowing Baton Pass
|teampreview
|join|Drifblimp
|c|âiplaytennislol|oh hai
|c|âdudman|ayy
|join|meowchievement
|
|start
|switch|p1a: Aggron|Aggron, M|323\/323
|switch|p2a: ShuckieMyDick|Shuckle, M, shiny|230\/230
|turn|1
|
|detailschange|p1a: Aggron|Aggron-Mega, M
|message|Aggron has Mega Evolved into Mega Aggron!
|move|p1a: Aggron|Heavy Slam|p2a: ShuckieMyDick
|-supereffective|p2a: ShuckieMyDick
|-damage|p2a: ShuckieMyDick|2\/230
|move|p2a: ShuckieMyDick|Sticky Web|p1a: Aggron
|-sidestart|p1: dudman|move: Sticky Web
|
|turn|2
|c|âiplaytennislol|ev'd to live 
|
|move|p1a: Aggron|Earthquake|p2a: ShuckieMyDick
|-damage|p2a: ShuckieMyDick|0 fnt
|faint|p2a: ShuckieMyDick
|
|
|switch|p2a: King UU|Nidoking, M|303\/303
|turn|3
|
|move|p2a: King UU|Earth Power|p1a: Aggron
|-supereffective|p1a: Aggron
|-damage|p1a: Aggron|0 fnt
|faint|p1a: Aggron
|
|
|switch|p1a: Suicune|Suicune|365\/365
|-activate|p1a: Suicune|move: Sticky Web
|-unboost|p1a: Suicune|spe|1
|-ability|p1a: Suicune|Pressure
|turn|4
|join|eEnigma
|
|switch|p2a: Ampharos|Ampharos, F|358\/358
|move|p1a: Suicune|Scald|p2a: Ampharos
|-damage|p2a: Ampharos|228\/358
|-status|p2a: Ampharos|brn
|
|-damage|p2a: Ampharos|184\/358 brn|[from] brn
|turn|5
|
|switch|p1a: Whimsicott|Whimsicott, M|261\/261
|-activate|p1a: Whimsicott|move: Sticky Web
|-unboost|p1a: Whimsicott|spe|1
|detailschange|p2a: Ampharos|Ampharos-Mega, F
|message|Ampharos has Mega Evolved into Mega Ampharos!
|-ability|p2a: Ampharos|Mold Breaker
|move|p2a: Ampharos|Volt Switch|p1a: Whimsicott
|-resisted|p1a: Whimsicott
|-damage|p1a: Whimsicott|162\/261
|
|switch|p2a: King UU|Nidoking, M|303\/303
|
|-heal|p1a: Whimsicott|178\/261|[from] item: Leftovers
|turn|6
|c| Drifblimp|you forgot to nickname ampharos
|c|âiplaytennislol|ooo
|c|âiplaytennislol|its a new addition to the team
|c|âiplaytennislol|havent found the right nick yet
|
|switch|p1a: Mienshao|Mienshao, M|271\/271
|-activate|p1a: Mienshao|move: Sticky Web
|-unboost|p1a: Mienshao|spe|1
|move|p2a: King UU|Sludge Wave|p1a: Mienshao
|-crit|p1a: Mienshao
|-damage|p1a: Mienshao|0 fnt
|faint|p1a: Mienshao
|
|c| Drifblimp|yeah
|
|switch|p1a: Suicune|Suicune|365\/365
|-activate|p1a: Suicune|move: Sticky Web
|-unboost|p1a: Suicune|spe|1
|-ability|p1a: Suicune|Pressure
|turn|7
|
|switch|p2a: Ampharos|Ampharos-Mega, F|184\/358 brn
|-ability|p2a: Ampharos|Mold Breaker
|move|p1a: Suicune|Scald|p2a: Ampharos
|-resisted|p2a: Ampharos
|-damage|p2a: Ampharos|126\/358 brn
|
|-damage|p2a: Ampharos|82\/358 brn|[from] brn
|turn|8
|
|move|p1a: Suicune|Ice Beam|p2a: Ampharos
|-supereffective|p2a: Ampharos
|-damage|p2a: Ampharos|0 fnt
|faint|p2a: Ampharos
|
|
|switch|p2a: Cathy|Trevenant, F, shiny|312\/312
|turn|9
|
|switch|p1a: Whimsicott|Whimsicott, M|178\/261
|-activate|p1a: Whimsicott|move: Sticky Web
|-unboost|p1a: Whimsicott|spe|1
|move|p2a: Cathy|Horn Leech|p1a: Whimsicott
|-crit|p1a: Whimsicott
|-resisted|p1a: Whimsicott
|-damage|p1a: Whimsicott|69\/261
|
|-heal|p1a: Whimsicott|85\/261|[from] item: Leftovers
|turn|10
|c|âdudman|sick crits
|c|âiplaytennislol|i train  to crti
|c|âiplaytennislol|so not hax
|
|move|p1a: Whimsicott|Moonblast|p2a: Cathy
|-damage|p2a: Cathy|164\/312
|-unboost|p2a: Cathy|spa|1
|move|p2a: Cathy|Horn Leech|p1a: Whimsicott
|-resisted|p1a: Whimsicott
|-damage|p1a: Whimsicott|20\/261
|-heal|p2a: Cathy|197\/312|[from] drain|[of] p1a: Whimsicott
|
|-heal|p1a: Whimsicott|36\/261|[from] item: Leftovers
|turn|11
|c|âdudman|niggger
|
|move|p1a: Whimsicott|Giga Drain|p2a: Cathy
|-resisted|p2a: Cathy
|-damage|p2a: Cathy|146\/312
|-heal|p1a: Whimsicott|62\/261|[from] drain|[of] p2a: Cathy
|move|p2a: Cathy|Horn Leech|p1a: Whimsicott
|-resisted|p1a: Whimsicott
|-damage|p1a: Whimsicott|0 fnt
|-heal|p2a: Cathy|177\/312|[from] drain|[of] p1a: Whimsicott
|faint|p1a: Whimsicott
|
|c|âiplaytennislol|dudman pls
|
|switch|p1a: Zygarde|Zygarde|358\/358
|-activate|p1a: Zygarde|move: Sticky Web
|-unboost|p1a: Zygarde|spe|1
|-ability|p1a: Zygarde|Aura Break
|turn|12
|
|switch|p2a: King UU|Nidoking, M|303\/303
|move|p1a: Zygarde|Dragon Dance|p1a: Zygarde
|-boost|p1a: Zygarde|atk|1
|-boost|p1a: Zygarde|spe|1
|
|turn|13
|
|move|p1a: Zygarde|Earthquake|p2a: King UU
|-supereffective|p2a: King UU
|-damage|p2a: King UU|0 fnt
|faint|p2a: King UU
|
|
|switch|p2a: jump up jump up|Mienshao, F|271\/271
|turn|14
|
|switch|p1a: Chandelure|Chandelure, F|261\/261
|-activate|p1a: Chandelure|move: Sticky Web
|-unboost|p1a: Chandelure|spe|1
|move|p2a: jump up jump up|High Jump Kick|p1a: Chandelure
|-immune|p1a: Chandelure|[msg]
|-damage|p2a: jump up jump up|136\/271|[from] highjumpkick
|
|turn|15
|
|switch|p2a: Dance Dance Dance|Lucario, F|281\/281
|move|p1a: Chandelure|Shadow Ball|p2a: Dance Dance Dance
|-damage|p2a: Dance Dance Dance|0 fnt
|faint|p2a: Dance Dance Dance
|
|
|switch|p2a: Cathy|Trevenant, F, shiny|177\/312
|turn|16
|
|switch|p1a: Zygarde|Zygarde|358\/358
|-activate|p1a: Zygarde|move: Sticky Web
|-unboost|p1a: Zygarde|spe|1
|-ability|p1a: Zygarde|Aura Break
|move|p2a: Cathy|Substitute|p2a: Cathy
|-start|p2a: Cathy|Substitute
|-damage|p2a: Cathy|99\/312
|
|turn|17
|
|move|p2a: Cathy|Horn Leech|p1a: Zygarde
|-damage|p1a: Zygarde|255\/358
|-heal|p2a: Cathy|151\/312|[from] drain|[of] p1a: Zygarde
|move|p1a: Zygarde|Dragon Dance|p1a: Zygarde
|-boost|p1a: Zygarde|atk|1
|-boost|p1a: Zygarde|spe|1
|
|turn|18
|
|move|p1a: Zygarde|Earthquake|p2a: Cathy
|-resisted|p2a: Cathy
|-end|p2a: Cathy|Substitute
|move|p2a: Cathy|Substitute|p2a: Cathy
|-start|p2a: Cathy|Substitute
|-damage|p2a: Cathy|73\/312
|-enditem|p2a: Cathy|Starf Berry|[eat]
|-boost|p2a: Cathy|spa|2|[from] item: Starf Berry
|
|turn|19
|c|âdudman|kek
|
|move|p1a: Zygarde|Earthquake|p2a: Cathy
|-resisted|p2a: Cathy
|-end|p2a: Cathy|Substitute
|move|p2a: Cathy|Phantom Force|p1a: Zygarde|[still]
|-prepare|p2a: Cathy|Phantom Force|p1a: Zygarde
|
|-item|p2a: Cathy|Starf Berry|[from] ability: Harvest
|-enditem|p2a: Cathy|Starf Berry|[eat]
|-boost|p2a: Cathy|spa|2|[from] item: Starf Berry
|turn|20
|c|âiplaytennislol|fck
|
|move|p1a: Zygarde|Dragon Dance|p1a: Zygarde
|-boost|p1a: Zygarde|atk|1
|-boost|p1a: Zygarde|spe|1
|move|p2a: Cathy|Phantom Force|p1a: Zygarde
|-damage|p1a: Zygarde|135\/358
|
|turn|21
|
|move|p1a: Zygarde|Outrage|p2a: Cathy
|-damage|p2a: Cathy|0 fnt
|faint|p2a: Cathy
|
|
|switch|p2a: jump up jump up|Mienshao, F|136\/271
|turn|22
|
|move|p2a: jump up jump up|Knock Off|p1a: Zygarde
|-damage|p1a: Zygarde|40\/358
|-enditem|p1a: Zygarde|Lum Berry|[from] move: Knock Off|[of] p2a: jump up jump up
|move|p1a: Zygarde|Outrage|p2a: jump up jump up
|-damage|p2a: jump up jump up|0 fnt
|faint|p2a: jump up jump up
|
|win|dudman
|raw|Ladder updating...
|raw|dudman's rating: 1712 &rarr; <strong>1721<\/strong><br \/>(+9 for winning)
|raw|iplaytennislol's rating: 1477 &rarr; <strong>1468<\/strong><br \/>(-9 for losing)
|c|âiplaytennislol|gggggggggggggg
|leave|iplaytennislol
|player|p2
|leave|Drifblimp
|join|newfren