|join|Arised
|join|dudman
|player|p1|Arised|101
|player|p2|dudman|171
|gametype|singles
|gen|6
|tier|UU
|rated
|rule|Sleep Clause Mod: Limit one foe put to sleep
|rule|Species Clause: Limit one of each PokÃ©mon
|rule|OHKO Clause: OHKO moves are banned
|rule|Moody Clause: Moody is banned
|rule|Evasion Moves Clause: Evasion moves are banned
|rule|Endless Battle Clause: Forcing endless battles is banned
|rule|HP Percentage Mod: HP is shown in percentages
|clearpoke
|poke|p1|Espeon, F
|poke|p1|Cloyster, M
|poke|p1|Metagross
|poke|p1|Darmanitan, F
|poke|p1|Mienshao, F
|poke|p1|Rotom-Mow
|poke|p2|Nidoking, M
|poke|p2|Suicune
|poke|p2|Mienshao, F
|poke|p2|Aggron, M
|poke|p2|Chandelure, M
|poke|p2|Whimsicott, M
|rule|Swagger Clause: Swagger is banned
|rule|Baton Pass Clause: Limit one PokÃ©mon knowing Baton Pass
|teampreview
|
|start
|switch|p1a: Espeon|Espeon, F|334\/334
|switch|p2a: Suicune|Suicune|365\/365
|-ability|p2a: Suicune|Pressure
|turn|1
|
|move|p1a: Espeon|Light Screen|p1a: Espeon
|-sidestart|p1: Arised|move: Light Screen
|move|p2a: Suicune|Scald|p1a: Espeon
|-damage|p1a: Espeon|273\/334
|
|turn|2
|
|move|p1a: Espeon|Reflect|p1a: Espeon
|-sidestart|p1: Arised|Reflect
|move|p2a: Suicune|Calm Mind|p2a: Suicune
|-boost|p2a: Suicune|spa|1
|-boost|p2a: Suicune|spd|1
|
|turn|3
|
|switch|p1a: Rotom-Mow|Rotom-Mow|241\/241
|move|p2a: Suicune|Substitute|p2a: Suicune
|-start|p2a: Suicune|Substitute
|-damage|p2a: Suicune|274\/365
|
|-heal|p2a: Suicune|296\/365|[from] item: Leftovers
|turn|4
|
|move|p1a: Rotom-Mow|Thunderbolt|p2a: Suicune
|-supereffective|p2a: Suicune
|-end|p2a: Suicune|Substitute
|move|p2a: Suicune|Scald|p1a: Rotom-Mow
|-resisted|p1a: Rotom-Mow
|-damage|p1a: Rotom-Mow|198\/241
|
|-heal|p2a: Suicune|318\/365|[from] item: Leftovers
|turn|5
|
|switch|p2a: Nidoking|Nidoking, M|303\/303
|move|p1a: Rotom-Mow|Thunderbolt|p2a: Nidoking
|-immune|p2a: Nidoking|[msg]
|
|turn|6
|
|switch|p1a: Espeon|Espeon, F|273\/334
|move|p2a: Nidoking|Earth Power|p1a: Espeon
|-damage|p1a: Espeon|176\/334
|
|turn|7
|
|switch|p2a: Aggron|Aggron, M|344\/344
|move|p1a: Espeon|Dazzling Gleam|p2a: Aggron
|-resisted|p2a: Aggron
|-damage|p2a: Aggron|292\/344
|
|turn|8
|
|switch|p1a: Mienshao|Mienshao, F|271\/271
|detailschange|p2a: Aggron|Aggron-Mega, M
|message|Aggron has Mega Evolved into Mega Aggron!
|move|p2a: Aggron|Earthquake|p1a: Mienshao
|-damage|p1a: Mienshao|179\/271
|
|-sideend|p1: Arised|move: Light Screen
|turn|9
|
|switch|p2a: Whimsicott|Whimsicott, M|261\/261
|move|p1a: Mienshao|Knock Off|p2a: Whimsicott
|-resisted|p2a: Whimsicott
|-damage|p2a: Whimsicott|179\/261
|-enditem|p2a: Whimsicott|Leftovers|[from] move: Knock Off|[of] p1a: Mienshao
|-damage|p1a: Mienshao|152\/271|[from] item: Life Orb
|
|-sideend|p1: Arised|Reflect
|turn|10
|
|move|p2a: Whimsicott|U-turn|p1a: Mienshao
|-resisted|p1a: Mienshao
|-damage|p1a: Mienshao|123\/271
|
|switch|p2a: Nidoking|Nidoking, M|303\/303
|move|p1a: Mienshao|U-turn|p2a: Nidoking
|-resisted|p2a: Nidoking
|-damage|p2a: Nidoking|243\/303
|-damage|p1a: Mienshao|96\/271|[from] item: Life Orb
|
|switch|p1a: Espeon|Espeon, F|176\/334
|
|turn|11
|
|switch|p2a: Aggron|Aggron-Mega, M|292\/344
|move|p1a: Espeon|Light Screen|p1a: Espeon
|-sidestart|p1: Arised|move: Light Screen
|
|turn|12
|
|move|p1a: Espeon|Reflect|p1a: Espeon
|-sidestart|p1: Arised|Reflect
|move|p2a: Aggron|Heavy Slam|p1a: Espeon
|-damage|p1a: Espeon|20\/334
|
|turn|13
|
|switch|p1a: Darmanitan|Darmanitan, F|414\/414
|move|p2a: Aggron|Earthquake|p1a: Darmanitan
|-supereffective|p1a: Darmanitan
|-damage|p1a: Darmanitan|210\/414
|
|turn|14
|
|switch|p2a: Suicune|Suicune|318\/365
|-ability|p2a: Suicune|Pressure
|move|p1a: Darmanitan|U-turn|p2a: Suicune
|-damage|p2a: Suicune|200\/365
|
|switch|p1a: Rotom-Mow|Rotom-Mow|198\/241
|
|-heal|p2a: Suicune|222\/365|[from] item: Leftovers
|turn|15
|
|switch|p2a: Whimsicott|Whimsicott, M|179\/261
|move|p1a: Rotom-Mow|Volt Switch|p2a: Whimsicott
|-resisted|p2a: Whimsicott
|-damage|p2a: Whimsicott|107\/261
|
|switch|p1a: Mienshao|Mienshao, F|186\/271
|
|turn|16
|
|move|p2a: Whimsicott|Moonblast|p1a: Mienshao
|-crit|p1a: Mienshao
|-supereffective|p1a: Mienshao
|-damage|p1a: Mienshao|0 fnt
|faint|p1a: Mienshao
|
|
|switch|p1a: Metagross|Metagross|364\/364
|turn|17
|
|switch|p2a: Suicune|Suicune|222\/365
|-ability|p2a: Suicune|Pressure
|move|p1a: Metagross|Bullet Punch|p2a: Suicune
|-resisted|p2a: Suicune
|-damage|p2a: Suicune|189\/365
|
|-heal|p2a: Suicune|211\/365|[from] item: Leftovers
|turn|18
|
|switch|p1a: Rotom-Mow|Rotom-Mow|198\/241
|move|p2a: Suicune|Scald|p1a: Rotom-Mow
|-resisted|p1a: Rotom-Mow
|-damage|p1a: Rotom-Mow|168\/241
|
|-heal|p2a: Suicune|233\/365|[from] item: Leftovers
|-sideend|p1: Arised|move: Light Screen
|turn|19
|
|switch|p2a: Whimsicott|Whimsicott, M|107\/261
|move|p1a: Rotom-Mow|Volt Switch|p2a: Whimsicott
|-resisted|p2a: Whimsicott
|-damage|p2a: Whimsicott|35\/261
|
|switch|p1a: Darmanitan|Darmanitan, F|210\/414
|
|-sideend|p1: Arised|Reflect
|turn|20
|
|move|p2a: Whimsicott|U-turn|p1a: Darmanitan
|-resisted|p1a: Darmanitan
|-damage|p1a: Darmanitan|181\/414
|
|switch|p2a: Mienshao|Mienshao, F|271\/271
|move|p1a: Darmanitan|U-turn|p2a: Mienshao
|-resisted|p2a: Mienshao
|-damage|p2a: Mienshao|155\/271
|
|switch|p1a: Espeon|Espeon, F|20\/334
|
|turn|21
|
|move|p2a: Mienshao|U-turn|p1a: Espeon
|-supereffective|p1a: Espeon
|-damage|p1a: Espeon|0 fnt
|faint|p1a: Espeon
|
|switch|p2a: Nidoking|Nidoking, M|243\/303
|
|
|switch|p1a: Rotom-Mow|Rotom-Mow|168\/241
|turn|22
|
|move|p1a: Rotom-Mow|Leaf Storm|p2a: Nidoking
|-damage|p2a: Nidoking|0 fnt
|-unboost|p1a: Rotom-Mow|spa|2
|faint|p2a: Nidoking
|
|
|switch|p2a: Aggron|Aggron-Mega, M|292\/344
|turn|23
|
|switch|p1a: Cloyster|Cloyster, M|242\/242
|move|p2a: Aggron|Stealth Rock|p1a: Cloyster
|-sidestart|p1: Arised|move: Stealth Rock
|
|turn|24
|
|move|p1a: Cloyster|Shell Smash|p1a: Cloyster
|-boost|p1a: Cloyster|atk|2
|-boost|p1a: Cloyster|spa|2
|-boost|p1a: Cloyster|spe|2
|-unboost|p1a: Cloyster|def|1
|-unboost|p1a: Cloyster|spd|1
|move|p2a: Aggron|Roar|p1a: Cloyster
|drag|p1a: Rotom-Mow|Rotom-Mow|168\/241
|-damage|p1a: Rotom-Mow|138\/241|[from] Stealth Rock
|
|turn|25
|
|switch|p2a: Whimsicott|Whimsicott, M|35\/261
|move|p1a: Rotom-Mow|Volt Switch|p2a: Whimsicott
|-resisted|p2a: Whimsicott
|-damage|p2a: Whimsicott|0 fnt
|faint|p2a: Whimsicott
|
|switch|p1a: Cloyster|Cloyster, M|242\/242
|-damage|p1a: Cloyster|182\/242|[from] Stealth Rock
|
|
|switch|p2a: Chandelure|Chandelure, M|261\/261
|turn|26
|
|move|p2a: Chandelure|Shadow Ball|p1a: Cloyster
|-damage|p1a: Cloyster|0 fnt
|faint|p1a: Cloyster
|
|
|switch|p1a: Rotom-Mow|Rotom-Mow|138\/241
|-damage|p1a: Rotom-Mow|108\/241|[from] Stealth Rock
|turn|27
|
|move|p1a: Rotom-Mow|Volt Switch|p2a: Chandelure
|-damage|p2a: Chandelure|149\/261
|
|switch|p1a: Darmanitan|Darmanitan, F|181\/414
|-damage|p1a: Darmanitan|78\/414|[from] Stealth Rock
|move|p2a: Chandelure|Shadow Ball|p1a: Darmanitan
|-damage|p1a: Darmanitan|0 fnt
|faint|p1a: Darmanitan
|
|
|switch|p1a: Rotom-Mow|Rotom-Mow|108\/241
|-damage|p1a: Rotom-Mow|78\/241|[from] Stealth Rock
|turn|28
|
|switch|p2a: Suicune|Suicune|233\/365
|-ability|p2a: Suicune|Pressure
|move|p1a: Rotom-Mow|Thunderbolt|p2a: Suicune
|-supereffective|p2a: Suicune
|-damage|p2a: Suicune|0 fnt
|faint|p2a: Suicune
|
|
|switch|p2a: Mienshao|Mienshao, F|155\/271
|turn|29
|
|move|p2a: Mienshao|U-turn|p1a: Rotom-Mow
|-supereffective|p1a: Rotom-Mow
|-damage|p1a: Rotom-Mow|0 fnt
|faint|p1a: Rotom-Mow
|
|switch|p2a: Chandelure|Chandelure, M|149\/261
|
|
|switch|p1a: Metagross|Metagross|364\/364
|-damage|p1a: Metagross|342\/364|[from] Stealth Rock
|turn|30
|
|move|p2a: Chandelure|Shadow Ball|p1a: Metagross
|-supereffective|p1a: Metagross
|-damage|p1a: Metagross|0 fnt
|faint|p1a: Metagross
|
|win|dudman
|raw|Ladder updating...
|raw|Arised's rating: 1502 &rarr; <strong>1490<\/strong><br \/>(-12 for losing)
|raw|dudman's rating: 1640 &rarr; <strong>1653<\/strong><br \/>(+13 for winning)
|c|âdudman|gg