|join|dudman
|join|meowchievement
|player|p1|dudman|171
|player|p2|meowchievement|160
|gametype|singles
|gen|6
|tier|UU
|rated
|rule|Sleep Clause Mod: Limit one foe put to sleep
|rule|Species Clause: Limit one of each PokÃ©mon
|rule|OHKO Clause: OHKO moves are banned
|rule|Moody Clause: Moody is banned
|rule|Evasion Moves Clause: Evasion moves are banned
|rule|Endless Battle Clause: Forcing endless battles is banned
|rule|HP Percentage Mod: HP is shown in percentages
|clearpoke
|poke|p1|Zygarde
|poke|p1|Suicune
|poke|p1|Mienshao, M
|poke|p1|Aggron, F
|poke|p1|Chandelure, F
|poke|p1|Whimsicott, M
|poke|p2|Mienshao, F
|poke|p2|Machamp, M
|poke|p2|Lucario, F
|poke|p2|Froslass, F
|poke|p2|Aerodactyl, M
|poke|p2|Swampert, F
|rule|Swagger Clause: Swagger is banned
|rule|Baton Pass Clause: Limit one PokÃ©mon knowing Baton Pass
|teampreview
|c|âmeowchievement|right when i stop tilting
|c|âmeowchievement|i face good player :\/
|c|âdudman|i'm not good
|c|âmeowchievement|O.O
|
|start
|switch|p1a: Whimsicott|Whimsicott, M|261\/261
|switch|p2a: Froslass|Froslass, F|344\/344
|turn|1
|
|move|p1a: Whimsicott|Moonblast|p2a: Froslass
|-damage|p2a: Froslass|181\/344
|-start|p1a: Whimsicott|Disable|Moonblast
|-unboost|p2a: Froslass|spa|1
|move|p2a: Froslass|Spikes|p1a: Whimsicott
|-sidestart|p1: dudman|Spikes
|
|turn|2
|
|move|p1a: Whimsicott|Giga Drain|p2a: Froslass
|-damage|p2a: Froslass|61\/344
|move|p2a: Froslass|Spikes|p1a: Whimsicott
|-sidestart|p1: dudman|Spikes
|
|turn|3
|
|switch|p2a: Machamp|Machamp, M|384\/384
|move|p1a: Whimsicott|U-turn|p2a: Machamp
|-resisted|p2a: Machamp
|-damage|p2a: Machamp|362\/384
|
|switch|p1a: Zygarde|Zygarde|358\/358
|-damage|p1a: Zygarde|299\/358|[from] Spikes
|-ability|p1a: Zygarde|Aura Break
|
|turn|4
|
|switch|p2a: Swampert|Swampert, F|404\/404
|move|p1a: Zygarde|Outrage|p2a: Swampert
|-damage|p2a: Swampert|251\/404
|
|-heal|p2a: Swampert|276\/404|[from] item: Leftovers
|turn|5
|
|move|p1a: Zygarde|Outrage|p2a: Swampert
|-damage|p2a: Swampert|119\/404
|move|p2a: Swampert|Stealth Rock|p1a: Zygarde
|-sidestart|p1: dudman|move: Stealth Rock
|
|-heal|p2a: Swampert|144\/404|[from] item: Leftovers
|turn|6
|
|move|p1a: Zygarde|Outrage|p2a: Swampert
|-damage|p2a: Swampert|5\/404
|move|p2a: Swampert|Scald|p1a: Zygarde
|-damage|p1a: Zygarde|160\/358
|
|-end|p1a: Zygarde|rampage
|-start|p1a: Zygarde|confusion
|-heal|p2a: Swampert|30\/404|[from] item: Leftovers
|-enditem|p1a: Zygarde|Lum Berry|[eat]
|-end|p1a: Zygarde|confusion
|turn|7
|c|âdudman|wtf...
|c|âmeowchievement|min dmg
|c|âmeowchievement|nb
|
|move|p1a: Zygarde|Earthquake|p2a: Swampert
|-damage|p2a: Swampert|0 fnt
|faint|p2a: Swampert
|
|
|switch|p2a: Froslass|Froslass, F|61\/344
|turn|8
|
|switch|p1a: Suicune|Suicune|365\/365
|-damage|p1a: Suicune|320\/365|[from] Stealth Rock
|-damage|p1a: Suicune|260\/365|[from] Spikes
|-ability|p1a: Suicune|Pressure
|move|p2a: Froslass|Icy Wind|p1a: Suicune
|-resisted|p1a: Suicune
|-damage|p1a: Suicune|237\/365
|-unboost|p1a: Suicune|spe|1
|
|-heal|p1a: Suicune|259\/365|[from] item: Leftovers
|turn|9
|
|move|p2a: Froslass|Spikes|p1a: Suicune
|-sidestart|p1: dudman|Spikes
|move|p1a: Suicune|Scald|p2a: Froslass
|-damage|p2a: Froslass|0 fnt
|faint|p2a: Froslass
|
|-heal|p1a: Suicune|281\/365|[from] item: Leftovers
|
|switch|p2a: Machamp|Machamp, M|362\/384
|turn|10
|
|move|p1a: Suicune|Substitute|p1a: Suicune
|-start|p1a: Suicune|Substitute
|-damage|p1a: Suicune|190\/365
|move|p2a: Machamp|Close Combat|p1a: Suicune
|-end|p1a: Suicune|Substitute
|-unboost|p2a: Machamp|def|1
|-unboost|p2a: Machamp|spd|1
|
|-heal|p1a: Suicune|212\/365|[from] item: Leftovers
|turn|11
|
|move|p1a: Suicune|Substitute|p1a: Suicune
|-start|p1a: Suicune|Substitute
|-damage|p1a: Suicune|121\/365
|move|p2a: Machamp|Close Combat|p1a: Suicune
|-end|p1a: Suicune|Substitute
|-unboost|p2a: Machamp|def|1
|-unboost|p2a: Machamp|spd|1
|
|-heal|p1a: Suicune|143\/365|[from] item: Leftovers
|turn|12
|
|move|p1a: Suicune|Scald|p2a: Machamp
|-damage|p2a: Machamp|170\/384
|move|p2a: Machamp|Close Combat|p1a: Suicune
|-damage|p1a: Suicune|0 fnt
|-unboost|p2a: Machamp|def|1
|-unboost|p2a: Machamp|spd|1
|faint|p1a: Suicune
|
|
|switch|p1a: Zygarde|Zygarde|160\/358
|-damage|p1a: Zygarde|71\/358|[from] Spikes
|-damage|p1a: Zygarde|49\/358|[from] Stealth Rock
|-ability|p1a: Zygarde|Aura Break
|turn|13
|
|move|p1a: Zygarde|Extreme Speed|p2a: Machamp
|-damage|p2a: Machamp|0 fnt
|faint|p2a: Machamp
|
|
|switch|p2a: Aerodactyl|Aerodactyl, M|343\/343
|-ability|p2a: Aerodactyl|Pressure
|turn|14
|
|detailschange|p2a: Aerodactyl|Aerodactyl-Mega, M
|message|Aerodactyl has Mega Evolved into Mega Aerodactyl!
|move|p2a: Aerodactyl|Earthquake|p1a: Zygarde
|-damage|p1a: Zygarde|0 fnt
|faint|p1a: Zygarde
|
|
|switch|p1a: Aggron|Aggron, F|323\/323
|-damage|p1a: Aggron|243\/323|[from] Spikes
|-damage|p1a: Aggron|223\/323|[from] Stealth Rock
|turn|15
|
|switch|p2a: Lucario|Lucario, F|281\/281
|detailschange|p1a: Aggron|Aggron-Mega, F
|message|Aggron has Mega Evolved into Mega Aggron!
|move|p1a: Aggron|Earthquake|p2a: Lucario
|-supereffective|p2a: Lucario
|-damage|p2a: Lucario|0 fnt
|faint|p2a: Lucario
|
|c|âmeowchievement|o.o
|
|switch|p2a: Mienshao|Mienshao, F|271\/271
|turn|16
|
|switch|p1a: Chandelure|Chandelure, F|261\/261
|-damage|p1a: Chandelure|196\/261|[from] Spikes
|-damage|p1a: Chandelure|131\/261|[from] Stealth Rock
|move|p2a: Mienshao|High Jump Kick|p1a: Chandelure
|-immune|p1a: Chandelure|[msg]
|-damage|p2a: Mienshao|136\/271|[from] highjumpkick
|
|turn|17
|
|move|p2a: Mienshao|High Jump Kick|p1a: Chandelure
|-immune|p1a: Chandelure|[msg]
|-damage|p2a: Mienshao|1\/271|[from] highjumpkick
|move|p1a: Chandelure|Shadow Ball|p2a: Mienshao
|-damage|p2a: Mienshao|0 fnt
|faint|p2a: Mienshao
|
|
|switch|p2a: Aerodactyl|Aerodactyl-Mega, M|343\/343
|turn|18
|
|move|p2a: Aerodactyl|Earthquake|p1a: Chandelure
|-crit|p1a: Chandelure
|-supereffective|p1a: Chandelure
|-damage|p1a: Chandelure|0 fnt
|faint|p1a: Chandelure
|
|
|switch|p1a: Aggron|Aggron-Mega, F|223\/323
|-damage|p1a: Aggron|143\/323|[from] Spikes
|-damage|p1a: Aggron|123\/323|[from] Stealth Rock
|turn|19
|
|move|p2a: Aerodactyl|Earthquake|p1a: Aggron
|-supereffective|p1a: Aggron
|-damage|p1a: Aggron|36\/323
|move|p1a: Aggron|Heavy Slam|p2a: Aerodactyl
|-supereffective|p2a: Aerodactyl
|-damage|p2a: Aerodactyl|0 fnt
|faint|p2a: Aerodactyl
|
|win|dudman
|raw|Ladder updating...
|raw|dudman's rating: 1653 &rarr; <strong>1673<\/strong><br \/>(+20 for winning)
|raw|meowchievement's rating: 1661 &rarr; <strong>1641<\/strong><br \/>(-20 for losing)
|c|âmeowchievement|gg
|leave|meowchievement
|player|p2