|join|dudman
|join|Bastian428
|player|p1|dudman|171
|player|p2|Bastian428|99
|gametype|singles
|gen|6
|tier|UU
|rated
|rule|Sleep Clause Mod: Limit one foe put to sleep
|rule|Species Clause: Limit one of each PokÃ©mon
|rule|OHKO Clause: OHKO moves are banned
|rule|Moody Clause: Moody is banned
|rule|Evasion Moves Clause: Evasion moves are banned
|rule|Endless Battle Clause: Forcing endless battles is banned
|rule|HP Percentage Mod: HP is shown in percentages
|clearpoke
|poke|p1|Nidoking, M
|poke|p1|Suicune
|poke|p1|Mienshao, F
|poke|p1|Aggron, F
|poke|p1|Chandelure, M
|poke|p1|Whimsicott, F
|poke|p2|Aerodactyl, M
|poke|p2|Forretress, M
|poke|p2|Mienshao, F, shiny
|poke|p2|Quagsire, M
|poke|p2|Chandelure, F, shiny
|poke|p2|Goodra, F, shiny
|rule|Swagger Clause: Swagger is banned
|rule|Baton Pass Clause: Limit one PokÃ©mon knowing Baton Pass
|teampreview
|c|âBastian428|glhf
|
|start
|switch|p1a: Nidoking|Nidoking, M|303\/303
|switch|p2a: Derp|Quagsire, M|394\/394
|turn|1
|
|switch|p2a: BAEdra|Goodra, F, shiny|384\/384
|move|p1a: Nidoking|Earth Power|p2a: BAEdra
|-damage|p2a: BAEdra|301\/384
|
|turn|2
|
|switch|p1a: Whimsicott|Whimsicott, F|261\/261
|move|p2a: BAEdra|Dragon Pulse|p1a: Whimsicott
|-immune|p1a: Whimsicott|[msg]
|
|turn|3
|
|move|p1a: Whimsicott|Encore|p2a: BAEdra
|-start|p2a: BAEdra|Encore
|move|p2a: BAEdra|Dragon Pulse|p1a: Whimsicott
|-immune|p1a: Whimsicott|[msg]
|
|turn|4
|
|switch|p2a: Swinging By|Chandelure, F, shiny|291\/291
|move|p1a: Whimsicott|U-turn|p2a: Swinging By
|-resisted|p2a: Swinging By
|-damage|p2a: Swinging By|282\/291
|
|switch|p1a: Suicune|Suicune|365\/365
|-ability|p1a: Suicune|Pressure
|
|-heal|p2a: Swinging By|291\/291|[from] item: Leftovers
|turn|5
|
|switch|p2a: BAEdra|Goodra, F, shiny|301\/384
|move|p1a: Suicune|Scald|p2a: BAEdra
|-resisted|p2a: BAEdra
|-damage|p2a: BAEdra|273\/384
|
|turn|6
|
|move|p1a: Suicune|Substitute|p1a: Suicune
|-start|p1a: Suicune|Substitute
|-damage|p1a: Suicune|274\/365
|move|p2a: BAEdra|Power Whip|p1a: Suicune
|-supereffective|p1a: Suicune
|-end|p1a: Suicune|Substitute
|
|-heal|p1a: Suicune|296\/365|[from] item: Leftovers
|turn|7
|
|switch|p1a: Whimsicott|Whimsicott, F|261\/261
|move|p2a: BAEdra|Sludge Bomb|p1a: Whimsicott
|-supereffective|p1a: Whimsicott
|-damage|p1a: Whimsicott|0 fnt
|faint|p1a: Whimsicott
|
|
|switch|p1a: Aggron|Aggron, F|344\/344
|turn|8
|
|switch|p2a: Sparta!|Forretress, M|354\/354
|move|p1a: Aggron|Heavy Slam|p2a: Sparta!
|-resisted|p2a: Sparta!
|-damage|p2a: Sparta!|331\/354
|
|-heal|p2a: Sparta!|353\/354|[from] item: Leftovers
|turn|9
|
|detailschange|p1a: Aggron|Aggron-Mega, F
|message|Aggron has Mega Evolved into Mega Aggron!
|move|p1a: Aggron|Stealth Rock|p2a: Sparta!
|-sidestart|p2: Bastian428|move: Stealth Rock
|move|p2a: Sparta!|Stealth Rock|p1a: Aggron
|-sidestart|p1: dudman|move: Stealth Rock
|
|-heal|p2a: Sparta!|354\/354|[from] item: Leftovers
|turn|10
|join|so dynamic
|
|switch|p1a: Chandelure|Chandelure, M|261\/261
|-damage|p1a: Chandelure|196\/261|[from] Stealth Rock
|move|p2a: Sparta!|Spikes|p1a: Chandelure
|-sidestart|p1: dudman|Spikes
|
|turn|11
|
|switch|p2a: BAEdra|Goodra, F, shiny|273\/384
|-damage|p2a: BAEdra|225\/384|[from] Stealth Rock
|move|p1a: Chandelure|Shadow Ball|p2a: BAEdra
|-damage|p2a: BAEdra|132\/384
|
|turn|12
|
|move|p1a: Chandelure|Shadow Ball|p2a: BAEdra
|-damage|p2a: BAEdra|35\/384
|-unboost|p2a: BAEdra|spd|1
|move|p2a: BAEdra|Dragon Pulse|p1a: Chandelure
|-damage|p1a: Chandelure|61\/261
|
|turn|13
|c| so dynamic|is that av goodra
|
|move|p1a: Chandelure|Shadow Ball|p2a: BAEdra
|-damage|p2a: BAEdra|0 fnt
|faint|p2a: BAEdra
|
|c|âdudman|yes
|c|âdudman|fukn annoying
|c| so dynamic|man
|c| so dynamic|that did a ton
|
|switch|p2a: Slap Yo Face|Mienshao, F, shiny|272\/272
|-damage|p2a: Slap Yo Face|255\/272|[from] Stealth Rock
|turn|14
|c| so dynamic|s ball that is
|
|move|p2a: Slap Yo Face|Knock Off|p1a: Chandelure
|-supereffective|p1a: Chandelure
|-damage|p1a: Chandelure|0 fnt
|-enditem|p1a: Chandelure|Choice Specs|[from] move: Knock Off|[of] p2a: Slap Yo Face
|faint|p1a: Chandelure
|
|join|Eyan
|
|switch|p1a: Aggron|Aggron-Mega, F|344\/344
|-damage|p1a: Aggron|323\/344|[from] Stealth Rock
|-damage|p1a: Aggron|280\/344|[from] Spikes
|turn|15
|leave|Eyan
|
|switch|p2a: Sparta!|Forretress, M|354\/354
|-damage|p2a: Sparta!|310\/354|[from] Stealth Rock
|switch|p1a: Nidoking|Nidoking, M|303\/303
|-damage|p1a: Nidoking|266\/303|[from] Spikes
|-damage|p1a: Nidoking|248\/303|[from] Stealth Rock
|
|-heal|p2a: Sparta!|332\/354|[from] item: Leftovers
|turn|16
|c| so dynamic|i feel like this eyan guy
|c| so dynamic|just always joins games im in and leaves like 5 secs in
|
|switch|p2a: My Aerodactyl Dont|Aerodactyl, M|302\/302
|-damage|p2a: My Aerodactyl Dont|227\/302|[from] Stealth Rock
|-ability|p2a: My Aerodactyl Dont|Pressure
|move|p1a: Nidoking|Earth Power|p2a: My Aerodactyl Dont
|-immune|p2a: My Aerodactyl Dont|[msg]
|
|turn|17
|
|switch|p1a: Aggron|Aggron-Mega, F|280\/344
|-damage|p1a: Aggron|237\/344|[from] Spikes
|-damage|p1a: Aggron|216\/344|[from] Stealth Rock
|detailschange|p2a: My Aerodactyl Dont|Aerodactyl-Mega, M
|message|Aerodactyl has Mega Evolved into Mega Aerodactyl!
|move|p2a: My Aerodactyl Dont|Earthquake|p1a: Aggron
|-supereffective|p1a: Aggron
|-damage|p1a: Aggron|123\/344
|
|turn|18
|
|switch|p2a: Sparta!|Forretress, M|332\/354
|-damage|p2a: Sparta!|288\/354|[from] Stealth Rock
|move|p1a: Aggron|Roar|p2a: Sparta!
|drag|p2a: Slap Yo Face|Mienshao, F, shiny|272\/272
|-damage|p2a: Slap Yo Face|255\/272|[from] Stealth Rock
|
|turn|19
|
|move|p2a: Slap Yo Face|High Jump Kick|p1a: Aggron
|-supereffective|p1a: Aggron
|-damage|p1a: Aggron|0 fnt
|faint|p1a: Aggron
|
|
|switch|p1a: Suicune|Suicune|296\/365
|-damage|p1a: Suicune|251\/365|[from] Stealth Rock
|-damage|p1a: Suicune|206\/365|[from] Spikes
|-ability|p1a: Suicune|Pressure
|turn|20
|
|switch|p2a: Sparta!|Forretress, M|288\/354
|-damage|p2a: Sparta!|244\/354|[from] Stealth Rock
|move|p1a: Suicune|Scald|p2a: Sparta!
|-crit|p2a: Sparta!
|-damage|p2a: Sparta!|0 fnt
|faint|p2a: Sparta!
|
|-heal|p1a: Suicune|228\/365|[from] item: Leftovers
|c|âdudman|hello
|c|âdudman|that worked against me
|
|switch|p2a: Derp|Quagsire, M|394\/394
|-damage|p2a: Derp|370\/394|[from] Stealth Rock
|turn|21
|
|move|p1a: Suicune|Scald|p2a: Derp
|-damage|p2a: Derp|202\/394
|move|p2a: Derp|Toxic|p1a: Suicune
|-status|p1a: Suicune|tox
|
|-heal|p1a: Suicune|250\/365 tox|[from] item: Leftovers
|-heal|p2a: Derp|226\/394|[from] item: Leftovers
|-damage|p1a: Suicune|228\/365 tox|[from] psn
|turn|22
|c| so dynamic|sub where
|
|move|p1a: Suicune|Scald|p2a: Derp
|-damage|p2a: Derp|66\/394
|move|p2a: Derp|Earthquake|p1a: Suicune
|-damage|p1a: Suicune|144\/365 tox
|
|-heal|p1a: Suicune|166\/365 tox|[from] item: Leftovers
|-heal|p2a: Derp|90\/394|[from] item: Leftovers
|-damage|p1a: Suicune|122\/365 tox|[from] psn
|turn|23
|c|âdudman|i already revealed it idk
|c| so dynamic|o
|
|move|p1a: Suicune|Scald|p2a: Derp
|-damage|p2a: Derp|0 fnt
|faint|p2a: Derp
|
|-heal|p1a: Suicune|144\/365 tox|[from] item: Leftovers
|-damage|p1a: Suicune|78\/365 tox|[from] psn
|
|switch|p2a: My Aerodactyl Dont|Aerodactyl-Mega, M|227\/302
|-damage|p2a: My Aerodactyl Dont|152\/302|[from] Stealth Rock
|turn|24
|
|move|p2a: My Aerodactyl Dont|Aerial Ace|p1a: Suicune
|-damage|p1a: Suicune|0 fnt
|faint|p1a: Suicune
|
|c| so dynamic|hey, what do u think of
|
|switch|p1a: Mienshao|Mienshao, F|271\/271
|-damage|p1a: Mienshao|255\/271|[from] Stealth Rock
|-damage|p1a: Mienshao|222\/271|[from] Spikes
|turn|25
|c| so dynamic|an offensive voltturn team with
|
|move|p1a: Mienshao|Knock Off|p2a: My Aerodactyl Dont
|-damage|p2a: My Aerodactyl Dont|59\/302
|move|p2a: My Aerodactyl Dont|Aerial Ace|p1a: Mienshao
|-supereffective|p1a: Mienshao
|-damage|p1a: Mienshao|0 fnt
|faint|p1a: Mienshao
|
|c| so dynamic|bp vape
|
|switch|p1a: Nidoking|Nidoking, M|248\/303
|-damage|p1a: Nidoking|230\/303|[from] Stealth Rock
|-damage|p1a: Nidoking|193\/303|[from] Spikes
|turn|26
|c|âdudman|try it
|c|âdudman|i don't like vape
|
|move|p1a: Nidoking|Sucker Punch|p2a: My Aerodactyl Dont
|-damage|p2a: My Aerodactyl Dont|0 fnt
|-damage|p1a: Nidoking|163\/303|[from] item: Life Orb
|faint|p2a: My Aerodactyl Dont
|
|
|switch|p2a: Slap Yo Face|Mienshao, F, shiny|272\/272
|-damage|p2a: Slap Yo Face|255\/272|[from] Stealth Rock
|turn|27
|
|move|p2a: Slap Yo Face|High Jump Kick|p1a: Nidoking
|-resisted|p1a: Nidoking
|-damage|p1a: Nidoking|31\/303
|move|p1a: Nidoking|Earth Power|p2a: Slap Yo Face
|-damage|p2a: Slap Yo Face|0 fnt
|faint|p2a: Slap Yo Face
|
|c|âdudman|scarf regen mienshao hello....
|c|âdudman|this is why you use reckless
|
|switch|p2a: Swinging By|Chandelure, F, shiny|291\/291
|-damage|p2a: Swinging By|219\/291|[from] Stealth Rock
|turn|28
|
|move|p1a: Nidoking|Earth Power|p2a: Swinging By
|-supereffective|p2a: Swinging By
|-damage|p2a: Swinging By|0 fnt
|faint|p2a: Swinging By
|
|win|dudman
|raw|Ladder updating...