|join|dudman
|join|Century Express
|player|p1|dudman|171
|player|p2|Century Express|216
|gametype|singles
|gen|6
|tier|UU
|rated
|rule|Sleep Clause Mod: Limit one foe put to sleep
|rule|Species Clause: Limit one of each PokÃ©mon
|rule|OHKO Clause: OHKO moves are banned
|rule|Moody Clause: Moody is banned
|rule|Evasion Moves Clause: Evasion moves are banned
|rule|Endless Battle Clause: Forcing endless battles is banned
|rule|HP Percentage Mod: HP is shown in percentages
|clearpoke
|poke|p1|Nidoking, M
|poke|p1|Suicune
|poke|p1|Mienshao, F
|poke|p1|Aggron, F
|poke|p1|Chandelure, M
|poke|p1|Whimsicott, F
|poke|p2|Alakazam, M
|poke|p2|Krookodile, M
|poke|p2|Crobat, M
|poke|p2|Infernape, M
|poke|p2|Celebi
|poke|p2|Vaporeon, M
|rule|Swagger Clause: Swagger is banned
|rule|Baton Pass Clause: Limit one PokÃ©mon knowing Baton Pass
|teampreview
|
|start
|switch|p1a: Aggron|Aggron, F|344\/344
|switch|p2a: Pinkerton|Celebi|341\/341
|turn|1
|
|detailschange|p1a: Aggron|Aggron-Mega, F
|message|Aggron has Mega Evolved into Mega Aggron!
|move|p2a: Pinkerton|Stealth Rock|p1a: Aggron
|-sidestart|p1: dudman|move: Stealth Rock
|move|p1a: Aggron|Stealth Rock|p2a: Pinkerton
|-sidestart|p2: Century Express|move: Stealth Rock
|
|turn|2
|join|DatLatias
|
|move|p2a: Pinkerton|Leaf Storm|p1a: Aggron
|-resisted|p1a: Aggron
|-damage|p1a: Aggron|209\/344
|-unboost|p2a: Pinkerton|spa|2
|-damage|p2a: Pinkerton|307\/341|[from] item: Life Orb
|move|p1a: Aggron|Heavy Slam|p2a: Pinkerton
|-damage|p2a: Pinkerton|112\/341
|
|turn|3
|
|switch|p2a: Atlantic|Vaporeon, M|464\/464
|-damage|p2a: Atlantic|406\/464|[from] Stealth Rock
|move|p1a: Aggron|Roar|p2a: Atlantic
|drag|p2a: Lanky Kong|Infernape, M|293\/293
|-damage|p2a: Lanky Kong|257\/293|[from] Stealth Rock
|
|turn|4
|
|move|p2a: Lanky Kong|U-turn|p1a: Aggron
|-resisted|p1a: Aggron
|-damage|p1a: Aggron|190\/344
|
|switch|p2a: Atlantic|Vaporeon, M|406\/464
|-damage|p2a: Atlantic|348\/464|[from] Stealth Rock
|move|p1a: Aggron|Earthquake|p2a: Atlantic
|-damage|p2a: Atlantic|170\/464
|
|-heal|p2a: Atlantic|199\/464|[from] item: Leftovers
|turn|5
|
|move|p1a: Aggron|Earthquake|p2a: Atlantic
|-damage|p2a: Atlantic|21\/464
|move|p2a: Atlantic|Scald|p1a: Aggron
|-damage|p1a: Aggron|82\/344
|
|-heal|p2a: Atlantic|50\/464|[from] item: Leftovers
|turn|6
|
|move|p2a: Atlantic|Protect|p2a: Atlantic
|-singleturn|p2a: Atlantic|Protect
|move|p1a: Aggron|Earthquake|p2a: Atlantic
|-activate|p2a: Atlantic|Protect
|
|-heal|p2a: Atlantic|79\/464|[from] item: Leftovers
|turn|7
|
|switch|p2a: Purple Haze|Crobat, M|324\/324
|-damage|p2a: Purple Haze|243\/324|[from] Stealth Rock
|move|p1a: Aggron|Earthquake|p2a: Purple Haze
|-immune|p2a: Purple Haze|[msg]
|
|turn|8
|
|move|p2a: Purple Haze|U-turn|p1a: Aggron
|-resisted|p1a: Aggron
|-damage|p1a: Aggron|66\/344
|c| DatLatias|>not heavy slam
|c|âdudman|lol
|c| DatLatias|step up nigga
|c|âdudman|sry bae
|
|switch|p2a: Kooks|Krookodile, M|329\/329
|-damage|p2a: Kooks|309\/329|[from] Stealth Rock
|-ability|p2a: Kooks|Intimidate|[of] p1a: Aggron
|-unboost|p1a: Aggron|atk|1
|move|p1a: Aggron|Heavy Slam|p2a: Kooks
|-crit|p2a: Kooks
|-damage|p2a: Kooks|0 fnt
|faint|p2a: Kooks
|
|c| DatLatias|these basic bitch plas
|
|switch|p2a: Lanky Kong|Infernape, M|257\/293
|-damage|p2a: Lanky Kong|221\/293|[from] Stealth Rock
|turn|9
|c| DatLatias|ok that made up for it
|
|move|p2a: Lanky Kong|U-turn|p1a: Aggron
|-resisted|p1a: Aggron
|-damage|p1a: Aggron|49\/344
|c| DatLatias|just
|c| DatLatias|fukn
|c|âdudman|catch this
|c| DatLatias|kill it
|
|switch|p2a: Atlantic|Vaporeon, M|79\/464
|-damage|p2a: Atlantic|21\/464|[from] Stealth Rock
|move|p1a: Aggron|Heavy Slam|p2a: Atlantic
|-resisted|p2a: Atlantic
|-damage|p2a: Atlantic|0 fnt
|faint|p2a: Atlantic
|
|
|switch|p2a: Lanky Kong|Infernape, M|221\/293
|-damage|p2a: Lanky Kong|185\/293|[from] Stealth Rock
|turn|10
|c| DatLatias|go to chandy
|c| DatLatias|if rael
|
|move|p2a: Lanky Kong|U-turn|p1a: Aggron
|-resisted|p1a: Aggron
|-damage|p1a: Aggron|30\/344
|c| DatLatias|l
|c| DatLatias|m
|
|switch|p2a: Pinkerton|Celebi|112\/341
|-damage|p2a: Pinkerton|70\/341|[from] Stealth Rock
|move|p1a: Aggron|Heavy Slam|p2a: Pinkerton
|-damage|p2a: Pinkerton|0 fnt
|faint|p2a: Pinkerton
|
|c| DatLatias|a
|c| DatLatias|o
|c| DatLatias|sack
|c| DatLatias|mor
|c| DatLatias|thing
|c| DatLatias|s
|c|âCentury Express|dat crit in Krok mattered, bg
|-message|Century Express forfeited.
|
|win|dudman
|raw|Ladder updating...
|raw|dudman's rating: 1623 &rarr; <strong>1638<\/strong><br \/>(+15 for winning)
|raw|Century Express's rating: 1539 &rarr; <strong>1523<\/strong><br \/>(-16 for losing)
|leave|Century Express
|player|p2
|c|âdudman|LOL
|c| DatLatias|ll
|c| DatLatias|implying
|c|âdudman|implying