|join|dudman
|join|the leprechaun
|player|p1|dudman|171
|player|p2|the leprechaun|253
|gametype|singles
|gen|6
|tier|UU
|rated
|rule|Sleep Clause Mod: Limit one foe put to sleep
|rule|Species Clause: Limit one of each PokÃ©mon
|rule|OHKO Clause: OHKO moves are banned
|rule|Moody Clause: Moody is banned
|rule|Evasion Moves Clause: Evasion moves are banned
|rule|Endless Battle Clause: Forcing endless battles is banned
|rule|HP Percentage Mod: HP is shown in percentages
|clearpoke
|poke|p1|Mienshao, M
|poke|p1|Krookodile, M
|poke|p1|Suicune
|poke|p1|Aggron, M
|poke|p1|Chandelure, F
|poke|p1|Whimsicott, M
|poke|p2|Kyurem
|poke|p2|Abomasnow, M
|poke|p2|Jirachi
|poke|p2|Swampert, F
|poke|p2|Crobat, F
|poke|p2|Alakazam, F
|rule|Swagger Clause: Swagger is banned
|rule|Baton Pass Clause: Limit one PokÃ©mon knowing Baton Pass
|teampreview
|
|start
|switch|p1a: Chandelure|Chandelure, F|261\/261
|switch|p2a: Crobat|Crobat, F|327\/327
|turn|1
|
|switch|p2a: Swampert|Swampert, F|404\/404
|move|p1a: Chandelure|Shadow Ball|p2a: Swampert
|-damage|p2a: Swampert|163\/404
|
|-heal|p2a: Swampert|188\/404|[from] item: Leftovers
|turn|2
|
|move|p1a: Chandelure|Shadow Ball|p2a: Swampert
|-damage|p2a: Swampert|0 fnt
|faint|p2a: Swampert
|
|
|switch|p2a: Kyurem|Kyurem|391\/391
|-ability|p2a: Kyurem|Pressure
|turn|3
|
|switch|p1a: Whimsicott|Whimsicott, M|261\/261
|move|p2a: Kyurem|Earth Power|p1a: Whimsicott
|-resisted|p1a: Whimsicott
|-damage|p1a: Whimsicott|167\/261
|-unboost|p1a: Whimsicott|spd|1
|-damage|p2a: Kyurem|352\/391|[from] item: Life Orb
|
|-heal|p1a: Whimsicott|183\/261|[from] item: Leftovers
|turn|4
|
|switch|p2a: Abomasnow|Abomasnow, M|384\/384
|-weather|Hail
|move|p1a: Whimsicott|U-turn|p2a: Abomasnow
|-supereffective|p2a: Abomasnow
|-damage|p2a: Abomasnow|292\/384
|
|switch|p1a: Chandelure|Chandelure, F|261\/261
|
|-weather|Hail|[upkeep]
|-damage|p1a: Chandelure|245\/261|[from] hail
|turn|5
|
|switch|p2a: Crobat|Crobat, F|327\/327
|move|p1a: Chandelure|Fire Blast|p2a: Crobat|[miss]
|-miss|p1a: Chandelure|p2a: Crobat
|
|-weather|Hail|[upkeep]
|-damage|p2a: Crobat|307\/327|[from] hail
|-damage|p1a: Chandelure|229\/261|[from] hail
|-heal|p2a: Crobat|327\/327|[from] item: Black Sludge
|turn|6
|
|switch|p1a: Aggron|Aggron, M|344\/344
|move|p2a: Crobat|Taunt|p1a: Aggron
|-start|p1a: Aggron|move: Taunt
|
|-weather|Hail|[upkeep]
|-damage|p2a: Crobat|307\/327|[from] hail
|-damage|p1a: Aggron|323\/344|[from] hail
|-heal|p2a: Crobat|327\/327|[from] item: Black Sludge
|turn|7
|
|switch|p2a: Jirachi|Jirachi|404\/404
|detailschange|p1a: Aggron|Aggron-Mega, M
|message|Aggron has Mega Evolved into Mega Aggron!
|move|p1a: Aggron|Earthquake|p2a: Jirachi
|-supereffective|p2a: Jirachi
|-damage|p2a: Jirachi|122\/404
|
|-weather|Hail|[upkeep]
|-damage|p2a: Jirachi|97\/404|[from] hail
|-damage|p1a: Aggron|302\/344|[from] hail
|-heal|p2a: Jirachi|122\/404|[from] item: Leftovers
|turn|8
|
|move|p2a: Jirachi|Fire Punch|p1a: Aggron
|-supereffective|p1a: Aggron
|-damage|p1a: Aggron|259\/344
|move|p1a: Aggron|Earthquake|p2a: Jirachi
|-supereffective|p2a: Jirachi
|-damage|p2a: Jirachi|0 fnt
|faint|p2a: Jirachi
|
|-weather|none
|
|switch|p2a: Kyurem|Kyurem|352\/391
|-ability|p2a: Kyurem|Pressure
|turn|9
|
|switch|p1a: Suicune|Suicune|367\/367
|-ability|p1a: Suicune|Pressure
|move|p2a: Kyurem|Earth Power|p1a: Suicune
|-damage|p1a: Suicune|228\/367
|-damage|p2a: Kyurem|313\/391|[from] item: Life Orb
|
|-heal|p1a: Suicune|250\/367|[from] item: Leftovers
|turn|10
|
|switch|p1a: Whimsicott|Whimsicott, M|183\/261
|move|p2a: Kyurem|Draco Meteor|p1a: Whimsicott
|-immune|p1a: Whimsicott|[msg]
|
|-heal|p1a: Whimsicott|199\/261|[from] item: Leftovers
|turn|11
|
|switch|p2a: Crobat|Crobat, F|327\/327
|move|p1a: Whimsicott|U-turn|p2a: Crobat
|-resisted|p2a: Crobat
|-damage|p2a: Crobat|316\/327
|
|switch|p1a: Aggron|Aggron-Mega, M|259\/344
|
|-heal|p2a: Crobat|327\/327|[from] item: Black Sludge
|turn|12
|
|move|p2a: Crobat|Taunt|p1a: Aggron
|-start|p1a: Aggron|move: Taunt
|move|p1a: Aggron|Heavy Slam|p2a: Crobat
|-damage|p2a: Crobat|38\/327
|
|-heal|p2a: Crobat|58\/327|[from] item: Black Sludge
|turn|13
|
|switch|p2a: Abomasnow|Abomasnow, M|292\/384
|-weather|Hail
|move|p1a: Aggron|Heavy Slam|p2a: Abomasnow
|-supereffective|p2a: Abomasnow
|-damage|p2a: Abomasnow|2\/384
|
|-weather|Hail|[upkeep]
|-damage|p1a: Aggron|238\/344|[from] hail
|turn|14
|
|detailschange|p2a: Abomasnow|Abomasnow-Mega, M
|message|Abomasnow has Mega Evolved into Mega Abomasnow!
|move|p1a: Aggron|Heavy Slam|p2a: Abomasnow
|-supereffective|p2a: Abomasnow
|-damage|p2a: Abomasnow|0 fnt
|faint|p2a: Abomasnow
|
|-weather|Hail|[upkeep]
|-damage|p1a: Aggron|217\/344|[from] hail
|-end|p1a: Aggron|move: Taunt
|
|switch|p2a: Kyurem|Kyurem|313\/391
|-ability|p2a: Kyurem|Pressure
|turn|15
|
|move|p2a: Kyurem|Blizzard|p1a: Aggron
|-resisted|p1a: Aggron
|-damage|p1a: Aggron|45\/344
|-damage|p2a: Kyurem|274\/391|[from] item: Life Orb
|move|p1a: Aggron|Heavy Slam|p2a: Kyurem
|-supereffective|p2a: Kyurem
|-damage|p2a: Kyurem|88\/391
|
|-weather|Hail|[upkeep]
|-damage|p1a: Aggron|24\/344|[from] hail
|turn|16
|
|move|p2a: Kyurem|Roost|p2a: Kyurem
|-heal|p2a: Kyurem|284\/391
|move|p1a: Aggron|Stealth Rock|p2a: Kyurem
|-sidestart|p2: the leprechaun|move: Stealth Rock
|
|-weather|Hail|[upkeep]
|-damage|p1a: Aggron|3\/344|[from] hail
|turn|17
|
|move|p2a: Kyurem|Roost|p2a: Kyurem
|-heal|p2a: Kyurem|391\/391
|move|p1a: Aggron|Heavy Slam|p2a: Kyurem
|-supereffective|p2a: Kyurem
|-damage|p2a: Kyurem|229\/391
|
|-weather|none
|turn|18
|
|move|p2a: Kyurem|Earth Power|p1a: Aggron
|-supereffective|p1a: Aggron
|-damage|p1a: Aggron|0 fnt
|-damage|p2a: Kyurem|190\/391|[from] item: Life Orb
|faint|p1a: Aggron
|
|
|switch|p1a: Whimsicott|Whimsicott, M|199\/261
|turn|19
|
|switch|p2a: Crobat|Crobat, F|58\/327
|-damage|p2a: Crobat|0 fnt|[from] Stealth Rock
|faint|p2a: Crobat
|move|p1a: Whimsicott|Moonblast|p2: Crobat|[notarget]
|-notarget
|
|-heal|p1a: Whimsicott|215\/261|[from] item: Leftovers
|
|switch|p2a: Alakazam|Alakazam, F|252\/252
|turn|20
|
|switch|p1a: Chandelure|Chandelure, F|229\/261
|move|p2a: Alakazam|Psyshock|p1a: Chandelure
|-damage|p1a: Chandelure|73\/261
|
|turn|21
|
|move|p2a: Alakazam|Psyshock|p1a: Chandelure
|-damage|p1a: Chandelure|0 fnt
|faint|p1a: Chandelure
|
|
|switch|p1a: Mienshao|Mienshao, M|271\/271
|turn|22
|
|switch|p2a: Kyurem|Kyurem|190\/391
|-damage|p2a: Kyurem|93\/391|[from] Stealth Rock
|-ability|p2a: Kyurem|Pressure
|move|p1a: Mienshao|U-turn|p2a: Kyurem
|-damage|p2a: Kyurem|3\/391
|
|switch|p1a: Whimsicott|Whimsicott, M|215\/261
|
|-heal|p1a: Whimsicott|231\/261|[from] item: Leftovers
|turn|23
|
|move|p1a: Whimsicott|Moonblast|p2a: Kyurem
|-supereffective|p2a: Kyurem
|-damage|p2a: Kyurem|0 fnt
|faint|p2a: Kyurem
|
|-heal|p1a: Whimsicott|247\/261|[from] item: Leftovers
|
|switch|p2a: Alakazam|Alakazam, F|252\/252
|turn|24
|
|move|p2a: Alakazam|Psyshock|p1a: Whimsicott
|-damage|p1a: Whimsicott|70\/261
|move|p1a: Whimsicott|Moonblast|p2a: Alakazam
|-damage|p2a: Alakazam|135\/252
|
|-heal|p1a: Whimsicott|86\/261|[from] item: Leftovers
|turn|25
|
|move|p2a: Alakazam|Psyshock|p1a: Whimsicott
|-damage|p1a: Whimsicott|0 fnt
|faint|p1a: Whimsicott
|
|
|switch|p1a: Mienshao|Mienshao, M|271\/271
|turn|26
|c|âdudman|gg
|
|move|p1a: Mienshao|U-turn|p2a: Alakazam
|-supereffective|p2a: Alakazam
|-damage|p2a: Alakazam|0 fnt
|faint|p2a: Alakazam
|
|win|dudman
|raw|Ladder updating...