|join|dudman
|join|R2DNG
|player|p1|dudman|171
|player|p2|R2DNG|101
|gametype|singles
|gen|6
|tier|UU
|rated
|rule|Sleep Clause Mod: Limit one foe put to sleep
|rule|Species Clause: Limit one of each PokÃ©mon
|rule|OHKO Clause: OHKO moves are banned
|rule|Moody Clause: Moody is banned
|rule|Evasion Moves Clause: Evasion moves are banned
|rule|Endless Battle Clause: Forcing endless battles is banned
|rule|HP Percentage Mod: HP is shown in percentages
|clearpoke
|poke|p1|Nidoking, M
|poke|p1|Suicune
|poke|p1|Mienshao, F
|poke|p1|Aggron, M
|poke|p1|Chandelure, M
|poke|p1|Whimsicott, F
|poke|p2|Roserade, F
|poke|p2|Suicune
|poke|p2|Jirachi
|poke|p2|Hydreigon, M
|poke|p2|Machamp, M
|poke|p2|Azelf
|rule|Swagger Clause: Swagger is banned
|rule|Baton Pass Clause: Limit one PokÃ©mon knowing Baton Pass
|teampreview
|c|âR2DNG|lol
|c|âR2DNG|t spikes cune
|c|âR2DNG|gl
|join|Bud Hertz
|
|start
|switch|p1a: Mienshao|Mienshao, F|271\/271
|switch|p2a: Hydreigon|Hydreigon, M|325\/325
|turn|1
|c|âdudman|hg
|c|âdudman|hf
|
|move|p2a: Hydreigon|Protect|p2a: Hydreigon
|-singleturn|p2a: Hydreigon|Protect
|move|p1a: Mienshao|U-turn|p2a: Hydreigon
|-activate|p2a: Hydreigon|Protect
|
|turn|2
|
|switch|p2a: Jirachi|Jirachi|341\/341
|move|p1a: Mienshao|U-turn|p2a: Jirachi
|-damage|p2a: Jirachi|254\/341
|
|switch|p1a: Aggron|Aggron, M|344\/344
|
|turn|3
|
|detailschange|p1a: Aggron|Aggron-Mega, M
|message|Aggron has Mega Evolved into Mega Aggron!
|move|p2a: Jirachi|U-turn|p1a: Aggron
|-resisted|p1a: Aggron
|-damage|p1a: Aggron|327\/344
|
|switch|p2a: Azelf|Azelf|291\/291
|move|p1a: Aggron|Stealth Rock|p2a: Azelf
|-sidestart|p2: R2DNG|move: Stealth Rock
|
|turn|4
|c|âdudman|if u fire blast i will be salt...
|
|move|p2a: Azelf|Stealth Rock|p1a: Aggron
|-sidestart|p1: dudman|move: Stealth Rock
|move|p1a: Aggron|Heavy Slam|p2a: Azelf
|-damage|p2a: Azelf|9\/291
|
|turn|5
|
|move|p2a: Azelf|Explosion|p1a: Aggron
|-resisted|p1a: Aggron
|-damage|p1a: Aggron|259\/344
|faint|p2a: Azelf
|move|p1a: Aggron|Roar|p2: Azelf|[notarget]
|-notarget
|
|
|switch|p2a: Roserade|Roserade, F|261\/261
|-damage|p2a: Roserade|229\/261|[from] Stealth Rock
|turn|6
|
|move|p2a: Roserade|Sleep Powder|p1a: Aggron
|-status|p1a: Aggron|slp
|cant|p1a: Aggron|slp
|
|turn|7
|
|switch|p2a: Suicune|Suicune|404\/404
|-damage|p2a: Suicune|354\/404|[from] Stealth Rock
|-ability|p2a: Suicune|Pressure
|switch|p1a: Chandelure|Chandelure, M|261\/261
|-damage|p1a: Chandelure|196\/261|[from] Stealth Rock
|
|-heal|p2a: Suicune|379\/404|[from] item: Leftovers
|turn|8
|
|move|p1a: Chandelure|Shadow Ball|p2a: Suicune
|-damage|p2a: Suicune|172\/404
|move|p2a: Suicune|Scald|p1a: Chandelure
|-supereffective|p1a: Chandelure
|-damage|p1a: Chandelure|0 fnt
|faint|p1a: Chandelure
|
|-heal|p2a: Suicune|197\/404|[from] item: Leftovers
|
|switch|p1a: Nidoking|Nidoking, M|303\/303
|-damage|p1a: Nidoking|285\/303|[from] Stealth Rock
|turn|9
|
|move|p1a: Nidoking|Earth Power|p2a: Suicune
|-damage|p2a: Suicune|14\/404
|move|p2a: Suicune|Scald|p1a: Nidoking
|-supereffective|p1a: Nidoking
|-damage|p1a: Nidoking|0 fnt
|faint|p1a: Nidoking
|
|-heal|p2a: Suicune|39\/404|[from] item: Leftovers
|c|âdudman|does this even kill
|c|âdudman|fuck
|
|switch|p1a: Suicune|Suicune|365\/365
|-damage|p1a: Suicune|320\/365|[from] Stealth Rock
|-ability|p1a: Suicune|Pressure
|turn|10
|c|âdudman|and
|c|âdudman|now i misclick
|c|âdudman|fuuuuuu
|
|move|p1a: Suicune|Scald|p2a: Suicune
|-resisted|p2a: Suicune
|-damage|p2a: Suicune|0 fnt
|faint|p2a: Suicune
|
|-heal|p1a: Suicune|342\/365|[from] item: Leftovers
|
|switch|p2a: Roserade|Roserade, F|229\/261
|-damage|p2a: Roserade|197\/261|[from] Stealth Rock
|turn|11
|
|switch|p1a: Aggron|Aggron-Mega, M|259\/344 slp
|-damage|p1a: Aggron|238\/344 slp|[from] Stealth Rock
|move|p2a: Roserade|Giga Drain|p1a: Aggron
|-resisted|p1a: Aggron
|-damage|p1a: Aggron|146\/344 slp
|-heal|p2a: Roserade|243\/261|[from] drain|[of] p1a: Aggron
|-damage|p2a: Roserade|217\/261|[from] item: Life Orb
|
|turn|12
|
|move|p2a: Roserade|Toxic Spikes|p1a: Aggron
|-sidestart|p1: dudman|move: Toxic Spikes
|-curestatus|p1a: Aggron|slp
|move|p1a: Aggron|Heavy Slam|p2a: Roserade
|-damage|p2a: Roserade|0 fnt
|faint|p2a: Roserade
|
|
|switch|p2a: Hydreigon|Hydreigon, M|325\/325
|-damage|p2a: Hydreigon|285\/325|[from] Stealth Rock
|turn|13
|
|move|p2a: Hydreigon|Dark Pulse|p1a: Aggron
|-damage|p1a: Aggron|0 fnt
|-damage|p2a: Hydreigon|253\/325|[from] item: Life Orb
|faint|p1a: Aggron
|
|
|switch|p1a: Whimsicott|Whimsicott, F|261\/261
|-status|p1a: Whimsicott|psn
|-damage|p1a: Whimsicott|229\/261 psn|[from] Stealth Rock
|turn|14
|
|switch|p2a: Jirachi|Jirachi|254\/341
|-damage|p2a: Jirachi|233\/341|[from] Stealth Rock
|move|p1a: Whimsicott|U-turn|p2a: Jirachi
|-damage|p2a: Jirachi|198\/341
|
|switch|p1a: Mienshao|Mienshao, F|271\/271
|-status|p1a: Mienshao|psn
|-damage|p1a: Mienshao|255\/271 psn|[from] Stealth Rock
|
|-damage|p1a: Mienshao|222\/271 psn|[from] psn
|turn|15
|
|move|p1a: Mienshao|High Jump Kick|p2a: Jirachi
|-damage|p2a: Jirachi|0 fnt
|faint|p2a: Jirachi
|
|-damage|p1a: Mienshao|189\/271 psn|[from] psn
|
|switch|p2a: Hydreigon|Hydreigon, M|253\/325
|-damage|p2a: Hydreigon|213\/325|[from] Stealth Rock
|turn|16
|
|switch|p2a: Machamp|Machamp, M|363\/363
|-damage|p2a: Machamp|341\/363|[from] Stealth Rock
|move|p1a: Mienshao|High Jump Kick|p2a: Machamp
|-damage|p2a: Machamp|28\/363
|
|-damage|p1a: Mienshao|156\/271 psn|[from] psn
|turn|17
|
|switch|p1a: Suicune|Suicune|342\/365
|-status|p1a: Suicune|psn
|-damage|p1a: Suicune|297\/365 psn|[from] Stealth Rock
|-ability|p1a: Suicune|Pressure
|move|p2a: Machamp|Bullet Punch|p1a: Suicune
|-resisted|p1a: Suicune
|-damage|p1a: Suicune|273\/365 psn
|
|-heal|p1a: Suicune|295\/365 psn|[from] item: Leftovers
|-damage|p1a: Suicune|250\/365 psn|[from] psn
|turn|18
|
|move|p1a: Suicune|Ice Beam|p2a: Machamp
|-damage|p2a: Machamp|0 fnt
|faint|p2a: Machamp
|
|-heal|p1a: Suicune|272\/365 psn|[from] item: Leftovers
|-damage|p1a: Suicune|227\/365 psn|[from] psn
|
|switch|p2a: Hydreigon|Hydreigon, M|213\/325
|-damage|p2a: Hydreigon|173\/325|[from] Stealth Rock
|turn|19
|c|âdudman|gg 
|c|âdudman|also who are you
|c|âR2DNG|no on3
|c|âR2DNG|one
|c|âdudman|ah
|
|move|p2a: Hydreigon|Draco Meteor|p1a: Suicune
|-damage|p1a: Suicune|0 fnt
|-unboost|p2a: Hydreigon|spa|2
|-damage|p2a: Hydreigon|141\/325|[from] item: Life Orb
|faint|p1a: Suicune
|
|join|xShiba
|
|switch|p1a: Whimsicott|Whimsicott, F|229\/261 psn
|-damage|p1a: Whimsicott|197\/261 psn|[from] Stealth Rock
|turn|20
|c|âR2DNG|shoulda kept the protect hydreigon secret
|c|âdudman|kek
|
|move|p1a: Whimsicott|Moonblast|p2a: Hydreigon
|-supereffective|p2a: Hydreigon
|-damage|p2a: Hydreigon|0 fnt
|faint|p2a: Hydreigon
|
|win|dudman
|raw|Ladder updating...
|c|âdudman|i almost went for hjk that turn..
|c|âdudman|gg.
|c|âR2DNG|gg
|leave|dudman
|player|p1
|leave|xShiba
|raw|Ladder (probably) updated, but score could not be retrieved (timeout).
|raw|Ladder (probably) updated, but score could not be retrieved (Error: socket hang up).
|leave|R2DNG
|player|p2
|join|Na4eHD
|leave|Na4eHD
|join|ZvZ
|leave|ZvZ
|join|dudman