|join|dudman
|join|Shaquillinite
|player|p1|dudman|171
|player|p2|Shaquillinite|289
|gametype|singles
|gen|6
|tier|UU
|rated
|rule|Sleep Clause Mod: Limit one foe put to sleep
|rule|Species Clause: Limit one of each PokÃ©mon
|rule|OHKO Clause: OHKO moves are banned
|rule|Moody Clause: Moody is banned
|rule|Evasion Moves Clause: Evasion moves are banned
|rule|Endless Battle Clause: Forcing endless battles is banned
|rule|HP Percentage Mod: HP is shown in percentages
|clearpoke
|poke|p1|Beedrill, F
|poke|p1|Magneton
|poke|p1|Hydreigon, F
|poke|p1|Swampert, M
|poke|p1|Virizion
|poke|p1|Crobat, M
|poke|p2|Hydreigon, M
|poke|p2|Forretress, M
|poke|p2|Arcanine, F
|poke|p2|Haxorus, M
|poke|p2|Blissey, F
|poke|p2|Blastoise, M
|rule|Swagger Clause: Swagger is banned
|rule|Baton Pass Clause: Limit one PokÃ©mon knowing Baton Pass
|teampreview
|
|start
|switch|p1a: Swampert|Swampert, M|401\/401
|switch|p2a: Haxorus|Haxorus, M|294\/294
|-ability|p2a: Haxorus|Mold Breaker
|turn|1
|
|move|p2a: Haxorus|Dragon Dance|p2a: Haxorus
|-boost|p2a: Haxorus|atk|1
|-boost|p2a: Haxorus|spe|1
|move|p1a: Swampert|Ice Beam|p2a: Haxorus
|-supereffective|p2a: Haxorus
|-damage|p2a: Haxorus|132\/294
|
|turn|2
|
|move|p2a: Haxorus|Dragon Claw|p1a: Swampert
|-damage|p1a: Swampert|226\/401
|move|p1a: Swampert|Ice Beam|p2a: Haxorus
|-supereffective|p2a: Haxorus
|-damage|p2a: Haxorus|0 fnt
|faint|p2a: Haxorus
|
|-heal|p1a: Swampert|251\/401|[from] item: Leftovers
|
|switch|p2a: Blastoise|Blastoise, M|362\/362
|turn|3
|
|switch|p1a: Magneton|Magneton|261\/261
|detailschange|p2a: Blastoise|Blastoise-Mega, M
|message|Blastoise has Mega Evolved into Mega Blastoise!
|move|p2a: Blastoise|Surf|p1a: Magneton
|-damage|p1a: Magneton|102\/261
|
|turn|4
|
|move|p1a: Magneton|Volt Switch|p2a: Blastoise
|-supereffective|p2a: Blastoise
|-damage|p2a: Blastoise|140\/362
|
|switch|p1a: Virizion|Virizion|323\/323
|move|p2a: Blastoise|Aura Sphere|p1a: Virizion
|-damage|p1a: Virizion|185\/323
|
|turn|5
|
|switch|p2a: Arcanine|Arcanine, F|384\/384
|-ability|p2a: Arcanine|Intimidate|[of] p1a: Virizion
|-unboost|p1a: Virizion|atk|1
|move|p1a: Virizion|Close Combat|p2a: Arcanine
|-damage|p2a: Arcanine|254\/384
|-unboost|p1a: Virizion|def|1
|-unboost|p1a: Virizion|spd|1
|
|-heal|p2a: Arcanine|278\/384|[from] item: Leftovers
|turn|6
|
|switch|p1a: Swampert|Swampert, M|251\/401
|move|p2a: Arcanine|Will-O-Wisp|p1a: Swampert
|-status|p1a: Swampert|brn
|
|-heal|p2a: Arcanine|302\/384|[from] item: Leftovers
|-heal|p1a: Swampert|276\/401 brn|[from] item: Leftovers
|-damage|p1a: Swampert|226\/401 brn|[from] brn
|turn|7
|
|switch|p2a: Blissey|Blissey, F|714\/714
|switch|p1a: Magneton|Magneton|102\/261
|
|turn|8
|
|move|p1a: Magneton|Volt Switch|p2a: Blissey
|-damage|p2a: Blissey|609\/714
|
|switch|p1a: Beedrill|Beedrill, F|271\/271
|move|p2a: Blissey|Wish|p2a: Blissey
|
|-heal|p2a: Blissey|653\/714|[from] item: Leftovers
|turn|9
|
|switch|p2a: Arcanine|Arcanine, F|302\/384
|-ability|p2a: Arcanine|Intimidate|[of] p1a: Beedrill
|-unboost|p1a: Beedrill|atk|1
|detailschange|p1a: Beedrill|Beedrill-Mega, F
|message|Beedrill has Mega Evolved into Mega Beedrill!
|move|p1a: Beedrill|U-turn|p2a: Arcanine
|-resisted|p2a: Arcanine
|-damage|p2a: Arcanine|227\/384
|
|switch|p1a: Swampert|Swampert, M|226\/401 brn
|
|-heal|p2a: Arcanine|384\/384|[from] move: Wish|[wisher] Blissey
|-heal|p1a: Swampert|251\/401 brn|[from] item: Leftovers
|-damage|p1a: Swampert|201\/401 brn|[from] brn
|turn|10
|
|move|p2a: Arcanine|Flare Blitz|p1a: Swampert
|-resisted|p1a: Swampert
|-damage|p1a: Swampert|121\/401 brn
|-damage|p2a: Arcanine|358\/384|[from] recoil|[of] p1a: Swampert
|move|p1a: Swampert|Stealth Rock|p2a: Arcanine
|-sidestart|p2: Shaquillinite|move: Stealth Rock
|
|-heal|p2a: Arcanine|382\/384|[from] item: Leftovers
|-heal|p1a: Swampert|146\/401 brn|[from] item: Leftovers
|-damage|p1a: Swampert|96\/401 brn|[from] brn
|turn|11
|
|move|p2a: Arcanine|Close Combat|p1a: Swampert
|-damage|p1a: Swampert|0 fnt
|-unboost|p2a: Arcanine|def|1
|-unboost|p2a: Arcanine|spd|1
|faint|p1a: Swampert
|
|-heal|p2a: Arcanine|384\/384|[from] item: Leftovers
|
|switch|p1a: Hydreigon|Hydreigon, F|325\/325
|turn|12
|
|switch|p2a: Blissey|Blissey, F|653\/714
|-damage|p2a: Blissey|564\/714|[from] Stealth Rock
|move|p1a: Hydreigon|U-turn|p2a: Blissey
|-damage|p2a: Blissey|453\/714
|
|switch|p1a: Virizion|Virizion|185\/323
|
|-heal|p2a: Blissey|497\/714|[from] item: Leftovers
|turn|13
|
|switch|p2a: Forretress|Forretress, M|352\/352
|-damage|p2a: Forretress|308\/352|[from] Stealth Rock
|move|p1a: Virizion|Swords Dance|p1a: Virizion
|-boost|p1a: Virizion|atk|2
|
|-heal|p2a: Forretress|330\/352|[from] item: Leftovers
|turn|14
|
|move|p1a: Virizion|Close Combat|p2a: Forretress
|-damage|p2a: Forretress|129\/352
|-unboost|p1a: Virizion|def|1
|-unboost|p1a: Virizion|spd|1
|move|p2a: Forretress|Gyro Ball|p1a: Virizion
|-damage|p1a: Virizion|0 fnt
|faint|p1a: Virizion
|
|-heal|p2a: Forretress|151\/352|[from] item: Leftovers
|
|switch|p1a: Magneton|Magneton|102\/261
|turn|15
|
|move|p1a: Magneton|Volt Switch|p2a: Forretress
|-damage|p2a: Forretress|0 fnt
|faint|p2a: Forretress
|
|switch|p1a: Hydreigon|Hydreigon, F|325\/325
|
|
|switch|p2a: Blissey|Blissey, F|497\/714
|-damage|p2a: Blissey|408\/714|[from] Stealth Rock
|turn|16
|
|move|p1a: Hydreigon|U-turn|p2a: Blissey
|-damage|p2a: Blissey|306\/714
|
|switch|p1a: Beedrill|Beedrill-Mega, F|271\/271
|move|p2a: Blissey|Wish|p2a: Blissey
|
|-heal|p2a: Blissey|350\/714|[from] item: Leftovers
|turn|17
|
|switch|p2a: Arcanine|Arcanine, F|384\/384
|-damage|p2a: Arcanine|288\/384|[from] Stealth Rock
|-ability|p2a: Arcanine|Intimidate|[of] p1a: Beedrill
|-unboost|p1a: Beedrill|atk|1
|move|p1a: Beedrill|U-turn|p2a: Arcanine
|-resisted|p2a: Arcanine
|-damage|p2a: Arcanine|214\/384
|
|switch|p1a: Magneton|Magneton|102\/261
|
|-heal|p2a: Arcanine|384\/384|[from] move: Wish|[wisher] Blissey
|turn|18
|
|move|p2a: Arcanine|Will-O-Wisp|p1a: Magneton
|-status|p1a: Magneton|brn
|move|p1a: Magneton|Thunderbolt|p2a: Arcanine
|-damage|p2a: Arcanine|192\/384
|
|-heal|p2a: Arcanine|216\/384|[from] item: Leftovers
|-damage|p1a: Magneton|70\/261 brn|[from] brn
|turn|19
|join|Cell in a Hell
|
|move|p2a: Arcanine|Morning Sun|p2a: Arcanine
|-heal|p2a: Arcanine|384\/384
|move|p1a: Magneton|Volt Switch|p2a: Arcanine
|-damage|p2a: Arcanine|237\/384
|
|switch|p1a: Hydreigon|Hydreigon, F|325\/325
|
|-heal|p2a: Arcanine|261\/384|[from] item: Leftovers
|turn|20
|
|move|p1a: Hydreigon|U-turn|p2a: Arcanine
|-crit|p2a: Arcanine
|-resisted|p2a: Arcanine
|-damage|p2a: Arcanine|208\/384
|
|switch|p1a: Magneton|Magneton|70\/261 brn
|move|p2a: Arcanine|Close Combat|p1a: Magneton
|-supereffective|p1a: Magneton
|-damage|p1a: Magneton|0 fnt
|-unboost|p2a: Arcanine|def|1
|-unboost|p2a: Arcanine|spd|1
|faint|p1a: Magneton
|
|-heal|p2a: Arcanine|232\/384|[from] item: Leftovers
|
|switch|p1a: Beedrill|Beedrill-Mega, F|271\/271
|turn|21
|
|switch|p2a: Blastoise|Blastoise-Mega, M|140\/362
|-damage|p2a: Blastoise|95\/362|[from] Stealth Rock
|move|p1a: Beedrill|Poison Jab|p2a: Blastoise
|-damage|p2a: Blastoise|0 fnt
|faint|p2a: Blastoise
|
|
|switch|p2a: Hydreigon|Hydreigon, M|325\/325
|-damage|p2a: Hydreigon|285\/325|[from] Stealth Rock
|turn|22
|
|switch|p1a: Hydreigon|Hydreigon, F|325\/325
|move|p2a: Hydreigon|Dragon Pulse|p1a: Hydreigon
|-supereffective|p1a: Hydreigon
|-damage|p1a: Hydreigon|0 fnt
|faint|p1a: Hydreigon
|
|
|switch|p1a: Beedrill|Beedrill-Mega, F|271\/271
|turn|23
|
|move|p2a: Hydreigon|Dragon Pulse|p1a: Beedrill
|-damage|p1a: Beedrill|75\/271
|move|p1a: Beedrill|U-turn|p2a: Hydreigon
|-supereffective|p2a: Hydreigon
|-damage|p2a: Hydreigon|0 fnt
|faint|p2a: Hydreigon
|
|switch|p1a: Crobat|Crobat, M|321\/321
|
|
|switch|p2a: Blissey|Blissey, F|350\/714
|-damage|p2a: Blissey|261\/714|[from] Stealth Rock
|turn|24
|
|move|p1a: Crobat|Taunt|p2a: Blissey
|-start|p2a: Blissey|move: Taunt
|cant|p2a: Blissey|move: Taunt|Wish
|
|-heal|p2a: Blissey|305\/714|[from] item: Leftovers
|turn|25
|
|move|p1a: Crobat|Brave Bird|p2a: Blissey
|-damage|p2a: Blissey|0 fnt
|-damage|p1a: Crobat|220\/321|[from] recoil|[of] p2a: Blissey
|faint|p2a: Blissey
|
|-heal|p1a: Crobat|240\/321|[from] item: Black Sludge
|
|switch|p2a: Arcanine|Arcanine, F|232\/384
|-damage|p2a: Arcanine|136\/384|[from] Stealth Rock
|-ability|p2a: Arcanine|Intimidate|[of] p1a: Crobat
|-unboost|p1a: Crobat|atk|1
|turn|26
|
|move|p1a: Crobat|Taunt|p2a: Arcanine
|-start|p2a: Arcanine|move: Taunt
|cant|p2a: Arcanine|move: Taunt|Morning Sun
|
|-heal|p1a: Crobat|260\/321|[from] item: Black Sludge
|-heal|p2a: Arcanine|160\/384|[from] item: Leftovers
|turn|27
|
|move|p1a: Crobat|Brave Bird|p2a: Arcanine
|-damage|p2a: Arcanine|19\/384
|-damage|p1a: Crobat|213\/321|[from] recoil|[of] p2a: Arcanine
|move|p2a: Arcanine|Flare Blitz|p1a: Crobat
|-damage|p1a: Crobat|0 fnt
|-damage|p2a: Arcanine|0 fnt|[from] recoil|[of] p1a: Crobat
|faint|p1a: Crobat
|faint|p2a: Arcanine
|
|win|dudman
|raw|Ladder updating...
|c|âdudman|gg