|join|dudman
|join|BossHonchkrow
|player|p1|dudman|171
|player|p2|BossHonchkrow|162
|gametype|singles
|gen|6
|tier|UU
|rated
|rule|Sleep Clause Mod: Limit one foe put to sleep
|rule|Species Clause: Limit one of each PokÃ©mon
|rule|OHKO Clause: OHKO moves are banned
|rule|Moody Clause: Moody is banned
|rule|Evasion Moves Clause: Evasion moves are banned
|rule|Endless Battle Clause: Forcing endless battles is banned
|rule|HP Percentage Mod: HP is shown in percentages
|clearpoke
|poke|p1|Mienshao, F
|poke|p1|Krookodile, F
|poke|p1|Suicune
|poke|p1|Aggron, M
|poke|p1|Chandelure, F
|poke|p1|Whimsicott, F
|poke|p2|Swampert, F
|poke|p2|Yanmega, F
|poke|p2|Ampharos, M
|poke|p2|Jirachi
|poke|p2|Togekiss, M
|poke|p2|Mienshao, F
|rule|Swagger Clause: Swagger is banned
|rule|Baton Pass Clause: Limit one PokÃ©mon knowing Baton Pass
|teampreview
|
|start
|switch|p1a: Whimsicott|Whimsicott, F|261\/261
|switch|p2a: Yanmega|Yanmega, F|313\/313
|turn|1
|
|move|p1a: Whimsicott|Moonblast|p2a: Yanmega
|-damage|p2a: Yanmega|111\/313
|move|p2a: Yanmega|Bug Buzz|p1a: Whimsicott
|-damage|p1a: Whimsicott|0 fnt
|faint|p1a: Whimsicott
|
|
|switch|p1a: Chandelure|Chandelure, F|261\/261
|turn|2
|
|move|p2a: Yanmega|Bug Buzz|p1a: Chandelure
|-resisted|p1a: Chandelure
|-damage|p1a: Chandelure|135\/261
|move|p1a: Chandelure|Shadow Ball|p2a: Yanmega
|-damage|p2a: Yanmega|0 fnt
|faint|p2a: Yanmega
|
|
|switch|p2a: Ampharos|Ampharos, M|373\/373
|turn|3
|
|detailschange|p2a: Ampharos|Ampharos-Mega, M
|message|Ampharos has Mega Evolved into Mega Ampharos!
|-ability|p2a: Ampharos|Mold Breaker
|move|p1a: Chandelure|Shadow Ball|p2a: Ampharos
|-damage|p2a: Ampharos|160\/373
|move|p2a: Ampharos|Dragon Pulse|p1a: Chandelure
|-damage|p1a: Chandelure|0 fnt
|faint|p1a: Chandelure
|
|
|switch|p1a: Aggron|Aggron, M|344\/344
|turn|4
|
|switch|p2a: Swampert|Swampert, F|403\/403
|detailschange|p1a: Aggron|Aggron-Mega, M
|message|Aggron has Mega Evolved into Mega Aggron!
|move|p1a: Aggron|Earthquake|p2a: Swampert
|-crit|p2a: Swampert
|-damage|p2a: Swampert|203\/403
|
|-heal|p2a: Swampert|228\/403|[from] item: Leftovers
|turn|5
|
|move|p1a: Aggron|Stealth Rock|p2a: Swampert
|-sidestart|p2: BossHonchkrow|move: Stealth Rock
|move|p2a: Swampert|Stealth Rock|p1a: Aggron
|-sidestart|p1: dudman|move: Stealth Rock
|
|-heal|p2a: Swampert|253\/403|[from] item: Leftovers
|turn|6
|
|switch|p1a: Suicune|Suicune|367\/367
|-damage|p1a: Suicune|322\/367|[from] Stealth Rock
|-ability|p1a: Suicune|Pressure
|move|p2a: Swampert|Earthquake|p1a: Suicune
|-damage|p1a: Suicune|208\/367
|
|-heal|p1a: Suicune|230\/367|[from] item: Leftovers
|-heal|p2a: Swampert|278\/403|[from] item: Leftovers
|turn|7
|
|switch|p2a: Ampharos|Ampharos-Mega, M|160\/373
|-damage|p2a: Ampharos|114\/373|[from] Stealth Rock
|-ability|p2a: Ampharos|Mold Breaker
|move|p1a: Suicune|Scald|p2a: Ampharos
|-resisted|p2a: Ampharos
|-damage|p2a: Ampharos|57\/373
|
|-heal|p1a: Suicune|252\/367|[from] item: Leftovers
|turn|8
|
|move|p1a: Suicune|Ice Beam|p2a: Ampharos
|-supereffective|p2a: Ampharos
|-damage|p2a: Ampharos|0 fnt
|faint|p2a: Ampharos
|
|-heal|p1a: Suicune|274\/367|[from] item: Leftovers
|
|switch|p2a: Swampert|Swampert, F|278\/403
|-damage|p2a: Swampert|253\/403|[from] Stealth Rock
|turn|9
|
|switch|p1a: Krookodile|Krookodile, F|331\/331
|-damage|p1a: Krookodile|311\/331|[from] Stealth Rock
|-ability|p1a: Krookodile|Intimidate|[of] p2a: Swampert
|-unboost|p2a: Swampert|atk|1
|move|p2a: Swampert|Toxic|p1a: Krookodile
|-status|p1a: Krookodile|tox
|
|-heal|p2a: Swampert|278\/403|[from] item: Leftovers
|-damage|p1a: Krookodile|291\/331 tox|[from] psn
|turn|10
|
|move|p1a: Krookodile|Knock Off|p2a: Swampert
|-damage|p2a: Swampert|77\/403
|-enditem|p2a: Swampert|Leftovers|[from] move: Knock Off|[of] p1a: Krookodile
|move|p2a: Swampert|Scald|p1a: Krookodile
|-supereffective|p1a: Krookodile
|-damage|p1a: Krookodile|0 fnt
|faint|p1a: Krookodile
|
|
|switch|p1a: Suicune|Suicune|274\/367
|-damage|p1a: Suicune|229\/367|[from] Stealth Rock
|-ability|p1a: Suicune|Pressure
|turn|11
|
|move|p1a: Suicune|Scald|p2a: Swampert
|-damage|p2a: Swampert|0 fnt
|faint|p2a: Swampert
|
|-heal|p1a: Suicune|251\/367|[from] item: Leftovers
|
|switch|p2a: Mienshao|Mienshao, F|271\/271
|-damage|p2a: Mienshao|255\/271|[from] Stealth Rock
|turn|12
|
|move|p2a: Mienshao|High Jump Kick|p1a: Suicune
|-damage|p1a: Suicune|29\/367
|move|p1a: Suicune|Scald|p2a: Mienshao
|-damage|p2a: Mienshao|80\/271
|-status|p2a: Mienshao|brn
|
|-heal|p1a: Suicune|51\/367|[from] item: Leftovers
|-damage|p2a: Mienshao|47\/271 brn|[from] brn
|turn|13
|
|move|p2a: Mienshao|High Jump Kick|p1a: Suicune
|-damage|p1a: Suicune|0 fnt
|faint|p1a: Suicune
|
|-damage|p2a: Mienshao|14\/271 brn|[from] brn
|
|switch|p1a: Mienshao|Mienshao, F|271\/271
|-damage|p1a: Mienshao|255\/271|[from] Stealth Rock
|turn|14
|
|move|p2a: Mienshao|High Jump Kick|p1a: Mienshao
|-damage|p1a: Mienshao|38\/271
|move|p1a: Mienshao|U-turn|p2a: Mienshao
|-resisted|p2a: Mienshao
|-damage|p2a: Mienshao|0 fnt
|faint|p2a: Mienshao
|
|switch|p1a: Aggron|Aggron-Mega, M|344\/344
|-damage|p1a: Aggron|323\/344|[from] Stealth Rock
|
|
|switch|p2a: Togekiss|Togekiss, M|373\/373
|-damage|p2a: Togekiss|280\/373|[from] Stealth Rock
|turn|15
|
|move|p2a: Togekiss|Thunder Wave|p1a: Aggron
|-status|p1a: Aggron|par
|cant|p1a: Aggron|par
|
|-heal|p2a: Togekiss|303\/373|[from] item: Leftovers
|turn|16
|
|move|p2a: Togekiss|Air Slash|p1a: Aggron
|-resisted|p1a: Aggron
|-damage|p1a: Aggron|260\/344 par
|cant|p1a: Aggron|par
|
|-heal|p2a: Togekiss|326\/373|[from] item: Leftovers
|turn|17
|
|move|p2a: Togekiss|Air Slash|p1a: Aggron
|-resisted|p1a: Aggron
|-damage|p1a: Aggron|203\/344 par
|cant|p1a: Aggron|flinch
|
|-heal|p2a: Togekiss|349\/373|[from] item: Leftovers
|turn|18
|
|move|p2a: Togekiss|Air Slash|p1a: Aggron|[miss]
|-miss|p2a: Togekiss|p1a: Aggron
|move|p1a: Aggron|Heavy Slam|p2a: Togekiss
|-supereffective|p2a: Togekiss
|-damage|p2a: Togekiss|0 fnt
|faint|p2a: Togekiss
|
|
|switch|p2a: Jirachi|Jirachi|404\/404
|-damage|p2a: Jirachi|379\/404|[from] Stealth Rock
|turn|19
|
|move|p2a: Jirachi|Iron Head|p1a: Aggron
|-resisted|p1a: Aggron
|-damage|p1a: Aggron|181\/344 par
|cant|p1a: Aggron|flinch
|
|-heal|p2a: Jirachi|404\/404|[from] item: Leftovers
|turn|20
|
|move|p2a: Jirachi|Iron Head|p1a: Aggron
|-resisted|p1a: Aggron
|-damage|p1a: Aggron|156\/344 par
|cant|p1a: Aggron|par
|
|turn|21
|
|move|p2a: Jirachi|Iron Head|p1a: Aggron
|-resisted|p1a: Aggron
|-damage|p1a: Aggron|131\/344 par
|move|p1a: Aggron|Earthquake|p2a: Jirachi
|-crit|p2a: Jirachi
|-supereffective|p2a: Jirachi
|-damage|p2a: Jirachi|0 fnt
|faint|p2a: Jirachi
|
|win|dudman
|raw|Ladder updating...
|raw|dudman's rating: 1716 &rarr; <strong>1722<\/strong><br \/>(+6 for winning)
|raw|BossHonchkrow's rating: 1439 &rarr; <strong>1432<\/strong><br \/>(-7 for losing)
|leave|BossHonchkrow
|player|p2