|join|dudman
|join|kunz even1
|player|p1|dudman|171
|player|p2|kunz even1|2
|gametype|singles
|gen|6
|tier|UU
|rated
|rule|Sleep Clause Mod: Limit one foe put to sleep
|rule|Species Clause: Limit one of each PokÃ©mon
|rule|OHKO Clause: OHKO moves are banned
|rule|Moody Clause: Moody is banned
|rule|Evasion Moves Clause: Evasion moves are banned
|rule|Endless Battle Clause: Forcing endless battles is banned
|rule|HP Percentage Mod: HP is shown in percentages
|clearpoke
|poke|p1|Nidoking, M
|poke|p1|Suicune
|poke|p1|Mienshao, F
|poke|p1|Aggron, F
|poke|p1|Chandelure, F
|poke|p1|Whimsicott, M
|poke|p2|Liepard, M
|poke|p2|Kabutops, F
|poke|p2|Ludicolo, F
|poke|p2|Poliwrath, F
|poke|p2|Seismitoad, M
|poke|p2|Electrode
|rule|Swagger Clause: Swagger is banned
|rule|Baton Pass Clause: Limit one PokÃ©mon knowing Baton Pass
|teampreview
|
|start
|switch|p1a: Nidoking|Nidoking, M|303\/303
|switch|p2a: Liepard|Liepard, M|332\/332
|turn|1
|c|âkunz even1|gl hf
|
|move|p2a: Liepard|Rain Dance|p2a: Liepard
|-weather|RainDance
|move|p1a: Nidoking|Toxic Spikes|p2a: Liepard
|-sidestart|p2: kunz even1|move: Toxic Spikes
|
|-weather|RainDance|[upkeep]
|turn|2
|
|move|p2a: Liepard|U-turn|p1a: Nidoking
|-resisted|p1a: Nidoking
|-damage|p1a: Nidoking|270\/303
|
|switch|p2a: Poliwrath|Poliwrath, F|322\/322
|-status|p2a: Poliwrath|psn
|move|p1a: Nidoking|Earth Power|p2a: Poliwrath
|-crit|p2a: Poliwrath
|-damage|p2a: Poliwrath|0 fnt
|faint|p2a: Poliwrath
|
|-weather|RainDance|[upkeep]
|
|switch|p2a: Kabutops|Kabutops, F|262\/262
|-status|p2a: Kabutops|psn
|turn|3
|
|move|p2a: Kabutops|Waterfall|p1a: Nidoking
|-supereffective|p1a: Nidoking
|-damage|p1a: Nidoking|0 fnt
|-damage|p2a: Kabutops|236\/262 psn|[from] item: Life Orb
|faint|p1a: Nidoking
|
|-weather|RainDance|[upkeep]
|-damage|p2a: Kabutops|204\/262 psn|[from] psn
|
|switch|p1a: Suicune|Suicune|365\/365
|-ability|p1a: Suicune|Pressure
|turn|4
|
|move|p2a: Kabutops|Stone Edge|p1a: Suicune
|-damage|p1a: Suicune|170\/365
|-damage|p2a: Kabutops|178\/262 psn|[from] item: Life Orb
|move|p1a: Suicune|Scald|p2a: Kabutops
|-damage|p2a: Kabutops|0 fnt
|faint|p2a: Kabutops
|
|-weather|RainDance|[upkeep]
|-heal|p1a: Suicune|192\/365|[from] item: Leftovers
|
|switch|p2a: Ludicolo|Ludicolo, F|302\/302
|-status|p2a: Ludicolo|psn
|turn|5
|
|switch|p1a: Whimsicott|Whimsicott, M|261\/261
|move|p2a: Ludicolo|Giga Drain|p1a: Whimsicott
|-resisted|p1a: Whimsicott
|-damage|p1a: Whimsicott|171\/261
|-damage|p2a: Ludicolo|272\/302 psn|[from] item: Life Orb
|
|-weather|RainDance|[upkeep]
|-heal|p1a: Whimsicott|187\/261|[from] item: Leftovers
|-damage|p2a: Ludicolo|235\/302 psn|[from] psn
|turn|6
|
|move|p1a: Whimsicott|Encore|p2a: Ludicolo
|-start|p2a: Ludicolo|Encore
|move|p2a: Ludicolo|Giga Drain|p1a: Whimsicott
|-crit|p1a: Whimsicott
|-resisted|p1a: Whimsicott
|-damage|p1a: Whimsicott|52\/261
|-heal|p2a: Ludicolo|302\/302 psn|[from] drain|[of] p1a: Whimsicott
|-damage|p2a: Ludicolo|272\/302 psn|[from] item: Life Orb
|
|-weather|RainDance|[upkeep]
|-heal|p1a: Whimsicott|68\/261|[from] item: Leftovers
|-damage|p2a: Ludicolo|235\/302 psn|[from] psn
|turn|7
|
|switch|p1a: Chandelure|Chandelure, F|261\/261
|move|p2a: Ludicolo|Giga Drain|p1a: Chandelure
|-resisted|p1a: Chandelure
|-damage|p1a: Chandelure|179\/261
|-heal|p2a: Ludicolo|276\/302 psn|[from] drain|[of] p1a: Chandelure
|-damage|p2a: Ludicolo|246\/302 psn|[from] item: Life Orb
|
|-weather|RainDance|[upkeep]
|-damage|p2a: Ludicolo|209\/302 psn|[from] psn
|turn|8
|
|move|p2a: Ludicolo|Giga Drain|p1a: Chandelure
|-resisted|p1a: Chandelure
|-damage|p1a: Chandelure|97\/261
|-heal|p2a: Ludicolo|250\/302 psn|[from] drain|[of] p1a: Chandelure
|-damage|p2a: Ludicolo|220\/302 psn|[from] item: Life Orb
|move|p1a: Chandelure|Shadow Ball|p2a: Ludicolo
|-damage|p2a: Ludicolo|7\/302 psn
|
|-weather|none
|-damage|p2a: Ludicolo|0 fnt|[from] psn
|faint|p2a: Ludicolo
|
|switch|p2a: Liepard|Liepard, M|332\/332
|-status|p2a: Liepard|psn
|turn|9
|
|switch|p1a: Whimsicott|Whimsicott, M|68\/261
|move|p2a: Liepard|Knock Off|p1a: Whimsicott
|-crit|p1a: Whimsicott
|-resisted|p1a: Whimsicott
|-damage|p1a: Whimsicott|0 fnt
|-enditem|p1a: Whimsicott|Leftovers|[from] move: Knock Off|[of] p2a: Liepard
|faint|p1a: Whimsicott
|
|-damage|p2a: Liepard|291\/332 psn|[from] psn
|
|switch|p1a: Aggron|Aggron, F|344\/344
|turn|10
|
|detailschange|p1a: Aggron|Aggron-Mega, F
|message|Aggron has Mega Evolved into Mega Aggron!
|move|p2a: Liepard|Rain Dance|p2a: Liepard
|-weather|RainDance
|move|p1a: Aggron|Heavy Slam|p2a: Liepard
|-crit|p2a: Liepard
|-damage|p2a: Liepard|0 fnt
|faint|p2a: Liepard
|
|-weather|RainDance|[upkeep]
|
|switch|p2a: Seismitoad|Seismitoad, M|351\/351
|-status|p2a: Seismitoad|psn
|turn|11
|
|switch|p1a: Suicune|Suicune|192\/365
|-ability|p1a: Suicune|Pressure
|move|p2a: Seismitoad|Earth Power|p1a: Suicune
|-crit|p1a: Suicune
|-damage|p1a: Suicune|0 fnt
|-damage|p2a: Seismitoad|316\/351 psn|[from] item: Life Orb
|faint|p1a: Suicune
|
|-weather|RainDance|[upkeep]
|-damage|p2a: Seismitoad|273\/351 psn|[from] psn
|
|switch|p1a: Mienshao|Mienshao, F|271\/271
|turn|12
|
|move|p1a: Mienshao|High Jump Kick|p2a: Seismitoad
|-damage|p2a: Seismitoad|0 fnt
|faint|p2a: Seismitoad
|
|-weather|RainDance|[upkeep]
|
|switch|p2a: Electrode|Electrode|324\/324
|-status|p2a: Electrode|psn
|turn|13
|
|move|p1a: Mienshao|High Jump Kick|p2a: Electrode
|-damage|p2a: Electrode|0 fnt
|faint|p2a: Electrode
|
|win|dudman
|raw|Ladder updating...
|raw|dudman's rating: 1653 &rarr; <strong>1660<\/strong><br \/>(+7 for winning)
|raw|kunz even1's rating: 1384 &rarr; <strong>1377<\/strong><br \/>(-7 for losing)
|leave|kunz even1
|player|p2