|join|King UU
|join|dudman
|player|p1|King UU|22
|player|p2|dudman|171
|gametype|singles
|gen|6
|tier|UU
|rated
|rule|Sleep Clause Mod: Limit one foe put to sleep
|rule|Species Clause: Limit one of each PokÃ©mon
|rule|OHKO Clause: OHKO moves are banned
|rule|Moody Clause: Moody is banned
|rule|Evasion Moves Clause: Evasion moves are banned
|rule|Endless Battle Clause: Forcing endless battles is banned
|rule|HP Percentage Mod: HP is shown in percentages
|clearpoke
|poke|p1|Yanmega, F
|poke|p1|Krookodile, M
|poke|p1|Machamp, F
|poke|p1|Jirachi
|poke|p1|Vaporeon, M
|poke|p1|Aerodactyl, F
|poke|p2|Zygarde
|poke|p2|Suicune
|poke|p2|Mienshao, F
|poke|p2|Aggron, F
|poke|p2|Chandelure, M
|poke|p2|Whimsicott, F
|rule|Swagger Clause: Swagger is banned
|rule|Baton Pass Clause: Limit one PokÃ©mon knowing Baton Pass
|teampreview
|join|bleve
|
|start
|switch|p1a: Aerodactyl|Aerodactyl, F|361\/361
|switch|p2a: Aggron|Aggron, F|323\/323
|-ability|p1a: Aerodactyl|Pressure
|turn|1
|join|wivers
|
|detailschange|p1a: Aerodactyl|Aerodactyl-Mega, F
|message|Aerodactyl has Mega Evolved into Mega Aerodactyl!
|detailschange|p2a: Aggron|Aggron-Mega, F
|message|Aggron has Mega Evolved into Mega Aggron!
|move|p1a: Aerodactyl|Stealth Rock|p2a: Aggron
|-sidestart|p2: dudman|move: Stealth Rock
|move|p2a: Aggron|Heavy Slam|p1a: Aerodactyl
|-supereffective|p1a: Aerodactyl
|-damage|p1a: Aerodactyl|0 fnt
|faint|p1a: Aerodactyl
|
|
|switch|p1a: Krookodile|Krookodile, M|383\/383
|-ability|p1a: Krookodile|Intimidate|[of] p2a: Aggron
|-unboost|p2a: Aggron|atk|1
|turn|2
|
|switch|p2a: Whimsicott|Whimsicott, F|261\/261
|-damage|p2a: Whimsicott|229\/261|[from] Stealth Rock
|move|p1a: Krookodile|Taunt|p2a: Whimsicott
|-start|p2a: Whimsicott|move: Taunt
|
|-heal|p2a: Whimsicott|245\/261|[from] item: Leftovers
|turn|3
|
|move|p2a: Whimsicott|Moonblast|p1a: Krookodile
|-supereffective|p1a: Krookodile
|-damage|p1a: Krookodile|47\/383
|-unboost|p1a: Krookodile|spa|1
|move|p1a: Krookodile|Taunt|p2a: Whimsicott
|-fail|p2a: Whimsicott
|
|-heal|p2a: Whimsicott|261\/261|[from] item: Leftovers
|-heal|p1a: Krookodile|70\/383|[from] item: Leftovers
|turn|4
|
|switch|p1a: Jirachi|Jirachi|341\/341
|move|p2a: Whimsicott|U-turn|p1a: Jirachi
|-damage|p1a: Jirachi|307\/341
|
|switch|p2a: Aggron|Aggron-Mega, F|323\/323
|-damage|p2a: Aggron|303\/323|[from] Stealth Rock
|
|turn|5
|
|move|p1a: Jirachi|U-turn|p2a: Aggron
|-resisted|p2a: Aggron
|-damage|p2a: Aggron|286\/323
|
|switch|p1a: Krookodile|Krookodile, M|70\/383
|-ability|p1a: Krookodile|Intimidate|[of] p2a: Aggron
|-unboost|p2a: Aggron|atk|1
|move|p2a: Aggron|Stealth Rock|p1a: Krookodile
|-sidestart|p1: King UU|move: Stealth Rock
|
|-heal|p1a: Krookodile|93\/383|[from] item: Leftovers
|turn|6
|
|switch|p2a: Whimsicott|Whimsicott, F|261\/261
|-damage|p2a: Whimsicott|229\/261|[from] Stealth Rock
|move|p1a: Krookodile|Earthquake|p2a: Whimsicott
|-crit|p2a: Whimsicott
|-resisted|p2a: Whimsicott
|-damage|p2a: Whimsicott|93\/261
|
|-heal|p2a: Whimsicott|109\/261|[from] item: Leftovers
|-heal|p1a: Krookodile|116\/383|[from] item: Leftovers
|turn|7
|
|move|p2a: Whimsicott|Giga Drain|p1a: Krookodile
|-supereffective|p1a: Krookodile
|-damage|p1a: Krookodile|0 fnt
|-heal|p2a: Whimsicott|167\/261|[from] drain|[of] p1a: Krookodile
|faint|p1a: Krookodile
|
|-heal|p2a: Whimsicott|183\/261|[from] item: Leftovers
|
|switch|p1a: Jirachi|Jirachi|307\/341
|-damage|p1a: Jirachi|286\/341|[from] Stealth Rock
|turn|8
|
|move|p1a: Jirachi|U-turn|p2a: Whimsicott
|-damage|p2a: Whimsicott|108\/261
|
|switch|p1a: Vaporeon|Vaporeon, M|464\/464
|-damage|p1a: Vaporeon|406\/464|[from] Stealth Rock
|move|p2a: Whimsicott|U-turn|p1a: Vaporeon
|-damage|p1a: Vaporeon|367\/464
|
|switch|p2a: Zygarde|Zygarde|358\/358
|-damage|p2a: Zygarde|336\/358|[from] Stealth Rock
|-ability|p2a: Zygarde|Aura Break
|
|-heal|p1a: Vaporeon|396\/464|[from] item: Leftovers
|turn|9
|
|move|p2a: Zygarde|Dragon Dance|p2a: Zygarde
|-boost|p2a: Zygarde|atk|1
|-boost|p2a: Zygarde|spe|1
|move|p1a: Vaporeon|Scald|p2a: Zygarde
|-damage|p2a: Zygarde|221\/358
|
|-heal|p1a: Vaporeon|425\/464|[from] item: Leftovers
|turn|10
|
|move|p2a: Zygarde|Earthquake|p1a: Vaporeon
|-damage|p1a: Vaporeon|142\/464
|move|p1a: Vaporeon|Scald|p2a: Zygarde
|-damage|p2a: Zygarde|104\/358
|
|-heal|p1a: Vaporeon|171\/464|[from] item: Leftovers
|turn|11
|
|move|p2a: Zygarde|Earthquake|p1a: Vaporeon
|-damage|p1a: Vaporeon|0 fnt
|faint|p1a: Vaporeon
|
|
|switch|p1a: Yanmega|Yanmega, F|313\/313
|-damage|p1a: Yanmega|157\/313|[from] Stealth Rock
|turn|12
|
|move|p2a: Zygarde|Outrage|p1a: Yanmega
|-damage|p1a: Yanmega|0 fnt
|faint|p1a: Yanmega
|
|
|switch|p1a: Jirachi|Jirachi|286\/341
|-damage|p1a: Jirachi|265\/341|[from] Stealth Rock
|turn|13
|
|move|p1a: Jirachi|Iron Head|p2a: Zygarde
|-damage|p2a: Zygarde|0 fnt
|faint|p2a: Zygarde
|
|c|âKing UU|hmmm
|
|switch|p2a: Suicune|Suicune|367\/367
|-damage|p2a: Suicune|322\/367|[from] Stealth Rock
|-ability|p2a: Suicune|Pressure
|turn|14
|
|switch|p1a: Machamp|Machamp, F|321\/321
|-damage|p1a: Machamp|301\/321|[from] Stealth Rock
|move|p2a: Suicune|Substitute|p2a: Suicune
|-start|p2a: Suicune|Substitute
|-damage|p2a: Suicune|231\/367
|
|-heal|p2a: Suicune|253\/367|[from] item: Leftovers
|-status|p1a: Machamp|tox|[from] item: Toxic Orb
|turn|15
|
|move|p2a: Suicune|Scald|p1a: Machamp
|-damage|p1a: Machamp|168\/321 tox
|move|p1a: Machamp|Knock Off|p2a: Suicune
|-end|p2a: Suicune|Substitute
|
|-heal|p2a: Suicune|275\/367|[from] item: Leftovers
|-damage|p1a: Machamp|148\/321 tox|[from] psn
|turn|16
|
|move|p2a: Suicune|Substitute|p2a: Suicune
|-start|p2a: Suicune|Substitute
|-damage|p2a: Suicune|184\/367
|move|p1a: Machamp|Close Combat|p2a: Suicune
|-end|p2a: Suicune|Substitute
|-unboost|p1a: Machamp|def|1
|-unboost|p1a: Machamp|spd|1
|
|-heal|p2a: Suicune|206\/367|[from] item: Leftovers
|-damage|p1a: Machamp|108\/321 tox|[from] psn
|turn|17
|c|âKing UU|are you willing
|c|âKing UU|to send me a paste of your team
|c|âKing UU|I love it
|c|âdudman|sure
|c|âKing UU|:)
|c| bleve|killurself
|
|move|p2a: Suicune|Scald|p1a: Machamp
|-damage|p1a: Machamp|0 fnt
|faint|p1a: Machamp
|
|-heal|p2a: Suicune|228\/367|[from] item: Leftovers
|
|switch|p1a: Jirachi|Jirachi|265\/341
|-damage|p1a: Jirachi|244\/341|[from] Stealth Rock
|turn|18
|c|âKing UU|1000 flinch
|c|âKing UU|die
|
|move|p1a: Jirachi|Zen Headbutt|p2a: Suicune
|-damage|p2a: Suicune|128\/367
|move|p2a: Suicune|Substitute|p2a: Suicune
|-start|p2a: Suicune|Substitute
|-damage|p2a: Suicune|37\/367
|
|-heal|p2a: Suicune|59\/367|[from] item: Leftovers
|turn|19
|c|âdudman|o that breaks lol
|
|move|p1a: Jirachi|Zen Headbutt|p2a: Suicune
|-end|p2a: Suicune|Substitute
|move|p2a: Suicune|Scald|p1a: Jirachi
|-damage|p1a: Jirachi|124\/341
|
|-heal|p2a: Suicune|81\/367|[from] item: Leftovers
|turn|20
|c|âKing UU|!
|c|âKing UU|DETH
|
|move|p1a: Jirachi|Zen Headbutt|p2a: Suicune
|-damage|p2a: Suicune|0 fnt
|faint|p2a: Suicune
|
|
|switch|p2a: Mienshao|Mienshao, F|271\/271
|-damage|p2a: Mienshao|255\/271|[from] Stealth Rock
|turn|21
|c|âKing UU|1\/5
|c|âKing UU|ok
|c|âKing UU|ok
|c|âKing UU|use
|c|âKing UU|HJK
|c|âKing UU|?
|leave|wivers
|c|âKing UU|?
|c|âKing UU|???
|c|âdudman|ok
|c|âKing UU|:(
|c|âKing UU|:)
|
|move|p2a: Mienshao|High Jump Kick|p1a: Jirachi
|-damage|p1a: Jirachi|0 fnt
|faint|p1a: Jirachi
|
|win|dudman
|raw|Ladder updating...
|c|âKing UU|aw
|c|âKing UU|hax
|c|âKing UU|@
|raw|King UU's rating: 1732 &rarr; <strong>1708<\/strong><br \/>(-24 for losing)
|raw|dudman's rating: 1665 &rarr; <strong>1689<\/strong><br \/>(+24 for winning)
|c|âdudman|gg
|leave|bleve
|c|âKing UU|gg