|join|dudman
|join|GoldDiggersby
|player|p1|dudman|171
|player|p2|GoldDiggersby|34
|gametype|singles
|gen|6
|tier|UU
|rule|Sleep Clause Mod: Limit one foe put to sleep
|rule|Species Clause: Limit one of each PokÃ©mon
|rule|OHKO Clause: OHKO moves are banned
|rule|Moody Clause: Moody is banned
|rule|Evasion Moves Clause: Evasion moves are banned
|rule|Endless Battle Clause: Forcing endless battles is banned
|rule|HP Percentage Mod: HP is shown in percentages
|clearpoke
|poke|p1|Suicune
|poke|p1|Zygarde
|poke|p1|Jirachi
|poke|p1|Aggron, M
|poke|p1|Roserade, F
|poke|p1|Chandelure, F
|poke|p2|Delphox, F
|poke|p2|Lucario, F
|poke|p2|Whimsicott, M
|poke|p2|Swampert, M
|poke|p2|Rotom-Heat
|poke|p2|Blastoise, M
|rule|Swagger Clause: Swagger is banned
|rule|Baton Pass Clause: Limit one PokÃ©mon knowing Baton Pass
|teampreview
|join|so dynamic
|join|BenzMafia
|c|âGoldDiggersby|hi
|join|Duskt70
|join|BurstStream
|
|start
|switch|p1a: Chandelure|Chandelure, F|261\/261
|switch|p2a: Easy-Bake|Rotom-Heat|303\/303
|turn|1
|c|âGoldDiggersby|stop being a hoe, say hi to me
|join|Eat Pie
|
|move|p1a: Chandelure|Shadow Ball|p2a: Easy-Bake
|-damage|p2a: Easy-Bake|83\/303
|move|p2a: Easy-Bake|Volt Switch|p1a: Chandelure
|-damage|p1a: Chandelure|170\/261
|join|fun > winning
|c|âdudman|hi
|c|âGoldDiggersby|ty
|join|SleepLadder2
|join|hairy toenail
|
|switch|p2a: Mozilla|Delphox, F|291\/291
|
|turn|2
|
|switch|p1a: Suicune|Suicune|404\/404
|-ability|p1a: Suicune|Pressure
|move|p2a: Mozilla|Overheat|p1a: Suicune
|-resisted|p1a: Suicune
|-damage|p1a: Suicune|254\/404
|-unboost|p2a: Mozilla|spa|2
|
|-heal|p1a: Suicune|279\/404|[from] item: Leftovers
|turn|3
|
|switch|p2a: Whimsicock|Whimsicott, M|323\/323
|switch|p1a: Chandelure|Chandelure, F|170\/261
|
|turn|4
|join|Truth In Lies
|
|move|p2a: Whimsicock|Stun Spore|p1a: Chandelure
|-status|p1a: Chandelure|par
|cant|p1a: Chandelure|par
|
|turn|5
|c|âdudman|gay
|leave|Eat Pie
|c| so dynamic|good player
|c|âGoldDiggersby|i love you
|c| so dynamic|he predicted that
|c|âdudman|totaly
|
|move|p2a: Whimsicock|U-turn|p1a: Chandelure
|-resisted|p1a: Chandelure
|-damage|p1a: Chandelure|161\/261 par
|
|switch|p2a: Hot Loads|Blastoise, M|357\/357
|cant|p1a: Chandelure|par
|
|turn|6
|c|âdudman|see
|c| so dynamic|and that
|c|âdudman|this si why i don't say hi to nigggers
|c|âGoldDiggersby|its called talent
|c| so dynamic|ure just bad
|c| so dynamic|dod
|join|Philz
|
|switch|p1a: Roserade|Roserade, F|261\/261
|detailschange|p2a: Hot Loads|Blastoise-Mega, M
|message|Blastoise has Mega Evolved into Mega Blastoise!
|move|p2a: Hot Loads|Dragon Pulse|p1a: Roserade
|-damage|p1a: Roserade|93\/261
|
|turn|7
|c| Philz|dudman
|c| Philz|u filthy mudblood
|join|Cranham
|
|switch|p2a: Easy-Bake|Rotom-Heat|83\/303
|move|p1a: Roserade|Giga Drain|p2a: Easy-Bake
|-resisted|p2a: Easy-Bake
|-damage|p2a: Easy-Bake|4\/303
|-heal|p1a: Roserade|133\/261|[from] drain|[of] p2a: Easy-Bake
|-damage|p1a: Roserade|107\/261|[from] item: Life Orb
|
|-heal|p2a: Easy-Bake|22\/303|[from] item: Leftovers
|turn|8
|c|âdudman|i can't believe that just happened lmao
|join|Eat Pie
|leave|Cranham
|c|âGoldDiggersby|git gud
|
|move|p1a: Roserade|Giga Drain|p2a: Easy-Bake
|-resisted|p2a: Easy-Bake
|-damage|p2a: Easy-Bake|0 fnt
|-heal|p1a: Roserade|118\/261|[from] drain|[of] p2a: Easy-Bake
|-damage|p1a: Roserade|92\/261|[from] item: Life Orb
|faint|p2a: Easy-Bake
|
|
|switch|p2a: Mozilla|Delphox, F|291\/291
|turn|9
|c| Philz|lo takes more hp then recovered using giga drain
|c| Philz|nb
|
|switch|p1a: Suicune|Suicune|279\/404
|-ability|p1a: Suicune|Pressure
|move|p2a: Mozilla|Psyshock|p1a: Suicune
|-damage|p1a: Suicune|92\/404
|
|-heal|p1a: Suicune|117\/404|[from] item: Leftovers
|turn|10
|c| Philz|ooouf
|c| Duskt70|nice switchin
|
|switch|p1a: Jirachi|Jirachi|341\/341
|move|p2a: Mozilla|Psyshock|p1a: Jirachi
|-resisted|p1a: Jirachi
|-damage|p1a: Jirachi|293\/341
|
|turn|11
|
|switch|p2a: iPerty|Swampert, M|404\/404
|move|p1a: Jirachi|U-turn|p2a: iPerty
|-damage|p2a: iPerty|352\/404
|
|switch|p1a: Roserade|Roserade, F|92\/261
|
|-heal|p2a: iPerty|377\/404|[from] item: Leftovers
|turn|12
|
|move|p1a: Roserade|Giga Drain|p2a: iPerty
|-supereffective|p2a: iPerty
|-damage|p2a: iPerty|0 fnt
|-heal|p1a: Roserade|261\/261|[from] drain|[of] p2a: iPerty
|-damage|p1a: Roserade|235\/261|[from] item: Life Orb
|faint|p2a: iPerty
|
|c| Philz|ded
|c| Philz|as
|c| Philz|hell
|c|âdudman|dear god you're bad
|c|âGoldDiggersby|dont be mean to me
|
|switch|p2a: Mozilla|Delphox, F|291\/291
|turn|13
|c| so dynamic|psyshock here
|
|switch|p1a: Suicune|Suicune|117\/404
|-ability|p1a: Suicune|Pressure
|move|p2a: Mozilla|Overheat|p1a: Suicune
|-resisted|p1a: Suicune
|-damage|p1a: Suicune|0 fnt
|-unboost|p2a: Mozilla|spa|2
|faint|p1a: Suicune
|
|
|switch|p1a: Zygarde|Zygarde|358\/358
|-ability|p1a: Zygarde|Aura Break
|turn|14
|c| so dynamic|o wait doesnt even matter
|
|switch|p2a: Whimsicock|Whimsicott, M|323\/323
|switch|p1a: Jirachi|Jirachi|293\/341
|
|turn|15
|leave|Truth In Lies
|
|move|p2a: Whimsicock|Stun Spore|p1a: Jirachi
|-status|p1a: Jirachi|par
|move|p1a: Jirachi|Healing Wish|p1a: Jirachi
|faint|p1a: Jirachi
|
|
|switch|p1a: Chandelure|Chandelure, F|161\/261 par
|-heal|p1a: Chandelure|261\/261|[from] move: Healing Wish
|turn|16
|c| Philz|oooo
|join|MrAldoPls
|join|dracklor
|c| Duskt70|!
|c| MrAldoPls|ZYGGY
|join|Roffler
|leave|Roffler
|
|switch|p1a: Roserade|Roserade, F|235\/261
|move|p2a: Whimsicock|Stun Spore|p1a: Roserade
|-fail|p1a: Roserade
|
|turn|17
|c|âdudman|rof
|
|switch|p2a: Mozilla|Delphox, F|291\/291
|move|p1a: Roserade|Sludge Bomb|p2a: Mozilla
|-damage|p2a: Mozilla|99\/291
|-status|p2a: Mozilla|psn
|-damage|p1a: Roserade|209\/261|[from] item: Life Orb
|
|-damage|p2a: Mozilla|63\/291 psn|[from] psn
|turn|18
|
|switch|p1a: Aggron|Aggron, M|323\/323
|move|p2a: Mozilla|Switcheroo|p1a: Aggron
|-fail|p1a: Aggron
|
|-damage|p2a: Mozilla|27\/291 psn|[from] psn
|turn|19
|
|switch|p2a: Hot Loads|Blastoise-Mega, M|357\/357
|detailschange|p1a: Aggron|Aggron-Mega, M
|message|Aggron has Mega Evolved into Mega Aggron!
|move|p1a: Aggron|Stealth Rock|p2a: Hot Loads
|-sidestart|p2: GoldDiggersby|move: Stealth Rock
|
|turn|20
|c| so dynamic|all these reads
|c| BurstStream|The Plays
|leave|Philz
|
|move|p2a: Hot Loads|Dragon Pulse|p1a: Aggron
|-resisted|p1a: Aggron
|-damage|p1a: Aggron|229\/323
|move|p1a: Aggron|Toxic|p2a: Hot Loads
|-status|p2a: Hot Loads|tox
|
|-damage|p2a: Hot Loads|335\/357 tox|[from] psn
|turn|21
|join|Eyan
|
|move|p2a: Hot Loads|Rapid Spin|p1a: Aggron
|-resisted|p1a: Aggron
|-damage|p1a: Aggron|226\/323
|-sideend|p2: GoldDiggersby|Stealth Rock|[from] move: Rapid Spin|[of] p2a: Hot Loads
|move|p1a: Aggron|Earthquake|p2a: Hot Loads
|-damage|p2a: Hot Loads|222\/357 tox
|
|-damage|p2a: Hot Loads|178\/357 tox|[from] psn
|turn|22
|
|move|p2a: Hot Loads|Hydro Pump|p1a: Aggron
|-damage|p1a: Aggron|0 fnt
|faint|p1a: Aggron
|
|-damage|p2a: Hot Loads|112\/357 tox|[from] psn
|
|switch|p1a: Roserade|Roserade, F|209\/261
|turn|23
|
|move|p1a: Roserade|Giga Drain|p2a: Hot Loads
|-supereffective|p2a: Hot Loads
|-damage|p2a: Hot Loads|0 fnt
|-heal|p1a: Roserade|261\/261|[from] drain|[of] p2a: Hot Loads
|-damage|p1a: Roserade|235\/261|[from] item: Life Orb
|faint|p2a: Hot Loads
|
|c| Duskt70|oof
|join|freitasof
|
|switch|p2a: Mozilla|Delphox, F|27\/291 psn
|turn|24
|leave|freitasof
|
|switch|p1a: Zygarde|Zygarde|358\/358
|-ability|p1a: Zygarde|Aura Break
|move|p2a: Mozilla|Psyshock|p1a: Zygarde
|-crit|p1a: Zygarde
|-damage|p1a: Zygarde|129\/358
|
|-damage|p2a: Mozilla|0 fnt|[from] psn
|faint|p2a: Mozilla
|join|veludwig
|
|switch|p2a: Whimsicock|Whimsicott, M|323\/323
|turn|25
|
|move|p1a: Zygarde|Earthquake|p2a: Whimsicock
|-resisted|p2a: Whimsicock
|-damage|p2a: Whimsicock|256\/323
|move|p2a: Whimsicock|U-turn|p1a: Zygarde
|-damage|p1a: Zygarde|97\/358
|c|âdudman|>slow
|
|switch|p2a: I Am Your Father|Lucario, F|281\/281
|
|turn|26
|
|switch|p2a: Whimsicock|Whimsicott, M|256\/323
|move|p1a: Zygarde|Earthquake|p2a: Whimsicock
|-resisted|p2a: Whimsicock
|-damage|p2a: Whimsicock|193\/323
|
|-heal|p2a: Whimsicock|213\/323|[from] item: Leftovers
|turn|27
|
|move|p2a: Whimsicock|Leech Seed|p1a: Zygarde
|-start|p1a: Zygarde|move: Leech Seed
|move|p1a: Zygarde|Dragon Dance|p1a: Zygarde
|-boost|p1a: Zygarde|atk|1
|-boost|p1a: Zygarde|spe|1
|
|-heal|p2a: Whimsicock|233\/323|[from] item: Leftovers
|-damage|p1a: Zygarde|53\/358|[from] Leech Seed|[of] p2a: Whimsicock
|-heal|p2a: Whimsicock|277\/323|[silent]
|turn|28
|c| so dynamic|stun spore
|c| so dynamic|leech seed
|c| so dynamic|whims
|c| Duskt70|u turn
|
|move|p1a: Zygarde|Extreme Speed|p2a: Whimsicock
|-damage|p2a: Whimsicock|167\/323
|move|p2a: Whimsicock|Encore|p1a: Zygarde
|-start|p1a: Zygarde|Encore
|
|-heal|p2a: Whimsicock|187\/323|[from] item: Leftovers
|-damage|p1a: Zygarde|9\/358|[from] Leech Seed|[of] p2a: Whimsicock
|-heal|p2a: Whimsicock|231\/323|[silent]
|turn|29
|
|move|p1a: Zygarde|Extreme Speed|p2a: Whimsicock
|-damage|p2a: Whimsicock|120\/323
|move|p2a: Whimsicock|U-turn|p1a: Zygarde
|-damage|p1a: Zygarde|0 fnt
|faint|p1a: Zygarde
|
|switch|p2a: I Am Your Father|Lucario, F|281\/281
|
|c| so dynamic|jolly eq here
|
|switch|p1a: Chandelure|Chandelure, F|261\/261
|turn|30
|
|move|p2a: I Am Your Father|Iron Tail|p1a: Chandelure
|-resisted|p1a: Chandelure
|-damage|p1a: Chandelure|152\/261
|-damage|p2a: I Am Your Father|253\/281|[from] item: Life Orb
|move|p1a: Chandelure|Shadow Ball|p2a: I Am Your Father
|-damage|p2a: I Am Your Father|0 fnt
|faint|p2a: I Am Your Father
|
|
|switch|p2a: Whimsicock|Whimsicott, M|120\/323
|turn|31
|join|Magma Admin~
|
|move|p2a: Whimsicock|Stun Spore|p1a: Chandelure|[miss]
|-miss|p2a: Whimsicock|p1a: Chandelure
|move|p1a: Chandelure|Shadow Ball|p2a: Whimsicock
|-damage|p2a: Whimsicock|0 fnt
|faint|p2a: Whimsicock
|
|win|dudman
|leave|dudman
|player|p1
|c|âGoldDiggersby|gg
|leave|SleepLadder2
|leave|Magma Admin~
|leave|GoldDiggersby
|player|p2
|leave|fun > winning
|leave|so dynamic
|leave|BurstStream
|leave|hairy toenail
|leave|BenzMafia
|leave|Duskt70
|leave|dracklor
|leave|veludwig
|leave|Eat Pie